<mjloggm ver="2.3"><GO type="169" lobby="0"/><UN n0="%74%61%6E%61%4B%61" n1="%63%6C%75%74%63%68%37%33" n2="%59%54%39%38%39%39" n3="%73%74%61%72%E6%98%9F%E8%BE%B0" dan="17,17,17,16" rate="2144.13,2227.61,2215.62,2096.63" sx="M,M,M,M"/><TAIKYOKU oya="0"/><INIT seed="0,0,0,2,1,43" ten="250,250,250,250" oya="0" hai0="50,29,108,30,90,59,53,99,84,8,96,22,13" hai1="115,65,61,122,64,55,75,123,116,79,40,129,51" hai2="107,47,20,63,26,45,38,132,118,32,34,19,44" hai3="69,11,4,15,56,93,14,105,5,102,7,31,87"/><T1/><D1/><U117/><E75/><V81/><F38/><W97/><G69/><T133/><D133/><U0/><E0/><V74/><F107/><W46/><G56/><T101/><D108/><U71/><E79/><V12/><F118/><N who="1" m="45673" /><E129/><V111/><F111/><W112/><G112/><T16/><D8/><U94/><E94/><V57/><F132/><W27/><G15/><T121/><D121/><N who="1" m="46091" /><E65/><V49/><F49/><W110/><G110/><T52/><D53/><U2/><E2/><V18/><F81/><W113/><G113/><T98/><D101/><U130/><E130/><V41/><F41/><W72/><G72/><T6/><D6/><U95/><E95/><AGARI ba="0,0" hai="13,16,22,29,30,50,52,59,84,90,95,96,98,99" machi="95" ten="40,12000,1" yaku="25,2,8,1,54,2" doraHai="43" who="0" fromWho="1" sc="250,120,250,-120,250,0,250,0" /><INIT seed="0,1,0,2,2,91" ten="370,130,250,250" oya="0" hai0="105,68,133,5,69,47,122,55,74,23,40,71,17" hai1="10,13,93,132,128,27,22,77,39,66,108,90,119" hai2="16,70,35,1,102,43,103,41,11,83,88,53,36" hai3="30,26,98,31,127,124,62,130,95,123,82,21,75"/><T9/><D105/><U111/><E119/><V42/><F35/><W59/><G130/><T65/><D122/><U37/><E128/><V85/><F70/><W14/><G14/><T72/><D55/><U107/><E107/><V110/><F36/><W92/><G123/><T96/><D65/><U109/><E77/><V115/><F115/><W50/><G50/><T24/><D96/><U135/><E66/><V116/><F110/><W104/><G31/><T33/><D133/><N who="1" m="51275" /><E22/><V131/><F131/><W60/><G60/><T51/><REACH who="0" step="1"/><D33/><REACH who="0" ten="360,130,250,250" step="2"/><U81/><E81/><V38/><F116/><W80/><G104/><T129/><D129/><U7/><E27/><V45/><F38/><W3/><G98/><AGARI ba="1,1" hai="7,10,13,37,39,90,93,98,108,109,111" m="51275" machi="98" ten="40,5200,0" yaku="14,1,20,1,52,1" doraHai="91" who="1" fromWho="3" sc="360,0,130,65,250,0,250,-55" /><INIT seed="1,0,0,5,3,129" ten="360,195,250,195" oya="1" hai0="113,77,43,80,4,9,51,101,114,79,120,112,2" hai1="134,36,135,71,86,8,85,67,59,118,133,89,68" hai2="38,130,47,5,33,121,14,1,30,16,24,94,104" hai3="132,3,50,42,15,31,128,100,66,13,12,10,37"/><U108/><E36/><V0/><F104/><W127/><G37/><T63/><D120/><U55/><E118/><V119/><F121/><W111/><G128/><T106/><D106/><U88/><E108/><V87/><F130/><W97/><G111/><T75/><D101/><U52/><E8/><V39/><F119/><W102/><G127/><T49/><D79/><U72/><E72/><V46/><F39/><W125/><G125/><T96/><D96/><U54/><E59/><V29/><F29/><W82/><G31/><T58/><REACH who="0" step="1"/><D43/><REACH who="0" ten="350,195,250,195" step="2"/><U131/><E131/><V70/><F87/><N who="1" m="33289" /><E67/><AGARI ba="0,1" hai="2,4,9,49,51,58,63,67,75,77,80,112,113,114" machi="67" ten="40,1300,0" yaku="1,1,53,0" doraHai="129" doraHaiUra="126" who="0" fromWho="1" sc="350,23,195,-13,250,0,195,0" /><INIT seed="2,0,0,1,4,123" ten="373,182,250,195" oya="2" hai0="23,2,46,85,18,115,67,65,51,135,74,11,81" hai1="126,7,78,120,57,5,42,104,6,22,12,0,63" hai2="75,134,87,62,34,31,100,38,124,4,43,16,76" hai3="118,110,128,77,21,28,48,60,17,66,107,117,32"/><V49/><F4/><W37/><G37/><T41/><D74/><U112/><E120/><V80/><F38/><W122/><G122/><T114/><D135/><U86/><E104/><V29/><F34/><W64/><G128/><T25/><D115/><U61/><E112/><V56/><F124/><W119/><G107/><T79/><D114/><U92/><E0/><V35/><F35/><W10/><G77/><T133/><D133/><U33/><E33/><V89/><F100/><W44/><G10/><T102/><D102/><U84/><E42/><V103/><F103/><W127/><G127/><T36/><D36/><U98/><E126/><V73/><F73/><W1/><G1/><T125/><D125/><U54/><E63/><V13/><F134/><W95/><G95/><T121/><D121/><U19/><REACH who="1" step="1"/><E78/><REACH who="1" ten="373,172,250,195" step="2"/><V82/><F43/><W130/><G32/><T99/><D2/><U72/><E72/><V106/><F106/><W131/><G60/><T53/><D41/><U40/><E40/><V105/><F105/><W58/><G130/><T14/><REACH who="0" step="1"/><D99/><REACH who="0" ten="363,172,250,195" step="2"/><U68/><E68/><V96/><F96/><W91/><G131/><T111/><D111/><U39/><E39/><V113/><F113/><W94/><G110/><T8/><D8/><U50/><E50/><V55/><REACH who="2" step="1"/><F49/><REACH who="2" ten="363,172,240,195" step="2"/><W3/><G48/><T97/><D97/><U70/><E70/><V45/><F45/><W101/><G44/><T47/><D47/><U69/><E69/><V52/><F52/><W59/><G117/><T27/><D27/><U9/><E9/><AGARI ba="0,3" hai="9,13,16,29,31,55,56,62,75,76,80,82,87,89" machi="9" ten="30,5800,0" yaku="1,1,7,1,54,1,53,0" doraHai="123" doraHaiUra="88" who="2" fromWho="1" sc="363,0,172,-58,240,88,195,0" /><INIT seed="2,1,0,0,1,124" ten="363,114,328,195" oya="2" hai0="91,87,100,94,56,115,47,40,109,26,121,67,134" hai1="58,21,19,5,61,79,41,89,9,25,103,117,131" hai2="105,52,36,128,96,49,16,132,71,84,110,68,7" hai3="23,44,59,88,97,54,27,35,133,63,29,11,129"/><V108/><F36/><W20/><G133/><T82/><D121/><U13/><E117/><V81/><F7/><W48/><G129/><T102/><D115/><U3/><E103/><N who="2" m="62695" /><F128/><W106/><G11/><T10/><D109/><N who="2" m="42090" /><F132/><W123/><G106/><T46/><D134/><U53/><E41/><V15/><F84/><W80/><G123/><T122/><D122/><U6/><E131/><V8/><F81/><W76/><G97/><N who="0" m="59447" /><D102/><U57/><E3/><V98/><F98/><W112/><G112/><T78/><D78/><U107/><E79/><V92/><F92/><W66/><REACH who="3" step="1"/><G88/><REACH who="3" ten="363,114,328,185" step="2"/><T83/><D91/><U116/><E107/><V62/><F62/><W55/><G55/><T85/><D40/><U104/><E104/><V70/><F70/><W75/><AGARI ba="1,1" hai="20,23,27,29,35,44,48,54,59,63,66,75,76,80" machi="75" ten="20,2700,0" yaku="1,1,0,1,7,1,53,0" doraHai="124" doraHaiUra="14" who="3" fromWho="3" sc="363,-8,114,-8,328,-14,185,40" /><INIT seed="3,0,0,4,3,8" ten="355,106,314,225" oya="3" hai0="39,47,75,68,22,43,7,114,80,125,115,78,89" hai1="42,76,79,2,111,41,105,98,133,60,124,104,4" hai2="48,25,116,44,95,0,129,19,29,21,54,92,1" hai3="37,6,132,28,3,74,10,121,127,72,135,61,20"/><W87/><G121/><T90/><D68/><U71/><E111/><V73/><F73/><W128/><G37/><T40/><D125/><U9/><E124/><V5/><F129/><W91/><G128/><T45/><D22/><U11/><E133/><N who="3" m="51274" /><G127/><T32/><D32/><U103/><E105/><V112/><F112/><N who="0" m="43050" /><D7/><U85/><E71/><V65/><F65/><W113/><G113/><T93/><D93/><U122/><E60/><V107/><F107/><W55/><G61/><T131/><D131/><U100/><E100/><V110/><F110/><W81/><G55/><T77/><D77/><U67/><E67/><V36/><F36/><AGARI ba="0,0" hai="36,39,40,43,45,47,75,78,80,89,90" m="43050" machi="36" ten="30,1000,0" yaku="11,1" doraHai="8" who="0" fromWho="2" sc="355,10,106,0,314,-10,225,0" /><INIT seed="4,0,0,0,2,0" ten="365,106,304,225" oya="0" hai0="128,21,94,66,1,92,130,99,31,79,4,50,14" hai1="88,68,6,59,2,30,12,52,44,120,83,116,78" hai2="125,61,71,127,67,103,47,15,87,72,26,43,28" hai3="118,18,45,75,135,96,98,56,76,74,46,49,51"/><T19/><D79/><U104/><E120/><V58/><F15/><W105/><G118/><T42/><D66/><U63/><E116/><V5/><F87/><W112/><G112/><T54/><D42/><U29/><E104/><V86/><F86/><W20/><G135/><T97/><D31/><U55/><E2/><V48/><F72/><W38/><G38/><T65/><D65/><U17/><E68/><V132/><F132/><W95/><G56/><T133/><D133/><U119/><E119/><V93/><F5/><W27/><G105/><T22/><D22/><U106/><E106/><V77/><F77/><W101/><G98/><T37/><D37/><U13/><E13/><V121/><F121/><W131/><G131/><N who="0" m="50219" /><D99/><U16/><E17/><V9/><F9/><W62/><G62/><T84/><D84/><N who="1" m="50207" /><E6/><V90/><F71/><W24/><G24/><T25/><D1/><U129/><E78/><V41/><F90/><W109/><G76/><T40/><D40/><U53/><E129/><V124/><F43/><W107/><G107/><T110/><D97/><U100/><E100/><V89/><F89/><W113/><G113/><T126/><D126/><U115/><E115/><V102/><REACH who="2" step="1"/><F93/><REACH who="2" ten="365,106,294,225" step="2"/><W23/><G74/><T33/><D4/><U60/><E44/><V85/><F85/><W64/><G75/><T11/><D11/><N who="1" m="6175" /><E59/><V111/><F111/><W35/><G109/><T122/><D110/><U36/><E36/><V69/><F69/><W134/><G45/><N who="0" m="27983" /><D122/><U80/><E80/><V32/><AGARI ba="0,1" hai="26,28,32,41,47,48,58,61,67,102,103,124,125,127" machi="32" ten="30,4000,0" yaku="1,1,0,1,18,1,53,0" doraHai="0" doraHaiUra="91" who="2" fromWho="2" sc="365,-20,106,-10,294,50,225,-10" /><INIT seed="5,0,0,0,3,63" ten="345,96,344,215" oya="1" hai0="98,91,44,96,72,9,52,43,1,32,117,12,101" hai1="105,102,83,20,95,97,65,7,17,13,29,41,128" hai2="67,30,104,45,94,86,61,130,60,8,118,5,81" hai3="10,99,33,109,112,11,111,56,55,40,22,47,135"/><U23/><E128/><V27/><F104/><W66/><G33/><T73/><D32/><U92/><E41/><V64/><F60/><W0/><G112/><T59/><D1/><U80/><E7/><V76/><F61/><W71/><G135/><T100/><D91/><U6/><E6/><V131/><F94/><W79/><G79/><T93/><D117/><U14/><E105/><V2/><F118/><W115/><G115/><T35/><D35/><U122/><E122/><V84/><F84/><W107/><G22/><T28/><D28/><U132/><E132/><V21/><F45/><W19/><G66/><T133/><D133/><U50/><E65/><V90/><F76/><W113/><G71/><T51/><D98/><U129/><E129/><AGARI ba="0,0" hai="2,5,8,21,27,30,64,67,81,86,90,129,130,131" machi="129" ten="40,5200,0" yaku="19,1,52,2" doraHai="63" who="2" fromWho="1" sc="345,0,96,-52,344,52,215,0" /><INIT seed="6,0,0,0,2,47" ten="345,44,396,215" oya="2" hai0="82,42,101,73,77,27,81,124,49,11,57,115,8" hai1="50,135,133,120,64,122,78,95,86,44,89,38,85" hai2="33,5,80,3,15,4,12,34,116,40,22,114,66" hai3="7,98,88,87,48,72,92,76,39,84,111,109,35"/><V10/><F40/><W63/><G39/><T103/><D115/><U13/><E13/><V110/><F66/><W68/><G35/><T102/><D124/><U16/><E64/><V45/><F80/><N who="3" m="45063" /><G48/><T60/><D82/><N who="1" m="47319" /><E38/><V31/><F45/><W0/><G63/><T53/><D42/><U36/><E36/><V106/><F106/><W117/><G7/><T28/><REACH who="0" step="1"/><D60/><REACH who="0" ten="335,44,396,215" step="2"/><U1/><E1/><V99/><F114/><W93/><G0/><T58/><D58/><U65/><E65/><V90/><F3/><W113/><G68/><T17/><D17/><U67/><E16/><V24/><F116/><W100/><G113/><T96/><D96/><U75/><E67/><V132/><F99/><N who="3" m="59495" /><G117/><T30/><D30/><U56/><E56/><V9/><F110/><AGARI ba="0,1" hai="84,87,88,93,98,109,110,111" m="59495,45063" machi="110" ten="30,3900,0" yaku="34,2,54,1" doraHai="47" who="3" fromWho="2" sc="335,0,44,0,396,-39,215,49" /><INIT seed="7,0,0,1,1,43" ten="335,44,357,264" oya="3" hai0="64,97,19,115,92,4,35,1,77,96,126,68,13" hai1="28,21,55,31,86,133,88,51,45,129,79,17,40" hai2="69,39,42,33,75,52,116,99,91,78,117,109,11" hai3="127,22,119,50,76,132,100,53,93,120,90,94,29"/><W61/><G119/><T134/><D35/><U10/><E129/><V24/><F69/><W104/><G120/><T9/><D126/><U62/><E133/><V122/><F109/><W121/><G121/><T102/><D134/><U114/><E114/><V5/><F52/><W56/><G127/><T16/><D77/><U113/><E113/><V84/><F99/><N who="3" m="59503" /><G104/><T6/><D115/><U46/><E79/><V123/><F24/><N who="3" m="16535" /><G76/><T110/><D110/><U66/><E62/><V15/><F33/><W47/><G132/><T0/><D64/><U18/><E66/><V83/><F117/><W125/><G125/><T59/><D68/><U44/><E40/><V105/><F105/><W85/><G61/><T101/><D59/><AGARI ba="0,0" hai="47,50,53,56,59,85,90,94" m="16535,59503" machi="59" ten="30,2900,0" yaku="8,1,52,1" doraHai="43" who="3" fromWho="0" sc="335,-29,44,0,357,0,264,29" /><INIT seed="7,1,0,2,2,117" ten="306,44,357,293" oya="3" hai0="18,0,127,31,2,84,133,65,24,34,71,46,94" hai1="51,131,40,6,57,95,122,64,86,129,15,1,48" hai2="58,39,87,83,29,37,30,99,67,3,92,13,105" hai3="21,106,28,9,108,104,101,113,126,132,49,125,96"/><W107/><G113/><T115/><D127/><N who="3" m="48649" /><G132/><T5/><D133/><U53/><E15/><V16/><F105/><W124/><N who="3" m="48657" /><W63/><DORA hai="116" /><G108/><T10/><D115/><U89/><E6/><V100/><F3/><W68/><G9/><T79/><D18/><U70/><E1/><V77/><F39/><W56/><G49/><T35/><D0/><U103/><E103/><V19/><F37/><W27/><G68/><T130/><D130/><U62/><E95/><V120/><F120/><W110/><G110/><T119/><D119/><U42/><E89/><V114/><F114/><W4/><G4/><T121/><D121/><U45/><E86/><V90/><F90/><W73/><G73/><T80/><D94/><U47/><REACH who="1" step="1"/><E122/><REACH who="1" ten="306,34,357,293" step="2"/><V75/><F87/><W22/><G101/><T134/><D2/><U97/><E97/><V50/><F99/><W76/><G96/><T26/><D5/><U7/><E7/><V66/><F100/><W88/><G88/><T123/><D123/><U32/><E32/><V112/><F92/><W98/><G98/><T81/><D84/><U52/><E52/><V118/><F112/><W54/><G76/><T91/><D79/><U55/><E55/><V72/><F77/><W23/><AGARI ba="1,1" hai="21,22,23,27,28,54,56,63,104,106,107" m="48657" machi="23" ten="50,2400,0" yaku="18,1" doraHai="117,116" who="3" fromWho="3" sc="306,-9,34,-9,357,-9,293,37" /><INIT seed="7,2,0,1,4,72" ten="297,25,348,330" oya="3" hai0="90,16,112,38,133,115,132,118,101,35,106,44,69" hai1="80,9,124,119,76,41,121,113,102,88,120,51,26" hai2="74,30,40,111,66,91,59,57,7,10,34,135,14" hai3="77,28,105,58,100,95,36,15,89,117,125,37,92"/><W129/><G117/><T103/><D118/><U134/><E26/><V81/><F111/><W53/><G129/><T42/><D69/><U13/><E51/><V114/><F135/><N who="0" m="51786" /><D35/><U68/><E13/><V96/><F74/><W86/><G125/><T43/><D106/><U107/><E9/><V64/><F34/><W23/><G105/><T31/><D31/><U12/><E12/><V11/><F114/><N who="0" m="43562" /><D42/><U22/><E22/><V52/><F30/><W33/><G33/><T110/><D110/><U45/><E41/><V71/><F11/><W108/><G108/><T93/><D16/><U19/><E19/><V99/><F40/><W48/><G77/><T3/><D3/><U32/><E76/><V98/><F71/><W78/><G78/><T4/><D4/><U130/><E102/><V21/><F21/><W63/><G63/><T104/><D104/><U79/><E79/><V55/><F14/><W18/><G28/><T67/><D67/><U123/><E88/><V116/><F10/><W49/><G49/><T8/><D8/><U27/><E27/><V127/><F7/><W128/><G128/><T2/><D2/><U17/><E17/><V25/><F25/><W85/><G85/><AGARI ba="2,0" hai="38,43,44,85,90,93,101,103" m="43562,51786" machi="85" ten="30,3900,0" yaku="20,1,15,1,11,1" doraHai="72" who="0" fromWho="3" sc="297,45,25,0,348,0,330,-45" owari="342,14.0,25,-47.0,348,44.0,285,-11.0" /></mjloggm>