<mjloggm ver="2.3"><GO type="169" lobby="0"/><UN n0="%E6%BC%82%E3%81%86" n1="%E6%96%B0%E6%89%8B%31%34%32%38%35%37" n2="%E6%B0%B4%E5%93%89%E3%81%AE%E3%83%AC%E3%82%B8%E3%82%A7%E3%83%B3%E3%83%89" n3="%E3%83%90%E3%82%AD" dan="16,17,16,17" rate="2066.69,2139.59,2111.86,2192.30" sx="M,M,M,M"/><TAIKYOKU oya="0"/><INIT seed="0,0,0,2,0,3" ten="250,250,250,250" oya="0" hai0="2,70,96,51,61,55,82,110,69,0,98,60,114" hai1="85,120,113,89,129,87,47,94,15,107,99,75,130" hai2="23,63,37,54,80,58,122,57,125,45,52,66,132" hai3="123,76,43,5,35,39,106,62,101,24,126,36,134"/><T25/><D114/><U91/><E120/><V4/><F122/><W117/><G117/><T111/><D51/><U90/><E47/><V133/><F80/><W22/><G123/><T131/><D82/><U128/><E113/><V108/><F23/><W21/><G76/><T124/><D55/><U16/><E75/><V30/><F30/><W104/><G24/><T68/><D25/><U7/><E7/><V10/><F108/><N who="0" m="41514" /><D124/><U81/><E107/><V6/><F125/><W20/><G126/><T118/><D118/><U59/><E59/><V42/><F10/><W67/><G36/><T56/><D56/><U31/><E31/><V11/><F11/><W105/><G39/><T72/><D72/><U53/><E53/><N who="2" m="20587" /><F58/><W112/><G112/><T86/><D86/><N who="1" m="32779" /><E81/><V64/><F64/><W49/><G67/><T83/><D83/><U71/><E129/><V17/><F17/><W97/><G49/><T100/><D131/><U32/><E128/><V116/><F116/><W74/><G74/><T1/><D100/><U93/><E130/><V12/><F12/><W78/><G101/><T115/><D115/><U14/><E15/><V77/><F77/><W119/><G78/><T65/><D65/><U29/><E14/><V102/><F102/><W84/><G119/><T13/><D13/><U38/><E38/><V18/><F18/><W92/><G84/><T135/><D135/><AGARI ba="0,0" hai="4,6,37,42,45,57,63,66,132,133,135" m="20587" machi="135" ten="30,7700,0" yaku="20,1,52,2,54,1" doraHai="3" who="2" fromWho="0" sc="250,-77,250,0,250,77,250,0" /><INIT seed="1,0,0,3,5,75" ten="173,250,327,250" oya="1" hai0="84,122,72,63,39,109,24,43,103,119,27,4,69" hai1="45,46,108,128,76,56,53,13,124,14,2,134,3" hai2="8,116,42,20,120,95,71,123,86,30,50,66,59" hai3="88,47,100,102,28,57,0,5,90,129,64,110,15"/><U11/><E124/><V104/><F104/><W7/><G0/><T107/><D72/><U85/><E128/><V1/><F116/><W37/><G129/><T48/><D119/><U78/><E134/><V61/><F30/><W105/><G105/><T36/><D36/><U91/><E108/><V12/><F1/><W23/><G110/><T130/><D39/><U132/><E132/><V9/><F9/><W65/><G47/><N who="1" m="17930" /><E2/><V44/><F20/><W21/><G37/><T25/><D43/><U26/><E26/><V70/><F70/><W92/><G57/><T94/><D107/><U52/><E3/><V29/><F29/><W34/><G34/><T98/><D4/><N who="3" m="1609" /><G90/><T10/><D10/><U33/><E33/><V89/><REACH who="2" step="1"/><F71/><REACH who="2" ten="173,250,317,250" step="2"/><W58/><G28/><T74/><D69/><U51/><E11/><V62/><F62/><N who="3" m="37975" /><G23/><T54/><D109/><U113/><E113/><V17/><AGARI ba="0,1" hai="8,12,17,42,44,50,59,61,66,86,89,95,120,123" machi="17" ten="20,2700,0" yaku="1,1,0,1,7,1,53,0" doraHai="75" doraHaiUra="19" who="2" fromWho="2" sc="173,-7,250,-13,317,37,250,-7" /><INIT seed="2,0,0,3,5,64" ten="166,237,354,243" oya="2" hai0="88,26,50,48,52,44,22,89,119,20,92,96,36" hai1="58,10,34,71,57,120,114,38,78,73,56,65,39" hai2="41,116,70,23,15,61,21,49,113,99,43,12,68" hai3="2,16,97,104,121,84,31,117,94,101,46,107,108"/><V133/><F116/><W132/><G117/><T98/><D36/><U102/><E114/><V18/><F113/><W127/><G121/><T87/><D119/><U128/><E34/><V37/><F37/><W54/><G2/><T90/><D22/><U29/><E29/><V75/><F75/><W63/><G108/><T0/><D0/><U85/><E128/><V32/><F32/><W79/><G31/><T6/><D6/><U40/><E102/><V129/><F129/><W28/><G28/><T122/><D122/><U77/><E120/><V35/><F35/><W25/><G132/><T115/><D115/><U62/><E73/><V51/><F61/><W5/><G5/><T86/><D50/><U69/><E10/><V27/><F99/><W17/><G127/><T80/><D90/><U95/><E71/><V126/><F18/><AGARI ba="0,0" hai="18,20,26,44,48,52,80,86,87,88,89,92,96,98" machi="18" ten="30,7700,0" yaku="7,1,8,1,54,2" doraHai="64" who="0" fromWho="2" sc="166,77,237,0,354,-77,243,0" /><INIT seed="3,0,0,3,3,44" ten="243,237,277,243" oya="3" hai0="89,119,27,26,20,29,43,92,47,5,6,1,76" hai1="11,80,40,95,49,132,86,102,135,34,117,53,124" hai2="130,32,113,81,83,114,48,85,67,131,41,38,64" hai3="69,75,96,16,31,99,109,62,123,35,106,59,52"/><W51/><G123/><T12/><D1/><U10/><E124/><V70/><F32/><W97/><G75/><T134/><D76/><N who="1" m="46343" /><E34/><V2/><F2/><W4/><G4/><T108/><D108/><U63/><E40/><V107/><F107/><W116/><G116/><T100/><D100/><U19/><E63/><V115/><F38/><W84/><G109/><T7/><D134/><N who="1" m="51243" /><E19/><V126/><F126/><W58/><G69/><T46/><D119/><U77/><E77/><V56/><F70/><W88/><G106/><T55/><D46/><N who="1" m="27831" /><E117/><V78/><F81/><N who="3" m="49167" /><G35/><T120/><D120/><U3/><E3/><V105/><F105/><W50/><G31/><T45/><D45/><U33/><E33/><V128/><REACH who="2" step="1"/><F41/><REACH who="2" ten="243,237,267,243" step="2"/><W65/><G16/><N who="0" m="10247" /><D43/><U23/><E23/><V66/><F66/><W25/><G25/><T74/><D29/><U127/><E127/><V111/><F111/><W15/><G15/><T60/><D74/><U110/><E110/><V13/><F13/><W37/><G37/><T0/><D0/><U28/><E28/><V54/><AGARI ba="0,1" hai="48,54,56,64,67,78,83,85,113,114,115,128,130,131" machi="54" ten="40,12000,2" yaku="1,1,0,1,19,1,52,1,53,2" doraHai="44" doraHaiUra="61" who="2" fromWho="2" sc="243,-30,237,-30,267,130,243,-60" /><INIT seed="4,0,0,5,2,94" ten="213,207,397,183" oya="0" hai0="60,130,5,108,77,44,9,120,19,47,50,82,91" hai1="116,40,89,73,118,101,76,45,43,20,72,109,112" hai2="66,128,46,129,61,48,7,106,90,24,15,107,95" hai3="36,10,58,83,32,62,87,11,55,17,121,104,86"/><T41/><D120/><U113/><E20/><V119/><F119/><N who="1" m="45609" /><E109/><V75/><F75/><N who="1" m="28745" /><E76/><V29/><F7/><W2/><G36/><T78/><D130/><N who="2" m="50282" /><F15/><W26/><G121/><T117/><D117/><U74/><N who="1" m="28753" /><U81/><DORA hai="64" /><E45/><V70/><F95/><W69/><G32/><T3/><D108/><U25/><E25/><V135/><F135/><W23/><G104/><T85/><D47/><U18/><E18/><V51/><F90/><W79/><G2/><T93/><D19/><U65/><E65/><V0/><F0/><W134/><G134/><T52/><D78/><U123/><E123/><V115/><F115/><N who="1" m="44105" /><E101/><V110/><F48/><W100/><G100/><T49/><D60/><U71/><E89/><V67/><F67/><W21/><G21/><T126/><D50/><U131/><E81/><V88/><F88/><W97/><G83/><T4/><D4/><U31/><E31/><V92/><F110/><W133/><G133/><T57/><D77/><U35/><E35/><V80/><F80/><W28/><G79/><T12/><D82/><U124/><E131/><V63/><F63/><W98/><G17/><T105/><D3/><U59/><E59/><V56/><F56/><W38/><G58/><T22/><D57/><U37/><E37/><V132/><F132/><W96/><G38/><T54/><D5/><U127/><E40/><N who="2" m="25031" /><F92/><W103/><G103/><T1/><D1/><U68/><E43/><V39/><F39/><W34/><G34/><AGARI ba="0,0" hai="24,29,34,61,66,70,106,107" m="25031,50282" machi="34" ten="30,2000,0" yaku="19,1,52,1" doraHai="94,64" who="2" fromWho="3" sc="213,0,207,0,397,20,183,-20" /><INIT seed="5,0,0,4,0,72" ten="213,207,417,163" oya="1" hai0="60,97,50,116,0,124,100,120,10,38,79,86,12" hai1="21,82,44,5,51,102,68,87,130,134,32,13,89" hai2="80,17,98,62,4,52,9,118,93,74,125,31,99" hai3="14,115,63,103,135,90,49,107,117,58,23,19,30"/><U71/><E32/><V59/><F118/><W7/><G115/><T37/><D116/><U129/><E134/><V20/><F125/><W57/><G135/><T70/><D124/><U91/><E102/><V27/><F74/><W24/><G117/><T11/><D0/><U6/><E21/><V40/><F40/><W15/><G107/><T121/><D11/><N who="1" m="4335" /><E89/><V77/><F93/><W88/><G103/><T110/><D110/><U133/><E6/><V109/><F109/><W104/><G104/><T64/><D100/><U55/><E133/><V53/><F53/><N who="3" m="31919" /><G7/><T126/><D97/><U73/><E73/><V54/><F54/><N who="3" m="34263" /><G14/><T67/><D126/><U41/><E55/><V28/><F28/><W85/><G85/><T34/><D34/><U84/><E84/><N who="2" m="48143" /><F4/><W48/><G48/><T123/><D67/><U78/><E91/><V29/><F29/><W105/><G105/><T25/><D50/><U94/><E94/><V36/><F36/><W16/><G30/><T111/><D111/><U92/><E92/><V65/><F65/><W56/><G56/><T75/><D75/><U26/><E26/><V1/><F1/><W43/><G43/><T46/><D25/><U47/><E47/><V42/><F42/><W76/><G76/><T127/><D127/><U95/><E95/><V106/><F106/><W122/><G122/><T33/><D33/><U131/><AGARI ba="0,0" hai="41,44,51,68,71,78,82,87,129,130,131" m="4335" machi="131" ten="30,6000,0" yaku="25,1,19,1,52,1" doraHai="72" who="1" fromWho="1" sc="213,-20,207,60,417,-20,163,-20" /><INIT seed="5,1,0,5,1,127" ten="193,267,397,143" oya="1" hai0="124,110,46,103,82,42,11,13,79,101,63,61,71" hai1="133,84,34,78,49,45,132,123,83,31,114,39,2" hai2="19,68,44,89,87,62,85,25,135,107,96,9,95" hai3="59,73,77,76,129,92,27,122,41,108,5,36,119"/><U80/><E123/><V86/><F135/><N who="1" m="51785" /><E2/><V17/><F107/><W70/><G122/><T118/><D110/><U30/><E39/><V53/><F68/><W98/><G108/><T99/><D118/><U106/><E106/><V51/><F62/><W37/><G70/><T29/><D29/><N who="1" m="10763" /><E114/><V60/><F60/><W74/><G119/><T3/><D124/><U104/><E104/><V125/><F125/><W38/><G41/><T88/><D71/><U54/><E83/><V22/><F9/><W28/><G5/><T102/><D3/><U6/><E6/><V23/><REACH who="2" step="1"/><F96/><REACH who="2" ten="193,267,387,143" step="2"/><W93/><G98/><T134/><D134/><U112/><E112/><V40/><F40/><W10/><G10/><T43/><D43/><U120/><E120/><V33/><F33/><AGARI ba="1,1" hai="33,34,45,49,54,78,80,84" m="10763,51785" machi="33" ten="30,1500,0" yaku="20,1" doraHai="127" who="1" fromWho="2" sc="193,0,267,28,387,-18,143,0" /><INIT seed="5,2,0,3,4,3" ten="193,295,369,143" oya="1" hai0="101,40,107,60,34,61,42,99,129,76,87,54,104" hai1="36,119,71,10,94,73,55,78,66,83,126,32,97" hai2="100,6,123,109,111,65,56,8,131,52,117,81,25" hai3="37,102,88,2,12,48,21,16,108,24,13,70,19"/><U125/><E119/><V53/><F117/><W4/><G108/><T95/><D34/><U35/><E36/><V98/><F123/><W74/><G74/><T17/><D129/><U38/><E38/><V124/><F131/><W23/><G37/><T134/><D134/><U90/><E55/><V26/><F124/><N who="1" m="47721" /><E10/><V0/><F65/><W118/><G118/><T133/><D133/><U96/><E96/><V43/><F43/><W113/><G70/><T127/><D127/><U62/><AGARI ba="2,0" hai="32,35,62,66,71,73,78,83,90,94,97" m="47721" machi="62" ten="30,1500,0" yaku="18,1" doraHai="3" who="1" fromWho="1" sc="193,-7,295,21,369,-7,143,-7" /><INIT seed="5,3,0,5,1,45" ten="186,316,362,136" oya="1" hai0="64,86,8,71,50,41,58,3,131,40,109,59,13" hai1="105,24,35,4,36,55,17,38,80,39,135,65,111" hai2="78,129,132,123,70,53,56,19,27,113,106,51,7" hai3="14,115,48,9,104,82,87,28,118,1,67,133,128"/><U120/><E120/><V119/><F123/><W134/><G104/><T77/><D109/><U93/><E105/><V103/><F119/><W5/><G118/><T26/><D3/><U112/><E112/><V44/><F70/><W98/><G115/><T16/><D131/><U94/><E135/><N who="3" m="51722" /><G128/><T32/><D71/><U76/><E65/><V11/><F113/><W81/><G98/><T89/><D77/><U74/><E4/><V75/><F129/><W57/><G28/><T91/><D91/><U62/><E111/><V110/><F110/><W49/><G1/><T101/><D101/><U29/><E17/><V15/><F132/><W18/><G18/><T47/><D64/><U99/><E99/><V12/><F27/><W6/><G6/><T73/><D73/><U116/><E116/><V72/><F78/><N who="3" m="46519" /><G82/><T34/><D41/><U10/><E10/><V63/><F103/><W126/><G126/><T130/><D130/><U121/><E121/><V30/><F30/><W124/><G124/><T84/><D84/><U52/><E62/><AGARI ba="3,0" hai="5,9,14,48,49,57,62,67" m="46519,51722" machi="62" ten="30,3900,0" yaku="20,1,52,2" doraHai="45" who="3" fromWho="1" sc="186,0,316,-48,362,0,136,48" /><INIT seed="6,0,0,2,3,12" ten="186,268,362,184" oya="2" hai0="69,45,114,24,104,135,8,37,61,39,43,4,57" hai1="125,35,18,126,84,119,108,55,90,5,53,124,44" hai2="121,122,38,130,133,56,118,65,82,23,71,95,75" hai3="51,0,34,83,48,93,2,96,11,111,127,41,68"/><V32/><F95/><W40/><G111/><T30/><D114/><U107/><E108/><V20/><F56/><W74/><G68/><T103/><D135/><U131/><E119/><V132/><F82/><W100/><G34/><T49/><D69/><U16/><E131/><V64/><F71/><W76/><G127/><T58/><D58/><U134/><E134/><N who="2" m="51819" /><F32/><W27/><G27/><T10/><D10/><U85/><E35/><V62/><F38/><W120/><G120/><N who="2" m="46185" /><F62/><W98/><G98/><T116/><D116/><U25/><E107/><V106/><F106/><W63/><G63/><T105/><D39/><U36/><E5/><V3/><F75/><W117/><G117/><T50/><D104/><U15/><E85/><V13/><F3/><W26/><G26/><T72/><D72/><U123/><E123/><V129/><F118/><W109/><G109/><T7/><D105/><U81/><E36/><V28/><F28/><W67/><G67/><N who="2" m="25673" /><F13/><W77/><G0/><T86/><D37/><U21/><E44/><V79/><F79/><W73/><G77/><T6/><D45/><U31/><E31/><V29/><F29/><W19/><G73/><T128/><D30/><U112/><E112/><V66/><F66/><W46/><G2/><T70/><D70/><U47/><E47/><V22/><AGARI ba="0,0" hai="20,22,23,129,130" m="25673,46185,51819" machi="22" ten="40,7800,0" yaku="28,2,20,1" doraHai="12" who="2" fromWho="2" sc="186,-26,268,-26,362,78,184,-26" /><INIT seed="6,1,0,3,4,68" ten="160,242,440,158" oya="2" hai0="19,6,122,62,43,132,56,11,96,24,88,34,93" hai1="90,111,102,29,104,53,12,81,21,65,121,118,89" hai2="67,86,77,110,40,61,64,114,2,45,72,115,9" hai3="103,32,8,97,10,4,60,120,54,27,92,30,69"/><V87/><F67/><W131/><G131/><T123/><D132/><U91/><E111/><V94/><F110/><W83/><G120/><T47/><D34/><U28/><E118/><V26/><F26/><W14/><G83/><T134/><D134/><U38/><E38/><V108/><F108/><W78/><G78/><T135/><D135/><U20/><E65/><V124/><F124/><W18/><G69/><T107/><D107/><U74/><E53/><V66/><F66/><W109/><G109/><T125/><D125/><U33/><E121/><V0/><F94/><W76/><G76/><T79/><D79/><U59/><E74/><V133/><F87/><W7/><G8/><T95/><D95/><U105/><E33/><V99/><F86/><W106/><REACH who="3" step="1"/><G92/><REACH who="3" ten="160,242,440,148" step="2"/><T25/><D122/><U98/><E81/><V41/><F77/><W22/><G22/><T17/><D123/><U117/><E21/><V52/><F9/><W80/><G80/><T58/><D11/><U50/><E20/><V51/><F133/><W101/><G101/><T119/><D119/><U15/><E117/><V3/><F115/><W5/><G5/><T48/><D6/><U113/><E113/><V31/><F114/><W128/><G128/><T63/><D19/><U82/><E82/><V44/><F72/><W1/><G1/><T13/><D13/><N who="1" m="5195" /><E105/><V70/><F0/><W16/><G16/><T46/><D17/><U35/><E35/><V129/><F2/><W42/><G42/><N who="0" m="24663" /><D24/><U127/><E127/><V73/><F3/><W112/><G112/><T49/><D25/><U116/><E116/><RYUUKYOKU ba="1,1" sc="160,10,242,10,440,-30,148,10" hai0="43,47,49,56,58,62,63,88,93,96" hai1="28,29,50,59,89,90,91,98,102,104" hai3="4,7,10,14,18,27,30,32,54,60,97,103,106" /><INIT seed="7,2,1,5,2,6" ten="170,252,410,158" oya="3" hai0="80,36,70,98,17,15,121,111,91,122,97,31,53" hai1="73,45,92,1,48,123,22,51,110,99,82,114,112" hai2="118,27,57,69,75,133,93,129,30,85,89,87,21" hai3="81,33,66,4,128,67,41,86,59,11,35,117,23"/><W71/><G117/><T130/><D111/><U2/><E110/><V40/><F69/><W50/><G71/><T78/><D36/><U10/><E123/><V88/><F75/><W109/><G109/><T105/><D70/><U58/><E22/><V96/><F118/><W107/><G107/><T0/><D0/><U126/><E126/><V65/><F129/><W42/><G128/><T46/><D130/><U14/><E58/><V63/><F133/><W84/><G23/><T38/><D38/><U116/><E82/><N who="2" m="49207" /><F40/><N who="3" m="15467" /><G33/><T55/><D105/><U94/><E73/><V108/><F108/><W74/><G74/><T8/><D122/><U61/><E1/><V43/><F43/><W132/><G132/><T16/><D121/><U39/><E2/><V29/><F96/><W34/><G34/><T83/><D31/><AGARI ba="2,1" hai="21,27,29,30,31,57,63,65,87,89,93" m="49207" machi="31" ten="30,2000,0" yaku="8,1,54,1" doraHai="6" who="2" fromWho="0" sc="170,-26,252,0,410,36,158,0" owari="144,-36.0,252,5.0,446,55.0,158,-24.0" /></mjloggm>