<mjloggm ver="2.3"><GO type="169" lobby="0"/><UN n0="%64%72%61%65%74%63" n1="%6C%67%64%47%6F%64%76" n2="%E6%9C%8B%E4%B9%9F%40" n3="%E3%83%95%E3%82%B5%E3%82%A6%E3%83%9F%E3%82%B3%E3%83%83%E3%83%97" dan="16,16,16,17" rate="2099.34,2094.72,2114.98,2227.46" sx="M,M,M,M"/><TAIKYOKU oya="0"/><INIT seed="0,0,0,4,5,90" ten="250,250,250,250" oya="0" hai0="53,109,77,132,73,31,76,59,135,56,1,67,32" hai1="78,124,134,30,3,119,60,40,4,84,117,0,35" hai2="118,75,121,61,6,33,54,57,93,20,49,13,89" hai3="108,2,45,87,10,86,52,120,82,19,44,83,92"/><T70/><D1/><U7/><E40/><V88/><F33/><W47/><G108/><T24/><D109/><U63/><E78/><V42/><F121/><W21/><G120/><T69/><D59/><U41/><E41/><V114/><F75/><W64/><G64/><T111/><D111/><U128/><E84/><V27/><F114/><W29/><G29/><T74/><D67/><U22/><E60/><V102/><F118/><W72/><G72/><T17/><D17/><U96/><E96/><N who="2" m="59663" /><F13/><W126/><G126/><T85/><D76/><U131/><E63/><V34/><F34/><W14/><G2/><N who="1" m="554" /><E124/><V43/><F6/><N who="1" m="2089" /><E35/><V25/><F43/><W65/><G65/><T115/><D70/><U71/><E71/><V51/><F42/><W18/><G52/><T8/><D69/><U26/><E134/><V130/><F51/><W36/><G36/><T127/><D74/><U38/><E38/><V95/><F49/><W103/><G87/><T11/><D73/><U94/><E94/><V79/><F79/><W116/><G116/><AGARI ba="0,0" hai="22,26,30,116,117,119,128,131" m="2089,554" machi="116" ten="40,2600,0" yaku="34,2" doraHai="90" who="1" fromWho="3" sc="250,0,250,26,250,0,250,-26" /><INIT seed="1,0,0,0,0,44" ten="250,276,250,224" oya="1" hai0="1,22,88,62,64,113,35,106,121,95,114,19,4" hai1="55,0,96,119,102,40,76,24,59,134,135,111,13" hai2="66,105,127,54,49,118,12,63,108,28,29,81,50" hai3="110,53,6,68,33,67,130,48,91,27,90,26,124"/><U87/><E119/><V94/><F105/><W78/><G110/><T47/><D35/><U20/><E0/><V93/><F118/><W103/><G130/><T5/><D106/><U131/><E131/><V58/><F127/><W18/><G124/><T34/><D34/><U120/><E120/><V133/><F108/><W117/><G78/><T77/><D77/><U52/><E13/><V31/><F133/><N who="1" m="50697" /><E111/><V79/><F12/><W125/><G6/><T86/><D121/><U41/><E87/><N who="2" m="48575" /><F66/><W112/><G112/><T42/><D1/><U10/><E10/><V60/><F60/><W25/><G33/><T9/><D9/><U37/><E76/><V2/><F2/><W116/><G125/><T97/><D86/><U83/><E83/><V39/><F39/><W8/><G8/><T92/><D92/><AGARI ba="0,0" hai="28,29,31,49,50,54,58,63,92,93,94" m="48575" machi="92" ten="30,3900,0" yaku="8,1,52,2" doraHai="44" who="2" fromWho="0" sc="250,-39,276,0,250,39,224,0" /><INIT seed="2,0,0,0,4,56" ten="211,276,289,224" oya="2" hai0="40,100,47,85,106,105,43,131,25,19,123,78,112" hai1="62,93,116,64,54,61,108,33,102,8,115,120,94" hai2="5,104,23,26,80,32,83,51,114,70,122,16,24" hai3="109,9,135,11,59,20,97,6,130,124,1,66,128"/><V58/><F114/><W121/><G121/><T69/><D123/><U42/><E120/><V99/><F122/><W126/><G97/><T48/><D131/><N who="3" m="50217" /><G66/><T71/><D112/><U125/><E115/><V88/><F70/><W98/><G98/><T12/><D43/><U21/><E33/><V2/><F2/><W31/><G59/><T36/><D25/><U77/><E116/><V39/><F39/><W89/><G89/><T13/><D36/><U91/><E77/><V27/><F32/><W103/><G103/><T18/><D100/><U133/><E42/><V50/><F5/><N who="3" m="1199" /><G109/><T134/><D85/><U113/><E113/><V76/><F76/><W37/><G37/><T28/><D78/><U4/><E108/><V132/><F132/><W15/><G135/><T3/><D106/><U86/><E133/><V14/><F104/><W127/><G20/><T57/><D71/><U45/><E21/><V46/><F58/><W53/><G53/><T41/><D57/><U111/><E64/><V67/><F67/><W101/><G101/><T49/><D69/><U63/><E111/><V96/><F96/><W44/><G44/><T129/><D47/><U82/><E102/><V7/><F46/><W119/><G31/><T0/><D28/><U30/><E30/><V52/><F99/><W90/><G90/><T38/><D38/><U34/><E45/><N who="2" m="27727" /><F51/><W68/><G68/><T74/><D129/><U79/><E79/><V92/><F88/><W35/><G35/><T81/><D134/><U17/><E91/><V75/><F75/><W65/><G65/><T117/><D74/><RYUUKYOKU ba="0,0" sc="211,-10,276,-10,289,-10,224,30" hai3="6,11,15,119,124,126,127" /><INIT seed="3,1,0,2,2,110" ten="201,266,279,254" oya="3" hai0="25,6,45,58,109,19,86,88,10,27,101,106,131" hai1="18,63,123,122,47,38,98,23,7,83,8,96,120" hai2="108,87,77,111,118,12,68,60,53,28,91,112,14" hai3="107,66,50,13,55,92,48,125,76,103,105,82,67"/><W5/><G125/><T26/><D109/><N who="2" m="42058" /><F118/><W30/><G30/><T85/><D131/><U41/><E63/><V9/><F77/><W34/><G34/><T65/><D106/><U1/><REACH who="1" step="1"/><E83/><REACH who="1" ten="201,256,279,254" step="2"/><N who="2" m="49663" /><F28/><W37/><G82/><T129/><D129/><U21/><E21/><V102/><F9/><W69/><G67/><T0/><D101/><U74/><E74/><V43/><F102/><W20/><G20/><T46/><D19/><U117/><E117/><V128/><F128/><W11/><G66/><T119/><D119/><U36/><E36/><V22/><F22/><W32/><G37/><T17/><D17/><U116/><E116/><V33/><F33/><W35/><G35/><T132/><D132/><U29/><E29/><V72/><F72/><W95/><G32/><T61/><REACH who="0" step="1"/><D86/><REACH who="0" ten="191,256,279,254" step="2"/><U114/><E114/><V44/><F112/><W16/><G103/><T71/><D71/><U31/><E31/><V73/><F73/><W64/><G69/><T90/><D90/><U93/><E93/><AGARI ba="1,2" hai="0,6,10,25,26,27,45,46,58,61,65,85,88,93" machi="93" ten="40,2600,0" yaku="1,1,54,1,53,0" doraHai="110" doraHaiUra="94" who="0" fromWho="1" sc="191,49,256,-29,279,0,254,0" /><INIT seed="4,0,0,5,0,124" ten="240,227,279,254" oya="0" hai0="84,119,53,81,94,95,79,8,113,117,108,30,93" hai1="63,128,132,65,2,15,49,0,96,25,24,40,109" hai2="39,75,111,26,114,35,38,1,92,66,9,17,34" hai3="36,126,28,64,129,69,82,19,70,31,44,131,6"/><T51/><D113/><U43/><E109/><V27/><F75/><W105/><G126/><T33/><D108/><U102/><E132/><V21/><F66/><W100/><G6/><T5/><D30/><U87/><E15/><V121/><F111/><W67/><G19/><T37/><D37/><U23/><E87/><V74/><F74/><W133/><G82/><T10/><D33/><U91/><E91/><V32/><F121/><W103/><G36/><T116/><REACH who="0" step="1"/><D5/><REACH who="0" ten="230,227,279,254" step="2"/><U80/><E2/><V104/><F39/><W57/><G31/><T18/><D18/><U107/><E0/><V59/><F38/><W101/><G28/><T86/><D86/><U42/><E96/><V83/><F114/><W135/><G135/><T50/><D50/><U106/><E49/><V71/><F35/><W13/><G133/><T130/><D130/><U123/><E128/><V11/><F34/><W99/><G131/><T55/><D55/><U125/><E125/><V88/><F32/><W16/><G129/><T85/><D85/><U52/><E52/><V127/><F127/><W48/><G48/><T7/><D7/><U22/><E43/><V45/><F1/><W14/><G16/><T72/><D72/><U78/><E42/><V47/><F17/><W77/><G99/><T112/><D112/><U4/><E40/><V12/><F21/><W73/><G73/><T76/><D76/><U98/><E4/><V90/><F9/><W54/><G77/><T58/><AGARI ba="0,1" hai="8,10,51,53,58,79,81,84,93,94,95,116,117,119" machi="58" ten="40,7800,0" yaku="1,1,0,1,53,1" doraHai="124" doraHaiUra="46" who="0" fromWho="0" sc="230,88,227,-26,279,-26,254,-26" /><INIT seed="4,1,0,2,5,91" ten="318,201,253,228" oya="0" hai0="39,14,69,88,60,44,79,70,64,72,41,29,52" hai1="62,59,90,118,65,114,31,23,117,87,112,32,21" hai2="26,13,7,75,105,126,4,37,77,71,8,43,27" hai3="83,20,92,12,101,10,5,100,74,56,6,11,49"/><T119/><D119/><U85/><E32/><V115/><F105/><W47/><G56/><T3/><D3/><U89/><E31/><V104/><F104/><W25/><G83/><T67/><D29/><U50/><E50/><V128/><F126/><W63/><G63/><T19/><D72/><U33/><E33/><V107/><F107/><W1/><G74/><T82/><D67/><U18/><E117/><V45/><F71/><W9/><G9/><T35/><D35/><U17/><E118/><V102/><F128/><W24/><G92/><T109/><D70/><U78/><E78/><V84/><F115/><N who="1" m="44073" /><E21/><V125/><F125/><W95/><G20/><T97/><D79/><U129/><E129/><V86/><F77/><W53/><REACH who="3" step="1"/><G101/><REACH who="3" ten="318,201,253,218" step="2"/><T28/><D60/><U123/><E23/><V133/><F102/><W68/><G68/><T51/><D69/><U73/><E73/><V130/><F75/><W16/><G16/><N who="1" m="6250" /><E123/><V54/><F130/><W94/><G94/><T55/><D19/><U111/><E111/><V40/><F8/><W15/><G15/><T96/><D14/><U134/><E134/><V30/><F13/><W0/><G0/><T127/><D109/><U61/><E62/><V132/><F132/><W42/><G42/><T113/><D41/><U122/><E122/><V131/><F133/><W66/><G66/><T106/><D64/><U34/><E34/><V98/><F131/><W135/><G135/><T57/><D113/><U36/><E61/><V80/><F43/><W108/><G108/><T2/><D127/><U58/><E65/><V38/><F40/><RYUUKYOKU ba="1,1" sc="318,-10,201,-10,253,-10,218,30" hai3="1,5,6,10,11,12,24,25,47,49,53,95,100" /><INIT seed="5,2,1,0,5,87" ten="308,191,243,248" oya="1" hai0="80,26,34,58,52,74,62,1,107,69,59,109,57" hai1="64,61,125,133,70,29,82,8,97,51,15,73,85" hai2="88,113,2,39,11,9,130,24,117,19,42,123,120" hai3="18,91,110,118,111,83,132,78,81,98,131,28,96"/><U41/><E73/><V0/><F117/><W66/><G28/><T127/><D1/><U16/><E125/><V56/><F39/><W122/><G66/><T5/><D5/><U108/><E108/><V101/><F101/><W72/><G18/><T99/><D127/><U100/><E133/><V4/><F42/><W37/><G37/><T38/><D38/><U75/><E29/><V86/><F130/><W36/><G36/><T103/><D109/><N who="3" m="41481" /><G122/><T112/><D112/><U104/><E75/><V47/><F113/><W30/><G30/><T92/><D26/><U124/><E124/><V89/><F47/><W46/><G46/><T60/><D34/><U3/><E3/><V128/><F128/><W90/><G131/><T27/><D27/><U40/><REACH who="1" step="1"/><E51/><REACH who="1" ten="308,181,243,248" step="2"/><V14/><F0/><W119/><G132/><T32/><D74/><U7/><E7/><V13/><F2/><W17/><G17/><T105/><D32/><U115/><E115/><V54/><F24/><W68/><G119/><T93/><D107/><U77/><AGARI ba="2,2" hai="8,15,16,40,41,61,64,70,77,82,85,97,100,104" machi="77" ten="20,7800,0" yaku="1,1,0,1,7,1,54,1,53,0" doraHai="87" doraHaiUra="106" who="1" fromWho="1" sc="308,-28,181,104,243,-28,248,-28" /><INIT seed="5,3,0,5,4,133" ten="280,285,215,220" oya="1" hai0="47,92,122,3,28,41,14,95,86,21,63,90,102" hai1="93,19,76,69,54,37,61,65,121,80,99,105,33" hai2="55,59,51,15,49,53,24,111,1,88,7,81,98" hai3="78,32,83,73,71,126,135,27,45,0,12,108,72"/><U132/><E121/><V20/><F111/><W30/><G108/><T118/><D3/><U100/><E132/><V58/><F1/><W44/><G135/><T25/><D118/><U94/><E37/><V57/><F57/><W23/><G72/><T101/><D122/><U91/><E91/><V109/><F109/><W128/><G128/><T103/><D63/><U60/><E33/><V9/><F98/><W10/><G71/><T48/><REACH who="0" step="1"/><D14/><REACH who="0" ten="270,285,215,220" step="2"/><U112/><E112/><V70/><F70/><W31/><G0/><T110/><D110/><U66/><E69/><V113/><F113/><W77/><G12/><T11/><D11/><U68/><E68/><V104/><F104/><W38/><G10/><T5/><D5/><U84/><E61/><V40/><F40/><W134/><G134/><T8/><D8/><U85/><E60/><V119/><F119/><W87/><G38/><T130/><D130/><U62/><E66/><V82/><REACH who="2" step="1"/><F88/><REACH who="2" ten="270,285,205,220" step="2"/><W117/><G117/><T114/><D114/><U35/><E65/><V74/><F74/><W16/><G73/><T79/><D79/><U43/><E43/><V39/><F39/><W131/><G78/><T89/><D89/><U67/><E67/><V2/><F2/><W13/><G131/><T29/><D29/><AGARI ba="3,2" hai="7,9,15,20,24,29,49,51,53,55,58,59,81,82" machi="29" ten="30,8000,1" yaku="1,1,7,1,9,1,8,1,53,1" doraHai="133" doraHaiUra="6" who="2" fromWho="0" sc="270,-89,285,0,205,109,220,0" /><INIT seed="6,0,0,0,3,91" ten="181,285,314,220" oya="2" hai0="75,113,36,79,122,1,7,26,83,62,34,134,50" hai1="49,129,23,117,67,65,25,69,33,81,30,72,77" hai2="116,37,78,53,24,22,35,133,14,59,85,20,55" hai3="112,119,123,124,38,51,130,92,52,76,86,100,128"/><V44/><F116/><W54/><G119/><T120/><D113/><U88/><E117/><V3/><F3/><W105/><G123/><T63/><D134/><U114/><E129/><N who="3" m="49770" /><G38/><T74/><D63/><U96/><E114/><V19/><F133/><W87/><G112/><T18/><D75/><U46/><E69/><V15/><F35/><W28/><G124/><T42/><D50/><U109/><E33/><V29/><F14/><W10/><G28/><T64/><D18/><U4/><E4/><V12/><F12/><W66/><G66/><T13/><D13/><U27/><E27/><V2/><F2/><W39/><G39/><T56/><D26/><U121/><E109/><V60/><F37/><W127/><G10/><T71/><D56/><U108/><E108/><V58/><F44/><W32/><G32/><T101/><D101/><U89/><E89/><V61/><F85/><W118/><G127/><T8/><D34/><U82/><E121/><V31/><F78/><W115/><G115/><T9/><D9/><U21/><E21/><V41/><F41/><W110/><G110/><T70/><D70/><U68/><E68/><V47/><F47/><AGARI ba="0,0" hai="1,7,8,36,42,47,62,64,71,74,79,83,120,122" machi="47" ten="40,8000,1" yaku="25,2,23,2" doraHai="91" who="0" fromWho="2" sc="181,80,285,0,314,-80,220,0" /><INIT seed="7,0,0,5,3,82" ten="261,285,234,220" oya="3" hai0="62,43,84,95,90,122,59,89,64,1,66,16,29" hai1="11,26,68,94,7,0,19,96,60,88,115,105,78" hai2="35,13,113,23,74,73,37,46,22,55,118,25,15" hai3="18,99,47,5,45,6,70,101,112,63,40,9,85"/><W69/><G112/><T61/><D1/><U125/><E125/><V33/><F113/><W12/><G47/><T10/><D122/><U30/><E115/><V24/><F46/><W75/><G75/><T106/><D106/><U129/><E105/><V79/><F79/><W91/><G63/><T110/><D29/><U21/><E78/><V123/><F55/><W39/><G70/><T14/><D110/><U52/><E129/><V87/><F123/><W119/><G69/><T133/><D133/><U135/><E135/><V42/><F42/><W57/><G57/><N who="0" m="36911" /><D90/><U38/><E38/><V124/><F37/><W132/><G119/><T100/><D100/><U86/><E30/><V2/><F2/><W49/><G39/><T127/><D127/><U104/><E104/><V27/><F124/><W93/><REACH who="3" step="1"/><G132/><REACH who="3" ten="261,285,234,210" step="2"/><T4/><D43/><U92/><E68/><V58/><F118/><W56/><G56/><T50/><D50/><U116/><E116/><V114/><F58/><W107/><AGARI ba="0,1" hai="5,6,9,12,18,40,45,49,85,91,93,99,101,107" machi="107" ten="20,12000,1" yaku="1,1,0,1,7,1,52,1,53,1" doraHai="82" doraHaiUra="41" who="3" fromWho="3" sc="261,-40,285,-40,234,-40,210,130" owari="221,-18.0,245,5.0,194,-31.0,340,44.0" /></mjloggm>