<mjloggm ver="2.3"><GO type="185" lobby="0"/><UN n0="%4D%4A%E6%9C%80%E5%BC%B7%E4%BD%8D" n1="%79%61%73%73%61%6E" n2="%E3%81%97%E3%82%93%E3%81%97%E3%82%93%E3%81%97%E3%82%93" n3="" dan="17,16,17,0" rate="2241.90,2240.01,2283.20,1500.00" sx="M,M,F,C"/><TAIKYOKU oya="0"/><INIT seed="0,0,0,1,4,135" ten="350,350,350,0" oya="0" hai0="130,133,76,109,42,104,50,49,60,66,94,37,90" hai1="124,34,33,3,131,122,107,118,57,69,53,77,117" hai2="125,58,80,113,89,38,78,52,47,123,120,102,103" hai3=""/><T39/><D104/><U63/><N who="1" m="31264" /><U119/><E3/><V129/><N who="2" m="30752" /><V43/><N who="2" m="31520" /><V74/><F113/><T79/><D133/><U111/><E111/><V70/><F129/><T91/><D130/><U85/><E131/><V1/><F1/><T134/><D134/><U32/><E107/><V44/><F125/><T64/><D60/><U83/><REACH who="1" step="1"/><E69/><REACH who="1" ten="350,340,350,0" step="2"/><V84/><F70/><T108/><D94/><U98/><E98/><V51/><REACH who="2" step="1"/><F58/><REACH who="2" ten="350,340,340,0" step="2"/><T65/><D108/><U121/><N who="1" m="31008" /><U61/><E61/><V112/><F112/><T105/><D109/><U128/><E128/><V127/><F127/><AGARI ba="0,2" hai="32,33,34,53,57,63,77,83,85,117,118,119,124,127" m="31008,31264" machi="127" ten="50,8000,1" yaku="1,1,52,4,53,0" doraHai="135" doraHaiUra="35" who="1" fromWho="2" sc="350,0,340,100,340,-80,0,0" /><INIT seed="1,0,0,5,2,96" ten="350,440,260,0" oya="1" hai0="124,89,114,99,40,41,106,59,120,102,39,72,35" hai1="126,129,34,121,85,87,58,93,101,104,103,56,64" hai2="50,60,81,90,133,91,134,116,32,105,55,94,110" hai3=""/><U71/><N who="1" m="31008" /><U37/><E34/><V53/><F116/><T128/><N who="0" m="30752" /><T44/><D114/><U52/><E104/><V109/><F32/><T45/><D35/><U100/><E37/><V3/><F3/><T54/><D72/><U80/><E126/><V73/><F105/><T33/><D33/><U69/><E129/><V76/><F60/><T111/><D124/><U62/><E93/><V123/><N who="2" m="31520" /><V98/><F90/><T125/><D125/><U70/><REACH who="1" step="1"/><E80/><REACH who="1" ten="350,430,260,0" step="2"/><V67/><F67/><T61/><D128/><U74/><E74/><V130/><F130/><T36/><D111/><N who="2" m="42506" /><F55/><T83/><D83/><U127/><E127/><V75/><F75/><T97/><D97/><U119/><E119/><V65/><F65/><T66/><D66/><U68/><N who="1" m="17408" /><DORA hai="43" /><U82/><E82/><V2/><F2/><T63/><REACH who="0" step="1"/><D89/><REACH who="0" ten="340,430,260,0" step="2"/><U117/><E117/><V46/><AGARI ba="0,2" hai="46,50,53,73,76,81,91,94,98,133,134" m="42506,31520" machi="46" ten="30,3000,0" yaku="14,1,52,2" doraHai="96,43" who="2" fromWho="2" sc="340,-10,430,-20,260,50,0,0" /><INIT seed="2,0,0,4,2,106" ten="330,410,310,0" oya="2" hai0="116,92,59,81,77,126,57,93,75,61,71,98,38" hai1="113,132,115,74,60,56,117,83,72,42,86,128,51" hai2="41,101,52,121,95,123,43,69,127,97,118,96,76" hai3=""/><V65/><N who="2" m="31008" /><V2/><N who="2" m="31520" /><V122/><N who="2" m="31264" /><V78/><F118/><T134/><D116/><U33/><E33/><V39/><F2/><T1/><D1/><U63/><E117/><V82/><F127/><T102/><D38/><U89/><E128/><V35/><F35/><T88/><D126/><U133/><E51/><V54/><F69/><T37/><D37/><U67/><E60/><V53/><F65/><T87/><REACH who="0" step="1"/><D134/><REACH who="0" ten="320,410,310,0" step="2"/><N who="1" m="51819" /><E42/><V90/><F39/><T135/><D135/><U79/><E79/><N who="2" m="30251" /><F97/><T47/><D47/><U45/><E45/><V0/><F0/><T62/><D62/><U84/><E84/><AGARI ba="0,1" hai="41,43,52,53,54,82,84,90,95,96,101" m="30251,31264,31520,31008" machi="84" ten="30,12000,1" yaku="8,1,52,3,54,1" doraHai="106" who="2" fromWho="1" sc="320,0,410,-120,310,130,0,0" /><INIT seed="2,1,0,3,0,73" ten="320,290,440,0" oya="2" hai0="46,121,107,48,58,99,75,90,114,72,50,52,35" hai1="132,113,41,124,118,91,45,86,0,37,119,38,60" hai2="42,66,106,95,131,59,104,81,109,97,43,76,51" hai3=""/><V122/><N who="2" m="31264" /><V83/><F131/><T89/><N who="0" m="31008" /><T2/><D35/><U98/><E0/><V117/><F117/><N who="1" m="44553" /><E113/><V47/><F109/><T85/><D2/><U134/><E98/><V71/><F71/><T123/><N who="0" m="31520" /><T115/><D89/><U57/><E91/><V53/><F66/><T116/><D116/><U61/><E86/><V69/><F69/><T120/><N who="0" m="30752" /><T110/><D110/><U135/><E124/><V130/><F43/><T102/><D114/><U112/><E112/><V128/><F83/><T108/><D108/><U127/><E127/><V100/><F128/><T70/><D70/><U77/><E77/><V129/><F130/><T92/><D115/><U36/><E60/><V65/><F129/><T44/><D58/><U49/><E49/><V63/><F65/><AGARI ba="1,0" hai="36,37,38,41,45,57,61,65,132,134,135" m="44553" machi="65" ten="40,8000,1" yaku="20,1,12,1,34,2" doraHai="73" who="1" fromWho="2" sc="320,0,290,82,440,-82,0,0" /><INIT seed="4,0,0,0,5,2" ten="320,372,358,0" oya="0" hai0="46,74,87,125,69,55,117,80,129,134,128,111,82" hai1="65,33,36,105,103,48,79,119,76,62,34,88,114" hai2="64,115,50,101,126,93,73,112,52,68,44,95,63" hai3=""/><T61/><D117/><U42/><E119/><V116/><F116/><T124/><D74/><U86/><E36/><V77/><F73/><T85/><D69/><U51/><E103/><V58/><F77/><T47/><D61/><U59/><E105/><V0/><F0/><T121/><N who="0" m="31008" /><T71/><D71/><U75/><E75/><V37/><F126/><N who="0" m="48746" /><D55/><U3/><E3/><V130/><F130/><N who="0" m="50282" /><D111/><U113/><E48/><V54/><F54/><T106/><D106/><U102/><E51/><V108/><F108/><T94/><D94/><U53/><E42/><V49/><F95/><T56/><D56/><U118/><E118/><V123/><N who="2" m="31520" /><V39/><F93/><T67/><D67/><U57/><E59/><V104/><F104/><T41/><D134/><U45/><E45/><N who="0" m="16905" /><D41/><U120/><N who="1" m="30752" /><U107/><E53/><V1/><F1/><T40/><D40/><U72/><E72/><V122/><N who="2" m="31264" /><V70/><F68/><T100/><D100/><U90/><E107/><V110/><F110/><T35/><D35/><N who="1" m="13323" /><E102/><V132/><F101/><T127/><N who="0" m="48754" /><T38/><DORA hai="97" /><D38/><U60/><E60/><V91/><F132/><T99/><D99/><U43/><E43/><V66/><F58/><T78/><D87/><RYUUKYOKU ba="0,0" sc="320,20,372,-10,358,-10,0,0" hai0="78,80,82,85" /><INIT seed="4,1,0,2,2,61" ten="340,362,348,0" oya="0" hai0="86,126,105,79,76,111,92,82,58,34,65,36,85" hai1="98,112,89,123,1,90,83,72,124,125,71,118,115" hai2="73,117,45,132,46,131,103,48,51,54,53,52,56" hai3=""/><T88/><D36/><U32/><N who="1" m="31520" /><U33/><E71/><V133/><F73/><T59/><D34/><N who="1" m="13419" /><E1/><V55/><F103/><T70/><D105/><U81/><E118/><V80/><F80/><N who="1" m="30793" /><E72/><V101/><F101/><T62/><D111/><U60/><E60/><V3/><F3/><T130/><D126/><N who="1" m="48747" /><E98/><V78/><F117/><T114/><D130/><U67/><E67/><V122/><N who="2" m="31264" /><V43/><F78/><T42/><D76/><U93/><E93/><V97/><F97/><T84/><D114/><AGARI ba="1,0" hai="89,90,112,114,115" m="48747,30793,13419,31520" machi="114" ten="40,12000,2" yaku="28,2,15,1,11,1,18,1,52,1" doraHai="61" who="1" fromWho="0" sc="340,-122,362,122,348,0,0,0" /><INIT seed="5,0,0,3,0,0" ten="218,484,348,0" oya="1" hai0="89,37,40,100,56,45,133,124,116,131,129,66,91" hai1="85,70,108,94,135,58,39,128,102,53,105,101,55" hai2="86,107,51,73,98,82,62,114,68,44,106,80,2" hai3=""/><U123/><N who="1" m="31520" /><U111/><E70/><V84/><F114/><T75/><D100/><U64/><E39/><V49/><F2/><T76/><D116/><U69/><E69/><V113/><F113/><T74/><D124/><U35/><E35/><V127/><F73/><T57/><D133/><U72/><E72/><N who="0" m="27689" /><D76/><U104/><E64/><V93/><F127/><T47/><D45/><U109/><E128/><N who="0" m="49225" /><D57/><U126/><E135/><V60/><F68/><T112/><D112/><U119/><E119/><V122/><N who="2" m="31264" /><V41/><F51/><T48/><D48/><U32/><E32/><V33/><F33/><T34/><D34/><U125/><E58/><V1/><F1/><T54/><D54/><U65/><E65/><V63/><F106/><N who="1" m="41065" /><E53/><V134/><F107/><T88/><D89/><U90/><E55/><V61/><N who="2" m="15360" /><DORA hai="50" /><V103/><F134/><T130/><D130/><U36/><E36/><V132/><F132/><T121/><N who="0" m="31008" /><T117/><D117/><U42/><E42/><V67/><F67/><T99/><D99/><U96/><E101/><V78/><F41/><T77/><D66/><U3/><E3/><V92/><F49/><T52/><D52/><U118/><E118/><V81/><F44/><T87/><D56/><RYUUKYOKU ba="0,0" sc="218,0,484,0,348,0,0,0" hai0="37,40,47,77,87,88,91" hai1="85,90,94,96,102,108,109,111,125,126" hai2="78,80,81,82,84,86,92,93,98,103" /><INIT seed="5,1,0,4,2,37" ten="218,484,348,0" oya="1" hai0="129,32,126,86,34,54,3,135,120,79,97,33,109" hai1="89,65,62,1,92,124,39,90,74,57,63,68,66" hai2="53,50,117,0,42,130,128,58,41,102,81,38,96" hai3=""/><U43/><E1/><V78/><F117/><T131/><N who="0" m="30752" /><T104/><D109/><U111/><E111/><V118/><F118/><T98/><D3/><U106/><E106/><V85/><F0/><T44/><D126/><U40/><E39/><V83/><F83/><T61/><D135/><U91/><E124/><V59/><F59/><T132/><D132/><U69/><E74/><V56/><F56/><T35/><D61/><U2/><E2/><V49/><F38/><T133/><D133/><U84/><E57/><V80/><F49/><T51/><N who="0" m="8192" /><DORA hai="82" /><T134/><D134/><U108/><E108/><V101/><F81/><T93/><D79/><U77/><E77/><V52/><F53/><T88/><REACH who="0" step="1"/><D104/><REACH who="0" ten="208,484,348,0" step="2"/><U122/><N who="1" m="31264" /><U100/><E84/><V47/><F128/><AGARI ba="1,1" hai="44,51,54,86,88,93,97,98,128,129,131" m="8192,30752" machi="128" ten="70,16000,3" yaku="1,1,19,1,52,2,54,1,53,4" doraHai="37,82" doraHaiUra="48,127" who="0" fromWho="2" sc="208,172,484,0,348,-162,0,0" /><INIT seed="6,0,0,3,3,82" ten="380,484,186,0" oya="2" hai0="110,116,131,126,86,96,135,38,112,34,71,122,107" hai1="88,127,78,87,89,64,41,117,133,115,50,129,59" hai2="52,42,47,103,40,56,39,66,124,48,2,61,134" hai3=""/><V55/><F2/><T77/><D86/><U91/><E115/><V51/><F103/><T119/><D96/><U35/><E35/><V97/><F97/><T32/><D77/><U105/><E105/><V44/><F124/><T46/><D46/><U79/><E129/><V0/><F0/><T108/><D116/><U75/><E75/><V102/><F102/><T54/><D54/><N who="2" m="20522" /><F134/><T33/><D108/><U92/><E133/><V104/><F104/><T57/><D57/><U81/><E127/><V128/><F128/><T100/><D100/><U90/><E117/><V106/><F106/><T49/><D49/><AGARI ba="0,0" hai="39,40,42,44,47,48,49,51,56,61,66" m="20522" machi="49" ten="30,18000,2" yaku="35,5,54,1" doraHai="82" who="2" fromWho="0" sc="380,-180,484,0,186,180,0,0" /><INIT seed="6,1,0,2,0,1" ten="200,484,366,0" oya="2" hai0="2,40,33,78,108,131,32,57,41,52,45,49,70" hai1="58,99,46,94,54,126,113,83,67,103,61,106,39" hai2="89,77,72,96,116,118,128,104,36,44,82,65,135" hai3=""/><V74/><F128/><T123/><N who="0" m="31520" /><T132/><D108/><U34/><E34/><V102/><F135/><T130/><D2/><U122/><N who="1" m="31264" /><U95/><E126/><V55/><F74/><T75/><D70/><U133/><E133/><V73/><F72/><T62/><D132/><U134/><E134/><V93/><F65/><T50/><D78/><U68/><E113/><V0/><F0/><T66/><D75/><U53/><E83/><V51/><REACH who="2" step="1"/><F36/><REACH who="2" ten="200,484,356,0" step="2"/><T98/><D130/><U129/><E129/><V47/><F47/><T56/><D131/><U63/><E39/><V81/><F81/><T37/><D40/><U48/><AGARI ba="1,1" hai="46,48,53,54,58,61,63,67,68,94,95,99,103,106" m="31264" machi="48" ten="30,1500,0" yaku="0,1,52,1" doraHai="1" who="1" fromWho="1" sc="200,-6,484,27,356,-11,0,0" owari="194,-41.0,511,46.0,345,-5.0,0,0.0" /></mjloggm>