<mjloggm ver="2.3"><GO type="185" lobby="0"/><UN n0="%E3%81%B5%E3%82%8A%74%E3%82%93%EF%BC%81" n1="%E3%81%BE%E3%81%9F%E3%81%BE%E3%82%8B%E3%81%8F%E3%82%93" n2="%E2%91%A5%52%61%64%61%72" n3="" dan="17,17,16,0" rate="2272.51,2293.75,2292.88,1500.00" sx="M,M,M,C"/><TAIKYOKU oya="0"/><INIT seed="0,0,0,4,2,113" ten="350,350,350,0" oya="0" hai0="81,114,116,33,86,58,40,99,110,50,124,54,95" hai1="121,63,88,70,103,83,45,59,44,41,57,36,84" hai2="2,1,51,87,42,85,55,72,79,48,132,62,76" hai3=""/><T61/><D114/><U35/><N who="1" m="31008" /><U56/><E35/><V53/><F62/><T67/><D33/><U68/><E63/><V77/><F42/><T125/><D110/><U90/><E103/><V118/><F72/><T105/><D105/><U127/><E127/><V133/><F79/><T123/><N who="0" m="31520" /><T117/><D40/><U46/><E41/><V64/><F64/><T94/><D94/><U122/><N who="1" m="31264" /><U82/><E36/><V91/><F91/><N who="1" m="34857" /><E84/><V119/><AGARI ba="0,0" hai="1,2,48,51,53,55,76,77,85,87,118,119,132,133" machi="119" ten="25,6000,1" yaku="0,1,22,2,52,2" doraHai="113" who="2" fromWho="2" sc="350,-40,350,-20,350,60,0,0" /><INIT seed="1,0,0,4,1,108" ten="310,330,410,0" oya="1" hai0="110,66,120,102,60,76,69,109,119,100,89,45,104" hai1="61,135,52,62,65,83,105,95,88,92,59,99,63" hai2="57,67,87,73,113,124,127,36,121,32,93,131,54" hai3=""/><U106/><E135/><V41/><N who="2" m="31008" /><V39/><F73/><T3/><N who="0" m="30752" /><T132/><D3/><U37/><E37/><V115/><F32/><T123/><N who="0" m="31520" /><T117/><D132/><U33/><E33/><V116/><F116/><N who="0" m="44618" /><D76/><U58/><E83/><V34/><F67/><T134/><D134/><U84/><REACH who="1" step="1"/><E62/><REACH who="1" ten="310,320,410,0" step="2"/><V74/><F34/><T128/><D128/><U94/><E94/><V80/><F93/><T98/><D110/><U97/><E97/><V91/><F131/><T111/><D111/><U133/><E133/><V64/><F36/><T103/><D109/><U78/><E78/><V42/><F39/><T118/><D118/><U125/><E125/><V107/><F127/><T101/><D104/><U77/><E77/><V47/><F124/><T40/><D98/><U53/><E53/><V75/><F107/><T112/><D60/><U2/><E2/><V79/><F79/><T85/><D40/><U82/><E82/><V56/><F41/><T49/><D49/><U44/><E44/><V50/><F42/><T90/><D45/><U46/><E46/><V51/><F47/><T126/><D126/><U55/><E55/><V86/><F54/><T1/><D1/><U72/><E72/><V122/><F75/><RYUUKYOKU ba="0,1" sc="310,-10,320,20,410,-10,0,0" hai1="52,58,59,61,63,65,84,88,92,95,99,105,106" /><INIT seed="1,1,1,1,2,41" ten="300,340,400,0" oya="1" hai0="110,47,130,122,69,112,118,109,132,126,74,85,87" hai1="97,105,111,45,90,101,33,42,70,72,121,49,38" hai2="89,46,102,32,54,65,120,35,79,81,2,40,78" hai3=""/><U62/><N who="1" m="31008" /><U82/><E33/><V39/><N who="2" m="30752" /><V61/><F2/><T1/><D87/><U100/><E111/><V96/><F54/><T104/><D85/><U91/><E101/><V48/><F48/><T59/><D47/><U60/><E49/><V98/><F89/><T116/><D59/><U67/><REACH who="1" step="1"/><E62/><REACH who="1" ten="300,330,400,0" step="2"/><V86/><F32/><T51/><D51/><U128/><E128/><V66/><F35/><T115/><D110/><U71/><E71/><V34/><F34/><T3/><D3/><U93/><E93/><V133/><F102/><T127/><D1/><U108/><E108/><V73/><F61/><T36/><D69/><U95/><E95/><V56/><F39/><T119/><D36/><U129/><E129/><V44/><F40/><T88/><D109/><U135/><E135/><V75/><F133/><T124/><D132/><U63/><E63/><V103/><F103/><T123/><D130/><U58/><E58/><V134/><F56/><T43/><D43/><U80/><E80/><V106/><F134/><T52/><D122/><U94/><E94/><V64/><F81/><T55/><D123/><U53/><E53/><V57/><F57/><T0/><D0/><U77/><AGARI ba="1,2" hai="38,42,45,60,67,70,72,77,82,90,91,97,100,105" m="31008" machi="77" ten="30,8000,1" yaku="1,1,0,1,52,2,53,1" doraHai="41" doraHaiUra="92" who="1" fromWho="1" sc="300,-41,330,102,400,-41,0,0" /><INIT seed="1,2,0,1,1,32" ten="259,432,359,0" oya="1" hai0="43,90,1,41,97,133,107,44,47,35,92,89,33" hai1="108,37,75,73,121,80,62,64,39,96,114,119,68" hai2="95,58,86,111,77,115,130,51,81,112,126,45,52" hai3=""/><U34/><N who="1" m="31008" /><U74/><E34/><V120/><N who="2" m="30752" /><V109/><F126/><T0/><D107/><U106/><E119/><V129/><F95/><T128/><D128/><N who="2" m="49258" /><F45/><T118/><D133/><U88/><E114/><AGARI ba="2,0" hai="51,52,58,77,81,86,109,111,112,114,115" m="49258,30752" machi="114" ten="30,7700,0" yaku="11,1,19,1,52,1,54,1" doraHai="32" who="2" fromWho="1" sc="259,0,432,-81,359,81,0,0" /><INIT seed="2,0,0,5,1,57" ten="259,351,440,0" oya="2" hai0="65,85,56,38,124,47,69,74,114,127,125,70,132" hai1="92,43,120,32,99,106,133,112,77,115,78,81,61" hai2="73,37,40,35,75,130,53,101,1,90,33,96,68" hai3=""/><V80/><F1/><T113/><D74/><U109/><N who="1" m="30752" /><U36/><E32/><V58/><F68/><T98/><D98/><U107/><E109/><V110/><F130/><T45/><D85/><U48/><E133/><V72/><F110/><T60/><D132/><U128/><E128/><V52/><F40/><T2/><D2/><U131/><E131/><V67/><F37/><T62/><D70/><U41/><E36/><V121/><N who="2" m="31008" /><V129/><F129/><T95/><D95/><U3/><E3/><V50/><F90/><T91/><D91/><U76/><E81/><V93/><F80/><T82/><D82/><U59/><E107/><V103/><F101/><T89/><D89/><U97/><E97/><V118/><F33/><T119/><D119/><U49/><E106/><V84/><F84/><T51/><D38/><U134/><E134/><V117/><F35/><T0/><D0/><U94/><E99/><V105/><F105/><T135/><D135/><U102/><E102/><V64/><F118/><T44/><D51/><U66/><E94/><V88/><F117/><T86/><REACH who="0" step="1"/><D86/><REACH who="0" ten="249,351,440,0" step="2"/><U63/><E92/><V34/><F34/><T55/><AGARI ba="0,1" hai="44,45,47,55,56,60,62,65,69,113,114,124,125,127" machi="55" ten="40,12000,3" yaku="1,1,2,1,0,1,18,1,34,3,52,2,53,0" doraHai="57" doraHaiUra="126" who="0" fromWho="0" sc="249,130,351,-40,440,-80,0,0" /><INIT seed="4,0,0,4,0,64" ten="379,311,360,0" oya="0" hai0="99,110,56,107,97,41,76,129,128,38,88,134,116" hai1="63,92,100,87,2,125,59,112,90,67,130,49,93" hai2="91,70,62,55,81,79,119,101,51,132,50,48,32" hai3=""/><T71/><D116/><U98/><E130/><N who="0" m="50281" /><D134/><U35/><E125/><V39/><F32/><T75/><D110/><U40/><E2/><V135/><F119/><T113/><D113/><U82/><E35/><V83/><F39/><T46/><D107/><U73/><E112/><V72/><F101/><T124/><D124/><U117/><E117/><V127/><F127/><T118/><D71/><U120/><N who="1" m="30752" /><U65/><E73/><V95/><F83/><T123/><N who="0" m="31520" /><T121/><N who="0" m="31008" /><T58/><D118/><U102/><E67/><V42/><F42/><T108/><D108/><U61/><E61/><V111/><F111/><T69/><D69/><U44/><REACH who="1" step="1"/><E100/><REACH who="1" ten="379,301,360,0" step="2"/><V3/><F3/><T1/><D1/><U94/><AGARI ba="0,1" hai="40,44,49,59,63,65,82,87,90,92,93,94,98,102" m="30752" machi="94" ten="20,9000,2" yaku="1,1,2,1,0,1,7,1,8,1,52,1,53,0" doraHai="64" doraHaiUra="104" who="1" fromWho="1" sc="379,-60,301,100,360,-30,0,0" /><INIT seed="5,0,0,2,3,42" ten="319,401,330,0" oya="1" hai0="120,52,109,69,131,1,36,135,72,88,39,65,71" hai1="95,124,41,44,58,99,89,119,47,126,68,108,102" hai2="103,81,98,74,125,112,117,54,132,67,64,40,38" hai3=""/><U62/><E119/><V43/><F117/><T34/><RYUUKYOKU type="yao9" ba="0,0" sc="319,0,401,0,330,0,0,0" hai0="1,34,36,39,52,65,69,71,72,88,109,120,131,135" /><INIT seed="5,1,0,4,2,51" ten="319,401,330,0" oya="1" hai0="100,0,120,88,79,32,130,66,56,45,37,2,39" hai1="110,118,91,122,60,36,127,78,108,106,117,67,92" hai2="42,50,97,46,129,99,72,68,48,95,109,135,1" hai3=""/><U43/><N who="1" m="31264" /><U59/><E106/><V86/><F109/><N who="1" m="42089" /><E78/><V33/><F33/><T116/><N who="0" m="30752" /><T65/><D32/><U85/><E127/><V89/><F1/><T63/><D116/><N who="1" m="44651" /><E43/><V111/><F111/><T98/><D79/><U83/><E36/><V128/><F72/><T87/><D39/><U74/><E74/><V52/><F135/><T77/><D77/><U58/><E83/><V104/><F104/><T54/><D130/><N who="2" m="50282" /><F68/><AGARI ba="1,0" hai="58,59,60,67,68,85,91,92" m="44651,42089,31264" machi="68" ten="30,2900,0" yaku="10,1,52,1" doraHai="51" who="1" fromWho="2" sc="319,0,401,31,330,-31,0,0" /><INIT seed="5,2,0,3,2,84" ten="319,432,299,0" oya="1" hai0="79,60,43,124,72,134,36,87,118,35,125,120,42" hai1="108,100,91,117,106,111,93,114,55,132,37,109,49" hai2="66,115,70,47,41,123,59,54,62,112,45,98,121" hai3=""/><U119/><E37/><V86/><N who="2" m="31008" /><V80/><N who="2" m="31520" /><V52/><F98/><T88/><N who="0" m="30752" /><T129/><D35/><U97/><E132/><V0/><F0/><T69/><D134/><U126/><E126/><N who="0" m="48745" /><D36/><U2/><E2/><V48/><F47/><T92/><D129/><U51/><E114/><N who="2" m="43563" /><F70/><T81/><D118/><U99/><REACH who="1" step="1"/><E49/><REACH who="1" ten="319,422,299,0" step="2"/><V116/><F116/><T65/><AGARI ba="2,1" hai="42,43,60,65,69,72,79,81,87,88,92" m="48745,30752" machi="65" ten="30,5900,0" yaku="18,1,52,2,54,1" doraHai="84" who="0" fromWho="0" sc="319,73,422,-41,299,-22,0,0" /><INIT seed="6,0,0,4,3,121" ten="392,381,277,0" oya="2" hai0="50,47,40,71,116,68,59,62,52,86,103,42,93" hai1="96,101,78,122,41,131,102,105,94,107,113,125,89" hai2="128,134,3,56,73,95,70,64,43,111,117,106,82" hai3=""/><V127/><RYUUKYOKU type="yao9" ba="0,0" sc="392,0,381,0,277,0,0,0" hai2="3,43,56,64,70,73,82,95,106,111,117,127,128,134" /><INIT seed="6,1,0,0,3,34" ten="392,381,277,0" oya="2" hai0="115,119,83,36,32,40,94,85,56,108,127,95,33" hai1="97,74,113,126,60,100,122,114,124,102,37,35,65" hai2="82,0,49,118,106,116,42,128,104,112,68,62,58" hai3=""/><V61/><F0/><T78/><D119/><U101/><N who="1" m="31264" /><U93/><E74/><V77/><F112/><N who="1" m="43113" /><E37/><V80/><F128/><T110/><D115/><U84/><E84/><V90/><F90/><T125/><D36/><U66/><E35/><N who="0" m="13385" /><D56/><U121/><N who="1" m="31008" /><U38/><E38/><V129/><F129/><T70/><D40/><U105/><E66/><V55/><F42/><T2/><D70/><U96/><E101/><V50/><F68/><AGARI ba="1,0" hai="60,65,68,93,96,97,100,102,105,124,126" m="31008,43113,31264" machi="68" ten="30,3900,0" yaku="15,1,52,2" doraHai="34" who="1" fromWho="2" sc="392,0,381,41,277,-41,0,0" owari="392,-1.0,422,37.0,236,-36.0,0,0.0" /></mjloggm>