<mjloggm ver="2.3"><GO type="185" lobby="0"/><UN n0="%E9%B3%B4%E3%81%8D%E3%83%80%E3%83%AB%E3%83%9E" n1="%7A%61%30%30%30%34" n2="%74%6F%6D%69%31%30%32%39" n3="" dan="17,17,16,0" rate="2251.96,2283.09,2112.36,1500.00" sx="M,M,M,C"/><TAIKYOKU oya="0"/><INIT seed="0,0,0,3,1,100" ten="350,350,350,0" oya="0" hai0="118,129,64,120,84,0,125,91,116,128,52,47,66" hai1="53,123,132,97,43,83,127,42,49,2,67,41,69" hai2="107,99,57,51,111,130,93,131,121,103,74,71,88" hai3=""/><T36/><N who="0" m="30752" /><T86/><D0/><U135/><N who="1" m="31520" /><U44/><E2/><V124/><N who="2" m="31008" /><V90/><F71/><T126/><D36/><U80/><E97/><V48/><F111/><T117/><D47/><U73/><E127/><N who="0" m="48649" /><D52/><U98/><E98/><V119/><F74/><T56/><D56/><U95/><E95/><V92/><F124/><T50/><D50/><U122/><N who="1" m="31264" /><U112/><E73/><V1/><F119/><T61/><D61/><U104/><E104/><V134/><F134/><N who="1" m="51241" /><E112/><V102/><F99/><T94/><D86/><U60/><AGARI ba="0,0" hai="41,42,43,44,49,53,60,67,69,80,83" m="51241,31264,31520" machi="60" ten="40,3900,0" yaku="20,1,52,2" doraHai="100" who="1" fromWho="1" sc="350,-26,350,39,350,-13,0,0" /><INIT seed="1,0,0,5,2,113" ten="324,389,337,0" oya="1" hai0="0,35,92,49,53,88,47,45,34,123,41,109,79" hai1="83,114,111,85,57,118,44,119,102,52,65,132,110" hai2="89,80,69,77,56,68,46,104,78,32,71,133,127" hai3=""/><U86/><E114/><V2/><F2/><T50/><N who="0" m="31520" /><T37/><D0/><U93/><E132/><V121/><N who="2" m="31008" /><V96/><F32/><T129/><D109/><N who="1" m="41483" /><E44/><V135/><F127/><T134/><D134/><N who="2" m="51210" /><F46/><T120/><N who="0" m="30752" /><T59/><D129/><U101/><E65/><V66/><F104/><T107/><D107/><U39/><E39/><V42/><F42/><T33/><D79/><U43/><E43/><V61/><F96/><T125/><D125/><U72/><E72/><V98/><F98/><T87/><REACH who="0" step="1"/><D47/><REACH who="0" ten="314,389,337,0" step="2"/><U63/><E93/><V84/><AGARI ba="0,1" hai="56,61,66,68,69,71,77,78,80,84,89" m="51210,31008" machi="84" ten="40,2000,0" yaku="20,1,52,1" doraHai="113" who="2" fromWho="2" sc="314,-7,389,-13,337,30,0,0" /><INIT seed="2,0,0,2,0,56" ten="307,376,367,0" oya="2" hai0="72,97,95,44,64,41,45,58,87,63,131,57,100" hai1="34,83,74,51,121,105,82,96,0,128,77,48,39" hai2="78,129,123,113,81,68,71,1,80,50,102,2,122" hai3=""/><V33/><N who="2" m="31264" /><V130/><N who="2" m="31520" /><V85/><F33/><T109/><D109/><U70/><N who="1" m="31008" /><U132/><E39/><V93/><F113/><T92/><D131/><N who="2" m="50186" /><F102/><T73/><D45/><U126/><E70/><N who="2" m="26667" /><F93/><T88/><REACH who="0" step="1"/><D58/><REACH who="0" ten="297,376,367,0" step="2"/><U90/><E128/><V114/><F114/><T36/><AGARI ba="0,1" hai="36,41,44,57,63,64,72,73,87,88,92,95,97,100" machi="36" ten="20,9000,2" yaku="1,1,2,1,0,1,7,1,52,1,54,1,53,0" doraHai="56" doraHaiUra="67" who="0" fromWho="0" sc="297,100,376,-30,367,-60,0,0" /><INIT seed="4,0,0,3,4,57" ten="397,346,307,0" oya="0" hai0="32,39,85,131,103,124,106,52,99,63,134,38,59" hai1="64,69,98,42,54,67,127,60,65,75,94,116,89" hai2="132,55,0,66,101,37,113,91,96,62,3,117,119" hai3=""/><T95/><D32/><U79/><E116/><V125/><F113/><T58/><D124/><U40/><E127/><V84/><F37/><T109/><D134/><U50/><E40/><V107/><F132/><T102/><D131/><U83/><REACH who="1" step="1"/><E42/><REACH who="1" ten="397,336,307,0" step="2"/><V110/><F125/><T44/><D109/><U74/><E74/><V88/><F110/><T45/><D38/><U118/><E118/><V2/><F119/><T90/><D39/><U49/><E49/><V129/><F117/><T56/><D103/><U122/><N who="1" m="31264" /><U1/><E1/><V114/><F114/><T115/><D115/><U35/><E35/><V46/><F129/><T130/><D130/><U81/><E81/><V87/><F2/><T86/><D58/><AGARI ba="0,1" hai="50,54,58,60,64,65,67,69,75,79,83,89,94,98" m="31264" machi="58" ten="30,7700,0" yaku="1,1,7,1,52,2,53,0" doraHai="57" doraHaiUra="128" who="1" fromWho="0" sc="397,-77,336,87,307,0,0,0" /><INIT seed="5,0,0,3,1,98" ten="320,423,307,0" oya="1" hai0="49,36,132,99,121,88,54,79,51,110,78,47,93" hai1="111,70,3,120,122,100,64,40,87,62,92,42,115" hai2="127,118,71,58,0,39,60,104,69,44,123,106,43" hai3=""/><U135/><N who="1" m="30752" /><U66/><N who="1" m="31264" /><U48/><E3/><V116/><N who="2" m="31520" /><V84/><F106/><T94/><N who="0" m="31008" /><T81/><D110/><U50/><E111/><V63/><F104/><T65/><D132/><U67/><E135/><V131/><F0/><T53/><D36/><U80/><E115/><V124/><F84/><T2/><D2/><U76/><E62/><N who="2" m="23595" /><F58/><T33/><D33/><U37/><E70/><N who="2" m="26635" /><F131/><T86/><D65/><U77/><E37/><V112/><F112/><T109/><D109/><U72/><E72/><V45/><F45/><T113/><D113/><U52/><E77/><N who="0" m="29193" /><D99/><U130/><E130/><V107/><F107/><T134/><D134/><U91/><E76/><V56/><F56/><AGARI ba="0,0" hai="47,49,51,53,54,56,81,86,88,93,94" m="29193,31008" machi="56" ten="30,3900,0" yaku="8,1,52,1,54,1" doraHai="98" who="0" fromWho="2" sc="320,39,423,0,307,-39,0,0" /><INIT seed="6,0,0,3,5,53" ten="359,423,268,0" oya="2" hai0="82,70,119,87,78,64,121,36,114,63,98,56,0" hai1="33,60,51,99,32,3,130,104,112,39,89,109,79" hai2="88,101,126,134,44,133,124,125,110,57,91,93,47" hai3=""/><V65/><F110/><T113/><N who="0" m="31008" /><T83/><D0/><U48/><E39/><V68/><F68/><T75/><D119/><U62/><E109/><V71/><F71/><T118/><D118/><U123/><N who="1" m="31520" /><U107/><E89/><N who="2" m="34379" /><F101/><T37/><D98/><U61/><E99/><V52/><F65/><T117/><D117/><U132/><E112/><N who="0" m="43113" /><D70/><U111/><E132/><N who="2" m="50795" /><F93/><T84/><D75/><U115/><E111/><V74/><F74/><T59/><D56/><U67/><E67/><V43/><F43/><T40/><D40/><U2/><E115/><V72/><F72/><T35/><D35/><U45/><E33/><V92/><F92/><T100/><D100/><U86/><E32/><V120/><N who="2" m="30752" /><V41/><F41/><T106/><D106/><U80/><E107/><V76/><F76/><AGARI ba="0,0" hai="36,37,59,63,64,76,78,82,83,84,87" m="43113,31008" machi="76" ten="30,7700,0" yaku="15,1,11,1,52,2" doraHai="53" who="0" fromWho="2" sc="359,77,423,0,268,-77,0,0" owari="436,39.0,423,2.0,191,-41.0,0,0.0" /></mjloggm>