<mjloggm ver="2.3"><GO type="169" lobby="0"/><UN n0="%E3%82%82%E3%82%8A%E3%82%82%E3%82%8A%E3%81%8A%E3%81%AB%E3%81%8E%E3%82%8A" n1="%E6%98%AF%E6%94%BF%E3%81%AE%E5%A4%95%E9%99%BD" n2="%E5%AF%BF%E4%BA%BA%E6%B5%81%E7%89%8C%E6%89%8B" n3="%E3%81%8A%E3%81%84%E3%81%AA%E3%82%8A%E3%81%A1%E3%82%83%E3%82%93%E2%85%A1" dan="16,16,16,16" rate="2167.21,2153.36,2085.63,2089.07" sx="M,M,M,M"/><TAIKYOKU oya="0"/><INIT seed="0,0,0,3,2,9" ten="250,250,250,250" oya="0" hai0="100,94,11,62,22,112,2,32,77,33,85,36,60" hai1="91,40,125,52,7,115,83,109,5,53,84,66,95" hai2="117,106,3,135,49,128,107,44,34,70,102,98,87" hai3="81,50,72,29,74,126,4,64,89,116,30,96,6"/><T99/><D112/><U92/><E109/><V41/><F3/><W129/><G116/><T134/><D36/><U19/><E125/><V68/><F107/><W0/><G0/><T1/><D134/><U130/><E130/><V8/><F128/><W101/><G129/><T65/><D2/><U78/><E40/><V48/><F135/><W113/><G64/><T24/><D77/><U13/><E66/><V120/><F120/><W51/><G81/><T56/><D85/><N who="1" m="48375" /><E95/><V82/><F34/><W73/><G89/><T80/><D80/><U28/><E28/><V47/><F8/><W23/><G126/><T122/><D122/><U124/><E115/><V119/><F117/><W10/><G10/><T38/><D38/><U54/><E124/><V90/><REACH who="2" step="1"/><F119/><REACH who="2" ten="250,250,240,250" step="2"/><W71/><G113/><T31/><REACH who="0" step="1"/><D62/><REACH who="0" ten="240,250,240,250" step="2"/><U12/><E19/><V121/><F121/><W46/><G73/><T42/><D42/><AGARI ba="0,2" hai="41,42,44,47,48,49,68,70,82,87,90,98,102,106" machi="42" ten="30,8000,1" yaku="1,1,7,1,9,1,53,2" doraHai="9" doraHaiUra="67" who="2" fromWho="0" sc="240,-80,250,0,240,100,250,0" /><INIT seed="1,0,0,0,2,4" ten="160,250,340,250" oya="1" hai0="6,1,116,52,8,45,106,14,27,5,131,61,73" hai1="107,69,65,71,63,80,23,12,3,93,2,75,123" hai2="17,67,109,105,103,30,87,11,86,127,82,91,20" hai3="97,113,81,47,122,42,85,96,126,50,56,40,58"/><U35/><E123/><V24/><F109/><W36/><G122/><T29/><D116/><U102/><E93/><V101/><F127/><W37/><G126/><T108/><D108/><U124/><E23/><V100/><F67/><W39/><G113/><T57/><D131/><U89/><E89/><V72/><F72/><W98/><REACH who="3" step="1"/><G42/><REACH who="3" ten="160,250,340,240" step="2"/><T64/><D73/><U33/><E124/><V53/><F105/><W76/><AGARI ba="0,1" hai="36,37,39,40,47,50,56,58,76,81,85,96,97,98" machi="76" ten="40,5200,0" yaku="1,1,2,1,0,1,53,0" doraHai="4" doraHaiUra="10" who="3" fromWho="3" sc="160,-13,250,-26,340,-13,240,62" /><INIT seed="2,0,0,4,3,26" ten="147,224,327,302" oya="2" hai0="13,118,29,99,134,45,87,128,72,43,24,28,126" hai1="63,122,127,108,80,46,116,11,7,125,115,16,104" hai2="78,57,49,47,22,97,6,76,102,9,66,23,88" hai3="106,96,1,18,58,2,110,52,129,79,44,107,130"/><V77/><F66/><W68/><G68/><T40/><D72/><U70/><E116/><V21/><F57/><W4/><G110/><T62/><D118/><U59/><E108/><V75/><F75/><W73/><G44/><T112/><D112/><U61/><E115/><V119/><F119/><W91/><G79/><T25/><D134/><U114/><E114/><V5/><F9/><W83/><G73/><T103/><D128/><U60/><E104/><V132/><F132/><W27/><G4/><T101/><D126/><U39/><E70/><V105/><REACH who="2" step="1"/><F88/><REACH who="2" ten="147,224,317,302" step="2"/><W93/><G129/><T36/><D62/><U37/><E59/><V120/><F120/><W74/><G130/><T111/><D111/><U67/><E67/><V38/><F38/><W84/><G74/><T53/><D87/><U51/><E122/><V85/><F85/><W100/><G1/><T123/><D123/><U33/><E39/><V133/><F133/><W71/><G2/><T131/><D131/><U94/><E37/><V98/><F98/><W135/><G135/><T10/><D99/><U15/><E61/><V81/><F81/><W32/><G71/><T56/><D36/><U0/><E80/><V34/><F34/><W65/><G65/><T55/><D56/><U121/><E33/><V8/><F8/><W90/><G90/><T41/><D10/><N who="1" m="6263" /><E60/><V35/><F35/><W42/><G32/><T86/><D86/><U30/><E63/><V124/><F124/><W113/><G84/><T17/><D45/><U19/><E121/><V14/><F14/><W89/><G83/><T117/><D117/><RYUUKYOKU ba="0,1" sc="147,-10,224,-10,317,30,302,-10" hai2="5,6,21,22,23,47,49,76,77,78,97,102,105" /><INIT seed="2,1,1,1,0,50" ten="137,214,347,292" oya="2" hai0="127,93,131,66,9,7,3,20,98,8,56,33,101" hai1="132,27,99,15,32,121,4,79,69,95,87,28,82" hai2="103,112,54,26,74,6,62,29,37,89,115,106,31" hai3="77,83,60,118,25,102,21,84,30,107,110,22,116"/><V113/><F37/><W63/><G110/><T86/><D33/><U119/><E119/><V71/><F74/><W100/><G116/><T104/><D131/><U34/><E69/><V135/><F135/><W57/><G118/><T133/><D133/><U58/><E121/><V52/><F6/><W44/><G107/><T76/><D127/><U73/><E132/><V130/><F130/><W134/><G134/><T46/><D9/><U16/><E4/><V41/><F41/><W128/><G128/><T129/><D129/><U94/><E34/><N who="2" m="20791" /><F89/><W67/><G44/><T96/><D20/><U123/><E123/><V65/><F31/><W91/><G91/><T111/><D111/><U48/><E73/><V109/><F109/><W117/><G117/><T51/><D76/><U122/><E99/><AGARI ba="1,1" hai="52,54,62,65,71,99,103,106,112,113,115" m="20791" machi="99" ten="30,11600,0" yaku="25,1,52,2,54,1" doraHai="50" who="2" fromWho="1" sc="137,0,214,-119,347,129,292,0" /><INIT seed="2,2,0,4,0,35" ten="137,95,476,292" oya="2" hai0="25,82,124,4,79,57,30,116,94,61,28,77,63" hai1="81,85,101,60,12,89,74,23,18,104,117,68,64" hai2="70,115,96,93,65,24,131,86,121,31,114,73,80" hai3="26,118,126,76,92,103,7,46,125,11,91,113,32"/><V2/><F121/><W44/><G118/><T87/><D124/><N who="3" m="47721" /><G103/><T14/><D116/><U122/><E122/><V123/><F123/><W107/><G76/><T69/><D79/><U16/><E117/><V20/><F73/><W108/><G107/><T5/><D69/><U106/><E101/><V129/><F65/><W38/><G38/><T71/><D71/><U130/><E130/><N who="2" m="49675" /><F70/><W55/><G55/><T100/><D14/><U59/><E74/><V36/><F36/><W21/><G32/><T97/><D63/><U9/><REACH who="1" step="1"/><E68/><REACH who="1" ten="137,85,476,292" step="2"/><V1/><F115/><W112/><G113/><T109/><D109/><U127/><E127/><V120/><F114/><W6/><G108/><T67/><REACH who="0" step="1"/><D28/><REACH who="0" ten="127,85,476,292" step="2"/><U133/><E133/><V37/><F120/><W135/><G112/><T13/><D13/><AGARI ba="2,2" hai="9,12,13,16,18,23,59,60,64,81,85,89,104,106" machi="13" ten="30,7700,0" yaku="1,1,7,1,54,1,53,1" doraHai="35" doraHaiUra="53" who="1" fromWho="0" sc="127,-83,85,103,476,0,292,0" /><INIT seed="3,0,0,0,2,7" ten="44,188,476,292" oya="3" hai0="134,115,41,114,52,123,132,79,63,130,15,104,13" hai1="95,31,119,94,91,92,21,82,33,18,85,110,30" hai2="81,84,64,106,8,108,20,67,129,61,23,27,44" hai3="74,90,62,73,72,118,40,1,99,60,35,6,38"/><W87/><G118/><T126/><D123/><U120/><E110/><V22/><F106/><W28/><G35/><T49/><D104/><U0/><E120/><V75/><F75/><W12/><G1/><T96/><D79/><U37/><E37/><V2/><F108/><W88/><G28/><T50/><D96/><U42/><E0/><V34/><F129/><W116/><G116/><T11/><D130/><U93/><E33/><V53/><F34/><W86/><G99/><T9/><D63/><U102/><E42/><V117/><F117/><W55/><G40/><T59/><D126/><U98/><REACH who="1" step="1"/><E119/><REACH who="1" ten="44,178,476,292" step="2"/><V97/><F2/><W121/><G38/><T10/><D41/><U127/><E127/><V66/><F27/><AGARI ba="0,1" hai="18,21,27,30,31,82,85,91,92,93,94,95,98,102" machi="27" ten="40,2600,0" yaku="1,1,8,1,53,0" doraHai="7" doraHaiUra="107" who="1" fromWho="2" sc="44,0,178,36,476,-26,292,0" /><INIT seed="4,0,0,2,5,129" ten="44,214,450,292" oya="0" hai0="107,65,43,110,117,127,16,74,63,44,87,111,128" hai1="90,3,131,15,91,62,57,85,59,39,34,77,14" hai2="101,79,6,54,103,30,5,69,38,52,50,80,88" hai3="106,104,53,28,84,89,115,93,133,48,20,120,125"/><T26/><D74/><U40/><E3/><V135/><F38/><W49/><G115/><T23/><D117/><U70/><E34/><V25/><F69/><W132/><G125/><T81/><D107/><U37/><E70/><V102/><F135/><N who="3" m="51787" /><G120/><T60/><D128/><U67/><E39/><V113/><F113/><W19/><G28/><T130/><D127/><U108/><E40/><V95/><F80/><W42/><G42/><T29/><D29/><U46/><E46/><V105/><F79/><W27/><G49/><T116/><D116/><U124/><E37/><V8/><F8/><W109/><G109/><N who="0" m="41483" /><D65/><U13/><E131/><V119/><F105/><W36/><G36/><N who="0" m="21607" /><D130/><U100/><E124/><V41/><F41/><W66/><G66/><T94/><D94/><U18/><E67/><V98/><F119/><W51/><G51/><T1/><D1/><U12/><E62/><V31/><F31/><W55/><G55/><T2/><D2/><U58/><E108/><V33/><REACH who="2" step="1"/><F54/><REACH who="2" ten="44,214,440,292" step="2"/><W122/><G122/><T76/><AGARI ba="0,1" hai="16,23,26,60,63,76,81,87" m="21607,41483" machi="76" ten="30,3000,0" yaku="10,1,54,1" doraHai="129" who="0" fromWho="0" sc="44,40,214,-10,440,-10,292,-10" /><INIT seed="4,1,0,3,3,39" ten="84,204,430,282" oya="0" hai0="62,19,128,61,66,127,50,22,3,24,80,16,13" hai1="112,51,14,100,97,36,27,63,88,0,10,85,91" hai2="117,17,124,34,103,101,93,46,70,86,113,73,92" hai3="98,99,29,84,37,8,21,49,26,67,72,7,79"/><T18/><D3/><U64/><E36/><V107/><F70/><W87/><G37/><T83/><D128/><U102/><E0/><V31/><F17/><W116/><G116/><T11/><D127/><U119/><E119/><V96/><F46/><W2/><G72/><T42/><D19/><U9/><E9/><V125/><F31/><W60/><G49/><T38/><D38/><U75/><E75/><V55/><F55/><W44/><G44/><N who="0" m="25879" /><D66/><U20/><E51/><V6/><F6/><W54/><G54/><T134/><D134/><U126/><E112/><V58/><F58/><W47/><G47/><T122/><D122/><U45/><E45/><V71/><F71/><W89/><G87/><T129/><D129/><U40/><E40/><V30/><F30/><W5/><G79/><T59/><D59/><U53/><E53/><V74/><F34/><W130/><G7/><T68/><D68/><U56/><E97/><N who="2" m="61935" /><F117/><W25/><G130/><T81/><AGARI ba="1,0" hai="11,13,16,18,22,24,61,62,80,81,83" m="25879" machi="81" ten="30,6000,0" yaku="8,1,52,1,54,1" doraHai="39" who="0" fromWho="0" sc="84,63,204,-21,430,-21,282,-21" /><INIT seed="4,2,0,3,1,121" ten="147,183,409,261" oya="0" hai0="135,93,118,124,55,127,103,108,116,42,99,71,7" hai1="22,98,14,128,78,106,25,94,21,8,105,68,73" hai2="29,104,119,63,40,13,82,109,10,61,52,65,97" hai3="100,19,18,114,66,1,60,92,122,76,49,36,131"/><T112/><D71/><U80/><E128/><V101/><F109/><W125/><G36/><T81/><D42/><U129/><E68/><V95/><F40/><W50/><G1/><T32/><D32/><U37/><E37/><V2/><F2/><W91/><G131/><T130/><D7/><U132/><E132/><V115/><F115/><W84/><G122/><T28/><D28/><U41/><E41/><V45/><F29/><W46/><G125/><N who="0" m="48203" /><D130/><U120/><E120/><V67/><F119/><N who="0" m="45610" /><D135/><U77/><E77/><V85/><F104/><W34/><G76/><T74/><D55/><U87/><E73/><V79/><F63/><W64/><G114/><T30/><D30/><U39/><E39/><V133/><F133/><W89/><G34/><T4/><D4/><U111/><E105/><V107/><F107/><W86/><G60/><T16/><D16/><U90/><E106/><V44/><F44/><W48/><G46/><T75/><D112/><U69/><E69/><V3/><F3/><W110/><G18/><T72/><D81/><U102/><E129/><V20/><F20/><W70/><G19/><T17/><D17/><U31/><E22/><V117/><F117/><W47/><G70/><T33/><D33/><U113/><E113/><V6/><F45/><W54/><G47/><T15/><D15/><U134/><E134/><V88/><F52/><W11/><G54/><T26/><D26/><U24/><E25/><V53/><F53/><W62/><G62/><T0/><D0/><U12/><E14/><V126/><F126/><W83/><G49/><T5/><D5/><RYUUKYOKU ba="2,0" sc="147,30,183,-10,409,-10,261,-10" hai0="72,74,75,93,99,103,108" /><INIT seed="4,3,0,5,0,132" ten="177,173,399,251" oya="0" hai0="0,61,87,79,54,127,84,91,125,48,72,65,69" hai1="122,106,7,59,78,2,107,98,17,75,6,37,62" hai2="104,66,43,5,45,101,102,95,3,49,64,36,1" hai3="121,96,41,44,130,40,21,23,31,116,19,124,10"/><T55/><D0/><U94/><E122/><V99/><F36/><W129/><G121/><T56/><D91/><U93/><E37/><V126/><F126/><N who="0" m="48138" /><D55/><U18/><E93/><N who="2" m="58607" /><F1/><W50/><G41/><T113/><D113/><U90/><E106/><V33/><F104/><W4/><G116/><T28/><D28/><U128/><E107/><V74/><F3/><W135/><G135/><T32/><D32/><U117/><E117/><V39/><F33/><W67/><G31/><T34/><D34/><U24/><E128/><N who="3" m="49258" /><G67/><T51/><D51/><U35/><E35/><V47/><F39/><W60/><G124/><T80/><AGARI ba="3,0" hai="48,54,56,61,65,69,72,79,80,84,87" m="48138" machi="80" ten="30,11700,0" yaku="18,1,52,3" doraHai="132" who="0" fromWho="0" sc="177,126,173,-42,399,-42,251,-42" /><INIT seed="4,4,0,5,1,94" ten="303,131,357,209" oya="0" hai0="120,52,17,95,129,14,8,130,106,28,114,98,78" hai1="57,115,20,4,123,109,81,74,40,93,67,58,60" hai2="43,53,104,37,3,103,1,47,86,26,34,97,13" hai3="9,119,31,77,113,59,30,101,65,24,121,15,18"/><T92/><D120/><U55/><E109/><V134/><F134/><W128/><G121/><T21/><D114/><U2/><E123/><V66/><F66/><W16/><G113/><T22/><D78/><U125/><E125/><V45/><F86/><W79/><G119/><T105/><D95/><U82/><E115/><V131/><F131/><N who="0" m="50186" /><D52/><U27/><E74/><V73/><F73/><W76/><G128/><T50/><D50/><U100/><E4/><V99/><F13/><W70/><G70/><T83/><D83/><U38/><E2/><V63/><F99/><W44/><G44/><T62/><D62/><N who="1" m="38359" /><E40/><V12/><F12/><N who="3" m="7183" /><G24/><N who="0" m="16407" /><D8/><U107/><E107/><V19/><F45/><W91/><G91/><AGARI ba="4,0" hai="14,17,21,91,92,98,105,106" m="16407,50186" machi="91" ten="30,2900,0" yaku="19,1,52,1" doraHai="94" who="0" fromWho="3" sc="303,41,131,0,357,0,209,-41" /><INIT seed="4,5,0,3,5,45" ten="344,131,357,168" oya="0" hai0="70,115,90,66,110,20,9,127,18,122,57,133,75" hai1="79,27,36,2,81,77,23,97,35,73,116,47,7" hai2="29,119,46,85,95,121,101,21,134,96,125,120,87" hai3="63,82,12,16,13,131,86,72,40,132,100,31,92"/><T104/><D122/><U76/><E116/><V94/><F134/><W42/><G132/><T109/><D133/><U11/><E35/><V107/><F46/><W48/><G131/><T34/><D34/><U117/><E97/><N who="2" m="61871" /><F29/><W123/><G72/><T37/><D104/><U4/><E4/><V105/><F21/><W111/><G111/><T84/><D75/><U24/><E117/><V32/><F32/><W26/><G63/><T113/><D37/><U43/><REACH who="1" step="1"/><E27/><REACH who="1" ten="344,121,357,168" step="2"/><V67/><F119/><W62/><G123/><T52/><D110/><U14/><E14/><V60/><F96/><W102/><G12/><T91/><D109/><U55/><E55/><V56/><F121/><W108/><G108/><T19/><D52/><U74/><E74/><V103/><F120/><W83/><G26/><T128/><D128/><U5/><E5/><V118/><F118/><W135/><G135/><T15/><D15/><U41/><E41/><V22/><F67/><W33/><G40/><T28/><D66/><U64/><E64/><V130/><F130/><W1/><G33/><T51/><D84/><U53/><E53/><V114/><F85/><W30/><G42/><T58/><D113/><U6/><E6/><V59/><F87/><W93/><G86/><T126/><D115/><U10/><E10/><V89/><F114/><W68/><G13/><T50/><D9/><U112/><E112/><V80/><F22/><W129/><G129/><T71/><D20/><U3/><E3/><V44/><F80/><W38/><G1/><T106/><D106/><U69/><E69/><V98/><F105/><RYUUKYOKU ba="5,1" sc="344,15,121,15,357,-15,168,-15" hai0="18,19,28,50,51,57,58,70,71,90,91,126,127" hai1="2,7,11,23,24,36,43,47,73,76,77,79,81" /><INIT seed="4,6,1,3,5,5" ten="359,136,342,153" oya="0" hai0="62,93,98,38,36,90,41,131,108,50,109,58,120" hai1="99,121,51,72,29,61,17,135,89,60,49,15,104" hai2="101,86,96,74,67,23,26,111,1,125,20,65,46" hai3="53,25,87,82,78,117,70,47,95,126,63,11,103"/><T106/><D120/><U31/><E121/><V122/><F122/><W100/><G117/><T59/><D131/><U133/><E72/><V22/><F74/><W64/><G126/><T7/><D106/><U73/><E73/><V16/><F1/><W39/><G25/><T32/><D32/><U40/><E104/><V12/><F125/><W129/><G129/><T97/><D97/><U21/><E133/><V8/><F111/><N who="0" m="42570" /><D7/><U85/><E99/><V112/><F112/><W80/><G95/><T128/><D128/><U75/><E75/><V42/><F86/><W77/><G82/><T43/><D50/><N who="1" m="18955" /><E40/><N who="0" m="15433" /><D58/><U35/><E35/><V18/><F42/><W123/><G123/><T19/><D19/><U130/><E135/><V48/><F48/><W124/><G124/><T66/><AGARI ba="6,1" hai="36,38,59,62,66,90,93,98" m="15433,42570" machi="66" ten="30,1500,0" yaku="10,1" doraHai="5" who="0" fromWho="0" sc="359,43,136,-11,342,-11,153,-11" /><INIT seed="4,7,0,0,0,45" ten="402,125,331,142" oya="0" hai0="14,26,103,20,82,43,50,112,80,54,32,74,24" hai1="35,6,17,69,71,53,95,66,76,61,52,11,57" hai2="16,42,78,120,36,38,63,67,110,79,44,2,106" hai3="119,3,21,131,98,99,56,23,133,0,113,12,75"/><T107/><D112/><U101/><E35/><V22/><F120/><W104/><G113/><T8/><D43/><U130/><E130/><V33/><F33/><W72/><G56/><T28/><D74/><U64/><E76/><V89/><F2/><W128/><G12/><T27/><D103/><U65/><E53/><V93/><F106/><W9/><G104/><T49/><D107/><U40/><E40/><V18/><F110/><W10/><REACH who="3" step="1"/><G133/><REACH who="3" ten="402,125,331,132" step="2"/><T123/><D14/><U13/><E69/><V34/><F36/><W135/><G135/><T121/><D121/><U116/><E116/><AGARI ba="7,1" hai="0,3,9,10,21,23,72,75,98,99,116,119,128,131" machi="116" ten="25,3200,0" yaku="1,1,22,2,53,0" doraHai="45" doraHaiUra="87" who="3" fromWho="1" sc="402,0,125,-53,331,0,132,63" /><INIT seed="5,0,0,4,0,11" ten="402,72,331,195" oya="1" hai0="88,109,87,105,70,62,132,6,90,122,83,103,127" hai1="133,74,8,9,27,117,68,32,56,101,38,104,100" hai2="73,46,35,0,72,89,61,26,79,110,86,10,106" hai3="91,5,65,99,28,130,37,18,92,13,24,44,78"/><U95/><E68/><V49/><F106/><W128/><G78/><T58/><D109/><U33/><E117/><V12/><F110/><W66/><G5/><T112/><D70/><U59/><E74/><V42/><F0/><W113/><G113/><T25/><D112/><U94/><E27/><V85/><F61/><W129/><G44/><T96/><D132/><U116/><E116/><V81/><F26/><W119/><G37/><T108/><D108/><U48/><E48/><V75/><F35/><N who="3" m="20871" /><G119/><T34/><D127/><U43/><E43/><V40/><F42/><W55/><G55/><T80/><D122/><U57/><E57/><V60/><F60/><W111/><G111/><T121/><D6/><U71/><E71/><V63/><F63/><W114/><G114/><T97/><D121/><U123/><E123/><V51/><F49/><W30/><G30/><T84/><D97/><U47/><E47/><V36/><F36/><W52/><G52/><T23/><D34/><U19/><E38/><V15/><REACH who="2" step="1"/><F10/><AGARI ba="0,0" hai="10,13,18,65,66,91,92,99,128,129,130" m="20871" machi="10" ten="30,2000,0" yaku="19,1,52,1" doraHai="11" who="3" fromWho="2" sc="402,0,72,0,331,-20,195,20" /><INIT seed="6,0,0,4,3,7" ten="402,72,311,215" oya="2" hai0="130,33,44,10,123,134,41,9,78,86,20,70,108" hai1="67,122,64,111,57,80,112,107,74,3,16,66,63" hai2="4,89,56,40,30,13,46,11,26,61,125,47,6" hai3="49,59,82,34,55,76,60,88,22,23,100,128,53"/><V50/><F125/><W99/><G34/><T19/><D108/><U92/><E111/><V94/><F46/><W83/><G83/><T32/><D70/><U8/><E107/><V120/><F120/><W135/><G135/><T93/><D123/><U118/><E118/><V106/><F106/><W84/><G76/><T37/><D130/><U126/><E126/><V1/><F1/><W29/><G29/><T21/><D33/><U52/><E3/><V110/><F110/><W18/><G18/><T54/><D32/><U38/><E38/><V117/><F117/><W15/><G15/><T71/><D71/><U35/><E35/><V95/><F6/><W25/><G25/><T104/><D104/><U2/><E2/><V90/><F95/><N who="3" m="58495" /><G128/><T113/><D113/><U14/><E112/><V27/><F94/><W124/><G124/><T87/><D93/><U79/><E122/><V39/><F39/><W133/><G133/><T62/><D78/><U132/><E132/><V101/><F101/><W51/><G60/><T127/><D127/><U102/><E102/><V97/><F97/><W105/><G105/><T115/><D115/><U116/><E116/><V114/><F114/><W85/><G85/><N who="0" m="32267" /><D19/><U5/><E92/><V36/><F36/><W0/><G0/><T77/><D77/><U129/><REACH who="1" step="1"/><E5/><REACH who="1" ten="402,62,311,215" step="2"/><V96/><F96/><W98/><G98/><T69/><D134/><U72/><E72/><V43/><F4/><W45/><AGARI ba="0,1" hai="22,23,45,49,51,53,55,59,82,84,88" m="58495" machi="45" ten="30,2000,0" yaku="8,1,54,1" doraHai="7" who="3" fromWho="3" sc="402,-5,62,-5,311,-10,215,30" /><INIT seed="7,0,0,3,3,106" ten="397,57,301,245" oya="3" hai0="121,21,99,49,30,33,28,37,58,110,61,66,47" hai1="40,57,52,93,85,107,2,8,46,125,32,82,128" hai2="24,133,113,67,117,20,115,48,56,18,34,126,10" hai3="97,1,59,77,9,36,96,51,94,101,100,98,78"/><W50/><G36/><T6/><D110/><U55/><E32/><V90/><F117/><W7/><G97/><T68/><D33/><U124/><E107/><V3/><F126/><W44/><G59/><T26/><D121/><U103/><E128/><V75/><F133/><W69/><G69/><T41/><D6/><U81/><E124/><V23/><F90/><W17/><G17/><N who="0" m="12591" /><D99/><U111/><E111/><V38/><F38/><W65/><G65/><T76/><D76/><U62/><E125/><V64/><F34/><W29/><G29/><T87/><D87/><U53/><E2/><V72/><F3/><W70/><G70/><T5/><D5/><U95/><E81/><V39/><F10/><W92/><REACH who="3" step="1"/><G51/><REACH who="3" ten="397,57,301,235" step="2"/><T109/><D109/><U123/><E123/><V127/><F39/><W130/><G130/><T27/><D30/><U129/><E129/><V89/><F127/><W25/><G25/><T16/><D28/><U86/><E103/><V131/><F131/><W63/><G63/><T74/><D16/><U43/><E57/><V22/><F18/><W132/><G132/><T31/><D27/><U54/><E62/><N who="2" m="37959" /><F67/><W135/><G135/><T13/><D31/><U12/><N who="1" m="13312" /><DORA hai="80" /><U60/><E60/><V88/><F48/><W11/><G11/><T108/><D108/><U104/><E46/><V19/><F19/><W122/><G122/><T116/><D68/><U42/><E104/><V120/><F24/><W79/><G79/><T71/><D71/><U112/><E112/><N who="2" m="43083" /><F120/><W35/><G35/><T91/><D37/><U14/><E8/><V45/><F45/><RYUUKYOKU ba="0,1" sc="397,-15,57,-15,301,15,235,15" hai2="20,22,23,72,75,88,89" hai3="1,7,9,44,50,77,78,92,94,96,98,100,101" /><INIT seed="7,1,1,2,3,69" ten="382,42,316,250" oya="3" hai0="81,90,53,117,7,78,42,111,34,0,127,1,103" hai1="106,107,92,23,95,47,130,8,115,89,72,51,28" hai2="98,22,83,49,113,6,52,41,73,27,67,68,131" hai3="93,119,4,74,63,60,87,114,19,82,71,135,88"/><W14/><G119/><T126/><D111/><U39/><E72/><V120/><F113/><W48/><G114/><T97/><D117/><U121/><E115/><V94/><F131/><W57/><G135/><T11/><D34/><U112/><E112/><V76/><F120/><W43/><G4/><T46/><D53/><U80/><E130/><V59/><F6/><W123/><G123/><T129/><D90/><U2/><E121/><V99/><F41/><W124/><G124/><N who="0" m="47659" /><D129/><U108/><E108/><V100/><F67/><W128/><G128/><T24/><D24/><U5/><E28/><V29/><F99/><W134/><G134/><T109/><D109/><U105/><E23/><V26/><F26/><W36/><G36/><N who="0" m="21831" /><D11/><U101/><E51/><V65/><F65/><W96/><G74/><N who="0" m="43223" /><D7/><U85/><E101/><V64/><F64/><W122/><G122/><T61/><D61/><U79/><E89/><V18/><REACH who="2" step="1"/><F68/><REACH who="2" ten="382,42,306,250" step="2"/><W44/><G71/><T38/><D38/><U56/><E56/><V125/><F125/><W118/><G118/><T77/><D77/><U17/><E17/><AGARI ba="1,2" hai="17,18,22,27,29,49,52,59,73,76,83,94,98,100" machi="17" ten="40,2600,0" yaku="1,1,54,1,53,0" doraHai="69" doraHaiUra="70" who="2" fromWho="1" sc="382,0,42,-29,306,49,250,0" owari="382,48.0,13,-49.0,355,16.0,250,-15.0" /></mjloggm>