<mjloggm ver="2.3"><GO type="169" lobby="0"/><UN n0="%6E%69%6B%6B%61%31%31%38" n1="%68%69%6A%69%68%69%6A%69" n2="%68%61%6B%75%30%37" n3="%E3%81%9B%E3%81%A9%E3%81%AA%E3%82%8A%E3%81%82%E3%82%93" dan="16,16,16,16" rate="2045.80,2040.76,2005.12,2118.48" sx="M,F,M,M"/><TAIKYOKU oya="0"/><INIT seed="0,0,0,2,5,18" ten="250,250,250,250" oya="0" hai0="114,117,14,52,43,67,34,102,7,16,44,27,13" hai1="65,9,17,37,120,72,126,130,94,109,75,132,21" hai2="78,98,76,53,84,48,33,135,121,32,64,25,15" hai3="100,12,106,86,45,29,110,104,83,127,57,60,46"/><T108/><D67/><U87/><E109/><V99/><F121/><W71/><G110/><T51/><D114/><U69/><E126/><V49/><F135/><W26/><G71/><T116/><D108/><U93/><E132/><V122/><F122/><W111/><G127/><T105/><D116/><U88/><E130/><V4/><F64/><W6/><G104/><T55/><D117/><U82/><E120/><V35/><F25/><W107/><G106/><T36/><D105/><U112/><E112/><V22/><F4/><W70/><G70/><T133/><D102/><U81/><E37/><V3/><F3/><W113/><G113/><T101/><D101/><U59/><E69/><V115/><F84/><W68/><G68/><T119/><D119/><U91/><E9/><V58/><F48/><W20/><G100/><T80/><D34/><U125/><E125/><V10/><F10/><N who="3" m="4183" /><G107/><T0/><D0/><U31/><E31/><V77/><REACH who="2" step="1"/><F115/><REACH who="2" ten="250,250,240,250" step="2"/><W8/><G8/><N who="0" m="6183" /><D27/><U123/><E123/><V124/><F124/><W19/><G111/><T90/><D36/><U11/><E11/><V129/><F129/><W56/><G29/><T30/><D30/><U66/><E66/><V134/><F134/><W97/><G97/><T54/><D133/><U39/><E39/><V85/><F85/><W62/><G62/><T96/><D7/><U24/><E72/><V47/><F47/><N who="3" m="17931" /><G60/><T5/><D5/><U41/><E75/><V1/><F1/><W131/><G131/><T38/><D38/><U95/><E87/><V28/><F28/><W74/><G74/><T92/><D14/><RYUUKYOKU ba="0,1" sc="250,10,250,-30,240,10,250,10" hai0="43,44,51,52,54,55,80,90,92,96" hai2="15,22,32,33,35,49,53,58,76,77,78,98,99" hai3="19,20,26,56,57,83,86" /><INIT seed="0,1,1,4,5,10" ten="260,220,250,260" oya="0" hai0="36,23,75,52,16,94,114,24,130,77,65,128,90" hai1="126,20,112,35,93,95,88,108,135,8,28,124,47" hai2="80,129,85,123,19,73,121,132,0,40,70,110,6" hai3="31,9,109,57,30,49,43,120,113,111,1,131,79"/><T101/><D36/><U26/><E112/><V100/><F70/><W15/><G1/><T27/><D114/><U106/><E108/><N who="3" m="41546" /><G131/><N who="0" m="50219" /><D65/><U133/><E106/><V117/><F110/><W63/><G120/><T12/><D101/><U3/><E93/><V86/><F129/><W2/><G2/><T122/><D122/><U14/><E47/><V45/><F132/><W134/><G134/><T33/><D33/><U98/><E135/><V41/><F100/><W99/><G79/><T81/><D52/><U25/><E133/><V51/><F40/><W102/><G43/><T7/><D7/><U38/><E38/><V54/><F54/><N who="3" m="34231" /><G49/><T61/><D61/><U82/><E82/><V116/><F51/><W96/><G113/><T50/><D50/><U78/><E78/><V104/><F41/><W87/><G87/><AGARI ba="1,1" hai="12,16,23,24,27,75,77,81,87,90,94" m="50219" machi="87" ten="30,5800,0" yaku="19,1,52,1,54,1" doraHai="10" who="0" fromWho="3" sc="260,71,220,0,250,0,260,-61" /><INIT seed="0,2,0,0,2,6" ten="331,220,250,199" oya="0" hai0="38,66,124,3,83,107,91,57,93,37,72,44,79" hai1="120,134,76,25,11,5,10,129,28,63,65,78,46" hai2="114,34,85,100,43,60,127,23,62,135,7,9,50" hai3="18,36,92,21,96,35,24,20,84,122,52,71,106"/><T102/><D124/><U1/><E129/><V49/><F34/><W69/><G106/><T101/><D3/><U133/><E120/><V121/><F121/><W14/><G35/><T33/><D33/><U0/><E46/><V110/><F114/><W47/><G84/><T64/><D102/><U75/><E75/><V19/><F110/><W86/><G86/><T98/><D57/><U99/><E99/><V40/><F135/><W17/><G122/><T111/><D111/><U30/><E25/><V59/><F100/><W39/><G39/><T27/><D27/><U118/><E5/><V90/><F49/><W15/><G24/><T119/><D119/><U68/><E63/><V22/><F50/><W42/><REACH who="3" step="1"/><G52/><REACH who="3" ten="331,220,250,189" step="2"/><T128/><D38/><U53/><E53/><V13/><F40/><W41/><G41/><N who="0" m="22575" /><D128/><U125/><E118/><V74/><F43/><W87/><G87/><AGARI ba="2,1" hai="64,66,72,79,83,87,91,93,98,101,107" m="22575" machi="87" ten="30,1500,0" yaku="24,1" doraHai="6" who="0" fromWho="3" sc="331,31,220,0,250,0,189,-21" /><INIT seed="0,3,0,0,4,127" ten="362,220,250,168" oya="0" hai0="72,94,27,88,70,86,69,97,76,22,132,12,120" hai1="113,119,110,126,42,23,26,10,124,18,40,2,74" hai2="36,82,16,61,41,48,56,8,105,116,17,84,45" hai3="57,73,44,50,67,71,125,98,89,79,95,75,111"/><T6/><D120/><U0/><E110/><V59/><F105/><W5/><G111/><T64/><D72/><U99/><E74/><V28/><F116/><W104/><G125/><T118/><D132/><U109/><E109/><V35/><F36/><W31/><G31/><T103/><D76/><U11/><E113/><V106/><F106/><W108/><G108/><T107/><D118/><U93/><E119/><V131/><F131/><W85/><G71/><T15/><D15/><U46/><E23/><V51/><F28/><W102/><G5/><T37/><D37/><U91/><E26/><V122/><F35/><W78/><G78/><T128/><D128/><U77/><E77/><N who="2" m="46159" /><F8/><W1/><G1/><T66/><D69/><U7/><E18/><V114/><F122/><W21/><G21/><T30/><REACH who="0" step="1"/><D70/><REACH who="0" ten="352,220,250,168" step="2"/><U58/><E0/><V9/><F114/><W52/><REACH who="3" step="1"/><G79/><REACH who="3" ten="352,220,250,158" step="2"/><T38/><D38/><U34/><E126/><V47/><F9/><AGARI ba="3,2" hai="6,9,12,22,27,30,64,66,86,88,94,97,103,107" machi="9" ten="40,3900,0" yaku="1,1,54,1,53,0" doraHai="127" doraHaiUra="13" who="0" fromWho="2" sc="352,68,220,0,250,-48,158,0" /><INIT seed="0,4,0,5,3,52" ten="420,220,202,158" oya="0" hai0="133,101,135,35,125,98,66,59,55,116,27,58,102" hai1="40,65,47,30,45,23,5,118,109,53,110,113,100" hai2="124,42,89,107,26,88,67,126,4,132,16,0,63" hai3="49,31,76,8,48,43,96,71,32,99,97,104,75"/><T50/><D102/><U117/><E113/><V128/><F107/><W21/><G32/><T34/><D116/><U37/><E100/><V61/><F42/><W25/><G71/><T54/><D66/><U44/><E5/><V121/><F121/><W69/><G69/><T17/><D125/><N who="2" m="48234" /><F61/><W62/><G75/><T18/><D101/><U84/><E84/><V129/><F4/><W73/><G73/><T83/><D98/><U119/><E23/><N who="2" m="13671" /><F0/><W38/><G76/><T77/><D83/><U92/><E92/><V68/><F132/><N who="0" m="50762" /><D77/><U95/><E95/><V14/><F14/><W41/><G104/><T60/><D35/><U72/><E72/><V86/><F89/><W90/><G90/><T91/><D91/><U2/><E2/><V131/><F131/><W22/><G62/><T57/><D34/><U10/><E117/><V106/><F106/><W93/><G93/><AGARI ba="4,0" hai="63,67,68,86,88,93,128,129" m="13671,48234" machi="93" ten="30,3900,0" yaku="18,1,54,2" doraHai="52" who="2" fromWho="3" sc="420,0,220,0,202,51,158,-51" /><INIT seed="1,0,0,2,1,59" ten="420,220,253,107" oya="1" hai0="108,105,126,41,75,22,6,76,68,1,101,93,98" hai1="62,90,11,87,2,29,83,30,19,95,89,28,92" hai2="104,47,34,88,18,60,94,52,102,56,103,23,50" hai3="48,133,49,129,36,96,124,55,99,37,63,0,111"/><U134/><E134/><V26/><F104/><W107/><G0/><T5/><D68/><U39/><E39/><V77/><F34/><W113/><G107/><T106/><D41/><U71/><E2/><V40/><REACH who="2" step="1"/><F77/><REACH who="2" ten="420,220,243,107" step="2"/><W15/><G133/><T7/><D76/><U13/><REACH who="1" step="1"/><E89/><REACH who="1" ten="420,210,243,107" step="2"/><V119/><F119/><W66/><G113/><T38/><D1/><U51/><E51/><V17/><F17/><W58/><G49/><T80/><D38/><U14/><E14/><V10/><F10/><W91/><G37/><T78/><D6/><U132/><E132/><V20/><F20/><W67/><G36/><T16/><D7/><U100/><E100/><V86/><AGARI ba="0,2" hai="18,23,26,40,47,50,52,56,60,86,88,94,102,103" machi="86" ten="20,12000,2" yaku="1,1,0,1,7,1,8,1,52,1,54,2,53,0" doraHai="59" doraHaiUra="115" who="2" fromWho="2" sc="420,-30,210,-60,243,140,107,-30" /><INIT seed="2,0,0,4,0,25" ten="390,150,383,77" oya="2" hai0="80,26,0,43,98,36,48,9,109,100,95,35,44" hai1="70,41,120,131,102,132,49,72,16,75,91,122,106" hai2="108,58,64,30,73,84,123,3,134,52,6,101,13" hai3="92,88,69,5,21,117,115,45,76,63,7,1,55"/><V51/><F73/><W94/><G117/><T103/><D109/><U129/><E70/><V59/><F123/><W2/><G76/><T86/><D36/><U112/><E49/><V67/><F3/><W82/><G115/><T135/><D135/><U56/><E56/><V65/><F134/><W116/><G116/><T23/><D35/><U34/><E41/><V68/><F68/><W27/><G2/><T124/><D124/><U53/><E53/><V99/><F84/><N who="3" m="50199" /><G69/><T33/><D9/><U77/><E34/><V18/><F6/><N who="3" m="2059" /><G1/><T8/><D8/><U37/><E132/><V17/><F108/><W57/><G45/><T78/><D33/><U97/><E37/><V96/><F101/><W61/><G63/><T119/><D0/><U47/><E47/><V66/><F17/><AGARI ba="0,0" hai="17,21,27,55,57,61,92,94" m="2059,50199" machi="17" ten="30,2000,0" yaku="8,1,54,1" doraHai="25" who="3" fromWho="2" sc="390,0,150,0,383,-20,77,20" /><INIT seed="3,0,0,3,3,45" ten="390,150,363,97" oya="3" hai0="18,25,24,22,54,30,4,126,94,129,64,21,121" hai1="112,67,51,122,57,28,61,99,43,69,97,50,79" hai2="75,1,2,81,12,113,66,59,11,9,119,108,118" hai3="115,20,40,95,47,27,120,73,5,130,127,88,84"/><W58/><G127/><T0/><D126/><U105/><E112/><V35/><F113/><W117/><G130/><T6/><D129/><U62/><E122/><V131/><F131/><W46/><G117/><T15/><D64/><U76/><E28/><V33/><F75/><W48/><G120/><T77/><D0/><U123/><E123/><V132/><F81/><W44/><G73/><T93/><D77/><U101/><E97/><V23/><F66/><W128/><G128/><T125/><D125/><U41/><E41/><V110/><F59/><W65/><G5/><T19/><D54/><U83/><E43/><V134/><F12/><W106/><G106/><T86/><D121/><U7/><E7/><V78/><F78/><W87/><G87/><T74/><D74/><U56/><E79/><V32/><F32/><W60/><G115/><T82/><D4/><U90/><E90/><V111/><F111/><W98/><REACH who="3" step="1"/><G84/><REACH who="3" ten="390,150,363,87" step="2"/><T91/><D6/><U96/><E96/><V38/><F119/><W52/><G52/><T49/><D86/><U102/><E105/><V68/><F118/><W10/><G10/><T72/><D72/><U104/><E104/><V100/><F1/><W37/><G37/><T29/><D82/><U13/><E83/><V89/><F38/><W107/><G107/><T8/><D8/><U135/><E99/><V53/><F2/><W114/><G114/><T92/><D92/><U124/><E124/><V55/><F9/><W3/><G3/><T80/><D94/><U71/><E67/><V103/><F11/><W85/><G85/><T116/><D93/><RYUUKYOKU ba="0,1" sc="390,-10,150,-10,363,-10,87,30" hai3="20,27,40,44,46,47,48,58,60,65,88,95,98" /><INIT seed="3,1,1,0,4,119" ten="380,140,353,117" oya="3" hai0="70,99,62,50,17,1,65,42,110,27,22,32,126" hai1="28,94,72,16,59,134,5,64,46,73,121,11,4" hai2="39,37,20,79,97,92,130,30,0,111,38,103,113" hai3="13,107,117,115,101,128,7,84,116,2,41,3,49"/><W80/><G115/><T48/><D110/><U33/><E134/><V88/><F113/><W35/><G35/><T83/><D126/><U122/><E46/><V112/><F112/><W106/><G128/><T132/><D1/><U47/><E47/><V40/><F0/><W125/><G13/><T54/><D32/><U91/><E28/><V6/><F6/><W43/><G84/><T18/><D132/><U124/><E124/><V15/><F79/><W100/><G80/><T129/><D129/><U71/><E71/><V114/><F111/><W21/><G21/><T77/><D99/><U66/><E33/><V82/><F130/><W61/><G61/><T52/><D42/><U108/><E108/><V90/><F114/><W56/><G56/><T133/><D133/><U60/><E66/><V31/><F40/><W78/><G78/><T34/><D34/><U44/><E44/><V51/><F51/><W14/><G14/><T89/><D77/><U135/><E135/><V118/><F118/><W26/><G7/><T69/><D69/><U120/><E16/><V19/><F90/><W23/><G23/><T8/><D89/><U123/><N who="1" m="30720" /><DORA hai="63" /><U45/><E45/><V24/><F24/><W55/><G55/><T75/><D54/><U9/><E4/><V104/><REACH who="2" step="1"/><F82/><REACH who="2" ten="380,140,343,117" step="2"/><W102/><G26/><T36/><D83/><U25/><E25/><V127/><F127/><W131/><G125/><T95/><D27/><U93/><E5/><V105/><F105/><W85/><G131/><T68/><D50/><U98/><E93/><V87/><AGARI ba="1,2" hai="15,19,20,30,31,37,38,39,87,88,92,97,103,104" machi="87" ten="30,4000,0" yaku="1,1,0,1,54,1,53,0" doraHai="119,63" doraHaiUra="58,57" who="2" fromWho="2" sc="380,-11,140,-11,343,63,117,-21" /><INIT seed="4,0,0,5,3,133" ten="369,129,406,96" oya="0" hai0="80,82,9,14,71,98,124,56,35,116,20,70,102" hai1="43,10,41,12,120,11,36,58,60,30,101,81,2" hai2="28,57,1,112,111,131,3,66,59,23,39,22,118" hai3="96,115,69,117,27,55,45,74,0,76,72,107,62"/><T103/><D35/><U40/><E120/><V78/><F39/><W93/><G117/><T84/><D116/><U33/><E101/><V86/><F111/><W19/><G115/><T99/><D20/><U109/><E109/><V68/><F68/><W91/><G0/><T16/><D56/><U54/><E33/><V31/><F86/><W108/><G108/><T87/><D124/><U132/><E132/><V128/><F78/><W104/><G76/><T61/><D61/><U94/><E30/><V44/><F44/><W92/><G104/><T63/><D63/><U95/><E81/><V126/><F118/><W122/><G107/><T130/><D130/><U65/><E36/><V47/><F47/><W18/><G122/><T24/><D24/><U114/><E114/><V134/><F112/><W100/><G19/><T127/><D127/><U29/><E29/><V8/><F8/><W88/><G100/><T125/><D125/><U51/><E2/><V75/><F126/><W38/><G18/><T52/><D52/><U105/><E105/><V135/><F66/><W106/><G106/><T42/><D42/><U21/><E21/><V53/><F53/><W89/><G89/><T6/><D6/><U50/><E50/><V90/><F90/><W49/><G27/><T85/><D71/><U121/><E121/><V46/><F46/><W110/><G38/><T119/><D70/><U32/><E32/><V25/><F25/><W79/><G110/><T48/><D48/><U34/><E34/><V5/><F5/><W15/><G69/><T129/><D129/><U26/><E26/><RYUUKYOKU ba="0,0" sc="369,-10,129,-10,406,30,96,-10" hai2="1,3,22,23,28,31,57,59,75,128,131,134,135" /><INIT seed="5,1,0,3,4,59" ten="359,119,436,86" oya="1" hai0="132,27,114,53,64,44,34,58,33,3,125,11,12" hai1="25,50,75,135,57,119,28,111,5,102,32,23,85" hai2="24,42,106,129,123,67,89,117,9,40,104,76,101" hai3="68,21,19,10,8,52,0,13,80,98,56,38,61"/><U6/><E119/><V2/><F76/><W54/><G68/><T45/><D3/><U22/><E111/><V43/><F101/><W99/><G38/><T36/><D132/><U131/><E131/><V49/><F49/><W7/><G54/><T39/><D125/><U130/><E135/><V41/><F41/><W95/><G80/><T29/><D64/><U14/><E75/><V4/><F123/><W51/><G51/><T46/><D114/><U112/><E112/><V82/><F24/><W71/><G71/><T113/><D113/><U65/><E130/><V84/><F117/><W120/><G120/><T100/><D100/><U69/><E102/><V73/><F129/><W88/><REACH who="3" step="1"/><G10/><REACH who="3" ten="359,119,436,76" step="2"/><T20/><D36/><U87/><E69/><V35/><F9/><W124/><G124/><T105/><D39/><U17/><E50/><V55/><F55/><W126/><G126/><T94/><D53/><U78/><E65/><V62/><F82/><W15/><G15/><T121/><D12/><U16/><E78/><V128/><F128/><W63/><G63/><T116/><D121/><U79/><E79/><V26/><F62/><W90/><G90/><T134/><D134/><U92/><E14/><V70/><F89/><W118/><G118/><T18/><D11/><U37/><E37/><V47/><F70/><W83/><G83/><T66/><D66/><U48/><E48/><V31/><F67/><W109/><G109/><T86/><D116/><U127/><E127/><V30/><F40/><W72/><G72/><T115/><D115/><U133/><E133/><V97/><F42/><RYUUKYOKU ba="1,1" sc="359,-10,119,-10,436,-10,76,30" hai3="0,7,8,13,19,21,52,56,61,88,95,98,99" /><INIT seed="6,2,1,0,4,24" ten="349,109,426,106" oya="2" hai0="59,58,119,61,118,41,55,68,22,108,79,73,49" hai1="76,39,33,72,50,69,70,47,45,10,60,103,92" hai2="78,106,28,135,86,110,3,105,34,74,30,0,85" hai3="131,113,91,81,104,117,66,19,122,75,4,109,101"/><V125/><F34/><W13/><G117/><N who="0" m="44555" /><D73/><U6/><E33/><V67/><F74/><W1/><G122/><T82/><D79/><U89/><E103/><V46/><F67/><W77/><G109/><T130/><D82/><U114/><E114/><V36/><F110/><W51/><G113/><T21/><D108/><U96/><E39/><V133/><F36/><W48/><G131/><T65/><D130/><U112/><E112/><V57/><F57/><W123/><G4/><T97/><D97/><U16/><E47/><V102/><F46/><W87/><G1/><T62/><D41/><U26/><E60/><V23/><F23/><W124/><G124/><T115/><D115/><U120/><E120/><V20/><F20/><W25/><G66/><AGARI ba="2,1" hai="21,22,49,55,58,59,61,62,65,66,68" m="44555" machi="66" ten="30,1000,0" yaku="12,1" doraHai="24" who="0" fromWho="3" sc="349,26,109,0,426,0,106,-16" /><INIT seed="7,0,0,0,5,82" ten="375,109,426,90" oya="3" hai0="107,13,73,14,110,9,78,64,84,28,90,135,111" hai1="6,59,46,37,24,42,70,15,18,121,105,119,45" hai2="129,53,88,40,35,2,79,63,56,114,83,124,131" hai3="3,49,134,108,17,115,103,120,54,80,94,7,16"/><W10/><G120/><T31/><D107/><U118/><E121/><V61/><F2/><W62/><G115/><T29/><D135/><U89/><E70/><V112/><F124/><W8/><G134/><T132/><D132/><U71/><E71/><V66/><F35/><W22/><G108/><T93/><D64/><U1/><E105/><V55/><F40/><W127/><G127/><T130/><D130/><N who="2" m="49674" /><F88/><W87/><G62/><T69/><D69/><U123/><E123/><V36/><F36/><W25/><G8/><T97/><D73/><U116/><E89/><V126/><F126/><W26/><G94/><T101/><D78/><U34/><E34/><V0/><F0/><W91/><G103/><T117/><D117/><U20/><E1/><V11/><F11/><W106/><G106/><T81/><REACH who="0" step="1"/><D13/><REACH who="0" ten="365,109,426,90" step="2"/><U58/><E15/><V30/><F30/><W125/><G125/><T38/><D38/><U27/><E37/><V92/><F92/><W12/><REACH who="3" step="1"/><G17/><AGARI ba="0,1" hai="9,14,17,28,29,31,81,84,90,93,97,101,110,111" machi="17" ten="40,2600,0" yaku="1,1,52,1,53,0" doraHai="82" doraHaiUra="109" who="0" fromWho="3" sc="365,36,109,0,426,0,90,-26" owari="401,20.0,109,-29.0,426,53.0,64,-44.0" /></mjloggm>