<mjloggm ver="2.3"><GO type="169" lobby="0"/><UN n0="%E7%89%8C%E6%B5%81%E7%8A%B6%E6%85%8B%E9%BA%BB%E9%9B%80" n1="%6E%6F%6D%69%6F" n2="%64%61%6E%6E%63%68%69" n3="%E7%99%BD%E9%9C%8A%E5%A4%A2" dan="17,16,16,16" rate="2205.01,2080.62,2116.24,2088.61" sx="M,M,M,F"/><TAIKYOKU oya="0"/><INIT seed="0,0,0,4,2,128" ten="250,250,250,250" oya="0" hai0="103,98,85,29,1,121,60,109,68,5,89,82,104" hai1="26,42,36,15,84,45,88,34,75,81,95,30,105" hai2="46,56,102,27,9,47,19,92,120,100,99,12,132" hai3="10,111,78,106,125,23,7,77,71,133,96,122,61"/><T39/><D121/><U0/><E105/><V114/><F120/><W87/><G122/><T54/><D39/><U18/><E0/><V2/><F114/><W62/><G111/><T116/><D116/><U17/><REACH who="1" step="1"/><E15/><REACH who="1" ten="250,240,250,250" step="2"/><V73/><F2/><W44/><G106/><T58/><D109/><U35/><E35/><V37/><F27/><W112/><G112/><T127/><D127/><U113/><E113/><V74/><F102/><W55/><G125/><T64/><D1/><U86/><E86/><V50/><F74/><W43/><G87/><T28/><REACH who="0" step="1"/><D5/><REACH who="0" ten="240,240,250,250" step="2"/><U101/><E101/><V67/><F100/><W6/><G7/><T90/><D90/><U32/><E32/><V80/><F73/><W115/><G6/><T41/><D41/><U66/><E66/><V40/><F67/><W14/><G43/><T126/><D126/><U119/><E119/><V49/><F40/><W21/><G115/><T135/><D135/><U117/><E117/><V131/><F132/><W48/><G133/><T53/><D53/><U93/><E93/><V20/><F92/><W22/><G77/><AGARI ba="0,2" hai="17,18,26,30,34,36,42,45,75,77,81,84,88,95" machi="77" ten="40,2600,0" yaku="1,1,54,1,53,0" doraHai="128" doraHaiUra="129" who="1" fromWho="3" sc="240,0,240,46,250,0,250,-26" /><INIT seed="1,0,0,3,5,22" ten="240,286,250,224" oya="1" hai0="25,101,115,36,46,29,32,1,49,6,55,0,97" hai1="21,91,40,128,90,85,83,28,129,87,10,44,121" hai2="65,109,19,67,110,134,79,47,68,77,116,63,7" hai3="130,126,75,70,39,66,58,4,89,93,113,80,99"/><U72/><E121/><V9/><F116/><W132/><G113/><T54/><D115/><U118/><E118/><V13/><F134/><W112/><G112/><T51/><D36/><U17/><E72/><V84/><F65/><W69/><G39/><T102/><D6/><U2/><E28/><V88/><F47/><W117/><G117/><T59/><REACH who="0" step="1"/><D102/><REACH who="0" ten="230,286,250,224" step="2"/><U108/><E108/><N who="2" m="41579" /><F7/><W86/><G4/><T104/><AGARI ba="0,1" hai="0,1,25,29,32,46,49,51,54,55,59,97,101,104" machi="104" ten="20,8000,1" yaku="1,1,0,1,7,1,52,1,53,1" doraHai="22" doraHaiUra="53" who="0" fromWho="0" sc="230,90,286,-40,250,-20,224,-20" /><INIT seed="2,0,0,3,4,21" ten="320,246,230,204" oya="2" hai0="92,48,135,74,85,76,27,108,50,30,7,73,1" hai1="33,104,117,126,130,60,20,42,114,106,125,16,49" hai2="119,32,116,77,128,9,5,127,54,36,62,46,64" hai3="129,123,10,98,91,109,43,18,34,3,40,2,4"/><V67/><F32/><W52/><G123/><T79/><D108/><U11/><E117/><V131/><F77/><W59/><G109/><T0/><D135/><U17/><E114/><V72/><F72/><W132/><G132/><T51/><D92/><U111/><E111/><V31/><F31/><W24/><G129/><N who="2" m="49737" /><F9/><W19/><G3/><T122/><D122/><U71/><E130/><V115/><F5/><W13/><G2/><T83/><D7/><U14/><E33/><V112/><F127/><N who="1" m="48649" /><E42/><N who="2" m="22855" /><F54/><W94/><G34/><T78/><D73/><U84/><E84/><V87/><F87/><W121/><G121/><T63/><D74/><U29/><E29/><V113/><F67/><W86/><G86/><T80/><D85/><U55/><E104/><V39/><F39/><W103/><G103/><T107/><D107/><U70/><E106/><V75/><F75/><W45/><G45/><T89/><D0/><U88/><E17/><N who="3" m="6154" /><G24/><T12/><D27/><U99/><E11/><V133/><F133/><W6/><G4/><T66/><D1/><U68/><E99/><V118/><F113/><W8/><G8/><T35/><D35/><U41/><E14/><V28/><F28/><W102/><G102/><T97/><D12/><U82/><E20/><V23/><F23/><W47/><G47/><T93/><D30/><U100/><E100/><V110/><F110/><W22/><G22/><T57/><AGARI ba="0,0" hai="48,50,51,57,63,66,76,78,79,80,83,89,93,97" machi="57" ten="30,2000,0" yaku="0,1,8,1" doraHai="21" who="0" fromWho="0" sc="320,20,246,-5,230,-10,204,-5" /><INIT seed="3,0,0,2,4,73" ten="340,241,220,199" oya="3" hai0="106,90,123,37,84,94,60,99,126,104,131,57,77" hai1="76,55,52,134,97,34,93,26,88,51,129,62,122" hai2="72,0,36,75,46,64,16,100,67,83,59,3,49" hai3="65,85,8,50,101,24,80,68,45,124,22,6,9"/><W27/><G124/><T31/><D37/><U121/><E129/><V44/><F100/><W4/><G101/><T118/><D118/><U114/><E114/><V112/><F112/><W102/><G102/><T79/><D31/><U43/><E134/><V117/><F117/><W30/><G68/><T13/><D123/><U66/><E43/><V113/><F113/><W116/><G65/><T128/><D13/><U110/><E110/><V23/><F75/><W107/><G107/><N who="0" m="41003" /><D126/><U87/><E34/><V135/><F135/><W69/><G69/><T98/><D57/><U132/><E26/><V5/><F46/><W7/><G27/><T12/><D12/><U125/><E125/><V54/><F5/><W17/><G30/><T10/><D60/><U20/><E20/><V127/><F127/><W38/><G38/><T35/><D10/><U82/><E132/><V103/><F103/><W25/><G24/><T130/><D35/><U108/><E108/><V53/><F3/><W63/><G63/><T18/><D18/><U14/><E14/><N who="2" m="9623" /><F0/><W81/><G116/><T78/><AGARI ba="0,0" hai="77,78,79,84,90,94,98,99,128,130,131" m="41003" machi="78" ten="40,12000,2" yaku="19,1,34,2,52,3" doraHai="73" who="0" fromWho="0" sc="340,120,241,-30,220,-30,199,-60" /><INIT seed="4,0,0,0,2,24" ten="460,211,190,139" oya="0" hai0="88,37,36,96,87,120,40,20,112,69,118,99,48" hai1="60,90,58,50,101,107,6,126,113,108,33,14,103" hai2="127,59,23,53,134,56,10,85,131,39,29,11,35" hai3="81,49,27,15,45,78,32,100,80,130,121,91,46"/><T119/><D120/><U73/><E108/><V94/><F39/><W83/><G121/><T116/><D69/><U104/><E73/><V8/><F35/><W7/><G130/><T86/><D112/><U82/><E50/><V41/><F131/><W66/><G100/><T19/><D48/><U30/><E126/><V106/><F106/><W75/><G66/><T52/><D52/><U3/><E3/><V63/><F127/><W67/><G67/><T115/><D87/><U133/><E133/><V16/><F41/><W57/><G57/><T34/><D34/><U22/><E33/><V102/><F134/><W5/><G46/><T77/><D77/><U117/><E117/><V21/><F21/><W110/><G110/><T2/><D2/><U47/><E47/><V105/><F105/><W95/><G81/><T9/><D9/><N who="1" m="4407" /><E104/><V84/><F59/><W26/><G80/><T76/><D76/><U13/><E13/><V51/><F63/><W92/><G92/><T71/><D71/><U79/><E79/><V17/><F102/><W65/><G65/><T12/><D115/><U43/><E43/><V54/><F54/><N who="3" m="29999" /><G15/><T18/><D40/><U89/><E107/><V97/><F97/><N who="0" m="37450" /><D36/><U38/><E38/><V123/><F123/><W129/><G32/><T124/><D37/><U74/><E74/><V128/><F128/><W70/><G70/><T1/><D124/><U42/><E42/><V72/><F72/><W98/><G129/><T68/><D68/><U0/><E0/><V28/><F51/><W64/><G64/><T62/><D118/><U61/><E113/><RYUUKYOKU ba="0,0" sc="460,-10,211,-10,190,-10,139,30" hai3="5,7,26,27,75,78,83,91,95,98" /><INIT seed="5,1,0,4,2,39" ten="450,201,180,169" oya="1" hai0="67,125,108,26,30,79,72,60,7,135,85,122,29" hai1="64,36,57,59,54,102,53,114,37,41,45,44,3" hai2="23,133,94,97,65,106,50,101,27,1,21,25,62" hai3="9,6,112,93,89,69,66,83,105,19,111,121,11"/><U20/><E3/><V16/><F1/><W35/><G111/><T76/><D108/><U51/><E102/><V52/><F133/><W124/><G105/><T34/><D72/><U81/><E81/><V56/><F106/><W18/><G121/><T134/><D7/><U0/><E0/><V32/><F32/><W115/><G35/><T129/><D129/><U61/><E20/><V14/><REACH who="2" step="1"/><F21/><REACH who="2" ten="450,201,170,169" step="2"/><W127/><G9/><T126/><D34/><U110/><E110/><V103/><F103/><W58/><G11/><T131/><D135/><U33/><E33/><V88/><F88/><W8/><G8/><T113/><D134/><U91/><E91/><V49/><F49/><W48/><G48/><T132/><D132/><U55/><E114/><V104/><F104/><W116/><G112/><T13/><D113/><U47/><E36/><V92/><F92/><W82/><G115/><T63/><D122/><U12/><E12/><V70/><AGARI ba="1,1" hai="14,16,23,25,27,50,52,56,62,65,70,94,97,101" machi="70" ten="20,8000,1" yaku="1,1,0,1,7,1,54,2,53,0" doraHai="39" doraHaiUra="118" who="2" fromWho="2" sc="450,-21,201,-41,170,93,169,-21" /><INIT seed="6,0,0,5,1,127" ten="429,160,263,148" oya="2" hai0="122,134,61,35,87,129,79,92,21,133,38,28,94" hai1="76,1,96,2,33,48,16,86,82,3,75,0,91" hai2="54,58,115,120,4,25,111,128,131,105,62,113,27" hai3="112,15,5,8,34,116,64,65,132,93,9,80,90"/><V45/><F105/><W39/><G116/><T89/><D129/><N who="2" m="49738" /><F120/><W53/><G39/><T130/><D130/><U22/><E33/><V43/><F4/><W56/><G34/><T101/><D38/><U97/><N who="1" m="0" /><DORA hai="20" /><U47/><E75/><V95/><F95/><W12/><G132/><T24/><D79/><U85/><E85/><V50/><F111/><W51/><G112/><AGARI ba="0,0" hai="25,27,43,45,50,54,58,62,112,113,115" m="49738" machi="112" ten="30,18000,2" yaku="15,1,19,1,52,5" doraHai="127,20" who="2" fromWho="3" sc="429,0,160,0,263,180,148,-180" owari="429,23.0,160,-24.0,443,54.0,-32,-53.0" /></mjloggm>