<mjloggm ver="2.3"><GO type="225" lobby="0"/><UN n0="%E6%80%AA%E3%81%97%E3%81%99%E3%81%8E%E3%82%8B%E3%83%81%E3%83%BC" n1="%E3%81%99%E3%81%84%E3%81%BE%E3%81%9B%E3%83%BC%E3%82%93" n2="%E3%82%B8%E3%83%A3%E3%83%9E%E3%83%BC%E3%83%AB%E3%83%9E%E3%83%AC%E3%83%BC" n3="%E3%81%98%E3%82%93%E3%81%BF%E3%82%87%E3%82%93" dan="16,17,17,16" rate="2106.89,2165.06,2141.28,2179.17" sx="M,M,M,F"/><TAIKYOKU oya="0"/><INIT seed="0,0,0,5,3,19" ten="250,250,250,250" oya="0" hai0="90,37,105,77,57,11,101,34,35,123,40,66,118" hai1="39,84,110,73,134,53,1,93,10,27,54,128,85" hai2="80,49,21,25,56,91,20,115,69,55,2,81,12" hai3="70,52,61,51,50,5,59,42,79,112,16,68,47"/><T98/><D123/><U41/><E110/><V100/><F2/><W109/><G109/><T119/><D77/><U71/><E128/><V103/><F69/><W43/><G112/><T18/><D90/><U133/><E73/><V38/><F38/><W36/><G5/><T94/><D105/><U92/><E71/><N who="3" m="27178" /><G16/><T88/><D101/><N who="2" m="38986" /><F115/><W15/><G15/><T125/><D125/><U127/><E127/><V124/><F124/><W135/><G79/><T131/><D131/><U9/><E27/><V96/><F12/><W78/><G78/><T17/><D40/><N who="3" m="15401" /><G135/><T74/><D37/><U3/><E41/><AGARI ba="0,0" hai="36,41,47,50,51,52,59,61" m="15401,27178" machi="41" ten="30,12000,2" yaku="35,5,54,1" doraHai="19" who="3" fromWho="1" sc="250,0,250,-120,250,0,250,120" /><INIT seed="1,0,0,2,0,65" ten="250,130,250,370" oya="1" hai0="81,127,83,126,118,61,106,13,24,64,117,23,99" hai1="114,94,47,66,102,11,80,134,22,90,121,115,5" hai2="49,10,110,3,50,7,40,131,92,43,108,105,95" hai3="35,86,130,74,107,82,128,119,97,76,38,12,124"/><U55/><E121/><V14/><F105/><W59/><G12/><T8/><D99/><U54/><E134/><V101/><F3/><W104/><G59/><T56/><D106/><U113/><E66/><V122/><F122/><W70/><G104/><T63/><D83/><U96/><E22/><V84/><F131/><W2/><G2/><T123/><D81/><U88/><E47/><V98/><F110/><W72/><G38/><T30/><D63/><U4/><E4/><V1/><F1/><W112/><G112/><T111/><D111/><U39/><E39/><V73/><F73/><W116/><G35/><T60/><D60/><U36/><E36/><V37/><F37/><W42/><G42/><N who="2" m="15913" /><F108/><W78/><G78/><T44/><D44/><U62/><E62/><V68/><F68/><W53/><G70/><T87/><D87/><U52/><REACH who="1" step="1"/><E80/><REACH who="1" ten="250,120,250,370" step="2"/><V125/><F50/><W32/><G130/><T16/><REACH who="0" step="1"/><D123/><REACH who="0" ten="240,120,250,370" step="2"/><U100/><E100/><V28/><F101/><W6/><G82/><T18/><D18/><U21/><E21/><V129/><F129/><W46/><G128/><T34/><D34/><U19/><E19/><V133/><F7/><W26/><G32/><T91/><D91/><U57/><E57/><V33/><F33/><W31/><G6/><T58/><D58/><U29/><E29/><V15/><F28/><W0/><G31/><T48/><D48/><U9/><E9/><V132/><F49/><W69/><G69/><T41/><D41/><U67/><E67/><V20/><F10/><W93/><G74/><T77/><D77/><U103/><E103/><RYUUKYOKU ba="0,2" sc="240,15,120,15,250,-15,370,-15" hai0="8,13,16,23,24,30,56,61,64,117,118,126,127" hai1="5,11,52,54,55,88,90,94,96,102,113,114,115" /><INIT seed="1,1,2,5,0,115" ten="255,135,235,355" oya="1" hai0="84,73,32,131,108,9,85,126,63,46,91,122,124" hai1="25,1,105,28,14,54,15,81,45,38,31,34,120" hai2="67,100,119,59,71,96,60,48,114,55,11,3,24" hai3="57,83,52,68,62,70,17,27,117,26,107,33,18"/><U44/><E120/><V7/><F114/><W79/><G107/><T69/><D122/><U13/><E105/><V43/><F24/><W78/><G33/><T103/><D73/><U77/><E1/><V4/><F4/><W104/><G104/><T113/><D113/><U22/><E38/><V94/><REACH who="2" step="1"/><F43/><REACH who="2" ten="255,135,225,355" step="2"/><W134/><G27/><T30/><D124/><U64/><E34/><V88/><F88/><W0/><G26/><T58/><D91/><U10/><E31/><V37/><F37/><W66/><G78/><T99/><D126/><U102/><E102/><V6/><F6/><W76/><G79/><T132/><D30/><U51/><E64/><V98/><F98/><W47/><G18/><T29/><D99/><U86/><REACH who="1" step="1"/><E45/><REACH who="1" ten="255,125,225,355" step="2"/><V50/><F50/><W127/><G47/><T42/><D46/><U101/><E101/><V135/><F135/><W65/><G134/><T61/><D103/><U87/><E87/><V41/><F41/><W116/><G127/><T12/><D42/><U80/><E80/><V36/><F36/><W49/><G0/><T125/><D132/><U92/><E92/><V121/><F121/><W111/><G83/><T74/><D85/><U82/><E82/><V8/><F8/><AGARI ba="1,4" hai="8,10,13,14,15,22,25,28,44,51,54,77,81,86" machi="8" ten="40,3900,0" yaku="1,1,8,1,53,0" doraHai="115" doraHaiUra="90" who="1" fromWho="2" sc="255,0,125,82,225,-42,355,0" /><INIT seed="1,2,0,3,5,117" ten="255,207,183,355" oya="1" hai0="30,57,131,66,134,72,12,114,92,14,1,62,86" hai1="59,108,50,109,126,32,70,27,42,34,118,58,6" hai2="3,61,21,101,104,94,112,55,10,25,88,99,37" hai3="90,7,127,36,51,28,26,82,124,23,74,85,5"/><U18/><E118/><V100/><F37/><W17/><G36/><T83/><D1/><U46/><E70/><V121/><F121/><W78/><G51/><T54/><D114/><U89/><E126/><N who="3" m="48170" /><G17/><T67/><D134/><U93/><E6/><V122/><F122/><W9/><G9/><T19/><D131/><U16/><E59/><N who="2" m="35071" /><F112/><W79/><G79/><N who="0" m="46463" /><D72/><U130/><E58/><V113/><F113/><W47/><G47/><T39/><D39/><U29/><E34/><V81/><F104/><W48/><G48/><T106/><D106/><U135/><E135/><V98/><F3/><W129/><G129/><T44/><D30/><U0/><E0/><V102/><F10/><W80/><AGARI ba="2,0" hai="5,7,23,26,28,74,78,80,82,85,90" m="48170" machi="80" ten="30,1100,0" yaku="18,1" doraHai="117" who="3" fromWho="3" sc="255,-5,207,-7,183,-5,355,17" /><INIT seed="2,0,0,4,3,72" ten="250,200,178,372" oya="2" hai0="53,26,33,87,121,11,81,16,17,71,94,20,19" hai1="13,74,1,115,73,65,116,23,66,7,38,134,55" hai2="67,75,122,129,84,100,97,27,3,58,34,24,9" hai3="77,54,95,125,88,104,40,46,52,127,48,59,114"/><V4/><F122/><W30/><G104/><T50/><D71/><U96/><E116/><V5/><F75/><W133/><G114/><T41/><D33/><U98/><E38/><V124/><F124/><N who="3" m="47691" /><G30/><N who="0" m="17735" /><D121/><U85/><E1/><V12/><F129/><W86/><G133/><T102/><D41/><U89/><E74/><V128/><F128/><W51/><G77/><N who="0" m="46511" /><D94/><U45/><E73/><V64/><F34/><W110/><G110/><T82/><D82/><U113/><E134/><V56/><F84/><W57/><G40/><T61/><D61/><U109/><E109/><V76/><F76/><W21/><G21/><T80/><D80/><N who="1" m="49319" /><E115/><V28/><F28/><W126/><G126/><T91/><D91/><U31/><E31/><V69/><F69/><W107/><G107/><T101/><D11/><N who="1" m="4351" /><E23/><V132/><F132/><W68/><G68/><T35/><D35/><U118/><E118/><V62/><F3/><W117/><G117/><T63/><D63/><U99/><E113/><V43/><F43/><W6/><G6/><T22/><D22/><U2/><E2/><V105/><REACH who="2" step="1"/><F5/><REACH who="2" ten="250,200,168,372" step="2"/><W79/><G79/><T70/><D70/><U131/><E131/><V103/><F103/><W78/><G78/><T47/><AGARI ba="0,1" hai="16,17,19,47,50,53,101,102" m="46511,17735" machi="47" ten="30,4000,0" yaku="8,1,52,1,54,1" doraHai="72" who="0" fromWho="0" sc="250,50,200,-10,168,-20,372,-10" /><INIT seed="3,0,0,0,3,129" ten="300,190,148,362" oya="3" hai0="36,130,92,51,87,45,30,10,117,79,107,77,105" hai1="27,42,23,41,66,134,47,97,111,121,88,127,24" hai2="85,113,56,124,19,7,103,59,90,40,13,95,33" hai3="43,83,35,21,81,126,5,64,0,25,15,48,74"/><W55/><G64/><T96/><D117/><U49/><E121/><V68/><F33/><W6/><G43/><T31/><D36/><U61/><E111/><V69/><F113/><W131/><G74/><T100/><D130/><U62/><E127/><V102/><F124/><W71/><G71/><T80/><D79/><U44/><E134/><V1/><F40/><W58/><G6/><T63/><D63/><U46/><E27/><V22/><F59/><W32/><G32/><T2/><D105/><U104/><E104/><V67/><F69/><W4/><G4/><T106/><D107/><U70/><E62/><V17/><F68/><W119/><G119/><T76/><D76/><U12/><E12/><V3/><F7/><W115/><G115/><T110/><D110/><U128/><E128/><V120/><F120/><W26/><G126/><T16/><D2/><U20/><E20/><V75/><F75/><W132/><G21/><T91/><D16/><U54/><E42/><V84/><F19/><W78/><G5/><T109/><D10/><U101/><E41/><V86/><F1/><W122/><G0/><T94/><D109/><U133/><E61/><V72/><F72/><W14/><G122/><T65/><D65/><U89/><E66/><V37/><F37/><W50/><G131/><T93/><REACH who="0" step="1"/><D77/><REACH who="0" ten="290,190,148,362" step="2"/><U125/><E125/><V57/><F3/><W53/><G78/><T108/><D108/><U9/><E9/><V123/><F123/><W28/><G28/><T135/><D135/><U114/><E133/><V98/><F67/><W29/><G132/><T8/><D8/><RYUUKYOKU ba="0,1" sc="290,15,190,-15,148,15,362,-15" hai0="30,31,45,51,80,87,91,92,93,94,96,100,106" hai2="13,17,22,56,57,84,85,86,90,95,98,102,103" owari="305,11.0,175,-22.0,163,-34.0,357,45.0" /></mjloggm>