<mjloggm ver="2.3"><GO type="169" lobby="0"/><UN n0="%4E%49%4B%55%59%41" n1="%E6%9D%BE%E5%8E%9F%E4%B8%8D%E7%8B%97" n2="%6B%75%72%6F%6E%6F%35%39" n3="%E3%83%95%E3%82%B5%E3%82%A6%E3%83%9F%E3%82%B3%E3%83%83%E3%83%97" dan="18,16,16,17" rate="2198.10,2092.34,2063.95,2233.00" sx="M,M,M,M"/><TAIKYOKU oya="0"/><INIT seed="0,0,0,4,1,44" ten="250,250,250,250" oya="0" hai0="123,15,12,30,54,23,94,18,49,74,125,110,102" hai1="34,3,17,106,100,128,46,27,11,77,89,1,104" hai2="4,122,66,16,112,8,6,105,53,80,32,132,109" hai3="76,70,42,86,97,65,111,41,57,83,113,20,71"/><T52/><D123/><U99/><E106/><V25/><F105/><W120/><G113/><T88/><D74/><U64/><E128/><V96/><F112/><W126/><G120/><T85/><D125/><U69/><E77/><V13/><F122/><W7/><G126/><T73/><D73/><U10/><E89/><V79/><F109/><W35/><G35/><T37/><D37/><U36/><E36/><V130/><F130/><W133/><G133/><T121/><D121/><U19/><E46/><V107/><F132/><W134/><G111/><T62/><D30/><N who="1" m="19807" /><E11/><V21/><F66/><W28/><G134/><T61/><D110/><U58/><E58/><V135/><F135/><W67/><G67/><T14/><D102/><U82/><E82/><V78/><F32/><W40/><G7/><T31/><D31/><U55/><E55/><N who="0" m="21033" /><D49/><U90/><E90/><V127/><F127/><W92/><G28/><T43/><D43/><U24/><E24/><AGARI ba="0,0" hai="12,14,15,18,23,24,61,62,85,88,94" m="21033" machi="24" ten="30,5800,0" yaku="8,1,54,2" doraHai="44" who="0" fromWho="1" sc="250,58,250,-58,250,0,250,0" /><INIT seed="0,1,0,0,2,0" ten="308,192,250,250" oya="0" hai0="115,91,123,47,71,72,20,54,1,131,110,19,112" hai1="33,51,38,67,45,74,114,8,63,56,88,113,81" hai2="46,108,89,57,99,65,27,77,127,92,130,109,79" hai3="90,94,96,120,62,126,97,93,80,11,64,6,40"/><T60/><D123/><U87/><E33/><V13/><F130/><W86/><G120/><T53/><D72/><U128/><E128/><V9/><F127/><W10/><G126/><T84/><D131/><U59/><E74/><V117/><F117/><W37/><G37/><T61/><D1/><U42/><E59/><V2/><F2/><W35/><G35/><T30/><D30/><U83/><E83/><V31/><F46/><W43/><G94/><T76/><D76/><U102/><E102/><V129/><F129/><W132/><G132/><T15/><D110/><N who="2" m="42602" /><F57/><W4/><G11/><T21/><D21/><U26/><E26/><V105/><F65/><W23/><G23/><T7/><D7/><N who="3" m="2601" /><G10/><T95/><D71/><U41/><E8/><V103/><F105/><W3/><G3/><T66/><D66/><U5/><E5/><N who="2" m="3247" /><F103/><N who="3" m="60815" /><G97/><T111/><D111/><U22/><E22/><AGARI ba="1,0" hai="22,27,31,77,79,89,92,99" m="3247,42602" machi="22" ten="30,2000,0" yaku="14,1,52,1" doraHai="0" who="2" fromWho="1" sc="308,0,192,-23,250,23,250,0" /><INIT seed="1,0,0,0,1,56" ten="308,169,273,250" oya="1" hai0="24,71,124,43,2,38,91,53,50,106,135,46,28" hai1="36,105,55,39,79,95,122,19,88,9,133,68,126" hai2="37,118,31,25,82,119,20,3,83,0,48,96,134" hai3="73,64,100,17,57,127,40,42,14,86,101,77,112"/><U89/><E122/><V104/><F37/><W10/><G73/><T125/><D2/><U70/><E105/><V72/><F134/><W103/><G127/><T63/><D135/><U62/><E133/><V23/><F48/><W59/><G112/><T115/><D106/><U128/><E126/><V34/><F96/><W97/><G97/><T98/><D115/><U69/><E128/><V5/><F104/><W6/><G17/><T81/><D81/><U111/><E79/><V94/><F94/><W130/><G130/><T61/><D71/><U29/><E29/><V11/><F72/><W1/><G1/><T67/><D67/><U58/><E111/><V4/><F83/><N who="3" m="47471" /><G59/><T92/><D125/><U123/><E123/><V54/><F54/><W47/><G47/><T32/><D124/><U93/><E93/><V131/><F82/><W110/><G110/><T18/><D18/><U66/><E66/><V65/><F65/><W108/><G108/><T44/><AGARI ba="0,0" hai="24,28,32,38,43,44,46,50,53,61,63,91,92,98" machi="44" ten="20,5200,0" yaku="0,1,7,1,52,2" doraHai="56" who="0" fromWho="0" sc="308,52,169,-26,273,-13,250,-13" /><INIT seed="2,0,0,3,2,28" ten="360,143,260,237" oya="2" hai0="78,128,127,76,17,121,67,113,23,44,50,132,83" hai1="90,126,133,71,74,5,82,18,4,33,103,19,56" hai2="69,87,118,62,53,124,57,91,89,70,2,8,42" hai3="48,66,61,115,94,99,86,41,3,100,54,40,122"/><V36/><F118/><W112/><G3/><T77/><D121/><U123/><E71/><V52/><F124/><W108/><G108/><T43/><D113/><N who="3" m="43593" /><G86/><T102/><D127/><U31/><E126/><V32/><F36/><W63/><G122/><T51/><D128/><U27/><E123/><V22/><F42/><N who="3" m="16491" /><G66/><T84/><D67/><U117/><E117/><V37/><F37/><W130/><G130/><T21/><D84/><U73/><E133/><V96/><F22/><W12/><G12/><T81/><D23/><U64/><E103/><V97/><F2/><W49/><G49/><T119/><D102/><U38/><E38/><V125/><F62/><W92/><G92/><T75/><D132/><U39/><E39/><V110/><F87/><W6/><G6/><T93/><D93/><U15/><E4/><V65/><F125/><W25/><G25/><T111/><D111/><U10/><E74/><V20/><F20/><W45/><AGARI ba="0,0" hai="45,48,54,61,63,94,99,100" m="16491,43593" machi="45" ten="30,1100,0" yaku="11,1" doraHai="28" who="3" fromWho="3" sc="360,-3,143,-3,260,-5,237,11" /><INIT seed="3,0,0,0,0,41" ten="357,140,255,248" oya="3" hai0="129,4,2,92,44,68,97,125,96,109,57,14,29" hai1="42,64,127,104,76,33,105,112,51,5,75,30,19" hai2="65,11,117,36,52,46,124,94,121,26,86,119,113" hai3="98,91,69,25,73,131,59,88,9,58,35,78,102"/><W118/><G118/><T31/><D68/><U61/><E112/><V101/><F113/><W66/><G131/><T95/><D2/><U28/><E127/><V3/><F124/><W22/><G35/><T87/><D109/><U106/><E5/><V72/><F121/><W49/><G9/><N who="0" m="4391" /><D87/><U40/><E75/><V79/><F65/><W32/><G32/><T82/><D82/><U50/><E76/><V38/><F72/><W37/><G37/><T108/><D44/><U85/><E85/><V62/><F3/><W99/><G78/><T34/><D34/><U126/><E126/><V111/><F111/><W8/><G99/><T115/><D129/><U89/><E33/><V74/><F74/><W53/><G69/><T132/><D132/><U55/><E89/><V122/><F11/><W43/><G8/><T16/><D108/><U100/><E100/><V47/><F122/><W12/><G73/><T133/><D133/><U20/><E42/><V71/><F71/><W80/><G43/><T130/><D130/><U120/><E40/><V81/><F26/><W77/><G12/><T48/><D115/><U84/><E84/><V134/><F134/><W103/><G103/><T93/><D125/><U110/><E110/><V123/><F123/><W17/><G80/><T70/><D70/><N who="1" m="42255" /><E120/><V63/><F119/><W6/><G77/><T45/><D97/><U24/><E50/><V7/><F117/><W135/><G135/><T116/><D96/><U39/><E39/><V13/><F38/><W83/><G6/><T0/><D116/><U15/><E15/><V90/><F36/><RYUUKYOKU ba="0,0" sc="357,-10,140,30,255,-10,248,-10" hai1="19,20,24,28,30,51,55,104,105,106" /><INIT seed="4,1,0,4,4,134" ten="347,170,245,238" oya="0" hai0="111,3,23,29,69,81,12,97,43,57,131,110,1" hai1="83,124,9,8,92,130,94,67,15,52,85,74,86" hai2="2,133,0,115,6,121,96,33,109,17,16,80,98" hai3="89,50,55,76,21,61,34,19,62,32,105,40,20"/><T4/><D69/><U11/><E67/><V35/><F115/><W53/><G105/><T95/><D43/><U14/><E130/><V42/><F133/><W22/><G76/><T45/><D45/><U104/><E104/><V51/><F109/><N who="0" m="41482" /><D81/><U132/><E74/><V125/><F121/><W102/><G102/><T13/><D57/><U99/><E132/><V71/><F71/><W113/><G113/><T64/><D64/><U78/><E124/><V46/><F80/><W48/><G40/><T114/><D95/><U106/><E106/><V129/><F129/><W117/><G19/><N who="0" m="10727" /><D97/><U126/><E126/><V5/><F46/><W58/><G117/><T30/><D114/><U31/><E31/><N who="0" m="11785" /><D131/><U56/><E86/><V10/><F42/><W28/><G89/><T66/><D66/><U108/><E108/><V127/><F51/><W123/><G28/><T44/><D44/><U103/><REACH who="1" step="1"/><E94/><REACH who="1" ten="347,160,245,238" step="2"/><V70/><F70/><W120/><G120/><T91/><D91/><U93/><E93/><V107/><F107/><W90/><G90/><T27/><D27/><U26/><E26/><V60/><F60/><AGARI ba="1,1" hai="8,9,11,14,15,52,56,60,78,83,85,92,99,103" machi="60" ten="40,5200,0" yaku="1,1,8,1,54,1,53,0" doraHai="134" doraHaiUra="112" who="1" fromWho="2" sc="347,0,160,65,245,-55,238,0" /><INIT seed="5,0,0,1,3,18" ten="347,225,190,238" oya="1" hai0="75,16,65,79,20,7,44,84,35,63,91,41,83" hai1="60,74,123,32,46,34,122,92,36,135,59,87,30" hai2="26,81,28,102,89,15,107,69,29,40,4,109,82" hai3="64,37,104,14,119,70,47,129,98,130,71,78,103"/><U110/><E74/><V73/><F109/><W111/><G111/><T93/><D7/><U96/><E110/><V101/><F69/><W9/><G119/><T97/><D35/><U112/><E112/><V3/><F3/><W114/><G114/><T50/><D75/><U10/><E135/><V48/><F107/><W23/><G78/><T49/><D49/><U2/><E32/><V80/><F73/><W42/><G23/><T66/><REACH who="0" step="1"/><D63/><REACH who="0" ten="337,225,190,238" step="2"/><U118/><E34/><V12/><F4/><W52/><G130/><T121/><D121/><U108/><E60/><V86/><F48/><W76/><G129/><T113/><D113/><U61/><E61/><V53/><F40/><W125/><G42/><T1/><D1/><U21/><E2/><V120/><F120/><W127/><G127/><T72/><D72/><U90/><E122/><V54/><F102/><W67/><G103/><T134/><D134/><U58/><E123/><V13/><F101/><W57/><G125/><T31/><D31/><U116/><E30/><V22/><REACH who="2" step="1"/><F29/><REACH who="2" ten="337,225,180,238" step="2"/><W131/><G131/><T77/><D77/><U126/><E126/><V95/><AGARI ba="0,2" hai="12,13,15,22,26,28,53,54,80,81,82,86,89,95" machi="95" ten="30,12000,2" yaku="1,1,2,1,0,1,8,1,52,1,53,1" doraHai="18" doraHaiUra="27" who="2" fromWho="2" sc="337,-30,225,-60,180,140,238,-30" /><INIT seed="6,0,0,3,4,4" ten="307,165,320,208" oya="2" hai0="121,57,12,53,7,14,21,114,99,65,47,60,69" hai1="13,49,66,122,109,84,89,102,124,56,133,81,105" hai2="106,132,120,0,40,91,15,44,77,112,51,119,32" hai3="39,62,94,45,25,52,41,38,88,55,43,80,131"/><V61/><F112/><W87/><G131/><T29/><D121/><U46/><E109/><V23/><F0/><W37/><G25/><T126/><D114/><U125/><E122/><V104/><F32/><W76/><G62/><T28/><D126/><U19/><E133/><V92/><F132/><W116/><G116/><T9/><D99/><U24/><E24/><V42/><F42/><W135/><G135/><T17/><REACH who="0" step="1"/><D47/><REACH who="0" ten="297,165,320,208" step="2"/><U6/><E124/><V64/><F120/><W86/><REACH who="3" step="1"/><G43/><REACH who="3" ten="297,165,320,198" step="2"/><T8/><D8/><U68/><E125/><V11/><F40/><W128/><G128/><T70/><D70/><U117/><E68/><V85/><F119/><W2/><G2/><T113/><D113/><U35/><E117/><V48/><F44/><W90/><G90/><T50/><AGARI ba="0,2" hai="7,9,12,14,17,21,28,29,50,53,57,60,65,69" machi="50" ten="20,5200,0" yaku="1,1,0,1,7,1,52,1,53,0" doraHai="4" doraHaiUra="134" who="0" fromWho="0" sc="297,72,165,-13,320,-26,198,-13" /><INIT seed="7,0,0,0,3,29" ten="369,152,294,185" oya="3" hai0="19,7,64,107,28,108,72,8,67,122,65,44,106" hai1="82,66,5,3,30,34,10,55,88,116,37,90,1" hai2="128,42,57,16,84,99,114,51,4,50,129,101,96" hai3="59,0,92,98,62,14,115,74,11,32,54,80,43"/><W39/><G115/><T95/><D122/><U27/><E37/><V22/><F114/><W75/><G0/><T104/><D72/><U118/><E3/><V100/><F4/><W79/><G39/><T97/><D28/><U24/><E66/><V124/><F124/><W48/><G74/><T25/><D44/><U112/><E112/><V94/><F84/><W81/><G32/><T125/><D108/><U83/><E27/><V77/><F77/><W41/><G81/><N who="1" m="30730" /><E55/><V119/><F119/><AGARI ba="0,0" hai="1,5,10,24,30,34,88,90,116,118,119" m="30730" machi="119" ten="30,3900,0" yaku="12,1,52,1,54,1" doraHai="29" who="1" fromWho="2" sc="369,0,152,39,294,-39,185,0" owari="369,46.0,191,-21.0,255,6.0,185,-31.0" /></mjloggm>