<mjloggm ver="2.3"><GO type="169" lobby="0"/><UN n0="%E9%9B%A3%E6%94%BB%E4%B8%8D%E8%90%BD%E3%81%AE%E9%89%84%E9%A8%8E%E5%85%B5" n1="%E3%81%97%E3%82%89%E3%81%99%EF%BC%A1" n2="%E3%83%90%E3%82%AD" n3="%E3%81%97%E3%82%89%E3%81%84%E3%81%97%E3%81%BE%E3%81%84" dan="16,16,17,17" rate="2134.60,2096.52,2204.63,2256.14" sx="M,M,M,M"/><TAIKYOKU oya="0"/><INIT seed="0,0,0,2,5,111" ten="250,250,250,250" oya="0" hai0="2,92,26,123,68,114,40,120,14,135,106,90,103" hai1="3,11,9,102,131,8,38,84,133,67,82,35,64" hai2="51,113,23,39,115,88,117,16,72,124,1,31,107" hai3="49,6,18,7,22,15,10,125,69,116,101,61,70"/><T127/><D2/><U65/><E35/><V96/><F39/><W122/><G116/><T25/><D68/><U91/><E133/><V32/><F72/><W81/><G125/><T121/><D127/><U20/><E38/><V53/><F124/><W66/><G122/><T94/><D135/><U47/><E131/><V55/><F1/><W79/><G101/><T28/><D40/><U21/><E3/><V34/><F117/><W83/><G69/><T5/><D106/><U78/><E102/><V108/><F108/><W100/><G100/><T57/><D114/><U13/><E47/><V0/><F0/><W105/><G105/><T54/><D103/><U52/><E13/><V41/><F107/><W126/><G126/><T36/><D36/><U74/><REACH who="1" step="1"/><E52/><REACH who="1" ten="250,240,250,250" step="2"/><V24/><F41/><W62/><G62/><T45/><D45/><U63/><E63/><V87/><F55/><W134/><G134/><T46/><D46/><U30/><E30/><V118/><F118/><W60/><G60/><T128/><D128/><U110/><E110/><V50/><F34/><W77/><G49/><N who="0" m="30927" /><D28/><U44/><E44/><V89/><F50/><W4/><REACH who="3" step="1"/><G10/><REACH who="3" ten="250,240,250,240" step="2"/><N who="0" m="4431" /><D121/><U73/><E73/><V93/><F51/><W27/><G27/><T86/><D123/><U43/><E43/><V56/><F53/><W58/><G58/><T129/><D120/><U75/><E75/><V48/><F56/><W85/><G85/><N who="0" m="52303" /><D129/><U104/><E104/><V33/><F48/><W119/><G119/><T12/><D12/><U71/><E71/><V109/><F109/><W99/><G99/><T76/><D25/><RYUUKYOKU ba="0,2" sc="250,-15,240,15,250,-15,240,15" hai1="8,9,11,20,21,64,65,67,74,78,82,84,91" hai3="4,6,7,15,18,22,61,66,70,77,79,81,83" /><INIT seed="1,1,2,4,1,105" ten="235,255,235,255" oya="1" hai0="34,55,21,42,62,83,67,74,130,84,117,47,73" hai1="75,66,22,128,36,88,9,16,111,58,133,45,11" hai2="132,79,114,24,52,121,33,108,93,7,82,23,68" hai3="15,134,27,112,90,40,4,129,85,2,81,99,113"/><U6/><E133/><V92/><F121/><W107/><G134/><T51/><D117/><U98/><E128/><V46/><F132/><W53/><G129/><T17/><D34/><U29/><E29/><V0/><F33/><W3/><G40/><T41/><D130/><U57/><E75/><V10/><F68/><W123/><G123/><T124/><D124/><U69/><E69/><V37/><F108/><W25/><G53/><T122/><D122/><U35/><E35/><V65/><F65/><W8/><G107/><T60/><D42/><U100/><E111/><V44/><F44/><W30/><G99/><T32/><D41/><U70/><E36/><V126/><F114/><W109/><G109/><T72/><D67/><U54/><E70/><V71/><F71/><W18/><G2/><T14/><REACH who="0" step="1"/><D32/><REACH who="0" ten="225,255,235,255" step="2"/><U39/><E66/><V12/><F126/><W127/><G127/><T101/><D101/><U28/><E100/><V119/><F119/><W91/><G113/><T80/><D80/><U104/><E39/><V49/><F37/><W125/><G112/><T102/><D102/><U89/><E104/><V63/><F82/><W96/><G125/><T59/><D59/><U20/><E57/><V13/><F93/><W87/><G81/><T131/><D131/><U135/><E58/><N who="2" m="35271" /><F92/><W5/><G91/><AGARI ba="1,3" hai="14,17,21,47,51,55,60,62,72,73,74,83,84,91" machi="91" ten="40,8000,1" yaku="1,1,52,3,53,0" doraHai="105" doraHaiUra="118" who="0" fromWho="3" sc="225,113,255,0,235,0,255,-83" /><INIT seed="2,0,0,4,5,110" ten="338,255,235,172" oya="2" hai0="120,119,122,13,16,90,56,22,101,52,25,29,117" hai1="21,65,127,55,26,44,75,42,68,124,43,102,54" hai2="34,95,49,58,38,132,51,118,134,10,128,83,6" hai3="69,63,113,74,2,41,35,86,36,67,98,14,104"/><V92/><F118/><N who="0" m="45066" /><D101/><U89/><E75/><V79/><F34/><W130/><G2/><T39/><D90/><U31/><E102/><V97/><F38/><W18/><G130/><T76/><D76/><U70/><E43/><V72/><F128/><W94/><G74/><T123/><D39/><U105/><E89/><V80/><F80/><W82/><G35/><N who="0" m="20911" /><D122/><U11/><E11/><V66/><F66/><W84/><G104/><T88/><D88/><U64/><E105/><V115/><F115/><W17/><G113/><T61/><AGARI ba="0,0" hai="13,16,22,52,56,61,120,123" m="20911,45066" machi="61" ten="30,4000,0" yaku="12,1,54,2" doraHai="110" who="0" fromWho="0" sc="338,40,255,-10,235,-20,172,-10" /><INIT seed="3,0,0,5,1,99" ten="378,245,215,162" oya="3" hai0="48,59,57,41,93,1,126,13,68,70,46,10,92" hai1="8,56,122,27,124,115,104,116,31,69,32,119,24" hai2="81,91,73,77,132,42,130,120,63,45,133,34,85" hai3="64,40,80,107,102,117,95,5,97,128,135,105,4"/><W9/><G117/><N who="1" m="45130" /><E69/><V37/><F34/><W0/><G128/><T6/><D126/><U75/><E75/><V125/><F125/><W58/><G135/><T108/><D108/><U114/><E104/><V113/><F113/><N who="1" m="43017" /><E56/><V84/><F130/><W87/><G40/><T98/><D92/><U51/><E51/><V65/><F120/><W106/><G5/><T14/><D68/><U23/><E124/><V26/><F26/><W39/><G39/><T49/><D70/><U90/><E90/><V66/><F73/><W94/><G94/><T76/><D76/><U25/><E122/><V82/><REACH who="2" step="1"/><F63/><REACH who="2" ten="378,245,205,162" step="2"/><W12/><G0/><T123/><D1/><U131/><E131/><V43/><F43/><W86/><REACH who="3" step="1"/><G80/><REACH who="3" ten="378,245,205,152" step="2"/><T55/><D123/><U30/><E32/><V109/><F109/><W61/><AGARI ba="0,2" hai="4,9,12,58,61,64,86,87,95,97,102,105,106,107" machi="61" ten="40,12000,1" yaku="1,1,2,1,0,1,52,1,53,0" doraHai="99" doraHaiUra="129" who="3" fromWho="3" sc="378,-40,245,-40,205,-40,152,140" /><INIT seed="3,1,0,1,3,13" ten="338,205,165,292" oya="3" hai0="97,38,47,64,116,60,127,106,36,115,76,55,126" hai1="65,35,54,124,41,78,94,20,104,111,14,25,10" hai2="119,107,50,61,93,49,72,131,51,86,81,62,32" hai3="103,82,19,6,56,73,91,67,53,132,12,133,34"/><W120/><G34/><T135/><D76/><U31/><E104/><V16/><F119/><W123/><G67/><T122/><D106/><U114/><E111/><V75/><F32/><W22/><G103/><T105/><D97/><U89/><E114/><V66/><F107/><W40/><G40/><T58/><D105/><U113/><E113/><V130/><F93/><W68/><G68/><T2/><D2/><U129/><E129/><N who="2" m="49163" /><F75/><W46/><G46/><T37/><D115/><U15/><E124/><N who="0" m="47657" /><D116/><U39/><E65/><V79/><F72/><W26/><G73/><T98/><D98/><U43/><E39/><V8/><F66/><W95/><G82/><T1/><D1/><U108/><E78/><V69/><F69/><W21/><G6/><T70/><D135/><U59/><E108/><V5/><F5/><W85/><G132/><T92/><D92/><U96/><E35/><V4/><F4/><W83/><G83/><T128/><D128/><U88/><E89/><V118/><F118/><W125/><G133/><T0/><D0/><U17/><E15/><AGARI ba="1,0" hai="8,15,16,49,50,51,61,62,79,81,86" m="49163" machi="15" ten="30,3900,0" yaku="19,1,52,1,54,1" doraHai="13" who="2" fromWho="1" sc="338,0,205,-42,165,42,292,0" /><INIT seed="4,0,0,5,2,13" ten="338,163,207,292" oya="0" hai0="126,79,64,70,127,9,53,59,97,123,72,57,0" hai1="58,5,85,89,52,112,38,111,91,11,120,90,88" hai2="124,15,129,20,125,14,131,80,73,10,84,69,133" hai3="83,66,102,117,68,63,121,104,6,50,51,109,61"/><T1/><D123/><U81/><E111/><V82/><F69/><W77/><G109/><T25/><D70/><U110/><E110/><V122/><F122/><W35/><G117/><T16/><D72/><U24/><E120/><V39/><F39/><W114/><G114/><T93/><D79/><U116/><E116/><V55/><F73/><W65/><G6/><T67/><D57/><U32/><E38/><V75/><F75/><W119/><G35/><T130/><D130/><N who="2" m="49674" /><F55/><W17/><G102/><T94/><D1/><U108/><E108/><V18/><F133/><W115/><G104/><T54/><D54/><U29/><E112/><V105/><F105/><W98/><G119/><T99/><D94/><U95/><E95/><V103/><F103/><W3/><G115/><T71/><D71/><U19/><E19/><N who="2" m="10359" /><F80/><W45/><G83/><T100/><D97/><U134/><E134/><V87/><F84/><W41/><G98/><T60/><D0/><U107/><E107/><V76/><AGARI ba="0,0" hai="10,15,18,76,82,87,124,125" m="10359,49674" machi="76" ten="30,4000,0" yaku="19,1,52,2" doraHai="13" who="2" fromWho="2" sc="338,-20,163,-10,207,40,292,-10" /><INIT seed="5,0,0,5,2,118" ten="318,153,247,282" oya="1" hai0="0,61,45,91,25,78,56,99,79,109,49,33,85" hai1="48,24,42,111,69,15,21,53,12,97,64,39,65" hai2="70,86,89,60,90,87,54,41,72,13,58,36,134" hai3="71,93,80,40,114,100,11,96,88,133,135,2,18"/><U84/><E111/><V63/><F72/><W124/><G71/><T115/><D109/><U59/><E97/><V94/><F134/><N who="3" m="51211" /><G114/><T76/><D0/><U127/><E127/><V35/><F35/><W3/><G124/><T119/><D119/><U27/><E27/><V129/><F129/><W22/><G40/><T108/><D108/><U103/><E103/><V32/><F32/><W77/><G11/><T30/><D99/><U112/><E112/><V107/><F107/><W51/><G51/><T104/><D104/><U68/><E84/><V44/><F70/><N who="1" m="27241" /><E21/><V67/><F13/><N who="3" m="9551" /><G100/><T37/><D37/><U8/><E24/><V123/><F123/><W101/><G101/><T26/><D115/><U31/><E12/><V6/><F6/><W50/><G50/><T57/><D26/><U106/><E31/><V10/><F10/><W126/><G126/><T23/><D33/><U4/><E106/><V52/><REACH who="2" step="1"/><F63/><REACH who="2" ten="318,153,237,282" step="2"/><W110/><G110/><T43/><D61/><N who="1" m="36079" /><E15/><V47/><F47/><W19/><G19/><T130/><D130/><U131/><E131/><V75/><F75/><AGARI ba="0,1" hai="2,3,75,77,80,88,93,96" m="9551,51211" machi="75" ten="30,2000,0" yaku="20,1,54,1" doraHai="118" who="3" fromWho="2" sc="318,0,153,0,237,-20,282,30" /><INIT seed="6,0,0,4,0,61" ten="318,153,217,312" oya="2" hai0="84,119,126,71,43,51,17,58,131,7,90,124,33" hai1="31,98,114,11,37,63,2,123,47,1,60,65,135" hai2="109,5,55,110,81,26,9,105,73,56,22,14,111" hai3="107,15,49,4,116,129,50,44,30,79,115,117,89"/><V34/><F105/><W32/><G107/><T40/><D71/><U82/><E114/><V112/><F112/><W108/><G108/><T42/><D33/><U28/><E135/><V24/><F34/><W120/><G120/><T134/><D131/><U45/><E123/><V27/><F81/><W16/><G129/><T70/><D70/><U80/><E98/><V78/><F78/><W3/><G79/><T52/><D134/><U35/><E35/><V20/><REACH who="2" step="1"/><F73/><REACH who="2" ten="318,153,207,312" step="2"/><W0/><G32/><T86/><D124/><U25/><E11/><V92/><F92/><W102/><G115/><T48/><D126/><U10/><E10/><V57/><F57/><W91/><G116/><T19/><D119/><U103/><E103/><V53/><F53/><W93/><G117/><T46/><D42/><U21/><E21/><V101/><F101/><W133/><G102/><T62/><D43/><U77/><E77/><V6/><F6/><W76/><G4/><T59/><D40/><U74/><E74/><V68/><F68/><W8/><G76/><T130/><D130/><U12/><E37/><V23/><F23/><W66/><G8/><T29/><D7/><U72/><E72/><V83/><F83/><W36/><G133/><T106/><D106/><U127/><E127/><V96/><F96/><W132/><G93/><N who="0" m="54471" /><D59/><U128/><E128/><V100/><F100/><W41/><G132/><T75/><D75/><U113/><E113/><V13/><F13/><W54/><G15/><T121/><D121/><U88/><E12/><V38/><F38/><W118/><G36/><T125/><D125/><RYUUKYOKU ba="0,1" sc="318,-10,153,-10,207,30,312,-10" hai2="5,9,14,20,22,24,26,27,55,56,109,110,111" /><INIT seed="6,1,1,1,3,116" ten="308,143,237,302" oya="2" hai0="128,79,30,126,32,47,23,100,8,10,89,29,117" hai1="70,48,77,65,72,67,37,26,4,96,66,25,134" hai2="75,17,31,129,33,59,112,52,86,105,113,111,1" hai3="60,82,125,57,76,0,21,110,46,51,13,119,97"/><V87/><F75/><W73/><G110/><T20/><D117/><U114/><E114/><N who="2" m="44139" /><F105/><W38/><G119/><T45/><D89/><U28/><E37/><V14/><F1/><W27/><G125/><T120/><D128/><U9/><E134/><V64/><F64/><W108/><G108/><T74/><D32/><U41/><E70/><V7/><F7/><W115/><G115/><T80/><D80/><U81/><E96/><V3/><F3/><W122/><G38/><T84/><D84/><N who="2" m="32298" /><F129/><W90/><G0/><T22/><D22/><U106/><E106/><V78/><F78/><W39/><G73/><T11/><D11/><U133/><E133/><V35/><F31/><W34/><G76/><T98/><D79/><U55/><E41/><V61/><F111/><W101/><G82/><T2/><D2/><U15/><REACH who="1" step="1"/><E28/><REACH who="1" ten="308,133,237,302" step="2"/><V5/><F5/><W56/><G97/><T130/><D29/><U68/><E68/><V12/><F12/><W71/><G13/><T62/><D30/><U121/><E121/><V43/><F43/><W124/><G122/><T123/><D120/><U40/><E40/><V24/><F24/><W109/><G71/><T127/><D123/><U88/><E88/><V69/><F69/><W83/><G90/><T53/><D127/><U99/><E99/><V102/><F102/><W50/><G101/><T118/><D98/><U63/><E63/><V36/><F36/><W135/><G39/><T103/><D62/><U92/><E92/><V6/><F6/><W104/><G124/><T44/><D103/><U94/><E94/><V91/><F91/><RYUUKYOKU ba="1,2" sc="308,-15,133,15,237,15,302,-15" hai1="4,9,15,25,26,48,55,65,66,67,72,77,81" hai2="14,17,33,35,52,59,61" /><INIT seed="6,2,2,1,1,88" ten="293,148,252,287" oya="2" hai0="90,15,53,64,26,85,120,91,123,19,11,83,12" hai1="36,117,82,79,75,84,31,16,14,127,0,92,124" hai2="37,7,21,108,47,115,93,71,63,89,95,66,133" hai3="51,27,67,49,34,50,97,73,61,103,96,72,10"/><V2/><F115/><W44/><G10/><T110/><D110/><U109/><E109/><V60/><F108/><W121/><G97/><T113/><D113/><U112/><E112/><V45/><F37/><W41/><G121/><T43/><D64/><U58/><E117/><V52/><F133/><W6/><G6/><T40/><D26/><U94/><E0/><V134/><F134/><W25/><G73/><T98/><D120/><U13/><E36/><V22/><F2/><W59/><G72/><T57/><D15/><U104/><E104/><V87/><F7/><W118/><G118/><T70/><D70/><U24/><E58/><N who="2" m="34887" /><F71/><W102/><G102/><T5/><D5/><U38/><E38/><V125/><F125/><N who="1" m="48201" /><E75/><V30/><F30/><W107/><REACH who="3" step="1"/><G25/><REACH who="3" ten="293,148,252,277" step="2"/><T78/><D123/><U62/><E13/><V131/><F131/><W56/><G56/><T55/><D57/><U69/><E69/><V129/><F129/><W32/><G32/><T126/><D126/><U39/><E39/><V18/><F66/><W114/><G114/><T68/><D68/><U111/><E111/><V81/><F22/><W46/><G46/><N who="2" m="17417" /><F63/><W54/><G54/><T74/><D55/><U101/><E62/><V9/><F9/><W3/><G3/><T65/><D53/><U106/><E106/><V80/><F80/><W135/><G135/><T119/><D65/><U35/><E101/><V76/><F21/><AGARI ba="2,3" hai="14,16,21,24,31,35,79,82,84,92,94" m="48201" machi="21" ten="30,7700,0" yaku="18,1,52,2,54,1" doraHai="88" who="1" fromWho="2" sc="293,0,148,113,252,-83,277,0" /><INIT seed="7,0,0,2,0,128" ten="293,261,169,277" oya="3" hai0="98,22,66,51,42,95,26,80,99,75,38,100,50" hai1="17,11,10,79,85,73,122,62,33,74,1,112,65" hai2="9,94,2,101,19,103,129,102,69,30,49,77,24" hai3="97,13,87,20,39,113,36,56,90,63,58,6,31"/><W32/><G32/><T44/><D66/><U54/><E122/><V104/><F104/><W134/><G134/><T25/><D25/><U61/><E33/><V53/><F69/><W96/><G113/><T55/><D98/><U59/><E112/><V117/><F117/><W119/><G119/><T21/><D21/><U41/><E41/><V47/><F129/><W0/><G0/><T43/><D38/><U124/><E124/><V12/><F2/><W37/><G58/><T114/><D114/><U64/><E54/><V91/><F77/><W108/><G108/><T60/><D60/><U27/><E85/><V81/><F81/><W34/><G34/><T23/><D23/><U88/><E79/><V68/><F68/><W82/><G6/><T78/><D50/><U111/><E111/><V132/><F132/><W121/><G121/><T4/><D4/><U72/><E88/><V35/><REACH who="2" step="1"/><F103/><REACH who="2" ten="293,261,159,277" step="2"/><W15/><G82/><T93/><D95/><U52/><E1/><V105/><F105/><W18/><G90/><T107/><D107/><U67/><E72/><V109/><F109/><W120/><G120/><T106/><D106/><U8/><E73/><V40/><F40/><W45/><G87/><AGARI ba="0,1" hai="9,12,19,24,30,35,47,49,53,87,91,94,101,102" machi="87" ten="30,2000,0" yaku="1,1,7,1,53,0" doraHai="128" doraHaiUra="127" who="2" fromWho="3" sc="293,0,261,0,159,30,277,-20" /><INIT seed="8,0,0,3,2,8" ten="293,261,189,257" oya="0" hai0="117,3,124,91,106,109,13,85,86,1,0,88,19" hai1="125,75,15,6,82,29,131,72,40,107,134,99,83" hai2="71,20,26,81,28,11,49,102,47,68,129,41,37" hai3="53,103,90,114,113,31,94,24,110,18,73,2,116"/><T95/><D117/><U5/><E134/><V122/><F122/><W48/><G116/><T118/><D118/><U44/><E131/><V56/><F129/><W43/><G73/><T67/><D124/><U9/><E125/><V52/><F102/><W22/><G2/><T64/><D106/><U111/><E111/><V115/><F115/><W100/><G110/><T101/><D101/><U70/><E70/><V33/><F33/><W69/><G43/><T45/><D45/><U121/><E29/><V84/><REACH who="2" step="1"/><F11/><REACH who="2" ten="293,261,179,257" step="2"/><W89/><G113/><T39/><D109/><U74/><E121/><V50/><F50/><W60/><G114/><T58/><D39/><U120/><E120/><V32/><F32/><W126/><G126/><T79/><D79/><AGARI ba="0,1" hai="20,26,28,37,41,47,49,52,56,68,71,79,81,84" machi="79" ten="30,7700,0" yaku="1,1,7,1,54,1,53,1" doraHai="8" doraHaiUra="76" who="2" fromWho="0" sc="293,-77,261,0,179,87,257,0" /><INIT seed="9,0,0,2,3,45" ten="216,261,266,257" oya="1" hai0="29,20,56,24,42,32,41,34,53,39,54,31,37" hai1="21,94,90,101,49,36,57,78,112,115,68,108,47" hai2="64,127,51,121,118,86,30,61,0,74,122,76,67" hai3="102,104,12,116,19,75,96,4,52,106,28,99,25"/><U114/><E68/><V17/><F0/><W71/><G75/><T65/><D20/><U124/><E124/><V27/><F127/><W92/><G4/><T110/><D56/><U59/><E36/><V58/><F74/><W109/><G109/><T11/><D24/><U130/><E101/><V48/><F17/><W73/><G73/><T93/><D93/><U7/><E78/><V44/><F67/><W105/><G71/><T83/><D83/><U5/><E130/><V66/><F66/><W134/><G134/><T70/><D65/><U132/><E132/><V33/><F118/><W88/><G116/><T103/><D11/><U18/><E108/><V16/><F16/><W81/><G81/><T84/><D84/><U6/><E90/><V46/><F86/><W100/><G52/><T95/><D95/><U77/><E94/><V69/><F76/><W62/><G62/><T23/><D23/><U120/><E77/><V135/><F69/><W126/><G126/><T50/><D70/><U35/><E35/><V125/><F135/><W79/><G79/><T87/><D87/><U129/><E129/><V133/><F133/><W117/><G100/><T107/><D103/><U80/><E80/><V97/><F125/><W85/><G102/><T131/><D131/><U113/><E113/><V119/><F97/><W15/><G117/><T55/><D55/><N who="1" m="30143" /><E120/><N who="2" m="46187" /><F119/><W60/><G60/><T43/><D43/><U10/><E10/><V3/><F3/><W13/><G19/><T123/><D123/><U9/><E9/><V63/><F63/><W26/><G28/><T98/><D110/><RYUUKYOKU ba="0,0" sc="216,-30,261,10,266,10,257,10" hai1="5,6,7,18,21,57,59,112,114,115" hai2="27,30,33,44,46,48,51,58,61,64" hai3="12,13,15,25,26,85,88,92,96,99,104,105,106" /><INIT seed="9,1,0,1,2,67" ten="186,271,276,267" oya="1" hai0="76,92,106,87,116,80,90,33,62,109,31,74,82" hai1="54,125,57,51,103,29,108,40,132,117,112,1,91" hai2="120,14,22,26,124,135,75,8,0,55,115,79,70" hai3="9,93,50,2,121,98,38,45,107,83,101,113,127"/><U43/><E112/><V104/><F120/><W105/><G113/><T96/><D109/><U129/><E117/><V72/><F104/><W81/><G121/><T13/><D116/><U66/><E132/><V110/><F110/><W16/><G38/><T18/><D33/><U65/><E108/><V10/><F115/><W86/><G127/><T134/><D134/><U131/><E1/><V6/><F70/><W15/><G2/><T61/><D31/><U118/><E118/><V25/><F135/><W41/><REACH who="3" step="1"/><G83/><REACH who="3" ten="186,271,276,257" step="2"/><T73/><D73/><U36/><E125/><V126/><F0/><W32/><G32/><T30/><D30/><U23/><E36/><V7/><F72/><W46/><G46/><T42/><D42/><N who="1" m="15915" /><E103/><V111/><F75/><W11/><G11/><T47/><D47/><U44/><E44/><V52/><F111/><W123/><G123/><T84/><D106/><U19/><E29/><V114/><F114/><W49/><G49/><T97/><D74/><U48/><E48/><V5/><F126/><W53/><G53/><T130/><D130/><N who="1" m="49675" /><E91/><AGARI ba="1,1" hai="9,15,16,41,45,50,81,86,91,93,98,101,105,107" machi="91" ten="30,3900,0" yaku="1,1,7,1,54,1,53,0" doraHai="67" doraHaiUra="58" who="3" fromWho="1" sc="186,0,271,-42,276,0,257,52" owari="186,-31.0,229,-17.0,276,8.0,309,40.0" /></mjloggm>