<mjloggm ver="2.3"><GO type="185" lobby="0"/><UN n0="%E8%B5%A4%E3%81%AE%E3%83%A9%E3%82%B0%E3%83%8A%E3%83%AB" n1="%E9%B3%B4%E3%81%8D%E3%83%80%E3%83%AB%E3%83%9E" n2="%7A%61%30%30%30%34" n3="" dan="16,17,17,0" rate="2175.42,2250.45,2269.50,1500.00" sx="M,M,M,C"/><TAIKYOKU oya="0"/><INIT seed="0,0,0,1,5,120" ten="350,350,350,0" oya="0" hai0="3,106,85,56,102,57,123,55,119,95,78,48,46" hai1="108,109,132,101,133,76,93,49,58,115,107,82,44" hai2="39,65,121,73,32,80,60,52,127,75,62,98,53" hai3=""/><T105/><N who="0" m="31520" /><T130/><D3/><U34/><E34/><V114/><N who="2" m="31008" /><V45/><F32/><T124/><D119/><U90/><E58/><V99/><F114/><T69/><D69/><U122/><N who="1" m="31264" /><U40/><E101/><V129/><F129/><T86/><D130/><U51/><E107/><V61/><F65/><T83/><D124/><U64/><E64/><V87/><F127/><T97/><D57/><U111/><E49/><V116/><F116/><T117/><D117/><U96/><REACH who="1" step="1"/><E115/><REACH who="1" ten="350,340,350,0" step="2"/><V79/><F39/><T88/><REACH who="0" step="1"/><D56/><REACH who="0" ten="340,340,350,0" step="2"/><U43/><E43/><V42/><F42/><T134/><D134/><U36/><E36/><V81/><F45/><T94/><AGARI ba="0,2" hai="46,48,55,78,83,85,86,88,94,95,97,102,105,106" m="31520" machi="94" ten="20,8000,1" yaku="1,1,0,1,7,1,52,1,54,1,53,0" doraHai="120" doraHaiUra="135" who="0" fromWho="0" sc="340,100,340,-40,350,-40,0,0" /><INIT seed="0,1,0,3,5,42" ten="440,300,310,0" oya="0" hai0="61,34,101,91,98,52,78,102,96,89,115,59,58" hai1="116,132,124,121,67,108,32,69,99,117,53,36,55" hai2="35,112,3,127,41,73,86,113,37,107,48,68,43" hai3=""/><T130/><D34/><U44/><N who="1" m="31008" /><U62/><E32/><V93/><F86/><T87/><D115/><U56/><E99/><N who="0" m="37929" /><D130/><U57/><E108/><V64/><F93/><T134/><D134/><U135/><E124/><V118/><F48/><T84/><D78/><U111/><E111/><V95/><F95/><T2/><D2/><U75/><E75/><V51/><F51/><T38/><D38/><U50/><E36/><V119/><F64/><T74/><D74/><U40/><E55/><V94/><F94/><T77/><D77/><U63/><E69/><V71/><F73/><T65/><D87/><U80/><E80/><V70/><F107/><T114/><D114/><N who="2" m="44138" /><F35/><T82/><D91/><U47/><E47/><V126/><F3/><T45/><D45/><U100/><E100/><V97/><F97/><T79/><D79/><U66/><E40/><N who="2" m="15435" /><F37/><T76/><D76/><U72/><E72/><V60/><F60/><AGARI ba="1,0" hai="52,58,59,60,61,65,82,84,89,101,102" m="37929" machi="60" ten="30,2900,0" yaku="8,1,54,1" doraHai="42" who="0" fromWho="2" sc="440,31,300,0,310,-31,0,0" /><INIT seed="0,2,0,2,2,122" ten="471,300,279,0" oya="0" hai0="55,61,129,77,51,103,34,133,92,64,119,111,79" hai1="70,40,66,131,71,115,86,56,45,65,62,130,123" hai2="75,69,110,98,3,96,116,74,72,83,47,58,97" hai3=""/><T48/><D34/><U68/><N who="1" m="31520" /><U53/><E86/><V0/><F69/><T82/><D119/><U128/><REACH who="1" step="1"/><E115/><REACH who="1" ten="471,290,279,0" step="2"/><V42/><F116/><T80/><D133/><U108/><E108/><V89/><F110/><T60/><D111/><U32/><E32/><V100/><F75/><T112/><D112/><U76/><E76/><V106/><F74/><T37/><D77/><U88/><E88/><V93/><F72/><T81/><D79/><U57/><E57/><V127/><F58/><T114/><D114/><U126/><E126/><V73/><F127/><T43/><D129/><U121/><N who="1" m="31008" /><U117/><E117/><V125/><F125/><T67/><D103/><U104/><E104/><V134/><F134/><T63/><D67/><U49/><AGARI ba="2,1" hai="40,45,49,53,56,62,65,66,68,70,71,128,130,131" m="31008,31520" machi="49" ten="40,12000,3" yaku="1,1,0,1,19,1,34,3,52,2,53,0" doraHai="122" doraHaiUra="85" who="1" fromWho="1" sc="471,-82,290,134,279,-42,0,0" /><INIT seed="1,0,0,3,0,73" ten="389,424,237,0" oya="1" hai0="65,58,33,80,74,135,99,98,97,126,100,50,63" hai1="66,42,134,109,53,110,36,64,75,68,43,131,69" hai2="72,0,47,39,127,118,111,40,88,62,121,128,103" hai3=""/><U1/><E1/><V59/><N who="2" m="31008" /><V37/><F118/><T92/><D33/><U49/><E75/><V41/><F0/><T101/><D135/><U122/><N who="1" m="31264" /><U48/><E134/><V90/><F111/><N who="1" m="42505" /><E131/><V81/><F128/><T44/><D126/><U86/><E86/><V71/><F71/><N who="1" m="27209" /><E36/><V60/><F127/><T77/><REACH who="0" step="1"/><D101/><REACH who="0" ten="379,424,237,0" step="2"/><U35/><E35/><V125/><F103/><T108/><D108/><U79/><E79/><V46/><F125/><T45/><D45/><U107/><E107/><V38/><F38/><T115/><D115/><U89/><E89/><V67/><F60/><T34/><D34/><U95/><E95/><V113/><F113/><T130/><D130/><U61/><E61/><V51/><F51/><N who="1" m="19529" /><E53/><AGARI ba="0,1" hai="44,50,53,58,63,65,74,77,80,92,97,98,99,100" machi="53" ten="30,3900,0" yaku="1,1,7,1,52,1,53,0" doraHai="73" doraHaiUra="112" who="0" fromWho="1" sc="379,49,424,-39,237,0,0,0" /><INIT seed="2,0,0,4,0,55" ten="428,385,237,0" oya="2" hai0="43,61,40,109,34,98,48,2,107,89,39,78,59" hai1="134,60,127,79,32,63,93,82,119,95,121,101,3" hai2="81,122,58,123,67,135,112,99,130,66,110,132,131" hai3=""/><V91/><N who="2" m="31264" /><V38/><N who="2" m="31520" /><V102/><F38/><T64/><D2/><U125/><N who="1" m="31008" /><U72/><E3/><V113/><F110/><T115/><D34/><U88/><E32/><V62/><F67/><T129/><D109/><U120/><N who="1" m="30752" /><U97/><E134/><N who="2" m="51243" /><F81/><T96/><D39/><U90/><E119/><V100/><F91/><T117/><D117/><U73/><E73/><V104/><F102/><T41/><D129/><AGARI ba="0,0" hai="58,62,66,99,100,104,112,113,129,130,131" m="51243,31520,31264" machi="129" ten="30,12000,1" yaku="19,1,20,1,52,3" doraHai="55" who="2" fromWho="0" sc="428,-120,385,0,237,120,0,0" /><INIT seed="2,1,0,3,4,78" ten="308,385,357,0" oya="2" hai0="91,48,81,3,41,112,52,114,77,67,85,64,121" hai1="40,96,105,118,127,108,102,87,75,1,126,123,89" hai2="120,82,88,66,84,110,116,38,63,0,72,119,113" hai3=""/><V35/><N who="2" m="30752" /><V33/><F0/><T106/><N who="0" m="31008" /><T54/><D3/><U115/><N who="1" m="31520" /><U129/><E1/><V134/><F113/><N who="0" m="43626" /><D106/><U68/><E115/><V101/><F38/><T53/><D77/><U76/><E68/><V42/><F42/><T98/><D98/><U125/><E40/><V99/><F134/><T86/><D86/><U65/><E65/><N who="0" m="25161" /><D41/><U43/><E43/><V69/><F72/><T132/><D132/><U37/><E37/><V51/><F51/><AGARI ba="1,0" hai="48,51,52,53,54,81,85,91" m="25161,43626,31008" machi="51" ten="40,8000,1" yaku="11,1,52,2,54,1" doraHai="78" who="0" fromWho="2" sc="308,82,385,0,357,-82,0,0" /><INIT seed="4,0,0,0,1,71" ten="390,385,275,0" oya="0" hai0="63,102,77,120,114,72,82,118,75,95,53,99,115" hai1="61,110,97,33,69,133,44,49,131,51,106,2,46" hai2="62,116,126,68,91,66,79,89,113,101,36,45,119" hai3=""/><T127/><N who="0" m="30752" /><T3/><D3/><U0/><E2/><V73/><F113/><T40/><D118/><N who="2" m="45098" /><F101/><T78/><D127/><U93/><E33/><V88/><F126/><T74/><D40/><U125/><E106/><V59/><F68/><T124/><D124/><U42/><E125/><V65/><F65/><T56/><REACH who="0" step="1"/><D78/><REACH who="0" ten="380,385,275,0" step="2"/><U94/><E0/><V103/><F103/><T83/><D83/><U41/><E42/><V55/><F79/><T50/><D50/><U109/><E49/><V39/><F73/><AGARI ba="0,1" hai="53,56,63,72,73,74,75,77,82,95,99,102,114,115" m="30752" machi="73" ten="40,12000,1" yaku="1,1,52,1,53,2" doraHai="71" doraHaiUra="108" who="0" fromWho="2" sc="380,130,385,0,275,-120,0,0" /><INIT seed="4,1,0,5,1,82" ten="510,385,155,0" oya="0" hai0="110,98,37,34,89,65,124,111,123,57,92,117,122" hai1="97,85,87,56,127,68,129,84,114,38,116,72,104" hai2="81,39,32,80,126,96,118,60,41,43,42,115,99" hai3=""/><T75/><N who="0" m="31264" /><T44/><N who="0" m="31520" /><T125/><D34/><U119/><E68/><V83/><F32/><T121/><N who="0" m="31008" /><T78/><D117/><U1/><E1/><V58/><F118/><N who="1" m="45097" /><E38/><V86/><F39/><T53/><D65/><U134/><E56/><V120/><N who="2" m="30752" /><V113/><F126/><N who="0" m="48746" /><D78/><U49/><E49/><V77/><F77/><T47/><D75/><U71/><E127/><V90/><F113/><T88/><D89/><U132/><E114/><V74/><F74/><T93/><D93/><U2/><E2/><V33/><F33/><T63/><D37/><U76/><E71/><V67/><F115/><T64/><D64/><U130/><E72/><V35/><F35/><T59/><D59/><U103/><E76/><V107/><F107/><T135/><D135/><AGARI ba="1,0" hai="84,85,87,97,103,104,129,130,132,134,135" m="45097" machi="135" ten="40,12000,2" yaku="20,1,34,2,52,3" doraHai="82" who="1" fromWho="0" sc="510,-122,385,122,155,0,0,0" /><INIT seed="5,0,0,3,4,117" ten="388,507,155,0" oya="1" hai0="82,54,129,92,76,99,2,73,87,3,78,103,43" hai1="60,84,94,42,114,63,134,0,39,109,44,113,97" hai2="38,67,89,93,37,46,104,53,132,75,130,96,131" hai3=""/><U48/><E0/><V115/><F75/><T36/><D129/><N who="2" m="49162" /><F132/><T110/><D110/><U59/><E134/><V56/><F115/><N who="1" m="44041" /><E84/><V105/><F67/><T68/><D68/><U123/><N who="1" m="31520" /><U62/><E109/><V86/><F46/><T80/><D36/><N who="2" m="13930" /><F86/><T120/><N who="0" m="30752" /><T61/><REACH who="0" step="1"/><D43/><REACH who="0" ten="378,507,155,0" step="2"/><U70/><E70/><V55/><F55/><T133/><D133/><U64/><E39/><V107/><F107/><T47/><D47/><U77/><E42/><V57/><F57/><AGARI ba="0,1" hai="2,3,54,57,61,73,76,78,80,82,87,92,99,103" m="30752" machi="57" ten="40,8000,1" yaku="1,1,52,2,53,1" doraHai="117" doraHaiUra="95" who="0" fromWho="2" sc="378,90,507,0,155,-80,0,0" /><INIT seed="6,0,0,3,3,45" ten="468,507,75,0" oya="2" hai0="0,81,96,75,128,41,98,82,89,123,103,70,110" hai1="3,94,52,111,99,125,84,85,69,47,49,58,34" hai2="46,119,105,57,51,67,35,122,124,61,133,53,59" hai3=""/><V77/><N who="2" m="31264" /><V109/><F35/><T115/><N who="0" m="31520" /><T113/><D0/><U33/><E111/><V56/><F109/><T100/><D70/><U134/><E3/><V90/><F105/><T87/><D110/><U93/><E69/><V39/><F119/><T118/><D118/><U37/><E125/><V38/><F124/><T2/><D2/><U76/><E134/><V107/><F107/><T50/><D128/><U86/><E76/><V48/><F77/><T44/><D75/><U101/><E94/><V127/><F90/><T64/><D64/><U60/><REACH who="1" step="1"/><E37/><REACH who="1" ten="468,497,75,0" step="2"/><N who="2" m="13835" /><F127/><T135/><D135/><U83/><E83/><V97/><F97/><N who="0" m="37482" /><D81/><U32/><E32/><V92/><F92/><T116/><D116/><U1/><E1/><V80/><F80/><T63/><D63/><U120/><N who="1" m="30752" /><U40/><AGARI ba="0,1" hai="33,34,40,47,49,52,58,60,84,85,86,93,99,101" m="30752" machi="40" ten="30,9000,2" yaku="1,1,4,1,0,1,52,2,54,1,53,0" doraHai="45" doraHaiUra="102" who="1" fromWho="1" sc="468,-30,497,100,75,-60,0,0" owari="438,4.0,597,54.0,15,-58.0,0,0.0" /></mjloggm>