<mjloggm ver="2.3"><GO type="169" lobby="0"/><UN n0="%E7%88%86%E7%89%8C%E3%82%A6%E3%82%B7%E3%82%B8%E3%83%9E%E3%81%8F%E3%82%93" n1="%53%63%61%6E%64%61%6C" n2="%E9%AB%98%E6%A9%8B%E8%89%AF%E5%A4%AA" n3="%E3%81%8B%E3%82%81%E3%81%98%E3%82%8D%E3%81%86" dan="17,17,16,16" rate="2142.52,2205.66,2209.29,2155.76" sx="M,M,M,M"/><TAIKYOKU oya="0"/><INIT seed="0,0,0,4,0,101" ten="250,250,250,250" oya="0" hai0="121,82,38,107,20,69,61,64,109,129,5,59,62" hai1="2,79,106,18,6,135,105,46,99,96,31,80,47" hai2="76,89,84,40,134,25,132,120,90,17,12,67,73" hai3="75,29,83,34,63,37,124,119,130,14,126,21,125"/><T24/><D121/><U60/><E31/><V57/><F120/><W33/><G37/><T93/><D109/><U70/><E135/><V19/><F40/><W43/><G43/><T65/><D129/><U15/><E6/><V30/><F73/><W8/><G63/><T74/><D38/><U118/><E2/><V95/><F76/><W117/><G83/><T113/><D113/><U32/><E32/><N who="3" m="12394" /><G75/><T13/><D93/><U77/><E118/><N who="3" m="45066" /><G130/><T23/><D107/><U10/><E77/><V39/><F57/><W114/><G114/><T94/><D94/><U116/><E116/><V26/><F67/><W72/><G72/><T54/><D74/><U16/><E18/><V102/><F84/><W50/><G50/><T92/><D82/><U127/><E127/><V66/><F66/><W22/><G29/><T78/><D78/><U103/><E60/><V110/><F95/><W53/><G53/><T4/><D65/><U111/><E70/><V87/><F30/><W58/><G58/><T45/><D45/><U0/><E0/><V123/><F39/><W1/><G1/><T42/><D42/><U51/><E51/><V71/><F123/><W9/><G9/><T56/><D69/><U68/><E68/><V108/><F71/><W11/><G11/><T131/><D92/><U28/><E28/><V35/><F35/><W128/><G128/><T49/><D131/><U36/><E36/><V104/><F104/><W3/><G3/><T115/><D62/><U27/><E105/><V122/><F122/><W7/><AGARI ba="0,0" hai="7,8,14,21,22,124,125,126" m="45066,12394" machi="7" ten="40,5200,0" yaku="18,1,34,2" doraHai="101" who="3" fromWho="3" sc="250,-26,250,-13,250,-13,250,52" /><INIT seed="1,0,0,4,5,116" ten="224,237,237,302" oya="1" hai0="23,77,81,73,86,94,44,58,27,91,47,133,98" hai1="52,67,1,18,20,82,78,37,127,114,68,57,70" hai2="36,83,55,72,109,40,30,132,126,93,124,28,32" hai3="8,125,54,62,95,69,121,21,104,101,123,45,29"/><U15/><E114/><V84/><F72/><W4/><G104/><T112/><D133/><U90/><E127/><V41/><F32/><W19/><G29/><T88/><D112/><U33/><E37/><V46/><F132/><W134/><G125/><T49/><D58/><U71/><E33/><V39/><F83/><W22/><G134/><T2/><D2/><U13/><E1/><V3/><F84/><W128/><G128/><T42/><D47/><U14/><E90/><V97/><F93/><W66/><G22/><T17/><REACH who="0" step="1"/><D73/><REACH who="0" ten="214,237,237,302" step="2"/><U25/><E68/><V113/><F46/><W117/><G117/><T35/><D35/><U131/><E131/><V87/><F3/><W105/><G45/><T7/><D7/><U48/><REACH who="1" step="1"/><E67/><REACH who="1" ten="214,227,237,302" step="2"/><V26/><F113/><W5/><G66/><T130/><D130/><U75/><AGARI ba="0,2" hai="13,14,15,18,20,25,48,52,57,70,71,75,78,82" machi="75" ten="30,11700,0" yaku="1,1,2,1,0,1,54,1,53,0" doraHai="116" doraHaiUra="111" who="1" fromWho="1" sc="214,-39,227,137,237,-39,302,-39" /><INIT seed="1,1,0,3,4,38" ten="175,364,198,263" oya="1" hai0="36,65,84,57,28,124,83,26,67,74,112,23,27" hai1="95,12,106,118,133,6,86,59,73,7,46,113,51" hai2="119,18,43,15,42,80,21,82,85,66,50,3,76" hai3="78,63,10,107,62,17,55,130,108,5,14,105,91"/><U116/><E106/><V102/><F119/><W34/><G108/><T129/><D112/><U2/><E73/><V29/><F3/><W125/><G130/><T87/><D124/><U24/><E133/><V37/><F37/><W8/><G125/><T25/><D129/><U75/><E75/><V92/><F29/><W58/><G34/><T44/><D74/><U134/><E134/><V56/><F82/><W32/><G32/><T71/><D71/><U89/><E113/><V19/><F19/><W60/><G78/><T31/><D27/><U131/><E2/><V96/><REACH who="2" step="1"/><F50/><REACH who="2" ten="175,364,188,263" step="2"/><W77/><G77/><T127/><D36/><U68/><E51/><V101/><F101/><W33/><G33/><T4/><D83/><U69/><E116/><V53/><F53/><W120/><G91/><T90/><D90/><U103/><E89/><V115/><F115/><W9/><G120/><T40/><D127/><U132/><E103/><V1/><F1/><W16/><G5/><T20/><D4/><U97/><E132/><V122/><F122/><W121/><G121/><T30/><D30/><U126/><E118/><V99/><F99/><W104/><G104/><T109/><D109/><U54/><E126/><V45/><F45/><W94/><G107/><T41/><D57/><U35/><E59/><V98/><F98/><W128/><G105/><T117/><D117/><U52/><E6/><V0/><F0/><W110/><G110/><T111/><D111/><U22/><E97/><V48/><F48/><N who="3" m="31079" /><G128/><T49/><D49/><N who="1" m="28727" /><E7/><V64/><F64/><W11/><G94/><T100/><D100/><RYUUKYOKU ba="1,1" sc="175,10,364,-30,188,10,263,10" hai0="20,23,25,26,28,31,40,41,44,65,67,84,87" hai2="15,18,21,42,43,56,66,76,80,85,92,96,102" hai3="8,9,10,11,14,16,17,60,62,63" /><INIT seed="2,2,1,1,4,65" ten="185,334,198,273" oya="2" hai0="24,55,70,103,13,62,51,75,116,28,63,26,128" hai1="82,87,127,98,74,44,14,90,112,92,106,120,33" hai2="50,46,130,22,67,126,113,85,94,58,43,101,91" hai3="84,1,81,69,72,78,18,10,134,102,83,80,77"/><V56/><F113/><W97/><G134/><T23/><D75/><U35/><E112/><V34/><F34/><W54/><G69/><T32/><D128/><U114/><E114/><V42/><F130/><W39/><G39/><T47/><D116/><U20/><E120/><V115/><F115/><W124/><G124/><T38/><D38/><U61/><E127/><V57/><F126/><W12/><G1/><T6/><D103/><U95/><E74/><V73/><F73/><W71/><G71/><T121/><D121/><U9/><E20/><V7/><F101/><W133/><G133/><T89/><D70/><U96/><E44/><V21/><F67/><W31/><G31/><T60/><D89/><U129/><E129/><V37/><REACH who="2" step="1"/><F7/><REACH who="2" ten="185,334,188,273" step="2"/><W68/><G72/><T122/><D122/><U108/><E33/><V41/><F41/><W110/><G102/><T52/><D32/><U11/><E35/><V25/><F25/><W66/><G66/><T59/><REACH who="0" step="1"/><D26/><REACH who="0" ten="175,334,188,273" step="2"/><U119/><E119/><V2/><F2/><W132/><G132/><T100/><D100/><U30/><E106/><V53/><F53/><W105/><G54/><T123/><D123/><U4/><E4/><V109/><F109/><W5/><G110/><T0/><D0/><U48/><E108/><V27/><F27/><W107/><G5/><T16/><D16/><U36/><E30/><V19/><F19/><W49/><G107/><T29/><D29/><U125/><E125/><V86/><F86/><W40/><G84/><T8/><AGARI ba="2,3" hai="6,8,13,23,24,28,47,51,52,55,59,60,62,63" machi="8" ten="30,7900,0" yaku="1,1,0,1,8,1,54,1,53,0" doraHai="65" doraHaiUra="88" who="0" fromWho="0" sc="175,115,334,-22,188,-41,273,-22" /><INIT seed="3,0,0,3,5,117" ten="290,312,147,251" oya="3" hai0="19,24,101,36,122,108,92,104,88,124,76,42,125" hai1="86,66,39,63,0,128,26,109,93,99,43,37,94" hai2="32,79,75,2,98,30,52,119,48,87,44,95,71" hai3="58,74,18,72,34,89,56,69,133,112,118,64,102"/><W84/><G118/><T73/><D36/><U127/><E0/><V78/><F119/><W80/><G112/><T17/><D42/><U67/><E109/><V25/><F2/><W82/><G133/><T20/><D108/><U21/><E128/><V1/><F1/><W61/><G34/><T49/><D122/><U6/><E127/><N who="0" m="48713" /><D49/><U123/><E123/><V38/><F75/><W132/><G132/><T11/><D104/><U33/><E6/><V96/><F71/><W100/><G18/><T134/><D101/><U130/><E43/><V59/><F87/><W90/><G72/><T121/><D121/><U7/><E7/><V97/><F38/><W62/><G69/><T60/><D60/><U103/><E33/><V4/><F4/><W27/><G27/><T35/><D35/><U54/><E54/><V106/><F106/><W57/><G57/><T107/><D107/><U70/><E67/><V50/><REACH who="2" step="1"/><F95/><REACH who="2" ten="290,312,137,251" step="2"/><W129/><G129/><T3/><D3/><U113/><E130/><V46/><F46/><W115/><G115/><T114/><D114/><U5/><E113/><V9/><F9/><W120/><G74/><T8/><D8/><U14/><E86/><V135/><F135/><W65/><G120/><T91/><D134/><U10/><E93/><V85/><F85/><AGARI ba="0,1" hai="56,58,61,62,64,65,80,82,84,85,89,90,100,102" machi="85" ten="40,12000,1" yaku="32,3,8,1" doraHai="117" who="3" fromWho="2" sc="290,0,312,0,137,-120,251,130" /><INIT seed="3,1,0,2,5,108" ten="290,312,17,381" oya="3" hai0="135,107,120,92,88,34,13,66,27,38,49,50,126" hai1="40,96,44,43,56,109,7,29,65,2,47,78,121" hai2="12,48,15,68,95,51,41,89,6,131,73,99,21" hai3="81,60,132,37,25,85,97,30,84,117,79,9,46"/><W124/><G117/><T39/><D107/><U71/><E96/><V10/><F68/><W87/><G124/><T26/><D120/><U33/><E78/><V20/><F73/><W23/><G132/><T62/><D126/><U111/><E29/><V28/><F131/><W77/><G97/><T110/><D110/><U116/><E7/><V123/><F123/><W63/><G9/><T112/><D135/><U8/><E8/><V36/><F36/><W91/><G79/><T101/><D101/><U42/><E33/><V130/><F130/><W16/><G30/><T94/><D13/><U82/><E82/><V69/><F69/><W114/><G114/><T14/><D14/><U105/><E105/><V45/><F28/><W86/><REACH who="3" step="1"/><G77/><REACH who="3" ten="290,312,17,371" step="2"/><T59/><D112/><U11/><E11/><V1/><F1/><W76/><G76/><T74/><D34/><U53/><E2/><V133/><F133/><W52/><G52/><T127/><D127/><U67/><E116/><V106/><F106/><W4/><G4/><T125/><D125/><U35/><E109/><V58/><F12/><W113/><G113/><T128/><D128/><U129/><E129/><V5/><F6/><W22/><G22/><T19/><D26/><U103/><E111/><V80/><F80/><W64/><G64/><T122/><D66/><U93/><E67/><V18/><F5/><W32/><G32/><T115/><D27/><U61/><E35/><V3/><F3/><W98/><G98/><T17/><D115/><U72/><E65/><V75/><F75/><W102/><G102/><T118/><D74/><RYUUKYOKU ba="1,1" sc="290,-15,312,-15,17,15,371,15" hai2="10,15,18,20,21,41,45,48,51,58,89,95,99" hai3="16,23,25,37,46,60,63,81,84,85,86,87,91" /><INIT seed="3,2,1,5,2,117" ten="275,297,32,386" oya="3" hai0="81,34,124,91,63,50,118,90,97,60,44,25,130" hai1="115,116,77,71,110,46,16,28,113,47,3,2,48" hai2="82,135,92,99,33,30,56,101,20,4,114,15,5" hai3="134,72,13,87,22,128,14,23,119,68,74,78,10"/><W98/><G119/><T88/><D118/><U133/><E116/><V75/><F114/><W67/><G128/><T11/><D130/><U125/><E71/><V62/><F33/><W93/><G134/><T53/><D124/><U29/><E77/><V19/><F135/><W129/><G129/><T12/><D34/><U0/><E48/><V24/><F75/><W40/><G40/><T84/><D25/><U37/><E37/><V49/><F49/><W66/><G68/><T52/><D53/><U9/><E125/><V112/><F112/><W54/><G54/><T42/><D42/><U104/><E104/><V57/><F57/><W39/><G39/><T17/><REACH who="0" step="1"/><D97/><REACH who="0" ten="265,297,32,386" step="2"/><U36/><E113/><V21/><REACH who="2" step="1"/><F82/><REACH who="2" ten="265,297,22,386" step="2"/><N who="3" m="47575" /><G72/><T123/><D123/><U83/><E115/><V51/><F51/><W121/><G74/><T95/><D95/><U106/><E83/><V1/><F1/><W100/><G121/><T109/><D109/><U111/><E0/><V132/><F132/><W70/><G93/><T89/><AGARI ba="2,3" hai="11,12,17,44,50,52,60,63,81,84,88,89,90,91" machi="89" ten="30,16000,3" yaku="1,1,0,1,25,2,8,1,54,2,53,2" doraHai="117" doraHaiUra="59" who="0" fromWho="0" sc="265,196,297,-42,22,-42,386,-82" owari="461,56.0,255,-14.0,-20,-52.0,304,10.0" /></mjloggm>