<mjloggm ver="2.3"><GO type="225" lobby="0"/><UN n0="%E3%82%B7%E3%83%B3%E3%83%95%E3%82%A9%E3%83%8B%E3%82%A2" n1="%E5%85%94%E6%96%AF%E5%9F%BA" n2="%E5%85%88%E7%89%A9%E3%81%AF%74%72%61%73%68" n3="%E3%83%AD%E3%83%83%E3%83%86%E9%9B%80%E7%90%83" dan="17,17,17,18" rate="2132.94,2200.87,2226.40,2183.47" sx="M,M,M,F"/><TAIKYOKU oya="0"/><INIT seed="0,0,0,2,2,83" ten="250,250,250,250" oya="0" hai0="39,56,5,23,128,131,34,75,63,130,35,114,116" hai1="104,123,24,93,0,22,33,100,16,97,50,61,68" hai2="134,44,113,11,119,127,102,77,47,120,49,9,73" hai3="81,80,53,124,32,58,66,65,40,110,103,29,106"/><T42/><D114/><U94/><E123/><V36/><F113/><W84/><G110/><T133/><D116/><U125/><E125/><V8/><F120/><W107/><G124/><T48/><D75/><U10/><E33/><N who="0" m="12297" /><D133/><U76/><E50/><V72/><F127/><W112/><G40/><T37/><D5/><U54/><E76/><V90/><F134/><W126/><G112/><T89/><D23/><U20/><E20/><V85/><F77/><W25/><G81/><T1/><D1/><U70/><E70/><V52/><F102/><W91/><G126/><T121/><D89/><U38/><E38/><V51/><F36/><W4/><G4/><T87/><D87/><U118/><E118/><V69/><F69/><W105/><REACH who="3" step="1"/><G103/><REACH who="3" ten="250,250,250,240" step="2"/><T117/><D117/><U57/><E68/><V67/><F119/><W7/><G7/><T122/><D122/><U13/><REACH who="1" step="1"/><E0/><REACH who="1" ten="250,240,250,240" step="2"/><V96/><F73/><W30/><G30/><AGARI ba="0,2" hai="10,13,16,22,24,30,54,57,61,93,94,97,100,104" machi="30" ten="30,8000,1" yaku="1,1,2,1,7,1,54,1,53,1" doraHai="83" doraHaiUra="92" who="1" fromWho="3" sc="250,0,240,100,250,0,240,-80" /><INIT seed="1,0,0,0,1,5" ten="250,340,250,160" oya="1" hai0="80,96,52,115,87,27,50,13,40,56,126,86,74" hai1="7,0,19,132,69,42,130,119,2,78,128,55,22" hai2="109,44,20,30,6,11,129,127,81,101,133,76,71" hai3="103,118,105,111,114,15,60,94,64,82,33,37,84"/><U72/><E69/><V104/><F109/><W116/><G114/><T100/><D126/><U46/><E55/><V66/><F133/><W23/><G33/><T1/><D1/><U121/><E119/><V73/><F129/><N who="1" m="49769" /><E121/><V24/><F127/><W135/><G37/><T108/><D108/><U120/><E120/><V12/><F44/><W113/><G105/><T39/><D115/><U65/><E65/><V45/><F45/><W93/><G113/><T68/><D68/><U9/><E0/><V34/><F66/><W25/><G135/><T122/><D122/><U75/><E78/><V117/><F117/><W106/><G111/><T58/><D27/><N who="1" m="14815" /><E132/><V26/><F71/><W14/><G64/><T107/><D40/><U79/><E79/><V98/><REACH who="2" step="1"/><F26/><REACH who="2" ten="250,340,240,160" step="2"/><W62/><G25/><T89/><D39/><AGARI ba="0,1" hai="2,7,9,39,42,46,72,75" m="14815,49769" machi="39" ten="30,2900,0" yaku="19,1,52,1" doraHai="5" who="1" fromWho="0" sc="250,-29,340,39,240,0,160,0" /><INIT seed="1,1,0,2,0,68" ten="221,379,240,160" oya="1" hai0="103,81,70,16,6,97,128,96,4,92,130,116,23" hai1="98,134,123,93,85,34,47,108,43,63,9,99,30" hai2="126,31,45,75,59,46,79,115,88,14,56,80,121" hai3="61,37,125,124,25,60,15,50,10,91,40,77,62"/><U106/><E123/><V72/><F121/><W33/><G77/><T12/><D116/><U42/><E42/><V0/><F0/><W109/><G91/><T90/><D70/><U110/><E106/><V118/><F118/><W76/><G76/><T101/><D81/><U57/><E85/><V89/><F31/><W49/><G25/><T104/><REACH who="0" step="1"/><D101/><REACH who="0" ten="211,379,240,160" step="2"/><U64/><E110/><V69/><F80/><W84/><G109/><T73/><D73/><U105/><E108/><V119/><F69/><W28/><G125/><T51/><D51/><U112/><E112/><V86/><F119/><W54/><G124/><T74/><D74/><U1/><E134/><V7/><F126/><W133/><G50/><T127/><D127/><U19/><E105/><V94/><F115/><W100/><G100/><T41/><D41/><U17/><E43/><V22/><F75/><W65/><G40/><T24/><D24/><U38/><E93/><V129/><F72/><W71/><G49/><T36/><D36/><U35/><E38/><V78/><F94/><W95/><G37/><T113/><D113/><U87/><E63/><V83/><F83/><W107/><G61/><T8/><D8/><U29/><E9/><V27/><F79/><W21/><G10/><T111/><D111/><U120/><E120/><V102/><F78/><W2/><G62/><T67/><D67/><U18/><E64/><V48/><F102/><W122/><G65/><T32/><D32/><U114/><E35/><V66/><F48/><W26/><G71/><T44/><D44/><U3/><E34/><V53/><F66/><RYUUKYOKU ba="1,1" sc="211,30,379,-10,240,-10,160,-10" hai0="4,6,12,16,23,90,92,96,97,103,104,128,130" /><INIT seed="2,2,1,3,0,116" ten="241,369,230,150" oya="2" hai0="119,79,54,43,124,61,35,84,68,86,58,76,109" hai1="104,63,31,77,80,26,33,44,34,24,5,87,38" hai2="108,3,121,90,57,95,60,97,53,92,83,100,49" hai3="113,122,16,88,32,21,27,134,96,8,46,110,55"/><V114/><F114/><W47/><G110/><T75/><D35/><U4/><E104/><V91/><F3/><W40/><G122/><T81/><D124/><U99/><E99/><V127/><F127/><W13/><G113/><T64/><D109/><U115/><E63/><V74/><F108/><W70/><G134/><T117/><D43/><U15/><E15/><V69/><F121/><W0/><G70/><T48/><D75/><U120/><E120/><V111/><F111/><W36/><G32/><T82/><AGARI ba="2,1" hai="48,54,58,61,64,68,76,79,81,82,84,86,117,119" machi="82" ten="30,2000,0" yaku="0,1,9,1" doraHai="116" who="0" fromWho="0" sc="241,36,369,-7,230,-12,150,-7" /><INIT seed="3,0,0,2,4,50" ten="277,362,218,143" oya="3" hai0="101,36,62,78,76,17,20,66,132,122,74,135,54" hai1="32,6,7,112,37,60,15,80,48,14,5,93,30" hai2="126,58,82,55,105,24,90,91,84,40,123,130,29" hai3="88,26,51,31,27,113,57,1,70,103,87,97,83"/><W22/><G113/><T121/><D36/><U133/><E37/><V28/><F105/><W104/><G70/><T0/><D0/><U134/><E60/><V56/><F130/><W52/><G27/><T99/><D54/><U85/><E93/><V86/><F126/><W129/><REACH who="3" step="1"/><G1/><REACH who="3" ten="277,362,218,133" step="2"/><T67/><D122/><U33/><E112/><V69/><F69/><W46/><G46/><T124/><D121/><U64/><E134/><V108/><F123/><W72/><G72/><T92/><D132/><U34/><E133/><V100/><F24/><W81/><G81/><T25/><D135/><U21/><E80/><V95/><F82/><W59/><G59/><T49/><D74/><U4/><E33/><V109/><F58/><W16/><G16/><T71/><D71/><U96/><E34/><V12/><F56/><W18/><G18/><T117/><D25/><U127/><E32/><V39/><F29/><W44/><G44/><T42/><D17/><U45/><E30/><V13/><F28/><W3/><G3/><T111/><D124/><U79/><E45/><V120/><F120/><W2/><G2/><T119/><D119/><U65/><E4/><V107/><F108/><W9/><G9/><T35/><D111/><U75/><E5/><V19/><F109/><W116/><G116/><T77/><D117/><U131/><E6/><V73/><F19/><W8/><G8/><T102/><D35/><U98/><E7/><V61/><F73/><W41/><G41/><T128/><D42/><U114/><E75/><V38/><F40/><W10/><G10/><T118/><D118/><RYUUKYOKU ba="0,1" sc="277,-10,362,-10,218,-10,133,30" hai3="22,26,31,51,52,57,83,87,88,97,103,104,129" /><INIT seed="3,1,1,4,2,99" ten="267,352,208,163" oya="3" hai0="88,9,11,15,71,4,65,69,58,66,35,115,27" hai1="131,12,83,109,97,5,20,132,7,56,8,104,63" hai2="81,106,49,23,53,61,62,92,17,113,32,108,85" hai3="126,91,75,123,77,98,37,48,44,47,19,135,30"/><W50/><G123/><T40/><D115/><U124/><E131/><V60/><F106/><W84/><G126/><T67/><D40/><U94/><E104/><V21/><F32/><W57/><G135/><T51/><D88/><U22/><E109/><V86/><F108/><W72/><G37/><T46/><D58/><U42/><E124/><V13/><F113/><W129/><G129/><T103/><D103/><U78/><E42/><V18/><F92/><N who="3" m="56607" /><G75/><T101/><D101/><U116/><E5/><V2/><F2/><W52/><G72/><T107/><D107/><U96/><E96/><V112/><F112/><W130/><G130/><T16/><D35/><U33/><E33/><V73/><F73/><W64/><G30/><T87/><D87/><N who="2" m="33290" /><F81/><N who="3" m="47151" /><G64/><T36/><D36/><U41/><E132/><V122/><F122/><W114/><G114/><T79/><D79/><U43/><E78/><V28/><F28/><W59/><G19/><N who="2" m="7177" /><F13/><W119/><G119/><T110/><D110/><U120/><E12/><V10/><F10/><W105/><G105/><T45/><D11/><U70/><E8/><V29/><F29/><W0/><G0/><T38/><D38/><U102/><E120/><V95/><F95/><W125/><G125/><T74/><D74/><U25/><E94/><V54/><F54/><AGARI ba="1,1" hai="44,47,48,50,52,54,57,59" m="47151,56607" machi="54" ten="30,2900,0" yaku="8,1,54,1" doraHai="99" who="3" fromWho="2" sc="267,0,352,0,208,-32,163,42" /><INIT seed="3,2,0,2,4,44" ten="267,352,176,205" oya="3" hai0="38,39,6,30,76,104,22,125,98,45,58,93,106" hai1="126,134,111,83,18,15,63,132,41,105,36,102,21" hai2="97,7,48,99,56,42,122,71,51,112,92,79,116" hai3="74,32,69,31,84,61,5,120,14,107,46,47,75"/><W87/><G120/><T62/><D6/><U100/><E111/><V127/><F116/><W53/><G107/><T27/><D76/><U4/><E4/><V121/><F112/><W20/><G32/><T26/><D26/><U10/><E63/><V129/><F71/><W80/><G87/><T59/><D59/><U95/><E95/><V81/><F129/><W117/><G117/><T113/><D125/><U25/><E126/><V50/><F127/><W77/><G31/><T29/><D29/><N who="1" m="17583" /><E83/><V70/><F70/><W55/><G69/><T34/><D45/><N who="1" m="23719" /><E105/><V33/><F33/><W110/><G110/><T2/><D2/><U73/><E73/><N who="2" m="43247" /><F7/><W8/><G20/><T11/><D113/><U68/><E68/><V124/><F124/><W103/><G103/><T1/><D34/><U135/><AGARI ba="2,0" hai="10,15,18,100,102,132,134,135" m="23719,17583" machi="135" ten="30,1100,0" yaku="20,1" doraHai="44" who="1" fromWho="1" sc="267,-5,352,17,176,-5,205,-7" owari="262,6.0,369,47.0,171,-33.0,198,-20.0" /></mjloggm>