<mjloggm ver="2.3"><GO type="185" lobby="0"/><UN n0="%68%69%72%6F%79%75" n1="%E3%83%8F%E3%83%94%E3%83%AA%E3%83%83%E3%83%88" n2="%4D%4A%E3%81%AE%E3%82%B5%E3%82%BD" n3="" dan="17,17,18,0" rate="2235.07,2209.45,2341.33,1500.00" sx="M,M,M,C"/><TAIKYOKU oya="0"/><INIT seed="0,0,0,0,3,93" ten="350,350,350,0" oya="0" hai0="90,123,130,97,54,61,99,85,35,114,39,33,110" hai1="66,94,117,104,45,88,80,65,64,98,63,58,92" hai2="34,133,83,107,49,2,62,87,116,46,50,55,37" hai3=""/><T131/><N who="0" m="31520" /><T42/><D114/><U84/><E117/><V79/><F2/><T120/><N who="0" m="30752" /><T86/><D110/><U118/><E118/><V115/><F116/><T44/><D33/><U132/><E132/><V100/><F115/><T0/><D35/><U109/><E104/><V68/><F34/><T134/><D0/><U108/><E45/><V38/><F133/><T3/><D3/><U56/><E94/><V95/><F107/><T135/><D135/><U124/><E124/><V40/><F62/><T113/><D113/><U47/><E47/><V126/><F68/><T53/><D85/><U102/><REACH who="1" step="1"/><E56/><REACH who="1" ten="350,340,350,0" step="2"/><V71/><F126/><T128/><D134/><U70/><E70/><V43/><F71/><T121/><N who="0" m="31008" /><T60/><D60/><U41/><E41/><V78/><F40/><T125/><D125/><U127/><E127/><V77/><F50/><T51/><D61/><U57/><E57/><V106/><F106/><T69/><D69/><U52/><AGARI ba="0,1" hai="52,58,63,64,65,66,80,84,88,92,98,102,108,109" machi="52" ten="30,9000,2" yaku="1,1,0,1,52,1,54,2,53,2" doraHai="93" doraHaiUra="122" who="1" fromWho="1" sc="350,-60,340,100,350,-30,0,0" /><INIT seed="1,0,0,5,1,131" ten="290,440,320,0" oya="1" hai0="97,135,122,87,64,113,65,128,124,101,54,42,0" hai1="133,99,110,72,75,74,60,43,50,92,39,81,47" hai2="52,37,132,121,126,85,69,95,73,129,111,114,117" hai3=""/><U116/><E116/><V83/><F52/><T98/><N who="0" m="31264" /><T105/><D113/><U58/><E110/><V84/><F95/><T41/><D0/><U91/><E133/><V46/><F46/><T119/><D128/><U100/><E39/><V40/><F85/><T3/><D3/><U112/><E112/><V36/><F84/><T77/><D124/><U76/><REACH who="1" step="1"/><E100/><REACH who="1" ten="290,430,320,0" step="2"/><V71/><F36/><T93/><D119/><U51/><E51/><V44/><N who="2" m="31008" /><V67/><F117/><T118/><D135/><U35/><E35/><V82/><F114/><T130/><D118/><U102/><E102/><V53/><F129/><T48/><D130/><U61/><E61/><V78/><F132/><T79/><D48/><U103/><E103/><V38/><F38/><T123/><D101/><U127/><E127/><V45/><F126/><T70/><D123/><U90/><E90/><V86/><F111/><T59/><D105/><U34/><E34/><V63/><F37/><T1/><D1/><U56/><E56/><V62/><F62/><T94/><D59/><U120/><N who="1" m="30752" /><U68/><E68/><V107/><F71/><T2/><D2/><U125/><E125/><V49/><F107/><T57/><D70/><U89/><E89/><RYUUKYOKU ba="0,1" sc="290,-10,430,20,320,-10,0,0" hai1="43,47,50,58,60,72,74,75,76,81,91,92,99" /><INIT seed="1,1,1,0,5,58" ten="280,450,310,0" oya="1" hai0="72,69,130,95,41,60,82,49,119,56,85,108,111" hai1="117,64,99,68,112,135,3,134,55,39,71,53,32" hai2="50,123,57,91,37,103,38,45,66,126,36,40,133" hai3=""/><U44/><E3/><V76/><N who="2" m="31520" /><V102/><F76/><T128/><D72/><U52/><E32/><V89/><F126/><T84/><D119/><U129/><E117/><V0/><F0/><T104/><D104/><U109/><E112/><V87/><F133/><N who="1" m="50697" /><E99/><V63/><REACH who="2" step="1"/><F89/><REACH who="2" ten="280,450,300,0" step="2"/><T96/><D111/><U83/><E109/><V88/><F88/><T110/><D108/><U67/><E129/><V54/><F54/><T46/><D110/><U48/><E83/><AGARI ba="1,2" hai="36,37,38,40,45,50,57,63,66,83,87,91,102,103" m="31520" machi="83" ten="40,5200,0" yaku="1,1,52,2,53,0" doraHai="58" doraHaiUra="105" who="2" fromWho="1" sc="280,0,450,-54,300,74,0,0" /><INIT seed="2,0,0,5,1,59" ten="280,396,374,0" oya="2" hai0="102,109,38,93,115,79,50,65,124,85,76,66,110" hai1="56,83,126,131,73,2,103,39,122,67,106,92,121" hai2="69,71,77,0,68,74,48,75,95,112,108,80,119" hai3=""/><V120/><N who="2" m="30752" /><V82/><F119/><T117/><D38/><U54/><N who="1" m="31008" /><U34/><N who="1" m="31264" /><U43/><E2/><V53/><F0/><T123/><N who="0" m="31520" /><T32/><D32/><U105/><E34/><V101/><F112/><T42/><D117/><U88/><E131/><V72/><F108/><T132/><D115/><U1/><E1/><V81/><F95/><T128/><D128/><U44/><E126/><V47/><REACH who="2" step="1"/><F101/><REACH who="2" ten="280,396,364,0" step="2"/><T104/><D93/><U125/><E103/><V62/><F62/><T57/><D102/><U99/><E125/><V111/><F111/><T118/><D124/><U94/><E92/><V90/><F90/><T113/><D118/><U63/><REACH who="1" step="1"/><E67/><REACH who="1" ten="280,386,364,0" step="2"/><V51/><F51/><T55/><D66/><U40/><E40/><V58/><F58/><T98/><D65/><U86/><E86/><AGARI ba="0,2" hai="47,48,53,68,69,71,72,74,75,77,80,81,82,86" m="30752" machi="86" ten="50,4800,0" yaku="1,1,52,1,53,0" doraHai="59" doraHaiUra="96" who="2" fromWho="1" sc="280,0,386,-48,364,68,0,0" /><INIT seed="2,1,0,1,3,86" ten="280,338,432,0" oya="2" hai0="95,115,102,64,43,110,34,96,100,39,40,36,76" hai1="114,68,45,123,131,109,47,55,84,116,128,120,42" hai2="67,38,92,74,3,119,73,124,113,58,41,91,53" hai3=""/><V71/><F119/><T49/><D34/><U81/><N who="1" m="30752" /><U1/><N who="1" m="31520" /><U134/><E1/><V46/><F3/><T66/><D110/><U107/><E114/><V130/><F113/><T63/><D115/><U80/><E107/><V121/><N who="2" m="31008" /><V78/><F130/><N who="1" m="49705" /><E109/><V125/><F67/><T62/><D76/><U44/><E68/><V105/><F71/><T2/><D2/><U97/><E116/><V117/><F105/><T72/><D72/><U52/><E134/><V133/><F133/><T79/><D79/><U35/><E35/><V122/><N who="2" m="31264" /><V94/><F94/><T33/><D33/><U54/><E97/><V93/><F93/><T59/><D95/><U77/><E81/><V70/><F70/><T99/><D99/><U56/><E56/><V129/><F117/><T83/><D96/><U50/><AGARI ba="1,0" hai="42,44,45,47,50,52,54,55,77,80,84" m="49705,31520,30752" machi="50" ten="30,5900,0" yaku="19,1,52,2,54,1" doraHai="86" who="1" fromWho="1" sc="280,-21,338,61,432,-40,0,0" /><INIT seed="4,0,0,5,5,107" ten="259,399,392,0" oya="0" hai0="105,104,115,111,3,37,50,92,36,54,128,133,1" hai1="106,62,61,109,80,71,57,40,74,79,122,59,53" hai2="88,99,83,35,78,48,0,2,63,124,132,127,76" hai3=""/><T98/><D115/><U86/><N who="1" m="31264" /><U52/><E109/><V68/><F35/><T67/><D111/><U46/><E106/><V126/><F132/><T100/><D133/><U33/><E71/><V72/><F78/><T70/><D128/><U118/><E33/><V47/><F63/><T113/><D113/><U39/><E118/><V84/><F99/><T87/><D105/><U131/><E131/><V91/><F68/><T55/><D55/><U123/><N who="1" m="31520" /><U73/><AGARI ba="0,0" hai="39,40,46,52,53,57,59,61,62,73,74,79,80,86" m="31520,31264" machi="73" ten="30,12000,3" yaku="4,1,0,1,9,1,52,4,54,1" doraHai="107" who="1" fromWho="1" sc="259,-80,399,120,392,-40,0,0" /><INIT seed="5,0,0,0,1,35" ten="179,519,352,0" oya="1" hai0="125,48,37,0,134,105,104,47,40,101,86,90,97" hai1="71,89,42,94,77,133,82,65,129,120,85,100,111" hai2="73,74,75,116,76,124,81,109,106,119,67,32,80" hai3=""/><U123/><N who="1" m="30752" /><U128/><N who="1" m="31520" /><U98/><E133/><V103/><F32/><T93/><D134/><U121/><N who="1" m="31008" /><U84/><E42/><V112/><F67/><T69/><D125/><U41/><E41/><V88/><F124/><T44/><D69/><U39/><E39/><V132/><F132/><T55/><REACH who="0" step="1"/><D104/><REACH who="0" ten="169,519,352,0" step="2"/><U130/><E71/><V58/><F106/><T61/><D61/><U57/><E111/><V114/><F109/><T66/><D66/><U70/><E70/><V64/><F64/><T54/><D54/><U117/><E65/><V2/><F116/><T135/><D135/><U108/><E108/><V68/><F119/><T92/><D92/><U83/><E117/><V131/><F68/><T122/><N who="0" m="31264" /><T53/><D53/><U127/><E127/><V38/><F80/><T78/><D78/><U33/><E33/><V79/><F76/><T51/><D51/><U59/><AGARI ba="0,1" hai="57,59,77,82,83,84,85,89,94,98,100,128,129,130" m="31008,31520,30752" machi="59" ten="40,8000,1" yaku="0,1,19,1,52,3" doraHai="35" who="1" fromWho="1" sc="169,-40,519,90,352,-40,0,0" /><INIT seed="5,1,0,3,5,99" ten="129,609,312,0" oya="1" hai0="97,72,68,117,100,135,78,63,73,94,36,106,56" hai1="87,102,65,101,74,47,43,85,119,128,69,93,105" hai2="82,55,67,91,120,0,79,134,60,64,33,127,118" hai3=""/><U103/><E119/><V32/><N who="2" m="30752" /><V133/><F118/><T86/><D117/><U115/><E74/><V52/><F91/><T1/><D1/><U76/><E115/><V49/><F0/><T41/><D135/><N who="2" m="51722" /><F127/><T35/><D35/><N who="2" m="13386" /><F49/><T34/><D34/><U71/><E105/><V46/><F46/><T112/><D112/><U53/><E128/><V70/><F67/><T81/><D68/><U130/><E130/><V124/><F124/><T108/><D108/><U110/><E65/><V62/><F60/><T95/><D41/><U66/><E66/><V116/><F116/><T89/><D36/><U51/><E110/><V104/><F104/><T132/><D132/><U83/><E43/><V54/><F54/><T111/><D111/><U80/><E93/><V125/><F125/><T58/><D63/><U42/><E42/><V88/><F88/><T45/><D45/><U107/><E107/><V113/><F113/><T37/><D37/><U50/><E50/><V75/><AGARI ba="1,0" hai="52,55,62,64,70,75,79,82" m="13386,51722,30752" machi="75" ten="30,3000,0" yaku="20,1,52,1,54,1" doraHai="99" who="2" fromWho="2" sc="129,-11,609,-21,312,32,0,0" /><INIT seed="6,0,0,3,4,127" ten="118,588,344,0" oya="2" hai0="111,68,87,70,71,114,103,0,118,38,89,76,121" hai1="59,81,82,78,96,39,50,116,46,69,52,66,132" hai2="63,77,53,58,97,91,48,98,54,126,130,129,85" hai3=""/><V33/><F126/><T122/><D76/><U75/><E132/><V73/><F33/><T45/><D103/><U106/><E116/><V104/><F73/><T135/><D89/><U51/><E39/><V83/><F104/><T42/><D87/><U94/><E106/><V131/><F77/><T120/><D45/><U41/><E81/><V112/><F112/><T2/><D42/><U67/><E69/><V90/><F91/><AGARI ba="0,0" hai="41,46,50,51,52,59,66,67,75,78,82,91,94,96" machi="91" ten="30,2000,0" yaku="7,1,54,1" doraHai="127" who="1" fromWho="2" sc="118,0,588,20,344,-20,0,0" owari="118,-48.0,608,56.0,324,-8.0,0,0.0" /></mjloggm>