<mjloggm ver="2.3"><GO type="225" lobby="0"/><UN n0="%E3%81%99%E3%81%84%E3%81%BE%E3%81%9B%E3%83%BC%E3%82%93" n1="%E3%82%B8%E3%83%A3%E3%83%9E%E3%83%BC%E3%83%AB%E3%83%9E%E3%83%AC%E3%83%BC" n2="%E6%80%AA%E3%81%97%E3%81%99%E3%81%8E%E3%82%8B%E3%83%81%E3%83%BC" n3="%E3%81%AE%E3%81%AE%E3%81%BE%E3%81%99" dan="17,17,16,16" rate="2156.82,2133.29,2115.21,2111.56" sx="M,M,M,F"/><TAIKYOKU oya="0"/><INIT seed="0,0,0,2,0,48" ten="250,250,250,250" oya="0" hai0="30,84,93,24,82,104,103,106,67,8,85,124,38" hai1="49,87,45,50,1,113,125,108,4,127,95,23,63" hai2="111,39,52,9,71,53,60,86,57,117,33,131,3" hai3="83,55,10,107,80,54,118,133,121,126,96,92,77"/><T110/><D124/><N who="1" m="47691" /><E108/><V66/><F111/><W14/><G126/><T37/><D110/><U20/><E113/><V21/><F33/><W51/><G107/><T88/><D67/><U15/><E1/><V73/><F73/><W6/><G118/><T78/><D8/><N who="1" m="4487" /><E50/><V102/><F39/><W97/><G121/><T0/><D0/><U31/><E31/><V47/><F131/><W44/><G133/><T135/><D135/><U58/><E87/><V28/><F117/><W101/><G96/><T34/><REACH who="0" step="1"/><D106/><REACH who="0" ten="240,250,250,250" step="2"/><U100/><E100/><V2/><F102/><W25/><G77/><T41/><D41/><N who="1" m="24751" /><E95/><V62/><F3/><W7/><G7/><T43/><D43/><U81/><E81/><V40/><F9/><W134/><G134/><T115/><D115/><U13/><E13/><V35/><F2/><W22/><REACH who="3" step="1"/><G55/><AGARI ba="0,1" hai="20,23,55,58,63" m="24751,4487,47691" machi="55" ten="30,2000,0" yaku="18,1,52,1" doraHai="48" who="1" fromWho="3" sc="240,0,250,30,250,0,250,-20" /><INIT seed="1,0,0,4,2,36" ten="240,280,250,230" oya="1" hai0="88,17,48,133,18,28,115,64,42,25,40,31,122" hai1="35,23,79,110,52,108,97,6,62,47,94,80,126" hai2="86,73,93,106,19,37,77,13,49,9,27,33,104" hai3="16,120,70,22,129,92,12,117,116,124,103,112,41"/><U71/><E35/><V76/><F73/><W95/><G120/><T119/><D119/><N who="3" m="45641" /><G112/><T69/><D115/><U32/><E32/><V8/><F37/><W24/><G70/><T125/><D122/><U51/><E126/><V67/><F67/><W0/><G0/><T113/><D113/><U72/><E6/><V123/><F123/><W10/><G124/><T29/><D125/><U100/><E23/><V91/><F9/><W39/><G129/><T66/><D133/><U14/><E14/><V128/><F128/><W56/><G56/><T60/><D66/><U81/><E81/><V130/><F130/><W53/><G53/><T85/><D48/><U83/><E83/><V43/><F104/><W54/><G54/><T89/><D89/><U1/><E1/><V96/><F106/><W44/><G103/><T63/><D63/><U127/><REACH who="1" step="1"/><E127/><REACH who="1" ten="240,270,250,230" step="2"/><V121/><F121/><W50/><G39/><T68/><D68/><U21/><E21/><V30/><REACH who="2" step="1"/><F96/><REACH who="2" ten="240,270,240,230" step="2"/><W11/><G11/><T101/><D69/><U2/><E2/><V102/><F102/><W134/><G134/><T15/><D15/><U26/><E26/><V3/><F3/><W34/><G34/><T45/><D25/><U55/><E55/><V57/><F57/><W114/><G114/><T111/><D64/><AGARI ba="0,2" hai="47,51,52,62,64,71,72,79,80,94,97,100,108,110" machi="64" ten="40,7700,0" yaku="1,1,54,1,53,1" doraHai="36" doraHaiUra="107" who="1" fromWho="0" sc="240,-77,270,97,240,0,230,0" /><INIT seed="1,1,0,3,3,109" ten="163,367,240,230" oya="1" hai0="127,26,117,52,79,48,46,96,69,115,120,97,63" hai1="128,82,10,88,102,60,91,24,111,112,92,75,100" hai2="8,13,116,29,125,65,76,25,58,89,32,34,103" hai3="37,74,2,132,31,44,121,38,104,70,99,49,134"/><U40/><E112/><V23/><F116/><W98/><G49/><T9/><D117/><U124/><E111/><V64/><F125/><W80/><G80/><T21/><D127/><U59/><E124/><V30/><F76/><W101/><G44/><T131/><D115/><U12/><E128/><V0/><F103/><W85/><G101/><T130/><D120/><U43/><E24/><N who="2" m="18471" /><F58/><W57/><G57/><T6/><D79/><U106/><E106/><V7/><F89/><N who="1" m="34377" /><E82/><V5/><F65/><W16/><G85/><T62/><D69/><U123/><E123/><V61/><F61/><W56/><G98/><T36/><D36/><U110/><E75/><V11/><F64/><W27/><G99/><T78/><D78/><U4/><E110/><V17/><F7/><W108/><G70/><T15/><D97/><N who="1" m="59431" /><E102/><V20/><AGARI ba="1,0" hai="0,5,8,11,13,17,20,23,25,30,34" m="18471" machi="20" ten="30,8000,1" yaku="35,5" doraHai="109" who="2" fromWho="2" sc="163,-21,367,-41,240,83,230,-21" /><INIT seed="2,0,0,2,4,121" ten="142,326,323,209" oya="2" hai0="126,84,117,106,53,81,133,131,83,72,86,40,54" hai1="77,99,92,23,38,2,79,103,71,27,75,31,26" hai2="49,51,85,46,134,135,122,87,73,4,45,32,125" hai3="48,6,36,21,130,42,12,19,33,116,52,20,22"/><V0/><F122/><W59/><G116/><T39/><D117/><U63/><E38/><V1/><F73/><W60/><G130/><T68/><D131/><U109/><E2/><N who="2" m="1131" /><F4/><W129/><G129/><T66/><D126/><U61/><E109/><V88/><F32/><W30/><G6/><T94/><D133/><N who="2" m="50698" /><F125/><W24/><G36/><T108/><D108/><U3/><E3/><V127/><F127/><W74/><G74/><T9/><D106/><U15/><E71/><V91/><F51/><W96/><G96/><T35/><D72/><U29/><E15/><V112/><F112/><W28/><G28/><T55/><D35/><U37/><E37/><V98/><F98/><W128/><G128/><T118/><D118/><U119/><E119/><V105/><F105/><W102/><G102/><T114/><D114/><U41/><E41/><N who="2" m="24751" /><F46/><W120/><G120/><T18/><D39/><U5/><E5/><V44/><F44/><W11/><G42/><T93/><D40/><U25/><E75/><V97/><F97/><W62/><AGARI ba="0,0" hai="11,12,19,20,21,22,24,30,33,48,52,59,60,62" machi="62" ten="30,2000,0" yaku="0,1,54,1" doraHai="121" who="3" fromWho="3" sc="142,-5,326,-5,323,-10,209,20" /><INIT seed="3,0,0,0,1,111" ten="137,321,313,229" oya="3" hai0="104,36,109,76,0,72,38,31,118,64,102,73,110" hai1="94,3,13,107,132,43,133,103,33,126,85,117,52" hai2="116,128,1,127,120,89,119,15,114,129,25,97,44" hai3="60,92,22,83,91,99,71,5,42,49,56,8,95"/><W19/><G71/><T12/><D118/><N who="2" m="45098" /><F114/><W6/><G8/><T51/><D31/><U87/><E3/><V34/><F1/><W54/><G83/><T122/><D122/><U37/><E33/><V27/><F120/><W123/><G92/><T100/><D64/><U4/><E126/><V16/><F44/><W17/><G17/><T106/><D0/><U86/><E117/><V121/><F127/><W82/><G82/><T79/><D51/><U108/><E108/><N who="0" m="41577" /><D12/><U57/><E107/><N who="0" m="41001" /><D36/><U130/><E37/><V113/><F113/><W46/><REACH who="3" step="1"/><G123/><REACH who="3" ten="137,321,313,219" step="2"/><T14/><D38/><U10/><E94/><N who="2" m="56527" /><F121/><W131/><G131/><N who="2" m="50249" /><F34/><W78/><G78/><N who="0" m="29739" /><D14/><AGARI ba="0,1" hai="5,6,14,19,22,42,46,49,54,56,60,91,95,99" machi="14" ten="30,11600,0" yaku="1,1,7,1,8,1,53,1" doraHai="111" doraHaiUra="50" who="3" fromWho="0" sc="137,-116,321,0,313,0,219,126" owari="21,-48.0,321,12.0,313,-9.0,345,45.0" /></mjloggm>