<mjloggm ver="2.3"><GO type="225" lobby="0"/><UN n0="%48%61%61%61%6C%61%6E%64" n1="%50%49%58%49" n2="%E3%82%B7%E3%83%B3%E3%83%95%E3%82%A9%E3%83%8B%E3%82%A2" n3="%E3%81%99%E3%81%84%E3%81%BE%E3%81%9B%E3%83%BC%E3%82%93" dan="17,16,18,17" rate="2129.30,2141.97,2165.25,2162.30" sx="M,F,M,M"/><TAIKYOKU oya="0"/><INIT seed="0,0,0,1,3,43" ten="250,250,250,250" oya="0" hai0="129,28,68,11,61,70,30,62,49,114,109,44,51" hai1="66,32,104,33,7,83,65,10,81,38,77,116,29" hai2="59,41,76,124,84,87,45,132,112,27,96,128,135" hai3="75,130,39,103,53,113,14,91,122,89,111,15,64"/><T24/><D114/><U73/><E116/><V21/><F112/><W57/><G39/><T6/><D129/><U58/><E104/><V0/><F0/><W26/><G75/><T80/><D109/><U119/><E119/><V110/><F110/><W95/><G130/><T3/><D80/><U131/><E131/><V121/><F128/><W46/><G113/><T12/><D3/><U50/><E83/><V125/><F96/><W90/><G122/><T120/><D120/><U25/><E33/><V107/><F59/><W94/><G26/><T54/><D30/><U22/><E32/><V67/><F67/><W108/><G108/><T79/><D79/><U92/><E92/><N who="3" m="35370" /><G103/><T101/><D101/><U52/><REACH who="1" step="1"/><E38/><REACH who="1" ten="250,240,250,250" step="2"/><V123/><F107/><W100/><G111/><T118/><D118/><U2/><AGARI ba="0,1" hai="2,7,10,22,25,29,50,52,58,65,66,73,77,81" machi="2" ten="20,8000,1" yaku="1,1,2,1,0,1,7,1,54,1,53,0" doraHai="43" doraHaiUra="8" who="1" fromWho="1" sc="250,-40,240,90,250,-20,250,-20" /><INIT seed="1,0,0,1,1,91" ten="210,330,230,230" oya="1" hai0="60,102,131,0,115,132,110,133,108,84,44,95,88" hai1="99,38,86,35,82,113,5,49,50,36,117,25,29" hai2="6,118,97,96,14,47,134,30,130,21,61,34,57" hai3="58,106,124,33,26,64,103,55,12,37,28,9,65"/><U114/><E117/><V41/><F118/><W70/><G124/><T27/><D115/><U71/><E71/><V31/><F130/><W100/><G37/><T90/><D131/><U24/><E5/><V4/><F34/><W128/><G128/><T39/><D0/><U46/><E50/><N who="2" m="26991" /><F134/><N who="0" m="51818" /><D102/><U93/><E25/><N who="2" m="16687" /><F31/><W23/><G33/><T63/><D27/><U19/><E19/><V79/><F79/><W20/><G20/><T101/><D101/><N who="3" m="38985" /><G70/><T94/><D44/><U13/><E113/><V52/><F4/><N who="3" m="3111" /><G106/><T42/><D42/><U111/><E114/><V76/><F76/><W129/><G129/><T62/><D39/><U77/><E38/><V18/><F6/><W10/><G10/><AGARI ba="0,0" hai="10,14,18,52,57,61,96,97" m="16687,26991" machi="10" ten="30,2000,0" yaku="8,1,54,1" doraHai="91" who="2" fromWho="3" sc="210,0,330,0,230,20,230,-20" /><INIT seed="2,0,0,2,1,60" ten="210,330,250,210" oya="2" hai0="31,43,40,47,68,127,98,1,19,22,110,5,37" hai1="129,108,79,84,95,24,59,72,63,55,62,56,28" hai2="54,17,39,51,122,7,4,50,36,121,106,67,58" hai3="134,3,99,66,81,102,87,49,65,76,130,96,107"/><V112/><F106/><W13/><G130/><T18/><D110/><U42/><E108/><V115/><F17/><W90/><G3/><T0/><D127/><U132/><E129/><V109/><F109/><W25/><G134/><T103/><D43/><U33/><E132/><V114/><F4/><W89/><G25/><T41/><D41/><U86/><E95/><V8/><F8/><W35/><G35/><T91/><D91/><U126/><E126/><V97/><F97/><W78/><G90/><T92/><D68/><U53/><REACH who="1" step="1"/><E42/><REACH who="1" ten="210,320,250,210" step="2"/><V100/><F115/><W131/><G131/><T119/><D92/><U52/><E52/><V2/><F54/><W116/><G116/><T69/><D40/><U11/><E11/><V85/><F114/><W80/><G99/><T111/><D119/><U44/><E44/><V26/><F112/><W6/><G96/><T124/><D124/><U74/><E74/><V113/><F113/><W15/><G107/><T83/><D111/><U104/><E104/><V71/><F122/><W29/><G81/><AGARI ba="0,1" hai="24,28,33,53,55,56,59,62,63,72,79,81,84,86" machi="81" ten="40,2600,0" yaku="1,1,9,1,53,0" doraHai="60" doraHaiUra="16" who="1" fromWho="3" sc="210,0,320,36,250,0,210,-26" /><INIT seed="3,0,0,3,3,46" ten="210,356,250,184" oya="3" hai0="52,84,20,61,68,24,77,15,76,16,31,41,19" hai1="117,88,33,131,6,92,95,132,98,104,26,34,129" hai2="56,37,64,114,97,133,42,107,4,43,71,101,50" hai3="58,115,57,8,109,22,81,38,49,45,89,23,75"/><W1/><G115/><T90/><D41/><U93/><E117/><V14/><F114/><W5/><G109/><T73/><D73/><U3/><E132/><V39/><F133/><W127/><G127/><T85/><D85/><U32/><E26/><V118/><F71/><W91/><G38/><T51/><D61/><U74/><E74/><V28/><F28/><W78/><G91/><T62/><D62/><U7/><E104/><V10/><F118/><W13/><G89/><T25/><D68/><U120/><E120/><V67/><F42/><W30/><G22/><N who="0" m="11551" /><D19/><U83/><E83/><V12/><F43/><W128/><G128/><T134/><D25/><U80/><E80/><V11/><F39/><W125/><G125/><T119/><D134/><U36/><E36/><V116/><F37/><W82/><G82/><N who="0" m="49431" /><D119/><U79/><E79/><V130/><F116/><W66/><G66/><T122/><D122/><U60/><E60/><V111/><F130/><N who="1" m="49673" /><E3/><V112/><F112/><W55/><REACH who="3" step="1"/><G30/><REACH who="3" ten="210,356,250,174" step="2"/><T21/><D20/><U18/><E88/><V94/><F111/><W105/><G105/><T99/><D99/><U48/><E98/><V63/><F107/><W108/><G108/><T2/><D2/><U69/><E34/><V100/><F64/><W0/><G0/><T103/><D103/><U86/><E33/><V27/><F101/><W135/><G135/><T87/><D87/><U29/><E86/><V65/><F65/><W124/><G124/><T59/><AGARI ba="0,1" hai="21,24,31,51,52,59,76,77" m="49431,11551" machi="59" ten="30,7900,0" yaku="8,1,52,1,54,2" doraHai="46" who="0" fromWho="0" sc="210,89,356,-20,250,-20,174,-39" owari="299,10.0,336,43.0,230,-17.0,135,-36.0" /></mjloggm>