<mjloggm ver="2.3"><GO type="169" lobby="0"/><UN n0="%70%72%6F%6E%61%72%69" n1="%E5%A6%99%E6%89%8D" n2="%E3%83%A2%E3%83%B3%E3%82%AD%E3%83%BC%E3%83%88%E3%83%AA%E3%83%83%E3%82%AF" n3="%E3%81%8D%E3%82%83%E3%83%BC%E3%82%8D%E3%82%93" dan="16,16,17,16" rate="2083.89,2054.88,2133.65,2137.80" sx="M,M,M,M"/><TAIKYOKU oya="0"/><INIT seed="0,0,0,5,0,64" ten="250,250,250,250" oya="0" hai0="121,56,98,132,76,131,117,55,42,70,77,57,61" hai1="68,126,18,43,107,130,37,23,63,134,112,27,135" hai2="34,62,20,84,6,9,74,12,5,47,105,46,49" hai3="94,10,113,79,81,96,0,119,19,11,21,32,25"/><T92/><D117/><U66/><E107/><V115/><F34/><W114/><G119/><T102/><D121/><U86/><E126/><V17/><F105/><W95/><G95/><T14/><D131/><U73/><E73/><V60/><F74/><W120/><G120/><T59/><D132/><N who="1" m="50731" /><E112/><V69/><F115/><W89/><G32/><T122/><D122/><U52/><E86/><V45/><F69/><W33/><G33/><T26/><D42/><U82/><E82/><V53/><BYE who="1" /><F84/><W91/><G91/><T41/><D26/><U13/><E13/><V118/><F118/><W99/><G99/><T38/><D14/><UN n1="%E5%A6%99%E6%89%8D" /><U80/><E80/><V1/><REACH who="2" step="1"/><F6/><REACH who="2" ten="250,250,240,250" step="2"/><W22/><G114/><T133/><D133/><U90/><E130/><V15/><F15/><W7/><G113/><T125/><D70/><U35/><E35/><V58/><AGARI ba="0,1" hai="1,5,9,12,17,20,45,46,47,49,53,58,60,62" machi="58" ten="30,2000,0" yaku="1,1,0,1,53,0" doraHai="64" doraHaiUra="127" who="2" fromWho="2" sc="250,-10,250,-5,240,30,250,-5" /><INIT seed="1,0,0,5,4,125" ten="240,245,270,245" oya="1" hai0="97,122,30,131,91,37,116,86,61,17,53,22,99" hai1="76,102,115,108,130,52,32,96,98,123,135,113,120" hai2="126,14,133,21,51,121,69,90,112,104,49,27,18" hai3="127,106,40,2,1,72,83,55,60,68,100,132,124"/><U82/><E32/><V31/><F69/><W3/><G132/><T89/><D116/><U114/><E135/><V128/><F133/><W109/><G109/><T26/><D37/><U39/><E39/><V80/><F104/><W57/><G40/><T58/><D122/><U24/><E24/><V8/><F121/><N who="1" m="46665" /><E52/><V94/><F126/><N who="3" m="48171" /><G68/><T23/><D131/><U25/><E25/><V46/><F128/><W0/><G0/><T119/><D119/><U118/><E118/><V28/><F112/><W9/><G100/><T50/><D61/><U56/><E56/><V47/><F80/><W81/><G106/><T65/><D65/><U33/><E33/><V59/><F28/><W41/><G41/><T73/><D73/><N who="1" m="43279" /><E108/><V38/><F38/><W19/><G72/><T88/><REACH who="0" step="1"/><D86/><REACH who="0" ten="230,245,270,245" step="2"/><U134/><E134/><V11/><F51/><W43/><G43/><T45/><D45/><U78/><E98/><V95/><F47/><W7/><G60/><T79/><D79/><U36/><E36/><V74/><F46/><W42/><G42/><T93/><D93/><N who="1" m="58639" /><E78/><V117/><F117/><W67/><G67/><T44/><D44/><U105/><E105/><V29/><F49/><W35/><G57/><T84/><D84/><U6/><E6/><V110/><F59/><W48/><G7/><T111/><D111/><U107/><E107/><V77/><F110/><W129/><G48/><T75/><D75/><U85/><E85/><V12/><F74/><W54/><G129/><AGARI ba="0,1" hai="113,114,115,129,130" m="58639,43279,46665" machi="129" ten="40,12000,1" yaku="34,2,52,2" doraHai="125" who="1" fromWho="3" sc="230,0,245,130,270,0,245,-120" /><INIT seed="1,1,0,0,1,22" ten="230,375,270,125" oya="1" hai0="4,114,40,39,88,25,86,13,106,83,93,97,41" hai1="100,58,28,14,42,21,49,129,15,24,98,135,30" hai2="62,91,26,131,107,69,56,113,35,105,117,37,99" hai3="123,20,27,125,72,115,66,75,104,79,54,121,12"/><U130/><E135/><V64/><F117/><W76/><G104/><T6/><D114/><U116/><E116/><V112/><F37/><W9/><G115/><N who="2" m="44105" /><F131/><N who="1" m="50185" /><E30/><N who="2" m="19927" /><F56/><W18/><G125/><T43/><D39/><U77/><E77/><V84/><F99/><W92/><G66/><T102/><D13/><U34/><E34/><V50/><F50/><W122/><G54/><T3/><D3/><U89/><E89/><V19/><F19/><W80/><G92/><AGARI ba="1,0" hai="62,64,69,84,91,92,105,107" m="19927,44105" machi="92" ten="30,2000,0" yaku="11,1,52,1" doraHai="22" who="2" fromWho="3" sc="230,0,375,0,270,23,125,-23" /><INIT seed="2,0,0,2,4,34" ten="230,375,293,102" oya="2" hai0="11,90,135,36,54,118,128,117,49,8,14,75,35" hai1="40,42,110,65,64,94,120,83,108,68,61,100,126" hai2="22,77,124,30,130,129,2,48,115,45,106,119,52" hai3="17,76,85,114,50,123,80,23,113,6,1,121,86"/><V20/><F119/><N who="0" m="45578" /><D36/><U3/><E126/><V134/><F106/><W104/><G104/><T25/><D128/><N who="2" m="49258" /><F115/><N who="3" m="44043" /><G50/><T116/><D135/><U92/><E100/><V70/><F70/><W13/><G86/><T81/><D14/><U125/><E125/><V95/><F124/><W46/><G46/><T41/><D41/><U15/><E15/><V44/><F77/><W56/><G56/><T63/><D63/><U0/><E83/><V59/><F134/><W67/><G67/><T7/><D7/><U4/><E4/><V102/><F2/><W93/><G93/><T43/><D43/><U112/><E112/><V26/><F20/><W89/><G76/><N who="0" m="44191" /><D90/><U38/><E120/><N who="3" m="46154" /><G6/><T47/><D116/><U109/><E109/><V98/><AGARI ba="0,0" hai="22,26,30,44,45,48,52,59,95,98,102" m="49258" machi="98" ten="30,3000,0" yaku="19,1,54,1" doraHai="34" who="2" fromWho="2" sc="230,-10,375,-10,293,30,102,-10" /><INIT seed="2,1,0,1,3,1" ten="220,365,323,92" oya="2" hai0="58,41,131,77,70,30,61,59,46,93,111,106,84" hai1="7,43,129,16,4,3,125,66,49,72,74,15,25" hai2="127,128,107,75,50,10,21,114,113,99,27,42,97" hai3="39,37,134,2,94,90,133,110,32,18,73,24,38"/><V105/><F10/><W100/><G73/><T120/><D120/><U44/><E3/><V81/><F42/><W82/><G110/><T55/><D106/><N who="2" m="40458" /><F50/><W69/><G69/><T115/><D115/><N who="2" m="44042" /><F21/><N who="3" m="13367" /><G100/><T28/><D131/><U36/><E129/><V80/><F27/><W116/><G82/><N who="2" m="31849" /><F128/><W62/><G62/><T132/><D111/><U68/><E36/><V135/><F135/><N who="3" m="51723" /><G2/><T85/><D70/><U11/><E25/><V112/><F112/><W56/><G56/><T87/><D132/><U6/><REACH who="1" step="1"/><E125/><REACH who="1" ten="220,355,323,92" step="2"/><V101/><F127/><W86/><G32/><T63/><D28/><U119/><E119/><AGARI ba="1,1" hai="37,38,39,86,90,94,116,119" m="51723,13367" machi="119" ten="40,1300,0" yaku="20,1" doraHai="1" who="3" fromWho="1" sc="220,0,355,-16,323,0,92,26" /><INIT seed="3,0,0,1,5,34" ten="220,339,323,118" oya="3" hai0="100,31,97,99,55,54,123,44,12,43,85,30,10" hai1="56,111,125,122,7,82,103,83,19,13,96,109,53" hai2="28,77,61,8,59,91,101,17,29,3,71,58,112" hai3="57,98,47,126,81,32,50,119,69,116,5,115,25"/><W134/><G69/><T92/><D123/><U24/><E125/><V104/><F112/><W48/><G115/><T46/><D85/><U106/><E7/><V84/><F77/><W105/><G126/><T76/><D76/><U15/><E122/><V110/><F110/><N who="1" m="41993" /><E24/><V66/><F104/><W42/><G134/><T74/><D74/><U107/><E107/><V35/><F101/><W38/><G81/><N who="1" m="30730" /><E19/><V67/><F35/><W129/><G5/><T114/><D31/><U128/><E128/><V39/><F39/><W20/><G129/><T86/><D30/><U65/><E65/><V87/><F17/><W121/><G121/><T79/><D79/><U135/><E135/><V94/><F71/><W52/><G32/><T33/><D33/><U108/><N who="1" m="42001" /><U11/><DORA hai="127" /><E11/><V72/><F72/><W45/><G105/><T1/><D10/><U60/><AGARI ba="0,0" hai="13,15,53,56,60,96,103,106" m="30730,42001" machi="60" ten="40,1500,0" yaku="14,1" doraHai="34,127" who="1" fromWho="1" sc="220,-4,339,15,323,-4,118,-7" /><INIT seed="4,0,0,4,2,28" ten="216,354,319,111" oya="0" hai0="109,6,13,124,130,83,121,50,69,113,85,134,42" hai1="33,45,110,133,84,49,7,20,106,80,94,90,54" hai2="10,72,132,88,29,125,67,68,18,114,117,86,116" hai3="112,95,31,53,77,127,92,107,102,55,40,111,70"/><T79/><D121/><U65/><E110/><V5/><F72/><W60/><G111/><T97/><D109/><U15/><E106/><V51/><F114/><W105/><G112/><T4/><D113/><U30/><E133/><V21/><F132/><W99/><G127/><T135/><D124/><U3/><E3/><V115/><F115/><W75/><G40/><T62/><D130/><U1/><E1/><V11/><F29/><W58/><G70/><T39/><D39/><U27/><E65/><V0/><F11/><W82/><G31/><T93/><D135/><U108/><E108/><V22/><F125/><W73/><G73/><T38/><D38/><U118/><E118/><N who="2" m="45675" /><F51/><W119/><G119/><T61/><D134/><U91/><E15/><V43/><F43/><W59/><REACH who="3" step="1"/><G107/><REACH who="3" ten="216,354,319,101" step="2"/><T87/><D69/><U47/><E33/><V76/><F68/><W89/><G89/><T19/><D42/><U24/><E30/><V123/><F123/><W2/><G2/><T71/><D71/><U26/><E90/><V78/><F78/><W32/><G32/><T103/><D79/><U81/><E91/><V100/><F76/><W12/><G12/><T57/><D13/><U9/><E27/><V98/><F0/><W25/><G25/><T129/><D129/><U66/><E26/><V56/><F88/><W63/><AGARI ba="0,1" hai="53,55,58,59,60,63,75,77,82,92,95,99,102,105" machi="63" ten="20,5200,0" yaku="1,1,0,1,7,1,9,1,53,0" doraHai="28" doraHaiUra="14" who="3" fromWho="3" sc="216,-26,354,-13,319,-13,101,62" /><INIT seed="5,0,0,2,4,2" ten="190,341,306,163" oya="1" hai0="118,101,91,52,125,78,110,10,70,119,99,13,38" hai1="63,65,40,16,41,109,50,49,15,59,92,73,72" hai2="36,120,54,5,28,3,4,104,77,14,79,96,82" hai3="81,43,27,74,89,66,68,134,95,32,98,123,44"/><U87/><E109/><V8/><F120/><W11/><G123/><T127/><D110/><U56/><E73/><V62/><F36/><W17/><G134/><T102/><D70/><U19/><E72/><V39/><F39/><W24/><G32/><T6/><D78/><U57/><E19/><V48/><F28/><W130/><G130/><T67/><D67/><U0/><E0/><V55/><F3/><W135/><G135/><T129/><D38/><U61/><E50/><V30/><F30/><W113/><G113/><T51/><D91/><N who="1" m="53375" /><E57/><N who="2" m="35127" /><F104/><W94/><G68/><T76/><D76/><N who="2" m="29258" /><F96/><N who="3" m="57423" /><G74/><T105/><D102/><U112/><E112/><V106/><F82/><W121/><G121/><T20/><D20/><N who="1" m="11295" /><E49/><V46/><F106/><W64/><G81/><T116/><REACH who="0" step="1"/><D129/><REACH who="0" ten="180,341,306,163" step="2"/><U124/><E124/><V93/><F93/><W85/><G95/><T23/><D23/><U12/><E65/><V33/><F33/><W18/><G66/><T131/><D131/><U111/><E111/><V34/><F34/><W42/><G64/><T122/><D122/><U117/><E63/><V29/><F29/><W114/><G114/><T31/><D31/><U37/><E61/><V9/><F9/><W58/><G11/><T7/><D7/><AGARI ba="0,1" hai="4,5,7,8,14,46,48,55" m="29258,35127" machi="7" ten="30,7700,0" yaku="8,1,52,3" doraHai="2" who="2" fromWho="0" sc="180,-77,341,0,306,87,163,0" /><INIT seed="6,0,0,4,0,98" ten="103,341,393,163" oya="2" hai0="128,127,115,109,82,32,86,11,97,130,71,119,48" hai1="78,1,67,135,69,104,77,74,64,125,24,26,95" hai2="62,106,129,102,52,57,76,17,56,110,114,108,8" hai3="10,0,39,4,3,21,18,132,23,90,34,30,53"/><V36/><F36/><W121/><G39/><T38/><D32/><U134/><E104/><V117/><F117/><W50/><G132/><T68/><D11/><U107/><E107/><V123/><F123/><W79/><G79/><T15/><D15/><U93/><E125/><V19/><F114/><W66/><G66/><T61/><D86/><U43/><E1/><V88/><F76/><W59/><G3/><T122/><D82/><U2/><E2/><V35/><F35/><W83/><G121/><T46/><D97/><U89/><E43/><V16/><F129/><N who="0" m="49770" /><D122/><U22/><E69/><V33/><F33/><W41/><G23/><T5/><D5/><U55/><E55/><V101/><F106/><W120/><G120/><T92/><D92/><U103/><E89/><V94/><F57/><W29/><G34/><T133/><D109/><N who="2" m="42090" /><F8/><W124/><G124/><T13/><D127/><U70/><E70/><V65/><F65/><W45/><G90/><T28/><D38/><U75/><E22/><V126/><F126/><W84/><G84/><AGARI ba="0,0" hai="16,17,19,52,56,62,84,88,94,101,102" m="42090" machi="84" ten="30,18000,2" yaku="10,1,52,2,54,3" doraHai="98" who="2" fromWho="3" sc="103,0,341,0,393,180,163,-180" owari="103,-30.0,341,14.0,573,68.0,-17,-52.0" /></mjloggm>