<mjloggm ver="2.3"><GO type="225" lobby="0"/><UN n0="%E3%83%A9%E3%83%96%E3%83%AC%E3%83%BC" n1="%50%6F%6F%48%65%3F" n2="%E3%82%B8%E3%83%A3%E3%83%9E%E3%83%BC%E3%83%AB%E3%83%9E%E3%83%AC%E3%83%BC" n3="%70%68%65%6E%6F%6D%65" dan="18,16,17,17" rate="2279.92,2143.66,2181.80,2199.98" sx="M,F,M,M"/><TAIKYOKU oya="0"/><INIT seed="0,0,0,4,0,40" ten="250,250,250,250" oya="0" hai0="9,60,80,118,34,130,108,46,49,111,15,131,62" hai1="110,74,42,24,105,3,50,18,101,36,77,98,27" hai2="38,73,55,113,104,115,75,81,28,125,61,1,128" hai3="11,132,44,4,84,16,116,102,20,67,66,69,71"/><T96/><D34/><U51/><E110/><N who="0" m="42025" /><D118/><U92/><E3/><V64/><F1/><W68/><G116/><T79/><D96/><U121/><E121/><V117/><F28/><W8/><G132/><T78/><D62/><U63/><E63/><V52/><F104/><W26/><G102/><T35/><D35/><U58/><E92/><V57/><F117/><W82/><G44/><T47/><D60/><U54/><E36/><V12/><F38/><W93/><G93/><T72/><D79/><U19/><E27/><V14/><F61/><W97/><G97/><T48/><D48/><U30/><E77/><V37/><F37/><W91/><REACH who="3" step="1"/><G11/><REACH who="3" ten="250,250,250,240" step="2"/><T112/><D112/><U109/><E109/><V0/><F115/><W83/><G83/><T134/><D134/><U126/><E126/><V106/><F81/><W76/><G76/><T21/><D21/><U17/><E98/><V100/><F125/><W86/><G86/><T120/><D120/><U53/><E74/><V99/><F113/><W39/><G39/><T70/><D70/><U135/><E135/><V119/><F119/><W23/><G23/><T129/><D49/><N who="1" m="31023" /><E101/><V32/><F75/><W5/><G5/><AGARI ba="0,1" hai="5,9,15,46,47,72,78,80,129,130,131" m="42025" machi="5" ten="40,12000,1" yaku="19,1,14,1,10,1,52,2" doraHai="40" who="0" fromWho="3" sc="250,130,250,0,250,0,240,-120" /><INIT seed="0,1,0,0,3,41" ten="380,250,250,120" oya="0" hai0="120,25,48,6,89,127,37,93,58,35,36,56,63" hai1="103,110,20,69,112,50,111,67,78,52,121,1,135" hai2="105,129,94,107,61,34,88,108,21,76,30,101,23" hai3="87,54,133,24,82,131,62,85,98,86,114,96,32"/><T115/><D120/><U19/><E121/><V68/><F76/><W10/><G114/><T0/><D115/><U91/><E112/><V84/><F108/><N who="1" m="41513" /><E1/><V27/><F129/><W99/><G131/><T97/><D6/><U70/><E78/><V64/><REACH who="2" step="1"/><F107/><REACH who="2" ten="380,250,240,120" step="2"/><W15/><G133/><T124/><D124/><U53/><E135/><V81/><F81/><W31/><G82/><T100/><D127/><U43/><E103/><V17/><F17/><W80/><G80/><T79/><D79/><U42/><E91/><V71/><F71/><W29/><G31/><T7/><D89/><U8/><E70/><V51/><F51/><W75/><G75/><T74/><D100/><U83/><E83/><V11/><F11/><W44/><G62/><T113/><D63/><N who="1" m="40191" /><E8/><V2/><F2/><W40/><G54/><N who="1" m="21098" /><E50/><V22/><F22/><W33/><G10/><T3/><D48/><U116/><E116/><V60/><F60/><W16/><G33/><T49/><D49/><U9/><E9/><V134/><F134/><W106/><G106/><T28/><D0/><U95/><E95/><V122/><F122/><W125/><G125/><T66/><D3/><U39/><E39/><V45/><F45/><W126/><G126/><T128/><D37/><U4/><E4/><V123/><F123/><W59/><G59/><T130/><D36/><U90/><E90/><V5/><F5/><W38/><G16/><T26/><D7/><U119/><E119/><V65/><F65/><W72/><G72/><T46/><D66/><U104/><E104/><V102/><F102/><W109/><G109/><RYUUKYOKU ba="1,1" sc="380,-30,250,10,240,10,120,10" hai1="19,20,42,43" hai2="21,23,27,30,34,61,64,68,84,88,94,101,105" hai3="15,24,29,32,38,40,44,85,86,87,96,98,99" /><INIT seed="1,2,1,3,4,4" ten="350,260,250,130" oya="1" hai0="41,8,89,87,42,95,94,37,33,0,19,93,111" hai1="65,52,106,54,15,79,104,55,121,72,1,28,134" hai2="131,86,44,116,132,40,7,63,12,47,49,24,27" hai3="114,53,105,100,117,109,108,46,30,13,85,128,125"/><U82/><E121/><V73/><F73/><W101/><G114/><T2/><D33/><U133/><E1/><V81/><F116/><W20/><G117/><T39/><D111/><N who="3" m="42569" /><G105/><T17/><D94/><U14/><E28/><V48/><F132/><N who="1" m="50793" /><E65/><V98/><F131/><W67/><G125/><T51/><D87/><U9/><E14/><V26/><F98/><W43/><G128/><T58/><D58/><U10/><E15/><V120/><F63/><W126/><G126/><T88/><D51/><N who="2" m="19530" /><F120/><W59/><G67/><T45/><D8/><AGARI ba="2,1" hai="8,9,10,52,54,55,72,79,82,104,106" m="50793" machi="8" ten="30,12000,1" yaku="20,1,52,3,54,1" doraHai="4" who="1" fromWho="0" sc="350,-126,260,136,250,0,130,0" /><INIT seed="1,3,0,0,0,20" ten="224,396,250,130" oya="1" hai0="28,59,69,101,92,85,73,17,88,82,86,129,80" hai1="79,100,102,46,45,7,71,9,127,58,0,120,12" hai2="40,67,81,114,44,109,10,30,56,121,39,126,4" hai3="95,25,13,36,49,123,51,119,16,107,124,111,116"/><U26/><E71/><V66/><F121/><W38/><G107/><T122/><D69/><U54/><E120/><V118/><F118/><N who="3" m="45099" /><G123/><T77/><D122/><U94/><E0/><V15/><F109/><W31/><G111/><T113/><D28/><U132/><E132/><V72/><F126/><W115/><G115/><T103/><D59/><U70/><E70/><V47/><F114/><W93/><G124/><T52/><D52/><U83/><E127/><V41/><F30/><W43/><G95/><T131/><D17/><U55/><E94/><V2/><F15/><W98/><G43/><T24/><D24/><U135/><E26/><V60/><F44/><W23/><G38/><T104/><D113/><U35/><E35/><V64/><REACH who="2" step="1"/><F41/><REACH who="2" ten="224,396,240,130" step="2"/><W78/><G78/><AGARI ba="3,1" hai="2,4,10,39,40,47,56,60,64,66,67,72,78,81" machi="78" ten="40,8000,1" yaku="1,1,2,1,25,2,53,0" doraHai="20" doraHaiUra="14" who="2" fromWho="3" sc="224,0,396,0,240,99,130,-89" /><INIT seed="2,0,0,4,2,21" ten="224,396,339,41" oya="2" hai0="19,57,107,0,98,32,87,5,12,17,76,122,92" hai1="123,102,18,88,46,86,26,132,111,58,110,95,75" hai2="127,101,77,112,30,109,49,15,84,134,60,62,91" hai3="106,90,65,70,99,63,68,115,51,105,96,80,118"/><V116/><F112/><W53/><G118/><T8/><D107/><U71/><E71/><V129/><F116/><W74/><G115/><T47/><D122/><U33/><E123/><V72/><F129/><W2/><G2/><T13/><D32/><U114/><E114/><V108/><F30/><W37/><G70/><T11/><D0/><U52/><E75/><V119/><F119/><W104/><G37/><T40/><D57/><U94/><E46/><V78/><F101/><W29/><G29/><T4/><D87/><U97/><E132/><V48/><F127/><W24/><G90/><T121/><D76/><N who="2" m="29290" /><F72/><W28/><G80/><T31/><D31/><U38/><E38/><V83/><F15/><W6/><G6/><T133/><D133/><U41/><E41/><V45/><F48/><W130/><G130/><T23/><D121/><U117/><E117/><V113/><F113/><W135/><G135/><T64/><D64/><U39/><E39/><V27/><F27/><W50/><G50/><T20/><D47/><U120/><E120/><V61/><F134/><W3/><G3/><T16/><D40/><U73/><E73/><V44/><F49/><W14/><G14/><T56/><D56/><U22/><E33/><V7/><F7/><W43/><G43/><T69/><D69/><U42/><E42/><V1/><F1/><W126/><G126/><T103/><AGARI ba="0,0" hai="4,5,8,11,12,13,16,17,19,20,23,92,98,103" machi="103" ten="30,7900,0" yaku="0,1,9,1,8,1,54,1" doraHai="21" who="0" fromWho="0" sc="224,79,396,-20,339,-39,41,-20" /><INIT seed="3,0,0,2,1,131" ten="303,376,300,21" oya="3" hai0="115,58,90,102,89,114,133,4,103,126,57,124,73" hai1="55,85,82,120,100,99,129,3,80,113,65,59,56" hai2="46,8,48,0,111,49,60,9,106,27,74,61,16" hai3="101,28,6,39,52,98,68,33,5,134,23,125,51"/><W32/><G39/><T20/><D20/><U17/><E3/><V44/><F106/><W95/><G68/><T91/><D4/><U50/><E120/><V41/><F111/><W7/><G125/><N who="0" m="48235" /><D73/><U110/><E113/><N who="0" m="43017" /><D133/><U71/><E129/><V107/><F107/><W30/><G134/><T62/><D62/><N who="2" m="24170" /><F74/><W21/><G32/><T40/><D40/><U105/><E71/><V2/><F2/><W77/><G77/><T70/><D70/><U38/><E110/><V42/><F0/><W88/><G101/><AGARI ba="0,0" hai="57,58,89,90,91,101,102,103" m="43017,48235" machi="101" ten="40,8000,1" yaku="28,2,18,1,11,1" doraHai="131" who="0" fromWho="3" sc="303,80,376,0,300,0,21,-80" owari="383,48.0,376,18.0,300,-10.0,-59,-56.0" /></mjloggm>