<mjloggm ver="2.3"><GO type="185" lobby="0"/><UN n0="%E6%9D%B1%E9%B3%B3" n1="%4B%6F%4B%4B%4F" n2="%79%61%73%73%61%6E" n3="" dan="17,16,17,0" rate="2251.63,2200.53,2197.12,1500.00" sx="M,M,M,C"/><TAIKYOKU oya="0"/><INIT seed="0,0,0,4,1,37" ten="350,350,350,0" oya="0" hai0="67,70,99,48,39,133,82,3,43,118,73,132,111" hai1="113,80,85,45,77,88,61,107,102,109,116,117,123" hai2="93,66,95,55,104,58,91,47,33,42,49,83,54" hai3=""/><T108/><D3/><U69/><N who="1" m="31520" /><U71/><E109/><N who="0" m="42057" /><D118/><U135/><E135/><N who="0" m="51785" /><D39/><U53/><E113/><V75/><F104/><T87/><D73/><U106/><E77/><V98/><F33/><T128/><D99/><U130/><E130/><V115/><F115/><T60/><D128/><U52/><E53/><V59/><F75/><T127/><D127/><U44/><E44/><V40/><F66/><T68/><D48/><U76/><E107/><V35/><F35/><T90/><D43/><U131/><E106/><V84/><F42/><T72/><D72/><U86/><E131/><V105/><F105/><T97/><D97/><U38/><E38/><V129/><F129/><T46/><D46/><U125/><E125/><V63/><REACH who="2" step="1"/><F98/><REACH who="2" ten="350,350,340,0" step="2"/><T100/><D100/><U110/><E102/><V78/><F78/><T103/><D103/><U50/><E110/><V92/><F92/><T34/><D34/><U65/><REACH who="1" step="1"/><E71/><AGARI ba="0,1" hai="60,67,68,70,71,82,87,90" m="51785,42057" machi="71" ten="30,5800,0" yaku="14,1,10,1,20,1" doraHai="37" who="0" fromWho="1" sc="350,68,350,-58,340,0,0,0" /><INIT seed="0,1,0,3,1,103" ten="418,292,340,0" oya="0" hai0="64,121,33,131,129,55,62,117,86,80,46,125,104" hai1="63,83,91,128,34,70,75,78,102,105,93,0,43" hai2="40,88,58,113,100,1,35,126,134,59,76,110,99" hai3=""/><T47/><N who="0" m="31008" /><T115/><D117/><U94/><E0/><V51/><F113/><T133/><D33/><U119/><E34/><V69/><F69/><T49/><D115/><U38/><E119/><V68/><F68/><T53/><D133/><U120/><N who="1" m="30752" /><U82/><E128/><V124/><F76/><T36/><D125/><N who="2" m="48234" /><F1/><T50/><D104/><U114/><E114/><V106/><F110/><T98/><D98/><U109/><E109/><V85/><F134/><T111/><D36/><U108/><E108/><V118/><F118/><T52/><D55/><U122/><N who="1" m="31264" /><U84/><E43/><V95/><F35/><T65/><D111/><U97/><REACH who="1" step="1"/><E38/><REACH who="1" ten="418,282,340,0" step="2"/><V127/><F127/><T130/><REACH who="0" step="1"/><D62/><REACH who="0" ten="408,282,340,0" step="2"/><U56/><E56/><V116/><F116/><T72/><D72/><U54/><E54/><V61/><F61/><T67/><D67/><AGARI ba="1,2" hai="63,67,70,75,78,82,83,84,91,93,94,97,102,105" m="31264,30752" machi="67" ten="40,8000,1" yaku="1,1,52,3,53,1" doraHai="103" doraHaiUra="96" who="1" fromWho="0" sc="408,-82,282,102,340,0,0,0" /><INIT seed="1,0,0,2,3,134" ten="326,384,340,0" oya="1" hai0="105,44,99,70,108,117,0,72,43,89,60,76,79" hai1="68,55,109,90,95,57,87,66,110,2,46,106,98" hai2="130,81,125,3,86,92,34,132,112,122,33,62,63" hai3=""/><U119/><E119/><V115/><N who="2" m="31264" /><V97/><F3/><T40/><D0/><U101/><E2/><V82/><F132/><T65/><D108/><N who="1" m="41579" /><E46/><V74/><F74/><T1/><D1/><U71/><E66/><V103/><F130/><T59/><D117/><U107/><E107/><V94/><F125/><T32/><D32/><U54/><E54/><V50/><F50/><AGARI ba="0,0" hai="50,55,57,68,71,87,90,95,98,101,106" m="41579" machi="50" ten="30,2900,0" yaku="14,1,10,1" doraHai="134" who="1" fromWho="2" sc="326,0,384,29,340,-29,0,0" /><INIT seed="1,1,0,2,5,84" ten="326,413,311,0" oya="1" hai0="114,110,46,115,67,107,128,96,68,130,33,117,51" hai1="88,122,131,0,91,120,100,65,135,111,104,3,73" hai2="38,61,87,62,126,66,105,92,108,48,74,63,112" hai3=""/><U86/><N who="1" m="30752" /><U64/><N who="1" m="31264" /><U90/><E73/><V89/><F108/><T47/><D33/><U94/><E111/><V99/><F126/><T71/><D110/><U75/><E75/><V97/><F38/><T119/><D96/><U95/><E135/><V69/><F112/><T76/><D76/><U32/><E32/><V42/><F74/><T102/><D102/><U43/><E43/><V1/><F1/><T39/><D107/><U54/><E131/><V59/><F105/><T2/><D2/><U113/><E113/><V133/><F133/><T56/><D56/><U60/><E54/><V80/><F97/><T106/><D106/><U45/><E45/><V55/><REACH who="2" step="1"/><F42/><REACH who="2" ten="326,413,301,0" step="2"/><T121/><N who="0" m="31008" /><T41/><D41/><U134/><E134/><V53/><F53/><T49/><D39/><U78/><E0/><V36/><F36/><T34/><D34/><U93/><E3/><V52/><F52/><T124/><D67/><U35/><E35/><V109/><F109/><T98/><D98/><U77/><E65/><V101/><AGARI ba="1,1" hai="48,55,59,61,62,63,66,69,80,87,89,92,99,101" machi="101" ten="20,3900,0" yaku="1,1,0,1,7,1,52,1,53,0" doraHai="84" doraHaiUra="118" who="2" fromWho="2" sc="326,-14,413,-27,301,51,0,0" /><INIT seed="2,0,0,3,0,91" ten="312,386,352,0" oya="2" hai0="135,70,105,68,62,121,89,102,131,118,39,95,57" hai1="125,120,96,67,72,110,117,123,71,46,126,92,0" hai2="98,59,50,73,65,124,116,88,48,77,106,38,45" hai3=""/><V60/><F116/><T35/><N who="0" m="31008" /><T55/><D35/><U109/><N who="1" m="30752" /><U69/><N who="1" m="31520" /><U74/><E0/><V80/><F124/><N who="1" m="47721" /><E46/><V97/><F106/><T112/><D118/><U99/><E117/><V82/><F38/><T86/><D135/><U134/><E134/><V3/><F3/><T119/><D119/><U83/><E67/><V133/><F133/><T66/><D131/><U122/><N who="1" m="31264" /><U114/><E114/><V113/><F113/><T111/><D111/><N who="1" m="42507" /><E83/><V128/><F128/><T40/><D112/><U34/><E34/><V108/><F108/><T79/><D66/><U49/><E49/><V64/><F64/><T42/><D39/><U101/><E99/><V1/><F1/><T61/><D40/><U47/><E47/><V53/><REACH who="2" step="1"/><F50/><REACH who="2" ten="312,386,342,0" step="2"/><T37/><D37/><U130/><E130/><V41/><F41/><T127/><D42/><U63/><E63/><V78/><F78/><T58/><D79/><U36/><E36/><V51/><F51/><T87/><D127/><U115/><E115/><V75/><F75/><AGARI ba="0,1" hai="69,71,72,74,75,92,96,101" m="42507,31264,47721,31520,30752" machi="75" ten="40,12000,2" yaku="18,1,14,1,52,4" doraHai="91" who="1" fromWho="2" sc="312,0,386,130,342,-120,0,0" /><INIT seed="4,0,0,0,1,87" ten="312,516,222,0" oya="0" hai0="89,94,48,61,91,47,82,88,2,110,99,128,80" hai1="41,126,45,58,71,66,97,78,111,54,93,125,62" hai2="106,44,0,77,85,43,124,104,103,96,113,123,133" hai3=""/><T100/><D128/><U130/><E130/><V95/><N who="2" m="31520" /><V117/><F0/><T53/><D2/><U70/><E111/><V132/><F117/><T32/><D32/><U129/><E129/><V36/><F124/><N who="1" m="47721" /><E78/><V40/><F40/><T59/><REACH who="0" step="1"/><D110/><REACH who="0" ten="302,516,222,0" step="2"/><U92/><E71/><V52/><F113/><T56/><D56/><U109/><E109/><V112/><F112/><T114/><D114/><U76/><E70/><V67/><F133/><T33/><D33/><U39/><E58/><V34/><F34/><T122/><N who="0" m="31264" /><T51/><D51/><U46/><E39/><V57/><F132/><T127/><D127/><U121/><E121/><V60/><REACH who="2" step="1"/><F67/><AGARI ba="0,1" hai="47,48,53,59,61,67,80,82,88,89,91,94,99,100" m="31264" machi="67" ten="40,24000,3" yaku="1,1,8,1,52,4,54,1,53,1" doraHai="87" doraHaiUra="63" who="0" fromWho="2" sc="302,250,516,0,222,-240,0,0" owari="552,50.0,516,12.0,-18,-62.0,0,0.0" /></mjloggm>