<mjloggm ver="2.3"><GO type="185" lobby="0"/><UN n0="%E3%81%91%E3%81%9D%E3%81%BF%E3%81%9D" n1="%6D%6D%6A%61%6E%67%6B%69" n2="%E9%B3%B4%E3%81%8D%E3%83%80%E3%83%AB%E3%83%9E" n3="" dan="17,16,18,0" rate="2205.04,2149.88,2270.49,1500.00" sx="M,M,M,C"/><TAIKYOKU oya="0"/><INIT seed="0,0,0,2,3,67" ten="350,350,350,0" oya="0" hai0="88,74,103,87,84,89,34,35,112,63,0,75,95" hai1="118,123,52,125,41,121,45,50,48,127,56,58,133" hai2="115,85,120,101,104,66,113,73,40,91,42,100,114" hai3=""/><T117/><D0/><U96/><N who="1" m="31008" /><U86/><N who="1" m="31520" /><U90/><E118/><V2/><N who="2" m="30752" /><V71/><F2/><T116/><D95/><U124/><E133/><V76/><F73/><T122/><N who="0" m="31264" /><T107/><D103/><U94/><E58/><V81/><F76/><T70/><D63/><U49/><E86/><V46/><F104/><T108/><D107/><U102/><E102/><V128/><F42/><T65/><D65/><U61/><AGARI ba="0,0" hai="41,45,48,49,50,52,56,61,90,94,96,124,125,127" m="31520,31008" machi="61" ten="30,6000,1" yaku="0,1,18,1,52,2,54,1" doraHai="67" who="1" fromWho="1" sc="350,-40,350,60,350,-20,0,0" /><INIT seed="1,0,0,4,2,80" ten="310,410,330,0" oya="1" hai0="66,119,108,99,34,125,59,48,58,53,133,90,51" hai1="134,129,3,83,88,62,101,55,72,93,135,63,67" hai2="97,114,95,96,56,68,105,123,106,110,38,44,128" hai3=""/><U71/><E3/><V60/><N who="2" m="31520" /><V77/><F68/><T91/><D34/><U32/><E32/><V54/><F110/><T117/><D108/><U122/><N who="1" m="31264" /><U47/><E129/><V49/><F128/><T82/><D125/><U84/><E62/><V127/><F127/><T116/><D133/><N who="1" m="50699" /><E47/><V124/><F124/><T46/><D99/><U109/><E55/><V43/><F97/><T107/><D107/><U103/><E109/><V78/><F114/><T102/><D102/><N who="1" m="38923" /><E72/><V1/><F1/><T131/><D131/><U37/><E37/><V52/><F105/><T75/><D66/><U118/><E118/><V112/><F106/><T64/><D64/><U120/><N who="1" m="30752" /><U130/><E130/><V57/><REACH who="2" step="1"/><F112/><REACH who="2" ten="310,410,320,0" step="2"/><T81/><D119/><U40/><E40/><V104/><F104/><T79/><D117/><U115/><E115/><V113/><F113/><T41/><D116/><U33/><E33/><V76/><F76/><T100/><D79/><U73/><E73/><V92/><F92/><AGARI ba="0,1" hai="63,67,71,83,84,88,92,93" m="30752,38923,50699,31264" machi="92" ten="30,12000,1" yaku="20,1,52,3,54,1" doraHai="80" who="1" fromWho="2" sc="310,0,410,130,320,-120,0,0" /><INIT seed="1,1,0,0,2,88" ten="310,540,200,0" oya="1" hai0="126,91,32,108,122,87,84,133,38,51,123,80,62" hai1="100,78,97,50,52,39,94,110,49,53,111,127,64" hai2="45,47,102,95,69,130,33,58,113,115,60,120,81" hai3=""/><U93/><E39/><V92/><N who="2" m="30752" /><V105/><F33/><T83/><N who="0" m="31264" /><T86/><N who="0" m="31520" /><T2/><D2/><U124/><E64/><V65/><F130/><T42/><D32/><U82/><E93/><N who="2" m="35915" /><F105/><T56/><D108/><N who="1" m="41515" /><E49/><V79/><F102/><T129/><D126/><N who="1" m="48171" /><E50/><V99/><F99/><T132/><D129/><U36/><E36/><V54/><F69/><T43/><D38/><U118/><E118/><V34/><F34/><T0/><D0/><U104/><E104/><V77/><F65/><T121/><N who="0" m="31008" /><T55/><D86/><AGARI ba="1,0" hai="52,53,78,82,86,94,97,100" m="48171,41515" machi="86" ten="30,12000,1" yaku="14,1,10,1,18,1,52,1,54,1" doraHai="88" who="1" fromWho="0" sc="310,-122,540,122,200,0,0,0" /><INIT seed="1,2,0,1,5,43" ten="188,662,200,0" oya="1" hai0="69,79,35,82,41,133,32,55,113,45,73,70,130" hai1="103,56,40,95,114,98,104,110,92,100,112,64,99" hai2="111,3,39,76,107,89,57,37,2,54,61,87,81" hai3=""/><U62/><E110/><V125/><F111/><T109/><D113/><U115/><E40/><V131/><F125/><T118/><D109/><U88/><REACH who="1" step="1"/><E112/><REACH who="1" ten="188,652,200,0" step="2"/><V91/><F2/><T53/><D35/><U123/><N who="1" m="31520" /><U132/><E132/><V0/><F3/><T47/><D32/><U106/><E106/><V77/><F107/><T74/><D133/><U97/><AGARI ba="2,1" hai="56,62,64,88,92,95,97,98,99,100,103,104,114,115" m="31520" machi="97" ten="20,8000,1" yaku="1,1,0,1,7,1,52,1,54,1,53,0" doraHai="43" doraHaiUra="34" who="1" fromWho="1" sc="188,-42,652,94,200,-42,0,0" /><INIT seed="1,3,0,3,3,116" ten="146,746,158,0" oya="1" hai0="109,88,120,97,91,119,0,107,44,123,52,122,54" hai1="70,38,83,121,102,105,35,110,130,71,99,40,133" hai2="93,115,49,85,68,75,76,92,90,36,113,45,124" hai3=""/><U135/><N who="1" m="31008" /><U42/><E35/><V118/><F118/><T80/><N who="0" m="30752" /><T61/><N who="0" m="31264" /><T103/><N who="0" m="31520" /><T1/><D119/><U53/><E53/><V33/><F33/><T129/><D109/><U111/><E83/><V65/><F36/><T74/><D129/><U51/><E51/><V73/><F124/><T62/><D74/><U134/><E130/><V43/><F76/><T69/><D80/><U63/><E63/><V89/><F65/><T128/><D128/><U132/><E134/><V55/><F68/><N who="1" m="26153" /><E38/><V84/><F55/><T108/><D108/><AGARI ba="3,0" hai="40,42,99,102,105,108,110,111,132,133,135" m="26153,31008" machi="108" ten="40,12000,1" yaku="14,1,10,1,20,1,52,2" doraHai="116" who="1" fromWho="0" sc="146,-126,746,126,158,0,0,0" /><INIT seed="1,4,0,2,2,54" ten="20,872,158,0" oya="1" hai0="133,88,134,132,53,62,122,130,131,2,78,64,82" hai1="70,40,83,109,37,91,0,99,73,47,45,43,61" hai2="116,110,42,93,75,119,50,34,3,41,112,72,94" hai3=""/><U66/><E0/><V52/><F3/><T127/><N who="0" m="31264" /><T86/><D2/><U77/><E109/><V76/><F34/><T67/><D53/><U107/><E91/><V46/><F110/><T97/><D97/><U71/><E99/><V80/><F112/><T81/><D127/><U95/><E95/><V125/><F125/><T32/><D32/><U79/><E79/><V51/><F75/><T69/><REACH who="0" step="1"/><D67/><REACH who="0" ten="10,872,158,0" step="2"/><U121/><N who="1" m="31008" /><U44/><E107/><V128/><F128/><T117/><D117/><U102/><E102/><V126/><F126/><T96/><D96/><U118/><E118/><V92/><F116/><T104/><D104/><U58/><E44/><V106/><F106/><T39/><D39/><AGARI ba="4,1" hai="37,39,40,43,45,47,58,61,66,70,71,73,77,83" m="31008" machi="39" ten="30,11600,0" yaku="7,1,9,1,52,2" doraHai="54" who="1" fromWho="0" sc="10,-124,872,134,158,0,0,0" owari="-114,-71.0,1006,95.0,158,-24.0,0,0.0" /></mjloggm>