<mjloggm ver="2.3"><GO type="185" lobby="0"/><UN n0="%28%C2%B4%C2%B0%CF%89%C2%B0%EF%BD%80%29" n1="%E3%82%84%E3%81%B6%E3%81%84%E3%81%97%E3%82%83" n2="%4F%4D%49%53%4F%2D%53" n3="" dan="17,17,17,0" rate="2269.45,2215.06,2250.07,1500.00" sx="M,M,M,C"/><TAIKYOKU oya="0"/><INIT seed="0,0,0,5,4,104" ten="350,350,350,0" oya="0" hai0="80,130,46,116,75,59,78,83,112,70,67,103,134" hai1="42,86,106,124,58,51,47,49,128,32,0,96,45" hai2="90,39,56,34,40,79,135,36,3,82,126,129,64" hai3=""/><T33/><D112/><U94/><E32/><V131/><F34/><T68/><D33/><U92/><E0/><V117/><F3/><T72/><D116/><U57/><E124/><V101/><F90/><T125/><D125/><U55/><E128/><V118/><F126/><T38/><D130/><N who="2" m="49674" /><F101/><T107/><D134/><U87/><E106/><V115/><F115/><T77/><D59/><N who="1" m="22539" /><E94/><V35/><F35/><T61/><D70/><U50/><E50/><V84/><F135/><T108/><D108/><U119/><E119/><N who="2" m="45579" /><F40/><T100/><D107/><U97/><E96/><V81/><F82/><T62/><D62/><AGARI ba="0,0" hai="36,39,56,62,64,79,81,84" m="45579,49674" machi="62" ten="30,2000,0" yaku="19,1,12,1" doraHai="104" who="2" fromWho="0" sc="350,-20,350,0,350,20,0,0" /><INIT seed="1,0,0,2,4,116" ten="330,350,370,0" oya="1" hai0="99,86,84,109,57,50,1,89,60,76,83,53,59" hai1="112,117,48,36,70,55,38,72,98,40,123,134,2" hai2="45,80,87,96,126,32,3,106,125,94,73,74,52" hai3=""/><U129/><RYUUKYOKU type="yao9" ba="0,0" sc="330,0,350,0,370,0,0,0" hai1="2,36,38,40,48,55,70,72,98,112,117,123,129,134" /><INIT seed="1,1,0,0,5,33" ten="330,350,370,0" oya="1" hai0="110,122,75,3,64,103,98,45,123,42,52,129,102" hai1="84,100,74,53,104,34,94,119,63,1,93,48,101" hai2="38,76,105,62,36,88,120,80,60,2,67,112,47" hai3=""/><U113/><E34/><V95/><N who="2" m="30752" /><V131/><F105/><T56/><N who="0" m="31264" /><T107/><N who="0" m="31520" /><T71/><D110/><U126/><E74/><V99/><F131/><T87/><D75/><U128/><E113/><V65/><F112/><T118/><D103/><U77/><E119/><V132/><F132/><T92/><D129/><U44/><E126/><V116/><F116/><T106/><D3/><U89/><E1/><V127/><F127/><T91/><D71/><U108/><E77/><V97/><F99/><T79/><D64/><U130/><E108/><V78/><F78/><T83/><D118/><U73/><E73/><V86/><F2/><T58/><D58/><U49/><E104/><V117/><F117/><T109/><D109/><U61/><E128/><V111/><F111/><T39/><D79/><U46/><E130/><V124/><F124/><T37/><D37/><U55/><E101/><V114/><F114/><T85/><D85/><U115/><E115/><V69/><F47/><T90/><D102/><U66/><E66/><V54/><F65/><T0/><D0/><U68/><E68/><V125/><F125/><T134/><REACH who="0" step="1"/><D134/><REACH who="0" ten="320,350,370,0" step="2"/><U59/><E59/><V81/><F69/><T50/><AGARI ba="1,1" hai="39,42,45,50,52,56,83,87,90,91,92,98,106,107" m="31520,31264" machi="50" ten="20,9000,2" yaku="1,1,2,1,0,1,7,1,52,2,54,1,53,0" doraHai="33" doraHaiUra="57" who="0" fromWho="0" sc="320,102,350,-61,370,-31,0,0" /><INIT seed="2,0,0,1,2,127" ten="422,289,339,0" oya="2" hai0="35,86,109,72,67,51,93,3,1,91,61,84,123" hai1="73,65,36,55,116,107,49,71,108,77,70,101,110" hai2="66,79,89,92,95,117,2,39,87,58,114,98,115" hai3=""/><V82/><F2/><T134/><N who="0" m="31520" /><T47/><D72/><U62/><E36/><V130/><F39/><T37/><D35/><U78/><E70/><V52/><F117/><T106/><D106/><U120/><N who="1" m="30752" /><U68/><E68/><V121/><N who="2" m="31008" /><V119/><F119/><T33/><D33/><U80/><E78/><V83/><F66/><T105/><D105/><U113/><E116/><V44/><F44/><T135/><D84/><U59/><REACH who="1" step="1"/><E113/><REACH who="1" ten="422,279,339,0" step="2"/><V50/><F130/><T54/><D37/><U34/><E34/><V88/><REACH who="2" step="1"/><F82/><REACH who="2" ten="422,279,329,0" step="2"/><T124/><D3/><U0/><E0/><V97/><AGARI ba="0,2" hai="50,52,58,79,83,87,88,89,92,95,97,98,114,115" m="31008" machi="97" ten="20,16000,3" yaku="1,1,2,1,0,1,7,1,9,1,52,1,54,2,53,0" doraHai="127" doraHaiUra="69" who="2" fromWho="2" sc="422,-80,279,-80,329,180,0,0" /><INIT seed="2,1,0,4,0,34" ten="342,199,509,0" oya="2" hai0="100,37,68,117,51,2,55,80,125,99,70,52,69" hai1="32,95,134,112,101,40,123,54,0,66,129,48,59" hai2="75,73,91,53,97,57,108,44,38,72,65,42,45" hai3=""/><V61/><F108/><T77/><D117/><U110/><N who="1" m="31520" /><U119/><E32/><V64/><F91/><T131/><D37/><U67/><E0/><V135/><F135/><T102/><D131/><U84/><E112/><V3/><F3/><T118/><D118/><U124/><E124/><V116/><F116/><T122/><N who="0" m="31264" /><T78/><D125/><U109/><E119/><V113/><F113/><T132/><D132/><U76/><E129/><V46/><F65/><T114/><D114/><U62/><E134/><V103/><REACH who="2" step="1"/><F64/><REACH who="2" ten="342,199,499,0" step="2"/><T43/><D2/><U47/><E109/><V130/><F130/><T39/><D102/><U58/><E110/><V90/><F90/><T128/><D128/><U87/><E67/><V85/><F85/><T36/><D100/><U1/><E1/><V133/><F133/><T35/><D35/><U96/><REACH who="1" step="1"/><E76/><REACH who="1" ten="342,189,499,0" step="2"/><V93/><AGARI ba="1,2" hai="38,42,44,45,46,53,57,61,72,73,75,93,97,103" machi="93" ten="30,4000,0" yaku="1,1,0,1,53,1" doraHai="34" doraHaiUra="71" who="2" fromWho="2" sc="342,-21,189,-21,499,62,0,0" /><INIT seed="2,2,0,2,1,43" ten="321,168,561,0" oya="2" hai0="81,133,73,118,112,34,49,44,131,41,48,68,88" hai1="85,52,40,1,50,86,97,83,58,125,59,33,53" hai2="108,77,71,96,80,37,128,126,124,70,35,61,99" hai3=""/><V106/><F35/><T117/><D34/><U3/><E33/><V132/><F132/><T0/><D0/><U69/><E69/><V65/><F128/><T82/><D131/><U87/><E125/><N who="2" m="48235" /><F108/><T110/><D68/><U39/><E39/><V32/><F32/><T102/><D102/><U113/><E40/><V95/><F106/><T90/><D41/><U2/><E97/><V38/><F71/><T134/><D73/><U79/><REACH who="1" step="1"/><E113/><REACH who="1" ten="321,158,561,0" step="2"/><V114/><F114/><T36/><D112/><U135/><E135/><V74/><F99/><T122/><N who="0" m="31264" /><T98/><D98/><U51/><AGARI ba="2,1" hai="1,2,3,50,51,52,53,58,59,79,83,85,86,87" machi="51" ten="30,5900,0" yaku="1,1,0,1,9,1,54,1,53,0" doraHai="43" doraHaiUra="42" who="1" fromWho="1" sc="321,-22,158,73,561,-41,0,0" /><INIT seed="4,0,0,0,3,36" ten="299,231,520,0" oya="0" hai0="35,80,120,70,90,53,121,96,100,72,104,88,46" hai1="134,33,48,114,71,52,99,77,84,34,85,91,92" hai2="87,102,79,118,41,1,32,38,113,123,42,105,82" hai3=""/><T131/><N who="0" m="30752" /><T73/><N who="0" m="31008" /><T103/><D35/><U78/><E71/><V129/><N who="2" m="31520" /><V112/><F1/><T39/><D131/><U101/><E134/><V133/><F32/><T0/><D0/><U127/><E127/><V58/><F118/><T62/><D103/><U59/><E114/><N who="2" m="44139" /><F133/><T125/><D125/><U67/><E33/><V119/><F119/><T98/><D98/><U56/><E34/><V135/><F135/><T81/><D81/><U3/><E3/><V75/><F129/><T89/><D80/><U122/><N who="1" m="31264" /><U47/><E85/><V132/><F132/><T124/><D124/><U106/><REACH who="1" step="1"/><E67/><REACH who="1" ten="299,221,520,0" step="2"/><V63/><F87/><T110/><D110/><U64/><E64/><V2/><F2/><T115/><D115/><U117/><E117/><V95/><F38/><T130/><D130/><U49/><E49/><V44/><F44/><T97/><D97/><U107/><E107/><V54/><F105/><T51/><REACH who="0" step="1"/><D39/><REACH who="0" ten="289,221,520,0" step="2"/><U74/><E74/><V69/><F102/><T76/><D76/><AGARI ba="0,2" hai="47,48,52,56,59,76,77,78,84,91,92,99,101,106" m="31264" machi="76" ten="40,5200,0" yaku="1,1,52,1,54,1,53,0" doraHai="36" doraHaiUra="37" who="1" fromWho="0" sc="289,-52,221,72,520,0,0,0" /><INIT seed="5,0,0,5,1,103" ten="237,293,520,0" oya="1" hai0="98,78,111,83,62,82,68,97,87,84,74,80,132" hai1="33,92,135,37,69,55,48,102,127,112,52,105,51" hai2="81,110,67,134,85,104,122,121,77,3,63,45,124" hai3=""/><U53/><E33/><V126/><N who="2" m="31008" /><V44/><N who="2" m="31264" /><V49/><F110/><T40/><D111/><U116/><E116/><V89/><F3/><T46/><D132/><U93/><E135/><V35/><F134/><T66/><D82/><U58/><E37/><V128/><F104/><T39/><REACH who="0" step="1"/><D74/><REACH who="0" ten="227,293,520,0" step="2"/><U42/><E127/><V61/><F35/><T57/><D57/><U130/><E58/><V119/><F119/><T2/><D2/><U90/><E69/><V120/><F120/><T60/><D60/><U72/><E72/><V79/><F61/><T43/><D43/><U95/><E42/><V76/><F44/><T38/><D38/><U101/><E130/><V118/><F118/><T34/><D34/><U54/><E112/><V50/><F128/><T65/><D65/><U75/><E75/><V125/><F45/><T115/><D115/><U131/><E131/><V70/><AGARI ba="0,1" hai="49,50,63,67,70,76,77,79,81,85,89,124,125,126" m="31264,31008" machi="70" ten="40,6000,1" yaku="0,1,18,1,52,2" doraHai="103" who="2" fromWho="2" sc="227,-20,293,-40,520,70,0,0" /><INIT seed="6,0,0,5,1,99" ten="207,253,590,0" oya="2" hai0="122,74,52,42,55,1,117,78,100,110,37,66,58" hai1="54,91,39,67,80,88,63,98,76,132,103,0,59" hai2="126,120,56,112,70,50,107,75,125,115,57,89,129" hai3=""/><V134/><N who="2" m="30752" /><V109/><F107/><T124/><N who="0" m="31264" /><T35/><D110/><U61/><E39/><V43/><F75/><T72/><D117/><U113/><E0/><V68/><F89/><T71/><D1/><U65/><E132/><V114/><F134/><T97/><D35/><U130/><E113/><V123/><N who="2" m="31520" /><V131/><F50/><T92/><D124/><N who="2" m="47722" /><F43/><T116/><D116/><U32/><E130/><N who="2" m="49675" /><F109/><T34/><D34/><U101/><E91/><V94/><F94/><T118/><D118/><U104/><E88/><V53/><F53/><T85/><D74/><U108/><E54/><V49/><F49/><T133/><D133/><U79/><E104/><V84/><F84/><T90/><D72/><U3/><E3/><V77/><F77/><T135/><D135/><U119/><E79/><V87/><F87/><T102/><D55/><U128/><E76/><V45/><F45/><T62/><D42/><U106/><E119/><V83/><F83/><T47/><D47/><U96/><E108/><V111/><F111/><T127/><D127/><U69/><E128/><V44/><F44/><T33/><D33/><U2/><E32/><V121/><N who="2" m="31008" /><V48/><F48/><T40/><D40/><U105/><E2/><RYUUKYOKU ba="0,0" sc="207,-20,253,10,590,10,0,0" hai1="59,61,63,65,67,69,80,96,98,101,103,105,106" hai2="56,57,68,70,112,114,115" owari="187,-41.0,263,-14.0,600,55.0,0,0.0" /></mjloggm>