<mjloggm ver="2.3"><GO type="169" lobby="0"/><UN n0="%E3%82%82%E3%82%8A%E3%82%82%E3%82%8A%E3%81%8A%E3%81%AB%E3%81%8E%E3%82%8A" n1="%4E%6F%2E%30%30%30%31" n2="%E4%B8%AD%E5%A0%85%EF%BC%A0%E3%83%8F%E3%83%BC%E3%83%99%E3%82%B9%E3%83%88" n3="%64%72%61%65%74%63" dan="16,18,16,16" rate="2172.73,2289.15,2157.99,2077.25" sx="M,F,F,M"/><TAIKYOKU oya="0"/><INIT seed="0,0,0,3,0,74" ten="250,250,250,250" oya="0" hai0="77,102,109,108,61,0,66,45,46,111,29,104,127" hai1="119,124,52,133,27,86,50,37,2,131,92,33,5" hai2="25,121,64,19,135,95,65,105,32,103,75,41,99" hai3="53,48,23,93,76,18,117,82,115,38,106,54,114"/><T12/><D0/><U17/><E119/><V21/><F121/><W89/><G106/><T28/><D127/><U56/><E37/><V42/><F135/><W96/><G38/><T81/><D102/><U40/><E133/><V9/><F75/><W8/><G8/><T94/><D94/><U3/><E124/><V30/><F9/><W26/><G117/><T90/><D90/><U98/><E40/><V43/><REACH who="2" step="1"/><F105/><REACH who="2" ten="250,250,240,250" step="2"/><W128/><G128/><T63/><D104/><U59/><E131/><V20/><F20/><W80/><G80/><T51/><D12/><AGARI ba="0,1" hai="12,19,21,25,30,32,41,42,43,64,65,95,99,103" machi="12" ten="40,1300,0" yaku="1,1,53,0" doraHai="74" doraHaiUra="1" who="2" fromWho="0" sc="250,-13,250,0,240,23,250,0" /><INIT seed="1,0,0,0,0,71" ten="237,250,263,250" oya="1" hai0="35,96,66,16,85,21,73,68,65,58,27,129,83" hai1="112,24,115,60,43,63,32,40,88,81,13,134,89" hai2="19,127,37,135,132,114,54,8,25,93,18,46,28" hai3="82,94,131,109,108,10,78,26,67,22,44,57,15"/><U41/><E134/><N who="2" m="51243" /><F127/><W117/><G131/><T4/><D129/><U38/><E13/><V45/><F114/><W9/><G117/><T48/><D73/><U106/><E106/><V123/><F123/><W11/><G94/><T74/><D74/><U7/><E7/><V72/><F72/><W84/><G44/><T126/><D126/><U0/><E0/><V55/><F93/><W118/><G118/><T3/><D68/><U30/><E38/><V86/><F86/><W31/><G67/><T50/><D35/><U70/><E70/><V95/><F95/><W124/><G57/><T130/><D130/><U97/><E97/><V17/><F8/><W77/><G77/><T80/><D96/><U29/><E81/><V125/><F125/><W59/><G59/><T116/><D116/><U52/><E40/><N who="2" m="22671" /><F46/><W100/><G100/><T119/><D119/><U62/><E32/><AGARI ba="0,0" hai="17,18,19,25,28,32,54,55" m="22671,51243" machi="32" ten="30,2000,0" yaku="20,1,52,1" doraHai="71" who="2" fromWho="1" sc="237,0,250,-20,263,20,250,0" /><INIT seed="2,0,0,2,1,127" ten="237,230,283,250" oya="2" hai0="34,104,71,78,73,120,63,100,62,26,99,85,50" hai1="133,76,123,81,53,37,131,6,129,30,35,48,39" hai2="83,24,44,18,134,54,97,93,128,9,75,49,92" hai3="13,38,28,66,33,80,101,64,1,40,22,42,19"/><V88/><F134/><W2/><G101/><T89/><D120/><U69/><E69/><V91/><F128/><N who="1" m="49225" /><E133/><V11/><F75/><W17/><G80/><T116/><D116/><U46/><E123/><V106/><F106/><W12/><G28/><T109/><D109/><U67/><E67/><V0/><F0/><W107/><G22/><T45/><D71/><U10/><E30/><V126/><F126/><W95/><G95/><N who="0" m="54703" /><D34/><U96/><E96/><V130/><F130/><W121/><G33/><T70/><D26/><U87/><E35/><V5/><F83/><W105/><G121/><T36/><D36/><AGARI ba="0,0" hai="1,2,12,13,17,19,36,38,40,42,64,66,105,107" machi="36" ten="25,1600,0" yaku="22,2" doraHai="127" who="3" fromWho="0" sc="237,-16,230,0,283,0,250,16" /><INIT seed="3,0,0,0,4,54" ten="221,230,283,266" oya="3" hai0="88,105,71,39,74,28,97,91,19,82,30,60,27" hai1="16,110,21,80,115,24,89,47,32,123,116,87,5" hai2="11,101,20,31,132,48,100,41,124,63,49,2,129" hai3="133,56,135,40,14,53,23,67,95,112,4,94,33"/><W57/><G33/><T102/><D39/><U13/><E115/><V35/><F35/><W70/><G112/><T85/><D19/><U96/><E123/><V117/><F117/><W114/><G114/><T69/><D30/><U45/><E110/><V75/><F75/><W37/><G70/><T118/><D118/><U86/><E116/><V50/><F124/><W3/><G3/><T43/><D43/><U98/><E87/><V131/><F41/><W42/><G53/><T125/><D125/><U62/><E62/><V12/><F2/><W36/><G23/><T8/><D8/><N who="1" m="4239" /><E32/><V52/><F132/><W7/><REACH who="3" step="1"/><G14/><REACH who="3" ten="221,230,283,256" step="2"/><T15/><D15/><U77/><E77/><V76/><F20/><W18/><G18/><T130/><D71/><U55/><E55/><V134/><F76/><W122/><G122/><T104/><D69/><U34/><E34/><V93/><F31/><W108/><G108/><T90/><D28/><U66/><E66/><AGARI ba="0,1" hai="4,7,36,37,40,42,56,57,66,67,94,95,133,135" machi="66" ten="25,12000,1" yaku="1,1,22,2,52,2,53,0" doraHai="54" doraHaiUra="26" who="3" fromWho="1" sc="221,0,230,-120,283,0,256,130" /><INIT seed="3,1,0,0,2,5" ten="221,110,283,386" oya="3" hai0="78,98,23,63,66,34,16,36,60,82,96,41,127" hai1="112,3,35,79,55,121,134,62,40,26,132,129,135" hai2="128,77,27,17,118,29,120,74,8,37,58,1,90" hai3="92,13,48,59,33,89,50,65,73,14,24,67,0"/><W81/><G0/><T18/><D34/><U38/><E79/><V93/><F118/><W64/><G81/><T43/><D127/><U72/><E72/><V119/><F119/><W130/><G73/><T86/><D18/><U44/><E3/><V22/><F37/><W110/><G130/><T101/><D36/><U104/><E104/><V123/><F128/><W76/><G76/><T116/><D116/><U103/><E103/><V52/><F77/><W53/><G110/><T7/><D7/><U25/><E129/><V15/><F74/><W56/><G24/><T69/><D60/><U117/><E117/><V99/><REACH who="2" step="1"/><F1/><REACH who="2" ten="221,110,273,386" step="2"/><W42/><G33/><T133/><D133/><U46/><E112/><V114/><F114/><W113/><G113/><T83/><D83/><U91/><E132/><V95/><F95/><W32/><G32/><T94/><REACH who="0" step="1"/><D96/><REACH who="0" ten="211,110,273,386" step="2"/><U111/><E35/><V51/><AGARI ba="1,2" hai="8,15,17,22,27,29,51,52,58,90,93,99,120,123" machi="51" ten="30,7900,0" yaku="1,1,0,1,52,1,54,1,53,0" doraHai="5" doraHaiUra="107" who="2" fromWho="2" sc="211,-21,110,-21,273,102,386,-40" /><INIT seed="4,0,0,4,5,53" ten="190,89,375,346" oya="0" hai0="84,23,94,74,98,19,42,78,80,85,39,76,72" hai1="27,120,75,106,104,22,68,21,51,123,135,64,40" hai2="107,91,50,67,37,7,95,6,32,1,116,82,97" hai3="31,100,24,13,99,16,93,134,33,132,59,34,77"/><T2/><D2/><U108/><E108/><V57/><F37/><W66/><G77/><T0/><D0/><U69/><E40/><V129/><F129/><W109/><G109/><T128/><D128/><U105/><E51/><V41/><F32/><W71/><G71/><T88/><D39/><U87/><E87/><N who="2" m="50679" /><F1/><W47/><G47/><T110/><D42/><U3/><E3/><V89/><F107/><W30/><G30/><T63/><D110/><U62/><E75/><V61/><F116/><W15/><G15/><T45/><D45/><AGARI ba="0,0" hai="6,7,41,45,50,57,61,67,89,95,97" m="50679" machi="45" ten="30,2000,0" yaku="8,1,52,1" doraHai="53" who="2" fromWho="0" sc="190,-20,89,0,375,20,346,0" /><INIT seed="5,0,0,1,4,15" ten="170,89,395,346" oya="1" hai0="18,95,101,65,107,76,63,117,43,74,79,103,124" hai1="68,84,28,58,61,13,85,75,47,1,83,45,3" hai2="51,5,110,69,27,24,42,92,89,122,33,99,106" hai3="73,133,20,9,77,111,50,25,19,114,119,17,49"/><U6/><E68/><V125/><F110/><W132/><G111/><T62/><D117/><U135/><E75/><V100/><F122/><W44/><G119/><T123/><D107/><U46/><E135/><V128/><F128/><W105/><G105/><T115/><D115/><U55/><E28/><V30/><F125/><W4/><G114/><T12/><D124/><U32/><E32/><V116/><F5/><W87/><G73/><T109/><D109/><U97/><E97/><V104/><F116/><W40/><G50/><T57/><D123/><U131/><E131/><V108/><F108/><W70/><G70/><T54/><D43/><U93/><E93/><V48/><F48/><W8/><G19/><T34/><D34/><U118/><E118/><V39/><F39/><W102/><G102/><N who="0" m="38923" /><D95/><U37/><E37/><V130/><F69/><W10/><G4/><T80/><D80/><U11/><REACH who="1" step="1"/><E84/><REACH who="1" ten="170,79,395,346" step="2"/><V26/><F130/><W56/><G132/><T121/><D74/><U31/><E31/><V14/><F106/><W81/><G133/><T86/><D86/><U64/><E64/><V29/><F33/><W98/><G98/><T53/><D121/><U16/><E16/><V60/><F30/><W134/><G134/><T23/><D65/><U82/><E82/><V41/><F29/><W129/><G129/><T7/><D7/><U127/><E127/><V2/><F104/><W78/><G78/><AGARI ba="0,1" hai="1,3,6,11,13,45,46,47,55,58,61,78,83,85" machi="78" ten="40,2000,0" yaku="1,1,53,0" doraHai="15" doraHaiUra="112" who="1" fromWho="3" sc="170,0,79,30,395,0,346,-20" /><INIT seed="5,1,0,2,5,7" ten="170,109,395,326" oya="1" hai0="19,36,34,107,99,96,6,56,82,128,100,69,52" hai1="93,95,127,57,29,89,130,44,45,59,126,92,2" hai2="46,135,101,67,51,121,111,72,71,117,41,78,88" hai3="97,125,94,15,105,83,1,12,73,76,75,115,0"/><U33/><E2/><V134/><F111/><W124/><G105/><T10/><D69/><U118/><E89/><V104/><F117/><W39/><G39/><T63/><D128/><U18/><E118/><V64/><F121/><W48/><G48/><T77/><D34/><U122/><E122/><V106/><F106/><W30/><G30/><T131/><D131/><U32/><E130/><V91/><F71/><W61/><G61/><T112/><D112/><U50/><E18/><V55/><F78/><W85/><G115/><T66/><D36/><U9/><E9/><V79/><F79/><W84/><G76/><T28/><D28/><U11/><E11/><V120/><F72/><W103/><G94/><T87/><D96/><U108/><E108/><V38/><F120/><W3/><G97/><T113/><D113/><U81/><E81/><V43/><F104/><W102/><G0/><T40/><D40/><N who="2" m="15434" /><F101/><W62/><G62/><T114/><D114/><U21/><E21/><V23/><F23/><W132/><G132/><N who="2" m="50729" /><F38/><W27/><G27/><T5/><REACH who="0" step="1"/><D66/><AGARI ba="1,0" hai="46,51,55,64,66,67,88,91" m="50729,15434" machi="66" ten="30,2000,0" yaku="20,1,54,1" doraHai="7" who="2" fromWho="0" sc="170,-23,109,0,395,23,326,0" /><INIT seed="6,0,0,3,0,46" ten="147,109,418,326" oya="2" hai0="0,98,19,10,112,83,45,69,116,21,114,15,96" hai1="11,66,105,44,113,115,32,75,127,42,28,90,65" hai2="121,91,24,73,135,4,7,54,14,56,74,63,120" hai3="40,50,51,26,48,82,86,93,92,101,55,126,87"/><V100/><F135/><W64/><G126/><T128/><D128/><U34/><E75/><V118/><F118/><W99/><G40/><T53/><D116/><U94/><E105/><V59/><F100/><W8/><G64/><N who="1" m="24682" /><E11/><V134/><F134/><W12/><G26/><T88/><D69/><U123/><E127/><V30/><F74/><W84/><G93/><T71/><D71/><U6/><E6/><V79/><F91/><N who="3" m="51607" /><G55/><T2/><D2/><U132/><E132/><V117/><F117/><W49/><N who="3" m="12288" /><DORA hai="119" /><W70/><G70/><T80/><D0/><U106/><E106/><V3/><F3/><W9/><G9/><T124/><D124/><U81/><E81/><V47/><F47/><W130/><G130/><T16/><D45/><U22/><E44/><V43/><F43/><W109/><G109/><T107/><D53/><U20/><E42/><V95/><F95/><W41/><G41/><T108/><D108/><U102/><E102/><V122/><F59/><W37/><G37/><T89/><D107/><U25/><E32/><V76/><F73/><W38/><G38/><T52/><D52/><U13/><E34/><V33/><REACH who="2" step="1"/><F14/><REACH who="2" ten="147,109,408,326" step="2"/><W23/><G23/><T27/><D89/><U29/><E13/><V17/><F17/><AGARI ba="0,1" hai="8,12,17,86,87,92,99,101" m="12288,51607" machi="17" ten="40,8000,1" yaku="8,1,52,4" doraHai="46,119" who="3" fromWho="2" sc="147,0,109,0,408,-80,326,90" /><INIT seed="7,0,0,1,3,104" ten="147,109,328,416" oya="3" hai0="22,28,85,122,95,31,11,38,131,21,35,67,66" hai1="86,27,14,125,79,7,20,121,74,83,9,115,4" hai2="107,65,6,120,87,63,124,51,12,128,127,93,15" hai3="18,61,24,102,90,101,77,48,126,78,26,99,73"/><W42/><G73/><T133/><D122/><U10/><E115/><V123/><F107/><W94/><G126/><N who="2" m="48169" /><F51/><W70/><G70/><T45/><D35/><U41/><E125/><V112/><F87/><W16/><G61/><T53/><D11/><U111/><E121/><N who="2" m="46667" /><F93/><W29/><G29/><T113/><D28/><U54/><E111/><V97/><F97/><W2/><G2/><T17/><D31/><U64/><E64/><V62/><F65/><W72/><G72/><T23/><D95/><U55/><E41/><V96/><F96/><W117/><G117/><T76/><D85/><U68/><E68/><V5/><F112/><W100/><G26/><T116/><D67/><U84/><E84/><V32/><F32/><W60/><G24/><T98/><D66/><U46/><E46/><V91/><F91/><W92/><G92/><T37/><D45/><U132/><E86/><V13/><F128/><W75/><G75/><T49/><D131/><U89/><E89/><V52/><F52/><W82/><G60/><AGARI ba="0,0" hai="5,6,12,13,15,60,62,63" m="46667,48169" machi="60" ten="40,8000,1" yaku="28,2,18,1,13,1" doraHai="104" who="2" fromWho="3" sc="147,0,109,0,328,80,416,-80" owari="147,-25.0,109,-39.0,408,50.0,336,14.0" /></mjloggm>