<mjloggm ver="2.3"><GO type="185" lobby="0"/><UN n0="%E3%81%91%E3%81%9D%E3%81%BF%E3%81%9D" n1="%E5%A4%A7%E5%9B%9B%E5%96%9C%E6%B8%85%E8%80%81%E9%A0%AD" n2="%E2%88%AA%E3%83%BB%CF%89%E3%83%BB%E2%88%AA%E3%83%8B%E3%83%A3%E3%83%BC" n3="" dan="16,16,16,0" rate="2180.43,2159.34,2171.78,1500.00" sx="M,M,M,C"/><TAIKYOKU oya="0"/><INIT seed="0,0,0,2,0,130" ten="350,350,350,0" oya="0" hai0="75,0,118,78,76,42,43,74,122,55,50,48,110" hai1="91,63,2,33,61,84,111,62,49,72,46,67,101" hai2="79,126,85,93,52,124,112,94,47,102,103,40,99" hai3=""/><T131/><N who="0" m="31264" /><T81/><D131/><U80/><E33/><V77/><F112/><T132/><D118/><U106/><E2/><V98/><F52/><T32/><D32/><U108/><E72/><V95/><F40/><T86/><D0/><U92/><E106/><V119/><F47/><T135/><D110/><N who="1" m="42027" /><E101/><N who="2" m="38411" /><F119/><T71/><D71/><U73/><E73/><V3/><F3/><T125/><D125/><N who="2" m="48234" /><F85/><T34/><D34/><U57/><E62/><V60/><F60/><T134/><D50/><U113/><E113/><V1/><F1/><T96/><D96/><AGARI ba="0,0" hai="77,79,93,94,95,96,98,99" m="48234,38411" machi="96" ten="40,8000,1" yaku="28,2,18,1,34,2" doraHai="130" who="2" fromWho="0" sc="350,-80,350,0,350,80,0,0" /><INIT seed="1,0,0,2,3,56" ten="270,350,430,0" oya="1" hai0="131,89,52,59,105,115,58,50,3,74,39,42,121" hai1="46,37,69,127,76,133,104,98,112,93,35,57,99" hai2="114,103,128,88,83,90,97,102,68,113,80,62,67" hai3=""/><U61/><E35/><V84/><F128/><T117/><N who="0" m="31008" /><T63/><D115/><N who="2" m="44042" /><F80/><T47/><D3/><U60/><E112/><V123/><N who="2" m="31520" /><V87/><F87/><T109/><D74/><U120/><N who="1" m="30752" /><U94/><E104/><V40/><F40/><T96/><D109/><U116/><E116/><V66/><F66/><T41/><D131/><U78/><E69/><V119/><F119/><T118/><D42/><U101/><E127/><V122/><N who="2" m="31264" /><V1/><F1/><T86/><D96/><U81/><E81/><V106/><F103/><T85/><D105/><U2/><E101/><V134/><F134/><T64/><REACH who="0" step="1"/><D86/><REACH who="0" ten="260,350,430,0" step="2"/><U130/><E130/><V110/><F110/><T75/><D75/><U65/><E2/><V70/><F70/><T38/><D38/><U111/><E37/><V44/><F44/><T77/><D77/><AGARI ba="0,1" hai="62,67,68,77,83,84,88,90,97,102,106" m="31264,31520,44042" machi="77" ten="30,8000,1" yaku="11,1,52,3,54,1" doraHai="56" who="2" fromWho="0" sc="260,-80,350,0,430,90,0,0" /><INIT seed="2,0,0,1,0,79" ten="180,350,520,0" oya="2" hai0="126,1,82,47,134,122,42,38,87,34,103,100,67" hai1="86,81,80,77,97,78,57,73,40,45,41,116,131" hai2="43,120,70,50,135,65,95,85,127,114,53,72,112" hai3=""/><V32/><N who="2" m="30752" /><V56/><F72/><T93/><N who="0" m="31264" /><T106/><D34/><U36/><E131/><V44/><F32/><T92/><D1/><U2/><E2/><V58/><F135/><T64/><D126/><U59/><E116/><V101/><F127/><T102/><D134/><U91/><E41/><V110/><F110/><T132/><D106/><U61/><E97/><V51/><F101/><T83/><D132/><U118/><E118/><V117/><F95/><T54/><D54/><U88/><E57/><V60/><F85/><T130/><D130/><U35/><E35/><V109/><F109/><T69/><D69/><U89/><E89/><V94/><F94/><T115/><D115/><N who="2" m="44074" /><F117/><T76/><REACH who="0" step="1"/><D83/><REACH who="0" ten="170,350,520,0" step="2"/><U128/><E128/><V108/><F108/><T48/><D48/><U105/><E105/><V3/><F3/><T99/><D99/><U49/><E49/><V46/><AGARI ba="0,1" hai="43,44,46,50,51,53,56,58,60,65,70" m="44074,30752" machi="46" ten="30,4000,0" yaku="34,2,52,1" doraHai="79" who="2" fromWho="2" sc="170,-20,350,-20,520,50,0,0" /><INIT seed="2,1,0,1,5,66" ten="150,330,570,0" oya="2" hai0="63,98,93,65,48,78,85,103,105,79,88,73,72" hai1="107,56,87,131,97,67,114,80,49,75,86,133,99" hai2="113,54,45,120,81,104,106,68,94,53,130,118,69" hai3=""/><V83/><N who="2" m="30752" /><V2/><F113/><T108/><D48/><U117/><E114/><V132/><F94/><T109/><D63/><U43/><E75/><N who="0" m="28745" /><D65/><U82/><E43/><V0/><F130/><T76/><AGARI ba="1,0" hai="76,78,79,85,88,93,98,103,105,108,109" m="28745" machi="76" ten="40,3900,0" yaku="34,2,54,1" doraHai="66" who="0" fromWho="0" sc="150,41,330,-14,570,-27,0,0" /><INIT seed="4,0,0,4,1,105" ten="191,316,543,0" oya="0" hai0="73,48,69,124,123,97,61,132,49,118,130,110,59" hai1="94,68,87,67,79,43,76,90,125,58,57,100,126" hai2="102,71,33,60,36,62,85,98,54,78,74,103,35" hai3=""/><T131/><N who="0" m="31520" /><T93/><D118/><U101/><E43/><V39/><F74/><T95/><D110/><U42/><E42/><V129/><F129/><N who="0" m="49162" /><D124/><N who="1" m="47723" /><E68/><V56/><F103/><N who="1" m="39497" /><E67/><V84/><F84/><T107/><D107/><U128/><E128/><V38/><F71/><T34/><D34/><U50/><E50/><N who="0" m="19561" /><D132/><U96/><E96/><V63/><F33/><T81/><D69/><U108/><E108/><V75/><F35/><T113/><D113/><U122/><N who="1" m="31264" /><U120/><N who="1" m="30752" /><U52/><E52/><V117/><F98/><T44/><D44/><U92/><E92/><N who="0" m="35401" /><D97/><U66/><E66/><V88/><F36/><T41/><D41/><U133/><E133/><V51/><F38/><T89/><D89/><U65/><E65/><V47/><F88/><T2/><D2/><U135/><E135/><V106/><F47/><T104/><D104/><U115/><E115/><V70/><F106/><T134/><D134/><U45/><E45/><V82/><F70/><T80/><D73/><U46/><E46/><V127/><F75/><T64/><AGARI ba="0,0" hai="59,61,64,80,81" m="35401,19561,49162,31520" machi="64" ten="30,2000,0" yaku="19,1,52,1" doraHai="105" who="0" fromWho="0" sc="191,20,316,-10,543,-10,0,0" /><INIT seed="4,1,0,2,0,116" ten="211,306,533,0" oya="0" hai0="131,104,134,115,123,120,105,32,118,2,59,109,100" hai1="95,101,87,51,130,114,37,72,45,55,75,117,38" hai2="135,46,110,0,73,1,52,83,102,3,42,33,121" hai3=""/><T124/><RYUUKYOKU type="yao9" ba="1,0" sc="211,0,306,0,533,0,0,0" hai0="2,32,59,100,104,105,109,115,118,120,123,124,131,134" /><INIT seed="4,2,0,5,2,80" ten="211,306,533,0" oya="0" hai0="131,74,81,85,118,50,87,99,126,134,122,48,116" hai1="110,101,124,114,46,107,88,53,63,105,96,92,130" hai2="127,90,69,103,56,78,34,47,37,102,49,117,3" hai3=""/><T1/><N who="0" m="31264" /><T129/><D1/><U60/><E110/><V67/><F3/><T121/><N who="0" m="31008" /><T120/><N who="0" m="30752" /><T72/><D99/><U57/><E124/><V68/><F34/><T113/><D81/><U70/><E130/><N who="0" m="49673" /><D126/><U133/><E133/><V111/><F90/><T59/><D134/><U0/><E114/><V35/><F102/><T66/><D113/><U108/><E108/><V64/><F103/><T39/><D39/><U132/><E132/><V76/><F37/><T54/><D66/><U123/><N who="1" m="31520" /><U109/><E109/><V45/><F64/><T98/><D98/><U112/><E112/><V91/><F67/><T82/><D50/><U84/><E0/><V41/><F111/><T119/><D82/><U77/><E96/><V93/><F49/><T86/><AGARI ba="2,0" hai="48,54,59,72,74,85,86,87,116,118,119" m="49673,30752,31008,31264" machi="86" ten="40,12000,2" yaku="19,1,52,6" doraHai="80" who="0" fromWho="0" sc="211,124,306,-62,533,-62,0,0" /><INIT seed="4,3,0,5,2,70" ten="335,244,471,0" oya="0" hai0="118,1,35,108,119,43,121,52,47,38,131,133,72" hai1="114,104,56,74,113,127,68,120,79,107,53,54,98" hai2="129,100,109,2,135,85,33,0,94,60,65,75,86" hai3=""/><T106/><RYUUKYOKU type="yao9" ba="3,0" sc="335,0,244,0,471,0,0,0" hai0="1,35,38,43,47,52,72,106,108,118,119,121,131,133" /><INIT seed="4,4,0,1,4,94" ten="335,244,471,0" oya="0" hai0="96,44,32,120,112,69,129,123,135,58,95,88,101" hai1="97,71,132,63,122,1,107,121,133,53,62,40,105" hai2="72,86,56,109,39,89,110,90,104,116,111,91,35" hai3=""/><T33/><N who="0" m="30752" /><T68/><N who="0" m="31520" /><T47/><D112/><U98/><N who="1" m="31008" /><U45/><N who="1" m="31264" /><U0/><E71/><V130/><F39/><T114/><D114/><U102/><E53/><V103/><F56/><T41/><D129/><U85/><E85/><V78/><F35/><T52/><D135/><N who="1" m="51787" /><E107/><V50/><F130/><T99/><D69/><U125/><E125/><V127/><F127/><T64/><D64/><U66/><E98/><V55/><F86/><T2/><D68/><U117/><E117/><V60/><F104/><T75/><D75/><U81/><E81/><V43/><F116/><T106/><D2/><N who="1" m="1131" /><E66/><V51/><F72/><T100/><D100/><U65/><E65/><V46/><F103/><T3/><D3/><U76/><E76/><V118/><F78/><T59/><D47/><U124/><E124/><V113/><F46/><T36/><REACH who="0" step="1"/><D59/><REACH who="0" ten="325,244,471,0" step="2"/><U48/><AGARI ba="4,1" hai="40,45,48,62,63,97,102,105" m="1131,51787,31264,31008" machi="48" ten="30,5900,0" yaku="20,1,52,3" doraHai="94" who="1" fromWho="1" sc="325,-43,244,77,471,-24,0,0" /><INIT seed="5,0,0,2,2,69" ten="282,321,447,0" oya="1" hai0="135,125,96,62,89,36,60,91,133,78,111,80,49" hai1="134,74,97,121,40,37,95,55,110,66,1,44,114" hai2="3,90,39,100,128,101,132,115,53,126,73,32,70" hai3=""/><U71/><N who="1" m="31008" /><U2/><E74/><V47/><F90/><T0/><D111/><U92/><E110/><V130/><F53/><T122/><N who="0" m="31264" /><T59/><D0/><U67/><E114/><V127/><F47/><T54/><D125/><U119/><E119/><V52/><F52/><T76/><D36/><U103/><E134/><N who="0" m="51209" /><D78/><U77/><E77/><V72/><F70/><T38/><D38/><U75/><E75/><V116/><F39/><T58/><D96/><U107/><E55/><V50/><F132/><T129/><D129/><U57/><E1/><V118/><F3/><T41/><D41/><U88/><E2/><V123/><N who="2" m="31520" /><V48/><F115/><T79/><D79/><U93/><E67/><V64/><F64/><T84/><D62/><U34/><E37/><V120/><N who="2" m="30752" /><V51/><F50/><T86/><D84/><U81/><E40/><V98/><F98/><T112/><D112/><U42/><E42/><V87/><F87/><T33/><D33/><AGARI ba="0,0" hai="32,33,48,51,72,73,100,101,116,118,126,127,128,130" m="30752,31520" machi="33" ten="25,6400,0" yaku="22,2,52,2" doraHai="69" who="2" fromWho="0" sc="282,-64,321,0,447,64,0,0" /><INIT seed="6,0,0,4,1,83" ten="218,321,511,0" oya="2" hai0="120,34,65,68,94,53,116,58,93,82,114,86,72" hai1="121,113,63,55,56,109,92,91,96,54,76,64,49" hai2="32,33,90,1,48,125,133,75,42,57,85,106,61" hai3=""/><V98/><F75/><T44/><N who="0" m="30752" /><T101/><D116/><U79/><N who="1" m="31008" /><U43/><E109/><V127/><F1/><T84/><D34/><U89/><E89/><V73/><F73/><T40/><D72/><U102/><E102/><V104/><F133/><T128/><D128/><U80/><E76/><V115/><F115/><T108/><D108/><U100/><E113/><V74/><F74/><T99/><D114/><U117/><E100/><V122/><N who="2" m="31264" /><V69/><F69/><T111/><D111/><U124/><E117/><V129/><F129/><T38/><D82/><U130/><E130/><V70/><F70/><T2/><D2/><U50/><E80/><V35/><F98/><T110/><D110/><U36/><E96/><V59/><F90/><T131/><D131/><U62/><E91/><V134/><F33/><T39/><D39/><U87/><E36/><V126/><F126/><T103/><D103/><U60/><E124/><V119/><F119/><T52/><D93/><U71/><E92/><V88/><F125/><T67/><D53/><U0/><E55/><V66/><F127/><T95/><D95/><U78/><E54/><V3/><F32/><T37/><D37/><U41/><E0/><V135/><F3/><RYUUKYOKU ba="0,0" sc="218,0,321,0,511,0,0,0" owari="218,-38.0,321,-8.0,511,46.0,0,0.0" /></mjloggm>