<mjloggm ver="2.3"><GO type="169" lobby="0"/><UN n0="%E6%97%A5%E9%99%B0%E3%81%95%E3%82%93" n1="%E6%98%AF%E6%94%BF%E3%81%AE%E5%A4%95%E9%99%BD" n2="%74%61%6E%69%5F%6D%6B" n3="%E9%AB%98%E6%A9%8B%E6%B7%B3" dan="16,16,16,16" rate="2102.05,2175.50,2133.30,2122.56" sx="F,M,M,M"/><TAIKYOKU oya="0"/><INIT seed="0,0,0,0,4,92" ten="250,250,250,250" oya="0" hai0="94,82,128,132,26,17,57,0,25,55,100,103,87" hai1="37,76,36,16,105,107,38,15,65,134,112,63,47" hai2="81,56,96,2,53,119,129,1,43,86,44,34,130" hai3="125,67,91,122,75,114,118,72,32,27,71,108,95"/><T59/><D0/><U77/><E134/><V110/><F110/><W116/><G27/><T123/><D123/><U84/><E112/><V6/><F34/><W79/><G32/><T48/><D128/><N who="2" m="49258" /><F119/><W11/><G11/><T18/><D132/><U41/><E105/><V20/><F20/><W42/><G42/><T50/><D94/><U102/><E102/><V62/><F96/><N who="3" m="57471" /><G67/><T46/><D57/><U7/><E7/><V22/><F22/><W109/><G71/><T131/><D131/><U101/><E101/><N who="0" m="38985" /><D25/><U121/><E107/><V97/><F97/><W124/><G114/><T45/><D26/><U111/><E111/><N who="3" m="42570" /><G122/><T40/><D59/><U58/><E121/><V5/><F2/><W30/><G30/><T80/><D80/><U3/><E3/><V74/><F1/><W29/><G29/><T127/><D127/><N who="3" m="48713" /><G79/><AGARI ba="0,0" hai="17,18,40,45,46,48,50,55,79,82,87" m="38985" machi="79" ten="30,1500,0" yaku="8,1" doraHai="92" who="0" fromWho="3" sc="250,15,250,0,250,0,250,-15" /><INIT seed="0,1,0,2,0,36" ten="265,250,250,235" oya="0" hai0="120,126,30,0,89,43,27,58,24,114,65,57,87" hai1="35,16,76,22,54,106,41,64,94,93,71,83,28" hai2="79,52,37,33,20,134,130,4,29,26,75,101,127" hai3="77,72,25,60,7,59,104,66,15,1,91,116,70"/><T121/><D0/><U96/><E106/><V34/><F127/><W108/><G116/><T17/><D114/><U63/><E35/><V78/><F130/><W102/><G1/><T50/><D126/><U88/><E28/><V133/><F4/><W98/><G91/><T132/><D132/><N who="2" m="50794" /><F37/><W109/><G59/><T123/><D17/><U119/><E119/><V47/><F101/><W18/><G7/><T129/><D129/><U95/><E54/><V111/><F111/><W10/><G77/><N who="2" m="29193" /><F75/><W107/><G72/><T14/><D14/><U31/><E41/><V8/><F8/><W48/><G48/><AGARI ba="1,0" hai="20,26,29,33,34,47,48,52" m="29193,50794" machi="48" ten="30,2000,0" yaku="20,1,54,1" doraHai="36" who="2" fromWho="3" sc="265,0,250,0,250,23,235,-23" /><INIT seed="1,0,0,0,2,76" ten="265,250,273,212" oya="1" hai0="15,71,109,54,53,106,8,135,88,30,102,89,35" hai1="9,119,43,17,63,13,22,59,118,57,70,112,133" hai2="64,91,78,90,5,74,49,33,115,42,108,0,114" hai3="122,44,40,85,61,16,113,25,72,11,99,86,31"/><U111/><E112/><N who="2" m="43051" /><F108/><W37/><G113/><T105/><D109/><U92/><E133/><V80/><F33/><W36/><G36/><T131/><D71/><U110/><E43/><V26/><F26/><W62/><G72/><T14/><D135/><U103/><E111/><V125/><F125/><W24/><G99/><T120/><D131/><U23/><E70/><V84/><F64/><W116/><G116/><T3/><D3/><U32/><E32/><V101/><F101/><W47/><G47/><T20/><D35/><U48/><E110/><V41/><F91/><W65/><G122/><T1/><D1/><U69/><E69/><V2/><F5/><W107/><G107/><T126/><D102/><U4/><E23/><V134/><F134/><W132/><G132/><T34/><D34/><U28/><E28/><V68/><F68/><W50/><G37/><T60/><D20/><U77/><E77/><V83/><F41/><W100/><G100/><T27/><D27/><U66/><E57/><V123/><F123/><W67/><G67/><T82/><D30/><U46/><E92/><V29/><F29/><W121/><G121/><T95/><D95/><U93/><E93/><V55/><F42/><W94/><G65/><T75/><D120/><U52/><REACH who="1" step="1"/><E103/><REACH who="1" ten="265,240,273,212" step="2"/><V7/><F7/><W104/><G31/><T81/><D106/><U87/><E87/><V58/><AGARI ba="0,1" hai="0,2,49,55,58,74,78,80,83,84,90" m="43051" machi="58" ten="30,4000,0" yaku="11,1,52,2" doraHai="76" who="2" fromWho="2" sc="265,-10,240,-20,273,50,212,-10" /><INIT seed="2,0,0,3,0,27" ten="255,220,323,202" oya="2" hai0="9,134,131,25,130,133,88,66,56,26,51,127,62" hai1="12,21,7,64,3,1,40,100,60,61,33,82,69" hai2="84,35,116,81,78,46,8,90,18,72,67,74,14" hai3="43,89,123,39,63,50,111,34,95,16,94,68,80"/><V105/><F116/><W15/><G123/><T102/><D102/><U49/><E33/><V107/><F35/><W129/><G39/><T92/><D9/><U24/><E60/><V5/><F67/><W85/><G111/><T65/><D65/><U113/><E113/><V128/><F128/><N who="0" m="49194" /><D51/><U37/><E37/><V4/><F72/><W19/><G129/><T99/><D127/><U57/><E100/><V106/><REACH who="2" step="1"/><F46/><REACH who="2" ten="255,220,313,202" step="2"/><N who="3" m="25951" /><G34/><T101/><D101/><U59/><E64/><V125/><F125/><W52/><G68/><T98/><D98/><U13/><E69/><V11/><F11/><N who="3" m="6271" /><G19/><T32/><D32/><U31/><E7/><V83/><AGARI ba="0,1" hai="4,5,8,14,18,74,78,81,83,84,90,105,106,107" machi="83" ten="40,3900,0" yaku="1,1,0,1,53,0" doraHai="27" doraHaiUra="120" who="2" fromWho="2" sc="255,-13,220,-13,313,49,202,-13" /><INIT seed="2,1,0,2,1,53" ten="242,207,362,189" oya="2" hai0="110,72,125,85,84,73,119,123,89,8,63,68,127" hai1="81,59,35,122,87,90,111,41,116,80,7,37,9" hai2="60,38,94,108,96,132,115,107,3,57,71,121,102" hai3="65,17,126,66,67,0,134,61,20,19,77,49,112"/><V18/><F115/><W16/><G112/><T117/><D8/><U114/><E111/><V124/><F121/><W99/><G126/><N who="0" m="48139" /><D68/><U128/><E116/><N who="0" m="44617" /><D63/><U34/><E128/><V47/><F3/><W43/><G134/><T129/><D110/><U54/><E122/><V91/><F124/><W15/><G0/><T76/><D123/><U39/><E114/><V14/><F132/><W100/><G77/><T93/><D129/><U130/><E130/><V36/><F71/><W24/><G15/><T64/><D64/><U105/><E105/><V104/><F104/><W79/><G79/><T21/><D21/><U106/><E106/><V12/><F12/><W62/><G49/><T29/><D29/><U5/><E5/><V78/><F78/><W135/><G43/><T82/><AGARI ba="1,0" hai="72,73,76,82,84,85,89,93" m="44617,48139" machi="82" ten="40,8000,1" yaku="18,1,12,1,34,2" doraHai="53" who="0" fromWho="0" sc="242,83,207,-21,362,-41,189,-21" /><INIT seed="3,0,0,0,5,119" ten="325,186,321,168" oya="3" hai0="16,38,120,80,81,0,70,114,91,11,2,17,58" hai1="61,25,5,55,71,30,95,1,123,13,88,124,129" hai2="64,68,42,41,102,92,48,106,115,18,77,79,78" hai3="51,74,118,54,65,99,26,89,105,31,69,29,94"/><W21/><G118/><T44/><D70/><U3/><E123/><V27/><F115/><W96/><G74/><T6/><D114/><U46/><E124/><V10/><F106/><W45/><G69/><T59/><D120/><U133/><E133/><V111/><F111/><W66/><REACH who="3" step="1"/><G31/><REACH who="3" ten="325,186,321,158" step="2"/><T121/><D121/><U134/><E134/><V12/><F68/><W36/><G36/><T72/><D72/><U108/><E71/><V53/><F64/><W112/><G112/><T47/><D38/><U56/><E129/><V67/><F67/><W126/><G126/><T116/><D116/><U113/><E113/><V122/><F122/><W20/><G20/><T43/><D11/><U40/><E108/><V103/><F27/><W101/><AGARI ba="0,1" hai="21,26,29,45,51,54,65,66,89,94,96,99,101,105" machi="101" ten="30,3000,0" yaku="1,1,0,1,53,0" doraHai="119" doraHaiUra="130" who="3" fromWho="3" sc="325,-10,186,-10,321,-10,158,40" /><INIT seed="3,1,0,4,1,88" ten="315,176,311,198" oya="3" hai0="29,111,84,12,90,3,67,51,93,0,56,123,15" hai1="43,49,58,91,36,28,50,94,65,24,109,102,80" hai2="20,121,52,77,44,37,23,82,55,112,114,71,127" hai3="81,104,97,98,86,108,89,63,115,118,105,107,130"/><W119/><G63/><T53/><D111/><U46/><E109/><V72/><F71/><W45/><G108/><T57/><D123/><U35/><E102/><V129/><F121/><W32/><G32/><T59/><D29/><U120/><E120/><V62/><F129/><W60/><G60/><N who="0" m="38303" /><D3/><U113/><E113/><V1/><F1/><W13/><G13/><N who="0" m="5195" /><D0/><U8/><E65/><V27/><F20/><W76/><G45/><AGARI ba="1,0" hai="45,51,53,56,57,84,90,93" m="5195,38303" machi="45" ten="30,2000,0" yaku="8,1,52,1" doraHai="88" who="0" fromWho="3" sc="315,23,176,0,311,0,198,-23" /><INIT seed="4,0,0,2,2,119" ten="338,176,311,175" oya="0" hai0="86,47,58,21,34,127,60,126,110,123,72,74,56" hai1="8,12,107,5,118,30,117,41,73,131,114,120,96" hai2="20,32,14,42,11,91,50,134,88,95,31,64,69" hai3="2,98,45,7,29,71,80,113,115,19,49,81,25"/><T6/><D34/><U106/><E73/><V65/><F134/><W53/><G71/><T82/><D6/><U105/><E131/><V4/><F32/><W121/><G19/><T36/><D110/><U55/><E114/><N who="3" m="43530" /><G98/><T33/><D33/><U66/><E66/><V39/><F39/><W108/><G108/><T102/><D102/><U38/><E38/><V100/><F100/><W24/><G121/><T52/><D123/><U27/><E41/><V70/><F70/><W104/><G104/><T40/><D21/><U13/><E13/><V122/><F91/><W112/><N who="3" m="43538" /><W35/><DORA hai="18" /><G25/><T83/><D58/><U135/><E135/><V46/><F69/><W22/><G35/><T17/><D17/><U79/><E120/><V51/><F51/><W59/><G45/><T15/><D15/><U124/><E124/><N who="0" m="47657" /><D83/><U43/><E43/><V94/><F94/><W16/><G29/><T128/><D128/><U125/><E125/><V26/><F122/><W133/><G133/><T132/><D132/><U48/><E96/><AGARI ba="0,0" hai="4,11,14,20,26,31,42,46,50,64,65,88,95,96" machi="96" ten="30,7700,0" yaku="7,1,8,1,52,1,54,1" doraHai="119,18" who="2" fromWho="1" sc="338,0,176,-77,311,77,175,0" /><INIT seed="5,0,0,3,5,59" ten="338,99,388,175" oya="1" hai0="2,98,61,38,127,62,36,8,43,85,45,110,25" hai1="40,134,73,129,82,93,94,66,81,34,9,103,26" hai2="55,104,39,5,42,46,99,29,72,60,68,120,86" hai3="47,24,135,78,80,49,117,63,51,116,70,0,95"/><U105/><E129/><V115/><F72/><W75/><G0/><T114/><D110/><U48/><E134/><V31/><F120/><W15/><G135/><T121/><D114/><U124/><E124/><V67/><F115/><W10/><G24/><T132/><D132/><U1/><E105/><V126/><F126/><W20/><G20/><T14/><D2/><U97/><E93/><V57/><F5/><W13/><G95/><T71/><D38/><U100/><E103/><V91/><F99/><W28/><G28/><T96/><D71/><U21/><E34/><V107/><F29/><W22/><G22/><T4/><D121/><U112/><E112/><V35/><F31/><W106/><G106/><T3/><D127/><U109/><E109/><V64/><F64/><N who="3" m="41247" /><G47/><T12/><D12/><N who="3" m="4681" /><G10/><T23/><D3/><U84/><E73/><V54/><F35/><W18/><G18/><T87/><D98/><U52/><E40/><V44/><F44/><W69/><G69/><T33/><D96/><U32/><E32/><V83/><F54/><W27/><G27/><T122/><D33/><U19/><E66/><V90/><F90/><W113/><G113/><T79/><D122/><U41/><E41/><V6/><F6/><W65/><G65/><T88/><D79/><U133/><E133/><V125/><F125/><W101/><G101/><T89/><D87/><U130/><E84/><V123/><F123/><W74/><G74/><T50/><D85/><U119/><E130/><V76/><F76/><W77/><G77/><T16/><D36/><U37/><E37/><V17/><F104/><RYUUKYOKU ba="0,0" sc="338,15,99,-15,388,-15,175,15" hai0="4,8,14,16,23,25,43,45,50,61,62,88,89" hai3="49,51,75,78,80,116,117" /><INIT seed="6,1,0,3,5,74" ten="353,84,373,190" oya="2" hai0="108,109,128,31,85,64,30,89,62,51,78,135,29" hai1="102,100,55,75,90,22,13,114,87,49,70,25,84" hai2="35,66,53,12,38,20,18,81,1,110,50,77,8" hai3="104,95,73,21,7,63,116,101,121,76,54,131,42"/><V16/><F38/><W34/><G121/><T79/><D51/><U43/><E75/><V107/><F107/><W5/><G34/><T96/><D135/><U56/><E70/><V129/><F35/><W111/><G104/><T112/><D112/><U80/><E114/><V119/><F66/><W24/><G116/><T61/><D128/><U0/><E0/><V86/><F129/><W117/><G111/><T126/><D126/><U11/><E43/><V40/><F110/><W99/><G42/><T15/><D108/><U83/><E25/><V132/><F40/><W97/><G97/><T103/><D15/><U82/><E22/><V67/><F67/><W10/><G10/><T17/><D17/><U65/><E65/><V36/><F36/><W23/><G23/><T14/><D14/><U133/><E133/><V98/><F98/><W47/><G117/><T39/><D39/><U59/><E56/><V4/><F132/><W32/><G32/><T33/><D33/><U71/><E71/><V88/><F18/><W57/><G47/><T60/><D64/><U105/><E105/><V72/><F119/><W125/><G125/><T3/><D3/><U124/><E83/><V113/><F113/><W28/><G131/><T27/><D27/><U2/><E2/><V130/><F130/><W44/><G44/><T69/><D69/><U46/><E59/><N who="2" m="33207" /><F72/><W134/><G134/><T115/><D115/><U91/><E124/><V52/><F52/><W9/><G9/><T123/><D123/><U6/><AGARI ba="1,0" hai="6,11,13,46,49,55,80,82,84,87,90,91,100,102" machi="6" ten="20,5200,0" yaku="0,1,7,1,9,1,8,1" doraHai="74" who="1" fromWho="1" sc="353,-14,84,55,373,-27,190,-14" /><INIT seed="7,0,0,2,3,70" ten="339,139,346,176" oya="3" hai0="126,32,7,54,25,57,24,49,5,60,80,114,21" hai1="115,111,26,113,43,30,29,34,62,118,81,122,77" hai2="63,22,31,91,73,125,44,79,108,90,27,123,2" hai3="104,96,133,128,38,66,92,117,53,16,47,74,132"/><W99/><G117/><T39/><D126/><U10/><E111/><V112/><F108/><W12/><G74/><T100/><D39/><U52/><E118/><V75/><F2/><W55/><G66/><N who="0" m="39183" /><D32/><U107/><E122/><V98/><F125/><W109/><G99/><T67/><D67/><U131/><E131/><V121/><F112/><W120/><G104/><T48/><D114/><U56/><E107/><V61/><F44/><W45/><G45/><N who="0" m="27919" /><D100/><U23/><E43/><V46/><F46/><W93/><G92/><T101/><D101/><U134/><E134/><V127/><F127/><W135/><G128/><T69/><D69/><U119/><E119/><V110/><F110/><W58/><G58/><T3/><D3/><U97/><E97/><V76/><F98/><W129/><G120/><N who="2" m="46153" /><F63/><W64/><G64/><T86/><D49/><U94/><E94/><V88/><F61/><W87/><G87/><T42/><D42/><U65/><E65/><V35/><F35/><W8/><G129/><T103/><D103/><U20/><E10/><V95/><F95/><W50/><G109/><T41/><D41/><U72/><E34/><V105/><F105/><W40/><G50/><T17/><D25/><U14/><E14/><V116/><F116/><W124/><G124/><T36/><D36/><U85/><E72/><AGARI ba="0,0" hai="22,27,31,72,73,75,76,79,88,90,91" m="46153" machi="72" ten="40,2600,0" yaku="13,1,54,1" doraHai="70" who="2" fromWho="1" sc="339,0,139,-26,346,26,176,0" owari="339,14.0,113,-39.0,372,47.0,176,-22.0" /></mjloggm>