<mjloggm ver="2.3"><GO type="169" lobby="0"/><UN n0="%40%E5%AD%98%E5%9C%A8%E4%BE%A1%E5%80%A4%30%E4%BA%BA%E9%96%93" n1="%52%35" n2="%E3%82%82%E3%82%8A%E3%82%82%E3%82%8A%E3%81%8A%E3%81%AB%E3%81%8E%E3%82%8A" n3="%E6%A4%9B%E5%8D%97" dan="16,16,16,17" rate="2093.19,2200.41,2139.90,2097.73" sx="F,M,M,F"/><TAIKYOKU oya="0"/><INIT seed="0,0,0,3,3,63" ten="250,250,250,250" oya="0" hai0="111,41,87,65,21,94,67,82,48,113,107,92,68" hai1="64,10,118,116,12,103,47,99,127,24,8,86,108" hai2="134,6,29,17,76,132,36,62,11,26,43,73,14" hai3="56,81,114,16,39,52,100,31,135,126,101,28,2"/><T109/><D113/><U38/><E108/><N who="0" m="41545" /><D107/><U119/><E127/><V32/><F43/><W58/><G135/><T88/><D21/><U23/><E86/><V3/><F36/><W19/><G2/><T27/><D27/><U128/><E128/><V44/><F44/><W4/><G126/><T33/><D33/><U98/><E47/><V60/><F76/><W15/><G4/><T110/><N who="0" m="41553" /><T72/><DORA hai="54" /><D68/><U34/><E38/><V90/><F73/><W120/><G39/><T13/><D13/><U129/><E129/><V70/><F90/><W130/><G130/><T78/><D92/><U106/><E34/><V0/><F0/><W104/><G15/><T69/><D69/><U55/><E12/><V133/><REACH who="2" step="1"/><F70/><REACH who="2" ten="250,250,240,250" step="2"/><W35/><G114/><T93/><D93/><U121/><E116/><V95/><F95/><W91/><G104/><T7/><D7/><U9/><E118/><V115/><F115/><W84/><G120/><T123/><D123/><U112/><E112/><V40/><F40/><W51/><G81/><T131/><D131/><U22/><E119/><V80/><F80/><W122/><G122/><T77/><D78/><U96/><E121/><V25/><F25/><W125/><G125/><T46/><AGARI ba="0,1" hai="41,46,48,65,67,72,77,82,87,88,94" m="41553" machi="46" ten="40,12000,1" yaku="14,1,10,1,52,2,54,1" doraHai="63,54" who="0" fromWho="0" sc="250,130,250,-40,240,-40,250,-40" /><INIT seed="0,1,0,4,5,114" ten="380,210,200,210" oya="0" hai0="19,134,24,108,33,125,46,12,29,105,122,104,76" hai1="30,77,126,107,41,18,34,92,35,14,4,20,78" hai2="133,71,64,61,81,111,94,49,121,48,62,22,16" hai3="123,8,43,132,1,75,55,93,73,90,106,113,86"/><T87/><D122/><U9/><E107/><V85/><F121/><W50/><G106/><T135/><D125/><U131/><E131/><V54/><F111/><W118/><G113/><T128/><D128/><U83/><E126/><V103/><F133/><N who="0" m="50698" /><D108/><U116/><E78/><V99/><F61/><W97/><G132/><T17/><D17/><U84/><E92/><V95/><F54/><W127/><G127/><T52/><D52/><U110/><E110/><V89/><REACH who="2" step="1"/><F81/><REACH who="2" ten="380,210,190,210" step="2"/><W109/><G109/><T68/><D68/><U13/><E41/><V27/><AGARI ba="1,1" hai="16,22,27,48,49,62,64,71,85,89,94,95,99,103" machi="27" ten="20,8000,1" yaku="1,1,2,1,0,1,7,1,54,1,53,0" doraHai="114" doraHaiUra="100" who="2" fromWho="2" sc="380,-41,210,-21,190,93,210,-21" /><INIT seed="1,0,0,4,5,101" ten="339,189,283,189" oya="1" hai0="26,86,124,122,121,58,93,80,52,104,67,90,89" hai1="37,13,23,42,1,61,130,91,111,116,22,102,134" hai2="38,112,49,119,43,76,106,57,74,103,21,97,133" hai3="12,27,54,70,11,128,10,44,132,24,125,25,95"/><U5/><E116/><V82/><F119/><W9/><G70/><T81/><D67/><U4/><E1/><V114/><F133/><W0/><G132/><T35/><D124/><U20/><E134/><V41/><F38/><W56/><G128/><T73/><D73/><U105/><E130/><V63/><F21/><W123/><G0/><T109/><D109/><U107/><E111/><V50/><F50/><W98/><G123/><N who="0" m="47115" /><D89/><U33/><E33/><V64/><REACH who="2" step="1"/><F49/><REACH who="2" ten="339,189,273,189" step="2"/><N who="3" m="30799" /><G125/><T78/><D35/><U3/><E37/><V16/><F16/><N who="3" m="8207" /><G44/><T126/><D126/><U117/><E117/><V47/><F47/><W45/><G45/><T36/><D36/><U131/><E131/><V46/><F46/><W75/><G75/><T113/><D113/><AGARI ba="0,1" hai="41,43,57,63,64,74,76,82,97,103,106,112,113,114" machi="113" ten="40,8000,1" yaku="1,1,11,1,52,1,53,1" doraHai="101" doraHaiUra="100" who="2" fromWho="0" sc="339,-80,189,0,273,90,189,0" /><INIT seed="2,0,0,3,5,100" ten="259,189,363,189" oya="2" hai0="40,81,18,84,0,74,108,73,99,7,53,132,33" hai1="22,52,21,9,94,79,97,116,62,78,3,46,121" hai2="110,16,23,24,120,11,68,72,128,4,98,92,49" hai3="105,6,118,101,26,50,42,54,119,67,107,76,60"/><V113/><F113/><W58/><G101/><T65/><D33/><U106/><E116/><V20/><F120/><W115/><G115/><T57/><D7/><U77/><E121/><V95/><F128/><W104/><G76/><T5/><D5/><U63/><E3/><V75/><F68/><W134/><G134/><T83/><D0/><U41/><E9/><V66/><F66/><W2/><G42/><T30/><D108/><U103/><E94/><V17/><F110/><W64/><G64/><T80/><D84/><U55/><E63/><V114/><F114/><W112/><G112/><T71/><D30/><U61/><E61/><V88/><F49/><W25/><G6/><T96/><D40/><U91/><E91/><V48/><F48/><W51/><G51/><T89/><D65/><U27/><E62/><V130/><F130/><W28/><G2/><T39/><D132/><U32/><E32/><V87/><F11/><W59/><REACH who="3" step="1"/><G25/><REACH who="3" ten="259,189,363,179" step="2"/><T29/><D71/><U111/><E111/><V1/><F4/><W35/><AGARI ba="0,1" hai="26,28,35,50,54,58,59,60,67,104,105,107,118,119" machi="35" ten="30,12000,2" yaku="1,1,2,1,0,1,52,3,53,0" doraHai="100" doraHaiUra="43" who="3" fromWho="3" sc="259,-30,189,-30,363,-60,179,130" /><INIT seed="3,0,0,2,0,119" ten="229,159,303,309" oya="3" hai0="49,56,116,24,33,124,13,40,82,104,26,107,14" hai1="31,58,41,102,64,9,86,60,115,4,99,44,120" hai2="61,113,5,43,69,21,129,18,65,54,72,130,128" hai3="96,47,52,3,55,110,71,74,20,122,100,0,39"/><W123/><G74/><T84/><D116/><U81/><E115/><V70/><F113/><W51/><G71/><T135/><D124/><U73/><E73/><V101/><F72/><W53/><G39/><T28/><D135/><U35/><E35/><V133/><F133/><W109/><G20/><T87/><D87/><U132/><E31/><V15/><F43/><W85/><G85/><T32/><D56/><U37/><E132/><V78/><F78/><W17/><G17/><T1/><D1/><U25/><E25/><V80/><F80/><W29/><G29/><T38/><D49/><U94/><E9/><N who="2" m="4527" /><F101/><W27/><G27/><T59/><D26/><U114/><E4/><V112/><F54/><N who="3" m="30079" /><G0/><T121/><D104/><U66/><E114/><V50/><F112/><W111/><G3/><T45/><D107/><AGARI ba="0,0" hai="52,53,55,96,100,107,109,110,111,122,123" m="30079" machi="107" ten="40,12000,1" yaku="14,1,10,1,52,2,54,1" doraHai="119" who="3" fromWho="0" sc="229,-120,159,0,303,0,309,120" /><INIT seed="3,1,0,5,4,20" ten="109,159,303,429" oya="3" hai0="1,46,42,15,108,19,49,7,61,114,28,44,126" hai1="103,57,9,120,26,45,47,119,39,11,37,67,87" hai2="33,16,56,111,64,43,75,100,125,115,81,27,38" hai3="73,117,65,133,18,112,5,79,101,77,21,58,8"/><W105/><G112/><T36/><D114/><U132/><E120/><V10/><F115/><W102/><G133/><T113/><D113/><U98/><E132/><V50/><F111/><W99/><G102/><T22/><D108/><U116/><E87/><V104/><F125/><W30/><G73/><T122/><D126/><U52/><E98/><V128/><F128/><W124/><G117/><N who="1" m="45130" /><E11/><V76/><F38/><N who="1" m="14345" /><E103/><V3/><F104/><W89/><G89/><T134/><D122/><U55/><E9/><V6/><F100/><W82/><G30/><T41/><D134/><U62/><E26/><V63/><F33/><W93/><G105/><T130/><D130/><U25/><E25/><V80/><F80/><W84/><G79/><T129/><D129/><U118/><N who="1" m="45138" /><U4/><DORA hai="70" /><E4/><V53/><F27/><W29/><G29/><T13/><D13/><U78/><E78/><V69/><F76/><W123/><G123/><T85/><D85/><U12/><E12/><V32/><F10/><W59/><G124/><T109/><D7/><U92/><E92/><V95/><F95/><W60/><G8/><T86/><D86/><U54/><AGARI ba="1,0" hai="45,47,52,54,55,57,62,67" m="14345,45138" machi="54" ten="50,12000,2" yaku="12,1,34,2,52,3,54,1" doraHai="20,70" who="1" fromWho="1" sc="109,-31,159,123,303,-31,429,-61" /><INIT seed="4,0,0,2,1,68" ten="78,282,272,368" oya="0" hai0="135,110,28,103,41,19,130,32,121,79,13,43,88" hai1="78,74,97,35,5,36,3,92,17,128,50,44,15" hai2="75,40,118,14,42,47,18,77,114,46,70,98,106" hai3="16,1,24,45,61,111,99,91,67,64,63,73,116"/><T87/><D121/><U10/><E128/><V95/><F70/><W71/><G111/><T33/><D130/><U49/><E35/><V2/><F2/><W96/><G116/><T58/><D110/><U104/><E104/><V12/><F106/><W101/><G1/><T59/><D135/><U83/><E17/><V126/><F114/><W52/><G73/><T65/><D103/><U69/><E15/><V90/><F126/><W29/><G16/><T48/><D79/><U94/><E69/><V72/><F118/><W8/><G8/><T113/><D113/><U30/><E30/><V134/><F134/><W66/><G91/><T123/><D123/><U117/><E117/><V122/><F122/><W37/><G99/><T119/><D32/><U132/><E94/><V133/><F133/><W86/><G86/><T25/><D119/><U60/><E60/><V55/><F77/><W82/><G82/><T100/><D100/><U53/><E132/><V56/><F72/><W6/><G6/><T22/><D59/><U93/><E93/><V51/><F75/><W7/><G7/><T109/><D109/><U26/><E26/><V9/><F14/><W129/><G129/><T127/><D127/><U89/><E53/><V105/><F105/><N who="3" m="63655" /><G63/><N who="0" m="38135" /><D48/><U34/><E34/><V107/><F107/><W81/><G71/><T112/><D112/><U20/><E20/><V131/><F131/><W124/><G124/><T21/><D21/><U38/><E38/><V4/><F4/><W108/><G108/><T27/><D27/><U39/><E39/><V57/><F57/><W11/><G24/><RYUUKYOKU ba="0,0" sc="78,10,282,10,272,10,368,-30" hai0="13,19,22,25,28,33,41,43,87,88" hai1="3,5,10,36,44,49,50,74,78,83,89,92,97" hai2="9,12,18,40,42,46,47,51,55,56,90,95,98" /><INIT seed="4,1,0,4,0,49" ten="88,292,282,338" oya="0" hai0="106,61,77,82,122,44,30,63,95,124,85,27,110" hai1="1,34,45,22,10,48,43,134,101,59,72,86,92" hai2="69,8,102,46,18,20,94,113,40,17,29,115,62" hai3="23,118,64,108,107,41,50,60,68,70,75,125,76"/><T31/><D122/><U7/><E134/><V14/><F29/><W21/><G108/><T73/><D106/><U112/><E34/><V97/><F69/><W16/><G118/><T33/><D124/><U135/><E72/><V38/><REACH who="2" step="1"/><F62/><REACH who="2" ten="88,292,272,338" step="2"/><W90/><G70/><T19/><D110/><U0/><E135/><V32/><F32/><W2/><G68/><T121/><D121/><U65/><E112/><V39/><F39/><W6/><G60/><T78/><D31/><U131/><E131/><V5/><F5/><W80/><G6/><T83/><D19/><U28/><E7/><V129/><F129/><W120/><G120/><T53/><REACH who="0" step="1"/><D95/><REACH who="0" ten="78,292,272,338" step="2"/><U25/><E28/><V71/><F71/><W13/><G16/><T105/><D105/><U88/><E92/><V26/><AGARI ba="1,2" hai="8,14,17,18,20,26,38,40,46,94,97,102,113,115" machi="26" ten="30,2000,0" yaku="1,1,0,1,53,0" doraHai="49" doraHaiUra="55" who="2" fromWho="2" sc="78,-11,292,-6,272,43,338,-6" /><INIT seed="5,0,0,5,5,135" ten="67,286,315,332" oya="1" hai0="123,100,85,70,53,22,117,14,42,89,12,115,109" hai1="93,80,33,127,61,21,7,95,0,118,59,19,31" hai2="104,74,124,132,71,72,23,86,28,131,15,94,69" hai3="113,27,81,110,75,128,5,68,54,49,111,112,125"/><U39/><E118/><V41/><F104/><W63/><G5/><T4/><D117/><U90/><E39/><V45/><F132/><W51/><G27/><T121/><D70/><U8/><E33/><V20/><F131/><W57/><G75/><T83/><D109/><N who="3" m="41481" /><G81/><T52/><D115/><N who="3" m="44105" /><G128/><T108/><D108/><U58/><E31/><V82/><F94/><W6/><G6/><T77/><D42/><U79/><E90/><V25/><F74/><W30/><G30/><T88/><D100/><U78/><E59/><V2/><F2/><W17/><G17/><T65/><D65/><U97/><E80/><V103/><F72/><W62/><G125/><T32/><D32/><U3/><E3/><V114/><F124/><W107/><G107/><T18/><D121/><U99/><E95/><V34/><F103/><W129/><G129/><T10/><D123/><U98/><E93/><V44/><F114/><W38/><G38/><T35/><D35/><U29/><E29/><V102/><F102/><W122/><G122/><T47/><D47/><U120/><E120/><V96/><F45/><W55/><G68/><T9/><REACH who="0" step="1"/><D22/><REACH who="0" ten="57,286,315,332" step="2"/><U56/><E127/><V73/><F34/><W48/><G57/><T91/><AGARI ba="0,1" hai="4,9,10,12,14,18,52,53,77,83,85,88,89,91" machi="91" ten="30,12000,2" yaku="1,1,2,1,0,1,8,1,54,2,53,0" doraHai="135" doraHaiUra="105" who="0" fromWho="0" sc="57,130,286,-60,315,-30,332,-30" /><INIT seed="6,0,0,5,2,19" ten="187,226,285,302" oya="2" hai0="84,90,20,54,2,44,30,55,99,34,127,134,102" hai1="96,8,9,61,67,42,62,38,116,17,73,24,15" hai2="82,130,89,117,53,103,1,43,14,4,64,69,72" hai3="18,108,41,31,47,49,57,77,27,126,45,119,29"/><V40/><F117/><W66/><G126/><T81/><D134/><U124/><E116/><V109/><F1/><W86/><G108/><T58/><D127/><U39/><E73/><V118/><F118/><W88/><G77/><T13/><D2/><U3/><E124/><V111/><F130/><W98/><G98/><T5/><D34/><U131/><E131/><V68/><F103/><W60/><G119/><T87/><D44/><U93/><E24/><V11/><F53/><W46/><G18/><T135/><D135/><U80/><E80/><V35/><F35/><W12/><G12/><T26/><D84/><U97/><E97/><V128/><F128/><W120/><G31/><T63/><D55/><U71/><E62/><N who="2" m="39959" /><F69/><W115/><G115/><T56/><D56/><U121/><E42/><V52/><F52/><W74/><G74/><T132/><D132/><U104/><E104/><V123/><F123/><W23/><G120/><T110/><D110/><N who="2" m="41994" /><F72/><W59/><G59/><T65/><D54/><U78/><E121/><V37/><F37/><W101/><G101/><T85/><D85/><AGARI ba="0,0" hai="4,11,14,40,43,82,85,89" m="41994,39959" machi="85" ten="30,1500,0" yaku="10,1" doraHai="19" who="2" fromWho="0" sc="187,-15,226,0,285,15,302,0" /><INIT seed="6,1,0,4,4,40" ten="172,226,300,302" oya="2" hai0="133,80,108,27,90,74,115,134,109,8,58,14,83" hai1="102,72,23,35,94,99,53,11,56,76,30,1,16" hai2="28,49,59,69,103,51,50,45,29,26,96,9,100" hai3="5,33,85,84,48,70,77,126,60,87,38,0,97"/><V106/><F69/><W116/><G38/><T132/><D27/><U104/><E35/><V73/><F73/><W67/><G126/><T101/><D58/><U81/><E30/><V86/><F103/><W130/><G33/><T2/><D2/><U17/><E23/><V4/><F59/><W10/><G130/><T19/><D74/><U127/><E127/><V25/><F86/><W82/><G116/><T129/><D101/><U12/><E1/><V7/><F9/><W120/><G120/><T57/><D129/><U122/><E122/><V64/><F64/><W93/><G48/><T46/><D57/><U105/><REACH who="1" step="1"/><E17/><REACH who="1" ten="172,216,300,302" step="2"/><V91/><F28/><W95/><G95/><T107/><D107/><U52/><E52/><V20/><F29/><W3/><G0/><T47/><D115/><U18/><E18/><V78/><F20/><W121/><G121/><T89/><D108/><U54/><E54/><V75/><F106/><W135/><G135/><T113/><D113/><U39/><E39/><V66/><F7/><W6/><G5/><T22/><D22/><U55/><E55/><V118/><F4/><W41/><G41/><T42/><D109/><U98/><E98/><V61/><F96/><W31/><G31/><T21/><D21/><U114/><E114/><V119/><F26/><W34/><G34/><T79/><D46/><U71/><E71/><V68/><F45/><W15/><G3/><T123/><D123/><U24/><E24/><V37/><F25/><W128/><G128/><T65/><D132/><U92/><E92/><V44/><F44/><W43/><G43/><RYUUKYOKU ba="1,1" sc="172,-15,216,15,300,-15,302,15" hai1="11,12,16,53,56,72,76,81,94,99,102,104,105" hai3="6,10,15,60,67,70,77,82,84,85,87,93,97" /><INIT seed="7,2,1,3,1,89" ten="157,231,285,317" oya="3" hai0="82,99,112,128,56,81,1,30,134,91,77,64,43" hai1="122,67,105,125,5,118,87,130,14,72,47,76,126" hai2="92,29,127,50,111,115,44,23,66,16,94,85,36" hai3="21,132,109,84,104,119,135,46,9,13,93,58,103"/><W97/><G119/><T74/><D1/><U98/><E122/><V78/><F36/><W63/><G109/><T71/><D71/><U27/><E118/><V107/><F107/><W57/><G46/><T108/><D108/><U95/><E67/><V86/><F115/><W0/><G0/><T70/><D70/><U4/><E27/><V49/><F127/><N who="1" m="48649" /><E130/><V38/><F38/><W96/><G84/><N who="2" m="32361" /><F78/><W68/><G21/><T124/><D124/><U101/><E47/><V54/><F66/><W12/><G12/><T8/><D112/><U116/><E14/><N who="2" m="9623" /><F29/><W33/><G33/><T34/><D128/><U19/><E19/><V52/><F111/><W26/><G26/><T45/><D30/><U106/><E116/><V39/><F39/><W42/><G68/><T48/><D34/><U102/><E102/><V83/><F83/><W129/><G129/><T24/><D24/><U121/><E121/><V37/><F37/><W25/><G25/><T32/><D32/><U28/><E28/><V10/><F10/><W133/><G63/><T69/><D69/><U31/><E31/><V114/><F114/><W60/><G60/><T80/><D134/><U3/><E3/><V2/><F2/><W53/><G53/><T55/><D64/><U7/><E72/><V41/><F54/><W15/><G42/><T90/><D8/><U117/><E117/><V79/><F79/><W6/><G15/><T75/><D75/><U65/><E65/><V18/><F18/><W51/><G51/><T100/><D74/><U88/><E76/><V17/><F17/><W59/><G135/><RYUUKYOKU ba="2,1" sc="157,-30,231,10,285,10,317,10" hai1="4,5,7,87,88,95,98,101,105,106" hai2="41,44,49,50,52,92,94" hai3="6,9,13,57,58,59,93,96,97,103,104,132,133" owari="127,-37.0,241,-16.0,295,10.0,337,43.0" /></mjloggm>