<mjloggm ver="2.3"><GO type="169" lobby="0"/><UN n0="%E3%83%97%E3%83%AC%E3%82%AF%E3%83%A9%E3%82%B9%E3%83%8B%E3%83%BC" n1="%6C%67%64%47%6F%64%76" n2="%E5%85%A8%E9%80%9F%E3%82%86%E3%83%BC%E3%81%B8%E3%81%84" n3="%4D%75%64%46%6C%6F%77" dan="17,16,18,16" rate="2177.27,2109.51,2243.27,2168.67" sx="M,M,M,M"/><TAIKYOKU oya="0"/><INIT seed="0,0,0,1,4,102" ten="250,250,250,250" oya="0" hai0="20,38,115,127,77,123,0,116,65,109,121,22,99" hai1="106,15,96,59,90,47,83,21,13,95,32,58,43" hai2="132,79,26,93,6,62,86,54,71,35,82,107,111" hai3="81,131,50,12,122,113,44,84,63,87,57,78,23"/><T67/><D38/><U5/><E32/><V126/><F111/><W16/><G113/><T97/><D115/><U118/><E118/><V29/><F126/><W41/><G131/><T128/><D116/><U130/><E130/><V70/><F132/><W69/><G122/><T104/><D128/><U64/><E83/><V101/><F6/><W4/><G69/><T98/><D0/><U75/><E75/><V61/><F61/><W46/><G46/><T103/><D77/><U24/><E106/><V11/><F11/><W72/><REACH who="3" step="1"/><G4/><REACH who="3" ten="250,250,250,240" step="2"/><T40/><D123/><U117/><E5/><V133/><F133/><W28/><G28/><T105/><D121/><U80/><E117/><V9/><F70/><W114/><G114/><T89/><D127/><U30/><E59/><V10/><F71/><W94/><G94/><T76/><D109/><U129/><E129/><V18/><F93/><W135/><G135/><T31/><D31/><U88/><E58/><V42/><F29/><W17/><G17/><T119/><D119/><U3/><E30/><V1/><F18/><W2/><G2/><T19/><D19/><N who="1" m="12351" /><E3/><V7/><F1/><W120/><G120/><T66/><D22/><U134/><E134/><V92/><F7/><W34/><G34/><T37/><D20/><U36/><E15/><V112/><F112/><W52/><AGARI ba="0,1" hai="12,16,23,41,44,50,52,57,63,72,78,81,84,87" machi="52" ten="20,12000,2" yaku="1,1,0,1,7,1,54,2,53,1" doraHai="102" doraHaiUra="55" who="3" fromWho="3" sc="250,-60,250,-30,250,-30,240,130" /><INIT seed="1,0,0,1,1,58" ten="190,220,220,370" oya="1" hai0="43,135,83,105,53,26,118,134,39,108,76,130,50" hai1="91,131,31,95,32,46,104,66,8,16,61,113,117" hai2="41,15,100,9,101,124,3,44,0,21,128,35,121" hai3="19,29,82,112,47,25,33,69,64,102,78,87,40"/><U120/><E113/><V55/><F121/><W109/><G112/><T122/><D105/><U57/><E117/><V98/><F35/><W103/><G109/><T132/><D108/><U13/><E120/><V62/><F124/><W116/><G116/><T6/><D122/><U12/><E104/><V27/><F128/><W73/><G73/><T18/><D118/><U10/><E131/><V5/><F0/><W85/><G85/><T38/><D6/><U77/><E77/><V129/><F3/><W51/><REACH who="3" step="1"/><G19/><REACH who="3" ten="190,220,220,360" step="2"/><T115/><D130/><U65/><E32/><V30/><F129/><W119/><G119/><T106/><D115/><U23/><E46/><V110/><F110/><W86/><G86/><T81/><D18/><N who="1" m="8455" /><E31/><V107/><F44/><W93/><G93/><T52/><D106/><U22/><E66/><V54/><F41/><W133/><G133/><T80/><D76/><U36/><E36/><V37/><F37/><W11/><G11/><T4/><D38/><U34/><E34/><V97/><F55/><N who="0" m="21066" /><D39/><U125/><E125/><V70/><F107/><W92/><G92/><T68/><D43/><U90/><E90/><V63/><F101/><W7/><G7/><T79/><D4/><U59/><E59/><N who="2" m="35191" /><F100/><W67/><G67/><T56/><D79/><U60/><E60/><AGARI ba="0,1" hai="25,29,33,40,47,51,60,64,69,78,82,87,102,103" machi="60" ten="40,2600,0" yaku="1,1,52,1,53,0" doraHai="58" doraHaiUra="17" who="3" fromWho="1" sc="190,0,220,-26,220,0,360,36" /><INIT seed="2,0,0,4,1,118" ten="190,194,220,396" oya="2" hai0="111,80,113,110,69,34,72,123,101,16,4,42,83" hai1="55,98,13,115,91,79,59,103,30,132,41,44,81" hai2="116,95,17,31,9,74,119,96,70,25,7,92,48" hai3="27,67,108,33,120,104,58,112,39,64,56,122,53"/><V46/><F74/><W89/><G104/><T66/><D4/><U20/><E115/><V61/><F17/><W131/><G33/><T84/><D113/><U54/><E91/><V71/><F95/><W128/><G27/><T6/><D34/><U23/><E132/><V93/><F93/><W19/><G19/><T50/><D6/><U29/><E20/><V135/><F135/><W94/><G39/><T130/><D130/><N who="3" m="49705" /><G112/><T15/><D66/><N who="3" m="25129" /><G108/><T8/><D69/><U127/><E127/><V47/><F61/><N who="3" m="35983" /><G58/><T52/><D101/><U82/><E59/><V21/><F71/><W51/><G51/><T2/><D2/><U134/><E103/><V102/><F70/><W63/><G63/><T38/><D38/><U18/><E30/><V117/><REACH who="2" step="1"/><F48/><REACH who="2" ten="190,194,210,396" step="2"/><W90/><G94/><T87/><D72/><U1/><E18/><V124/><F124/><W35/><G35/><T40/><D110/><U22/><E134/><V11/><F11/><W86/><G86/><T88/><D111/><U85/><E85/><V62/><F62/><W99/><G99/><T109/><D109/><U114/><E98/><V107/><F107/><W43/><G43/><T106/><D106/><U24/><E41/><V60/><F60/><W129/><G129/><T73/><D73/><U126/><E126/><V37/><F37/><W14/><G14/><AGARI ba="0,1" hai="7,9,14,21,25,31,46,47,92,96,102,116,117,119" machi="14" ten="40,2000,0" yaku="1,1,53,0" doraHai="118" doraHaiUra="75" who="2" fromWho="3" sc="190,0,194,0,210,30,396,-20" /><INIT seed="2,1,0,1,1,46" ten="190,194,240,376" oya="2" hai0="115,32,39,24,25,86,83,10,80,45,110,8,104" hai1="74,50,129,107,59,76,108,41,71,34,131,11,90" hai2="58,33,36,121,19,16,73,4,42,89,70,69,81" hai3="126,26,31,7,57,87,103,91,14,124,66,106,28"/><V40/><F121/><W65/><G103/><T61/><D61/><U17/><BYE who="0" /><E108/><UN n0="%E3%83%97%E3%83%AC%E3%82%AF%E3%83%A9%E3%82%B9%E3%83%8B%E3%83%BC" /><V132/><F33/><W127/><G106/><T82/><D104/><U102/><E71/><V18/><F132/><W38/><G38/><T67/><D115/><U84/><E34/><V27/><F36/><W114/><G114/><T54/><D67/><U95/><E17/><N who="2" m="6763" /><F70/><W51/><G14/><T68/><D68/><U13/><E11/><N who="0" m="4137" /><D39/><U1/><E13/><V47/><F73/><W52/><G7/><T0/><D0/><U20/><E20/><N who="2" m="13727" /><F69/><W15/><G15/><T128/><D110/><U113/><E1/><V79/><F79/><W117/><G117/><T75/><D75/><U21/><E21/><V92/><F81/><N who="3" m="49647" /><G31/><T60/><D32/><AGARI ba="1,0" hai="26,28,32,51,52,57,65,66,124,126,127" m="49647" machi="32" ten="30,3900,0" yaku="18,1,52,1,54,1" doraHai="46" who="3" fromWho="0" sc="190,-42,194,0,240,0,376,42" /><INIT seed="3,0,0,3,5,12" ten="148,194,240,418" oya="3" hai0="93,115,15,14,83,49,56,78,45,1,99,112,39" hai1="104,13,133,130,127,122,125,76,25,80,110,34,98" hai2="129,4,42,17,73,102,82,77,71,105,118,36,131" hai3="72,27,97,54,84,111,79,22,101,107,103,67,37"/><W134/><G37/><T89/><D39/><U62/><E122/><V74/><F71/><W38/><G38/><T44/><D1/><U32/><E110/><V64/><F64/><W123/><G123/><T96/><D96/><U51/><E130/><N who="2" m="49675" /><F4/><W43/><G43/><T63/><D49/><U66/><E133/><V0/><F0/><W116/><G116/><T18/><D15/><U48/><E13/><V81/><F118/><W47/><G103/><T29/><D29/><N who="1" m="19503" /><E34/><V68/><F68/><W3/><G3/><T94/><D115/><U40/><E40/><V59/><F59/><W126/><G67/><T31/><D31/><U109/><E109/><V114/><F114/><W106/><G134/><T30/><D94/><U95/><E95/><V8/><F8/><W10/><G10/><T16/><D30/><U135/><E135/><V108/><F108/><W26/><G111/><T19/><D14/><U23/><E23/><V21/><F102/><W69/><G101/><T85/><D112/><U58/><E48/><V7/><F105/><W52/><G106/><T121/><D121/><U11/><E51/><V124/><F7/><W119/><G107/><T24/><D24/><U90/><E11/><V100/><F100/><W28/><G27/><T117/><D117/><U57/><E104/><V61/><F21/><W88/><G22/><T5/><REACH who="0" step="1"/><D5/><REACH who="0" ten="138,194,240,418" step="2"/><U70/><E98/><V46/><F36/><W113/><G113/><T2/><D2/><U9/><E9/><V86/><F82/><W128/><G119/><T91/><D91/><U6/><E90/><V65/><F81/><RYUUKYOKU ba="0,1" sc="138,30,194,-10,240,-10,418,-10" hai0="16,18,19,44,45,56,63,78,83,85,89,93,99" /><INIT seed="4,1,1,5,2,23" ten="168,184,230,408" oya="0" hai0="74,82,32,71,130,106,83,93,105,91,48,21,70" hai1="125,43,88,64,103,19,87,124,66,39,51,17,34" hai2="11,1,86,55,117,127,24,35,89,78,14,3,92" hai3="65,4,68,134,8,96,28,18,95,126,121,56,72"/><T42/><D32/><U79/><E39/><V41/><F127/><N who="1" m="48713" /><E79/><V26/><F35/><W20/><G72/><T109/><D109/><U33/><E103/><V36/><F117/><W27/><G68/><T60/><D106/><U123/><E123/><V115/><F115/><W52/><G65/><N who="1" m="25194" /><E34/><V5/><F1/><W128/><G128/><T67/><D130/><U69/><E69/><V22/><F41/><W7/><G134/><T49/><D70/><U50/><E33/><V120/><F36/><W40/><G40/><T77/><D105/><U98/><E98/><V76/><F120/><W99/><G99/><T112/><D112/><U122/><E122/><V108/><F108/><W9/><G121/><T37/><D83/><N who="1" m="49279" /><E43/><V84/><F84/><W61/><G126/><T30/><D37/><U114/><E114/><V113/><F113/><W135/><G135/><T119/><D42/><U38/><E38/><V129/><F129/><W110/><G110/><T57/><D71/><U59/><E59/><V29/><F3/><W25/><G4/><T45/><D45/><U12/><E19/><V31/><F55/><W47/><G7/><T13/><D119/><U132/><E132/><V10/><F78/><W16/><G47/><T102/><D102/><U46/><E46/><V101/><F76/><W0/><G18/><N who="0" m="10447" /><D30/><N who="2" m="11274" /><F101/><N who="3" m="60575" /><G0/><T63/><D63/><U44/><E44/><V85/><F5/><W2/><G2/><T133/><D133/><U131/><E131/><V6/><F6/><W15/><G28/><T107/><D107/><U80/><E80/><V73/><F73/><W81/><G81/><RYUUKYOKU ba="1,1" sc="168,10,184,10,230,-30,408,10" hai0="48,49,57,60,67,74,77,82,91,93" hai1="12,17,50,51" hai3="8,9,15,16,20,25,27,52,56,61" /><INIT seed="4,2,1,5,3,44" ten="178,194,200,418" oya="0" hai0="41,5,55,94,45,19,91,85,117,31,17,113,70" hai1="21,63,15,118,58,36,76,46,28,92,84,32,128" hai2="114,20,99,86,66,22,60,53,81,100,38,47,98" hai3="27,77,50,121,43,26,96,48,69,108,78,51,25"/><T106/><D117/><U120/><E118/><V127/><F114/><W39/><G108/><T65/><D106/><U64/><E120/><V133/><F133/><W54/><G69/><T90/><D113/><U95/><E128/><V89/><F127/><W126/><G39/><T57/><D70/><U67/><E67/><V37/><F99/><W134/><G43/><T49/><D65/><U87/><E32/><V8/><F8/><W61/><G126/><T112/><D112/><U97/><E76/><N who="3" m="29290" /><G134/><T9/><D31/><U1/><E1/><V131/><F131/><W7/><G7/><T105/><D91/><U56/><E56/><V18/><F20/><W109/><G109/><T82/><D82/><U83/><E83/><V71/><F53/><W80/><G121/><T103/><D103/><N who="1" m="60839" /><E95/><V3/><F47/><W75/><G75/><T35/><D105/><U34/><E34/><V11/><F11/><W135/><G135/><T101/><D101/><U107/><E15/><V12/><REACH who="2" step="1"/><F3/><REACH who="2" ten="178,194,190,418" step="2"/><W52/><G96/><T59/><D35/><U79/><E107/><AGARI ba="2,2" hai="12,18,22,37,38,60,66,71,81,86,89,98,100,107" machi="107" ten="30,3900,0" yaku="1,1,2,1,7,1,53,0" doraHai="44" doraHaiUra="116" who="2" fromWho="1" sc="178,0,194,-45,190,65,418,0" /><INIT seed="5,0,0,1,1,39" ten="178,149,255,418" oya="1" hai0="114,50,73,127,87,88,135,3,113,69,55,9,54" hai1="61,43,22,100,35,68,122,17,36,13,109,107,26" hai2="12,117,80,83,48,38,85,112,71,93,32,90,97" hai3="65,118,23,96,123,45,63,15,34,94,4,8,44"/><U59/><E122/><V132/><F32/><W91/><G34/><T58/><D73/><U102/><E109/><V47/><F117/><W27/><G123/><T0/><D69/><U75/><E75/><V103/><F71/><W130/><G130/><T53/><D135/><U104/><E68/><V2/><F2/><W30/><G118/><T41/><D127/><U64/><E102/><V131/><F38/><W52/><G65/><T57/><D3/><U18/><E100/><V20/><F132/><W126/><G126/><T56/><D9/><U82/><E82/><V76/><F112/><N who="0" m="43114" /><D0/><U25/><E25/><V133/><F131/><W134/><G134/><T74/><D74/><U119/><E119/><V5/><F133/><W70/><G70/><T10/><D10/><U51/><E36/><V6/><F20/><W24/><G24/><T42/><D50/><U1/><E1/><V29/><F29/><W120/><G120/><T21/><D21/><U129/><E129/><V98/><F12/><W14/><G14/><T106/><D106/><U89/><E89/><V101/><F101/><W62/><G62/><T110/><D110/><U125/><E125/><V46/><F83/><AGARI ba="0,0" hai="41,42,53,54,55,56,57,58,83,87,88" m="43114" machi="83" ten="40,8000,1" yaku="15,1,52,2,54,1" doraHai="39" who="0" fromWho="2" sc="178,80,149,0,255,-80,418,0" /><INIT seed="6,0,0,1,3,97" ten="258,149,175,418" oya="2" hai0="122,116,1,19,102,11,99,64,80,40,56,8,63" hai1="128,83,38,104,47,115,86,98,39,29,69,75,129" hai2="28,123,106,94,132,35,50,78,112,22,93,42,117" hai3="101,54,16,96,124,120,55,88,110,44,121,13,5"/><V37/><F117/><W67/><G110/><T15/><D122/><U49/><E75/><V53/><F123/><W77/><G77/><T58/><D116/><U46/><E69/><V30/><F106/><W36/><G5/><T0/><D40/><U91/><E29/><V74/><F35/><W62/><G124/><T71/><D80/><U113/><E39/><V72/><F112/><N who="1" m="43081" /><E38/><V60/><F132/><W105/><G36/><T26/><D26/><U100/><E49/><V68/><F78/><W20/><G55/><T25/><D25/><U23/><E23/><V118/><F118/><W43/><G43/><T119/><D119/><U9/><E9/><V127/><F127/><W111/><G111/><T12/><D1/><U45/><AGARI ba="0,0" hai="45,46,47,83,86,91,98,100,104,128,129" m="43081" machi="45" ten="40,2700,0" yaku="15,1,52,1" doraHai="97" who="1" fromWho="1" sc="258,-7,149,27,175,-13,418,-7" /><INIT seed="7,0,0,2,3,42" ten="251,176,162,411" oya="3" hai0="69,79,53,26,10,55,60,85,15,130,84,70,37" hai1="29,118,131,120,72,119,102,20,78,77,56,27,19" hai2="134,132,31,81,83,12,17,62,1,117,135,86,25" hai3="96,80,11,7,65,90,38,108,129,97,33,49,101"/><W3/><G38/><T106/><D26/><N who="1" m="14623" /><E120/><V52/><F1/><W127/><G33/><T61/><D106/><U16/><E131/><V111/><F111/><W122/><G122/><T8/><D37/><U35/><E72/><V45/><F117/><N who="1" m="44553" /><E102/><V58/><F45/><W126/><G129/><T24/><D130/><U23/><E56/><V30/><F25/><AGARI ba="0,0" hai="16,23,25,27,29,35,77,78" m="44553,14623" machi="25" ten="30,2000,0" yaku="12,1,54,1" doraHai="42" who="1" fromWho="2" sc="251,0,176,20,162,-20,411,0" owari="251,5.0,196,-20.0,142,-36.0,411,51.0" /></mjloggm>