<mjloggm ver="2.3"><GO type="169" lobby="0"/><UN n0="%E4%BC%8A%E4%BB%8B" n1="%E3%83%8A%E3%82%AB%E3%81%AB%E3%81%97" n2="%E3%81%97%E3%81%BE%E3%81%98%E3%82%83%E3%81%8F%40%E4%B8%80%E7%95%99" n3="%6B%6F%75%37%37%37" dan="16,17,17,17" rate="2062.00,2239.31,2130.24,2225.39" sx="M,M,M,M"/><TAIKYOKU oya="0"/><INIT seed="0,0,0,3,3,5" ten="250,250,250,250" oya="0" hai0="101,90,0,76,19,79,50,47,49,52,114,75,48" hai1="85,21,62,134,96,87,30,127,65,120,111,2,118" hai2="56,60,70,17,23,73,29,128,84,94,13,63,64" hai3="45,102,4,26,123,86,44,22,88,135,39,10,115"/><T125/><D114/><U42/><E118/><V77/><F73/><W117/><G117/><T54/><D125/><U59/><E120/><V14/><F128/><W103/><G115/><T107/><D0/><U12/><E111/><V37/><F37/><W91/><G135/><T97/><D75/><U124/><E2/><V35/><F35/><W99/><G123/><T3/><D3/><U109/><E109/><V78/><F29/><W95/><G39/><T93/><D19/><U108/><E108/><V92/><F14/><N who="3" m="5447" /><G103/><T43/><D48/><U58/><E42/><V34/><F34/><W129/><G129/><T131/><D131/><U61/><E96/><V41/><F41/><W104/><G104/><T100/><D43/><U110/><E134/><V67/><REACH who="2" step="1"/><F84/><REACH who="2" ten="250,250,240,250" step="2"/><W82/><G102/><N who="0" m="39531" /><D107/><U15/><E110/><V7/><F7/><W57/><G57/><AGARI ba="0,1" hai="47,49,50,52,54,57,76,79,90,93,97" m="39531" machi="57" ten="30,2900,0" yaku="8,1,54,1" doraHai="5" who="0" fromWho="3" sc="250,39,250,0,240,0,250,-29" /><INIT seed="0,1,0,2,2,107" ten="289,250,240,221" oya="0" hai0="57,34,110,77,50,72,91,32,37,47,65,17,117" hai1="120,25,23,83,38,128,97,39,92,113,2,58,56" hai2="125,26,103,111,101,28,54,127,78,102,130,6,14" hai3="68,21,124,109,18,74,44,123,62,99,108,5,52"/><T100/><D117/><U87/><E120/><V84/><F111/><N who="3" m="42571" /><G124/><N who="2" m="47689" /><F130/><W95/><G5/><T7/><D110/><U12/><E2/><V71/><F71/><W36/><G123/><T105/><D37/><U82/><E128/><V16/><F6/><W29/><G29/><T19/><D7/><U31/><E113/><V55/><F84/><W33/><G33/><T61/><D91/><U4/><E38/><V9/><F78/><W3/><G3/><T126/><D126/><U30/><E30/><V11/><F9/><W10/><G10/><T118/><D118/><U41/><E83/><V40/><F40/><N who="3" m="22535" /><G68/><T22/><D19/><U42/><E4/><V89/><F89/><W24/><G74/><T53/><D100/><N who="2" m="25602" /><V131/><DORA hai="134" /><F131/><W45/><G99/><T20/><D105/><U112/><E87/><V94/><F94/><W70/><G95/><T63/><D77/><U96/><E92/><V90/><F90/><W51/><G70/><T86/><D72/><U132/><E41/><V73/><F73/><W49/><G49/><T80/><D50/><U75/><E42/><V79/><F79/><W121/><G121/><T135/><D86/><U15/><E96/><V13/><F13/><W67/><G62/><T85/><D63/><U106/><E97/><V98/><F98/><W1/><G1/><T43/><D61/><U69/><E12/><V48/><F48/><W116/><G116/><T129/><D85/><U8/><E15/><V114/><F114/><W93/><G93/><T119/><D129/><U104/><E75/><V60/><F60/><W88/><G88/><RYUUKYOKU ba="1,0" sc="289,-15,250,-15,240,15,221,15" hai2="11,14,16,26,28,54,55" hai3="18,21,24,45,51,52,67" /><INIT seed="1,2,0,5,0,44" ten="274,235,255,236" oya="1" hai0="85,1,50,45,77,100,20,104,57,42,103,3,120" hai1="29,76,5,18,108,37,48,15,10,115,118,116,124" hai2="47,25,14,16,74,132,64,73,101,52,28,79,98" hai3="7,72,133,43,59,94,107,68,38,49,91,95,0"/><U87/><E115/><V69/><F132/><W105/><G68/><T55/><D120/><U119/><E37/><V121/><F121/><W102/><G72/><T33/><D33/><U61/><E124/><V97/><F64/><W99/><G133/><T58/><D58/><U66/><E29/><V122/><F69/><W13/><G0/><T23/><D3/><U39/><E39/><V22/><F79/><W106/><G38/><T114/><D1/><U80/><E108/><V111/><F111/><W63/><G13/><T125/><D114/><U75/><E75/><V123/><F123/><W27/><G27/><T65/><D65/><U89/><E76/><V110/><F98/><W130/><G7/><T12/><D104/><U35/><E35/><V40/><F110/><W92/><G130/><T131/><D125/><U82/><E82/><V93/><F122/><W70/><G70/><T24/><D12/><U129/><E129/><V36/><REACH who="2" step="1"/><F52/><REACH who="2" ten="274,235,245,236" step="2"/><W62/><G62/><N who="0" m="36159" /><D131/><U78/><E78/><V2/><F2/><W32/><G63/><T71/><D71/><U21/><E61/><V127/><F127/><W54/><G99/><T11/><D85/><U26/><REACH who="1" step="1"/><E66/><REACH who="1" ten="274,225,245,236" step="2"/><V113/><F113/><W30/><G30/><T112/><D77/><U86/><E86/><V53/><F53/><W17/><G54/><T6/><D112/><U60/><E60/><V96/><F96/><W134/><G134/><T135/><D135/><U56/><E56/><V81/><F81/><W46/><G59/><T88/><D42/><U4/><E4/><V90/><F90/><W31/><G91/><RYUUKYOKU ba="2,2" sc="274,-15,225,15,245,15,236,-15" hai1="5,10,15,18,21,26,48,80,87,89,116,118,119" hai2="14,16,22,25,28,36,40,47,73,74,93,97,101" /><INIT seed="1,3,2,2,3,51" ten="259,240,260,221" oya="1" hai0="41,68,54,131,42,57,38,9,46,73,39,1,115" hai1="75,21,88,27,3,98,31,0,109,90,12,79,40" hai2="5,80,8,36,74,124,23,29,89,122,50,101,32" hai3="72,125,35,78,134,2,65,11,133,121,135,16,20"/><U100/><E40/><V25/><F36/><W28/><G65/><T63/><D73/><U24/><E109/><V84/><F122/><W102/><G102/><T60/><D115/><U70/><E70/><V82/><F124/><W126/><G78/><T7/><D131/><U53/><E79/><V17/><F101/><W85/><G85/><T116/><D116/><U44/><E75/><V49/><F80/><W71/><G71/><T106/><D106/><U111/><E111/><V129/><F74/><W103/><G103/><T26/><D26/><U76/><E76/><V127/><F127/><N who="3" m="48651" /><G72/><T112/><D112/><U95/><E27/><V59/><F59/><W96/><G96/><T77/><D77/><U6/><E0/><V87/><F87/><W104/><G104/><T97/><D97/><U113/><E3/><V108/><F129/><W58/><G58/><T61/><D68/><U105/><E105/><V91/><F91/><N who="1" m="34857" /><E113/><V117/><F117/><W18/><G35/><T19/><D19/><N who="3" m="7209" /><G121/><T83/><D83/><U30/><E30/><V33/><F108/><W67/><G67/><T118/><D118/><U130/><E130/><V110/><F110/><W55/><G55/><T43/><D41/><U132/><E53/><V34/><F29/><W94/><G94/><T92/><D92/><U86/><E86/><V128/><F128/><W52/><G52/><T99/><D99/><U47/><E47/><AGARI ba="3,2" hai="1,7,9,38,39,42,43,46,47,54,57,60,61,63" machi="47" ten="40,2600,0" yaku="9,1,52,1" doraHai="51" who="0" fromWho="1" sc="259,55,240,-35,260,0,221,0" /><INIT seed="2,0,0,1,2,42" ten="314,205,260,221" oya="2" hai0="5,114,30,65,53,49,37,109,71,23,113,3,2" hai1="86,4,110,99,116,101,87,75,97,48,26,7,90" hai2="39,125,64,84,88,127,0,24,46,55,10,77,133" hai3="79,15,81,18,11,59,58,9,60,67,57,108,128"/><V118/><F118/><W106/><G108/><T66/><D37/><U131/><E116/><V62/><F133/><W129/><G106/><T70/><D109/><U126/><E110/><V135/><F135/><W92/><G92/><T50/><D23/><U17/><E75/><V41/><F77/><W28/><G28/><T73/><D30/><U1/><E131/><V44/><F24/><W96/><G96/><T122/><D5/><U25/><E126/><N who="2" m="48139" /><F10/><W33/><G33/><T31/><D31/><U54/><E1/><V40/><F55/><W117/><G117/><T43/><D43/><N who="2" m="16458" /><F0/><W134/><G134/><T105/><D53/><U8/><E8/><V80/><F39/><W93/><G9/><T36/><D36/><U76/><E76/><V104/><F104/><W38/><G38/><T85/><D105/><U21/><E25/><V74/><F74/><W82/><G79/><T27/><D73/><U32/><E32/><V47/><F47/><W78/><G78/><T121/><D27/><U29/><E29/><V16/><F16/><W35/><G35/><T51/><D51/><U111/><E111/><V19/><F19/><W94/><G129/><T63/><D63/><U132/><E132/><V123/><F123/><W103/><G128/><T124/><D124/><U112/><E4/><V83/><F83/><N who="3" m="31755" /><G94/><T69/><D69/><AGARI ba="0,0" hai="44,46,62,64,69,80,84,88" m="16458,48139" machi="69" ten="30,11600,0" yaku="18,1,52,2,54,1" doraHai="42" who="2" fromWho="0" sc="314,-116,205,0,260,116,221,0" /><INIT seed="2,1,0,1,2,71" ten="198,205,376,221" oya="2" hai0="41,97,102,83,92,104,64,67,18,124,86,45,60" hai1="33,88,99,87,56,79,21,77,7,95,120,23,73" hai2="5,8,122,135,98,130,125,91,29,54,106,81,65" hai3="70,19,28,112,103,96,110,129,105,48,4,119,15"/><V51/><F122/><W10/><G119/><T55/><D124/><U61/><E33/><V82/><F65/><W34/><G110/><T59/><D104/><U36/><E120/><V94/><F125/><W46/><G129/><T57/><D57/><U22/><E73/><V72/><F130/><W11/><G70/><T25/><D25/><U58/><E7/><V76/><F135/><W74/><G74/><T27/><D27/><U62/><E36/><V24/><F81/><W68/><G68/><T16/><D67/><N who="1" m="39335" /><E87/><V132/><F106/><W49/><G112/><T14/><D14/><U17/><E17/><V134/><F134/><W109/><G109/><T80/><D64/><AGARI ba="1,0" hai="21,22,23,58,62,64,77,79,88,95,99" m="39335" machi="64" ten="30,2000,0" yaku="8,1,54,1" doraHai="71" who="1" fromWho="0" sc="198,-23,205,23,376,0,221,0" /><INIT seed="3,0,0,5,2,98" ten="175,228,376,221" oya="3" hai0="21,39,70,48,88,54,13,111,64,126,133,26,85" hai1="121,45,81,57,3,113,66,2,37,22,34,103,125" hai2="33,63,94,24,80,20,7,135,56,100,11,82,134" hai3="104,68,109,49,115,87,23,15,105,6,102,91,12"/><W52/><G68/><T83/><D111/><U60/><E34/><V47/><F33/><W130/><G115/><T107/><D126/><U120/><E113/><V97/><F47/><W59/><G130/><T51/><D133/><N who="2" m="50698" /><F11/><W122/><G122/><T1/><D1/><U78/><E125/><V32/><F7/><W43/><G109/><T58/><D39/><U73/><E22/><V61/><F32/><W95/><G102/><T79/><D13/><U18/><E18/><N who="2" m="12311" /><F63/><W31/><G43/><T84/><D107/><U5/><E103/><V14/><F14/><W77/><G77/><T127/><D127/><U89/><E89/><V9/><F9/><N who="3" m="4151" /><G31/><T35/><D35/><U28/><E28/><V72/><F72/><W116/><G116/><T50/><D64/><AGARI ba="0,0" hai="56,61,64,80,82,94,97,100" m="12311,50698" machi="64" ten="30,2000,0" yaku="20,1,52,1" doraHai="98" who="2" fromWho="0" sc="175,-20,228,0,376,20,221,0" /><INIT seed="4,0,0,1,0,6" ten="155,228,396,221" oya="0" hai0="58,93,50,5,15,111,74,75,113,44,95,47,9" hai1="54,112,13,98,70,29,99,40,135,26,37,127,32" hai2="103,130,22,125,25,8,1,10,83,122,106,31,42" hai3="120,23,16,53,76,116,64,66,49,28,36,128,21"/><T72/><D113/><U117/><E117/><V89/><F122/><W34/><G116/><T97/><D111/><U48/><E70/><V121/><F121/><W134/><G36/><T87/><D87/><U86/><E135/><V38/><F1/><W80/><G34/><T96/><D58/><U82/><E127/><V12/><F106/><W69/><G128/><T119/><D119/><U91/><E112/><V2/><F103/><W56/><G134/><T52/><REACH who="0" step="1"/><D44/><REACH who="0" ten="145,228,396,221" step="2"/><U108/><E108/><V133/><F133/><W114/><G114/><T35/><D35/><U126/><E126/><V100/><F125/><W131/><G120/><T123/><D123/><U102/><E98/><AGARI ba="0,1" hai="5,9,15,47,50,52,72,74,75,93,95,96,97,98" machi="98" ten="40,7700,0" yaku="1,1,52,1,54,1,53,0" doraHai="6" doraHaiUra="115" who="0" fromWho="1" sc="145,87,228,-77,396,0,221,0" /><INIT seed="4,1,0,4,1,44" ten="232,151,396,221" oya="0" hai0="115,62,121,102,3,125,22,46,99,127,113,111,129" hai1="117,14,126,104,91,77,68,101,52,95,54,83,128" hai2="66,49,10,59,112,103,58,96,109,12,0,34,79" hai3="74,114,70,93,85,86,19,123,41,108,118,88,81"/><T35/><D35/><U55/><E117/><V29/><F109/><W69/><G108/><T134/><D111/><U23/><E128/><V87/><F0/><W131/><G118/><T120/><D3/><U63/><E126/><N who="0" m="48137" /><D62/><U33/><E33/><V135/><F29/><W32/><G131/><T60/><D60/><U40/><E40/><V18/><F34/><W7/><G114/><N who="0" m="43531" /><D22/><U72/><E104/><V119/><F119/><W1/><G123/><N who="0" m="47179" /><D46/><U82/><E101/><V5/><F103/><W65/><G32/><T6/><D6/><U2/><E82/><V84/><F5/><W106/><G7/><T94/><D134/><U64/><E2/><V76/><F135/><W98/><G1/><T107/><D129/><U15/><REACH who="1" step="1"/><E23/><REACH who="1" ten="232,141,396,221" step="2"/><V100/><F112/><W90/><G41/><T47/><D47/><U61/><E61/><V105/><F66/><W30/><G65/><T16/><D16/><U27/><E27/><V42/><F18/><W20/><G19/><T75/><D75/><U25/><E25/><V132/><F132/><W57/><G74/><T97/><D97/><AGARI ba="1,1" hai="14,15,52,54,55,63,64,68,72,77,83,91,95,97" machi="97" ten="40,2600,0" yaku="1,1,54,1,53,0" doraHai="44" doraHaiUra="43" who="1" fromWho="0" sc="232,-29,141,39,396,0,221,0" /><INIT seed="5,0,0,4,5,83" ten="203,180,396,221" oya="1" hai0="57,3,102,29,32,54,41,62,55,132,68,44,46" hai1="5,112,63,61,127,93,52,9,1,119,17,16,120" hai2="118,103,131,24,110,104,98,42,91,51,130,76,122" hai3="27,116,0,90,92,128,34,48,80,73,19,97,49"/><U87/><E119/><V72/><F110/><W106/><G128/><N who="2" m="49193" /><F24/><W71/><G71/><T123/><D3/><U95/><E120/><V69/><F69/><W74/><G116/><T40/><D102/><U20/><E127/><V14/><F118/><W79/><G73/><T85/><D32/><U13/><E112/><V84/><F14/><W105/><G0/><T56/><D29/><U111/><E111/><V134/><F51/><W28/><G19/><N who="1" m="7242" /><E1/><V81/><F42/><W124/><G124/><T133/><D68/><U26/><E95/><N who="2" m="54759" /><F134/><W88/><G90/><T75/><D75/><U47/><E20/><V78/><F78/><W11/><G11/><T59/><D123/><AGARI ba="0,0" hai="72,76,81,98,103,104,122,123" m="54759,49193" machi="123" ten="30,8000,1" yaku="24,1,19,1,34,2,52,1" doraHai="83" who="2" fromWho="0" sc="203,-80,180,0,396,80,221,0" /><INIT seed="6,0,0,1,1,124" ten="123,180,476,221" oya="2" hai0="14,118,121,16,19,29,47,81,58,57,17,18,94" hai1="128,82,21,130,44,32,83,51,129,61,15,31,22" hai2="125,70,99,3,67,120,90,49,46,85,54,7,133" hai3="30,77,95,89,84,39,109,45,100,35,48,66,11"/><V42/><F120/><W27/><G109/><T2/><D121/><U53/><E61/><V116/><F116/><W13/><G39/><T64/><D2/><U68/><E68/><V75/><F75/><W119/><G119/><T88/><D118/><U134/><E134/><V74/><F74/><W6/><G66/><T110/><D110/><U38/><E38/><V132/><F99/><W96/><G77/><T102/><D29/><U10/><E32/><V36/><F7/><W1/><G1/><T34/><D34/><U25/><E22/><V52/><F3/><W101/><G84/><T78/><D102/><U50/><E51/><V86/><F86/><W80/><G80/><T123/><D123/><U4/><AGARI ba="0,0" hai="4,10,15,21,25,31,44,50,53,82,83,128,129,130" machi="4" ten="30,8000,1" yaku="0,1,19,1,52,3" doraHai="124" who="1" fromWho="1" sc="123,-20,180,80,476,-40,221,-20" /><INIT seed="7,0,0,1,2,118" ten="103,260,436,201" oya="3" hai0="89,18,71,125,83,119,16,109,31,102,63,64,13" hai1="27,91,128,76,110,2,133,67,29,22,36,17,130" hai2="65,116,73,115,88,121,48,86,60,95,99,46,132" hai3="43,112,4,30,52,33,103,15,42,120,9,117,3"/><W77/><G120/><T51/><D125/><U56/><E36/><V0/><F73/><W34/><G117/><T100/><D109/><U61/><E110/><V26/><F116/><W82/><G112/><T70/><D119/><U101/><E2/><V35/><F0/><W32/><G103/><T44/><D71/><U21/><E76/><V111/><F111/><W55/><G30/><T25/><D18/><U11/><E11/><V81/><F121/><W107/><G107/><T38/><D38/><U134/><E91/><V10/><F10/><W40/><REACH who="3" step="1"/><G3/><REACH who="3" ten="103,260,436,191" step="2"/><T108/><D108/><U105/><E101/><V87/><F115/><W98/><G98/><T1/><D1/><U59/><E105/><V45/><F99/><W37/><G37/><T131/><D131/><N who="1" m="50219" /><E59/><V14/><F132/><W127/><G127/><T79/><D89/><U122/><E122/><V84/><F88/><W49/><G49/><T106/><D106/><U96/><E96/><V28/><F48/><W114/><G114/><T12/><D102/><U129/><E129/><V74/><F28/><W58/><G58/><T68/><D100/><U5/><E133/><V69/><F69/><W94/><G94/><T85/><D70/><U104/><E104/><V124/><F95/><W47/><G47/><T75/><D31/><U39/><E134/><V7/><F124/><W6/><G6/><T57/><D68/><U92/><E92/><V41/><F46/><W97/><G97/><T54/><REACH who="0" step="1"/><D75/><AGARI ba="0,1" hai="4,9,15,32,33,34,40,42,43,52,55,75,77,82" machi="75" ten="50,4800,0" yaku="1,1,54,1,53,0" doraHai="118" doraHaiUra="123" who="3" fromWho="0" sc="103,-48,260,0,436,0,191,58" /><INIT seed="7,1,0,3,4,66" ten="55,260,436,249" oya="3" hai0="28,39,27,90,59,63,11,92,72,104,46,121,123" hai1="87,79,2,44,106,97,117,8,122,20,95,109,37" hai2="12,30,22,84,125,21,71,40,55,105,5,99,127" hai3="19,53,34,110,36,26,81,51,15,103,56,16,1"/><W107/><G36/><T112/><D104/><U101/><E109/><V10/><F71/><W78/><G1/><T100/><D100/><U13/><E122/><V25/><F40/><W120/><G120/><T82/><D72/><U62/><E2/><V49/><F84/><W60/><G110/><T31/><D82/><U93/><E117/><V118/><F118/><W48/><G103/><T45/><D11/><U54/><E37/><V91/><F91/><W61/><G107/><T4/><D59/><N who="1" m="35191" /><E106/><V73/><F73/><W70/><G61/><T52/><D63/><U132/><E132/><V38/><F99/><W89/><G89/><T133/><D90/><N who="1" m="53471" /><E44/><N who="2" m="28071" /><F38/><W33/><G70/><T64/><D39/><U131/><E131/><V115/><F115/><W113/><G113/><T47/><D47/><U17/><E79/><V65/><F65/><W83/><G34/><T67/><D112/><U6/><E20/><N who="2" m="15655" /><F105/><W114/><G114/><T58/><D58/><U74/><E74/><V116/><F116/><W102/><G102/><T75/><D75/><U119/><E119/><V42/><F42/><W9/><G33/><T50/><D133/><U94/><E94/><V98/><F98/><W77/><G81/><T130/><D92/><U7/><AGARI ba="1,0" hai="6,7,8,13,17,95,97,101" m="53471,35191" machi="7" ten="30,1100,0" yaku="8,1" doraHai="66" who="1" fromWho="1" sc="55,-4,260,14,436,-4,249,-6" owari="51,-45.0,274,7.0,432,54.0,243,-16.0" /></mjloggm>