<mjloggm ver="2.3"><GO type="169" lobby="0"/><UN n0="%6C%67%64%47%6F%64%76" n1="%E5%B9%BB%E9%9C%8A" n2="%79%6F%75%61%6C%70%68%61" n3="%E3%81%AD%E3%81%AA%E3%81%84%E3%81%93%E3%81%A0%E3%82%8C%E3%81%A0" dan="16,17,17,16" rate="2076.95,2220.28,2176.77,2132.18" sx="M,F,M,M"/><TAIKYOKU oya="0"/><INIT seed="0,0,0,2,5,0" ten="250,250,250,250" oya="0" hai0="62,65,27,19,54,78,60,26,86,76,25,129,90" hai1="116,39,43,12,110,14,46,48,122,120,4,73,41" hai2="21,77,59,107,40,85,100,7,95,66,5,131,105" hai3="108,128,57,50,68,88,114,13,124,58,79,49,17"/><T82/><BYE who="1" /><D129/><U118/><E118/><V52/><F131/><W36/><G114/><T109/><D109/><U92/><E92/><V80/><F40/><UN n1="%E5%B9%BB%E9%9C%8A" /><W84/><G128/><T83/><D19/><U99/><E73/><V42/><F42/><W113/><G113/><T101/><D101/><U30/><E99/><N who="2" m="59519" /><F107/><W89/><G36/><T29/><D29/><U47/><E30/><V70/><F70/><W37/><G37/><T24/><N who="0" m="6144" /><DORA hai="16" /><T45/><D83/><U71/><E116/><V126/><F126/><W38/><G38/><T55/><D62/><U51/><E39/><V56/><F21/><N who="3" m="11439" /><G68/><T34/><D34/><U61/><E71/><V31/><F31/><W132/><G132/><T127/><D127/><U22/><E61/><N who="2" m="38183" /><F105/><W75/><G75/><T133/><D133/><U94/><E94/><V1/><F1/><W96/><G96/><T69/><REACH who="0" step="1"/><D45/><REACH who="0" ten="240,250,250,250" step="2"/><U102/><E102/><V2/><F2/><W63/><G124/><T98/><D98/><U53/><E110/><V104/><F104/><W72/><G108/><T15/><D15/><U81/><E81/><V67/><F67/><W11/><G63/><AGARI ba="0,1" hai="5,7,52,59,63,77,80,85" m="38183,59519" machi="63" ten="30,7700,0" yaku="8,1,52,2,54,1" doraHai="0,16" who="2" fromWho="3" sc="240,0,250,0,250,87,250,-77" /><INIT seed="1,0,0,2,1,131" ten="240,250,337,173" oya="1" hai0="96,20,75,49,115,21,73,1,129,7,11,92,38" hai1="9,24,80,133,71,95,53,2,47,107,33,22,114" hai2="100,57,101,67,127,109,97,134,128,83,125,4,56" hai3="29,117,59,35,51,8,0,54,126,45,43,99,76"/><U69/><E107/><V37/><F128/><W5/><G126/><N who="2" m="48137" /><F109/><W104/><G117/><T94/><D38/><U84/><E114/><V25/><F37/><W111/><G111/><T28/><D115/><U106/><E106/><V50/><F4/><W61/><G35/><T113/><D113/><U26/><E33/><V88/><F25/><W103/><G29/><T93/><D96/><U58/><E47/><V105/><F101/><W36/><G76/><T68/><D68/><U60/><E95/><V90/><F134/><W46/><G46/><T66/><D7/><U132/><E9/><V118/><F118/><W102/><G102/><T64/><D11/><U52/><E2/><V40/><F67/><W39/><REACH who="3" step="1"/><G43/><REACH who="3" ten="240,250,337,163" step="2"/><T110/><D129/><U70/><E53/><V55/><F40/><W74/><G74/><T27/><D75/><U6/><E6/><V81/><F90/><W15/><G15/><T98/><D1/><U121/><E121/><V77/><F88/><W79/><G79/><T16/><D73/><U48/><E26/><V44/><F77/><W41/><AGARI ba="0,1" hai="0,5,8,36,39,41,45,51,54,59,61,99,103,104" machi="41" ten="20,2700,0" yaku="1,1,0,1,7,1,53,0" doraHai="131" doraHaiUra="130" who="3" fromWho="3" sc="240,-7,250,-13,337,-7,163,37" /><INIT seed="2,0,0,0,3,100" ten="233,237,330,200" oya="2" hai0="35,16,117,95,66,87,33,46,6,26,73,99,124" hai1="110,41,57,101,2,75,51,19,122,14,23,17,58" hai2="93,134,53,21,97,70,77,31,96,12,116,10,74" hai3="104,1,59,60,123,63,82,47,105,43,67,103,24"/><V37/><F116/><W133/><G123/><T71/><D73/><U120/><E75/><V22/><F70/><W20/><G1/><T129/><D129/><U115/><E2/><V42/><F134/><W55/><G103/><T32/><D124/><U15/><E101/><V118/><F118/><W38/><G82/><T90/><D117/><U48/><E41/><V135/><F135/><W88/><G133/><T39/><D6/><U69/><E69/><V34/><F34/><W49/><G88/><T114/><D114/><U36/><E36/><V62/><F96/><W54/><G63/><T108/><D108/><U91/><E91/><V79/><F31/><W27/><G27/><T52/><D66/><U121/><E110/><V131/><F131/><W81/><G81/><T8/><D71/><U3/><E3/><V126/><F42/><W89/><G89/><T113/><D39/><U85/><E85/><V84/><F37/><W0/><G0/><T119/><D119/><U106/><E106/><V30/><F30/><W45/><REACH who="3" step="1"/><G67/><REACH who="3" ten="233,237,330,190" step="2"/><T76/><D76/><U50/><E115/><V29/><F77/><W56/><G56/><T64/><D64/><U25/><E25/><V44/><F62/><W72/><G72/><T127/><D26/><U7/><E58/><V13/><F74/><W109/><G109/><T107/><D113/><U112/><E57/><V5/><F79/><W102/><G102/><T94/><D87/><U78/><E112/><V80/><F84/><W130/><G130/><T61/><D61/><U92/><E78/><V4/><F80/><W28/><AGARI ba="0,1" hai="20,24,28,38,43,45,47,49,54,55,59,60,104,105" machi="28" ten="20,12000,2" yaku="1,1,5,1,0,1,7,1,52,2,53,0" doraHai="100" doraHaiUra="11" who="3" fromWho="3" sc="233,-30,237,-30,330,-60,190,130" /><INIT seed="3,0,0,0,1,63" ten="203,207,270,320" oya="3" hai0="20,48,50,30,15,5,85,18,7,28,74,80,29" hai1="34,128,93,83,64,133,102,129,33,121,127,99,124" hai2="2,114,89,40,87,134,70,45,76,96,35,67,73" hai3="75,23,116,103,49,6,120,65,130,119,71,86,53"/><W79/><G120/><T107/><D74/><U84/><E121/><V131/><F114/><W19/><G75/><T12/><D107/><U66/><E33/><V24/><F2/><W57/><G130/><N who="1" m="50282" /><E34/><V10/><F131/><W44/><G6/><T9/><REACH who="0" step="1"/><D7/><REACH who="0" ten="193,207,270,320" step="2"/><U41/><E133/><V72/><F73/><W1/><G119/><T39/><D39/><U21/><E127/><V82/><F134/><W4/><G4/><T88/><AGARI ba="0,1" hai="5,9,12,15,18,20,28,29,30,48,50,80,85,88" machi="88" ten="30,7900,0" yaku="1,1,0,1,8,1,54,1,53,0" doraHai="63" doraHaiUra="59" who="0" fromWho="0" sc="193,89,207,-20,270,-20,320,-39" /><INIT seed="4,0,0,1,3,131" ten="282,187,250,281" oya="0" hai0="52,124,109,90,25,31,71,57,4,83,5,110,12" hai1="95,24,47,20,42,86,38,91,8,2,26,117,105" hai2="74,41,11,18,88,89,99,132,125,72,21,65,78" hai3="15,33,43,94,92,81,32,19,114,17,68,46,37"/><T101/><D71/><U70/><E117/><V121/><F125/><W48/><G68/><T76/><D124/><U82/><E70/><V22/><F121/><W130/><G130/><T108/><D101/><U107/><E26/><V64/><F41/><W16/><G114/><T122/><D90/><U111/><E111/><BYE who="1" /><V73/><F78/><W28/><G15/><T54/><D122/><U118/><E118/><V51/><F51/><W100/><G37/><T3/><D3/><U113/><E113/><V98/><F11/><W60/><G60/><UN n1="%E5%B9%BB%E9%9C%8A" /><T61/><D54/><U36/><E36/><V77/><F77/><W120/><G81/><T9/><D5/><U129/><E129/><V30/><F30/><W49/><G28/><T0/><D0/><U58/><E58/><V79/><F79/><W87/><G49/><T85/><REACH who="0" step="1"/><D109/><REACH who="0" ten="272,187,250,281" step="2"/><U1/><E1/><V35/><F89/><W29/><G100/><T45/><D45/><U62/><E2/><V115/><F88/><W14/><G120/><T93/><D93/><U134/><E95/><V119/><F119/><W123/><G123/><T7/><D7/><U112/><E91/><V55/><F115/><W59/><G94/><T10/><D10/><U56/><E8/><V127/><F55/><W39/><G92/><T75/><D75/><U84/><E112/><V96/><F127/><W40/><G87/><T106/><D106/><U50/><E86/><V102/><F102/><W133/><G46/><T44/><D44/><U69/><E84/><V66/><F72/><W27/><G43/><T103/><D103/><U23/><E42/><RYUUKYOKU ba="0,1" sc="272,30,187,-10,250,-10,281,-10" hai0="4,9,12,25,31,52,57,61,76,83,85,108,110" /><INIT seed="4,1,1,3,1,75" ten="302,177,240,271" oya="0" hai0="119,47,30,0,94,37,66,107,108,101,103,1,46" hai1="22,15,60,29,86,64,49,120,8,2,41,113,54" hai2="10,100,125,77,21,24,72,19,73,123,111,127,6" hai3="110,25,28,116,7,9,93,118,81,104,97,70,122"/><T76/><D119/><U43/><E120/><V26/><F111/><W121/><G110/><T12/><D108/><U55/><E2/><V34/><F100/><N who="3" m="62479" /><G81/><T52/><D107/><U44/><E113/><V11/><F123/><N who="3" m="47115" /><G93/><T133/><D66/><U89/><E54/><V91/><F91/><W59/><G59/><T63/><D30/><U50/><E50/><V51/><F51/><W45/><G70/><T53/><D12/><U57/><E29/><N who="2" m="19751" /><F77/><W36/><G45/><T3/><D133/><U69/><E22/><V5/><F73/><W112/><G112/><T13/><D94/><U42/><E69/><V114/><F72/><W88/><G88/><T74/><D13/><U98/><E98/><V32/><F32/><N who="3" m="20495" /><G36/><T135/><D37/><U14/><REACH who="1" step="1"/><E8/><REACH who="1" ten="302,167,240,271" step="2"/><N who="2" m="3115" /><F114/><W20/><G20/><T67/><D53/><U31/><E31/><V23/><F21/><W83/><G118/><T87/><D52/><U115/><E115/><V134/><F134/><W99/><G99/><T109/><D135/><U68/><E68/><V56/><F56/><W82/><G116/><T90/><D109/><U17/><E17/><V85/><F5/><W131/><G131/><T79/><D67/><U65/><E65/><V128/><F6/><W61/><G61/><T129/><D63/><U124/><E124/><N who="2" m="47691" /><F128/><W126/><G126/><T105/><D129/><U39/><E39/><V4/><F4/><W18/><G18/><T96/><D96/><U132/><E132/><V106/><F106/><W62/><G62/><T38/><D105/><U58/><E58/><V33/><F33/><W35/><G35/><RYUUKYOKU ba="1,2" sc="302,-30,167,10,240,10,271,10" hai1="14,15,41,42,43,44,49,55,57,60,64,86,89" hai2="19,23,26,85" hai3="7,9,82,83" /><INIT seed="5,2,2,2,5,72" ten="272,177,250,281" oya="1" hai0="35,96,16,6,111,46,132,8,2,13,70,29,121" hai1="106,47,3,119,27,7,64,104,123,45,81,28,85" hai2="60,108,58,24,9,56,42,134,94,105,128,122,90" hai3="22,57,61,77,124,11,10,102,131,91,59,17,0"/><U69/><E123/><V88/><F108/><W98/><G131/><T103/><D111/><U38/><E119/><V116/><F116/><W1/><G59/><T114/><D114/><U25/><E7/><V32/><F105/><W126/><G1/><T135/><D70/><U97/><E3/><V82/><F122/><W66/><G91/><T118/><D118/><U99/><E38/><V44/><F134/><W21/><G21/><N who="0" m="11407" /><D46/><U31/><E85/><N who="2" m="50231" /><F32/><W62/><G61/><T74/><D74/><U100/><E81/><V23/><F9/><W12/><G77/><T95/><D121/><U120/><E120/><V89/><F128/><W75/><G75/><T113/><D113/><U125/><E69/><V78/><F78/><W80/><G80/><T76/><D76/><U20/><E64/><N who="2" m="38919" /><F58/><W37/><G37/><T49/><D49/><U52/><E125/><N who="3" m="48234" /><G0/><T101/><D101/><U14/><E14/><V115/><F115/><W63/><G62/><T33/><D33/><U79/><E79/><V30/><F94/><AGARI ba="2,2" hai="10,11,12,17,22,57,63,66,94,98,102" m="48234" machi="94" ten="30,1000,0" yaku="18,1" doraHai="72" who="3" fromWho="2" sc="272,0,177,0,250,-16,281,36" /><INIT seed="6,0,0,5,1,106" ten="272,177,234,317" oya="2" hai0="129,128,28,74,49,119,109,95,83,2,65,96,66" hai1="88,31,35,53,51,94,15,112,107,131,45,132,14" hai2="86,34,116,50,101,76,59,70,99,82,113,84,33" hai3="56,11,19,89,64,78,52,43,25,124,9,92,127"/><V110/><F116/><W21/><G64/><T91/><D109/><U60/><E107/><V105/><F70/><W114/><G114/><T121/><D121/><U104/><E104/><V80/><F113/><W7/><G43/><T10/><D119/><U134/><E112/><V61/><F50/><W4/><G78/><N who="0" m="44503" /><D28/><U125/><E125/><N who="3" m="48202" /><G7/><N who="0" m="1399" /><D49/><U120/><E120/><V98/><F98/><N who="3" m="57615" /><G4/><T0/><D0/><U8/><E131/><AGARI ba="0,0" hai="65,66,91,95,96,128,129,131" m="1399,44503" machi="131" ten="30,2000,0" yaku="19,1,52,1" doraHai="106" who="0" fromWho="1" sc="272,20,177,-20,234,0,317,0" /><INIT seed="7,0,0,1,5,54" ten="292,157,234,317" oya="3" hai0="64,121,84,29,68,9,15,89,35,37,90,74,66" hai1="10,109,108,78,49,24,134,16,2,102,38,126,44" hai2="59,86,135,14,83,115,88,61,23,58,97,40,28" hai3="55,119,117,118,131,113,47,21,129,104,116,22,127"/><W70/><G119/><T41/><D121/><U30/><E126/><V33/><F33/><W43/><G113/><T8/><D74/><U52/><E134/><V103/><F115/><W12/><G104/><T0/><D0/><U87/><E102/><V42/><F135/><W39/><G127/><T105/><D105/><U75/><E75/><V27/><F14/><W71/><G55/><T77/><D77/><U60/><E38/><V17/><F17/><N who="3" m="10407" /><G22/><T26/><D9/><U20/><E60/><V73/><F73/><W11/><G11/><T36/><D90/><U25/><E2/><V133/><F133/><W51/><G51/><T6/><D68/><U81/><REACH who="1" step="1"/><E10/><REACH who="1" ten="292,147,234,317" step="2"/><V50/><F50/><W85/><G118/><T65/><REACH who="0" step="1"/><D41/><REACH who="0" ten="282,147,234,317" step="2"/><U101/><E101/><V67/><F40/><W48/><G117/><T128/><D128/><N who="3" m="49225" /><G116/><T125/><D125/><U94/><E94/><AGARI ba="0,2" hai="6,8,15,26,29,35,36,37,64,65,66,84,89,94" machi="94" ten="40,1300,0" yaku="1,1,53,0" doraHai="54" doraHaiUra="122" who="0" fromWho="1" sc="282,33,147,-13,234,0,317,0" owari="315,12.0,134,-37.0,234,-17.0,317,42.0" /></mjloggm>