<mjloggm ver="2.3"><GO type="169" lobby="0"/><UN n0="%E6%84%9A%E5%BD%A2%E3%81%AE%E6%84%9A%E5%85%84" n1="%E3%81%8F%E3%82%89%E3%81%92%E3%81%92" n2="%E3%81%9B%E3%81%A9%E3%81%AA%E3%82%8A%E3%81%82%E3%82%93" n3="%53%50%E3%81%95%E3%81%AF%E3%82%89" dan="16,16,16,16" rate="2100.89,2106.49,2108.14,2158.67" sx="M,M,M,M"/><TAIKYOKU oya="0"/><INIT seed="0,0,0,3,0,55" ten="250,250,250,250" oya="0" hai0="76,45,118,134,115,104,22,102,91,14,79,62,35" hai1="93,58,124,63,36,11,47,28,84,105,25,38,34" hai2="41,103,61,72,56,69,130,121,59,74,131,97,64" hai3="50,77,3,57,0,16,71,86,132,17,18,54,52"/><T33/><D115/><U89/><E105/><V20/><F121/><W81/><G71/><T24/><D118/><U42/><E124/><V114/><F41/><W88/><G132/><T96/><D134/><U37/><REACH who="1" step="1"/><E11/><REACH who="1" ten="250,240,250,250" step="2"/><V80/><F114/><W67/><G67/><AGARI ba="0,1" hai="25,28,34,36,37,38,42,47,58,63,67,84,89,93" machi="67" ten="30,7700,0" yaku="1,1,2,1,7,1,52,1,53,0" doraHai="55" doraHaiUra="125" who="1" fromWho="3" sc="250,0,240,87,250,0,250,-77" /><INIT seed="1,0,0,0,3,93" ten="250,327,250,173" oya="1" hai0="33,22,78,40,115,73,7,89,60,13,54,6,81" hai1="52,117,127,51,135,87,74,23,107,29,69,36,111" hai2="103,26,84,58,122,17,72,39,55,134,109,4,86" hai3="28,12,92,32,131,80,110,101,64,57,82,118,132"/><U88/><E117/><V70/><F109/><W20/><G110/><T18/><D33/><U76/><E36/><V16/><F134/><W98/><G118/><T96/><D40/><U100/><E111/><V75/><F70/><W79/><G132/><T128/><D128/><U116/><E135/><V125/><F125/><W83/><G131/><T1/><D1/><U2/><E69/><V59/><F4/><W126/><G126/><T130/><D115/><U97/><E2/><V77/><F39/><W124/><G124/><T65/><D54/><U53/><E116/><V34/><F103/><W114/><G114/><T14/><D14/><U49/><E74/><V50/><F122/><W11/><G32/><T62/><D62/><U123/><E123/><V8/><F8/><W85/><G11/><T30/><D30/><U15/><E76/><V120/><F120/><W47/><G47/><T68/><D130/><U3/><E3/><V105/><F105/><W129/><G129/><T106/><D89/><U63/><E53/><V21/><F17/><W90/><G79/><T67/><D67/><U31/><E51/><V61/><F34/><W95/><G80/><T102/><AGARI ba="0,0" hai="6,7,13,18,22,60,65,68,73,78,81,96,102,106" machi="102" ten="30,2000,0" yaku="0,1,52,1" doraHai="93" who="0" fromWho="0" sc="250,20,327,-10,250,-5,173,-5" /><INIT seed="2,0,0,0,4,90" ten="270,317,245,168" oya="2" hai0="17,85,94,115,12,66,77,125,72,81,65,120,76" hai1="49,24,20,53,69,112,106,15,133,36,83,29,92" hai2="44,19,98,42,57,82,121,74,103,14,123,78,10" hai3="87,45,127,51,55,13,37,0,34,48,63,33,6"/><V71/><F71/><W99/><G127/><T102/><D120/><U39/><E106/><V86/><F74/><W4/><G0/><T117/><D125/><U126/><E112/><V70/><F70/><W105/><G37/><T88/><D115/><U75/><E69/><V73/><F57/><W68/><G51/><T32/><D32/><U11/><E133/><V25/><F73/><W16/><G87/><T96/><D117/><U31/><E31/><V110/><F25/><W23/><G34/><T135/><D135/><U2/><E2/><V35/><F35/><W43/><G33/><T50/><D50/><U59/><E92/><V9/><F9/><W46/><G68/><T60/><D60/><U62/><E126/><V93/><REACH who="2" step="1"/><F110/><REACH who="2" ten="270,317,235,168" step="2"/><W5/><G46/><T97/><D72/><U134/><E134/><V54/><F54/><W128/><G55/><T109/><D109/><U129/><E59/><V80/><F80/><W91/><G45/><T3/><D66/><U21/><E83/><V114/><F114/><W100/><G23/><T22/><D65/><U8/><E75/><V124/><F124/><W52/><G52/><T30/><D81/><U116/><E53/><V95/><F95/><W58/><G58/><T89/><D94/><U18/><E24/><V111/><F111/><W56/><G63/><T130/><D22/><U107/><E62/><V26/><F26/><W101/><G56/><T104/><D104/><U122/><E21/><V131/><F131/><W38/><G128/><T7/><D130/><U118/><E129/><V84/><F84/><W28/><G105/><RYUUKYOKU ba="0,1" sc="270,-10,317,-10,235,30,168,-10" hai2="10,14,19,42,44,78,82,86,93,98,103,121,123" /><INIT seed="2,1,1,5,5,2" ten="260,307,265,158" oya="2" hai0="21,116,126,73,102,10,127,121,84,55,70,24,119" hai1="57,93,107,77,123,51,91,45,32,4,50,108,12" hai2="58,115,14,11,54,3,110,113,37,134,117,56,128" hai3="48,63,53,47,61,52,22,59,5,101,99,86,20"/><V67/><F117/><N who="0" m="45130" /><D73/><U49/><E107/><V78/><F37/><W30/><G86/><T96/><D70/><U40/><E108/><V83/><F128/><W8/><G63/><T74/><D74/><U92/><E32/><V26/><F134/><W7/><G8/><T105/><D84/><U88/><E123/><V17/><F110/><W79/><G79/><T25/><D25/><U42/><E77/><V76/><F76/><W31/><G22/><T131/><D121/><U66/><E66/><V68/><F68/><W75/><G75/><T15/><D55/><U103/><E103/><V130/><F130/><W90/><G90/><N who="1" m="34346" /><E57/><V85/><F3/><W60/><G60/><T6/><D131/><U46/><E51/><V133/><F133/><W18/><G30/><AGARI ba="1,1" hai="6,10,15,21,24,30,96,102,105,126,127" m="45130" machi="30" ten="30,2000,0" yaku="12,1,52,1" doraHai="2" who="0" fromWho="3" sc="260,33,307,0,265,0,158,-23" /><INIT seed="3,0,0,4,0,29" ten="293,307,265,135" oya="3" hai0="42,114,51,125,73,8,128,80,127,46,120,130,100" hai1="27,84,101,93,48,26,124,82,97,38,86,83,43" hai2="54,63,4,7,20,109,32,89,91,98,36,62,65" hai3="23,31,105,57,116,76,9,134,33,132,87,2,95"/><W12/><G105/><T129/><D100/><U126/><E38/><V34/><F36/><W112/><G116/><T85/><D73/><U108/><E43/><V0/><F20/><W71/><G71/><T6/><D120/><U52/><E86/><V60/><F54/><W78/><G112/><T61/><D61/><U18/><E83/><V30/><F30/><W96/><G2/><T113/><D113/><U119/><E108/><V102/><F109/><W14/><G57/><T110/><D110/><U131/><E131/><V41/><F41/><W77/><G87/><T3/><REACH who="0" step="1"/><D114/><REACH who="0" ten="283,307,265,135" step="2"/><U21/><E119/><V99/><F63/><W66/><G66/><T49/><D49/><U103/><E101/><V117/><F102/><W72/><G72/><T56/><D56/><N who="1" m="32775" /><E126/><V44/><F117/><W35/><G134/><T1/><D1/><U74/><E74/><V88/><F0/><W53/><G132/><T28/><D28/><U11/><E124/><V15/><F65/><W123/><G123/><T19/><D19/><U135/><E135/><V67/><F67/><W94/><G31/><T104/><D104/><U70/><E70/><V50/><F50/><W79/><G33/><T25/><D25/><U37/><E37/><V59/><F59/><W81/><G35/><T133/><D133/><U121/><E121/><V24/><F24/><W111/><G111/><T92/><D92/><U22/><E27/><V64/><F64/><W122/><G122/><T68/><D68/><U40/><E26/><V45/><F34/><W118/><G118/><T55/><D55/><U47/><E18/><RYUUKYOKU ba="0,1" sc="283,30,307,-10,265,-10,135,-10" hai0="3,6,8,42,46,51,80,85,125,127,128,129,130" /><INIT seed="4,1,1,4,5,82" ten="313,297,255,125" oya="0" hai0="64,36,50,14,33,73,39,44,94,37,17,87,92" hai1="43,99,19,134,118,46,60,10,97,32,68,15,93" hai2="81,135,102,48,125,120,52,51,5,22,113,103,70" hai3="117,98,42,65,25,100,91,54,27,13,90,95,24"/><T30/><D73/><U84/><E134/><V26/><F120/><W112/><G117/><T9/><D64/><U58/><E32/><V122/><F122/><W74/><G74/><T40/><D33/><U127/><E68/><V128/><F70/><W4/><G112/><T45/><D30/><U21/><E127/><V31/><F113/><W80/><G65/><T11/><D11/><U77/><E21/><V49/><F128/><W8/><G42/><T47/><D94/><U96/><E118/><V20/><F135/><W57/><REACH who="3" step="1"/><G80/><REACH who="3" ten="313,297,255,115" step="2"/><T28/><D40/><U12/><E43/><V7/><F125/><W104/><G104/><T35/><D36/><U67/><E67/><V115/><F115/><W106/><G106/><T123/><D39/><U86/><E93/><V69/><F81/><W29/><G29/><T124/><D37/><U2/><E77/><V111/><F31/><W6/><G6/><T0/><D28/><U116/><E116/><V76/><F7/><W53/><G53/><T119/><D124/><U126/><E126/><V130/><F5/><W66/><G66/><T105/><D105/><U85/><E2/><V3/><F52/><W61/><AGARI ba="1,2" hai="4,8,13,24,25,27,54,57,61,90,91,95,98,100" machi="61" ten="30,4000,0" yaku="1,1,0,1,8,1,53,0" doraHai="82" doraHaiUra="75" who="3" fromWho="3" sc="313,-21,297,-11,255,-11,115,63" /><INIT seed="5,0,0,2,2,103" ten="292,286,244,178" oya="1" hai0="46,16,135,63,51,59,12,11,130,91,15,2,64" hai1="24,6,55,116,75,35,122,100,125,17,93,99,62" hai2="56,7,95,44,36,94,43,120,29,13,104,128,10" hai3="73,85,82,108,32,9,38,41,87,61,50,33,3"/><U107/><E116/><V37/><F120/><W69/><G50/><T30/><D130/><U119/><E119/><V57/><F128/><W77/><G87/><T52/><D135/><U74/><E122/><V19/><F29/><W118/><G85/><T111/><D111/><U66/><E55/><V27/><F37/><W21/><G108/><T65/><D2/><U4/><E93/><V28/><F104/><W105/><G21/><T89/><D30/><N who="1" m="19911" /><E17/><V39/><F39/><W47/><G118/><T22/><D65/><U76/><E125/><V67/><F19/><AGARI ba="0,0" hai="11,12,15,16,19,22,46,51,52,59,63,64,89,91" machi="19" ten="30,7700,0" yaku="7,1,8,1,54,2" doraHai="103" who="0" fromWho="2" sc="292,77,286,0,244,-77,178,0" /><INIT seed="6,0,0,4,5,45" ten="369,286,167,178" oya="2" hai0="104,71,124,96,5,75,105,102,7,61,115,72,86" hai1="27,92,17,63,77,23,88,28,99,19,98,93,130" hai2="18,0,26,108,42,83,78,82,64,38,73,103,59" hai3="57,32,70,16,13,25,11,6,22,97,33,21,79"/><V39/><F0/><W132/><G70/><T109/><D109/><U43/><E130/><V120/><F120/><W37/><G37/><T127/><D86/><U51/><E77/><V53/><F64/><W66/><G132/><T134/><D115/><U94/><E63/><V20/><F108/><W100/><G79/><T85/><D85/><U62/><E62/><V131/><F131/><W1/><G57/><T15/><D105/><U9/><E94/><V55/><F83/><W112/><G66/><T116/><D134/><U123/><E9/><V2/><F2/><W118/><G118/><T48/><D48/><U129/><E129/><V121/><F121/><W90/><G90/><T101/><D101/><U125/><E125/><V58/><F42/><W56/><G56/><T84/><D84/><U133/><E133/><V114/><F114/><W44/><G44/><T35/><D35/><U24/><E24/><V80/><F80/><W31/><REACH who="3" step="1"/><G112/><REACH who="3" ten="369,286,167,168" step="2"/><T50/><D116/><U14/><E123/><V49/><REACH who="2" step="1"/><F103/><REACH who="2" ten="369,286,157,168" step="2"/><W34/><G34/><T54/><D102/><N who="1" m="60743" /><E14/><V87/><F87/><W60/><G60/><AGARI ba="0,2" hai="18,20,26,38,39,49,53,55,58,59,60,73,78,82" machi="60" ten="30,5800,0" yaku="1,1,7,1,52,1,53,0" doraHai="45" doraHaiUra="128" who="2" fromWho="3" sc="369,0,286,0,157,78,168,-58" /><INIT seed="6,1,0,0,5,45" ten="369,286,235,110" oya="2" hai0="30,34,81,22,105,64,53,86,54,85,35,24,21" hai1="0,114,41,87,10,125,72,46,3,91,93,121,118" hai2="12,23,28,132,2,131,11,6,83,133,89,60,58" hai3="128,36,78,98,71,9,33,26,8,5,31,4,50"/><V7/><F83/><W37/><G71/><T104/><D64/><U43/><E118/><V135/><F89/><W14/><G128/><T62/><D62/><U97/><E125/><V82/><F82/><W27/><G78/><T52/><D81/><U70/><E70/><V73/><F73/><W66/><G66/><T113/><D113/><U56/><E114/><V25/><F58/><W119/><G119/><T61/><D61/><U17/><E17/><V69/><F60/><W96/><G14/><T79/><D79/><U51/><E43/><V109/><F69/><W90/><G31/><T74/><D74/><U124/><E72/><V77/><F77/><W32/><REACH who="3" step="1"/><G90/><REACH who="3" ten="369,286,235,100" step="2"/><T116/><D30/><U42/><E91/><V40/><F131/><W65/><G65/><T111/><D116/><U122/><E122/><V38/><F109/><W39/><G39/><T108/><D108/><U123/><E121/><V44/><REACH who="2" step="1"/><F2/><REACH who="2" ten="369,286,225,100" step="2"/><W88/><G88/><T49/><D111/><U1/><E123/><V13/><F13/><W20/><G20/><T47/><D21/><U129/><E3/><V84/><F84/><W99/><G99/><T57/><D22/><U19/><E19/><BYE who="1" /><AGARI ba="1,2" hai="6,7,11,12,19,23,25,28,38,40,44,132,133,135" machi="19" ten="40,3900,0" yaku="1,1,20,1,53,0" doraHai="45" doraHaiUra="48" who="2" fromWho="1" sc="369,0,286,-42,225,62,100,0" /><UN n1="%E3%81%8F%E3%82%89%E3%81%92%E3%81%92" /><INIT seed="6,2,0,0,0,1" ten="369,244,287,100" oya="2" hai0="102,135,63,47,46,132,113,49,121,66,100,126,43" hai1="110,71,80,26,101,99,69,45,33,134,30,57,20" hai2="27,76,40,116,127,18,10,17,8,73,130,25,125" hai3="51,50,133,15,53,75,65,111,117,9,11,16,84"/><V12/><F40/><W32/><G111/><T42/><D121/><U44/><E134/><N who="0" m="51241" /><D113/><U128/><E128/><V60/><F60/><W93/><G133/><T119/><D126/><N who="2" m="48138" /><F76/><W74/><G65/><T103/><D119/><U88/><E110/><V13/><F73/><W97/><G32/><T120/><D120/><U129/><E33/><V24/><F130/><W2/><G84/><T83/><D83/><U70/><E57/><V58/><F58/><W82/><G82/><T67/><D63/><U85/><REACH who="1" step="1"/><E129/><REACH who="1" ten="369,234,287,100" step="2"/><V79/><F79/><W131/><G131/><T31/><D31/><U81/><E81/><V3/><F116/><W0/><G117/><T23/><D23/><U106/><AGARI ba="2,1" hai="20,26,30,44,45,69,70,71,80,85,88,99,101,106" machi="106" ten="30,4000,0" yaku="1,1,0,1,54,1,53,0" doraHai="1" doraHaiUra="72" who="1" fromWho="1" sc="369,-12,234,56,287,-22,100,-12" /><INIT seed="7,0,0,4,5,40" ten="357,290,265,88" oya="3" hai0="119,29,6,69,78,105,132,108,18,35,90,65,30" hai1="58,5,41,55,62,3,32,102,47,74,2,127,104" hai2="22,31,101,60,121,135,79,64,72,88,111,96,57" hai3="94,92,125,124,133,34,50,56,53,76,33,103,44"/><W12/><G76/><T52/><D6/><U68/><E127/><N who="3" m="48714" /><G133/><T9/><D132/><U84/><E74/><V15/><F111/><W4/><G103/><T38/><D38/><U95/><E104/><V46/><F121/><W86/><G86/><T97/><D78/><U114/><E32/><N who="3" m="12394" /><G56/><T70/><D65/><U75/><E75/><V21/><F79/><W83/><G83/><T91/><D35/><U63/><E63/><V67/><F67/><W59/><G59/><T10/><D105/><U0/><E114/><V134/><F72/><W118/><G118/><T11/><D119/><U66/><E102/><V129/><F129/><W43/><G43/><T93/><D90/><U26/><E95/><N who="3" m="36394" /><G4/><T25/><D91/><U28/><E84/><V120/><F88/><W85/><G85/><T49/><D93/><U16/><E5/><V113/><F134/><W45/><G44/><T81/><D81/><U19/><E58/><V24/><F135/><W89/><G89/><T117/><D117/><U80/><E80/><V130/><F46/><W13/><AGARI ba="0,0" hai="12,13,45,50,53" m="36394,12394,48714" machi="13" ten="40,3900,0" yaku="18,1,52,1" doraHai="40" who="3" fromWho="3" sc="357,-13,290,-13,265,-13,88,39" /><INIT seed="7,1,0,3,5,8" ten="344,277,252,127" oya="3" hai0="40,127,88,66,16,42,13,80,48,82,4,45,134" hai1="2,27,18,79,74,50,39,49,112,60,22,95,91" hai2="87,15,58,103,132,92,93,104,55,81,124,123,35" hai3="14,5,6,76,111,67,61,11,30,20,68,98,29"/><W135/><G135/><T105/><D105/><U34/><E39/><V47/><F35/><W96/><G111/><T97/><D127/><U21/><E34/><V86/><F132/><W53/><G5/><T122/><D122/><U46/><E2/><V54/><F124/><W133/><G133/><T51/><D66/><U64/><E112/><V128/><F128/><W38/><G38/><T63/><D63/><U113/><E113/><V43/><F104/><W101/><G76/><T90/><D4/><U9/><E74/><V77/><F87/><W25/><G30/><T0/><D0/><U99/><E79/><V32/><F32/><W28/><G28/><T116/><D116/><U75/><E75/><V1/><F1/><W33/><G33/><T130/><D130/><U126/><E126/><V118/><F118/><W115/><G115/><T12/><D12/><U117/><E9/><V119/><F119/><W37/><G37/><T94/><D90/><U3/><E3/><V19/><F103/><W36/><G36/><T106/><D106/><U83/><E22/><N who="2" m="11647" /><F43/><W56/><REACH who="3" step="1"/><G101/><REACH who="3" ten="344,277,252,117" step="2"/><T120/><D134/><U85/><E117/><V57/><F123/><W73/><G73/><T24/><D120/><U107/><E46/><V7/><F47/><W110/><G110/><T70/><D45/><U125/><E125/><V114/><F7/><W26/><G26/><T17/><D24/><U52/><E27/><V89/><F77/><W59/><G59/><T100/><D100/><U131/><E131/><V10/><F114/><W62/><AGARI ba="1,1" hai="6,11,14,20,25,29,53,56,61,62,67,68,96,98" machi="62" ten="20,12000,1" yaku="1,1,0,1,7,1,52,1,53,1" doraHai="8" doraHaiUra="65" who="3" fromWho="3" sc="344,-41,277,-41,252,-41,117,133" /><INIT seed="7,2,0,5,0,126" ten="303,236,211,250" oya="3" hai0="21,120,25,16,127,133,91,10,15,75,86,46,128" hai1="41,73,40,118,53,2,104,99,0,92,98,109,88" hai2="132,19,52,103,102,37,96,114,116,36,82,74,66" hai3="119,108,49,11,79,89,9,93,23,97,121,123,61"/><W56/><G119/><T57/><D128/><U42/><E109/><V60/><F116/><W95/><G108/><T122/><D75/><U14/><E118/><V30/><F103/><W54/><G79/><T72/><D72/><U107/><E73/><V64/><F64/><W71/><G71/><T27/><D27/><U22/><E53/><V112/><F132/><W124/><G124/><T129/><D129/><U26/><E14/><V58/><F30/><W115/><G115/><N who="2" m="44073" /><F19/><W24/><G123/><T34/><D34/><U28/><REACH who="1" step="1"/><E99/><REACH who="1" ten="303,226,211,250" step="2"/><V17/><F66/><W125/><G125/><T113/><D127/><U12/><E12/><V135/><F135/><W59/><G9/><T94/><D133/><U6/><E6/><V77/><F17/><W90/><G11/><T1/><D113/><U117/><E117/><V81/><F81/><W84/><G97/><T50/><D10/><U38/><E38/><V3/><F3/><AGARI ba="2,1" hai="0,2,3,22,26,28,40,41,42,88,92,98,104,107" machi="3" ten="40,2600,0" yaku="1,1,54,1,53,0" doraHai="126" doraHaiUra="111" who="1" fromWho="2" sc="303,0,226,42,211,-32,250,0" owari="303,40.0,268,7.0,179,-32.0,250,-15.0" /></mjloggm>