<mjloggm ver="2.3"><GO type="185" lobby="0"/><UN n0="%E5%B8%AB%E5%8C%A0%2F%E9%9B%80%E9%AC%BC" n1="%E3%81%84%E3%81%AA%E3%81%97%E3%82%93%E3%80%82" n2="%E3%83%8F%E3%83%94%E3%83%AA%E3%83%83%E3%83%88" n3="" dan="17,16,16,0" rate="2261.98,2208.30,2150.75,1500.00" sx="M,M,M,C"/><TAIKYOKU oya="0"/><INIT seed="0,0,0,3,4,69" ten="350,350,350,0" oya="0" hai0="42,93,96,80,101,110,66,56,59,34,104,79,125" hai1="63,37,98,57,91,70,58,67,117,122,135,102,123" hai2="47,74,128,3,119,120,35,105,88,118,33,126,51" hai3=""/><T72/><D34/><U32/><N who="1" m="31264" /><U45/><N who="1" m="31520" /><U134/><E32/><V46/><N who="2" m="30752" /><V112/><F3/><T108/><D125/><U55/><E91/><V83/><F112/><T38/><D104/><U61/><E117/><N who="2" m="44555" /><F126/><T1/><D1/><U49/><E98/><V92/><F105/><T107/><D107/><U90/><E90/><V113/><F113/><T84/><D72/><U54/><E102/><V50/><F128/><T36/><D42/><AGARI ba="0,0" hai="37,42,45,49,54,55,57,58,61,63,67,70,134,135" m="31520,31264" machi="42" ten="40,16000,3" yaku="24,2,34,3,52,3" doraHai="69" who="1" fromWho="0" sc="350,-160,350,160,350,0,0,0" /><INIT seed="1,0,0,5,1,37" ten="190,510,350,0" oya="1" hai0="110,121,49,71,41,70,127,79,48,62,116,90,3" hai1="2,89,113,60,97,120,123,75,107,36,111,63,87" hai2="55,102,96,82,76,74,112,128,126,129,99,45,38" hai3=""/><U133/><N who="1" m="30752" /><U117/><N who="1" m="31520" /><U69/><E2/><V134/><F126/><T66/><N who="0" m="31008" /><T84/><D3/><U100/><E117/><V47/><F134/><T34/><D34/><U73/><E113/><V43/><F112/><T114/><D114/><U92/><E133/><V58/><F47/><T1/><D1/><U95/><E111/><V131/><REACH who="2" step="1"/><F102/><REACH who="2" ten="190,510,340,0" step="2"/><T103/><D103/><U32/><E32/><V132/><F132/><T125/><D110/><U33/><E33/><V93/><F93/><T72/><D116/><U78/><E95/><V57/><F57/><T91/><D71/><U0/><E69/><V86/><F86/><T39/><D127/><U61/><E0/><V80/><F80/><T98/><D125/><U118/><E118/><V105/><F105/><T52/><D84/><U46/><E73/><V64/><F64/><T101/><D72/><U44/><E36/><V106/><F106/><T68/><D39/><U109/><E109/><V88/><F88/><T104/><D90/><U81/><AGARI ba="0,1" hai="44,46,60,61,63,75,78,81,87,89,92,97,100,107" m="31520,30752" machi="81" ten="30,8000,1" yaku="0,1,24,2,52,2" doraHai="37" who="1" fromWho="1" sc="190,-40,510,90,340,-40,0,0" /><INIT seed="1,1,0,1,4,128" ten="150,600,300,0" oya="1" hai0="110,60,102,100,61,50,89,83,71,101,87,52,133" hai1="42,37,125,121,75,134,59,107,81,68,57,105,80" hai2="108,51,40,0,127,65,84,44,130,96,91,85,54" hai3=""/><U1/><N who="1" m="31008" /><U78/><E1/><V106/><F0/><T82/><D110/><U53/><E68/><V119/><F119/><T69/><D133/><U56/><E134/><V135/><F135/><T41/><D41/><U122/><N who="1" m="31264" /><U97/><E125/><V113/><F108/><T36/><D36/><U39/><E53/><V129/><F127/><T62/><REACH who="0" step="1"/><D82/><REACH who="0" ten="140,600,300,0" step="2"/><U98/><E42/><V47/><F129/><T35/><D35/><U123/><N who="1" m="31520" /><U63/><E81/><V33/><F130/><T132/><D132/><U79/><E39/><V104/><F33/><T99/><D99/><U112/><E37/><V131/><F131/><T32/><D32/><U92/><E98/><V72/><F96/><T118/><D118/><U2/><E2/><V48/><F40/><T67/><D67/><U114/><E97/><V94/><F65/><T86/><D86/><U93/><E80/><V115/><F84/><T76/><D76/><U90/><E78/><V64/><F85/><T58/><AGARI ba="1,1" hai="50,52,58,60,61,62,69,71,83,87,89,100,101,102" machi="58" ten="30,3000,0" yaku="1,1,0,1,54,1,53,0" doraHai="128" doraHaiUra="126" who="0" fromWho="0" sc="140,42,600,-21,300,-11,0,0" /><INIT seed="2,0,0,2,1,43" ten="182,579,289,0" oya="2" hai0="135,98,123,131,89,76,85,117,101,34,44,55,127" hai1="128,67,119,37,32,105,134,35,120,74,63,106,108" hai2="39,3,42,77,109,112,68,69,130,52,115,41,60" hai3=""/><V122/><N who="2" m="31264" /><V82/><F3/><T99/><N who="0" m="31520" /><T114/><D117/><U71/><E63/><V93/><F130/><T57/><D34/><U59/><E59/><V100/><F109/><T72/><D131/><U78/><E67/><V64/><F69/><T0/><D0/><U111/><E35/><V132/><F132/><T73/><D135/><U86/><E86/><V92/><F112/><T126/><D114/><U48/><E48/><V40/><F39/><T66/><D66/><U91/><E91/><V87/><F115/><T129/><D129/><U45/><E45/><V81/><F100/><T96/><D101/><U54/><E54/><V61/><REACH who="2" step="1"/><F82/><REACH who="2" ten="182,579,279,0" step="2"/><T116/><D116/><U58/><E108/><V94/><F94/><T38/><D38/><U97/><E111/><V65/><F65/><T75/><D126/><U51/><E128/><V47/><F47/><T113/><D127/><U53/><E134/><V90/><F90/><T84/><D113/><U121/><E37/><V125/><F125/><T49/><D89/><U88/><E88/><V70/><F70/><T124/><D124/><U36/><E71/><V95/><F95/><T1/><D1/><U50/><N who="1" m="30752" /><U56/><N who="1" m="31008" /><U33/><E36/><RYUUKYOKU ba="0,1" sc="182,-10,579,-10,279,20,0,0" hai2="40,41,42,52,60,61,64,68,77,81,87,92,93" /><INIT seed="2,1,1,5,4,132" ten="172,569,299,0" oya="2" hai0="60,74,95,83,98,110,61,78,130,124,91,1,0" hai1="93,133,76,55,107,79,114,115,105,135,40,70,134" hai2="45,87,69,109,64,100,85,47,84,67,42,101,37" hai3=""/><V118/><F118/><T41/><D110/><U92/><E70/><V32/><F32/><T62/><D130/><U90/><E40/><V111/><F45/><T73/><D73/><U48/><E48/><V125/><F125/><T99/><D124/><U75/><E55/><V127/><F127/><T50/><REACH who="0" step="1"/><D99/><REACH who="0" ten="162,569,299,0" step="2"/><U56/><E75/><V66/><REACH who="2" step="1"/><F69/><REACH who="2" ten="162,569,289,0" step="2"/><T131/><D131/><U117/><E117/><V89/><F89/><T122/><N who="0" m="31264" /><T116/><D116/><U65/><E90/><V44/><F44/><AGARI ba="1,3" hai="0,1,41,44,50,60,61,62,74,78,83,91,95,98" m="31264" machi="44" ten="40,5200,0" yaku="1,1,52,1,53,1" doraHai="132" doraHaiUra="88" who="0" fromWho="2" sc="162,84,569,0,289,-54,0,0" /><INIT seed="4,0,0,1,4,116" ten="246,569,235,0" oya="0" hai0="119,108,36,57,120,74,3,77,122,48,1,111,101" hai1="62,65,76,34,133,123,46,84,114,73,96,81,56" hai2="105,72,60,50,102,45,40,79,97,126,118,94,58" hai3=""/><T61/><N who="0" m="30752" /><T90/><N who="0" m="31264" /><T69/><D119/><U98/><N who="1" m="31520" /><U44/><E34/><V95/><F118/><T43/><D101/><U124/><E133/><V88/><F126/><T66/><D90/><U78/><E124/><V107/><F72/><T71/><D36/><U52/><E114/><V42/><F42/><T49/><D49/><U87/><E73/><V125/><F79/><T104/><D104/><U35/><E35/><V82/><F82/><T128/><D128/><U135/><E135/><V59/><F125/><T131/><D131/><U47/><E65/><V54/><REACH who="2" step="1"/><F59/><REACH who="2" ten="246,569,225,0" step="2"/><T115/><D115/><U106/><E106/><V130/><F130/><T53/><D43/><U113/><E113/><V134/><F134/><T121/><N who="0" m="31008" /><T38/><D71/><U93/><E93/><V80/><F80/><AGARI ba="0,1" hai="44,46,47,52,56,62,76,78,80,81,84,87,96,98" m="31520" machi="80" ten="40,8000,1" yaku="9,1,8,1,52,2,54,1" doraHai="116" who="1" fromWho="2" sc="246,0,569,90,225,-80,0,0" /><INIT seed="5,0,0,3,3,131" ten="246,659,145,0" oya="1" hai0="32,1,91,3,65,126,41,127,103,88,35,82,43" hai1="0,45,34,94,40,111,132,118,33,66,128,124,122" hai2="49,99,52,85,133,120,106,74,93,58,44,98,116" hai3=""/><U63/><N who="1" m="31264" /><U78/><E0/><V60/><N who="2" m="30752" /><V76/><F116/><T104/><D65/><U108/><E118/><V102/><F74/><T129/><D82/><U119/><E119/><V121/><N who="2" m="31008" /><V81/><F133/><T39/><D103/><U95/><E128/><V48/><REACH who="2" step="1"/><F44/><REACH who="2" ten="246,659,135,0" step="2"/><T50/><D129/><U70/><E132/><V46/><F46/><T55/><D1/><U134/><E134/><V97/><F97/><T56/><D3/><U80/><E33/><V135/><F135/><T71/><D32/><U123/><E34/><V72/><F72/><T79/><D35/><U57/><N who="1" m="31520" /><U61/><E108/><V125/><F125/><T73/><D127/><U90/><E111/><V38/><F38/><T36/><D126/><U68/><E124/><V113/><F113/><T75/><D36/><U100/><E45/><V92/><F92/><T64/><D39/><U84/><E40/><V86/><F86/><T110/><D110/><U114/><E114/><V2/><F2/><T130/><D130/><U37/><E37/><V107/><F107/><T53/><D104/><U54/><E95/><V112/><F112/><T87/><D41/><U62/><E94/><V47/><F47/><T117/><D43/><RYUUKYOKU ba="0,1" sc="246,-10,659,-10,135,20,0,0" hai2="48,49,52,58,60,76,81,85,93,98,99,102,106" /><INIT seed="6,1,1,2,4,115" ten="236,649,155,0" oya="2" hai0="42,1,70,45,100,126,59,130,89,39,95,41,110" hai1="82,119,73,116,78,72,121,134,113,37,127,68,105" hai2="86,111,132,93,47,49,135,55,48,129,87,35,3" hai3=""/><V57/><F3/><T81/><D110/><U63/><N who="1" m="31008" /><U131/><E113/><V53/><F35/><T79/><D1/><U122/><N who="1" m="31264" /><U46/><E134/><N who="2" m="51243" /><F111/><T120/><N who="0" m="30752" /><T43/><D70/><U74/><E105/><V36/><F129/><T77/><D130/><U125/><E131/><V75/><F75/><N who="1" m="28745" /><E46/><V62/><F36/><T88/><D126/><N who="1" m="48139" /><E37/><V85/><F49/><T44/><D44/><U34/><E34/><V99/><F86/><T32/><D32/><U80/><E80/><V65/><F65/><AGARI ba="1,1" hai="63,65,68,74,78,82,116,119" m="48139,28745,31264,31008" machi="65" ten="40,12000,2" yaku="18,1,23,1,52,4" doraHai="115" who="1" fromWho="2" sc="236,0,649,132,155,-122,0,0" owari="236,-16.0,781,73.0,33,-57.0,0,0.0" /></mjloggm>