<mjloggm ver="2.3"><GO type="185" lobby="0"/><UN n0="%E3%82%8C%E3%81%99%E3%81%93" n1="%E3%81%97%E3%82%93%E3%81%97%E3%82%93%E3%81%97%E3%82%93" n2="%65%6C%75%6C%75" n3="" dan="16,17,17,0" rate="2213.01,2302.43,2270.90,1500.00" sx="F,F,M,C"/><TAIKYOKU oya="0"/><INIT seed="0,0,0,1,2,70" ten="350,350,350,0" oya="0" hai0="62,77,101,134,38,61,35,48,120,85,79,117,60" hai1="82,127,52,88,39,2,102,121,107,64,114,87,76" hai2="75,0,95,81,46,1,84,80,65,36,32,130,106" hai3=""/><T50/><N who="0" m="30752" /><T92/><D117/><U100/><N who="1" m="31008" /><U112/><E2/><V3/><F32/><T133/><D35/><U96/><E127/><V103/><F130/><T68/><D68/><U116/><E116/><V123/><N who="2" m="31520" /><V104/><F65/><T43/><D38/><U74/><E102/><V42/><F75/><T56/><D101/><U110/><E110/><V78/><REACH who="2" step="1"/><F81/><REACH who="2" ten="350,350,340,0" step="2"/><T57/><D134/><U67/><E64/><V55/><F55/><T119/><D133/><U72/><E67/><V59/><F59/><T131/><D131/><U129/><E72/><V69/><F69/><T49/><D119/><U86/><E129/><V71/><F71/><T115/><D43/><U47/><E52/><V73/><F73/><T89/><D115/><U34/><E34/><V37/><F37/><T91/><D57/><U111/><E74/><V33/><F33/><T132/><D56/><U118/><E118/><V58/><F58/><T51/><N who="0" m="12288" /><DORA hai="66" /><T97/><REACH who="0" step="1"/><D132/><REACH who="0" ten="340,350,340,0" step="2"/><U126/><E112/><V125/><F125/><T53/><D53/><U45/><E114/><V135/><F135/><T90/><D90/><U94/><E126/><V113/><F113/><T54/><D54/><U108/><E39/><V83/><F83/><AGARI ba="0,2" hai="60,61,62,77,79,83,85,89,91,92,97" m="12288,30752" machi="83" ten="50,12000,1" yaku="1,1,6,1,8,1,52,1,53,0" doraHai="70,66" doraHaiUra="98,128" who="0" fromWho="2" sc="340,140,350,0,340,-120,0,0" /><INIT seed="0,1,0,4,5,51" ten="480,350,220,0" oya="0" hai0="121,100,76,35,45,67,40,124,106,94,122,128,119" hai1="41,129,64,62,65,61,131,117,83,49,98,2,120" hai2="58,115,63,79,36,34,81,101,37,54,73,0,38" hai3=""/><T97/><N who="0" m="31008" /><T127/><N who="0" m="31264" /><T3/><D119/><U87/><N who="1" m="30752" /><U74/><E2/><V103/><F0/><T50/><D3/><U108/><E117/><V70/><F115/><T33/><D128/><U113/><E74/><V52/><F34/><T111/><D111/><U92/><E108/><V96/><F70/><T84/><D67/><U57/><E113/><V118/><F118/><T60/><D60/><U132/><E132/><V82/><F81/><T88/><REACH who="0" step="1"/><D76/><REACH who="0" ten="470,350,220,0" step="2"/><U71/><E129/><V66/><REACH who="2" step="1"/><F101/><REACH who="2" ten="470,350,210,0" step="2"/><T89/><D89/><U55/><E131/><V48/><F48/><T135/><D135/><U68/><E49/><V125/><F125/><AGARI ba="1,2" hai="33,35,40,45,50,84,88,94,97,100,106,124,125,127" m="31264,31008" machi="125" ten="40,18000,2" yaku="1,1,18,1,52,2,54,1,53,1" doraHai="51" doraHaiUra="93" who="0" fromWho="2" sc="470,202,350,0,210,-182,0,0" /><INIT seed="0,2,0,1,1,98" ten="672,350,28,0" oya="0" hai0="124,2,36,56,84,60,128,67,44,52,120,112,95" hai1="100,91,77,81,133,59,47,117,131,42,61,125,1" hai2="105,129,130,41,73,111,122,0,70,99,34,103,74" hai3=""/><T107/><N who="0" m="30752" /><T86/><D112/><U69/><E117/><V66/><N who="2" m="31264" /><V82/><F34/><T108/><D2/><U32/><E1/><V3/><F41/><T72/><D107/><U48/><E32/><V102/><F111/><T127/><D72/><N who="2" m="27754" /><F82/><T80/><D108/><U43/><E69/><V88/><F88/><T64/><D128/><N who="2" m="49258" /><F103/><T114/><D114/><U40/><E91/><V63/><AGARI ba="2,0" hai="0,3,63,66,70,99,102,105" m="49258,27754,31264" machi="63" ten="40,6000,1" yaku="19,1,23,1,52,2" doraHai="98" who="2" fromWho="2" sc="672,-42,350,-22,28,64,0,0" /><INIT seed="1,0,0,4,4,86" ten="630,328,92,0" oya="1" hai0="35,75,99,81,37,70,73,129,33,47,107,36,80" hai1="84,60,51,74,118,95,100,52,42,127,119,57,96" hai2="53,94,58,105,126,48,59,54,34,77,71,2,72" hai3=""/><U106/><E127/><V40/><F126/><T110/><D110/><U32/><E32/><V49/><F105/><T38/><D129/><U114/><E114/><V91/><F71/><T111/><D111/><U108/><E74/><V134/><F134/><T93/><D107/><U88/><E108/><V63/><F2/><T120/><N who="0" m="30752" /><T128/><D70/><U123/><N who="1" m="31520" /><U0/><E0/><V62/><F34/><T135/><D135/><U85/><E42/><V112/><F112/><T98/><D47/><U104/><E104/><V3/><F3/><T56/><D56/><U61/><E85/><V67/><F40/><T82/><D128/><U122/><N who="1" m="31264" /><U133/><REACH who="1" step="1"/><E133/><REACH who="1" ten="630,318,92,0" step="2"/><V124/><F124/><T130/><D130/><U46/><E46/><V113/><F113/><T92/><D33/><U55/><E55/><V101/><F53/><T115/><D35/><U109/><E109/><V76/><F72/><T83/><N who="0" m="20480" /><DORA hai="50" /><T66/><D115/><U65/><E65/><V69/><F67/><T79/><D66/><U45/><E45/><V44/><F44/><T116/><D75/><U89/><E89/><V125/><F91/><T68/><D73/><U43/><E43/><V87/><F125/><T121/><D121/><RYUUKYOKU ba="0,1" sc="630,-10,318,20,92,-10,0,0" hai1="51,52,57,60,61,84,88,95,96,100,106,118,119" /><INIT seed="1,1,1,4,0,54" ten="620,338,82,0" oya="1" hai0="45,34,124,52,126,87,49,62,0,116,42,78,109" hai1="123,100,114,53,57,133,75,94,134,48,130,61,68" hai2="110,121,97,98,1,59,70,118,83,50,111,104,86" hai3=""/><U32/><N who="1" m="31520" /><U51/><E32/><V93/><N who="2" m="31008" /><V107/><F70/><T80/><D34/><U95/><E114/><V135/><F1/><T33/><D33/><U77/><E130/><V89/><F118/><T99/><D0/><U69/><E75/><V131/><F131/><T3/><D3/><U120/><N who="1" m="30752" /><U64/><E77/><V88/><F135/><N who="1" m="51721" /><E48/><V2/><F2/><T73/><D116/><U58/><E95/><V90/><F50/><T106/><D73/><U92/><E92/><V37/><F37/><T63/><D78/><U71/><E94/><V39/><F39/><T103/><D49/><U129/><E129/><V81/><F93/><T82/><D80/><U127/><E100/><V119/><F89/><T76/><D76/><U105/><E127/><V74/><F119/><T67/><D126/><U65/><E105/><V102/><F74/><T91/><D124/><U44/><E58/><V55/><F59/><T128/><D128/><U66/><AGARI ba="1,1" hai="44,51,53,57,61,64,65,66,68,69,71" m="51721,30752,31520" machi="66" ten="40,12000,2" yaku="20,1,34,2,52,3" doraHai="54" who="1" fromWho="1" sc="620,-61,338,132,82,-61,0,0" /><INIT seed="1,2,0,3,1,105" ten="559,470,21,0" oya="1" hai0="70,134,98,40,65,56,47,79,45,2,44,135,109" hai1="63,69,95,120,131,0,39,90,74,1,132,72,48" hai2="122,60,99,91,128,76,123,114,117,49,83,101,110" hai3=""/><U106/><N who="1" m="30752" /><U75/><E39/><V37/><N who="2" m="31264" /><V133/><N who="2" m="31520" /><V36/><F117/><T97/><D2/><U77/><E106/><V71/><F133/><N who="0" m="50698" /><D109/><U93/><E132/><V92/><F110/><T94/><D70/><U84/><E131/><V62/><F128/><T129/><D129/><U118/><E118/><V130/><F130/><T80/><D40/><U125/><E125/><V52/><F114/><T86/><D94/><U87/><E48/><V33/><F33/><T111/><D111/><U42/><E42/><V50/><F50/><T127/><D127/><U113/><E113/><V64/><F62/><AGARI ba="2,0" hai="44,45,47,56,62,65,79,80,86,97,98" m="50698" machi="62" ten="30,1000,0" yaku="20,1" doraHai="105" who="0" fromWho="2" sc="559,14,470,0,21,-14,0,0" /><INIT seed="2,0,0,3,3,87" ten="573,470,7,0" oya="2" hai0="38,35,37,103,73,76,44,100,94,41,82,131,133" hai1="128,124,121,135,36,85,115,75,81,117,49,95,89" hai2="90,33,40,74,67,102,45,99,43,63,48,70,61" hai3=""/><V66/><F74/><T65/><D35/><U97/><N who="1" m="31008" /><U96/><E49/><V91/><F40/><T122/><N who="0" m="31264" /><T119/><D119/><U32/><E36/><V50/><F50/><T120/><N who="0" m="30752" /><T86/><D133/><U83/><E32/><V116/><F116/><T123/><N who="0" m="31520" /><T134/><D134/><U113/><E135/><V77/><F77/><T125/><D125/><U126/><E117/><V57/><F33/><T58/><D38/><U105/><E128/><V79/><F79/><T110/><D131/><U93/><E105/><AGARI ba="0,0" hai="43,45,48,57,61,63,66,67,70,90,91,99,102,105" machi="105" ten="30,5800,0" yaku="7,1,52,2" doraHai="87" who="2" fromWho="1" sc="573,0,470,-58,7,58,0,0" /><INIT seed="2,1,0,0,5,77" ten="573,412,65,0" oya="2" hai0="79,40,101,62,98,133,84,120,106,73,0,88,43" hai1="3,47,67,55,108,112,65,51,99,111,68,129,114" hai2="60,80,121,123,75,126,49,91,97,122,54,46,124" hai3=""/><V131/><N who="2" m="31008" /><V94/><N who="2" m="31264" /><V2/><N who="2" m="31520" /><V50/><F2/><T113/><N who="0" m="30752" /><T82/><D0/><U72/><E3/><V63/><F131/><T90/><D133/><U35/><E72/><V69/><F50/><T78/><D113/><N who="1" m="43627" /><E99/><V64/><REACH who="2" step="1"/><F63/><REACH who="2" ten="573,412,55,0" step="2"/><T57/><D62/><U48/><E129/><V32/><F32/><T56/><D40/><U92/><E35/><V38/><F38/><T34/><D43/><U118/><E51/><V86/><F86/><T119/><D34/><U93/><E118/><V125/><F125/><T87/><D119/><U70/><E48/><V76/><AGARI ba="1,1" hai="46,49,54,60,64,69,75,76,80,91,94,97,124,126" m="31520,31264,31008" machi="76" ten="30,16000,3" yaku="1,1,0,1,52,4,53,2" doraHai="77" doraHaiUra="135" who="2" fromWho="2" sc="573,-81,412,-81,55,172,0,0" /><INIT seed="2,2,0,3,5,50" ten="492,331,227,0" oya="2" hai0="87,125,102,122,1,128,59,116,132,62,75,133,55" hai1="52,115,127,57,49,92,97,70,135,105,99,0,77" hai2="74,101,89,82,120,37,65,134,86,121,66,90,48" hai3=""/><V54/><N who="2" m="30752" /><V131/><N who="2" m="31008" /><V126/><F37/><T43/><N who="0" m="31264" /><T64/><D1/><U73/><E115/><V38/><F38/><T58/><D75/><U76/><E70/><V113/><F113/><T83/><D116/><U94/><E105/><V98/><F74/><T111/><D111/><U104/><E104/><V36/><F36/><T106/><D43/><U124/><E135/><V109/><F134/><T32/><D32/><U41/><E41/><V72/><F72/><T45/><D45/><U103/><E0/><V100/><F109/><T39/><D39/><U85/><E85/><V78/><F131/><T61/><D128/><U91/><REACH who="1" step="1"/><E73/><REACH who="1" ten="492,321,227,0" step="2"/><V114/><F114/><T63/><D133/><U51/><E51/><V35/><F35/><T42/><D42/><U56/><E56/><V129/><F129/><T123/><D59/><U96/><E96/><V71/><F71/><T80/><D58/><U118/><E118/><V79/><F126/><AGARI ba="2,1" hai="49,52,57,76,77,91,92,94,97,99,103,124,126,127" machi="126" ten="40,8000,1" yaku="1,1,18,1,52,1,54,1,53,1" doraHai="50" doraHaiUra="53" who="1" fromWho="2" sc="492,0,321,94,227,-84,0,0" /><INIT seed="4,0,0,0,0,51" ten="492,415,143,0" oya="0" hai0="33,110,56,90,2,93,105,108,38,91,1,49,102" hai1="55,86,97,95,125,129,34,75,63,85,32,79,83" hai2="78,118,61,99,130,39,72,81,41,119,80,43,54" hai3=""/><T67/><D38/><U101/><E125/><V123/><N who="2" m="31520" /><V58/><F130/><T134/><D33/><U62/><E129/><V106/><F81/><T74/><D74/><U107/><E86/><V132/><F132/><T127/><D134/><U122/><N who="1" m="31264" /><U52/><E63/><V100/><REACH who="2" step="1"/><F39/><REACH who="2" ten="492,415,133,0" step="2"/><T87/><D1/><U36/><E36/><V42/><AGARI ba="0,1" hai="41,42,43,54,58,61,72,78,80,99,100,106,118,119" m="31520" machi="42" ten="30,6000,1" yaku="1,1,2,1,0,1,52,2,53,0" doraHai="51" doraHaiUra="111" who="2" fromWho="2" sc="492,-40,415,-20,133,70,0,0" /><INIT seed="5,0,0,2,5,71" ten="452,395,203,0" oya="1" hai0="32,133,82,134,97,69,95,89,113,37,125,103,92" hai1="68,132,77,118,47,102,116,85,108,129,83,99,127" hai2="34,119,98,128,41,111,122,57,40,90,54,38,51" hai3=""/><U60/><E127/><V74/><N who="2" m="31264" /><V115/><F119/><T43/><D32/><U109/><E129/><V104/><F111/><N who="1" m="42569" /><E132/><N who="0" m="50793" /><D69/><U80/><E47/><V50/><F74/><T91/><D125/><U65/><E83/><V58/><F34/><T67/><D67/><U3/><E3/><V88/><F128/><T39/><D113/><U33/><E33/><V87/><F115/><T114/><D114/><U45/><E45/><V106/><F98/><T112/><D112/><U105/><AGARI ba="0,0" hai="60,65,68,77,80,85,99,102,105,116,118" m="42569" machi="105" ten="30,1000,0" yaku="10,1" doraHai="71" who="1" fromWho="1" sc="452,-5,395,10,203,-5,0,0" /><INIT seed="5,1,0,2,3,54" ten="447,405,198,0" oya="1" hai0="105,63,67,3,82,124,93,57,134,37,39,32,1" hai1="114,103,65,34,81,120,50,40,80,41,127,126,121" hai2="83,36,55,104,101,33,0,107,94,68,119,85,76" hai3=""/><U58/><N who="1" m="30752" /><U110/><N who="1" m="31008" /><U74/><E114/><V95/><F0/><T131/><D32/><U52/><E34/><V46/><F33/><T64/><D105/><U48/><E110/><V90/><F68/><T128/><D134/><U62/><E103/><V112/><F119/><T133/><D133/><U99/><E99/><V102/><F36/><T91/><D124/><N who="1" m="47659" /><E50/><V84/><F112/><T92/><D39/><U59/><E74/><V89/><F55/><T98/><D37/><U130/><E130/><V45/><F46/><T117/><D131/><U129/><E129/><V47/><F45/><T87/><D128/><U66/><E66/><V38/><F47/><T72/><D117/><U109/><E109/><V97/><F38/><T71/><D72/><U111/><E111/><V49/><F49/><T56/><D67/><U42/><AGARI ba="1,0" hai="40,41,42,48,52,58,59,62,65,80,81" m="47659,31008,30752" machi="42" ten="30,12000,2" yaku="18,1,52,4,54,1" doraHai="54" who="1" fromWho="1" sc="447,-61,405,122,198,-61,0,0" /><INIT seed="5,2,0,0,4,112" ten="386,527,137,0" oya="1" hai0="125,0,103,131,85,49,92,59,33,57,55,3,130" hai1="118,87,94,110,56,64,132,91,114,46,44,96,32" hai2="88,61,97,45,81,102,109,113,121,90,70,133,54" hai3=""/><U52/><E118/><V76/><N who="2" m="31008" /><V108/><F113/><T37/><D33/><U82/><E32/><V43/><F133/><T100/><D37/><U67/><E132/><V51/><F109/><T35/><D35/><U128/><E128/><V107/><F108/><T89/><D125/><U126/><E126/><V127/><F127/><T66/><D66/><N who="1" m="25131" /><E114/><V79/><F70/><T58/><D0/><U129/><E129/><N who="0" m="49161" /><D3/><U106/><E106/><V98/><F98/><T104/><D104/><U48/><E110/><V42/><F79/><AGARI ba="2,0" hai="44,46,48,52,56,79,82,87,91,94,96" m="25131" machi="79" ten="30,2900,0" yaku="8,1,54,1" doraHai="112" who="1" fromWho="2" sc="386,0,527,33,137,-33,0,0" /><INIT seed="5,3,0,2,1,54" ten="386,560,104,0" oya="1" hai0="96,78,33,68,95,75,84,98,123,116,69,67,52" hai1="35,82,93,86,125,119,2,50,91,92,97,99,87" hai2="105,120,124,70,72,83,117,88,90,106,71,132,42" hai3=""/><U110/><E35/><V130/><F42/><T133/><N who="0" m="31520" /><T36/><D33/><U56/><E2/><V57/><N who="2" m="30752" /><V108/><F108/><T32/><D32/><U135/><E119/><V112/><F117/><T51/><D116/><U121/><N who="1" m="31008" /><U60/><E110/><V1/><F83/><T44/><D133/><U58/><E135/><V104/><F72/><T114/><D114/><U101/><E125/><V39/><F39/><T63/><D75/><U118/><E118/><V64/><F1/><T94/><D68/><U49/><E87/><V48/><F132/><T38/><D84/><U103/><E58/><V73/><F73/><T79/><D36/><U113/><E113/><V74/><F74/><T85/><D85/><U53/><AGARI ba="3,0" hai="49,50,53,56,60,82,86,91,92,93,97,99,101,103" m="31008" machi="53" ten="20,12000,2" yaku="0,1,7,1,9,1,8,1,52,2" doraHai="54" who="1" fromWho="1" sc="386,-63,560,126,104,-63,0,0" /><INIT seed="5,4,0,5,4,126" ten="323,686,41,0" oya="1" hai0="131,51,119,62,52,42,112,124,111,63,80,32,43" hai1="66,101,68,122,84,78,115,97,40,123,117,39,129" hai2="50,2,109,93,55,46,127,35,85,121,38,47,67" hai3=""/><U81/><N who="1" m="31264" /><U87/><N who="1" m="31520" /><U108/><E117/><V104/><N who="2" m="31008" /><V91/><F109/><T34/><D111/><U48/><E108/><V94/><F127/><T100/><D124/><U132/><E129/><V116/><F116/><T133/><D119/><U99/><E115/><V125/><F125/><T118/><D118/><U65/><E132/><V71/><F104/><T49/><D112/><U37/><E87/><V54/><F2/><T41/><D133/><U95/><E48/><V89/><F35/><T61/><D100/><U0/><E0/><V82/><F38/><T107/><D107/><U73/><E73/><V44/><F55/><T33/><D52/><U114/><E114/><V69/><F82/><T56/><D56/><U135/><E135/><V113/><F113/><T57/><D57/><U86/><E65/><V96/><REACH who="2" step="1"/><F71/><REACH who="2" ten="323,686,31,0" step="2"/><T74/><D80/><U36/><E68/><V76/><F76/><T103/><D32/><U3/><E78/><V98/><F98/><T102/><D33/><U105/><E81/><V83/><F83/><T92/><D34/><U79/><E79/><V70/><F70/><T75/><D92/><U128/><E95/><V90/><F90/><T45/><D103/><U130/><E3/><RYUUKYOKU ba="4,1" sc="323,-10,686,-10,31,20,0,0" hai2="44,46,47,50,54,67,69,85,89,91,93,94,96" /><INIT seed="6,5,1,1,2,61" ten="313,676,51,0" oya="2" hai0="67,109,98,89,126,97,120,71,0,90,49,56,63" hai1="127,72,3,135,52,57,66,130,122,84,114,91,37" hai2="32,85,116,132,96,76,103,86,104,133,38,55,111" hai3=""/><V128/><F32/><T88/><N who="0" m="30752" /><T50/><D109/><U40/><E52/><V64/><F38/><T60/><D0/><U131/><E57/><V77/><F116/><T113/><D126/><U68/><E91/><V35/><F35/><T134/><D134/><N who="2" m="51818" /><F111/><T79/><D79/><N who="2" m="30282" /><F128/><T39/><D39/><U87/><E37/><V34/><F34/><T33/><D33/><U47/><E130/><V93/><F55/><T82/><D82/><U51/><E131/><V99/><F64/><T95/><D67/><U46/><E66/><V65/><F65/><T112/><D71/><U42/><E68/><V69/><F69/><T54/><D54/><U1/><E135/><V101/><AGARI ba="5,1" hai="85,86,93,96,99,101,103,104" m="30282,51818" machi="101" ten="30,4000,0" yaku="20,1,34,2" doraHai="61" who="2" fromWho="2" sc="313,-25,676,-25,51,60,0,0" /><INIT seed="6,6,0,2,1,93" ten="288,651,111,0" oya="2" hai0="116,1,113,115,37,109,121,51,127,76,95,53,65" hai1="67,131,108,79,124,48,38,43,117,36,56,0,33" hai2="111,81,55,130,91,39,126,41,73,129,40,84,96" hai3=""/><V94/><F126/><T128/><N who="0" m="31008" /><T34/><D1/><U119/><E48/><V105/><F111/><T75/><D34/><U35/><E56/><V80/><F55/><T89/><D109/><U2/><E79/><V54/><F54/><T133/><D116/><U74/><E67/><V58/><F58/><T72/><D37/><U32/><E43/><V47/><F41/><T71/><D127/><U100/><E100/><V134/><F134/><T44/><D133/><U82/><E82/><V99/><F73/><T83/><D75/><U50/><E74/><V68/><F68/><T114/><D128/><N who="2" m="49258" /><F105/><T59/><D71/><U49/><E35/><V52/><F52/><T98/><D65/><U87/><E131/><V60/><F60/><T132/><D132/><U64/><E64/><V125/><F125/><T101/><D59/><U57/><E124/><V122/><N who="2" m="31264" /><V92/><F84/><T104/><D115/><U69/><E57/><V112/><F112/><T45/><D45/><U62/><E69/><V86/><F86/><AGARI ba="6,0" hai="44,51,53,72,76,83,86,89,95,98,101,104,113,114" m="31008" machi="86" ten="40,8000,1" yaku="24,2,52,2" doraHai="93" who="0" fromWho="2" sc="288,92,651,0,111,-92,0,0" owari="380,-2.0,651,60.0,19,-58.0,0,0.0" /></mjloggm>