<mjloggm ver="2.3"><GO type="169" lobby="0"/><UN n0="%64%72%61%65%74%63" n1="%EF%BC%A0%E6%AC%A1%E7%94%B7" n2="%E3%81%B2%E3%81%8B%E3%82%8B%E3%81%AE%E8%AA%A4%E3%83%9D%E3%83%B3" n3="%41%4C%50%45%52%49%4E" dan="16,16,16,18" rate="2087.92,2081.99,2043.05,2220.75" sx="M,M,M,M"/><TAIKYOKU oya="0"/><INIT seed="0,0,0,0,3,43" ten="250,250,250,250" oya="0" hai0="45,42,119,87,49,75,30,106,67,5,23,85,131" hai1="16,134,100,54,55,21,26,88,122,65,56,18,99" hai2="79,96,50,123,33,0,76,129,125,111,19,110,95" hai3="8,44,115,14,126,68,20,82,133,128,104,47,73"/><T63/><D119/><U52/><E122/><V105/><F33/><W62/><G115/><T94/><D131/><U12/><E134/><V93/><F0/><W74/><G104/><T53/><D106/><U13/><E65/><V116/><F19/><W78/><G74/><T66/><D75/><U117/><E117/><V39/><F50/><W90/><G128/><T59/><D5/><U121/><E121/><V25/><F25/><W27/><G133/><T118/><D118/><U35/><E35/><V91/><F39/><W127/><G90/><T6/><D6/><U60/><E26/><V37/><F37/><W113/><G113/><T112/><D112/><U107/><E88/><N who="2" m="55335" /><F116/><W70/><G62/><T71/><D94/><U101/><E100/><V17/><F17/><N who="3" m="8391" /><G70/><T77/><D77/><N who="2" m="29770" /><F123/><W108/><G68/><T29/><D67/><U31/><REACH who="1" step="1"/><E31/><REACH who="1" ten="250,240,250,250" step="2"/><V81/><F129/><W61/><G108/><T40/><D30/><U38/><E38/><V72/><F111/><W57/><G27/><N who="0" m="16639" /><D71/><U32/><E32/><V97/><F110/><W132/><G132/><T15/><D15/><U124/><E124/><N who="3" m="47658" /><G20/><AGARI ba="0,1" hai="12,13,16,18,20,21,52,54,55,56,60,99,101,107" machi="20" ten="30,8000,1" yaku="1,1,7,1,9,1,54,2,53,0" doraHai="43" doraHaiUra="86" who="1" fromWho="3" sc="250,0,240,90,250,0,250,-80" /><INIT seed="1,0,0,1,1,31" ten="250,330,250,170" oya="1" hai0="107,68,135,28,27,79,131,32,34,54,2,77,45" hai1="102,80,4,40,97,73,44,36,134,118,39,22,49" hai2="132,130,63,100,75,1,52,20,14,86,12,13,18" hai3="56,6,103,74,99,111,17,21,78,125,72,66,91"/><U41/><E118/><V0/><F75/><W121/><G121/><T19/><D107/><U88/><E134/><V51/><F132/><W104/><G111/><T62/><D2/><U9/><E22/><V110/><F110/><W42/><G125/><T24/><D135/><U83/><E73/><V65/><F130/><W11/><G78/><T10/><D131/><U23/><E23/><V5/><F100/><W105/><G105/><T115/><D115/><U84/><E80/><V81/><F5/><W70/><G70/><T8/><D68/><U64/><E64/><V92/><F92/><W101/><G101/><T33/><D19/><U127/><E41/><V96/><F96/><W94/><G42/><T61/><D28/><U69/><E69/><V117/><F1/><W29/><G29/><T93/><D93/><U59/><E59/><N who="2" m="37119" /><F0/><W43/><G43/><T129/><D129/><U37/><E127/><V60/><F60/><N who="0" m="23146" /><D45/><U85/><E85/><V90/><F117/><W114/><G56/><AGARI ba="0,0" hai="12,13,14,18,20,51,52,56,81,86,90" m="37119" machi="56" ten="30,2000,0" yaku="8,1,54,1" doraHai="31" who="2" fromWho="3" sc="250,0,330,0,250,20,170,-20" /><INIT seed="2,0,0,0,2,28" ten="250,330,270,150" oya="2" hai0="102,19,26,0,50,29,35,134,122,113,51,116,86" hai1="55,91,107,58,4,118,66,23,8,13,24,69,52" hai2="131,104,64,16,130,1,38,115,17,114,89,49,129" hai3="42,70,90,128,25,20,43,92,133,75,45,33,71"/><V109/><F38/><W98/><G128/><T97/><D113/><N who="2" m="43018" /><F104/><W30/><G133/><T2/><D122/><U111/><E107/><V124/><F1/><W46/><G75/><T110/><D134/><U103/><E118/><V56/><F124/><W108/><G108/><T12/><D110/><U59/><E69/><V100/><F100/><W32/><G71/><T3/><D86/><U127/><E127/><V79/><F79/><W11/><G70/><T53/><D116/><U82/><E103/><V80/><F109/><W39/><REACH who="3" step="1"/><G11/><REACH who="3" ten="250,330,270,140" step="2"/><T85/><D85/><N who="1" m="50615" /><E111/><V120/><F120/><W119/><G119/><T9/><REACH who="0" step="1"/><D53/><REACH who="0" ten="240,330,270,140" step="2"/><N who="1" m="20555" /><E66/><V54/><F64/><W101/><G101/><T88/><D88/><U72/><E72/><V7/><F89/><W105/><G105/><AGARI ba="0,2" hai="0,2,3,9,12,19,26,29,35,50,51,97,102,105" machi="105" ten="40,2600,0" yaku="1,1,52,1,53,0" doraHai="28" doraHaiUra="40" who="0" fromWho="3" sc="240,46,330,0,270,0,140,-26" /><INIT seed="3,0,0,3,2,15" ten="286,330,270,114" oya="3" hai0="56,30,10,91,2,45,6,132,70,1,38,106,20" hai1="126,28,25,61,80,24,67,13,23,73,93,35,103" hai2="121,105,9,74,86,129,127,78,87,46,7,108,5" hai3="122,42,0,18,110,113,96,112,83,53,54,16,44"/><W119/><G119/><T40/><D106/><U32/><E126/><V19/><F105/><W89/><G122/><T21/><D70/><U58/><E13/><V69/><F69/><W34/><G34/><T39/><D39/><U104/><E104/><V14/><F108/><W82/><G0/><T128/><D1/><U50/><E50/><V57/><F129/><W131/><G131/><T124/><D132/><U92/><E92/><V135/><F135/><W37/><G110/><T97/><D124/><U62/><E62/><V76/><F127/><W95/><G113/><T8/><D128/><U85/><E73/><V88/><F46/><W81/><REACH who="3" step="1"/><G112/><REACH who="3" ten="286,330,270,104" step="2"/><T43/><D2/><U4/><E35/><V48/><F121/><W26/><G26/><T116/><D116/><U101/><E25/><V90/><F74/><W118/><G118/><T59/><D38/><U66/><E24/><V109/><F109/><W68/><G68/><T71/><D71/><U51/><E32/><V123/><F123/><W107/><G107/><T63/><D30/><U94/><E28/><V84/><F5/><W79/><G79/><T98/><D6/><U60/><E4/><V75/><F7/><W55/><AGARI ba="0,1" hai="16,18,37,42,44,53,54,55,81,82,83,89,95,96" machi="55" ten="30,12000,1" yaku="1,1,0,1,52,2,54,1,53,0" doraHai="15" doraHaiUra="115" who="3" fromWho="3" sc="286,-40,330,-40,270,-40,104,130" /><INIT seed="3,1,0,5,1,63" ten="246,290,230,234" oya="3" hai0="64,115,99,83,53,44,70,47,51,4,54,74,135" hai1="75,42,43,13,122,112,108,52,82,92,113,84,131" hai2="110,105,17,77,27,9,30,28,22,86,38,58,48" hai3="55,24,96,1,50,32,49,18,97,129,111,21,25"/><W128/><G1/><T20/><D135/><U65/><E122/><V36/><F105/><W102/><G111/><T0/><D115/><U71/><E108/><V98/><F110/><W73/><G73/><T120/><D120/><U23/><E131/><N who="3" m="50250" /><G55/><T2/><D99/><N who="3" m="37961" /><G102/><T26/><D54/><U57/><E92/><V3/><F98/><W88/><G88/><T95/><D53/><U91/><E75/><V39/><F86/><W109/><G109/><T81/><D0/><U68/><E113/><V59/><F77/><W114/><G114/><T6/><D2/><U67/><E112/><V117/><F3/><W78/><G78/><T34/><D95/><U29/><E71/><V93/><F93/><W37/><G37/><T46/><D70/><U94/><E68/><V45/><F39/><W19/><G19/><T87/><D74/><U60/><E94/><V56/><F38/><W61/><G61/><T101/><D101/><U66/><E29/><AGARI ba="1,0" hai="18,21,24,25,29,32,49,50" m="37961,50250" machi="29" ten="30,1500,0" yaku="19,1" doraHai="63" who="3" fromWho="1" sc="246,0,290,-18,230,0,234,18" /><INIT seed="3,2,0,4,0,28" ten="246,272,230,252" oya="3" hai0="7,67,72,52,90,91,24,103,18,129,40,48,39" hai1="131,89,126,61,27,31,113,135,114,78,46,96,51" hai2="102,104,22,54,119,36,26,123,111,124,68,47,50" hai3="25,101,14,19,38,60,93,121,1,118,29,97,37"/><W109/><G121/><T133/><D72/><U77/><E126/><V35/><F119/><W122/><G122/><T8/><D129/><U92/><E131/><V21/><F111/><W105/><G118/><T79/><D133/><U66/><E135/><V20/><F123/><W13/><G1/><T80/><D103/><U9/><E9/><V33/><F26/><W115/><G115/><T45/><D18/><U49/><E49/><V64/><F124/><W59/><G105/><T106/><D24/><U117/><E117/><V88/><F36/><W95/><G95/><T94/><D67/><U73/><E73/><V10/><F10/><W34/><G109/><T132/><D94/><U4/><E4/><V98/><REACH who="2" step="1"/><F88/><REACH who="2" ten="246,272,220,252" step="2"/><W65/><REACH who="3" step="1"/><G13/><REACH who="3" ten="246,272,220,242" step="2"/><T53/><D132/><U71/><E114/><V86/><F86/><W12/><G12/><T63/><D80/><U110/><E113/><V11/><F11/><AGARI ba="2,2" hai="11,14,19,25,29,34,37,38,59,60,65,93,97,101" machi="11" ten="30,5800,0" yaku="1,1,7,1,52,1,53,0" doraHai="28" doraHaiUra="81" who="3" fromWho="2" sc="246,0,272,0,220,-64,242,84" /><INIT seed="3,3,0,5,5,17" ten="246,272,156,326" oya="3" hai0="119,110,103,101,100,109,2,37,63,57,70,133,91" hai1="43,111,122,0,29,106,84,85,30,130,10,121,71" hai2="125,95,134,87,124,4,126,41,123,46,117,27,38" hai3="5,77,72,114,82,56,6,127,112,32,9,64,92"/><W98/><G32/><T31/><D119/><U132/><E106/><V74/><F74/><W44/><G127/><T13/><D2/><U107/><E107/><V76/><F117/><W40/><G56/><T62/><D37/><U48/><E71/><V24/><F123/><W49/><G64/><T128/><D128/><U99/><E130/><V1/><F134/><W11/><G11/><T14/><D133/><U65/><E132/><V96/><F1/><W83/><G83/><T113/><D113/><U42/><E65/><V104/><F4/><W33/><G33/><T73/><D73/><U22/><E99/><V86/><F104/><W8/><G8/><T54/><D31/><U69/><E10/><V61/><F61/><W51/><G51/><T131/><D131/><U93/><E48/><V25/><REACH who="2" step="1"/><F76/><REACH who="2" ten="246,272,146,326" step="2"/><W35/><G5/><T55/><D63/><U120/><E0/><V102/><AGARI ba="3,1" hai="24,25,27,38,41,46,86,87,95,96,102,124,125,126" machi="102" ten="40,12000,2" yaku="1,1,2,1,0,1,18,1,53,3" doraHai="17" doraHaiUra="23" who="2" fromWho="2" sc="246,-33,272,-33,146,139,326,-63" /><INIT seed="4,0,0,1,1,65" ten="213,239,285,263" oya="0" hai0="30,51,27,116,21,90,20,132,96,3,75,133,34" hai1="107,6,108,67,110,117,87,72,55,15,45,85,92" hai2="121,11,113,47,106,54,135,50,37,63,120,114,129" hai3="10,61,62,103,48,18,83,128,101,7,59,5,39"/><T42/><D3/><U19/><E107/><V12/><F106/><W74/><G39/><T2/><D2/><U91/><E72/><V68/><F129/><W118/><G118/><T4/><D4/><U0/><E117/><V104/><F104/><W105/><G105/><T58/><D75/><U86/><E67/><N who="2" m="41087" /><F135/><N who="0" m="51786" /><D116/><U66/><E66/><V28/><F28/><W130/><G83/><T76/><D76/><U64/><E64/><V35/><F35/><W46/><G74/><T82/><D96/><U111/><E6/><V31/><F31/><W26/><G26/><T38/><D38/><U23/><E0/><V109/><F109/><W81/><G18/><T24/><D24/><U123/><E123/><N who="2" m="47179" /><F12/><W16/><G16/><T33/><D33/><U88/><E92/><V32/><F11/><W17/><G17/><T57/><D57/><U98/><E98/><V115/><F32/><W52/><G5/><T93/><D58/><U80/><E80/><V1/><F1/><N who="3" m="367" /><G81/><T131/><D131/><N who="3" m="50217" /><G61/><T84/><D82/><U125/><E111/><V44/><F37/><W100/><G100/><T102/><D102/><U94/><E110/><V99/><F99/><W41/><AGARI ba="0,0" hai="41,46,48,52,59,62,101,103" m="50217,367" machi="41" ten="30,2000,0" yaku="19,1,54,1" doraHai="65" who="3" fromWho="3" sc="213,-10,239,-5,285,-5,263,20" /><INIT seed="5,0,0,1,3,9" ten="203,234,280,283" oya="1" hai0="95,42,87,102,116,112,56,79,30,75,49,66,44" hai1="84,114,43,2,134,109,58,92,22,50,38,77,4" hai2="6,14,17,131,103,7,27,46,11,122,105,64,90" hai3="107,12,125,41,51,81,127,16,93,34,119,21,52"/><U86/><E114/><V132/><F122/><W69/><G107/><T57/><D112/><U94/><E134/><V60/><F132/><W100/><G69/><T106/><D116/><U15/><E38/><V18/><F131/><W33/><G119/><T65/><D75/><U24/><E2/><V67/><F105/><W36/><G41/><T135/><D135/><U0/><E0/><V37/><F103/><W31/><G36/><T63/><D106/><U39/><E39/><V71/><F37/><W1/><G1/><T62/><D30/><U98/><E109/><V124/><F124/><N who="3" m="47691" /><G31/><T126/><D126/><U96/><E77/><V10/><F46/><N who="3" m="27767" /><G81/><T123/><D123/><U25/><E43/><V48/><F48/><W82/><G82/><T111/><D111/><U47/><E47/><V28/><F67/><W130/><G130/><T13/><D13/><U83/><E58/><V53/><F53/><W5/><G5/><T91/><REACH who="0" step="1"/><D102/><REACH who="0" ten="193,234,280,283" step="2"/><U19/><E4/><V97/><F7/><W70/><G70/><T20/><D20/><U76/><E22/><V72/><F6/><W73/><G73/><T61/><D61/><U35/><E15/><V23/><F72/><W85/><G100/><T113/><D113/><U104/><E104/><V108/><F108/><W59/><G34/><T8/><D8/><U54/><E35/><V128/><F28/><W129/><G33/><T68/><D68/><U88/><E19/><V115/><F115/><W89/><G129/><T78/><AGARI ba="0,1" hai="42,44,49,56,57,62,63,65,66,78,79,87,91,95" machi="78" ten="30,12000,2" yaku="1,1,0,1,9,1,8,1,53,2" doraHai="9" doraHaiUra="55" who="0" fromWho="0" sc="193,130,234,-60,280,-30,283,-30" /><INIT seed="6,0,0,4,2,134" ten="323,174,250,253" oya="2" hai0="68,24,7,83,33,62,122,112,118,133,116,36,19" hai1="81,13,63,79,29,100,114,95,20,58,135,101,69" hai2="121,98,31,77,15,128,44,78,55,28,120,113,129" hai3="105,88,76,11,111,123,37,107,115,87,72,61,110"/><V1/><F98/><W27/><G37/><T3/><D36/><U74/><E135/><V25/><F44/><W60/><G123/><N who="2" m="47177" /><F55/><W131/><G27/><T18/><D133/><U66/><E114/><V108/><F113/><W9/><G115/><T89/><D62/><U70/><E101/><V40/><F40/><W50/><G131/><N who="2" m="50249" /><F1/><W30/><G50/><T8/><D3/><U71/><E13/><V0/><F0/><W53/><G76/><T130/><D112/><U85/><E74/><V48/><F48/><W51/><G72/><T104/><D130/><U119/><E119/><V82/><F108/><W109/><G105/><T126/><D104/><U46/><E46/><V57/><F57/><W127/><G107/><T17/><D122/><U21/><REACH who="1" step="1"/><E29/><REACH who="1" ten="323,164,250,253" step="2"/><V22/><F28/><W65/><G30/><T26/><D116/><U97/><AGARI ba="0,1" hai="20,21,58,63,66,69,70,71,79,81,85,95,97,100" machi="97" ten="40,5200,0" yaku="1,1,2,1,0,1,53,0" doraHai="134" doraHaiUra="125" who="1" fromWho="1" sc="323,-13,164,62,250,-26,253,-13" /><INIT seed="7,0,0,1,3,83" ten="310,226,224,240" oya="3" hai0="19,46,47,78,52,22,96,125,61,128,87,44,105" hai1="90,103,51,5,94,41,10,7,16,107,2,53,111" hai2="65,64,133,86,30,116,134,23,122,108,106,80,20" hai3="0,110,59,135,31,43,112,121,28,49,56,63,27"/><W76/><G121/><T39/><D39/><U29/><E111/><V57/><F108/><W117/><G110/><T24/><D105/><U62/><E29/><V1/><F1/><W73/><G117/><T67/><D125/><U132/><E132/><N who="2" m="50795" /><F116/><W45/><G0/><T92/><D128/><U119/><E119/><V42/><F122/><W113/><G135/><T89/><D78/><U12/><E107/><V82/><F80/><N who="3" m="45071" /><G63/><T14/><D67/><N who="2" m="25674" /><F106/><W81/><G81/><T35/><D35/><U55/><E2/><V93/><F93/><W120/><G120/><T101/><D101/><U32/><E103/><V25/><F42/><W33/><G31/><T129/><D129/><U99/><E41/><V34/><F57/><W75/><G75/><T4/><D96/><U115/><E115/><AGARI ba="0,0" hai="27,28,33,43,45,49,56,59,112,113,115" m="45071" machi="115" ten="30,1500,0" yaku="15,1" doraHai="83" who="3" fromWho="1" sc="310,0,226,-15,224,0,240,15" /><INIT seed="7,1,0,3,5,134" ten="310,211,224,255" oya="3" hai0="56,133,70,58,102,15,51,78,36,10,129,114,101" hai1="84,89,0,127,83,88,69,98,113,44,66,109,87" hai2="52,81,65,38,90,2,4,21,61,107,110,79,121" hai3="33,86,105,57,3,29,128,68,32,63,120,9,96"/><W49/><G120/><T126/><D36/><U47/><E0/><V75/><F110/><W93/><G128/><T40/><D70/><U72/><E109/><V39/><F121/><W18/><G68/><T85/><D126/><U31/><E31/><V28/><F107/><W16/><G105/><T41/><D114/><U22/><E113/><V12/><F2/><W122/><G122/><T131/><D133/><U116/><E116/><V91/><F90/><W20/><G49/><T124/><D124/><U62/><E127/><V25/><F52/><N who="3" m="34215" /><G29/><T104/><D104/><U135/><E72/><V112/><F112/><W55/><G55/><T46/><D41/><U97/><E135/><V64/><F64/><W23/><G86/><T53/><D131/><U42/><E22/><V24/><F24/><N who="3" m="14343" /><G9/><T48/><D129/><U82/><REACH who="1" step="1"/><E47/><REACH who="1" ten="310,201,224,255" step="2"/><V60/><F75/><W13/><G3/><T14/><D46/><U73/><E73/><V115/><F115/><W118/><G118/><T95/><D10/><U119/><E119/><V30/><F28/><W99/><G33/><T59/><D59/><U92/><E92/><V27/><F30/><W43/><G32/><T108/><D58/><U100/><E100/><V7/><F21/><W17/><G93/><T35/><D56/><U74/><E74/><V50/><F81/><W94/><G94/><T34/><D95/><U8/><E8/><V117/><F117/><W37/><G23/><T103/><D35/><U5/><E5/><V123/><F7/><W67/><G17/><T1/><D34/><U71/><E71/><V19/><F4/><RYUUKYOKU ba="1,1" sc="310,-10,201,30,224,-10,255,-10" hai1="42,44,62,66,69,82,83,84,87,88,89,97,98" owari="310,41.0,231,-17.0,214,-29.0,245,5.0" /></mjloggm>