<mjloggm ver="2.3"><GO type="185" lobby="0"/><UN n0="%E6%B8%AF%E5%8D%97%E3%83%9C%E3%83%BC%E3%82%A4" n1="%79%61%73%73%61%6E" n2="%E6%84%9B%E3%81%A8%E6%AD%A3%E7%BE%A9" n3="" dan="16,17,17,0" rate="2130.48,2258.35,2250.61,1500.00" sx="M,M,F,C"/><TAIKYOKU oya="0"/><BYE who="1" /><UN n1="%79%61%73%73%61%6E" /><INIT seed="0,0,0,1,2,61" ten="350,350,350,0" oya="0" hai0="108,37,132,84,43,56,100,2,69,101,118,73,74" hai1="111,32,65,76,0,113,120,44,60,70,57,88,124" hai2="106,58,86,112,116,92,50,83,80,64,99,133,125" hai3=""/><T1/><D118/><U103/><E120/><V82/><F112/><T115/><D69/><U66/><E113/><V114/><F114/><T46/><D115/><U122/><N who="1" m="31264" /><U47/><E32/><V55/><F116/><T68/><D68/><U104/><E0/><V79/><F133/><T53/><D132/><U34/><E34/><V77/><F106/><T48/><D108/><U90/><E111/><V85/><F125/><T59/><D84/><N who="2" m="32362" /><F64/><T94/><D59/><U71/><E76/><V49/><F49/><T110/><D110/><U134/><E134/><V33/><F33/><T129/><D129/><U36/><E124/><V127/><F127/><T131/><D131/><U81/><E81/><N who="2" m="20739" /><V119/><DORA hai="75" /><F119/><T91/><D74/><U3/><E3/><V107/><F107/><T40/><D73/><U98/><E36/><V96/><F96/><T109/><D43/><U135/><E135/><V39/><F39/><T97/><REACH who="0" step="1"/><D109/><REACH who="0" ten="340,350,350,0" step="2"/><U128/><E128/><V72/><F72/><T87/><D87/><U63/><E57/><V117/><F117/><T38/><D38/><U35/><E35/><V123/><N who="2" m="31520" /><V105/><F58/><T62/><D62/><U51/><E51/><V126/><F50/><T121/><D121/><RYUUKYOKU ba="0,1" sc="340,10,350,10,350,-20,0,0" hai0="1,2,37,40,46,48,53,56,91,94,97,100,101" hai1="44,47,60,63,65,66,70,71,88,90,98,103,104" /><INIT seed="0,1,1,4,1,37" ten="350,360,330,0" oya="0" hai0="69,127,114,46,42,40,49,77,52,43,57,104,110" hai1="76,36,56,91,54,111,132,81,44,115,117,85,102" hai2="109,39,128,101,125,84,134,50,33,78,71,62,47" hai3=""/><T123/><N who="0" m="31520" /><T88/><D104/><U0/><E0/><V3/><F33/><T108/><D114/><U94/><E117/><V60/><F3/><T118/><D118/><U129/><E115/><V45/><F109/><N who="0" m="42090" /><D127/><U80/><E129/><V100/><F128/><T55/><D77/><U38/><E132/><V87/><F134/><T72/><D72/><U119/><E119/><V83/><F78/><T68/><D88/><U66/><E111/><V41/><F125/><T79/><D79/><U99/><E66/><V1/><F1/><T135/><D135/><U121/><N who="1" m="31008" /><U61/><REACH who="1" step="1"/><E44/><REACH who="1" ten="350,350,330,0" step="2"/><V90/><F47/><T59/><D46/><U98/><E98/><V97/><F97/><T105/><D105/><U53/><E53/><V34/><F45/><T130/><D130/><U75/><AGARI ba="1,2" hai="36,38,54,56,61,75,76,80,81,85,91,94,99,102" m="31008" machi="75" ten="20,6000,1" yaku="1,1,0,1,7,1,52,1,53,1" doraHai="37" doraHaiUra="58" who="1" fromWho="1" sc="350,-41,350,82,330,-21,0,0" /><INIT seed="1,0,0,4,1,3" ten="309,432,309,0" oya="1" hai0="121,50,71,101,118,132,88,91,43,96,129,35,82" hai1="107,0,87,46,66,41,58,69,104,34,123,32,64" hai2="112,1,61,77,79,99,75,122,76,90,57,119,44" hai3=""/><U103/><N who="1" m="31520" /><U134/><E0/><V102/><N who="2" m="31264" /><V60/><F119/><T67/><N who="0" m="31008" /><T89/><D118/><U130/><E134/><V116/><F116/><T108/><D132/><U98/><E130/><V131/><F1/><T94/><D129/><U2/><E2/><V55/><F131/><T117/><D117/><U54/><E104/><V40/><F112/><T59/><D71/><U56/><E56/><V52/><F90/><T133/><D133/><U120/><N who="1" m="30752" /><U74/><E74/><V105/><F75/><T124/><D124/><U65/><E69/><V127/><F127/><T86/><D108/><U45/><E87/><V81/><F81/><T39/><D35/><U80/><E80/><V125/><F125/><T37/><D37/><U95/><E107/><V47/><F40/><T78/><D39/><U38/><REACH who="1" step="1"/><E45/><REACH who="1" ten="309,422,309,0" step="2"/><V68/><F68/><T73/><D73/><U83/><E83/><V85/><F85/><T114/><D114/><U36/><E36/><V110/><F44/><T92/><D94/><U63/><AGARI ba="0,1" hai="32,34,38,41,46,54,58,63,64,65,66,95,98,103" m="30752,31520" machi="63" ten="30,12000,2" yaku="1,1,0,1,52,4,53,1" doraHai="3" doraHaiUra="42" who="1" fromWho="1" sc="309,-60,422,130,309,-60,0,0" /><INIT seed="1,1,0,4,1,45" ten="249,552,249,0" oya="1" hai0="97,38,51,75,109,82,77,93,34,120,104,98,122" hai1="49,91,43,2,0,124,103,131,46,114,100,92,67" hai2="105,86,32,83,61,81,112,1,133,58,41,84,39" hai3=""/><U106/><E114/><V57/><F32/><T127/><N who="0" m="30752" /><T73/><N who="0" m="31264" /><T132/><D109/><U48/><E106/><V50/><F1/><T134/><D34/><U113/><E113/><V70/><F112/><T119/><D38/><U90/><E67/><V85/><F105/><T65/><D65/><U76/><E76/><V3/><F3/><T56/><D119/><U128/><E46/><V42/><F133/><N who="0" m="51306" /><D127/><U95/><REACH who="1" step="1"/><E43/><REACH who="1" ten="249,542,249,0" step="2"/><V108/><F41/><T79/><D104/><U117/><E117/><V126/><F42/><T121/><N who="0" m="31008" /><T60/><D79/><U44/><E44/><V115/><F115/><T118/><D118/><U129/><E129/><V87/><F126/><AGARI ba="1,1" hai="0,2,48,49,90,91,92,95,100,103,124,126,128,131" machi="126" ten="25,12000,1" yaku="1,1,22,2,52,2,53,0" doraHai="45" doraHaiUra="63" who="1" fromWho="2" sc="249,0,542,132,249,-122,0,0" /><INIT seed="1,2,0,2,3,96" ten="249,674,127,0" oya="1" hai0="33,103,80,125,39,78,79,123,50,86,101,57,114" hai1="35,97,104,64,132,69,81,102,121,105,120,111,118" hai2="61,58,53,119,1,40,44,62,74,60,0,84,133" hai3=""/><U51/><N who="1" m="30752" /><U92/><N who="1" m="31008" /><U122/><N who="1" m="31264" /><U90/><E35/><V42/><F119/><T2/><N who="0" m="31520" /><T109/><D33/><U45/><E118/><V68/><F74/><T124/><D2/><U3/><E3/><V130/><F133/><T54/><D114/><U72/><E132/><V36/><F130/><T107/><D39/><U98/><E111/><V38/><F84/><T41/><D41/><N who="2" m="15978" /><F0/><T85/><D109/><U93/><E64/><V135/><F135/><T131/><D131/><U116/><E69/><V37/><F1/><T34/><D34/><U59/><E59/><V70/><F44/><T56/><D107/><U128/><E128/><V126/><F126/><N who="0" m="48746" /><D57/><U83/><E116/><V66/><F66/><T55/><D55/><U49/><E45/><V134/><F134/><T127/><N who="0" m="48754" /><T108/><DORA hai="89" /><D108/><U100/><E72/><V75/><F75/><T65/><D65/><U32/><E32/><V82/><F82/><AGARI ba="2,0" hai="50,54,56,78,79,80,82,85,86,101,103" m="48754,31520" machi="82" ten="40,8000,1" yaku="18,1,52,3" doraHai="96,89" who="0" fromWho="2" sc="249,84,674,0,127,-84,0,0" /><INIT seed="2,0,0,4,3,70" ten="333,674,43,0" oya="2" hai0="112,107,89,44,76,34,109,67,122,2,77,50,96" hai1="134,32,65,56,126,45,95,91,114,125,42,124,105" hai2="61,63,132,120,57,74,37,51,123,118,128,101,60" hai3=""/><V78/><N who="2" m="30752" /><V75/><N who="2" m="31520" /><V54/><F118/><T59/><N who="0" m="31264" /><T90/><D2/><U48/><E105/><V127/><F132/><T97/><D34/><U64/><E114/><V40/><F128/><T68/><D68/><U66/><E32/><V131/><F131/><T79/><D112/><U72/><E72/><V33/><F33/><T117/><D117/><U88/><E134/><V103/><F127/><T119/><D119/><U38/><E95/><V100/><REACH who="2" step="1"/><F78/><REACH who="2" ten="333,674,33,0" step="2"/><T129/><D129/><U0/><E0/><V80/><F80/><T52/><D77/><U98/><E125/><V130/><F130/><T106/><D79/><U49/><E126/><V82/><F82/><T1/><D1/><U41/><E124/><V73/><F73/><T84/><D76/><U94/><E66/><V43/><F43/><T110/><D67/><U39/><E65/><V108/><F108/><T55/><D110/><U121/><N who="1" m="31008" /><U111/><E111/><V113/><F113/><T58/><D109/><U135/><E135/><V86/><F86/><T115/><D115/><U3/><E42/><V47/><AGARI ba="0,1" hai="37,40,47,51,54,57,60,61,63,74,75,100,101,103" m="31520,30752" machi="47" ten="40,8000,1" yaku="1,1,0,1,52,3,53,0" doraHai="70" doraHaiUra="81" who="2" fromWho="2" sc="333,-40,674,-40,33,90,0,0" /><INIT seed="2,1,0,4,3,105" ten="293,634,123,0" oya="2" hai0="32,41,50,35,53,93,109,99,113,61,116,40,134" hai1="60,38,92,70,89,114,59,58,112,120,72,118,119" hai2="2,63,55,94,117,45,67,107,88,34,1,56,90" hai3=""/><V95/><F117/><N who="1" m="44553" /><E38/><V108/><F107/><T101/><D116/><U132/><N who="1" m="30752" /><U104/><E104/><V91/><F34/><T133/><D109/><U122/><N who="1" m="31264" /><U54/><E70/><V125/><F108/><T106/><D113/><U0/><E0/><V44/><F125/><T97/><D61/><U71/><E71/><V87/><F91/><T77/><D77/><U51/><E72/><V84/><REACH who="2" step="1"/><F67/><REACH who="2" ten="293,634,113,0" step="2"/><T128/><D32/><U123/><N who="1" m="31520" /><U131/><E132/><V135/><F135/><N who="0" m="51722" /><D35/><U85/><E131/><V57/><F57/><T121/><N who="0" m="31008" /><T78/><D128/><U129/><E129/><V3/><AGARI ba="1,1" hai="1,2,3,44,45,55,56,63,84,87,88,90,94,95" machi="3" ten="30,12000,2" yaku="1,1,0,1,9,1,54,1,53,2" doraHai="105" doraHaiUra="82" who="2" fromWho="2" sc="293,-61,634,-61,113,132,0,0" /><INIT seed="2,2,0,0,1,41" ten="232,573,245,0" oya="2" hai0="76,68,69,118,33,51,106,124,43,120,1,49,135" hai1="110,63,99,100,73,48,83,78,95,101,77,93,86" hai2="60,126,88,34,89,98,134,53,119,50,105,74,117" hai3=""/><V80/><F34/><T113/><D43/><U47/><E110/><V108/><F108/><T35/><D76/><U130/><E130/><V64/><F134/><T39/><D51/><U52/><E77/><V59/><F126/><T121/><N who="0" m="30752" /><T58/><D58/><U107/><E101/><V132/><F132/><T94/><D94/><U112/><E112/><V92/><F105/><T32/><D49/><U67/><REACH who="1" step="1"/><E73/><REACH who="1" ten="232,563,245,0" step="2"/><V65/><F74/><T54/><D33/><U109/><E109/><V42/><F117/><T102/><D35/><U66/><E66/><V90/><F119/><T111/><D102/><U56/><AGARI ba="2,1" hai="47,48,52,56,63,67,78,83,86,93,95,99,100,107" machi="56" ten="20,6000,1" yaku="1,1,0,1,7,1,52,1,54,1,53,0" doraHai="41" doraHaiUra="37" who="1" fromWho="1" sc="232,-22,563,74,245,-42,0,0" /><INIT seed="4,0,0,5,5,83" ten="210,637,203,0" oya="0" hai0="35,89,73,59,3,52,87,42,130,120,74,109,80" hai1="126,78,113,121,110,124,102,46,56,45,118,53,84" hai2="49,94,85,101,63,112,32,39,44,82,122,51,103" hai3=""/><T2/><N who="0" m="30752" /><T104/><D35/><U61/><N who="1" m="31008" /><U60/><E110/><V67/><N who="2" m="31264" /><V75/><F32/><T91/><D109/><U33/><E33/><V111/><F111/><T68/><D68/><U119/><E102/><V90/><F112/><T64/><D104/><U117/><E78/><V50/><F75/><T58/><D42/><U105/><E84/><V116/><F116/><T88/><D130/><U127/><E105/><V125/><F125/><T71/><D71/><U70/><E113/><V115/><F115/><T135/><D135/><U133/><E133/><V34/><F34/><T129/><D129/><U77/><E77/><V114/><F114/><T79/><D64/><AGARI ba="0,0" hai="45,46,53,56,60,61,64,70,117,118,119,124,126,127" m="31008" machi="64" ten="50,8000,1" yaku="18,1,34,3,52,1" doraHai="83" who="1" fromWho="0" sc="210,-80,637,80,203,0,0,0" /><INIT seed="5,0,0,1,1,43" ten="130,717,203,0" oya="1" hai0="129,106,62,115,39,89,2,56,48,64,70,101,40" hai1="66,87,134,65,52,46,102,51,3,113,49,73,131" hai2="57,107,132,95,119,91,47,122,63,117,74,114,109" hai3=""/><U124/><E73/><V59/><N who="2" m="31264" /><V97/><F109/><T83/><D2/><U42/><E3/><V110/><F110/><T81/><D129/><U33/><E33/><V98/><F132/><T99/><D115/><U35/><E35/><V86/><F114/><T68/><D68/><U61/><E113/><V118/><F74/><T96/><D96/><U78/><E124/><V72/><F72/><T37/><D37/><U123/><N who="1" m="31520" /><U41/><E102/><V127/><F127/><T100/><D100/><U0/><E0/><V88/><F107/><T76/><D89/><U128/><E134/><V92/><F63/><T36/><D36/><U34/><E34/><V125/><F125/><T126/><D126/><U130/><E51/><V103/><F103/><T104/><D104/><U121/><N who="1" m="31008" /><U82/><E65/><V120/><N who="2" m="30752" /><V133/><F133/><T80/><D39/><U94/><E94/><V84/><F117/><T108/><D108/><U32/><E32/><V85/><F85/><T69/><REACH who="0" step="1"/><D76/><REACH who="0" ten="120,717,203,0" step="2"/><U58/><AGARI ba="0,1" hai="41,42,46,49,52,58,61,66,78,82,87,128,130,131" m="31008,31520" machi="58" ten="30,12000,2" yaku="0,1,19,1,52,3,54,1" doraHai="43" who="1" fromWho="1" sc="120,-60,717,130,203,-60,0,0" /><INIT seed="5,1,0,2,1,47" ten="60,847,143,0" oya="1" hai0="125,94,3,114,52,35,82,71,130,128,131,90,62" hai1="1,100,83,129,91,134,38,104,98,43,89,117,66" hai2="95,72,121,119,56,81,76,75,63,80,85,87,96" hai3=""/><U111/><E1/><V50/><N who="2" m="31008" /><V78/><F119/><T108/><D108/><U77/><E66/><V51/><F75/><T103/><D3/><U135/><E43/><V40/><F72/><T57/><D35/><U109/><E38/><V61/><F40/><T69/><D125/><U2/><E2/><V79/><F79/><T42/><D114/><U88/><E117/><V37/><F37/><T113/><D113/><U34/><E129/><V44/><F44/><T116/><D116/><U107/><E107/><V102/><F63/><T132/><D132/><N who="1" m="50731" /><E34/><V67/><AGARI ba="1,0" hai="50,51,56,61,67,76,78,80,81,85,87,95,96,102" m="31008" machi="67" ten="20,9000,2" yaku="0,1,7,1,9,1,8,1,52,3" doraHai="47" who="2" fromWho="2" sc="60,-31,847,-61,143,92,0,0" /><INIT seed="6,0,0,3,3,95" ten="29,786,235,0" oya="2" hai0="131,133,128,2,125,44,62,73,32,35,99,83,114" hai1="108,106,104,79,89,123,132,115,113,60,97,76,130" hai2="47,81,77,129,75,80,55,105,66,102,100,1,68" hai3=""/><V58/><F1/><T74/><D99/><U118/><N who="1" m="31520" /><U42/><E42/><V101/><F129/><T45/><D83/><U117/><E60/><V122/><N who="2" m="31264" /><V70/><F105/><T103/><D62/><U50/><E50/><V110/><F110/><T53/><D103/><U48/><E48/><V46/><F80/><T87/><D87/><U34/><E34/><V40/><F66/><T93/><D93/><U0/><E0/><V43/><F43/><T86/><D86/><U84/><E132/><V82/><F82/><T127/><D53/><U126/><E126/><V61/><REACH who="2" step="1"/><F47/><REACH who="2" ten="29,786,225,0" step="2"/><T71/><D45/><U39/><E130/><V72/><F72/><T67/><D44/><U116/><E108/><V37/><AGARI ba="0,1" hai="37,40,46,55,58,61,68,70,75,77,81,100,101,102" m="31264" machi="37" ten="30,4000,0" yaku="1,1,0,1,52,1,53,0" doraHai="95" doraHaiUra="92" who="2" fromWho="2" sc="29,-20,786,-20,225,50,0,0" /><INIT seed="6,1,0,3,4,66" ten="9,766,275,0" oya="2" hai0="124,55,37,135,67,36,35,40,62,64,98,86,119" hai1="89,71,108,114,127,93,32,3,126,103,68,96,45" hai2="78,82,131,54,49,61,60,133,69,130,72,134,77" hai3=""/><V128/><F77/><T59/><D98/><U52/><E114/><V90/><F90/><T111/><D86/><U100/><E108/><V42/><F42/><T47/><D35/><U101/><E3/><V85/><F72/><T95/><D95/><U110/><E110/><V57/><F69/><T81/><D81/><U76/><E32/><V75/><F75/><T46/><D111/><U53/><E53/><V65/><F65/><T121/><N who="0" m="31008" /><T97/><D97/><U123/><N who="1" m="31520" /><U112/><E112/><V87/><F87/><T129/><D119/><U113/><E113/><V80/><F80/><T1/><D1/><U116/><E116/><V79/><F79/><T104/><D104/><U84/><E76/><V94/><F94/><T48/><D124/><N who="1" m="47659" /><E84/><V91/><F78/><T92/><D92/><U83/><E83/><V125/><F125/><T107/><D107/><U132/><E71/><V73/><F73/><T70/><D129/><U51/><E68/><V50/><F128/><T122/><N who="0" m="31264" /><T109/><D109/><U99/><E99/><V33/><F130/><T41/><D135/><AGARI ba="1,0" hai="45,51,52,89,93,96,100,101,103,132,135" m="47659,31520" machi="135" ten="40,5200,0" yaku="18,1,52,1,54,1" doraHai="66" who="1" fromWho="0" sc="9,-54,766,54,275,0,0,0" owari="-45,-65.0,820,77.0,275,-12.0,0,0.0" /></mjloggm>