<mjloggm ver="2.3"><GO type="225" lobby="0"/><UN n0="%E3%81%8A%E3%81%8A%E3%81%9E%E3%82%89%E3%82%92%E3%81%A8%E3%81%B6" n1="%E3%81%AF%E3%82%88%E3%81%8A%E3%81%98%E3%81%95%E3%82%93" n2="%E4%BC%BD%E8%97%8D%E5%A0%82%E7%B4%97%E7%BE%85" n3="%E3%82%B8%E3%83%A3%E3%83%9E%E3%83%BC%E3%83%AB%E3%83%9E%E3%83%AC%E3%83%BC" dan="16,18,16,17" rate="2153.24,2257.46,2209.66,2179.64" sx="M,M,F,M"/><TAIKYOKU oya="0"/><INIT seed="0,0,0,3,4,116" ten="250,250,250,250" oya="0" hai0="111,17,128,97,84,66,117,122,40,51,96,73,71" hai1="3,63,19,77,120,35,46,57,94,76,129,107,15" hai2="133,49,130,39,105,83,69,27,14,34,82,70,65" hai3="72,78,5,102,79,99,91,67,18,33,60,86,80"/><T127/><D73/><U8/><E107/><V114/><F114/><W101/><G33/><T104/><D117/><U23/><E129/><V88/><F39/><W90/><G5/><T100/><D128/><U110/><E110/><V125/><F105/><N who="3" m="63679" /><G18/><T7/><D7/><U135/><E135/><V119/><F130/><W109/><G60/><T126/><D111/><U36/><E120/><V118/><F133/><W9/><G9/><T74/><D74/><U0/><E35/><V43/><F14/><W4/><G67/><T92/><D84/><U64/><E94/><V53/><F43/><W22/><G22/><T10/><D66/><U81/><E77/><V112/><F112/><W68/><G68/><T44/><D71/><U85/><E23/><V54/><F65/><W1/><G4/><T42/><D122/><U29/><E29/><V47/><F27/><W31/><G31/><T6/><D17/><U38/><REACH who="1" step="1"/><E46/><REACH who="1" ten="250,240,250,250" step="2"/><V58/><F34/><W26/><G79/><T52/><D126/><U75/><E75/><V87/><F125/><W48/><G72/><T93/><D127/><U45/><E45/><V20/><F118/><W113/><G78/><T41/><REACH who="0" step="1"/><D97/><REACH who="0" ten="240,240,250,250" step="2"/><U50/><E50/><N who="2" m="31063" /><F119/><W106/><G48/><T16/><D16/><U30/><E30/><V95/><F70/><W13/><G113/><T131/><D131/><U132/><E132/><V24/><F69/><W115/><G115/><T103/><D103/><U59/><E59/><V108/><F108/><W123/><G109/><T56/><D56/><U32/><E32/><V124/><F124/><W55/><G102/><RYUUKYOKU ba="0,2" sc="240,10,240,10,250,10,250,-30" hai0="6,10,40,41,42,44,51,52,92,93,96,100,104" hai1="0,3,8,15,19,36,38,57,63,64,76,81,85" hai2="20,24,47,49,53,82,83,87,88,95" /><INIT seed="0,1,2,5,3,27" ten="250,250,260,220" oya="0" hai0="31,95,49,22,130,76,120,33,73,51,6,43,19" hai1="69,124,77,38,81,100,23,24,46,1,131,26,126" hai2="37,52,110,58,86,121,28,88,36,82,71,5,83" hai3="63,75,107,66,16,122,119,32,135,41,55,74,102"/><T47/><D120/><U90/><E69/><V92/><F121/><W13/><G122/><T80/><D130/><U15/><E1/><V29/><F71/><W133/><G119/><T61/><D6/><U64/><E64/><V65/><F110/><W132/><G41/><T57/><D95/><U54/><E100/><V105/><F105/><W127/><G127/><N who="1" m="48682" /><E90/><V34/><F65/><W112/><G32/><T91/><D91/><U84/><E131/><V94/><F34/><W108/><G112/><T3/><D3/><U42/><E54/><V0/><F0/><W125/><G108/><T4/><D4/><U98/><E98/><V8/><F83/><W14/><G55/><T113/><D113/><U99/><E99/><V78/><F92/><W60/><G125/><T53/><D33/><U87/><E84/><N who="2" m="48215" /><F37/><W67/><G102/><T117/><D117/><U18/><AGARI ba="1,2" hai="15,18,23,24,26,38,42,46,77,81,87" m="48682" machi="18" ten="30,1100,0" yaku="18,1" doraHai="27" who="1" fromWho="1" sc="250,-6,250,34,260,-4,220,-4" /><INIT seed="1,0,0,0,3,93" ten="244,284,256,216" oya="1" hai0="40,15,116,126,107,68,49,133,44,58,22,38,127" hai1="1,73,89,106,27,62,118,54,21,119,104,5,70" hai2="80,92,0,51,130,48,43,18,117,125,97,16,111" hai3="121,79,45,82,55,56,50,98,103,96,66,30,76"/><U42/><E73/><V63/><F117/><W47/><G121/><T60/><D107/><U28/><E42/><V94/><F0/><W3/><G3/><T84/><D84/><U78/><E78/><N who="3" m="29738" /><G82/><T134/><D22/><U14/><E1/><V13/><F111/><W52/><G30/><T7/><D15/><U25/><E27/><V112/><F130/><W9/><G103/><T81/><D7/><U83/><E104/><V74/><F125/><N who="0" m="47626" /><D81/><U10/><E106/><V65/><F112/><W135/><G135/><N who="0" m="51723" /><D116/><U11/><E10/><V20/><F74/><W87/><G87/><T122/><D122/><U129/><E83/><V100/><F43/><W90/><G90/><T120/><D120/><U12/><E89/><V6/><F80/><W114/><G114/><T57/><D38/><U85/><E85/><V101/><F6/><W35/><G35/><T26/><D26/><U132/><E132/><V2/><F2/><W109/><G109/><T4/><D4/><U53/><E118/><V131/><F18/><W124/><G124/><T115/><D115/><U88/><E88/><V72/><F72/><W75/><G75/><T86/><D86/><U46/><E119/><V95/><F95/><W128/><G9/><T24/><D24/><U77/><E77/><V36/><F36/><W29/><G29/><T41/><D40/><U17/><E28/><V71/><F94/><W108/><G108/><T67/><AGARI ba="0,0" hai="41,44,49,57,58,60,67,68" m="51723,47626" machi="67" ten="40,8000,1" yaku="18,1,20,1,34,2" doraHai="93" who="0" fromWho="0" sc="244,80,284,-40,256,-20,216,-20" /><INIT seed="2,0,0,4,0,14" ten="324,244,236,196" oya="2" hai0="84,51,122,118,120,69,20,32,22,58,104,121,79" hai1="61,41,89,126,119,117,19,2,15,112,39,111,37" hai2="75,130,33,115,62,87,12,71,72,64,60,53,94" hai3="9,78,85,55,83,97,6,129,101,24,35,127,96"/><V124/><F115/><W52/><G129/><T125/><D69/><U67/><E112/><V21/><F33/><W99/><G127/><T103/><D32/><U34/><E2/><V16/><F124/><W100/><G35/><T45/><D125/><U113/><E34/><V116/><F116/><W107/><G24/><T23/><D118/><U59/><E113/><V128/><F87/><W44/><G44/><T31/><D58/><U27/><E126/><V135/><F94/><W70/><G70/><T66/><D66/><U102/><E111/><V57/><REACH who="2" step="1"/><F135/><REACH who="2" ten="324,244,226,196" step="2"/><W68/><G68/><T17/><D84/><U7/><E117/><V43/><F43/><W50/><G50/><T49/><D49/><U91/><E41/><V47/><F47/><W8/><G99/><T5/><D51/><U86/><E86/><V36/><F36/><W18/><G97/><T11/><D45/><U73/><E37/><V82/><F82/><W131/><G131/><AGARI ba="0,1" hai="12,16,21,53,57,60,62,64,71,72,75,128,130,131" machi="131" ten="40,12000,1" yaku="1,1,19,1,52,1,54,1,53,0" doraHai="14" doraHaiUra="114" who="2" fromWho="3" sc="324,0,244,0,226,130,196,-120" /><INIT seed="2,1,0,1,3,11" ten="324,244,356,76" oya="2" hai0="37,97,126,49,93,90,18,65,83,35,101,107,46" hai1="19,95,77,34,104,22,88,105,94,53,86,32,103" hai2="73,20,85,131,113,55,39,21,68,28,16,70,96" hai3="58,9,69,44,92,87,25,14,48,111,36,80,54"/><V74/><F113/><W135/><G111/><T15/><D126/><U60/><E77/><V98/><F39/><W112/><G135/><T125/><D125/><U76/><E76/><V66/><F131/><W67/><G112/><T6/><D37/><U26/><E94/><V106/><F85/><W130/><G130/><T5/><D65/><U33/><E103/><V3/><F55/><W51/><G25/><T79/><D35/><U56/><AGARI ba="1,0" hai="19,22,26,32,33,34,53,56,60,86,88,95,104,105" machi="56" ten="40,2700,0" yaku="0,1,54,1" doraHai="11" who="1" fromWho="1" sc="324,-8,244,30,356,-14,76,-8" /><INIT seed="3,0,0,0,1,51" ten="316,274,342,68" oya="3" hai0="27,102,14,129,106,10,30,45,22,66,9,41,132" hai1="65,47,60,90,6,3,17,103,62,39,78,77,8" hai2="32,19,29,16,56,38,87,82,91,110,127,99,72" hai3="24,58,4,83,89,54,37,42,25,105,96,131,122"/><W44/><G122/><T74/><D74/><U55/><E103/><V67/><F110/><W84/><G131/><T69/><D129/><U21/><E90/><V2/><F38/><W124/><G124/><T18/><D132/><U46/><E62/><V73/><F2/><W1/><G105/><T125/><D125/><U86/><E86/><V113/><F127/><W93/><G4/><T135/><D135/><U104/><E104/><V57/><F113/><W114/><G1/><T52/><D69/><U100/><E100/><V120/><F120/><W121/><G121/><T109/><D66/><U97/><E97/><V59/><F67/><W11/><G11/><T88/><D109/><U49/><E46/><V94/><F72/><W68/><G68/><T128/><D128/><U40/><E39/><V111/><F73/><W26/><G114/><T130/><D88/><U92/><E92/><V43/><F43/><W50/><REACH who="3" step="1"/><G25/><REACH who="3" ten="316,274,342,58" step="2"/><T116/><D9/><U76/><E8/><V7/><F7/><W75/><G75/><T48/><D130/><U36/><E6/><V107/><F107/><W33/><G33/><T95/><D106/><U108/><E3/><V123/><F123/><W119/><G119/><T133/><D116/><U20/><E108/><V81/><F111/><W117/><G117/><T134/><D134/><U5/><E5/><V13/><F32/><W0/><G0/><T28/><D133/><U61/><E21/><V80/><F99/><W35/><G35/><T126/><D126/><U85/><E20/><V34/><F34/><W23/><G23/><T70/><D22/><RYUUKYOKU ba="0,1" sc="316,-10,274,-10,342,-10,58,30" hai3="24,26,37,42,44,50,54,58,83,84,89,93,96" /><INIT seed="3,1,1,3,0,44" ten="306,264,332,88" oya="3" hai0="62,115,97,47,16,53,76,114,31,88,40,73,48" hai1="25,17,118,107,122,127,83,96,26,71,32,90,135" hai2="41,94,4,112,5,93,133,24,128,35,81,66,85" hai3="52,130,87,63,14,21,120,30,68,116,38,55,106"/><W29/><G116/><T78/><D31/><N who="3" m="11785" /><G120/><T131/><D131/><U132/><E71/><V64/><F112/><N who="0" m="43050" /><D16/><U121/><E32/><V57/><F35/><W123/><G123/><N who="1" m="47114" /><E17/><V91/><F24/><W56/><G106/><T9/><D9/><U110/><E25/><V98/><F128/><W11/><G130/><T8/><D8/><U49/><E26/><V113/><F113/><W119/><G68/><T104/><D73/><U75/><E118/><V28/><F28/><W82/><G119/><T74/><D74/><U124/><E49/><V60/><F41/><W0/><G38/><N who="0" m="21911" /><D62/><U39/><E110/><V42/><F42/><W50/><G0/><T54/><D54/><U27/><E27/><V108/><F108/><W61/><G21/><T19/><D19/><U102/><E39/><V13/><F13/><W6/><G55/><T109/><D109/><U117/><E117/><V99/><F64/><W34/><G34/><T70/><D70/><U1/><E1/><V10/><F10/><W18/><G6/><T125/><D104/><U111/><E111/><V2/><F2/><W46/><G56/><N who="0" m="32807" /><D125/><N who="1" m="48203" /><E90/><AGARI ba="1,1" hai="11,14,18,46,50,52,61,63,82,87,90" m="11785" machi="90" ten="30,11600,0" yaku="25,1,8,1,52,1,54,1" doraHai="44" who="3" fromWho="1" sc="306,0,264,-119,332,0,88,129" /><INIT seed="3,2,0,4,0,135" ten="306,145,332,217" oya="3" hai0="61,67,31,96,127,33,62,44,107,10,94,42,65" hai1="41,95,74,118,93,105,92,101,3,128,32,28,108" hai2="51,39,2,64,26,71,117,55,18,100,79,129,130" hai3="115,22,77,63,6,21,114,81,87,12,0,123,111"/><W70/><G123/><T1/><D107/><U104/><E3/><V46/><F117/><W66/><G111/><T124/><D31/><U68/><E68/><V134/><F2/><W53/><G53/><T24/><D24/><U132/><E41/><N who="2" m="22847" /><F100/><W19/><REACH who="3" step="1"/><G22/><REACH who="3" ten="306,145,332,207" step="2"/><T30/><D67/><U40/><E108/><V106/><F55/><W82/><G82/><T49/><D65/><U99/><E40/><V56/><F64/><W89/><G89/><N who="0" m="55375" /><D33/><U121/><E121/><V86/><F130/><W48/><G48/><T58/><D62/><U7/><E32/><V125/><F129/><W57/><G57/><T13/><D58/><U45/><E128/><V35/><F56/><W25/><G25/><T34/><D61/><U102/><E132/><V60/><F51/><W54/><G54/><T52/><D52/><U80/><E118/><V11/><F134/><W9/><AGARI ba="2,1" hai="0,6,9,12,19,21,63,66,70,77,81,87,114,115" machi="9" ten="30,6000,0" yaku="1,1,0,1,53,1" doraHai="135" doraHaiUra="15" who="3" fromWho="3" sc="306,-22,145,-22,332,-22,207,76" /><INIT seed="3,3,0,3,0,95" ten="284,123,310,283" oya="3" hai0="99,11,27,38,45,71,102,125,80,14,60,70,126" hai1="130,134,117,3,54,39,120,44,109,92,76,6,67" hai2="51,48,135,129,16,46,72,131,28,43,61,66,97" hai3="114,112,33,42,101,55,22,53,62,41,57,123,108"/><W93/><G33/><T78/><D27/><U96/><E120/><V2/><F2/><W91/><G123/><T17/><D45/><U128/><E76/><V119/><F119/><W18/><G101/><T20/><D38/><U94/><E67/><V23/><F72/><W86/><G108/><T116/><D116/><U82/><E117/><V9/><F135/><W34/><G34/><T106/><D11/><U124/><E82/><V88/><F28/><W40/><REACH who="3" step="1"/><G55/><REACH who="3" ten="284,123,310,273" step="2"/><T115/><D115/><U52/><E109/><V74/><F129/><N who="1" m="49769" /><E134/><V49/><F131/><W103/><G103/><T85/><REACH who="0" step="1"/><D60/><REACH who="0" ten="274,123,310,273" step="2"/><U64/><E39/><V30/><F61/><W118/><G118/><T21/><D21/><U84/><E54/><V113/><F23/><W69/><G69/><AGARI ba="3,2" hai="14,17,20,69,70,71,78,80,85,99,102,106,125,126" machi="69" ten="40,2600,0" yaku="1,1,52,1,53,0" doraHai="95" doraHaiUra="68" who="0" fromWho="3" sc="274,55,123,0,310,0,273,-35" owari="329,43.0,123,-38.0,310,11.0,238,-16.0" /></mjloggm>