<mjloggm ver="2.3"><GO type="169" lobby="0"/><UN n0="%E3%81%97%E3%81%BE%E3%81%A0%E3%81%BE%32" n1="%E3%83%8A%E3%82%B4%E3%83%A0" n2="%28%E6%A0%97%E7%94%B0%E6%81%AD%E5%AE%8F%29" n3="%E3%82%A8%E3%83%AB%E3%82%B2%E3%83%AB%E3%83%BC%E3%82%B8" dan="16,16,16,17" rate="2057.74,2158.48,2186.20,2210.47" sx="M,M,F,M"/><TAIKYOKU oya="0"/><INIT seed="0,0,0,0,3,126" ten="250,250,250,250" oya="0" hai0="112,53,1,74,93,26,100,70,97,64,57,75,108" hai1="52,7,65,56,110,111,39,134,117,4,27,58,103" hai2="38,77,14,33,107,63,128,78,123,32,17,36,122" hai3="92,90,0,45,29,51,109,105,24,76,135,99,62"/><T35/><D1/><U9/><E117/><V10/><F107/><W91/><G109/><T72/><D112/><U18/><E39/><V115/><F115/><W89/><G135/><T102/><D108/><N who="1" m="41515" /><E134/><V15/><F63/><W47/><G0/><T81/><D70/><U79/><E79/><V20/><F20/><W67/><G76/><T131/><D64/><U41/><E41/><V71/><F10/><W101/><G51/><T116/><D81/><U2/><E103/><V87/><F87/><W73/><G73/><T96/><D116/><U43/><E43/><V124/><F17/><W42/><G42/><T28/><D131/><U40/><E40/><V130/><REACH who="2" step="1"/><F71/><REACH who="2" ten="250,250,240,250" step="2"/><W23/><REACH who="3" step="1"/><G105/><REACH who="3" ten="250,250,240,240" step="2"/><T120/><D72/><U6/><E2/><V82/><F82/><W54/><G54/><T129/><D74/><U44/><E52/><V37/><F37/><W133/><G133/><T3/><D75/><U114/><E114/><V125/><AGARI ba="0,2" hai="14,15,32,33,36,38,77,78,122,123,124,125,128,130" machi="125" ten="25,12000,2" yaku="1,1,0,1,22,2,52,2,53,0" doraHai="126" doraHaiUra="113" who="2" fromWho="2" sc="250,-60,250,-30,240,140,240,-30" /><INIT seed="1,0,0,0,4,59" ten="190,220,380,210" oya="1" hai0="19,127,104,118,89,109,20,68,100,70,3,88,72" hai1="32,10,62,99,120,75,45,83,82,108,124,15,122" hai2="8,97,38,34,117,133,94,37,119,16,69,65,129" hai3="40,39,125,9,111,93,116,17,28,31,1,77,135"/><U49/><E32/><V90/><F34/><W52/><G77/><T2/><D118/><U102/><E124/><V42/><F133/><W54/><G125/><T25/><D72/><U92/><E108/><V64/><F129/><W26/><G111/><T79/><D79/><U6/><E120/><V43/><F119/><W0/><G116/><T14/><D109/><U22/><E122/><V7/><F117/><W56/><G135/><T55/><D100/><U33/><E33/><V85/><F37/><W23/><G39/><T134/><D104/><U86/><E75/><V5/><F38/><W112/><G40/><N who="2" m="15401" /><F69/><W36/><G36/><T60/><D134/><U71/><E22/><V66/><F97/><W48/><G112/><T101/><D101/><U106/><E106/><V98/><F98/><W61/><G93/><T84/><D89/><U74/><E74/><V87/><F87/><W46/><REACH who="3" step="1"/><G9/><REACH who="3" ten="190,220,380,200" step="2"/><T73/><D127/><U123/><E123/><V126/><F126/><W67/><G67/><T4/><D73/><U128/><E128/><V63/><F64/><W103/><G103/><T24/><D88/><N who="1" m="51287" /><E83/><V47/><F65/><W105/><G105/><T18/><D84/><U57/><E71/><V132/><F132/><W80/><G80/><T95/><D95/><U76/><E76/><V12/><F66/><W29/><AGARI ba="0,1" hai="0,1,17,23,26,28,29,31,46,48,52,54,56,61" machi="29" ten="30,8000,1" yaku="1,1,0,1,52,1,54,1,53,1" doraHai="59" doraHaiUra="53" who="3" fromWho="3" sc="190,-20,220,-40,380,-20,200,90" /><INIT seed="2,0,0,3,1,28" ten="170,180,360,290" oya="2" hai0="110,107,55,45,116,15,83,11,69,82,25,36,13" hai1="108,34,122,111,84,134,86,2,102,47,62,64,118" hai2="128,37,20,66,117,3,133,12,135,130,95,16,112" hai3="46,115,127,19,49,125,97,33,44,48,9,32,23"/><V59/><F112/><W88/><G9/><T0/><D107/><U80/><E2/><V67/><F117/><W14/><G115/><T131/><D69/><U89/><E118/><V72/><F72/><W39/><G39/><T22/><D0/><U114/><E114/><V73/><F73/><W42/><G97/><T120/><D120/><U24/><E122/><V5/><F37/><W1/><G1/><T40/><D131/><N who="2" m="50218" /><F95/><W68/><G68/><T8/><D55/><U61/><E134/><N who="2" m="51211" /><F59/><W104/><G104/><T77/><D110/><U96/><E86/><V53/><F53/><N who="3" m="29831" /><G88/><T56/><D56/><U57/><E47/><V87/><F87/><W75/><G75/><T85/><D116/><U124/><E108/><V126/><F126/><AGARI ba="0,0" hai="14,19,23,32,33,42,46,49,125,126,127" m="29831" machi="126" ten="30,3900,0" yaku="18,1,52,2" doraHai="28" who="3" fromWho="2" sc="170,0,180,0,360,-39,290,39" /><INIT seed="3,0,0,3,3,114" ten="170,180,321,329" oya="3" hai0="54,71,130,6,104,10,2,73,3,37,4,92,70" hai1="88,106,107,113,99,102,64,22,128,15,50,123,13" hai2="77,110,41,46,129,55,103,117,80,11,75,36,86" hai3="24,121,101,109,61,5,115,91,58,9,127,51,74"/><W83/><G121/><T34/><D92/><U29/><E123/><V59/><F110/><W116/><G115/><T119/><D54/><U19/><E113/><V0/><F129/><W76/><G127/><T38/><D130/><U16/><E128/><V72/><F103/><W14/><G109/><T40/><D40/><U42/><E107/><V20/><F117/><W33/><G116/><T131/><D131/><U44/><E64/><V35/><F35/><W82/><G101/><T132/><D132/><U57/><E29/><V1/><F20/><W111/><G111/><T122/><D122/><U62/><E62/><V87/><F72/><W25/><G51/><T85/><D85/><U53/><E88/><V84/><REACH who="2" step="1"/><F11/><REACH who="2" ten="170,180,311,329" step="2"/><W118/><G118/><T23/><D23/><U124/><E124/><V89/><F89/><W60/><G33/><T21/><D21/><U17/><REACH who="1" step="1"/><E22/><REACH who="1" ten="170,170,311,329" step="2"/><V7/><F7/><W26/><G91/><T125/><D119/><U69/><E69/><V68/><F68/><W120/><G120/><T133/><D34/><U94/><E94/><V12/><F12/><W105/><G26/><T90/><D90/><U30/><E30/><V28/><F28/><W43/><G25/><T134/><D125/><U65/><E65/><V31/><F31/><W56/><G24/><T81/><D70/><U79/><E79/><V49/><AGARI ba="0,2" hai="0,1,36,41,46,49,55,59,75,77,80,84,86,87" machi="49" ten="30,2000,0" yaku="1,1,0,1,53,0" doraHai="114" doraHaiUra="108" who="2" fromWho="2" sc="170,-5,170,-5,311,40,329,-10" /><INIT seed="4,0,0,0,1,27" ten="165,165,351,319" oya="0" hai0="66,101,57,133,82,118,120,127,62,134,64,41,71" hai1="91,24,53,77,43,63,81,135,95,60,116,123,129" hai2="114,30,49,37,78,68,84,58,14,86,42,36,28" hai3="97,115,12,100,130,23,113,70,11,39,121,5,55"/><T16/><D118/><U102/><E116/><V124/><F68/><W110/><G110/><T22/><D120/><U26/><E123/><V90/><F114/><N who="3" m="43531" /><G121/><T34/><D34/><U117/><E135/><N who="0" m="51721" /><D101/><U65/><E129/><V89/><F124/><W119/><G130/><T50/><D82/><U106/><E117/><V76/><F14/><W125/><G119/><T8/><D8/><U7/><E43/><V99/><F99/><W72/><G72/><T73/><D73/><U59/><E106/><V25/><F25/><W38/><G125/><T31/><D127/><U107/><E7/><V15/><F15/><W132/><G70/><T29/><D66/><U33/><E102/><V1/><F1/><W47/><G23/><T87/><D87/><U20/><E107/><V103/><F103/><W112/><G132/><T105/><D105/><U51/><E33/><V45/><F37/><W10/><G10/><T88/><D88/><N who="2" m="33898" /><F36/><W0/><G0/><T108/><D108/><U79/><E26/><V122/><F122/><W67/><G112/><T40/><D22/><U83/><E83/><N who="2" m="47223" /><F58/><W48/><G100/><T18/><D18/><U46/><E81/><AGARI ba="0,0" hai="28,30,42,45,49,76,81,86" m="47223,33898" machi="81" ten="30,7700,0" yaku="8,1,52,2,54,1" doraHai="27" who="2" fromWho="1" sc="165,0,165,-77,351,77,319,0" /><INIT seed="5,0,0,5,3,49" ten="165,88,428,319" oya="1" hai0="6,111,104,92,122,132,131,99,129,37,98,128,57" hai1="58,73,2,89,113,59,88,81,64,39,0,72,10" hai2="126,97,127,117,11,54,63,43,85,124,100,93,52" hai3="14,106,24,77,118,27,1,79,25,125,12,70,8"/><U9/><E113/><V36/><F117/><W33/><G106/><T105/><D37/><U22/><E39/><V62/><F36/><W35/><G70/><T48/><D111/><U115/><E115/><V29/><F43/><W3/><G118/><T96/><D6/><U86/><E86/><V26/><F11/><W78/><G8/><T75/><D75/><U15/><E22/><N who="2" m="15575" /><F85/><W101/><G101/><T46/><D132/><U66/><REACH who="1" step="1"/><E15/><REACH who="1" ten="165,78,428,319" step="2"/><N who="3" m="5674" /><G125/><T4/><D104/><U84/><E84/><V31/><F31/><W67/><G67/><T34/><D105/><U114/><E114/><V5/><F5/><W109/><G109/><T134/><D4/><U120/><E120/><V45/><F127/><W65/><G65/><T56/><D122/><U123/><E123/><V42/><F124/><W32/><AGARI ba="0,1" hai="1,3,24,25,27,32,33,35,77,78,79" m="5674" machi="32" ten="40,8000,1" yaku="29,2,28,2" doraHai="49" who="3" fromWho="3" sc="165,-20,78,-40,428,-20,319,90" /><INIT seed="6,0,0,5,3,30" ten="145,38,408,409" oya="2" hai0="92,127,121,123,118,54,68,14,116,65,99,4,7" hai1="51,85,49,66,108,42,6,18,74,98,111,117,5" hai2="106,53,27,124,77,63,64,91,28,120,87,133,88" hai3="86,128,83,131,37,93,36,76,16,135,3,78,105"/><V103/><F120/><W46/><G3/><T44/><D68/><U61/><E74/><V17/><F124/><W129/><G105/><T52/><D65/><U107/><E117/><V26/><F133/><W70/><G135/><T100/><D127/><U125/><E125/><V1/><F1/><W13/><G70/><T73/><D73/><U56/><E107/><V59/><F106/><W43/><G93/><T60/><D14/><U35/><E35/><V115/><F115/><W80/><G37/><T97/><D44/><U90/><E111/><V113/><F113/><W67/><G67/><T110/><D92/><U82/><E108/><V101/><F77/><W20/><G83/><T71/><D60/><U69/><E69/><V130/><F130/><W48/><G36/><T2/><D71/><U21/><E98/><V31/><F17/><W33/><G33/><T119/><D2/><U109/><E109/><V102/><F64/><W112/><G112/><T11/><D110/><U41/><E49/><V104/><F104/><W126/><G126/><T84/><D84/><U10/><E10/><V29/><REACH who="2" step="1"/><F88/><AGARI ba="0,0" hai="13,16,20,43,46,48,76,78,80,86,88,128,129,131" machi="88" ten="40,5200,0" yaku="19,1,54,2" doraHai="30" who="3" fromWho="2" sc="145,0,38,0,408,-52,409,52" /><INIT seed="7,0,0,2,3,113" ten="145,38,356,461" oya="3" hai0="12,14,2,70,23,42,63,75,27,44,6,33,117" hai1="4,41,5,115,122,107,24,135,116,45,64,49,38" hai2="132,133,43,94,31,55,18,17,69,56,58,109,53" hai3="101,131,81,65,98,84,100,129,62,119,46,59,90"/><W118/><G46/><T72/><D14/><U50/><E107/><V97/><F69/><W127/><G127/><T19/><D117/><N who="3" m="44553" /><G98/><T15/><D15/><U1/><E116/><V25/><F109/><W51/><G51/><T112/><D112/><U134/><E24/><V54/><F43/><W125/><G125/><T21/><D21/><U8/><E115/><V106/><F106/><W34/><G34/><T36/><D63/><U73/><E122/><V126/><F126/><W32/><G32/><T26/><D26/><U96/><E96/><V52/><F133/><W37/><G37/><T120/><D120/><U16/><E64/><V87/><F87/><W124/><G124/><T88/><D44/><U79/><E5/><V86/><F86/><W22/><G22/><T66/><D23/><U29/><E29/><V35/><F132/><W10/><G10/><T92/><D6/><U103/><E103/><V57/><N who="2" m="13312" /><DORA hai="121" /><V105/><REACH who="2" step="1"/><F105/><REACH who="2" ten="145,38,346,461" step="2"/><W91/><G84/><T83/><D42/><U110/><E110/><V99/><F99/><W78/><G129/><T108/><D70/><U104/><E104/><V82/><F82/><W71/><G131/><T95/><D83/><U9/><E135/><V48/><F48/><W30/><G81/><T114/><D36/><U60/><E134/><V76/><F76/><W3/><G78/><T128/><D108/><U61/><E50/><V80/><F80/><W47/><G71/><T74/><D128/><U20/><E49/><V89/><AGARI ba="0,1" hai="17,18,25,31,35,56,57,58,89,94,97" m="13312" machi="89" ten="50,6400,0" yaku="1,1,0,1,54,1,53,0" doraHai="113,121" doraHaiUra="111,39" who="2" fromWho="2" sc="145,-16,38,-16,346,74,461,-32" owari="129,-27.0,22,-48.0,420,22.0,429,53.0" /></mjloggm>