<mjloggm ver="2.3"><GO type="169" lobby="0"/><UN n0="%E3%82%B7%E3%83%BC%E3%82%BF" n1="%E5%B1%B1%E6%9C%AC%E6%83%A3%E4%B8%80%E6%9C%97" n2="%E3%81%8B%E3%81%B6%E8%8C%B6" n3="%50%65%74%65%72%50%61%6E" dan="16,17,16,16" rate="2019.13,2166.79,2183.39,2096.42" sx="M,M,M,M"/><TAIKYOKU oya="0"/><INIT seed="0,0,0,5,3,130" ten="250,250,250,250" oya="0" hai0="20,64,112,54,115,109,83,23,60,86,93,116,120" hai1="99,134,21,6,124,31,100,22,29,3,32,33,69" hai2="53,35,66,125,82,102,48,34,85,71,119,4,47" hai3="133,39,97,126,59,7,110,26,61,77,122,106,43"/><T65/><D116/><U117/><E69/><V18/><F125/><W2/><G126/><T90/><D120/><U135/><E124/><V36/><F119/><W132/><G122/><T15/><D109/><U63/><E63/><V10/><F18/><W52/><G110/><T42/><D42/><U74/><E74/><V131/><F102/><W17/><G77/><T11/><D115/><U45/><E45/><V38/><F66/><W70/><G70/><T0/><D0/><U91/><E91/><V73/><F73/><W84/><G84/><N who="0" m="52423" /><D54/><U58/><E58/><V44/><F71/><W51/><G39/><T98/><D98/><U75/><E75/><V94/><F94/><W103/><G7/><N who="0" m="3583" /><D60/><U5/><E100/><V30/><F30/><N who="1" m="11273" /><E99/><V57/><F38/><W128/><G2/><T62/><D62/><U55/><E55/><V96/><F96/><W89/><G89/><N who="0" m="51423" /><D112/><U76/><E76/><V72/><F72/><W56/><G128/><T87/><D87/><U129/><E129/><V81/><F131/><W49/><G43/><T67/><AGARI ba="0,0" hai="20,23,64,65,67" m="51423,3583,52423" machi="67" ten="30,1500,0" yaku="8,1" doraHai="130" who="0" fromWho="0" sc="250,15,250,-5,250,-5,250,-5" /><INIT seed="0,1,0,5,3,35" ten="265,245,245,245" oya="0" hai0="23,27,29,123,1,32,70,77,72,112,17,51,82" hai1="65,25,46,134,130,96,13,68,8,3,105,84,103" hai2="101,85,125,67,9,64,102,108,54,92,49,45,91" hai3="119,86,39,14,62,16,20,114,50,83,15,81,4"/><T129/><D112/><U113/><E130/><V115/><F108/><W106/><G39/><T47/><D123/><U22/><E134/><V6/><F125/><W52/><G114/><T98/><D70/><U126/><E126/><V12/><REACH who="2" step="1"/><F115/><REACH who="2" ten="265,245,235,245" step="2"/><W30/><G119/><T100/><D129/><U127/><E113/><V38/><F38/><W89/><G106/><T109/><D109/><U34/><E127/><V2/><F2/><W11/><G30/><T44/><D1/><U21/><E3/><V19/><F19/><W124/><G124/><T95/><REACH who="0" step="1"/><D51/><REACH who="0" ten="255,245,235,245" step="2"/><U132/><E132/><V104/><F104/><W97/><G62/><T58/><D58/><U36/><E105/><V48/><F48/><W78/><G97/><T75/><D75/><U93/><E96/><V33/><F33/><W87/><G50/><T43/><D43/><U56/><E34/><V79/><F79/><W69/><G69/><T128/><D128/><U88/><E68/><V120/><F120/><W5/><G5/><T71/><D71/><U42/><E56/><V40/><F40/><W73/><G73/><T107/><D107/><U94/><E42/><V10/><F10/><W121/><G121/><T76/><D76/><U99/><E8/><V26/><F26/><AGARI ba="1,2" hai="17,23,26,27,29,32,44,47,72,77,82,95,98,100" machi="26" ten="30,2900,0" yaku="1,1,7,1,53,0" doraHai="35" doraHaiUra="118" who="0" fromWho="2" sc="255,52,245,0,235,-32,245,0" /><INIT seed="0,2,0,3,5,31" ten="307,245,203,245" oya="0" hai0="105,35,46,69,51,58,114,7,36,135,130,98,12" hai1="78,71,40,97,110,3,109,121,62,14,33,5,90" hai2="77,20,96,9,126,1,102,81,63,79,55,100,44" hai3="38,28,128,32,4,133,88,75,17,54,47,93,132"/><T42/><D114/><U22/><E121/><V87/><F126/><W26/><G75/><T57/><D69/><U104/><E78/><V24/><F77/><W6/><G17/><T106/><D130/><U43/><E3/><V124/><F124/><W59/><G128/><T10/><D135/><N who="3" m="51785" /><G47/><T99/><D35/><U86/><E33/><V65/><F9/><W117/><G38/><T41/><D36/><U134/><E134/><V72/><F1/><W50/><G117/><T18/><D42/><U119/><E119/><V116/><F72/><W68/><G68/><T123/><D123/><U101/><E62/><V85/><F44/><W92/><G92/><T64/><D106/><U45/><E71/><V61/><F55/><W131/><G131/><T16/><D105/><U76/><E76/><V73/><F61/><W39/><G39/><T83/><D83/><U52/><E109/><V103/><F116/><W15/><G15/><T129/><D129/><U19/><E5/><V107/><F107/><W2/><G2/><T27/><D64/><U11/><E22/><V13/><F13/><W53/><G54/><T122/><D122/><U37/><E110/><V30/><REACH who="2" step="1"/><F96/><AGARI ba="2,0" hai="4,6,26,28,32,50,53,59,88,93,96" m="51785" machi="96" ten="30,3900,0" yaku="20,1,52,1,54,1" doraHai="31" who="3" fromWho="2" sc="307,0,245,0,203,-45,245,45" /><INIT seed="1,0,0,1,5,119" ten="307,245,158,290" oya="1" hai0="6,56,105,93,88,28,83,23,11,114,34,113,67" hai1="102,78,49,21,74,94,51,80,57,18,43,73,54" hai2="41,77,120,96,15,47,1,98,9,8,63,106,32" hai3="55,95,90,65,37,19,71,103,112,89,128,117,52"/><U121/><E121/><V130/><F32/><W84/><G112/><T99/><D34/><U101/><E73/><V22/><F130/><W59/><G37/><T82/><D105/><U62/><E94/><V79/><F22/><W87/><G128/><T85/><D83/><U100/><REACH who="1" step="1"/><E43/><REACH who="1" ten="307,235,158,290" step="2"/><V14/><F41/><W115/><G115/><T127/><D114/><U70/><E70/><V4/><F106/><W50/><G71/><T48/><D113/><U2/><E2/><V33/><F1/><W42/><G42/><T108/><D93/><U107/><E107/><V116/><F116/><W81/><G117/><T46/><D127/><U30/><E30/><V131/><F131/><W68/><G68/><T26/><D28/><U12/><AGARI ba="0,1" hai="12,18,21,49,51,54,57,62,74,78,80,100,101,102" machi="12" ten="30,6000,0" yaku="1,1,0,1,53,1" doraHai="119" doraHaiUra="76" who="1" fromWho="1" sc="307,-20,235,70,158,-20,290,-20" /><INIT seed="1,1,0,5,3,0" ten="287,305,138,270" oya="1" hai0="33,103,123,48,111,57,1,133,24,41,17,89,7" hai1="120,90,36,10,124,64,115,125,62,81,77,113,56" hai2="43,40,119,67,20,47,87,42,110,52,96,12,105" hai3="21,32,55,61,102,76,91,79,68,38,128,130,59"/><U99/><E36/><V18/><F119/><W135/><G32/><T6/><D103/><U85/><E120/><V66/><F110/><W35/><G35/><T107/><D107/><U30/><E30/><V63/><F105/><W114/><G114/><T84/><D1/><U82/><E10/><V131/><F96/><W74/><G38/><T34/><D111/><U101/><E99/><V127/><F127/><N who="1" m="48713" /><E101/><V51/><F131/><W4/><G135/><T108/><D108/><U121/><E121/><V94/><REACH who="2" step="1"/><F63/><REACH who="2" ten="287,305,128,270" step="2"/><W45/><G61/><T92/><D123/><U116/><E116/><V109/><F109/><W44/><G130/><T54/><D133/><U23/><E115/><V112/><F112/><W60/><G60/><T69/><D69/><U31/><E113/><V9/><F9/><W65/><G128/><T16/><D41/><U71/><E71/><V80/><F80/><W2/><G68/><T26/><D34/><U3/><E82/><V72/><F72/><W86/><G74/><T129/><D129/><U126/><E126/><V100/><F100/><W58/><G102/><T93/><D93/><U39/><E62/><V28/><F28/><W75/><G75/><T70/><D70/><U132/><E31/><V15/><F15/><W134/><G134/><T98/><D33/><U117/><E81/><V95/><F95/><W13/><G13/><T25/><D98/><U29/><E29/><V88/><AGARI ba="1,1" hai="12,18,20,40,42,43,47,51,52,66,67,87,88,94" machi="88" ten="30,12000,2" yaku="1,1,0,1,8,1,54,2,53,1" doraHai="0" doraHaiUra="14" who="2" fromWho="2" sc="287,-31,305,-61,128,133,270,-31" /><INIT seed="2,0,0,2,3,74" ten="256,244,261,239" oya="2" hai0="23,99,105,17,33,96,64,48,83,118,102,122,19" hai1="28,78,41,65,1,111,97,61,76,108,103,50,36" hai2="11,60,46,51,119,27,70,39,58,0,35,115,123" hai3="91,2,71,117,67,62,75,21,63,95,18,45,8"/><V109/><F115/><W7/><G117/><T133/><D122/><U112/><E1/><V92/><F119/><W49/><G63/><T120/><D33/><U40/><E28/><V54/><F35/><W81/><G81/><T20/><D118/><U42/><E50/><V34/><F34/><W90/><G75/><T93/><D120/><U37/><E112/><V9/><F27/><W12/><REACH who="3" step="1"/><G95/><REACH who="3" ten="256,244,261,229" step="2"/><T127/><D83/><U89/><E89/><V85/><F92/><W47/><G47/><T88/><D93/><N who="1" m="58799" /><E36/><V107/><F60/><W13/><G13/><T116/><D116/><U80/><E80/><V94/><F94/><W121/><G121/><T87/><D105/><U101/><E37/><V16/><F107/><W56/><G56/><T129/><D99/><U25/><E101/><V69/><F39/><W30/><G30/><T26/><D102/><U57/><E25/><V43/><F123/><W52/><AGARI ba="0,1" hai="2,7,8,12,18,21,45,49,52,62,67,71,90,91" machi="52" ten="20,8000,1" yaku="1,1,0,1,7,1,54,1,53,1" doraHai="74" doraHaiUra="10" who="3" fromWho="3" sc="256,-20,244,-20,261,-40,229,90" /><INIT seed="3,0,0,0,3,86" ten="236,224,221,319" oya="3" hai0="15,83,2,56,129,77,102,42,97,4,45,78,103" hai1="133,114,5,61,112,85,57,96,33,123,67,1,117" hai2="125,13,62,113,93,54,91,29,116,3,69,31,92" hai3="35,135,52,104,79,32,28,30,121,27,108,84,130"/><W16/><G121/><T127/><D129/><U60/><E33/><V72/><F3/><W134/><G104/><T46/><D127/><U64/><E123/><V131/><F116/><W118/><G118/><T63/><D2/><U89/><E117/><V49/><F113/><W11/><G130/><T87/><D78/><U110/><E110/><V90/><F72/><W22/><G108/><T100/><D97/><U99/><E133/><N who="3" m="50698" /><G79/><T44/><D4/><U107/><E1/><V80/><F80/><W98/><G98/><T6/><D6/><U53/><E5/><V26/><F69/><W9/><G84/><T51/><REACH who="0" step="1"/><D15/><REACH who="0" ten="226,224,221,319" step="2"/><U25/><E96/><N who="2" m="57367" /><F13/><N who="3" m="9487" /><G52/><AGARI ba="0,1" hai="42,44,45,46,51,52,56,63,77,83,87,100,102,103" machi="52" ten="40,5200,0" yaku="1,1,8,1,54,1,53,0" doraHai="86" doraHaiUra="8" who="0" fromWho="3" sc="226,62,224,0,221,0,319,-52" /><INIT seed="4,0,0,4,4,18" ten="288,224,221,267" oya="0" hai0="105,121,102,118,48,3,1,103,131,114,116,120,96" hai1="94,52,6,111,5,28,32,95,86,122,55,56,130" hai2="98,24,92,113,72,129,57,87,59,47,30,14,77" hai3="133,67,17,8,41,61,37,50,78,60,0,43,73"/><T29/><D114/><U46/><E111/><V34/><F129/><W89/><G133/><T99/><D29/><U15/><E122/><V27/><F113/><W33/><G33/><T124/><D124/><U16/><E130/><V42/><F72/><W91/><G61/><T79/><D79/><U53/><E32/><V2/><F2/><W45/><G50/><T40/><D48/><N who="1" m="28695" /><E28/><V31/><F14/><W112/><G43/><T119/><D40/><U44/><E44/><V68/><F68/><W70/><G112/><T23/><D131/><U115/><E115/><V85/><F59/><W20/><G78/><T54/><D54/><N who="1" m="20491" /><E56/><V58/><F58/><W4/><REACH who="3" step="1"/><G73/><REACH who="3" ten="288,224,221,257" step="2"/><T75/><D75/><U80/><E5/><V12/><F42/><W76/><G76/><T97/><D121/><U128/><E6/><V25/><F47/><W132/><G132/><T36/><D120/><U49/><E49/><V13/><F77/><W90/><G90/><T69/><D36/><U88/><E128/><V123/><F123/><W66/><G66/><T109/><D109/><U35/><E35/><V62/><F34/><W11/><G11/><AGARI ba="0,1" hai="11,15,16,80,86,88,94,95" m="20491,28695" machi="11" ten="30,8000,1" yaku="25,1,8,1,54,3" doraHai="18" who="1" fromWho="3" sc="288,0,224,90,221,0,257,-80" /><INIT seed="5,0,0,0,4,109" ten="288,314,221,177" oya="1" hai0="132,67,111,93,98,19,58,62,73,125,129,30,82" hai1="61,101,110,72,1,31,7,91,15,99,22,104,26" hai2="79,34,78,3,27,17,123,131,86,118,20,97,54" hai3="24,83,107,28,121,100,8,103,10,124,80,13,35"/><U88/><E72/><V74/><F118/><W12/><G121/><T0/><D111/><U81/><E110/><V127/><F123/><W2/><G2/><T37/><D37/><U85/><E1/><V9/><F74/><W51/><G124/><T5/><D125/><U119/><E119/><V41/><F127/><W134/><G134/><T47/><D132/><U133/><E133/><V53/><F41/><W122/><G122/><T75/><D30/><U92/><E61/><V43/><F43/><W102/><G107/><T57/><D129/><U38/><E38/><V76/><F86/><W59/><G59/><T70/><D19/><U87/><E15/><V52/><F131/><W105/><G105/><T71/><D47/><U115/><E7/><V126/><F126/><W21/><G51/><T77/><D75/><U66/><E66/><V50/><F97/><W114/><G35/><T64/><D5/><U40/><E40/><V130/><F34/><W44/><G44/><T120/><D0/><U25/><E25/><V106/><F106/><W65/><G65/><T90/><REACH who="0" step="1"/><D120/><REACH who="0" ten="278,314,221,177" step="2"/><U14/><E14/><N who="2" m="7375" /><F3/><W135/><G135/><T69/><D69/><U36/><E36/><V89/><F130/><W108/><G108/><T48/><D48/><U45/><E45/><V63/><F50/><W128/><G128/><T33/><D33/><U29/><E29/><V4/><F4/><W56/><G12/><T116/><D116/><U113/><AGARI ba="0,1" hai="22,26,31,81,85,87,88,91,92,99,101,104,113,115" machi="113" ten="30,11700,0" yaku="0,1,52,2,54,1" doraHai="109" who="1" fromWho="1" sc="278,-39,314,127,221,-39,177,-39" /><INIT seed="5,1,0,1,5,20" ten="239,441,182,138" oya="1" hai0="16,59,10,25,14,29,70,99,39,37,126,131,68" hai1="41,32,121,67,3,76,128,43,112,46,77,134,116" hai2="114,24,106,85,57,26,87,94,78,120,101,88,71" hai3="9,125,82,53,105,108,104,19,64,11,2,22,36"/><U135/><E116/><V73/><F71/><W60/><G108/><T69/><D131/><U33/><E121/><V111/><F120/><W8/><G2/><T117/><D117/><U47/><E3/><V98/><F111/><W107/><G125/><T110/><D110/><U6/><E6/><V119/><F119/><W130/><G130/><T7/><D126/><U31/><E128/><V17/><F114/><W50/><G36/><T1/><D59/><U115/><E67/><V58/><F87/><W100/><G82/><T15/><D99/><U90/><E90/><V42/><F42/><W80/><G80/><T103/><D103/><U23/><E23/><V21/><F73/><W5/><G5/><T89/><D89/><U74/><E31/><V95/><F78/><W27/><G100/><T122/><D15/><U51/><E51/><V124/><F124/><W91/><G91/><T84/><D84/><U55/><E55/><V127/><F127/><W129/><G129/><T118/><D122/><U61/><E61/><V52/><F106/><W66/><REACH who="3" step="1"/><G60/><REACH who="3" ten="239,441,182,128" step="2"/><T132/><D118/><U49/><E115/><V96/><F96/><W30/><G30/><T62/><D62/><U86/><E112/><V13/><F58/><AGARI ba="1,1" hai="8,9,11,19,22,27,50,53,58,64,66,104,105,107" machi="58" ten="50,8000,1" yaku="1,1,52,1,53,2" doraHai="20" doraHaiUra="63" who="3" fromWho="2" sc="239,0,441,0,182,-83,128,93" /><INIT seed="6,0,0,0,4,35" ten="239,441,99,221" oya="2" hai0="54,45,8,36,108,60,71,53,31,113,72,37,133" hai1="56,119,32,13,77,18,128,121,63,24,46,51,43" hai2="116,15,42,61,109,80,87,110,1,96,28,58,134" hai3="19,92,50,22,122,23,135,112,125,25,118,103,17"/><V20/><F116/><W115/><G118/><T2/><D72/><U34/><E119/><V105/><F42/><W82/><G122/><T126/><D31/><U93/><E128/><V5/><F134/><W41/><G135/><T33/><D33/><U78/><E93/><V27/><F105/><W7/><G7/><T75/><D75/><U120/><E63/><V38/><F38/><N who="0" m="14954" /><D8/><U127/><E56/><V129/><F129/><W111/><G111/><N who="2" m="42505" /><F96/><N who="3" m="59783" /><G82/><T132/><D2/><U69/><E127/><V64/><F15/><W99/><G99/><T26/><D26/><U130/><E130/><V30/><F30/><W95/><G95/><T52/><D108/><U97/><E43/><V70/><F70/><W11/><G11/><T66/><D113/><N who="3" m="43593" /><G125/><T124/><D45/><U29/><E46/><V39/><F39/><W65/><G65/><T84/><D84/><U12/><E121/><V59/><F59/><W68/><G68/><T104/><D104/><U89/><E69/><V6/><F1/><W10/><G10/><T48/><D48/><U49/><E51/><V114/><F114/><W102/><G102/><T81/><D81/><U90/><E49/><V100/><F100/><W131/><G131/><T91/><D91/><AGARI ba="0,0" hai="5,6,20,27,28,58,61,64,80,87,91" m="42505" machi="91" ten="30,1500,0" yaku="10,1" doraHai="35" who="2" fromWho="0" sc="239,-15,441,0,99,15,221,0" /><INIT seed="6,1,0,5,1,120" ten="224,441,114,221" oya="2" hai0="76,92,18,100,83,36,123,130,122,0,59,67,93" hai1="2,24,47,51,105,25,115,37,108,65,102,71,81" hai2="11,30,103,8,106,43,88,133,84,89,35,72,58" hai3="113,45,66,27,41,61,60,32,107,56,22,128,124"/><V73/><F133/><W14/><G107/><T104/><D36/><U111/><E2/><V39/><F35/><W127/><G128/><T131/><D0/><U13/><E37/><V28/><F39/><W31/><G61/><N who="0" m="38335" /><D18/><U48/><E13/><V29/><F43/><W112/><G14/><T17/><D17/><U46/><E115/><N who="3" m="44106" /><G32/><T63/><D63/><U62/><E81/><V117/><F58/><W75/><G75/><N who="2" m="28745" /><F84/><W114/><G114/><T64/><D64/><U132/><E132/><V26/><F26/><W97/><G97/><N who="0" m="59431" /><D93/><U80/><E25/><V6/><F103/><W129/><G129/><N who="0" m="49163" /><D104/><U121/><E102/><V19/><F19/><W1/><G1/><T4/><D4/><U23/><E24/><V5/><F106/><W110/><G110/><T16/><D16/><U44/><E105/><V85/><F117/><W91/><G91/><N who="2" m="34889" /><F85/><AGARI ba="1,0" hai="76,83,85,122,123" m="49163,59431,38335" machi="85" ten="30,1000,0" yaku="19,1" doraHai="120" who="0" fromWho="2" sc="224,13,441,0,114,-13,221,0" /><INIT seed="7,0,0,5,0,41" ten="237,441,101,221" oya="3" hai0="9,86,16,46,5,36,93,57,127,117,76,42,82" hai1="120,26,15,114,107,0,90,62,80,32,64,116,24" hai2="69,11,111,48,103,84,35,1,130,123,12,19,75" hai3="99,132,49,30,79,133,3,13,73,131,83,125,124"/><W134/><G3/><T72/><D117/><U109/><E15/><V25/><F75/><W40/><G30/><T128/><D128/><U29/><E90/><V59/><F111/><W77/><G13/><T88/><D127/><N who="3" m="48713" /><G40/><T22/><D57/><U10/><E80/><V95/><F130/><W97/><G49/><T104/><D104/><U108/><E26/><V115/><F69/><W28/><G28/><T129/><D129/><U126/><E120/><V105/><F115/><W54/><G54/><T20/><D16/><U102/><E114/><V119/><F105/><W61/><G61/><T21/><D21/><U14/><E116/><V74/><F74/><N who="3" m="43447" /><G131/><T50/><D50/><U67/><E14/><AGARI ba="0,0" hai="5,9,14,20,22,36,42,46,72,76,82,86,88,93" machi="14" ten="30,3900,0" yaku="7,1,52,1,54,1" doraHai="41" who="0" fromWho="1" sc="237,39,441,-39,101,0,221,0" owari="276,8.0,402,50.0,101,-40.0,221,-18.0" /></mjloggm>