<mjloggm ver="2.3"><GO type="185" lobby="0"/><UN n0="%E3%81%91%E3%81%9D%E3%81%BF%E3%81%9D" n1="%E5%A4%A7%E5%9B%9B%E5%96%9C%E6%B8%85%E8%80%81%E9%A0%AD" n2="%65%6C%75%6C%75" n3="" dan="16,16,16,0" rate="2187.67,2139.02,2222.88,1500.00" sx="M,M,M,C"/><TAIKYOKU oya="0"/><INIT seed="0,0,0,4,3,66" ten="350,350,350,0" oya="0" hai0="83,43,122,51,1,112,69,48,129,102,52,93,38" hai1="96,34,60,111,125,72,74,70,115,103,82,44,53" hai2="133,55,76,84,42,80,117,3,105,67,85,50,92" hai3=""/><T58/><N who="0" m="31264" /><T37/><D1/><U106/><E34/><V123/><N who="2" m="31520" /><V126/><F3/><T36/><D112/><U118/><E118/><V40/><F105/><T135/><D135/><U99/><E115/><V104/><F104/><T116/><D116/><U94/><E82/><V2/><F2/><T113/><D113/><U49/><E125/><V120/><N who="2" m="30752" /><V68/><F117/><T109/><D129/><U57/><E70/><V41/><F126/><T63/><D109/><U100/><REACH who="1" step="1"/><E111/><REACH who="1" ten="350,340,350,0" step="2"/><V33/><F33/><T127/><D127/><U78/><E78/><V73/><F133/><T0/><D0/><U56/><E56/><V77/><F77/><T108/><D108/><U54/><AGARI ba="0,1" hai="44,49,53,54,57,60,72,74,94,96,99,100,103,106" machi="54" ten="20,2000,0" yaku="1,1,0,1,7,1,53,0" doraHai="66" doraHaiUra="119" who="1" fromWho="1" sc="350,-13,340,30,350,-7,0,0" /><INIT seed="1,0,0,0,1,65" ten="337,370,343,0" oya="1" hai0="2,117,124,61,42,79,84,57,97,87,34,92,69" hai1="131,38,113,50,112,68,55,98,0,99,91,64,109" hai2="74,94,133,106,121,58,43,123,53,45,130,104,119" hai3=""/><U100/><E0/><V54/><N who="2" m="31008" /><V90/><N who="2" m="31520" /><V102/><F119/><T115/><D115/><U116/><E116/><V73/><F133/><T132/><D34/><U122/><N who="1" m="31264" /><U120/><N who="1" m="30752" /><U3/><E3/><V111/><F111/><T76/><D2/><U37/><E91/><V72/><F130/><T108/><D69/><U88/><E88/><V89/><F102/><T44/><D108/><U78/><E78/><V60/><F54/><T49/><D132/><U126/><E109/><V134/><F90/><T110/><D124/><U75/><E75/><V128/><F128/><T33/><D33/><U127/><E131/><V86/><REACH who="2" step="1"/><F134/><REACH who="2" ten="337,370,333,0" step="2"/><T93/><D110/><U63/><E100/><V62/><F62/><T103/><D117/><U67/><E63/><V35/><F35/><T32/><D32/><U70/><E55/><V81/><F81/><T129/><D129/><U83/><E83/><V46/><F46/><T77/><D61/><U48/><AGARI ba="0,1" hai="37,38,48,50,64,67,68,70,98,99,112,113,126,127" m="30752,31264" machi="48" ten="25,12000,2" yaku="0,1,22,2,52,4" doraHai="65" who="1" fromWho="1" sc="337,-60,370,130,333,-60,0,0" /><INIT seed="1,1,0,3,5,119" ten="277,500,273,0" oya="1" hai0="124,48,126,95,105,123,104,109,101,113,45,70,107" hai1="51,53,59,117,98,40,68,108,1,127,54,61,2" hai2="69,35,47,91,121,82,125,86,71,118,0,85,34" hai3=""/><U103/><E117/><V36/><N who="2" m="31008" /><V73/><F118/><T50/><N who="0" m="31520" /><T90/><D113/><U52/><E127/><N who="0" m="48681" /><D109/><U84/><E108/><V63/><F125/><T112/><D112/><U115/><E115/><V65/><F73/><T64/><D101/><U38/><E38/><V128/><F0/><T132/><D132/><U44/><E84/><V46/><F128/><T87/><D45/><U92/><REACH who="1" step="1"/><E68/><REACH who="1" ten="277,490,273,0" step="2"/><V114/><F114/><T78/><D78/><U66/><AGARI ba="1,1" hai="1,2,40,44,51,52,53,54,59,61,66,92,98,103" machi="66" ten="30,8000,1" yaku="1,1,2,1,0,1,54,1,53,1" doraHai="119" doraHaiUra="37" who="1" fromWho="1" sc="277,-41,490,92,273,-41,0,0" /><INIT seed="1,2,0,0,1,125" ten="236,582,232,0" oya="1" hai0="0,75,104,43,114,73,41,130,110,99,121,81,120" hai1="109,83,39,38,52,111,80,97,1,101,129,102,2" hai2="44,66,62,82,84,123,61,122,77,65,36,59,69" hai3=""/><U98/><REACH who="1" step="1"/><E52/><REACH who="1" ten="236,572,232,0" step="2"/><V78/><N who="2" m="31264" /><V135/><N who="2" m="31520" /><V112/><F112/><T126/><D114/><U53/><E53/><V113/><F113/><T33/><D121/><U55/><E55/><V74/><F135/><T108/><D120/><U115/><E115/><V72/><REACH who="2" step="1"/><F77/><REACH who="2" ten="236,572,222,0" step="2"/><T119/><D110/><U56/><E56/><V90/><F90/><T105/><D108/><U37/><E37/><V134/><F134/><T64/><D126/><U91/><E91/><V79/><F79/><T34/><D33/><U127/><E127/><V48/><F48/><T49/><D34/><U51/><E51/><V118/><F118/><T3/><D119/><U95/><E95/><V32/><F32/><T86/><D105/><U57/><E57/><V96/><F96/><T133/><D104/><U42/><E42/><AGARI ba="2,2" hai="36,42,44,59,61,62,65,66,69,72,74,78,82,84" m="31520,31264" machi="42" ten="40,8000,1" yaku="1,1,52,2,53,2" doraHai="125" doraHaiUra="63" who="2" fromWho="1" sc="236,0,572,-84,222,104,0,0" /><INIT seed="2,0,0,4,0,114" ten="236,488,326,0" oya="2" hai0="131,134,85,103,43,37,42,58,41,106,72,132,94" hai1="116,69,120,100,80,112,121,60,98,59,48,78,124" hai2="96,47,109,36,57,35,65,86,93,127,101,38,74" hai3=""/><V111/><F35/><T76/><D37/><U89/><N who="1" m="30752" /><U73/><N who="1" m="31008" /><U71/><E112/><V50/><F74/><T75/><D131/><U135/><E124/><V61/><F86/><T119/><D119/><U126/><E116/><V83/><F83/><T130/><D130/><U99/><E135/><V32/><F32/><T1/><D1/><U91/><E48/><V51/><F50/><T52/><D106/><U81/><E126/><V117/><F127/><T92/><D103/><U67/><E98/><V63/><F63/><T87/><D76/><U122/><N who="1" m="31264" /><U66/><E81/><V39/><REACH who="2" step="1"/><F117/><REACH who="2" ten="236,488,316,0" step="2"/><T90/><D75/><U54/><E80/><V123/><N who="2" m="31520" /><V68/><F68/><T129/><D72/><U62/><E73/><V45/><F45/><T44/><D44/><U133/><E71/><V105/><F105/><T49/><D129/><U95/><E69/><V125/><F125/><T84/><REACH who="0" step="1"/><D94/><REACH who="0" ten="226,488,316,0" step="2"/><U88/><E95/><V33/><F33/><T118/><D118/><U53/><E78/><V128/><F128/><T56/><D56/><U46/><E59/><V108/><F108/><T55/><D55/><AGARI ba="0,2" hai="36,38,39,47,51,55,57,61,65,93,96,101,109,111" m="31520" machi="55" ten="50,4800,0" yaku="1,1,52,1,53,0" doraHai="114" doraHaiUra="34" who="2" fromWho="0" sc="226,-48,488,0,316,68,0,0" /><INIT seed="2,1,0,1,2,126" ten="178,488,384,0" oya="2" hai0="114,49,0,40,60,59,129,135,90,107,128,95,117" hai1="127,86,119,43,87,63,92,45,104,93,72,66,77" hai2="99,64,52,76,121,100,54,103,134,82,62,79,88" hai3=""/><V37/><N who="2" m="31008" /><V111/><F37/><T97/><D117/><U132/><E127/><V115/><F115/><T3/><D107/><U55/><E104/><V69/><F134/><T122/><N who="0" m="31264" /><T80/><D135/><U38/><E132/><V67/><F111/><T94/><D114/><U118/><E72/><V58/><F54/><T113/><D113/><U44/><E44/><V51/><F64/><T73/><D3/><U106/><E106/><V42/><F42/><T32/><D32/><U110/><E110/><V101/><REACH who="2" step="1"/><F99/><REACH who="2" ten="178,488,374,0" step="2"/><T81/><D0/><U68/><E55/><V47/><F47/><T1/><D1/><U116/><E116/><V39/><F39/><T83/><D73/><U70/><E119/><V84/><AGARI ba="1,1" hai="51,52,58,62,67,69,76,79,82,84,88,100,101,103" m="31008" machi="84" ten="30,12000,2" yaku="1,1,0,1,52,1,54,2,53,1" doraHai="126" doraHaiUra="65" who="2" fromWho="2" sc="178,-61,488,-61,374,132,0,0" /><INIT seed="2,2,0,0,5,46" ten="117,427,506,0" oya="2" hai0="82,115,125,37,99,0,42,127,44,117,89,126,36" hai1="122,134,50,3,81,123,1,54,71,49,129,109,59" hai2="47,95,40,120,70,32,106,102,39,77,75,57,67" hai3=""/><V121/><N who="2" m="30752" /><V118/><N who="2" m="31008" /><V108/><F32/><T132/><D117/><U73/><N who="1" m="31264" /><U88/><N who="1" m="31520" /><U53/><E129/><V87/><F118/><T33/><D0/><U84/><E71/><V130/><F130/><T34/><D132/><U91/><E134/><V85/><F108/><T110/><D110/><U48/><E109/><V66/><F70/><T74/><D115/><U107/><E107/><V86/><F106/><T45/><D99/><U56/><E73/><V97/><REACH who="2" step="1"/><F57/><REACH who="2" ten="117,427,496,0" step="2"/><T128/><D128/><U105/><E105/><V101/><F101/><T78/><REACH who="0" step="1"/><D89/><REACH who="0" ten="107,427,496,0" step="2"/><U116/><E116/><V94/><F94/><T113/><D113/><U114/><E114/><V64/><F64/><T69/><D69/><U43/><E91/><V104/><F104/><T51/><D51/><U65/><E65/><V76/><F76/><T62/><D62/><U41/><E49/><V55/><F55/><T2/><D2/><AGARI ba="2,2" hai="1,2,3,41,43,48,50,53,54,56,59,81,84,88" m="31520,31264" machi="2" ten="40,12000,2" yaku="9,1,52,4,54,1" doraHai="46" who="1" fromWho="0" sc="107,-124,427,144,496,0,0,0" owari="-17,-62.0,571,52.0,496,10.0,0,0.0" /></mjloggm>