<mjloggm ver="2.3"><GO type="225" lobby="0"/><UN n0="%E3%81%98%E3%82%93%E3%81%BF%E3%82%87%E3%82%93" n1="%E3%81%B7%E3%82%8B%E3%81%B7%E3%82%8B%E3%81%A0%E3%81%9E" n2="%74%61%6B%75%61%6B%61" n3="%E5%BE%AE%E5%B7%AE%E3%81%AE%E4%BD%95%E5%88%87%E3%82%8B%EF%BC%9C%E9%81%8B" dan="16,16,18,16" rate="2153.37,2098.25,2185.16,2092.19" sx="F,M,M,M"/><TAIKYOKU oya="0"/><INIT seed="0,0,0,3,0,89" ten="250,250,250,250" oya="0" hai0="21,96,106,7,32,126,18,110,128,132,24,49,117" hai1="2,0,133,123,17,37,114,3,46,43,124,36,116" hai2="108,41,44,56,64,113,84,118,52,48,34,127,131" hai3="42,70,25,4,13,33,65,45,86,47,14,74,68"/><T111/><D117/><U69/><E123/><V23/><F113/><W81/><G74/><T54/><D126/><U39/><E116/><V62/><F34/><W19/><G4/><T78/><D132/><U92/><E114/><V130/><F118/><W27/><G65/><T80/><D128/><N who="2" m="49194" /><F23/><W125/><G125/><T122/><D7/><U85/><E69/><N who="2" m="42135" /><F84/><W15/><G86/><T93/><D106/><U55/><E124/><V11/><F11/><W94/><G15/><T76/><D32/><U100/><E133/><V28/><F28/><W72/><G33/><T119/><D119/><U73/><E73/><V40/><F127/><W134/><G134/><T95/><D122/><U22/><E55/><N who="2" m="30087" /><F108/><N who="0" m="41514" /><D96/><U121/><E121/><V109/><F109/><W26/><G26/><T58/><D76/><U31/><E31/><V101/><F101/><W102/><G102/><T35/><D35/><U135/><E135/><V91/><F91/><W90/><G90/><T115/><D115/><U107/><E107/><V77/><F77/><W59/><G72/><AGARI ba="0,0" hai="18,21,24,49,54,58,72,78,80,93,95" m="41514" machi="72" ten="30,11600,0" yaku="14,1,10,1,52,2" doraHai="89" who="0" fromWho="3" sc="250,116,250,0,250,0,250,-116" /><INIT seed="0,1,0,5,5,66" ten="366,250,250,134" oya="0" hai0="85,133,87,17,12,88,67,43,72,48,23,65,51" hai1="94,2,73,126,64,39,60,82,132,59,99,100,125" hai2="9,128,6,123,37,31,35,101,54,47,111,131,120" hai3="75,76,30,38,97,55,58,130,21,103,42,78,7"/><T53/><D72/><U119/><E2/><V34/><F101/><W127/><G127/><N who="1" m="48650" /><E39/><V112/><F54/><W11/><G130/><N who="2" m="49705" /><F112/><W20/><G42/><T46/><D85/><U124/><N who="1" m="48658" /><U91/><DORA hai="80" /><E132/><V135/><F111/><W3/><G38/><T62/><D62/><U14/><E14/><N who="2" m="5431" /><F47/><W102/><G102/><T129/><D133/><U63/><E119/><V32/><F37/><W68/><G68/><T56/><D129/><U90/><E63/><V0/><F135/><W8/><G8/><T22/><REACH who="0" step="1"/><D23/><REACH who="0" ten="356,250,250,134" step="2"/><U74/><E74/><V40/><F34/><W84/><G75/><T25/><D25/><U19/><E73/><V86/><F86/><W107/><G21/><T79/><D79/><U13/><E82/><AGARI ba="1,1" hai="12,17,22,43,46,48,51,53,56,65,67,82,87,88" machi="82" ten="30,18000,2" yaku="1,1,7,1,8,1,52,1,54,1,53,1" doraHai="66,80" doraHaiUra="121,16" who="0" fromWho="1" sc="356,193,250,-183,250,0,134,0" /><INIT seed="0,2,0,0,1,10" ten="549,67,250,134" oya="0" hai0="70,58,46,13,110,91,48,33,64,112,38,17,132" hai1="76,44,94,122,101,60,102,18,127,77,42,84,61" hai2="66,15,19,114,125,105,39,93,20,24,133,7,51" hai3="87,21,130,75,78,55,32,52,8,117,120,1,92"/><T118/><D112/><U57/><E122/><V131/><F39/><W25/><G117/><T23/><D118/><U74/><E74/><V41/><F105/><W6/><G130/><T26/><D132/><U95/><E127/><V82/><F114/><W134/><G120/><T89/><D110/><U88/><E94/><V79/><F131/><W3/><G134/><T67/><D70/><U12/><E61/><V59/><F133/><W115/><G115/><T135/><D135/><U34/><E34/><V96/><F41/><W128/><G128/><T28/><D38/><U9/><E101/><V40/><F40/><W72/><G32/><T56/><D56/><U0/><E102/><V86/><F125/><W129/><G129/><T103/><D103/><U65/><REACH who="1" step="1"/><E0/><REACH who="1" ten="549,57,250,134" step="2"/><V45/><F93/><W109/><G1/><T104/><D104/><U126/><E126/><V14/><F96/><W90/><G109/><T124/><D124/><U2/><E2/><V85/><F85/><W35/><G35/><T121/><D121/><U69/><E69/><V113/><F113/><W50/><G75/><T73/><D73/><U83/><E83/><V54/><F7/><W30/><G72/><T43/><D33/><U100/><E100/><V106/><F106/><W68/><G68/><T29/><D67/><U53/><E53/><V80/><F80/><W31/><G3/><T111/><D111/><U11/><E11/><V119/><F119/><W49/><G55/><T37/><D64/><U27/><E27/><V63/><AGARI ba="2,1" hai="14,15,19,20,24,45,51,54,59,63,66,79,82,86" machi="63" ten="30,7900,0" yaku="0,1,8,1,52,2" doraHai="10" who="2" fromWho="2" sc="549,-41,57,-22,250,95,134,-22" /><INIT seed="1,0,0,0,3,49" ten="508,35,345,112" oya="1" hai0="132,2,59,128,135,124,50,104,44,1,99,85,11" hai1="15,64,105,16,114,5,34,70,102,106,39,120,67" hai2="113,87,58,101,48,131,9,69,6,83,90,77,54" hai3="56,60,45,96,61,10,82,109,93,76,110,52,107"/><U117/><E117/><V63/><F131/><W30/><G107/><T68/><D68/><U47/><E120/><V3/><F113/><W122/><G122/><T53/><D128/><U36/><E34/><V92/><F101/><W14/><G30/><T19/><D124/><U133/><E114/><V94/><F69/><W126/><G126/><T43/><D85/><U71/><E5/><V38/><F38/><W41/><G61/><T74/><D74/><U127/><E47/><V22/><F22/><W79/><G109/><T40/><D40/><U33/><E33/><V95/><F63/><W0/><G0/><T29/><D29/><U18/><E127/><V75/><AGARI ba="0,0" hai="3,6,9,48,54,58,75,77,83,87,90,92,94,95" machi="75" ten="20,2700,0" yaku="0,1,7,1,52,1" doraHai="49" who="2" fromWho="2" sc="508,-7,35,-13,345,27,112,-7" /><INIT seed="2,0,0,2,3,68" ten="501,22,372,105" oya="2" hai0="75,43,18,13,62,115,25,31,20,80,101,14,96" hai1="83,19,41,69,103,109,28,49,113,2,56,64,84" hai2="123,126,98,76,81,91,74,51,116,34,50,54,72" hai3="35,11,4,7,48,130,87,121,47,66,55,38,0"/><V26/><F123/><W105/><G130/><T106/><D115/><U70/><E113/><V93/><F116/><W73/><G105/><T89/><D43/><U79/><E2/><V100/><F126/><W131/><G131/><T29/><D29/><U102/><E102/><BYE who="1" /><V30/><F72/><W45/><G73/><UN n1="%E3%81%B7%E3%82%8B%E3%81%B7%E3%82%8B%E3%81%A0%E3%81%9E" /><T95/><D62/><U128/><E109/><V118/><F118/><W36/><G35/><T57/><D57/><U42/><E128/><V9/><F9/><W110/><G121/><T77/><D31/><U107/><E70/><V3/><F3/><W60/><G110/><T23/><D23/><U67/><E19/><V122/><F122/><W15/><G45/><T5/><D5/><U16/><E28/><V58/><F100/><W114/><G114/><T32/><D32/><U65/><E69/><V1/><F1/><W108/><G108/><T61/><D61/><AGARI ba="0,0" hai="26,30,34,50,51,54,58,61,74,76,81,91,93,98" machi="61" ten="30,1500,0" yaku="7,1" doraHai="68" who="2" fromWho="0" sc="501,-15,22,0,372,15,105,0" /><INIT seed="2,1,0,4,0,8" ten="486,22,387,105" oya="2" hai0="105,111,95,33,101,123,3,27,83,84,85,60,18" hai1="107,114,104,52,127,92,108,15,7,68,11,120,131" hai2="44,126,129,12,71,28,77,51,113,115,79,80,58" hai3="76,10,106,74,9,13,49,45,93,91,29,94,35"/><V17/><F71/><W50/><G106/><T66/><D123/><U72/><E114/><V24/><F126/><W118/><G118/><T20/><D33/><U42/><E68/><V62/><F129/><W40/><G35/><T57/><D105/><U5/><E72/><V2/><F2/><W47/><G29/><T16/><D111/><U67/><E108/><V116/><F116/><W110/><G110/><T25/><D3/><U22/><E127/><V96/><F96/><W37/><G37/><T124/><D124/><U125/><E67/><V65/><F24/><W86/><G74/><T133/><D133/><U100/><E131/><V1/><F1/><W82/><G10/><T59/><D59/><U135/><E42/><V19/><F19/><W81/><G81/><T61/><D61/><U32/><E32/><V73/><F77/><W39/><G39/><T132/><D132/><U6/><E135/><V78/><F78/><W117/><G117/><T97/><D83/><U75/><E75/><V119/><F28/><W23/><G23/><AGARI ba="1,0" hai="16,18,20,23,25,27,57,60,66,84,85,95,97,101" machi="23" ten="40,5200,0" yaku="9,1,8,1,54,1" doraHai="8" who="0" fromWho="3" sc="486,55,22,0,387,0,105,-55" /><INIT seed="3,0,0,1,2,92" ten="541,22,387,50" oya="3" hai0="12,101,72,25,45,111,11,53,65,77,20,55,26" hai1="114,79,29,23,27,50,66,89,108,70,74,87,38" hai2="88,54,1,116,69,16,0,34,2,75,39,60,78" hai3="121,4,86,49,43,33,132,84,126,102,30,109,31"/><W124/><G121/><T22/><D101/><U14/><E114/><V91/><F34/><W67/><G67/><T58/><D111/><U85/><E108/><V117/><F39/><W113/><G113/><T76/><D72/><U134/><E38/><V24/><F75/><W118/><G118/><T42/><D65/><U40/><E134/><V106/><F78/><N who="0" m="30314" /><D42/><U18/><E74/><V131/><F106/><W81/><G86/><T36/><D36/><U8/><E70/><V107/><F107/><W119/><G119/><T62/><D53/><U105/><E105/><V104/><F104/><W35/><G102/><T17/><D45/><U82/><E66/><V103/><F103/><W97/><G109/><T32/><D32/><U98/><E98/><V61/><F69/><W21/><G97/><T122/><D122/><U135/><E135/><V68/><F68/><W112/><G132/><T93/><D93/><U110/><E110/><V129/><F0/><W99/><G99/><T57/><D57/><U9/><E40/><V100/><F100/><W59/><G112/><T133/><D133/><U64/><E64/><V41/><F41/><W120/><G126/><T128/><D128/><U90/><E50/><V37/><F37/><W19/><G124/><T46/><D46/><U130/><E130/><V83/><F83/><W7/><G120/><T73/><D73/><U13/><E85/><V3/><F3/><W71/><G71/><T96/><D96/><U44/><E44/><V5/><F54/><N who="3" m="32207" /><G43/><T63/><D63/><N who="2" m="24138" /><F131/><W15/><G35/><T47/><D47/><U95/><E95/><RYUUKYOKU ba="0,0" sc="541,15,22,15,387,-15,50,-15" hai0="11,12,17,20,22,25,26,55,58,62" hai1="8,9,13,14,18,23,27,29,79,82,87,89,90" owari="556,65.0,37,-36.0,372,17.0,35,-46.0" /></mjloggm>