<mjloggm ver="2.3"><GO type="185" lobby="0"/><UN n0="%6E%40%50%69%65%52" n1="%E5%B8%AB%E5%8C%A0%2F%E9%9B%80%E9%AC%BC" n2="%6D%74%6B%47%65%72%6D" n3="" dan="17,17,16,0" rate="2197.32,2257.23,2072.44,1500.00" sx="M,M,M,C"/><TAIKYOKU oya="0"/><INIT seed="0,0,0,2,0,42" ten="350,350,350,0" oya="0" hai0="37,1,119,115,97,66,43,91,86,35,113,108,39" hai1="117,98,55,51,44,84,56,124,93,105,133,107,63" hai2="34,128,127,90,58,64,88,62,72,78,109,87,32" hai3=""/><T75/><D119/><U73/><E117/><V129/><F127/><T132/><D1/><U49/><E124/><V77/><F72/><T82/><D35/><U57/><E73/><V38/><F38/><T3/><D3/><U53/><E84/><V94/><F109/><T131/><D131/><N who="2" m="50250" /><F90/><T54/><D132/><U76/><E76/><AGARI ba="0,0" hai="32,34,58,62,64,76,77,78,87,88,94" m="50250" machi="76" ten="30,2000,0" yaku="19,1,54,1" doraHai="42" who="2" fromWho="1" sc="350,0,350,-20,350,20,0,0" /><INIT seed="1,0,0,3,4,99" ten="350,330,370,0" oya="1" hai0="128,56,47,37,36,53,105,66,113,78,64,43,70" hai1="65,84,125,108,98,50,72,52,93,63,92,42,90" hai2="55,75,97,74,122,114,110,51,100,80,57,106,79" hai3=""/><U135/><E125/><V112/><N who="2" m="31264" /><V54/><F110/><T96/><D113/><U38/><E135/><V118/><F118/><T117/><D117/><U131/><E131/><V69/><F69/><T88/><D36/><U111/><E72/><V119/><F119/><T61/><D78/><U133/><E133/><V44/><REACH who="2" step="1"/><F75/><REACH who="2" ten="350,330,360,0" step="2"/><T71/><D70/><U127/><E127/><V46/><F46/><T120/><N who="0" m="30752" /><T129/><D66/><U87/><E111/><V123/><N who="2" m="31520" /><V67/><F67/><T103/><REACH who="0" step="1"/><D88/><REACH who="0" ten="340,330,360,0" step="2"/><U104/><E108/><V109/><F109/><T34/><D34/><U134/><E134/><V124/><F124/><T60/><AGARI ba="0,2" hai="37,43,47,53,56,60,61,64,71,96,103,105,128,129" m="30752" machi="60" ten="30,5900,0" yaku="1,1,0,1,52,2,53,0" doraHai="99" doraHaiUra="85" who="0" fromWho="0" sc="340,79,330,-39,360,-20,0,0" /><BYE who="1" /><INIT seed="2,0,0,1,5,49" ten="419,291,340,0" oya="2" hai0="44,101,68,40,133,112,51,37,62,0,43,86,46" hai1="113,115,82,74,89,117,104,33,76,120,79,126,77" hai2="105,99,118,73,109,111,3,103,41,98,32,110,67" hai3=""/><V114/><F32/><UN n1="%E5%B8%AB%E5%8C%A0%2F%E9%9B%80%E9%AC%BC" /><T130/><D0/><U39/><N who="1" m="30752" /><U100/><E33/><V122/><N who="2" m="31264" /><V1/><F118/><T127/><D127/><U119/><E39/><V63/><F114/><N who="1" m="43529" /><E126/><V69/><F73/><T53/><D112/><U96/><E89/><V48/><F99/><T131/><D133/><U92/><E104/><V94/><F105/><T93/><D86/><U56/><E56/><V83/><F83/><T128/><D93/><U80/><E76/><V54/><F41/><T88/><D88/><U38/><E38/><V47/><AGARI ba="0,0" hai="1,3,47,48,54,63,67,69,94,98,103,109,110,111" m="31264" machi="47" ten="30,8000,1" yaku="0,1,14,1,10,1,52,2" doraHai="49" who="2" fromWho="2" sc="419,-40,291,-40,340,80,0,0" /><INIT seed="2,1,0,1,3,47" ten="379,251,420,0" oya="2" hai0="101,76,132,79,62,129,69,95,112,133,109,52,82" hai1="58,108,96,84,120,60,66,106,88,71,61,115,54" hai2="68,77,99,118,74,107,1,97,111,72,122,48,128" hai3=""/><V33/><RYUUKYOKU type="yao9" ba="1,0" sc="379,0,251,0,420,0,0,0" hai2="1,33,48,68,72,74,77,97,99,107,111,118,122,128" /><INIT seed="2,2,0,1,2,37" ten="379,251,420,0" oya="2" hai0="47,113,95,88,119,105,122,79,131,94,63,77,76" hai1="108,106,61,127,57,107,35,82,40,58,99,60,36" hai2="48,96,41,102,129,112,123,132,2,83,117,104,114" hai3=""/><V74/><N who="2" m="31520" /><V91/><F2/><T81/><N who="0" m="31264" /><T53/><D119/><U38/><E35/><V118/><F48/><T32/><D32/><U73/><E108/><V70/><F70/><T115/><D105/><U86/><E127/><V71/><F71/><T33/><D33/><U134/><E134/><V109/><F109/><T130/><D63/><U103/><E73/><V128/><F41/><T75/><D53/><U126/><E106/><V34/><F34/><T85/><D47/><U3/><E126/><V43/><F43/><T54/><D54/><U92/><E107/><V49/><F49/><T116/><D116/><N who="2" m="44650" /><F132/><T78/><REACH who="0" step="1"/><D95/><REACH who="0" ten="369,251,420,0" step="2"/><U45/><E3/><V100/><F104/><T101/><D101/><N who="2" m="39018" /><F112/><AGARI ba="2,1" hai="75,76,77,78,79,81,85,88,94,112,113,115,130,131" m="31264" machi="112" ten="40,12000,2" yaku="1,1,11,1,34,3,52,1,54,1,53,0" doraHai="37" doraHaiUra="66" who="0" fromWho="2" sc="369,134,251,0,420,-124,0,0" /><INIT seed="4,0,0,3,5,120" ten="503,251,296,0" oya="0" hai0="56,66,57,0,85,76,34,100,93,3,130,71,133" hai1="109,72,92,88,42,68,87,108,121,132,32,96,98" hai2="62,116,49,52,95,81,43,117,54,60,47,36,129" hai3=""/><T58/><D34/><U61/><N who="1" m="31008" /><U126/><E32/><V33/><F33/><T1/><D133/><U134/><E72/><V84/><F95/><T63/><D130/><U80/><E42/><V128/><F81/><T119/><D119/><N who="2" m="45642" /><F84/><T74/><D74/><U91/><E126/><V94/><F94/><T86/><REACH who="0" step="1"/><D76/><REACH who="0" ten="493,251,296,0" step="2"/><U53/><E132/><V127/><F127/><T75/><D75/><U65/><E134/><V50/><F36/><T82/><D82/><U131/><E131/><N who="2" m="50251" /><F43/><T123/><N who="0" m="31520" /><T64/><D64/><U135/><E135/><V118/><F118/><T39/><D39/><U114/><E114/><V40/><F40/><T111/><D111/><U112/><E112/><V89/><F89/><T37/><D37/><U122/><N who="1" m="31264" /><U73/><E73/><V105/><F105/><T103/><D103/><U35/><E35/><V2/><F2/><T51/><D51/><U97/><REACH who="1" step="1"/><E53/><REACH who="1" ten="493,241,296,0" step="2"/><V46/><AGARI ba="0,2" hai="46,47,49,50,52,54,60,62" m="50251,45642" machi="46" ten="30,6000,1" yaku="12,1,19,1,34,2,54,1" doraHai="120" who="2" fromWho="2" sc="493,-40,241,-20,296,80,0,0" /><INIT seed="5,0,0,0,5,106" ten="453,221,376,0" oya="1" hai0="71,114,40,119,133,115,109,93,51,35,122,83,1" hai1="63,77,84,64,73,85,33,50,130,52,36,32,46" hai2="120,58,39,118,113,41,2,96,117,49,131,43,57" hai3=""/><U67/><E130/><V45/><F2/><T60/><N who="0" m="31264" /><T91/><D35/><U44/><E67/><V76/><N who="2" m="30752" /><V123/><N who="2" m="31520" /><V61/><F131/><T86/><D1/><U78/><E73/><V126/><F126/><T68/><D119/><U89/><E77/><V111/><F111/><T97/><D109/><U135/><E135/><V69/><F76/><T112/><D133/><U87/><E89/><V108/><F108/><T132/><D60/><U121/><N who="1" m="31008" /><U92/><E92/><V116/><F96/><T107/><D107/><U110/><E78/><V101/><F101/><T105/><D105/><U100/><E100/><V88/><F88/><T47/><REACH who="0" step="1"/><D132/><REACH who="0" ten="443,221,376,0" step="2"/><U102/><E110/><V104/><F104/><T48/><D48/><U72/><E102/><AGARI ba="0,1" hai="40,47,51,68,71,83,86,91,93,97,102,112,114,115" m="31264" machi="102" ten="40,5200,0" yaku="1,1,15,1,52,1,53,0" doraHai="106" doraHaiUra="62" who="0" fromWho="1" sc="443,62,221,-52,376,0,0,0" /><INIT seed="6,0,0,2,1,93" ten="505,169,376,0" oya="2" hai0="44,3,109,80,106,47,94,73,70,37,53,81,71" hai1="56,120,68,127,34,111,101,60,118,112,133,35,46" hai2="96,51,83,76,95,107,113,64,82,36,50,39,1" hai3=""/><V100/><F113/><T54/><D106/><U48/><E101/><V61/><F1/><T42/><D109/><U91/><E91/><V104/><F104/><T2/><D94/><U59/><E34/><V129/><F129/><T90/><D90/><U121/><N who="1" m="30752" /><U135/><N who="1" m="31008" /><U97/><E35/><V119/><F119/><T43/><D37/><U57/><E97/><V78/><F39/><T99/><D99/><U40/><E111/><V132/><F36/><T128/><D73/><U0/><E0/><V84/><F132/><T86/><D86/><U41/><E118/><V72/><REACH who="2" step="1"/><F107/><REACH who="2" ten="505,169,366,0" step="2"/><T116/><D116/><U115/><E127/><V33/><F33/><T49/><D128/><U58/><E40/><V62/><F62/><T110/><D110/><U123/><N who="1" m="31520" /><U63/><E63/><V45/><F45/><T131/><D131/><U55/><E68/><AGARI ba="0,1" hai="50,51,61,64,68,72,76,78,82,83,84,95,96,100" machi="68" ten="30,5800,0" yaku="1,1,7,1,52,1,53,0" doraHai="93" doraHaiUra="87" who="2" fromWho="1" sc="505,0,169,-58,366,68,0,0" /><INIT seed="6,1,0,3,5,65" ten="505,111,434,0" oya="2" hai0="124,94,114,113,36,53,89,91,129,73,107,74,87" hai1="81,79,135,2,111,42,52,127,0,98,38,70,95" hai2="45,3,133,116,126,105,102,115,33,131,120,106,56" hai3=""/><V122/><RYUUKYOKU type="yao9" ba="1,0" sc="505,0,111,0,434,0,0,0" hai2="3,33,45,56,102,105,106,115,116,120,122,126,131,133" /><INIT seed="6,2,0,5,1,47" ten="505,111,434,0" oya="2" hai0="105,112,86,83,58,50,87,97,49,88,114,89,41" hai1="60,42,44,130,128,57,95,1,61,70,113,123,134" hai2="126,75,99,102,56,45,117,43,120,74,90,109,73" hai3=""/><V110/><N who="2" m="30752" /><V53/><F117/><T69/><D69/><U37/><N who="1" m="31520" /><U36/><E95/><V62/><F126/><T0/><D0/><U64/><E1/><V78/><F90/><T82/><D41/><U79/><E79/><V67/><F67/><T129/><D129/><U119/><E119/><V40/><F78/><T125/><D125/><U106/><E106/><V33/><F33/><T35/><D35/><U51/><E113/><N who="0" m="43625" /><D58/><U104/><E104/><V131/><F131/><T101/><AGARI ba="2,0" hai="49,50,82,83,86,87,88,89,97,101,105" m="43625" machi="101" ten="30,6000,1" yaku="15,1,11,1,52,2,54,1" doraHai="47" who="0" fromWho="0" sc="505,64,111,-22,434,-42,0,0" owari="569,52.0,89,-51.0,392,-1.0,0,0.0" /></mjloggm>