<mjloggm ver="2.3"><GO type="169" lobby="0"/><UN n0="%28%E9%83%A8%E9%95%B7%29" n1="%E6%97%A9%E7%A8%B2%E7%94%B0%E5%A4%A7%E5%AD%A6%34%E5%B9%B4" n2="%E3%82%B3%E3%83%A2%E3%83%AA%E3%82%B9%E3%83%88" n3="%E7%BD%AA%E5%88%91%E6%B3%95%E5%AE%9A%E4%B8%BB%E7%BE%A9" dan="16,17,16,17" rate="2188.10,2213.01,2075.96,2135.12" sx="M,F,M,M"/><TAIKYOKU oya="0"/><INIT seed="0,0,0,2,3,41" ten="250,250,250,250" oya="0" hai0="4,128,107,54,94,60,114,95,32,11,30,97,130" hai1="82,43,12,50,55,98,59,108,65,113,99,115,5" hai2="123,35,118,40,72,1,28,24,125,10,78,18,0" hai3="2,15,20,117,75,73,21,16,112,96,86,13,34"/><T80/><D114/><N who="1" m="43531" /><E108/><V9/><F78/><W87/><G112/><T85/><D30/><U27/><E65/><V63/><F72/><W53/><G2/><T8/><D32/><U100/><E43/><V64/><F118/><W135/><G34/><T127/><D107/><U83/><E27/><V71/><F125/><W77/><G117/><T74/><D74/><U134/><E134/><V19/><F9/><W14/><G14/><T47/><D60/><U61/><E61/><V29/><F29/><W92/><G53/><T119/><D119/><U89/><E89/><V68/><F68/><W36/><G36/><T101/><D94/><N who="1" m="58455" /><E99/><V93/><F63/><W102/><G135/><T46/><D54/><U79/><E79/><V105/><F40/><W131/><G75/><T51/><D51/><U116/><E116/><V69/><F24/><W122/><G122/><T62/><D62/><U6/><E12/><V3/><F69/><W110/><G110/><T120/><D120/><U133/><E133/><V132/><F0/><W58/><G73/><T57/><D57/><U111/><E111/><V104/><F1/><W7/><G58/><T26/><D26/><U124/><E124/><V88/><F3/><W25/><G77/><N who="0" m="46223" /><D127/><U129/><E129/><N who="0" m="49769" /><D4/><AGARI ba="0,0" hai="4,5,6,50,55,59,82,83" m="58455,43531" machi="4" ten="30,1000,0" yaku="11,1" doraHai="41" who="1" fromWho="0" sc="250,-10,250,10,250,0,250,0" /><INIT seed="1,0,0,0,2,55" ten="240,260,250,250" oya="1" hai0="78,52,119,48,69,77,106,13,83,87,56,18,84" hai1="113,60,34,132,88,46,81,128,114,101,35,61,12" hai2="15,2,30,9,37,68,92,103,11,16,80,91,82" hai3="72,17,121,27,110,58,73,41,134,105,99,117,107"/><U50/><E132/><V123/><F123/><W109/><G121/><T3/><D3/><U29/><E128/><V49/><F37/><W62/><G41/><T8/><D106/><N who="3" m="40457" /><G99/><T90/><D69/><U33/><E29/><V126/><F126/><W20/><G134/><T133/><D133/><U111/><E101/><V116/><F116/><W6/><G6/><T51/><D119/><U0/><E111/><N who="3" m="42506" /><G117/><T26/><D26/><U5/><E0/><V71/><F103/><W28/><G17/><T21/><D8/><U42/><E114/><V31/><F16/><W19/><G19/><T102/><D102/><U122/><E113/><V67/><F31/><W23/><G23/><T54/><D87/><U47/><E122/><V100/><F11/><W130/><G130/><T24/><D24/><U53/><E12/><V96/><F15/><W129/><G129/><T65/><D65/><AGARI ba="0,0" hai="20,27,28,58,62,65,72,73" m="42506,40457" machi="65" ten="30,2000,0" yaku="14,1,52,1" doraHai="55" who="3" fromWho="0" sc="240,-20,260,0,250,0,250,20" /><INIT seed="2,0,0,1,5,72" ten="220,260,250,270" oya="2" hai0="75,19,37,63,22,38,5,52,21,15,127,17,130" hai1="114,96,57,34,123,68,62,112,55,103,2,83,111" hai2="110,40,58,30,67,134,54,24,85,16,12,49,124" hai3="97,11,122,73,7,41,79,26,74,128,90,56,3"/><V6/><F134/><W135/><G122/><T78/><D127/><U132/><E132/><V99/><F124/><W81/><G135/><T93/><D130/><U101/><E123/><V14/><F110/><W9/><G128/><T39/><D5/><U46/><E111/><V125/><F125/><W133/><G133/><T60/><D93/><U121/><E68/><V8/><F67/><W95/><G11/><T116/><D116/><U119/><E119/><V104/><F40/><W102/><G74/><T53/><D60/><U87/><E121/><V4/><F85/><W109/><G109/><T36/><D36/><U86/><E2/><V88/><F12/><W106/><G26/><T91/><D91/><U82/><E46/><V33/><REACH who="2" step="1"/><F88/><REACH who="2" ten="220,260,240,270" step="2"/><W27/><G27/><T48/><D75/><U71/><E87/><V131/><F131/><W43/><G56/><T18/><D15/><U44/><E86/><AGARI ba="0,1" hai="3,7,9,41,43,73,79,81,86,90,95,97,102,106" machi="86" ten="30,7700,0" yaku="7,1,24,2,52,1" doraHai="72" who="3" fromWho="1" sc="220,0,260,-77,240,0,270,87" /><INIT seed="3,0,0,3,3,33" ten="220,183,240,357" oya="3" hai0="132,111,51,55,44,73,62,86,92,29,83,66,49" hai1="60,80,15,23,2,34,133,70,95,126,84,25,82" hai2="118,3,54,103,81,117,35,63,17,13,20,5,64" hai3="106,32,61,134,45,58,46,50,108,6,31,36,94"/><W48/><G106/><T30/><D111/><U135/><E2/><V131/><F54/><W76/><G6/><T4/><D132/><N who="1" m="50763" /><E126/><V77/><F103/><W38/><G134/><T119/><D119/><U98/><E34/><V112/><F131/><W130/><G76/><T72/><D92/><U88/><E15/><V89/><F89/><W113/><G94/><T47/><D4/><U7/><E7/><V18/><F18/><W56/><G31/><T109/><D109/><U71/><E60/><V75/><F112/><W122/><G32/><T28/><D86/><U74/><E74/><V128/><F35/><W93/><G93/><T121/><D121/><U10/><E10/><V114/><F128/><W115/><G130/><T110/><D110/><U120/><E82/><V96/><F114/><W116/><G108/><T57/><REACH who="0" step="1"/><D83/><REACH who="0" ten="210,183,240,357" step="2"/><U87/><E87/><V100/><F5/><W125/><G116/><T39/><D39/><U16/><E120/><V26/><F118/><W0/><G122/><T22/><D22/><U37/><E37/><V59/><F117/><W68/><G125/><T101/><D101/><AGARI ba="0,1" hai="16,23,25,70,71,80,84,88,95,98,101" m="50763" machi="101" ten="30,3900,0" yaku="20,1,54,2" doraHai="33" who="1" fromWho="0" sc="210,-39,183,49,240,0,357,0" /><INIT seed="4,0,0,1,4,117" ten="171,232,240,357" oya="0" hai0="30,22,85,31,116,58,51,44,17,65,3,135,113" hai1="76,14,129,130,1,29,127,21,12,24,27,115,124" hai2="32,9,107,36,5,75,19,38,97,103,10,93,60" hai3="33,49,35,16,61,52,104,102,133,96,54,126,84"/><T25/><D116/><U57/><E76/><V8/><F75/><W41/><G126/><N who="1" m="48170" /><E57/><V45/><F32/><W34/><G133/><T72/><D72/><U125/><N who="1" m="48178" /><U82/><DORA hai="88" /><E82/><V83/><F83/><W59/><G41/><T95/><D3/><U91/><E91/><V47/><F19/><W28/><G84/><T100/><D113/><U40/><E40/><V77/><F5/><W73/><G73/><T74/><D74/><U119/><E119/><V56/><F107/><W81/><G81/><T87/><D135/><U99/><E99/><V131/><F131/><N who="1" m="50185" /><E115/><V15/><F77/><W43/><G43/><N who="0" m="24991" /><D85/><U105/><E105/><V123/><F45/><W48/><G28/><T37/><D37/><U92/><E92/><V23/><F47/><W86/><G86/><T71/><D71/><U2/><E27/><V98/><F38/><W7/><G54/><T79/><D79/><U4/><E14/><V13/><F13/><W94/><G104/><T78/><D78/><U0/><E12/><V128/><F15/><W42/><G42/><T132/><D132/><U66/><E66/><V62/><F36/><W110/><G96/><N who="0" m="59423" /><D87/><U55/><E55/><V11/><F98/><W20/><G52/><T89/><D89/><U134/><E134/><V26/><F128/><W18/><G102/><T50/><D65/><U64/><E64/><V69/><F97/><W53/><G53/><AGARI ba="0,0" hai="17,22,25,30,31,50,53,58" m="59423,24991" machi="53" ten="30,2900,0" yaku="8,1,52,1" doraHai="117,88" who="0" fromWho="3" sc="171,29,232,0,240,0,357,-29" /><INIT seed="4,1,0,0,4,14" ten="200,232,240,328" oya="0" hai0="84,126,56,5,2,6,92,133,116,124,81,21,79" hai1="102,3,27,50,114,12,0,46,87,131,17,90,106" hai2="66,119,32,35,95,93,120,23,125,107,41,65,53" hai3="61,59,111,24,71,117,16,4,52,110,18,100,40"/><T113/><D116/><U42/><E131/><V39/><F41/><W77/><G117/><T74/><D113/><U48/><E114/><V9/><F119/><W55/><G40/><T19/><D133/><U97/><E50/><V134/><F23/><W128/><G71/><T78/><D56/><U72/><E27/><V109/><F53/><W33/><G128/><T103/><D2/><U51/><E51/><V85/><F85/><W26/><G4/><T28/><D28/><U47/><E47/><V101/><F9/><W73/><G100/><T57/><D57/><U60/><E60/><V25/><F25/><W127/><G55/><T34/><D34/><U13/><E13/><V44/><F101/><W58/><G58/><T86/><D103/><U96/><E96/><V108/><F107/><W105/><G105/><T29/><D29/><U121/><E72/><V123/><F39/><W76/><G127/><N who="0" m="48683" /><D92/><U99/><E99/><V118/><F125/><W98/><G98/><T45/><D45/><U38/><E121/><V132/><F118/><W11/><G33/><T94/><D94/><U43/><E43/><V104/><F104/><W62/><G59/><T63/><D63/><U129/><E38/><V115/><F44/><W82/><G82/><N who="0" m="45399" /><D84/><U36/><E129/><V88/><F115/><W30/><G73/><T135/><D135/><U15/><E36/><V68/><F68/><W8/><G52/><T75/><D75/><U7/><E42/><V67/><F66/><W10/><G10/><T31/><D31/><AGARI ba="1,0" hai="8,11,16,18,24,26,30,31,61,62,76,77,110,111" machi="31" ten="25,8000,1" yaku="22,2,52,2,54,1" doraHai="14" who="3" fromWho="0" sc="200,-83,232,0,240,0,328,83" /><INIT seed="5,0,0,2,5,123" ten="117,232,240,411" oya="1" hai0="87,7,103,121,89,58,49,57,101,14,105,50,78" hai1="113,133,106,64,102,84,118,104,71,13,56,52,1" hai2="2,24,110,8,69,72,70,112,98,135,60,44,61" hai3="19,88,80,16,33,63,23,42,18,90,93,31,29"/><U114/><E118/><V3/><F72/><W132/><G33/><T0/><D0/><U32/><E1/><V115/><F98/><W86/><G42/><T30/><D30/><N who="3" m="11273" /><G63/><T74/><D74/><U109/><E32/><V66/><F44/><W67/><G132/><T79/><D105/><U43/><E43/><V46/><F46/><W20/><G67/><T120/><D14/><U22/><E109/><V6/><F24/><W39/><G39/><T35/><D35/><U99/><E133/><V54/><F135/><W34/><G34/><T59/><D87/><AGARI ba="0,0" hai="16,18,19,20,23,80,86,87,88,90,93" m="11273" machi="87" ten="30,3900,0" yaku="8,1,54,2" doraHai="123" who="3" fromWho="0" sc="117,-39,232,0,240,0,411,39" /><INIT seed="6,0,0,2,4,81" ten="78,232,240,450" oya="2" hai0="14,72,19,70,101,116,55,133,108,121,69,115,130" hai1="8,45,62,87,114,79,71,17,93,118,28,84,3" hai2="66,107,43,50,63,61,99,67,92,80,76,90,105" hai3="94,41,135,38,124,16,110,75,52,109,39,47,21"/><V20/><F20/><W56/><G75/><T48/><D101/><U7/><E118/><V35/><F35/><W103/><G39/><T32/><D14/><U34/><E114/><V27/><F27/><W64/><G64/><T25/><D48/><U125/><E125/><V26/><F26/><W89/><G135/><T97/><D97/><U77/><E45/><V58/><F50/><W132/><G103/><T113/><D55/><U126/><E126/><V123/><F123/><W86/><G132/><T4/><D19/><U104/><E104/><V1/><F1/><W96/><G124/><T112/><D4/><U128/><E128/><V83/><F83/><W11/><G11/><T23/><D23/><U119/><E119/><V131/><F43/><W15/><G96/><T36/><D25/><U18/><E28/><V134/><F131/><W2/><G2/><T85/><D85/><U57/><E71/><V22/><F22/><W98/><G98/><T95/><D95/><U59/><E34/><V129/><F134/><W29/><G29/><T0/><D70/><U68/><E68/><V6/><F6/><W30/><G30/><T106/><D113/><U120/><E120/><V46/><F46/><W122/><G122/><T65/><D65/><U51/><E62/><AGARI ba="0,0" hai="15,16,21,38,41,47,52,56,62,86,89,94,109,110" machi="62" ten="30,7700,0" yaku="7,1,52,1,54,2" doraHai="81" who="3" fromWho="1" sc="78,0,232,-77,240,0,450,77" /><INIT seed="7,0,0,0,4,109" ten="78,155,240,527" oya="3" hai0="50,114,69,51,127,76,108,44,23,101,61,13,21" hai1="37,134,130,60,48,14,125,30,115,64,38,113,10" hai2="103,95,89,77,53,17,105,16,42,118,41,121,0" hai3="7,22,4,79,2,86,63,97,100,19,46,111,6"/><W85/><G2/><T102/><D108/><U26/><E125/><V3/><F53/><W70/><G79/><T55/><D127/><U128/><E48/><V29/><F29/><W75/><G75/><T52/><D76/><U104/><E104/><V106/><F89/><W126/><G46/><T62/><D13/><U83/><E83/><V65/><F65/><W110/><G126/><T20/><D69/><N who="1" m="42119" /><E134/><V81/><F118/><W116/><G116/><T82/><D82/><U66/><E66/><V54/><F81/><W31/><G31/><T43/><D43/><U57/><E57/><V25/><F106/><W123/><G123/><T45/><D114/><N who="1" m="43531" /><E26/><V39/><F105/><W124/><G22/><T58/><REACH who="0" step="1"/><D58/><REACH who="0" ten="68,155,240,527" step="2"/><U35/><E30/><V9/><F77/><W120/><G111/><T98/><D98/><U91/><E35/><V27/><F27/><W80/><G97/><T33/><D33/><U49/><E91/><V8/><F25/><W99/><G110/><T92/><D92/><U36/><E49/><V71/><F95/><W15/><G99/><T40/><D40/><U5/><AGARI ba="0,1" hai="5,10,14,36,37,38,128,130" m="43531,42119" machi="5" ten="40,8000,1" yaku="15,1,52,3" doraHai="109" who="1" fromWho="1" sc="68,-20,155,90,240,-20,527,-40" owari="48,-45.0,245,5.0,220,-18.0,487,58.0" /></mjloggm>