<mjloggm ver="2.3"><GO type="169" lobby="0"/><UN n0="%E3%81%8A%E3%81%98%E3%81%95%E3%82%93" n1="%E3%81%A9%E3%82%93%E3%81%9F%E3%82%83%E3%82%93" n2="%E6%A9%98%E3%83%AF%E3%83%AB%E3%83%84" n3="%E8%91%B5%E3%81%A1%E3%82%83%E3%82%93" dan="16,17,17,16" rate="2137.94,2199.60,2254.11,2207.93" sx="M,F,M,M"/><TAIKYOKU oya="0"/><INIT seed="0,0,0,5,1,81" ten="250,250,250,250" oya="0" hai0="39,87,32,22,95,24,112,110,62,84,9,90,27" hai1="25,107,65,66,125,127,29,121,76,34,103,4,16" hai2="91,78,82,1,88,101,86,52,20,100,99,119,118" hai3="126,53,115,122,38,64,75,73,135,19,80,116,132"/><T108/><D39/><U21/><E121/><V45/><F1/><W43/><G64/><T124/><D112/><U7/><E76/><V31/><F31/><W14/><G116/><N who="2" m="44585" /><F20/><W8/><G115/><T89/><D124/><N who="1" m="47691" /><E103/><N who="2" m="39499" /><F99/><W128/><G122/><T102/><D102/><U49/><E107/><V63/><F63/><W3/><G126/><T33/><D62/><U98/><E98/><V37/><F37/><W69/><G3/><T109/><D9/><U11/><E49/><AGARI ba="0,0" hai="45,49,52,78,82,86,88,91" m="39499,44585" machi="49" ten="30,7700,0" yaku="12,1,52,1,54,2" doraHai="81" who="2" fromWho="1" sc="250,0,250,-77,250,77,250,0" /><INIT seed="1,0,0,2,2,89" ten="250,173,327,250" oya="1" hai0="28,65,13,24,119,109,22,98,63,87,4,77,47" hai1="97,1,55,43,30,112,73,118,45,122,62,83,11" hai2="41,23,75,116,54,46,123,21,95,69,58,86,33" hai3="66,35,72,12,94,8,127,129,32,36,134,126,130"/><U37/><E112/><V3/><F75/><W88/><G36/><T38/><D109/><U102/><E118/><V125/><F116/><W50/><G72/><T99/><D119/><U40/><E122/><V53/><F33/><W5/><G66/><T57/><D38/><U64/><E30/><V120/><F69/><W104/><G104/><T106/><D106/><U39/><E55/><V71/><F71/><W16/><G50/><T44/><D77/><U105/><E43/><V79/><F3/><W92/><G92/><T59/><D59/><U6/><E39/><V80/><F125/><N who="3" m="47627" /><G5/><T0/><D0/><U27/><E27/><V34/><F54/><W100/><G100/><T108/><D108/><U49/><E49/><V110/><F110/><W124/><G134/><T48/><D87/><U52/><E52/><V2/><F34/><N who="3" m="12843" /><G124/><T15/><D47/><U18/><E18/><V42/><F46/><W68/><G68/><T107/><D4/><U7/><E7/><V101/><F123/><W10/><G10/><T113/><D107/><U85/><E73/><V131/><F120/><W133/><G133/><T90/><D113/><U56/><REACH who="1" step="1"/><E85/><AGARI ba="0,0" hai="8,12,16,85,88,94,129,130" m="12843,47627" machi="85" ten="30,7700,0" yaku="18,1,52,1,54,2" doraHai="89" who="3" fromWho="1" sc="250,0,173,-77,327,0,250,77" /><INIT seed="2,0,0,2,5,35" ten="250,96,327,327" oya="2" hai0="90,109,47,113,103,96,77,104,17,89,63,70,102" hai1="87,61,80,9,37,2,54,78,30,133,131,71,79" hai2="12,130,65,114,11,119,64,75,44,93,101,108,98" hai3="66,13,25,83,72,124,45,43,125,42,86,16,50"/><V33/><F119/><W53/><G72/><T68/><D109/><U129/><E37/><V135/><F114/><W40/><G66/><T67/><D113/><U106/><E106/><V29/><F75/><W28/><G28/><T41/><D70/><U39/><E39/><V111/><F44/><W8/><REACH who="3" step="1"/><G25/><REACH who="3" ten="250,96,327,317" step="2"/><T122/><D67/><U27/><E133/><V55/><F135/><W74/><G74/><T15/><D122/><U82/><E27/><N who="2" m="18623" /><F130/><W52/><G52/><T110/><D110/><N who="2" m="42026" /><F55/><W85/><G85/><T51/><D41/><U62/><E54/><V81/><F81/><W0/><G0/><T4/><D47/><U69/><E87/><V26/><F26/><W134/><G134/><T10/><D15/><U18/><E30/><V49/><F49/><W97/><G97/><T48/><D96/><U117/><E117/><V112/><F112/><W94/><G94/><T84/><D51/><U38/><E38/><V60/><F60/><W34/><G34/><T1/><D48/><U76/><E129/><V132/><F132/><W123/><G123/><T6/><D63/><N who="1" m="24075" /><E131/><V57/><F57/><W127/><G127/><T59/><D59/><U31/><E31/><V20/><F65/><W115/><G115/><T73/><D73/><U22/><E69/><V7/><F64/><W100/><G100/><T126/><D68/><U23/><E71/><V36/><F36/><W120/><G120/><T56/><D126/><U21/><E2/><V46/><F46/><W88/><AGARI ba="0,1" hai="8,13,16,40,42,43,45,50,53,83,86,88,124,125" machi="88" ten="30,12000,2" yaku="1,1,0,1,25,2,54,2,53,0" doraHai="35" doraHaiUra="32" who="3" fromWho="3" sc="250,-30,96,-30,327,-60,317,130" /><INIT seed="3,0,0,4,5,63" ten="220,66,267,447" oya="3" hai0="27,133,58,91,129,107,7,106,73,30,38,69,127" hai1="42,20,90,28,43,60,6,13,11,111,57,31,66" hai2="32,23,83,45,26,39,78,84,10,33,53,98,113" hai3="108,123,95,104,18,61,87,70,74,59,132,116,72"/><W81/><G104/><T76/><D127/><U2/><E111/><V103/><F113/><W117/><G123/><T14/><D129/><U24/><E31/><V125/><F125/><W47/><G70/><T71/><D133/><U79/><E79/><V75/><F10/><W109/><G132/><T35/><D38/><U37/><E37/><V120/><F120/><W52/><G18/><T3/><D14/><U49/><E90/><V65/><F75/><W88/><G47/><T22/><D22/><U19/><REACH who="1" step="1"/><E49/><REACH who="1" ten="220,56,267,447" step="2"/><V9/><F39/><W1/><G109/><T25/><D91/><U135/><E135/><V80/><F33/><AGARI ba="0,1" hai="2,6,11,13,19,20,24,28,33,42,43,57,60,66" machi="33" ten="30,8000,1" yaku="1,1,7,1,24,2,52,1,53,0" doraHai="63" doraHaiUra="40" who="1" fromWho="2" sc="220,0,56,90,267,-80,447,0" /><INIT seed="4,0,0,0,1,53" ten="220,146,187,447" oya="0" hai0="134,128,62,43,13,60,38,106,66,19,94,29,133" hai1="50,42,57,67,70,49,78,68,30,18,0,91,2" hai2="122,20,108,97,58,123,131,59,28,32,31,10,113" hai3="126,61,130,65,16,72,24,86,5,73,117,95,89"/><T1/><D106/><U100/><E30/><V114/><F32/><W77/><G117/><T54/><D1/><U93/><E100/><V120/><F97/><W125/><G5/><T17/><D128/><U39/><E78/><V101/><F101/><W85/><G130/><T76/><D29/><N who="2" m="11338" /><F131/><W64/><G64/><T81/><D94/><U118/><E118/><V121/><F20/><N who="3" m="13319" /><G77/><T105/><D105/><U116/><E116/><V129/><F129/><W92/><G85/><T3/><D3/><U96/><E18/><V47/><F108/><W63/><G95/><T45/><D54/><N who="1" m="31951" /><E50/><V35/><F10/><W90/><G89/><T87/><D19/><U75/><E75/><V56/><F35/><W51/><G51/><T37/><D37/><U110/><E110/><V7/><F7/><W25/><G73/><T8/><REACH who="0" step="1"/><D66/><REACH who="0" ten="210,146,187,447" step="2"/><U124/><E0/><V82/><F123/><W127/><G65/><T15/><D15/><U34/><E2/><V9/><F9/><W135/><G25/><T74/><D74/><U98/><E67/><V52/><F82/><W132/><G72/><T14/><D14/><U88/><E34/><V69/><F52/><W79/><G92/><T26/><D26/><U36/><E93/><V107/><F107/><W103/><G126/><T21/><D21/><U109/><E124/><V46/><F69/><W33/><G125/><T44/><D44/><AGARI ba="0,1" hai="44,46,47,56,58,59,113,114,120,121,122" m="11338" machi="44" ten="40,8000,1" yaku="28,2,52,3" doraHai="53" who="2" fromWho="0" sc="210,-80,146,0,187,90,447,0" /><INIT seed="5,0,0,4,4,34" ten="130,146,277,447" oya="1" hai0="26,25,70,92,48,60,59,99,89,63,127,36,77" hai1="122,17,85,51,126,6,105,20,125,79,31,23,75" hai2="5,128,54,113,90,40,35,41,111,132,69,118,44" hai3="4,120,78,124,95,98,16,56,123,68,67,102,66"/><U57/><E122/><V7/><F118/><W104/><G68/><T52/><D36/><U13/><E105/><V86/><F111/><W112/><G112/><T47/><D127/><N who="1" m="48651" /><E75/><V33/><F69/><W88/><G124/><T130/><D130/><U42/><E6/><V61/><F128/><W84/><G4/><T27/><D70/><U135/><E135/><V1/><F132/><W119/><G119/><T114/><D114/><U80/><E31/><V58/><F113/><W94/><G94/><T28/><D77/><U73/><E73/><V110/><F7/><W103/><G103/><T121/><D121/><U109/><E109/><V18/><F18/><W93/><G93/><T82/><D82/><U37/><E37/><V65/><F110/><W2/><G2/><T117/><D117/><U30/><E30/><V83/><F65/><W0/><G0/><T39/><D39/><U53/><E42/><V8/><REACH who="2" step="1"/><F41/><REACH who="2" ten="130,146,267,447" step="2"/><W115/><G66/><T133/><D133/><U19/><E17/><V38/><AGARI ba="0,1" hai="1,5,8,33,35,38,40,44,54,58,61,83,86,90" machi="38" ten="20,12000,2" yaku="1,1,2,1,0,1,7,1,52,1,53,1" doraHai="34" doraHaiUra="87" who="2" fromWho="2" sc="130,-30,146,-60,267,130,447,-30" /><INIT seed="6,0,0,3,0,32" ten="100,86,397,417" oya="2" hai0="81,128,3,125,110,39,135,90,101,108,28,126,65" hai1="94,119,25,12,69,75,127,7,133,48,21,89,35" hai2="54,85,111,78,87,134,76,11,105,117,97,71,16" hai3="62,100,60,22,70,132,116,67,129,109,59,19,83"/><V13/><F117/><W107/><G116/><T8/><D39/><U131/><E119/><V93/><F71/><W40/><G109/><T82/><D101/><U124/><E69/><V37/><F111/><N who="0" m="42538" /><D28/><U84/><E75/><V68/><F68/><W52/><G129/><T63/><D128/><U50/><E131/><V99/><F37/><W102/><G132/><T91/><D135/><U2/><E133/><V46/><F105/><W104/><G40/><T1/><D8/><N who="1" m="2167" /><E12/><V96/><F134/><W66/><G107/><T112/><D112/><U43/><E35/><V5/><F5/><W30/><G30/><T0/><D63/><U17/><E43/><V123/><F123/><W42/><G104/><T73/><D65/><U14/><E25/><V18/><F18/><W44/><G83/><N who="0" m="31755" /><D73/><U72/><E72/><V9/><F9/><W118/><G66/><T74/><D74/><U114/><E114/><V120/><F120/><W51/><REACH who="3" step="1"/><G118/><REACH who="3" ten="100,86,397,407" step="2"/><T103/><D103/><U15/><E14/><AGARI ba="0,1" hai="14,19,22,42,44,51,52,59,60,62,67,70,100,102" machi="14" ten="30,8000,1" yaku="1,1,2,1,7,1,54,1,53,1" doraHai="32" doraHaiUra="10" who="3" fromWho="1" sc="100,0,86,-80,397,0,407,90" /><INIT seed="7,0,0,1,3,36" ten="100,6,397,497" oya="3" hai0="129,7,110,119,69,109,25,49,47,22,127,37,122" hai1="30,59,23,43,128,63,61,62,83,42,90,134,84" hai2="55,18,87,19,38,0,1,45,50,79,33,15,4" hai3="105,44,81,24,118,60,34,123,78,52,46,10,120"/><W99/><G118/><T48/><D119/><U54/><E134/><V73/><F33/><W65/><G10/><T32/><D32/><U17/><E30/><V86/><F1/><W97/><G52/><T2/><D69/><U57/><E128/><V53/><F53/><W58/><G46/><T93/><D49/><U100/><E100/><V66/><F66/><W89/><G44/><T41/><D48/><U12/><E62/><V26/><F26/><W91/><G91/><T126/><D47/><U116/><E116/><V117/><F117/><W101/><G97/><T108/><D129/><U68/><E68/><V95/><F95/><W106/><G89/><T6/><D93/><U64/><AGARI ba="0,0" hai="12,17,23,42,43,54,57,59,61,63,64,83,84,90" machi="64" ten="20,8000,1" yaku="0,1,7,1,8,1,52,2" doraHai="36" who="1" fromWho="1" sc="100,-20,6,80,397,-20,497,-40" owari="80,-42.0,86,-31.0,377,18.0,457,55.0" /></mjloggm>