<mjloggm ver="2.3"><GO type="169" lobby="0"/><UN n0="%41%72%64%62%65%47" n1="%E3%81%A9%E3%82%93%E3%81%9F%E3%82%83%E3%82%93" n2="%E3%81%8F%E3%82%89%E3%81%92%E3%81%92" n3="%E3%81%BD%E3%81%A3%E3%81%91%E3%81%95%E3%82%93" dan="16,17,16,16" rate="2023.00,2210.28,2092.28,2111.29" sx="M,F,M,M"/><TAIKYOKU oya="0"/><INIT seed="0,0,0,3,2,38" ten="250,250,250,250" oya="0" hai0="9,74,61,52,118,13,93,103,19,2,80,92,44" hai1="47,59,62,87,51,111,75,123,128,56,4,35,114" hai2="81,100,11,15,22,78,127,30,126,107,7,63,88" hai3="121,122,3,8,14,37,115,10,97,1,84,69,72"/><T106/><D118/><U108/><E75/><V60/><F107/><W79/><G84/><T120/><D120/><U116/><E35/><V25/><F100/><W112/><G97/><T54/><D2/><U41/><E116/><V117/><F88/><W55/><G37/><T32/><D32/><U34/><E34/><V58/><F117/><W20/><G55/><T16/><D106/><U105/><E105/><V26/><F26/><W27/><G69/><T83/><D74/><U89/><E123/><V91/><F91/><W31/><G79/><T133/><D133/><U98/><E98/><V43/><F58/><W94/><G94/><N who="0" m="36459" /><D103/><U113/><E4/><V53/><F53/><W99/><G99/><T0/><D0/><U24/><E24/><V6/><F6/><W70/><G70/><T48/><D19/><U21/><E21/><V12/><F12/><W39/><G39/><T65/><D65/><N who="1" m="39111" /><E128/><V18/><F18/><W46/><G72/><T45/><D61/><U17/><E17/><V101/><F101/><W134/><G1/><T71/><D71/><U125/><E125/><V64/><F64/><W23/><G3/><T5/><D5/><U90/><E59/><V124/><F63/><W49/><G121/><T96/><D96/><U73/><E73/><N who="2" m="43215" /><F60/><W86/><G122/><T40/><D54/><U76/><E76/><V68/><F68/><W77/><G77/><T42/><D45/><U67/><E67/><V129/><F129/><W57/><G46/><T109/><D109/><N who="1" m="42059" /><E90/><V135/><F135/><W28/><G134/><T119/><D119/><U36/><E36/><RYUUKYOKU ba="0,0" sc="250,10,250,10,250,10,250,-30" hai0="9,13,16,40,42,44,48,52,80,83" hai1="41,47,51,87,89,113,114" hai2="7,11,15,22,25,30,43,124,126,127" /><INIT seed="0,1,0,0,4,0" ten="260,260,260,220" oya="0" hai0="101,63,102,81,107,49,97,33,118,70,21,104,15" hai1="109,8,82,30,37,123,108,78,83,20,111,2,69" hai2="124,127,29,112,125,66,7,6,133,122,34,115,130" hai3="86,116,38,50,39,12,103,31,60,36,91,65,93"/><T57/><D33/><U75/><E123/><V3/><F122/><W59/><G116/><T117/><D81/><N who="1" m="45279" /><E69/><V44/><F66/><W52/><G31/><T72/><D72/><U48/><E37/><V113/><F44/><W28/><G28/><T114/><D114/><U135/><E135/><V76/><F76/><W67/><G103/><T131/><D70/><U92/><E92/><V106/><F106/><W74/><G74/><T121/><D49/><U56/><E56/><V9/><F133/><W120/><G120/><T85/><D85/><U128/><E128/><V25/><REACH who="2" step="1"/><F7/><REACH who="2" ten="260,260,250,220" step="2"/><W84/><G67/><T53/><D121/><U13/><E109/><V27/><F27/><W68/><G12/><T119/><D131/><AGARI ba="1,1" hai="3,6,9,25,29,34,112,113,115,124,125,127,130,131" machi="131" ten="50,16000,3" yaku="1,1,18,1,23,2,34,3,52,1,53,0" doraHai="0" doraHaiUra="46" who="2" fromWho="0" sc="260,-163,260,0,250,173,220,0" /><INIT seed="1,0,0,3,3,103" ten="97,260,423,220" oya="1" hai0="91,82,6,2,130,118,101,81,133,55,124,104,34" hai1="47,123,22,5,51,72,37,4,84,135,26,122,94" hai2="10,44,41,18,109,60,31,14,106,54,98,38,93" hai3="119,111,15,30,25,66,132,125,65,129,79,49,108"/><U64/><E72/><V27/><F109/><W7/><G79/><T99/><D118/><U92/><E37/><V57/><F106/><W21/><G119/><T42/><D34/><U117/><E117/><V86/><F86/><W63/><G125/><T67/><D124/><U110/><E110/><N who="3" m="42026" /><G129/><T19/><D130/><U127/><E127/><V12/><F10/><N who="3" m="4575" /><G132/><T90/><D6/><U120/><E135/><V33/><F18/><W126/><G126/><T102/><D2/><U3/><E64/><V68/><F68/><W100/><G100/><AGARI ba="0,0" hai="12,14,27,31,33,38,41,44,54,57,60,93,98,100" machi="100" ten="30,1000,0" yaku="7,1" doraHai="103" who="2" fromWho="3" sc="97,0,260,0,423,10,220,-10" /><INIT seed="2,0,0,1,0,103" ten="97,260,433,210" oya="2" hai0="19,74,84,18,95,22,31,109,16,105,27,77,3" hai1="25,49,14,32,47,64,6,89,8,82,54,90,55" hai2="79,81,4,80,107,26,87,29,134,66,56,108,23" hai3="96,58,63,11,106,12,15,50,104,135,130,127,44"/><V21/><F134/><W101/><G135/><T48/><D3/><U117/><E117/><V20/><F108/><W131/><G127/><T100/><D109/><U7/><E7/><V33/><F4/><W62/><G104/><T126/><D126/><U123/><E123/><V129/><F129/><W113/><G113/><T38/><D38/><U125/><E125/><V116/><F116/><W85/><G85/><T67/><D67/><U76/><E64/><V60/><F81/><W120/><G120/><T41/><D41/><U83/><E83/><V115/><F107/><W24/><G24/><T92/><D74/><U13/><E13/><V65/><F65/><W39/><G39/><T118/><D118/><U0/><E0/><V59/><REACH who="2" step="1"/><F115/><REACH who="2" ten="97,260,423,210" step="2"/><W37/><G106/><T68/><D105/><U51/><E82/><V86/><F86/><W61/><G96/><T43/><D84/><U53/><E6/><V121/><F121/><W40/><G130/><T71/><D95/><U52/><E47/><V9/><F9/><W73/><G11/><T114/><D114/><U69/><E8/><V57/><AGARI ba="0,1" hai="20,21,23,26,29,33,56,57,59,60,66,79,80,87" machi="57" ten="30,3000,0" yaku="1,1,0,1,53,0" doraHai="103" doraHaiUra="94" who="2" fromWho="2" sc="97,-10,260,-10,423,40,210,-10" /><INIT seed="2,1,0,2,2,107" ten="87,250,463,200" oya="2" hai0="58,66,83,48,121,28,37,30,34,9,53,54,68" hai1="106,39,7,74,119,93,73,95,87,44,104,22,38" hai2="4,116,89,71,49,94,50,113,47,69,122,96,109" hai3="55,5,111,85,128,105,108,131,26,62,10,125,126"/><V97/><F113/><W77/><G62/><T52/><D121/><U8/><E22/><V120/><F4/><W103/><G55/><T78/><D37/><U129/><E129/><N who="3" m="49738" /><G105/><T64/><D30/><U124/><E7/><V99/><F109/><N who="3" m="42059" /><G103/><T1/><D1/><U65/><E65/><V46/><F116/><W102/><G102/><T45/><D9/><U13/><E8/><V29/><F29/><W51/><G51/><T72/><D68/><U127/><E87/><V40/><F122/><W70/><G77/><T35/><D54/><U112/><E13/><V3/><F3/><N who="3" m="319" /><G85/><T41/><D53/><U91/><E91/><V133/><F120/><W36/><G36/><T18/><D66/><U75/><E75/><V82/><F82/><W6/><G70/><T16/><D64/><U88/><E88/><V115/><F71/><W134/><G134/><T56/><D56/><U132/><E132/><V86/><F69/><W100/><G100/><T92/><D92/><U63/><E63/><V80/><F133/><W25/><G6/><T32/><REACH who="0" step="1"/><D28/><REACH who="0" ten="77,250,463,200" step="2"/><U19/><E95/><V123/><F123/><W59/><G59/><T117/><D117/><U43/><E93/><V90/><F99/><W21/><G21/><T79/><D79/><U110/><E119/><V2/><F97/><W135/><G135/><T23/><D23/><U17/><E110/><V0/><F2/><W118/><G118/><T114/><D114/><U15/><E112/><V101/><F115/><W14/><G14/><T31/><D31/><U61/><E15/><V67/><F0/><W42/><G42/><RYUUKYOKU ba="1,1" sc="77,15,250,-15,463,-15,200,15" hai0="16,18,32,34,35,41,45,48,52,58,72,78,83" hai3="25,26,125,126" /><INIT seed="3,2,1,2,2,122" ten="92,235,448,215" oya="3" hai0="14,22,84,65,24,76,47,78,16,111,52,104,132" hai1="120,102,15,94,53,81,2,33,126,112,20,35,70" hai2="74,79,37,27,41,82,68,113,32,108,12,72,0" hai3="50,103,127,11,56,115,101,36,13,85,42,99,96"/><W64/><G115/><T93/><D104/><U45/><E112/><V117/><F12/><W87/><G127/><T39/><D132/><U46/><E2/><V29/><F74/><W31/><G31/><T58/><D65/><U10/><E70/><V71/><F117/><W44/><G99/><T25/><D111/><U92/><E126/><V130/><F113/><W128/><G128/><T88/><D39/><U75/><E20/><V133/><F108/><W4/><G101/><T62/><D47/><U21/><E21/><V18/><F18/><W69/><G69/><T63/><D63/><U91/><E120/><V43/><F43/><W89/><G89/><T121/><D121/><U8/><E102/><V38/><F133/><W97/><G97/><T105/><D105/><U107/><E107/><V67/><F130/><W77/><G77/><AGARI ba="2,1" hai="14,16,22,24,25,52,58,62,76,77,78,84,88,93" machi="77" ten="40,8000,1" yaku="8,1,54,3" doraHai="122" who="0" fromWho="3" sc="92,96,235,0,448,0,215,-86" /><INIT seed="4,0,0,1,4,93" ten="188,235,448,129" oya="0" hai0="15,20,69,117,91,131,77,95,99,1,63,103,55" hai1="124,17,102,89,24,123,132,44,51,3,26,112,96" hai2="76,64,105,47,84,33,119,126,107,45,83,48,125" hai3="122,30,129,133,71,92,114,35,66,10,118,19,82"/><T67/><D1/><U130/><E123/><V54/><F33/><W34/><G118/><T14/><D117/><U87/><E130/><V5/><F119/><W28/><G129/><T43/><D131/><U61/><E132/><V38/><F64/><W97/><G133/><T134/><D134/><U52/><E3/><V68/><F68/><W116/><G116/><T115/><D77/><U72/><E72/><V23/><F5/><W98/><G122/><T109/><D115/><U50/><E112/><V56/><F23/><W16/><G92/><T94/><D109/><U113/><E113/><V100/><F100/><W101/><G114/><T31/><D55/><U59/><E124/><V111/><F111/><W62/><G82/><T78/><D43/><U40/><E51/><V27/><F27/><W6/><G101/><T88/><D78/><U36/><E36/><V11/><F11/><W8/><G62/><T0/><D0/><U37/><E37/><V7/><F7/><W90/><G6/><T25/><D103/><U53/><E40/><N who="2" m="22679" /><F56/><W9/><G9/><T85/><AGARI ba="0,0" hai="14,15,20,25,31,63,67,69,85,88,91,94,95,99" machi="85" ten="20,7800,0" yaku="0,1,7,1,52,1,54,1" doraHai="93" who="0" fromWho="0" sc="188,78,235,-26,448,-26,129,-26" /><INIT seed="4,1,0,2,0,45" ten="266,209,422,103" oya="0" hai0="8,53,12,19,113,97,130,131,58,24,122,135,85" hai1="93,89,76,117,52,78,63,92,100,124,61,16,22" hai2="54,73,59,70,101,112,83,110,0,125,4,116,79" hai3="7,55,103,43,98,10,68,26,120,20,109,72,1"/><T35/><D122/><U11/><E117/><V90/><F70/><W106/><G109/><T107/><D113/><U13/><E124/><V38/><F110/><W64/><G120/><T94/><D135/><U115/><E115/><V15/><F0/><W34/><G72/><T57/><D57/><N who="1" m="34983" /><E63/><V51/><F38/><W42/><G55/><T127/><D127/><U28/><E100/><V30/><F125/><W95/><G95/><N who="1" m="36426" /><E89/><V18/><F90/><W29/><REACH who="3" step="1"/><G20/><REACH who="3" ten="266,209,422,93" step="2"/><T50/><D107/><U32/><E32/><V134/><F73/><W84/><G84/><T56/><D85/><U49/><E22/><V23/><F23/><W82/><G82/><T132/><D132/><U99/><E99/><V27/><F83/><W2/><G2/><T111/><D111/><U104/><E104/><V69/><F54/><W5/><G5/><T128/><D94/><U75/><E75/><V66/><F4/><W108/><G108/><T46/><D97/><U77/><E28/><AGARI ba="1,1" hai="8,12,19,24,28,35,46,50,53,56,58,128,130,131" machi="28" ten="40,3900,0" yaku="19,1,52,1" doraHai="45" who="0" fromWho="1" sc="266,52,209,-42,422,0,93,0" /><INIT seed="4,2,0,2,3,48" ten="318,167,422,93" oya="0" hai0="97,88,39,1,100,87,127,12,32,84,135,89,61" hai1="73,70,7,63,128,31,3,82,76,74,13,129,101" hai2="123,42,66,15,62,47,43,64,23,108,90,122,24" hai3="4,44,93,125,109,96,36,119,98,106,9,37,65"/><T5/><D1/><U80/><E101/><V11/><F108/><W19/><G119/><T49/><D39/><U111/><E111/><V53/><F66/><W51/><G109/><T107/><D32/><U14/><E3/><V25/><F25/><W57/><G125/><T27/><D127/><U126/><E126/><V17/><F90/><W81/><G19/><T83/><D27/><U60/><E31/><V120/><F53/><W77/><G106/><T114/><D114/><U99/><E99/><V72/><F72/><W59/><G65/><T50/><D61/><U22/><E22/><V134/><F134/><W55/><G37/><T110/><D135/><U18/><E18/><V28/><REACH who="2" step="1"/><F47/><REACH who="2" ten="318,167,412,93" step="2"/><W46/><G46/><T105/><D110/><U69/><E76/><V6/><F6/><AGARI ba="2,1" hai="6,7,13,14,60,63,69,70,73,74,80,82,128,129" machi="6" ten="25,1600,0" yaku="22,2" doraHai="48" who="1" fromWho="2" sc="318,0,167,32,412,-22,93,0" /><INIT seed="5,0,0,5,1,3" ten="318,199,390,93" oya="1" hai0="14,32,106,62,13,93,78,66,21,46,115,24,50" hai1="96,60,20,102,2,72,67,118,26,41,82,52,34" hai2="33,111,39,57,48,121,65,134,129,83,7,56,75" hai3="58,30,51,40,59,132,127,87,95,11,131,84,133"/><U23/><E118/><V68/><F83/><W69/><G69/><T38/><D106/><N who="1" m="63815" /><E41/><V19/><F7/><W31/><G11/><T37/><D32/><U92/><E92/><V43/><F19/><W76/><G51/><T85/><D38/><U16/><E16/><V12/><F65/><W54/><G40/><T98/><D37/><U5/><E52/><V81/><F81/><W8/><G95/><T4/><D85/><U126/><E126/><V109/><F12/><W6/><G8/><T108/><D78/><N who="1" m="44359" /><E2/><V71/><F57/><W120/><G54/><T116/><D116/><U55/><E55/><V64/><F56/><W117/><G76/><T130/><D14/><U99/><E99/><V1/><F48/><W73/><G73/><T80/><D80/><U15/><E15/><V86/><F64/><W61/><G117/><T29/><D93/><U45/><E45/><V112/><F43/><W63/><G127/><T107/><D107/><U47/><E47/><V110/><F110/><W44/><G44/><T28/><D108/><U128/><E5/><V18/><F18/><W113/><G6/><T122/><D4/><U114/><E34/><V119/><F111/><W88/><G120/><T10/><D46/><U35/><E35/><V104/><F86/><W89/><G113/><T70/><D115/><U27/><E114/><V103/><F103/><W25/><G25/><N who="1" m="9226" /><E128/><AGARI ba="0,0" hai="30,31,58,59,61,63,84,87,88,89,128,131,132,133" machi="128" ten="25,3200,0" yaku="22,2,54,1" doraHai="3" who="3" fromWho="1" sc="318,0,199,-32,390,0,93,32" /><INIT seed="6,0,0,3,0,78" ten="318,167,390,125" oya="2" hai0="31,3,85,126,54,125,15,46,23,63,134,70,51" hai1="84,58,97,96,106,108,53,72,29,1,79,28,65" hai2="24,61,92,80,119,34,49,100,37,111,88,103,112" hai3="57,16,104,48,19,133,129,6,89,99,8,131,22"/><V0/><F112/><W60/><G133/><T105/><D3/><U107/><E1/><V7/><F37/><W124/><G124/><T82/><D105/><U36/><E36/><V130/><F119/><W20/><G48/><T75/><D75/><U83/><E108/><V33/><F130/><W71/><G71/><T102/><D102/><U10/><E65/><V50/><F34/><W120/><G120/><T40/><D134/><U90/><E10/><V121/><F50/><W101/><G89/><T117/><D117/><U30/><E106/><V26/><F26/><W47/><G47/><T73/><D73/><U132/><E132/><V42/><F61/><W18/><G22/><T52/><D31/><U67/><E67/><V95/><F7/><W77/><G77/><T32/><D32/><U14/><E14/><V66/><F66/><W27/><G57/><T59/><D70/><U41/><E41/><V81/><F103/><W118/><G60/><T122/><D122/><U127/><E127/><N who="0" m="48649" /><D23/><U12/><E12/><V74/><F0/><W94/><G104/><T93/><D15/><U86/><E107/><V35/><F74/><W91/><G101/><T44/><D93/><N who="1" m="54471" /><E72/><V9/><F35/><W45/><G118/><T43/><D44/><U25/><E25/><V76/><F24/><W2/><REACH who="3" step="1"/><G45/><REACH who="3" ten="318,167,390,115" step="2"/><T116/><D116/><U21/><E21/><V56/><F100/><W64/><G64/><T11/><D11/><U38/><E38/><V55/><F9/><W98/><G98/><T114/><D40/><U113/><E113/><V62/><F121/><W123/><G123/><RYUUKYOKU ba="0,1" sc="318,-15,167,15,390,-15,115,15" hai1="28,29,30,53,58,79,83,86,96,97" hai3="2,6,8,16,18,19,20,27,91,94,99,129,131" /><INIT seed="7,1,1,2,0,7" ten="303,182,375,130" oya="3" hai0="25,4,72,51,130,128,18,53,8,36,106,87,16" hai1="125,98,92,102,69,0,123,22,12,76,45,55,28" hai2="20,114,11,19,52,83,58,9,89,49,74,3,37" hai3="133,101,78,127,43,60,15,113,119,107,85,42,110"/><W10/><G119/><T40/><D72/><U56/><E123/><V79/><F3/><W32/><G32/><T80/><D106/><U96/><E69/><V91/><F37/><W2/><G2/><T59/><D40/><U31/><E0/><V67/><F114/><W120/><G120/><T108/><D108/><U73/><E125/><V23/><F23/><W134/><G113/><T82/><D82/><U115/><E115/><V71/><F71/><W26/><G26/><T112/><D36/><U86/><E73/><V54/><F67/><W30/><G30/><T81/><D81/><N who="1" m="47399" /><E45/><V122/><F122/><W13/><G127/><T65/><D65/><U105/><E105/><V44/><F91/><W135/><G110/><T27/><D112/><U24/><E12/><N who="3" m="4682" /><G10/><T5/><D5/><U38/><E38/><V46/><F89/><W66/><G85/><T70/><D70/><U34/><E34/><V75/><F74/><W61/><G78/><N who="0" m="46487" /><D27/><U39/><E39/><V126/><F126/><W109/><G109/><T116/><D116/><U35/><E35/><V121/><F121/><W118/><G118/><T94/><D25/><U1/><E1/><V17/><F79/><W47/><G66/><T63/><D94/><U48/><E98/><V124/><F75/><W41/><G47/><N who="0" m="27903" /><D4/><U129/><E129/><N who="0" m="49769" /><D8/><U93/><E92/><V99/><F11/><W57/><G57/><T29/><D29/><AGARI ba="1,1" hai="22,24,28,29,31,48,55,56,93,96,102" m="47399" machi="29" ten="30,1000,0" yaku="8,1" doraHai="7" who="1" fromWho="0" sc="303,-13,182,23,375,0,130,0" owari="290,9.0,205,-19.0,375,47.0,130,-37.0" /></mjloggm>