<mjloggm ver="2.3"><GO type="169" lobby="0"/><UN n0="%E9%87%8E%E3%80%85%E5%AE%AE%E8%97%8D" n1="%E3%81%A1%E3%82%87%E3%82%8A%E3%81%8A" n2="%E9%9B%B7%E8%94%B5" n3="%E3%81%86%E3%81%AA%E3%81%8E%E9%BA%BA" dan="17,16,16,16" rate="2192.28,2070.09,2077.79,2054.73" sx="F,M,M,M"/><TAIKYOKU oya="0"/><INIT seed="0,0,0,0,4,11" ten="250,250,250,250" oya="0" hai0="17,90,33,36,87,81,34,2,110,67,105,84,98" hai1="91,24,27,121,45,37,49,75,60,23,30,15,82" hai2="35,14,22,103,39,46,8,64,5,78,135,88,57" hai3="61,12,95,20,114,104,101,85,80,56,4,16,47"/><T123/><D123/><U29/><E121/><V63/><F35/><W115/><G104/><T94/><D36/><U41/><E60/><V59/><F135/><W89/><G4/><T117/><D117/><U72/><E37/><V55/><F78/><W70/><G70/><T73/><D2/><U132/><E132/><V111/><F111/><W86/><G47/><T126/><D110/><U25/><E75/><V93/><F103/><W6/><G6/><T130/><D67/><U1/><E1/><V9/><F9/><W83/><G83/><T107/><D126/><U18/><E72/><V21/><F39/><W69/><G69/><T102/><D107/><U96/><REACH who="1" step="1"/><E96/><REACH who="1" ten="250,240,250,250" step="2"/><N who="2" m="57383" /><F46/><W76/><REACH who="3" step="1"/><G101/><REACH who="3" ten="250,240,250,240" step="2"/><T10/><D130/><U66/><E66/><AGARI ba="0,2" hai="12,16,20,56,61,66,76,80,85,86,89,95,114,115" machi="66" ten="30,8000,1" yaku="1,1,2,1,7,1,52,1,54,1,53,0" doraHai="11" doraHaiUra="3" who="3" fromWho="1" sc="250,0,240,-80,250,0,240,100" /><INIT seed="1,0,0,1,4,84" ten="250,160,250,340" oya="1" hai0="79,122,89,13,49,69,83,112,54,26,101,63,14" hai1="8,85,98,7,36,111,81,31,109,75,129,21,133" hai2="105,130,51,119,70,29,77,90,74,62,40,86,126" hai3="44,76,0,57,18,124,118,116,12,33,6,15,106"/><U73/><E36/><V78/><F119/><N who="3" m="45611" /><G106/><T32/><D112/><U16/><E31/><V47/><F130/><W2/><G76/><T100/><D122/><U134/><E98/><V10/><F126/><W120/><G57/><T59/><D89/><N who="1" m="51375" /><E129/><V39/><F105/><W25/><G44/><T82/><D82/><U132/><E8/><V114/><F114/><W128/><G128/><T71/><D32/><U108/><E7/><V102/><F102/><W56/><G56/><T127/><D101/><U115/><E115/><V91/><F74/><W1/><G120/><T55/><D100/><U9/><E9/><V53/><F29/><N who="3" m="19631" /><G124/><T41/><D127/><U11/><E11/><V68/><F10/><N who="3" m="2375" /><G12/><AGARI ba="0,0" hai="12,16,21,73,75,108,109,111,132,133,134" m="51375" machi="12" ten="40,12000,1" yaku="14,1,10,1,20,1,52,1,54,1" doraHai="84" who="1" fromWho="3" sc="250,0,160,120,250,0,340,-120" /><INIT seed="1,1,0,0,3,34" ten="250,280,250,220" oya="1" hai0="26,89,55,66,87,121,122,93,18,70,42,99,58" hai1="72,119,45,49,106,120,116,37,110,81,123,131,4" hai2="19,39,9,135,54,114,30,98,48,25,21,84,7" hai3="22,91,67,117,109,56,27,50,111,79,80,94,33"/><U102/><E49/><V90/><F135/><W44/><G33/><T15/><D42/><U29/><E29/><V38/><F114/><W125/><G125/><T11/><D70/><U74/><E4/><V14/><F98/><W82/><G117/><N who="1" m="45130" /><E45/><V132/><F132/><W16/><G67/><T51/><D66/><U2/><E2/><V118/><F118/><W103/><G103/><T69/><D69/><U24/><E24/><V68/><F68/><W115/><G56/><T64/><D64/><U129/><E37/><V113/><F113/><W101/><G101/><T76/><D26/><U8/><E8/><V36/><F84/><N who="3" m="52583" /><G79/><T96/><REACH who="0" step="1"/><D76/><REACH who="0" ten="240,280,250,220" step="2"/><N who="1" m="44167" /><E74/><V71/><F71/><W6/><G115/><T105/><D105/><U92/><E106/><V28/><REACH who="2" step="1"/><F90/><REACH who="2" ten="240,280,240,220" step="2"/><W128/><G111/><T1/><D1/><U53/><E110/><V130/><F130/><N who="1" m="49673" /><E53/><V60/><F60/><W83/><G128/><T52/><D52/><U126/><E126/><V85/><F85/><W31/><G109/><T95/><D95/><U41/><E41/><V12/><F12/><W59/><G27/><T13/><D13/><U0/><E0/><V57/><AGARI ba="1,2" hai="7,9,14,19,21,25,28,30,36,38,39,48,54,57" machi="57" ten="30,2000,0" yaku="1,1,0,1,53,0" doraHai="34" doraHaiUra="107" who="2" fromWho="2" sc="240,-6,280,-11,240,43,220,-6" /><INIT seed="2,0,0,0,4,68" ten="234,269,283,214" oya="2" hai0="69,33,55,130,3,66,71,26,9,97,49,29,102" hai1="6,121,64,59,31,128,40,78,5,28,74,17,44" hai2="60,127,39,83,36,111,35,45,92,67,53,120,131" hai3="54,86,30,103,38,65,107,32,94,50,91,73,27"/><V41/><F35/><W133/><G133/><T42/><D130/><U76/><E128/><V4/><F120/><W81/><G65/><T100/><D42/><U56/><E121/><V43/><F131/><W70/><G70/><T114/><D114/><U132/><E132/><V80/><F127/><W95/><G38/><T99/><D9/><U117/><E117/><V7/><F111/><W96/><REACH who="3" step="1"/><G73/><REACH who="3" ten="234,269,283,204" step="2"/><T115/><D66/><U129/><E64/><V126/><F67/><W79/><G79/><T12/><D71/><U47/><E74/><V22/><F126/><W23/><G23/><T110/><D69/><U58/><E129/><V10/><F22/><W105/><G105/><T52/><D110/><U88/><E76/><V8/><F8/><W48/><G48/><T104/><D115/><U15/><E78/><V98/><F60/><W84/><G84/><T25/><D49/><U19/><E40/><V87/><F87/><W46/><AGARI ba="0,1" hai="27,30,32,46,50,54,81,86,91,94,95,96,103,107" machi="46" ten="20,2700,0" yaku="1,1,0,1,7,1,53,0" doraHai="68" doraHaiUra="61" who="3" fromWho="3" sc="234,-7,269,-7,283,-13,204,37" /><INIT seed="3,0,0,3,1,18" ten="227,262,270,241" oya="3" hai0="69,106,65,29,80,60,57,87,32,51,130,98,96" hai1="7,44,1,6,41,62,132,73,4,5,90,53,100" hai2="101,117,0,42,2,129,45,94,107,67,12,99,52" hai3="64,105,133,49,75,22,104,56,82,121,84,76,8"/><W11/><G121/><T108/><D108/><U68/><E73/><V15/><F117/><W50/><G133/><T113/><D130/><U46/><E132/><V23/><F129/><W116/><G116/><T102/><D96/><U77/><E77/><V27/><F67/><W131/><G131/><T16/><D113/><U30/><E100/><V25/><F42/><W135/><G135/><T17/><D51/><U97/><E30/><V78/><F78/><W48/><G75/><T91/><D57/><N who="1" m="35119" /><E7/><V14/><F27/><AGARI ba="0,0" hai="16,17,27,29,32,60,65,69,80,87,91,98,102,106" machi="27" ten="40,5200,0" yaku="25,2,54,1" doraHai="18" who="0" fromWho="2" sc="227,52,262,0,270,-52,241,0" /><INIT seed="4,0,0,2,0,119" ten="279,262,218,241" oya="0" hai0="98,22,44,4,108,26,99,117,23,62,74,125,103" hai1="37,107,82,91,59,86,67,5,38,85,75,7,64" hai2="124,60,27,66,127,6,52,56,97,12,21,70,69" hai3="123,32,33,94,115,53,132,14,122,25,87,54,10"/><T106/><D117/><U51/><E107/><V50/><F70/><W39/><G39/><T128/><D74/><U130/><E75/><V84/><F97/><W135/><G115/><T11/><D125/><U30/><E30/><V61/><F61/><W20/><G54/><T111/><D128/><U36/><E130/><V9/><REACH who="2" step="1"/><F84/><REACH who="2" ten="279,262,208,241" step="2"/><W104/><G87/><T15/><D62/><U121/><E85/><V76/><F76/><W43/><G104/><T110/><D98/><U42/><E82/><V35/><F35/><N who="3" m="13387" /><G43/><T77/><D77/><U65/><E86/><V45/><F45/><W78/><G78/><T41/><REACH who="0" step="1"/><D26/><REACH who="0" ten="269,262,208,241" step="2"/><U0/><E91/><V83/><F83/><W55/><G94/><T28/><D28/><AGARI ba="0,2" hai="6,9,12,21,27,28,50,52,56,60,66,69,124,127" machi="28" ten="40,2600,0" yaku="1,1,54,1,53,0" doraHai="119" doraHaiUra="13" who="2" fromWho="0" sc="269,-26,262,0,208,46,241,0" /><INIT seed="5,0,0,4,5,28" ten="243,262,254,241" oya="1" hai0="44,59,35,48,129,93,109,62,101,96,113,3,19" hai1="22,105,24,97,40,91,61,23,116,29,57,87,25" hai2="76,42,79,123,81,71,30,134,26,49,112,94,102" hai3="78,37,110,117,100,75,92,39,98,125,107,67,1"/><U103/><E40/><V52/><F123/><W108/><G67/><T15/><D109/><U6/><E116/><V13/><F71/><W33/><G92/><T46/><D3/><U73/><E6/><V63/><F134/><W84/><G84/><T2/><D2/><U115/><E73/><V72/><F112/><W10/><G117/><T54/><D129/><U135/><E115/><V88/><F79/><W34/><G125/><T27/><D113/><U32/><E25/><V18/><F102/><W70/><G70/><T124/><D124/><U99/><E97/><V53/><F42/><W4/><G110/><T95/><D95/><U133/><E133/><V5/><F5/><W7/><G7/><T47/><D27/><U104/><E104/><V130/><F63/><W9/><G10/><N who="0" m="6647" /><D35/><N who="3" m="13321" /><G108/><T120/><D120/><U82/><E135/><V56/><F53/><AGARI ba="0,0" hai="44,46,47,48,53,54,59,62,93,96,101" m="6647" machi="53" ten="30,1000,0" yaku="8,1" doraHai="28" who="0" fromWho="2" sc="243,10,262,0,254,-10,241,0" /><AGARI ba="0,0" hai="22,23,24,29,32,53,57,61,82,87,91,99,103,105" machi="53" ten="30,2900,0" yaku="7,1,52,1" doraHai="28" who="1" fromWho="2" sc="253,0,262,29,244,-29,241,0" /><INIT seed="5,1,0,5,2,93" ten="253,291,215,241" oya="1" hai0="78,74,131,26,30,95,104,0,97,120,109,89,66" hai1="90,58,77,7,121,133,86,36,84,29,135,27,70" hai2="76,44,62,113,129,134,57,132,34,52,53,125,9" hai3="65,101,98,45,15,105,40,41,91,21,88,32,19"/><U81/><E70/><V75/><F34/><W128/><G128/><T1/><D109/><U63/><E36/><V48/><F75/><W18/><G32/><T72/><D131/><U130/><E130/><V127/><F129/><W51/><G65/><T100/><D66/><U79/><E7/><V6/><F76/><W8/><REACH who="3" step="1"/><G41/><REACH who="3" ten="253,291,215,231" step="2"/><T123/><D123/><U102/><E121/><V56/><F113/><W13/><AGARI ba="1,1" hai="8,13,15,18,19,21,40,45,51,88,91,98,101,105" machi="13" ten="20,12000,2" yaku="1,1,2,1,0,1,7,1,52,1,54,1,53,0" doraHai="93" doraHaiUra="111" who="3" fromWho="3" sc="253,-31,291,-61,215,-31,231,133" /><INIT seed="6,0,0,3,4,73" ten="222,230,184,364" oya="2" hai0="122,117,57,129,50,26,71,103,100,3,75,118,17" hai1="2,28,63,0,61,112,123,79,6,106,72,91,105" hai2="64,132,125,62,24,86,124,48,76,66,83,35,56" hai3="95,21,104,121,115,82,80,96,134,65,53,15,97"/><V131/><F131/><W77/><G121/><T1/><D71/><U36/><E36/><V8/><F132/><W51/><G65/><T4/><D122/><U32/><E123/><V30/><F66/><W54/><G134/><T111/><D111/><U7/><E28/><V90/><F8/><W13/><G82/><T11/><D1/><U58/><E32/><V84/><REACH who="2" step="1"/><F48/><REACH who="2" ten="222,230,174,364" step="2"/><W74/><G51/><T18/><D129/><U42/><E63/><V85/><F85/><W102/><G74/><T126/><D75/><U67/><E72/><V49/><F49/><W39/><G39/><T59/><D50/><U109/><E42/><V94/><AGARI ba="0,1" hai="24,30,35,56,62,64,76,83,84,86,90,94,124,125" machi="94" ten="30,6000,0" yaku="1,1,0,1,52,1,53,0" doraHai="73" doraHaiUra="14" who="2" fromWho="2" sc="222,-20,230,-20,174,70,364,-20" /><INIT seed="6,1,0,3,3,85" ten="202,210,244,344" oya="2" hai0="113,108,41,132,19,32,122,72,106,88,92,0,131" hai1="20,24,103,91,6,125,67,51,70,15,64,105,46" hai2="109,13,104,9,117,124,18,37,101,58,10,3,68" hai3="87,54,22,48,119,62,2,52,5,76,23,21,89"/><V77/><F68/><W34/><G34/><T120/><RYUUKYOKU type="yao9" ba="1,0" sc="202,0,210,0,244,0,344,0" hai0="0,19,32,41,72,88,92,106,108,113,120,122,131,132" /><INIT seed="6,2,0,5,2,36" ten="202,210,244,344" oya="2" hai0="68,120,21,122,71,12,24,111,135,110,95,28,97" hai1="87,58,127,82,83,133,18,77,8,26,4,72,79" hai2="92,39,126,94,59,29,121,91,74,65,7,103,49" hai3="30,48,0,125,130,13,132,116,61,106,89,38,3"/><V75/><F121/><W67/><G38/><T70/><D135/><U52/><E133/><V93/><F126/><W34/><G106/><T76/><D76/><U16/><E26/><V17/><F39/><W80/><G13/><T37/><D37/><U5/><E127/><V102/><F29/><W55/><G125/><T63/><D12/><U131/><E131/><V78/><F7/><W66/><G66/><T22/><D22/><U20/><E20/><V62/><F17/><W1/><G89/><T129/><D129/><U117/><E117/><V31/><F31/><W114/><G80/><T11/><D11/><U50/><REACH who="1" step="1"/><E5/><REACH who="1" ten="202,200,244,344" step="2"/><V100/><F78/><W53/><G116/><T98/><D122/><U85/><E85/><V88/><REACH who="2" step="1"/><F49/><REACH who="2" ten="202,200,234,344" step="2"/><W32/><G130/><T10/><D120/><U45/><E45/><V112/><F112/><W6/><G48/><T19/><D28/><U43/><E43/><V104/><F104/><W42/><G42/><T134/><D134/><U81/><E81/><V57/><F57/><W35/><G114/><T27/><D71/><U51/><E51/><V47/><F47/><W64/><G132/><T69/><D69/><U54/><E54/><V124/><F124/><W90/><G55/><T108/><D70/><U73/><E73/><AGARI ba="2,2" hai="59,62,65,73,74,75,88,91,92,93,94,100,102,103" machi="73" ten="50,12000,1" yaku="1,1,54,1,53,3" doraHai="36" doraHaiUra="105" who="2" fromWho="1" sc="202,0,200,-126,234,146,344,0" /><INIT seed="6,3,0,2,5,121" ten="202,74,380,344" oya="2" hai0="73,12,92,99,4,64,74,47,126,54,134,62,58" hai1="131,51,129,39,123,133,107,25,112,16,13,23,69" hai2="9,37,105,10,59,89,103,42,132,85,34,33,91" hai3="100,18,17,125,7,67,48,41,44,0,106,82,110"/><V52/><F132/><W66/><G110/><T32/><D32/><U83/><E39/><V26/><F105/><W27/><G0/><T96/><D134/><U43/><E107/><V1/><F103/><W30/><G7/><T63/><D126/><U109/><E69/><V102/><F102/><W5/><G5/><T35/><D35/><U90/><E133/><V122/><F122/><W119/><G119/><T111/><D111/><U70/><E70/><V24/><F1/><W31/><G31/><T124/><D124/><U36/><E36/><V81/><F33/><W116/><G116/><T97/><D92/><U77/><E90/><V86/><F34/><W29/><G29/><T104/><D104/><U46/><E123/><V40/><F37/><W75/><G18/><T22/><D47/><U130/><E112/><V113/><F113/><W38/><G48/><T95/><D95/><U61/><E61/><V57/><F81/><W11/><G30/><T49/><D63/><U101/><E101/><V15/><F15/><W94/><G94/><T53/><D4/><U114/><E114/><V93/><F93/><W65/><G125/><T20/><D12/><U135/><E135/><V55/><AGARI ba="3,0" hai="9,10,24,26,40,42,52,55,57,59,85,86,89,91" machi="55" ten="25,12000,1" yaku="0,1,22,2,8,1,54,1" doraHai="121" who="2" fromWho="2" sc="202,-43,74,-43,380,129,344,-43" /><INIT seed="6,4,0,3,2,0" ten="159,31,509,301" oya="2" hai0="17,124,69,10,9,24,111,25,45,84,60,16,8" hai1="117,71,7,120,4,21,28,118,119,123,11,98,32" hai2="59,130,62,115,31,88,57,65,58,114,135,91,22" hai3="54,70,49,127,99,100,51,66,47,106,56,52,6"/><V126/><F126/><W79/><G127/><T93/><D124/><U129/><E71/><V95/><F135/><W109/><G109/><T50/><D111/><U134/><E98/><V96/><F130/><W67/><G79/><T85/><D60/><U27/><E134/><V19/><F91/><W18/><G70/><T72/><D72/><U64/><E64/><V68/><REACH who="2" step="1"/><F31/><REACH who="2" ten="159,31,499,301" step="2"/><W33/><G33/><T12/><D17/><U122/><E129/><V40/><F40/><W23/><REACH who="3" step="1"/><G6/><REACH who="3" ten="159,31,499,291" step="2"/><N who="1" m="2090" /><E11/><V38/><F38/><W2/><G2/><T132/><D132/><U42/><E42/><V37/><F37/><W90/><G90/><N who="0" m="53447" /><D8/><U77/><E77/><V15/><AGARI ba="4,2" hai="15,19,22,57,58,59,62,65,68,88,95,96,114,115" machi="15" ten="30,6000,0" yaku="1,1,0,1,54,1,53,0" doraHai="0" doraHaiUra="3" who="2" fromWho="2" sc="159,-24,31,-24,499,92,291,-24" /><INIT seed="6,5,0,3,1,58" ten="135,7,591,267" oya="2" hai0="120,50,109,124,46,99,9,77,32,85,16,18,100" hai1="97,0,110,62,83,24,90,114,15,71,134,111,91" hai2="82,39,76,113,21,129,130,25,52,23,55,95,17" hai3="127,44,135,70,31,30,33,118,107,112,103,26,92"/><V96/><F39/><W79/><G92/><N who="0" m="58471" /><D32/><U13/><E0/><V11/><F11/><W27/><G118/><T22/><D109/><U73/><E24/><V6/><F6/><W66/><G127/><T12/><D124/><U68/><E73/><N who="2" m="43279" /><F21/><W72/><G44/><T19/><D120/><U125/><E125/><V128/><F113/><W38/><G112/><T29/><D77/><U104/><E114/><V122/><F122/><W49/><G49/><T101/><D101/><U2/><E2/><V115/><F115/><W51/><G51/><T41/><D85/><U94/><E104/><V4/><F4/><W119/><G119/><T14/><D14/><U131/><E97/><V98/><F98/><W86/><G86/><T69/><D69/><U47/><E47/><V121/><F121/><W8/><G8/><T36/><D36/><U67/><E67/><V75/><F75/><W65/><G38/><T117/><D117/><U34/><E34/><V74/><F74/><W35/><G70/><T28/><D22/><U87/><E87/><V57/><F57/><W42/><G35/><T80/><D9/><U63/><E94/><V54/><F54/><W78/><G107/><T5/><D80/><U45/><E45/><V56/><F56/><W93/><G72/><T132/><D12/><U61/><E61/><V43/><F43/><W20/><G42/><T106/><D106/><U133/><E83/><V123/><F123/><W60/><G33/><T108/><D46/><U64/><E64/><V81/><F81/><W84/><G66/><T10/><D41/><U37/><E37/><RYUUKYOKU ba="5,0" sc="135,-15,7,15,591,15,267,-15" hai1="13,15,62,63,68,71,90,91,110,111,131,133,134" hai2="17,23,25,52,55,95,96,128,129,130" /><INIT seed="6,6,0,0,2,54" ten="120,22,606,252" oya="2" hai0="86,123,110,115,25,31,48,108,53,121,68,77,124" hai1="105,34,111,113,45,81,116,131,11,65,49,61,97" hai2="117,74,43,106,79,40,64,39,112,78,9,32,103" hai3="4,51,27,57,15,44,1,19,35,24,62,33,30"/><V91/><F9/><W92/><G1/><T26/><D68/><U6/><E116/><V52/><F91/><W59/><G4/><T41/><D41/><U16/><E34/><V21/><F21/><W73/><G73/><T58/><D115/><U114/><E111/><V125/><F64/><W93/><G27/><T84/><D124/><U76/><E105/><V13/><F13/><W90/><G35/><T100/><D100/><U42/><E97/><V72/><F79/><W18/><G62/><T55/><D77/><U128/><E76/><V119/><F78/><W94/><G90/><T104/><D104/><U98/><E98/><V63/><F63/><W10/><REACH who="3" step="1"/><G19/><REACH who="3" ten="120,22,606,242" step="2"/><T70/><D25/><U101/><E101/><V122/><F32/><W135/><G135/><T132/><D132/><U36/><E81/><V88/><F88/><W67/><G67/><T3/><D3/><U37/><E16/><V66/><F103/><W71/><G71/><T0/><D70/><N who="1" m="42287" /><E6/><V85/><F106/><W28/><G28/><T130/><D0/><U102/><E102/><V12/><F74/><W83/><G83/><T7/><D7/><U8/><E8/><V56/><F72/><W129/><G129/><N who="1" m="49738" /><E11/><V109/><F117/><W87/><G87/><N who="0" m="33323" /><D130/><U133/><E133/><V127/><F85/><W14/><G14/><T38/><D110/><U89/><E89/><V5/><F12/><W23/><G23/><N who="0" m="15839" /><D108/><U29/><E29/><V107/><F109/><W47/><G47/><N who="0" m="27807" /><D123/><U95/><E95/><V134/><F122/><W20/><G20/><T2/><D121/><U75/><E75/><RYUUKYOKU ba="6,1" sc="120,-15,22,15,606,-15,242,15" hai1="36,37,42,45,49,113,114" hai3="10,15,18,24,30,33,44,51,57,59,92,93,94" /><INIT seed="7,7,1,4,2,115" ten="105,37,591,257" oya="3" hai0="7,100,86,99,92,131,71,4,95,10,47,54,23" hai1="11,121,59,101,41,69,53,44,72,77,33,119,18" hai2="85,0,29,26,84,128,46,28,22,15,90,93,31" hai3="24,20,68,118,116,127,35,75,125,108,107,5,88"/><W12/><G88/><N who="0" m="53271" /><D71/><U124/><E121/><V25/><F0/><W21/><G68/><T30/><D131/><U62/><E33/><V97/><F128/><W134/><G107/><T80/><D80/><U34/><E34/><V67/><F67/><W120/><G75/><T60/><D10/><U81/><E101/><V79/><F46/><W17/><G120/><T9/><D9/><U78/><E78/><V13/><F79/><W114/><G114/><T132/><D132/><U123/><E123/><V27/><F22/><W48/><G48/><N who="0" m="28959" /><D60/><U56/><E69/><V8/><F13/><W16/><G134/><T87/><D87/><U133/><E133/><V64/><F64/><W19/><G108/><T130/><D130/><U74/><E59/><V104/><F104/><W83/><G83/><T110/><D110/><U58/><E58/><V70/><F70/><W112/><G112/><T6/><D23/><U40/><E40/><V76/><F31/><AGARI ba="7,1" hai="4,6,7,30,31,95,99,100" m="28959,53271" machi="31" ten="30,2000,0" yaku="8,1,54,1" doraHai="115" who="0" fromWho="2" sc="105,51,37,0,591,-41,257,0" owari="156,-24.0,37,-46.0,550,64.0,257,6.0" /></mjloggm>