<mjloggm ver="2.3"><GO type="169" lobby="0"/><UN n0="%E3%83%9E%E3%83%AB%E3%83%9E%E3%83%AB%E3%81%A1%E3%82%83%E3%82%93" n1="%2D%6B%65%6C%2E" n2="%79%6F%75%61%6C%70%68%61" n3="%E3%82%B1%E3%83%AB%E3%83%B4%E3%82%A3%E3%83%B3" dan="16,16,17,16" rate="2106.51,2128.42,2154.04,2113.70" sx="M,M,M,M"/><TAIKYOKU oya="0"/><INIT seed="0,0,0,4,3,113" ten="250,250,250,250" oya="0" hai0="63,19,123,75,114,72,26,41,93,65,86,95,87" hai1="74,47,131,79,49,37,29,23,36,81,22,21,112" hai2="53,85,108,16,103,50,89,1,90,127,132,6,28" hai3="24,100,94,98,76,66,38,3,104,110,20,78,46"/><T124/><D114/><U106/><E131/><V115/><F115/><W0/><G110/><T54/><D123/><U97/><E112/><V32/><F108/><W25/><G25/><T31/><D124/><U34/><E34/><V39/><F39/><W122/><G122/><T30/><D54/><U62/><E62/><V133/><F127/><W57/><G104/><T8/><D41/><U13/><E13/><V55/><F103/><W135/><G135/><N who="2" m="51785" /><F6/><W2/><G46/><T71/><D19/><U4/><E4/><V35/><F1/><W67/><G38/><T69/><D8/><U111/><E111/><V48/><F28/><W126/><G126/><T125/><D125/><U43/><REACH who="1" step="1"/><E29/><REACH who="1" ten="250,240,250,250" step="2"/><V80/><F32/><W99/><G67/><T44/><D63/><U84/><E84/><V101/><F35/><W5/><G5/><T60/><D60/><U17/><E17/><V121/><F16/><W15/><G15/><T107/><D65/><U7/><E7/><V56/><F121/><W82/><G3/><T117/><D26/><U11/><E11/><V9/><F9/><W64/><G2/><T88/><D31/><U105/><E105/><V61/><F61/><N who="3" m="37935" /><G0/><T120/><D30/><U73/><E73/><V96/><F85/><N who="3" m="48327" /><G66/><T92/><D107/><U51/><E51/><V12/><F12/><W45/><G24/><T119/><D120/><U83/><E83/><V33/><F33/><W10/><G10/><T52/><D95/><U109/><E109/><V118/><F80/><W40/><G94/><T68/><D93/><U42/><E42/><V14/><F14/><RYUUKYOKU ba="0,1" sc="250,-10,240,30,250,-10,250,-10" hai1="21,22,23,36,37,43,47,49,74,79,81,97,106" /><INIT seed="1,1,1,5,1,16" ten="240,270,240,240" oya="1" hai0="108,111,99,134,55,36,49,44,132,48,72,13,92" hai1="89,113,10,45,87,74,21,3,83,76,88,101,5" hai2="8,27,97,75,125,4,42,98,6,58,61,35,32" hai3="126,78,79,57,67,56,39,22,96,40,20,50,118"/><U19/><E113/><V53/><F75/><W62/><G126/><T33/><D33/><U59/><E101/><V11/><F125/><W23/><G118/><T71/><D72/><U2/><E2/><V94/><F42/><W30/><G39/><T26/><D36/><U51/><E59/><V116/><F116/><W24/><G96/><T81/><D81/><U103/><E103/><V80/><F80/><W127/><G127/><T115/><D71/><U64/><E64/><V28/><F32/><W90/><G90/><T60/><D115/><U100/><E100/><V34/><F34/><W1/><G1/><T109/><D13/><U128/><E128/><V123/><F123/><W133/><G133/><N who="0" m="51307" /><D26/><U66/><E66/><V129/><F129/><W119/><G119/><T18/><D18/><U106/><E106/><V110/><F110/><W93/><G93/><T95/><D60/><U54/><REACH who="1" step="1"/><E74/><REACH who="1" ten="240,260,240,240" step="2"/><V68/><F68/><W69/><G69/><T121/><D121/><U31/><E31/><V15/><F94/><N who="0" m="35882" /><D99/><U65/><E65/><V9/><F98/><W12/><G12/><AGARI ba="1,2" hai="3,5,10,12,19,21,45,51,54,76,83,87,88,89" machi="12" ten="30,11600,0" yaku="1,1,7,1,52,1,54,1,53,0" doraHai="16" doraHaiUra="105" who="1" fromWho="3" sc="240,0,260,139,240,0,240,-119" /><INIT seed="1,2,0,4,0,0" ten="240,399,240,121" oya="1" hai0="90,132,43,95,14,18,28,129,83,97,65,105,80" hai1="70,25,23,117,7,79,60,69,32,82,127,123,106" hai2="22,15,10,89,19,9,68,37,98,56,71,74,87" hai3="31,26,114,54,47,121,116,3,91,12,78,27,48"/><U61/><E117/><V34/><F37/><W107/><G116/><T122/><D132/><U59/><E123/><V41/><F74/><W110/><G121/><T45/><D122/><U49/><E106/><V131/><F131/><W44/><G3/><T42/><D129/><U94/><E32/><V16/><F34/><W124/><G107/><T73/><D105/><U38/><E38/><V111/><F111/><W92/><G114/><T46/><D65/><U86/><E127/><V102/><F41/><W93/><G124/><T77/><D28/><U58/><E49/><V5/><F56/><W103/><G110/><T30/><D30/><U99/><E70/><V104/><F10/><W72/><G72/><T134/><D134/><U11/><E69/><V24/><REACH who="2" step="1"/><F19/><REACH who="2" ten="240,399,230,121" step="2"/><W13/><G47/><T135/><D135/><U36/><E36/><V57/><F57/><W53/><G53/><T66/><D66/><U51/><E59/><V6/><F6/><W39/><G39/><T50/><D73/><U76/><E51/><V126/><F126/><W2/><G31/><T128/><D128/><U33/><E33/><V88/><F88/><W63/><G63/><T109/><D109/><U17/><E58/><V96/><F96/><W84/><G78/><T29/><D77/><U101/><REACH who="1" step="1"/><E79/><REACH who="1" ten="240,389,230,121" step="2"/><V125/><F125/><W75/><G48/><N who="0" m="26679" /><D29/><U115/><E115/><V64/><F64/><W112/><G112/><T81/><D18/><U35/><E35/><V108/><F108/><W67/><G67/><T118/><D118/><U100/><E100/><V120/><F120/><W4/><G103/><RYUUKYOKU ba="2,2" sc="240,10,389,10,230,10,121,-30" hai0="14,43,46,50,80,81,83,90,95,97" hai1="7,11,17,23,25,60,61,76,82,86,94,99,101" hai2="5,9,15,16,22,24,68,71,87,89,98,102,104" /><INIT seed="1,3,2,3,4,74" ten="250,399,240,91" oya="1" hai0="21,130,12,114,56,129,123,19,7,17,80,122,69" hai1="14,66,59,95,46,42,64,63,35,45,70,94,101" hai2="47,31,78,65,18,132,127,16,81,43,120,26,72" hai3="93,13,38,106,99,29,4,15,11,73,131,97,36"/><U3/><E3/><V89/><F120/><N who="0" m="46122" /><D69/><U10/><E35/><V6/><F127/><W91/><G131/><N who="0" m="50187" /><D56/><U128/><E128/><V1/><F132/><W112/><G112/><T28/><D80/><U85/><E70/><V0/><F89/><W9/><G29/><T37/><D37/><U77/><E64/><V23/><F65/><W32/><G32/><T67/><D67/><U88/><E42/><V71/><F71/><W8/><G73/><T54/><D54/><U79/><E95/><V113/><F113/><W60/><G60/><T68/><D68/><U44/><E101/><V61/><F61/><W92/><G106/><T76/><D76/><U133/><E133/><V90/><F90/><W105/><G105/><T115/><D28/><U30/><E30/><V117/><F117/><W126/><G126/><T33/><D33/><U82/><E82/><V51/><REACH who="2" step="1"/><F0/><REACH who="2" ten="250,399,230,91" step="2"/><W121/><G121/><T52/><D52/><U49/><REACH who="1" step="1"/><E49/><REACH who="1" ten="250,389,230,91" step="2"/><V75/><F75/><W41/><G38/><T55/><D55/><U98/><E98/><V102/><F102/><W53/><G53/><T103/><D103/><U100/><E100/><V24/><F24/><W86/><G36/><T111/><D115/><U107/><E107/><V124/><F124/><W5/><G41/><T118/><D114/><U25/><E25/><V58/><F58/><W62/><G62/><T135/><D118/><U20/><E20/><V134/><F134/><W39/><G39/><T96/><D135/><U104/><E104/><V50/><F50/><W48/><G48/><T2/><D96/><N who="3" m="36937" /><G9/><AGARI ba="3,4" hai="1,6,9,16,18,23,26,31,43,47,51,72,78,81" machi="9" ten="40,8000,1" yaku="1,1,52,1,54,1,53,1" doraHai="74" doraHaiUra="22" who="2" fromWho="3" sc="250,0,389,0,230,129,91,-89" /><INIT seed="2,0,0,0,0,58" ten="250,389,359,2" oya="2" hai0="22,53,51,38,81,28,126,130,113,65,64,35,47" hai1="89,95,46,21,96,102,3,20,27,69,108,117,107" hai2="119,32,109,124,135,114,134,99,23,66,71,4,105" hai3="52,79,62,6,48,98,97,78,36,86,110,106,100"/><V37/><RYUUKYOKU type="yao9" ba="0,0" sc="250,0,389,0,359,0,2,0" hai2="4,23,32,37,66,71,99,105,109,114,119,124,134,135" /><INIT seed="2,1,0,0,0,32" ten="250,389,359,2" oya="2" hai0="102,81,100,79,54,64,12,48,88,58,121,92,60" hai1="44,120,97,107,65,34,62,19,67,132,26,84,87" hai2="133,96,39,45,78,56,13,86,113,72,14,43,135" hai3="22,25,3,83,5,37,131,74,116,124,40,90,61"/><V91/><F113/><W126/><G116/><T103/><D121/><U122/><E132/><N who="2" m="50763" /><F72/><W127/><G131/><T2/><D2/><U15/><E65/><V30/><F30/><W80/><G61/><T17/><D79/><U94/><E107/><V118/><F118/><W52/><G40/><T101/><D81/><U73/><E73/><V16/><F78/><W128/><G37/><T33/><D33/><U47/><E34/><V130/><F96/><W23/><G128/><T115/><D115/><U21/><E26/><V106/><F106/><W4/><G4/><T68/><D103/><N who="1" m="60855" /><E67/><V57/><F13/><W71/><G71/><T49/><D49/><U0/><E0/><V6/><F6/><W95/><G74/><T51/><D48/><U89/><E62/><V108/><F108/><W123/><G23/><T46/><D68/><U41/><E87/><V10/><F130/><W85/><G123/><N who="1" m="47146" /><E41/><V27/><F27/><W35/><G35/><T18/><REACH who="0" step="1"/><D12/><REACH who="0" ten="240,389,359,2" step="2"/><U98/><E98/><AGARI ba="1,1" hai="17,18,46,51,54,58,60,64,88,92,98,100,101,102" machi="98" ten="40,8000,1" yaku="1,1,2,1,8,1,54,1,53,0" doraHai="32" doraHaiUra="77" who="0" fromWho="1" sc="240,93,389,-83,359,0,2,0" /><INIT seed="3,0,0,1,4,26" ten="333,306,359,2" oya="3" hai0="43,27,91,93,119,129,47,70,20,41,104,98,42" hai1="30,130,100,117,92,6,61,97,23,68,22,113,14" hai2="52,133,107,88,89,82,73,1,18,5,96,66,132" hai3="64,19,101,36,95,0,7,71,85,76,69,34,124"/><W54/><G36/><T86/><D119/><U75/><E113/><V109/><F109/><W78/><G124/><T81/><D70/><U121/><E75/><V125/><F125/><W74/><G74/><T51/><D129/><U57/><E121/><V110/><F110/><W112/><G112/><T62/><D62/><U134/><E130/><V3/><F66/><W10/><G34/><T46/><D104/><U8/><E117/><V59/><F18/><W102/><G69/><T56/><D56/><U32/><E134/><N who="2" m="51819" /><F73/><W83/><G76/><T118/><D118/><U94/><E68/><V37/><F37/><W128/><G128/><T24/><D47/><U90/><E32/><V116/><F116/><W15/><G95/><T2/><D2/><N who="2" m="522" /><F5/><W16/><G19/><T84/><D27/><U31/><E23/><V105/><F82/><W38/><G38/><T67/><D67/><N who="1" m="39343" /><E22/><V45/><F45/><W13/><G0/><T25/><D25/><U103/><E103/><N who="2" m="62695" /><F107/><W87/><G64/><T131/><D131/><U21/><E21/><V55/><F55/><W127/><G71/><T80/><D80/><U108/><E108/><V35/><F35/><W44/><G127/><T122/><D122/><U123/><E123/><V11/><F11/><N who="3" m="6271" /><G85/><AGARI ba="0,0" hai="6,8,14,30,31,85,90,92,94,97,100" m="39343" machi="85" ten="30,3900,0" yaku="8,1,52,2" doraHai="26" who="1" fromWho="3" sc="333,0,306,39,359,0,2,-39" owari="333,-7.0,345,15.0,359,46.0,-37,-54.0" /></mjloggm>