<mjloggm ver="2.3"><GO type="185" lobby="0"/><UN n0="%E6%A8%BD%E3%81%AA%E3%81%AE%E5%A3%8A%E3%81%95%E3%81%AA%E3%81%84%E3%81%A7" n1="%E3%81%A8%E3%82%8A%E3%81%82%E3%81%88%E3%81%9A%E5%9B%9B%E6%AE%B5" n2="%6B%75%72%74" n3="" dan="18,16,16,0" rate="2291.47,2127.07,2142.07,1500.00" sx="M,M,M,C"/><TAIKYOKU oya="0"/><INIT seed="0,0,0,0,3,63" ten="350,350,350,0" oya="0" hai0="118,108,96,48,50,134,101,77,127,35,128,3,98" hai1="83,69,67,103,53,112,76,41,104,107,62,90,37" hai2="46,0,59,64,121,100,80,52,38,89,51,124,84" hai3=""/><T44/><D3/><U97/><E112/><V99/><N who="2" m="31008" /><V131/><F0/><T70/><D35/><U119/><E119/><V133/><F131/><T81/><D118/><U40/><E107/><V2/><F2/><T102/><D128/><U74/><E37/><V129/><F129/><T75/><D134/><U95/><REACH who="1" step="1"/><E53/><REACH who="1" ten="350,340,350,0" step="2"/><V60/><F133/><T111/><D127/><U109/><E109/><V123/><N who="2" m="31520" /><V125/><REACH who="2" step="1"/><F38/><REACH who="2" ten="350,340,340,0" step="2"/><T61/><D111/><U117/><E117/><V87/><F87/><AGARI ba="0,2" hai="40,41,62,67,69,74,76,83,87,90,95,97,103,104" machi="87" ten="30,8000,1" yaku="1,1,7,1,24,2,52,1,53,0" doraHai="63" doraHaiUra="42" who="1" fromWho="2" sc="350,0,340,100,340,-80,0,0" /><INIT seed="1,0,0,0,4,33" ten="350,440,260,0" oya="1" hai0="44,128,79,120,89,102,86,37,32,74,69,39,105" hai1="94,3,87,72,80,119,49,52,132,93,90,59,92" hai2="70,134,38,76,67,112,115,104,103,1,46,110,131" hai3=""/><U73/><E119/><V47/><F104/><T98/><N who="0" m="30752" /><T113/><D32/><U60/><E132/><V91/><F76/><T68/><D113/><U116/><E116/><V0/><F103/><T35/><D128/><U45/><REACH who="1" step="1"/><E3/><REACH who="1" ten="350,430,260,0" step="2"/><V58/><F134/><T125/><D35/><U133/><E133/><V99/><F131/><T75/><D125/><U118/><E118/><V129/><F129/><T106/><D106/><U126/><E126/><V51/><F115/><T34/><D34/><U135/><E135/><V65/><F112/><T53/><D37/><U111/><E111/><V77/><F110/><T43/><D75/><U100/><E100/><V107/><F0/><T117/><D117/><U121/><N who="1" m="31008" /><U36/><E36/><V62/><F1/><T61/><D74/><U101/><E101/><V88/><F38/><T124/><D124/><U82/><E82/><V81/><F107/><T42/><D105/><U56/><E56/><V63/><F81/><T57/><D39/><U78/><E78/><V122/><F77/><T50/><D79/><U95/><N who="1" m="23552" /><DORA hai="55" /><U48/><E48/><V96/><F51/><T40/><D102/><U2/><E2/><V97/><N who="2" m="31264" /><V71/><F97/><T83/><D98/><RYUUKYOKU ba="0,1" sc="350,0,430,0,260,0,0,0" hai0="40,42,43,44,50,53,57,61,68,69,83,86,89" hai1="45,49,52,59,60,72,73,80,87,90" hai2="46,47,58,62,63,65,67,70,71,88,91,96,99" /><INIT seed="1,1,1,1,5,126" ten="350,430,260,0" oya="1" hai0="101,115,119,106,122,81,100,75,52,48,71,69,93" hai1="35,121,124,61,41,135,129,46,77,0,66,78,2" hai2="65,79,56,88,120,87,116,33,38,125,110,132,90" hai3=""/><U131/><N who="1" m="31008" /><U62/><E124/><V102/><N who="2" m="30752" /><V55/><F125/><T134/><N who="0" m="31264" /><T1/><D1/><U97/><E35/><V130/><F38/><T111/><D115/><U45/><E97/><V128/><F116/><T39/><D39/><U92/><E92/><V42/><F42/><T114/><D114/><U59/><E135/><V105/><F65/><T63/><D106/><U117/><E117/><V60/><F33/><T68/><D134/><U36/><E62/><V103/><F79/><N who="1" m="30217" /><E46/><V84/><F132/><T40/><D63/><U74/><E74/><V51/><F60/><T83/><D75/><U123/><N who="1" m="31520" /><U70/><E70/><V118/><F118/><T96/><D69/><U113/><E113/><V3/><F105/><T133/><D71/><U112/><E112/><V58/><F3/><T72/><D68/><U32/><E32/><V89/><F89/><T108/><D119/><U47/><E47/><V76/><F76/><T50/><D72/><U49/><E36/><V37/><F37/><T98/><D133/><U95/><E95/><V54/><F51/><T64/><D50/><U43/><E43/><V86/><F86/><T94/><D40/><U109/><E109/><AGARI ba="1,1" hai="54,55,56,58,84,87,88,90,102,103,109,110,128,130" m="30752" machi="109" ten="25,12000,2" yaku="22,2,52,3,54,1" doraHai="126" who="2" fromWho="1" sc="350,0,430,-122,260,132,0,0" /><INIT seed="2,0,0,1,0,134" ten="350,308,392,0" oya="2" hai0="120,89,124,34,49,86,72,69,38,87,46,104,107" hai1="66,90,84,110,130,83,67,64,82,0,56,1,100" hai2="35,135,117,111,50,105,59,126,101,45,118,3,53" hai3=""/><V44/><F105/><T43/><N who="0" m="30752" /><T70/><D34/><U63/><E110/><V121/><N who="2" m="31008" /><V85/><F35/><T47/><D72/><U65/><E130/><V51/><F101/><T127/><D107/><U128/><E128/><V33/><F33/><T81/><D104/><U78/><REACH who="1" step="1"/><E100/><REACH who="1" ten="350,298,392,0" step="2"/><V131/><F111/><T57/><D57/><U77/><E77/><V41/><F131/><T39/><D39/><U97/><E97/><V48/><F3/><T91/><D69/><U109/><E109/><V102/><F102/><T55/><REACH who="0" step="1"/><D70/><REACH who="0" ten="340,298,392,0" step="2"/><U76/><E76/><V68/><F68/><T133/><D133/><U112/><E112/><V94/><F135/><T40/><D40/><U123/><N who="1" m="31520" /><U132/><E132/><V119/><F59/><T108/><D108/><U115/><E115/><V74/><F41/><T95/><AGARI ba="0,2" hai="38,43,46,47,49,55,81,86,87,89,91,95,124,127" m="30752" machi="95" ten="30,6000,1" yaku="1,1,0,1,52,3,53,0" doraHai="134" doraHaiUra="93" who="0" fromWho="0" sc="340,80,298,-20,392,-40,0,0" /><INIT seed="4,0,0,3,5,114" ten="420,278,352,0" oya="0" hai0="89,44,94,115,124,62,52,80,96,108,51,105,55" hai1="33,76,98,40,82,58,129,83,60,130,43,48,93" hai2="35,135,117,73,36,90,41,79,81,1,34,70,88" hai3=""/><T2/><D2/><U118/><E33/><V104/><F1/><T126/><D115/><U74/><E82/><V132/><F70/><T131/><D131/><N who="1" m="50187" /><E118/><V111/><F104/><T67/><D108/><U69/><E48/><V61/><F111/><T38/><D38/><U134/><E69/><V75/><F36/><T103/><D55/><U125/><E134/><V63/><F81/><T57/><REACH who="0" step="1"/><D80/><REACH who="0" ten="410,278,352,0" step="2"/><U133/><E133/><V100/><F132/><T49/><D49/><U66/><E125/><V119/><F135/><T107/><D107/><U120/><N who="1" m="30752" /><U72/><E72/><V102/><F41/><T50/><D50/><U77/><E77/><AGARI ba="0,1" hai="34,35,61,63,73,75,77,79,88,90,100,102,117,119" machi="77" ten="25,8000,1" yaku="22,2,52,2,54,1" doraHai="114" who="2" fromWho="1" sc="410,0,278,-80,352,90,0,0" /><INIT seed="5,0,0,2,4,60" ten="410,198,442,0" oya="1" hai0="125,91,35,77,89,106,129,39,33,72,122,79,81" hai1="42,111,93,117,54,41,112,64,48,120,67,105,49" hai2="99,74,84,80,82,128,69,119,121,66,62,90,88" hai3=""/><U53/><N who="1" m="30752" /><U85/><E105/><V109/><N who="2" m="31008" /><V40/><F109/><T70/><N who="0" m="31264" /><T3/><D3/><U107/><E107/><V108/><F108/><T43/><D106/><U57/><E111/><V59/><F128/><T34/><D129/><U73/><E73/><V0/><F0/><T123/><N who="0" m="31520" /><T126/><D70/><U44/><E117/><V63/><F119/><T37/><D79/><U100/><E112/><V114/><F40/><N who="1" m="15465" /><E85/><V38/><F38/><N who="0" m="14346" /><D43/><U78/><E78/><V75/><F114/><T130/><D130/><U1/><E1/><V71/><F71/><T46/><D46/><U51/><E49/><V113/><F113/><T76/><D76/><U133/><E133/><V103/><F75/><T110/><D110/><U56/><E44/><V58/><F74/><T87/><D87/><U127/><E127/><AGARI ba="0,0" hai="33,34,35,72,77,81,89,91,125,126,127" m="14346,31520,31264" machi="127" ten="40,5200,0" yaku="18,1,52,2" doraHai="60" who="0" fromWho="1" sc="410,52,198,-52,442,0,0,0" /><INIT seed="6,0,0,2,1,3" ten="462,146,442,0" oya="2" hai0="109,88,42,104,68,117,97,64,41,71,47,130,86" hai1="0,45,92,60,101,108,131,110,78,48,77,32,75" hai2="53,124,36,95,106,44,135,96,103,40,34,112,90" hai3=""/><V125/><F112/><T59/><D109/><U52/><E131/><V123/><N who="2" m="31520" /><V76/><F135/><T63/><D130/><U50/><E92/><V134/><F134/><T83/><D117/><U102/><E0/><V84/><F34/><T67/><D67/><U70/><E75/><V80/><REACH who="2" step="1"/><F53/><REACH who="2" ten="462,146,432,0" step="2"/><T81/><D81/><U61/><E32/><V107/><F107/><T111/><D111/><U58/><E52/><V105/><F105/><T49/><REACH who="0" step="1"/><D41/><REACH who="0" ten="452,146,432,0" step="2"/><U94/><E58/><V74/><AGARI ba="0,2" hai="36,40,44,74,76,80,84,90,95,96,103,106,124,125" m="31520" machi="74" ten="30,12000,2" yaku="1,1,0,1,24,2,52,1,53,1" doraHai="3" doraHaiUra="99" who="2" fromWho="2" sc="452,-60,146,-60,432,140,0,0" owari="392,-1.0,86,-51.0,572,52.0,0,0.0" /></mjloggm>