<mjloggm ver="2.3"><GO type="225" lobby="0"/><UN n0="%E4%BA%95%E5%B8%AF" n1="%E9%B3%B3%E6%9D%B1%E3%81%AE%E3%81%86%E3%81%95%E3%81%8E%E3%81%95%E3%82%93" n2="%E8%97%81%E3%83%AF%E3%83%A9%E7%AC%91%77%72%77%72" n3="%E3%82%B7%E3%83%B3%E3%83%95%E3%82%A9%E3%83%8B%E3%82%A2" dan="16,17,17,17" rate="2152.79,2177.13,2221.26,2145.64" sx="M,M,M,M"/><TAIKYOKU oya="0"/><INIT seed="0,0,0,1,1,25" ten="250,250,250,250" oya="0" hai0="58,6,123,4,99,62,121,11,72,87,84,1,23" hai1="36,28,103,47,131,97,71,51,12,9,91,21,34" hai2="113,130,127,56,117,134,126,94,108,5,32,73,64" hai3="60,55,49,118,67,39,135,38,31,120,26,92,133"/><T98/><D72/><U77/><E131/><V53/><F113/><W65/><G92/><T70/><D70/><U50/><E34/><V124/><F130/><W57/><G118/><T18/><D6/><U90/><E71/><V79/><F117/><W66/><G120/><T22/><D22/><U30/><E36/><N who="3" m="13866" /><G26/><T52/><D123/><U0/><E0/><V19/><F108/><W82/><G82/><T37/><D37/><U68/><E68/><V74/><F134/><N who="3" m="51211" /><G31/><N who="1" m="11818" /><E77/><V110/><F64/><W132/><N who="3" m="51219" /><W48/><AGARI ba="0,0" hai="48,49,55,57,60,65,66,67" m="51219,13866" machi="48" ten="50,8000,1" yaku="4,1,20,1,34,2" doraHai="25" who="3" fromWho="3" sc="250,-40,250,-20,250,-20,250,80" /><INIT seed="1,0,0,4,3,99" ten="210,230,230,330" oya="1" hai0="129,86,67,74,14,20,21,18,31,69,116,54,61" hai1="75,106,27,82,22,2,119,118,78,93,109,11,89" hai2="73,19,121,101,7,104,56,98,13,88,90,84,43" hai3="35,127,91,41,83,122,49,10,46,53,102,77,114"/><U24/><E106/><V133/><F121/><W52/><G114/><T60/><D74/><U4/><E109/><V124/><F73/><W71/><G71/><T45/><D116/><U3/><E3/><V25/><F133/><W94/><G35/><T85/><D129/><U57/><E57/><V66/><F124/><W110/><G122/><T70/><D45/><U87/><REACH who="1" step="1"/><E27/><REACH who="1" ten="210,220,230,330" step="2"/><V38/><F25/><W1/><G110/><T33/><D70/><U135/><E135/><V130/><F56/><W108/><G108/><T34/><D69/><U16/><AGARI ba="0,1" hai="2,4,11,16,22,24,75,78,82,87,89,93,118,119" machi="16" ten="20,7800,0" yaku="1,1,0,1,7,1,54,1,53,0" doraHai="99" doraHaiUra="126" who="1" fromWho="1" sc="210,-26,220,88,230,-26,330,-26" /><INIT seed="1,1,0,3,1,0" ten="184,308,204,304" oya="1" hai0="124,108,133,56,121,2,73,44,13,104,99,7,76" hai1="89,87,15,38,129,53,34,102,9,74,11,1,47" hai2="106,80,52,60,45,96,132,70,50,128,63,20,122" hai3="83,41,93,78,111,22,59,10,6,97,21,19,5"/><U118/><E118/><V54/><F122/><W86/><G111/><T119/><D119/><U32/><E74/><V135/><F80/><W24/><G41/><T79/><D108/><U55/><E129/><V94/><F106/><W43/><G43/><T14/><D56/><U92/><E102/><V105/><F105/><W57/><G22/><T27/><D27/><U84/><E1/><V48/><F20/><W51/><G51/><T67/><D67/><U91/><E38/><V126/><F128/><W46/><G46/><T90/><D90/><U131/><E131/><V114/><F114/><W85/><G85/><T110/><D14/><U134/><E134/><N who="2" m="51243" /><F126/><W113/><G113/><T25/><D104/><U125/><E125/><V37/><F37/><W64/><G64/><T31/><D110/><U23/><E23/><V33/><F33/><W95/><G95/><T4/><D121/><U17/><E9/><V120/><F70/><W116/><G116/><T123/><D123/><U69/><E69/><V88/><F120/><W130/><G130/><T40/><D73/><U81/><REACH who="1" step="1"/><E55/><REACH who="1" ten="184,298,204,304" step="2"/><V112/><F112/><W62/><G10/><T100/><D124/><U75/><E75/><V66/><F66/><W3/><G3/><T98/><D2/><U115/><E115/><V16/><F16/><W127/><G127/><T65/><D65/><U58/><E58/><AGARI ba="1,1" hai="45,48,50,52,54,58,60,63,88,94,96" m="51243" machi="58" ten="30,3900,0" yaku="20,1,54,2" doraHai="0" who="2" fromWho="1" sc="184,0,298,-42,204,52,304,0" /><INIT seed="2,0,0,1,1,87" ten="184,256,256,304" oya="2" hai0="60,55,68,73,72,105,31,42,80,50,16,35,83" hai1="59,125,102,28,48,40,81,116,110,103,133,11,78" hai2="122,29,71,53,24,20,23,34,75,127,126,30,104" hai3="124,15,79,52,82,56,106,6,57,46,135,49,85"/><V114/><F75/><W19/><G106/><T25/><D105/><U94/><E116/><V27/><F104/><W43/><G135/><T120/><D120/><U0/><E133/><V67/><F122/><W45/><G6/><T65/><D42/><U70/><E70/><V96/><F114/><W99/><G99/><T93/><D93/><U3/><E110/><V51/><F96/><W84/><G84/><T112/><D112/><U22/><E125/><N who="2" m="47627" /><F67/><W77/><G77/><T115/><D115/><U111/><E111/><V91/><F71/><W119/><G119/><T21/><D73/><U95/><E78/><V4/><F4/><W108/><G108/><T1/><D1/><U61/><E0/><V41/><F41/><W63/><G124/><T64/><D64/><U92/><E3/><V33/><F91/><W44/><G57/><AGARI ba="0,0" hai="20,23,24,27,29,30,33,34,51,53,57" m="47627" machi="57" ten="30,1500,0" yaku="18,1" doraHai="87" who="2" fromWho="3" sc="184,0,256,0,256,15,304,-15" /><INIT seed="2,1,0,3,1,55" ten="184,256,271,289" oya="2" hai0="40,129,114,57,95,81,86,87,62,12,88,17,35" hai1="13,82,85,53,37,27,50,74,105,79,128,77,118" hai2="64,19,60,34,107,8,2,29,59,108,18,16,130" hai3="117,112,134,103,119,110,127,54,6,80,83,111,45"/><V120/><F120/><W104/><G6/><T121/><D121/><U90/><E118/><V100/><F130/><W39/><G54/><T89/><D114/><U70/><E37/><V49/><F108/><W46/><G103/><T115/><D115/><U132/><E128/><V28/><F34/><W43/><G39/><T10/><D35/><U22/><E132/><V30/><F49/><W98/><G98/><T44/><D129/><U65/><E105/><V93/><F107/><W7/><G104/><T73/><D73/><U41/><E41/><V92/><REACH who="2" step="1"/><F100/><REACH who="2" ten="184,256,261,289" step="2"/><W94/><G111/><T56/><D62/><U21/><E50/><AGARI ba="1,1" hai="10,12,17,40,44,50,56,57,81,86,87,88,89,95" machi="50" ten="30,8000,1" yaku="7,1,8,1,52,2,54,1" doraHai="55" who="0" fromWho="1" sc="184,93,256,-83,261,0,289,0" /><INIT seed="3,0,0,3,3,77" ten="277,173,261,289" oya="3" hai0="130,50,120,121,8,86,35,65,98,4,116,79,134" hai1="53,126,122,117,32,95,127,19,69,87,5,131,29" hai2="123,107,44,9,82,106,2,33,111,17,132,81,1" hai3="71,61,90,39,14,114,26,64,45,40,7,97,41"/><W110/><G114/><T66/><D116/><U76/><E122/><V102/><F33/><W118/><G118/><T84/><D35/><U51/><E117/><V54/><F123/><W36/><G26/><T115/><D130/><U0/><E131/><V58/><F44/><W125/><G125/><N who="1" m="47626" /><E69/><V74/><F74/><W109/><G41/><T75/><D134/><U52/><E32/><V46/><F46/><W67/><G67/><T88/><D75/><U28/><E19/><V80/><F132/><W78/><G78/><T104/><D115/><U37/><E37/><V27/><F111/><N who="3" m="42507" /><G39/><T113/><D66/><U103/><E103/><V16/><F102/><W62/><G62/><T128/><D65/><U68/><E68/><V70/><F70/><W73/><G73/><T23/><D50/><U59/><E53/><V13/><F106/><W89/><G97/><T112/><D98/><U133/><E133/><V108/><F107/><W48/><G36/><T38/><D104/><U15/><E0/><V3/><F108/><W56/><G71/><T31/><D38/><U63/><E63/><V129/><F129/><W119/><G119/><T96/><D96/><U12/><E12/><V21/><REACH who="2" step="1"/><F1/><REACH who="2" ten="277,173,251,289" step="2"/><W47/><G47/><T105/><D105/><U20/><E76/><V22/><F22/><W42/><G42/><T6/><D23/><U60/><E20/><V34/><F34/><W11/><AGARI ba="0,1" hai="7,11,14,40,45,48,56,61,64,89,90" m="42507" machi="11" ten="30,3000,0" yaku="14,1,10,1" doraHai="77" who="3" fromWho="3" sc="277,-10,173,-10,251,-10,289,40" owari="267,7.0,163,-34.0,241,-16.0,329,43.0" /></mjloggm>