<mjloggm ver="2.3"><GO type="169" lobby="0"/><UN n0="%E3%83%AA%E3%83%BC%E3%83%81%E3%83%89%E3%83%A9%33" n1="%E6%A4%9B%E5%8D%97" n2="%6B%6F%74%61%5F%73%61%6B" n3="%61%6D%61%69%6B%61" dan="16,16,17,16" rate="2127.76,2115.88,2153.27,2179.14" sx="M,F,F,M"/><TAIKYOKU oya="0"/><INIT seed="0,0,0,5,4,3" ten="250,250,250,250" oya="0" hai0="105,37,24,78,115,69,16,2,52,77,56,1,135" hai1="120,44,114,9,91,113,14,41,57,83,34,17,54" hai2="49,42,4,98,117,111,11,99,23,45,82,84,72" hai3="79,112,94,108,53,43,122,81,40,102,48,18,7"/><T6/><D115/><U124/><E120/><V100/><F111/><W59/><G108/><T70/><D37/><U76/><E34/><V67/><F72/><W90/><G112/><T123/><D123/><U12/><E124/><V131/><F131/><W15/><G102/><T125/><D105/><U119/><E119/><V129/><F129/><W134/><G134/><T118/><D118/><U127/><E91/><V19/><F67/><W103/><G103/><T75/><D125/><U110/><E110/><V38/><F38/><W55/><G55/><T22/><D135/><U132/><E132/><V20/><F19/><W109/><G122/><T29/><D1/><U106/><E14/><N who="2" m="5479" /><F117/><W86/><G7/><T61/><D29/><U47/><E106/><V130/><F130/><W85/><REACH who="3" step="1"/><G109/><REACH who="3" ten="250,250,250,240" step="2"/><T21/><D6/><U66/><E127/><V27/><F100/><W13/><G13/><T68/><D2/><U126/><E126/><V36/><F27/><W62/><G62/><T88/><D75/><U0/><E0/><V50/><F36/><W95/><G95/><T92/><REACH who="0" step="1"/><D22/><AGARI ba="0,1" hai="15,18,22,40,43,48,53,59,79,81,85,86,90,94" machi="22" ten="30,8000,1" yaku="1,1,7,1,25,2,8,1,53,0" doraHai="3" doraHaiUra="107" who="3" fromWho="0" sc="250,-80,250,0,250,0,240,90" /><INIT seed="1,0,0,2,3,9" ten="170,250,250,330" oya="1" hai0="46,79,123,12,118,67,81,120,129,114,1,48,21" hai1="73,22,90,100,127,59,24,125,2,112,131,20,25" hai2="36,97,101,33,98,26,135,74,39,4,108,18,105" hai3="23,14,38,107,102,121,52,8,47,55,80,132,60"/><U83/><E112/><V63/><F74/><W37/><G121/><T99/><D118/><U116/><E2/><V50/><F108/><W10/><G132/><T53/><D114/><U35/><E116/><V124/><F124/><W93/><G107/><T61/><D1/><U31/><E100/><V92/><F4/><W134/><G134/><T5/><D129/><U104/><E104/><V95/><F135/><W70/><G70/><T89/><D5/><U62/><E131/><V6/><F6/><W69/><G69/><T49/><D49/><U16/><E35/><V27/><F63/><W78/><G38/><T30/><D30/><U65/><REACH who="1" step="1"/><E90/><REACH who="1" ten="170,240,250,330" step="2"/><V113/><F101/><W3/><G3/><T117/><D117/><U42/><E42/><V40/><F40/><W86/><G102/><T87/><D89/><U126/><E126/><V64/><F33/><W94/><G37/><T75/><D75/><U43/><E43/><V44/><F105/><W51/><G94/><T133/><D133/><U68/><E68/><V88/><F113/><W122/><G93/><T91/><D91/><U7/><E7/><V115/><F115/><W58/><G122/><T82/><D82/><U29/><E29/><V57/><F95/><W54/><G54/><T66/><D99/><U119/><E119/><V110/><F98/><W77/><G77/><AGARI ba="0,1" hai="16,20,22,24,25,31,59,62,65,73,77,83,125,127" machi="77" ten="40,3900,0" yaku="1,1,54,1,53,0" doraHai="9" doraHaiUra="41" who="1" fromWho="3" sc="170,0,240,49,250,0,330,-39" /><INIT seed="1,1,0,3,5,104" ten="170,289,250,291" oya="1" hai0="117,113,70,16,66,41,124,120,83,108,125,80,22" hai1="51,111,47,62,45,132,128,27,46,78,77,31,102" hai2="122,64,26,15,126,100,95,23,96,135,9,42,93" hai3="10,110,114,54,88,134,12,97,67,52,86,4,36"/><U63/><E132/><V79/><F122/><W61/><G114/><T98/><D113/><U20/><E128/><V35/><F35/><W73/><G36/><T30/><D117/><U92/><E111/><V14/><F135/><W2/><G110/><T25/><D108/><U19/><E51/><V87/><F42/><W65/><G134/><T8/><D120/><U101/><E31/><V0/><F0/><W85/><G73/><T39/><D66/><N who="3" m="25097" /><G2/><T90/><D70/><U13/><E27/><V129/><F126/><W91/><G97/><T112/><D112/><U37/><E37/><V3/><F64/><W5/><G4/><T32/><D8/><U50/><E50/><V55/><F55/><N who="3" m="21035" /><G61/><N who="1" m="23050" /><E92/><V131/><F95/><W49/><G49/><T48/><D39/><U60/><E60/><V118/><F118/><W58/><G58/><T28/><D28/><U127/><E127/><N who="0" m="48713" /><D98/><U43/><E43/><V17/><F131/><W71/><G71/><T38/><D38/><U119/><E119/><V123/><F129/><W76/><G76/><AGARI ba="1,0" hai="13,19,20,45,46,47,76,77,78,101,102" m="23050" machi="76" ten="30,1500,0" yaku="8,1" doraHai="104" who="1" fromWho="3" sc="170,0,289,18,250,0,291,-18" /><INIT seed="1,2,0,1,4,117" ten="170,307,250,273" oya="1" hai0="133,84,53,55,38,54,50,90,75,21,80,130,78" hai1="68,3,48,60,128,115,31,101,122,19,67,40,77" hai2="96,83,28,1,49,5,123,114,43,44,103,131,125" hai3="32,22,99,27,118,102,66,87,51,79,81,24,33"/><U113/><E3/><V86/><F131/><W18/><G118/><T14/><D38/><U69/><E77/><V127/><F28/><W39/><G39/><T15/><D130/><U52/><E19/><V93/><F1/><W58/><G27/><T116/><D116/><U135/><E31/><V89/><F5/><W16/><G18/><T4/><D133/><U129/><E101/><V34/><F34/><W119/><G119/><T12/><D4/><U42/><E135/><V94/><F114/><N who="1" m="43529" /><E69/><V63/><F63/><W11/><G11/><T98/><D21/><U7/><E7/><V121/><REACH who="2" step="1"/><F83/><REACH who="2" ten="170,307,240,273" step="2"/><W109/><G33/><T47/><REACH who="0" step="1"/><D98/><REACH who="0" ten="160,307,240,273" step="2"/><U104/><E129/><V112/><F112/><W0/><G99/><T106/><D106/><U65/><E104/><V17/><F17/><W72/><G16/><T95/><AGARI ba="2,2" hai="12,14,15,47,50,53,54,55,75,78,80,84,90,95" machi="95" ten="30,2000,0" yaku="1,1,0,1,53,0" doraHai="117" doraHaiUra="120" who="0" fromWho="0" sc="160,46,307,-12,240,-7,273,-7" /><INIT seed="2,0,0,0,5,74" ten="206,295,233,266" oya="2" hai0="124,51,68,114,7,32,36,115,110,17,69,108,85" hai1="117,93,131,113,63,73,70,31,127,12,86,14,53" hai2="82,3,35,49,125,10,42,103,23,45,76,107,133" hai3="8,118,88,77,89,96,116,28,27,105,41,20,43"/><V15/><F35/><W4/><G89/><T37/><D32/><U64/><E131/><V111/><F133/><W135/><G135/><T24/><D7/><U44/><E73/><V80/><F125/><W46/><G41/><T92/><D24/><U47/><E113/><N who="0" m="43017" /><D17/><U72/><E72/><V130/><F130/><W21/><G21/><T2/><D92/><U60/><E93/><V106/><F82/><W33/><G20/><T99/><D85/><U13/><E86/><V75/><F111/><N who="0" m="42538" /><D99/><U50/><E31/><V48/><F103/><N who="3" m="62695" /><G88/><T11/><D11/><U79/><E127/><V71/><F71/><N who="0" m="27210" /><D124/><U81/><E14/><V95/><F95/><W91/><G91/><T121/><D121/><U134/><E117/><V25/><F3/><N who="3" m="31" /><G77/><T120/><D120/><U98/><E98/><V112/><F106/><W52/><G118/><T5/><D5/><U29/><E29/><V56/><F107/><W83/><G83/><T100/><D100/><U9/><E9/><V67/><F112/><W119/><G119/><T26/><D26/><U1/><E1/><V39/><F10/><W22/><G22/><T19/><D19/><U55/><E134/><V59/><F15/><W0/><G116/><T87/><D87/><U109/><E109/><V66/><F23/><W128/><G0/><T57/><D2/><U84/><E13/><V61/><F25/><W78/><G128/><T123/><D123/><U102/><E12/><V90/><F90/><W126/><G126/><T97/><D97/><U129/><E102/><V104/><F104/><W58/><G27/><T65/><D51/><RYUUKYOKU ba="0,0" sc="206,15,295,-15,233,15,266,-15" hai0="36,37,57,65" hai2="39,42,45,48,49,56,59,61,66,67,75,76,80" /><INIT seed="2,1,0,5,5,37" ten="221,280,248,251" oya="2" hai0="120,50,123,115,52,83,95,25,98,24,4,34,124" hai1="23,89,72,122,135,39,129,106,6,19,38,32,30" hai2="13,75,15,102,11,57,14,100,69,27,128,0,86" hai3="77,126,109,49,58,40,81,117,47,107,105,70,114"/><V79/><F69/><W5/><G117/><T82/><D115/><U43/><E122/><V67/><F75/><W10/><G109/><T51/><D124/><U97/><E135/><V84/><F128/><W85/><G70/><T1/><D1/><U21/><E72/><V7/><F27/><W103/><G126/><T48/><D4/><U93/><E32/><V76/><F86/><W56/><G114/><T63/><D34/><U92/><E106/><V132/><F132/><W60/><G103/><T108/><D108/><U64/><E64/><V35/><F35/><W130/><G130/><T61/><D123/><U96/><E6/><V87/><F84/><W53/><REACH who="3" step="1"/><G58/><REACH who="3" ten="221,280,248,241" step="2"/><T42/><D120/><U26/><E129/><V55/><F57/><W112/><G112/><T73/><D73/><U17/><E30/><V28/><F102/><W66/><G66/><T133/><D133/><U54/><E54/><V119/><F100/><W127/><G127/><T104/><D52/><U125/><E125/><V3/><F67/><W16/><G16/><T9/><D104/><U12/><REACH who="1" step="1"/><E43/><REACH who="1" ten="221,270,248,241" step="2"/><V94/><F55/><W20/><G20/><T99/><D42/><U2/><E2/><AGARI ba="1,2" hai="2,5,10,40,47,49,53,56,60,77,81,85,105,107" machi="2" ten="30,3900,0" yaku="1,1,7,1,52,1,53,0" doraHai="37" doraHaiUra="29" who="3" fromWho="1" sc="221,0,270,-42,248,0,241,62" /><INIT seed="3,0,0,2,3,4" ten="221,228,248,303" oya="3" hai0="65,54,108,25,56,55,30,70,21,99,51,10,62" hai1="52,8,90,82,53,36,12,116,5,120,83,77,127" hai2="76,109,113,67,49,84,14,126,79,26,60,129,58" hai3="131,98,32,123,29,117,94,35,7,11,110,130,78"/><W86/><G117/><T111/><D99/><U50/><E120/><V73/><F113/><W105/><G123/><T1/><D1/><U61/><E127/><V68/><F109/><W100/><G110/><T125/><D125/><U63/><E36/><V66/><F126/><W112/><G112/><T15/><REACH who="0" step="1"/><D55/><REACH who="0" ten="211,228,248,303" step="2"/><U133/><E53/><V37/><F129/><W57/><G131/><T0/><D0/><U91/><E116/><V135/><F135/><W75/><G130/><T43/><D43/><U13/><E133/><V19/><F67/><W87/><G98/><T106/><D106/><U132/><E132/><V124/><F66/><W2/><G2/><T27/><D27/><U39/><E13/><V46/><F26/><W22/><G105/><T47/><D47/><U6/><E12/><V64/><F46/><W20/><G35/><T128/><D128/><U59/><E52/><V48/><F14/><W96/><G32/><T134/><D134/><U28/><E63/><V41/><F41/><W71/><G96/><T95/><D95/><U24/><E61/><V45/><F45/><W69/><G94/><T114/><D114/><U115/><E24/><V93/><F64/><W40/><G40/><T118/><D118/><U102/><E115/><V18/><F60/><W89/><G71/><T122/><D122/><U38/><E83/><V74/><F68/><W92/><G69/><T85/><D85/><U107/><E82/><V104/><F124/><W88/><G87/><T81/><D81/><U72/><E107/><V103/><F104/><W9/><G92/><T44/><D44/><RYUUKYOKU ba="0,1" sc="211,30,228,-10,248,-10,303,-10" hai0="10,15,21,25,30,51,54,56,62,65,70,108,111" /><INIT seed="4,1,1,2,0,66" ten="241,218,238,293" oya="0" hai0="43,38,54,111,95,1,2,49,132,84,35,21,68" hai1="126,102,46,70,72,65,89,129,125,97,105,33,45" hai2="64,85,57,110,16,19,29,80,53,133,20,8,86" hai3="15,41,32,114,6,88,79,18,5,81,127,30,39"/><T124/><D35/><U99/><E129/><V104/><F104/><W122/><G114/><T0/><D124/><N who="1" m="47723" /><E72/><V7/><F110/><W50/><G39/><T98/><D132/><U27/><E99/><V24/><F133/><W51/><G127/><T40/><D111/><U112/><E89/><V25/><F64/><W113/><G113/><T14/><D38/><U47/><E112/><V74/><F74/><W93/><G30/><T4/><D68/><U77/><E77/><V118/><F25/><W130/><G32/><T59/><D84/><U22/><E33/><V73/><F73/><W76/><G122/><T62/><D49/><N who="3" m="18441" /><G41/><T36/><D36/><U31/><E65/><V23/><F23/><N who="3" m="11743" /><G130/><T107/><D107/><U67/><E67/><V13/><F118/><W91/><G81/><T48/><D48/><U83/><E83/><V116/><F116/><W108/><G91/><T94/><D94/><U17/><E31/><V115/><F115/><W101/><G101/><T117/><D117/><U106/><E106/><V34/><F34/><W128/><G128/><T87/><D87/><N who="2" m="33290" /><F80/><W121/><G121/><T134/><D134/><U109/><E109/><V103/><F103/><W75/><G75/><T28/><D28/><U135/><E135/><V12/><F12/><W60/><G108/><T61/><D61/><AGARI ba="1,1" hai="7,8,13,16,19,20,24,29,53,57,61" m="33290" machi="61" ten="30,2000,0" yaku="8,1,54,1" doraHai="66" who="2" fromWho="0" sc="241,-23,218,0,238,33,293,0" /><INIT seed="5,0,0,1,5,28" ten="218,218,271,293" oya="1" hai0="122,43,134,104,119,101,116,93,135,107,32,105,121" hai1="53,21,5,76,45,88,47,118,132,40,74,123,91" hai2="52,37,30,73,39,89,114,25,115,112,78,20,128" hai3="0,18,49,44,14,120,12,106,2,36,67,1,126"/><U124/><E123/><N who="0" m="47113" /><D32/><U19/><E118/><N who="0" m="45097" /><D43/><U96/><E132/><N who="0" m="50729" /><D93/><U24/><E124/><V97/><F128/><W85/><G126/><T92/><D92/><U95/><E5/><V69/><F69/><W83/><G120/><T31/><D31/><U113/><E113/><V82/><F52/><W56/><G0/><T70/><D70/><U61/><E91/><V65/><F65/><W110/><G67/><T103/><AGARI ba="0,0" hai="101,103,104,105,107" m="50729,45097,47113" machi="103" ten="50,12000,2" yaku="28,2,13,1,20,1,34,2" doraHai="28" who="0" fromWho="0" sc="218,120,218,-60,271,-30,293,-30" /><INIT seed="6,0,0,0,4,79" ten="338,158,241,263" oya="2" hai0="63,43,1,51,27,37,57,39,99,90,8,59,108" hai1="22,50,115,135,126,58,62,53,10,60,96,76,36" hai2="103,88,102,116,107,46,71,66,35,127,30,121,131" hai3="52,6,40,74,70,15,93,78,0,68,86,42,16"/><V56/><F116/><W84/><G74/><T17/><D108/><U119/><E135/><V4/><F121/><W26/><G0/><T130/><D130/><U122/><E36/><V11/><F71/><W20/><G68/><T82/><D1/><U65/><E119/><V32/><F131/><W38/><G70/><T85/><D99/><U13/><E115/><V98/><F103/><W5/><G38/><T123/><D123/><U45/><E126/><V47/><F127/><W67/><G67/><T101/><D101/><U133/><E133/><V106/><F106/><W104/><G104/><T34/><D34/><U9/><E62/><V112/><F112/><W31/><G52/><T44/><D59/><U125/><E125/><V105/><F30/><W92/><G5/><T110/><D110/><U89/><E76/><V48/><F47/><W117/><G6/><T73/><D73/><U25/><E13/><V55/><F88/><N who="3" m="53255" /><G117/><T111/><D111/><U14/><E14/><V97/><F107/><W83/><G93/><T87/><D87/><U75/><E75/><V91/><F91/><W80/><G83/><T24/><D39/><U100/><E89/><V7/><F7/><W114/><G114/><T21/><D37/><U118/><E118/><V69/><F69/><W72/><G72/><T49/><D49/><U2/><E2/><V134/><F66/><W12/><G12/><N who="0" m="9383" /><D8/><AGARI ba="0,0" hai="8,15,16,20,26,31,40,42,78,80,86" m="53255" machi="8" ten="30,7700,0" yaku="8,1,52,1,54,2" doraHai="79" who="3" fromWho="0" sc="338,-77,158,0,241,0,263,77" /><INIT seed="7,0,0,2,5,123" ten="261,158,241,340" oya="3" hai0="14,125,66,73,70,82,61,41,17,75,34,4,67" hai1="81,44,11,87,104,32,8,122,86,69,96,106,28" hai2="29,74,117,26,105,62,42,55,24,39,2,0,128" hai3="3,64,53,78,35,46,76,51,135,63,116,68,110"/><W79/><G35/><T95/><D34/><U115/><E122/><V94/><F117/><W58/><G3/><T13/><D125/><U10/><E115/><V57/><F105/><W114/><G116/><T98/><D67/><U22/><E32/><V38/><F74/><W90/><G114/><T89/><D41/><U5/><E69/><V113/><F113/><W121/><G135/><T56/><D4/><U97/><E5/><V1/><F42/><W100/><G100/><T6/><D6/><U25/><E106/><V101/><F128/><W21/><G90/><T111/><D111/><U43/><E104/><V132/><F132/><W102/><G110/><T126/><D126/><U134/><E134/><V54/><F54/><W130/><G102/><T45/><D45/><U12/><E87/><V60/><F60/><W85/><G130/><T27/><D27/><U84/><E84/><V88/><F101/><W23/><G85/><T112/><D112/><U127/><E127/><V77/><F77/><W49/><G121/><T31/><D31/><U107/><E107/><V131/><F131/><W108/><G108/><T7/><D70/><U92/><E12/><N who="0" m="4713" /><D7/><U65/><E65/><V119/><F119/><W83/><G83/><T37/><D37/><U36/><E92/><V18/><F26/><W118/><G118/><T91/><D17/><U19/><E19/><V103/><F18/><W120/><G120/><T52/><D66/><U71/><E71/><V99/><F103/><W129/><G129/><T9/><D9/><U15/><E15/><V72/><F72/><W48/><G68/><RYUUKYOKU ba="0,0" sc="261,0,158,0,241,0,340,0" hai0="52,56,61,73,75,82,89,91,95,98" hai1="8,10,11,22,25,28,36,43,44,81,86,96,97" hai2="0,1,2,24,29,38,39,55,57,62,88,94,99" hai3="21,23,46,48,49,51,53,58,63,64,76,78,79" owari="261,6.0,158,-34.0,241,-16.0,340,44.0" /></mjloggm>