<mjloggm ver="2.3"><GO type="185" lobby="0"/><UN n0="%E3%81%9D%E3%81%86%E3%81%A1%E3%82%87" n1="%E3%81%BE%E3%81%A4%E3%81%9F%E3%81%91%E3%81%BC%E3%83%BC%E3%81%84" n2="%54%72%61%76%69%53" n3="" dan="16,16,17,0" rate="2173.84,2177.43,2174.30,1500.00" sx="F,M,M,C"/><TAIKYOKU oya="0"/><INIT seed="0,0,0,3,4,128" ten="350,350,350,0" oya="0" hai0="105,131,47,127,40,132,59,110,120,70,117,2,103" hai1="43,92,33,67,48,65,46,107,32,53,91,134,90" hai2="99,60,66,102,38,123,34,77,101,129,72,75,62" hai3=""/><T89/><RYUUKYOKU type="yao9" ba="0,0" sc="350,0,350,0,350,0,0,0" hai0="2,40,47,59,70,89,103,105,110,117,120,127,131,132" /><INIT seed="0,1,0,5,3,78" ten="350,350,350,0" oya="0" hai0="55,99,42,103,111,45,41,106,121,100,123,127,109" hai1="118,70,114,110,50,97,96,133,108,92,76,39,91" hai2="131,81,59,69,102,34,125,94,66,2,117,44,61" hai3=""/><T88/><N who="0" m="31008" /><T49/><N who="0" m="31520" /><T120/><N who="0" m="30752" /><T3/><D3/><U85/><E39/><V83/><F2/><T37/><D127/><U122/><N who="1" m="31264" /><U0/><E0/><V95/><F34/><T87/><D103/><U115/><E70/><V64/><F125/><T135/><D135/><U86/><E50/><V126/><F126/><T57/><REACH who="0" step="1"/><D41/><REACH who="0" ten="340,350,350,0" step="2"/><U54/><E133/><V116/><F102/><T107/><D107/><U82/><E118/><N who="2" m="45675" /><F131/><T80/><AGARI ba="1,1" hai="37,42,45,49,55,57,80,87,88,99,100,106,109,111" m="30752,31520,31008" machi="80" ten="30,16000,3" yaku="1,1,0,1,52,4,54,1,53,1" doraHai="78" doraHaiUra="51" who="0" fromWho="0" sc="340,172,350,-81,350,-81,0,0" /><INIT seed="0,2,0,4,2,67" ten="512,269,269,0" oya="0" hai0="2,103,46,113,66,45,55,127,101,121,132,85,96" hai1="83,124,98,64,57,35,78,84,36,34,106,71,119" hai2="131,92,99,102,115,134,70,100,120,54,123,62,40" hai3=""/><T107/><N who="0" m="31008" /><T65/><D113/><U90/><E119/><V38/><N who="2" m="30752" /><V80/><N who="2" m="31520" /><V87/><F115/><T110/><D2/><U125/><E36/><V81/><F134/><T39/><D132/><U95/><E57/><V93/><F131/><T105/><D127/><N who="1" m="48715" /><E106/><V108/><F108/><T0/><D0/><U74/><E98/><V75/><F38/><T52/><D39/><U89/><E90/><V126/><F126/><T59/><D59/><U61/><AGARI ba="2,0" hai="34,35,61,64,71,74,78,83,84,89,95" m="48715" machi="61" ten="30,1500,0" yaku="18,1,52,1" doraHai="67" who="1" fromWho="1" sc="512,-12,269,19,269,-7,0,0" /><INIT seed="1,0,0,5,5,59" ten="500,288,262,0" oya="1" hai0="112,116,82,65,98,68,102,78,75,125,47,73,1" hai1="45,51,104,85,34,61,93,43,72,67,107,70,46" hai2="64,86,53,121,71,128,38,44,111,79,2,84,66" hai3=""/><U42/><E72/><V100/><N who="2" m="31008" /><V80/><F2/><T69/><D112/><U133/><E133/><V127/><F111/><T101/><D1/><U35/><E93/><V55/><F100/><T56/><D125/><U95/><E95/><V99/><F127/><T96/><D47/><U117/><E85/><V122/><N who="2" m="31264" /><V76/><F99/><T63/><D116/><U40/><E117/><V33/><F128/><T135/><D75/><U52/><REACH who="1" step="1"/><E46/><REACH who="1" ten="500,278,262,0" step="2"/><V89/><F33/><AGARI ba="0,1" hai="33,34,35,40,42,43,45,51,52,61,67,70,104,107" machi="33" ten="40,12000,1" yaku="1,1,2,1,52,1,54,1,53,0" doraHai="59" doraHaiUra="94" who="1" fromWho="2" sc="500,0,278,130,262,-120,0,0" /><INIT seed="1,1,0,1,5,107" ten="500,408,142,0" oya="1" hai0="119,94,112,53,135,75,100,58,104,2,111,81,133" hai1="128,134,64,83,41,87,40,71,43,114,36,46,66" hai2="77,49,61,125,106,32,69,99,50,56,109,59,89" hai3=""/><U132/><E114/><V127/><F32/><T88/><D112/><U33/><E33/><V47/><F109/><T38/><D38/><U103/><E103/><V122/><N who="2" m="31264" /><V90/><F106/><T113/><D2/><U35/><E35/><V96/><F77/><T108/><D119/><U130/><E87/><V42/><F69/><T79/><D113/><U101/><E83/><V0/><F61/><T124/><D124/><U118/><E101/><V95/><F0/><T86/><D100/><U80/><E80/><V84/><F99/><T110/><D104/><U52/><E118/><V45/><F96/><T74/><D74/><U131/><E36/><V68/><F68/><T92/><D94/><U117/><E117/><V60/><F60/><AGARI ba="1,0" hai="53,58,60,75,79,81,86,88,92,108,110,111,133,135" machi="60" ten="40,5200,0" yaku="14,1,52,1,54,1" doraHai="107" who="0" fromWho="2" sc="500,54,408,0,142,-54,0,0" /><INIT seed="2,0,0,5,3,48" ten="554,408,88,0" oya="2" hai0="61,85,82,83,37,69,57,42,90,56,92,107,104" hai1="129,108,75,132,46,134,99,124,106,44,113,63,127" hai2="71,125,58,130,68,62,94,89,131,54,43,128,111" hai3=""/><V55/><F43/><T135/><D135/><N who="1" m="51755" /><E75/><V66/><F125/><N who="1" m="48201" /><E106/><V0/><F0/><T98/><D107/><U79/><E79/><V67/><F111/><T105/><D105/><U118/><E99/><V121/><N who="2" m="31008" /><V123/><N who="2" m="31520" /><V51/><F94/><T109/><D92/><U96/><E96/><V120/><N who="2" m="30752" /><V73/><F89/><T114/><D90/><U53/><E108/><V112/><F112/><T34/><D114/><U87/><E87/><V91/><F91/><T126/><D85/><U40/><E113/><V81/><F81/><T2/><D83/><U35/><E35/><V1/><F73/><T45/><D34/><U88/><E88/><V47/><F1/><T86/><D82/><U119/><E129/><V116/><F116/><N who="1" m="44585" /><E40/><V103/><F103/><T65/><D42/><U78/><E78/><V60/><F60/><T100/><D61/><U70/><E70/><AGARI ba="0,0" hai="47,51,54,55,58,62,66,67,68,70,71,128,130,131" m="30752,31520,31008" machi="70" ten="50,24000,3" yaku="19,1,34,3,52,5" doraHai="48" who="2" fromWho="1" sc="554,0,408,-240,88,240,0,0" /><INIT seed="2,1,0,4,5,45" ten="554,168,328,0" oya="2" hai0="132,47,35,126,44,123,95,40,37,81,127,131,115" hai1="110,98,73,68,67,36,104,82,3,46,77,51,90" hai2="125,103,42,124,79,50,102,135,129,94,72,84,56" hai3=""/><V62/><F135/><T118/><N who="0" m="31520" /><T128/><D35/><U76/><E3/><V120/><N who="2" m="30752" /><V96/><F129/><N who="0" m="49738" /><D118/><U116/><E116/><V91/><F103/><T43/><D115/><U54/><E110/><V106/><F42/><T87/><D95/><U49/><E36/><V107/><F107/><T122/><N who="0" m="31264" /><T113/><D113/><U97/><E77/><V66/><F50/><T70/><D70/><U39/><E39/><V92/><F92/><T112/><D112/><U1/><E1/><V41/><REACH who="2" step="1"/><F41/><REACH who="2" ten="554,168,318,0" step="2"/><T58/><D132/><U53/><E104/><V101/><F101/><T108/><D40/><U117/><E117/><V86/><F86/><T119/><D87/><U60/><REACH who="1" step="1"/><E90/><REACH who="1" ten="554,158,318,0" step="2"/><V105/><F105/><T52/><D119/><U83/><E83/><AGARI ba="1,2" hai="56,62,66,72,79,83,84,91,94,96,102,106,124,125" m="30752" machi="83" ten="40,12000,1" yaku="1,1,24,2,52,1,53,1" doraHai="45" doraHaiUra="57" who="2" fromWho="1" sc="554,0,158,-122,318,142,0,0" /><INIT seed="2,2,0,5,1,116" ten="554,36,460,0" oya="2" hai0="74,106,0,57,66,70,68,102,123,87,65,36,89" hai1="32,108,46,109,122,49,131,125,61,2,76,44,135" hai2="40,33,69,107,78,45,83,80,111,133,85,114,56" hai3=""/><V90/><F69/><T42/><N who="0" m="31520" /><T51/><D74/><U82/><N who="1" m="31264" /><U73/><E2/><V38/><F114/><T98/><D0/><U124/><E32/><V1/><F1/><T110/><D110/><N who="1" m="42603" /><E131/><V91/><F111/><T84/><D36/><U115/><E115/><V121/><N who="2" m="31008" /><V50/><F107/><T94/><D84/><U34/><E34/><V93/><F133/><T54/><REACH who="0" step="1"/><D42/><REACH who="0" ten="544,36,460,0" step="2"/><U134/><E61/><V103/><F33/><T130/><D130/><U59/><E135/><V41/><F41/><T127/><D127/><N who="1" m="48715" /><E134/><V129/><F129/><T97/><D97/><U119/><E119/><V77/><F38/><T104/><D104/><U96/><E96/><V64/><F103/><T43/><D43/><U39/><E39/><V128/><F128/><T52/><D52/><AGARI ba="2,1" hai="44,46,49,52,59,73,76,82" m="48715,42603,31264" machi="52" ten="30,8000,1" yaku="14,1,18,1,52,2,54,1" doraHai="116" who="1" fromWho="0" sc="544,-84,36,94,460,0,0,0" /><INIT seed="4,0,0,5,5,130" ten="460,130,460,0" oya="0" hai0="83,45,132,70,73,74,62,71,75,134,104,129,79" hai1="114,106,125,96,36,126,90,113,120,77,44,105,102" hai2="34,47,127,39,52,0,103,88,119,55,51,84,58" hai3=""/><T128/><D104/><U131/><N who="1" m="30752" /><U38/><E131/><N who="0" m="50249" /><D45/><U64/><E106/><V92/><F127/><N who="1" m="48649" /><E77/><V116/><F0/><T108/><D108/><U67/><E90/><V135/><F34/><T66/><D70/><U42/><E38/><V95/><F135/><AGARI ba="0,0" hai="62,66,71,73,74,75,79,83,132,134,135" m="50249" machi="135" ten="30,18000,2" yaku="20,1,19,1,23,1,52,3" doraHai="130" who="0" fromWho="2" sc="460,180,130,0,460,-180,0,0" /><INIT seed="4,1,0,1,4,101" ten="640,130,280,0" oya="0" hai0="102,56,115,128,89,91,55,73,131,118,32,69,52" hai1="43,92,127,99,85,108,86,49,107,3,50,123,58" hai2="36,34,35,82,119,105,37,133,63,98,83,65,48" hai3=""/><T78/><D115/><U116/><N who="1" m="31520" /><U81/><E3/><V110/><F110/><T77/><D118/><U59/><E116/><V104/><F98/><T33/><D102/><U62/><E108/><V75/><F119/><T125/><D56/><U124/><E43/><V80/><F75/><T47/><D47/><U96/><E92/><V38/><F48/><T100/><D100/><U64/><E64/><V61/><F133/><T71/><REACH who="0" step="1"/><D73/><REACH who="0" ten="630,130,280,0" step="2"/><U114/><E114/><V134/><F134/><T74/><D74/><U0/><E0/><V109/><F109/><T41/><D41/><U90/><E127/><AGARI ba="1,1" hai="32,33,52,55,69,71,77,78,89,91,125,127,128,131" machi="127" ten="25,9600,0" yaku="1,1,22,2,54,1,53,0" doraHai="101" doraHaiUra="44" who="0" fromWho="1" sc="630,108,130,-98,280,0,0,0" /><INIT seed="4,2,0,0,2,75" ten="738,32,280,0" oya="0" hai0="131,67,48,114,58,3,78,60,39,87,68,99,36" hai1="82,115,96,103,123,33,54,132,81,117,56,97,37" hai2="135,98,63,40,49,44,1,101,127,43,104,65,133" hai3=""/><T52/><D114/><U102/><N who="1" m="31520" /><U74/><E33/><V42/><F1/><T119/><D119/><U51/><E117/><V93/><F104/><T129/><D3/><U86/><E115/><V111/><F127/><T128/><D99/><U120/><N who="1" m="30752" /><U61/><E132/><N who="2" m="50763" /><F111/><T64/><D67/><U38/><E74/><V62/><F62/><T79/><D87/><U105/><E61/><V121/><N who="2" m="31008" /><V85/><F85/><T100/><D100/><U53/><E54/><V83/><F83/><T35/><D35/><U76/><REACH who="1" step="1"/><E82/><REACH who="1" ten="738,22,280,0" step="2"/><V126/><F126/><T47/><D47/><U112/><E112/><V71/><AGARI ba="2,1" hai="40,42,43,44,49,63,65,71,93,98,101" m="31008,50763" machi="71" ten="30,1500,0" yaku="20,1,52,1" doraHai="75" who="2" fromWho="2" sc="738,-12,22,-7,280,29,0,0" /><INIT seed="5,0,0,0,0,102" ten="726,15,309,0" oya="1" hai0="37,94,62,1,39,77,93,79,50,43,89,92,32" hai1="33,65,81,91,133,116,88,58,101,34,113,61,111" hai2="98,59,135,71,117,105,54,63,96,134,99,57,103" hai3=""/><U112/><E116/><V78/><F117/><T41/><D32/><U2/><E2/><V68/><F78/><T86/><D1/><U51/><E133/><N who="2" m="50699" /><F59/><T56/><D39/><U108/><E101/><V124/><F124/><T109/><D37/><U123/><N who="1" m="31520" /><U38/><E38/><V80/><F80/><T119/><D109/><N who="1" m="42059" /><E51/><V127/><F127/><T66/><D119/><U122/><N who="1" m="31264" /><U72/><E72/><V120/><N who="2" m="30752" /><V70/><AGARI ba="0,0" hai="54,57,63,68,70,71,96,98,99,103,105" m="30752,50699" machi="70" ten="40,6000,1" yaku="4,1,20,1,52,2" doraHai="102" who="2" fromWho="2" sc="726,-20,15,-40,309,60,0,0" owari="706,66.0,-25,-63.0,369,-3.0,0,0.0" /></mjloggm>