<mjloggm ver="2.3"><GO type="185" lobby="0"/><UN n0="%E3%83%8F%E3%83%94%E3%83%AA%E3%83%83%E3%83%88" n1="%E6%9D%B1%E9%B3%B3" n2="%E3%81%97%E3%82%93%E3%81%97%E3%82%93%E3%81%97%E3%82%93" n3="" dan="17,17,17,0" rate="2255.41,2261.80,2291.89,1500.00" sx="M,M,F,C"/><TAIKYOKU oya="0"/><INIT seed="0,0,0,3,1,41" ten="350,350,350,0" oya="0" hai0="54,80,74,35,71,83,117,135,116,77,91,119,38" hai1="33,98,48,58,76,128,96,66,120,94,90,88,100" hai2="103,56,97,89,53,51,129,36,57,32,34,93,102" hai3=""/><T64/><D35/><U124/><N who="1" m="30752" /><U45/><E33/><V52/><F129/><T2/><D2/><U75/><E124/><V110/><F36/><T123/><N who="0" m="31520" /><T46/><D135/><U62/><E128/><V105/><F110/><T109/><D109/><U59/><E75/><V61/><REACH who="2" step="1"/><F103/><REACH who="2" ten="350,350,340,0" step="2"/><T70/><D38/><U86/><E76/><V78/><F78/><T101/><D117/><U79/><E79/><V127/><F127/><T82/><D119/><U60/><E90/><V92/><F92/><T40/><D116/><U111/><E111/><V126/><F126/><T130/><D130/><U67/><REACH who="1" step="1"/><E100/><REACH who="1" ten="350,340,340,0" step="2"/><V115/><F115/><T44/><D74/><U113/><E113/><V114/><F114/><T81/><D77/><U69/><E69/><V43/><F43/><AGARI ba="0,2" hai="43,45,48,58,59,60,62,66,67,86,88,94,96,98" m="30752" machi="43" ten="30,16000,3" yaku="1,1,7,1,9,1,8,1,52,2,54,1,53,1" doraHai="41" doraHaiUra="37" who="1" fromWho="2" sc="350,0,340,180,340,-160,0,0" /><INIT seed="1,0,0,5,0,100" ten="350,520,180,0" oya="1" hai0="49,47,131,52,57,118,98,45,64,74,88,130,96" hai1="93,106,95,43,34,41,51,91,105,2,114,85,35" hai2="68,37,104,65,61,50,111,55,84,110,125,80,107" hai3=""/><U70/><E2/><V101/><F37/><T122/><N who="0" m="31264" /><T32/><D32/><U81/><E70/><V115/><F115/><T56/><D74/><U123/><N who="1" m="31520" /><U72/><E114/><V89/><F125/><T66/><D118/><U36/><E36/><V42/><F42/><T99/><D88/><U76/><E34/><V62/><F62/><T132/><D132/><U0/><E0/><V126/><F126/><T102/><D102/><U133/><E35/><V129/><F129/><N who="0" m="49162" /><D56/><U73/><E133/><V63/><F63/><T71/><D71/><U86/><E73/><V82/><F82/><T78/><D78/><U121/><N who="1" m="31008" /><U109/><E72/><V67/><F67/><AGARI ba="0,0" hai="45,47,49,52,57,64,66,67,96,98,99" m="49162,31264" machi="67" ten="30,3900,0" yaku="19,1,52,1,54,1" doraHai="100" who="0" fromWho="2" sc="350,39,520,0,180,-39,0,0" /><INIT seed="2,0,0,1,4,65" ten="389,520,141,0" oya="2" hai0="48,105,89,127,46,118,53,61,72,73,92,52,84" hai1="103,104,34,114,37,0,101,128,126,47,133,123,115" hai2="111,62,121,109,87,86,68,120,124,94,80,110,70" hai3=""/><V60/><N who="2" m="30752" /><V117/><N who="2" m="31008" /><V40/><F117/><T41/><D118/><U130/><N who="1" m="31520" /><U93/><E0/><V69/><F124/><T102/><D127/><U81/><E34/><V64/><F40/><T122/><N who="0" m="31264" /><T85/><D105/><U74/><E37/><V76/><F62/><T79/><D102/><U132/><E47/><V108/><N who="2" m="27648" /><DORA hai="38" /><V90/><AGARI ba="0,0" hai="60,64,68,69,70,76,80,86,87,90,94" m="27648,31008,30752" machi="90" ten="60,16000,3" yaku="4,1,0,1,14,1,10,1,52,5" doraHai="65,38" who="2" fromWho="2" sc="389,-80,520,-80,141,160,0,0" /><INIT seed="2,1,0,1,0,71" ten="309,440,301,0" oya="2" hai0="116,91,0,79,58,3,40,128,108,124,57,96,87" hai1="134,34,47,89,82,53,78,39,35,62,50,132,64" hai2="66,41,119,38,59,81,46,36,107,98,69,120,45" hai3=""/><V111/><N who="2" m="30752" /><V125/><F119/><T65/><D116/><U32/><E89/><V49/><F125/><T103/><D124/><U131/><E131/><V44/><F111/><T37/><D108/><U122/><N who="1" m="31264" /><U130/><E130/><V61/><F81/><T113/><D128/><U127/><E39/><N who="2" m="14891" /><F98/><T133/><D113/><U77/><E127/><V43/><F107/><T115/><D115/><U104/><E104/><V63/><F49/><T72/><D37/><U33/><N who="1" m="8192" /><DORA hai="102" /><U70/><REACH who="1" step="1"/><E78/><REACH who="1" ten="309,430,301,0" step="2"/><V112/><F112/><T114/><D79/><U93/><E93/><V109/><F109/><T94/><D114/><U2/><E2/><V92/><F92/><T1/><D94/><U135/><E135/><V51/><F51/><T76/><D133/><U110/><E110/><V123/><N who="2" m="31520" /><V99/><F99/><T118/><D96/><U101/><E101/><V54/><AGARI ba="1,1" hai="41,43,44,45,46,54,59,61,63,66,69" m="31520,14891,30752" machi="54" ten="30,16000,3" yaku="35,5,52,5" doraHai="71,102" who="2" fromWho="2" sc="309,-81,430,-81,301,172,0,0" /><INIT seed="2,2,0,2,2,51" ten="228,349,473,0" oya="2" hai0="39,1,81,54,46,53,82,84,111,42,34,74,83" hai1="114,77,120,107,109,116,56,101,61,0,112,98,104" hai2="102,132,66,35,91,41,44,106,123,108,37,36,121" hai3=""/><V33/><N who="2" m="31008" /><V71/><N who="2" m="31520" /><V78/><F132/><T90/><D1/><U128/><N who="1" m="30752" /><U59/><E0/><V126/><F126/><T105/><D34/><U40/><E109/><V103/><F37/><T85/><D105/><U131/><E116/><V72/><F108/><T58/><D111/><U87/><E107/><V45/><F45/><T70/><D70/><U69/><E69/><V88/><F66/><T135/><D135/><U129/><E40/><V67/><F78/><T80/><D74/><U32/><E32/><V117/><F72/><T113/><D113/><U3/><E3/><V124/><F117/><T60/><REACH who="0" step="1"/><D84/><REACH who="0" ten="218,349,473,0" step="2"/><U127/><E127/><V134/><F124/><T79/><D79/><U86/><E77/><V119/><F134/><T118/><D118/><U50/><E114/><V73/><F119/><T96/><D96/><U133/><E112/><V125/><F73/><T62/><D62/><U89/><E133/><V94/><F125/><T43/><D43/><U110/><E110/><V99/><F106/><T55/><AGARI ba="2,1" hai="39,42,46,53,54,55,58,60,80,81,82,83,85,90" machi="55" ten="30,12000,3" yaku="1,1,0,1,52,3,53,3" doraHai="51" doraHaiUra="48" who="0" fromWho="0" sc="218,134,349,-42,473,-82,0,0" /><INIT seed="4,0,0,0,2,73" ten="352,307,391,0" oya="0" hai0="55,60,41,126,32,58,33,42,132,77,123,47,52" hai1="89,100,40,59,134,119,38,93,63,108,37,127,97" hai2="53,56,92,62,103,54,110,43,45,39,50,130,78" hai3=""/><T57/><N who="0" m="31520" /><T64/><D126/><U90/><E108/><V82/><F110/><T104/><D104/><U107/><E119/><V118/><F130/><T71/><D132/><U120/><N who="1" m="30752" /><U99/><E127/><V113/><F113/><T67/><D77/><U81/><E134/><V106/><F118/><T95/><D95/><U69/><E69/><V122/><N who="2" m="31264" /><V124/><F124/><T83/><D83/><U115/><E115/><V105/><F92/><T111/><D111/><U101/><E40/><N who="0" m="15465" /><D32/><U86/><REACH who="1" step="1"/><E101/><REACH who="1" ten="352,297,391,0" step="2"/><V116/><F103/><T125/><D125/><U2/><E2/><V1/><F116/><T61/><D33/><U72/><E72/><V98/><F1/><T34/><D34/><U80/><E80/><V65/><F82/><T35/><D35/><U0/><E0/><V128/><F43/><T36/><D71/><U112/><E112/><V88/><F39/><T48/><D36/><U68/><E68/><V85/><F53/><AGARI ba="0,1" hai="47,48,52,53,55,57,58,60,61,64,67" m="15465,31520" machi="53" ten="30,24000,3" yaku="8,1,35,5,52,1,54,1" doraHai="73" who="0" fromWho="2" sc="352,250,297,0,391,-240,0,0" /><AGARI ba="0,0" hai="37,38,53,59,63,81,86,89,90,93,97,99,100,107" m="30752" machi="53" ten="30,3900,0" yaku="1,1,7,1,52,1,53,0" doraHai="73" doraHaiUra="109" who="1" fromWho="2" sc="602,0,297,39,151,-39,0,0" /><INIT seed="4,1,0,3,4,119" ten="602,336,112,0" oya="0" hai0="41,111,105,107,106,55,64,96,62,60,100,126,133" hai1="135,54,87,74,37,73,117,80,67,39,125,91,3" hai2="123,128,104,83,112,42,57,90,130,79,121,34,75" hai3=""/><T127/><D111/><U131/><E117/><V108/><N who="2" m="31008" /><V36/><N who="2" m="31520" /><V43/><F34/><T93/><D133/><U103/><E3/><V53/><F108/><T109/><D109/><U2/><E2/><V40/><F112/><T84/><D41/><U86/><E67/><V116/><F36/><T47/><D47/><U129/><E125/><V32/><F32/><T46/><D46/><U110/><E110/><V61/><F116/><T72/><D72/><U88/><E103/><V115/><F115/><T70/><D55/><U85/><E54/><V50/><F104/><T132/><D60/><U38/><E135/><V1/><F1/><T81/><D132/><U118/><E118/><V58/><REACH who="2" step="1"/><F90/><REACH who="2" ten="602,336,102,0" step="2"/><T77/><AGARI ba="1,1" hai="62,64,70,77,81,84,93,96,100,105,106,107,126,127" machi="77" ten="40,1400,0" yaku="0,1" doraHai="119" who="0" fromWho="0" sc="602,26,336,-8,102,-8,0,0" /><INIT seed="4,2,0,0,0,94" ten="628,328,94,0" oya="0" hai0="105,50,106,135,59,79,121,3,133,123,95,81,52" hai1="38,92,45,1,62,126,61,93,88,119,49,57,51" hai2="113,86,46,72,34,87,84,70,39,64,58,78,82" hai3=""/><T96/><N who="0" m="31008" /><T109/><N who="0" m="31520" /><T118/><D3/><U65/><E1/><V101/><F34/><T69/><D69/><U125/><E119/><V112/><F70/><T71/><D71/><U114/><E114/><N who="2" m="44139" /><F39/><T80/><D118/><U110/><E110/><V67/><F46/><T32/><D32/><U120/><N who="1" m="30752" /><U48/><E93/><V66/><F101/><T47/><D109/><U111/><E111/><V33/><F33/><T131/><D131/><U68/><E38/><V60/><AGARI ba="2,0" hai="58,60,64,66,67,72,78,82,84,86,87" m="44139" machi="60" ten="40,1100,0" yaku="15,1" doraHai="94" who="2" fromWho="2" sc="628,-9,328,-6,94,15,0,0" /><INIT seed="5,0,0,4,5,47" ten="619,322,109,0" oya="1" hai0="131,84,98,34,101,102,72,2,77,109,113,100,3" hai1="37,67,56,111,85,115,41,88,114,87,120,106,59" hai2="76,74,105,95,117,97,82,104,35,64,33,123,50" hai3=""/><U70/><N who="1" m="30752" /><U42/><E106/><V91/><N who="2" m="31520" /><V43/><F117/><T60/><D34/><U38/><E70/><V63/><F33/><T128/><D109/><U112/><E67/><V46/><REACH who="2" step="1"/><F35/><REACH who="2" ten="619,322,99,0" step="2"/><T107/><D2/><U52/><E112/><V118/><F118/><T75/><D3/><U99/><E114/><V44/><F44/><T80/><D113/><U127/><E115/><V121/><N who="2" m="31008" /><V116/><F116/><T96/><D60/><U45/><E45/><V78/><F78/><T58/><D58/><AGARI ba="0,1" hai="43,46,50,58,63,64,74,76,82,91,95,97,104,105" m="31008,31520" machi="58" ten="30,8000,1" yaku="1,1,7,1,52,3,53,0" doraHai="47" doraHaiUra="83" who="2" fromWho="0" sc="619,-80,322,0,99,90,0,0" /><INIT seed="6,0,0,3,0,93" ten="539,322,189,0" oya="2" hai0="113,91,74,102,80,50,69,42,59,108,73,98,65" hai1="38,44,89,105,79,68,62,103,115,43,46,61,120" hai2="130,134,3,57,123,33,95,119,66,86,0,67,127" hai3=""/><V55/><N who="2" m="31520" /><V45/><F119/><T35/><D35/><U111/><N who="1" m="30752" /><U87/><E111/><V118/><F33/><T131/><D108/><U121/><N who="1" m="31008" /><U2/><E2/><V114/><F118/><T58/><D69/><U104/><E115/><V81/><F114/><T85/><D131/><U1/><E1/><V107/><F130/><T116/><D116/><U100/><E79/><V39/><F107/><T51/><D51/><U101/><E46/><V125/><F95/><T129/><D65/><N who="2" m="24586" /><F134/><T48/><D74/><U122/><N who="1" m="31264" /><U41/><E41/><V84/><F39/><T36/><D36/><U60/><REACH who="1" step="1"/><E68/><REACH who="1" ten="539,312,189,0" step="2"/><V88/><F45/><T97/><D113/><U54/><E54/><V70/><F70/><T90/><D129/><U72/><E72/><V49/><F84/><T135/><D85/><U110/><E110/><V106/><F106/><T77/><D73/><U92/><AGARI ba="0,1" hai="38,43,44,60,61,62,87,89,92,100,101,103,104,105" m="31264,31008,30752" machi="92" ten="30,6000,1" yaku="1,1,0,1,52,3,53,0" doraHai="93" doraHaiUra="133" who="1" fromWho="1" sc="539,-20,312,70,189,-40,0,0" owari="519,47.0,382,-2.0,149,-45.0,0,0.0" /></mjloggm>