<mjloggm ver="2.3"><GO type="225" lobby="0"/><UN n0="%6B%75%7A%75%6E" n1="%E6%80%AA%E3%81%97%E3%81%99%E3%81%8E%E3%82%8B%E3%83%81%E3%83%BC" n2="%E3%82%8A%E3%81%88" n3="%E3%82%B8%E3%83%A3%E3%83%9E%E3%83%BC%E3%83%AB%E3%83%9E%E3%83%AC%E3%83%BC" dan="16,16,16,17" rate="2191.09,2110.32,2070.08,2163.01" sx="M,M,F,M"/><TAIKYOKU oya="0"/><INIT seed="0,0,0,2,0,92" ten="250,250,250,250" oya="0" hai0="61,18,55,122,6,93,106,27,112,121,49,129,81" hai1="110,56,60,2,128,9,109,42,64,22,95,125,97" hai2="15,127,123,130,19,43,80,10,113,132,46,76,51" hai3="28,99,71,31,37,69,72,77,74,68,8,126,52"/><T39/><D112/><U133/><E128/><V3/><F123/><W63/><G37/><T13/><D106/><U119/><E119/><V7/><F130/><W38/><G38/><T23/><D39/><U84/><E42/><V21/><F132/><W17/><G126/><T58/><D129/><U134/><E125/><V54/><F127/><W111/><G111/><N who="1" m="42506" /><E84/><V90/><F90/><W73/><G77/><T131/><D131/><U118/><E118/><V35/><F35/><W91/><G17/><T11/><D81/><U25/><E9/><V96/><F96/><W83/><G8/><T16/><D93/><U1/><E2/><V78/><F113/><W87/><REACH who="3" step="1"/><G99/><REACH who="3" ten="250,250,250,240" step="2"/><T45/><REACH who="0" step="1"/><D18/><REACH who="0" ten="240,250,250,240" step="2"/><N who="1" m="12503" /><E1/><V48/><REACH who="2" step="1"/><F80/><REACH who="2" ten="240,250,240,240" step="2"/><W103/><G103/><AGARI ba="0,3" hai="56,60,64,95,97,103,133,134" m="12503,42506" machi="103" ten="30,2000,0" yaku="14,1,52,1" doraHai="92" who="1" fromWho="3" sc="240,0,250,50,240,0,240,-20" /><INIT seed="1,0,0,5,3,66" ten="240,300,240,220" oya="1" hai0="69,46,117,55,104,2,124,116,59,63,125,9,123" hai1="132,92,85,84,72,58,6,102,36,18,133,101,29" hai2="99,53,88,16,120,134,121,91,100,78,28,41,34" hai3="13,14,105,22,30,67,130,103,56,15,47,50,62"/><U70/><E72/><V31/><F134/><N who="1" m="51817" /><E36/><V19/><F41/><W115/><G115/><T68/><D104/><U44/><E29/><V45/><F78/><W35/><G130/><T86/><D86/><N who="1" m="33387" /><E6/><V94/><F34/><W113/><G113/><T77/><D77/><U40/><E18/><N who="2" m="6699" /><F121/><W43/><G35/><T25/><D25/><U8/><E8/><V127/><F127/><N who="0" m="48714" /><D123/><U73/><E58/><V5/><F5/><W81/><G81/><T79/><D79/><U98/><E73/><V82/><F120/><W74/><G74/><T1/><D9/><U42/><E44/><V10/><F10/><W39/><G39/><T109/><D46/><U65/><E102/><V23/><F82/><W95/><G105/><T49/><D2/><U135/><E135/><V126/><F126/><W21/><REACH who="3" step="1"/><G30/><REACH who="3" ten="240,300,240,210" step="2"/><T11/><D116/><U24/><E24/><N who="2" m="16415" /><F31/><W75/><G75/><T89/><D117/><U61/><AGARI ba="0,1" hai="40,42,61,65,70,92,98,101" m="33387,51817" machi="61" ten="30,3000,0" yaku="20,1,52,1" doraHai="66" who="1" fromWho="1" sc="240,-10,300,40,240,-10,210,-10" /><INIT seed="1,1,0,3,3,99" ten="230,340,230,200" oya="1" hai0="92,130,115,122,120,31,20,73,67,61,11,132,95" hai1="112,15,80,84,82,135,78,0,24,98,66,58,45" hai2="34,107,27,42,12,75,21,52,93,64,126,3,41" hai3="118,117,65,127,124,51,109,38,5,60,14,30,94"/><U35/><E0/><V70/><F107/><W1/><G1/><T49/><D73/><U9/><E135/><V19/><F75/><W6/><G38/><T39/><D39/><U111/><E112/><V134/><F134/><W7/><G109/><T77/><D77/><U85/><E45/><V110/><F110/><W72/><G72/><T63/><D49/><U87/><E111/><V43/><F126/><N who="3" m="48171" /><G30/><T76/><D76/><U18/><E98/><V129/><F129/><W97/><G51/><T2/><D132/><U74/><E35/><V8/><F64/><W116/><G14/><T17/><D31/><U131/><E24/><V96/><F70/><N who="3" m="42279" /><G6/><N who="0" m="1495" /><D63/><U71/><E131/><V69/><F69/><W62/><G62/><T86/><D115/><U128/><E71/><V46/><F34/><W89/><AGARI ba="1,0" hai="5,7,89,94,97,116,117,118" m="42279,48171" machi="89" ten="40,2700,0" yaku="12,1,18,1" doraHai="99" who="3" fromWho="3" sc="230,-8,340,-14,230,-8,200,30" /><INIT seed="2,0,0,4,4,105" ten="222,326,222,230" oya="2" hai0="134,52,62,95,122,121,108,82,114,115,73,72,63" hai1="44,16,21,113,130,2,135,37,1,112,40,111,24" hai2="5,88,107,42,89,120,100,19,124,86,36,28,76" hai3="80,125,17,18,20,116,27,65,60,104,109,133,12"/><V66/><F120/><N who="0" m="46186" /><D95/><U98/><E111/><V46/><F124/><W55/><G116/><T94/><D94/><U75/><E75/><N who="0" m="28745" /><D82/><U34/><E135/><V13/><F28/><W131/><G104/><T126/><D52/><U119/><E130/><V81/><F5/><W78/><G131/><T32/><D108/><U9/><E119/><V59/><F107/><W4/><G133/><T45/><D134/><U91/><E34/><V30/><F30/><W110/><G125/><T48/><D32/><U50/><E50/><V123/><F100/><W38/><G55/><T7/><D7/><U118/><E118/><V117/><F117/><W29/><G38/><T77/><D126/><U103/><E91/><V10/><REACH who="2" step="1"/><F123/><REACH who="2" ten="222,326,212,230" step="2"/><W83/><G110/><T47/><D114/><U85/><E112/><V101/><F101/><W23/><G109/><T106/><D106/><U57/><E113/><V64/><F64/><W61/><G65/><T97/><D115/><U56/><E103/><V3/><F3/><W90/><G4/><T79/><D97/><U0/><E2/><V22/><F22/><W87/><G29/><T127/><D127/><U11/><E1/><V71/><F71/><W49/><G20/><T6/><D6/><U74/><E0/><V132/><F132/><W92/><G23/><T54/><D47/><U70/><E44/><V15/><F15/><W51/><G12/><T99/><D99/><U102/><E98/><V26/><F26/><W93/><G27/><T35/><D35/><U84/><E24/><V14/><F14/><W128/><G128/><T69/><D69/><RYUUKYOKU ba="0,1" sc="222,15,326,-15,212,15,230,-15" hai0="45,48,54,62,63,77,79" hai2="10,13,19,36,42,46,59,66,76,81,86,88,89" /><INIT seed="2,1,1,2,1,15" ten="237,311,227,215" oya="2" hai0="62,42,118,105,28,97,72,129,88,14,124,11,49" hai1="135,71,125,30,85,91,1,24,134,38,95,99,73" hai2="17,78,45,76,34,103,100,12,131,44,60,93,101" hai3="112,66,87,121,106,90,109,2,0,79,48,89,110"/><V69/><F131/><W67/><G121/><T58/><D72/><U40/><E125/><V23/><F34/><W117/><G117/><T29/><D124/><U22/><E1/><N who="3" m="618" /><G106/><T81/><D105/><U116/><E73/><V127/><F127/><W32/><G32/><T68/><D68/><U8/><E71/><V59/><F69/><W47/><G79/><N who="2" m="30249" /><F93/><W37/><G37/><T70/><D70/><U128/><E128/><V51/><F51/><W39/><G39/><T133/><D129/><U77/><E8/><V74/><F74/><W107/><G107/><T123/><D123/><U119/><E40/><V19/><F19/><W52/><G112/><T96/><D29/><U64/><E38/><V102/><N who="2" m="25600" /><DORA hai="7" /><V94/><F94/><N who="3" m="54591" /><G90/><T25/><D118/><U56/><E116/><V111/><F111/><AGARI ba="1,1" hai="47,48,52,66,67,109,110,111" m="54591,618" machi="111" ten="30,2000,0" yaku="14,1,54,1" doraHai="15,7" who="3" fromWho="2" sc="237,0,311,0,227,-23,215,33" /><INIT seed="3,0,0,1,1,34" ten="237,311,204,248" oya="3" hai0="57,63,120,50,48,91,13,40,39,98,80,133,79" hai1="12,14,111,1,69,105,119,122,94,22,64,126,31" hai2="124,38,127,11,44,20,66,81,102,28,60,131,130" hai3="4,27,53,78,18,114,23,75,49,77,54,25,46"/><W41/><G114/><T36/><D120/><U109/><E105/><V47/><F102/><W108/><G108/><N who="1" m="41546" /><E1/><V33/><F81/><W43/><G4/><T110/><D133/><U42/><E126/><N who="2" m="48171" /><F11/><W82/><G78/><T30/><D30/><U56/><E69/><N who="2" m="42183" /><F20/><W6/><G6/><T132/><D132/><U101/><E122/><V135/><F28/><W74/><G74/><T99/><D80/><U112/><E42/><N who="2" m="22615" /><F33/><W134/><G134/><T65/><D91/><U55/><E94/><V97/><F97/><W95/><G95/><T115/><D98/><U29/><E101/><V61/><F135/><W128/><G27/><T9/><D110/><U86/><E86/><V100/><F100/><W123/><G82/><T62/><D99/><U3/><E3/><V58/><F47/><W59/><G23/><T103/><D103/><U16/><E14/><V104/><F104/><W117/><G46/><N who="0" m="25671" /><D79/><U107/><E107/><V52/><AGARI ba="0,0" hai="52,58,61,130,131" m="22615,42183,48171" machi="52" ten="30,7900,0" yaku="18,1,34,2,54,1" doraHai="34" who="2" fromWho="2" sc="237,-20,311,-20,204,79,248,-39" /><INIT seed="4,0,0,4,3,50" ten="217,291,283,209" oya="0" hai0="3,134,0,69,47,52,62,72,5,90,71,124,84" hai1="83,41,85,76,14,54,91,107,113,19,2,130,49" hai2="82,132,24,53,95,28,26,104,111,66,119,33,17" hai3="93,32,70,75,22,108,123,92,80,112,117,57,37"/><T129/><D72/><U56/><E107/><V58/><F104/><W40/><G70/><T27/><D124/><U15/><E2/><V55/><F111/><W43/><G32/><T30/><D129/><U4/><E130/><V100/><F132/><W133/><G108/><T135/><D5/><U131/><E113/><V78/><F119/><W122/><G117/><T39/><D0/><U114/><E114/><V29/><F17/><W20/><G112/><T31/><D3/><U51/><E4/><V101/><F95/><N who="3" m="36427" /><G133/><N who="0" m="50699" /><D39/><U126/><E126/><V120/><F120/><N who="3" m="46123" /><G57/><N who="0" m="35111" /><D47/><N who="1" m="25839" /><E131/><V103/><F58/><W18/><G37/><T61/><D61/><U68/><E68/><N who="0" m="26185" /><D27/><U8/><E15/><V128/><F66/><W1/><G1/><T9/><D9/><U127/><E127/><V109/><F109/><W64/><G64/><T88/><D88/><AGARI ba="0,0" hai="8,14,19,51,54,56,76,83,85,88,91" m="25839" machi="88" ten="30,3900,0" yaku="8,1,52,1,54,1" doraHai="50" who="1" fromWho="0" sc="217,-39,291,39,283,0,209,0" owari="178,-32.0,330,43.0,283,8.0,209,-19.0" /></mjloggm>