<mjloggm ver="2.3"><GO type="225" lobby="0"/><UN n0="%E3%83%80%E3%83%B3%E3%83%86" n1="%41%4C%50%45%52%49%4E" n2="%73%61%6E%64%69%72%69%73" n3="%74%61%6B%75%61%6B%61" dan="17,18,17,18" rate="2237.14,2210.75,2136.71,2177.57" sx="M,M,M,M"/><TAIKYOKU oya="0"/><INIT seed="0,0,0,2,2,83" ten="250,250,250,250" oya="0" hai0="102,121,91,46,47,10,0,98,49,81,30,22,107" hai1="50,33,7,99,101,82,79,42,48,18,116,24,16" hai2="21,29,6,97,106,131,1,134,39,119,109,80,108" hai3="92,77,128,4,17,118,57,111,117,113,96,62,90"/><T105/><D121/><U2/><E116/><V43/><F119/><W71/><G71/><T69/><D69/><U51/><E42/><V124/><F21/><W20/><G113/><T133/><D133/><U85/><E7/><V60/><F29/><W93/><G111/><T84/><D107/><U127/><E127/><V103/><F124/><W87/><G4/><T61/><D61/><U28/><REACH who="1" step="1"/><E2/><REACH who="1" ten="250,240,250,250" step="2"/><V40/><F40/><W104/><G128/><T67/><D0/><U129/><E129/><V14/><F1/><W12/><G104/><AGARI ba="0,1" hai="16,18,24,28,33,48,50,51,79,82,85,99,101,104" machi="104" ten="40,5200,0" yaku="1,1,52,1,54,1,53,0" doraHai="83" doraHaiUra="123" who="1" fromWho="3" sc="250,0,240,62,250,0,250,-52" /><INIT seed="1,0,0,1,0,42" ten="250,302,250,198" oya="1" hai0="52,66,47,28,14,87,19,2,1,45,69,77,54" hai1="72,49,127,99,37,78,67,113,125,133,90,29,60" hai2="70,102,118,106,111,109,0,88,86,123,36,22,4" hai3="132,43,115,128,94,101,61,112,25,55,80,89,35"/><U93/><E113/><V91/><F36/><W84/><G128/><T33/><D69/><U51/><E37/><V98/><F70/><W27/><G132/><T50/><D66/><U26/><E133/><V23/><F118/><W5/><G5/><T53/><D33/><U3/><E3/><V100/><F123/><W134/><G134/><T97/><D28/><U130/><E130/><V10/><F102/><W48/><G43/><T108/><D108/><N who="2" m="41546" /><F91/><W9/><G9/><N who="0" m="6607" /><D2/><U13/><E13/><V92/><AGARI ba="0,0" hai="0,4,10,22,23,86,88,92,98,100,106" m="41546" machi="92" ten="30,2000,0" yaku="14,1,54,1" doraHai="42" who="2" fromWho="2" sc="250,-5,302,-10,250,20,198,-5" /><INIT seed="2,0,0,4,5,54" ten="245,292,270,193" oya="2" hai0="37,50,131,15,38,10,8,36,82,129,78,28,29" hai1="33,130,88,98,71,42,99,25,17,128,66,62,52" hai2="9,116,32,122,45,100,35,24,56,5,0,117,101" hai3="22,44,31,20,3,27,7,65,61,133,103,79,90"/><V76/><F122/><W57/><G133/><T23/><D50/><U121/><E121/><V85/><F45/><W4/><G79/><T60/><D23/><N who="1" m="13551" /><E33/><V132/><F132/><W12/><G3/><T125/><D125/><U119/><E42/><V1/><F85/><W2/><G2/><T91/><D91/><U83/><E119/><V26/><F76/><W107/><G44/><T19/><D8/><U43/><E43/><V40/><F40/><W114/><G114/><T97/><D97/><U96/><E52/><V48/><F48/><W109/><G109/><T6/><D60/><U93/><E83/><V70/><F70/><W112/><G112/><T63/><D63/><U120/><E120/><V135/><F135/><W106/><G90/><T39/><N who="0" m="9216" /><DORA hai="118" /><T46/><D46/><U49/><E49/><V69/><F69/><W73/><G73/><T102/><D102/><U77/><E77/><V127/><F9/><W72/><G72/><T13/><D82/><U53/><E53/><V108/><F5/><W111/><G111/><T81/><D6/><U75/><E75/><V51/><F51/><W123/><G123/><T41/><D41/><U68/><E68/><V59/><F108/><W87/><G4/><T80/><D80/><U11/><E11/><V89/><REACH who="2" step="1"/><F89/><REACH who="2" ten="245,292,260,193" step="2"/><W126/><G7/><N who="0" m="3295" /><D78/><U94/><E88/><V58/><F58/><W124/><G57/><T30/><D81/><U74/><E74/><V110/><F110/><W134/><G134/><T86/><D86/><U92/><E71/><V21/><F21/><N who="3" m="15855" /><G87/><T34/><D34/><U115/><E115/><RYUUKYOKU ba="0,1" sc="245,10,292,10,260,10,193,-30" hai0="15,19,28,29,30,129,131" hai1="62,66,92,93,94,96,98,99,128,130" hai2="0,1,24,26,32,35,56,59,100,101,116,117,127" /><INIT seed="2,1,1,2,3,58" ten="255,302,270,163" oya="2" hai0="8,43,68,21,42,81,102,107,36,101,131,5,97" hai1="53,72,83,122,80,54,2,64,91,112,84,3,130" hai2="109,48,117,49,133,20,74,38,51,15,41,67,111" hai3="108,39,32,126,105,37,120,25,125,103,0,19,47"/><V88/><F117/><W129/><G120/><T113/><D113/><U62/><E112/><V85/><F74/><W65/><G108/><N who="2" m="41545" /><F133/><W52/><G0/><T82/><D102/><U50/><E130/><V35/><F35/><W61/><G129/><T60/><D131/><U34/><E34/><V70/><F38/><W116/><G116/><T134/><D21/><U59/><E122/><V46/><F15/><W33/><G19/><T89/><D134/><U106/><E106/><V27/><F67/><W92/><G92/><T66/><D89/><U95/><E54/><V56/><F56/><W135/><G135/><T86/><D36/><U71/><E72/><V26/><F70/><N who="3" m="42287" /><G52/><T93/><D107/><U132/><E132/><V9/><F9/><W24/><G24/><N who="2" m="9257" /><F20/><W1/><G1/><T104/><D104/><U17/><E2/><V118/><F118/><W77/><G33/><T98/><D68/><U31/><E3/><V40/><F46/><W22/><G22/><T11/><D11/><U121/><E31/><V96/><F96/><N who="3" m="61671" /><G47/><T4/><D97/><U87/><E121/><V14/><F14/><W12/><G12/><T73/><D8/><U28/><E28/><V55/><F55/><W10/><G10/><T18/><D18/><U94/><E17/><V75/><F75/><W45/><G45/><T127/><D73/><U7/><E7/><V44/><F44/><W30/><G77/><AGARI ba="1,1" hai="50,53,59,62,64,71,77,80,83,84,87,91,94,95" machi="77" ten="30,2000,0" yaku="7,1,52,1" doraHai="58" who="1" fromWho="3" sc="255,0,302,33,270,0,163,-23" /><INIT seed="3,0,0,0,0,55" ten="255,335,270,140" oya="3" hai0="96,83,32,52,76,117,132,118,18,100,57,13,7" hai1="8,102,115,16,56,54,63,121,73,45,99,129,98" hai2="41,30,26,42,109,39,23,131,22,130,72,6,51" hai3="19,29,1,47,34,48,24,4,128,88,35,90,68"/><W84/><G128/><N who="2" m="49193" /><F72/><W49/><G68/><T10/><D32/><U110/><E73/><V67/><F39/><W111/><G35/><T5/><D132/><U33/><E129/><V62/><F109/><W64/><G111/><T101/><D118/><U135/><E110/><V127/><F127/><W38/><G64/><T104/><D100/><U81/><E115/><V21/><F6/><W44/><G38/><T92/><D104/><U74/><E33/><N who="2" m="20695" /><F51/><W36/><G36/><T12/><D12/><U79/><E121/><V3/><F3/><W126/><G126/><T113/><D117/><U119/><E119/><V77/><F77/><W89/><G19/><T107/><D107/><U91/><E135/><V78/><F78/><W59/><G84/><N who="0" m="48231" /><D113/><U65/><E91/><V17/><F17/><W2/><G59/><AGARI ba="0,0" hai="21,22,23,41,42,59,62,67" m="20695,49193" machi="59" ten="30,2000,0" yaku="19,1,52,1" doraHai="55" who="2" fromWho="3" sc="255,0,335,0,270,20,140,-20" owari="255,-14.0,335,43.0,290,9.0,120,-38.0" /></mjloggm>