<mjloggm ver="2.3"><GO type="185" lobby="0"/><UN n0="%4B%6F%4B%4B%4F" n1="%E5%8F%A4%E6%B2%B3%E6%B8%9A" n2="%E6%9D%B1%E9%B3%B3" n3="" dan="16,18,17,0" rate="2206.69,2329.47,2257.26,1500.00" sx="M,F,M,C"/><TAIKYOKU oya="0"/><INIT seed="0,0,0,2,1,94" ten="350,350,350,0" oya="0" hai0="84,50,67,115,134,111,32,71,106,52,3,53,40" hai1="101,96,110,59,66,128,100,108,124,119,36,125,79" hai2="44,135,69,74,64,113,92,89,38,109,43,87,39" hai3=""/><T65/><D32/><U133/><E119/><V120/><N who="2" m="30752" /><V107/><F113/><T97/><D3/><U121/><N who="1" m="31008" /><U83/><E36/><V47/><F109/><N who="1" m="42089" /><E133/><V114/><F114/><T37/><D111/><U45/><E45/><V98/><F74/><T2/><D2/><U105/><E128/><V80/><F107/><T63/><D115/><U1/><E1/><V88/><F135/><T41/><D134/><U127/><E101/><V55/><F55/><T56/><D67/><U126/><E124/><V90/><F69/><T68/><D84/><U48/><E48/><V112/><F64/><T85/><D85/><U123/><N who="1" m="31520" /><U99/><E96/><V70/><F70/><T33/><D33/><U95/><E105/><V61/><F61/><T81/><D71/><U54/><E66/><V102/><REACH who="2" step="1"/><F112/><REACH who="2" ten="350,350,340,0" step="2"/><T103/><D68/><U60/><E127/><V35/><F35/><T118/><D65/><U58/><E59/><V132/><F132/><T51/><D56/><U77/><E77/><V122/><N who="2" m="31264" /><V49/><F49/><T75/><D50/><U78/><E79/><V76/><F76/><T0/><D0/><U130/><E130/><V82/><F82/><T93/><D51/><U46/><E125/><RYUUKYOKU ba="0,1" sc="350,-10,350,-10,340,20,0,0" hai2="38,39,43,44,47,80,87,88,89,90,92,98,102" /><INIT seed="1,1,1,5,2,110" ten="340,340,360,0" oya="1" hai0="79,106,51,125,120,42,94,65,64,54,68,109,87" hai1="73,117,88,45,77,67,129,133,81,104,134,108,95" hai2="46,128,75,96,121,114,118,36,37,53,66,98,52" hai3=""/><U122/><N who="1" m="31264" /><U102/><E117/><V90/><N who="2" m="31008" /><V55/><F118/><T72/><N who="0" m="30752" /><T84/><D106/><U1/><E1/><V41/><F128/><T50/><D72/><U47/><E108/><V59/><F75/><T127/><D109/><U49/><E129/><V80/><F36/><T105/><D105/><U74/><E73/><V93/><F80/><T116/><D116/><U40/><E67/><V62/><REACH who="2" step="1"/><F114/><REACH who="2" ten="340,340,350,0" step="2"/><T38/><D38/><U33/><E33/><V63/><F63/><T58/><D125/><U99/><REACH who="1" step="1"/><E47/><REACH who="1" ten="340,330,350,0" step="2"/><V124/><F124/><T43/><D127/><U57/><E57/><V2/><F2/><T115/><D58/><U85/><AGARI ba="1,3" hai="40,45,49,74,77,81,85,88,95,99,102,104,133,134" m="31264" machi="85" ten="30,12000,2" yaku="1,1,0,1,24,2,52,1,54,1,53,1" doraHai="110" doraHaiUra="107" who="1" fromWho="1" sc="340,-61,330,152,350,-61,0,0" /><INIT seed="1,2,0,2,2,98" ten="279,482,289,0" oya="1" hai0="111,55,0,69,108,79,128,86,59,129,70,75,39" hai1="44,47,94,57,92,83,73,124,81,118,132,125,130" hai2="134,48,71,67,52,77,114,33,42,123,122,51,99" hai3=""/><U135/><E118/><V91/><N who="2" m="31264" /><V41/><N who="2" m="31520" /><V84/><F33/><T66/><D39/><U50/><E57/><V82/><F134/><T101/><D75/><U90/><E73/><V127/><F127/><T36/><D36/><U85/><E130/><N who="0" m="50281" /><D0/><U62/><E62/><V88/><F114/><T53/><D66/><U100/><E50/><V76/><F51/><T65/><D65/><U40/><E40/><V49/><F49/><T120/><N who="0" m="30752" /><T95/><D79/><U106/><E106/><V96/><F96/><T119/><D119/><U89/><E85/><V103/><F91/><T68/><D86/><U74/><E74/><V133/><F133/><T2/><D2/><U61/><E61/><V34/><F34/><T38/><D38/><U113/><E113/><V60/><F77/><T64/><D64/><U37/><E37/><V58/><F76/><T112/><D112/><U105/><E105/><AGARI ba="2,0" hai="41,42,48,52,58,60,67,71,82,84,88,99,103,105" m="31520,31264" machi="105" ten="30,12000,2" yaku="7,1,52,3,54,2" doraHai="98" who="2" fromWho="1" sc="279,0,482,-124,289,124,0,0" /><INIT seed="2,0,0,0,0,53" ten="279,358,413,0" oya="2" hai0="134,89,126,54,76,118,114,99,116,125,74,47,59" hai1="107,128,132,133,49,121,95,135,64,32,124,34,3" hai2="75,78,111,130,122,62,70,83,48,79,129,119,93" hai3=""/><V92/><N who="2" m="31264" /><V117/><F48/><T108/><D108/><U41/><N who="1" m="31008" /><U97/><E107/><V42/><F42/><T131/><D131/><N who="2" m="50186" /><F70/><T61/><D74/><U104/><E104/><V65/><F62/><T84/><D76/><U105/><E105/><V80/><F65/><T46/><D99/><U77/><E128/><V39/><F39/><T87/><D134/><U37/><E37/><V33/><F33/><T63/><D114/><U112/><E112/><V100/><F111/><T120/><N who="0" m="30752" /><T96/><D96/><U72/><E3/><V67/><F67/><T44/><D61/><U52/><E34/><V1/><F1/><T110/><D110/><U0/><E0/><V56/><F56/><T40/><D40/><U55/><E32/><V102/><F102/><T113/><D113/><U51/><E133/><V103/><F103/><T85/><REACH who="0" step="1"/><D89/><REACH who="0" ten="269,358,413,0" step="2"/><U82/><E132/><V94/><F100/><T91/><D91/><U88/><E88/><V50/><F50/><T35/><D35/><U71/><E135/><V66/><F66/><T86/><N who="0" m="21504" /><DORA hai="115" /><T45/><N who="0" m="11264" /><DORA hai="90" /><T2/><D2/><U123/><E41/><V98/><F98/><T106/><D106/><U57/><N who="1" m="31520" /><U81/><E97/><RYUUKYOKU ba="0,1" sc="269,10,358,-20,413,10,0,0" hai0="54,59,63,116,118,125,126" hai2="75,78,79,80,83,92,93,94,117,119" /><INIT seed="2,1,1,5,0,64" ten="279,338,423,0" oya="2" hai0="110,94,61,52,108,40,54,2,65,109,132,119,83" hai1="114,122,36,59,62,3,1,104,43,87,92,57,100" hai2="129,118,134,58,32,105,117,79,63,0,133,115,67" hai3=""/><V135/><F0/><T121/><N who="0" m="31008" /><T90/><D2/><U42/><N who="1" m="31264" /><U97/><E114/><V53/><F32/><T77/><D119/><N who="2" m="45578" /><F105/><T33/><D33/><U37/><E104/><V93/><F79/><T116/><D116/><U75/><E75/><V125/><F93/><T74/><D40/><U88/><E3/><V56/><F115/><T95/><D132/><U124/><E1/><V84/><F84/><T112/><D112/><U113/><E113/><V49/><F125/><T44/><D44/><U80/><E124/><V96/><F96/><T48/><D48/><U70/><E37/><V69/><F129/><T50/><D50/><U41/><REACH who="1" step="1"/><E36/><REACH who="1" ten="279,328,423,0" step="2"/><V81/><F81/><T98/><REACH who="0" step="1"/><D95/><REACH who="0" ten="269,328,423,0" step="2"/><U82/><E82/><V47/><AGARI ba="1,3" hai="47,49,53,56,58,63,67,69,133,134,135" m="45578" machi="47" ten="40,8000,1" yaku="20,1,34,2,52,1" doraHai="64" who="2" fromWho="2" sc="269,-41,328,-41,423,112,0,0" /><INIT seed="2,2,0,5,4,40" ten="228,287,535,0" oya="2" hai0="84,69,93,47,115,38,57,39,50,59,52,122,49" hai1="101,111,109,61,34,80,92,89,132,66,41,102,129" hai2="62,54,133,37,118,107,1,103,45,97,76,72,131" hai3=""/><V130/><F118/><T42/><N who="0" m="31264" /><T113/><D93/><U108/><E34/><V127/><F1/><T90/><D90/><U135/><E129/><V83/><F127/><T124/><D84/><U105/><E105/><V99/><F133/><N who="1" m="51273" /><E41/><V82/><F37/><N who="0" m="13834" /><D124/><U94/><E80/><V117/><F117/><T44/><D69/><U85/><E94/><V46/><F99/><T95/><D95/><U73/><E73/><V35/><F35/><T71/><D71/><AGARI ba="2,0" hai="61,66,71,85,89,92,101,102,108,109,111" m="51273" machi="71" ten="40,2600,0" yaku="14,1,20,1" doraHai="40" who="1" fromWho="0" sc="228,-30,287,30,535,0,0,0" /><INIT seed="4,0,0,3,2,112" ten="198,317,535,0" oya="0" hai0="61,62,67,109,80,32,49,47,46,1,105,98,103" hai1="73,115,37,79,89,39,56,87,118,110,84,77,125" hai2="93,76,122,2,69,53,135,38,99,101,90,72,34" hai3=""/><T83/><D32/><U59/><E110/><V66/><N who="2" m="31264" /><V108/><F2/><T50/><D1/><U78/><E73/><V42/><F108/><T57/><D109/><U91/><E125/><V63/><F135/><T35/><D35/><U113/><E79/><V126/><F126/><T129/><D129/><U104/><E104/><V120/><N who="2" m="30752" /><V43/><F38/><T40/><REACH who="0" step="1"/><D61/><REACH who="0" ten="188,317,535,0" step="2"/><U65/><E65/><V114/><F34/><T100/><D100/><U64/><E64/><V60/><F101/><T94/><D94/><U0/><E0/><V116/><F93/><T85/><D85/><U97/><E97/><V86/><F99/><T131/><D131/><U36/><E37/><V52/><F86/><T92/><D92/><U132/><E132/><V107/><F66/><T3/><D3/><U96/><E96/><V127/><F127/><T74/><D74/><U51/><E51/><V44/><F72/><T48/><D48/><U33/><E33/><V82/><F107/><T102/><D102/><U71/><E87/><V58/><F63/><T54/><AGARI ba="0,1" hai="40,46,47,49,50,54,57,62,67,80,83,98,103,105" machi="54" ten="20,2600,0" yaku="1,1,0,1,7,1,53,0" doraHai="112" doraHaiUra="121" who="0" fromWho="0" sc="188,36,317,-13,535,-13,0,0" /><INIT seed="4,1,0,5,0,104" ten="224,304,522,0" oya="0" hai0="102,46,134,106,58,1,43,79,61,65,107,82,129" hai1="71,112,72,87,76,93,99,48,118,100,124,44,38" hai2="103,131,101,2,128,39,59,33,89,75,37,3,77" hai3=""/><T113/><D1/><U86/><E118/><V68/><F68/><T49/><D113/><U78/><E38/><N who="2" m="14347" /><F33/><T125/><D125/><U115/><E71/><V36/><F36/><T45/><D129/><N who="2" m="49738" /><F89/><T56/><D134/><U74/><E124/><V62/><F101/><T127/><D127/><U66/><E66/><V55/><F103/><T80/><D45/><U67/><E67/><V130/><F130/><T126/><D126/><U51/><E44/><V0/><F77/><N who="1" m="29801" /><E48/><V52/><F75/><N who="1" m="28713" /><E51/><V135/><F55/><T92/><D56/><U57/><E57/><V54/><F54/><T132/><D132/><AGARI ba="1,0" hai="0,2,3,52,59,62,132,135" m="49738,14347" machi="132" ten="40,2600,0" yaku="19,1,54,1" doraHai="104" who="2" fromWho="0" sc="224,-28,304,0,522,28,0,0" /><INIT seed="5,0,0,0,1,54" ten="196,304,550,0" oya="1" hai0="115,42,131,56,100,123,46,73,130,92,62,135,112" hai1="61,98,89,75,134,118,119,55,58,86,1,107,72" hai2="124,53,70,121,104,116,94,60,69,47,43,80,85" hai3=""/><U0/><E134/><V102/><N who="2" m="31008" /><V32/><F116/><T97/><N who="0" m="31520" /><T95/><D73/><U59/><E75/><V66/><F104/><T114/><D135/><U39/><E39/><V99/><F124/><T50/><REACH who="0" step="1"/><D92/><REACH who="0" ten="186,304,550,0" step="2"/><U129/><E72/><V51/><F94/><T113/><N who="0" m="28672" /><DORA hai="36" /><T108/><D108/><U90/><E118/><V3/><F3/><T83/><D83/><U126/><E119/><V2/><F80/><T79/><D79/><U78/><E78/><V35/><F2/><T82/><D82/><U110/><E110/><V38/><F32/><T65/><AGARI ba="0,1" hai="42,46,50,56,62,65,95,97,100,130,131" m="28672,31520" machi="65" ten="60,9000,2" yaku="1,1,0,1,15,1,52,3,53,0" doraHai="54,36" doraHaiUra="64,81" who="0" fromWho="0" sc="186,100,304,-60,550,-30,0,0" /><INIT seed="6,0,0,3,0,113" ten="286,244,520,0" oya="2" hai0="130,99,46,56,43,54,124,131,104,40,63,111,128" hai1="105,61,76,33,92,121,41,84,83,135,39,114,102" hai2="107,126,60,78,112,0,59,129,117,51,49,116,100" hai3=""/><V70/><F0/><T42/><D111/><U75/><N who="1" m="31008" /><U80/><E33/><V3/><F117/><T53/><D124/><U77/><E114/><V98/><F116/><T52/><D104/><U1/><E1/><V88/><F88/><T134/><D134/><U110/><E110/><V120/><F51/><T90/><D99/><U47/><E135/><V72/><F49/><T81/><D90/><U71/><E105/><V95/><F95/><T32/><D81/><U87/><E75/><V96/><F70/><T82/><D82/><U62/><REACH who="1" step="1"/><E71/><REACH who="1" ten="286,234,520,0" step="2"/><V101/><F3/><T89/><D32/><U108/><E108/><V86/><F72/><T123/><N who="0" m="31520" /><T103/><D131/><U85/><E85/><V69/><F86/><T106/><D106/><U122/><N who="1" m="31264" /><U57/><E57/><V45/><F59/><T55/><D130/><U91/><E91/><V37/><F129/><T66/><D89/><U97/><AGARI ba="0,1" hai="39,41,47,61,62,76,77,80,83,84,87,92,97,102" m="31264,31008" machi="97" ten="30,6000,1" yaku="1,1,0,1,9,1,52,2,53,0" doraHai="113" doraHaiUra="115" who="1" fromWho="1" sc="286,-20,234,70,520,-40,0,0" owari="266,-33.0,304,-10.0,480,43.0,0,0.0" /></mjloggm>