<mjloggm ver="2.3"><GO type="169" lobby="0"/><UN n0="%73%69%65%72%61%34%30%31" n1="%54%6F%6B%75%63%68%69" n2="%E3%81%AE%E3%81%99%E3%81%AE%E3%81%99%E3%81%AE" n3="%E3%81%A1%E3%82%83%E3%82%93%E3%81%86%E3%82%81" dan="18,17,16,16" rate="2232.77,2236.65,2089.29,2050.85" sx="F,M,M,M"/><TAIKYOKU oya="0"/><INIT seed="0,0,0,2,2,52" ten="250,250,250,250" oya="0" hai0="50,25,9,127,111,93,70,92,133,15,46,107,67" hai1="72,110,26,27,40,108,104,106,84,14,87,21,13" hai2="126,81,16,103,31,35,117,112,66,102,11,61,0" hai3="54,100,62,19,135,2,53,58,77,79,6,105,94"/><T132/><D107/><U109/><E72/><V47/><F112/><W134/><G105/><N who="1" m="40554" /><E40/><V7/><F126/><W120/><G120/><T8/><D127/><U89/><E27/><V114/><F114/><W82/><G19/><T129/><D129/><U5/><E5/><V29/><F117/><W88/><G100/><T32/><D70/><U44/><E44/><V130/><F130/><W122/><G122/><T45/><D67/><U23/><E21/><V36/><F81/><W3/><G6/><T83/><D83/><N who="1" m="49311" /><E87/><V128/><F128/><W75/><G79/><T24/><D50/><U17/><AGARI ba="0,0" hai="13,14,17,23,26,108,109,110" m="49311,40554" machi="17" ten="40,1500,0" yaku="14,1" doraHai="52" who="1" fromWho="1" sc="250,-7,250,15,250,-4,250,-4" /><INIT seed="1,0,0,1,5,28" ten="243,265,246,246" oya="1" hai0="98,90,21,78,109,2,29,59,74,34,39,57,10" hai1="22,55,30,97,44,77,93,70,103,119,115,6,60" hai2="84,58,35,108,121,4,73,31,9,128,88,126,85" hai3="56,24,102,95,47,68,48,52,96,91,3,13,46"/><U53/><E115/><V124/><F121/><W81/><G3/><T79/><D39/><U67/><E119/><V5/><F73/><W69/><G24/><T1/><D21/><U43/><E77/><V105/><F105/><W86/><G69/><T64/><D109/><U71/><E71/><V87/><F108/><W89/><G68/><T51/><D51/><U111/><E6/><V83/><F128/><W41/><G13/><T8/><D98/><U80/><E80/><V122/><F122/><W38/><REACH who="3" step="1"/><G47/><REACH who="3" ten="243,265,246,236" step="2"/><T107/><D1/><U72/><E111/><V65/><F124/><W127/><G127/><T15/><D15/><U135/><E135/><V100/><F126/><W16/><G16/><T37/><D2/><U110/><E110/><V94/><F58/><W76/><AGARI ba="0,1" hai="38,41,46,48,52,56,76,81,86,89,91,95,96,102" machi="76" ten="20,5200,0" yaku="1,1,0,1,7,1,54,1,53,0" doraHai="28" doraHaiUra="116" who="3" fromWho="3" sc="243,-13,265,-26,246,-13,236,62" /><INIT seed="2,0,0,0,4,50" ten="230,239,233,298" oya="2" hai0="56,77,2,63,46,107,131,3,71,69,26,43,68" hai1="120,62,53,22,90,65,132,82,124,127,8,6,95" hai2="109,117,89,91,104,121,48,49,111,33,130,52,118" hai3="51,115,84,99,125,96,32,31,37,20,88,110,66"/><V38/><F33/><W108/><G37/><T103/><D131/><U58/><E132/><V13/><F104/><W7/><G125/><T106/><D77/><U85/><E120/><V129/><F121/><W93/><G115/><T54/><D26/><U44/><E22/><V57/><F38/><W21/><G66/><T30/><D30/><U36/><E65/><V14/><F57/><W105/><G7/><T15/><D15/><U29/><E29/><V94/><F94/><W0/><G0/><T83/><D83/><U135/><E135/><V72/><F72/><W45/><G32/><T133/><D133/><U12/><REACH who="1" step="1"/><E95/><REACH who="1" ten="230,229,233,298" step="2"/><V70/><F70/><W17/><G31/><T78/><D106/><U87/><E87/><V11/><F11/><W128/><G21/><T28/><D28/><U25/><E25/><V75/><REACH who="2" step="1"/><F75/><REACH who="2" ten="230,229,223,298" step="2"/><W98/><G105/><T61/><D107/><U73/><E73/><V60/><F60/><W92/><G92/><T34/><D63/><U10/><E10/><V19/><F19/><W27/><REACH who="3" step="1"/><G128/><REACH who="3" ten="230,229,223,288" step="2"/><T41/><D34/><U116/><E116/><V79/><F79/><W114/><G114/><T97/><D78/><U55/><E55/><AGARI ba="0,3" hai="13,14,48,49,52,55,89,91,109,111,117,118,129,130" machi="55" ten="25,18000,2" yaku="1,1,22,2,52,2,54,1,53,0" doraHai="50" doraHaiUra="102" who="2" fromWho="1" sc="230,0,229,-180,223,210,288,0" /><AGARI ba="0,0" hai="17,20,27,45,51,55,84,88,93,96,98,99,108,110" machi="55" ten="40,5200,0" yaku="1,1,52,1,54,1,53,0" doraHai="50" doraHaiUra="102" who="3" fromWho="1" sc="230,0,49,-52,433,0,288,52" owari="230,-17.0,-3,-50.0,433,53.0,340,14.0" /></mjloggm>