<mjloggm ver="2.3"><GO type="185" lobby="0"/><UN n0="%E3%82%A2%E3%83%95%E3%83%AA%E3%82%AB" n1="%73%68%6F%72%74%79" n2="%E5%B8%AB%E5%8C%A0%2F%E9%9B%80%E9%AC%BC" n3="" dan="17,16,16,0" rate="2254.33,2187.62,2165.16,1500.00" sx="M,M,M,C"/><TAIKYOKU oya="0"/><INIT seed="0,0,0,3,1,134" ten="350,350,350,0" oya="0" hai0="97,87,122,88,47,84,128,72,80,118,39,89,132" hai1="69,98,111,135,126,104,86,73,43,63,1,114,64" hai2="81,94,115,124,101,57,68,106,70,58,35,117,113" hai3=""/><T91/><N who="0" m="31264" /><T110/><D132/><U82/><E135/><V54/><F35/><T121/><N who="0" m="31008" /><T34/><D34/><U42/><E1/><V40/><F106/><T123/><N who="0" m="31520" /><T67/><D118/><U37/><E73/><V83/><F40/><T100/><D67/><U102/><E111/><V112/><F117/><T59/><D59/><U77/><E114/><V90/><F101/><T52/><D128/><U107/><E107/><V49/><F58/><T120/><N who="0" m="30752" /><T105/><D110/><U66/><E66/><V0/><F0/><T62/><D62/><U108/><E108/><V60/><F60/><T75/><D39/><U92/><E37/><V33/><F33/><T85/><REACH who="0" step="1"/><D80/><REACH who="0" ten="340,350,350,0" step="2"/><U45/><E82/><V127/><F83/><T95/><D95/><U53/><E92/><V51/><F81/><T103/><D103/><U3/><E102/><V109/><F109/><T96/><D96/><U93/><E98/><V76/><F115/><T130/><D130/><U46/><E63/><V50/><F113/><T36/><D36/><U79/><E64/><V116/><F112/><T78/><D78/><U44/><E79/><V119/><F76/><T131/><D131/><U125/><E77/><V2/><F119/><RYUUKYOKU ba="0,1" sc="340,20,350,-10,350,-10,0,0" hai0="47,52,72,75,84,85,87,88,89,91,97,100,105" /><INIT seed="0,1,1,3,4,121" ten="360,340,340,0" oya="0" hai0="89,82,101,124,58,47,129,43,77,84,131,94,40" hai1="127,53,81,116,44,3,110,93,92,109,33,69,54" hai2="128,67,76,108,38,87,118,62,80,70,134,50,65" hai3=""/><T104/><D124/><U60/><E116/><V51/><F38/><T133/><D133/><U48/><E3/><V37/><F134/><T73/><D58/><U125/><E33/><V79/><F37/><T135/><D135/><U59/><E81/><V112/><F112/><T102/><D43/><U85/><E69/><V56/><F118/><T103/><REACH who="0" step="1"/><D104/><REACH who="0" ten="350,340,340,0" step="2"/><U90/><REACH who="1" step="1"/><E93/><REACH who="1" ten="350,330,340,0" step="2"/><V119/><F119/><T32/><D32/><U100/><E100/><V98/><F70/><T1/><D1/><U39/><E39/><AGARI ba="1,3" hai="39,40,47,73,77,82,84,89,94,101,102,103,129,131" machi="39" ten="40,2000,0" yaku="1,1,53,0" doraHai="121" doraHaiUra="45" who="0" fromWho="1" sc="350,52,330,-22,340,0,0,0" /><INIT seed="0,2,0,4,0,128" ten="402,308,340,0" oya="0" hai0="70,108,58,102,129,40,67,98,66,135,100,110,134" hai1="90,125,121,44,133,55,36,116,63,84,109,112,89" hai2="42,53,95,130,59,119,93,101,32,122,33,82,88" hai3=""/><T41/><D70/><U50/><N who="1" m="31008" /><U69/><E116/><V74/><N who="2" m="31264" /><V35/><F130/><T39/><D129/><U38/><E109/><N who="0" m="42089" /><D39/><U48/><E112/><V104/><F119/><T106/><D102/><U131/><E131/><V103/><F42/><N who="0" m="16490" /><D58/><U83/><E36/><V111/><F111/><T124/><D124/><U113/><E38/><V54/><F101/><T107/><D106/><U45/><E113/><V120/><N who="2" m="30752" /><V52/><F59/><T127/><D127/><U77/><E125/><V81/><F104/><T117/><D117/><U76/><E69/><V75/><F103/><T92/><D107/><U91/><E45/><V85/><REACH who="2" step="1"/><F95/><REACH who="2" ten="402,308,330,0" step="2"/><T0/><D0/><U115/><E115/><V96/><F96/><T56/><D56/><U65/><E44/><V68/><F68/><T57/><D57/><U79/><E55/><V43/><F43/><T3/><D3/><U60/><E48/><V72/><AGARI ba="2,1" hai="32,33,35,52,53,54,72,74,75,81,82,85,88,93" m="30752,31264" machi="72" ten="50,12000,3" yaku="1,1,0,1,29,2,52,2,54,2,53,0" doraHai="128" doraHaiUra="61" who="2" fromWho="2" sc="402,-82,308,-42,330,134,0,0" /><INIT seed="1,0,0,3,0,128" ten="320,266,464,0" oya="1" hai0="63,107,41,119,132,102,44,86,67,35,112,109,98" hai1="79,65,51,121,78,131,130,82,69,103,117,3,125" hai2="135,113,77,62,34,88,54,129,49,0,90,133,116" hai3=""/><U91/><N who="1" m="31008" /><U70/><E117/><V97/><F0/><T127/><D119/><U122/><N who="1" m="31264" /><U58/><E3/><V111/><F34/><T114/><D35/><U57/><E103/><V75/><F116/><T81/><D127/><U39/><E39/><V42/><F129/><T101/><D101/><U110/><E125/><V61/><F111/><T73/><D73/><U47/><E110/><V71/><F42/><T95/><D107/><U53/><E91/><V52/><F113/><T68/><D109/><U66/><E79/><V123/><N who="2" m="31520" /><V92/><F90/><T43/><D43/><U37/><E37/><V55/><F49/><T89/><REACH who="0" step="1"/><D132/><REACH who="0" ten="310,266,464,0" step="2"/><N who="2" m="50762" /><F71/><T74/><D74/><U126/><E126/><V85/><F75/><T100/><D100/><U108/><E108/><V80/><AGARI ba="0,1" hai="52,54,55,61,62,77,80,85,88,92,97" m="50762,31520" machi="80" ten="40,9000,2" yaku="20,1,52,4,54,2" doraHai="128" who="2" fromWho="2" sc="310,-30,266,-60,464,100,0,0" /><INIT seed="2,0,0,0,2,52" ten="280,206,564,0" oya="2" hai0="58,83,94,1,87,48,134,56,106,33,121,46,60" hai1="64,97,100,129,42,49,98,132,119,57,118,0,71" hai2="2,67,69,91,41,59,51,117,44,61,88,126,124" hai3=""/><V73/><F2/><T111/><N who="0" m="31008" /><T32/><D106/><U47/><E0/><V75/><F117/><N who="1" m="44553" /><E132/><V37/><F73/><T125/><D1/><U35/><E129/><V122/><N who="2" m="31264" /><V65/><F75/><T34/><D134/><U66/><E35/><V62/><REACH who="2" step="1"/><F37/><REACH who="2" ten="280,206,554,0" step="2"/><T74/><D74/><U39/><E39/><V128/><F128/><T70/><D34/><U55/><E97/><V112/><F112/><T108/><D32/><U84/><E84/><V93/><F93/><T76/><D94/><U102/><E98/><V95/><F95/><T120/><N who="0" m="30752" /><T116/><D116/><U104/><E104/><V72/><F72/><T105/><D105/><U103/><E71/><V92/><F92/><T45/><D70/><U81/><E81/><V40/><F40/><T78/><D33/><U127/><E127/><AGARI ba="0,1" hai="41,44,51,59,61,62,65,67,69,88,91,124,126,127" m="31264" machi="127" ten="40,18000,2" yaku="1,1,18,1,52,2,54,1,53,2" doraHai="52" doraHaiUra="86" who="2" fromWho="1" sc="280,0,206,-180,554,190,0,0" /><INIT seed="2,1,0,0,1,44" ten="280,26,744,0" oya="2" hai0="41,65,52,71,38,69,35,95,54,124,89,103,96" hai1="40,93,130,92,87,97,106,67,34,105,86,75,83" hai2="80,121,88,77,131,90,91,82,133,98,108,68,118" hai3=""/><V119/><N who="2" m="31008" /><V0/><F0/><T113/><D35/><U107/><E34/><V101/><F68/><T63/><D124/><U1/><E1/><V109/><F131/><T36/><D113/><U115/><E67/><V47/><F47/><T42/><D71/><U60/><E60/><V78/><F133/><T117/><D117/><N who="2" m="44554" /><F77/><T59/><D54/><U112/><E40/><V37/><F37/><T125/><D125/><U122/><N who="1" m="31264" /><U57/><E57/><V120/><N who="2" m="30752" /><V3/><F3/><T100/><D36/><U33/><E33/><V99/><F80/><T94/><D38/><U81/><E130/><V102/><F98/><T51/><D42/><U126/><E126/><V72/><F101/><T127/><D127/><U111/><E111/><V50/><F50/><T45/><D103/><U104/><N who="1" m="26624" /><DORA hai="61" /><U73/><E115/><V114/><F114/><T135/><D135/><U43/><E97/><V70/><F70/><T76/><D69/><U32/><E32/><V48/><F48/><T132/><D132/><U129/><E112/><V46/><F46/><T85/><D41/><U123/><N who="1" m="31520" /><U49/><E129/><V55/><F55/><T110/><D110/><U62/><E43/><V84/><F72/><RYUUKYOKU ba="1,0" sc="280,10,26,-20,744,10,0,0" hai0="45,51,52,59,63,65,76,85,89,94,95,96,100" hai2="78,82,84,88,90,91,99,102,108,109" /><INIT seed="2,2,0,1,4,115" ten="290,6,754,0" oya="2" hai0="72,108,99,96,90,111,118,83,69,88,61,116,65" hai1="77,89,40,104,109,37,76,56,95,0,123,117,3" hai2="38,53,97,50,135,131,103,101,78,98,126,91,49" hai3=""/><V54/><F38/><T85/><D72/><U35/><N who="1" m="31520" /><U120/><N who="1" m="30752" /><U67/><E35/><V125/><F91/><T33/><D33/><U47/><E104/><V2/><F78/><T132/><D132/><U121/><N who="1" m="31008" /><U105/><E105/><V32/><F32/><T64/><D64/><U43/><E43/><V127/><F131/><T68/><D68/><U81/><E77/><V74/><F74/><T57/><D69/><U34/><E34/><V48/><F2/><T66/><D66/><U71/><E71/><V107/><F135/><T84/><D99/><U60/><E109/><N who="0" m="42057" /><D96/><U128/><E128/><V70/><F70/><T119/><D119/><U106/><E106/><AGARI ba="2,0" hai="48,49,50,53,54,97,98,101,103,106,107,125,126,127" machi="106" ten="50,4800,0" yaku="9,1,18,1" doraHai="115" who="2" fromWho="1" sc="290,0,6,-52,754,52,0,0" owari="290,-11.0,-46,-65.0,806,76.0,0,0.0" /></mjloggm>