<mjloggm ver="2.3"><GO type="225" lobby="0"/><UN n0="%E8%A8%88%E7%AE%97%E6%A9%9F%E8%87%AA%E7%84%B6" n1="%70%68%65%6E%6F%6D%65" n2="%E9%B3%B3%E6%9D%B1%E3%81%AE%E3%81%86%E3%81%95%E3%81%8E%E3%81%95%E3%82%93" n3="%E3%82%BC%E3%83%AB%E3%83%80%E3%81%AE%E4%BC%9D%E8%AA%AC" dan="17,17,17,17" rate="2184.28,2210.50,2185.86,2223.13" sx="M,M,M,M"/><TAIKYOKU oya="0"/><INIT seed="0,0,0,1,3,121" ten="250,250,250,250" oya="0" hai0="100,96,40,31,90,128,63,64,26,18,75,43,120" hai1="57,94,41,16,13,115,23,126,62,134,106,105,34" hai2="50,56,69,59,30,48,107,76,78,8,54,60,89" hai3="1,99,70,125,122,14,10,22,33,61,130,73,37"/><T42/><D120/><U83/><E126/><V65/><F107/><W27/><G122/><T44/><D128/><U7/><E134/><V3/><F30/><W91/><G73/><T123/><D75/><U32/><E115/><V135/><F135/><W102/><G37/><T72/><D72/><U103/><E41/><V79/><F89/><W24/><G125/><T19/><D90/><U127/><E127/><V55/><REACH who="2" step="1"/><F79/><REACH who="2" ten="250,250,240,250" step="2"/><W20/><G91/><T112/><D123/><U132/><E106/><V4/><AGARI ba="0,1" hai="3,4,8,48,50,54,55,56,59,60,65,69,76,78" machi="4" ten="30,7900,0" yaku="1,1,2,1,0,1,9,1,53,0" doraHai="121" doraHaiUra="39" who="2" fromWho="2" sc="250,-39,250,-20,240,89,250,-20" /><INIT seed="1,0,0,3,3,64" ten="211,230,329,230" oya="1" hai0="94,72,113,116,5,44,29,43,61,3,115,56,48" hai1="82,10,62,100,0,49,126,37,104,120,67,76,129" hai2="66,124,42,8,106,7,39,97,58,125,38,54,41" hai3="15,1,47,14,16,134,81,59,131,102,18,85,25"/><U23/><E120/><V86/><F66/><W40/><G134/><T73/><D116/><U75/><E37/><N who="2" m="13835" /><F86/><W90/><G131/><T89/><D29/><U63/><E129/><V21/><F21/><W35/><G1/><T111/><D111/><U132/><E132/><V80/><F80/><W118/><G118/><T9/><D72/><U45/><E126/><N who="2" m="48747" /><F97/><W93/><G59/><T127/><D73/><U92/><E23/><V6/><F106/><W135/><G135/><T130/><D130/><U30/><E30/><V33/><F33/><W26/><G35/><T11/><D11/><U65/><E104/><V50/><F6/><W88/><G102/><T77/><D77/><U68/><E100/><V87/><F87/><N who="3" m="52383" /><G15/><AGARI ba="0,0" hai="7,8,15,41,42,50,54,58" m="48747,13835" machi="15" ten="30,1000,0" yaku="18,1" doraHai="64" who="2" fromWho="3" sc="211,0,230,0,329,10,230,-10" /><INIT seed="2,0,0,0,4,85" ten="211,230,339,220" oya="2" hai0="18,97,66,98,7,119,15,71,106,26,32,91,35" hai1="76,1,45,101,89,105,73,69,120,80,13,90,134" hai2="108,129,14,95,110,61,22,31,100,111,68,36,37" hai3="56,42,29,44,53,12,40,2,92,43,78,104,70"/><V48/><F129/><W107/><G2/><T55/><D119/><U87/><E1/><V77/><F77/><W88/><G70/><T135/><D135/><U23/><E69/><V133/><F133/><W126/><G126/><T5/><D55/><U82/><E134/><V30/><F48/><W102/><G78/><T96/><D106/><U3/><E3/><V19/><F100/><W124/><G124/><T38/><D38/><N who="2" m="14954" /><F95/><W4/><G29/><T79/><D79/><N who="1" m="44143" /><E45/><V118/><F118/><W8/><G102/><T123/><D123/><U0/><E0/><V47/><F47/><W27/><G27/><T114/><D114/><U62/><E62/><V115/><F115/><W54/><G44/><T64/><D71/><U121/><E23/><V21/><F21/><W65/><G65/><AGARI ba="0,0" hai="14,19,22,30,31,61,65,68,108,110,111" m="14954" machi="65" ten="40,3900,0" yaku="14,1,10,1" doraHai="85" who="2" fromWho="3" sc="211,0,230,0,339,39,220,-39" /><INIT seed="2,1,0,0,5,26" ten="211,230,378,181" oya="2" hai0="94,98,27,122,108,63,9,22,100,49,101,59,104" hai1="5,28,6,54,3,30,112,109,85,53,95,105,1" hai2="15,89,29,91,86,47,107,114,110,17,32,133,117" hai3="41,79,55,11,4,0,65,83,31,20,43,74,13"/><V51/><F114/><W125/><G125/><T40/><D122/><U60/><E105/><V99/><F117/><W12/><G65/><N who="0" m="39167" /><D104/><U45/><E112/><V103/><F133/><W39/><G55/><T118/><D108/><U76/><E109/><V102/><F110/><W34/><G34/><T52/><D9/><U126/><E126/><V80/><F102/><W106/><G106/><T78/><D78/><U87/><E76/><V23/><F89/><W33/><G33/><T90/><D40/><U97/><E60/><V56/><F56/><W66/><G66/><T120/><D120/><U135/><E135/><V84/><F86/><W82/><G82/><T123/><D118/><U132/><E132/><V70/><F70/><W61/><G61/><T77/><D77/><U93/><E45/><V25/><REACH who="2" step="1"/><F47/><REACH who="2" ten="211,230,368,181" step="2"/><W116/><G116/><T131/><D123/><U115/><E115/><V113/><F113/><W128/><G128/><T62/><D131/><U35/><E35/><V88/><F88/><W36/><G74/><T67/><D67/><U129/><E129/><V72/><F72/><W130/><G130/><T46/><D62/><U119/><E119/><V18/><F18/><AGARI ba="1,1" hai="18,22,27,46,49,52,90,94,98,100,101" m="39167" machi="18" ten="30,2000,0" yaku="8,1,54,1" doraHai="26" who="0" fromWho="2" sc="211,33,230,0,368,-23,181,0" /><INIT seed="3,0,0,5,4,50" ten="244,230,345,181" oya="3" hai0="55,58,16,52,21,125,26,76,48,100,91,110,38" hai1="56,70,14,57,37,17,126,93,82,13,12,24,75" hai2="46,98,39,89,122,112,63,96,30,22,83,7,44" hai3="80,120,11,130,73,79,69,111,121,109,92,90,74"/><W115/><G69/><T135/><D38/><U119/><E70/><V62/><F112/><W123/><G11/><T2/><D2/><U67/><E37/><V59/><F122/><W65/><G65/><T47/><D110/><N who="3" m="41993" /><G130/><T49/><D125/><U118/><E126/><V129/><F62/><W102/><G115/><T32/><D135/><U36/><E36/><V0/><F63/><W78/><G102/><T41/><D100/><U94/><E17/><V43/><F7/><W45/><G45/><N who="0" m="25647" /><D32/><U105/><E24/><V106/><F46/><W25/><G25/><T114/><D114/><U61/><E57/><V87/><F44/><W6/><G6/><T131/><D131/><U33/><E33/><V19/><F59/><W99/><G79/><T9/><D76/><N who="1" m="44319" /><E105/><V29/><F106/><W103/><G103/><T10/><D91/><U64/><E64/><V88/><F129/><W3/><G3/><T72/><D72/><AGARI ba="0,0" hai="72,73,74,78,80,90,92,99,120,121,123" m="41993" machi="72" ten="40,12000,1" yaku="14,1,10,1,34,2" doraHai="50" who="3" fromWho="0" sc="244,-120,230,0,345,0,181,120" /><INIT seed="3,1,0,5,1,4" ten="124,230,345,301" oya="3" hai0="104,82,112,125,68,71,16,51,13,3,101,88,129" hai1="44,86,99,47,64,69,11,117,116,19,38,54,113" hai2="40,78,114,76,105,91,135,124,1,21,10,31,33" hai3="75,80,84,35,6,95,48,58,120,131,102,130,93"/><W134/><G120/><T70/><D125/><U109/><E113/><V67/><F114/><W12/><G35/><T30/><D112/><U5/><E109/><V107/><F124/><W26/><G75/><T121/><D129/><N who="3" m="49161" /><G134/><T94/><D121/><U85/><E19/><V103/><F40/><W63/><G48/><T42/><D30/><U25/><E25/><V24/><F135/><W2/><G2/><T28/><D28/><U60/><E99/><V97/><F107/><W92/><G26/><T32/><D32/><U90/><E54/><V98/><F21/><W108/><G108/><T8/><D82/><U132/><E86/><V65/><F10/><N who="3" m="4183" /><G102/><T50/><D42/><U43/><E47/><V20/><F1/><W0/><G0/><T74/><D74/><U52/><E132/><V81/><F33/><W45/><G45/><T15/><D3/><U14/><E116/><V79/><REACH who="2" step="1"/><F81/><REACH who="2" ten="124,230,335,301" step="2"/><W57/><G63/><T133/><D133/><U106/><E106/><V46/><F46/><W118/><G118/><T87/><REACH who="0" step="1"/><D13/><REACH who="0" ten="114,230,335,301" step="2"/><U127/><E127/><V115/><F115/><W123/><G123/><T77/><D77/><AGARI ba="1,2" hai="57,58,77,80,84,92,93,95" m="4183,49161" machi="77" ten="30,2900,0" yaku="19,1,52,1" doraHai="4" who="3" fromWho="0" sc="114,-32,230,0,335,0,301,52" owari="82,-42.0,230,-17.0,335,14.0,353,45.0" /></mjloggm>