<mjloggm ver="2.3"><GO type="169" lobby="0"/><UN n0="%43%75%74%2E%4B%65%79" n1="%E3%82%A2%E3%82%B9%E3%82%BF%E3%83%8A" n2="%E3%82%82%E3%81%93%E3%81%BF" n3="%E8%91%B5%E3%81%A1%E3%82%83%E3%82%93" dan="16,16,17,17" rate="2049.76,2055.30,2232.62,2224.90" sx="F,M,M,M"/><TAIKYOKU oya="0"/><INIT seed="0,0,0,0,2,18" ten="250,250,250,250" oya="0" hai0="59,97,9,74,115,95,13,126,44,46,50,134,76" hai1="51,20,125,32,36,15,121,70,33,119,25,133,98" hai2="22,128,94,102,88,107,16,103,132,83,99,84,129" hai3="41,106,72,135,31,4,27,96,52,26,56,65,30"/><T19/><D115/><U17/><E36/><V111/><F111/><W122/><G135/><T6/><D126/><U120/><E70/><V47/><F132/><W85/><G72/><T86/><D74/><U124/><E133/><V60/><F47/><W66/><G122/><T104/><D104/><U113/><E51/><V131/><F60/><W62/><G41/><T110/><D110/><U0/><E98/><V12/><F102/><W24/><G4/><T45/><D59/><U118/><E0/><V11/><F11/><W87/><G96/><T112/><D112/><U43/><E43/><V64/><F64/><N who="3" m="24683" /><G106/><AGARI ba="0,0" hai="12,16,22,83,84,88,94,99,103,106,107,128,129,131" machi="106" ten="40,8000,1" yaku="19,1,52,1,54,2" doraHai="18" who="2" fromWho="3" sc="250,0,250,0,250,80,250,-80" /><INIT seed="1,0,0,0,3,118" ten="250,250,330,170" oya="1" hai0="4,43,73,93,13,76,28,40,86,107,58,42,7" hai1="48,113,71,44,32,120,2,50,31,17,11,132,125" hai2="69,53,67,25,131,20,18,88,19,121,66,87,56" hai3="52,68,96,133,78,98,115,54,109,61,10,75,123"/><U49/><E113/><V8/><F131/><W64/><G115/><T35/><D107/><U90/><E71/><V15/><F69/><W110/><G133/><T116/><D116/><U63/><E132/><V72/><F72/><W45/><G10/><T22/><D35/><U103/><E103/><V29/><F29/><W89/><G123/><T127/><D73/><U82/><E63/><V91/><F91/><W33/><G33/><T27/><D127/><U36/><E125/><V5/><F5/><W117/><G117/><T128/><D128/><U24/><E36/><V23/><F8/><W46/><G46/><T79/><D58/><U60/><E60/><V57/><F57/><W104/><G104/><T3/><D3/><U100/><E100/><V95/><F121/><W47/><G47/><T14/><D93/><U97/><E120/><V99/><F99/><N who="3" m="37931" /><G89/><T80/><D79/><U124/><E124/><V70/><F70/><W135/><G45/><T6/><AGARI ba="0,0" hai="4,6,7,13,14,22,27,28,40,42,43,76,80,86" machi="6" ten="30,2000,0" yaku="0,1,8,1" doraHai="118" who="0" fromWho="0" sc="250,20,250,-10,330,-5,170,-5" /><INIT seed="2,0,0,3,1,7" ten="270,240,325,165" oya="2" hai0="95,67,130,68,26,119,85,8,116,2,113,23,110" hai1="66,98,109,83,57,114,91,86,122,80,42,55,54" hai2="132,62,20,128,53,9,112,129,102,13,105,6,61" hai3="100,3,115,126,38,71,29,99,60,76,92,22,96"/><V45/><F112/><W127/><G38/><T43/><D113/><U28/><E114/><V94/><F105/><W58/><G71/><T64/><D130/><N who="2" m="50282" /><F132/><W34/><G34/><T72/><D72/><U18/><E109/><V117/><F117/><N who="0" m="45130" /><D43/><U49/><E122/><V89/><F102/><W106/><G76/><T5/><D68/><U124/><E124/><N who="3" m="47658" /><G3/><T44/><D44/><U135/><E135/><V47/><F20/><W31/><G22/><T101/><D110/><U50/><E28/><V12/><F12/><W41/><G41/><T97/><D85/><U11/><E66/><V84/><F53/><N who="3" m="33871" /><G115/><T118/><N who="0" m="45138" /><T78/><DORA hai="51" /><D78/><U16/><E42/><V30/><F30/><AGARI ba="0,0" hai="2,5,8,23,26,30,64,67,95,97,101" m="45138" machi="30" ten="40,2600,0" yaku="12,1,52,1" doraHai="7,51" who="0" fromWho="2" sc="270,26,240,0,325,-26,165,0" /><INIT seed="3,0,0,0,0,106" ten="296,240,299,165" oya="3" hai0="26,15,52,127,9,35,95,23,129,100,119,88,93" hai1="64,134,121,8,40,6,107,102,104,17,45,20,115" hai2="16,90,21,69,10,33,12,14,75,54,131,49,66" hai3="41,83,101,110,114,94,67,47,86,58,51,30,81"/><W72/><G114/><T5/><D129/><U126/><E64/><V29/><F131/><W91/><G110/><T50/><D127/><U27/><E115/><V128/><F128/><W82/><G30/><T63/><D35/><U13/><E121/><V3/><F3/><W28/><G28/><N who="0" m="17503" /><D119/><U113/><E113/><V68/><F75/><W34/><G34/><T80/><D63/><U122/><E122/><V60/><F68/><W39/><G101/><T79/><D79/><U105/><E126/><V116/><F33/><W53/><REACH who="3" step="1"/><G67/><REACH who="3" ten="296,240,299,155" step="2"/><T103/><D100/><U85/><E102/><V70/><F29/><W55/><G55/><T11/><D103/><U111/><E111/><V84/><F116/><W32/><G32/><T97/><D93/><U96/><E105/><V108/><F108/><W46/><G46/><N who="0" m="27735" /><D80/><U62/><E104/><V120/><F120/><W1/><G1/><T4/><D11/><U48/><E8/><V73/><F10/><W18/><G18/><AGARI ba="0,1" hai="4,5,9,15,18,88,95,97" m="27735,17503" machi="18" ten="30,3900,0" yaku="8,1,54,2" doraHai="106" who="0" fromWho="3" sc="296,49,240,0,299,0,155,-39" /><INIT seed="4,0,0,5,5,55" ten="345,240,299,116" oya="0" hai0="9,30,127,86,123,28,73,119,105,106,75,118,68" hai1="37,114,26,95,112,88,38,121,131,63,53,51,24" hai2="134,21,70,67,12,101,69,11,66,36,7,6,104" hai3="110,43,103,107,85,13,94,5,122,128,59,60,74"/><T89/><D123/><U49/><E121/><V102/><F36/><W81/><G110/><T98/><D68/><U15/><E131/><V117/><F134/><W77/><G128/><T93/><D9/><U52/><E63/><V32/><F32/><W115/><G115/><N who="1" m="44074" /><E15/><V72/><F72/><N who="0" m="27722" /><D30/><U65/><E65/><V130/><F130/><W1/><G1/><T61/><D28/><U135/><E135/><V3/><F117/><N who="0" m="44554" /><D61/><U99/><E49/><V57/><F104/><N who="0" m="40042" /><D127/><U96/><E96/><AGARI ba="0,0" hai="86,89,93,96,98" m="40042,44554,27722" machi="96" ten="40,3900,0" yaku="34,2" doraHai="55" who="0" fromWho="1" sc="345,39,240,-39,299,0,116,0" /><INIT seed="4,1,0,5,3,135" ten="384,201,299,116" oya="0" hai0="4,56,12,48,84,26,86,18,63,32,107,115,7" hai1="35,126,117,27,37,82,99,29,38,22,59,92,101" hai2="30,8,133,100,104,77,60,122,53,74,95,5,14" hai3="39,89,16,80,69,114,105,71,98,97,83,25,62"/><T58/><D107/><U20/><E117/><V116/><F122/><W79/><G39/><T45/><D32/><U55/><E82/><V40/><F104/><W94/><G114/><T91/><D26/><U123/><E123/><V65/><F133/><W34/><G34/><T51/><D115/><U54/><E126/><V110/><F110/><W10/><G83/><N who="0" m="49567" /><D86/><U50/><E35/><V52/><F40/><W46/><G46/><T102/><D102/><U96/><E96/><V47/><F47/><W128/><G62/><T36/><D36/><U76/><E76/><V70/><F30/><W75/><G128/><T2/><D2/><U3/><E3/><V72/><F116/><W64/><G64/><N who="0" m="39015" /><D58/><U132/><E132/><V112/><F112/><W111/><G111/><T68/><D68/><U121/><E121/><V134/><F134/><W21/><REACH who="3" step="1"/><G10/><REACH who="3" ten="384,201,299,106" step="2"/><N who="0" m="6423" /><D48/><U23/><E37/><V66/><F66/><W87/><G87/><T131/><D131/><U120/><E38/><V113/><F113/><W11/><G11/><T103/><D103/><AGARI ba="1,1" hai="16,21,25,69,71,75,79,80,89,94,97,98,103,105" machi="103" ten="40,2600,0" yaku="1,1,54,1,53,0" doraHai="135" doraHaiUra="109" who="3" fromWho="0" sc="384,-29,201,0,299,0,106,39" /><INIT seed="5,0,0,5,5,60" ten="355,201,299,145" oya="1" hai0="53,65,45,64,119,76,79,88,131,11,89,118,113" hai1="36,17,52,30,102,40,81,32,83,80,77,109,26" hai2="61,12,33,114,106,70,63,71,87,24,117,15,39" hai3="126,42,130,19,78,120,101,116,31,100,43,68,54"/><U132/><E132/><V21/><F117/><W85/><G120/><T108/><D11/><U23/><E109/><V107/><F39/><W7/><G68/><T10/><D10/><U95/><E36/><V8/><F33/><W57/><G116/><T110/><D53/><U72/><E40/><V0/><F0/><W121/><G121/><T50/><D50/><U14/><REACH who="1" step="1"/><E52/><REACH who="1" ten="355,191,299,145" step="2"/><V25/><F114/><W4/><G43/><T112/><D131/><U75/><E75/><V59/><F106/><W9/><G42/><T67/><D67/><U48/><E48/><V44/><F107/><W123/><G123/><T51/><D51/><U124/><E124/><V69/><F44/><AGARI ba="0,1" hai="44,45,64,65,76,79,88,89,108,110,112,113,118,119" machi="44" ten="25,8000,1" yaku="22,2,52,2,54,1" doraHai="60" who="0" fromWho="2" sc="355,90,191,0,299,-80,145,0" /><INIT seed="6,0,0,4,0,96" ten="445,191,219,145" oya="2" hai0="75,8,132,47,124,39,14,32,31,44,77,40,88" hai1="68,134,33,51,101,29,99,128,130,129,57,22,24" hai2="74,52,84,9,87,67,123,93,23,5,56,86,63" hai3="117,7,50,89,111,60,91,108,71,2,83,92,119"/><V97/><F123/><W19/><G50/><T43/><D132/><U35/><E68/><V62/><F74/><W61/><G7/><T38/><D124/><U27/><E134/><V126/><F126/><W94/><G71/><T21/><D32/><U131/><N who="1" m="32768" /><DORA hai="85" /><U81/><E81/><V113/><F113/><W90/><G83/><T109/><D109/><N who="3" m="42057" /><G19/><T58/><D58/><U107/><E27/><V59/><F23/><W104/><G2/><T54/><D54/><AGARI ba="0,0" hai="22,24,29,33,35,51,54,57,99,101,107" m="32768" machi="54" ten="70,4500,0" yaku="19,1,52,1" doraHai="96,85" who="1" fromWho="0" sc="445,-45,191,45,219,0,145,0" /><INIT seed="7,0,0,1,2,111" ten="400,236,219,145" oya="3" hai0="121,31,77,65,81,3,125,70,57,35,97,71,29" hai1="37,10,113,89,61,93,112,129,88,127,8,99,40" hai2="123,38,128,114,108,51,120,9,30,59,73,11,66" hai3="133,85,13,94,126,117,79,19,122,56,78,84,12"/><W24/><G117/><T98/><D3/><U132/><E132/><V34/><F108/><W102/><G122/><N who="2" m="46633" /><F73/><W68/><G68/><T5/><D5/><U16/><E127/><V82/><F38/><W115/><G126/><T95/><D125/><U42/><E129/><V26/><F128/><W58/><G133/><T69/><D121/><U76/><E76/><N who="3" m="29226" /><G24/><T101/><D97/><U90/><E61/><N who="2" m="38207" /><F82/><W1/><G1/><T134/><D35/><U83/><E8/><N who="2" m="3147" /><F51/><W54/><G115/><AGARI ba="0,0" hai="26,30,34,114,115" m="3147,38207,46633" machi="115" ten="30,3900,0" yaku="13,1,52,2" doraHai="111" who="2" fromWho="3" sc="400,0,236,0,219,39,145,-39" owari="400,49.0,236,-16.0,258,6.0,106,-39.0" /></mjloggm>