<mjloggm ver="2.3"><GO type="169" lobby="0"/><UN n0="%28%E6%A0%97%E7%94%B0%E6%81%AD%E5%AE%8F%29" n1="%E6%9A%A2%E4%B8%80" n2="%4D%61%74%75%75%72%61" n3="%70%72%6F%6E%61%72%69" dan="16,16,16,16" rate="2169.70,2183.35,2110.92,2103.45" sx="F,M,M,M"/><TAIKYOKU oya="0"/><INIT seed="0,0,0,2,3,108" ten="250,250,250,250" oya="0" hai0="118,100,41,113,13,6,52,87,57,54,31,85,125" hai1="97,67,122,112,62,79,110,39,28,116,71,130,133" hai2="78,99,68,106,61,69,111,89,135,11,93,19,18" hai3="86,30,129,2,43,131,20,73,80,117,128,76,70"/><T82/><D118/><U72/><E62/><V96/><F111/><W14/><G117/><T105/><D125/><U51/><E51/><V32/><F135/><W83/><G2/><T53/><D113/><U35/><E79/><V40/><F40/><W47/><G70/><T10/><D31/><U119/><E97/><V77/><F32/><W5/><G5/><T4/><D105/><U103/><E103/><V88/><F11/><W26/><G14/><T45/><D100/><U27/><E67/><V34/><F34/><W1/><G1/><T15/><D15/><U24/><E28/><V84/><F61/><W55/><G55/><T107/><D107/><U29/><E29/><V81/><F106/><W9/><G9/><T134/><D134/><U64/><E64/><V46/><F46/><W109/><G109/><T104/><D104/><U102/><E102/><V44/><F44/><W114/><G114/><T36/><D4/><U126/><E24/><V115/><F115/><W23/><G23/><T94/><D94/><U48/><E48/><V127/><F127/><W38/><REACH who="3" step="1"/><G80/><REACH who="3" ten="250,250,250,240" step="2"/><T25/><D25/><U123/><E116/><V17/><F69/><W60/><G60/><T56/><REACH who="0" step="1"/><D82/><REACH who="0" ten="240,250,250,240" step="2"/><U132/><E27/><V12/><F12/><W8/><G8/><T50/><D50/><U74/><E133/><V16/><F81/><W21/><G21/><T42/><D42/><U22/><E132/><V120/><F93/><W59/><G59/><AGARI ba="0,2" hai="6,10,13,36,41,45,52,53,54,56,57,59,85,87" machi="59" ten="40,7700,0" yaku="1,1,54,1,53,1" doraHai="108" doraHaiUra="37" who="0" fromWho="3" sc="240,97,250,0,250,0,240,-77" /><INIT seed="0,1,0,4,4,52" ten="337,250,250,163" oya="0" hai0="53,86,47,11,27,65,131,29,13,68,17,118,0" hai1="42,87,34,64,58,49,134,56,37,126,66,104,112" hai2="72,8,132,130,103,51,97,41,128,110,7,69,77" hai3="23,36,24,21,119,81,16,127,105,18,35,89,96"/><T78/><D118/><U44/><E34/><V121/><F121/><W125/><G119/><T43/><D131/><U6/><E104/><V117/><F69/><W26/><G36/><T2/><D68/><U82/><E6/><V101/><F117/><W71/><G71/><T1/><D65/><N who="1" m="25195" /><E87/><V93/><F110/><W90/><G35/><T32/><D78/><U45/><E82/><V83/><F51/><W38/><G38/><T70/><D70/><U79/><E79/><V15/><F41/><W100/><REACH who="3" step="1"/><G81/><REACH who="3" ten="337,250,250,153" step="2"/><T46/><D32/><U33/><E33/><V84/><F128/><W76/><G76/><T5/><D0/><U108/><E108/><V129/><F129/><W88/><AGARI ba="1,1" hai="16,18,21,23,24,26,88,89,90,96,100,105,125,127" machi="88" ten="30,16000,3" yaku="1,1,0,1,9,1,54,2,53,3" doraHai="52" doraHaiUra="85" who="3" fromWho="3" sc="337,-81,250,-41,250,-41,153,173" /><INIT seed="1,0,0,4,3,112" ten="256,209,209,326" oya="1" hai0="16,54,56,31,116,83,114,130,57,100,15,63,28" hai1="74,11,92,13,95,77,123,101,23,109,4,75,96" hai2="105,104,80,41,126,133,93,117,22,81,119,69,102" hai3="58,76,78,39,9,35,128,38,2,36,12,97,135"/><U99/><E109/><V19/><F69/><W24/><G128/><T62/><D114/><U70/><E123/><V61/><F41/><W52/><G2/><T8/><D130/><U90/><E70/><V71/><F126/><W33/><G135/><T88/><D100/><U17/><REACH who="1" step="1"/><E77/><REACH who="1" ten="256,199,209,326" step="2"/><V121/><F121/><W89/><G76/><T108/><D108/><U43/><E43/><V64/><F133/><W3/><G78/><T67/><D116/><U21/><E21/><V14/><F117/><W91/><G35/><T82/><D82/><U107/><E107/><V98/><F119/><W48/><G33/><T122/><D122/><U65/><E65/><V129/><F129/><W34/><G34/><T131/><D131/><U55/><E55/><V127/><F127/><W0/><G52/><T85/><AGARI ba="0,1" hai="8,15,16,28,31,54,56,57,62,63,67,83,85,88" machi="85" ten="30,7900,0" yaku="0,1,8,1,54,2" doraHai="112" who="0" fromWho="0" sc="256,89,199,-39,209,-20,326,-20" /><INIT seed="2,0,0,0,4,14" ten="345,160,189,306" oya="2" hai0="5,6,128,49,87,46,55,56,51,67,131,30,93" hai1="112,119,86,64,50,77,33,13,101,116,94,118,11" hai2="109,90,28,124,23,42,71,81,59,125,82,43,122" hai3="121,9,135,3,98,103,21,22,18,16,126,105,75"/><V73/><F71/><W111/><G121/><T15/><D30/><U12/><E33/><V8/><F122/><W7/><G75/><T72/><D72/><U113/><E64/><V29/><F8/><W17/><G111/><T34/><D34/><U37/><E37/><V92/><F59/><W19/><G135/><T91/><D67/><U32/><E32/><V123/><F123/><W41/><G126/><T0/><D0/><U48/><E12/><V24/><F29/><W4/><G4/><T120/><D120/><U69/><E69/><V1/><F1/><W35/><G35/><T132/><D132/><U134/><E134/><V60/><F60/><W65/><G41/><T108/><D108/><U68/><E68/><V25/><F25/><W117/><G117/><T74/><D74/><U110/><E110/><V2/><F2/><W52/><G65/><T27/><D27/><U100/><E100/><V44/><F43/><W97/><G97/><T53/><REACH who="0" step="1"/><D15/><REACH who="0" ten="335,160,189,306" step="2"/><U78/><E13/><V96/><F109/><W66/><N who="3" m="4096" /><DORA hai="115" /><W54/><REACH who="3" step="1"/><G66/><REACH who="3" ten="335,160,189,296" step="2"/><T20/><D20/><AGARI ba="0,2" hai="3,7,9,20,21,22,52,54,98,103,105" m="4096" machi="20" ten="50,16000,3" yaku="1,1,2,1,52,4,54,2,53,0" doraHai="14,115" doraHaiUra="129,76" who="3" fromWho="0" sc="335,-160,160,0,189,0,296,180" /><INIT seed="3,0,0,2,0,47" ten="175,160,189,476" oya="3" hai0="85,19,97,101,98,7,60,8,118,71,102,83,116" hai1="49,104,82,95,76,129,89,113,75,69,126,39,12" hai2="50,27,120,84,59,132,41,32,117,134,13,35,80" hai3="1,119,51,42,110,100,122,94,130,78,73,92,11"/><W44/><G119/><T9/><D71/><U52/><E113/><V68/><F68/><W31/><G122/><T62/><D19/><U25/><E39/><V86/><F117/><W87/><G130/><T81/><REACH who="0" step="1"/><D85/><REACH who="0" ten="165,160,189,476" step="2"/><U79/><E69/><V57/><F84/><W123/><G87/><T0/><D0/><U108/><E129/><V106/><F86/><W133/><G1/><T43/><D43/><U17/><E75/><V66/><F41/><W34/><G42/><T4/><AGARI ba="0,1" hai="4,7,8,9,60,62,81,83,97,98,101,102,116,118" machi="4" ten="25,6400,0" yaku="1,1,0,1,22,2,53,0" doraHai="47" doraHaiUra="46" who="0" fromWho="0" sc="165,74,160,-16,189,-16,476,-32" /><INIT seed="4,0,0,1,0,61" ten="239,144,173,444" oya="0" hai0="75,73,53,67,132,31,84,66,28,93,12,10,120" hai1="3,24,79,37,39,125,43,108,128,80,42,6,91" hai2="40,130,51,104,47,124,30,121,62,22,111,34,29" hai3="17,50,15,77,88,97,135,82,13,56,106,127,89"/><T25/><D120/><U94/><E108/><V81/><F121/><W76/><G135/><T101/><D132/><U55/><E128/><V27/><F111/><W131/><G127/><T126/><D126/><U87/><E125/><V107/><F130/><W85/><G131/><T69/><D69/><U33/><E37/><V86/><F124/><W118/><G118/><T72/><D53/><U70/><E39/><V68/><F30/><W134/><G134/><T18/><D31/><U57/><E70/><V129/><F34/><W52/><G13/><T112/><D112/><U1/><E33/><V115/><F115/><W100/><REACH who="3" step="1"/><G77/><REACH who="3" ten="239,144,173,434" step="2"/><T83/><D101/><U123/><E123/><V113/><F129/><W110/><G110/><T64/><D93/><U65/><E24/><V117/><F117/><W116/><G116/><T9/><D9/><AGARI ba="0,1" hai="9,15,17,50,52,56,76,82,85,88,89,97,100,106" machi="9" ten="30,8000,1" yaku="1,1,7,1,54,2,53,1" doraHai="61" doraHaiUra="92" who="3" fromWho="0" sc="239,-80,144,0,173,0,434,90" /><INIT seed="5,0,0,1,4,108" ten="159,144,173,524" oya="1" hai0="57,46,96,76,47,102,117,72,12,134,85,41,120" hai1="133,60,107,21,83,65,121,61,68,52,135,25,69" hai2="55,10,64,45,17,129,63,86,51,106,103,36,70" hai3="122,62,81,20,77,27,1,79,74,67,54,32,93"/><U0/><E0/><V30/><F129/><W95/><G122/><T31/><D117/><U50/><E121/><V49/><F30/><W112/><G32/><T131/><D120/><U66/><E107/><V16/><F36/><W92/><G112/><T15/><D72/><U39/><E83/><V38/><F38/><W91/><G79/><T110/><D110/><U119/><E119/><V111/><F111/><W18/><G1/><T35/><D134/><N who="1" m="51211" /><E21/><V29/><F29/><W78/><G78/><T22/><D131/><U94/><E94/><V24/><F86/><W128/><G128/><T127/><D127/><U28/><E25/><V123/><F123/><W114/><G114/><T71/><D71/><N who="1" m="27211" /><E28/><V104/><F17/><W88/><REACH who="3" step="1"/><G54/><REACH who="3" ten="159,144,173,514" step="2"/><T97/><D35/><U105/><E105/><V82/><F55/><W37/><G37/><T13/><D76/><U7/><E39/><V26/><F104/><W73/><G73/><T124/><D124/><U3/><E3/><V118/><F106/><W132/><G132/><T53/><D53/><U101/><E7/><V8/><F118/><W56/><AGARI ba="0,1" hai="18,20,27,56,62,67,74,77,81,88,91,92,93,95" machi="56" ten="30,7900,0" yaku="1,1,0,1,54,1,53,1" doraHai="108" doraHaiUra="59" who="3" fromWho="3" sc="159,-20,144,-39,173,-20,514,89" /><INIT seed="6,0,0,0,4,71" ten="139,105,153,603" oya="2" hai0="87,33,25,41,132,35,111,128,26,67,28,102,14" hai1="88,135,45,109,129,103,124,89,47,133,112,51,17" hai2="74,107,122,75,85,65,57,46,77,23,58,113,31" hai3="106,69,38,6,43,130,9,94,120,80,22,21,105"/><V116/><F122/><W125/><G120/><T56/><D111/><U11/><E109/><V10/><F116/><W15/><G69/><T115/><D115/><U95/><E112/><V62/><F107/><W108/><G108/><T90/><D132/><N who="1" m="50763" /><E103/><V0/><F113/><W42/><G130/><T1/><D1/><U78/><E78/><V32/><F32/><W50/><G125/><T126/><D126/><U24/><E124/><V134/><F134/><W63/><G80/><T119/><D119/><U36/><E129/><V97/><F58/><W30/><G63/><T34/><D128/><U114/><E114/><V4/><F46/><W18/><G50/><T104/><D102/><U19/><E89/><V96/><F85/><W68/><G68/><T73/><D73/><U121/><E121/><V61/><F61/><W2/><G94/><T117/><D104/><U98/><E11/><V48/><F48/><W93/><G93/><T127/><D127/><U81/><E81/><V91/><F91/><W5/><G5/><T84/><D84/><U27/><E27/><V83/><REACH who="2" step="1"/><F75/><REACH who="2" ten="139,105,143,603" step="2"/><W72/><G72/><T59/><D117/><U44/><E51/><V3/><F3/><W16/><G2/><T70/><D87/><U100/><E100/><V7/><F7/><W20/><G105/><T39/><D90/><U101/><E101/><V131/><F131/><W54/><G6/><T66/><D70/><U76/><E76/><V29/><F29/><W37/><G30/><N who="0" m="19791" /><D33/><U49/><E88/><V60/><F60/><W55/><G106/><T40/><D35/><U110/><E110/><RYUUKYOKU ba="0,1" sc="139,-10,105,-10,143,30,603,-10" hai2="0,4,10,23,31,57,62,65,74,77,83,96,97" /><INIT seed="6,1,1,1,4,128" ten="129,95,173,593" oya="2" hai0="121,54,66,5,70,115,103,16,73,80,89,100,118" hai1="110,35,37,13,131,134,43,116,47,104,46,19,77" hai2="130,113,34,75,74,42,90,32,105,50,72,117,76" hai3="55,53,20,18,65,7,79,135,9,28,114,59,2"/><V82/><F117/><W107/><G107/><T11/><D121/><U126/><E110/><V67/><F130/><W106/><G106/><T60/><D115/><U86/><E131/><V84/><F113/><W21/><G79/><T112/><D112/><U101/><E116/><V4/><F105/><W39/><G39/><T133/><D118/><U96/><E126/><V52/><F42/><W98/><G98/><T27/><D133/><U44/><E35/><V6/><F67/><W48/><G135/><T64/><D64/><U87/><E87/><V14/><F76/><W24/><G48/><T102/><D54/><U92/><E134/><V1/><F1/><W29/><G29/><T129/><D129/><U99/><E86/><V91/><F91/><W122/><G122/><T125/><D125/><U41/><E77/><V10/><REACH who="2" step="1"/><F6/><REACH who="2" ten="129,95,163,593" step="2"/><W45/><G7/><T57/><D89/><U62/><E41/><V78/><F78/><W40/><G2/><T120/><D120/><U31/><E43/><V94/><F94/><W36/><G65/><T119/><D119/><U132/><E132/><V68/><F68/><W109/><G114/><T49/><D80/><U56/><E37/><V123/><F123/><W61/><G36/><T33/><D73/><U95/><E99/><V58/><AGARI ba="1,2" hai="4,10,14,32,34,50,52,58,72,74,75,82,84,90" machi="58" ten="30,6000,0" yaku="1,1,0,1,54,1,53,0" doraHai="128" doraHaiUra="88" who="2" fromWho="2" sc="129,-21,95,-21,163,83,593,-21" /><INIT seed="6,2,0,0,2,74" ten="108,74,246,572" oya="2" hai0="1,132,113,65,85,105,60,112,30,2,86,16,55" hai1="64,107,117,90,80,115,95,122,101,40,98,78,43" hai2="124,34,20,24,62,58,35,31,106,0,93,61,83" hai3="67,87,111,49,70,69,37,99,11,47,73,79,41"/><V50/><F106/><W129/><G111/><T121/><D121/><U119/><E64/><V114/><F114/><N who="0" m="44138" /><D105/><U59/><E59/><V12/><F124/><W4/><G129/><T57/><D132/><U23/><E23/><V131/><F131/><W28/><G28/><T36/><D36/><U9/><E9/><V109/><F109/><W22/><G22/><T42/><D42/><U15/><E15/><V126/><F126/><W102/><G87/><N who="0" m="33291" /><D30/><U17/><E17/><V72/><F0/><N who="0" m="106" /><D16/><U89/><E115/><V21/><F21/><W51/><G51/><T97/><D97/><N who="1" m="61871" /><E40/><V7/><F50/><W48/><G67/><AGARI ba="2,0" hai="55,57,60,65,67" m="106,33291,44138" machi="67" ten="40,1300,0" yaku="15,1" doraHai="74" who="0" fromWho="3" sc="108,19,74,0,246,0,572,-19" /><INIT seed="7,0,0,5,5,76" ten="127,74,246,553" oya="3" hai0="133,6,22,41,24,66,4,12,129,2,35,30,135" hai1="44,106,53,78,64,62,134,80,17,119,95,99,18" hai2="92,55,125,104,56,114,102,93,120,36,70,105,117" hai3="60,21,89,96,45,9,5,103,115,19,49,38,31"/><W28/><G38/><T10/><D41/><U54/><E134/><N who="0" m="51209" /><D66/><U118/><E106/><V14/><F70/><W127/><G115/><T81/><D129/><U1/><E1/><V128/><F36/><W8/><G127/><T29/><D81/><U74/><E118/><V25/><F56/><W107/><G60/><T67/><D67/><U100/><E119/><V65/><F25/><W72/><G72/><T90/><D90/><U101/><E101/><V84/><F55/><W108/><G108/><T75/><D75/><U47/><E47/><V85/><F65/><W7/><G7/><N who="0" m="1399" /><D29/><U110/><E110/><V124/><F117/><W42/><G89/><T20/><D20/><U82/><E82/><V112/><F102/><W40/><G40/><T34/><D34/><U109/><E109/><V122/><F14/><W11/><REACH who="3" step="1"/><G5/><REACH who="3" ten="127,74,246,543" step="2"/><T121/><D121/><U48/><REACH who="1" step="1"/><E53/><REACH who="1" ten="127,64,246,543" step="2"/><V52/><F52/><W13/><AGARI ba="0,2" hai="8,9,11,13,19,21,28,31,42,45,49,96,103,107" machi="13" ten="30,6000,0" yaku="1,1,2,1,0,1,53,0" doraHai="76" doraHaiUra="130" who="3" fromWho="3" sc="127,-20,64,-20,246,-20,543,80" owari="107,-29.0,44,-46.0,226,3.0,623,72.0" /></mjloggm>