<mjloggm ver="2.3"><GO type="169" lobby="0"/><UN n0="%E3%82%B7%E3%83%A5%E3%83%9E%E3%82%A4%E3%82%B1%E3%83%AB" n1="%E3%81%97%E3%82%89%E3%81%84%E3%81%97%E3%81%BE%E3%81%84" n2="%E3%81%90%E3%81%A6%E3%81%B0%E3%81%8C%E5%A4%AB" n3="%E3%83%92%E3%83%AD%E3%83%92%E3%83%AD%E3%83%9E%E3%83%AB" dan="17,17,17,16" rate="2221.52,2259.01,2238.48,2170.76" sx="M,M,M,M"/><TAIKYOKU oya="0"/><INIT seed="0,0,0,3,2,77" ten="250,250,250,250" oya="0" hai0="34,63,90,33,13,117,31,98,66,134,120,32,100" hai1="61,6,15,12,44,18,74,29,79,75,89,105,108" hai2="91,132,36,23,5,62,135,40,19,53,67,72,133" hai3="76,48,84,2,57,111,65,35,99,110,118,71,42"/><T83/><D117/><U51/><E105/><V25/><F72/><W93/><G118/><T30/><D13/><U109/><E29/><V96/><F5/><W38/><G35/><T52/><D134/><U97/><E61/><V60/><F40/><W87/><G71/><T39/><D39/><U102/><E89/><V8/><F36/><W103/><G2/><T73/><D120/><U54/><E6/><V126/><F8/><W131/><G131/><T22/><D22/><U94/><E12/><V11/><F11/><W121/><G121/><T127/><D127/><U64/><E64/><V129/><F126/><W124/><G124/><T10/><D10/><N who="1" m="6519" /><E79/><V88/><F129/><W3/><G3/><T28/><D73/><U14/><E14/><V4/><F4/><W26/><G26/><T45/><D66/><U85/><E85/><V27/><F27/><W107/><G38/><T113/><D113/><U49/><E49/><V69/><F96/><W125/><G125/><T56/><D45/><U17/><E17/><V70/><F69/><W114/><G114/><T47/><D47/><U50/><E50/><V119/><F119/><W78/><G65/><T41/><D41/><U59/><E44/><V43/><F43/><W16/><G42/><T80/><REACH who="0" step="1"/><D90/><REACH who="0" ten="240,250,250,250" step="2"/><U24/><E24/><V106/><F106/><AGARI ba="0,1" hai="28,30,31,32,33,34,52,56,63,80,83,98,100,106" machi="106" ten="50,18000,2" yaku="1,1,2,1,52,2,54,1,53,1" doraHai="77" doraHaiUra="92" who="0" fromWho="2" sc="240,190,250,0,250,-180,250,0" /><INIT seed="0,1,0,0,5,45" ten="430,250,70,250" oya="0" hai0="86,68,20,18,101,22,73,76,100,38,49,117,26" hai1="134,97,4,115,94,79,124,21,70,132,32,114,28" hai2="53,96,23,27,64,50,99,3,120,6,52,119,58" hai3="95,82,131,60,57,80,106,5,30,122,56,8,66"/><T98/><D38/><U44/><E70/><V125/><F120/><W11/><G106/><T88/><D68/><U78/><E32/><V37/><F37/><W14/><G131/><T113/><D73/><U65/><E65/><V1/><F125/><W10/><G122/><T17/><D76/><N who="1" m="29227" /><E4/><V12/><F64/><W15/><G30/><T85/><D113/><N who="1" m="43019" /><E124/><V69/><F69/><W13/><G95/><T16/><D117/><U25/><E44/><V51/><F119/><W112/><G112/><T42/><D86/><U29/><E29/><N who="2" m="17663" /><F3/><W2/><G2/><T103/><D98/><U43/><E43/><V39/><F1/><W46/><G46/><N who="0" m="25815" /><D26/><U77/><N who="1" m="29235" /><U89/><AGARI ba="1,0" hai="21,25,28,89,94,97,132,134" m="43019,29235" machi="89" ten="40,2700,0" yaku="4,1,11,1" doraHai="45" who="1" fromWho="1" sc="430,-14,250,30,70,-8,250,-8" /><INIT seed="1,0,0,2,2,81" ten="416,280,62,242" oya="1" hai0="27,32,21,92,118,78,20,10,113,24,77,120,2" hai1="125,72,18,128,123,71,36,122,48,105,88,86,94" hai2="5,35,9,59,70,85,7,90,114,106,11,68,103" hai3="79,104,126,38,22,60,6,95,14,98,124,16,58"/><U133/><E36/><V64/><F114/><W116/><G104/><T43/><D118/><U76/><E71/><V121/><F35/><W23/><G38/><T8/><D32/><U47/><E125/><N who="3" m="48234" /><G6/><T87/><D113/><U3/><E3/><V41/><F121/><W52/><G116/><T110/><D110/><U129/><E105/><V37/><F37/><W54/><G79/><T61/><D43/><U13/><E76/><V108/><F41/><W119/><G119/><T12/><D61/><U40/><E72/><V57/><F108/><W67/><G23/><T75/><D75/><U93/><E93/><V65/><F103/><AGARI ba="0,0" hai="14,16,22,52,54,58,60,67,95,98,103" m="48234" machi="103" ten="30,3900,0" yaku="18,1,54,2" doraHai="81" who="3" fromWho="2" sc="416,0,280,0,62,-39,242,39" /><INIT seed="2,0,0,1,3,47" ten="416,280,23,281" oya="2" hai0="76,32,68,99,128,24,17,6,9,7,122,107,113" hai1="79,78,59,54,83,29,20,61,102,60,62,55,3" hai2="93,48,15,123,131,112,129,66,135,81,46,103,105" hai3="2,125,18,45,23,89,98,133,8,5,52,10,38"/><V100/><F123/><W51/><G133/><T75/><D7/><U109/><E109/><V85/><F112/><W31/><G38/><T121/><D17/><U0/><E102/><V104/><F66/><W70/><G70/><T72/><D68/><U42/><E42/><V63/><F63/><W21/><G125/><T90/><D90/><U40/><E40/><V120/><F120/><W101/><G89/><T39/><D39/><U27/><E78/><V114/><F114/><W88/><G31/><T74/><D76/><U4/><E4/><V28/><F28/><W44/><G45/><T115/><D128/><N who="2" m="49226" /><F15/><N who="3" m="5519" /><G101/><N who="2" m="38985" /><F93/><N who="3" m="56615" /><G2/><T36/><D113/><U34/><E34/><V58/><F58/><W130/><G130/><T56/><D115/><U97/><E0/><V80/><F135/><W77/><G77/><T86/><D56/><U106/><E3/><V117/><F117/><W22/><G10/><T1/><D9/><U16/><E29/><V126/><F126/><W119/><G119/><T108/><D1/><U69/><E69/><V91/><F81/><W134/><G134/><T95/><D108/><U43/><E83/><V87/><F87/><W19/><AGARI ba="0,0" hai="18,19,21,22,23,44,51,52" m="56615,5519" machi="19" ten="30,7900,0" yaku="8,1,52,1,54,2" doraHai="47" who="3" fromWho="3" sc="416,-20,280,-20,23,-39,281,79" owari="396,50.0,260,-14.0,-16,-52.0,360,16.0" /></mjloggm>