<mjloggm ver="2.3"><GO type="169" lobby="0"/><UN n0="%E3%81%86%E3%81%83%E3%82%93%E3%81%A7%E3%81%83" n1="%E3%81%A6%E3%82%8B%E5%9D%8A%E4%B8%BB" n2="%E3%82%B5%E3%83%B3%26%E3%83%A0%E3%83%BC%E3%83%B3" n3="%7A%6F%6F%31%39%36%34" dan="16,16,17,16" rate="2053.73,2053.30,2161.60,2145.58" sx="M,F,M,M"/><TAIKYOKU oya="0"/><INIT seed="0,0,0,2,2,92" ten="250,250,250,250" oya="0" hai0="6,16,32,133,71,22,90,38,73,125,21,37,108" hai1="80,99,47,127,124,57,79,104,39,10,78,60,64" hai2="14,86,130,135,134,0,1,97,67,52,59,56,93" hai3="95,91,7,26,43,121,82,61,107,63,96,17,2"/><T24/><D32/><U5/><E39/><V116/><F116/><W45/><G121/><T105/><D71/><U102/><E47/><V20/><F86/><W114/><G114/><T94/><D73/><U76/><REACH who="1" step="1"/><E80/><REACH who="1" ten="250,240,250,250" step="2"/><V11/><F130/><W85/><G82/><T29/><D38/><U112/><E112/><V48/><F134/><W15/><G45/><T36/><D133/><U84/><E84/><V40/><F135/><W18/><G85/><T35/><D37/><U129/><E129/><V117/><F117/><W110/><G110/><T62/><D36/><U58/><E58/><V74/><F74/><W123/><G123/><T75/><D75/><U42/><E42/><V41/><F40/><W101/><G43/><T98/><D108/><U132/><E132/><V4/><F41/><W111/><G111/><T23/><D125/><U8/><E8/><V25/><F59/><W119/><G119/><T49/><D22/><U30/><E30/><V115/><F115/><W51/><G51/><T100/><D23/><U81/><E81/><V31/><REACH who="2" step="1"/><F67/><REACH who="2" ten="250,240,240,250" step="2"/><W88/><G63/><T113/><D62/><U126/><E126/><V103/><AGARI ba="0,2" hai="0,1,4,11,14,20,25,31,48,52,56,93,97,103" machi="103" ten="20,12000,2" yaku="1,1,2,1,0,1,7,1,52,1,54,1,53,0" doraHai="92" doraHaiUra="70" who="2" fromWho="2" sc="250,-60,240,-30,240,140,250,-30" /><INIT seed="1,0,0,5,1,121" ten="190,210,380,220" oya="1" hai0="118,131,107,112,53,5,41,23,113,26,132,66,127" hai1="61,119,111,27,58,6,71,36,59,126,48,16,0" hai2="108,116,29,15,81,40,30,96,85,99,76,77,47" hai3="57,10,24,88,39,69,35,104,87,60,62,43,98"/><U9/><E119/><V82/><F108/><W129/><G129/><T42/><D107/><U125/><E36/><V79/><F116/><W124/><G124/><N who="1" m="47722" /><E48/><N who="2" m="26727" /><F15/><W133/><G133/><T55/><D118/><U14/><E27/><V54/><F54/><W102/><G39/><T95/><D26/><U17/><E17/><V73/><F73/><W74/><G74/><T28/><D127/><U38/><E38/><V91/><F82/><W18/><G43/><T2/><D132/><U25/><E25/><V128/><F128/><W134/><G134/><T84/><D131/><U106/><E106/><V100/><F100/><W8/><G8/><T83/><D41/><U78/><E78/><V37/><F37/><W20/><G10/><T64/><D42/><U72/><E72/><V12/><F12/><W67/><G35/><T11/><D11/><N who="1" m="6239" /><E111/><V86/><F86/><W32/><G32/><T31/><D84/><U130/><E130/><V89/><F89/><W52/><REACH who="3" step="1"/><G87/><REACH who="3" ten="190,210,380,210" step="2"/><T44/><D23/><U70/><E61/><V50/><F50/><W51/><G51/><T75/><D75/><U120/><E120/><V34/><F34/><W13/><G13/><T110/><D112/><U123/><E123/><V7/><F7/><W109/><G109/><T135/><D110/><U63/><E63/><V115/><F115/><W68/><G68/><AGARI ba="0,1" hai="0,6,9,58,59,68,70,71" m="6239,47722" machi="68" ten="30,2900,0" yaku="18,1,54,1" doraHai="121" who="1" fromWho="3" sc="190,0,210,39,380,0,210,-29" /><INIT seed="1,1,0,2,1,122" ten="190,249,380,181" oya="1" hai0="3,84,80,133,117,88,109,57,73,9,121,44,32" hai1="23,0,17,49,19,94,12,53,77,105,15,91,20" hai2="14,131,113,2,100,75,13,85,78,6,10,52,67" hai3="112,134,82,96,59,98,108,64,115,87,51,124,48"/><U40/><E105/><V71/><F131/><W33/><G33/><T58/><D117/><U119/><E119/><V36/><F100/><W68/><G134/><T76/><D32/><U47/><E0/><V126/><F126/><W34/><G34/><T26/><D133/><U107/><E107/><V45/><F85/><W135/><G135/><T83/><D121/><U38/><E77/><V93/><F93/><W60/><G124/><T118/><D118/><U106/><E106/><V97/><F97/><W8/><G51/><T128/><D128/><U104/><E104/><V132/><F52/><W56/><G68/><T129/><D129/><U61/><E61/><N who="2" m="40431" /><F113/><W92/><G98/><T72/><D72/><U130/><E130/><V1/><F1/><W24/><G92/><T37/><D26/><U120/><E120/><V16/><F16/><W74/><G24/><T110/><D58/><U65/><E65/><V11/><F11/><W50/><G96/><T127/><D57/><U28/><E28/><V30/><F30/><W99/><G99/><T31/><D31/><U18/><E18/><V39/><F39/><W69/><G74/><T66/><D66/><U27/><E27/><V43/><F132/><W4/><G59/><T103/><D103/><U102/><E102/><V125/><F125/><W7/><G56/><T123/><D123/><U29/><E29/><V63/><F63/><W101/><G101/><T46/><D127/><U70/><E70/><V86/><F75/><W89/><G69/><T21/><D37/><U90/><E94/><V25/><F25/><W22/><G60/><RYUUKYOKU ba="1,0" sc="190,-15,249,15,380,15,181,-15" hai1="12,15,17,19,20,23,38,40,47,49,53,90,91" hai2="2,6,10,13,14,36,43,45,78,86" /><INIT seed="1,2,0,3,4,63" ten="175,264,395,166" oya="1" hai0="41,34,11,134,86,118,115,23,108,87,25,0,28" hai1="10,68,48,127,93,55,106,59,128,80,16,111,39" hai2="64,89,31,53,74,77,119,40,8,1,29,123,71" hai3="109,107,129,96,98,79,116,5,6,38,21,104,131"/><U56/><E106/><N who="3" m="40490" /><G21/><T101/><D118/><U45/><E68/><V84/><F123/><W26/><G26/><T110/><D115/><U88/><E39/><V49/><F40/><W113/><G38/><T91/><D134/><U42/><E128/><N who="3" m="49226" /><G113/><T83/><D101/><U20/><E127/><V30/><F119/><W92/><G116/><T4/><D41/><U122/><E80/><V47/><F74/><W50/><G50/><T90/><REACH who="0" step="1"/><D34/><REACH who="0" ten="165,264,395,166" step="2"/><U13/><E122/><V19/><F77/><W32/><G32/><T105/><D105/><U97/><E111/><V133/><F133/><W102/><G109/><T125/><D125/><U2/><E42/><V18/><F31/><W60/><G79/><T124/><D124/><U52/><E55/><V62/><F30/><W43/><G43/><T35/><D35/><U58/><E2/><V75/><F29/><W94/><G60/><T61/><D61/><U67/><E67/><V51/><F49/><W66/><G66/><T121/><D121/><U100/><E100/><AGARI ba="2,1" hai="5,6,92,94,96,98,100,102" m="49226,40490" machi="100" ten="30,1000,0" yaku="19,1" doraHai="63" who="3" fromWho="1" sc="165,0,264,-16,395,0,166,26" /><INIT seed="2,0,0,0,3,80" ten="165,248,395,192" oya="2" hai0="129,94,57,128,118,132,77,34,83,45,92,33,36" hai1="90,12,18,133,44,58,97,84,51,130,115,88,65" hai2="31,75,25,91,61,123,55,135,8,27,111,119,17" hai3="60,68,35,124,121,24,78,71,81,105,47,106,13"/><V20/><F123/><W112/><G121/><T53/><D132/><U108/><E115/><V76/><F119/><W14/><G112/><T114/><D114/><U16/><E133/><V79/><F135/><W69/><G124/><T67/><D118/><U109/><E130/><N who="0" m="50281" /><D67/><U93/><E65/><V99/><F75/><W89/><G60/><N who="0" m="35887" /><D45/><U102/><E58/><N who="2" m="35039" /><F111/><N who="1" m="42569" /><E12/><N who="2" m="7303" /><F27/><W42/><G71/><T95/><D36/><U100/><E90/><V4/><F4/><W107/><G69/><T59/><D59/><U28/><E28/><V39/><F39/><W103/><G68/><T120/><D120/><U72/><E72/><AGARI ba="0,0" hai="33,34,72,77,83,92,94,95" m="35887,50281" machi="72" ten="30,1000,0" yaku="19,1" doraHai="80" who="0" fromWho="1" sc="165,10,248,-10,395,0,192,0" /><INIT seed="3,0,0,4,2,53" ten="175,238,395,192" oya="3" hai0="122,117,69,45,15,50,113,5,13,59,120,1,115" hai1="9,47,128,49,109,33,89,65,103,6,131,84,52" hai2="10,62,57,21,125,105,110,66,8,83,108,39,35" hai3="132,85,91,29,92,121,72,2,24,135,16,28,73"/><W100/><G2/><T88/><D69/><U41/><E33/><V134/><F35/><W61/><G121/><T99/><D117/><U25/><E65/><V26/><F105/><W119/><G100/><T60/><D1/><U68/><E68/><V127/><F39/><W95/><G95/><N who="0" m="56807" /><D120/><U96/><E25/><V90/><F134/><N who="3" m="51243" /><G119/><T71/><D71/><U129/><E109/><N who="2" m="42091" /><F83/><W38/><G38/><T3/><D3/><N who="1" m="223" /><E89/><V36/><F36/><W34/><G61/><T7/><D122/><U55/><E84/><V19/><F90/><W22/><G29/><T63/><D63/><U78/><E78/><V97/><F97/><W20/><G34/><T58/><D5/><U114/><E114/><N who="0" m="43529" /><D60/><U30/><E30/><N who="2" m="17743" /><F8/><W32/><G32/><T56/><D7/><U4/><E4/><V70/><F70/><W94/><G94/><AGARI ba="0,0" hai="41,47,49,52,55,94,96,103,128,129,131" m="223" machi="94" ten="30,2000,0" yaku="19,1,54,1" doraHai="53" who="1" fromWho="3" sc="175,0,238,20,395,0,192,-20" /><INIT seed="4,0,0,3,0,129" ten="175,258,395,172" oya="0" hai0="120,74,8,133,11,87,83,94,97,40,25,131,124" hai1="109,64,70,125,100,52,123,16,62,119,0,122,135" hai2="27,134,86,65,39,88,18,32,33,63,6,76,13" hai3="77,107,41,35,73,80,44,28,132,85,48,23,29"/><T59/><D120/><U81/><E109/><V49/><F39/><W66/><G107/><T58/><D74/><U38/><E0/><V14/><F76/><W5/><G35/><T37/><D131/><U103/><E38/><V67/><F49/><W71/><G73/><T17/><D124/><U47/><E119/><V96/><F96/><W102/><G102/><T108/><D37/><U115/><E125/><V127/><F127/><W72/><G72/><T114/><D114/><U50/><E81/><V95/><F65/><W128/><G128/><T99/><D40/><U113/><E135/><V89/><F134/><W19/><G132/><T117/><D108/><U1/><E1/><V26/><F32/><W104/><G104/><T51/><D99/><U55/><E55/><V91/><F33/><W61/><REACH who="3" step="1"/><G5/><REACH who="3" ten="175,258,395,162" step="2"/><T84/><D133/><U126/><E126/><V92/><F6/><W69/><G69/><T46/><D117/><U79/><E103/><V9/><F92/><W106/><G106/><T93/><D94/><U130/><E100/><V20/><F95/><W101/><G101/><T7/><D93/><U22/><E130/><V56/><F86/><W110/><G110/><T78/><D87/><U43/><E123/><V34/><F34/><W60/><G60/><T3/><D97/><U105/><E105/><V31/><F31/><W121/><G121/><T116/><D116/><U10/><E122/><V36/><F36/><W24/><AGARI ba="0,1" hai="19,23,24,28,29,41,44,48,61,66,71,77,80,85" machi="24" ten="20,5200,0" yaku="1,1,0,1,7,1,53,1" doraHai="129" doraHaiUra="57" who="3" fromWho="3" sc="175,-26,258,-13,395,-13,162,62" /><INIT seed="5,0,0,1,5,124" ten="149,245,382,224" oya="1" hai0="129,116,41,115,77,119,47,88,114,8,130,51,125" hai1="121,78,95,79,75,90,55,81,92,86,26,84,101" hai2="37,3,32,104,118,58,106,128,64,120,87,38,31" hai3="70,131,98,111,13,108,2,22,72,54,99,112,85"/><U11/><E26/><N who="2" m="18551" /><F87/><W50/><G72/><T61/><D77/><N who="1" m="44223" /><E11/><V19/><F19/><W107/><G2/><T29/><D125/><U69/><E55/><V56/><F58/><W15/><G70/><T127/><D127/><U89/><E69/><V45/><F56/><W27/><G112/><N who="0" m="43051" /><D29/><U42/><E42/><V18/><F18/><W0/><G0/><T12/><D61/><U123/><E101/><V60/><F3/><W9/><G9/><T117/><D88/><U110/><E110/><V14/><F14/><W36/><G15/><T126/><D126/><U93/><E123/><V23/><F23/><W1/><G13/><T71/><D71/><U73/><E121/><V97/><F45/><W134/><G1/><T30/><D30/><U94/><E78/><V49/><F49/><W109/><G111/><T10/><D10/><U67/><E67/><V52/><F52/><W34/><G109/><T74/><D74/><U28/><E28/><V62/><F62/><W63/><G63/><T33/><D33/><U5/><E5/><AGARI ba="0,0" hai="5,8,12,41,47,51,116,117,119,129,130" m="43051" machi="5" ten="40,5200,0" yaku="15,1,52,2" doraHai="124" who="0" fromWho="1" sc="149,52,245,-52,382,0,224,0" /><INIT seed="6,0,0,1,1,99" ten="201,193,382,224" oya="2" hai0="124,111,23,1,75,106,113,103,35,47,53,21,67" hai1="37,120,131,3,61,4,93,51,94,8,91,10,82" hai2="0,130,7,108,98,16,48,102,76,114,18,17,107" hai3="57,78,49,71,62,65,14,105,66,86,68,60,34"/><V50/><F130/><W52/><G34/><T79/><D67/><U87/><E131/><V84/><F114/><W81/><G105/><T116/><D35/><U2/><E37/><V110/><F0/><W45/><REACH who="3" step="1"/><G14/><REACH who="3" ten="201,193,382,214" step="2"/><T31/><D113/><U96/><E120/><V128/><F128/><W72/><G72/><T88/><D106/><U56/><E3/><V12/><F12/><W74/><G74/><T129/><D1/><U118/><E118/><V109/><F7/><W115/><G115/><T11/><D116/><U77/><E4/><V80/><AGARI ba="0,1" hai="16,17,18,48,50,76,80,84,98,102,107,108,109,110" machi="80" ten="40,12000,1" yaku="0,1,10,1,52,1,54,1" doraHai="99" who="2" fromWho="2" sc="201,-40,193,-40,382,130,214,-40" /><INIT seed="6,1,0,2,3,98" ten="161,153,512,174" oya="2" hai0="34,102,122,121,88,111,116,125,16,36,106,133,130" hai1="112,0,120,19,11,10,54,107,28,97,70,69,29" hai2="17,23,81,4,128,49,100,104,53,51,55,5,80" hai3="46,76,9,71,72,44,109,110,87,60,126,79,59"/><V57/><F128/><W7/><G71/><T73/><RYUUKYOKU type="yao9" ba="1,0" sc="161,0,153,0,512,0,174,0" hai0="16,34,36,73,88,102,106,111,116,121,122,125,130,133" /><INIT seed="6,2,0,1,5,13" ten="161,153,512,174" oya="2" hai0="119,117,108,79,116,104,74,72,48,1,125,23,121" hai1="88,70,50,63,130,17,15,84,114,34,100,77,66" hai2="131,126,128,101,75,106,65,127,123,118,24,103,47" hai3="122,39,55,14,35,110,80,42,87,82,5,78,90"/><V44/><F123/><W7/><G110/><T4/><D108/><U30/><E114/><V86/><F75/><N who="0" m="28714" /><D121/><U120/><E130/><N who="2" m="49707" /><F65/><W9/><G35/><T22/><D104/><U62/><E100/><N who="2" m="38475" /><F106/><W45/><G122/><T105/><D79/><U109/><E62/><V68/><F24/><W102/><G102/><T133/><D105/><U94/><E109/><V33/><F86/><W67/><G67/><T91/><D133/><U18/><E30/><V92/><F92/><W12/><G78/><T115/><D115/><U107/><E34/><V2/><F33/><W83/><G55/><T111/><D111/><U41/><E107/><V37/><F2/><W43/><G42/><T134/><D134/><U40/><E77/><V61/><F37/><W59/><G59/><T96/><D1/><U49/><E120/><V46/><F118/><W64/><G64/><T36/><D36/><U32/><E32/><V3/><F3/><W27/><G27/><T71/><D119/><U95/><E95/><V113/><F113/><W19/><REACH who="3" step="1"/><G5/><REACH who="3" ten="161,153,512,164" step="2"/><T135/><D4/><U52/><E41/><V58/><F58/><W97/><G97/><T57/><D135/><U69/><E69/><V56/><F68/><W16/><G16/><T112/><D71/><U93/><E18/><V73/><F73/><W53/><G53/><N who="0" m="31911" /><D112/><U99/><E40/><V25/><F25/><W98/><G98/><T31/><D31/><U54/><E54/><V20/><F56/><W89/><G89/><T11/><D117/><U81/><E88/><V26/><F61/><W51/><G51/><T21/><D116/><RYUUKYOKU ba="2,1" sc="161,-15,153,-15,512,15,164,15" hai2="20,26,44,46,47,126,127" hai3="7,9,12,14,19,39,43,45,80,82,83,87,90" /><INIT seed="6,3,1,3,4,116" ten="146,138,527,179" oya="2" hai0="86,30,43,47,63,76,84,4,46,119,36,32,37" hai1="74,17,19,73,40,125,59,51,112,88,79,96,98" hai2="131,92,68,129,41,91,94,49,55,85,34,21,128" hai3="5,42,61,133,65,0,127,102,3,106,105,25,135"/><V10/><F34/><W109/><G109/><T28/><D119/><U62/><E98/><V75/><F75/><W48/><G127/><T126/><D126/><U24/><E79/><V23/><F68/><W15/><G25/><T27/><D4/><U18/><E125/><V121/><F121/><W45/><G15/><T72/><D30/><U26/><E112/><V38/><F41/><W93/><G93/><T60/><D72/><U67/><E74/><V8/><F38/><W57/><G102/><T132/><D132/><N who="3" m="50761" /><G5/><T100/><D100/><U99/><E73/><V31/><F94/><W78/><G78/><T52/><D37/><U44/><E99/><V54/><F54/><W107/><AGARI ba="3,1" hai="0,3,42,45,48,57,61,65,105,106,107" m="50761" machi="107" ten="40,1500,0" yaku="20,1" doraHai="116" who="3" fromWho="3" sc="146,-7,138,-7,527,-10,179,34" /><INIT seed="7,0,0,0,3,41" ten="139,131,517,213" oya="3" hai0="124,84,101,28,13,133,60,109,61,68,130,17,5" hai1="26,108,14,24,53,16,86,79,107,129,89,23,22" hai2="115,98,32,125,69,42,56,85,126,128,132,117,111" hai3="104,57,114,90,113,35,135,40,100,65,91,118,46"/><W45/><G35/><T49/><D109/><U93/><E108/><V82/><F69/><W7/><G7/><T83/><D130/><U27/><E107/><V88/><F111/><W33/><G33/><T70/><D133/><U47/><E129/><V80/><F32/><W74/><G74/><T112/><D112/><U43/><E79/><V29/><F29/><W55/><G65/><T120/><D120/><U58/><E47/><V105/><F128/><W0/><G0/><T94/><D124/><N who="2" m="47722" /><F42/><W87/><G91/><N who="0" m="51615" /><D5/><U121/><E43/><V52/><F115/><W123/><G40/><T71/><D28/><N who="1" m="17431" /><E121/><V31/><F31/><W134/><G123/><T54/><D71/><U97/><E97/><V92/><F132/><W96/><G134/><T116/><D116/><U2/><E2/><V73/><F73/><W106/><G106/><T11/><D70/><U21/><E21/><V20/><F20/><W102/><G135/><T67/><D68/><U122/><E122/><V59/><F59/><W75/><G75/><T38/><D38/><U103/><E103/><N who="2" m="62711" /><F117/><W77/><G118/><T76/><D67/><U131/><E131/><V6/><F6/><W119/><G119/><T110/><D110/><U72/><E72/><V48/><AGARI ba="0,0" hai="48,52,56,80,82,85,88,92" m="62711,47722" machi="48" ten="30,4000,0" yaku="18,1,54,2" doraHai="41" who="2" fromWho="2" sc="139,-10,131,-10,517,40,213,-20" owari="129,-27.0,121,-38.0,557,66.0,193,-1.0" /></mjloggm>