<mjloggm ver="2.3"><GO type="225" lobby="0"/><UN n0="%E5%B2%B8%E6%98%8E%E6%97%A5%E9%A6%99" n1="%E3%81%AA%E3%82%81%E3%81%93%E9%9B%80%E5%A3%AB" n2="%E6%80%AA%E3%81%97%E3%81%99%E3%81%8E%E3%82%8B%E3%83%81%E3%83%BC" n3="%E7%99%BD%E8%9B%87%E3%81%AE%E3%83%8A%E3%83%BC%E3%82%AC" dan="16,16,16,16" rate="2132.92,2095.97,2139.11,2070.59" sx="M,M,M,M"/><TAIKYOKU oya="0"/><INIT seed="0,0,0,0,2,121" ten="250,250,250,250" oya="0" hai0="127,83,64,37,47,2,80,72,87,114,101,36,85" hai1="126,48,5,117,131,45,7,6,125,67,33,11,79" hai2="25,112,106,123,62,16,65,68,69,52,0,56,77" hai3="91,32,39,59,24,29,13,55,115,99,113,49,75"/><T61/><D114/><U9/><E117/><V23/><F123/><W96/><G75/><T40/><D2/><U22/><E33/><V132/><F112/><W93/><G39/><T78/><D127/><N who="1" m="48651" /><E67/><V4/><F132/><W102/><REACH who="3" step="1"/><G13/><REACH who="3" ten="250,250,250,240" step="2"/><T35/><D35/><U84/><E131/><V50/><F0/><W31/><G31/><T133/><D133/><U54/><E22/><V120/><F120/><W51/><G51/><T74/><D37/><U10/><E10/><V28/><F28/><W73/><G73/><T105/><D61/><U38/><E38/><V15/><F106/><AGARI ba="0,1" hai="24,29,32,49,55,59,91,93,96,99,102,106,113,115" machi="106" ten="30,7700,0" yaku="1,1,7,1,53,2" doraHai="121" doraHaiUra="111" who="3" fromWho="2" sc="250,0,250,0,250,-77,240,87" /><INIT seed="1,0,0,1,1,6" ten="250,250,173,327" oya="1" hai0="107,0,78,106,53,48,83,64,87,20,105,55,5" hai1="68,18,9,85,36,81,118,30,134,91,1,115,127" hai2="15,13,43,119,32,90,130,111,21,117,24,131,114" hai3="38,14,50,44,124,61,19,17,98,37,71,92,108"/><U75/><E115/><V23/><F90/><W54/><G124/><T116/><D116/><N who="2" m="44618" /><F43/><W104/><G104/><T133/><D133/><U41/><E134/><V52/><F52/><W100/><G108/><T3/><D64/><U31/><E127/><V16/><F111/><W95/><G17/><T102/><D102/><U77/><E68/><V129/><F114/><W60/><G95/><T66/><D66/><U56/><E56/><V4/><F32/><W57/><G60/><T120/><D120/><U46/><E118/><V42/><F42/><W101/><G101/><T25/><D5/><N who="1" m="1199" /><E18/><N who="2" m="12343" /><F4/><W123/><G123/><T76/><D76/><U11/><E85/><V62/><F62/><W26/><G26/><AGARI ba="0,0" hai="13,15,16,23,26,129,130,131" m="12343,44618" machi="26" ten="40,8000,1" yaku="19,1,34,2,54,1" doraHai="6" who="2" fromWho="3" sc="250,0,250,0,173,80,327,-80" /><INIT seed="2,0,0,0,3,79" ten="250,250,253,247" oya="2" hai0="111,123,20,43,62,28,60,22,8,108,1,132,112" hai1="72,129,11,50,73,96,33,97,131,44,126,29,32" hai2="40,0,63,133,85,70,100,69,83,58,103,30,31" hai3="61,75,93,12,71,89,106,92,87,36,21,13,18"/><V9/><F133/><W25/><G106/><T65/><D123/><U47/><E11/><V53/><F70/><W88/><G75/><N who="1" m="28746" /><E126/><V78/><F69/><W82/><G36/><T59/><D112/><U42/><E44/><V51/><F0/><W46/><G46/><T134/><D43/><U55/><E55/><N who="2" m="34271" /><F9/><W135/><G135/><N who="0" m="51755" /><D60/><U107/><E107/><V38/><F38/><W48/><G48/><T23/><D28/><N who="2" m="10794" /><F40/><W26/><G93/><T128/><D128/><N who="1" m="49227" /><E29/><V10/><F10/><W84/><G71/><T102/><D102/><U116/><E116/><V121/><F121/><W120/><G120/><T130/><D130/><U98/><AGARI ba="0,0" hai="32,33,42,47,50,96,97,98" m="49227,28746" machi="98" ten="40,1500,0" yaku="19,1" doraHai="79" who="1" fromWho="1" sc="250,-4,250,15,253,-7,247,-4" /><INIT seed="3,0,0,1,0,28" ten="246,265,246,243" oya="3" hai0="41,36,44,111,50,21,2,132,86,6,127,119,133" hai1="3,22,71,107,124,42,73,32,5,109,117,15,9" hai2="128,116,88,66,27,14,1,46,34,48,12,10,72" hai3="84,69,118,103,77,62,106,131,79,122,80,101,13"/><W43/><G122/><T82/><D119/><U112/><RYUUKYOKU type="yao9" ba="0,0" sc="246,0,265,0,246,0,243,0" hai1="3,5,9,15,22,32,42,71,73,107,109,112,117,124" /><INIT seed="3,1,0,0,3,131" ten="246,265,246,243" oya="3" hai0="8,2,133,66,0,120,19,128,88,48,16,12,105" hai1="32,82,134,85,114,15,76,13,125,37,36,96,34" hai2="45,112,31,41,5,99,121,113,79,77,127,38,61" hai3="87,90,62,56,124,58,110,108,115,116,57,100,3"/><W1/><G116/><T35/><D120/><U50/><E114/><V64/><F121/><W11/><G115/><T46/><D128/><U97/><E125/><V17/><F127/><W4/><G124/><T69/><D105/><U93/><E50/><V129/><F129/><W132/><G100/><T92/><D133/><U123/><E134/><V54/><F5/><W39/><G132/><T75/><D75/><U49/><E36/><V29/><F99/><W70/><G39/><T27/><D66/><U68/><E68/><V91/><F91/><W44/><G44/><T30/><D19/><U18/><E15/><V6/><F6/><W63/><G1/><T20/><D35/><U67/><E67/><V26/><F17/><W86/><G86/><T122/><D69/><U55/><E97/><V101/><F54/><W106/><G106/><T95/><D95/><U47/><E37/><V94/><F112/><W89/><G70/><T53/><D122/><U107/><E107/><V43/><F113/><W10/><G89/><T72/><D72/><U109/><E109/><N who="3" m="42090" /><G11/><T60/><D60/><U74/><E74/><V59/><F101/><W111/><N who="3" m="42098" /><W84/><DORA hai="118" /><G84/><AGARI ba="1,0" hai="0,2,8,12,16,20,27,30,46,48,53,84,88,92" machi="84" ten="30,3900,0" yaku="7,1,54,2" doraHai="131,118" who="0" fromWho="3" sc="246,42,265,0,246,0,243,-42" /><INIT seed="4,0,0,4,2,46" ten="288,265,246,201" oya="0" hai0="31,130,89,6,68,50,14,20,4,43,8,118,52" hai1="49,22,45,98,16,106,114,123,81,12,3,51,76" hai2="21,54,71,2,72,39,36,10,87,116,127,132,103" hai3="120,69,38,102,7,32,100,47,85,126,5,133,86"/><T95/><D68/><U82/><E123/><V79/><F71/><W134/><G69/><T35/><D35/><U33/><E3/><V42/><F103/><N who="3" m="39467" /><G32/><T67/><D118/><U40/><E106/><V131/><F116/><W128/><G128/><T53/><D130/><U108/><E108/><V101/><F131/><W24/><G24/><N who="0" m="16775" /><D67/><U62/><E33/><V135/><F101/><W78/><G78/><T9/><D43/><U94/><E62/><V129/><F72/><W13/><G120/><T57/><D53/><U19/><E114/><V119/><F54/><W61/><G61/><T99/><D9/><N who="1" m="6159" /><E51/><V83/><F129/><W77/><G126/><T0/><D0/><U29/><E76/><V55/><F127/><W27/><G77/><T105/><D105/><U122/><E29/><V115/><F119/><W80/><G27/><T111/><D111/><U56/><E122/><V23/><F115/><W125/><G125/><T91/><D91/><N who="1" m="55647" /><E56/><V93/><F36/><W73/><G38/><T30/><D30/><U63/><E63/><V117/><F39/><W88/><G73/><T37/><D37/><U18/><E22/><N who="2" m="8203" /><F117/><W66/><G66/><T92/><D92/><U107/><E107/><V44/><F42/><W25/><G25/><T41/><D41/><U65/><E65/><V11/><F93/><N who="3" m="54415" /><G13/><T26/><D26/><U90/><E90/><V75/><F2/><W113/><G113/><T96/><D96/><U60/><E60/><V124/><F124/><W15/><G15/><T28/><D28/><U34/><E34/><V97/><F75/><W59/><G5/><AGARI ba="0,0" hai="4,5,6,8,14,50,52,57,89,95,99" m="16775" machi="5" ten="30,11600,0" yaku="6,1,8,1,52,1,54,1" doraHai="46" who="0" fromWho="3" sc="288,116,265,0,246,0,201,-116" owari="404,49.0,265,7.0,246,-15.0,85,-41.0" /></mjloggm>