<mjloggm ver="2.3"><GO type="169" lobby="0"/><UN n0="%6C%69%65%62%65" n1="%E3%83%AC%E3%82%AA%E3%83%B3%E3%83%8F%E3%83%AB%E3%83%88" n2="%E7%81%AB%E9%9C%8A%E5%A4%A2" n3="%E3%81%9F%E3%81%84%E3%81%9B" dan="16,16,17,17" rate="2068.55,2078.38,2235.32,2200.31" sx="F,M,M,F"/><TAIKYOKU oya="0"/><INIT seed="0,0,0,0,2,49" ten="250,250,250,250" oya="0" hai0="29,67,127,135,36,9,13,62,20,61,122,112,23" hai1="99,10,92,57,40,14,65,5,111,109,55,113,105" hai2="81,19,12,48,22,11,37,3,117,128,123,106,70" hai3="60,35,126,34,119,31,16,30,2,71,0,80,104"/><T124/><D112/><U50/><E105/><V64/><F123/><W120/><G80/><T52/><D122/><U66/><E40/><V56/><F37/><W125/><G60/><T7/><D36/><U89/><REACH who="1" step="1"/><E113/><REACH who="1" ten="250,240,250,250" step="2"/><V118/><F106/><W98/><G104/><T108/><D127/><U78/><E78/><V38/><F118/><W33/><G120/><T28/><D124/><U59/><E59/><V101/><F56/><W41/><G41/><T114/><D114/><U24/><E24/><V77/><F117/><W4/><G119/><T18/><D108/><AGARI ba="0,1" hai="5,10,14,50,55,57,65,66,89,92,99,108,109,111" machi="108" ten="40,5200,0" yaku="1,1,14,1,52,1,53,0" doraHai="49" doraHaiUra="133" who="1" fromWho="0" sc="250,-52,240,62,250,0,250,0" /><INIT seed="1,0,0,2,0,124" ten="198,302,250,250" oya="1" hai0="20,14,121,15,12,32,42,55,115,79,119,104,114" hai1="128,54,131,123,31,103,113,72,93,9,30,127,22" hai2="80,63,69,67,36,83,17,26,133,75,82,85,44" hai3="66,27,126,116,1,28,90,39,47,99,134,13,130"/><U46/><E113/><V19/><F75/><W23/><G1/><T11/><D119/><U56/><E123/><V77/><F133/><W86/><G134/><T96/><D121/><U4/><E72/><V97/><F97/><W18/><G126/><T118/><D118/><U107/><E107/><V102/><F102/><W91/><G116/><T34/><D42/><U2/><E46/><V78/><F26/><W129/><G66/><T51/><D79/><U125/><E127/><V10/><F10/><W16/><G99/><T111/><D111/><U29/><E125/><V71/><F71/><W112/><G112/><T98/><D98/><N who="1" m="59855" /><E56/><V59/><F69/><W58/><G58/><T50/><D104/><U81/><E81/><N who="2" m="31339" /><F36/><W70/><G70/><T7/><D115/><U65/><E65/><V64/><F64/><W8/><G28/><T38/><D38/><U88/><E54/><V62/><F62/><W25/><G27/><T101/><D55/><U89/><E22/><V43/><F77/><W117/><G117/><T87/><D20/><U73/><E73/><V76/><F76/><W3/><G3/><T21/><D21/><U135/><E135/><V24/><F24/><W108/><G108/><T100/><D114/><U53/><E53/><V84/><F84/><W5/><G5/><T92/><D101/><U0/><E0/><V95/><F95/><N who="3" m="54743" /><G91/><N who="0" m="53375" /><D100/><U120/><E120/><V61/><F61/><W52/><G39/><T122/><D122/><U60/><E60/><V45/><F43/><W105/><G105/><T110/><D7/><U41/><E41/><V33/><F33/><RYUUKYOKU ba="0,0" sc="198,-30,302,10,250,10,250,10" hai1="2,4,9,29,30,31,88,89,128,131" hai2="17,19,44,45,59,63,67,78,83,85" hai3="8,13,16,18,23,25,47,52,129,130" /><INIT seed="1,1,0,0,5,103" ten="168,312,260,260" oya="1" hai0="81,0,96,34,132,83,7,60,64,55,88,18,120" hai1="32,135,16,21,112,12,114,38,51,14,25,56,4" hai2="62,40,30,46,85,117,123,109,108,80,19,23,101" hai3="115,63,126,3,33,43,53,13,121,58,9,107,65"/><U90/><E38/><V49/><F117/><W57/><G115/><T28/><D132/><U72/><E135/><V27/><F123/><W42/><G121/><T6/><D120/><U59/><E72/><V128/><F128/><W29/><G126/><T31/><D55/><U22/><E32/><V8/><F101/><W133/><G3/><T74/><D18/><U75/><E75/><V130/><F130/><W77/><G77/><T86/><D96/><U100/><E100/><V68/><F68/><W102/><G133/><T110/><D110/><N who="2" m="42602" /><F62/><W122/><G122/><T52/><D64/><U71/><E71/><V78/><F8/><W67/><G67/><T98/><D98/><U73/><E73/><V15/><F15/><W116/><G116/><T2/><D2/><U54/><E59/><V10/><F10/><W129/><G129/><T91/><D0/><U92/><E4/><N who="0" m="1577" /><D74/><U26/><E112/><V17/><AGARI ba="1,0" hai="17,19,23,27,30,40,46,49,78,80,85" m="42602" machi="17" ten="30,1100,0" yaku="14,1" doraHai="103" who="2" fromWho="2" sc="168,-4,312,-6,260,14,260,-4" /><INIT seed="2,0,0,2,1,78" ten="164,306,274,256" oya="2" hai0="42,50,87,94,107,41,19,90,53,16,121,63,34" hai1="105,69,110,134,85,12,74,26,8,58,114,66,13" hai2="9,101,11,17,81,52,83,47,91,130,35,3,123" hai3="111,89,98,108,124,135,57,73,103,128,27,131,64"/><V20/><F123/><W109/><G27/><T38/><D121/><U106/><E74/><V72/><F35/><W96/><G57/><T132/><D132/><U15/><E69/><V112/><F112/><W36/><G36/><T93/><D107/><U119/><E119/><V56/><F72/><W1/><G1/><T126/><D126/><U76/><E114/><V40/><F101/><W46/><G46/><T65/><D34/><U115/><E110/><V4/><F11/><W84/><G64/><T127/><D127/><U113/><E134/><V95/><F130/><N who="3" m="49707" /><G73/><T18/><D38/><U0/><E26/><V67/><F67/><W48/><G48/><T118/><D118/><U100/><E58/><V71/><F71/><W23/><G23/><T97/><D63/><U39/><E39/><V24/><F47/><W25/><G25/><T30/><D30/><U129/><E66/><V51/><F40/><W33/><G33/><T61/><D61/><U68/><E0/><V55/><F55/><W29/><G29/><T10/><D10/><U44/><E44/><V45/><F45/><W2/><G2/><T77/><D65/><U88/><E68/><V60/><F51/><W117/><G117/><T6/><D6/><U120/><E129/><V75/><F75/><W125/><G135/><T28/><D28/><U122/><E8/><V5/><F5/><W70/><G70/><T86/><D50/><U102/><E122/><V133/><F133/><W7/><G7/><T49/><D49/><U62/><E120/><V104/><F104/><N who="1" m="40041" /><E115/><V79/><F79/><W32/><G124/><RYUUKYOKU ba="0,0" sc="164,-10,306,-10,274,30,256,-10" hai2="3,4,9,17,20,24,52,56,60,81,83,91,95" /><INIT seed="2,1,0,0,5,93" ten="154,296,304,246" oya="2" hai0="22,16,0,124,130,102,112,49,43,75,8,118,54" hai1="24,18,11,109,72,15,132,104,90,74,48,83,82" hai2="99,106,94,58,33,32,39,69,65,10,44,80,108" hai3="125,4,117,5,60,129,89,40,131,122,91,67,36"/><V101/><F69/><W64/><G122/><T50/><D112/><U85/><E109/><V28/><F108/><W47/><G117/><T35/><D118/><U27/><E132/><V14/><F28/><W111/><G111/><T1/><D35/><U133/><E133/><V20/><F20/><W97/><G125/><T21/><D124/><U113/><E113/><V31/><F31/><W107/><G67/><T25/><D75/><U96/><E48/><V121/><F121/><W13/><G89/><T88/><D102/><U81/><E72/><V51/><F39/><W9/><G5/><T63/><D130/><U57/><E57/><V98/><F80/><W134/><G134/><T6/><D1/><U52/><E52/><V42/><F58/><W73/><G73/><T120/><D120/><U119/><E119/><V41/><F41/><W105/><G105/><T135/><D135/><U114/><E114/><V87/><F87/><W37/><G37/><T38/><D38/><U26/><E74/><V86/><F86/><W62/><G60/><T12/><D43/><U92/><REACH who="1" step="1"/><E104/><REACH who="1" ten="154,286,304,246" step="2"/><V100/><REACH who="2" step="1"/><F65/><REACH who="2" ten="154,286,294,246" step="2"/><W59/><G64/><T128/><D128/><U56/><E56/><V2/><F2/><W17/><G59/><N who="0" m="35319" /><D0/><U127/><E127/><V126/><F126/><W34/><G129/><T79/><D50/><U76/><AGARI ba="1,2" hai="11,15,18,24,26,27,76,81,82,83,85,90,92,96" machi="76" ten="30,7900,0" yaku="1,1,0,1,8,1,52,1,53,0" doraHai="93" doraHaiUra="110" who="1" fromWho="1" sc="154,-21,286,102,294,-40,246,-21" /><INIT seed="3,0,0,3,1,130" ten="133,388,254,225" oya="3" hai0="51,129,126,39,104,70,29,76,46,86,45,118,0" hai1="22,56,74,72,94,101,24,89,97,64,69,41,31" hai2="33,7,4,90,13,10,88,20,8,135,66,81,49" hai3="1,12,53,58,80,107,102,18,111,117,122,14,109"/><W85/><G1/><T37/><D104/><U123/><E69/><V3/><F33/><W26/><G122/><T105/><D105/><U60/><E123/><V6/><F66/><W34/><G117/><T121/><D0/><U91/><E41/><V17/><F135/><W114/><G114/><T30/><D86/><U52/><E52/><V43/><F81/><W71/><G71/><T65/><D76/><U78/><E78/><V132/><F132/><W50/><G102/><T35/><D35/><U15/><E15/><V48/><F3/><W99/><G99/><T98/><D98/><U62/><E62/><V25/><F8/><W116/><G107/><T27/><D27/><U5/><E5/><V54/><F43/><W106/><G106/><T55/><D30/><U73/><AGARI ba="0,0" hai="22,24,31,56,60,64,72,73,74,89,91,94,97,101" machi="73" ten="30,4000,0" yaku="0,1,25,2" doraHai="130" who="1" fromWho="1" sc="133,-10,388,40,254,-10,225,-20" /><INIT seed="4,0,0,5,5,61" ten="123,428,244,205" oya="0" hai0="16,64,24,53,0,107,75,69,105,128,106,83,51" hai1="86,27,115,87,1,113,88,82,118,28,134,57,31" hai2="77,96,12,9,112,76,10,23,48,38,17,129,124" hai3="98,114,68,56,19,22,111,29,90,5,125,20,109"/><T55/><D128/><U130/><E118/><V84/><F38/><W116/><G68/><T127/><D127/><U70/><E70/><V42/><F124/><W100/><G125/><T8/><D0/><U103/><E130/><V108/><F129/><W97/><G116/><T93/><D93/><U110/><E110/><V13/><F108/><W74/><G5/><T117/><D117/><U25/><E1/><V2/><F2/><W78/><G114/><N who="1" m="43530" /><E103/><V58/><F112/><W39/><G39/><T67/><D69/><U89/><E57/><V33/><F33/><W119/><G119/><T94/><D94/><N who="1" m="54551" /><E134/><V101/><F84/><W36/><G56/><T50/><D75/><U26/><AGARI ba="0,0" hai="25,26,27,28,31,82,87,89" m="54551,43530" machi="26" ten="30,4000,0" yaku="15,1,11,1,54,1" doraHai="61" who="1" fromWho="1" sc="123,-20,428,40,244,-10,205,-10" /><INIT seed="5,0,0,5,4,19" ten="103,468,234,195" oya="1" hai0="80,121,71,101,62,20,69,94,36,52,73,117,3" hai1="123,22,32,54,118,110,12,24,45,48,55,43,46" hai2="75,68,61,7,23,31,18,14,70,50,130,127,89" hai3="134,65,129,84,82,88,10,8,17,104,2,135,133"/><U39/><E32/><V26/><F75/><W27/><G104/><T63/><D117/><U126/><E123/><V25/><F130/><W124/><G65/><T5/><D36/><U98/><E126/><V90/><F127/><W57/><G124/><T29/><D121/><U116/><E110/><V79/><F79/><W37/><G37/><T131/><D131/><U95/><E12/><V108/><F108/><W76/><G129/><T97/><D3/><U56/><E56/><V53/><F7/><W66/><G2/><T16/><D5/><U99/><E99/><V47/><F26/><W107/><G107/><T102/><D29/><U87/><E87/><V106/><F106/><W91/><G57/><N who="0" m="35111" /><D71/><U51/><E43/><V85/><F61/><W1/><G66/><T81/><D69/><U77/><E77/><V33/><F90/><N who="3" m="34347" /><G1/><T111/><D111/><U28/><E39/><V38/><REACH who="2" step="1"/><F38/><REACH who="2" ten="103,468,224,195" step="2"/><W125/><G125/><T21/><D73/><U92/><E118/><V41/><F41/><W115/><G115/><T114/><D114/><U72/><E116/><V35/><F35/><W119/><G119/><T59/><D102/><U9/><E72/><V96/><F96/><W40/><G40/><T64/><D21/><AGARI ba="0,1" hai="8,10,17,21,27,76,82,84,133,134,135" m="34347" machi="21" ten="40,5200,0" yaku="20,1,52,1,54,1" doraHai="19" who="3" fromWho="0" sc="103,-52,468,0,224,0,195,62" /><INIT seed="6,0,0,0,0,57" ten="51,468,224,257" oya="2" hai0="80,79,16,116,94,101,15,32,89,17,63,13,21" hai1="99,104,133,124,48,66,85,93,123,4,119,39,45" hai2="43,62,27,31,103,40,106,53,42,11,105,84,96" hai3="75,55,110,28,107,49,88,130,97,78,125,18,34"/><V35/><F11/><W77/><G110/><T37/><D116/><U135/><E119/><V91/><F106/><W3/><G3/><T41/><D32/><U14/><E39/><V7/><F7/><W47/><G75/><T121/><D121/><U117/><E117/><V58/><REACH who="2" step="1"/><F42/><REACH who="2" ten="51,468,214,257" step="2"/><W19/><G107/><T54/><D101/><U25/><E4/><V128/><F128/><W83/><G130/><T131/><D131/><U87/><E104/><V36/><F36/><W134/><G134/><T38/><D41/><U10/><E10/><V8/><F8/><W68/><G125/><T122/><D122/><U52/><E124/><V64/><F64/><W74/><G74/><T72/><D38/><U9/><E66/><V6/><F6/><W111/><G111/><T29/><D37/><U33/><E9/><V90/><F90/><W44/><G88/><T60/><D54/><U113/><E52/><V112/><F112/><W129/><G55/><T67/><D67/><U95/><E113/><V76/><F76/><W120/><G77/><T5/><D5/><U82/><E123/><V118/><F118/><W69/><G78/><T108/><D108/><U81/><E133/><V86/><F86/><W26/><G120/><T100/><D100/><U127/><E87/><V59/><F59/><W102/><G129/><T20/><REACH who="0" step="1"/><D29/><REACH who="0" ten="41,468,214,257" step="2"/><U56/><E135/><V23/><F23/><W98/><G28/><T115/><D115/><U1/><E127/><V65/><F65/><W2/><G102/><T61/><D61/><U70/><E85/><AGARI ba="0,2" hai="13,15,16,17,20,21,60,63,72,79,80,85,89,94" machi="85" ten="30,12000,2" yaku="1,1,7,1,9,1,52,2,54,1,53,0" doraHai="57" doraHaiUra="30" who="0" fromWho="1" sc="41,140,468,-120,214,0,257,0" /><INIT seed="7,0,0,0,2,132" ten="181,348,214,257" oya="3" hai0="128,73,10,70,50,71,68,21,3,95,79,18,51" hai1="84,62,104,45,47,81,61,20,133,91,37,30,109" hai2="77,123,1,135,16,66,75,58,85,111,34,118,0" hai3="41,44,113,115,13,55,122,22,112,124,83,48,103"/><W53/><G122/><T38/><D128/><U67/><E104/><V102/><F34/><W15/><G103/><T100/><D38/><U119/><E109/><V129/><F75/><W86/><G124/><T28/><D28/><U54/><E133/><V26/><F135/><W106/><G106/><T90/><D100/><U43/><E119/><V98/><F111/><W49/><G22/><T114/><D114/><U134/><E134/><V46/><F118/><W5/><G5/><T130/><D130/><U96/><E96/><V31/><F31/><W126/><G126/><T59/><D59/><U56/><E45/><V12/><F26/><W125/><G125/><T36/><D36/><U42/><E42/><V57/><F46/><W87/><G41/><T99/><D10/><U11/><E11/><V9/><F123/><W14/><G83/><T117/><D3/><U127/><E127/><V105/><F129/><W107/><G107/><T110/><D110/><U94/><E94/><V121/><F121/><W4/><G4/><T80/><D117/><U8/><E8/><V25/><F25/><W40/><G40/><T92/><REACH who="0" step="1"/><D95/><REACH who="0" ten="171,348,214,257" step="2"/><U63/><E56/><AGARI ba="0,1" hai="13,14,15,44,48,49,53,55,56,86,87,112,113,115" machi="56" ten="50,2400,0" yaku="15,1" doraHai="132" who="3" fromWho="1" sc="171,0,348,-24,214,0,257,34" /><INIT seed="7,1,0,2,1,105" ten="171,324,214,291" oya="3" hai0="19,93,47,10,23,36,113,53,12,121,117,48,112" hai1="52,49,78,120,80,44,40,133,20,63,55,110,59" hai2="99,90,118,97,104,8,77,42,101,130,30,25,1" hai3="14,72,92,69,26,123,7,51,29,131,122,60,124"/><W135/><G72/><T50/><D117/><U4/><E110/><V115/><F118/><W134/><G92/><T95/><D121/><U75/><E133/><N who="3" m="50698" /><G51/><T67/><D36/><U27/><E4/><V107/><F115/><N who="0" m="44106" /><D67/><U58/><E120/><V96/><F42/><W89/><G89/><T56/><D10/><U71/><E71/><V31/><F8/><N who="3" m="4383" /><G69/><T43/><D43/><U3/><E3/><V91/><F1/><W98/><G98/><T88/><D95/><U18/><E58/><V66/><F66/><AGARI ba="1,0" hai="18,20,27,40,44,49,52,55,59,63,66,75,78,80" machi="66" ten="30,3900,0" yaku="7,1,52,1,54,1" doraHai="105" who="1" fromWho="2" sc="171,0,324,42,214,-42,291,0" owari="171,-33.0,366,47.0,172,-23.0,291,9.0" /></mjloggm>