<mjloggm ver="2.3"><GO type="185" lobby="0"/><UN n0="%7A%61%30%30%30%34" n1="%E3%81%9D%E3%81%86%E3%81%A1%E3%82%87" n2="%E5%B8%AB%E5%8C%A0%2F%E9%9B%80%E9%AC%BC" n3="" dan="17,17,17,0" rate="2282.76,2199.06,2247.49,1500.00" sx="M,F,M,C"/><TAIKYOKU oya="0"/><INIT seed="0,0,0,4,4,118" ten="350,350,350,0" oya="0" hai0="64,57,103,115,78,65,37,114,124,132,60,54,85" hai1="34,70,74,117,45,126,46,50,49,96,82,121,61" hai2="101,111,62,113,112,102,69,58,63,100,86,130,106" hai3=""/><T47/><D103/><U120/><N who="1" m="30752" /><U131/><N who="1" m="31008" /><U76/><E117/><V43/><F111/><T104/><D104/><U84/><E34/><V83/><F130/><T73/><D85/><U97/><E131/><V122/><N who="2" m="31264" /><V32/><F32/><T93/><D93/><U99/><E126/><V116/><F116/><T71/><D78/><U98/><N who="1" m="24576" /><DORA hai="0" /><U77/><E77/><V48/><F69/><T89/><D73/><U75/><E49/><V135/><F135/><T105/><D89/><U81/><E81/><V36/><F36/><T79/><D105/><U128/><E128/><V91/><F106/><T127/><D79/><U2/><E2/><V88/><F91/><T119/><D119/><U123/><N who="1" m="31520" /><U95/><E95/><V125/><F125/><N who="0" m="48202" /><D132/><U68/><E46/><V51/><F102/><T33/><D33/><U87/><E87/><V109/><F101/><T3/><D3/><U67/><REACH who="1" step="1"/><E70/><REACH who="1" ten="350,340,350,0" step="2"/><V110/><F86/><T39/><D47/><U107/><E107/><V92/><F83/><T52/><D37/><U59/><E59/><V1/><F58/><T134/><D39/><U41/><AGARI ba="0,1" hai="41,45,50,61,67,68,74,75,76,82,84" m="31520,24576,31008,30752" machi="41" ten="40,12000,3" yaku="1,1,0,1,52,6,53,0" doraHai="118,0" doraHaiUra="108,129" who="1" fromWho="1" sc="350,-80,340,130,350,-40,0,0" /><INIT seed="1,0,0,4,4,48" ten="270,470,310,0" oya="1" hai0="94,133,119,56,96,78,113,58,97,132,110,68,43" hai1="2,108,3,57,60,102,122,62,127,105,89,32,85" hai2="44,66,128,82,33,129,52,49,118,114,135,55,34" hai3=""/><U125/><N who="1" m="31264" /><U59/><E32/><V130/><F118/><T121/><N who="0" m="31008" /><T117/><D68/><U107/><E89/><V1/><F1/><T88/><D113/><U73/><E85/><V65/><F135/><N who="0" m="51786" /><D110/><U50/><E50/><V79/><F114/><T103/><D43/><U54/><E102/><V42/><F33/><T131/><D78/><U104/><E73/><V92/><F92/><T64/><D131/><U40/><E40/><V123/><N who="2" m="31520" /><V120/><N who="2" m="30752" /><V63/><F34/><T75/><D75/><U35/><E35/><V80/><F65/><T37/><D37/><U46/><E46/><V116/><F116/><N who="0" m="44618" /><D64/><U101/><E108/><V71/><F82/><T36/><D36/><U76/><E76/><V87/><AGARI ba="0,0" hai="42,44,49,52,55,63,66,71,79,80,87,128,129,130" m="30752,31520" machi="87" ten="30,9000,2" yaku="0,1,19,1,52,4,54,1" doraHai="48" who="2" fromWho="2" sc="270,-30,470,-60,310,90,0,0" /><INIT seed="2,0,0,3,5,131" ten="240,410,400,0" oya="2" hai0="64,121,51,94,112,104,67,71,74,72,73,96,115" hai1="120,36,70,49,97,55,2,103,80,116,52,40,114" hai2="79,124,75,91,39,69,101,126,63,66,89,135,44" hai3=""/><V82/><F101/><T81/><N who="0" m="31008" /><T125/><D104/><U129/><N who="1" m="30752" /><U109/><E114/><N who="0" m="43561" /><D125/><N who="2" m="48234" /><F135/><T32/><D32/><U102/><E2/><V48/><F39/><T1/><D1/><U60/><E109/><V132/><F132/><T113/><N who="0" m="43569" /><T106/><DORA hai="57" /><D106/><U42/><E129/><V53/><AGARI ba="0,0" hai="44,48,53,63,66,69,75,79,82,89,91" m="48234" machi="53" ten="30,2000,0" yaku="18,1,52,1" doraHai="131,57" who="2" fromWho="2" sc="240,-10,410,-10,400,20,0,0" /><INIT seed="2,1,0,1,3,122" ten="230,400,420,0" oya="2" hai0="109,39,37,113,60,126,105,115,85,100,56,33,88" hai1="101,52,129,51,76,92,79,96,73,87,106,132,130" hai2="89,44,121,94,116,133,77,62,127,59,46,99,70" hai3=""/><V134/><N who="2" m="31008" /><V103/><F116/><T86/><D33/><U32/><E32/><V36/><F127/><T95/><D126/><U111/><E132/><N who="2" m="50795" /><F70/><T135/><D135/><U68/><E68/><V104/><F77/><T118/><D118/><U45/><E111/><V57/><F36/><T124/><D124/><U55/><E55/><V131/><F131/><N who="1" m="50185" /><E73/><V123/><N who="2" m="31520" /><V66/><F59/><T98/><D109/><U43/><E43/><V2/><F2/><T65/><REACH who="0" step="1"/><D86/><AGARI ba="1,0" hai="44,46,57,62,66,86,89,94,99,103,104" m="31520,50795,31008" machi="86" ten="30,5800,0" yaku="20,1,52,2" doraHai="122" who="2" fromWho="0" sc="230,-60,400,0,420,60,0,0" /><INIT seed="2,2,0,2,2,42" ten="170,400,480,0" oya="2" hai0="106,116,2,41,53,88,63,130,129,122,75,72,112" hai1="87,103,69,134,128,59,124,80,52,34,58,107,44" hai2="33,100,56,104,125,105,101,123,132,85,50,109,78" hai3=""/><V126/><N who="2" m="31520" /><V127/><F33/><T62/><N who="0" m="31264" /><T67/><D2/><U54/><E69/><V60/><F132/><T131/><D106/><N who="2" m="41066" /><F109/><T68/><D116/><U32/><E134/><V81/><F50/><T119/><D119/><U1/><E1/><V135/><F135/><T102/><D102/><U0/><E103/><V92/><F92/><T71/><D112/><U82/><E34/><V35/><F35/><T115/><D115/><U98/><E32/><V45/><F45/><T114/><D114/><U108/><E44/><V117/><F117/><T120/><N who="0" m="30752" /><T55/><D41/><U90/><E108/><V38/><F38/><T91/><D130/><U79/><E128/><V118/><F118/><T94/><D67/><AGARI ba="2,0" hai="56,60,67,78,81,85,100,101,125,126,127" m="41066,31520" machi="67" ten="40,3900,0" yaku="18,1,52,1" doraHai="42" who="2" fromWho="0" sc="170,-43,400,0,480,43,0,0" /><INIT seed="2,3,0,3,0,48" ten="127,400,523,0" oya="2" hai0="112,66,99,36,54,127,118,73,62,43,89,45,125" hai1="37,60,61,111,50,124,119,121,72,42,135,63,77" hai2="95,102,64,128,115,58,93,82,98,110,46,39,107" hai3=""/><V84/><F115/><T100/><D73/><U51/><N who="1" m="31008" /><U108/><E77/><V88/><F128/><T52/><D89/><U123/><N who="1" m="31520" /><U133/><E124/><N who="0" m="47689" /><D112/><U90/><E90/><V75/><F110/><N who="1" m="42025" /><E72/><V49/><F39/><T53/><D118/><U2/><E2/><V78/><F58/><T130/><D130/><U71/><E71/><V131/><F64/><T81/><D81/><U67/><E67/><V116/><F116/><T65/><D62/><U70/><E70/><V32/><F32/><T103/><D103/><U114/><E114/><V33/><F33/><T59/><D59/><U44/><E119/><V1/><F1/><T83/><D83/><U91/><E91/><V94/><REACH who="2" step="1"/><F131/><REACH who="2" ten="127,400,513,0" step="2"/><T117/><D117/><U101/><E101/><V79/><F79/><T87/><D87/><U74/><E74/><V129/><F129/><T3/><D3/><U105/><E105/><AGARI ba="3,1" hai="36,43,45,52,53,54,65,66,99,100,105" m="47689" machi="105" ten="30,8000,1" yaku="18,1,52,3,54,1" doraHai="48" who="0" fromWho="1" sc="127,96,400,-86,513,0,0,0" /><INIT seed="4,0,0,3,0,43" ten="223,314,513,0" oya="0" hai0="98,83,41,82,95,92,69,115,91,35,132,125,63" hai1="134,75,54,94,0,116,66,50,1,77,49,45,80" hai2="108,118,73,79,68,120,102,48,124,87,71,104,57" hai3=""/><T64/><D35/><U67/><E134/><V88/><N who="2" m="30752" /><V106/><F108/><T44/><D132/><U128/><E128/><V59/><F124/><T127/><D115/><U2/><E116/><V55/><F118/><T129/><D129/><U65/><E1/><V47/><F79/><T130/><D130/><U36/><E36/><V111/><F73/><T56/><D69/><U135/><E135/><V97/><F106/><T32/><D32/><U93/><E93/><V131/><F111/><T62/><D62/><U58/><REACH who="1" step="1"/><E94/><REACH who="1" ten="223,304,513,0" step="2"/><V39/><F131/><T90/><D127/><U133/><E133/><V34/><F34/><T78/><D125/><U61/><E61/><V119/><F119/><T107/><D107/><U53/><AGARI ba="0,1" hai="0,2,45,49,50,53,54,58,65,66,67,75,77,80" machi="53" ten="30,5900,0" yaku="1,1,0,1,52,1,53,1" doraHai="43" doraHaiUra="40" who="1" fromWho="1" sc="223,-39,304,69,513,-20,0,0" /><INIT seed="5,0,0,2,1,49" ten="184,373,493,0" oya="1" hai0="98,102,131,2,117,103,42,121,63,124,67,68,65" hai1="108,69,82,79,59,125,126,55,80,3,72,66,60" hai2="105,130,129,87,115,73,44,50,64,78,106,91,95" hai3=""/><U41/><E3/><V54/><F115/><T92/><N who="0" m="31008" /><T104/><D2/><U46/><E108/><V83/><REACH who="2" step="1"/><F64/><REACH who="2" ten="184,373,483,0" step="2"/><T56/><D131/><AGARI ba="0,1" hai="44,50,54,73,78,83,87,91,95,105,106,129,130,131" machi="131" ten="40,8000,1" yaku="1,1,2,1,19,1,52,1,53,1" doraHai="49" doraHaiUra="74" who="2" fromWho="0" sc="184,-80,373,0,483,90,0,0" /><INIT seed="6,0,0,4,3,105" ten="104,373,573,0" oya="2" hai0="116,42,115,39,47,124,38,53,34,87,2,133,73" hai1="117,95,108,75,126,102,98,81,57,32,44,33,63" hai2="55,120,109,122,1,40,77,118,97,110,129,65,51" hai3=""/><V70/><F1/><T74/><D34/><U66/><E108/><N who="2" m="41579" /><F118/><T121/><N who="0" m="31008" /><T60/><D2/><U49/><E126/><V104/><F77/><T45/><D124/><U119/><E75/><V111/><F129/><T64/><D116/><N who="1" m="44619" /><E81/><V99/><F40/><AGARI ba="0,0" hai="32,33,40,44,49,57,63,66,95,98,102" m="44619" machi="40" ten="30,1000,0" yaku="12,1" doraHai="105" who="1" fromWho="2" sc="104,0,373,10,573,-10,0,0" owari="104,-50.0,383,-2.0,563,52.0,0,0.0" /></mjloggm>