<mjloggm ver="2.3"><GO type="225" lobby="0"/><UN n0="%E3%82%BC%E3%83%AB%E3%83%80%E3%81%AE%E4%BC%9D%E8%AA%AC" n1="%70%68%65%6E%6F%6D%65" n2="%E8%A8%88%E7%AE%97%E6%A9%9F%E8%87%AA%E7%84%B6" n3="%E9%B3%B3%E6%9D%B1%E3%81%AE%E3%81%86%E3%81%95%E3%81%8E%E3%81%95%E3%82%93" dan="17,17,17,17" rate="2221.50,2204.50,2190.05,2187.66" sx="M,M,M,M"/><TAIKYOKU oya="0"/><INIT seed="0,0,0,4,1,127" ten="250,250,250,250" oya="0" hai0="67,34,102,91,135,87,131,24,44,0,29,77,36" hai1="16,54,45,72,30,80,89,98,103,49,133,62,88" hai2="6,71,50,65,99,40,86,110,84,130,74,56,119" hai3="124,83,107,69,113,43,28,32,115,112,79,13,114"/><T26/><D135/><U3/><E3/><V92/><F74/><W11/><G124/><T8/><D131/><U48/><E30/><V59/><F110/><W70/><G107/><T61/><D26/><U90/><E133/><V105/><F71/><W104/><G104/><T9/><D0/><U101/><E62/><V81/><F105/><W25/><N who="3" m="28672" /><DORA hai="93" /><W85/><REACH who="3" step="1"/><G43/><REACH who="3" ten="250,250,250,240" step="2"/><T126/><D126/><U106/><E106/><V95/><F40/><W20/><G20/><T60/><D8/><U94/><E103/><V129/><F129/><W5/><AGARI ba="0,1" hai="5,11,13,25,28,32,69,70,79,83,85" m="28672" machi="5" ten="60,7900,0" yaku="1,1,0,1,53,1" doraHai="127,93" doraHaiUra="27,18" who="3" fromWho="3" sc="250,-39,250,-20,250,-20,240,89" /><INIT seed="1,0,0,2,2,80" ten="211,230,230,329" oya="1" hai0="26,99,44,120,39,33,61,92,58,43,34,76,17" hai1="63,67,69,88,20,118,89,127,57,15,10,53,13" hai2="129,50,123,6,21,81,71,70,96,125,9,119,51" hai3="12,40,59,19,133,14,98,36,87,128,47,112,108"/><U114/><E114/><V82/><F119/><W109/><G112/><T94/><D120/><U18/><E118/><V25/><F123/><W106/><G128/><T126/><D126/><U41/><E41/><V38/><F38/><W90/><G133/><T79/><D34/><U5/><REACH who="1" step="1"/><E127/><REACH who="1" ten="211,220,230,329" step="2"/><V78/><F125/><W31/><G40/><T29/><D17/><U11/><E11/><V3/><F9/><W37/><G19/><T8/><D8/><U30/><E30/><V113/><F113/><W22/><G31/><T49/><D39/><U103/><E103/><V135/><F135/><W75/><G36/><T7/><D7/><U111/><E111/><V131/><F6/><W116/><G109/><T100/><REACH who="0" step="1"/><D94/><REACH who="0" ten="201,220,230,329" step="2"/><U66/><E66/><AGARI ba="0,2" hai="26,29,33,43,44,49,58,61,66,76,79,92,99,100" machi="66" ten="30,3900,0" yaku="1,1,2,1,7,1,53,0" doraHai="80" doraHaiUra="105" who="0" fromWho="1" sc="201,59,220,-39,230,0,329,0" /><INIT seed="2,0,0,0,2,76" ten="260,181,230,329" oya="2" hai0="107,4,72,33,111,27,91,7,128,21,62,118,79" hai1="121,86,124,110,53,37,32,77,35,97,18,2,126" hai2="55,87,5,60,101,19,89,14,57,44,39,117,17" hai3="29,115,71,20,84,31,40,127,8,9,69,114,83"/><V135/><F117/><W30/><G40/><T28/><D107/><U78/><E110/><V1/><F1/><W116/><G20/><T129/><D111/><U3/><E37/><V45/><F135/><W130/><G116/><T125/><D118/><U46/><E97/><V100/><F5/><W15/><G130/><N who="0" m="50283" /><D125/><N who="1" m="48235" /><E18/><V82/><F19/><N who="3" m="8679" /><G9/><T24/><D91/><U95/><E121/><V98/><F39/><W108/><G108/><T61/><D79/><N who="1" m="30219" /><E95/><N who="2" m="58463" /><F101/><W66/><G127/><T0/><D72/><U25/><E86/><V109/><F109/><W22/><G30/><N who="0" m="17679" /><D0/><N who="1" m="43" /><E25/><V10/><AGARI ba="0,0" hai="10,14,17,44,45,55,57,60,82,87,89" m="58463" machi="10" ten="30,3000,0" yaku="8,1,52,1" doraHai="76" who="2" fromWho="2" sc="260,-10,181,-10,230,30,329,-10" /><INIT seed="2,1,0,2,4,131" ten="250,171,260,319" oya="2" hai0="134,68,119,47,8,133,124,60,123,107,39,26,128" hai1="31,111,33,6,96,109,37,81,70,4,59,7,129" hai2="1,104,35,78,49,108,25,24,62,57,84,95,85" hai3="40,115,27,118,12,0,89,112,21,100,65,53,28"/><V29/><F104/><W32/><G118/><T116/><D123/><U110/><E129/><V66/><F1/><W106/><G0/><T9/><D128/><U11/><E70/><V10/><F108/><W13/><G40/><N who="0" m="22943" /><D107/><U113/><E37/><V56/><F10/><N who="0" m="4202" /><D26/><N who="1" m="18679" /><E96/><V64/><F78/><W132/><G65/><N who="0" m="40999" /><D124/><U43/><E43/><V121/><F121/><W55/><G27/><T44/><D44/><U93/><E93/><V86/><F24/><W18/><G28/><T45/><D45/><U71/><E71/><V99/><F64/><W76/><G32/><T17/><D17/><U63/><E81/><V103/><F85/><W101/><G18/><T22/><D22/><U42/><E42/><V5/><F5/><N who="1" m="2153" /><E59/><V67/><F49/><W41/><G21/><T74/><D74/><U48/><E48/><V36/><F36/><W20/><G20/><T102/><D102/><U51/><E51/><V120/><F120/><W105/><G76/><T87/><D87/><U61/><E113/><V15/><F15/><W50/><G50/><T23/><D23/><U79/><E79/><V77/><F77/><W82/><G41/><T126/><D126/><U46/><E46/><V97/><F99/><W54/><G54/><T2/><D2/><U14/><E63/><AGARI ba="1,0" hai="25,29,35,56,57,62,63,66,67,84,86,95,97,103" machi="63" ten="40,2000,0" yaku="9,1" doraHai="131" who="2" fromWho="1" sc="250,0,171,-23,260,23,319,0" /><INIT seed="2,2,0,5,3,57" ten="250,148,283,319" oya="2" hai0="108,4,110,36,27,61,6,47,62,11,124,116,82" hai1="59,134,42,51,52,43,76,1,127,91,30,5,71" hai2="60,8,24,125,128,70,120,21,89,113,131,115,13" hai3="106,64,34,7,87,25,33,123,9,55,74,40,35"/><V104/><F104/><W109/><G123/><T3/><D124/><U29/><E127/><V32/><F125/><W63/><G74/><T54/><D116/><U15/><E1/><V99/><F32/><W84/><G109/><N who="0" m="42091" /><D6/><U102/><E134/><V103/><F89/><W19/><G106/><T83/><D27/><U117/><E117/><V20/><F120/><W68/><G40/><N who="0" m="22919" /><D54/><U22/><E71/><V80/><F80/><AGARI ba="2,0" hai="3,4,11,61,62,80,82,83" m="22919,42091" machi="80" ten="30,3900,0" yaku="14,1,52,2" doraHai="57" who="0" fromWho="2" sc="250,45,148,0,283,-45,319,0" /><INIT seed="3,0,0,5,5,47" ten="295,148,238,319" oya="3" hai0="107,1,76,61,74,83,20,51,128,35,26,116,98" hai1="123,33,96,82,23,5,60,14,56,24,64,79,46" hai2="48,54,45,3,29,90,108,106,86,94,36,127,115" hai3="126,50,2,78,95,113,68,55,104,105,109,77,43"/><W69/><G113/><T102/><D116/><U41/><E123/><V101/><F115/><W57/><G2/><T122/><D122/><U112/><E112/><V75/><F108/><W18/><G43/><T134/><D134/><U84/><E33/><V120/><F120/><W99/><G109/><T91/><D128/><U63/><E63/><V92/><F3/><W4/><G4/><T87/><D1/><U135/><E135/><V0/><F0/><W70/><G126/><T37/><D37/><U17/><E96/><V93/><F127/><W118/><G18/><T49/><D61/><U16/><E5/><V133/><F133/><W34/><G34/><T59/><D59/><U88/><E79/><V132/><F75/><W21/><G21/><T114/><D35/><U73/><E73/><V6/><F6/><W58/><G58/><T40/><D40/><U31/><REACH who="1" step="1"/><E14/><REACH who="1" ten="295,138,238,319" step="2"/><V27/><F27/><W39/><BYE who="2" /><G77/><UN n2="%E8%A8%88%E7%AE%97%E6%A9%9F%E8%87%AA%E7%84%B6" /><T119/><D114/><U32/><E32/><V15/><F15/><W22/><G78/><T125/><D125/><U80/><E80/><V9/><F132/><W100/><G99/><T97/><D98/><U67/><E67/><V8/><F86/><W53/><G70/><T124/><D124/><U81/><E81/><V42/><F93/><W19/><G95/><N who="0" m="54783" /><D119/><U11/><E11/><N who="2" m="4171" /><F94/><W28/><G69/><T103/><D103/><U121/><E121/><V89/><F92/><W111/><G68/><T129/><D129/><U117/><E117/><V72/><F72/><W71/><G118/><T7/><D7/><U65/><E65/><V85/><F101/><RYUUKYOKU ba="0,1" sc="295,15,138,15,238,-15,319,-15" hai0="20,26,49,51,74,76,83,97,102,107" hai1="16,17,23,24,31,41,46,56,60,64,82,84,88" owari="320,43.0,153,-35.0,223,-18.0,304,10.0" /></mjloggm>