<mjloggm ver="2.3"><GO type="185" lobby="0"/><UN n0="%E6%9D%B1%E9%B3%B3" n1="%E4%BD%90%E8%97%A4%E3%82%AB%E3%82%A4%E3%82%B8" n2="%4E%45%57%53%55%44" n3="" dan="17,16,16,0" rate="2263.30,2189.03,2176.32,1500.00" sx="M,F,M,C"/><TAIKYOKU oya="0"/><INIT seed="0,0,0,5,5,44" ten="350,350,350,0" oya="0" hai0="33,56,79,58,59,131,74,123,54,37,38,108,67" hai1="73,117,40,87,1,97,103,128,32,63,122,115,52" hai2="113,133,61,66,104,125,68,111,49,127,126,62,92" hai3=""/><T48/><N who="0" m="31520" /><T94/><D33/><U85/><N who="1" m="31264" /><U91/><E117/><V47/><F104/><T130/><D94/><U99/><E32/><V76/><F76/><T77/><D77/><U35/><E35/><V70/><F92/><T86/><D86/><U34/><E34/><V39/><F39/><N who="0" m="14858" /><D79/><U121/><N who="1" m="31008" /><U78/><E1/><V114/><F111/><T43/><D74/><U90/><E40/><V89/><F89/><T107/><D107/><U81/><E115/><V96/><F96/><T134/><D43/><U51/><E90/><V72/><F72/><T57/><D108/><U83/><E73/><V118/><F118/><T102/><D102/><U110/><E110/><V93/><F93/><T65/><D134/><U101/><E101/><V3/><F3/><T112/><D112/><U55/><E103/><V120/><N who="2" m="30752" /><V109/><F109/><T75/><D75/><U50/><E78/><V95/><F95/><T100/><D100/><U71/><E91/><V2/><F133/><T116/><D116/><U42/><E99/><V53/><F2/><T88/><D88/><U60/><E97/><V132/><F132/><T36/><N who="0" m="14866" /><T64/><AGARI ba="0,0" hai="48,54,56,57,58,59,64,65,67,130,131" m="14866,31520" machi="64" ten="50,8000,1" yaku="4,1,34,2,52,2" doraHai="44" who="0" fromWho="0" sc="350,80,350,-40,350,-40,0,0" /><INIT seed="0,1,0,0,3,78" ten="430,310,310,0" oya="0" hai0="90,122,126,46,118,82,127,125,91,102,69,108,37" hai1="3,52,57,107,121,123,113,112,40,75,61,135,109" hai2="97,117,130,62,116,88,39,95,84,70,41,54,59" hai3=""/><T47/><N who="0" m="31264" /><T114/><D118/><U104/><N who="1" m="31008" /><U0/><N who="1" m="31520" /><U134/><E75/><V110/><F110/><T128/><D114/><N who="1" m="44139" /><E40/><V79/><F130/><T71/><D128/><U76/><E76/><V45/><F70/><N who="0" m="26634" /><D108/><U129/><E109/><V34/><REACH who="2" step="1"/><F34/><REACH who="2" ten="430,310,300,0" step="2"/><T55/><D125/><U131/><E129/><V73/><F73/><T94/><D127/><U81/><E131/><V105/><F105/><N who="1" m="40521" /><E81/><AGARI ba="1,1" hai="39,41,45,54,59,62,79,81,84,88,95,97,116,117" machi="81" ten="40,8000,1" yaku="1,1,52,1,54,1,53,1" doraHai="78" doraHaiUra="36" who="2" fromWho="1" sc="430,0,310,-82,300,92,0,0" /><INIT seed="1,0,0,4,2,54" ten="430,228,392,0" oya="1" hai0="97,129,119,60,52,120,80,0,63,92,79,51,89" hai1="130,91,48,84,134,118,49,37,111,50,107,42,109" hai2="114,68,126,121,36,98,123,46,100,44,74,67,135" hai3=""/><U40/><E118/><V43/><N who="2" m="31008" /><V85/><N who="2" m="31520" /><V56/><F74/><T71/><N who="0" m="30752" /><T117/><D0/><U77/><E134/><V127/><F135/><T101/><D129/><U133/><E133/><V128/><F128/><T102/><D71/><U132/><E132/><V75/><F75/><T124/><D124/><U81/><E130/><V45/><F114/><T58/><D119/><U73/><E107/><V78/><F68/><T1/><D1/><U116/><E116/><V94/><F78/><T72/><D117/><U61/><E61/><V83/><F83/><T39/><D39/><U76/><E76/><V59/><F85/><T110/><D110/><N who="1" m="41995" /><E37/><V99/><F99/><T66/><REACH who="0" step="1"/><D63/><REACH who="0" ten="420,228,392,0" step="2"/><U47/><E47/><V112/><F45/><T55/><D55/><U57/><E57/><V122/><F56/><T64/><D64/><U105/><E105/><V87/><F46/><T93/><D93/><AGARI ba="0,1" hai="40,42,48,49,50,73,77,81,84,91,93" m="41995" machi="93" ten="30,2900,0" yaku="14,1,10,1" doraHai="54" who="1" fromWho="0" sc="420,-29,228,39,392,0,0,0" /><INIT seed="1,1,0,3,0,115" ten="391,267,392,0" oya="1" hai0="132,73,111,90,75,76,110,105,120,43,130,99,51" hai1="102,70,89,93,37,58,60,36,64,107,86,81,54" hai2="44,133,2,100,33,112,91,131,65,50,0,84,116" hai3=""/><U66/><E107/><V55/><F33/><T45/><N who="0" m="30752" /><T53/><D130/><U85/><E66/><V96/><F133/><T74/><D132/><U88/><REACH who="1" step="1"/><E102/><REACH who="1" ten="391,257,392,0" step="2"/><V61/><F131/><T78/><D105/><U34/><E34/><V104/><F112/><T52/><D111/><U80/><E80/><V77/><F0/><T87/><D110/><U38/><E38/><V3/><F2/><T129/><D129/><U62/><AGARI ba="1,1" hai="36,37,54,58,60,62,64,70,81,85,86,88,89,93" machi="62" ten="20,12000,2" yaku="1,1,0,1,7,1,54,1,53,2" doraHai="115" doraHaiUra="59" who="1" fromWho="1" sc="391,-61,257,132,392,-61,0,0" /><INIT seed="1,2,0,1,1,115" ten="330,389,331,0" oya="1" hai0="75,63,46,124,109,76,119,67,82,3,99,85,110" hai1="86,93,134,77,37,112,60,70,88,83,101,87,117" hai2="131,129,84,51,54,61,122,2,53,56,95,78,73" hai3=""/><U125/><E112/><V118/><N who="2" m="31264" /><V121/><N who="2" m="31008" /><V90/><F2/><T42/><D3/><U72/><E134/><V120/><N who="2" m="30752" /><V127/><F127/><T105/><D124/><U133/><E125/><V107/><F107/><T48/><D85/><U36/><E133/><V97/><F73/><T74/><D74/><U39/><E117/><V111/><F111/><T47/><D119/><U89/><E101/><V135/><F135/><T132/><D132/><U34/><E34/><V58/><F118/><T114/><D114/><U113/><E113/><V91/><REACH who="2" step="1"/><F78/><REACH who="2" ten="330,389,321,0" step="2"/><T68/><D105/><U1/><E1/><V100/><F100/><T106/><D106/><U81/><E70/><V102/><F102/><T44/><D110/><U32/><E32/><V94/><AGARI ba="2,1" hai="51,53,54,56,58,61,84,90,91,94,95,97,129,131" m="30752,31008,31264" machi="94" ten="30,6000,1" yaku="1,1,0,1,52,3,53,0" doraHai="115" doraHaiUra="130" who="2" fromWho="2" sc="330,-22,389,-42,321,74,0,0" /><INIT seed="2,0,0,1,0,121" ten="308,347,395,0" oya="2" hai0="102,80,62,111,35,117,100,99,45,1,39,67,70" hai1="96,88,119,103,133,97,85,44,109,127,120,108,107" hai2="38,51,113,87,128,55,84,2,37,46,130,129,68" hai3=""/><V73/><F73/><T124/><D1/><U131/><N who="1" m="30752" /><U47/><E133/><V135/><F2/><T34/><D117/><U114/><E114/><V79/><F68/><T33/><D124/><U36/><E127/><V59/><F135/><T53/><D102/><U126/><E126/><V75/><F113/><T106/><D53/><U134/><E134/><V98/><F98/><T104/><D80/><U122/><N who="1" m="31264" /><U89/><E119/><V110/><F110/><N who="1" m="42601" /><E36/><N who="2" m="13931" /><F46/><T41/><REACH who="0" step="1"/><D111/><REACH who="0" ten="298,347,395,0" step="2"/><U95/><E131/><V54/><F54/><T52/><D52/><U60/><E60/><V93/><F93/><AGARI ba="0,1" hai="33,34,35,39,41,45,62,67,70,93,99,100,104,106" machi="93" ten="40,2600,0" yaku="1,1,53,1" doraHai="121" doraHaiUra="66" who="0" fromWho="2" sc="298,36,347,0,395,-26,0,0" /><AGARI ba="0,0" hai="44,47,85,88,89,93,95,96,97,103,107" m="42601,31264,30752" machi="93" ten="30,12000,2" yaku="14,1,52,5,54,1" doraHai="121" who="1" fromWho="2" sc="334,0,347,120,369,-120,0,0" /><INIT seed="4,0,0,0,5,35" ten="334,467,249,0" oya="0" hai0="63,83,100,112,62,56,115,64,42,134,48,0,91" hai1="43,54,77,107,126,38,90,67,128,73,109,76,127" hai2="58,118,98,80,129,33,131,108,101,113,34,49,122" hai3=""/><T72/><D134/><U89/><E109/><V95/><N who="2" m="31264" /><V82/><F108/><T53/><D100/><U117/><E117/><V114/><F118/><T96/><D42/><U51/><E107/><V130/><F49/><T1/><D63/><U3/><E3/><V92/><F58/><T75/><D96/><U99/><E128/><V79/><F34/><T68/><D91/><U124/><E67/><V74/><F33/><T133/><D133/><U2/><E2/><N who="0" m="1129" /><D83/><U66/><E90/><V132/><F132/><T46/><D68/><U85/><E99/><V116/><F116/><T52/><D64/><U81/><E66/><V50/><F50/><T69/><D69/><U105/><E105/><V65/><F65/><T61/><D61/><U97/><E97/><V44/><F44/><T60/><D60/><U125/><E125/><V71/><F71/><T41/><D53/><U87/><E127/><V32/><F32/><T111/><D111/><U106/><E126/><V110/><F110/><T39/><D62/><U135/><E54/><V40/><F40/><T123/><D123/><U104/><E124/><V57/><F57/><T45/><D56/><U121/><N who="1" m="31008" /><U120/><N who="1" m="30752" /><U70/><E135/><V94/><F82/><RYUUKYOKU ba="0,0" sc="334,10,467,-20,249,10,0,0" hai0="39,41,45,46,48,52,72,75,112,115" hai2="74,79,80,92,94,95,98,101,113,114,129,130,131" /><INIT seed="4,1,0,0,3,96" ten="344,447,259,0" oya="0" hai0="103,1,50,52,0,61,94,53,75,131,112,110,133" hai1="105,41,99,104,74,87,85,43,2,100,91,40,3" hai2="38,125,78,132,70,44,45,54,83,42,90,81,119" hai3=""/><T114/><D75/><U68/><E74/><V88/><F70/><T98/><D131/><U46/><E68/><V67/><F67/><T89/><D133/><U120/><N who="1" m="30752" /><U76/><E105/><V79/><F132/><T62/><D110/><U82/><REACH who="1" step="1"/><E46/><REACH who="1" ten="344,437,259,0" step="2"/><V95/><F119/><T123/><N who="0" m="31520" /><T92/><D0/><U128/><E128/><V107/><F107/><T66/><D1/><U108/><E108/><V39/><F125/><T116/><D116/><U65/><E65/><V101/><F42/><T129/><D129/><U56/><E56/><V55/><REACH who="2" step="1"/><F95/><AGARI ba="1,1" hai="2,3,40,41,43,76,82,85,87,91,95,99,100,104" m="30752" machi="95" ten="40,5200,0" yaku="1,1,52,2,53,0" doraHai="96" doraHaiUra="63" who="1" fromWho="2" sc="344,0,437,64,259,-54,0,0" /><INIT seed="5,0,0,3,1,117" ten="344,501,205,0" oya="1" hai0="85,48,44,60,72,79,95,134,35,45,70,131,127" hai1="3,101,52,102,69,122,66,39,61,43,88,2,128" hai2="47,115,83,38,104,111,81,116,33,80,63,53,91" hai3=""/><U51/><N who="1" m="31264" /><U78/><E128/><V119/><F104/><T68/><D35/><U87/><E78/><V133/><F33/><T112/><D95/><U113/><E113/><V120/><N who="2" m="30752" /><V94/><F111/><T109/><D85/><U106/><E43/><V34/><F34/><T57/><D72/><U1/><E39/><V93/><F133/><T77/><D77/><U42/><E42/><V55/><F115/><T135/><D79/><U67/><E67/><V114/><F114/><T121/><N who="0" m="31008" /><T37/><D112/><U103/><E106/><V32/><F32/><T99/><D99/><U84/><REACH who="1" step="1"/><E88/><REACH who="1" ten="344,491,205,0" step="2"/><V100/><F91/><T110/><D37/><U92/><E92/><V58/><F93/><T118/><D131/><U90/><E90/><V89/><F38/><T46/><D110/><U129/><E129/><V75/><F75/><T71/><D109/><U62/><E62/><V64/><F64/><T50/><D60/><U76/><E76/><V0/><F89/><T74/><D74/><U123/><N who="1" m="31520" /><U130/><E130/><V86/><F94/><T98/><D98/><U125/><E125/><V36/><F63/><T65/><D127/><U56/><AGARI ba="0,1" hai="1,2,3,51,52,56,61,66,69,84,87,101,102,103" m="31520,31264" machi="56" ten="40,12000,2" yaku="1,1,0,1,52,4,54,1,53,0" doraHai="117" doraHaiUra="108" who="1" fromWho="1" sc="344,-60,491,130,205,-60,0,0" /><INIT seed="5,1,0,5,1,81" ten="284,621,145,0" oya="1" hai0="103,75,64,84,79,101,86,109,129,104,113,99,127" hai1="133,40,46,61,66,112,131,89,32,100,97,52,117" hai2="65,45,123,1,0,95,90,3,73,107,59,115,82" hai3=""/><U87/><E117/><V55/><N who="2" m="31520" /><V48/><F107/><T110/><D64/><U74/><E112/><V105/><F105/><T125/><D113/><U121/><N who="1" m="31008" /><U122/><N who="1" m="31264" /><U94/><E133/><V83/><F115/><T91/><D129/><U108/><E131/><V57/><F73/><T98/><D75/><U47/><E74/><V102/><F102/><T42/><D42/><U92/><E32/><V116/><F116/><T60/><D60/><U50/><E108/><V77/><F77/><T62/><D62/><U2/><E2/><V76/><F76/><T72/><D72/><U68/><REACH who="1" step="1"/><E40/><REACH who="1" ten="284,611,145,0" step="2"/><V85/><F65/><T44/><D110/><U36/><E36/><V33/><F33/><T43/><D43/><U39/><E39/><V58/><AGARI ba="1,1" hai="0,1,3,45,48,55,57,58,59,82,83,85,90,95" m="31520" machi="58" ten="40,3900,0" yaku="0,1,52,2" doraHai="81" who="2" fromWho="2" sc="284,-14,611,-27,145,51,0,0" /><INIT seed="6,0,0,2,5,126" ten="270,584,196,0" oya="2" hai0="39,93,129,110,68,32,86,99,127,33,117,96,45" hai1="35,78,69,71,58,130,115,103,84,74,81,54,106" hai2="120,95,133,111,62,57,128,125,60,70,85,109,97" hai3=""/><V49/><N who="2" m="30752" /><V34/><F125/><T122/><N who="0" m="31264" /><T76/><D129/><U64/><E130/><V83/><F34/><T61/><D110/><U56/><E115/><V101/><F128/><T47/><D117/><U116/><E116/><V107/><F133/><T80/><D127/><U134/><E134/><V55/><F107/><T113/><D113/><U72/><E35/><V73/><F73/><T121/><N who="0" m="31008" /><T94/><D68/><U63/><E71/><V123/><N who="2" m="31520" /><V53/><F70/><T3/><D61/><U108/><E108/><N who="2" m="41547" /><F55/><T135/><D135/><U41/><E69/><V100/><F100/><T82/><D3/><U98/><E41/><V66/><F66/><T75/><D32/><U0/><E0/><V88/><AGARI ba="0,0" hai="49,53,57,60,62,83,85,88,95,97,101" m="41547,31520,30752" machi="88" ten="30,7800,0" yaku="10,1,52,2,54,1" doraHai="126" who="2" fromWho="2" sc="270,-39,584,-39,196,78,0,0" /><INIT seed="6,1,0,2,4,51" ten="231,545,274,0" oya="2" hai0="129,77,122,43,50,37,72,44,89,98,56,135,41" hai1="91,114,1,117,75,132,49,94,52,66,105,80,92" hai2="55,116,74,113,68,62,46,59,112,63,131,78,45" hai3=""/><V120/><N who="2" m="30752" /><V95/><F116/><T70/><N who="0" m="31264" /><T90/><D129/><U106/><E1/><V121/><N who="2" m="31008" /><V33/><F33/><T123/><N who="0" m="31520" /><T115/><D135/><U133/><E66/><V110/><F131/><T82/><D115/><N who="2" m="44106" /><F110/><T83/><D70/><U128/><E114/><V0/><F0/><T69/><D69/><U48/><E48/><V34/><F34/><T36/><D43/><U54/><E54/><V111/><F111/><T130/><D130/><U102/><E94/><V85/><F74/><T39/><D83/><U42/><E42/><V88/><F78/><T61/><REACH who="0" step="1"/><D98/><REACH who="0" ten="221,545,274,0" step="2"/><U73/><E128/><V97/><F97/><T67/><AGARI ba="1,1" hai="36,37,39,41,44,50,56,61,67,72,77,82,89,90" m="31520,31264" machi="67" ten="30,9000,2" yaku="1,1,2,1,0,1,52,2,53,1" doraHai="51" doraHaiUra="58" who="0" fromWho="0" sc="221,102,545,-31,274,-61,0,0" owari="323,-8.0,514,47.0,213,-39.0,0,0.0" /></mjloggm>