<mjloggm ver="2.3"><GO type="185" lobby="0"/><UN n0="%E6%98%9F%E7%AB%B9%E8%82%89%E3%83%91%E3%82%BB%E3%83%AA" n1="%E3%81%B5%E3%82%8A%74%E3%82%93%EF%BC%81" n2="%E3%81%BE%E3%81%9F%E3%81%BE%E3%82%8B%E3%81%8F%E3%82%93" n3="" dan="18,17,17,0" rate="2375.22,2266.28,2299.11,1500.00" sx="M,M,M,C"/><TAIKYOKU oya="0"/><INIT seed="0,0,0,4,0,69" ten="350,350,350,0" oya="0" hai0="96,52,85,112,57,111,135,41,101,76,53,131,123" hai1="34,60,66,109,68,62,67,117,82,133,98,46,0" hai2="100,84,49,2,121,64,134,92,86,83,50,37,80" hai3=""/><T32/><N who="0" m="31520" /><T70/><D112/><U97/><E109/><V1/><N who="2" m="31008" /><V114/><F114/><T122/><N who="0" m="31264" /><T110/><D32/><U63/><E117/><V45/><F134/><T120/><N who="0" m="30752" /><T65/><D135/><U132/><E0/><V36/><F64/><T115/><D115/><U74/><E63/><V89/><F100/><T113/><D113/><U35/><E46/><V128/><F128/><T119/><D119/><U81/><E74/><V40/><F92/><T47/><D70/><AGARI ba="0,0" hai="34,35,60,62,66,67,68,70,81,82,97,98,132,133" machi="70" ten="25,1600,0" yaku="22,2" doraHai="69" who="1" fromWho="0" sc="350,-16,350,16,350,0,0,0" /><INIT seed="1,0,0,0,5,110" ten="334,366,350,0" oya="1" hai0="45,99,108,127,86,91,131,66,48,78,109,101,37" hai1="128,54,39,125,67,80,115,50,55,68,90,123,118" hai2="121,133,130,104,126,71,94,103,70,53,64,76,111" hai3=""/><U36/><N who="1" m="31520" /><U120/><N who="1" m="30752" /><U83/><E118/><V65/><N who="2" m="31008" /><V122/><N who="2" m="31264" /><V33/><F33/><T114/><D131/><U124/><E128/><V102/><F130/><T35/><D35/><U44/><E90/><V81/><F111/><T40/><D127/><N who="1" m="48715" /><E55/><V57/><F104/><T84/><D91/><U62/><E115/><V107/><F107/><T113/><D108/><U52/><E54/><V100/><F133/><T93/><D109/><U88/><E88/><V79/><F126/><T1/><D78/><U82/><AGARI ba="0,0" hai="36,39,44,50,52,62,67,68,80,82,83" m="48715,30752,31520" machi="82" ten="30,7800,0" yaku="18,1,52,2,54,1" doraHai="110" who="1" fromWho="1" sc="334,-39,366,78,350,-39,0,0" /><INIT seed="1,1,0,1,1,82" ten="295,444,311,0" oya="1" hai0="127,83,86,135,129,84,45,34,99,123,57,112,128" hai1="87,62,98,78,101,44,53,106,38,115,89,76,130" hai2="51,100,39,66,3,95,47,125,114,107,0,33,67" hai3=""/><U124/><E115/><V59/><F33/><T64/><N who="0" m="31520" /><T73/><D112/><U41/><E130/><N who="0" m="50281" /><D34/><U90/><E124/><V50/><F114/><T108/><D108/><U109/><E109/><V63/><F107/><T32/><D32/><U61/><E90/><V111/><F111/><T42/><D135/><U35/><E35/><V113/><F125/><T74/><D99/><U49/><E76/><V36/><F113/><T116/><D116/><U93/><REACH who="1" step="1"/><E78/><REACH who="1" ten="295,434,311,0" step="2"/><V40/><F0/><T118/><D127/><U1/><E1/><V68/><F3/><T80/><D73/><U131/><E131/><V121/><F121/><T46/><D74/><U102/><E102/><V119/><F100/><T134/><D118/><U71/><E71/><V120/><F119/><T110/><D110/><U52/><E52/><V96/><F68/><T104/><D134/><U117/><E117/><V56/><F120/><T55/><D55/><U103/><E103/><V88/><F67/><T54/><D54/><U132/><E132/><V94/><F66/><T70/><D70/><U43/><E43/><V72/><F40/><T37/><D64/><U79/><E79/><V65/><F72/><T58/><D42/><U75/><E75/><V2/><F65/><RYUUKYOKU ba="1,1" sc="295,-10,434,20,311,-10,0,0" hai1="38,41,44,49,53,61,62,87,89,93,98,101,106" /><INIT seed="1,2,1,5,0,83" ten="285,454,301,0" oya="1" hai0="102,36,108,91,110,75,92,39,55,114,57,120,127" hai1="85,106,56,135,93,2,38,104,71,32,35,130,119" hai2="53,133,1,0,86,77,87,81,51,117,132,101,42" hai3=""/><U113/><RYUUKYOKU type="yao9" ba="2,1" sc="285,0,454,0,301,0,0,0" hai1="2,32,35,38,56,71,85,93,104,106,113,119,130,135" /><INIT seed="1,3,1,4,4,80" ten="285,454,301,0" oya="1" hai0="56,41,42,89,135,68,66,120,101,105,116,44,1" hai1="132,81,59,32,49,117,45,2,62,90,34,77,128" hai2="87,126,123,39,70,48,112,103,38,85,37,0,43" hai3=""/><U79/><E2/><V83/><N who="2" m="31520" /><V130/><F0/><T74/><N who="0" m="30752" /><T111/><D1/><U33/><E117/><V91/><F70/><T129/><D74/><U71/><E71/><V82/><F130/><T113/><D105/><U109/><E132/><V50/><F126/><T53/><D101/><U118/><E118/><V69/><F69/><T134/><D116/><U100/><E100/><V131/><F131/><T64/><D129/><U73/><E128/><V75/><F75/><T133/><D113/><U35/><E109/><V88/><F112/><T127/><D127/><U61/><E35/><V36/><F103/><T124/><D124/><U125/><E125/><V47/><AGARI ba="3,1" hai="36,37,38,39,43,47,48,50,82,83,85,87,88,91" m="31520" machi="47" ten="40,9000,2" yaku="0,1,9,1,52,3,54,1" doraHai="80" who="2" fromWho="2" sc="285,-33,454,-63,301,106,0,0" /><INIT seed="2,0,0,5,5,75" ten="252,391,407,0" oya="2" hai0="130,2,39,67,114,116,125,106,73,48,93,1,61" hai1="121,117,71,122,82,69,53,84,83,81,123,58,41" hai2="3,120,132,76,45,129,66,49,115,102,40,104,52" hai3=""/><V59/><N who="2" m="30752" /><V33/><F115/><T77/><D116/><U72/><N who="1" m="31008" /><U85/><N who="1" m="31264" /><U97/><N who="1" m="31520" /><U92/><E117/><V35/><F132/><T128/><D39/><U62/><E72/><V50/><F129/><T108/><D106/><U133/><E133/><V88/><F3/><T68/><D108/><U100/><REACH who="1" step="1"/><E41/><REACH who="1" ten="252,381,407,0" step="2"/><V99/><F76/><T60/><D77/><U90/><E90/><V42/><F42/><T56/><D128/><U89/><E89/><V135/><F135/><T86/><D130/><U70/><AGARI ba="0,1" hai="53,58,62,69,70,71,81,82,83,84,85,92,97,100" m="31520,31264,31008" machi="70" ten="40,6000,1" yaku="1,1,0,1,52,3,53,0" doraHai="75" doraHaiUra="127" who="1" fromWho="1" sc="252,-20,381,70,407,-40,0,0" /><INIT seed="4,0,0,2,4,71" ten="232,451,367,0" oya="0" hai0="81,109,101,111,42,52,100,122,60,103,41,114,48" hai1="33,43,58,112,77,64,105,67,74,134,125,59,78" hai2="129,128,99,118,47,108,44,49,45,76,97,63,36" hai3=""/><T39/><N who="0" m="31264" /><T115/><D60/><U94/><E105/><V95/><F108/><N who="0" m="41546" /><D81/><U69/><E69/><V131/><F118/><T66/><D66/><U54/><E43/><N who="0" m="16393" /><D39/><U110/><E110/><V37/><F76/><T116/><D116/><U51/><E78/><V55/><F63/><T106/><D106/><U127/><E77/><V35/><F35/><T0/><D0/><U135/><E33/><V86/><F86/><T90/><D90/><U1/><E1/><V38/><F99/><T107/><D107/><U133/><E67/><V92/><F95/><T70/><D70/><U88/><E64/><V121/><N who="2" m="31008" /><V50/><F49/><T56/><AGARI ba="0,0" hai="48,52,56,100,101,103,114,115" m="16393,41546,31264" machi="56" ten="40,5200,0" yaku="10,1,52,1,54,1" doraHai="71" who="0" fromWho="0" sc="232,52,451,-26,367,-26,0,0" /><INIT seed="4,1,0,1,4,91" ten="284,425,341,0" oya="0" hai0="2,53,132,114,35,55,47,77,54,117,122,116,118" hai1="112,110,128,44,1,83,84,105,58,121,63,80,34" hai2="64,39,33,49,46,125,75,73,126,87,65,82,52" hai3=""/><T85/><N who="0" m="31264" /><T42/><D35/><U37/><N who="1" m="31008" /><U131/><E34/><V119/><F33/><T72/><D2/><U88/><E110/><V92/><F39/><T56/><D114/><U127/><E127/><N who="2" m="48651" /><F119/><T71/><D72/><N who="2" m="27722" /><F92/><T68/><D132/><U102/><E1/><V109/><F109/><T107/><D107/><U32/><E32/><V101/><F101/><T61/><D77/><AGARI ba="1,0" hai="46,49,52,64,65,77,82,87" m="27722,48651" machi="77" ten="30,2000,0" yaku="18,1,54,1" doraHai="91" who="2" fromWho="0" sc="284,-22,425,0,341,22,0,0" /><INIT seed="5,0,0,2,0,32" ten="262,425,363,0" oya="1" hai0="36,45,120,88,109,127,117,92,57,3,65,98,90" hai1="122,39,126,82,123,61,80,91,85,67,114,41,35" hai2="50,130,40,86,66,81,74,58,121,38,101,63,78" hai3=""/><U75/><N who="1" m="31264" /><U89/><N who="1" m="31520" /><U54/><E35/><V113/><N who="2" m="31008" /><V51/><F130/><T59/><N who="0" m="30752" /><T132/><D109/><U1/><E114/><V79/><F113/><T133/><D127/><U110/><E110/><V128/><F128/><T43/><D117/><U48/><E126/><V118/><F118/><T55/><D3/><U100/><E100/><V47/><F79/><T111/><D111/><U108/><E108/><V52/><F101/><T70/><D57/><U112/><E112/><V42/><F42/><T105/><D105/><U37/><E1/><V125/><F125/><T69/><D90/><U131/><E131/><V68/><REACH who="2" step="1"/><F51/><REACH who="2" ten="262,425,353,0" step="2"/><T94/><D132/><U60/><E41/><V124/><F124/><T53/><D133/><U129/><E48/><V115/><F115/><T84/><D43/><U73/><E129/><V99/><F99/><T102/><D36/><U49/><E37/><V103/><F103/><T93/><D98/><U119/><E39/><V34/><F34/><T71/><D102/><U64/><E119/><V95/><F95/><T0/><D0/><U97/><E97/><V44/><F44/><T76/><D45/><U134/><E134/><V77/><F77/><T33/><D76/><RYUUKYOKU ba="0,1" sc="262,-10,425,-10,353,20,0,0" hai2="38,40,47,50,52,58,63,66,68,74,78,81,86" /><INIT seed="6,1,1,5,4,107" ten="252,415,373,0" oya="2" hai0="133,95,43,69,82,88,102,113,55,93,84,66,87" hai1="65,76,72,37,127,78,89,124,97,79,122,106,85" hai2="92,118,117,1,103,73,47,33,135,128,119,74,121" hai3=""/><V77/><N who="2" m="31008" /><V53/><F1/><T2/><D2/><U94/><N who="1" m="31264" /><U112/><E112/><V62/><F33/><T83/><D133/><U105/><E37/><V36/><F135/><T3/><D3/><U58/><E72/><V134/><F134/><T60/><D113/><U81/><E65/><V96/><F128/><T75/><D43/><U0/><E58/><V39/><F77/><N who="1" m="29801" /><E0/><V46/><F62/><T48/><D75/><U115/><E115/><V64/><F64/><T91/><REACH who="0" step="1"/><D102/><REACH who="0" ten="242,415,373,0" step="2"/><U61/><E127/><V132/><F132/><T49/><D49/><U67/><E124/><V131/><F131/><T70/><D70/><U100/><E61/><V99/><F103/><T111/><D111/><U126/><E126/><V51/><F51/><T54/><D54/><U125/><E125/><V35/><F118/><T108/><D108/><U38/><E100/><V57/><F53/><T109/><D109/><U98/><E67/><V32/><F119/><T120/><N who="0" m="30752" /><T45/><AGARI ba="1,2" hai="45,48,55,60,66,69,82,83,84,87,88,91,93,95" m="30752" machi="45" ten="20,12000,3" yaku="1,1,4,1,0,1,7,1,9,1,52,1,54,1,53,2" doraHai="107" doraHaiUra="90" who="0" fromWho="0" sc="242,142,415,-41,373,-81,0,0" /><INIT seed="8,0,0,0,5,127" ten="384,374,292,0" oya="0" hai0="117,41,88,42,86,44,40,74,76,130,60,78,83" hai1="131,64,69,90,56,53,35,2,49,129,134,122,87" hai2="47,48,118,99,45,37,0,68,105,82,91,3,100" hai3=""/><T101/><D130/><N who="1" m="49675" /><E122/><V70/><F118/><T61/><D117/><U104/><E134/><V46/><F37/><T85/><D101/><U107/><E35/><V75/><F48/><T73/><D44/><U52/><E2/><V102/><F102/><T97/><D97/><U62/><E53/><V58/><F58/><T65/><D60/><U54/><E54/><V55/><F55/><T123/><N who="0" m="31520" /><T112/><D112/><U108/><E108/><V51/><F51/><T103/><D103/><U89/><E89/><V38/><F38/><T43/><D43/><U94/><AGARI ba="0,0" hai="49,52,56,62,64,69,87,90,94,104,107" m="49675" machi="94" ten="30,6000,1" yaku="19,1,52,3,54,1" doraHai="127" who="1" fromWho="1" sc="384,-40,374,60,292,-20,0,0" owari="344,-6.0,434,39.0,272,-33.0,0,0.0" /></mjloggm>