<mjloggm ver="2.3"><GO type="225" lobby="0"/><UN n0="%E4%BA%95%E5%B8%AF" n1="%70%68%65%6E%6F%6D%65" n2="%E3%83%AD%E3%83%83%E3%83%86%E9%9B%80%E7%90%83" n3="%E6%AF%9B%E8%8D%92%E3%82%8C%E3%83%BB%E3%82%B9%E3%83%9F%E3%82%B9" dan="16,17,18,16" rate="2153.06,2210.14,2242.76,2148.65" sx="M,M,F,F"/><TAIKYOKU oya="0"/><INIT seed="0,0,0,1,1,80" ten="250,250,250,250" oya="0" hai0="72,124,41,10,95,107,5,52,50,49,110,42,87" hai1="20,75,91,33,6,4,92,131,63,99,3,103,127" hai2="100,19,45,132,94,129,102,123,36,70,48,18,55" hai3="2,62,105,26,39,96,93,111,12,109,101,15,135"/><T133/><D107/><U13/><E33/><V14/><F132/><W37/><G2/><T35/><D72/><U56/><E127/><V59/><F129/><W23/><G135/><T8/><D35/><U108/><E131/><V24/><F123/><W65/><G105/><T40/><D133/><U121/><E121/><V76/><F70/><W120/><G120/><T84/><D124/><U44/><E75/><V66/><F76/><W34/><G34/><T22/><D110/><N who="3" m="41993" /><G12/><N who="0" m="5135" /><D10/><U58/><E3/><V90/><F24/><W21/><G15/><T53/><D22/><N who="3" m="8201" /><G26/><T17/><D17/><N who="2" m="6154" /><F36/><W68/><AGARI ba="0,0" hai="37,39,62,65,68,93,96,101" m="8201,41993" machi="68" ten="30,1100,0" yaku="14,1" doraHai="80" who="3" fromWho="3" sc="250,-5,250,-3,250,-3,250,11" /><INIT seed="1,0,0,3,0,70" ten="245,247,247,261" oya="1" hai0="122,76,78,114,106,66,5,111,56,118,13,77,129" hai1="64,20,69,124,89,27,98,45,80,0,31,21,125" hai2="55,94,14,108,24,130,34,99,60,37,82,135,12" hai3="58,103,75,91,101,48,119,8,84,35,16,63,92"/><U79/><E0/><V109/><F130/><W120/><G120/><T100/><D118/><U38/><E21/><V28/><F135/><W22/><G35/><T73/><D114/><U33/><E20/><V59/><F82/><W11/><G75/><T88/><D111/><N who="2" m="42570" /><F37/><W50/><G119/><T10/><D129/><U113/><E113/><V43/><F43/><W49/><G103/><AGARI ba="0,0" hai="12,14,24,28,34,55,59,60,94,99,103" m="42570" machi="103" ten="30,1000,0" yaku="14,1" doraHai="70" who="2" fromWho="3" sc="245,0,247,0,247,10,261,-10" /><INIT seed="2,0,0,0,4,124" ten="245,247,257,251" oya="2" hai0="52,25,126,69,65,49,79,114,40,47,78,63,12" hai1="87,96,30,64,102,84,50,18,111,6,5,105,60" hai2="33,16,90,35,14,42,22,67,36,66,132,116,113" hai3="24,74,103,11,89,129,118,32,26,73,135,122,108"/><V3/><F113/><W0/><G118/><T37/><D126/><U110/><E30/><V53/><F116/><W27/><G122/><T133/><D133/><U59/><E18/><V88/><F3/><W115/><G32/><T81/><D114/><U134/><E134/><V9/><F132/><W95/><G135/><T29/><D12/><U44/><E84/><V76/><F76/><W104/><G115/><T48/><D48/><U17/><E17/><N who="2" m="8399" /><F36/><W86/><G129/><T10/><D10/><U99/><E99/><V62/><F42/><W43/><G108/><N who="1" m="41514" /><E87/><V58/><F35/><W70/><G70/><T80/><D79/><U121/><E121/><V123/><F33/><W20/><G43/><AGARI ba="0,0" hai="5,6,43,44,50,59,60,64,96,102,105" m="41514" machi="43" ten="30,1000,0" yaku="14,1" doraHai="124" who="1" fromWho="3" sc="245,0,247,10,257,0,251,-10" /><INIT seed="3,0,0,4,3,24" ten="245,257,257,241" oya="3" hai0="44,69,4,55,48,129,115,121,118,21,107,85,57" hai1="123,77,67,116,127,124,64,110,18,82,113,71,88" hai2="27,135,104,125,16,51,59,2,70,100,126,68,132" hai3="52,133,62,114,78,12,58,54,37,106,80,75,79"/><W66/><G114/><T72/><D72/><U28/><E113/><V95/><F104/><W6/><G37/><T13/><D121/><U103/><E123/><V84/><F2/><W96/><G133/><N who="2" m="51273" /><F59/><W81/><G6/><T111/><D129/><U41/><E103/><V50/><F84/><W90/><G12/><T109/><D69/><N who="2" m="26730" /><F95/><W131/><G131/><T36/><D85/><U76/><E71/><V91/><F91/><W93/><REACH who="3" step="1"/><G106/><REACH who="3" ten="245,257,257,231" step="2"/><T60/><D36/><U117/><E116/><V56/><F126/><W35/><G35/><T25/><D118/><U19/><E117/><V26/><F125/><W87/><AGARI ba="0,1" hai="52,54,58,62,66,75,78,79,80,81,87,90,93,96" machi="87" ten="20,7800,0" yaku="1,1,0,1,7,1,54,1,53,0" doraHai="24" doraHaiUra="38" who="3" fromWho="3" sc="245,-26,257,-26,257,-26,231,88" owari="219,-28.0,231,3.0,231,-17.0,319,42.0" /></mjloggm>