<mjloggm ver="2.3"><GO type="225" lobby="0"/><UN n0="%E5%B0%8F%E9%B3%A5%E9%81%8A%E7%B7%B4%E7%84%A1%32%31%E6%AD%B3" n1="%E4%BA%95%E5%B8%AF" n2="%E3%82%A2%E3%83%9E%E3%83%9D%EF%BD%9E%EF%BD%9E%E3%83%A9" n3="%E8%A8%88%E7%AE%97%E6%A9%9F%E8%87%AA%E7%84%B6" dan="16,16,16,17" rate="2092.09,2167.26,2114.02,2233.05" sx="F,M,M,M"/><TAIKYOKU oya="0"/><INIT seed="0,0,0,1,2,70" ten="250,250,250,250" oya="0" hai0="46,59,8,64,5,47,52,40,101,117,99,21,124" hai1="86,84,122,131,130,114,37,80,36,22,127,89,118" hai2="100,1,63,106,34,12,107,41,43,74,67,60,28" hai3="13,31,129,24,20,126,96,115,72,69,94,25,78"/><T27/><D124/><U14/><E127/><V73/><F1/><W134/><G126/><T42/><D117/><U26/><E118/><V128/><F12/><W113/><G69/><T54/><D64/><U2/><E2/><V51/><F51/><W97/><G129/><N who="1" m="49162" /><E122/><V83/><F128/><W93/><G134/><T133/><D133/><U35/><E114/><V16/><F16/><W44/><G13/><N who="0" m="5263" /><D99/><U116/><E116/><V135/><F135/><W103/><G72/><T109/><D101/><U90/><E14/><V11/><F11/><W62/><G78/><T23/><D109/><U32/><E22/><N who="0" m="8201" /><D27/><U6/><E6/><V66/><F100/><W56/><G24/><T48/><D54/><U110/><E110/><V85/><F28/><W102/><G44/><AGARI ba="0,0" hai="40,42,44,46,47,48,52,59" m="8201,5263" machi="44" ten="30,2900,0" yaku="8,1,54,1" doraHai="70" who="0" fromWho="3" sc="250,29,250,0,250,0,250,-29" /><INIT seed="0,1,0,1,1,40" ten="279,250,250,221" oya="0" hai0="26,99,127,103,60,111,3,24,25,38,79,106,117" hai1="105,11,54,134,94,65,28,135,41,124,12,35,101" hai2="47,112,118,91,88,22,115,8,1,82,49,70,72" hai3="71,43,29,27,113,7,9,126,97,81,55,37,68"/><T33/><D117/><U21/><E105/><V4/><F70/><W69/><G113/><T108/><D3/><U100/><E35/><V78/><F118/><W61/><G126/><T14/><D127/><U114/><E114/><V121/><F121/><W74/><G97/><T32/><D79/><U20/><E65/><V34/><F34/><N who="3" m="20799" /><G55/><T51/><D38/><U57/><E41/><V119/><F119/><W102/><G102/><T129/><D129/><U122/><E122/><V92/><F22/><N who="1" m="8809" /><E28/><V36/><F91/><W44/><G61/><T116/><D116/><U109/><E94/><V85/><F36/><W133/><G133/><N who="1" m="50698" /><E109/><N who="0" m="42057" /><D60/><N who="1" m="35895" /><E124/><V46/><F46/><W42/><G42/><AGARI ba="1,0" hai="1,4,8,42,47,49,72,78,82,85,88,92,112,115" machi="42" ten="30,3900,0" yaku="7,1,52,1,54,1" doraHai="40" who="2" fromWho="3" sc="279,0,250,0,250,42,221,-42" /><INIT seed="1,0,0,0,5,106" ten="279,250,292,179" oya="1" hai0="86,19,94,6,63,29,110,61,60,12,46,8,0" hai1="89,109,67,43,45,105,31,131,50,130,26,16,40" hai2="59,47,52,56,41,25,3,71,64,13,129,66,73" hai3="124,24,37,84,22,103,134,33,112,104,9,123,28"/><U34/><E109/><V15/><F3/><W126/><G37/><T116/><D110/><U55/><E105/><V135/><F71/><W53/><G123/><T90/><D29/><U49/><E67/><V101/><F135/><W17/><G84/><T79/><D116/><U102/><E102/><V82/><F101/><W7/><G53/><T76/><REACH who="0" step="1"/><D46/><REACH who="0" ten="269,250,292,179" step="2"/><U87/><E131/><V69/><F47/><W85/><G134/><T96/><D96/><U39/><E130/><V58/><F129/><W117/><G117/><T115/><D115/><U91/><E31/><V77/><F69/><W78/><G112/><T80/><D80/><U5/><E45/><V118/><F118/><W32/><G28/><T88/><D88/><U27/><E89/><V20/><F41/><W95/><G32/><T11/><AGARI ba="0,1" hai="0,6,8,11,12,19,60,61,63,76,79,86,90,94" machi="11" ten="30,2000,0" yaku="1,1,0,1,53,0" doraHai="106" doraHaiUra="128" who="0" fromWho="0" sc="269,30,250,-10,292,-5,179,-5" /><INIT seed="2,0,0,1,1,123" ten="299,240,287,174" oya="2" hai0="65,106,101,12,4,23,125,129,14,121,104,51,34" hai1="103,114,68,49,110,50,94,31,85,64,112,134,100" hai2="27,26,57,131,117,115,102,59,124,74,3,38,37" hai3="5,30,89,132,44,77,32,84,86,7,61,45,18"/><V111/><F102/><W122/><G122/><T42/><D121/><U116/><E116/><V78/><F3/><W63/><G32/><T127/><D34/><U97/><E134/><V16/><F78/><W56/><G132/><T52/><D129/><U83/><E31/><V35/><F74/><W19/><G30/><T62/><D42/><U43/><E103/><V13/><F115/><W120/><G120/><T39/><D39/><U88/><E110/><V87/><F111/><W20/><G77/><T41/><D41/><U48/><REACH who="1" step="1"/><E43/><REACH who="1" ten="299,230,287,174" step="2"/><V29/><F117/><W66/><G89/><T119/><D101/><U40/><E40/><V54/><F29/><W135/><G135/><T90/><D119/><U53/><E53/><V15/><F54/><W126/><G126/><T60/><D52/><U76/><E76/><V69/><F124/><W0/><G0/><T98/><D125/><U17/><E17/><V28/><F16/><W91/><G91/><T75/><D90/><U72/><E72/><V81/><F28/><W10/><G20/><T113/><D75/><U46/><E46/><V128/><F35/><W71/><G10/><T107/><D23/><U8/><E8/><V133/><F133/><W109/><G109/><T73/><D127/><U80/><E80/><V93/><F81/><W21/><G21/><T36/><D73/><U130/><E130/><V24/><F131/><W9/><G9/><T79/><D79/><U99/><E99/><V105/><F128/><W47/><G18/><T11/><D98/><U108/><E108/><V67/><F38/><W22/><G22/><RYUUKYOKU ba="0,1" sc="299,-10,230,30,287,-10,174,-10" hai1="48,49,50,64,68,83,85,88,94,97,100,112,114" /><INIT seed="3,1,1,1,5,49" ten="289,260,277,164" oya="3" hai0="130,124,102,13,44,51,126,134,95,110,3,118,60" hai1="22,113,15,64,97,103,75,33,9,114,16,30,56" hai2="21,80,78,0,53,14,48,25,29,4,73,96,8" hai3="28,81,125,54,59,1,104,107,115,112,66,87,35"/><W99/><G125/><N who="0" m="48235" /><D118/><U6/><E75/><V76/><F76/><W132/><G132/><T91/><D134/><U131/><E131/><V98/><F0/><W74/><G1/><T122/><D130/><U55/><E64/><V12/><F12/><W23/><G35/><T71/><D110/><U111/><E30/><V57/><AGARI ba="1,1" hai="4,8,14,21,25,29,48,53,57,73,78,80,96,98" machi="57" ten="20,2700,0" yaku="0,1,7,1,52,1" doraHai="49" who="2" fromWho="2" sc="289,-8,260,-8,277,40,164,-14" owari="281,8.0,252,-15.0,317,42.0,150,-35.0" /></mjloggm>