<mjloggm ver="2.3"><GO type="169" lobby="0"/><UN n0="%E3%81%82%E3%81%84%E3%81%A0%E3%81%A6" n1="%E3%82%AA%E3%83%AD%E3%83%8E%E3%81%A1%E3%82%83%E3%82%93" n2="%E6%86%A7%E7%91%9A" n3="%E3%81%92%E3%82%93%E3%81%BE%E3%81%84" dan="17,16,17,16" rate="2184.75,2037.04,2178.10,2116.56" sx="M,F,M,M"/><TAIKYOKU oya="0"/><INIT seed="0,0,0,4,3,134" ten="250,250,250,250" oya="0" hai0="111,36,92,29,27,101,11,14,17,87,107,113,84" hai1="105,74,39,121,88,91,57,10,93,48,89,130,37" hai2="75,23,104,72,98,42,67,119,86,6,25,21,126" hai3="61,106,4,63,38,46,122,45,132,77,18,78,54"/><T13/><D113/><U82/><E121/><V28/><F42/><W35/><G106/><T19/><D36/><U80/><E105/><V2/><F119/><W16/><G35/><T90/><D111/><U69/><E69/><V58/><F2/><W102/><G132/><T53/><D101/><U124/><E10/><V51/><F6/><W135/><G135/><T47/><D107/><U120/><E93/><V83/><F21/><W32/><G32/><T115/><D115/><U108/><E120/><V76/><F51/><W31/><G31/><T110/><D110/><U40/><E108/><V64/><F126/><W85/><G102/><T8/><D53/><U118/><E118/><V66/><REACH who="2" step="1"/><F58/><REACH who="2" ten="250,250,240,250" step="2"/><W71/><G4/><T68/><D68/><U34/><E57/><V109/><F109/><W12/><G71/><T3/><D47/><U95/><E40/><V79/><F79/><W99/><G78/><T94/><D3/><U30/><E48/><V43/><F43/><W117/><G77/><T55/><D29/><U70/><E70/><V41/><F41/><W26/><G46/><T15/><D8/><U96/><E124/><V112/><F112/><W20/><G45/><T114/><D114/><U60/><E30/><V50/><F50/><W56/><G117/><T127/><D127/><U62/><E34/><V7/><F7/><W33/><G33/><T22/><D11/><U103/><E39/><V24/><F24/><W123/><G123/><T116/><D116/><U5/><E37/><V129/><F129/><W125/><G122/><T0/><D0/><U97/><E130/><RYUUKYOKU ba="0,1" sc="250,-10,250,-10,240,30,250,-10" hai2="23,25,28,64,66,67,72,75,76,83,86,98,104" /><INIT seed="1,1,1,2,0,79" ten="240,240,270,240" oya="1" hai0="128,58,12,16,108,29,19,88,132,97,32,34,65" hai1="112,1,62,111,33,110,82,118,49,40,125,66,70" hai2="56,98,127,100,99,117,75,55,123,61,77,92,126" hai3="46,135,0,13,21,2,71,94,43,60,10,74,23"/><U102/><E112/><V57/><F117/><W5/><G135/><T6/><D108/><N who="1" m="41515" /><E118/><V86/><F123/><W129/><G129/><T84/><D128/><U24/><E125/><V8/><F75/><W15/><G74/><T72/><D72/><U47/><E1/><V28/><F28/><W67/><G94/><T109/><D132/><U36/><E102/><V42/><F42/><W11/><G0/><T68/><D68/><U59/><E82/><V44/><F44/><W90/><G90/><T27/><D97/><U104/><E104/><V22/><F98/><W38/><REACH who="3" step="1"/><G2/><REACH who="3" ten="240,240,270,230" step="2"/><T103/><D103/><U119/><E119/><V41/><F100/><W31/><G31/><T26/><D109/><U130/><E130/><V63/><F92/><W53/><G53/><T76/><D76/><U105/><E105/><V51/><F77/><W30/><G30/><T121/><D121/><U69/><E36/><V39/><F39/><W50/><G50/><T81/><D32/><U115/><E115/><V20/><F51/><W114/><G114/><T101/><D101/><U37/><E37/><V89/><F89/><W124/><G124/><T48/><D34/><U4/><E4/><AGARI ba="1,2" hai="4,5,10,11,13,15,21,23,38,43,46,60,67,71" machi="4" ten="30,3900,0" yaku="1,1,7,1,9,1,53,0" doraHai="79" doraHaiUra="107" who="3" fromWho="1" sc="240,0,240,-42,270,0,230,62" /><INIT seed="2,0,0,5,1,123" ten="240,198,270,292" oya="2" hai0="120,43,3,38,86,78,27,69,4,53,125,74,83" hai1="81,130,58,40,11,88,35,8,87,12,60,77,84" hai2="131,96,71,97,100,116,61,101,119,113,17,93,46" hai3="102,34,54,28,133,80,41,44,105,72,18,31,85"/><V129/><F46/><W91/><G133/><T103/><D120/><U57/><E130/><N who="2" m="49675" /><F17/><W20/><G54/><T107/><D125/><U23/><E35/><V90/><F71/><W99/><G34/><T128/><D27/><U47/><E23/><V50/><F61/><W52/><G72/><T55/><D86/><U21/><E21/><V6/><F50/><W117/><G117/><N who="2" m="45129" /><F6/><W19/><G52/><T92/><D107/><U79/><E79/><V95/><F113/><W16/><REACH who="3" step="1"/><G20/><REACH who="3" ten="240,198,270,282" step="2"/><T25/><D53/><U56/><E60/><V124/><F124/><W29/><G29/><T14/><D74/><U49/><REACH who="1" step="1"/><E12/><REACH who="1" ten="240,188,270,282" step="2"/><V66/><F66/><W82/><G82/><AGARI ba="0,2" hai="8,11,40,47,49,56,57,58,77,81,82,84,87,88" machi="82" ten="40,8000,1" yaku="1,1,2,1,8,1,54,1,53,0" doraHai="123" doraHaiUra="62" who="1" fromWho="3" sc="240,0,188,100,270,0,282,-80" /><INIT seed="3,0,0,3,1,85" ten="240,288,270,202" oya="3" hai0="14,86,96,32,119,37,18,130,12,95,50,61,93" hai1="9,45,134,26,109,48,57,111,70,72,89,34,39" hai2="19,23,5,42,44,38,62,69,67,13,66,79,107" hai3="51,118,127,135,132,98,31,27,55,113,24,99,115"/><W78/><G118/><T120/><D37/><U128/><E70/><V41/><F107/><W63/><G78/><T59/><D32/><U126/><E72/><V123/><F123/><W7/><G7/><T3/><D3/><U124/><E39/><V47/><F79/><W129/><G63/><T8/><D50/><U1/><E57/><V104/><F104/><W133/><G129/><T110/><D110/><N who="1" m="41995" /><E128/><V29/><F67/><W49/><G127/><N who="1" m="48682" /><E134/><V6/><F29/><W84/><G84/><T116/><D120/><U121/><E121/><V36/><AGARI ba="0,0" hai="5,6,13,19,23,36,38,41,42,44,47,62,66,69" machi="36" ten="20,2700,0" yaku="0,1,7,1,9,1" doraHai="85" who="2" fromWho="2" sc="240,-7,288,-7,270,27,202,-13" /><INIT seed="4,0,0,4,3,7" ten="233,281,297,189" oya="0" hai0="100,21,50,120,98,24,3,132,63,88,80,23,22" hai1="46,106,90,33,92,73,39,45,6,42,75,85,79" hai2="13,128,127,35,117,10,40,111,113,121,65,67,110" hai3="84,72,134,0,28,125,133,131,93,5,94,135,49"/><T48/><D132/><U66/><E106/><V74/><F74/><W129/><G72/><T123/><D3/><U109/><E109/><V31/><F121/><W130/><G28/><T55/><D63/><U83/><E33/><V54/><F117/><W96/><G49/><T36/><D50/><U86/><E66/><V57/><F40/><W126/><G84/><N who="0" m="50183" /><D36/><U17/><E17/><V70/><F70/><W95/><G96/><T69/><D69/><U11/><REACH who="1" step="1"/><E46/><REACH who="1" ten="233,271,297,189" step="2"/><V99/><F67/><W107/><G107/><T52/><D120/><U116/><E116/><V122/><F65/><W77/><G77/><T25/><D123/><U26/><E26/><V20/><F35/><W114/><G114/><T105/><D105/><U82/><E82/><V8/><F113/><W76/><G76/><T1/><D55/><U38/><E38/><V19/><F54/><W112/><G112/><T16/><D24/><U59/><E59/><V64/><F57/><W14/><G0/><AGARI ba="0,1" hai="0,6,11,39,42,45,73,75,79,83,85,86,90,92" machi="0" ten="30,3900,0" yaku="1,1,7,1,52,1,53,0" doraHai="7" doraHaiUra="29" who="1" fromWho="3" sc="233,0,271,49,297,0,189,-39" /><INIT seed="5,0,0,4,0,66" ten="233,320,297,150" oya="1" hai0="67,93,26,123,125,109,57,102,49,56,24,85,9" hai1="120,4,86,111,88,23,134,30,21,70,118,5,78" hai2="64,14,84,54,0,100,103,101,28,75,62,31,110" hai3="108,37,32,34,19,59,112,116,121,91,52,27,39"/><U104/><E118/><V29/><F75/><W51/><G121/><T61/><D125/><U105/><E120/><V45/><F0/><W69/><G108/><T79/><D109/><U126/><E111/><V63/><F110/><W81/><G116/><T83/><D9/><U128/><E78/><V122/><F122/><W129/><G112/><T80/><D80/><U16/><E126/><V99/><F84/><W106/><G106/><T74/><D74/><U68/><E30/><V97/><F14/><W18/><G129/><T33/><D33/><U127/><E127/><V44/><F54/><W41/><G69/><T25/><D123/><U82/><E134/><V43/><F43/><W89/><G39/><T124/><D124/><U58/><E58/><V7/><F7/><W114/><G114/><T65/><D49/><U95/><E82/><V12/><F12/><W3/><G3/><T20/><D65/><U96/><E86/><V36/><F36/><W8/><G91/><T87/><D57/><U60/><E128/><V13/><F13/><W72/><G8/><T130/><D130/><U107/><E23/><V133/><F64/><W15/><G15/><T94/><D87/><U115/><E115/><V47/><F133/><W22/><G18/><T10/><D10/><U76/><E5/><V135/><F135/><W77/><REACH who="3" step="1"/><G89/><REACH who="3" ten="233,320,297,140" step="2"/><T11/><D11/><U46/><E88/><V48/><F48/><W6/><G6/><T55/><D102/><U73/><E4/><V98/><AGARI ba="0,1" hai="28,29,31,44,45,47,62,63,97,98,99,100,101,103" machi="98" ten="40,32000,5" yakuman="40" doraHai="66" who="2" fromWho="2" sc="233,-80,320,-160,297,330,140,-80" /><INIT seed="6,0,0,1,5,38" ten="153,160,627,60" oya="2" hai0="37,47,12,21,92,108,113,133,93,65,16,70,79" hai1="51,55,24,1,58,131,11,119,75,4,110,33,14" hai2="130,89,85,60,111,17,59,52,54,100,56,10,109" hai3="20,31,43,76,77,48,120,41,35,67,57,107,118"/><V101/><F130/><W46/><G118/><T73/><D108/><N who="2" m="41546" /><F17/><W115/><G120/><T95/><D113/><U23/><E119/><V86/><F10/><W39/><G35/><T124/><D124/><U82/><E110/><V9/><F9/><W123/><G123/><T134/><D65/><U32/><E131/><V18/><F18/><W15/><G107/><T26/><D70/><U117/><E117/><V126/><F126/><W3/><G3/><T83/><REACH who="0" step="1"/><D26/><REACH who="0" ten="143,160,627,60" step="2"/><U81/><E24/><V13/><F13/><W66/><G115/><T97/><D97/><U8/><E14/><V87/><F89/><W62/><G66/><T2/><D2/><U53/><E1/><V19/><F19/><W94/><G15/><T42/><AGARI ba="0,1" hai="12,16,21,37,42,47,73,79,83,92,93,95,133,134" machi="42" ten="30,7900,0" yaku="1,1,0,1,52,1,54,1,53,0" doraHai="38" doraHaiUra="125" who="0" fromWho="0" sc="143,89,160,-20,627,-39,60,-20" /><INIT seed="7,0,0,4,5,55" ten="232,140,588,40" oya="3" hai0="121,95,134,49,99,132,128,81,117,110,37,1,104" hai1="20,83,70,78,58,87,100,3,17,115,107,122,67" hai2="66,32,12,118,135,92,72,39,89,68,0,106,116" hai3="119,82,90,84,22,112,79,51,35,130,15,24,54"/><W114/><G119/><T96/><D37/><U50/><E3/><V62/><F89/><W23/><G130/><T27/><D1/><U53/><E122/><V129/><F12/><W59/><G79/><T75/><D110/><U74/><E115/><V9/><F9/><W11/><G35/><T48/><D128/><U131/><E131/><V45/><F45/><W21/><REACH who="3" step="1"/><G24/><REACH who="3" ten="232,140,588,30" step="2"/><T30/><D117/><U88/><E74/><V4/><F32/><W80/><G80/><T65/><D81/><U71/><E78/><V31/><F129/><W19/><AGARI ba="0,1" hai="11,15,19,21,22,23,51,54,59,82,84,90,112,114" machi="19" ten="30,6000,0" yaku="1,1,0,1,52,1,53,0" doraHai="55" doraHaiUra="60" who="3" fromWho="3" sc="232,-20,140,-20,588,-20,30,70" /><INIT seed="7,1,0,2,2,32" ten="212,120,568,100" oya="3" hai0="76,45,87,1,96,93,113,74,65,77,48,70,120" hai1="58,97,20,111,61,102,22,124,67,88,52,98,4" hai2="46,35,71,104,68,132,15,116,14,6,34,117,69" hai3="40,26,60,39,51,79,95,99,44,29,3,31,129"/><W134/><G134/><T107/><D1/><U125/><E111/><V5/><F46/><W36/><G129/><T49/><D74/><U64/><E4/><N who="2" m="1643" /><F104/><W2/><G79/><T108/><D108/><U121/><E121/><V118/><F132/><W75/><G75/><T81/><D107/><U122/><E122/><V41/><F41/><W106/><G106/><T9/><D113/><U73/><E73/><V86/><F86/><W57/><G39/><T66/><D70/><U112/><E102/><V7/><F7/><W131/><G36/><T91/><D9/><U55/><E112/><V130/><F130/><W11/><G131/><T12/><D12/><AGARI ba="1,0" hai="12,14,15,34,35,68,69,71,116,117,118" m="1643" machi="12" ten="40,2600,0" yaku="28,2" doraHai="32" who="2" fromWho="0" sc="212,-29,120,0,568,29,100,0" owari="183,-2.0,120,-28.0,597,70.0,100,-40.0" /></mjloggm>