<mjloggm ver="2.3"><GO type="225" lobby="0"/><UN n0="%E4%BA%95%E5%B8%AF" n1="%E6%80%AA%E3%81%97%E3%81%99%E3%81%8E%E3%82%8B%E3%83%81%E3%83%BC" n2="%50%49%58%49" n3="%E5%85%88%E7%89%A9%E3%81%AF%74%72%61%73%68" dan="16,16,17,17" rate="2138.45,2140.41,2141.64,2212.69" sx="M,M,F,M"/><TAIKYOKU oya="0"/><INIT seed="0,0,0,2,1,47" ten="250,250,250,250" oya="0" hai0="56,73,124,67,59,102,5,69,123,79,23,44,32" hai1="39,49,70,126,109,125,111,132,110,97,31,129,24" hai2="50,68,77,116,105,58,29,130,26,72,122,33,104" hai3="35,135,95,54,2,65,131,78,6,12,51,57,7"/><T101/><D123/><U71/><E39/><V114/><F122/><W91/><G35/><T89/><D32/><N who="1" m="20583" /><E132/><V11/><F114/><W96/><G135/><T46/><D69/><N who="1" m="26123" /><E129/><V112/><F112/><W3/><G131/><T10/><D89/><U60/><E60/><V85/><F116/><W52/><G65/><T25/><D124/><N who="1" m="47723" /><E97/><V74/><F68/><W98/><G98/><T27/><D56/><U28/><E28/><V107/><F130/><W16/><G78/><T81/><D59/><U43/><E43/><V117/><F117/><W8/><REACH who="3" step="1"/><G54/><REACH who="3" ten="250,250,250,240" step="2"/><T20/><D67/><U22/><E22/><V103/><F33/><W88/><G88/><T48/><D20/><U21/><E21/><V134/><F134/><W34/><G34/><T36/><D23/><U115/><E115/><V42/><F29/><W93/><G93/><T18/><D27/><U1/><E1/><AGARI ba="0,1" hai="1,2,3,6,7,8,12,16,51,52,57,91,95,96" machi="1" ten="40,8000,1" yaku="1,1,52,1,54,2,53,0" doraHai="47" doraHaiUra="66" who="3" fromWho="1" sc="250,0,250,-80,250,0,240,90" /><INIT seed="1,0,0,3,0,14" ten="250,170,250,330" oya="1" hai0="34,47,32,75,7,99,58,16,0,93,81,69,87" hai1="64,45,126,97,22,70,101,31,8,95,67,55,86" hai2="20,82,1,124,105,85,73,128,62,52,100,25,41" hai3="53,98,127,54,116,38,60,133,48,63,28,71,122"/><U26/><E126/><V5/><F124/><W10/><G127/><T113/><D69/><U59/><E70/><V39/><F128/><W42/><G122/><T112/><D75/><U89/><E45/><V18/><F73/><W96/><G28/><T123/><D123/><U44/><E44/><V56/><F39/><W132/><G38/><T109/><D7/><U129/><E8/><V111/><F111/><W15/><G71/><T83/><D0/><U77/><E77/><V117/><F41/><W104/><G42/><T120/><D47/><U43/><E43/><V110/><F110/><W90/><G104/><T91/><D120/><U27/><E27/><V3/><F117/><W11/><G15/><T76/><D109/><U135/><E135/><V19/><F5/><W6/><G90/><T79/><D58/><U102/><E129/><V33/><F33/><W50/><G6/><T131/><D131/><U21/><E21/><V115/><F115/><W94/><REACH who="3" step="1"/><G94/><REACH who="3" ten="250,170,250,320" step="2"/><T57/><D113/><U30/><E30/><V118/><F118/><AGARI ba="0,1" hai="10,11,48,50,53,54,60,63,96,98,116,118,132,133" machi="118" ten="25,12000,2" yaku="1,1,2,1,22,2,53,2" doraHai="14" doraHaiUra="51" who="3" fromWho="2" sc="250,0,170,0,250,-120,320,130" /><INIT seed="2,0,0,3,2,131" ten="250,170,130,450" oya="2" hai0="32,126,8,79,18,49,17,13,123,130,97,68,102" hai1="134,1,11,78,61,7,91,55,100,40,4,121,6" hai2="60,101,63,96,106,95,85,107,25,46,117,33,64" hai3="50,99,133,113,87,5,12,69,71,128,52,29,56"/><V57/><F117/><W20/><G128/><T47/><D123/><U132/><E121/><V127/><F127/><W0/><G0/><T14/><D68/><U93/><E100/><V112/><F112/><W43/><G113/><T129/><D32/><U81/><E40/><V24/><F46/><W122/><G99/><T114/><D79/><U120/><E120/><V54/><F33/><W41/><G5/><T74/><D74/><N who="1" m="43223" /><E55/><V110/><F110/><W26/><G122/><T75/><D75/><U80/><E61/><V125/><F125/><W83/><G12/><T36/><D36/><U124/><E80/><V53/><F53/><W66/><G71/><T37/><D37/><U22/><E22/><V45/><F45/><W115/><G115/><T3/><D126/><U86/><E124/><V35/><F35/><W82/><G82/><T34/><D34/><U2/><E2/><V88/><REACH who="2" step="1"/><F106/><REACH who="2" ten="250,170,120,450" step="2"/><W135/><G43/><T58/><D114/><U109/><E109/><V51/><F51/><W70/><G41/><T92/><D49/><U59/><E59/><AGARI ba="0,1" hai="24,25,54,57,59,60,63,64,85,88,95,96,101,107" machi="59" ten="30,5800,0" yaku="1,1,7,1,54,1,53,0" doraHai="131" doraHaiUra="44" who="2" fromWho="1" sc="250,0,170,-58,120,68,450,0" /><INIT seed="2,1,0,1,4,51" ten="250,112,188,450" oya="2" hai0="118,27,105,94,11,63,25,120,23,111,5,102,50" hai1="18,103,3,134,54,86,61,81,113,82,38,52,77" hai2="28,39,71,96,34,53,31,70,14,74,57,106,72" hai3="44,130,114,92,49,126,33,125,65,79,59,76,32"/><V9/><F39/><W67/><G130/><T45/><D120/><U47/><E113/><V84/><F74/><W10/><G114/><T68/><D105/><U4/><E134/><V131/><F72/><W22/><G22/><T98/><D111/><U115/><E115/><V13/><F131/><W80/><G92/><T16/><D118/><U83/><E103/><V129/><F129/><W46/><G10/><T55/><D68/><U93/><E3/><V95/><F106/><W112/><G112/><T35/><D63/><U43/><E4/><V122/><F84/><W135/><G49/><T8/><REACH who="0" step="1"/><D5/><REACH who="0" ten="240,112,188,450" step="2"/><U87/><E77/><V75/><F71/><W41/><G79/><T20/><D20/><U101/><E18/><V104/><F70/><W19/><G19/><T119/><D119/><U78/><E61/><V26/><F104/><W60/><G33/><T99/><D99/><U97/><REACH who="1" step="1"/><E78/><REACH who="1" ten="240,102,188,450" step="2"/><V12/><F122/><W127/><G76/><T117/><D117/><U37/><E37/><V7/><F7/><W64/><G126/><T56/><D56/><U107/><E107/><V30/><F57/><W21/><G127/><T40/><D40/><U121/><E121/><V109/><F109/><W1/><G125/><T0/><D0/><U110/><E110/><V36/><F36/><W128/><G1/><T90/><D90/><U132/><E132/><V15/><F75/><W6/><G135/><T116/><D116/><U62/><E62/><V91/><F9/><W123/><G6/><T24/><D24/><U85/><AGARI ba="1,2" hai="38,43,47,52,54,81,82,83,85,86,87,93,97,101" machi="85" ten="30,8000,1" yaku="1,1,0,1,52,2,54,1,53,0" doraHai="51" doraHaiUra="133" who="1" fromWho="1" sc="240,-21,102,103,188,-41,450,-21" /><INIT seed="3,0,0,5,3,7" ten="219,205,147,429" oya="3" hai0="6,132,44,48,93,121,21,30,35,22,55,56,4" hai1="90,125,104,45,76,122,92,57,126,23,9,74,85" hai2="102,95,63,43,38,62,34,60,53,134,75,37,47" hai3="82,135,3,19,10,5,99,58,61,107,70,42,80"/><W89/><G135/><T31/><D121/><U79/><E122/><V113/><F75/><W69/><G42/><N who="0" m="24599" /><D35/><U72/><E104/><V124/><F34/><W105/><G19/><T133/><D93/><U118/><E118/><V83/><F83/><W110/><G110/><T91/><D91/><U67/><E23/><N who="0" m="8713" /><D133/><U88/><E45/><V117/><F134/><W11/><G89/><T97/><D97/><N who="1" m="57479" /><E9/><V78/><F117/><W49/><G99/><T26/><D132/><U77/><E57/><V40/><F78/><W16/><G49/><N who="0" m="30831" /><D26/><U27/><E67/><V81/><F81/><W120/><G120/><T64/><D64/><U8/><E8/><V1/><F1/><W98/><G98/><T36/><D36/><U108/><E27/><V94/><F113/><W87/><G82/><T131/><D131/><U129/><E108/><V12/><F102/><W127/><G127/><N who="1" m="48650" /><E129/><V96/><F124/><W0/><G105/><T114/><D114/><U71/><E71/><V119/><F119/><W32/><G107/><T2/><D2/><U68/><E68/><V103/><F95/><AGARI ba="0,0" hai="72,74,76,77,79,85,90,95" m="48650,57479" machi="95" ten="30,7700,0" yaku="18,1,34,2,54,1" doraHai="7" who="1" fromWho="2" sc="219,0,205,77,147,-77,429,0" owari="219,-18.0,282,8.0,70,-43.0,429,53.0" /></mjloggm>