<mjloggm ver="2.3"><GO type="185" lobby="0"/><UN n0="%6D%74%6B%47%65%72%6D" n1="%79%61%73%73%61%6E" n2="%E3%82%8A%E3%82%85%E3%81%99%E3%81%8F" n3="" dan="16,17,17,0" rate="2095.54,2234.17,2194.51,1500.00" sx="M,M,M,C"/><TAIKYOKU oya="0"/><INIT seed="0,0,0,1,3,74" ten="350,350,350,0" oya="0" hai0="34,67,113,117,69,110,119,103,130,135,92,36,78" hai1="54,99,68,95,101,118,52,77,109,87,96,45,82" hai2="61,62,56,94,105,123,71,44,1,73,79,133,47" hai3=""/><T64/><D34/><U98/><E118/><V65/><N who="2" m="31520" /><V40/><F105/><T86/><D36/><U70/><E109/><V126/><F126/><T72/><D69/><U93/><E98/><V85/><F1/><T100/><D72/><U75/><E75/><V120/><N who="2" m="30752" /><V89/><F133/><T114/><D135/><U116/><E116/><N who="0" m="44617" /><D130/><U91/><REACH who="1" step="1"/><E45/><REACH who="1" ten="350,340,350,0" step="2"/><V0/><F0/><T57/><D110/><U51/><E51/><V112/><F47/><T121/><N who="0" m="31008" /><T43/><D114/><U3/><E3/><V83/><F112/><T111/><D113/><U38/><E38/><V127/><F127/><T125/><D111/><U39/><E39/><V81/><F44/><T42/><D125/><U41/><E41/><V107/><F40/><T60/><D43/><U134/><E134/><V84/><F62/><T97/><D42/><U76/><E76/><V108/><F108/><T48/><D48/><U102/><E102/><V128/><F128/><T104/><D103/><U131/><E131/><V46/><F46/><T32/><D32/><U80/><E80/><V59/><REACH who="2" step="1"/><F107/><REACH who="2" ten="350,340,340,0" step="2"/><T115/><D104/><U35/><E35/><V49/><F49/><T53/><D115/><U106/><E106/><V58/><F58/><RYUUKYOKU ba="0,2" sc="350,0,340,0,340,0,0,0" hai0="53,57,60,64,67,78,86,92,97,100" hai1="52,54,68,70,77,82,87,91,93,95,96,99,101" hai2="56,59,61,65,71,73,79,81,83,84,85,89,94" /><INIT seed="0,1,2,1,3,70" ten="350,340,340,0" oya="0" hai0="79,35,34,64,128,111,98,113,71,124,59,97,44" hai1="94,105,93,53,112,82,43,115,95,102,104,101,42" hai2="56,121,131,77,132,107,57,39,48,135,118,76,100" hai3=""/><T106/><D113/><N who="1" m="43595" /><E53/><V75/><N who="2" m="31008" /><V122/><N who="2" m="31264" /><V90/><F39/><T89/><D71/><U129/><E129/><V0/><F0/><T3/><D3/><U86/><E43/><V125/><F118/><T81/><D128/><U54/><E54/><V65/><F131/><T73/><D124/><U36/><E42/><V120/><N who="2" m="30752" /><V80/><F125/><T117/><D117/><U40/><E40/><V116/><F116/><T78/><D78/><U38/><E102/><V2/><F2/><T109/><D44/><U127/><E127/><V83/><F48/><T46/><D46/><U63/><E63/><V84/><F65/><T88/><D98/><U96/><E105/><V69/><F69/><T123/><N who="0" m="31520" /><T133/><D133/><N who="2" m="51274" /><F76/><AGARI ba="1,2" hai="36,38,76,82,86,93,94,95,96,101,104" m="43595" machi="76" ten="30,3900,0" yaku="11,1,52,2" doraHai="70" who="1" fromWho="2" sc="350,0,340,61,340,-41,0,0" /><INIT seed="1,0,0,5,5,52" ten="350,401,299,0" oya="1" hai0="62,133,132,53,56,54,119,125,109,74,61,115,32" hai1="41,35,78,117,126,118,58,51,103,47,57,108,96" hai2="81,129,63,120,60,88,80,105,84,46,121,33,89" hai3=""/><U38/><E35/><V99/><N who="2" m="30752" /><V134/><N who="2" m="31008" /><V70/><F33/><T85/><D74/><U73/><E126/><V90/><F134/><N who="0" m="51818" /><D125/><U98/><E98/><V2/><F2/><T123/><N who="0" m="31520" /><T77/><D32/><U75/><E108/><V55/><F129/><T130/><D119/><U92/><E38/><V93/><F105/><T67/><D109/><U113/><E113/><V50/><F70/><T64/><D130/><U37/><E37/><V82/><F84/><T66/><D115/><U100/><E100/><AGARI ba="0,0" hai="46,50,55,60,63,80,81,82,88,89,90,93,99,100" m="31008,30752" machi="100" ten="40,8000,1" yaku="8,1,52,2,54,1" doraHai="52" who="2" fromWho="1" sc="350,0,401,-80,299,80,0,0" /><INIT seed="2,0,0,5,5,115" ten="350,321,379,0" oya="2" hai0="91,32,42,61,116,114,65,38,85,80,50,86,121" hai1="95,39,79,66,3,76,100,113,112,124,41,98,92" hai2="67,108,74,105,68,128,51,110,87,44,73,45,60" hai3=""/><V103/><F105/><T134/><N who="0" m="31008" /><T1/><D32/><U111/><E3/><V43/><F103/><T72/><D1/><U104/><E39/><V37/><F87/><T129/><D114/><N who="1" m="44139" /><E66/><V106/><F106/><T126/><D38/><U40/><E40/><V36/><F128/><T63/><D129/><U46/><E46/><V35/><F35/><T49/><D72/><U2/><E41/><V132/><F132/><T83/><D134/><U127/><E127/><V120/><N who="2" m="30752" /><V118/><F118/><T93/><D126/><U117/><E117/><V48/><F74/><T90/><D116/><U97/><E97/><V123/><N who="2" m="31520" /><V94/><F73/><T102/><D65/><U62/><E62/><V125/><F94/><T33/><D93/><U133/><E133/><V54/><F125/><T64/><D64/><U78/><E78/><V81/><F81/><T77/><D77/><U122/><E122/><V84/><F84/><T0/><D33/><U131/><E131/><V135/><F135/><T55/><D0/><U107/><E107/><V88/><F88/><T96/><D96/><U71/><E71/><V82/><F82/><T57/><D102/><U109/><E109/><AGARI ba="0,0" hai="36,37,43,44,45,48,51,54,60,67,68,108,109,110" m="31520,30752" machi="109" ten="40,18000,2" yaku="14,1,10,1,34,3,52,2" doraHai="115" who="2" fromWho="1" sc="350,0,321,-180,379,180,0,0" /><INIT seed="2,1,0,3,2,116" ten="350,141,559,0" oya="2" hai0="3,128,40,114,50,64,102,72,48,124,98,74,109" hai1="93,65,37,79,112,41,134,132,99,32,110,52,76" hai2="60,80,96,94,57,118,129,120,70,36,47,108,122" hai3=""/><V62/><N who="2" m="30752" /><V78/><N who="2" m="31264" /><V66/><F118/><T49/><D114/><U126/><E126/><V101/><F129/><T83/><D124/><U73/><E73/><V53/><F108/><T69/><D109/><U131/><E131/><V103/><F47/><T75/><D128/><U121/><E121/><V90/><REACH who="2" step="1"/><F36/><REACH who="2" ten="350,141,549,0" step="2"/><T35/><D3/><U107/><E107/><V105/><F105/><T63/><D35/><U61/><E61/><V115/><F115/><T58/><D40/><U95/><E95/><V38/><F38/><T135/><D135/><U81/><E81/><V42/><F42/><T33/><D33/><U91/><E91/><V54/><F54/><T51/><D83/><U97/><E97/><V123/><N who="2" m="31520" /><V43/><F43/><T133/><D133/><U117/><E117/><V44/><F44/><T46/><D46/><U106/><E106/><V34/><F34/><T0/><D0/><U45/><E45/><V55/><F55/><T92/><N who="0" m="12288" /><DORA hai="88" /><T71/><AGARI ba="1,1" hai="58,63,64,69,71,72,74,75,92,98,102" m="12288" machi="71" ten="50,4800,0" yaku="4,1,0,1,52,1" doraHai="116,88" who="0" fromWho="0" sc="350,60,141,-17,549,-33,0,0" /><INIT seed="4,0,0,4,1,73" ten="410,124,516,0" oya="0" hai0="0,83,40,69,129,104,76,105,32,117,45,49,72" hai1="102,57,75,114,91,54,135,47,61,62,93,115,39" hai2="111,55,78,89,82,130,50,51,34,37,46,68,70" hai3=""/><T109/><D32/><U56/><E56/><V101/><F34/><T128/><D0/><U126/><E126/><V74/><F130/><N who="0" m="50282" /><D117/><U42/><E42/><V60/><F111/><T99/><D109/><U71/><E71/><V110/><F110/><T103/><D69/><U94/><E94/><AGARI ba="0,0" hai="40,45,49,72,76,83,94,99,103,104,105" m="50282" machi="94" ten="30,2900,0" yaku="19,1,52,1" doraHai="73" who="0" fromWho="1" sc="410,29,124,-29,516,0,0,0" /><INIT seed="4,1,0,4,3,32" ten="439,95,516,0" oya="0" hai0="113,103,64,92,86,49,63,75,45,110,83,126,128" hai1="104,35,132,47,70,42,119,3,94,106,58,123,73" hai2="105,112,102,52,39,124,43,98,55,87,77,50,96" hai3=""/><T101/><D113/><U99/><E99/><V129/><F129/><T93/><D110/><U56/><E56/><V61/><F112/><T111/><D128/><U54/><E54/><V84/><F124/><T97/><D111/><U68/><E68/><V40/><F39/><T100/><D126/><U85/><E85/><V117/><F117/><T108/><D75/><U1/><E1/><V127/><F127/><T89/><D108/><U133/><E133/><V88/><F96/><T69/><REACH who="0" step="1"/><D93/><REACH who="0" ten="429,95,516,0" step="2"/><U67/><E67/><V78/><F78/><T62/><D62/><U48/><E48/><V135/><F135/><T80/><D80/><U36/><E36/><V74/><F74/><T66/><D66/><U115/><E115/><V118/><F118/><T33/><D33/><U134/><E134/><V51/><F61/><T65/><D65/><U91/><E91/><V46/><F77/><T125/><D125/><U34/><E34/><V79/><F79/><T95/><D95/><U72/><E72/><V120/><N who="2" m="30752" /><V122/><N who="2" m="31264" /><V53/><REACH who="2" step="1"/><F88/><REACH who="2" ten="429,95,506,0" step="2"/><T121/><N who="0" m="31008" /><T44/><D44/><AGARI ba="1,2" hai="40,43,44,46,50,51,52,53,55,84,87,98,102,105" m="31264,30752" machi="44" ten="40,8000,1" yaku="1,1,9,1,52,2,54,1,53,0" doraHai="32" doraHaiUra="90" who="2" fromWho="0" sc="429,-82,95,0,506,102,0,0" /><INIT seed="5,0,0,1,1,116" ten="347,95,608,0" oya="1" hai0="110,80,98,75,88,50,65,77,129,109,113,48,83" hai1="114,127,124,76,61,71,119,58,53,118,52,85,94" hai2="55,86,49,33,54,89,130,0,74,66,45,102,70" hai3=""/><U3/><E3/><V78/><F33/><T73/><D65/><U135/><E135/><V81/><F130/><T133/><D133/><U121/><E121/><V95/><F102/><T34/><D34/><U87/><E87/><V35/><F35/><T39/><D39/><U117/><E117/><V63/><F0/><T134/><D134/><U43/><E43/><AGARI ba="0,0" hai="43,45,49,54,55,63,66,70,74,78,81,86,89,95" machi="43" ten="30,1000,0" yaku="7,1" doraHai="116" who="2" fromWho="1" sc="347,0,95,-10,608,10,0,0" /><INIT seed="6,0,0,3,0,74" ten="347,85,618,0" oya="2" hai0="77,118,62,43,85,64,113,2,111,134,131,121,115" hai1="48,35,103,107,34,41,36,49,38,37,75,53,57" hai2="99,125,97,92,127,59,33,72,119,114,89,58,71" hai3=""/><V90/><F33/><T133/><N who="0" m="31008" /><T39/><D2/><U93/><E93/><V129/><F71/><T80/><D111/><U52/><E52/><V42/><F129/><T132/><D118/><U128/><E128/><V122/><N who="2" m="31264" /><V3/><F119/><T106/><D106/><U84/><E84/><V78/><F114/><N who="0" m="43530" /><D131/><U66/><E66/><V98/><F3/><T79/><D43/><U135/><E135/><N who="0" m="34561" /><T100/><DORA hai="82" /><D39/><U96/><E96/><V123/><F99/><T86/><D100/><U65/><E65/><V101/><F101/><T1/><D1/><U63/><E63/><V110/><F42/><T83/><D62/><U88/><E88/><V91/><F90/><T51/><D64/><U55/><E55/><V124/><F110/><T44/><D44/><U117/><E117/><V0/><F0/><T81/><D51/><U108/><E108/><V47/><F47/><T69/><D69/><U130/><E130/><V32/><F125/><T87/><AGARI ba="0,0" hai="77,79,80,81,83,85,86,87" m="34561,43530,31008" machi="87" ten="50,24000,5" yaku="28,2,15,1,11,1,20,1,34,2,52,6" doraHai="74,82" who="0" fromWho="0" sc="347,240,85,-80,618,-160,0,0" owari="587,53.0,5,-59.0,458,6.0,0,0.0" /></mjloggm>