<mjloggm ver="2.3"><GO type="169" lobby="0"/><UN n0="%E5%AE%88%E6%9D%91%E6%A1%9C%E5%BC%A5" n1="%72%65%72%65%6D%61%72%75" n2="%70%65%6E%74%6F%6C%61" n3="%E3%82%B4%E3%83%AA%E3%83%91%E3%83%A9" dan="16,16,17,16" rate="2133.45,2144.37,2223.85,2087.11" sx="M,M,M,M"/><TAIKYOKU oya="0"/><INIT seed="0,0,0,5,4,11" ten="250,250,250,250" oya="0" hai0="56,81,46,28,74,57,80,12,76,9,4,95,38" hai1="108,91,33,105,135,109,66,59,122,36,117,73,68" hai2="16,112,128,24,0,42,106,43,133,58,25,79,13" hai3="29,39,20,41,44,51,2,3,34,21,47,92,85"/><T67/><D28/><U119/><RYUUKYOKU type="yao9" ba="0,0" sc="250,0,250,0,250,0,250,0" hai1="33,36,59,66,68,73,91,105,108,109,117,119,122,135" /><INIT seed="0,1,0,3,1,4" ten="250,250,250,250" oya="0" hai0="77,135,26,18,119,57,107,124,74,68,102,55,60" hai1="37,108,105,130,110,29,11,93,98,56,75,27,19" hai2="79,80,41,127,90,84,44,8,88,97,85,38,132" hai3="21,111,64,51,86,76,118,112,123,33,94,48,2"/><T81/><D119/><U73/><E105/><V91/><F127/><W32/><G111/><T22/><D124/><U13/><E37/><V36/><F132/><W39/><G39/><T116/><D116/><U67/><E130/><V5/><F38/><W24/><G2/><T30/><D135/><U61/><E110/><V28/><F28/><W47/><G112/><T96/><REACH who="0" step="1"/><D68/><REACH who="0" ten="240,250,250,250" step="2"/><U89/><REACH who="1" step="1"/><E108/><REACH who="1" ten="240,240,250,250" step="2"/><V114/><F114/><W9/><G118/><T121/><D121/><U103/><E103/><V7/><F97/><W10/><G123/><T40/><D40/><U92/><E92/><V82/><REACH who="2" step="1"/><F7/><REACH who="2" ten="240,240,240,250" step="2"/><W72/><G94/><T50/><D50/><U122/><E122/><V52/><F52/><W0/><G48/><T69/><D69/><U100/><E100/><V42/><F42/><W17/><G51/><T53/><D53/><U58/><E58/><V128/><F128/><W6/><G47/><T126/><D126/><U113/><E113/><V120/><F120/><W106/><G64/><T104/><D104/><U45/><E45/><V125/><F125/><W71/><G106/><T109/><D109/><U12/><E12/><AGARI ba="1,3" hai="5,8,12,36,41,44,79,80,82,84,85,88,90,91" machi="12" ten="30,7700,0" yaku="1,1,7,1,52,1,54,1,53,0" doraHai="4" doraHaiUra="15" who="2" fromWho="1" sc="240,0,240,-80,240,110,250,0" /><INIT seed="1,0,0,0,4,104" ten="240,160,350,250" oya="1" hai0="57,17,108,40,116,84,28,96,23,19,37,34,93" hai1="66,30,55,12,78,44,132,63,90,72,67,14,20" hai2="56,39,43,77,109,49,102,106,59,74,47,128,79" hai3="25,9,11,0,53,42,97,76,48,118,85,122,15"/><U32/><E132/><V29/><F109/><W105/><G122/><T18/><D116/><U94/><E32/><V13/><F128/><W75/><G42/><T24/><D108/><U41/><E55/><V112/><F106/><W91/><G25/><T103/><D37/><U101/><E101/><V126/><F102/><W120/><G120/><T52/><D84/><U123/><E123/><V7/><F126/><W68/><G68/><T62/><REACH who="0" step="1"/><D40/><REACH who="0" ten="230,160,350,250" step="2"/><U89/><E41/><V58/><F39/><W88/><G85/><T45/><D45/><U70/><E44/><V110/><F110/><W100/><G118/><T80/><D80/><U69/><E94/><V86/><F86/><W113/><G113/><T135/><D135/><U46/><E46/><V51/><F112/><W121/><G121/><T73/><D73/><U65/><E72/><V4/><F74/><W26/><G75/><T131/><D131/><U95/><E95/><V115/><F115/><W27/><G105/><T8/><D8/><U16/><E78/><V134/><F134/><W64/><G9/><T87/><D87/><U107/><E107/><V117/><F117/><W71/><G76/><T127/><D127/><U82/><E82/><V60/><F79/><W38/><G11/><T35/><AGARI ba="0,1" hai="17,18,19,23,24,28,34,35,52,57,62,93,96,103" machi="35" ten="30,4000,0" yaku="1,1,0,1,54,1,53,0" doraHai="104" doraHaiUra="10" who="0" fromWho="0" sc="230,50,160,-20,350,-10,250,-10" /><INIT seed="2,0,0,0,1,69" ten="280,140,340,240" oya="2" hai0="125,7,134,13,36,40,124,74,15,11,79,81,113" hai1="9,118,103,100,94,109,92,98,25,72,23,3,59" hai2="123,95,38,111,71,105,96,114,28,64,46,30,18" hai3="73,116,108,121,78,122,112,33,91,67,127,57,42"/><V20/><F114/><W4/><G108/><T70/><D70/><U135/><E109/><V34/><F105/><W62/><G33/><T1/><D113/><U27/><E135/><V35/><F123/><W107/><G107/><T83/><D83/><U58/><E72/><V56/><F71/><W97/><G4/><T10/><D134/><U39/><E39/><V12/><F35/><W104/><G116/><T16/><D15/><U51/><E118/><V76/><F76/><W106/><G127/><T41/><D41/><U22/><E3/><V5/><F5/><W49/><G78/><T45/><AGARI ba="0,0" hai="1,7,10,11,13,16,36,40,45,74,79,81,124,125" machi="45" ten="30,8000,1" yaku="0,1,25,2,52,1,54,1" doraHai="69" who="0" fromWho="0" sc="280,80,140,-20,340,-40,240,-20" /><INIT seed="3,0,0,2,5,115" ten="360,120,300,220" oya="3" hai0="13,46,87,66,84,32,124,104,67,52,2,5,27" hai1="26,97,25,57,50,133,73,11,71,40,125,100,74" hai2="4,117,113,78,132,108,82,22,0,63,9,38,75" hai3="122,65,55,85,110,83,59,70,42,107,34,68,116"/><W30/><G122/><T102/><D2/><U41/><E71/><V94/><F113/><W1/><G1/><T120/><D120/><U56/><E133/><V39/><F132/><W10/><G107/><T76/><D124/><U64/><E125/><V20/><F108/><W12/><G42/><T21/><D102/><U3/><E3/><V123/><F123/><W92/><G110/><T114/><D32/><U48/><E100/><V72/><F72/><W130/><G65/><T93/><D87/><U43/><E97/><V103/><F63/><W95/><G130/><T98/><D84/><U90/><E90/><V29/><F29/><W89/><G70/><T111/><D76/><U77/><E77/><V101/><F101/><W69/><G69/><T61/><D46/><U58/><E11/><V109/><F109/><W19/><G68/><T81/><D104/><U31/><E64/><V23/><REACH who="2" step="1"/><F117/><REACH who="2" ten="360,120,290,220" step="2"/><W105/><G116/><T8/><D114/><U16/><E31/><V80/><F80/><W36/><G30/><N who="0" m="17775" /><D81/><U15/><E74/><V18/><F18/><W35/><G105/><T99/><D111/><U134/><E73/><V53/><F53/><W112/><G112/><T14/><D67/><U119/><E134/><V49/><F49/><N who="3" m="31215" /><G36/><T106/><D106/><U37/><E119/><V44/><F44/><W118/><G118/><T6/><D66/><U127/><E37/><V79/><F79/><W126/><G126/><T96/><D93/><U33/><E127/><V91/><F91/><N who="3" m="51647" /><G95/><T45/><D45/><U86/><E50/><V128/><F128/><W60/><G60/><RYUUKYOKU ba="0,1" sc="360,-15,120,-15,290,15,220,15" hai2="0,4,9,20,22,23,38,39,75,78,82,94,103" hai3="10,12,19,34,35,89,92" /><INIT seed="3,1,1,4,1,34" ten="345,105,305,235" oya="3" hai0="108,30,32,38,111,121,126,95,100,117,132,9,116" hai1="26,60,28,118,63,128,122,71,135,112,46,127,35" hai2="107,125,37,91,76,77,106,102,8,123,101,70,131" hai3="17,52,44,61,69,11,119,78,86,40,33,113,42"/><W54/><G119/><T5/><D38/><U89/><E118/><V133/><F70/><W36/><G33/><T67/><D67/><U12/><E122/><V6/><F37/><W130/><G130/><T82/><D82/><U124/><E112/><V109/><F8/><W31/><G31/><T72/><D72/><U81/><E128/><V48/><F6/><W134/><G134/><T74/><D74/><U55/><E135/><V49/><F133/><W20/><G11/><T80/><D80/><U59/><E12/><V4/><F4/><W92/><G113/><T7/><D7/><U62/><E46/><V2/><F91/><W10/><G10/><T1/><D121/><U22/><E22/><V19/><F19/><W97/><G86/><T103/><D132/><U41/><E41/><V23/><F23/><W29/><G29/><T27/><D126/><U56/><E71/><V115/><F115/><W45/><G78/><T47/><D47/><U83/><E63/><V43/><F131/><W104/><G104/><T16/><D16/><U96/><E127/><V98/><F123/><W87/><G87/><T94/><D117/><U90/><E124/><V24/><F24/><N who="3" m="14351" /><G61/><T105/><D116/><U73/><E73/><V85/><F85/><W93/><G69/><T129/><D129/><U84/><E96/><N who="2" m="61735" /><F125/><W66/><G66/><T0/><D0/><U18/><E18/><V50/><F2/><W120/><G120/><T39/><D39/><U3/><E3/><V75/><F75/><W79/><G79/><N who="2" m="30281" /><F43/><W14/><G97/><N who="0" m="59455" /><D105/><U53/><E84/><V13/><F13/><RYUUKYOKU ba="1,1" sc="345,10,105,10,305,10,235,-30" hai0="1,5,9,27,30,32,94,103,108,111" hai1="26,28,35,53,55,56,59,60,62,81,83,89,90" hai2="48,49,50,98,102,107,109" /><INIT seed="4,2,1,4,1,35" ten="355,115,315,205" oya="0" hai0="11,9,127,130,67,101,120,129,70,60,26,30,59" hai1="18,13,65,20,61,115,119,19,8,69,128,23,0" hai2="37,90,103,112,72,10,97,43,64,81,100,55,76" hai3="33,107,122,17,16,52,53,3,29,4,95,102,123"/><T92/><D120/><N who="3" m="46121" /><G107/><T34/><D127/><U133/><E119/><V39/><F64/><W25/><G102/><T45/><D45/><U58/><E133/><V86/><F55/><N who="3" m="21067" /><G95/><T77/><D77/><U96/><E96/><V113/><F103/><W12/><G12/><T110/><D110/><U105/><E105/><N who="2" m="63631" /><F10/><AGARI ba="2,1" hai="3,4,10,16,17,25,29,33" m="21067,46121" machi="10" ten="30,7700,0" yaku="13,1,52,1,54,2" doraHai="35" who="3" fromWho="2" sc="355,0,115,0,315,-83,205,93" /><INIT seed="5,0,0,3,5,74" ten="355,115,232,298" oya="1" hai0="115,110,128,106,15,9,36,41,2,37,108,4,120" hai1="69,55,16,48,109,63,17,28,135,64,117,86,22" hai2="103,45,34,29,1,30,50,126,44,133,20,85,122" hai3="32,62,68,58,102,124,89,24,80,54,13,118,101"/><U3/><E109/><V75/><F75/><W82/><G124/><T12/><D106/><U52/><E135/><V49/><F1/><W134/><G134/><T42/><D115/><U6/><E117/><V78/><F122/><W99/><G68/><T87/><D128/><U132/><E132/><V71/><F71/><W130/><G130/><T19/><D120/><U98/><E28/><V121/><F34/><W129/><G32/><T51/><D2/><U47/><E98/><V131/><F126/><W116/><G24/><T25/><D25/><U104/><E104/><V70/><F70/><W40/><G40/><T76/><D42/><U31/><E86/><V94/><F121/><W90/><G13/><T27/><D27/><U21/><E55/><V18/><F131/><W5/><G5/><T97/><D37/><U125/><E125/><V14/><F103/><W119/><G102/><T113/><D97/><U112/><E112/><V39/><F39/><W66/><G54/><T60/><D36/><U38/><E38/><V123/><F94/><N who="3" m="58615" /><G129/><T73/><D73/><U81/><E81/><AGARI ba="0,0" hai="58,62,66,80,81,82,89,90,116,118,119" m="58615" machi="81" ten="30,1000,0" yaku="12,1" doraHai="74" who="3" fromWho="1" sc="355,0,115,-10,232,0,298,10" /><INIT seed="6,0,0,2,4,80" ten="355,105,232,308" oya="2" hai0="44,74,71,135,20,100,98,33,40,91,10,19,25" hai1="131,85,35,72,128,101,103,1,24,89,13,62,47" hai2="68,118,66,67,77,78,31,14,109,120,133,122,79" hai3="69,106,51,64,125,18,76,113,81,43,132,27,73"/><V26/><F118/><W48/><G125/><T60/><D74/><U82/><E1/><V96/><F133/><W15/><G132/><T105/><D135/><U86/><E72/><V90/><F109/><W34/><G106/><T102/><D33/><U63/><E13/><V55/><F68/><W58/><G69/><T37/><D100/><U127/><E47/><V88/><F55/><W4/><G4/><T32/><D32/><U17/><E127/><V3/><F3/><W38/><G38/><T16/><D91/><U117/><E117/><V5/><F96/><W59/><G43/><T107/><D107/><U45/><E45/><V84/><F90/><W22/><G113/><T11/><D19/><U56/><E35/><V23/><F122/><W52/><G64/><T65/><AGARI ba="0,0" hai="10,11,16,20,25,37,40,44,60,65,71,98,102,105" machi="65" ten="30,2000,0" yaku="0,1,54,1" doraHai="80" who="0" fromWho="0" sc="355,20,105,-5,232,-10,308,-5" /><INIT seed="7,0,0,1,2,82" ten="375,100,222,303" oya="3" hai0="52,71,124,9,69,5,6,95,31,59,122,73,17" hai1="2,51,130,35,104,29,87,83,12,96,36,106,78" hai2="110,72,134,70,65,100,11,84,121,14,76,25,44" hai3="27,66,40,8,77,38,128,21,80,75,32,7,41"/><W116/><G128/><T68/><D122/><U48/><E2/><V111/><F72/><W88/><G116/><T81/><D31/><U127/><E36/><V114/><F100/><W37/><G32/><T133/><D133/><U63/><E63/><V19/><F70/><W115/><G115/><T56/><D124/><U132/><E12/><V16/><F65/><W85/><G66/><T120/><D56/><U50/><E29/><V18/><F114/><W113/><G113/><T64/><D120/><U94/><E35/><V3/><F3/><W86/><G75/><T119/><D119/><U24/><E24/><V0/><F0/><W93/><G38/><T126/><D126/><U92/><E130/><V117/><F117/><W67/><G67/><T46/><D64/><U90/><E132/><V54/><F134/><W13/><G37/><T43/><D73/><U39/><E39/><V101/><F101/><W97/><G97/><T22/><D68/><U28/><E28/><AGARI ba="0,0" hai="7,8,13,21,27,28,40,41,77,80,85,86,88,93" machi="28" ten="30,12000,1" yaku="7,1,8,1,52,2,54,1" doraHai="82" who="3" fromWho="1" sc="375,0,100,-120,222,0,303,120" owari="375,18.0,-20,-52.0,222,-18.0,423,52.0" /></mjloggm>