<mjloggm ver="2.3"><GO type="169" lobby="0"/><UN n0="%45%6D%69%75" n1="%59%54%39%38%39%39" n2="%E3%83%94%E3%83%B3%E3%82%B5%E3%83%AD%E5%BA%97%E5%93%A1" n3="%E3%81%94%E3%82%8B%E3%81%A3" dan="18,17,18,16" rate="2296.79,2207.52,2246.79,2140.69" sx="M,M,M,M"/><TAIKYOKU oya="0"/><INIT seed="0,0,0,2,2,6" ten="250,250,250,250" oya="0" hai0="70,98,59,14,74,75,8,18,19,83,86,134,95" hai1="90,30,7,100,121,77,34,67,127,132,91,28,130" hai2="62,122,11,47,66,106,25,84,1,55,128,133,114" hai3="119,118,42,120,124,24,13,81,63,82,72,80,58"/><T96/><D70/><U43/><E34/><V111/><F111/><W50/><G72/><T73/><D134/><U113/><E7/><V92/><F106/><W115/><G115/><T22/><D59/><U39/><E43/><V102/><F128/><W41/><G124/><T5/><D95/><U36/><E77/><V29/><F122/><W112/><G112/><T9/><D19/><U69/><E100/><V51/><F114/><W0/><G0/><T54/><D54/><U131/><E113/><V35/><F133/><W4/><G120/><T3/><REACH who="0" step="1"/><D22/><REACH who="0" ten="240,250,250,250" step="2"/><U117/><E69/><V99/><F92/><W60/><G58/><T52/><D52/><U32/><E132/><V46/><F55/><W26/><G80/><T45/><D45/><U89/><E121/><V78/><F47/><W10/><G81/><T12/><D12/><U93/><E93/><V16/><F16/><W61/><G82/><T56/><D56/><U20/><E20/><V129/><F46/><W27/><REACH who="3" step="1"/><G50/><REACH who="3" ten="240,250,250,240" step="2"/><T17/><D17/><U21/><E131/><V65/><F51/><W103/><G103/><T15/><D15/><U123/><E130/><V101/><F102/><W53/><G53/><T33/><D33/><U110/><E32/><V135/><F101/><W126/><G126/><T38/><D38/><U87/><E39/><V125/><F35/><W37/><G37/><T57/><D57/><U116/><E36/><V107/><F129/><W105/><G105/><T68/><D68/><U94/><E127/><V71/><F125/><W79/><G79/><AGARI ba="0,2" hai="3,5,8,9,14,18,73,74,75,79,83,86,96,98" machi="79" ten="40,12000,1" yaku="1,1,52,2,53,1" doraHai="6" doraHaiUra="76" who="0" fromWho="3" sc="240,140,250,0,250,0,240,-120" /><INIT seed="0,1,0,5,5,43" ten="380,250,250,120" oya="0" hai0="80,105,129,96,83,44,37,94,68,74,15,85,81" hai1="65,76,3,69,112,25,48,79,134,119,135,91,29" hai2="75,132,62,4,72,14,21,64,102,40,47,42,31" hai3="70,24,66,88,90,26,97,35,114,71,109,125,45"/><T8/><D68/><U49/><E3/><V12/><F132/><W57/><G114/><T120/><D120/><U2/><E2/><V41/><F102/><W121/><G109/><T89/><D129/><U107/><E107/><V115/><F115/><W113/><G113/><T59/><D59/><U130/><E112/><V103/><F103/><W95/><G121/><T19/><D105/><U77/><E130/><V104/><F104/><W17/><G125/><T100/><REACH who="0" step="1"/><D74/><REACH who="0" ten="370,250,250,120" step="2"/><U110/><E69/><V20/><F75/><W27/><G71/><T87/><D87/><U5/><E134/><V118/><F72/><W30/><G70/><T106/><D106/><U78/><E135/><V133/><F133/><W63/><G17/><T131/><D131/><U126/><E126/><V117/><F117/><W122/><G122/><T60/><D60/><U1/><E119/><V116/><F62/><W86/><REACH who="3" step="1"/><G45/><REACH who="3" ten="370,250,250,110" step="2"/><T7/><D7/><U67/><E5/><V55/><F47/><W50/><G50/><T123/><D123/><U52/><E49/><V32/><F118/><W108/><G108/><T10/><D10/><U33/><E110/><V128/><F116/><W51/><G51/><T73/><D73/><U22/><E48/><V127/><F128/><W34/><G34/><T101/><D101/><U16/><E33/><V99/><F127/><W36/><G36/><T13/><D13/><U58/><E16/><V53/><F14/><W54/><G54/><T11/><D11/><U92/><E52/><V98/><F55/><W93/><AGARI ba="1,2" hai="24,26,27,30,35,57,63,66,86,88,90,93,95,97" machi="93" ten="20,12000,2" yaku="1,1,0,1,7,1,54,1,53,2" doraHai="43" doraHaiUra="84" who="3" fromWho="3" sc="370,-61,250,-31,250,-31,110,143" /><INIT seed="1,0,0,0,5,64" ten="309,219,219,253" oya="1" hai0="59,85,2,36,111,80,113,135,75,44,79,11,61" hai1="133,95,9,55,83,119,73,16,76,122,82,33,117" hai2="17,107,12,100,68,6,97,70,104,53,129,1,77" hai3="0,120,91,46,101,26,5,32,43,38,78,67,51"/><U65/><E122/><V57/><F107/><W90/><G120/><T134/><D113/><U131/><E33/><V41/><F129/><W88/><G101/><T4/><D85/><U50/><E65/><V15/><F1/><W7/><G78/><T121/><D111/><U99/><E83/><V45/><F77/><W60/><G0/><T28/><D28/><U21/><E131/><V49/><F6/><W20/><G32/><T34/><D34/><U23/><E9/><V112/><F12/><W31/><REACH who="3" step="1"/><G38/><REACH who="3" ten="309,219,219,243" step="2"/><T94/><D121/><U116/><E133/><V27/><F112/><W72/><G72/><T54/><REACH who="0" step="1"/><D94/><REACH who="0" ten="299,219,219,243" step="2"/><U25/><E117/><V37/><REACH who="2" step="1"/><F27/><REACH who="2" ten="299,219,209,243" step="2"/><W3/><G3/><T71/><D71/><AGARI ba="0,3" hai="5,7,20,26,31,43,46,51,60,67,71,88,90,91" machi="71" ten="40,5200,0" yaku="1,1,52,1,54,1,53,0" doraHai="64" doraHaiUra="110" who="3" fromWho="0" sc="299,-52,219,0,209,0,243,82" /><INIT seed="2,0,0,3,0,122" ten="247,219,209,325" oya="2" hai0="78,2,12,89,6,14,124,129,16,105,71,104,55" hai1="117,120,82,15,52,130,84,88,17,29,95,24,90" hai2="34,68,132,20,75,3,121,76,127,118,61,99,72" hai3="109,44,10,1,4,0,97,18,98,107,41,9,79"/><V135/><F34/><W26/><G79/><T21/><D124/><U35/><E130/><V93/><F3/><W57/><G57/><T27/><D71/><U28/><E28/><V91/><F20/><W22/><G109/><T80/><D129/><U7/><E7/><V33/><F61/><W83/><G83/><T51/><D89/><U119/><E120/><V60/><F60/><W112/><G112/><T92/><D92/><U58/><E90/><N who="2" m="55735" /><F33/><W114/><G114/><T85/><D2/><U54/><E54/><V59/><F59/><W63/><G63/><T131/><D131/><U42/><E42/><V67/><F67/><W116/><G116/><T111/><D111/><U40/><E82/><V53/><F53/><W113/><G107/><T115/><D115/><U77/><E77/><V62/><F62/><W123/><G123/><T126/><D126/><U45/><E45/><V13/><F68/><W128/><G128/><T30/><D6/><U8/><E40/><V46/><F46/><W65/><G65/><T11/><REACH who="0" step="1"/><D14/><REACH who="0" ten="237,219,209,325" step="2"/><U32/><E32/><V64/><F13/><W87/><G113/><T73/><D73/><N who="2" m="28234" /><F91/><W110/><G0/><T5/><D5/><U69/><E69/><V133/><F76/><W81/><G1/><T74/><D74/><U31/><E31/><V36/><F127/><W103/><G4/><T38/><D38/><U108/><E108/><V70/><F121/><W101/><G110/><T94/><D94/><U96/><E119/><V47/><F118/><W102/><G102/><T39/><D39/><U48/><E117/><V23/><F36/><RYUUKYOKU ba="0,1" sc="237,15,219,15,209,-15,325,-15" hai0="11,12,16,21,27,30,51,55,78,80,85,104,105" hai1="8,15,17,24,29,35,48,52,58,84,88,95,96" /><INIT seed="3,1,1,3,3,42" ten="252,234,194,310" oya="3" hai0="58,17,35,32,62,39,51,102,75,5,107,116,79" hai1="67,70,122,19,22,56,123,45,9,74,28,26,69" hai2="55,90,60,77,7,2,134,38,127,85,98,115,130" hai3="3,53,16,27,50,106,78,100,91,97,1,4,135"/><W86/><G135/><T81/><D39/><U46/><E74/><V37/><F115/><W72/><G4/><T124/><D116/><U6/><E56/><V12/><F2/><W87/><G78/><T57/><D124/><U121/><E28/><V94/><F130/><W13/><G27/><T84/><D5/><U96/><E96/><V133/><F127/><W103/><G103/><T30/><D30/><U49/><E67/><V11/><F60/><W25/><G25/><T109/><D109/><U41/><REACH who="1" step="1"/><E46/><REACH who="1" ten="252,224,194,310" step="2"/><V44/><F98/><W82/><G86/><T24/><D58/><U15/><AGARI ba="1,2" hai="6,9,15,19,22,26,41,45,49,69,70,121,122,123" machi="15" ten="30,7900,0" yaku="1,1,2,1,0,1,52,1,53,0" doraHai="42" doraHaiUra="101" who="1" fromWho="1" sc="252,-21,224,102,194,-21,310,-40" /><INIT seed="4,0,0,5,0,47" ten="231,326,173,270" oya="0" hai0="14,77,29,98,87,50,112,133,119,117,36,132,21" hai1="79,106,125,6,120,57,25,66,95,55,72,24,16" hai2="51,129,80,3,31,43,38,10,100,101,13,68,41" hai3="71,131,90,22,45,127,124,118,70,114,99,58,108"/><T0/><D36/><U23/><E106/><V85/><F68/><W121/><G108/><T49/><D0/><U60/><E6/><V94/><F3/><W17/><G118/><T34/><D34/><U32/><E125/><V97/><F129/><W2/><G2/><T75/><D75/><U19/><E79/><V107/><F38/><W130/><G114/><T89/><D112/><U11/><E72/><V109/><F109/><W83/><G58/><T123/><D77/><U59/><E32/><V52/><F31/><W53/><G121/><T1/><D1/><U7/><E120/><V9/><F101/><W86/><G99/><T115/><D98/><U134/><E7/><N who="2" m="3263" /><F10/><W96/><G96/><T103/><D103/><U35/><E35/><V28/><F28/><W64/><G64/><T42/><D115/><U81/><E81/><V126/><F126/><N who="3" m="48171" /><G70/><T105/><D105/><U69/><E69/><V92/><F92/><W65/><G65/><T26/><D14/><U39/><E95/><V8/><F8/><W63/><G71/><T5/><D5/><U88/><E39/><V54/><F54/><W56/><G130/><T18/><D29/><U78/><E55/><V12/><F12/><N who="3" m="9511" /><G131/><T104/><D104/><U74/><E134/><N who="0" m="51817" /><D123/><U15/><E25/><V122/><F122/><W46/><AGARI ba="0,0" hai="45,46,53,56,63,83,86,90" m="9511,48171" machi="46" ten="30,1100,0" yaku="18,1" doraHai="47" who="3" fromWho="3" sc="231,-5,326,-3,173,-3,270,11" /><INIT seed="5,0,0,3,5,71" ten="226,323,170,281" oya="1" hai0="79,58,75,132,51,85,86,42,72,32,6,91,11" hai1="1,106,69,34,116,98,63,56,22,12,104,10,129" hai2="14,114,61,82,135,83,47,130,43,76,48,54,64" hai3="119,55,8,88,123,57,100,105,117,108,35,89,20"/><U95/><E34/><V39/><F130/><W109/><G35/><T70/><D70/><U2/><E69/><V81/><F135/><W84/><G123/><T118/><D118/><N who="3" m="45065" /><G20/><T27/><D132/><U110/><E2/><V46/><F114/><W134/><G134/><T18/><D86/><U40/><E1/><V120/><F120/><W127/><G127/><T90/><D90/><N who="3" m="34921" /><G84/><T36/><D36/><U59/><E22/><V4/><F4/><W124/><G8/><T19/><D11/><U128/><E10/><V94/><F14/><W131/><G124/><T23/><D32/><U13/><E116/><V87/><REACH who="2" step="1"/><F94/><REACH who="2" ten="226,323,160,281" step="2"/><W99/><G131/><T68/><D6/><U133/><E95/><V113/><F113/><W126/><G126/><T33/><D27/><U73/><E133/><V24/><F24/><W103/><G109/><T93/><D93/><U102/><E13/><V65/><F65/><W97/><G108/><T60/><D75/><U74/><E12/><V25/><F25/><W30/><G105/><T112/><D72/><N who="1" m="27755" /><E106/><V29/><F29/><W96/><G30/><T50/><D112/><U7/><E110/><V52/><F52/><W5/><G5/><T115/><D115/><U122/><E7/><V0/><F0/><W3/><G3/><T111/><D111/><U28/><E122/><V41/><F41/><W66/><G66/><T67/><D42/><U17/><E40/><V31/><F31/><W62/><AGARI ba="0,1" hai="55,57,62,96,97,99,100,103" m="34921,45065" machi="62" ten="40,2700,0" yaku="12,1,54,1" doraHai="71" who="3" fromWho="3" sc="226,-7,323,-13,160,-7,281,37" /><INIT seed="6,0,0,2,5,50" ten="219,310,153,318" oya="2" hai0="92,124,108,112,105,82,34,126,57,84,66,83,67" hai1="133,134,2,96,25,7,118,61,43,132,122,75,79" hai2="28,103,64,128,18,109,81,54,107,120,98,127,51" hai3="115,32,85,131,40,5,119,10,6,94,104,35,123"/><V117/><F128/><W30/><G119/><T116/><D108/><U45/><E25/><V97/><F127/><N who="0" m="48682" /><D105/><U121/><E61/><V39/><F117/><W72/><G123/><N who="1" m="47114" /><E118/><V53/><F120/><W99/><G72/><T48/><D116/><U15/><E96/><V11/><F39/><W95/><G104/><T16/><D34/><U8/><E15/><N who="2" m="7551" /><F107/><W60/><G131/><T101/><D112/><U88/><E88/><V23/><F109/><W135/><G115/><T21/><D67/><U129/><E129/><V33/><F33/><W65/><G65/><T58/><D58/><U86/><E86/><V37/><F37/><W73/><G85/><T69/><D69/><U46/><E43/><V49/><F64/><W130/><G130/><T80/><D84/><U22/><E22/><V24/><F81/><AGARI ba="0,0" hai="2,7,8,45,46,75,79,81,132,133,134" m="47114" machi="81" ten="40,2600,0" yaku="20,1,13,1" doraHai="50" who="1" fromWho="2" sc="219,0,310,26,153,-26,318,0" /><INIT seed="7,0,0,5,5,87" ten="219,336,127,318" oya="3" hai0="39,4,52,110,58,48,65,27,105,127,5,98,95" hai1="21,131,44,49,34,79,82,107,135,64,90,72,92" hai2="81,134,128,55,37,13,89,22,6,111,104,14,85" hai3="73,43,36,132,121,54,12,123,60,18,59,26,84"/><W88/><G73/><T45/><D110/><U3/><E107/><V0/><F128/><W8/><G132/><T124/><D105/><U76/><E34/><V16/><F134/><W28/><G43/><T11/><D27/><U129/><E3/><V20/><F111/><W2/><G36/><T63/><D39/><U68/><E68/><V30/><F37/><W69/><G69/><T42/><D42/><U23/><E64/><V125/><F125/><N who="0" m="48202" /><D11/><U103/><E79/><V96/><F0/><W122/><G2/><T71/><D71/><U114/><E103/><AGARI ba="0,0" hai="4,5,45,48,52,58,63,65,95,98,103" m="48202" machi="103" ten="30,2000,0" yaku="18,1,54,1" doraHai="87" who="0" fromWho="1" sc="219,20,336,-20,127,0,318,0" owari="239,-16.0,316,12.0,127,-37.0,318,41.0" /></mjloggm>