<mjloggm ver="2.3"><GO type="169" lobby="0"/><UN n0="%74%6F%72%69%30%36%31%32" n1="%61%72%6D%65%64" n2="%E3%81%88%E3%81%84%E3%81%8D%E3%81%A1%40%35%6D%66" n3="%43%E3%82%A8%E3%83%BC%E3%82%B8%E3%82%A7%E3%83%B3%E3%83%88" dan="17,16,18,17" rate="2159.07,2074.54,2251.76,2201.26" sx="M,M,M,M"/><TAIKYOKU oya="0"/><INIT seed="0,0,0,1,3,41" ten="250,250,250,250" oya="0" hai0="130,115,33,100,125,135,88,127,9,93,47,114,65" hai1="6,54,56,60,21,119,28,103,25,7,106,24,92" hai2="78,105,132,91,98,83,1,16,13,73,17,32,94" hai3="84,104,61,2,97,27,122,74,116,14,46,49,121"/><T58/><D33/><U53/><E106/><V120/><F120/><W62/><G2/><T113/><D100/><U63/><E119/><V128/><F1/><W3/><G3/><T23/><D9/><U42/><E25/><V90/><F32/><W34/><G74/><T26/><D135/><U118/><E118/><V37/><F132/><W50/><G50/><T96/><D130/><U111/><E111/><V80/><F128/><W101/><G116/><T75/><D75/><U85/><E42/><V57/><F37/><W59/><G14/><T36/><D47/><U109/><E109/><V8/><F105/><W67/><G62/><T82/><D82/><U110/><E110/><V45/><F57/><W107/><G84/><T52/><D65/><U129/><E129/><V131/><F131/><W79/><G79/><T89/><D89/><U11/><E11/><V77/><F45/><W68/><G59/><T15/><D15/><U108/><E108/><V5/><REACH who="2" step="1"/><F91/><REACH who="2" ten="250,250,240,250" step="2"/><W29/><REACH who="3" step="1"/><G107/><REACH who="3" ten="250,250,240,240" step="2"/><T31/><REACH who="0" step="1"/><D36/><REACH who="0" ten="240,250,240,240" step="2"/><U12/><E56/><V99/><F99/><W112/><G112/><T86/><D86/><AGARI ba="0,3" hai="5,8,13,16,17,73,77,78,80,83,86,90,94,98" machi="86" ten="30,3900,0" yaku="1,1,7,1,54,1,53,0" doraHai="41" doraHaiUra="55" who="2" fromWho="0" sc="240,-39,250,0,240,69,240,0" /><INIT seed="1,0,0,3,1,66" ten="201,250,309,240" oya="1" hai0="27,37,126,34,125,13,15,18,103,93,61,109,75" hai1="99,122,45,49,30,108,14,58,95,85,86,28,135" hai2="105,131,53,127,69,104,98,102,113,129,26,2,41" hai3="24,107,91,11,80,115,62,79,112,32,96,100,56"/><U9/><E135/><V73/><F2/><W20/><G32/><T33/><D75/><U118/><E118/><V87/><F73/><W68/><G11/><T76/><D76/><U128/><E128/><N who="2" m="49227" /><F127/><N who="0" m="48650" /><D37/><U40/><E122/><V88/><F113/><W19/><G91/><T29/><D61/><U8/><E8/><V12/><F41/><W42/><G42/><T3/><D3/><U133/><E133/><V54/><F105/><W21/><G21/><N who="0" m="15599" /><D109/><U92/><E58/><V0/><F0/><W114/><G68/><T63/><D63/><U4/><E108/><V10/><F26/><W60/><REACH who="3" step="1"/><G56/><REACH who="3" ten="201,250,309,230" step="2"/><T6/><D34/><U64/><E64/><V74/><F69/><W25/><G25/><T38/><D33/><U47/><E47/><V48/><F10/><W70/><G70/><T90/><D6/><U7/><E4/><V132/><F132/><W124/><G124/><T36/><D15/><U82/><E7/><V23/><F12/><W130/><G130/><T117/><D117/><U31/><E9/><V121/><F23/><W5/><G5/><T71/><D71/><U123/><E14/><V77/><F88/><W89/><G89/><T110/><D110/><U67/><E67/><V35/><F35/><W84/><AGARI ba="0,1" hai="19,20,24,60,62,79,80,84,96,100,107,112,114,115" machi="84" ten="30,4000,0" yaku="1,1,0,1,53,1" doraHai="66" doraHaiUra="83" who="3" fromWho="3" sc="201,-10,250,-20,309,-10,230,50" /><INIT seed="2,0,0,4,1,89" ten="191,230,299,280" oya="2" hai0="13,30,17,57,124,26,65,52,112,131,33,78,18" hai1="64,37,44,114,35,42,16,72,28,74,76,49,71" hai2="132,11,106,58,126,55,90,73,94,5,96,91,32" hai3="128,101,38,129,116,87,51,109,4,83,21,60,102"/><V50/><F126/><W98/><G38/><T6/><D112/><U134/><E114/><V113/><F113/><W23/><G116/><T104/><D104/><U7/><E7/><V61/><F132/><W115/><G115/><T59/><D124/><U118/><E134/><V92/><F32/><W48/><G4/><T97/><D78/><U69/><E28/><V81/><F106/><W56/><G109/><T107/><D131/><U121/><E35/><V9/><F73/><W43/><G102/><T105/><D105/><U0/><E0/><V3/><F81/><W36/><G36/><T77/><D77/><U54/><E71/><V88/><F11/><W10/><G10/><T110/><D6/><U24/><E121/><V123/><F123/><W19/><G21/><T53/><D65/><U79/><E118/><V15/><F3/><W122/><G43/><T99/><D107/><U1/><E1/><V135/><F135/><W127/><G127/><T2/><D2/><U108/><E108/><V39/><F39/><W34/><G34/><T130/><D130/><U46/><E72/><V75/><F75/><W120/><G120/><T63/><D110/><U80/><E79/><V66/><REACH who="2" step="1"/><F96/><REACH who="2" ten="191,230,289,280" step="2"/><W86/><G122/><T103/><D103/><U119/><E119/><V67/><F67/><N who="3" m="39303" /><G83/><T133/><D133/><U82/><E82/><V25/><F25/><N who="3" m="14591" /><G129/><T40/><D13/><U41/><E24/><V68/><AGARI ba="0,1" hai="5,9,15,50,55,58,61,66,68,88,90,91,92,94" machi="68" ten="30,12000,1" yaku="1,1,0,1,52,2,54,1,53,0" doraHai="89" doraHaiUra="29" who="2" fromWho="2" sc="191,-40,230,-40,289,130,280,-40" /><INIT seed="2,1,0,1,2,106" ten="151,190,419,240" oya="2" hai0="12,64,26,52,55,7,29,58,15,111,121,43,86" hai1="34,127,135,116,5,122,50,68,99,23,24,61,76" hai2="62,25,8,27,131,104,112,53,132,33,44,59,84" hai3="83,37,90,63,36,47,79,107,120,41,126,103,10"/><V1/><F112/><W94/><G126/><T18/><D121/><U85/><E34/><V130/><F104/><W102/><G120/><T57/><D111/><U78/><E116/><V71/><F71/><W49/><G63/><T118/><D118/><U54/><E135/><V2/><F132/><W17/><G17/><T87/><D43/><U110/><E110/><V42/><F84/><W3/><G107/><T119/><D64/><U80/><E127/><V69/><F69/><W65/><G65/><T14/><D7/><U125/><E122/><V46/><F46/><W108/><G49/><T77/><D18/><U4/><E61/><V105/><F105/><W91/><G91/><T30/><D119/><U101/><E76/><V9/><F9/><W31/><G31/><N who="0" m="11787" /><D26/><N who="2" m="9738" /><F8/><W133/><G36/><T28/><N who="0" m="11795" /><T39/><DORA hai="81" /><D39/><U92/><E68/><V93/><F33/><W97/><G133/><T20/><D20/><U74/><E125/><V56/><F1/><W100/><G108/><T13/><N who="0" m="3072" /><DORA hai="123" /><T60/><D77/><U114/><E114/><V0/><F2/><W96/><G10/><T38/><D38/><U72/><E4/><V134/><F0/><W98/><REACH who="3" step="1"/><G3/><REACH who="3" ten="151,190,419,230" step="2"/><T117/><D117/><U19/><REACH who="1" step="1"/><E5/><REACH who="1" ten="151,180,419,230" step="2"/><V48/><F134/><W73/><AGARI ba="1,2" hai="37,41,47,73,79,83,90,94,96,97,98,100,102,103" machi="73" ten="30,8000,1" yaku="1,1,2,1,0,1,52,1,53,1" doraHai="106,81,123" doraHaiUra="51,35,75" who="3" fromWho="3" sc="151,-21,180,-21,419,-41,230,103" /><INIT seed="3,0,0,3,3,84" ten="130,159,378,333" oya="3" hai0="97,86,23,57,20,55,70,112,101,130,65,6,115" hai1="77,41,92,58,109,126,91,43,67,74,105,123,114" hai2="87,45,60,19,54,44,32,90,110,11,56,119,102" hai3="25,2,5,3,122,49,72,121,79,40,131,7,35"/><W15/><G72/><T96/><D130/><U111/><E105/><V89/><F119/><W53/><G40/><T13/><D65/><U12/><E123/><V42/><F32/><W76/><G49/><T10/><D70/><U68/><E114/><N who="0" m="43561" /><D86/><U124/><E68/><V8/><F110/><N who="1" m="41993" /><E12/><N who="2" m="7559" /><F102/><W31/><G53/><T59/><D97/><N who="1" m="57503" /><E58/><N who="0" m="22025" /><D55/><U22/><E22/><V21/><F21/><W34/><G15/><T16/><D6/><U48/><E67/><V133/><F87/><W85/><G85/><T75/><D75/><U71/><E71/><V69/><F69/><W4/><G131/><T29/><D29/><U129/><E129/><V128/><F128/><W50/><G50/><T51/><D51/><U14/><E14/><V37/><F56/><W9/><G35/><T120/><D120/><U135/><E135/><V24/><F133/><W64/><G64/><T46/><D46/><N who="1" m="25679" /><E43/><V39/><F42/><W94/><G122/><T52/><D52/><U93/><E93/><AGARI ba="0,0" hai="10,13,16,20,23,93,96,101" m="22025,43561" machi="93" ten="30,2000,0" yaku="11,1,54,1" doraHai="84" who="0" fromWho="1" sc="130,20,159,-20,378,0,333,0" /><INIT seed="4,0,0,0,3,68" ten="150,139,378,333" oya="0" hai0="100,103,15,83,48,118,93,37,16,78,129,70,1" hai1="57,43,36,67,19,7,32,132,47,65,8,73,12" hai2="27,101,30,102,31,79,66,41,133,134,40,81,50" hai3="110,4,119,52,56,105,126,92,54,2,18,77,130"/><T116/><D70/><U82/><E132/><N who="2" m="50795" /><F66/><W86/><G105/><T58/><D1/><U95/><E32/><N who="2" m="20575" /><F31/><W106/><G106/><T5/><D37/><U25/><E57/><V114/><F114/><W107/><G107/><T42/><D5/><U38/><E38/><V87/><F50/><W24/><G54/><T91/><D129/><U63/><E63/><V80/><F80/><W11/><G110/><T109/><D109/><U135/><E95/><V17/><F17/><W72/><G92/><T62/><D118/><U0/><E25/><V9/><F9/><W131/><G119/><T96/><D116/><U23/><REACH who="1" step="1"/><E135/><REACH who="1" ten="150,129,378,333" step="2"/><V120/><F120/><W22/><G130/><T88/><D103/><AGARI ba="0,1" hai="40,41,79,81,87,101,102,103" m="20575,50795" machi="103" ten="30,1000,0" yaku="20,1" doraHai="68" who="2" fromWho="0" sc="150,-10,129,0,378,20,333,0" /><INIT seed="5,0,0,4,5,82" ten="140,129,398,333" oya="1" hai0="20,29,12,48,70,127,92,56,10,30,5,57,73" hai1="8,22,109,45,89,19,49,118,106,88,39,131,116" hai2="113,7,1,50,31,53,34,76,62,4,28,91,86" hai3="85,130,42,16,107,83,115,111,101,95,129,36,103"/><U99/><E131/><V134/><F134/><W132/><G111/><T27/><D73/><U3/><E39/><V122/><F122/><W112/><G42/><T80/><D70/><U104/><E109/><V37/><F37/><W135/><G107/><T97/><D127/><U64/><E64/><V15/><F1/><W79/><G36/><T43/><D30/><U24/><E104/><V75/><F113/><N who="3" m="43595" /><G16/><T59/><D80/><U54/><E106/><V69/><F76/><W52/><G52/><T35/><D35/><U100/><E100/><N who="3" m="38474" /><G95/><T105/><D105/><U96/><E96/><V13/><F53/><W108/><G108/><T55/><REACH who="0" step="1"/><D43/><REACH who="0" ten="130,129,398,333" step="2"/><U63/><E116/><V133/><F28/><W102/><G102/><AGARI ba="0,1" hai="5,10,12,20,27,29,48,55,56,57,59,92,97,102" machi="102" ten="30,7700,0" yaku="1,1,2,1,7,1,8,1,53,0" doraHai="82" doraHaiUra="41" who="0" fromWho="3" sc="130,87,129,0,398,0,333,-77" /><INIT seed="6,0,0,4,1,2" ten="217,129,398,256" oya="2" hai0="71,119,101,125,51,97,72,18,38,6,28,124,87" hai1="113,58,73,36,121,86,12,39,109,77,82,91,68" hai2="32,98,48,99,111,43,62,21,88,92,64,20,4" hai3="103,75,49,1,120,100,80,93,45,16,42,127,50"/><V112/><F32/><W89/><G127/><N who="0" m="48715" /><D72/><U35/><E68/><V47/><F112/><W8/><G120/><T117/><D38/><U5/><E109/><V105/><F111/><W123/><G123/><T31/><D71/><U74/><E121/><V59/><REACH who="2" step="1"/><F4/><REACH who="2" ten="217,129,388,256" step="2"/><W15/><G1/><T26/><D6/><U78/><E35/><V41/><F41/><W60/><G60/><T56/><D119/><U25/><E113/><V115/><F115/><W54/><G75/><T122/><D117/><U133/><E73/><V55/><F55/><W134/><G134/><T29/><D122/><U94/><E133/><V27/><F27/><W57/><REACH who="3" step="1"/><G80/><REACH who="3" ten="217,129,388,246" step="2"/><T84/><D26/><U40/><E25/><V130/><F130/><W90/><G90/><T23/><D101/><AGARI ba="0,2" hai="20,21,43,47,48,59,62,64,88,92,98,99,101,105" machi="101" ten="40,3900,0" yaku="1,1,54,1,53,0" doraHai="2" doraHaiUra="108" who="2" fromWho="0" sc="217,-39,129,0,388,59,246,0" /><INIT seed="6,1,0,4,1,6" ten="178,129,447,246" oya="2" hai0="108,63,13,51,12,118,60,2,49,46,96,95,64" hai1="66,26,127,113,54,65,43,25,0,120,128,134,11" hai2="15,39,27,107,23,90,116,91,105,125,55,8,40" hai3="70,85,104,42,109,126,78,131,16,123,94,93,41"/><V74/><F116/><W21/><G104/><T38/><D2/><U52/><E113/><V17/><F74/><W10/><G70/><T86/><D38/><U32/><E120/><V18/><F125/><W20/><G109/><T99/><D108/><U132/><E127/><V76/><F76/><W129/><G123/><T7/><D51/><U57/><E43/><N who="3" m="16394" /><G126/><T45/><D118/><U83/><E83/><V133/><F133/><N who="1" m="51305" /><E128/><N who="3" m="49226" /><G78/><T117/><D117/><U102/><E102/><V9/><F55/><N who="1" m="21033" /><E32/><V44/><F105/><W48/><G48/><T69/><D49/><U98/><E98/><V72/><F107/><W73/><G73/><T33/><D33/><U130/><E130/><V62/><F72/><W68/><G68/><T80/><D80/><U110/><E110/><V29/><F62/><W106/><G106/><T89/><D63/><N who="1" m="38127" /><E66/><V87/><F87/><W50/><G50/><T103/><D99/><U14/><E0/><V71/><F71/><W58/><G58/><T24/><D96/><U3/><E3/><V34/><F34/><W114/><G114/><T124/><D124/><U115/><E115/><V84/><F84/><W97/><G85/><T92/><D69/><U47/><E47/><V4/><F44/><W59/><G59/><T122/><D46/><U61/><E61/><V53/><F40/><W22/><G97/><T111/><D45/><U81/><E81/><V30/><F53/><W119/><G119/><T1/><D122/><U35/><E35/><V112/><F112/><W31/><G31/><N who="2" m="11785" /><F39/><W77/><G77/><T75/><D111/><U82/><E82/><RYUUKYOKU ba="1,0" sc="178,-30,129,10,447,10,246,10" hai1="11,14,25,26" hai2="4,8,9,15,17,18,23,27,90,91" hai3="10,16,20,21,22,93,94" /><INIT seed="6,2,0,0,4,58" ten="148,139,457,256" oya="2" hai0="52,17,20,76,63,78,99,16,72,117,33,37,54" hai1="18,7,118,21,61,51,121,79,36,85,125,24,47" hai2="104,126,13,105,28,10,112,53,15,1,23,2,69" hai3="67,127,113,40,30,8,88,26,119,89,68,66,43"/><V115/><F69/><W84/><G119/><T93/><D33/><U38/><E125/><V107/><F126/><W74/><G74/><T128/><D37/><U42/><E121/><V41/><F41/><W129/><G129/><T3/><D3/><U62/><E118/><V111/><F111/><W65/><G68/><T102/><D117/><U114/><E114/><N who="2" m="43563" /><F53/><W32/><G113/><T83/><D78/><U108/><E108/><V97/><F97/><W0/><G89/><T56/><D128/><U134/><E134/><V59/><F59/><W44/><G44/><T11/><D11/><U92/><E36/><V50/><F50/><W55/><G55/><T4/><D4/><U131/><E38/><V116/><F116/><W14/><G0/><N who="2" m="105" /><F10/><W130/><G130/><T48/><D20/><U25/><E7/><V12/><F28/><W70/><G70/><T60/><D60/><N who="1" m="23147" /><E131/><V101/><F101/><W22/><G32/><T95/><D95/><U9/><E9/><V64/><F64/><W6/><G127/><T5/><D5/><U96/><E85/><V35/><F35/><W124/><G124/><T98/><D98/><U123/><E123/><V73/><F73/><W133/><G133/><T132/><D132/><U57/><E57/><AGARI ba="2,0" hai="16,17,48,52,54,56,57,63,72,76,83,93,99,102" machi="57" ten="30,7700,0" yaku="7,1,52,1,54,2" doraHai="58" who="0" fromWho="1" sc="148,83,139,-83,457,0,256,0" /><INIT seed="7,0,0,0,4,4" ten="231,56,457,256" oya="3" hai0="37,102,108,38,34,71,49,133,69,54,88,83,30" hai1="118,13,47,98,62,28,79,128,32,73,89,75,111" hai2="90,25,107,48,55,18,6,120,74,72,106,84,22" hai3="112,126,135,59,27,86,29,99,104,61,31,130,105"/><W57/><G112/><T0/><D102/><U96/><E111/><V60/><F120/><W80/><G126/><T129/><D0/><U21/><E128/><V117/><F117/><W40/><G135/><T67/><D30/><U3/><E3/><V134/><F134/><W26/><G40/><T132/><D34/><U2/><E2/><V66/><F6/><W39/><G39/><N who="0" m="14859" /><D88/><U51/><E32/><V97/><F97/><W78/><G130/><T19/><D19/><U45/><E89/><V95/><F74/><W77/><G99/><T58/><D83/><U92/><E79/><V20/><F72/><W82/><G61/><N who="0" m="38327" /><D129/><U24/><E62/><V123/><F123/><W41/><G41/><T121/><D121/><U100/><E118/><V10/><F10/><W131/><G131/><T33/><D33/><U91/><E47/><V119/><F119/><W42/><G42/><T113/><D108/><U81/><E81/><V46/><F20/><W103/><G86/><T52/><D54/><U124/><E124/><V87/><F87/><W63/><G63/><T7/><D7/><U35/><E35/><V116/><F116/><W53/><G103/><T1/><D1/><U122/><E122/><V17/><F17/><W101/><G101/><T64/><D113/><U43/><E13/><V9/><F9/><W8/><G8/><T93/><D93/><U127/><E127/><V68/><AGARI ba="0,0" hai="18,22,25,46,48,55,60,66,68,84,90,95,106,107" machi="68" ten="20,1500,0" yaku="0,1,7,1" doraHai="4" who="2" fromWho="2" sc="231,-4,56,-4,457,15,256,-7" owari="227,-17.0,52,-45.0,472,57.0,249,5.0" /></mjloggm>