<mjloggm ver="2.3"><GO type="169" lobby="0"/><UN n0="%E3%81%86%E3%81%91%E3%81%AA%E3%81%8C%E3%81%97%E3%81%BE%E3%81%9B%E3%82%93" n1="%6D%61%74%6F%30%36%30%33" n2="%73%68%6F%6B%6F%6C%61%32" n3="%E8%91%B5%E3%81%A1%E3%82%83%E3%82%93" dan="16,17,17,16" rate="2126.34,2232.46,2130.71,2186.23" sx="F,M,M,M"/><TAIKYOKU oya="0"/><INIT seed="0,0,0,5,2,51" ten="250,250,250,250" oya="0" hai0="63,133,21,92,10,108,59,90,45,131,56,112,115" hai1="37,104,71,84,33,24,55,120,73,94,5,79,67" hai2="123,83,66,13,100,77,32,11,86,31,43,14,30" hai3="1,74,70,116,41,40,68,78,121,6,101,47,35"/><T124/><D124/><U99/><E37/><V113/><F123/><W23/><G23/><T127/><D127/><U128/><E5/><V27/><F113/><W7/><G41/><T8/><D133/><U122/><E128/><V134/><F134/><W87/><G87/><T126/><D126/><U109/><E109/><V18/><F31/><W61/><G6/><T44/><D131/><U49/><E67/><V12/><F66/><W102/><G102/><T72/><D72/><U82/><E24/><V95/><F43/><W117/><G101/><T103/><D103/><N who="1" m="62591" /><E71/><V19/><F100/><W106/><G106/><T26/><D108/><U107/><E33/><V9/><F14/><W93/><G35/><T105/><D105/><U48/><E48/><V91/><REACH who="2" step="1"/><F95/><REACH who="2" ten="250,250,240,250" step="2"/><W132/><G93/><T42/><D42/><U130/><E107/><V50/><F50/><W125/><G40/><T75/><D115/><U0/><E130/><V119/><F119/><W28/><G121/><T53/><D112/><U25/><E0/><V88/><AGARI ba="0,1" hai="9,11,12,13,18,19,27,30,32,77,83,86,88,91" machi="88" ten="30,12000,2" yaku="1,1,0,1,9,1,54,1,53,2" doraHai="51" doraHaiUra="85" who="2" fromWho="2" sc="250,-60,250,-30,240,130,250,-30" /><INIT seed="1,0,0,2,3,4" ten="190,220,370,220" oya="1" hai0="135,129,125,87,97,51,80,58,44,112,5,127,54" hai1="18,86,128,45,74,61,25,22,20,31,75,19,48" hai2="101,66,49,7,122,98,79,113,36,46,32,40,35" hai3="62,69,85,37,56,103,123,121,1,23,15,55,78"/><U43/><E128/><V50/><F122/><W124/><G1/><T64/><D112/><U53/><E31/><V29/><F7/><W24/><G37/><T30/><D129/><U34/><E34/><V60/><F79/><W81/><G124/><T2/><D135/><U63/><E86/><V109/><F109/><W108/><G108/><T16/><D97/><U57/><REACH who="1" step="1"/><E63/><REACH who="1" ten="190,210,370,220" step="2"/><V90/><F35/><W88/><G62/><T17/><D30/><U96/><E96/><V114/><F29/><W67/><G85/><T92/><D127/><U71/><E71/><V84/><F32/><W47/><G69/><T117/><D125/><U118/><E118/><V94/><F114/><W106/><G123/><T126/><D117/><U107/><E107/><V102/><F113/><W73/><G106/><T72/><D126/><U59/><E59/><V132/><F132/><W8/><G56/><T120/><D120/><U3/><E3/><V91/><F60/><W9/><G121/><T119/><D58/><U21/><E21/><V105/><F105/><W100/><G23/><T130/><D130/><U93/><E93/><V133/><F133/><W68/><G68/><T77/><D119/><U82/><E82/><V26/><F84/><W83/><G81/><T65/><D87/><U39/><E39/><V116/><F98/><W104/><G83/><T110/><D92/><U89/><E89/><V99/><F94/><W0/><G88/><T42/><D110/><U13/><AGARI ba="0,1" hai="13,18,19,20,22,25,43,45,48,53,57,61,74,75" machi="13" ten="20,7800,0" yaku="1,1,0,1,7,1,53,1" doraHai="4" doraHaiUra="38" who="1" fromWho="1" sc="190,-26,210,88,370,-26,220,-26" /><INIT seed="1,1,0,0,2,72" ten="164,298,344,194" oya="1" hai0="82,11,114,112,5,12,117,56,4,29,125,35,109" hai1="2,16,1,55,108,65,129,102,32,13,24,0,68" hai2="3,62,118,88,99,122,80,124,100,91,53,36,101" hai3="51,28,74,21,22,86,132,98,37,40,41,76,131"/><U92/><E129/><V8/><F36/><W97/><G131/><T78/><D117/><U130/><E130/><V52/><F118/><W18/><G37/><T115/><D109/><U33/><E108/><V19/><F122/><W94/><G132/><T63/><D125/><U120/><E120/><V54/><F124/><W90/><G74/><T23/><D35/><U9/><E55/><V30/><F30/><W26/><G51/><T89/><D29/><U85/><E24/><V34/><F34/><W42/><REACH who="3" step="1"/><G76/><REACH who="3" ten="164,298,344,184" step="2"/><T79/><D114/><U61/><REACH who="1" step="1"/><E85/><REACH who="1" ten="164,288,344,184" step="2"/><V57/><F62/><W71/><G71/><T81/><D115/><U49/><E49/><V20/><F99/><AGARI ba="1,2" hai="0,1,2,9,13,16,32,33,61,65,68,92,99,102" machi="99" ten="40,3900,0" yaku="1,1,54,1,53,0" doraHai="72" doraHaiUra="38" who="1" fromWho="2" sc="164,0,288,62,344,-42,184,0" /><INIT seed="1,2,0,5,1,45" ten="164,350,302,184" oya="1" hai0="59,49,85,23,43,3,117,4,100,105,91,50,77" hai1="96,97,0,94,71,75,30,22,120,123,8,37,113" hai2="31,118,25,109,64,27,38,72,33,47,74,95,41" hai3="111,132,133,127,92,130,57,16,81,69,99,24,88"/><U6/><E37/><V52/><F118/><W79/><G69/><T106/><D117/><U115/><E71/><V2/><F2/><W54/><G111/><T135/><D135/><U89/><E75/><V78/><F109/><W35/><G127/><T51/><D43/><U12/><E97/><V58/><F64/><W112/><G112/><T110/><D110/><U46/><E46/><V101/><F78/><W7/><G7/><T53/><D77/><U19/><REACH who="1" step="1"/><E30/><REACH who="1" ten="164,340,302,184" step="2"/><V61/><F74/><W124/><G99/><T65/><D100/><U11/><E11/><V62/><F72/><W1/><G133/><T56/><D106/><U126/><E126/><V26/><F101/><W114/><G124/><T67/><D105/><U107/><E107/><V125/><F125/><W66/><G132/><T134/><D134/><U108/><E108/><V44/><F44/><W9/><G9/><T18/><D59/><U21/><E21/><V55/><F31/><W90/><G57/><T73/><D73/><U76/><E76/><V128/><F33/><W93/><G35/><T129/><D129/><U20/><E20/><V121/><F128/><W87/><G130/><T40/><D40/><U63/><E63/><V15/><F62/><W36/><G36/><T10/><D85/><U68/><E68/><V103/><F103/><W122/><G87/><T102/><D102/><U86/><E86/><V29/><F29/><W119/><G79/><T39/><D39/><U60/><E60/><V5/><F38/><W70/><G70/><T48/><D91/><N who="3" m="34857" /><G119/><T104/><D104/><U13/><E13/><AGARI ba="2,1" hai="3,4,10,13,18,23,48,49,50,51,53,56,65,67" machi="13" ten="40,8000,1" yaku="6,1,52,4" doraHai="45" who="0" fromWho="1" sc="164,96,340,-86,302,0,184,0" /><INIT seed="2,0,0,0,2,95" ten="260,254,302,184" oya="2" hai0="34,91,37,110,131,50,99,23,88,81,101,114,125" hai1="96,130,59,46,9,33,123,73,74,132,117,41,63" hai2="15,55,62,8,86,3,69,35,97,79,118,134,106" hai3="16,102,135,64,100,24,65,115,58,47,49,128,129"/><V104/><F118/><W6/><G6/><T120/><D114/><U13/><E33/><V20/><F35/><W68/><G115/><T127/><D37/><U98/><E117/><V21/><F3/><W31/><G68/><T70/><D34/><U22/><E130/><N who="3" m="50282" /><G31/><T0/><D131/><U93/><E22/><V52/><F134/><W119/><G119/><T108/><D70/><U36/><E123/><V67/><F106/><W18/><G135/><T12/><D0/><U122/><E122/><V87/><F21/><N who="3" m="13351" /><G18/><N who="0" m="10695" /><D50/><U1/><E1/><V42/><F20/><W103/><G58/><T94/><D120/><U29/><E29/><V27/><F27/><W7/><G7/><T83/><D83/><U109/><E109/><N who="0" m="42089" /><D81/><U82/><E82/><V72/><F79/><W113/><G113/><T54/><D54/><AGARI ba="0,0" hai="47,49,54,64,65,100,102,103" m="13351,50282" machi="54" ten="30,2000,0" yaku="19,1,54,1" doraHai="95" who="3" fromWho="0" sc="260,-20,254,0,302,0,184,20" /><INIT seed="3,0,0,4,2,111" ten="240,254,302,204" oya="3" hai0="12,135,99,89,105,83,127,101,23,67,46,106,39" hai1="116,55,7,110,29,53,2,75,72,34,70,128,78" hai2="130,28,112,93,63,88,103,66,11,16,104,71,58" hai3="87,26,35,45,54,81,131,76,119,73,24,77,0"/><W17/><G119/><T74/><D135/><U4/><E70/><V13/><F28/><W80/><G131/><T107/><D127/><U100/><E29/><V47/><F130/><W96/><G0/><T60/><D12/><U38/><E128/><V117/><F117/><W108/><G108/><T33/><D23/><U1/><E116/><V30/><F30/><W18/><G35/><T41/><D89/><U59/><E59/><V90/><F104/><W51/><REACH who="3" step="1"/><G96/><REACH who="3" ten="240,254,302,194" step="2"/><T64/><D33/><U52/><E34/><V37/><F112/><W57/><G57/><T65/><D60/><U19/><E1/><V98/><F71/><W134/><G134/><T20/><D99/><U125/><E2/><V124/><F124/><W10/><G10/><T84/><D20/><U62/><E62/><V109/><F109/><W14/><G14/><T25/><D25/><AGARI ba="0,1" hai="17,18,24,25,26,45,51,54,73,76,77,80,81,87" machi="25" ten="40,2000,0" yaku="1,1,53,0" doraHai="111" doraHaiUra="115" who="3" fromWho="0" sc="240,-20,254,0,302,0,194,30" /><INIT seed="3,1,0,4,4,45" ten="220,254,302,224" oya="3" hai0="126,43,32,102,109,25,24,63,69,74,95,100,10" hai1="88,56,49,118,107,98,70,64,127,99,117,54,122" hai2="130,53,90,3,75,16,65,35,14,96,61,92,120" hai3="135,77,50,27,89,7,105,34,132,47,18,93,94"/><W106/><G7/><T55/><D109/><U123/><E107/><V8/><F35/><W17/><G77/><T1/><D74/><U114/><E99/><V68/><F130/><W46/><G34/><T9/><D126/><U36/><E127/><V133/><F133/><W38/><G27/><T71/><D32/><U12/><E12/><V78/><F120/><N who="1" m="46121" /><E88/><V26/><F3/><W31/><G89/><T125/><D125/><U6/><E98/><V39/><F39/><W119/><G38/><T37/><D37/><U57/><E6/><V44/><F26/><W21/><G21/><T104/><D104/><U86/><E86/><V83/><F44/><W67/><G67/><T15/><D15/><U134/><E134/><V40/><F40/><W80/><G80/><T84/><D84/><U62/><E36/><V85/><REACH who="2" step="1"/><F53/><REACH who="2" ten="220,254,292,224" step="2"/><W111/><G135/><T2/><D55/><N who="1" m="31855" /><E114/><V20/><F20/><W87/><G132/><T121/><D121/><U33/><E33/><V28/><F28/><W128/><G31/><T29/><D29/><U42/><E42/><V41/><F41/><W59/><G128/><T60/><D43/><U72/><E72/><AGARI ba="1,1" hai="8,14,16,61,65,68,72,75,78,83,85,90,92,96" machi="72" ten="40,2600,0" yaku="1,1,54,1,53,0" doraHai="45" doraHaiUra="101" who="2" fromWho="1" sc="220,0,254,-29,292,39,224,0" /><INIT seed="4,0,0,0,0,71" ten="220,225,331,224" oya="0" hai0="72,88,62,22,77,76,79,132,86,74,135,133,127" hai1="92,106,70,39,11,14,4,102,47,12,68,28,118" hai2="10,56,108,117,122,82,95,7,113,33,61,104,37" hai3="134,96,32,80,100,93,81,126,43,51,13,23,59"/><T112/><D62/><U97/><E118/><V55/><F104/><W36/><G32/><T1/><D1/><U16/><E28/><V87/><F108/><W8/><G126/><T111/><D111/><U123/><E123/><V34/><F122/><W130/><G130/><T18/><D127/><U0/><E0/><V78/><F117/><W9/><G134/><T58/><D58/><U115/><E115/><V54/><F113/><W98/><G36/><T91/><D112/><U35/><E35/><V15/><F37/><W46/><G98/><T124/><D124/><U75/><E75/><V64/><F95/><W65/><G23/><T5/><D5/><U107/><E107/><V63/><REACH who="2" step="1"/><F55/><REACH who="2" ten="220,225,321,224" step="2"/><W26/><G93/><N who="0" m="54423" /><D91/><U20/><REACH who="1" step="1"/><E106/><REACH who="1" ten="220,215,321,224" step="2"/><V109/><F109/><W120/><G120/><T128/><D128/><U40/><AGARI ba="0,2" hai="4,11,12,14,16,20,39,40,47,68,70,92,97,102" machi="40" ten="30,12000,2" yaku="1,1,2,1,0,1,52,1,54,1,53,1" doraHai="71" doraHaiUra="17" who="1" fromWho="1" sc="220,-60,215,140,321,-30,224,-30" /><INIT seed="5,0,0,5,4,30" ten="160,355,291,194" oya="1" hai0="103,65,97,2,63,61,59,69,73,38,7,32,39" hai1="72,107,67,71,76,53,33,119,129,102,96,11,19" hai2="116,48,26,68,122,85,74,134,10,62,45,115,47" hai3="27,109,54,106,46,82,34,86,135,14,9,1,31"/><U21/><E119/><V91/><F74/><W44/><G109/><T52/><D73/><U128/><E53/><V12/><F122/><W40/><G106/><T131/><D131/><N who="1" m="50251" /><E11/><V84/><F116/><W15/><G135/><T57/><D32/><U108/><E108/><V8/><F134/><W98/><G98/><T87/><D7/><U120/><E120/><V75/><F75/><W112/><G112/><T79/><D2/><U20/><E33/><V17/><F26/><W55/><G14/><T4/><D4/><U81/><E19/><V105/><F105/><W88/><G1/><T101/><D69/><U58/><E58/><V56/><F68/><W22/><G22/><T110/><D110/><U35/><E35/><V64/><F47/><W80/><G80/><T92/><REACH who="0" step="1"/><D103/><REACH who="0" ten="150,355,291,194" step="2"/><U93/><E71/><V16/><F115/><W23/><G34/><T114/><D114/><U117/><E102/><V104/><F104/><W70/><G70/><T6/><D6/><U42/><E107/><V132/><F132/><W78/><G78/><T118/><D118/><U133/><E133/><V13/><F91/><W123/><G123/><T90/><D90/><U28/><E76/><V25/><F25/><W18/><REACH who="3" step="1"/><G46/><REACH who="3" ten="150,355,291,184" step="2"/><T36/><D36/><AGARI ba="0,2" hai="9,15,18,23,27,31,36,40,44,54,55,82,86,88" machi="36" ten="30,7700,0" yaku="1,1,2,1,7,1,54,1,53,0" doraHai="30" doraHaiUra="66" who="3" fromWho="0" sc="150,-77,355,0,291,0,184,97" /><INIT seed="6,0,0,1,5,126" ten="73,355,291,281" oya="2" hai0="77,35,27,127,113,79,43,19,50,56,59,73,115" hai1="16,57,28,132,54,109,130,41,12,63,92,107,48" hai2="25,30,87,13,117,6,114,99,72,101,83,121,80" hai3="38,7,11,58,4,90,100,53,46,88,116,122,94"/><V84/><F121/><W62/><G116/><T85/><D127/><U108/><E107/><V0/><F0/><W18/><G122/><T125/><D125/><U15/><E28/><V32/><F117/><W89/><G38/><T105/><D105/><U123/><E123/><V118/><F118/><W61/><G61/><T22/><D73/><U119/><E119/><V66/><F66/><W82/><G82/><T134/><D35/><U52/><E15/><V111/><F111/><W104/><G104/><T70/><D70/><U47/><E132/><V103/><F114/><W97/><G46/><T31/><D134/><U68/><E68/><V1/><F1/><W131/><G131/><T44/><D115/><U45/><E92/><V37/><F37/><W86/><G86/><T40/><D113/><U98/><E98/><V10/><F72/><W67/><G67/><T96/><D43/><U20/><REACH who="1" step="1"/><E130/><REACH who="1" ten="73,345,291,281" step="2"/><V106/><F99/><W78/><G94/><T75/><D75/><U24/><E24/><V95/><F106/><W17/><G97/><T60/><D59/><U112/><E112/><V8/><F95/><W65/><G58/><T29/><D96/><U135/><E135/><V128/><F128/><W23/><G100/><T33/><D33/><U69/><E69/><V51/><F103/><W42/><G7/><T55/><REACH who="0" step="1"/><D85/><REACH who="0" ten="63,345,291,281" step="2"/><U64/><E64/><V81/><F87/><W129/><G65/><T74/><D74/><U49/><AGARI ba="0,2" hai="12,16,20,41,45,47,48,49,52,54,57,63,108,109" machi="49" ten="20,8000,1" yaku="1,1,0,1,7,1,54,2,53,0" doraHai="126" doraHaiUra="93" who="1" fromWho="1" sc="63,-20,345,100,291,-40,281,-20" /><INIT seed="7,0,0,0,5,56" ten="43,445,251,261" oya="3" hai0="34,79,19,117,96,78,112,121,125,51,111,104,59" hai1="54,71,60,37,1,129,91,44,135,17,102,62,76" hai2="108,69,30,134,63,5,67,13,89,95,42,105,0" hai3="47,132,39,118,74,48,87,130,70,85,110,26,81"/><W32/><G118/><T6/><D19/><U114/><E1/><V131/><F108/><W64/><G39/><T101/><D59/><U128/><E135/><V58/><F105/><W43/><G110/><T124/><D51/><U126/><E126/><V115/><F134/><W90/><G132/><T77/><D6/><U86/><E76/><V65/><F0/><W15/><G74/><T61/><D61/><U122/><E114/><V49/><F115/><W53/><G130/><T113/><D34/><U92/><E122/><V52/><F131/><W55/><G70/><T10/><D10/><U100/><E128/><V68/><F30/><W72/><G72/><T35/><D35/><U93/><E129/><V25/><F25/><W99/><G99/><T57/><D57/><U94/><E71/><V46/><F69/><W133/><G133/><T82/><D111/><U29/><E29/><V83/><F83/><W24/><G64/><T116/><D121/><U9/><E37/><V40/><F68/><W27/><G32/><T22/><D22/><U119/><E119/><V21/><F67/><W97/><G97/><T18/><D18/><U8/><E44/><V28/><F28/><W127/><G127/><N who="0" m="48715" /><D117/><U50/><E50/><V109/><F109/><W38/><G38/><T106/><D116/><U36/><E36/><V66/><F66/><W41/><G41/><T103/><D82/><U4/><E54/><N who="3" m="20490" /><G15/><T98/><D113/><U31/><E102/><V84/><F5/><W20/><G20/><T45/><D112/><U120/><E100/><V14/><F14/><W123/><G123/><RYUUKYOKU ba="0,0" sc="43,10,445,-30,251,10,261,10" hai0="45,77,78,79,96,98,101,103,104,106" hai2="13,21,40,42,46,49,52,58,63,65,84,89,95" hai3="24,26,27,43,47,48,81,85,87,90" /><INIT seed="7,1,0,4,4,22" ten="53,415,261,271" oya="3" hai0="1,79,81,11,111,30,51,101,83,3,105,92,64" hai1="48,78,119,98,93,131,72,12,45,60,96,62,110" hai2="95,65,109,68,31,108,102,32,106,80,28,67,113" hai3="104,0,37,46,128,4,89,115,122,54,56,132,52"/><W27/><G122/><T61/><D111/><U130/><E110/><V134/><F95/><W73/><G73/><T112/><D83/><N who="1" m="45511" /><E12/><V57/><F68/><W18/><G128/><N who="1" m="49194" /><E119/><V107/><F113/><W35/><G104/><T14/><D112/><U20/><E20/><V125/><F134/><W43/><G132/><T50/><D14/><U42/><E98/><V120/><F125/><W40/><G40/><T2/><D11/><U91/><AGARI ba="1,0" hai="42,45,48,60,62,91,93,96" m="49194,45511" machi="91" ten="30,1100,0" yaku="19,1" doraHai="22" who="1" fromWho="1" sc="53,-4,415,14,261,-4,271,-6" owari="49,-45.0,429,52.0,257,-14.0,265,7.0" /></mjloggm>