<mjloggm ver="2.3"><GO type="169" lobby="0"/><UN n0="%E5%A0%B4%E6%B3%81%E5%8E%A8" n1="%52%6F%6E%E6%B0%8F" n2="%6F%72%74%68%6F%70%65%64" n3="%E9%AB%98%E6%A9%8B%E6%B7%B3" dan="17,16,16,16" rate="2211.44,2151.54,2094.82,2116.05" sx="F,M,M,M"/><TAIKYOKU oya="0"/><INIT seed="0,0,0,4,1,16" ten="250,250,250,250" oya="0" hai0="50,25,133,81,80,14,116,94,129,97,121,130,105" hai1="64,84,66,44,111,37,108,41,96,19,49,61,65" hai2="4,88,82,106,1,53,90,70,112,3,9,38,114" hai3="63,99,24,30,34,48,45,72,17,77,20,8,54"/><T134/><D116/><U87/><E96/><V35/><F35/><W71/><G72/><T5/><D50/><U95/><E95/><V10/><F106/><W109/><G109/><N who="1" m="42058" /><E84/><V102/><F70/><W92/><G77/><T31/><D105/><U62/><E87/><V40/><F102/><W122/><G122/><T101/><D121/><U39/><E19/><V13/><F53/><W85/><G85/><T18/><D5/><U74/><E74/><V123/><F123/><W119/><G119/><T93/><D93/><U51/><E51/><V107/><F107/><W29/><G34/><T7/><D7/><U27/><E27/><V2/><F9/><W47/><G47/><T86/><D18/><U59/><E66/><V6/><F6/><W12/><G63/><T124/><D14/><U26/><E26/><V68/><F1/><W113/><G29/><T21/><D80/><U56/><AGARI ba="0,0" hai="37,39,41,44,49,56,59,61,62,64,65" m="42058" machi="56" ten="30,4000,0" yaku="14,1,34,2" doraHai="16" who="1" fromWho="1" sc="250,-20,250,40,250,-10,250,-10" /><INIT seed="1,0,0,0,0,118" ten="230,290,240,240" oya="1" hai0="87,85,5,65,4,58,39,86,7,55,106,96,131" hai1="23,112,99,124,22,61,53,42,84,25,27,13,54" hai2="79,100,34,32,93,28,37,102,73,45,67,70,59" hai3="47,133,2,3,129,11,122,135,107,78,80,20,15"/><U75/><E75/><V91/><F73/><W10/><G107/><T38/><D131/><U90/><E112/><V121/><F79/><W114/><G114/><T77/><D77/><U119/><E119/><V134/><F70/><W95/><G129/><T71/><D71/><U74/><E74/><V6/><F6/><W26/><G95/><T12/><D65/><U8/><E124/><V127/><F37/><W29/><G47/><T16/><D96/><U83/><E42/><V46/><F134/><N who="3" m="51211" /><G11/><T44/><D44/><U120/><E120/><V97/><F121/><W31/><G80/><T113/><D106/><U68/><E68/><V130/><F130/><W21/><G78/><T72/><D72/><U89/><E99/><V62/><F127/><W52/><G52/><N who="1" m="20074" /><E61/><V111/><F45/><W116/><G116/><T64/><D64/><U88/><E23/><N who="3" m="8778" /><G122/><T66/><D66/><U115/><E115/><V108/><F46/><W51/><G51/><T128/><D128/><U33/><E33/><V1/><F34/><N who="3" m="20791" /><G31/><T63/><REACH who="0" step="1"/><D113/><REACH who="0" ten="220,290,240,240" step="2"/><U9/><E27/><V82/><F67/><W30/><G30/><T101/><D101/><U35/><E35/><V48/><F100/><W69/><G69/><T98/><D98/><U105/><E105/><V117/><F117/><W104/><G104/><T57/><D57/><U18/><E25/><N who="2" m="18447" /><F102/><W123/><G123/><T56/><D56/><U41/><E41/><V50/><F59/><W14/><G14/><T94/><D94/><U109/><E13/><V125/><F93/><W24/><G24/><T49/><D49/><U132/><E132/><RYUUKYOKU ba="0,1" sc="220,15,290,-15,240,-15,240,15" hai0="4,5,7,12,16,38,39,55,58,63,85,86,87" hai3="2,3,10,15" /><INIT seed="2,1,1,3,5,35" ten="235,275,225,255" oya="2" hai0="103,87,108,47,91,13,94,88,42,133,115,1,116" hai1="12,105,70,15,90,92,93,23,51,57,21,85,120" hai2="0,20,58,60,73,104,83,135,99,81,45,117,114" hai3="131,96,31,34,80,27,39,89,40,132,59,111,134"/><V123/><F123/><W71/><G71/><T49/><D115/><U82/><E70/><V119/><F114/><W16/><G111/><T33/><D33/><U69/><E69/><V100/><F135/><W107/><G131/><T66/><D108/><U14/><E105/><V38/><F20/><N who="1" m="7753" /><E120/><V129/><F129/><W10/><G59/><T44/><D116/><U61/><E51/><V72/><F83/><W128/><G128/><T30/><D30/><U53/><AGARI ba="1,1" hai="12,14,15,53,57,61,82,85,90,92,93" m="7753" machi="53" ten="30,1100,0" yaku="8,1" doraHai="35" who="1" fromWho="1" sc="235,-4,275,24,225,-6,255,-4" /><INIT seed="3,0,0,5,4,41" ten="231,299,219,251" oya="3" hai0="94,13,50,98,85,67,42,29,131,134,47,19,14" hai1="106,64,62,40,35,93,18,26,122,5,89,101,76" hai2="24,15,60,7,86,17,65,10,45,51,92,129,112" hai3="16,115,88,82,59,20,61,97,63,21,102,66,116"/><W73/><G115/><T126/><D131/><U72/><E5/><V56/><F129/><W128/><G128/><T124/><D134/><U23/><E35/><V95/><F112/><W43/><G116/><T27/><D85/><U117/><E117/><V109/><F109/><W123/><G123/><T46/><D67/><U52/><E40/><V119/><F119/><W6/><G6/><T68/><D68/><U70/><E122/><V114/><F114/><W9/><G43/><T75/><D75/><U30/><E76/><V99/><F86/><N who="3" m="50263" /><G73/><T36/><D19/><U96/><E72/><V104/><F104/><W77/><G77/><T132/><D132/><U0/><E0/><V54/><F99/><W120/><G63/><T32/><D36/><U11/><E11/><V108/><F108/><W110/><G120/><T1/><D1/><U105/><E101/><V111/><F111/><W39/><G39/><T48/><D48/><U103/><E103/><V100/><F100/><W4/><G4/><T8/><D50/><U121/><E121/><V79/><F79/><W125/><G125/><N who="0" m="48235" /><D42/><U28/><E105/><V91/><F91/><W81/><G81/><T12/><D8/><U90/><E106/><V71/><F71/><W2/><G2/><T133/><D133/><U127/><E89/><AGARI ba="0,0" hai="12,13,14,27,29,32,46,47,89,94,98" m="48235" machi="89" ten="30,3900,0" yaku="18,1,52,2" doraHai="41" who="0" fromWho="1" sc="231,39,299,-39,219,0,251,0" /><INIT seed="4,0,0,4,1,26" ten="270,260,219,251" oya="0" hai0="118,95,76,67,102,60,89,22,106,116,71,7,72" hai1="109,62,35,16,97,31,99,13,48,70,113,55,47" hai2="19,45,24,37,112,64,65,57,83,104,66,131,58" hai3="103,93,4,34,73,49,81,41,40,111,107,69,88"/><T10/><D106/><U51/><E109/><V77/><F104/><W53/><G111/><T91/><D102/><U121/><E121/><V11/><F112/><W52/><G69/><T115/><D115/><U3/><E3/><V17/><F131/><W85/><G34/><T38/><D38/><U61/><E113/><V114/><F114/><W90/><G4/><T125/><D125/><U39/><E39/><V108/><F108/><W126/><G53/><T128/><D128/><U44/><E70/><V42/><F19/><W135/><G135/><T122/><D122/><U75/><E75/><V68/><F68/><W14/><G14/><T94/><D22/><U50/><E50/><V105/><F105/><W20/><G20/><T123/><D123/><U82/><E82/><V59/><F24/><W54/><G54/><T132/><D132/><U27/><E61/><V63/><F17/><W84/><G73/><T29/><D72/><U98/><E62/><V92/><F11/><W2/><G2/><T9/><D60/><U134/><E134/><V0/><F0/><W43/><G126/><T56/><D71/><U86/><E86/><N who="2" m="48495" /><F63/><W6/><G6/><T28/><D7/><U74/><E74/><V101/><F101/><W129/><G129/><T46/><D76/><U133/><E133/><V78/><F78/><W15/><G103/><T124/><D124/><U117/><E117/><V79/><F79/><W18/><G107/><T12/><D12/><U36/><E36/><V5/><F5/><W8/><G49/><N who="1" m="19018" /><E55/><V23/><F23/><N who="3" m="11743" /><G52/><T80/><D116/><U100/><E100/><RYUUKYOKU ba="0,0" sc="270,-30,260,10,219,10,251,10" hai1="13,16,27,31,35,44,47,97,98,99" hai2="37,42,45,57,58,59,64,65,66,92" hai3="8,40,41,43,81,84,85,88,90,93" /><INIT seed="5,1,0,1,3,128" ten="240,270,229,261" oya="1" hai0="19,58,68,80,123,67,20,103,6,127,25,124,116" hai1="0,22,118,15,79,64,26,57,109,4,51,11,72" hai2="101,133,85,30,1,87,129,77,93,130,71,5,59" hai3="31,66,38,122,36,62,42,70,24,3,49,47,74"/><U88/><E118/><V106/><F71/><W100/><G122/><T73/><D116/><U27/><E109/><V121/><F30/><W69/><G3/><T17/><D68/><U39/><E39/><V78/><F59/><W61/><G74/><T13/><D6/><U28/><E26/><V92/><F5/><W52/><G100/><T102/><D80/><U2/><E79/><N who="2" m="30219" /><F1/><W7/><G7/><T34/><D73/><U60/><E72/><V53/><F53/><W44/><G24/><T43/><D43/><U113/><E113/><V132/><F121/><W32/><G31/><T76/><D76/><U108/><E108/><V131/><F106/><W117/><G32/><T50/><D123/><U65/><E65/><V120/><F120/><W33/><G33/><T112/><D112/><U75/><E75/><V94/><F101/><W99/><G117/><T29/><D19/><U104/><E104/><V111/><F111/><W35/><G35/><T37/><D37/><U89/><E51/><V83/><F83/><W107/><G107/><T125/><D50/><U14/><E0/><V110/><F110/><W9/><G36/><T96/><D103/><U16/><E14/><V45/><F45/><W23/><G47/><T46/><D46/><U114/><E114/><V12/><F12/><W119/><G44/><T135/><D58/><U82/><E82/><V41/><F41/><W21/><G42/><T90/><D67/><U40/><E40/><V8/><F8/><AGARI ba="1,0" hai="2,4,8,11,15,16,22,27,28,57,60,64,88,89" machi="8" ten="30,5800,0" yaku="7,1,54,2" doraHai="128" who="1" fromWho="2" sc="240,0,270,61,229,-61,261,0" /><INIT seed="5,2,0,5,3,39" ten="240,331,168,261" oya="1" hai0="65,81,90,44,119,122,116,105,36,130,124,6,135" hai1="94,98,118,75,48,83,26,20,55,63,27,128,2" hai2="132,4,29,42,72,123,106,134,22,18,69,23,59" hai3="11,102,84,21,74,30,85,1,101,112,25,88,35"/><U32/><E2/><V76/><F123/><W10/><G74/><T109/><D6/><U131/><E118/><V80/><F69/><W111/><G112/><T60/><D90/><U53/><E63/><V93/><F106/><W126/><G111/><T7/><D81/><U58/><E53/><V115/><F4/><W24/><G126/><T51/><D7/><U66/><E66/><V91/><F115/><W43/><G85/><T8/><D8/><U107/><E107/><V68/><F68/><W0/><G11/><T89/><D89/><U49/><E49/><V87/><F59/><W67/><G67/><T41/><D105/><U19/><E32/><V82/><F93/><W13/><G101/><T127/><D109/><U34/><E34/><V110/><F110/><W97/><G97/><T113/><D113/><U71/><E71/><V45/><F29/><W50/><G102/><T73/><D73/><U70/><E70/><V17/><F23/><W117/><G117/><N who="0" m="45131" /><D122/><U37/><E27/><V78/><F91/><W92/><G13/><T96/><D96/><U54/><E83/><V16/><REACH who="2" step="1"/><F22/><REACH who="2" ten="240,331,158,261" step="2"/><W5/><G5/><T103/><D127/><U62/><E20/><V12/><F12/><W108/><G108/><T125/><D124/><U3/><E94/><V31/><F31/><N who="3" m="19943" /><G10/><T57/><D125/><U100/><E100/><V47/><F47/><N who="3" m="25983" /><G0/><T14/><D14/><U77/><E3/><V133/><F133/><W104/><G1/><T121/><D103/><U9/><E9/><V40/><F40/><W46/><G104/><T33/><D121/><U28/><E28/><RYUUKYOKU ba="2,1" sc="240,-15,331,-15,158,15,261,15" hai2="16,17,18,42,45,72,76,78,80,82,87,132,134" hai3="21,25,30,46,84,88,92" /><INIT seed="6,3,1,3,0,58" ten="225,316,173,276" oya="2" hai0="53,21,50,12,69,81,85,75,5,102,79,109,7" hai1="90,41,117,77,46,121,96,2,99,38,83,103,18" hai2="100,35,37,57,64,73,17,125,34,9,54,20,23" hai3="118,78,49,124,48,110,87,105,95,47,6,14,33"/><V80/><F37/><W28/><G105/><T86/><D109/><U10/><E117/><V92/><F125/><W67/><G110/><T11/><D69/><U55/><E55/><V52/><F35/><W13/><G48/><T88/><D102/><U8/><E90/><V61/><F34/><W91/><G118/><T89/><D21/><N who="2" m="8266" /><F73/><W113/><G113/><T25/><D25/><U31/><E31/><V82/><F82/><W108/><G78/><T133/><D133/><U93/><E121/><V135/><F135/><W32/><G124/><T15/><D75/><U128/><E128/><V36/><F36/><W26/><G32/><T119/><D119/><U45/><E2/><V66/><F80/><W59/><G6/><T63/><D86/><U60/><E83/><V44/><F66/><W94/><G108/><T107/><D107/><U16/><E38/><V120/><F44/><W132/><G132/><T3/><D3/><U19/><E45/><V43/><F43/><W104/><G104/><T4/><D4/><U27/><E46/><V51/><F120/><W134/><G134/><T39/><D39/><U129/><E41/><V112/><F112/><W126/><G126/><T29/><D29/><U130/><E129/><V114/><F114/><W74/><G74/><T123/><D123/><U70/><E130/><V98/><F51/><W68/><G68/><T0/><D50/><U30/><E70/><V40/><F40/><W127/><G127/><T56/><D0/><U97/><E77/><V106/><F106/><W71/><G71/><T65/><D65/><U42/><E42/><RYUUKYOKU ba="3,1" sc="225,15,316,-15,173,15,276,-15" hai0="5,7,11,12,15,53,56,63,79,81,85,88,89" hai2="9,17,52,54,57,61,64,92,98,100" /><INIT seed="6,4,1,2,2,47" ten="240,301,188,261" oya="2" hai0="2,52,45,87,81,49,54,10,116,74,90,11,102" hai1="69,61,112,85,25,75,60,24,110,100,35,94,82" hai2="19,8,133,62,22,28,108,13,38,83,51,113,104" hai3="114,40,29,39,135,126,88,72,68,92,5,93,64"/><V96/><F38/><W12/><G72/><T53/><D116/><U14/><E110/><V122/><F122/><W21/><G68/><T120/><D120/><U6/><E75/><V125/><F108/><W106/><G106/><T48/><D2/><U32/><E32/><V42/><F113/><W124/><G64/><T31/><D31/><U44/><E35/><V78/><F133/><W99/><G135/><T132/><D132/><U107/><E107/><V111/><F111/><W1/><G40/><T18/><D102/><U20/><E69/><V33/><F125/><W128/><G39/><T16/><D74/><U80/><E24/><N who="2" m="16407" /><F33/><W95/><G128/><T66/><D66/><U123/><E112/><V97/><F62/><W37/><G37/><T56/><D54/><U58/><E60/><V65/><F65/><W27/><G1/><T129/><D129/><U55/><E123/><V57/><F104/><W121/><G121/><T7/><D7/><U131/><E6/><V15/><F15/><W4/><G4/><T67/><D67/><U134/><E14/><V89/><F89/><W71/><G71/><T98/><D98/><N who="1" m="59479" /><E134/><V46/><F57/><W79/><G114/><T119/><D119/><U109/><E109/><V26/><F26/><W59/><G59/><T30/><D30/><N who="1" m="17703" /><E131/><V103/><F103/><W115/><G115/><T105/><D105/><U3/><E3/><V91/><F91/><W23/><G5/><T50/><D50/><N who="1" m="29127" /><E85/><AGARI ba="4,1" hai="8,13,19,42,46,51,78,83,85,96,97" m="16407" machi="85" ten="30,2900,0" yaku="8,1,52,1" doraHai="47" who="2" fromWho="1" sc="240,0,301,-41,188,51,261,0" /><INIT seed="6,5,0,3,0,109" ten="240,260,239,261" oya="2" hai0="41,67,35,11,73,130,24,33,21,68,118,96,85" hai1="46,82,112,34,7,115,58,57,126,22,117,70,3" hai2="88,56,101,128,49,74,20,39,26,60,94,42,18" hai3="81,84,0,63,122,95,98,110,29,111,27,38,133"/><V48/><F74/><W30/><G122/><T114/><D73/><U134/><E117/><V104/><F128/><W125/><G30/><T102/><D130/><U121/><E34/><V135/><F135/><W124/><G0/><T12/><D41/><U103/><E70/><V105/><F39/><W5/><G5/><T6/><D118/><U113/><E134/><V8/><F105/><W14/><G14/><T87/><D114/><U50/><E126/><N who="3" m="48746" /><G63/><T116/><D116/><U91/><E103/><V80/><F104/><W31/><G31/><T100/><D100/><U54/><E22/><V123/><F123/><W97/><G38/><T129/><D129/><U127/><E127/><V69/><F69/><W4/><G4/><T17/><D67/><U25/><E25/><V77/><F8/><W32/><G133/><T119/><D68/><U53/><E53/><V131/><F131/><W132/><G132/><T28/><D35/><U9/><E121/><V64/><F101/><N who="3" m="60607" /><G98/><T16/><D17/><U10/><E9/><V89/><F42/><W92/><G92/><T40/><D40/><U65/><E65/><V79/><F48/><W59/><G59/><T106/><D119/><U61/><E61/><V93/><F49/><W36/><G36/><T19/><D19/><U71/><E71/><V83/><F94/><W2/><G2/><AGARI ba="5,0" hai="2,6,11,12,16,21,24,28,33,85,87,96,102,106" machi="2" ten="30,7700,0" yaku="7,1,24,2,54,1" doraHai="109" who="0" fromWho="3" sc="240,92,260,0,239,0,261,-92" /><INIT seed="7,0,0,1,2,13" ten="332,260,239,169" oya="3" hai0="58,128,135,60,114,118,74,89,11,96,63,129,68" hai1="22,65,52,79,3,17,44,7,105,31,131,54,18" hai2="113,91,81,119,125,127,90,25,101,75,115,112,32" hai3="120,95,29,102,45,97,77,59,21,9,134,133,47"/><W41/><G120/><T130/><D74/><U61/><E105/><V117/><F101/><W38/><G77/><T71/><D118/><N who="2" m="45066" /><F32/><W116/><G116/><T14/><D135/><U88/><E131/><V12/><F25/><W107/><G107/><T82/><D114/><U132/><E132/><V126/><F12/><W122/><G122/><T80/><D63/><U40/><E7/><V76/><AGARI ba="0,0" hai="75,76,81,90,91,112,113,115,125,126,127" m="45066" machi="76" ten="50,8000,1" yaku="15,1,18,1,34,2" doraHai="13" who="2" fromWho="2" sc="332,-20,260,-20,239,80,169,-40" owari="312,11.0,240,-16.0,319,42.0,129,-37.0" /></mjloggm>