<mjloggm ver="2.3"><GO type="169" lobby="0"/><UN n0="%EF%BC%93%E7%95%AA%E3%82%B7%E3%83%A7%E3%83%BC%E3%83%88%E5%9D%82%E7%94%B0" n1="%54%61%6B%33%45%34%73%79" n2="%E7%B4%AB%E3%81%AE%E9%8F%A1" n3="%E3%81%AE%E3%81%B3%E3%81%97%E3%82%8D%E2%99%82" dan="16,17,18,16" rate="2132.86,2209.01,2254.26,2112.85" sx="M,M,M,M"/><TAIKYOKU oya="0"/><INIT seed="0,0,0,5,1,114" ten="250,250,250,250" oya="0" hai0="107,119,99,85,83,52,77,54,121,49,45,71,82" hai1="127,81,44,123,12,93,40,109,91,86,122,131,35" hai2="120,16,5,129,22,104,29,79,63,42,4,17,67" hai3="53,113,118,62,88,14,32,23,128,15,11,18,28"/><T57/><D121/><U39/><E35/><V72/><F104/><W134/><G134/><T27/><D71/><U0/><E0/><V58/><F120/><W68/><G128/><T31/><D119/><U50/><E131/><V19/><F129/><W34/><G113/><T112/><D112/><U3/><E3/><V78/><F42/><W38/><G38/><T92/><D107/><U95/><E109/><V46/><F46/><W98/><G118/><T48/><D83/><U97/><E95/><V76/><REACH who="2" step="1"/><F72/><REACH who="2" ten="250,250,240,250" step="2"/><W25/><G34/><T7/><D7/><U59/><E123/><V61/><F61/><W41/><G32/><T36/><D36/><U102/><E122/><V60/><F60/><W69/><G62/><T20/><D99/><U66/><E39/><V133/><F133/><W105/><G98/><T80/><REACH who="0" step="1"/><D77/><REACH who="0" ten="240,250,240,250" step="2"/><U1/><E97/><V2/><F2/><W111/><G105/><T108/><D108/><U55/><E1/><V103/><F103/><W74/><G111/><T125/><D125/><U64/><E127/><V21/><F21/><W135/><G23/><T24/><D24/><AGARI ba="0,2" hai="4,5,16,17,19,22,24,29,58,63,67,76,78,79" machi="24" ten="40,5200,0" yaku="1,1,8,1,54,1,53,0" doraHai="114" doraHaiUra="10" who="2" fromWho="0" sc="240,-52,250,0,240,72,250,0" /><INIT seed="1,0,0,1,5,33" ten="188,250,312,250" oya="1" hai0="128,109,7,82,40,114,107,51,101,112,69,133,59" hai1="4,21,124,19,2,79,65,122,87,37,32,54,36" hai2="57,96,116,75,1,85,71,46,104,56,119,92,6" hai3="131,78,111,5,102,88,34,49,89,20,11,27,97"/><U99/><E32/><V121/><F121/><W64/><G111/><T90/><D69/><U72/><E72/><V67/><F75/><W18/><G131/><T106/><D7/><U44/><E122/><V120/><F120/><W43/><G34/><T61/><D109/><U74/><E74/><V38/><F71/><W91/><G64/><T3/><D128/><U24/><E65/><V42/><F104/><W113/><G113/><T55/><D133/><U81/><E124/><V86/><F86/><W132/><G132/><T83/><D3/><U80/><E80/><V100/><F85/><W62/><G78/><T16/><D90/><U31/><E31/><V17/><F17/><W45/><G62/><T130/><D130/><U103/><E54/><V53/><F67/><W76/><G76/><T94/><D107/><U63/><E44/><V15/><F15/><W117/><G117/><T115/><D106/><U39/><E63/><V127/><F127/><W13/><REACH who="3" step="1"/><G102/><REACH who="3" ten="188,250,312,240" step="2"/><T108/><D108/><U134/><E134/><V41/><F100/><W93/><AGARI ba="0,1" hai="5,11,13,18,20,27,43,45,49,88,89,91,93,97" machi="93" ten="30,12000,2" yaku="1,1,2,1,0,1,8,1,54,1,53,1" doraHai="33" doraHaiUra="22" who="3" fromWho="3" sc="188,-30,250,-60,312,-30,240,130" /><INIT seed="2,0,0,4,2,106" ten="158,190,282,370" oya="2" hai0="4,109,114,101,5,19,3,7,117,21,34,9,128" hai1="131,49,39,74,16,26,134,44,84,120,98,99,103" hai2="56,91,60,22,8,35,45,15,135,111,75,115,79" hai3="63,70,133,87,83,129,12,40,123,81,119,67,2"/><V10/><F35/><W48/><G133/><T23/><D101/><U30/><E39/><V6/><F115/><W126/><G129/><T102/><D102/><U105/><E131/><V110/><F135/><W113/><G126/><T69/><D69/><U132/><E120/><V64/><F91/><W47/><G119/><T50/><D50/><U89/><E99/><V66/><F22/><W112/><G2/><T125/><D128/><U57/><E57/><V24/><F24/><W36/><G123/><T122/><D122/><U116/><E116/><V121/><F121/><W54/><G12/><T37/><D37/><U118/><E118/><V38/><F10/><W76/><REACH who="3" step="1"/><G83/><REACH who="3" ten="158,190,282,360" step="2"/><T41/><D125/><U62/><E132/><V11/><F15/><W51/><G51/><T86/><D117/><U1/><E1/><V92/><F38/><W20/><G20/><T42/><D21/><U25/><E134/><V68/><F111/><W31/><G31/><T80/><D23/><U96/><E30/><V95/><F110/><W130/><G130/><T90/><D109/><U29/><E49/><V100/><F11/><W52/><G52/><T58/><D3/><U85/><E29/><V71/><F8/><W124/><G124/><T61/><D114/><U14/><E14/><V18/><F18/><W43/><G43/><N who="0" m="16395" /><D34/><U46/><E26/><V32/><F32/><W28/><G28/><T73/><D19/><U27/><E27/><V97/><F6/><W108/><G108/><T53/><D9/><U94/><E25/><V0/><F0/><W88/><G88/><T55/><D55/><RYUUKYOKU ba="0,1" sc="158,15,190,-15,282,-15,360,15" hai0="4,5,7,53,58,61,73,80,86,90" hai3="36,40,47,48,54,63,67,70,76,81,87,112,113" /><INIT seed="3,1,1,2,2,5" ten="173,175,267,375" oya="3" hai0="97,23,64,106,115,17,63,99,109,94,78,89,12" hai1="69,72,123,55,111,84,85,80,95,81,116,75,120" hai2="29,70,130,37,126,82,73,107,44,15,131,40,90" hai3="87,35,74,53,103,24,8,124,2,43,20,33,26"/><W21/><G124/><T4/><D109/><U28/><E69/><V45/><F107/><W50/><G74/><T36/><D115/><U59/><E55/><V96/><F70/><W76/><G43/><T122/><D122/><U133/><E59/><V77/><F126/><W108/><G108/><T10/><D36/><U39/><E39/><V49/><F29/><W66/><G66/><T100/><D78/><U7/><E7/><V27/><F27/><W60/><G60/><T117/><D117/><U51/><E51/><V104/><F15/><W6/><G103/><T1/><D63/><U61/><E61/><V65/><F65/><W105/><G105/><T25/><REACH who="0" step="1"/><D64/><REACH who="0" ten="163,175,267,375" step="2"/><U71/><E116/><V14/><F77/><W86/><G76/><T110/><D110/><U135/><E111/><V91/><F37/><W98/><G50/><T54/><D54/><U42/><E123/><V119/><F49/><W13/><G53/><T18/><D18/><U30/><E120/><V102/><F119/><W67/><G67/><T22/><D22/><U79/><E71/><V58/><F40/><W46/><G21/><T19/><D19/><U16/><E79/><V32/><F131/><W68/><G68/><T31/><D31/><U113/><E16/><V125/><F130/><W129/><G129/><T83/><D83/><U34/><E113/><V118/><F82/><W38/><G38/><T114/><D114/><U134/><E42/><V3/><F118/><W92/><G20/><T121/><D121/><U48/><E48/><V57/><F125/><W112/><G112/><T11/><D11/><RYUUKYOKU ba="1,2" sc="163,30,175,-10,267,-10,375,-10" hai0="1,4,10,12,17,23,25,89,94,97,99,100,106" /><INIT seed="4,2,2,1,1,82" ten="193,165,257,365" oya="0" hai0="87,16,52,33,57,51,115,66,63,35,64,108,123" hai1="118,131,133,114,47,15,97,2,60,42,69,55,25" hai2="109,44,103,62,94,8,26,3,14,101,135,34,85" hai3="117,128,7,67,38,83,129,21,9,53,96,43,46"/><T89/><D123/><U98/><E2/><V116/><F109/><W125/><G117/><T112/><D108/><U50/><E118/><V130/><F3/><W126/><G67/><T5/><D5/><U93/><E131/><N who="3" m="50250" /><G21/><T73/><D73/><U95/><E133/><V77/><F116/><W86/><G96/><T41/><D41/><U28/><E15/><V110/><F110/><W18/><G18/><T11/><D64/><U70/><E114/><N who="0" m="43561" /><D11/><U72/><E72/><V48/><F130/><W1/><G53/><T13/><D13/><U36/><E97/><V17/><F135/><W100/><G100/><T29/><D16/><U30/><E30/><V65/><F26/><W4/><G7/><T121/><D29/><U23/><E60/><V68/><F34/><W31/><G31/><T24/><D24/><U120/><E120/><V113/><F113/><W127/><G127/><T56/><D121/><U19/><E28/><V102/><F102/><W105/><G105/><T134/><D134/><U58/><E95/><AGARI ba="2,2" hai="33,35,51,52,56,57,63,66,87,89,95" m="43561" machi="95" ten="30,5800,0" yaku="15,1,52,1,54,1" doraHai="82" who="0" fromWho="1" sc="193,84,165,-64,257,0,365,0" /><INIT seed="4,3,0,4,0,42" ten="277,101,257,365" oya="0" hai0="103,66,134,73,90,109,57,96,80,77,117,120,0" hai1="36,10,11,14,24,128,107,53,127,85,86,105,19" hai2="46,32,97,115,13,35,125,31,88,37,87,131,114" hai3="133,54,23,81,112,17,93,7,38,60,126,20,82"/><T5/><D120/><U91/><E36/><V78/><F131/><W41/><G112/><N who="2" m="43049" /><F125/><W102/><G133/><T30/><D117/><U18/><E128/><V68/><F68/><W48/><G126/><T111/><D30/><U67/><E67/><V100/><F78/><W70/><G20/><T47/><D134/><U106/><E127/><V56/><F31/><W92/><G92/><T52/><D90/><U40/><E40/><N who="2" m="22799" /><F13/><W98/><G7/><T25/><D25/><U49/><E24/><V113/><N who="2" m="43057" /><V108/><DORA hai="135" /><F56/><W58/><G38/><T110/><D5/><U74/><E74/><V51/><F51/><W99/><G99/><T72/><D0/><U39/><E39/><V79/><F79/><W84/><G84/><N who="0" m="48143" /><D66/><U55/><E55/><V129/><F108/><W122/><G122/><T61/><D47/><U6/><E86/><V104/><F129/><W75/><G75/><T83/><D83/><AGARI ba="3,0" hai="32,35,83,87,88,97,100,104" m="22799,43057" machi="83" ten="40,5200,0" yaku="15,1,52,1,54,1" doraHai="42,135" who="2" fromWho="0" sc="277,-61,101,0,257,61,365,0" /><INIT seed="5,0,0,0,2,113" ten="216,101,318,365" oya="1" hai0="26,116,31,90,8,114,54,81,9,44,29,2,49" hai1="133,107,117,84,60,6,63,121,78,82,36,67,125" hai2="112,127,85,47,110,52,16,65,77,59,129,119,97" hai3="72,11,95,39,43,99,61,92,1,128,106,89,34"/><U55/><E121/><V13/><F110/><W12/><G128/><T102/><D114/><U7/><E36/><V103/><F112/><W75/><G34/><T120/><D116/><U86/><E107/><V27/><F119/><W18/><G106/><T104/><D120/><U19/><E125/><V105/><F65/><W80/><G1/><T32/><D2/><U76/><E133/><V62/><F27/><W115/><G115/><T23/><D32/><U53/><E19/><V0/><F0/><W17/><G80/><T48/><D31/><U56/><E117/><V22/><F129/><W4/><G61/><T42/><D102/><U96/><E96/><V123/><F123/><W24/><G18/><T46/><REACH who="0" step="1"/><D104/><REACH who="0" ten="206,101,318,365" step="2"/><U135/><E135/><V87/><F127/><W108/><G108/><T38/><D38/><U40/><E40/><V28/><F28/><W126/><G43/><T20/><D20/><U25/><E25/><V130/><F130/><W88/><G39/><T21/><D21/><U57/><REACH who="1" step="1"/><E67/><REACH who="1" ten="206,91,318,365" step="2"/><V5/><F105/><W30/><G126/><T68/><D68/><U111/><E111/><V14/><F97/><W134/><G24/><T66/><D66/><U83/><AGARI ba="0,2" hai="6,7,53,55,56,57,60,63,76,78,82,83,84,86" machi="83" ten="30,18000,2" yaku="1,1,0,1,32,3,8,1,53,0" doraHai="113" doraHaiUra="33" who="1" fromWho="1" sc="206,-60,91,200,318,-60,365,-60" /><INIT seed="5,1,0,1,0,45" ten="146,291,258,305" oya="1" hai0="61,24,95,35,123,81,53,39,37,51,69,7,5" hai1="10,27,105,36,90,103,109,84,4,126,66,83,106" hai2="55,17,58,34,74,21,112,29,40,104,111,122,33" hai3="86,92,13,60,49,67,110,42,99,116,77,12,107"/><U68/><E36/><V43/><F111/><W102/><G110/><T117/><D117/><U14/><E126/><V132/><F122/><W11/><G116/><T108/><D108/><U133/><E133/><V2/><F74/><W8/><G107/><T89/><D123/><U76/><E109/><V75/><F75/><W120/><G120/><T44/><D81/><U125/><E125/><V80/><F2/><W22/><G22/><T128/><D128/><U114/><E103/><V97/><F132/><W94/><G12/><T46/><D35/><U82/><E66/><V41/><F29/><W57/><G13/><T6/><D24/><U85/><E68/><V3/><F3/><W79/><G79/><T50/><D61/><U32/><REACH who="1" step="1"/><E114/><REACH who="1" ten="146,281,258,305" step="2"/><V70/><F70/><W30/><G102/><T25/><D69/><U9/><E9/><V1/><F112/><W87/><G8/><T129/><D129/><U93/><E93/><V118/><F104/><W52/><G11/><T23/><D95/><U28/><AGARI ba="1,1" hai="4,10,14,27,28,32,76,82,83,84,85,90,105,106" machi="28" ten="30,3000,0" yaku="1,1,0,1,53,0" doraHai="45" doraHaiUra="63" who="1" fromWho="1" sc="146,-11,281,43,258,-11,305,-11" /><INIT seed="5,2,0,4,5,91" ten="135,324,247,294" oya="1" hai0="71,42,130,93,0,88,76,108,30,98,74,21,11" hai1="9,99,52,48,113,23,120,96,69,43,3,34,28" hai2="127,1,18,14,38,57,39,63,58,117,8,85,102" hai3="101,6,81,55,135,45,79,19,36,68,124,116,133"/><U97/><E113/><V89/><F117/><W100/><G68/><T106/><D108/><U115/><E120/><V32/><F127/><W92/><G6/><T94/><D71/><U111/><E111/><V10/><F32/><W25/><G124/><T44/><D130/><U13/><E69/><V119/><F119/><W105/><G105/><T126/><D126/><U27/><E43/><V70/><F70/><W78/><G78/><T61/><D61/><U77/><E77/><V59/><F63/><W56/><G116/><T67/><D67/><U87/><E87/><V50/><F102/><W125/><G125/><T110/><D110/><U131/><E115/><V134/><F134/><W15/><G25/><T122/><D122/><U72/><E72/><V123/><F50/><W121/><G121/><T17/><D106/><U49/><E131/><V103/><F103/><W33/><G33/><T35/><D35/><U64/><E64/><V107/><F107/><W114/><G114/><T73/><D76/><U20/><E3/><V46/><F46/><W132/><G92/><N who="0" m="56583" /><D74/><U5/><REACH who="1" step="1"/><E48/><REACH who="1" ten="135,314,247,294" step="2"/><V26/><F123/><W4/><G79/><T118/><D73/><U2/><E2/><V95/><F39/><W60/><G36/><T90/><D0/><U47/><AGARI ba="2,1" hai="5,9,13,20,23,27,28,34,47,49,52,96,97,99" machi="47" ten="30,11700,0" yaku="1,1,0,1,54,1,53,1" doraHai="91" doraHaiUra="41" who="1" fromWho="1" sc="135,-41,314,133,247,-41,294,-41" /><INIT seed="5,3,0,2,0,110" ten="94,447,206,253" oya="1" hai0="122,44,36,88,80,12,35,105,114,104,43,75,31" hai1="19,74,2,133,111,17,23,0,78,108,21,41,103" hai2="28,98,100,33,118,115,13,84,86,55,69,8,135" hai3="128,22,30,3,71,59,119,134,125,32,109,120,25"/><U18/><E103/><V101/><F118/><W72/><G22/><N who="1" m="8202" /><E78/><V53/><F69/><W14/><G25/><T29/><D122/><U54/><E54/><V97/><F33/><W68/><G14/><T56/><D12/><U42/><E74/><V26/><F26/><W20/><G30/><T58/><D35/><U1/><E133/><V94/><F28/><W90/><G20/><T34/><D31/><U93/><E93/><N who="2" m="58415" /><F135/><W127/><G90/><T45/><D29/><U11/><E11/><V9/><F9/><W124/><G59/><T123/><D34/><U51/><E51/><V70/><F70/><W79/><G79/><T47/><D123/><U95/><E95/><V82/><F86/><W40/><G40/><AGARI ba="3,0" hai="0,1,2,17,18,19,40,41,42,108,111" m="8202" machi="40" ten="40,3900,0" yaku="28,2" doraHai="110" who="1" fromWho="3" sc="94,0,447,48,206,0,253,-48" /><INIT seed="5,4,0,3,2,65" ten="94,495,206,205" oya="1" hai0="126,57,23,102,129,31,73,49,54,16,67,28,39" hai1="44,95,76,63,11,97,132,91,13,5,29,10,1" hai2="103,99,123,90,55,45,125,101,77,105,135,89,9" hai3="12,69,38,40,80,52,50,84,59,93,110,25,0"/><U100/><E132/><V30/><F123/><W133/><G133/><T74/><D129/><U24/><E76/><V83/><F135/><W107/><G110/><T4/><D126/><U127/><E127/><V32/><F125/><W19/><G107/><T42/><D4/><U130/><E130/><V120/><F120/><W43/><G69/><T118/><D118/><U14/><E44/><V3/><F101/><W27/><G0/><T58/><D102/><U64/><E91/><V66/><F66/><W87/><G38/><T111/><D111/><U113/><E113/><V72/><F30/><W17/><G17/><T20/><D42/><U96/><E96/><V115/><F32/><W2/><G2/><T121/><D39/><U48/><E48/><V60/><F115/><W21/><G93/><T41/><D41/><N who="3" m="15945" /><G87/><T53/><D67/><U124/><E11/><V35/><F35/><W75/><G75/><T15/><D121/><U92/><E92/><V86/><F72/><W61/><G50/><T82/><D82/><U88/><E100/><V112/><F112/><W51/><G51/><T128/><D128/><U108/><E108/><V18/><F45/><W62/><G61/><N who="0" m="36015" /><D73/><U94/><E94/><V46/><F46/><W34/><G34/><T98/><D98/><U56/><E124/><V85/><F85/><W37/><G37/><T78/><D74/><U109/><E109/><V81/><F81/><W131/><G131/><T114/><D114/><U70/><E56/><N who="2" m="34847" /><F3/><W117/><G117/><T68/><D68/><U22/><AGARI ba="4,0" hai="1,5,10,13,14,22,24,29,63,64,70,88,95,97" machi="22" ten="20,7800,0" yaku="0,1,7,1,52,1,54,1" doraHai="65" who="1" fromWho="1" sc="94,-30,495,90,206,-30,205,-30" /><INIT seed="5,5,0,2,0,86" ten="64,585,176,175" oya="1" hai0="128,88,54,81,56,74,79,55,93,25,114,62,39" hai1="7,65,52,18,106,108,5,4,117,33,103,92,23" hai2="120,63,66,69,61,34,26,100,77,58,126,85,13" hai3="49,91,118,71,131,115,57,98,40,21,83,10,45"/><U29/><E117/><V15/><F120/><W133/><G115/><T64/><D114/><U94/><E65/><V101/><F34/><W97/><G133/><T129/><D39/><U42/><E42/><V30/><F126/><W73/><G131/><N who="0" m="50251" /><D25/><U22/><E33/><V24/><F69/><W28/><G118/><T11/><D11/><U46/><E108/><V0/><F0/><W121/><G71/><T111/><D111/><U87/><E106/><V113/><F113/><W82/><G121/><T104/><D104/><U89/><E29/><V59/><F85/><AGARI ba="5,0" hai="54,55,56,62,64,74,79,81,85,88,93" m="50251" machi="85" ten="30,3900,0" yaku="19,1,52,1,54,1" doraHai="86" who="0" fromWho="2" sc="64,54,585,0,176,-54,175,0" /><INIT seed="6,0,0,3,5,17" ten="118,585,122,175" oya="2" hai0="127,106,119,118,11,113,122,22,77,117,78,80,90" hai1="93,7,73,37,38,43,110,104,96,19,88,8,54" hai2="70,15,67,123,14,42,100,65,50,92,107,126,13" hai3="31,48,64,28,44,103,29,86,82,130,84,20,111"/><V18/><F123/><W41/><G111/><T30/><D122/><U12/><E110/><V120/><F120/><W74/><G130/><T83/><D106/><U5/><E104/><V108/><F107/><W55/><G74/><T75/><D113/><U57/><E73/><V87/><F108/><W2/><G2/><T47/><D127/><U39/><REACH who="1" step="1"/><E43/><REACH who="1" ten="118,575,122,175" step="2"/><V109/><F42/><W49/><G41/><T68/><D75/><U32/><E32/><V71/><F109/><W133/><G133/><T112/><D119/><U24/><E24/><V26/><F26/><W27/><G27/><T61/><D118/><U56/><E56/><V0/><F126/><W124/><G124/><T66/><D117/><U76/><E76/><V21/><F71/><W34/><G34/><T4/><D78/><U105/><E105/><V25/><F70/><W128/><G44/><T69/><D77/><U40/><E40/><V79/><F79/><W58/><G58/><T125/><D125/><U16/><E16/><V85/><F18/><W23/><G128/><T53/><D69/><U62/><AGARI ba="0,1" hai="5,7,8,12,19,37,38,39,54,57,62,88,93,96" machi="62" ten="30,4000,0" yaku="1,1,0,1,54,1,53,0" doraHai="17" doraHaiUra="45" who="1" fromWho="1" sc="118,-10,575,50,122,-20,175,-10" /><INIT seed="7,0,0,1,5,60" ten="108,625,102,165" oya="3" hai0="57,118,120,131,75,66,4,39,67,6,122,126,132" hai1="42,72,107,10,129,23,109,125,31,71,79,45,34" hai2="130,127,103,78,12,49,13,33,18,73,24,21,20" hai3="133,64,47,68,27,63,43,26,102,25,135,95,101"/><W50/><REACH who="3" step="1"/><G95/><REACH who="3" ten="108,625,102,155" step="2"/><T104/><D122/><U29/><E107/><V37/><F130/><W82/><G82/><T11/><D120/><U62/><E129/><V110/><F127/><W96/><G96/><T17/><D104/><U65/><E125/><V87/><F110/><W8/><G8/><T30/><D11/><U2/><E10/><V35/><F35/><W74/><G74/><T115/><D126/><U92/><E92/><V58/><F33/><W91/><G91/><T0/><D131/><U70/><E72/><V105/><F73/><W116/><G116/><T59/><D75/><U44/><E109/><V16/><F105/><W55/><G55/><T85/><D118/><U41/><E34/><V114/><F20/><W76/><G76/><T36/><D115/><U38/><E79/><V86/><F21/><W3/><G3/><T123/><D0/><U128/><E128/><V117/><F78/><W54/><G54/><T89/><D89/><U97/><E2/><V52/><F114/><W84/><G84/><T77/><D85/><U19/><E97/><V46/><F117/><W80/><G80/><T113/><D77/><U90/><E90/><V14/><F87/><W81/><G81/><T119/><D113/><U48/><E23/><N who="2" m="13431" /><F86/><W51/><G51/><T7/><D119/><U93/><E48/><N who="2" m="30983" /><F37/><W53/><G53/><T121/><D39/><U28/><E93/><V40/><F103/><AGARI ba="0,1" hai="25,26,27,43,47,50,63,64,68,101,102,103,133,135" machi="103" ten="40,7700,0" yaku="21,2,52,1,53,0" doraHai="60" doraHaiUra="112" who="3" fromWho="2" sc="108,0,625,0,102,-77,155,87" /><INIT seed="7,1,0,4,5,95" ten="108,625,25,242" oya="3" hai0="12,32,76,114,94,69,79,54,84,14,31,25,42" hai1="118,88,15,92,57,123,16,51,56,91,134,26,38" hai2="127,36,62,19,87,68,18,115,78,80,101,34,29" hai3="131,72,39,120,9,40,33,24,96,53,65,3,8"/><W67/><G131/><T66/><D42/><U74/><E74/><V41/><F115/><W63/><G120/><T73/><D73/><U21/><E38/><V132/><F127/><W116/><G72/><T20/><D32/><U1/><E1/><V58/><F132/><W0/><G116/><T7/><D114/><U52/><E134/><V47/><F68/><W105/><G53/><T113/><D69/><U119/><E123/><V46/><F34/><W83/><G83/><T71/><D71/><U55/><E26/><V103/><F29/><N who="3" m="19623" /><G9/><T61/><D54/><U77/><E77/><V4/><F4/><W23/><G23/><T99/><D7/><U5/><E5/><V102/><F47/><N who="3" m="23967" /><G8/><T117/><D117/><N who="1" m="44555" /><E92/><V126/><F126/><W104/><G67/><T70/><D113/><U81/><E81/><V28/><F28/><W100/><G105/><T75/><D75/><U10/><E10/><V124/><F124/><W106/><G104/><T49/><D66/><U64/><E64/><V43/><F43/><W135/><G135/><T110/><D49/><AGARI ba="1,0" hai="15,16,21,49,51,52,55,56,57,88,91" m="44555" machi="49" ten="30,7700,0" yaku="12,1,54,3" doraHai="95" who="1" fromWho="0" sc="108,-80,625,80,25,0,242,0" owari="28,-37.0,705,80.0,25,-47.0,242,4.0" /></mjloggm>