<mjloggm ver="2.3"><GO type="169" lobby="0"/><UN n0="%E7%A5%9E%E5%91%AA%E9%AD%94%E5%A5%B3" n1="%E6%86%A7%E7%91%9A" n2="%6B%79%6F%6E%6B%6F%31%31" n3="%E3%82%B5%E3%83%95%E3%82%A9%E3%83%BC%E3%82%AF%E3%81%AE%E7%94%BA" dan="16,17,16,16" rate="2197.31,2172.13,2168.66,2154.30" sx="F,M,M,M"/><TAIKYOKU oya="0"/><INIT seed="0,0,0,5,1,55" ten="250,250,250,250" oya="0" hai0="111,48,65,54,7,4,10,3,40,61,92,129,42" hai1="16,121,90,87,15,82,104,67,125,56,44,17,59" hai2="12,8,89,30,78,76,51,101,81,85,86,5,19" hai3="43,122,33,130,112,93,70,25,29,32,39,91,124"/><T94/><D129/><U49/><E121/><V27/><F101/><W98/><G112/><T47/><D4/><U13/><E104/><V62/><F62/><W117/><G117/><T38/><D111/><U60/><E125/><V46/><F86/><W135/><G70/><T37/><D37/><U69/><E69/><V108/><F108/><W116/><G116/><T24/><D24/><U96/><E96/><V77/><F19/><N who="1" m="7241" /><E59/><V115/><F115/><W79/><G33/><T102/><D102/><U64/><E67/><V26/><REACH who="2" step="1"/><F30/><REACH who="2" ten="250,250,240,250" step="2"/><W119/><G29/><T123/><D123/><U97/><E97/><V74/><F74/><W57/><G98/><T100/><D100/><U114/><E114/><V21/><F21/><W132/><G122/><T128/><D128/><U109/><E109/><V53/><AGARI ba="0,1" hai="5,8,12,26,27,46,51,53,76,77,78,81,85,89" machi="53" ten="30,4000,0" yaku="1,1,0,1,8,1,53,0" doraHai="55" doraHaiUra="88" who="2" fromWho="2" sc="250,-20,250,-10,240,50,250,-10" /><INIT seed="1,0,0,5,0,98" ten="230,240,290,240" oya="1" hai0="41,58,69,122,126,63,43,6,70,85,15,55,14" hai1="18,83,47,134,88,40,50,37,82,33,7,5,100" hai2="36,133,46,127,48,94,29,2,132,53,123,60,30" hai3="115,111,96,86,119,77,39,20,44,28,74,57,73"/><U120/><E120/><V12/><F2/><W34/><G34/><T109/><D109/><U62/><E134/><N who="2" m="51819" /><F123/><W65/><G115/><T61/><D126/><U17/><E33/><V42/><F127/><W59/><G39/><T38/><D122/><U92/><E37/><V118/><F118/><W93/><G44/><T84/><D38/><U113/><E113/><V105/><F105/><W66/><G111/><T80/><D6/><U112/><E112/><V23/><F60/><W103/><G119/><T13/><D63/><U21/><E62/><V68/><F68/><W32/><G32/><T124/><D124/><U24/><E18/><N who="2" m="10695" /><F94/><W99/><G66/><T95/><D70/><U106/><E106/><V3/><F3/><W9/><G65/><T19/><D69/><U131/><E131/><V114/><F114/><W45/><G9/><T27/><D95/><U129/><E129/><V89/><F89/><W49/><G73/><T104/><D104/><U97/><E83/><V64/><F64/><W107/><G74/><T81/><D81/><U16/><E17/><V75/><F75/><W26/><G77/><T128/><D128/><U71/><E71/><V79/><F79/><W102/><REACH who="3" step="1"/><G86/><AGARI ba="0,0" hai="5,7,16,21,24,40,47,50,82,86,88,92,97,100" machi="86" ten="40,12000,1" yaku="8,1,52,1,54,2" doraHai="98" who="1" fromWho="3" sc="230,0,240,120,290,0,240,-120" /><INIT seed="1,1,0,1,5,23" ten="230,360,290,120" oya="1" hai0="50,112,114,75,1,9,111,110,37,31,34,2,121" hai1="133,10,122,125,123,80,132,126,53,98,71,128,88" hai2="82,17,124,102,3,115,39,66,94,95,46,13,67" hai3="7,42,93,63,107,74,61,118,104,35,48,99,25"/><U81/><E71/><V91/><F3/><W12/><G74/><T70/><D70/><U21/><E10/><V40/><F124/><N who="1" m="47721" /><E53/><V54/><F115/><W68/><G118/><T51/><D37/><U134/><E21/><V6/><F6/><W44/><G107/><T85/><D75/><U103/><E128/><V60/><F82/><N who="1" m="31849" /><E88/><V89/><F54/><W129/><G129/><T16/><D85/><U18/><E18/><V55/><F55/><W27/><G104/><AGARI ba="1,0" hai="98,103,104,122,123,132,133,134" m="31849,47721" machi="104" ten="40,12000,1" yaku="20,1,18,1,34,2" doraHai="23" who="1" fromWho="3" sc="230,0,360,123,290,0,120,-123" owari="230,-17.0,483,58.0,290,9.0,-3,-50.0" /></mjloggm>