<mjloggm ver="2.3"><GO type="169" lobby="0"/><UN n0="%E3%83%80%E3%82%AF%E3%82%BF%E3%83%BC%E3%82%AF%E3%83%AA%E3%83%83%E3%83%97" n1="%6E%70%63%30%30%39" n2="%E3%81%84%E3%81%8A%E3%81%84%E3%81%8A" n3="%68%65%69%74%74%65%72" dan="17,16,16,16" rate="2208.33,2122.63,2077.91,2089.66" sx="M,M,M,M"/><TAIKYOKU oya="0"/><INIT seed="0,0,0,1,1,60" ten="250,250,250,250" oya="0" hai0="11,9,52,59,35,43,14,19,39,49,105,84,22" hai1="63,78,17,4,51,93,21,8,75,124,30,50,83" hai2="37,74,0,128,26,82,133,25,7,108,94,86,34" hai3="80,100,23,116,98,70,46,103,6,125,62,79,122"/><T96/><D35/><U89/><E124/><V68/><F128/><W18/><G116/><T13/><D39/><U29/><E29/><V118/><F133/><W87/><G125/><T90/><D105/><U15/><E30/><V31/><F25/><W32/><G32/><T76/><D43/><U95/><E63/><V42/><F118/><W38/><G122/><T54/><D96/><U69/><E69/><V28/><F28/><W24/><G6/><T97/><D97/><U119/><E119/><V67/><F94/><W134/><G134/><T10/><D54/><U45/><E89/><V92/><F92/><W77/><G77/><T41/><D41/><U113/><E113/><V48/><F48/><W56/><G70/><T88/><D14/><U58/><E58/><V65/><F86/><W27/><G27/><T129/><D129/><U127/><E51/><V120/><F68/><W126/><G126/><T91/><D76/><U20/><E20/><V115/><F108/><W61/><G61/><T1/><D1/><U3/><REACH who="1" step="1"/><E127/><REACH who="1" ten="250,240,250,250" step="2"/><V99/><F115/><W64/><G38/><T121/><REACH who="0" step="1"/><D121/><REACH who="0" ten="240,240,250,250" step="2"/><U53/><AGARI ba="0,2" hai="3,4,8,15,17,21,45,50,53,75,78,83,93,95" machi="53" ten="20,8000,1" yaku="1,1,2,1,0,1,7,1,53,1" doraHai="60" doraHaiUra="33" who="1" fromWho="1" sc="240,-40,240,100,250,-20,250,-20" /><INIT seed="1,0,0,2,3,123" ten="200,340,230,230" oya="1" hai0="69,81,59,43,39,98,18,34,88,22,13,29,19" hai1="103,37,15,104,133,28,4,114,112,25,16,102,93" hai2="49,110,106,128,14,111,44,99,71,72,56,62,52" hai3="66,80,41,64,51,67,76,94,118,119,24,30,87"/><U82/><E133/><V75/><F128/><W32/><REACH who="3" step="1"/><G94/><REACH who="3" ten="200,340,230,220" step="2"/><T129/><D129/><U91/><E114/><V122/><F122/><W57/><G57/><T31/><D59/><U125/><E112/><V78/><F71/><W63/><G63/><T70/><D69/><U116/><E116/><V38/><F38/><W130/><G130/><T1/><D70/><U0/><E104/><V89/><F106/><W73/><G73/><T100/><D39/><U121/><E121/><V47/><F47/><AGARI ba="0,1" hai="24,30,32,41,47,51,64,66,67,76,80,87,118,119" machi="47" ten="40,2600,0" yaku="21,2,53,0" doraHai="123" doraHaiUra="12" who="3" fromWho="2" sc="200,0,340,0,230,-26,220,36" /><INIT seed="2,0,0,5,1,113" ten="200,340,204,256" oya="2" hai0="38,64,94,23,47,67,55,87,37,9,17,19,98" hai1="18,91,11,86,13,126,28,68,124,112,53,72,39" hai2="123,26,128,115,100,1,83,70,24,6,130,129,25" hai3="134,62,20,65,44,15,89,35,93,84,66,60,116"/><V46/><F115/><W132/><G35/><T117/><D117/><U76/><E112/><V73/><F70/><W104/><G104/><T5/><D87/><U63/><E39/><V127/><F123/><W7/><G44/><T103/><D19/><U74/><E28/><V51/><F127/><N who="1" m="48681" /><E76/><V102/><F1/><W96/><G116/><T21/><D21/><U10/><E10/><V61/><F61/><W99/><G62/><T33/><D33/><U16/><E18/><V90/><F6/><W34/><G34/><T49/><D38/><U80/><E53/><V122/><F122/><W0/><G0/><T85/><D85/><U95/><E95/><V2/><F2/><W43/><G43/><T131/><D131/><U121/><E121/><V111/><F111/><W120/><G120/><T54/><D37/><U56/><E56/><V107/><F107/><W4/><G66/><AGARI ba="0,0" hai="11,13,16,63,66,68,72,74,80,86,91" m="48681" machi="66" ten="30,2000,0" yaku="18,1,54,1" doraHai="113" who="1" fromWho="3" sc="200,0,340,20,204,0,256,-20" /><INIT seed="3,0,0,1,4,23" ten="200,360,204,236" oya="3" hai0="19,123,122,21,7,75,40,18,15,46,38,20,41" hai1="92,127,11,22,35,89,82,96,119,63,52,118,30" hai2="45,2,5,94,37,36,57,17,61,76,50,3,112" hai3="58,32,105,1,77,103,121,29,102,100,106,120,34"/><W128/><G1/><T27/><D75/><U26/><E127/><V101/><F76/><W33/><G128/><T6/><REACH who="0" step="1"/><D40/><REACH who="0" ten="190,360,204,236" step="2"/><U44/><E119/><V98/><F112/><W115/><G115/><T87/><D87/><U60/><E118/><V107/><F98/><W133/><G121/><AGARI ba="0,1" hai="6,7,15,18,19,20,21,27,38,41,46,121,122,123" machi="121" ten="40,2600,0" yaku="1,1,52,1,53,0" doraHai="23" doraHaiUra="85" who="0" fromWho="3" sc="190,36,360,0,204,0,236,-26" /><INIT seed="4,0,0,5,1,28" ten="226,360,204,210" oya="0" hai0="33,14,72,108,6,73,105,118,88,31,20,2,60" hai1="54,74,76,99,30,94,80,37,46,114,75,40,21" hai2="7,126,29,100,87,35,32,81,61,16,97,82,128" hai3="134,130,95,10,122,53,49,62,71,83,110,93,91"/><T129/><D118/><U115/><E74/><V12/><F7/><W96/><G110/><T56/><D105/><U50/><E30/><V39/><F39/><W52/><G130/><T18/><D129/><U85/><E21/><V133/><F128/><W106/><G134/><T3/><D108/><U112/><E75/><V47/><F81/><W1/><G122/><T84/><D2/><U135/><E135/><V66/><F29/><W117/><G117/><T44/><D44/><U27/><E27/><V36/><F133/><W103/><G83/><N who="0" m="49183" /><D56/><U41/><REACH who="1" step="1"/><E37/><REACH who="1" ten="226,350,204,210" step="2"/><V107/><F36/><W120/><G120/><T121/><D121/><U113/><N who="1" m="28672" /><DORA hai="90" /><U89/><AGARI ba="0,1" hai="40,41,46,50,54,76,80,85,89,94,99" m="28672" machi="89" ten="60,12000,2" yaku="1,1,4,1,0,1,15,1,11,1,52,1,53,0" doraHai="28,90" doraHaiUra="13,19" who="1" fromWho="1" sc="226,-60,350,130,204,-30,210,-30" /><INIT seed="5,0,0,1,0,118" ten="166,480,174,180" oya="1" hai0="77,38,10,97,80,23,39,93,109,106,108,100,87" hai1="2,47,126,44,72,115,78,107,3,41,65,8,60" hai2="92,27,12,6,19,99,85,53,125,26,71,105,59" hai3="122,73,123,67,70,74,101,62,34,119,132,15,135"/><U88/><E107/><V124/><F71/><W1/><G1/><T116/><D23/><U120/><E126/><N who="2" m="48747" /><F105/><W121/><G34/><T0/><D116/><U9/><E115/><V102/><F6/><W14/><G101/><T90/><D10/><U13/><E78/><V18/><F85/><W127/><G127/><T66/><D66/><U68/><E72/><N who="3" m="27754" /><G119/><T114/><D0/><U43/><E13/><V46/><F46/><W63/><G63/><T33/><D33/><U64/><E60/><N who="2" m="35951" /><F19/><W51/><G51/><T128/><D38/><U20/><E68/><V22/><AGARI ba="0,0" hai="12,18,22,26,27,92,99,102" m="35951,48747" machi="22" ten="30,1100,0" yaku="18,1" doraHai="118" who="2" fromWho="2" sc="166,-3,480,-5,174,11,180,-3" /><INIT seed="6,0,0,4,5,62" ten="163,475,185,177" oya="2" hai0="33,54,34,83,21,85,77,105,27,70,67,4,112" hai1="0,43,10,50,36,23,45,52,46,2,66,69,102" hai2="40,39,1,8,53,29,87,15,113,25,19,63,125" hai3="80,76,16,81,13,103,98,28,97,57,100,79,20"/><V111/><F113/><W94/><G28/><T37/><D105/><U132/><E132/><V123/><F123/><W99/><G57/><T74/><D112/><U73/><E102/><V30/><F30/><W117/><G117/><T130/><D37/><U84/><E73/><V86/><F1/><W47/><G47/><T64/><D70/><U72/><E72/><V55/><F125/><W9/><G9/><T14/><D130/><U35/><E35/><V95/><F111/><W110/><G110/><T135/><D135/><U108/><E108/><V56/><F95/><W89/><G89/><T60/><D74/><U126/><E126/><V114/><F114/><W122/><G122/><T134/><D134/><U116/><E116/><V41/><F53/><W128/><G128/><T12/><D34/><U90/><E23/><N who="2" m="15551" /><F39/><W118/><G118/><T31/><D33/><U22/><E22/><V78/><F78/><N who="3" m="29739" /><G94/><T121/><D121/><U6/><E0/><V26/><F26/><W61/><G61/><T101/><D101/><AGARI ba="0,0" hai="13,16,20,80,81,97,98,99,100,101,103" m="29739" machi="101" ten="30,2000,0" yaku="8,1,54,1" doraHai="62" who="3" fromWho="0" sc="163,-20,475,0,185,0,177,20" /><INIT seed="7,0,0,0,3,87" ten="143,475,185,197" oya="3" hai0="80,104,116,56,21,98,117,4,79,42,129,135,57" hai1="110,76,38,112,81,27,126,16,18,85,23,103,25" hai2="96,14,10,111,88,91,123,118,6,49,30,54,62" hai3="46,32,28,119,53,0,108,95,8,124,5,43,11"/><W64/><G119/><T51/><D135/><U89/><E110/><V120/><F118/><W35/><G124/><T113/><D129/><U114/><E38/><V22/><F62/><W127/><G127/><T19/><D4/><U3/><E3/><V115/><F111/><W26/><G108/><T97/><D56/><U12/><E126/><V107/><F115/><N who="1" m="44073" /><E103/><N who="2" m="62951" /><F30/><W70/><G53/><T100/><D113/><U15/><E76/><V7/><F22/><AGARI ba="0,0" hai="12,15,16,18,22,23,25,27,81,85,89" m="44073" machi="22" ten="30,3900,0" yaku="15,1,52,1,54,1" doraHai="87" who="1" fromWho="2" sc="143,0,475,39,185,-39,197,0" owari="143,-36.0,514,61.0,146,-25.0,197,0.0" /></mjloggm>