<mjloggm ver="2.3"><GO type="169" lobby="0"/><UN n0="%E3%82%A2%E3%82%B9%E3%82%BF%E3%83%8A" n1="%4D%6B%72%74%72" n2="%41%72%64%62%65%47" n3="%E3%82%82%E3%81%93%E3%81%BF" dan="16,16,16,17" rate="2057.00,2140.31,2032.07,2231.20" sx="M,M,M,M"/><TAIKYOKU oya="0"/><INIT seed="0,0,0,4,5,58" ten="250,250,250,250" oya="0" hai0="34,127,7,36,21,125,24,70,47,128,130,120,40" hai1="115,30,51,121,97,89,131,49,133,43,20,79,129" hai2="61,112,5,50,94,27,54,95,122,86,16,18,124" hai3="10,15,74,76,85,11,12,63,68,2,71,59,41"/><T57/><D34/><U111/><E121/><V103/><F122/><W118/><G2/><T105/><D120/><U101/><E111/><V22/><F112/><W73/><G118/><T90/><D70/><U44/><E115/><V17/><F5/><W64/><G41/><T102/><D7/><U42/><E133/><V45/><F124/><N who="0" m="47690" /><D90/><U91/><E79/><V31/><F103/><W119/><G119/><T77/><D77/><U6/><E6/><V109/><F109/><W78/><G85/><T53/><D102/><U38/><E30/><V67/><REACH who="2" step="1"/><F86/><REACH who="2" ten="250,250,240,250" step="2"/><W9/><G73/><T19/><D105/><U104/><E104/><V72/><F72/><W107/><G74/><T98/><D98/><U69/><E97/><V60/><F60/><AGARI ba="0,1" hai="19,21,24,36,40,47,53,57,60,128,130" m="47690" machi="60" ten="30,2900,0" yaku="18,1,52,1" doraHai="58" who="0" fromWho="2" sc="250,39,250,0,240,-29,250,0" /><INIT seed="0,1,0,1,2,51" ten="289,250,211,250" oya="0" hai0="9,11,14,84,96,102,81,0,48,75,50,103,4" hai1="107,69,121,37,89,45,59,119,134,86,122,43,5" hai2="129,53,124,56,120,47,73,7,64,128,67,130,22" hai3="97,108,46,132,39,65,101,106,26,125,91,20,44"/><T94/><D75/><U100/><E119/><V1/><F73/><W111/><G125/><T104/><D104/><U36/><E69/><V78/><F78/><W18/><G132/><T131/><D103/><U126/><E134/><V95/><F120/><W109/><G39/><T135/><D131/><U68/><E68/><V71/><F71/><W85/><REACH who="3" step="1"/><G65/><REACH who="3" ten="289,250,211,240" step="2"/><T27/><D135/><U10/><E36/><V92/><F124/><W127/><G127/><T2/><D27/><U58/><E37/><V38/><F67/><W34/><G34/><T72/><D72/><U83/><E126/><V76/><F64/><W80/><AGARI ba="1,1" hai="18,20,26,44,46,80,85,91,97,101,106,108,109,111" machi="80" ten="30,4000,0" yaku="1,1,0,1,14,1,53,0" doraHai="51" doraHaiUra="29" who="3" fromWho="3" sc="289,-21,250,-11,211,-11,240,53" /><INIT seed="1,0,0,5,2,127" ten="268,239,200,293" oya="1" hai0="64,13,55,45,105,93,40,34,123,27,6,132,31" hai1="117,69,95,61,67,88,3,109,92,46,23,99,98" hai2="103,49,96,47,33,38,16,70,59,100,119,130,77" hai3="76,17,11,26,66,114,10,48,124,112,30,81,20"/><U7/><E117/><V2/><F70/><W58/><G124/><T9/><D105/><U65/><E109/><V50/><F119/><W102/><G102/><T19/><D132/><U56/><E46/><V5/><F33/><W0/><G11/><T39/><D123/><U28/><E7/><V36/><F77/><W121/><G121/><T68/><D55/><U18/><E3/><V15/><F59/><W129/><G66/><T94/><REACH who="0" step="1"/><D6/><REACH who="0" ten="258,239,200,293" step="2"/><U12/><E67/><V122/><F122/><W87/><G114/><T79/><D79/><U14/><E69/><V44/><F5/><W41/><G112/><T42/><D42/><U128/><E128/><V71/><F71/><W63/><G129/><T32/><D32/><U90/><E28/><V85/><F130/><W74/><G30/><T52/><D52/><U80/><E80/><V1/><F38/><W51/><G41/><T104/><D104/><U108/><E108/><V62/><F36/><W86/><G81/><T73/><D73/><U8/><E8/><V82/><F82/><W115/><G74/><T37/><D37/><U101/><E101/><V43/><F100/><W133/><G10/><T126/><D126/><U57/><E57/><V135/><F103/><W24/><G58/><T116/><D116/><U53/><E53/><V29/><F29/><W83/><G83/><T72/><D72/><U22/><E22/><V21/><F21/><W60/><G20/><T78/><D78/><U54/><E65/><V35/><F35/><W25/><G76/><T106/><D106/><U131/><E131/><V97/><F43/><RYUUKYOKU ba="0,1" sc="258,15,239,15,200,-15,293,-15" hai0="9,13,19,27,31,34,39,40,45,64,68,93,94" hai1="12,14,18,23,54,56,61,88,90,92,95,98,99" /><INIT seed="1,1,1,4,0,93" ten="273,254,185,278" oya="1" hai0="86,39,84,46,8,48,64,32,37,62,123,55,114" hai1="51,67,85,110,61,13,14,134,98,105,81,94,90" hai2="3,17,108,59,129,106,27,73,120,21,5,31,78" hai3="100,72,28,11,124,2,6,71,132,30,52,74,66"/><U75/><E134/><V54/><F120/><W101/><G132/><T128/><D114/><U18/><E110/><V126/><F108/><W127/><G71/><T65/><D32/><U7/><E7/><V76/><F73/><W43/><G43/><T24/><D123/><U15/><E105/><V20/><F106/><W117/><G66/><T131/><D24/><U109/><E75/><V9/><F129/><N who="0" m="49738" /><D8/><U102/><E109/><V49/><F126/><N who="3" m="48171" /><G74/><T130/><N who="0" m="49746" /><T119/><DORA hai="135" /><D119/><U4/><E4/><V53/><REACH who="2" step="1"/><F54/><REACH who="2" ten="273,254,175,278" step="2"/><W115/><G72/><T80/><D65/><U107/><E107/><V77/><F77/><W33/><G117/><T41/><D64/><U29/><E29/><N who="3" m="11370" /><G33/><T122/><D122/><U112/><E112/><V38/><F38/><W25/><G115/><T104/><D37/><U63/><E67/><V116/><F116/><W40/><G40/><T121/><D39/><U12/><REACH who="1" step="1"/><E51/><REACH who="1" ten="273,244,175,278" step="2"/><V34/><F34/><W88/><G6/><T125/><D125/><U36/><E36/><V95/><F95/><W89/><G2/><T97/><D121/><U44/><E44/><V50/><F50/><W35/><G35/><T58/><D48/><U99/><E99/><V1/><F1/><W133/><G133/><T82/><D97/><U23/><AGARI ba="1,3" hai="12,13,14,15,18,23,61,63,81,85,90,94,98,102" machi="23" ten="30,12000,1" yaku="1,1,0,1,8,1,52,1,53,1" doraHai="93,135" doraHaiUra="118,16" who="1" fromWho="1" sc="273,-41,244,153,175,-41,278,-41" /><INIT seed="1,2,0,4,3,25" ten="232,397,134,237" oya="1" hai0="19,117,63,64,52,56,87,43,91,59,111,71,126" hai1="66,14,15,123,114,93,102,92,86,134,1,51,72" hai2="79,17,84,47,23,113,90,24,122,107,27,74,37" hai3="69,101,46,36,83,7,61,10,110,130,53,121,48"/><U76/><E114/><V95/><F122/><W5/><G110/><T62/><D117/><U30/><E123/><V77/><F113/><W135/><G121/><T73/><D73/><U12/><E1/><V6/><F107/><W65/><G135/><T68/><D111/><U108/><E108/><V49/><F37/><W118/><G130/><T105/><D105/><U120/><E120/><V32/><F6/><W4/><G101/><T9/><D126/><U89/><E134/><V106/><F106/><W54/><G118/><T31/><D43/><U115/><E115/><V98/><F74/><W18/><G83/><T55/><D64/><U44/><E66/><V50/><F50/><W119/><G119/><T41/><D41/><U42/><E72/><V67/><F67/><W33/><G33/><T35/><D19/><U28/><E76/><V11/><F11/><W116/><G36/><T75/><D75/><U129/><E129/><V99/><F99/><AGARI ba="2,0" hai="12,14,15,28,30,42,44,51,86,89,92,93,99,102" machi="99" ten="40,7700,0" yaku="8,1,52,2" doraHai="25" who="1" fromWho="2" sc="232,0,397,83,134,-83,237,0" /><INIT seed="1,3,0,4,4,106" ten="232,480,51,237" oya="1" hai0="52,53,115,82,23,13,120,110,126,107,4,20,124" hai1="77,130,122,108,59,84,24,41,1,64,133,99,32" hai2="102,31,118,35,44,91,125,11,112,81,70,46,74" hai3="93,17,45,132,42,60,83,67,38,101,2,97,48"/><U5/><E122/><V6/><F118/><W55/><G132/><T119/><D107/><U62/><E133/><V127/><F70/><W3/><G17/><T96/><D119/><U88/><E130/><V50/><F102/><W36/><G36/><T57/><D115/><U103/><E77/><V78/><F112/><W27/><G83/><T80/><D120/><U58/><E108/><V15/><F91/><W49/><G27/><T105/><D110/><U56/><E41/><V16/><F31/><W43/><G43/><T33/><D33/><U29/><E1/><V128/><F35/><W89/><G101/><T116/><D116/><U22/><E5/><V90/><F90/><W109/><G49/><T94/><D105/><U61/><E61/><V73/><F46/><W95/><G95/><T28/><D53/><U85/><E32/><V39/><F39/><W54/><G54/><T0/><D0/><U111/><E111/><V51/><F51/><W7/><G7/><T12/><D12/><U71/><REACH who="1" step="1"/><E88/><REACH who="1" ten="232,470,51,237" step="2"/><V117/><F117/><W72/><G109/><T129/><D129/><U76/><E76/><V134/><F134/><W21/><G42/><T10/><D124/><N who="2" m="47690" /><F128/><W63/><G63/><T86/><D126/><U113/><E113/><V47/><F6/><W30/><G60/><T37/><D4/><U68/><E68/><V66/><F66/><W79/><G67/><T65/><D65/><U114/><E114/><V25/><F78/><W98/><G79/><T123/><D123/><U34/><E34/><V135/><F135/><W121/><G121/><T9/><D82/><RYUUKYOKU ba="3,1" sc="232,-10,470,30,51,-10,237,-10" hai1="22,24,29,56,58,59,62,64,71,84,85,99,103" /><INIT seed="1,4,1,1,4,54" ten="222,500,41,227" oya="1" hai0="96,30,115,59,98,80,11,27,24,36,92,125,31" hai1="110,132,17,114,20,61,16,64,48,46,111,123,89" hai2="100,35,128,0,18,76,116,44,131,95,42,3,84" hai3="70,74,81,29,112,127,79,57,90,104,22,38,78"/><U108/><E114/><V129/><F116/><W12/><G112/><T19/><D115/><U32/><E123/><V33/><F76/><W21/><G70/><T135/><D36/><U87/><E32/><N who="2" m="12363" /><F18/><W50/><G38/><T60/><D125/><U25/><E132/><V52/><F52/><W102/><G127/><T26/><D135/><U103/><E103/><V51/><F84/><W130/><G130/><T23/><D80/><U47/><E17/><V91/><F91/><W55/><G78/><T63/><D11/><U124/><E48/><V77/><F77/><W120/><G120/><T106/><D106/><U6/><E6/><V13/><F13/><W39/><G39/><T45/><D45/><U14/><E14/><V113/><F113/><W67/><G67/><T15/><D63/><U101/><E101/><V117/><F117/><W97/><G29/><N who="0" m="10763" /><D92/><N who="1" m="54335" /><E124/><V121/><F121/><W28/><G28/><T9/><D9/><U86/><E86/><V105/><F105/><W62/><G62/><T2/><D2/><U8/><E8/><V68/><F68/><AGARI ba="4,1" hai="16,20,25,46,47,61,64,68,108,110,111" m="54335" machi="68" ten="30,5800,0" yaku="14,1,10,1,54,1" doraHai="54" who="1" fromWho="2" sc="222,0,500,80,41,-70,227,0" owari="222,-18.0,580,68.0,-29,-53.0,227,3.0" /></mjloggm>