<mjloggm ver="2.3"><GO type="169" lobby="0"/><UN n0="%E7%84%A1%E7%82%BA%E8%87%AA%E7%84%B6" n1="%64%61%6E%6E%63%68%69" n2="%E6%A5%93%E7%9C%9F" n3="%6B%6F%74%61%6B%6F%74%61" dan="17,16,16,16" rate="2189.41,2124.67,2068.42,2115.98" sx="M,M,M,M"/><TAIKYOKU oya="0"/><INIT seed="0,0,0,1,2,124" ten="250,250,250,250" oya="0" hai0="21,29,126,88,44,127,104,5,56,41,69,66,114" hai1="89,30,115,36,43,59,83,78,55,10,33,47,106" hai2="92,51,6,68,25,120,19,110,0,60,45,46,16" hai3="81,27,52,128,11,13,18,101,73,119,37,53,38"/><T96/><D114/><U100/><E115/><V15/><F120/><W84/><G119/><T85/><D69/><U75/><E89/><V3/><F110/><W72/><G101/><N who="0" m="62503" /><D5/><U133/><E133/><V20/><F6/><W35/><G38/><T50/><D66/><U23/><E33/><V32/><F46/><W87/><G37/><T74/><D74/><U109/><E109/><V91/><F60/><W67/><G67/><T2/><D56/><U76/><E76/><V97/><F68/><W86/><G81/><N who="0" m="49199" /><D21/><U63/><E106/><V57/><F57/><W123/><G73/><T70/><D70/><U105/><E105/><V26/><F26/><W108/><G72/><T64/><D64/><U98/><E98/><V9/><REACH who="2" step="1"/><F32/><REACH who="2" ten="250,250,240,250" step="2"/><W95/><G27/><T31/><D2/><U131/><E63/><V22/><F22/><W121/><G35/><T93/><D29/><U62/><E23/><V94/><F94/><W42/><G95/><T24/><D93/><U135/><E30/><V14/><F14/><W112/><G108/><T117/><D117/><U40/><E62/><V7/><F7/><W82/><G112/><T129/><D126/><U125/><E59/><V54/><AGARI ba="0,1" hai="0,3,9,15,16,19,20,25,45,51,54,91,92,97" machi="54" ten="20,5200,0" yaku="1,1,0,1,7,1,54,1,53,0" doraHai="124" doraHaiUra="61" who="2" fromWho="2" sc="250,-26,250,-13,240,62,250,-13" /><INIT seed="1,0,0,1,3,64" ten="224,237,302,237" oya="1" hai0="30,70,121,33,118,56,105,1,114,25,36,75,101" hai1="28,4,71,53,59,131,68,50,5,18,24,42,80" hai2="32,58,47,38,128,9,104,12,102,103,95,37,31" hai3="7,15,65,115,99,109,3,19,63,49,11,98,20"/><U74/><E131/><V120/><F120/><W134/><G109/><T132/><D56/><U44/><E18/><V26/><F128/><W107/><G134/><T45/><D132/><U125/><E125/><V43/><F104/><W23/><G115/><T27/><D27/><U6/><E80/><V62/><F95/><W16/><G49/><T0/><D114/><U106/><E106/><V13/><F38/><W85/><G85/><T77/><D118/><U60/><REACH who="1" step="1"/><E74/><REACH who="1" ten="224,227,302,237" step="2"/><V88/><F31/><W29/><G29/><T129/><D129/><U126/><E126/><V97/><F26/><W87/><G107/><T110/><D121/><U66/><E66/><V78/><F78/><W67/><G67/><T69/><D110/><U113/><E113/><V72/><F72/><W54/><G65/><T10/><D75/><U81/><E81/><V14/><F9/><W123/><G123/><T116/><D77/><U94/><E94/><V86/><F32/><AGARI ba="0,1" hai="4,5,6,24,28,32,42,44,50,53,59,60,68,71" machi="32" ten="40,7700,0" yaku="1,1,52,2,53,0" doraHai="64" doraHaiUra="79" who="1" fromWho="2" sc="224,0,227,87,302,-77,237,0" /><INIT seed="1,1,0,1,1,0" ten="224,314,225,237" oya="1" hai0="110,78,43,5,123,112,90,21,117,24,119,54,14" hai1="107,86,98,44,100,7,62,133,17,84,1,60,40" hai2="82,127,4,15,94,65,85,13,25,92,88,23,59" hai3="19,33,49,10,129,99,122,134,42,70,69,108,125"/><U61/><E133/><V114/><F127/><W45/><G122/><T74/><D112/><U48/><REACH who="1" step="1"/><E17/><REACH who="1" ten="224,304,225,237" step="2"/><V97/><F114/><W12/><G134/><T51/><D119/><U18/><E18/><V9/><F15/><W11/><G19/><T71/><D117/><U111/><E111/><V55/><F65/><W68/><G12/><T130/><D110/><U121/><E121/><V83/><F25/><W115/><G108/><T120/><D123/><U91/><E91/><N who="2" m="55455" /><F23/><W22/><G22/><T95/><D120/><U116/><E116/><V66/><F66/><W132/><G132/><T76/><D24/><U50/><E50/><AGARI ba="1,1" hai="4,9,13,50,55,59,82,83,85,88,94" m="55455" machi="50" ten="30,3900,0" yaku="8,1,52,1,54,1" doraHai="0" who="2" fromWho="1" sc="224,0,304,-42,225,52,237,0" /><INIT seed="2,0,0,1,1,96" ten="224,262,277,237" oya="2" hai0="101,102,48,118,27,123,19,46,13,5,26,43,134" hai1="70,113,79,131,44,89,49,42,112,95,8,50,133" hai2="0,64,104,34,1,125,127,121,58,25,61,38,98" hai3="109,129,75,122,65,106,37,6,103,60,33,62,76"/><V130/><F121/><W83/><G122/><T47/><D134/><U105/><E105/><V28/><F38/><W111/><G37/><T31/><D123/><U90/><E70/><N who="2" m="42255" /><F130/><W30/><G6/><T24/><D5/><U51/><E133/><V36/><F58/><W92/><G92/><T88/><D118/><U87/><E131/><V52/><F52/><W56/><G62/><T32/><D47/><U67/><E67/><V57/><F57/><W23/><G23/><N who="0" m="11759" /><D32/><U115/><E79/><V69/><F36/><W35/><G129/><T114/><D31/><U4/><REACH who="1" step="1"/><E90/><REACH who="1" ten="224,252,277,237" step="2"/><V18/><F69/><W84/><G65/><T116/><D116/><U72/><E72/><V15/><F127/><W73/><G73/><T97/><D114/><U16/><E16/><V128/><F125/><W108/><G75/><T66/><D66/><U71/><E71/><V3/><F128/><W86/><G76/><T9/><D9/><U110/><E110/><V2/><F18/><W39/><G111/><T53/><D53/><U68/><E68/><V81/><F104/><W40/><G106/><T55/><D55/><U14/><AGARI ba="0,1" hai="4,8,14,42,44,49,50,51,87,89,95,112,113,115" machi="14" ten="30,4000,0" yaku="1,1,0,1,53,1" doraHai="96" doraHaiUra="85" who="1" fromWho="1" sc="224,-10,252,50,277,-20,237,-10" /><INIT seed="3,0,0,5,4,40" ten="214,302,257,227" oya="3" hai0="116,64,110,33,126,60,80,55,3,106,93,79,85" hai1="57,7,39,97,54,69,75,48,130,6,134,123,90" hai2="18,65,28,56,105,101,125,74,53,109,11,16,72" hai3="78,50,120,13,29,117,87,94,1,96,24,8,95"/><W89/><G117/><T62/><D110/><U52/><E75/><V26/><F65/><W128/><G128/><T47/><D126/><U35/><E35/><V92/><F105/><W103/><G120/><T119/><D3/><U51/><E39/><V99/><F109/><W61/><G1/><T71/><D106/><U15/><E69/><V2/><F125/><W73/><G73/><BYE who="3" /><T77/><D33/><U30/><E123/><V122/><F122/><W17/><G17/><T84/><D62/><U10/><E130/><V59/><F59/><UN n3="%6B%6F%74%61%6B%6F%74%61" /><W115/><G115/><T86/><D93/><U118/><E118/><V36/><F36/><W44/><G61/><T135/><D135/><U113/><E113/><V22/><F18/><N who="3" m="8487" /><G78/><T127/><D127/><U88/><E30/><V102/><F28/><W104/><G104/><T9/><D9/><U124/><E134/><V121/><F121/><W63/><G63/><T37/><D37/><U76/><E76/><V49/><REACH who="2" step="1"/><F102/><REACH who="2" ten="214,302,247,227" step="2"/><W32/><G103/><T25/><D116/><U68/><E124/><V81/><F81/><W114/><G114/><T82/><D119/><U31/><E31/><V131/><F131/><W20/><G32/><T133/><D133/><U70/><E70/><V43/><F43/><N who="3" m="24863" /><G95/><T83/><REACH who="0" step="1"/><D25/><REACH who="0" ten="204,302,247,227" step="2"/><U98/><E68/><V46/><F46/><W34/><G34/><T27/><D27/><U38/><E38/><V19/><F19/><W42/><G42/><T100/><D100/><U45/><E6/><AGARI ba="0,2" hai="2,6,11,16,22,26,49,53,56,72,74,92,99,101" machi="6" ten="40,5200,0" yaku="1,1,54,1,53,1" doraHai="40" doraHaiUra="21" who="2" fromWho="1" sc="204,0,302,-52,247,72,227,0" /><INIT seed="4,0,0,2,5,78" ten="204,250,319,227" oya="0" hai0="12,43,13,134,8,125,97,33,34,89,7,32,80" hai1="27,93,123,2,68,59,9,31,85,120,129,91,28" hai2="92,83,30,69,132,108,11,49,121,79,124,84,61" hai3="21,50,72,109,17,94,3,25,130,135,39,99,74"/><T41/><D125/><U20/><E68/><V101/><F108/><W58/><G39/><T86/><D134/><U38/><E38/><V55/><F121/><W19/><G109/><T52/><D12/><U82/><E129/><V24/><F132/><W131/><G3/><T65/><D65/><U10/><E31/><V81/><F124/><W6/><G6/><T35/><N who="0" m="8192" /><DORA hai="4" /><T26/><D26/><U88/><E2/><V98/><F11/><W105/><G105/><T22/><BYE who="3" /><D22/><UN n3="%6B%6F%74%61%6B%6F%74%61" /><U113/><E113/><V116/><F116/><W54/><G17/><T95/><REACH who="0" step="1"/><D52/><REACH who="0" ten="194,250,319,227" step="2"/><U51/><E120/><V0/><F0/><W29/><G135/><T96/><D96/><N who="1" m="57383" /><E123/><V42/><F55/><AGARI ba="0,1" hai="9,10,20,27,28,51,55,59,82,85,91" m="57383" machi="55" ten="30,8000,1" yaku="8,1,52,3,54,1" doraHai="78,4" who="1" fromWho="2" sc="194,0,250,90,319,-80,227,0" /><BYE who="3" /><INIT seed="5,0,0,4,3,109" ten="194,340,239,227" oya="1" hai0="77,126,30,39,91,95,44,113,82,29,119,127,97" hai1="52,86,38,71,105,68,87,37,15,17,80,58,50" hai2="110,5,76,96,92,51,22,43,7,75,14,131,134" hai3="54,3,19,53,66,61,83,57,4,102,108,9,85"/><U72/><E105/><UN n3="%6B%6F%74%61%6B%6F%74%61" /><V70/><F110/><W90/><G108/><T49/><D39/><U45/><E72/><V116/><F116/><W79/><G102/><T28/><D119/><U94/><E94/><V60/><F131/><W12/><REACH who="3" step="1"/><G79/><REACH who="3" ten="194,340,239,217" step="2"/><T1/><D113/><U125/><E125/><V99/><F76/><W59/><G59/><T27/><D1/><U84/><E68/><V31/><F70/><W100/><G100/><T123/><D123/><U35/><E71/><V48/><F134/><W33/><G33/><T64/><D64/><U36/><E35/><V120/><F120/><W42/><G42/><N who="0" m="24727" /><D127/><U122/><E122/><V67/><F43/><W47/><G47/><T23/><D126/><U0/><E58/><V98/><F67/><W62/><G62/><T16/><D77/><U114/><E114/><V103/><F60/><W81/><G81/><AGARI ba="0,1" hai="16,23,27,28,29,30,81,82,91,95,97" m="24727" machi="81" ten="30,2000,0" yaku="8,1,54,1" doraHai="109" who="0" fromWho="3" sc="194,30,340,0,239,0,217,-20" /><INIT seed="6,0,0,5,0,100" ten="224,340,239,197" oya="2" hai0="81,79,61,18,67,58,37,9,11,7,131,15,10" hai1="74,47,62,4,113,116,51,71,97,76,83,14,54" hai2="103,42,115,39,112,111,119,19,30,78,105,106,102" hai3="56,48,69,22,13,101,2,92,33,130,59,96,27"/><V128/><F119/><W31/><G130/><T86/><D131/><U124/><E116/><V26/><F128/><W53/><G69/><T5/><REACH who="0" step="1"/><D37/><REACH who="0" ten="214,340,239,197" step="2"/><U99/><E113/><V133/><F115/><W84/><G2/><T45/><D45/><U0/><E0/><V75/><F112/><W12/><G33/><T90/><D90/><U104/><E47/><V85/><F39/><W70/><G70/><T122/><D122/><U63/><E71/><V108/><F108/><W114/><G114/><T41/><D41/><U50/><E124/><V117/><F111/><W21/><G59/><T6/><AGARI ba="0,1" hai="5,6,7,9,10,11,15,18,58,61,67,79,81,86" machi="6" ten="30,4000,0" yaku="1,1,0,1,8,1,53,0" doraHai="100" doraHaiUra="107" who="0" fromWho="0" sc="214,50,340,-10,239,-20,197,-10" /><INIT seed="7,0,0,3,2,70" ten="264,330,219,187" oya="3" hai0="42,12,24,18,40,41,65,63,4,16,84,111,55" hai1="132,29,37,54,35,85,25,27,124,80,52,67,15" hai2="129,50,47,121,101,28,97,30,68,75,6,13,108" hai3="117,81,61,112,134,133,82,38,116,23,43,32,36"/><W89/><G32/><T90/><D111/><U31/><E37/><N who="3" m="14442" /><G43/><T64/><D4/><U45/><E132/><N who="3" m="50794" /><G112/><T131/><D131/><U120/><E120/><V123/><F108/><W22/><G61/><T95/><D63/><U98/><E67/><V110/><F110/><W66/><G66/><T14/><D64/><U128/><E128/><V74/><F129/><W115/><G115/><T57/><D65/><U102/><E54/><N who="2" m="30047" /><F68/><W71/><G71/><T91/><D55/><U59/><E52/><V119/><F119/><N who="3" m="45643" /><G89/><T113/><D113/><U19/><E35/><V56/><F123/><W17/><G23/><N who="0" m="11655" /><D90/><U104/><E59/><V99/><F121/><W88/><G88/><T72/><D57/><U60/><E60/><V20/><F56/><W33/><G33/><T122/><D122/><U83/><E45/><V118/><F118/><W77/><G77/><T44/><D44/><U34/><E34/><V106/><F97/><W76/><G76/><T3/><D41/><U10/><E98/><V103/><F103/><W5/><G5/><T87/><D40/><U126/><E102/><V94/><F6/><W21/><G21/><T9/><D42/><U2/><E124/><V1/><F1/><W11/><G11/><T127/><D3/><U93/><E10/><V114/><F114/><W49/><G49/><T109/><D127/><U130/><E2/><V69/><F69/><W105/><G105/><T26/><D109/><U125/><E125/><V53/><F53/><W135/><N who="3" m="50802" /><W79/><DORA hai="0" /><G79/><T86/><D9/><U100/><E126/><V62/><F106/><RYUUKYOKU ba="0,0" sc="264,-10,330,-10,219,-10,187,30" hai3="17,22,81,82" /><INIT seed="7,1,0,1,1,128" ten="254,320,209,217" oya="3" hai0="84,80,42,46,37,2,131,91,88,6,126,125,40" hai1="133,101,73,29,8,97,59,52,118,35,86,9,106" hai2="78,15,119,87,24,27,45,47,39,102,26,89,63" hai3="83,104,112,48,124,105,90,5,82,109,7,0,135"/><W76/><G112/><T55/><D131/><U4/><E73/><V53/><F119/><W81/><G124/><N who="0" m="47723" /><D42/><U70/><E70/><V41/><F78/><W19/><G109/><T74/><D74/><U121/><E121/><V57/><F102/><W115/><G115/><T96/><D55/><U85/><E118/><V12/><REACH who="2" step="1"/><F45/><REACH who="2" ten="254,320,199,217" step="2"/><W67/><G76/><T18/><D46/><U111/><E101/><V71/><F71/><W114/><G114/><T56/><D91/><U64/><E111/><V130/><F130/><W94/><G135/><T61/><D88/><U72/><E133/><V98/><F98/><W77/><G77/><T127/><D96/><U60/><E97/><V10/><F10/><W22/><G105/><T75/><D127/><U36/><E8/><V93/><AGARI ba="1,1" hai="12,15,24,26,27,39,41,47,53,57,63,87,89,93" machi="93" ten="30,4000,0" yaku="1,1,0,1,53,1" doraHai="128" doraHaiUra="69" who="2" fromWho="2" sc="254,-11,320,-11,199,53,217,-21" owari="243,-16.0,309,41.0,252,5.0,196,-30.0" /></mjloggm>