<mjloggm ver="2.3"><GO type="169" lobby="0"/><UN n0="%E6%88%90%E5%A4%9A%E5%98%89%E6%99%BA" n1="%EF%BC%98%EF%BC%90%EF%BC%90%EF%BC%98" n2="%6D%75%66%66%69%6E" n3="%4C%21%56%45" dan="18,17,17,16" rate="2215.26,2188.57,2183.37,2134.38" sx="M,M,F,M"/><TAIKYOKU oya="0"/><INIT seed="0,0,0,3,0,134" ten="250,250,250,250" oya="0" hai0="91,93,35,124,25,42,19,46,37,115,110,80,2" hai1="98,61,86,18,129,119,22,70,17,14,58,60,75" hai2="133,53,121,113,77,30,65,63,5,52,44,54,79" hai3="48,50,103,78,11,68,125,90,1,132,6,8,85"/><T100/><D115/><U43/><E75/><V40/><F113/><W82/><G68/><T126/><D2/><U111/><E119/><V41/><F121/><W24/><G132/><T10/><D35/><U122/><E122/><V26/><F5/><W57/><G103/><T94/><D110/><U64/><E43/><V101/><F101/><W118/><G118/><T55/><D55/><U28/><E129/><V29/><F133/><W38/><G38/><T21/><D10/><U105/><E28/><V95/><F95/><W69/><G69/><T108/><D108/><U116/><E116/><V56/><F30/><W12/><G24/><T31/><D100/><U72/><E72/><V102/><F102/><W20/><G20/><T33/><D80/><U92/><E18/><V135/><F41/><W109/><G109/><T87/><REACH who="0" step="1"/><D93/><REACH who="0" ten="240,250,250,250" step="2"/><U104/><E111/><V84/><F135/><W99/><G11/><T23/><D23/><U127/><E22/><V120/><F120/><W13/><G1/><T7/><D7/><U27/><E92/><V47/><F54/><W123/><G123/><T3/><D3/><U97/><E104/><V67/><F53/><W9/><G9/><T36/><D36/><U130/><E105/><V73/><F52/><W74/><G82/><T112/><D112/><U34/><E34/><V107/><F107/><W81/><G81/><T59/><D59/><U71/><E58/><V62/><F56/><W15/><G8/><T51/><D51/><U39/><E70/><V4/><F4/><W16/><G6/><T0/><D0/><U66/><E71/><RYUUKYOKU ba="0,1" sc="240,30,250,-10,250,-10,250,-10" hai0="19,21,25,31,33,37,42,46,87,91,94,124,126" /><INIT seed="0,1,1,5,3,84" ten="270,240,240,240" oya="0" hai0="60,9,55,81,67,122,10,80,129,35,2,41,127" hai1="126,107,50,130,128,118,98,8,106,97,71,92,95" hai2="28,61,99,93,54,24,18,36,59,12,104,133,72" hai3="56,123,25,46,40,17,70,31,23,34,79,75,39"/><T131/><D122/><U0/><E71/><V27/><F104/><N who="1" m="39977" /><E50/><V83/><F36/><W3/><G123/><T135/><D35/><U52/><E52/><V90/><F133/><W114/><G114/><T45/><D135/><U115/><E8/><N who="0" m="3177" /><D55/><U53/><E53/><V68/><F68/><W125/><G70/><N who="0" m="42343" /><D2/><U64/><E64/><V1/><F1/><W117/><G117/><T42/><D42/><U82/><E0/><V101/><F28/><W113/><G113/><T102/><D102/><N who="1" m="60711" /><E115/><V5/><F5/><W11/><G125/><T76/><D127/><U87/><E118/><V30/><F30/><W111/><G111/><T20/><D20/><U15/><E15/><V19/><F19/><W73/><G56/><T96/><D41/><U21/><E21/><N who="2" m="11463" /><F72/><W7/><REACH who="3" step="1"/><G79/><REACH who="3" ten="270,240,240,230" step="2"/><T89/><D76/><N who="1" m="46535" /><E126/><V105/><F105/><W65/><G65/><T108/><D45/><U16/><E16/><V4/><F4/><W74/><G74/><T62/><D62/><U132/><E132/><V37/><F59/><W77/><G77/><T44/><D44/><U121/><E121/><V43/><F61/><W85/><G85/><T58/><D58/><U124/><E124/><V29/><F43/><W48/><G48/><T112/><D112/><U134/><E134/><V63/><F37/><W22/><G22/><T14/><D96/><U94/><E98/><V57/><F63/><W78/><G78/><T13/><D108/><U32/><E32/><V47/><F47/><W26/><AGARI ba="1,2" hai="3,7,11,17,23,25,26,31,34,39,40,46,73,75" machi="26" ten="20,2700,0" yaku="1,1,0,1,7,1,53,0" doraHai="84" doraHaiUra="66" who="3" fromWho="3" sc="270,-14,240,-8,240,-8,230,50" /><INIT seed="1,0,0,1,5,68" ten="256,232,232,280" oya="1" hai0="83,41,100,80,48,11,17,113,61,39,49,34,105" hai1="28,19,54,52,40,55,114,47,21,76,71,18,130" hai2="14,22,78,108,36,128,25,1,99,45,57,64,23" hai3="98,20,73,43,94,4,46,56,42,16,27,7,86"/><U38/><E114/><V129/><F1/><W133/><G133/><T51/><D113/><U75/><E71/><V101/><F108/><W13/><G73/><T131/><D34/><U82/><REACH who="1" step="1"/><E130/><REACH who="1" ten="256,222,232,280" step="2"/><V89/><F128/><W104/><G104/><T102/><D105/><U72/><E72/><V87/><F129/><W103/><G86/><T65/><D131/><U32/><E32/><V31/><F87/><W12/><G42/><T117/><D117/><U24/><AGARI ba="0,1" hai="18,19,21,24,28,38,40,47,52,54,55,75,76,82" machi="24" ten="30,11700,0" yaku="1,1,0,1,52,1,54,1,53,0" doraHai="68" doraHaiUra="29" who="1" fromWho="1" sc="256,-39,222,127,232,-39,280,-39" /><INIT seed="1,1,0,1,3,71" ten="217,349,193,241" oya="1" hai0="35,23,109,91,124,2,83,81,32,89,76,95,48" hai1="5,65,41,116,66,131,44,82,112,103,98,31,77" hai2="106,8,85,54,10,99,120,0,29,119,7,102,86" hai3="84,56,13,80,53,70,128,16,60,27,38,132,26"/><U24/><E112/><V105/><F119/><W133/><G70/><T49/><D109/><U3/><E131/><V64/><F120/><W62/><G62/><T74/><D124/><U63/><E116/><V14/><F106/><W107/><G107/><T114/><D2/><U68/><E66/><V19/><F64/><W25/><G128/><T87/><D114/><U123/><E123/><V59/><REACH who="2" step="1"/><F29/><REACH who="2" ten="217,349,183,241" step="2"/><W129/><G129/><T73/><D23/><U72/><E31/><V101/><F101/><W90/><REACH who="3" step="1"/><G38/><REACH who="3" ten="217,349,183,231" step="2"/><T1/><D35/><U36/><E36/><V104/><F104/><W11/><AGARI ba="1,2" hai="11,13,16,25,26,27,53,56,60,80,84,90,132,133" machi="11" ten="30,7900,0" yaku="1,1,2,1,0,1,54,1,53,0" doraHai="71" doraHaiUra="75" who="3" fromWho="3" sc="217,-21,349,-40,183,-21,231,102" /><INIT seed="2,0,0,2,1,135" ten="196,309,162,333" oya="2" hai0="1,134,127,79,44,37,14,40,87,0,45,110,56" hai1="50,72,25,74,130,13,126,68,100,36,91,108,112" hai2="62,58,17,49,18,78,98,94,65,129,3,86,22" hai3="99,10,121,41,71,114,19,34,69,31,117,7,75"/><V93/><F3/><W52/><G121/><T104/><D104/><U105/><E36/><V57/><F129/><W63/><G117/><T4/><D134/><U66/><E112/><V90/><F78/><W107/><G114/><T76/><D110/><U124/><E108/><V120/><F120/><W132/><G132/><T53/><D14/><U83/><E13/><V73/><F73/><N who="1" m="28265" /><E50/><V92/><F92/><W122/><G75/><T26/><D26/><U133/><E25/><V116/><F116/><W51/><G41/><T23/><D23/><U88/><E133/><V43/><F22/><W70/><G122/><T12/><D12/><U9/><E9/><V85/><F85/><W30/><G19/><T38/><D87/><N who="1" m="50303" /><E66/><V82/><F82/><W109/><G63/><T115/><D53/><U48/><E48/><V131/><F131/><W118/><G118/><T123/><D123/><U80/><E68/><V119/><F119/><W61/><G61/><T111/><D56/><U27/><E27/><V95/><F95/><W28/><G34/><T11/><D115/><U84/><E130/><V5/><F5/><W101/><G109/><T6/><D111/><U55/><E55/><N who="2" m="31983" /><F43/><W2/><REACH who="3" step="1"/><G31/><REACH who="3" ten="196,309,162,323" step="2"/><T102/><D40/><U67/><E67/><V35/><F35/><W16/><G16/><T77/><D6/><U47/><E47/><AGARI ba="0,1" hai="2,7,10,28,30,47,51,52,69,70,71,99,101,107" machi="47" ten="40,2600,0" yaku="1,1,54,1,53,0" doraHai="135" doraHaiUra="60" who="3" fromWho="1" sc="196,0,309,-26,162,0,323,36" /><INIT seed="3,0,0,3,4,35" ten="196,283,162,359" oya="3" hai0="70,121,134,97,126,25,98,89,105,120,23,107,129" hai1="127,33,119,61,39,83,117,75,48,100,4,51,91" hai2="54,60,74,81,79,69,18,85,11,116,78,90,87" hai3="15,44,14,66,114,93,63,68,109,102,46,27,40"/><W37/><G114/><T131/><D70/><U7/><E39/><V29/><F116/><N who="1" m="44617" /><E33/><V104/><F104/><N who="0" m="40010" /><D23/><U10/><E100/><V34/><F74/><W99/><G109/><T112/><D25/><U21/><E127/><V76/><F34/><W106/><G93/><T43/><D43/><U49/><E91/><V122/><F29/><W2/><G2/><T16/><D16/><U128/><E128/><N who="0" m="49225" /><D126/><U22/><E61/><V111/><F111/><W110/><G110/><T50/><D50/><U133/><E133/><V13/><F122/><W95/><G95/><N who="0" m="56559" /><D112/><U73/><E83/><N who="2" m="49535" /><F69/><W123/><G123/><N who="0" m="47179" /><D98/><U8/><E22/><V26/><F26/><W113/><G113/><T17/><D17/><U19/><E21/><V58/><AGARI ba="0,0" hai="11,13,18,54,58,60,76,78,79,81,85" m="49535" machi="58" ten="30,1100,0" yaku="8,1" doraHai="35" who="2" fromWho="2" sc="196,-3,283,-3,162,11,359,-5" /><INIT seed="4,0,0,1,4,126" ten="193,280,173,354" oya="0" hai0="1,19,48,108,72,29,3,132,49,135,36,134,97" hai1="76,68,58,14,79,54,99,43,38,87,130,74,22" hai2="131,5,124,95,45,63,42,111,94,11,16,101,69" hai3="117,106,66,86,17,2,37,67,64,73,47,61,118"/><T6/><D36/><U102/><E74/><V31/><F111/><W71/><G73/><T119/><D72/><U60/><E130/><V81/><F124/><W92/><G106/><T32/><D119/><U7/><E68/><V62/><F131/><W104/><G104/><T103/><D108/><U100/><E38/><V84/><F31/><W120/><G120/><T82/><D82/><U121/><E43/><V51/><F69/><W77/><G2/><T96/><D19/><U35/><E35/><V0/><F16/><W112/><G112/><T30/><D32/><U9/><E121/><V44/><F44/><W41/><G17/><T123/><D123/><U116/><E22/><V127/><F127/><W109/><G109/><T46/><D6/><U8/><E116/><V40/><F40/><W59/><G77/><T4/><D4/><U50/><E9/><V129/><F129/><W27/><G27/><T28/><D103/><U39/><E39/><V110/><F110/><W128/><G128/><T133/><N who="0" m="33792" /><DORA hai="125" /><T89/><D89/><U122/><E122/><V83/><F83/><W34/><G34/><T115/><D115/><U13/><E13/><N who="2" m="5359" /><F101/><W80/><G118/><T10/><D10/><U20/><E20/><V56/><F0/><N who="0" m="74" /><D46/><N who="1" m="27991" /><E102/><V70/><F81/><W23/><G80/><T107/><D107/><N who="1" m="63903" /><E79/><V25/><F95/><W113/><G113/><T88/><D97/><U52/><E76/><V93/><F25/><W53/><G117/><T26/><D26/><U18/><E18/><V33/><F33/><W91/><G23/><T12/><D12/><U75/><E75/><RYUUKYOKU ba="0,0" sc="193,10,280,10,173,-30,354,10" hai0="28,29,30,48,49,88,96" hai1="7,8,14,52,58,60,87" hai3="37,41,47,53,59,61,64,66,67,71,86,91,92" /><INIT seed="4,1,0,4,3,74" ten="203,290,143,364" oya="0" hai0="51,39,33,113,6,32,128,0,44,89,69,127,119" hai1="25,110,38,43,4,40,70,126,35,124,2,36,55" hai2="109,46,28,71,88,93,8,41,52,131,118,73,61" hai3="97,94,13,53,125,5,23,105,107,76,90,57,75"/><T37/><D119/><U120/><E110/><V79/><F109/><W45/><G125/><N who="1" m="48234" /><E70/><V133/><F118/><W67/><G67/><T111/><D127/><U123/><E4/><V68/><F28/><W42/><G75/><T29/><D111/><U66/><E2/><V115/><F115/><W95/><G95/><T108/><D108/><U101/><E101/><V16/><F131/><W54/><G76/><T14/><D33/><U98/><E98/><V65/><F133/><W114/><G114/><T19/><D89/><U64/><E25/><V26/><F71/><W91/><G91/><T87/><D87/><U1/><E1/><V10/><F52/><W56/><G53/><T122/><D122/><N who="1" m="46635" /><E55/><V18/><F26/><W84/><G97/><T132/><D113/><U83/><E83/><V96/><F73/><W27/><G5/><T81/><D81/><U82/><E35/><V34/><F34/><W50/><G57/><T9/><D69/><U80/><E80/><V47/><F47/><W72/><G72/><T60/><D0/><U11/><E11/><V24/><F24/><W99/><G99/><T48/><D6/><U85/><E85/><V78/><F8/><W20/><G27/><T63/><D63/><U102/><E102/><V58/><F68/><W103/><G103/><T106/><D9/><U3/><E3/><V7/><F7/><W130/><G84/><T117/><D32/><U12/><E82/><V30/><F30/><W62/><G62/><T21/><D29/><U17/><E17/><N who="2" m="6763" /><F10/><W92/><G92/><T116/><D19/><U104/><E66/><RYUUKYOKU ba="1,0" sc="203,-10,290,-10,143,30,364,-10" hai2="41,46,58,61,65,78,79,88,93,96" /><INIT seed="5,2,0,1,3,98" ten="193,280,173,354" oya="1" hai0="87,92,94,79,75,82,99,61,72,11,123,32,10" hai1="0,25,50,23,45,117,74,26,47,33,86,106,36" hai2="107,78,39,69,60,135,109,103,80,124,76,133,22" hai3="128,4,127,15,52,19,89,122,131,40,84,44,57"/><U77/><E117/><V91/><F39/><W13/><G122/><T31/><D123/><U41/><E0/><V55/><F109/><W83/><G127/><T20/><D32/><U2/><E2/><V8/><F124/><W101/><G4/><T93/><D61/><U48/><E106/><V68/><F8/><W9/><G13/><T30/><D20/><U90/><E74/><N who="0" m="28201" /><D30/><U112/><E77/><V12/><F91/><W7/><G7/><T129/><D31/><U104/><E104/><V125/><F76/><W58/><G101/><N who="0" m="60647" /><D11/><U121/><E112/><V118/><F118/><W71/><G71/><T49/><D49/><U16/><E121/><V65/><F125/><W54/><G58/><T95/><D10/><U63/><E63/><V34/><F55/><W29/><G29/><T115/><D129/><N who="3" m="49737" /><G57/><T116/><D116/><U130/><E130/><V62/><F34/><W120/><G120/><T97/><D115/><U81/><E33/><V56/><F22/><W35/><G35/><T14/><D14/><N who="1" m="9623" /><E36/><AGARI ba="2,0" hai="9,15,19,36,40,44,52,54,83,84,89" m="49737" machi="36" ten="30,2000,0" yaku="19,1,54,1" doraHai="98" who="3" fromWho="1" sc="193,0,280,-26,173,0,354,26" /><INIT seed="6,0,0,5,2,98" ten="193,254,173,380" oya="2" hai0="58,21,127,86,13,47,54,115,39,66,1,72,103" hai1="19,83,107,91,94,5,82,11,106,23,76,135,97" hai2="57,70,90,111,67,56,36,15,18,48,64,3,32" hai3="44,62,41,68,101,99,60,52,49,123,133,22,102"/><V124/><F36/><W87/><G123/><T77/><D1/><U16/><E135/><V93/><F3/><W128/><G133/><T131/><D72/><U65/><E65/><V130/><F32/><W81/><G99/><T53/><D115/><U55/><E55/><V134/><F134/><W30/><G128/><T2/><D2/><U78/><E83/><V51/><F130/><W120/><G120/><T45/><D131/><U104/><E23/><V88/><F124/><W24/><G68/><T121/><D121/><U95/><E95/><V34/><F34/><W43/><G62/><N who="0" m="38231" /><D39/><U33/><E33/><V31/><F31/><W40/><G60/><T12/><D103/><U0/><REACH who="1" step="1"/><E78/><AGARI ba="0,0" hai="22,24,30,40,41,43,44,49,52,78,81,87,101,102" machi="78" ten="40,8000,1" yaku="8,1,52,2,54,1" doraHai="98" who="3" fromWho="1" sc="193,0,254,-80,173,0,380,80" /><INIT seed="7,0,0,3,5,52" ten="193,174,173,460" oya="3" hai0="43,62,96,53,118,125,119,132,57,49,89,124,97" hai1="40,92,5,7,18,6,12,106,82,115,41,0,78" hai2="126,28,55,16,38,39,25,108,87,23,60,79,13" hai3="110,51,21,90,11,121,129,116,48,36,47,64,109"/><W24/><G116/><T26/><D132/><U99/><E106/><V4/><F126/><N who="0" m="48746" /><D26/><U102/><E0/><V50/><F108/><N who="3" m="41579" /><G121/><T88/><D43/><U107/><E107/><V84/><F4/><W73/><G73/><T8/><D8/><U37/><E115/><V76/><F39/><W133/><G133/><T14/><D14/><U127/><E37/><V123/><F38/><W56/><G129/><T120/><D120/><U72/><E127/><V17/><F60/><N who="3" m="37895" /><G11/><T104/><D62/><U101/><E101/><V46/><F123/><W113/><G113/><T114/><D114/><U42/><E72/><V30/><F30/><N who="3" m="17679" /><G90/><N who="0" m="34923" /><D104/><U71/><E71/><V22/><F28/><W93/><G93/><T77/><D77/><AGARI ba="0,0" hai="13,16,17,22,23,25,46,50,55,76,77,79,84,87" machi="77" ten="40,2600,0" yaku="8,1,54,1" doraHai="52" who="2" fromWho="0" sc="193,-26,174,0,173,26,460,0" owari="167,-33.0,174,-23.0,199,0.0,460,56.0" /></mjloggm>