<mjloggm ver="2.3"><GO type="169" lobby="0"/><UN n0="%64%72%61%65%74%63" n1="%6B%75%73%73%79" n2="%E3%82%82%E3%81%93%E3%81%BF" n3="%4D%4A%E3%82%A2%E3%83%B3%E3%82%B0%E3%83%A9%E3%83%BC" dan="16,16,17,16" rate="2056.54,2120.81,2231.25,2111.63" sx="M,M,M,M"/><TAIKYOKU oya="0"/><INIT seed="0,0,0,3,3,109" ten="250,250,250,250" oya="0" hai0="131,82,26,0,101,87,115,56,20,18,4,48,89" hai1="127,130,60,57,63,45,68,13,100,7,107,98,99" hai2="106,66,15,5,23,6,33,49,36,125,102,128,2" hai3="71,62,1,59,90,111,31,29,112,39,34,30,14"/><T64/><D131/><U95/><E130/><V122/><F36/><W54/><G1/><T133/><D133/><U121/><E121/><V27/><F106/><W80/><G39/><T43/><D101/><U77/><E127/><V79/><F102/><W52/><G71/><T24/><D0/><U69/><E77/><V123/><F66/><W12/><G34/><T75/><D75/><U65/><E45/><V81/><F128/><W35/><G35/><T37/><D37/><U116/><E116/><V58/><F33/><W3/><G3/><T94/><D4/><U19/><E7/><V76/><F76/><W17/><G111/><T113/><D43/><U9/><REACH who="1" step="1"/><E60/><REACH who="1" ten="250,240,250,250" step="2"/><V85/><F2/><W78/><G78/><T61/><D48/><U10/><E10/><V97/><F125/><W126/><G126/><T46/><D46/><U129/><E129/><V44/><F6/><W92/><G62/><T21/><REACH who="0" step="1"/><D82/><REACH who="0" ten="240,240,250,250" step="2"/><U108/><E108/><V53/><F122/><W32/><G80/><T40/><D40/><U25/><E25/><V70/><F123/><W42/><G42/><T8/><D8/><U117/><E117/><V41/><F27/><W11/><G11/><T103/><D103/><AGARI ba="0,2" hai="9,13,19,57,63,65,68,69,95,98,99,100,103,107" machi="103" ten="30,2000,0" yaku="1,1,7,1,53,0" doraHai="109" doraHaiUra="114" who="1" fromWho="0" sc="240,-20,240,40,250,0,250,0" /><INIT seed="1,0,0,0,3,20" ten="220,280,250,250" oya="1" hai0="127,108,130,50,87,83,118,43,24,72,41,5,75" hai1="6,134,101,66,67,102,121,0,47,29,56,23,35" hai2="7,28,77,86,61,106,15,48,11,133,68,19,88" hai3="3,132,79,129,38,59,45,125,131,16,80,76,46"/><U53/><E121/><V97/><F133/><W74/><G3/><T22/><D118/><U81/><E35/><V12/><F77/><W26/><G38/><T115/><D115/><U109/><E134/><V14/><F28/><W89/><G79/><T8/><D108/><U49/><E109/><V60/><F106/><W30/><G132/><T64/><D64/><U2/><E2/><V90/><F68/><W82/><G59/><T58/><D127/><U42/><E0/><V78/><F48/><W126/><G89/><N who="2" m="34409" /><F97/><W95/><G82/><T113/><D113/><U37/><E6/><V117/><F117/><W63/><G95/><T40/><D130/><N who="3" m="49673" /><G63/><N who="2" m="24137" /><F7/><W32/><G16/><T85/><D75/><U27/><REACH who="1" step="1"/><E81/><AGARI ba="0,0" hai="11,12,14,15,19,78,81,86" m="24137,34409" machi="81" ten="30,2000,0" yaku="8,1,54,1" doraHai="20" who="2" fromWho="1" sc="220,0,280,-20,250,20,250,0" /><INIT seed="2,0,0,1,1,20" ten="220,260,270,250" oya="2" hai0="100,98,79,8,30,111,60,75,120,125,49,107,83" hai1="119,5,108,96,121,15,33,69,1,34,70,0,91" hai2="62,2,18,88,3,118,7,40,105,56,53,130,68" hai3="58,101,84,126,57,64,129,23,104,73,95,66,39"/><V122/><F118/><W25/><G39/><T90/><D111/><U61/><E119/><V16/><F122/><W31/><G73/><T65/><D120/><U24/><E121/><V106/><F68/><W131/><G104/><T4/><D125/><U110/><E91/><V99/><F130/><N who="3" m="49675" /><G126/><T78/><D78/><U22/><E96/><V28/><F40/><W92/><G84/><T132/><D132/><U71/><E61/><V87/><F28/><W114/><G114/><T27/><D49/><U109/><E15/><V77/><F77/><W13/><G13/><T63/><D90/><U80/><E80/><V123/><F123/><W41/><G41/><T55/><D55/><U113/><E113/><V21/><F18/><W52/><G58/><T59/><D59/><U14/><E14/><V48/><F7/><W10/><G10/><T117/><D65/><N who="3" m="25193" /><G101/><T85/><D75/><U43/><E43/><V37/><F37/><W127/><G127/><T35/><REACH who="0" step="1"/><D117/><REACH who="0" ten="210,260,270,250" step="2"/><U19/><REACH who="1" step="1"/><E5/><REACH who="1" ten="210,250,270,250" step="2"/><V36/><F88/><W45/><G45/><T38/><D38/><U29/><E29/><V128/><F36/><W72/><G72/><T97/><D97/><U81/><E81/><V133/><F99/><W112/><G112/><T17/><D17/><U82/><E82/><V134/><F16/><W44/><G44/><T103/><D103/><U50/><E50/><AGARI ba="0,2" hai="23,25,31,50,52,57,92,95" m="25193,49675" machi="50" ten="30,3900,0" yaku="19,1,52,1,54,1" doraHai="20" who="3" fromWho="1" sc="210,0,250,-39,270,0,250,59" /><INIT seed="3,0,0,0,3,59" ten="210,211,270,309" oya="3" hai0="67,46,70,28,56,131,94,16,92,55,49,26,89" hai1="64,38,108,36,85,60,127,132,50,57,9,119,109" hai2="83,86,81,39,78,84,79,42,69,126,107,133,48" hai3="10,33,135,77,20,32,98,129,120,88,124,1,45"/><W6/><G120/><T118/><D131/><U87/><E9/><V62/><F126/><W80/><G124/><T66/><D70/><U35/><E35/><V74/><F133/><W75/><G135/><T19/><D94/><U12/><E127/><V65/><F107/><W68/><G68/><T103/><D103/><U122/><E132/><V128/><F128/><W51/><G20/><T40/><D67/><U76/><E122/><V61/><F39/><W27/><G27/><T52/><D55/><U15/><E119/><V30/><F30/><W18/><G18/><T123/><D66/><U71/><E71/><V53/><F42/><W125/><G129/><T31/><D118/><U110/><E50/><V99/><F99/><W0/><G1/><T11/><D11/><U112/><E112/><V63/><F74/><W105/><G125/><T102/><D102/><U24/><E24/><V14/><F14/><N who="1" m="5161" /><E76/><V29/><F29/><N who="0" m="11338" /><D26/><U25/><E25/><V54/><F54/><W104/><G104/><T44/><D44/><AGARI ba="0,0" hai="44,48,53,61,62,63,65,69,78,79,81,83,84,86" machi="44" ten="30,8000,1" yaku="7,1,9,1,52,3" doraHai="59" who="2" fromWho="0" sc="210,-80,211,0,270,80,309,0" /><INIT seed="4,0,0,5,1,126" ten="130,211,350,309" oya="0" hai0="70,76,115,27,22,47,34,75,125,52,16,9,96" hai1="87,39,88,54,106,77,11,89,110,18,8,26,24" hai2="2,102,90,21,79,128,32,134,61,114,80,105,120" hai3="20,46,35,5,12,40,91,48,14,116,58,69,121"/><T56/><D70/><U71/><E110/><V124/><F21/><W104/><G35/><T131/><D115/><U63/><E39/><V55/><F55/><W68/><G104/><T30/><D125/><U33/><E106/><V97/><F61/><W41/><G116/><T49/><D131/><U19/><E77/><V135/><F2/><W123/><G58/><T6/><D75/><U98/><E98/><V95/><F32/><W17/><G41/><T132/><D132/><N who="2" m="50730" /><F124/><W0/><G0/><T83/><D96/><U51/><E63/><V62/><F62/><W103/><G103/><T127/><D127/><U85/><E71/><V45/><F45/><W64/><G64/><T23/><D47/><U93/><E33/><V60/><F60/><W43/><G40/><T66/><D66/><U65/><E65/><V38/><F38/><W29/><G29/><T109/><D109/><U1/><E1/><V129/><F120/><N who="3" m="46155" /><G91/><T50/><D50/><U122/><E122/><V67/><F114/><W73/><G73/><T10/><D6/><U13/><E11/><AGARI ba="0,0" hai="5,11,12,14,17,20,43,46,48,68,69" m="46155" machi="11" ten="30,1000,0" yaku="13,1" doraHai="126" who="3" fromWho="1" sc="130,0,211,-10,350,0,309,10" /><INIT seed="5,0,0,2,5,128" ten="130,201,350,319" oya="1" hai0="102,1,57,39,35,31,85,108,15,117,28,8,116" hai1="115,26,38,11,76,100,23,27,0,7,67,22,109" hai2="126,13,50,72,125,131,63,66,95,89,40,24,112" hai3="32,3,99,111,10,75,73,97,14,134,124,120,119"/><U80/><E115/><V130/><F72/><W103/><G3/><T48/><D39/><U21/><E38/><V44/><F24/><W123/><G32/><T132/><D1/><U64/><E109/><V19/><F112/><W81/><G111/><T83/><D108/><U79/><E100/><V6/><F6/><W5/><G119/><T86/><D102/><U78/><REACH who="1" step="1"/><E80/><REACH who="1" ten="130,191,350,319" step="2"/><V52/><F130/><W20/><G81/><T4/><D116/><U90/><E90/><V53/><F131/><W129/><G129/><T46/><D117/><U47/><E47/><V55/><F126/><W107/><G124/><T36/><D36/><U54/><E54/><V127/><F125/><W17/><G120/><T2/><D46/><U56/><E56/><N who="2" m="37223" /><F127/><W84/><G123/><T33/><D57/><U30/><E30/><V74/><F55/><W41/><G103/><T18/><D83/><U51/><E51/><V65/><F65/><AGARI ba="0,1" hai="0,7,11,21,22,23,26,27,64,65,67,76,78,79" machi="65" ten="40,12000,1" yaku="1,1,53,3" doraHai="128" doraHaiUra="16" who="1" fromWho="2" sc="130,0,191,130,350,-120,319,0" /><INIT seed="5,1,0,2,3,91" ten="130,321,230,319" oya="1" hai0="69,42,132,67,122,75,56,0,129,78,118,128,121" hai1="80,134,112,14,22,36,52,51,32,7,102,106,15" hai2="6,43,81,84,38,13,44,8,86,34,40,89,10" hai3="63,21,61,35,31,30,74,131,70,3,59,76,37"/><U23/><E36/><V71/><F34/><W58/><G37/><T93/><D78/><U127/><E32/><V39/><F71/><W90/><G3/><T105/><D75/><U116/><E116/><V64/><F64/><W120/><G70/><T97/><D105/><U119/><E119/><V1/><F43/><W126/><G35/><T25/><D0/><U125/><E112/><V28/><F28/><W5/><G74/><T98/><D118/><U77/><E134/><V24/><F24/><W101/><G101/><T88/><D69/><U41/><E41/><V65/><F65/><W9/><G76/><T12/><D42/><U26/><E102/><V104/><F104/><W48/><G48/><T46/><D46/><U117/><E106/><V111/><F111/><W11/><G120/><N who="0" m="46187" /><D132/><U19/><E117/><V94/><F39/><W123/><G5/><T62/><D12/><U53/><E7/><V49/><F38/><W33/><G33/><T16/><D98/><U124/><E51/><V57/><F57/><W50/><G50/><T45/><D45/><U82/><E14/><V85/><F81/><N who="1" m="31337" /><E77/><V115/><F115/><W83/><G83/><T79/><D79/><U110/><E110/><V108/><F108/><W114/><G114/><T100/><D100/><U133/><E133/><V96/><F96/><W2/><G2/><T130/><D130/><U68/><E68/><V103/><F103/><W109/><G131/><T92/><D92/><U99/><E99/><V17/><AGARI ba="1,0" hai="1,6,8,10,13,17,40,44,49,84,85,86,89,94" machi="17" ten="20,2700,0" yaku="0,1,7,1,52,1" doraHai="91" who="2" fromWho="2" sc="130,-8,321,-14,230,30,319,-8" /><INIT seed="6,0,0,3,5,130" ten="122,307,260,311" oya="2" hai0="84,52,115,90,74,56,23,133,42,87,33,9,62" hai1="11,79,31,120,118,110,15,124,27,55,22,99,96" hai2="61,13,116,49,12,53,125,76,30,6,63,107,92" hai3="24,82,38,83,131,109,4,98,77,71,95,26,89"/><V64/><F125/><W91/><G109/><T44/><D33/><U126/><E110/><V70/><F116/><W86/><G71/><T72/><D115/><U75/><E118/><V127/><F127/><N who="1" m="48681" /><E120/><V8/><F107/><W135/><G38/><T21/><D74/><U35/><E35/><V54/><F30/><W14/><G131/><T39/><D72/><U114/><E114/><V112/><F76/><W132/><G4/><T37/><D37/><U0/><E0/><V103/><F112/><W102/><G14/><T40/><D40/><U88/><E55/><V94/><F103/><W108/><G108/><T119/><D119/><U85/><E79/><V41/><F41/><W32/><G32/><T1/><D87/><U16/><E75/><V28/><F28/><W59/><G59/><T129/><D129/><U101/><E101/><V78/><F78/><W48/><G48/><T36/><D36/><U65/><E65/><V57/><REACH who="2" step="1"/><F12/><REACH who="2" ten="122,307,250,311" step="2"/><W122/><G77/><T2/><D2/><U10/><E10/><V7/><F7/><W19/><G102/><T121/><D121/><U73/><E73/><V80/><F80/><AGARI ba="0,1" hai="11,15,16,22,27,31,80,85,88,96,99" m="48681" machi="80" ten="30,3900,0" yaku="18,1,54,2" doraHai="130" who="1" fromWho="2" sc="122,0,307,49,250,-39,311,0" /><INIT seed="7,0,0,1,2,52" ten="122,356,211,311" oya="3" hai0="25,32,116,95,120,87,76,97,132,38,24,33,102" hai1="86,44,47,35,112,85,2,135,40,128,72,36,88" hai2="57,81,110,66,94,54,28,68,90,111,114,69,18" hai3="12,129,5,125,119,91,9,6,93,100,13,50,62"/><W22/><G119/><T103/><D132/><U27/><E72/><V73/><F28/><W37/><G37/><T74/><D120/><U84/><E135/><V4/><F114/><W15/><G129/><T51/><D38/><U17/><E2/><V59/><F4/><W77/><G77/><T45/><D116/><U115/><E128/><V8/><F73/><W19/><G100/><T98/><D74/><U48/><E35/><V106/><F81/><W127/><G50/><T49/><D76/><U133/><E133/><V11/><F106/><W21/><G62/><T104/><D87/><U124/><E124/><N who="3" m="47690" /><G91/><T130/><D130/><U131/><E131/><V7/><F18/><N who="3" m="10439" /><G93/><T83/><D83/><U67/><E67/><V71/><F66/><W126/><G126/><T75/><D75/><U53/><E88/><V123/><F54/><W42/><G42/><T56/><D45/><U43/><E53/><V16/><F94/><W105/><G105/><T78/><D78/><U60/><E60/><V3/><F90/><W26/><G5/><T65/><D65/><U31/><E31/><V1/><F123/><W134/><G134/><T108/><D95/><U80/><E80/><V96/><F96/><W107/><G107/><T64/><D104/><U92/><E92/><V109/><REACH who="2" step="1"/><F1/><AGARI ba="0,0" hai="1,6,9,13,15,19,22,26" m="10439,47690" machi="1" ten="30,5800,0" yaku="18,1,34,2" doraHai="52" who="3" fromWho="2" sc="122,0,356,0,211,-58,311,58" owari="122,-38.0,356,16.0,153,-25.0,369,47.0" /></mjloggm>