<mjloggm ver="2.3"><GO type="169" lobby="0"/><UN n0="%4F%4D%41%4E%54%41" n1="%31%74%61" n2="%EF%BC%81%E2%80%9D%EF%BC%83%EF%BC%84%EF%BC%85%EF%BC%86%E2%80%99%EF%BC%88" n3="%E3%82%82%E3%81%93%E3%81%BF" dan="19,16,17,17" rate="2277.47,2077.34,2132.04,2260.77" sx="M,M,M,M"/><TAIKYOKU oya="0"/><INIT seed="0,0,0,1,0,98" ten="250,250,250,250" oya="0" hai0="31,88,64,108,103,0,55,59,125,106,81,17,102" hai1="96,48,111,84,104,44,14,75,97,121,34,69,61" hai2="39,85,41,66,71,19,65,129,82,42,6,122,74" hai3="73,113,112,89,127,130,29,18,79,123,68,118,2"/><T32/><D0/><U86/><E34/><V52/><F122/><W57/><G57/><T5/><D106/><U124/><E75/><V1/><F129/><W77/><G18/><T20/><D5/><U132/><E111/><V133/><F133/><W70/><G29/><T107/><D107/><U22/><E121/><V40/><F39/><W120/><G89/><T50/><D108/><U83/><E124/><V131/><F74/><W23/><G23/><T35/><D125/><U26/><E14/><V13/><F71/><W95/><G95/><T114/><D114/><U46/><E46/><V76/><F131/><W3/><G73/><T7/><D7/><U12/><E12/><V99/><F99/><W63/><G130/><T134/><D134/><U78/><E86/><V60/><F1/><W30/><G30/><T28/><D35/><U15/><E15/><V37/><F37/><W11/><G63/><N who="0" m="38015" /><D32/><U4/><E4/><V109/><F6/><W45/><G45/><N who="0" m="28111" /><D31/><U10/><E104/><V119/><F109/><W16/><G16/><T128/><D28/><N who="1" m="17495" /><E10/><N who="2" m="6583" /><F119/><W92/><G118/><T53/><D53/><N who="1" m="29831" /><E132/><V72/><F72/><W67/><G127/><T115/><D115/><U21/><E21/><V110/><F110/><W135/><G135/><T116/><D116/><U117/><E117/><V90/><F76/><W56/><G120/><T36/><D36/><U80/><E80/><V24/><F24/><W38/><G38/><T101/><D128/><U43/><E43/><V94/><F82/><W105/><G123/><T62/><D81/><U126/><E126/><V93/><F93/><RYUUKYOKU ba="0,0" sc="250,-15,250,15,250,15,250,-15" hai1="61,69,78,83,84,96,97" hai2="40,41,42,52,60,65,66,85,90,94" /><INIT seed="1,1,0,4,4,31" ten="235,265,265,235" oya="1" hai0="114,10,4,9,133,69,108,30,74,34,22,51,43" hai1="75,101,53,67,37,17,96,89,24,63,86,27,83" hai2="0,84,15,38,12,107,127,131,129,94,82,48,56" hai3="70,66,119,135,128,73,110,125,55,8,58,124,116"/><U98/><E37/><V93/><F0/><W16/><G73/><T59/><D69/><U97/><E75/><V78/><F107/><W111/><G128/><N who="2" m="49225" /><F38/><W40/><G40/><T115/><D74/><U134/><E134/><V42/><F127/><N who="3" m="48715" /><G135/><T105/><D105/><U19/><E53/><N who="2" m="31783" /><F42/><W61/><G8/><T49/><D133/><U46/><E46/><V23/><F23/><W102/><G102/><T44/><D22/><U36/><E36/><V72/><F72/><W57/><G57/><T90/><D10/><U25/><REACH who="1" step="1"/><E101/><REACH who="1" ten="235,255,265,235" step="2"/><V79/><F79/><W130/><G130/><T71/><D44/><U7/><E7/><V33/><F33/><W29/><G29/><T80/><D30/><U123/><E123/><V104/><F104/><W87/><G16/><T32/><D4/><U14/><E14/><AGARI ba="1,1" hai="12,14,15,78,82,84,93,94" m="31783,49225" machi="14" ten="30,1000,0" yaku="19,1" doraHai="31" who="2" fromWho="1" sc="235,0,255,-13,265,23,235,0" /><INIT seed="2,0,0,3,4,31" ten="235,242,288,235" oya="2" hai0="115,62,78,67,51,7,107,1,83,30,104,132,109" hai1="117,42,101,72,85,63,16,94,112,26,70,125,108" hai2="113,44,60,66,121,135,49,39,99,37,118,28,9" hai3="111,130,128,124,55,93,116,24,91,114,18,77,74"/><V76/><F113/><W79/><G116/><T20/><D115/><U41/><E112/><V22/><F118/><W25/><G114/><T68/><D109/><U102/><E117/><V35/><F121/><W73/><G111/><T105/><D132/><U27/><E72/><N who="3" m="27754" /><G18/><T122/><D122/><U98/><E108/><V96/><F76/><N who="3" m="29259" /><G55/><T11/><D51/><U34/><E125/><V75/><F75/><W133/><G124/><T65/><D65/><U46/><E102/><V45/><F22/><W81/><G25/><T126/><D126/><U43/><E85/><V36/><F9/><W88/><G24/><T21/><D30/><U29/><E70/><V80/><F135/><W32/><G32/><T84/><AGARI ba="0,0" hai="1,7,11,20,21,62,67,68,78,83,84,104,105,107" machi="84" ten="30,1100,0" yaku="0,1" doraHai="31" who="0" fromWho="0" sc="235,11,242,-3,288,-5,235,-3" /><INIT seed="3,0,0,4,4,65" ten="246,239,283,232" oya="3" hai0="66,106,5,83,108,39,88,104,95,42,76,33,18" hai1="77,119,56,70,75,64,44,28,128,57,47,69,81" hai2="43,134,105,71,4,3,54,49,67,14,58,11,20" hai3="92,45,99,52,59,121,126,79,63,32,30,123,120"/><W36/><G126/><T23/><D33/><U22/><E128/><V125/><F105/><W116/><G116/><T24/><D108/><U9/><E119/><V85/><F125/><W131/><G131/><T87/><D5/><U51/><E9/><V31/><F134/><W35/><G79/><T41/><D66/><U21/><E47/><V90/><F43/><W80/><G80/><T74/><REACH who="0" step="1"/><D39/><REACH who="0" ten="236,239,283,232" step="2"/><U46/><E64/><V15/><F67/><W122/><G122/><T26/><D26/><U27/><E44/><V1/><F4/><W13/><G36/><T10/><D10/><U112/><E112/><V37/><F11/><W130/><G45/><T94/><D94/><U2/><E2/><V68/><F37/><W62/><G130/><T132/><D132/><U109/><E109/><V60/><F1/><W34/><G13/><T91/><D91/><U103/><E103/><V17/><F15/><W115/><G115/><T97/><D97/><U72/><E72/><V6/><F90/><W117/><G117/><T93/><D93/><U133/><E133/><V55/><F6/><W82/><G92/><T0/><D0/><U110/><E110/><V29/><F3/><W98/><G98/><T53/><D53/><U100/><E100/><V50/><F55/><W124/><G99/><T8/><D8/><U135/><E135/><V111/><F111/><W38/><G38/><T61/><D61/><U7/><E7/><V118/><F60/><N who="3" m="35943" /><G124/><T25/><D25/><U101/><E101/><V86/><F14/><W48/><G121/><T12/><D12/><U127/><E127/><RYUUKYOKU ba="0,1" sc="236,30,239,-10,283,-10,232,-10" hai0="18,23,24,41,42,74,76,83,87,88,95,104,106" /><INIT seed="4,1,1,5,4,128" ten="266,229,273,222" oya="0" hai0="41,53,100,25,51,2,122,88,121,65,76,94,124" hai1="116,133,73,82,28,43,33,104,46,119,90,38,15" hai2="79,115,77,30,9,91,18,29,39,83,93,123,132" hai3="36,49,126,34,117,86,4,130,111,16,96,13,3"/><T127/><D2/><U45/><E104/><V85/><F123/><W102/><G36/><T23/><D41/><U66/><E66/><V118/><F118/><W106/><G34/><T17/><D100/><U80/><E15/><N who="2" m="7535" /><F115/><W97/><G130/><T6/><D6/><U95/><E133/><V108/><F108/><W42/><G111/><T101/><D76/><N who="2" m="29258" /><F39/><W27/><G3/><T32/><D101/><U103/><E103/><V113/><F113/><W57/><G126/><N who="0" m="48171" /><D65/><U56/><E73/><V8/><F132/><W134/><G134/><T61/><D61/><U75/><E75/><V48/><F8/><N who="3" m="4231" /><G102/><T62/><D62/><U114/><E114/><V84/><F48/><W20/><G106/><T7/><D7/><U110/><E110/><V72/><F72/><W10/><G10/><T50/><D50/><U78/><E78/><AGARI ba="1,1" hai="29,30,78,83,84,85,91,93" m="29258,7535" machi="78" ten="30,1000,0" yaku="8,1" doraHai="128" who="2" fromWho="1" sc="266,0,229,-13,273,23,222,0" /><INIT seed="5,0,0,5,5,20" ten="266,216,296,222" oya="1" hai0="62,43,16,73,52,135,30,0,11,53,22,80,9" hai1="21,32,19,84,130,50,122,57,39,65,36,126,106" hai2="104,70,31,48,37,91,67,72,129,81,92,99,89" hai3="5,54,41,94,2,85,132,6,10,117,111,127,95"/><U133/><E122/><V17/><F37/><W119/><G111/><T110/><D110/><U114/><E114/><V121/><F129/><W115/><G115/><T123/><D123/><U101/><E130/><V68/><F104/><W82/><G127/><T93/><D135/><U102/><E32/><V120/><F31/><W45/><G6/><T96/><D43/><U78/><E126/><V105/><F105/><W69/><G69/><T103/><D30/><U87/><E133/><V124/><F124/><W13/><G54/><T63/><D73/><U49/><E39/><V98/><F48/><N who="1" m="18537" /><E36/><V29/><F29/><W4/><G45/><T55/><D80/><N who="1" m="47127" /><E87/><V59/><F72/><W1/><G41/><T109/><D109/><U34/><E34/><V116/><F116/><N who="3" m="44619" /><G132/><T15/><D0/><N who="3" m="105" /><G4/><N who="0" m="3495" /><D11/><U14/><E106/><V83/><F121/><W71/><G71/><T125/><D125/><U79/><E79/><AGARI ba="0,0" hai="5,10,13,79,82,85,94,95" m="105,44619" machi="79" ten="30,1000,0" yaku="12,1" doraHai="20" who="3" fromWho="1" sc="266,0,216,-10,296,0,222,10" /><INIT seed="6,0,0,5,2,2" ten="266,206,296,232" oya="2" hai0="63,120,123,4,51,6,52,38,125,72,73,113,106" hai1="104,31,61,77,33,5,93,122,35,15,129,3,37" hai2="60,105,17,1,10,84,40,20,65,100,26,102,0" hai3="56,41,103,71,112,128,14,34,89,46,22,74,111"/><V121/><F121/><W98/><G111/><T101/><D38/><U85/><E104/><V49/><F84/><W90/><G71/><T67/><D73/><U47/><E122/><V107/><F105/><W9/><G34/><T109/><D109/><U135/><E135/><V50/><F0/><W48/><G74/><T42/><D42/><U95/><E3/><V55/><F40/><W86/><G112/><T96/><D72/><U23/><E129/><V88/><F50/><W69/><G69/><T12/><D113/><U30/><E61/><V91/><F107/><W62/><G22/><T66/><D66/><U43/><E33/><V124/><F124/><W127/><G127/><T118/><D125/><U132/><E35/><V36/><F36/><W97/><G103/><T114/><D114/><U18/><E132/><V78/><F78/><W59/><G90/><T11/><D118/><U81/><REACH who="1" step="1"/><E5/><REACH who="1" ten="266,196,296,232" step="2"/><V130/><F1/><W117/><G128/><T53/><D4/><U27/><E27/><V64/><F26/><W44/><G62/><T29/><D123/><U82/><E82/><V28/><F60/><W57/><G117/><T108/><D120/><U58/><E58/><V94/><F130/><W70/><G46/><N who="0" m="27767" /><D108/><U133/><E133/><V25/><F25/><W76/><G70/><T79/><D67/><U116/><E116/><V131/><F131/><W83/><G76/><T7/><D79/><U45/><E45/><V39/><F65/><W32/><G32/><T80/><D63/><U99/><E99/><V115/><F64/><W54/><G41/><T16/><D106/><RYUUKYOKU ba="0,1" sc="266,-15,196,15,296,-15,232,15" hai1="15,18,23,30,31,37,43,47,77,81,85,93,95" hai3="9,14,44,48,54,56,57,59,83,86,89,97,98" /><INIT seed="7,1,1,0,2,36" ten="251,211,281,247" oya="3" hai0="75,133,37,50,3,124,91,55,79,94,78,14,84" hai1="40,89,63,128,102,30,17,106,72,47,95,88,119" hai2="114,49,121,105,0,123,35,90,99,87,8,28,12" hai3="23,10,127,5,76,103,74,120,52,45,13,122,81"/><W73/><G73/><T118/><D3/><U68/><E72/><V66/><F0/><W62/><G127/><T125/><D37/><U135/><E128/><V109/><F114/><W11/><G103/><T21/><D118/><U132/><E119/><V115/><F109/><W56/><G23/><T39/><D39/><N who="1" m="21919" /><E17/><V117/><F66/><W38/><REACH who="3" step="1"/><G11/><REACH who="3" ten="251,211,281,237" step="2"/><T100/><D75/><U82/><E30/><V20/><F8/><W42/><AGARI ba="1,2" hai="5,10,13,38,42,45,52,56,62,74,76,81,120,122" machi="42" ten="30,18000,2" yaku="1,1,2,1,0,1,52,1,54,1,53,1" doraHai="36" doraHaiUra="71" who="3" fromWho="3" sc="251,-61,211,-61,281,-61,237,203" owari="190,-21.0,150,-35.0,220,2.0,440,54.0" /></mjloggm>