<mjloggm ver="2.3"><GO type="169" lobby="0"/><UN n0="%E3%83%8E%E3%82%AA%E3%83%81%E3%83%A3%E3%83%99%E3%82%B9" n1="%E6%BC%82%E3%81%86" n2="%E3%83%A1%E3%82%BF%E3%83%93%E3%83%BC%E3%83%88" n3="%E3%82%82%E3%81%A3%E3%81%95" dan="17,16,18,16" rate="2215.55,2065.00,2290.95,2087.27" sx="M,M,M,M"/><TAIKYOKU oya="0"/><INIT seed="0,0,0,4,1,130" ten="250,250,250,250" oya="0" hai0="37,61,132,90,35,125,56,103,76,57,79,18,77" hai1="63,68,13,32,51,2,31,64,111,0,39,81,107" hai2="113,127,49,11,27,101,133,98,110,84,21,120,67" hai3="119,60,45,123,118,41,9,20,108,89,28,115,6"/><T19/><D37/><U102/><E111/><V1/><F110/><W91/><G115/><T52/><D35/><U88/><E13/><V72/><F72/><W43/><G43/><T92/><D125/><U22/><E22/><V17/><F120/><W53/><G108/><T16/><D132/><U46/><E88/><V5/><F113/><W30/><G123/><T114/><D114/><U80/><E80/><V83/><F67/><W54/><G20/><T99/><D57/><U34/><E81/><V55/><F127/><W4/><G45/><T100/><AGARI ba="0,0" hai="16,18,19,52,56,61,76,77,79,90,92,99,100,103" machi="100" ten="40,12000,1" yaku="0,1,8,1,54,2" doraHai="130" who="0" fromWho="0" sc="250,120,250,-40,250,-40,250,-40" /><INIT seed="0,1,0,5,2,123" ten="370,210,210,210" oya="0" hai0="91,102,119,95,11,63,73,116,113,18,24,72,80" hai1="56,12,30,90,86,105,25,111,7,19,29,131,89" hai2="17,76,16,28,57,3,88,8,42,100,39,47,66" hai3="55,62,23,4,109,82,35,124,83,106,117,84,1"/><T81/><D113/><U5/><E105/><V41/><F100/><W77/><G35/><T6/><D102/><U126/><E111/><V133/><F133/><W9/><G117/><T43/><D43/><U93/><E131/><V52/><F28/><W103/><G124/><T99/><D73/><U118/><E118/><V94/><F76/><W15/><G109/><T60/><D119/><U78/><E78/><V110/><F42/><W37/><G37/><T36/><D36/><U79/><E79/><V34/><F34/><W67/><G55/><T46/><D46/><U104/><E104/><V49/><F110/><W127/><G127/><T10/><D116/><U48/><E126/><V45/><F3/><W128/><G128/><T21/><D72/><U14/><E25/><V44/><F8/><W68/><G83/><T121/><D11/><U32/><E32/><V51/><F66/><W2/><REACH who="3" step="1"/><G23/><REACH who="3" ten="370,210,210,200" step="2"/><T70/><D121/><U40/><E40/><V132/><F132/><W13/><G13/><T27/><D27/><U59/><E12/><V75/><F39/><W50/><G50/><T125/><D125/><U107/><E14/><V122/><F122/><W135/><G135/><T120/><D120/><U134/><E134/><V53/><F75/><W101/><G101/><T108/><D108/><U33/><E33/><V0/><F0/><W115/><G115/><T74/><D74/><U98/><E48/><N who="2" m="26639" /><F45/><W87/><G87/><AGARI ba="1,1" hai="16,17,47,49,51,52,53,57,87,88,94" m="26639" machi="87" ten="30,7700,0" yaku="8,1,54,3" doraHai="123" who="2" fromWho="3" sc="370,0,210,0,210,90,200,-80" /><INIT seed="1,0,0,1,5,88" ten="370,210,300,120" oya="1" hai0="94,75,74,56,3,99,116,2,48,50,89,91,41" hai1="128,54,107,70,98,45,18,49,85,84,72,12,57" hai2="109,22,118,40,38,14,4,127,77,19,9,34,123" hai3="65,112,61,20,8,124,87,58,83,135,44,21,73"/><U28/><E70/><V130/><F118/><W126/><G112/><T15/><D116/><U95/><E72/><V79/><F123/><W100/><G73/><T134/><D134/><U69/><E69/><V115/><F109/><W52/><G135/><T108/><D108/><U63/><E128/><V5/><F130/><W1/><G100/><T10/><D75/><U131/><E28/><V120/><F120/><W132/><G132/><T62/><D74/><U42/><E107/><V101/><F34/><W103/><G103/><T53/><D3/><U64/><E64/><V106/><F127/><W32/><G32/><T114/><D2/><U16/><E131/><V92/><F106/><W117/><G117/><T71/><D114/><U113/><E113/><V0/><F4/><W25/><G8/><T31/><D31/><U90/><E18/><V24/><F115/><W121/><G1/><T78/><D78/><U119/><E119/><V23/><F40/><W36/><G121/><T86/><D41/><U27/><E27/><V122/><F38/><W133/><G133/><T97/><D71/><U35/><E35/><V17/><REACH who="2" step="1"/><F122/><REACH who="2" ten="370,210,290,120" step="2"/><W67/><G124/><T33/><D33/><U7/><E7/><V30/><F30/><W68/><G126/><T37/><D37/><U66/><E42/><V111/><F111/><W26/><G36/><T129/><D129/><U51/><E51/><V60/><F60/><W39/><G39/><T43/><D43/><U81/><E81/><V47/><F47/><W96/><G44/><T55/><D50/><U82/><E82/><V76/><F76/><RYUUKYOKU ba="0,1" sc="370,-15,210,15,290,15,120,-15" hai1="12,16,45,49,54,57,63,66,84,85,90,95,98" hai2="0,5,9,14,17,19,22,23,24,77,79,92,101" /><INIT seed="1,1,1,1,1,15" ten="355,225,305,105" oya="1" hai0="16,23,134,67,125,66,103,63,82,44,37,7,30" hai1="71,6,56,25,58,24,111,112,98,40,116,117,76" hai2="29,90,38,81,74,0,73,83,14,89,1,48,22" hai3="121,55,69,62,115,64,126,54,39,124,85,110,131"/><U34/><E71/><V45/><F38/><W41/><G85/><T33/><D134/><U93/><E112/><V9/><F0/><W122/><G115/><T133/><D133/><U65/><E76/><V84/><F1/><W49/><G110/><T114/><D114/><U86/><E86/><N who="2" m="50383" /><F73/><W97/><G97/><T130/><D67/><U88/><E111/><V123/><F74/><W132/><G132/><T102/><D7/><U28/><E6/><V107/><F107/><W99/><G99/><T5/><D5/><U92/><E40/><V100/><F100/><W21/><G21/><T72/><D30/><U27/><E93/><V95/><F123/><W3/><G3/><T91/><D33/><U8/><E8/><V87/><F22/><W118/><G131/><T59/><D130/><U75/><E75/><V128/><F29/><W94/><G94/><T43/><D125/><N who="3" m="48233" /><G118/><T120/><D120/><N who="3" m="46185" /><G39/><T10/><D10/><U36/><E36/><V35/><F35/><W13/><G13/><T135/><D135/><U68/><E34/><V79/><F128/><W60/><G60/><T61/><D63/><U26/><E116/><V17/><F84/><W18/><G18/><T2/><D2/><U129/><E117/><V108/><F108/><W106/><G106/><T101/><D91/><U96/><E129/><V51/><F90/><W53/><G41/><T50/><D37/><U47/><E96/><V105/><F105/><W127/><N who="3" m="48241" /><W52/><DORA hai="113" /><G55/><T20/><D16/><U46/><E28/><V70/><F17/><W119/><G119/><T77/><AGARI ba="1,1" hai="20,23,43,44,50,59,61,66,72,77,82,101,102,103" machi="77" ten="30,2000,0" yaku="5,1,0,1" doraHai="15,113" who="0" fromWho="0" sc="355,33,225,-11,305,-6,105,-6" /><INIT seed="2,0,0,5,3,68" ten="388,214,299,99" oya="2" hai0="27,72,106,101,4,59,0,55,57,86,33,91,60" hai1="66,73,82,130,35,109,43,21,42,126,14,78,98" hai2="69,75,20,88,103,76,117,31,84,135,102,47,38" hai3="1,123,61,36,10,92,124,89,29,40,114,97,96"/><V100/><F117/><W5/><G123/><T58/><D72/><U18/><E35/><V105/><F69/><W11/><G124/><T62/><D106/><U104/><E126/><V44/><F105/><W26/><G114/><T120/><D101/><U30/><E109/><V99/><F135/><W74/><G11/><T49/><D120/><U3/><E3/><V32/><F32/><W39/><G74/><T93/><D0/><U28/><E104/><V87/><F75/><W71/><G40/><T17/><D4/><U83/><E66/><V51/><F38/><W9/><G9/><T2/><D2/><U46/><E98/><V131/><F131/><W23/><G71/><T110/><D110/><U24/><E43/><V125/><F76/><W53/><G61/><N who="0" m="23659" /><D33/><U80/><E130/><V37/><F37/><W50/><REACH who="3" step="1"/><G96/><REACH who="3" ten="388,214,299,89" step="2"/><T16/><D27/><U54/><E73/><V119/><F125/><W7/><G7/><T108/><D108/><U79/><E42/><V85/><F119/><W122/><G122/><T65/><D65/><U127/><E127/><V116/><F116/><W81/><G81/><T13/><D13/><U95/><E78/><V22/><F99/><W52/><G52/><T67/><D67/><U8/><E79/><V19/><F84/><W111/><G111/><T133/><D133/><U25/><E54/><V90/><F85/><W64/><G64/><T115/><D115/><U56/><E8/><V121/><F87/><W77/><G77/><T94/><D94/><U12/><E95/><V134/><F134/><W107/><G107/><T112/><D112/><RYUUKYOKU ba="0,1" sc="388,15,214,-15,299,-15,89,15" hai0="16,17,49,55,57,58,59,86,91,93" hai3="1,5,10,23,26,29,36,39,50,53,89,92,97" /><INIT seed="3,1,1,5,0,25" ten="403,199,284,104" oya="3" hai0="13,125,113,67,82,132,81,57,78,121,17,20,8" hai1="89,34,23,1,114,69,24,95,106,32,65,47,66" hai2="63,18,72,90,5,101,45,122,53,41,120,93,30" hai3="96,44,84,100,105,92,68,15,31,134,10,26,58"/><W11/><G134/><T54/><D121/><N who="2" m="46698" /><F72/><W27/><G68/><T129/><D132/><U35/><E106/><V12/><F5/><W70/><G70/><T16/><D113/><U94/><E114/><V50/><F101/><W91/><G44/><T98/><D67/><U64/><E1/><V21/><F30/><W123/><G123/><T110/><D129/><U124/><E124/><V109/><F109/><W97/><G84/><T104/><D110/><U0/><E0/><V126/><F126/><W40/><G40/><T38/><D38/><U88/><E69/><V59/><F93/><W75/><G75/><T28/><D125/><U133/><E133/><V37/><F90/><W99/><G99/><T43/><D43/><U108/><E108/><V29/><F29/><W86/><G86/><T55/><D17/><U49/><E94/><V130/><F130/><W112/><G112/><T83/><D78/><U46/><E46/><V107/><F107/><W85/><G96/><T111/><D111/><U22/><E89/><V3/><F3/><W61/><G15/><T9/><D55/><U119/><E119/><V131/><F131/><W62/><G27/><N who="0" m="16487" /><D104/><U60/><E60/><AGARI ba="1,1" hai="12,18,21,37,41,45,50,53,59,60,63" m="46698" machi="60" ten="30,1000,0" yaku="13,1" doraHai="25" who="2" fromWho="1" sc="403,0,199,-13,284,23,104,0" /><INIT seed="4,0,0,5,5,130" ten="403,186,307,104" oya="0" hai0="82,52,69,70,83,57,11,6,99,13,109,12,41" hai1="18,25,39,128,115,34,17,64,31,27,91,21,7" hai2="124,32,62,30,95,85,46,36,77,3,93,79,123" hai3="80,94,127,14,71,1,105,63,89,106,135,120,47"/><T68/><D41/><U54/><E39/><V90/><F3/><W42/><G1/><T118/><D118/><U49/><E128/><V4/><F123/><W50/><G120/><T131/><D131/><U24/><E64/><V5/><F32/><W61/><G127/><T92/><D13/><U56/><E115/><V87/><F30/><W133/><G80/><T107/><D107/><U33/><E7/><V111/><F111/><W66/><G14/><T100/><REACH who="0" step="1"/><D109/><REACH who="0" ten="393,186,307,104" step="2"/><U129/><E129/><V73/><F124/><W19/><G61/><AGARI ba="0,1" hai="6,11,12,52,57,61,68,69,70,82,83,92,99,100" machi="61" ten="40,12000,1" yaku="1,1,2,1,54,1,53,1" doraHai="130" doraHaiUra="9" who="0" fromWho="3" sc="393,130,186,0,307,0,104,-120" owari="523,62.0,186,-21.0,307,11.0,-16,-52.0" /></mjloggm>