<mjloggm ver="2.3"><GO type="169" lobby="0"/><UN n0="%E3%81%86%E3%81%98%E3%81%93" n1="%E3%83%A1%E3%82%AC%E3%83%8D%30%65%78" n2="%4E%6F%2E%30%30%30%31" n3="%E3%82%B9%E3%83%9E%E3%83%9B%E7%94%A8%E3%81%AE%E3%82%84%E3%81%A4" dan="16,17,18,16" rate="2088.38,2189.10,2270.43,2123.59" sx="M,M,F,M"/><TAIKYOKU oya="0"/><INIT seed="0,0,0,2,4,60" ten="250,250,250,250" oya="0" hai0="35,130,63,57,129,20,110,125,116,50,68,21,47" hai1="39,42,112,118,4,115,88,53,34,48,12,33,58" hai2="61,25,70,24,65,0,81,49,71,36,121,31,105" hai3="52,32,19,56,28,44,95,135,7,10,108,131,74"/><T98/><D116/><U38/><E118/><V84/><F36/><N who="1" m="13865" /><E42/><V77/><F121/><W17/><G108/><T16/><D35/><U45/><E45/><V14/><F0/><W30/><G74/><T9/><D68/><U55/><E55/><V124/><F105/><W94/><G135/><T69/><D69/><U3/><E3/><V132/><F132/><W87/><G44/><T111/><D98/><U8/><E88/><V54/><F124/><W100/><G131/><N who="0" m="50187" /><D125/><U18/><E18/><V37/><F37/><W113/><G113/><AGARI ba="0,0" hai="4,8,12,33,34,48,53,58,112,113,115" m="13865" machi="113" ten="30,1000,0" yaku="11,1" doraHai="60" who="1" fromWho="3" sc="250,0,250,10,250,0,250,-10" /><INIT seed="1,0,0,2,1,59" ten="250,260,250,240" oya="1" hai0="4,55,32,129,18,112,3,98,53,121,96,82,116" hai1="115,17,28,13,63,104,79,12,33,127,19,109,65" hai2="131,114,7,5,20,122,78,99,91,85,90,45,46" hai3="86,87,106,25,134,48,57,123,60,44,93,132,61"/><U0/><E115/><V34/><F34/><W81/><G123/><T88/><D116/><U117/><E0/><V39/><F122/><W111/><G111/><T40/><D112/><U66/><E117/><V100/><F114/><W107/><G25/><T92/><D32/><U71/><E127/><V125/><F78/><W56/><G93/><T21/><D121/><U51/><E109/><V68/><F68/><W67/><G48/><T135/><D135/><N who="3" m="51753" /><G44/><T74/><D40/><U14/><E104/><N who="3" m="39978" /><G81/><T41/><D41/><U69/><E79/><V108/><F46/><W24/><G24/><T94/><D82/><U128/><E128/><V126/><F45/><W113/><G113/><T26/><D129/><U130/><E130/><V16/><F131/><W58/><G67/><T75/><D75/><U8/><E51/><V83/><F108/><W23/><G23/><T118/><D74/><U73/><E73/><V47/><F126/><W31/><G31/><T30/><D30/><U101/><E28/><V36/><F47/><W70/><G70/><T42/><D42/><U97/><E33/><V95/><F125/><W52/><G52/><T29/><D29/><U22/><E66/><V43/><F43/><W77/><G77/><T37/><D118/><U102/><E69/><V10/><F83/><W120/><G120/><T119/><D119/><U133/><E133/><V89/><F95/><W62/><AGARI ba="0,0" hai="56,57,58,60,61,62,86,87" m="39978,51753" machi="62" ten="40,12000,2" yaku="28,2,20,1,52,3" doraHai="59" who="3" fromWho="3" sc="250,-30,260,-60,250,-30,240,120" /><INIT seed="2,0,0,4,4,49" ten="220,200,220,360" oya="2" hai0="43,75,21,58,128,34,48,50,105,64,81,92,24" hai1="55,56,11,51,130,113,23,29,116,126,40,110,35" hai2="111,60,62,86,95,6,9,37,80,16,69,82,108" hai3="61,89,70,4,26,107,94,134,76,36,42,47,78"/><V19/><F37/><W71/><G134/><T122/><D105/><U13/><E113/><V53/><F95/><W63/><G107/><T0/><D0/><U38/><E116/><V88/><F80/><W125/><G4/><T68/><D34/><U14/><E110/><N who="2" m="42027" /><F69/><W10/><G10/><T101/><D68/><U41/><E38/><V30/><F30/><W135/><G135/><T123/><D64/><U102/><E102/><V59/><F62/><W93/><G36/><T132/><D92/><U18/><E130/><V99/><F99/><W27/><G89/><T114/><D81/><U46/><E126/><V91/><F91/><W45/><REACH who="3" step="1"/><G42/><REACH who="3" ten="220,200,220,350" step="2"/><T17/><D132/><U65/><E41/><V54/><F53/><W67/><G67/><T12/><D43/><U106/><E65/><V97/><F97/><W3/><G3/><AGARI ba="0,1" hai="3,6,9,16,19,54,59,60,82,86,88" m="42027" machi="3" ten="30,12000,1" yaku="14,1,10,1,52,1,54,2" doraHai="49" who="2" fromWho="3" sc="220,0,200,0,220,130,350,-120" /><INIT seed="2,1,0,5,1,128" ten="220,200,350,230" oya="2" hai0="77,79,44,75,65,73,61,87,2,129,83,72,30" hai1="94,5,90,118,41,63,15,99,49,55,69,115,52" hai2="22,66,14,17,131,92,127,123,108,21,121,85,68" hai3="84,56,76,37,8,6,40,116,23,50,112,60,93"/><V134/><F131/><W26/><G116/><T119/><D129/><U62/><E115/><V106/><F106/><W126/><G126/><T18/><D30/><U97/><E118/><V48/><F127/><W124/><G112/><T74/><D2/><U98/><E41/><V51/><F68/><W57/><G124/><T46/><D119/><U3/><E3/><V43/><F66/><W133/><G37/><T0/><D0/><U42/><E42/><V16/><F108/><W102/><G102/><T45/><D18/><U91/><E69/><V13/><F134/><W78/><G57/><T1/><D1/><U95/><E98/><V28/><F28/><W103/><G133/><T122/><D122/><U27/><E27/><V71/><F71/><W135/><G135/><T29/><D29/><U20/><E55/><V130/><F130/><W58/><G58/><T105/><D105/><U38/><E38/><V86/><F43/><W53/><G103/><T67/><REACH who="0" step="1"/><D61/><REACH who="0" ten="210,200,350,230" step="2"/><U9/><REACH who="1" step="1"/><E20/><REACH who="1" ten="210,190,350,230" step="2"/><V81/><F123/><W100/><G23/><T31/><D31/><U88/><E88/><N who="2" m="53271" /><F121/><W7/><G78/><AGARI ba="1,2" hai="13,14,16,17,21,22,48,51,78,81,85" m="53271" machi="78" ten="30,5800,0" yaku="8,1,54,2" doraHai="128" who="2" fromWho="3" sc="210,0,190,0,350,81,230,-61" /><INIT seed="2,2,0,0,4,85" ten="210,190,431,169" oya="2" hai0="54,2,81,96,129,19,70,132,28,102,79,3,51" hai1="16,36,42,113,15,29,20,68,33,40,32,53,48" hai2="87,0,121,60,45,107,4,130,41,83,49,66,52" hai3="63,31,25,112,94,78,103,50,9,135,93,101,26"/><V134/><F121/><W11/><G135/><T24/><D129/><U27/><E113/><V58/><F130/><W97/><G112/><T56/><D70/><U125/><E68/><V72/><F134/><W17/><G78/><T106/><D132/><U92/><E125/><V7/><F72/><W71/><G50/><T69/><D69/><U74/><E74/><V99/><F0/><W120/><G120/><T75/><REACH who="0" step="1"/><D19/><REACH who="0" ten="200,190,431,169" step="2"/><U86/><E36/><V98/><F107/><W77/><G17/><T23/><AGARI ba="2,1" hai="2,3,23,24,28,51,54,56,75,79,81,96,102,106" machi="23" ten="20,8000,1" yaku="1,1,2,1,0,1,7,1,53,1" doraHai="85" doraHaiUra="76" who="0" fromWho="0" sc="200,96,190,-22,431,-42,169,-22" /><INIT seed="3,0,0,3,3,29" ten="296,168,389,147" oya="3" hai0="52,76,112,93,100,49,23,135,128,44,95,57,69" hai1="41,97,11,30,45,31,40,106,64,13,132,85,77" hai2="66,58,21,35,1,129,14,123,60,16,116,3,104" hai3="67,48,75,108,120,72,33,84,28,110,101,24,107"/><W80/><G120/><T122/><D122/><U61/><E132/><V115/><F123/><W27/><G67/><T15/><D69/><U119/><E119/><V71/><F116/><W131/><G131/><T22/><D135/><U34/><E106/><V54/><F115/><W125/><G125/><T2/><D2/><U6/><E97/><V37/><F129/><W62/><G62/><T109/><D109/><N who="3" m="42089" /><G101/><T98/><D128/><U36/><E41/><V20/><F104/><W82/><G107/><T103/><D76/><U68/><REACH who="1" step="1"/><E34/><REACH who="1" ten="296,158,389,147" step="2"/><V55/><F35/><N who="3" m="20871" /><G48/><T96/><D112/><U17/><E17/><V12/><F37/><W7/><G7/><T5/><D44/><U50/><E50/><V121/><F121/><W127/><G127/><T0/><D0/><U88/><E88/><V87/><F1/><W70/><G70/><T92/><D92/><U8/><E8/><AGARI ba="0,1" hai="5,8,15,22,23,49,52,57,93,95,96,98,100,103" machi="8" ten="40,5200,0" yaku="9,1,8,1,54,1" doraHai="29" who="0" fromWho="1" sc="296,62,158,-52,389,0,147,0" /><INIT seed="4,0,0,4,1,109" ten="358,106,389,147" oya="0" hai0="121,3,41,63,47,12,126,88,54,15,4,116,59" hai1="113,6,27,42,115,35,130,111,107,99,10,38,55" hai2="46,34,23,110,119,14,133,125,31,56,104,51,60" hai3="108,8,17,106,45,117,101,9,0,120,50,11,93"/><T43/><D121/><U98/><E111/><V20/><F104/><W114/><G108/><T18/><D116/><U76/><E130/><V82/><F110/><W81/><G117/><T36/><D126/><U124/><E124/><V22/><F125/><W74/><G106/><T70/><D43/><U64/><E76/><V52/><F119/><W78/><G120/><T58/><D70/><U40/><E55/><V75/><F34/><W49/><G49/><T134/><D134/><U25/><E64/><V2/><F2/><W16/><G0/><T7/><D3/><N who="1" m="351" /><E27/><N who="2" m="16895" /><F75/><W37/><G37/><T1/><D1/><U86/><E86/><V44/><F133/><W53/><REACH who="3" step="1"/><G114/><REACH who="3" ten="358,106,389,137" step="2"/><N who="1" m="43530" /><E107/><V13/><F44/><W92/><G92/><T24/><D54/><U30/><E42/><N who="2" m="25047" /><F82/><W123/><G123/><T131/><D41/><U5/><E5/><V57/><F52/><W77/><G77/><T89/><D4/><U87/><E40/><V69/><F60/><W26/><G26/><T112/><D24/><U95/><E38/><V80/><F80/><W33/><G33/><T83/><D7/><U48/><E48/><V118/><F118/><W135/><G135/><T28/><D36/><U61/><E61/><V90/><F13/><W29/><G29/><T85/><D28/><U62/><E62/><V97/><F14/><W19/><G19/><T91/><D18/><U65/><E65/><V79/><F79/><W21/><G21/><T94/><D63/><U66/><E66/><V32/><F32/><W102/><G102/><T103/><D112/><U84/><E95/><N who="2" m="56567" /><F69/><W122/><G122/><RYUUKYOKU ba="0,1" sc="358,-30,106,10,389,10,137,10" hai1="25,30,35,84,87,98,99" hai2="20,22,56,57" hai3="8,9,11,16,17,45,50,53,74,78,81,93,101" /><INIT seed="5,1,1,0,0,16" ten="328,116,399,147" oya="1" hai0="80,58,51,121,77,96,70,32,78,26,73,27,127" hai1="56,55,57,76,99,107,72,14,119,7,40,2,95" hai2="114,89,69,108,53,109,79,60,87,111,13,90,106" hai3="104,113,17,47,66,94,41,131,19,18,4,23,10"/><U49/><E119/><V0/><F0/><W86/><G104/><T67/><D127/><U85/><E2/><V30/><F106/><W135/><G113/><T123/><D70/><U29/><E72/><V38/><F38/><W11/><G131/><T12/><D78/><U88/><E29/><V97/><F114/><W91/><G135/><T122/><D32/><U21/><E40/><V103/><F79/><W39/><G66/><T63/><D51/><U130/><E130/><V98/><F30/><W43/><G43/><T68/><D68/><U93/><E107/><V44/><F44/><W35/><G35/><T3/><D3/><U24/><E14/><V25/><F103/><W61/><G61/><T105/><D12/><U22/><E7/><V64/><F25/><W20/><REACH who="3" step="1"/><G11/><REACH who="3" ten="328,116,399,137" step="2"/><T129/><D129/><U116/><E116/><V102/><F64/><W28/><G28/><T5/><D105/><U65/><E24/><V33/><F33/><W115/><G115/><T134/><D134/><U126/><E126/><V37/><F109/><W59/><G59/><T62/><D27/><U9/><E9/><V71/><F69/><W75/><G75/><T100/><D26/><U83/><E93/><N who="2" m="56503" /><F111/><W125/><G125/><T101/><D123/><U54/><E65/><V6/><F108/><W124/><G124/><T118/><D122/><U84/><E84/><V34/><F87/><W82/><G82/><T112/><D121/><U42/><E42/><V74/><F74/><W110/><G110/><T45/><D118/><U128/><E128/><V132/><F132/><W120/><G120/><RYUUKYOKU ba="1,2" sc="328,-15,116,15,399,-15,137,15" hai1="21,22,49,54,55,56,57,76,83,85,88,95,99" hai3="4,10,17,18,19,20,23,39,41,47,86,91,94" /><INIT seed="5,2,2,0,2,12" ten="313,131,384,152" oya="1" hai0="60,110,133,49,96,23,82,11,76,99,107,65,40" hai1="52,54,30,114,98,115,122,84,92,113,70,1,72" hai2="134,28,4,58,61,83,128,73,132,120,2,6,37" hai3="3,116,32,100,69,19,105,53,55,51,85,91,42"/><U101/><E122/><V87/><F120/><W90/><G32/><T38/><D110/><U108/><E72/><V63/><F73/><W29/><G3/><T64/><D133/><N who="2" m="51306" /><F128/><W86/><G69/><T79/><D38/><U27/><E108/><V78/><F37/><W20/><G29/><T135/><D65/><U80/><E1/><V104/><F104/><W24/><G116/><T13/><D23/><U131/><E70/><V124/><F124/><W112/><G112/><T75/><D79/><N who="1" m="46111" /><E131/><V46/><F46/><N who="3" m="26071" /><G100/><T26/><D26/><U130/><E130/><V44/><F44/><W121/><G105/><T0/><D107/><U35/><AGARI ba="2,2" hai="27,30,35,52,54,92,98,101,113,114,115" m="46111" machi="35" ten="30,3000,0" yaku="15,1,54,1" doraHai="12" who="1" fromWho="1" sc="313,-12,131,56,384,-12,152,-12" /><INIT seed="5,3,0,2,3,34" ten="301,187,372,140" oya="1" hai0="80,104,29,67,8,111,59,26,18,94,58,96,9" hai1="98,7,78,116,70,10,120,36,130,28,108,95,77" hai2="12,64,79,85,44,23,132,122,21,37,134,135,48" hai3="30,45,114,74,81,76,15,103,83,105,121,1,20"/><U6/><E116/><V43/><F122/><W63/><G121/><T31/><D111/><U91/><E120/><V100/><F100/><W117/><G117/><T40/><D104/><U75/><E70/><V65/><F37/><W131/><G114/><T71/><D40/><U19/><E36/><V60/><F12/><W33/><G131/><T109/><D71/><U102/><E130/><V84/><F65/><W118/><G118/><T128/><D109/><U113/><E113/><V119/><F119/><W38/><G63/><T123/><D123/><U66/><E66/><V107/><F107/><W82/><G33/><T3/><D80/><U24/><E108/><V57/><F85/><W47/><G47/><T32/><D31/><U72/><E19/><V52/><F43/><W92/><G105/><T51/><D51/><U5/><E10/><V35/><F35/><W69/><G69/><T126/><D67/><U88/><E75/><V99/><F99/><W89/><G103/><T127/><D9/><U42/><E42/><V124/><F124/><N who="0" m="47658" /><D18/><U41/><E41/><V54/><F64/><W0/><G45/><T87/><D87/><U68/><E68/><V61/><F60/><W112/><G38/><T39/><D39/><U56/><E56/><N who="2" m="34967" /><F44/><W93/><G112/><T125/><N who="0" m="47666" /><T129/><DORA hai="115" /><D129/><U4/><N who="1" m="1024" /><DORA hai="55" /><U2/><E72/><V110/><F110/><W11/><G74/><T73/><D73/><U97/><E97/><V86/><F86/><W90/><G90/><N who="1" m="34346" /><E2/><V46/><F46/><W13/><G1/><T101/><D128/><U133/><E98/><RYUUKYOKU ba="3,0" sc="301,15,187,-15,372,15,140,-15" hai0="3,8,26,29,32,58,59,94,96,101" hai2="21,23,48,52,57,79,84,132,134,135" /><INIT seed="6,4,0,2,5,75" ten="316,172,387,125" oya="2" hai0="108,101,9,110,53,77,21,30,86,8,87,62,1" hai1="20,58,5,15,57,14,83,39,4,22,78,54,27" hai2="40,92,125,17,70,68,64,69,31,28,44,19,74" hai3="79,80,124,103,73,89,23,113,85,111,126,52,65"/><V35/><F74/><W7/><G65/><T61/><D101/><U117/><E117/><V26/><F64/><W105/><G7/><T56/><D30/><U96/><E39/><V119/><F119/><W109/><G23/><T0/><D21/><U135/><E135/><V60/><F60/><W49/><G113/><T48/><D48/><U128/><E128/><V47/><F125/><N who="3" m="48235" /><G103/><T122/><D56/><U59/><E54/><V12/><F31/><W25/><G25/><T71/><D53/><U11/><E96/><V107/><F26/><W98/><G98/><T37/><D37/><U82/><E27/><V116/><F28/><W81/><G105/><T10/><D10/><U94/><E94/><V43/><F92/><W2/><G2/><T95/><D95/><U84/><E82/><V130/><F107/><W99/><G99/><T42/><D122/><U45/><E45/><AGARI ba="4,0" hai="45,49,52,73,79,80,81,85,89,109,111" m="48235" machi="45" ten="30,3900,0" yaku="18,1,52,1,54,1" doraHai="75" who="3" fromWho="1" sc="316,0,172,-51,387,0,125,51" /><INIT seed="7,0,0,0,1,15" ten="316,121,387,176" oya="3" hai0="93,10,73,5,70,108,58,91,27,46,49,50,124" hai1="31,115,9,61,83,101,97,113,125,69,16,28,20" hai2="111,81,87,98,4,127,41,64,72,56,107,8,45" hai3="17,82,7,122,11,48,119,52,40,80,1,75,21"/><W78/><G119/><T89/><D108/><U130/><E130/><V126/><F111/><W13/><G122/><T133/><D70/><U30/><E125/><V79/><F64/><W0/><G80/><T24/><D73/><U38/><E38/><N who="2" m="21687" /><F56/><W60/><G60/><T120/><D120/><U19/><E9/><V12/><F98/><W112/><G112/><N who="1" m="43082" /><E20/><V88/><F107/><W42/><G1/><T132/><D58/><AGARI ba="0,0" hai="0,7,11,13,17,21,40,42,48,52,58,75,78,82" machi="58" ten="30,5800,0" yaku="7,1,52,1,54,1" doraHai="15" who="3" fromWho="0" sc="316,-58,121,0,387,0,176,58" /><INIT seed="7,1,0,5,0,58" ten="258,121,387,234" oya="3" hai0="67,46,106,19,39,126,107,110,63,95,123,52,100" hai1="26,98,50,1,112,57,111,117,120,116,114,121,91" hai2="87,62,108,37,94,78,102,70,2,14,25,13,53" hai3="128,64,44,131,125,24,85,27,38,127,86,22,68"/><W40/><G85/><T36/><D110/><U59/><E1/><V113/><F37/><W134/><G86/><T48/><D126/><N who="3" m="48137" /><G27/><T115/><D115/><N who="1" m="44075" /><E26/><V122/><F25/><W101/><G101/><T51/><D123/><N who="1" m="47179" /><E91/><V60/><F87/><W61/><G134/><T54/><D19/><AGARI ba="1,0" hai="19,22,24,38,40,44,61,64,68,128,131" m="48137" machi="19" ten="30,2900,0" yaku="18,1,52,1" doraHai="58" who="3" fromWho="0" sc="258,-32,121,0,387,0,234,32" /><INIT seed="7,2,0,3,0,85" ten="226,121,387,266" oya="3" hai0="62,115,18,133,107,118,123,61,98,114,27,68,75" hai1="7,37,125,57,58,105,109,134,16,14,129,39,19" hai2="0,127,132,113,10,92,73,95,106,26,82,34,91" hai3="90,49,1,54,120,3,84,65,38,46,55,94,17"/><W28/><G120/><T72/><D123/><U112/><E109/><V22/><F106/><W29/><G38/><T131/><D118/><U135/><E105/><V121/><F121/><W110/><G110/><T42/><D42/><U12/><E7/><V56/><F34/><W21/><G65/><N who="0" m="41007" /><D18/><U93/><E93/><V24/><F113/><N who="0" m="43018" /><D27/><U51/><E51/><V86/><F26/><W70/><G70/><T83/><D131/><U32/><E112/><V2/><F24/><W77/><G77/><N who="0" m="44455" /><D62/><U23/><E23/><V79/><F73/><W67/><G67/><T117/><D75/><U33/><REACH who="1" step="1"/><E125/><REACH who="1" ten="226,111,387,266" step="2"/><V88/><F127/><W9/><G9/><T6/><D6/><U69/><E69/><V66/><F10/><W40/><G3/><T36/><D36/><U13/><E13/><V102/><F0/><W78/><G1/><T104/><D117/><U116/><E116/><V80/><F2/><W63/><G21/><T41/><D107/><U103/><E103/><V76/><F102/><W100/><G94/><T74/><D104/><U81/><E81/><V124/><F22/><W128/><G100/><T35/><D35/><U71/><E71/><V119/><F119/><W8/><G8/><T44/><D74/><U111/><E111/><V15/><F95/><W47/><G49/><N who="0" m="26767" /><D98/><U99/><E99/><V108/><F92/><W97/><G97/><T45/><D45/><U50/><E50/><V87/><F108/><W89/><G47/><T53/><D133/><U130/><AGARI ba="2,1" hai="12,14,16,19,32,33,37,39,57,58,129,130,134,135" machi="130" ten="25,12000,2" yaku="1,1,0,1,22,2,54,1,53,2" doraHai="85" doraHaiUra="31" who="1" fromWho="1" sc="226,-32,111,136,387,-32,266,-62" owari="194,-31.0,247,5.0,355,46.0,204,-20.0" /></mjloggm>