<mjloggm ver="2.3"><GO type="169" lobby="0"/><UN n0="%54%68%65%72%65%73%61%5F" n1="%E3%81%B2%E3%81%BF%E3%81%A6%E3%82%93" n2="%E3%81%BA%E3%82%8D%E3%81%BA%E3%82%8D%E3%81%8D%E3%82%93" n3="%E3%83%90%E3%83%AA%E3%83%88%E3%83%B3" dan="16,16,17,17" rate="2103.93,2095.38,2196.06,2192.46" sx="M,M,M,M"/><TAIKYOKU oya="0"/><INIT seed="0,0,0,1,0,8" ten="250,250,250,250" oya="0" hai0="78,77,66,103,41,20,130,36,21,83,111,104,132" hai1="73,100,26,97,135,86,74,121,71,16,6,76,84" hai2="63,1,22,58,68,125,110,124,47,61,116,106,118" hai3="42,131,27,60,33,85,46,112,65,67,29,101,44"/><T108/><D130/><U17/><E121/><V109/><F106/><W3/><G3/><T52/><D132/><U89/><E71/><V95/><F95/><W53/><G112/><T37/><D66/><U14/><E135/><V134/><F1/><W2/><G2/><T19/><D103/><U56/><E74/><V5/><F5/><W128/><G85/><T79/><D104/><U9/><E56/><V49/><F22/><W123/><G123/><T80/><D20/><N who="1" m="13575" /><E73/><V91/><F91/><W127/><G127/><N who="2" m="48713" /><F68/><W25/><G101/><T102/><D102/><U96/><E100/><V54/><F63/><W40/><G53/><T28/><D52/><U62/><E62/><V10/><F10/><W107/><G107/><T30/><D77/><U48/><E48/><V38/><F38/><W15/><G60/><T32/><D32/><U72/><E72/><V50/><F134/><W34/><REACH who="3" step="1"/><G29/><REACH who="3" ten="250,250,250,240" step="2"/><T81/><D28/><U126/><E126/><V51/><F47/><W24/><G24/><T4/><D30/><U120/><E120/><V69/><F69/><W129/><G129/><T35/><D41/><U87/><E76/><V122/><F122/><W18/><G18/><T88/><D19/><U92/><E97/><V11/><F11/><W31/><G31/><T45/><D79/><U57/><E57/><V59/><F58/><W133/><G133/><T43/><D78/><U90/><E90/><V117/><AGARI ba="0,1" hai="49,50,51,54,59,61,109,110,116,117,118" m="48713" machi="117" ten="40,8000,1" yaku="12,1,18,1,34,2" doraHai="8" who="2" fromWho="2" sc="250,-40,250,-20,250,90,240,-20" /><INIT seed="1,0,0,0,4,2" ten="210,230,340,220" oya="1" hai0="61,70,50,113,55,117,126,74,119,38,120,71,8" hai1="67,89,73,24,27,3,97,125,34,4,35,20,92" hai2="18,104,0,64,53,10,23,127,17,135,122,12,5" hai3="14,1,47,19,81,22,84,103,80,43,39,102,31"/><U68/><E73/><V101/><F122/><W111/><G111/><T124/><D74/><U107/><E125/><N who="0" m="48233" /><D8/><U78/><E78/><V21/><F127/><W59/><G1/><T63/><D113/><U109/><E109/><V13/><F135/><W48/><G31/><T57/><D38/><U44/><E107/><V54/><REACH who="2" step="1"/><F64/><REACH who="2" ten="210,230,330,220" step="2"/><W98/><G103/><T130/><D120/><U41/><E67/><V91/><F91/><W32/><G32/><T112/><D112/><U40/><E68/><N who="0" m="26153" /><D130/><U46/><E35/><V118/><F118/><AGARI ba="0,1" hai="50,55,57,61,63,117,118,119" m="26153,48233" machi="118" ten="40,5200,0" yaku="18,1,34,2" doraHai="2" who="0" fromWho="2" sc="210,62,230,0,330,-52,220,0" /><INIT seed="2,0,0,4,2,117" ten="272,230,278,220" oya="2" hai0="101,86,4,119,132,6,127,38,35,133,42,20,46" hai1="49,47,73,54,36,123,62,87,25,76,82,57,28" hai2="40,39,55,74,102,99,103,115,79,118,10,18,21" hai3="104,14,17,68,30,58,53,0,22,66,95,122,114"/><V120/><F118/><W90/><G104/><T89/><D35/><U106/><E106/><V78/><F115/><W128/><G128/><T110/><D119/><U26/><E36/><V107/><F103/><W94/><G0/><T37/><D37/><U93/><E93/><V88/><F120/><W124/><G124/><T105/><D127/><U67/><E73/><V69/><F69/><W41/><G41/><T75/><D75/><U33/><REACH who="1" step="1"/><E25/><REACH who="1" ten="272,220,278,220" step="2"/><V125/><F74/><W7/><G95/><T3/><D105/><U126/><E126/><V44/><F125/><W15/><G114/><T12/><D38/><U9/><E9/><V84/><F10/><W91/><G94/><T116/><D116/><U5/><E5/><V63/><F107/><W48/><G7/><T45/><D4/><U56/><E56/><V13/><F102/><W2/><G58/><T92/><D101/><U11/><E11/><V24/><F24/><W135/><G68/><T113/><D113/><U23/><E23/><V32/><F32/><W83/><G22/><T121/><D20/><U81/><E81/><V80/><F99/><W98/><G83/><T34/><D6/><U27/><E27/><V64/><F39/><W131/><G98/><T85/><D92/><U60/><E60/><V43/><F63/><W19/><G14/><T77/><D12/><U130/><E130/><V8/><F21/><W96/><G15/><T59/><D34/><U129/><E129/><V50/><F64/><W16/><G96/><T97/><D97/><U71/><E71/><V70/><F70/><W134/><G131/><RYUUKYOKU ba="0,1" sc="272,-15,220,15,278,15,220,-15" hai1="26,28,33,47,49,54,57,62,67,76,82,87,123" hai2="8,13,18,40,43,44,50,55,78,79,80,84,88" /><INIT seed="2,1,1,4,2,71" ten="257,235,293,205" oya="2" hai0="109,70,18,101,99,60,35,49,33,3,34,89,25" hai1="37,108,1,54,110,95,69,87,8,24,26,41,19" hai2="21,51,72,122,76,63,38,85,40,86,88,47,121" hai3="123,97,115,52,91,78,82,133,50,105,114,98,132"/><V124/><F124/><W15/><G123/><T14/><D3/><U104/><E104/><V48/><F72/><W58/><G15/><T129/><D109/><N who="1" m="42091" /><E69/><V74/><F74/><N who="3" m="43351" /><G91/><T100/><D129/><U45/><E54/><V135/><F135/><N who="3" m="51787" /><G105/><T28/><D49/><U23/><E95/><V11/><F63/><W94/><G94/><T103/><D89/><U68/><E68/><V84/><F76/><W118/><G118/><T111/><D111/><U119/><E87/><V16/><F11/><W4/><G4/><T80/><D80/><U13/><E119/><V10/><F10/><W120/><G120/><T112/><D112/><AGARI ba="1,1" hai="50,52,58,97,98,112,114,115" m="51787,43351" machi="112" ten="30,3900,0" yaku="11,1,20,1,54,1" doraHai="71" who="3" fromWho="0" sc="257,-42,235,0,293,0,205,52" /><INIT seed="3,0,0,4,4,102" ten="215,235,293,257" oya="3" hai0="106,53,101,108,45,63,119,15,34,105,58,120,19" hai1="54,33,73,135,84,46,38,74,109,80,3,134,2" hai2="124,27,30,75,117,39,95,25,89,100,6,111,51" hai3="79,87,96,125,14,49,36,24,81,22,130,20,99"/><W40/><G36/><T126/><D119/><U10/><E109/><V8/><F117/><W29/><G130/><T41/><D120/><U85/><E33/><V132/><F111/><W69/><G69/><T32/><D108/><U64/><E64/><V68/><F39/><W131/><G125/><T83/><D126/><U67/><E67/><V118/><F68/><W9/><G22/><T115/><D115/><U90/><E38/><V4/><F75/><N who="1" m="28681" /><E46/><V23/><F118/><W72/><G72/><T62/><D83/><U76/><E54/><V60/><F60/><W77/><G77/><T52/><D101/><U26/><E26/><V93/><F100/><W44/><REACH who="3" step="1"/><G131/><REACH who="3" ten="215,235,293,247" step="2"/><T16/><D32/><U107/><E10/><V18/><F8/><W110/><G110/><T129/><D34/><U86/><E2/><V123/><F124/><W17/><AGARI ba="0,1" hai="9,14,17,20,24,29,40,44,49,79,81,87,96,99" machi="17" ten="20,7800,0" yaku="1,1,0,1,7,1,8,1,53,0" doraHai="102" doraHaiUra="127" who="3" fromWho="3" sc="215,-26,235,-26,293,-26,247,88" /><INIT seed="3,1,0,0,1,93" ten="189,209,267,335" oya="3" hai0="23,13,117,61,19,4,45,128,22,47,119,82,102" hai1="0,11,12,33,92,9,10,64,80,50,40,107,123" hai2="98,48,42,135,118,1,16,28,59,127,31,133,97" hai3="105,132,77,30,67,110,41,106,57,44,88,71,112"/><W17/><G112/><T86/><D128/><U27/><E107/><V113/><F118/><W120/><G120/><T14/><D102/><U49/><E123/><V56/><F1/><W85/><G71/><T7/><D61/><U21/><E33/><V101/><F113/><W37/><G30/><N who="2" m="11305" /><F101/><W8/><G77/><T25/><D86/><U108/><E108/><V83/><F83/><W20/><G8/><N who="1" m="3178" /><E0/><V111/><F111/><W65/><G132/><N who="2" m="50761" /><F127/><W73/><G73/><T109/><D82/><U103/><E80/><V43/><F16/><W6/><G6/><T2/><D109/><U89/><E103/><V3/><F3/><W29/><G29/><T122/><D122/><U114/><E64/><V100/><F100/><W75/><G75/><T60/><D19/><N who="1" m="12735" /><E40/><N who="2" m="15403" /><F48/><W52/><G110/><T18/><D2/><U46/><E46/><V15/><F15/><N who="3" m="9279" /><G106/><T68/><D18/><N who="1" m="8479" /><E114/><V79/><F79/><W126/><G126/><T91/><D117/><U81/><E81/><V95/><F95/><N who="3" m="54671" /><G105/><T134/><D119/><U84/><AGARI ba="1,0" hai="49,50,84,89,92" m="8479,12735,3178" machi="84" ten="30,1100,0" yaku="8,1" doraHai="93" who="1" fromWho="1" sc="189,-4,209,14,267,-4,335,-6" /><INIT seed="4,0,0,4,1,118" ten="185,223,263,329" oya="0" hai0="117,30,53,19,104,28,107,114,92,83,111,115,66" hai1="14,127,91,62,59,26,93,25,61,105,4,74,60" hai2="68,76,17,57,106,52,6,84,36,102,48,58,24" hai3="124,37,97,75,35,0,96,47,11,73,32,41,121"/><T18/><D117/><U12/><E105/><N who="0" m="40521" /><D66/><U125/><E74/><V44/><F68/><W16/><G124/><N who="1" m="47690" /><E59/><V81/><F36/><W67/><G67/><T56/><D83/><U20/><E4/><V69/><F69/><W55/><G121/><T27/><D92/><U29/><E26/><V119/><F119/><W2/><G55/><T85/><D85/><AGARI ba="0,0" hai="12,14,20,25,29,60,61,62,85,91,93" m="47690" machi="85" ten="30,1000,0" yaku="18,1" doraHai="118" who="1" fromWho="0" sc="185,-10,223,10,263,0,329,0" /><INIT seed="5,0,0,0,0,117" ten="175,233,263,329" oya="1" hai0="73,104,126,21,131,3,28,105,7,9,68,88,134" hai1="40,67,46,78,63,39,2,31,133,50,81,106,101" hai2="17,69,89,6,13,95,47,71,60,16,124,90,41" hai3="56,92,65,103,34,8,80,94,72,12,64,48,84"/><U75/><E133/><V125/><F6/><W18/><G72/><T74/><D134/><U53/><E2/><V35/><F35/><W91/><G34/><T36/><D36/><U123/><E123/><V10/><F17/><W66/><G103/><T87/><D68/><U79/><E79/><V30/><F30/><W109/><G109/><T57/><D126/><N who="2" m="48746" /><F60/><W100/><G100/><T99/><D131/><U62/><E31/><V24/><F24/><W44/><REACH who="3" step="1"/><G56/><REACH who="3" ten="175,233,263,319" step="2"/><T116/><D57/><N who="1" m="32951" /><E101/><V107/><F107/><W11/><G11/><T97/><D104/><U14/><E106/><V93/><F71/><W52/><AGARI ba="0,1" hai="8,12,18,44,48,52,64,65,66,80,84,91,92,94" machi="52" ten="30,12000,2" yaku="1,1,0,1,25,2,8,1,54,1,53,0" doraHai="117" doraHaiUra="130" who="3" fromWho="3" sc="175,-30,233,-60,263,-30,319,130" /><INIT seed="6,0,0,5,5,26" ten="145,173,233,449" oya="2" hai0="19,125,53,76,34,133,35,131,85,66,118,32,40" hai1="49,61,22,80,109,75,128,5,31,81,98,52,65" hai2="46,29,112,7,86,60,120,64,45,8,113,17,28" hai3="126,47,62,91,68,12,79,44,92,101,123,24,121"/><V14/><F120/><W59/><G68/><T84/><D125/><U43/><E109/><V73/><F73/><W110/><G110/><T97/><D131/><U135/><E128/><V23/><F86/><W124/><G101/><T78/><D133/><U83/><E135/><V38/><F38/><W93/><G79/><T2/><D2/><U21/><E5/><V18/><F46/><N who="3" m="17451" /><G12/><T132/><D132/><U102/><E75/><V10/><F45/><W20/><G20/><T15/><D40/><U103/><E43/><V129/><F129/><W100/><G24/><T11/><D118/><U104/><E103/><V96/><F96/><N who="3" m="57375" /><G93/><T39/><D39/><U0/><E0/><N who="2" m="103" /><F60/><W27/><G27/><T72/><D72/><U77/><E77/><V67/><F67/><N who="3" m="39391" /><G100/><T111/><D111/><U1/><E1/><V63/><F63/><W56/><G56/><T58/><D66/><U6/><E6/><V69/><F64/><W25/><G25/><T42/><D42/><U37/><E37/><V117/><F69/><W134/><G134/><T70/><D70/><U4/><E4/><N who="2" m="3399" /><F117/><W90/><G90/><T130/><D130/><U3/><E3/><V108/><F108/><W115/><G115/><N who="2" m="44105" /><F23/><N who="1" m="8713" /><E65/><V82/><F82/><W106/><G106/><T107/><D107/><U71/><E71/><V74/><F74/><W54/><G54/><T127/><D53/><U57/><E61/><V88/><F88/><W116/><G116/><T9/><D76/><U95/><E104/><V87/><F87/><W122/><G121/><T30/><D78/><U105/><E105/><V16/><AGARI ba="0,0" hai="16,17,18,28,29" m="44105,3399,103" machi="16" ten="30,18000,2" yaku="5,1,15,1,34,2,52,2,54,1" doraHai="26" who="2" fromWho="2" sc="145,-60,173,-60,233,180,449,-60" /><INIT seed="6,1,0,0,3,3" ten="85,113,413,389" oya="2" hai0="28,77,31,17,30,123,82,27,105,113,54,16,10" hai1="101,92,73,106,109,52,120,119,72,61,34,8,47" hai2="130,37,100,57,83,84,39,40,12,79,129,112,126" hai3="23,74,131,18,68,133,60,46,43,80,21,135,64"/><V38/><F112/><W26/><G131/><N who="2" m="50185" /><F126/><W42/><G23/><T58/><D123/><U81/><E109/><V13/><F40/><W63/><G63/><T66/><D105/><U76/><E120/><V99/><F57/><W89/><G89/><T55/><D113/><U2/><E34/><V15/><F15/><W86/><G86/><N who="0" m="48463" /><D66/><U118/><E73/><V5/><F5/><W62/><G62/><T128/><D128/><U44/><E106/><AGARI ba="1,0" hai="12,13,37,38,39,79,83,84,99,100,106" m="50185" machi="106" ten="40,2000,0" yaku="19,1" doraHai="3" who="2" fromWho="1" sc="85,0,113,-23,413,23,389,0" /><INIT seed="6,2,0,0,2,82" ten="85,90,436,389" oya="2" hai0="93,68,94,55,46,105,17,2,7,71,72,75,16" hai1="118,67,110,90,39,37,96,98,104,51,5,92,73" hai2="4,65,36,3,97,130,41,60,10,87,74,100,56" hai3="122,124,79,24,31,11,120,64,95,54,12,53,134"/><V52/><F130/><W61/><G134/><T66/><D105/><U58/><E73/><V18/><F74/><W34/><G124/><T57/><D46/><U27/><E110/><V113/><F113/><W117/><G79/><T40/><D40/><U131/><E131/><V14/><F41/><W109/><G117/><T42/><D42/><U8/><E118/><V78/><F36/><W132/><G132/><T77/><D66/><U63/><E27/><V49/><F78/><W114/><G109/><T35/><D35/><U47/><E98/><V127/><F87/><W48/><G114/><T22/><D7/><U0/><REACH who="1" step="1"/><E104/><REACH who="1" ten="85,80,436,389" step="2"/><V26/><F127/><W103/><G122/><T107/><D107/><U15/><E15/><V13/><F26/><W116/><G120/><T69/><D2/><U108/><E108/><V45/><F18/><W70/><G116/><T43/><D17/><U59/><E59/><V85/><F85/><W33/><G33/><T19/><D19/><U1/><E1/><V126/><F126/><W111/><G111/><T62/><D75/><U28/><E28/><V23/><F23/><W99/><G48/><T112/><D112/><U6/><E6/><AGARI ba="2,1" hai="6,11,12,24,31,34,53,54,61,64,70,95,99,103" machi="6" ten="30,1000,0" yaku="7,1" doraHai="82" who="3" fromWho="1" sc="85,0,80,-16,436,0,389,26" /><INIT seed="7,0,0,5,3,130" ten="85,64,436,415" oya="3" hai0="64,105,49,12,129,44,11,1,10,135,113,95,57" hai1="42,35,51,86,65,132,55,5,4,41,83,75,123" hai2="87,107,133,6,38,47,2,96,43,62,24,121,59" hai3="70,16,122,127,14,53,119,108,8,110,117,94,126"/><W54/><G70/><T30/><D105/><U78/><E123/><V34/><F121/><W114/><G122/><T80/><D135/><U48/><E132/><V72/><F133/><W15/><G94/><T77/><D129/><U79/><E65/><V81/><F72/><W98/><G98/><T115/><D30/><U19/><E35/><V69/><F6/><W45/><G114/><N who="0" m="43531" /><D95/><U17/><E75/><V23/><F2/><W93/><G93/><T102/><D102/><U20/><E20/><V67/><F34/><W111/><G45/><T74/><D1/><U118/><E118/><N who="3" m="45066" /><G15/><T101/><D12/><U28/><E28/><V134/><F134/><W29/><G29/><T0/><D0/><U39/><E39/><V116/><F116/><W92/><G92/><T27/><D27/><U58/><E78/><N who="2" m="46519" /><F69/><W89/><G89/><T84/><D101/><U18/><E41/><V9/><F107/><W63/><G63/><N who="0" m="37999" /><D74/><U60/><E60/><V36/><F96/><W112/><G112/><T91/><D91/><U26/><E26/><V66/><F36/><W97/><G97/><T40/><AGARI ba="0,0" hai="10,11,40,44,49,77,80,84" m="37999,43531" machi="40" ten="30,2000,0" yaku="15,1,11,1" doraHai="130" who="0" fromWho="0" sc="85,20,64,-5,436,-5,415,-10" owari="105,-29.0,59,-44.0,431,52.0,405,21.0" /></mjloggm>