<mjloggm ver="2.3"><GO type="169" lobby="0"/><UN n0="%36%39%33" n1="%61%6B%69%62%61%62%61%6E" n2="%E3%82%AA%E3%83%AD%E3%83%8E%E3%81%A1%E3%82%83%E3%82%93" n3="%E5%B9%BB%E9%9C%8A" dan="16,17,16,17" rate="2094.22,2168.24,2030.09,2213.73" sx="M,M,F,F"/><TAIKYOKU oya="0"/><INIT seed="0,0,0,0,1,19" ten="250,250,250,250" oya="0" hai0="39,69,79,24,124,35,3,4,109,18,131,11,27" hai1="92,36,104,20,84,60,80,67,116,25,5,133,23" hai2="37,135,10,28,99,97,53,125,0,72,110,6,106" hai3="112,9,49,22,61,119,105,82,40,45,30,12,48"/><T81/><D69/><U41/><E104/><V127/><F72/><W15/><G119/><T42/><D124/><N who="2" m="47690" /><F37/><W117/><G117/><T98/><D131/><U52/><E116/><V100/><F110/><W91/><G112/><T58/><D58/><N who="1" m="34887" /><E36/><V122/><F122/><W90/><G105/><T2/><D2/><U121/><E121/><V74/><F74/><W132/><G132/><T47/><D35/><U134/><E25/><V76/><F76/><W7/><G61/><T64/><D64/><U85/><E41/><V128/><F97/><W77/><G49/><T44/><D98/><U70/><E5/><V71/><F71/><W16/><REACH who="3" step="1"/><G30/><REACH who="3" ten="250,250,250,240" step="2"/><T115/><D115/><U114/><E114/><V1/><F28/><W129/><G129/><T34/><D39/><U130/><E130/><V43/><F128/><W83/><G83/><T102/><D81/><U32/><E92/><V118/><F118/><W50/><G50/><T113/><D113/><U88/><E133/><V68/><F135/><W56/><G56/><T31/><D31/><U87/><E70/><V86/><F68/><W38/><G38/><T95/><D95/><U29/><E134/><V111/><F106/><W17/><G17/><T126/><D18/><U21/><E29/><V46/><F111/><W123/><G123/><T66/><D109/><U94/><E32/><V26/><F6/><W75/><AGARI ba="0,1" hai="7,9,12,15,16,22,40,45,48,75,77,82,90,91" machi="75" ten="20,8000,1" yaku="1,1,0,1,7,1,52,1,54,1,53,0" doraHai="19" doraHaiUra="57" who="3" fromWho="3" sc="250,-40,250,-20,250,-20,240,90" /><INIT seed="1,0,0,0,3,113" ten="210,230,230,330" oya="1" hai0="23,96,8,108,55,7,39,109,14,48,45,58,56" hai1="79,49,64,76,42,127,33,44,84,78,125,26,92" hai2="73,130,16,135,28,25,36,122,15,85,86,91,41" hai3="13,1,100,117,37,46,54,35,24,34,27,19,71"/><U53/><E64/><V82/><F122/><W112/><G112/><T87/><D39/><U18/><E42/><V51/><F130/><W111/><G71/><T72/><D72/><U38/><E38/><V17/><F135/><W74/><G74/><T98/><D23/><U47/><E47/><V22/><F36/><W4/><G100/><T43/><D87/><U50/><E50/><V103/><F103/><W68/><G68/><T116/><D116/><U107/><E107/><V134/><F134/><W101/><G101/><T128/><D128/><U115/><E115/><V95/><F73/><W20/><G37/><T6/><D6/><U88/><REACH who="1" step="1"/><E18/><REACH who="1" ten="210,220,230,330" step="2"/><V83/><F17/><W123/><G46/><T102/><D43/><U31/><AGARI ba="0,1" hai="26,31,33,44,49,53,76,78,79,84,88,92,125,127" machi="31" ten="30,11700,0" yaku="1,1,2,1,0,1,54,1,53,0" doraHai="113" doraHaiUra="97" who="1" fromWho="1" sc="210,-39,220,127,230,-39,330,-39" /><INIT seed="1,1,0,3,0,67" ten="171,347,191,291" oya="1" hai0="65,91,74,55,124,103,94,93,115,116,66,113,105" hai1="19,20,37,17,57,51,85,35,110,5,21,18,133" hai2="8,96,106,119,134,99,108,80,1,62,86,44,90" hai3="14,87,79,49,0,130,59,40,48,131,27,72,128"/><U102/><E133/><V24/><F119/><W36/><G0/><T112/><D116/><U89/><E37/><V95/><F108/><W31/><G72/><T61/><D74/><U15/><E35/><V122/><F122/><W125/><G125/><T10/><D66/><U73/><E73/><V7/><F134/><W100/><G100/><T117/><D117/><U98/><E110/><V92/><F44/><N who="3" m="23559" /><G14/><T101/><D105/><U69/><E69/><V81/><F24/><W12/><G12/><T120/><D124/><U107/><E20/><V82/><F106/><W109/><G109/><T75/><D75/><U118/><E5/><V63/><REACH who="2" step="1"/><F99/><REACH who="2" ten="171,347,181,291" step="2"/><W22/><G131/><T16/><D120/><U13/><E118/><V54/><F54/><W53/><G53/><T60/><D113/><U132/><E132/><V76/><F76/><W43/><G79/><T34/><D115/><U129/><E129/><V97/><F97/><W77/><G77/><T25/><D112/><U70/><E98/><V2/><F2/><W111/><G111/><T33/><D55/><N who="1" m="31999" /><E107/><V47/><F47/><W64/><G130/><T4/><D25/><U114/><E114/><V3/><F3/><W39/><G128/><T84/><D34/><U28/><E15/><V68/><F68/><W38/><G27/><T126/><D33/><U42/><E70/><V6/><F6/><W26/><G26/><T52/><D4/><U83/><E42/><V58/><F58/><W32/><G43/><T71/><D126/><U56/><E56/><V50/><F50/><W30/><G32/><T41/><D71/><RYUUKYOKU ba="1,1" sc="171,-10,347,-10,181,30,291,-10" hai2="1,7,8,62,63,80,81,82,86,90,92,95,96" /><INIT seed="2,2,1,0,5,133" ten="161,337,211,281" oya="2" hai0="122,77,47,132,16,86,33,35,92,110,46,38,49" hai1="9,68,63,5,44,135,85,97,42,61,29,112,131" hai2="113,94,26,12,21,80,130,125,2,127,103,56,116" hai3="106,91,20,87,23,10,37,72,0,76,84,50,8"/><V71/><F113/><W43/><G106/><T73/><D122/><U59/><E112/><V82/><F116/><W111/><G111/><T6/><D110/><U32/><E135/><V58/><F71/><W41/><G37/><T121/><D121/><U104/><E131/><V17/><F2/><W36/><G36/><T18/><D38/><U114/><E85/><V128/><F103/><W60/><G60/><T27/><D6/><U107/><E107/><V90/><F26/><W14/><G0/><T124/><D73/><U134/><E59/><N who="2" m="22571" /><F80/><W55/><G72/><T39/><D39/><U129/><E97/><N who="2" m="57559" /><F82/><W11/><G76/><T45/><D77/><U52/><E104/><V40/><F40/><W75/><G75/><T101/><D101/><U89/><E42/><V7/><F7/><W95/><G84/><T57/><D86/><U69/><E5/><V123/><F123/><W25/><G41/><T53/><D132/><U118/><E32/><V78/><F78/><W96/><G43/><T22/><D35/><U4/><E4/><V24/><F24/><W81/><G25/><T88/><D33/><U3/><E3/><V48/><F48/><W102/><G14/><T100/><D100/><U30/><E69/><V98/><F98/><W119/><G119/><T74/><D74/><U126/><E118/><V15/><F15/><W31/><G102/><T64/><D92/><U79/><E79/><V62/><F62/><W54/><G96/><T19/><D49/><U28/><E114/><V67/><F67/><W51/><G51/><T93/><D64/><U120/><E134/><RYUUKYOKU ba="2,1" sc="161,-10,337,-10,211,30,281,-10" hai2="12,17,21,125,127,128,130" /><INIT seed="2,3,1,5,1,56" ten="151,327,241,271" oya="2" hai0="105,131,54,77,79,123,127,46,3,33,35,59,53" hai1="41,71,30,118,68,42,60,4,75,36,119,48,24" hai2="93,89,34,39,73,67,92,55,125,31,85,62,57" hai3="66,2,32,72,12,52,61,126,69,83,97,101,106"/><V108/><F73/><W128/><G126/><T15/><D3/><U1/><E75/><V90/><F39/><W58/><G128/><T50/><D105/><U91/><E91/><V27/><F125/><W99/><G2/><T17/><D127/><U19/><E19/><V23/><F108/><W132/><G132/><T114/><D114/><U122/><E122/><V135/><F135/><W49/><G32/><T94/><D123/><U84/><E84/><V28/><F34/><W102/><G12/><T86/><D131/><U76/><E76/><V82/><F82/><W8/><G8/><T22/><D35/><N who="1" m="20935" /><E48/><V40/><F40/><W113/><G113/><T47/><D33/><U74/><E42/><V10/><F10/><W78/><REACH who="3" step="1"/><G106/><REACH who="3" ten="151,327,241,261" step="2"/><T38/><D38/><U45/><E1/><V25/><F25/><W109/><G109/><T21/><D21/><U37/><E118/><V112/><F112/><W130/><G130/><T81/><D94/><U80/><E119/><V104/><F104/><W29/><G29/><T116/><D116/><U107/><E107/><V87/><F31/><W115/><G115/><T20/><D20/><U9/><E9/><V96/><F96/><AGARI ba="3,2" hai="49,52,58,61,66,69,72,78,83,96,97,99,101,102" machi="96" ten="40,8000,1" yaku="1,1,52,1,54,1,53,2" doraHai="56" doraHaiUra="98" who="3" fromWho="2" sc="151,0,327,0,241,-89,261,109" /><INIT seed="3,0,0,2,2,12" ten="151,327,152,370" oya="3" hai0="114,47,65,48,110,77,70,108,132,111,37,16,45" hai1="59,17,62,122,23,97,94,119,20,127,1,14,25" hai2="53,116,121,118,63,96,93,49,58,50,102,76,29" hai3="34,32,74,68,6,120,72,41,89,98,42,55,125"/><W66/><G120/><T7/><D132/><U130/><E127/><V75/><F121/><W84/><G125/><T83/><D7/><U4/><E122/><V104/><F29/><W26/><G6/><T54/><D114/><U115/><E115/><V85/><F75/><W100/><G55/><T135/><D135/><U61/><E130/><V30/><F30/><W57/><G57/><T33/><D33/><U106/><E106/><V124/><F124/><W5/><G5/><T60/><D37/><U82/><E119/><V71/><F71/><W134/><G134/><T99/><D99/><U15/><E82/><V131/><F131/><W129/><G129/><T0/><D0/><U88/><E61/><V80/><REACH who="2" step="1"/><F104/><REACH who="2" ten="151,327,142,370" step="2"/><N who="3" m="63511" /><G74/><T31/><D31/><N who="1" m="17855" /><E1/><V10/><F10/><W28/><G72/><T91/><D70/><U24/><E4/><V3/><F3/><W69/><G69/><T36/><D110/><U19/><E19/><V2/><F2/><W81/><G34/><T64/><D16/><U52/><AGARI ba="0,1" hai="14,15,17,20,24,52,59,62,88,94,97" m="17855" machi="52" ten="30,8000,1" yaku="25,1,8,1,52,1,54,2" doraHai="12" who="1" fromWho="1" sc="151,-20,327,90,142,-20,370,-40" /><INIT seed="4,0,0,0,3,52" ten="131,417,122,330" oya="0" hai0="0,102,56,31,98,51,112,3,79,82,65,76,77" hai1="70,117,87,109,35,133,63,90,123,130,92,105,81" hai2="95,75,17,73,33,97,9,48,94,18,115,71,2" hai3="74,128,129,80,42,88,91,27,37,132,28,100,107"/><T127/><D112/><U104/><E35/><V68/><F115/><W8/><G132/><T14/><D31/><U26/><E133/><V64/><F33/><W36/><G8/><T19/><D127/><U30/><E109/><V10/><F64/><W22/><G100/><T118/><D118/><U55/><E117/><V103/><F48/><W58/><G107/><T11/><D82/><U25/><E123/><V21/><F97/><W13/><G13/><T125/><D125/><U113/><E113/><V83/><F83/><W131/><G42/><T110/><D110/><U38/><E38/><N who="3" m="14954" /><G58/><T119/><D119/><U62/><E26/><V120/><F103/><W4/><G4/><T114/><D114/><U106/><E70/><V47/><F47/><W108/><G108/><T99/><D99/><U59/><E81/><V29/><F29/><W53/><G53/><T12/><D12/><U93/><E93/><V124/><F124/><W122/><G122/><T134/><D134/><U40/><E40/><V85/><F85/><W46/><G46/><T7/><D7/><U78/><E78/><AGARI ba="0,0" hai="22,27,28,74,78,80,88,91,128,129,131" m="14954" machi="78" ten="40,2600,0" yaku="19,1,54,1" doraHai="52" who="3" fromWho="1" sc="131,0,417,-26,122,0,330,26" /><INIT seed="5,0,0,4,0,28" ten="131,391,122,356" oya="1" hai0="94,16,101,77,25,40,14,13,23,69,63,98,108" hai1="96,58,76,66,26,50,85,121,22,111,39,1,99" hai2="117,12,90,83,129,52,130,72,56,74,106,5,0" hai3="87,92,127,70,38,27,118,132,100,32,65,6,116"/><U88/><E111/><V57/><F117/><W80/><G38/><T31/><D108/><U33/><E39/><V15/><F106/><W134/><G127/><T34/><D40/><U102/><E1/><V46/><F46/><W35/><G6/><T115/><D115/><U75/><E121/><V110/><F0/><W55/><G55/><T86/><D77/><U68/><E68/><V60/><F57/><W41/><G41/><T125/><D86/><U20/><E76/><V47/><F47/><W51/><G51/><T82/><D82/><U93/><E75/><N who="2" m="28715" /><F5/><W61/><G27/><T79/><D79/><U122/><E96/><V17/><F17/><W19/><G19/><T104/><D125/><U119/><E122/><V43/><F43/><W113/><G113/><T3/><D3/><U89/><E89/><V71/><F71/><W128/><G128/><N who="2" m="49257" /><F110/><W44/><G44/><T45/><D45/><U11/><E119/><N who="3" m="45610" /><G100/><T131/><D131/><U54/><E66/><V48/><F48/><W97/><G97/><T62/><D69/><U124/><E124/><V84/><AGARI ba="0,0" hai="12,15,52,56,60,83,84,90" m="49257,28715" machi="84" ten="40,2700,0" yaku="19,1,54,1" doraHai="28" who="2" fromWho="2" sc="131,-7,391,-13,122,27,356,-7" /><INIT seed="6,0,0,0,5,88" ten="124,378,149,349" oya="2" hai0="43,95,80,54,48,63,50,77,8,109,78,127,39" hai1="107,105,119,52,11,131,58,3,20,84,31,49,15" hai2="59,83,116,0,24,16,97,23,46,125,44,85,17" hai3="120,118,113,22,122,66,13,99,132,47,69,10,71"/><V108/><F116/><W40/><G118/><T93/><D109/><U126/><E119/><V133/><F0/><W36/><G132/><T37/><D37/><U70/><E70/><V102/><F125/><W110/><G110/><T19/><D39/><U27/><E126/><V9/><F108/><W30/><G113/><T25/><D127/><U34/><E131/><V75/><F75/><W121/><G66/><T53/><D43/><U87/><E87/><V98/><F59/><W41/><G41/><T7/><D63/><U104/><E84/><V74/><F74/><W45/><G45/><N who="2" m="17513" /><F102/><W4/><G99/><N who="2" m="37897" /><F133/><W65/><G65/><T60/><D60/><U124/><E124/><V38/><F38/><W68/><G68/><T81/><D7/><N who="1" m="1535" /><E107/><V91/><F9/><W51/><G36/><T64/><D64/><U42/><E42/><V5/><F5/><W90/><G71/><T92/><D8/><U35/><E35/><V29/><AGARI ba="0,0" hai="16,17,23,24,29,83,85,91" m="37897,17513" machi="29" ten="30,3000,0" yaku="8,1,54,1" doraHai="88" who="2" fromWho="2" sc="124,-10,378,-10,149,30,349,-10" /><INIT seed="6,1,0,2,4,98" ten="114,368,179,339" oya="2" hai0="55,23,7,86,10,71,33,107,111,76,12,69,99" hai1="4,16,0,19,78,57,21,88,62,46,24,44,32" hai2="80,28,83,48,45,68,35,40,89,15,82,2,36" hai3="9,54,121,51,109,116,129,122,100,93,3,119,106"/><V49/><F2/><W101/><G106/><T61/><D111/><U130/><E32/><V72/><F68/><W41/><G41/><T50/><D33/><U94/><E130/><V134/><F134/><W84/><G109/><T66/><D69/><U131/><E131/><V13/><F72/><W42/><G42/><T90/><D76/><U34/><E34/><V18/><F15/><W52/><G129/><T14/><D23/><N who="1" m="13415" /><E4/><V117/><F89/><W79/><G3/><T47/><D107/><U67/><E78/><V114/><F114/><W92/><G79/><T124/><D124/><U135/><E0/><V58/><F58/><W60/><G9/><T118/><D118/><U81/><E81/><V87/><F87/><W65/><G84/><T110/><D99/><N who="1" m="57799" /><E135/><V25/><F117/><W30/><G119/><T97/><D97/><U133/><E133/><V56/><F36/><W27/><G116/><T112/><D112/><U43/><E43/><V120/><F80/><W37/><G37/><T95/><REACH who="0" step="1"/><D110/><REACH who="0" ten="104,368,179,339" step="2"/><U26/><AGARI ba="1,1" hai="19,21,26,44,46,57,62,67" m="57799,13415" machi="26" ten="30,4000,0" yaku="8,1,54,2" doraHai="98" who="1" fromWho="1" sc="104,-11,368,53,179,-21,339,-11" /><INIT seed="7,0,0,2,3,18" ten="93,421,158,328" oya="3" hai0="7,26,120,135,84,57,88,124,5,16,15,27,14" hai1="127,79,96,31,108,8,54,47,101,3,12,93,81" hai2="105,44,106,43,63,67,134,70,100,113,61,74,133" hai3="114,73,32,21,10,41,11,87,64,9,33,39,46"/><W22/><G73/><T0/><D0/><U121/><E108/><V112/><F74/><W129/><G64/><T56/><D120/><U92/><E121/><V30/><F61/><W69/><G69/><T83/><D124/><U13/><E127/><V98/><F30/><W24/><G114/><N who="2" m="44137" /><F106/><W76/><G129/><T51/><D135/><U34/><E93/><V103/><F103/><W68/><G68/><T62/><D51/><AGARI ba="0,0" hai="43,44,51,63,67,70,98,100,105,133,134" m="44137" machi="51" ten="30,1000,0" yaku="15,1" doraHai="18" who="2" fromWho="0" sc="93,-10,421,0,158,10,328,0" owari="83,-42.0,421,52.0,168,-23.0,328,13.0" /></mjloggm>