<mjloggm ver="2.3"><GO type="185" lobby="0"/><UN n0="%4C%61%69%74%79" n1="%E9%B3%B4%E3%81%8D%E3%83%80%E3%83%AB%E3%83%9E" n2="%7A%61%30%30%30%34" n3="" dan="16,17,17,0" rate="2132.30,2258.12,2283.38,1500.00" sx="M,M,M,C"/><TAIKYOKU oya="0"/><INIT seed="0,0,0,5,4,50" ten="350,350,350,0" oya="0" hai0="81,46,107,115,48,60,74,86,127,120,65,58,78" hai1="51,105,70,135,121,76,85,54,119,69,77,55,32" hai2="132,88,40,64,133,53,36,79,123,111,99,108,131" hai3=""/><T95/><N who="0" m="30752" /><T68/><D115/><U114/><N who="1" m="31008" /><U59/><E32/><V82/><N who="2" m="31520" /><V122/><N who="2" m="31264" /><V90/><F64/><T128/><D127/><U63/><E114/><V71/><F71/><T91/><D128/><U57/><E105/><V61/><F131/><T1/><D107/><U38/><E119/><V37/><F53/><T0/><REACH who="0" step="1"/><D68/><REACH who="0" ten="340,350,350,0" step="2"/><U96/><E70/><V92/><F133/><T66/><D66/><U124/><E69/><V62/><F132/><T89/><D89/><U87/><E124/><V109/><F90/><T125/><D125/><U110/><E135/><V45/><F36/><T84/><D84/><AGARI ba="0,1" hai="37,40,45,61,62,79,82,84,88,92,99,108,109,111" m="31264,31520" machi="84" ten="40,8000,1" yaku="14,1,52,2,54,1" doraHai="50" who="2" fromWho="0" sc="340,-80,350,0,350,90,0,0" /><INIT seed="1,0,0,1,0,41" ten="260,350,440,0" oya="1" hai0="72,53,47,38,89,1,60,123,52,43,103,71,105" hai1="2,44,70,109,85,33,126,59,65,135,124,114,55" hai2="64,68,76,32,40,106,107,75,110,46,113,82,127" hai3=""/><U63/><E2/><V39/><F110/><T131/><N who="0" m="31520" /><T86/><D1/><U42/><E33/><V35/><F127/><N who="1" m="48681" /><E114/><V49/><F49/><T81/><D131/><U48/><E85/><V130/><F130/><T69/><D72/><U104/><E104/><N who="2" m="39979" /><F113/><T121/><N who="0" m="31008" /><T54/><REACH who="0" step="1"/><D60/><AGARI ba="0,0" hai="32,35,39,40,46,60,64,68,75,76,82" m="39979" machi="60" ten="30,3900,0" yaku="33,2,52,1" doraHai="41" who="2" fromWho="0" sc="260,-39,350,0,440,39,0,0" /><INIT seed="2,0,0,2,2,110" ten="221,350,479,0" oya="2" hai0="56,45,33,49,91,135,39,129,113,65,124,127,73" hai1="112,55,38,97,41,77,83,100,102,115,125,53,57" hai2="87,50,107,51,114,71,42,131,88,67,48,68,123" hai3=""/><V134/><N who="2" m="31520" /><V111/><F114/><T130/><D33/><U92/><E125/><N who="0" m="48201" /><D73/><U3/><E3/><V1/><F107/><T96/><D96/><U47/><E102/><V66/><F1/><T61/><D91/><U108/><E108/><V52/><F111/><T46/><D113/><U44/><E44/><N who="0" m="17001" /><D39/><U34/><E55/><V32/><F32/><T78/><D78/><U40/><E40/><V80/><F134/><T101/><D101/><U54/><E54/><V118/><F118/><T60/><D49/><U93/><E93/><V86/><F131/><N who="0" m="50186" /><D61/><U95/><E95/><V76/><F42/><T81/><D81/><U126/><E126/><V0/><F0/><T99/><D99/><U37/><E38/><V43/><F43/><T64/><D64/><U94/><E94/><V98/><F98/><T82/><D82/><U72/><E34/><V63/><F86/><T90/><D90/><U122/><N who="1" m="31264" /><U75/><E72/><V103/><F76/><T74/><D74/><U117/><E117/><V2/><F2/><T85/><D85/><U121/><N who="1" m="31008" /><U109/><E109/><V128/><F103/><T133/><AGARI ba="0,0" hai="56,60,65,133,135" m="50186,17001,48201" machi="133" ten="40,9000,2" yaku="30,2,18,1,19,1,34,2" doraHai="110" who="0" fromWho="0" sc="221,90,350,-30,479,-60,0,0" /><INIT seed="4,0,0,0,3,64" ten="311,320,419,0" oya="0" hai0="3,81,102,86,67,73,76,98,63,34,72,113,126" hai1="39,78,127,124,56,53,100,65,51,36,133,107,52" hai2="44,79,37,60,105,80,50,49,92,69,90,33,66" hai3=""/><T115/><D3/><U128/><E133/><V32/><F105/><T0/><D0/><U89/><E78/><V54/><F37/><T88/><D34/><U42/><E128/><V47/><F92/><T75/><D126/><N who="1" m="48171" /><E89/><V99/><F99/><T62/><D76/><U111/><E111/><V106/><F106/><T43/><D43/><U114/><E114/><N who="0" m="43529" /><D67/><U58/><E65/><V134/><F90/><T38/><D38/><N who="1" m="14379" /><E100/><V103/><F103/><T70/><D70/><U95/><E107/><AGARI ba="0,0" hai="62,63,72,73,75,81,86,88,98,102,107" m="43529" machi="107" ten="40,3900,0" yaku="15,1,54,1" doraHai="64" who="0" fromWho="1" sc="311,39,320,-39,419,0,0,0" /><INIT seed="4,1,0,3,1,48" ten="350,281,419,0" oya="0" hai0="95,79,118,80,97,117,103,77,134,60,101,89,133" hai1="44,38,41,107,33,54,59,32,88,66,82,112,124" hai2="122,53,126,50,52,63,90,57,125,96,37,49,131" hai3=""/><T36/><D60/><U87/><E124/><N who="2" m="47723" /><F37/><T65/><D65/><U81/><E112/><V56/><N who="2" m="31264" /><V45/><F131/><T127/><D36/><U85/><E107/><V100/><F90/><T83/><D127/><U132/><E66/><V35/><F35/><T71/><D71/><U34/><E132/><N who="0" m="50793" /><D89/><U108/><E108/><V105/><F63/><T116/><D103/><U40/><E40/><V78/><F78/><AGARI ba="1,0" hai="77,78,79,80,83,95,97,101,116,117,118" m="50793" machi="78" ten="40,7700,0" yaku="20,1,34,2" doraHai="48" who="0" fromWho="2" sc="350,79,281,0,419,-79,0,0" /><INIT seed="4,2,0,0,4,110" ten="429,281,340,0" oya="0" hai0="112,55,123,0,76,66,125,50,68,35,115,58,82" hai1="69,80,107,127,128,1,121,119,48,71,129,96,99" hai2="39,63,108,36,75,106,105,93,44,57,130,97,92" hai3=""/><T104/><N who="0" m="31520" /><T90/><D0/><U61/><N who="1" m="31008" /><U116/><E1/><V54/><F75/><T113/><D35/><U56/><E80/><V126/><F108/><T120/><N who="0" m="30752" /><T83/><D125/><U64/><E127/><V52/><F126/><T46/><D104/><U122/><N who="1" m="31264" /><U40/><E107/><V109/><F109/><T101/><D101/><U53/><E99/><V117/><F130/><N who="1" m="50281" /><E96/><V41/><F36/><T51/><D90/><U65/><E40/><V74/><F74/><T95/><D95/><U73/><E73/><V85/><F117/><N who="1" m="45129" /><E64/><V34/><F34/><T91/><D91/><U118/><N who="1" m="45137" /><U70/><AGARI ba="2,0" hai="48,53,56,61,65,69,70,71" m="45137,50281,31264,31008" machi="70" ten="50,9000,2" yaku="4,1,19,1,34,2,52,2" doraHai="110" who="1" fromWho="1" sc="429,-62,281,94,340,-32,0,0" /><INIT seed="5,0,0,4,2,107" ten="367,375,308,0" oya="1" hai0="119,125,37,130,1,123,44,64,61,101,124,91,84" hai1="92,45,98,77,66,79,78,133,126,65,99,104,134" hai2="46,116,109,90,33,118,85,114,73,128,62,32,67" hai3=""/><U52/><E126/><N who="0" m="48745" /><D1/><U96/><E104/><V60/><F109/><T102/><N who="0" m="31520" /><T63/><D130/><U68/><E92/><V131/><F46/><T97/><D119/><U122/><N who="1" m="31264" /><U38/><E68/><V105/><F105/><T39/><D44/><U95/><E95/><V76/><F90/><T53/><D53/><U103/><E103/><N who="0" m="39433" /><D97/><U112/><E112/><V70/><F85/><T135/><D135/><N who="1" m="51723" /><E38/><N who="0" m="14345" /><D64/><N who="1" m="24683" /><E45/><V87/><F114/><T81/><AGARI ba="0,0" hai="61,63,81,84,91" m="14345,39433,31520,48745" machi="81" ten="40,2000,0" yaku="18,1,52,1" doraHai="107" who="0" fromWho="0" sc="367,20,375,-13,308,-7,0,0" /><INIT seed="6,0,0,0,4,90" ten="387,362,301,0" oya="2" hai0="70,48,107,76,36,102,133,128,2,113,50,40,121" hai1="62,51,55,122,32,43,37,45,72,56,86,65,103" hai2="98,116,46,81,59,0,42,77,132,124,130,73,74" hai3=""/><V97/><F0/><T96/><N who="0" m="31008" /><T60/><D2/><U114/><N who="1" m="31264" /><U95/><E32/><V119/><F59/><T125/><D76/><U53/><E72/><N who="2" m="27755" /><F46/><T63/><D36/><U101/><E114/><V89/><F42/><T117/><D117/><N who="2" m="45130" /><F132/><T123/><N who="0" m="31520" /><T129/><D133/><U83/><E95/><V99/><F130/><N who="0" m="50282" /><D125/><U78/><REACH who="1" step="1"/><E53/><REACH who="1" ten="387,352,301,0" step="2"/><V1/><F1/><T118/><D113/><U92/><E92/><V41/><F41/><T127/><D118/><U84/><E84/><V93/><F124/><T44/><D127/><U87/><E87/><AGARI ba="0,1" hai="77,81,87,89,93,97,98,99" m="45130,27755" machi="87" ten="30,5800,0" yaku="34,2,52,1" doraHai="90" who="2" fromWho="1" sc="387,0,352,-58,301,68,0,0" /><INIT seed="6,1,0,3,4,102" ten="387,294,369,0" oya="2" hai0="115,35,119,37,107,83,65,109,120,75,66,117,103" hai1="93,133,92,62,90,111,100,96,52,76,105,87,86" hai2="43,77,3,94,42,63,33,122,121,80,124,0,110" hai3=""/><V91/><N who="2" m="31008" /><V127/><N who="2" m="31264" /><V44/><F33/><T108/><N who="0" m="30752" /><T32/><D37/><U134/><E111/><N who="0" m="42569" /><D66/><U82/><E62/><V84/><F110/><T129/><D65/><U50/><REACH who="1" step="1"/><E93/><REACH who="1" ten="387,284,369,0" step="2"/><V49/><F63/><T39/><D32/><U54/><E54/><V36/><F43/><T130/><D35/><U60/><E60/><V95/><F49/><T104/><D39/><U68/><E68/><V57/><F95/><T48/><D48/><U78/><E78/><V74/><REACH who="2" step="1"/><F57/><AGARI ba="1,1" hai="50,52,57,76,82,86,87,90,92,96,100,105,133,134" machi="57" ten="40,5200,0" yaku="1,1,52,1,54,1,53,0" doraHai="102" doraHaiUra="114" who="1" fromWho="2" sc="387,0,284,64,369,-54,0,0" /><INIT seed="8,0,0,4,2,59" ten="387,348,315,0" oya="0" hai0="129,47,103,41,89,108,54,2,126,106,87,95,84" hai1="133,90,35,73,98,96,93,83,115,131,125,128,127" hai2="97,111,40,65,109,61,69,64,71,68,58,74,119" hai3=""/><T52/><D2/><U118/><E35/><V94/><F74/><T38/><D126/><N who="1" m="48139" /><E118/><V120/><N who="2" m="30752" /><V107/><F107/><T101/><D129/><N who="1" m="49739" /><E115/><V130/><F130/><T132/><D132/><U63/><E63/><V113/><F113/><T72/><D72/><U81/><E133/><V34/><F34/><T67/><D108/><U36/><E36/><V66/><F119/><T79/><D67/><N who="2" m="25674" /><F94/><T100/><REACH who="0" step="1"/><D106/><REACH who="0" ten="377,348,315,0" step="2"/><U44/><E73/><V124/><F124/><T43/><D43/><U62/><E81/><AGARI ba="0,1" hai="38,41,47,52,54,79,81,84,87,89,95,100,101,103" machi="81" ten="40,3900,0" yaku="1,1,54,1,53,0" doraHai="59" doraHaiUra="53" who="0" fromWho="1" sc="377,49,348,-39,315,0,0,0" owari="426,37.0,309,-29.0,315,-8.0,0,0.0" /></mjloggm>