<mjloggm ver="2.3"><GO type="169" lobby="0"/><UN n0="%E5%B0%8F%E6%9E%97%E6%B5%81%E7%89%8C%E6%89%8B" n1="%E3%82%B5%E3%83%B3%26%E3%83%A0%E3%83%BC%E3%83%B3" n2="%43%6F%6D%65%64%69%61%6E" n3="%E4%B8%83%E6%98%9F%E7%90%83" dan="18,17,16,17" rate="2243.43,2188.29,2141.18,2127.62" sx="M,M,M,F"/><TAIKYOKU oya="0"/><INIT seed="0,0,0,1,2,129" ten="250,250,250,250" oya="0" hai0="2,4,109,124,116,66,101,82,80,125,42,19,37" hai1="107,110,71,51,36,34,12,24,96,77,1,95,43" hai2="5,17,126,29,118,87,123,119,6,63,50,69,122" hai3="76,33,62,14,52,10,70,47,20,44,85,11,60"/><T78/><D116/><N who="2" m="44586" /><F50/><W132/><G33/><T48/><D37/><U75/><E110/><V8/><F63/><N who="3" m="24107" /><G70/><T61/><D101/><U65/><E65/><V81/><F69/><W94/><G132/><T103/><D103/><U127/><E107/><V104/><F104/><W108/><G108/><T135/><D135/><U115/><E71/><V56/><F56/><W7/><G10/><N who="0" m="2327" /><D19/><U117/><E117/><V100/><F100/><W49/><G20/><T131/><D78/><U22/><E34/><V112/><F126/><N who="0" m="48746" /><D131/><U133/><E133/><V25/><F112/><W28/><G28/><T111/><D111/><U74/><E115/><V86/><F17/><W106/><G106/><T16/><D109/><U121/><E127/><V88/><F86/><W128/><G128/><T38/><D38/><U79/><E36/><V13/><F6/><W93/><G76/><T57/><D16/><U64/><E79/><V45/><F45/><AGARI ba="0,0" hai="42,45,48,57,61,66,80,82" m="48746,2327" machi="45" ten="30,1500,0" yaku="18,1" doraHai="129" who="0" fromWho="2" sc="250,15,250,0,250,-15,250,0" /><INIT seed="0,1,0,0,0,116" ten="265,250,235,250" oya="0" hai0="112,84,94,82,80,126,65,6,12,13,117,15,70" hai1="42,76,36,58,120,38,124,69,49,123,101,23,102" hai2="5,14,125,119,74,22,7,25,92,121,48,99,128" hai3="110,108,97,46,63,34,79,61,77,51,20,32,71"/><T64/><D112/><U28/><E69/><V122/><F74/><W113/><G113/><T52/><D117/><U16/><E28/><V62/><F119/><W127/><G20/><T57/><D126/><U56/><E124/><V44/><F125/><W60/><G71/><T66/><D70/><U106/><E76/><N who="3" m="29258" /><G97/><T67/><N who="0" m="16384" /><DORA hai="89" /><T54/><D54/><U81/><E81/><V90/><F62/><W8/><G8/><T96/><D84/><U88/><E88/><V41/><F128/><W39/><G39/><T78/><D6/><U107/><E49/><V131/><F131/><W37/><G37/><T91/><D78/><U2/><E23/><V31/><REACH who="2" step="1"/><F14/><REACH who="2" ten="265,250,225,250" step="2"/><W4/><G127/><T1/><D1/><U29/><E2/><V43/><F43/><N who="3" m="25055" /><G61/><AGARI ba="1,1" hai="12,13,15,52,57,61,80,82,91,94,96" m="16384" machi="61" ten="50,9600,0" yaku="8,1,52,1,54,1" doraHai="116,89" who="0" fromWho="3" sc="265,109,250,0,225,0,250,-99" /><INIT seed="0,2,0,3,1,26" ten="374,250,225,151" oya="0" hai0="81,84,102,33,119,25,44,97,130,55,90,74,16" hai1="107,58,10,106,38,92,77,6,83,19,112,18,22" hai2="17,29,2,36,110,121,135,100,99,50,20,118,113" hai3="13,105,95,62,72,75,103,49,66,71,125,45,131"/><T12/><D119/><U53/><E38/><V98/><F36/><W122/><G125/><T48/><D130/><U51/><E112/><V116/><F113/><W32/><G131/><T31/><D74/><U93/><E93/><V54/><F121/><W43/><G122/><T82/><D82/><U124/><E92/><V37/><F37/><W70/><G70/><T123/><D123/><U0/><E124/><V101/><F2/><W46/><G105/><T78/><D78/><U8/><E8/><V132/><F110/><W7/><G32/><T85/><D84/><U68/><E68/><V42/><F42/><W41/><G7/><T108/><D108/><U40/><E40/><V129/><F129/><W27/><G13/><T128/><D128/><U73/><E19/><V69/><F69/><W65/><G65/><T111/><D111/><U5/><REACH who="1" step="1"/><E6/><REACH who="1" ten="374,240,225,151" step="2"/><V47/><F116/><W24/><G95/><T35/><D102/><U11/><E11/><V28/><F118/><W104/><G103/><N who="2" m="39497" /><F135/><W109/><G104/><T59/><D97/><N who="2" m="36874" /><F132/><W126/><G109/><T76/><D16/><U127/><E127/><V9/><F9/><W15/><G126/><T34/><D12/><AGARI ba="2,1" hai="0,5,10,12,18,22,51,53,58,73,77,83,106,107" machi="12" ten="30,2000,0" yaku="1,1,7,1,53,0" doraHai="26" doraHaiUra="57" who="1" fromWho="0" sc="374,-26,240,36,225,0,151,0" /><AGARI ba="2,0" hai="12,17,20,28,29,47,50,54" m="36874,39497" machi="12" ten="30,3900,0" yaku="8,1,52,2" doraHai="26" who="2" fromWho="0" sc="348,-39,276,0,225,39,151,0" /><INIT seed="1,0,0,1,5,3" ten="309,276,264,151" oya="1" hai0="7,11,87,76,45,98,126,14,52,92,122,66,65" hai1="103,110,74,49,42,32,130,91,119,31,72,96,105" hai2="19,9,63,8,111,54,133,5,47,61,99,27,59" hai3="108,118,33,36,16,86,46,53,97,1,78,56,0"/><U67/><E119/><V48/><F111/><W129/><G108/><T25/><D126/><U26/><E110/><V88/><F133/><W10/><G33/><T58/><D45/><U20/><E130/><V128/><F128/><W114/><G114/><T89/><D122/><U2/><E67/><V18/><F63/><W12/><G129/><T50/><D25/><U94/><E2/><V107/><F107/><W109/><G109/><T82/><AGARI ba="0,0" hai="7,11,14,50,52,58,65,66,76,82,87,89,92,98" machi="82" ten="30,7900,0" yaku="0,1,8,1,52,1,54,1" doraHai="3" who="0" fromWho="0" sc="309,79,276,-39,264,-20,151,-20" /><INIT seed="2,0,0,1,2,32" ten="388,237,244,131" oya="2" hai0="86,69,51,109,94,74,20,9,62,48,52,15,28" hai1="108,117,118,34,129,39,65,2,22,127,3,14,85" hai2="10,59,75,63,116,37,130,82,115,42,79,135,110" hai3="132,105,8,97,101,103,89,53,72,29,121,13,44"/><V45/><F115/><W21/><G132/><T56/><D74/><U77/><E39/><V83/><F116/><N who="1" m="44649" /><E65/><V122/><F122/><W70/><G121/><T78/><D109/><U119/><E85/><V96/><F130/><W107/><G70/><T125/><D69/><U7/><E77/><V30/><F135/><W46/><G72/><T35/><D35/><U38/><E38/><V4/><F30/><W66/><G66/><T54/><D125/><U71/><E71/><V88/><F110/><W31/><G89/><N who="0" m="53559" /><D78/><U17/><E119/><V11/><F83/><W61/><G61/><T49/><D20/><U112/><E108/><V90/><F96/><W93/><G93/><T26/><D26/><U40/><E40/><V16/><F11/><W100/><G21/><T123/><D123/><U126/><E34/><V18/><F90/><W102/><G107/><T84/><D84/><U36/><E36/><V99/><F99/><W87/><G87/><T92/><D92/><U25/><E129/><V67/><REACH who="2" step="1"/><F88/><REACH who="2" ten="388,237,234,131" step="2"/><W5/><G105/><T124/><D28/><U80/><E80/><V12/><AGARI ba="0,1" hai="4,10,12,16,18,37,42,45,59,63,67,75,79,82" machi="12" ten="20,18000,2" yaku="1,1,2,1,0,1,7,1,54,1,53,1" doraHai="32" doraHaiUra="104" who="2" fromWho="2" sc="388,-60,237,-60,234,190,131,-60" /><INIT seed="2,1,0,4,3,88" ten="328,177,424,71" oya="2" hai0="118,89,27,133,25,72,19,32,50,120,8,55,63" hai1="21,105,108,135,12,132,45,107,37,16,69,11,117" hai2="112,18,111,33,44,104,24,51,92,65,67,75,76" hai3="17,128,68,119,59,130,74,129,15,10,79,91,43"/><V35/><F104/><W34/><G119/><T98/><D120/><U38/><E117/><V114/><F35/><W22/><G68/><T5/><D72/><U113/><E113/><V84/><F75/><W126/><G126/><T14/><D133/><N who="1" m="51275" /><E69/><V7/><F7/><W134/><G134/><T61/><D118/><U70/><E70/><V100/><F76/><W103/><G103/><T127/><D127/><U36/><E108/><V116/><F116/><W99/><G34/><T40/><D40/><U39/><N who="1" m="9216" /><DORA hai="109" /><U3/><E45/><V53/><F111/><W41/><G59/><T4/><D4/><AGARI ba="1,0" hai="3,4,11,12,16,21,105,107" m="9216,51275" machi="4" ten="60,3900,0" yaku="20,1,54,1" doraHai="88,109" who="1" fromWho="0" sc="328,-42,177,42,424,0,71,0" /><INIT seed="3,0,0,0,3,38" ten="286,219,424,71" oya="3" hai0="37,54,11,80,114,8,45,30,113,86,21,63,56" hai1="42,77,81,98,76,85,82,126,0,115,134,97,121" hai2="130,132,103,70,128,122,69,58,83,5,14,6,34" hai3="41,23,60,20,127,109,43,92,123,28,48,47,62"/><W72/><G123/><T95/><D95/><U96/><E121/><V32/><F122/><W33/><G72/><T46/><D30/><U102/><E115/><N who="0" m="44041" /><D21/><U40/><E126/><V44/><F103/><W106/><G106/><T104/><D104/><U2/><E134/><V100/><F100/><W7/><G127/><T4/><D37/><U29/><E29/><V26/><F132/><W57/><G109/><T119/><D11/><U108/><E102/><V52/><F83/><N who="1" m="31753" /><E85/><V93/><F93/><W49/><G7/><T1/><D119/><U65/><E65/><V120/><F120/><W64/><G92/><T19/><D19/><U67/><E67/><V55/><F26/><W88/><G88/><AGARI ba="0,0" hai="1,4,8,45,46,54,56,63,80,86,88" m="44041" machi="88" ten="30,2000,0" yaku="11,1,54,1" doraHai="38" who="0" fromWho="3" sc="286,20,219,0,424,0,71,-20" /><INIT seed="4,0,0,4,5,96" ten="306,219,424,51" oya="0" hai0="28,27,7,16,125,95,50,120,62,73,116,13,74" hai1="41,69,118,40,135,86,80,94,106,39,115,6,63" hai2="133,121,76,25,66,99,68,122,130,36,33,20,85" hai3="37,44,113,5,78,38,59,128,51,14,23,104,131"/><T12/><D116/><U77/><E118/><V93/><F33/><W35/><G35/><T112/><D120/><U24/><E106/><V81/><F36/><W123/><G104/><T55/><D7/><U56/><E69/><V79/><F130/><W52/><G123/><T10/><D12/><U19/><E135/><V72/><F133/><W114/><G78/><T107/><D107/><U64/><E6/><V49/><F79/><W9/><G23/><T42/><D112/><U1/><E1/><V134/><F134/><W90/><G90/><T17/><D17/><U48/><E39/><V91/><F49/><W108/><G108/><T101/><D62/><U92/><E115/><V102/><F66/><W57/><G38/><T132/><D42/><N who="1" m="16491" /><E48/><V45/><F45/><W11/><G37/><T71/><D71/><U89/><E89/><V129/><F68/><W88/><G114/><T43/><D43/><U46/><E46/><V15/><F15/><W103/><G113/><T98/><D132/><U4/><E4/><V70/><F70/><W47/><G103/><T3/><D3/><U54/><E64/><V34/><F129/><W30/><G47/><T75/><D75/><U61/><E61/><V100/><F34/><W127/><G127/><T2/><D125/><U117/><E117/><V0/><F0/><W29/><G128/><T31/><D2/><U32/><E32/><V65/><F65/><W83/><G131/><T119/><D119/><U18/><E18/><N who="2" m="12439" /><F72/><N who="0" m="27754" /><D27/><U60/><E60/><V82/><F121/><W67/><G67/><T8/><D8/><U97/><E24/><RYUUKYOKU ba="0,0" sc="306,30,219,-10,424,-10,51,-10" hai0="10,13,16,28,31,50,55,95,98,101" /><INIT seed="4,1,0,5,4,73" ten="336,209,414,41" oya="0" hai0="112,69,8,124,118,60,19,61,116,87,90,121,88" hai1="26,119,95,102,12,83,42,74,107,122,93,34,66" hai2="130,71,23,33,50,67,101,24,91,9,48,58,82" hai3="41,76,64,135,59,10,51,106,3,35,30,44,92"/><T85/><D112/><U70/><E122/><V18/><F71/><W53/><G106/><T55/><D124/><U63/><E42/><V133/><F33/><W79/><G135/><T127/><D127/><U47/><E47/><V78/><F133/><W86/><G64/><T29/><D29/><N who="1" m="19767" /><E12/><V16/><F101/><W94/><G30/><T36/><D36/><U77/><E119/><V117/><F130/><W46/><G35/><T17/><D69/><U134/><E134/><V111/><F91/><W65/><G65/><T2/><D2/><U97/><AGARI ba="1,0" hai="63,66,70,74,77,83,93,95,97,102,107" m="19767" machi="97" ten="30,2000,0" yaku="25,1,52,1" doraHai="73" who="1" fromWho="1" sc="336,-11,209,23,414,-6,41,-6" /><INIT seed="5,0,0,2,2,7" ten="325,232,408,35" oya="1" hai0="133,98,112,74,14,27,61,135,68,125,38,110,25" hai1="118,102,116,124,40,2,42,95,88,80,59,69,23" hai2="75,51,77,106,72,37,81,94,56,128,67,92,60" hai3="43,82,70,22,114,17,121,63,33,49,107,50,117"/><U57/><E69/><V29/><F37/><W8/><G33/><T93/><D110/><U87/><E2/><V130/><F106/><W53/><G121/><T11/><D74/><U86/><E124/><V64/><F75/><W21/><G107/><T78/><D78/><U19/><E118/><V84/><F29/><W16/><G114/><T73/><D38/><U111/><E116/><V44/><F67/><W36/><G36/><T32/><D73/><U83/><E111/><V24/><F24/><W13/><G117/><T4/><D112/><U0/><E0/><V103/><F103/><W127/><G127/><T58/><D68/><U46/><E83/><V120/><F120/><W54/><G82/><T122/><D125/><U5/><E5/><V66/><F66/><W100/><G100/><N who="0" m="60495" /><D32/><U6/><E6/><V71/><F71/><W65/><G22/><T12/><D12/><U89/><E102/><V15/><F15/><W104/><G104/><T9/><D9/><U119/><E119/><V10/><F10/><W76/><G76/><T34/><D34/><U99/><E99/><V55/><REACH who="2" step="1"/><F72/><REACH who="2" ten="325,232,398,35" step="2"/><W113/><G113/><T109/><D122/><U28/><E28/><V90/><F90/><W79/><G79/><T129/><D109/><U131/><E89/><V18/><F18/><W52/><G43/><T62/><D25/><U30/><E30/><V3/><F3/><W1/><G1/><T105/><D27/><N who="1" m="14847" /><E42/><V134/><F134/><W39/><G39/><T47/><D133/><U108/><E40/><V35/><F35/><W41/><G41/><T123/><D135/><RYUUKYOKU ba="0,1" sc="325,-15,232,-15,398,15,35,15" hai2="44,51,55,56,60,64,77,81,84,92,94,128,130" hai3="8,13,16,17,21,49,50,52,53,54,63,65,70" /><INIT seed="6,1,1,3,3,131" ten="310,217,413,50" oya="2" hai0="69,71,90,29,84,75,118,96,52,104,73,38,92" hai1="59,98,36,130,102,89,15,70,7,134,87,28,26" hai2="16,109,17,135,51,117,110,108,10,1,81,24,32" hai3="107,91,97,37,60,67,6,129,77,40,85,19,86"/><V111/><F117/><W122/><G129/><T58/><D38/><U66/><E36/><V56/><F135/><W54/><G122/><T124/><D124/><U34/><E130/><V41/><N who="2" m="27648" /><DORA hai="64" /><V12/><F1/><W120/><G54/><T106/><D29/><U55/><E134/><V68/><F68/><W132/><G120/><T113/><D106/><U21/><E66/><V11/><F81/><W126/><G6/><T114/><D118/><U57/><E70/><N who="0" m="26633" /><D96/><U53/><E53/><N who="2" m="31807" /><F41/><W121/><G126/><T123/><D104/><U79/><E79/><V33/><F11/><W93/><G132/><T101/><D101/><U80/><E55/><V18/><F24/><W42/><G121/><T99/><D123/><U50/><E50/><V9/><F9/><W100/><G37/><T61/><D84/><U49/><E49/><V94/><F94/><W76/><G85/><T83/><D83/><U116/><E116/><V125/><F125/><W46/><G107/><T103/><D103/><U27/><E15/><V14/><F14/><W25/><G100/><T133/><D133/><U35/><E7/><AGARI ba="1,1" hai="7,10,12,16,17,18,32,33" m="31807,27648" machi="7" ten="60,5800,0" yaku="10,1,54,1" doraHai="131,64" who="2" fromWho="1" sc="310,0,217,-61,413,71,50,0" /><INIT seed="6,2,0,1,1,69" ten="310,156,484,50" oya="2" hai0="82,71,113,45,52,20,37,61,11,85,22,46,101" hai1="64,5,56,86,60,12,40,31,90,110,131,99,123" hai2="120,96,107,115,34,47,121,38,79,84,54,29,39" hai3="105,51,32,126,9,132,87,21,118,114,0,73,66"/><V33/><F115/><W102/><G118/><T62/><D113/><U42/><E110/><V16/><F54/><W6/><G73/><T109/><D109/><U106/><E131/><V36/><F47/><W19/><G32/><T128/><D101/><U93/><E31/><V134/><F134/><W59/><G114/><T7/><D128/><U125/><E125/><V63/><F63/><W65/><G126/><T27/><D71/><U15/><E123/><V77/><F34/><W122/><G122/><T116/><D22/><U14/><E5/><V104/><F104/><W25/><G132/><T13/><D116/><U2/><E2/><V108/><F108/><W92/><G105/><T112/><D112/><U23/><E23/><V81/><F79/><W24/><G102/><T8/><D8/><U119/><E119/><V70/><F70/><W88/><REACH who="3" step="1"/><G24/><REACH who="3" ten="310,156,484,40" step="2"/><T28/><D27/><U48/><E106/><V94/><F107/><W103/><G103/><T10/><D28/><U124/><E124/><V1/><F29/><W26/><G26/><T44/><D20/><U72/><E72/><V135/><F33/><W75/><G75/><T3/><D11/><U53/><REACH who="1" step="1"/><E99/><REACH who="1" ten="310,146,484,40" step="2"/><V17/><F135/><W58/><G58/><AGARI ba="2,2" hai="12,14,15,40,42,48,53,56,58,60,64,86,90,93" machi="58" ten="40,5200,0" yaku="1,1,2,1,8,1,53,0" doraHai="69" doraHaiUra="98" who="1" fromWho="3" sc="310,0,146,78,484,0,40,-58" owari="310,11.0,224,-18.0,484,59.0,-18,-52.0" /></mjloggm>