<mjloggm ver="2.3"><GO type="169" lobby="0"/><UN n0="%E6%A9%98%E3%83%AF%E3%83%AB%E3%83%84" n1="%E3%81%88%E3%81%84%E3%81%BF" n2="%74%79%61%73%6F" n3="%2D%E6%84%9B%E5%AE%95%E7%B5%B9%E6%81%B5%2D" dan="17,16,17,16" rate="2252.31,2113.60,2203.57,2124.91" sx="M,F,M,M"/><TAIKYOKU oya="0"/><INIT seed="0,0,0,0,4,105" ten="250,250,250,250" oya="0" hai0="106,68,69,45,74,103,52,135,50,96,73,93,14" hai1="31,131,60,0,48,37,94,22,47,99,21,26,33" hai2="71,20,27,126,1,36,65,30,8,38,123,109,16" hai3="9,66,133,122,43,110,97,6,127,75,55,57,98"/><T70/><D135/><U46/><E131/><V2/><F123/><W101/><G133/><T51/><D106/><U90/><E0/><V117/><F109/><W116/><G110/><T88/><D103/><U83/><E60/><V12/><F126/><W84/><G127/><T49/><D14/><U7/><E7/><V28/><F117/><W108/><G116/><T29/><D29/><U54/><REACH who="1" step="1"/><E83/><REACH who="1" ten="250,240,250,250" step="2"/><V100/><F1/><W39/><G6/><T17/><D17/><U87/><E87/><V125/><F2/><W118/><G84/><T15/><D15/><U18/><E18/><V111/><F16/><W3/><G3/><T67/><D67/><U5/><E5/><V24/><F12/><W112/><G66/><T40/><REACH who="0" step="1"/><D51/><REACH who="0" ten="240,240,250,250" step="2"/><U58/><E58/><AGARI ba="0,2" hai="40,45,49,50,52,58,68,69,70,73,74,88,93,96" machi="58" ten="40,18000,2" yaku="1,1,2,1,52,2,54,2,53,0" doraHai="105" doraHaiUra="102" who="0" fromWho="1" sc="240,200,240,-180,250,0,250,0" /><INIT seed="0,1,0,2,5,97" ten="440,60,250,250" oya="0" hai0="57,76,33,81,95,133,107,64,17,103,125,1,18" hai1="68,100,50,106,0,79,45,8,66,70,35,126,53" hai2="101,43,46,92,115,60,3,111,22,89,99,24,86" hai3="132,2,71,14,72,25,61,52,47,85,49,26,42"/><T124/><D1/><U54/><E35/><V84/><F111/><W5/><G72/><T15/><D33/><U28/><E28/><V21/><F3/><W19/><G132/><T105/><D133/><U109/><E79/><V55/><F115/><W67/><G2/><T10/><D64/><U13/><E0/><V90/><F86/><W91/><G5/><T98/><D57/><U118/><E118/><V122/><F122/><W65/><G65/><T102/><D18/><U32/><E32/><V88/><F84/><W94/><G42/><T75/><REACH who="0" step="1"/><D102/><REACH who="0" ten="430,60,250,250" step="2"/><U74/><E66/><V114/><F101/><W30/><G30/><T82/><D82/><U16/><E100/><V104/><F114/><W129/><G129/><T123/><D123/><U110/><E110/><V59/><F59/><W83/><REACH who="3" step="1"/><G83/><REACH who="3" ten="430,60,250,240" step="2"/><T37/><D37/><U58/><E109/><V31/><F31/><W112/><G112/><T12/><D12/><U23/><E13/><V134/><F134/><W48/><G48/><T120/><D120/><U117/><E50/><V51/><F51/><W27/><G27/><T7/><D7/><U73/><E70/><V121/><F24/><W130/><G130/><T80/><D80/><U40/><E68/><V39/><F121/><W77/><G77/><T20/><D20/><AGARI ba="1,2" hai="14,19,20,25,26,47,49,52,61,67,71,85,91,94" machi="20" ten="30,3900,0" yaku="1,1,7,1,54,1,53,0" doraHai="97" doraHaiUra="108" who="3" fromWho="0" sc="430,-42,60,0,250,0,240,62" /><INIT seed="1,0,0,0,5,133" ten="388,60,250,302" oya="1" hai0="16,52,79,71,33,103,24,66,81,23,135,63,43" hai1="111,128,35,127,51,98,95,72,42,25,47,83,123" hai2="22,110,74,29,69,107,126,9,73,124,53,68,45" hai3="76,7,88,13,14,48,121,15,102,80,37,58,12"/><U21/><E123/><V129/><F107/><W105/><G121/><T114/><D114/><U89/><E128/><V5/><F129/><W112/><G37/><T56/><D135/><U0/><E0/><V134/><F134/><W54/><G112/><T118/><D118/><U61/><E35/><V59/><F45/><W99/><N who="3" m="3072" /><DORA hai="87" /><W50/><G7/><T108/><D108/><U60/><E111/><V120/><F120/><W46/><G76/><T113/><D33/><U57/><E127/><N who="2" m="48683" /><F9/><W4/><G4/><T101/><D43/><U30/><REACH who="1" step="1"/><E57/><REACH who="1" ten="388,50,250,302" step="2"/><V92/><F59/><W40/><G58/><T26/><D113/><U125/><E125/><V31/><F110/><W27/><G46/><T77/><D26/><U104/><E104/><V62/><F69/><W117/><G27/><T109/><D109/><U49/><E49/><V82/><F68/><W2/><G48/><T38/><D38/><U6/><E6/><V132/><F5/><W28/><G2/><T64/><D71/><U75/><E75/><V67/><F74/><W115/><G50/><T20/><D56/><U1/><E1/><V86/><F73/><W122/><G122/><T17/><D24/><U78/><AGARI ba="0,1" hai="21,25,30,42,47,51,60,61,72,78,83,89,95,98" machi="78" ten="30,11700,0" yaku="1,1,0,1,52,1,53,1" doraHai="133,87" doraHaiUra="85,70" who="1" fromWho="1" sc="388,-39,50,127,250,-39,302,-39" /><INIT seed="1,1,0,0,4,131" ten="349,177,211,263" oya="1" hai0="40,98,117,24,34,66,33,105,62,125,95,61,124" hai1="69,41,64,7,28,4,47,74,56,6,14,42,108" hai2="130,111,90,0,52,54,122,10,60,83,80,72,107" hai3="50,63,2,82,113,22,100,27,32,126,11,65,53"/><U106/><E106/><V45/><F122/><W93/><G113/><T101/><D117/><U8/><E74/><V9/><F107/><W3/><G126/><N who="0" m="48747" /><D40/><U115/><E115/><V119/><F119/><W20/><G32/><N who="0" m="12395" /><D62/><N who="1" m="37959" /><E69/><V71/><F130/><W96/><G82/><T97/><D24/><U48/><E108/><V94/><F111/><W36/><G36/><T109/><D109/><U38/><E38/><V73/><F73/><W13/><G2/><T55/><D55/><N who="1" m="30111" /><E28/><V39/><F39/><W58/><G27/><T129/><D129/><U49/><E49/><V133/><F0/><W128/><G3/><T132/><D61/><U46/><E46/><V86/><F60/><W77/><G77/><T59/><D59/><U123/><E123/><V102/><F45/><N who="3" m="27855" /><G128/><T134/><D66/><U112/><E112/><V44/><F44/><W70/><G70/><T121/><D121/><U25/><E25/><V19/><F71/><W1/><G1/><T51/><D51/><U76/><E76/><V103/><F72/><W12/><G12/><T81/><D81/><U84/><E84/><V127/><F127/><W87/><G87/><T5/><D5/><AGARI ba="1,0" hai="4,5,6,7,8,14,41,42" m="30111,37959" machi="5" ten="30,1500,0" yaku="8,1" doraHai="131" who="1" fromWho="0" sc="349,-18,177,18,211,0,263,0" /><AGARI ba="1,0" hai="5,11,13,20,22,58,63,65,93,96,100" m="27855" machi="5" ten="30,1000,0" yaku="8,1" doraHai="131" who="3" fromWho="0" sc="331,-10,195,0,211,0,263,10" /><INIT seed="1,2,0,5,5,106" ten="321,195,211,273" oya="1" hai0="14,16,36,85,7,102,129,114,21,18,1,128,3" hai1="20,60,34,8,86,132,11,55,0,13,134,49,50" hai2="53,100,117,46,103,56,58,104,23,24,31,30,69" hai3="48,62,79,123,59,70,107,119,120,26,29,52,57"/><U45/><E34/><V72/><F69/><W42/><G107/><T81/><D36/><U33/><E33/><V66/><F117/><W17/><G119/><T5/><D102/><U37/><E37/><V99/><F103/><W25/><G70/><T90/><D114/><U115/><E115/><V108/><F108/><W4/><G4/><N who="0" m="1611" /><D18/><N who="1" m="10319" /><E0/><V113/><F113/><W35/><G79/><T126/><D126/><U73/><E60/><V118/><F118/><W71/><G71/><T47/><D47/><U63/><E63/><V61/><F72/><W94/><G94/><T82/><D82/><U19/><E73/><V2/><F2/><W131/><G131/><T28/><D28/><U10/><E86/><V43/><F31/><W105/><G105/><T40/><D40/><N who="1" m="24743" /><E132/><V96/><F96/><W110/><G110/><T76/><D76/><U130/><E130/><AGARI ba="2,0" hai="1,3,14,16,21,81,85,90,128,129,130" m="1611" machi="130" ten="30,2000,0" yaku="19,1,54,1" doraHai="106" who="0" fromWho="1" sc="321,26,195,-26,211,0,273,0" /><INIT seed="2,0,0,1,2,114" ten="347,169,211,273" oya="2" hai0="121,20,98,107,109,73,47,100,31,132,25,77,94" hai1="44,5,52,79,89,23,92,101,4,129,22,2,93" hai2="36,81,95,56,123,71,127,96,13,41,80,124,112" hai3="103,91,1,17,0,42,130,51,128,63,99,10,84"/><V43/><F123/><W40/><G63/><T38/><D121/><U27/><E129/><N who="3" m="49770" /><G17/><T7/><D132/><U60/><E79/><V16/><F71/><W111/><G111/><T34/><D109/><U26/><E2/><N who="3" m="1130" /><G10/><T85/><D7/><U65/><E101/><V57/><F112/><W11/><G11/><T61/><D61/><U64/><E44/><V49/><F36/><W118/><G118/><T9/><D9/><U110/><E110/><V90/><F127/><W122/><G51/><T46/><D38/><U70/><E60/><V125/><F125/><W66/><G66/><T106/><D34/><U59/><E70/><V74/><F124/><W24/><G24/><T113/><D107/><U105/><E105/><V12/><F12/><W87/><G122/><T117/><D113/><U14/><E14/><V39/><F39/><W62/><G62/><T19/><D19/><U78/><E26/><V32/><F49/><W53/><G53/><T120/><D117/><U83/><E52/><V135/><F13/><W54/><G54/><T21/><D21/><U133/><E27/><V55/><F55/><W102/><G102/><T69/><D69/><U28/><E65/><V104/><F16/><W30/><G30/><T58/><D120/><U75/><E28/><V76/><F56/><W68/><G68/><T37/><D58/><U18/><E59/><V131/><F131/><W119/><G103/><T15/><D15/><U33/><E18/><V45/><F57/><W8/><G8/><T134/><D37/><U116/><E64/><V50/><F50/><W115/><G115/><RYUUKYOKU ba="0,0" sc="347,0,169,0,211,0,273,0" /><INIT seed="3,1,0,5,1,113" ten="347,169,211,273" oya="3" hai0="55,45,135,30,89,100,90,81,85,98,80,64,40" hai1="109,111,76,13,17,129,6,39,3,11,36,131,12" hai2="52,57,56,18,93,108,86,32,62,87,44,75,48" hai3="79,99,121,2,91,0,127,54,125,28,19,94,53"/><W60/><G121/><T132/><D64/><U15/><E76/><V20/><F108/><N who="1" m="41545" /><E36/><V7/><F75/><W92/><G28/><T82/><D30/><U4/><E39/><V46/><F32/><W120/><G120/><T68/><D68/><U29/><E29/><V16/><F7/><N who="1" m="2601" /><E3/><V42/><F93/><W43/><G43/><T1/><D55/><U72/><E72/><V114/><F114/><W31/><G31/><T70/><D70/><U37/><E37/><V69/><F69/><W23/><G79/><T33/><D1/><U106/><E106/><V14/><F46/><W96/><G23/><T88/><D33/><U117/><E117/><V122/><F122/><W8/><G19/><T35/><D35/><U97/><E97/><V112/><F112/><W116/><G91/><N who="0" m="34827" /><D45/><U34/><E34/><V65/><REACH who="2" step="1"/><F18/><REACH who="2" ten="347,169,201,273" step="2"/><W41/><G94/><N who="0" m="58455" /><D40/><U101/><E101/><V51/><AGARI ba="1,1" hai="14,16,20,42,44,48,51,52,56,57,62,65,86,87" machi="51" ten="20,16000,3" yaku="1,1,0,1,7,1,8,1,54,2,53,2" doraHai="113" doraHaiUra="47" who="2" fromWho="2" sc="347,-41,169,-41,201,173,273,-81" /><INIT seed="4,0,0,2,1,105" ten="306,128,374,192" oya="0" hai0="71,127,25,56,32,13,133,40,97,8,72,108,5" hai1="30,28,103,55,110,18,74,104,126,17,130,83,78" hai2="14,90,59,10,20,45,98,88,120,33,60,22,44" hai3="93,15,122,61,35,39,112,23,51,65,70,121,19"/><T16/><D71/><U66/><E110/><V102/><F33/><W48/><G39/><T3/><D108/><U27/><E130/><V54/><F120/><N who="3" m="46187" /><G112/><T73/><D40/><U0/><E126/><V124/><F124/><W49/><G93/><T94/><D127/><U101/><E0/><V7/><F44/><W4/><G4/><T86/><D86/><U125/><E125/><V77/><F77/><W1/><G35/><T24/><D56/><U38/><E38/><V21/><REACH who="2" step="1"/><F45/><REACH who="2" ten="306,128,364,192" step="2"/><W82/><G82/><T52/><D133/><U31/><E83/><V84/><F84/><W129/><G129/><T135/><D135/><U81/><E81/><V37/><F37/><W36/><G36/><T117/><D117/><U6/><E78/><V134/><F134/><W95/><G95/><AGARI ba="0,1" hai="7,10,14,20,21,22,54,59,60,88,90,95,98,102" machi="95" ten="40,5200,0" yaku="1,1,8,1,54,1,53,0" doraHai="105" doraHaiUra="114" who="2" fromWho="3" sc="306,0,128,0,364,62,192,-52" /><INIT seed="5,0,0,0,2,126" ten="306,128,426,140" oya="1" hai0="2,18,12,29,123,22,70,54,93,7,45,1,77" hai1="110,107,72,50,103,129,58,91,115,57,30,104,102" hai2="100,15,8,83,41,47,17,108,34,84,78,118,65" hai3="61,130,33,69,76,106,56,19,71,95,63,67,27"/><U90/><E115/><V43/><F118/><W86/><G106/><T99/><D70/><U31/><E50/><V66/><F34/><W132/><G132/><T38/><D123/><U119/><E72/><V36/><F108/><W13/><G130/><T53/><D77/><U121/><E121/><V55/><F100/><W128/><G128/><T28/><D2/><U51/><E51/><V122/><F122/><W109/><G109/><T127/><D127/><U112/><E110/><V105/><F105/><W24/><G33/><T39/><D1/><U4/><E4/><V85/><F43/><W0/><G0/><T134/><D134/><U81/><E81/><V3/><F3/><W135/><G135/><T96/><D7/><U40/><E40/><V97/><F97/><W25/><G63/><T89/><D39/><U49/><E49/><V74/><F55/><N who="0" m="21002" /><D45/><U60/><E60/><V37/><F37/><W44/><G44/><T64/><D64/><U23/><E112/><V124/><F124/><W62/><G62/><T20/><D38/><U9/><E119/><V35/><F35/><W75/><G75/><T87/><D20/><U6/><E23/><V59/><F59/><W14/><G76/><T10/><D22/><U117/><E117/><V11/><F8/><N who="3" m="6567" /><G14/><T113/><D113/><U125/><E125/><V120/><F120/><W32/><G32/><T88/><D89/><U73/><E73/><V42/><F42/><W101/><G101/><T92/><D93/><U46/><E129/><V21/><F21/><W26/><N who="3" m="6144" /><DORA hai="5" /><W48/><G48/><T79/><D79/><RYUUKYOKU ba="0,0" sc="306,10,128,-30,426,10,140,10" hai0="10,12,18,28,29,87,88,92,96,99" hai2="11,15,17,36,41,47,65,66,74,78,83,84,85" hai3="56,61,67,69,71,86,95" /><INIT seed="6,1,0,2,4,127" ten="316,98,436,150" oya="2" hai0="13,102,36,93,21,44,68,10,46,128,91,108,124" hai1="9,104,94,17,100,57,53,65,101,43,89,55,80" hai2="97,117,90,38,31,99,11,26,78,6,96,83,74" hai3="50,47,49,84,0,45,15,54,82,130,3,77,125"/><V86/><F38/><W37/><G37/><T1/><D68/><U60/><E104/><V115/><F115/><W92/><G125/><T109/><D124/><U56/><E43/><V34/><F117/><W134/><G134/><T72/><D72/><U107/><E107/><V51/><F51/><W14/><G0/><T8/><D102/><U27/><E65/><V132/><F132/><W76/><G3/><T116/><D116/><U19/><E80/><V123/><F123/><W126/><G126/><T40/><D46/><U58/><E58/><V67/><F67/><W111/><G111/><T62/><D62/><U41/><E41/><V22/><F34/><W118/><G118/><T24/><D10/><U20/><E17/><V133/><F133/><W103/><G77/><T70/><D1/><U119/><E9/><V48/><F48/><W81/><G81/><T114/><D70/><U64/><E119/><V59/><F59/><W16/><G50/><T28/><D114/><U79/><E79/><V120/><F120/><W71/><G71/><T32/><D32/><U29/><E29/><V135/><F135/><W110/><G110/><T12/><D12/><N who="3" m="4649" /><G16/><T105/><D105/><U2/><E2/><V25/><F25/><W85/><G45/><T23/><D23/><U95/><E64/><V112/><F112/><W30/><G30/><T63/><D109/><U131/><E95/><V69/><F69/><W121/><G121/><T52/><D108/><U66/><E66/><V98/><F11/><W87/><G130/><T35/><D36/><U33/><E131/><V88/><F22/><RYUUKYOKU ba="1,0" sc="316,-10,98,-10,436,-10,150,30" hai3="47,49,54,76,82,84,85,87,92,103" /><INIT seed="7,2,0,4,1,78" ten="306,88,426,180" oya="3" hai0="17,81,2,27,101,111,127,119,46,52,93,32,70" hai1="19,25,90,112,95,55,45,47,40,87,79,108,129" hai2="29,16,22,134,100,58,42,109,118,9,96,3,53" hai3="8,5,14,125,114,35,72,105,80,85,107,121,132"/><W133/><G121/><T50/><D119/><U88/><E112/><V59/><F109/><W11/><G114/><T44/><D111/><U117/><E129/><V66/><F118/><W7/><G72/><T97/><D70/><U73/><E117/><V33/><F42/><W12/><G35/><T110/><D110/><U37/><E108/><V98/><F98/><W130/><G125/><T124/><D2/><U18/><E90/><V1/><F66/><W0/><G0/><T36/><D36/><U63/><E25/><V91/><F91/><W94/><G94/><T24/><D32/><U62/><E62/><V71/><F71/><W49/><G49/><T103/><D103/><U30/><E30/><V65/><F1/><W61/><G61/><T15/><D46/><U57/><REACH who="1" step="1"/><E47/><REACH who="1" ten="306,78,426,180" step="2"/><V13/><F29/><W74/><G130/><T102/><D102/><U76/><E76/><V92/><F33/><W54/><G132/><T106/><D127/><U77/><E77/><V64/><F134/><W23/><G133/><T4/><D124/><U123/><E123/><V43/><F100/><W69/><G107/><T56/><D106/><U21/><E21/><V113/><F22/><W75/><G105/><T122/><D122/><U28/><E28/><V116/><F113/><W89/><G23/><T41/><D4/><U82/><AGARI ba="2,1" hai="18,19,37,40,45,55,57,63,73,79,82,87,88,95" machi="82" ten="30,7900,0" yaku="1,1,0,1,52,1,54,1,53,0" doraHai="78" doraHaiUra="34" who="1" fromWho="1" sc="306,-22,78,95,426,-22,180,-41" owari="284,8.0,173,-23.0,404,51.0,139,-36.0" /></mjloggm>