<mjloggm ver="2.3"><GO type="185" lobby="0"/><UN n0="%E6%9D%B1%E9%B3%B3" n1="%E3%81%9D%E3%81%86%E3%81%A1%E3%82%87" n2="%E7%8E%89%E6%A8%B9%E6%A1%9C" n3="" dan="17,17,16,0" rate="2243.37,2234.93,2263.37,1500.00" sx="M,F,F,C"/><TAIKYOKU oya="0"/><INIT seed="0,0,0,4,0,134" ten="350,350,350,0" oya="0" hai0="122,125,2,74,110,111,72,124,95,114,100,89,80" hai1="79,102,64,104,133,36,107,47,76,121,39,78,135" hai2="77,61,123,73,91,49,81,86,113,51,60,129,119" hai3=""/><T109/><N who="0" m="31264" /><T3/><D114/><U116/><N who="1" m="31008" /><U55/><E116/><V38/><N who="2" m="31520" /><V94/><F119/><T63/><D100/><U33/><E33/><V66/><F113/><T58/><D80/><U112/><E112/><V108/><F38/><T1/><D74/><U35/><E35/><V106/><F129/><T59/><D72/><U48/><E64/><V44/><F108/><T34/><D34/><U56/><E47/><V87/><F106/><N who="1" m="40489" /><E102/><V103/><F103/><T68/><D68/><U43/><E43/><V127/><F44/><T117/><D117/><U83/><E83/><V105/><F66/><T70/><D70/><U50/><E50/><V32/><F49/><T37/><D37/><U65/><E65/><V130/><F51/><T69/><D69/><U98/><E98/><V126/><F32/><T62/><D59/><U101/><E101/><V71/><F71/><T118/><D118/><U45/><E56/><V41/><F105/><T54/><D63/><N who="2" m="24138" /><F73/><T128/><D128/><U131/><E131/><V92/><F130/><T96/><AGARI ba="0,0" hai="1,2,3,54,58,62,89,95,96,109,110,111,124,125" m="31264" machi="96" ten="40,12000,2" yaku="0,1,14,1,10,1,52,3" doraHai="134" who="0" fromWho="0" sc="350,120,350,-60,350,-60,0,0" /><INIT seed="0,1,0,3,5,41" ten="470,290,290,0" oya="0" hai0="106,87,119,78,46,76,124,65,56,109,133,58,43" hai1="54,34,92,126,69,121,49,131,48,91,80,115,88" hai2="86,42,98,74,113,110,67,39,64,111,105,90,114" hai3=""/><T102/><D119/><U122/><N who="1" m="31008" /><U82/><N who="1" m="31264" /><U32/><E69/><V35/><F35/><T63/><D133/><U38/><E38/><V51/><F74/><T84/><D124/><U120/><N who="1" m="30752" /><U44/><E126/><V125/><F125/><T89/><D109/><N who="2" m="41482" /><F98/><T129/><D129/><U81/><E131/><V79/><F79/><T71/><D102/><U107/><E107/><V68/><F105/><T59/><D87/><U134/><E115/><V70/><F90/><T97/><D97/><U100/><E134/><V61/><F51/><T52/><D52/><U104/><E49/><V123/><N who="2" m="31520" /><V72/><F86/><T0/><D0/><U132/><E132/><V116/><F72/><T127/><D127/><U112/><E112/><V37/><F116/><T118/><D118/><U1/><E1/><V47/><F39/><T2/><D2/><U128/><E128/><V75/><F75/><T101/><D101/><U73/><E73/><V96/><F96/><T60/><D106/><U33/><E104/><V77/><F77/><T55/><D78/><U99/><AGARI ba="1,0" hai="32,33,34,44,48,54,80,81,82,88,91,92,99,100" m="30752,31264,31008" machi="99" ten="40,9000,2" yaku="0,1,52,4,54,1" doraHai="41" who="1" fromWho="1" sc="470,-61,290,92,290,-31,0,0" /><INIT seed="1,0,0,0,5,77" ten="409,382,259,0" oya="1" hai0="130,82,121,74,106,42,44,66,72,63,1,115,117" hai1="41,34,135,126,124,47,129,56,40,69,128,2,89" hai2="110,79,127,80,65,53,131,113,92,46,75,51,36" hai3=""/><U95/><E69/><V93/><F113/><T88/><N who="0" m="31008" /><T108/><D108/><U116/><E116/><V94/><F110/><T57/><D1/><U62/><E34/><V73/><F127/><N who="1" m="48681" /><E2/><V133/><F133/><T107/><D115/><U99/><E47/><V49/><F131/><N who="1" m="50249" /><E135/><V112/><F36/><T78/><D130/><U125/><N who="1" m="48689" /><U54/><AGARI ba="0,0" hai="40,41,54,56,62,89,95,99" m="50249,48689" machi="54" ten="50,6400,0" yaku="4,1,18,1,19,1" doraHai="77" who="1" fromWho="1" sc="409,-32,382,64,259,-32,0,0" /><INIT seed="1,1,0,3,0,117" ten="377,446,227,0" oya="1" hai0="51,78,48,107,2,53,121,93,74,70,41,106,64" hai1="49,46,87,67,124,133,105,86,50,108,134,103,131" hai2="89,34,60,96,110,122,109,99,126,115,113,94,80" hai3=""/><U127/><E108/><N who="2" m="41579" /><F34/><T37/><N who="0" m="31008" /><T39/><D2/><U62/><E105/><V114/><N who="2" m="31264" /><V112/><N who="2" m="28672" /><DORA hai="75" /><V135/><F126/><N who="1" m="48169" /><E103/><V54/><F135/><N who="1" m="51721" /><E50/><V83/><F96/><T118/><D51/><U58/><E131/><V81/><F54/><AGARI ba="1,0" hai="46,49,54,58,62,67,86,87" m="51721,48169" machi="54" ten="30,2900,0" yaku="18,1,20,1" doraHai="117,75" who="1" fromWho="2" sc="377,0,446,31,227,-31,0,0" /><INIT seed="1,2,0,1,5,38" ten="377,477,196,0" oya="1" hai0="59,79,97,66,121,49,118,41,85,72,63,33,69" hai1="132,130,100,102,48,77,115,45,120,131,78,116,52" hai2="127,86,1,83,57,98,2,84,134,104,65,129,53" hai3=""/><U124/><N who="1" m="30752" /><U3/><E115/><V107/><F127/><T109/><N who="0" m="31008" /><T119/><D33/><U61/><E116/><V96/><F129/><N who="1" m="49161" /><E3/><V40/><F134/><T73/><D109/><U81/><E124/><V60/><F53/><T89/><D97/><U56/><E132/><V103/><F40/><T106/><D106/><U55/><E78/><V133/><F133/><T43/><D79/><U99/><E99/><V34/><F34/><T95/><D119/><U92/><E92/><V51/><F51/><T42/><D118/><U125/><E125/><V80/><F57/><T122/><N who="0" m="31264" /><T64/><D64/><U50/><E61/><V126/><F126/><T135/><D135/><U117/><E117/><V32/><F60/><T128/><D128/><U70/><E70/><V101/><REACH who="2" step="1"/><F32/><REACH who="2" ten="377,477,186,0" step="2"/><T110/><D110/><U113/><E113/><V91/><F91/><T71/><REACH who="0" step="1"/><D49/><REACH who="0" ten="367,477,186,0" step="2"/><U39/><E39/><V123/><N who="2" m="31520" /><V35/><F35/><T105/><D105/><U111/><E111/><V74/><F74/><AGARI ba="2,2" hai="41,42,43,59,63,66,69,71,72,73,74,85,89,95" m="31264,31008" machi="74" ten="40,12000,2" yaku="1,1,52,5,53,0" doraHai="38" doraHaiUra="93" who="0" fromWho="2" sc="367,144,477,0,186,-124,0,0" /><AGARI ba="2,0" hai="45,48,50,52,55,56,74,77,81,100,102" m="49161,30752" machi="74" ten="30,5800,0" yaku="19,1,52,1,54,1" doraHai="38" who="1" fromWho="2" sc="511,0,477,58,62,-58,0,0" /><INIT seed="1,3,0,0,2,106" ten="511,535,4,0" oya="1" hai0="68,120,57,94,49,111,92,90,50,45,61,130,62" hai1="33,109,124,81,80,103,73,107,74,95,135,43,102" hai2="52,91,123,118,100,119,70,98,69,132,65,113,97" hai3=""/><U36/><E33/><V125/><N who="2" m="31520" /><V72/><F125/><T71/><N who="0" m="30752" /><T121/><N who="0" m="31008" /><T59/><D111/><U127/><E135/><V51/><F132/><T47/><D90/><U35/><E35/><V3/><F3/><T134/><D134/><U34/><E34/><V2/><F2/><T79/><D79/><U64/><E64/><V58/><F113/><T86/><D86/><U99/><E109/><V110/><F110/><T63/><D63/><U40/><E107/><V38/><F72/><N who="1" m="27753" /><E103/><V60/><F69/><T53/><D53/><U114/><E114/><V117/><F100/><T54/><D54/><U89/><E36/><V108/><F108/><T44/><D44/><U131/><E102/><V104/><F104/><T115/><D115/><U84/><E84/><V85/><F38/><T93/><D92/><U128/><E43/><V101/><F101/><T41/><D41/><U32/><E40/><V82/><AGARI ba="3,0" hai="51,52,58,60,65,70,82,85,91,97,98,117,118,119" m="31520" machi="82" ten="30,3000,0" yaku="0,1,52,1,54,1" doraHai="106" who="2" fromWho="2" sc="511,-13,535,-23,4,36,0,0" /><INIT seed="2,0,0,2,5,110" ten="498,512,40,0" oya="2" hai0="135,115,126,76,3,85,56,112,48,59,130,90,106" hai1="128,100,46,88,132,0,64,123,34,129,51,49,39" hai2="54,96,74,97,78,98,109,102,81,113,134,35,2" hai3=""/><V89/><F2/><T91/><D3/><U72/><N who="1" m="31520" /><U67/><E0/><V50/><F35/><T55/><D135/><U116/><E34/><V95/><F134/><T83/><D130/><U122/><N who="1" m="31264" /><U71/><E132/><V103/><F109/><T114/><D126/><U92/><E72/><V119/><F119/><T65/><D106/><U44/><E100/><V79/><F79/><T105/><D105/><U53/><E39/><V121/><N who="2" m="31008" /><V94/><F113/><T32/><D32/><U107/><E107/><V37/><F37/><T118/><D118/><U104/><E104/><V60/><F60/><AGARI ba="0,0" hai="48,55,56,59,60,65,76,83,85,90,91,112,114,115" machi="60" ten="40,8000,1" yaku="11,1,52,3" doraHai="110" who="0" fromWho="2" sc="498,80,512,0,40,-80,0,0" owari="578,53.0,512,11.0,-40,-64.0,0,0.0" /></mjloggm>