<mjloggm ver="2.3"><GO type="169" lobby="0"/><UN n0="%E3%81%8D%E3%82%88%E3%81%97%E3%81%BE%E3%82%8B" n1="%E8%87%B3%E9%AB%98%E3%81%AE%E3%81%A0%E3%81%A0%E3%81%A1%E3%82%83%E8%B1%86" n2="%E3%83%81%E3%83%A7%E3%82%B3%E3%83%AD%E3%83%9C%E5%90%9B" n3="%E7%B4%AB%E3%81%AE%E9%8F%A1" dan="16,16,16,18" rate="2100.79,2096.57,2127.34,2259.60" sx="F,M,M,M"/><TAIKYOKU oya="0"/><INIT seed="0,0,0,5,3,96" ten="250,250,250,250" oya="0" hai0="11,81,50,15,104,88,39,22,37,34,77,128,117" hai1="32,51,127,55,98,18,69,40,46,125,66,31,109" hai2="79,130,91,78,120,111,84,76,54,87,27,65,59" hai3="45,114,107,92,35,135,28,80,67,74,53,124,133"/><T64/><D117/><U101/><E18/><V132/><F120/><W115/><G107/><T62/><D34/><U2/><E109/><V12/><F111/><W29/><G67/><T113/><D113/><U47/><E2/><V30/><F130/><W73/><G124/><N who="1" m="47690" /><E31/><V58/><F132/><W17/><G17/><T68/><D128/><U72/><E32/><V131/><F131/><W106/><G106/><T100/><D22/><U13/><E13/><V5/><F65/><W42/><G35/><T8/><D8/><U48/><E72/><V10/><F59/><W63/><G74/><T33/><D33/><U25/><E25/><V134/><F134/><W41/><G73/><T86/><D77/><U97/><E97/><V93/><F84/><W61/><G28/><T118/><D118/><U7/><E7/><V129/><F129/><W0/><G29/><T14/><D14/><U20/><E20/><N who="2" m="15719" /><F79/><W16/><G114/><T70/><D50/><AGARI ba="0,0" hai="5,10,12,50,54,58,76,78,87,91,93" m="15719" machi="50" ten="30,1000,0" yaku="8,1" doraHai="96" who="2" fromWho="0" sc="250,-10,250,0,250,10,250,0" /><INIT seed="1,0,0,2,0,39" ten="240,250,260,250" oya="1" hai0="108,47,62,3,112,69,5,91,73,17,68,43,6" hai1="78,1,135,16,52,124,0,57,18,22,132,12,117" hai2="103,55,9,37,7,118,76,44,128,107,11,83,14" hai3="19,60,102,34,33,30,2,88,101,71,115,93,123"/><U10/><E124/><V61/><F118/><W64/><G123/><T50/><D112/><U104/><E104/><V79/><F128/><W51/><G2/><T67/><D108/><U85/><E117/><V77/><F103/><W53/><G115/><T130/><D130/><U13/><E85/><V90/><F107/><W96/><G19/><T66/><D73/><U113/><E78/><V40/><F90/><W42/><G42/><T28/><D3/><U116/><E116/><V80/><REACH who="2" step="1"/><F11/><REACH who="2" ten="240,250,250,250" step="2"/><W94/><G102/><T98/><D91/><U45/><E113/><V82/><F82/><W75/><G88/><T32/><D98/><U134/><REACH who="1" step="1"/><E45/><REACH who="1" ten="240,240,250,250" step="2"/><V100/><F100/><W15/><G101/><T25/><REACH who="0" step="1"/><D17/><REACH who="0" ten="230,240,250,250" step="2"/><U97/><E97/><V65/><F65/><W109/><G96/><T35/><D35/><U126/><E126/><V125/><F125/><W20/><G34/><T81/><D81/><U110/><E110/><V36/><F36/><W21/><G109/><T133/><D133/><U131/><E131/><V121/><F121/><W58/><G33/><T41/><D41/><U87/><E87/><V59/><AGARI ba="0,3" hai="7,9,14,37,40,44,55,59,61,76,77,79,80,83" machi="59" ten="30,7900,0" yaku="1,1,0,1,52,1,53,1" doraHai="39" doraHaiUra="49" who="2" fromWho="2" sc="230,-20,240,-39,250,109,250,-20" /><INIT seed="2,0,0,4,3,25" ten="210,201,359,230" oya="2" hai0="120,61,73,82,129,50,33,125,60,14,44,118,39" hai1="8,75,32,7,86,28,101,37,62,40,0,117,74" hai2="11,15,126,72,9,89,63,56,64,70,112,17,38" hai3="87,108,116,88,29,54,30,79,51,105,106,48,102"/><V36/><F112/><W65/><G116/><T114/><D114/><U59/><E117/><V66/><F72/><W18/><G108/><T12/><D118/><U19/><E101/><V55/><F126/><W34/><G34/><T107/><D120/><U122/><E122/><V135/><F135/><W2/><G2/><T113/><D113/><U31/><E32/><V58/><F70/><W16/><G79/><T128/><D107/><U127/><E127/><V13/><F89/><W71/><G71/><T94/><D39/><U103/><E103/><V95/><F95/><W6/><G6/><T53/><D94/><U43/><E86/><V20/><F20/><W83/><G65/><T123/><D123/><U49/><E19/><N who="3" m="7210" /><G105/><T52/><D33/><U98/><E98/><V27/><F27/><W21/><G106/><T81/><D125/><U45/><E43/><V90/><F90/><W133/><G133/><T68/><D68/><U109/><E109/><V22/><F66/><W41/><G21/><T130/><D73/><U96/><E96/><V23/><F23/><W76/><G76/><T78/><D78/><U97/><E97/><V115/><F115/><W4/><G4/><T99/><D99/><U91/><E91/><V92/><F22/><W57/><G102/><T100/><D100/><U10/><E10/><V26/><F26/><W35/><G35/><T77/><D77/><U110/><E110/><V46/><F11/><W47/><AGARI ba="0,0" hai="29,30,41,47,48,51,54,57,83,87,88" m="7210" machi="47" ten="30,8000,1" yaku="8,1,52,2,54,2" doraHai="25" who="3" fromWho="3" sc="210,-20,201,-20,359,-40,230,80" /><INIT seed="3,0,0,1,0,75" ten="190,181,319,310" oya="3" hai0="28,26,90,43,120,101,42,68,47,72,39,76,95" hai1="14,109,20,128,114,60,29,125,41,108,70,11,122" hai2="46,9,126,16,54,97,124,48,17,2,53,88,117" hai3="112,18,21,89,34,66,92,119,64,133,13,56,31"/><W63/><G112/><T105/><D120/><U45/><E122/><V79/><F117/><W134/><G119/><T86/><D68/><U102/><E102/><V96/><F54/><W36/><G36/><T12/><D12/><U129/><E29/><V118/><F118/><W27/><REACH who="3" step="1"/><G66/><REACH who="3" ten="190,181,319,300" step="2"/><T62/><D39/><N who="1" m="21695" /><E114/><V32/><F124/><W132/><G132/><T58/><D47/><U74/><E125/><V94/><F126/><W37/><G37/><T98/><D58/><U50/><E70/><V0/><F46/><W7/><G7/><T57/><D57/><U83/><E128/><V3/><F3/><W15/><G15/><T38/><D38/><U51/><E129/><V22/><F2/><W131/><G131/><T106/><D62/><U116/><E60/><V59/><F0/><W19/><G19/><T115/><D115/><U99/><E116/><V10/><F17/><W110/><G110/><T103/><D26/><U82/><E14/><V44/><F44/><W23/><G23/><T30/><D30/><U77/><E20/><V84/><F22/><W121/><G121/><T100/><D28/><U123/><E123/><V5/><F16/><W130/><G130/><T113/><D113/><U4/><E4/><V49/><F5/><W71/><G71/><T85/><D42/><U33/><E109/><V1/><F1/><W61/><G61/><T91/><D43/><U127/><E108/><V107/><F59/><W25/><G25/><T93/><D106/><U40/><E127/><V87/><F107/><W104/><G104/><T65/><D65/><U35/><E40/><RYUUKYOKU ba="0,1" sc="190,15,181,-15,319,-15,300,15" hai0="72,76,85,86,90,91,93,95,98,100,101,103,105" hai3="13,18,21,27,31,34,56,63,64,89,92,133,134" /><INIT seed="3,1,1,2,5,62" ten="205,166,304,315" oya="3" hai0="93,21,81,84,121,82,131,101,35,12,64,17,116" hai1="66,129,16,25,31,44,9,63,61,103,41,88,56" hai2="26,58,124,78,42,99,69,77,83,113,40,125,105" hai3="27,120,18,75,67,7,115,109,47,8,128,89,5"/><W29/><G115/><T119/><D121/><U79/><E129/><V55/><F69/><W14/><G120/><T1/><D131/><U22/><E79/><V46/><F113/><W54/><G75/><T108/><D108/><U73/><E73/><V112/><F26/><W72/><G72/><T13/><D1/><U110/><E110/><V104/><F112/><W95/><G128/><T38/><D35/><U65/><E103/><V117/><F117/><W98/><G109/><T123/><D38/><U24/><E9/><V134/><F134/><W127/><G127/><T80/><D123/><U90/><E44/><V91/><F91/><W133/><G133/><T57/><D12/><U76/><E41/><V102/><F104/><W2/><G67/><T126/><D126/><N who="2" m="48746" /><F46/><W87/><G98/><T37/><D37/><U86/><E86/><N who="2" m="48495" /><F78/><W19/><G5/><T118/><D101/><U45/><E45/><V92/><F92/><W30/><G2/><T135/><D135/><U36/><E76/><V85/><F85/><W28/><REACH who="3" step="1"/><G27/><REACH who="3" ten="205,166,304,305" step="2"/><T39/><D116/><U20/><REACH who="1" step="1"/><E36/><REACH who="1" ten="205,156,304,305" step="2"/><V52/><F55/><W33/><G33/><T122/><D39/><U23/><E23/><V43/><F43/><W130/><G130/><T70/><D122/><U3/><E3/><V53/><F53/><W49/><AGARI ba="1,3" hai="7,8,14,18,19,28,29,30,47,49,54,87,89,95" machi="49" ten="30,12000,1" yaku="1,1,0,1,8,1,53,2" doraHai="62" doraHaiUra="15" who="3" fromWho="3" sc="205,-41,156,-41,304,-41,305,153" /><INIT seed="3,2,0,3,2,123" ten="164,115,263,458" oya="3" hai0="23,104,0,25,114,130,79,56,6,51,20,3,133" hai1="58,26,119,108,15,75,110,48,41,80,12,7,18" hai2="100,112,30,128,107,129,4,83,86,29,64,67,68" hai3="31,101,32,103,121,124,1,24,117,49,126,43,96"/><W54/><G117/><T19/><D104/><U70/><E70/><V34/><F112/><W5/><G121/><T92/><D79/><N who="1" m="44159" /><E119/><V10/><F100/><W125/><G43/><T81/><D81/><U27/><E7/><V62/><F67/><W52/><G54/><T8/><D92/><U102/><E12/><V135/><F135/><W111/><G111/><N who="1" m="42538" /><E102/><V132/><F132/><W11/><REACH who="3" step="1"/><G96/><REACH who="3" ten="164,115,263,448" step="2"/><T89/><D133/><U42/><E42/><V66/><F66/><W16/><G16/><T13/><D19/><U33/><E33/><V65/><F65/><W60/><G60/><T93/><D114/><U91/><E91/><V9/><F62/><W37/><G37/><T46/><D89/><U77/><E77/><V59/><F64/><W97/><G97/><T47/><D51/><U21/><E41/><V106/><F34/><W73/><G73/><T78/><D78/><U53/><AGARI ba="2,1" hai="15,18,21,26,27,48,53,58" m="42538,44159" machi="53" ten="30,7900,0" yaku="14,1,52,3" doraHai="123" who="1" fromWho="1" sc="164,-22,115,95,263,-22,448,-41" /><INIT seed="4,0,0,4,2,20" ten="142,210,241,407" oya="0" hai0="113,27,58,111,90,74,118,104,103,131,64,81,1" hai1="60,37,125,96,26,123,61,93,16,38,28,135,52" hai2="10,121,80,65,36,91,133,87,2,54,31,84,98" hai3="17,59,24,92,45,75,95,86,25,70,73,109,51"/><T0/><D118/><U130/><E123/><V23/><F121/><W21/><G70/><T85/><D113/><U120/><E120/><V102/><F36/><W43/><G109/><T83/><D131/><U129/><E135/><V89/><F65/><W127/><G127/><T30/><D111/><U82/><E82/><V115/><F133/><W63/><G25/><T110/><D110/><U79/><E28/><V72/><F72/><W12/><G12/><T112/><D112/><U66/><E79/><V19/><F54/><W7/><G7/><T3/><D103/><U105/><E105/><V69/><F69/><W6/><G6/><T50/><D104/><U40/><E40/><V99/><F99/><W35/><G35/><T41/><D74/><U88/><E66/><V44/><F44/><W94/><REACH who="3" step="1"/><G86/><REACH who="3" ten="142,210,241,397" step="2"/><T108/><D108/><U15/><E125/><V71/><F87/><W5/><G5/><T119/><D119/><U132/><E132/><V68/><F84/><W48/><G48/><T128/><D128/><N who="1" m="49259" /><E60/><V11/><F115/><W77/><G77/><T101/><D50/><U62/><E61/><V107/><F2/><W117/><G117/><T33/><D101/><U39/><E26/><V97/><F102/><W13/><G13/><T34/><D34/><U114/><E114/><V78/><F78/><W56/><G56/><T42/><REACH who="0" step="1"/><D81/><REACH who="0" ten="132,210,241,397" step="2"/><U67/><E39/><V106/><F80/><W53/><AGARI ba="0,2" hai="17,21,24,43,45,51,53,59,63,73,75,92,94,95" machi="53" ten="30,4000,0" yaku="1,1,0,1,52,1,53,0" doraHai="20" doraHaiUra="32" who="3" fromWho="3" sc="132,-20,210,-10,241,-10,397,60" /><INIT seed="5,0,0,3,1,26" ten="112,200,231,457" oya="1" hai0="93,5,116,61,127,47,59,60,75,42,108,12,29" hai1="74,104,49,46,55,36,128,30,67,14,87,125,52" hai2="16,132,48,6,83,23,84,64,20,98,0,81,3" hai3="40,38,18,129,89,78,25,8,19,43,27,110,109"/><U114/><E104/><V22/><F132/><W100/><G78/><T33/><D108/><U118/><E74/><V124/><F124/><W115/><G100/><T76/><D116/><U111/><E118/><V11/><F64/><W34/><G89/><T96/><D127/><U28/><E125/><V135/><F3/><W120/><G120/><T77/><D75/><U97/><E36/><V121/><F135/><W51/><G51/><T91/><D61/><U44/><E114/><V95/><F121/><W53/><G53/><T4/><D33/><U119/><E119/><V133/><F48/><W80/><G80/><T15/><D29/><N who="1" m="11371" /><E128/><V134/><F134/><W106/><G34/><T123/><D123/><U99/><E67/><V58/><F83/><W21/><G106/><T9/><D4/><U131/><E131/><V17/><F58/><W41/><G38/><T72/><D72/><U85/><E111/><V86/><F86/><N who="1" m="32777" /><E14/><V88/><REACH who="2" step="1"/><F133/><REACH who="2" ten="112,200,221,457" step="2"/><W71/><G129/><T126/><D126/><U82/><E82/><V63/><F63/><W68/><G110/><T24/><D60/><U37/><E37/><V102/><AGARI ba="0,1" hai="0,6,11,16,17,20,22,23,81,84,88,95,98,102" machi="102" ten="30,8000,1" yaku="1,1,0,1,54,2,53,1" doraHai="26" doraHaiUra="35" who="2" fromWho="2" sc="112,-20,200,-40,221,90,457,-20" /><INIT seed="6,0,0,1,4,0" ten="92,160,311,437" oya="2" hai0="51,91,40,43,3,39,1,65,80,120,17,7,82" hai1="23,131,107,102,50,96,104,63,8,115,108,85,58" hai2="93,2,56,10,97,135,62,66,27,86,49,57,109" hai3="6,110,30,32,71,69,114,42,33,19,52,18,64"/><V78/><F135/><W54/><G42/><T34/><D34/><U98/><E108/><V41/><F109/><W25/><G110/><T122/><D39/><U111/><E111/><V15/><F2/><W68/><G64/><T48/><D65/><U95/><E115/><V119/><F27/><W88/><G33/><T105/><D105/><U73/><E131/><V94/><F119/><W16/><G114/><T28/><D28/><U20/><E73/><V21/><F21/><W133/><G133/><T92/><D92/><U84/><E50/><V112/><F112/><W130/><G130/><T24/><D24/><U47/><E47/><V59/><F41/><W70/><G70/><T126/><D17/><U45/><E45/><V55/><F59/><W118/><G118/><T12/><D12/><U72/><E72/><V90/><F78/><W134/><G134/><T127/><REACH who="0" step="1"/><D91/><REACH who="0" ten="82,160,311,437" step="2"/><U129/><E129/><V53/><F66/><W128/><G88/><T100/><D100/><U75/><E107/><V44/><F57/><W61/><G128/><T113/><D113/><U83/><E58/><V87/><REACH who="2" step="1"/><F94/><REACH who="2" ten="82,160,301,437" step="2"/><W117/><G25/><T77/><D77/><U67/><E95/><V11/><F11/><W60/><G117/><T116/><D116/><U103/><E8/><V106/><F106/><W76/><G76/><T99/><D99/><U74/><E104/><V124/><F124/><W22/><G71/><T38/><D38/><U13/><E67/><V89/><F89/><W81/><G69/><T46/><D46/><U5/><E102/><V35/><F35/><W123/><G32/><RYUUKYOKU ba="0,2" sc="82,15,160,-15,301,15,437,-15" hai0="1,3,7,40,43,48,51,80,82,120,122,126,127" hai2="10,15,44,49,53,55,56,62,86,87,90,93,97" /><INIT seed="6,1,2,1,5,51" ten="97,145,316,422" oya="2" hai0="99,21,30,128,22,70,118,120,102,105,114,23,74" hai1="3,6,72,130,37,12,11,10,79,107,17,36,38" hai2="71,87,109,76,111,45,90,4,69,55,54,80,15" hai3="56,1,94,27,59,81,104,14,39,115,68,125,95"/><V28/><F28/><W43/><G1/><T31/><D120/><U116/><E130/><V97/><F4/><W63/><G104/><T64/><D128/><U91/><E107/><V19/><F97/><W65/><G125/><T83/><D114/><U89/><REACH who="1" step="1"/><E116/><REACH who="1" ten="97,135,316,422" step="2"/><V13/><F109/><W35/><G115/><T26/><D118/><U122/><E122/><V7/><F111/><W20/><G95/><T18/><D31/><U48/><E48/><V2/><F71/><W119/><G94/><T5/><D30/><U124/><E124/><V41/><F69/><W127/><G68/><T58/><D70/><U53/><E53/><V100/><F55/><W103/><G127/><T61/><REACH who="0" step="1"/><D5/><REACH who="0" ten="87,135,316,422" step="2"/><U86/><E86/><V25/><F7/><W101/><G119/><T33/><D33/><U113/><E113/><V57/><F87/><W62/><G35/><T50/><D50/><U96/><E96/><V24/><F41/><W133/><G43/><T8/><D8/><U49/><E49/><V126/><F126/><W129/><G129/><T132/><D132/><U82/><AGARI ba="1,4" hai="3,6,10,11,12,17,36,37,38,72,79,82,89,91" machi="82" ten="40,2700,0" yaku="1,1,0,1,53,0" doraHai="51" doraHaiUra="121" who="1" fromWho="1" sc="87,-8,135,70,316,-14,422,-8" /><INIT seed="7,0,0,3,5,33" ten="79,205,302,414" oya="3" hai0="72,56,105,113,95,103,59,90,79,29,45,52,122" hai1="69,119,78,49,7,62,109,37,133,28,94,81,91" hai2="108,18,19,16,22,74,125,100,51,73,127,68,44" hai3="104,88,40,9,35,96,99,92,67,132,24,42,54"/><W118/><G67/><T123/><D29/><U20/><E109/><V21/><F108/><W102/><G118/><T75/><D45/><U61/><E37/><V5/><F100/><W115/><G115/><T131/><D59/><U6/><E69/><V101/><F101/><W71/><G71/><T76/><D52/><U82/><E133/><V38/><F68/><W117/><G117/><T10/><D56/><U70/><E70/><V93/><F93/><W66/><G66/><T89/><D10/><U2/><E2/><V46/><F5/><W27/><G27/><T86/><D113/><U77/><E49/><V64/><F64/><W55/><G9/><T134/><D134/><U130/><E130/><V107/><F107/><W116/><G116/><T58/><D58/><U17/><E28/><V1/><F1/><W112/><G112/><T15/><D15/><U98/><E98/><V124/><F38/><W50/><G99/><T14/><D14/><U114/><E114/><V31/><F31/><W0/><G96/><N who="0" m="61671" /><D131/><U135/><E135/><V30/><F30/><W43/><G102/><T23/><D23/><N who="2" m="8714" /><F51/><W85/><G50/><T128/><D128/><U87/><E119/><V47/><AGARI ba="0,0" hai="16,18,19,44,46,47,73,74,124,125,127" m="8714" machi="47" ten="40,12000,2" yaku="29,2,28,2,18,1,54,1" doraHai="33" who="2" fromWho="2" sc="79,-30,205,-30,302,120,414,-60" owari="49,-45.0,175,-22.0,422,52.0,354,15.0" /></mjloggm>