<mjloggm ver="2.3"><GO type="169" lobby="0"/><UN n0="%E3%81%97%E3%81%BE%E3%81%98%E3%82%83%E3%81%8F%40%E4%B8%80%E7%95%99" n1="%E9%87%A3%E3%82%8A%E6%97%A5%E5%92%8C" n2="%72%65%72%65%6D%61%72%75" n3="%E3%83%8E%E3%82%AA%E3%83%81%E3%83%A3%E3%83%99%E3%82%B9" dan="17,17,16,16" rate="2141.64,2199.75,2150.49,2136.29" sx="M,M,M,M"/><TAIKYOKU oya="0"/><INIT seed="0,0,0,3,2,12" ten="250,250,250,250" oya="0" hai0="108,132,90,68,110,56,47,13,48,10,104,40,57" hai1="50,34,99,131,86,51,25,93,3,119,39,44,67" hai2="9,35,96,85,28,74,29,33,117,6,103,76,1" hai3="30,19,52,118,98,79,41,20,126,43,75,64,4"/><T23/><D68/><U77/><E119/><V37/><F37/><W21/><G118/><T111/><D132/><U15/><E3/><V88/><F117/><W114/><G114/><T87/><D23/><U78/><E131/><V55/><F55/><W94/><G64/><T100/><D100/><U107/><E39/><V80/><F29/><W91/><G126/><T116/><D104/><U82/><E107/><V11/><F11/><W125/><G125/><T115/><D115/><U42/><E67/><V46/><F46/><W81/><G4/><T66/><D66/><U63/><E63/><V24/><F35/><W69/><G69/><T70/><D70/><U97/><E51/><V73/><REACH who="2" step="1"/><F76/><REACH who="2" ten="250,250,240,250" step="2"/><W106/><G30/><T62/><D116/><U83/><E77/><V130/><F130/><W38/><G38/><T109/><D110/><U7/><E78/><V36/><F36/><W101/><G21/><T121/><D121/><U129/><E44/><V124/><F124/><W45/><G45/><T17/><REACH who="0" step="1"/><D62/><REACH who="0" ten="240,250,240,250" step="2"/><U92/><E129/><V59/><F59/><W53/><G43/><T120/><D120/><U49/><E42/><V133/><F133/><W71/><G41/><T60/><D60/><U26/><E34/><V61/><F61/><W5/><G71/><T65/><D65/><U135/><E135/><V72/><F72/><W127/><G127/><T105/><D105/><AGARI ba="0,2" hai="1,6,9,24,28,33,73,74,80,85,88,96,103,105" machi="105" ten="30,3900,0" yaku="1,1,7,1,54,1,53,0" doraHai="12" doraHaiUra="54" who="2" fromWho="0" sc="240,-39,250,0,240,59,250,0" /><INIT seed="1,0,0,5,0,104" ten="201,250,299,250" oya="1" hai0="123,82,74,96,34,66,129,117,54,47,127,9,40" hai1="42,18,84,57,58,83,78,100,70,1,115,50,61" hai2="77,111,135,65,89,109,37,93,103,108,91,118,67" hai3="5,116,41,122,133,128,87,134,49,113,112,106,80"/><U107/><E115/><V7/><F118/><W92/><G5/><T39/><D117/><U23/><E1/><V88/><F37/><W26/><G26/><T22/><D34/><U12/><E107/><V13/><F135/><N who="3" m="51723" /><G49/><T0/><D129/><U45/><E100/><V130/><F130/><W131/><G41/><T21/><D66/><U63/><E70/><V114/><F114/><N who="3" m="44139" /><G116/><T3/><D3/><U76/><REACH who="1" step="1"/><E78/><REACH who="1" ten="201,240,299,250" step="2"/><V20/><F77/><N who="3" m="46479" /><G106/><T36/><D0/><U48/><E48/><V53/><F111/><W56/><G122/><T120/><D123/><U6/><E6/><V28/><F7/><W46/><G46/><T19/><D47/><U81/><E81/><V119/><F109/><W125/><G125/><T105/><D82/><U121/><E121/><V62/><F108/><W10/><G56/><AGARI ba="0,1" hai="12,18,23,42,45,50,56,57,58,61,63,76,83,84" machi="56" ten="40,3900,0" yaku="1,1,8,1,53,0" doraHai="104" doraHaiUra="33" who="1" fromWho="3" sc="201,0,240,49,299,0,250,-39" /><INIT seed="1,1,0,3,5,98" ten="201,289,299,211" oya="1" hai0="112,134,32,62,104,29,93,48,63,8,102,19,92" hai1="73,5,23,95,34,14,106,44,57,74,24,86,13" hai2="88,118,55,31,105,107,133,16,22,131,9,69,87" hai3="66,135,6,122,100,45,17,125,70,126,54,111,97"/><U91/><E106/><V2/><F133/><W10/><G122/><T26/><D112/><U81/><E34/><V130/><F69/><W77/><G135/><T28/><D28/><U78/><E5/><V42/><F118/><W84/><G17/><T79/><D79/><U96/><E44/><V7/><F31/><W1/><G111/><T64/><D134/><U37/><E37/><V85/><F87/><W50/><G66/><T20/><D8/><U76/><E76/><V117/><F55/><W82/><REACH who="3" step="1"/><G70/><REACH who="3" ten="201,289,299,201" step="2"/><T27/><D64/><U51/><E73/><V109/><F109/><W15/><G15/><T38/><D19/><N who="1" m="12415" /><E74/><V80/><F117/><W52/><G52/><AGARI ba="1,1" hai="13,14,51,52,57,78,81,86,91,95,96" m="12415" machi="52" ten="30,2900,0" yaku="8,1,54,1" doraHai="98" who="1" fromWho="3" sc="201,0,289,42,299,0,201,-32" /><INIT seed="1,2,0,0,5,30" ten="201,331,299,169" oya="1" hai0="95,104,25,103,78,44,69,85,32,96,74,37,48" hai1="90,29,62,124,63,127,60,133,109,102,54,89,15" hai2="110,20,66,83,52,87,122,58,81,53,3,105,41" hai3="27,100,26,115,22,79,67,125,45,33,24,128,121"/><U107/><E133/><V0/><F122/><W77/><G121/><T76/><D69/><U40/><E40/><V68/><F105/><W126/><G115/><T120/><D37/><U118/><E118/><V28/><F68/><W117/><G117/><T111/><D111/><U11/><E29/><V43/><F66/><W39/><G67/><T18/><D120/><U31/><E31/><V49/><F110/><W16/><G100/><T42/><D74/><U130/><E109/><V17/><F28/><N who="3" m="19591" /><G27/><T116/><D116/><U5/><E130/><V21/><F87/><W4/><G4/><T57/><D32/><U91/><REACH who="1" step="1"/><E54/><REACH who="1" ten="201,321,299,169" step="2"/><V14/><F53/><W19/><G128/><T71/><D42/><U99/><AGARI ba="2,1" hai="5,11,15,60,62,63,89,90,91,99,102,107,124,127" machi="99" ten="40,7800,0" yaku="1,1,2,1,0,1,53,0" doraHai="30" doraHaiUra="114" who="1" fromWho="1" sc="201,-28,321,94,299,-28,169,-28" /><INIT seed="1,3,0,1,3,16" ten="173,415,271,141" oya="1" hai0="101,40,69,47,0,92,28,131,117,72,123,26,115" hai1="71,96,30,43,127,56,73,38,50,105,49,61,42" hai2="119,23,19,62,9,99,78,86,82,84,104,109,77" hai3="58,93,37,60,90,25,76,134,3,12,108,68,81"/><U128/><E73/><V41/><F109/><W20/><G3/><T124/><D92/><U54/><E105/><V79/><F119/><W63/><G37/><T27/><D101/><U21/><E96/><V107/><F41/><N who="1" m="15369" /><E30/><V11/><F62/><W125/><G108/><T133/><D28/><U59/><E21/><V87/><F82/><W65/><G12/><T110/><D47/><N who="1" m="27999" /><E128/><V94/><F107/><W130/><G130/><T89/><D40/><U129/><E129/><V31/><F31/><W13/><G13/><T33/><D89/><U57/><E127/><V122/><F122/><W8/><G8/><T1/><D27/><U4/><E4/><V10/><F104/><W121/><G125/><T39/><D26/><U98/><E98/><V14/><REACH who="2" step="1"/><F99/><REACH who="2" ten="173,415,261,141" step="2"/><W75/><G121/><T74/><D72/><U32/><E38/><V5/><F5/><W126/><G126/><T120/><D123/><U17/><E17/><V36/><F36/><W91/><G93/><AGARI ba="3,1" hai="9,10,11,14,19,23,77,78,79,84,86,87,93,94" machi="93" ten="50,8000,1" yaku="1,1,29,2,8,1,52,1,53,0" doraHai="16" doraHaiUra="46" who="2" fromWho="3" sc="173,0,415,0,261,99,141,-89" /><INIT seed="2,0,0,4,2,106" ten="173,415,360,52" oya="2" hai0="2,47,61,14,123,0,118,65,66,26,56,37,127" hai1="6,44,122,76,85,112,4,90,33,20,68,100,116" hai2="49,74,79,63,105,82,75,34,48,117,60,70,133" hai3="59,124,19,55,32,10,67,108,53,28,78,97,128"/><V22/><F117/><W73/><G67/><T15/><D123/><U7/><E33/><V35/><F105/><W81/><G108/><T98/><D127/><U115/><E68/><V86/><F133/><W107/><G124/><T40/><D118/><U132/><E116/><V89/><F22/><W129/><G28/><T83/><D65/><U91/><E132/><V120/><F120/><W110/><G32/><T99/><D83/><U57/><E122/><V113/><F113/><W45/><G110/><T77/><D77/><U69/><E69/><V71/><F79/><W101/><G45/><T30/><D2/><U11/><E100/><V29/><F29/><W80/><G80/><T12/><REACH who="0" step="1"/><D0/><REACH who="0" ten="163,415,360,52" step="2"/><U131/><E76/><V25/><F82/><W72/><G72/><T93/><D93/><U87/><E112/><V92/><F92/><W43/><G43/><T17/><D17/><U9/><E115/><V94/><F94/><W96/><G96/><T50/><D50/><U111/><E111/><V41/><F41/><W119/><G119/><T24/><D24/><U36/><E4/><V84/><F25/><W58/><G55/><T27/><D27/><U126/><E126/><V23/><REACH who="2" step="1"/><F23/><AGARI ba="0,1" hai="12,14,15,23,26,30,37,40,47,56,61,66,98,99" machi="23" ten="40,1300,0" yaku="1,1,53,0" doraHai="106" doraHaiUra="104" who="0" fromWho="2" sc="163,23,415,0,360,-13,52,0" /><INIT seed="3,0,0,1,1,129" ten="186,415,347,52" oya="3" hai0="128,17,12,63,0,95,69,86,100,40,77,46,58" hai1="15,90,60,56,10,130,45,9,7,4,35,78,108" hai2="3,66,23,25,114,118,67,43,52,127,115,39,5" hai3="51,97,76,50,110,70,36,125,122,16,121,34,8"/><W29/><G36/><T18/><D0/><U37/><E35/><V133/><F118/><W30/><G70/><T134/><D69/><U113/><E113/><V98/><F127/><W103/><G76/><T79/><D128/><U80/><E108/><V41/><F98/><W131/><G125/><T22/><D18/><U117/><E90/><V32/><F32/><W112/><G112/><T135/><D100/><U75/><E117/><V59/><F43/><W89/><G89/><T26/><D26/><U99/><E99/><V54/><F54/><W107/><G131/><T119/><D95/><U57/><E130/><V132/><F41/><W101/><G101/><T88/><D119/><U109/><E109/><V82/><F82/><W104/><G104/><T1/><D1/><U81/><E81/><V106/><F39/><W120/><G110/><T62/><D86/><U14/><E60/><N who="0" m="23081" /><D58/><U94/><E94/><V93/><F93/><W96/><G96/><T71/><D88/><U19/><E19/><V27/><F106/><W20/><G8/><T123/><D123/><U33/><E33/><V13/><F3/><W47/><G34/><T74/><D71/><U42/><AGARI ba="0,0" hai="4,7,9,10,14,15,37,42,45,56,57,75,78,80" machi="42" ten="30,2000,0" yaku="0,1,9,1" doraHai="129" who="1" fromWho="1" sc="186,-5,415,20,347,-5,52,-10" /><INIT seed="4,0,0,2,3,123" ten="181,435,342,42" oya="0" hai0="36,30,11,68,116,65,33,114,125,77,63,46,12" hai1="131,87,69,37,122,27,23,50,5,119,39,62,67" hai2="8,29,18,32,61,1,25,22,10,14,59,129,31" hai3="95,90,124,112,55,128,107,3,38,93,99,85,45"/><T88/><D116/><U91/><E122/><V86/><F86/><W102/><G3/><T111/><D114/><U53/><E131/><V78/><F78/><W133/><G38/><T98/><D77/><U132/><E132/><V7/><F59/><W104/><G45/><T74/><D74/><U16/><E5/><V58/><F58/><W21/><G21/><T94/><D125/><U103/><E103/><V106/><F61/><W4/><G4/><T54/><D33/><U135/><E135/><V83/><F83/><W82/><G55/><T84/><D30/><U26/><E26/><N who="2" m="18551" /><F106/><W121/><G121/><T71/><D71/><U105/><E105/><N who="3" m="40522" /><G133/><T72/><D72/><U97/><E97/><V51/><F51/><W60/><G60/><T9/><D9/><U80/><E119/><V42/><F42/><W92/><G112/><T73/><D36/><U43/><E43/><V81/><F81/><W89/><G128/><AGARI ba="0,0" hai="1,7,8,10,14,18,22,25,29,128,129" m="18551" machi="128" ten="30,2000,0" yaku="34,2" doraHai="123" who="2" fromWho="3" sc="181,0,435,0,342,20,42,-20" /><INIT seed="5,0,0,3,5,73" ten="181,435,362,22" oya="1" hai0="121,29,10,49,38,58,111,14,28,55,47,79,56" hai1="109,23,69,24,45,91,66,125,54,42,108,78,25" hai2="93,61,76,60,96,65,48,39,113,57,41,130,81" hai3="134,15,112,86,17,11,5,7,83,102,98,21,6"/><U116/><E116/><V107/><F130/><W30/><G112/><T4/><D111/><N who="1" m="42571" /><E125/><V92/><F113/><W26/><G134/><T16/><D121/><U22/><E91/><V53/><F107/><W12/><G98/><T97/><D38/><U18/><E54/><V105/><F105/><W34/><G102/><T50/><D97/><U100/><E100/><V103/><F92/><W36/><G36/><T118/><D118/><U131/><E66/><V19/><F19/><W84/><G84/><T82/><D4/><U37/><E69/><V1/><F1/><W63/><G63/><T68/><D56/><U106/><E106/><V94/><F94/><W51/><G51/><T46/><D58/><U0/><E0/><V128/><F128/><W8/><REACH who="3" step="1"/><G34/><REACH who="3" ten="181,435,362,12" step="2"/><T27/><D50/><U64/><E37/><V99/><F39/><W71/><G71/><T44/><D68/><U104/><E104/><V85/><F60/><W2/><G2/><T40/><D49/><U3/><E3/><V43/><REACH who="2" step="1"/><F96/><REACH who="2" ten="181,435,352,12" step="2"/><W127/><G127/><T88/><D40/><U87/><E42/><V80/><F80/><W115/><G115/><T9/><D82/><U90/><E131/><V95/><F95/><W135/><G135/><T120/><D120/><U124/><E124/><V122/><F122/><W129/><G129/><T20/><D47/><AGARI ba="0,2" hai="41,43,47,48,53,57,61,65,76,81,85,93,99,103" machi="47" ten="30,8000,1" yaku="1,1,7,1,8,1,52,1,53,1" doraHai="73" doraHaiUra="74" who="2" fromWho="0" sc="181,-80,435,0,352,100,12,0" /><INIT seed="6,0,0,2,1,72" ten="101,435,452,12" oya="2" hai0="58,81,69,120,57,54,6,27,46,38,16,32,109" hai1="60,89,8,36,41,103,123,39,4,42,0,113,43" hai2="45,53,23,105,62,99,34,77,40,131,125,92,56" hai3="114,108,51,3,17,100,101,50,12,94,107,35,48"/><V28/><F105/><W67/><G108/><T135/><D109/><U33/><E33/><V90/><F131/><W91/><G3/><T5/><D69/><U118/><E118/><V66/><F125/><W29/><G107/><T86/><D120/><U116/><E116/><V88/><F34/><W122/><G122/><T55/><D38/><U24/><E123/><V119/><F119/><W31/><G67/><T68/><D68/><U14/><E113/><V110/><F110/><W7/><G7/><T22/><D32/><U37/><E24/><V63/><F77/><W127/><G114/><T65/><D46/><U129/><E129/><V75/><F75/><W98/><G127/><T112/><D135/><U13/><E103/><N who="3" m="39498" /><G35/><T15/><D65/><U115/><E115/><V18/><F28/><W20/><AGARI ba="0,0" hai="12,17,20,29,31,48,50,51,91,94,98" m="39498" machi="20" ten="30,1100,0" yaku="8,1" doraHai="72" who="3" fromWho="3" sc="101,-3,435,-3,452,-5,12,11" /><INIT seed="7,0,0,3,1,130" ten="98,432,447,23" oya="3" hai0="84,114,126,120,54,110,15,66,10,129,98,26,88" hai1="29,49,31,55,80,57,63,79,61,24,9,34,73" hai2="75,33,13,19,59,97,82,67,4,92,123,118,95" hai3="119,93,1,41,104,122,131,100,87,71,69,56,17"/><W20/><G1/><T68/><D110/><U23/><E31/><V70/><F70/><W27/><G119/><T124/><D120/><U25/><E9/><V125/><F33/><W72/><G122/><T112/><D129/><U135/><E135/><V62/><F4/><W28/><G131/><T21/><D98/><U3/><E3/><V6/><F6/><W53/><G72/><T2/><D54/><U22/><E34/><V116/><F125/><N who="0" m="48234" /><D2/><U32/><E32/><V83/><F95/><W50/><G104/><T5/><D66/><U36/><E36/><V60/><F97/><W121/><G121/><T74/><D68/><U134/><E134/><V8/><F67/><W85/><G41/><T48/><D48/><U99/><E99/><V106/><F106/><W91/><G100/><T132/><D74/><U94/><E94/><V47/><F92/><W18/><G85/><T128/><D132/><U52/><E55/><V40/><F40/><W37/><G37/><T81/><D128/><U58/><E57/><V35/><F59/><W133/><G133/><T14/><D14/><U44/><E58/><V103/><F13/><W38/><G38/><T117/><D117/><U51/><E49/><V42/><F42/><W7/><G7/><T115/><D115/><U111/><E111/><V86/><F123/><W46/><G46/><T107/><D107/><U109/><E109/><V45/><F118/><W90/><G90/><T30/><AGARI ba="0,0" hai="5,10,15,21,26,30,81,84,88,112,114" m="48234" machi="30" ten="30,2000,0" yaku="18,1,54,1" doraHai="130" who="0" fromWho="0" sc="98,20,432,-5,447,-5,23,-10" owari="118,-28.0,427,23.0,442,54.0,13,-49.0" /></mjloggm>