<mjloggm ver="2.3"><GO type="225" lobby="0"/><UN n0="%E3%81%84%E3%81%A1%E3%81%9E%E3%81%86" n1="%E6%80%AA%E3%81%97%E3%81%99%E3%81%8E%E3%82%8B%E3%83%81%E3%83%BC" n2="%E3%80%93%E3%81%97%E3%83%BC%E3%82%89%E3%80%93" n3="%50%49%58%49" dan="17,16,16,16" rate="2107.74,2109.02,2155.63,2187.23" sx="M,M,M,F"/><TAIKYOKU oya="0"/><INIT seed="0,0,0,5,5,29" ten="250,250,250,250" oya="0" hai0="132,34,128,76,116,63,106,21,121,133,101,54,94" hai1="64,129,115,52,71,61,57,78,55,38,17,119,36" hai2="4,60,42,87,107,96,92,84,43,35,108,100,5" hai3="13,2,103,49,130,44,28,67,110,114,127,85,56"/><T58/><D116/><U26/><E119/><V135/><F135/><N who="0" m="51786" /><D121/><U8/><E129/><V65/><F35/><W40/><G2/><T45/><D128/><U27/><E115/><V111/><F5/><W126/><G114/><T41/><D76/><U109/><E109/><N who="2" m="42059" /><F4/><W7/><G103/><T80/><D80/><U131/><E131/><V46/><F107/><W113/><G113/><T24/><D34/><U117/><E117/><V6/><F6/><W77/><G130/><T134/><N who="0" m="51794" /><T25/><DORA hai="18" /><D94/><U39/><E78/><V120/><F120/><W1/><G1/><T66/><D66/><U95/><E95/><V47/><F47/><W105/><G67/><T122/><D122/><U51/><REACH who="1" step="1"/><E55/><REACH who="1" ten="250,240,250,250" step="2"/><V0/><F92/><W9/><G110/><T50/><D106/><U99/><E99/><V90/><F96/><W123/><G105/><T118/><D118/><U16/><E16/><V37/><F65/><W62/><G123/><T20/><D101/><U3/><E3/><V68/><F0/><W98/><G98/><T75/><D75/><U11/><E11/><V10/><F100/><W112/><G112/><T59/><D59/><U89/><E89/><V88/><F90/><W15/><G77/><T104/><D104/><U79/><E79/><V74/><F88/><W14/><G85/><T22/><AGARI ba="0,1" hai="20,21,22,24,25,41,45,50,54,58,63" m="51794" machi="22" ten="50,12000,1" yaku="20,1,52,3" doraHai="29,18" who="0" fromWho="0" sc="250,130,240,-40,250,-40,250,-40" /><INIT seed="0,1,0,3,4,79" ten="380,200,210,210" oya="0" hai0="48,134,66,89,21,6,38,57,90,115,9,2,32" hai1="106,37,82,45,44,30,54,78,26,74,105,24,10" hai2="102,42,4,128,81,75,40,85,112,7,87,58,76" hai3="47,116,55,23,131,119,51,71,91,62,92,53,130"/><T67/><D115/><U41/><E10/><V132/><F112/><W27/><G23/><T123/><D123/><U68/><E68/><V56/><F132/><W113/><G27/><T31/><D38/><U124/><E124/><V52/><F128/><N who="3" m="49195" /><G113/><T83/><D32/><U99/><E99/><V94/><F75/><W19/><G19/><T118/><D118/><N who="3" m="45097" /><G92/><T64/><D83/><U104/><REACH who="1" step="1"/><E30/><REACH who="1" ten="380,190,210,210" step="2"/><V84/><F76/><W117/><G117/><T49/><D31/><U73/><E73/><V39/><F85/><W63/><G71/><T101/><D9/><U17/><E17/><V46/><F84/><W80/><G55/><T98/><D134/><U59/><E59/><V97/><F58/><W77/><G91/><T100/><D90/><U69/><E69/><V35/><F97/><W109/><G109/><T5/><D89/><U96/><E96/><V120/><F87/><AGARI ba="1,1" hai="47,51,53,62,63,77,80,87" m="45097,49195" machi="87" ten="30,2000,0" yaku="19,1,52,1" doraHai="79" who="3" fromWho="2" sc="380,0,190,0,210,-23,210,33" /><INIT seed="1,0,0,2,4,33" ten="380,190,187,243" oya="1" hai0="32,89,58,11,57,98,113,70,134,40,55,133,83" hai1="19,29,26,121,43,12,30,42,104,116,44,66,86" hai2="129,49,60,90,73,67,59,52,91,22,100,106,92" hai3="81,117,110,102,36,18,74,0,24,28,76,109,13"/><U45/><E116/><V9/><F73/><W105/><G36/><T63/><D70/><U79/><E104/><V118/><F106/><W95/><G105/><T123/><D113/><U7/><E121/><V15/><F118/><W69/><G69/><T6/><D32/><U39/><E66/><V120/><F120/><W1/><G117/><T78/><D40/><U112/><E112/><V20/><F100/><W31/><G102/><T108/><D108/><N who="3" m="41577" /><G95/><T135/><D57/><U62/><E62/><V23/><F129/><W103/><G103/><T56/><D58/><U96/><E96/><V47/><REACH who="2" step="1"/><F92/><REACH who="2" ten="380,190,177,243" step="2"/><W75/><G74/><T34/><D123/><U8/><E79/><V128/><F128/><W131/><G131/><T130/><D78/><U114/><E114/><V107/><F107/><W111/><G111/><T82/><D130/><U97/><E97/><V71/><F71/><W21/><G31/><T99/><D98/><U2/><E86/><V61/><F61/><W122/><G122/><T115/><D115/><U65/><E29/><V5/><AGARI ba="0,1" hai="5,9,15,20,22,23,47,49,52,59,60,67,90,91" machi="5" ten="30,8000,1" yaku="1,1,0,1,8,1,54,1,53,1" doraHai="33" doraHaiUra="54" who="2" fromWho="2" sc="380,-20,190,-40,177,90,243,-20" /><INIT seed="2,0,0,4,4,125" ten="360,150,267,223" oya="2" hai0="2,35,31,36,91,92,43,7,115,69,135,67,46" hai1="68,28,18,32,118,53,57,59,80,11,52,119,38" hai2="83,9,85,41,124,39,114,102,61,89,109,111,73" hai3="116,95,98,106,33,75,47,10,78,131,101,104,77"/><V110/><F124/><W74/><G33/><T103/><D115/><U12/><E68/><V6/><F114/><W84/><G10/><T88/><D135/><U17/><E38/><V63/><F102/><W44/><G44/><T50/><D2/><U19/><E80/><V71/><F71/><W93/><G47/><T8/><D7/><U107/><E107/><N who="3" m="41002" /><G116/><T121/><D8/><U27/><E53/><V99/><F99/><N who="3" m="59631" /><G131/><T54/><D121/><U65/><E57/><V13/><F73/><N who="3" m="27659" /><G84/><T5/><D5/><U76/><E65/><V15/><F13/><W3/><G3/><T90/><D31/><U97/><E118/><V128/><F128/><W16/><G16/><T45/><D35/><U34/><E119/><V126/><F126/><W108/><G108/><T96/><D67/><U29/><E18/><V37/><F41/><W22/><G22/><T72/><D69/><U117/><E19/><V64/><F64/><W25/><G25/><T70/><D72/><U1/><E117/><V26/><F26/><W94/><G94/><T100/><D70/><U24/><E1/><V62/><AGARI ba="0,0" hai="6,9,15,37,39,61,62,63,83,85,89,109,110,111" machi="62" ten="40,7800,0" yaku="0,1,14,1,10,1" doraHai="125" who="2" fromWho="2" sc="360,-26,150,-26,267,78,223,-26" /><INIT seed="2,1,0,0,3,107" ten="334,124,345,197" oya="2" hai0="12,70,36,106,132,130,23,57,63,64,79,56,10" hai1="86,71,83,30,102,7,24,5,75,22,4,41,120" hai2="91,78,129,134,43,61,48,52,0,101,114,76,92" hai3="14,123,74,90,131,28,98,135,84,128,2,39,82"/><V124/><F0/><W115/><G2/><T100/><D36/><U89/><E120/><V117/><F114/><W125/><G39/><T46/><D130/><N who="3" m="49705" /><G14/><T37/><D132/><U50/><E71/><V34/><F34/><W8/><G8/><T110/><D79/><U55/><E41/><V119/><F134/><W60/><G60/><T49/><D23/><U109/><E102/><V96/><F129/><W21/><G21/><T53/><D110/><U58/><REACH who="1" step="1"/><E109/><REACH who="1" ten="334,114,345,197" step="2"/><V62/><F101/><W126/><G135/><T1/><D37/><U127/><E127/><N who="3" m="48650" /><G28/><T15/><D70/><U20/><E20/><V66/><F124/><W47/><G47/><T6/><D46/><U38/><E38/><V9/><F43/><W72/><G123/><T97/><AGARI ba="1,1" hai="1,6,10,12,15,49,53,56,57,63,64,97,100,106" machi="97" ten="30,1100,0" yaku="0,1" doraHai="107" who="0" fromWho="0" sc="334,24,114,-4,345,-6,197,-4" /><INIT seed="3,0,0,2,2,81" ten="358,110,339,193" oya="3" hai0="25,85,38,49,108,21,89,30,84,24,56,97,37" hai1="119,132,6,82,32,65,12,29,46,91,93,10,8" hai2="78,75,117,131,77,118,63,79,48,90,41,112,102" hai3="76,53,115,109,125,15,35,134,126,96,2,128,39"/><W1/><G115/><T104/><D108/><U95/><E132/><V105/><F63/><W58/><G39/><T23/><D38/><U55/><E119/><N who="2" m="45579" /><F48/><W28/><G134/><T42/><D37/><U73/><E65/><V54/><F54/><W52/><G128/><T121/><D121/><U120/><E120/><V99/><F41/><W127/><G109/><T106/><D106/><U5/><E32/><V43/><F43/><W16/><G96/><T113/><D113/><U114/><E29/><V72/><F112/><W60/><G76/><T88/><D104/><U62/><E73/><N who="2" m="28235" /><F90/><N who="0" m="34922" /><D97/><U92/><E114/><V31/><F31/><W70/><G70/><T129/><D129/><AGARI ba="0,0" hai="77,78,79,99,102,105,129,131" m="28235,45579" machi="129" ten="40,2600,0" yaku="34,2" doraHai="81" who="2" fromWho="0" sc="358,-26,110,0,339,26,193,0" owari="332,13.0,110,-39.0,365,47.0,193,-21.0" /></mjloggm>