<mjloggm ver="2.3"><GO type="169" lobby="0"/><UN n0="%E3%83%AF%E3%83%B3%E3%83%81%E3%83%A3%E3%83%B3" n1="%6C%69%65%62%65" n2="%E3%81%BD%E3%81%A3%E3%81%91%E3%81%95%E3%82%93" n3="%E9%AB%98%E6%A9%8B%E6%B7%B3" dan="16,16,16,16" rate="2122.85,2065.91,2103.75,2145.98" sx="M,F,M,M"/><TAIKYOKU oya="0"/><INIT seed="0,0,0,3,3,42" ten="250,250,250,250" oya="0" hai0="62,66,38,70,133,19,97,35,75,100,26,108,44" hai1="16,45,0,119,88,13,56,21,81,124,5,63,113" hai2="98,36,43,94,69,123,4,103,85,33,64,74,104" hai3="55,122,54,114,23,47,3,117,37,28,39,118,30"/><T106/><D133/><U8/><E119/><V105/><F33/><W112/><G23/><T77/><D19/><U48/><E124/><V135/><F135/><W121/><REACH who="3" step="1"/><G3/><REACH who="3" ten="250,250,250,240" step="2"/><T24/><D108/><U14/><E113/><V40/><F123/><W50/><G50/><T46/><D38/><U127/><E127/><V7/><F36/><W91/><G91/><T32/><D32/><U126/><E126/><V131/><F131/><W10/><G10/><T128/><D128/><U27/><E88/><V80/><F7/><W59/><G59/><T17/><D26/><U101/><E101/><V92/><F4/><W86/><G86/><T82/><D17/><U115/><E115/><V20/><F20/><W34/><G34/><T109/><D109/><U18/><E18/><V68/><F85/><W83/><G83/><T15/><D15/><N who="1" m="5519" /><E81/><V9/><F80/><W60/><G60/><T89/><D89/><U57/><E0/><V125/><F125/><W61/><G61/><T93/><D93/><U111/><E111/><V130/><F130/><W51/><G51/><T87/><D87/><U6/><E6/><V132/><F132/><W1/><G1/><T53/><REACH who="0" step="1"/><D53/><REACH who="0" ten="240,250,250,240" step="2"/><N who="1" m="29839" /><E57/><V102/><F94/><W65/><G65/><AGARI ba="0,2" hai="13,14,16,21,27,56,63,65" m="29839,5519" machi="65" ten="30,3900,0" yaku="8,1,52,1,54,1" doraHai="42" who="1" fromWho="3" sc="240,0,250,59,250,0,240,-39" /><INIT seed="1,0,0,5,5,84" ten="240,309,250,201" oya="1" hai0="27,81,10,96,17,119,86,55,118,97,133,13,120" hai1="72,102,19,4,18,44,113,59,68,87,15,61,94" hai2="63,37,58,105,88,38,92,31,46,39,99,1,29" hai3="57,126,34,43,6,131,78,50,132,75,130,116,51"/><U66/><E113/><V36/><F1/><W124/><G34/><T48/><D133/><U69/><E72/><V23/><F105/><W65/><G6/><T103/><D120/><U3/><E3/><V128/><F128/><N who="3" m="49195" /><G78/><T93/><D97/><U45/><E4/><V76/><F76/><W114/><G75/><T64/><D64/><U11/><E19/><V52/><REACH who="2" step="1"/><F23/><REACH who="2" ten="240,309,240,201" step="2"/><W62/><G114/><T85/><D119/><U74/><E74/><V110/><F110/><W108/><G108/><T80/><D118/><U109/><E109/><V25/><F25/><W91/><G116/><T125/><D125/><N who="3" m="48233" /><G132/><T90/><D27/><U14/><E14/><V129/><F129/><W106/><G106/><T104/><REACH who="0" step="1"/><D85/><REACH who="0" ten="230,309,240,201" step="2"/><U33/><E87/><V67/><F67/><W0/><G65/><T28/><D28/><U134/><E66/><V98/><F98/><W77/><G0/><T40/><D40/><AGARI ba="0,2" hai="29,31,36,37,38,39,40,46,52,58,63,88,92,99" machi="40" ten="40,8000,1" yaku="1,1,52,1,54,2,53,1" doraHai="84" doraHaiUra="89" who="2" fromWho="0" sc="230,-80,309,0,240,100,201,0" /><INIT seed="2,0,0,3,4,95" ten="150,309,340,201" oya="2" hai0="51,22,28,44,36,42,102,50,0,21,89,62,97" hai1="17,66,29,32,130,45,67,6,19,117,14,128,57" hai2="54,13,100,116,99,120,5,55,135,15,123,94,118" hai3="27,122,31,53,108,124,78,33,38,40,1,75,4"/><V87/><F135/><W110/><G53/><T77/><D0/><U8/><E117/><V10/><F116/><W125/><G78/><T84/><D77/><U119/><E119/><V88/><F118/><W26/><G75/><T12/><D36/><U86/><E32/><V129/><F129/><N who="1" m="49769" /><E29/><V68/><F68/><W9/><G40/><T127/><D127/><N who="3" m="48713" /><G38/><T2/><D2/><N who="1" m="87" /><E45/><V107/><REACH who="2" step="1"/><F13/><REACH who="2" ten="150,309,330,201" step="2"/><W133/><G133/><T105/><D12/><U104/><E14/><V69/><F69/><W24/><G122/><AGARI ba="0,1" hai="5,10,15,54,55,87,88,94,99,100,107,120,122,123" machi="122" ten="40,7700,0" yaku="1,1,52,1,54,1,53,0" doraHai="95" doraHaiUra="35" who="2" fromWho="3" sc="150,0,309,0,330,87,201,-77" /><INIT seed="2,1,0,2,2,75" ten="150,309,417,124" oya="2" hai0="29,19,7,115,67,44,89,48,95,132,59,69,74" hai1="112,92,122,123,134,94,36,100,17,124,2,68,12" hai2="101,84,3,13,131,79,77,61,76,43,46,34,32" hai3="63,129,71,85,56,64,126,65,45,62,39,99,91"/><V54/><F3/><W52/><G99/><T119/><D132/><U25/><E112/><V108/><F131/><W113/><G113/><T20/><D74/><U60/><E2/><V30/><F101/><W73/><G73/><T133/><D133/><U78/><E134/><V8/><F108/><W6/><G6/><T50/><D69/><U81/><E36/><V118/><F118/><W109/><G109/><T14/><D119/><U102/><E124/><V23/><F23/><W127/><G129/><T40/><D29/><U51/><E25/><V106/><F106/><W10/><G10/><T107/><D107/><U9/><E51/><V110/><F110/><W111/><G111/><T72/><D72/><N who="1" m="43207" /><E100/><V116/><F116/><W15/><G15/><T93/><D7/><U0/><E0/><V57/><F84/><W70/><G91/><T80/><D115/><U98/><E60/><V83/><F83/><W128/><G85/><N who="0" m="50343" /><D50/><U27/><E68/><V55/><F55/><W28/><G28/><T86/><D86/><U38/><E38/><V97/><F97/><W1/><G1/><T88/><D88/><U4/><E92/><V16/><REACH who="2" step="1"/><F30/><REACH who="2" ten="150,309,407,124" step="2"/><W104/><G104/><T114/><D114/><U49/><E98/><V41/><F41/><N who="3" m="22719" /><G128/><T130/><D130/><U121/><E121/><V53/><F53/><W18/><G127/><T120/><D120/><U24/><E123/><V58/><F58/><W103/><G126/><T82/><D82/><U37/><E122/><V47/><F47/><W117/><G117/><T21/><D20/><N who="1" m="11303" /><E102/><V125/><F125/><W87/><G103/><RYUUKYOKU ba="1,1" sc="150,15,309,-15,407,15,124,-15" hai0="14,19,21,40,44,48,59,67,93,95" hai2="8,13,16,32,34,43,46,54,57,61,76,77,79" /><INIT seed="2,2,1,2,1,121" ten="165,294,422,109" oya="2" hai0="119,90,107,62,20,21,67,87,48,66,75,54,10" hai1="50,18,43,22,94,27,6,100,114,13,89,36,88" hai2="12,130,91,42,83,19,37,127,68,103,105,74,49" hai3="82,23,70,106,99,65,57,118,53,26,110,9,30"/><V45/><F68/><W113/><G118/><T0/><D75/><U33/><E114/><V51/><F127/><W2/><G113/><T120/><D107/><U93/><E36/><V3/><F130/><W102/><G82/><T15/><D0/><U64/><E64/><V124/><F124/><W31/><G70/><T34/><D34/><U97/><E93/><V96/><F3/><W116/><G65/><T132/><D132/><U46/><REACH who="1" step="1"/><E33/><REACH who="1" ten="165,284,422,109" step="2"/><V80/><F83/><W111/><G116/><T133/><D119/><U117/><E117/><V44/><F44/><W81/><G81/><T123/><D133/><U52/><E52/><V63/><F63/><W4/><REACH who="3" step="1"/><G31/><REACH who="3" ten="165,284,422,99" step="2"/><T39/><D67/><U126/><E126/><V134/><F134/><W5/><G5/><T77/><D66/><U73/><E73/><V84/><F74/><W104/><G104/><T29/><D29/><U60/><E60/><AGARI ba="2,3" hai="2,4,9,23,26,30,53,57,60,99,102,106,110,111" machi="60" ten="40,5200,0" yaku="1,1,52,2,53,0" doraHai="121" doraHaiUra="71" who="3" fromWho="1" sc="165,0,284,-58,422,0,99,88" /><INIT seed="3,0,0,2,2,10" ten="165,226,422,187" oya="3" hai0="117,116,22,131,62,61,50,135,86,17,121,120,24" hai1="37,119,52,80,1,16,5,109,18,81,31,74,21" hai2="99,122,3,90,83,58,103,93,12,69,82,40,39" hai3="87,107,108,46,91,97,65,35,76,4,68,110,59"/><W72/><G35/><T6/><D6/><U79/><E109/><N who="3" m="42090" /><G68/><T104/><D104/><U32/><E119/><V96/><F69/><W11/><G46/><T126/><D86/><U106/><E106/><V23/><F3/><W28/><G28/><T127/><D50/><U134/><E134/><V19/><F122/><W51/><G72/><T124/><D135/><U102/><E102/><V20/><F58/><W30/><G30/><T9/><D131/><U38/><E32/><V53/><F53/><N who="3" m="32191" /><G65/><T112/><D112/><U128/><E31/><V15/><F40/><W7/><G76/><T111/><D111/><U73/><E128/><V100/><F39/><W95/><G11/><T34/><D34/><U88/><E74/><V92/><F90/><N who="3" m="55543" /><G107/><T98/><D9/><U42/><E79/><V56/><F56/><W48/><G48/><T27/><D120/><U0/><E73/><V94/><F92/><AGARI ba="0,0" hai="4,7,87,91,92" m="55543,32191,42090" machi="92" ten="30,2900,0" yaku="14,1,10,1" doraHai="10" who="3" fromWho="2" sc="165,0,226,0,422,-29,187,29" /><INIT seed="3,1,0,3,5,119" ten="165,226,393,216" oya="3" hai0="133,113,123,104,111,66,75,121,33,97,91,10,99" hai1="39,19,25,94,30,49,89,2,41,6,31,76,20" hai2="34,35,107,102,83,134,51,50,117,128,131,1,127" hai3="87,29,62,93,47,129,68,124,43,40,86,112,26"/><W95/><G112/><T60/><D75/><U67/><E76/><V132/><F1/><W9/><G129/><N who="2" m="49737" /><F117/><W115/><G115/><T17/><D113/><U12/><E39/><V55/><F107/><W36/><G124/><T8/><D133/><N who="2" m="51306" /><F102/><W38/><G9/><T14/><D111/><U4/><E67/><V52/><F83/><W32/><G68/><T105/><D33/><N who="2" m="12298" /><F127/><W15/><G93/><T73/><D105/><U130/><E2/><V106/><F106/><W58/><G95/><T118/><D104/><U126/><E126/><V7/><F7/><W21/><G32/><T65/><D118/><U114/><E6/><V11/><F11/><W63/><G36/><T116/><D116/><U22/><E4/><V3/><F3/><W71/><G38/><T82/><D8/><U56/><E114/><V109/><F109/><W90/><G71/><N who="0" m="42407" /><D66/><U70/><E130/><V108/><F108/><W78/><G78/><T103/><D103/><U54/><E70/><V74/><F74/><W5/><G5/><T23/><D73/><U100/><E100/><V110/><F110/><W28/><G90/><T64/><D64/><U57/><E89/><V48/><AGARI ba="1,0" hai="48,50,51,52,55" m="12298,51306,49737" machi="48" ten="40,8000,1" yaku="28,2,19,1,20,1,54,1" doraHai="119" who="2" fromWho="2" sc="165,-21,226,-21,393,83,216,-41" /><INIT seed="4,0,0,3,1,55" ten="144,205,476,175" oya="0" hai0="121,100,64,6,7,124,58,35,44,73,76,4,15" hai1="12,89,31,19,18,130,133,113,25,85,33,71,95" hai2="32,134,101,116,98,23,129,67,13,102,11,97,81" hai3="107,88,37,84,70,120,106,65,10,3,28,1,51"/><T43/><D35/><U66/><E130/><V62/><F32/><W5/><G37/><T135/><D121/><U131/><E131/><V27/><F134/><W82/><G120/><T47/><D135/><U46/><E133/><V126/><F126/><W54/><G1/><T63/><D124/><U53/><E113/><V83/><F116/><W39/><G39/><T45/><D100/><U68/><E66/><V79/><F129/><W21/><G65/><T105/><D105/><U16/><E12/><V77/><F13/><W75/><G70/><T9/><D43/><U108/><E108/><V72/><F11/><W92/><G21/><T115/><REACH who="0" step="1"/><D115/><REACH who="0" ten="134,205,476,175" step="2"/><U26/><E33/><V109/><F102/><W0/><G106/><T103/><D103/><U128/><E128/><V49/><F109/><W20/><G107/><T57/><D57/><U48/><E71/><V29/><F101/><W17/><G0/><T52/><D52/><U93/><E68/><V87/><F49/><W78/><G54/><T118/><D118/><U69/><E69/><AGARI ba="0,1" hai="23,27,29,62,67,69,72,77,79,81,83,87,97,98" machi="69" ten="30,1000,0" yaku="7,1" doraHai="55" who="2" fromWho="1" sc="134,0,205,-10,476,20,175,0" /><INIT seed="5,0,0,1,1,116" ten="134,195,496,175" oya="1" hai0="120,93,64,45,26,71,67,49,112,72,11,70,34" hai1="134,13,60,25,133,20,106,117,97,122,8,40,42" hai2="23,50,53,21,10,44,77,65,78,95,16,57,111" hai3="6,0,55,36,39,92,87,79,12,104,118,110,98"/><U88/><E117/><V124/><F111/><W83/><G110/><T31/><D72/><U109/><E109/><V58/><F58/><W41/><G0/><T86/><D112/><U17/><E60/><V81/><F124/><W121/><G118/><T129/><D129/><U18/><E122/><V32/><F32/><W15/><G121/><T99/><D86/><U75/><E75/><V46/><F10/><W33/><G33/><T123/><D11/><U80/><E106/><V61/><F23/><W125/><G125/><T131/><D131/><U82/><E82/><V85/><F95/><W127/><G127/><T9/><D9/><U100/><E100/><V66/><F78/><W3/><G3/><T30/><D30/><U96/><E96/><V73/><F73/><W47/><G6/><T37/><D37/><U89/><E80/><V38/><F38/><W115/><G104/><T35/><D35/><U63/><E63/><V52/><F46/><W28/><G28/><T43/><D67/><U56/><E56/><V119/><F119/><W69/><G69/><T2/><D2/><U59/><E59/><V102/><F102/><N who="3" m="60743" /><G115/><T90/><REACH who="0" step="1"/><D64/><REACH who="0" ten="124,195,496,175" step="2"/><U76/><E8/><V54/><F66/><W101/><G39/><T128/><D128/><U91/><E97/><V130/><F130/><W114/><G114/><T4/><D4/><U1/><E1/><V19/><F19/><W24/><G36/><T68/><AGARI ba="0,1" hai="26,31,34,43,45,49,68,70,71,90,93,99,120,123" machi="68" ten="40,8000,1" yaku="1,1,0,1,52,2,53,1" doraHai="116" doraHaiUra="29" who="0" fromWho="0" sc="124,90,195,-40,496,-20,175,-20" /><INIT seed="6,0,0,0,0,125" ten="214,155,476,155" oya="2" hai0="44,59,7,23,42,126,101,53,13,63,113,127,120" hai1="11,70,73,103,132,135,93,29,97,34,117,36,32" hai2="39,25,83,122,66,43,134,87,37,8,112,26,19" hai3="55,105,3,89,6,109,17,85,46,100,61,114,69"/><V102/><F122/><W38/><G109/><T50/><D113/><U77/><E117/><V116/><F116/><W79/><G79/><T95/><D120/><U92/><E36/><V5/><F102/><W80/><G114/><T31/><D7/><U84/><E70/><V131/><F134/><N who="1" m="51241" /><E11/><V35/><F66/><W52/><G3/><T65/><D13/><U9/><E9/><V10/><F10/><W98/><G6/><T78/><D78/><U4/><E4/><V72/><F26/><W110/><G110/><T40/><D127/><U75/><E29/><V76/><F72/><N who="1" m="27721" /><E92/><V96/><F39/><W91/><G17/><T94/><D94/><U74/><N who="1" m="27729" /><U107/><DORA hai="121" /><E107/><V45/><F37/><W108/><G108/><T51/><D126/><U106/><E106/><V68/><F68/><W82/><G69/><T14/><D51/><U56/><E56/><V15/><F45/><W128/><G61/><T0/><D31/><U57/><E57/><V64/><F8/><W123/><G123/><T28/><D28/><U104/><E104/><V60/><F19/><W22/><G22/><T18/><D0/><U2/><E2/><V133/><F60/><W21/><G21/><T58/><D59/><U115/><E115/><V41/><F112/><W86/><G128/><T54/><D65/><U129/><E129/><V1/><F64/><W99/><G99/><AGARI ba="0,0" hai="14,18,23,40,42,44,50,53,54,58,63,95,99,101" machi="99" ten="40,1300,0" yaku="8,1" doraHai="125,121" who="0" fromWho="3" sc="214,13,155,0,476,0,155,-13" /><INIT seed="7,0,0,3,3,47" ten="227,155,476,142" oya="3" hai0="25,67,64,68,28,7,83,109,87,58,73,0,40" hai1="70,52,88,39,110,98,9,50,108,30,51,135,19" hai2="48,115,76,57,97,38,125,80,36,86,130,119,44" hai3="74,75,95,113,2,103,102,112,56,66,16,26,124"/><W35/><G2/><T63/><D58/><N who="1" m="33047" /><E39/><V79/><F119/><W117/><G117/><T78/><D67/><U12/><E70/><V91/><F115/><N who="3" m="44107" /><G124/><T114/><D87/><U96/><E135/><V132/><F132/><W62/><G35/><N who="0" m="20879" /><D40/><U24/><E110/><V134/><F130/><W90/><G90/><T69/><D114/><U15/><E108/><V33/><F134/><W14/><G26/><T54/><D54/><U101/><E101/><N who="3" m="38410" /><G95/><T41/><D41/><U42/><E88/><V128/><F128/><W53/><G66/><T49/><D0/><U22/><E15/><V23/><F125/><W4/><G4/><T111/><D7/><U10/><E10/><AGARI ba="0,0" hai="10,14,16,53,56,62,74,75" m="38410,44107" machi="10" ten="30,2900,0" yaku="15,1,54,1" doraHai="47" who="3" fromWho="1" sc="227,0,155,-29,476,0,142,29" /><INIT seed="7,1,0,3,3,77" ten="227,126,476,171" oya="3" hai0="113,20,73,39,3,38,1,24,58,129,5,85,80" hai1="75,46,32,17,64,34,79,91,95,98,116,134,104" hai2="103,2,126,59,89,18,71,55,26,37,10,83,105" hai3="8,27,45,99,128,49,0,88,115,11,78,25,96"/><W29/><G115/><T132/><D73/><U111/><E111/><V76/><F71/><W4/><G128/><T130/><D113/><U90/><E134/><V16/><F37/><W127/><G78/><T123/><D123/><U86/><E116/><V108/><F89/><W9/><G127/><T82/><D132/><U28/><E64/><V57/><F57/><W109/><G109/><T41/><D58/><U40/><E17/><V93/><F105/><W110/><G110/><T70/><D70/><U68/><E68/><V102/><F126/><W7/><G96/><T51/><D80/><U33/><E75/><V72/><F93/><N who="3" m="56743" /><G0/><T65/><D65/><U97/><E79/><V23/><F108/><W22/><G25/><T61/><D3/><U56/><E56/><V14/><F2/><W106/><G106/><T54/><D1/><U62/><E62/><AGARI ba="1,0" hai="10,14,16,18,23,26,55,59,62,72,76,83,102,103" machi="62" ten="30,3900,0" yaku="7,1,52,1,54,1" doraHai="77" who="2" fromWho="1" sc="227,0,126,-42,476,42,171,0" owari="227,3.0,84,-42.0,518,62.0,171,-23.0" /></mjloggm>