<mjloggm ver="2.3"><GO type="169" lobby="0"/><UN n0="%E3%81%8B%E3%81%A3%E9%A3%9B%E3%81%B0%E3%81%9B%E5%85%A8%E9%83%A8" n1="%E3%82%84%E3%83%BC%E3%82%84" n2="%41%4F%54" n3="%E3%83%AF%E3%82%A4%E3%83%AB%E3%83%89" dan="16,16,17,16" rate="2024.72,2041.80,2212.81,2103.67" sx="M,M,F,M"/><TAIKYOKU oya="0"/><INIT seed="0,0,0,1,2,126" ten="250,250,250,250" oya="0" hai0="45,2,43,124,55,82,12,22,59,66,113,101,9" hai1="65,62,49,109,27,133,114,68,78,18,41,19,95" hai2="83,7,0,131,102,64,110,122,44,91,108,6,34" hai3="118,97,60,48,115,98,57,121,20,87,39,99,3"/><T4/><D113/><U76/><E109/><V71/><F122/><W42/><G3/><T63/><D124/><U120/><E120/><V88/><F34/><W36/><G121/><T93/><D82/><U33/><E133/><V61/><F102/><W30/><G118/><T13/><D22/><U117/><E117/><V15/><F0/><W37/><G115/><T14/><D101/><U17/><E114/><V96/><F96/><W1/><G1/><T92/><REACH who="0" step="1"/><D66/><REACH who="0" ten="240,250,250,250" step="2"/><U58/><E65/><V52/><F110/><W69/><G20/><T40/><D40/><U111/><E41/><V119/><F108/><W81/><G30/><T56/><D56/><U112/><E58/><V86/><F119/><W127/><G127/><T132/><D132/><U23/><E23/><V74/><F83/><W50/><G42/><T107/><D107/><U26/><E111/><V84/><F64/><W94/><G94/><T79/><D79/><U135/><E78/><V54/><F91/><W38/><N who="3" m="9216" /><DORA hai="123" /><W89/><REACH who="3" step="1"/><G69/><REACH who="3" ten="240,250,250,240" step="2"/><T16/><D16/><U51/><E19/><V105/><F71/><W134/><G134/><T46/><D46/><U67/><E18/><V104/><F44/><W116/><G116/><T21/><D21/><U103/><E17/><V53/><F105/><W47/><G47/><T85/><D85/><U24/><E68/><V32/><F86/><W5/><G5/><T10/><D10/><U130/><E135/><V100/><F84/><W77/><G77/><T73/><D73/><U35/><E76/><V72/><F74/><W75/><G75/><T25/><D25/><RYUUKYOKU ba="0,2" sc="240,15,250,-15,250,-15,240,15" hai0="2,4,9,12,13,14,43,45,55,59,63,92,93" hai3="48,50,57,60,81,87,89,97,98,99" /><INIT seed="0,1,2,5,5,108" ten="255,235,235,255" oya="0" hai0="47,95,119,112,36,38,64,116,103,72,49,84,22" hai1="89,93,16,52,78,4,127,34,59,99,135,92,7" hai2="79,120,23,41,69,12,65,115,10,96,67,75,18" hai3="51,77,17,39,21,70,110,123,46,88,85,0,73"/><T104/><D72/><U3/><E135/><V31/><F120/><W60/><G123/><T101/><D64/><U56/><E127/><V33/><F33/><W133/><G133/><T26/><D104/><U11/><E34/><V132/><F132/><W126/><G126/><T128/><D128/><U74/><E74/><V66/><F41/><W97/><G39/><T24/><D84/><U114/><E114/><V6/><F31/><W80/><G0/><T87/><D87/><U113/><E78/><V90/><F69/><W81/><G110/><T91/><D22/><U86/><E113/><V14/><F75/><W134/><G134/><T76/><D76/><U53/><E3/><V124/><F79/><W32/><G32/><T100/><D112/><U118/><E118/><V13/><F124/><W68/><G60/><T5/><D103/><N who="1" m="60903" /><E59/><V131/><F131/><W83/><G83/><T55/><D119/><U1/><E1/><V8/><F115/><W109/><G97/><T57/><D57/><U106/><E106/><V125/><F125/><W58/><G58/><T102/><D116/><U121/><E121/><V107/><F107/><W111/><G111/><T94/><D102/><U19/><E53/><V15/><F10/><W42/><REACH who="3" step="1"/><G109/><REACH who="3" ten="255,235,235,245" step="2"/><T37/><D37/><U71/><E71/><V44/><F44/><W43/><G43/><T50/><D47/><U28/><E56/><V29/><F29/><W63/><G63/><T9/><D38/><U27/><E93/><AGARI ba="1,3" hai="6,8,12,13,14,15,18,23,65,66,67,90,93,96" machi="93" ten="40,1300,0" yaku="8,1" doraHai="108" who="2" fromWho="1" sc="255,0,235,-16,235,46,245,0" /><INIT seed="1,0,0,3,2,31" ten="255,219,281,245" oya="1" hai0="32,61,52,131,2,119,4,72,99,25,6,55,19" hai1="17,115,112,14,0,67,94,38,3,105,100,79,37" hai2="35,132,1,106,57,128,135,107,43,120,21,66,56" hai3="42,12,45,9,70,87,134,110,125,41,7,85,64"/><U60/><E105/><V39/><F120/><W102/><G110/><T65/><D119/><U40/><E79/><V88/><F128/><W121/><G121/><T18/><D131/><U130/><E130/><V101/><F1/><W5/><G125/><T89/><D72/><U62/><E100/><V103/><F21/><W51/><G134/><T95/><D18/><U71/><E94/><V58/><F66/><W47/><G102/><N who="2" m="38921" /><F88/><W114/><G114/><T80/><D80/><U117/><E117/><V122/><F122/><W93/><G5/><T24/><D24/><U59/><E115/><V53/><F53/><W20/><G93/><T63/><D63/><U127/><E127/><V84/><F84/><W118/><G118/><T129/><D129/><U86/><E86/><V8/><F8/><W33/><G33/><T46/><D2/><U44/><E37/><V90/><F90/><W104/><G104/><N who="2" m="39977" /><F35/><W75/><G75/><T13/><D65/><U68/><E112/><V126/><F126/><W97/><G97/><T10/><D55/><U108/><E71/><V73/><F73/><W28/><G64/><T81/><D81/><U16/><E17/><V96/><F96/><W82/><G70/><T22/><D32/><U111/><E68/><V26/><F26/><N who="3" m="16455" /><G82/><T133/><D89/><U54/><E67/><V74/><F74/><W123/><G123/><T36/><D99/><U11/><E62/><V27/><F27/><W48/><AGARI ba="0,0" hai="7,9,12,41,42,45,47,48,51,85,87" m="16455" machi="48" ten="30,1100,0" yaku="8,1" doraHai="31" who="3" fromWho="3" sc="255,-3,219,-5,281,-3,245,11" /><INIT seed="2,0,0,5,2,22" ten="252,214,278,256" oya="2" hai0="30,21,66,106,24,65,133,12,98,134,94,54,64" hai1="8,5,86,51,118,72,108,130,105,36,16,126,33" hai2="93,117,73,1,68,42,112,127,104,6,52,82,109" hai3="76,41,69,50,0,13,47,63,43,60,11,79,31"/><V28/><F68/><W26/><G0/><T113/><D113/><U114/><RYUUKYOKU type="yao9" ba="0,0" sc="252,0,214,0,278,0,256,0" hai1="5,8,16,33,36,51,72,86,105,108,114,118,126,130" /><INIT seed="2,1,0,5,2,89" ten="252,214,278,256" oya="2" hai0="71,52,69,33,21,73,116,62,74,72,53,45,104" hai1="44,108,18,27,42,5,109,68,14,22,95,46,61" hai2="40,56,113,16,122,75,117,97,118,78,114,99,100" hai3="8,6,135,91,107,106,2,29,64,131,32,4,26"/><V129/><F40/><W124/><G135/><T39/><D33/><U120/><E120/><V94/><F56/><W126/><G131/><T0/><D116/><N who="2" m="44650" /><F16/><W59/><G6/><T133/><D133/><U65/><E5/><V128/><F122/><W49/><G91/><T15/><D104/><U12/><E46/><V7/><F7/><W55/><REACH who="3" step="1"/><G64/><REACH who="3" ten="252,214,278,246" step="2"/><T115/><D0/><U34/><E109/><V28/><F129/><W112/><G112/><T86/><D115/><U10/><E108/><V41/><F128/><W60/><G60/><T54/><D62/><U130/><E130/><V80/><F41/><W36/><G36/><T1/><D1/><U127/><E61/><V17/><F17/><W48/><G48/><T47/><D39/><U79/><E18/><V96/><F28/><W110/><G110/><T105/><D53/><U132/><E132/><V67/><F67/><W23/><G23/><T85/><D21/><U25/><E22/><V93/><F99/><W35/><G35/><T101/><D54/><U20/><E34/><V3/><F3/><W98/><G98/><T90/><D52/><U88/><E20/><V38/><F38/><W30/><G30/><T87/><D15/><U84/><E14/><V13/><F13/><W70/><G70/><T81/><D69/><U134/><E12/><V111/><F111/><W83/><G83/><T51/><D71/><U82/><E68/><V50/><F50/><W66/><G66/><T37/><D37/><U19/><E65/><V92/><F97/><W123/><G123/><T9/><D51/><U77/><E134/><RYUUKYOKU ba="1,1" sc="252,-15,214,-15,278,15,246,15" hai2="75,78,80,92,93,94,96,100,113,114" hai3="2,4,8,26,29,32,49,55,59,106,107,124,126" /><INIT seed="2,2,1,0,1,15" ten="237,199,293,261" oya="2" hai0="57,128,36,9,67,126,26,14,69,113,98,16,37" hai1="114,90,13,81,63,0,78,102,88,71,129,28,123" hai2="4,93,75,39,111,95,89,52,61,48,106,38,108" hai3="84,116,92,73,64,120,105,62,86,121,56,33,6"/><V110/><F106/><W54/><G105/><T41/><D113/><U23/><E114/><V5/><F75/><W43/><G73/><T2/><D126/><U74/><E0/><V65/><F65/><W82/><G33/><T117/><D128/><U72/><E129/><V55/><F61/><W7/><G116/><T29/><D117/><U32/><E123/><V40/><F40/><W79/><G43/><T47/><D2/><U11/><E72/><V18/><F18/><W24/><G24/><T85/><D69/><U30/><E32/><V31/><F31/><W133/><G133/><T91/><D98/><U3/><E3/><V58/><F55/><W25/><G25/><T17/><D36/><N who="2" m="13866" /><F95/><W77/><G64/><T12/><D67/><U118/><E118/><V34/><F34/><W122/><REACH who="3" step="1"/><G92/><REACH who="3" ten="237,199,293,251" step="2"/><T68/><D41/><U53/><E74/><V112/><F112/><W124/><G124/><T59/><D26/><U80/><E80/><AGARI ba="2,2" hai="6,7,54,56,62,77,79,80,82,84,86,120,121,122" machi="80" ten="40,2600,0" yaku="1,1,9,1,53,0" doraHai="15" doraHaiUra="94" who="3" fromWho="1" sc="237,0,199,-32,293,0,251,52" /><INIT seed="3,0,0,4,0,33" ten="237,167,293,303" oya="3" hai0="7,62,133,131,9,68,58,114,84,54,57,86,2" hai1="36,93,76,42,99,81,130,87,100,134,127,82,132" hai2="0,95,48,21,22,67,16,121,70,34,90,63,72" hai3="23,112,74,124,101,125,116,91,40,79,6,55,24"/><W8/><G116/><T88/><D133/><N who="1" m="51307" /><E42/><V126/><F121/><W12/><G112/><T123/><D123/><U77/><E36/><V30/><F126/><W104/><G40/><T97/><D114/><U32/><E32/><V38/><F38/><W25/><G91/><T46/><D131/><U52/><E52/><V17/><F72/><W73/><G25/><T83/><D68/><U27/><E27/><V115/><F115/><W41/><G41/><T26/><D26/><U37/><E37/><V85/><F0/><W3/><G12/><T75/><D75/><N who="1" m="43167" /><E127/><N who="3" m="48714" /><G79/><T89/><D97/><U61/><E61/><V135/><F135/><W50/><G101/><T106/><D106/><U60/><E60/><V15/><F34/><W20/><G104/><T51/><REACH who="0" step="1"/><D62/><REACH who="0" ten="227,167,293,303" step="2"/><U19/><E19/><V78/><F17/><N who="3" m="12303" /><G23/><T65/><D65/><U66/><E66/><V64/><F67/><W119/><G119/><T129/><D129/><AGARI ba="0,1" hai="77,82,87,93,99,100,129,130" m="43167,51307" machi="129" ten="30,3900,0" yaku="20,1,34,2" doraHai="33" who="1" fromWho="0" sc="227,-39,167,49,293,0,303,0" /><INIT seed="4,0,0,1,4,27" ten="188,216,293,303" oya="0" hai0="132,45,89,75,32,111,17,129,78,53,14,130,87" hai1="56,127,58,121,43,99,29,21,71,34,108,104,26" hai2="64,92,65,23,135,67,22,82,69,126,25,15,20" hai3="44,107,18,28,68,40,125,9,55,16,0,110,33"/><T113/><D113/><U83/><E121/><V57/><F69/><W100/><G110/><T46/><D111/><U72/><E108/><V131/><F131/><N who="0" m="50186" /><D132/><U84/><E71/><V81/><F126/><W134/><G125/><T36/><D36/><U85/><E127/><V54/><F135/><W116/><G116/><T94/><D32/><U118/><E118/><V124/><F124/><W11/><G134/><T105/><D105/><U10/><E72/><V66/><F66/><W128/><G128/><T88/><D53/><U95/><E104/><V6/><F92/><W76/><G68/><T48/><D48/><U115/><E115/><V114/><F114/><W74/><G55/><T123/><D123/><U79/><E34/><V86/><F25/><W98/><G11/><N who="0" m="6367" /><D89/><U63/><E43/><V112/><F112/><W50/><G0/><T70/><D70/><U90/><E10/><V61/><F67/><W119/><G119/><T47/><D78/><U41/><E41/><V38/><F38/><W42/><G42/><T122/><D122/><U96/><REACH who="1" step="1"/><E56/><REACH who="1" ten="188,206,293,303" step="2"/><V77/><F57/><W133/><G9/><T60/><D75/><U2/><E2/><V91/><F20/><W37/><G133/><T35/><D35/><U101/><E101/><V19/><F23/><W13/><G37/><T120/><D120/><U106/><E106/><V30/><F22/><W5/><G33/><T8/><D8/><U39/><E39/><V12/><F6/><W1/><G1/><T73/><D73/><U103/><E103/><V24/><F77/><W7/><G76/><T109/><D109/><RYUUKYOKU ba="0,1" sc="188,15,206,15,293,-15,303,-15" hai0="45,46,47,60,87,88,94" hai1="21,26,29,58,63,79,83,84,85,90,95,96,99" /><INIT seed="4,1,1,3,0,93" ten="203,221,278,288" oya="0" hai0="124,36,79,16,127,135,55,92,99,133,23,32,60" hai1="10,67,14,2,100,88,90,91,18,130,69,101,57" hai2="123,49,20,1,43,86,122,95,131,76,109,21,108" hai3="29,66,40,44,33,53,118,98,102,105,81,31,68"/><T50/><D36/><U116/><E130/><V46/><F1/><W8/><G118/><T110/><D32/><U128/><E128/><V47/><F131/><W87/><G53/><T35/><D35/><U26/><E116/><V132/><F95/><W125/><G125/><N who="0" m="48203" /><D79/><U103/><E69/><V22/><F132/><N who="0" m="50762" /><D60/><U52/><E2/><V112/><F112/><W113/><G113/><T114/><D114/><U28/><E67/><V27/><F27/><W34/><G34/><T83/><D83/><U41/><E41/><V58/><F76/><W73/><G73/><T7/><D7/><U15/><E15/><V121/><F86/><W120/><G120/><T117/><D117/><U126/><E126/><V94/><F94/><W30/><G33/><T12/><D110/><U97/><E26/><V0/><F0/><W9/><G66/><T82/><D82/><U45/><E28/><V11/><F109/><W25/><G68/><T78/><D78/><U129/><E129/><V54/><F108/><W64/><G64/><T65/><D65/><U19/><E19/><V72/><F72/><W56/><G25/><T111/><D111/><U85/><E97/><V119/><F119/><W96/><G98/><T77/><D77/><U74/><E74/><V104/><F123/><W71/><G71/><T37/><D37/><U70/><E70/><V39/><F122/><W106/><G106/><T4/><D4/><U6/><E6/><V75/><F104/><W84/><G84/><T134/><N who="0" m="50770" /><T5/><DORA hai="115" /><D5/><U63/><E85/><V51/><F121/><W62/><G87/><RYUUKYOKU ba="1,1" sc="203,-10,221,30,278,-10,288,-10" hai1="10,14,18,45,52,57,63,88,90,91,100,101,103" /><INIT seed="5,2,1,1,2,17" ten="193,251,268,278" oya="1" hai0="33,42,24,8,9,64,10,61,85,117,126,86,3" hai1="133,98,49,19,44,93,102,52,111,50,18,76,67" hai2="66,27,21,130,121,59,135,106,29,105,132,92,124" hai3="73,118,2,20,26,0,84,129,14,57,36,110,63"/><U34/><E34/><V4/><F121/><W6/><G110/><T39/><D117/><U74/><E133/><N who="2" m="51275" /><F130/><W7/><G36/><T43/><D126/><U115/><E115/><V25/><F124/><W127/><G73/><T30/><D3/><U107/><E111/><V62/><F4/><W71/><G71/><T47/><REACH who="0" step="1"/><D42/><REACH who="0" ten="183,251,268,278" step="2"/><U90/><E67/><V96/><F27/><W97/><G0/><T80/><D80/><U91/><E74/><V68/><F68/><AGARI ba="2,2" hai="8,9,10,24,30,33,39,43,47,61,64,68,85,86" machi="68" ten="40,1300,0" yaku="1,1,53,0" doraHai="17" doraHaiUra="32" who="0" fromWho="2" sc="183,39,251,0,268,-19,278,0" /><INIT seed="6,0,0,4,0,8" ten="222,251,249,278" oya="2" hai0="78,99,135,129,52,125,40,127,67,11,118,21,90" hai1="2,47,87,117,114,61,68,29,82,115,12,37,86" hai2="69,59,23,120,75,131,121,132,24,130,6,44,97" hai3="72,89,32,80,36,100,1,30,128,104,42,95,9"/><V98/><F69/><W77/><G128/><N who="2" m="49193" /><F75/><W88/><G30/><T113/><D129/><U22/><E2/><V7/><F44/><N who="3" m="23623" /><G32/><T39/><D67/><N who="1" m="41071" /><E117/><V19/><F59/><W91/><G104/><T101/><D118/><U76/><E87/><V124/><F124/><W26/><G26/><T38/><D127/><U70/><E70/><V105/><F105/><W107/><G107/><T46/><D125/><U14/><E29/><N who="2" m="17567" /><F98/><N who="3" m="57727" /><G100/><T5/><D101/><U66/><E22/><V134/><F19/><W108/><G108/><T41/><D99/><U79/><E79/><V103/><F97/><W43/><G43/><T112/><D78/><U27/><E27/><V15/><F103/><W51/><G51/><T56/><D41/><N who="1" m="22959" /><E66/><V84/><F84/><W74/><G74/><T17/><D39/><U53/><E53/><V54/><F54/><W64/><G64/><T102/><D52/><U20/><E20/><V28/><F28/><W45/><G45/><T33/><D46/><U92/><E92/><V0/><F0/><W31/><G31/><T16/><D38/><U10/><E10/><N who="2" m="4567" /><F7/><AGARI ba="0,0" hai="1,7,9,72,77,80,88,89" m="57727,23623" machi="7" ten="30,2000,0" yaku="25,1,54,1" doraHai="8" who="3" fromWho="2" sc="222,0,251,0,249,-20,278,20" /><INIT seed="7,0,0,2,1,7" ten="222,251,229,298" oya="3" hai0="46,121,126,10,86,19,64,88,104,67,38,81,109" hai1="45,5,117,49,23,27,77,58,25,135,63,28,132" hai2="97,0,91,108,134,56,74,90,37,39,85,65,41" hai3="92,4,127,120,75,18,68,13,32,78,102,42,54"/><W17/><G120/><T95/><D121/><U72/><E117/><V125/><F0/><W73/><G32/><T89/><D109/><U105/><E105/><V6/><F6/><W35/><G35/><T21/><D104/><U129/><E129/><V118/><F74/><W52/><G68/><T76/><D126/><U48/><E77/><V98/><F108/><W101/><G127/><T107/><D107/><U36/><E72/><V24/><F134/><W66/><G66/><T2/><D2/><U133/><E5/><V87/><F125/><W12/><G4/><T44/><D89/><U130/><E130/><V111/><F111/><W100/><G100/><T34/><D34/><U43/><REACH who="1" step="1"/><E27/><REACH who="1" ten="222,241,229,298" step="2"/><V84/><F24/><W8/><G78/><T79/><D79/><U16/><E16/><V1/><F118/><W57/><G75/><T131/><D131/><U96/><E96/><V70/><F98/><W11/><G73/><T106/><D106/><U71/><E71/><V113/><F97/><W40/><G92/><T83/><D95/><U9/><E9/><V60/><F70/><W29/><G29/><T103/><D10/><U30/><E30/><V99/><F99/><W124/><G124/><T33/><D103/><U55/><AGARI ba="0,1" hai="23,25,28,36,43,45,48,49,55,58,63,132,133,135" machi="55" ten="30,4000,0" yaku="1,1,0,1,20,1,53,0" doraHai="7" doraHaiUra="123" who="1" fromWho="1" sc="222,-10,241,50,229,-10,298,-20" /><INIT seed="8,0,0,0,1,98" ten="212,291,219,278" oya="0" hai0="120,27,128,119,30,48,41,123,135,129,101,25,21" hai1="11,67,122,75,13,81,94,118,99,83,24,85,103" hai2="127,59,130,113,40,17,3,0,78,64,90,100,26" hai3="84,87,91,56,125,79,71,46,54,106,77,22,111"/><T32/><D41/><U89/><E118/><V92/><F113/><W73/><G71/><T28/><D48/><U112/><E122/><N who="0" m="46633" /><D101/><U43/><E112/><V95/><F40/><W53/><G73/><T68/><D68/><U12/><E75/><V38/><F38/><W80/><G106/><T50/><D50/><U57/><E43/><V15/><F78/><W70/><G70/><T107/><D107/><U108/><E108/><V60/><F26/><W18/><G111/><T63/><D63/><N who="1" m="38383" /><E24/><V55/><F64/><W4/><G125/><T115/><D115/><U66/><E66/><V69/><F127/><W93/><G4/><T39/><D39/><U117/><E117/><V105/><F69/><W31/><G31/><T6/><D119/><U61/><E61/><V104/><F104/><W34/><G34/><T96/><D96/><N who="1" m="59799" /><E13/><V102/><F15/><N who="3" m="9567" /><G46/><T23/><D32/><U42/><E42/><V74/><F74/><W1/><G1/><T36/><D36/><U62/><E62/><V10/><F0/><W16/><G16/><T14/><D135/><U126/><E126/><V131/><F105/><W82/><G56/><T124/><D124/><U20/><E20/><V7/><F59/><W5/><G5/><T9/><AGARI ba="0,0" hai="6,9,14,21,23,25,27,28,30,128,129" m="46633" machi="9" ten="30,3000,0" yaku="34,2" doraHai="98" who="0" fromWho="0" sc="212,30,291,-10,219,-10,278,-10" /><INIT seed="8,1,0,3,3,115" ten="242,281,209,268" oya="0" hai0="2,72,123,74,79,98,50,101,107,13,112,105,104" hai1="108,90,6,133,15,29,45,30,31,43,64,17,62" hai2="42,135,40,52,120,129,114,122,34,47,110,56,96" hai3="75,26,116,119,10,109,95,83,70,126,48,67,121"/><T3/><D112/><U25/><E133/><V65/><F34/><W134/><G109/><T69/><D123/><N who="2" m="47146" /><F96/><W124/><G121/><T130/><D130/><U77/><E108/><V27/><F27/><W1/><G134/><T24/><D69/><U85/><E77/><V54/><F110/><W49/><G95/><T81/><D72/><U51/><E6/><V86/><F86/><W93/><G93/><T111/><D111/><U84/><E25/><V41/><F135/><W118/><G26/><T12/><D50/><N who="3" m="19561" /><G67/><T100/><D24/><U68/><REACH who="1" step="1"/><E90/><REACH who="1" ten="242,271,209,268" step="2"/><V23/><F114/><W91/><G70/><T88/><D88/><U5/><E5/><V36/><F129/><W89/><G91/><T4/><D4/><U106/><E106/><V21/><F21/><AGARI ba="1,1" hai="15,17,21,29,30,31,43,45,51,62,64,68,84,85" machi="21" ten="40,2600,0" yaku="1,1,53,1" doraHai="115" doraHaiUra="9" who="1" fromWho="2" sc="242,0,271,39,209,-29,268,0" owari="242,-16.0,310,41.0,180,-32.0,268,7.0" /></mjloggm>