<mjloggm ver="2.3"><GO type="169" lobby="0"/><UN n0="%32%30%31%33%36%31%32" n1="%63%6C%75%74%63%68%37%33" n2="%E3%81%8A%E3%81%98%E3%81%95%E3%82%93" n3="%E3%83%8F%E3%82%BA%E3%83%AC" dan="17,17,16,18" rate="2168.98,2200.15,2154.82,2249.92" sx="M,M,M,M"/><TAIKYOKU oya="0"/><INIT seed="0,0,0,5,2,102" ten="250,250,250,250" oya="0" hai0="108,97,94,48,31,32,70,11,10,9,43,92,126" hai1="33,18,13,88,98,4,104,83,87,51,25,74,16" hai2="24,27,117,65,6,90,80,21,56,82,116,55,84" hai3="64,121,19,38,113,1,17,41,28,23,93,75,36"/><T124/><D70/><U12/><E74/><V39/><F39/><W3/><G113/><T2/><D2/><U72/><E72/><V60/><F6/><W125/><G75/><T91/><D31/><U107/><E4/><V14/><F80/><W49/><G125/><N who="0" m="48235" /><D32/><U110/><E110/><V106/><F106/><W119/><G119/><N who="2" m="45641" /><F14/><W105/><G105/><T59/><D108/><U134/><E134/><V76/><F76/><W42/><G121/><T115/><D115/><U15/><E51/><N who="2" m="30847" /><F21/><W99/><G64/><T0/><D92/><U20/><E98/><V100/><F100/><W30/><G93/><T77/><D77/><U47/><E47/><V58/><AGARI ba="0,0" hai="24,27,58,60,65,82,84,90" m="30847,45641" machi="58" ten="30,1100,0" yaku="12,1" doraHai="102" who="2" fromWho="2" sc="250,-5,250,-3,250,11,250,-3" /><INIT seed="1,0,0,4,1,32" ten="245,247,261,247" oya="1" hai0="37,73,126,104,42,112,33,110,118,135,76,127,113" hai1="68,52,25,6,121,61,4,63,116,48,125,58,129" hai2="46,99,50,123,102,85,13,74,128,60,83,22,106" hai3="8,7,95,97,98,34,122,77,82,124,15,67,88"/><U107/><E121/><V27/><F128/><W66/><G122/><T17/><RYUUKYOKU type="yao9" ba="0,0" sc="245,0,247,0,261,0,247,0" hai0="17,33,37,42,73,76,104,110,112,113,118,126,127,135" /><INIT seed="1,1,0,4,5,117" ten="245,247,261,247" oya="1" hai0="15,112,22,48,119,46,132,89,81,26,38,80,4" hai1="94,105,131,1,70,68,90,74,76,36,134,120,108" hai2="113,72,65,102,45,49,25,133,51,33,27,31,126" hai3="93,71,41,88,40,58,77,32,100,106,17,121,103"/><U129/><RYUUKYOKU type="yao9" ba="1,0" sc="245,0,247,0,261,0,247,0" hai1="1,36,68,70,74,76,90,94,105,108,120,129,131,134" /><INIT seed="1,2,0,3,0,75" ten="245,247,261,247" oya="1" hai0="77,56,50,67,124,13,119,122,48,44,92,125,27" hai1="19,64,105,112,99,132,120,43,97,83,70,59,11" hai2="8,69,6,72,55,131,30,25,29,130,84,102,58" hai3="9,66,62,111,76,35,118,90,82,22,127,116,54"/><U47/><E120/><V0/><F69/><W61/><G111/><T23/><D119/><N who="3" m="45609" /><G127/><N who="0" m="48715" /><D122/><U39/><E112/><V7/><F72/><N who="3" m="43271" /><G35/><T17/><D92/><U121/><E121/><V24/><F102/><W134/><G134/><T21/><D67/><U93/><E132/><V110/><F84/><W71/><G90/><T46/><D77/><U51/><E105/><V45/><F45/><N who="0" m="17514" /><D56/><U65/><E83/><V40/><F40/><W86/><G86/><T115/><D115/><U85/><E85/><V32/><F110/><W36/><G36/><T107/><D107/><U57/><E99/><V128/><F7/><W31/><G62/><T41/><D41/><U3/><E39/><V52/><REACH who="2" step="1"/><F58/><REACH who="2" ten="245,247,251,247" step="2"/><N who="1" m="22025" /><E70/><V10/><F10/><W87/><G9/><T104/><D104/><U89/><E3/><V117/><F117/><W126/><G126/><T79/><D79/><U16/><E11/><V5/><F5/><W103/><G87/><T15/><D15/><U88/><E89/><V53/><F53/><W33/><G54/><T109/><D109/><U4/><E4/><V38/><F38/><W37/><G37/><T63/><D63/><U49/><E49/><V108/><F108/><W114/><G114/><T129/><D129/><U18/><AGARI ba="2,1" hai="16,18,19,43,47,51,64,65,88,93,97" m="22025" machi="18" ten="30,6000,0" yaku="8,1,54,2" doraHai="75" who="1" fromWho="1" sc="245,-22,247,76,251,-22,247,-22" /><INIT seed="1,3,0,1,4,115" ten="223,323,229,225" oya="1" hai0="93,73,44,109,3,104,81,47,52,55,40,16,97" hai1="41,84,91,4,46,12,5,85,110,95,57,34,128" hai2="106,11,76,112,64,53,20,78,59,19,105,28,90" hai3="27,7,29,22,68,99,42,121,122,30,21,86,63"/><U2/><E128/><V75/><F112/><W119/><G42/><T9/><D109/><U38/><E34/><V8/><F28/><W130/><G130/><T114/><D104/><U72/><E72/><V35/><F35/><W94/><G7/><T25/><D114/><U108/><E2/><V129/><F64/><W87/><G68/><T43/><D3/><U54/><E84/><V32/><F32/><W26/><G63/><T92/><D73/><U113/><E113/><V120/><F120/><W24/><G24/><T60/><D81/><U79/><E79/><V45/><F45/><N who="0" m="17482" /><D92/><U98/><E85/><V101/><F90/><W82/><G119/><T123/><D123/><U56/><E56/><V133/><F133/><W17/><G17/><T39/><D39/><U23/><E23/><V107/><F101/><W70/><G70/><T88/><D25/><U65/><E65/><V37/><F37/><W48/><G48/><T71/><D71/><U6/><REACH who="1" step="1"/><E12/><REACH who="1" ten="223,313,229,225" step="2"/><V14/><F129/><W127/><G87/><T131/><D131/><U1/><E1/><V15/><F75/><W77/><REACH who="3" step="1"/><G127/><REACH who="3" ten="223,313,229,215" step="2"/><T100/><D100/><AGARI ba="3,2" hai="21,22,26,27,29,30,77,82,86,94,99,100,121,122" machi="100" ten="30,8000,1" yaku="1,1,2,1,7,1,9,1,53,1" doraHai="115" doraHaiUra="89" who="3" fromWho="0" sc="223,-89,313,0,229,0,215,109" /><INIT seed="2,0,0,1,0,122" ten="134,313,229,324" oya="2" hai0="127,130,70,119,3,5,40,92,6,111,74,7,81" hai1="88,61,31,79,126,89,117,46,49,0,94,114,85" hai2="116,112,32,109,128,133,95,135,99,96,131,87,54" hai3="36,50,105,43,12,47,86,29,103,52,106,63,64"/><V48/><F32/><W76/><G29/><T113/><D70/><U73/><E114/><V51/><F112/><W33/><G33/><T60/><D113/><U93/><E117/><V10/><F10/><W55/><G12/><T65/><D119/><U98/><E0/><V34/><F34/><W56/><G103/><T18/><D127/><U38/><E126/><V58/><F116/><W66/><G66/><T42/><D130/><N who="2" m="49706" /><F87/><W17/><G17/><T78/><D3/><U53/><E38/><V90/><F99/><W45/><REACH who="3" step="1"/><G64/><REACH who="3" ten="134,313,229,314" step="2"/><T82/><D18/><U8/><E31/><V118/><F118/><W107/><G107/><T67/><D67/><U35/><E35/><V75/><F75/><W37/><G37/><T21/><D74/><U108/><E73/><V59/><F109/><W16/><G16/><T132/><D111/><U71/><E108/><V115/><F115/><W11/><G11/><T134/><D132/><N who="2" m="50762" /><F59/><W129/><G129/><T84/><D134/><U102/><E8/><V68/><F68/><W101/><G101/><T104/><D104/><U57/><E71/><V62/><AGARI ba="0,1" hai="48,51,54,58,62,90,95,96" m="50762,49706" machi="62" ten="30,3000,0" yaku="19,1,20,1" doraHai="122" who="2" fromWho="2" sc="134,-10,313,-10,229,40,314,-10" /><INIT seed="2,1,0,5,4,77" ten="124,303,269,304" oya="2" hai0="5,12,3,28,16,102,34,81,105,11,45,79,103" hai1="97,2,113,10,76,42,78,93,100,20,106,7,133" hai2="86,41,73,110,118,127,92,59,87,4,27,130,55" hai3="63,114,25,50,37,82,6,36,13,26,1,54,120"/><V115/><F115/><W29/><G120/><T19/><D105/><U44/><E113/><V30/><F118/><W31/><G1/><T89/><D89/><U124/><E124/><V22/><F127/><W58/><G114/><T47/><D19/><U128/><E128/><V38/><F130/><W65/><G82/><T57/><D57/><U40/><E40/><V24/><F73/><W15/><G37/><T99/><D28/><U117/><E133/><V90/><F110/><W69/><G36/><T94/><D34/><U84/><E117/><V80/><F4/><W49/><G49/><T123/><D103/><U101/><E20/><V134/><F134/><W122/><G6/><T35/><D35/><U46/><E46/><V32/><F41/><W23/><REACH who="3" step="1"/><G122/><REACH who="3" ten="124,303,269,294" step="2"/><T53/><D123/><U91/><REACH who="1" step="1"/><E101/><REACH who="1" ten="124,293,269,294" step="2"/><V8/><F38/><AGARI ba="1,2" hai="2,7,10,38,42,44,76,78,84,91,93,97,100,106" machi="38" ten="30,8000,1" yaku="1,1,2,1,7,1,53,2" doraHai="77" doraHaiUra="75" who="1" fromWho="2" sc="124,0,293,103,269,-83,294,0" /><INIT seed="3,0,0,4,2,131" ten="124,396,186,294" oya="3" hai0="97,33,128,13,109,92,132,104,9,25,48,22,108" hai1="72,12,27,68,81,24,121,99,34,84,29,59,56" hai2="40,21,118,76,63,74,117,78,115,89,105,18,32" hai3="23,134,39,125,1,87,80,65,57,86,45,3,91"/><W96/><G125/><T75/><D128/><U113/><E113/><V133/><F32/><W67/><G96/><T30/><D75/><U122/><E72/><V16/><F115/><W5/><G5/><T6/><D104/><U10/><E68/><V55/><F105/><W90/><G39/><T58/><D48/><U120/><E27/><V4/><F4/><W94/><G45/><T17/><D58/><U44/><E44/><V47/><F18/><W103/><G103/><T98/><D98/><U79/><REACH who="1" step="1"/><E99/><REACH who="1" ten="124,386,186,294" step="2"/><V123/><F74/><W112/><G112/><T35/><D35/><U36/><E36/><V28/><F47/><W62/><G67/><T0/><REACH who="0" step="1"/><D132/><REACH who="0" ten="114,386,186,294" step="2"/><U129/><E129/><V66/><F133/><W20/><G134/><T52/><D52/><U71/><E71/><V124/><F55/><W14/><G65/><T15/><D15/><U46/><E46/><V61/><F66/><W31/><G14/><T83/><D83/><U85/><E85/><V107/><F40/><W102/><G80/><T60/><D60/><U70/><E70/><V51/><F63/><W73/><G62/><T111/><D111/><U77/><E77/><V37/><F61/><W110/><G110/><T69/><D69/><U19/><AGARI ba="0,2" hai="10,12,19,24,29,34,56,59,79,81,84,120,121,122" machi="19" ten="30,4000,0" yaku="1,1,0,1,53,1" doraHai="131" doraHaiUra="8" who="1" fromWho="1" sc="114,-10,386,60,186,-10,294,-20" /><INIT seed="4,0,0,5,1,19" ten="104,446,176,274" oya="0" hai0="62,127,74,23,55,8,88,59,73,79,103,99,81" hai1="40,71,78,120,22,91,5,36,18,83,86,46,90" hai2="11,35,102,7,33,47,29,94,37,117,50,4,132" hai3="9,109,80,2,13,113,123,20,104,67,75,12,27"/><T56/><D127/><U106/><E71/><V28/><F37/><W107/><G109/><T134/><D134/><U115/><E120/><V97/><F132/><W121/><G67/><T101/><D74/><U65/><E65/><V95/><F117/><W76/><G13/><T32/><D32/><U10/><E106/><V69/><F69/><W15/><G15/><T48/><D8/><U77/><E77/><V93/><F35/><W0/><G107/><T16/><D56/><U57/><E57/><V30/><F33/><W54/><G54/><T68/><D48/><U84/><E84/><V53/><REACH who="2" step="1"/><F4/><REACH who="2" ten="104,446,166,274" step="2"/><W42/><G121/><T118/><D68/><U43/><E36/><V111/><F111/><W64/><G123/><T126/><D118/><U6/><E6/><V31/><N who="2" m="7168" /><DORA hai="3" /><V39/><F39/><W17/><G113/><T82/><D126/><U66/><E5/><V51/><F51/><W96/><G0/><AGARI ba="0,1" hai="0,7,11,47,50,53,93,94,95,97,102" m="7168" machi="0" ten="50,6400,0" yaku="1,1,52,1,53,1" doraHai="19,3" doraHaiUra="49,21" who="2" fromWho="3" sc="104,0,446,0,166,74,274,-64" /><INIT seed="5,0,0,0,0,64" ten="104,446,240,210" oya="1" hai0="46,39,109,60,47,103,48,2,5,50,69,78,115" hai1="51,19,117,132,134,8,26,7,94,13,82,93,56" hai2="72,120,124,116,127,135,59,106,63,36,23,128,92" hai3="88,91,99,113,6,0,44,89,4,41,22,45,81"/><U33/><E117/><V32/><RYUUKYOKU type="yao9" ba="0,0" sc="104,0,446,0,240,0,210,0" hai2="23,32,36,59,63,72,92,106,116,120,124,127,128,135" /><INIT seed="5,1,0,0,2,56" ten="104,446,240,210" oya="1" hai0="120,117,132,8,62,44,18,107,14,19,124,29,104" hai1="36,98,47,48,24,121,93,80,35,88,59,21,68" hai2="99,17,15,30,91,94,1,129,77,65,63,39,58" hai3="84,87,64,2,126,127,103,46,110,123,41,12,133"/><U92/><E68/><V114/><F129/><W20/><G2/><T89/><D117/><U83/><E35/><V116/><F116/><W22/><G110/><T11/><D124/><N who="3" m="47657" /><G133/><T125/><D125/><U51/><E36/><V32/><F1/><W113/><G123/><T53/><D132/><U90/><E59/><V60/><F39/><N who="3" m="21823" /><G113/><T76/><D76/><U72/><E72/><V57/><F114/><W135/><G135/><T43/><D29/><U82/><E47/><V52/><F77/><W5/><G103/><T67/><D120/><U95/><E121/><V106/><F106/><W115/><G64/><T96/><D53/><U38/><E38/><V61/><F32/><W111/><G111/><T102/><D104/><U100/><E100/><V109/><F109/><W128/><G128/><T130/><D130/><U75/><E75/><V70/><F30/><W66/><G66/><T54/><D54/><U69/><E69/><V55/><F17/><W9/><G115/><T73/><D73/><U105/><E105/><V26/><REACH who="2" step="1"/><F15/><REACH who="2" ten="104,446,230,210" step="2"/><W34/><G34/><T3/><D3/><U45/><E24/><AGARI ba="1,1" hai="24,26,52,55,57,58,60,61,63,65,70,91,94,99" machi="24" ten="40,12000,2" yaku="1,1,2,1,9,1,52,3,54,1,53,0" doraHai="56" doraHaiUra="74" who="2" fromWho="1" sc="104,0,446,-123,230,133,210,0" /><INIT seed="6,0,0,3,3,107" ten="104,323,363,210" oya="2" hai0="15,87,112,35,10,132,81,82,3,86,90,0,96" hai1="16,65,62,108,70,123,63,75,110,24,79,38,118" hai2="22,121,125,109,34,115,69,9,18,40,46,130,95" hai3="66,31,77,73,39,60,42,6,113,101,89,88,20"/><V117/><F121/><W72/><G6/><T36/><D132/><U47/><E118/><V114/><F117/><W56/><G101/><T8/><D112/><U93/><E123/><V61/><F34/><W92/><G113/><T111/><D111/><U97/><E63/><V129/><F125/><W57/><G57/><T54/><D35/><U91/><E47/><V49/><F9/><W116/><G77/><T51/><D36/><U11/><E38/><V25/><F95/><W78/><G78/><T7/><D96/><U44/><E44/><V68/><F109/><W71/><G71/><N who="2" m="27209" /><F61/><W134/><G134/><T12/><D51/><U5/><E24/><V33/><F33/><W48/><G39/><T4/><REACH who="0" step="1"/><D54/><REACH who="0" ten="94,323,363,210" step="2"/><U80/><E110/><V30/><F115/><W37/><G37/><T43/><D43/><U133/><E108/><V74/><F114/><W21/><G116/><T104/><D104/><U41/><E41/><V76/><F49/><W52/><G42/><T85/><D85/><U105/><E105/><V27/><F40/><W120/><G48/><T106/><D106/><U23/><E133/><V26/><F130/><W32/><G32/><T124/><D124/><U103/><E97/><V58/><F129/><W50/><G50/><T45/><D45/><U29/><E65/><V59/><F46/><W1/><G66/><T122/><D122/><U127/><E127/><V83/><F30/><W67/><G31/><T13/><D13/><U135/><E29/><V14/><F14/><W84/><G120/><T102/><D102/><U98/><E135/><V128/><F128/><RYUUKYOKU ba="0,1" sc="94,15,323,-15,363,15,210,-15" hai0="0,3,4,7,8,10,12,15,81,82,86,87,90" hai2="18,22,25,26,27,58,59,74,76,83" /><INIT seed="6,1,1,2,3,14" ten="109,308,378,195" oya="2" hai0="21,92,87,88,2,63,132,112,33,96,58,25,111" hai1="106,38,48,103,114,100,91,0,81,55,94,3,72" hai2="1,99,64,69,123,23,45,110,49,70,37,56,109" hai3="17,102,93,84,43,30,105,61,15,42,29,18,124"/><V27/><F1/><W135/><G135/><T36/><D111/><N who="2" m="42506" /><F123/><W127/><G105/><T98/><D132/><U26/><E38/><V107/><F37/><W67/><G30/><T66/><D112/><U115/><E106/><V130/><F130/><W57/><G29/><T34/><D36/><U13/><E26/><V74/><F74/><W53/><G67/><T22/><D2/><U85/><E0/><V122/><F122/><W11/><G18/><T134/><D134/><U31/><E3/><V89/><F56/><W32/><G32/><T47/><D21/><U95/><E31/><N who="2" m="17919" /><F64/><W104/><G104/><T108/><D108/><U129/><E129/><V4/><F4/><W59/><G59/><T52/><D47/><U46/><E72/><V119/><F119/><W121/><G121/><T12/><D66/><U117/><E117/><V120/><F120/><W28/><G28/><N who="0" m="17463" /><D33/><U131/><E131/><V10/><F10/><W90/><REACH who="3" step="1"/><G102/><REACH who="3" ten="109,308,378,185" step="2"/><N who="1" m="38954" /><E115/><V51/><F107/><W75/><G75/><T126/><D34/><U44/><E114/><V113/><F113/><W24/><G24/><T83/><D126/><AGARI ba="1,2" hai="11,15,17,42,43,53,57,61,84,90,93,124,126,127" machi="126" ten="40,5200,0" yaku="1,1,18,1,52,1,53,0" doraHai="14" doraHaiUra="65" who="3" fromWho="0" sc="109,-55,308,0,378,0,185,75" /><INIT seed="7,0,0,5,3,22" ten="54,308,378,260" oya="3" hai0="102,120,47,127,131,106,126,11,81,5,6,88,75" hai1="86,68,29,64,132,90,63,41,4,110,114,39,31" hai2="17,43,71,60,42,28,26,15,52,76,38,113,95" hai3="80,82,27,51,96,36,108,44,57,124,121,111,134"/><W48/><G121/><T62/><D120/><U130/><E110/><N who="3" m="42026" /><G134/><T16/><D131/><U107/><E132/><V35/><F113/><W2/><G2/><T84/><D75/><U74/><E74/><V73/><F38/><W101/><G124/><T69/><D106/><U32/><E114/><V49/><F95/><N who="3" m="58527" /><G36/><T34/><D102/><U103/><E130/><V72/><F60/><W133/><G133/><T135/><D135/><U24/><E31/><V109/><F71/><W122/><G122/><T20/><D34/><U94/><E4/><V1/><F1/><W93/><G93/><T33/><D33/><U19/><E19/><V14/><F72/><W78/><G78/><T92/><D69/><U12/><E12/><V3/><F3/><W46/><G57/><T125/><D62/><U128/><E128/><V91/><F91/><W9/><G9/><T53/><D92/><U58/><E58/><V45/><F109/><W83/><G27/><T66/><D66/><U115/><E115/><V97/><F97/><W65/><G65/><T79/><D79/><U117/><E117/><V59/><F59/><W116/><G116/><T112/><D112/><U40/><REACH who="1" step="1"/><E39/><REACH who="1" ten="54,298,378,260" step="2"/><V21/><F14/><W87/><G87/><T18/><D18/><U100/><E100/><V30/><F30/><W54/><G82/><T0/><D0/><U61/><E61/><V23/><F35/><W77/><G77/><T50/><REACH who="0" step="1"/><D20/><REACH who="0" ten="44,298,378,260" step="2"/><U123/><E123/><V85/><F73/><W104/><G104/><T89/><D89/><U10/><E10/><V8/><F8/><W105/><G105/><RYUUKYOKU ba="0,2" sc="44,0,298,0,378,0,260,0" hai0="5,6,11,16,47,50,53,81,84,88,125,126,127" hai1="24,29,32,40,41,63,64,68,86,90,94,103,107" hai2="15,17,21,23,26,28,42,43,45,49,52,76,85" hai3="44,46,48,51,54,80,83" /><INIT seed="7,1,2,3,4,87" ten="44,298,378,260" oya="3" hai0="77,46,59,134,50,122,69,27,37,24,132,82,119" hai1="102,121,128,106,64,133,99,61,111,58,70,40,14" hai2="71,42,74,1,115,109,105,63,47,76,135,120,12" hai3="112,78,68,108,33,101,45,129,96,8,36,125,22"/><W4/><G125/><T84/><D119/><U6/><E111/><V98/><F109/><W83/><G129/><T123/><D84/><U52/><E128/><V15/><F115/><W18/><G33/><T11/><D82/><U127/><E127/><V113/><F135/><W31/><G68/><T90/><D77/><U95/><E133/><V23/><F23/><W57/><G31/><T94/><D11/><U7/><E121/><V89/><F120/><W5/><G112/><T103/><D103/><U43/><E106/><V60/><F60/><W32/><G32/><T34/><D34/><U44/><E14/><V29/><F63/><W41/><G57/><T116/><D94/><U107/><E107/><V25/><F15/><W48/><G36/><T49/><D59/><U9/><E9/><V92/><F12/><W65/><G65/><T67/><D46/><U3/><E3/><V118/><F1/><W131/><G8/><T21/><D21/><U93/><E93/><V79/><F47/><W38/><G38/><T53/><D37/><N who="1" m="21519" /><E43/><V85/><F29/><W72/><G108/><T39/><D39/><U30/><E30/><V73/><F73/><W55/><G41/><T13/><D13/><U10/><E10/><V88/><F42/><W16/><G131/><T66/><D53/><U20/><E20/><V81/><F74/><W75/><G75/><T0/><D0/><U130/><E130/><V124/><F124/><W54/><G54/><T126/><D126/><U114/><E114/><V100/><F113/><W17/><G22/><T110/><D110/><U91/><E102/><RYUUKYOKU ba="1,2" sc="44,-15,298,15,378,-15,260,15" hai1="6,7,52,58,61,64,70,91,95,99" hai3="4,5,16,17,18,45,48,55,72,78,83,96,101" /><INIT seed="7,2,2,2,5,5" ten="29,313,363,275" oya="3" hai0="64,11,117,70,53,75,95,105,12,27,44,50,9" hai1="125,103,38,104,99,130,124,25,17,29,80,26,135" hai2="16,22,129,28,23,3,74,123,42,45,39,85,101" hai3="115,68,93,14,77,133,33,127,134,20,55,78,37"/><W13/><G33/><T60/><D105/><U83/><E38/><V102/><F74/><W2/><G2/><T91/><D75/><U35/><E130/><V43/><F3/><W107/><G107/><T6/><D117/><U96/><E135/><N who="3" m="51722" /><G68/><T51/><D27/><U76/><E99/><V111/><F111/><W118/><G37/><T47/><D6/><U110/><E110/><V58/><F129/><W131/><G131/><T112/><D112/><U73/><E83/><V40/><F123/><W132/><G132/><T71/><D12/><N who="3" m="4713" /><G127/><T66/><D95/><U120/><REACH who="1" step="1"/><E120/><REACH who="1" ten="29,303,363,275" step="2"/><V18/><F39/><W52/><G118/><T56/><D91/><U88/><E88/><V49/><F102/><W21/><G93/><T121/><D121/><U59/><E59/><V82/><F58/><W30/><G115/><T67/><D9/><U106/><E106/><V8/><F8/><W34/><G34/><T108/><D11/><U116/><E116/><V92/><F92/><W128/><G128/><T119/><D119/><U62/><E62/><V57/><F57/><W15/><G15/><T48/><D108/><U126/><E126/><V1/><F101/><W32/><G32/><T41/><D41/><U100/><E100/><V72/><F1/><W122/><G122/><T63/><D63/><U97/><E97/><V98/><F98/><W69/><G69/><AGARI ba="2,3" hai="44,47,48,50,51,53,56,60,64,66,67,69,70,71" machi="69" ten="50,12000,2" yaku="35,6" doraHai="5" who="0" fromWho="3" sc="29,156,303,0,363,0,275,-126" owari="185,-21.0,303,10.0,363,46.0,149,-35.0" /></mjloggm>