<mjloggm ver="2.3"><GO type="169" lobby="0"/><UN n0="%E3%81%9F%E3%81%8B%E3%81%A3%E3%81%A6%E3%81%83%E3%83%BC" n1="%E3%81%86%E3%81%AA%E3%81%8E%E9%BA%BA" n2="%64%72%61%65%74%63" n3="%E3%82%AB%E3%82%B6%E3%83%A9%E3%82%AD" dan="18,16,16,18" rate="2249.56,2052.67,2095.55,2232.05" sx="F,M,M,M"/><TAIKYOKU oya="0"/><INIT seed="0,0,0,4,1,115" ten="250,250,250,250" oya="0" hai0="30,40,85,36,73,96,31,97,7,42,69,87,79" hai1="63,71,3,65,52,77,90,108,70,26,82,43,107" hai2="35,72,64,135,33,130,120,92,14,112,11,110,66" hai3="68,67,9,129,105,116,51,134,91,109,19,12,111"/><T23/><D69/><U127/><E108/><N who="3" m="41546" /><G105/><T48/><D36/><U55/><E3/><V15/><F110/><W131/><G51/><T118/><D73/><U102/><E71/><V94/><F11/><W8/><G91/><T99/><D7/><U75/><E43/><N who="0" m="16425" /><D79/><U38/><E38/><V121/><F72/><W28/><G67/><T117/><D48/><U4/><E4/><V56/><F56/><W103/><G103/><T133/><D23/><U122/><E122/><V1/><F1/><W13/><G68/><T59/><D59/><U125/><E26/><V60/><F60/><W2/><G2/><T113/><D113/><U126/><REACH who="1" step="1"/><E90/><REACH who="1" ten="250,240,250,250" step="2"/><V6/><F6/><N who="3" m="3095" /><G134/><T0/><D0/><U54/><E54/><V74/><F135/><W16/><G28/><N who="0" m="10795" /><D133/><U95/><E95/><V123/><F123/><W128/><G19/><T44/><D44/><U17/><E17/><V21/><F120/><W101/><G101/><T58/><D58/><U39/><E39/><V106/><F121/><W25/><G25/><T119/><AGARI ba="0,1" hai="85,87,96,97,99,117,118,119" m="10795,16425" machi="119" ten="40,12000,1" yaku="28,2,52,3" doraHai="115" who="0" fromWho="0" sc="250,130,240,-40,250,-40,250,-40" /><INIT seed="0,1,0,0,2,45" ten="380,200,210,210" oya="0" hai0="122,24,58,104,72,53,134,50,63,30,67,39,88" hai1="100,123,66,41,92,20,105,3,103,16,78,37,61" hai2="1,108,47,128,96,46,81,25,129,73,9,101,71" hai3="10,113,109,85,0,115,29,91,124,48,12,6,32"/><T51/><D122/><U19/><E3/><V112/><F71/><W69/><G69/><T127/><D39/><U44/><E123/><V14/><F1/><W33/><G109/><T7/><D104/><U118/><E118/><V60/><F108/><W102/><G102/><T2/><D72/><U5/><E5/><V90/><F112/><W27/><G33/><T87/><D134/><U94/><E78/><V132/><F132/><W8/><G124/><T36/><D36/><U133/><E133/><V13/><F60/><W22/><G48/><N who="0" m="18475" /><D2/><U126/><E19/><V34/><F25/><W95/><G32/><T74/><D74/><U21/><E20/><V64/><F64/><W83/><G95/><N who="0" m="54687" /><D127/><U57/><E126/><V77/><F47/><W89/><G89/><T121/><D121/><U43/><E105/><V17/><F46/><W107/><G107/><T31/><D7/><AGARI ba="1,0" hai="0,6,7,8,10,12,22,27,29,83,85,91,113,115" machi="7" ten="30,1000,0" yaku="7,1" doraHai="45" who="3" fromWho="0" sc="380,-13,200,0,210,0,210,13" /><INIT seed="1,0,0,5,4,39" ten="367,200,210,223" oya="1" hai0="121,55,83,34,14,1,77,3,131,105,13,58,15" hai1="40,88,84,69,104,59,37,18,100,101,112,103,130" hai2="117,4,119,51,64,122,35,52,43,134,75,17,93" hai3="108,36,38,133,109,50,10,21,33,111,110,106,128"/><U126/><E69/><V23/><F75/><W63/><G33/><T66/><D34/><U98/><E112/><V81/><F122/><W91/><G128/><T60/><D105/><U135/><E130/><V113/><F35/><W7/><G133/><T71/><D131/><U76/><E135/><V74/><F113/><W73/><G73/><T86/><REACH who="0" step="1"/><D121/><REACH who="0" ten="357,200,210,223" step="2"/><U42/><E126/><V30/><F134/><W26/><G106/><T31/><D31/><U46/><E76/><V72/><F30/><W95/><G110/><T29/><D29/><U123/><E123/><V127/><F127/><W19/><G111/><T24/><D24/><U102/><E18/><V125/><F17/><W115/><G115/><T67/><D67/><U0/><E0/><V27/><F64/><W45/><G109/><T70/><D70/><U114/><E114/><V48/><F125/><W28/><G28/><T62/><AGARI ba="0,1" hai="1,3,13,14,15,55,58,60,62,66,71,77,83,86" machi="62" ten="30,8000,1" yaku="1,1,0,1,53,3" doraHai="39" doraHaiUra="9" who="0" fromWho="0" sc="357,90,200,-40,210,-20,223,-20" /><INIT seed="2,0,0,3,1,23" ten="447,160,190,203" oya="2" hai0="117,14,43,66,59,77,82,15,64,116,24,90,80" hai1="92,28,3,11,118,6,112,127,31,8,91,81,53" hai2="130,122,30,46,61,19,37,36,88,40,135,121,62" hai3="133,22,21,109,132,20,29,65,68,0,83,95,115"/><V74/><F74/><W2/><G95/><T71/><D71/><U107/><E107/><V113/><F113/><W49/><G49/><T13/><D43/><U34/><E112/><V110/><F30/><W99/><G99/><T26/><D90/><U32/><E118/><N who="0" m="45673" /><D82/><U57/><E127/><V79/><F79/><W54/><G54/><T101/><D101/><U41/><E41/><V119/><F119/><W42/><G42/><T98/><D98/><U67/><E67/><N who="0" m="25641" /><D59/><U84/><E34/><V47/><F88/><W111/><G83/><T131/><D131/><U12/><E81/><V114/><F114/><W120/><G65/><T105/><D105/><U87/><E84/><AGARI ba="0,0" hai="13,14,15,24,26,77,80,84" m="25641,45673" machi="84" ten="30,3900,0" yaku="12,1,52,2" doraHai="23" who="0" fromWho="1" sc="447,39,160,-39,190,0,203,0" /><INIT seed="3,0,0,2,2,26" ten="486,121,190,203" oya="3" hai0="80,121,72,3,25,85,116,42,19,114,12,109,20" hai1="8,124,75,9,126,10,131,70,31,6,17,53,132" hai2="16,93,68,47,100,69,60,128,49,29,79,41,123" hai3="14,43,59,135,48,51,84,102,30,57,65,11,122"/><W112/><G122/><T101/><D109/><U107/><E75/><V108/><F108/><W61/><G112/><T125/><D3/><U37/><E37/><V92/><F128/><W0/><G0/><T54/><D72/><U119/><E107/><V13/><F79/><W40/><G135/><T55/><D116/><U27/><E70/><V106/><F123/><W104/><G104/><T74/><D74/><U130/><E53/><V36/><F106/><W78/><G102/><T62/><D121/><U98/><E98/><V127/><F127/><N who="1" m="48681" /><E17/><V71/><F29/><W103/><G103/><T35/><D101/><U23/><E132/><V24/><F24/><W67/><G30/><T66/><D42/><N who="3" m="15913" /><G84/><T81/><D114/><U91/><E91/><V7/><F7/><N who="3" m="3455" /><G78/><T18/><D125/><U90/><E90/><V111/><F111/><W94/><G94/><T63/><D35/><U129/><E119/><V82/><F36/><W56/><G61/><N who="0" m="23051" /><D66/><AGARI ba="0,0" hai="48,51,56,57,59,65,66,67" m="3455,15913" machi="66" ten="30,1500,0" yaku="8,1" doraHai="26" who="3" fromWho="0" sc="486,-15,121,0,190,0,203,15" /><INIT seed="3,1,0,0,1,88" ten="471,121,190,218" oya="3" hai0="122,82,37,78,45,8,26,87,116,25,59,57,85" hai1="92,39,86,9,12,4,77,46,22,15,1,6,73" hai2="108,95,75,2,13,107,42,128,67,114,0,127,31" hai3="29,74,30,64,102,96,126,65,28,61,10,66,76"/><W113/><G113/><T69/><D69/><U44/><E73/><V99/><F107/><W36/><G36/><T72/><D116/><U105/><E105/><V49/><F75/><W19/><G126/><T47/><D122/><U53/><E1/><V117/><F0/><W56/><G74/><T104/><D104/><U14/><E39/><V131/><F2/><W34/><G34/><T20/><D72/><U100/><E22/><V51/><F67/><W98/><G76/><T81/><D8/><U11/><E15/><V101/><F108/><W132/><G132/><T79/><D37/><U97/><REACH who="1" step="1"/><E53/><REACH who="1" ten="471,111,190,218" step="2"/><V55/><F13/><N who="3" m="7607" /><G102/><T120/><D120/><U38/><E38/><V43/><F101/><W91/><G98/><T52/><D20/><U40/><E40/><V3/><F43/><W68/><G68/><T125/><D125/><U112/><E112/><V130/><F42/><W16/><G65/><T17/><D52/><U115/><E115/><V41/><F41/><W71/><G66/><T5/><D5/><U111/><E111/><V33/><F3/><W48/><G71/><T94/><D17/><U89/><E89/><V93/><F114/><W83/><G16/><T7/><D7/><U133/><E133/><V103/><F127/><W23/><G23/><T84/><D84/><U109/><E109/><V123/><F123/><W80/><G96/><T90/><D90/><U21/><E21/><V134/><F55/><N who="3" m="31847" /><G91/><T124/><D124/><U110/><E110/><V106/><F106/><W27/><G27/><T63/><D26/><U24/><E24/><N who="2" m="18663" /><F134/><W32/><G32/><RYUUKYOKU ba="1,1" sc="471,-15,111,15,190,-15,218,15" hai1="4,6,9,11,12,14,44,46,77,86,92,97,100" hai3="28,29,30,61,64,80,83" /><INIT seed="3,2,1,1,5,127" ten="456,126,175,233" oya="3" hai0="19,91,49,37,14,63,96,29,41,69,89,103,47" hai1="92,81,122,88,26,54,62,129,33,30,108,107,50" hai2="76,59,15,105,31,72,20,11,9,45,102,46,70" hai3="24,109,61,67,43,13,48,99,32,84,52,12,51"/><W3/><G3/><T106/><D29/><U44/><E122/><V64/><F70/><W97/><G109/><T123/><D123/><U35/><E108/><V132/><F132/><W113/><G113/><T22/><REACH who="0" step="1"/><D37/><REACH who="0" ten="446,126,175,233" step="2"/><U5/><E107/><V27/><F31/><W133/><G133/><T66/><AGARI ba="2,2" hai="14,19,22,41,47,49,63,66,69,89,91,96,103,106" machi="66" ten="30,4000,0" yaku="1,1,2,1,0,1,53,0" doraHai="127" doraHaiUra="0" who="0" fromWho="0" sc="446,66,126,-12,175,-12,233,-22" /><INIT seed="4,0,0,0,2,29" ten="512,114,163,211" oya="0" hai0="115,120,25,55,112,77,94,26,67,20,88,98,10" hai1="1,42,39,5,50,47,28,36,124,71,49,68,21" hai2="60,2,70,48,57,102,17,9,53,73,38,134,80" hai3="128,91,113,45,82,23,85,76,43,129,72,90,83"/><T87/><D120/><U61/><E1/><V109/><F109/><W18/><G113/><N who="0" m="43595" /><D67/><U103/><E103/><V63/><F134/><W52/><G91/><T89/><D77/><U22/><E5/><V121/><F102/><W84/><G72/><T107/><D107/><U24/><E124/><V74/><F38/><W54/><G128/><T58/><D10/><U11/><E11/><V33/><F70/><W35/><G35/><T65/><D20/><U31/><E61/><V99/><F63/><W79/><G90/><T135/><D65/><U86/><E86/><V66/><F74/><W119/><G119/><T78/><D78/><U8/><E8/><V101/><F9/><W14/><REACH who="3" step="1"/><G129/><REACH who="3" ten="512,114,163,201" step="2"/><T104/><D135/><U100/><E100/><V4/><F33/><W93/><G93/><N who="0" m="54431" /><D104/><U12/><E71/><V44/><F73/><W75/><G75/><T127/><D127/><U118/><E68/><V34/><F34/><W69/><G69/><T114/><D114/><U0/><E118/><V133/><F133/><W105/><G105/><T97/><D97/><U108/><E108/><V123/><F99/><W46/><G46/><T131/><D131/><U106/><E47/><V19/><F44/><W130/><G130/><T111/><D111/><U116/><E106/><V27/><F123/><W110/><G110/><T13/><D89/><U16/><E116/><V126/><F121/><W132/><G132/><T41/><D94/><U96/><E96/><V62/><F126/><W7/><G7/><T56/><D98/><U117/><E117/><V6/><F4/><W95/><G95/><RYUUKYOKU ba="0,1" sc="512,-10,114,-10,163,-10,201,30" hai3="14,18,23,43,45,52,54,76,79,82,83,84,85" /><INIT seed="5,1,1,2,2,51" ten="502,104,153,231" oya="1" hai0="25,21,121,65,109,97,90,17,118,84,58,115,129" hai1="108,67,56,40,14,133,82,128,119,27,53,61,130" hai2="13,127,95,8,66,125,18,0,33,54,79,111,126" hai3="35,105,43,93,31,29,72,75,50,47,22,42,26"/><U99/><E119/><V15/><F111/><W16/><G105/><T122/><D109/><U60/><E108/><V44/><F33/><W36/><G31/><T101/><D115/><U88/><E133/><V120/><F120/><W12/><G43/><T19/><D129/><N who="1" m="49771" /><E40/><V106/><F106/><W131/><G131/><T28/><D118/><U55/><E14/><V100/><F66/><W116/><G116/><T76/><D76/><U102/><E27/><V70/><F70/><W24/><G36/><T124/><D124/><U32/><E32/><V117/><F117/><W10/><REACH who="3" step="1"/><G93/><REACH who="3" ten="502,104,153,221" step="2"/><N who="0" m="58543" /><D122/><U62/><E67/><V103/><F125/><W1/><G1/><T123/><D121/><U104/><E56/><V80/><F0/><W34/><G34/><T107/><D107/><U132/><E132/><V110/><F127/><W78/><G78/><T77/><D77/><U37/><E37/><V41/><F79/><W135/><G135/><T7/><D123/><U57/><E57/><V91/><F41/><W112/><G112/><T52/><D65/><U45/><E45/><V9/><F44/><W59/><G59/><T81/><D7/><U20/><E20/><V98/><F126/><W85/><G85/><AGARI ba="1,2" hai="53,55,60,61,62,82,85,88,99,102,104" m="49771" machi="85" ten="30,11600,0" yaku="19,1,52,2,54,1" doraHai="51" who="1" fromWho="3" sc="502,0,104,139,153,0,221,-119" /><INIT seed="5,2,0,2,1,69" ten="502,243,153,102" oya="1" hai0="27,6,114,51,18,99,16,125,32,19,86,124,64" hai1="92,103,109,112,96,113,118,36,61,42,48,101,29" hai2="14,82,5,83,77,47,78,17,98,121,60,46,26" hai3="37,107,94,63,76,22,110,49,80,95,59,65,0"/><U8/><E118/><V129/><F129/><W74/><G107/><T134/><D114/><N who="1" m="44139" /><E109/><V120/><F5/><W30/><G110/><T131/><D131/><U23/><E8/><V67/><F26/><W88/><G0/><T56/><D134/><U1/><E1/><V122/><F98/><W9/><G9/><T93/><D6/><U12/><E48/><V58/><F83/><W41/><G49/><T15/><D86/><U33/><E33/><V2/><F78/><W79/><G79/><T123/><D123/><U84/><E84/><V100/><F100/><W135/><G135/><T44/><D15/><U72/><E72/><V71/><F71/><W75/><G75/><T115/><D115/><U66/><E103/><V38/><F2/><W73/><G73/><T133/><D133/><U57/><E12/><V3/><F3/><W91/><G95/><T54/><D32/><U35/><E35/><V52/><F14/><W39/><G41/><T53/><D27/><N who="1" m="16639" /><E42/><V13/><F122/><W10/><G10/><T20/><D20/><U43/><E43/><V89/><F13/><W70/><G91/><T102/><D64/><U40/><E40/><V97/><F67/><W111/><G111/><T31/><D31/><U50/><E50/><V28/><F28/><W90/><G22/><T116/><D116/><U128/><E128/><V34/><F34/><W127/><G30/><T21/><D21/><U119/><E119/><V4/><F121/><W68/><G74/><T24/><D24/><U130/><E130/><V87/><F120/><W104/><G65/><T108/><D108/><RYUUKYOKU ba="2,0" sc="502,15,243,15,153,-15,102,-15" hai0="16,18,19,44,51,53,54,56,93,99,102,124,125" hai1="36,57,61,66,92,96,101" /><INIT seed="5,3,0,0,2,45" ten="517,258,138,87" oya="1" hai0="49,28,132,46,30,96,130,53,33,34,95,128,56" hai1="42,69,92,94,6,18,62,102,105,31,114,106,43" hai2="52,76,65,107,74,5,75,20,109,77,29,51,113" hai3="116,86,57,70,73,90,135,35,115,125,36,63,38"/><U110/><E6/><V59/><F107/><W68/><G86/><T119/><D119/><U4/><E4/><V50/><F109/><W2/><G90/><T66/><D132/><U22/><E31/><N who="0" m="11817" /><D95/><U17/><E62/><V103/><F103/><W23/><G23/><T1/><D1/><U89/><E22/><V120/><F75/><W79/><G79/><N who="2" m="30281" /><F74/><W131/><G57/><T80/><D96/><U14/><E14/><V93/><F93/><W112/><G63/><N who="0" m="38247" /><D80/><U71/><E114/><V117/><F117/><W47/><G47/><T122/><D122/><U81/><E89/><V8/><F65/><W12/><G38/><T99/><D99/><U58/><E58/><V84/><F84/><W60/><G60/><T104/><D104/><U129/><E129/><AGARI ba="3,0" hai="33,34,46,49,53,128,129,130" m="38247,11817" machi="129" ten="30,2000,0" yaku="19,1,52,1" doraHai="45" who="0" fromWho="1" sc="517,29,258,-29,138,0,87,0" /><INIT seed="6,0,0,3,5,94" ten="546,229,138,87" oya="2" hai0="9,122,133,67,48,15,35,47,34,25,132,28,49" hai1="91,29,51,52,33,11,101,99,134,21,0,102,62" hai2="79,42,92,128,72,115,106,69,123,89,22,108,124" hai3="64,68,30,2,43,50,75,117,4,39,77,84,31"/><V114/><F69/><W45/><G117/><T74/><D74/><U112/><E33/><V96/><F42/><W60/><G84/><T17/><D122/><U44/><E112/><N who="2" m="43051" /><F22/><W10/><REACH who="3" step="1"/><G50/><REACH who="3" ten="546,229,138,77" step="2"/><T93/><D49/><U83/><E51/><V126/><F123/><W109/><G109/><T65/><D48/><U46/><E46/><V119/><F119/><W127/><G127/><N who="2" m="48681" /><F108/><W118/><G118/><T87/><D47/><U54/><E44/><V78/><F128/><W88/><G88/><T37/><D87/><U130/><E91/><V40/><F40/><W53/><G53/><T125/><D125/><U97/><E54/><V3/><F3/><W61/><G61/><T70/><D67/><U16/><E52/><V1/><F1/><W18/><G18/><T82/><D17/><U19/><E19/><V63/><F63/><W95/><G95/><T107/><D93/><U59/><E16/><V120/><F120/><W66/><G66/><T13/><D65/><U80/><E0/><V111/><F111/><W135/><G135/><T26/><D132/><U38/><E62/><V7/><F7/><W105/><G105/><T41/><D107/><U103/><E130/><V73/><F106/><W20/><G20/><T36/><D133/><U23/><E134/><V57/><F57/><W100/><G100/><T116/><D116/><U76/><E103/><V12/><F73/><W85/><G85/><T71/><D71/><U90/><E23/><V58/><F58/><W6/><G6/><T55/><D70/><U27/><E59/><V8/><F72/><W14/><G14/><RYUUKYOKU ba="0,1" sc="546,-15,229,-15,138,15,77,15" hai2="8,12,78,79,89,92,96" hai3="2,4,10,30,31,39,43,45,60,64,68,75,77" /><INIT seed="6,1,1,1,1,118" ten="531,214,153,92" oya="2" hai0="82,38,71,36,25,120,68,67,47,86,37,134,0" hai1="19,6,116,122,106,114,121,58,109,111,10,17,43" hai2="44,93,9,16,123,99,119,15,48,80,107,91,35" hai3="72,76,129,60,54,20,78,135,103,75,74,131,29"/><V81/><F119/><W3/><G3/><T53/><D120/><N who="1" m="46187" /><E116/><V132/><F123/><W22/><G29/><T73/><D0/><N who="1" m="327" /><E114/><V87/><F132/><W125/><G135/><T102/><D73/><U126/><E126/><V95/><F107/><W104/><G54/><T115/><D134/><U33/><E33/><V41/><REACH who="2" step="1"/><F35/><REACH who="2" ten="531,214,143,92" step="2"/><W65/><G125/><T55/><D115/><U100/><E106/><V56/><F56/><W85/><G131/><T92/><D71/><U98/><E111/><V66/><F66/><W30/><G129/><T105/><D67/><U62/><E109/><V11/><F11/><W84/><G20/><T40/><D68/><U88/><E58/><V61/><F61/><W133/><G133/><T63/><D105/><U42/><E62/><V28/><F28/><W8/><G8/><T70/><D63/><U2/><E2/><V59/><F59/><W57/><G22/><T50/><D70/><U89/><E17/><V110/><F110/><W14/><G30/><T46/><D46/><U94/><E19/><V64/><F64/><W127/><G127/><T4/><D47/><U77/><E77/><V5/><F5/><W97/><G76/><T1/><D4/><U12/><E12/><V27/><F27/><W39/><G78/><T108/><D25/><U79/><E79/><V49/><F49/><W117/><G117/><T26/><D1/><U34/><E34/><V24/><F24/><W18/><G39/><T113/><D26/><U52/><E52/><V51/><F51/><W112/><G112/><T45/><D113/><U69/><E69/><RYUUKYOKU ba="1,2" sc="531,-30,214,10,143,10,92,10" hai1="42,43,88,89,94,98,100" hai2="9,15,16,41,44,48,80,81,87,91,93,95,99" hai3="14,18,57,60,65,72,74,75,84,85,97,103,104" /><INIT seed="6,2,2,3,1,95" ten="501,224,153,102" oya="2" hai0="62,118,2,124,23,24,54,82,33,106,28,126,22" hai1="79,10,78,16,27,84,19,50,30,57,83,129,91" hai2="73,135,125,34,89,115,56,65,97,41,55,37,15" hai3="59,76,77,58,40,99,13,68,96,6,92,134,133"/><V21/><F34/><W11/><G68/><T127/><D118/><U75/><E129/><V117/><F73/><W120/><G120/><T90/><D2/><U42/><E79/><N who="3" m="30282" /><G40/><T66/><D106/><U86/><E75/><V121/><F41/><W1/><G1/><T113/><D113/><U71/><E71/><V103/><F37/><W0/><G0/><T7/><D7/><U72/><E72/><V35/><F35/><W87/><G87/><N who="0" m="50551" /><D54/><N who="1" m="31959" /><E42/><V60/><F115/><W26/><G26/><T49/><D49/><U3/><E3/><V45/><F117/><W88/><G96/><T74/><D74/><U5/><E5/><V47/><F97/><W12/><G13/><T39/><D39/><U32/><E32/><V104/><F15/><W105/><G105/><T93/><D93/><U122/><E122/><V67/><F104/><W132/><AGARI ba="2,2" hai="6,11,12,58,59,88,92,99,132,133,134" m="30282" machi="132" ten="40,5200,0" yaku="20,1,52,1,54,1" doraHai="95" who="3" fromWho="3" sc="501,-15,224,-15,153,-28,102,78" /><INIT seed="7,0,0,0,5,98" ten="486,209,125,180" oya="3" hai0="79,80,94,30,122,70,16,105,64,81,48,34,41" hai1="11,67,8,15,69,124,25,36,55,63,130,0,18" hai2="66,86,72,108,115,129,93,95,114,52,102,107,126" hai3="31,49,96,77,121,60,27,82,23,90,128,6,7"/><W135/><G121/><T117/><D117/><U47/><E124/><V61/><F66/><W28/><G135/><T116/><D105/><U43/><E130/><V13/><F13/><W91/><G31/><T87/><D116/><U53/><E25/><V65/><F65/><W84/><G128/><T19/><D122/><U133/><E133/><V24/><F72/><W113/><G113/><N who="2" m="43017" /><F129/><W17/><G60/><T4/><D4/><U26/><E0/><V14/><F108/><W50/><G28/><T100/><D64/><U44/><E8/><V3/><F3/><W75/><G91/><T110/><D70/><U21/><E47/><V119/><F119/><W131/><G131/><T127/><D127/><U71/><E69/><V37/><F37/><W88/><G90/><T104/><D104/><U10/><E10/><V12/><F24/><W106/><G6/><AGARI ba="0,0" hai="6,11,15,18,21,26,36,43,44,53,55,63,67,71" machi="6" ten="30,1000,0" yaku="7,1" doraHai="98" who="1" fromWho="3" sc="486,0,209,10,125,0,180,-10" owari="486,58.0,219,2.0,125,-37.0,170,-23.0" /></mjloggm>