<mjloggm ver="2.3"><GO type="169" lobby="0"/><UN n0="%E3%83%AF%E3%83%B3%E3%83%81%E3%83%A3%E3%83%B3" n1="%61%6D%61%69%6B%61" n2="%E6%98%8E%E6%97%A5%E3%81%AE%E3%82%86%E3%81%8F%E3%81%88" n3="%E7%94%9F%E3%81%97%E3%82%89%E3%81%99" dan="16,16,17,16" rate="2118.46,2125.18,2195.09,2148.90" sx="M,M,F,M"/><TAIKYOKU oya="0"/><INIT seed="0,0,0,4,1,26" ten="250,250,250,250" oya="0" hai0="43,11,53,74,99,50,35,134,82,40,37,115,57" hai1="60,135,72,3,49,87,23,4,126,64,24,59,86" hai2="17,80,104,110,46,21,15,33,48,121,107,133,90" hai3="111,14,9,62,28,127,45,42,125,52,128,124,89"/><T81/><D115/><U71/><E72/><V51/><F121/><W113/><G113/><T109/><D35/><U0/><E126/><V29/><F110/><W116/><G116/><T132/><D109/><U122/><E135/><N who="0" m="51753" /><D99/><U13/><E122/><V92/><F80/><N who="0" m="30826" /><D74/><U118/><E118/><V112/><F112/><W78/><G111/><T101/><D101/><U97/><E13/><V8/><F33/><W91/><G78/><T56/><D11/><U114/><E114/><V19/><F48/><W94/><G128/><T58/><D37/><U18/><E97/><N who="2" m="57495" /><F104/><W54/><G91/><T66/><D66/><U22/><E22/><V12/><F107/><W102/><G102/><T73/><D73/><U123/><E123/><V2/><F2/><W100/><G100/><T6/><D6/><U20/><E20/><V120/><F120/><W31/><G62/><T16/><D16/><N who="2" m="6218" /><F8/><W96/><G9/><T30/><D30/><N who="3" m="11305" /><G14/><T106/><D106/><U63/><E0/><V129/><F129/><W27/><G27/><T41/><AGARI ba="0,0" hai="40,41,43,50,53,56,57,58" m="30826,51753" machi="41" ten="40,2100,0" yaku="20,1" doraHai="26" who="0" fromWho="0" sc="250,21,250,-7,250,-7,250,-7" /><INIT seed="0,1,0,0,2,130" ten="271,243,243,243" oya="0" hai0="48,43,93,132,53,91,47,9,133,120,122,54,74" hai1="80,117,94,0,118,19,75,123,125,8,52,71,14" hai2="82,102,34,37,135,12,38,108,27,29,10,107,92" hai3="69,70,26,109,49,2,100,87,76,36,95,103,62"/><T84/><D74/><U99/><E71/><V58/><F108/><W21/><G36/><T39/><D9/><U23/><E123/><V32/><F32/><W17/><G109/><T1/><D1/><U41/><E41/><V45/><F107/><W40/><G2/><T124/><D124/><U88/><E125/><V16/><F135/><N who="0" m="51786" /><D54/><U90/><E0/><V56/><F82/><W119/><G119/><T4/><D4/><U126/><E126/><V81/><F81/><W6/><G6/><T104/><D104/><U77/><E8/><V89/><F102/><W110/><G110/><T22/><D22/><U85/><REACH who="1" step="1"/><E52/><REACH who="1" ten="271,233,243,243" step="2"/><V131/><F131/><W30/><G40/><T60/><D60/><U31/><E31/><V121/><F121/><W97/><G30/><T3/><D3/><U11/><E11/><V79/><F45/><AGARI ba="1,1" hai="39,43,45,47,48,53,84,91,93,120,122" m="51786" machi="45" ten="30,11600,0" yaku="20,1,52,3" doraHai="130" who="0" fromWho="2" sc="271,129,233,0,243,-119,243,0" /><INIT seed="0,2,0,5,1,135" ten="400,233,124,243" oya="0" hai0="79,0,126,128,124,54,129,28,122,2,64,55,48" hai1="90,47,17,42,97,26,72,25,101,82,116,56,108" hai2="52,44,5,84,87,31,118,35,80,96,20,74,104" hai3="40,75,83,16,91,130,62,125,100,10,71,117,77"/><T127/><D122/><U105/><E116/><V43/><F118/><W7/><G117/><T14/><D28/><U133/><E133/><V3/><F35/><W119/><G119/><T121/><D121/><U88/><E108/><V23/><F74/><W102/><G130/><N who="0" m="50283" /><D64/><U49/><E56/><V51/><F84/><W94/><G40/><T115/><D115/><U78/><REACH who="1" step="1"/><E17/><REACH who="1" ten="400,223,124,243" step="2"/><V112/><F112/><W45/><G16/><T98/><D79/><U1/><E1/><N who="0" m="617" /><D14/><U99/><E99/><V132/><F132/><W37/><G71/><T113/><D113/><U27/><AGARI ba="2,1" hai="25,26,27,42,47,49,72,78,82,88,90,97,101,105" machi="27" ten="30,4000,0" yaku="1,1,0,1,54,1,53,0" doraHai="135" doraHaiUra="11" who="1" fromWho="1" sc="400,-22,223,56,124,-12,243,-12" /><INIT seed="1,0,0,0,4,35" ten="378,279,112,231" oya="1" hai0="18,122,132,113,135,16,107,69,31,102,130,103,88" hai1="96,100,0,39,129,72,75,44,120,92,9,58,41" hai2="123,78,124,133,97,38,5,91,86,14,30,99,108" hai3="68,84,36,66,119,94,10,11,117,80,101,71,60"/><U53/><E120/><V54/><F123/><W64/><G36/><T1/><D69/><U15/><E129/><V50/><F38/><W83/><G101/><T43/><D122/><U109/><E109/><V33/><F108/><W111/><G111/><T126/><D113/><U89/><E100/><V95/><F124/><W45/><G45/><T65/><D65/><U82/><E82/><V49/><F133/><W112/><G94/><T37/><D31/><U98/><E98/><V12/><F33/><W56/><G56/><T62/><D62/><U134/><E0/><V63/><F30/><W7/><G60/><T27/><D27/><U93/><E93/><V116/><F116/><W26/><G26/><T79/><D79/><U57/><E57/><N who="2" m="35255" /><F99/><W127/><G84/><T29/><D1/><U110/><E134/><V104/><F104/><W70/><G70/><T85/><D130/><U52/><E110/><V20/><F5/><W131/><G131/><T81/><D126/><U34/><E34/><V47/><F20/><W59/><G127/><T32/><D107/><U24/><E24/><V77/><F49/><W90/><G7/><T118/><D118/><U21/><E21/><V6/><F6/><W13/><G13/><N who="2" m="5225" /><F86/><W46/><G46/><N who="0" m="23919" /><D135/><U19/><REACH who="1" step="1"/><E53/><AGARI ba="0,0" hai="47,50,53,77,78,91,95,97" m="5225,35255" machi="53" ten="30,1000,0" yaku="8,1" doraHai="35" who="2" fromWho="1" sc="378,0,279,-10,112,10,231,0" /><INIT seed="2,0,0,2,5,27" ten="378,269,122,231" oya="2" hai0="43,115,132,78,121,102,49,16,46,54,97,32,120" hai1="18,79,4,34,30,41,90,12,125,63,35,85,71" hai2="135,131,100,29,95,7,128,111,51,40,14,75,99" hai3="107,36,17,130,80,114,50,134,87,81,25,62,0"/><V89/><F75/><W48/><G36/><T93/><D32/><U53/><E125/><V5/><F135/><W77/><G107/><T73/><D132/><U8/><E79/><V64/><F64/><W82/><G134/><T19/><D115/><U3/><E41/><V11/><F5/><W58/><G130/><N who="2" m="49705" /><F100/><W24/><G0/><T55/><D55/><U117/><E117/><V124/><F124/><W129/><G114/><T6/><D6/><U47/><E71/><V23/><F111/><W118/><G118/><T22/><D78/><U106/><E106/><V37/><F37/><W101/><G101/><T91/><D91/><U61/><BYE who="0" /><E47/><N who="2" m="26087" /><F23/><N who="3" m="13423" /><G129/><UN n0="%E3%83%AF%E3%83%B3%E3%83%81%E3%83%A3%E3%83%B3" /><T98/><D73/><U2/><E2/><V105/><F105/><W104/><G104/><T57/><D98/><U21/><E53/><V133/><F133/><W39/><G39/><T67/><D19/><U59/><E59/><V60/><F60/><W76/><G25/><T74/><D67/><U84/><E61/><V68/><F68/><W116/><G116/><T65/><D65/><U103/><E63/><V123/><F123/><W92/><G48/><T83/><D43/><U110/><E103/><V113/><F113/><W45/><G62/><T44/><D121/><U56/><E56/><V119/><F119/><W66/><G58/><T127/><D127/><U69/><E69/><V1/><F1/><W9/><G66/><T33/><D120/><U86/><E110/><V31/><AGARI ba="0,0" hai="7,11,14,29,31,89,95,99" m="26087,49705" machi="31" ten="30,6000,0" yaku="19,1,52,2" doraHai="27" who="2" fromWho="2" sc="378,-20,269,-20,122,60,231,-20" /><INIT seed="2,1,0,5,0,9" ten="358,249,182,211" oya="2" hai0="101,31,128,51,97,1,99,118,25,68,100,47,103" hai1="5,112,69,74,111,36,41,38,79,123,58,11,32" hai2="37,135,85,65,35,133,124,106,33,34,14,8,42" hai3="110,122,94,127,61,66,4,70,16,117,12,84,43"/><V121/><F121/><W78/><G110/><T67/><D1/><U104/><E58/><V89/><F106/><W19/><G117/><T50/><D128/><U134/><E79/><V119/><F119/><W27/><G127/><T113/><D113/><U56/><E56/><V81/><F65/><W120/><G4/><T130/><D130/><U71/><E41/><V40/><F124/><W62/><G43/><T23/><D118/><U44/><E44/><V107/><F107/><W82/><G62/><T26/><D51/><U63/><E63/><V57/><F57/><W109/><G109/><T48/><D48/><U96/><E38/><V116/><F116/><W29/><G94/><T86/><D67/><U108/><E36/><V30/><F30/><W115/><G115/><T93/><D68/><U132/><E71/><V0/><F0/><W28/><G19/><T20/><D86/><U60/><E69/><V55/><F55/><W125/><G125/><T90/><D90/><U3/><E111/><V46/><REACH who="2" step="1"/><F42/><REACH who="2" ten="358,249,172,211" step="2"/><W92/><G29/><N who="0" m="17575" /><D93/><U75/><E104/><V39/><F39/><W64/><G92/><T77/><D77/><U87/><E123/><V95/><F95/><W131/><G131/><T7/><D7/><AGARI ba="1,1" hai="7,8,14,33,34,35,37,40,46,81,85,89,133,135" machi="7" ten="40,3900,0" yaku="1,1,52,1,53,0" doraHai="9" doraHaiUra="88" who="2" fromWho="0" sc="358,-42,249,0,172,52,211,0" /><INIT seed="2,2,0,4,2,78" ten="316,249,224,211" oya="2" hai0="32,51,70,98,22,132,31,77,80,21,88,47,117" hai1="119,11,10,135,69,64,33,109,49,110,35,43,7" hai2="65,87,57,20,112,18,4,53,104,48,17,130,106" hai3="52,23,2,133,0,113,122,128,107,58,129,50,45"/><V84/><F112/><W40/><G122/><T124/><D70/><U8/><E64/><V39/><F39/><W13/><G133/><T71/><D71/><U60/><E60/><V28/><F130/><N who="3" m="50283" /><G107/><T79/><D124/><U14/><E69/><V92/><F106/><W108/><G108/><N who="1" m="41578" /><E49/><V96/><F104/><W34/><G34/><N who="1" m="12810" /><E43/><V114/><F4/><W26/><G13/><T116/><D132/><U121/><E135/><V126/><F126/><W27/><G113/><T12/><D32/><U37/><E37/><V41/><F114/><W62/><G27/><N who="0" m="16879" /><D117/><U102/><E102/><V16/><F41/><W56/><G58/><T95/><D116/><U66/><E66/><V103/><REACH who="2" step="1"/><F65/><REACH who="2" ten="316,249,214,211" step="2"/><W123/><G123/><T9/><D51/><U54/><E121/><V97/><F97/><W115/><G115/><T6/><D98/><U1/><E119/><V29/><F29/><AGARI ba="2,1" hai="0,2,23,26,29,40,45,50,52,56,62" m="50283" machi="29" ten="30,2000,0" yaku="19,1,54,1" doraHai="78" who="3" fromWho="2" sc="316,0,249,0,214,-26,211,36" /><INIT seed="3,0,0,2,0,35" ten="316,249,188,247" oya="3" hai0="126,93,31,115,23,78,106,114,24,15,64,52,7" hai1="66,25,17,22,33,100,124,95,10,77,60,9,105" hai2="18,47,85,130,63,110,120,69,27,36,91,44,113" hai3="123,72,53,79,119,111,90,125,83,121,68,80,75"/><W74/><G119/><T43/><D106/><U65/><E105/><V133/><F113/><W98/><G68/><T20/><D78/><U58/><E124/><V13/><F120/><N who="3" m="46155" /><G53/><T122/><D122/><U6/><E33/><V1/><F110/><W12/><G12/><T41/><D64/><U51/><E77/><V71/><F130/><W99/><G125/><T14/><D126/><U46/><E65/><V3/><F133/><W28/><G28/><T103/><D103/><U102/><E95/><V107/><F107/><W4/><G4/><T26/><D93/><U29/><E29/><V73/><F73/><N who="3" m="28267" /><G111/><T2/><D52/><N who="1" m="29815" /><E6/><V135/><F27/><W37/><G37/><T94/><D31/><U96/><E96/><V116/><F135/><W16/><G16/><T59/><D7/><U129/><E129/><V11/><F116/><W132/><G132/><T118/><D118/><U84/><E84/><AGARI ba="0,0" hai="75,79,80,83,84,90,98,99" m="28267,46155" machi="84" ten="30,2900,0" yaku="34,2" doraHai="35" who="3" fromWho="1" sc="316,0,249,-29,188,0,247,29" /><INIT seed="3,1,0,3,2,121" ten="316,220,188,276" oya="3" hai0="47,79,39,116,69,38,19,59,108,10,73,58,26" hai1="40,52,85,27,93,23,32,71,42,46,94,34,35" hai2="95,13,30,4,128,114,61,84,41,135,55,112,45" hai3="70,100,29,98,113,17,72,37,53,8,130,86,97"/><W99/><G113/><T101/><D19/><U28/><E71/><V5/><F128/><W106/><G72/><T83/><D26/><U129/><E129/><V109/><F135/><W89/><G130/><T68/><D101/><U117/><E117/><V18/><F30/><W127/><G37/><T43/><D116/><U91/><REACH who="1" step="1"/><E94/><REACH who="1" ten="316,210,188,276" step="2"/><V75/><F114/><W126/><G70/><T78/><D69/><U2/><E2/><V20/><F112/><W12/><G106/><T3/><D68/><U6/><E6/><V82/><F95/><W124/><G100/><T36/><D78/><U63/><E63/><V115/><F115/><W60/><G60/><T90/><D90/><U111/><E111/><V24/><F109/><W120/><G120/><T118/><D108/><U48/><AGARI ba="1,1" hai="23,27,28,32,34,35,40,42,46,48,52,85,91,93" machi="48" ten="40,5200,0" yaku="1,1,0,1,54,1,53,0" doraHai="121" doraHaiUra="123" who="1" fromWho="1" sc="316,-14,210,65,188,-14,276,-27" /><INIT seed="4,0,0,3,2,25" ten="302,275,174,249" oya="0" hai0="56,28,100,81,27,98,122,132,131,90,103,53,76" hai1="33,106,67,20,89,91,37,2,64,130,126,47,11" hai2="44,129,14,7,34,61,30,36,57,60,50,45,78" hai3="104,31,69,10,43,71,95,5,63,19,46,94,21"/><T117/><D122/><U0/><E33/><V92/><F129/><W1/><G104/><T99/><D131/><U16/><E106/><V68/><F78/><W116/><G116/><T101/><D132/><U65/><E126/><V107/><F107/><W42/><G42/><T18/><D117/><U105/><E105/><V80/><F80/><W41/><G41/><T13/><D90/><U70/><E70/><V52/><F92/><W4/><G4/><T112/><D112/><U111/><E111/><V85/><F85/><W124/><G124/><T15/><D18/><U93/><E89/><V84/><F84/><W110/><G110/><T133/><D133/><U134/><E11/><V109/><F109/><W72/><G72/><T51/><D98/><U35/><E35/><V12/><F7/><W115/><G115/><T55/><D99/><U40/><E134/><V102/><F102/><W79/><G79/><T121/><D55/><U120/><E120/><V113/><F113/><W127/><G71/><T135/><D121/><U39/><E39/><V96/><F96/><W23/><G127/><T24/><D24/><U128/><E128/><V88/><F88/><W3/><G3/><T59/><D59/><U9/><E130/><V73/><F73/><W62/><G69/><T66/><D66/><U125/><E125/><V97/><F97/><W58/><G58/><T114/><D114/><U82/><E82/><V119/><F119/><W77/><G77/><T49/><D135/><U32/><E65/><N who="2" m="40999" /><F36/><N who="3" m="21863" /><G95/><T8/><D81/><U29/><E93/><V123/><F123/><W86/><G94/><RYUUKYOKU ba="0,0" sc="302,0,275,0,174,0,249,0" /><INIT seed="5,1,0,1,3,22" ten="302,275,174,249" oya="1" hai0="108,97,101,130,53,45,43,95,4,7,28,98,117" hai1="72,48,54,35,59,82,34,124,29,120,44,112,12" hai2="100,74,92,116,11,1,107,67,102,58,49,0,75" hai3="86,8,69,80,83,133,104,14,96,65,81,26,30"/><U31/><E120/><V23/><F116/><W38/><G133/><T111/><D117/><U15/><E112/><V106/><F23/><W127/><G127/><T115/><D130/><U132/><E132/><V46/><F58/><W129/><G38/><T6/><D115/><U123/><E123/><V128/><F67/><W32/><G129/><T20/><D53/><U134/><E124/><V3/><F11/><W122/><G122/><T24/><REACH who="0" step="1"/><D97/><REACH who="0" ten="292,275,174,249" step="2"/><U78/><E134/><V76/><F128/><W16/><G96/><T79/><D79/><U99/><E99/><V41/><F92/><W55/><G55/><T50/><AGARI ba="1,1" hai="4,6,7,20,24,28,43,45,50,95,98,101,108,111" machi="50" ten="30,4000,0" yaku="1,1,0,1,52,1,53,0" doraHai="22" doraHaiUra="33" who="0" fromWho="0" sc="292,53,275,-21,174,-11,249,-11" /><INIT seed="6,0,0,5,1,123" ten="345,254,163,238" oya="2" hai0="0,42,97,43,102,40,83,130,63,67,55,90,45" hai1="134,9,80,118,32,25,2,111,6,103,74,82,27" hai2="100,79,30,127,46,114,104,132,59,58,1,31,61" hai3="84,57,7,70,87,72,120,116,77,94,68,99,69"/><V22/><F1/><W81/><G116/><T21/><D0/><U38/><E118/><V128/><F114/><W71/><G120/><T41/><D130/><U60/><E111/><V17/><F128/><W110/><G110/><T39/><D55/><U28/><E103/><V112/><F112/><W115/><G115/><T66/><D21/><U91/><E38/><V89/><F127/><W85/><N who="3" m="17408" /><DORA hai="62" /><W50/><G7/><T14/><D14/><U92/><E74/><V16/><F132/><W48/><REACH who="3" step="1"/><G57/><REACH who="3" ten="345,254,163,228" step="2"/><T54/><D45/><U49/><E6/><V24/><F46/><W11/><G11/><T122/><D122/><U12/><E9/><V65/><F79/><W8/><G8/><T33/><D39/><U107/><E134/><V119/><F119/><W53/><G53/><T109/><D54/><U37/><E2/><V93/><F58/><W23/><G23/><T131/><D109/><U126/><E126/><V18/><F30/><W36/><G36/><T98/><D41/><U108/><E37/><V47/><F47/><W5/><G5/><T129/><D42/><U35/><E108/><V95/><REACH who="2" step="1"/><F89/><AGARI ba="0,1" hai="48,50,72,77,81,84,85,87,89,94,99" m="17408" machi="89" ten="70,2300,0" yaku="1,1,53,0" doraHai="123,62" doraHaiUra="10,121" who="3" fromWho="2" sc="345,0,254,0,163,-23,228,33" /><INIT seed="7,0,0,1,0,115" ten="345,254,140,261" oya="3" hai0="51,4,73,52,80,65,13,88,104,92,74,126,102" hai1="49,79,22,18,9,76,3,48,125,6,63,100,131" hai2="117,25,132,78,109,118,8,36,54,5,68,23,12" hai3="90,99,123,37,1,43,17,119,44,7,103,135,59"/><W95/><G123/><T105/><D65/><U107/><E125/><V42/><F68/><W61/><G135/><T94/><D4/><U89/><E131/><V40/><F132/><W15/><G1/><T108/><D13/><U110/><E110/><V32/><F109/><W75/><G75/><T33/><D33/><U113/><E113/><V56/><F32/><W106/><G7/><T85/><D108/><U19/><E19/><V50/><F78/><W26/><G26/><T120/><D126/><U128/><E128/><V116/><REACH who="2" step="1"/><F36/><REACH who="2" ten="345,254,130,261" step="2"/><W66/><G37/><T21/><D120/><U11/><E79/><V47/><F47/><W70/><G70/><T77/><D77/><U98/><E76/><V86/><F86/><W122/><G122/><T28/><D85/><U84/><E84/><V39/><F39/><W35/><G35/><T112/><D74/><U64/><E98/><V69/><F69/><W20/><G44/><T38/><D38/><U124/><E124/><V62/><F62/><W0/><G61/><T127/><D73/><U41/><E63/><V46/><F46/><W121/><G121/><T114/><D127/><U87/><E87/><V101/><F101/><W97/><G103/><T57/><D102/><U134/><E100/><V30/><AGARI ba="0,1" hai="5,8,12,23,25,30,40,42,50,54,56,116,117,118" machi="30" ten="30,8000,1" yaku="1,1,0,1,52,3,53,0" doraHai="115" doraHaiUra="71" who="2" fromWho="2" sc="345,-20,254,-20,130,90,261,-40" owari="325,43.0,234,3.0,220,-28.0,221,-18.0" /></mjloggm>