<mjloggm ver="2.3"><GO type="169" lobby="0"/><UN n0="%E3%83%80%E3%83%95%E3%83%88%E3%83%91%E3%83%B3%E3%83%84" n1="%46%45%41%54%48%45%52" n2="%E3%83%A9%E3%82%B9%E3%82%8B%E3%81%8B%E3%81%AA" n3="%E3%81%8F%E3%81%BE%E3%83%A2%E3%83%B3%28%E3%82%BD%29" dan="16,17,16,16" rate="2096.52,2184.47,2147.92,2115.89" sx="M,M,M,F"/><TAIKYOKU oya="0"/><INIT seed="0,0,0,4,5,17" ten="250,250,250,250" oya="0" hai0="91,37,115,79,133,15,109,50,34,51,102,22,25" hai1="42,72,124,53,120,74,84,127,116,107,9,7,69" hai2="106,128,29,101,99,54,0,92,63,19,8,52,89" hai3="47,57,121,100,97,14,129,66,68,39,38,105,20"/><T1/><D115/><U24/><E116/><V33/><F128/><W40/><G129/><T113/><D113/><U96/><E120/><V32/><F29/><W125/><G125/><N who="1" m="48202" /><E69/><V122/><F122/><W95/><G121/><T48/><D37/><U49/><E42/><V10/><F10/><W43/><G68/><T126/><D126/><U82/><E24/><V61/><F61/><W104/><G66/><T35/><D1/><N who="1" m="239" /><E96/><V78/><F0/><W76/><G76/><T130/><D15/><U103/><E103/><V134/><F78/><W55/><G43/><T59/><D102/><U36/><E107/><V31/><F101/><W67/><G67/><T23/><D130/><U111/><E111/><V30/><F99/><W110/><G39/><T93/><D109/><U73/><E36/><V94/><F106/><W70/><G70/><T81/><D25/><U90/><E73/><V18/><F89/><W80/><G110/><T112/><D112/><U77/><E77/><V119/><F119/><W83/><G105/><T75/><D59/><AGARI ba="0,0" hai="49,53,59,72,74,82,84,90" m="239,48202" machi="59" ten="30,1000,0" yaku="18,1" doraHai="17" who="1" fromWho="0" sc="250,-10,250,10,250,0,250,0" /><INIT seed="1,0,0,5,2,107" ten="240,260,250,250" oya="1" hai0="130,109,63,49,12,50,34,105,93,86,17,16,6" hai1="126,117,131,57,44,125,115,121,106,100,104,14,2" hai2="9,123,83,65,23,4,8,84,95,21,120,27,124" hai3="97,55,10,101,26,91,72,37,41,59,88,103,113"/><U36/><E2/><V39/><F39/><W1/><G113/><T89/><D105/><N who="1" m="40555" /><E14/><V135/><F95/><W78/><G26/><T114/><D114/><U19/><E19/><V3/><F135/><W79/><G37/><T132/><D34/><U96/><E57/><V62/><F9/><W90/><G41/><T46/><D6/><U134/><E44/><V11/><F8/><W54/><G72/><T0/><D0/><U68/><E68/><V82/><F21/><W66/><G66/><T110/><D17/><U5/><E5/><V112/><F112/><W116/><G116/><T60/><D50/><U111/><E36/><V43/><F43/><W127/><G127/><N who="1" m="48650" /><E115/><V133/><F124/><W81/><G81/><T85/><D85/><U69/><E69/><V122/><F84/><W38/><G38/><T53/><D60/><U31/><E31/><V42/><F42/><W64/><G64/><T129/><D63/><U25/><E25/><V80/><F62/><W87/><G87/><T70/><D70/><U119/><E121/><V22/><F65/><W73/><G1/><T45/><D45/><U28/><E28/><V33/><F33/><W48/><G10/><T24/><D24/><U20/><E20/><N who="2" m="7723" /><F27/><W40/><G40/><T76/><D12/><U118/><E134/><V77/><F133/><W94/><G55/><T98/><D132/><U128/><E111/><N who="0" m="42505" /><D16/><U71/><E71/><V99/><F122/><W52/><G54/><T18/><D18/><U30/><E30/><V67/><F120/><W35/><G35/><T74/><D86/><U92/><AGARI ba="0,0" hai="92,96,100,117,118,119,128,131" m="48650,40555" machi="92" ten="40,12000,1" yaku="5,1,18,1,34,2" doraHai="107" who="1" fromWho="1" sc="240,-40,260,120,250,-40,250,-40" /><INIT seed="1,1,0,4,5,76" ten="200,380,210,210" oya="1" hai0="123,130,75,54,8,135,89,44,58,87,30,46,108" hai1="124,120,35,5,34,131,31,57,43,128,9,29,79" hai2="82,26,22,16,64,110,21,17,6,80,41,103,109" hai3="66,122,38,90,42,98,106,97,11,129,10,121,77"/><U12/><E43/><V94/><F6/><W112/><G66/><T14/><D123/><U81/><E57/><V118/><F118/><W65/><G65/><T96/><D130/><N who="1" m="49707" /><E120/><V133/><F133/><W45/><G129/><T0/><D0/><U83/><E124/><V39/><F64/><W104/><G112/><T114/><D135/><U15/><E79/><V23/><F41/><W102/><G77/><T18/><D114/><U2/><E2/><V50/><F50/><W72/><G72/><T55/><D75/><U134/><E134/><V33/><F39/><W92/><G106/><T71/><D71/><U85/><E85/><V48/><F48/><W74/><G74/><T125/><D96/><U4/><E29/><V101/><F33/><N who="1" m="12297" /><E31/><V37/><F37/><W3/><G11/><AGARI ba="1,0" hai="4,5,9,11,12,15,81,83" m="12297,49707" machi="11" ten="30,5800,0" yaku="19,1,52,2" doraHai="76" who="1" fromWho="3" sc="200,0,380,61,210,0,210,-61" /><INIT seed="1,2,0,3,5,19" ten="200,441,210,149" oya="1" hai0="83,13,81,63,67,31,101,70,12,96,44,93,91" hai1="10,117,39,49,74,130,48,78,7,89,114,18,95" hai2="0,116,62,3,23,45,119,40,125,90,20,61,17" hai3="33,124,14,100,98,35,75,24,112,111,46,15,115"/><U82/><E114/><N who="3" m="43562" /><G75/><T26/><D44/><U41/><E117/><V134/><F134/><W43/><G98/><T50/><D50/><U11/><E130/><V85/><F125/><W127/><G100/><T135/><D135/><U55/><E18/><V128/><F128/><W69/><G69/><T109/><D109/><U71/><E71/><V16/><F85/><W76/><G76/><T80/><REACH who="0" step="1"/><D101/><REACH who="0" ten="190,441,210,149" step="2"/><U65/><E49/><V121/><F45/><W79/><G111/><T72/><D72/><U32/><E48/><V87/><F119/><W29/><G46/><T4/><D4/><U60/><E7/><V9/><F116/><W108/><G108/><T2/><D2/><U126/><E74/><V42/><F0/><W47/><G47/><T6/><D6/><U110/><E110/><V92/><F3/><W118/><G43/><T36/><D36/><U57/><E41/><V59/><F40/><W106/><G118/><T53/><D53/><U97/><E39/><V1/><F42/><W132/><G132/><T77/><D77/><U68/><E55/><V133/><F1/><W113/><G79/><T66/><D66/><U5/><E5/><V28/><F133/><W8/><G113/><T21/><AGARI ba="2,1" hai="12,13,21,26,31,63,67,70,80,81,83,91,93,96" machi="21" ten="30,7900,0" yaku="1,1,0,1,52,1,53,1" doraHai="19" doraHaiUra="86" who="0" fromWho="0" sc="190,95,441,-41,210,-22,149,-22" /><INIT seed="2,0,0,0,0,57" ten="285,400,188,127" oya="2" hai0="28,58,97,31,3,32,41,45,75,47,22,121,131" hai1="102,19,73,54,11,103,126,95,61,59,132,46,107" hai2="48,12,91,127,20,65,114,17,99,4,8,130,67" hai3="50,39,135,129,90,77,128,96,14,68,82,5,83"/><V66/><F114/><W109/><G39/><T63/><D121/><U74/><E132/><V118/><F118/><W84/><G135/><T40/><D131/><N who="3" m="50249" /><G109/><T98/><D75/><U18/><E126/><V10/><F130/><W52/><G68/><T2/><D32/><U53/><E107/><V104/><F127/><W105/><G5/><T86/><D86/><U34/><E34/><V88/><F8/><W37/><G37/><T27/><D3/><U125/><E125/><V36/><F36/><W72/><G14/><T69/><D69/><U85/><E11/><V38/><F38/><W120/><G120/><T134/><D28/><U106/><E106/><V79/><F79/><W87/><G83/><T56/><D56/><U71/><E71/><V49/><F104/><W76/><G77/><T9/><D134/><U7/><E7/><V55/><F99/><N who="0" m="37898" /><D9/><U42/><E85/><V93/><F93/><N who="3" m="56375" /><G105/><T115/><D115/><U133/><E95/><V124/><F124/><W30/><G30/><T81/><D81/><U122/><E133/><V112/><F112/><W24/><G24/><T92/><D92/><U60/><E59/><AGARI ba="0,0" hai="50,52,59,72,76,82,84,87" m="56375,50249" machi="59" ten="30,2000,0" yaku="19,1,54,1" doraHai="57" who="3" fromWho="1" sc="285,0,400,-20,188,0,127,20" /><INIT seed="3,0,0,4,5,28" ten="285,380,188,147" oya="3" hai0="55,20,70,15,73,52,127,44,0,84,68,34,43" hai1="66,124,19,37,36,113,50,9,3,29,91,78,39" hai2="64,11,22,30,12,128,10,110,125,51,40,102,126" hai3="82,2,63,87,56,7,59,4,26,21,71,38,31"/><W111/><G111/><T97/><D73/><U53/><E113/><V108/><F64/><W1/><G38/><T120/><D120/><U48/><E124/><N who="2" m="47723" /><F102/><W93/><G71/><T107/><D127/><U106/><E106/><V133/><F40/><W27/><G2/><T131/><D0/><U54/><E78/><V24/><F51/><W92/><G1/><T89/><D131/><U47/><E66/><V104/><F104/><W42/><G42/><T121/><D121/><U75/><E75/><V79/><F79/><W25/><G59/><T96/><D107/><U45/><E29/><V112/><F112/><W99/><G7/><T58/><D34/><U80/><E3/><V129/><F133/><W114/><G4/><T122/><D122/><U100/><E100/><V77/><F77/><N who="3" m="46543" /><G114/><T81/><D70/><U117/><E117/><V57/><F57/><W74/><G74/><T8/><D20/><U33/><E33/><V69/><F69/><W118/><G118/><T18/><D68/><U62/><E62/><V32/><F32/><W116/><G116/><T14/><D14/><N who="1" m="7631" /><E37/><V61/><F61/><W41/><G41/><T105/><D105/><U76/><E76/><V13/><F13/><W17/><G31/><T134/><D134/><U72/><E72/><V35/><F35/><W83/><G83/><T67/><D67/><U103/><E103/><V101/><F101/><N who="3" m="60647" /><G93/><T6/><D6/><U85/><AGARI ba="0,0" hai="36,39,45,47,48,50,53,54,80,85,91" m="7631" machi="85" ten="30,1100,0" yaku="25,1" doraHai="28" who="1" fromWho="1" sc="285,-3,380,11,188,-3,147,-5" /><INIT seed="4,0,0,3,5,83" ten="282,391,185,142" oya="0" hai0="53,115,33,0,28,20,46,84,49,4,23,59,55" hai1="121,2,25,27,64,70,32,109,69,93,120,95,98" hai2="76,58,119,106,130,30,129,77,123,1,99,8,126" hai3="45,71,36,105,60,96,128,6,35,40,56,18,41"/><T38/><D115/><U68/><E2/><V124/><F30/><W72/><G128/><N who="2" m="49257" /><F58/><W24/><G72/><T75/><D75/><U118/><E118/><V73/><F8/><W62/><G6/><T51/><D38/><U135/><E109/><V114/><F1/><W112/><G112/><T111/><D111/><U108/><E108/><V17/><F17/><W100/><G41/><T39/><D39/><U66/><E135/><V12/><F12/><W116/><G116/><T26/><D0/><U97/><REACH who="1" step="1"/><E70/><REACH who="1" ten="282,381,185,142" step="2"/><V31/><F119/><W132/><G132/><T15/><D4/><U9/><E9/><V34/><F114/><W107/><G71/><T43/><D15/><U85/><E85/><V80/><F123/><W131/><G131/><T86/><D33/><AGARI ba="0,1" hai="25,27,32,33,64,66,68,69,93,95,97,98,120,121" machi="33" ten="25,3200,0" yaku="1,1,22,2,53,0" doraHai="83" doraHaiUra="74" who="1" fromWho="0" sc="282,-32,381,42,185,0,142,0" /><INIT seed="5,0,0,5,3,100" ten="250,423,185,142" oya="1" hai0="122,29,54,40,116,71,128,57,79,12,102,49,66" hai1="68,125,84,105,22,67,135,130,44,78,53,59,133" hai2="90,99,119,50,60,38,28,124,1,39,91,113,48" hai3="62,42,51,27,73,14,108,95,131,11,56,8,15"/><U120/><E120/><V70/><F1/><W83/><G131/><T109/><D109/><U41/><E22/><V106/><F119/><W63/><G108/><T112/><D128/><U118/><E84/><V30/><F124/><W43/><G73/><T111/><D111/><U126/><E78/><V18/><F70/><W80/><G95/><T88/><D79/><U45/><E105/><V5/><F18/><W52/><G27/><T129/><D129/><U98/><E98/><V7/><F60/><W132/><G132/><N who="1" m="50762" /><E118/><V107/><F113/><W89/><G89/><T72/><D102/><U19/><E19/><V117/><F117/><W20/><G20/><T87/><D72/><U33/><E33/><V134/><F134/><W58/><G51/><T77/><D77/><U69/><E130/><V34/><F99/><W23/><G23/><T0/><D29/><U47/><E41/><V13/><F13/><W6/><G6/><T36/><D12/><U110/><E110/><V24/><F24/><W2/><G2/><T65/><D0/><U97/><E97/><V85/><F85/><W46/><G46/><N who="0" m="23815" /><D116/><U61/><E67/><N who="0" m="25609" /><D71/><AGARI ba="0,0" hai="44,45,47,53,59,61,68,69,71,125,126" m="50762" machi="71" ten="40,7700,0" yaku="20,1,34,2" doraHai="100" who="1" fromWho="0" sc="250,-77,423,77,185,0,142,0" /><INIT seed="5,1,0,2,5,122" ten="173,500,185,142" oya="1" hai0="44,90,56,114,21,85,15,101,32,53,13,10,71" hai1="118,5,63,8,81,54,31,7,91,64,28,61,45" hai2="35,30,42,11,59,92,117,9,67,65,26,52,2" hai3="16,66,109,72,102,20,97,115,79,96,80,23,24"/><U129/><E118/><V111/><F117/><W41/><G115/><T27/><D114/><U108/><E129/><V120/><F120/><W36/><G109/><T3/><D3/><U125/><E125/><V88/><F42/><W83/><G66/><T77/><D32/><U49/><E5/><V110/><F67/><W48/><G36/><T124/><D71/><U25/><E108/><V12/><F65/><W47/><G102/><T107/><D124/><U75/><E63/><V123/><F11/><W132/><G132/><T51/><D77/><U86/><E75/><V135/><F2/><W134/><G134/><T46/><D107/><U82/><E82/><V19/><F123/><W99/><G72/><T76/><D76/><U87/><E87/><V39/><F39/><W100/><G79/><T131/><D101/><U6/><E6/><V69/><F69/><W119/><G100/><T116/><D116/><U121/><E121/><V113/><F113/><W68/><G68/><T133/><D133/><U93/><E93/><V112/><F112/><W33/><G33/><T84/><D84/><U57/><REACH who="1" step="1"/><E25/><REACH who="1" ten="173,490,185,142" step="2"/><V89/><F135/><W74/><G74/><T130/><D131/><U55/><E55/><V37/><F92/><W17/><G119/><T128/><D128/><U50/><E50/><V4/><F4/><W95/><G95/><N who="0" m="54735" /><D130/><U18/><E18/><V104/><F37/><W62/><G62/><T14/><D27/><AGARI ba="1,1" hai="16,17,20,23,24,27,41,47,48,80,83,96,97,99" machi="27" ten="40,5200,0" yaku="9,1,8,1,54,1" doraHai="122" who="3" fromWho="0" sc="173,-55,490,0,185,0,142,65" /><INIT seed="6,0,0,4,0,8" ten="118,490,185,207" oya="2" hai0="66,105,113,57,101,121,107,102,94,126,18,133,15" hai1="114,89,24,23,81,34,79,17,46,125,108,96,59" hai2="112,61,129,123,106,50,135,49,68,7,85,33,48" hai3="122,78,44,55,39,76,28,47,71,22,83,118,70"/><V97/><F123/><W69/><G118/><T2/><D2/><U74/><E108/><V100/><F112/><W111/><G111/><T14/><D121/><U119/><E119/><V99/><F129/><W134/><G122/><T87/><D113/><U19/><E125/><V92/><F85/><W65/><G65/><T16/><D126/><U103/><E114/><V56/><F33/><W36/><G134/><T27/><D133/><U110/><E110/><V26/><F26/><W31/><G22/><N who="0" m="11543" /><D107/><U4/><E4/><V54/><F135/><W91/><G91/><N who="0" m="53631" /><D105/><U117/><E117/><V35/><F35/><W132/><G132/><T93/><D93/><U67/><E34/><V5/><REACH who="2" step="1"/><F68/><REACH who="2" ten="118,490,175,207" step="2"/><W130/><G70/><T60/><D27/><U86/><E24/><V10/><F10/><AGARI ba="0,1" hai="10,15,18,57,60,66,101,102" m="53631,11543" machi="10" ten="30,7700,0" yaku="8,1,52,2,54,1" doraHai="8" who="0" fromWho="2" sc="118,87,490,0,175,-77,207,0" /><INIT seed="7,0,0,2,1,85" ten="205,490,98,207" oya="3" hai0="117,18,16,110,59,84,53,20,41,49,108,67,111" hai1="121,126,71,0,38,103,116,113,44,29,13,62,93" hai2="65,55,74,57,109,120,42,87,50,86,2,4,25" hai3="89,51,36,98,107,30,33,63,61,102,66,81,43"/><W56/><G36/><T134/><D117/><U12/><E0/><V11/><F109/><W48/><G43/><T135/><D67/><U101/><E29/><V21/><F120/><W118/><G118/><T115/><D115/><U9/><E113/><V123/><F123/><W124/><G124/><T1/><D1/><U70/><E62/><V15/><F74/><W19/><G33/><T130/><D130/><U96/><E121/><V69/><F42/><W95/><G30/><T37/><D84/><U14/><E126/><V8/><F69/><W112/><G112/><T40/><D37/><U58/><E58/><V127/><F65/><W3/><G3/><T119/><D18/><U83/><E38/><V125/><F125/><W10/><G81/><T79/><D79/><U46/><E83/><V76/><F76/><W23/><G10/><T88/><D88/><U82/><E82/><V47/><F127/><W24/><REACH who="3" step="1"/><G63/><REACH who="3" ten="205,490,98,197" step="2"/><T100/><D119/><U91/><E116/><V129/><F129/><W78/><G78/><T17/><D41/><U39/><E39/><V97/><F2/><W52/><G52/><T94/><D40/><U105/><E9/><V106/><F8/><W133/><G133/><N who="0" m="50699" /><D20/><U128/><E128/><V22/><F22/><W75/><G75/><T99/><AGARI ba="0,1" hai="16,17,49,53,59,94,99,100,108,110,111" m="50699" machi="99" ten="40,2700,0" yaku="20,1,54,1" doraHai="85" who="0" fromWho="0" sc="205,37,490,-7,98,-7,197,-13" owari="242,4.0,483,59.0,91,-41.0,184,-22.0" /></mjloggm>