<mjloggm ver="2.3"><GO type="169" lobby="0"/><UN n0="%E6%98%AF%E6%94%BF%E3%81%AE%E5%A4%95%E9%99%BD" n1="%43%6F%6D%65%64%69%61%6E" n2="%EF%BC%98%EF%BC%90%EF%BC%90%EF%BC%98" n3="%E3%81%B4%E3%81%88%E3%81%AB%E3%82%93" dan="16,16,17,16" rate="2144.12,2138.94,2184.39,2089.43" sx="M,M,M,M"/><TAIKYOKU oya="0"/><INIT seed="0,0,0,4,3,51" ten="250,250,250,250" oya="0" hai0="86,34,24,97,33,8,60,75,47,100,11,55,46" hai1="5,66,1,129,76,118,127,10,95,113,98,132,92" hai2="91,135,128,73,35,93,133,45,9,108,36,4,39" hai3="22,20,32,106,50,7,38,23,114,101,99,131,89"/><T48/><D75/><U88/><E118/><V44/><F35/><W43/><G114/><T124/><D124/><U19/><E113/><V84/><F73/><W58/><G131/><T29/><D34/><U42/><E129/><V126/><F128/><W56/><G32/><T109/><D109/><U72/><E132/><N who="2" m="50763" /><F126/><W71/><G71/><T30/><D30/><U37/><E66/><V18/><F18/><W119/><G119/><T26/><D26/><U14/><E127/><V112/><F112/><W85/><G7/><T53/><D86/><U63/><E63/><V130/><F108/><W123/><G123/><T61/><D60/><U6/><E76/><V2/><F130/><W111/><G111/><T96/><D96/><U40/><E72/><V3/><F3/><W74/><G74/><T68/><D68/><U102/><E37/><AGARI ba="0,0" hai="2,4,9,36,37,39,44,45,84,91,93" m="50763" machi="37" ten="30,1000,0" yaku="20,1" doraHai="51" who="2" fromWho="1" sc="250,0,250,-10,250,10,250,0" /><INIT seed="1,0,0,4,0,56" ten="250,240,260,250" oya="1" hai0="123,66,63,55,36,53,51,17,46,70,12,8,27" hai1="118,1,93,37,86,13,32,0,44,50,9,49,89" hai2="98,113,67,83,92,94,101,87,3,71,69,22,65" hai3="76,41,97,109,54,34,121,21,85,4,29,107,102"/><U2/><E118/><V103/><F3/><W58/><G109/><T78/><D123/><U75/><E75/><V84/><F22/><W57/><G121/><T114/><D114/><U39/><E32/><V95/><F83/><W79/><G41/><T15/><D36/><U100/><E100/><V125/><F125/><W60/><G34/><T10/><D27/><U31/><E31/><V19/><F19/><W42/><G42/><T132/><D132/><U104/><E104/><V48/><F48/><W24/><G4/><T7/><REACH who="0" step="1"/><D78/><REACH who="0" ten="240,240,260,250" step="2"/><U82/><E82/><V124/><F113/><W110/><G110/><T23/><D23/><U35/><E35/><V72/><F124/><W111/><G111/><T5/><D5/><U96/><E96/><V99/><F95/><W112/><G112/><T14/><D14/><U18/><REACH who="1" step="1"/><E50/><REACH who="1" ten="240,230,260,250" step="2"/><V81/><F81/><W116/><G116/><T127/><D127/><U134/><E134/><V128/><F72/><W62/><REACH who="3" step="1"/><G85/><REACH who="3" ten="240,230,260,240" step="2"/><T108/><D108/><U64/><E64/><AGARI ba="0,3" hai="21,24,29,54,57,58,60,62,64,76,79,97,102,107" machi="64" ten="30,12000,2" yaku="1,1,2,1,7,1,52,2,53,1" doraHai="56" doraHaiUra="20" who="3" fromWho="1" sc="240,0,230,-120,260,0,240,150" /><INIT seed="2,0,0,4,2,96" ten="240,110,260,390" oya="2" hai0="130,98,66,85,39,83,8,41,60,89,27,100,53" hai1="58,103,128,21,77,44,5,70,84,129,32,104,40" hai2="67,71,55,31,124,19,133,12,118,76,64,38,42" hai3="36,16,22,63,81,108,24,25,107,52,122,49,37"/><V45/><F118/><W74/><G122/><T123/><D130/><U62/><E32/><V47/><F124/><W126/><G126/><T48/><D123/><U73/><E70/><V68/><F31/><W91/><G108/><T69/><D8/><U94/><E5/><V79/><F133/><W93/><G107/><T14/><D14/><U15/><E73/><V23/><F71/><W65/><G25/><T29/><D41/><U117/><E117/><V131/><F131/><W56/><G81/><T132/><D132/><U106/><E77/><V72/><F72/><W51/><G51/><T115/><D39/><U7/><E128/><V80/><F68/><W88/><G91/><T46/><D115/><U1/><E1/><V20/><F79/><W120/><G74/><T109/><D109/><U97/><E84/><V50/><F80/><W92/><G92/><T35/><D46/><U112/><E112/><V127/><F76/><W111/><G111/><T59/><D48/><U13/><E13/><V28/><REACH who="2" step="1"/><F127/><REACH who="2" ten="240,110,250,390" step="2"/><W95/><G120/><T30/><D29/><U105/><E129/><V10/><F10/><W61/><G95/><T43/><D69/><U57/><E21/><V113/><F113/><W54/><G93/><T90/><D30/><U134/><E134/><V18/><F18/><W11/><G11/><T110/><D110/><U0/><E94/><V2/><F2/><W34/><G34/><T101/><D35/><U3/><E0/><V26/><AGARI ba="0,1" hai="12,19,20,23,26,28,38,42,45,47,50,55,64,67" machi="26" ten="30,3000,0" yaku="1,1,0,1,53,0" doraHai="96" doraHaiUra="86" who="2" fromWho="2" sc="240,-10,110,-10,250,40,390,-10" /><INIT seed="2,1,0,0,5,127" ten="230,100,290,380" oya="2" hai0="47,46,117,19,132,62,106,76,39,115,44,10,57" hai1="49,24,48,31,113,33,23,97,73,75,42,16,77" hai2="109,52,35,20,87,13,79,37,34,9,4,27,90" hai3="66,38,94,29,95,108,112,45,126,133,91,8,21"/><V125/><F125/><W116/><G126/><T99/><D115/><U32/><E113/><V88/><F37/><W56/><G112/><T22/><D132/><U101/><E33/><V14/><F14/><W74/><G108/><T6/><D117/><U85/><E85/><V70/><F70/><W11/><G116/><T131/><D76/><U110/><E110/><V104/><F104/><W41/><G74/><T103/><D39/><U2/><E2/><V92/><F109/><W122/><G122/><T18/><D22/><U134/><E134/><V7/><F7/><W124/><G133/><T54/><REACH who="0" step="1"/><D131/><REACH who="0" ten="220,100,290,380" step="2"/><U40/><E77/><V12/><F79/><W65/><G21/><T55/><D55/><U3/><E75/><V78/><F78/><W102/><G124/><T118/><D118/><U93/><E73/><V71/><F35/><W120/><G120/><T81/><D81/><U60/><E3/><AGARI ba="1,1" hai="3,6,10,18,19,44,46,47,54,57,62,99,103,106" machi="3" ten="40,1300,0" yaku="1,1,53,0" doraHai="127" doraHaiUra="107" who="0" fromWho="1" sc="220,26,100,-16,290,0,380,0" /><INIT seed="3,0,0,5,0,108" ten="246,84,290,380" oya="3" hai0="124,73,53,20,120,25,105,121,29,95,91,81,75" hai1="4,61,23,12,19,69,78,46,99,37,107,6,50" hai2="72,76,43,62,126,54,90,133,64,119,57,82,71" hai3="39,109,79,21,13,45,68,128,92,77,85,49,115"/><W67/><G128/><T51/><D105/><U47/><E78/><V38/><F119/><W122/><G122/><T94/><D124/><U84/><E37/><V31/><F126/><W83/><G109/><T28/><D81/><U66/><E84/><V15/><F133/><W100/><G39/><T98/><D29/><U111/><E111/><V96/><F31/><W116/><G116/><T8/><D8/><U63/><E63/><V112/><F15/><W114/><G77/><T42/><D42/><U102/><REACH who="1" step="1"/><E47/><REACH who="1" ten="246,74,290,380" step="2"/><V7/><F38/><W58/><G85/><T26/><D120/><U14/><E14/><V5/><F76/><W44/><G13/><T27/><D75/><U17/><E17/><V88/><F72/><W18/><G79/><T60/><D60/><U86/><E86/><V3/><F62/><W106/><G18/><T104/><D73/><U0/><E0/><V2/><F2/><W11/><G45/><N who="0" m="27887" /><D121/><U93/><E93/><V118/><F3/><W48/><G92/><T22/><D104/><U130/><E130/><V74/><F74/><W131/><G44/><T52/><D94/><U55/><AGARI ba="0,1" hai="4,6,12,19,23,46,50,55,61,66,69,99,102,107" machi="55" ten="20,2700,0" yaku="1,1,0,1,7,1,53,0" doraHai="108" doraHaiUra="32" who="1" fromWho="1" sc="246,-7,74,37,290,-7,380,-13" /><INIT seed="4,0,0,5,0,38" ten="239,111,283,367" oya="0" hai0="122,57,80,11,34,25,17,61,133,16,129,87,26" hai1="76,42,107,55,3,36,68,37,46,51,30,130,99" hai2="113,94,73,47,83,0,4,9,97,45,41,24,116" hai3="103,29,18,115,23,19,74,33,105,96,49,54,108"/><T2/><D122/><U111/><E111/><V20/><F113/><W43/><G108/><T66/><D129/><U110/><E110/><V124/><F124/><W52/><G74/><T93/><D133/><U132/><E132/><V81/><F116/><W14/><G115/><T86/><D34/><U135/><E135/><V70/><F70/><W15/><G33/><T127/><D127/><U82/><E3/><V53/><F53/><W123/><G29/><T78/><D2/><U39/><E130/><V95/><F47/><W85/><G85/><T40/><D40/><U58/><E30/><V64/><F64/><W6/><G6/><T84/><D86/><U125/><E125/><V56/><F56/><W72/><G72/><T10/><D11/><U71/><E99/><V131/><F95/><N who="3" m="58783" /><G123/><T98/><D84/><U27/><E27/><N who="0" m="10249" /><D10/><U118/><E107/><V134/><F73/><W89/><G105/><T22/><D22/><U59/><E82/><V104/><F104/><W120/><G89/><AGARI ba="0,0" hai="16,17,57,61,66,78,80,87,89,93,98" m="10249" machi="89" ten="30,2900,0" yaku="8,1,54,1" doraHai="38" who="0" fromWho="3" sc="239,29,111,0,283,0,367,-29" /><INIT seed="4,1,0,2,2,4" ten="268,111,283,338" oya="0" hai0="53,91,11,123,134,8,21,41,117,36,132,67,131" hai1="64,76,94,114,44,45,22,49,81,86,70,96,43" hai2="26,93,71,121,118,97,116,133,7,95,110,55,29" hai3="6,32,5,72,18,14,66,59,101,30,50,74,103"/><T124/><D117/><N who="2" m="45162" /><F110/><W98/><G103/><T122/><D124/><U119/><E119/><V31/><F121/><N who="0" m="46090" /><D131/><U100/><E114/><V15/><F71/><W127/><G127/><T51/><D41/><U113/><E113/><V38/><F38/><W63/><G74/><T79/><D36/><U130/><E130/><V128/><F128/><W99/><G72/><T126/><D126/><U60/><E45/><V111/><F31/><W135/><G135/><N who="0" m="51755" /><D79/><U115/><E115/><V52/><F111/><W77/><G77/><T57/><D21/><U16/><REACH who="1" step="1"/><E22/><REACH who="1" ten="268,101,283,338" step="2"/><N who="2" m="15575" /><F133/><W106/><G32/><T125/><D125/><U37/><E37/><V85/><F97/><W80/><G99/><T73/><D73/><U46/><E46/><V105/><F85/><W9/><G98/><T62/><D91/><U28/><E28/><V47/><F105/><W27/><G101/><T33/><D33/><U40/><E40/><V129/><F129/><W78/><G106/><T112/><D112/><U92/><E92/><V48/><F95/><W42/><G42/><T75/><D75/><U104/><E104/><V20/><F93/><W54/><G30/><T109/><D109/><U84/><E84/><V25/><F20/><N who="3" m="13719" /><G78/><T23/><D23/><U107/><E107/><V69/><F25/><W56/><G80/><T39/><D39/><U61/><E61/><V102/><F102/><W87/><G87/><T1/><D1/><U90/><E90/><V68/><F48/><W120/><G120/><T19/><D19/><AGARI ba="1,1" hai="16,19,43,44,49,60,64,70,76,81,86,94,96,100" machi="19" ten="40,2600,0" yaku="1,1,54,1,53,0" doraHai="4" doraHaiUra="24" who="1" fromWho="0" sc="268,-29,101,39,283,0,338,0" /><AGARI ba="1,0" hai="5,6,9,14,19,50,54,56,59,63,66" m="13719" machi="19" ten="30,2000,0" yaku="8,1,52,1" doraHai="4" who="3" fromWho="0" sc="239,-20,140,0,283,0,338,20" /><INIT seed="5,0,0,2,5,60" ten="219,140,283,358" oya="1" hai0="62,30,122,8,75,93,45,19,97,116,79,9,110" hai1="73,105,102,89,82,69,96,86,112,1,78,35,107" hai2="46,4,98,40,33,21,3,14,100,29,44,85,36" hai3="123,119,11,88,48,54,124,13,25,56,41,50,94"/><U66/><E1/><V90/><F46/><W131/><G123/><T5/><D116/><U72/><E35/><V7/><F3/><W10/><G119/><T113/><D122/><U24/><E24/><V61/><F33/><W120/><G120/><T133/><D133/><U109/><E66/><V6/><F61/><W106/><G106/><N who="1" m="40458" /><E69/><V37/><F37/><W71/><G71/><T67/><D45/><U117/><E117/><V127/><F29/><W68/><G68/><T63/><D63/><U101/><E112/><V55/><F55/><W16/><G124/><T27/><D113/><U70/><E70/><V32/><F32/><W80/><G131/><T34/><D19/><U87/><E109/><V103/><F127/><W83/><G25/><T20/><D110/><U15/><E15/><V38/><F38/><W52/><G10/><T91/><D34/><U76/><E96/><V51/><F98/><N who="3" m="57671" /><G41/><T64/><D62/><U47/><E47/><AGARI ba="0,0" hai="11,13,16,47,48,50,52,54,56,80,83" m="57671" machi="47" ten="30,7700,0" yaku="8,1,54,3" doraHai="60" who="3" fromWho="1" sc="219,0,140,-77,283,0,358,77" /><INIT seed="6,0,0,4,1,12" ten="219,63,283,435" oya="2" hai0="49,84,64,60,88,74,90,40,127,0,59,86,96" hai1="89,111,79,21,48,104,9,113,43,77,52,13,129" hai2="22,76,61,41,56,81,132,7,128,26,101,106,42" hai3="83,126,32,24,8,94,87,112,67,11,80,120,50"/><V91/><F132/><W98/><G120/><T35/><D74/><U53/><E111/><V5/><F128/><W114/><G126/><T68/><D35/><U30/><E104/><V1/><F91/><N who="3" m="55647" /><G67/><T46/><D0/><U71/><E71/><V131/><F131/><W107/><G50/><T75/><D75/><U103/><E103/><V121/><F121/><W122/><G122/><T66/><D127/><U28/><E113/><N who="3" m="43626" /><G107/><T73/><D73/><U135/><E135/><V70/><F70/><W29/><G80/><T17/><D96/><U69/><E69/><V19/><F101/><W78/><AGARI ba="0,0" hai="8,11,24,29,32,78,83,87" m="43626,55647" machi="78" ten="30,2000,0" yaku="15,1,11,1" doraHai="12" who="3" fromWho="3" sc="219,-5,63,-5,283,-10,435,20" /><INIT seed="7,0,0,1,4,30" ten="214,58,273,455" oya="3" hai0="36,3,1,9,94,78,20,119,55,102,88,0,61" hai1="11,64,120,89,93,44,95,19,67,75,116,106,60" hai2="35,109,123,76,34,80,108,129,69,90,71,46,125" hai3="62,130,68,74,52,47,121,17,113,122,63,83,92"/><W18/><G113/><T33/><D119/><U39/><E106/><V50/><F125/><W91/><G130/><T97/><D36/><U100/><E120/><V21/><F123/><W87/><G121/><T131/><D131/><U77/><E116/><V56/><F129/><W99/><G74/><T42/><D42/><U72/><E100/><V10/><F90/><W12/><G122/><T54/><D78/><U43/><E19/><N who="3" m="7178" /><G12/><T24/><D9/><U8/><E89/><V128/><F56/><W58/><G47/><T114/><D114/><U132/><E132/><V86/><F21/><W59/><G68/><T70/><D20/><U96/><E96/><V118/><F10/><W135/><G135/><T49/><D102/><U25/><E25/><V41/><F71/><W65/><G99/><T84/><D84/><U85/><E85/><V126/><F69/><W127/><G127/><T15/><D15/><U4/><E44/><V79/><F79/><W6/><G6/><T31/><REACH who="0" step="1"/><D49/><REACH who="0" ten="204,58,273,455" step="2"/><U51/><E51/><N who="2" m="27087" /><F128/><W115/><G115/><T66/><AGARI ba="0,1" hai="0,1,3,24,31,33,54,55,61,66,70,88,94,97" machi="66" ten="40,8000,1" yaku="1,1,0,1,52,1,54,1,53,0" doraHai="30" doraHaiUra="98" who="0" fromWho="0" sc="204,90,58,-20,273,-20,455,-40" owari="294,9.0,38,-46.0,253,-15.0,415,52.0" /></mjloggm>