<mjloggm ver="2.3"><GO type="185" lobby="0"/><UN n0="%E5%B8%AB%E5%8C%A0%2F%E9%9B%80%E9%AC%BC" n1="%E7%A9%BA%E3%81%AB%E8%8A%B1%E7%81%AB" n2="%E9%B3%B4%E3%81%8D%E3%83%80%E3%83%AB%E3%83%9E" n3="" dan="18,17,17,0" rate="2326.01,2181.73,2222.81,1500.00" sx="M,M,M,C"/><TAIKYOKU oya="0"/><INIT seed="0,0,0,1,4,113" ten="350,350,350,0" oya="0" hai0="121,115,61,82,3,47,89,34,56,60,74,94,45" hai1="119,103,53,1,98,127,41,79,36,99,123,70,43" hai2="130,131,68,117,92,46,110,73,97,104,49,39,75" hai3=""/><T42/><N who="0" m="31008" /><T118/><D115/><U32/><N who="1" m="31520" /><U134/><E32/><V40/><F110/><T122/><N who="0" m="31264" /><T65/><D34/><U0/><E70/><V81/><F104/><T66/><D3/><U93/><E134/><V111/><F68/><T106/><D106/><U48/><E127/><V120/><N who="2" m="30752" /><V37/><F111/><T102/><D118/><U62/><E119/><V72/><F81/><T135/><D135/><U57/><E79/><V90/><REACH who="2" step="1"/><F117/><REACH who="2" ten="350,350,340,0" step="2"/><T95/><D95/><U116/><E116/><V124/><F124/><T50/><D82/><U33/><E33/><V58/><F58/><T133/><D133/><U129/><E1/><V128/><AGARI ba="0,1" hai="37,39,40,46,49,72,73,75,90,92,97,128,130,131" m="30752" machi="128" ten="40,6000,1" yaku="1,1,0,1,19,1,52,1,53,0" doraHai="113" doraHaiUra="64" who="2" fromWho="2" sc="350,-40,350,-20,340,70,0,0" /><INIT seed="1,0,0,5,1,37" ten="310,330,410,0" oya="1" hai0="135,105,125,123,110,41,87,119,101,82,59,65,32" hai1="122,79,64,53,85,74,51,36,80,134,96,1,112" hai2="77,93,129,81,133,104,95,100,66,0,127,99,106" hai3=""/><U128/><E1/><V38/><F0/><T130/><N who="0" m="31520" /><T60/><D32/><U47/><N who="1" m="31264" /><U71/><E112/><V117/><F117/><T45/><D110/><U97/><E134/><V44/><F133/><T50/><D125/><U114/><E114/><V62/><F127/><T124/><D130/><U90/><E128/><V68/><F129/><T86/><D124/><U111/><E111/><V42/><REACH who="2" step="1"/><F104/><REACH who="2" ten="310,330,400,0" step="2"/><T39/><D135/><U116/><E116/><V69/><F69/><T49/><D119/><U109/><E109/><V46/><F46/><T131/><D131/><U48/><E71/><V94/><F94/><T83/><D105/><U35/><E35/><V70/><F70/><T73/><D73/><AGARI ba="0,1" hai="38,42,44,62,66,68,73,77,81,93,95,99,100,106" machi="73" ten="30,8000,1" yaku="1,1,7,1,52,1,53,2" doraHai="37" doraHaiUra="88" who="2" fromWho="0" sc="310,-80,330,0,400,90,0,0" /><INIT seed="2,0,0,3,4,65" ten="230,330,490,0" oya="2" hai0="93,75,49,81,3,123,108,47,102,120,61,113,46" hai1="91,77,83,68,40,64,2,132,53,88,133,52,96" hai2="42,101,98,38,78,51,33,50,74,57,128,45,44" hai3=""/><V107/><F33/><T119/><N who="0" m="30752" /><T66/><N who="0" m="31520" /><T103/><D3/><U85/><E2/><V86/><F74/><T112/><D119/><U125/><E125/><V67/><F128/><T116/><D116/><U129/><E129/><V124/><F124/><T70/><D108/><U106/><E40/><V117/><F117/><T79/><D47/><U130/><E130/><V59/><F67/><T87/><D75/><U109/><E109/><V104/><F104/><T71/><D71/><U34/><E34/><V105/><F105/><T56/><D56/><U84/><E106/><V134/><F134/><N who="1" m="51817" /><E96/><V72/><F38/><T54/><REACH who="0" step="1"/><D93/><REACH who="0" ten="220,330,490,0" step="2"/><U35/><E35/><V1/><F1/><T48/><D48/><U115/><E68/><V100/><F107/><T127/><D127/><U41/><E115/><AGARI ba="0,1" hai="46,49,54,61,66,70,79,81,87,102,103,112,113,115" m="31520,30752" machi="115" ten="40,16000,3" yaku="1,1,11,1,52,3,53,3" doraHai="65" doraHaiUra="111" who="0" fromWho="1" sc="220,170,330,-160,490,0,0,0" /><INIT seed="4,0,0,0,1,86" ten="390,170,490,0" oya="0" hai0="87,126,70,92,39,107,121,73,33,48,34,36,133" hai1="134,49,40,75,46,53,55,132,110,128,47,119,104" hai2="102,111,54,103,44,58,56,41,114,52,109,59,99" hai3=""/><T91/><N who="0" m="31008" /><T94/><D107/><U112/><E104/><V42/><F114/><T76/><D70/><U64/><E75/><V129/><F129/><T60/><D126/><U79/><E79/><V93/><F102/><T85/><D133/><U125/><E128/><V43/><REACH who="2" step="1"/><F44/><REACH who="2" ten="390,170,480,0" step="2"/><T120/><N who="0" m="30752" /><T32/><D60/><U0/><E112/><V61/><F61/><T118/><D118/><U96/><E119/><V106/><F106/><T67/><D48/><U124/><E0/><V3/><F3/><T38/><D67/><U116/><E116/><V1/><F1/><T66/><D66/><U113/><E113/><V122/><N who="2" m="31264" /><V117/><F117/><T69/><D69/><U37/><E64/><V57/><N who="2" m="14336" /><DORA hai="65" /><V77/><F77/><T78/><D73/><U68/><E68/><V88/><F88/><AGARI ba="0,1" hai="32,33,34,36,38,39,76,78,85,87,88,91,92,94" m="30752,31008" machi="88" ten="50,18000,2" yaku="9,1,52,4,54,1" doraHai="86,65" who="0" fromWho="2" sc="390,190,170,0,480,-180,0,0" /><INIT seed="4,1,0,4,5,39" ten="580,170,300,0" oya="0" hai0="76,2,72,135,55,65,75,114,80,100,112,54,115" hai1="125,35,82,116,56,119,68,70,74,102,37,51,58" hai2="32,98,38,83,84,108,34,110,79,52,123,99,63" hai3=""/><T3/><D135/><U77/><E35/><V130/><N who="2" m="31520" /><V122/><N who="2" m="31264" /><V96/><F130/><T61/><D100/><U66/><E125/><V40/><F32/><T129/><D72/><U120/><N who="1" m="30752" /><U85/><E37/><V46/><REACH who="2" step="1"/><F34/><REACH who="2" ten="580,170,290,0" step="2"/><T131/><D129/><U124/><E124/><V41/><F41/><T128/><D131/><U43/><E119/><V134/><F134/><T59/><D128/><U111/><E116/><V105/><F105/><T36/><D36/><U95/><E111/><V94/><F94/><T50/><REACH who="0" step="1"/><D55/><REACH who="0" ten="570,170,290,0" step="2"/><U53/><E53/><V44/><F44/><AGARI ba="1,2" hai="2,3,44,50,54,59,61,65,75,76,80,112,114,115" machi="44" ten="40,12000,1" yaku="1,1,2,1,15,1,53,1" doraHai="39" doraHaiUra="78" who="0" fromWho="2" sc="570,142,170,0,290,-122,0,0" /><INIT seed="4,2,0,4,3,91" ten="712,170,168,0" oya="0" hai0="51,46,70,132,72,73,45,109,54,71,58,65,38" hai1="111,102,135,56,116,85,63,93,84,120,92,39,96" hai2="41,88,103,82,117,127,113,61,128,80,37,89,43" hai3=""/><T64/><D132/><U48/><N who="1" m="30752" /><U100/><E111/><V130/><F113/><T3/><D3/><U50/><E116/><V79/><F117/><T90/><D109/><U78/><E39/><V87/><F127/><T133/><D133/><U69/><E135/><V105/><F61/><T49/><D90/><U52/><E78/><V57/><F57/><T86/><D86/><N who="1" m="33387" /><E69/><N who="0" m="26121" /><D73/><U36/><E36/><V101/><F37/><T125/><D72/><U1/><E1/><V129/><F105/><T121/><N who="0" m="31008" /><T35/><D35/><U123/><N who="1" m="31520" /><U55/><E55/><V59/><F59/><T40/><D125/><U47/><E47/><V98/><F87/><T34/><D34/><U119/><E119/><V77/><F129/><T74/><D74/><U107/><E107/><V95/><REACH who="2" step="1"/><F98/><AGARI ba="2,0" hai="48,50,52,56,63,92,93,96,98,100,102" m="31520,33387,30752" machi="98" ten="30,12000,2" yaku="8,1,52,4,54,1" doraHai="91" who="1" fromWho="2" sc="712,0,170,124,168,-124,0,0" /><INIT seed="5,0,0,5,4,69" ten="712,294,44,0" oya="1" hai0="37,135,97,57,87,68,122,82,67,53,84,65,129" hai1="70,40,99,109,116,120,55,76,106,108,49,77,131" hai2="35,32,45,119,86,36,58,81,110,73,71,56,101" hai3=""/><U133/><N who="1" m="30752" /><U52/><E116/><V117/><F110/><N who="1" m="42601" /><E70/><V41/><F71/><T95/><N who="0" m="31264" /><T127/><D37/><U44/><E133/><V100/><F73/><T107/><D127/><U103/><E131/><V105/><F117/><T62/><D107/><U102/><E102/><V98/><F101/><T92/><D135/><U3/><E3/><V66/><F119/><T130/><D84/><U114/><E114/><V134/><F134/><T112/><D95/><U60/><E60/><V91/><REACH who="2" step="1"/><F66/><REACH who="2" ten="712,294,34,0" step="2"/><T104/><D112/><U59/><E59/><AGARI ba="0,1" hai="32,35,36,41,45,56,58,59,81,86,91,98,100,105" machi="59" ten="40,8000,1" yaku="1,1,2,1,52,1,53,1" doraHai="69" doraHaiUra="85" who="2" fromWho="1" sc="712,0,294,-80,34,90,0,0" /><INIT seed="6,0,0,2,3,61" ten="712,214,124,0" oya="2" hai0="74,54,124,71,112,62,109,44,59,48,45,127,56" hai1="108,95,51,94,75,67,128,47,32,76,1,131,85" hai2="38,77,70,42,117,46,88,97,130,120,132,63,110" hai3=""/><V114/><N who="2" m="30752" /><V91/><F117/><T49/><D109/><U134/><E1/><V123/><N who="2" m="31520" /><V58/><F110/><T96/><D112/><U116/><E108/><V82/><F114/><T98/><D74/><U69/><E116/><V129/><F132/><T73/><D73/><U60/><E32/><V2/><F70/><T100/><D71/><U133/><E75/><V126/><F2/><T105/><D96/><U122/><N who="1" m="31264" /><U43/><E76/><V40/><F40/><T83/><D83/><U92/><E85/><V50/><F38/><T103/><D103/><U111/><REACH who="1" step="1"/><E111/><REACH who="1" ten="712,204,124,0" step="2"/><V37/><F126/><N who="0" m="48170" /><D62/><U33/><E33/><V102/><F37/><T0/><D0/><U64/><E64/><V34/><F34/><T68/><D68/><U84/><E84/><V115/><F115/><T87/><D87/><U135/><AGARI ba="0,1" hai="43,47,51,60,67,69,92,94,95,128,131,133,134,135" m="31264" machi="135" ten="40,6000,1" yaku="1,1,0,1,20,1,52,2,53,0" doraHai="61" doraHaiUra="107" who="1" fromWho="1" sc="712,-20,204,70,124,-40,0,0" owari="692,65.0,274,-13.0,84,-52.0,0,0.0" /></mjloggm>