<mjloggm ver="2.3"><GO type="169" lobby="0"/><UN n0="%E3%81%86%E3%81%91%E3%81%AA%E3%81%8C%E3%81%97%E3%81%BE%E3%81%9B%E3%82%93" n1="%E6%98%AF%E6%94%BF%E3%81%AE%E5%A4%95%E9%99%BD" n2="%E6%B5%81%E3%82%8C%E3%81%AF%E3%81%82%E3%82%8A%E3%81%BE%E3%81%99%EF%BC%81" n3="%EF%BC%98%EF%BC%90%EF%BC%90%EF%BC%98" dan="16,16,17,17" rate="2120.56,2140.07,2187.38,2183.96" sx="F,M,M,M"/><TAIKYOKU oya="0"/><INIT seed="0,0,0,0,5,11" ten="250,250,250,250" oya="0" hai0="95,35,99,10,3,66,107,6,1,86,13,38,132" hai1="63,81,89,123,27,87,9,126,69,67,21,57,78" hai2="135,41,34,4,48,23,19,118,131,108,84,56,73" hai3="119,52,46,32,94,106,128,127,15,25,53,70,79"/><T93/><D132/><U97/><E123/><V74/><F34/><W122/><G106/><T26/><D38/><U7/><E126/><V42/><F135/><W98/><G70/><T20/><D66/><U77/><E69/><V2/><F2/><W17/><G119/><T104/><D104/><U59/><E59/><V22/><F4/><W0/><G0/><T116/><D116/><U49/><E49/><V65/><F23/><W105/><G105/><T91/><D107/><U90/><E89/><V40/><F131/><W134/><G134/><T110/><D35/><U129/><E97/><V75/><F108/><W96/><G122/><T113/><D113/><U101/><E101/><V14/><F118/><W43/><G127/><T117/><D110/><U76/><E129/><V30/><F30/><W121/><G79/><T51/><D51/><U83/><E81/><V60/><REACH who="2" step="1"/><F84/><REACH who="2" ten="250,250,240,250" step="2"/><W16/><G128/><T115/><D117/><U64/><E64/><V133/><F133/><W88/><G121/><T124/><D115/><U82/><E7/><V100/><F100/><W61/><G32/><T37/><D124/><U112/><E112/><V28/><F28/><W120/><G120/><T5/><D6/><U47/><E9/><V29/><F29/><W130/><G130/><T72/><D72/><U55/><E87/><V12/><F12/><W45/><G25/><T68/><D3/><U92/><E27/><V24/><F24/><W111/><G15/><T58/><D1/><U39/><E21/><V18/><F18/><W31/><G111/><T8/><D26/><U102/><E102/><RYUUKYOKU ba="0,1" sc="250,-10,250,-10,240,30,250,-10" hai2="14,19,22,40,41,42,48,56,60,65,73,74,75" /><INIT seed="1,1,1,2,0,55" ten="240,240,270,240" oya="1" hai0="71,118,3,99,78,112,130,119,108,61,18,45,37" hai1="121,56,51,42,59,16,44,53,60,43,83,57,88" hai2="74,98,81,102,4,76,41,13,129,24,2,101,94" hai3="9,82,116,49,96,135,127,63,110,133,32,120,28"/><U84/><E121/><V95/><F2/><W67/><G120/><T17/><D112/><U58/><REACH who="1" step="1"/><E16/><REACH who="1" ten="240,230,270,240" step="2"/><V22/><F129/><W124/><G124/><T50/><D18/><U8/><E8/><V65/><F24/><W52/><G9/><T35/><D17/><U0/><E0/><V27/><F27/><W46/><G127/><T12/><D3/><U113/><E113/><V31/><F4/><W39/><G116/><T132/><D130/><U69/><E69/><V62/><F13/><W5/><G5/><T105/><D71/><U100/><E100/><V73/><F102/><W79/><G133/><T21/><D12/><U6/><E6/><V33/><F101/><W40/><G135/><T90/><D132/><U123/><E123/><V10/><F10/><W66/><G28/><T7/><D7/><U106/><E106/><V25/><F25/><W64/><G32/><T115/><D105/><U109/><E109/><V85/><F31/><W54/><G110/><T117/><D35/><U70/><E70/><V87/><F33/><W77/><G96/><T75/><D108/><U103/><E103/><V86/><F98/><W26/><G26/><T23/><D119/><U92/><E92/><V38/><F95/><W131/><G131/><T107/><D107/><U72/><E72/><V47/><F73/><W114/><G114/><T29/><D115/><U20/><E20/><V125/><F94/><W30/><G30/><T80/><D118/><U1/><E1/><V126/><F22/><W11/><G11/><T36/><D117/><U134/><E134/><V89/><F89/><RYUUKYOKU ba="1,2" sc="240,-15,230,15,270,15,240,-15" hai1="42,43,44,51,53,56,57,58,59,60,83,84,88" hai2="38,41,47,62,65,74,76,81,85,86,87,125,126" /><INIT seed="1,2,2,2,0,71" ten="225,245,285,225" oya="1" hai0="25,116,51,52,4,41,100,30,103,117,135,79,8" hai1="33,14,6,56,27,29,15,49,50,48,102,17,38" hai2="122,80,1,63,53,16,18,78,64,107,90,88,93" hai3="124,112,94,44,22,99,106,91,55,70,118,105,77"/><U61/><E38/><V113/><F122/><W84/><G70/><T126/><D126/><U39/><E39/><V92/><F107/><W109/><G112/><T32/><D41/><U75/><E75/><V115/><F1/><W86/><G124/><T132/><D79/><U58/><E56/><V9/><F53/><W121/><G121/><T131/><D131/><U74/><E74/><V54/><F54/><W45/><G109/><T81/><D81/><U89/><E6/><V69/><F93/><W67/><G67/><T0/><D103/><U123/><E123/><V5/><F5/><W57/><G118/><T133/><REACH who="0" step="1"/><D100/><REACH who="0" ten="215,245,285,225" step="2"/><U26/><E102/><V37/><F115/><W21/><G77/><T3/><D3/><U34/><E89/><V76/><F90/><W7/><G105/><T72/><D72/><U125/><E125/><V127/><F113/><W85/><G106/><T66/><D66/><U114/><E114/><V65/><F65/><W46/><REACH who="3" step="1"/><G7/><REACH who="3" ten="215,245,285,215" step="2"/><T40/><D40/><U130/><E130/><V119/><F78/><W10/><G10/><T98/><D98/><U28/><REACH who="1" step="1"/><E17/><REACH who="1" ten="215,235,285,215" step="2"/><V111/><F16/><W47/><N who="3" m="11264" /><DORA hai="60" /><W11/><G11/><T73/><D73/><U83/><E83/><V101/><F18/><W23/><G23/><T110/><D110/><U31/><E31/><V20/><F111/><W19/><G19/><T104/><D104/><U36/><E36/><V12/><F37/><W120/><G120/><T108/><D108/><U134/><E134/><V97/><F20/><W95/><G95/><T42/><D42/><U2/><E2/><RYUUKYOKU ba="2,5" sc="215,10,235,10,285,-30,215,10" hai0="0,4,8,25,30,32,51,52,116,117,132,133,135" hai1="14,15,26,27,28,29,33,34,48,49,50,58,61" hai3="21,22,55,57,84,85,86,91,94,99" /><INIT seed="1,3,5,3,5,30" ten="225,245,255,225" oya="1" hai0="92,29,132,62,110,2,86,124,125,106,105,121,0" hai1="6,26,107,40,115,36,135,95,34,85,12,118,4" hai2="88,44,57,117,77,32,13,16,70,130,17,55,46" hai3="19,22,96,43,99,128,50,64,122,91,25,97,31"/><U67/><E107/><N who="0" m="40969" /><D121/><U28/><E115/><V48/><F117/><W113/><G122/><T51/><D29/><U72/><E72/><V61/><F130/><W112/><G128/><T75/><D75/><U53/><E118/><V126/><F126/><N who="0" m="48746" /><D110/><U131/><E131/><V24/><F77/><W49/><G64/><T84/><D62/><U116/><E116/><V20/><F32/><W123/><G123/><T8/><D132/><U33/><E135/><V65/><REACH who="2" step="1"/><F88/><REACH who="2" ten="225,245,245,225" step="2"/><W93/><G112/><T66/><D86/><U100/><E34/><V42/><F42/><W41/><G113/><T89/><D66/><U47/><E67/><V45/><F45/><N who="3" m="25775" /><G31/><T9/><D51/><U78/><E53/><V60/><F60/><W109/><G109/><T38/><D38/><U68/><E85/><V1/><F1/><AGARI ba="3,6" hai="0,1,2,8,9,84,89,92" m="48746,40969" machi="1" ten="40,1300,0" yaku="18,1" doraHai="30" who="0" fromWho="2" sc="225,82,245,0,245,-22,225,0" /><INIT seed="2,0,0,0,1,54" ten="307,245,223,225" oya="2" hai0="80,82,110,21,45,71,122,36,90,52,56,22,58" hai1="98,113,63,24,84,87,9,97,117,25,128,95,34" hai2="135,65,14,55,91,8,78,49,57,69,5,105,96" hai3="75,41,43,51,38,6,23,119,40,30,47,125,83"/><V115/><F115/><W64/><G119/><T28/><D71/><U85/><E117/><V59/><F135/><W46/><G125/><T94/><D122/><U66/><E128/><V101/><F78/><W74/><G64/><T108/><D36/><U131/><E131/><V19/><F91/><W106/><G106/><T103/><D103/><U31/><E113/><V111/><F111/><W70/><G70/><T29/><D45/><U13/><E25/><V104/><F69/><W118/><G118/><T121/><D121/><U76/><E76/><V99/><F99/><W123/><G6/><T60/><D58/><U26/><E26/><V124/><F124/><W127/><G123/><T129/><D129/><U44/><E44/><V86/><F86/><W116/><G116/><T68/><D68/><U39/><E39/><V10/><F105/><W114/><G114/><T61/><D60/><U37/><E37/><V48/><F65/><W1/><G1/><T35/><D35/><U12/><E12/><V15/><REACH who="2" step="1"/><F59/><REACH who="2" ten="307,245,213,225" step="2"/><W126/><G43/><T18/><D110/><U107/><E107/><V67/><F67/><W50/><G38/><T72/><D108/><U130/><E130/><V109/><F109/><W17/><G127/><T3/><D56/><U133/><E133/><V132/><F132/><W27/><G126/><T93/><D90/><U73/><E73/><V62/><AGARI ba="0,1" hai="5,8,10,14,15,19,48,49,55,57,62,96,101,104" machi="62" ten="20,7800,0" yaku="1,1,0,1,7,1,52,1,53,0" doraHai="54" doraHaiUra="81" who="2" fromWho="2" sc="307,-26,245,-26,213,88,225,-26" /><INIT seed="2,1,0,5,2,22" ten="281,219,301,199" oya="2" hai0="57,73,98,60,125,132,83,87,111,102,123,79,109" hai1="52,21,95,86,6,15,51,2,16,54,62,89,37" hai2="76,14,94,38,19,90,63,29,32,13,20,70,46" hai3="66,84,96,78,11,8,47,28,68,133,101,117,7"/><V43/><F76/><W100/><G117/><T88/><D123/><U33/><E37/><V82/><F82/><W40/><G133/><T106/><D132/><U129/><E129/><V114/><F114/><W12/><G28/><T56/><D125/><U42/><E33/><V41/><F41/><W65/><G68/><T9/><D9/><U3/><E6/><V36/><F36/><W81/><G11/><T130/><D130/><U92/><E42/><V121/><F121/><W103/><REACH who="3" step="1"/><G96/><REACH who="3" ten="281,219,301,189" step="2"/><T30/><D30/><U23/><E23/><V69/><F69/><W10/><G10/><T115/><D115/><U64/><E92/><V74/><F94/><W48/><AGARI ba="1,1" hai="7,8,12,40,47,48,65,66,78,81,84,100,101,103" machi="48" ten="30,8000,1" yaku="1,1,0,1,25,2,8,1,53,0" doraHai="22" doraHaiUra="128" who="3" fromWho="3" sc="281,-21,219,-21,301,-41,189,93" /><INIT seed="3,0,0,1,2,69" ten="260,198,260,282" oya="3" hai0="107,47,36,82,125,13,31,121,4,127,53,22,6" hai1="64,54,58,124,80,129,23,8,18,106,100,128,135" hai2="30,3,88,67,24,113,61,5,85,95,120,111,92" hai3="122,76,86,93,96,90,37,46,108,42,118,66,132"/><W75/><G118/><T15/><D107/><U79/><E124/><N who="0" m="47689" /><D53/><U10/><E64/><V25/><F111/><W12/><G122/><T104/><D104/><U14/><E135/><V77/><F113/><W9/><G132/><T62/><D62/><U21/><E100/><V39/><F120/><W50/><G66/><T130/><D82/><U2/><E106/><V52/><F77/><W103/><G108/><T131/><D121/><U43/><E43/><V97/><F3/><W109/><G109/><T81/><D81/><U32/><E32/><V51/><F5/><N who="0" m="2154" /><D47/><U0/><E10/><V40/><F40/><W112/><G112/><T1/><D36/><U78/><E78/><V83/><F39/><W7/><G75/><T11/><D1/><U117/><E117/><V119/><F119/><W94/><REACH who="3" step="1"/><G76/><REACH who="3" ten="260,198,260,272" step="2"/><T87/><D131/><N who="1" m="50251" /><E2/><V38/><F67/><W68/><G68/><T63/><D130/><U84/><E0/><V116/><F116/><W73/><G73/><T110/><D110/><U33/><E33/><V101/><F83/><W134/><G134/><T27/><D11/><U114/><E114/><V19/><F95/><W71/><G71/><T99/><D22/><U89/><E79/><V65/><F92/><W59/><G59/><T126/><D126/><U70/><E70/><V29/><F65/><W91/><G91/><T56/><D56/><U102/><E102/><V44/><F88/><W74/><G74/><T45/><D45/><U26/><E26/><V41/><F25/><W115/><G115/><T17/><D27/><U72/><E72/><V16/><F24/><RYUUKYOKU ba="0,1" sc="260,-15,198,15,260,-15,272,15" hai1="8,14,18,21,23,54,58,80,84,89" hai3="7,9,12,37,42,46,50,86,90,93,94,96,103" /><INIT seed="3,1,1,0,3,4" ten="245,213,245,287" oya="3" hai0="100,128,113,8,131,51,110,107,120,21,98,33,24" hai1="45,40,9,82,123,64,129,36,117,1,31,6,104" hai2="46,22,121,44,15,25,93,2,72,86,59,16,30" hai3="17,95,10,67,14,60,34,50,78,73,126,127,133"/><W134/><G34/><T89/><D120/><U70/><E123/><V92/><F72/><W12/><G95/><T41/><D113/><U81/><E129/><V52/><F2/><W26/><G26/><T99/><D33/><U55/><E117/><V49/><F121/><W66/><G50/><T122/><D122/><U43/><E43/><V109/><F109/><W88/><G88/><T103/><D89/><U27/><E104/><V85/><F93/><W94/><G94/><T79/><D79/><U29/><E31/><V19/><F19/><W23/><G73/><T56/><D110/><U7/><E7/><V102/><F85/><W0/><G78/><T35/><D35/><U119/><E119/><V124/><F124/><N who="3" m="47659" /><G0/><T53/><D99/><U132/><E55/><V3/><F3/><W118/><G118/><T42/><D103/><U84/><E81/><V91/><F102/><W130/><G130/><T28/><D131/><U5/><E5/><V105/><REACH who="2" step="1"/><F105/><REACH who="2" ten="245,213,235,287" step="2"/><W77/><G77/><T112/><D128/><U61/><E84/><V57/><F57/><N who="3" m="37135" /><G67/><T80/><D80/><U32/><REACH who="1" step="1"/><E82/><REACH who="1" ten="245,203,235,287" step="2"/><V97/><F97/><W18/><AGARI ba="1,3" hai="10,12,14,17,18,23,133,134" m="37135,47659" machi="18" ten="30,3000,0" yaku="18,1,52,1" doraHai="4" who="3" fromWho="3" sc="245,-11,203,-11,235,-11,287,63" /><INIT seed="3,2,0,2,5,118" ten="234,192,224,350" oya="3" hai0="88,106,29,80,15,126,75,115,129,36,6,121,89" hai1="84,41,102,49,100,107,79,116,64,7,4,35,45" hai2="105,92,101,23,77,112,111,114,65,39,28,73,47" hai3="21,61,98,46,54,58,83,134,3,67,99,72,51"/><W91/><G134/><T120/><D36/><U9/><E35/><V0/><F23/><W5/><G3/><T44/><D29/><U71/><E116/><V24/><F92/><W43/><G5/><T19/><D6/><U85/><E107/><V10/><F65/><W52/><G72/><T26/><D106/><U66/><E7/><V12/><F0/><W57/><G21/><T62/><D26/><U109/><E109/><V31/><F101/><W53/><REACH who="3" step="1"/><G58/><REACH who="3" ten="234,192,224,340" step="2"/><T48/><D75/><U27/><E4/><V132/><F73/><W63/><G63/><T32/><D62/><U34/><E71/><V56/><F56/><W60/><G60/><T119/><D32/><U20/><E34/><V131/><F132/><W13/><G13/><T16/><D15/><U22/><E20/><V68/><F12/><W95/><G95/><T74/><D74/><U59/><E59/><V90/><F68/><W55/><N who="3" m="13312" /><DORA hai="2" /><W76/><G76/><T25/><D119/><U50/><E79/><V40/><F77/><W103/><G103/><T104/><D104/><U123/><E100/><V17/><F105/><W127/><G127/><T133/><D126/><U42/><E102/><V86/><F24/><W81/><G81/><T38/><D80/><U110/><E22/><V135/><F135/><W108/><G108/><T18/><D25/><U124/><E27/><V37/><F31/><W117/><G117/><T14/><D133/><U30/><E110/><V113/><F28/><W78/><G78/><T1/><D14/><U130/><E30/><V96/><F111/><W97/><G97/><RYUUKYOKU ba="2,1" sc="234,-10,192,-10,224,-10,340,30" hai3="43,46,51,57,61,67,83,91,98,99" /><INIT seed="3,3,1,2,0,18" ten="224,182,214,370" oya="3" hai0="41,129,40,132,46,21,126,121,42,9,20,104,72" hai1="58,16,37,90,100,112,111,110,86,11,70,7,14" hai2="69,67,71,127,113,30,89,105,49,15,116,28,24" hai3="10,134,98,97,99,84,95,60,96,74,35,63,4"/><W125/><G74/><T93/><D121/><U59/><E70/><V44/><F113/><W54/><G35/><T76/><D104/><U115/><E37/><V102/><F116/><W130/><G134/><T120/><D120/><U85/><E100/><V17/><F127/><W23/><G125/><T62/><D126/><U56/><E7/><V57/><F28/><W52/><G84/><T3/><D129/><U65/><E65/><V0/><F0/><W124/><G130/><T2/><D62/><U109/><REACH who="1" step="1"/><E86/><REACH who="1" ten="224,172,214,370" step="2"/><V106/><F67/><W22/><G124/><T117/><D117/><U128/><E128/><V122/><F102/><N who="3" m="60703" /><G63/><T5/><D132/><U25/><E25/><V80/><F24/><W119/><G119/><T55/><D2/><U8/><E8/><V47/><F69/><W131/><G131/><T88/><D72/><U83/><AGARI ba="3,2" hai="11,14,16,56,58,59,83,85,90,109,110,111,112,115" machi="83" ten="40,8000,1" yaku="1,1,0,1,14,1,54,1,53,0" doraHai="18" doraHaiUra="101" who="1" fromWho="1" sc="224,-23,172,109,214,-23,370,-43" /><INIT seed="4,0,0,4,1,42" ten="201,281,191,327" oya="0" hai0="125,12,60,19,43,116,10,47,110,134,17,112,66" hai1="53,131,84,54,104,26,22,67,93,119,49,24,98" hai2="107,64,87,44,126,90,124,21,78,3,20,100,63" hai3="114,58,130,69,15,127,101,79,68,13,97,37,7"/><T48/><D116/><U5/><E131/><V106/><F3/><W115/><G37/><T23/><D112/><N who="3" m="43049" /><G79/><T80/><D134/><U86/><E104/><V135/><F78/><W72/><G72/><T32/><D32/><U76/><E76/><V85/><F100/><W51/><G127/><T132/><D132/><U29/><E67/><V41/><F135/><W59/><G59/><T61/><D125/><N who="2" m="48234" /><F85/><W55/><G130/><T34/><D34/><U133/><E119/><V91/><F107/><W4/><G15/><T65/><D80/><U108/><E108/><V52/><F91/><W96/><G96/><T83/><D83/><U103/><E133/><V71/><F106/><N who="3" m="63791" /><G13/><N who="0" m="9711" /><D110/><U14/><E26/><V8/><F8/><W99/><G99/><T40/><D40/><U75/><E54/><V111/><F111/><W89/><G89/><T45/><D45/><N who="1" m="27823" /><E75/><V88/><F90/><W109/><G109/><T77/><D77/><U27/><E27/><V50/><F41/><W31/><G31/><T94/><D94/><AGARI ba="0,0" hai="20,21,44,50,52,63,64,71,87,88,94" m="48234" machi="94" ten="30,7700,0" yaku="18,1,52,1,54,2" doraHai="42" who="2" fromWho="0" sc="201,-77,281,0,191,77,327,0" /><INIT seed="5,0,0,0,4,105" ten="124,281,268,327" oya="1" hai0="40,22,1,93,43,14,49,44,79,38,88,37,89" hai1="101,56,13,74,8,103,91,2,18,53,78,99,0" hai2="24,77,83,68,106,85,64,69,104,65,25,6,100" hai3="58,131,45,90,26,15,111,39,4,117,36,72,127"/><U17/><E103/><V92/><F6/><W80/><G111/><T118/><D118/><U27/><E91/><V67/><F106/><W66/><G127/><T120/><D1/><U76/><E76/><V59/><F104/><W134/><G134/><T30/><D120/><U132/><E132/><V115/><F115/><W48/><G131/><T62/><D89/><U133/><E133/><V54/><F69/><W60/><G26/><T94/><D30/><U55/><E53/><V32/><F68/><W10/><G117/><T114/><D94/><U126/><E126/><V86/><F32/><W7/><G7/><T16/><D114/><U110/><E27/><V29/><F29/><W63/><G63/><T125/><D125/><U113/><E18/><V87/><F100/><W9/><G9/><T11/><D79/><U96/><E110/><V5/><F5/><W3/><G3/><T41/><D62/><U33/><E33/><V19/><F92/><W97/><G97/><T31/><D31/><U71/><E99/><V42/><F42/><W119/><G119/><T130/><D130/><U84/><E71/><V121/><F121/><W52/><REACH who="3" step="1"/><G90/><REACH who="3" ten="124,281,268,317" step="2"/><T123/><D123/><U108/><E108/><V50/><F25/><W51/><G51/><T109/><D109/><U128/><E128/><V47/><F47/><W73/><G73/><T81/><D11/><U70/><E74/><V35/><F35/><W21/><G21/><AGARI ba="0,1" hai="19,21,24,50,54,59,64,65,67,77,83,85,86,87" machi="21" ten="40,1300,0" yaku="8,1" doraHai="105" who="2" fromWho="3" sc="124,0,281,0,268,23,317,-13" /><INIT seed="6,0,0,3,1,27" ten="124,281,291,304" oya="2" hai0="130,94,42,21,117,28,122,82,49,55,113,116,63" hai1="110,60,32,65,54,50,134,3,89,16,33,127,74" hai2="95,97,120,43,39,73,81,6,59,10,128,100,98" hai3="36,99,126,29,44,53,9,90,0,52,71,41,69"/><V38/><F120/><W84/><G126/><T68/><D122/><U7/><E110/><V121/><F121/><W96/><G29/><T103/><D113/><U40/><E74/><V133/><F133/><W108/><G108/><T83/><D130/><U24/><E40/><V45/><F128/><W66/><G99/><T47/><D68/><U109/><E109/><V86/><F73/><W135/><G135/><T101/><D63/><U1/><E134/><V85/><F59/><W58/><G96/><T56/><D94/><U92/><E7/><V102/><F39/><W4/><G66/><T25/><D83/><U91/><E33/><V76/><F86/><W119/><G119/><T17/><D82/><U111/><E89/><V87/><F87/><W51/><REACH who="3" step="1"/><G53/><REACH who="3" ten="124,281,291,294" step="2"/><T125/><D125/><U5/><E65/><V23/><F98/><W72/><G72/><T114/><D114/><U123/><E127/><V14/><REACH who="2" step="1"/><F23/><REACH who="2" ten="124,281,281,294" step="2"/><W93/><AGARI ba="0,2" hai="0,4,9,36,41,44,51,52,58,69,71,84,90,93" machi="93" ten="20,5200,0" yaku="1,1,0,1,7,1,54,1,53,0" doraHai="27" doraHaiUra="107" who="3" fromWho="3" sc="124,-13,281,-13,281,-26,294,72" /><INIT seed="7,0,0,2,0,2" ten="111,268,255,366" oya="3" hai0="35,103,99,64,92,57,47,113,14,126,34,27,54" hai1="134,65,135,31,10,121,12,36,109,100,20,119,94" hai2="5,114,84,17,19,67,112,111,52,118,86,101,68" hai3="46,117,62,18,48,93,96,43,79,127,60,122,110"/><W87/><G127/><T116/><D116/><U56/><E36/><V108/><F118/><W82/><G122/><T45/><D35/><U89/><E100/><V3/><F101/><W124/><G124/><T128/><D34/><U115/><E109/><V66/><F68/><W51/><G110/><T22/><D128/><U50/><E121/><V106/><F52/><W39/><G39/><T25/><D126/><U0/><E0/><V102/><F102/><N who="3" m="60687" /><G117/><T132/><D132/><N who="1" m="50731" /><E115/><V91/><F3/><W9/><G51/><T88/><D113/><U90/><E94/><V44/><F44/><W107/><G107/><T74/><D74/><U33/><E33/><V42/><F91/><W83/><G83/><T77/><D77/><U71/><E71/><V59/><F59/><W53/><G53/><T73/><D73/><U6/><E119/><V129/><F129/><W95/><G95/><T85/><D64/><U13/><E50/><V21/><F42/><W69/><G69/><T24/><D57/><U72/><E72/><V133/><F133/><W105/><G105/><T37/><D37/><U1/><E89/><V15/><F106/><W76/><G76/><T123/><D123/><U49/><E90/><V11/><F111/><W61/><G48/><T97/><D54/><N who="1" m="31823" /><E65/><N who="2" m="24587" /><F108/><W78/><G78/><T70/><D70/><U81/><E81/><V40/><F114/><W32/><G82/><T23/><D99/><U28/><E28/><V16/><F112/><W29/><G29/><T80/><REACH who="0" step="1"/><D23/><REACH who="0" ten="101,268,255,366" step="2"/><U8/><E8/><V130/><F130/><W75/><G32/><T120/><D120/><RYUUKYOKU ba="0,1" sc="101,15,268,15,255,-15,366,-15" hai0="14,22,24,25,27,45,47,80,85,88,92,97,103" hai1="1,6,10,12,13,20,31" owari="116,-38.0,283,8.0,240,-16.0,361,46.0" /></mjloggm>