<mjloggm ver="2.3"><GO type="169" lobby="0"/><UN n0="%E5%B1%B1%E6%9C%AC%E6%83%A3%E4%B8%80%E6%9C%97" n1="%E3%81%BB%E3%82%80%E3%82%89" n2="%E3%82%88%E3%82%8D%E3%81%97%E3%81%8F%E3%81%A7%E3%81%99%E2%99%AA" n3="%E3%81%8D%E3%82%83%E3%83%BC%E3%82%8D%E3%82%93" dan="17,16,17,16" rate="2135.38,2037.57,2175.50,2137.81" sx="M,F,F,M"/><TAIKYOKU oya="0"/><INIT seed="0,0,0,0,1,120" ten="250,250,250,250" oya="0" hai0="29,88,116,50,63,22,36,54,60,80,98,42,61" hai1="96,5,2,27,9,49,45,123,13,73,74,122,84" hai2="6,99,0,90,114,46,4,79,40,67,21,41,119" hai3="111,101,89,34,66,62,26,18,128,23,11,126,14"/><T7/><D116/><U117/><E117/><V131/><F114/><W28/><G126/><T86/><D7/><U72/><E96/><V31/><F131/><W3/><G128/><T107/><D36/><U24/><E84/><V38/><F119/><W70/><G89/><T58/><D42/><U39/><E39/><V78/><F41/><W17/><G101/><T76/><D107/><U59/><E59/><V32/><F32/><W8/><G18/><T25/><REACH who="0" step="1"/><D98/><REACH who="0" ten="240,250,250,250" step="2"/><U130/><E5/><V129/><F6/><N who="3" m="1119" /><G11/><T12/><D12/><U51/><E13/><V102/><F4/><W93/><G93/><T104/><D104/><U95/><E95/><V77/><F99/><W16/><G17/><T33/><D33/><U85/><E9/><V1/><F40/><W113/><G113/><T124/><D124/><U65/><E122/><V135/><F38/><W43/><G43/><T64/><D64/><U82/><E65/><V125/><F67/><W57/><G70/><T56/><D56/><U68/><E68/><V97/><F97/><W106/><G106/><T132/><D132/><U105/><E105/><V109/><F125/><W81/><G81/><T44/><D44/><U19/><E45/><V92/><F135/><W112/><G112/><T30/><D30/><U20/><E19/><V115/><F31/><W108/><AGARI ba="0,1" hai="14,16,23,26,28,34,57,62,66,108,111" m="1119" machi="108" ten="30,7900,0" yaku="24,1,52,2,54,1" doraHai="120" who="3" fromWho="3" sc="240,-39,250,-20,250,-20,250,89" /><INIT seed="1,0,0,5,5,110" ten="201,230,230,339" oya="1" hai0="123,42,118,44,81,117,55,122,106,54,95,74,96" hai1="19,21,13,48,49,104,88,11,59,85,69,126,26" hai2="128,78,28,121,83,65,115,32,50,82,80,102,131" hai3="120,2,5,16,57,79,18,64,127,91,135,107,56"/><U45/><E69/><V34/><F121/><N who="0" m="46090" /><D106/><U94/><E104/><V12/><F115/><W70/><G120/><T0/><D0/><U97/><E126/><V134/><F134/><W53/><G107/><T76/><D117/><U109/><E109/><V89/><F102/><W84/><G79/><T41/><D118/><U37/><E37/><V22/><F78/><W61/><G135/><T125/><D125/><U38/><E38/><V40/><F65/><W71/><G71/><T66/><D66/><U15/><E59/><V58/><F89/><W108/><G108/><T99/><D42/><U67/><E67/><V77/><F77/><W17/><G127/><T63/><D63/><U47/><E85/><V72/><F72/><W62/><G5/><T39/><D96/><U116/><E116/><V101/><F40/><W43/><G43/><T105/><D105/><U132/><E132/><V36/><F36/><W129/><G70/><T86/><D74/><U29/><REACH who="1" step="1"/><E15/><REACH who="1" ten="201,220,230,339" step="2"/><V20/><F12/><W133/><G133/><T100/><AGARI ba="0,1" hai="39,41,44,54,55,76,81,86,95,99,100" m="46090" machi="100" ten="30,1100,0" yaku="13,1" doraHai="110" who="0" fromWho="0" sc="201,21,220,-5,230,-3,339,-3" /><INIT seed="2,0,0,3,4,76" ten="222,215,227,336" oya="2" hai0="43,93,24,70,52,13,80,4,59,75,14,44,63" hai1="30,112,124,67,56,83,25,123,55,129,57,105,126" hai2="103,122,23,18,95,6,135,61,79,58,36,127,116" hai3="74,114,99,96,22,9,8,87,118,40,72,106,48"/><V68/><F116/><W39/><G118/><T53/><D70/><U69/><E112/><V50/><F122/><W102/><G39/><T34/><D93/><U109/><E123/><V29/><F36/><W90/><G96/><T62/><D34/><U37/><E105/><V27/><F127/><N who="1" m="48681" /><E37/><V89/><F135/><W66/><G66/><T17/><D4/><U110/><E129/><V47/><F68/><W7/><G9/><T98/><D98/><U10/><E10/><V128/><F128/><W100/><G100/><T111/><D111/><N who="1" m="42507" /><E83/><V125/><F125/><W85/><G114/><T97/><D97/><U131/><E131/><V104/><F6/><W28/><G8/><T130/><D130/><U41/><E41/><V42/><F104/><W65/><G7/><T35/><D80/><U60/><E55/><V71/><F103/><W86/><G65/><T78/><D52/><U11/><E11/><V32/><F95/><W19/><G40/><T2/><D53/><U115/><E115/><V119/><F119/><W120/><G120/><T82/><D43/><U121/><E121/><V117/><F117/><W134/><G106/><T51/><D82/><U1/><E1/><V81/><F42/><W49/><G74/><T38/><D2/><U5/><E5/><V101/><F81/><N who="3" m="49455" /><G72/><T0/><D75/><U3/><E3/><V12/><F79/><W46/><G134/><T84/><D0/><U45/><E45/><V108/><F108/><W20/><G46/><T92/><D44/><U54/><E54/><V33/><F47/><W15/><G102/><T31/><D38/><RYUUKYOKU ba="0,0" sc="222,-10,215,30,227,-10,336,-10" hai1="25,30,56,57,60,67,69" /><INIT seed="3,1,0,4,3,85" ten="212,245,217,326" oya="3" hai0="55,135,131,53,56,6,105,10,19,102,84,95,123" hai1="114,94,88,12,93,18,51,99,43,130,11,9,118" hai2="58,42,70,14,28,124,103,71,89,78,23,122,31" hai3="0,104,63,66,3,41,98,129,8,37,15,128,60"/><W80/><G80/><T108/><D123/><U96/><E114/><V50/><F124/><W39/><G104/><T4/><D108/><U20/><E130/><N who="3" m="50282" /><G98/><T74/><D74/><U54/><E43/><V107/><F122/><W13/><G41/><T49/><D135/><U73/><E73/><V30/><F78/><W125/><G125/><T24/><D105/><U65/><E65/><V101/><F107/><W116/><G116/><T110/><D110/><U72/><E72/><V81/><F70/><N who="3" m="42311" /><G63/><T17/><D131/><U34/><E34/><V7/><F71/><W35/><G35/><T38/><D38/><N who="3" m="14345" /><G15/><N who="0" m="7415" /><D55/><U86/><E99/><V109/><F109/><W132/><G132/><T67/><D67/><U45/><E118/><V83/><F42/><W52/><G52/><T92/><D102/><AGARI ba="1,0" hai="9,11,12,18,20,45,51,54,86,88,93,94,96,102" machi="102" ten="30,7700,0" yaku="7,1,8,1,52,1,54,1" doraHai="85" who="1" fromWho="0" sc="212,-80,245,80,217,0,326,0" /><INIT seed="4,0,0,4,3,84" ten="132,325,217,326" oya="0" hai0="18,104,119,22,118,112,55,2,79,116,133,82,94" hai1="92,117,50,108,37,10,74,96,27,111,47,81,16" hai2="39,36,90,70,41,14,34,53,85,60,29,61,89" hai3="31,25,98,5,93,69,99,121,23,102,132,45,32"/><T0/><D112/><U19/><E37/><V64/><F14/><W91/><G69/><T75/><D104/><U106/><E106/><V107/><F107/><W17/><G132/><T125/><D125/><U9/><E117/><V46/><F39/><W77/><G121/><T51/><D133/><U120/><E120/><V103/><F103/><W72/><G5/><T134/><D134/><U109/><E81/><V8/><F8/><W4/><G4/><T95/><D95/><U131/><E131/><V129/><F129/><W76/><G45/><T113/><D94/><U15/><E74/><V6/><F6/><W20/><G32/><T71/><D71/><U97/><E97/><V124/><F124/><W66/><G66/><T123/><D113/><U88/><E27/><V1/><F1/><W30/><G72/><T115/><D115/><U44/><E50/><V49/><F61/><W24/><G17/><T67/><D67/><U57/><E57/><N who="2" m="32943" /><F85/><W135/><G135/><T127/><D127/><U65/><E65/><V58/><F58/><W11/><G11/><T56/><REACH who="0" step="1"/><D123/><REACH who="0" ten="122,325,217,326" step="2"/><U86/><E96/><V101/><F101/><W38/><G93/><T80/><D80/><U28/><E28/><V68/><F70/><W59/><G31/><T7/><D7/><U33/><E33/><V122/><F122/><W3/><G30/><T114/><D114/><U105/><E105/><V100/><F100/><W48/><G102/><T130/><D130/><U126/><E126/><V21/><F34/><W83/><G83/><T62/><D62/><U110/><E110/><V43/><F60/><RYUUKYOKU ba="0,1" sc="122,15,325,15,217,-15,326,-15" hai0="0,2,18,22,51,55,56,75,79,82,116,118,119" hai1="9,10,15,16,19,44,47,86,88,92,108,109,111" /><INIT seed="4,1,1,0,2,134" ten="137,340,202,311" oya="0" hai0="20,46,99,51,88,135,87,58,120,92,9,102,73" hai1="119,42,47,0,116,25,81,70,124,5,18,80,113" hai2="105,107,98,68,76,90,7,35,12,50,130,56,49" hai3="83,86,67,71,26,11,48,31,30,52,94,84,131"/><T132/><D120/><U77/><E70/><V39/><F68/><W38/><G131/><T21/><D73/><U129/><E129/><V3/><F3/><W127/><G38/><T61/><D9/><U91/><E113/><V97/><F39/><W6/><G127/><T64/><D135/><U125/><E91/><V62/><F35/><W79/><G94/><T63/><D63/><U104/><E104/><V14/><F76/><W57/><G86/><T109/><D109/><U36/><E80/><V10/><F130/><W111/><G111/><T112/><D112/><U108/><E108/><V53/><F107/><W34/><G31/><T40/><REACH who="0" step="1"/><D132/><REACH who="0" ten="127,340,202,311" step="2"/><U101/><E116/><V82/><F62/><W72/><G72/><T37/><D37/><U66/><E119/><V44/><F10/><W60/><G11/><T65/><D65/><U123/><E66/><V115/><F115/><W89/><REACH who="3" step="1"/><G6/><REACH who="3" ten="127,340,202,301" step="2"/><T13/><D13/><U126/><E5/><V17/><F7/><W59/><G59/><T33/><D33/><U74/><E0/><V100/><F12/><W27/><G27/><T96/><D96/><U133/><E133/><V103/><F97/><W29/><G29/><T22/><D22/><N who="1" m="13527" /><E123/><V24/><F24/><W54/><G54/><T118/><D118/><U93/><E126/><V75/><F75/><W16/><G16/><T114/><D114/><U69/><E69/><V32/><F32/><W106/><G106/><AGARI ba="1,3" hai="20,21,40,46,51,58,61,64,87,88,92,99,102,106" machi="106" ten="30,11600,0" yaku="1,1,7,1,54,1,53,1" doraHai="134" doraHaiUra="95" who="0" fromWho="3" sc="127,149,340,0,202,0,301,-119" /><INIT seed="4,2,0,3,3,99" ten="276,340,202,182" oya="0" hai0="53,112,8,110,60,30,65,35,94,45,64,62,20" hai1="114,58,28,31,119,37,125,23,47,25,57,122,91" hai2="56,66,40,77,13,97,21,88,29,78,85,39,0" hai3="118,107,5,59,82,126,33,48,96,19,115,76,86"/><T15/><D112/><U124/><E114/><V22/><F0/><W26/><G115/><T80/><D110/><U133/><E119/><V55/><F66/><W113/><G113/><T71/><D35/><U7/><E133/><V120/><F120/><W4/><G118/><T63/><D80/><U2/><E91/><V134/><F134/><W128/><G128/><T17/><D94/><U44/><E28/><V74/><F74/><W92/><G126/><N who="1" m="48746" /><E122/><V10/><F97/><W42/><G33/><T109/><D109/><U1/><E44/><V51/><F40/><W98/><G98/><T11/><D30/><U116/><E116/><V12/><F39/><W106/><G106/><T84/><D84/><U93/><E93/><N who="2" m="54415" /><F22/><N who="3" m="13663" /><G107/><T61/><REACH who="0" step="1"/><D65/><REACH who="0" ten="266,340,202,182" step="2"/><U121/><E121/><V101/><F29/><W68/><G92/><T100/><D100/><U3/><E31/><V102/><F78/><W32/><G32/><T54/><D54/><U9/><E2/><V111/><F77/><W43/><G96/><T46/><D46/><U38/><E1/><V108/><F111/><W34/><G34/><T83/><D83/><U123/><E123/><V69/><F108/><W81/><G81/><T50/><AGARI ba="2,1" hai="8,11,15,17,20,45,50,53,60,61,62,63,64,71" machi="50" ten="30,3000,0" yaku="1,1,0,1,53,0" doraHai="99" doraHaiUra="95" who="0" fromWho="0" sc="266,46,340,-12,202,-12,182,-12" /><INIT seed="4,3,0,3,2,116" ten="312,328,190,170" oya="0" hai0="47,49,41,61,123,70,38,55,81,96,130,52,102" hai1="89,12,100,120,101,117,87,26,83,106,127,23,31" hai2="0,56,90,111,128,50,21,72,11,10,17,88,64" hai3="135,58,33,85,113,13,27,54,35,7,5,91,19"/><T110/><D130/><U108/><E108/><V43/><F111/><W28/><G113/><T124/><D110/><U42/><E117/><V126/><F72/><W22/><G135/><T103/><D124/><U67/><E127/><V119/><F126/><W48/><REACH who="3" step="1"/><G33/><REACH who="3" ten="312,328,190,160" step="2"/><T59/><D81/><AGARI ba="3,1" hai="5,7,13,19,22,27,28,35,48,54,58,81,85,91" machi="81" ten="30,7700,0" yaku="1,1,2,1,7,1,53,1" doraHai="116" doraHaiUra="16" who="3" fromWho="0" sc="312,-86,328,0,190,0,160,96" /><INIT seed="5,0,0,4,3,39" ten="226,328,190,256" oya="1" hai0="80,132,129,105,100,38,107,135,79,91,59,45,15" hai1="104,112,50,72,61,89,117,49,82,98,62,81,125" hai2="115,10,8,64,4,99,58,41,90,1,88,85,53" hai3="46,60,110,29,32,124,128,22,106,30,63,20,96"/><U93/><E117/><V94/><F115/><W67/><G110/><T28/><D129/><U35/><E35/><V83/><F64/><W97/><G124/><T114/><D114/><U126/><E112/><V37/><F10/><W116/><G46/><T24/><D91/><U18/><E104/><V51/><F37/><W13/><G13/><T102/><D59/><U95/><E18/><V121/><F121/><W75/><G32/><T2/><D2/><U113/><E113/><V118/><F118/><W47/><G47/><T17/><D105/><U131/><E131/><V73/><F73/><W127/><G106/><T55/><D107/><U70/><E70/><V26/><REACH who="2" step="1"/><F26/><REACH who="2" ten="226,328,180,256" step="2"/><W71/><G116/><T66/><D66/><U119/><E72/><V7/><F7/><W57/><G67/><T87/><D24/><U43/><E119/><V27/><F27/><W74/><G128/><T5/><D5/><U84/><E125/><V76/><F76/><W16/><G127/><T25/><D25/><U123/><E126/><V14/><F14/><W133/><G71/><T78/><D78/><U134/><E123/><V11/><F11/><W3/><G3/><T21/><D28/><U52/><E81/><V40/><AGARI ba="0,1" hai="1,4,8,40,41,51,53,58,83,85,88,90,94,99" machi="40" ten="30,8000,1" yaku="1,1,0,1,52,2,54,1,53,0" doraHai="39" doraHaiUra="31" who="2" fromWho="2" sc="226,-20,328,-40,180,90,256,-20" /><INIT seed="6,0,0,4,0,77" ten="206,288,270,236" oya="2" hai0="128,2,85,51,118,60,89,54,42,50,15,121,24" hai1="113,120,135,8,57,127,112,100,131,84,103,48,3" hai2="49,63,11,130,99,29,33,68,104,14,119,26,62" hai3="31,71,81,107,79,17,75,115,55,72,133,117,98"/><V124/><F119/><W108/><G71/><T70/><D2/><U23/><E120/><V90/><F124/><W32/><G32/><T44/><D121/><U16/><E127/><V74/><F130/><W20/><G31/><T47/><D128/><U28/><E28/><V105/><F74/><W46/><G108/><T83/><D118/><U123/><E135/><V43/><F43/><W35/><G35/><T134/><D134/><U25/><E123/><V21/><F49/><W58/><G117/><T78/><D24/><U41/><E84/><V64/><F63/><W69/><G69/><T82/><D15/><U93/><E93/><V106/><F21/><W61/><G46/><T39/><D70/><U37/><E37/><V66/><F66/><W97/><G75/><T109/><D109/><U53/><E41/><V19/><REACH who="2" step="1"/><F90/><REACH who="2" ten="206,288,260,236" step="2"/><W114/><G133/><T86/><REACH who="0" step="1"/><D60/><REACH who="0" ten="196,288,260,236" step="2"/><N who="1" m="35887" /><E131/><V4/><F4/><W126/><G126/><T76/><D76/><U132/><E132/><V125/><F125/><W45/><G79/><T73/><D73/><U52/><E112/><V92/><F92/><W12/><G72/><T88/><D88/><U30/><E113/><V5/><F5/><W94/><G94/><T80/><D80/><U0/><E103/><AGARI ba="0,2" hai="11,14,19,26,29,33,62,64,68,99,103,104,105,106" machi="103" ten="40,7700,0" yaku="1,1,25,2,53,0" doraHai="77" doraHaiUra="87" who="2" fromWho="1" sc="196,0,288,-77,260,97,236,0" /><INIT seed="6,1,0,1,5,35" ten="196,211,357,236" oya="2" hai0="68,135,87,78,23,109,129,115,131,133,51,20,16" hai1="102,86,122,27,46,85,61,75,128,104,108,96,43" hai2="74,91,99,38,92,15,84,17,100,28,56,69,22" hai3="5,93,45,81,63,26,36,90,7,97,25,40,124"/><V12/><F69/><W66/><G124/><T117/><D109/><U52/><E108/><V55/><F38/><W73/><G73/><T64/><D115/><U47/><E128/><N who="0" m="49225" /><D117/><U29/><E75/><V2/><F74/><W6/><REACH who="3" step="1"/><G81/><REACH who="3" ten="196,211,357,226" step="2"/><N who="0" m="47543" /><D51/><U18/><E122/><V59/><F28/><W53/><G53/><T113/><D113/><U101/><E29/><V21/><F55/><W33/><G33/><T103/><D103/><U0/><E102/><V67/><F100/><W111/><G111/><T110/><D110/><U83/><E101/><V24/><F67/><W49/><G49/><T105/><D105/><U9/><E104/><V32/><F32/><W4/><N who="3" m="1024" /><DORA hai="119" /><W89/><G89/><T37/><D37/><U76/><E52/><V60/><F91/><W11/><G11/><T77/><D77/><U82/><E9/><V39/><F39/><W48/><G48/><T34/><D34/><U57/><E76/><V120/><F92/><W106/><G106/><T121/><D121/><U112/><E112/><V3/><F120/><W54/><G54/><T118/><D118/><U72/><E82/><V114/><F114/><W70/><AGARI ba="1,1" hai="25,26,36,40,45,63,66,70,90,93,97" m="1024" machi="70" ten="40,2700,0" yaku="1,1,0,1,53,0" doraHai="35,119" doraHaiUra="127,134" who="3" fromWho="3" sc="196,-8,211,-8,357,-14,226,40" /><INIT seed="7,0,0,3,5,14" ten="188,203,343,266" oya="3" hai0="9,119,51,62,11,28,120,15,18,49,78,110,55" hai1="45,102,73,94,114,36,12,96,43,135,40,95,65" hai2="56,35,98,23,19,48,60,21,97,67,42,68,24" hai3="29,47,50,8,88,20,70,87,93,118,133,37,85"/><W90/><G118/><T30/><D110/><U31/><E114/><V6/><F35/><W89/><G133/><T38/><D38/><U54/><E135/><V131/><F131/><W86/><G70/><T13/><D119/><U4/><E73/><V44/><F6/><W101/><G37/><T83/><D120/><U103/><E65/><V53/><F23/><W22/><G101/><T126/><D126/><U92/><E40/><V122/><F122/><W52/><G8/><T81/><D62/><AGARI ba="0,0" hai="19,21,24,42,44,48,53,56,60,62,67,68,97,98" machi="62" ten="30,2000,0" yaku="7,1,52,1" doraHai="14" who="2" fromWho="0" sc="188,-20,203,0,343,20,266,0" owari="168,-33.0,203,-20.0,363,46.0,266,7.0" /></mjloggm>