<mjloggm ver="2.3"><GO type="169" lobby="0"/><UN n0="%E3%81%9F%E3%81%84%E3%81%9B" n1="%52%61%69%61%6E%2E" n2="%E7%8F%BE%E5%A0%B4%E3%81%AD%E3%81%93" n3="%E3%82%82%E3%81%93%E3%81%BF" dan="17,16,16,17" rate="2168.18,2113.74,2073.96,2224.08" sx="F,M,M,M"/><TAIKYOKU oya="0"/><INIT seed="0,0,0,4,0,25" ten="250,250,250,250" oya="0" hai0="21,89,79,125,5,96,35,50,33,131,101,34,72" hai1="100,107,116,106,86,85,102,61,47,135,30,91,62" hai2="120,122,46,76,81,12,73,48,126,16,22,130,66" hai3="77,4,105,88,123,68,84,39,71,43,54,17,121"/><T94/><D131/><U90/><E47/><V64/><F130/><W18/><G105/><T58/><D125/><U27/><E27/><V115/><F115/><W11/><G77/><T93/><D5/><U114/><E135/><V20/><F126/><W31/><G39/><T98/><D72/><U113/><REACH who="1" step="1"/><E116/><REACH who="1" ten="250,240,250,250" step="2"/><V99/><F122/><W42/><G121/><T7/><D79/><U104/><E104/><V52/><F120/><W132/><G123/><T103/><D7/><U28/><AGARI ba="0,1" hai="28,30,61,62,85,86,90,91,100,102,106,107,113,114" machi="28" ten="25,12000,2" yaku="1,1,0,1,22,2,52,2,53,0" doraHai="25" doraHaiUra="6" who="1" fromWho="1" sc="250,-60,240,130,250,-30,250,-30" /><INIT seed="1,0,0,5,4,60" ten="190,370,220,220" oya="1" hai0="80,59,90,69,121,40,54,39,62,48,106,75,49" hai1="99,89,0,65,116,92,130,119,112,86,27,129,72" hai2="68,26,2,20,111,11,126,10,100,107,122,82,36" hai3="32,134,101,12,109,96,52,108,28,87,110,5,14"/><U4/><E112/><V125/><F122/><W1/><G134/><T91/><D121/><U93/><E27/><V83/><F111/><W95/><G32/><T103/><D106/><U74/><E4/><V118/><F118/><N who="1" m="45097" /><E65/><V73/><F68/><W81/><G28/><T84/><D103/><N who="1" m="60903" /><E0/><V37/><F2/><W67/><G5/><T135/><D135/><U64/><E64/><V42/><F42/><W15/><G1/><T31/><D75/><AGARI ba="0,0" hai="72,74,75,86,89,93,129,130" m="60903,45097" machi="75" ten="30,2900,0" yaku="34,2" doraHai="60" who="1" fromWho="0" sc="190,-29,370,29,220,0,220,0" /><INIT seed="1,1,0,3,5,26" ten="161,399,220,220" oya="1" hai0="121,124,30,55,125,38,9,59,119,134,90,111,92" hai1="49,93,69,78,70,43,103,85,45,32,115,80,52" hai2="76,27,46,14,39,89,50,126,102,131,35,99,98" hai3="107,0,122,8,113,79,44,128,109,83,63,86,20"/><U94/><E115/><V29/><F39/><W6/><G122/><T56/><D119/><U82/><E32/><V110/><F110/><W28/><G109/><T61/><D111/><U114/><E114/><V15/><F126/><W4/><G128/><T135/><D38/><U120/><E120/><V31/><F76/><W106/><G113/><T5/><D121/><U100/><E43/><V36/><F36/><W53/><G6/><T24/><D56/><U40/><E40/><V123/><F123/><W132/><G132/><N who="0" m="50731" /><D90/><U73/><E69/><V10/><F35/><W112/><G112/><T41/><D92/><U7/><E70/><V81/><F27/><W67/><G53/><T118/><D41/><U64/><E64/><V116/><F116/><W87/><G44/><T11/><D118/><U96/><E7/><N who="2" m="3423" /><F15/><W19/><G87/><T60/><D60/><U117/><E117/><V97/><F102/><W3/><G3/><N who="0" m="191" /><D11/><U34/><E34/><AGARI ba="1,0" hai="24,30,34,55,59,61,124,125" m="191,50731" machi="34" ten="30,2000,0" yaku="20,1,52,1" doraHai="26" who="0" fromWho="1" sc="161,23,399,-23,220,0,220,0" /><INIT seed="2,0,0,3,1,0" ten="184,376,220,220" oya="2" hai0="59,73,72,4,133,126,20,122,9,11,121,129,117" hai1="65,89,135,10,66,19,42,33,15,44,70,63,111" hai2="54,22,21,24,26,95,69,62,106,114,47,46,128" hai3="71,18,30,87,134,74,127,100,76,48,51,110,40"/><V61/><F106/><W130/><G30/><T119/><D20/><U28/><E111/><V17/><F114/><W113/><G100/><T7/><D59/><U25/><E65/><V124/><F124/><W60/><G18/><T104/><D104/><U94/><E135/><V8/><F69/><W79/><G87/><T109/><D109/><U120/><E120/><N who="0" m="46185" /><D133/><U43/><REACH who="1" step="1"/><E44/><REACH who="1" ten="184,366,220,220" step="2"/><V38/><F46/><W81/><G134/><T116/><D129/><U64/><E64/><V115/><F128/><W56/><G130/><T96/><D126/><U132/><E132/><V3/><F115/><W131/><G127/><T37/><D37/><U84/><AGARI ba="0,1" hai="10,15,19,25,28,33,42,43,63,66,70,84,89,94" machi="84" ten="20,5200,0" yaku="1,1,0,1,7,1,53,1" doraHai="0" doraHaiUra="88" who="1" fromWho="1" sc="184,-13,366,62,220,-26,220,-13" /><INIT seed="3,0,0,5,2,56" ten="171,428,194,207" oya="3" hai0="96,83,44,69,48,93,110,17,14,18,25,38,39" hai1="73,67,77,124,71,11,128,111,120,16,3,127,122" hai2="118,12,101,100,134,24,116,106,123,126,74,91,68" hai3="52,87,115,53,33,51,15,81,86,30,59,94,125"/><W28/><G125/><N who="1" m="48202" /><E111/><V57/><F68/><W6/><G115/><T60/><D110/><U26/><E128/><V50/><F24/><W95/><G33/><T54/><D83/><N who="1" m="45487" /><E26/><V29/><F29/><W78/><G6/><T114/><D114/><U4/><E16/><V89/><F12/><W75/><G15/><T37/><D25/><U45/><E45/><V64/><F126/><W40/><G40/><T31/><D31/><N who="3" m="11817" /><G75/><T119/><D119/><U97/><E97/><V104/><F116/><W27/><G27/><T112/><D112/><U46/><E46/><V70/><F118/><W99/><G99/><T102/><REACH who="0" step="1"/><D14/><REACH who="0" ten="161,428,194,207" step="2"/><U49/><E3/><V80/><F80/><N who="3" m="47383" /><G53/><T10/><D10/><U9/><E9/><V21/><F74/><W88/><AGARI ba="0,1" hai="51,52,59,81,87,88,94,95" m="47383,11817" machi="88" ten="30,6000,0" yaku="8,1,54,2" doraHai="56" who="3" fromWho="3" sc="161,-20,428,-20,194,-20,207,70" /><INIT seed="3,1,0,2,3,5" ten="141,408,174,277" oya="3" hai0="4,67,54,92,103,87,6,133,22,2,14,99,27" hai1="91,13,128,105,64,7,12,74,108,42,117,15,122" hai2="90,127,65,69,66,120,118,119,62,85,95,86,0" hai3="57,53,8,48,49,73,80,107,31,104,100,101,134"/><W23/><G134/><T21/><D2/><U61/><E122/><V18/><F127/><W123/><G123/><T96/><D133/><U1/><E105/><V63/><F120/><W93/><G73/><T10/><D67/><U47/><E74/><V70/><F0/><W121/><G80/><T11/><D54/><U19/><E108/><V38/><F38/><W124/><G124/><T55/><D55/><U102/><E102/><V24/><F18/><W17/><G107/><T106/><D87/><U50/><E128/><V110/><F110/><W20/><G104/><T112/><D112/><U113/><E117/><V34/><REACH who="2" step="1"/><F85/><REACH who="2" ten="141,408,164,277" step="2"/><W46/><G121/><T125/><D125/><U43/><E19/><V131/><F131/><W76/><G31/><AGARI ba="1,1" hai="24,31,34,62,63,65,66,69,70,86,90,95,118,119" machi="31" ten="40,8000,1" yaku="1,1,9,1,53,2" doraHai="5" doraHaiUra="56" who="2" fromWho="3" sc="141,0,408,0,164,93,277,-83" /><INIT seed="4,0,0,2,3,80" ten="141,408,257,194" oya="0" hai0="88,134,5,8,130,121,42,13,24,110,77,90,39" hai1="37,14,83,25,7,31,133,95,81,48,6,4,3" hai2="32,50,97,12,46,60,49,26,112,52,119,111,59" hai3="79,11,2,104,115,17,68,98,34,19,126,128,16"/><T44/><D121/><U74/><E37/><V55/><F111/><W33/><G68/><T127/><D110/><U84/><E3/><V35/><F112/><W107/><G115/><T72/><D134/><U102/><E74/><V113/><F113/><W101/><G126/><T57/><D127/><U38/><E38/><V27/><F119/><W114/><G107/><T120/><D120/><U54/><E14/><V43/><F97/><W51/><G128/><T10/><D130/><U103/><E83/><V132/><F132/><W65/><G65/><T66/><D24/><U78/><E95/><V91/><F32/><W23/><G23/><T105/><D105/><U1/><E1/><V96/><F12/><W21/><G21/><T117/><D117/><U30/><E133/><V67/><F49/><W122/><G122/><T93/><D10/><U118/><E118/><V41/><F55/><W22/><G22/><T76/><D72/><U9/><E9/><V53/><F53/><W106/><G106/><T129/><D129/><U45/><E25/><V64/><F64/><W99/><G99/><T92/><D57/><U125/><E125/><V58/><F41/><W56/><G79/><N who="0" m="30283" /><D66/><U124/><E124/><V71/><F35/><N who="3" m="13323" /><G114/><T109/><D109/><U18/><E31/><V36/><F59/><W94/><G104/><T108/><D108/><U116/><E30/><V0/><F0/><W70/><G70/><T100/><D100/><N who="1" m="38443" /><E116/><V69/><F71/><W40/><G2/><T63/><D63/><U86/><E78/><V123/><F123/><W28/><G101/><T29/><D29/><RYUUKYOKU ba="0,0" sc="141,15,408,-15,257,15,194,-15" hai0="5,8,13,39,42,44,88,90,92,93" hai2="26,27,36,43,46,50,52,58,60,67,69,91,96" /><INIT seed="4,1,0,5,2,118" ten="156,393,272,179" oya="0" hai0="23,92,98,90,105,17,28,63,132,66,56,87,123" hai1="26,59,43,110,49,0,58,109,106,64,133,117,112" hai2="88,45,65,22,68,19,121,103,36,116,50,15,78" hai3="4,38,91,37,119,41,25,31,6,97,46,128,131"/><T85/><D123/><U125/><E0/><V33/><F116/><W134/><G119/><T74/><D74/><U3/><E3/><V21/><F33/><W12/><G38/><T53/><D132/><U81/><E106/><V20/><F36/><W34/><G134/><T83/><D105/><U124/><E81/><V24/><F103/><W44/><G44/><T48/><D28/><U67/><E26/><V130/><F130/><N who="3" m="49707" /><G12/><T60/><D66/><N who="1" m="25131" /><E117/><V84/><F78/><W73/><G73/><T69/><D69/><U96/><E96/><V29/><F121/><W2/><G2/><T108/><D108/><N who="1" m="41579" /><E112/><V82/><F68/><W71/><G71/><T57/><D57/><N who="1" m="21515" /><E133/><V47/><F65/><W111/><G111/><T54/><D54/><U114/><E114/><V94/><F82/><W18/><G18/><T75/><D75/><U62/><E62/><V39/><F39/><W52/><G52/><T95/><D95/><AGARI ba="1,0" hai="4,6,25,31,34,37,41,46,91,95,97" m="49707" machi="95" ten="30,1000,0" yaku="19,1" doraHai="118" who="3" fromWho="0" sc="156,-13,393,0,272,0,179,13" /><INIT seed="5,0,0,0,2,25" ten="143,393,272,192" oya="1" hai0="17,135,97,49,0,4,40,130,87,63,50,108,106" hai1="18,54,22,1,105,32,26,124,93,7,2,8,59" hai2="65,103,99,78,30,16,66,72,37,52,35,70,125" hai3="56,73,51,114,43,115,34,83,33,107,24,10,67"/><U53/><E105/><V64/><F125/><W88/><G107/><T46/><D108/><U109/><E124/><V126/><F126/><W31/><G34/><T86/><D130/><U76/><E109/><V55/><F37/><W68/><G68/><T13/><D135/><U131/><E131/><V94/><F70/><W121/><G121/><T12/><D0/><U91/><E2/><V118/><F118/><W36/><G36/><T129/><D129/><U117/><E117/><V42/><F42/><W98/><G10/><T85/><D63/><U104/><E104/><V84/><F72/><W77/><G67/><T90/><D106/><U60/><E76/><V119/><F35/><W113/><G56/><T11/><D97/><U92/><E32/><V89/><F78/><W6/><G6/><T74/><D74/><U122/><E122/><V112/><F30/><W48/><G43/><T123/><D49/><U27/><E27/><V100/><F100/><W19/><REACH who="3" step="1"/><G19/><REACH who="3" ten="143,393,272,182" step="2"/><T80/><D123/><U61/><E59/><V47/><F119/><W95/><AGARI ba="0,1" hai="24,31,33,48,51,73,77,83,88,95,98,113,114,115" machi="95" ten="40,12000,2" yaku="1,1,2,1,0,1,15,1,52,1,54,1,53,0" doraHai="25" doraHaiUra="39" who="3" fromWho="3" sc="143,-30,393,-60,272,-30,182,130" /><INIT seed="6,0,0,0,1,99" ten="113,333,242,312" oya="2" hai0="57,37,51,50,122,126,87,0,72,116,127,81,5" hai1="78,33,14,21,109,103,124,41,86,113,43,22,118" hai2="13,30,63,23,61,130,83,71,15,114,73,25,65" hai3="53,8,62,64,56,125,60,77,106,92,54,2,24"/><V84/><F73/><W20/><G125/><T123/><D37/><U85/><E33/><V66/><F114/><W58/><G106/><T117/><D5/><U44/><E109/><V135/><F130/><W111/><G111/><T131/><D0/><U17/><E118/><N who="0" m="45673" /><D72/><U133/><E113/><V32/><F32/><W95/><G77/><T104/><D104/><U68/><E68/><V93/><F93/><W35/><G35/><T47/><D81/><U46/><E124/><N who="0" m="47657" /><D87/><U49/><E78/><V132/><F132/><W26/><G8/><T134/><D134/><U74/><E74/><V129/><F129/><W45/><G2/><T89/><D89/><U75/><E75/><V79/><REACH who="2" step="1"/><F135/><REACH who="2" ten="113,333,232,312" step="2"/><W101/><G92/><T55/><D131/><U98/><E133/><V16/><F16/><W11/><G95/><T120/><D120/><U42/><E22/><V29/><F29/><W80/><G20/><T6/><D6/><U10/><E21/><V96/><F96/><W102/><G80/><T7/><D7/><U108/><E108/><V3/><F3/><W110/><G110/><T70/><D70/><AGARI ba="0,1" hai="13,15,23,25,30,61,63,65,66,70,71,79,83,84" machi="70" ten="30,5800,0" yaku="1,1,7,1,9,1,53,0" doraHai="99" doraHaiUra="128" who="2" fromWho="0" sc="113,-58,333,0,232,68,312,0" /><INIT seed="6,1,0,5,5,21" ten="55,333,300,312" oya="2" hai0="35,19,113,43,46,129,53,67,4,14,91,134,57" hai1="109,70,131,115,1,55,50,52,88,12,86,5,32" hai2="102,27,97,23,64,84,122,6,73,8,98,121,94" hai3="41,56,44,123,59,24,112,130,7,128,110,79,99"/><V103/><F73/><W62/><G110/><T101/><D113/><U17/><E109/><V54/><F64/><W72/><G123/><T65/><D129/><N who="3" m="49769" /><G7/><T13/><D134/><U47/><E131/><V75/><F75/><W51/><G72/><T39/><D35/><U15/><E32/><V83/><F54/><N who="1" m="20521" /><E1/><V63/><F63/><W20/><G79/><T93/><D101/><U89/><E70/><V76/><F6/><W118/><G118/><T10/><D14/><U61/><E115/><V133/><F133/><W60/><G99/><T69/><D4/><U37/><E37/><V82/><F82/><W2/><G2/><T100/><D100/><U119/><E61/><N who="3" m="23658" /><G112/><T90/><D69/><U116/><E116/><V48/><F48/><W106/><G106/><T92/><D53/><N who="1" m="29919" /><E119/><V104/><REACH who="2" step="1"/><F8/><REACH who="2" ten="55,333,290,312" step="2"/><W25/><G25/><T132/><D132/><U29/><E5/><V31/><AGARI ba="1,1" hai="23,27,31,76,83,84,94,97,98,102,103,104,121,122" machi="31" ten="20,12000,1" yaku="1,1,2,1,0,1,7,1,52,1,53,0" doraHai="21" doraHaiUra="124" who="2" fromWho="2" sc="55,-41,333,-41,290,133,312,-41" /><INIT seed="6,2,0,4,3,29" ten="14,292,423,271" oya="2" hai0="70,4,40,6,71,108,123,2,45,68,63,44,84" hai1="50,61,133,109,122,16,11,36,86,1,102,88,34" hai2="24,8,13,25,114,73,18,81,14,28,17,38,125" hai3="126,51,76,43,78,104,92,62,54,93,46,117,100"/><V59/><F38/><W30/><G126/><T101/><D108/><U56/><E109/><V60/><F125/><W32/><G117/><T9/><D123/><U129/><E36/><V53/><F114/><W134/><G134/><T65/><D84/><U67/><E34/><V12/><F73/><W116/><G104/><T85/><D85/><U83/><E133/><V23/><F81/><W47/><G116/><T107/><D6/><U37/><E37/><V0/><F0/><W27/><G93/><T82/><D44/><U35/><E35/><AGARI ba="2,0" hai="8,12,13,14,17,18,23,24,25,28,35,53,59,60" machi="35" ten="30,2900,0" yaku="7,1,52,1" doraHai="29" who="2" fromWho="1" sc="14,0,292,-35,423,35,271,0" /><INIT seed="6,3,0,0,2,67" ten="14,257,458,271" oya="2" hai0="2,56,33,69,25,57,116,80,127,86,1,88,94" hai1="46,22,131,103,132,110,78,104,42,5,41,99,82" hai2="129,6,91,36,65,35,61,70,98,108,84,77,122" hai3="44,51,128,48,105,133,97,54,95,112,113,26,4"/><V8/><F122/><W76/><G105/><T66/><D127/><U19/><E110/><V14/><F108/><W107/><G107/><T17/><D116/><U89/><E131/><V55/><F35/><W9/><G128/><T58/><D2/><U118/><E118/><V47/><F77/><W10/><G76/><T30/><D1/><U45/><E5/><V32/><F32/><W50/><G133/><T135/><D135/><U40/><E89/><V72/><F72/><W109/><G109/><T38/><D38/><U85/><REACH who="1" step="1"/><E132/><REACH who="1" ten="14,247,458,271" step="2"/><V96/><F129/><W52/><G4/><T87/><D33/><U83/><E83/><V100/><F91/><N who="3" m="55551" /><G113/><T71/><D30/><U126/><E126/><V39/><F6/><W123/><G112/><T119/><D119/><U75/><E75/><V63/><F100/><W13/><G123/><T101/><D66/><U34/><E34/><V43/><F65/><W24/><G9/><T134/><D134/><U124/><E124/><V12/><F8/><W130/><G130/><T20/><REACH who="0" step="1"/><D101/><REACH who="0" ten="4,247,458,271" step="2"/><U120/><E120/><V115/><F115/><W64/><G64/><T59/><N who="0" m="14336" /><DORA hai="16" /><T7/><D7/><U68/><E68/><V31/><F70/><W60/><G60/><T49/><D49/><U81/><E81/><V62/><F63/><W106/><G50/><T102/><D102/><U79/><E79/><AGARI ba="3,2" hai="17,20,25,69,71,79,80,86,87,88,94" m="14336" machi="79" ten="50,12000,2" yaku="1,1,52,3,54,1,53,1" doraHai="67,16" doraHaiUra="3,21" who="0" fromWho="1" sc="4,149,247,-129,458,0,271,0" /><INIT seed="7,0,0,1,4,47" ten="153,118,458,271" oya="3" hai0="103,74,49,58,95,12,35,17,42,85,4,57,102" hai1="1,82,6,127,63,79,0,131,29,39,46,88,122" hai2="31,30,21,16,93,115,109,128,10,28,129,20,18" hai3="41,43,33,24,60,111,69,3,22,87,75,19,81"/><W118/><G118/><T36/><D35/><U91/><E122/><V124/><F93/><W14/><G111/><T110/><D74/><N who="1" m="43383" /><E1/><V15/><F109/><W92/><G75/><T48/><D110/><U126/><E29/><V50/><F50/><N who="0" m="19562" /><D36/><U51/><E63/><V2/><F115/><W121/><G3/><T8/><D42/><N who="1" m="25047" /><E39/><V116/><F124/><N who="1" m="47657" /><E131/><V44/><F44/><W52/><G121/><T120/><D120/><U133/><E133/><V96/><F96/><W107/><G107/><T123/><D123/><U9/><AGARI ba="0,0" hai="0,6,9,88,91" m="47657,25047,43383" machi="9" ten="30,4000,0" yaku="18,1,52,1,54,1" doraHai="47" who="1" fromWho="1" sc="153,-10,118,40,458,-10,271,-20" owari="143,-36.0,158,-24.0,448,55.0,251,5.0" /></mjloggm>