<mjloggm ver="2.3"><GO type="225" lobby="0"/><UN n0="%E4%BA%95%E5%B8%AF" n1="%48%61%61%61%6C%61%6E%64" n2="%E3%81%AA%E3%82%81%E3%81%93%E9%9B%80%E5%A3%AB" n3="%70%68%65%6E%6F%6D%65" dan="16,17,16,17" rate="2147.24,2146.81,2079.29,2212.04" sx="M,M,M,M"/><TAIKYOKU oya="0"/><INIT seed="0,0,0,1,0,12" ten="250,250,250,250" oya="0" hai0="61,70,1,125,91,13,132,51,15,47,86,109,53" hai1="56,59,134,88,7,101,24,46,122,119,63,54,21" hai2="131,16,69,133,22,0,102,107,52,31,74,77,43" hai3="17,57,35,95,93,135,126,87,64,130,11,28,18"/><T113/><D113/><U41/><E119/><V108/><F108/><W55/><G130/><T117/><D117/><U3/><E122/><V44/><F44/><W26/><G135/><T42/><D132/><U62/><E134/><V89/><F89/><W84/><G126/><T78/><D1/><U38/><E101/><V36/><F36/><W60/><G11/><T123/><D123/><U29/><E3/><V14/><F14/><W98/><G95/><T34/><D34/><U20/><E7/><V67/><F0/><W90/><REACH who="3" step="1"/><G64/><REACH who="3" ten="250,250,250,240" step="2"/><T81/><D125/><U115/><E115/><V85/><F131/><W5/><G5/><T32/><D109/><U49/><E38/><V99/><F67/><W127/><G127/><T118/><D118/><U27/><E41/><V94/><F43/><W72/><G72/><T48/><D42/><U96/><E54/><V103/><F52/><W79/><G79/><T68/><D78/><U39/><E39/><V19/><F74/><W75/><G75/><T6/><D53/><U58/><E96/><N who="2" m="59671" /><F133/><W30/><G30/><T33/><D6/><U66/><E66/><V9/><F9/><W37/><G37/><T80/><D80/><U83/><E83/><N who="2" m="47343" /><F31/><W23/><G23/><T104/><D33/><U65/><E65/><V50/><F22/><W45/><G45/><T8/><D47/><U128/><E128/><V111/><F111/><W71/><G71/><T100/><D68/><U76/><E76/><V120/><F69/><W124/><G124/><T73/><D70/><U121/><E21/><V2/><F120/><W92/><G92/><RYUUKYOKU ba="0,1" sc="250,-10,250,-10,250,-10,240,30" hai3="17,18,26,28,35,55,57,60,84,87,90,93,98" /><INIT seed="1,1,1,5,2,95" ten="240,240,240,270" oya="1" hai0="44,107,81,42,32,52,38,54,2,105,55,0,94" hai1="39,35,4,83,37,67,100,127,45,78,3,7,1" hai2="108,112,66,47,124,9,53,74,6,101,113,76,111" hai3="31,30,129,16,58,34,5,99,23,18,65,96,56"/><U73/><E127/><V89/><F66/><W102/><G129/><T48/><D32/><U120/><E120/><V40/><F101/><W114/><G114/><N who="2" m="44137" /><F53/><W22/><G34/><T115/><D115/><U28/><E67/><V90/><F124/><W19/><G5/><T80/><D38/><U106/><E7/><V128/><F128/><W119/><G119/><T103/><D94/><U104/><E37/><N who="2" m="21903" /><F76/><W61/><G58/><T15/><D15/><U11/><E3/><N who="2" m="223" /><F74/><W26/><G102/><T63/><D63/><U41/><E100/><V125/><F125/><W13/><G13/><T50/><D50/><U86/><E86/><V82/><F82/><W118/><G118/><T36/><D36/><U27/><AGARI ba="1,1" hai="1,4,11,27,28,35,39,41,45,73,78,83,104,106" machi="27" ten="30,18000,2" yaku="0,1,25,2,33,3" doraHai="95" who="1" fromWho="1" sc="240,-61,240,193,240,-61,270,-61" /><INIT seed="1,2,0,2,2,44" ten="179,433,179,209" oya="1" hai0="77,108,58,12,16,130,80,87,48,2,60,110,32" hai1="51,31,93,37,74,112,34,55,133,72,62,1,45" hai2="71,23,109,29,9,125,70,94,17,56,132,88,113" hai3="123,21,96,15,76,61,117,46,102,26,8,127,91"/><U114/><E133/><V53/><F132/><W40/><G123/><T5/><D32/><U82/><E1/><V129/><F109/><N who="0" m="42090" /><D130/><U20/><E34/><V59/><F129/><W65/><G127/><T104/><D104/><U122/><E122/><V116/><F125/><W134/><G76/><T13/><D2/><U73/><E37/><V81/><F116/><W128/><G91/><T99/><D99/><U30/><E82/><V85/><F59/><W0/><G0/><T89/><D77/><U19/><E93/><V66/><F66/><W11/><G117/><T83/><D80/><U24/><REACH who="1" step="1"/><E62/><REACH who="1" ten="179,423,179,209" step="2"/><V69/><F81/><W10/><G134/><T36/><D36/><U84/><E84/><V106/><F106/><W4/><G128/><T101/><D60/><U115/><AGARI ba="2,1" hai="19,20,24,30,31,45,51,55,72,73,74,112,114,115" machi="115" ten="40,7800,0" yaku="1,1,0,1,52,1,53,0" doraHai="44" doraHaiUra="90" who="1" fromWho="1" sc="179,-28,423,94,179,-28,209,-28" /><INIT seed="1,3,0,5,4,25" ten="151,517,151,181" oya="1" hai0="38,30,109,77,7,47,5,78,51,74,123,84,19" hai1="94,80,100,75,110,44,122,17,43,36,27,95,71" hai2="133,120,64,76,60,55,40,39,35,101,1,116,104" hai3="82,45,54,63,69,119,37,128,31,9,83,67,23"/><U108/><E122/><V131/><F116/><W10/><G119/><T61/><D109/><N who="1" m="42091" /><E71/><V98/><F1/><W11/><G128/><T86/><D74/><U68/><E68/><V112/><F55/><W12/><G12/><T121/><D38/><U58/><E100/><V34/><F131/><W33/><G33/><T87/><D61/><U65/><E17/><V59/><F133/><W0/><G0/><T92/><D19/><U130/><E27/><V132/><F132/><W114/><G114/><T97/><D123/><U32/><E32/><V96/><F112/><W49/><G37/><T73/><D73/><U117/><E117/><V22/><F35/><W125/><G125/><T111/><D121/><U57/><E130/><V50/><F34/><W41/><G41/><T14/><D111/><U89/><E65/><V134/><F134/><W103/><G103/><T127/><D127/><U72/><E95/><V79/><F120/><W113/><G113/><T20/><D92/><U56/><E80/><V3/><F101/><W90/><G83/><T106/><D5/><U42/><E43/><V2/><F40/><W26/><G82/><T15/><D7/><U88/><E89/><V18/><F18/><W81/><G81/><T115/><D115/><U93/><E93/><V135/><F135/><W107/><G90/><T105/><D105/><U46/><E46/><V85/><F104/><W48/><G107/><T124/><D106/><U99/><AGARI ba="3,0" hai="36,42,44,56,57,58,72,75,88,94,99" m="42091" machi="99" ten="30,6000,0" yaku="14,1,10,1,54,1" doraHai="25" who="1" fromWho="1" sc="151,-23,517,69,151,-23,181,-23" /><INIT seed="1,4,0,1,4,132" ten="128,586,128,158" oya="1" hai0="111,74,16,92,116,21,5,22,75,0,54,36,61" hai1="95,38,20,17,72,12,52,81,30,98,123,86,119" hai2="73,101,27,125,50,112,89,29,121,109,18,103,117" hai3="32,102,79,53,34,134,85,10,87,23,68,106,44"/><U25/><E119/><V82/><F121/><W124/><G68/><T63/><D116/><U99/><E123/><V51/><F117/><W64/><G64/><T66/><D36/><U28/><E38/><V90/><F109/><W105/><G134/><T55/><D111/><U120/><E120/><V1/><F1/><W67/><G67/><T130/><D130/><U24/><E72/><V58/><F18/><W118/><G23/><T35/><D35/><U107/><E107/><V127/><F112/><W113/><G113/><T14/><D92/><U110/><E52/><N who="2" m="32023" /><F51/><W48/><G118/><T71/><D22/><N who="1" m="15383" /><E95/><V11/><F11/><W128/><G128/><T70/><D70/><U9/><E110/><V104/><F104/><W60/><G106/><T46/><D55/><U108/><E108/><V91/><F82/><N who="3" m="47327" /><G10/><T88/><D75/><U13/><E12/><V84/><F84/><W33/><G87/><T115/><D74/><U133/><E133/><V31/><F73/><W57/><G105/><T37/><D37/><U96/><E96/><V39/><F39/><W62/><G33/><T2/><D115/><U83/><E83/><V114/><F114/><W8/><G32/><T100/><D2/><U126/><E99/><V40/><F40/><W97/><G34/><T129/><D129/><U93/><E98/><V78/><F78/><W80/><G80/><T131/><D131/><U26/><E81/><V7/><F7/><W15/><G97/><T69/><D5/><U49/><E86/><V56/><F27/><W135/><G135/><T65/><D0/><U122/><E122/><RYUUKYOKU ba="4,0" sc="128,0,586,0,128,0,158,0" /><INIT seed="2,5,0,0,1,19" ten="128,586,128,158" oya="2" hai0="135,1,103,79,88,33,72,20,78,53,45,124,91" hai1="57,3,131,41,35,74,28,54,64,119,65,47,12" hai2="24,82,9,14,118,123,46,10,36,21,80,113,11" hai3="127,121,48,114,42,129,8,7,110,26,133,18,128"/><V67/><F113/><W100/><G121/><T116/><D33/><U59/><E3/><V108/><F118/><W4/><G100/><T43/><D1/><U69/><E74/><V102/><F123/><W34/><G114/><T0/><D0/><U30/><E69/><V40/><F67/><W51/><G110/><T77/><D72/><U6/><E131/><N who="3" m="50250" /><G127/><T101/><D135/><U55/><E119/><V71/><F71/><W68/><G68/><T126/><D53/><U120/><E120/><V56/><F102/><N who="0" m="38922" /><D116/><U16/><E6/><N who="3" m="2090" /><G42/><T95/><D95/><U32/><E41/><V62/><F108/><W90/><G133/><T87/><D87/><U25/><E47/><V93/><F93/><W86/><G34/><T107/><D107/><U5/><E5/><V17/><REACH who="2" step="1"/><F14/><REACH who="2" ten="128,586,118,158" step="2"/><N who="3" m="7495" /><G26/><T37/><D126/><U112/><E65/><V29/><F29/><W106/><G106/><T23/><D124/><U97/><E112/><V85/><F85/><W75/><G75/><T130/><D130/><U89/><E64/><V83/><F83/><AGARI ba="5,1" hai="48,51,83,86,90" m="7495,2090,50250" machi="83" ten="30,1000,0" yaku="19,1" doraHai="19" who="3" fromWho="2" sc="128,0,586,0,118,-25,158,35" /><INIT seed="3,0,0,2,5,78" ten="128,586,93,193" oya="3" hai0="115,83,88,68,118,102,49,5,18,121,81,56,61" hai1="124,33,100,43,46,79,36,126,2,40,64,38,107" hai2="44,85,109,62,103,132,53,37,63,111,48,108,123" hai3="125,87,70,98,76,57,105,10,113,52,23,80,129"/><W133/><G70/><T8/><D121/><U31/><E2/><V47/><F103/><W69/><G69/><T25/><D118/><U101/><E64/><V94/><F94/><W131/><G113/><T82/><D68/><U16/><E79/><V119/><F119/><W134/><G23/><N who="0" m="13559" /><D115/><U97/><E101/><V67/><F85/><W6/><G98/><T45/><D102/><U72/><E72/><V54/><F123/><W106/><G105/><T0/><D0/><U42/><E16/><V92/><F92/><W122/><G106/><T21/><D21/><U93/><E93/><V116/><F116/><W26/><G122/><T128/><D128/><U20/><E20/><V24/><F24/><W110/><G26/><T96/><D96/><U71/><E71/><N who="2" m="42487" /><F132/><W104/><G104/><T73/><D73/><U1/><E46/><N who="2" m="27799" /><F37/><W12/><G134/><T22/><D22/><U41/><E41/><V30/><F30/><W59/><G133/><T34/><D34/><U19/><E107/><V90/><F90/><W32/><G32/><T13/><D88/><U50/><E19/><V60/><F60/><W66/><G76/><T28/><D28/><U84/><E31/><V114/><F114/><W55/><G10/><T7/><D7/><U65/><E36/><V35/><F35/><W95/><G6/><T86/><D86/><U77/><E84/><V89/><F89/><W127/><G87/><T130/><D130/><U117/><E97/><V39/><F39/><W74/><G131/><T135/><D135/><U58/><E33/><V3/><F3/><W9/><G129/><RYUUKYOKU ba="0,0" sc="128,-10,586,-10,93,30,193,-10" hai2="44,47,54,63,108,109,111" owari="118,-38.0,576,68.0,123,-28.0,183,-2.0" /></mjloggm>