<mjloggm ver="2.3"><GO type="169" lobby="0"/><UN n0="%E3%81%97%E3%81%BE%E3%81%A0%E3%81%BE%32" n1="%45%6D%69%75" n2="%E3%83%8F%E3%82%AC%E3%82%BF%E3%82%AB%E3%81%AE%E3%81%88%E3%81%98%E3%81%8D" n3="%E9%B3%B3%E5%8D%97%E3%81%AE%E3%81%8A%E9%A6%AC%E3%81%95%E3%82%93" dan="16,18,17,17" rate="2069.19,2260.96,2207.87,2167.96" sx="M,M,M,M"/><TAIKYOKU oya="0"/><INIT seed="0,0,0,0,5,24" ten="250,250,250,250" oya="0" hai0="8,60,98,20,48,41,90,68,44,2,46,22,29" hai1="16,99,6,103,77,51,33,0,104,71,40,72,110" hai2="17,92,26,42,84,106,80,118,132,122,94,23,129" hai3="52,58,25,65,82,37,112,109,131,56,30,36,47"/><T102/><D2/><U93/><E33/><V63/><F106/><W21/><G112/><T78/><D78/><U120/><E120/><V7/><F118/><W4/><G109/><T108/><D8/><U9/><E71/><V73/><F73/><W69/><G131/><T38/><D108/><U75/><E110/><V34/><F129/><W1/><G69/><T86/><D68/><U35/><E35/><V105/><F105/><W135/><G135/><T124/><D60/><U31/><E31/><V74/><F74/><W49/><G82/><T130/><D124/><U95/><E75/><V28/><F132/><W64/><G1/><T96/><D130/><U14/><E77/><V53/><F42/><W88/><G4/><T100/><D102/><U11/><REACH who="1" step="1"/><E72/><REACH who="1" ten="250,240,250,250" step="2"/><V89/><F122/><W79/><G79/><T125/><D29/><U97/><E97/><V43/><F34/><W91/><G36/><T18/><D125/><U32/><E32/><V27/><F28/><W70/><G70/><T133/><D133/><U67/><E67/><N who="3" m="25674" /><G37/><T5/><D98/><U59/><E59/><AGARI ba="0,1" hai="21,25,30,47,49,52,56,58,59,88,91" m="25674" machi="59" ten="30,7700,0" yaku="8,1,52,1,54,2" doraHai="24" who="3" fromWho="1" sc="250,0,240,-77,250,0,250,87" /><INIT seed="1,0,0,5,1,123" ten="250,163,250,337" oya="1" hai0="59,105,38,14,115,54,129,6,98,40,119,80,120" hai1="94,107,88,106,62,126,64,113,21,117,114,69,91" hai2="12,82,33,8,124,7,17,57,51,30,1,0,43" hai3="15,22,5,56,133,95,44,78,87,104,100,63,61"/><U79/><E117/><V36/><F36/><W111/><G104/><T134/><D115/><U46/><E126/><V76/><F124/><W101/><G133/><T34/><D34/><U81/><E91/><V118/><F118/><W35/><G35/><T27/><D40/><U108/><E113/><V66/><F66/><W74/><G74/><T112/><D27/><U53/><E114/><V55/><F43/><W103/><G44/><T11/><D38/><U2/><E2/><V85/><F33/><W25/><G63/><T20/><D20/><U60/><E21/><V65/><F30/><W75/><G75/><T13/><D80/><U68/><E108/><V48/><F48/><W128/><G128/><T18/><D120/><U97/><E46/><V67/><F1/><W83/><G111/><T116/><D134/><U29/><E29/><V47/><F57/><W9/><G95/><T50/><D129/><U132/><E132/><V70/><F70/><W31/><REACH who="3" step="1"/><G101/><REACH who="3" ten="250,163,250,327" step="2"/><N who="0" m="62647" /><D112/><U86/><REACH who="1" step="1"/><E68/><REACH who="1" ten="250,153,250,327" step="2"/><V127/><F127/><W16/><G16/><T3/><D116/><U19/><E19/><V84/><F17/><W23/><G23/><N who="0" m="11727" /><D119/><U99/><E99/><V24/><F47/><W122/><G122/><T90/><D3/><U71/><E71/><V49/><F0/><W72/><G72/><T32/><D32/><U125/><E125/><V110/><F8/><W4/><G4/><N who="0" m="3431" /><D90/><U58/><AGARI ba="0,2" hai="53,58,60,62,64,69,79,81,86,88,94,97,106,107" machi="58" ten="30,6000,0" yaku="1,1,0,1,54,1,53,0" doraHai="123" doraHaiUra="10" who="1" fromWho="1" sc="250,-20,153,80,250,-20,327,-20" /><INIT seed="1,1,0,3,5,105" ten="230,233,230,307" oya="1" hai0="124,9,21,70,72,128,55,15,80,35,121,74,4" hai1="46,22,129,47,78,49,81,76,51,31,62,134,127" hai2="112,7,16,13,18,123,68,91,97,11,43,83,77" hai3="110,54,109,117,45,17,40,85,1,88,3,125,108"/><U19/><E127/><V87/><F68/><W50/><G125/><T126/><D35/><U30/><E129/><V95/><F123/><W58/><G17/><T119/><D119/><U79/><E134/><V100/><F112/><W93/><REACH who="3" step="1"/><G117/><REACH who="3" ten="230,233,230,297" step="2"/><T39/><D124/><U90/><E31/><V8/><F8/><W101/><G101/><T104/><D126/><U28/><E28/><V37/><F37/><AGARI ba="1,1" hai="1,3,37,40,45,50,54,58,85,88,93,108,109,110" machi="37" ten="40,5200,0" yaku="1,1,14,1,54,1,53,0" doraHai="105" doraHaiUra="20" who="3" fromWho="2" sc="230,0,233,0,230,-55,297,65" /><INIT seed="2,0,0,3,5,81" ten="230,233,175,362" oya="2" hai0="32,98,115,39,17,40,10,27,121,5,122,11,133" hai1="16,97,18,14,6,1,94,123,95,37,80,117,36" hai2="125,73,29,112,106,84,57,87,35,102,60,128,63" hai3="126,66,31,99,25,46,91,103,105,8,93,59,2"/><V129/><F73/><W116/><G126/><T114/><D39/><U88/><E117/><V22/><F35/><W82/><G116/><T34/><D40/><U19/><E123/><V67/><F112/><W47/><G2/><T12/><D98/><U44/><E1/><V79/><F79/><W64/><G8/><T90/><D90/><U101/><E80/><V124/><F63/><W74/><G59/><T28/><D34/><U65/><E65/><V119/><F119/><W42/><G47/><T62/><D133/><U109/><E109/><V118/><F118/><W3/><G3/><N who="0" m="319" /><D62/><U21/><E6/><V55/><F55/><W13/><G13/><T52/><D52/><U7/><E7/><V20/><F102/><W30/><G64/><T69/><D69/><U130/><E37/><V26/><F20/><W54/><G54/><T127/><D127/><N who="2" m="48714" /><F106/><W78/><G66/><T23/><D11/><U70/><E70/><V45/><F45/><W56/><G56/><T135/><D135/><U0/><E44/><V43/><F43/><W58/><G58/><T50/><D50/><U51/><E51/><V100/><F100/><W49/><G25/><T71/><D71/><U24/><E36/><V75/><F75/><W86/><AGARI ba="0,0" hai="30,31,42,46,49,74,78,82,86,91,93,99,103,105" machi="86" ten="20,8000,1" yaku="0,1,7,1,24,2,52,1" doraHai="81" who="3" fromWho="3" sc="230,-20,233,-20,175,-40,362,80" /><INIT seed="3,0,0,3,4,1" ten="210,213,135,442" oya="3" hai0="121,85,123,98,49,105,110,13,96,128,50,84,10" hai1="92,12,33,90,32,8,88,71,4,9,108,30,58" hai2="19,21,45,0,111,66,37,6,59,28,65,61,5" hai3="60,46,99,18,52,78,11,101,125,76,53,124,135"/><W104/><G135/><T42/><D110/><U102/><E71/><V106/><F106/><W95/><G104/><T20/><D105/><U57/><E108/><V48/><F0/><W77/><G46/><T26/><D128/><U24/><E33/><V29/><F37/><W15/><REACH who="3" step="1"/><G60/><REACH who="3" ten="210,213,135,432" step="2"/><T40/><D123/><U100/><E100/><V41/><F111/><W73/><G73/><T115/><D121/><U55/><E102/><V79/><F79/><W62/><G62/><T14/><D115/><U22/><E90/><V64/><F29/><W34/><G34/><T130/><D130/><U129/><E32/><V80/><F28/><W116/><G116/><T47/><D40/><U81/><E129/><V27/><REACH who="2" step="1"/><F80/><REACH who="2" ten="210,213,125,432" step="2"/><W86/><G86/><T75/><D84/><U87/><E81/><V133/><F133/><W114/><G114/><T38/><D85/><U67/><E30/><V117/><F117/><W112/><G112/><T54/><D38/><U31/><E31/><V16/><F16/><W122/><G122/><T89/><D42/><U127/><E87/><V97/><F97/><W36/><G36/><T126/><D98/><U109/><E109/><V107/><F107/><W17/><G17/><T118/><D96/><U70/><E92/><V63/><F63/><W7/><G7/><AGARI ba="0,2" hai="5,6,7,19,21,27,41,45,48,59,61,64,65,66" machi="7" ten="40,8000,1" yaku="1,1,8,1,52,3,53,0" doraHai="1" doraHaiUra="35" who="2" fromWho="3" sc="210,0,213,0,125,100,432,-80" /><INIT seed="4,0,0,2,5,99" ten="210,213,225,352" oya="0" hai0="56,19,44,66,108,45,50,55,6,88,49,69,23" hai1="125,1,131,91,5,94,87,53,60,107,64,72,129" hai2="65,40,124,128,110,30,12,24,3,2,118,85,15" hai3="31,127,98,28,116,83,112,17,63,126,133,109,33"/><T130/><D69/><U104/><E72/><V68/><F68/><W73/><G109/><T101/><D108/><U67/><E125/><V81/><F65/><W74/><G116/><T102/><D130/><N who="1" m="49675" /><E5/><V27/><F40/><W100/><G133/><T36/><D6/><U41/><E1/><V22/><F128/><W51/><G63/><N who="0" m="38247" /><D36/><U103/><E41/><V46/><F46/><W20/><G33/><T132/><D132/><U34/><E34/><V82/><F124/><W79/><G73/><T121/><D121/><U61/><E53/><V43/><F43/><W32/><G32/><T21/><D50/><U76/><E76/><V95/><F118/><W38/><G38/><T37/><D45/><U92/><E64/><V8/><F2/><W39/><G39/><T13/><D37/><U35/><E35/><V90/><F3/><W115/><G51/><T86/><D23/><U89/><E103/><V135/><F135/><W97/><G126/><T117/><D117/><U10/><E10/><V57/><F8/><W7/><G7/><T119/><D119/><U4/><E4/><V80/><F110/><W25/><G127/><T106/><D106/><N who="1" m="40491" /><E67/><V96/><F22/><W75/><G75/><T120/><D120/><U113/><E113/><N who="3" m="43594" /><G100/><T123/><D123/><U77/><E77/><V54/><F54/><W59/><G59/><T62/><D62/><U105/><N who="1" m="40499" /><U11/><DORA hai="26" /><E11/><V93/><F57/><W52/><G52/><T0/><D0/><U14/><E14/><V29/><F12/><W78/><G78/><T47/><D44/><U111/><E111/><RYUUKYOKU ba="0,0" sc="210,10,213,10,225,-30,352,10" hai0="13,19,21,47,49,55,86,88,101,102" hai1="60,61,87,89,91,92,94" hai3="17,20,25,28,31,74,79,83,97,98" /><INIT seed="4,1,0,2,5,20" ten="220,223,195,362" oya="0" hai0="0,5,120,6,78,61,87,135,35,75,45,29,68" hai1="134,72,28,49,9,69,89,114,32,76,129,47,17" hai2="44,85,109,22,62,56,11,113,108,70,100,18,106" hai3="13,33,124,1,107,55,94,79,132,21,24,99,71"/><T105/><D120/><U115/><E69/><V80/><F70/><W110/><G110/><T96/><D135/><U4/><E129/><V77/><F11/><W30/><G1/><T15/><D15/><U60/><E134/><V66/><F113/><N who="1" m="43017" /><E17/><V43/><F106/><W12/><G124/><T81/><D75/><U46/><E60/><V34/><F34/><W131/><G131/><T112/><D45/><U26/><E89/><V27/><REACH who="2" step="1"/><F100/><REACH who="2" ten="220,223,185,362" step="2"/><W126/><G71/><T117/><D112/><U10/><E10/><V127/><F127/><W74/><G126/><T40/><D35/><U122/><E122/><V90/><F90/><W123/><G33/><T86/><D68/><U58/><E9/><V42/><F42/><W88/><G123/><T53/><D40/><U8/><E8/><V97/><F97/><W37/><G99/><T16/><D96/><U57/><E4/><V50/><AGARI ba="1,1" hai="18,22,27,43,44,50,56,62,66,77,80,85,108,109" machi="50" ten="20,8000,1" yaku="1,1,0,1,7,1,52,1,53,1" doraHai="20" doraHaiUra="14" who="2" fromWho="2" sc="220,-41,223,-21,185,93,362,-21" /><INIT seed="5,0,0,3,0,96" ten="179,202,278,341" oya="1" hai0="47,114,101,132,40,70,93,18,11,115,0,24,35" hai1="25,129,42,30,49,45,26,90,33,48,52,32,104" hai2="13,71,78,102,81,41,122,105,67,22,73,123,135" hai3="106,21,91,58,100,74,38,17,51,108,7,79,34"/><U57/><E129/><V43/><F135/><W130/><G108/><T99/><D70/><U16/><E104/><V85/><F71/><W128/><G38/><T60/><D132/><U54/><E90/><V10/><F67/><W116/><G34/><T55/><D60/><U112/><E112/><V121/><F22/><W64/><G7/><T92/><D55/><U127/><E127/><V15/><F73/><W14/><G74/><T20/><D35/><U109/><E109/><V131/><F131/><W76/><G106/><T63/><D63/><U68/><E68/><V118/><F118/><W44/><G128/><T53/><D53/><U119/><E119/><V2/><F2/><W117/><G117/><T31/><D92/><U86/><E86/><V61/><F61/><N who="3" m="37943" /><G100/><T69/><D69/><U27/><E32/><V50/><F102/><W12/><G130/><T3/><D31/><U23/><REACH who="1" step="1"/><E42/><REACH who="1" ten="179,192,278,341" step="2"/><V56/><F105/><W9/><G91/><T65/><D65/><U37/><E37/><V110/><F110/><W75/><G75/><T124/><D124/><U28/><E28/><V125/><F125/><W97/><G116/><T80/><D80/><U4/><E4/><V120/><F120/><W83/><G83/><T72/><D72/><U62/><E62/><V103/><F41/><N who="3" m="24975" /><G97/><T89/><D89/><U111/><E111/><V98/><F43/><W19/><AGARI ba="0,1" hai="9,12,14,17,19,21,76,79" m="24975,37943" machi="19" ten="30,1100,0" yaku="8,1" doraHai="96" who="3" fromWho="3" sc="179,-3,192,-5,278,-3,341,21" /><INIT seed="6,0,0,2,4,120" ten="176,187,275,362" oya="2" hai0="77,30,127,31,49,2,130,40,80,94,70,108,102" hai1="113,91,105,107,72,97,95,24,81,116,50,74,36" hai2="123,14,84,93,111,1,124,132,27,25,38,114,90" hai3="5,58,56,32,67,7,29,88,66,47,75,59,35"/><V0/><F123/><W53/><G75/><T19/><D70/><U78/><E36/><V106/><F106/><N who="1" m="40457" /><E50/><V64/><F38/><W63/><G88/><T28/><D2/><U82/><E24/><V51/><F64/><N who="3" m="39015" /><G32/><T135/><D127/><U131/><E116/><V61/><F61/><W41/><G35/><T8/><D130/><U119/><E119/><V79/><F25/><W133/><G133/><T9/><D135/><U11/><E11/><V134/><F14/><W71/><G71/><T100/><D19/><U18/><E18/><V21/><F51/><N who="3" m="27119" /><G29/><T34/><D34/><U68/><E68/><V45/><F0/><W65/><G58/><T6/><D94/><U4/><E131/><V42/><F93/><W109/><G109/><T92/><D108/><U112/><E4/><V46/><F27/><W115/><G115/><N who="1" m="44106" /><E82/><V76/><F114/><W26/><G26/><T15/><D92/><U86/><AGARI ba="0,0" hai="72,74,78,81,86,91,95,97" m="44106,40457" machi="86" ten="30,4000,0" yaku="15,1,34,2" doraHai="120" who="1" fromWho="1" sc="176,-10,187,40,275,-20,362,-10" /><INIT seed="7,0,0,3,3,77" ten="166,227,255,352" oya="3" hai0="127,4,10,19,59,126,27,129,132,93,12,51,98" hai1="124,50,74,111,122,91,75,105,69,96,95,22,112" hai2="104,108,13,64,32,48,23,15,135,92,54,99,47" hai3="46,41,94,6,60,101,113,68,97,107,57,85,38"/><W109/><G113/><T43/><D43/><U130/><E111/><V81/><F108/><W103/><G109/><T90/><D129/><U89/><E69/><V3/><F3/><W21/><G6/><T1/><D132/><U123/><E50/><V16/><F32/><W56/><G103/><T44/><D44/><U100/><E22/><V120/><F104/><W117/><G117/><T26/><D51/><U5/><E5/><V115/><F115/><W119/><G119/><T18/><D18/><U78/><E112/><V125/><F125/><W17/><G85/><T36/><D36/><U83/><E124/><V37/><F37/><W133/><G133/><T65/><D127/><U86/><E130/><V76/><F64/><W82/><G56/><T66/><D126/><U73/><E91/><N who="2" m="55711" /><F120/><AGARI ba="0,0" hai="73,74,75,78,83,86,89,95,96,100,105,120,122,123" machi="120" ten="40,12000,2" yaku="24,2,34,3,52,1" doraHai="77" who="1" fromWho="2" sc="166,0,227,120,255,-120,352,0" owari="166,-23.0,347,15.0,135,-36.0,352,44.0" /></mjloggm>