<mjloggm ver="2.3"><GO type="169" lobby="0"/><UN n0="%4D%6B%72%74%72" n1="%E3%82%B7%E3%83%A3%E3%82%AD%E3%82%AA%E3%83%8B" n2="%E3%81%94%E3%82%8B%E3%81%A3" n3="%E7%A5%9E%E4%BB%99%E9%85%B5%E6%AF%8D" dan="16,17,16,19" rate="2142.12,2119.77,2172.06,2285.22" sx="M,M,M,M"/><TAIKYOKU oya="0"/><INIT seed="0,0,0,1,5,105" ten="250,250,250,250" oya="0" hai0="43,2,21,97,49,1,121,116,45,69,80,55,19" hai1="23,125,32,8,3,59,100,127,42,76,98,130,31" hai2="38,68,22,128,132,63,50,39,102,126,87,62,7" hai3="117,13,9,82,18,0,72,33,83,118,12,79,134"/><T46/><D116/><U40/><E130/><V65/><F7/><W28/><G134/><T47/><D121/><U111/><E32/><V101/><F87/><W108/><G108/><T66/><D97/><U67/><E76/><V29/><F22/><N who="3" m="11591" /><G13/><T92/><D92/><U107/><E111/><V4/><F4/><N who="3" m="1159" /><G83/><T131/><D131/><U36/><E8/><V10/><F10/><W78/><G78/><T27/><D80/><U20/><E3/><V110/><F128/><W123/><G123/><T54/><D54/><U41/><E36/><V70/><F50/><W17/><G17/><T122/><D122/><U56/><E67/><V104/><F65/><W135/><G135/><T25/><D25/><AGARI ba="0,0" hai="25,28,33,72,79,82,117,118" m="1159,11591" machi="25" ten="30,2000,0" yaku="24,1,52,1" doraHai="105" who="3" fromWho="0" sc="250,-20,250,0,250,0,250,20" /><INIT seed="1,0,0,3,3,40" ten="230,250,250,270" oya="1" hai0="104,103,135,10,77,0,86,68,26,43,28,50,37" hai1="129,90,130,66,102,25,24,18,20,111,88,72,133" hai2="42,14,7,69,8,47,81,55,6,99,39,49,117" hai3="126,120,131,54,38,23,59,118,110,123,84,95,16"/><U122/><E122/><V70/><F117/><W19/><G38/><T48/><D68/><U60/><E72/><V53/><F7/><W31/><G118/><T87/><D37/><U125/><E125/><V34/><F34/><W51/><G126/><T128/><D128/><N who="1" m="49259" /><E133/><V29/><F29/><W3/><G3/><T98/><D135/><U11/><E111/><V27/><F27/><W76/><G131/><T22/><D77/><U108/><E108/><V65/><F65/><W45/><G110/><T91/><D43/><U101/><E11/><V15/><F15/><W112/><G112/><T13/><D0/><U121/><E25/><V35/><F35/><W58/><G120/><T132/><D132/><U114/><E114/><V93/><F81/><N who="3" m="47143" /><G123/><T92/><REACH who="0" step="1"/><D87/><REACH who="0" ten="220,250,250,270" step="2"/><U56/><E121/><V71/><REACH who="2" step="1"/><F39/><REACH who="2" ten="220,250,240,270" step="2"/><W44/><G31/><T30/><D30/><U97/><E102/><AGARI ba="0,2" hai="6,8,14,42,47,49,53,55,69,70,71,93,99,102" machi="102" ten="40,8000,1" yaku="1,1,2,1,52,1,53,1" doraHai="40" doraHaiUra="96" who="2" fromWho="1" sc="220,0,250,-80,240,100,270,0" /><INIT seed="2,0,0,5,1,45" ten="220,170,340,270" oya="2" hai0="38,68,72,108,8,121,124,106,49,119,78,39,69" hai1="11,112,54,107,120,36,51,134,94,67,95,1,125" hai2="98,41,127,50,111,40,4,131,62,99,104,85,6" hai3="44,43,79,35,22,70,101,56,28,82,73,123,102"/><V81/><F131/><W30/><G70/><T27/><D121/><U65/><E112/><V24/><F127/><W48/><G123/><T96/><D124/><U80/><E107/><V26/><F62/><W83/><G35/><T77/><D108/><U29/><E125/><V13/><F111/><W122/><G122/><T42/><D119/><U18/><E36/><V34/><F34/><W130/><G130/><T0/><D27/><N who="2" m="10282" /><F40/><W76/><G22/><T115/><D115/><U53/><E1/><V7/><F13/><W128/><G128/><T87/><D87/><U93/><E29/><V33/><F33/><W14/><G14/><T113/><D49/><U3/><E134/><V84/><F84/><W91/><G91/><T5/><D77/><U2/><E2/><V135/><F104/><W57/><G30/><T64/><D113/><U31/><E31/><V129/><F135/><W37/><G28/><T132/><D132/><U75/><E3/><V118/><F118/><W88/><G37/><N who="0" m="13835" /><D42/><U60/><E120/><V133/><F133/><W92/><G79/><T103/><D64/><U19/><E67/><V90/><F129/><W10/><G10/><T86/><D86/><U47/><E11/><V23/><F23/><W110/><G110/><T12/><D12/><U17/><E65/><V109/><F109/><W21/><G21/><T74/><D78/><N who="1" m="44127" /><E60/><V20/><F20/><W52/><G43/><T100/><D100/><N who="3" m="38505" /><G83/><T25/><D25/><U116/><E116/><V89/><F89/><W117/><G117/><T61/><D69/><U16/><N who="1" m="4096" /><DORA hai="71" /><U59/><E94/><RYUUKYOKU ba="0,0" sc="220,0,170,0,340,0,270,0" hai0="0,5,8,61,68,72,74,96,103,106" hai1="47,51,53,54,59,93,95" hai2="4,6,7,41,50,81,85,90,98,99" hai3="44,48,52,56,57,73,76,82,88,92" /><INIT seed="2,1,0,2,3,98" ten="220,170,340,270" oya="2" hai0="30,33,105,24,55,110,116,112,119,1,35,132,17" hai1="106,92,2,96,36,62,80,58,73,15,83,84,4" hai2="89,14,12,20,91,7,104,40,107,57,88,124,82" hai3="3,79,23,46,8,56,28,120,70,47,72,13,18"/><V49/><F124/><W29/><G70/><T37/><D37/><U42/><E2/><V51/><F82/><W26/><G120/><T69/><D69/><U85/><E106/><V130/><F130/><W53/><G72/><T114/><D105/><U34/><E34/><N who="0" m="12809" /><D55/><U87/><E42/><V61/><F104/><W123/><G3/><T5/><D17/><U125/><E36/><V9/><F107/><W113/><G113/><N who="0" m="43627" /><D110/><U117/><E73/><V121/><F121/><W128/><G128/><T32/><D132/><U95/><E125/><V19/><REACH who="2" step="1"/><F40/><REACH who="2" ten="220,170,330,270" step="2"/><W115/><G123/><T41/><D41/><U90/><E80/><V81/><F81/><W64/><G115/><T108/><D108/><U65/><E83/><V94/><F94/><W52/><G79/><T101/><D101/><N who="1" m="60551" /><E117/><V118/><F118/><W93/><G93/><T31/><D31/><U127/><E127/><V103/><F103/><W39/><G29/><T21/><D32/><U126/><E126/><V129/><F129/><W133/><G133/><T25/><D119/><U76/><E76/><V66/><AGARI ba="1,1" hai="7,9,12,14,19,20,49,51,57,61,66,88,89,91" machi="66" ten="30,11700,0" yaku="1,1,0,1,8,1,54,1,53,0" doraHai="98" doraHaiUra="71" who="2" fromWho="2" sc="220,-40,170,-40,330,130,270,-40" /><INIT seed="2,2,0,0,0,85" ten="180,130,460,230" oya="2" hai0="22,33,13,24,56,54,77,26,129,60,8,128,65" hai1="79,73,21,104,51,27,64,2,91,119,57,49,30" hai2="80,86,94,106,32,5,101,89,132,41,93,135,20" hai3="69,99,52,45,38,47,82,10,127,18,70,109,81"/><V16/><F32/><W66/><G109/><T76/><D33/><U74/><E119/><V130/><F5/><W100/><G127/><T62/><D128/><U83/><E2/><V34/><F34/><W121/><G121/><T117/><D117/><U125/><E125/><V133/><F130/><W112/><G112/><T114/><D114/><U84/><E104/><V35/><F35/><W1/><G38/><T4/><D129/><U105/><E105/><V134/><F41/><W67/><G1/><T103/><D103/><U29/><E29/><V118/><F118/><W88/><G100/><T23/><D23/><U61/><REACH who="1" step="1"/><E73/><REACH who="1" ten="180,120,460,230" step="2"/><V59/><F132/><W108/><G108/><T14/><D14/><U48/><E48/><V17/><F106/><W110/><G110/><T92/><D24/><U46/><E46/><V111/><F111/><W55/><G47/><T40/><D26/><U123/><E123/><V9/><F133/><W58/><G45/><T72/><D72/><U97/><E97/><N who="2" m="59575" /><F135/><W7/><G99/><T44/><D44/><U116/><E116/><V124/><F134/><W95/><G70/><T53/><D40/><U12/><E12/><N who="2" m="7183" /><F124/><W25/><G69/><T50/><D13/><U122/><E122/><V90/><F59/><W131/><G58/><T102/><D56/><U63/><E63/><V6/><F6/><W31/><G7/><T43/><D4/><U98/><E98/><N who="2" m="57647" /><F17/><W36/><G18/><T78/><D43/><U71/><E71/><V19/><F19/><W37/><G131/><T87/><D62/><U28/><E28/><V15/><F15/><RYUUKYOKU ba="2,1" sc="180,-15,120,15,460,15,230,-15" hai1="21,27,30,49,51,57,61,64,74,79,83,84,91" hai2="20,80,86,90" /><INIT seed="2,3,1,1,5,40" ten="165,135,475,215" oya="2" hai0="93,3,100,49,103,106,73,79,48,117,95,68,24" hai1="87,96,58,61,85,37,122,107,2,101,72,22,28" hai2="36,116,66,108,34,42,77,112,38,81,12,1,111" hai3="102,64,69,119,126,80,129,60,6,7,51,13,55"/><V127/><F1/><W20/><G119/><T50/><D3/><U9/><E72/><V52/><F116/><W128/><G126/><T132/><D117/><U134/><E134/><V120/><F120/><W43/><G43/><T27/><D68/><U98/><E37/><V53/><F112/><W83/><G102/><T5/><D5/><N who="3" m="1545" /><G20/><T35/><D132/><U46/><E2/><V74/><F34/><W11/><G55/><T25/><D35/><U114/><E114/><V115/><F115/><W70/><G51/><T121/><D121/><U71/><E9/><V23/><F66/><W26/><G26/><T99/><REACH who="0" step="1"/><D103/><REACH who="0" ten="155,135,475,215" step="2"/><U62/><E71/><V75/><F127/><W54/><G70/><T130/><D130/><U0/><E101/><V89/><F108/><W65/><G69/><T32/><D32/><U4/><E0/><V123/><F111/><W135/><G129/><T78/><D78/><U44/><E4/><V105/><F77/><W82/><G128/><T97/><D97/><N who="1" m="37483" /><E107/><V17/><F105/><W86/><G135/><T91/><D91/><U21/><E122/><V15/><F89/><W10/><G86/><T14/><D14/><U84/><E84/><V33/><F33/><W76/><G13/><T63/><D63/><U16/><E62/><V94/><F123/><W18/><G76/><T125/><D125/><U31/><E87/><V133/><F133/><W118/><G60/><T45/><D45/><N who="1" m="17515" /><E85/><V30/><F74/><W104/><G118/><T90/><D90/><U113/><E113/><V67/><F75/><W19/><G104/><T59/><D59/><RYUUKYOKU ba="3,2" sc="155,30,135,-10,475,-10,215,-10" hai0="24,25,27,48,49,50,73,79,93,95,99,100,106" /><INIT seed="3,4,2,3,5,14" ten="185,125,465,205" oya="3" hai0="72,52,8,77,80,60,40,37,103,51,100,128,105" hai1="34,87,70,126,23,9,48,11,43,93,27,107,20" hai2="21,2,97,49,31,42,1,117,50,29,86,104,135" hai3="64,25,41,113,68,132,129,53,32,0,54,22,61"/><W123/><G123/><T55/><D128/><U96/><E126/><V39/><F117/><W83/><G129/><T33/><D33/><U16/><E70/><V26/><F31/><W24/><G0/><T111/><D111/><U13/><E34/><V118/><F118/><W115/><G132/><T127/><D127/><U84/><E107/><V4/><F135/><W90/><G41/><T28/><D28/><N who="1" m="17535" /><E43/><V62/><F39/><W92/><G83/><T15/><D37/><U58/><E48/><V109/><F109/><W89/><G32/><T57/><D105/><U5/><E58/><V95/><F104/><W12/><G12/><T130/><D40/><U18/><E5/><V98/><F86/><N who="1" m="32809" /><E18/><V36/><F98/><W102/><G25/><T44/><REACH who="0" step="1"/><D130/><REACH who="0" ten="175,125,465,205" step="2"/><U124/><E124/><V59/><F36/><W91/><G115/><T63/><D63/><U74/><E74/><V10/><F42/><W69/><G113/><T82/><D82/><U88/><AGARI ba="4,3" hai="9,11,13,16,20,88,93,96" m="32809,17535" machi="88" ten="30,7900,0" yaku="8,1,52,1,54,2" doraHai="14" who="1" fromWho="1" sc="175,-24,125,121,465,-24,205,-43" /><INIT seed="4,0,0,1,4,13" ten="151,246,441,162" oya="0" hai0="56,31,29,72,68,88,83,84,57,7,24,107,99" hai1="79,117,51,119,98,15,129,58,18,9,30,126,48" hai2="20,41,104,49,120,25,2,21,91,50,86,28,4" hai3="39,69,43,97,109,100,112,65,6,33,47,73,131"/><T35/><D68/><U52/><E126/><V135/><F104/><W36/><G109/><T108/><D108/><U123/><E123/><V74/><F74/><W96/><G73/><T64/><D7/><U130/><E30/><V22/><F120/><W81/><G33/><T60/><D29/><U102/><E79/><V42/><F4/><W118/><G118/><T14/><D72/><U105/><REACH who="1" step="1"/><E48/><REACH who="1" ten="151,236,441,162" step="2"/><V26/><F49/><W62/><G39/><T11/><D60/><U89/><E89/><V122/><F50/><W54/><G36/><T16/><REACH who="0" step="1"/><D64/><REACH who="0" ten="141,236,441,162" step="2"/><U133/><E133/><V12/><F135/><W59/><G62/><T113/><D113/><U116/><AGARI ba="0,2" hai="9,15,18,51,52,58,98,102,105,116,117,119,129,130" machi="116" ten="40,8000,1" yaku="1,1,0,1,52,1,54,1,53,1" doraHai="13" doraHaiUra="53" who="1" fromWho="1" sc="141,-40,236,100,441,-20,162,-20" /><INIT seed="5,0,0,5,4,40" ten="101,336,421,142" oya="1" hai0="95,87,114,98,67,76,9,59,26,125,107,42,28" hai1="30,135,80,6,86,94,83,60,11,117,103,52,106" hai2="29,51,75,97,104,85,55,61,123,130,53,3,127" hai3="18,56,39,27,38,23,133,1,31,14,19,89,99"/><U119/><E135/><V32/><F123/><W131/><G1/><T91/><D114/><U100/><E30/><V12/><F75/><W22/><G133/><T13/><D125/><U34/><E34/><V33/><F3/><W71/><G71/><T90/><D76/><U50/><E106/><V96/><F127/><W20/><G131/><T48/><D107/><U16/><E80/><V109/><F109/><W45/><G56/><T115/><D115/><U110/><E110/><V102/><F96/><W77/><G77/><T5/><D67/><U36/><E36/><V0/><F0/><W63/><G63/><T101/><D87/><U129/><E129/><V92/><F29/><W49/><G22/><T93/><D93/><U120/><E120/><V124/><F130/><W118/><G31/><T121/><D121/><U134/><E134/><V7/><F61/><W105/><G118/><T116/><D116/><U132/><E132/><V64/><F64/><W8/><G8/><T17/><D5/><U88/><E60/><V58/><F124/><W69/><G69/><T108/><D108/><U65/><E6/><V81/><F104/><W126/><G126/><T73/><D73/><U128/><E65/><V21/><F7/><W57/><G57/><T72/><D72/><U54/><E128/><V66/><F66/><W41/><G105/><T68/><D68/><U113/><E113/><V46/><F58/><W25/><G14/><T15/><D13/><N who="1" m="7231" /><E119/><V43/><F33/><W82/><G82/><T62/><D62/><U35/><E35/><V111/><F32/><W44/><G39/><RYUUKYOKU ba="0,0" sc="101,0,336,0,421,0,142,0" /><INIT seed="6,1,0,5,5,114" ten="101,336,421,142" oya="2" hai0="45,18,130,98,25,43,97,69,24,119,49,62,22" hai1="48,28,96,29,38,39,102,78,63,87,125,67,6" hai2="133,30,100,122,58,81,9,101,77,75,91,95,56" hai3="88,83,64,121,72,127,80,129,57,82,118,68,132"/><V126/><F122/><W92/><G121/><T35/><D130/><U17/><E125/><V79/><F126/><W36/><G68/><T5/><D5/><U90/><E78/><V107/><F30/><W73/><G127/><T93/><D35/><U46/><E6/><V106/><F9/><W15/><G36/><T65/><D24/><U16/><E39/><V99/><F133/><W111/><G111/><T60/><D60/><U71/><E38/><V10/><F10/><W104/><G104/><N who="2" m="39977" /><F56/><W85/><G129/><T2/><D2/><U109/><E109/><V34/><F58/><W4/><G132/><T115/><D115/><U123/><E29/><V116/><F34/><W40/><G40/><T135/><D135/><U108/><E28/><V117/><F79/><W31/><G31/><T44/><D44/><U42/><E108/><V59/><F59/><W8/><G118/><AGARI ba="1,0" hai="75,77,81,91,95,99,100,101,116,117,118" m="39977" machi="118" ten="30,12000,1" yaku="34,2,52,3" doraHai="114" who="2" fromWho="3" sc="101,0,336,0,421,123,142,-123" /><INIT seed="6,2,0,2,2,42" ten="101,336,544,19" oya="2" hai0="18,116,15,112,90,55,83,34,27,76,32,14,24" hai1="132,33,28,4,57,68,131,61,97,82,1,71,21" hai2="109,102,3,8,63,54,78,89,30,2,9,58,51" hai3="59,96,133,37,119,124,100,110,73,69,62,20,101"/><V114/><F114/><W6/><G119/><T88/><D112/><U47/><E33/><V80/><F102/><W56/><G110/><T91/><D116/><U52/><E131/><V11/><F30/><W98/><G73/><T125/><D125/><U75/><E132/><V35/><F35/><W50/><G124/><T17/><D55/><U44/><E1/><V46/><F89/><W94/><G37/><T95/><D95/><U105/><E4/><V106/><F106/><W40/><G133/><T111/><D111/><U48/><E105/><V81/><F81/><W29/><G6/><T117/><D117/><U72/><E97/><V122/><F122/><W25/><G69/><T65/><D65/><U127/><E127/><V77/><F77/><W53/><G40/><T87/><D34/><U134/><E134/><V104/><F104/><W103/><REACH who="3" step="1"/><G98/><REACH who="3" ten="101,336,544,9" step="2"/><T128/><D128/><U123/><E71/><V60/><F109/><W45/><G45/><T10/><D32/><U74/><E68/><V22/><F46/><W113/><G113/><T99/><D99/><U66/><E74/><V39/><F39/><W7/><G7/><T84/><D87/><U85/><E47/><V5/><F5/><W36/><G36/><T38/><D38/><U130/><E130/><V31/><F2/><W13/><G13/><T67/><D14/><U120/><E75/><V49/><F3/><W70/><G70/><T0/><D0/><U23/><E72/><V16/><F58/><W43/><G43/><T93/><D15/><U86/><E86/><V129/><F129/><W92/><G92/><RYUUKYOKU ba="2,1" sc="101,-10,336,-10,544,-10,9,30" hai3="20,25,29,50,53,56,59,62,94,96,100,101,103" /><INIT seed="7,3,1,3,3,26" ten="91,326,534,39" oya="3" hai0="22,5,108,63,36,45,6,42,55,85,118,88,3" hai1="104,107,90,70,30,76,127,117,73,119,102,134,99" hai2="80,120,110,44,133,74,69,105,124,31,121,66,100" hai3="28,97,72,57,135,59,65,75,52,64,94,129,17"/><W21/><G129/><T82/><D108/><U93/><E30/><V130/><F110/><W29/><G135/><T115/><D118/><U1/><E1/><V126/><F130/><W96/><G75/><T15/><D3/><U0/><E0/><V50/><F133/><W111/><G72/><T38/><D38/><U125/><E70/><V106/><F66/><N who="3" m="25707" /><G111/><T37/><D37/><U33/><E33/><V87/><F69/><W41/><G41/><T14/><D115/><U47/><E134/><V24/><F74/><W54/><G59/><T91/><D91/><U13/><E107/><V20/><F105/><W8/><G8/><T112/><D112/><U19/><E73/><V77/><F106/><W23/><G23/><T61/><D55/><N who="3" m="21033" /><G57/><T60/><REACH who="0" step="1"/><D22/><REACH who="0" ten="81,326,534,39" step="2"/><U78/><E119/><V51/><F120/><W16/><G97/><T25/><D25/><U40/><E117/><V71/><F121/><W114/><G114/><T18/><D18/><N who="3" m="7273" /><G21/><T56/><D56/><U122/><E99/><V116/><F20/><W98/><G98/><T10/><D10/><U62/><E122/><V27/><F116/><W81/><G81/><T53/><D53/><U79/><E104/><V35/><F80/><W83/><G83/><T32/><D32/><U103/><E40/><V101/><F35/><W123/><G123/><T92/><D92/><U86/><E93/><V49/><F71/><W84/><G96/><T2/><D2/><U58/><E58/><V128/><F128/><W39/><G39/><T4/><AGARI ba="3,2" hai="4,5,6,14,15,36,42,45,60,61,63,82,85,88" machi="4" ten="30,4000,0" yaku="1,1,0,1,54,1,53,0" doraHai="26" doraHaiUra="132" who="0" fromWho="0" sc="81,69,326,-13,534,-13,39,-23" owari="150,-25.0,313,11.0,521,62.0,16,-48.0" /></mjloggm>