<mjloggm ver="2.3"><GO type="169" lobby="0"/><UN n0="%46%75%77%61" n1="%E5%A4%8F%E6%81%8B%E8%8A%B1%E7%81%AB" n2="%E6%9D%BE%E5%B1%8B%E3%81%8A%E3%81%98%E3%81%95%E3%82%93" n3="%C2%A7%E7%8D%85%E5%AD%90%E5%8E%9F%E7%88%BD" dan="16,16,17,16" rate="2048.45,2154.32,2151.85,2153.27" sx="M,M,M,F"/><TAIKYOKU oya="0"/><INIT seed="0,0,0,5,1,63" ten="250,250,250,250" oya="0" hai0="117,90,108,65,42,56,39,71,16,9,135,97,124" hai1="60,21,3,129,103,87,120,79,95,55,125,134,99" hai2="91,20,109,61,48,19,85,27,45,111,80,33,82" hai3="70,115,81,105,13,127,24,76,53,94,37,2,52"/><T8/><D117/><U32/><E120/><V116/><F116/><W22/><G105/><T41/><D124/><U54/><E32/><V118/><F118/><W133/><G2/><T66/><D71/><U28/><E3/><V93/><F33/><W36/><G115/><T35/><D35/><U1/><E1/><V40/><REACH who="2" step="1"/><F61/><REACH who="2" ten="250,250,240,250" step="2"/><W68/><G127/><T59/><D135/><U114/><E125/><V69/><F69/><W10/><G70/><T92/><D108/><AGARI ba="0,1" hai="19,20,27,40,45,48,80,82,85,91,93,108,109,111" machi="108" ten="40,5200,0" yaku="1,1,14,1,53,1" doraHai="63" doraHaiUra="15" who="2" fromWho="0" sc="250,-52,250,0,240,62,250,0" /><INIT seed="1,0,0,5,3,16" ten="198,250,302,250" oya="1" hai0="14,53,58,19,129,49,17,104,108,128,47,21,52" hai1="97,103,96,35,78,88,59,125,110,51,91,66,86" hai2="43,119,1,28,70,48,54,122,75,120,42,40,29" hai3="38,25,26,82,134,106,27,71,2,109,33,123,0"/><U18/><E35/><V99/><F75/><W115/><G82/><T41/><D104/><U36/><E36/><V61/><F1/><W56/><G56/><T102/><D102/><U117/><E117/><V15/><F119/><W24/><G71/><T85/><D108/><U7/><E125/><V44/><F15/><W34/><G106/><T114/><D114/><U116/><E116/><V50/><F99/><N who="1" m="37961" /><E103/><V37/><F28/><N who="3" m="19591" /><G38/><T67/><D85/><U31/><E31/><V127/><F29/><N who="3" m="19759" /><G115/><T57/><D67/><U113/><E7/><V63/><F127/><W72/><G72/><T133/><D133/><U130/><E130/><N who="0" m="50281" /><D19/><U62/><E113/><V76/><F76/><W30/><G123/><T3/><D3/><N who="3" m="1065" /><G109/><T135/><D135/><U39/><E110/><V4/><F120/><W100/><G100/><T69/><D69/><U87/><E39/><V81/><F122/><W131/><G131/><T74/><D74/><U83/><E51/><V20/><F50/><W92/><G92/><T124/><D124/><U84/><E78/><V45/><F48/><W13/><G134/><T77/><D77/><U93/><E83/><V94/><F37/><W112/><G112/><T65/><D65/><U9/><E93/><V98/><F81/><W55/><G55/><AGARI ba="0,0" hai="14,17,21,41,47,49,52,53,55,57,58" m="50281" machi="55" ten="30,3900,0" yaku="19,1,52,1,54,1" doraHai="16" who="0" fromWho="3" sc="198,39,250,0,302,0,250,-39" /><INIT seed="2,0,0,0,3,29" ten="237,250,302,211" oya="2" hai0="127,63,38,50,46,64,51,100,24,10,21,0,112" hai1="11,84,121,120,118,97,95,91,76,107,108,68,94" hai2="6,70,117,8,59,37,116,30,114,75,110,52,44" hai3="102,23,16,125,92,48,41,133,113,15,55,109,103"/><V9/><F114/><W105/><G105/><T25/><D112/><U96/><E68/><V83/><F70/><W1/><G113/><T61/><D127/><U73/><E11/><V36/><F9/><W66/><G109/><T57/><D100/><N who="1" m="62855" /><E118/><V19/><F110/><W60/><G1/><T28/><D38/><U72/><E108/><V17/><F116/><W79/><G125/><T39/><D39/><U2/><E2/><V111/><F111/><W56/><G41/><T54/><D25/><U58/><E58/><V14/><F30/><W135/><G79/><T123/><D123/><N who="1" m="47179" /><E76/><V33/><F117/><W124/><G124/><T5/><REACH who="0" step="1"/><D64/><REACH who="0" ten="227,250,302,211" step="2"/><U40/><E40/><AGARI ba="0,1" hai="0,5,10,21,24,28,40,46,50,51,54,57,61,63" machi="40" ten="30,3900,0" yaku="1,1,2,1,7,1,53,0" doraHai="29" doraHaiUra="85" who="0" fromWho="1" sc="227,49,250,-39,302,0,211,0" /><INIT seed="3,0,0,5,5,72" ten="276,211,302,211" oya="3" hai0="1,22,44,13,133,33,70,135,29,16,35,54,30" hai1="79,65,126,104,41,10,14,63,67,110,90,83,69" hai2="43,76,15,6,45,8,129,77,82,28,3,11,102" hai3="92,85,118,97,131,2,100,109,27,7,98,99,56"/><W38/><G118/><T123/><D70/><U117/><E104/><V103/><F28/><N who="0" m="10858" /><D44/><U88/><E117/><V116/><F116/><W59/><G38/><T66/><D66/><U74/><E126/><V80/><F129/><W58/><G131/><T49/><D49/><U52/><E110/><V55/><F55/><W48/><G2/><T25/><D54/><U113/><E41/><V62/><F62/><W24/><G7/><T93/><D93/><U46/><E113/><V37/><F8/><W31/><G109/><T19/><D1/><U12/><E67/><V9/><F9/><W101/><G48/><T112/><D112/><U122/><E122/><V36/><F36/><W114/><G114/><T53/><D53/><U120/><E120/><V40/><F40/><W121/><G121/><T0/><D0/><U81/><E14/><V60/><F60/><W128/><G128/><T47/><D47/><U51/><REACH who="1" step="1"/><E83/><REACH who="1" ten="276,201,302,211" step="2"/><V119/><F15/><W18/><G24/><T32/><D123/><U68/><E68/><V39/><F119/><W21/><G31/><N who="0" m="17847" /><D13/><U105/><E105/><V50/><F39/><W130/><G130/><T5/><D5/><AGARI ba="0,1" hai="5,10,12,46,51,52,63,65,69,74,79,81,88,90" machi="5" ten="30,8000,1" yaku="1,1,7,1,52,1,54,2,53,0" doraHai="72" doraHaiUra="17" who="1" fromWho="0" sc="276,-80,201,90,302,0,211,0" /><INIT seed="4,0,0,2,0,17" ten="196,291,302,211" oya="0" hai0="69,7,73,117,130,45,32,103,90,6,115,109,4" hai1="108,74,96,59,104,48,53,97,36,19,65,93,114" hai2="61,15,88,105,101,34,75,121,56,5,133,20,37" hai3="87,119,92,30,51,95,84,110,113,112,83,124,24"/><T64/><D117/><U85/><E108/><V116/><F121/><W82/><G51/><T50/><D32/><U62/><E74/><V100/><F34/><W66/><G66/><T128/><D115/><U58/><E114/><N who="3" m="44138" /><G24/><T135/><D135/><U26/><E104/><V72/><F37/><W127/><G30/><T80/><D109/><U47/><E36/><V78/><F105/><W22/><G22/><T9/><D103/><U52/><E85/><N who="3" m="32842" /><G110/><T14/><D90/><U76/><E76/><V126/><F100/><W23/><G23/><T79/><D64/><U44/><E19/><V2/><F101/><W35/><G35/><T70/><D69/><U77/><E77/><V98/><F78/><W55/><G55/><T89/><D70/><U132/><E132/><V60/><F88/><W18/><G18/><T102/><D89/><U31/><E93/><N who="3" m="35914" /><G119/><T57/><D102/><U107/><E107/><V91/><F116/><W129/><G129/><N who="0" m="49771" /><D57/><U3/><E3/><V27/><F56/><W118/><G118/><T0/><D0/><U29/><E29/><V120/><F2/><W131/><G131/><T68/><D68/><U39/><E39/><V123/><F91/><W99/><G99/><T25/><D25/><U71/><E71/><V12/><F27/><W16/><G16/><N who="0" m="8271" /><D50/><U11/><E11/><V38/><F38/><W43/><G43/><T54/><D54/><U122/><E53/><V81/><F15/><W94/><N who="3" m="35922" /><W106/><DORA hai="111" /><G106/><T42/><D42/><U134/><E48/><V8/><F12/><W49/><G49/><T86/><D45/><RYUUKYOKU ba="0,0" sc="196,15,291,-15,302,-15,211,15" hai0="4,6,7,73,79,80,86" hai3="82,83,124,127" /><INIT seed="4,1,0,4,0,98" ten="211,276,287,226" oya="0" hai0="33,115,86,28,135,73,82,109,106,113,56,30,60" hai1="49,117,21,93,48,7,125,104,87,34,121,134,123" hai2="79,76,118,96,43,69,26,122,63,55,45,54,105" hai3="24,130,2,112,128,71,66,31,64,116,95,70,39"/><T3/><D106/><U12/><E34/><V1/><F1/><W132/><G116/><T83/><D3/><U53/><E104/><V47/><F122/><W25/><G2/><T9/><D135/><U111/><E117/><V5/><F5/><W19/><G39/><T13/><D109/><U107/><E111/><V35/><F76/><W77/><G77/><T42/><D42/><U11/><E107/><V4/><F4/><W18/><G95/><T67/><D73/><U36/><E36/><V103/><F79/><W114/><REACH who="3" step="1"/><G31/><REACH who="3" ten="211,276,287,216" step="2"/><T23/><D30/><U52/><E134/><AGARI ba="1,1" hai="18,19,24,25,64,66,70,71,112,114,128,130,132,134" machi="134" ten="25,6400,0" yaku="1,1,2,1,22,2,53,0" doraHai="98" doraHaiUra="10" who="3" fromWho="1" sc="211,0,276,-67,287,0,216,77" /><INIT seed="5,0,0,1,0,37" ten="211,209,287,293" oya="1" hai0="23,113,107,76,100,32,93,87,117,13,53,0,52" hai1="33,35,59,99,18,82,111,14,94,7,131,102,116" hai2="101,68,96,28,44,17,74,12,126,118,84,56,89" hai3="130,46,105,127,3,26,41,135,103,21,71,11,83"/><U110/><E116/><V45/><F74/><W72/><G71/><T69/><D117/><U20/><E131/><V38/><F68/><W5/><G130/><T54/><D0/><U40/><E82/><V70/><F70/><W42/><G135/><T98/><D32/><U30/><E59/><V64/><F28/><W115/><G115/><T81/><D69/><U92/><E92/><N who="2" m="58503" /><F38/><W60/><G60/><T129/><D129/><U19/><E7/><V16/><F17/><W4/><G4/><T134/><D134/><U80/><E80/><N who="2" m="49287" /><F126/><W1/><G1/><T97/><D113/><U119/><E18/><V124/><F124/><W75/><G127/><T62/><D23/><U79/><E79/><V6/><F6/><W29/><G83/><T49/><D13/><U86/><E119/><V58/><F118/><W128/><G128/><T85/><D62/><U2/><E2/><V8/><F58/><W104/><G72/><T39/><D39/><U90/><E30/><V121/><F121/><W57/><G57/><T77/><D87/><U133/><E133/><V36/><F36/><W9/><G75/><T15/><D15/><U123/><E123/><V67/><F67/><W31/><G31/><T91/><REACH who="0" step="1"/><D49/><REACH who="0" ten="201,209,287,293" step="2"/><U122/><E122/><V95/><F12/><W66/><G3/><T78/><AGARI ba="0,1" hai="52,53,54,76,77,78,81,85,91,93,97,98,100,107" machi="78" ten="30,7900,0" yaku="1,1,2,1,0,1,54,1,53,0" doraHai="37" doraHaiUra="108" who="0" fromWho="0" sc="201,89,209,-39,287,-20,293,-20" /><INIT seed="6,0,0,4,4,124" ten="290,170,267,273" oya="2" hai0="11,44,30,112,107,71,73,33,56,4,61,78,59" hai1="127,74,79,101,27,10,3,9,72,133,86,67,5" hai2="1,126,88,39,8,14,12,109,69,75,104,120,19" hai3="23,123,116,96,16,106,82,0,103,90,85,76,60"/><V95/><F120/><W102/><G123/><T130/><D112/><U94/><E127/><V111/><F126/><W24/><G116/><T83/><D107/><U65/><E133/><V129/><F104/><W34/><G0/><T98/><D98/><U70/><E27/><V37/><F1/><W50/><G34/><T110/><D110/><N who="2" m="41994" /><F69/><W125/><G125/><T22/><D130/><U92/><E9/><N who="2" m="6543" /><F75/><W91/><G103/><T77/><D33/><U114/><E114/><V49/><F49/><W62/><G50/><T128/><D128/><U135/><E135/><V31/><F31/><W80/><REACH who="3" step="1"/><G91/><REACH who="3" ten="290,170,267,263" step="2"/><T93/><D61/><U131/><E131/><V25/><F129/><W17/><G17/><T132/><D30/><U68/><E101/><V42/><F42/><W105/><G105/><T122/><D122/><U40/><E40/><V118/><F118/><W29/><G29/><T26/><D132/><U58/><E3/><V53/><F39/><W84/><AGARI ba="0,1" hai="16,23,24,60,62,76,80,82,84,85,90,96,102,106" machi="84" ten="20,5200,0" yaku="1,1,0,1,7,1,54,1,53,0" doraHai="124" doraHaiUra="134" who="3" fromWho="3" sc="290,-13,170,-13,267,-26,263,62" /><INIT seed="7,0,0,2,1,4" ten="277,157,241,325" oya="3" hai0="87,11,49,108,24,133,46,34,19,25,76,89,97" hai1="130,80,13,93,15,70,105,135,129,74,100,90,106" hai2="112,44,6,113,50,66,48,109,43,59,96,23,31" hai3="132,9,134,51,3,17,69,73,75,98,60,111,30"/><W32/><G111/><T110/><D133/><N who="3" m="51305" /><G51/><T8/><D76/><N who="1" m="44055" /><E70/><V37/><F96/><W92/><G30/><T81/><D97/><N who="1" m="61583" /><E13/><V68/><F6/><N who="3" m="1247" /><G17/><T122/><D34/><U16/><E135/><V126/><F126/><W21/><G21/><T65/><D65/><U121/><E16/><V35/><F35/><W52/><G32/><T1/><D1/><U127/><E15/><V28/><F109/><W95/><G95/><T125/><D108/><U131/><E106/><V101/><F66/><W107/><G107/><T104/><D104/><U103/><E103/><V119/><F59/><W45/><G69/><T102/><D110/><U10/><E10/><V85/><F68/><W56/><G45/><T117/><D46/><U20/><E20/><V62/><F101/><AGARI ba="0,0" hai="52,56,60,73,75,92,98,101" m="1247,51305" machi="101" ten="30,5800,0" yaku="20,1,52,1,54,1" doraHai="4" who="3" fromWho="2" sc="277,0,157,0,241,-58,325,58" owari="277,8.0,157,-34.0,183,-22.0,383,48.0" /></mjloggm>