<mjloggm ver="2.3"><GO type="169" lobby="0"/><UN n0="%EF%BC%98%EF%BC%90%EF%BC%90%EF%BC%98" n1="%42%65%6E%63%68%69%6E%67" n2="%E9%AB%98%E6%A9%8B%E6%B7%B3" n3="%E3%82%88%E3%81%97%E3%81%A4%E3%82%88%E3%81%97" dan="17,16,16,16" rate="2145.88,2085.93,2114.78,2117.37" sx="M,M,M,M"/><TAIKYOKU oya="0"/><INIT seed="0,0,0,0,0,25" ten="250,250,250,250" oya="0" hai0="105,42,74,115,33,3,134,30,22,98,57,67,117" hai1="75,127,102,76,97,18,95,122,133,83,91,9,1" hai2="58,77,96,132,99,73,64,135,101,20,8,118,110" hai3="55,4,111,94,125,104,40,121,123,27,59,41,106"/><T47/><D115/><U124/><E18/><V10/><F110/><W5/><G111/><T103/><D117/><U100/><E9/><V24/><F118/><W34/><G94/><T129/><D134/><U11/><E11/><V116/><F116/><W93/><G93/><T60/><D74/><U13/><E13/><V17/><F77/><W31/><G125/><N who="1" m="48202" /><E1/><V49/><F73/><W19/><G19/><T37/><D129/><U63/><E63/><N who="2" m="38007" /><F49/><W70/><G70/><T56/><D22/><U2/><E2/><V71/><F71/><W21/><G34/><T45/><D45/><U26/><E26/><V131/><F131/><W78/><G78/><T46/><D46/><U23/><E23/><V89/><F89/><W108/><G108/><T112/><D3/><U82/><E122/><N who="3" m="46602" /><G106/><T35/><D112/><U109/><E109/><V68/><F68/><W65/><G65/><T44/><D44/><U79/><E133/><N who="2" m="51275" /><F99/><W7/><G104/><AGARI ba="0,0" hai="8,10,17,20,24,96,101,104" m="51275,38007" machi="104" ten="30,1000,0" yaku="20,1" doraHai="25" who="2" fromWho="3" sc="250,0,250,0,250,10,250,-10" /><INIT seed="1,0,0,2,4,128" ten="250,250,260,240" oya="1" hai0="48,92,25,4,65,23,86,115,17,61,6,108,109" hai1="127,129,100,13,132,118,73,131,101,82,117,15,24" hai2="116,90,3,59,78,96,63,104,110,10,57,135,64" hai3="88,49,70,105,114,27,126,14,69,41,56,39,119"/><U31/><E73/><V45/><F116/><N who="1" m="44649" /><E82/><V42/><F110/><N who="0" m="42602" /><D115/><U21/><E101/><V122/><F122/><W47/><G105/><T77/><D48/><U75/><E100/><V0/><F78/><W46/><G126/><T103/><D77/><U102/><E102/><V1/><F104/><W58/><G27/><T106/><D106/><U99/><E99/><V74/><F74/><W20/><G20/><T80/><D80/><U2/><E75/><V68/><F10/><W35/><G35/><T98/><D86/><U84/><E84/><V91/><F91/><W93/><G114/><T12/><D25/><U7/><E127/><V76/><F76/><W111/><G111/><T60/><D60/><U113/><E113/><V5/><F5/><W28/><G70/><AGARI ba="0,0" hai="4,6,12,17,23,61,65,70,92,98,103" m="42602" machi="70" ten="30,1000,0" yaku="14,1" doraHai="128" who="0" fromWho="3" sc="250,10,250,0,260,0,240,-10" /><INIT seed="2,0,0,1,3,41" ten="260,250,260,230" oya="2" hai0="70,115,124,17,69,15,66,104,117,2,72,106,118" hai1="14,27,114,67,47,23,129,29,54,7,133,45,10" hai2="44,16,105,132,88,91,99,35,130,55,18,5,63" hai3="78,79,22,25,98,109,116,131,59,107,95,37,57"/><V135/><F130/><W75/><G109/><T21/><D115/><U20/><E114/><V80/><F35/><W73/><G116/><N who="0" m="44651" /><D2/><U43/><E133/><N who="2" m="51275" /><F5/><W112/><G37/><T74/><D124/><U6/><E129/><V42/><F55/><W93/><G112/><T58/><D58/><U102/><E67/><V94/><F63/><W24/><G98/><T103/><D103/><U38/><E102/><N who="2" m="62687" /><F80/><W62/><G62/><N who="0" m="40151" /><D70/><U134/><E134/><V8/><F8/><W90/><G131/><T123/><D123/><U61/><E61/><V84/><F91/><W31/><G22/><T60/><D60/><U32/><REACH who="1" step="1"/><E7/><REACH who="1" ten="260,240,260,230" step="2"/><V92/><F92/><W4/><G95/><T36/><D106/><U82/><E82/><V77/><F77/><W68/><G93/><T120/><D104/><U40/><E40/><V126/><F126/><W125/><G79/><T26/><D120/><U13/><E13/><V53/><F53/><W100/><G78/><T64/><D15/><U12/><E12/><V28/><F28/><W50/><G31/><T119/><D119/><U11/><E11/><V0/><F0/><W111/><G125/><T3/><D3/><U87/><E87/><V122/><F122/><W97/><G107/><T65/><D65/><U51/><AGARI ba="0,1" hai="6,10,14,20,23,27,29,32,38,43,45,47,51,54" machi="51" ten="30,8000,1" yaku="1,1,0,1,52,2,53,1" doraHai="41" doraHaiUra="30" who="1" fromWho="1" sc="260,-20,240,90,260,-40,230,-20" /><INIT seed="3,0,0,0,3,19" ten="240,330,220,210" oya="3" hai0="40,129,38,12,127,36,91,87,115,29,106,86,23" hai1="62,107,117,41,90,48,45,58,4,14,73,113,133" hai2="33,97,34,98,109,103,37,21,52,55,46,74,72" hai3="119,68,65,95,50,78,0,3,92,83,84,71,35"/><W24/><G119/><T31/><D106/><U39/><E73/><V57/><F109/><W42/><G92/><T60/><D127/><U53/><E107/><V70/><F70/><W93/><G95/><T79/><D129/><U49/><E113/><V8/><F8/><W44/><G68/><T135/><D135/><U118/><E90/><V121/><F121/><W77/><G77/><T27/><D79/><U108/><E4/><V32/><F37/><W134/><G134/><T54/><D115/><U80/><E80/><V69/><F69/><W112/><G112/><T64/><D64/><U111/><E14/><V28/><F46/><W10/><G93/><T124/><D124/><U102/><E102/><V101/><F33/><W30/><G65/><T2/><D2/><U61/><E133/><V25/><F25/><W11/><G71/><T104/><D27/><U130/><E49/><V122/><F28/><W66/><G66/><T126/><D40/><U89/><E89/><V6/><F122/><W1/><AGARI ba="0,0" hai="0,1,3,10,11,24,30,35,42,44,50,78,83,84" machi="1" ten="30,1500,0" yaku="0,1" doraHai="19" who="3" fromWho="3" sc="240,-5,330,-5,220,-5,210,15" /><INIT seed="3,1,0,4,4,112" ten="235,325,215,225" oya="3" hai0="60,24,26,101,110,58,57,129,19,55,59,88,98" hai1="79,21,39,99,125,53,68,116,87,8,34,93,3" hai2="45,4,85,100,121,134,29,22,89,86,115,74,80" hai3="122,6,62,15,32,41,14,95,92,90,0,42,106"/><W97/><G122/><T48/><D110/><U7/><E34/><V77/><F115/><W84/><G32/><T126/><D126/><U63/><E39/><V71/><F71/><W43/><G106/><T31/><D129/><U91/><E125/><V130/><F130/><W1/><G62/><T96/><D31/><U78/><E68/><V117/><F121/><W38/><G38/><T44/><D60/><U118/><E21/><V12/><F134/><W36/><G36/><T83/><D19/><U114/><E114/><V28/><F74/><W64/><G64/><T2/><D2/><U49/><E63/><V20/><F100/><W54/><G54/><T56/><N who="0" m="14336" /><DORA hai="76" /><T47/><D47/><N who="1" m="27839" /><E99/><N who="0" m="37929" /><D101/><U23/><E23/><N who="2" m="8747" /><F45/><W133/><G133/><T104/><D104/><U65/><E65/><V123/><F123/><W69/><G69/><T16/><D16/><U75/><E75/><V46/><F46/><W103/><REACH who="3" step="1"/><G15/><REACH who="3" ten="235,325,215,215" step="2"/><T128/><D128/><U33/><E33/><V18/><F12/><W61/><G61/><T13/><D13/><U109/><E109/><V72/><F28/><W111/><G111/><T131/><D131/><U81/><E3/><V17/><F29/><W67/><G67/><T52/><D55/><U105/><E105/><V73/><F73/><W35/><G35/><T124/><D124/><U132/><E132/><V108/><F72/><W40/><N who="3" m="10240" /><DORA hai="51" /><W70/><G70/><T102/><D102/><U30/><E30/><V25/><F108/><W120/><G120/><T127/><D127/><U9/><E9/><AGARI ba="1,1" hai="0,1,6,9,14,84,90,92,95,97,103" m="10240" machi="9" ten="50,12000,1" yaku="1,1,53,4" doraHai="112,76,51" doraHaiUra="37,135,27" who="3" fromWho="1" sc="235,0,325,-123,215,0,215,133" /><INIT seed="3,2,0,2,5,63" ten="235,202,215,348" oya="3" hai0="96,23,53,41,60,121,85,27,3,106,118,83,22" hai1="72,43,123,135,40,0,119,42,73,116,134,125,33" hai2="35,16,38,92,4,86,58,78,48,133,20,26,5" hai3="45,32,64,130,17,56,129,15,101,113,90,70,52"/><W68/><G32/><T7/><D118/><N who="1" m="45099" /><E0/><V11/><F38/><W104/><G113/><T117/><D121/><U2/><E33/><V103/><F133/><N who="1" m="50697" /><E2/><V18/><F35/><W8/><G90/><T80/><D41/><U14/><E14/><N who="2" m="7263" /><F103/><W49/><G101/><T10/><D96/><U126/><E123/><V67/><F48/><W111/><G104/><T95/><D106/><U124/><AGARI ba="2,0" hai="40,42,43,72,73,124,125,126" m="50697,45099" machi="124" ten="50,8000,1" yaku="28,2,18,1,12,1,20,1" doraHai="63" who="1" fromWho="1" sc="235,-22,202,86,215,-22,348,-42" /><INIT seed="4,0,0,1,0,49" ten="213,288,193,306" oya="0" hai0="37,46,83,36,72,129,92,117,127,134,102,74,124" hai1="13,105,61,51,113,60,68,0,64,107,26,119,62" hai2="88,45,66,86,9,20,7,97,84,6,126,34,75" hai3="77,135,99,111,42,11,109,14,108,53,21,118,121"/><T106/><D117/><U78/><E0/><V98/><F75/><W19/><G118/><T44/><D134/><U81/><E119/><V80/><F34/><W87/><G135/><T69/><D69/><U43/><E113/><V79/><F126/><N who="0" m="48170" /><D106/><U114/><E114/><V16/><F66/><W1/><G42/><T131/><D92/><U94/><E107/><V73/><F73/><N who="0" m="28266" /><D83/><U52/><E105/><V71/><F71/><W47/><G121/><T10/><D10/><U96/><E81/><N who="2" m="49167" /><F45/><N who="0" m="17514" /><D102/><U5/><E94/><V133/><F133/><W67/><G11/><T32/><D32/><U48/><E68/><V57/><F57/><W2/><G67/><T122/><D122/><U39/><E64/><V8/><F8/><W23/><G111/><T40/><D40/><U93/><E43/><V103/><F9/><W25/><G109/><T27/><D27/><U12/><E26/><N who="2" m="14599" /><F103/><W30/><G108/><T38/><AGARI ba="0,0" hai="36,37,38,129,131" m="17514,28266,48170" machi="38" ten="50,9600,0" yaku="28,2,18,1" doraHai="49" who="0" fromWho="0" sc="213,96,288,-32,193,-32,306,-32" /><INIT seed="4,1,0,0,4,106" ten="309,256,161,274" oya="0" hai0="99,64,65,113,25,2,33,126,31,13,72,16,44" hai1="62,134,133,86,88,37,85,43,58,28,57,115,9" hai2="35,93,97,80,0,27,109,52,70,7,69,79,108" hai3="114,92,4,17,1,103,117,120,105,90,59,6,119"/><T45/><D2/><U53/><E28/><V100/><F69/><W50/><G114/><T127/><D113/><U40/><E115/><V38/><F38/><W112/><G112/><T121/><D121/><U128/><E128/><V34/><F70/><W84/><G120/><T110/><D110/><U30/><E30/><V76/><F76/><W96/><G4/><T21/><D99/><U78/><E37/><V51/><F7/><W22/><G6/><T123/><D123/><U46/><E9/><V63/><F63/><W29/><G29/><T74/><D45/><U41/><E46/><V23/><F0/><W131/><G1/><T87/><D87/><U12/><E12/><V111/><F23/><W61/><G131/><T20/><D33/><U122/><E122/><V124/><F27/><W36/><G50/><T24/><D44/><U83/><REACH who="1" step="1"/><E58/><REACH who="1" ten="309,246,161,274" step="2"/><V67/><F124/><N who="0" m="47658" /><D13/><U116/><E116/><V5/><F5/><W95/><G119/><T11/><D11/><U102/><E102/><V135/><F34/><W8/><G8/><T42/><D42/><U49/><E49/><V10/><F10/><W55/><G117/><T130/><D130/><U75/><E75/><AGARI ba="1,1" hai="16,20,21,24,25,31,64,65,72,74,75" m="47658" machi="75" ten="30,12000,1" yaku="18,1,52,3,54,1" doraHai="106" who="0" fromWho="1" sc="309,133,246,-123,161,0,274,0" /><INIT seed="4,2,0,1,1,117" ten="442,123,161,274" oya="0" hai0="29,12,115,56,90,94,13,121,123,102,6,51,79" hai1="54,0,101,42,84,62,109,48,100,66,75,53,7" hai2="25,41,22,40,2,91,103,26,96,86,28,10,72" hai3="80,118,39,99,63,31,119,127,98,38,116,49,82"/><T133/><D115/><U35/><E75/><V83/><F72/><W107/><G107/><T93/><D79/><U20/><E35/><V73/><F73/><W57/><G49/><T128/><D29/><U36/><E109/><V120/><F120/><W61/><G57/><T9/><D133/><U87/><E0/><V125/><F125/><W37/><G31/><T18/><D128/><U110/><E7/><V44/><F44/><W1/><G1/><T124/><D102/><U24/><E36/><V131/><F131/><W4/><G4/><T11/><D124/><U65/><E42/><V43/><F2/><W97/><REACH who="3" step="1"/><G127/><REACH who="3" ten="442,123,161,264" step="2"/><T17/><D6/><U34/><E48/><V45/><F45/><W106/><G106/><T70/><D70/><U130/><E130/><V112/><F112/><W69/><G69/><T135/><D135/><U64/><E62/><AGARI ba="2,1" hai="37,38,39,61,62,63,80,82,97,98,99,116,118,119" machi="62" ten="60,8000,1" yaku="1,1,29,2,28,2,53,0" doraHai="117" doraHaiUra="14" who="3" fromWho="1" sc="442,0,123,-86,161,0,264,96" /><INIT seed="5,0,0,3,3,38" ten="442,37,161,360" oya="1" hai0="127,69,109,76,45,115,85,8,123,92,130,39,112" hai1="31,52,99,117,122,41,25,28,96,90,65,134,113" hai2="27,7,105,24,83,67,48,61,51,78,43,135,108" hai3="131,2,12,13,70,4,63,106,3,75,56,68,66"/><U79/><E122/><V120/><F108/><W126/><G75/><T20/><D69/><U86/><E117/><V14/><F105/><W102/><G106/><T104/><D104/><U21/><E134/><V17/><F7/><W77/><G77/><T9/><D109/><U15/><E65/><V11/><F135/><W114/><G102/><T18/><D130/><U97/><E113/><N who="0" m="43593" /><D127/><U60/><E79/><V59/><F120/><W71/><G114/><T54/><D54/><U116/><E116/><V53/><F48/><W81/><G81/><N who="0" m="47271" /><D92/><N who="1" m="54359" /><E15/><V91/><F91/><W103/><G103/><T32/><D32/><U29/><E41/><V26/><F43/><W35/><G35/><T124/><D124/><U93/><E93/><V16/><F17/><W49/><G12/><N who="0" m="9287" /><D123/><U33/><E33/><V37/><F37/><W72/><G72/><T10/><D45/><U125/><E125/><V0/><F0/><W98/><G2/><T133/><D39/><U30/><E30/><V94/><F94/><W129/><G3/><T36/><D36/><U50/><E60/><V42/><F42/><W58/><G126/><T87/><D87/><U95/><E95/><V82/><REACH who="2" step="1"/><F78/><REACH who="2" ten="442,37,151,360" step="2"/><W100/><G131/><T84/><D133/><U55/><E50/><V57/><AGARI ba="0,1" hai="11,14,16,24,26,27,51,53,57,59,61,67,82,83" machi="57" ten="30,8000,1" yaku="1,1,2,1,0,1,8,1,54,1,53,0" doraHai="38" doraHaiUra="64" who="2" fromWho="2" sc="442,-20,37,-40,151,90,360,-20" owari="422,52.0,-3,-50.0,241,-16.0,340,14.0" /></mjloggm>