<mjloggm ver="2.3"><GO type="169" lobby="0"/><UN n0="%50%49%58%49" n1="%E3%81%8D%E3%82%83%E3%83%BC%E3%82%8D%E3%82%93" n2="%E7%99%BD%E8%89%B2%E3%81%AE%E6%B0%B4" n3="%E3%83%A2%E3%83%AD%E3%83%98%E3%82%A4%E3%83%A4" dan="16,16,16,16" rate="2112.37,2098.62,2096.06,2110.28" sx="F,M,M,M"/><TAIKYOKU oya="0"/><INIT seed="0,0,0,3,5,114" ten="250,250,250,250" oya="0" hai0="41,6,31,16,38,74,112,92,133,59,40,84,52" hai1="64,57,70,107,42,109,73,118,60,111,83,91,48" hai2="123,96,25,128,82,98,71,116,18,58,17,53,46" hai3="67,130,95,87,106,4,75,1,113,115,20,78,65"/><T15/><D112/><U77/><E107/><V49/><F123/><W100/><G75/><T21/><D74/><U104/><E104/><V10/><F128/><W61/><G106/><T93/><D133/><U27/><E27/><V56/><F71/><W19/><G67/><T8/><D31/><U68/><E91/><V47/><F116/><W94/><G130/><T86/><D38/><U44/><E70/><V26/><F82/><W14/><G94/><N who="0" m="36459" /><D41/><U108/><E68/><V76/><F76/><W119/><G119/><AGARI ba="0,0" hai="42,44,48,57,60,64,73,77,83,108,109,111,118,119" machi="119" ten="40,5200,0" yaku="14,1,52,2" doraHai="114" who="1" fromWho="3" sc="250,0,250,52,250,0,250,-52" /><INIT seed="1,0,0,4,3,70" ten="250,302,250,198" oya="1" hai0="30,42,99,69,79,63,135,64,73,6,11,92,9" hai1="103,75,127,18,78,120,27,84,46,109,35,21,131" hai2="91,122,55,62,8,47,36,134,129,58,49,53,107" hai3="121,65,4,76,2,57,83,19,0,51,80,15,29"/><U31/><E120/><V17/><F107/><W72/><G121/><T94/><D135/><U25/><E127/><V108/><F122/><W85/><G4/><T23/><D11/><U112/><E131/><V54/><F129/><W132/><G29/><T44/><D30/><U20/><E112/><V98/><F134/><W12/><G12/><T82/><D23/><U13/><E75/><V68/><F108/><W113/><G113/><T100/><D100/><U33/><E103/><V59/><F68/><W43/><G132/><T86/><D86/><U37/><E109/><V102/><F91/><W81/><G65/><T133/><D99/><U104/><E104/><V90/><F90/><W39/><G51/><T126/><D126/><U115/><E115/><V96/><F102/><W130/><G57/><T77/><D77/><U71/><E71/><V61/><F36/><W111/><G130/><T89/><D89/><U7/><E46/><V66/><F66/><W10/><G111/><T28/><D28/><N who="1" m="17447" /><E37/><V114/><REACH who="2" step="1"/><F114/><REACH who="2" ten="250,302,240,198" step="2"/><W52/><G39/><T3/><D133/><U125/><E78/><V67/><F67/><W45/><G76/><T124/><D124/><U38/><E125/><V32/><F32/><N who="1" m="12361" /><E38/><AGARI ba="0,1" hai="3,6,9,38,42,44,63,64,69,73,79,82,92,94" machi="38" ten="30,7700,0" yaku="7,1,25,2,52,1" doraHai="70" who="0" fromWho="1" sc="250,87,302,-77,240,0,198,0" /><INIT seed="2,0,0,1,0,3" ten="337,225,240,198" oya="2" hai0="93,25,14,75,97,73,114,4,62,65,16,125,111" hai1="46,38,24,82,76,2,124,69,121,92,31,80,42" hai2="5,110,81,101,13,105,32,118,103,67,45,0,35" hai3="79,61,116,70,60,123,85,71,96,53,77,39,88"/><V126/><BYE who="3" /><F118/><W129/><G129/><T57/><D114/><U27/><E124/><V84/><F0/><W44/><G44/><T90/><D125/><U50/><E121/><V43/><F126/><W102/><G102/><T107/><D111/><U52/><E69/><UN n3="%E3%83%A2%E3%83%AD%E3%83%98%E3%82%A4%E3%83%A4" /><V6/><F67/><W17/><G39/><T11/><D107/><U132/><E2/><V83/><F110/><W64/><G123/><T9/><REACH who="0" step="1"/><D25/><REACH who="0" ten="327,225,240,198" step="2"/><U68/><E24/><V55/><F105/><W37/><G116/><T112/><D112/><U78/><E132/><V91/><F35/><W49/><G71/><T40/><D40/><U29/><E27/><V36/><F32/><W122/><G70/><T115/><D115/><U48/><E29/><V94/><F55/><W74/><G53/><T120/><D120/><U135/><E31/><V87/><F13/><AGARI ba="0,1" hai="4,9,11,13,14,16,57,62,65,73,75,90,93,97" machi="13" ten="30,7700,0" yaku="1,1,7,1,52,1,54,1,53,0" doraHai="3" doraHaiUra="66" who="0" fromWho="2" sc="327,87,225,0,240,-77,198,0" /><INIT seed="3,0,0,0,0,11" ten="414,225,163,198" oya="3" hai0="77,132,83,41,115,37,129,87,78,72,130,28,14" hai1="20,71,39,74,69,5,60,9,120,68,10,81,36" hai2="135,122,99,27,33,46,59,1,96,110,66,24,50" hai3="31,53,134,47,17,4,124,29,45,35,18,12,92"/><W6/><G134/><T16/><D132/><U65/><E120/><V127/><F135/><W126/><G92/><T57/><D115/><U131/><E20/><V38/><F38/><N who="1" m="14377" /><E10/><V90/><F122/><W2/><G53/><T93/><D28/><U22/><E22/><V44/><F110/><W102/><G102/><T117/><D117/><U118/><E118/><V51/><F33/><W30/><G35/><T108/><D108/><U58/><E131/><V32/><F32/><W111/><G111/><T82/><D93/><U64/><E9/><V116/><F1/><W15/><REACH who="3" step="1"/><G31/><REACH who="3" ten="414,225,163,188" step="2"/><T56/><D129/><U63/><E81/><V61/><F116/><W121/><G121/><T104/><D130/><U52/><E74/><V98/><F127/><W123/><G123/><T25/><D104/><U67/><E5/><V48/><REACH who="2" step="1"/><F90/><REACH who="2" ten="414,225,153,188" step="2"/><W114/><G114/><T109/><D109/><U89/><E89/><V19/><F19/><W113/><G113/><T125/><D125/><U26/><E26/><AGARI ba="0,2" hai="24,26,27,44,46,48,50,51,59,61,66,96,98,99" machi="26" ten="40,2600,0" yaku="1,1,8,1,53,0" doraHai="11" doraHaiUra="97" who="2" fromWho="1" sc="414,0,225,-26,153,46,188,0" /><INIT seed="4,0,0,1,3,67" ten="414,199,199,188" oya="0" hai0="128,109,55,66,73,90,36,13,34,119,102,108,81" hai1="129,5,25,85,54,118,135,8,22,97,127,94,113" hai2="104,18,117,101,21,26,103,99,47,19,42,105,2" hai3="68,93,115,38,123,106,87,28,7,31,125,107,71"/><T48/><D36/><U44/><E118/><V30/><F117/><W15/><G38/><T10/><D119/><U62/><E127/><V64/><F2/><W24/><G115/><T131/><D34/><U124/><E124/><V16/><F64/><W11/><G125/><T80/><D102/><U82/><E129/><N who="0" m="49737" /><D66/><U58/><E135/><V61/><F61/><W39/><G39/><T74/><D55/><U59/><E113/><V69/><F69/><W33/><G31/><T51/><D13/><U110/><E110/><N who="0" m="42601" /><D10/><U49/><E62/><V130/><F130/><W52/><G52/><T32/><D32/><U60/><E60/><V88/><F103/><W4/><G15/><T84/><D51/><U83/><E8/><V46/><F104/><W98/><G11/><T100/><D48/><U45/><E5/><V0/><F0/><W70/><G4/><T12/><D12/><U79/><E83/><N who="0" m="31817" /><D100/><N who="1" m="60471" /><E59/><V53/><F53/><W17/><G7/><T40/><D40/><U65/><E65/><V96/><F42/><W20/><G33/><T35/><D35/><U89/><E89/><V134/><F134/><W37/><G37/><T133/><D133/><U116/><E116/><V50/><F50/><W126/><G126/><T57/><D57/><U114/><E114/><V6/><F6/><W92/><G70/><T1/><D1/><U27/><E27/><V63/><F63/><W23/><G24/><T121/><D121/><U75/><E22/><V95/><AGARI ba="0,0" hai="16,18,19,21,26,30,46,47,88,95,96,99,101,105" machi="95" ten="30,4000,0" yaku="0,1,54,2" doraHai="67" who="2" fromWho="2" sc="414,-20,199,-10,199,40,188,-10" /><INIT seed="5,0,0,3,3,32" ten="394,189,239,178" oya="1" hai0="69,124,6,89,83,122,33,71,10,78,53,85,130" hai1="24,104,7,82,132,81,84,49,60,96,8,2,17" hai2="22,50,11,112,63,39,120,73,45,18,128,101,9" hai3="75,3,126,15,27,46,121,20,29,62,118,115,76"/><U86/><E132/><V113/><F39/><W14/><G121/><T64/><D122/><U19/><E60/><V125/><F120/><W117/><G115/><N who="2" m="44105" /><F73/><W30/><G126/><T80/><D33/><U131/><E131/><V44/><F125/><W43/><G30/><T108/><D108/><U100/><E24/><N who="2" m="14423" /><F128/><W37/><G3/><T90/><D124/><U93/><E49/><V116/><F116/><N who="3" m="44651" /><G62/><T87/><D130/><U25/><E25/><V34/><F34/><W28/><G29/><T70/><D53/><U51/><E104/><V103/><F63/><W123/><G123/><T52/><D78/><U31/><E31/><V97/><F45/><W47/><G46/><T16/><D64/><U95/><E95/><N who="2" m="58559" /><F103/><W134/><G134/><T38/><D38/><U127/><E127/><V57/><F57/><W135/><G135/><T54/><D69/><U42/><E51/><V35/><F35/><W79/><G75/><T72/><D72/><U48/><E48/><V106/><F106/><W109/><G109/><T119/><D119/><U67/><E67/><V40/><AGARI ba="0,0" hai="9,11,40,44,50" m="58559,14423,44105" machi="40" ten="30,2000,0" yaku="15,1,11,1" doraHai="32" who="2" fromWho="2" sc="394,-5,189,-10,239,20,178,-5" /><INIT seed="6,0,0,4,5,92" ten="389,179,259,173" oya="2" hai0="132,24,101,131,54,47,123,66,58,81,71,94,41" hai1="99,53,20,124,122,95,93,89,112,83,113,79,80" hai2="119,118,35,2,82,62,120,33,90,27,5,28,121" hai3="3,26,22,91,115,129,12,25,11,105,31,36,76"/><V57/><F82/><W9/><G36/><T44/><D123/><N who="2" m="47178" /><F90/><W29/><G105/><T102/><D81/><U84/><E122/><V14/><F62/><W51/><G76/><T86/><D24/><U6/><E6/><V21/><F57/><W0/><G51/><T127/><D47/><U111/><E111/><V50/><F50/><W75/><G91/><T125/><D66/><U16/><E124/><V38/><F38/><W128/><G75/><T42/><D71/><U64/><E64/><V96/><F96/><W104/><G104/><T114/><D44/><U4/><E53/><V1/><F14/><W63/><G63/><T77/><D77/><U49/><E49/><V108/><F108/><W45/><G45/><T87/><D94/><U7/><E113/><V40/><F40/><W10/><G12/><T34/><D114/><U74/><E112/><V106/><F106/><W100/><G100/><T68/><D68/><U17/><E74/><V98/><F98/><W133/><G115/><T19/><D58/><U109/><E109/><V69/><F69/><W135/><G11/><T73/><D73/><U52/><E52/><V130/><F130/><W59/><G59/><T23/><D54/><U117/><E79/><V61/><F61/><W18/><G18/><T30/><D19/><U97/><E17/><V39/><F39/><W103/><G103/><T37/><D37/><U46/><E46/><V13/><F13/><W65/><G65/><T56/><D56/><U8/><E89/><V110/><F110/><W116/><G116/><N who="2" m="44585" /><F1/><W85/><G85/><T126/><D126/><RYUUKYOKU ba="0,0" sc="389,-15,179,-15,259,15,173,15" hai2="2,5,21,27,28,33,35" hai3="0,3,9,10,22,25,26,29,31,128,129,133,135" /><INIT seed="6,1,0,2,4,82" ten="374,164,274,188" oya="2" hai0="98,17,40,122,131,15,91,23,62,61,59,118,46" hai1="35,87,77,101,100,90,21,129,78,11,25,38,39" hai2="104,3,50,2,20,114,85,14,53,7,94,63,6" hai3="84,33,72,34,31,127,107,28,27,110,69,74,56"/><V123/><F104/><W5/><G69/><T42/><D122/><U103/><E129/><V8/><F123/><W89/><G107/><T71/><D131/><U80/><E35/><V67/><F114/><W9/><G110/><T133/><D133/><U16/><E39/><V47/><F20/><W102/><G102/><T86/><D118/><U52/><E38/><V116/><F116/><W51/><G127/><T44/><D71/><U111/><E111/><V79/><F7/><W1/><G56/><T88/><D98/><U109/><E109/><V124/><F124/><W58/><G58/><T18/><D59/><U12/><REACH who="1" step="1"/><E52/><REACH who="1" ten="374,154,274,188" step="2"/><V30/><F30/><AGARI ba="1,1" hai="11,12,16,21,25,30,77,78,80,87,90,100,101,103" machi="30" ten="40,8000,1" yaku="1,1,2,1,8,1,52,1,54,1,53,0" doraHai="82" doraHaiUra="29" who="1" fromWho="2" sc="374,0,154,93,274,-83,188,0" /><INIT seed="7,0,0,3,5,78" ten="374,247,191,188" oya="3" hai0="50,82,107,112,19,67,46,11,54,92,62,65,16" hai1="37,10,106,93,43,9,31,110,59,51,56,47,17" hai2="83,20,55,77,66,124,22,96,91,102,30,57,105" hai3="52,36,69,101,135,68,14,26,81,63,125,24,89"/><W38/><G135/><T88/><D107/><U109/><E106/><V70/><F124/><W7/><G125/><T133/><D133/><U79/><E79/><V94/><F30/><W99/><G38/><T21/><D112/><U104/><E104/><V132/><F66/><W0/><G0/><T64/><D82/><U44/><E31/><V127/><F70/><W25/><G36/><T45/><D45/><U8/><E93/><V34/><F34/><W2/><G2/><T29/><D11/><U95/><E95/><V41/><F41/><W49/><G63/><T32/><D32/><U90/><E90/><V131/><F127/><W15/><G69/><T103/><D103/><U118/><E37/><V3/><F3/><W72/><G68/><T61/><D29/><U97/><E17/><N who="0" m="6729" /><D21/><U40/><E97/><AGARI ba="0,0" hai="46,50,54,61,62,64,65,67,88,92,97" m="6729" machi="97" ten="30,3900,0" yaku="8,1,54,2" doraHai="78" who="0" fromWho="1" sc="374,39,247,-39,191,0,188,0" owari="413,51.0,208,1.0,191,-21.0,188,-31.0" /></mjloggm>