<mjloggm ver="2.3"><GO type="169" lobby="0"/><UN n0="%E3%81%AF%E3%81%92%E3%81%97%E3%81%8F%E3%82%A6%E3%83%84" n1="%E8%A3%B8%E3%82%B4%E3%83%AA%E3%83%A9" n2="%E3%83%9A%E3%83%81%E3%83%A7%E3%83%BC%E3%83%AA%E3%83%B3" n3="%E3%81%8B%E3%81%B6%E8%8C%B6" dan="16,16,16,16" rate="2105.52,2114.20,2070.74,2174.34" sx="M,M,M,M"/><TAIKYOKU oya="0"/><INIT seed="0,0,0,5,4,61" ten="250,250,250,250" oya="0" hai0="115,56,85,34,67,89,2,24,4,32,66,8,7" hai1="43,112,82,41,47,93,131,94,51,96,54,29,117" hai2="103,12,36,68,63,80,119,133,25,91,49,57,74" hai3="121,124,17,102,46,88,105,116,5,27,120,81,114"/><T30/><D115/><U39/><E117/><V62/><F36/><W20/><G116/><T100/><D34/><U134/><E112/><V106/><F133/><W6/><G114/><T0/><D100/><U70/><E131/><V87/><F119/><W135/><G135/><T113/><D113/><U58/><E134/><V60/><F74/><W31/><G124/><T52/><D4/><U48/><E29/><V90/><F90/><W130/><G130/><T109/><D0/><U18/><E70/><V123/><F123/><N who="3" m="47179" /><G46/><T78/><D78/><U33/><E33/><V125/><F125/><W111/><G111/><T21/><D32/><U28/><E28/><V122/><F122/><W77/><G88/><T45/><D45/><U83/><E18/><V26/><F68/><W1/><G1/><T92/><D109/><U76/><E39/><V127/><F127/><W35/><G105/><T38/><D38/><U84/><E96/><V99/><F12/><N who="3" m="9255" /><G102/><T98/><D98/><U22/><E41/><V108/><F108/><W14/><G14/><T19/><D30/><U3/><E3/><V128/><F128/><W13/><G13/><T132/><D132/><U75/><E22/><V71/><F71/><W73/><AGARI ba="0,0" hai="5,6,27,31,35,73,77,81" m="9255,47179" machi="73" ten="30,1100,0" yaku="13,1" doraHai="61" who="3" fromWho="3" sc="250,-5,250,-3,250,-3,250,11" /><INIT seed="1,0,0,5,3,72" ten="245,247,247,261" oya="1" hai0="118,130,47,7,66,6,99,121,98,45,11,89,117" hai1="119,27,107,83,110,0,49,127,74,48,69,123,116" hai2="5,14,16,126,42,113,67,8,54,96,37,26,64" hai3="133,86,68,92,2,95,31,80,3,30,73,33,38"/><U87/><E123/><V79/><F126/><W109/><G68/><T41/><D121/><U81/><E0/><V88/><F113/><W100/><G73/><T35/><D35/><U25/><E69/><V57/><F42/><W58/><G38/><T53/><D130/><U132/><E74/><V75/><F37/><W59/><G33/><T125/><D125/><U21/><E127/><V62/><F75/><W19/><G19/><T44/><D66/><U108/><E107/><V17/><F79/><W34/><G34/><T18/><D41/><U93/><E93/><N who="2" m="56359" /><F17/><W94/><G100/><T97/><D89/><U51/><E132/><V106/><F106/><W122/><G122/><T101/><D101/><U78/><E83/><V43/><F43/><W129/><G129/><T112/><D112/><U124/><E124/><V12/><F12/><W115/><G115/><T28/><D28/><N who="1" m="17455" /><E27/><V32/><F32/><W63/><G133/><T90/><D90/><U4/><E4/><V60/><F62/><W40/><G40/><T23/><D53/><U9/><E9/><V111/><F111/><AGARI ba="0,0" hai="48,49,51,78,81,87,108,110,111,116,119" m="17455" machi="111" ten="30,5800,0" yaku="14,1,10,1,52,1" doraHai="72" who="1" fromWho="2" sc="245,0,247,58,247,-58,261,0" /><INIT seed="1,1,0,4,1,46" ten="245,305,189,261" oya="1" hai0="56,60,90,76,11,129,7,106,29,16,117,42,98" hai1="43,94,31,45,78,19,135,0,12,104,114,92,71" hai2="41,62,40,128,50,30,10,88,48,83,35,67,111" hai3="64,26,49,77,72,57,86,74,87,24,17,61,39"/><U85/><E114/><V131/><F111/><W101/><G39/><T28/><D117/><U115/><E104/><V113/><F113/><W4/><G4/><T51/><D129/><U125/><E71/><V80/><F10/><W122/><G122/><T52/><D76/><U22/><E125/><V84/><F80/><W54/><G101/><T133/><D133/><U14/><E0/><V82/><F82/><W37/><G37/><T97/><D106/><U5/><E135/><V68/><F30/><N who="0" m="11882" /><D7/><U38/><E31/><V47/><F35/><W95/><G86/><T93/><D98/><U102/><E102/><V20/><F20/><W23/><G26/><T127/><D127/><U33/><E33/><V6/><F6/><W21/><G21/><T36/><D36/><U108/><E108/><V69/><F68/><W121/><G121/><T79/><D79/><U53/><E115/><V55/><REACH who="2" step="1"/><F41/><REACH who="2" ten="245,305,179,261" step="2"/><W109/><G109/><T18/><D11/><N who="1" m="4207" /><E43/><V103/><F103/><W91/><REACH who="3" step="1"/><G77/><REACH who="3" ten="245,305,179,251" step="2"/><T8/><D8/><U15/><E78/><V132/><F132/><W130/><G130/><T27/><D27/><U9/><E22/><V124/><F124/><W100/><G100/><T134/><D134/><U1/><E9/><V13/><F13/><W118/><G118/><T63/><D42/><U120/><E14/><V3/><F3/><W44/><AGARI ba="1,2" hai="17,23,24,44,49,54,57,61,64,72,74,87,91,95" machi="44" ten="20,5200,0" yaku="1,1,0,1,7,1,52,1,53,0" doraHai="46" doraHaiUra="70" who="3" fromWho="3" sc="245,-14,305,-27,179,-14,251,75" /><INIT seed="2,0,0,4,0,62" ten="231,278,165,326" oya="2" hai0="69,34,41,92,57,56,135,11,81,44,29,109,125" hai1="118,100,119,12,20,128,103,112,83,105,2,122,75" hai2="82,117,59,108,67,99,129,126,35,18,68,79,4" hai3="94,43,90,61,16,30,84,31,33,19,114,58,10"/><V14/><F117/><W17/><G114/><T53/><D109/><U71/><E20/><V49/><F35/><W70/><G70/><T72/><D69/><U110/><E12/><V51/><F108/><W131/><G131/><T66/><D125/><U37/><E83/><V91/><F126/><W42/><G10/><T26/><D135/><U6/><E100/><V89/><F68/><W0/><G0/><T107/><D107/><U7/><E103/><V23/><F129/><W38/><G38/><T121/><D121/><U32/><E7/><V9/><F49/><W21/><G33/><T47/><D92/><U5/><E6/><V130/><F99/><W97/><G97/><T77/><D11/><U24/><E24/><N who="2" m="14455" /><F130/><W134/><G134/><T25/><D25/><U40/><E5/><V116/><F116/><W28/><REACH who="3" step="1"/><G21/><REACH who="3" ten="231,278,165,316" step="2"/><T73/><D73/><U63/><E119/><V86/><F51/><W3/><G3/><T36/><D36/><U46/><E118/><V96/><F96/><W85/><G85/><T15/><D34/><U115/><E128/><V74/><F74/><W52/><AGARI ba="0,1" hai="16,17,19,28,30,31,42,43,52,58,61,84,90,94" machi="52" ten="30,8000,1" yaku="1,1,0,1,8,1,54,2,53,0" doraHai="62" doraHaiUra="64" who="3" fromWho="3" sc="231,-20,278,-20,165,-40,316,90" /><INIT seed="3,0,0,2,4,125" ten="211,258,125,406" oya="3" hai0="7,82,124,81,65,16,57,24,135,127,48,13,90" hai1="128,80,79,17,85,43,133,25,116,46,70,129,78" hai2="19,53,42,86,83,2,55,11,26,101,18,93,40" hai3="122,52,94,76,1,45,10,58,73,31,4,120,44"/><W104/><G104/><T123/><D123/><U74/><E70/><V113/><F113/><W99/><G31/><T102/><D135/><U36/><E133/><V56/><F55/><W134/><G134/><T71/><D102/><U0/><E0/><V106/><F106/><W35/><G35/><T59/><D71/><U32/><E116/><V75/><F75/><W88/><G73/><T77/><D90/><U38/><E38/><V29/><F2/><W9/><G9/><T3/><D24/><U64/><E64/><V61/><F18/><W107/><G76/><T126/><D77/><U87/><E17/><V131/><F131/><N who="1" m="50249" /><E78/><V109/><F109/><W8/><G8/><T114/><D114/><U91/><E91/><V69/><F69/><W47/><REACH who="3" step="1"/><G107/><REACH who="3" ten="211,258,125,396" step="2"/><T20/><D124/><U49/><E36/><V5/><F11/><W130/><G130/><T96/><D126/><U14/><E14/><V51/><F29/><AGARI ba="0,1" hai="25,29,32,43,46,49,74,79,80,85,87" m="50249" machi="29" ten="30,7700,0" yaku="19,1,52,3" doraHai="125" who="1" fromWho="2" sc="211,0,258,87,125,-77,396,0" /><INIT seed="4,0,0,4,2,124" ten="211,345,48,396" oya="0" hai0="52,53,15,30,118,6,73,110,117,72,10,105,57" hai1="91,8,40,65,129,61,74,68,50,100,106,121,102" hai2="81,37,112,36,131,66,64,16,126,130,60,111,116" hai3="43,84,42,123,96,79,63,2,31,22,38,119,128"/><T17/><D105/><U14/><E121/><V101/><F111/><W133/><G119/><T82/><D110/><U93/><E74/><V90/><F126/><W69/><G2/><T76/><D72/><U127/><E106/><V21/><F116/><W132/><G123/><T103/><D103/><U33/><E33/><V89/><F101/><W80/><G96/><T86/><D30/><U24/><E24/><V78/><F112/><W7/><G7/><T85/><D73/><U0/><E0/><V104/><F104/><W98/><G98/><T1/><D85/><U114/><E40/><V46/><F46/><W26/><G38/><N who="2" m="14953" /><F78/><W67/><G128/><N who="2" m="49193" /><F81/><W4/><G4/><T94/><D94/><U35/><E114/><V87/><F87/><W122/><G122/><T71/><D71/><U107/><E107/><V48/><F48/><W3/><G3/><T92/><D92/><U113/><E50/><V41/><F41/><W59/><G69/><T23/><D53/><U5/><E113/><V51/><F51/><AGARI ba="0,0" hai="1,6,10,15,17,23,51,52,57,76,82,86,117,118" machi="51" ten="30,2900,0" yaku="7,1,54,1" doraHai="124" who="0" fromWho="2" sc="211,29,345,0,48,-29,396,0" /><INIT seed="4,1,0,5,0,65" ten="240,345,19,396" oya="0" hai0="11,96,79,23,106,102,114,52,54,40,31,56,53" hai1="2,34,117,128,81,28,120,24,4,37,71,43,94" hai2="107,90,108,41,121,10,64,113,135,104,130,21,18" hai3="5,111,3,103,66,48,13,15,59,30,115,83,131"/><T58/><D114/><U99/><E120/><V62/><F108/><W47/><G111/><T27/><D40/><U119/><E128/><V89/><F121/><W116/><G116/><T122/><D122/><U109/><E109/><V39/><F113/><W93/><G115/><T118/><D118/><U134/><E134/><V16/><F130/><W67/><G3/><T100/><D79/><U78/><E71/><V133/><F41/><W46/><G30/><T61/><D11/><N who="1" m="2455" /><E94/><V105/><F39/><W86/><G5/><T125/><D125/><U110/><E99/><V36/><F36/><W101/><G93/><T126/><D126/><U95/><E95/><V42/><F42/><W25/><G25/><T49/><REACH who="0" step="1"/><D102/><REACH who="0" ten="230,345,19,396" step="2"/><U129/><E110/><V60/><F135/><W35/><G101/><T87/><D87/><U20/><E129/><V80/><F133/><W85/><G103/><T57/><D57/><U73/><E34/><V76/><F10/><W8/><G8/><T82/><D82/><U12/><E43/><V29/><F29/><W1/><G83/><T14/><D14/><U63/><E12/><V72/><F18/><W88/><G131/><T0/><D0/><U92/><E37/><V44/><F44/><W123/><G1/><T124/><D124/><U51/><E119/><V132/><F132/><W45/><G123/><T91/><D91/><N who="2" m="34826" /><F64/><AGARI ba="1,1" hai="23,27,31,49,52,53,54,56,58,61,64,96,100,106" machi="64" ten="30,11600,0" yaku="1,1,7,1,54,1,53,1" doraHai="65" doraHaiUra="97" who="0" fromWho="2" sc="230,129,345,0,19,-119,396,0" owari="359,16.0,345,-5.0,-100,-60.0,396,49.0" /></mjloggm>