<mjloggm ver="2.3"><GO type="185" lobby="0"/><UN n0="%E3%81%9D%E3%81%86%E3%81%A1%E3%82%87" n1="%E3%83%84%E3%83%BC%E3%82%A2%E3%82%A6%E3%83%88" n2="%E3%83%8F%E3%83%94%E3%83%AA%E3%83%83%E3%83%88" n3="" dan="17,16,17,0" rate="2235.01,2202.14,2245.14,1500.00" sx="F,M,M,C"/><TAIKYOKU oya="0"/><INIT seed="0,0,0,1,3,50" ten="350,350,350,0" oya="0" hai0="128,89,132,33,39,122,126,129,85,116,123,62,104" hai1="58,108,112,94,95,82,63,115,131,80,81,119,124" hai2="64,107,36,72,120,38,125,44,86,101,134,41,97" hai3=""/><T66/><N who="0" m="31264" /><T100/><N who="0" m="31520" /><T53/><D116/><U76/><E119/><V34/><N who="2" m="30752" /><V55/><F34/><T114/><D114/><N who="1" m="43563" /><E124/><V46/><F72/><T35/><D126/><U109/><E131/><N who="0" m="50249" /><D132/><U79/><E58/><V47/><F125/><T73/><D39/><U135/><E63/><V106/><F134/><T91/><D73/><U99/><E135/><V127/><F127/><T67/><D53/><U0/><E0/><V78/><F107/><T69/><D66/><U40/><E40/><V3/><F3/><T71/><D69/><U68/><E68/><V102/><F64/><T48/><D48/><U77/><E99/><V84/><F41/><T87/><D35/><U113/><N who="1" m="43571" /><U57/><DORA hai="32" /><E57/><V105/><F36/><T2/><D33/><U118/><E118/><V42/><F38/><T83/><D2/><U56/><E56/><V88/><F42/><T49/><D49/><U92/><AGARI ba="0,0" hai="76,77,79,80,81,82,92,94,95,108,109" m="43571" machi="92" ten="60,9000,2" yaku="29,2,28,2,11,1,34,2" doraHai="50,32" who="1" fromWho="1" sc="350,-60,350,90,350,-30,0,0" /><INIT seed="1,0,0,5,2,36" ten="290,440,320,0" oya="1" hai0="35,64,68,74,56,110,47,108,86,81,63,94,41" hai1="66,101,75,87,131,42,123,121,103,89,112,50,117" hai2="51,134,78,60,130,104,132,127,82,71,40,115,1" hai3=""/><U62/><N who="1" m="31008" /><U59/><N who="1" m="31520" /><U99/><E117/><V70/><F1/><T96/><D74/><U90/><E75/><V34/><F34/><T73/><D73/><U111/><E112/><V44/><F104/><T95/><D35/><U45/><E131/><V114/><F127/><T76/><D68/><U102/><E111/><N who="0" m="42537" /><D96/><U118/><E118/><V53/><F130/><T98/><D98/><U120/><N who="1" m="30752" /><U83/><E90/><V97/><F97/><AGARI ba="0,0" hai="42,45,50,59,62,66,83,87,89,97,99,101,102,103" m="30752,31520,31008" machi="97" ten="40,12000,1" yaku="8,1,52,4" doraHai="36" who="1" fromWho="2" sc="290,0,440,120,320,-120,0,0" /><INIT seed="1,1,0,3,1,112" ten="290,560,200,0" oya="1" hai0="48,95,77,53,117,126,69,35,98,52,130,61,105" hai1="79,75,86,108,94,101,41,59,66,129,78,55,72" hai2="2,38,121,47,131,65,73,51,120,74,116,58,62" hai3=""/><U87/><E129/><V109/><N who="2" m="30752" /><V110/><N who="2" m="31008" /><V125/><F2/><T50/><D35/><U99/><E41/><V64/><F131/><T76/><D130/><U90/><E66/><V103/><F125/><T100/><D117/><U49/><E108/><N who="2" m="41579" /><F38/><T113/><D113/><U39/><E39/><V40/><F116/><T54/><D126/><U85/><REACH who="1" step="1"/><E90/><REACH who="1" ten="290,550,200,0" step="2"/><V36/><F65/><T45/><D69/><U119/><E119/><V93/><F36/><T82/><D53/><U133/><E133/><V63/><F63/><T124/><D61/><U33/><E33/><V1/><F1/><T44/><D124/><U56/><E56/><V80/><F58/><T37/><D37/><U88/><E88/><V134/><F62/><T106/><REACH who="0" step="1"/><D76/><AGARI ba="1,1" hai="49,55,59,72,75,76,78,79,85,86,87,94,99,101" machi="76" ten="40,2000,0" yaku="1,1,53,0" doraHai="112" doraHaiUra="115" who="1" fromWho="0" sc="290,-22,550,32,200,0,0,0" /><INIT seed="1,2,0,3,0,97" ten="268,582,200,0" oya="1" hai0="34,57,91,49,76,32,127,89,120,129,56,1,69" hai1="90,0,77,86,59,125,122,36,133,72,94,37,55" hai2="132,61,135,134,113,123,126,108,50,60,71,75,3" hai3=""/><U83/><N who="1" m="31264" /><U116/><E0/><V79/><N who="2" m="31520" /><V87/><F3/><T44/><N who="0" m="30752" /><T107/><D69/><U62/><E116/><V81/><F108/><T114/><D114/><U88/><E125/><V130/><F126/><T119/><D127/><U98/><REACH who="1" step="1"/><E133/><REACH who="1" ten="268,572,200,0" step="2"/><V85/><F134/><T51/><D1/><U109/><E109/><V78/><F135/><T48/><D32/><U124/><E124/><V68/><F132/><T96/><D34/><U84/><E84/><V66/><F87/><T64/><D119/><U103/><E103/><V73/><F85/><T104/><D129/><U80/><AGARI ba="2,1" hai="36,37,55,59,62,72,77,80,83,86,88,90,94,98" m="31264" machi="80" ten="20,12000,2" yaku="1,1,0,1,7,1,52,1,54,1,53,1" doraHai="97" doraHaiUra="117" who="1" fromWho="1" sc="268,-62,572,134,200,-62,0,0" /><INIT seed="1,3,0,0,5,77" ten="206,706,138,0" oya="1" hai0="112,110,74,35,86,54,70,45,63,134,49,73,135" hai1="61,81,33,44,37,68,82,93,76,109,114,2,87" hai2="129,40,88,51,79,67,38,64,78,36,52,130,3" hai3=""/><U60/><E2/><V115/><F3/><T107/><D112/><U100/><E33/><V71/><F115/><T39/><D35/><U57/><E114/><V69/><F88/><T119/><D110/><U53/><E109/><V97/><F97/><T89/><D107/><U104/><E104/><V58/><F78/><T102/><D102/><U59/><E68/><N who="2" m="26187" /><F79/><T72/><D39/><N who="2" m="14890" /><F40/><T80/><D119/><U75/><E100/><V108/><F108/><T34/><D34/><U105/><E105/><V132/><F132/><T43/><D135/><U120/><N who="1" m="30752" /><U128/><E93/><V127/><F127/><T94/><D134/><U91/><E37/><V116/><F116/><T113/><D113/><U46/><E128/><AGARI ba="3,0" hai="51,52,58,64,67,128,129,130" m="14890,26187" machi="128" ten="40,8000,1" yaku="19,1,34,2,54,1" doraHai="77" who="2" fromWho="1" sc="206,0,706,-86,138,86,0,0" /><INIT seed="2,0,0,5,3,62" ten="206,620,224,0" oya="2" hai0="106,97,74,70,69,32,126,60,53,75,100,129,42" hai1="82,67,48,80,39,122,64,73,65,117,81,66,51" hai2="108,130,54,128,120,1,58,123,59,110,44,71,37" hai3=""/><V118/><N who="2" m="30752" /><V104/><N who="2" m="31520" /><V95/><F1/><T99/><D32/><U90/><N who="1" m="31264" /><U102/><N who="1" m="16384" /><DORA hai="78" /><U43/><E117/><V45/><F104/><T47/><D129/><N who="2" m="49770" /><F118/><T50/><D126/><U57/><E73/><V103/><F71/><T135/><D135/><U111/><E111/><N who="2" m="42539" /><F37/><T0/><D0/><U56/><E102/><V132/><F132/><T115/><D115/><U68/><E68/><V79/><F79/><T91/><D99/><U46/><REACH who="1" step="1"/><E90/><REACH who="1" ten="206,610,224,0" step="2"/><V93/><F103/><T84/><D69/><U85/><E85/><V119/><F119/><T109/><D70/><U114/><E114/><V2/><F2/><T134/><D109/><U38/><E38/><V133/><F133/><T83/><D134/><U40/><E40/><V127/><F127/><T36/><D36/><U98/><E98/><V33/><F33/><T125/><D125/><U131/><E131/><V89/><F89/><T41/><D41/><U49/><AGARI ba="0,1" hai="39,43,46,48,49,51,56,57,80,81,82" m="16384,31264" machi="49" ten="50,18000,4" yaku="1,1,0,1,29,2,52,8,53,0" doraHai="62,78" doraHaiUra="124,86" who="1" fromWho="1" sc="206,-60,610,190,224,-120,0,0" /><INIT seed="4,0,0,5,4,92" ten="146,800,104,0" oya="0" hai0="41,113,94,114,123,72,112,34,76,66,130,78,80" hai1="125,126,55,62,107,45,33,127,35,84,89,86,81" hai2="73,37,96,91,131,52,98,68,103,108,70,129,46" hai3=""/><T40/><N who="0" m="31520" /><T109/><D130/><N who="2" m="49674" /><F108/><T77/><D109/><U3/><E3/><V54/><F73/><T88/><D34/><U2/><E2/><V69/><F91/><T39/><D66/><U0/><E0/><V111/><F111/><T38/><D40/><U97/><E86/><V110/><F110/><T50/><D50/><U58/><E45/><V79/><F79/><N who="0" m="30282" /><D41/><U53/><E53/><N who="2" m="20587" /><F103/><AGARI ba="0,0" hai="33,35,55,58,62,81,84,89,97,103,107,125,126,127" machi="103" ten="40,2600,0" yaku="18,1,52,1" doraHai="92" who="1" fromWho="2" sc="146,0,800,26,104,-26,0,0" /><INIT seed="5,0,0,5,3,46" ten="146,826,78,0" oya="1" hai0="75,94,123,82,111,120,113,77,55,70,132,69,54" hai1="118,87,3,58,36,62,64,108,40,57,133,129,45" hai2="73,51,88,110,59,115,126,84,61,86,96,60,131" hai3=""/><U1/><E118/><V104/><F73/><T83/><N who="0" m="30752" /><T41/><N who="0" m="31520" /><T47/><D111/><U106/><E108/><V105/><F110/><T122/><N who="0" m="31264" /><T78/><D113/><U80/><E129/><V121/><N who="2" m="31008" /><V134/><F131/><T50/><D132/><U127/><E133/><V72/><F72/><T74/><D94/><U2/><E106/><V53/><F134/><T128/><D128/><U116/><E116/><V52/><F126/><T92/><D92/><U117/><E117/><V100/><F105/><T114/><D114/><U119/><E119/><V135/><F135/><T79/><D77/><U93/><E127/><V112/><F86/><T125/><D125/><U81/><REACH who="1" step="1"/><E58/><REACH who="1" ten="146,816,78,0" step="2"/><V39/><F112/><T35/><D35/><U124/><E124/><V89/><F115/><T90/><D90/><AGARI ba="0,1" hai="1,2,3,36,40,45,57,62,64,80,81,87,90,93" machi="90" ten="40,3900,0" yaku="1,1,53,1" doraHai="46" doraHaiUra="71" who="1" fromWho="0" sc="146,-39,816,49,78,0,0,0" /><INIT seed="5,1,0,5,4,80" ten="107,865,78,0" oya="1" hai0="82,1,41,86,56,40,35,42,48,106,59,49,34" hai1="0,109,134,96,50,74,60,93,53,117,58,83,63" hai2="46,102,92,135,55,67,113,119,57,36,3,95,77" hai3=""/><U75/><E0/><V91/><F3/><T126/><D106/><U94/><E117/><V81/><F119/><T87/><D126/><U100/><E109/><V33/><F33/><T65/><D1/><U44/><E134/><V104/><F104/><T73/><D73/><U131/><E131/><V101/><F135/><T122/><N who="0" m="31264" /><T110/><D82/><U68/><E83/><V2/><F2/><T85/><D65/><U52/><REACH who="1" step="1"/><E94/><REACH who="1" ten="107,855,78,0" step="2"/><V105/><F95/><T132/><D132/><U123/><N who="1" m="31520" /><U121/><N who="1" m="31008" /><U108/><E108/><V43/><F105/><T38/><D110/><U133/><E133/><V54/><F81/><T62/><D34/><U66/><AGARI ba="1,1" hai="44,50,52,53,58,60,63,66,68,74,75,93,96,100" m="31008,31520" machi="66" ten="30,8000,1" yaku="1,1,0,1,52,2,54,1,53,0" doraHai="80" doraHaiUra="76" who="1" fromWho="1" sc="107,-41,855,92,78,-41,0,0" /><INIT seed="5,2,0,3,2,110" ten="66,947,37,0" oya="1" hai0="118,109,67,121,2,70,37,72,68,57,53,135,112" hai1="127,78,40,1,79,45,86,113,99,85,46,103,56" hai2="32,58,61,59,69,48,116,52,62,49,104,114,80" hai3=""/><U107/><E1/><V82/><F32/><T94/><RYUUKYOKU type="yao9" ba="2,0" sc="66,0,947,0,37,0,0,0" hai0="2,37,53,57,67,68,70,72,94,109,112,118,121,135" /><INIT seed="5,3,0,2,3,127" ten="66,947,37,0" oya="1" hai0="129,106,120,0,107,100,92,85,83,76,65,43,3" hai1="101,33,32,61,46,59,133,82,71,105,48,88,109" hai2="95,115,64,63,90,80,40,86,114,74,122,54,84" hai3=""/><U79/><E109/><V134/><N who="2" m="31264" /><V1/><F1/><T108/><N who="0" m="30752" /><T97/><D108/><U131/><E71/><V103/><F134/><T121/><N who="0" m="31008" /><T42/><D65/><U98/><E131/><V125/><F125/><T94/><D129/><U47/><E133/><V93/><F40/><T110/><D110/><U119/><E119/><V67/><F74/><T99/><D3/><U112/><E112/><N who="2" m="43051" /><F103/><T77/><D0/><U35/><E48/><V72/><F72/><T55/><D55/><U68/><E68/><V111/><F111/><T69/><D69/><U50/><E50/><V73/><F73/><T44/><D76/><U49/><E49/><V124/><F124/><T135/><D135/><U96/><E79/><V34/><F34/><T53/><D53/><U38/><E38/><V51/><F63/><T104/><REACH who="0" step="1"/><D44/><REACH who="0" ten="56,947,37,0" step="2"/><U91/><E47/><V128/><F128/><T45/><D45/><U39/><E46/><V130/><F130/><T113/><D113/><U116/><E39/><V56/><F95/><T37/><D37/><U58/><E35/><V132/><F132/><T89/><AGARI ba="3,1" hai="42,43,77,83,85,89,92,94,97,99,100,104,106,107" m="31008,30752" machi="89" ten="30,9000,2" yaku="1,1,0,1,52,2,53,3" doraHai="127" doraHaiUra="102" who="0" fromWho="0" sc="56,106,947,-63,37,-33,0,0" /><INIT seed="6,0,0,2,3,45" ten="162,884,4,0" oya="2" hai0="100,133,110,59,96,1,74,102,38,44,2,76,89" hai1="129,90,94,65,46,69,88,83,43,85,79,37,120" hai2="49,92,132,93,130,73,104,78,48,70,71,134,54" hai3=""/><V41/><F104/><T67/><D110/><U40/><N who="1" m="30752" /><U82/><E129/><V61/><F130/><T108/><D108/><U32/><E32/><V106/><F106/><T122/><N who="0" m="31264" /><T66/><D89/><U105/><E105/><V36/><F73/><T33/><D33/><U80/><E43/><V135/><F78/><T116/><D116/><U58/><E69/><N who="2" m="26123" /><F92/><T72/><D76/><U35/><E35/><V121/><N who="2" m="31008" /><V87/><F87/><T39/><D44/><U81/><E94/><V60/><F93/><T50/><D50/><N who="2" m="19562" /><F54/><T101/><D101/><U113/><E90/><V52/><F52/><T127/><D96/><U47/><E79/><V117/><F117/><T56/><D74/><U75/><E75/><V107/><F107/><T112/><D72/><U128/><E128/><V86/><F86/><T53/><D53/><U98/><E98/><V57/><F57/><T123/><N who="0" m="31520" /><T99/><D99/><U114/><E58/><V118/><F118/><T0/><D59/><U55/><E55/><V68/><N who="2" m="26131" /><V3/><DORA hai="77" /><F3/><T62/><D56/><U109/><E85/><V84/><F84/><T124/><D1/><U64/><E88/><V97/><F97/><T51/><D0/><RYUUKYOKU ba="0,0" sc="162,-10,884,-10,4,20,0,0" hai2="36,41,60,61,132,134,135" /><INIT seed="6,1,0,5,5,37" ten="152,874,24,0" oya="2" hai0="86,114,105,78,116,123,51,129,57,93,132,110,131" hai1="76,77,70,3,115,33,44,135,125,80,58,108,107" hai2="75,126,38,43,67,87,89,54,66,121,42,128,73" hai3=""/><V63/><N who="2" m="31008" /><V79/><F38/><T98/><N who="0" m="31520" /><T99/><D110/><U88/><E33/><V55/><F128/><N who="0" m="49226" /><D132/><U133/><E70/><V59/><F126/><T95/><D114/><U69/><E69/><V111/><F111/><T127/><D127/><U53/><E107/><V46/><F79/><T113/><D113/><U119/><E3/><V103/><F103/><T32/><D32/><U83/><E108/><V52/><F67/><T50/><D116/><U39/><E119/><V64/><F64/><T117/><D117/><U91/><E115/><V109/><F109/><T68/><D68/><U112/><E112/><V100/><F100/><T1/><D1/><U40/><E125/><V65/><F65/><T62/><D105/><U130/><E130/><V36/><REACH who="2" step="1"/><F43/><REACH who="2" ten="152,874,14,0" step="2"/><T72/><D78/><U85/><E135/><V124/><F124/><T61/><D72/><U92/><E133/><V74/><F74/><T81/><D99/><U104/><E39/><V82/><AGARI ba="1,1" hai="36,42,46,52,54,55,59,63,66,73,75,82,87,89" m="31008" machi="82" ten="30,12000,2" yaku="1,1,0,1,52,2,54,1,53,1" doraHai="37" doraHaiUra="60" who="2" fromWho="2" sc="152,-61,874,-61,14,132,0,0" /><INIT seed="6,2,0,4,2,45" ten="91,813,146,0" oya="2" hai0="130,126,41,114,68,104,44,116,76,110,32,105,125" hai1="73,42,83,103,119,50,120,54,35,112,108,55,66" hai2="97,38,99,87,43,109,89,96,113,62,80,84,124" hai3=""/><V47/><F113/><T117/><D32/><U106/><N who="1" m="30752" /><U79/><E35/><V46/><F109/><T95/><D95/><U34/><E34/><V0/><F0/><T57/><D76/><U82/><E108/><V58/><F124/><N who="0" m="47722" /><D110/><U72/><E112/><V111/><F111/><T52/><D114/><U48/><E119/><N who="0" m="45641" /><D68/><U36/><E66/><V64/><F47/><T90/><D90/><U85/><E36/><V69/><REACH who="2" step="1"/><F87/><REACH who="2" ten="91,813,136,0" step="2"/><T39/><D130/><U2/><E2/><V33/><F33/><T133/><D133/><U122/><E85/><V128/><F128/><T131/><D131/><U81/><E122/><V40/><F40/><T3/><D3/><U94/><E42/><V134/><F134/><T101/><D101/><U37/><E103/><V93/><F93/><T75/><D75/><U77/><E73/><V56/><AGARI ba="2,1" hai="38,43,46,56,58,62,64,69,80,84,89,96,97,99" machi="56" ten="30,2000,0" yaku="1,1,0,1,53,0" doraHai="45" doraHaiUra="100" who="2" fromWho="2" sc="91,-12,813,-12,136,34,0,0" /><INIT seed="6,3,0,5,0,83" ten="79,801,170,0" oya="2" hai0="95,94,84,102,85,75,96,60,73,130,66,104,114" hai1="70,68,64,135,67,101,62,118,106,116,77,56,109" hai2="34,1,120,42,46,50,65,132,134,86,97,35,58" hai3=""/><V61/><N who="2" m="30752" /><V123/><N who="2" m="31520" /><V129/><F1/><T55/><D130/><U103/><E109/><V71/><F129/><T36/><D36/><U105/><E77/><V100/><F71/><T125/><D125/><U79/><E79/><V41/><F41/><T63/><D55/><U89/><E89/><V48/><F48/><T88/><D114/><U76/><E76/><V91/><F97/><T112/><D112/><U33/><E33/><V92/><F100/><T47/><D47/><U128/><E128/><V38/><F38/><T98/><D63/><U122/><N who="1" m="31264" /><U78/><E78/><V37/><F37/><T108/><D108/><U117/><E135/><AGARI ba="3,0" hai="34,35,42,46,50,58,61,65,86,91,92,132,134,135" m="31520,30752" machi="135" ten="40,12000,1" yaku="20,1,52,3" doraHai="83" who="2" fromWho="1" sc="79,0,801,-126,170,126,0,0" /><INIT seed="6,4,0,2,4,49" ten="79,675,296,0" oya="2" hai0="91,120,50,100,95,52,110,125,62,2,112,117,126" hai1="53,85,127,88,47,54,32,93,106,48,67,70,97" hai2="68,64,63,37,0,84,101,123,107,89,129,86,134" hai3=""/><V80/><N who="2" m="31520" /><V81/><F0/><T132/><N who="0" m="30752" /><T102/><D2/><U66/><E127/><V59/><F134/><T36/><D95/><U41/><E32/><V73/><F37/><T65/><D91/><U44/><E70/><V61/><F129/><T114/><D110/><U116/><E116/><V45/><F73/><T113/><D132/><U76/><E54/><V40/><F101/><T111/><D111/><U38/><REACH who="1" step="1"/><E106/><REACH who="1" ten="79,665,296,0" step="2"/><V122/><N who="2" m="31264" /><V90/><F107/><T1/><D1/><U51/><E51/><V130/><F130/><T83/><D117/><U34/><E34/><V58/><REACH who="2" step="1"/><F63/><REACH who="2" ten="79,665,286,0" step="2"/><T98/><D125/><U71/><E71/><V33/><F33/><T128/><D126/><U55/><E55/><V56/><F56/><T94/><D128/><U74/><E74/><V99/><F99/><T35/><D98/><U82/><AGARI ba="4,2" hai="38,41,44,47,48,53,66,67,76,82,85,88,93,97" machi="82" ten="30,6000,1" yaku="1,1,0,1,52,1,54,1,53,1" doraHai="49" doraHaiUra="87" who="1" fromWho="1" sc="79,-24,665,88,286,-44,0,0" owari="55,-54.0,753,70.0,242,-16.0,0,0.0" /></mjloggm>