<mjloggm ver="2.3"><GO type="185" lobby="0"/><UN n0="%4C%61%69%74%79" n1="%6B%6F%7A" n2="%E3%81%9D%E3%81%86%E3%81%A1%E3%82%87" n3="" dan="17,16,17,0" rate="2201.04,2125.59,2216.70,1500.00" sx="F,M,F,C"/><TAIKYOKU oya="0"/><INIT seed="0,0,0,1,2,107" ten="350,350,350,0" oya="0" hai0="76,90,34,56,132,3,2,39,105,83,84,55,100" hai1="96,79,32,135,68,92,75,85,80,89,116,127,35" hai2="91,37,65,99,108,93,129,38,61,72,46,74,51" hai3=""/><T54/><D34/><U133/><E116/><V62/><F108/><T69/><D132/><N who="1" m="50763" /><E127/><V125/><F125/><T124/><D124/><U121/><N who="1" m="31008" /><U59/><E68/><V64/><F129/><T78/><D69/><U98/><E59/><V45/><F64/><T58/><D39/><U115/><E115/><V77/><F77/><T110/><D110/><U123/><N who="1" m="31520" /><U41/><E41/><V50/><F62/><T73/><D78/><U88/><E98/><V1/><F1/><T67/><D67/><U57/><E57/><V43/><F37/><T117/><D117/><U66/><E66/><V103/><F38/><T97/><D58/><U40/><E40/><V70/><F46/><T130/><D130/><U114/><E114/><V118/><F118/><T0/><REACH who="0" step="1"/><D56/><REACH who="0" ten="340,350,350,0" step="2"/><U119/><E119/><V134/><F134/><T86/><D86/><U48/><E48/><V42/><F51/><T102/><D102/><U81/><AGARI ba="0,1" hai="32,35,75,79,80,81,85,88,89,92,96" m="31520,31008,50763" machi="81" ten="30,6000,1" yaku="20,1,52,3,54,1" doraHai="107" who="1" fromWho="1" sc="340,-40,350,70,350,-20,0,0" /><INIT seed="1,0,0,2,3,106" ten="300,420,330,0" oya="1" hai0="36,128,52,101,38,61,56,95,91,84,87,58,88" hai1="32,69,96,41,55,33,50,81,130,49,39,66,43" hai2="92,78,116,63,122,102,90,57,3,121,74,111,132" hai3=""/><U44/><E130/><V100/><N who="2" m="31008" /><V77/><N who="2" m="31264" /><V54/><F116/><T48/><D101/><U0/><E0/><V35/><F3/><T126/><D126/><U68/><E96/><V110/><F35/><T71/><D71/><U135/><E135/><V70/><F70/><T47/><D58/><U76/><E33/><V131/><F131/><T51/><D51/><U2/><E2/><V124/><F124/><T117/><D117/><U104/><E104/><V129/><F132/><T86/><D128/><U75/><E32/><V60/><F60/><T53/><REACH who="0" step="1"/><D91/><REACH who="0" ten="290,420,330,0" step="2"/><U37/><E69/><V127/><F127/><T89/><D89/><U120/><N who="1" m="30752" /><U45/><E55/><V83/><F129/><T40/><D40/><U114/><E114/><V79/><F102/><T67/><D67/><U65/><E68/><V112/><F100/><T85/><AGARI ba="0,1" hai="36,38,47,48,52,53,56,61,84,85,86,87,88,95" machi="85" ten="30,5900,0" yaku="1,1,0,1,54,2,53,0" doraHai="106" doraHaiUra="109" who="0" fromWho="0" sc="290,69,420,-39,330,-20,0,0" /><INIT seed="2,0,0,4,0,113" ten="359,381,310,0" oya="2" hai0="63,67,81,95,37,123,76,71,70,2,132,44,89" hai1="115,107,101,42,87,57,36,49,69,60,85,62,121" hai2="50,93,40,98,54,83,108,59,66,117,56,126,68" hai3=""/><V1/><F1/><T130/><N who="0" m="31520" /><T38/><D2/><U90/><N who="1" m="31008" /><U35/><E115/><V97/><F126/><T99/><D71/><U124/><E35/><V110/><F68/><T48/><D132/><U45/><E124/><V46/><F83/><T102/><D102/><U86/><E62/><V75/><F75/><T116/><D130/><U120/><N who="1" m="30752" /><U32/><E32/><V41/><F41/><T0/><D0/><U78/><E78/><V114/><F114/><T64/><D67/><U47/><E69/><V125/><F125/><T72/><REACH who="0" step="1"/><D116/><REACH who="0" ten="349,381,310,0" step="2"/><U43/><E101/><V133/><F117/><T39/><D39/><U104/><REACH who="1" step="1"/><E90/><REACH who="1" ten="349,371,310,0" step="2"/><V92/><F133/><T122/><N who="0" m="31264" /><T127/><D127/><U91/><E91/><V77/><F77/><T111/><D111/><U80/><E80/><V118/><F110/><T51/><D51/><U134/><E134/><V103/><F108/><T3/><D3/><U88/><E88/><V53/><F118/><T100/><D100/><U58/><E58/><V119/><F119/><T129/><D129/><U128/><E128/><V79/><F79/><T55/><AGARI ba="0,2" hai="37,38,44,48,55,63,64,70,72,76,81,89,95,99" m="31264,31520" machi="55" ten="20,6000,1" yaku="1,1,0,1,7,1,52,2,53,0" doraHai="113" doraHaiUra="135" who="0" fromWho="0" sc="349,80,371,-20,310,-40,0,0" /><INIT seed="4,0,0,1,2,124" ten="429,351,270,0" oya="0" hai0="96,51,69,128,88,78,2,61,0,123,83,106,62" hai1="45,101,58,53,81,97,71,99,84,43,126,40,121" hai2="1,86,70,133,108,115,67,44,120,63,103,79,42" hai3=""/><T90/><N who="0" m="31520" /><T107/><D51/><U65/><N who="1" m="31008" /><U134/><E134/><V95/><N who="2" m="30752" /><V116/><F133/><T100/><D107/><U105/><E126/><V37/><F108/><T93/><D128/><U130/><E99/><V135/><F135/><T49/><D49/><U119/><E119/><V131/><F115/><T52/><D62/><U3/><E3/><V125/><F125/><T98/><D90/><U87/><E130/><V56/><F1/><T117/><D117/><U92/><E105/><V47/><F116/><T34/><D34/><U60/><E45/><V80/><F47/><T114/><D114/><U36/><E84/><V41/><F41/><T73/><REACH who="0" step="1"/><D52/><REACH who="0" ten="419,351,270,0" step="2"/><U85/><E60/><V59/><F131/><T46/><D46/><U82/><E53/><V127/><F127/><T68/><D68/><U109/><E71/><V111/><F70/><T50/><D50/><U72/><E109/><V57/><F111/><T110/><D110/><U94/><E43/><V64/><F63/><T54/><D54/><U75/><E40/><V113/><F113/><T39/><D39/><U89/><E36/><V55/><F55/><T32/><D32/><U76/><E89/><V38/><F38/><T118/><D118/><RYUUKYOKU ba="0,1" sc="419,10,351,-20,270,10,0,0" hai0="0,2,61,69,73,78,83,88,93,96,98,100,106" hai2="37,42,44,56,57,59,64,67,79,80,86,95,103" /><INIT seed="4,1,1,4,4,72" ten="429,331,280,0" oya="0" hai0="43,93,71,69,130,118,89,53,96,107,94,103,61" hai1="63,123,80,36,98,95,76,133,108,75,92,110,87" hai2="83,134,121,67,58,126,115,135,105,125,124,82,102" hai3=""/><T39/><D118/><U127/><N who="1" m="31520" /><U49/><E36/><V119/><N who="2" m="31008" /><V60/><F119/><T78/><D130/><U101/><E133/><N who="2" m="50699" /><F115/><T40/><D78/><U91/><E127/><N who="2" m="32515" /><V74/><DORA hai="116" /><F74/><T86/><D107/><U111/><E49/><V52/><F67/><T88/><D103/><U59/><REACH who="1" step="1"/><E108/><REACH who="1" ten="429,321,280,0" step="2"/><V84/><F84/><T132/><D132/><U37/><E37/><V109/><F109/><T56/><REACH who="0" step="1"/><D39/><REACH who="0" ten="419,321,280,0" step="2"/><U68/><E68/><AGARI ba="1,3" hai="40,43,53,56,61,68,69,71,86,88,89,93,94,96" machi="68" ten="40,18000,2" yaku="1,1,2,1,54,1,53,3" doraHai="72,116" doraHaiUra="46,66" who="0" fromWho="1" sc="419,212,321,-182,280,0,0,0" /><INIT seed="4,2,0,1,1,96" ten="631,139,280,0" oya="0" hai0="58,74,36,54,120,108,70,77,51,65,112,43,3" hai1="80,73,103,33,48,97,118,32,133,101,34,90,131" hai2="125,122,67,89,104,124,79,91,69,49,105,41,37" hai3=""/><T107/><N who="0" m="30752" /><T92/><D3/><U102/><E118/><V0/><N who="2" m="31264" /><V110/><F110/><T57/><D107/><N who="2" m="41034" /><F37/><T121/><N who="0" m="31008" /><T86/><D108/><U68/><E131/><V47/><F0/><T82/><D112/><U71/><E133/><V44/><F79/><T134/><D134/><U50/><E73/><V94/><F47/><T38/><D70/><U59/><E97/><V63/><F94/><T127/><D43/><U39/><E39/><V123/><N who="2" m="31520" /><V60/><F63/><T66/><D92/><U64/><E64/><V75/><F75/><T2/><D74/><U126/><E59/><V128/><F128/><T109/><D2/><U129/><E129/><V76/><F76/><T111/><D77/><U106/><E106/><V52/><F41/><T116/><D51/><U35/><N who="1" m="8192" /><DORA hai="95" /><U135/><E135/><V87/><F87/><T72/><D86/><U88/><E80/><V117/><F117/><T1/><D82/><U56/><E56/><V100/><F100/><T113/><D58/><U93/><E93/><V53/><F53/><T61/><D54/><U55/><E55/><V98/><F98/><T85/><D57/><U40/><E40/><V45/><F45/><T78/><D116/><RYUUKYOKU ba="2,0" sc="631,-10,139,-10,280,20,0,0" hai2="44,49,52,60,67,69,89,91,124,125" /><INIT seed="5,3,0,3,1,65" ten="621,129,300,0" oya="1" hai0="91,73,123,125,32,67,36,112,84,119,111,59,100" hai1="77,99,79,132,105,88,87,39,81,55,134,86,45" hai2="131,34,94,49,75,115,95,102,135,56,46,74,114" hai3=""/><U107/><E39/><V116/><F34/><T69/><RYUUKYOKU type="yao9" ba="3,0" sc="621,0,129,0,300,0,0,0" hai0="32,36,59,67,69,73,84,91,100,111,112,119,123,125" /><INIT seed="5,4,0,3,2,135" ten="621,129,300,0" oya="1" hai0="120,123,44,49,96,61,32,103,114,115,69,81,102" hai1="83,47,39,33,128,105,68,52,116,132,70,55,111" hai2="60,104,78,46,122,71,106,118,100,40,67,37,126" hai3=""/><U58/><E33/><V80/><N who="2" m="31264" /><V34/><F34/><T48/><N who="0" m="30752" /><T79/><N who="0" m="31520" /><T72/><D32/><U54/><E105/><V90/><F118/><T113/><D44/><U36/><E116/><V124/><F90/><T64/><D103/><U63/><E83/><V45/><F45/><T41/><D41/><U38/><E132/><V112/><F112/><T87/><D72/><U93/><E93/><AGARI ba="4,0" hai="48,49,61,64,69,79,81,87,93,96,102,113,114,115" m="31520,30752" machi="93" ten="40,5200,0" yaku="15,1,52,2" doraHai="135" who="0" fromWho="1" sc="621,60,129,-60,300,0,0,0" /><INIT seed="6,0,0,4,0,93" ten="681,69,300,0" oya="2" hai0="98,1,89,45,118,115,56,96,53,88,42,79,99" hai1="124,33,86,70,123,67,125,76,100,66,60,131,87" hai2="121,114,36,73,81,2,111,59,38,85,64,68,48" hai3=""/><V72/><N who="2" m="31008" /><V112/><F2/><T94/><D1/><U132/><E100/><V0/><F0/><T103/><D118/><U134/><E76/><V90/><F68/><T101/><D79/><U34/><N who="1" m="31520" /><U128/><E60/><V83/><F111/><T49/><D115/><N who="2" m="44074" /><F81/><T37/><D99/><U129/><E34/><V122/><N who="2" m="31264" /><V80/><F83/><T78/><D78/><U61/><E67/><V55/><F64/><T39/><D39/><AGARI ba="0,0" hai="36,38,39,48,55,59,72,73,80,85,90" m="31264,44074,31008" machi="39" ten="30,5800,0" yaku="15,1,52,2" doraHai="93" who="2" fromWho="0" sc="681,-58,69,0,300,58,0,0" /><INIT seed="6,1,0,0,3,119" ten="623,69,358,0" oya="2" hai0="107,0,125,91,123,3,103,129,56,52,58,64,1" hai1="115,40,67,49,120,94,102,83,43,87,46,86,97" hai2="88,45,74,60,61,95,110,73,96,51,32,37,128" hai3=""/><V75/><F32/><T124/><N who="0" m="31520" /><T66/><D129/><U90/><N who="1" m="30752" /><U93/><E67/><V41/><F128/><T36/><D36/><U78/><E49/><V122/><N who="2" m="31264" /><V33/><F33/><T69/><D69/><U117/><E46/><V85/><F110/><T55/><D91/><U134/><E43/><V126/><F126/><N who="0" m="48746" /><D103/><U44/><E44/><V111/><F111/><T99/><D99/><U80/><E40/><V34/><F34/><T77/><D77/><U132/><E117/><V39/><F39/><T98/><D98/><U54/><E54/><N who="0" m="20521" /><D107/><U35/><E35/><V47/><F96/><T118/><D118/><U79/><E115/><V104/><F104/><T38/><D38/><U109/><E109/><V57/><F57/><AGARI ba="1,0" hai="0,1,3,56,57,58,64,66" m="20521,48746,31520" machi="57" ten="40,12000,2" yaku="28,2,18,1,52,2,54,1" doraHai="119" who="0" fromWho="2" sc="623,122,69,0,358,-122,0,0" owari="745,69.0,69,-53.0,236,-16.0,0,0.0" /></mjloggm>