<mjloggm ver="2.3"><GO type="185" lobby="0"/><UN n0="%E5%B8%AB%E5%8C%A0%2F%E9%9B%80%E9%AC%BC" n1="%4D%4A%E3%81%AE%E3%82%B5%E3%82%BD" n2="%E3%81%97%E3%82%93%E3%81%97%E3%82%93%E3%81%97%E3%82%93" n3="" dan="16,18,17,0" rate="2206.11,2334.57,2301.78,1500.00" sx="M,M,F,C"/><TAIKYOKU oya="0"/><INIT seed="0,0,0,3,2,45" ten="350,350,350,0" oya="0" hai0="119,36,129,126,91,105,121,130,68,104,0,109,110" hai1="66,93,135,122,116,1,128,106,92,59,114,35,53" hai2="85,118,88,3,133,84,48,108,34,39,111,81,120" hai3=""/><T117/><N who="0" m="31008" /><T124/><D0/><U55/><N who="1" m="31264" /><U60/><E106/><N who="0" m="41065" /><D91/><U112/><E1/><V67/><N who="2" m="30752" /><V107/><F39/><T40/><D68/><U101/><E116/><N who="0" m="44617" /><D40/><U99/><E35/><V57/><F107/><T125/><D36/><U76/><E128/><AGARI ba="0,0" hai="109,110,124,125,126,128,129,130" m="44617,41065,31008" machi="128" ten="50,24000,3" yaku="28,2,18,1,19,1,31,2,34,2,52,1" doraHai="45" who="0" fromWho="1" sc="350,240,350,-240,350,0,0,0" /><INIT seed="0,1,0,2,0,35" ten="590,110,350,0" oya="0" hai0="40,48,126,71,38,128,101,66,3,92,75,104,78" hai1="99,56,98,1,80,34,107,41,68,130,63,51,81" hai2="77,54,120,65,110,118,45,93,129,109,43,105,86" hai3=""/><T50/><D126/><U83/><E34/><V102/><N who="2" m="30752" /><V69/><F129/><T67/><D128/><U97/><E130/><V134/><F118/><T127/><D127/><U114/><E114/><V84/><F134/><T55/><D104/><U119/><E119/><V46/><F54/><T72/><D38/><U61/><E107/><V106/><F65/><T73/><D78/><U122/><N who="1" m="31264" /><U95/><E68/><V37/><F69/><T87/><D40/><U70/><E70/><V76/><F93/><T74/><D75/><U79/><E1/><V53/><F53/><T113/><D3/><U64/><E63/><V132/><F132/><T115/><D71/><U135/><E135/><V91/><F91/><T57/><D50/><U58/><E58/><V124/><F124/><T111/><D66/><U0/><E0/><V32/><F32/><T88/><D67/><U117/><E117/><V44/><F105/><T108/><REACH who="0" step="1"/><D101/><REACH who="0" ten="580,110,350,0" step="2"/><U112/><E112/><AGARI ba="1,1" hai="48,55,57,72,73,74,87,88,92,108,111,112,113,115" machi="112" ten="50,12000,1" yaku="1,1,2,1,54,1,53,1" doraHai="35" doraHaiUra="90" who="0" fromWho="1" sc="580,132,110,-122,350,0,0,0" owari="712,66.0,-12,-61.0,350,-5.0,0,0.0" /></mjloggm>