<mjloggm ver="2.3"><GO type="185" lobby="0"/><UN n0="%E3%82%B5%E3%83%89%E3%82%A5%E3%83%BC" n1="%E3%81%A8%E3%82%8A%E3%81%82%E3%81%88%E3%81%9A%E5%9B%9B%E6%AE%B5" n2="%E9%B3%B4%E3%81%8D%E3%83%80%E3%83%AB%E3%83%9E" n3="" dan="18,16,17,0" rate="2330.64,2139.74,2228.33,1500.00" sx="M,M,M,C"/><TAIKYOKU oya="0"/><INIT seed="0,0,0,1,3,79" ten="350,350,350,0" oya="0" hai0="129,78,1,86,113,2,0,69,35,80,41,81,116" hai1="50,120,118,91,88,49,108,135,126,134,105,112,94" hai2="33,61,115,131,37,71,59,51,82,83,42,55,84" hai3=""/><T3/><D113/><U75/><N who="1" m="30752" /><U36/><E118/><V62/><F33/><T93/><D116/><U99/><E36/><V46/><F115/><T57/><D69/><U38/><E38/><V54/><F131/><T114/><D114/><U32/><E32/><V103/><F103/><T98/><D35/><U101/><E112/><V58/><F84/><T111/><D111/><U87/><E75/><V63/><REACH who="2" step="1"/><F71/><REACH who="2" ten="350,350,340,0" step="2"/><T68/><D68/><U117/><E87/><V56/><F56/><T127/><D129/><U89/><E108/><V95/><F95/><T72/><D2/><U60/><E94/><V77/><F77/><T104/><D1/><U123/><N who="1" m="31520" /><U107/><E101/><V102/><F102/><T76/><D0/><U34/><E34/><V53/><F53/><T40/><D3/><U97/><E107/><V128/><F128/><T92/><D104/><U52/><E52/><V66/><F66/><T110/><D110/><U109/><E109/><V64/><F64/><T132/><D72/><U45/><E105/><V67/><F67/><T73/><D73/><U119/><E119/><V96/><F96/><T74/><D74/><U43/><E99/><V85/><F85/><T122/><D122/><U130/><E97/><RYUUKYOKU type="nm" ba="0,1" sc="350,80,350,-40,340,-40,0,0" hai2="37,42,46,51,54,55,58,59,61,62,63,82,83" /><INIT seed="1,1,1,0,4,52" ten="430,310,300,0" oya="1" hai0="80,127,111,33,131,103,37,90,118,66,67,91,60" hai1="94,59,122,45,101,93,50,117,108,86,43,3,55" hai2="61,75,92,1,78,132,49,63,79,68,39,121,112" hai3=""/><U56/><N who="1" m="31264" /><U82/><E117/><V100/><N who="2" m="31008" /><V116/><F1/><T71/><D33/><U120/><N who="1" m="30752" /><U44/><E3/><V114/><F39/><T2/><D2/><U98/><E94/><V57/><F116/><T32/><D32/><U126/><E126/><V125/><F125/><T95/><D127/><U119/><E119/><V62/><F132/><T38/><D118/><U51/><E108/><V41/><F68/><T134/><D111/><U84/><E84/><V124/><F124/><T46/><D37/><U73/><E73/><V128/><F128/><T85/><D134/><U89/><AGARI ba="1,1" hai="43,44,45,50,51,55,56,59,82,86,89,93,98,101" m="30752,31264" machi="89" ten="20,12000,2" yaku="0,1,7,1,8,1,52,4" doraHai="52" who="1" fromWho="1" sc="430,-61,310,132,300,-61,0,0" /><INIT seed="1,2,0,5,5,131" ten="369,442,239,0" oya="1" hai0="120,91,59,67,68,0,105,106,115,60,118,75,108" hai1="53,130,2,32,33,79,89,135,35,3,43,92,86" hai2="44,117,57,111,38,42,128,98,47,77,65,114,119" hai3=""/><U64/><E130/><V82/><F128/><T112/><N who="0" m="30752" /><T56/><D108/><U129/><E129/><V70/><F111/><T74/><D0/><U109/><E109/><V55/><F114/><T36/><D36/><U90/><E79/><V78/><F44/><T61/><D68/><U87/><E43/><V72/><F78/><T1/><D1/><U84/><E64/><V122/><N who="2" m="31264" /><V97/><F65/><T80/><D91/><U116/><E116/><V121/><N who="2" m="31008" /><V49/><REACH who="2" step="1"/><F70/><REACH who="2" ten="369,442,229,0" step="2"/><T51/><D67/><U69/><E69/><V113/><F113/><T123/><N who="0" m="31520" /><T45/><D45/><U132/><E2/><V125/><F125/><T88/><D112/><U66/><E3/><V41/><F41/><T103/><D115/><U40/><E40/><V107/><F107/><T34/><D105/><U76/><E66/><V133/><F133/><N who="1" m="51273" /><E76/><V63/><F63/><T71/><D60/><U83/><E53/><V94/><F94/><T127/><D71/><U62/><E62/><V73/><F73/><T126/><D74/><U124/><E124/><V58/><F58/><N who="0" m="22058" /><D75/><U110/><E110/><V46/><F46/><T95/><D126/><U85/><AGARI ba="2,1" hai="32,33,35,83,84,85,86,87,89,90,92" m="51273" machi="85" ten="40,8000,1" yaku="20,1,52,3" doraHai="131" who="1" fromWho="1" sc="369,-42,442,94,229,-42,0,0" /><INIT seed="1,3,0,3,5,113" ten="327,536,187,0" oya="1" hai0="124,114,120,121,86,131,128,58,55,78,107,40,1" hai1="39,84,64,49,83,38,122,112,53,42,76,52,33" hai2="90,106,2,115,57,125,126,72,96,75,61,91,67" hai3=""/><U82/><N who="1" m="31264" /><U94/><E112/><V97/><F2/><T80/><N who="0" m="30752" /><T65/><N who="0" m="31008" /><T129/><D114/><U41/><E33/><V104/><F115/><T85/><D1/><U50/><E64/><V130/><F67/><T103/><D124/><N who="2" m="47722" /><F61/><T117/><D65/><U0/><E94/><V116/><F57/><T118/><D85/><U92/><E92/><V109/><F109/><T48/><D40/><U135/><E84/><V36/><F36/><T56/><D56/><U101/><E101/><V105/><F116/><T100/><D107/><U133/><REACH who="1" step="1"/><E76/><REACH who="1" ten="327,526,187,0" step="2"/><V89/><F130/><T43/><D117/><U3/><AGARI ba="3,1" hai="0,3,38,39,41,42,49,50,52,53,82,83,133,135" m="31264" machi="3" ten="25,12000,2" yaku="1,1,2,1,0,1,22,2,52,1,54,1,53,0" doraHai="113" doraHaiUra="111" who="1" fromWho="1" sc="327,-63,526,136,187,-63,0,0" /><INIT seed="1,4,0,0,1,35" ten="264,662,124,0" oya="1" hai0="100,115,59,69,61,126,53,135,129,55,91,125,94" hai1="95,99,132,88,70,68,81,87,75,106,92,114,80" hai2="44,102,130,50,105,40,96,49,116,97,72,128,110" hai3=""/><U36/><E36/><V113/><F116/><T123/><N who="0" m="31520" /><T78/><D115/><U89/><E114/><V56/><F113/><T63/><D129/><N who="2" m="49770" /><F72/><T121/><N who="0" m="31008" /><T0/><D0/><U64/><E70/><V38/><F110/><T65/><D135/><U46/><E46/><V71/><F71/><T86/><D100/><U118/><E118/><V104/><F56/><T34/><D34/><U103/><E132/><V98/><F102/><T85/><REACH who="0" step="1"/><D53/><REACH who="0" ten="254,662,124,0" step="2"/><U93/><E103/><V117/><F117/><T33/><D33/><U108/><E108/><V67/><F67/><T39/><D39/><U43/><E64/><V74/><F38/><T107/><D107/><U3/><E106/><V101/><F105/><T90/><D90/><U32/><E3/><V57/><F104/><T58/><D58/><U1/><E89/><V120/><N who="2" m="30752" /><V84/><F101/><T133/><D133/><U109/><E88/><V52/><F57/><T131/><D131/><U73/><E32/><V112/><F112/><T124/><D124/><U47/><E1/><V42/><F52/><T45/><D45/><U54/><E47/><V37/><F37/><T122/><N who="0" m="31264" /><T41/><D41/><U82/><E43/><V127/><F40/><RYUUKYOKU ba="4,1" sc="254,20,662,-10,124,-10,0,0" hai0="55,59,61,63,65,69,78,85,86,91,94,125,126" /><INIT seed="2,5,1,1,2,115" ten="274,652,114,0" oya="2" hai0="64,111,119,134,95,71,59,84,113,91,34,46,107" hai1="131,65,44,83,72,96,2,125,74,54,63,86,126" hai2="66,73,3,81,82,104,99,112,52,114,92,56,36" hai3=""/><V55/><F3/><T51/><D34/><U121/><N who="1" m="31008" /><U127/><E2/><V124/><F104/><T116/><D111/><U53/><E131/><V94/><F36/><T130/><D130/><U37/><E96/><V109/><F109/><T90/><D107/><U58/><E65/><V100/><F66/><T110/><D110/><U45/><E45/><V79/><F124/><T76/><D76/><U120/><N who="1" m="30752" /><U123/><N who="1" m="31520" /><U78/><E53/><V48/><F81/><T67/><D71/><U41/><AGARI ba="5,1" hai="37,41,44,54,58,63,72,74,78,83,86,125,126,127" m="31520,30752,31008" machi="41" ten="40,6000,1" yaku="0,1,18,1,52,3" doraHai="115" who="1" fromWho="1" sc="274,-25,652,80,114,-45,0,0" /><INIT seed="4,0,0,2,2,53" ten="249,732,69,0" oya="0" hai0="62,94,58,40,60,79,118,51,84,135,74,72,120" hai1="82,37,99,63,109,1,96,124,126,49,86,3,110" hai2="78,116,132,45,44,133,55,75,61,66,125,114,64" hai3=""/><T112/><N who="0" m="30752" /><T73/><D118/><U106/><E37/><V42/><F116/><T95/><D112/><U69/><E49/><V41/><F78/><T91/><D135/><N who="2" m="51786" /><F75/><T100/><D79/><U36/><E36/><V122/><N who="2" m="31264" /><V128/><F114/><T0/><D0/><N who="1" m="75" /><E63/><V54/><F125/><N who="1" m="48233" /><E69/><V67/><F128/><T108/><D108/><N who="1" m="41579" /><E106/><V68/><F68/><T83/><D60/><U92/><E92/><V85/><F61/><T130/><D94/><U102/><E102/><V33/><F33/><T105/><D105/><U2/><E2/><V52/><F85/><T43/><D51/><U90/><AGARI ba="0,0" hai="82,86,90,96,99" m="41579,48233,75" machi="90" ten="40,1100,0" yaku="18,1" doraHai="53" who="1" fromWho="1" sc="249,-7,732,11,69,-4,0,0" /><INIT seed="5,0,0,4,1,103" ten="242,743,65,0" oya="1" hai0="100,88,125,44,55,63,37,85,110,65,118,51,60" hai1="89,43,56,73,92,38,132,124,48,41,123,86,47" hai2="114,67,79,134,64,45,94,112,127,36,57,130,93" hai3=""/><U133/><N who="1" m="31520" /><U129/><E73/><V87/><F127/><T62/><D110/><U115/><E115/><N who="2" m="44075" /><F134/><N who="1" m="51817" /><E124/><V78/><F130/><T46/><D125/><U83/><E129/><V34/><F34/><T128/><D128/><U74/><E74/><V42/><F64/><T116/><D100/><U75/><E75/><V33/><F33/><T68/><D44/><U52/><E43/><V69/><F69/><T70/><D37/><U84/><E84/><V131/><F131/><T96/><D96/><U59/><E59/><V101/><F101/><T2/><D68/><U76/><E92/><N who="2" m="35435" /><F87/><T111/><D70/><U50/><E76/><V72/><F72/><T109/><D85/><U66/><E66/><V135/><F135/><T106/><D65/><U105/><E105/><V119/><F119/><T58/><D106/><U91/><E91/><V35/><F35/><T40/><D116/><U54/><E54/><V1/><F1/><T107/><D2/><U3/><E3/><V82/><F67/><T117/><D117/><U49/><AGARI ba="0,0" hai="38,41,47,48,49,50,52,56,83,86,89" m="51817,31520" machi="49" ten="30,4000,0" yaku="20,1,52,1,54,1" doraHai="103" who="1" fromWho="1" sc="242,-20,743,40,65,-20,0,0" /><INIT seed="5,1,0,1,2,52" ten="222,783,45,0" oya="1" hai0="90,119,81,45,108,44,113,54,92,76,131,122,103" hai1="134,110,97,70,38,135,49,85,127,42,32,61,123" hai2="120,100,95,40,121,46,129,64,96,115,36,66,2" hai3=""/><U71/><N who="1" m="31520" /><U102/><E32/><V79/><N who="2" m="30752" /><V58/><N who="2" m="31008" /><V126/><F2/><T37/><N who="0" m="31264" /><T67/><D108/><U116/><E116/><V125/><F115/><T78/><D113/><U105/><E127/><N who="2" m="48651" /><F129/><T80/><D131/><U33/><E38/><V98/><F79/><T91/><D67/><N who="2" m="25642" /><F98/><T130/><D78/><U41/><E61/><V53/><F53/><T83/><D54/><U77/><E33/><V73/><F73/><T63/><D76/><U132/><E77/><V50/><F58/><T72/><D72/><U133/><E133/><V59/><F59/><T35/><D35/><U3/><E3/><V84/><F84/><T94/><D130/><U104/><E85/><V99/><F99/><T62/><D119/><U39/><E97/><V89/><F89/><T65/><D91/><U114/><E114/><V34/><F34/><T68/><D90/><U93/><E132/><V47/><F47/><T118/><D44/><U124/><E135/><V107/><F36/><T117/><D45/><U74/><E39/><V55/><F55/><T111/><D37/><U101/><E124/><V112/><F112/><T1/><D1/><U88/><E134/><V48/><F48/><T51/><D51/><RYUUKYOKU ba="1,0" sc="222,-10,783,-10,45,20,0,0" hai2="40,46,50,95,96,100,107" /><INIT seed="6,2,0,1,4,116" ten="212,773,65,0" oya="2" hai0="83,124,117,110,95,115,108,68,106,112,113,81,132" hai1="42,80,91,119,54,101,125,130,40,97,96,36,120" hai2="51,62,128,55,76,134,70,71,123,0,121,59,133" hai3=""/><V89/><N who="2" m="31008" /><V43/><N who="2" m="31520" /><V99/><F0/><T32/><D32/><U104/><N who="1" m="30752" /><U60/><E36/><V98/><F76/><T35/><D35/><U82/><E130/><V131/><F89/><T87/><D117/><U38/><E125/><V2/><F2/><T67/><D124/><U48/><E60/><V92/><F99/><T33/><D106/><U45/><E119/><V63/><F98/><T57/><D68/><N who="2" m="26154" /><F92/><T3/><D3/><U73/><E38/><V126/><F126/><T47/><D33/><U90/><E90/><V93/><F93/><T1/><D1/><U88/><E88/><V111/><F111/><T114/><D87/><U78/><E96/><V61/><F43/><T65/><D95/><U129/><E91/><V102/><F102/><T105/><D114/><U118/><E118/><V56/><F56/><T122/><D113/><U69/><E69/><V100/><F100/><T41/><D57/><U107/><E82/><V103/><F103/><T44/><D41/><U84/><E104/><V49/><F51/><T34/><D34/><U58/><E42/><V50/><F50/><T86/><D105/><U79/><E79/><V52/><F55/><T64/><N who="0" m="31264" /><T46/><D110/><RYUUKYOKU ba="2,0" sc="212,-10,773,-10,65,20,0,0" hai2="49,52,59,61,62,63,128,131,133,134" /><INIT seed="6,3,0,1,4,128" ten="202,763,85,0" oya="2" hai0="123,47,50,129,35,85,63,58,40,93,38,122,125" hai1="51,36,124,43,112,42,65,2,131,3,116,92,0" hai2="98,119,82,34,95,69,49,113,75,57,101,77,106" hai3=""/><V79/><F34/><T109/><N who="0" m="31264" /><T39/><N who="0" m="31520" /><T86/><D109/><U80/><E36/><V78/><F69/><T87/><D35/><U132/><E112/><V53/><F119/><T107/><D107/><U91/><E132/><V105/><F113/><T126/><D93/><U59/><E80/><V118/><F118/><T115/><D129/><U54/><E131/><V108/><F108/><T52/><D115/><U48/><E116/><V83/><REACH who="2" step="1"/><F78/><REACH who="2" ten="202,763,75,0" step="2"/><T102/><D102/><U41/><E3/><V110/><F110/><T121/><N who="0" m="31008" /><T111/><D111/><U37/><E2/><V45/><F45/><T60/><D38/><U135/><E0/><V32/><F32/><T117/><D117/><U73/><E37/><V96/><F96/><T134/><D134/><U72/><E135/><V89/><F89/><T90/><D90/><U94/><E91/><V71/><F71/><T97/><D97/><U120/><E120/><V100/><F100/><T74/><D39/><U99/><E99/><V62/><F62/><T133/><D133/><U33/><E33/><V64/><F64/><T66/><D60/><U104/><E65/><V56/><F56/><T46/><D46/><U81/><E59/><V84/><AGARI ba="3,1" hai="49,53,57,75,77,79,82,83,84,95,98,101,105,106" machi="84" ten="20,5200,0" yaku="1,1,5,1,0,1,7,1,53,0" doraHai="128" doraHaiUra="127" who="2" fromWho="2" sc="202,-29,763,-29,75,68,0,0" /><INIT seed="6,4,0,2,1,94" ten="173,734,143,0" oya="2" hai0="96,119,57,87,34,104,50,54,59,126,83,1,131" hai1="46,33,114,90,75,124,38,32,40,80,123,3,71" hai2="41,107,117,68,47,88,62,66,97,81,112,99,48" hai3=""/><V128/><F117/><T120/><N who="0" m="30752" /><T73/><D1/><U106/><N who="1" m="31520" /><U103/><E3/><V64/><F112/><T52/><D119/><U133/><E133/><V115/><F115/><T130/><D34/><U69/><E114/><V125/><F125/><T102/><D73/><U101/><E101/><V116/><F116/><T86/><D126/><U89/><E89/><V84/><F128/><N who="0" m="49194" /><D83/><U135/><E90/><V53/><F66/><T55/><D52/><U105/><E103/><V2/><F2/><T65/><D65/><U91/><E91/><V0/><F0/><T76/><D76/><U92/><E92/><V95/><F107/><T110/><D110/><U63/><E63/><AGARI ba="4,0" hai="50,54,55,57,59,63,86,87,96,102,104" m="49194,30752" machi="63" ten="30,3900,0" yaku="19,1,52,2" doraHai="94" who="0" fromWho="1" sc="173,47,734,-47,143,0,0,0" owari="220,-18.0,687,64.0,143,-46.0,0,0.0" /></mjloggm>