<mjloggm ver="2.3"><GO type="225" lobby="0"/><UN n0="%E3%80%8E%53%65%63%72%65%74%E3%80%8F" n1="%E3%83%80%E3%83%B3%E3%83%86" n2="%E3%81%8A%E3%81%8A%E3%81%9E%E3%82%89%E3%82%92%E3%81%A8%E3%81%B6" n3="%50%49%58%49" dan="16,17,16,17" rate="2178.90,2244.60,2163.73,2142.06" sx="M,M,M,F"/><TAIKYOKU oya="0"/><INIT seed="0,0,0,0,4,134" ten="250,250,250,250" oya="0" hai0="127,17,110,102,122,94,116,75,74,73,105,80,112" hai1="89,87,55,50,120,32,20,92,22,53,66,100,49" hai2="5,107,34,121,98,19,111,108,65,61,45,132,97" hai3="21,130,117,104,26,35,25,69,38,88,128,27,1"/><T113/><D17/><U96/><E120/><V79/><F121/><W64/><G104/><T109/><D122/><U52/><E32/><V106/><F34/><W30/><G38/><T91/><D116/><U47/><E66/><V85/><F5/><W83/><G117/><T8/><D8/><U39/><E39/><V126/><F45/><W13/><G1/><T40/><D40/><U133/><E133/><V63/><F19/><N who="3" m="10479" /><G69/><T81/><D127/><U42/><REACH who="1" step="1"/><E50/><REACH who="1" ten="250,240,250,250" step="2"/><V54/><F65/><W10/><G64/><T29/><D112/><U51/><E51/><V62/><F132/><W131/><G10/><T67/><D67/><U95/><AGARI ba="0,1" hai="20,22,42,47,49,52,53,55,87,89,92,95,96,100" machi="95" ten="30,7900,0" yaku="1,1,0,1,8,1,54,1,53,0" doraHai="134" doraHaiUra="23" who="1" fromWho="1" sc="250,-39,240,89,250,-20,250,-20" /><INIT seed="1,0,0,2,0,2" ten="211,329,230,230" oya="1" hai0="104,11,30,52,8,41,40,32,102,133,68,23,89" hai1="82,17,9,100,66,125,33,107,113,0,42,55,117" hai2="112,22,58,60,74,21,73,36,48,123,94,103,114" hai3="14,10,18,49,39,121,75,92,46,91,63,132,122"/><U97/><E113/><N who="2" m="43627" /><F36/><W16/><G132/><T24/><D133/><U19/><E117/><V67/><F123/><W25/><G75/><N who="2" m="28681" /><F48/><W88/><G39/><T95/><D68/><U70/><E33/><V131/><F131/><W96/><G63/><T37/><D102/><U1/><E125/><V20/><F103/><N who="3" m="60807" /><G122/><T116/><D104/><U53/><E42/><N who="0" m="16489" /><D32/><U85/><E66/><V90/><F21/><N who="3" m="13479" /><G121/><T108/><D37/><U81/><E70/><V31/><F31/><W115/><G115/><T76/><D108/><U128/><E128/><V35/><F35/><W43/><AGARI ba="0,0" hai="10,14,18,43,46,49,88,91" m="13479,60807" machi="43" ten="30,4000,0" yaku="8,1,54,2" doraHai="2" who="3" fromWho="3" sc="211,-10,329,-20,230,-10,230,40" /><INIT seed="2,0,0,4,4,24" ten="201,309,220,270" oya="2" hai0="117,10,13,26,65,22,52,37,17,40,38,95,49" hai1="100,129,8,130,89,80,7,11,18,32,88,19,114" hai2="59,103,60,46,116,54,21,125,29,31,12,82,91" hai3="73,81,30,76,79,5,126,133,45,42,123,98,9"/><V92/><F116/><W127/><G123/><T124/><D124/><N who="3" m="47657" /><G133/><T106/><D117/><U33/><E100/><V23/><F125/><W64/><G64/><T4/><D106/><U74/><E74/><V2/><F2/><N who="3" m="183" /><G79/><T53/><D65/><U34/><E114/><V122/><F122/><W1/><G98/><T35/><D35/><U93/><E80/><V99/><F46/><W25/><G1/><T50/><D40/><U72/><E72/><V56/><F56/><W131/><G131/><N who="1" m="50186" /><E11/><V61/><F61/><W14/><G14/><T134/><D134/><U109/><E109/><V28/><F12/><W118/><G118/><T113/><D113/><U70/><E70/><V108/><F108/><W3/><G3/><T51/><REACH who="0" step="1"/><D95/><REACH who="0" ten="191,309,220,270" step="2"/><U36/><E93/><N who="2" m="58863" /><F82/><W94/><G94/><T135/><D135/><U86/><E36/><AGARI ba="0,1" hai="4,10,13,17,22,26,36,37,38,49,50,51,52,53" machi="36" ten="40,5200,0" yaku="1,1,54,1,53,1" doraHai="24" doraHaiUra="6" who="0" fromWho="1" sc="191,62,309,-52,220,0,270,0" /><INIT seed="3,0,0,2,3,106" ten="253,257,220,270" oya="3" hai0="53,90,34,88,96,24,38,122,94,6,17,3,25" hai1="49,87,37,33,11,10,85,132,110,80,45,117,29" hai2="2,86,119,127,74,66,9,46,1,71,27,105,21" hai3="123,115,113,104,26,50,22,18,42,82,32,91,69"/><W77/><G123/><T16/><D122/><U130/><E37/><V103/><F119/><W79/><G104/><T72/><D72/><U102/><E117/><V92/><F127/><W81/><G69/><T95/><D38/><U84/><E110/><V61/><F74/><W20/><G32/><T23/><D34/><U43/><E102/><V108/><F108/><W97/><G113/><T93/><D3/><U15/><E130/><V134/><F134/><W131/><G131/><T13/><D6/><U4/><E132/><V60/><F46/><N who="3" m="25943" /><G115/><T30/><D24/><U56/><E11/><V7/><F1/><W70/><G70/><T75/><D75/><U101/><E101/><V35/><F35/><W99/><G91/><N who="0" m="55359" /><D13/><U100/><E100/><V76/><F61/><W67/><G67/><T63/><D94/><U126/><E126/><V64/><F64/><W73/><G73/><T120/><D120/><U129/><E56/><V14/><F2/><W0/><G22/><T41/><D41/><U128/><E128/><V111/><F111/><W54/><G0/><T48/><D63/><U12/><E12/><V135/><F135/><W109/><G109/><T125/><D125/><U28/><E129/><V65/><F65/><W98/><G54/><T121/><D121/><U36/><E36/><V55/><F55/><W40/><G40/><T114/><D114/><U118/><E118/><V5/><F105/><W51/><G51/><T124/><D124/><U19/><E33/><V112/><F112/><W39/><G39/><T59/><D90/><N who="1" m="51463" /><E4/><V89/><F71/><W68/><G68/><RYUUKYOKU ba="0,0" sc="253,10,257,10,220,-30,270,10" hai0="16,17,23,25,30,48,53,59,88,95" hai1="10,15,19,28,29,43,45,49,85,87" hai3="18,20,26,77,79,81,82,97,98,99" /><INIT seed="3,1,0,5,2,101" ten="263,267,190,280" oya="3" hai0="107,124,113,33,64,90,47,110,99,10,21,20,48" hai1="55,25,122,24,2,58,29,135,92,57,85,18,112" hai2="79,121,82,6,94,129,68,76,115,93,17,50,88" hai3="36,97,44,123,133,59,109,19,132,41,73,14,40"/><W46/><G123/><T4/><D110/><U131/><E122/><V69/><F121/><W32/><G32/><T86/><D124/><U27/><E112/><V5/><F115/><W60/><G73/><T9/><D33/><U72/><E72/><V100/><F129/><W66/><G97/><T130/><D64/><U53/><E2/><V0/><F0/><W15/><G109/><T34/><D34/><U118/><E118/><V102/><F50/><W35/><G35/><T63/><D63/><U78/><E135/><V105/><F17/><W127/><G127/><T77/><D130/><U125/><E131/><V119/><F88/><W54/><G66/><T11/><D4/><U104/><E104/><V31/><F31/><W71/><G71/><T38/><D38/><U61/><E18/><V67/><F67/><W3/><G3/><T16/><D16/><U126/><E29/><V116/><F82/><W43/><G43/><T87/><D113/><U89/><REACH who="1" step="1"/><E78/><REACH who="1" ten="263,257,190,280" step="2"/><V1/><F1/><W98/><G19/><T62/><D107/><AGARI ba="1,1" hai="5,6,68,69,76,79,93,94,100,102,105,107,116,119" machi="107" ten="25,6400,0" yaku="22,2,52,2" doraHai="101" who="2" fromWho="0" sc="263,-67,257,0,190,77,280,0" /><INIT seed="4,0,0,5,4,108" ten="196,257,267,280" oya="0" hai0="134,109,15,10,51,30,72,32,27,56,110,114,46" hai1="31,82,18,118,128,58,115,78,74,21,43,7,71" hai2="48,93,79,88,44,45,135,95,29,101,8,131,59" hai3="124,86,2,1,130,52,126,119,38,127,68,36,57"/><T23/><D72/><U100/><E118/><V37/><F135/><W63/><G119/><T66/><D134/><U85/><E71/><V60/><F131/><W55/><G130/><T92/><D32/><U5/><E128/><V39/><F79/><W13/><G68/><T61/><D92/><U87/><E31/><V0/><F29/><W4/><G86/><T103/><D103/><U22/><E22/><V35/><F35/><W111/><G111/><T26/><D26/><U121/><E121/><V47/><F0/><N who="3" m="107" /><G55/><T84/><D84/><U73/><E43/><V11/><F48/><W12/><G4/><T83/><D83/><U9/><E7/><V34/><F34/><W65/><G65/><T77/><D77/><U28/><E28/><V69/><F69/><W17/><G13/><T54/><REACH who="0" step="1"/><D114/><REACH who="0" ten="186,257,267,280" step="2"/><U50/><E115/><V105/><F95/><W75/><G75/><T122/><D122/><U24/><E100/><V70/><F93/><W6/><G127/><T106/><D106/><U3/><E74/><V42/><F101/><W120/><G120/><T91/><D91/><U113/><E113/><V112/><F88/><W133/><G133/><T19/><AGARI ba="0,1" hai="10,15,19,23,27,30,46,51,54,56,61,66,109,110" machi="19" ten="30,3000,0" yaku="1,1,0,1,53,0" doraHai="108" doraHaiUra="96" who="0" fromWho="0" sc="186,40,257,-10,267,-10,280,-10" /><INIT seed="4,1,0,0,1,47" ten="226,247,257,270" oya="0" hai0="7,44,120,100,4,58,74,125,34,83,66,104,93" hai1="135,35,96,102,117,22,48,54,10,18,122,12,131" hai2="97,109,50,45,46,31,105,25,38,17,92,82,75" hai3="49,33,127,57,113,53,21,90,42,8,43,77,23"/><T87/><D120/><U79/><E122/><V86/><F109/><W128/><G33/><T26/><D125/><U63/><E117/><V28/><F38/><W134/><G127/><T41/><D34/><U30/><E135/><V85/><F105/><W19/><G134/><T15/><D26/><U11/><E131/><V60/><F75/><W37/><G128/><T99/><D66/><U130/><E79/><N who="2" m="46303" /><F60/><W51/><G37/><T114/><D114/><U65/><E35/><V32/><F86/><W61/><G77/><N who="0" m="44471" /><D15/><U101/><E130/><V81/><F81/><W129/><G113/><T36/><D58/><N who="1" m="37111" /><E96/><V88/><F45/><N who="3" m="25783" /><G129/><T91/><AGARI ba="1,0" hai="4,7,36,41,44,87,91,93,99,100,104" m="44471" machi="91" ten="30,1500,0" yaku="24,1" doraHai="47" who="0" fromWho="0" sc="226,18,247,-6,257,-6,270,-6" /><INIT seed="4,2,0,2,5,50" ten="244,241,251,264" oya="0" hai0="14,25,31,89,17,67,94,73,53,75,63,97,13" hai1="38,11,114,108,0,26,52,102,92,130,77,35,76" hai2="21,58,29,83,91,134,22,33,107,49,131,82,125" hai3="87,120,90,104,74,100,6,10,115,109,68,72,93"/><T98/><D98/><U117/><E117/><V101/><F125/><W1/><G109/><T4/><D4/><U106/><E108/><V2/><F2/><W110/><G110/><T48/><D67/><U54/><E106/><V113/><F113/><W5/><G115/><T23/><D63/><U24/><E38/><V45/><F131/><W44/><G120/><T15/><REACH who="0" step="1"/><D31/><REACH who="0" ten="234,241,251,264" step="2"/><U66/><E114/><V42/><F29/><W133/><G6/><T88/><D88/><U135/><E66/><V16/><F91/><W39/><G5/><T43/><D43/><U116/><E130/><V20/><F101/><W71/><G100/><T41/><D41/><U55/><E116/><V84/><F42/><W62/><G90/><T121/><D121/><U70/><E102/><V128/><F128/><W112/><G112/><T46/><AGARI ba="2,1" hai="13,14,15,17,23,25,46,48,53,73,75,89,94,97" machi="46" ten="30,6000,0" yaku="1,1,0,1,52,1,53,0" doraHai="50" doraHaiUra="103" who="0" fromWho="0" sc="234,76,241,-22,251,-22,264,-22" owari="310,41.0,219,-28.0,229,-17.0,242,4.0" /></mjloggm>