<mjloggm ver="2.3"><GO type="185" lobby="0"/><UN n0="%E8%B5%A4%E3%81%AE%E3%83%A9%E3%82%B0%E3%83%8A%E3%83%AB" n1="%E5%B7%A5%E8%97%A4%E3%81%95%E3%82%93" n2="%E3%82%8A%E3%82%85%E3%81%99%E3%81%8F" n3="" dan="16,16,17,0" rate="2165.31,2232.64,2206.25,1500.00" sx="M,M,M,C"/><TAIKYOKU oya="0"/><INIT seed="0,0,0,4,4,46" ten="350,350,350,0" oya="0" hai0="105,3,2,89,100,51,103,125,97,75,52,110,85" hai1="92,55,68,116,34,49,59,50,117,32,95,80,127" hai2="104,99,86,66,126,90,118,130,48,73,108,82,62" hai3=""/><T81/><D125/><U102/><E127/><V38/><F38/><T76/><D103/><U77/><E68/><V58/><F108/><T45/><REACH who="0" step="1"/><D110/><REACH who="0" ten="340,350,350,0" step="2"/><U114/><E102/><V109/><F109/><T123/><N who="0" m="31520" /><T60/><D60/><U42/><E32/><V33/><F126/><T106/><D106/><U79/><E34/><V78/><F33/><T63/><D63/><U65/><E117/><V57/><F104/><T93/><AGARI ba="0,1" hai="2,3,45,51,52,75,76,81,85,89,93,97,100,105" m="31520" machi="93" ten="20,16000,3" yaku="1,1,0,1,7,1,24,2,52,2,54,1,53,0" doraHai="46" doraHaiUra="54" who="0" fromWho="0" sc="340,170,350,-80,350,-80,0,0" /><INIT seed="0,1,0,5,5,121" ten="510,270,270,0" oya="0" hai0="86,126,3,62,1,117,116,94,64,105,102,109,41" hai1="71,76,75,36,63,118,132,58,96,98,59,85,90" hai2="82,72,130,106,115,108,111,104,51,56,49,60,114" hai3=""/><T135/><D135/><U124/><E118/><V95/><F95/><T53/><D126/><U66/><E132/><V91/><F130/><T77/><D105/><U50/><E36/><V46/><F51/><T47/><D53/><U133/><E133/><V129/><F129/><T54/><D54/><U119/><E119/><V40/><F104/><T0/><D102/><U81/><E124/><V131/><F106/><T32/><D32/><U88/><E90/><V127/><F127/><T122/><N who="0" m="31264" /><T61/><D109/><N who="2" m="42058" /><F131/><T34/><D34/><U79/><E79/><V107/><F107/><T43/><D94/><U67/><E50/><V33/><F33/><T44/><D116/><U113/><E113/><V48/><F48/><T78/><D117/><U89/><E89/><V39/><F49/><T110/><D110/><U99/><E99/><V73/><BYE who="1" /><F91/><T2/><D3/><U87/><E87/><V80/><F114/><UN n1="%E5%B7%A5%E8%97%A4%E3%81%95%E3%82%93" /><T97/><D2/><U70/><E98/><V57/><F115/><T123/><N who="0" m="31520" /><T35/><D35/><U55/><E96/><V38/><F38/><T125/><D97/><U103/><E103/><V112/><F112/><T83/><D125/><U52/><E88/><V134/><F134/><T45/><D1/><RYUUKYOKU ba="1,0" sc="510,0,270,0,270,0,0,0" /><INIT seed="1,2,0,2,1,32" ten="510,270,270,0" oya="1" hai0="65,112,56,62,36,108,91,73,34,84,52,54,123" hai1="106,93,70,82,43,114,47,76,96,44,94,133,121" hai2="74,46,75,88,59,0,78,71,129,130,67,53,97" hai3=""/><U39/><N who="1" m="31008" /><U87/><E114/><V38/><F0/><T57/><N who="0" m="31520" /><T68/><D34/><U134/><E70/><V103/><F88/><T61/><D112/><U89/><E106/><V35/><F35/><T3/><D73/><U45/><REACH who="1" step="1"/><E94/><REACH who="1" ten="510,260,270,0" step="2"/><V37/><F71/><T101/><D68/><U127/><E127/><V105/><F105/><T55/><D3/><U99/><E99/><V122/><F97/><T111/><D108/><U77/><E77/><V2/><F78/><T50/><D111/><U115/><E115/><V125/><F125/><T124/><D124/><U79/><E79/><V81/><F129/><T117/><D117/><U85/><E85/><V116/><F130/><T120/><D84/><U110/><E110/><V42/><F116/><T49/><D120/><U40/><E40/><V86/><F122/><T119/><D119/><U63/><E63/><V135/><F42/><T60/><D62/><U95/><E95/><V83/><F86/><T64/><D61/><U128/><E128/><V118/><F118/><T131/><D60/><U33/><E33/><V104/><F104/><T66/><D131/><U72/><E72/><V107/><F75/><T100/><D66/><U90/><E90/><V41/><F74/><RYUUKYOKU ba="2,1" sc="510,-10,260,20,270,-10,0,0" hai1="39,43,44,45,47,76,82,87,89,93,96,133,134" /><INIT seed="1,3,1,3,2,98" ten="500,280,260,0" oya="1" hai0="76,82,92,131,112,108,126,85,117,61,110,99,34" hai1="0,134,42,41,100,62,75,115,40,54,107,103,89" hai2="77,63,51,35,79,74,52,105,47,55,33,130,125" hai3=""/><U84/><E0/><V56/><F130/><T95/><D34/><U66/><E115/><V101/><F125/><T123/><N who="0" m="31520" /><T102/><D61/><U73/><E134/><V109/><F109/><N who="0" m="42090" /><D112/><U3/><E54/><V53/><F74/><T45/><D45/><U60/><E3/><V70/><F70/><T64/><D64/><U133/><E133/><V93/><F105/><T72/><D131/><U132/><E132/><V113/><F113/><T68/><D68/><U2/><E2/><V87/><F53/><T50/><D50/><U43/><E62/><V38/><F38/><T127/><D117/><U32/><E32/><V116/><F116/><T90/><AGARI ba="3,1" hai="72,76,82,85,90,92,95,99,102,126,127" m="42090,31520" machi="90" ten="30,6000,1" yaku="14,1,34,2,52,2" doraHai="98" who="0" fromWho="0" sc="500,76,280,-43,260,-23,0,0" /><INIT seed="2,0,0,1,5,35" ten="576,237,237,0" oya="2" hai0="87,43,48,81,120,110,100,77,104,94,116,98,45" hai1="3,78,40,89,86,75,99,112,50,70,96,36,49" hai2="60,101,55,92,0,57,103,37,132,73,88,42,72" hai3=""/><V66/><F132/><T58/><N who="0" m="30752" /><T59/><D110/><U62/><E3/><V47/><F0/><T63/><D116/><U32/><E32/><V85/><REACH who="2" step="1"/><F66/><REACH who="2" ten="576,237,227,0" step="2"/><T90/><D63/><U91/><E62/><V124/><F124/><T34/><D34/><U125/><E125/><V117/><F117/><T82/><D82/><U121/><E121/><V114/><F114/><T111/><D111/><U83/><E112/><V95/><F95/><T1/><D1/><U108/><E83/><V84/><F84/><AGARI ba="0,1" hai="43,45,48,58,59,77,81,84,87,90,94,98,100,104" m="30752" machi="84" ten="30,2000,0" yaku="7,1,52,1" doraHai="35" who="0" fromWho="2" sc="576,30,237,0,227,-20,0,0" /><INIT seed="4,0,0,1,1,58" ten="606,237,207,0" oya="0" hai0="50,42,132,117,101,67,53,2,72,77,73,129,32" hai1="89,80,45,123,49,69,47,99,75,81,0,44,51" hai2="96,62,119,135,115,122,116,87,74,76,121,61,68" hai3=""/><T134/><D117/><N who="2" m="45130" /><F68/><T90/><D129/><U56/><N who="1" m="31520" /><U113/><E0/><V40/><N who="2" m="31008" /><V118/><N who="2" m="31264" /><V83/><N who="2" m="45138" /><V92/><DORA hai="38" /><F115/><T97/><D2/><U33/><E33/><V98/><F135/><T52/><D67/><U46/><E69/><V104/><F40/><T82/><D32/><U60/><E113/><V79/><F79/><T37/><D37/><U93/><E75/><V127/><F127/><T48/><D72/><U54/><REACH who="1" step="1"/><E51/><REACH who="1" ten="606,227,207,0" step="2"/><V124/><F74/><T39/><D50/><U112/><E112/><V63/><F124/><T94/><D39/><U133/><E133/><V64/><F104/><T103/><D134/><U3/><E3/><V86/><F64/><AGARI ba="0,1" hai="44,45,46,47,49,54,56,60,64,80,81,89,93,99" m="31520" machi="64" ten="40,16000,3" yaku="1,1,8,1,52,2,53,5" doraHai="58,38" doraHaiUra="55,41" who="1" fromWho="2" sc="606,0,227,170,207,-160,0,0" /><INIT seed="5,0,0,0,3,102" ten="606,397,47,0" oya="1" hai0="119,70,71,77,50,111,97,81,132,105,122,37,78" hai1="85,83,121,45,59,104,41,89,57,74,2,51,69" hai2="115,36,98,116,127,38,107,0,124,135,96,112,101" hai3=""/><U120/><N who="1" m="30752" /><U40/><N who="1" m="31008" /><U131/><E2/><V33/><F0/><T91/><N who="0" m="31264" /><T79/><D37/><N who="2" m="14442" /><F33/><T53/><D111/><U49/><E131/><V52/><F116/><T128/><D128/><U56/><E69/><V110/><F110/><T95/><D119/><U99/><E74/><V60/><F135/><T134/><D105/><U58/><N who="1" m="14336" /><DORA hai="108" /><U76/><E76/><V35/><F52/><T90/><D90/><U46/><E99/><V125/><F60/><T123/><N who="0" m="31520" /><T43/><D81/><U94/><E104/><V118/><F118/><T47/><D43/><U65/><E65/><V42/><F35/><T86/><D97/><N who="2" m="37482" /><F42/><T100/><D100/><U114/><E114/><N who="2" m="43563" /><F101/><T1/><D1/><U113/><E113/><V133/><F133/><AGARI ba="0,0" hai="47,50,53,70,71,77,78,79,86,91,95,132,133,134" m="31520,31264" machi="133" ten="40,5200,0" yaku="20,1,52,2" doraHai="102,108" who="0" fromWho="2" sc="606,52,397,0,47,-52,0,0" owari="658,61.0,397,0.0,-5,-61.0,0,0.0" /></mjloggm>