<mjloggm ver="2.3"><GO type="185" lobby="0"/><UN n0="%E3%82%A2%E3%82%B9%E3%82%BF%E3%83%AD%E3%83%88%E3%81%AE%E5%AE%A3%E5%91%8A" n1="%E3%82%8C%E3%81%99%E3%81%93" n2="%E9%BE%8D%E5%B9%B3" n3="" dan="17,16,16,0" rate="2252.13,2259.85,2214.62,1500.00" sx="M,F,M,C"/><TAIKYOKU oya="0"/><INIT seed="0,0,0,3,3,115" ten="350,350,350,0" oya="0" hai0="63,36,67,119,94,87,134,126,93,78,32,135,76" hai1="61,131,50,42,106,107,130,74,100,73,105,52,45" hai2="120,51,66,125,59,89,104,43,88,128,102,44,129" hai3=""/><T69/><D32/><U118/><E118/><V101/><N who="2" m="30752" /><V132/><F125/><T124/><D36/><U86/><E100/><V38/><F132/><N who="0" m="50730" /><D119/><U46/><E86/><V127/><F127/><N who="0" m="48682" /><D87/><U75/><REACH who="1" step="1"/><E61/><REACH who="1" ten="350,340,350,0" step="2"/><V3/><F102/><T90/><D90/><U64/><E64/><V34/><F34/><T91/><D91/><U33/><E33/><V62/><F101/><T85/><D85/><U79/><E79/><AGARI ba="0,1" hai="63,67,69,76,78,79,93,94" m="48682,50730" machi="79" ten="30,2900,0" yaku="20,1,18,1" doraHai="115" who="0" fromWho="1" sc="350,39,340,-29,350,0,0,0" /><INIT seed="0,1,0,0,2,2" ten="389,311,350,0" oya="0" hai0="126,93,42,59,37,90,52,83,60,63,65,70,132" hai1="48,50,109,98,41,111,101,81,100,95,76,71,96" hai2="125,127,122,128,123,3,32,105,40,92,134,118,116" hai3=""/><T36/><D126/><N who="2" m="48138" /><F3/><T66/><D132/><U72/><E71/><V79/><N who="2" m="31264" /><V55/><N who="2" m="31520" /><V1/><F1/><T88/><D42/><U74/><E74/><V110/><F105/><T58/><D83/><U46/><REACH who="1" step="1"/><E50/><REACH who="1" ten="389,301,350,0" step="2"/><V91/><F134/><T85/><REACH who="0" step="1"/><D90/><REACH who="0" ten="379,301,350,0" step="2"/><U73/><E73/><V104/><F91/><T106/><D106/><AGARI ba="1,2" hai="41,46,48,72,76,81,95,96,98,100,101,106,109,111" machi="106" ten="40,1300,0" yaku="1,1,53,0" doraHai="2" doraHaiUra="130" who="1" fromWho="0" sc="379,-15,301,35,350,0,0,0" /><INIT seed="1,0,0,2,0,94" ten="364,336,350,0" oya="1" hai0="109,118,52,59,36,88,83,81,124,123,108,34,72" hai1="99,1,65,130,133,131,110,126,41,68,55,113,95" hai2="121,78,85,56,105,104,107,45,119,43,106,40,67" hai3=""/><U70/><E113/><V84/><N who="2" m="31008" /><V53/><F119/><T39/><N who="0" m="31520" /><T60/><D34/><U35/><E35/><V61/><N who="2" m="26624" /><DORA hai="49" /><V33/><F33/><T75/><D118/><U79/><E1/><V2/><F2/><T38/><D124/><U58/><E126/><V127/><F127/><T120/><N who="0" m="30752" /><T74/><REACH who="0" step="1"/><D88/><REACH who="0" ten="354,336,350,0" step="2"/><U0/><E0/><V77/><F77/><T71/><D71/><U129/><E79/><V101/><F78/><T47/><D47/><U48/><E68/><V116/><F116/><T92/><D92/><U63/><E133/><V115/><F115/><T103/><D103/><U80/><E80/><AGARI ba="0,1" hai="36,38,39,52,59,60,72,74,75,80,81,83,108,109" m="30752,31520" machi="80" ten="50,12000,2" yaku="1,1,52,3,54,1,53,1" doraHai="94,49" doraHaiUra="89,51" who="0" fromWho="1" sc="354,130,336,-120,350,0,0,0" /><INIT seed="2,0,0,3,3,71" ten="484,216,350,0" oya="2" hai0="42,94,107,93,124,113,110,86,102,115,75,117,81" hai1="80,36,69,51,133,89,39,45,68,3,56,123,0" hai2="91,78,122,134,99,50,44,34,47,54,130,67,104" hai3=""/><V38/><N who="2" m="31264" /><V95/><F34/><T119/><D42/><U82/><N who="1" m="31520" /><U106/><E106/><V96/><F130/><T35/><D75/><U64/><E133/><V46/><F134/><T79/><D35/><U59/><E51/><V37/><F67/><T2/><D2/><U77/><E64/><V70/><F70/><T101/><D110/><U76/><REACH who="1" step="1"/><E89/><REACH who="1" ten="484,206,350,0" step="2"/><V58/><F78/><T84/><D107/><U98/><E98/><V90/><F104/><T114/><D124/><U118/><E118/><N who="0" m="45065" /><D84/><U65/><E65/><V1/><F1/><T73/><D86/><U129/><E129/><V97/><F97/><T87/><D87/><U41/><E41/><V48/><F48/><T57/><D113/><U72/><E72/><V132/><F132/><T88/><D73/><U111/><E111/><V60/><F50/><T62/><D88/><U83/><E83/><V61/><F61/><T85/><D115/><U131/><E131/><V53/><F53/><T108/><D108/><U49/><E49/><V126/><F126/><T92/><D114/><U103/><E103/><V127/><F127/><T32/><D32/><U33/><E33/><V105/><F105/><T55/><D102/><U43/><E43/><V66/><F66/><RYUUKYOKU ba="0,1" sc="484,0,206,0,350,0,0,0" hai0="55,57,62,79,81,85,92,93,94,101" hai1="0,3,36,39,45,56,59,68,69,76,77,80,82" hai2="37,38,44,46,47,54,58,60,90,91,95,96,99" /><INIT seed="2,1,1,2,2,54" ten="484,206,350,0" oya="2" hai0="103,63,41,79,57,65,47,60,128,123,126,88,32" hai1="91,102,77,72,131,43,74,112,121,129,135,124,44" hai2="93,108,86,119,69,96,132,120,99,97,94,51,116" hai3=""/><V1/><N who="2" m="30752" /><V113/><F69/><T109/><N who="0" m="31520" /><T125/><D32/><U111/><N who="1" m="31008" /><U3/><E3/><V80/><F1/><T71/><D109/><U81/><E112/><V114/><F51/><T62/><D128/><N who="1" m="49227" /><E111/><V90/><F108/><T118/><D103/><U58/><E135/><V55/><F55/><T110/><D79/><U66/><E124/><N who="0" m="47721" /><D110/><U36/><E102/><V67/><F67/><T52/><D118/><N who="2" m="45098" /><F132/><T134/><D88/><U78/><E91/><V37/><F37/><T115/><D134/><U50/><E36/><V133/><F133/><T122/><N who="0" m="31264" /><T87/><D87/><U76/><E74/><V84/><F84/><T95/><D95/><AGARI ba="1,1" hai="80,86,90,93,94,95,96,97,99,113,114" m="45098,30752" machi="95" ten="30,5800,0" yaku="34,2,52,1" doraHai="54" who="2" fromWho="0" sc="484,-60,206,0,350,70,0,0" /><INIT seed="2,2,0,2,1,37" ten="424,206,420,0" oya="2" hai0="89,122,73,34,36,128,61,129,56,0,117,113,3" hai1="85,41,75,78,133,81,100,104,83,114,98,33,93" hai2="110,103,69,62,46,88,109,94,70,55,32,135,108" hai3=""/><V45/><F32/><T58/><N who="0" m="31264" /><T82/><D117/><U131/><E33/><V74/><F74/><T66/><D34/><U59/><E114/><V54/><F103/><T92/><D113/><U125/><E125/><V132/><F94/><T39/><D58/><U124/><E124/><V96/><F96/><T87/><D39/><U121/><N who="1" m="31008" /><U72/><E133/><N who="2" m="51275" /><F88/><T95/><D36/><U2/><E2/><V111/><F111/><T77/><REACH who="0" step="1"/><D95/><REACH who="0" ten="414,206,420,0" step="2"/><U52/><E131/><AGARI ba="2,1" hai="0,3,56,61,66,73,77,82,87,89,92,128,129,131" m="31264" machi="131" ten="40,8000,1" yaku="1,1,2,1,19,1,52,1,53,0" doraHai="37" doraHaiUra="71" who="0" fromWho="1" sc="414,94,206,-84,420,0,0,0" /><INIT seed="4,0,0,0,3,119" ten="508,122,420,0" oya="0" hai0="48,131,129,69,126,43,90,118,52,120,89,104,108" hai1="42,86,66,3,39,74,125,65,109,121,117,133,60" hai2="127,87,128,40,34,123,75,103,38,53,83,47,46" hai3=""/><T82/><N who="0" m="30752" /><T122/><N who="0" m="31264" /><T96/><D118/><U72/><N who="1" m="31008" /><U73/><E117/><V88/><N who="2" m="31520" /><V61/><F34/><T92/><D126/><U55/><E3/><V64/><F127/><T91/><D108/><U116/><E116/><V95/><F128/><N who="0" m="49226" /><D104/><U115/><E125/><V81/><F103/><T99/><D69/><U63/><E109/><V71/><F75/><T110/><D110/><U77/><E133/><V94/><F83/><T57/><D99/><U101/><E101/><V0/><F0/><T98/><D98/><U134/><E134/><V33/><F33/><T130/><N who="0" m="49234" /><T106/><DORA hai="135" /><D106/><U111/><E111/><V100/><F100/><T93/><D93/><U78/><E115/><V45/><F94/><T50/><D82/><U62/><E86/><V107/><F107/><T76/><D76/><U44/><REACH who="1" step="1"/><E55/><REACH who="1" ten="508,112,420,0" step="2"/><V59/><F81/><T37/><D37/><U112/><E112/><V51/><AGARI ba="0,1" hai="38,40,45,46,47,51,53,59,61,64,71,87,88,95" m="31520" machi="51" ten="20,9000,2" yaku="0,1,7,1,24,2,52,2,54,1" doraHai="119,135" who="2" fromWho="2" sc="508,-60,112,-30,420,100,0,0" /><INIT seed="5,0,0,3,4,64" ten="448,82,520,0" oya="1" hai0="42,133,3,85,106,82,48,114,95,131,88,78,102" hai1="80,81,129,52,72,103,126,113,98,109,73,66,35" hai2="104,67,58,116,115,122,53,76,63,91,87,125,47" hai3=""/><U110/><E35/><V134/><N who="2" m="31264" /><V0/><F0/><T38/><D114/><U34/><E34/><V112/><F104/><T97/><D3/><U108/><E113/><N who="2" m="43595" /><F116/><T89/><D131/><U100/><E129/><V56/><F134/><T61/><D133/><U75/><E126/><V92/><F47/><T37/><D89/><U45/><E66/><V79/><F125/><T117/><D117/><U62/><E103/><V90/><F91/><T39/><D61/><AGARI ba="0,0" hai="53,56,58,61,63,67,76,79,87,90,92" m="43595,31264" machi="61" ten="30,3900,0" yaku="15,1,11,1,52,1" doraHai="64" who="2" fromWho="0" sc="448,-39,82,0,520,39,0,0" /><INIT seed="6,0,0,5,0,89" ten="409,82,559,0" oya="2" hai0="84,74,104,134,130,120,71,119,55,88,85,108,61" hai1="80,77,117,56,39,105,62,35,115,1,86,0,98" hai2="99,103,97,127,106,37,53,50,126,76,82,102,81" hai3=""/><V34/><F37/><T116/><N who="0" m="30752" /><T67/><D108/><U42/><E56/><V83/><F34/><T3/><D3/><U57/><E57/><V36/><F36/><T46/><D130/><U122/><E62/><V91/><F91/><T78/><D134/><U100/><E42/><V131/><F131/><T113/><D113/><U124/><E86/><V107/><F76/><T93/><D104/><U94/><E80/><V133/><F133/><T48/><D74/><U123/><N who="1" m="31264" /><U58/><E58/><AGARI ba="0,0" hai="50,53,58,81,82,83,97,99,102,103,106,107,126,127" machi="58" ten="40,2000,0" yaku="9,1" doraHai="89" who="2" fromWho="1" sc="409,0,82,-20,559,20,0,0" owari="409,1.0,62,-54.0,579,53.0,0,0.0" /></mjloggm>