<mjloggm ver="2.3"><GO type="169" lobby="0"/><UN n0="%4D%53%4E" n1="%4E%6F%2E%30%30%30%31" n2="%E3%82%B8%E3%83%A7%E3%83%8B%E3%83%B2" n3="%43%6F%6D%65%64%69%61%6E" dan="16,18,17,16" rate="2142.27,2260.82,2121.51,2149.61" sx="M,F,M,M"/><TAIKYOKU oya="0"/><INIT seed="0,0,0,0,2,69" ten="250,250,250,250" oya="0" hai0="83,128,4,75,15,41,34,132,43,42,11,90,102" hai1="28,121,55,2,35,54,87,29,8,78,109,13,24" hai2="82,46,93,44,47,91,115,20,6,14,3,73,60" hai3="71,120,135,0,103,130,1,100,64,33,62,111,61"/><T26/><D132/><U18/><E121/><V122/><F115/><W112/><G112/><T133/><D133/><U72/><E72/><V70/><F122/><W104/><G135/><T50/><D128/><U66/><E109/><V21/><F3/><W7/><G111/><T80/><D102/><U114/><E114/><V125/><F125/><W96/><G103/><T5/><D5/><U113/><E113/><V67/><F73/><W95/><G95/><T92/><D75/><U117/><E66/><V19/><F6/><W124/><G124/><T38/><D38/><U49/><E28/><V65/><F65/><W23/><G23/><T30/><REACH who="0" step="1"/><D50/><REACH who="0" ten="240,250,250,250" step="2"/><U39/><E39/><V76/><F76/><W48/><G48/><T31/><D31/><U85/><E78/><V17/><F82/><W40/><G7/><T131/><D131/><U51/><E117/><V134/><F134/><W98/><G130/><T129/><D129/><U116/><E116/><V10/><REACH who="2" step="1"/><F19/><REACH who="2" ten="240,250,240,250" step="2"/><W57/><G120/><T99/><AGARI ba="0,2" hai="4,11,15,26,30,34,41,42,43,80,83,90,92,99" machi="99" ten="30,3000,0" yaku="1,1,0,1,53,0" doraHai="69" doraHaiUra="105" who="0" fromWho="0" sc="240,50,250,-10,240,-10,250,-10" /><INIT seed="0,1,0,5,4,133" ten="290,240,230,240" oya="0" hai0="14,96,102,52,94,33,126,49,4,67,32,51,80" hai1="92,15,71,40,87,37,39,23,29,84,38,100,104" hai2="89,119,95,50,83,105,9,63,115,107,110,114,127" hai3="12,6,17,48,124,106,66,135,98,18,103,79,42"/><T70/><D126/><U2/><E2/><V64/><F110/><W19/><G135/><T45/><D80/><U21/><E71/><V121/><F121/><W74/><G66/><T62/><REACH who="0" step="1"/><D49/><REACH who="0" ten="280,240,230,240" step="2"/><U59/><E37/><V36/><F127/><W16/><G124/><T129/><D129/><U108/><E38/><V109/><F36/><W22/><G48/><T130/><D130/><U122/><E39/><V69/><F109/><W134/><G134/><T76/><D76/><U118/><E108/><V7/><F115/><W82/><G42/><T30/><D30/><U131/><E131/><V101/><F114/><W10/><REACH who="3" step="1"/><G19/><REACH who="3" ten="280,240,230,230" step="2"/><T5/><D5/><U113/><E113/><V28/><F50/><W88/><G88/><T61/><D61/><U78/><E40/><V116/><F89/><W81/><G81/><T47/><D47/><U11/><E122/><V55/><F83/><W65/><G65/><T132/><D132/><U85/><E78/><V111/><F111/><W20/><AGARI ba="1,2" hai="6,10,12,16,17,18,20,22,74,79,82,98,103,106" machi="20" ten="30,4000,0" yaku="1,1,0,1,54,1,53,0" doraHai="133" doraHaiUra="26" who="3" fromWho="3" sc="280,-21,240,-11,230,-11,230,63" /><INIT seed="1,0,0,4,3,20" ten="259,229,219,293" oya="1" hai0="98,120,95,11,46,5,27,132,44,68,79,37,21" hai1="16,84,106,80,9,110,116,1,49,42,66,10,86" hai2="47,50,74,38,65,126,23,14,85,114,45,64,135" hai3="125,60,93,92,101,96,108,40,62,61,33,13,8"/><U52/><E116/><V119/><F119/><W73/><G73/><T63/><D132/><U121/><E106/><V35/><F35/><W123/><G123/><T94/><D79/><U2/><E121/><V53/><F74/><W7/><G108/><T32/><D32/><U128/><E42/><V34/><F34/><W25/><G125/><T102/><D37/><U99/><E128/><V0/><F0/><W41/><REACH who="3" step="1"/><G93/><REACH who="3" ten="259,229,219,283" step="2"/><T134/><D95/><U130/><E110/><V124/><F135/><W15/><G15/><T70/><D120/><U75/><E75/><V48/><F114/><W36/><G36/><T83/><D134/><U133/><E133/><V19/><F38/><W28/><AGARI ba="0,1" hai="7,8,13,25,28,33,40,41,60,61,62,92,96,101" machi="28" ten="30,7900,0" yaku="1,1,0,1,52,1,53,1" doraHai="20" doraHaiUra="24" who="3" fromWho="3" sc="259,-20,229,-39,219,-20,283,89" /><INIT seed="2,0,0,3,3,48" ten="239,190,199,372" oya="2" hai0="37,91,70,83,81,125,97,110,126,117,74,44,115" hai1="56,55,35,127,95,9,76,103,121,63,21,47,99" hai2="98,41,134,38,116,6,77,82,106,129,107,50,23" hai3="102,78,73,0,11,14,52,42,13,132,124,89,12"/><V5/><F116/><W104/><G132/><T88/><D70/><U53/><E127/><N who="0" m="48649" /><D115/><U51/><E35/><V93/><F38/><W29/><G124/><T26/><D117/><U15/><E121/><V39/><F39/><W65/><G42/><N who="0" m="22607" /><D110/><U109/><E109/><V135/><F129/><W75/><G65/><T131/><D131/><U108/><E108/><V94/><F23/><W111/><G111/><T80/><D74/><U19/><E76/><V71/><F71/><W60/><G29/><T79/><D79/><U105/><E105/><V2/><F107/><W1/><G89/><N who="0" m="34379" /><D26/><U7/><REACH who="1" step="1"/><E21/><REACH who="1" ten="239,180,199,372" step="2"/><V66/><F135/><W113/><G78/><T122/><D122/><U30/><E30/><V8/><F134/><W92/><G104/><T36/><D36/><U130/><E130/><V49/><F106/><W24/><G113/><T34/><D34/><U96/><E96/><AGARI ba="0,1" hai="80,81,83,96,97" m="34379,22607,48649" machi="96" ten="40,2600,0" yaku="18,1,54,1" doraHai="48" who="0" fromWho="1" sc="239,36,180,-26,199,0,372,0" /><INIT seed="3,0,0,0,0,35" ten="275,154,199,372" oya="3" hai0="72,51,8,91,6,33,126,74,18,100,1,87,89" hai1="57,45,59,75,41,62,28,112,7,39,25,23,123" hai2="67,12,73,16,66,44,27,2,5,77,82,24,4" hai3="21,78,56,50,38,102,109,119,134,120,54,115,128"/><W42/><G115/><T71/><D71/><U70/><E112/><V95/><F67/><W40/><G119/><T133/><D133/><U121/><E75/><V3/><F66/><W86/><G120/><T96/><D126/><U49/><E57/><V129/><F129/><W76/><G128/><T132/><D132/><U11/><E39/><V61/><F61/><W130/><G130/><T90/><D33/><U131/><E70/><V114/><F114/><W55/><G109/><T22/><D51/><U46/><E46/><V52/><F5/><W108/><G108/><T26/><REACH who="0" step="1"/><D87/><REACH who="0" ten="265,154,199,372" step="2"/><U83/><E131/><V10/><F95/><AGARI ba="0,1" hai="1,6,8,18,22,26,72,74,89,90,91,95,96,100" machi="95" ten="40,8000,1" yaku="1,1,2,1,52,1,53,1" doraHai="35" doraHaiUra="20" who="0" fromWho="2" sc="265,90,154,0,199,-80,372,0" /><INIT seed="4,0,0,4,1,121" ten="355,154,119,372" oya="0" hai0="83,51,17,39,38,96,79,52,23,50,86,105,126" hai1="15,73,85,27,71,98,12,116,68,29,61,13,55" hai2="60,3,25,49,125,133,132,89,129,120,56,58,0" hai3="11,101,46,10,119,18,93,41,69,82,35,4,22"/><T24/><D126/><U31/><E73/><V47/><F120/><W32/><G69/><T28/><D51/><U84/><E116/><V67/><F125/><W33/><G119/><T64/><D64/><U110/><E110/><V21/><F129/><W42/><G82/><T128/><D128/><U6/><E6/><V20/><F89/><W62/><G62/><T34/><D96/><U7/><E7/><V112/><F112/><W63/><G63/><T113/><D105/><U26/><E61/><V107/><F107/><W54/><G54/><T94/><D94/><U9/><E55/><V108/><F58/><W45/><G101/><T118/><D113/><U78/><E98/><V14/><F14/><W127/><G93/><T104/><D104/><U44/><E44/><V81/><F81/><W37/><G127/><T16/><D16/><U130/><E9/><V5/><F108/><W36/><REACH who="3" step="1"/><G4/><REACH who="3" ten="355,154,119,362" step="2"/><T124/><D124/><U122/><E130/><V111/><F5/><W103/><G103/><T106/><D106/><U134/><E122/><V75/><F60/><W72/><G72/><T30/><D118/><U59/><E68/><V53/><F75/><W48/><G48/><T115/><D115/><U65/><E71/><V77/><F53/><W92/><G92/><T2/><D50/><U97/><E65/><V1/><F67/><W57/><G57/><T95/><D52/><U19/><E59/><V102/><F56/><W40/><G40/><T114/><D114/><U131/><E131/><V76/><F49/><W43/><G43/><T99/><D95/><U91/><E97/><RYUUKYOKU ba="0,1" sc="355,-10,154,-10,119,-10,362,30" hai3="10,11,18,22,32,33,35,36,37,41,42,45,46" /><INIT seed="5,1,1,1,2,105" ten="345,144,109,392" oya="1" hai0="6,30,100,78,13,132,101,124,113,49,120,77,96" hai1="108,39,5,110,2,91,81,102,97,75,58,87,16" hai2="47,21,122,7,24,29,71,50,70,107,52,33,79" hai3="62,41,35,12,4,68,38,60,94,127,56,116,19"/><U54/><E39/><V48/><F122/><W83/><G127/><T20/><D120/><U63/><E5/><V133/><F133/><W40/><G116/><T69/><D69/><U123/><E2/><V25/><F107/><W98/><G35/><T34/><D132/><U129/><E123/><V67/><F7/><W61/><G68/><T44/><D113/><U135/><E135/><V126/><F126/><W59/><G83/><T109/><D109/><U37/><E37/><V85/><F67/><W65/><G4/><T17/><D101/><U89/><E129/><V51/><F51/><W15/><G15/><T80/><D124/><U90/><E75/><V27/><F27/><W31/><G31/><T3/><D30/><U32/><E32/><V130/><F130/><W18/><G18/><T99/><D34/><U36/><E36/><V131/><F131/><W117/><G117/><T14/><D14/><U26/><E108/><V93/><F50/><W84/><G84/><T111/><D111/><U1/><E1/><V128/><F128/><W57/><G65/><T43/><D6/><U55/><E55/><V10/><F10/><N who="3" m="6551" /><G38/><T104/><D3/><U76/><E110/><V53/><F53/><W125/><G125/><T118/><D118/><U42/><E42/><V0/><F0/><W88/><AGARI ba="1,1" hai="40,41,56,57,59,60,61,62,88,94,98" m="6551" machi="88" ten="30,2000,0" yaku="8,1,54,1" doraHai="105" who="3" fromWho="3" sc="345,-6,144,-11,109,-6,392,33" /><INIT seed="6,0,0,0,0,94" ten="339,133,103,425" oya="2" hai0="10,30,106,97,4,81,16,73,40,79,87,69,45" hai1="31,93,21,43,49,41,117,89,100,19,92,56,1" hai2="34,44,118,36,70,3,129,52,132,39,27,50,103" hai3="124,47,135,8,54,112,88,86,9,77,15,96,26"/><V113/><F118/><W37/><G135/><T95/><D69/><U75/><E75/><V104/><F3/><W121/><G121/><T25/><D106/><U38/><E1/><V109/><F132/><W108/><G108/><T5/><D73/><U67/><E31/><N who="2" m="19839" /><F109/><W128/><G128/><T11/><D11/><U22/><E38/><V57/><F129/><W82/><G37/><T133/><D133/><U99/><E117/><V59/><F39/><W120/><G120/><T62/><D62/><N who="1" m="38343" /><E49/><V29/><F29/><W76/><G124/><T126/><D16/><U91/><E91/><V80/><F80/><W35/><G35/><T12/><D126/><U85/><E22/><V53/><F53/><W84/><G54/><T105/><D5/><U98/><E85/><V48/><F48/><W71/><G86/><T101/><D105/><U32/><E32/><V131/><F131/><W78/><G84/><T13/><D13/><AGARI ba="0,0" hai="13,19,21,41,43,89,92,93,98,99,100" m="38343" machi="13" ten="30,3900,0" yaku="8,1,52,2" doraHai="94" who="1" fromWho="0" sc="339,-39,133,39,103,0,425,0" /><INIT seed="7,0,0,2,3,102" ten="300,172,103,425" oya="3" hai0="88,22,113,94,71,89,100,123,12,43,66,58,122" hai1="49,68,93,119,0,134,42,114,14,91,18,80,90" hai2="45,59,124,101,40,128,51,70,74,6,55,61,95" hai3="15,126,47,85,130,135,27,76,105,67,75,65,121"/><W125/><G121/><T44/><D71/><U98/><E68/><V9/><F74/><W62/><G105/><T28/><D113/><U20/><E0/><V37/><F95/><W11/><G75/><T24/><D100/><U10/><E114/><V23/><F101/><W56/><G130/><T104/><D104/><U30/><E134/><V133/><F23/><W112/><G67/><T97/><D12/><U3/><E119/><V46/><F9/><W63/><G63/><T127/><D127/><U21/><E3/><V34/><F34/><W5/><G27/><T16/><D89/><U87/><E30/><V50/><F6/><W107/><G107/><T35/><D58/><U41/><E41/><N who="2" m="24879" /><F124/><W86/><G135/><T29/><D66/><U78/><E91/><V82/><F82/><N who="3" m="47303" /><G86/><T103/><D103/><U77/><E77/><V116/><F133/><W48/><G112/><T57/><D29/><U115/><E115/><V8/><F8/><W36/><G36/><T108/><D28/><U72/><E72/><V96/><F96/><W111/><G111/><T81/><D35/><U131/><E10/><V17/><F17/><W132/><G132/><T52/><D108/><U110/><E18/><V7/><F7/><W1/><G1/><T31/><D31/><U13/><E98/><V33/><F33/><W73/><G73/><T4/><D4/><U120/><E90/><V84/><F84/><W109/><G109/><T53/><D81/><U2/><E80/><V69/><F116/><W118/><G118/><T32/><D32/><U117/><E117/><V25/><F128/><RYUUKYOKU ba="0,0" sc="300,-10,172,-10,103,-10,425,30" hai3="5,11,15,47,48,56,62,65,125,126" owari="290,9.0,162,-24.0,93,-41.0,455,56.0" /></mjloggm>