<mjloggm ver="2.3"><GO type="185" lobby="0"/><UN n0="%E4%BD%90%E8%97%A4%E3%82%AB%E3%82%A4%E3%82%B8" n1="%E5%8F%A4%E6%B2%B3%E6%B8%9A" n2="%E3%83%84%E3%83%BC%E3%82%A2%E3%82%A6%E3%83%88" n3="" dan="16,18,16,0" rate="2195.39,2334.42,2202.61,1500.00" sx="F,F,M,C"/><TAIKYOKU oya="0"/><INIT seed="0,0,0,1,1,133" ten="350,350,350,0" oya="0" hai0="41,128,35,40,125,88,113,83,44,72,52,81,53" hai1="111,105,79,39,110,98,37,101,120,82,70,114,99" hai2="2,73,33,58,96,74,61,124,48,135,119,106,60" hai3=""/><T32/><D113/><U109/><N who="1" m="30752" /><U76/><E70/><V132/><F2/><T71/><D128/><U102/><E114/><V104/><F33/><T49/><D125/><U68/><E68/><V43/><F119/><T121/><N who="0" m="31008" /><T45/><D71/><U93/><REACH who="1" step="1"/><E76/><REACH who="1" ten="350,340,350,0" step="2"/><V108/><F135/><T46/><D32/><U69/><E69/><V103/><F132/><T66/><D35/><U90/><E90/><V78/><F78/><T51/><D72/><AGARI ba="0,1" hai="37,39,72,79,82,93,98,99,101,102,105,109,110,111" m="30752" machi="72" ten="40,5200,0" yaku="1,1,14,1,52,1,53,0" doraHai="133" doraHaiUra="84" who="1" fromWho="0" sc="350,-52,340,62,350,0,0,0" /><INIT seed="1,0,0,0,3,46" ten="298,402,350,0" oya="1" hai0="100,54,99,67,58,68,41,39,79,123,125,1,95" hai1="63,61,85,97,81,32,83,109,78,107,0,56,114" hai2="110,89,111,76,50,51,92,127,64,82,101,133,102" hai3=""/><U33/><E114/><V72/><F127/><T90/><N who="0" m="31520" /><T129/><D1/><U69/><E0/><V52/><F64/><T77/><D125/><U128/><E128/><V86/><F133/><T118/><D129/><U48/><E109/><N who="2" m="41483" /><F51/><T116/><D41/><U35/><E69/><V135/><F135/><T2/><D39/><U34/><E34/><V115/><F115/><T96/><D2/><U57/><E107/><V124/><F124/><T94/><D67/><U122/><N who="1" m="31264" /><U37/><E97/><V66/><F66/><T73/><D68/><U44/><E37/><V38/><F38/><T132/><D132/><U80/><E57/><AGARI ba="0,0" hai="50,52,57,72,76,82,86,89,92,101,102" m="41483" machi="57" ten="30,3900,0" yaku="14,1,52,1,54,1" doraHai="46" who="2" fromWho="1" sc="298,0,402,-39,350,39,0,0" /><INIT seed="2,0,0,3,5,45" ten="298,363,389,0" oya="2" hai0="0,70,127,124,53,83,43,98,79,118,116,57,92" hai1="119,72,46,133,68,34,32,99,67,129,85,74,91" hai2="80,54,103,38,42,82,112,114,121,52,122,108,48" hai3=""/><V66/><N who="2" m="31008" /><V84/><N who="2" m="31264" /><V120/><N who="2" m="30752" /><V115/><F108/><T101/><D0/><U130/><E133/><V77/><F103/><T76/><D70/><U1/><E1/><V62/><F38/><T88/><D43/><U63/><E99/><V126/><F126/><N who="0" m="48170" /><D101/><U100/><E100/><V36/><F36/><T97/><D97/><U102/><E119/><N who="0" m="45609" /><D83/><U125/><E125/><V135/><F135/><T78/><D78/><U64/><E68/><V81/><F42/><T35/><D35/><U3/><E3/><V56/><REACH who="2" step="1"/><F54/><REACH who="2" ten="298,363,379,0" step="2"/><T37/><D37/><U51/><E102/><V33/><F33/><T40/><D40/><U59/><E32/><V50/><F50/><AGARI ba="0,1" hai="50,53,57,76,79,88,92,98" m="45609,48170" machi="50" ten="30,3900,0" yaku="18,1,52,1,54,1" doraHai="45" who="0" fromWho="2" sc="298,49,363,0,379,-39,0,0" /><INIT seed="4,0,0,3,5,109" ten="347,363,340,0" oya="0" hai0="3,32,68,63,84,102,50,42,122,87,98,57,69" hai1="51,126,59,97,54,40,2,111,92,71,36,131,65" hai2="114,1,33,99,39,115,48,75,93,47,91,127,83" hai3=""/><T46/><N who="0" m="31264" /><T89/><D3/><U112/><E111/><V88/><F1/><T38/><D32/><U60/><E131/><V70/><F33/><T0/><D0/><U52/><E2/><V37/><F70/><T107/><D38/><U95/><E126/><V80/><F127/><T55/><REACH who="0" step="1"/><D84/><REACH who="0" ten="337,363,340,0" step="2"/><U94/><E36/><V49/><F39/><T117/><D117/><U120/><E120/><V132/><F132/><T106/><D106/><U58/><E112/><N who="2" m="43051" /><F75/><T129/><D129/><U44/><E97/><V76/><F37/><T101/><D101/><U110/><E110/><V35/><F35/><T67/><D67/><U86/><E86/><V61/><F76/><T34/><D34/><U56/><AGARI ba="0,1" hai="40,44,51,52,54,56,58,59,60,65,71,92,94,95" machi="56" ten="30,1500,0" yaku="0,1,54,1" doraHai="109" who="1" fromWho="1" sc="337,-10,363,25,340,-5,0,0" /><INIT seed="5,0,0,2,5,43" ten="327,388,335,0" oya="1" hai0="111,87,41,108,2,104,52,120,47,60,37,57,33" hai1="100,107,53,89,101,38,129,114,45,85,123,122,56" hai2="32,109,64,99,62,72,110,115,86,97,0,49,126" hai3=""/><U67/><N who="1" m="31264" /><U42/><N who="1" m="31520" /><U1/><E1/><V125/><F32/><T58/><N who="0" m="30752" /><T134/><D2/><U70/><E114/><V73/><F49/><T39/><D33/><U84/><E129/><V105/><F0/><T75/><D75/><N who="2" m="28746" /><F62/><T74/><D74/><U78/><E78/><V51/><F51/><T112/><D104/><U119/><E119/><V69/><F64/><T34/><D34/><U65/><E84/><V132/><F69/><T124/><D112/><U79/><E79/><V68/><F68/><T98/><D98/><N who="2" m="37386" /><F105/><T83/><D37/><U40/><E40/><V3/><F3/><T76/><D58/><U106/><E107/><V96/><N who="2" m="37394" /><V102/><DORA hai="35" /><F102/><T66/><D66/><U116/><E106/><V103/><F103/><T91/><D39/><U113/><E65/><V94/><F132/><T128/><D134/><U90/><E101/><V131/><F131/><T46/><D128/><U59/><E100/><V93/><F115/><T50/><D47/><U92/><E45/><V77/><F77/><T44/><D44/><U82/><E113/><V95/><F86/><T130/><D130/><U36/><E85/><V48/><F48/><T80/><D76/><U81/><E67/><RYUUKYOKU ba="0,0" sc="327,-10,388,-10,335,20,0,0" hai2="93,94,95,109,110,125,126" /><INIT seed="6,1,0,5,2,66" ten="317,378,355,0" oya="2" hai0="0,89,72,77,1,2,69,78,43,84,33,132,106" hai1="57,123,34,52,107,104,130,49,68,128,131,85,51" hai2="109,96,98,103,124,117,91,61,38,134,97,35,122" hai3=""/><V112/><N who="2" m="31264" /><V37/><F35/><T59/><D33/><U73/><N who="1" m="31520" /><U118/><E73/><V75/><F75/><T63/><D132/><U108/><E108/><V120/><N who="2" m="30752" /><V3/><F3/><T92/><D106/><N who="1" m="40491" /><E118/><V133/><F117/><T125/><D125/><U56/><E68/><V54/><F109/><T116/><D116/><U87/><E34/><V39/><F124/><T65/><D72/><U76/><E76/><V88/><F112/><T48/><REACH who="0" step="1"/><D59/><REACH who="0" ten="307,378,355,0" step="2"/><U110/><E110/><V115/><F115/><T93/><D93/><U111/><E111/><V82/><F82/><T32/><D32/><U129/><E131/><V135/><F103/><T81/><D81/><U41/><E56/><AGARI ba="1,1" hai="37,38,39,54,56,61,88,91,96,97,98,133,134,135" m="30752,31264" machi="56" ten="60,18000,2" yaku="29,2,20,1,52,2,54,1" doraHai="66" who="2" fromWho="1" sc="307,0,378,-182,355,192,0,0" owari="307,-9.0,196,-40.0,547,49.0,0,0.0" /></mjloggm>