<mjloggm ver="2.3"><GO type="169" lobby="0"/><UN n0="%E6%86%A7%E7%91%9A" n1="%6E%6F%6D%69%6F" n2="%E3%82%88%E3%81%97%E3%81%A4%E3%82%88%E3%81%97" n3="%6B%6F%6D%69" dan="17,16,16,16" rate="2190.18,2093.31,2120.23,2151.59" sx="M,M,M,M"/><TAIKYOKU oya="0"/><INIT seed="0,0,0,5,0,45" ten="250,250,250,250" oya="0" hai0="47,5,84,39,32,111,104,83,90,1,29,11,27" hai1="129,92,86,74,42,18,96,62,100,98,51,128,12" hai2="112,101,91,132,64,82,89,99,102,61,108,131,67" hai3="48,130,95,94,3,105,34,114,77,72,135,23,93"/><T60/><D104/><U19/><E74/><V28/><F112/><W4/><G34/><T16/><D111/><U85/><E62/><V107/><F131/><N who="1" m="50249" /><E96/><V33/><F132/><W35/><G35/><T116/><D116/><U9/><E19/><V73/><F64/><W56/><G114/><T123/><D123/><U81/><E81/><V37/><F37/><W26/><G135/><T120/><D120/><U65/><E65/><V52/><F102/><W68/><G72/><T79/><D60/><U44/><AGARI ba="0,0" hai="9,12,18,42,44,51,85,86,92,98,100" m="50249" machi="44" ten="30,2000,0" yaku="19,1,52,1" doraHai="45" who="1" fromWho="1" sc="250,-10,250,20,250,-5,250,-5" /><INIT seed="1,0,0,1,1,125" ten="240,270,245,245" oya="1" hai0="134,87,55,8,34,88,113,95,97,23,47,68,31" hai1="65,116,3,111,22,38,60,99,130,133,118,67,63" hai2="123,120,66,17,77,105,61,36,104,70,81,112,110" hai3="135,37,90,9,122,18,106,84,119,100,75,131,62"/><U44/><E3/><V10/><F17/><W74/><G122/><T26/><D113/><U35/><E35/><V126/><F126/><W33/><G33/><T41/><D134/><U29/><E99/><V46/><F110/><W89/><G37/><T83/><D68/><N who="1" m="42023" /><E22/><V69/><F69/><W56/><G135/><T1/><D55/><U117/><E29/><V7/><F112/><W45/><G45/><T85/><D34/><U98/><E98/><V12/><F123/><W30/><G30/><T32/><D32/><U54/><E133/><V57/><F57/><W24/><G56/><T109/><D109/><U132/><E132/><V78/><F78/><W71/><G71/><T102/><D1/><U76/><E76/><V21/><F21/><W48/><G89/><T4/><D85/><U79/><E79/><V129/><F120/><W40/><G84/><T58/><D58/><N who="1" m="37367" /><E111/><V115/><F115/><W19/><G75/><T25/><D25/><U94/><E94/><V43/><F105/><W52/><G9/><T114/><D114/><U11/><E11/><V127/><F104/><W121/><G106/><T5/><REACH who="0" step="1"/><D8/><REACH who="0" ten="230,270,245,245" step="2"/><U20/><E20/><V128/><REACH who="2" step="1"/><F127/><REACH who="2" ten="230,270,235,245" step="2"/><W101/><G121/><T80/><D80/><U6/><E116/><V86/><AGARI ba="0,2" hai="7,10,12,36,43,46,61,66,70,77,81,86,128,129" machi="86" ten="30,8000,1" yaku="1,1,2,1,0,1,52,2,53,0" doraHai="125" doraHaiUra="50" who="2" fromWho="2" sc="230,-20,270,-40,235,100,245,-20" /><INIT seed="2,0,0,0,3,128" ten="210,230,335,225" oya="2" hai0="53,3,79,66,99,84,8,20,5,6,30,108,125" hai1="74,2,51,91,71,94,117,24,36,80,131,14,133" hai2="41,17,9,73,103,19,107,134,112,100,123,44,42" hai3="86,21,110,115,78,35,58,49,127,59,47,55,122"/><V56/><F112/><W132/><G35/><T45/><D108/><U61/><E117/><V81/><F41/><W75/><G75/><T88/><D125/><U83/><E2/><V135/><F123/><W63/><G122/><T43/><D66/><U72/><E36/><V11/><F56/><W27/><G127/><T38/><D6/><U23/><E131/><V54/><F54/><W32/><G32/><T113/><D113/><U101/><E14/><V65/><F65/><W40/><G115/><T124/><D124/><U130/><E130/><V46/><F73/><W97/><G110/><T1/><D53/><U102/><E61/><V12/><F81/><N who="1" m="31305" /><E23/><V70/><F70/><W85/><G78/><T118/><D79/><U98/><E24/><V62/><F62/><W16/><G132/><N who="2" m="50729" /><F44/><W109/><G109/><T77/><D77/><U48/><E71/><V64/><F64/><W96/><G59/><T129/><D129/><U67/><E133/><V93/><F107/><W10/><G10/><N who="2" m="3593" /><F93/><W0/><G0/><T76/><D1/><U29/><E67/><V52/><F52/><N who="3" m="34247" /><G40/><T50/><D43/><U119/><E72/><V116/><F116/><W22/><G22/><T7/><D3/><U87/><E119/><V28/><F28/><W92/><G92/><T90/><D30/><U60/><E74/><V120/><F120/><W34/><G34/><T121/><D118/><U82/><E29/><V106/><F106/><W31/><G31/><T25/><D121/><U95/><E60/><V114/><F114/><W15/><G55/><T4/><D5/><U126/><E126/><RYUUKYOKU ba="0,0" sc="210,-10,230,30,335,-10,225,-10" hai1="48,51,82,87,91,94,95,98,101,102" /><INIT seed="3,1,0,0,1,89" ten="200,260,325,215" oya="3" hai0="22,101,2,33,129,47,26,85,12,9,131,98,24" hai1="92,7,126,72,45,120,39,4,36,43,77,112,74" hai2="50,55,79,127,124,54,113,62,53,82,108,29,128" hai3="64,40,87,73,83,5,52,37,80,121,97,78,68"/><W27/><G121/><T125/><D2/><U66/><E120/><V46/><F29/><W63/><G5/><T0/><D0/><U132/><E112/><V119/><F113/><W56/><G27/><T30/><D125/><N who="2" m="48202" /><F119/><W17/><G17/><T20/><D47/><U76/><E126/><V57/><F108/><W49/><G97/><T8/><D85/><U91/><E132/><V115/><F115/><W16/><G16/><N who="0" m="10247" /><D98/><U114/><E114/><V32/><F32/><W117/><G117/><T35/><D101/><U103/><E103/><V96/><F128/><N who="0" m="49226" /><D35/><U1/><E66/><N who="2" m="39247" /><F96/><W88/><G40/><T58/><D58/><U10/><E7/><V90/><F90/><W15/><G15/><T21/><D33/><U134/><E134/><V44/><F44/><W94/><REACH who="3" step="1"/><G37/><REACH who="3" ten="200,260,325,205" step="2"/><T67/><D67/><U71/><E39/><V31/><F31/><AGARI ba="1,1" hai="8,9,21,22,24,26,30,31" m="49226,10247" machi="31" ten="30,7700,0" yaku="19,1,34,2,54,1" doraHai="89" who="0" fromWho="2" sc="200,90,260,0,325,-80,205,0" /><INIT seed="4,0,0,5,1,114" ten="290,260,245,205" oya="0" hai0="88,117,98,105,4,45,71,102,94,53,31,20,5" hai1="44,129,67,121,25,57,6,30,69,38,50,14,104" hai2="93,23,32,61,60,119,128,95,125,47,79,24,17" hai3="89,131,42,35,84,72,40,103,58,64,52,37,115"/><T123/><D123/><U132/><E121/><V91/><F128/><W1/><G72/><T59/><D71/><U92/><E129/><V135/><F135/><W29/><G131/><T12/><D117/><U111/><E111/><V108/><F125/><W127/><G115/><T9/><D45/><U51/><E132/><V18/><F79/><W90/><G1/><T85/><D31/><U65/><E104/><V80/><F108/><W27/><G127/><T77/><D77/><U3/><E3/><V106/><F106/><W56/><G37/><T16/><REACH who="0" step="1"/><D9/><REACH who="0" ten="280,260,245,205" step="2"/><U83/><E69/><V82/><F119/><W130/><G130/><T76/><D76/><U46/><E44/><V74/><F47/><W100/><G58/><T62/><AGARI ba="0,1" hai="4,5,12,16,20,53,59,62,85,88,94,98,102,105" machi="62" ten="20,12000,1" yaku="1,1,0,1,7,1,54,2,53,0" doraHai="114" doraHaiUra="122" who="0" fromWho="0" sc="280,130,260,-40,245,-40,205,-40" /><INIT seed="4,1,0,0,4,39" ten="410,220,205,165" oya="0" hai0="107,71,55,74,8,75,38,84,62,6,99,44,111" hai1="70,0,51,64,34,28,131,77,63,33,7,106,11" hai2="129,31,114,120,42,95,16,4,108,48,80,92,27" hai3="59,110,126,91,22,67,116,19,35,32,134,122,5"/><T112/><D112/><U73/><E51/><V10/><F120/><W83/><G116/><T79/><D84/><U90/><E90/><V86/><F108/><W78/><G110/><T68/><D55/><U128/><E106/><V36/><F36/><W58/><G122/><T109/><D109/><U81/><REACH who="1" step="1"/><E28/><REACH who="1" ten="410,210,205,165" step="2"/><V53/><F31/><W104/><G91/><T115/><D111/><U98/><E98/><V56/><F114/><W100/><G104/><T3/><D115/><U94/><E94/><V89/><F129/><AGARI ba="1,1" hai="0,7,11,33,34,63,64,70,73,77,81,128,129,131" machi="129" ten="40,8000,1" yaku="1,1,19,1,23,2,53,1" doraHai="39" doraHaiUra="66" who="1" fromWho="2" sc="410,0,210,93,205,-83,165,0" /><INIT seed="5,0,0,4,4,84" ten="410,303,122,165" oya="1" hai0="48,23,90,97,14,4,72,91,88,126,64,77,109" hai1="87,0,102,63,71,67,44,103,19,104,28,93,95" hai2="32,100,52,83,92,37,51,6,50,82,24,49,108" hai3="35,12,9,33,70,41,31,53,36,76,43,62,117"/><U56/><E0/><V123/><F37/><W74/><G117/><T39/><D109/><U124/><E124/><V16/><F123/><W55/><G74/><T69/><D39/><U99/><E28/><V80/><F32/><W132/><G76/><T112/><D112/><U25/><E44/><V5/><F108/><W119/><G132/><T60/><D126/><U130/><E130/><V8/><F100/><W13/><G36/><T114/><D114/><U101/><E71/><V131/><F131/><W58/><G119/><T75/><D77/><U22/><REACH who="1" step="1"/><E104/><REACH who="1" ten="410,293,122,165" step="2"/><V98/><F5/><W46/><G31/><T79/><D75/><U105/><E105/><V106/><F106/><W30/><G30/><T89/><D97/><U57/><E57/><V42/><F6/><W68/><G58/><T85/><D48/><U18/><E18/><V40/><F49/><W20/><G46/><T3/><D3/><U125/><E125/><V61/><F50/><W134/><G68/><T26/><D72/><U118/><E118/><V59/><F51/><W11/><G70/><T116/><D116/><U1/><E1/><V17/><F17/><W73/><G73/><T47/><D47/><U38/><E38/><V34/><F34/><W107/><G107/><T65/><D69/><U15/><E15/><N who="2" m="7271" /><F24/><W2/><G2/><T7/><D60/><U129/><E129/><V113/><F113/><W96/><G62/><T21/><D26/><U54/><E54/><V111/><F111/><W135/><G53/><T120/><D4/><U29/><E29/><V115/><F115/><W128/><G55/><RYUUKYOKU ba="0,1" sc="410,-15,293,15,122,15,165,-15" hai1="19,22,25,56,63,67,87,93,95,99,101,102,103" hai2="40,42,52,59,61,80,82,83,92,98" /><INIT seed="5,1,1,4,1,50" ten="395,308,137,150" oya="1" hai0="49,30,98,113,54,26,33,15,42,25,52,92,59" hai1="45,63,27,109,86,4,105,126,44,73,79,74,97" hai2="76,43,10,7,21,38,53,88,118,12,60,68,16" hai3="106,64,55,66,133,31,62,120,82,75,93,91,101"/><U47/><E126/><V129/><F118/><W108/><G120/><T107/><D113/><U22/><E109/><V48/><F129/><W1/><G1/><T131/><D131/><U99/><E4/><V39/><F76/><N who="3" m="44319" /><G31/><T37/><D107/><U104/><E63/><V110/><F43/><W78/><G108/><T121/><D121/><U61/><E61/><V96/><F60/><W24/><G24/><T81/><D81/><U95/><E86/><V130/><F68/><W123/><G78/><T116/><D116/><U34/><E34/><V128/><F110/><W135/><G123/><T6/><D37/><U57/><E57/><V5/><F5/><W46/><G101/><T58/><D42/><U17/><E97/><V90/><F130/><W100/><G100/><T72/><D72/><U11/><E73/><V9/><F9/><W117/><G106/><T8/><D30/><U112/><E112/><V65/><F65/><W32/><G32/><T80/><D80/><U84/><E74/><V134/><F128/><W18/><G18/><T41/><D41/><U28/><E84/><V124/><F96/><N who="3" m="57407" /><G117/><T35/><D35/><U77/><E104/><V89/><F124/><W56/><G46/><T94/><D33/><U69/><E105/><V85/><F85/><W29/><G29/><T40/><D40/><U119/><E119/><V23/><F23/><W125/><G125/><T103/><D94/><U51/><E77/><V132/><F38/><W102/><G102/><T36/><D36/><U13/><E79/><V71/><F39/><W111/><G111/><T122/><D122/><RYUUKYOKU ba="1,1" sc="395,15,308,-15,137,-15,150,15" hai0="6,8,15,25,26,49,52,54,58,59,92,98,103" hai3="55,56,62,64,66,133,135" /><INIT seed="6,2,1,2,1,74" ten="410,293,122,165" oya="2" hai0="35,38,118,66,83,9,59,32,101,12,96,3,31" hai1="81,22,89,72,69,40,41,94,78,135,42,133,20" hai2="36,106,104,91,92,44,77,27,85,24,125,127,6" hai3="47,18,108,109,87,116,97,70,53,17,117,61,88"/><V39/><F6/><W33/><G33/><T34/><D38/><U26/><E69/><V119/><F36/><W13/><G97/><T21/><D118/><U49/><E49/><V0/><F0/><W102/><G102/><T110/><D110/><U76/><E76/><V23/><F119/><W50/><G116/><T95/><D3/><U111/><E111/><V15/><F15/><W54/><G117/><T46/><D46/><U65/><E65/><V130/><F130/><W2/><G2/><T7/><D83/><U105/><E105/><V5/><F5/><W124/><G18/><T28/><D21/><U64/><E64/><V68/><F68/><W71/><G124/><N who="2" m="47689" /><F77/><W10/><G70/><T79/><D79/><U4/><E4/><V100/><F100/><W134/><G134/><N who="1" m="51210" /><E26/><N who="2" m="9771" /><F23/><W80/><G71/><T60/><AGARI ba="2,1" hai="7,9,12,28,31,32,34,35,59,60,66,95,96,101" machi="60" ten="40,1500,0" yaku="0,1" doraHai="74" who="0" fromWho="0" sc="410,31,293,-6,122,-9,165,-6" /><INIT seed="7,0,0,4,5,121" ten="441,287,113,159" oya="3" hai0="115,59,61,68,99,109,84,64,129,30,32,98,19" hai1="122,82,118,5,3,116,114,111,73,62,11,23,37" hai2="70,31,8,91,47,27,22,29,125,85,9,79,123" hai3="4,134,104,50,126,46,55,106,18,57,54,74,0"/><W86/><G74/><T66/><D129/><U96/><E37/><V12/><F70/><W25/><G126/><T90/><D30/><U20/><E122/><V83/><F125/><W51/><G134/><T77/><D32/><U130/><E130/><V110/><F123/><W97/><G86/><T92/><D77/><U133/><E133/><V76/><F8/><W102/><G106/><T26/><D115/><U63/><E114/><V75/><F75/><W44/><G4/><T28/><D19/><U39/><E39/><V41/><F29/><W13/><G25/><T35/><D109/><U94/><E111/><V95/><F95/><W105/><G0/><T103/><D98/><U36/><E36/><V43/><F110/><W93/><REACH who="3" step="1"/><G57/><REACH who="3" ten="441,287,113,149" step="2"/><T45/><D68/><U15/><E3/><V58/><F58/><W72/><G72/><T80/><D45/><U24/><E24/><V117/><F117/><W38/><G38/><T42/><D26/><U52/><E116/><V60/><F60/><W7/><G7/><T113/><D59/><N who="1" m="35175" /><E118/><V56/><F56/><W21/><AGARI ba="0,1" hai="13,18,21,44,46,50,51,54,55,93,97,102,104,105" machi="21" ten="20,12000,1" yaku="1,1,0,1,7,1,9,1,53,1" doraHai="121" doraHaiUra="17" who="3" fromWho="3" sc="441,-40,287,-40,113,-40,149,130" /><INIT seed="7,1,0,3,4,38" ten="401,247,73,279" oya="3" hai0="18,81,80,26,123,39,91,89,60,12,106,110,33" hai1="101,73,69,124,78,45,54,109,105,6,19,36,71" hai2="5,7,79,97,31,8,47,58,61,20,56,46,53" hai3="120,104,94,57,37,11,113,100,75,30,15,10,67"/><W93/><G120/><T126/><D106/><U95/><E109/><V116/><F116/><W1/><G75/><T22/><D110/><U131/><E131/><V83/><F97/><W117/><G117/><T111/><D111/><U74/><E124/><V23/><F61/><W90/><G37/><T2/><D39/><U99/><E6/><V62/><F62/><W68/><G57/><T125/><D2/><U64/><E64/><V34/><F34/><W50/><G50/><T42/><D42/><U13/><E105/><V119/><F119/><W98/><G113/><T48/><D48/><U114/><E114/><V127/><F127/><N who="0" m="48650" /><D60/><U70/><E78/><V32/><F32/><W115/><G115/><T130/><D130/><U87/><E87/><V3/><F83/><N who="0" m="31818" /><D123/><U86/><E86/><V88/><F3/><W28/><G67/><T52/><D52/><U35/><E35/><V9/><F31/><AGARI ba="1,0" hai="12,18,22,26,31,33,89,91" m="31818,48650" machi="31" ten="30,1000,0" yaku="18,1" doraHai="38" who="0" fromWho="2" sc="401,13,247,0,73,-13,279,0" owari="414,51.0,247,-15.0,60,-44.0,279,8.0" /></mjloggm>