<mjloggm ver="2.3"><GO type="169" lobby="0"/><UN n0="%64%6F%6E%63%68%61%6E%33" n1="%E6%AD%A6" n2="%4D%6B%72%74%72" n3="%E9%87%8E%E5%B4%8E%E7%B6%AD%E7%B9%94%E2%98%85" dan="16,16,16,16" rate="2098.17,2099.91,2137.89,2173.71" sx="M,M,M,F"/><TAIKYOKU oya="0"/><INIT seed="0,0,0,4,3,61" ten="250,250,250,250" oya="0" hai0="48,134,97,15,17,66,92,78,128,65,2,5,38" hai1="119,8,91,32,6,69,127,47,95,74,27,90,37" hai2="7,113,53,44,82,62,84,105,135,126,52,59,96" hai3="3,50,94,76,25,112,71,87,129,13,89,51,108"/><T41/><D38/><U121/><E119/><V12/><F113/><W18/><G3/><T132/><D128/><U56/><E121/><V31/><F135/><N who="0" m="51754" /><D78/><U80/><E69/><V42/><F126/><W106/><G112/><T63/><D63/><U23/><E32/><V30/><F53/><W19/><G106/><T70/><D70/><U4/><E4/><V98/><F7/><W9/><G129/><T79/><D79/><U120/><E127/><V11/><F105/><W75/><G108/><T0/><D41/><U24/><E74/><V20/><F20/><N who="3" m="13471" /><G71/><T133/><N who="0" m="51762" /><T86/><DORA hai="10" /><D48/><N who="3" m="18473" /><G75/><T107/><D86/><U77/><E77/><AGARI ba="0,0" hai="9,13,18,76,77,87,89,94" m="18473,13471" machi="77" ten="30,2000,0" yaku="8,1,52,1" doraHai="61,10" who="3" fromWho="1" sc="250,0,250,-20,250,0,250,20" /><INIT seed="1,0,0,4,3,124" ten="250,230,250,270" oya="1" hai0="80,59,60,120,35,128,68,121,79,130,102,43,93" hai1="114,73,76,129,103,4,7,99,109,86,95,104,38" hai2="44,123,28,54,78,119,88,25,117,96,62,97,112" hai3="34,91,71,18,10,58,70,116,50,1,36,87,30"/><U51/><E38/><V74/><F123/><N who="0" m="47178" /><D35/><U41/><E114/><V16/><F112/><W83/><G36/><T126/><D126/><U105/><E109/><V134/><F134/><W23/><G116/><T39/><D68/><U131/><E41/><V107/><F107/><W17/><G17/><T3/><D3/><U101/><E51/><V108/><F108/><W82/><G82/><T55/><D102/><U118/><E118/><V15/><F78/><W94/><G83/><T66/><D93/><U33/><E33/><V37/><F74/><W125/><G10/><T45/><D66/><U52/><E52/><V21/><F96/><W106/><G1/><T110/><D110/><U42/><E42/><V11/><F37/><W48/><G48/><T57/><D57/><U135/><E73/><AGARI ba="0,0" hai="39,43,45,55,59,60,73,79,80,128,130" m="47178" machi="73" ten="30,3900,0" yaku="13,1,52,2" doraHai="124" who="0" fromWho="1" sc="250,39,230,-39,250,0,270,0" /><INIT seed="2,0,0,1,1,124" ten="289,191,250,270" oya="2" hai0="0,69,81,48,76,50,115,43,41,127,134,40,62" hai1="60,114,16,1,132,46,57,17,120,20,56,128,55" hai2="61,3,135,52,126,67,45,117,31,79,92,73,129" hai3="29,94,80,97,21,11,12,87,24,15,121,36,101"/><V107/><F107/><W91/><G121/><T99/><D0/><U8/><E114/><V78/><F117/><W2/><REACH who="3" step="1"/><G36/><REACH who="3" ten="289,191,250,260" step="2"/><T5/><D115/><U22/><E120/><V63/><F126/><W9/><G9/><T105/><D127/><U109/><E8/><V10/><F10/><W34/><G34/><T125/><D125/><U112/><E112/><V26/><F78/><W33/><G33/><T4/><D134/><U71/><E132/><V44/><F79/><W103/><G103/><T113/><D113/><U72/><E109/><V98/><F135/><W47/><G47/><T49/><D5/><AGARI ba="0,1" hai="2,5,11,12,15,21,24,29,80,87,91,94,97,101" machi="5" ten="40,1300,0" yaku="1,1,53,0" doraHai="124" doraHaiUra="133" who="3" fromWho="0" sc="289,-13,191,0,250,0,260,23" /><INIT seed="3,0,0,2,0,8" ten="276,191,250,283" oya="3" hai0="87,79,60,68,129,88,117,133,18,26,97,3,29" hai1="25,13,55,31,47,67,125,89,82,131,33,69,36" hai2="61,44,45,20,106,84,121,109,128,73,83,0,53" hai3="91,108,110,21,120,46,62,86,24,113,37,65,57"/><W6/><G113/><T2/><D117/><U16/><E125/><V92/><F106/><W4/><G120/><T56/><D133/><U42/><E131/><V41/><F128/><W74/><G74/><T101/><D79/><U105/><E105/><V63/><F0/><W51/><G37/><T107/><D18/><U70/><E67/><V85/><F121/><W28/><G108/><T19/><D19/><U76/><E55/><V1/><F1/><W134/><G134/><T11/><D11/><U119/><E89/><V35/><F35/><W78/><G78/><T102/><D102/><U12/><E119/><V71/><F73/><W52/><REACH who="3" step="1"/><G110/><REACH who="3" ten="276,191,250,273" step="2"/><T124/><D129/><U116/><E116/><V118/><F109/><W130/><G130/><T17/><D124/><U58/><E58/><V32/><F118/><W99/><G99/><T15/><D68/><U123/><E123/><V43/><F71/><W98/><G98/><T48/><D56/><U50/><E36/><V49/><F85/><W104/><G104/><T72/><D72/><U126/><E126/><V94/><F84/><W9/><G9/><T80/><D87/><U27/><E70/><V111/><F111/><W34/><G34/><T5/><D107/><U22/><E69/><V7/><F32/><W59/><G59/><T23/><D97/><U100/><E100/><V103/><F103/><W66/><G66/><T112/><D101/><U77/><E76/><V96/><F96/><W135/><G135/><T93/><D88/><U38/><E38/><V64/><F64/><W75/><G75/><AGARI ba="0,1" hai="12,13,16,22,25,27,31,33,42,47,50,75,77,82" machi="75" ten="30,7700,0" yaku="7,1,52,2,54,1" doraHai="8" who="1" fromWho="3" sc="276,0,191,87,250,0,273,-77" /><INIT seed="4,0,0,2,5,65" ten="276,278,250,196" oya="0" hai0="69,45,80,93,118,47,124,17,116,58,4,107,27" hai1="83,113,44,2,62,70,13,15,11,90,128,131,98" hai2="16,82,89,10,108,73,77,134,9,60,106,25,32" hai3="96,67,61,30,26,78,0,99,92,119,41,22,29"/><T88/><D107/><U55/><E44/><V49/><F108/><W104/><G119/><T101/><D124/><U8/><E2/><V53/><F106/><W21/><G0/><T122/><D122/><U129/><E113/><V23/><F134/><W111/><G111/><T63/><D101/><U86/><E98/><V68/><F32/><W51/><G78/><T114/><D114/><U76/><E76/><V84/><F60/><W87/><G87/><T85/><D4/><U94/><E83/><V48/><F68/><W3/><G3/><T34/><D80/><U59/><E70/><V28/><F28/><W103/><G51/><T50/><D69/><U37/><E37/><V112/><F49/><W74/><G41/><T56/><D56/><U133/><E133/><V14/><F25/><W66/><G74/><T109/><D45/><U35/><E35/><V57/><REACH who="2" step="1"/><F112/><REACH who="2" ten="276,278,240,196" step="2"/><W7/><G61/><T71/><D109/><U64/><E64/><V20/><F20/><W43/><G66/><T1/><D71/><U135/><E135/><V102/><F102/><W117/><G67/><T18/><D34/><U120/><E120/><V95/><AGARI ba="0,1" hai="9,10,14,16,23,48,53,57,73,77,82,84,89,95" machi="95" ten="20,12000,2" yaku="1,1,0,1,7,1,25,2,54,1,53,0" doraHai="65" doraHaiUra="121" who="2" fromWho="2" sc="276,-60,278,-30,240,130,196,-30" /><INIT seed="5,0,0,4,5,113" ten="216,248,370,166" oya="1" hai0="120,15,0,86,104,51,82,20,23,130,19,26,105" hai1="43,27,108,35,87,122,124,72,80,119,96,74,135" hai2="112,78,25,40,103,41,71,32,50,92,91,126,44" hai3="24,65,102,59,90,131,75,93,46,57,31,83,3"/><U132/><E35/><V95/><F71/><W34/><G3/><T79/><D130/><U18/><E18/><V38/><F126/><W127/><G127/><T128/><D128/><U101/><E27/><V54/><F112/><W111/><G111/><T47/><D0/><U10/><E10/><V109/><F109/><W60/><G131/><T110/><D120/><U22/><E22/><V81/><F103/><W100/><G46/><T37/><D37/><U68/><E124/><V125/><F125/><W49/><G49/><T97/><D97/><U48/><E108/><V55/><F40/><W98/><REACH who="3" step="1"/><G59/><REACH who="3" ten="216,248,370,156" step="2"/><T28/><REACH who="0" step="1"/><D110/><REACH who="0" ten="206,248,370,156" step="2"/><U133/><E133/><V115/><F115/><W70/><G70/><T123/><D123/><U5/><E68/><V114/><F114/><W84/><G84/><T106/><D106/><U129/><E87/><V67/><F38/><W36/><G36/><T94/><D94/><U33/><E122/><V2/><F92/><W6/><G6/><T116/><D116/><U134/><E5/><V99/><F95/><W9/><G9/><T64/><D64/><U42/><E119/><V52/><F67/><W73/><G73/><T21/><D21/><U117/><E117/><V121/><F121/><W107/><G107/><T45/><D45/><U4/><E129/><V53/><F44/><W66/><G66/><T88/><D88/><U118/><E135/><V39/><F91/><W13/><G13/><T16/><D16/><U63/><E134/><V89/><F89/><W56/><G56/><T8/><D8/><U85/><E132/><V61/><F39/><RYUUKYOKU ba="0,2" sc="206,15,248,-15,370,-15,156,15" hai0="15,19,20,23,26,28,47,51,79,82,86,104,105" hai3="24,31,34,57,60,65,75,83,90,93,98,100,102" /><INIT seed="6,1,2,3,1,5" ten="221,233,355,171" oya="2" hai0="19,79,86,90,2,59,43,27,34,29,106,53,54" hai1="63,93,65,111,130,132,109,129,91,72,69,92,81" hai2="48,24,103,22,114,15,32,52,23,122,96,13,44" hai3="74,131,25,73,28,21,97,35,17,120,126,112,31"/><V20/><F122/><W70/><G120/><T3/><D106/><U108/><E132/><V94/><REACH who="2" step="1"/><F114/><REACH who="2" ten="221,233,345,171" step="2"/><W68/><G112/><T60/><D2/><U121/><E121/><V107/><F107/><W105/><G105/><T124/><D3/><U16/><E129/><V133/><F133/><W110/><G131/><T11/><D124/><U0/><E130/><V26/><F26/><W127/><G126/><T99/><D27/><U37/><E0/><V56/><F56/><W42/><G127/><T71/><D59/><U18/><E37/><V33/><F33/><W134/><G134/><T98/><D34/><U9/><E109/><V104/><F104/><W39/><G110/><T101/><D71/><U62/><E108/><V58/><F58/><W88/><G68/><T10/><D101/><U77/><E111/><V76/><F76/><W102/><G70/><T41/><D79/><U95/><E91/><V1/><F1/><W45/><G102/><T116/><D90/><U113/><E113/><V47/><F47/><W51/><G39/><T55/><D116/><U6/><E69/><V115/><F115/><W135/><G135/><T118/><D118/><U30/><E77/><V49/><F49/><W89/><G89/><T119/><D119/><U85/><E72/><N who="3" m="27754" /><G35/><T83/><D60/><U80/><E62/><V4/><F4/><W57/><G57/><T64/><D64/><U50/><E6/><V87/><F87/><W46/><G45/><T78/><D86/><U14/><E85/><V66/><F66/><W75/><G75/><T128/><D128/><U7/><E65/><RYUUKYOKU ba="1,3" sc="221,-15,233,-15,345,15,171,15" hai2="13,15,20,22,23,24,32,44,48,52,94,96,103" hai3="17,21,25,28,31,42,46,51,88,97" /><INIT seed="6,2,3,4,5,7" ten="206,218,360,186" oya="2" hai0="106,31,101,65,105,60,82,67,123,109,104,54,50" hai1="53,62,120,124,13,110,47,12,69,35,19,49,87" hai2="25,93,17,28,46,57,52,96,42,29,98,72,80" hai3="9,74,64,45,39,27,99,127,100,23,129,85,128"/><V131/><F131/><N who="3" m="50251" /><G74/><T125/><D109/><U21/><E110/><V24/><F72/><W66/><G127/><T84/><D123/><U89/><E35/><V126/><F126/><W15/><G85/><T113/><D125/><U132/><E124/><V135/><F135/><W58/><G58/><T37/><D37/><U91/><E132/><V1/><F1/><W71/><G71/><T61/><D113/><U2/><E2/><V97/><F80/><W83/><G83/><T119/><D119/><U36/><E36/><V81/><F81/><W14/><G45/><T68/><D31/><U130/><E120/><V20/><F93/><N who="3" m="58479" /><G39/><T114/><D114/><U79/><E130/><V133/><F133/><W48/><G48/><T86/><D101/><U44/><E79/><V4/><F4/><N who="3" m="3367" /><G15/><T32/><D82/><U111/><E111/><V70/><F70/><W43/><G43/><T112/><D112/><U116/><E116/><V56/><F42/><W11/><G11/><T95/><D95/><U77/><E77/><V10/><F10/><W30/><AGARI ba="2,3" hai="23,27,30,64,66" m="3367,58479,50251" machi="30" ten="30,2000,0" yaku="19,1,52,1" doraHai="7" who="3" fromWho="3" sc="206,-7,218,-7,360,-12,186,56" /><INIT seed="7,0,0,4,1,120" ten="199,211,348,242" oya="3" hai0="15,7,119,131,4,113,124,34,40,75,32,38,62" hai1="26,68,105,22,49,89,28,134,71,84,53,99,95" hai2="65,82,18,5,77,108,128,74,94,21,79,80,86" hai3="42,9,106,44,87,45,3,123,66,122,76,121,133"/><W83/><G106/><T72/><D119/><U30/><E134/><V127/><F108/><W50/><G133/><T112/><D131/><U70/><E105/><V101/><F128/><W12/><G3/><T48/><D124/><U17/><REACH who="1" step="1"/><E99/><REACH who="1" ten="199,201,348,242" step="2"/><V19/><F127/><W20/><G122/><T11/><D38/><U88/><E88/><V24/><F77/><W59/><G76/><T81/><D4/><U100/><E100/><V0/><F101/><W33/><G121/><T36/><D36/><U116/><E116/><V31/><F79/><W57/><G123/><T2/><D2/><U97/><E97/><V25/><F5/><W37/><G37/><T132/><D132/><U104/><E104/><V67/><F0/><W41/><G87/><T52/><D81/><U47/><AGARI ba="0,1" hai="17,22,26,28,30,47,49,53,68,70,71,84,89,95" machi="47" ten="30,2000,0" yaku="1,1,0,1,53,0" doraHai="120" doraHaiUra="35" who="1" fromWho="1" sc="199,-5,201,30,348,-5,242,-10" owari="194,-31.0,231,-17.0,343,45.0,232,3.0" /></mjloggm>