<mjloggm ver="2.3"><GO type="169" lobby="0"/><UN n0="%E2%98%86%E5%8C%97%E6%9D%A1%E5%8A%A0%E8%93%AE%E2%98%86" n1="%4D%E6%9C%AC" n2="%E7%89%87%E5%B2%A1%E7%AF%A4%E5%8F%B2" n3="%47%65%61%72" dan="17,17,17,16" rate="2207.95,2239.31,2141.84,2056.16" sx="M,M,M,M"/><TAIKYOKU oya="0"/><INIT seed="0,0,0,2,2,120" ten="250,250,250,250" oya="0" hai0="80,108,87,4,0,39,133,84,60,125,61,29,49" hai1="83,22,36,98,56,121,88,25,35,31,106,89,15" hai2="43,28,72,85,105,8,13,40,100,16,53,97,73" hai3="64,10,65,58,27,42,131,81,30,63,109,103,86"/><T12/><D39/><U5/><E121/><V116/><F116/><W124/><G131/><T107/><D107/><U128/><E128/><V102/><F102/><W6/><G124/><T99/><D125/><U112/><E36/><V18/><F28/><W32/><G109/><T135/><D0/><U79/><E112/><V51/><F85/><W9/><G42/><T24/><D99/><U115/><E115/><V71/><F71/><W93/><G65/><T55/><D87/><U74/><E56/><V17/><F43/><W45/><G45/><T104/><D104/><U59/><E59/><V48/><F51/><W67/><G67/><T20/><D108/><U11/><REACH who="1" step="1"/><E35/><REACH who="1" ten="250,240,250,250" step="2"/><V41/><F41/><W66/><G66/><T117/><D117/><U78/><E78/><V96/><F40/><W118/><G118/><T50/><D135/><U33/><E33/><V75/><REACH who="2" step="1"/><F97/><REACH who="2" ten="250,240,240,250" step="2"/><W14/><G32/><T70/><D133/><U127/><E127/><V134/><F134/><W123/><G123/><T113/><D113/><U77/><E77/><V126/><F126/><W44/><G44/><AGARI ba="0,2" hai="8,13,16,17,18,44,48,53,72,73,75,96,100,105" machi="44" ten="40,2600,0" yaku="1,1,54,1,53,0" doraHai="120" doraHaiUra="91" who="2" fromWho="3" sc="250,0,240,0,240,46,250,-26" /><INIT seed="1,0,0,1,4,35" ten="250,240,286,224" oya="1" hai0="63,12,53,99,131,110,26,60,103,20,90,116,47" hai1="24,28,120,25,127,7,93,23,123,98,121,114,94" hai2="32,107,2,80,109,43,67,11,66,118,45,1,76" hai3="49,6,117,126,33,19,16,55,71,40,59,9,95"/><U22/><E114/><V75/><F118/><W48/><G126/><T108/><D116/><U5/><E127/><V39/><F107/><W85/><G71/><T62/><D131/><U42/><E42/><V92/><F32/><W129/><G129/><T15/><D90/><U34/><E34/><V0/><F109/><N who="0" m="42090" /><D53/><U17/><REACH who="1" step="1"/><E94/><REACH who="1" ten="250,230,286,224" step="2"/><V130/><F130/><W69/><G33/><T83/><D47/><U86/><E86/><V65/><REACH who="2" step="1"/><F92/><REACH who="2" ten="250,230,276,224" step="2"/><W81/><G117/><T106/><D83/><U84/><E84/><V36/><F36/><W91/><G95/><T77/><D77/><U89/><AGARI ba="0,2" hai="5,7,17,22,23,24,25,28,89,93,98,120,121,123" machi="89" ten="30,3000,0" yaku="1,1,0,1,53,0" doraHai="35" doraHaiUra="122" who="1" fromWho="1" sc="250,-10,230,50,276,-10,224,-10" /><INIT seed="1,1,0,2,3,73" ten="240,280,266,214" oya="1" hai0="88,84,104,19,57,11,62,83,1,14,74,71,112" hai1="6,39,76,100,93,82,107,119,103,97,91,108,105" hai2="118,135,18,101,69,114,5,96,102,22,117,38,56" hai3="50,2,120,63,41,124,46,127,27,32,17,7,86"/><U70/><E70/><V48/><F69/><W128/><G120/><T126/><D126/><U4/><E39/><V60/><F38/><W64/><G128/><T65/><D112/><U72/><E119/><V115/><F5/><W106/><G106/><N who="1" m="40458" /><E6/><V92/><F102/><N who="1" m="38953" /><E4/><V58/><F135/><W28/><G86/><T113/><D104/><U45/><E45/><V77/><F48/><W68/><REACH who="3" step="1"/><G17/><REACH who="3" ten="240,280,266,204" step="2"/><T75/><D113/><U111/><AGARI ba="1,1" hai="72,76,82,91,93,97,108,111" m="38953,40458" machi="111" ten="40,7800,0" yaku="34,2,52,1" doraHai="73" who="1" fromWho="1" sc="240,-27,280,91,266,-27,204,-27" /><INIT seed="1,2,0,0,0,68" ten="213,371,239,177" oya="1" hai0="29,59,7,92,130,131,53,10,56,66,74,28,12" hai1="26,38,105,75,58,49,73,19,34,126,101,41,22" hai2="109,36,110,113,1,125,115,85,24,33,18,82,3" hai3="46,81,87,61,124,99,16,94,83,64,122,47,8"/><U79/><E126/><V89/><F125/><W88/><G122/><T6/><D74/><U50/><E34/><V77/><F33/><W20/><G124/><T25/><D7/><U55/><E50/><V96/><F24/><W69/><G8/><T129/><D25/><U0/><E0/><V80/><F18/><W106/><G106/><T127/><D127/><U135/><E135/><V114/><F36/><W93/><G93/><T123/><D123/><U84/><E84/><V107/><F107/><W21/><G21/><T104/><D104/><U60/><E79/><V43/><F43/><W102/><REACH who="3" step="1"/><G81/><REACH who="3" ten="213,371,239,167" step="2"/><T116/><D92/><U119/><E105/><V98/><F1/><W78/><G78/><T57/><D116/><U14/><E119/><V32/><F3/><W27/><AGARI ba="2,1" hai="16,20,27,46,47,61,64,69,83,87,88,94,99,102" machi="27" ten="20,8000,1" yaku="1,1,0,1,7,1,54,2,53,0" doraHai="68" doraHaiUra="118" who="3" fromWho="3" sc="213,-22,371,-42,239,-22,167,96" /><INIT seed="2,0,0,4,3,61" ten="191,329,217,263" oya="2" hai0="78,56,130,123,76,66,113,101,6,109,57,87,79" hai1="67,135,17,10,58,37,20,26,85,95,5,105,104" hai2="64,54,131,74,69,88,91,112,29,68,21,80,13" hai3="97,47,12,63,86,122,0,102,28,55,41,34,129"/><V115/><F131/><W118/><G122/><T99/><D113/><U59/><E135/><V116/><F116/><W96/><G0/><T94/><D109/><U48/><E37/><V103/><F103/><W121/><G121/><T39/><D130/><U71/><E71/><V30/><F21/><W100/><G12/><T120/><D39/><U35/><E35/><V119/><F13/><W114/><G86/><T106/><D6/><U25/><E25/><V92/><F92/><W60/><G55/><T43/><D43/><U90/><E48/><V9/><F54/><W33/><G47/><T4/><D4/><U133/><E133/><V124/><F80/><W16/><G28/><T42/><D56/><U36/><E36/><V40/><F74/><W89/><G89/><T72/><D42/><U23/><E23/><V73/><F73/><W98/><G41/><T51/><D72/><U31/><E31/><V83/><F83/><W44/><G44/><T14/><D14/><U2/><REACH who="1" step="1"/><E59/><REACH who="1" ten="191,319,217,263" step="2"/><V8/><F119/><W127/><G118/><T19/><D51/><U81/><E81/><V50/><F50/><W62/><G129/><T107/><D123/><U22/><E22/><V93/><F112/><W125/><G114/><T49/><D120/><U70/><E70/><V75/><F115/><W11/><G34/><T52/><D57/><U84/><E84/><V111/><F75/><W32/><G32/><T7/><D87/><U46/><E46/><V45/><F45/><W110/><G33/><T18/><D49/><U1/><E1/><V132/><F132/><W3/><G3/><RYUUKYOKU ba="0,1" sc="191,-10,319,30,217,-10,263,-10" hai1="2,5,10,17,20,26,58,67,85,90,95,104,105" /><INIT seed="3,1,1,1,2,2" ten="181,349,207,253" oya="3" hai0="89,61,37,107,33,98,129,45,111,36,18,6,19" hai1="53,92,101,46,50,17,80,54,103,12,87,22,131" hai2="52,78,55,16,47,1,100,71,99,72,48,40,42" hai3="11,38,90,118,70,67,27,73,127,75,39,62,104"/><W58/><G118/><T83/><D111/><U94/><E131/><V60/><F1/><W93/><G127/><T86/><D33/><U7/><E7/><V43/><F72/><W56/><G104/><T91/><D129/><U49/><E103/><V134/><F78/><W135/><G135/><T77/><D107/><U96/><E94/><V117/><F117/><W88/><G27/><T0/><D61/><U20/><E20/><V74/><F74/><W85/><G90/><T15/><D0/><U59/><E87/><V31/><F31/><W24/><G24/><T116/><D116/><U95/><E95/><N who="2" m="58495" /><F71/><W25/><G25/><T108/><D108/><U57/><REACH who="1" step="1"/><E80/><REACH who="1" ten="181,339,207,253" step="2"/><V81/><F81/><W114/><G73/><T32/><D83/><U121/><E121/><V26/><F134/><W126/><G75/><T8/><D86/><U68/><E68/><V63/><F55/><W128/><G128/><T132/><D132/><U5/><E5/><V113/><F113/><W30/><G114/><T79/><D6/><U65/><E65/><V133/><F133/><W21/><G70/><T13/><D8/><U124/><E124/><V4/><F4/><W110/><G126/><T34/><D98/><U102/><E102/><V112/><F112/><W44/><G110/><T76/><D32/><U120/><E120/><V28/><F28/><W125/><G125/><T64/><D34/><U14/><E14/><V69/><F69/><W84/><G11/><T119/><D13/><U82/><E82/><V130/><F130/><W10/><G10/><T105/><D15/><U122/><E122/><RYUUKYOKU ba="1,2" sc="181,-15,339,15,207,15,253,-15" hai1="12,17,22,46,49,50,53,54,57,59,92,96,101" hai2="16,26,40,42,43,47,48,52,60,63" /><INIT seed="4,2,2,3,5,128" ten="166,354,222,238" oya="0" hai0="39,72,101,79,129,76,104,130,124,64,116,121,56" hai1="18,108,34,15,26,82,88,75,96,6,4,35,38" hai2="61,17,29,73,125,62,107,24,84,14,86,113,21" hai3="31,63,89,114,98,8,70,41,85,50,19,69,23"/><T46/><D116/><U102/><E108/><V87/><F73/><W54/><G114/><T28/><D28/><U37/><E75/><V100/><F113/><W133/><G41/><N who="0" m="22847" /><D121/><U27/><E102/><V25/><F125/><W115/><G115/><T90/><D124/><U42/><E42/><V123/><F123/><W126/><G126/><T44/><D44/><U103/><E38/><V3/><F3/><W11/><G31/><T9/><D9/><U60/><E37/><V57/><F107/><W51/><G70/><T55/><D90/><U110/><E110/><V16/><F100/><W7/><G7/><T120/><D64/><U119/><E119/><V127/><F127/><W48/><G98/><N who="0" m="61495" /><D72/><U71/><E6/><V52/><F61/><W32/><G54/><T67/><D67/><U132/><E4/><V45/><F45/><W112/><G112/><T12/><D12/><U53/><E15/><N who="2" m="9407" /><F29/><W80/><G63/><T117/><D117/><U59/><E71/><V92/><F92/><W83/><G69/><T97/><D97/><U99/><E99/><V77/><F77/><W47/><G47/><T94/><D94/><U111/><E111/><V5/><F5/><W93/><G8/><AGARI ba="2,2" hai="8,14,16,24,25,52,57,62,84,86,87" m="9407" machi="8" ten="30,3900,0" yaku="8,1,54,2" doraHai="128" who="2" fromWho="3" sc="166,0,354,0,222,65,238,-45" /><INIT seed="5,0,0,2,4,111" ten="166,354,287,193" oya="1" hai0="128,11,26,119,40,99,104,55,85,106,45,43,93" hai1="23,28,64,39,110,123,30,57,76,100,95,8,132" hai2="102,118,34,81,38,58,54,125,133,105,115,120,126" hai3="3,71,107,20,108,80,12,127,63,15,73,86,7"/><U59/><E123/><V72/><RYUUKYOKU type="yao9" ba="0,0" sc="166,0,354,0,287,0,193,0" hai2="34,38,54,58,72,81,102,105,115,118,120,125,126,133" /><INIT seed="5,1,0,5,4,56" ten="166,354,287,193" oya="1" hai0="48,47,37,2,98,10,65,129,77,44,31,0,128" hai1="69,51,89,46,59,96,63,124,60,9,115,12,116" hai2="5,130,113,79,43,33,121,50,84,92,108,25,88" hai3="36,53,114,22,99,82,76,83,17,64,122,40,19"/><U41/><E116/><V93/><F108/><W80/><G122/><T38/><D31/><U54/><E115/><V8/><F130/><W70/><G114/><T29/><D29/><U123/><E123/><V117/><F117/><W18/><G76/><T66/><D77/><U105/><E124/><V107/><F107/><W62/><G99/><T91/><D98/><U106/><E89/><V73/><F33/><W52/><REACH who="3" step="1"/><G22/><REACH who="3" ten="166,354,287,183" step="2"/><T14/><D129/><U110/><E96/><V85/><F79/><W74/><G74/><T35/><D128/><U68/><E110/><V111/><F73/><W34/><G34/><T20/><D35/><U133/><E133/><V134/><F134/><W24/><G24/><T125/><D20/><U58/><E106/><V97/><F111/><W75/><G75/><T67/><D125/><U6/><REACH who="1" step="1"/><E105/><REACH who="1" ten="166,344,287,183" step="2"/><V26/><F113/><W3/><G3/><T21/><D0/><U104/><E104/><V102/><F121/><W1/><G1/><T109/><D2/><U61/><E61/><V103/><F97/><W119/><G119/><T95/><D109/><U131/><E131/><V118/><F118/><W94/><G94/><T39/><D95/><U127/><E127/><V57/><F92/><W120/><G120/><T30/><D91/><U28/><E28/><V132/><F132/><W86/><G86/><T81/><D30/><U32/><E32/><V78/><F85/><W72/><G72/><T87/><D87/><U126/><E126/><V45/><F78/><W13/><G13/><T4/><D14/><U7/><E7/><V23/><F5/><RYUUKYOKU ba="1,2" sc="166,-15,344,15,287,-15,183,15" hai1="6,9,12,41,46,51,54,58,59,60,63,68,69" hai3="17,18,19,36,40,52,53,62,64,70,80,82,83" /><INIT seed="5,2,2,1,0,47" ten="151,359,272,198" oya="1" hai0="16,85,34,44,0,113,51,88,17,6,58,108,38" hai1="72,83,60,2,1,61,40,127,22,121,110,89,74" hai2="21,97,32,91,119,82,132,104,10,70,31,120,43" hai3="118,49,135,14,59,71,52,76,126,112,18,125,23"/><U87/><E121/><V102/><F120/><W109/><G109/><T54/><D108/><U107/><E110/><V65/><F21/><W37/><G112/><T28/><D113/><U111/><E111/><V84/><F132/><W86/><G135/><T90/><D0/><U123/><E123/><V46/><F10/><W117/><G71/><T5/><D34/><U130/><E107/><V62/><F119/><N who="3" m="45579" /><G37/><T78/><D28/><U73/><E40/><V96/><F96/><W57/><G57/><T81/><D38/><U30/><E127/><V134/><F134/><W116/><N who="3" m="45587" /><W99/><DORA hai="56" /><G99/><T133/><D133/><U27/><REACH who="1" step="1"/><E130/><REACH who="1" ten="151,349,272,198" step="2"/><V8/><F43/><W24/><G126/><T25/><D44/><U50/><E50/><V94/><F46/><W45/><G125/><T95/><D90/><U98/><E98/><V26/><F104/><W63/><G45/><T77/><D77/><U64/><E64/><V100/><F65/><W124/><G124/><T66/><D66/><U42/><E42/><V68/><F91/><W67/><G67/><T39/><D39/><U101/><E101/><V103/><F100/><W4/><G76/><T115/><D115/><U12/><E12/><V48/><F102/><W11/><G49/><T69/><D69/><U15/><E15/><V9/><F48/><W79/><G79/><T29/><D78/><U114/><E114/><V80/><F68/><W105/><G105/><T19/><REACH who="0" step="1"/><D81/><REACH who="0" ten="141,349,272,198" step="2"/><U75/><N who="1" m="18432" /><DORA hai="13" /><U93/><E93/><V3/><F82/><W131/><G131/><T92/><D92/><U129/><E129/><RYUUKYOKU ba="2,4" sc="141,10,349,10,272,-30,198,10" hai0="5,6,16,17,19,25,29,51,54,58,85,88,95" hai1="1,2,22,27,30,60,61,83,87,89" hai3="4,11,14,18,23,24,52,59,63,86" /><INIT seed="5,3,4,0,0,8" ten="151,359,242,208" oya="1" hai0="76,74,12,45,78,33,41,14,133,135,61,80,55" hai1="15,22,93,110,111,120,49,40,26,92,19,18,81" hai2="32,2,35,91,119,70,52,60,122,104,95,7,109" hai3="44,96,11,6,98,37,83,86,68,53,113,28,106"/><U29/><E120/><V103/><F109/><N who="1" m="41481" /><E81/><V67/><F119/><W82/><G113/><T5/><D33/><N who="1" m="20663" /><E19/><V54/><F122/><W25/><G68/><T130/><D78/><U89/><E89/><V38/><F38/><W123/><G106/><T126/><D126/><U42/><E49/><V129/><F129/><W4/><G123/><T97/><D130/><U114/><E114/><V131/><F131/><W56/><G4/><T72/><D72/><U64/><E64/><V88/><F91/><W46/><G82/><T10/><D97/><U84/><E84/><V79/><F79/><W36/><G36/><T48/><REACH who="0" step="1"/><D14/><REACH who="0" ten="141,359,242,208" step="2"/><U134/><E134/><V128/><F32/><W105/><G98/><T87/><D87/><U30/><E30/><V17/><F35/><W71/><G96/><T31/><D31/><U16/><E18/><V34/><F17/><W116/><G28/><T43/><D43/><AGARI ba="3,5" hai="15,16,22,40,42,43,92,93" m="20663,41481" machi="43" ten="30,5800,0" yaku="10,1,52,1,54,1" doraHai="8" who="1" fromWho="0" sc="141,-67,359,117,242,0,208,0" /><INIT seed="5,4,0,3,1,122" ten="74,476,242,208" oya="1" hai0="93,125,11,13,128,114,74,61,85,132,9,55,129" hai1="44,54,25,118,0,77,31,73,123,39,37,40,51" hai2="108,124,68,119,94,112,63,56,115,66,82,60,110" hai3="65,47,75,19,12,38,84,22,20,35,72,33,78"/><U16/><E123/><V90/><F119/><W88/><G65/><T1/><D74/><U87/><E118/><V43/><F82/><W27/><G33/><T59/><D114/><N who="2" m="43562" /><F43/><W57/><G57/><T113/><D113/><U46/><E0/><V2/><F2/><W6/><G35/><T92/><D132/><U101/><E73/><V103/><F103/><W42/><G78/><T133/><D133/><U67/><E101/><V106/><F106/><W96/><G96/><T36/><D36/><U58/><E67/><N who="2" m="39303" /><F124/><W117/><G117/><T52/><D125/><U14/><E77/><V95/><F95/><W23/><G6/><T116/><D116/><U76/><E76/><V71/><F68/><W109/><G72/><T4/><D55/><U111/><E46/><V99/><AGARI ba="4,0" hai="63,66,71,90,94,99,108,110" m="39303,43562" machi="99" ten="30,7900,0" yaku="15,1,11,1,52,2" doraHai="122" who="2" fromWho="2" sc="74,-24,476,-43,242,91,208,-24" /><INIT seed="6,0,0,4,1,105" ten="50,433,333,184" oya="2" hai0="49,46,34,27,54,62,66,95,102,104,80,21,79" hai1="84,37,25,32,7,108,115,74,89,5,69,81,125" hai2="121,40,88,14,50,116,124,130,100,112,83,110,75" hai3="19,65,39,82,59,70,86,16,48,20,10,131,120"/><V91/><F116/><W78/><G131/><T122/><D122/><U111/><E69/><V43/><F121/><W38/><G120/><T61/><D34/><U109/><E37/><V118/><F118/><W134/><G134/><T94/><D104/><U51/><E115/><V33/><F33/><W96/><G70/><T52/><D54/><U132/><E132/><V127/><F112/><W77/><G77/><T60/><D102/><U98/><E125/><N who="2" m="48203" /><F100/><W76/><G76/><T30/><REACH who="0" step="1"/><D66/><REACH who="0" ten="40,433,333,184" step="2"/><U41/><E32/><V23/><F130/><W8/><G65/><T6/><D6/><U29/><E7/><V3/><F110/><W87/><G96/><T93/><D93/><U128/><E5/><V101/><F101/><W71/><G87/><AGARI ba="0,1" hai="21,27,30,46,49,52,60,61,62,79,80,87,94,95" machi="87" ten="40,5200,0" yaku="1,1,8,1,54,1,53,0" doraHai="105" doraHaiUra="119" who="0" fromWho="3" sc="40,62,433,0,333,0,184,-52" /><INIT seed="7,0,0,5,5,62" ten="102,433,333,132" oya="3" hai0="13,16,103,68,45,119,58,12,5,91,20,88,48" hai1="56,78,128,46,106,113,38,130,85,125,0,86,109" hai2="22,101,65,121,129,19,89,110,30,127,10,64,115" hai3="3,26,9,4,32,53,80,14,61,126,90,73,21"/><W100/><G126/><T133/><D68/><U70/><E70/><V6/><F110/><W1/><G100/><T74/><D119/><U39/><E109/><V131/><F101/><W117/><G117/><T31/><D74/><U35/><E106/><V118/><F30/><W92/><G80/><T54/><D133/><U51/><E35/><V52/><F89/><N who="0" m="34378" /><D103/><U99/><E0/><N who="2" m="327" /><F118/><W29/><G73/><T122/><D122/><U49/><E99/><V36/><F36/><W76/><G76/><T63/><D31/><U105/><E105/><V43/><F43/><W123/><G123/><T95/><D95/><U40/><E78/><V37/><F37/><W34/><G34/><T25/><D5/><U120/><E40/><AGARI ba="0,0" hai="12,13,16,20,25,40,45,48,54,58,63" m="34378" machi="40" ten="30,3900,0" yaku="8,1,54,2" doraHai="62" who="0" fromWho="1" sc="102,39,433,-39,333,0,132,0" owari="141,-26.0,394,50.0,333,13.0,132,-37.0" /></mjloggm>