<mjloggm ver="2.3"><GO type="169" lobby="0"/><UN n0="%E3%83%8E%E3%82%AA%E3%83%81%E3%83%A3%E3%83%99%E3%82%B9" n1="%E5%B1%8A%E3%81%8B%E3%81%AA%E3%81%84%E6%81%8B" n2="%E3%81%B2%E3%81%90%E3%81%A1" n3="%E3%81%8A%E3%81%98%E3%81%95%E3%82%93" dan="16,16,17,16" rate="2176.71,2204.51,2218.93,2144.62" sx="M,M,M,M"/><TAIKYOKU oya="0"/><INIT seed="0,0,0,2,0,61" ten="250,250,250,250" oya="0" hai0="11,129,100,1,57,132,118,135,78,134,64,33,51" hai1="8,73,79,72,63,43,65,125,0,17,113,81,14" hai2="103,7,44,28,39,92,52,27,105,58,47,23,37" hai3="87,30,97,25,108,2,68,71,6,80,114,36,121"/><T119/><D33/><U38/><E125/><V3/><F105/><W9/><G108/><T128/><D100/><U130/><E130/><N who="0" m="50281" /><D78/><U109/><E109/><V116/><F116/><N who="0" m="44586" /><D11/><U59/><E113/><V133/><F133/><W34/><G114/><T106/><D1/><U127/><E127/><V70/><F70/><W4/><G121/><T74/><D74/><U93/><E0/><V101/><F37/><W32/><G32/><T22/><D22/><U24/><E24/><V50/><F39/><W21/><G6/><T26/><D26/><U99/><E43/><V49/><F58/><W45/><G97/><T104/><D51/><U60/><E38/><V85/><F7/><W96/><G96/><T29/><D29/><U35/><E35/><V18/><F3/><W124/><G124/><T54/><D54/><U131/><E131/><V91/><F28/><W102/><G102/><T40/><D40/><AGARI ba="0,0" hai="18,23,27,40,44,47,49,50,52,85,91,92,101,103" machi="40" ten="30,3900,0" yaku="7,1,8,1,54,1" doraHai="61" who="2" fromWho="0" sc="250,-39,250,0,250,39,250,0" /><INIT seed="1,0,0,4,4,58" ten="211,250,289,250" oya="1" hai0="15,6,50,75,3,62,118,35,78,23,4,37,0" hai1="122,61,119,31,25,39,111,112,105,85,110,33,38" hai2="30,49,135,9,104,84,45,29,82,47,134,127,28" hai3="77,106,2,86,90,27,34,13,96,98,42,68,97"/><U92/><E105/><V60/><F104/><W46/><G2/><T44/><D35/><U130/><E119/><V109/><F109/><N who="1" m="41481" /><E122/><V36/><F127/><W65/><G106/><T108/><D118/><U16/><E112/><V41/><F9/><W123/><G123/><T79/><D37/><U19/><E130/><V52/><REACH who="2" step="1"/><F60/><REACH who="2" ten="211,250,279,250" step="2"/><W55/><G98/><T26/><D108/><U103/><E61/><V40/><F40/><W10/><G97/><T87/><D75/><U56/><E103/><V81/><F81/><W59/><G96/><T7/><D3/><U69/><E69/><V83/><F83/><W73/><G42/><T53/><D0/><U76/><E92/><V117/><F117/><W72/><G10/><T54/><D87/><U131/><E131/><V22/><F22/><W48/><G86/><T12/><D79/><AGARI ba="0,1" hai="28,29,30,36,41,45,47,49,52,79,82,84,134,135" machi="79" ten="40,2600,0" yaku="1,1,54,1,53,0" doraHai="58" doraHaiUra="115" who="2" fromWho="0" sc="211,-26,250,0,279,36,250,0" /><INIT seed="2,0,0,0,0,12" ten="185,250,315,250" oya="2" hai0="135,31,43,127,108,22,82,103,66,32,69,61,65" hai1="102,123,62,119,21,98,17,125,60,35,105,94,92" hai2="53,30,39,75,26,104,115,0,77,19,37,54,63" hai3="116,16,49,80,8,57,42,99,88,120,133,13,117"/><V130/><F115/><W20/><G120/><T55/><D32/><U33/><E119/><V91/><F0/><W129/><G129/><T9/><D43/><U84/><E123/><V5/><F5/><W113/><G133/><T85/><D135/><U41/><E41/><V4/><F4/><W100/><G113/><T51/><D66/><U56/><E62/><V101/><F130/><W97/><G117/><T64/><D64/><U48/><E48/><V112/><F91/><W124/><G116/><T67/><D67/><U111/><E111/><V86/><F75/><W11/><G124/><T90/><D108/><U68/><E68/><V29/><F101/><W24/><G8/><T28/><D127/><U106/><E94/><V87/><F77/><W73/><G73/><T36/><D36/><U134/><E134/><V71/><F26/><W72/><G72/><T96/><D9/><U131/><E131/><V2/><F2/><W70/><G70/><T18/><D96/><N who="3" m="36937" /><G100/><T78/><D78/><U6/><E6/><V59/><F71/><W76/><G76/><T95/><D82/><U38/><E38/><V15/><F39/><W110/><G110/><T46/><REACH who="0" step="1"/><D103/><REACH who="0" ten="175,250,315,250" step="2"/><U122/><E125/><V45/><F37/><W132/><G132/><T47/><D47/><U79/><E79/><V118/><F118/><W89/><G80/><T50/><D50/><U27/><E122/><V44/><F44/><N who="3" m="25751" /><G57/><T14/><AGARI ba="0,1" hai="14,18,22,28,31,46,51,55,61,65,69,85,90,95" machi="14" ten="20,5200,0" yaku="1,1,0,1,7,1,52,1,53,0" doraHai="12" doraHaiUra="107" who="0" fromWho="0" sc="175,62,250,-13,315,-26,250,-13" /><INIT seed="3,0,0,2,4,24" ten="237,237,289,237" oya="3" hai0="29,105,22,61,38,7,48,41,114,45,73,102,65" hai1="89,16,88,66,14,121,52,103,23,120,55,110,117" hai2="53,37,135,92,125,108,101,109,99,34,127,27,51" hai3="86,59,85,94,118,20,134,0,106,1,104,132,84"/><W19/><G118/><T87/><D73/><U95/><E117/><V93/><F37/><W4/><G94/><T111/><D111/><N who="2" m="42570" /><F135/><N who="3" m="51755" /><G59/><T56/><D114/><U25/><E110/><V13/><F13/><N who="3" m="9327" /><G4/><T33/><D33/><U67/><E120/><V43/><F43/><W32/><G32/><T62/><D7/><U80/><E121/><V40/><F40/><W49/><G49/><T130/><D62/><U68/><E68/><V64/><F64/><N who="1" m="24617" /><E103/><V50/><F93/><W18/><G18/><T60/><D60/><U39/><E39/><V75/><F75/><W2/><AGARI ba="0,0" hai="0,1,2,84,85,86,104,106" m="9327,51755" machi="2" ten="40,2100,0" yaku="20,1" doraHai="24" who="3" fromWho="3" sc="237,-7,237,-7,289,-7,237,21" /><INIT seed="3,1,0,2,4,74" ten="230,230,282,258" oya="3" hai0="121,17,86,42,82,11,45,53,2,79,70,33,47" hai1="10,21,71,3,78,49,4,24,28,69,41,93,109" hai2="127,124,59,97,34,134,40,8,115,31,128,90,120" hai3="22,23,9,111,119,19,0,16,113,12,25,94,56"/><W110/><G113/><T73/><D121/><U107/><E107/><V125/><F115/><W89/><G119/><T103/><D33/><U72/><E109/><N who="3" m="41482" /><G56/><T15/><D70/><U60/><E60/><V80/><F120/><W20/><G0/><T18/><D2/><U130/><E130/><V61/><F128/><W38/><G38/><T50/><D103/><U83/><REACH who="1" step="1"/><E93/><REACH who="1" ten="230,220,282,258" step="2"/><V67/><F61/><W105/><G105/><T46/><D73/><U135/><E135/><V68/><F134/><W44/><G44/><AGARI ba="1,1" hai="3,4,10,21,24,28,41,44,49,69,71,72,78,83" machi="44" ten="40,2600,0" yaku="1,1,52,1,53,0" doraHai="74" doraHaiUra="88" who="1" fromWho="3" sc="230,0,220,39,282,0,258,-29" /><INIT seed="4,0,0,5,5,86" ten="230,259,282,229" oya="0" hai0="125,55,124,4,0,30,120,79,75,1,103,31,57" hai1="121,9,68,63,5,123,26,106,70,35,85,38,135" hai2="8,112,25,45,16,13,130,69,88,46,48,24,59" hai3="41,119,108,18,100,114,111,95,76,115,2,53,21"/><T66/><D66/><U110/><E38/><V54/><F69/><W19/><G76/><T134/><D120/><U107/><E110/><N who="3" m="42026" /><G53/><T74/><D103/><U101/><E85/><V91/><F112/><N who="3" m="43051" /><G41/><T99/><D99/><N who="1" m="61759" /><E135/><V42/><F130/><W17/><G95/><T104/><D134/><U129/><E107/><V43/><F43/><W133/><G100/><T37/><D37/><U40/><E40/><V23/><F25/><W73/><G73/><T56/><D104/><U92/><E92/><V27/><F24/><W78/><G78/><T50/><D79/><U36/><E129/><V94/><F94/><W10/><G133/><T116/><D4/><U84/><E84/><V28/><F46/><W132/><G132/><T81/><D55/><U96/><E96/><V117/><F117/><W65/><G65/><T52/><D52/><U77/><E77/><V60/><AGARI ba="0,0" hai="8,13,16,23,27,28,42,45,48,54,59,60,88,91" machi="60" ten="20,12000,2" yaku="0,1,7,1,8,1,52,2,54,2" doraHai="86" who="2" fromWho="2" sc="230,-60,259,-30,282,120,229,-30" /><INIT seed="5,0,0,1,4,73" ten="170,229,402,199" oya="1" hai0="38,29,117,2,43,74,62,133,128,89,54,84,132" hai1="16,88,93,94,115,107,19,35,79,75,69,60,58" hai2="51,135,85,66,134,52,46,104,5,23,129,87,48" hai3="63,18,27,122,40,125,1,12,31,77,33,10,108"/><U82/><E107/><V70/><F104/><W56/><G108/><T97/><D74/><U127/><E69/><V99/><F129/><W113/><G113/><T50/><D2/><U64/><E115/><V65/><F5/><W21/><G122/><T9/><D128/><U37/><E37/><V61/><F66/><W32/><G125/><T4/><D97/><U14/><E35/><V8/><F8/><W28/><G40/><T55/><D29/><N who="3" m="11337" /><G77/><T102/><D102/><U81/><E127/><V116/><F116/><W36/><G56/><T45/><D117/><U76/><E88/><V95/><F23/><W96/><G96/><T111/><D62/><U120/><E120/><V86/><REACH who="2" step="1"/><F51/><REACH who="2" ten="170,229,392,199" step="2"/><W106/><G106/><T105/><D105/><U0/><E0/><V6/><F6/><N who="3" m="1359" /><G36/><T20/><D38/><U130/><E130/><V59/><F59/><W114/><G114/><T15/><D111/><U47/><E47/><V100/><AGARI ba="0,1" hai="46,48,52,61,65,70,85,86,87,95,99,100,134,135" machi="100" ten="30,7900,0" yaku="1,1,0,1,54,1,53,1" doraHai="73" doraHaiUra="41" who="2" fromWho="2" sc="170,-20,229,-39,392,89,199,-20" /><INIT seed="6,0,0,2,2,112" ten="150,190,481,179" oya="2" hai0="45,47,56,61,102,70,54,106,94,37,18,55,100" hai1="58,7,30,91,12,88,67,50,109,92,44,8,0" hai2="14,110,125,39,60,121,65,98,128,17,117,72,2" hai3="77,76,4,89,15,31,62,83,127,123,28,130,96"/><V33/><RYUUKYOKU type="yao9" ba="0,0" sc="150,0,190,0,481,0,179,0" hai2="2,14,17,33,39,60,65,72,98,110,117,121,125,128" /><INIT seed="6,1,0,0,5,15" ten="150,190,481,179" oya="2" hai0="57,68,58,56,112,127,105,129,113,18,84,121,26" hai1="69,87,30,16,33,109,72,64,103,21,83,81,34" hai2="130,75,31,7,3,95,2,8,28,115,50,96,131" hai3="36,133,73,24,52,12,39,42,89,53,99,54,104"/><V43/><F75/><W41/><G73/><T114/><D121/><U47/><E109/><V70/><F70/><W93/><G133/><T51/><D68/><U11/><E103/><V27/><F115/><W46/><G104/><T79/><D105/><U94/><E11/><V122/><F122/><W124/><G124/><T118/><D127/><U32/><E30/><V13/><F50/><W128/><G128/><T102/><D102/><U20/><E20/><V117/><F43/><W37/><G24/><T82/><D129/><U98/><E47/><V60/><F60/><W91/><G46/><T44/><D118/><U10/><E10/><V101/><F117/><W0/><G0/><T67/><D67/><U120/><E120/><V116/><F31/><W65/><G65/><T45/><D51/><U108/><E108/><V9/><F116/><W35/><G35/><T90/><D79/><U80/><E72/><V134/><F134/><W100/><REACH who="3" step="1"/><G12/><REACH who="3" ten="150,190,481,169" step="2"/><T77/><D77/><U19/><E64/><V135/><F135/><W88/><AGARI ba="1,1" hai="36,37,39,41,42,52,53,54,88,89,91,93,99,100" machi="88" ten="40,12000,2" yaku="1,1,2,1,0,1,29,2,54,2,53,0" doraHai="15" doraHaiUra="106" who="3" fromWho="3" sc="150,-31,190,-31,481,-61,169,133" /><INIT seed="7,0,0,4,5,108" ten="119,159,420,302" oya="3" hai0="99,4,8,68,92,42,121,69,84,32,72,129,55" hai1="2,114,127,52,31,101,111,11,134,107,10,78,60" hai2="77,46,110,73,102,91,56,100,88,58,130,128,82" hai3="23,48,115,18,65,103,113,27,90,53,123,44,87"/><W0/><G123/><T120/><D72/><U62/><E111/><V135/><F110/><W3/><G103/><N who="2" m="39465" /><F135/><W112/><G65/><T83/><D32/><U67/><E78/><V5/><F5/><W63/><G63/><T71/><D92/><AGARI ba="0,0" hai="0,3,18,23,27,44,48,53,87,90,92,112,113,115" machi="92" ten="40,12000,1" yaku="15,1,52,3" doraHai="108" who="3" fromWho="0" sc="119,-120,159,0,420,0,302,120" owari="-1,-50.0,159,-24.0,420,22.0,422,52.0" /></mjloggm>