<mjloggm ver="2.3"><GO type="169" lobby="0"/><UN n0="%E3%81%99%E3%81%B1%E3%81%B5%E3%81%87%E3%81%AB%E3%81%9F%E3%82%93" n1="%E6%86%A7%E7%91%9A" n2="%E3%82%B7%E3%83%BC%E3%82%BF" n3="%E6%84%9A%E5%BD%A2%E3%81%AE%E6%84%9A%E5%85%84" dan="16,17,16,16" rate="2068.86,2199.44,2021.86,2096.56" sx="F,M,M,M"/><TAIKYOKU oya="0"/><INIT seed="0,0,0,1,5,98" ten="250,250,250,250" oya="0" hai0="108,1,72,41,64,33,114,62,92,25,18,130,5" hai1="77,84,90,14,126,71,19,78,115,26,29,117,44" hai2="48,121,15,96,40,61,51,16,83,87,69,88,34" hai3="119,2,56,106,127,107,81,73,10,133,17,116,9"/><T80/><D114/><U31/><E117/><V132/><F121/><W111/><G111/><T94/><D130/><U58/><E71/><V112/><F112/><W45/><G56/><T42/><D92/><U4/><E126/><V46/><F34/><W123/><G127/><T118/><D108/><U23/><E115/><V50/><F132/><W82/><G133/><T124/><D18/><U8/><E44/><V21/><REACH who="2" step="1"/><F96/><REACH who="2" ten="250,250,240,250" step="2"/><W93/><G123/><T122/><D122/><U66/><E31/><V39/><F39/><W20/><G116/><T60/><D33/><U54/><E29/><V100/><F100/><W27/><G119/><T47/><D118/><U59/><E66/><AGARI ba="0,1" hai="15,16,21,40,46,48,50,51,61,66,69,83,87,88" machi="66" ten="40,5200,0" yaku="1,1,54,2,53,0" doraHai="98" doraHaiUra="113" who="2" fromWho="1" sc="250,0,250,-52,240,62,250,0" /><INIT seed="1,0,0,0,0,5" ten="250,198,302,250" oya="1" hai0="51,21,117,82,50,83,133,125,71,52,100,80,33" hai1="87,57,41,28,70,110,95,113,23,59,27,35,66" hai2="45,20,78,42,67,1,48,76,90,77,116,12,135" hai3="118,103,85,97,75,114,22,17,105,19,49,43,18"/><U4/><E113/><V63/><F116/><W84/><G114/><T54/><D33/><U122/><E122/><V37/><F135/><W62/><G75/><T134/><D71/><U107/><E107/><V14/><F1/><W74/><G74/><T31/><D100/><U129/><E129/><V56/><F20/><W38/><G38/><T111/><D111/><U88/><E110/><V13/><F37/><W24/><G62/><T81/><D125/><U58/><E41/><V112/><F112/><W93/><G105/><T68/><D68/><U0/><E35/><V79/><N who="2" m="19456" /><DORA hai="130" /><V55/><REACH who="2" step="1"/><F90/><REACH who="2" ten="250,198,292,250" step="2"/><W65/><G118/><T127/><N who="0" m="20480" /><DORA hai="46" /><T64/><D117/><U16/><E70/><V69/><F69/><W96/><G22/><T92/><D21/><U99/><E28/><V73/><F73/><W91/><G91/><T11/><D31/><U115/><E115/><V131/><F131/><W10/><G24/><T36/><D36/><U108/><E108/><V106/><F106/><W30/><G30/><T40/><D133/><U60/><REACH who="1" step="1"/><E99/><REACH who="1" ten="250,188,292,250" step="2"/><V101/><F101/><W29/><G96/><T32/><D134/><U123/><E123/><V109/><F109/><W124/><G29/><T102/><D32/><U47/><E47/><V72/><F72/><W121/><G97/><T25/><D102/><U86/><E86/><V98/><F98/><W39/><G85/><T120/><D120/><U53/><E53/><AGARI ba="0,2" hai="12,13,14,42,45,48,53,55,56,63,67" m="19456" machi="53" ten="60,12000,2" yaku="1,1,8,1,52,1,53,3" doraHai="5,130,46" doraHaiUra="3,9,126" who="2" fromWho="1" sc="250,0,188,-120,292,140,250,0" /><INIT seed="2,0,0,0,3,34" ten="250,68,432,250" oya="2" hai0="33,77,115,61,81,84,75,5,130,80,106,25,53" hai1="132,89,107,29,15,22,21,100,112,104,103,71,6" hai2="121,90,118,50,56,16,51,134,57,7,19,31,113" hai3="36,30,68,63,26,101,27,73,4,11,35,58,20"/><V98/><F113/><W102/><G73/><T128/><D106/><U37/><E37/><V69/><F118/><W74/><G74/><T59/><D115/><U78/><E112/><V8/><F121/><W3/><G68/><T49/><D33/><U66/><E78/><V79/><F69/><W133/><G36/><T127/><D127/><U119/><E119/><V24/><F79/><W43/><G43/><T23/><D5/><U108/><E108/><V114/><F134/><W129/><G129/><T13/><D13/><U38/><E38/><V40/><F114/><W126/><G126/><T96/><D96/><U45/><E45/><V76/><F76/><W87/><G87/><T55/><D80/><U12/><E71/><V72/><F72/><W117/><G133/><T42/><D42/><U65/><E132/><V123/><F123/><W116/><G116/><T94/><D94/><U85/><E6/><V60/><F90/><W41/><G41/><T131/><D75/><U82/><E89/><V2/><F98/><W28/><REACH who="3" step="1"/><G117/><REACH who="3" ten="250,68,432,240" step="2"/><T48/><REACH who="0" step="1"/><D55/><AGARI ba="0,1" hai="3,4,11,20,26,27,28,30,35,55,58,63,101,102" machi="55" ten="30,7700,0" yaku="1,1,2,1,7,1,52,1,53,0" doraHai="34" doraHaiUra="95" who="3" fromWho="0" sc="250,-77,68,0,432,0,240,87" /><INIT seed="3,0,0,3,3,16" ten="173,68,432,327" oya="3" hai0="89,116,121,59,66,124,126,70,18,104,12,86,28" hai1="53,4,35,79,29,83,33,42,115,67,113,122,39" hai2="120,134,11,99,112,57,106,1,100,47,40,60,25" hai3="82,45,62,3,125,49,9,87,110,81,78,63,114"/><W44/><G114/><T71/><D116/><U30/><E122/><V46/><F112/><W6/><G125/><N who="0" m="48235" /><D104/><U130/><E130/><V85/><F120/><W23/><G110/><T97/><D97/><U135/><E135/><V131/><F134/><W111/><G111/><T75/><D75/><U58/><E67/><V96/><F131/><W51/><G82/><T50/><D28/><U74/><E42/><V21/><F85/><W19/><G49/><T55/><D66/><U34/><E39/><V103/><F11/><W68/><G68/><T123/><D70/><U54/><E4/><V61/><F1/><W77/><G77/><T15/><D15/><U107/><E107/><V64/><F61/><W48/><G48/><T10/><D71/><U14/><E54/><V133/><F40/><W41/><REACH who="3" step="1"/><G45/><REACH who="3" ten="173,68,432,317" step="2"/><T119/><D119/><U32/><E115/><V13/><F133/><W52/><G52/><T127/><D127/><U117/><E113/><V37/><F37/><W132/><G132/><T5/><D121/><U92/><E117/><V72/><F72/><W129/><G129/><T43/><D43/><U88/><N who="1" m="8192" /><DORA hai="76" /><U65/><E65/><V98/><F47/><W109/><G109/><T101/><D55/><U108/><E108/><V102/><F46/><W118/><G118/><T27/><D50/><U69/><E69/><V20/><F106/><W7/><G7/><T84/><D5/><U38/><E38/><V36/><F36/><W56/><G56/><T31/><D59/><U128/><E53/><V90/><F57/><W73/><G73/><T95/><D123/><RYUUKYOKU ba="0,1" sc="173,-10,68,-10,432,-10,317,30" hai3="3,6,9,19,23,41,44,51,62,63,78,81,87" /><INIT seed="3,1,1,4,2,110" ten="163,58,422,347" oya="3" hai0="122,10,51,85,134,27,64,70,132,11,52,15,53" hai1="121,130,5,94,6,3,84,88,31,106,35,37,39" hai2="101,80,129,48,96,107,59,125,131,72,67,68,126" hai3="93,71,81,21,57,7,119,109,13,102,77,16,66"/><W133/><G119/><T47/><D122/><U25/><E121/><V127/><F48/><W114/><G114/><T26/><D70/><U104/><E130/><N who="2" m="49675" /><F59/><W123/><G123/><T12/><D85/><U75/><E75/><V55/><F55/><N who="0" m="21066" /><D64/><U32/><E32/><V91/><F67/><W28/><G109/><T58/><D58/><U89/><E3/><V86/><F68/><W0/><G133/><N who="0" m="51307" /><D51/><U112/><E112/><V40/><F40/><W29/><G71/><T17/><D47/><U73/><E73/><AGARI ba="1,1" hai="72,73,80,86,91,96,101,107,125,126,127" m="49675" machi="73" ten="40,8000,1" yaku="18,1,19,1,34,2" doraHai="110" who="2" fromWho="1" sc="163,0,58,-83,422,93,347,0" owari="163,-24.0,-25,-53.0,515,62.0,347,15.0" /></mjloggm>