<mjloggm ver="2.3"><GO type="185" lobby="0"/><UN n0="%65%6C%75%6C%75" n1="%50%42%33%2D%50" n2="%E5%A4%A7%E5%92%8C%E6%A1%9C" n3="" dan="16,17,17,0" rate="2210.09,2251.32,2301.68,1500.00" sx="M,M,F,C"/><TAIKYOKU oya="0"/><INIT seed="0,0,0,2,0,82" ten="350,350,350,0" oya="0" hai0="83,135,127,122,131,51,100,67,133,117,47,96,39" hai1="103,90,93,108,40,114,60,76,130,92,86,129,73" hai2="128,119,69,85,101,58,65,95,121,41,87,53,125" hai3=""/><T106/><N who="0" m="31264" /><T109/><D117/><U2/><E2/><V70/><N who="2" m="31008" /><V38/><F125/><T112/><D112/><U52/><E114/><V80/><F128/><N who="1" m="49257" /><E40/><V49/><F119/><T45/><D131/><U75/><E108/><V113/><F113/><T124/><D109/><U42/><E42/><V94/><F101/><T97/><D67/><U110/><E110/><V107/><F107/><T72/><D97/><U88/><E76/><V1/><F1/><T116/><D39/><U89/><E103/><V115/><F115/><T98/><D98/><U54/><E89/><V36/><F36/><T105/><D105/><U126/><E126/><N who="0" m="48169" /><D116/><U43/><E43/><V84/><F80/><T99/><D99/><U62/><E90/><V132/><F132/><N who="0" m="50762" /><D51/><U91/><E91/><V77/><F77/><AGARI ba="0,0" hai="45,47,72,77,83,96,100,106" m="50762,48169,31264" machi="77" ten="30,5800,0" yaku="18,1,20,1,52,1" doraHai="82" who="0" fromWho="2" sc="350,58,350,0,350,-58,0,0" /><INIT seed="0,1,0,3,3,85" ten="408,350,292,0" oya="0" hai0="133,100,88,71,134,34,80,47,33,45,46,82,115" hai1="129,65,117,107,73,104,109,48,79,81,86,127,36" hai2="135,123,55,111,58,76,68,106,67,84,112,102,124" hai3=""/><T53/><D115/><U57/><E117/><V50/><N who="2" m="31520" /><V49/><F112/><T125/><D71/><U113/><E113/><V89/><F111/><T96/><D125/><U103/><E127/><V130/><F124/><T72/><D53/><U90/><E109/><V116/><F116/><T95/><D72/><U2/><E2/><V126/><F126/><T64/><D64/><U110/><E110/><V35/><F35/><N who="0" m="13322" /><D100/><U128/><E36/><V131/><F135/><AGARI ba="1,0" hai="45,46,47,80,82,88,95,96,133,134,135" m="13322" machi="135" ten="40,7700,0" yaku="20,1,52,1,54,1" doraHai="85" who="0" fromWho="2" sc="408,79,350,0,292,-79,0,0" /><INIT seed="0,2,0,4,0,35" ten="487,350,213,0" oya="0" hai0="57,106,82,119,70,113,133,120,135,80,56,74,122" hai1="104,78,46,59,124,95,134,72,77,85,87,53,34" hai2="97,112,101,3,128,45,55,40,117,86,107,94,76" hai3=""/><T63/><N who="0" m="30752" /><T36/><N who="0" m="31264" /><T81/><D119/><U88/><E104/><V84/><F112/><T100/><D74/><U102/><E34/><V60/><F117/><T73/><D73/><U129/><E102/><V90/><F128/><T54/><D36/><U41/><E129/><V42/><F42/><T0/><D113/><U66/><E66/><V114/><F114/><T92/><D70/><U48/><E72/><V123/><N who="2" m="31520" /><V1/><F55/><T118/><D118/><U67/><E67/><V103/><F60/><T99/><D0/><U89/><E134/><N who="0" m="51209" /><D57/><U108/><E124/><V127/><F127/><T75/><D75/><U44/><E44/><V58/><F58/><T37/><D37/><U68/><E68/><V43/><F101/><T33/><D33/><U105/><E105/><AGARI ba="2,0" hai="54,56,63,80,81,82,92,99,100,105,106" m="51209,31264,30752" machi="105" ten="30,5800,0" yaku="20,1,52,2" doraHai="35" who="0" fromWho="1" sc="487,62,350,-62,213,0,0,0" /><INIT seed="0,3,0,0,4,119" ten="549,288,213,0" oya="0" hai0="67,113,70,128,114,37,90,110,126,71,52,88,122" hai1="55,63,124,104,33,57,2,89,134,127,76,41,101" hai2="39,32,36,80,64,130,106,81,46,78,51,38,69" hai3=""/><T102/><N who="0" m="31264" /><T66/><D37/><U121/><N who="1" m="31008" /><U83/><E2/><V82/><F32/><T93/><D128/><U43/><E33/><V135/><F106/><T109/><D102/><U45/><E89/><V42/><F130/><T99/><D126/><N who="1" m="48171" /><E134/><V0/><F0/><T123/><N who="0" m="31520" /><T91/><D91/><U108/><E108/><N who="0" m="41577" /><D90/><U68/><E68/><N who="0" m="26153" /><D52/><U50/><E101/><V98/><F135/><T48/><D48/><U65/><E104/><V58/><F98/><T84/><D99/><U56/><E56/><V61/><REACH who="2" step="1"/><F69/><REACH who="2" ten="549,288,203,0" step="2"/><T35/><D35/><U3/><E3/><V62/><F62/><T112/><AGARI ba="3,1" hai="66,67,84,88,93,112,113,114" m="26153,41577,31520,31264" machi="112" ten="40,12000,2" yaku="14,1,10,1,52,4,54,1" doraHai="119" who="0" fromWho="0" sc="549,136,288,-63,203,-63,0,0" /><INIT seed="0,4,0,4,1,54" ten="685,225,140,0" oya="0" hai0="135,84,47,112,121,90,39,59,91,36,46,114,44" hai1="119,133,104,81,92,94,80,69,93,38,0,62,3" hai2="1,113,78,95,131,101,126,76,66,58,48,61,100" hai3=""/><T65/><N who="0" m="31008" /><T103/><D103/><U52/><E119/><V86/><F113/><T43/><D135/><U40/><E104/><V97/><F1/><T51/><D91/><U88/><E133/><V132/><F132/><T64/><D90/><U116/><E116/><V74/><F126/><T107/><D84/><U115/><E115/><N who="0" m="44073" /><D107/><U102/><E102/><V127/><F127/><T45/><D59/><U50/><E3/><V32/><F131/><T124/><D124/><U118/><E0/><V55/><F32/><T72/><D72/><U123/><N who="1" m="31520" /><U34/><E34/><V68/><F74/><T57/><D57/><U87/><E118/><V85/><F101/><T98/><D98/><U49/><E81/><V105/><F105/><T82/><D82/><U2/><E2/><V110/><F85/><T71/><D71/><U70/><E70/><V111/><REACH who="2" step="1"/><F86/><REACH who="2" ten="685,225,130,0" step="2"/><T33/><D33/><U108/><E87/><V63/><F63/><T77/><D77/><AGARI ba="4,1" hai="48,55,58,61,66,68,76,77,78,95,97,100,110,111" machi="77" ten="40,2600,0" yaku="1,1,52,1,53,0" doraHai="54" doraHaiUra="129" who="2" fromWho="0" sc="685,-34,225,0,130,44,0,0" /><INIT seed="1,0,0,2,0,2" ten="651,225,174,0" oya="1" hai0="105,113,58,126,46,99,68,88,123,97,122,107,66" hai1="117,47,62,67,80,98,100,53,72,90,101,102,48" hai2="76,61,132,120,115,49,134,35,111,43,85,56,78" hai3=""/><U131/><E117/><V83/><N who="2" m="30752" /><V0/><F0/><T128/><N who="0" m="31264" /><T65/><N who="0" m="31520" /><T81/><D113/><U119/><E119/><V95/><F115/><T114/><D114/><U52/><E131/><V103/><F111/><T45/><D58/><U1/><E1/><V42/><F76/><T60/><D126/><U73/><E53/><V32/><F103/><T69/><D60/><U92/><REACH who="1" step="1"/><E80/><REACH who="1" ten="651,215,174,0" step="2"/><V109/><F109/><T41/><D81/><U50/><E50/><V63/><F63/><T40/><D128/><U39/><E39/><V3/><F3/><T54/><D54/><U108/><E108/><V36/><F36/><T59/><D66/><U64/><E64/><V82/><F82/><T129/><D65/><U87/><E87/><V71/><F49/><T110/><D110/><U70/><AGARI ba="0,1" hai="47,48,52,62,67,70,72,73,90,92,98,100,101,102" machi="70" ten="30,4000,0" yaku="1,1,0,1,54,1,53,0" doraHai="2" doraHaiUra="125" who="1" fromWho="1" sc="651,-20,215,50,174,-20,0,0" /><INIT seed="1,1,0,1,4,109" ten="631,265,154,0" oya="1" hai0="89,120,103,90,119,92,102,54,104,97,70,118,128" hai1="2,77,57,101,134,63,123,56,98,71,127,48,110" hai2="85,49,121,37,111,33,50,124,117,95,93,66,99" hai3=""/><U86/><N who="1" m="31520" /><U112/><E2/><V135/><N who="2" m="31008" /><V38/><F111/><T36/><N who="0" m="30752" /><T51/><D36/><U64/><E112/><V34/><F66/><T47/><D70/><U60/><E110/><V78/><F117/><N who="0" m="44554" /><D128/><U113/><E113/><V76/><F85/><T39/><D39/><U42/><E134/><V46/><F46/><T125/><D125/><U129/><E127/><V107/><F124/><T100/><D90/><U59/><E129/><V53/><F107/><AGARI ba="1,0" hai="47,51,54,89,92,97,100,102,103,104,107" m="44554,30752" machi="107" ten="30,2000,0" yaku="12,1,52,1" doraHai="109" who="0" fromWho="2" sc="631,22,265,0,154,-22,0,0" /><INIT seed="2,0,0,1,1,96" ten="653,265,132,0" oya="2" hai0="54,52,71,123,76,116,63,108,40,68,104,45,135" hai1="92,86,119,69,72,131,121,42,115,74,112,66,78" hai2="101,132,83,85,75,95,110,53,34,90,107,47,1" hai3=""/><V73/><F34/><T82/><N who="0" m="31520" /><T109/><D116/><U124/><N who="1" m="31008" /><U0/><E0/><V129/><F1/><T48/><D104/><U127/><E42/><V43/><F132/><T39/><D135/><U3/><E3/><V67/><F129/><T93/><D93/><U134/><E66/><V65/><F110/><N who="0" m="42602" /><D63/><U125/><E69/><N who="0" m="26697" /><D39/><U61/><E61/><V60/><F107/><T79/><D79/><U94/><E134/><V64/><F101/><T41/><D41/><U46/><E131/><V120/><N who="2" m="30752" /><V111/><F111/><T100/><D100/><U102/><E119/><V36/><REACH who="2" step="1"/><F95/><REACH who="2" ten="653,265,122,0" step="2"/><T62/><D62/><U33/><E94/><V117/><F117/><T51/><D51/><U35/><E92/><V32/><F32/><T103/><D103/><U80/><E102/><V88/><F88/><T59/><D48/><U114/><E35/><V126/><F126/><T77/><D77/><U122/><N who="1" m="31264" /><U91/><E33/><V89/><F89/><T98/><D76/><U49/><E78/><V70/><F70/><T99/><D99/><U97/><E97/><V57/><AGARI ba="0,1" hai="36,43,47,53,57,60,64,65,67,73,75,83,85,90" m="30752" machi="57" ten="30,4000,0" yaku="1,1,0,1,52,1,53,0" doraHai="96" doraHaiUra="2" who="2" fromWho="2" sc="653,-20,265,-20,122,50,0,0" /><INIT seed="2,1,0,4,2,123" ten="633,245,172,0" oya="2" hai0="110,106,116,67,103,77,114,59,90,37,122,94,41" hai1="38,46,132,68,124,133,47,39,129,32,57,98,3" hai2="92,95,131,61,51,86,36,50,128,80,126,33,130" hai3=""/><V85/><F36/><N who="1" m="13865" /><E3/><V45/><F33/><T113/><D116/><U99/><E32/><V74/><F126/><T112/><D77/><U105/><E68/><V96/><F61/><T35/><D35/><U102/><E124/><V109/><F109/><T55/><D110/><U40/><E40/><V111/><F111/><T84/><D67/><U64/><E98/><V2/><F2/><T97/><N who="0" m="31264" /><T54/><D59/><U119/><E119/><V1/><F1/><T75/><D75/><U115/><E115/><V127/><F127/><T60/><D60/><U82/><E57/><V69/><F69/><T108/><D108/><U87/><E64/><V43/><F51/><T71/><D71/><U48/><E48/><V100/><REACH who="2" step="1"/><F95/><REACH who="2" ten="633,245,162,0" step="2"/><T125/><D125/><U135/><E129/><V78/><AGARI ba="1,1" hai="43,45,50,74,78,80,85,86,92,96,100,128,130,131" machi="78" ten="40,8000,1" yaku="1,1,2,1,0,1,19,1,53,1" doraHai="123" doraHaiUra="107" who="2" fromWho="2" sc="633,-41,245,-41,162,92,0,0" /><INIT seed="2,2,0,3,5,130" ten="592,204,254,0" oya="2" hai0="125,126,64,66,120,102,128,38,65,59,32,52,89" hai1="60,72,63,87,103,35,83,37,82,84,117,53,81" hai2="104,112,98,44,67,94,91,3,135,113,46,79,77" hai3=""/><V43/><F3/><T133/><N who="0" m="30752" /><T70/><D32/><U85/><E35/><V34/><F34/><T109/><D128/><U108/><E117/><V119/><F119/><T80/><D109/><U107/><E37/><V40/><F67/><T95/><D38/><U122/><N who="1" m="31264" /><U48/><E108/><V33/><F33/><T105/><D70/><U93/><E107/><V88/><F94/><T78/><D102/><U106/><E106/><V55/><F104/><T111/><D111/><U0/><E72/><V131/><F131/><T76/><D105/><U75/><E75/><V97/><REACH who="2" step="1"/><F55/><REACH who="2" ten="592,204,244,0" step="2"/><T50/><D95/><U58/><REACH who="1" step="1"/><E0/><REACH who="1" ten="592,194,244,0" step="2"/><V47/><F47/><T86/><D66/><U68/><E68/><V127/><F127/><T49/><D65/><U129/><E129/><V1/><F1/><T74/><D64/><U115/><E115/><V101/><F101/><T73/><D126/><U71/><E71/><V51/><F51/><T42/><D125/><U57/><E57/><V2/><F2/><T92/><D49/><U39/><E39/><V114/><F114/><T61/><D50/><U54/><E54/><V121/><N who="2" m="31008" /><V62/><F62/><T56/><D52/><U45/><E45/><V36/><F36/><RYUUKYOKU ba="2,2" sc="592,-20,194,10,244,10,0,0" hai1="48,53,58,60,63,81,82,83,84,85,87,93,103" hai2="40,43,44,46,77,79,88,91,97,98,112,113,135" /><INIT seed="2,3,2,2,1,115" ten="572,204,254,0" oya="2" hai0="121,53,89,61,108,0,129,71,46,79,83,101,84" hai1="52,91,42,131,45,119,111,98,78,74,80,105,96" hai2="120,135,82,97,125,67,113,87,36,43,3,127,95" hai3=""/><V73/><N who="2" m="30752" /><V130/><F113/><T109/><N who="0" m="31008" /><T35/><D35/><U103/><E111/><N who="0" m="42569" /><D129/><U66/><E131/><V48/><F130/><T124/><D124/><U85/><E66/><V34/><F34/><T76/><D0/><U102/><E52/><V110/><F110/><T33/><D33/><U1/><E1/><V32/><F32/><T37/><D101/><U99/><E119/><V117/><F117/><T128/><D128/><U88/><E91/><V40/><F73/><T2/><D2/><U90/><E90/><V75/><F75/><T50/><D37/><U69/><E69/><V107/><F107/><T86/><D86/><U65/><E65/><AGARI ba="3,2" hai="46,50,53,61,65,71,76,79,83,84,89" m="42569,31008" machi="65" ten="30,2000,0" yaku="14,1,52,1" doraHai="115" who="0" fromWho="1" sc="572,46,204,-26,254,0,0,0" /><INIT seed="4,0,0,5,2,62" ten="618,178,254,0" oya="0" hai0="49,129,98,46,121,55,57,125,135,67,91,42,69" hai1="88,32,118,132,36,86,85,113,43,110,45,38,48" hai2="90,102,76,1,39,108,84,60,114,63,61,123,106" hai3=""/><T0/><N who="0" m="31008" /><T52/><D0/><U130/><E32/><V97/><N who="2" m="31520" /><V119/><F1/><T126/><D135/><U41/><E118/><V103/><F108/><T104/><D129/><U134/><E110/><V96/><F39/><T79/><D79/><U35/><E35/><V94/><F119/><T127/><D69/><U71/><E71/><V72/><F114/><T56/><D104/><U54/><E113/><V92/><REACH who="2" step="1"/><F61/><REACH who="2" ten="618,178,244,0" step="2"/><T81/><D127/><U80/><E130/><V109/><F109/><T34/><D126/><U44/><REACH who="1" step="1"/><E85/><REACH who="1" ten="618,168,244,0" step="2"/><V50/><F50/><T100/><D49/><U66/><E66/><V101/><F101/><T3/><D67/><U74/><E74/><V116/><F116/><T73/><D73/><U70/><E70/><V78/><F78/><T40/><D100/><U128/><E128/><V111/><F111/><T131/><D131/><U83/><E83/><AGARI ba="0,2" hai="60,63,72,76,83,84,90,92,94,96,97,102,103,106" m="31520" machi="83" ten="40,8000,1" yaku="1,1,24,2,52,1,53,0" doraHai="62" doraHaiUra="47" who="2" fromWho="1" sc="618,0,168,-80,244,100,0,0" /><INIT seed="5,0,0,3,4,90" ten="618,88,344,0" oya="1" hai0="71,88,0,87,66,118,96,57,44,61,79,53,95" hai1="3,112,122,92,86,130,62,77,117,68,97,41,80" hai2="129,105,98,93,55,123,116,37,36,75,34,67,51" hai3=""/><U58/><N who="1" m="31264" /><U52/><E3/><V1/><N who="2" m="31520" /><V120/><N who="2" m="30752" /><V89/><F116/><T119/><D0/><U40/><E117/><N who="0" m="44553" /><D44/><U45/><E112/><V110/><F110/><T85/><D79/><U107/><E130/><V76/><F1/><T39/><D39/><U35/><E35/><V102/><F34/><T99/><D99/><U91/><E68/><V56/><F129/><T82/><D82/><U81/><E107/><V108/><F108/><T78/><D78/><U72/><REACH who="1" step="1"/><E45/><REACH who="1" ten="618,78,344,0" step="2"/><V126/><F126/><T50/><AGARI ba="0,1" hai="50,53,57,61,66,71,85,87,88,95,96" m="44553" machi="50" ten="30,3000,0" yaku="12,1,52,1,54,1" doraHai="90" who="0" fromWho="0" sc="618,40,78,-20,344,-10,0,0" /><INIT seed="6,0,0,4,1,55" ten="658,58,334,0" oya="2" hai0="115,116,97,95,99,90,125,70,76,68,53,44,0" hai1="114,133,129,93,121,127,113,65,81,39,103,32,60" hai2="88,111,33,89,2,67,56,130,83,46,73,3,110" hai3=""/><V107/><F107/><T45/><D116/><U120/><E81/><V106/><F106/><T91/><D0/><U50/><E93/><V75/><F33/><T36/><D76/><U41/><E103/><V47/><F130/><T105/><D125/><U124/><E32/><V132/><F132/><T135/><D135/><U122/><E65/><V119/><F67/><T40/><D115/><N who="1" m="44043" /><E60/><V85/><F83/><T77/><D77/><U54/><E50/><V57/><F85/><T79/><D79/><U128/><E54/><V38/><F38/><T1/><D1/><U82/><E82/><V48/><F48/><T100/><D91/><U98/><E98/><V35/><F35/><T92/><D105/><U74/><E74/><V131/><F131/><N who="1" m="50249" /><E41/><V109/><F109/><T134/><D134/><U66/><E66/><V104/><F104/><T101/><D90/><U118/><E133/><V87/><F87/><T94/><D94/><U102/><E102/><V69/><F2/><T108/><D36/><U96/><E96/><V42/><F3/><T71/><D99/><U64/><E64/><V126/><F42/><T63/><D40/><U51/><E39/><V117/><F88/><T84/><D97/><U72/><E51/><V80/><F89/><RYUUKYOKU ba="0,0" sc="658,0,58,0,334,0,0,0" owari="658,61.0,58,-54.0,334,-7.0,0,0.0" /></mjloggm>