<mjloggm ver="2.3"><GO type="169" lobby="0"/><UN n0="%E3%81%8D%E3%82%83%E3%83%BC%E3%82%8D%E3%82%93" n1="%E7%89%8C%E5%8A%B9%E7%8E%87%E8%87%B3%E4%B8%8A%E4%B8%BB%E7%BE%A9" n2="%E7%B4%AB%E3%81%AE%E9%8F%A1" n3="%E3%83%A4%E3%83%8A%E3%83%AA%E3%83%B3%E3%82%B9%E3%82%AD%E3%83%BC" dan="16,16,18,17" rate="2086.08,2103.15,2241.71,2129.87" sx="M,M,M,M"/><TAIKYOKU oya="0"/><INIT seed="0,0,0,1,1,83" ten="250,250,250,250" oya="0" hai0="69,84,18,112,15,82,100,126,93,31,103,66,105" hai1="47,45,121,129,95,114,70,94,90,60,119,135,50" hai2="110,0,91,74,65,109,131,97,124,71,87,81,41" hai3="38,89,49,52,58,59,128,130,25,62,104,5,101"/><T127/><D112/><U134/><E114/><V64/><F0/><W9/><G38/><T22/><D105/><U54/><E119/><V116/><F116/><W30/><G104/><T78/><D31/><U6/><E121/><V14/><F131/><W32/><G101/><T56/><D69/><U125/><E6/><V106/><F124/><N who="0" m="47658" /><D93/><U12/><E129/><V111/><F41/><W48/><G89/><T98/><D98/><U122/><E122/><V57/><F71/><W4/><G4/><T132/><D132/><U120/><E120/><V40/><F40/><W3/><REACH who="3" step="1"/><G49/><REACH who="3" ten="250,250,250,240" step="2"/><T63/><AGARI ba="0,1" hai="15,18,22,56,63,66,78,82,84,100,103" m="47658" machi="63" ten="30,3000,0" yaku="18,1,52,1" doraHai="83" who="0" fromWho="0" sc="250,40,250,-10,250,-10,240,-10" /><INIT seed="0,1,0,1,0,39" ten="290,240,240,230" oya="0" hai0="80,133,97,53,40,43,119,123,15,70,118,106,21" hai1="105,132,124,5,34,93,33,0,130,94,135,31,90" hai2="102,36,48,134,122,30,29,108,60,65,98,59,104" hai3="112,116,28,10,64,46,71,35,38,126,55,58,83"/><T91/><D123/><U13/><E105/><V84/><F122/><W92/><G112/><T45/><D70/><U95/><E0/><V37/><F108/><W72/><G116/><T101/><D133/><N who="1" m="51275" /><E31/><V78/><F134/><W26/><G126/><T76/><D91/><U27/><E27/><V128/><F128/><W52/><G71/><T88/><D88/><U100/><E100/><V22/><F48/><W113/><G113/><T44/><D53/><U16/><E5/><V32/><F32/><N who="1" m="12393" /><E130/><V6/><F6/><W41/><G92/><T1/><D1/><U3/><E3/><V110/><F110/><W63/><REACH who="3" step="1"/><G10/><REACH who="3" ten="290,240,240,220" step="2"/><T14/><D119/><U114/><E114/><V19/><F104/><W74/><G74/><T11/><D118/><U75/><E75/><V129/><F129/><W25/><G25/><T99/><D11/><N who="1" m="6207" /><E124/><V77/><F102/><W50/><G50/><N who="0" m="26887" /><D101/><U62/><E62/><V7/><F60/><W111/><G111/><T61/><D61/><U125/><E125/><V69/><F37/><W42/><G42/><T96/><D106/><U79/><E79/><AGARI ba="1,1" hai="26,28,35,38,41,46,52,55,58,63,64,72,79,83" machi="79" ten="40,5200,0" yaku="1,1,52,1,54,1,53,0" doraHai="39" doraHaiUra="17" who="3" fromWho="1" sc="290,0,240,-55,240,0,220,65" /><INIT seed="1,0,0,3,3,117" ten="290,185,240,285" oya="1" hai0="85,93,91,89,35,67,17,51,43,57,42,82,70" hai1="9,37,127,20,68,133,46,50,10,13,135,121,32" hai2="53,34,25,76,41,95,6,44,123,126,5,119,114" hai3="56,103,92,75,100,2,79,39,48,24,98,118,124"/><U88/><E68/><V23/><F119/><W81/><G118/><T0/><D0/><U73/><E32/><V74/><F34/><W18/><G39/><T80/><D35/><U7/><E37/><V83/><F126/><W59/><G2/><T106/><D106/><U101/><E73/><V116/><F116/><W130/><G124/><T132/><D132/><N who="1" m="50763" /><E101/><V21/><F21/><W54/><G130/><T29/><D29/><U38/><E38/><V105/><F105/><W134/><G134/><T122/><D70/><U90/><E20/><V113/><F53/><W61/><G18/><T104/><D104/><U4/><E121/><V40/><F95/><W27/><REACH who="3" step="1"/><G100/><REACH who="3" ten="290,185,240,275" step="2"/><T26/><D17/><U66/><E127/><V31/><F5/><W96/><G96/><T52/><D122/><U11/><E7/><V30/><F123/><W33/><G33/><T107/><D107/><U69/><E4/><V110/><F6/><W49/><G49/><T22/><D51/><U19/><E19/><V72/><F114/><W78/><G78/><T36/><D36/><U102/><E102/><V129/><F113/><W12/><G12/><T3/><D3/><U108/><E13/><V87/><F76/><W112/><G112/><T60/><D91/><U97/><E97/><V63/><F129/><W99/><G99/><T64/><D26/><U109/><E109/><V120/><F110/><W62/><G62/><T58/><D22/><U94/><E108/><V16/><F63/><W14/><G14/><T1/><D60/><N who="1" m="40135" /><E94/><V84/><F120/><W86/><G86/><BYE who="3" /><T128/><D1/><RYUUKYOKU ba="0,1" sc="290,-15,185,15,240,-15,275,15" hai1="9,10,11,46,50,88,90" hai3="24,27,48,54,56,59,61,75,79,81,92,98,103" /><INIT seed="1,1,1,5,2,99" ten="275,200,225,290" oya="1" hai0="124,134,116,101,125,79,122,19,57,91,60,123,20" hai1="75,88,93,0,113,85,68,117,17,129,118,41,89" hai2="9,103,10,54,49,28,5,78,115,135,72,34,73" hai3="22,98,15,62,55,126,109,11,108,39,96,83,81"/><U42/><E113/><UN n3="%E3%83%A4%E3%83%8A%E3%83%AA%E3%83%B3%E3%82%B9%E3%82%AD%E3%83%BC" /><V102/><F135/><W12/><G39/><T13/><D116/><U87/><E68/><V106/><F115/><W47/><G126/><N who="0" m="48747" /><D79/><U86/><E75/><V8/><F5/><W65/><G22/><T29/><D134/><U50/><E129/><V130/><F130/><W3/><G3/><T67/><D29/><U37/><E37/><V56/><F106/><W43/><G55/><T95/><D101/><U71/><E71/><V33/><F72/><W24/><G24/><T74/><D74/><U53/><E0/><V70/><F70/><W69/><G47/><T127/><N who="0" m="48755" /><T120/><DORA hai="66" /><D120/><U38/><E38/><V52/><F54/><W59/><G15/><T132/><D132/><U16/><E118/><V51/><F49/><W119/><G43/><N who="1" m="16394" /><E117/><V131/><F131/><W121/><G121/><T36/><D36/><U92/><E87/><AGARI ba="1,1" hai="13,19,20,57,60,67,87,91,95,122,123" m="48755" machi="87" ten="40,1300,0" yaku="18,1" doraHai="99,66" who="0" fromWho="1" sc="275,26,200,-16,225,0,290,0" /><INIT seed="2,0,0,4,0,62" ten="301,184,225,290" oya="2" hai0="121,102,24,48,66,6,42,20,2,86,126,16,73" hai1="17,53,109,46,12,119,100,39,68,120,8,43,76" hai2="34,99,51,61,21,77,128,38,72,132,101,74,134" hai3="63,98,27,11,60,105,40,32,56,64,52,80,50"/><V122/><F38/><W95/><G105/><T7/><D73/><U82/><E119/><V55/><F34/><W37/><G80/><T108/><D121/><U23/><E109/><V5/><F122/><W93/><G37/><T104/><D126/><U13/><E120/><V115/><F128/><W35/><G40/><T83/><D2/><U65/><E100/><V125/><F115/><W118/><G118/><T97/><D108/><U59/><E68/><V111/><F111/><W129/><G129/><T45/><REACH who="0" step="1"/><D66/><REACH who="0" ten="291,184,225,290" step="2"/><U69/><E65/><V107/><F74/><W54/><G64/><T89/><AGARI ba="0,1" hai="6,7,16,20,24,42,45,48,83,86,89,97,102,104" machi="89" ten="20,8000,1" yaku="1,1,2,1,0,1,7,1,54,1,53,0" doraHai="62" doraHaiUra="106" who="0" fromWho="0" sc="291,90,184,-20,225,-40,290,-20" /><INIT seed="3,0,0,5,0,45" ten="381,164,185,270" oya="3" hai0="76,117,6,70,112,8,17,34,113,50,86,42,21" hai1="62,15,92,30,32,46,103,114,132,26,9,105,129" hai2="54,1,33,68,66,19,122,71,107,80,14,24,106" hai3="133,18,91,12,55,63,82,56,58,29,81,72,100"/><W23/><G133/><T51/><D70/><U102/><E114/><N who="0" m="44137" /><D34/><U36/><E129/><V87/><F1/><W61/><G72/><T20/><D42/><U90/><E105/><V5/><F5/><W7/><G100/><T39/><D39/><U134/><E62/><V49/><F122/><W10/><G29/><T11/><D117/><U130/><E130/><V79/><F24/><W84/><G82/><N who="0" m="47431" /><D11/><U3/><E3/><V40/><F40/><W13/><REACH who="3" step="1"/><G58/><REACH who="3" ten="381,164,185,260" step="2"/><T48/><D17/><U25/><E30/><V67/><F80/><W59/><G59/><T65/><D65/><U43/><E134/><V85/><F19/><W97/><G97/><T99/><D99/><U131/><E132/><V121/><F67/><W83/><G83/><T110/><D110/><U116/><E131/><V53/><F66/><W60/><AGARI ba="0,1" hai="7,10,12,13,18,23,55,56,60,61,63,81,84,91" machi="60" ten="20,7800,0" yaku="1,1,0,1,7,1,8,1,53,0" doraHai="45" doraHaiUra="128" who="3" fromWho="3" sc="381,-26,164,-26,185,-26,260,88" /><INIT seed="3,1,0,3,1,59" ten="355,138,159,348" oya="3" hai0="15,125,1,5,68,3,36,89,75,134,115,17,105" hai1="51,43,12,107,86,16,33,96,123,67,71,118,111" hai2="88,102,32,52,20,41,122,98,35,97,92,128,54" hai3="2,70,53,45,121,31,63,39,24,69,87,34,130"/><W30/><G121/><T95/><D36/><U126/><E33/><V27/><F122/><W132/><G2/><T10/><D105/><U120/><E111/><V104/><F128/><W110/><G110/><T80/><D68/><U14/><E14/><V106/><F106/><W25/><G130/><T19/><D125/><U64/><E64/><V103/><F41/><W99/><G132/><T46/><D46/><U23/><E126/><V58/><F102/><W93/><G87/><T85/><D134/><U74/><E74/><V82/><F82/><W100/><G39/><T42/><D42/><U91/><E118/><V133/><F54/><W37/><G37/><T72/><D115/><U4/><E4/><V66/><F66/><W131/><G131/><T84/><D75/><U62/><E96/><V94/><F104/><W26/><G26/><T50/><D50/><U77/><E77/><V38/><F38/><W61/><G45/><T6/><D72/><U9/><E107/><V83/><F83/><W55/><G55/><T11/><REACH who="0" step="1"/><D15/><REACH who="0" ten="345,138,159,348" step="2"/><U18/><E51/><V56/><F133/><W79/><G69/><T73/><D73/><U101/><E43/><V57/><REACH who="2" step="1"/><F52/><REACH who="2" ten="345,138,149,348" step="2"/><W0/><G53/><T28/><D28/><AGARI ba="1,2" hai="20,27,28,32,35,56,57,58,88,92,94,97,98,103" machi="28" ten="40,5200,0" yaku="1,1,2,1,54,1,53,0" doraHai="59" doraHaiUra="78" who="2" fromWho="0" sc="345,-55,138,0,149,75,348,0" /><INIT seed="4,0,0,1,4,90" ten="290,138,224,348" oya="0" hai0="60,74,42,82,132,49,26,108,105,39,53,65,88" hai1="72,114,30,68,81,67,106,101,52,8,50,3,116" hai2="97,63,0,78,44,41,122,117,115,13,25,24,34" hai3="33,47,61,4,6,2,95,28,110,134,113,64,23"/><T15/><D132/><U96/><E116/><V121/><F0/><W48/><G110/><T91/><D105/><U93/><E114/><V57/><F115/><W84/><G33/><T56/><D108/><U5/><E30/><V22/><F117/><W126/><G126/><T10/><D26/><U7/><E7/><V124/><F124/><W123/><G113/><T120/><D120/><U125/><E125/><V18/><F78/><W14/><G2/><T16/><D82/><U131/><E131/><V19/><F34/><W9/><G134/><T135/><D74/><U69/><E67/><V73/><F73/><W104/><G104/><T92/><D92/><U70/><E106/><V87/><F87/><W59/><G123/><T46/><REACH who="0" step="1"/><D135/><REACH who="0" ten="280,138,224,348" step="2"/><U89/><E72/><V45/><F24/><N who="3" m="16415" /><G95/><T75/><D75/><U112/><E112/><V102/><F121/><W130/><G130/><T29/><D29/><U27/><E27/><V111/><F111/><W35/><G35/><T20/><D20/><U80/><REACH who="1" step="1"/><E101/><REACH who="1" ten="280,128,224,348" step="2"/><V76/><F102/><W83/><G83/><T38/><D38/><U11/><E11/><V54/><F25/><W107/><G107/><T99/><D99/><U127/><E127/><V98/><F98/><W12/><G9/><T79/><D79/><U86/><E86/><V118/><F97/><W32/><G84/><T37/><D37/><U103/><E103/><V71/><F76/><W128/><G128/><T129/><D129/><U133/><E133/><V31/><F122/><W21/><G32/><T77/><D77/><U119/><E119/><V40/><F118/><RYUUKYOKU ba="0,2" sc="280,15,128,15,224,-15,348,-15" hai0="10,15,16,39,42,46,49,53,56,60,65,88,91" hai1="3,5,8,50,52,68,69,70,80,81,89,93,96" /><INIT seed="4,1,2,3,2,66" ten="295,143,209,333" oya="0" hai0="14,110,120,16,68,38,5,117,119,17,19,112,85" hai1="4,132,51,28,115,102,99,21,48,69,77,45,128" hai2="64,12,47,124,35,93,106,34,46,79,113,108,15" hai3="90,74,75,54,81,70,11,111,25,73,92,121,107"/><T88/><D38/><U18/><E132/><V55/><F106/><W101/><G111/><T78/><D78/><U123/><E123/><V23/><F108/><W127/><G127/><T72/><D72/><U33/><E128/><V135/><F79/><W60/><G121/><T134/><D110/><U122/><E122/><V24/><F64/><W59/><G70/><T89/><D120/><U116/><E116/><V40/><F135/><W9/><G81/><T31/><D134/><U26/><E4/><V61/><F124/><W91/><G91/><T58/><D31/><U43/><E115/><V63/><F113/><W57/><G101/><T49/><D112/><U86/><E48/><N who="2" m="26695" /><F35/><W133/><G107/><T95/><D68/><U103/><E103/><V27/><F34/><W80/><G80/><T30/><D30/><U125/><E125/><V84/><F47/><W2/><G2/><T1/><D1/><U100/><E99/><V130/><F27/><W0/><G0/><T13/><D5/><U118/><E69/><V126/><F126/><W7/><G7/><T36/><D36/><U20/><E33/><V6/><F6/><W39/><G39/><T129/><D129/><U10/><E10/><V56/><F130/><W82/><G82/><T53/><REACH who="0" step="1"/><D89/><REACH who="0" ten="285,143,209,333" step="2"/><U41/><E77/><V131/><F131/><W65/><G133/><T37/><D37/><U105/><E28/><N who="2" m="17439" /><F63/><W104/><G73/><T8/><D8/><U3/><E3/><V22/><F22/><W50/><G74/><T67/><D67/><U94/><E20/><V114/><F114/><W96/><G75/><RYUUKYOKU ba="1,3" sc="285,15,143,-15,209,15,333,-15" hai0="13,14,16,17,19,49,53,58,85,88,95,117,119" hai2="12,15,55,56,61,84,93" /><INIT seed="4,2,3,1,4,106" ten="300,128,224,318" oya="0" hai0="94,5,38,35,8,93,110,3,100,59,83,56,126" hai1="12,53,72,6,18,92,45,9,118,41,29,54,64" hai2="79,46,43,127,2,40,89,101,80,114,23,32,70" hai3="67,20,42,77,96,4,90,132,13,15,48,86,28"/><T112/><D35/><U1/><E118/><V47/><F32/><W107/><G67/><T27/><D38/><U30/><E64/><V113/><F2/><W95/><G132/><T131/><D27/><U0/><E92/><V123/><F123/><W37/><G37/><T58/><D112/><N who="2" m="43114" /><F70/><W57/><G4/><T16/><D126/><U10/><E72/><N who="2" m="43111" /><F127/><W7/><G7/><T34/><D131/><U74/><E74/><V21/><F101/><W55/><G42/><N who="2" m="15913" /><F89/><W108/><G108/><T87/><D110/><U26/><E1/><V120/><F120/><W50/><G50/><T103/><D34/><U66/><E66/><V69/><F69/><W85/><G77/><N who="0" m="46575" /><D5/><U98/><E98/><V134/><F134/><W19/><G107/><T33/><D33/><U71/><E71/><V111/><F111/><W109/><G109/><T68/><D3/><U116/><E116/><V65/><F65/><W128/><G128/><T52/><D68/><U102/><E102/><N who="0" m="38953" /><D52/><U39/><E53/><V88/><F88/><W135/><G135/><T61/><D61/><U36/><E54/><V62/><F62/><W82/><G55/><T60/><D60/><U133/><E133/><V75/><F75/><W121/><G121/><T14/><AGARI ba="2,3" hai="8,14,16,56,58,59,93,94" m="38953,46575" machi="14" ten="30,3000,0" yaku="8,1,54,1" doraHai="106" who="0" fromWho="0" sc="300,66,128,-12,224,-12,318,-12" /><INIT seed="4,3,0,1,1,41" ten="366,116,212,306" oya="0" hai0="78,12,116,57,5,47,28,50,51,60,93,76,63" hai1="133,107,46,95,67,97,131,101,71,29,88,121,69" hai2="92,1,48,104,53,109,18,7,115,103,55,127,81" hai3="45,14,11,65,15,32,100,70,35,56,105,64,91"/><T111/><D116/><U66/><E121/><V126/><F109/><W89/><G70/><T124/><D28/><U135/><E29/><V102/><F115/><W130/><G100/><T4/><D124/><N who="2" m="47658" /><F104/><W62/><G105/><T117/><D117/><U36/><E131/><V40/><F18/><W42/><G64/><T120/><D120/><U123/><E123/><V110/><F81/><W16/><G130/><T122/><D122/><U31/><E31/><V33/><F33/><W90/><REACH who="3" step="1"/><G15/><REACH who="3" ten="366,116,212,296" step="2"/><T3/><D12/><U80/><E69/><V27/><F103/><W68/><G68/><T113/><D3/><U23/><E71/><V24/><F102/><W59/><G59/><T125/><D125/><U98/><E66/><V0/><F0/><W72/><G72/><T26/><D57/><U84/><E67/><V9/><F1/><W128/><G128/><T38/><D111/><U20/><E133/><V134/><F134/><W37/><AGARI ba="3,1" hai="11,14,16,32,35,37,42,45,56,62,65,89,90,91" machi="37" ten="30,7900,0" yaku="1,1,0,1,52,1,54,1,53,0" doraHai="41" doraHaiUra="2" who="3" fromWho="3" sc="366,-42,116,-23,212,-23,296,98" /><INIT seed="5,0,0,0,3,96" ten="324,93,189,394" oya="1" hai0="82,50,32,59,65,60,109,1,79,103,55,135,114" hai1="66,97,86,7,37,20,17,110,47,131,30,104,77" hai2="121,43,107,48,83,118,126,72,128,133,42,119,14" hai3="73,132,53,105,88,16,122,134,116,5,57,125,44"/><U39/><E131/><V29/><F121/><W35/><G122/><T95/><D109/><U33/><E110/><V28/><F128/><W54/><G73/><T112/><D1/><U123/><E123/><V106/><F14/><W21/><G35/><T70/><D32/><U68/><E7/><V52/><F133/><W11/><G105/><T74/><D135/><U6/><E6/><V25/><F126/><W92/><G44/><T45/><D95/><U90/><E47/><V75/><F48/><W56/><G56/><T36/><D103/><U85/><E77/><V34/><F34/><W80/><G80/><T63/><REACH who="0" step="1"/><D36/><REACH who="0" ten="314,93,189,394" step="2"/><U69/><E33/><V24/><F83/><W71/><G92/><T102/><D102/><U67/><E104/><V13/><F107/><W98/><G125/><T76/><D76/><U51/><E90/><V58/><F106/><W46/><G88/><T64/><AGARI ba="0,1" hai="45,50,55,59,60,63,64,65,70,74,79,82,112,114" machi="64" ten="30,2000,0" yaku="1,1,0,1,53,0" doraHai="96" doraHaiUra="3" who="0" fromWho="0" sc="314,30,93,-10,189,-5,394,-5" /><INIT seed="6,0,0,2,3,71" ten="344,83,184,389" oya="2" hai0="72,123,68,42,125,37,86,57,127,114,19,94,134" hai1="132,111,107,113,104,35,66,117,33,106,126,46,36" hai2="2,55,75,17,100,47,29,48,53,26,122,27,103" hai3="133,95,83,115,92,84,7,89,25,23,120,13,82"/><V65/><F122/><W56/><G133/><T109/><D19/><U15/><E15/><V54/><F2/><W43/><G115/><T73/><D86/><U4/><E4/><V59/><F75/><W44/><G56/><T0/><D94/><U67/><E67/><V24/><F29/><W60/><G60/><T3/><D57/><U110/><E66/><V10/><F65/><W116/><G116/><T130/><D42/><U52/><E117/><V96/><F96/><W34/><G34/><T45/><D45/><U28/><E52/><N who="2" m="29727" /><F59/><W99/><G120/><T31/><D31/><U63/><E63/><V16/><F10/><N who="3" m="4319" /><G44/><T12/><D12/><U32/><E113/><V70/><F70/><W76/><G43/><T101/><D73/><U91/><E91/><V119/><F119/><W22/><G76/><T121/><D3/><U118/><E118/><V105/><F105/><W108/><G23/><T79/><D123/><U9/><E9/><V38/><F38/><W20/><G20/><T30/><D30/><U5/><E5/><V69/><F69/><W49/><G49/><T124/><D68/><U87/><E87/><V39/><F39/><W51/><G51/><T88/><D121/><U90/><E90/><V97/><F97/><W18/><G108/><N who="1" m="41514" /><E132/><V41/><F41/><W62/><G62/><T8/><D134/><U14/><E28/><V112/><F112/><W93/><G99/><T50/><D114/><U58/><E36/><V85/><F85/><W64/><G64/><T74/><D109/><U131/><E46/><V98/><F98/><W102/><G102/><AGARI ba="0,0" hai="16,17,24,26,27,53,54,55,100,102,103" m="29727" machi="102" ten="30,11600,0" yaku="6,1,8,1,54,2" doraHai="71" who="2" fromWho="3" sc="344,0,83,0,184,116,389,-116" /><INIT seed="6,1,0,1,1,59" ten="344,83,300,273" oya="2" hai0="22,100,112,31,92,33,24,130,18,17,3,37,131" hai1="106,88,79,111,98,104,48,61,57,74,107,129,1" hai2="55,127,85,77,62,84,12,68,121,67,75,113,16" hai3="21,73,120,39,89,116,4,56,54,35,95,76,43"/><V7/><F121/><W71/><G35/><T30/><D37/><U135/><E1/><V78/><F7/><W45/><G116/><T60/><D112/><U23/><E111/><V26/><F113/><W49/><G120/><T69/><D100/><U86/><E135/><V46/><F26/><W117/><G117/><T87/><D92/><U38/><E38/><V0/><F0/><W34/><G34/><T118/><D87/><U132/><E132/><V109/><F109/><W63/><G4/><T32/><D118/><U40/><E129/><N who="0" m="49161" /><D3/><U25/><E74/><V101/><F101/><W81/><G21/><T14/><D60/><U10/><E10/><V99/><F99/><W93/><G89/><T102/><D69/><U126/><E126/><V44/><F127/><W133/><G133/><T110/><D102/><U97/><E79/><V28/><F28/><N who="0" m="10794" /><D110/><U91/><E91/><V36/><F36/><W119/><G119/><T20/><AGARI ba="1,0" hai="14,17,18,20,22,24,32,33" m="10794,49161" machi="20" ten="30,4000,0" yaku="19,1,34,2" doraHai="59" who="0" fromWho="0" sc="344,43,83,-11,300,-21,273,-11" /><INIT seed="7,0,0,2,2,83" ten="387,72,279,262" oya="3" hai0="76,71,26,96,115,50,82,124,19,134,119,1,56" hai1="125,64,101,81,84,120,32,58,126,100,53,55,47" hai2="118,123,133,45,108,43,74,132,79,94,63,23,116" hai3="30,8,107,40,24,51,10,109,89,42,73,97,4"/><W78/><G109/><T85/><D1/><U122/><E32/><V77/><F123/><W41/><G73/><T39/><D71/><U35/><E35/><V129/><F129/><W15/><G78/><T114/><D39/><U112/><E81/><N who="2" m="45239" /><F108/><W80/><G107/><T59/><D119/><U95/><E95/><V17/><F63/><W135/><G135/><N who="2" m="51785" /><F79/><W36/><G36/><T131/><D134/><U117/><E117/><V72/><F94/><W16/><G51/><T21/><D131/><U7/><E64/><V69/><F69/><W99/><G30/><T2/><D50/><U75/><E75/><V121/><F121/><W106/><G106/><T61/><D61/><U13/><E112/><V27/><F72/><W54/><G54/><T110/><D115/><U6/><E47/><V127/><F127/><W57/><G57/><T128/><D59/><U88/><E58/><V34/><F34/><W49/><G49/><AGARI ba="0,0" hai="17,23,27,43,45,49,116,118" m="51785,45239" machi="49" ten="30,1000,0" yaku="20,1" doraHai="83" who="2" fromWho="3" sc="387,0,72,0,279,10,262,-10" owari="387,49.0,72,-43.0,289,9.0,252,-15.0" /></mjloggm>