<mjloggm ver="2.3"><GO type="185" lobby="0"/><UN n0="%E3%82%8C%E3%81%99%E3%81%93" n1="%E8%8A%B1%E3%81%A1%E3%82%83%E3%82%93%E3%81%9A" n2="%E7%A9%BA%E3%81%AB%E8%8A%B1%E7%81%AB" n3="" dan="17,16,17,0" rate="2232.30,2118.83,2199.15,1500.00" sx="F,F,M,C"/><TAIKYOKU oya="0"/><INIT seed="0,0,0,4,1,105" ten="350,350,350,0" oya="0" hai0="85,104,94,87,114,57,126,119,133,68,106,52,58" hai1="128,110,88,33,101,72,78,134,47,100,2,0,96" hai2="130,102,36,32,1,48,109,111,82,122,37,45,3" hai3=""/><T41/><D114/><U46/><E33/><V35/><N who="2" m="31264" /><V49/><F82/><T91/><D119/><U73/><E110/><V121/><N who="2" m="31008" /><V135/><F102/><T108/><D68/><U42/><E128/><V56/><F56/><T62/><D133/><U98/><E78/><V118/><F135/><T124/><D108/><U89/><E134/><V90/><F90/><T115/><D115/><U53/><E53/><V79/><F45/><T75/><D75/><U84/><E84/><V69/><F118/><T113/><D113/><U132/><E132/><V86/><F69/><T131/><D131/><U112/><E112/><V123/><N who="2" m="31520" /><V107/><F86/><T127/><D41/><AGARI ba="0,0" hai="0,2,41,42,46,47,72,73,88,89,96,98,100,101" machi="41" ten="25,8000,1" yaku="22,2,52,2,54,1" doraHai="105" who="1" fromWho="0" sc="350,-80,350,80,350,0,0,0" /><INIT seed="1,0,0,0,1,64" ten="270,430,350,0" oya="1" hai0="75,118,40,88,89,80,42,100,3,61,77,109,95" hai1="92,46,65,117,33,71,59,74,57,37,110,94,91" hai2="34,68,129,45,96,66,120,103,50,97,101,38,106" hai3=""/><U115/><E117/><V98/><N who="2" m="30752" /><V125/><F34/><T116/><D3/><U130/><E33/><V73/><F73/><T53/><D100/><U86/><E115/><V90/><F129/><T84/><D109/><U81/><E130/><V107/><F125/><T126/><D126/><U72/><E110/><V108/><F38/><T123/><N who="0" m="31520" /><T39/><D89/><U127/><E127/><V56/><F56/><T131/><D131/><U47/><E37/><V122/><N who="2" m="31264" /><V85/><F108/><T104/><D104/><U44/><E59/><V67/><F68/><T70/><D53/><U112/><E112/><V55/><F97/><T133/><D133/><U105/><E105/><V41/><F41/><T69/><D61/><U128/><E57/><V124/><F124/><T48/><D39/><U54/><E54/><V2/><F2/><T78/><D78/><U35/><E35/><V49/><F49/><T135/><D135/><U83/><E128/><V62/><F62/><T58/><D58/><U1/><E1/><V51/><F51/><T121/><N who="0" m="31008" /><T119/><D42/><U52/><E52/><V43/><F55/><T111/><D111/><U60/><E72/><V63/><F63/><T102/><D102/><RYUUKYOKU ba="0,0" sc="270,0,430,0,350,0,0,0" hai0="40,48,69,70,75,77,80,84,88,95,116,118,119" hai1="44,46,47,60,65,71,74,81,83,86,91,92,94" hai2="43,45,50,66,67,85,90,96,98,101,103,106,107" /><INIT seed="1,1,0,3,5,113" ten="270,430,350,0" oya="1" hai0="76,64,129,98,130,125,78,94,126,60,67,40,32" hai1="82,79,112,38,114,101,109,43,132,69,65,89,85" hai2="121,53,75,63,103,127,48,77,116,51,35,46,61" hai3=""/><U71/><E101/><V88/><N who="2" m="31008" /><V99/><F35/><T50/><D32/><U54/><E132/><V49/><F127/><N who="0" m="48650" /><D40/><U70/><E65/><N who="0" m="25161" /><D50/><U93/><E109/><V100/><F116/><T96/><D60/><U39/><E54/><V36/><F36/><T56/><D56/><U55/><E55/><V87/><F75/><T44/><D44/><U91/><E114/><V41/><F77/><N who="0" m="29802" /><D94/><U128/><E112/><V37/><F53/><T133/><D133/><U92/><E43/><V45/><F45/><T74/><D74/><U97/><REACH who="1" step="1"/><E128/><AGARI ba="1,0" hai="96,98,128,129,130" m="29802,25161,48650" machi="128" ten="40,8000,1" yaku="28,2,19,1,18,1" doraHai="113" who="0" fromWho="1" sc="270,82,430,-82,350,0,0,0" /><INIT seed="2,0,0,4,1,91" ten="352,348,350,0" oya="2" hai0="105,68,63,123,74,43,78,94,135,92,50,120,110" hai1="102,80,60,64,79,46,81,69,33,59,129,115,98" hai2="54,87,1,104,107,133,116,56,130,83,82,118,76" hai3=""/><V40/><F1/><T106/><N who="0" m="30752" /><T122/><N who="0" m="31264" /><T53/><N who="0" m="31520" /><T57/><D110/><U84/><E115/><V134/><F40/><T132/><D78/><U114/><E129/><V42/><F42/><T34/><D74/><U127/><E127/><V101/><F130/><T97/><D34/><U124/><E124/><V113/><F113/><T96/><D105/><N who="2" m="40522" /><F56/><T90/><D106/><U99/><E114/><V117/><F54/><T119/><D119/><N who="2" m="30466" /><V51/><DORA hai="71" /><F51/><T112/><D112/><U77/><E69/><V35/><F35/><T67/><REACH who="0" step="1"/><D43/><REACH who="0" ten="342,348,350,0" step="2"/><U125/><E33/><V85/><F101/><AGARI ba="0,1" hai="50,53,57,63,67,68,90,92,94,96,97,101,132,135" m="31520,31264,30752" machi="101" ten="40,16000,3" yaku="1,1,2,1,52,5,53,1" doraHai="91,71" doraHaiUra="86,39" who="0" fromWho="2" sc="342,170,348,0,350,-160,0,0" /><INIT seed="4,0,0,3,4,74" ten="512,348,190,0" oya="0" hai0="38,33,0,99,125,88,127,109,133,1,134,58,135" hai1="40,110,126,41,124,65,62,75,57,39,78,100,128" hai2="130,64,95,92,103,113,50,104,118,116,83,59,114" hai3=""/><T121/><N who="0" m="31008" /><T112/><D33/><U129/><E110/><V56/><F104/><T69/><D69/><U97/><E75/><V44/><F83/><T34/><D34/><U46/><E41/><V84/><F84/><T98/><D109/><U85/><E85/><V108/><F64/><T3/><D112/><U82/><E82/><V66/><F66/><T119/><D119/><N who="2" m="45610" /><F103/><T54/><D38/><U80/><E80/><V52/><F108/><T49/><REACH who="0" step="1"/><D88/><REACH who="0" ten="502,348,190,0" step="2"/><U47/><E39/><V101/><F130/><T93/><D93/><N who="2" m="35914" /><F101/><T72/><D72/><U70/><E100/><V94/><N who="2" m="35922" /><V105/><DORA hai="131" /><F105/><T76/><D76/><U107/><E78/><V63/><F114/><T68/><D68/><U132/><E70/><V89/><F113/><T86/><D86/><U120/><N who="1" m="30752" /><U102/><E129/><V37/><F89/><T51/><D51/><U77/><E128/><V91/><F91/><T43/><D43/><U111/><E111/><V45/><F37/><T60/><D60/><U73/><E62/><V61/><F50/><T53/><D53/><U35/><E35/><V36/><F36/><T2/><N who="0" m="0" /><DORA hai="122" /><T55/><D55/><U71/><E71/><V81/><F81/><T96/><AGARI ba="0,1" hai="49,54,58,96,98,99,125,127,133,134,135" m="0,31008" machi="96" ten="70,24000,4" yaku="1,1,5,1,0,1,29,2,20,1,52,4,53,1" doraHai="74,131,122" doraHaiUra="87,48,67" who="0" fromWho="0" sc="502,250,348,-120,190,-120,0,0" /><INIT seed="4,1,0,0,2,80" ten="752,228,70,0" oya="0" hai0="77,40,90,125,135,3,118,102,78,123,44,120,0" hai1="61,73,53,45,85,92,112,62,68,52,54,49,119" hai2="130,55,67,71,37,72,100,132,89,99,107,83,34" hai3=""/><T126/><N who="0" m="30752" /><T1/><N who="0" m="31520" /><T117/><D135/><U105/><E105/><V75/><F34/><T111/><D102/><U33/><E33/><V94/><F37/><T87/><D111/><U121/><N who="1" m="31008" /><U106/><E106/><V59/><F130/><T108/><D108/><U104/><E104/><V82/><F132/><T38/><D78/><U39/><E73/><V41/><F67/><T70/><D77/><U43/><E119/><V110/><F41/><T63/><D63/><U97/><E85/><V134/><F71/><T98/><D98/><U116/><E116/><V58/><F110/><T124/><D70/><U51/><E112/><V133/><F100/><T129/><D129/><U95/><E95/><AGARI ba="1,0" hai="0,1,3,38,40,44,87,90,95,117,118,124,125,126" m="31520,30752" machi="95" ten="50,12000,1" yaku="18,1,52,3" doraHai="80" who="0" fromWho="1" sc="752,122,228,-122,70,0,0,0" /><INIT seed="4,2,0,1,4,33" ten="874,106,70,0" oya="0" hai0="115,73,60,128,114,62,104,42,134,98,52,97,93" hai1="81,56,49,90,99,126,107,132,54,3,59,58,80" hai2="105,63,96,69,77,37,34,46,41,110,112,122,124" hai3=""/><T100/><D134/><U1/><E132/><V113/><N who="2" m="31264" /><V85/><F34/><T32/><D32/><U130/><E126/><V50/><F124/><T108/><D128/><U39/><E39/><V44/><F110/><T95/><D73/><U72/><E130/><V2/><F2/><T65/><D108/><U36/><E36/><V116/><F116/><T117/><D117/><U89/><E72/><V84/><F96/><T91/><D42/><U55/><E59/><V70/><F105/><T48/><D104/><U47/><E47/><V75/><F75/><T120/><N who="0" m="30752" /><T109/><D109/><U0/><E107/><V123/><N who="2" m="31520" /><V35/><F35/><T53/><D53/><U45/><E45/><V86/><F77/><T82/><D82/><U127/><E127/><V40/><REACH who="2" step="1"/><F63/><REACH who="2" ten="874,106,60,0" step="2"/><T83/><D62/><U121/><N who="1" m="31008" /><U118/><E118/><V61/><F61/><T106/><D106/><U43/><E99/><V38/><F38/><T66/><D60/><U71/><E0/><V68/><AGARI ba="2,1" hai="37,40,41,44,46,50,68,69,70,84,85,86,112,113" m="31520,31264" machi="68" ten="40,6000,1" yaku="1,1,0,1,52,2,53,0" doraHai="33" doraHaiUra="76" who="2" fromWho="2" sc="874,-42,106,-22,60,74,0,0" /><INIT seed="5,0,0,4,2,87" ten="832,84,134,0" oya="1" hai0="75,49,61,83,69,90,95,51,94,3,123,60,64" hai1="113,47,116,53,103,127,50,34,48,71,115,38,111" hai2="122,43,41,86,134,96,76,1,125,133,102,55,59" hai3=""/><U114/><E34/><V92/><N who="2" m="31264" /><V101/><F1/><T36/><N who="0" m="31520" /><T46/><D36/><U109/><E116/><V97/><F125/><T89/><D3/><U126/><E103/><V135/><F86/><T0/><D0/><U45/><E71/><V129/><F76/><T105/><D105/><U80/><E80/><V67/><F67/><T32/><D32/><U35/><E38/><V33/><F33/><T85/><D61/><U74/><E74/><V98/><F129/><T79/><D46/><U128/><E128/><V62/><REACH who="2" step="1"/><F97/><AGARI ba="0,0" hai="49,51,60,64,69,75,79,83,85,89,90,94,95,97" m="31520" machi="97" ten="30,7700,0" yaku="7,1,52,3" doraHai="87" who="0" fromWho="2" sc="832,77,84,0,134,-77,0,0" /><INIT seed="6,0,0,2,4,120" ten="909,84,57,0" oya="2" hai0="61,41,44,42,111,102,113,2,36,1,37,38,84" hai1="125,52,33,108,123,124,60,119,74,127,55,64,133" hai2="92,132,73,57,131,97,49,99,0,43,3,81,39" hai3=""/><V83/><F131/><T54/><D111/><U94/><N who="1" m="31520" /><U100/><E108/><V86/><F132/><T32/><D32/><U134/><E74/><V45/><F39/><T72/><D72/><U85/><E33/><V110/><F110/><T70/><D113/><U48/><E119/><V63/><F73/><T114/><D114/><U115/><E115/><V65/><F97/><T76/><D102/><U91/><E100/><V105/><F105/><T67/><D54/><N who="1" m="20523" /><E48/><V77/><REACH who="2" step="1"/><F81/><REACH who="2" ten="909,84,47,0" step="2"/><T80/><D37/><U107/><E107/><V90/><AGARI ba="0,1" hai="0,3,43,45,49,57,63,65,77,83,86,90,92,99" machi="90" ten="20,5200,0" yaku="1,1,2,1,0,1,7,1,53,0" doraHai="120" doraHaiUra="128" who="2" fromWho="2" sc="909,-26,84,-26,47,62,0,0" /><INIT seed="6,1,0,3,2,54" ten="883,58,109,0" oya="2" hai0="106,116,130,75,74,114,46,73,72,0,61,88,97" hai1="128,92,111,81,99,52,78,56,124,41,104,122,66" hai2="65,123,59,127,50,33,79,134,126,69,57,98,83" hai3=""/><V38/><N who="2" m="31520" /><V48/><F33/><T39/><D0/><U80/><N who="1" m="31264" /><U44/><E111/><V100/><F38/><T64/><D116/><U93/><E128/><V84/><F134/><T62/><D130/><U49/><E124/><N who="2" m="47659" /><F69/><T110/><D110/><U42/><E104/><V71/><F71/><T119/><D106/><U108/><E108/><V115/><F115/><T53/><D119/><U86/><E81/><V67/><F50/><T82/><D114/><U102/><E93/><V129/><F129/><T55/><D39/><U107/><E107/><V132/><F132/><T133/><D133/><U37/><E37/><V85/><F84/><T1/><D74/><U118/><E118/><V51/><F51/><T43/><D73/><U36/><E36/><V131/><F48/><T90/><D72/><U2/><E2/><V121/><N who="2" m="31008" /><V45/><F45/><T95/><D1/><U96/><E96/><V125/><F131/><T120/><D75/><U58/><E58/><N who="2" m="22027" /><F125/><T113/><D113/><U60/><AGARI ba="1,0" hai="41,42,44,49,52,56,60,66,78,80,86,92,99,102" m="31264" machi="60" ten="30,6000,1" yaku="0,1,8,1,52,2,54,1" doraHai="54" who="1" fromWho="1" sc="883,-21,58,62,109,-41,0,0" owari="862,81.0,120,-28.0,68,-53.0,0,0.0" /></mjloggm>