<mjloggm ver="2.3"><GO type="169" lobby="0"/><UN n0="%E3%82%B5%E3%83%B3%26%E3%83%A0%E3%83%BC%E3%83%B3" n1="%E3%83%93%E3%83%81%E3%83%A3%E5%B1%B1%E3%83%93%E3%83%81%E3%83%A3%E7%94%B7" n2="%E3%83%A4%E3%83%8A%E3%83%AA%E3%83%B3%E3%82%B9%E3%82%AD%E3%83%BC" n3="%67%2D%65%6E%6B%69" dan="17,16,17,17" rate="2152.40,2009.62,2141.81,2210.33" sx="M,M,M,M"/><TAIKYOKU oya="0"/><INIT seed="0,0,0,5,3,94" ten="250,250,250,250" oya="0" hai0="38,25,11,71,23,112,30,32,51,86,20,18,97" hai1="126,10,24,6,37,125,0,101,13,109,92,21,75" hai2="113,108,49,130,65,118,33,110,12,39,58,115,128" hai3="80,83,14,9,79,131,54,88,133,78,74,132,135"/><T34/><D38/><U27/><E75/><V4/><F33/><W104/><G54/><T8/><D71/><U35/><E37/><V45/><F12/><W44/><G44/><T129/><D112/><N who="2" m="43082" /><F4/><W1/><G1/><T64/><D64/><U19/><E109/><N who="2" m="42091" /><F118/><W84/><G104/><T105/><D129/><N who="2" m="49770" /><F39/><W91/><G131/><T106/><D32/><U36/><E36/><V68/><F68/><W111/><G111/><T41/><D23/><U117/><E117/><V66/><F58/><W120/><G120/><T60/><D106/><U116/><E116/><V95/><F95/><W100/><REACH who="3" step="1"/><G100/><REACH who="3" ten="250,250,250,240" step="2"/><T89/><D105/><U31/><E101/><V122/><F122/><W42/><G42/><AGARI ba="0,1" hai="42,45,49,65,66" m="49770,42091,43082" machi="42" ten="40,8000,1" yaku="14,1,19,1,34,2" doraHai="94" who="2" fromWho="3" sc="250,0,250,0,250,90,240,-80" /><INIT seed="1,0,0,1,5,107" ten="250,250,340,160" oya="1" hai0="42,69,79,110,58,98,3,96,53,87,121,88,119" hai1="26,63,38,67,130,14,120,125,109,134,123,104,19" hai2="37,99,126,34,92,0,128,9,94,117,108,70,84" hai3="115,31,89,2,10,39,20,47,85,46,1,103,41"/><U105/><E26/><V48/><F37/><W7/><G115/><T13/><D3/><U36/><E19/><V74/><F117/><W118/><G118/><T56/><D119/><U106/><E14/><V101/><F70/><W86/><G1/><T72/><D69/><U131/><E125/><V97/><F34/><W57/><G47/><T6/><D42/><U24/><E24/><V71/><F71/><W135/><G135/><T122/><D58/><U52/><E52/><V66/><F66/><W33/><G33/><T116/><D116/><U51/><E51/><V27/><F84/><W75/><G103/><T5/><D13/><U18/><E18/><V81/><F27/><W124/><G124/><T43/><D43/><U133/><E63/><V50/><F128/><N who="1" m="49193" /><E67/><V12/><F0/><W44/><G31/><T114/><D114/><U90/><E90/><V82/><F126/><W95/><G46/><T129/><D129/><U17/><E17/><V83/><F48/><W22/><G57/><T76/><D56/><U21/><E21/><V68/><F50/><W132/><G132/><N who="1" m="50794" /><E109/><V111/><F68/><W8/><G8/><T80/><D53/><U64/><E64/><V28/><F28/><W25/><G22/><T112/><D110/><N who="2" m="42026" /><F12/><W60/><G60/><T11/><D112/><U78/><E78/><N who="2" m="44247" /><F9/><W127/><G127/><T40/><D11/><U91/><E91/><AGARI ba="0,0" hai="82,83,91,92,94,97,99,101" m="44247,42026" machi="91" ten="30,7700,0" yaku="14,1,34,2,52,1" doraHai="107" who="2" fromWho="1" sc="250,0,250,-77,340,77,160,0" /><INIT seed="2,0,0,1,0,39" ten="250,173,417,160" oya="2" hai0="42,124,66,20,127,25,24,93,82,49,90,69,36" hai1="88,12,1,0,92,103,84,35,96,119,67,62,34" hai2="110,97,30,77,98,135,4,15,57,61,133,76,50" hai3="101,130,10,43,116,16,107,44,17,68,73,118,86"/><V70/><F70/><W81/><G68/><T14/><D36/><U117/><E12/><V18/><F4/><W120/><G120/><T106/><D106/><U3/><E35/><V11/><F30/><W54/><G130/><T80/><D69/><U60/><E34/><V58/><F50/><W41/><G73/><T33/><D66/><U53/><E53/><V99/><F110/><W63/><G101/><T7/><D33/><U105/><REACH who="1" step="1"/><E67/><REACH who="1" ten="250,163,417,160" step="2"/><V46/><F133/><W83/><G116/><AGARI ba="0,1" hai="0,1,3,60,62,84,88,92,96,103,105,116,117,119" machi="116" ten="50,6400,0" yaku="1,1,2,1,54,1,53,0" doraHai="39" doraHaiUra="47" who="1" fromWho="3" sc="250,0,163,74,417,0,160,-64" /><INIT seed="3,0,0,3,2,12" ten="250,237,417,96" oya="3" hai0="91,103,68,94,33,92,59,79,100,107,30,122,23" hai1="99,18,123,21,63,42,7,111,4,38,132,115,61" hai2="43,126,51,105,2,37,47,8,58,36,24,17,22" hai3="73,62,5,31,72,85,57,13,89,96,10,29,49"/><W44/><G96/><T69/><D122/><U130/><E123/><V95/><F105/><W27/><G72/><T1/><D1/><U129/><E115/><V108/><F126/><W104/><G104/><T15/><D107/><U124/><E111/><V86/><F108/><W67/><G73/><T53/><D79/><U114/><E114/><V16/><F58/><W75/><G75/><T84/><D33/><U78/><E78/><V97/><F86/><W134/><G134/><T110/><D110/><U34/><E34/><V88/><REACH who="2" step="1"/><F17/><REACH who="2" ten="250,237,407,96" step="2"/><W83/><REACH who="3" step="1"/><G27/><REACH who="3" ten="250,237,407,86" step="2"/><N who="0" m="16767" /><D84/><U80/><E99/><V120/><F120/><W6/><G6/><AGARI ba="0,2" hai="2,6,8,16,22,24,36,37,43,47,51,88,95,97" machi="6" ten="40,8000,1" yaku="1,1,52,1,54,2,53,0" doraHai="12" doraHaiUra="127" who="2" fromWho="3" sc="250,0,237,0,407,100,86,-80" /><INIT seed="4,0,0,5,4,132" ten="250,237,507,6" oya="0" hai0="108,112,26,72,59,64,22,78,68,110,128,120,0" hai1="99,45,4,86,20,127,114,47,35,25,94,39,34" hai2="75,101,42,44,31,50,3,15,17,29,71,5,56" hai3="37,69,90,76,9,82,24,87,105,131,74,63,93"/><T118/><D0/><U66/><E127/><V123/><F71/><W133/><G24/><T83/><D118/><U79/><E4/><V88/><F75/><W6/><G63/><N who="0" m="39967" /><D120/><U1/><E114/><V102/><F3/><W58/><G58/><T65/><D59/><U12/><E1/><V103/><F5/><W95/><G9/><T89/><D89/><U97/><E12/><V119/><F123/><W81/><G6/><T117/><D65/><U96/><E66/><V134/><F134/><W19/><G19/><N who="0" m="12639" /><D117/><U48/><E39/><V52/><F88/><N who="3" m="53407" /><G69/><T121/><D121/><U61/><E61/><N who="2" m="35975" /><F119/><W27/><G27/><T53/><D53/><U8/><E8/><AGARI ba="0,0" hai="8,15,17,29,31,42,44,50,101,102,103" m="35975" machi="8" ten="30,2000,0" yaku="8,1,54,1" doraHai="132" who="2" fromWho="1" sc="250,0,237,-20,507,20,6,0" /><INIT seed="5,0,0,4,1,81" ten="250,217,527,6" oya="1" hai0="14,108,106,97,70,32,8,118,91,83,123,51,53" hai1="23,79,55,104,7,89,40,46,60,130,132,107,17" hai2="52,114,43,45,88,28,16,102,127,30,36,131,44" hai3="129,112,119,11,6,121,93,86,65,35,10,92,115"/><U94/><E132/><V84/><F102/><W101/><G121/><T22/><D108/><U122/><E130/><V100/><F100/><W31/><G65/><T58/><D32/><U113/><E113/><N who="3" m="43594" /><G129/><T5/><D70/><U71/><E79/><V27/><F131/><W90/><G119/><T116/><D123/><U57/><E7/><V72/><F72/><W12/><G31/><T39/><D39/><U98/><E71/><V18/><F30/><W66/><G66/><T41/><D41/><U50/><REACH who="1" step="1"/><E122/><REACH who="1" ten="250,207,527,6" step="2"/><V15/><F114/><W9/><G35/><T62/><D106/><U124/><E124/><V56/><F127/><W99/><AGARI ba="0,1" hai="6,9,10,11,12,86,90,92,93,99,101" m="43594" machi="99" ten="30,2000,0" yaku="15,1,52,1" doraHai="81" who="3" fromWho="3" sc="250,-5,207,-10,527,-5,6,30" /><INIT seed="6,0,0,2,2,7" ten="245,197,522,36" oya="2" hai0="1,116,105,64,37,66,50,0,51,71,25,19,117" hai1="13,123,60,32,132,81,24,35,17,29,131,18,2" hai2="42,107,118,43,44,109,41,55,122,112,134,101,69" hai3="108,11,61,97,6,45,39,20,84,15,54,16,57"/><V133/><F101/><W125/><G125/><T92/><D37/><U65/><E2/><N who="0" m="1129" /><D92/><U94/><E131/><V124/><F107/><W70/><G108/><T110/><D105/><U121/><E132/><N who="2" m="50795" /><F118/><N who="0" m="45674" /><D71/><U75/><E35/><V58/><F122/><W74/><G74/><T114/><D110/><U93/><E18/><V86/><F86/><W14/><G70/><T130/><D19/><U76/><E60/><N who="2" m="35935" /><F109/><W12/><G84/><T106/><D106/><U127/><E127/><V113/><F124/><W46/><G39/><T56/><D56/><U48/><E65/><N who="0" m="25193" /><D25/><U62/><E62/><V47/><F69/><W96/><REACH who="3" step="1"/><G12/><REACH who="3" ten="245,197,522,26" step="2"/><T103/><D130/><U59/><E121/><V73/><F73/><W52/><G52/><T10/><D114/><AGARI ba="0,1" hai="41,42,43,44,47,112,113,114" m="35935,50795" machi="114" ten="40,12000,1" yaku="15,1,20,1,34,2" doraHai="7" who="2" fromWho="0" sc="245,-120,197,0,522,130,26,0" /><INIT seed="6,1,0,1,1,20" ten="125,197,652,26" oya="2" hai0="46,132,85,21,41,75,53,28,67,96,127,68,24" hai1="78,91,25,32,115,98,116,54,134,81,65,14,133" hai2="9,51,123,119,103,45,44,55,4,26,43,1,50" hai3="6,111,79,109,2,105,12,83,135,31,108,92,128"/><V100/><F119/><W104/><G2/><T61/><D127/><U76/><E116/><V106/><F123/><W38/><G38/><T73/><D132/><N who="1" m="50795" /><E65/><V102/><REACH who="2" step="1"/><F26/><REACH who="2" ten="125,197,642,26" step="2"/><W7/><G135/><T87/><D24/><U89/><E25/><V17/><F17/><W130/><G31/><T13/><D28/><U121/><E121/><V66/><F66/><W23/><G6/><T129/><D67/><U114/><E114/><V112/><F112/><W39/><G39/><T52/><D129/><U118/><E115/><V99/><AGARI ba="1,1" hai="1,4,9,43,44,45,50,51,55,99,100,102,103,106" machi="99" ten="30,3000,0" yaku="1,1,0,1,53,0" doraHai="20" doraHaiUra="19" who="2" fromWho="2" sc="125,-11,197,-11,642,43,26,-11" /><INIT seed="6,2,0,3,4,58" ten="114,186,685,15" oya="2" hai0="3,30,82,113,69,57,55,105,36,67,24,81,50" hai1="95,120,68,128,93,96,34,46,25,123,104,32,87" hai2="21,75,90,64,47,73,125,98,83,119,132,76,60" hai3="89,101,9,43,135,107,117,16,15,112,114,1,27"/><V124/><F119/><W122/><G122/><N who="1" m="46634" /><E128/><V99/><F75/><W71/><G117/><T116/><D116/><U62/><E46/><V7/><F7/><W100/><G135/><T70/><D3/><U72/><E72/><V127/><F132/><W23/><G107/><T84/><D105/><U66/><E25/><V59/><F90/><W80/><G1/><T12/><D113/><N who="3" m="43625" /><G43/><T133/><D133/><U14/><E14/><V103/><F103/><N who="3" m="39499" /><G71/><T110/><D110/><U4/><E4/><V48/><REACH who="2" step="1"/><F21/><REACH who="2" ten="114,186,675,15" step="2"/><W115/><N who="3" m="43633" /><W130/><DORA hai="111" /><G130/><T11/><D11/><U28/><E32/><V126/><F126/><W22/><G27/><T20/><D24/><U118/><E118/><V6/><F6/><W53/><G53/><AGARI ba="2,1" hai="47,48,53,59,60,64,73,76,83,98,99,124,125,127" machi="53" ten="40,12000,1" yaku="1,1,18,1,52,1,53,2" doraHai="58,111" doraHaiUra="78,56" who="2" fromWho="3" sc="114,0,186,0,675,136,15,-126" owari="114,-29.0,186,-1.0,811,91.0,-111,-61.0" /></mjloggm>