<mjloggm ver="2.3"><GO type="225" lobby="0"/><UN n0="%E5%85%94%E6%96%AF%E5%9F%BA" n1="%E7%B4%AB%E3%81%AE%E9%8F%A1" n2="%70%68%65%6E%6F%6D%65" n3="%E3%81%AA%E3%82%81%E3%81%93%E9%9B%80%E5%A3%AB" dan="17,18,17,16" rate="2187.26,2280.95,2194.09,2065.36" sx="M,M,M,M"/><TAIKYOKU oya="0"/><INIT seed="0,0,0,5,3,35" ten="250,250,250,250" oya="0" hai0="45,17,48,2,56,78,60,134,40,92,18,12,43" hai1="23,57,87,80,114,52,46,66,131,69,124,104,5" hai2="88,41,13,9,59,83,86,61,128,133,10,113,47" hai3="111,70,102,33,75,29,85,25,16,39,54,100,105"/><T94/><D134/><U121/><E121/><V115/><F133/><W7/><G75/><T28/><D2/><U62/><E104/><V64/><F128/><W132/><G39/><T37/><D28/><U30/><E131/><V84/><F84/><W50/><G132/><T65/><D18/><U4/><E124/><V96/><F96/><W8/><G70/><T135/><D135/><U68/><E114/><V98/><F98/><W63/><G63/><T32/><D32/><U34/><E34/><V112/><REACH who="2" step="1"/><F13/><REACH who="2" ten="250,250,240,250" step="2"/><W0/><G85/><T71/><D78/><U107/><E87/><V103/><F103/><W123/><G123/><T55/><REACH who="0" step="1"/><D40/><REACH who="0" ten="240,250,240,250" step="2"/><U24/><E30/><V42/><F42/><W119/><G29/><T6/><D6/><U27/><E4/><V82/><F82/><W116/><G7/><T125/><D125/><U19/><E80/><V127/><F127/><W130/><G130/><T93/><D93/><U90/><E5/><V36/><AGARI ba="0,2" hai="9,10,36,41,47,59,61,64,83,86,88,112,113,115" machi="36" ten="30,4000,0" yaku="1,1,0,1,54,1,53,0" doraHai="35" doraHaiUra="21" who="2" fromWho="2" sc="240,-20,250,-10,240,60,250,-10" /><INIT seed="1,0,0,5,3,102" ten="220,240,300,240" oya="1" hai0="120,67,36,29,28,125,56,89,55,84,6,116,43" hai1="121,133,101,88,131,127,23,27,18,90,22,110,24" hai2="85,132,106,5,81,30,35,3,100,1,87,51,135" hai3="77,65,64,21,123,75,114,58,66,78,76,82,104"/><U2/><E121/><V34/><F30/><W26/><G123/><T98/><D120/><U49/><E2/><N who="2" m="523" /><F5/><W41/><G114/><T129/><D6/><U0/><E0/><V59/><F51/><W10/><G10/><T44/><D116/><U107/><E127/><V60/><F100/><W113/><G113/><T118/><D118/><U48/><E131/><V45/><F45/><W9/><G9/><T97/><D129/><U111/><E101/><V4/><F4/><W105/><G41/><T52/><D125/><U126/><E126/><V17/><F17/><W11/><G11/><T62/><D28/><U91/><E107/><V19/><F19/><W93/><G21/><N who="1" m="7690" /><E18/><V117/><F106/><W37/><G26/><N who="1" m="9770" /><E133/><N who="2" m="51275" /><F117/><W86/><G58/><T109/><D29/><U20/><N who="1" m="7698" /><U13/><DORA hai="54" /><E13/><V83/><F34/><W130/><G130/><T38/><D38/><U68/><E68/><V70/><F70/><W112/><G37/><T39/><D39/><U46/><E46/><V122/><F35/><W57/><G112/><T7/><D7/><U8/><E8/><V50/><F122/><W61/><G105/><T32/><D32/><U72/><E72/><V14/><F14/><W80/><G104/><T42/><D36/><U69/><E69/><V92/><F85/><W16/><G16/><T71/><D84/><U33/><E33/><V74/><F74/><W119/><G119/><T73/><D73/><U15/><E15/><V108/><F87/><W95/><REACH who="3" step="1"/><G78/><REACH who="3" ten="220,240,300,230" step="2"/><T31/><D71/><U103/><E103/><V94/><F59/><W79/><G79/><RYUUKYOKU ba="0,1" sc="220,-15,240,15,300,-15,230,15" hai1="48,49,88,90,91,110,111" hai3="57,61,64,65,66,75,76,77,80,82,86,93,95" /><INIT seed="1,1,1,1,5,101" ten="205,255,285,245" oya="1" hai0="43,16,70,35,36,130,83,28,49,66,111,72,59" hai1="15,8,56,99,128,125,65,132,11,53,116,82,14" hai2="92,64,46,81,87,119,33,127,58,109,48,34,108" hai3="3,114,115,68,131,103,6,51,100,89,69,104,23"/><U50/><E116/><V110/><F127/><W60/><G131/><T45/><D111/><U97/><E128/><V122/><F122/><W78/><G78/><N who="0" m="44487" /><D28/><U71/><E125/><V24/><F119/><W13/><G51/><T41/><D41/><U118/><E118/><V88/><F24/><W20/><G20/><T80/><D80/><U113/><E113/><V19/><F19/><W25/><G13/><N who="1" m="4618" /><E71/><V77/><F58/><W94/><G69/><T102/><D102/><U21/><E65/><V17/><F17/><W134/><G103/><T63/><D16/><U12/><E82/><V40/><REACH who="2" step="1"/><F64/><REACH who="2" ten="205,255,275,245" step="2"/><W93/><G25/><T90/><D130/><U32/><E56/><V95/><F95/><W4/><G94/><T0/><D35/><U2/><E32/><V44/><F44/><W5/><G93/><T39/><D70/><U96/><E21/><V30/><F30/><W124/><G23/><T112/><D66/><U26/><E26/><V55/><F55/><W22/><G22/><T79/><D59/><N who="1" m="33207" /><E11/><V9/><F9/><W91/><G124/><T106/><D45/><U98/><N who="1" m="24576" /><DORA hai="86" /><U120/><E120/><V74/><AGARI ba="1,2" hai="33,34,40,46,48,74,77,81,87,88,92,108,109,110" machi="74" ten="30,12000,2" yaku="1,1,0,1,14,1,52,1,54,1,53,1" doraHai="101,86" doraHaiUra="57,47" who="2" fromWho="2" sc="205,-31,255,-61,275,143,245,-31" /><INIT seed="2,0,0,4,4,135" ten="174,194,418,214" oya="2" hai0="48,61,75,8,113,51,43,72,125,35,40,107,74" hai1="39,128,126,97,62,9,118,29,6,68,67,41,49" hai2="91,81,105,117,15,64,121,123,94,119,63,87,90" hai3="18,57,100,84,127,28,13,130,103,104,110,83,106"/><V16/><F105/><W58/><G106/><T77/><D113/><U52/><E118/><V101/><F101/><W46/><G127/><T19/><D35/><U122/><E126/><V99/><F123/><W50/><G110/><T23/><D77/><U42/><E122/><V53/><F53/><W11/><G28/><T34/><D34/><U33/><E128/><V131/><F131/><W66/><G104/><T78/><D78/><U14/><E97/><V3/><F3/><W1/><G1/><T133/><D107/><U73/><E73/><V108/><F108/><W79/><G130/><T70/><D8/><U30/><E33/><V24/><F24/><W31/><G31/><T22/><D133/><U114/><E114/><V5/><F5/><W0/><G0/><T17/><D74/><U102/><E102/><N who="3" m="38954" /><G66/><T47/><D47/><N who="1" m="23999" /><E42/><AGARI ba="0,0" hai="11,13,18,42,46,50,57,58,79,83,84" m="38954" machi="42" ten="30,1000,0" yaku="8,1" doraHai="135" who="3" fromWho="1" sc="174,0,194,-10,418,0,214,10" /><INIT seed="3,0,0,5,4,8" ten="174,184,418,224" oya="3" hai0="40,15,120,111,82,48,84,112,0,97,28,65,64" hai1="125,2,11,74,124,23,50,26,85,67,86,19,90" hai2="54,109,5,70,76,132,56,104,52,12,33,62,129" hai3="20,78,25,71,21,69,61,92,75,119,115,58,94"/><W106/><G106/><T32/><D0/><U18/><E74/><V103/><F33/><W101/><G115/><T105/><D120/><U59/><E85/><V108/><F70/><W3/><G3/><T7/><D112/><U93/><E2/><V57/><F76/><W27/><G78/><N who="0" m="46167" /><D111/><U13/><REACH who="1" step="1"/><E50/><REACH who="1" ten="174,174,418,224" step="2"/><V73/><F103/><W117/><G101/><N who="0" m="62639" /><D32/><U29/><E29/><V128/><F104/><W42/><G75/><T95/><D28/><U10/><E10/><N who="2" m="4175" /><F132/><W100/><G100/><T38/><D38/><U39/><E39/><V107/><F107/><W79/><G119/><T135/><D135/><U99/><E99/><V43/><F43/><W91/><G42/><T122/><D122/><U24/><E24/><V83/><F83/><W36/><G27/><T88/><D95/><U68/><E68/><V37/><F37/><W113/><G25/><T34/><D34/><U96/><E96/><V66/><F73/><W31/><G36/><T98/><D98/><U131/><E131/><N who="2" m="50251" /><F54/><W53/><G53/><T63/><D40/><U4/><E4/><V89/><F89/><W130/><G91/><T127/><D88/><U45/><E45/><V1/><F1/><W114/><G71/><T81/><D81/><U133/><E133/><V134/><F134/><W46/><G69/><T87/><D7/><U6/><E6/><V30/><F30/><W55/><G130/><T35/><D35/><U126/><E126/><V116/><F116/><W16/><G117/><T22/><D127/><U17/><E17/><V51/><AGARI ba="0,1" hai="51,52,56,57,62,66,108,109" m="50251,4175" machi="51" ten="30,4000,0" yaku="19,1,52,1,54,1" doraHai="8" who="2" fromWho="2" sc="174,-10,174,-10,418,50,224,-20" owari="164,-24.0,164,-34.0,468,58.0,204,0.0" /></mjloggm>