<mjloggm ver="2.3"><GO type="169" lobby="0"/><UN n0="%52%35" n1="%63%65%73%39" n2="%E4%BF%BA%E3%81%A7%E3%81%99" n3="%E3%81%8F%E3%81%8E%E3%82%85%E3%81%86%E3%81%86%E3%81%86%E3%81%86" dan="16,16,16,17" rate="2205.30,2128.49,2022.81,2244.91" sx="M,M,M,M"/><TAIKYOKU oya="0"/><INIT seed="0,0,0,2,4,82" ten="250,250,250,250" oya="0" hai0="74,84,23,63,29,77,17,81,42,60,64,47,130" hai1="92,4,107,13,109,119,94,121,39,102,68,12,53" hai2="48,129,95,49,90,122,31,44,8,16,10,37,111" hai3="100,86,14,55,127,59,112,76,15,132,135,96,91"/><T69/><D130/><U115/><E119/><V54/><F111/><W75/><G112/><T11/><D63/><U79/><E121/><V72/><F122/><W93/><G127/><T105/><D105/><U36/><E68/><V6/><F72/><W85/><G14/><T9/><D29/><U98/><E109/><V28/><F37/><W114/><G15/><T80/><D23/><U124/><E124/><V131/><F131/><W52/><G114/><T2/><D17/><U41/><E115/><V87/><F16/><W128/><G128/><T101/><D101/><U70/><E70/><V103/><F103/><W71/><G71/><T66/><D66/><U89/><E79/><V116/><F116/><W45/><G45/><T62/><D62/><U57/><E107/><V67/><F67/><W5/><G5/><T38/><REACH who="0" step="1"/><D2/><REACH who="0" ten="240,250,250,250" step="2"/><U99/><E4/><V27/><F129/><W120/><G120/><T1/><D1/><U73/><E102/><V78/><F6/><W3/><G3/><T104/><D104/><U58/><E12/><V40/><F31/><W65/><G100/><T30/><D30/><U97/><E13/><V33/><REACH who="2" step="1"/><F78/><AGARI ba="0,1" hai="9,11,38,42,47,60,64,69,74,77,78,80,81,84" machi="78" ten="30,5800,0" yaku="1,1,7,1,52,1,53,0" doraHai="82" doraHaiUra="110" who="0" fromWho="2" sc="240,68,250,0,250,-58,250,0" /><INIT seed="0,1,0,1,3,93" ten="308,250,192,250" oya="0" hai0="104,58,18,69,127,43,130,13,121,54,107,8,65" hai1="68,70,15,105,10,22,106,81,120,90,38,83,100" hai2="79,129,94,112,30,96,75,74,76,3,42,123,92" hai3="88,50,60,108,59,84,77,16,86,46,78,32,29"/><T122/><D127/><U131/><E120/><V0/><F123/><W17/><G108/><T115/><D115/><U57/><E38/><V111/><F30/><W5/><G5/><T27/><D130/><U101/><E22/><V7/><F111/><W19/><G29/><T34/><D43/><U52/><E131/><V21/><F129/><W102/><G32/><T72/><D72/><U85/><E105/><V33/><F21/><W1/><G1/><T2/><D122/><U113/><E113/><V116/><F42/><N who="3" m="24919" /><G84/><T128/><D128/><U26/><E26/><V134/><F134/><W31/><G102/><T119/><D119/><U103/><E81/><V45/><F7/><W56/><G31/><T97/><D2/><U11/><E106/><V47/><F112/><W51/><G51/><T118/><D118/><U132/><E132/><V109/><F109/><W9/><G9/><T63/><D121/><U35/><E35/><V41/><F41/><W62/><G59/><T73/><D73/><U25/><E25/><V95/><F94/><N who="3" m="54551" /><G62/><T12/><D34/><U91/><E91/><V48/><F48/><W20/><G20/><T44/><D69/><U135/><E135/><V14/><F33/><W67/><AGARI ba="1,0" hai="16,17,19,56,60,67,77,78" m="54551,24919" machi="67" ten="30,4000,0" yaku="8,1,54,2" doraHai="93" who="3" fromWho="3" sc="308,-21,250,-11,192,-11,250,43" /><INIT seed="1,0,0,5,2,122" ten="287,239,181,293" oya="1" hai0="77,44,131,112,14,63,62,118,23,39,26,130,36" hai1="114,68,41,65,127,96,135,90,74,105,120,117,95" hai2="15,85,108,9,111,6,119,121,116,76,2,102,83" hai3="34,58,134,67,33,47,78,110,75,4,106,104,16"/><U18/><E120/><V129/><F121/><W94/><G4/><T51/><D77/><U64/><E117/><V24/><F129/><N who="0" m="49162" /><D14/><U27/><E114/><V5/><F102/><W32/><G134/><T1/><D1/><U49/><E127/><V43/><F43/><W19/><G94/><T92/><D92/><U42/><E135/><V59/><F24/><W57/><G47/><T69/><D112/><U123/><E123/><V54/><F5/><W87/><G87/><T80/><D80/><U28/><E74/><V30/><F30/><W133/><G133/><T22/><D22/><U48/><E18/><V97/><F97/><W103/><G103/><T20/><D20/><N who="1" m="15463" /><E68/><V91/><F76/><W100/><G78/><T115/><D69/><U84/><E105/><V89/><F89/><W93/><G93/><T66/><D115/><U31/><E31/><V45/><F45/><W40/><G100/><T109/><D118/><U99/><E41/><V17/><F119/><W25/><G25/><T61/><D66/><N who="1" m="25707" /><E42/><V56/><F116/><W8/><G40/><N who="0" m="24967" /><D39/><U52/><E49/><V98/><F2/><W70/><G104/><T38/><D38/><U86/><E99/><V81/><F98/><W82/><G106/><T11/><D36/><U50/><E50/><V29/><F29/><W73/><G73/><T12/><D11/><U0/><E0/><V37/><F37/><W46/><G8/><T7/><D7/><U128/><E128/><V79/><F6/><W60/><G75/><T72/><D72/><U126/><E126/><V113/><F113/><W101/><G19/><RYUUKYOKU ba="0,0" sc="287,-10,239,30,181,-10,293,-10" hai1="48,52,84,86,90,95,96" /><INIT seed="1,1,0,4,0,2" ten="277,269,171,283" oya="1" hai0="83,67,28,71,27,130,108,70,32,44,93,103,38" hai1="115,90,97,110,36,131,89,99,112,128,98,101,53" hai2="119,96,121,122,48,40,15,12,22,55,8,123,13" hai3="59,75,87,77,33,86,91,57,56,18,100,106,10"/><U14/><E36/><V118/><F40/><W58/><G33/><T102/><D108/><U134/><E14/><V26/><F96/><W84/><G106/><T116/><D130/><N who="1" m="49707" /><E53/><V111/><F111/><W5/><G100/><T117/><D83/><U31/><E31/><V37/><F37/><W21/><G75/><T16/><D67/><U17/><E17/><V0/><F55/><W127/><G77/><T129/><D129/><U19/><E19/><N who="2" m="12639" /><F48/><W62/><G127/><T63/><D63/><U68/><E68/><V50/><F50/><W7/><G10/><T69/><D117/><N who="2" m="44554" /><F0/><W113/><G91/><N who="1" m="34826" /><E134/><V60/><F60/><W1/><G1/><T125/><D116/><U65/><E65/><V25/><F25/><W114/><N who="3" m="14336" /><DORA hai="3" /><W82/><G82/><T120/><D71/><U46/><E46/><V61/><F61/><W85/><N who="3" m="21504" /><DORA hai="92" /><W107/><G107/><T49/><D70/><U132/><E132/><V29/><F29/><W79/><G79/><T43/><D28/><U105/><E110/><V34/><F34/><W11/><G62/><T24/><D32/><U52/><E52/><V109/><F109/><W47/><G47/><T20/><D69/><U54/><E54/><V73/><F73/><W35/><G35/><T81/><D44/><U64/><E64/><V133/><F133/><W9/><G21/><T6/><D20/><U78/><E78/><V45/><F45/><W66/><G66/><T41/><D41/><U80/><E80/><V39/><F39/><W74/><G18/><AGARI ba="1,0" hai="8,12,13,15,18,121,122,123" m="44554,12639" machi="18" ten="40,2600,0" yaku="34,2" doraHai="2,3,92" who="2" fromWho="3" sc="277,0,269,0,171,29,283,-29" /><INIT seed="2,0,0,4,1,102" ten="277,269,200,254" oya="2" hai0="12,50,49,11,47,127,28,115,76,70,94,124,4" hai1="22,111,24,68,101,61,73,112,85,113,89,123,65" hai2="42,93,125,82,78,135,74,132,2,99,83,10,32" hai3="134,108,95,79,23,19,96,84,128,18,46,92,6"/><V114/><F114/><W20/><G108/><T51/><D115/><U14/><E73/><V121/><F121/><W35/><G35/><T52/><D70/><U116/><E116/><V29/><F125/><W39/><G128/><T75/><D28/><U55/><E111/><V33/><F83/><W97/><G134/><N who="2" m="51241" /><F42/><W57/><G6/><T63/><D75/><U5/><E123/><V98/><F98/><W130/><G130/><T133/><D133/><U103/><E103/><N who="2" m="60911" /><F29/><W27/><G39/><T58/><D76/><U0/><E101/><V53/><F53/><W67/><G79/><T118/><D118/><U77/><E77/><V69/><F69/><W13/><G95/><T8/><D94/><U3/><E55/><V72/><F74/><W17/><G46/><T107/><D107/><U48/><E48/><V7/><AGARI ba="0,0" hai="2,7,10,32,33,72,78,82" m="60911,51241" machi="7" ten="30,1500,0" yaku="20,1" doraHai="102" who="2" fromWho="2" sc="277,-5,269,-5,200,15,254,-5" /><INIT seed="2,1,0,2,4,2" ten="272,264,215,249" oya="2" hai0="90,0,30,93,102,74,21,58,23,77,118,73,82" hai1="119,20,87,67,111,70,36,121,114,47,75,92,68" hai2="65,126,3,46,40,135,29,33,7,5,6,22,54" hai3="31,69,134,35,55,85,122,91,128,15,57,14,11"/><V42/><F135/><W105/><G122/><T84/><D118/><U39/><E75/><V115/><F115/><W66/><G105/><T116/><D116/><U98/><E119/><V34/><F3/><W120/><G120/><T127/><D127/><U1/><E121/><V112/><F112/><W9/><G69/><T25/><D0/><U52/><E114/><V10/><F10/><W80/><G128/><T117/><D117/><U123/><E123/><V79/><F126/><W108/><G108/><T24/><D102/><U88/><E111/><V63/><F79/><W53/><G31/><T106/><D58/><U72/><E72/><V113/><F113/><W99/><G35/><T96/><REACH who="0" step="1"/><D106/><REACH who="0" ten="262,264,215,249" step="2"/><U41/><E1/><V16/><F29/><AGARI ba="1,1" hai="21,23,24,25,29,30,73,74,77,82,84,90,93,96" machi="29" ten="30,7700,0" yaku="1,1,2,1,7,1,9,1,53,0" doraHai="2" doraHaiUra="110" who="0" fromWho="2" sc="262,90,264,0,215,-80,249,0" /><INIT seed="3,0,0,3,5,134" ten="352,264,135,249" oya="3" hai0="96,128,6,41,57,118,74,115,63,66,40,95,76" hai1="15,99,54,108,58,69,55,104,92,42,113,119,75" hai2="34,28,31,106,24,132,102,124,35,105,38,50,13" hai3="109,10,32,45,44,94,121,56,72,100,61,81,130"/><W4/><G121/><T77/><D118/><U22/><E69/><V101/><F132/><W51/><G32/><T93/><D128/><U126/><E104/><V17/><F38/><W16/><G130/><T30/><D115/><U62/><E113/><V29/><F50/><W59/><G72/><T43/><D74/><U117/><E75/><V111/><F111/><W53/><G109/><T0/><D0/><U2/><E42/><V18/><F13/><N who="3" m="7223" /><G4/><T65/><D6/><U8/><E2/><V89/><F89/><W19/><G19/><T110/><D110/><U20/><E55/><V114/><F31/><W73/><G73/><T125/><D66/><U88/><E108/><V127/><REACH who="2" step="1"/><F114/><REACH who="2" ten="352,264,125,249" step="2"/><W87/><G100/><T123/><D30/><U83/><E117/><V91/><F91/><N who="3" m="53631" /><G81/><T23/><D77/><U12/><E119/><V122/><F122/><W26/><G26/><AGARI ba="0,1" hai="17,18,24,26,28,29,34,35,101,102,105,106,124,127" machi="26" ten="25,12000,2" yaku="1,1,22,2,52,2,53,2" doraHai="134" doraHaiUra="27" who="2" fromWho="3" sc="352,0,264,0,125,130,249,-120" /><INIT seed="4,0,0,5,3,7" ten="352,264,255,129" oya="0" hai0="10,93,107,133,96,0,79,39,59,26,118,74,102" hai1="101,113,23,89,105,88,120,20,82,124,103,94,73" hai2="127,64,56,43,114,87,15,3,37,17,92,111,80" hai3="109,36,70,130,67,72,125,68,22,18,131,97,132"/><T24/><D118/><U41/><E41/><V129/><F111/><W69/><G72/><T104/><D133/><U27/><E120/><V115/><F3/><W38/><G97/><T122/><D122/><U62/><E124/><V53/><F127/><W57/><G125/><T16/><D39/><N who="3" m="14889" /><G22/><T58/><D74/><U123/><E123/><V76/><F64/><W126/><G18/><T30/><D79/><U117/><E117/><V35/><F129/><N who="3" m="49163" /><G126/><T42/><D42/><U19/><E105/><V116/><F35/><W84/><G84/><T121/><D121/><U83/><E89/><V66/><F66/><W29/><G29/><T11/><D104/><U98/><E113/><V13/><F92/><W77/><G77/><T135/><D135/><U45/><E73/><V95/><F95/><W31/><G31/><T85/><D0/><U28/><E83/><V2/><F2/><W44/><G132/><T8/><D16/><U55/><E82/><V6/><F6/><W71/><G109/><T47/><D47/><U112/><E112/><N who="2" m="43051" /><F17/><W86/><G86/><T50/><D50/><N who="1" m="29135" /><E62/><N who="2" m="36111" /><F116/><W60/><G70/><T49/><D49/><U106/><E106/><V32/><F32/><W21/><G21/><T81/><D107/><U78/><E78/><V90/><F76/><W100/><G100/><T9/><N who="0" m="2048" /><DORA hai="34" /><T63/><D63/><U108/><E108/><V119/><F119/><W48/><G71/><T46/><D46/><AGARI ba="0,0" hai="13,15,37,43,46,80,87,90" m="36111,43051" machi="46" ten="30,1000,0" yaku="15,1" doraHai="7,34" who="2" fromWho="0" sc="352,-10,264,0,255,10,129,0" /><INIT seed="5,0,0,0,2,78" ten="342,264,265,129" oya="1" hai0="15,51,3,45,119,132,120,1,114,34,43,69,91" hai1="129,60,49,113,38,94,99,52,12,24,81,88,50" hai2="108,82,93,53,44,133,124,63,31,84,30,100,68" hai3="135,115,111,13,92,39,67,107,80,55,2,123,56"/><U23/><E38/><V96/><F108/><W109/><G13/><T127/><D119/><U32/><E32/><V48/><F133/><W5/><G55/><T95/><D69/><U86/><E113/><V36/><F124/><W90/><G56/><T35/><D127/><U101/><E129/><V98/><F98/><W9/><G67/><T110/><D110/><U79/><E12/><V17/><F36/><W74/><G123/><T104/><D104/><U121/><E121/><V14/><F63/><W28/><G28/><T75/><D75/><U10/><E10/><V116/><F68/><W57/><G57/><T72/><D72/><U8/><E8/><N who="2" m="6343" /><F116/><W20/><G115/><T21/><D132/><U71/><E71/><V134/><F134/><W54/><G135/><T83/><D120/><U131/><E131/><V33/><F33/><W130/><G107/><T37/><D114/><U103/><E60/><V29/><F30/><W0/><G0/><T76/><D3/><U26/><E49/><V58/><F58/><W6/><G130/><T61/><D61/><U27/><E23/><V73/><F73/><W65/><G20/><T64/><D64/><U89/><E79/><AGARI ba="0,0" hai="29,31,44,48,53,79,82,84,93,96,100" m="6343" machi="79" ten="30,2000,0" yaku="8,1,52,1" doraHai="78" who="2" fromWho="1" sc="342,0,264,-20,265,20,129,0" /><INIT seed="6,0,0,1,4,18" ten="342,244,285,129" oya="2" hai0="71,27,40,38,114,100,42,101,46,6,32,22,134" hai1="75,103,83,10,50,66,52,104,65,116,28,34,94" hai2="127,112,70,77,3,81,80,24,88,4,76,8,58" hai3="19,124,96,95,14,0,16,62,44,53,106,49,130"/><V36/><F70/><W68/><G0/><T126/><D71/><U122/><E104/><V12/><F36/><W21/><G130/><T60/><D32/><U30/><E116/><V69/><F69/><W108/><G108/><T131/><D131/><U78/><E122/><V63/><F112/><W92/><G124/><T57/><D126/><U119/><E10/><V132/><F132/><W74/><G74/><T105/><D134/><U91/><E103/><V125/><F125/><W17/><G106/><T79/><D114/><U89/><E119/><V64/><F3/><W73/><G73/><T61/><D6/><U113/><E91/><V135/><F135/><W45/><G92/><T67/><D79/><U111/><E111/><V51/><F51/><W129/><G129/><T7/><D7/><U98/><E113/><V86/><F127/><W120/><G120/><T47/><D61/><U5/><E5/><V26/><F77/><W102/><REACH who="3" step="1"/><G45/><REACH who="3" ten="342,244,285,119" step="2"/><T82/><D82/><U110/><E110/><V29/><F29/><W39/><G39/><T115/><D105/><U13/><E83/><V23/><F76/><W54/><G54/><T9/><D115/><U56/><E78/><V99/><F80/><W48/><G48/><T1/><D1/><U123/><E75/><V59/><F81/><W25/><G25/><T15/><D40/><U133/><E123/><V37/><F37/><W87/><G87/><T93/><D93/><U118/><E133/><V117/><F26/><W20/><G20/><T85/><D85/><U33/><E50/><V55/><F24/><W43/><G43/><RYUUKYOKU ba="0,1" sc="342,-10,244,-10,285,-10,119,30" hai3="14,16,17,19,21,44,49,53,62,68,95,96,102" /><INIT seed="7,1,1,1,0,89" ten="332,234,275,149" oya="3" hai0="122,20,92,113,9,58,36,30,64,62,72,69,81" hai1="108,56,57,10,51,83,50,61,91,38,6,5,102" hai2="28,126,0,85,71,26,29,120,128,135,13,44,40" hai3="22,48,60,32,2,99,15,67,123,100,76,77,66"/><W3/><G123/><T111/><D111/><U54/><E38/><V84/><F71/><W118/><G118/><T37/><D122/><U14/><E108/><V121/><F0/><W75/><G32/><T49/><D113/><U93/><E5/><V104/><F104/><W129/><G129/><T41/><D9/><U86/><REACH who="1" step="1"/><E57/><REACH who="1" ten="332,224,275,149" step="2"/><V17/><F121/><W117/><G117/><T103/><D37/><U59/><E59/><V116/><F120/><W39/><G39/><T68/><D58/><U74/><E74/><V35/><F116/><W130/><G130/><T16/><D68/><U23/><E23/><V87/><F128/><W101/><G75/><T47/><D69/><U98/><AGARI ba="1,2" hai="6,10,14,50,51,54,56,61,83,86,91,93,98,102" machi="98" ten="30,7900,0" yaku="1,1,0,1,8,1,52,1,53,0" doraHai="89" doraHaiUra="19" who="1" fromWho="1" sc="332,-21,224,102,275,-21,149,-40" owari="311,11.0,326,43.0,254,-15.0,109,-39.0" /></mjloggm>