<mjloggm ver="2.3"><GO type="185" lobby="0"/><UN n0="%E3%83%84%E3%83%BC%E3%82%A2%E3%82%A6%E3%83%88" n1="%43%72%65%2E%43" n2="%E9%B3%B4%E3%81%8D%E9%BA%BB%E9%9B%80" n3="" dan="16,18,17,0" rate="2204.51,2333.92,2264.99,1500.00" sx="M,F,M,C"/><TAIKYOKU oya="0"/><INIT seed="0,0,0,2,1,131" ten="350,350,350,0" oya="0" hai0="123,129,102,36,1,51,98,94,70,48,39,107,133" hai1="53,130,82,128,135,103,100,54,74,76,38,33,65" hai2="40,99,59,96,42,88,93,105,68,115,125,67,97" hai3=""/><T127/><N who="0" m="31520" /><T126/><D70/><U111/><E33/><V106/><F115/><T69/><D69/><U43/><E65/><V61/><F125/><N who="0" m="47626" /><D1/><U66/><E66/><V37/><F68/><T0/><D0/><U92/><E111/><V32/><F32/><T117/><D117/><U108/><E108/><V114/><F114/><T58/><D129/><N who="1" m="49771" /><E135/><V63/><F61/><T56/><D107/><U121/><N who="1" m="31008" /><U120/><N who="1" m="30752" /><U49/><E38/><N who="0" m="14377" /><D133/><U132/><E132/><V41/><REACH who="2" step="1"/><F37/><REACH who="2" ten="350,350,340,0" step="2"/><T46/><D48/><U91/><E43/><AGARI ba="0,1" hai="43,46,51,56,58,94,98,102" m="14377,47626,31520" machi="43" ten="30,2900,0" yaku="18,1,52,1" doraHai="131" who="0" fromWho="1" sc="350,39,350,-29,340,0,0,0" /><INIT seed="0,1,0,3,0,82" ten="389,321,340,0" oya="0" hai0="132,98,57,69,68,77,105,42,34,71,108,62,45" hai1="94,86,83,40,85,65,93,56,104,109,84,54,124" hai2="123,97,76,127,81,130,116,47,118,90,113,121,35" hai3=""/><T50/><D34/><U100/><E109/><V36/><N who="2" m="31008" /><V51/><N who="2" m="31520" /><V134/><F113/><T74/><D108/><U126/><E65/><V103/><F35/><T135/><D77/><U61/><E83/><V99/><F130/><T63/><D74/><U87/><E40/><V129/><F129/><T114/><D114/><U52/><E54/><V73/><F127/><N who="1" m="48681" /><E86/><V72/><F72/><T55/><D98/><AGARI ba="1,0" hai="52,56,61,84,85,87,93,94,98,100,104" m="48681" machi="98" ten="30,8000,1" yaku="18,1,52,3,54,1" doraHai="82" who="1" fromWho="0" sc="389,-82,321,82,340,0,0,0" /><INIT seed="1,0,0,3,2,66" ten="307,403,340,0" oya="1" hai0="117,65,110,73,69,130,84,59,113,72,111,112,92" hai1="67,70,97,118,36,37,132,105,79,131,40,123,68" hai2="119,75,61,122,56,34,35,100,39,80,52,76,128" hai3=""/><U47/><N who="1" m="31520" /><U54/><E118/><V58/><N who="2" m="31264" /><V95/><F119/><T2/><D117/><U101/><E132/><V49/><F128/><T96/><D59/><U93/><E131/><V71/><F39/><T83/><D65/><U38/><E79/><V64/><F100/><T102/><D69/><U44/><E105/><V78/><F95/><T106/><D2/><U107/><E107/><V108/><F108/><N who="0" m="41514" /><D130/><U46/><E40/><V32/><REACH who="2" step="1"/><F76/><REACH who="2" ten="307,403,330,0" step="2"/><T82/><D106/><U45/><REACH who="1" step="1"/><E67/><REACH who="1" ten="307,393,330,0" step="2"/><V115/><F115/><N who="0" m="44106" /><D83/><U55/><E55/><V120/><N who="2" m="30752" /><V126/><F126/><T104/><D104/><U0/><E0/><V1/><F1/><T41/><D41/><U125/><E125/><V48/><F48/><AGARI ba="0,2" hai="36,37,38,44,45,46,47,48,54,68,70,93,97,101" m="31520" machi="48" ten="50,12000,1" yaku="1,1,52,3,53,0" doraHai="66" doraHaiUra="74" who="1" fromWho="2" sc="307,0,393,140,330,-120,0,0" /><INIT seed="1,1,0,1,3,91" ten="307,533,210,0" oya="1" hai0="48,47,108,132,80,35,110,92,94,62,109,130,52" hai1="42,121,88,37,107,60,36,114,126,89,117,77,76" hai2="134,101,79,57,65,68,73,1,133,85,63,104,135" hai3=""/><U116/><N who="1" m="31008" /><U58/><E114/><V95/><F1/><T106/><D35/><U38/><E107/><V127/><F127/><T111/><N who="0" m="27648" /><DORA hai="49" /><T71/><D106/><U54/><E126/><V97/><F73/><T100/><D130/><U118/><REACH who="1" step="1"/><E42/><REACH who="1" ten="307,523,210,0" step="2"/><V72/><F72/><T44/><D132/><U115/><E115/><V99/><F68/><T128/><D128/><U61/><E61/><V105/><REACH who="2" step="1"/><F99/><REACH who="2" ten="307,523,200,0" step="2"/><T113/><D71/><U53/><E53/><V46/><F46/><T67/><D113/><U83/><E83/><AGARI ba="1,2" hai="57,63,65,79,83,85,95,97,101,104,105,133,134,135" machi="83" ten="40,5200,0" yaku="1,1,20,1,52,1,53,0" doraHai="91,49" doraHaiUra="66,39" who="2" fromWho="1" sc="307,0,523,-54,200,74,0,0" /><INIT seed="2,0,0,0,5,96" ten="307,469,274,0" oya="2" hai0="122,47,94,61,73,98,72,66,80,123,43,105,115" hai1="64,100,65,63,133,75,52,46,120,107,134,38,78" hai2="103,106,0,79,84,36,82,45,49,114,92,91,111" hai3=""/><V56/><F114/><T124/><N who="0" m="31264" /><T67/><N who="0" m="31520" /><T42/><D105/><U51/><N who="1" m="30752" /><U113/><E113/><V74/><F0/><T77/><D115/><U34/><E34/><V70/><F70/><T118/><D118/><U48/><E38/><V86/><F111/><T104/><D104/><U109/><E109/><V119/><F119/><T126/><D73/><U85/><E75/><V54/><F36/><T117/><D117/><U39/><E39/><V125/><F125/><N who="0" m="48234" /><D47/><U3/><E3/><V32/><F32/><T69/><D67/><U60/><E107/><V135/><F135/><T55/><D55/><U35/><E46/><V57/><REACH who="2" step="1"/><F86/><REACH who="2" ten="307,469,264,0" step="2"/><T101/><AGARI ba="0,1" hai="42,43,61,66,69,72,77,80,94,98,101" m="48234,31520,31264" machi="101" ten="30,5900,0" yaku="18,1,52,3" doraHai="96" who="0" fromWho="0" sc="307,69,469,-20,264,-39,0,0" /><INIT seed="4,0,0,3,3,134" ten="376,449,225,0" oya="0" hai0="52,95,86,102,76,112,101,2,46,105,43,55,78" hai1="63,88,126,98,45,118,59,35,69,109,106,54,119" hai2="120,93,110,128,44,47,68,57,133,127,89,87,42" hai3=""/><T116/><D2/><U65/><E109/><V41/><N who="2" m="30752" /><V91/><F68/><T135/><D116/><U48/><E35/><V50/><F133/><T61/><D135/><U77/><E77/><V96/><F110/><T62/><D112/><U130/><E130/><V70/><F70/><T56/><D105/><U125/><E88/><V92/><F128/><T97/><D102/><U90/><E90/><V83/><F127/><N who="1" m="48649" /><E69/><V79/><F57/><T40/><D86/><U113/><E113/><V111/><F111/><T49/><D62/><U122/><N who="1" m="31264" /><U114/><E114/><V34/><F34/><T132/><D132/><U53/><E65/><V67/><F67/><T58/><D78/><U3/><E3/><V117/><F117/><T99/><D76/><U82/><E82/><V38/><REACH who="2" step="1"/><F79/><REACH who="2" ten="376,449,215,0" step="2"/><T71/><D71/><U107/><E119/><V66/><F66/><T74/><D58/><U33/><E118/><V84/><F84/><T108/><D108/><U81/><E33/><V37/><F37/><T100/><D74/><U72/><E72/><V94/><AGARI ba="0,1" hai="38,41,42,44,47,50,83,87,89,91,92,93,94,96" m="30752" machi="94" ten="30,3000,0" yaku="1,1,0,1,52,1,53,0" doraHai="134" doraHaiUra="115" who="2" fromWho="2" sc="376,-20,449,-10,215,40,0,0" /><INIT seed="5,0,0,4,2,87" ten="356,439,255,0" oya="1" hai0="63,102,88,33,49,52,72,61,64,124,34,50,113" hai1="120,0,104,44,125,84,46,112,40,65,76,91,118" hai2="55,134,39,106,93,82,43,117,35,132,96,108,85" hai3=""/><U129/><N who="1" m="30752" /><U3/><E118/><V48/><F35/><T127/><D72/><U98/><E112/><V58/><F108/><T42/><D102/><U60/><E129/><V135/><F117/><T130/><D130/><U110/><E125/><N who="0" m="48201" /><D113/><U41/><E76/><V1/><F1/><T116/><D116/><U107/><E110/><V75/><F75/><T51/><D42/><U105/><E98/><V68/><F68/><T121/><N who="0" m="31008" /><T97/><D52/><U103/><E103/><V95/><F106/><T59/><D63/><U53/><E53/><V100/><F95/><AGARI ba="0,0" hai="33,34,49,50,51,59,61,64,88,95,97" m="31008,48201" machi="95" ten="30,7700,0" yaku="18,1,52,2,54,1" doraHai="87" who="0" fromWho="2" sc="356,77,439,0,255,-77,0,0" /><INIT seed="6,0,0,4,4,66" ten="433,439,178,0" oya="2" hai0="74,117,89,69,83,72,91,92,53,111,85,49,60" hai1="124,102,106,38,119,48,46,37,125,100,96,79,134" hai2="51,112,42,122,127,101,33,3,55,67,94,98,43" hai3=""/><V44/><N who="2" m="31264" /><V95/><F33/><T90/><D117/><U108/><E108/><V130/><F3/><T58/><D111/><U61/><E134/><V35/><F35/><T93/><D69/><U126/><E119/><V71/><F112/><T128/><D128/><U86/><E100/><V87/><F130/><T97/><D60/><U45/><E61/><V109/><F109/><T103/><D103/><U52/><E45/><V50/><F127/><T99/><AGARI ba="0,0" hai="49,53,58,72,74,83,85,89,90,91,92,93,97,99" machi="99" ten="20,2000,0" yaku="0,1,7,1,9,1" doraHai="66" who="0" fromWho="0" sc="433,20,439,-7,178,-13,0,0" owari="453,40.0,432,3.0,165,-43.0,0,0.0" /></mjloggm>