<mjloggm ver="2.3"><GO type="169" lobby="0"/><UN n0="%E3%81%86%E3%81%A1%E3%83%BC" n1="%E3%81%82%E3%81%84%E3%81%A0%E3%81%A6" n2="%E3%82%88%E3%81%97%E3%81%A4%E3%82%88%E3%81%97" n3="%E3%81%84%E3%81%8A%E3%81%84%E3%81%8A" dan="16,17,16,16" rate="2096.86,2173.11,2117.30,2074.30" sx="M,M,M,M"/><TAIKYOKU oya="0"/><INIT seed="0,0,0,4,2,123" ten="250,250,250,250" oya="0" hai0="89,40,96,104,23,88,42,85,91,60,43,3,133" hai1="1,92,13,80,47,99,132,120,37,131,49,41,48" hai2="34,102,94,115,87,11,33,117,93,86,21,62,28" hai3="125,110,52,12,109,26,6,108,54,128,19,64,113"/><T14/><D3/><U36/><E1/><V105/><F105/><W82/><G113/><T22/><D133/><U61/><E120/><V97/><F117/><W78/><G128/><T101/><D85/><U118/><E118/><V111/><F11/><N who="3" m="4215" /><G64/><T15/><D60/><U20/><E61/><V55/><F33/><W51/><G51/><T58/><D58/><U45/><E80/><V7/><F7/><W73/><G125/><T75/><REACH who="0" step="1"/><D75/><REACH who="0" ten="240,250,250,250" step="2"/><U25/><E132/><V90/><F86/><W10/><G10/><T0/><D0/><U129/><E129/><V130/><F87/><W124/><G124/><T5/><D5/><U119/><E131/><V63/><F63/><W56/><G56/><T76/><D76/><U134/><E134/><V135/><F62/><W27/><G27/><T107/><D107/><U8/><E25/><V18/><F135/><W24/><G24/><T50/><D50/><U66/><E48/><V2/><F130/><W69/><G69/><T112/><D112/><U30/><E119/><V95/><F115/><W106/><G106/><T67/><D67/><U32/><E66/><V79/><F79/><W9/><G9/><T126/><D126/><U72/><E72/><V71/><F71/><W44/><G44/><T84/><D84/><U38/><E47/><V35/><F2/><W53/><G26/><T68/><D68/><U77/><E77/><V122/><F122/><W121/><G121/><T57/><D57/><U16/><E8/><V29/><F34/><W39/><G39/><T70/><D70/><U4/><E37/><V103/><F35/><RYUUKYOKU ba="0,1" sc="240,15,250,-15,250,-15,250,15" hai0="14,15,22,23,40,42,43,88,89,91,96,101,104" hai3="19,52,53,54,73,78,82,108,109,110" /><INIT seed="0,1,1,1,2,40" ten="255,235,235,265" oya="0" hai0="43,33,128,41,123,20,133,4,96,100,79,62,83" hai1="65,121,104,135,119,38,34,131,109,13,82,108,22" hai2="31,102,77,86,36,129,113,3,48,6,105,89,112" hai3="76,64,11,71,53,47,95,122,70,35,7,118,134"/><T55/><D33/><U67/><E34/><V97/><F36/><W87/><G118/><T103/><D123/><U42/><E104/><V61/><F3/><W15/><G35/><T78/><D133/><U10/><E131/><V45/><F6/><W51/><G134/><T58/><D128/><U111/><E119/><V18/><F31/><W14/><G122/><T9/><D20/><U63/><E121/><V92/><F129/><W52/><G64/><T2/><D79/><U68/><E65/><V17/><F61/><W46/><G15/><T127/><D127/><U94/><E82/><V32/><F32/><W74/><G74/><T21/><D21/><U28/><E94/><V107/><F107/><W69/><G95/><T90/><D90/><U30/><E22/><V57/><F57/><W91/><G91/><T26/><D26/><U8/><E8/><V93/><F93/><W81/><REACH who="3" step="1"/><G47/><REACH who="3" ten="255,235,235,255" step="2"/><T84/><D100/><U0/><E135/><V125/><F77/><W110/><G110/><T60/><D62/><U23/><E0/><V1/><F1/><W54/><AGARI ba="1,2" hai="7,11,14,46,51,52,53,54,69,70,71,76,81,87" machi="54" ten="40,8000,1" yaku="1,1,0,1,52,1,54,1,53,0" doraHai="40" doraHaiUra="56" who="3" fromWho="3" sc="255,-41,235,-21,235,-21,255,103" /><INIT seed="1,0,0,1,2,11" ten="214,214,214,358" oya="1" hai0="97,84,47,109,131,73,132,53,128,18,65,51,63" hai1="118,95,7,19,55,96,134,112,1,0,58,68,39" hai2="5,117,21,34,17,72,52,130,102,119,78,26,9" hai3="8,82,41,125,31,29,16,113,14,59,115,70,122"/><U116/><E68/><V12/><F102/><W24/><G59/><T4/><D73/><U71/><E71/><V91/><F91/><W36/><G70/><T28/><D109/><U104/><E39/><V43/><F43/><W94/><G82/><T98/><D132/><U135/><E104/><V123/><F123/><W45/><G122/><T40/><D28/><U79/><E79/><V81/><F130/><W48/><G125/><T89/><D4/><U25/><E7/><V66/><F66/><W87/><G36/><T90/><D89/><U74/><E74/><V57/><REACH who="2" step="1"/><F34/><REACH who="2" ten="214,214,204,358" step="2"/><W6/><G113/><T103/><D40/><U46/><E112/><V105/><F105/><W129/><G115/><T49/><D103/><U114/><E114/><V2/><F2/><W92/><G129/><T32/><D32/><U30/><E0/><V121/><F121/><W86/><G92/><T120/><D120/><U37/><E1/><V35/><F35/><W99/><G86/><T22/><D128/><U13/><E95/><V15/><F15/><W61/><G87/><T38/><D131/><U127/><E96/><V23/><F23/><N who="3" m="13415" /><G61/><AGARI ba="0,1" hai="5,9,12,17,21,26,52,57,61,72,78,81,117,119" machi="61" ten="30,8000,1" yaku="1,1,7,1,52,1,54,1,53,1" doraHai="11" doraHaiUra="107" who="2" fromWho="3" sc="214,0,214,0,204,90,358,-80" /><INIT seed="2,0,0,0,2,34" ten="214,214,294,278" oya="2" hai0="78,122,30,57,47,25,28,38,74,114,87,17,129" hai1="0,85,99,13,9,42,89,90,20,5,7,131,135" hai2="60,15,44,29,72,64,93,6,103,79,50,69,19" hai3="31,97,106,24,16,12,65,70,54,37,113,120,3"/><V84/><F72/><W1/><G37/><T88/><D122/><U52/><E42/><V63/><F29/><W46/><G120/><T107/><D114/><U116/><E116/><V27/><F27/><W75/><G75/><T21/><D107/><U77/><E131/><V11/><F63/><W58/><G46/><T51/><D129/><U26/><E135/><V22/><F103/><N who="3" m="62831" /><G54/><T81/><D57/><U43/><E43/><V14/><F93/><W127/><G58/><T108/><D108/><U2/><E77/><V59/><F69/><W62/><G127/><T104/><D104/><U71/><E52/><V121/><F121/><W80/><G80/><T123/><D38/><U130/><E7/><V126/><F126/><W132/><G132/><T105/><D105/><U117/><E117/><V36/><F36/><W39/><G39/><T86/><D74/><U18/><E71/><V101/><F101/><W124/><G113/><T55/><REACH who="0" step="1"/><D123/><REACH who="0" ten="204,214,294,278" step="2"/><U119/><E130/><V66/><F66/><W98/><G124/><T49/><D49/><U115/><E115/><V82/><F44/><W111/><G111/><T110/><D110/><U125/><E125/><V53/><F64/><W68/><G70/><T118/><D118/><U23/><E119/><V95/><F50/><W92/><G68/><T133/><D133/><U96/><E99/><V109/><F109/><W76/><G65/><T91/><D91/><N who="1" m="34827" /><E96/><V10/><F59/><W8/><G98/><T48/><D48/><U100/><E100/><V83/><F60/><W33/><G62/><T4/><D4/><U73/><E73/><RYUUKYOKU ba="0,1" sc="204,30,214,-10,294,-10,278,-10" hai0="17,21,25,28,30,47,51,55,78,81,86,87,88" /><INIT seed="3,1,1,1,2,35" ten="234,204,284,268" oya="3" hai0="37,51,99,18,22,17,135,20,85,94,91,49,108" hai1="4,29,83,15,13,77,31,27,119,111,92,38,113" hai2="56,64,19,3,76,116,103,61,75,5,133,25,80" hai3="45,79,127,69,47,48,65,34,54,124,53,14,126"/><W95/><G34/><T78/><D37/><U110/><E38/><V123/><F133/><W32/><G32/><T60/><D108/><N who="1" m="41515" /><E113/><V24/><F116/><W121/><G79/><T33/><D33/><N who="1" m="20671" /><E31/><V129/><F129/><W112/><G121/><T8/><D135/><U106/><E106/><V131/><F131/><W43/><G112/><T50/><D60/><U58/><E92/><V72/><F103/><W105/><G105/><T122/><D122/><U118/><E58/><V130/><F123/><W55/><G14/><N who="1" m="5130" /><E4/><V46/><F130/><W28/><G95/><T88/><D8/><U52/><E52/><N who="3" m="20074" /><G28/><T21/><D78/><U12/><N who="1" m="5138" /><U7/><DORA hai="67" /><E7/><V36/><F19/><W40/><G47/><T62/><REACH who="0" step="1"/><D62/><AGARI ba="1,1" hai="40,43,45,48,55,62,65,69,124,126,127" m="20074" machi="62" ten="40,12000,1" yaku="18,1,34,2,52,1,54,1" doraHai="35,67" who="3" fromWho="0" sc="234,-123,204,0,284,0,268,133" /><INIT seed="3,2,0,2,5,34" ten="111,204,284,401" oya="3" hai0="18,83,90,96,26,133,28,64,12,119,39,121,72" hai1="46,62,117,3,58,35,123,109,22,98,36,108,78" hai2="102,23,85,43,73,21,118,24,7,130,49,81,105" hai3="122,68,60,57,84,129,27,114,6,66,115,53,32"/><W48/><G122/><T10/><D119/><U126/><E35/><V61/><F130/><W63/><G6/><T44/><D133/><U19/><E123/><V112/><F112/><W59/><G32/><T116/><D116/><U38/><E3/><V124/><F124/><W40/><G27/><T94/><D121/><U86/><E126/><V111/><F111/><N who="1" m="42569" /><E98/><V16/><F73/><W55/><G84/><T92/><D64/><N who="1" m="38999" /><E46/><V104/><F7/><W30/><G30/><T42/><D92/><U45/><E45/><V110/><F118/><W15/><G15/><T82/><REACH who="0" step="1"/><D72/><REACH who="0" ten="101,204,284,401" step="2"/><U88/><E117/><V125/><F110/><W47/><G129/><T17/><D17/><U1/><E78/><V9/><F125/><W67/><REACH who="3" step="1"/><G68/><REACH who="3" ten="101,204,284,391" step="2"/><T50/><D50/><U107/><E36/><V25/><F49/><W106/><G106/><T8/><D8/><U99/><E38/><V54/><F9/><W134/><G134/><T70/><D70/><U131/><E107/><V132/><F132/><W95/><G95/><T0/><D0/><U120/><E1/><V135/><F135/><W71/><G71/><T97/><D97/><U101/><E131/><V113/><F105/><W80/><G80/><T69/><D69/><U74/><E74/><V5/><F81/><W79/><G79/><T56/><D56/><U11/><E120/><V37/><F104/><W128/><G128/><T127/><D127/><U41/><E99/><V20/><F85/><W89/><G89/><T51/><D51/><U31/><E88/><V91/><F91/><W14/><G14/><T77/><D77/><RYUUKYOKU ba="2,2" sc="101,15,204,-15,284,-15,391,15" hai0="10,12,18,26,28,39,42,44,82,83,90,94,96" hai3="40,47,48,53,55,57,59,60,63,66,67,114,115" /><INIT seed="3,3,2,4,3,62" ten="116,189,269,406" oya="3" hai0="104,7,131,44,34,19,91,114,80,59,10,73,51" hai1="65,69,108,75,21,76,26,100,25,1,122,45,103" hai2="22,33,61,23,15,117,81,47,84,20,130,128,57" hai3="71,5,4,85,83,41,30,27,92,82,120,17,90"/><W88/><G71/><T97/><D131/><N who="2" m="50218" /><F33/><W86/><G120/><T72/><D34/><U70/><E122/><V40/><F117/><W135/><G135/><T98/><D114/><U6/><E108/><V77/><F15/><W106/><G106/><T3/><D97/><U68/><E25/><V29/><F29/><W94/><G41/><T11/><D59/><U116/><E116/><V121/><F121/><W93/><G17/><T53/><D104/><U99/><E1/><V31/><F31/><W113/><G113/><T107/><D107/><U50/><E6/><V95/><F95/><W48/><G48/><T101/><D101/><U111/><E100/><V58/><F61/><W38/><G38/><AGARI ba="3,2" hai="20,22,23,38,40,47,57,58,77,81,84" m="50218" machi="38" ten="30,1000,0" yaku="19,1" doraHai="62" who="2" fromWho="3" sc="116,0,189,0,269,39,406,-19" /><INIT seed="4,0,0,3,3,53" ten="116,189,308,387" oya="0" hai0="45,84,43,6,133,76,63,93,26,47,70,52,7" hai1="131,132,5,102,79,23,59,101,49,75,71,37,18" hai2="114,31,128,81,117,109,12,89,126,55,41,77,11" hai3="24,1,54,92,33,82,121,56,14,34,30,13,95"/><T130/><D133/><U4/><E71/><V2/><F109/><W42/><G1/><T8/><D130/><U58/><E37/><V35/><F114/><W44/><G121/><T15/><D26/><U50/><E75/><V107/><F107/><W69/><G69/><T97/><D76/><U67/><E79/><V74/><F126/><W0/><G0/><T80/><D6/><N who="1" m="2667" /><E67/><V110/><F2/><W51/><G34/><T32/><D32/><U68/><E68/><V124/><F35/><W57/><G82/><T85/><D70/><U78/><E78/><V118/><F31/><W28/><G28/><T105/><D105/><U122/><E122/><V96/><F41/><W46/><G46/><N who="0" m="17419" /><D43/><U16/><E18/><V61/><F128/><W66/><G66/><T134/><D134/><U60/><E131/><V73/><F73/><W125/><G125/><T103/><D80/><U20/><E20/><V39/><F39/><W10/><G13/><T62/><D62/><U135/><E60/><V27/><F27/><W21/><G33/><T129/><D129/><U112/><E112/><V3/><F3/><W64/><G64/><T19/><D19/><U48/><E132/><V9/><F124/><W29/><G29/><T94/><D94/><N who="3" m="35881" /><G42/><T83/><D83/><U17/><E17/><AGARI ba="0,0" hai="10,14,17,21,24,30,44,51,54,56,57" m="35881" machi="17" ten="30,3900,0" yaku="8,1,52,2" doraHai="53" who="3" fromWho="1" sc="116,0,189,-39,308,0,387,39" /><INIT seed="5,0,0,4,1,105" ten="116,150,308,426" oya="1" hai0="54,41,135,106,64,70,43,110,58,7,98,81,131" hai1="14,61,2,42,25,32,17,66,56,76,40,46,23" hai2="26,107,90,101,52,60,71,133,88,72,120,134,127" hai3="89,94,113,33,122,19,102,86,53,38,128,49,8"/><U47/><E2/><V5/><F120/><W75/><G33/><T69/><D7/><U112/><E112/><V77/><F71/><N who="0" m="27146" /><D81/><U34/><E76/><V24/><F5/><W55/><G38/><T45/><D98/><U36/><REACH who="1" step="1"/><E25/><REACH who="1" ten="116,140,308,426" step="2"/><V20/><F24/><W115/><G115/><T92/><D131/><U39/><AGARI ba="0,1" hai="14,17,23,32,34,36,39,40,42,46,47,56,61,66" machi="39" ten="20,12000,1" yaku="1,1,2,1,0,1,7,1,9,1,53,0" doraHai="105" doraHaiUra="104" who="1" fromWho="1" sc="116,-40,140,130,308,-40,426,-40" /><INIT seed="5,1,0,1,0,6" ten="76,270,268,386" oya="1" hai0="130,118,67,129,53,105,8,52,27,116,92,22,84" hai1="5,32,47,28,60,111,121,51,44,36,73,1,29" hai2="57,97,13,19,99,69,11,110,37,87,101,115,48" hai3="108,71,81,90,34,23,20,75,58,33,104,134,88"/><U7/><E73/><V112/><F37/><W70/><G104/><T94/><D105/><U41/><E121/><V3/><F69/><W77/><G108/><T135/><D84/><U15/><E111/><V79/><F110/><W4/><G134/><T59/><D67/><U30/><E32/><V95/><F3/><W98/><G33/><T62/><D135/><U56/><E1/><V17/><F17/><W91/><G34/><T131/><D53/><U61/><E56/><V85/><F99/><W107/><G58/><T54/><D54/><U124/><E124/><V45/><F57/><W93/><G4/><T113/><D113/><N who="2" m="43594" /><F79/><W132/><G132/><T24/><D8/><U102/><E102/><V103/><F101/><W10/><G107/><T114/><D114/><U120/><E120/><V42/><AGARI ba="1,0" hai="11,13,19,42,45,48,85,87,95,97,103" m="43594" machi="42" ten="30,4000,0" yaku="15,1,11,1,52,1" doraHai="6" who="2" fromWho="2" sc="76,-11,270,-21,268,43,386,-11" /><INIT seed="6,0,0,1,1,64" ten="65,249,311,375" oya="2" hai0="128,123,18,78,81,101,73,117,115,114,58,48,4" hai1="2,59,42,1,54,134,17,49,15,97,53,133,28" hai2="105,34,104,52,33,35,46,25,99,110,67,87,70" hai3="7,88,39,11,63,65,43,106,109,16,91,94,100"/><V127/><F127/><W23/><G106/><T111/><D4/><U6/><E28/><N who="2" m="19599" /><F105/><W86/><G109/><T40/><D18/><U38/><E97/><V22/><F87/><W30/><G100/><T8/><D8/><U62/><E42/><V27/><F22/><W82/><G30/><T120/><D40/><U77/><E77/><V32/><F27/><W118/><G118/><T119/><D48/><U126/><E38/><V131/><F131/><W122/><G122/><N who="0" m="46635" /><D128/><U93/><E6/><V84/><F84/><W47/><G94/><T56/><D101/><U103/><E126/><V102/><F110/><W125/><G125/><T98/><D98/><U3/><E93/><V124/><F124/><W74/><G74/><T132/><D56/><U5/><E5/><V10/><F10/><W41/><G91/><T79/><D58/><U19/><E103/><V24/><F24/><W83/><G41/><T112/><D79/><U95/><E95/><V20/><F20/><W113/><G11/><T26/><D26/><U60/><E15/><V116/><F116/><N who="0" m="44618" /><D132/><N who="1" m="50795" /><E60/><N who="2" m="40295" /><F32/><W90/><G7/><T14/><D14/><U89/><E89/><V37/><F37/><W76/><G90/><T68/><D68/><U57/><AGARI ba="0,0" hai="1,2,3,17,19,49,53,54,57,59,62" m="50795" machi="57" ten="40,1500,0" yaku="20,1" doraHai="64" who="1" fromWho="1" sc="65,-4,249,15,311,-7,375,-4" /><INIT seed="7,0,0,4,3,16" ten="61,264,304,371" oya="3" hai0="18,112,126,102,41,132,77,36,64,108,131,73,17" hai1="119,24,76,42,34,125,27,100,30,14,49,25,111" hai2="22,67,75,96,95,127,31,79,128,122,81,50,63" hai3="92,109,55,87,107,43,51,124,82,121,61,9,135"/><W40/><G121/><T110/><D102/><U52/><E111/><N who="0" m="42537" /><D64/><U35/><E119/><V88/><F128/><W105/><G135/><T20/><D17/><U19/><E125/><V2/><F2/><W90/><G124/><T21/><D18/><U80/><E100/><V78/><F78/><W6/><G109/><T69/><D126/><U86/><E42/><V93/><F127/><W60/><G107/><T33/><D33/><U15/><E15/><V28/><F50/><W58/><G105/><T8/><D69/><U29/><E27/><V103/><F122/><W68/><G68/><T54/><D54/><U89/><E76/><V114/><F114/><W57/><G82/><T48/><D48/><U129/><E129/><V39/><F39/><W7/><G7/><T3/><D112/><U59/><E19/><V118/><F118/><W98/><G87/><T97/><D97/><U70/><E14/><V74/><F74/><W44/><G43/><T56/><D56/><N who="3" m="21609" /><G40/><T85/><D85/><U13/><E13/><AGARI ba="0,0" hai="6,9,13,44,51,55,60,61,90,92,98" m="21609" machi="13" ten="30,1500,0" yaku="8,1" doraHai="16" who="3" fromWho="1" sc="61,0,264,-15,304,0,371,15" owari="61,-44.0,249,-15.0,304,10.0,386,49.0" /></mjloggm>