<mjloggm ver="2.3"><GO type="169" lobby="0"/><UN n0="%E3%81%86%E3%81%A9%E3%82%93%E3%81%93" n1="%E8%80%95%E3%81%99%E3%83%9E%E3%82%B7%E3%83%B3" n2="%E8%B1%86%E3%83%80%E3%83%9E%E8%AD%A6%E5%AF%9F" n3="%67%61%79%75%6E%79" dan="16,16,16,16" rate="2170.53,2035.56,2152.23,2127.23" sx="M,M,M,M"/><TAIKYOKU oya="0"/><INIT seed="0,0,0,4,0,55" ten="250,250,250,250" oya="0" hai0="131,66,133,127,84,104,126,118,22,74,35,29,30" hai1="108,42,129,54,86,39,60,33,92,98,88,23,70" hai2="45,124,38,130,82,117,61,102,36,40,11,77,90" hai3="43,85,20,94,93,53,58,73,1,122,18,64,2"/><T71/><D74/><U34/><E129/><V115/><F115/><W44/><G73/><T5/><D104/><U111/><E39/><V116/><F130/><W14/><G64/><T123/><D131/><U109/><E42/><V135/><F135/><W80/><G122/><T101/><D123/><U51/><E70/><V37/><F124/><W132/><G132/><T65/><D133/><U7/><E60/><V125/><F125/><N who="0" m="47626" /><D35/><U68/><E7/><V119/><F102/><W99/><G2/><T113/><D118/><U96/><E23/><V106/><F106/><W59/><G1/><T15/><D101/><U3/><E3/><V28/><F90/><W4/><G4/><T8/><D113/><U110/><N who="1" m="27648" /><DORA hai="120" /><U83/><E68/><V75/><F28/><N who="0" m="10858" /><D71/><U56/><REACH who="1" step="1"/><E98/><REACH who="1" ten="250,240,250,250" step="2"/><V87/><F116/><W69/><G69/><T25/><D84/><U67/><E67/><V17/><F87/><W95/><G99/><T76/><D66/><U46/><E46/><V72/><F72/><W78/><REACH who="3" step="1"/><G53/><REACH who="3" ten="250,240,250,240" step="2"/><T16/><D65/><U97/><E97/><V89/><F117/><W24/><G24/><T10/><D10/><U21/><E21/><V0/><F11/><W31/><G31/><T48/><D8/><U105/><E105/><V62/><F119/><W100/><G100/><AGARI ba="0,2" hai="33,34,51,54,56,83,86,88,92,96,100" m="27648" machi="100" ten="70,16000,3" yaku="1,1,14,1,52,5,54,1,53,0" doraHai="55,120" doraHaiUra="12,32" who="1" fromWho="3" sc="250,0,240,180,250,0,240,-160" /><INIT seed="1,0,0,4,3,64" ten="250,420,250,80" oya="1" hai0="17,88,32,22,87,45,11,15,34,44,5,59,111" hai1="13,49,78,12,69,100,51,98,104,9,120,47,61" hai2="124,84,83,122,7,131,91,40,25,85,33,14,121" hai3="90,58,123,133,130,36,129,23,75,57,126,109,70"/><U16/><E120/><V52/><F124/><W20/><G75/><T63/><D111/><U89/><E78/><V110/><F110/><W29/><G123/><T132/><D132/><U92/><E47/><V18/><F131/><N who="3" m="50187" /><G109/><T118/><D34/><U108/><E108/><V95/><F40/><W56/><G126/><T8/><D32/><U106/><E106/><V119/><F7/><W55/><G133/><T68/><D68/><U77/><E77/><V81/><F95/><W97/><G36/><T125/><D118/><U6/><E69/><V71/><F71/><W24/><G23/><T41/><D125/><U94/><E61/><V30/><F52/><W48/><G70/><T135/><D135/><U117/><E117/><V4/><F4/><W10/><G10/><T46/><D41/><U115/><E115/><V86/><F86/><W105/><G90/><T107/><D107/><U43/><E43/><V134/><F134/><W128/><N who="3" m="50195" /><W127/><DORA hai="66" /><G127/><T35/><D35/><U73/><E73/><V53/><F53/><W19/><G29/><T74/><D5/><U112/><E104/><V72/><F72/><W102/><AGARI ba="0,0" hai="19,20,24,48,55,56,57,58,97,102,105" m="50195" machi="102" ten="40,1500,0" yaku="19,1" doraHai="64,66" who="3" fromWho="3" sc="250,-4,420,-7,250,-4,80,15" /><INIT seed="2,0,0,0,2,51" ten="246,413,246,95" oya="2" hai0="105,37,118,52,133,132,35,2,90,73,3,84,75" hai1="23,33,119,45,40,48,63,113,22,56,110,14,5" hai2="1,85,100,53,81,11,13,41,123,108,47,94,88" hai3="106,79,7,99,121,16,29,76,10,129,130,111,44"/><V115/><F115/><W86/><G121/><T0/><D37/><U122/><E113/><V95/><F123/><W72/><G72/><T65/><D65/><U83/><E33/><V30/><F108/><W87/><G29/><T112/><D112/><U57/><E110/><V80/><F30/><W31/><G31/><T24/><D105/><U26/><E119/><V117/><F1/><W17/><G111/><T103/><D103/><U82/><E57/><V54/><F117/><W77/><G44/><T46/><D24/><U39/><E39/><V6/><F81/><W74/><G74/><T15/><D15/><U104/><E104/><V70/><F70/><W125/><G125/><T9/><D9/><N who="1" m="4399" /><E23/><V12/><F12/><W21/><G99/><T64/><D64/><U66/><E122/><V120/><F120/><W134/><G106/><T78/><D78/><U92/><E92/><N who="2" m="35371" /><F100/><W127/><G127/><T4/><D4/><U28/><AGARI ba="0,0" hai="22,26,28,40,45,48,56,63,66,82,83" m="4399" machi="28" ten="30,1100,0" yaku="8,1" doraHai="51" who="1" fromWho="1" sc="246,-3,413,11,246,-5,95,-3" /><INIT seed="3,0,0,1,4,27" ten="243,424,241,92" oya="3" hai0="32,73,56,76,94,17,83,84,67,51,113,77,21" hai1="130,82,38,33,87,111,53,12,14,71,127,66,37" hai2="5,6,13,80,119,102,0,128,58,62,91,54,47" hai3="45,79,44,115,69,110,88,116,117,96,20,118,42"/><W75/><G115/><T93/><D32/><U106/><E106/><V107/><F119/><W40/><G110/><T48/><D113/><U26/><E66/><V129/><F0/><W98/><G69/><T10/><D10/><U61/><E127/><V133/><F133/><W19/><G79/><T50/><D76/><U86/><E130/><V97/><F47/><W132/><G75/><T109/><D109/><U108/><E26/><V65/><F65/><W68/><G68/><T23/><D73/><U131/><E53/><V18/><F91/><W104/><G132/><T55/><D67/><U4/><E33/><V43/><F80/><W15/><G44/><T2/><D2/><U59/><E59/><V16/><F18/><W103/><REACH who="3" step="1"/><G45/><REACH who="3" ten="243,424,241,82" step="2"/><T85/><D77/><N who="1" m="46415" /><E71/><V60/><F43/><W11/><G11/><T120/><D56/><U70/><E70/><V123/><F123/><W78/><G78/><T7/><D120/><U112/><E111/><V34/><F128/><W122/><G122/><T64/><D50/><U121/><E131/><V89/><F129/><W126/><G126/><T9/><D51/><U49/><E49/><V36/><F62/><W90/><G90/><T46/><D48/><U124/><E121/><V114/><F89/><W125/><G125/><T92/><D46/><U63/><E108/><V31/><F114/><W25/><G25/><T81/><D9/><U99/><E112/><V72/><F72/><W134/><G134/><T3/><D83/><U39/><E63/><V8/><F36/><W1/><G1/><T135/><D81/><U30/><E124/><RYUUKYOKU ba="0,1" sc="243,-15,424,-15,241,15,82,15" hai2="5,6,8,13,16,31,34,54,58,60,97,102,107" hai3="15,19,20,40,42,88,96,98,103,104,116,117,118" /><INIT seed="3,1,1,5,2,69" ten="228,409,256,97" oya="3" hai0="9,30,15,116,35,106,99,93,31,77,129,50,17" hai1="22,86,135,27,5,2,49,10,20,85,113,124,103" hai2="119,79,40,13,80,109,75,98,91,78,127,41,102" hai3="14,0,36,1,84,60,48,123,111,118,105,29,97"/><W63/><G118/><T107/><D116/><U120/><E120/><V104/><F119/><W66/><G123/><T53/><D77/><U100/><E113/><V54/><F109/><W64/><G111/><T28/><D35/><U21/><E135/><V95/><F127/><W55/><G29/><T72/><D72/><U46/><E124/><V32/><F32/><W81/><G36/><T70/><D70/><U58/><E58/><V16/><F54/><W121/><G121/><T3/><D3/><U4/><E4/><V130/><F79/><W132/><G132/><T92/><D129/><U52/><E27/><V94/><F94/><W114/><G114/><T115/><D115/><U110/><E110/><V108/><F130/><W38/><G38/><T134/><D93/><U90/><REACH who="1" step="1"/><E86/><REACH who="1" ten="228,399,256,97" step="2"/><V51/><F108/><W96/><G84/><T45/><REACH who="0" step="1"/><D134/><REACH who="0" ten="218,399,256,97" step="2"/><U71/><E71/><V126/><F126/><W26/><G1/><T62/><D62/><U74/><E74/><V122/><F122/><W73/><G0/><T23/><D23/><U11/><E11/><V39/><F75/><W59/><G73/><T8/><D8/><U12/><E12/><V65/><F13/><W83/><G14/><T68/><D68/><U33/><E33/><V128/><F128/><W82/><G26/><T56/><D56/><U133/><E133/><V7/><F78/><W19/><G63/><T61/><D61/><U89/><E89/><AGARI ba="1,3" hai="9,15,17,28,30,31,45,50,53,89,92,99,106,107" machi="89" ten="40,1300,0" yaku="1,1,53,0" doraHai="69" doraHaiUra="18" who="0" fromWho="1" sc="218,46,399,-16,256,0,97,0" /><INIT seed="4,0,0,0,4,79" ten="264,383,256,97" oya="0" hai0="97,13,44,121,27,19,31,15,40,37,110,58,55" hai1="36,130,57,124,107,123,46,61,64,6,85,23,115" hai2="108,89,60,1,125,16,94,50,7,14,39,101,112" hai3="93,43,42,71,72,106,95,128,21,56,131,20,67"/><T28/><D121/><U65/><E123/><V34/><F108/><W29/><G71/><T62/><D110/><U26/><E107/><V135/><F39/><W4/><G106/><T32/><D31/><U38/><E130/><V119/><F112/><W113/><G113/><T134/><D134/><U105/><E105/><V116/><F125/><W100/><G72/><T78/><D19/><U0/><E65/><V91/><F34/><W77/><G77/><T129/><D129/><U74/><E74/><V17/><F135/><W120/><G4/><T81/><REACH who="0" step="1"/><D97/><REACH who="0" ten="254,383,256,97" step="2"/><U122/><E122/><V48/><F17/><W12/><G29/><T25/><D25/><U98/><E98/><V88/><F116/><W117/><G120/><T99/><D99/><U92/><E26/><V102/><F119/><W24/><G117/><T11/><D11/><U75/><E115/><V18/><F18/><W132/><G24/><T22/><D22/><U68/><E23/><V84/><F7/><W45/><G132/><T53/><D53/><U111/><E6/><V69/><F16/><W5/><G21/><T10/><D10/><U3/><E111/><V82/><F1/><W96/><G20/><T87/><AGARI ba="0,1" hai="13,15,27,28,32,37,40,44,55,58,62,78,81,87" machi="87" ten="20,7800,0" yaku="1,1,0,1,7,1,52,1,53,0" doraHai="79" doraHaiUra="118" who="0" fromWho="0" sc="254,88,383,-26,256,-26,97,-26" /><INIT seed="4,1,0,0,3,135" ten="342,357,230,71" oya="0" hai0="33,67,129,1,122,134,119,70,88,55,13,78,9" hai1="2,82,17,110,114,8,115,49,35,24,131,92,39" hai2="69,98,124,3,45,12,51,71,90,46,20,107,37" hai3="103,112,0,127,48,93,44,108,99,126,58,31,54"/><T62/><D122/><U120/><E110/><V96/><F3/><W38/><G108/><T43/><D119/><U16/><E120/><V30/><F37/><W11/><G112/><N who="1" m="43050" /><E39/><V63/><F107/><W4/><REACH who="3" step="1"/><G31/><REACH who="3" ten="342,357,230,61" step="2"/><T101/><D134/><U21/><E131/><V59/><F30/><W52/><G52/><T29/><D55/><U117/><E117/><V83/><F71/><W32/><G32/><T36/><D29/><U94/><E35/><V73/><F69/><W64/><G64/><T10/><D33/><U105/><E105/><V102/><F46/><W81/><G81/><T77/><D67/><U86/><E92/><V125/><F45/><W100/><G100/><T25/><D101/><U66/><E94/><V104/><F104/><W84/><G84/><T75/><D70/><U113/><E66/><V42/><F102/><W27/><G27/><T22/><D25/><U111/><E111/><V128/><F128/><W130/><G130/><T57/><D129/><U74/><E86/><N who="2" m="50527" /><F73/><W19/><G19/><T89/><D75/><U132/><E132/><V87/><F87/><W18/><G18/><T26/><D26/><U91/><E113/><V34/><F34/><W97/><G97/><T28/><D28/><N who="1" m="17423" /><E74/><V60/><F98/><W65/><G65/><T95/><D95/><U15/><E82/><V85/><F85/><W116/><G116/><T68/><D68/><U7/><E17/><N who="2" m="10279" /><F96/><W118/><G118/><T5/><D89/><U61/><E91/><V41/><F41/><AGARI ba="1,1" hai="0,4,11,38,41,44,48,54,58,93,99,103,126,127" machi="41" ten="40,5200,0" yaku="1,1,52,2,53,0" doraHai="135" doraHaiUra="79" who="3" fromWho="2" sc="342,0,357,0,230,-55,61,65" /><INIT seed="5,0,0,3,5,85" ten="342,357,175,126" oya="1" hai0="116,108,129,79,16,64,21,62,2,98,34,103,91" hai1="7,107,100,81,14,124,109,43,84,90,42,75,41" hai2="12,3,95,10,89,4,5,113,66,58,112,9,51" hai3="105,59,127,86,96,32,38,52,67,132,122,48,118"/><U128/><E124/><V23/><F23/><W15/><G122/><T33/><D108/><U26/><E109/><V13/><F3/><W88/><G127/><T18/><D2/><U47/><E128/><V104/><F104/><W53/><G132/><T117/><D79/><U17/><E75/><V119/><F119/><N who="0" m="45642" /><D129/><U65/><E65/><V101/><F101/><W11/><G118/><T97/><D91/><U87/><E100/><V54/><REACH who="2" step="1"/><F66/><REACH who="2" ten="342,357,165,126" step="2"/><W40/><G32/><N who="0" m="12395" /><D21/><U126/><E126/><V92/><F92/><W37/><G67/><T110/><D110/><U69/><E107/><V114/><F114/><W76/><G105/><N who="0" m="63727" /><D98/><AGARI ba="0,1" hai="4,5,9,10,12,13,51,54,58,89,95,98,112,113" machi="98" ten="40,5200,0" yaku="1,1,9,1,52,1,53,0" doraHai="85" doraHaiUra="130" who="2" fromWho="0" sc="342,-52,357,0,165,62,126,0" /><INIT seed="6,0,0,1,2,12" ten="290,357,227,126" oya="2" hai0="103,54,127,90,101,94,16,53,78,84,111,133,6" hai1="59,28,46,108,115,77,135,73,114,126,100,10,125" hai2="41,61,74,17,72,67,11,122,99,23,14,22,97" hai3="57,44,134,132,83,63,120,19,18,107,80,36,119"/><V86/><F122/><W51/><G107/><T31/><D111/><U110/><E100/><V70/><F41/><W52/><G36/><T45/><D6/><U8/><E28/><V43/><F43/><W60/><G120/><T130/><D31/><U91/><E46/><V92/><F86/><W20/><G119/><T124/><D130/><U13/><E135/><N who="3" m="51754" /><G63/><T87/><D133/><U42/><E42/><V123/><F99/><W105/><G105/><T64/><D64/><U2/><E91/><V49/><F49/><W3/><G3/><T9/><D45/><U65/><E8/><V121/><F121/><W21/><G20/><T24/><D54/><U106/><E2/><V62/><F62/><W26/><G19/><T71/><D53/><AGARI ba="0,0" hai="18,21,26,44,51,52,53,57,60,80,83" m="51754" machi="53" ten="30,3900,0" yaku="20,1,52,1,54,1" doraHai="12" who="3" fromWho="0" sc="290,-39,357,0,227,0,126,39" /><INIT seed="7,0,0,0,1,89" ten="251,357,227,165" oya="3" hai0="96,45,88,118,52,53,125,4,129,69,90,60,54" hai1="85,51,14,40,44,115,91,25,119,46,104,92,67" hai2="31,12,124,5,70,58,37,120,73,72,87,76,66" hai3="95,59,1,18,107,29,17,113,106,49,50,135,20"/><W101/><G135/><T41/><D118/><U24/><E104/><V27/><F37/><W130/><G1/><T32/><D32/><U33/><E115/><V48/><F124/><W74/><G74/><T100/><D125/><U13/><E67/><V81/><F70/><W117/><G117/><T97/><D4/><U0/><E0/><V79/><F79/><W42/><G113/><T105/><D129/><U35/><E35/><V55/><F66/><W78/><G78/><T56/><D69/><U30/><E24/><V65/><F65/><W133/><G133/><T77/><D77/><U8/><E8/><V98/><F120/><W93/><G130/><T7/><D7/><U82/><E119/><V83/><F83/><W23/><G42/><T68/><D68/><U103/><E44/><V108/><F108/><W38/><G38/><T10/><D10/><U2/><E2/><V112/><F112/><W127/><G127/><T131/><D90/><U62/><E62/><V47/><F58/><W111/><G111/><T121/><D121/><U36/><E36/><V110/><F98/><W86/><G29/><T122/><D122/><U22/><E33/><N who="2" m="20735" /><F110/><W94/><G86/><T26/><D26/><U57/><E57/><V6/><F6/><W61/><G101/><T11/><D11/><U19/><E30/><V134/><F134/><W21/><G61/><T99/><D131/><U39/><E39/><V80/><F80/><W64/><G64/><N who="0" m="38919" /><D88/><N who="1" m="51255" /><E103/><V15/><F5/><W3/><G3/><T75/><D75/><N who="2" m="28746" /><F76/><W123/><G123/><T126/><D126/><U132/><E132/><RYUUKYOKU ba="0,0" sc="251,10,357,10,227,10,165,-30" hai0="41,45,52,53,54,96,97,99,100,105" hai1="13,14,19,22,25,40,46,51,91,92" hai2="12,15,47,48,55,81,87" owari="261,6.0,367,46.0,237,-16.0,135,-36.0" /></mjloggm>