<mjloggm ver="2.3"><GO type="185" lobby="0"/><UN n0="%E3%83%8F%E3%83%94%E3%83%AA%E3%83%83%E3%83%88" n1="%50%61%73%73%43%6F%64%65" n2="%E3%81%8A%E7%9F%A5%E3%82%89%E3%81%9B" n3="" dan="16,17,18,0" rate="2152.41,2284.21,2365.42,1500.00" sx="M,M,M,C"/><TAIKYOKU oya="0"/><INIT seed="0,0,0,1,2,65" ten="350,350,350,0" oya="0" hai0="109,123,58,62,42,55,76,39,35,108,122,131,61" hai1="2,132,60,119,113,110,59,126,33,67,85,78,37" hai2="99,54,120,40,91,90,105,64,52,134,121,79,46" hai3=""/><T130/><N who="0" m="31264" /><T63/><N who="0" m="31520" /><T38/><D35/><U50/><E119/><V75/><N who="2" m="30752" /><V102/><N who="2" m="31008" /><V66/><F134/><T41/><D76/><U93/><E2/><V34/><F34/><T47/><D41/><U101/><E37/><V104/><F104/><T68/><D38/><U128/><E132/><V77/><F64/><T82/><D82/><U133/><E113/><V124/><F66/><T53/><D68/><U117/><E117/><V32/><F124/><T0/><D0/><U97/><E126/><V44/><F32/><T100/><D100/><U83/><E133/><V51/><F54/><N who="0" m="20490" /><D58/><U69/><E33/><V129/><F129/><AGARI ba="0,0" hai="39,42,47,61,62,63,108,109,129,130,131" m="20490,31520,31264" machi="129" ten="40,12000,1" yaku="19,1,34,2,52,2" doraHai="65" who="0" fromWho="2" sc="350,120,350,0,350,-120,0,0" /><INIT seed="0,1,0,2,4,92" ten="470,350,230,0" oya="0" hai0="102,65,46,103,75,73,61,62,69,55,109,99,133" hai1="57,135,85,41,118,83,48,125,123,114,3,131,116" hai2="127,104,45,38,115,96,101,70,43,54,35,40,72" hai3=""/><T129/><D129/><U52/><N who="1" m="31520" /><U67/><E3/><V68/><F115/><T37/><D133/><U71/><E135/><V107/><F35/><T117/><D117/><U77/><E131/><V105/><F127/><T82/><D109/><U130/><E130/><V132/><F132/><T44/><D103/><U39/><E125/><V63/><F72/><T51/><D62/><U112/><E118/><V84/><F43/><T111/><D111/><U97/><E116/><V74/><F74/><T98/><D82/><U113/><E97/><V2/><F2/><T86/><D86/><U0/><E0/><V64/><F70/><T42/><REACH who="0" step="1"/><D99/><REACH who="0" ten="460,350,230,0" step="2"/><U120/><N who="1" m="30752" /><U119/><E119/><V49/><REACH who="2" step="1"/><F84/><REACH who="2" ten="460,350,220,0" step="2"/><T34/><D34/><U95/><E114/><V59/><AGARI ba="1,2" hai="38,40,45,49,54,59,63,64,68,96,101,104,105,107" machi="59" ten="20,9000,2" yaku="1,1,2,1,0,1,7,1,24,2,52,1,53,0" doraHai="92" doraHaiUra="91" who="2" fromWho="2" sc="460,-61,350,-31,220,112,0,0" /><INIT seed="1,0,0,4,0,120" ten="399,319,332,0" oya="1" hai0="124,123,71,3,116,100,92,53,114,74,117,55,63" hai1="85,125,40,52,49,130,79,38,88,34,42,69,56" hai2="113,132,86,2,110,121,83,1,84,72,119,90,68" hai3=""/><U82/><E34/><V48/><N who="2" m="31008" /><V0/><F119/><T51/><N who="0" m="31520" /><T44/><D3/><U61/><E130/><V87/><F132/><T65/><D74/><U57/><E125/><V47/><F113/><T103/><D114/><U78/><E69/><V64/><F72/><T111/><D111/><U41/><REACH who="1" step="1"/><E38/><REACH who="1" ten="399,309,332,0" step="2"/><V135/><F135/><T43/><D124/><U105/><E105/><V109/><F68/><T37/><D117/><U131/><E131/><V81/><F64/><AGARI ba="0,1" hai="40,41,42,49,52,56,57,61,64,78,79,82,85,88" machi="64" ten="40,12000,1" yaku="1,1,8,1,54,2,53,0" doraHai="120" doraHaiUra="97" who="1" fromWho="2" sc="399,0,309,130,332,-120,0,0" /><INIT seed="1,1,0,5,3,51" ten="399,439,212,0" oya="1" hai0="62,134,69,94,43,49,44,34,105,68,55,122,89" hai1="42,77,103,79,102,123,35,53,0,91,48,108,39" hai2="67,64,73,66,109,45,83,47,71,36,126,72,110" hai3=""/><U132/><N who="1" m="31520" /><U76/><E0/><V114/><F71/><T101/><N who="0" m="31264" /><T58/><D34/><U87/><E35/><V33/><F33/><T98/><REACH who="0" step="1"/><D134/><REACH who="0" ten="389,439,212,0" step="2"/><U88/><E132/><V54/><F114/><T85/><AGARI ba="1,1" hai="43,44,49,55,58,62,68,69,85,89,94,98,101,105" m="31264" machi="85" ten="20,9000,2" yaku="1,1,2,1,0,1,7,1,52,2,53,1" doraHai="51" doraHaiUra="38" who="0" fromWho="0" sc="389,102,439,-61,212,-31,0,0" /><INIT seed="2,0,0,4,0,114" ten="491,378,181,0" oya="2" hai0="41,112,83,40,61,1,3,123,72,0,97,50,85" hai1="34,52,74,77,128,32,54,133,57,49,113,64,78" hai2="66,68,134,99,116,51,104,69,111,58,46,119,45" hai3=""/><V95/><F104/><T135/><N who="0" m="31520" /><T42/><D72/><U65/><E113/><V132/><F111/><T98/><D112/><U89/><E133/><N who="2" m="51307" /><F58/><T109/><D109/><U33/><E128/><V36/><F36/><T107/><D135/><U102/><E102/><V38/><F38/><T121/><N who="0" m="31008" /><T126/><D126/><U82/><E78/><V101/><F45/><T91/><D61/><U100/><E100/><V43/><F66/><T56/><REACH who="0" step="1"/><D107/><REACH who="0" ten="481,378,181,0" step="2"/><U47/><REACH who="1" step="1"/><E89/><REACH who="1" ten="481,368,181,0" step="2"/><V103/><F103/><T70/><D70/><AGARI ba="0,2" hai="43,46,51,68,69,70,95,99,101,116,119" m="51307" machi="70" ten="30,5800,0" yaku="20,1,52,2" doraHai="114" who="2" fromWho="0" sc="481,-58,368,0,181,78,0,0" /><INIT seed="2,1,0,0,4,97" ten="423,368,259,0" oya="2" hai0="100,112,88,90,124,119,51,62,0,114,67,43,135" hai1="78,105,61,69,125,108,133,76,1,77,127,55,122" hai2="81,71,56,72,107,74,104,111,48,86,106,40,34" hai3=""/><V134/><F34/><T58/><D0/><U64/><N who="1" m="31264" /><U121/><N who="1" m="31008" /><U52/><E1/><V99/><F71/><T117/><D124/><N who="1" m="47691" /><E108/><V50/><F134/><T79/><D135/><U120/><N who="1" m="30752" /><U102/><E133/><V35/><F35/><T54/><D79/><U49/><E49/><V129/><F129/><T65/><D100/><U46/><E46/><V57/><F99/><AGARI ba="1,0" hai="52,55,61,64,69,76,77,78,99,102,105" m="30752,47691,31008,31264" machi="99" ten="30,12000,2" yaku="18,1,52,4,54,1" doraHai="97" who="1" fromWho="2" sc="423,0,368,122,259,-122,0,0" /><INIT seed="4,0,0,1,3,48" ten="423,490,137,0" oya="0" hai0="64,2,55,0,53,91,119,35,108,32,66,82,128" hai1="105,113,63,92,45,117,125,135,34,73,61,79,80" hai2="132,86,121,83,122,101,69,40,71,72,97,41,103" hai3=""/><T57/><D119/><U112/><E117/><V107/><N who="2" m="31008" /><V96/><N who="2" m="31264" /><V36/><F72/><T124/><D128/><U106/><E34/><V47/><F41/><T44/><D124/><U89/><E125/><V59/><F132/><T51/><D108/><U88/><E135/><V104/><REACH who="2" step="1"/><F59/><REACH who="2" ten="423,490,127,0" step="2"/><T111/><D111/><U120/><N who="1" m="30752" /><U42/><E42/><V67/><F67/><T126/><D32/><U81/><E73/><V134/><F134/><T95/><D35/><U114/><E113/><V78/><AGARI ba="0,1" hai="36,40,47,69,71,78,83,86,96,97,101,103,104,107" m="31264,31008" machi="78" ten="20,9000,2" yaku="1,1,0,1,7,1,9,1,52,2,53,0" doraHai="48" doraHaiUra="123" who="2" fromWho="2" sc="423,-60,490,-30,127,100,0,0" /><INIT seed="5,0,0,3,5,79" ten="363,460,227,0" oya="1" hai0="74,47,113,135,90,45,124,37,78,106,118,134,87" hai1="32,71,103,105,62,77,84,82,130,63,50,52,111" hai2="0,122,35,64,61,73,123,41,80,1,117,72,43" hai3=""/><U68/><E32/><V57/><N who="2" m="31264" /><V96/><N who="2" m="31520" /><V85/><F35/><T129/><D106/><U97/><E130/><V109/><F117/><T46/><D118/><U127/><E127/><V55/><F109/><T115/><D124/><U34/><E34/><V39/><F96/><T119/><D119/><U102/><E103/><V76/><F55/><T108/><D108/><U94/><E111/><V89/><F72/><T81/><D37/><U58/><REACH who="1" step="1"/><E105/><REACH who="1" ten="363,450,227,0" step="2"/><V125/><F125/><T98/><D129/><U60/><AGARI ba="0,1" hai="50,52,58,60,62,63,68,71,77,82,84,94,97,102" machi="60" ten="30,8000,1" yaku="1,1,2,1,0,1,52,1,54,1,53,0" doraHai="79" doraHaiUra="128" who="1" fromWho="1" sc="363,-40,450,90,227,-40,0,0" /><INIT seed="5,1,0,2,3,70" ten="323,540,187,0" oya="1" hai0="91,39,104,111,125,130,127,107,64,60,52,58,80" hai1="43,109,41,57,53,51,76,81,114,1,40,134,0" hai2="132,63,126,73,108,46,101,42,50,77,121,83,84" hai3=""/><U122/><N who="1" m="31264" /><U129/><E114/><V88/><N who="2" m="31008" /><V45/><F126/><N who="0" m="48138" /><D111/><U110/><E134/><V112/><F108/><N who="1" m="41577" /><E129/><V44/><F132/><T71/><D130/><U128/><E128/><V32/><F32/><T102/><D102/><U116/><E116/><V99/><F63/><T117/><D117/><U89/><E89/><V62/><F62/><T131/><D131/><U66/><E66/><V68/><F68/><T78/><D91/><U35/><E35/><V34/><F112/><T118/><D118/><U93/><E93/><V37/><F50/><T103/><D103/><U96/><E96/><V97/><F97/><T92/><D92/><U135/><E135/><V90/><F34/><T87/><D39/><U100/><E100/><V119/><F119/><T59/><D71/><U124/><E124/><V74/><F90/><T69/><D69/><U133/><E133/><V61/><F101/><T67/><D67/><U54/><E53/><V49/><F99/><T2/><D52/><U47/><E57/><V79/><F88/><T105/><D59/><U38/><E38/><V106/><F37/><T55/><D64/><U56/><E56/><V85/><F106/><T94/><D94/><U95/><E51/><V36/><F49/><RYUUKYOKU ba="1,0" sc="323,20,540,-10,187,-10,0,0" hai0="2,55,58,60,78,80,87,104,105,107" /><INIT seed="6,2,0,3,3,1" ten="343,530,177,0" oya="2" hai0="67,48,79,115,96,76,45,119,114,116,112,117,125" hai1="110,41,36,52,2,74,63,97,35,40,59,129,99" hai2="81,132,68,39,101,134,122,127,66,94,50,55,38" hai3=""/><V130/><N who="2" m="31264" /><V57/><F81/><T135/><D96/><U120/><N who="1" m="30752" /><U53/><E110/><V83/><F83/><T34/><D34/><U82/><E2/><V78/><F78/><T89/><D89/><U51/><E35/><V109/><F127/><T0/><D0/><U102/><E36/><N who="2" m="13867" /><F94/><T128/><D125/><U106/><E99/><V91/><F91/><T73/><D73/><U3/><E3/><V121/><N who="2" m="31008" /><V118/><F101/><T104/><D104/><U65/><E53/><V46/><F118/><T107/><D107/><U56/><E82/><V126/><F126/><T69/><D79/><U47/><E74/><V77/><F77/><T131/><D76/><U111/><E97/><V75/><F75/><T85/><D85/><U71/><E102/><V60/><F109/><T123/><D117/><U95/><E95/><V93/><F93/><T100/><D116/><U80/><E80/><V62/><F130/><T43/><D119/><U113/><E129/><V84/><F84/><T58/><D128/><U103/><E103/><V61/><F61/><T54/><D131/><U42/><E111/><V72/><F72/><T37/><D100/><U105/><E106/><V33/><F33/><T108/><D123/><RYUUKYOKU ba="2,0" sc="343,-10,530,-10,177,20,0,0" hai2="46,50,55,57,60,62,66,68,132,134" /><INIT seed="6,3,0,1,0,73" ten="333,520,197,0" oya="2" hai0="43,66,122,109,76,1,127,88,54,93,104,80,33" hai1="59,2,87,34,78,117,64,39,96,92,123,90,95" hai2="102,44,124,85,38,130,133,98,47,116,89,131,106" hai3=""/><V32/><F116/><T62/><N who="0" m="31264" /><T61/><D1/><U107/><N who="1" m="31520" /><U135/><E34/><V112/><F32/><T57/><D33/><U50/><E2/><V75/><F124/><T53/><D104/><U118/><E39/><V56/><F133/><T72/><D109/><U55/><E135/><V68/><F68/><T77/><D127/><U0/><E0/><V48/><F75/><T79/><D43/><U49/><E107/><V36/><F56/><T35/><D35/><U99/><E64/><V69/><F69/><T3/><D3/><U134/><E134/><V45/><F48/><T100/><D100/><U91/><E50/><V111/><F111/><T114/><D114/><U120/><N who="1" m="30752" /><U119/><E78/><V115/><F36/><T132/><D132/><U103/><E87/><V86/><F86/><T81/><D72/><U71/><E71/><V40/><F40/><T84/><D62/><U126/><E126/><V37/><F37/><T65/><D65/><U41/><E41/><V74/><F74/><T58/><D58/><U83/><E83/><AGARI ba="3,0" hai="53,54,57,61,66,76,77,79,80,81,83,84,88,93" m="31264" machi="83" ten="40,12000,2" yaku="8,1,52,4,54,1" doraHai="73" who="0" fromWho="1" sc="333,126,520,-126,197,0,0,0" owari="459,41.0,394,-1.0,197,-40.0,0,0.0" /></mjloggm>