<mjloggm ver="2.3"><GO type="169" lobby="0"/><UN n0="%E3%81%94%E3%81%A7%E3%81%83%E3%82%93%E6%94%B9" n1="%E5%85%AD%E9%83%A8%E5%9C%AD" n2="%E3%81%97%E3%81%BE%E3%81%A0%E3%81%BE%32" n3="%E9%9B%A3%E6%94%BB%E4%B8%8D%E8%90%BD%E3%81%AE%E9%89%84%E9%A8%8E%E5%85%B5" dan="18,16,16,16" rate="2209.71,2113.52,2056.22,2108.97" sx="F,M,M,M"/><TAIKYOKU oya="0"/><INIT seed="0,0,0,3,5,46" ten="250,250,250,250" oya="0" hai0="36,83,106,79,7,73,37,49,69,43,92,3,18" hai1="95,130,100,4,35,22,104,25,65,127,2,62,58" hai2="74,23,64,84,29,51,50,30,9,20,131,63,86" hai3="128,88,113,118,125,39,96,78,1,12,8,120,97"/><T16/><D106/><U111/><E35/><V114/><F74/><W93/><G118/><T67/><D67/><U40/><E104/><V110/><F114/><W98/><G113/><T38/><D69/><U117/><E117/><V13/><F110/><W76/><G1/><T17/><D92/><U121/><E121/><V94/><F131/><W19/><G39/><T0/><REACH who="0" step="1"/><D7/><REACH who="0" ten="240,250,250,250" step="2"/><U48/><E4/><V45/><F94/><W24/><G120/><T27/><D27/><U44/><E95/><V42/><F30/><W57/><G128/><T135/><D135/><U14/><E65/><V119/><F119/><W28/><G125/><T123/><D123/><U61/><E127/><V134/><F134/><W108/><G108/><T89/><D89/><U112/><E111/><V52/><F29/><W60/><G97/><T133/><D133/><U54/><E130/><V77/><F77/><W126/><G126/><T116/><D116/><U5/><E5/><N who="2" m="3247" /><F64/><W90/><G90/><T82/><D82/><U72/><E112/><V122/><F122/><W47/><G98/><T26/><D26/><U53/><E25/><V87/><F63/><W66/><REACH who="3" step="1"/><G47/><AGARI ba="0,1" hai="0,3,16,17,18,36,37,38,43,47,49,73,79,83" machi="47" ten="50,9600,0" yaku="1,1,52,1,54,1,53,0" doraHai="46" doraHaiUra="132" who="0" fromWho="3" sc="240,106,250,0,250,0,250,-96" /><AGARI ba="0,0" hai="20,23,42,45,47,50,51,52,84,86,87" m="3247" machi="47" ten="30,7700,0" yaku="8,1,52,2,54,1" doraHai="46" who="2" fromWho="3" sc="346,0,250,0,250,77,154,-77" /><INIT seed="0,1,0,5,1,93" ten="346,250,327,77" oya="0" hai0="42,4,28,71,47,132,76,96,106,112,124,83,2" hai1="89,133,53,70,31,77,46,131,13,74,130,51,66" hai2="87,23,102,86,97,68,17,10,125,0,126,55,38" hai3="121,12,26,134,90,128,57,52,114,100,29,33,98"/><T20/><D112/><U49/><E133/><V113/><F68/><W24/><G114/><T118/><D118/><U78/><E31/><V105/><F38/><W101/><G134/><T18/><D132/><U94/><E74/><V7/><F55/><W80/><G128/><N who="1" m="49194" /><E13/><V14/><REACH who="2" step="1"/><F113/><REACH who="2" ten="346,250,317,77" step="2"/><W5/><G121/><T79/><D71/><U41/><E70/><V103/><F103/><W19/><G101/><T91/><D124/><AGARI ba="1,1" hai="0,7,10,14,17,23,86,87,97,102,105,124,125,126" machi="124" ten="40,5200,0" yaku="1,1,18,1,52,1,53,0" doraHai="93" doraHaiUra="75" who="2" fromWho="0" sc="346,-55,250,0,317,65,77,0" /><INIT seed="1,0,0,0,1,38" ten="291,250,382,77" oya="1" hai0="15,103,113,7,9,13,16,73,96,74,55,127,26" hai1="118,42,75,66,44,133,76,50,109,69,39,116,59" hai2="46,122,128,45,5,67,32,49,94,56,12,93,36" hai3="106,22,105,64,17,29,62,123,18,31,60,3,37"/><U90/><E133/><V11/><F128/><W95/><G37/><T43/><D113/><U63/><E109/><V54/><F32/><W124/><G3/><T57/><D127/><U120/><E90/><V89/><F122/><W14/><G124/><T8/><D26/><U6/><E6/><V108/><F108/><W117/><G95/><T98/><D43/><U33/><E33/><V20/><F94/><W111/><G111/><T65/><D65/><U24/><E120/><V134/><F134/><W121/><G14/><T4/><D4/><U131/><E24/><V52/><F67/><W86/><G64/><T88/><D98/><U23/><E23/><V21/><F46/><W71/><G22/><T97/><D97/><U104/><E104/><V68/><F68/><W81/><G86/><T112/><D112/><U30/><E30/><V80/><F80/><W110/><G110/><T51/><REACH who="0" step="1"/><D88/><REACH who="0" ten="281,250,382,77" step="2"/><U2/><E131/><V126/><F126/><W83/><REACH who="3" step="1"/><G117/><REACH who="3" ten="281,250,382,67" step="2"/><T100/><D100/><U135/><E135/><V91/><F36/><W0/><G0/><T107/><AGARI ba="0,2" hai="7,8,9,13,15,16,51,55,57,73,74,96,103,107" machi="107" ten="20,5200,0" yaku="1,1,0,1,7,1,54,1,53,0" doraHai="38" doraHaiUra="72" who="0" fromWho="0" sc="281,72,250,-26,382,-13,67,-13" /><INIT seed="2,0,0,5,5,105" ten="353,224,369,54" oya="2" hai0="40,68,7,46,125,135,97,111,56,57,118,29,81" hai1="12,42,26,63,60,110,129,53,70,36,83,99,87" hai2="82,131,54,73,128,90,95,75,84,48,20,133,134" hai3="89,76,71,10,101,74,91,103,41,58,32,112,88"/><V49/><F20/><W35/><G71/><T79/><D111/><U11/><E110/><V50/><F54/><W127/><G127/><T66/><D125/><U117/><E117/><V62/><F62/><W19/><G112/><T17/><D135/><N who="2" m="51722" /><F95/><W85/><G41/><T44/><D118/><U72/><E129/><AGARI ba="0,0" hai="48,49,50,73,75,82,84,90,128,129,131" m="51722" machi="129" ten="40,12000,1" yaku="19,1,20,1,52,2" doraHai="105" who="2" fromWho="1" sc="353,0,224,-120,369,120,54,0" /><INIT seed="2,1,0,2,0,88" ten="353,104,489,54" oya="2" hai0="7,50,92,15,40,66,13,5,78,8,118,25,104" hai1="4,111,24,60,51,131,56,124,113,19,99,59,0" hai2="91,65,96,64,80,17,135,105,110,37,2,123,116" hai3="55,23,38,29,35,72,86,45,18,93,62,28,84"/><V108/><F116/><W61/><G72/><T21/><D104/><U10/><E113/><V114/><F123/><W32/><G38/><T36/><D36/><U42/><E111/><V6/><F114/><W31/><G35/><T115/><D115/><U89/><E131/><V30/><F135/><W46/><G32/><T121/><D121/><U126/><E24/><V39/><F30/><W26/><G84/><T12/><D118/><U117/><E117/><V33/><F33/><W100/><G86/><T132/><D66/><U11/><E11/><N who="2" m="2519" /><F80/><W106/><G106/><T102/><D78/><U54/><E19/><V22/><F65/><W109/><G109/><N who="2" m="42089" /><F64/><W101/><G101/><T70/><D132/><U95/><REACH who="1" step="1"/><E59/><REACH who="1" ten="353,94,489,54" step="2"/><V125/><F17/><W73/><G18/><N who="0" m="12471" /><D8/><U133/><E133/><V107/><F22/><W67/><G23/><T68/><D68/><U34/><E34/><V53/><F107/><W97/><G26/><T1/><D70/><U134/><E134/><V63/><F105/><W120/><G120/><T79/><D7/><U98/><E98/><V27/><F27/><W20/><G20/><T69/><D5/><U127/><E127/><V85/><F125/><W47/><G29/><T14/><D69/><U75/><E75/><V52/><F85/><W57/><REACH who="3" step="1"/><G73/><REACH who="3" ten="353,94,489,44" step="2"/><T76/><N who="0" m="3072" /><DORA hai="74" /><T94/><D1/><U3/><E3/><V41/><F96/><W77/><G77/><T9/><D79/><U48/><E48/><V112/><F112/><W130/><G130/><T128/><D76/><U49/><E49/><V90/><F39/><W44/><G44/><AGARI ba="1,2" hai="0,4,10,42,44,51,54,56,60,89,95,99,124,126" machi="44" ten="40,8000,1" yaku="1,1,6,1,52,1,53,1" doraHai="88,74" doraHaiUra="87,83" who="1" fromWho="3" sc="353,0,94,103,489,0,44,-83" owari="353,15.0,197,-20.0,489,59.0,-39,-54.0" /></mjloggm>