<mjloggm ver="2.3"><GO type="169" lobby="0"/><UN n0="%E3%82%B7%E3%83%B3%E3%83%9C%E3%83%AA%E3%83%AB%E3%83%89%E3%83%AB%E3%83%95" n1="%45%6D%69%75" n2="%E3%82%B6%E2%98%85%E3%82%B5%E3%83%B3%E3%83%9E%E9%81%93%E6%A5%BD" n3="%E8%8B%B1%E5%9B%BD%E5%A3%B2%E5%8D%B4" dan="16,18,16,16" rate="2132.89,2244.96,2108.09,2178.20" sx="M,M,M,M"/><TAIKYOKU oya="0"/><INIT seed="0,0,0,1,5,27" ten="250,250,250,250" oya="0" hai0="98,64,58,95,20,79,84,45,81,6,68,24,25" hai1="49,120,35,60,54,17,135,52,55,73,126,31,91" hai2="88,123,92,76,130,70,39,15,94,12,41,74,121" hai3="86,9,11,42,65,0,99,8,115,114,33,28,1"/><T100/><D68/><U101/><E120/><V125/><F70/><W29/><G42/><T10/><D45/><U48/><E126/><V116/><F125/><W97/><G86/><T107/><D107/><U113/><E135/><V72/><F41/><W63/><G33/><T3/><REACH who="0" step="1"/><D20/><REACH who="0" ten="240,250,250,250" step="2"/><U38/><E35/><V132/><F132/><W85/><G85/><T34/><D34/><U59/><E113/><V22/><F22/><W110/><G110/><T109/><D109/><U62/><E59/><V66/><F74/><W30/><G114/><T82/><D82/><U44/><E73/><V134/><F72/><W14/><G115/><T106/><D106/><U56/><E44/><V104/><F104/><W127/><G127/><T102/><D102/><U61/><E56/><V119/><F134/><W105/><G105/><T51/><D51/><U108/><E101/><V129/><F39/><W133/><G133/><T40/><D40/><U117/><E48/><V89/><F76/><W124/><G124/><T50/><D50/><U7/><E49/><V122/><F123/><W75/><G75/><T112/><D112/><U93/><E38/><V69/><F69/><W36/><G36/><T87/><D87/><U21/><E108/><V19/><F122/><W47/><G47/><T57/><D57/><U26/><E21/><V5/><F121/><W131/><G97/><T96/><D96/><U71/><E71/><V118/><F119/><W46/><G99/><T37/><D37/><U111/><E111/><V13/><F118/><W23/><G46/><T2/><D2/><U77/><E117/><RYUUKYOKU ba="0,1" sc="240,30,250,-10,250,-10,250,-10" hai0="3,6,10,24,25,58,64,79,81,84,95,98,100" /><INIT seed="0,1,1,3,3,49" ten="270,240,240,240" oya="0" hai0="37,52,98,67,97,119,26,100,91,123,19,41,24" hai1="62,71,14,15,73,31,111,2,99,33,77,88,56" hai2="35,110,102,43,16,61,34,53,32,11,129,78,132" hai3="133,13,55,90,54,108,9,58,112,107,20,125,134"/><T130/><D119/><U65/><E111/><V83/><F110/><W23/><G112/><T12/><D123/><U29/><E2/><V101/><F129/><W92/><G107/><T115/><D115/><U66/><E73/><V124/><F43/><W47/><G125/><T81/><D67/><U96/><E77/><V70/><F124/><W109/><G47/><T87/><D41/><U50/><E33/><V89/><F89/><W104/><G104/><T7/><D7/><U27/><E99/><N who="0" m="37897" /><D37/><U60/><E50/><V84/><F70/><W105/><G105/><T51/><D100/><U22/><REACH who="1" step="1"/><E29/><REACH who="1" ten="270,230,240,240" step="2"/><V82/><F34/><W57/><G90/><T3/><D3/><U114/><E114/><V10/><F32/><W21/><G108/><T18/><D130/><U25/><E25/><N who="0" m="9833" /><D12/><U120/><E120/><V103/><F35/><W1/><G109/><T6/><D6/><U95/><AGARI ba="1,2" hai="14,15,22,27,31,56,60,62,65,66,71,88,95,96" machi="95" ten="30,4000,0" yaku="1,1,0,1,54,1,53,0" doraHai="49" doraHaiUra="38" who="1" fromWho="1" sc="270,-21,230,63,240,-11,240,-11" /><INIT seed="1,0,0,0,4,57" ten="249,293,229,229" oya="1" hai0="23,126,9,33,99,120,114,53,19,101,10,73,108" hai1="105,45,6,83,15,46,98,89,84,13,124,75,24" hai2="72,103,50,63,1,44,7,131,97,2,92,51,104" hai3="117,58,76,30,25,60,12,54,86,125,48,82,112"/><U11/><E124/><V87/><F131/><W43/><G125/><T115/><D33/><U85/><E75/><V32/><F32/><W28/><G112/><T66/><D73/><U130/><E130/><V119/><F119/><W96/><G117/><T100/><D126/><U42/><E24/><V56/><F72/><W80/><G96/><T106/><D120/><U34/><E34/><V127/><F127/><W68/><G68/><T79/><D79/><U40/><E105/><V65/><F7/><W36/><G36/><T113/><D100/><U0/><E98/><V47/><F87/><W4/><G25/><T61/><D53/><U3/><E3/><V110/><F110/><W109/><G82/><T14/><REACH who="0" step="1"/><D108/><REACH who="0" ten="239,293,229,229" step="2"/><U21/><E40/><V59/><F104/><W122/><G109/><T121/><D121/><U111/><E42/><N who="2" m="24951" /><F2/><W39/><G122/><T90/><D90/><U55/><E0/><V35/><F1/><W102/><G102/><T16/><D16/><N who="1" m="10399" /><E55/><N who="2" m="30183" /><F35/><W41/><G41/><T81/><D81/><N who="1" m="49295" /><E111/><V49/><F49/><W20/><G39/><T52/><D52/><U26/><E26/><V74/><F74/><W27/><G43/><T94/><D94/><U5/><E6/><V123/><F123/><W38/><G38/><T95/><D95/><U134/><E134/><V88/><F103/><W107/><G107/><T135/><D135/><U70/><E70/><AGARI ba="0,1" hai="9,10,14,19,23,61,66,70,99,101,106,113,114,115" machi="70" ten="40,2600,0" yaku="1,1,52,1,53,0" doraHai="57" doraHaiUra="31" who="0" fromWho="1" sc="239,36,293,-26,229,0,229,0" /><INIT seed="2,0,0,3,4,65" ten="275,267,229,229" oya="2" hai0="129,56,62,48,44,93,89,21,115,58,22,114,103" hai1="86,76,49,134,116,63,2,104,118,85,70,59,130" hai2="68,40,124,64,109,14,27,96,117,75,84,33,38" hai3="29,120,69,16,13,30,46,119,8,4,126,34,9"/><V39/><F117/><W78/><G119/><T82/><D129/><U71/><E130/><V91/><F75/><W87/><G120/><T79/><D103/><U111/><E104/><V133/><F133/><W135/><G135/><T102/><D102/><U57/><E134/><V54/><F124/><W108/><G108/><T7/><D58/><U26/><E2/><V52/><F96/><W105/><G105/><T36/><D36/><U100/><E100/><V131/><F131/><W10/><G69/><T112/><D7/><U81/><E111/><V77/><F77/><W18/><G46/><T6/><D6/><U72/><E72/><V1/><F1/><W20/><G78/><T95/><D95/><U107/><E107/><V31/><F14/><N who="3" m="7239" /><G87/><T99/><D82/><U24/><E76/><V125/><F125/><W132/><G132/><T123/><D79/><U12/><E81/><V60/><F109/><W47/><G47/><T55/><REACH who="0" step="1"/><D123/><REACH who="0" ten="265,267,229,229" step="2"/><U15/><REACH who="1" step="1"/><E63/><REACH who="1" ten="265,257,229,229" step="2"/><V90/><F90/><W5/><G126/><T42/><AGARI ba="0,2" hai="21,22,42,44,48,55,56,62,89,93,99,112,114,115" machi="42" ten="30,4000,0" yaku="1,1,2,1,0,1,53,0" doraHai="65" doraHaiUra="98" who="0" fromWho="0" sc="265,60,257,-10,229,-20,229,-10" /><INIT seed="3,0,0,2,2,115" ten="325,247,209,219" oya="3" hai0="50,63,126,129,28,92,121,88,78,127,19,85,32" hai1="4,70,42,59,75,95,103,72,116,118,8,112,15" hai2="53,83,97,76,114,61,0,119,111,102,52,84,46" hai3="2,93,74,82,22,7,69,67,117,23,131,3,132"/><W110/><G93/><T120/><D32/><U62/><E70/><V40/><F114/><W89/><G89/><T37/><D28/><U135/><E112/><V34/><F34/><W18/><G67/><T16/><D37/><U36/><E135/><V29/><F29/><W65/><G65/><T96/><D63/><U27/><E27/><V56/><F0/><N who="3" m="43" /><G82/><N who="0" m="47319" /><D129/><U57/><E57/><V38/><F111/><W48/><G48/><T113/><D113/><U104/><E104/><V79/><F76/><W108/><G74/><T101/><D50/><U130/><E130/><V1/><F1/><W10/><G69/><T91/><D91/><U47/><E103/><V60/><F60/><W39/><G39/><T80/><D19/><U90/><E75/><V107/><REACH who="2" step="1"/><F53/><REACH who="2" ten="325,247,199,219" step="2"/><W71/><G131/><T55/><D55/><U9/><E72/><V105/><F105/><W24/><G132/><T12/><D121/><U98/><REACH who="1" step="1"/><E9/><REACH who="1" ten="325,237,199,219" step="2"/><V73/><F73/><W123/><G110/><T45/><D120/><U100/><E100/><V64/><F64/><AGARI ba="0,2" hai="4,8,15,36,42,47,59,62,64,90,95,98,116,118" machi="64" ten="40,5200,0" yaku="1,1,52,2,53,0" doraHai="115" doraHaiUra="35" who="1" fromWho="2" sc="325,0,237,72,199,-52,219,0" /><INIT seed="4,0,0,0,5,67" ten="325,309,147,219" oya="0" hai0="77,96,112,78,12,125,110,36,66,95,79,49,32" hai1="127,48,72,56,54,6,14,58,40,8,19,29,65" hai2="75,91,84,25,117,98,83,107,126,122,23,27,61" hai3="34,106,94,16,42,120,85,111,116,45,43,124,105"/><T131/><D36/><U113/><E72/><V97/><F122/><W38/><G116/><T5/><D32/><U20/><E127/><V7/><F126/><W62/><G124/><T50/><D125/><U100/><E113/><V129/><F129/><W47/><G111/><T92/><D112/><U1/><E100/><V69/><F75/><W89/><G34/><T123/><D123/><U63/><E40/><V132/><F132/><W73/><G73/><T11/><D131/><U81/><E81/><V102/><F7/><W101/><G101/><T13/><D110/><U18/><E18/><V30/><F98/><W41/><G41/><T4/><D66/><U135/><REACH who="1" step="1"/><E29/><REACH who="1" ten="325,299,147,219" step="2"/><V26/><F117/><W51/><G120/><T133/><D133/><AGARI ba="0,1" hai="1,6,8,14,19,20,48,54,56,58,63,65,133,135" machi="133" ten="40,2600,0" yaku="1,1,2,1,53,0" doraHai="67" doraHaiUra="93" who="1" fromWho="0" sc="325,-26,299,36,147,0,219,0" /><INIT seed="5,0,0,3,2,80" ten="299,335,147,219" oya="1" hai0="22,134,113,15,9,3,102,87,29,26,68,97,39" hai1="66,104,77,12,14,21,48,25,110,53,85,24,93" hai2="35,107,37,57,129,61,79,120,23,67,31,131,59" hai3="7,0,46,64,133,44,83,116,91,1,124,10,75"/><U16/><E104/><V40/><F35/><W49/><G124/><T76/><D113/><U62/><E110/><V30/><F120/><W90/><G133/><T63/><D134/><U71/><E12/><V130/><F107/><W36/><G116/><T13/><D39/><U60/><E60/><V4/><F4/><W27/><G64/><T19/><D3/><U99/><E77/><V122/><F122/><W89/><G27/><T54/><D15/><U121/><E121/><V96/><F96/><W58/><G58/><T5/><D68/><U34/><E34/><V47/><F79/><N who="3" m="44543" /><G1/><T33/><D54/><U20/><E20/><V6/><F6/><W100/><G100/><T17/><D63/><U114/><E114/><V73/><F73/><W127/><G127/><T111/><D111/><U92/><E92/><V2/><F2/><W88/><G91/><T125/><D125/><U51/><E51/><V43/><F43/><N who="3" m="22631" /><G90/><T8/><D8/><U135/><E135/><V105/><F105/><W52/><AGARI ba="0,0" hai="0,7,10,46,49,52,88,89" m="22631,44543" machi="52" ten="30,4000,0" yaku="25,1,54,2" doraHai="80" who="3" fromWho="3" sc="299,-10,335,-20,147,-10,219,40" /><INIT seed="6,0,0,2,1,98" ten="289,315,137,259" oya="2" hai0="106,32,90,58,108,116,19,130,17,54,13,59,91" hai1="22,24,113,93,39,86,52,126,84,119,70,14,16" hai2="101,118,134,80,79,72,107,120,47,121,2,115,133" hai3="81,132,100,10,50,112,63,56,97,125,94,41,11"/><V85/><F2/><W23/><G125/><T95/><D108/><U40/><E119/><V127/><F47/><N who="3" m="25967" /><G132/><N who="2" m="50793" /><F118/><W76/><G112/><T68/><D68/><U82/><E70/><V9/><F9/><W92/><G92/><T105/><D32/><U36/><E113/><V124/><F85/><N who="3" m="48295" /><G23/><T20/><D130/><U88/><E126/><N who="2" m="48171" /><F115/><W34/><G34/><T99/><D116/><U25/><E39/><V104/><F104/><W96/><G96/><AGARI ba="0,0" hai="72,79,80,96,101,107,120,121" m="48171,50793" machi="96" ten="30,18000,2" yaku="20,1,18,1,23,1,34,2,52,1" doraHai="98" who="2" fromWho="3" sc="289,0,315,0,137,180,259,-180" /><INIT seed="6,1,0,3,2,40" ten="289,315,317,79" oya="2" hai0="55,87,120,48,33,62,90,121,61,38,88,42,83" hai1="89,64,24,68,98,80,86,8,93,60,95,25,20" hai2="100,63,21,22,32,129,58,30,65,113,91,134,67" hai3="112,44,16,85,69,19,119,73,74,4,105,29,92"/><V72/><F113/><W9/><G119/><T108/><D33/><U43/><E8/><V45/><F129/><W52/><G105/><T39/><D108/><U118/><E118/><V2/><F134/><W116/><G69/><T102/><D102/><U53/><E43/><V132/><F132/><W77/><G116/><T122/><D39/><U127/><E127/><V34/><F2/><W57/><G112/><T0/><D0/><U6/><E6/><V15/><F72/><W133/><G133/><T103/><D103/><U97/><E53/><V23/><F67/><W37/><G29/><T66/><D66/><U17/><E25/><V11/><F91/><W49/><G74/><T99/><D42/><U13/><E24/><V79/><F79/><W123/><G123/><T96/><D38/><U31/><E31/><V109/><F100/><W106/><G106/><T117/><D117/><U50/><E50/><V56/><F56/><W94/><G37/><T70/><D70/><U5/><E5/><V10/><F10/><W28/><G28/><T124/><D124/><U26/><E26/><V47/><F109/><W18/><G57/><T59/><D90/><U84/><E95/><N who="3" m="36394" /><G73/><T131/><D131/><U130/><E130/><V75/><F75/><W82/><G4/><T81/><D81/><U111/><E111/><V114/><F114/><W35/><G35/><T46/><REACH who="0" step="1"/><D59/><REACH who="0" ten="279,315,317,79" step="2"/><U126/><E126/><V104/><F32/><W78/><G78/><AGARI ba="1,1" hai="13,17,20,60,64,68,78,80,84,86,89,93,97,98" machi="78" ten="30,1000,0" yaku="7,1" doraHai="40" who="1" fromWho="3" sc="279,0,315,23,317,0,79,-13" /><INIT seed="7,0,0,3,2,123" ten="279,338,317,66" oya="3" hai0="100,117,34,133,40,42,17,111,10,102,90,12,89" hai1="24,79,15,69,28,80,113,130,68,19,16,71,101" hai2="48,52,98,95,119,22,18,124,108,127,3,125,112" hai3="63,20,87,126,121,0,135,106,43,132,96,104,36"/><W120/><G20/><T47/><D117/><U115/><E130/><V92/><F119/><W86/><G63/><T2/><D34/><U55/><E55/><V33/><F33/><W23/><G23/><T131/><D131/><U59/><E59/><V7/><F112/><N who="1" m="43081" /><E101/><V114/><F114/><W75/><G43/><T81/><D133/><N who="3" m="51273" /><G36/><T46/><D12/><U122/><E122/><N who="3" m="47210" /><G0/><T9/><D81/><U31/><E24/><V53/><F3/><W66/><G66/><T8/><D8/><N who="1" m="6247" /><E19/><V73/><F7/><W82/><G126/><T58/><D17/><U65/><E65/><V51/><F51/><W109/><G109/><T50/><D50/><U76/><E76/><V78/><F108/><W134/><N who="3" m="51281" /><W44/><DORA hai="88" /><G44/><T5/><D2/><U105/><E105/><N who="3" m="40554" /><G96/><T39/><D39/><U27/><E27/><N who="2" m="14807" /><F98/><W129/><G129/><T25/><D25/><U99/><E99/><V60/><F60/><W41/><G41/><T21/><D21/><U118/><E118/><V38/><F38/><W57/><G57/><T14/><D58/><U61/><E61/><V110/><F110/><W107/><N who="3" m="40562" /><W84/><DORA hai="26" /><G75/><AGARI ba="0,0" hai="28,31,68,69,71,75,79,80" m="6247,43081" machi="75" ten="40,8000,1" yaku="15,1,52,2,54,1" doraHai="123,88,26" who="1" fromWho="3" sc="279,0,338,80,317,0,66,-80" owari="279,-12.0,418,51.0,317,12.0,-14,-51.0" /></mjloggm>