<mjloggm ver="2.3"><GO type="225" lobby="0"/><UN n0="%E3%82%BC%E3%83%AB%E3%83%80%E3%81%AE%E4%BC%9D%E8%AA%AC" n1="%E3%81%99%E3%81%84%E3%81%BE%E3%81%9B%E3%83%BC%E3%82%93" n2="%E4%BC%BD%E8%97%8D%E5%A0%82%E7%B4%97%E7%BE%85" n3="%50%49%58%49" dan="17,17,16,16" rate="2244.35,2158.24,2214.20,2179.55" sx="M,M,F,F"/><TAIKYOKU oya="0"/><INIT seed="0,0,0,1,5,55" ten="250,250,250,250" oya="0" hai0="102,93,99,76,43,26,45,73,74,135,30,90,119" hai1="48,77,91,98,120,96,129,29,109,37,100,31,87" hai2="95,88,0,134,22,81,121,85,13,63,65,7,23" hai3="117,10,1,89,62,39,112,44,3,130,122,25,84"/><T33/><D135/><U15/><E120/><V2/><F121/><W4/><G112/><T61/><D119/><U51/><E109/><V105/><F105/><W38/><G122/><T9/><D9/><U24/><E129/><V115/><F115/><W28/><G117/><T101/><D61/><U80/><E37/><V103/><F134/><W64/><G130/><T97/><D76/><U6/><E77/><V32/><F32/><W42/><G3/><T72/><REACH who="0" step="1"/><D99/><REACH who="0" ten="240,250,250,250" step="2"/><U56/><E98/><V59/><F0/><W107/><G10/><T111/><D111/><U108/><E96/><N who="2" m="59807" /><F2/><W116/><G1/><T69/><D69/><U124/><E108/><V127/><F127/><W75/><G116/><T86/><D86/><U20/><E87/><V5/><F5/><W114/><G4/><T123/><D123/><U132/><E124/><V92/><F81/><W41/><G114/><T83/><D83/><U34/><E80/><V14/><F7/><W60/><G60/><T46/><D46/><U78/><E6/><V118/><F118/><W66/><G62/><T58/><D58/><U52/><E56/><V67/><F67/><W40/><G66/><T54/><D54/><U18/><E52/><V110/><F110/><W49/><G64/><T94/><D94/><U8/><E132/><V131/><F131/><W47/><G47/><T50/><AGARI ba="0,1" hai="26,30,33,43,45,50,72,73,74,90,93,97,101,102" machi="50" ten="30,3000,0" yaku="1,1,0,1,53,0" doraHai="55" doraHaiUra="68" who="0" fromWho="0" sc="240,40,250,-10,250,-10,250,-10" /><INIT seed="0,1,0,3,0,28" ten="280,240,240,240" oya="0" hai0="48,31,54,1,5,77,53,68,11,69,7,61,119" hai1="67,118,27,78,99,4,122,103,90,92,82,22,129" hai2="124,73,51,75,74,66,72,12,10,134,2,8,112" hai3="34,63,130,50,91,84,80,101,115,18,30,105,102"/><T20/><D119/><U107/><E118/><V6/><F112/><W49/><G115/><T62/><D77/><U89/><E122/><V59/><F134/><W21/><G130/><T113/><D113/><U19/><E129/><V76/><F124/><W87/><G105/><T100/><D100/><N who="3" m="38505" /><G34/><T35/><D20/><U46/><E67/><V40/><N who="2" m="18432" /><DORA hai="120" /><V70/><F76/><N who="3" m="46087" /><G30/><T16/><D16/><U23/><E4/><V25/><F25/><N who="3" m="14519" /><G63/><T36/><D36/><U13/><E107/><V47/><F70/><W38/><G38/><T58/><D7/><U110/><E46/><V131/><F131/><W132/><G132/><T135/><D135/><U17/><REACH who="1" step="1"/><E110/><REACH who="1" ten="280,230,240,240" step="2"/><V95/><F66/><W81/><AGARI ba="1,1" hai="49,50,81,87,91" m="14519,46087,38505" machi="81" ten="30,1100,0" yaku="8,1" doraHai="28,120" who="3" fromWho="3" sc="280,-6,230,-4,240,-4,240,24" /><INIT seed="1,0,0,3,0,29" ten="274,226,236,264" oya="1" hai0="119,107,24,45,97,20,114,37,123,81,130,128,78" hai1="110,95,27,124,85,0,73,76,16,53,75,6,40" hai2="121,14,106,132,55,113,116,133,74,66,52,31,18" hai3="43,51,5,9,72,1,117,122,70,131,103,12,115"/><U49/><E124/><V15/><F116/><W48/><G115/><T94/><D114/><U8/><E40/><V11/><F113/><W62/><G122/><T42/><D119/><U120/><E120/><V23/><F121/><W35/><G117/><T87/><D107/><U89/><E110/><V77/><F106/><W105/><G72/><T44/><D44/><U19/><E76/><V28/><F66/><W57/><G70/><T79/><D79/><U61/><E61/><V32/><F77/><W63/><G63/><T135/><D135/><N who="2" m="51786" /><F74/><W88/><G103/><T83/><D83/><U33/><E19/><N who="2" m="10751" /><F31/><W64/><G105/><T90/><REACH who="0" step="1"/><D123/><REACH who="0" ten="264,226,236,264" step="2"/><U65/><E75/><V99/><F99/><W60/><G131/><T100/><D100/><U39/><E73/><V38/><F38/><W25/><G88/><T41/><D41/><U127/><E39/><V96/><F96/><W3/><G43/><T54/><D54/><U126/><E65/><V125/><F125/><W22/><G64/><T4/><D4/><U58/><E127/><V111/><F111/><W36/><G36/><T56/><D56/><U26/><E126/><V59/><F59/><W92/><G57/><T80/><D80/><U46/><E58/><V67/><F67/><W69/><G69/><T112/><D112/><U10/><REACH who="1" step="1"/><E33/><REACH who="1" ten="264,216,236,264" step="2"/><V71/><F71/><W7/><G35/><T21/><D21/><U91/><E91/><V84/><F32/><W129/><G60/><T17/><AGARI ba="0,2" hai="17,20,24,37,42,45,78,81,87,90,94,97,128,130" machi="17" ten="30,2000,0" yaku="1,1,0,1,53,0" doraHai="29" doraHaiUra="108" who="0" fromWho="0" sc="264,40,216,-10,236,-5,264,-5" /><INIT seed="2,0,0,3,2,83" ten="304,206,231,259" oya="2" hai0="30,124,100,99,97,24,27,51,95,5,31,59,71" hai1="13,90,92,40,42,11,103,9,67,80,106,128,39" hai2="125,38,53,113,115,36,56,123,69,72,85,25,47" hai3="87,20,81,15,93,61,8,114,117,118,43,101,91"/><V131/><F123/><W112/><G43/><T68/><D5/><U129/><E67/><V65/><F72/><W0/><G0/><T50/><D59/><U7/><E80/><V74/><F74/><W17/><G61/><T89/><D124/><U12/><E103/><V133/><F125/><W98/><REACH who="3" step="1"/><G8/><REACH who="3" ten="304,206,231,249" step="2"/><T116/><D116/><AGARI ba="0,1" hai="15,17,20,81,87,91,93,98,101,112,114,116,117,118" machi="116" ten="40,5200,0" yaku="1,1,2,1,52,1,53,0" doraHai="83" doraHaiUra="105" who="3" fromWho="0" sc="304,-52,206,0,231,0,249,62" /><INIT seed="3,0,0,5,3,84" ten="252,206,231,311" oya="3" hai0="25,20,97,118,60,122,66,28,45,56,75,40,7" hai1="17,79,59,99,109,3,24,65,77,1,16,51,108" hai2="98,82,55,100,73,104,61,21,121,101,54,38,11" hai3="114,4,112,80,89,12,26,95,41,39,13,63,74"/><W115/><G63/><T64/><D118/><U50/><E65/><V70/><F38/><W62/><G62/><T49/><D122/><U46/><E59/><V15/><F121/><W88/><G26/><T68/><D75/><U43/><E99/><V129/><F129/><W22/><G22/><T93/><D7/><U120/><E120/><V135/><F135/><W78/><G4/><T132/><D132/><U37/><E37/><V23/><F100/><W47/><REACH who="3" step="1"/><G88/><REACH who="3" ten="252,206,231,301" step="2"/><N who="0" m="55463" /><D68/><U116/><E116/><V52/><F61/><W0/><G0/><N who="1" m="74" /><E24/><V76/><REACH who="2" step="1"/><F70/><REACH who="2" ten="252,206,221,301" step="2"/><W83/><G83/><T123/><D123/><U102/><E102/><V107/><F107/><W91/><G91/><T110/><D60/><U5/><E77/><V128/><F128/><W127/><G127/><T126/><D126/><U103/><E79/><V90/><F90/><W117/><G117/><T130/><D130/><U10/><E103/><V67/><F67/><W34/><G34/><T48/><D64/><U32/><E32/><V69/><F69/><W113/><N who="3" m="28672" /><DORA hai="58" /><W2/><G2/><T6/><D66/><U72/><E51/><V92/><F92/><W31/><G31/><T19/><D28/><U18/><E72/><V71/><F71/><W42/><G42/><T29/><D29/><U36/><E36/><V9/><F9/><W14/><G14/><T30/><D30/><U105/><E105/><V94/><F94/><W119/><G119/><T86/><D40/><U85/><E85/><AGARI ba="0,2" hai="12,13,39,41,47,74,78,80,85,89,95" m="28672" machi="85" ten="70,12000,1" yaku="1,1,52,1,53,2" doraHai="84,58" doraHaiUra="131,8" who="3" fromWho="1" sc="252,0,206,-120,221,0,301,140" owari="252,5.0,86,-41.0,221,-18.0,441,54.0" /></mjloggm>