<mjloggm ver="2.3"><GO type="185" lobby="0"/><UN n0="%E5%85%A5%E5%B7%A3%E6%9F%9A%E5%AE%9F" n1="%74%2E%6F%2E%6F%2E%73" n2="%E3%81%B5%E3%81%8B" n3="" dan="17,18,16,0" rate="2242.77,2325.40,2193.65,1500.00" sx="F,M,M,C"/><TAIKYOKU oya="0"/><INIT seed="0,0,0,1,0,69" ten="350,350,350,0" oya="0" hai0="42,104,79,123,86,103,47,74,58,119,45,52,113" hai1="110,116,39,91,109,66,54,81,38,73,62,93,129" hai2="80,117,35,97,121,124,112,57,40,83,134,37,76" hai3=""/><T2/><N who="0" m="31520" /><T59/><D113/><U71/><E116/><V85/><F57/><T108/><D119/><U102/><E102/><V89/><F40/><T107/><D74/><U87/><E129/><V84/><F37/><N who="1" m="13833" /><E73/><V33/><F33/><T53/><D2/><U131/><E131/><V55/><F55/><T98/><D42/><U3/><E54/><V61/><F61/><T63/><D79/><U101/><E101/><V127/><F35/><T46/><D86/><U120/><N who="1" m="30752" /><U132/><E132/><V95/><N who="2" m="31008" /><V114/><F134/><T105/><REACH who="0" step="1"/><D108/><REACH who="0" ten="340,350,350,0" step="2"/><N who="1" m="41579" /><E3/><V0/><F0/><T1/><D1/><U67/><E67/><V70/><F117/><T49/><AGARI ba="0,1" hai="45,46,47,49,52,53,58,59,63,98,103,104,105,107" m="31520" machi="49" ten="30,12000,2" yaku="1,1,0,1,52,1,54,1,53,2" doraHai="69" doraHaiUra="51" who="0" fromWho="0" sc="340,130,350,-60,350,-60,0,0" /><INIT seed="0,1,0,5,5,69" ten="470,290,290,0" oya="0" hai0="118,96,134,79,73,111,105,98,51,2,34,127,101" hai1="131,135,66,57,132,71,72,68,36,126,63,91,107" hai2="54,103,37,67,114,62,85,125,115,112,40,130,39" hai3=""/><T45/><D118/><U49/><E72/><V110/><F103/><T33/><D2/><U95/><E107/><V128/><F85/><T109/><D127/><U104/><E104/><V42/><F125/><T47/><D134/><N who="1" m="51243" /><E126/><V48/><F110/><N who="0" m="41994" /><D98/><U80/><E80/><V84/><F84/><T35/><D51/><U61/><E131/><N who="2" m="50219" /><F54/><T38/><D38/><N who="2" m="14346" /><F48/><T106/><D106/><U59/><E36/><V58/><AGARI ba="1,0" hai="40,42,58,62,67,112,114,115" m="14346,50219" machi="58" ten="40,9000,2" yaku="19,1,34,2,52,3" doraHai="69" who="2" fromWho="2" sc="470,-61,290,-31,290,92,0,0" /><INIT seed="1,0,0,2,3,128" ten="409,259,382,0" oya="1" hai0="87,2,47,60,35,93,82,125,113,86,66,63,34" hai1="80,117,51,79,98,121,92,107,3,37,74,61,65" hai2="50,76,122,49,106,111,104,131,83,103,135,96,112" hai3=""/><U45/><N who="1" m="31008" /><U62/><E117/><V102/><N who="2" m="31264" /><V44/><F131/><T38/><D113/><U132/><E3/><V90/><F112/><T55/><D2/><U124/><E124/><V68/><F68/><T0/><D0/><U59/><E37/><V72/><F111/><T64/><D125/><U41/><E107/><V77/><F77/><T105/><D105/><U95/><E132/><V56/><F56/><T94/><D82/><U97/><REACH who="1" step="1"/><E62/><REACH who="1" ten="409,249,382,0" step="2"/><V71/><F135/><T123/><N who="0" m="31520" /><T119/><D38/><U39/><E39/><V130/><F104/><T57/><D119/><U133/><E133/><V108/><F106/><T43/><D63/><U73/><E73/><V46/><F72/><T54/><D60/><U84/><E84/><V100/><F130/><T36/><D87/><U48/><E48/><V67/><F50/><T134/><D86/><U53/><E53/><V99/><F49/><T89/><D55/><U42/><E42/><V69/><F108/><T116/><D134/><U129/><E129/><V58/><F67/><T114/><D66/><U52/><E52/><V70/><F71/><T78/><D64/><U40/><E40/><V110/><F70/><T85/><D43/><U75/><E75/><RYUUKYOKU ba="0,1" sc="409,-10,249,20,382,-10,0,0" hai1="41,45,51,59,61,65,74,79,80,92,95,97,98" /><INIT seed="1,1,1,1,4,61" ten="399,269,372,0" oya="1" hai0="74,105,62,110,64,131,44,53,84,71,113,34,102" hai1="128,2,87,96,41,46,33,40,66,129,95,36,116" hai2="126,60,135,79,1,118,85,52,111,88,54,91,106" hai3=""/><U123/><N who="1" m="31520" /><U49/><E116/><V109/><F118/><T37/><D113/><U55/><E2/><V58/><F1/><T73/><D110/><N who="2" m="41994" /><F135/><T125/><D131/><U75/><E75/><V43/><F126/><T83/><D125/><U67/><E87/><V94/><F106/><T77/><D34/><U3/><E3/><V124/><F124/><T72/><D53/><U70/><E33/><V108/><F108/><T101/><REACH who="0" step="1"/><D105/><REACH who="0" ten="389,269,372,0" step="2"/><U134/><E134/><V114/><F114/><T81/><D81/><U82/><E82/><V39/><F54/><T32/><D32/><U92/><E128/><V80/><F94/><T98/><D98/><U89/><E129/><V47/><AGARI ba="1,2" hai="39,43,47,52,58,60,79,80,85,88,91" m="41994" machi="47" ten="30,3000,0" yaku="14,1,54,2" doraHai="61" who="2" fromWho="2" sc="389,-11,269,-21,372,52,0,0" /><INIT seed="2,0,0,5,0,120" ten="378,248,424,0" oya="2" hai0="131,40,133,101,109,88,98,129,67,82,92,134,86" hai1="127,135,58,83,94,132,118,93,71,79,91,34,38" hai2="89,104,50,103,43,124,81,87,95,48,59,96,117" hai3=""/><V55/><F124/><T116/><D116/><U2/><E2/><V119/><F43/><T108/><D67/><U114/><E114/><V121/><N who="2" m="31008" /><V51/><F51/><T85/><D85/><U62/><E71/><V105/><F105/><T72/><D72/><U123/><N who="1" m="31520" /><U46/><E34/><V69/><F69/><T76/><D76/><U77/><E127/><V74/><F48/><T100/><D100/><U3/><E3/><V64/><F64/><T57/><D57/><U44/><E118/><V107/><F107/><T122/><N who="0" m="31264" /><T49/><D49/><U45/><E38/><V115/><F115/><T65/><D65/><U39/><E39/><V128/><F128/><N who="0" m="49226" /><D40/><U125/><E125/><V61/><F50/><T32/><D32/><U56/><E91/><V113/><F113/><T110/><AGARI ba="0,0" hai="82,86,88,92,98,101,108,109,110,133,134" m="49226,31264" machi="110" ten="40,12000,3" yaku="14,1,19,1,34,2,52,4,54,1" doraHai="120" who="0" fromWho="0" sc="378,120,248,-40,424,-80,0,0" /><INIT seed="4,0,0,4,0,61" ten="498,208,344,0" oya="0" hai0="75,131,132,37,56,92,101,103,88,117,116,64,97" hai1="36,121,115,46,55,99,40,45,126,80,33,49,81" hai2="86,84,90,38,54,118,120,127,107,130,100,110,53" hai3=""/><T1/><D1/><U109/><N who="1" m="31008" /><U58/><E109/><V34/><N who="2" m="30752" /><V78/><F34/><T123/><N who="0" m="31520" /><T51/><D37/><U2/><E2/><V59/><F110/><T77/><D132/><U79/><E33/><V114/><F38/><T42/><D131/><U91/><E126/><V43/><F43/><T113/><D113/><U62/><E115/><V47/><F47/><T0/><D0/><U133/><E133/><V66/><F130/><T95/><D42/><U87/><E99/><V125/><F114/><T68/><D68/><U98/><E98/><V57/><F118/><T39/><D39/><U89/><REACH who="1" step="1"/><E80/><REACH who="1" ten="498,198,344,0" step="2"/><V128/><F128/><T71/><D97/><U76/><E76/><V73/><F78/><T129/><D77/><U83/><E83/><V44/><F127/><T106/><D129/><U52/><AGARI ba="0,1" hai="36,40,45,46,49,52,55,58,62,79,81,87,89,91" m="31008" machi="52" ten="20,9000,2" yaku="1,1,0,1,7,1,52,1,54,1,53,2" doraHai="61" doraHaiUra="48" who="1" fromWho="1" sc="498,-60,198,100,344,-30,0,0" /><INIT seed="5,0,0,5,5,118" ten="438,298,314,0" oya="1" hai0="131,42,58,38,98,79,119,81,122,114,117,99,130" hai1="73,116,59,100,54,127,125,124,40,35,68,95,80" hai2="53,66,77,70,128,69,94,87,64,51,34,76,111" hai3=""/><U67/><E116/><N who="0" m="44617" /><D114/><U65/><E35/><V90/><F111/><T109/><N who="0" m="31264" /><T133/><D109/><U41/><E100/><V82/><F34/><T106/><D133/><U39/><E95/><V110/><F128/><N who="0" m="49194" /><D106/><U57/><E68/><V135/><F110/><T129/><D129/><U43/><E80/><V63/><F135/><T105/><D58/><N who="1" m="22027" /><E73/><V52/><F69/><T75/><D105/><U103/><E103/><V74/><F70/><T92/><D92/><U72/><E72/><V46/><F74/><T85/><D85/><U45/><E54/><V84/><F53/><T102/><D102/><U56/><E65/><V33/><F66/><T37/><D42/><U88/><E88/><V104/><F104/><T62/><D99/><U47/><E39/><N who="0" m="14857" /><D98/><U83/><E83/><V50/><F33/><T71/><D71/><U91/><E91/><V36/><F90/><T55/><D55/><U0/><E0/><V61/><F52/><T78/><D78/><U134/><E134/><V113/><F77/><T93/><D93/><U60/><AGARI ba="0,0" hai="40,41,43,45,47,56,60,67,124,125,127" m="22027" machi="60" ten="40,5200,0" yaku="18,1,34,2" doraHai="118" who="1" fromWho="1" sc="438,-26,298,52,314,-26,0,0" /><INIT seed="5,1,0,4,0,96" ten="412,350,288,0" oya="1" hai0="71,75,94,103,34,118,2,127,44,88,37,121,54" hai1="69,59,58,81,131,104,76,57,64,67,114,105,80" hai2="115,82,40,43,98,79,108,83,99,85,77,91,62" hai3=""/><U95/><E114/><V70/><F108/><T41/><N who="0" m="31008" /><T0/><D34/><U106/><E131/><V116/><F116/><T113/><D75/><U112/><E112/><V33/><F33/><T120/><N who="0" m="30752" /><T134/><D113/><U52/><E95/><V97/><F115/><T72/><D72/><U100/><E100/><V135/><F135/><T46/><D71/><U123/><N who="1" m="31520" /><U119/><E119/><V128/><F128/><T92/><D118/><U126/><E126/><V49/><F70/><T50/><D134/><U133/><E133/><V130/><F130/><T102/><D127/><U90/><E69/><V74/><F62/><T87/><REACH who="0" step="1"/><D94/><REACH who="0" ten="402,350,288,0" step="2"/><U56/><E104/><V36/><F74/><T47/><D47/><U78/><E105/><V35/><F35/><T101/><AGARI ba="1,1" hai="0,2,37,41,44,46,50,54,87,88,92,101,102,103" m="30752,31008" machi="101" ten="30,12000,3" yaku="1,1,0,1,52,5,54,1,53,0" doraHai="96" doraHaiUra="122" who="0" fromWho="0" sc="402,132,350,-81,288,-41,0,0" /><INIT seed="6,0,0,4,0,88" ten="534,269,247,0" oya="2" hai0="109,99,85,123,86,39,44,55,87,122,96,130,100" hai1="83,90,118,61,74,63,126,33,36,79,51,91,120" hai2="95,105,37,67,71,0,34,69,70,104,72,101,135" hai3=""/><V133/><F0/><T132/><D109/><U68/><N who="1" m="30752" /><U56/><E36/><V77/><F37/><T45/><D132/><N who="2" m="50762" /><F67/><T32/><D32/><U134/><E134/><V40/><F40/><T102/><D86/><U53/><E33/><V97/><F34/><T116/><D39/><U107/><E107/><N who="2" m="41035" /><F77/><T64/><D64/><U41/><E126/><V121/><N who="2" m="31008" /><V129/><F72/><T82/><D55/><U3/><E3/><V114/><F114/><T124/><D124/><U128/><E41/><V117/><F129/><T65/><D130/><U92/><E128/><V1/><F1/><T94/><D65/><U58/><E79/><V62/><F62/><T43/><D43/><U46/><E74/><V115/><F115/><T98/><D122/><U50/><E61/><V52/><F52/><T59/><D123/><U112/><E112/><V81/><F81/><T38/><D45/><U60/><E83/><V48/><F48/><T103/><D82/><U47/><E53/><V111/><F111/><T76/><D76/><U78/><E78/><V42/><F42/><T80/><D80/><U113/><E113/><V54/><F54/><T49/><D38/><U106/><E60/><V66/><F66/><T84/><D49/><RYUUKYOKU ba="0,0" sc="534,-10,269,-10,247,20,0,0" hai2="69,70,71,95,97,101,117" /><INIT seed="6,1,0,5,5,85" ten="524,259,267,0" oya="2" hai0="78,54,103,107,124,51,99,79,121,131,126,76,2" hai1="102,35,68,1,119,71,47,44,135,73,117,97,41" hai2="3,111,63,115,39,66,74,129,120,0,69,84,59" hai3=""/><V95/><N who="2" m="30752" /><V87/><F74/><T98/><N who="0" m="31008" /><T48/><D131/><U105/><E135/><V38/><F129/><T133/><D133/><U128/><E128/><V130/><F130/><T46/><D2/><U36/><E1/><V123/><N who="2" m="31520" /><V57/><F115/><T109/><D109/><U104/><E35/><V60/><F69/><N who="1" m="26697" /><E73/><V125/><F95/><T96/><D51/><U92/><E47/><V72/><F72/><T91/><D91/><U49/><E36/><V93/><F93/><T81/><D81/><U113/><E113/><V64/><REACH who="2" step="1"/><F111/><REACH who="2" ten="524,259,257,0" step="2"/><T40/><D126/><AGARI ba="1,1" hai="0,3,38,39,57,59,60,63,64,66,84,87,125,126" m="31520,30752" machi="126" ten="25,24000,3" yaku="1,1,2,1,22,2,52,2,53,2" doraHai="85" doraHaiUra="55" who="2" fromWho="0" sc="524,-242,259,0,257,252,0,0" owari="282,-12.0,259,-34.0,509,46.0,0,0.0" /></mjloggm>