<mjloggm ver="2.3"><GO type="169" lobby="0"/><UN n0="%E6%B0%B4%E5%93%89%E3%81%AE%E3%83%AC%E3%82%B8%E3%82%A7%E3%83%B3%E3%83%89" n1="%E6%B2%96%E3%83%92%E3%82%AB%E3%83%AB%EF%BC%88%E6%9C%AC%E7%89%A9%EF%BC%89" n2="%E7%89%8C%E6%B5%81%E7%8A%B6%E6%85%8B%E9%BA%BB%E9%9B%80" n3="%E3%83%94%E3%83%B3%E3%82%B5%E3%83%AD%E5%BA%97%E5%93%A1" dan="16,18,17,18" rate="2114.48,2195.11,2219.69,2270.96" sx="M,F,M,M"/><TAIKYOKU oya="0"/><INIT seed="0,0,0,1,1,104" ten="250,250,250,250" oya="0" hai0="44,117,34,66,84,32,129,4,20,57,120,118,22" hai1="8,134,17,69,67,103,116,11,98,29,97,15,133" hai2="21,68,122,90,12,6,30,37,16,135,25,27,126" hai3="62,94,42,38,80,132,123,109,52,114,100,50,46"/><T82/><D120/><U58/><E116/><V5/><F37/><W49/><G114/><T60/><D118/><U130/><E130/><V124/><F68/><W131/><G109/><T91/><D129/><U23/><E69/><V9/><F90/><W41/><G131/><T108/><D117/><U53/><E67/><V107/><F107/><W79/><G132/><T24/><D108/><U28/><E11/><V101/><F101/><W110/><G110/><T51/><D4/><N who="2" m="1642" /><F122/><W106/><G106/><T119/><D20/><U113/><E113/><V0/><F0/><W86/><G123/><T83/><D83/><U54/><E98/><V112/><F112/><W75/><G42/><T31/><REACH who="0" step="1"/><D119/><REACH who="0" ten="240,250,250,250" step="2"/><U102/><E133/><V81/><F81/><W73/><G80/><T1/><D1/><U93/><E134/><V74/><F135/><W71/><G79/><T43/><AGARI ba="0,1" hai="22,24,31,32,34,43,44,51,57,60,66,82,84,91" machi="43" ten="20,3900,0" yaku="1,1,0,1,7,1,53,0" doraHai="104" doraHaiUra="95" who="0" fromWho="0" sc="240,49,250,-13,250,-13,250,-13" /><INIT seed="0,1,0,3,1,5" ten="289,237,237,237" oya="0" hai0="72,62,55,98,70,78,36,1,34,135,69,122,32" hai1="124,37,99,95,17,101,83,65,134,26,41,104,44" hai2="29,67,114,117,4,127,126,131,66,39,94,24,12" hai3="112,76,25,10,3,28,108,51,52,61,16,123,128"/><T46/><D122/><U7/><E134/><V82/><F114/><W125/><G112/><T30/><D135/><U107/><E124/><N who="2" m="47659" /><F39/><W22/><G125/><T74/><D55/><U48/><E65/><V71/><F71/><W89/><G123/><T96/><D96/><U91/><E37/><V20/><F131/><W0/><G128/><T93/><D93/><U50/><E50/><V79/><F94/><W73/><G108/><T97/><D97/><U9/><E26/><V68/><F68/><N who="0" m="26218" /><D62/><U132/><E17/><N who="2" m="10279" /><F4/><W133/><G61/><T58/><D98/><U116/><E132/><V21/><F117/><W118/><G89/><T56/><D56/><U84/><REACH who="1" step="1"/><E116/><REACH who="1" ten="289,227,237,237" step="2"/><V100/><F100/><W2/><G118/><T47/><D36/><U63/><E63/><V43/><F43/><W85/><G133/><T49/><D49/><U11/><E11/><V19/><F19/><W27/><G10/><T113/><D113/><U53/><E53/><V31/><F31/><W86/><G25/><T90/><D30/><U75/><E75/><AGARI ba="1,1" hai="21,24,29,66,67,75,79,82" m="10279,47659" machi="75" ten="30,1000,0" yaku="18,1" doraHai="5" who="2" fromWho="1" sc="289,0,227,-13,237,23,237,0" /><INIT seed="1,0,0,4,3,112" ten="289,214,260,237" oya="1" hai0="7,62,47,67,118,93,111,68,34,82,1,39,60" hai1="61,109,71,42,41,131,11,129,76,3,0,16,20" hai2="48,89,108,49,45,10,127,18,95,57,81,25,110" hai3="24,114,119,56,22,59,52,46,6,107,69,77,91"/><U120/><E120/><V29/><F127/><W135/><G69/><T37/><D111/><U35/><E35/><V33/><F81/><W40/><G114/><T126/><D126/><U9/><E76/><V90/><F57/><W125/><G125/><T74/><D62/><U103/><E103/><V87/><F90/><W73/><G107/><T5/><D93/><U14/><E109/><N who="2" m="42091" /><F45/><W78/><G135/><T36/><D7/><U101/><E101/><V88/><F89/><W99/><G6/><T70/><D70/><U113/><E113/><V32/><F32/><W65/><G65/><T53/><D53/><U85/><E85/><V128/><F128/><N who="1" m="49225" /><E61/><V98/><F87/><W133/><G78/><N who="0" m="44375" /><D34/><U105/><E105/><V84/><F84/><W96/><G77/><T31/><D31/><U72/><E71/><V130/><F130/><W134/><G99/><T86/><D86/><U106/><E106/><V50/><F49/><W83/><G96/><T38/><D38/><U64/><E64/><V27/><F48/><W19/><G91/><T75/><D75/><U58/><E58/><V2/><F50/><W66/><G83/><T26/><D26/><U121/><E72/><V43/><F27/><W100/><G73/><T8/><D47/><U115/><E115/><V117/><F25/><W13/><G24/><T12/><D12/><U132/><E121/><V28/><F98/><W97/><G97/><T4/><D4/><N who="1" m="1159" /><E132/><V23/><F33/><W123/><G100/><T30/><D30/><U116/><E3/><V15/><F2/><W79/><G56/><T44/><D44/><RYUUKYOKU ba="0,0" sc="289,30,214,-10,260,-10,237,-10" hai0="1,5,8,36,37,39,60,67,68,118" /><INIT seed="2,1,0,4,5,71" ten="319,204,250,227" oya="2" hai0="67,54,132,69,123,20,26,40,8,79,60,135,89" hai1="10,87,53,52,128,103,61,77,63,66,90,84,126" hai2="105,100,7,16,39,29,104,121,41,115,112,133,58" hai3="47,36,46,131,106,88,101,48,44,116,25,30,92"/><V134/><F121/><W120/><G120/><T56/><D123/><U113/><E113/><V43/><F7/><W15/><G116/><T99/><D79/><U32/><E32/><V108/><F29/><W125/><G131/><T82/><D40/><N who="2" m="15434" /><F58/><W72/><G72/><T107/><D8/><U76/><E128/><V124/><F100/><W12/><G125/><T118/><D118/><U65/><E103/><V49/><F49/><W83/><G36/><T73/><D107/><N who="2" m="41034" /><F16/><W14/><G106/><T130/><D130/><U38/><E126/><V21/><F21/><N who="3" m="15663" /><G83/><T129/><D73/><U37/><E10/><V34/><F34/><W122/><G101/><T117/><D117/><U94/><E94/><V111/><F39/><W35/><G35/><T97/><D129/><U74/><E74/><V0/><F0/><W102/><G102/><T127/><D82/><U45/><E90/><V75/><F75/><W81/><G81/><T22/><D22/><U57/><E57/><V33/><F33/><W109/><G48/><T31/><D127/><U50/><E50/><V24/><F24/><W68/><G122/><T70/><D70/><U42/><E42/><V95/><F95/><W17/><G68/><T93/><D97/><U1/><E45/><V5/><F5/><W55/><G55/><T19/><REACH who="0" step="1"/><D31/><REACH who="0" ten="309,204,250,227" step="2"/><U11/><E11/><V2/><F124/><W96/><G96/><T119/><D119/><U6/><E6/><V78/><F78/><W62/><G92/><T13/><D13/><U85/><E85/><V28/><F28/><W80/><G12/><T27/><D27/><RYUUKYOKU ba="1,1" sc="309,15,204,15,250,-15,227,-15" hai0="19,20,26,54,56,60,67,69,89,93,99,132,135" hai1="1,37,38,52,53,61,63,65,66,76,77,84,87" /><INIT seed="3,2,1,2,5,7" ten="324,219,235,212" oya="3" hai0="27,31,78,21,96,107,119,17,5,1,91,106,105" hai1="87,6,76,8,101,0,64,99,83,74,55,82,71" hai2="2,103,89,53,37,3,80,121,70,88,65,75,43" hai3="114,39,135,97,29,66,115,46,90,56,26,48,61"/><W20/><G135/><T128/><D119/><U86/><E71/><V50/><F103/><W45/><G39/><T93/><D128/><U40/><E64/><V98/><F121/><W14/><G45/><T22/><D78/><U112/><E112/><V12/><F12/><W51/><G51/><T85/><D5/><U34/><E34/><V125/><F125/><W32/><G90/><T133/><D1/><U124/><E124/><V19/><F19/><W117/><G117/><T116/><D116/><U92/><E83/><V111/><F111/><W126/><G126/><T33/><D133/><U4/><E55/><V129/><F89/><W23/><G97/><T60/><D60/><U47/><E6/><V100/><F98/><W79/><G79/><T120/><D120/><U30/><E30/><V38/><F50/><AGARI ba="2,1" hai="0,4,8,40,47,50,74,76,82,86,87,92,99,101" machi="50" ten="30,2000,0" yaku="7,1,52,1" doraHai="7" who="1" fromWho="2" sc="324,0,219,36,235,-26,212,0" /><INIT seed="4,0,0,4,3,126" ten="324,255,209,212" oya="0" hai0="35,24,54,26,71,36,127,60,70,72,98,92,90" hai1="117,116,9,19,111,14,107,40,66,10,53,113,39" hai2="121,29,56,30,47,123,124,85,46,37,38,120,118" hai3="20,96,52,50,125,18,132,31,27,103,57,55,83"/><T99/><D127/><U97/><E111/><V122/><F124/><W115/><G125/><T105/><D72/><U49/><E66/><V21/><F118/><W58/><G115/><T88/><D36/><U78/><E113/><V133/><F133/><W45/><G132/><T80/><D80/><U130/><E78/><V22/><F121/><W25/><G83/><T94/><D105/><U101/><E40/><V69/><F56/><W100/><G96/><T89/><D89/><U109/><E39/><V41/><F122/><W76/><G76/><T0/><D0/><U104/><E104/><V65/><F65/><W32/><REACH who="3" step="1"/><G45/><REACH who="3" ten="324,255,209,202" step="2"/><T3/><D99/><U8/><E109/><V73/><F47/><W128/><G128/><T74/><D98/><U95/><E130/><V110/><F46/><W75/><G75/><T11/><D74/><U4/><E117/><V102/><F73/><W106/><G106/><T63/><D94/><U112/><E112/><V62/><F123/><W68/><G68/><T17/><D92/><U12/><E116/><V131/><F69/><W44/><G44/><T64/><D70/><U51/><E107/><V59/><F131/><W114/><G114/><T91/><D71/><U16/><E4/><V82/><F120/><W79/><G79/><T86/><D86/><U33/><E97/><V6/><F6/><W5/><G5/><T7/><D7/><U42/><E42/><V61/><F41/><W48/><AGARI ba="0,1" hai="18,20,25,27,31,32,48,50,52,55,57,58,100,103" machi="48" ten="20,8000,1" yaku="1,1,0,1,7,1,9,1,54,1,53,0" doraHai="126" doraHaiUra="43" who="3" fromWho="3" sc="324,-40,255,-20,209,-20,202,90" /><INIT seed="5,0,0,1,5,36" ten="284,235,189,292" oya="1" hai0="39,31,62,71,6,93,81,25,14,106,87,64,40" hai1="34,117,88,4,89,21,115,3,9,44,97,107,129" hai2="135,52,22,124,45,69,61,35,110,19,119,122,84" hai3="60,127,120,57,20,98,68,43,2,26,99,63,133"/><U118/><E34/><V32/><F110/><W101/><G120/><T8/><D106/><U15/><E115/><V46/><F122/><W131/><G2/><T48/><D39/><U123/><E123/><V30/><F119/><W92/><G131/><T113/><D93/><U18/><E129/><V41/><F124/><W108/><G108/><T28/><D113/><U111/><E111/><V51/><F135/><W102/><G127/><T0/><D0/><U67/><E67/><V130/><F130/><W128/><G128/><T17/><D17/><U1/><E1/><V74/><F74/><W86/><G68/><T73/><D73/><U54/><E89/><V79/><F30/><W23/><G43/><T7/><D7/><U94/><E107/><V76/><F69/><W55/><G86/><T24/><D28/><U105/><E105/><V72/><F72/><W49/><G20/><T91/><D31/><U103/><E103/><V90/><F35/><W27/><G27/><T109/><D109/><U29/><E29/><V11/><F11/><W116/><G133/><T80/><D80/><U59/><E44/><V65/><F65/><W47/><G47/><T38/><D38/><U56/><E56/><N who="2" m="34951" /><F46/><W95/><G116/><T132/><D132/><U100/><E100/><V42/><F42/><W10/><G10/><T13/><D13/><U16/><E18/><AGARI ba="0,0" hai="18,23,26,49,55,57,60,63,92,95,98,99,101,102" machi="18" ten="30,3900,0" yaku="7,1,9,1,8,1" doraHai="36" who="3" fromWho="1" sc="284,0,235,-39,189,0,292,39" /><INIT seed="6,0,0,1,2,132" ten="284,196,189,331" oya="2" hai0="9,134,8,70,16,46,79,112,97,45,85,118,133" hai1="30,74,107,100,93,28,55,29,75,5,80,95,17" hai2="6,81,4,18,49,101,0,52,83,36,1,119,63" hai3="92,111,130,115,38,129,123,124,76,82,122,73,13"/><V66/><F119/><W15/><G38/><T42/><D70/><U78/><E75/><V113/><F36/><W89/><G111/><T128/><D118/><U2/><E2/><V103/><F113/><W35/><G35/><T48/><D112/><U61/><E5/><N who="2" m="2155" /><F0/><W84/><G115/><T116/><D128/><N who="3" m="49257" /><G124/><T20/><D116/><U72/><E72/><V40/><F40/><W98/><G73/><T26/><D45/><U104/><E104/><V41/><F41/><W109/><G109/><T99/><D134/><U50/><E61/><V102/><F18/><W94/><G94/><T131/><D133/><U87/><E17/><V53/><F1/><W110/><G110/><T25/><D25/><U39/><E39/><V59/><F66/><W108/><G108/><T64/><D64/><U22/><E74/><V12/><F12/><AGARI ba="0,0" hai="12,13,15,76,82,84,89,92,98,122,123" m="49257" machi="12" ten="30,1000,0" yaku="19,1" doraHai="132" who="3" fromWho="2" sc="284,0,196,0,189,-10,331,10" /><INIT seed="7,0,0,1,4,53" ten="284,196,179,341" oya="3" hai0="91,38,33,10,39,24,114,128,3,130,55,80,20" hai1="66,8,89,44,59,22,21,111,108,16,103,101,28" hai2="15,1,92,74,115,2,99,87,14,102,61,43,69" hai3="56,57,78,110,51,135,23,45,88,85,77,97,49"/><W30/><G135/><T83/><D33/><U47/><E8/><V105/><F74/><W79/><G110/><T132/><D132/><U125/><E125/><V100/><F115/><W98/><G30/><T73/><D73/><U86/><E28/><V120/><F120/><W18/><G98/><T93/><D39/><U46/><E22/><V60/><F43/><N who="3" m="24767" /><G97/><T40/><D40/><U131/><E131/><V31/><F31/><W36/><G51/><T42/><D42/><U58/><E66/><V134/><F134/><W117/><G36/><T112/><D38/><U72/><E72/><V63/><F69/><W123/><G117/><T5/><D24/><N who="1" m="14375" /><E111/><V4/><F102/><N who="1" m="38921" /><E108/><V65/><F65/><W13/><G123/><T25/><D3/><U106/><E106/><V118/><F118/><W7/><G7/><T35/><D35/><U81/><AGARI ba="0,0" hai="44,46,47,58,59,81,86,89" m="38921,14375" machi="81" ten="30,7900,0" yaku="8,1,52,2,54,1" doraHai="53" who="1" fromWho="1" sc="284,-20,196,79,179,-20,341,-39" owari="264,-14.0,275,8.0,159,-34.0,302,40.0" /></mjloggm>