<mjloggm ver="2.3"><GO type="185" lobby="0"/><UN n0="%E3%81%A9%E3%81%AD%E3%81%A3%E3%81%A8" n1="%E3%81%A8%E3%82%8A%E3%81%82%E3%81%88%E3%81%9A%E5%9B%9B%E6%AE%B5" n2="%4C%61%69%74%79" n3="" dan="16,16,16,0" rate="2120.83,2126.11,2138.77,1500.00" sx="M,M,M,C"/><TAIKYOKU oya="0"/><INIT seed="0,0,0,4,3,107" ten="350,350,350,0" oya="0" hai0="64,42,100,57,59,85,47,87,116,120,130,125,33" hai1="60,67,103,68,32,127,82,134,95,36,105,0,38" hai2="96,117,37,76,48,77,50,3,86,71,111,128,79" hai3=""/><T110/><N who="0" m="30752" /><T112/><D33/><U66/><E32/><V55/><F3/><T122/><N who="0" m="31264" /><T43/><D112/><U97/><E0/><V39/><F71/><T74/><D116/><U123/><N who="1" m="31520" /><U51/><E127/><V69/><F69/><T106/><D125/><U98/><E67/><V129/><F117/><T70/><D130/><N who="2" m="50282" /><F111/><T101/><D106/><U78/><E51/><N who="2" m="19499" /><F96/><T109/><D70/><U121/><N who="1" m="31008" /><U2/><E134/><V88/><F55/><T54/><D54/><U1/><E1/><V63/><F63/><T102/><D64/><U91/><REACH who="1" step="1"/><E2/><REACH who="1" ten="350,340,350,0" step="2"/><V40/><F40/><T93/><D42/><U119/><E119/><V133/><F133/><T115/><D110/><U89/><E89/><V113/><F113/><T90/><D109/><U83/><E83/><AGARI ba="0,1" hai="37,39,76,77,79,83,86,88" m="19499,50282" machi="83" ten="30,2000,0" yaku="19,1,54,1" doraHai="107" who="2" fromWho="1" sc="350,0,340,-20,350,30,0,0" /><INIT seed="1,0,0,4,0,63" ten="350,320,380,0" oya="1" hai0="85,74,107,102,89,111,77,55,42,46,64,59,49" hai1="97,70,127,75,109,36,34,103,92,56,96,2,50" hai2="1,91,101,62,94,95,117,131,108,44,3,48,40" hai3=""/><U122/><N who="1" m="31264" /><U88/><E36/><V67/><F117/><T106/><D111/><U86/><E70/><V38/><F108/><T129/><D129/><U123/><N who="1" m="31520" /><U82/><E109/><V120/><N who="2" m="30752" /><V72/><F72/><T80/><D64/><U114/><E114/><V81/><F131/><T84/><D74/><U57/><E34/><V104/><F81/><T100/><D106/><U118/><E2/><V78/><F78/><T98/><D102/><U43/><E118/><V35/><F35/><T68/><D68/><U32/><E32/><V66/><F38/><T133/><D133/><U58/><E127/><V76/><F76/><T132/><D132/><U134/><E134/><V105/><F101/><T121/><N who="0" m="31008" /><T73/><REACH who="0" step="1"/><D89/><REACH who="0" ten="340,320,380,0" step="2"/><U87/><E75/><V115/><F104/><T41/><D41/><U0/><E103/><V53/><F105/><T83/><D83/><U51/><E0/><V45/><F1/><T128/><D128/><U99/><E43/><V135/><F3/><T52/><D52/><U125/><E125/><V113/><F135/><T116/><D116/><U60/><E60/><AGARI ba="0,1" hai="42,46,49,55,59,60,73,77,80,84,85,98,100,107" m="31008" machi="60" ten="30,7700,0" yaku="1,1,7,1,52,1,53,1" doraHai="63" doraHaiUra="119" who="0" fromWho="1" sc="340,87,320,-77,380,0,0,0" /><INIT seed="2,0,0,3,0,58" ten="427,243,380,0" oya="2" hai0="64,107,122,110,33,37,113,70,130,114,68,76,132" hai1="131,105,124,56,95,119,106,54,118,38,115,51,74" hai2="39,101,121,50,60,126,47,77,129,69,87,63,93" hai3=""/><V96/><N who="2" m="31008" /><V52/><F126/><T49/><D76/><U55/><E115/><V82/><F129/><T108/><N who="0" m="31264" /><T81/><D107/><U66/><E38/><V79/><F69/><N who="0" m="26730" /><D81/><U65/><E124/><V36/><REACH who="2" step="1"/><F79/><REACH who="2" ten="427,243,370,0" step="2"/><T133/><D33/><U71/><E131/><V2/><F2/><T102/><D130/><U88/><E71/><V1/><F1/><T53/><D37/><AGARI ba="0,1" hai="36,37,39,47,50,52,60,63,77,82,87,93,96,101" m="31008" machi="37" ten="40,12000,1" yaku="1,1,52,3,54,1,53,0" doraHai="58" doraHaiUra="3" who="2" fromWho="0" sc="427,-120,243,0,370,130,0,0" /><INIT seed="2,1,0,3,0,131" ten="307,243,500,0" oya="2" hai0="46,41,123,112,135,94,93,62,50,2,117,85,121" hai1="124,39,47,129,78,59,43,51,75,108,99,113,55" hai2="57,133,120,98,103,63,96,122,0,76,109,89,82" hai3=""/><V86/><N who="2" m="30752" /><V107/><N who="2" m="31264" /><V69/><F0/><T87/><N who="0" m="31008" /><T34/><N who="0" m="31520" /><T60/><D2/><U72/><E113/><V125/><F69/><T42/><D34/><U61/><E129/><V79/><F125/><T35/><D35/><U118/><E108/><V77/><F109/><T102/><D117/><U73/><E124/><V33/><F33/><T114/><D135/><U36/><E118/><V115/><F115/><N who="0" m="44074" /><D41/><U56/><E78/><V126/><F126/><T45/><D45/><U49/><REACH who="1" step="1"/><E99/><REACH who="1" ten="307,233,500,0" step="2"/><V127/><F127/><T44/><D87/><U81/><E81/><V88/><F96/><T132/><D85/><U37/><E37/><V38/><F38/><T111/><D111/><U52/><AGARI ba="1,1" hai="36,39,43,47,49,51,52,55,56,59,61,72,73,75" machi="52" ten="40,6000,1" yaku="1,1,0,1,54,1,53,2" doraHai="131" doraHaiUra="71" who="1" fromWho="1" sc="307,-21,233,72,500,-41,0,0" /><INIT seed="4,0,0,1,5,72" ten="286,305,459,0" oya="0" hai0="123,115,74,66,86,97,93,61,125,33,42,65,101" hai1="130,53,127,51,73,43,94,54,55,71,49,128,64" hai2="62,81,80,92,70,107,41,78,135,110,133,59,46" hai3=""/><T113/><N who="0" m="31520" /><T56/><D33/><U131/><E73/><V34/><F34/><T132/><D74/><U89/><E127/><V63/><F107/><T48/><D125/><U47/><E89/><V37/><F110/><T79/><D132/><N who="2" m="50762" /><F78/><T68/><D65/><U106/><E94/><V83/><F70/><T77/><D86/><U76/><E76/><V60/><F92/><T82/><D82/><U36/><E106/><V58/><AGARI ba="0,0" hai="37,41,46,58,59,60,62,63,80,81,83" m="50762" machi="58" ten="40,1100,0" yaku="20,1" doraHai="72" who="2" fromWho="2" sc="286,-7,305,-4,459,11,0,0" /><INIT seed="5,0,0,3,5,36" ten="279,301,470,0" oya="1" hai0="45,52,65,63,60,92,51,98,35,0,47,120,102" hai1="87,114,104,105,3,133,85,67,116,135,83,117,95" hai2="33,74,43,82,50,115,134,49,78,118,125,91,68" hai3=""/><U110/><E3/><V57/><F118/><N who="1" m="45673" /><E67/><V73/><F33/><T64/><N who="0" m="30752" /><T40/><D0/><U38/><E38/><V93/><F68/><T100/><D35/><U1/><E1/><V41/><F74/><T48/><D63/><U76/><E114/><V126/><F115/><T72/><D65/><U70/><E70/><V86/><F134/><N who="1" m="51209" /><E110/><V127/><F57/><T97/><D72/><U112/><E112/><V128/><F128/><T113/><D113/><U90/><AGARI ba="0,0" hai="76,83,85,87,90,95,104,105" m="51209,45673" machi="90" ten="40,5200,0" yaku="20,1,34,2" doraHai="36" who="1" fromWho="1" sc="279,-26,301,52,470,-26,0,0" /><INIT seed="5,1,0,0,2,69" ten="253,353,444,0" oya="1" hai0="88,46,107,135,64,89,45,115,73,106,79,77,112" hai1="78,57,133,105,114,72,127,122,63,74,100,53,124" hai2="75,48,125,84,108,40,101,130,128,111,68,67,43" hai3=""/><U3/><N who="1" m="31264" /><U126/><E114/><N who="0" m="43561" /><D64/><U37/><E133/><V116/><F75/><T54/><D54/><U104/><E3/><V39/><F116/><T103/><D135/><U44/><E100/><V110/><F125/><T99/><D45/><U102/><E102/><V0/><F101/><T60/><D60/><U66/><E78/><N who="0" m="29705" /><D46/><U97/><E97/><V51/><F0/><T49/><D49/><U62/><E72/><V134/><F48/><T41/><D41/><U52/><E74/><V91/><F51/><T86/><D73/><U118/><E118/><V82/><F134/><T32/><D32/><U34/><E34/><V132/><F132/><T42/><D42/><U129/><E37/><V55/><F55/><N who="1" m="21065" /><E44/><V80/><F39/><T92/><D89/><U87/><E63/><V81/><F40/><T36/><D36/><U109/><E57/><V58/><F43/><T35/><D35/><U90/><E62/><V121/><N who="2" m="31008" /><V59/><F59/><T2/><D2/><U47/><E66/><V56/><F56/><T70/><D70/><U113/><E113/><V123/><N who="2" m="31520" /><V71/><F58/><T85/><D85/><U76/><E124/><V1/><F71/><T38/><D38/><U50/><E126/><RYUUKYOKU ba="1,0" sc="253,20,353,-10,444,-10,0,0" hai0="86,88,92,99,103,106,107" /><INIT seed="6,2,0,5,1,63" ten="273,343,434,0" oya="2" hai0="68,56,3,95,35,116,77,82,123,46,36,122,94" hai1="37,124,100,108,134,74,67,102,92,132,69,60,88" hai2="112,125,96,113,131,40,34,61,32,43,80,45,54" hai3=""/><V85/><F125/><T1/><N who="0" m="31264" /><T110/><N who="0" m="31520" /><T71/><D35/><U105/><E108/><V120/><N who="2" m="30752" /><V127/><F127/><T129/><D116/><U42/><E74/><V49/><F131/><T128/><D110/><U114/><E114/><N who="2" m="44139" /><F96/><T57/><D36/><U58/><E124/><V98/><F98/><T62/><D46/><U135/><E105/><V0/><F0/><N who="0" m="74" /><D56/><U81/><E81/><V91/><F61/><T126/><D126/><U99/><E69/><N who="0" m="26697" /><D82/><U70/><E58/><V78/><F32/><T119/><D77/><U89/><E89/><V111/><F34/><T103/><D119/><U130/><E130/><N who="0" m="50281" /><D103/><U97/><E97/><V47/><F111/><T118/><D118/><U59/><E59/><V109/><F109/><T76/><D76/><U84/><REACH who="1" step="1"/><E99/><REACH who="1" ten="273,333,434,0" step="2"/><V33/><F33/><T65/><AGARI ba="2,1" hai="57,62,65,94,95" m="50281,26697,74,31520,31264" machi="65" ten="40,6000,1" yaku="19,1,52,3" doraHai="63" who="0" fromWho="0" sc="273,74,333,-22,434,-42,0,0" /><INIT seed="8,0,0,1,3,42" ten="347,311,392,0" oya="0" hai0="69,103,106,128,100,132,2,98,97,125,107,75,52" hai1="79,34,82,129,76,121,73,101,60,135,46,80,108" hai2="117,54,71,133,78,95,35,40,112,105,131,120,59" hai3=""/><T39/><D2/><U65/><N who="1" m="31008" /><U3/><E108/><V63/><N who="2" m="30752" /><V126/><F112/><T99/><D128/><U124/><E3/><V72/><F35/><T83/><D69/><U55/><E34/><V66/><F105/><T109/><D132/><U70/><E135/><V87/><F133/><T0/><D0/><U92/><E129/><V91/><F131/><T41/><D99/><U47/><E55/><V94/><F126/><T77/><D52/><U134/><E124/><V33/><F33/><T48/><D48/><U67/><E67/><V118/><F40/><T113/><D125/><U32/><E32/><V62/><REACH who="2" step="1"/><F95/><REACH who="2" ten="347,311,382,0" step="2"/><T36/><D109/><U1/><E134/><V93/><F93/><T115/><D41/><U96/><REACH who="1" step="1"/><E1/><REACH who="1" ten="347,301,382,0" step="2"/><V68/><F68/><T43/><D43/><U50/><E50/><V104/><F104/><T49/><D49/><U64/><E64/><V37/><F37/><AGARI ba="0,2" hai="36,37,39,75,77,83,97,98,100,103,106,107,113,115" machi="37" ten="40,7700,0" yaku="9,1,23,2" doraHai="42" who="0" fromWho="2" sc="347,97,301,0,382,-77,0,0" owari="444,39.0,301,-30.0,305,-9.0,0,0.0" /></mjloggm>