<mjloggm ver="2.3"><GO type="169" lobby="0"/><UN n0="%E3%83%A9%E3%82%B9%E3%82%8B%E3%81%8B%E3%81%AA" n1="%E7%AD%89%E3%80%85%E5%8A%9B%E5%8A%87%E5%A0%B4" n2="%E6%AD%A6%E7%94%B0%E8%88%9E%E5%BD%A9" n3="%E7%81%AB%E9%9C%8A%E5%A4%A2" dan="16,17,18,17" rate="2156.20,2170.68,2246.46,2260.87" sx="M,M,M,M"/><TAIKYOKU oya="0"/><INIT seed="0,0,0,1,4,8" ten="250,250,250,250" oya="0" hai0="14,2,69,124,128,27,97,93,26,35,32,131,6" hai1="75,125,108,36,12,47,54,16,123,62,25,117,15" hai2="115,116,0,38,9,29,114,56,110,111,57,74,92" hai3="21,63,98,77,94,10,31,82,133,44,48,5,73"/><T66/><D2/><U121/><E117/><V64/><F74/><W100/><G133/><T43/><D43/><U53/><E75/><V129/><F92/><W134/><G134/><T28/><D66/><U88/><E108/><N who="2" m="41515" /><F38/><W71/><G71/><T78/><D78/><U58/><E125/><V84/><F84/><W119/><G119/><T113/><D69/><U17/><E25/><V24/><F56/><W40/><G63/><T87/><D87/><U50/><E36/><V104/><F57/><W132/><G132/><T52/><D113/><U45/><E45/><V65/><F104/><W96/><G96/><T59/><D124/><U81/><E81/><V130/><F65/><W106/><G21/><T103/><D35/><U22/><REACH who="1" step="1"/><E88/><REACH who="1" ten="250,240,250,250" step="2"/><V99/><F116/><W135/><G135/><T80/><D80/><U109/><E109/><V41/><F24/><W30/><REACH who="3" step="1"/><G106/><REACH who="3" ten="250,240,250,240" step="2"/><T118/><D118/><U42/><E42/><V61/><F41/><W105/><G105/><T20/><D28/><U46/><E46/><V95/><F29/><W55/><G55/><T89/><D52/><U79/><E79/><V19/><F115/><W91/><G91/><T122/><D89/><U60/><E60/><V4/><F114/><W126/><G126/><T86/><D32/><U83/><E83/><V11/><F61/><W90/><G90/><T34/><D93/><U49/><E49/><V23/><F95/><W72/><G72/><T127/><D34/><U101/><E101/><V70/><F64/><W107/><G107/><T85/><D127/><U112/><E112/><V37/><F99/><RYUUKYOKU ba="0,2" sc="250,-15,240,15,250,-15,240,15" hai1="12,15,16,17,22,47,50,53,54,58,62,121,123" hai3="5,10,30,31,40,44,48,73,77,82,94,98,100" /><INIT seed="1,1,2,0,5,57" ten="235,255,235,255" oya="1" hai0="119,59,62,22,126,23,101,102,93,79,10,39,7" hai1="46,129,15,91,56,103,52,83,80,69,112,18,42" hai2="87,29,78,81,28,92,95,60,135,24,67,85,82" hai3="108,120,61,4,33,114,63,21,25,44,51,99,13"/><U104/><E112/><V30/><F135/><W47/><G114/><T109/><D39/><U2/><E2/><V110/><F110/><W65/><G120/><T111/><D79/><U3/><E3/><V19/><F19/><W131/><G33/><T49/><D49/><U113/><E69/><V125/><F125/><W0/><G0/><T70/><D70/><U14/><E113/><V97/><F24/><W1/><G1/><N who="0" m="367" /><D119/><U53/><E129/><V105/><F105/><W88/><G108/><N who="0" m="41547" /><D126/><U45/><E53/><V118/><F118/><W130/><G65/><N who="0" m="39135" /><D93/><U40/><E46/><N who="3" m="17450" /><G51/><T43/><D43/><U128/><E128/><N who="3" m="49194" /><G4/><T134/><D134/><U98/><E42/><V133/><F133/><W132/><G132/><T75/><D75/><U96/><E40/><V127/><F127/><W38/><G38/><T71/><D71/><U124/><E124/><V72/><F72/><W74/><G74/><T50/><D50/><U115/><E45/><V20/><F67/><W94/><G13/><T77/><D77/><U54/><E14/><V34/><F78/><W27/><G27/><T107/><D107/><U9/><E54/><V116/><F116/><W11/><G11/><T89/><D23/><U17/><E115/><V58/><F20/><W37/><G37/><T36/><D22/><U121/><E121/><V76/><F34/><W84/><G99/><T32/><D32/><U12/><E12/><V41/><F97/><W5/><G5/><T73/><D73/><U86/><E98/><V66/><F41/><W68/><G68/><T48/><D36/><U122/><E122/><RYUUKYOKU ba="1,2" sc="235,-15,255,-15,235,15,255,15" hai2="28,29,30,58,60,66,76,81,82,85,87,92,95" hai3="21,25,61,63,84,88,94" /><INIT seed="2,2,2,0,2,108" ten="220,240,250,270" oya="2" hai0="72,6,122,62,113,55,1,48,71,11,5,94,46" hai1="17,18,91,80,121,84,52,115,86,27,22,70,34" hai2="19,73,82,135,36,25,118,38,77,63,90,66,43" hai3="28,60,15,39,85,14,114,97,102,0,23,126,134"/><V2/><F118/><W47/><G0/><T51/><D122/><U21/><E70/><V87/><F2/><W125/><G134/><T54/><D72/><U35/><E121/><V24/><F135/><W93/><G60/><T68/><D62/><U64/><E64/><V40/><F43/><N who="3" m="23039" /><G85/><T131/><D131/><U59/><E86/><V58/><F40/><W74/><G74/><T99/><D5/><U116/><E116/><V49/><F49/><W76/><G76/><T44/><REACH who="0" step="1"/><D113/><REACH who="0" ten="210,240,250,270" step="2"/><U79/><E115/><V16/><F36/><W92/><G114/><T127/><D127/><U26/><E79/><V107/><F38/><W130/><G130/><T129/><D129/><U133/><E133/><V8/><F73/><W105/><G126/><T13/><D13/><U20/><REACH who="1" step="1"/><E22/><REACH who="1" ten="210,230,250,270" step="2"/><V101/><F77/><W37/><G125/><T57/><D57/><U10/><E10/><V69/><F58/><W3/><G23/><T83/><D83/><U45/><E45/><V32/><F8/><W50/><G3/><T53/><D53/><U111/><E111/><V96/><F25/><W128/><G128/><T7/><D7/><U100/><E100/><AGARI ba="2,4" hai="1,6,11,44,46,48,51,54,55,68,71,94,99,100" machi="100" ten="30,7700,0" yaku="1,1,7,1,9,1,53,1" doraHai="108" doraHaiUra="33" who="0" fromWho="1" sc="210,123,230,-83,250,0,270,0" /><INIT seed="3,0,0,1,5,30" ten="333,147,250,270" oya="3" hai0="114,124,7,134,46,78,56,104,121,68,105,38,128" hai1="1,47,44,17,2,117,127,89,108,81,33,90,120" hai2="122,57,103,92,111,71,84,129,11,31,62,110,69" hai3="23,125,133,83,88,15,97,74,94,76,130,87,32"/><W64/><G133/><T107/><D68/><U77/><E120/><V54/><F122/><W131/><G64/><T53/><D121/><U0/><E108/><N who="2" m="41515" /><F129/><N who="3" m="49163" /><G125/><T93/><D128/><U61/><E127/><V123/><F123/><W135/><G135/><T39/><D124/><U27/><E117/><V63/><F31/><W79/><G32/><T58/><D134/><U50/><E61/><V48/><F11/><W85/><G15/><T29/><D78/><N who="3" m="29737" /><G23/><T20/><D7/><U26/><E47/><V99/><F84/><N who="3" m="32331" /><G83/><T101/><D20/><U118/><E118/><V126/><F126/><W3/><G3/><T16/><D29/><U60/><E81/><V72/><F63/><W73/><AGARI ba="0,0" hai="73,74,88,94,97" m="32331,29737,49163" machi="73" ten="40,12000,1" yaku="19,1,34,2,54,1" doraHai="30" who="3" fromWho="3" sc="333,-40,147,-40,250,-40,270,120" /><INIT seed="3,1,0,2,4,93" ten="293,107,210,390" oya="3" hai0="4,111,126,28,72,23,99,104,67,98,6,50,71" hai1="74,85,109,29,95,100,60,92,76,47,119,1,15" hai2="64,57,5,124,94,77,45,115,32,51,44,34,26" hai3="42,120,46,122,12,7,105,53,81,73,30,114,66"/><W125/><G114/><T21/><D72/><U116/><E1/><V121/><F115/><W41/><G125/><T128/><D111/><U127/><E74/><V38/><F124/><W118/><G118/><T80/><D104/><U102/><E127/><V133/><F133/><W129/><G129/><T108/><D108/><U130/><E109/><V82/><F121/><W20/><G66/><T8/><D126/><U87/><E29/><V131/><F131/><W18/><G7/><T52/><D80/><U17/><E130/><V33/><F5/><N who="0" m="2154" /><D71/><U91/><E60/><V13/><F13/><W35/><G105/><T24/><D67/><U14/><E47/><V3/><F3/><W0/><G0/><T40/><D40/><U27/><E27/><V9/><F9/><W19/><G35/><T135/><D8/><U89/><REACH who="1" step="1"/><E76/><REACH who="1" ten="293,97,210,390" step="2"/><V84/><F26/><W58/><G30/><T132/><D128/><U31/><E31/><V90/><F38/><W103/><G46/><N who="0" m="27735" /><D23/><U113/><E113/><V88/><F34/><W59/><G122/><T79/><D79/><U70/><E70/><V55/><F77/><W69/><G120/><T78/><D78/><U36/><E36/><V54/><F33/><W39/><G69/><T16/><D28/><U83/><E83/><V134/><F32/><W96/><G39/><T2/><D2/><U48/><E48/><V56/><F44/><W97/><G73/><T63/><D63/><U117/><E117/><V75/><F75/><W11/><G81/><T25/><D25/><U112/><E112/><V107/><F45/><W10/><G20/><RYUUKYOKU ba="1,1" sc="293,15,97,15,210,-15,390,-15" hai0="16,21,24,98,99,132,135" hai1="14,15,17,85,87,89,91,92,95,100,102,116,119" /><INIT seed="4,2,1,2,3,36" ten="308,112,195,375" oya="0" hai0="59,79,16,17,52,129,7,67,0,11,60,43,57" hai1="3,55,6,112,31,135,91,50,45,83,116,134,20" hai2="125,22,131,89,68,105,33,47,29,103,5,86,15" hai3="65,30,97,78,110,128,69,14,71,76,18,130,34"/><T98/><D129/><N who="3" m="49769" /><G110/><T118/><D118/><U100/><E116/><V82/><F68/><N who="3" m="26187" /><G65/><T109/><D109/><U46/><E100/><V115/><F131/><W28/><G97/><T56/><D79/><N who="3" m="30249" /><G34/><T53/><D98/><U95/><E83/><V121/><F33/><W104/><G104/><T101/><D101/><U49/><E95/><V44/><F105/><W58/><G58/><T119/><D119/><U2/><E91/><V133/><F89/><W23/><AGARI ba="2,1" hai="14,18,23,28,30" m="30249,26187,49769" machi="23" ten="40,1500,0" yaku="19,1" doraHai="36" who="3" fromWho="3" sc="308,-9,112,-6,195,-6,375,31" /><INIT seed="5,0,0,1,2,119" ten="299,106,189,406" oya="1" hai0="55,77,38,124,20,12,15,102,75,105,1,24,125" hai1="63,116,86,59,120,50,71,127,62,93,48,135,91" hai2="33,31,26,16,87,45,129,94,109,113,79,43,123" hai3="74,99,41,131,29,0,111,4,114,96,117,51,30"/><U61/><E116/><V53/><F109/><W68/><G111/><T11/><D38/><U23/><E135/><V89/><F129/><W76/><G68/><T35/><D77/><U81/><E127/><N who="0" m="48713" /><D75/><U21/><E71/><V103/><F123/><W52/><G41/><T5/><D55/><U64/><E120/><V106/><F113/><W107/><G107/><T56/><D56/><U73/><E73/><V54/><F79/><W8/><G131/><T82/><D82/><U2/><E2/><V83/><F106/><W13/><G114/><T132/><D102/><U95/><E64/><V27/><F103/><W36/><G36/><T34/><D105/><U100/><E100/><V65/><F83/><W39/><G39/><T112/><D112/><U37/><E37/><V128/><F65/><W134/><G0/><T60/><D60/><U104/><E104/><V9/><F128/><W66/><G66/><T58/><D58/><U97/><E59/><V122/><F122/><W133/><G117/><T92/><D92/><N who="1" m="35403" /><E97/><N who="3" m="37450" /><G76/><T101/><D101/><U90/><E90/><V49/><REACH who="2" step="1"/><F9/><REACH who="2" ten="299,106,179,406" step="2"/><W22/><G74/><T57/><D132/><U80/><E81/><V40/><F40/><W17/><G134/><T84/><D84/><U25/><E23/><AGARI ba="0,1" hai="16,23,26,27,31,33,43,45,49,53,54,87,89,94" machi="23" ten="40,5200,0" yaku="1,1,54,1,53,1" doraHai="119" doraHaiUra="85" who="2" fromWho="1" sc="299,0,106,-52,179,62,406,0" /><INIT seed="6,0,0,1,5,9" ten="299,54,241,406" oya="2" hai0="63,43,88,85,70,50,116,65,90,132,97,32,3" hai1="29,72,111,36,6,92,110,4,109,10,52,23,18" hai2="74,8,118,68,47,93,53,24,40,12,86,128,129" hai3="19,67,114,30,115,78,37,106,5,64,80,44,17"/><V121/><F118/><W76/><G106/><T87/><D3/><U113/><E36/><V46/><F74/><W35/><G5/><T26/><D132/><U16/><E72/><V103/><F121/><W13/><G35/><T41/><D116/><U58/><E113/><N who="3" m="43018" /><G30/><T38/><D38/><U60/><E29/><V25/><F68/><W15/><G76/><T49/><D97/><U75/><E75/><V54/><F103/><W126/><G126/><T102/><D102/><U51/><E92/><V45/><F40/><N who="3" m="22543" /><G19/><T82/><D49/><U107/><E107/><V98/><F98/><W79/><G79/><T122/><D122/><U48/><E18/><N who="2" m="8455" /><F129/><W123/><G123/><T73/><D73/><U89/><E89/><N who="2" m="53431" /><F128/><W94/><G94/><T112/><D32/><U119/><E119/><V81/><F81/><W84/><G15/><T120/><D120/><U1/><REACH who="1" step="1"/><E4/><REACH who="1" ten="299,44,241,406" step="2"/><V11/><F11/><AGARI ba="0,1" hai="11,13,17,64,67,78,80,84" m="22543,43018" machi="11" ten="30,3900,0" yaku="15,1,11,1,52,1" doraHai="9" who="3" fromWho="2" sc="299,0,44,0,241,-39,406,49" /><INIT seed="7,0,0,5,4,109" ten="299,44,202,455" oya="3" hai0="68,14,119,25,24,129,92,112,43,46,95,77,63" hai1="93,39,40,41,121,36,120,98,70,117,32,51,125" hai2="114,44,42,7,72,57,28,11,79,91,84,10,103" hai3="66,99,30,20,59,89,76,71,82,102,104,100,94"/><W80/><G71/><T5/><D129/><U65/><E32/><V29/><F103/><W9/><G9/><T127/><D119/><U15/><E15/><V17/><F57/><W55/><G66/><T75/><D127/><U101/><E125/><V96/><F96/><W8/><G8/><T134/><D134/><U115/><E117/><V13/><F72/><W74/><G82/><T21/><D75/><U64/><E101/><V16/><F114/><W81/><G81/><T45/><D77/><U106/><E106/><V6/><F29/><W131/><G131/><T26/><D68/><U37/><E93/><V19/><F28/><W83/><G83/><T31/><D63/><U35/><E35/><V85/><F91/><W18/><G30/><T33/><D14/><U87/><E87/><V123/><F79/><W47/><G47/><T69/><D69/><U108/><E98/><V126/><F123/><N who="1" m="47177" /><E70/><V4/><F126/><W49/><G104/><T111/><D111/><U97/><E97/><V132/><F132/><W34/><G34/><T67/><D67/><N who="1" m="25675" /><E108/><V3/><F4/><W113/><G100/><T54/><D5/><U27/><E27/><V52/><F84/><W50/><G102/><T110/><D110/><U61/><E61/><V12/><F85/><W130/><G80/><T58/><D95/><U1/><E1/><V2/><F3/><W78/><G78/><T124/><D92/><U122/><N who="1" m="47185" /><U88/><DORA hai="53" /><E88/><V23/><F2/><W135/><G76/><T48/><D33/><U60/><E60/><V90/><F90/><W128/><G74/><RYUUKYOKU ba="0,0" sc="299,0,44,0,202,0,455,0" owari="299,10.0,44,-46.0,202,-20.0,455,56.0" /></mjloggm>