<mjloggm ver="2.3"><GO type="225" lobby="0"/><UN n0="%E8%97%81%E3%83%AF%E3%83%A9%E7%AC%91%77%72%77%72" n1="%E3%81%8B%E3%81%A4%E3%81%BF%E3%82%93%E3%81%94%EF%BC%81" n2="%E8%A8%88%E7%AE%97%E6%A9%9F%E8%87%AA%E7%84%B6" n3="%E5%85%94%E6%96%AF%E5%9F%BA" dan="17,17,17,17" rate="2236.90,2168.24,2201.10,2215.90" sx="M,M,M,M"/><TAIKYOKU oya="0"/><INIT seed="0,0,0,4,2,43" ten="250,250,250,250" oya="0" hai0="8,114,113,45,27,84,49,91,95,81,16,131,116" hai1="111,25,5,34,36,130,54,74,14,132,135,108,71" hai2="58,117,28,51,46,4,126,129,42,53,80,92,50" hai3="37,31,112,30,13,77,94,40,76,19,23,102,2"/><T79/><D116/><U39/><E74/><V67/><F117/><W75/><G2/><T57/><D131/><U128/><E71/><V21/><F129/><N who="1" m="49769" /><E54/><V64/><F126/><W41/><G112/><T24/><D57/><U69/><E69/><V18/><F28/><N who="3" m="10795" /><G37/><N who="1" m="14410" /><E25/><V72/><F4/><W125/><G75/><T123/><D123/><U103/><E103/><V120/><F120/><W20/><G20/><T52/><D114/><U60/><E60/><V109/><F72/><W70/><G70/><T22/><D8/><N who="1" m="4367" /><E34/><V6/><F6/><W56/><G125/><T61/><D61/><U99/><E99/><V115/><F115/><W110/><G56/><T127/><D127/><U106/><E106/><V59/><F59/><W87/><G102/><T100/><D113/><U7/><E7/><V121/><F121/><W1/><G1/><T63/><D63/><U98/><E98/><V66/><F64/><W133/><G40/><T0/><D0/><U15/><E15/><N who="2" m="9439" /><F67/><W12/><G13/><N who="0" m="9487" /><D100/><U65/><E65/><V85/><F66/><W78/><G41/><T48/><D48/><U90/><E90/><V97/><F42/><W93/><G76/><T29/><D29/><U122/><E122/><V62/><F62/><W10/><G77/><T26/><D24/><U55/><E55/><V96/><F58/><W101/><G78/><T124/><D124/><U105/><E105/><V44/><F51/><W17/><G101/><T73/><D73/><U118/><E118/><V82/><F50/><W83/><G12/><T107/><D107/><U35/><E35/><V32/><F32/><RYUUKYOKU ba="0,0" sc="250,15,250,15,250,-15,250,-15" hai0="26,27,45,49,52,79,81,84,91,95" hai1="108,111,132,135" /><INIT seed="0,1,0,1,1,131" ten="265,265,235,235" oya="0" hai0="62,134,49,24,42,0,21,118,94,64,36,33,19" hai1="39,4,1,23,2,78,132,97,90,105,6,89,115" hai2="70,106,41,22,77,114,44,65,92,69,129,71,26" hai3="120,122,58,119,53,133,66,75,82,112,12,9,47"/><T93/><D118/><U91/><E39/><V128/><F106/><W88/><G112/><T113/><D113/><U37/><E115/><V123/><F114/><W84/><G75/><T10/><D36/><U61/><E37/><N who="2" m="21551" /><F77/><W72/><G72/><T56/><D33/><U109/><E109/><V95/><F65/><W135/><G47/><T5/><REACH who="0" step="1"/><D134/><REACH who="0" ten="255,265,235,235" step="2"/><N who="3" m="51209" /><G119/><T18/><D18/><U38/><E38/><V52/><F128/><W100/><G66/><T20/><D20/><U67/><E23/><V85/><F22/><W50/><G100/><T43/><D43/><U108/><E132/><V32/><F32/><W116/><G116/><T124/><D124/><U13/><E108/><V15/><F129/><W87/><G84/><T81/><D81/><U14/><E6/><AGARI ba="1,1" hai="6,9,12,50,53,58,82,87,88,120,122" m="51209" machi="6" ten="30,8000,1" yaku="20,1,52,3,54,1" doraHai="131" who="3" fromWho="1" sc="255,0,265,-83,235,0,235,93" /><INIT seed="1,0,0,4,4,45" ten="255,182,235,328" oya="1" hai0="31,92,130,121,46,3,103,134,62,19,97,15,47" hai1="94,135,107,109,74,88,20,78,70,110,117,113,23" hai2="89,129,55,106,77,72,93,64,2,0,95,39,42" hai3="84,127,5,54,58,12,79,118,100,101,128,1,71"/><U105/><E70/><V60/><F106/><N who="1" m="40457" /><E20/><V114/><F129/><W59/><G71/><T56/><D130/><U75/><E23/><V65/><F114/><W63/><G1/><T36/><D134/><U26/><E26/><V8/><F55/><W122/><G5/><T67/><D121/><U34/><E34/><V61/><F42/><W104/><G12/><T124/><D124/><U80/><E113/><V4/><F39/><W96/><G127/><T9/><D36/><U102/><E135/><V81/><F0/><W52/><G118/><T99/><D3/><U25/><E25/><V33/><F33/><W53/><G53/><T125/><D125/><U73/><E102/><V41/><F41/><W82/><G101/><T6/><D6/><U76/><E117/><V69/><F89/><W123/><REACH who="3" step="1"/><G128/><REACH who="3" ten="255,182,235,318" step="2"/><T131/><D131/><U16/><E16/><V51/><F65/><W119/><G119/><T91/><D31/><U115/><E115/><V112/><F112/><W38/><G38/><T98/><D103/><U111/><E78/><V86/><F69/><W43/><G43/><T13/><D13/><U66/><E66/><V57/><F64/><W116/><G116/><T68/><D68/><U32/><E32/><V126/><F126/><W37/><G37/><T21/><D9/><U108/><N who="1" m="27648" /><DORA hai="87" /><U40/><E40/><V50/><F8/><W83/><G83/><T22/><D22/><U24/><E24/><V18/><F81/><W28/><G28/><T27/><D15/><U48/><E48/><AGARI ba="0,1" hai="48,52,54,58,59,63,79,82,84,96,100,104,122,123" machi="48" ten="30,7700,0" yaku="1,1,7,1,52,1,54,1,53,0" doraHai="45,87" doraHaiUra="132,7" who="3" fromWho="1" sc="255,0,182,-77,235,0,318,87" /><INIT seed="2,0,0,3,4,56" ten="255,105,235,405" oya="2" hai0="80,108,64,62,77,4,59,43,131,101,28,61,58" hai1="10,27,111,72,125,0,1,54,69,128,37,116,102" hai2="46,60,30,93,121,6,103,94,39,87,73,134,109" hai3="90,23,18,81,33,113,97,86,20,63,71,19,26"/><V21/><F73/><W98/><G33/><T22/><D108/><U114/><E54/><V51/><F121/><W130/><G130/><T7/><D131/><U88/><E88/><N who="2" m="53407" /><F39/><W104/><G104/><T48/><D101/><U99/><E99/><N who="3" m="37898" /><G71/><T49/><D28/><U92/><E92/><V32/><F32/><W126/><G126/><T112/><D22/><U124/><E10/><V45/><F134/><W83/><G113/><T57/><D112/><U8/><E8/><V66/><F109/><W85/><G63/><N who="0" m="24075" /><D64/><U122/><E27/><V118/><F21/><W24/><G23/><T123/><D123/><U47/><E47/><V14/><F45/><W11/><G11/><T119/><D119/><U13/><E13/><V68/><F118/><W67/><G67/><T70/><D70/><U25/><E25/><V31/><F31/><W110/><G110/><T3/><D3/><U79/><E102/><V120/><F120/><W107/><G107/><T2/><D2/><U129/><E79/><V106/><F106/><W100/><G100/><T52/><D43/><U41/><E41/><N who="2" m="25039" /><F30/><W84/><G24/><T35/><D35/><U133/><E125/><V65/><F65/><W117/><G26/><T5/><D49/><U9/><E129/><V36/><F103/><W91/><G20/><T89/><D77/><U50/><E9/><N who="2" m="4407" /><F36/><W44/><G90/><T132/><D132/><U38/><E38/><V75/><F75/><W76/><G91/><T17/><D17/><U135/><E135/><V95/><F66/><W16/><G76/><T55/><D55/><U29/><E133/><RYUUKYOKU ba="0,0" sc="255,15,105,-15,235,15,405,-15" hai0="4,5,7,48,52,57,58,59,80,89" hai2="60,68,94,95" /><INIT seed="2,1,0,1,0,105" ten="270,90,250,390" oya="2" hai0="119,89,75,62,8,78,20,125,39,81,96,10,63" hai1="88,36,57,25,131,92,16,55,49,130,14,41,27" hai2="22,103,98,82,71,100,121,115,101,113,132,116,126" hai3="118,110,47,93,79,34,12,83,50,104,60,109,26"/><V99/><F71/><W52/><G104/><T31/><D39/><U97/><E36/><V94/><F22/><W32/><G118/><T85/><D119/><U67/><E41/><V43/><F43/><W134/><G134/><T86/><D125/><U114/><E114/><N who="2" m="43531" /><F116/><W91/><G60/><N who="0" m="23083" /><D96/><N who="2" m="36906" /><F121/><W48/><G48/><T107/><D75/><U80/><E67/><V77/><F126/><W128/><G12/><T76/><D107/><U46/><E46/><V129/><F129/><W37/><G47/><T38/><D38/><U3/><E3/><V127/><F127/><W120/><G52/><T95/><D76/><U102/><E131/><V74/><F94/><W59/><G93/><T44/><D44/><U69/><E69/><V40/><F40/><W133/><G120/><T135/><D135/><AGARI ba="1,0" hai="74,77,82,100,101,103,132,135" m="36906,43531" machi="135" ten="40,7700,0" yaku="34,2,52,1" doraHai="105" who="2" fromWho="0" sc="270,-80,90,0,250,80,390,0" /><INIT seed="2,2,0,3,3,84" ten="190,90,330,390" oya="2" hai0="65,12,117,47,128,15,41,32,2,68,78,10,50" hai1="80,5,67,21,51,114,71,115,86,33,98,95,22" hai2="99,120,26,110,134,104,46,44,17,133,93,64,106" hai3="48,59,83,109,96,135,63,13,77,35,29,90,76"/><V122/><F64/><W11/><G109/><T8/><D32/><U56/><E33/><V132/><F110/><W6/><G135/><T130/><D78/><U30/><E71/><V42/><F17/><W57/><G29/><T131/><D117/><U16/><E5/><V103/><F26/><W129/><G35/><T34/><D34/><U7/><E7/><V20/><F20/><W4/><G129/><T43/><D43/><U79/><E115/><V85/><F46/><W18/><G48/><T125/><D125/><U28/><E114/><V94/><F93/><N who="3" m="56375" /><G59/><T108/><D108/><U39/><E39/><V55/><F55/><N who="3" m="34239" /><G6/><N who="0" m="1111" /><D10/><U88/><E22/><V73/><F73/><W105/><G18/><T100/><D100/><U25/><E51/><N who="2" m="27031" /><F85/><N who="3" m="48359" /><G105/><AGARI ba="2,0" hai="94,99,103,104,105,106,120,122,132,133,134" m="27031" machi="105" ten="40,2000,0" yaku="20,1" doraHai="84" who="2" fromWho="3" sc="190,0,90,0,330,26,390,-26" /><INIT seed="2,3,0,0,5,48" ten="190,90,356,364" oya="2" hai0="82,50,114,86,74,71,13,65,88,84,49,25,57" hai1="113,31,51,26,100,68,34,121,54,99,22,87,111" hai2="116,20,85,53,9,36,43,23,19,109,37,115,6" hai3="21,69,44,124,35,125,94,16,33,120,14,77,117"/><V40/><F115/><W30/><G69/><T0/><D0/><U96/><E111/><V118/><F85/><W103/><G117/><T41/><D74/><U97/><E113/><V80/><F80/><W42/><G77/><N who="0" m="46159" /><D71/><U5/><E68/><V73/><F73/><W39/><G120/><T66/><D25/><U133/><E133/><V126/><F126/><N who="3" m="48747" /><G30/><T56/><D114/><U60/><E121/><V28/><F28/><W8/><G21/><T93/><D13/><U52/><E5/><V24/><F109/><W81/><G81/><T131/><D131/><U2/><E2/><V119/><F23/><W72/><G72/><T98/><D98/><AGARI ba="3,0" hai="8,14,16,33,35,39,42,44,94,98,103" m="48747" machi="98" ten="30,2000,0" yaku="18,1,54,1" doraHai="48" who="3" fromWho="0" sc="190,-29,90,0,356,0,364,29" /><INIT seed="3,0,0,3,5,35" ten="161,90,356,393" oya="3" hai0="67,65,2,26,94,52,8,87,98,44,53,20,38" hai1="84,131,123,19,68,116,133,106,78,74,82,56,3" hai2="14,77,1,60,114,10,115,113,25,110,125,31,64" hai3="16,129,59,18,122,109,90,71,12,101,121,11,120"/><W17/><G71/><T117/><D2/><U39/><RYUUKYOKU type="yao9" ba="0,0" sc="161,0,90,0,356,0,393,0" hai1="3,19,39,56,68,74,78,82,84,106,116,123,131,133" /><INIT seed="3,1,0,5,5,64" ten="161,90,356,393" oya="3" hai0="43,130,23,77,74,78,100,126,15,58,93,133,48" hai1="114,9,85,81,99,116,25,46,83,30,131,117,16" hai2="8,24,22,59,103,69,96,88,135,118,2,128,33" hai3="89,5,119,73,12,34,20,44,132,4,97,6,76"/><W56/><G34/><T62/><D74/><U101/><E114/><V123/><F118/><W102/><G89/><T1/><D1/><U28/><E131/><V55/><F128/><W87/><G73/><T38/><D38/><U32/><E30/><V57/><F33/><W14/><G119/><T79/><D133/><U61/><E117/><V121/><F135/><W111/><G132/><T94/><D126/><U84/><E116/><V39/><F39/><W105/><G44/><N who="0" m="25631" /><D100/><U37/><E61/><N who="2" m="36031" /><F59/><W127/><G56/><T40/><D40/><U19/><E37/><V124/><F124/><W91/><G76/><T50/><D50/><U108/><E46/><V10/><F103/><W54/><G20/><T31/><D130/><U65/><E65/><V90/><F2/><W134/><G54/><N who="0" m="34135" /><D31/><U49/><E49/><V63/><F90/><W82/><G127/><T106/><D106/><U27/><E108/><V71/><F63/><W68/><G134/><T125/><D125/><U129/><E129/><V110/><F110/><W66/><G111/><T29/><D15/><U53/><E53/><V113/><F113/><W47/><G47/><T36/><D36/><U7/><E27/><AGARI ba="1,0" hai="23,27,29,77,78,79,93,94" m="34135,25631" machi="27" ten="30,1000,0" yaku="8,1" doraHai="64" who="0" fromWho="1" sc="161,13,90,-13,356,0,393,0" owari="174,-23.0,77,-42.0,356,16.0,393,49.0" /></mjloggm>