<mjloggm ver="2.3"><GO type="169" lobby="0"/><UN n0="%E7%9B%B8%E3%83%B6%E6%B1%9F%E6%9F%9A%E8%91%89" n1="%E3%83%80%E3%82%AF%E3%82%BF%E3%83%BC%E3%82%AF%E3%83%AA%E3%83%83%E3%83%97" n2="%E3%81%9F%E3%81%84%E3%81%9B" n3="%31%35%2E%31%35%63%6D" dan="17,17,17,18" rate="2179.21,2201.92,2205.14,2261.03" sx="F,M,F,M"/><TAIKYOKU oya="0"/><INIT seed="0,0,0,3,5,67" ten="250,250,250,250" oya="0" hai0="58,69,56,121,72,73,32,39,12,22,122,134,5" hai1="54,82,113,10,28,26,9,60,75,85,79,14,118" hai2="31,88,52,4,19,68,25,86,104,20,65,62,99" hai3="129,126,37,70,94,92,47,133,101,43,119,123,120"/><T61/><D32/><U57/><E118/><V93/><F4/><W7/><G119/><T48/><D39/><U130/><E130/><V112/><F112/><W128/><G7/><T117/><D117/><U105/><E113/><V102/><REACH who="2" step="1"/><F52/><REACH who="2" ten="250,250,240,250" step="2"/><W107/><G128/><T84/><D122/><U44/><E54/><V21/><F21/><W27/><G129/><T55/><D121/><U42/><E9/><V63/><F63/><W30/><G123/><T50/><D22/><U18/><E60/><V45/><F45/><W40/><G47/><T0/><D55/><U96/><E44/><V17/><AGARI ba="0,1" hai="17,19,20,25,31,62,65,68,86,88,93,99,102,104" machi="17" ten="30,7900,0" yaku="1,1,0,1,52,1,54,1,53,0" doraHai="67" doraHaiUra="11" who="2" fromWho="2" sc="250,-39,250,-20,240,89,250,-20" /><INIT seed="1,0,0,4,1,135" ten="211,230,329,230" oya="1" hai0="117,83,116,44,19,59,23,96,15,12,131,13,27" hai1="88,46,39,24,78,127,2,125,71,128,58,114,122" hai2="89,74,79,82,81,66,94,132,119,99,93,11,31" hai3="105,30,91,123,63,42,9,29,50,72,70,3,37"/><U40/><E122/><V45/><F132/><W62/><G123/><T22/><D131/><U5/><E71/><V110/><F119/><W92/><G105/><T14/><D44/><U100/><E114/><V33/><F110/><W107/><G107/><T97/><D116/><U55/><E100/><V124/><F66/><W90/><G72/><T95/><D117/><U34/><E128/><V106/><F45/><W108/><G37/><T69/><D69/><U84/><E78/><N who="2" m="44247" /><F11/><W133/><G108/><T48/><D83/><U134/><E134/><V4/><F4/><W52/><G42/><T73/><D73/><U25/><E5/><V20/><F20/><W60/><G90/><T61/><D48/><U118/><E2/><V53/><F53/><W120/><G120/><T130/><D95/><U0/><E0/><V10/><F10/><W16/><G3/><T35/><D35/><U75/><E75/><N who="2" m="43391" /><F31/><W111/><G111/><T32/><D32/><U80/><E118/><V7/><F33/><W76/><G133/><T18/><REACH who="0" step="1"/><D130/><REACH who="0" ten="201,230,329,230" step="2"/><U51/><REACH who="1" step="1"/><E34/><REACH who="1" ten="201,220,329,230" step="2"/><V47/><F7/><W101/><G70/><T112/><D112/><U6/><E6/><V57/><F106/><W8/><G101/><T28/><D28/><U102/><E102/><V86/><F47/><W17/><G30/><T64/><AGARI ba="0,2" hai="12,13,14,15,18,19,22,23,27,59,61,64,96,97" machi="64" ten="30,4000,0" yaku="1,1,0,1,8,1,53,0" doraHai="135" doraHaiUra="115" who="0" fromWho="0" sc="201,60,220,-20,329,-10,230,-10" /><INIT seed="2,0,0,1,2,48" ten="261,200,319,220" oya="2" hai0="51,77,63,122,108,16,134,98,10,110,36,54,96" hai1="19,87,73,9,93,92,109,56,57,35,129,31,17" hai2="119,111,18,68,39,128,135,104,95,20,115,25,133" hai3="3,117,85,2,105,12,65,83,61,53,123,71,125"/><V130/><F104/><W47/><G123/><T4/><D122/><U1/><E73/><V112/><F68/><W79/><G117/><T21/><D36/><U41/><E129/><N who="2" m="49771" /><F39/><W81/><G105/><T23/><D23/><U32/><E109/><N who="0" m="42089" /><D63/><U124/><E124/><V30/><F95/><W116/><G116/><T69/><D77/><U50/><E50/><V22/><F111/><W44/><G125/><T127/><D134/><N who="2" m="51210" /><F119/><W29/><G83/><T66/><D66/><U76/><E93/><V0/><F0/><W80/><G80/><T55/><D69/><U89/><E1/><V58/><F58/><W75/><G65/><T15/><D127/><U107/><E57/><V126/><F126/><W40/><G2/><N who="0" m="279" /><D54/><U84/><E107/><V28/><F28/><W97/><G29/><T13/><D15/><AGARI ba="0,0" hai="15,18,20,22,25,30,112,115" m="51210,49771" machi="15" ten="30,11600,0" yaku="19,1,20,1,34,2" doraHai="48" who="2" fromWho="0" sc="261,-116,200,0,319,116,220,0" /><INIT seed="2,1,0,0,3,67" ten="145,200,435,220" oya="2" hai0="31,134,119,95,27,74,82,53,73,130,25,32,88" hai1="69,86,114,66,54,2,48,5,3,123,45,41,115" hai2="55,51,87,34,20,92,70,52,90,103,112,0,125" hai3="116,29,100,28,42,75,50,68,49,40,18,61,110"/><V14/><F34/><W126/><G75/><T85/><D130/><U36/><E2/><V6/><F0/><W12/><G100/><T120/><D120/><U106/><E106/><V4/><F112/><W132/><G116/><T43/><D134/><U104/><E104/><V7/><F70/><W118/><G118/><T72/><D119/><U63/><E123/><V16/><F125/><W9/><G110/><T107/><D107/><U71/><E86/><V11/><F103/><W129/><G129/><T60/><D43/><U19/><E19/><V76/><F76/><W94/><G94/><T22/><D53/><U81/><E81/><V89/><F89/><W128/><G132/><T47/><D47/><N who="1" m="23975" /><E5/><N who="2" m="3439" /><F51/><W77/><G77/><T24/><D60/><N who="1" m="40135" /><E3/><V93/><F93/><W84/><G84/><T46/><D46/><U113/><E114/><V65/><F65/><AGARI ba="1,0" hai="45,48,54,63,65,71,113,115" m="40135,23975" machi="65" ten="30,7700,0" yaku="34,2,52,2" doraHai="67" who="1" fromWho="2" sc="145,0,200,80,435,-80,220,0" /><INIT seed="3,0,0,0,0,37" ten="145,280,355,220" oya="3" hai0="85,67,128,47,14,49,2,74,59,76,52,115,4" hai1="30,121,68,116,134,61,32,17,122,131,66,73,94" hai2="82,56,91,64,81,50,132,105,1,63,60,20,28" hai3="38,78,3,88,22,0,119,34,113,86,36,45,62"/><W39/><G113/><T107/><D128/><U54/><E73/><V120/><F105/><W111/><G119/><T106/><D2/><U53/><E30/><V43/><F1/><W130/><G34/><T108/><D108/><U18/><E32/><V35/><F35/><W135/><G78/><T33/><D33/><U99/><E134/><V65/><F132/><W93/><G135/><T27/><D27/><U127/><E127/><V42/><F120/><W69/><G130/><T40/><D74/><U29/><E29/><V23/><F50/><W133/><G133/><T8/><D67/><U41/><E131/><V21/><F28/><W90/><G22/><T98/><D98/><U55/><E116/><V89/><F23/><W129/><G129/><T13/><D13/><U100/><REACH who="1" step="1"/><E41/><REACH who="1" ten="145,270,355,220" step="2"/><V112/><REACH who="2" step="1"/><F56/><REACH who="2" ten="145,270,345,220" step="2"/><W10/><G111/><T7/><D115/><AGARI ba="0,2" hai="20,21,42,43,60,63,64,65,81,82,89,91,112,115" machi="115" ten="25,16000,3" yaku="1,1,2,1,22,2,52,2,53,2" doraHai="37" doraHaiUra="19" who="2" fromWho="0" sc="145,-160,270,0,345,180,220,0" owari="-15,-52.0,270,7.0,525,63.0,220,-18.0" /></mjloggm>