<mjloggm ver="2.3"><GO type="169" lobby="0"/><UN n0="%E4%BF%BA%E3%81%A7%E3%81%99" n1="%E3%83%97%E3%83%AC%E3%82%AF%E3%83%A9%E3%82%B9%E3%83%8B%E3%83%BC" n2="%E3%82%82%E3%82%8A%E3%82%82%E3%82%8A%E3%81%8A%E3%81%AB%E3%81%8E%E3%82%8A" n3="%E3%81%8D%E3%82%83%E3%83%BC%E3%82%8D%E3%82%93" dan="16,17,16,16" rate="2095.58,2200.20,2165.33,2097.84" sx="M,M,M,M"/><TAIKYOKU oya="0"/><INIT seed="0,0,0,1,2,134" ten="250,250,250,250" oya="0" hai0="108,28,31,80,107,39,63,60,59,27,25,114,49" hai1="101,65,64,45,3,37,2,57,10,89,13,84,135" hai2="129,16,130,82,125,6,79,24,53,88,12,124,100" hai3="95,87,71,90,51,61,126,105,26,46,47,43,116"/><T75/><D114/><U9/><E135/><V121/><F121/><W20/><G116/><T11/><D39/><U115/><E115/><V102/><F6/><W69/><G105/><T0/><D107/><U41/><E101/><N who="2" m="39019" /><F24/><W7/><G7/><T34/><D108/><U78/><E78/><V70/><F53/><W15/><G15/><T1/><D49/><U29/><E29/><V5/><F5/><W112/><G112/><T81/><D11/><U48/><E3/><V119/><F70/><W58/><G47/><T30/><D30/><U19/><E2/><V104/><F88/><W54/><REACH who="3" step="1"/><G126/><REACH who="3" ten="250,250,250,240" step="2"/><N who="2" m="48745" /><F104/><W117/><G117/><T98/><D1/><U96/><E13/><V83/><F119/><W97/><G97/><T103/><D0/><U52/><E96/><V4/><F4/><W32/><G32/><T85/><D34/><U118/><E118/><V99/><F99/><W109/><G109/><T94/><D98/><U33/><E33/><V8/><F83/><W72/><G72/><AGARI ba="0,1" hai="8,12,16,72,79,82,129,130" m="48745,39019" machi="72" ten="30,8000,1" yaku="18,1,52,3,54,1" doraHai="134" who="2" fromWho="3" sc="250,0,250,0,250,90,240,-80" /><INIT seed="1,0,0,4,2,2" ten="250,250,340,160" oya="1" hai0="33,93,24,3,82,38,11,0,71,36,54,58,16" hai1="80,108,62,53,10,89,25,68,86,47,18,114,74" hai2="72,130,42,52,97,102,35,81,98,40,60,120,20" hai3="84,23,59,30,51,66,45,7,124,41,76,46,118"/><U96/><E114/><V133/><F35/><W109/><G118/><T104/><D104/><U26/><E108/><V107/><F120/><W111/><G124/><T9/><D71/><U61/><E74/><V4/><F133/><W39/><G76/><T6/><D93/><U106/><E68/><V94/><F130/><W37/><G84/><T115/><D115/><U105/><E105/><V14/><F72/><W49/><G30/><T22/><D82/><U129/><E129/><V123/><F81/><W85/><G85/><T27/><D27/><N who="1" m="10251" /><E106/><V56/><F123/><W87/><G7/><T28/><D28/><U88/><E47/><V131/><F131/><W57/><G23/><T112/><D33/><U134/><E53/><V1/><F1/><W48/><G87/><T31/><D31/><U126/><E126/><V64/><F64/><W110/><G66/><T43/><D43/><AGARI ba="0,0" hai="37,39,41,43,45,46,48,49,51,57,59,109,110,111" machi="43" ten="50,8000,1" yaku="9,1,14,1,34,3" doraHai="2" who="3" fromWho="0" sc="250,-80,250,0,340,0,160,80" /><INIT seed="2,0,0,5,4,55" ten="170,250,340,240" oya="2" hai0="90,12,119,113,99,15,3,13,39,59,26,131,72" hai1="85,36,129,120,126,62,61,80,48,110,42,109,7" hai2="40,105,82,112,67,5,71,78,108,44,43,134,18" hai3="9,76,45,37,97,8,79,1,47,60,135,114,24"/><V121/><F121/><W103/><G135/><T25/><D113/><U75/><E75/><V64/><F105/><W30/><G114/><T52/><D3/><U14/><E120/><V106/><F106/><W56/><G37/><T104/><D131/><U96/><E129/><V73/><F112/><W20/><G79/><T74/><D119/><U6/><E36/><V102/><F102/><W17/><G76/><T10/><D10/><N who="1" m="4439" /><E7/><V125/><F134/><W35/><G9/><T132/><D132/><U46/><E96/><V34/><F34/><W130/><G130/><T33/><D39/><U89/><E126/><V128/><F128/><W115/><G115/><T95/><D104/><U116/><E116/><V133/><F125/><W32/><G32/><T101/><D101/><U66/><E66/><V49/><F133/><W91/><G91/><T21/><D26/><U19/><E19/><V127/><F5/><N who="3" m="1071" /><G97/><T98/><D99/><U83/><E83/><V38/><F127/><W69/><G69/><T2/><D2/><U107/><E107/><V31/><F71/><W86/><G103/><T51/><REACH who="0" step="1"/><D33/><REACH who="0" ten="160,250,340,240" step="2"/><U50/><E110/><V27/><F108/><W23/><G35/><T124/><D124/><U100/><E109/><V65/><F38/><W123/><G123/><T54/><D54/><N who="1" m="29975" /><E100/><V41/><F41/><W0/><G0/><T4/><D4/><U81/><E80/><V111/><F43/><W94/><G23/><T53/><D53/><U92/><E81/><V122/><F111/><W63/><G20/><T57/><D57/><U88/><E89/><V93/><F122/><RYUUKYOKU ba="0,1" sc="160,15,250,15,340,-15,240,-15" hai0="12,13,15,21,25,51,52,59,72,74,90,95,98" hai1="42,50,61,62,85,88,92" /><INIT seed="3,1,1,3,2,29" ten="175,265,325,225" oya="3" hai0="98,97,99,59,46,68,118,40,133,123,110,75,111" hai1="27,119,19,131,105,86,80,37,85,126,64,39,57" hai2="28,53,102,91,56,33,20,5,100,1,0,121,124" hai3="67,48,117,77,101,2,107,116,32,70,45,109,49"/><W122/><G2/><T30/><D118/><U82/><E105/><V130/><F20/><W22/><G77/><T108/><D123/><U42/><E119/><V128/><F121/><W135/><G22/><T14/><D68/><U112/><E126/><V84/><F124/><W18/><G18/><T3/><D3/><N who="2" m="1098" /><F5/><W50/><G107/><T72/><D59/><U113/><E19/><V114/><F114/><W89/><G89/><T120/><D120/><U60/><E27/><N who="2" m="18591" /><F53/><W95/><G122/><T54/><D54/><U8/><E8/><V26/><F56/><W10/><G10/><T24/><D14/><U55/><E55/><V58/><F58/><W65/><G117/><T34/><REACH who="0" step="1"/><D133/><REACH who="0" ten="165,265,325,225" step="2"/><U41/><E112/><V69/><F69/><W132/><G70/><T38/><AGARI ba="1,2" hai="24,30,34,38,40,46,72,75,97,98,99,108,110,111" machi="38" ten="40,8000,1" yaku="1,1,2,1,0,1,14,1,52,1,53,0" doraHai="29" doraHaiUra="87" who="0" fromWho="0" sc="165,103,265,-21,325,-21,225,-41" /><INIT seed="4,0,0,3,1,16" ten="268,244,304,184" oya="0" hai0="112,57,38,135,97,106,72,49,5,110,66,51,8" hai1="27,107,80,121,98,36,88,75,9,65,86,56,37" hai2="90,103,29,47,124,30,96,105,21,126,113,26,42" hai3="13,59,102,53,44,45,91,52,23,40,81,117,11"/><T17/><D112/><U22/><E121/><V28/><F113/><W74/><G117/><T89/><D38/><U35/><E35/><V55/><F55/><W39/><G102/><T77/><D135/><U82/><E9/><V31/><REACH who="2" step="1"/><F90/><REACH who="2" ten="268,244,294,184" step="2"/><W79/><G53/><T131/><D89/><U46/><E80/><V63/><F63/><W19/><G45/><T94/><D66/><U41/><E75/><V32/><F32/><W129/><G129/><T70/><D131/><U78/><E98/><V100/><F100/><W6/><G91/><T50/><D97/><U114/><E114/><V4/><F4/><W76/><G76/><T18/><D5/><U12/><E78/><V67/><F67/><W132/><G132/><T58/><D77/><U134/><E134/><V125/><F125/><W116/><G116/><T20/><D72/><U61/><E107/><V69/><F69/><W48/><REACH who="3" step="1"/><G6/><REACH who="3" ten="268,244,294,174" step="2"/><T60/><D106/><U15/><E88/><V34/><F34/><W93/><G93/><T62/><D94/><U95/><E95/><V25/><F25/><W73/><G73/><T128/><D128/><U109/><E82/><V118/><F118/><W115/><G115/><T14/><D70/><U130/><E130/><V43/><F43/><W123/><G123/><T54/><D54/><U111/><E41/><V104/><F104/><W85/><G85/><T71/><D71/><U1/><E86/><V122/><F122/><W119/><G119/><T3/><D62/><U120/><E46/><V108/><F108/><W92/><G92/><T64/><D110/><U33/><E111/><RYUUKYOKU ba="0,2" sc="268,-15,244,-15,294,15,174,15" hai2="21,26,28,29,30,31,42,47,96,103,105,124,126" hai3="11,13,19,23,39,40,44,48,52,59,74,79,81" /><INIT seed="5,1,2,3,3,34" ten="253,229,309,189" oya="1" hai0="67,126,84,129,30,132,83,111,130,23,119,43,80" hai1="24,15,65,104,121,7,40,50,39,88,99,127,26" hai2="60,128,41,92,125,135,5,70,110,98,13,105,21" hai3="73,133,44,29,28,102,2,120,35,9,66,46,63"/><U113/><E121/><V4/><F110/><W131/><G120/><T103/><D111/><U48/><E113/><V6/><F105/><W1/><G73/><T12/><D119/><U91/><E39/><V69/><F135/><W97/><G133/><T37/><D132/><U19/><E65/><V64/><F128/><W93/><G131/><T134/><D134/><U87/><E127/><V47/><F125/><W58/><G9/><T16/><D126/><U27/><E7/><V94/><F70/><W89/><G35/><T0/><D67/><U115/><E115/><V124/><F124/><W107/><G29/><T22/><D0/><U59/><E59/><V8/><F21/><W74/><G28/><T96/><D80/><N who="1" m="49255" /><E104/><V118/><F118/><W101/><G74/><T86/><D37/><U11/><E40/><V79/><F79/><W51/><G46/><T75/><D43/><U55/><E55/><V33/><F33/><W76/><G76/><N who="0" m="44447" /><D130/><U117/><E117/><V77/><F77/><W123/><G123/><T31/><D129/><U20/><E20/><V3/><F3/><W42/><REACH who="3" step="1"/><G102/><REACH who="3" ten="253,229,309,179" step="2"/><T95/><D23/><U112/><E112/><V78/><F47/><W116/><G116/><T82/><D31/><U85/><E99/><AGARI ba="1,3" hai="1,2,42,44,51,58,63,66,89,93,97,99,101,107" machi="99" ten="30,7700,0" yaku="1,1,7,1,52,2,53,0" doraHai="34" doraHaiUra="108" who="3" fromWho="1" sc="253,0,229,-80,309,0,179,110" /><INIT seed="6,0,0,5,3,53" ten="253,149,309,289" oya="2" hai0="18,58,135,0,129,54,7,6,121,41,26,128,95" hai1="2,38,97,21,108,45,119,14,127,50,51,90,117" hai2="83,106,15,126,46,76,101,94,124,17,98,116,43" hai3="72,13,29,25,34,24,120,115,110,113,59,23,12"/><V77/><F116/><W40/><G72/><T82/><D121/><U111/><E2/><V44/><F106/><W87/><G40/><T5/><D135/><U11/><E38/><V112/><F112/><N who="3" m="43083" /><G87/><T75/><D41/><U20/><E127/><N who="2" m="48683" /><F83/><W92/><G92/><T49/><D95/><U104/><E104/><V4/><F4/><W39/><G39/><T30/><D18/><U74/><E74/><V81/><F81/><W9/><G59/><T107/><D107/><U33/><E33/><V35/><F35/><W55/><G55/><T125/><D0/><U69/><E69/><V71/><F71/><W73/><G73/><T114/><D114/><U32/><E32/><V80/><F80/><W1/><G120/><T3/><D3/><U93/><E119/><V64/><F64/><W88/><G88/><T130/><D125/><U123/><E117/><V89/><F89/><W31/><G110/><T62/><D75/><U60/><E123/><V56/><F56/><W70/><G70/><T37/><D37/><U65/><E111/><V79/><F43/><W67/><G67/><N who="0" m="39383" /><D82/><U63/><E108/><V8/><AGARI ba="0,0" hai="8,15,17,44,46,76,77,79,94,98,101" m="48683" machi="8" ten="30,1500,0" yaku="18,1" doraHai="53" who="2" fromWho="2" sc="253,-5,149,-5,309,15,289,-5" /><INIT seed="6,1,0,4,1,1" ten="248,144,324,284" oya="2" hai0="10,44,61,45,56,105,30,22,113,71,129,25,91" hai1="97,121,74,99,112,125,79,93,40,76,58,90,23" hai2="65,20,64,128,51,52,108,72,123,29,103,13,41" hai3="60,54,0,14,107,111,106,109,101,35,134,9,63"/><V17/><F123/><W126/><G35/><T124/><D113/><U11/><E112/><V31/><F72/><W2/><G126/><T46/><D124/><U59/><E125/><V33/><F128/><W62/><G134/><T28/><D105/><U6/><E121/><V95/><F41/><W36/><G36/><T75/><D75/><U5/><E40/><V77/><F77/><W96/><G107/><T85/><D71/><U120/><E120/><V84/><F108/><W12/><G54/><T26/><D10/><U66/><E74/><V118/><F118/><W38/><G38/><T135/><D135/><U81/><E66/><N who="2" m="25707" /><F33/><W48/><G48/><T7/><D129/><U119/><E119/><V104/><F104/><W57/><G57/><N who="1" m="21514" /><E23/><V131/><F131/><W133/><G133/><T15/><D56/><U130/><E130/><V87/><F103/><W94/><G106/><T4/><D61/><U39/><E39/><V78/><F78/><N who="1" m="29737" /><E81/><V115/><F115/><W102/><G102/><T42/><D42/><U73/><E73/><V27/><F20/><W53/><G111/><T86/><D86/><N who="1" m="52439" /><E11/><V32/><F32/><W80/><G109/><T67/><D67/><U47/><E47/><V49/><F49/><W50/><G9/><T55/><D46/><U68/><E68/><V83/><F51/><W132/><G132/><T114/><D45/><U19/><E19/><V3/><F17/><W98/><G2/><T69/><D114/><U16/><E16/><V70/><F3/><W92/><G0/><T117/><D117/><U34/><E34/><V89/><F70/><RYUUKYOKU ba="1,0" sc="248,-10,144,30,324,-10,284,-10" hai1="5,6,97,99" /><INIT seed="7,2,0,5,3,49" ten="238,174,314,274" oya="3" hai0="93,53,128,60,61,117,12,21,76,109,39,27,15" hai1="36,17,6,133,110,126,25,98,66,69,46,95,123" hai2="62,83,31,18,56,26,102,42,119,0,59,104,43" hai3="85,68,100,122,116,92,45,2,89,37,8,16,113"/><W70/><G116/><T29/><D109/><U87/><E110/><V81/><F0/><W58/><G122/><T72/><D128/><U79/><E123/><V97/><F18/><W48/><G113/><T30/><D117/><U118/><E118/><V64/><F119/><W132/><G132/><T103/><D39/><U77/><E133/><V63/><F43/><W74/><G74/><T47/><D30/><U130/><E6/><V41/><F41/><W3/><G100/><T14/><D72/><U57/><E69/><V7/><F42/><W9/><G37/><T86/><D76/><U108/><E36/><V19/><F19/><W44/><G58/><T101/><D86/><U22/><E46/><N who="3" m="18026" /><G48/><N who="0" m="28831" /><D93/><U99/><E130/><V84/><F84/><W106/><G106/><T94/><D94/><U4/><E4/><V91/><F7/><N who="3" m="1143" /><G16/><T71/><D71/><U50/><E108/><V1/><F1/><W54/><G54/><T23/><D21/><U82/><E79/><V114/><F114/><W34/><G34/><T65/><D65/><U24/><E126/><V107/><F107/><W28/><G28/><T88/><D88/><N who="1" m="55655" /><E99/><V127/><F91/><W112/><G112/><T32/><D32/><U67/><E25/><V73/><F73/><W120/><G120/><T134/><D134/><U111/><E111/><V13/><F127/><W129/><G129/><T20/><D103/><U5/><E5/><V90/><F104/><W10/><G3/><T40/><D101/><U80/><E82/><V135/><F135/><W124/><G124/><T105/><D105/><U131/><E131/><RYUUKYOKU ba="2,0" sc="238,-15,174,15,314,-15,274,15" hai1="17,22,24,50,57,66,67,77,80,87" hai3="9,10,68,70,85,89,92" /><INIT seed="7,3,0,2,2,121" ten="223,189,299,289" oya="3" hai0="36,91,12,39,62,83,2,135,95,13,90,77,80" hai1="128,46,75,56,115,88,20,41,103,132,5,92,78" hai2="8,25,57,60,94,126,34,52,131,7,54,113,43" hai3="106,53,17,63,93,104,74,123,64,55,1,10,67"/><W99/><G123/><T71/><D2/><U38/><E132/><V26/><F113/><W66/><G74/><T6/><D135/><U72/><E128/><V21/><F126/><W100/><G17/><T49/><D49/><U24/><E115/><V44/><F131/><W48/><G63/><T116/><D71/><U30/><E103/><V70/><F70/><W76/><G76/><T89/><D62/><U87/><E5/><V37/><F34/><W117/><G117/><T18/><D95/><U4/><E4/><V119/><F119/><W19/><G55/><T127/><D127/><U111/><E111/><V124/><F124/><W134/><G134/><T108/><D6/><U28/><E28/><V69/><F69/><W105/><G1/><T23/><D116/><U81/><REACH who="1" step="1"/><E56/><REACH who="1" ten="223,179,299,289" step="2"/><V112/><F57/><W102/><G102/><T45/><D108/><U9/><E9/><V133/><F8/><W58/><G106/><T35/><D35/><U0/><E0/><V107/><F7/><W51/><G105/><T32/><D32/><U98/><AGARI ba="3,1" hai="20,24,30,38,41,46,72,75,78,81,87,88,92,98" machi="98" ten="20,5200,0" yaku="1,1,0,1,7,1,54,1,53,0" doraHai="121" doraHaiUra="101" who="1" fromWho="1" sc="223,-16,179,71,299,-16,289,-29" /><INIT seed="8,0,0,0,1,131" ten="207,250,283,260" oya="0" hai0="2,117,45,66,113,132,83,0,13,20,124,40,21" hai1="54,10,135,85,130,120,122,93,29,123,24,68,67" hai2="38,71,99,51,58,126,36,78,69,16,56,23,28" hai3="89,134,127,19,115,87,61,11,27,57,44,90,112"/><T75/><D117/><U92/><E130/><V119/><F28/><W34/><G127/><T129/><D113/><U109/><E109/><V96/><F78/><W107/><G107/><T17/><D129/><U80/><E135/><V7/><F7/><W48/><G134/><T33/><D33/><U105/><E105/><V35/><F35/><W14/><G90/><T82/><D124/><U60/><E54/><V31/><F31/><W39/><G39/><T63/><D132/><U98/><E10/><V3/><F3/><W94/><G34/><T22/><D75/><U46/><E46/><V37/><F119/><W79/><G79/><T74/><D74/><U108/><E108/><V26/><F51/><W32/><G32/><T8/><D2/><U59/><E68/><V41/><F41/><W111/><G27/><T4/><D4/><U104/><E104/><V52/><F71/><W116/><G116/><T64/><D0/><U15/><E15/><V97/><F69/><W12/><G12/><T114/><D114/><U133/><E133/><V73/><F73/><W125/><G125/><T6/><D6/><U55/><E67/><V110/><F110/><W49/><G111/><T47/><D66/><U118/><E118/><V62/><F56/><W50/><REACH who="3" step="1"/><G44/><REACH who="3" ten="207,250,283,250" step="2"/><N who="0" m="16971" /><D40/><U77/><E123/><V18/><F126/><W72/><G72/><T84/><D84/><U101/><E122/><V102/><F102/><W81/><G81/><T9/><D9/><U86/><E120/><V95/><F95/><W42/><G42/><T5/><D5/><U100/><E93/><V1/><F1/><RYUUKYOKU ba="0,1" sc="207,10,250,-30,283,10,250,10" hai0="8,13,17,20,21,22,63,64,82,83" hai2="16,18,23,26,36,37,38,52,58,62,96,97,99" hai3="11,14,19,48,49,50,57,61,87,89,94,112,115" /><INIT seed="8,1,1,2,3,71" ten="217,220,293,260" oya="0" hai0="112,108,74,80,87,73,29,42,23,124,34,6,79" hai1="121,20,25,132,56,107,115,5,27,97,2,51,30" hai2="90,86,76,110,106,3,18,28,113,12,57,10,0" hai3="33,88,41,92,127,130,60,118,133,104,135,123,15"/><T22/><D112/><U126/><E121/><V32/><F110/><W75/><G123/><T4/><D108/><U64/><E115/><V69/><F69/><W61/><G33/><T120/><D120/><U13/><E132/><N who="3" m="50762" /><G104/><T128/><D128/><U8/><E126/><V62/><F106/><W122/><G122/><T48/><D124/><U9/><E107/><V91/><F76/><W49/><G127/><T16/><D34/><N who="1" m="20815" /><E51/><V114/><F91/><W59/><G75/><T84/><D29/><N who="1" m="17639" /><E56/><V89/><F89/><W1/><G118/><T85/><D74/><U102/><E64/><V100/><F100/><W7/><G1/><T93/><D93/><U45/><E45/><V37/><F3/><W103/><G103/><T24/><REACH who="0" step="1"/><D23/><REACH who="0" ten="207,220,293,260" step="2"/><U72/><E72/><V96/><F114/><W134/><G130/><T58/><D58/><U67/><E97/><V53/><F96/><N who="3" m="57351" /><G134/><T129/><D129/><U101/><E101/><V26/><F113/><W95/><G95/><T54/><D54/><U65/><E102/><V105/><F53/><N who="3" m="32175" /><G41/><T21/><D21/><U46/><E65/><V40/><F105/><W99/><G99/><T119/><D119/><U81/><E67/><V36/><F32/><W52/><G52/><T94/><D94/><U35/><E81/><V111/><F111/><W38/><G61/><T131/><D131/><U19/><E46/><AGARI ba="1,2" hai="4,6,16,22,24,42,46,48,73,79,80,84,85,87" machi="46" ten="40,7700,0" yaku="1,1,54,1,53,1" doraHai="71" doraHaiUra="43" who="0" fromWho="1" sc="207,100,220,-80,293,0,260,0" owari="307,41.0,140,-36.0,293,9.0,260,-14.0" /></mjloggm>