<mjloggm ver="2.3"><GO type="169" lobby="0"/><UN n0="%6F%75%74%E7%A5%AD%E3%82%8A" n1="%E9%BA%BB%E9%9B%80%E6%95%99%E5%AE%A4" n2="%E3%83%AC%E3%82%AA%E3%83%B3%E3%83%8F%E3%83%AB%E3%83%88" n3="%73%6F%63%63%68%79" dan="16,16,16,18" rate="2152.35,2163.55,2056.34,2234.26" sx="M,M,M,M"/><TAIKYOKU oya="0"/><INIT seed="0,0,0,4,2,127" ten="250,250,250,250" oya="0" hai0="126,25,123,48,27,37,68,88,116,14,19,24,132" hai1="32,6,122,42,45,17,34,75,51,54,124,5,118" hai2="66,83,28,99,108,64,31,105,87,44,134,11,112" hai3="47,41,29,69,4,33,77,85,133,114,110,50,120"/><T56/><D116/><U10/><E118/><V55/><F112/><W52/><G114/><T80/><D123/><U22/><E122/><V97/><F108/><W46/><G110/><T57/><D68/><U74/><E124/><V78/><F134/><W16/><G133/><T61/><D37/><U7/><E10/><V70/><F11/><W72/><G69/><T9/><D132/><U60/><E60/><V131/><F105/><W109/><G72/><T111/><D126/><U1/><E1/><V76/><F44/><W79/><G4/><T53/><D111/><U107/><E107/><V95/><F95/><W26/><G120/><T49/><REACH who="0" step="1"/><D56/><REACH who="0" ten="240,250,250,250" step="2"/><U36/><E36/><V65/><F70/><W38/><G109/><T35/><D35/><U130/><E34/><V82/><F28/><W43/><G43/><T93/><D93/><U73/><E32/><V135/><F31/><W39/><G39/><T113/><D113/><U63/><E42/><V8/><F135/><W94/><G94/><T20/><D20/><U103/><E22/><V3/><F8/><W86/><REACH who="3" step="1"/><G16/><REACH who="3" ten="240,250,250,240" step="2"/><T89/><D89/><U101/><E17/><V104/><F104/><W102/><G102/><T67/><D67/><U90/><E90/><V81/><F65/><W62/><G62/><T30/><D30/><U0/><E63/><V58/><F66/><W128/><G128/><T84/><AGARI ba="0,2" hai="9,14,19,24,25,27,48,49,53,57,61,80,84,88" machi="84" ten="30,11700,0" yaku="1,1,0,1,8,1,54,1,53,0" doraHai="127" doraHaiUra="115" who="0" fromWho="0" sc="240,137,250,-39,250,-39,240,-39" /><INIT seed="0,1,0,5,5,53" ten="377,211,211,201" oya="0" hai0="113,7,17,77,24,59,112,34,46,26,49,107,104" hai1="111,128,129,86,70,120,60,41,23,56,90,74,52" hai2="87,121,130,0,38,13,97,51,5,67,62,25,80" hai3="30,118,82,61,115,93,131,103,89,19,101,40,71"/><T14/><D7/><U110/><E74/><V109/><F121/><W22/><G115/><T27/><D34/><U45/><E23/><V100/><F38/><W42/><G118/><T96/><D77/><U85/><E70/><V69/><F109/><N who="1" m="41481" /><E120/><V39/><F39/><W31/><G131/><N who="1" m="50250" /><E90/><V32/><F0/><W106/><G71/><T20/><D46/><U12/><E12/><V21/><F51/><AGARI ba="1,0" hai="41,45,51,52,56,60,85,86" m="50250,41481" machi="51" ten="30,7700,0" yaku="14,1,19,1,52,1,54,1" doraHai="53" who="1" fromWho="2" sc="377,0,211,80,211,-80,201,0" /><INIT seed="1,0,0,0,1,130" ten="377,291,131,201" oya="1" hai0="94,57,62,103,125,7,85,116,31,53,121,15,64" hai1="127,128,60,74,21,122,42,43,41,49,25,117,84" hai2="6,76,17,0,46,98,72,14,124,2,34,9,58" hai3="110,28,106,108,73,91,37,77,16,22,81,96,61"/><U55/><E74/><V67/><F124/><W135/><G37/><T29/><D116/><U35/><E117/><V90/><F72/><W10/><G135/><T8/><D125/><U104/><E127/><V48/><F76/><W114/><G114/><T111/><D111/><U118/><E118/><V134/><F34/><W18/><G61/><T105/><D105/><U119/><E119/><V87/><F98/><W63/><G63/><T88/><D103/><U126/><E126/><V133/><F67/><W86/><G28/><N who="0" m="10827" /><D121/><U102/><E122/><V70/><F58/><W82/><G10/><T113/><D113/><U129/><E35/><V131/><F70/><W38/><G38/><T83/><D94/><U32/><E32/><V101/><F101/><W40/><G40/><T78/><D78/><U39/><E60/><V45/><F131/><N who="1" m="50249" /><E39/><V100/><F100/><N who="3" m="62727" /><G22/><T26/><D26/><U109/><E109/><AGARI ba="0,0" hai="16,18,73,77,81,82,86,91,108,109,110" m="62727" machi="109" ten="30,2000,0" yaku="14,1,54,1" doraHai="130" who="3" fromWho="1" sc="377,0,291,-20,131,0,201,20" /><INIT seed="2,0,0,2,3,79" ten="377,271,131,221" oya="2" hai0="53,47,37,9,127,73,80,87,48,82,68,38,129" hai1="60,56,125,22,111,5,81,52,84,10,40,113,3" hai2="51,31,108,17,36,12,110,89,132,126,18,116,0" hai3="101,107,74,72,96,102,119,105,122,1,44,131,121"/><V55/><F116/><W43/><G1/><T77/><D68/><U27/><E111/><N who="2" m="42539" /><F36/><N who="3" m="21607" /><G119/><T16/><D129/><U57/><E125/><V7/><F89/><W78/><G131/><T114/><D127/><U32/><E113/><V88/><F126/><W2/><G2/><T14/><D114/><U63/><E40/><V75/><F132/><W123/><G78/><AGARI ba="0,0" hai="9,14,16,37,38,47,48,53,73,77,78,80,82,87" machi="78" ten="30,7700,0" yaku="7,1,52,2,54,1" doraHai="79" who="0" fromWho="3" sc="377,77,271,0,131,0,221,-77" /><INIT seed="3,0,0,3,5,67" ten="454,271,131,144" oya="3" hai0="55,91,65,12,11,114,122,8,74,134,66,3,104" hai1="24,16,77,15,29,79,110,37,115,96,64,38,95" hai2="0,101,48,81,1,85,39,9,89,23,10,50,120" hai3="119,129,118,22,14,36,20,53,126,78,71,25,18"/><W105/><G105/><T92/><D74/><U19/><E115/><V31/><F39/><W63/><G36/><T132/><D104/><U6/><E110/><V83/><F120/><W32/><G129/><T5/><D122/><U13/><E6/><V58/><F101/><W72/><G32/><T41/><D41/><U113/><E113/><V93/><F0/><W56/><G126/><T60/><D55/><U99/><E64/><V88/><F81/><W27/><G14/><T62/><D114/><U21/><E38/><V102/><F102/><W44/><G44/><T121/><BYE who="3" /><D121/><U49/><E49/><V70/><F70/><W97/><G97/><T30/><D30/><U124/><E37/><V94/><F83/><UN n3="%73%6F%63%63%68%79" /><W59/><G59/><T103/><D103/><U100/><E99/><V107/><F107/><W75/><G71/><T46/><D46/><U80/><E124/><V54/><F48/><W45/><G45/><T131/><D131/><U76/><E80/><V125/><F1/><W116/><REACH who="3" step="1"/><G78/><REACH who="3" ten="454,271,131,134" step="2"/><T33/><D12/><AGARI ba="0,1" hai="12,13,15,16,19,21,24,29,76,77,79,95,96,100" machi="12" ten="40,2600,0" yaku="8,1,54,1" doraHai="67" who="1" fromWho="0" sc="454,-26,271,36,131,0,134,0" /><INIT seed="4,0,0,0,4,25" ten="428,307,131,134" oya="0" hai0="98,58,66,116,95,112,109,50,83,31,94,121,49" hai1="114,91,81,97,22,41,16,104,99,128,124,80,57" hai2="129,61,26,4,19,106,86,105,62,33,76,44,85" hai3="23,59,42,103,72,27,126,52,30,127,39,45,21"/><T87/><D116/><U101/><E124/><N who="3" m="47658" /><G72/><T96/><D121/><U125/><E125/><V69/><F129/><W82/><G82/><T119/><D112/><U20/><E128/><V51/><F4/><W113/><G103/><T110/><D31/><U133/><E114/><V64/><F61/><N who="3" m="36071" /><G113/><T34/><D34/><AGARI ba="0,0" hai="21,23,27,30,34,39,42,45" m="36071,47658" machi="34" ten="30,3900,0" yaku="18,1,52,1,54,1" doraHai="25" who="3" fromWho="0" sc="428,-39,307,0,131,0,134,39" /><INIT seed="5,0,0,5,2,34" ten="389,307,131,173" oya="1" hai0="80,59,38,77,130,13,69,105,16,122,106,112,108" hai1="111,5,43,75,67,91,119,97,1,100,84,42,44" hai2="127,81,114,53,3,36,66,39,128,96,64,35,27" hai3="33,134,17,7,61,4,115,45,135,76,29,86,117"/><U101/><E119/><V11/><F127/><W88/><G117/><T12/><D69/><U19/><E75/><V74/><F128/><W49/><G115/><T48/><D38/><U46/><E111/><V9/><F9/><W50/><G76/><T70/><D70/><U51/><E67/><V52/><F66/><W2/><G61/><T99/><D12/><U71/><E71/><V6/><F64/><W78/><G78/><T24/><D24/><U116/><E116/><V118/><F118/><W85/><G17/><T132/><D112/><U31/><E31/><V62/><F74/><W18/><G18/><T28/><D130/><U110/><E19/><V63/><F81/><W89/><G29/><T104/><D28/><U129/><E129/><V40/><F27/><W37/><G37/><T22/><D108/><U120/><E120/><V123/><F35/><W72/><G33/><T32/><D32/><U56/><E56/><V107/><F36/><W98/><G72/><T82/><D122/><U126/><E126/><V41/><F39/><W131/><G131/><T90/><D77/><U121/><E121/><V57/><F114/><W0/><G98/><T8/><D8/><N who="1" m="2095" /><E110/><V94/><F107/><W60/><G60/><T95/><D132/><U102/><E97/><V83/><F83/><W15/><G45/><N who="1" m="17514" /><E51/><V21/><F21/><W30/><G30/><T65/><D65/><U113/><E113/><V23/><F23/><W55/><G55/><N who="0" m="32231" /><D82/><U133/><E133/><V93/><F123/><W58/><G58/><T124/><D124/><U26/><E26/><V10/><F57/><RYUUKYOKU ba="0,0" sc="389,10,307,10,131,-30,173,10" hai0="13,16,22,80,90,95,99,104,105,106" hai1="42,43,84,91,100,101,102" hai3="0,2,4,7,15,49,50,85,86,88,89,134,135" /><INIT seed="5,1,0,3,3,52" ten="399,317,101,183" oya="1" hai0="81,7,68,1,94,30,123,54,37,128,97,126,24" hai1="124,58,86,2,108,35,114,9,103,135,80,43,25" hai2="39,73,40,104,67,8,45,61,88,64,82,93,102" hai3="96,32,109,115,85,22,5,29,122,101,18,99,44"/><U107/><E108/><V27/><F27/><W83/><G122/><T17/><D68/><U71/><E71/><V12/><F104/><W46/><G109/><T33/><D37/><U106/><E43/><V50/><F102/><W113/><G29/><T75/><D128/><U13/><E2/><V42/><F39/><W66/><G5/><T41/><D126/><U59/><E124/><V90/><F40/><W111/><G66/><T51/><D41/><U3/><E3/><V69/><F64/><W116/><G32/><T118/><D17/><U57/><E135/><V20/><F20/><W74/><G74/><T127/><D7/><U125/><E125/><V100/><F100/><W34/><G99/><T23/><D1/><U72/><E72/><V49/><F49/><W129/><G116/><T19/><D123/><U55/><E114/><N who="3" m="43530" /><G34/><T6/><D6/><U79/><E103/><V92/><F73/><W16/><G18/><T26/><D118/><U87/><E87/><V76/><F76/><N who="3" m="46311" /><G129/><T48/><D48/><U63/><E107/><V95/><REACH who="2" step="1"/><F82/><REACH who="2" ten="399,317,91,183" step="2"/><W132/><G111/><T131/><D127/><U4/><E106/><V91/><F91/><W110/><G110/><T14/><D26/><U28/><AGARI ba="1,1" hai="4,9,13,25,28,35,55,57,58,59,63,79,80,86" machi="28" ten="30,11700,0" yaku="0,1,52,3" doraHai="52" who="1" fromWho="1" sc="399,-40,317,130,91,-40,183,-40" /><INIT seed="5,2,0,1,1,7" ten="359,447,51,143" oya="1" hai0="84,57,128,93,119,55,100,106,71,30,64,22,25" hai1="86,47,41,42,6,75,92,3,103,52,46,80,118" hai2="34,36,21,66,13,49,27,29,99,133,82,132,33" hai3="65,90,121,12,135,134,56,24,48,126,26,5,110"/><U9/><E118/><V112/><F36/><W16/><G110/><T37/><D119/><U53/><E103/><V28/><F66/><W105/><G105/><T72/><D128/><U104/><E104/><V38/><F38/><W10/><G121/><T130/><D37/><N who="1" m="21807" /><E86/><V73/><F49/><W19/><G126/><T17/><D72/><U50/><E92/><V20/><F99/><W88/><G135/><N who="2" m="51785" /><F82/><W115/><G115/><T62/><D130/><U122/><E122/><V23/><F73/><W40/><G134/><T101/><D106/><U125/><E125/><V59/><F59/><W69/><G69/><T54/><D71/><U83/><E83/><V95/><F95/><W117/><G117/><T78/><D17/><N who="3" m="6729" /><G40/><T94/><D94/><U111/><E111/><V108/><F108/><W116/><G116/><T61/><D78/><AGARI ba="2,0" hai="3,6,9,42,47,50,52,53,75,78,80" m="21807" machi="78" ten="30,5800,0" yaku="25,1,52,1,54,1" doraHai="7" who="1" fromWho="0" sc="359,-64,447,64,51,0,143,0" /><INIT seed="5,3,0,0,3,104" ten="295,511,51,143" oya="1" hai0="71,73,11,24,1,47,55,32,109,91,119,103,61" hai1="76,128,64,121,130,3,86,54,123,67,10,83,15" hai2="34,134,115,42,29,88,21,107,58,87,124,22,131" hai3="89,41,17,80,85,120,72,38,105,37,65,16,8"/><U101/><E3/><V50/><F107/><W77/><G120/><T40/><D119/><U6/><E101/><V63/><F131/><N who="1" m="50217" /><E54/><V95/><F134/><W97/><G65/><AGARI ba="3,0" hai="6,10,15,64,65,67,76,83,86,121,123" m="50217" machi="65" ten="30,1500,0" yaku="19,1" doraHai="104" who="1" fromWho="3" sc="295,0,511,24,51,0,143,-24" /><INIT seed="5,4,0,0,4,32" ten="295,535,51,119" oya="1" hai0="132,112,127,59,135,54,68,65,25,41,30,107,52" hai1="90,96,84,76,83,26,89,66,75,72,57,64,46" hai2="51,13,34,120,110,87,116,134,105,27,17,12,130" hai3="29,7,125,106,14,94,108,93,6,48,10,98,81"/><U49/><E75/><V47/><F110/><W122/><G108/><T92/><D107/><U44/><E44/><V9/><F116/><W28/><G122/><T119/><D68/><U53/><E72/><V62/><F120/><W4/><G106/><T35/><D41/><U19/><E96/><V20/><F105/><W11/><G125/><T23/><D127/><U104/><E104/><V117/><F117/><W118/><G94/><T123/><D35/><U58/><E58/><V15/><F130/><W78/><G48/><T126/><D112/><U103/><E103/><V16/><F134/><W61/><G61/><N who="0" m="38079" /><D126/><U55/><E26/><V131/><F34/><W129/><G129/><T79/><D119/><U99/><E19/><V31/><F31/><W74/><G118/><T5/><D123/><U56/><E46/><V24/><F24/><W42/><G42/><T63/><D63/><N who="1" m="36239" /><E99/><V124/><F124/><W33/><G33/><T101/><D25/><U40/><E40/><V114/><F131/><W85/><G74/><T39/><D30/><U71/><E71/><V133/><F133/><W82/><G82/><T36/><D101/><U1/><E1/><V2/><F2/><W91/><REACH who="3" step="1"/><G7/><REACH who="3" ten="295,535,51,109" step="2"/><T80/><D5/><U37/><E37/><V113/><F62/><W22/><G22/><T121/><D23/><U60/><E60/><V70/><F70/><W69/><G69/><T38/><D121/><U3/><E3/><AGARI ba="4,1" hai="3,4,6,10,11,14,28,29,78,81,85,91,93,98" machi="3" ten="30,7700,0" yaku="1,1,7,1,52,1,53,1" doraHai="32" doraHaiUra="73" who="3" fromWho="1" sc="295,0,535,-89,51,0,109,99" /><INIT seed="6,0,0,4,0,46" ten="295,446,51,208" oya="2" hai0="85,125,4,112,124,50,35,60,79,12,128,6,84" hai1="104,44,14,82,9,81,129,120,121,57,45,68,80" hai2="48,34,61,0,18,16,55,21,93,37,111,10,66" hai3="54,28,1,53,63,27,106,33,47,23,17,97,131"/><V100/><F37/><W98/><G1/><T24/><D112/><U13/><E68/><V116/><F116/><W132/><G131/><T64/><D128/><U99/><E129/><V7/><F34/><W62/><G132/><T58/><D35/><U122/><E57/><V20/><F111/><W8/><G33/><T36/><D36/><U127/><E127/><V118/><F118/><W91/><G106/><T108/><D24/><U135/><E135/><V3/><F3/><W95/><G98/><T26/><D26/><U110/><E110/><V109/><F109/><W76/><G76/><T67/><D64/><U29/><E29/><V71/><F93/><W59/><G47/><N who="1" m="17994" /><E9/><V11/><F100/><AGARI ba="0,0" hai="13,14,80,81,82,99,100,104,120,121,122" m="17994" machi="100" ten="40,1300,0" yaku="13,1" doraHai="46" who="1" fromWho="2" sc="295,0,446,13,51,-13,208,0" /><INIT seed="7,0,0,2,1,5" ten="295,459,38,208" oya="3" hai0="98,128,92,80,16,86,63,117,47,7,27,127,3" hai1="28,96,129,31,76,106,82,53,41,104,72,100,89" hai2="93,26,66,39,118,49,75,60,123,126,122,134,29" hai3="95,101,18,114,88,21,15,73,35,48,8,70,51"/><W34/><G70/><T109/><D3/><U46/><E129/><V125/><F93/><W56/><G73/><T132/><D7/><U20/><E106/><V90/><F90/><W50/><G114/><T103/><D128/><U84/><E53/><V22/><F75/><W23/><G101/><T77/><D117/><U19/><E19/><V11/><F39/><W121/><G121/><T107/><D107/><U2/><E2/><V33/><F49/><W135/><G135/><T111/><D132/><U25/><E31/><V58/><F58/><W64/><G35/><T108/><D127/><U78/><E72/><V44/><F44/><W62/><REACH who="3" step="1"/><G34/><REACH who="3" ten="295,459,38,198" step="2"/><T12/><D103/><U81/><E100/><V85/><F134/><W24/><G24/><T45/><D27/><U71/><E71/><V113/><F113/><W43/><G43/><T67/><D109/><U119/><E25/><V1/><F122/><W97/><AGARI ba="0,1" hai="8,15,18,21,23,48,50,51,56,62,64,88,95,97" machi="97" ten="30,12000,1" yaku="1,1,0,1,8,1,52,1,54,1,53,0" doraHai="5" doraHaiUra="110" who="3" fromWho="3" sc="295,-40,459,-40,38,-40,198,130" owari="255,-14.0,419,51.0,-2,-50.0,328,13.0" /></mjloggm>