<mjloggm ver="2.3"><GO type="169" lobby="0"/><UN n0="%7A%6F%6F%31%39%36%34" n1="%41%6D%61%79%62%65" n2="%E3%83%94%E3%83%B3%E3%82%B5%E3%83%AD%E5%BA%97%E5%93%A1" n3="%E3%81%8B%E3%81%B6%E8%8C%B6" dan="16,17,18,16" rate="2151.64,2186.53,2249.08,2173.51" sx="M,M,M,M"/><TAIKYOKU oya="0"/><INIT seed="0,0,0,0,1,70" ten="250,250,250,250" oya="0" hai0="21,60,107,113,97,25,110,6,0,130,29,41,131" hai1="85,75,35,134,55,119,123,80,50,8,114,9,74" hai2="51,17,135,124,65,72,57,81,61,118,5,62,111" hai3="63,106,83,20,31,93,19,108,115,26,77,87,43"/><T79/><D113/><U7/><E119/><V54/><F5/><W36/><G108/><T47/><D79/><U15/><E123/><V73/><F111/><W67/><G106/><T105/><D110/><U69/><E69/><V49/><F118/><W95/><G115/><T88/><D60/><U22/><E35/><V121/><F121/><W109/><G109/><T44/><D44/><U102/><E102/><V127/><F17/><W96/><G43/><T68/><D68/><U132/><E114/><V94/><F94/><W99/><G36/><N who="0" m="21927" /><D6/><U59/><E22/><V82/><F135/><N who="1" m="51753" /><E9/><V133/><F133/><W64/><G19/><T128/><D0/><U84/><E84/><V91/><F91/><AGARI ba="0,0" hai="7,8,15,50,55,59,74,75,80,85,91" m="51753" machi="91" ten="30,1000,0" yaku="20,1" doraHai="70" who="1" fromWho="2" sc="250,0,250,10,250,-10,250,0" /><INIT seed="1,0,0,5,0,45" ten="250,260,240,250" oya="1" hai0="118,38,135,121,81,50,133,119,117,24,46,106,63" hai1="72,105,23,87,80,85,47,91,6,14,134,123,70" hai2="110,58,103,104,122,41,2,83,111,78,90,56,53" hai3="20,42,69,101,43,71,86,68,124,109,88,93,76"/><U59/><E123/><V94/><F122/><W108/><G124/><T48/><D121/><U125/><E70/><V49/><F2/><W55/><G76/><T18/><D106/><U37/><E125/><V84/><F41/><W1/><G1/><T73/><D63/><U52/><E105/><V98/><REACH who="2" step="1"/><F58/><REACH who="2" ten="250,260,230,250" step="2"/><W34/><G43/><T113/><D113/><U92/><E47/><V61/><F61/><W51/><G42/><T130/><D46/><U132/><E37/><V67/><F67/><W9/><G34/><T40/><D40/><U100/><E132/><N who="0" m="50761" /><D38/><U54/><E134/><V3/><F3/><W27/><G101/><T74/><D130/><U15/><E100/><V75/><AGARI ba="0,1" hai="49,53,56,75,78,83,84,90,94,98,103,104,110,111" machi="75" ten="30,12000,2" yaku="1,1,0,1,24,2,52,1,53,1" doraHai="45" doraHaiUra="97" who="2" fromWho="2" sc="250,-30,260,-60,230,130,250,-30" /><INIT seed="2,0,0,2,5,19" ten="220,200,360,220" oya="2" hai0="39,130,86,94,49,112,83,33,110,29,64,61,20" hai1="59,111,62,50,65,73,12,108,135,104,120,1,31" hai2="99,36,34,21,57,15,97,100,71,91,10,51,78" hai3="76,70,23,11,122,101,66,45,75,8,123,9,2"/><V132/><F34/><W27/><G70/><T0/><D39/><U134/><E73/><V25/><F71/><W82/><G66/><T106/><D106/><U80/><E104/><V37/><F132/><N who="1" m="50729" /><E1/><V28/><F78/><W13/><G2/><T43/><D112/><U52/><E80/><V56/><F91/><W121/><G45/><T88/><D110/><N who="1" m="42027" /><E12/><V105/><F97/><W5/><REACH who="3" step="1"/><G101/><REACH who="3" ten="220,200,360,210" step="2"/><T116/><D0/><U103/><E103/><V93/><F105/><W77/><G77/><T55/><D64/><U63/><E120/><V128/><F128/><W18/><AGARI ba="0,1" hai="5,8,9,11,13,18,23,27,75,76,82,121,122,123" machi="18" ten="30,4000,0" yaku="1,1,0,1,52,1,53,0" doraHai="19" doraHaiUra="114" who="3" fromWho="3" sc="220,-10,200,-10,360,-20,210,50" /><INIT seed="3,0,0,1,0,9" ten="210,190,340,260" oya="3" hai0="57,60,58,81,2,97,96,64,7,68,72,77,6" hai1="41,34,94,134,91,39,125,67,55,49,92,18,56" hai2="104,23,66,83,71,100,124,14,80,128,53,11,40" hai3="25,24,82,112,75,61,3,27,123,87,30,86,120"/><W1/><G30/><T31/><D31/><U132/><E34/><V118/><F118/><W36/><G36/><T65/><D68/><U20/><E67/><V117/><F117/><W126/><G75/><T59/><D2/><N who="3" m="521" /><G82/><T89/><D59/><U47/><E125/><V70/><F128/><W113/><G126/><T5/><REACH who="0" step="1"/><D89/><REACH who="0" ten="200,190,340,260" step="2"/><U73/><E91/><V26/><F70/><W46/><G46/><T106/><D106/><U119/><E119/><V79/><F104/><W85/><G61/><AGARI ba="0,1" hai="5,6,7,57,58,60,61,64,65,72,77,81,96,97" machi="61" ten="40,2600,0" yaku="1,1,9,1,53,0" doraHai="9" doraHaiUra="17" who="0" fromWho="3" sc="200,36,190,0,340,0,260,-26" /><INIT seed="4,0,0,1,3,83" ten="236,190,340,234" oya="0" hai0="61,81,80,122,97,87,128,75,60,67,103,41,102" hai1="35,43,104,3,13,134,18,53,1,99,11,101,92" hai2="54,78,30,115,72,24,94,106,121,133,120,114,90" hai3="8,23,55,22,26,15,79,17,25,98,100,105,28"/><T77/><D128/><U58/><E35/><V117/><F54/><W113/><G113/><N who="2" m="43017" /><F106/><W110/><G110/><T33/><D33/><U42/><E134/><V118/><F24/><W50/><G79/><T32/><D32/><U46/><E104/><V88/><F30/><W20/><REACH who="3" step="1"/><G26/><REACH who="3" ten="236,190,340,224" step="2"/><T40/><D122/><N who="2" m="47210" /><F133/><W10/><G10/><T44/><D77/><U125/><E11/><V6/><F6/><W27/><G27/><T96/><D75/><U48/><E18/><V9/><F9/><W107/><G107/><T12/><D12/><U34/><E13/><V7/><F7/><W31/><G31/><T112/><D112/><U84/><E1/><V64/><F64/><W130/><G130/><T5/><D5/><U123/><E3/><V111/><F111/><W21/><G21/><T52/><D67/><U95/><E123/><V127/><F127/><W76/><G76/><T16/><D16/><U39/><E125/><V36/><F78/><W135/><G135/><T38/><D38/><U59/><E34/><V49/><F36/><W91/><G91/><T4/><D4/><U73/><E39/><V57/><F90/><W19/><G19/><T74/><D74/><U85/><E73/><V131/><F72/><W108/><G108/><T93/><D103/><U132/><E132/><V89/><F89/><W70/><G70/><T65/><D65/><U129/><E129/><V124/><F131/><W82/><G82/><T119/><D81/><U14/><E14/><V86/><F124/><W45/><AGARI ba="0,1" hai="8,15,17,20,22,23,25,28,45,50,55,98,100,105" machi="45" ten="20,2700,0" yaku="1,1,0,1,7,1,53,0" doraHai="83" doraHaiUra="29" who="3" fromWho="3" sc="236,-13,190,-7,340,-7,224,37" /><INIT seed="5,0,0,2,4,72" ten="223,183,333,261" oya="1" hai0="120,76,27,78,57,124,7,116,54,102,97,83,131" hai1="59,73,32,8,135,65,55,112,13,88,1,91,36" hai2="110,111,62,89,119,38,75,77,86,118,2,10,58" hai3="92,82,37,43,85,108,64,3,11,14,53,95,39"/><U123/><E123/><V114/><F38/><W109/><G3/><T24/><D116/><U115/><E32/><V60/><F114/><N who="1" m="43561" /><E36/><V45/><F45/><W107/><G107/><T134/><D120/><U5/><E73/><V104/><F104/><W87/><G64/><T28/><D134/><U23/><E65/><V61/><F58/><W52/><G14/><T4/><D131/><U81/><E81/><V49/><F49/><W90/><G11/><T70/><D124/><U79/><E79/><N who="0" m="30249" /><D83/><U130/><E135/><V35/><F77/><W94/><G82/><T40/><D40/><U50/><E130/><V122/><F35/><W103/><G43/><T41/><D41/><U63/><E63/><V126/><F75/><W34/><G34/><T25/><D28/><U46/><E46/><V12/><F126/><W101/><G92/><N who="0" m="58663" /><D70/><U67/><E67/><V74/><F74/><W0/><G90/><N who="1" m="34346" /><E23/><V15/><F122/><W117/><G117/><T30/><D30/><U96/><E96/><V9/><F119/><W33/><G33/><T129/><D129/><U125/><E125/><V132/><F118/><W42/><G42/><T17/><D17/><U68/><E68/><V128/><F128/><W16/><G16/><T19/><D19/><U48/><E48/><AGARI ba="0,0" hai="4,7,24,25,27,48,54,57" m="58663,30249" machi="48" ten="30,7700,0" yaku="8,1,52,3" doraHai="72" who="0" fromWho="1" sc="223,77,183,-77,333,0,261,0" /><INIT seed="6,0,0,4,3,106" ten="300,106,333,261" oya="2" hai0="34,98,63,58,96,134,113,46,100,112,115,19,25" hai1="86,18,65,126,124,110,111,55,16,33,104,41,95" hai2="135,114,39,35,1,27,133,119,9,47,89,66,49" hai3="0,130,54,87,60,123,125,108,17,29,67,76,2"/><V93/><F39/><W128/><G123/><T21/><D134/><U73/><E104/><V61/><F119/><W51/><G108/><N who="1" m="41514" /><E33/><V68/><F114/><W82/><G125/><N who="1" m="48234" /><E65/><V37/><F37/><W50/><G29/><T103/><D34/><U8/><E41/><V20/><F9/><W69/><G17/><N who="1" m="6762" /><E8/><V22/><F35/><W36/><G36/><T102/><REACH who="0" step="1"/><D46/><REACH who="0" ten="290,106,333,261" step="2"/><U131/><E131/><V64/><F47/><W40/><G130/><T120/><D120/><U4/><E4/><V70/><F135/><W45/><G128/><T31/><D31/><U127/><E127/><V92/><F133/><W79/><G45/><T48/><D48/><U44/><E44/><V121/><F49/><W122/><G50/><T88/><D88/><N who="1" m="53655" /><E55/><AGARI ba="0,1" hai="19,21,25,55,58,63,96,98,100,102,103,112,113,115" machi="55" ten="50,3200,0" yaku="1,1,15,1,53,0" doraHai="106" doraHaiUra="74" who="0" fromWho="1" sc="290,42,106,-32,333,0,261,0" /><INIT seed="7,0,0,3,2,0" ten="332,74,333,261" oya="3" hai0="122,104,85,125,78,31,35,79,65,113,89,3,58" hai1="82,87,52,2,84,14,101,60,116,30,51,28,120" hai2="59,132,114,36,8,88,37,17,32,19,7,83,11" hai3="109,93,42,61,25,24,71,39,68,62,5,64,117"/><W96/><G117/><T94/><D122/><U124/><E124/><V57/><F32/><W115/><G115/><T106/><D3/><U23/><E2/><V1/><F114/><W43/><G109/><T10/><D113/><U46/><E120/><V72/><F132/><W49/><G39/><T21/><D35/><U40/><E116/><V100/><F100/><W80/><G80/><T33/><D33/><U12/><E101/><V18/><F11/><W133/><G133/><T54/><D65/><U95/><E84/><V55/><F59/><W16/><G5/><T103/><D125/><U126/><E126/><V47/><F47/><W41/><G49/><T50/><D103/><U131/><E131/><V63/><REACH who="2" step="1"/><F88/><REACH who="2" ten="332,74,323,261" step="2"/><W13/><G68/><T53/><D10/><U56/><E95/><V73/><F73/><W90/><REACH who="3" step="1"/><G62/><REACH who="3" ten="332,74,323,251" step="2"/><N who="0" m="36175" /><D106/><U34/><E34/><V22/><F22/><AGARI ba="0,2" hai="13,16,22,24,25,41,42,43,61,64,71,90,93,96" machi="22" ten="40,3900,0" yaku="1,1,54,1,53,0" doraHai="0" doraHaiUra="77" who="3" fromWho="2" sc="332,0,74,0,323,-39,251,59" /><INIT seed="7,1,0,5,5,6" ten="332,74,284,310" oya="3" hai0="48,52,55,118,12,24,126,29,104,32,93,35,9" hai1="67,1,11,30,123,88,62,23,133,128,8,71,44" hai2="111,16,69,33,2,37,117,53,116,134,20,114,21" hai3="95,82,115,85,19,73,79,105,94,84,72,96,90"/><W110/><G19/><T124/><D104/><U47/><E1/><V92/><F69/><W63/><G63/><T43/><D118/><N who="2" m="45674" /><F53/><W50/><G50/><T39/><D35/><U91/><E128/><V120/><F92/><N who="3" m="54351" /><G115/><T107/><D107/><U0/><E0/><V130/><F37/><W78/><G110/><T59/><D93/><N who="3" m="35337" /><G78/><T83/><D83/><U135/><E62/><V17/><F111/><W127/><G127/><N who="0" m="48683" /><D39/><U121/><E67/><V129/><F114/><W65/><G65/><T22/><D43/><U51/><E23/><N who="2" m="8779" /><F134/><W86/><G73/><T99/><D22/><U14/><E14/><V5/><F120/><W42/><G42/><T106/><D55/><U119/><E119/><V54/><F54/><W68/><G68/><T34/><D34/><U109/><E30/><V46/><F46/><W64/><G64/><T74/><D74/><U66/><E66/><V97/><F97/><W98/><G98/><T31/><D99/><U77/><E77/><V125/><F33/><W56/><G56/><T57/><D57/><U25/><E25/><V132/><F132/><W80/><G80/><T122/><D122/><U18/><E18/><N who="2" m="7275" /><F125/><W3/><G3/><T36/><D36/><U101/><E51/><V26/><F26/><W38/><G38/><T100/><D31/><U102/><REACH who="1" step="1"/><E109/><REACH who="1" ten="332,64,284,310" step="2"/><V60/><F60/><W76/><G76/><T131/><D32/><U112/><E112/><V15/><F2/><W27/><G27/><T87/><D24/><U4/><E4/><V103/><F103/><AGARI ba="1,1" hai="72,79,82,84,86,96,103,105" m="35337,54351" machi="103" ten="30,18000,2" yaku="24,1,35,5" doraHai="6" who="3" fromWho="2" sc="332,0,64,0,284,-183,310,193" owari="332,13.0,64,-44.0,101,-30.0,503,61.0" /></mjloggm>