<mjloggm ver="2.3"><GO type="169" lobby="0"/><UN n0="%E3%81%AE%E3%81%B3%E3%81%97%E3%82%8D%E2%99%82" n1="%4B%6F%74%61%38%31%36" n2="%45%72%77%69%6E%52%64" n3="%E3%83%94%E3%83%B3%E3%82%B5%E3%83%AD%E5%BA%97%E5%93%A1" dan="16,16,17,17" rate="2118.55,2136.26,2160.56,2272.32" sx="M,M,M,M"/><TAIKYOKU oya="0"/><INIT seed="0,0,0,0,4,6" ten="250,250,250,250" oya="0" hai0="133,12,60,45,130,102,72,110,123,4,55,78,135" hai1="108,96,53,70,26,69,61,19,103,63,24,15,107" hai2="52,75,117,83,29,119,36,104,129,56,82,42,71" hai3="128,59,5,9,80,0,132,27,66,38,90,86,25"/><T113/><D130/><U30/><E108/><V8/><F104/><W65/><G128/><T73/><D113/><U13/><E13/><V85/><F71/><W34/><G132/><T125/><D125/><U64/><E30/><V23/><F129/><W121/><G121/><T98/><D123/><U84/><E84/><V47/><F75/><W7/><G38/><T46/><D110/><U134/><E134/><V16/><F29/><W57/><G34/><T91/><D91/><U39/><E39/><V51/><F8/><W1/><G7/><T58/><D46/><U31/><E31/><V77/><REACH who="2" step="1"/><F83/><REACH who="2" ten="250,250,240,250" step="2"/><W35/><G35/><T126/><D135/><U11/><E69/><V115/><F115/><W54/><G1/><T109/><D126/><U62/><E70/><V105/><F105/><W17/><G9/><T92/><D133/><U32/><E107/><V28/><F28/><W49/><G80/><T43/><D109/><U76/><E11/><V127/><F127/><W118/><G0/><T20/><D20/><U2/><E2/><V112/><F112/><W21/><G21/><T100/><D73/><U88/><E32/><V50/><F50/><W33/><G49/><T93/><D72/><U106/><E62/><V14/><AGARI ba="0,1" hai="14,16,23,36,42,47,51,52,56,77,82,85,117,119" machi="14" ten="30,7900,0" yaku="1,1,0,1,54,2,53,0" doraHai="6" doraHaiUra="95" who="2" fromWho="2" sc="250,-39,250,-20,240,89,250,-20" /><INIT seed="1,0,0,0,2,3" ten="211,230,329,230" oya="1" hai0="123,97,38,125,33,43,23,21,89,19,132,114,112" hai1="53,48,113,37,55,0,121,106,27,128,32,119,41" hai2="126,34,75,81,88,64,17,93,46,49,6,99,11" hai3="16,116,109,2,98,78,47,31,68,83,134,9,29"/><U135/><RYUUKYOKU type="yao9" ba="0,0" sc="211,0,230,0,329,0,230,0" hai1="0,27,32,37,41,48,53,55,106,113,119,121,128,135" /><INIT seed="1,1,0,2,1,24" ten="211,230,329,230" oya="1" hai0="5,77,39,43,116,78,131,91,107,122,95,15,22" hai1="93,42,32,27,84,25,97,69,73,74,61,100,125" hai2="65,49,133,54,40,80,106,86,47,30,48,102,121" hai3="82,108,111,38,88,83,21,23,129,19,62,96,46"/><U17/><E125/><V50/><F121/><W45/><G129/><T53/><D131/><U98/><E42/><V34/><F133/><W126/><G126/><T28/><D116/><U26/><E97/><V33/><F65/><W89/><G62/><T13/><D122/><U76/><E17/><V11/><F102/><W119/><G96/><T128/><D128/><U81/><REACH who="1" step="1"/><E32/><REACH who="1" ten="211,220,329,230" step="2"/><V57/><F33/><W127/><G19/><T66/><D43/><U87/><E87/><V41/><BYE who="1" /><F86/><W110/><G127/><T114/><D114/><U132/><E132/><V60/><F106/><W18/><G119/><T6/><D107/><U134/><E134/><V85/><F11/><W10/><G10/><T36/><D36/><U12/><E12/><V55/><F30/><UN n1="%4B%6F%74%61%38%31%36" /><W8/><G8/><T109/><D15/><U124/><E124/><V103/><F34/><W20/><G18/><T29/><D13/><U99/><E99/><V3/><F3/><W37/><G37/><T59/><D28/><U79/><E79/><N who="2" m="46239" /><F103/><W52/><G38/><T14/><D29/><U70/><E70/><V120/><F120/><W135/><G135/><T118/><D39/><U104/><E104/><V4/><BYE who="1" /><F4/><UN n1="%4B%6F%74%61%38%31%36" /><W58/><G21/><T101/><D22/><U0/><E0/><V112/><F112/><W72/><G23/><T90/><D5/><U35/><E35/><V71/><F71/><W7/><G20/><T1/><D6/><U123/><E123/><V67/><F40/><W94/><G7/><T75/><D118/><U115/><E115/><V56/><F41/><W44/><G111/><RYUUKYOKU ba="1,1" sc="211,-15,220,15,329,15,230,-15" hai1="25,26,27,61,69,73,74,76,81,84,93,98,100" hai2="47,48,49,50,54,55,56,57,60,67" /><INIT seed="1,2,1,4,0,128" ten="196,235,344,215" oya="1" hai0="33,31,23,40,110,99,76,91,103,46,38,29,0" hai1="55,35,17,72,36,56,47,25,92,80,104,64,18" hai2="119,22,112,96,60,10,97,4,102,39,6,11,49" hai3="108,134,14,70,12,5,106,116,58,122,127,73,75"/><U50/><E104/><V100/><F39/><W114/><RYUUKYOKU type="yao9" ba="2,1" sc="196,0,235,0,344,0,215,0" hai3="5,12,14,58,70,73,75,106,108,114,116,122,127,134" /><INIT seed="1,3,1,5,5,123" ten="196,235,344,215" oya="1" hai0="67,110,122,79,69,31,85,8,107,121,18,119,98" hai1="2,127,131,89,43,72,51,97,22,108,115,36,94" hai2="62,46,0,34,58,20,106,35,132,109,13,73,133" hai3="41,77,39,57,12,111,64,48,3,1,81,75,99"/><U5/><E115/><V103/><F0/><W53/><G12/><T129/><D129/><U23/><E72/><V56/><F73/><W60/><G99/><T83/><D119/><U65/><E36/><V82/><F82/><W130/><G130/><T30/><D110/><U88/><E131/><V49/><F103/><W101/><G101/><T59/><D69/><U15/><E65/><V40/><F106/><W6/><G6/><T76/><D76/><U118/><E118/><V134/><F56/><W17/><G17/><T114/><D114/><U66/><E66/><N who="2" m="39255" /><F109/><W105/><G105/><T74/><D74/><U44/><E108/><V45/><F46/><N who="3" m="23871" /><G111/><T128/><D128/><U14/><E89/><V90/><F90/><W29/><G29/><T100/><D122/><U135/><E135/><V70/><F70/><AGARI ba="3,1" hai="1,3,48,53,57,60,64,70,75,77,81" m="23871" machi="70" ten="30,1000,0" yaku="24,1" doraHai="123" who="3" fromWho="2" sc="196,0,235,0,344,-19,215,29" /><INIT seed="2,0,0,2,4,132" ten="196,235,325,244" oya="2" hai0="133,87,52,32,7,135,41,58,97,70,20,21,43" hai1="117,29,71,110,17,64,109,49,9,2,83,99,121" hai2="112,123,125,63,114,122,22,82,42,104,60,6,30" hai3="8,28,103,34,84,98,65,130,79,59,68,39,16"/><V4/><F104/><W89/><G39/><T80/><D70/><U111/><E117/><V69/><F82/><W127/><G130/><T35/><D7/><N who="2" m="2602" /><F42/><W51/><G68/><T118/><D118/><U134/><E134/><V116/><F125/><W78/><G127/><T46/><D97/><U102/><E49/><V47/><F47/><W62/><G51/><T101/><D101/><U19/><E83/><V0/><F0/><W31/><G34/><T23/><D35/><U37/><E37/><V95/><F95/><N who="3" m="58847" /><G16/><T45/><D32/><U14/><E2/><V53/><F53/><W76/><G8/><T92/><D92/><AGARI ba="0,0" hai="28,31,59,62,65,76,78,79,84,89,92" m="58847" machi="92" ten="30,1000,0" yaku="8,1" doraHai="132" who="3" fromWho="0" sc="196,-10,235,0,325,0,244,10" /><INIT seed="3,0,0,5,0,95" ten="186,235,325,254" oya="3" hai0="110,13,4,59,5,67,98,113,21,106,51,129,47" hai1="16,18,53,62,70,97,57,88,66,114,94,6,74" hai2="29,85,111,86,90,11,78,15,54,105,124,104,68" hai3="10,92,125,58,119,39,50,32,56,75,26,1,108"/><W80/><G119/><T134/><D110/><U79/><E114/><V135/><F68/><W89/><G39/><T61/><D134/><U33/><E33/><V41/><F41/><W9/><G125/><T38/><D129/><U122/><E122/><V99/><F29/><W121/><G121/><T22/><D113/><U34/><E34/><V46/><F124/><W65/><G108/><T3/><D3/><U133/><E133/><V131/><F135/><W107/><G107/><T91/><D38/><U115/><E115/><V76/><F54/><W60/><G1/><T40/><D106/><U69/><E6/><N who="0" m="2665" /><D13/><U77/><E69/><V126/><F126/><W101/><G101/><T2/><D2/><U112/><E112/><V28/><F28/><W93/><G26/><T132/><D132/><U8/><E74/><V100/><F46/><W52/><G93/><AGARI ba="0,0" hai="21,22,40,47,51,59,61,67,91,93,98" m="2665" machi="93" ten="30,2000,0" yaku="8,1,52,1" doraHai="95" who="0" fromWho="3" sc="186,20,235,0,325,0,254,-20" /><INIT seed="4,0,0,1,0,128" ten="206,235,325,234" oya="0" hai0="76,103,38,106,29,72,108,118,89,62,77,96,26" hai1="105,126,19,51,25,92,27,102,5,64,109,31,65" hai2="39,87,79,3,14,41,124,121,78,0,71,44,49" hai3="6,13,9,50,52,47,59,28,117,73,55,101,112"/><T1/><D118/><U122/><E105/><V113/><F121/><W83/><G112/><T43/><D108/><U2/><E109/><V56/><F113/><W36/><G117/><T22/><D1/><U57/><E122/><V23/><F71/><W8/><G101/><T133/><D133/><U130/><E126/><V69/><F69/><W129/><G129/><T24/><D72/><U74/><E74/><V34/><F34/><W4/><G28/><T88/><D62/><U81/><E81/><V82/><F78/><W107/><G107/><T86/><D89/><U120/><E130/><V7/><F124/><W30/><G30/><T37/><D24/><U104/><E27/><V15/><F15/><W32/><G32/><T12/><D12/><U54/><E104/><V18/><F7/><W114/><G114/><T33/><D33/><U91/><E19/><V131/><F131/><W123/><G123/><T40/><D40/><U60/><E102/><V11/><F23/><W111/><G111/><T119/><D119/><U45/><E65/><V116/><F116/><W134/><G134/><T46/><REACH who="0" step="1"/><D38/><REACH who="0" ten="196,235,325,234" step="2"/><U90/><E90/><V48/><F39/><W127/><G127/><T70/><D70/><U85/><E120/><V94/><F0/><N who="3" m="7" /><G36/><T75/><D75/><U80/><E2/><V84/><F3/><W132/><G132/><T125/><D125/><U20/><E5/><V42/><F41/><W17/><G6/><T95/><AGARI ba="0,1" hai="22,26,29,37,43,46,76,77,86,88,95,96,103,106" machi="95" ten="20,7800,0" yaku="1,1,0,1,7,1,54,1,53,0" doraHai="128" doraHaiUra="35" who="0" fromWho="0" sc="196,88,235,-26,325,-26,234,-26" /><INIT seed="4,1,0,1,4,128" ten="284,209,299,208" oya="0" hai0="14,104,35,72,7,93,57,125,122,45,67,81,26" hai1="69,10,36,83,46,87,16,86,4,84,89,53,78" hai2="97,6,39,63,9,51,114,43,65,124,108,66,95" hai3="29,111,116,98,40,85,130,44,74,91,19,88,27"/><T47/><D125/><U24/><E69/><V123/><F108/><W58/><G111/><T73/><D122/><U52/><E36/><V25/><F123/><W31/><G116/><T77/><D104/><U50/><E53/><V62/><F39/><W106/><G74/><T94/><D73/><U129/><E129/><V2/><F114/><W23/><G130/><T64/><D64/><U107/><E107/><V28/><F124/><W11/><G58/><T80/><D80/><U30/><E78/><V68/><F51/><W118/><G118/><T17/><D7/><U33/><REACH who="1" step="1"/><E16/><REACH who="1" ten="284,199,299,208" step="2"/><V15/><F43/><W126/><G126/><T127/><D127/><U115/><E115/><V134/><F68/><W8/><G106/><T38/><D38/><U120/><E120/><V110/><F65/><W3/><G40/><T59/><D67/><U90/><E90/><V119/><F66/><W132/><G91/><T54/><D54/><U56/><E56/><V131/><F131/><W48/><G88/><T105/><D105/><U5/><E5/><V109/><F119/><W92/><G19/><T41/><D59/><U82/><E82/><V22/><F109/><W121/><G121/><T20/><D57/><U117/><E117/><V12/><F110/><W49/><G92/><N who="0" m="35435" /><D41/><U79/><E79/><V60/><F134/><W18/><G18/><T0/><D47/><U42/><E42/><V76/><F76/><W13/><G44/><T70/><D70/><U55/><E55/><V135/><F135/><W1/><G132/><T103/><D45/><U71/><E71/><V37/><F37/><RYUUKYOKU ba="1,1" sc="284,-15,199,15,299,15,208,-15" hai1="4,10,24,30,33,46,50,52,83,84,86,87,89" hai2="2,6,9,12,15,22,25,28,60,62,63,95,97" /><INIT seed="5,2,1,3,5,123" ten="269,214,314,193" oya="1" hai0="115,104,45,131,93,44,114,102,39,22,88,47,83" hai1="92,101,25,43,0,9,15,20,75,91,73,130,113" hai2="59,12,67,18,24,103,66,74,122,108,2,129,118" hai3="95,60,89,5,87,124,33,78,30,56,29,23,132"/><U77/><E113/><N who="0" m="43017" /><D131/><U128/><E0/><V76/><F2/><W62/><G33/><T3/><D3/><U70/><E70/><V26/><F122/><W84/><G132/><T11/><D83/><U86/><E43/><V81/><F118/><W116/><G116/><T53/><D102/><U49/><E49/><V72/><F72/><W63/><G124/><T112/><D104/><U71/><E71/><V125/><F125/><W117/><G117/><T99/><D112/><U58/><E58/><V14/><F14/><W100/><G5/><T32/><D32/><U134/><E134/><V106/><F108/><W41/><G100/><T52/><D39/><U28/><E101/><V54/><F129/><N who="1" m="49769" /><E77/><V4/><F4/><AGARI ba="2,1" hai="4,9,15,20,25,28,73,75,86,91,92" m="49769" machi="4" ten="30,1500,0" yaku="19,1" doraHai="123" who="1" fromWho="2" sc="269,0,214,31,314,-21,193,0" /><INIT seed="5,3,0,5,5,35" ten="269,245,293,193" oya="1" hai0="89,55,37,65,51,124,58,16,76,83,115,92,5" hai1="74,8,38,81,78,72,106,85,126,71,26,6,86" hai2="100,66,91,102,88,112,134,68,61,75,69,64,118" hai3="103,120,11,50,21,125,108,57,3,49,34,117,111"/><U133/><E71/><V47/><F75/><W131/><G34/><T17/><D115/><U93/><E106/><V45/><F61/><W1/><G120/><T32/><D124/><U129/><E126/><V96/><F96/><W80/><G125/><T15/><D37/><U94/><E133/><V60/><F60/><W127/><G127/><T67/><D32/><U2/><E129/><V30/><F30/><W90/><G103/><T27/><D5/><U123/><E123/><V20/><F20/><W128/><G21/><N who="0" m="13735" /><D83/><U41/><E26/><V19/><F19/><W70/><G70/><T46/><D46/><N who="1" m="23863" /><E72/><V43/><F43/><W39/><G39/><T95/><D76/><U121/><E121/><V42/><F42/><W29/><G29/><T22/><D95/><AGARI ba="3,0" hai="2,6,8,74,78,81,85,86,93,94,95" m="23863" machi="95" ten="30,2900,0" yaku="25,1,52,1" doraHai="35" who="1" fromWho="0" sc="269,-38,245,38,293,0,193,0" /><INIT seed="5,4,0,1,3,44" ten="231,283,293,193" oya="1" hai0="125,72,15,65,67,77,14,46,34,19,21,37,78" hai1="108,92,27,61,110,42,126,84,2,17,129,123,66" hai2="98,88,104,85,74,121,119,76,64,39,29,100,23" hai3="118,71,127,102,79,56,63,13,43,83,95,10,113"/><U82/><E123/><V4/><F121/><W8/><G113/><T60/><D125/><U11/><E126/><V70/><F119/><W115/><G115/><T134/><D134/><U109/><E42/><V101/><F101/><W47/><G71/><T18/><D34/><U62/><E92/><V116/><F116/><W31/><G127/><T48/><D37/><U103/><E103/><V94/><F39/><W90/><G31/><T53/><D72/><U7/><E129/><V33/><F4/><W120/><G102/><T50/><D50/><U128/><E128/><V16/><F33/><W1/><G1/><T54/><D54/><U38/><E38/><V57/><F29/><W122/><G118/><T117/><D117/><U49/><E49/><V75/><F70/><W73/><G10/><T87/><D87/><U131/><E131/><V132/><F132/><W26/><G26/><T41/><D41/><U111/><E66/><V25/><REACH who="2" step="1"/><F76/><REACH who="2" ten="231,283,283,193" step="2"/><W0/><G122/><T80/><D78/><N who="1" m="46167" /><E111/><V89/><F89/><W20/><G120/><T81/><D77/><U99/><E110/><V35/><F35/><W36/><G90/><T3/><D3/><U28/><E28/><V107/><F107/><W69/><G69/><T112/><D112/><U55/><E108/><V22/><F22/><W124/><G124/><T86/><D21/><N who="1" m="13743" /><E109/><V133/><F133/><W6/><G20/><T114/><D114/><U135/><E135/><V105/><F105/><W9/><G9/><T32/><D32/><U59/><E2/><V30/><F30/><W24/><G0/><T40/><D19/><RYUUKYOKU ba="4,1" sc="231,-10,283,-10,283,30,193,-10" hai2="16,23,25,57,64,74,75,85,88,94,98,100,104" /><INIT seed="6,5,1,5,5,69" ten="221,273,313,183" oya="2" hai0="22,50,84,33,32,6,10,75,55,37,19,111,63" hai1="45,34,95,86,119,38,24,85,110,3,23,80,30" hai2="96,1,59,12,100,2,66,76,74,116,126,28,113" hai3="7,114,77,67,9,87,8,109,51,58,68,11,72"/><V36/><F116/><W107/><G109/><T17/><D111/><U61/><E110/><V106/><F36/><W49/><G107/><T56/><D75/><U43/><E119/><V27/><F113/><W20/><G72/><T82/><D37/><U102/><E3/><V120/><F120/><W44/><G68/><T60/><D19/><U26/><E61/><V54/><F66/><W123/><G123/><T57/><D50/><U105/><E105/><V124/><F12/><W4/><G114/><T15/><D84/><U40/><E40/><V129/><F129/><W132/><G132/><T127/><D82/><U117/><E117/><V65/><F65/><W78/><G20/><T94/><D94/><U0/><E0/><V134/><F76/><N who="3" m="29291" /><G87/><T64/><REACH who="0" step="1"/><D127/><REACH who="0" ten="211,273,313,183" step="2"/><N who="2" m="48682" /><F74/><W39/><G39/><T135/><D135/><U98/><E80/><V104/><F106/><W41/><G51/><T62/><D62/><AGARI ba="5,2" hai="4,7,8,9,11,41,44,49,58,62,67" m="29291" machi="62" ten="30,1000,0" yaku="8,1" doraHai="69" who="3" fromWho="0" sc="211,-25,273,0,313,0,183,45" /><INIT seed="7,0,0,0,2,93" ten="186,273,313,228" oya="3" hai0="33,75,120,11,30,72,113,60,129,8,97,23,71" hai1="6,128,105,18,131,81,62,118,119,12,36,84,96" hai2="4,44,14,50,133,53,134,45,54,2,132,46,25" hai3="3,5,90,88,89,57,20,79,52,74,73,68,110"/><W65/><G110/><T35/><D120/><U19/><E36/><V29/><F2/><W106/><G106/><T109/><D109/><U27/><E62/><V94/><F94/><W9/><G79/><T47/><D129/><N who="1" m="49739" /><E27/><V69/><F69/><W101/><G101/><T61/><D113/><U115/><E6/><V104/><F104/><W21/><G65/><T58/><D71/><U121/><E121/><V13/><F4/><W10/><G10/><T114/><D114/><U1/><E1/><V43/><F43/><W66/><G66/><T28/><D23/><N who="1" m="11719" /><E19/><V82/><F82/><W56/><G56/><T99/><D47/><N who="2" m="17994" /><F54/><W67/><G67/><T0/><D0/><U102/><E115/><V78/><F78/><AGARI ba="0,0" hai="78,81,84,96,102,105,118,119" m="11719,49739" machi="78" ten="30,2000,0" yaku="19,1,52,1" doraHai="93" who="1" fromWho="2" sc="186,0,273,20,313,-20,228,0" /><INIT seed="8,0,0,1,3,58" ten="186,293,293,228" oya="0" hai0="109,120,121,21,103,57,122,36,50,3,99,116,74" hai1="97,33,61,81,106,23,60,107,123,37,56,13,1" hai2="14,105,96,63,72,31,65,77,59,67,79,43,47" hai3="49,127,35,110,26,16,27,17,24,131,91,55,32"/><T25/><D116/><U5/><E33/><V135/><F135/><W115/><G110/><T75/><D109/><U8/><E37/><V95/><F105/><W34/><G115/><T12/><D3/><U78/><E123/><V119/><F119/><W101/><G131/><T82/><D36/><U84/><E97/><V46/><F31/><W11/><G127/><T6/><D82/><U124/><E124/><V117/><F72/><W42/><G42/><T0/><D12/><U2/><E61/><N who="2" m="38079" /><F14/><W48/><G101/><T69/><D69/><U111/><E111/><V108/><F108/><W129/><G129/><T134/><D134/><U73/><E73/><V126/><F126/><W52/><G91/><T112/><D112/><U9/><E23/><V44/><F43/><W85/><G85/><T102/><D102/><U93/><E93/><V132/><F132/><W66/><G66/><T19/><D6/><U94/><E94/><V7/><F7/><W68/><G68/><T70/><D70/><U51/><E51/><N who="3" m="19530" /><G11/><T87/><D87/><U45/><E45/><V100/><F117/><W80/><G80/><T88/><D0/><U125/><E1/><V71/><F71/><W41/><G41/><T54/><REACH who="0" step="1"/><D88/><REACH who="0" ten="176,293,293,228" step="2"/><U28/><E125/><V133/><F133/><W62/><G62/><T18/><D18/><AGARI ba="0,1" hai="16,17,18,24,26,27,32,34,35,52,55" m="19530" machi="18" ten="40,8000,1" yaku="28,2,54,2" doraHai="58" who="3" fromWho="0" sc="176,-80,293,0,293,0,228,90" owari="96,-40.0,293,9.0,293,-11.0,318,42.0" /></mjloggm>