<mjloggm ver="2.3"><GO type="225" lobby="0"/><UN n0="%E4%BA%95%E5%B8%AF" n1="%E6%80%AA%E3%81%97%E3%81%99%E3%81%8E%E3%82%8B%E3%83%81%E3%83%BC" n2="%E5%8D%A0%E3%81%84%E5%B8%AB%E8%A3%8F%E3%81%AA%E3%81%84%E3%81%97" n3="%E5%A4%8F%E9%88%B4%E9%88%B4%E5%A4%8F" dan="16,16,16,16" rate="2138.61,2138.68,2184.36,2135.05" sx="M,M,M,M"/><TAIKYOKU oya="0"/><INIT seed="0,0,0,2,4,25" ten="250,250,250,250" oya="0" hai0="80,30,39,62,13,2,120,87,22,84,40,34,124" hai1="54,65,72,11,130,82,94,101,67,100,60,112,37" hai2="90,132,98,75,56,131,29,41,133,81,36,27,118" hai3="50,106,97,134,110,8,88,93,55,32,16,111,42"/><T64/><D120/><U18/><E37/><V14/><F131/><W126/><G126/><T10/><D2/><U66/><E130/><V135/><F118/><W57/><G134/><T0/><D34/><U78/><E112/><V12/><F56/><W17/><G32/><T122/><D0/><U4/><E18/><V105/><F75/><W116/><G116/><T96/><D122/><U33/><E33/><N who="2" m="20671" /><F81/><W35/><G35/><T91/><D96/><U52/><E94/><N who="2" m="56663" /><F105/><W70/><G70/><T24/><D124/><U3/><REACH who="1" step="1"/><E60/><REACH who="1" ten="250,240,250,250" step="2"/><V125/><F125/><W31/><G106/><T89/><D62/><U109/><E109/><N who="3" m="41482" /><G31/><T113/><D30/><U86/><E86/><V71/><F71/><W85/><G85/><T1/><D87/><U95/><E95/><V123/><F123/><W104/><G104/><T127/><D84/><U49/><E49/><V38/><F38/><W114/><G114/><T53/><D39/><U99/><E99/><V58/><F58/><W6/><G42/><T51/><D40/><U108/><E108/><V23/><F23/><W68/><G68/><T102/><D22/><U44/><E44/><AGARI ba="0,1" hai="12,14,36,41,44,132,133,135" m="56663,20671" machi="44" ten="30,2000,0" yaku="20,1,52,1" doraHai="25" who="2" fromWho="1" sc="250,0,240,-20,250,30,250,0" /><INIT seed="1,0,0,0,1,87" ten="250,220,280,250" oya="1" hai0="131,10,76,96,42,102,109,6,74,56,85,7,78" hai1="112,36,98,79,106,23,97,122,55,69,121,75,58" hai2="101,86,40,118,24,93,15,44,2,38,39,3,30" hai3="130,110,91,68,108,59,29,72,20,94,129,132,45"/><U128/><E112/><V134/><F39/><W66/><G68/><T22/><D74/><U27/><E128/><N who="3" m="49258" /><G72/><T14/><D109/><N who="3" m="42089" /><G132/><T41/><D131/><U53/><E69/><V83/><F118/><W127/><G127/><T32/><D32/><U84/><E36/><V95/><F134/><W113/><G113/><T57/><D22/><U82/><E75/><V0/><F15/><W92/><G45/><T13/><D85/><U115/><E115/><V123/><F101/><W120/><G120/><T70/><D70/><U21/><E21/><V77/><REACH who="2" step="1"/><F123/><REACH who="2" ten="250,220,270,250" step="2"/><W124/><G124/><T135/><D102/><U114/><E114/><V46/><F46/><W60/><G91/><T61/><D135/><U12/><E121/><V26/><F26/><AGARI ba="0,1" hai="20,26,29,59,60,66,92,94" m="42089,49258" machi="26" ten="30,2000,0" yaku="19,1,14,1" doraHai="87" who="3" fromWho="2" sc="250,0,220,0,270,-20,250,30" /><INIT seed="2,0,0,0,5,24" ten="250,220,250,280" oya="2" hai0="50,52,95,118,82,38,44,42,120,12,127,73,6" hai1="77,126,98,72,60,124,70,69,68,104,91,28,29" hai2="106,8,9,71,33,5,59,101,13,47,103,111,87" hai3="84,53,11,45,10,0,54,93,35,74,27,31,113"/><V55/><F71/><W1/><G74/><T94/><D120/><U43/><E60/><V117/><F117/><W99/><G113/><T110/><D110/><U122/><E122/><V88/><F106/><W58/><G84/><T23/><D127/><N who="1" m="48683" /><E43/><V92/><F33/><W30/><G30/><N who="1" m="11882" /><E91/><V57/><F111/><W56/><G53/><T116/><D52/><U75/><E77/><V36/><F36/><W18/><G54/><T135/><D38/><U26/><E26/><V86/><F86/><W102/><G27/><T62/><D73/><U81/><E81/><V115/><F115/><W32/><G32/><T14/><D62/><U34/><E34/><V19/><F47/><W123/><G45/><T21/><D44/><U121/><E121/><V108/><F108/><W64/><G35/><T48/><D82/><U51/><E51/><V22/><F59/><W90/><G58/><T76/><D42/><U65/><E65/><V25/><REACH who="2" step="1"/><F9/><REACH who="2" ten="250,220,240,280" step="2"/><W83/><G10/><T15/><D118/><U79/><E79/><V85/><F85/><W41/><G11/><T67/><D76/><U100/><AGARI ba="0,1" hai="68,69,70,72,75,98,100,104" m="11882,48683" machi="100" ten="40,8000,1" yaku="18,1,52,3" doraHai="24" who="1" fromWho="1" sc="250,-20,220,90,240,-40,280,-20" /><INIT seed="3,0,0,3,5,129" ten="230,310,200,260" oya="3" hai0="19,51,9,123,8,50,41,18,112,45,26,80,110" hai1="101,27,40,109,46,12,103,79,78,83,21,91,34" hai2="2,93,17,135,63,86,37,33,54,38,132,131,116" hai3="97,114,77,87,56,25,43,107,20,75,82,134,89"/><W31/><G134/><N who="2" m="51241" /><F116/><W121/><G121/><T120/><D112/><U69/><E69/><V96/><F131/><W6/><G114/><T60/><D110/><U13/><E34/><V68/><F33/><W99/><G6/><T128/><D128/><U4/><E109/><V71/><F2/><W48/><G107/><T115/><D115/><U47/><E91/><N who="2" m="55359" /><F17/><W52/><REACH who="3" step="1"/><G43/><REACH who="3" ten="230,310,200,250" step="2"/><T32/><D41/><U1/><E40/><V95/><F95/><AGARI ba="0,1" hai="20,25,31,48,52,56,75,77,82,87,89,95,97,99" machi="95" ten="30,11600,0" yaku="1,1,2,1,7,1,54,1,53,0" doraHai="129" doraHaiUra="58" who="3" fromWho="2" sc="230,0,310,0,200,-116,250,126" owari="230,-17.0,310,11.0,84,-42.0,376,48.0" /></mjloggm>