<mjloggm ver="2.3"><GO type="185" lobby="0"/><UN n0="%E5%A4%A7%E5%9B%9B%E5%96%9C%E6%B8%85%E8%80%81%E9%A0%AD" n1="%6E%69%63%61%2A%E3%82%9C" n2="%E3%83%9D%E3%82%B1%E3%83%83%E3%83%88" n3="" dan="16,18,18,0" rate="2130.95,2293.33,2374.36,1500.00" sx="M,M,M,C"/><TAIKYOKU oya="0"/><INIT seed="0,0,0,1,5,61" ten="350,350,350,0" oya="0" hai0="92,86,36,45,81,77,134,125,38,53,128,99,108" hai1="64,56,44,32,40,71,67,112,47,117,39,34,58" hai2="69,109,95,130,0,121,102,41,90,57,103,105,116" hai3=""/><T129/><D125/><U75/><E75/><V87/><N who="2" m="31008" /><V88/><F0/><T94/><D134/><U1/><E1/><V46/><F69/><T133/><D133/><U89/><E117/><V123/><N who="2" m="31520" /><V60/><F116/><T78/><D78/><U62/><E112/><V97/><F109/><T55/><D108/><U33/><E64/><V100/><F130/><N who="0" m="50282" /><D92/><U127/><E127/><V66/><F90/><T63/><D45/><U98/><E47/><V114/><F114/><T50/><D50/><AGARI ba="0,0" hai="41,46,50,57,60,66,87,88,95,97,100,102,103,105" m="31520,31008" machi="50" ten="30,8000,1" yaku="7,1,52,3,54,1" doraHai="61" who="2" fromWho="0" sc="350,-80,350,0,350,80,0,0" /><INIT seed="1,0,0,4,2,135" ten="270,350,430,0" oya="1" hai0="60,134,2,38,36,80,65,63,115,76,83,67,87" hai1="0,114,40,77,93,72,105,69,116,33,37,70,44" hai2="106,111,59,50,109,123,86,94,66,42,127,133,45" hai3=""/><U39/><E114/><V102/><N who="2" m="31520" /><V126/><F106/><T96/><D115/><U110/><E116/><V85/><F133/><T100/><D2/><U57/><E0/><V68/><F68/><T120/><N who="0" m="30752" /><T71/><D134/><U61/><E33/><V125/><F102/><T88/><D63/><U97/><E105/><V48/><F94/><T103/><D65/><U81/><E37/><V117/><F117/><T79/><D79/><U51/><E39/><V43/><F66/><T73/><REACH who="0" step="1"/><D103/><REACH who="0" ten="260,350,430,0" step="2"/><U55/><E110/><N who="2" m="41995" /><F59/><T90/><D90/><AGARI ba="0,1" hai="40,44,51,55,57,61,69,70,72,77,81,90,93,97" machi="90" ten="30,1500,0" yaku="7,1" doraHai="135" who="1" fromWho="0" sc="260,-15,350,25,430,0,0,0" /><INIT seed="1,1,0,5,5,96" ten="245,375,430,0" oya="1" hai0="32,71,41,81,135,35,128,122,106,33,126,125,116" hai1="38,56,98,108,133,92,54,66,67,40,57,94,68" hai2="90,44,134,88,39,63,2,64,119,123,130,52,60" hai3=""/><U101/><E133/><V34/><N who="2" m="31520" /><V109/><F2/><T74/><N who="0" m="31264" /><T114/><D114/><U1/><E1/><V49/><F34/><T85/><D74/><U84/><E108/><V79/><F119/><T127/><D116/><U69/><E40/><V36/><F134/><T70/><D135/><U121/><N who="1" m="31008" /><U97/><E38/><V45/><F109/><T73/><D73/><U115/><E84/><V89/><F79/><T105/><D41/><U61/><E115/><V62/><F130/><T110/><D128/><U75/><E75/><V129/><F129/><T50/><D50/><U100/><E66/><V37/><REACH who="2" step="1"/><F64/><REACH who="2" ten="245,375,420,0" step="2"/><T80/><D110/><U131/><REACH who="1" step="1"/><E131/><REACH who="1" ten="245,365,420,0" step="2"/><V55/><F55/><T99/><D32/><U83/><E83/><V111/><F111/><T48/><D33/><U76/><E76/><V78/><F78/><T120/><N who="0" m="30752" /><T65/><D35/><U91/><E91/><V42/><AGARI ba="1,2" hai="36,37,39,42,44,45,49,52,60,62,63,88,89,90" m="31520" machi="42" ten="40,9000,2" yaku="1,1,0,1,52,1,54,2,53,1" doraHai="96" doraHaiUra="51" who="2" fromWho="2" sc="245,-31,365,-61,420,112,0,0" /><INIT seed="2,0,0,3,4,58" ten="214,304,532,0" oya="2" hai0="70,90,41,134,78,65,79,117,33,131,100,55,53" hai1="59,93,124,62,99,74,108,42,71,82,32,97,118" hai2="88,135,43,130,94,63,109,106,36,54,87,44,123" hai3=""/><V111/><N who="2" m="31520" /><V68/><F106/><T96/><D33/><U114/><E32/><V92/><F135/><T60/><D117/><U113/><E118/><V64/><F130/><T50/><D134/><U84/><E108/><N who="2" m="41547" /><F54/><T115/><D115/><U69/><E124/><V86/><F86/><T48/><D131/><U104/><E74/><V2/><F2/><T120/><N who="0" m="30752" /><T3/><D41/><U126/><E126/><V122/><N who="2" m="31264" /><V47/><F47/><T56/><D3/><U85/><E85/><V67/><F64/><T52/><D55/><U101/><E42/><V107/><F107/><T103/><D53/><U129/><E129/><V128/><F128/><T102/><D65/><U116/><E116/><V0/><F0/><T72/><D72/><U66/><E113/><V51/><F94/><T119/><D119/><U35/><E114/><V49/><AGARI ba="0,0" hai="36,43,44,49,51,63,67,68,87,88,92" m="31264,41547,31520" machi="49" ten="30,12000,2" yaku="14,1,10,1,52,3,54,1" doraHai="58" who="2" fromWho="2" sc="214,-60,304,-60,532,120,0,0" /><INIT seed="2,1,0,1,5,124" ten="154,244,652,0" oya="2" hai0="3,52,66,48,134,82,65,34,42,60,116,119,44" hai1="40,87,122,75,74,77,88,37,103,78,94,71,93" hai2="109,70,92,49,129,81,98,69,38,73,121,135,58" hai3=""/><V97/><N who="2" m="31008" /><V84/><F38/><T33/><D3/><U53/><N who="1" m="31264" /><U36/><E71/><V117/><F73/><T110/><D82/><U79/><E53/><V106/><F117/><T112/><D134/><U118/><E118/><N who="0" m="45097" /><D33/><U111/><E111/><V123/><N who="2" m="31520" /><V63/><F49/><T126/><D34/><U90/><E103/><V91/><F109/><T105/><D105/><U39/><REACH who="1" step="1"/><E40/><REACH who="1" ten="154,234,652,0" step="2"/><V46/><F69/><T56/><D110/><U35/><E35/><V41/><F70/><T107/><D107/><U128/><E128/><V83/><F129/><T100/><D100/><U54/><E54/><V67/><F106/><T2/><D2/><U68/><E68/><V120/><N who="2" m="30752" /><V86/><F135/><T133/><D133/><U96/><AGARI ba="1,1" hai="36,37,39,74,75,77,78,79,87,88,90,93,94,96" m="31264" machi="96" ten="40,6000,1" yaku="1,1,0,1,52,1,54,1,53,0" doraHai="124" doraHaiUra="32" who="1" fromWho="1" sc="154,-21,234,72,652,-41,0,0" /><INIT seed="4,0,0,3,4,99" ten="133,306,611,0" oya="0" hai0="78,84,34,91,68,1,58,48,108,100,49,124,80" hai1="94,64,121,70,111,32,41,93,130,109,60,37,126" hai2="135,87,104,115,74,95,134,125,3,86,90,38,98" hai3=""/><T73/><D34/><U56/><N who="1" m="31008" /><U129/><E32/><V103/><F3/><T85/><D1/><U46/><E94/><V81/><F38/><T62/><D124/><U40/><E126/><V47/><F125/><T45/><D108/><N who="1" m="41547" /><E93/><V107/><F47/><T44/><D68/><U112/><E112/><V65/><F65/><T110/><D110/><U51/><E41/><V52/><F52/><AGARI ba="0,0" hai="37,40,46,51,52,56,60,64,70,129,130" m="41547,31008" machi="52" ten="30,8000,1" yaku="24,1,34,2,52,1,54,1" doraHai="99" who="1" fromWho="2" sc="133,0,306,80,611,-80,0,0" /><INIT seed="5,0,0,0,1,60" ten="133,386,531,0" oya="1" hai0="112,83,45,53,127,86,37,75,38,39,109,90,104" hai1="80,44,122,64,82,135,106,97,52,32,102,119,54" hai2="117,42,100,134,34,88,36,2,133,76,128,105,50" hai3=""/><U110/><N who="1" m="31264" /><U33/><E119/><V120/><N who="2" m="30752" /><V111/><F117/><T94/><D94/><U123/><N who="1" m="31520" /><U58/><E135/><V95/><F111/><T3/><D90/><U87/><E110/><V65/><F2/><T1/><D86/><U116/><E116/><V130/><F36/><T0/><D83/><U46/><E80/><V92/><F76/><T79/><D79/><U131/><E131/><N who="2" m="50219" /><F65/><T129/><D109/><U51/><E64/><V49/><F34/><T99/><D129/><U71/><E71/><V47/><F50/><T61/><D61/><U67/><E67/><V72/><F72/><T93/><D75/><U85/><E85/><V73/><F73/><T78/><D1/><U68/><E68/><V114/><F114/><T70/><D112/><U103/><E103/><V121/><N who="2" m="31008" /><V63/><F63/><T81/><D3/><U132/><E132/><N who="2" m="50795" /><F88/><T108/><D0/><U59/><E32/><V125/><F125/><T101/><D127/><U56/><E33/><V107/><F100/><T96/><D108/><U57/><REACH who="1" step="1"/><E54/><REACH who="1" ten="133,376,531,0" step="2"/><V41/><F41/><T48/><D53/><U55/><E55/><V35/><F35/><T84/><D101/><U115/><E115/><V126/><F126/><RYUUKYOKU ba="0,1" sc="133,-20,376,10,531,10,0,0" hai1="44,46,51,52,56,57,58,59,82,87,97,102,106" hai2="42,47,49,92,95,105,107" /><INIT seed="5,1,1,5,2,74" ten="113,386,541,0" oya="1" hai0="100,35,38,49,133,94,123,69,50,33,51,128,108" hai1="129,88,46,92,70,62,53,63,39,73,48,41,68" hai2="95,47,126,101,0,3,2,36,64,119,77,78,112" hai3=""/><U127/><E127/><V66/><F119/><T83/><D100/><U71/><E129/><V40/><F126/><T103/><D103/><U84/><REACH who="1" step="1"/><E73/><REACH who="1" ten="113,376,541,0" step="2"/><V110/><F110/><T117/><N who="0" m="31520" /><T81/><D128/><U58/><AGARI ba="1,2" hai="39,41,46,48,53,58,62,63,68,70,71,84,88,92" machi="58" ten="30,4000,0" yaku="1,1,0,1,54,1,53,0" doraHai="74" doraHaiUra="96" who="1" fromWho="1" sc="113,-21,376,62,541,-21,0,0" /><INIT seed="5,2,0,2,4,90" ten="92,438,520,0" oya="1" hai0="81,78,79,67,36,53,64,72,58,74,112,102,55" hai1="135,128,40,65,110,111,95,52,77,129,32,39,98" hai2="114,99,113,73,48,37,91,57,35,46,109,119,92" hai3=""/><U88/><E32/><V47/><F35/><T68/><D102/><U122/><N who="1" m="31264" /><U44/><E135/><V118/><F73/><T83/><D58/><U33/><E33/><V108/><F37/><T86/><D36/><U56/><E65/><V104/><F104/><T1/><D86/><U123/><N who="1" m="31520" /><U34/><E77/><V126/><F126/><T59/><D59/><U125/><E34/><V116/><F57/><T75/><D68/><U87/><E87/><V63/><F63/><T61/><D61/><U85/><E85/><V41/><REACH who="2" step="1"/><F46/><REACH who="2" ten="92,438,510,0" step="2"/><T89/><D1/><U120/><N who="1" m="30752" /><U115/><E125/><V121/><N who="2" m="31008" /><V96/><F96/><T70/><D70/><U131/><E115/><AGARI ba="2,1" hai="41,47,48,91,92,99,108,109,113,114,115,116,118,119" m="31008" machi="115" ten="50,12000,2" yaku="1,1,15,1,11,1,52,2,53,1" doraHai="90" doraHaiUra="42" who="2" fromWho="1" sc="92,0,438,-124,510,134,0,0" /><INIT seed="6,0,0,5,5,116" ten="92,314,644,0" oya="2" hai0="78,117,102,91,100,41,118,36,99,124,33,65,88" hai1="50,39,97,35,54,131,58,115,119,62,126,60,130" hai2="101,56,87,72,80,64,55,79,75,47,82,132,71" hai3=""/><V89/><F132/><T37/><D65/><U81/><E115/><V123/><N who="2" m="31520" /><V108/><F108/><T43/><D33/><U51/><E39/><V133/><F133/><T105/><D78/><U76/><E126/><V61/><F101/><T83/><D83/><U107/><E119/><V57/><F72/><T129/><D124/><U32/><E51/><V48/><AGARI ba="0,0" hai="47,48,55,56,57,61,64,71,75,79,80,82,87,89" m="31520" machi="48" ten="30,4000,0" yaku="0,1,52,2" doraHai="116" who="2" fromWho="2" sc="92,-20,314,-20,644,40,0,0" owari="72,-53.0,294,-11.0,684,64.0,0,0.0" /></mjloggm>