<mjloggm ver="2.3"><GO type="169" lobby="0"/><UN n0="%4D%6F%63%6B%47%6F%64" n1="%E3%81%9F%E3%81%8B%31%34%31" n2="%E6%84%9B%E5%86%85%E9%87%8C%E8%8F%9C" n3="%E3%81%B2%E3%81%90%E3%81%A1" dan="16,18,17,17" rate="2044.68,2283.05,2096.67,2202.03" sx="M,M,F,M"/><TAIKYOKU oya="0"/><INIT seed="0,0,0,2,2,22" ten="250,250,250,250" oya="0" hai0="8,76,131,126,36,85,34,75,55,105,106,82,60" hai1="83,96,77,80,46,100,3,124,35,102,67,50,88" hai2="4,66,52,33,101,41,120,32,10,14,24,103,92" hai3="27,118,93,7,13,18,116,135,112,133,79,70,48"/><T78/><D36/><U30/><E3/><V15/><F120/><W59/><G70/><T91/><D131/><U119/><E119/><V6/><F66/><W108/><G79/><T99/><D78/><U44/><E124/><V86/><F41/><W38/><G38/><T9/><D126/><U130/><E130/><V109/><F109/><W23/><G93/><T94/><D34/><U129/><E67/><V11/><F52/><N who="3" m="32135" /><G112/><T97/><D97/><U73/><E44/><V84/><REACH who="2" step="1"/><F92/><REACH who="2" ten="250,250,240,250" step="2"/><W45/><G108/><T114/><D114/><U28/><E129/><V107/><F107/><W113/><G113/><T26/><D106/><U12/><E46/><V95/><F95/><W53/><G53/><T69/><D105/><U40/><E40/><V68/><F68/><W49/><G45/><T0/><D69/><U57/><E57/><V64/><F64/><W62/><G62/><T47/><D60/><U98/><E50/><V127/><F127/><W54/><G54/><T72/><D55/><U42/><E42/><V111/><F111/><W21/><G49/><T43/><D47/><U122/><E122/><V123/><F123/><W17/><G116/><T5/><D43/><U56/><E56/><V29/><F29/><W110/><G118/><T31/><D94/><U89/><E28/><V71/><F71/><W61/><G61/><T115/><D31/><U39/><E30/><V63/><F63/><W104/><G104/><T90/><D115/><U1/><E39/><V16/><F16/><W65/><G65/><T117/><D117/><U132/><E35/><V87/><F87/><RYUUKYOKU ba="0,1" sc="250,-10,250,-10,240,30,250,-10" hai2="4,6,10,11,14,15,24,32,33,84,86,101,103" /><INIT seed="1,1,1,5,5,104" ten="240,240,270,240" oya="1" hai0="6,91,21,121,124,24,7,27,108,131,19,98,3" hai1="122,12,20,30,18,9,110,130,44,36,109,106,75" hai2="99,23,22,33,43,32,83,40,74,2,112,61,50" hai3="45,15,65,26,66,94,129,111,120,35,16,115,107"/><U116/><E106/><V54/><F2/><W31/><G115/><T87/><D108/><N who="1" m="41579" /><E116/><V60/><F50/><W55/><G120/><T113/><D113/><U77/><E122/><V86/><F83/><W135/><G107/><T53/><D121/><U62/><E130/><V85/><F54/><W37/><G129/><T29/><D131/><U58/><E44/><V48/><F48/><W49/><G135/><T76/><D124/><U134/><E36/><V126/><F99/><W11/><G111/><T5/><D53/><U123/><E123/><V1/><F1/><W82/><G94/><T81/><D3/><U28/><E134/><V13/><F13/><W57/><REACH who="3" step="1"/><G82/><REACH who="3" ten="240,240,270,230" step="2"/><T10/><D10/><U133/><E9/><V90/><F112/><W95/><G95/><N who="0" m="56703" /><D29/><U93/><E93/><V101/><F126/><W14/><G14/><AGARI ba="1,2" hai="5,6,7,14,19,21,24,27,76,81,87" m="56703" machi="14" ten="30,1000,0" yaku="8,1" doraHai="104" who="0" fromWho="3" sc="240,33,240,0,270,0,230,-13" /><INIT seed="2,0,0,0,3,70" ten="273,240,270,217" oya="2" hai0="123,12,87,36,115,31,58,120,62,2,95,125,107" hai1="21,108,96,86,26,4,116,33,131,73,130,43,51" hai2="27,104,56,53,99,126,113,41,88,100,37,102,5" hai3="61,30,32,34,64,77,20,121,40,74,63,10,135"/><V76/><F113/><W23/><G121/><T13/><D115/><U14/><E73/><V105/><F76/><W79/><G135/><T83/><D107/><U22/><E96/><V8/><F126/><W6/><G40/><T46/><D2/><U0/><E86/><V110/><F110/><W94/><G94/><T60/><D125/><U59/><E43/><V3/><F27/><W38/><G30/><T69/><D69/><U82/><E82/><V128/><F128/><W75/><G10/><T118/><D31/><N who="1" m="19703" /><E51/><V133/><F133/><W18/><G18/><T81/><D95/><U44/><E44/><V122/><F122/><W24/><G24/><T17/><D46/><U25/><E59/><V55/><F88/><W47/><G47/><T129/><D58/><U124/><E124/><V97/><REACH who="2" step="1"/><F56/><REACH who="2" ten="273,240,260,217" step="2"/><W89/><G89/><T91/><D91/><U93/><E108/><V1/><F1/><W109/><G109/><T71/><D123/><U127/><E127/><V106/><F106/><W49/><G79/><T11/><D120/><U112/><E112/><V28/><F28/><W92/><G77/><T48/><D129/><U132/><E132/><V84/><F84/><W78/><G78/><T42/><D87/><U68/><E0/><V52/><F52/><W85/><G85/><T35/><D13/><U9/><E93/><V19/><F19/><W16/><G92/><T134/><D17/><N who="1" m="12463" /><E68/><V67/><F67/><W117/><G64/><T7/><D71/><U101/><E131/><V66/><F66/><W45/><G74/><T39/><D134/><U29/><E130/><RYUUKYOKU ba="0,1" sc="273,-10,240,-10,260,30,217,-10" hai2="3,5,8,37,41,53,55,97,99,100,102,104,105" /><INIT seed="2,1,1,5,2,94" ten="263,230,290,207" oya="2" hai0="9,62,21,111,73,84,37,67,24,106,15,115,89" hai1="53,13,71,90,134,40,55,63,78,102,109,98,14" hai2="114,108,28,88,31,101,133,128,6,47,122,33,30" hai3="104,10,64,38,41,75,132,25,82,59,127,45,17"/><V32/><F88/><W12/><G104/><T135/><D115/><U119/><E109/><V96/><F114/><W125/><G132/><T2/><D111/><U57/><E119/><V118/><F108/><W29/><G64/><T0/><D73/><U60/><E134/><V103/><F133/><W110/><G59/><T39/><D106/><U35/><E35/><V113/><F113/><W36/><G36/><T124/><D124/><U87/><E40/><V8/><F118/><W85/><G75/><T54/><D54/><U74/><E74/><V70/><F70/><W72/><G72/><T120/><D120/><U66/><E53/><V20/><F20/><W18/><G18/><T5/><D39/><U42/><E42/><V76/><F76/><W69/><G69/><T19/><D37/><U61/><E61/><V43/><F103/><W49/><G38/><T77/><D77/><U81/><REACH who="1" step="1"/><E78/><REACH who="1" ten="263,220,290,207" step="2"/><V131/><F33/><W105/><G110/><T48/><D135/><U116/><E116/><V16/><F32/><W93/><G125/><T22/><D62/><U1/><E1/><V117/><F117/><W65/><G41/><T34/><D34/><U4/><E4/><V79/><F6/><W91/><G127/><T3/><D0/><U26/><E26/><V86/><F43/><W129/><G25/><T126/><D2/><U123/><E123/><V92/><F122/><W83/><G49/><T121/><D48/><U80/><E80/><N who="2" m="47391" /><F47/><W56/><G45/><T51/><D121/><U58/><E58/><V7/><F7/><W107/><G56/><T99/><D126/><RYUUKYOKU ba="1,2" sc="263,-15,220,15,290,15,207,-15" hai1="13,14,55,57,60,63,66,71,81,87,90,98,102" hai2="8,16,28,30,31,92,96,101,128,131" /><INIT seed="2,2,2,0,1,32" ten="248,235,305,192" oya="2" hai0="22,76,71,111,123,19,105,10,121,120,27,112,113" hai1="83,92,18,133,9,90,107,11,95,3,119,73,56" hai2="59,86,50,52,51,12,49,115,62,131,129,108,75" hai3="114,17,40,99,134,132,58,48,21,110,25,36,74"/><V42/><F75/><W68/><G110/><T31/><D71/><U4/><E107/><V16/><F115/><N who="0" m="44106" /><D105/><U55/><E119/><V100/><F108/><W103/><G68/><T20/><D76/><U47/><E133/><N who="3" m="51306" /><G114/><T57/><D57/><U65/><E65/><V89/><F100/><W109/><G109/><T128/><D111/><U44/><E95/><V77/><F77/><W87/><G87/><T72/><D72/><U1/><E83/><V13/><F42/><W8/><G74/><T14/><D128/><N who="2" m="49226" /><F16/><W7/><G36/><T63/><D63/><U80/><E80/><AGARI ba="2,2" hai="12,13,49,50,51,52,59,62,80,86,89" m="49226" machi="80" ten="30,2900,0" yaku="19,1,54,1" doraHai="32" who="2" fromWho="1" sc="248,0,235,-35,305,55,192,0" /><INIT seed="2,3,0,0,3,66" ten="248,200,360,192" oya="2" hai0="42,17,30,119,25,64,55,110,75,120,61,58,43" hai1="4,46,114,96,56,111,124,62,108,86,33,14,40" hai2="116,76,26,122,44,35,78,101,69,81,2,12,7" hai3="107,29,38,130,41,132,88,24,23,83,127,19,92"/><V100/><F116/><W36/><G107/><T1/><D120/><U84/><E33/><V68/><F122/><W103/><G127/><T5/><D75/><U77/><E114/><V125/><F78/><W8/><G130/><T95/><D119/><U16/><E4/><V21/><F44/><W51/><G132/><T74/><D74/><U49/><E96/><V85/><F101/><W102/><G83/><T59/><D110/><N who="1" m="42027" /><E77/><V37/><F37/><W11/><G38/><T45/><D95/><U135/><E124/><V54/><F54/><W87/><G36/><T131/><D131/><U6/><E6/><V31/><F100/><N who="3" m="38443" /><G29/><T105/><D105/><U82/><E82/><V27/><F125/><W93/><G93/><T72/><D72/><U65/><E135/><V32/><F32/><W134/><G134/><T20/><D5/><U121/><E121/><V89/><F76/><W3/><G3/><T128/><D1/><U50/><E49/><V106/><F106/><W98/><G98/><T15/><D128/><U73/><E73/><V109/><F109/><W126/><G126/><T18/><D18/><U13/><E13/><V129/><F129/><W60/><G60/><N who="0" m="35935" /><D45/><AGARI ba="3,0" hai="8,11,19,23,24,41,45,51,87,88,92" m="38443" machi="45" ten="30,2000,0" yaku="8,1,54,1" doraHai="66" who="3" fromWho="0" sc="248,-29,200,0,360,0,192,29" /><INIT seed="3,0,0,4,1,84" ten="219,200,360,221" oya="3" hai0="20,12,88,90,68,11,121,62,39,47,51,111,108" hai1="22,117,110,38,98,17,3,40,54,26,57,96,30" hai2="76,19,89,82,72,92,14,4,67,41,55,133,97" hai3="99,64,16,87,37,129,105,6,25,102,94,66,36"/><W60/><G129/><T58/><D121/><U86/><E110/><N who="0" m="42025" /><D20/><U77/><E3/><V0/><F133/><W119/><G119/><T71/><D39/><U27/><E117/><V109/><F67/><W59/><G6/><N who="0" m="3191" /><D58/><U34/><E40/><V83/><F41/><W24/><G66/><N who="0" m="41047" /><D71/><U2/><E38/><V93/><F4/><W120/><G120/><T43/><AGARI ba="0,0" hai="43,47,51,88,90" m="41047,3191,42025" machi="43" ten="30,7900,0" yaku="14,1,52,2,54,1" doraHai="84" who="0" fromWho="0" sc="219,79,200,-20,360,-20,221,-39" /><INIT seed="4,0,0,4,2,11" ten="298,180,340,182" oya="0" hai0="26,128,5,92,27,67,14,54,127,119,106,72,82" hai1="110,102,121,117,97,65,28,86,19,35,131,47,93" hai2="51,112,15,123,84,126,134,104,12,74,44,124,2" hai3="30,69,88,105,58,18,1,79,129,16,17,114,3"/><T52/><D119/><U38/><E110/><V115/><F2/><W109/><G69/><T21/><D106/><U73/><E73/><V95/><F74/><W98/><G109/><T120/><D120/><U37/><E117/><V101/><F104/><W113/><G79/><T90/><D128/><U7/><E121/><V70/><F70/><W22/><G129/><T116/><D116/><U75/><E75/><V89/><F101/><W57/><G1/><T34/><D34/><U13/><E7/><V56/><F56/><W25/><G3/><T96/><D127/><N who="2" m="48682" /><F134/><W8/><G8/><N who="0" m="4367" /><D67/><U99/><E65/><V118/><F118/><W0/><G0/><T43/><D43/><U20/><E131/><V9/><F123/><W130/><G130/><T48/><D72/><U122/><E122/><V81/><F95/><N who="3" m="56679" /><G105/><T111/><D111/><U61/><E47/><V40/><F9/><W59/><G114/><AGARI ba="0,0" hai="12,15,40,44,51,81,84,89,112,114,115" m="48682" machi="114" ten="30,7700,0" yaku="15,1,18,1,52,2" doraHai="11" who="2" fromWho="3" sc="298,0,180,0,340,77,182,-77" /><INIT seed="5,0,0,5,3,130" ten="298,180,417,105" oya="1" hai0="35,41,29,52,117,16,90,38,85,94,72,8,61" hai1="12,10,30,23,81,107,3,58,104,102,66,91,109" hai2="89,86,62,7,105,103,67,129,17,45,64,119,97" hai3="133,33,48,11,116,19,26,80,20,126,132,51,76"/><U21/><E3/><V95/><F119/><W24/><G116/><T46/><D117/><U37/><E37/><V34/><F34/><W9/><G126/><T112/><D72/><U70/><E70/><V84/><F7/><W28/><G48/><T131/><D112/><U14/><E109/><V106/><F67/><W96/><G96/><T47/><D131/><U50/><E102/><V59/><F86/><W98/><G98/><T15/><D35/><U39/><E39/><V31/><F31/><W101/><G101/><T122/><D29/><U118/><E118/><V2/><F2/><W69/><G69/><T110/><D110/><U87/><E14/><V56/><F56/><W123/><G51/><T36/><D122/><U78/><E78/><V99/><F99/><W77/><G77/><T42/><D61/><U44/><E58/><V75/><F75/><W25/><G25/><T1/><D1/><U22/><E66/><V111/><F45/><W113/><G113/><T54/><AGARI ba="0,0" hai="8,15,16,36,38,41,42,46,47,52,54,85,90,94" machi="54" ten="30,7900,0" yaku="0,1,9,1,54,2" doraHai="130" who="0" fromWho="0" sc="298,79,180,-39,417,-20,105,-20" /><INIT seed="6,0,0,5,1,54" ten="377,141,397,85" oya="2" hai0="6,22,76,135,99,108,57,55,38,23,117,113,3" hai1="2,15,9,30,19,120,112,46,86,21,49,100,25" hai2="33,48,129,118,101,43,96,121,83,44,119,109,106" hai3="127,98,90,77,7,88,81,59,111,74,51,73,80"/><V61/><F121/><W11/><G111/><T62/><D108/><U26/><E112/><V41/><F109/><W36/><G36/><T123/><D123/><U5/><E120/><V60/><F129/><W125/><G11/><T131/><D113/><U53/><E100/><V128/><F128/><W37/><G37/><T28/><D131/><U65/><E65/><V8/><F33/><W13/><G13/><T122/><D122/><U4/><E2/><V42/><F83/><W95/><G7/><T67/><D135/><U87/><REACH who="1" step="1"/><E4/><REACH who="1" ten="377,131,397,85" step="2"/><V115/><F115/><W110/><G110/><T85/><D67/><U94/><E94/><V58/><F101/><W103/><G127/><T78/><D6/><U50/><E50/><V0/><F48/><W97/><G125/><T91/><D3/><U132/><E132/><V34/><F0/><W56/><G51/><T10/><D38/><U18/><E18/><V104/><F104/><W102/><G77/><T24/><D78/><U29/><E29/><V105/><F105/><W66/><G66/><T82/><D28/><U12/><E12/><V70/><F106/><W1/><G1/><T71/><D76/><U124/><E124/><V52/><F61/><W114/><G114/><T92/><D62/><U93/><E93/><AGARI ba="0,1" hai="56,59,73,74,80,81,88,90,93,95,97,98,102,103" machi="93" ten="25,8000,1" yaku="22,2,52,2,54,1" doraHai="54" who="3" fromWho="1" sc="377,0,131,-80,397,0,85,90" /><INIT seed="7,0,0,2,5,19" ten="377,51,397,175" oya="3" hai0="6,26,90,101,2,44,21,85,13,72,135,37,3" hai1="110,57,74,125,5,70,17,27,95,59,36,114,66" hai2="77,41,9,91,109,71,98,64,10,123,35,118,62" hai3="108,68,127,8,129,122,119,112,117,47,54,131,92"/><W133/><G122/><T25/><D72/><U132/><E74/><V24/><F109/><W105/><G105/><T102/><D135/><U73/><E73/><V83/><F118/><W115/><G92/><T52/><D2/><U0/><E0/><V89/><F41/><W113/><G8/><N who="0" m="4247" /><D37/><U78/><E78/><V30/><F123/><W31/><G31/><N who="0" m="17839" /><D26/><U61/><E5/><V94/><F91/><W97/><G97/><T80/><D3/><U56/><E95/><V45/><F45/><W15/><G15/><T20/><D20/><U34/><E34/><V18/><F18/><W63/><G133/><T49/><AGARI ba="0,0" hai="44,49,52,80,85,90,101,102" m="17839,4247" machi="49" ten="30,4000,0" yaku="8,1,52,1,54,1" doraHai="19" who="0" fromWho="0" sc="377,40,51,-10,397,-10,175,-20" owari="417,51.0,41,-46.0,387,19.0,155,-24.0" /></mjloggm>