<mjloggm ver="2.3"><GO type="185" lobby="0"/><UN n0="%E3%83%84%E3%83%BC%E3%82%A2%E3%82%A6%E3%83%88" n1="%61%6E%64%6F%35%35" n2="%E6%84%9B%E3%81%A8%E6%AD%A3%E7%BE%A9" n3="" dan="16,16,17,0" rate="2216.22,2175.86,2268.19,1500.00" sx="M,M,F,C"/><TAIKYOKU oya="0"/><INIT seed="0,0,0,5,0,37" ten="350,350,350,0" oya="0" hai0="98,69,59,48,32,106,56,129,88,103,93,77,123" hai1="64,44,76,49,42,67,118,60,125,133,130,68,120" hai2="75,74,36,115,112,65,92,3,116,63,126,72,110" hai3=""/><T40/><N who="0" m="31520" /><T71/><D32/><U85/><N who="1" m="30752" /><U127/><E118/><V57/><F3/><T108/><D129/><U47/><E130/><V83/><F116/><T2/><D2/><U91/><E76/><V66/><F110/><T119/><D119/><U121/><N who="1" m="31008" /><U1/><E1/><V54/><F126/><T34/><D34/><U117/><E117/><V46/><F83/><T134/><D77/><U89/><E133/><V33/><F33/><T43/><D108/><U51/><E64/><V124/><F124/><N who="1" m="47689" /><E85/><V73/><F73/><T122/><N who="0" m="31264" /><T132/><D71/><U107/><E107/><V114/><F66/><T38/><D69/><U84/><E84/><V102/><F65/><T135/><D38/><U41/><AGARI ba="0,0" hai="41,42,44,47,49,51,60,67,68,89,91" m="47689,31008,30752" machi="41" ten="30,6000,1" yaku="18,1,52,4" doraHai="37" who="1" fromWho="1" sc="350,-40,350,60,350,-20,0,0" /><INIT seed="1,0,0,4,3,0" ten="310,410,330,0" oya="1" hai0="39,131,32,104,129,89,92,125,53,116,62,86,50" hai1="69,103,70,73,72,64,133,49,105,36,1,37,80" hai2="41,75,115,91,97,52,100,55,119,34,79,118,121" hai3=""/><U71/><E1/><V35/><N who="2" m="31008" /><V42/><F91/><T94/><D104/><U40/><E49/><V77/><F97/><T43/><D116/><U120/><N who="1" m="30752" /><U33/><E64/><V109/><F100/><T2/><D2/><U84/><E133/><V59/><F75/><N who="1" m="28745" /><E84/><V56/><F109/><T96/><D62/><U106/><E80/><V117/><F117/><T102/><D43/><U107/><E103/><V47/><F47/><T132/><D132/><U45/><E37/><V81/><F81/><T68/><D68/><U58/><E58/><V124/><F124/><T108/><D125/><U98/><E98/><V44/><F44/><T78/><D39/><U114/><E114/><AGARI ba="0,0" hai="34,35,41,42,52,55,56,59,77,79,114,115,118,119" m="31008" machi="114" ten="25,12000,2" yaku="22,2,52,3,54,1" doraHai="0" who="2" fromWho="1" sc="310,0,410,-120,330,120,0,0" /><INIT seed="2,0,0,5,3,77" ten="310,290,450,0" oya="2" hai0="53,56,79,43,129,101,74,70,44,69,81,82,114" hai1="66,59,35,72,125,87,134,50,109,71,91,54,131" hai2="133,122,34,126,97,65,124,40,36,89,104,61,118" hai3=""/><V2/><N who="2" m="31264" /><V52/><F118/><T98/><D114/><U57/><E35/><V121/><N who="2" m="31008" /><V51/><F34/><T67/><D129/><U41/><E72/><V63/><F2/><T108/><D108/><U132/><E109/><V38/><F133/><N who="1" m="51305" /><E131/><V47/><F104/><T106/><D67/><U115/><E115/><V45/><F97/><T1/><D1/><U0/><E0/><V37/><F89/><T123/><N who="0" m="31520" /><T83/><D70/><U58/><E125/><N who="2" m="48235" /><F65/><T135/><D69/><U96/><E96/><V46/><F46/><T128/><D128/><U86/><E91/><V95/><F95/><T107/><D107/><U110/><E110/><V42/><F42/><T94/><D106/><U39/><E86/><V60/><AGARI ba="0,0" hai="36,37,38,40,45,47,51,52,60,61,63" m="48235,31008,31264" machi="60" ten="30,12000,2" yaku="18,1,34,2,52,2,54,1" doraHai="77" who="2" fromWho="2" sc="310,-60,290,-60,450,120,0,0" /><INIT seed="2,1,0,5,4,113" ten="250,230,570,0" oya="2" hai0="107,1,75,41,59,118,119,135,69,48,80,112,79" hai1="90,84,35,58,103,45,38,3,64,57,128,102,117" hai2="116,62,72,44,67,120,89,125,63,95,130,50,76" hai3=""/><V43/><N who="2" m="30752" /><V40/><F130/><T77/><D1/><U98/><E35/><V70/><F125/><T82/><D112/><U61/><E3/><V85/><F116/><T127/><D69/><U34/><E34/><V123/><N who="2" m="31520" /><V36/><F72/><T74/><D127/><U87/><E128/><V129/><F129/><T96/><D135/><U42/><E102/><V32/><F32/><T83/><D59/><U33/><E33/><V92/><F76/><N who="0" m="29258" /><D48/><U71/><E87/><V94/><F40/><T53/><D53/><U93/><REACH who="1" step="1"/><E117/><REACH who="1" ten="250,220,570,0" step="2"/><N who="0" m="44553" /><D41/><U60/><E60/><V111/><F62/><T100/><AGARI ba="1,1" hai="74,75,80,82,83,96,100,107" m="44553,29258" machi="100" ten="40,6000,1" yaku="34,2,52,3" doraHai="113" who="0" fromWho="0" sc="250,72,220,-21,570,-41,0,0" /><INIT seed="4,0,0,3,5,102" ten="322,199,529,0" oya="0" hai0="133,84,78,115,119,59,46,93,3,56,74,75,111" hai1="128,127,67,96,42,69,129,51,89,54,117,132,68" hai2="126,43,81,2,95,125,121,80,71,61,39,53,116" hai3=""/><T65/><D3/><U113/><E117/><V130/><N who="2" m="31008" /><V58/><F2/><T40/><D119/><U44/><E127/><N who="2" m="48651" /><F116/><T64/><D111/><U35/><E35/><V90/><F130/><N who="1" m="50281" /><E132/><V57/><F71/><N who="1" m="27209" /><E89/><V66/><F43/><T41/><D133/><U76/><E76/><V50/><F39/><T73/><D115/><U62/><E96/><AGARI ba="0,0" hai="50,53,57,58,61,66,80,81,90,95,96" m="48651,31008" machi="96" ten="30,2000,0" yaku="18,1,52,1" doraHai="102" who="2" fromWho="1" sc="322,0,199,-20,529,20,0,0" /><INIT seed="5,0,0,1,3,116" ten="322,179,549,0" oya="1" hai0="39,88,40,123,92,135,98,0,60,104,118,128,59" hai1="75,89,65,114,49,2,71,109,70,122,36,48,35" hai2="129,111,73,66,108,45,63,94,103,33,90,58,77" hai3=""/><U54/><N who="1" m="31264" /><U106/><E2/><V61/><F33/><T127/><N who="0" m="31520" /><T102/><D128/><U44/><E35/><V55/><F129/><T53/><D135/><U82/><E106/><V125/><F125/><T99/><D127/><U37/><E114/><V72/><F103/><T126/><D126/><U132/><E132/><V131/><F131/><T74/><D74/><U95/><E109/><V130/><F130/><T93/><D0/><U67/><E67/><V84/><F45/><T79/><D79/><U42/><E65/><V110/><REACH who="2" step="1"/><F77/><REACH who="2" ten="322,179,539,0" step="2"/><T64/><D118/><U96/><E36/><V69/><AGARI ba="0,1" hai="55,58,61,63,66,69,72,73,84,90,94,108,110,111" machi="69" ten="30,3000,0" yaku="1,1,2,1,0,1,53,0" doraHai="116" doraHaiUra="43" who="2" fromWho="2" sc="322,-10,179,-20,539,40,0,0" /><INIT seed="6,0,0,3,4,81" ten="312,159,579,0" oya="2" hai0="105,91,118,130,109,95,50,51,61,97,53,56,64" hai1="90,52,82,3,40,108,101,41,115,116,57,107,127" hai2="70,66,59,128,77,106,65,88,113,104,32,42,68" hai3=""/><V114/><F32/><T54/><D118/><U84/><E3/><V47/><F128/><T49/><D130/><U38/><E108/><V2/><F2/><T34/><D34/><U58/><E115/><N who="2" m="44043" /><F77/><T132/><D132/><U126/><E116/><V72/><F72/><T78/><D109/><U122/><N who="1" m="31264" /><U133/><E133/><V36/><F88/><T110/><D110/><U33/><E33/><V98/><F98/><T1/><D1/><U119/><E58/><V75/><F75/><T43/><D105/><N who="2" m="40554" /><F59/><T60/><D78/><U121/><N who="1" m="31008" /><U85/><E119/><V74/><F74/><T73/><D73/><U131/><E131/><V63/><F63/><T35/><D35/><U120/><N who="1" m="30752" /><U134/><E134/><V89/><F89/><T45/><D54/><U96/><E38/><V48/><F36/><T46/><D46/><U37/><E37/><V102/><F102/><T135/><D135/><U100/><E100/><V112/><F112/><T83/><D56/><U94/><E126/><V0/><F0/><T62/><D62/><U71/><E71/><AGARI ba="0,0" hai="42,47,48,65,66,68,70,71" m="40554,44043" machi="71" ten="40,2000,0" yaku="15,1" doraHai="81" who="2" fromWho="1" sc="312,0,159,-20,579,20,0,0" owari="312,-9.0,139,-46.0,599,55.0,0,0.0" /></mjloggm>