<mjloggm ver="2.3"><GO type="169" lobby="0"/><UN n0="%E3%81%92%E3%81%A1%E3%81%87%E3%81%AA%30%34" n1="%E8%80%95%E3%81%99%E3%83%9E%E3%82%B7%E3%83%B3" n2="%4D%4C%5A%4E%55%2D%53%4B" n3="%50%6F%6F%48%65%3F" dan="17,16,16,16" rate="2181.77,2055.80,2122.58,2145.22" sx="M,M,F,F"/><TAIKYOKU oya="0"/><INIT seed="0,0,0,4,2,15" ten="250,250,250,250" oya="0" hai0="95,49,53,127,87,35,40,72,117,27,114,62,104" hai1="63,77,86,41,103,97,78,67,94,81,75,126,91" hai2="131,26,13,112,48,9,19,11,31,18,69,71,47" hai3="0,134,92,128,125,79,46,111,118,98,93,115,74"/><T36/><D114/><U84/><E41/><V119/><F112/><W73/><G0/><T6/><D117/><U99/><E63/><V96/><F131/><W50/><G115/><T88/><D127/><U54/><E54/><V80/><F119/><W123/><G118/><T10/><D72/><U59/><E59/><V70/><F96/><W14/><G125/><T135/><D104/><N who="1" m="63599" /><E67/><V60/><F80/><W57/><G128/><T1/><D135/><U52/><E52/><V85/><F85/><W68/><G68/><T124/><D124/><U2/><E2/><V43/><F60/><W120/><G134/><T12/><D62/><U58/><E58/><V122/><F122/><N who="3" m="46635" /><G111/><T105/><D105/><U109/><E109/><V108/><F108/><W24/><G57/><T61/><D61/><U34/><E34/><V39/><F39/><W8/><G24/><T129/><D129/><U21/><E21/><V132/><F132/><W33/><G33/><T20/><D35/><U30/><E30/><V16/><REACH who="2" step="1"/><F13/><REACH who="2" ten="250,250,240,250" step="2"/><W51/><G98/><T38/><D1/><U130/><E130/><V76/><F76/><N who="1" m="29289" /><E126/><V66/><F66/><W3/><G14/><T22/><D38/><U82/><E75/><V106/><F106/><W32/><G74/><T133/><D133/><U90/><E86/><V37/><F37/><W4/><G73/><T116/><D116/><U23/><E23/><AGARI ba="0,1" hai="9,11,16,18,19,23,26,31,43,47,48,69,70,71" machi="23" ten="50,12000,2" yaku="1,1,52,3,54,1,53,1" doraHai="15" doraHaiUra="17" who="2" fromWho="1" sc="250,0,250,-120,240,130,250,0" /><INIT seed="1,0,0,4,4,44" ten="250,130,370,250" oya="1" hai0="124,121,110,0,81,46,1,99,131,10,15,92,56" hai1="111,79,114,91,30,70,19,22,86,95,11,35,75" hai2="83,61,24,72,135,40,69,115,32,25,6,113,109" hai3="68,122,45,97,112,50,106,38,60,128,16,59,130"/><U2/><E114/><V71/><F109/><W119/><G112/><N who="2" m="43081" /><F135/><W89/><G119/><T125/><D110/><U49/><E111/><V123/><F123/><W107/><G122/><T43/><D121/><U74/><E70/><V78/><F40/><W55/><G68/><T37/><D56/><U52/><E35/><V101/><F101/><W34/><G38/><T18/><D131/><N who="3" m="50217" /><G34/><T94/><D94/><U93/><E30/><N who="2" m="19527" /><F6/><W116/><G116/><T53/><D53/><U103/><E79/><V117/><F117/><W4/><G4/><T26/><D26/><U64/><E64/><V120/><F120/><W133/><G133/><T39/><D81/><U90/><E103/><V51/><F61/><W98/><G16/><T102/><REACH who="0" step="1"/><D39/><REACH who="0" ten="240,130,370,250" step="2"/><U87/><E2/><AGARI ba="0,1" hai="0,1,2,10,15,18,37,43,46,92,99,102,124,125" machi="2" ten="40,2600,0" yaku="1,1,2,1,53,0" doraHai="44" doraHaiUra="118" who="0" fromWho="1" sc="240,36,130,-26,370,0,250,0" /><INIT seed="2,0,0,2,4,71" ten="276,104,370,250" oya="2" hai0="28,14,114,48,88,72,104,58,96,35,9,85,125" hai1="126,49,5,11,130,0,54,78,133,69,24,37,87" hai2="112,74,118,8,110,119,66,121,84,106,57,59,92" hai3="30,13,32,73,79,25,91,26,10,19,122,56,100"/><V116/><F106/><W23/><G100/><T81/><D114/><U40/><E130/><V46/><F74/><W102/><G102/><T47/><D125/><U42/><E126/><V21/><F112/><W27/><G79/><T98/><D104/><U33/><E69/><V134/><F121/><W94/><G73/><T29/><D72/><U89/><E133/><V77/><F134/><W107/><G107/><T83/><D58/><U16/><E78/><V2/><F21/><W22/><G56/><T38/><D38/><U86/><E86/><V65/><F110/><W60/><G60/><T34/><D81/><U36/><E42/><V52/><F46/><W90/><G122/><T20/><D20/><U132/><E40/><V95/><F92/><W50/><G50/><T113/><D35/><U105/><E16/><V41/><F41/><W82/><G82/><T131/><D113/><U51/><E105/><V115/><F59/><W67/><G67/><T76/><D34/><U64/><E64/><V43/><F43/><W3/><G94/><N who="0" m="56391" /><D98/><U4/><E4/><V62/><F115/><W39/><G39/><N who="1" m="14922" /><E54/><V108/><F77/><W55/><G55/><N who="0" m="30111" /><D131/><U123/><E123/><V1/><F118/><W18/><G3/><T124/><D124/><U127/><E127/><V117/><F65/><W68/><G68/><T70/><D70/><U44/><E44/><V101/><F66/><W17/><AGARI ba="0,0" hai="10,13,17,18,19,22,23,25,26,27,30,32,90,91" machi="17" ten="20,2700,0" yaku="0,1,7,1,9,1" doraHai="71" who="3" fromWho="3" sc="276,-7,104,-7,370,-13,250,27" /><INIT seed="3,0,0,4,0,126" ten="269,97,357,277" oya="3" hai0="38,115,26,130,104,36,132,40,83,3,71,76,93" hai1="8,98,39,57,4,120,25,110,17,19,5,127,53" hai2="59,67,84,103,50,102,135,125,78,46,27,2,121" hai3="64,101,99,21,109,9,117,89,69,91,41,131,32"/><W133/><G32/><T113/><D104/><U52/><E110/><V14/><F2/><W116/><G109/><T100/><D71/><U134/><E134/><V97/><F27/><W75/><G75/><T112/><D3/><U87/><E127/><V29/><F29/><W56/><G133/><T43/><D132/><U105/><E39/><N who="0" m="14889" /><D26/><U80/><E120/><V10/><F97/><W92/><G69/><T24/><D24/><U122/><E122/><V51/><F125/><W44/><G131/><T48/><D48/><U1/><E5/><V111/><F111/><W74/><G74/><N who="0" m="43415" /><D130/><U90/><E53/><N who="2" m="32191" /><F67/><W6/><G21/><T94/><D100/><U81/><E81/><N who="2" m="47159" /><F121/><W65/><G116/><T13/><D13/><U37/><E37/><V23/><F23/><W22/><G22/><T55/><D55/><U63/><REACH who="1" step="1"/><E25/><REACH who="1" ten="269,87,357,277" step="2"/><V72/><F135/><W47/><G117/><T66/><D66/><U82/><E82/><V118/><F118/><W73/><G65/><T31/><D31/><U28/><E28/><V107/><F72/><W88/><G73/><T106/><D40/><U58/><E58/><V119/><F119/><W34/><G41/><T33/><D43/><U70/><E70/><V15/><F15/><N who="3" m="5559" /><G34/><T86/><D33/><U79/><E79/><V30/><F30/><W11/><G56/><T108/><D108/><U49/><E49/><V60/><F50/><W0/><G64/><T124/><D124/><U16/><E16/><V114/><F14/><W128/><G128/><T18/><D18/><U62/><E62/><V85/><F60/><W68/><G68/><RYUUKYOKU ba="0,1" sc="269,-15,87,15,357,-15,277,15" hai1="1,4,8,17,19,52,57,63,80,87,90,98,105" hai3="0,11,44,47,88,89,91,92,99,101" /><INIT seed="3,1,1,1,0,38" ten="254,102,342,292" oya="3" hai0="49,94,2,45,15,85,44,3,5,93,80,100,27" hai1="30,75,102,63,43,10,41,118,56,51,6,81,101" hai2="53,92,64,77,120,68,109,133,70,111,69,42,125" hai3="54,104,67,46,74,28,71,13,131,17,84,83,126"/><W18/><G104/><T106/><D106/><U79/><E30/><V128/><F92/><W55/><G74/><T14/><D27/><U61/><E118/><V60/><F77/><W95/><G131/><T96/><D94/><U48/><E48/><V82/><F82/><W22/><G126/><T108/><D45/><U20/><E51/><V117/><F117/><W1/><G1/><T107/><D107/><U130/><E20/><V134/><F42/><W36/><G36/><T35/><D35/><U32/><E32/><V124/><F53/><W50/><G67/><T19/><D14/><U9/><E130/><V23/><F23/><W87/><G71/><N who="2" m="27209" /><F128/><W78/><G28/><T8/><D108/><N who="2" m="41546" /><F120/><W122/><G122/><T31/><D31/><U86/><E75/><V129/><F129/><W105/><G105/><T40/><REACH who="0" step="1"/><D19/><REACH who="0" ten="244,102,342,292" step="2"/><U72/><E6/><V110/><F110/><W65/><G18/><T98/><D98/><U88/><E102/><V7/><F7/><W33/><G33/><T97/><D97/><U132/><E101/><V99/><F99/><W4/><G4/><T135/><D135/><AGARI ba="1,2" hai="60,64,70,124,125,133,134,135" m="41546,27209" machi="135" ten="40,8000,1" yaku="20,1,14,1,23,1,34,2" doraHai="38" who="2" fromWho="0" sc="244,-83,102,0,342,103,292,0" /><INIT seed="4,0,0,1,2,7" ten="161,102,445,292" oya="0" hai0="22,73,83,68,103,125,5,95,26,132,86,93,39" hai1="79,113,51,56,45,78,17,66,40,64,82,23,110" hai2="14,115,135,118,126,108,31,12,123,41,90,89,16" hai3="130,38,63,43,28,15,21,81,124,96,6,97,127"/><T111/><D132/><U32/><E110/><V117/><F108/><W2/><G130/><T101/><D111/><U60/><E32/><V61/><F123/><W87/><G2/><T24/><D125/><N who="3" m="48201" /><G63/><T109/><D109/><U27/><E113/><V50/><F126/><W98/><G43/><T47/><D68/><U134/><E134/><V65/><F31/><W107/><G38/><T112/><D73/><U129/><E129/><V20/><F12/><W116/><G116/><N who="2" m="44649" /><F115/><W54/><G54/><T120/><D120/><U48/><E66/><V1/><F1/><W77/><G28/><T131/><D112/><U52/><REACH who="1" step="1"/><E82/><REACH who="1" ten="161,92,445,292" step="2"/><V72/><F65/><W75/><G81/><T92/><D131/><U74/><E74/><V46/><F72/><W42/><G75/><T33/><D33/><U104/><E104/><V25/><F135/><W11/><G107/><T44/><D95/><U133/><E133/><V128/><F128/><W88/><G42/><T19/><D93/><U76/><E76/><V69/><F41/><W13/><G77/><T8/><D92/><U4/><E4/><V30/><F89/><W9/><G88/><T102/><D39/><U35/><E35/><V18/><F90/><W121/><G121/><T36/><D36/><U84/><E84/><V100/><F100/><W10/><G87/><T71/><D86/><U80/><E80/><V29/><F69/><AGARI ba="0,1" hai="17,23,27,40,45,48,51,52,56,60,64,69,78,79" machi="69" ten="30,3900,0" yaku="1,1,7,1,54,1,53,0" doraHai="7" doraHaiUra="0" who="1" fromWho="2" sc="161,0,92,49,445,-39,292,0" /><INIT seed="5,0,0,2,4,85" ten="161,141,406,292" oya="1" hai0="10,7,52,101,47,19,35,106,54,78,43,109,49" hai1="130,93,92,107,11,60,28,70,17,129,57,111,42" hai2="40,15,48,55,118,64,86,80,75,89,61,69,50" hai3="115,6,59,63,83,91,74,72,81,94,96,112,5"/><U119/><E107/><V110/><F110/><W38/><G38/><T37/><D109/><U46/><E111/><V73/><F118/><W100/><G81/><T1/><D35/><U53/><E28/><V18/><F48/><W104/><G6/><T56/><D106/><U97/><E70/><V131/><F40/><W26/><G26/><T95/><D19/><U58/><E58/><V128/><F128/><N who="1" m="49257" /><E119/><V102/><F102/><W51/><G51/><T29/><D29/><U45/><E42/><V3/><F3/><W8/><G59/><T88/><D78/><U125/><E125/><V90/><F90/><W127/><G63/><T113/><D113/><N who="3" m="43593" /><G127/><T135/><D135/><U134/><E134/><V98/><F98/><N who="3" m="61463" /><G83/><T25/><D25/><U76/><E76/><V103/><F103/><W123/><G123/><T36/><D101/><N who="1" m="60583" /><E93/><V30/><F30/><W124/><G124/><T2/><D54/><U4/><E17/><V87/><F131/><W12/><AGARI ba="0,0" hai="5,8,12,72,74,91,94,96" m="61463,43593" machi="12" ten="30,2000,0" yaku="15,1,52,1" doraHai="85" who="3" fromWho="3" sc="161,-5,141,-10,406,-5,292,20" /><INIT seed="6,0,0,2,0,69" ten="156,131,401,312" oya="2" hai0="91,44,124,96,22,78,12,132,66,129,86,42,85" hai1="106,90,55,7,52,20,45,98,125,108,131,34,38" hai2="110,130,105,119,47,36,75,126,32,67,33,26,103" hai3="3,88,92,68,8,122,11,107,10,112,51,79,4"/><V9/><F9/><W118/><G122/><T23/><D129/><U43/><E34/><V30/><F33/><W37/><G118/><T113/><D113/><U62/><E131/><V109/><F119/><W84/><G107/><T70/><D132/><U19/><E108/><V99/><F130/><W97/><G68/><T54/><D124/><U13/><E125/><V41/><F126/><W40/><G112/><T25/><D54/><U134/><E134/><V77/><REACH who="2" step="1"/><F67/><REACH who="2" ten="156,131,391,312" step="2"/><W27/><G11/><T102/><D66/><U133/><E133/><V89/><F89/><W15/><G10/><T59/><D91/><U64/><E7/><V61/><F61/><W135/><G135/><T14/><D23/><U49/><E90/><V39/><F39/><W63/><G37/><T104/><D22/><U2/><E2/><V65/><F65/><W72/><G63/><T128/><D128/><U46/><E64/><V123/><F123/><W116/><G3/><T50/><D50/><U87/><E62/><V95/><F95/><W114/><G116/><T6/><D6/><U24/><E49/><V115/><F115/><W94/><G114/><T53/><D104/><U0/><E0/><V101/><F101/><W35/><G35/><T60/><D60/><U121/><E121/><V16/><F16/><W31/><G94/><T5/><D102/><U117/><E117/><V58/><F58/><W71/><G92/><T73/><D5/><U111/><E106/><V17/><F17/><W76/><G4/><T120/><D120/><U57/><E20/><V100/><F100/><W28/><G88/><RYUUKYOKU ba="0,1" sc="156,-10,131,-10,391,30,312,-10" hai2="26,30,32,36,41,47,75,77,99,103,105,109,110" /><INIT seed="6,1,1,1,5,12" ten="146,121,421,302" oya="2" hai0="17,57,103,65,38,107,32,4,90,129,111,47,55" hai1="51,25,29,34,88,13,71,56,9,135,15,45,48" hai2="118,127,16,72,37,3,98,62,8,68,122,91,100" hai3="73,132,23,83,131,44,81,109,134,121,79,108,64"/><V120/><F91/><W117/><G117/><T77/><D111/><U66/><E71/><V93/><F118/><W85/><G64/><T14/><D32/><U123/><E135/><N who="3" m="51754" /><G44/><T124/><D77/><U67/><E123/><V128/><F72/><W0/><G0/><T70/><D129/><U95/><E15/><V21/><F37/><W49/><G49/><T35/><D35/><U104/><E104/><V20/><F20/><W61/><G61/><T60/><D4/><U19/><E56/><V125/><F128/><W114/><G23/><T102/><D107/><U105/><E105/><V116/><F116/><W26/><G26/><T130/><D124/><N who="2" m="47690" /><F8/><W87/><G131/><T63/><D130/><U119/><E51/><V22/><F22/><W106/><G121/><T40/><REACH who="0" step="1"/><D90/><REACH who="0" ten="136,121,421,302" step="2"/><U28/><E119/><V133/><F133/><W31/><G106/><T11/><AGARI ba="1,2" hai="11,14,17,38,40,47,55,57,60,63,65,70,102,103" machi="11" ten="20,8000,1" yaku="1,1,2,1,0,1,7,1,52,1,53,0" doraHai="12" doraHaiUra="80" who="0" fromWho="0" sc="136,103,121,-21,421,-41,302,-21" /><INIT seed="7,0,0,3,3,53" ten="239,100,380,281" oya="3" hai0="84,132,77,20,107,49,27,130,99,96,111,2,118" hai1="3,39,60,102,33,108,86,8,92,123,10,52,32" hai2="58,5,17,44,100,62,14,12,61,129,30,117,135" hai3="116,23,93,41,9,97,78,104,109,31,81,47,106"/><W26/><G116/><T22/><D111/><U134/><E108/><V89/><F117/><W75/><G109/><T50/><D118/><U56/><E134/><V0/><F0/><W4/><G97/><T29/><D2/><U18/><E123/><V68/><F68/><W70/><G93/><T90/><D130/><U63/><E39/><V13/><F100/><W124/><G70/><T7/><D132/><U119/><E119/><V51/><F62/><W85/><G124/><T25/><D7/><U83/><E10/><V66/><F30/><W133/><G133/><T80/><D107/><U131/><E131/><V73/><F73/><W112/><G112/><T74/><D74/><U127/><E127/><V72/><F72/><W37/><REACH who="3" step="1"/><G85/><REACH who="3" ten="239,100,380,271" step="2"/><T98/><D77/><U113/><E113/><V16/><F135/><W114/><G114/><T105/><D105/><U79/><E92/><V1/><F129/><W120/><G120/><T46/><D46/><U43/><E102/><V11/><F44/><W71/><G71/><T38/><D38/><U67/><E43/><V110/><F110/><W21/><G21/><T128/><D128/><U95/><E95/><V87/><F87/><W64/><G64/><T40/><D40/><U69/><REACH who="1" step="1"/><E18/><AGARI ba="0,1" hai="18,20,22,25,27,29,49,50,80,84,90,96,98,99" machi="18" ten="40,1300,0" yaku="8,1" doraHai="53" who="0" fromWho="1" sc="239,23,100,-13,380,0,271,0" owari="262,-14.0,87,-41.0,380,48.0,271,7.0" /></mjloggm>