<mjloggm ver="2.3"><GO type="185" lobby="0"/><UN n0="%E3%82%B5%E3%83%89%E3%82%A5%E3%83%BC" n1="%E6%9D%B1%E9%B3%B3" n2="%E5%85%A5%E5%B7%A3%E6%9F%9A%E5%AE%9F" n3="" dan="18,17,16,0" rate="2330.16,2253.93,2227.35,1500.00" sx="M,M,F,C"/><TAIKYOKU oya="0"/><INIT seed="0,0,0,5,1,37" ten="350,350,350,0" oya="0" hai0="47,107,40,67,56,36,72,109,114,110,116,98,2" hai1="112,128,69,113,86,52,119,80,39,34,132,32,125" hai2="70,135,93,85,84,130,100,87,121,83,61,45,49" hai3=""/><T35/><D114/><N who="1" m="44139" /><E119/><V55/><N who="2" m="31008" /><V77/><F130/><T118/><D35/><U60/><E128/><V82/><F135/><T133/><D2/><U38/><E125/><V75/><F100/><T65/><D72/><U46/><E132/><V134/><F134/><T71/><D133/><U79/><E39/><V1/><F1/><T90/><D71/><U126/><E126/><V122/><N who="2" m="31264" /><V48/><F93/><T76/><D76/><U74/><E86/><V99/><F99/><T58/><D90/><U129/><E129/><V101/><F101/><T81/><D81/><U91/><E91/><V57/><F70/><T54/><D107/><U127/><E127/><V44/><REACH who="2" step="1"/><F83/><REACH who="2" ten="350,350,340,0" step="2"/><T41/><D98/><U108/><E69/><V66/><F66/><T105/><D105/><U50/><E80/><V3/><F3/><T0/><D0/><U92/><E92/><V115/><F115/><T51/><D67/><U106/><E106/><V89/><F89/><T64/><D64/><U78/><E32/><V43/><F43/><T68/><D41/><U59/><E34/><V103/><F103/><T104/><D104/><U124/><E124/><V102/><F102/><T131/><D131/><U73/><E79/><V120/><F120/><RYUUKYOKU ba="0,1" sc="350,-10,350,-10,340,20,0,0" hai2="44,45,48,49,55,57,61,75,77,82,84,85,87" /><INIT seed="1,1,1,2,3,38" ten="340,340,360,0" oya="1" hai0="44,51,61,96,117,77,91,47,32,68,132,62,109" hai1="0,3,126,121,114,53,120,98,55,56,93,69,131" hai2="130,127,110,70,79,40,83,58,34,48,65,99,90" hai3=""/><U74/><N who="1" m="30752" /><U101/><N who="1" m="31008" /><U125/><E114/><V71/><F110/><T122/><N who="0" m="31264" /><T112/><D109/><U66/><E74/><V86/><F130/><T43/><D112/><U59/><E69/><V49/><F127/><N who="1" m="48649" /><E66/><V95/><F34/><T128/><D32/><U100/><E131/><V106/><F106/><T80/><D128/><U103/><E55/><V113/><F113/><T118/><D68/><U33/><E59/><V64/><F64/><T84/><D47/><U60/><E33/><V39/><F39/><T82/><D62/><U54/><E54/><V50/><F71/><T57/><D61/><U52/><E53/><V78/><F70/><T124/><D57/><U81/><E81/><V2/><F2/><AGARI ba="1,1" hai="0,2,3,52,56,60,93,98,100,101,103" m="48649,31008,30752" machi="2" ten="30,11600,0" yaku="18,1,52,2,54,1" doraHai="38" who="1" fromWho="2" sc="340,0,340,128,360,-118,0,0" /><INIT seed="1,2,0,2,5,67" ten="340,468,242,0" oya="1" hai0="60,34,122,35,82,61,43,47,127,44,98,81,58" hai1="135,3,131,37,42,66,56,41,72,112,59,1,36" hai2="33,87,97,128,115,113,51,129,93,107,117,134,89" hai3=""/><U49/><E72/><V53/><F33/><T111/><N who="0" m="31264" /><T104/><D111/><U121/><N who="1" m="31008" /><U63/><E112/><N who="2" m="43083" /><F117/><T125/><D104/><U55/><E135/><V65/><F65/><T45/><D98/><U119/><E119/><V32/><F32/><N who="0" m="12330" /><D58/><U90/><E90/><V88/><F134/><T74/><D43/><N who="1" m="16395" /><E1/><V86/><F53/><T102/><D102/><U120/><N who="1" m="30752" /><U108/><E3/><V73/><F51/><T124/><D74/><U57/><E108/><V92/><F73/><T46/><N who="0" m="11264" /><DORA hai="54" /><T130/><D130/><N who="2" m="50282" /><F107/><T114/><D114/><U79/><E131/><V77/><F77/><T126/><N who="0" m="31744" /><DORA hai="106" /><T39/><D39/><N who="1" m="14923" /><E79/><V50/><F50/><T71/><D71/><AGARI ba="2,0" hai="49,55,56,57,59,63,66,71" m="14923,30752,16395,31008" machi="71" ten="30,36000,4" yaku="35,5,52,6" doraHai="67,54,106" who="1" fromWho="0" sc="340,-364,468,364,242,0,0,0" owari="-24,-62.0,832,78.0,242,-16.0,0,0.0" /></mjloggm>