<mjloggm ver="2.3"><GO type="169" lobby="0"/><UN n0="%52%45%58%27" n1="%E6%84%9A%E5%BD%A2%E3%81%AE%E6%84%9A%E5%85%84" n2="%E3%81%AA%E3%81%88%E3%81%A8%E3%82%8B" n3="%E5%A4%9A%E6%91%A9%E3%82%BD%E3%83%BC%E3%82%B8" dan="16,16,16,16" rate="2113.01,2082.24,2133.39,2066.35" sx="F,M,M,M"/><TAIKYOKU oya="0"/><INIT seed="0,0,0,0,0,42" ten="250,250,250,250" oya="0" hai0="32,135,96,131,99,52,109,130,16,102,78,112,62" hai1="2,35,73,121,89,124,12,40,117,8,37,10,88" hai2="91,6,7,101,57,84,1,83,65,127,21,18,103" hai3="44,86,51,129,64,82,128,118,79,122,74,49,80"/><T132/><D112/><U39/><E121/><V95/><F127/><W116/><G122/><T34/><D109/><U41/><E35/><N who="0" m="13353" /><D78/><U33/><E33/><V114/><F114/><W14/><G64/><T5/><D5/><U94/><E73/><V4/><F1/><W9/><G51/><T92/><D96/><U45/><E124/><V58/><F83/><W55/><G129/><N who="0" m="49163" /><D16/><U61/><E2/><V25/><F65/><W97/><G97/><T106/><D106/><U63/><E117/><V133/><F133/><N who="0" m="51274" /><D62/><U54/><E63/><V87/><F87/><W31/><G31/><T69/><D69/><U70/><E70/><V48/><F48/><W11/><G128/><T30/><D30/><U104/><E104/><V134/><F134/><W81/><G81/><T24/><D24/><U17/><E94/><V75/><F75/><W108/><G108/><T28/><D28/><U98/><E98/><V13/><F25/><W105/><G105/><T90/><D102/><AGARI ba="0,0" hai="4,6,7,13,18,21,57,58,84,91,95,101,102,103" machi="102" ten="40,1300,0" yaku="8,1" doraHai="42" who="2" fromWho="0" sc="250,-13,250,0,250,13,250,0" /><INIT seed="1,0,0,2,0,0" ten="237,250,263,250" oya="1" hai0="47,49,75,127,43,50,76,113,64,124,44,30,74" hai1="88,65,102,5,96,98,19,48,104,77,128,123,112" hai2="56,126,42,100,46,84,38,118,20,26,37,134,130" hai3="57,22,103,18,73,108,70,86,114,25,32,14,106"/><U45/><E112/><V36/><F118/><W62/><G114/><T6/><D113/><U94/><E123/><V33/><F126/><N who="0" m="48170" /><D30/><U35/><E35/><V131/><F33/><W28/><G73/><T91/><D64/><U34/><E34/><V12/><F134/><W111/><G86/><T11/><D91/><U41/><E128/><N who="2" m="49195" /><F100/><W40/><G40/><N who="0" m="24711" /><D76/><U105/><E77/><V13/><F56/><W15/><G15/><AGARI ba="0,0" hai="6,11,15,43,47,50,74,75" m="24711,48170" machi="15" ten="30,2000,0" yaku="18,1,52,1" doraHai="0" who="0" fromWho="3" sc="237,20,250,0,263,0,250,-20" /><INIT seed="2,0,0,5,0,111" ten="257,250,263,230" oya="2" hai0="78,3,65,84,99,83,124,39,46,23,43,110,135" hai1="47,70,128,61,58,52,17,89,38,96,109,79,115" hai2="24,49,95,103,13,2,75,16,72,64,28,40,45" hai3="107,131,26,33,6,14,133,71,121,32,30,21,15"/><V134/><F134/><W35/><G107/><T5/><D110/><U132/><E109/><V93/><F2/><W68/><G68/><T1/><D135/><U36/><E132/><V56/><F72/><W117/><G133/><T42/><D124/><U37/><E79/><V44/><F75/><W12/><G71/><T53/><D65/><U74/><E74/><V66/><F45/><W87/><G87/><T127/><D127/><U120/><E128/><V81/><F81/><W76/><G76/><T41/><D23/><U4/><E4/><V48/><F103/><W113/><G117/><T90/><D53/><U10/><E70/><V0/><F0/><W18/><G121/><T105/><D1/><U104/><E120/><V9/><F49/><W98/><G98/><T54/><D99/><U101/><E89/><V118/><F118/><W60/><G60/><T20/><D90/><U116/><E116/><V114/><F114/><W130/><G113/><T59/><D78/><U31/><E31/><V57/><F56/><W119/><G119/><T102/><D59/><U8/><E115/><V94/><REACH who="2" step="1"/><F57/><REACH who="2" ten="257,250,253,230" step="2"/><W11/><REACH who="3" step="1"/><G14/><REACH who="3" ten="257,250,253,220" step="2"/><T19/><D3/><U85/><E61/><V88/><F88/><W62/><G62/><T80/><D83/><U86/><E101/><V122/><F122/><W7/><G7/><T50/><D80/><U91/><E91/><V22/><AGARI ba="0,2" hai="9,13,16,22,24,28,40,44,48,64,66,93,94,95" machi="22" ten="30,18000,2" yaku="1,1,0,1,8,1,54,1,53,2" doraHai="111" doraHaiUra="63" who="2" fromWho="2" sc="257,-60,250,-60,253,200,220,-60" /><INIT seed="2,1,0,0,3,44" ten="197,190,453,160" oya="2" hai0="124,23,27,49,54,75,91,115,62,35,31,65,47" hai1="46,114,111,15,48,41,84,69,98,117,120,53,102" hai2="51,87,5,34,24,28,18,36,94,43,59,73,74" hai3="118,37,33,10,52,88,116,16,26,64,107,50,76"/><V90/><F36/><W8/><G107/><T131/><D124/><U30/><E111/><V66/><F5/><W126/><G37/><T6/><D131/><U56/><E114/><V63/><REACH who="2" step="1"/><F18/><REACH who="2" ten="197,190,443,160" step="2"/><W61/><G126/><T132/><D6/><U110/><E110/><V85/><F85/><W71/><G118/><T4/><D4/><U82/><E117/><V80/><F80/><W32/><G116/><T86/><D86/><U57/><E84/><V133/><F133/><W42/><G76/><T89/><D132/><U106/><E82/><V19/><F19/><W93/><G42/><T104/><D115/><U67/><E41/><V95/><F95/><W12/><G8/><T20/><D104/><U39/><E39/><V103/><F103/><W97/><REACH who="3" step="1"/><G26/><REACH who="3" ten="197,190,443,150" step="2"/><T128/><D27/><U121/><E106/><V77/><F77/><W2/><G2/><T113/><D113/><U29/><E120/><V70/><F70/><W135/><G135/><T100/><D128/><U101/><E69/><V105/><F105/><W99/><G99/><T17/><D100/><U112/><E98/><V0/><F0/><W55/><G55/><T25/><D54/><U40/><E53/><V130/><F130/><W22/><G22/><T72/><D23/><U92/><E121/><V108/><F108/><W14/><G14/><T68/><D25/><U58/><E15/><V127/><F127/><W125/><G125/><T60/><D68/><U134/><E101/><V129/><F129/><W79/><G79/><T38/><D38/><U119/><E102/><V11/><F11/><W83/><G83/><RYUUKYOKU ba="1,2" sc="197,-15,190,-15,443,15,150,15" hai2="24,28,34,43,51,59,63,66,73,74,87,90,94" hai3="10,12,16,32,33,50,52,61,64,71,88,93,97" /><INIT seed="2,2,2,0,1,10" ten="182,175,458,165" oya="2" hai0="20,81,53,17,40,129,99,38,122,64,70,120,125" hai1="114,113,55,82,16,49,59,92,66,0,75,103,61" hai2="78,89,132,76,54,30,105,29,102,2,52,12,47" hai3="109,15,48,135,35,58,4,65,128,97,56,8,33"/><V24/><F2/><W98/><G109/><T91/><D70/><U62/><E0/><V100/><F132/><W69/><G135/><T3/><D3/><U126/><E126/><V32/><F30/><W45/><G69/><T96/><D64/><U110/><E110/><V85/><F12/><W14/><G128/><T1/><D1/><U73/><E61/><V115/><F115/><W41/><G33/><T133/><D125/><U83/><E75/><V34/><F34/><W131/><G35/><T22/><D129/><U28/><E28/><V111/><F54/><W63/><G131/><T90/><D53/><U101/><E73/><V57/><F47/><W121/><G121/><T27/><D133/><U9/><E103/><V108/><F111/><W80/><G58/><T6/><D120/><U42/><E42/><V119/><F119/><W23/><G80/><T43/><D81/><U117/><E117/><V84/><F84/><W95/><G95/><T13/><D122/><U74/><E74/><V50/><F108/><W106/><G106/><T26/><D6/><U93/><E93/><N who="2" m="54447" /><F105/><W37/><G37/><T5/><D38/><U112/><E112/><V51/><F50/><W107/><G107/><T77/><D13/><N who="1" m="7215" /><E114/><V7/><F7/><W46/><G46/><T116/><D5/><U127/><E127/><V104/><F104/><W134/><G134/><T88/><D116/><U79/><E113/><V68/><F68/><W21/><G21/><T124/><D124/><U19/><E49/><V94/><F94/><W118/><G118/><T36/><D22/><U71/><E71/><RYUUKYOKU ba="2,2" sc="182,-15,175,-15,458,15,165,15" hai2="24,29,32,51,52,57,76,78,100,102" hai3="4,8,14,15,23,41,45,48,56,63,65,97,98" /><INIT seed="2,3,2,2,1,133" ten="167,160,473,180" oya="2" hai0="35,32,61,113,28,69,41,79,58,101,18,134,55" hai1="30,25,13,119,42,116,29,85,26,0,19,68,67" hai2="3,34,17,117,114,27,108,16,118,82,121,48,23" hai3="1,39,115,131,51,95,70,4,22,46,49,53,109"/><V10/><F82/><W60/><G109/><T12/><D113/><U37/><E37/><V123/><F48/><W78/><G115/><T72/><D134/><U132/><E42/><V102/><F102/><W135/><G135/><T125/><D72/><U83/><E132/><V89/><F89/><W36/><G131/><T106/><D79/><U90/><E0/><V129/><F114/><W47/><G78/><T15/><D41/><U20/><E67/><V63/><F63/><W111/><G111/><T54/><D28/><U65/><E65/><V45/><F45/><W71/><G22/><T43/><D43/><U59/><E59/><V128/><F108/><W5/><G1/><T88/><D69/><N who="3" m="26121" /><G95/><T8/><D106/><U97/><E68/><V7/><F34/><W112/><G4/><T56/><D32/><U24/><E97/><V57/><F57/><N who="3" m="34863" /><G5/><T74/><D35/><U122/><E122/><N who="2" m="46603" /><F17/><W81/><G81/><T52/><D18/><U64/><E64/><V50/><F50/><N who="3" m="18955" /><G112/><T98/><D98/><U99/><E99/><V100/><F100/><W31/><G31/><T92/><D101/><U86/><E86/><V93/><F93/><W40/><G40/><T91/><D92/><U110/><E110/><V11/><F10/><W84/><G84/><T66/><D8/><U6/><E6/><V75/><F75/><W44/><AGARI ba="3,2" hai="36,39,44,46,47" m="18955,34863,26121" machi="44" ten="40,8000,1" yaku="35,5" doraHai="133" who="3" fromWho="3" sc="167,-23,160,-23,473,-43,180,109" /><INIT seed="3,0,0,0,4,103" ten="144,137,430,289" oya="3" hai0="11,73,64,17,67,110,18,14,47,86,122,0,3" hai1="37,84,90,2,98,8,43,55,118,114,81,79,135" hai2="49,96,52,12,120,94,85,21,106,72,124,5,62" hai3="61,30,22,4,130,129,119,105,26,128,131,41,126"/><W31/><G119/><T48/><D122/><U10/><E118/><V1/><F72/><W29/><N who="3" m="32768" /><DORA hai="6" /><W20/><G126/><T127/><D110/><U23/><E114/><V95/><F1/><W51/><G105/><T9/><D73/><U63/><E2/><V35/><F35/><W28/><G61/><T15/><D127/><U39/><E39/><V111/><F111/><W115/><G115/><T99/><D0/><U80/><E135/><V27/><F106/><W75/><G75/><T40/><D3/><U93/><E80/><V42/><F42/><W50/><G4/><T33/><D33/><U82/><E81/><V70/><F70/><W102/><G102/><T38/><D38/><U60/><E60/><V117/><F120/><W44/><REACH who="3" step="1"/><G51/><REACH who="3" ten="144,137,430,279" step="2"/><T45/><D99/><U77/><E98/><V34/><F49/><W68/><G68/><T108/><D108/><U134/><E63/><V112/><F124/><W92/><G92/><T46/><D86/><U109/><E84/><V104/><F85/><W7/><G7/><T91/><D91/><U16/><E90/><V89/><F95/><W83/><G83/><T132/><D132/><U121/><E82/><V76/><F89/><W125/><G125/><T78/><D78/><U113/><E77/><V19/><F96/><W66/><G66/><AGARI ba="0,1" hai="9,11,14,15,17,18,40,45,46,47,48,64,66,67" machi="66" ten="40,8000,1" yaku="9,1,8,1,52,2" doraHai="103,6" who="0" fromWho="3" sc="144,90,137,0,430,0,279,-80" /><INIT seed="4,0,0,0,0,11" ten="234,137,430,199" oya="0" hai0="9,68,16,102,73,27,87,10,66,118,93,92,107" hai1="108,6,64,105,20,0,117,46,19,21,128,127,130" hai2="53,114,14,54,91,134,15,97,39,41,101,98,4" hai3="32,49,120,36,122,63,23,42,96,38,37,119,55"/><T1/><D118/><U44/><E117/><V77/><F4/><W80/><G119/><T83/><D73/><U3/><E105/><V74/><F39/><W86/><G32/><T75/><D75/><U123/><E64/><V95/><F41/><W47/><G96/><T50/><D107/><U110/><E127/><V82/><F114/><W40/><G23/><N who="0" m="13799" /><D68/><U125/><E125/><V99/><F99/><W45/><G63/><T72/><D72/><U35/><E35/><V8/><F15/><W103/><G103/><T26/><D1/><U84/><E84/><V79/><F77/><W88/><REACH who="3" step="1"/><G40/><REACH who="3" ten="234,137,430,189" step="2"/><T81/><D102/><U116/><E116/><V115/><F98/><W60/><G60/><T61/><D61/><U52/><E108/><V111/><F101/><W100/><G100/><T109/><D109/><U124/><E110/><V62/><F62/><W13/><G13/><T85/><D10/><U129/><E124/><V31/><F111/><W18/><G18/><T65/><D9/><U28/><E0/><V106/><F14/><W133/><G133/><T34/><D34/><U48/><E3/><V78/><F8/><W33/><G33/><T2/><D2/><U69/><E6/><V22/><F134/><W24/><G24/><T89/><D26/><U71/><E21/><V30/><F22/><W25/><G25/><T121/><D65/><U58/><E28/><V12/><F31/><W57/><G57/><T29/><D66/><U126/><E126/><V5/><F30/><W94/><G94/><T7/><D29/><U56/><E56/><V135/><F95/><RYUUKYOKU ba="0,1" sc="234,-10,137,-10,430,-10,189,30" hai3="36,37,38,42,45,47,49,55,80,86,88,120,122" /><INIT seed="5,1,1,1,5,47" ten="224,127,420,219" oya="1" hai0="0,24,28,120,65,67,101,20,121,31,74,45,18" hai1="72,128,135,23,7,3,54,69,43,66,132,70,90" hai2="96,53,61,88,4,51,13,48,83,34,37,94,91" hai3="59,87,22,78,35,58,9,75,118,50,57,122,82"/><U79/><E23/><V16/><F37/><W60/><G122/><N who="0" m="47211" /><D74/><U68/><E90/><V38/><F34/><W73/><G35/><T133/><D133/><N who="1" m="51275" /><E43/><V125/><F38/><W52/><G118/><T115/><D115/><U6/><E128/><V32/><F4/><N who="1" m="1577" /><E3/><V8/><F32/><W44/><G9/><T98/><D0/><U119/><E119/><V123/><F123/><W117/><G117/><T89/><D89/><U106/><E106/><V15/><F91/><W39/><G39/><T63/><D45/><U21/><E21/><V56/><F15/><W129/><G129/><T134/><D134/><U64/><E54/><V131/><F131/><W29/><REACH who="3" step="1"/><G60/><REACH who="3" ten="224,127,420,209" step="2"/><T81/><D63/><U102/><E102/><V97/><F61/><W17/><G17/><T85/><D18/><U41/><E41/><V130/><F130/><W40/><G40/><T126/><D101/><U109/><E109/><V107/><F16/><W33/><G33/><T95/><D28/><U26/><E26/><AGARI ba="1,2" hai="22,26,29,44,50,52,57,58,59,73,75,78,82,87" machi="26" ten="40,8000,1" yaku="1,1,52,1,54,1,53,2" doraHai="47" doraHaiUra="104" who="3" fromWho="1" sc="224,0,127,-83,420,0,209,103" /><INIT seed="6,0,0,3,1,100" ten="224,44,420,312" oya="2" hai0="1,89,65,111,18,132,70,62,54,76,37,13,103" hai1="4,87,41,81,69,60,61,118,135,19,106,5,8" hai2="97,115,47,44,35,112,88,21,67,57,14,79,2" hai3="64,68,96,71,83,117,74,26,90,42,63,80,53"/><V95/><F35/><W40/><G117/><T98/><D111/><U99/><E118/><V25/><F2/><W50/><G71/><T92/><D132/><U107/><E135/><V36/><F79/><W30/><G74/><T121/><D121/><U7/><E41/><V55/><F67/><W128/><G128/><T124/><D124/><U10/><E99/><V45/><F36/><W46/><G96/><T6/><D37/><U24/><E24/><V75/><F14/><W49/><G90/><T134/><D134/><U32/><E32/><V73/><F75/><W59/><REACH who="3" step="1"/><G42/><REACH who="3" ten="224,44,420,302" step="2"/><T122/><D89/><U38/><E69/><V130/><F73/><W93/><G93/><T119/><D92/><U108/><E108/><V82/><F130/><W29/><G29/><T133/><D98/><U39/><E87/><V51/><REACH who="2" step="1"/><F82/><REACH who="2" ten="224,44,410,302" step="2"/><W34/><AGARI ba="0,2" hai="26,30,34,40,46,49,50,53,59,63,64,68,80,83" machi="34" ten="20,2700,0" yaku="1,1,0,1,7,1,53,0" doraHai="100" doraHaiUra="131" who="3" fromWho="3" sc="224,-7,44,-7,410,-13,302,47" /><INIT seed="7,0,0,2,0,23" ten="217,37,397,349" oya="3" hai0="72,53,22,80,87,11,37,36,25,111,96,51,101" hai1="98,13,116,91,75,59,131,134,41,61,100,71,43" hai2="2,14,99,95,16,58,133,69,83,15,1,17,65" hai3="118,125,3,19,47,33,66,123,122,74,34,86,82"/><W81/><G118/><T121/><D111/><U45/><E13/><N who="2" m="4619" /><F69/><W77/><G125/><T7/><D72/><U117/><E98/><V64/><F2/><W108/><G108/><T106/><D11/><U92/><E92/><V132/><F1/><W93/><G3/><T4/><D36/><U107/><E107/><V114/><F114/><W28/><G19/><N who="2" m="7241" /><F83/><W27/><G34/><T9/><D37/><U49/><E75/><V50/><F50/><W0/><G0/><T124/><D121/><U112/><E100/><N who="2" m="60543" /><F58/><W26/><G26/><T67/><D67/><U57/><E91/><V52/><F52/><W48/><G66/><T32/><D32/><U70/><E112/><V38/><F38/><W8/><G8/><T97/><D9/><U79/><E79/><V129/><F129/><W12/><G12/><T31/><D96/><U120/><E131/><V110/><F110/><W135/><G93/><T40/><D40/><U60/><E49/><V62/><F62/><W94/><G94/><T128/><D128/><U109/><E109/><V90/><F90/><W104/><G104/><T24/><D106/><U39/><E39/><V20/><F20/><W103/><G103/><T115/><D101/><U127/><E127/><V18/><F18/><W44/><G135/><AGARI ba="0,0" hai="64,65,132,133,135" m="60543,7241,4619" machi="135" ten="30,2000,0" yaku="20,1,54,1" doraHai="23" who="2" fromWho="3" sc="217,0,37,0,397,20,349,-20" owari="217,-18.0,37,-46.0,417,51.0,329,13.0" /></mjloggm>