<mjloggm ver="2.3"><GO type="169" lobby="0"/><UN n0="%E6%97%A5%E9%99%B0%E3%81%95%E3%82%93" n1="%6D%75%66%66%69%6E" n2="%E3%81%BF%E3%83%BC%E3%81%94%E3%81%BE" n3="%E6%AF%94%E5%98%89%E6%84%9B%E6%9C%AA" dan="16,17,17,16" rate="2107.93,2178.69,2158.01,2167.81" sx="F,F,M,F"/><TAIKYOKU oya="0"/><INIT seed="0,0,0,3,1,73" ten="250,250,250,250" oya="0" hai0="68,70,3,18,72,89,103,2,26,132,47,52,84" hai1="55,75,4,58,42,106,94,126,6,39,45,113,101" hai2="104,129,10,21,19,66,78,114,56,118,83,74,121" hai3="99,50,40,128,29,59,93,112,81,48,109,92,87"/><T108/><D132/><U76/><E106/><V80/><F114/><W5/><G112/><T71/><D72/><U77/><E113/><V117/><F121/><W123/><G123/><T96/><D108/><U8/><E75/><V62/><F129/><W20/><G109/><T37/><D26/><U91/><E101/><V127/><F127/><W11/><G128/><T49/><D37/><U31/><E31/><V115/><F115/><W60/><G99/><T107/><REACH who="0" step="1"/><D18/><REACH who="0" ten="240,250,250,250" step="2"/><U54/><E126/><V63/><F19/><W124/><G124/><T53/><D53/><U28/><E55/><V32/><F74/><W79/><G29/><T15/><D15/><U133/><E28/><V34/><F118/><W17/><G17/><T90/><D90/><U23/><E133/><V35/><F117/><W85/><G40/><T86/><D86/><U131/><E131/><V134/><F134/><W119/><G87/><T102/><D102/><U22/><E54/><V13/><F13/><N who="3" m="5359" /><G119/><T38/><D38/><U30/><E39/><V82/><F66/><W111/><G111/><T41/><D41/><U100/><E42/><V135/><F135/><W12/><G12/><T36/><D36/><U65/><E100/><V69/><F32/><W64/><G20/><T0/><D0/><U98/><E23/><V88/><F21/><W125/><G125/><T120/><D120/><U33/><E22/><V110/><F34/><W122/><G122/><T9/><D9/><U27/><E8/><V16/><F35/><W97/><G97/><T67/><D67/><U1/><E33/><V105/><F110/><RYUUKYOKU ba="0,1" sc="240,15,250,-15,250,-15,250,15" hai0="2,3,47,49,52,68,70,71,84,89,96,103,107" hai3="48,50,59,60,64,79,81,85,92,93" /><INIT seed="0,1,1,2,0,74" ten="255,235,235,265" oya="0" hai0="135,103,32,79,77,8,13,26,102,84,12,27,107" hai1="113,106,100,71,17,48,125,23,118,110,108,90,58" hai2="5,59,119,9,81,20,93,15,89,114,98,7,36" hai3="56,120,18,99,78,104,116,46,76,101,122,11,53"/><T60/><D135/><U91/><E71/><V85/><F114/><W133/><G116/><T39/><D39/><U63/><E118/><V24/><F119/><W70/><G70/><T88/><D107/><U33/><E33/><V35/><F36/><W67/><G67/><T19/><D60/><U86/><E113/><V14/><F35/><W117/><G46/><T87/><D32/><U2/><E2/><V29/><F59/><W64/><G64/><T10/><D19/><U130/><E130/><V80/><F81/><W62/><G117/><T50/><REACH who="0" step="1"/><D88/><REACH who="0" ten="245,235,235,265" step="2"/><U83/><E91/><V6/><REACH who="2" step="1"/><F15/><REACH who="2" ten="245,235,225,265" step="2"/><N who="3" m="7551" /><G133/><T123/><D123/><AGARI ba="1,3" hai="53,56,62,76,78,99,101,104,120,122,123" m="7551" machi="123" ten="30,3900,0" yaku="13,1,52,2" doraHai="74" who="3" fromWho="0" sc="245,-42,235,0,225,0,265,72" /><INIT seed="1,0,0,2,1,29" ten="203,235,225,337" oya="1" hai0="47,71,110,50,36,31,9,55,60,95,23,123,59" hai1="89,62,38,33,20,101,88,46,100,133,58,84,6" hai2="132,115,18,34,52,109,102,53,128,65,90,106,82" hai3="79,1,119,10,39,116,72,15,12,127,25,7,91"/><U57/><E133/><V134/><F109/><W41/><G127/><T0/><D123/><U131/><E131/><V121/><F121/><W107/><G107/><T21/><D110/><U66/><E6/><V80/><F128/><W103/><G103/><T94/><D31/><U16/><E33/><V54/><F115/><W43/><G25/><T93/><D9/><U77/><E77/><V14/><F34/><W111/><G111/><T61/><D0/><U64/><E38/><V3/><F3/><W56/><G91/><T42/><REACH who="0" step="1"/><D61/><REACH who="0" ten="193,235,225,337" step="2"/><N who="1" m="37935" /><E46/><V112/><F112/><W17/><G1/><T11/><D11/><U98/><E98/><V26/><F134/><W74/><G10/><T113/><D113/><U105/><E105/><V75/><F132/><W86/><G116/><T87/><D87/><U118/><E118/><V2/><F2/><W22/><G86/><T28/><D28/><U40/><E84/><V5/><F106/><W135/><G135/><T120/><D120/><U96/><E96/><V85/><F85/><W44/><G119/><T97/><D97/><U37/><E62/><V48/><F5/><W49/><G7/><T99/><D99/><U8/><E8/><V32/><F32/><W126/><G44/><T129/><D129/><U114/><E114/><V81/><F82/><W13/><G72/><T67/><AGARI ba="0,1" hai="21,23,36,42,47,50,55,59,60,67,71,93,94,95" machi="67" ten="30,7900,0" yaku="1,1,0,1,24,2,53,0" doraHai="29" doraHaiUra="73" who="0" fromWho="0" sc="193,89,235,-39,225,-20,337,-20" /><INIT seed="2,0,0,4,4,18" ten="282,196,205,317" oya="2" hai0="131,85,48,58,43,1,105,30,71,132,110,68,66" hai1="12,125,98,50,17,51,26,87,96,128,121,115,24" hai2="119,75,89,44,102,107,3,84,20,94,59,2,15" hai3="124,97,62,65,70,5,33,76,6,37,79,27,72"/><V45/><F119/><W42/><G124/><T7/><D105/><U118/><E115/><V111/><F75/><W49/><G37/><T74/><D74/><U9/><E118/><V60/><F111/><W8/><G72/><T11/><D110/><U14/><E125/><V108/><F108/><W103/><G42/><T91/><D132/><U25/><E128/><V77/><F77/><W13/><G49/><N who="1" m="18442" /><E121/><V88/><F2/><W31/><REACH who="3" step="1"/><G5/><REACH who="3" ten="282,196,205,307" step="2"/><T23/><D43/><U36/><E36/><V101/><F3/><W40/><G40/><T69/><D1/><U61/><E61/><V10/><F44/><W22/><G22/><T95/><D23/><N who="1" m="11703" /><E87/><N who="2" m="52511" /><F45/><W109/><G109/><T32/><D32/><U80/><E80/><N who="2" m="49287" /><F20/><W34/><G34/><T100/><D131/><U53/><E53/><N who="2" m="33903" /><F107/><AGARI ba="0,1" hai="6,8,13,27,31,33,62,65,70,76,79,97,103,107" machi="107" ten="30,7700,0" yaku="1,1,7,1,25,2,53,0" doraHai="18" doraHaiUra="46" who="3" fromWho="2" sc="282,0,196,0,205,-77,307,87" /><INIT seed="3,0,0,0,3,107" ten="282,196,128,394" oya="3" hai0="35,19,109,101,133,93,6,68,74,59,10,90,126" hai1="135,31,113,128,70,111,119,39,32,14,28,58,102" hai2="61,57,92,76,127,85,42,83,52,23,79,103,56" hai3="41,29,71,15,66,5,72,50,51,33,123,9,64"/><W20/><G123/><T99/><D68/><U34/><E70/><V82/><F127/><W87/><G33/><N who="1" m="12906" /><E39/><V73/><F42/><W2/><G71/><T38/><D35/><U47/><E47/><V77/><F77/><W124/><G124/><T110/><D38/><U4/><E58/><V53/><F23/><W129/><G129/><T94/><D133/><U88/><E88/><V69/><F69/><W0/><G0/><T11/><D126/><U116/><E102/><V120/><F120/><W104/><G104/><T67/><D74/><U63/><E63/><V13/><F13/><W1/><G72/><T130/><D130/><U46/><E46/><V117/><F117/><N who="1" m="45129" /><E113/><V118/><F118/><W84/><G41/><T108/><D59/><U45/><E45/><V78/><F78/><W16/><G1/><T8/><D67/><N who="3" m="25641" /><G2/><T12/><D6/><U115/><E115/><V100/><REACH who="2" step="1"/><F92/><REACH who="2" ten="282,196,118,394" step="2"/><W21/><G21/><T125/><D125/><U86/><E128/><V80/><F80/><W7/><G20/><T18/><D12/><U17/><E135/><V37/><F37/><W121/><G121/><T60/><REACH who="0" step="1"/><D60/><AGARI ba="0,1" hai="52,53,56,57,60,61,73,76,79,82,83,85,100,103" machi="60" ten="30,8000,1" yaku="1,1,7,1,9,1,52,1,54,1,53,0" doraHai="107" doraHaiUra="89" who="2" fromWho="0" sc="282,-80,196,0,118,90,394,0" /><INIT seed="4,0,0,3,3,117" ten="202,196,208,394" oya="0" hai0="108,90,107,119,102,135,116,72,18,20,54,105,103" hai1="38,68,31,60,118,124,5,78,46,32,109,36,84" hai2="82,113,13,64,8,0,35,12,48,33,131,52,95" hai3="73,39,49,115,56,42,24,14,9,44,43,4,17"/><T79/><D135/><U83/><E109/><V74/><F113/><W19/><G73/><T21/><D108/><U75/><E118/><V91/><F131/><W25/><G115/><T16/><D90/><U106/><E124/><V63/><F0/><W66/><G42/><T110/><D110/><U41/><E84/><V62/><F74/><W59/><G39/><T47/><D72/><U93/><E93/><V132/><F132/><W77/><G77/><T3/><D3/><U129/><E38/><V6/><F13/><W126/><G126/><T69/><D54/><U34/><E129/><V58/><F82/><W112/><G112/><T71/><REACH who="0" step="1"/><D47/><REACH who="0" ten="192,196,208,394" step="2"/><U120/><E46/><V11/><F11/><W1/><G1/><T100/><D100/><U37/><E75/><V80/><F80/><W104/><G44/><T28/><D28/><U125/><E31/><V23/><F91/><W97/><G9/><T55/><D55/><U133/><E83/><V67/><F8/><W61/><G43/><T2/><D2/><U92/><E41/><V94/><F52/><W87/><G66/><T101/><D101/><U122/><E133/><V7/><F64/><W26/><G87/><T57/><D57/><U85/><E85/><V51/><F67/><W89/><G56/><T40/><D40/><U99/><E125/><V111/><F58/><W50/><G59/><T128/><D128/><U15/><E37/><V98/><F111/><W127/><G127/><T114/><D114/><U70/><E36/><V53/><F53/><W65/><G65/><T130/><D130/><U27/><E70/><RYUUKYOKU ba="0,1" sc="192,30,196,-10,208,-10,394,-10" hai0="16,18,20,21,69,71,79,102,103,105,107,116,119" /><INIT seed="4,1,1,5,3,42" ten="222,186,198,384" oya="0" hai0="85,124,108,59,110,106,91,64,25,66,11,89,34" hai1="49,50,15,103,44,73,90,95,60,7,4,121,65" hai2="19,43,119,86,22,84,107,33,71,6,78,126,38" hai3="93,12,37,134,45,130,92,9,28,40,72,17,123"/><T120/><D120/><U55/><E121/><V46/><F107/><W24/><G123/><T31/><D106/><U39/><E73/><V101/><F101/><W122/><G122/><T112/><D112/><U113/><E39/><V128/><F33/><W18/><G72/><T30/><D124/><U77/><E77/><V117/><F126/><W99/><G134/><T27/><D11/><U102/><E113/><V35/><F35/><W41/><G130/><T13/><D13/><U16/><E49/><V127/><F128/><W104/><G41/><T57/><D34/><U80/><E80/><V76/><F71/><W68/><G68/><T100/><D100/><N who="1" m="38443" /><E60/><V32/><F32/><W62/><G104/><T83/><D83/><U97/><E65/><V8/><F127/><W118/><G118/><N who="2" m="45065" /><F76/><W48/><G37/><T2/><REACH who="0" step="1"/><D85/><REACH who="0" ten="212,186,198,384" step="2"/><U20/><AGARI ba="1,2" hai="4,7,15,16,20,44,50,55,90,95,97" m="38443" machi="20" ten="30,4000,0" yaku="8,1,52,1,54,1" doraHai="42" who="1" fromWho="1" sc="212,-21,186,63,198,-11,384,-11" /><INIT seed="5,0,0,5,4,22" ten="191,249,187,373" oya="1" hai0="101,12,39,5,56,27,85,67,112,0,78,90,9" hai1="126,26,6,19,49,110,131,29,98,102,111,14,24" hai2="47,77,1,107,84,37,40,94,51,34,23,109,106" hai3="54,35,81,70,3,33,108,55,30,132,135,133,17"/><U82/><E6/><V7/><F109/><N who="1" m="41481" /><E131/><V120/><F34/><W96/><G108/><T36/><D112/><U59/><E126/><V32/><F32/><N who="3" m="12363" /><G30/><T123/><D123/><U113/><E29/><V125/><F120/><W127/><G127/><T72/><D101/><U61/><E49/><V75/><F125/><W134/><G70/><T76/><D72/><U99/><E82/><V104/><F23/><W91/><G132/><T116/><D116/><U21/><E113/><V130/><F130/><W57/><G3/><T92/><D0/><U128/><E128/><V11/><F51/><W87/><G17/><T117/><D117/><U119/><E119/><V129/><F129/><W86/><G57/><T62/><D78/><U88/><E88/><N who="2" m="53511" /><F107/><W28/><G28/><T58/><D76/><U93/><E99/><V118/><F118/><W20/><G96/><T44/><D44/><U16/><E19/><V53/><F53/><AGARI ba="0,0" hai="14,16,21,24,26,53,59,61,93,98,102" m="41481" machi="53" ten="30,11600,0" yaku="10,1,52,2,54,1" doraHai="22" who="1" fromWho="2" sc="191,0,249,116,187,-116,373,0" /><INIT seed="5,1,0,4,4,2" ten="191,365,71,373" oya="1" hai0="111,46,96,125,67,11,119,76,78,30,9,101,104" hai1="5,28,112,51,106,80,124,13,42,29,69,105,37" hai2="109,63,27,86,97,20,68,93,134,117,90,81,133" hai3="48,10,53,84,87,47,121,58,54,45,110,129,23"/><U7/><E37/><V135/><F117/><W98/><G121/><T115/><D119/><U120/><E69/><V36/><F36/><W15/><G110/><T52/><D111/><U8/><E120/><V122/><F122/><W50/><G129/><T72/><D115/><U102/><E112/><V91/><F109/><W75/><G75/><T61/><D125/><U57/><E124/><V118/><F118/><W88/><G23/><T22/><D72/><U12/><E80/><V108/><F108/><W77/><G77/><T60/><D76/><U16/><E5/><V114/><F114/><W62/><G98/><T94/><D104/><U64/><E102/><V89/><F63/><W116/><G116/><T19/><D30/><U73/><E73/><V82/><F68/><W59/><G62/><T127/><D78/><U18/><E18/><V3/><F3/><W44/><REACH who="3" step="1"/><G88/><REACH who="3" ten="191,365,71,363" step="2"/><N who="2" m="33897" /><F20/><W128/><G128/><T6/><D127/><U41/><E105/><V74/><F27/><W40/><G40/><N who="1" m="15466" /><E106/><V14/><F74/><W24/><G24/><T70/><D60/><N who="1" m="37903" /><E51/><V4/><F97/><W65/><G65/><T126/><D126/><U66/><E66/><V31/><F31/><W49/><G49/><T99/><D67/><U92/><E92/><V71/><F71/><W25/><G25/><T34/><D94/><U0/><E0/><V43/><F43/><W95/><G95/><T130/><D70/><U35/><E35/><V17/><F93/><W113/><G113/><T131/><D34/><U103/><E103/><V83/><F134/><W56/><G56/><N who="0" m="34951" /><D131/><U85/><E85/><RYUUKYOKU ba="1,1" sc="191,-15,365,15,71,-15,363,15" hai1="7,8,12,13,16,28,29" hai3="10,15,44,45,47,48,50,53,54,58,59,84,87" /><INIT seed="5,2,1,0,4,52" ten="176,380,56,378" oya="1" hai0="55,105,42,113,2,122,60,134,53,71,8,10,121" hai1="34,6,63,111,79,91,114,104,102,99,74,9,50" hai2="40,32,46,57,92,62,17,125,77,131,15,45,135" hai3="28,101,48,1,115,30,41,129,12,110,54,5,98"/><U67/><E34/><V51/><F135/><W43/><G110/><T58/><D105/><U35/><E35/><V39/><F131/><W24/><G1/><T49/><D113/><U11/><E111/><V107/><F125/><W81/><G115/><T68/><D134/><U103/><E114/><V76/><F32/><W4/><G129/><T59/><D42/><U33/><E33/><V85/><F107/><W128/><G128/><T14/><D2/><U132/><E132/><V26/><F26/><W133/><G133/><T73/><D73/><U112/><E112/><V13/><F13/><W66/><G66/><T19/><REACH who="0" step="1"/><D10/><REACH who="0" ten="166,380,56,378" step="2"/><U124/><E11/><N who="2" m="6399" /><F39/><W100/><G43/><T84/><D84/><U119/><E9/><V96/><F85/><W18/><G41/><T82/><D82/><U21/><E74/><V56/><F46/><W126/><G81/><T83/><D83/><U65/><E104/><V116/><F116/><W75/><G75/><T120/><AGARI ba="2,2" hai="8,14,19,49,53,55,58,59,60,68,71,120,121,122" machi="120" ten="30,8000,1" yaku="1,1,0,1,13,1,52,2,53,0" doraHai="52" doraHaiUra="38" who="0" fromWho="0" sc="166,106,380,-42,56,-22,378,-22" /><INIT seed="6,0,0,4,3,7" ten="272,338,34,356" oya="2" hai0="25,31,124,135,77,103,89,6,109,41,118,24,83" hai1="28,72,76,64,14,68,73,10,45,23,35,18,22" hai2="34,93,125,113,133,112,127,97,100,66,96,120,11" hai3="27,53,116,105,1,56,44,114,92,71,131,43,111"/><V134/><F34/><W61/><G105/><T32/><D109/><U13/><E68/><V98/><F66/><W106/><G106/><T38/><D103/><U99/><E64/><V129/><F11/><W87/><G116/><T67/><D67/><U119/><E119/><V36/><F36/><W94/><G111/><T78/><D89/><U91/><E35/><V95/><F120/><W60/><G131/><T19/><D6/><U33/><E33/><V74/><F74/><W69/><G1/><T110/><D110/><U40/><E28/><V17/><F17/><W54/><G114/><N who="2" m="44137" /><F129/><W122/><G122/><T57/><D19/><U51/><E76/><V81/><F81/><W21/><G69/><T9/><D78/><U4/><REACH who="1" step="1"/><E23/><REACH who="1" ten="272,328,34,356" step="2"/><V82/><F82/><W84/><G21/><T128/><D83/><U115/><E115/><V85/><F85/><W0/><G84/><T5/><D32/><U88/><E88/><N who="2" m="55335" /><F98/><W39/><G87/><T8/><D128/><U70/><E70/><V107/><F107/><W117/><G71/><T26/><D118/><U63/><E63/><V50/><F50/><W123/><G117/><T15/><D38/><U20/><E20/><V80/><F80/><W102/><G123/><T3/><D77/><U65/><E65/><V52/><F52/><W79/><G79/><T37/><D37/><U48/><E48/><V75/><F75/><W16/><G54/><T126/><D31/><U12/><E12/><V90/><F90/><W55/><G53/><T101/><D15/><U29/><E29/><V104/><F104/><W46/><G39/><RYUUKYOKU ba="0,1" sc="272,-15,328,15,34,15,356,-15" hai1="4,10,13,14,18,22,40,45,51,72,73,91,99" hai2="95,97,100,125,127,133,134" /><INIT seed="6,1,1,4,3,1" ten="257,343,49,341" oya="2" hai0="127,45,121,119,92,94,110,51,123,135,24,32,72" hai1="87,90,69,130,97,29,28,15,18,134,39,114,50" hai2="25,100,98,19,8,67,3,16,34,14,21,103,26" hai3="49,79,22,40,5,107,133,101,66,120,102,78,76"/><V85/><F67/><W58/><G120/><T74/><D110/><U61/><E39/><V30/><F98/><W4/><G107/><T132/><D119/><U31/><E114/><V23/><REACH who="2" step="1"/><F85/><REACH who="2" ten="257,343,39,341" step="2"/><W20/><G66/><T54/><D74/><U10/><E97/><V82/><F82/><W68/><G133/><T71/><D72/><U38/><E87/><V95/><F95/><W81/><G81/><T48/><D94/><U62/><E134/><V73/><F73/><W36/><G68/><T112/><D71/><U108/><E69/><V37/><F37/><W77/><G36/><T53/><D92/><U117/><E38/><V91/><F91/><W59/><G79/><T12/><D135/><U89/><E89/><V99/><F99/><W115/><G78/><T44/><D132/><U106/><E90/><V42/><F42/><W83/><G83/><T46/><D54/><U105/><E105/><V125/><F125/><W118/><G40/><T41/><D53/><U6/><E106/><V55/><F55/><W7/><G76/><T33/><D41/><U65/><E65/><V104/><F104/><W80/><G77/><T84/><D84/><U35/><E117/><V128/><F128/><W70/><G118/><T116/><D116/><U88/><E88/><V57/><F57/><W131/><G70/><T17/><D127/><U9/><E130/><V52/><F52/><N who="3" m="32015" /><G131/><T60/><D121/><U0/><E62/><V64/><F64/><W129/><G129/><T47/><D60/><U11/><E61/><V113/><F113/><W109/><G115/><T13/><D112/><RYUUKYOKU ba="1,2" sc="257,-10,343,-10,39,30,341,-10" hai2="3,8,14,16,19,21,23,25,26,30,34,100,103" /><INIT seed="6,2,2,1,3,94" ten="247,333,69,331" oya="2" hai0="82,65,55,93,97,69,64,115,44,104,92,11,89" hai1="128,5,25,76,36,118,84,99,102,103,105,134,80" hai2="111,32,50,96,57,45,13,114,52,46,116,88,40" hai3="43,56,98,22,66,119,58,30,20,113,109,127,81"/><V131/><F116/><W79/><G119/><T117/><D117/><U61/><E36/><V78/><F114/><W62/><G109/><T38/><D69/><U24/><E118/><V126/><F126/><W26/><G127/><T1/><D104/><U34/><E128/><V37/><F131/><W122/><G122/><T110/><D110/><U35/><E134/><V123/><F123/><W72/><G113/><T83/><D115/><U68/><E5/><V14/><F111/><W91/><G43/><T130/><D83/><U41/><E41/><V135/><F135/><W120/><G120/><T112/><D82/><U67/><E103/><V86/><F32/><W12/><G58/><T33/><D33/><U87/><E35/><V70/><F70/><W16/><G91/><T124/><D112/><U4/><E4/><V2/><F2/><W0/><G0/><T121/><D121/><U51/><E51/><V73/><F96/><W39/><G39/><T49/><D38/><U8/><E8/><V77/><F57/><W28/><G98/><T9/><D124/><U47/><E47/><V95/><REACH who="2" step="1"/><F73/><REACH who="2" ten="247,333,59,331" step="2"/><W15/><G72/><T29/><D130/><U133/><E133/><V101/><F101/><W7/><G56/><T3/><D3/><U108/><E108/><V60/><F60/><W90/><G62/><T107/><D1/><U18/><E34/><V132/><F132/><W54/><G66/><T63/><D63/><U75/><E75/><V27/><F27/><W129/><G129/><T42/><D64/><U71/><E71/><V53/><F53/><W100/><G54/><RYUUKYOKU ba="2,3" sc="247,-10,333,-10,59,30,331,-10" hai2="13,14,37,40,45,46,50,52,77,78,86,88,95" /><INIT seed="6,3,3,4,5,117" ten="237,323,89,321" oya="2" hai0="41,66,65,114,24,10,92,31,131,100,35,26,73" hai1="47,112,133,76,72,48,126,64,0,23,109,43,8" hai2="56,52,110,119,127,82,79,101,67,80,51,95,2" hai3="115,134,106,1,111,94,18,21,121,132,4,50,93"/><V34/><F119/><W19/><G111/><T124/><D73/><U17/><E109/><V69/><F110/><W84/><G106/><T70/><D70/><U120/><E112/><V40/><F2/><W36/><G36/><T63/><D114/><U130/><E130/><V104/><F34/><W102/><G115/><T29/><D41/><U90/><E133/><N who="3" m="51306" /><G121/><T68/><D65/><U125/><E120/><V33/><F33/><W129/><G129/><T108/><D131/><U123/><E123/><V116/><F116/><W25/><G102/><T74/><D74/><U81/><E64/><V32/><F32/><W60/><G60/><T37/><D37/><U91/><E8/><V97/><F127/><N who="1" m="48649" /><E0/><V38/><F104/><W6/><G50/><T16/><D108/><U89/><E89/><V85/><F80/><W49/><G49/><T59/><D68/><U61/><E61/><V103/><F69/><W62/><G62/><T118/><D124/><U96/><E96/><V9/><F67/><W113/><G113/><T77/><D77/><U86/><E86/><V13/><F103/><W71/><G71/><T39/><D39/><U55/><E43/><V78/><F38/><W75/><G75/><T11/><D118/><U46/><E46/><V7/><REACH who="2" step="1"/><F40/><REACH who="2" ten="237,323,79,321" step="2"/><W135/><G1/><T105/><D105/><U20/><E81/><V30/><F30/><W12/><G135/><T88/><D100/><U3/><E3/><V28/><F28/><W22/><G94/><T14/><D31/><U107/><E107/><V83/><F83/><W58/><G93/><T5/><D92/><RYUUKYOKU ba="3,4" sc="237,-10,323,-10,79,30,321,-10" hai2="7,9,13,51,52,56,78,79,82,85,95,97,101" /><INIT seed="6,4,4,4,1,94" ten="227,313,109,311" oya="2" hai0="73,11,105,81,110,13,97,70,20,104,132,111,1" hai1="118,86,84,119,98,37,79,112,35,90,5,127,53" hai2="43,54,50,6,18,29,57,30,100,32,63,41,77" hai3="121,24,85,34,78,69,126,124,122,108,56,89,2"/><V114/><F114/><W95/><G108/><T39/><D39/><U131/><E37/><V26/><F77/><W130/><G69/><T123/><D70/><U109/><E35/><V44/><F6/><W101/><G130/><T48/><D123/><U125/><E109/><V128/><F128/><W0/><G101/><T45/><D1/><N who="3" m="617" /><G78/><T107/><D132/><U8/><E131/><V58/><F58/><W91/><G91/><T87/><D73/><U99/><E112/><V52/><F30/><N who="3" m="19783" /><G56/><T14/><D20/><U27/><E27/><V22/><REACH who="2" step="1"/><F100/><REACH who="2" ten="227,313,99,311" step="2"/><W61/><G122/><T134/><D110/><U135/><E5/><V59/><F59/><W64/><G121/><T76/><D111/><U65/><E79/><V38/><F38/><W133/><G133/><T106/><D134/><U36/><E135/><V66/><F66/><W92/><G64/><T51/><D76/><U12/><E65/><V33/><F33/><W10/><G124/><T83/><D45/><U72/><E36/><V71/><F71/><W49/><G126/><T15/><D51/><U74/><E125/><V113/><F113/><W16/><G49/><T67/><D48/><U60/><E127/><V19/><F19/><W21/><G16/><T40/><D67/><U129/><E129/><V23/><F23/><W117/><G21/><T9/><D9/><U46/><E8/><V25/><AGARI ba="4,5" hai="18,22,25,26,29,32,41,43,44,50,52,54,57,63" machi="25" ten="20,7800,0" yaku="1,1,0,1,7,1,54,1,53,0" doraHai="94" doraHaiUra="82" who="2" fromWho="2" sc="227,-30,313,-30,99,140,311,-30" /><INIT seed="6,5,0,1,3,4" ten="197,283,239,281" oya="2" hai0="110,27,51,113,14,92,33,69,42,3,40,68,98" hai1="55,39,29,74,95,106,58,130,94,119,16,76,59" hai2="100,111,24,72,127,64,12,128,23,17,52,2,73" hai3="70,109,9,41,93,91,124,19,86,13,104,88,44"/><V25/><F2/><W62/><G109/><T103/><D3/><U50/><E119/><V71/><F111/><W80/><G104/><T117/><D117/><U54/><E39/><V102/><F128/><W57/><G70/><T45/><D110/><U37/><E37/><V84/><F127/><W30/><G124/><T83/><D113/><U36/><E36/><V0/><F0/><W125/><G125/><T82/><D42/><U131/><E106/><V43/><F43/><W20/><G30/><T28/><D82/><U10/><E29/><V53/><F84/><W108/><G108/><T5/><REACH who="0" step="1"/><D83/><REACH who="0" ten="187,283,239,281" step="2"/><U67/><E130/><V115/><F115/><W105/><G80/><T135/><D135/><U56/><E131/><V85/><F72/><W15/><G41/><T1/><D1/><U63/><E74/><V120/><F73/><W89/><G86/><T26/><D26/><U107/><E76/><V118/><F85/><W97/><G15/><T18/><D18/><U112/><E112/><V21/><F118/><W122/><G19/><T96/><D96/><U34/><E16/><V123/><F17/><W38/><G97/><T90/><D90/><U61/><E107/><V11/><F12/><W99/><G13/><T81/><D81/><U101/><E95/><V35/><F123/><W133/><G122/><T46/><D46/><U114/><E94/><V8/><F120/><W75/><G93/><T48/><D48/><U32/><E50/><V7/><F102/><W77/><G75/><T65/><D65/><U49/><E114/><V60/><F100/><W126/><G126/><RYUUKYOKU ba="5,1" sc="187,30,283,-10,239,-10,281,-10" hai0="5,14,27,28,33,40,45,51,68,69,92,98,103" /><INIT seed="7,6,1,1,2,91" ten="217,273,229,271" oya="3" hai0="21,1,71,42,4,82,11,112,130,33,0,63,89" hai1="56,111,123,41,85,31,7,103,57,65,128,49,9" hai2="126,74,43,70,66,77,51,133,45,15,75,98,36" hai3="90,27,122,19,28,87,6,2,14,68,110,18,69"/><W16/><G122/><T53/><D33/><U101/><E111/><V119/><F119/><W113/><G2/><T5/><D42/><U117/><E123/><V99/><F133/><W50/><G113/><T127/><D112/><U12/><E128/><V35/><F35/><W95/><G110/><T17/><D130/><U32/><E32/><V105/><F126/><W20/><G50/><T108/><D108/><U48/><E31/><V76/><F36/><W125/><G125/><T52/><D127/><U93/><E103/><V23/><F70/><W97/><G68/><T92/><D82/><U109/><E117/><V38/><F66/><W10/><G69/><T3/><D71/><U64/><E49/><V78/><F38/><W88/><G6/><T116/><D116/><U13/><E13/><V131/><F131/><W37/><G37/><T73/><D73/><U83/><E57/><V121/><F121/><W30/><G30/><T102/><D102/><U59/><E59/><V47/><F47/><W106/><G106/><T118/><D118/><U54/><E41/><V135/><F135/><W115/><G115/><T34/><D34/><U107/><E107/><V80/><F105/><W81/><AGARI ba="6,1" hai="10,14,16,18,19,20,27,28,81,87,88,90,95,97" machi="81" ten="20,18000,2" yaku="0,1,7,1,8,1,52,1,54,2" doraHai="91" who="3" fromWho="3" sc="217,-66,273,-66,229,-66,271,208" owari="151,-35.0,207,1.0,163,-24.0,479,58.0" /></mjloggm>