<mjloggm ver="2.3"><GO type="169" lobby="0"/><UN n0="%E8%8D%92%E6%9C%A8%E6%AF%94%E5%A5%88" n1="%52%35" n2="%E3%81%86%E3%81%91%E3%81%AA%E3%81%8C%E3%81%97%E3%81%BE%E3%81%9B%E3%82%93" n3="%E3%81%98%E3%82%87%E3%81%AB%E3%81%8A%E3%82%93%EF%BC%81%EF%BC%81" dan="17,17,16,17" rate="2153.29,2187.10,2125.27,2234.97" sx="F,M,F,M"/><TAIKYOKU oya="0"/><INIT seed="0,0,0,2,5,78" ten="250,250,250,250" oya="0" hai0="8,117,91,4,63,9,12,32,95,7,23,133,34" hai1="19,51,69,29,132,111,20,71,97,55,25,35,118" hai2="80,112,129,36,31,81,119,122,43,57,75,105,115" hai3="135,3,46,13,0,24,21,74,96,131,116,33,66"/><T41/><D117/><U65/><E118/><V130/><F122/><W93/><G74/><T120/><D120/><U42/><E111/><V56/><F75/><W58/><G131/><N who="2" m="50185" /><F119/><W127/><G127/><T72/><D72/><U62/><E132/><V82/><F105/><W110/><G110/><T103/><D41/><U77/><E42/><V94/><F31/><W22/><G46/><T6/><D103/><U107/><E71/><V59/><F94/><W113/><G113/><N who="2" m="43593" /><F43/><W68/><G93/><T11/><D63/><U40/><E40/><V134/><F134/><W102/><G135/><T123/><D123/><U83/><E97/><V108/><F108/><W125/><G96/><T53/><D133/><U38/><E107/><V30/><F30/><W45/><G125/><T50/><D23/><U84/><E38/><AGARI ba="0,0" hai="36,38,56,57,59,80,81,82" m="43593,50185" machi="38" ten="40,12000,2" yaku="28,2,19,1,52,3" doraHai="78" who="2" fromWho="1" sc="250,0,250,-120,250,120,250,0" /><INIT seed="1,0,0,4,0,91" ten="250,130,370,250" oya="1" hai0="63,19,108,39,67,20,56,80,9,29,51,129,115" hai1="113,14,101,47,78,13,45,77,65,93,116,24,71" hai2="64,18,50,89,55,32,17,97,105,11,133,7,4" hai3="70,84,100,73,10,131,82,26,130,118,109,75,119"/><U23/><E113/><V106/><F32/><W90/><G70/><T34/><D115/><U62/><E116/><N who="3" m="44586" /><G10/><T69/><D129/><N who="3" m="49161" /><G26/><T95/><D108/><U28/><E78/><V98/><F89/><W112/><G112/><T48/><D39/><U68/><E77/><V53/><F11/><W72/><G100/><T134/><D80/><U31/><E71/><V2/><F2/><W37/><G37/><T85/><D134/><U58/><E31/><V76/><F18/><W110/><AGARI ba="0,0" hai="72,73,75,82,84,90,109,110" m="49161,44586" machi="110" ten="50,8000,1" yaku="12,1,19,1,34,2" doraHai="91" who="3" fromWho="3" sc="250,-20,130,-40,370,-20,250,80" /><INIT seed="2,0,0,1,2,110" ten="230,90,350,330" oya="2" hai0="88,6,18,94,112,17,79,1,38,102,48,35,39" hai1="124,66,23,128,52,115,4,37,107,5,41,24,42" hai2="104,50,85,16,56,134,26,111,97,53,40,121,98" hai3="133,105,99,10,87,120,8,131,46,69,55,43,14"/><V83/><F121/><W54/><G120/><T68/><D68/><U67/><E107/><V32/><F111/><W65/><G131/><T15/><D35/><U103/><E128/><V135/><F32/><W101/><G133/><T113/><D102/><U30/><E124/><V70/><F70/><W7/><G65/><T74/><D1/><U12/><E103/><V117/><F117/><W125/><G69/><T81/><D6/><U96/><E96/><V114/><F40/><W78/><G10/><T75/><D75/><U25/><E12/><V59/><F59/><W36/><REACH who="3" step="1"/><G125/><REACH who="3" ten="230,90,350,320" step="2"/><T132/><D132/><N who="2" m="50730" /><F104/><W51/><G51/><T21/><D48/><U76/><E37/><V127/><F127/><W89/><G89/><T22/><D38/><U126/><E126/><V86/><F114/><W62/><G62/><T73/><D39/><U58/><E115/><V63/><F63/><W31/><G31/><T61/><D61/><U44/><E30/><V47/><F56/><W45/><G45/><T11/><D11/><U80/><E58/><V27/><F50/><W116/><G116/><T106/><D106/><U34/><E44/><V119/><F47/><W84/><G84/><T82/><D74/><U93/><E66/><V91/><F119/><W122/><G122/><T29/><D29/><U130/><E67/><V92/><F86/><W2/><G2/><T71/><D71/><U100/><E130/><V33/><F91/><W109/><G109/><T13/><D81/><AGARI ba="0,1" hai="7,8,14,36,43,46,54,55,78,81,87,99,101,105" machi="81" ten="40,2600,0" yaku="1,1,53,1" doraHai="110" doraHaiUra="9" who="3" fromWho="0" sc="230,-26,90,0,350,0,320,36" /><INIT seed="3,0,0,4,0,121" ten="204,90,350,356" oya="3" hai0="68,118,26,31,67,44,10,23,5,30,106,119,50" hai1="128,122,94,40,38,79,132,39,130,13,46,70,83" hai2="11,77,80,91,98,53,57,129,101,84,1,131,60" hai3="90,65,34,29,28,124,22,85,56,113,21,125,102"/><W27/><G113/><T117/><D106/><U58/><E122/><V103/><F1/><W15/><G102/><T69/><D31/><U14/><E70/><V73/><F11/><W4/><G29/><T92/><D92/><U16/><E132/><V75/><F103/><W43/><G43/><T93/><D93/><U127/><E127/><N who="3" m="48714" /><G4/><T82/><D82/><U108/><E39/><V115/><F115/><W97/><G97/><T114/><D67/><U49/><E94/><V45/><F45/><W110/><G15/><T48/><D114/><U61/><E38/><V7/><F7/><W112/><G112/><T78/><D78/><U100/><E100/><V18/><F18/><W24/><G24/><T9/><D48/><U42/><E42/><V134/><F134/><W135/><G135/><T66/><D66/><U95/><E95/><N who="2" m="58591" /><F77/><W76/><G76/><T71/><REACH who="0" step="1"/><D5/><REACH who="0" ten="194,90,350,356" step="2"/><U107/><E107/><V36/><F36/><W64/><G64/><T51/><D51/><U99/><E99/><V19/><F80/><W55/><G65/><T88/><D88/><U96/><E96/><V37/><F37/><W74/><G90/><T105/><D105/><U86/><E79/><V8/><F91/><W33/><G28/><T120/><D120/><U123/><E123/><V12/><F84/><W47/><G85/><T2/><D2/><U17/><E86/><V62/><F62/><W6/><G6/><T0/><D0/><U104/><E104/><V72/><F60/><W20/><G33/><T59/><D59/><U52/><E83/><V111/><F57/><W116/><G56/><RYUUKYOKU ba="0,1" sc="194,30,90,-10,350,-10,356,-10" hai0="9,10,23,26,30,44,50,68,69,71,117,118,119" /><INIT seed="4,1,1,1,5,15" ten="224,80,340,346" oya="0" hai0="61,115,123,66,65,128,52,102,109,133,71,4,105" hai1="77,59,67,92,37,24,84,8,69,50,5,70,91" hai2="72,104,17,117,60,86,62,21,110,98,120,108,22" hai3="74,3,114,111,42,13,131,57,46,64,85,53,79"/><T31/><D123/><U56/><E37/><V25/><F120/><W39/><G3/><T40/><D40/><U94/><E77/><V41/><F72/><W116/><G111/><T100/><D109/><U134/><E134/><V34/><F117/><W32/><G32/><T33/><D133/><U9/><E67/><V48/><F34/><W51/><G116/><T54/><D66/><U47/><E24/><V12/><F104/><W88/><G114/><T49/><D128/><U55/><E70/><V106/><F86/><W122/><G122/><T14/><D115/><U121/><E69/><V103/><F110/><W127/><G127/><T96/><D100/><U38/><E121/><V135/><F135/><W107/><G107/><T6/><D14/><U118/><E118/><V132/><F132/><W10/><G64/><T0/><D0/><U7/><E38/><V63/><F108/><W80/><G131/><T78/><D78/><U11/><REACH who="1" step="1"/><E92/><REACH who="1" ten="224,70,340,346" step="2"/><V45/><REACH who="2" step="1"/><F63/><REACH who="2" ten="224,70,330,346" step="2"/><W68/><G74/><T97/><D61/><U44/><E44/><V93/><F93/><W87/><G46/><T2/><D105/><U20/><E20/><V89/><F89/><W36/><G88/><T26/><D33/><U18/><E18/><AGARI ba="1,3" hai="12,17,18,21,22,25,41,45,48,60,62,98,103,106" machi="18" ten="30,7700,0" yaku="1,1,7,1,52,2,53,0" doraHai="15" doraHaiUra="82" who="2" fromWho="1" sc="224,0,70,-80,330,110,346,0" owari="224,-18.0,-10,-51.0,440,54.0,346,15.0" /></mjloggm>