<mjloggm ver="2.3"><GO type="169" lobby="0"/><UN n0="%E3%81%86%E3%81%91%E3%81%AA%E3%81%8C%E3%81%97%E3%81%BE%E3%81%9B%E3%82%93" n1="%E7%81%AB%E9%9C%8A%E5%A4%A2" n2="%E8%99%B9%E8%89%B2%E3%82%B8%E3%83%A7%E3%83%BC%E3%82%AB%E3%83%BC" n3="%E3%83%A1%E3%82%BF%E3%83%AB%E3%81%AF%E3%81%BE%E3%81%A3%E3%81%A1%E2%98%86" dan="16,17,16,17" rate="2114.75,2249.15,2086.93,2174.98" sx="F,M,M,M"/><TAIKYOKU oya="0"/><INIT seed="0,0,0,3,3,31" ten="250,250,250,250" oya="0" hai0="81,63,44,131,90,100,124,5,22,7,4,18,60" hai1="72,6,75,133,105,132,54,25,84,33,56,1,119" hai2="51,11,14,91,73,12,112,61,42,32,49,24,19" hai3="117,79,28,46,104,99,134,108,29,103,71,113,126"/><T70/><D131/><U135/><E119/><V26/><F73/><W102/><G117/><T59/><D124/><U68/><E105/><V94/><F112/><W35/><G113/><T27/><D70/><U95/><E68/><V111/><F111/><W65/><G108/><T58/><D100/><U128/><E128/><V17/><F61/><W21/><G126/><T78/><D44/><U48/><E1/><V23/><F32/><W2/><G2/><T3/><D3/><U64/><E6/><V115/><F115/><W83/><G134/><T106/><D106/><U92/><E64/><V86/><F42/><W38/><G102/><T41/><D41/><U121/><E121/><V45/><F45/><W36/><G46/><T116/><D90/><N who="1" m="53319" /><E95/><V96/><F26/><N who="3" m="18839" /><G29/><AGARI ba="0,0" hai="25,29,33,48,54,56,72,75,132,133,135" m="53319" machi="29" ten="30,2000,0" yaku="20,1,52,1" doraHai="31" who="1" fromWho="3" sc="250,0,250,20,250,0,250,-20" /><INIT seed="1,0,0,5,1,115" ten="250,270,250,230" oya="1" hai0="10,2,102,53,52,25,23,21,118,98,34,45,121" hai1="103,93,50,49,87,107,14,81,8,0,19,71,6" hai2="72,65,66,84,17,30,31,69,46,36,96,24,135" hai3="110,101,79,63,119,120,85,76,122,57,131,61,13"/><U15/><E107/><V73/><F17/><W51/><G110/><T43/><D118/><U82/><E71/><V33/><F31/><W28/><G131/><T55/><D121/><U67/><E67/><V95/><F84/><W56/><G51/><T12/><D2/><U58/><E0/><V41/><F135/><W117/><G85/><T35/><D35/><U9/><E58/><V125/><F125/><W97/><G13/><T126/><D34/><U38/><E38/><V5/><F5/><W18/><G18/><T127/><D25/><U90/><REACH who="1" step="1"/><E81/><REACH who="1" ten="250,260,250,230" step="2"/><V39/><F39/><W111/><G111/><T100/><D127/><U92/><E92/><V62/><F66/><W132/><G132/><T99/><D126/><U75/><E75/><V32/><F32/><W3/><G3/><T37/><D37/><U26/><E26/><V106/><F95/><W54/><G120/><T68/><D68/><U91/><E91/><V134/><F134/><W105/><G122/><T29/><D102/><AGARI ba="0,1" hai="24,30,33,36,41,46,62,65,69,72,73,96,102,106" machi="102" ten="40,8000,1" yaku="25,2,33,3" doraHai="115" who="2" fromWho="0" sc="250,-80,260,0,250,90,230,0" /><INIT seed="2,0,0,0,5,27" ten="170,260,340,230" oya="2" hai0="124,66,106,82,5,102,63,52,104,73,49,113,121" hai1="87,9,25,127,51,33,91,24,68,105,114,133,130" hai2="85,98,107,3,100,22,1,117,47,80,19,17,75" hai3="48,93,13,39,95,65,96,64,29,126,56,43,103"/><V123/><F123/><W111/><G111/><T101/><D121/><U109/><E114/><V42/><F117/><W72/><G72/><T15/><D113/><U134/><E105/><V116/><F116/><W4/><G126/><T58/><D124/><U83/><E109/><V26/><F19/><W34/><G39/><T97/><D73/><U99/><E127/><V57/><F57/><W60/><G65/><T36/><D36/><U54/><E68/><V78/><REACH who="2" step="1"/><F75/><REACH who="2" ten="170,260,330,230" step="2"/><W53/><G56/><T125/><D125/><U70/><E70/><V61/><F61/><W135/><G60/><T10/><D63/><U6/><E133/><V92/><F92/><W30/><G135/><T2/><D66/><U84/><E134/><V74/><F74/><W20/><G64/><T71/><D71/><U38/><E130/><V115/><F115/><W110/><G95/><T119/><D119/><U44/><E38/><AGARI ba="0,1" hai="1,3,17,22,26,38,42,47,78,80,85,98,100,107" machi="38" ten="30,2900,0" yaku="1,1,7,1,53,0" doraHai="27" doraHaiUra="45" who="2" fromWho="1" sc="170,0,260,-29,330,39,230,0" /><INIT seed="2,1,0,2,4,107" ten="170,231,369,230" oya="2" hai0="19,36,20,121,78,3,134,9,50,112,98,59,22" hai1="72,83,128,131,35,85,18,44,69,61,31,82,106" hai2="96,91,33,40,89,28,133,0,46,17,26,110,21" hai3="97,29,122,7,8,108,10,74,53,84,120,100,119"/><V58/><F133/><W124/><G119/><T129/><D121/><U57/><E106/><V13/><F110/><W126/><G108/><T117/><D112/><U6/><E69/><V48/><F96/><W75/><G29/><T42/><D129/><N who="1" m="49739" /><E6/><V93/><F93/><N who="3" m="58415" /><G53/><T81/><D98/><U76/><E44/><V51/><F0/><W4/><G4/><T24/><D22/><U79/><E18/><V5/><F5/><W130/><G130/><T12/><D134/><U68/><E68/><V123/><F123/><N who="3" m="47147" /><G84/><T56/><D117/><U45/><E45/><V65/><F51/><W116/><G116/><T118/><D36/><U77/><E31/><V39/><F39/><W92/><G92/><T34/><D118/><U30/><E30/><V113/><F113/><W114/><G114/><T127/><D19/><U32/><E77/><V43/><F43/><W47/><G47/><T25/><D78/><U102/><E102/><V111/><F111/><W125/><G8/><T67/><D42/><U11/><E11/><N who="2" m="6335" /><F33/><W38/><G38/><T60/><D34/><U88/><E76/><V115/><F115/><W101/><G101/><T62/><D9/><U2/><E2/><AGARI ba="1,0" hai="2,7,10,74,75,124,125,126" m="47147,58415" machi="2" ten="40,5200,0" yaku="18,1,52,2" doraHai="107" who="3" fromWho="1" sc="170,0,231,-55,369,0,230,55" /><INIT seed="3,0,0,4,5,91" ten="170,176,369,285" oya="3" hai0="9,129,18,57,131,115,98,5,14,78,114,42,48" hai1="80,8,74,84,4,40,123,10,81,28,51,13,103" hai2="24,77,85,11,99,43,127,52,7,109,135,25,107" hai3="122,75,73,26,113,45,0,68,79,39,121,76,56"/><W96/><G68/><T34/><D78/><U72/><E123/><V110/><F127/><W102/><G0/><T116/><D116/><U111/><E111/><N who="2" m="42507" /><F135/><W124/><G56/><T47/><D34/><U104/><E28/><V67/><F43/><W90/><G26/><T63/><D98/><U87/><E104/><V132/><F67/><W119/><G45/><T30/><D30/><U2/><E103/><N who="2" m="62975" /><F132/><W97/><G39/><T88/><D88/><U27/><E27/><V35/><F35/><W70/><G70/><T83/><D83/><U21/><E21/><V60/><F85/><W32/><G32/><T19/><D19/><U44/><E84/><V86/><F86/><W125/><G90/><T37/><D18/><U50/><E50/><V105/><F105/><W58/><G58/><T71/><D71/><U12/><E2/><N who="2" m="503" /><F77/><W33/><G33/><T61/><D61/><U65/><E65/><V31/><F31/><W16/><G16/><T22/><D48/><U1/><E1/><V89/><F89/><W134/><G134/><T36/><D37/><U69/><E69/><V93/><F60/><W49/><G49/><T38/><D22/><U112/><E80/><V17/><F17/><W118/><G102/><T126/><D126/><U41/><E41/><V92/><F52/><W6/><G6/><T95/><D38/><U3/><E3/><V106/><F106/><W53/><G53/><T128/><D63/><U55/><E55/><V120/><F120/><W117/><G117/><T101/><D57/><U130/><E40/><V94/><AGARI ba="0,0" hai="24,25,92,93,94" m="503,62975,42507" machi="94" ten="30,7900,0" yaku="14,1,52,3" doraHai="91" who="2" fromWho="2" sc="170,-20,176,-20,369,79,285,-39" /><INIT seed="4,0,0,0,0,62" ten="150,156,448,246" oya="0" hai0="34,112,81,6,128,42,118,69,60,76,3,90,67" hai1="125,58,100,21,47,70,93,124,75,30,13,4,2" hai2="84,22,120,0,110,122,55,52,79,10,134,119,15" hai3="54,53,114,43,108,74,28,97,39,31,50,99,87"/><T41/><D118/><U65/><E70/><V8/><F110/><W102/><G74/><T80/><D128/><U63/><E75/><V27/><F134/><W113/><G108/><T107/><D112/><N who="3" m="43113" /><G87/><T20/><D34/><U130/><E130/><V59/><F119/><W109/><G109/><T73/><D107/><U95/><E2/><V135/><F135/><W32/><G39/><T12/><D3/><U92/><E47/><V123/><F0/><W126/><G126/><N who="1" m="48746" /><E4/><V49/><F15/><W1/><G99/><T9/><REACH who="0" step="1"/><D20/><REACH who="0" ten="140,156,448,246" step="2"/><U56/><E100/><V129/><F129/><W104/><G1/><T115/><D115/><U38/><E38/><V133/><F133/><W16/><G32/><T26/><D26/><N who="1" m="16719" /><E13/><V88/><F123/><W11/><G102/><T111/><D111/><U44/><E44/><V89/><F122/><W78/><G104/><T14/><D14/><U106/><E106/><V33/><F33/><W91/><G11/><T121/><D121/><U66/><E56/><N who="2" m="32783" /><F120/><W25/><G25/><T96/><D96/><U17/><E17/><N who="2" m="12751" /><F10/><W7/><G16/><T36/><D36/><U48/><E48/><V131/><F8/><W68/><G50/><T51/><D51/><U5/><E5/><V61/><F131/><W132/><G7/><T64/><D64/><AGARI ba="0,1" hai="58,63,64,65,66,92,93,95" m="16719,48746" machi="64" ten="30,7700,0" yaku="18,1,52,3" doraHai="62" who="1" fromWho="0" sc="140,-77,156,87,448,0,246,0" /><INIT seed="5,0,0,1,4,5" ten="63,243,448,246" oya="1" hai0="38,1,122,31,78,80,29,50,70,125,57,18,28" hai1="128,49,107,109,103,71,127,26,54,32,55,15,102" hai2="14,43,7,91,23,87,88,120,10,117,101,114,113" hai3="36,25,98,116,72,11,85,51,93,39,30,46,52"/><U96/><E71/><V129/><F120/><W108/><G108/><T60/><D38/><U47/><E109/><V12/><F117/><W130/><G72/><T92/><D70/><U111/><E111/><V65/><F65/><W90/><G130/><T59/><D1/><U33/><E128/><V105/><F129/><W67/><G116/><T74/><D122/><U115/><E115/><N who="2" m="44043" /><F43/><W118/><G118/><T17/><D125/><U82/><E127/><V62/><F62/><W77/><G67/><T110/><D110/><U81/><E103/><V83/><F105/><W61/><G61/><T48/><D60/><U41/><E33/><V133/><F133/><W27/><G27/><T20/><D92/><U126/><E126/><V3/><F101/><W73/><G73/><T124/><D20/><U89/><E15/><N who="2" m="5675" /><F23/><W68/><G11/><T44/><D124/><U94/><E32/><V58/><F58/><W123/><G123/><T6/><D6/><U37/><E26/><V132/><F132/><W9/><G9/><T100/><D100/><U106/><E106/><V69/><F69/><W24/><G68/><T40/><REACH who="0" step="1"/><D59/><REACH who="0" ten="53,243,448,246" step="2"/><U19/><E102/><V135/><F135/><W119/><G119/><T35/><D35/><U63/><E107/><V16/><F16/><W8/><G39/><T64/><D64/><U4/><E19/><V95/><F95/><W134/><G36/><T0/><D0/><U45/><E4/><V34/><F34/><N who="3" m="20807" /><G134/><T76/><D76/><AGARI ba="0,1" hai="3,7,10,76,83,87,88,91" m="5675,44043" machi="76" ten="30,7700,0" yaku="15,1,11,1,52,1,54,1" doraHai="5" who="2" fromWho="0" sc="53,-77,243,0,448,87,246,0" owari="-24,-52.0,243,-16.0,535,63.0,246,5.0" /></mjloggm>