<mjloggm ver="2.3"><GO type="185" lobby="0"/><UN n0="%E6%84%9B%E3%81%A8%E6%AD%A3%E7%BE%A9" n1="%E3%83%84%E3%83%BC%E3%82%A2%E3%82%A6%E3%83%88" n2="%E7%99%BE%E7%80%AC%E6%BD%A4" n3="" dan="17,16,17,0" rate="2244.70,2218.71,2213.80,1500.00" sx="F,M,M,C"/><TAIKYOKU oya="0"/><INIT seed="0,0,0,3,4,130" ten="350,350,350,0" oya="0" hai0="37,132,64,45,3,61,101,1,65,131,96,67,82" hai1="98,92,60,81,87,48,103,86,50,119,56,113,35" hai2="83,105,41,122,53,36,0,71,39,55,74,129,117" hai3=""/><T116/><D116/><U43/><E35/><V57/><N who="2" m="31264" /><V49/><F105/><T70/><D131/><U63/><E119/><V110/><F0/><T114/><D114/><U99/><E113/><V68/><F74/><T38/><D132/><U127/><E127/><V47/><F117/><T59/><D82/><U112/><E112/><V52/><F129/><T69/><D3/><U102/><E43/><V111/><F83/><T115/><D1/><U79/><E87/><V90/><F90/><T100/><D100/><U76/><E63/><V120/><N who="2" m="30752" /><V124/><F124/><T44/><D96/><U128/><E79/><V85/><F85/><T54/><D101/><U73/><E73/><V72/><F72/><T125/><D115/><U123/><N who="1" m="31520" /><U118/><E118/><V32/><F32/><T134/><D125/><U88/><E128/><V104/><F104/><T84/><D84/><U121/><N who="1" m="31008" /><U108/><E76/><V33/><F57/><T135/><D69/><N who="2" m="26698" /><F33/><T107/><D107/><U133/><E133/><N who="0" m="50697" /><D70/><U78/><E78/><V46/><F46/><AGARI ba="0,0" hai="37,38,44,45,46,54,59,61,64,65,67" m="50697" machi="46" ten="30,18000,2" yaku="20,1,34,2,52,3" doraHai="130" who="0" fromWho="2" sc="350,180,350,0,350,-180,0,0" /><INIT seed="0,1,0,3,2,83" ten="530,350,170,0" oya="0" hai0="102,98,54,122,126,124,99,107,129,93,56,69,130" hai1="135,58,95,80,120,105,32,128,36,61,38,125,89" hai2="37,106,88,94,45,97,113,81,91,53,116,49,114" hai3=""/><T0/><N who="0" m="31264" /><T59/><D69/><U2/><N who="1" m="30752" /><U42/><E2/><V108/><F108/><T51/><D0/><U112/><E32/><V115/><F116/><T100/><REACH who="0" step="1"/><D59/><REACH who="0" ten="520,350,170,0" step="2"/><U33/><E33/><V41/><F106/><T109/><D109/><U48/><E105/><V70/><F70/><T132/><D132/><U119/><E135/><V65/><F65/><T35/><D35/><U76/><E58/><V77/><F91/><T39/><D39/><U73/><E38/><V63/><F63/><T71/><D71/><U133/><E36/><V60/><F60/><T3/><D3/><U121/><E61/><V117/><F117/><T110/><D110/><U111/><E119/><V82/><REACH who="2" step="1"/><F77/><REACH who="2" ten="520,350,160,0" step="2"/><T1/><D1/><U34/><E76/><V96/><F96/><T92/><D92/><U87/><E95/><V131/><F131/><AGARI ba="1,2" hai="51,54,56,93,98,99,100,102,107,124,126,129,130,131" m="31264" machi="131" ten="40,7700,0" yaku="1,1,19,1,52,1,53,0" doraHai="83" doraHaiUra="74" who="0" fromWho="2" sc="520,99,350,0,160,-79,0,0" /><INIT seed="0,2,0,4,1,93" ten="619,350,81,0" oya="0" hai0="77,106,56,126,90,134,131,64,46,71,2,98,62" hai1="94,132,91,125,120,88,87,67,60,48,107,111,70" hai2="50,34,130,121,66,3,78,97,35,123,38,58,36" hai3=""/><T54/><D2/><U52/><N who="1" m="30752" /><U133/><E107/><V45/><N who="2" m="31008" /><V61/><N who="2" m="31520" /><V80/><F3/><T63/><D134/><N who="1" m="51819" /><E125/><V47/><F130/><T127/><D131/><U119/><E111/><V118/><F118/><T84/><D77/><U1/><E1/><V104/><F104/><T101/><REACH who="0" step="1"/><D46/><REACH who="0" ten="609,350,81,0" step="2"/><U68/><E119/><V57/><F45/><T100/><D100/><U86/><E70/><V33/><F57/><T135/><D135/><U59/><E91/><V124/><F124/><T55/><D55/><U69/><E69/><V114/><F114/><T49/><D49/><U75/><E75/><V39/><F97/><AGARI ba="2,1" hai="48,52,59,60,67,68,86,87,88,94,97" m="51819,30752" machi="97" ten="30,8000,1" yaku="20,1,52,2,54,2" doraHai="93" who="1" fromWho="2" sc="609,0,350,94,81,-84,0,0" owari="609,56.0,444,4.0,-3,-60.0,0,0.0" /></mjloggm>