<mjloggm ver="2.3"><GO type="169" lobby="0"/><UN n0="%74%6F%72%69%30%36%31%32" n1="%E3%82%82%E3%81%8B%E3%81%BE%E3%82%8B" n2="%E3%82%82%E3%82%8A%E3%82%82%E3%82%8A%E3%81%8A%E3%81%AB%E3%81%8E%E3%82%8A" n3="%E3%81%97%E3%82%89%E3%81%84%E3%81%97%E3%81%BE%E3%81%84" dan="17,16,16,17" rate="2148.28,2038.52,2156.51,2281.86" sx="M,M,M,M"/><TAIKYOKU oya="0"/><INIT seed="0,0,0,2,3,89" ten="250,250,250,250" oya="0" hai0="100,26,60,19,51,6,99,17,62,59,16,101,86" hai1="116,109,46,77,115,27,134,131,135,80,123,124,65" hai2="103,129,102,25,45,20,32,73,92,72,81,85,117" hai3="44,127,39,133,24,83,7,122,132,120,68,88,58"/><T30/><D6/><U56/><E116/><V108/><F117/><W28/><G68/><T96/><D86/><U2/><E123/><N who="3" m="47146" /><G127/><T50/><D30/><U22/><E124/><V36/><F108/><W67/><G7/><T98/><D26/><U57/><E109/><V91/><F32/><W33/><G67/><T84/><D84/><U0/><E131/><V75/><F129/><W111/><G58/><N who="1" m="22634" /><E46/><V61/><F61/><N who="0" m="23658" /><D59/><U110/><E65/><V11/><F11/><W64/><G64/><T38/><D38/><U21/><E110/><V130/><F130/><W35/><G35/><T95/><D95/><U53/><E53/><V42/><REACH who="2" step="1"/><F81/><REACH who="2" ten="250,250,240,250" step="2"/><W8/><G111/><T79/><D79/><U97/><E80/><V37/><F37/><W12/><G39/><T126/><D126/><U125/><E77/><V90/><F90/><W106/><G83/><T23/><D23/><N who="1" m="8715" /><E125/><V43/><F43/><W40/><G40/><T104/><D104/><U52/><E52/><V34/><F34/><W55/><G106/><T78/><D78/><U63/><E63/><V54/><F54/><W14/><G55/><T82/><D82/><U87/><E0/><V113/><F113/><W69/><G33/><T4/><D4/><U74/><E2/><V94/><F94/><W9/><G69/><T48/><AGARI ba="0,1" hai="16,17,19,48,50,51,96,98,99,100,101" m="23658" machi="48" ten="40,18000,2" yaku="29,2,28,2,8,1,54,1" doraHai="89" who="0" fromWho="0" sc="250,190,250,-60,240,-60,250,-60" /><INIT seed="0,1,0,0,2,128" ten="440,190,180,190" oya="0" hai0="59,89,19,31,46,97,65,6,50,15,105,131,66" hai1="41,102,25,8,62,16,87,32,135,119,68,26,14" hai2="17,61,88,43,34,51,75,124,28,21,91,133,129" hai3="120,82,126,109,110,54,103,90,33,93,11,130,52"/><T78/><D131/><U47/><E119/><V125/><F129/><W4/><G130/><T44/><D6/><U0/><E102/><V35/><F75/><W69/><G33/><N who="2" m="12297" /><F28/><W13/><G69/><T79/><D31/><U27/><E32/><V56/><F51/><W22/><G120/><T77/><D105/><U76/><E0/><V18/><F43/><W116/><G116/><T121/><D121/><U112/><E112/><V111/><F111/><N who="3" m="42507" /><G126/><N who="2" m="48745" /><F133/><W95/><G22/><N who="0" m="11647" /><D59/><U12/><E68/><V5/><F5/><W49/><G103/><T86/><D97/><U42/><E62/><V48/><F48/><W100/><G100/><T94/><D46/><U7/><E135/><V85/><F85/><N who="3" m="50487" /><G54/><AGARI ba="1,0" hai="44,50,54,65,66,77,78,79,86,89,94" m="11647" machi="54" ten="30,1500,0" yaku="8,1" doraHai="128" who="0" fromWho="3" sc="440,18,190,0,180,0,190,-18" /><INIT seed="0,2,0,1,0,112" ten="458,190,180,172" oya="0" hai0="5,85,44,4,121,26,95,35,72,16,86,120,49" hai1="69,45,84,127,75,99,43,21,122,111,126,50,18" hai2="36,110,51,13,6,42,14,79,58,78,63,116,98" hai3="128,119,46,103,94,117,9,41,30,31,88,39,115"/><T56/><D72/><U64/><E75/><V3/><F36/><W102/><G115/><T80/><D56/><U34/><E122/><V106/><F110/><W129/><G9/><T59/><D59/><U7/><E111/><V70/><F3/><W27/><G103/><T133/><D133/><U8/><E34/><V65/><F106/><W61/><G61/><T118/><D35/><U97/><E84/><V17/><F98/><W11/><G102/><T37/><D37/><U124/><E64/><V48/><F116/><N who="3" m="44619" /><G11/><T25/><D118/><U113/><E69/><V53/><F6/><W38/><G38/><T125/><D95/><U1/><REACH who="1" step="1"/><E113/><REACH who="1" ten="458,180,180,172" step="2"/><V52/><F70/><W77/><G77/><T20/><D86/><U62/><E62/><V10/><F65/><W108/><G108/><T71/><D71/><U92/><E92/><V24/><F78/><W66/><G66/><T101/><D121/><U91/><E91/><V33/><F79/><W68/><G68/><T114/><D120/><U23/><E23/><V90/><F33/><W87/><G27/><AGARI ba="2,1" hai="1,7,8,18,21,27,43,45,50,97,99,124,126,127" machi="27" ten="40,5200,0" yaku="1,1,18,1,53,1" doraHai="112" doraHaiUra="40" who="1" fromWho="3" sc="458,0,180,68,180,0,172,-58" /><INIT seed="1,0,0,0,1,22" ten="458,248,180,114" oya="1" hai0="80,46,4,21,64,58,127,10,129,29,43,124,33" hai1="89,44,19,32,57,126,63,41,116,94,39,125,83" hai2="35,23,76,120,12,50,53,97,92,87,107,31,66" hai3="28,132,5,65,25,135,15,38,34,60,110,88,121"/><U115/><E115/><V102/><F120/><W104/><G104/><T14/><D129/><U95/><E116/><V128/><F128/><W48/><G121/><T117/><D117/><U47/><E32/><V99/><F66/><W30/><G38/><T114/><D114/><U7/><E7/><V11/><F35/><W81/><G48/><T62/><D33/><U56/><E19/><V109/><F109/><W37/><G37/><T69/><D69/><U84/><E44/><V78/><F87/><N who="3" m="50287" /><G30/><T17/><D80/><U3/><E3/><V74/><F74/><W36/><G36/><T90/><D90/><U77/><E94/><V42/><F42/><W13/><G5/><T133/><D29/><U93/><E95/><V131/><F131/><W45/><G45/><T70/><D70/><U96/><REACH who="1" step="1"/><E63/><REACH who="1" ten="458,238,180,114" step="2"/><V26/><F107/><W9/><G110/><T8/><D46/><U54/><E54/><V100/><F100/><W67/><G67/><T122/><D122/><U55/><E55/><V82/><F102/><W101/><G101/><T113/><D113/><U85/><E85/><V119/><F119/><W27/><G60/><T20/><D43/><U6/><E6/><V118/><F118/><W103/><G65/><T2/><D64/><U123/><E123/><V49/><F92/><W68/><G103/><T86/><D86/><U75/><E75/><V134/><F53/><W130/><G68/><T16/><D62/><U72/><E72/><V24/><F99/><W106/><G130/><T79/><D2/><U59/><AGARI ba="0,1" hai="39,41,47,56,57,59,77,83,84,89,93,96,125,126" machi="59" ten="30,3000,0" yaku="1,1,0,1,53,0" doraHai="22" doraHaiUra="51" who="1" fromWho="1" sc="458,-10,238,40,180,-10,114,-10" /><INIT seed="1,1,0,2,1,28" ten="448,278,170,104" oya="1" hai0="80,129,97,135,4,60,51,17,46,73,81,35,1" hai1="124,34,42,23,83,100,66,14,77,38,126,61,53" hai2="8,119,25,58,22,16,74,109,125,7,79,85,29" hai3="43,12,75,134,69,57,104,20,122,37,90,2,89"/><U5/><E100/><V114/><F119/><W68/><G122/><T118/><D1/><U78/><E38/><V128/><F109/><W127/><G2/><T105/><D4/><U102/><E42/><V15/><F128/><W98/><G75/><T70/><D73/><U32/><E102/><V47/><F125/><N who="1" m="48233" /><E53/><V44/><F74/><W71/><G127/><T11/><D105/><U106/><E106/><V108/><F108/><W41/><G134/><T133/><D129/><U112/><E112/><V9/><F114/><W50/><G37/><T82/><D118/><U18/><E5/><V24/><F58/><W26/><G104/><T115/><D115/><U19/><E19/><V64/><F64/><W45/><G43/><T88/><D17/><U59/><E83/><V67/><F67/><W87/><G57/><T39/><D82/><U131/><E131/><V27/><F7/><W132/><G132/><T107/><D81/><U76/><AGARI ba="1,0" hai="14,18,23,32,34,59,61,66,76,77,78" m="48233" machi="76" ten="30,6000,0" yaku="18,1,52,2" doraHai="28" who="1" fromWho="1" sc="448,-21,278,63,170,-21,104,-21" /><INIT seed="1,2,0,5,3,20" ten="427,341,149,83" oya="1" hai0="122,77,132,64,18,13,115,129,68,44,38,113,79" hai1="130,67,88,5,27,93,39,19,85,7,11,123,111" hai2="72,118,95,57,21,51,112,116,25,0,52,6,59" hai3="99,43,75,29,15,106,61,63,76,94,32,81,109"/><U100/><E123/><V103/><F72/><W40/><G109/><T70/><D122/><U10/><E39/><V105/><F105/><W131/><G131/><T14/><D64/><U82/><E130/><V48/><F112/><W69/><G15/><T17/><D129/><U60/><E111/><V90/><F103/><W135/><G135/><T8/><D38/><U133/><E133/><V83/><F83/><W74/><G74/><T104/><D104/><U96/><E27/><V121/><F121/><W101/><G94/><T41/><D44/><U119/><E119/><V97/><F0/><W87/><G87/><T126/><D41/><U89/><E100/><V120/><F6/><N who="1" m="2057" /><E19/><V46/><F120/><W12/><G12/><T102/><D102/><U114/><E114/><V134/><F134/><W53/><G69/><T124/><D132/><U84/><E96/><V2/><F2/><W80/><G29/><T35/><D8/><N who="1" m="3115" /><E60/><V34/><F34/><AGARI ba="2,0" hai="13,14,17,18,34,35,68,70,77,79,113,115,124,126" machi="34" ten="25,1600,0" yaku="22,2" doraHai="20" who="0" fromWho="2" sc="427,22,341,0,149,-22,83,0" /><INIT seed="2,0,0,1,3,86" ten="449,341,127,83" oya="2" hai0="6,7,76,111,30,20,83,19,75,127,27,110,23" hai1="100,54,38,105,90,91,28,5,72,104,26,102,71" hai2="66,78,120,56,132,122,41,74,108,47,112,18,44" hai3="95,98,33,124,117,53,51,35,65,10,80,2,67"/><V40/><F74/><W92/><G117/><T135/><D127/><U93/><E38/><N who="2" m="21527" /><F78/><W73/><G124/><T94/><D135/><U129/><E72/><V31/><F18/><W82/><G73/><T11/><D94/><U43/><E43/><V49/><F31/><W50/><G2/><T89/><D89/><N who="1" m="33803" /><E71/><V123/><F112/><W69/><G10/><T130/><D130/><U59/><E104/><V125/><F125/><W116/><G116/><T113/><D113/><U62/><E105/><V85/><F85/><W14/><G69/><T118/><D118/><U45/><E5/><V107/><F107/><W4/><G4/><T13/><REACH who="0" step="1"/><D7/><REACH who="0" ten="439,341,127,83" step="2"/><U77/><E93/><V58/><F132/><W17/><G95/><T128/><D128/><U79/><E129/><V12/><F122/><W84/><G92/><T22/><D22/><N who="1" m="15447" /><E45/><V60/><F123/><W42/><G35/><T115/><D115/><U97/><E97/><V106/><F106/><W1/><G98/><T70/><D70/><U126/><E126/><V121/><F121/><W8/><G33/><T52/><D52/><U39/><E39/><V55/><F120/><W87/><G53/><T0/><AGARI ba="0,1" hai="0,6,11,13,19,20,23,27,30,75,76,83,110,111" machi="0" ten="30,2000,0" yaku="1,1,0,1,53,0" doraHai="86" doraHaiUra="68" who="0" fromWho="0" sc="439,30,341,-5,127,-10,83,-5" /><INIT seed="3,0,0,2,0,103" ten="469,336,117,78" oya="3" hai0="88,73,4,55,27,99,54,100,108,71,74,58,35" hai1="62,33,105,0,123,60,118,56,111,14,86,44,130" hai2="61,129,116,92,52,120,89,10,38,30,40,119,12" hai3="68,87,9,78,5,48,26,20,17,91,36,81,64"/><W125/><G36/><T96/><D71/><U41/><E0/><V97/><F30/><W19/><G125/><T28/><D4/><U16/><E123/><V104/><F120/><W51/><G68/><T32/><D32/><U25/><E111/><V121/><F121/><W94/><G64/><T42/><D42/><U107/><E86/><V84/><F129/><W83/><G19/><T50/><D108/><U29/><E130/><V7/><F38/><W127/><G83/><T134/><D134/><U80/><E80/><V53/><F40/><W23/><G23/><T132/><D132/><U34/><E34/><V101/><REACH who="2" step="1"/><F61/><REACH who="2" ten="469,336,107,78" step="2"/><W79/><G127/><T66/><D28/><U18/><E62/><V75/><F75/><W2/><REACH who="3" step="1"/><G79/><REACH who="3" ten="469,336,107,68" step="2"/><T133/><D133/><U117/><E118/><AGARI ba="0,2" hai="7,10,12,52,53,84,89,92,97,101,104,116,118,119" machi="118" ten="40,12000,2" yaku="1,1,52,1,54,1,53,3" doraHai="103" doraHaiUra="114" who="2" fromWho="1" sc="469,0,336,-120,107,140,68,0" /><INIT seed="4,0,0,2,3,59" ten="469,216,247,68" oya="0" hai0="89,103,72,91,36,42,133,10,40,83,7,92,75" hai1="90,5,46,129,35,4,14,6,94,99,8,47,82" hai2="119,79,88,121,12,41,16,18,20,54,97,39,63" hai3="45,80,124,62,128,135,30,120,104,37,77,108,70"/><T115/><D115/><U66/><E35/><V65/><F121/><W113/><RYUUKYOKU type="yao9" ba="0,0" sc="469,0,216,0,247,0,68,0" hai3="30,37,45,62,70,77,80,104,108,113,120,124,128,135" /><INIT seed="4,1,0,5,5,130" ten="469,216,247,68" oya="0" hai0="8,121,5,45,56,6,41,49,34,132,82,16,31" hai1="39,28,61,22,24,74,17,85,96,76,118,95,94" hai2="115,14,105,79,60,71,70,26,135,117,122,50,120" hai3="83,18,86,27,25,44,11,62,97,111,10,131,129"/><T90/><D121/><U123/><E118/><V4/><F105/><W58/><G111/><T7/><D34/><U32/><E123/><V13/><F117/><W48/><G97/><T119/><D31/><U23/><E39/><V35/><F115/><W64/><G129/><T101/><D101/><U33/><E74/><V29/><F79/><W3/><G131/><T57/><D119/><U134/><E61/><V66/><F71/><W19/><G3/><T81/><D132/><U116/><E116/><V12/><F4/><W59/><G59/><N who="0" m="22603" /><D90/><U88/><E134/><V67/><F67/><W77/><G19/><T40/><D40/><U89/><REACH who="1" step="1"/><E76/><REACH who="1" ten="469,206,247,68" step="2"/><V65/><F135/><W20/><REACH who="3" step="1"/><G27/><AGARI ba="1,1" hai="17,22,23,24,27,28,32,33,85,88,89,94,95,96" machi="27" ten="30,8000,1" yaku="1,1,2,1,7,1,54,1,53,1" doraHai="130" doraHaiUra="80" who="1" fromWho="3" sc="469,0,206,93,247,0,68,-83" owari="469,57.0,299,10.0,247,-15.0,-15,-52.0" /></mjloggm>