<mjloggm ver="2.3"><GO type="169" lobby="0"/><UN n0="%E5%B1%B1%E6%9C%AC%E6%83%A3%E4%B8%80%E6%9C%97" n1="%E3%83%AC%E3%82%AA%E3%83%B3%E3%83%8F%E3%83%AB%E3%83%88" n2="%E3%81%95%E3%82%86" n3="%4D%6B%72%74%72" dan="17,16,16,16" rate="2145.25,2086.91,2137.90,2135.71" sx="M,M,F,M"/><TAIKYOKU oya="0"/><INIT seed="0,0,0,2,0,85" ten="250,250,250,250" oya="0" hai0="14,112,24,121,38,41,113,34,51,80,56,63,4" hai1="108,96,62,123,133,22,84,77,65,98,5,91,109" hai2="23,46,53,92,67,68,93,125,82,10,25,31,45" hai3="73,28,114,57,52,11,97,70,7,83,37,60,94"/><T64/><D121/><U106/><E123/><V107/><F107/><W30/><G114/><T69/><D34/><U111/><E133/><V131/><F131/><W129/><G37/><T104/><D104/><U134/><E134/><V76/><F125/><W87/><G73/><T81/><D24/><U21/><E5/><V40/><F53/><W47/><G47/><N who="0" m="23991" /><D14/><U54/><E54/><V90/><F93/><W29/><G70/><T1/><D4/><U13/><E77/><V42/><F67/><W59/><G59/><T110/><D1/><U2/><E2/><V0/><F68/><W122/><G129/><T43/><D110/><U119/><E119/><V95/><F10/><W100/><G122/><T130/><D130/><U15/><E13/><V79/><F95/><W115/><G115/><N who="0" m="44107" /><D43/><N who="2" m="16426" /><F82/><W18/><G18/><T12/><D12/><U105/><E105/><V103/><F103/><W126/><G11/><T6/><D6/><U44/><E15/><V20/><F20/><N who="1" m="7785" /><E106/><V71/><F71/><W72/><G7/><T116/><D116/><U102/><E102/><V61/><F0/><W32/><G32/><T132/><D132/><U75/><E75/><V66/><F79/><W128/><G128/><T39/><D39/><U49/><E98/><N who="2" m="57623" /><F76/><W3/><G72/><T88/><D88/><U33/><E96/><V99/><F99/><W117/><G3/><T26/><D26/><U86/><E33/><V135/><F135/><W17/><G117/><T50/><D69/><N who="1" m="42167" /><E91/><V35/><F35/><W8/><G100/><T118/><D118/><U9/><E9/><V19/><F31/><RYUUKYOKU ba="0,0" sc="250,10,250,10,250,10,250,-30" hai0="50,51,56,63,64,80,81" hai1="44,49,84,86,108,109,111" hai2="19,23,25,45,46,61,66" /><INIT seed="0,1,0,0,5,54" ten="260,260,260,220" oya="0" hai0="6,47,123,118,100,131,19,84,86,37,68,125,76" hai1="57,43,67,50,122,33,12,53,99,127,5,120,36" hai2="89,72,10,80,20,60,134,45,77,132,38,66,74" hai3="88,126,116,11,1,42,78,110,111,106,22,17,94"/><T3/><D118/><U135/><E33/><V56/><F10/><W26/><G116/><T34/><D123/><U62/><E135/><N who="2" m="51755" /><F20/><W121/><G106/><T35/><D68/><U113/><E127/><V104/><F104/><W23/><G126/><T92/><D125/><U124/><E113/><V29/><F29/><W28/><G121/><T119/><D119/><U85/><E124/><V31/><F31/><W128/><G128/><T91/><D100/><U59/><E43/><N who="2" m="22775" /><F89/><W4/><G42/><T112/><D131/><U49/><E49/><V24/><F24/><W44/><G44/><T87/><D19/><U32/><E36/><V115/><F115/><W93/><G78/><T82/><D87/><AGARI ba="1,0" hai="56,60,66,72,74,77,80,87" m="22775,51755" machi="87" ten="30,2000,0" yaku="20,1,52,1" doraHai="54" who="2" fromWho="0" sc="260,-23,260,0,260,23,220,0" /><INIT seed="1,0,0,1,4,104" ten="237,260,283,220" oya="1" hai0="133,72,80,84,87,35,24,108,76,13,54,27,107" hai1="101,6,82,117,48,105,85,40,65,90,118,10,57" hai2="58,2,15,18,22,75,99,52,91,34,55,135,26" hai3="62,25,42,36,130,30,127,115,44,53,132,88,45"/><U95/><E105/><V19/><F135/><W113/><G132/><T112/><D112/><U122/><E122/><V0/><F75/><W111/><G111/><T28/><D108/><U125/><E125/><V134/><F134/><W94/><G127/><T61/><D107/><U96/><E65/><V69/><F69/><W32/><G130/><T102/><D102/><U131/><E131/><V103/><F55/><W14/><G14/><T126/><D126/><U123/><E123/><V7/><F7/><W1/><G1/><T86/><D133/><U31/><E31/><V39/><F39/><W49/><REACH who="3" step="1"/><G62/><REACH who="3" ten="237,260,283,210" step="2"/><T9/><D24/><U73/><E118/><V89/><F0/><W97/><AGARI ba="0,1" hai="25,30,32,36,42,44,45,49,53,88,94,97,113,115" machi="97" ten="20,8000,1" yaku="1,1,2,1,0,1,7,1,54,1,53,0" doraHai="104" doraHaiUra="78" who="3" fromWho="3" sc="237,-20,260,-40,283,-20,210,90" /><INIT seed="2,0,0,3,4,101" ten="217,220,263,300" oya="2" hai0="21,11,62,97,85,81,29,65,56,19,126,96,64" hai1="107,45,99,30,106,42,135,132,50,23,1,122,67" hai2="15,93,39,54,49,24,57,100,98,37,88,52,69" hai3="110,105,14,61,133,116,83,31,18,6,46,89,4"/><V77/><F69/><W68/><G116/><T111/><D111/><U58/><E1/><V130/><F130/><W35/><G110/><T20/><D126/><U71/><E99/><V87/><F77/><W118/><G118/><T7/><D65/><U131/><E71/><V70/><F70/><W13/><G133/><N who="1" m="51274" /><E131/><V59/><F15/><W25/><G13/><T16/><D29/><U5/><E5/><V82/><F24/><W95/><G83/><T113/><D113/><U32/><E32/><V41/><F41/><W75/><G75/><T73/><D73/><U48/><E122/><V79/><F79/><W123/><G123/><T102/><D20/><U125/><E125/><V17/><F17/><W0/><G0/><T78/><D21/><U117/><E117/><V9/><F9/><W12/><G12/><T76/><D76/><U22/><E48/><AGARI ba="0,0" hai="37,39,48,49,52,54,57,59,82,87,88,93,98,100" machi="48" ten="30,11600,0" yaku="7,1,9,1,54,2" doraHai="101" who="2" fromWho="1" sc="217,0,220,-116,263,116,300,0" /><INIT seed="2,1,0,1,3,12" ten="217,104,379,300" oya="2" hai0="130,125,117,113,74,66,11,93,78,45,123,76,67" hai1="57,26,106,95,48,90,32,70,97,79,131,42,92" hai2="82,3,128,83,55,91,7,115,44,121,98,84,2" hai3="87,127,85,13,49,119,28,100,0,14,88,6,1"/><V105/><F115/><W109/><G119/><T108/><D45/><U17/><E70/><V104/><F121/><W10/><G109/><T75/><D11/><U60/><E131/><V9/><F128/><W65/><G127/><T122/><D130/><U107/><E79/><V61/><F2/><W80/><G100/><T101/><D101/><U24/><E92/><V99/><F99/><W103/><G103/><T62/><D62/><U112/><E112/><V53/><F53/><W15/><G65/><T30/><D30/><U51/><E32/><V5/><F5/><W96/><G96/><T134/><D108/><U133/><E133/><V129/><F129/><W111/><G111/><T39/><D113/><U63/><E63/><V16/><F98/><W135/><G135/><T126/><D39/><U116/><E116/><V46/><F46/><W86/><G1/><T41/><D134/><U72/><E72/><V50/><F83/><W38/><G38/><T56/><D56/><U33/><E33/><V94/><F94/><W34/><REACH who="3" step="1"/><G49/><REACH who="3" ten="217,104,379,290" step="2"/><T54/><D117/><U21/><E51/><V69/><F61/><W68/><G68/><T36/><D36/><U27/><E107/><V59/><F69/><W110/><G110/><T18/><D125/><U120/><E106/><V64/><F105/><W29/><G29/><T124/><D126/><U35/><E120/><V73/><F104/><W132/><G132/><T37/><D124/><U19/><E48/><N who="2" m="31207" /><F64/><N who="0" m="24618" /><D123/><U118/><E118/><V20/><F3/><W31/><G31/><T102/><D122/><U81/><E60/><V52/><F50/><RYUUKYOKU ba="1,1" sc="217,-10,104,-10,379,-10,290,30" hai3="0,6,10,13,14,15,28,34,80,85,86,87,88" /><INIT seed="3,2,1,4,2,116" ten="207,94,369,320" oya="3" hai0="47,60,59,49,101,20,31,2,133,122,78,96,123" hai1="100,33,54,6,129,128,90,32,50,5,132,131,91" hai2="95,126,17,15,9,8,79,38,41,19,14,28,34" hai3="118,83,120,53,7,82,37,64,76,29,113,86,46"/><W68/><G118/><T10/><D78/><U124/><E100/><V67/><F67/><W1/><G113/><T73/><D73/><U58/><E124/><V27/><F79/><W55/><G29/><T12/><D2/><U22/><E132/><V112/><F41/><W107/><G107/><T51/><D51/><U105/><E105/><V89/><F38/><W16/><G68/><T24/><D133/><U45/><E22/><V70/><F70/><W102/><G64/><T39/><D39/><U84/><E90/><V94/><F126/><W69/><G69/><T87/><D87/><U93/><REACH who="1" step="1"/><E45/><REACH who="1" ten="207,84,369,320" step="2"/><V104/><F104/><W0/><G102/><T26/><D47/><U57/><E57/><V130/><F89/><W71/><G46/><T40/><D40/><U42/><E42/><V134/><F134/><W103/><G103/><T98/><D101/><U80/><E80/><V119/><F119/><W81/><G83/><T109/><D59/><U121/><E121/><V13/><F95/><W85/><G81/><T115/><D20/><U23/><E23/><V63/><F94/><W4/><G82/><T110/><D122/><U72/><E72/><V36/><F34/><AGARI ba="2,2" hai="5,6,32,33,34,50,54,58,84,91,93,128,129,131" machi="34" ten="50,3200,0" yaku="1,1,19,1,53,0" doraHai="116" doraHaiUra="92" who="1" fromWho="2" sc="207,0,84,58,369,-38,320,0" /><INIT seed="4,0,0,5,5,112" ten="207,142,331,320" oya="0" hai0="78,113,101,125,95,13,27,132,24,10,49,111,93" hai1="19,33,110,73,11,60,107,127,100,96,76,98,59" hai2="21,36,126,90,114,38,8,30,116,15,92,102,51" hai3="115,77,82,34,68,85,87,0,4,39,117,104,7"/><T58/><D113/><U134/><E110/><V66/><F114/><W103/><G115/><T41/><D125/><U81/><E33/><V121/><F121/><W118/><G34/><T67/><D132/><U32/><E32/><V16/><F102/><W29/><G29/><T18/><D78/><U6/><E127/><V63/><F126/><W9/><G68/><T31/><D111/><U46/><E134/><V17/><F30/><W44/><G4/><T124/><D124/><U72/><E96/><V69/><F51/><W62/><G62/><T123/><D123/><U75/><E46/><V47/><F47/><W3/><G3/><T56/><D31/><U79/><E19/><V122/><F116/><W65/><G65/><T131/><D131/><U71/><E71/><V48/><F48/><W35/><G35/><T120/><D120/><U108/><E76/><V128/><F128/><W57/><G57/><N who="0" m="22123" /><D67/><U61/><E108/><V105/><F105/><W52/><G85/><T40/><D101/><U106/><E106/><V74/><F74/><W5/><G5/><T109/><D109/><U55/><REACH who="1" step="1"/><E61/><REACH who="1" ten="207,132,331,320" step="2"/><V42/><F122/><W130/><G130/><T22/><D40/><U84/><E84/><V14/><F42/><W20/><G104/><T89/><D41/><U119/><E119/><V129/><F129/><W45/><G117/><T43/><D43/><U28/><E28/><V91/><F38/><W135/><G118/><T70/><D70/><U97/><E97/><N who="2" m="57495" /><F36/><W12/><G135/><T53/><D18/><U26/><E26/><V2/><F17/><W80/><G39/><RYUUKYOKU ba="0,1" sc="207,-10,132,30,331,-10,320,-10" hai1="6,11,55,59,60,72,73,75,79,81,98,100,107" /><INIT seed="5,1,1,1,5,108" ten="197,162,321,310" oya="1" hai0="20,7,8,58,86,30,105,39,97,92,54,1,50" hai1="98,135,33,63,125,91,57,99,43,115,62,112,134" hai2="56,53,65,64,16,23,83,95,24,75,116,3,132" hai3="104,49,77,46,114,48,102,22,130,106,26,103,9"/><U29/><E125/><V94/><F116/><W120/><G120/><T96/><D39/><U109/><E109/><V36/><F36/><W4/><G130/><T35/><D35/><U67/><E43/><V10/><F132/><N who="1" m="50729" /><E29/><V52/><F53/><W12/><G77/><T124/><D124/><U69/><E33/><V28/><F83/><W15/><G15/><T70/><D70/><U51/><E51/><N who="2" m="30751" /><F3/><W84/><G84/><T55/><D105/><U110/><E110/><V13/><F75/><W42/><G114/><N who="1" m="43562" /><E91/><V79/><F79/><W34/><G34/><T117/><D117/><U44/><E44/><V0/><F0/><W2/><G2/><T61/><D30/><U89/><E89/><V47/><F47/><N who="3" m="25719" /><G106/><T40/><D40/><U122/><E122/><V113/><F113/><W32/><G32/><T128/><D50/><U87/><E87/><V31/><F28/><N who="3" m="17495" /><G104/><T129/><D86/><U72/><E72/><V68/><F68/><W5/><G102/><T85/><D85/><U59/><E69/><V100/><F100/><W123/><G103/><T131/><D131/><U6/><E6/><V126/><F126/><W17/><G123/><T11/><D129/><U119/><E119/><V133/><F133/><W21/><G46/><T60/><D7/><N who="3" m="2633" /><G49/><T118/><D128/><U41/><E41/><V25/><F31/><W82/><G82/><T88/><D88/><U71/><E71/><V107/><F107/><W111/><G111/><T127/><D118/><U38/><E38/><V73/><F73/><W93/><G93/><T90/><D92/><U80/><E80/><RYUUKYOKU ba="1,1" sc="197,-15,162,15,321,-15,310,15" hai1="57,59,62,63,67,98,99" hai3="9,12,17,21" /><INIT seed="5,2,1,3,0,47" ten="182,177,306,325" oya="1" hai0="25,73,15,75,66,94,107,79,109,51,84,40,86" hai1="96,26,130,61,28,38,112,3,17,27,100,65,99" hai2="133,80,111,59,127,55,41,22,120,117,97,57,10" hai3="58,9,14,43,105,45,85,1,50,36,8,0,29"/><U63/><E112/><V35/><F35/><W125/><G105/><T19/><D107/><U116/><E116/><V64/><F111/><W12/><G125/><T18/><D66/><U98/><E130/><V70/><F70/><W131/><G131/><T113/><D113/><U126/><E126/><V91/><F117/><W74/><G74/><T49/><D109/><U62/><E38/><V20/><F120/><W124/><G124/><T129/><D129/><U53/><E3/><V30/><F41/><W114/><G114/><T134/><D134/><U52/><E65/><V67/><F10/><W103/><G103/><T81/><D40/><U37/><E37/><V78/><F57/><W92/><G29/><T46/><D46/><U88/><E100/><V21/><F30/><W60/><G36/><T89/><D75/><U68/><E68/><V7/><F7/><W132/><G132/><T77/><D73/><U118/><E118/><V90/><F133/><W115/><G115/><T76/><D25/><U54/><E17/><N who="0" m="6153" /><D15/><N who="3" m="5673" /><G1/><T93/><D93/><N who="1" m="56359" /><E28/><V16/><F16/><W13/><G13/><T128/><D128/><U31/><E31/><V33/><F33/><W108/><G0/><T11/><D11/><U106/><E106/><V122/><F122/><W2/><G2/><T102/><D102/><U24/><AGARI ba="2,1" hai="24,26,27,52,53,54,61,62,63,98,99" m="56359" machi="24" ten="40,12000,1" yaku="29,2,8,1,54,2" doraHai="47" who="1" fromWho="1" sc="182,-42,177,136,306,-42,325,-42" /><INIT seed="5,3,0,2,2,107" ten="140,313,264,283" oya="1" hai0="12,119,83,84,101,104,45,55,39,15,126,14,95" hai1="43,7,87,128,64,94,1,51,91,37,13,112,90" hai2="117,40,26,31,70,52,133,127,4,34,54,48,27" hai3="134,115,21,88,41,79,74,131,96,9,30,73,50"/><U106/><E106/><V62/><F117/><W63/><G115/><T100/><D119/><U69/><E112/><V80/><F127/><W68/><G131/><T108/><D108/><U120/><E120/><V59/><F133/><W114/><G114/><T118/><D118/><U99/><E1/><V11/><F40/><W98/><G134/><T32/><D32/><U33/><E37/><V38/><F38/><W111/><G111/><T0/><D0/><U105/><E33/><V76/><F27/><W125/><G125/><T85/><D126/><U110/><E105/><V22/><F70/><W89/><G9/><T67/><D67/><U58/><E69/><V122/><F122/><W25/><G63/><T8/><D104/><U17/><E7/><V129/><F129/><W24/><G68/><T77/><D85/><U46/><E128/><V6/><F11/><W35/><G41/><T56/><D39/><U29/><E29/><V23/><F4/><W135/><G50/><T93/><D45/><U3/><E3/><V82/><F82/><W60/><G60/><T65/><D65/><U109/><E58/><V75/><F6/><W20/><G135/><T44/><D44/><AGARI ba="3,0" hai="22,23,26,31,34,44,48,52,54,59,62,75,76,80" machi="44" ten="30,3900,0" yaku="7,1,52,1,54,1" doraHai="107" who="2" fromWho="0" sc="140,-48,313,0,264,48,283,0" /><INIT seed="6,0,0,4,1,5" ten="92,313,312,283" oya="2" hai0="73,93,62,56,48,91,99,89,126,41,19,82,65" hai1="117,102,105,28,20,67,106,1,113,129,128,61,0" hai2="36,10,121,38,120,131,97,57,80,71,77,119,3" hai3="21,6,15,75,92,39,55,40,103,84,9,51,123"/><V78/><F71/><W2/><G75/><T86/><D126/><U115/><E117/><V111/><F119/><W12/><G123/><T112/><D112/><N who="1" m="43083" /><E28/><V7/><F131/><N who="1" m="50249" /><E20/><V133/><F133/><W45/><G21/><T44/><D73/><U127/><E127/><V22/><F78/><W64/><G64/><T35/><D35/><U43/><E43/><V30/><F111/><W79/><G103/><T100/><REACH who="0" step="1"/><D19/><REACH who="0" ten="82,313,312,283" step="2"/><U31/><E31/><V88/><F30/><W83/><REACH who="3" step="1"/><G92/><REACH who="3" ten="82,313,312,273" step="2"/><T85/><D85/><U107/><E102/><AGARI ba="0,2" hai="41,44,48,56,62,65,82,86,89,91,93,99,100,102" machi="102" ten="40,2600,0" yaku="1,1,8,1,53,0" doraHai="5" doraHaiUra="33" who="0" fromWho="1" sc="82,46,313,-26,312,0,273,0" /><INIT seed="7,0,0,0,5,19" ten="128,287,312,273" oya="3" hai0="86,56,117,0,58,130,29,133,20,104,134,34,74" hai1="69,118,126,123,128,80,68,17,71,36,98,75,31" hai2="103,46,92,47,55,87,97,107,76,60,83,121,32" hai3="135,37,43,70,114,62,77,22,84,38,49,129,108"/><W106/><G106/><T5/><D74/><U78/><E123/><V13/><F32/><W59/><G114/><T115/><D104/><U25/><E128/><V57/><F121/><W30/><G129/><T11/><D130/><U28/><E126/><V116/><F116/><W52/><G135/><T33/><D86/><U131/><E131/><V81/><F107/><W23/><G108/><T66/><D66/><U94/><E36/><V88/><F13/><W113/><G113/><T26/><D115/><U99/><E99/><V3/><F3/><W48/><G38/><T2/><D58/><U89/><E118/><V122/><F122/><W109/><G109/><T101/><D56/><U41/><E41/><V51/><F60/><W90/><G77/><T53/><D53/><U16/><REACH who="1" step="1"/><E31/><REACH who="1" ten="128,277,312,273" step="2"/><V10/><F10/><W45/><G30/><T65/><D117/><U21/><AGARI ba="0,1" hai="16,17,21,25,28,68,69,71,75,78,80,89,94,98" machi="21" ten="30,12000,2" yaku="1,1,2,1,0,1,52,1,54,1,53,1" doraHai="19" doraHaiUra="18" who="1" fromWho="1" sc="128,-30,277,130,312,-30,273,-60" owari="98,-40.0,407,51.0,282,8.0,213,-19.0" /></mjloggm>