<mjloggm ver="2.3"><GO type="169" lobby="0"/><UN n0="%6F%75%74%E7%A5%AD%E3%82%8A" n1="%73%79%61%6D%6F" n2="%6E%69%73%69%35%30%32%38" n3="%E3%83%88%E3%83%B3%E3%83%8D%E3%83%AB%E5%A4%A9%E5%9B%BD" dan="16,16,17,17" rate="2164.13,2149.99,2127.21,2174.66" sx="M,M,M,M"/><TAIKYOKU oya="0"/><INIT seed="0,0,0,5,5,92" ten="250,250,250,250" oya="0" hai0="25,109,38,48,87,33,116,97,61,78,37,64,81" hai1="69,83,60,103,17,71,129,100,35,124,21,9,0" hai2="53,49,82,19,23,133,119,8,18,80,43,76,34" hai3="56,90,51,122,30,89,45,106,118,114,11,41,85"/><T70/><D116/><U93/><E35/><V57/><F34/><W3/><G118/><T99/><D109/><U68/><E124/><V134/><F119/><W130/><G114/><T113/><D113/><U15/><E129/><V127/><F127/><W2/><G130/><T132/><D132/><U110/><E110/><V73/><F43/><W40/><G106/><T84/><D84/><U107/><E107/><V111/><F111/><W63/><G41/><T117/><D48/><U42/><E42/><V26/><F80/><W102/><G102/><T7/><D7/><U54/><E83/><V126/><F126/><W123/><G30/><T112/><D112/><U88/><E0/><N who="3" m="42" /><G11/><T94/><D117/><U72/><E72/><V74/><F74/><W46/><G46/><T101/><REACH who="0" step="1"/><D99/><REACH who="0" ten="240,250,250,250" step="2"/><U4/><E4/><V12/><AGARI ba="0,1" hai="8,12,18,19,23,26,49,53,57,73,76,82,133,134" machi="12" ten="30,1100,0" yaku="0,1" doraHai="92" who="2" fromWho="2" sc="240,-5,250,-3,250,21,250,-3" /><INIT seed="1,0,0,3,5,41" ten="235,247,271,247" oya="1" hai0="53,70,57,35,0,5,56,65,92,33,124,52,4" hai1="1,22,134,10,99,75,91,63,69,123,119,55,43" hai2="23,12,118,78,112,30,28,36,103,19,82,96,98" hai3="108,89,39,14,45,47,126,76,66,68,121,81,60"/><U115/><E115/><V127/><F118/><W15/><G121/><T24/><D70/><U97/><E75/><V48/><F36/><W104/><G104/><T114/><D114/><U46/><E119/><V88/><F112/><W71/><G71/><T20/><D65/><U67/><E123/><V116/><F116/><W74/><G108/><T85/><D124/><U9/><E134/><V58/><F127/><W62/><G126/><T32/><D92/><U27/><E55/><N who="2" m="32103" /><F78/><W6/><G39/><T86/><D0/><U135/><E135/><V79/><F79/><W11/><G62/><T111/><D111/><U95/><E99/><N who="2" m="37931" /><F103/><W90/><REACH who="3" step="1"/><G14/><REACH who="3" ten="235,247,271,237" step="2"/><T8/><D33/><U133/><E133/><V122/><F122/><W38/><G38/><T18/><D35/><U130/><E130/><V77/><F77/><W61/><G61/><T109/><D32/><U50/><REACH who="1" step="1"/><E1/><REACH who="1" ten="235,237,271,237" step="2"/><V51/><F51/><W13/><G13/><T101/><D109/><U117/><E117/><V2/><F2/><W73/><G73/><T131/><D131/><U80/><E80/><V110/><F110/><W129/><G129/><T7/><D101/><U25/><E25/><V94/><F82/><W26/><G26/><T31/><D24/><U49/><E49/><V113/><F113/><W107/><G107/><T37/><D37/><U93/><E93/><V87/><AGARI ba="0,2" hai="12,19,23,28,30,87,88,94" m="37931,32103" machi="87" ten="30,4000,0" yaku="25,1,8,1,54,1" doraHai="41" who="2" fromWho="2" sc="235,-10,237,-20,271,60,237,-10" /><INIT seed="2,0,0,4,2,68" ten="225,217,331,227" oya="2" hai0="77,73,45,29,120,76,18,63,54,100,22,128,123" hai1="108,114,57,99,38,127,32,58,20,3,126,5,12" hai2="30,135,107,93,64,60,4,88,14,85,116,66,62" hai3="43,109,104,11,87,42,40,9,15,82,17,48,74"/><V16/><F116/><W90/><G109/><T35/><D100/><U134/><E108/><V105/><F30/><W26/><G104/><T89/><D128/><U69/><E69/><V92/><F4/><W97/><G74/><T129/><D129/><U132/><E32/><V130/><F130/><W133/><G133/><N who="1" m="51306" /><E114/><V21/><F135/><W106/><G26/><T28/><D35/><U111/><E111/><V121/><F121/><W112/><G112/><T24/><D123/><U101/><E38/><V53/><F53/><W124/><G124/><N who="1" m="47658" /><E3/><V7/><F7/><W46/><REACH who="3" step="1"/><G11/><REACH who="3" ten="225,217,331,217" step="2"/><T52/><D120/><U71/><E71/><V33/><F107/><W51/><G51/><T27/><D27/><U115/><E115/><V44/><F105/><W110/><G110/><T131/><D24/><U67/><E20/><V81/><F33/><W41/><G41/><T113/><D22/><U56/><E67/><N who="2" m="25643" /><F44/><W23/><G23/><T118/><D45/><U25/><E25/><V19/><F19/><W50/><G50/><T80/><D18/><U1/><E58/><V102/><F102/><AGARI ba="0,1" hai="9,15,17,40,42,43,46,48,82,87,90,97,102,106" machi="102" ten="40,2600,0" yaku="1,1,53,1" doraHai="68" doraHaiUra="84" who="3" fromWho="2" sc="225,0,217,0,331,-26,217,36" /><INIT seed="3,0,0,0,1,103" ten="225,217,305,253" oya="3" hai0="106,19,98,105,96,11,60,48,38,115,112,32,8" hai1="33,49,65,37,94,88,99,61,53,87,131,56,77" hai2="27,119,68,57,135,20,21,125,97,47,4,29,0" hai3="118,1,46,5,24,95,39,14,123,110,63,108,30"/><W52/><G118/><T10/><D38/><U101/><E33/><V117/><F68/><W50/><G123/><T18/><D32/><U3/><E3/><V122/><F47/><W85/><G1/><T133/><D48/><U25/><E37/><V2/><F57/><W7/><G39/><T91/><D60/><U64/><E131/><V74/><F74/><W12/><G63/><T51/><D51/><U121/><E121/><V6/><F97/><N who="0" m="37482" /><D91/><U128/><E128/><V116/><F122/><W36/><G36/><T86/><D86/><U59/><E77/><V71/><F71/><W114/><G114/><N who="0" m="43563" /><D133/><U45/><E25/><N who="2" m="16551" /><F135/><W23/><G85/><T35/><D35/><U44/><REACH who="1" step="1"/><E65/><REACH who="1" ten="225,207,305,253" step="2"/><V93/><F0/><W26/><G24/><T107/><AGARI ba="0,1" hai="8,10,11,18,19,105,106,107" m="43563,37482" machi="107" ten="40,12000,2" yaku="28,2,11,1,52,3" doraHai="103" who="0" fromWho="0" sc="225,130,207,-30,305,-30,253,-60" /><INIT seed="4,0,0,0,1,102" ten="355,177,275,193" oya="0" hai0="112,73,1,6,81,46,98,62,133,78,76,101,107" hai1="67,99,44,126,105,69,113,7,0,109,39,89,18" hai2="64,20,31,35,5,121,33,87,59,58,66,86,111" hai3="51,60,75,32,135,94,28,61,19,79,122,56,132"/><T127/><D112/><U27/><E109/><V41/><F111/><W43/><G122/><T24/><D76/><U38/><E126/><V71/><F5/><W88/><G32/><T49/><D127/><U96/><E113/><V130/><F41/><W37/><G28/><T14/><D133/><N who="3" m="51273" /><G19/><T52/><D1/><U125/><E125/><V83/><F20/><W115/><G37/><T63/><REACH who="0" step="1"/><D24/><REACH who="0" ten="345,177,275,193" step="2"/><U124/><E27/><V82/><F121/><W110/><G115/><T25/><D25/><U8/><E124/><V68/><REACH who="2" step="1"/><F31/><REACH who="2" ten="345,177,265,193" step="2"/><W21/><G110/><T95/><D95/><U129/><E0/><V16/><F16/><W17/><G94/><T92/><D92/><U100/><E18/><V13/><F13/><W15/><G15/><T50/><D50/><U117/><E7/><V103/><F103/><W116/><G51/><T53/><D53/><U45/><E38/><V97/><F97/><W77/><G17/><T74/><D74/><U118/><E39/><V72/><F72/><W9/><G75/><T134/><D134/><U120/><E96/><V12/><F12/><W30/><G30/><T65/><D65/><U54/><E67/><V106/><F106/><W119/><G119/><T3/><D3/><U123/><E123/><V29/><F29/><W128/><G116/><T85/><D85/><U4/><E120/><V34/><F34/><W55/><G55/><T91/><D91/><U26/><E118/><V84/><F84/><W131/><G88/><T10/><AGARI ba="0,2" hai="6,10,14,46,49,52,62,63,73,78,81,98,101,107" machi="10" ten="30,11700,0" yaku="1,1,0,1,52,1,54,1,53,0" doraHai="102" doraHaiUra="70" who="0" fromWho="0" sc="345,137,177,-39,265,-39,193,-39" /><INIT seed="4,1,0,3,1,3" ten="482,138,226,154" oya="0" hai0="90,5,124,16,127,133,131,39,108,99,95,41,66" hai1="105,54,4,119,87,64,68,60,71,33,135,104,112" hai2="7,37,59,101,97,40,74,15,10,35,115,78,47" hai3="111,9,49,70,77,17,76,32,75,126,45,98,24"/><T28/><D131/><U42/><E119/><V22/><F35/><W6/><G111/><T86/><D133/><U132/><E33/><V134/><F134/><N who="1" m="51241" /><E42/><V120/><F120/><W113/><G70/><T36/><D28/><U8/><E71/><V109/><F109/><W34/><G113/><T129/><D66/><U67/><E112/><V57/><F22/><W123/><G126/><T88/><D129/><U125/><E125/><V23/><F23/><W25/><G123/><T69/><D69/><U46/><E67/><V91/><F91/><W27/><G17/><T116/><D90/><U31/><E31/><V2/><F15/><W0/><G98/><T38/><D16/><U26/><E26/><V72/><F115/><W122/><G122/><T107/><D41/><U117/><E117/><V94/><REACH who="2" step="1"/><F72/><REACH who="2" ten="482,138,216,154" step="2"/><W21/><G75/><T82/><D108/><U110/><E110/><V89/><F89/><W93/><G21/><T85/><D116/><U12/><E87/><V52/><F52/><N who="3" m="29743" /><G32/><T103/><D127/><U100/><E100/><V62/><F62/><W55/><G55/><T19/><D124/><U1/><E12/><V48/><F48/><AGARI ba="1,1" hai="1,4,8,46,48,54,60,64,68,104,105" m="51241" machi="48" ten="30,2000,0" yaku="20,1,52,1" doraHai="3" who="1" fromWho="2" sc="482,0,138,33,216,-23,154,0" /><INIT seed="5,0,0,5,4,104" ten="482,171,193,154" oya="1" hai0="100,134,101,15,92,60,124,95,75,18,118,56,39" hai1="108,47,71,44,117,16,34,114,5,32,105,103,72" hai2="68,49,7,13,126,74,10,132,88,73,25,82,84" hai3="133,0,79,125,97,80,67,91,65,20,4,58,85"/><U17/><E117/><V99/><F68/><W69/><G133/><T52/><D75/><U135/><E71/><V64/><F64/><W6/><G125/><T130/><D39/><U37/><E135/><V131/><F132/><W35/><G35/><T96/><D118/><U12/><E114/><V59/><F126/><W81/><G69/><T116/><D134/><U1/><E108/><V41/><F131/><W102/><G20/><T107/><D116/><U94/><E105/><V30/><F99/><W90/><G90/><T50/><D124/><U109/><E109/><V54/><F41/><W51/><G51/><T128/><D60/><U110/><E110/><V31/><F31/><W26/><G26/><T48/><D48/><U93/><E72/><V45/><F59/><W62/><G65/><T83/><D83/><U66/><E66/><V78/><F78/><W127/><G0/><T19/><D19/><U106/><E106/><V3/><F3/><W11/><G11/><N who="0" m="6527" /><D101/><U43/><E47/><V9/><F9/><W112/><G112/><T129/><AGARI ba="0,0" hai="50,52,56,92,95,96,100,107,128,129,130" m="6527" machi="129" ten="30,2000,0" yaku="19,1,54,1" doraHai="104" who="0" fromWho="0" sc="482,20,171,-10,193,-5,154,-5" /><INIT seed="6,0,0,2,5,53" ten="502,161,188,149" oya="2" hai0="90,59,41,46,70,23,93,95,78,4,58,115,102" hai1="108,109,79,100,7,10,16,97,111,38,13,31,51" hai2="68,117,135,45,85,63,131,37,122,129,28,43,15" hai3="35,55,39,12,6,1,107,133,42,32,119,18,34"/><V84/><F117/><W86/><G119/><T50/><D70/><U66/><E38/><V30/><F122/><W5/><G107/><T9/><D115/><U80/><E31/><N who="2" m="11819" /><F15/><W92/><G133/><T19/><D78/><U71/><E51/><V120/><F120/><W74/><G74/><T82/><D82/><U48/><E48/><V113/><F113/><W88/><G1/><T73/><D73/><U104/><E66/><N who="2" m="41055" /><F135/><W27/><G27/><T105/><D105/><U60/><E71/><V99/><F99/><W110/><G110/><T11/><D102/><U54/><E7/><V69/><F69/><W77/><G77/><T61/><D61/><U101/><E100/><V91/><F91/><W36/><G55/><T21/><D95/><U25/><E25/><V114/><F114/><W126/><G126/><T94/><D93/><U75/><E54/><V89/><F89/><W67/><G67/><T62/><D62/><U124/><REACH who="1" step="1"/><E60/><REACH who="1" ten="502,151,188,149" step="2"/><V128/><AGARI ba="0,1" hai="37,43,45,84,85,128,129,131" m="41055,11819" machi="128" ten="40,2100,0" yaku="19,1" doraHai="53" who="2" fromWho="2" sc="502,-7,151,-7,188,31,149,-7" /><INIT seed="6,1,0,5,0,105" ten="495,144,219,142" oya="2" hai0="83,1,107,103,112,33,56,77,125,86,47,58,90" hai1="48,84,72,19,37,120,15,78,123,41,66,102,46" hai2="111,135,99,94,85,131,35,134,32,43,63,79,9" hai3="71,92,118,18,114,122,40,25,67,106,62,22,132"/><V115/><F115/><W88/><G118/><T8/><D112/><U121/><E102/><V20/><F131/><W4/><G122/><T57/><D33/><U89/><E66/><V14/><F43/><W65/><G132/><N who="2" m="50729" /><F20/><W69/><G114/><T119/><D47/><U117/><E117/><V59/><F85/><W95/><G106/><T126/><D8/><N who="1" m="6631" /><E78/><V24/><F79/><W12/><G40/><T100/><D1/><U21/><E21/><V6/><F24/><W42/><G42/><T108/><D119/><U23/><E23/><V130/><F130/><W55/><G55/><T61/><D61/><U30/><E30/><V27/><F27/><W5/><G95/><T133/><D83/><N who="1" m="49311" /><E72/><V17/><F17/><W128/><G128/><T82/><D107/><U98/><E98/><V104/><F104/><W109/><G109/><T64/><D108/><U26/><E26/><V38/><F38/><AGARI ba="1,0" hai="37,38,41,46,48,120,121,123" m="49311,6631" machi="38" ten="30,1000,0" yaku="13,1" doraHai="105" who="1" fromWho="2" sc="495,0,144,13,219,-13,142,0" /><INIT seed="7,0,0,2,1,71" ten="495,157,206,142" oya="3" hai0="73,134,95,119,22,72,117,120,56,76,126,59,32" hai1="86,63,127,48,64,24,9,91,27,90,133,4,70" hai2="111,21,112,66,46,132,26,113,8,108,78,28,17" hai3="51,84,61,11,34,0,109,67,94,99,37,54,75"/><W123/><G123/><T13/><D120/><U125/><E133/><V38/><F66/><W42/><G75/><T7/><D32/><U68/><E48/><V14/><F78/><W131/><G34/><T110/><D95/><U135/><E70/><V106/><F106/><W30/><G131/><T104/><D104/><U55/><E55/><V29/><F132/><W121/><G121/><T116/><D134/><U39/><E39/><V105/><F105/><W6/><G109/><N who="2" m="42057" /><F46/><W85/><G30/><N who="2" m="11881" /><F38/><W19/><G19/><AGARI ba="0,0" hai="8,14,17,19,21,26,112,113" m="11881,42057" machi="19" ten="30,2000,0" yaku="34,2" doraHai="71" who="2" fromWho="3" sc="495,0,157,0,206,20,142,-20" owari="495,59.0,157,-24.0,226,3.0,122,-38.0" /></mjloggm>