<mjloggm ver="2.3"><GO type="169" lobby="0"/><UN n0="%59%54%39%38%39%39" n1="%E7%9C%9F%E9%BE%8D%E5%85%84%E8%B2%B4" n2="%74%61%6E%69%5F%6D%6B" n3="%72%65%6F%6E%6F%61" dan="17,17,16,16" rate="2177.78,2174.43,2131.37,2057.58" sx="M,M,M,M"/><TAIKYOKU oya="0"/><INIT seed="0,0,0,5,2,113" ten="250,250,250,250" oya="0" hai0="88,43,131,28,90,130,32,98,61,13,55,15,75" hai1="3,108,7,114,99,93,36,95,123,38,34,19,60" hai2="77,47,67,40,132,6,81,71,63,49,4,80,2" hai3="101,129,126,104,94,87,33,134,62,70,25,118,125"/><T18/><D75/><U120/><E34/><V53/><F132/><W22/><G94/><T57/><D43/><U59/><E7/><V12/><F2/><W86/><G87/><T29/><D32/><U79/><E3/><V20/><F81/><W0/><G22/><T16/><D13/><U41/><E59/><V97/><F97/><N who="3" m="61487" /><G86/><T31/><D18/><U58/><E58/><V54/><F4/><W64/><G0/><T52/><D55/><U115/><E99/><V11/><REACH who="2" step="1"/><F20/><REACH who="2" ten="250,250,240,250" step="2"/><W103/><G134/><T119/><D119/><U107/><E114/><V135/><F135/><W91/><G118/><T82/><D82/><U110/><E115/><V1/><F1/><W85/><G129/><N who="0" m="49163" /><D98/><U109/><E109/><V51/><F51/><W127/><G103/><T89/><D89/><U128/><E128/><V69/><F69/><W96/><G96/><T83/><D83/><U9/><E108/><V112/><F112/><W39/><G39/><T121/><D121/><U111/><E38/><V106/><F106/><W74/><G74/><AGARI ba="0,1" hai="6,11,12,40,47,49,53,54,63,67,71,74,77,80" machi="74" ten="30,3900,0" yaku="1,1,7,1,53,1" doraHai="113" doraHaiUra="10" who="2" fromWho="3" sc="250,0,250,0,240,49,250,-39" /><INIT seed="1,0,0,1,0,37" ten="250,250,289,211" oya="1" hai0="0,100,99,120,15,10,108,123,133,119,53,105,90" hai1="80,26,112,32,68,62,4,9,44,132,24,96,48" hai2="11,20,117,110,33,12,58,97,74,130,42,5,78" hai3="84,17,59,102,36,92,19,79,113,35,89,57,61"/><U56/><E68/><V14/><F110/><W22/><G113/><T31/><D108/><U88/><E132/><V51/><F33/><W98/><G36/><T39/><D0/><U118/><E118/><V116/><F130/><W111/><G35/><T29/><D39/><U91/><E112/><V125/><F125/><W82/><G111/><T64/><D64/><U8/><E8/><V23/><F97/><W101/><G59/><T13/><D13/><U70/><E70/><V107/><F107/><W67/><G19/><T77/><D77/><U3/><E80/><V131/><F131/><W2/><REACH who="3" step="1"/><G2/><REACH who="3" ten="250,250,289,201" step="2"/><T69/><D133/><U49/><E32/><V104/><F58/><W50/><G50/><T47/><D69/><U54/><E49/><V65/><F51/><W30/><G30/><T71/><D71/><U63/><E63/><V126/><F116/><W81/><G81/><T128/><D31/><U87/><E56/><V103/><F117/><W106/><G106/><T109/><D29/><U38/><E62/><V18/><F104/><W95/><G95/><T27/><D109/><U127/><E38/><V16/><F18/><W46/><G46/><T135/><D105/><U75/><E44/><V115/><F16/><W134/><G134/><T34/><D47/><U55/><E48/><V85/><F115/><W121/><G121/><T52/><D135/><U94/><E3/><V93/><F93/><W1/><G1/><T76/><D119/><U43/><E94/><V124/><F124/><W40/><G40/><T21/><D128/><U114/><E127/><V66/><F126/><RYUUKYOKU ba="0,1" sc="250,-10,250,-10,289,-10,201,30" hai3="17,22,57,61,67,79,82,84,89,92,98,101,102" /><INIT seed="2,1,1,4,1,71" ten="240,240,279,231" oya="2" hai0="50,93,51,35,111,82,83,128,116,74,46,113,114" hai1="18,94,127,20,39,8,132,36,100,87,56,23,64" hai2="109,130,14,15,110,122,3,52,63,28,37,120,44" hai3="133,6,49,105,7,1,2,103,115,22,13,79,126"/><V21/><F3/><N who="3" m="1035" /><G79/><T131/><D35/><U134/><E8/><V48/><F130/><W135/><G49/><T5/><D5/><N who="3" m="1545" /><G103/><T76/><D93/><U91/><E100/><V42/><F63/><W30/><G105/><T118/><D46/><U32/><E32/><V34/><F34/><W123/><G123/><T61/><D61/><N who="1" m="37927" /><E127/><V10/><F120/><W97/><G97/><T81/><D76/><U73/><E73/><V99/><F99/><W62/><G62/><T129/><D74/><U75/><E75/><V101/><F101/><W31/><G126/><T24/><D24/><N who="1" m="14359" /><E23/><V119/><F122/><W19/><G115/><N who="0" m="44043" /><D111/><N who="2" m="42506" /><F10/><W72/><G72/><T33/><D33/><U125/><E125/><V45/><F119/><AGARI ba="1,1" hai="50,51,81,82,83,116,118,119,128,129,131" m="44043" machi="119" ten="40,8000,1" yaku="28,2,12,1,19,1" doraHai="71" who="0" fromWho="2" sc="240,93,240,0,279,-83,231,0" /><INIT seed="3,0,0,0,0,25" ten="333,240,196,231" oya="3" hai0="86,132,80,59,102,12,71,95,84,23,17,88,85" hai1="58,119,106,15,21,112,14,74,91,94,123,20,2" hai2="126,11,3,115,5,69,82,19,68,46,22,78,129" hai3="30,81,50,134,100,47,77,116,93,31,76,73,1"/><W39/><G116/><T43/><D71/><U128/><E106/><V75/><F126/><W105/><G39/><T70/><D70/><U96/><E2/><V24/><F129/><W7/><G134/><T89/><D43/><U16/><E74/><V120/><F115/><W111/><G77/><T104/><D104/><U45/><E112/><V99/><F120/><W109/><G105/><T92/><D132/><U49/><E123/><V125/><F125/><W8/><G93/><T67/><D102/><U90/><E58/><V48/><REACH who="2" step="1"/><F99/><REACH who="2" ten="333,240,186,231" step="2"/><W29/><REACH who="3" step="1"/><G100/><REACH who="3" ten="333,240,186,221" step="2"/><T130/><D130/><U122/><E128/><V118/><F118/><W62/><G62/><N who="0" m="38367" /><D95/><U40/><E119/><V121/><F121/><W98/><G98/><AGARI ba="0,2" hai="12,17,23,80,84,85,86,88,89,92,98" m="38367" machi="98" ten="30,2000,0" yaku="8,1,54,1" doraHai="25" who="0" fromWho="3" sc="333,40,240,0,186,0,221,-20" /><INIT seed="4,0,0,1,5,70" ten="373,240,186,201" oya="0" hai0="71,61,42,129,8,103,125,39,93,2,68,111,28" hai1="43,123,59,6,17,34,87,101,16,19,14,118,12" hai2="132,90,31,30,58,60,121,110,54,79,38,91,126" hai3="127,109,64,47,108,99,56,29,122,82,40,119,120"/><T7/><D125/><U36/><E34/><V63/><F121/><N who="3" m="46699" /><G29/><T32/><D93/><U74/><E74/><V80/><F126/><W73/><G82/><T102/><D102/><U133/><E101/><V124/><F124/><W96/><G99/><T25/><D129/><U130/><E123/><V76/><F110/><N who="3" m="42603" /><G96/><T92/><D92/><U94/><E59/><V22/><F132/><W52/><G73/><T85/><D85/><U33/><E33/><V72/><F76/><W49/><G127/><T62/><D111/><U53/><E94/><V104/><F104/><W37/><G64/><T134/><D134/><U3/><E3/><V69/><F31/><W78/><G78/><T24/><D24/><U57/><E6/><V0/><F0/><W20/><G20/><T15/><D103/><U66/><E66/><V84/><F22/><W48/><G119/><T83/><D83/><U112/><E87/><V65/><F30/><W26/><G26/><T131/><D25/><U41/><E14/><V75/><F75/><W51/><AGARI ba="0,0" hai="37,40,47,48,49,51,52,56" m="42603,46699" machi="51" ten="40,8000,1" yaku="13,1,34,2,52,1,54,1" doraHai="70" who="3" fromWho="3" sc="373,-40,240,-20,186,-20,201,80" /><INIT seed="5,0,0,4,2,130" ten="333,220,166,281" oya="1" hai0="56,38,33,59,35,82,17,27,22,114,60,4,77" hai1="21,43,132,74,30,64,117,81,61,39,88,125,62" hai2="112,0,73,47,91,5,23,122,6,101,20,72,98" hai3="9,8,66,128,83,57,129,49,79,1,119,90,19"/><U53/><E117/><V3/><F91/><W108/><G119/><T86/><D38/><U40/><E39/><V36/><F122/><W76/><G108/><T41/><D41/><U116/><E116/><V26/><F36/><W89/><G1/><T75/><D114/><U45/><E74/><V93/><F47/><W123/><G66/><T121/><D4/><U134/><E125/><V42/><F42/><W105/><G105/><T78/><D121/><U24/><E53/><V118/><F118/><W110/><G110/><T11/><D11/><U18/><E30/><V50/><F50/><W124/><G49/><T31/><D59/><U113/><E113/><V67/><F67/><W120/><G57/><T135/><D77/><U54/><E54/><V80/><F112/><W111/><G111/><T106/><D106/><U15/><E24/><V85/><F20/><W58/><G58/><T109/><D35/><U7/><E7/><N who="2" m="2571" /><F3/><W126/><G83/><T28/><D28/><U127/><E127/><V63/><F63/><N who="1" m="24073" /><E64/><V32/><F32/><W68/><REACH who="3" step="1"/><G19/><REACH who="3" ten="333,220,166,271" step="2"/><T51/><D17/><U48/><E48/><V94/><F0/><W34/><G34/><T87/><D51/><U71/><E45/><V102/><F80/><W104/><G104/><T70/><D33/><U69/><E43/><V44/><F44/><W12/><G12/><T29/><D82/><U100/><E40/><V65/><F65/><W16/><G16/><T13/><D13/><U84/><E100/><V2/><F2/><W52/><G52/><T95/><D109/><U55/><E55/><V25/><F101/><RYUUKYOKU ba="0,1" sc="333,-15,220,15,166,-15,271,15" hai1="15,18,21,69,71,81,84,88,132,134" hai3="8,9,68,76,79,89,90,120,123,124,126,128,129" /><INIT seed="5,1,1,0,5,101" ten="318,235,151,286" oya="1" hai0="57,88,59,26,33,117,8,66,50,37,75,67,13" hai1="107,2,15,6,128,133,60,7,99,38,130,71,70" hai2="105,35,135,91,43,5,40,54,17,108,81,82,94" hai3="77,114,83,34,12,47,56,100,20,65,121,112,41"/><U28/><E15/><V36/><F108/><W106/><G34/><T103/><D37/><U92/><E28/><V21/><F35/><W122/><G65/><T18/><D75/><U58/><E38/><V87/><F135/><W63/><G56/><T113/><D103/><U46/><E46/><V93/><F5/><N who="1" m="1545" /><E2/><V29/><F29/><W16/><G63/><T89/><D113/><N who="3" m="43625" /><G47/><T39/><D39/><U131/><E133/><V98/><F105/><W111/><G41/><T62/><D117/><U132/><E107/><V104/><F104/><W115/><G111/><T118/><D118/><U69/><E132/><V3/><F3/><W48/><G48/><T96/><D96/><U1/><E1/><V84/><F54/><W78/><G115/><T49/><D33/><U123/><E123/><N who="3" m="47114" /><G83/><T19/><D49/><U51/><E51/><V124/><F36/><W32/><G32/><T73/><D50/><U42/><E42/><V134/><F134/><W31/><G31/><T90/><D66/><N who="1" m="39191" /><E69/><V129/><F43/><W9/><G9/><T116/><D116/><U14/><E14/><V79/><F40/><W52/><G52/><T102/><D59/><U86/><E71/><V74/><F82/><W22/><G22/><T30/><D30/><U23/><E23/><V127/><F21/><W0/><G0/><T95/><D26/><U126/><E70/><V125/><F17/><W4/><G4/><T119/><D19/><U24/><E24/><V25/><F25/><W10/><G10/><T11/><D11/><U80/><E80/><V61/><F61/><W53/><G53/><RYUUKYOKU ba="1,1" sc="318,-10,235,-10,151,-10,286,30" hai3="12,16,20,77,78,100,106" /><INIT seed="6,2,1,2,0,58" ten="308,225,141,316" oya="2" hai0="34,109,106,101,75,110,117,131,80,116,134,128,28" hai1="66,114,73,95,92,50,129,30,41,60,48,5,93" hai2="13,36,63,25,71,124,120,91,133,15,89,132,102" hai3="108,32,2,94,44,54,33,99,130,85,125,37,118"/><V112/><F120/><W115/><G2/><T119/><D28/><U52/><E73/><V113/><F36/><W69/><G85/><T87/><D34/><U72/><E72/><V79/><F79/><W104/><G94/><T78/><D87/><U42/><E50/><V100/><F25/><W111/><G99/><N who="0" m="61759" /><D134/><U97/><E114/><V76/><F76/><W4/><G4/><T16/><D16/><U26/><E5/><V47/><F47/><W98/><G98/><T11/><D11/><U96/><E42/><V55/><F55/><W40/><G54/><T67/><D67/><U23/><E41/><V49/><F49/><W84/><G84/><T70/><D70/><U31/><E31/><V3/><F71/><W105/><G115/><T83/><D83/><U51/><E51/><V45/><F45/><W0/><G44/><T56/><D56/><N who="1" m="37127" /><E129/><AGARI ba="2,1" hai="75,78,80,109,110,116,117,119,128,129,131" m="61759" machi="129" ten="40,8000,1" yaku="12,1,19,1,23,1,34,2" doraHai="58" who="0" fromWho="1" sc="308,96,225,-86,141,0,316,0" /><INIT seed="7,0,0,2,3,119" ten="404,139,141,316" oya="3" hai0="97,92,69,64,63,103,102,57,3,0,8,108,65" hai1="30,59,21,96,134,74,80,52,135,114,131,71,34" hai2="78,125,106,123,18,55,49,2,36,116,25,109,41" hai3="11,111,7,107,23,82,118,42,28,17,129,133,90"/><W100/><G118/><T85/><D108/><U22/><E71/><V95/><F106/><W126/><G42/><T132/><D132/><N who="1" m="50731" /><E114/><V4/><F116/><W81/><G133/><T16/><D103/><U31/><E131/><V115/><F109/><W5/><G111/><T6/><D16/><U24/><E31/><V48/><F115/><W104/><G129/><T33/><D33/><U67/><E67/><V105/><F105/><W66/><G66/><T83/><D65/><U93/><E80/><N who="3" m="30826" /><G104/><T46/><D46/><U12/><E12/><V99/><F18/><W76/><G76/><T43/><D43/><U91/><E74/><V121/><F25/><N who="3" m="16447" /><G126/><T37/><D37/><U40/><E40/><V70/><F70/><W112/><G112/><T38/><D38/><U88/><E91/><N who="2" m="55807" /><F125/><W15/><G90/><T27/><D27/><U77/><E77/><V113/><F78/><W1/><G1/><T120/><D120/><N who="2" m="46154" /><F113/><W98/><G107/><T68/><D0/><U94/><E94/><V124/><F124/><W19/><G7/><T61/><D69/><U20/><E34/><V14/><F2/><W128/><G128/><T44/><D68/><U56/><E56/><V60/><F36/><W75/><G75/><T86/><D83/><U51/><AGARI ba="0,0" hai="20,21,22,24,30,51,52,59,88,93,96" m="50731" machi="51" ten="30,4000,0" yaku="20,1,54,2" doraHai="119" who="1" fromWho="1" sc="404,-10,139,40,141,-10,316,-20" owari="394,49.0,179,-22.0,131,-37.0,296,10.0" /></mjloggm>