<mjloggm ver="2.3"><GO type="225" lobby="0"/><UN n0="%E9%98%BF%E9%83%A8%E5%AF%9B%EF%BC%A0%E9%B3%B3%E5%8D%93" n1="%E3%82%B7%E3%83%B3%E3%83%95%E3%82%A9%E3%83%8B%E3%82%A2" n2="%E9%B3%B3%E6%9D%B1%E3%81%AE%E3%81%86%E3%81%95%E3%81%8E%E3%81%95%E3%82%93" n3="%E3%81%84%E3%81%A1%E3%81%9E%E3%81%86" dan="16,17,17,17" rate="2078.15,2151.38,2173.40,2109.01" sx="F,M,M,M"/><TAIKYOKU oya="0"/><INIT seed="0,0,0,2,3,98" ten="250,250,250,250" oya="0" hai0="8,104,6,32,55,34,111,120,82,14,39,97,79" hai1="57,78,60,11,105,31,4,59,54,90,56,100,5" hai2="45,21,1,43,106,18,50,132,77,74,69,123,96" hai3="71,44,80,81,13,99,3,15,135,134,68,29,95"/><T124/><D120/><U22/><E78/><V107/><F123/><W118/><G118/><T129/><D124/><U62/><E105/><V65/><F132/><N who="3" m="50731" /><G3/><T16/><D129/><U35/><E35/><V2/><F69/><N who="3" m="26699" /><G44/><T94/><D104/><U17/><E31/><V87/><F106/><W108/><G29/><T36/><D111/><U10/><E90/><V85/><F65/><W19/><G108/><T52/><D34/><U40/><E40/><V58/><F58/><W28/><G28/><T86/><D32/><U48/><E59/><V133/><F1/><W130/><G130/><T115/><D115/><U27/><E57/><V67/><F67/><W0/><G0/><T110/><D110/><U116/><E116/><V38/><F2/><W89/><G15/><N who="0" m="5527" /><D39/><U24/><E60/><V37/><F133/><W117/><G117/><T127/><D36/><U46/><E62/><V126/><F126/><W23/><AGARI ba="0,0" hai="13,19,23,80,81,89,95,99" m="26699,50731" machi="23" ten="30,1100,0" yaku="20,1" doraHai="98" who="3" fromWho="3" sc="250,-5,250,-3,250,-3,250,11" /><INIT seed="1,0,0,3,2,77" ten="245,247,247,261" oya="1" hai0="94,43,52,23,28,31,88,47,27,41,121,5,7" hai1="8,125,80,72,79,129,37,135,35,99,29,105,74" hai2="92,67,54,40,36,20,104,103,78,18,120,123,44" hai3="10,59,50,38,84,16,114,86,85,61,6,63,46"/><U113/><E37/><V14/><F104/><W83/><G114/><T108/><D108/><U96/><E8/><V21/><F67/><W109/><G109/><T115/><D115/><U81/><E113/><V117/><F117/><W9/><G38/><T82/><D121/><U24/><E129/><V98/><F78/><W2/><G10/><T19/><D82/><U17/><E135/><V93/><F93/><W133/><G133/><T68/><D68/><U89/><E125/><V58/><REACH who="2" step="1"/><F20/><REACH who="2" ten="245,247,237,261" step="2"/><W110/><G110/><T1/><D1/><U111/><E111/><V33/><F33/><W32/><G32/><T65/><D65/><U39/><E105/><V131/><F131/><W42/><G83/><T57/><D7/><U4/><E4/><V101/><F101/><W102/><G102/><T76/><D76/><U51/><E81/><V126/><F126/><W26/><REACH who="3" step="1"/><G59/><REACH who="3" ten="245,247,237,251" step="2"/><T119/><D119/><U66/><E35/><V3/><F3/><W128/><G128/><T69/><D69/><U95/><E80/><V130/><F130/><W127/><G127/><T112/><D112/><U49/><E79/><V53/><F53/><W56/><G56/><T60/><D5/><U116/><E116/><V64/><F64/><W97/><G97/><N who="0" m="57543" /><D47/><U90/><E66/><V62/><AGARI ba="0,2" hai="14,18,21,36,40,44,54,58,62,92,98,103,120,123" machi="62" ten="20,2700,0" yaku="1,1,0,1,7,1,53,0" doraHai="77" doraHaiUra="134" who="2" fromWho="2" sc="245,-7,247,-13,237,47,251,-7" /><INIT seed="2,0,0,0,4,72" ten="238,234,284,244" oya="2" hai0="21,63,71,64,84,48,57,26,15,93,92,108,123" hai1="31,97,68,91,81,116,102,9,8,122,85,13,112" hai2="0,59,133,5,101,106,17,134,104,99,127,125,94" hai3="19,130,87,131,32,114,121,124,100,62,45,129,47"/><V77/><F17/><W20/><G121/><T96/><D123/><U36/><E122/><V18/><F18/><W118/><G118/><T82/><D108/><U74/><E112/><V16/><F16/><W30/><G114/><T60/><D48/><U44/><E116/><V78/><F5/><W128/><G124/><N who="2" m="47689" /><F0/><W95/><N who="3" m="32768" /><DORA hai="11" /><W90/><G100/><T67/><D96/><U88/><E68/><V27/><F27/><N who="3" m="18527" /><G62/><T70/><D57/><U107/><E74/><V79/><F59/><W105/><G105/><AGARI ba="0,0" hai="77,78,79,94,99,101,104,105,106,133,134" m="47689" machi="105" ten="40,18000,2" yaku="18,1,34,2,52,3" doraHai="72,11" who="2" fromWho="3" sc="238,0,234,0,284,180,244,-180" /><INIT seed="2,1,0,5,0,125" ten="238,234,464,64" oya="2" hai0="73,17,106,82,91,123,4,96,63,122,112,109,56" hai1="86,101,19,74,98,50,97,67,60,135,65,93,16" hai2="20,30,99,11,62,31,41,12,1,13,133,18,39" hai3="42,52,36,113,105,110,108,85,70,69,88,25,100"/><V121/><F121/><W32/><G113/><T35/><D112/><U55/><E135/><V77/><F133/><W89/><G36/><T95/><D35/><U58/><E74/><V79/><F1/><W10/><G42/><T103/><D4/><U14/><E86/><V7/><F39/><W104/><G10/><T59/><D109/><N who="3" m="42089" /><G52/><N who="0" m="34183" /><D17/><U66/><E97/><V102/><F41/><W114/><G114/><T129/><D59/><N who="1" m="33271" /><E19/><V43/><F43/><W2/><G2/><T15/><D15/><U44/><E44/><V9/><F62/><W21/><G32/><T22/><D22/><AGARI ba="1,0" hai="14,16,22,58,60,65,66,67,93,98,101" m="33271" machi="22" ten="30,2000,0" yaku="8,1,54,1" doraHai="125" who="1" fromWho="0" sc="238,-23,234,23,464,0,64,0" /><INIT seed="3,0,0,1,2,61" ten="215,257,464,64" oya="3" hai0="13,111,66,106,41,60,81,113,126,129,47,94,48" hai1="27,34,102,72,100,118,42,104,79,128,1,120,132" hai2="36,73,80,74,14,39,17,114,33,135,50,5,10" hai3="6,8,20,76,31,24,99,92,52,62,38,124,4"/><W23/><G124/><T37/><D106/><U68/><RYUUKYOKU type="yao9" ba="0,0" sc="215,0,257,0,464,0,64,0" hai1="1,27,34,42,68,72,79,100,102,104,118,120,128,132" /><INIT seed="3,1,0,3,1,86" ten="215,257,464,64" oya="3" hai0="30,116,100,108,95,62,96,98,67,2,9,90,115" hai1="125,1,48,59,109,64,19,82,37,31,134,77,47" hai2="91,128,85,111,65,103,92,130,18,131,50,23,106" hai3="101,17,33,99,32,88,110,83,36,12,87,127,76"/><W124/><G36/><T5/><D108/><U107/><E134/><V104/><F111/><W54/><G110/><T70/><D116/><U43/><E125/><V60/><F50/><W94/><G54/><T15/><D115/><U69/><E107/><V34/><F34/><W41/><G41/><T14/><REACH who="0" step="1"/><D30/><REACH who="0" ten="205,257,464,64" step="2"/><U102/><E109/><V10/><F10/><W126/><REACH who="3" step="1"/><G76/><REACH who="3" ten="205,257,464,54" step="2"/><T39/><D39/><U114/><E37/><V3/><F130/><W35/><G35/><T51/><D51/><U29/><E43/><V79/><F131/><W112/><G112/><T118/><D118/><U38/><E114/><V0/><F128/><W42/><G42/><T133/><D133/><U21/><E38/><V16/><F79/><W135/><G135/><T27/><D27/><U52/><E48/><V89/><F65/><W25/><G25/><T117/><D117/><U11/><E64/><V119/><F119/><W7/><G7/><T68/><D68/><U46/><E69/><V80/><F60/><W26/><G26/><T129/><D129/><U63/><E77/><V66/><F66/><W120/><G120/><T132/><D132/><U8/><E63/><V55/><F55/><W13/><G13/><T53/><D53/><U97/><E52/><V72/><F0/><W121/><G121/><T44/><D44/><U20/><E47/><V84/><F3/><W122/><G122/><T93/><AGARI ba="1,2" hai="2,5,9,14,15,62,67,70,90,93,95,96,98,100" machi="93" ten="20,8000,1" yaku="1,1,0,1,7,1,52,1,53,1" doraHai="86" doraHaiUra="6" who="0" fromWho="0" sc="205,103,257,-21,464,-21,54,-41" owari="308,11.0,236,-16.0,443,54.0,13,-49.0" /></mjloggm>