<mjloggm ver="2.3"><GO type="185" lobby="0"/><UN n0="%E3%81%9D%E3%81%86%E3%81%A1%E3%82%87" n1="%E7%8E%89%E6%A8%B9%E6%A1%9C" n2="%E5%85%A5%E5%B7%A3%E6%9F%9A%E5%AE%9F" n3="" dan="17,16,16,0" rate="2221.81,2256.76,2190.38,1500.00" sx="F,F,F,C"/><TAIKYOKU oya="0"/><INIT seed="0,0,0,5,1,66" ten="350,350,350,0" oya="0" hai0="119,108,134,50,109,65,40,93,118,73,82,41,49" hai1="130,57,36,79,75,61,72,126,51,44,68,47,96" hai2="132,3,85,131,102,70,80,55,115,71,112,122,64" hai3=""/><T98/><D65/><U60/><E126/><V34/><N who="2" m="31264" /><V127/><F3/><T0/><D0/><U114/><E114/><V78/><F34/><T135/><D73/><U67/><E130/><V87/><F131/><T53/><D82/><U35/><E35/><V54/><F127/><T63/><D63/><U74/><E36/><V76/><F64/><T39/><D39/><U42/><E47/><V33/><F33/><T86/><D86/><U103/><E79/><V45/><F102/><T94/><D98/><U110/><E110/><V62/><F62/><T38/><D38/><U111/><E111/><V84/><F84/><T89/><D89/><U59/><REACH who="1" step="1"/><E61/><REACH who="1" ten="350,340,350,0" step="2"/><V2/><F2/><T125/><D125/><U91/><E91/><V88/><F88/><T120/><N who="0" m="30752" /><T117/><D117/><U58/><E58/><V43/><F45/><T123/><N who="0" m="31520" /><T77/><D77/><U95/><AGARI ba="0,1" hai="42,44,51,57,59,60,67,68,72,74,75,95,96,103" machi="95" ten="30,9000,2" yaku="1,1,0,1,52,1,53,3" doraHai="66" doraHaiUra="107" who="1" fromWho="1" sc="350,-60,340,100,350,-30,0,0" /><INIT seed="1,0,0,1,4,43" ten="290,440,320,0" oya="1" hai0="0,40,120,116,60,44,123,80,97,95,86,72,121" hai1="90,118,85,34,83,107,49,129,113,62,108,104,37" hai2="117,68,58,46,52,82,84,91,94,93,125,110,87" hai3=""/><U132/><E34/><V64/><F110/><T105/><N who="0" m="30752" /><T130/><N who="0" m="31008" /><T45/><N who="0" m="31520" /><T57/><D130/><U56/><E37/><V81/><F117/><T71/><D0/><U79/><E108/><V65/><F125/><T109/><D109/><U77/><E129/><V3/><F3/><T63/><D116/><U106/><E118/><V135/><F135/><T69/><D105/><U133/><E49/><V99/><F68/><T74/><D71/><U102/><E113/><V134/><F134/><N who="1" m="51817" /><E102/><V78/><F46/><T122/><N who="0" m="31264" /><T39/><D45/><U35/><E35/><V111/><F111/><T32/><D32/><U100/><E100/><V89/><REACH who="2" step="1"/><F82/><REACH who="2" ten="290,440,310,0" step="2"/><T119/><D119/><U103/><E103/><V36/><F36/><T131/><D131/><U76/><E56/><V75/><F75/><T54/><D69/><U124/><E62/><AGARI ba="0,1" hai="52,58,62,64,65,78,81,84,87,89,91,93,94,99" machi="62" ten="30,7700,0" yaku="1,1,7,1,8,1,54,1,53,0" doraHai="43" doraHaiUra="38" who="2" fromWho="1" sc="290,0,440,-77,310,87,0,0" /><INIT seed="2,0,0,0,2,36" ten="290,363,397,0" oya="2" hai0="113,33,133,102,114,95,106,56,124,47,73,100,67" hai1="115,128,38,57,103,72,49,90,61,65,120,60,93" hai2="111,1,110,121,50,59,76,78,123,34,109,43,94" hai3=""/><V101/><N who="2" m="31008" /><V68/><N who="2" m="31520" /><V42/><F34/><T39/><D33/><U0/><N who="1" m="30752" /><U116/><E0/><V86/><F68/><T118/><D118/><U131/><E38/><V105/><F1/><T45/><D133/><U63/><E116/><V119/><F105/><T82/><D124/><U71/><E72/><V66/><F119/><T77/><D106/><U35/><E35/><V112/><F112/><T62/><D47/><U83/><E115/><N who="0" m="44041" /><D95/><U37/><E37/><V84/><F78/><T107/><D107/><U122/><N who="1" m="31264" /><U87/><E49/><V132/><F132/><T81/><D82/><U53/><REACH who="1" step="1"/><E63/><REACH who="1" ten="290,353,397,0" step="2"/><V126/><F50/><T117/><D117/><U3/><E3/><V48/><F48/><T104/><D39/><U52/><E52/><V44/><F109/><T134/><D134/><U96/><AGARI ba="0,1" hai="53,57,60,61,65,71,83,87,90,93,96,103,128,131" m="31264,30752" machi="96" ten="30,6000,1" yaku="1,1,0,1,52,2,53,1" doraHai="36" doraHaiUra="55" who="1" fromWho="1" sc="290,-20,353,70,397,-40,0,0" /><INIT seed="4,0,0,2,5,125" ten="270,423,357,0" oya="0" hai0="71,64,56,103,52,39,135,40,70,42,41,99,86" hai1="34,116,114,78,134,49,126,69,93,105,92,47,81" hai2="33,100,130,44,38,73,46,51,101,59,98,102,95" hai3=""/><T109/><D135/><U128/><E34/><V85/><F73/><T115/><D115/><U112/><E116/><V94/><F33/><T119/><D119/><U107/><E69/><V43/><F59/><T1/><D1/><U75/><E49/><V124/><F124/><T87/><D39/><U37/><E47/><V110/><F110/><T123/><N who="0" m="31520" /><T133/><D133/><U55/><E55/><V117/><F117/><T104/><D109/><U2/><E37/><V32/><F32/><T80/><D64/><U91/><E2/><V97/><F85/><T50/><REACH who="0" step="1"/><D87/><REACH who="0" ten="260,423,357,0" step="2"/><U84/><E134/><V88/><REACH who="2" step="1"/><F130/><REACH who="2" ten="260,423,347,0" step="2"/><T57/><D57/><U53/><E128/><V54/><AGARI ba="0,2" hai="38,43,44,46,51,54,88,94,95,97,98,100,101,102" machi="54" ten="20,6000,1" yaku="1,1,2,1,0,1,7,1,54,1,53,0" doraHai="125" doraHaiUra="127" who="2" fromWho="2" sc="260,-40,423,-20,347,80,0,0" /><INIT seed="5,0,0,2,5,35" ten="220,403,427,0" oya="1" hai0="77,112,61,76,58,87,33,102,113,1,46,43,73" hai1="56,111,107,80,50,62,135,104,49,130,89,42,132" hai2="45,126,129,88,92,109,121,34,114,133,95,48,108" hai3=""/><U78/><E111/><V101/><N who="2" m="31008" /><V100/><F34/><T64/><D33/><U123/><N who="1" m="31520" /><U122/><N who="1" m="31264" /><U55/><E89/><V79/><F133/><N who="1" m="51273" /><E130/><V94/><F129/><T40/><D1/><U44/><E62/><V84/><F126/><T66/><D73/><AGARI ba="0,0" hai="42,44,49,50,55,56,73,78,80,104,107" m="51273,31264,31520" machi="73" ten="30,5800,0" yaku="20,1,52,2" doraHai="35" who="1" fromWho="0" sc="220,-58,403,58,427,0,0,0" /><INIT seed="5,1,0,4,5,44" ten="162,461,427,0" oya="1" hai0="47,32,84,133,70,91,94,74,135,90,50,92,65" hai1="67,122,130,57,112,89,33,101,71,2,42,3,68" hai2="86,55,60,51,102,124,52,107,53,129,38,40,116" hai3=""/><U69/><N who="1" m="31264" /><U103/><E33/><V110/><F116/><T45/><D74/><U79/><E112/><V134/><F110/><T108/><D108/><U36/><E130/><V128/><F134/><T121/><N who="0" m="31008" /><T75/><D75/><U72/><E72/><V73/><F124/><T100/><D100/><U99/><E79/><V95/><F73/><T93/><D32/><U54/><E89/><V109/><F38/><T82/><D70/><U35/><E35/><V62/><F107/><T41/><D65/><U115/><E115/><V87/><F87/><T77/><REACH who="0" step="1"/><D45/><REACH who="0" ten="152,461,427,0" step="2"/><U37/><E101/><V125/><F109/><T64/><D64/><U48/><E67/><V114/><F102/><T39/><D39/><U132/><E37/><V78/><F128/><T118/><D118/><U61/><E36/><V131/><F129/><T98/><D98/><U76/><E99/><V0/><F131/><T123/><N who="0" m="31520" /><T46/><D46/><U106/><E103/><V104/><F114/><T127/><D127/><U56/><E69/><V59/><F125/><T43/><D43/><U63/><E68/><V97/><F40/><T105/><D105/><U88/><E106/><V81/><F104/><T85/><D85/><U113/><E71/><RYUUKYOKU ba="1,1" sc="152,20,461,-10,427,-10,0,0" hai0="41,47,50,77,82,84,90,91,92,93,94,133,135" /><INIT seed="6,2,1,0,1,99" ten="172,451,417,0" oya="2" hai0="36,66,88,37,121,58,71,87,43,42,116,49,55" hai1="91,67,109,97,60,77,41,53,64,133,93,85,59" hai2="126,113,135,46,72,83,94,98,81,40,52,119,132" hai3=""/><V32/><F119/><T112/><N who="0" m="31008" /><T56/><D112/><U86/><E109/><V2/><F113/><T63/><D87/><N who="1" m="33291" /><E133/><N who="2" m="51275" /><F126/><T117/><D88/><U129/><E129/><V111/><F2/><T103/><D103/><U39/><E39/><V68/><F32/><T3/><D3/><U100/><E41/><V104/><F104/><T105/><D105/><U61/><E77/><V65/><F111/><T44/><D116/><U134/><E134/><V123/><N who="2" m="31520" /><V92/><F52/><T120/><N who="0" m="30752" /><T54/><D117/><U128/><E128/><V75/><F65/><N who="1" m="25161" /><E61/><V38/><F68/><T125/><D125/><U101/><AGARI ba="2,1" hai="53,59,60,91,93,97,100,101" m="25161,33291" machi="101" ten="30,3000,0" yaku="8,1,52,2" doraHai="99" who="1" fromWho="1" sc="172,-12,451,44,417,-22,0,0" owari="160,-44.0,495,44.0,395,0.0,0,0.0" /></mjloggm>