<mjloggm ver="2.3"><GO type="185" lobby="0"/><UN n0="%E5%A4%A7%E5%92%8C%E6%A1%9C" n1="%E3%83%9E%E3%83%A4%E3%82%B7%E3%82%B3%E3%82%AC%E3%83%81%E5%8B%A2" n2="%E3%82%AC%E3%83%96%E3%83%AA%E3%82%A8%E3%83%AB" n3="" dan="18,16,17,0" rate="2285.87,2192.69,2220.62,1500.00" sx="F,M,M,C"/><TAIKYOKU oya="0"/><INIT seed="0,0,0,5,3,111" ten="350,350,350,0" oya="0" hai0="92,114,67,96,51,126,59,127,56,79,62,45,53" hai1="121,117,36,78,135,65,54,116,40,50,48,113,52" hai2="98,3,132,84,131,134,97,43,118,38,124,46,106" hai3=""/><T105/><D105/><U69/><N who="1" m="31008" /><U104/><E78/><V93/><F3/><T130/><D130/><U89/><E104/><V73/><F73/><T77/><D114/><U108/><E89/><V34/><F34/><T88/><REACH who="0" step="1"/><D45/><REACH who="0" ten="340,350,350,0" step="2"/><U110/><E113/><V94/><F131/><T70/><D70/><U41/><E69/><V1/><F106/><T68/><D68/><U129/><E129/><V75/><F46/><T64/><D64/><U61/><E65/><V90/><F1/><T99/><D99/><U76/><E110/><V0/><F98/><T85/><D85/><U100/><E108/><V83/><F97/><T102/><D102/><U32/><E100/><V112/><F84/><T55/><D55/><U33/><E54/><V103/><F112/><T101/><D101/><U74/><E52/><V66/><F66/><T109/><D109/><U71/><E71/><V47/><F103/><T95/><D95/><U57/><E33/><V91/><F94/><T133/><D133/><U63/><E32/><V81/><F93/><T107/><D107/><U80/><E135/><V119/><F134/><T58/><D58/><U49/><E57/><V39/><F132/><T37/><D37/><U115/><E36/><V128/><F38/><RYUUKYOKU ba="0,1" sc="340,20,350,-10,350,-10,0,0" hai0="51,53,56,59,62,67,77,79,88,92,96,126,127" /><INIT seed="0,1,1,0,4,127" ten="360,340,340,0" oya="0" hai0="37,125,78,122,98,112,55,123,32,97,51,64,113" hai1="52,114,34,105,46,53,62,72,75,63,70,2,116" hai2="85,131,66,73,71,43,108,91,76,44,133,81,110" hai3=""/><T69/><N who="0" m="31264" /><T77/><N who="0" m="31520" /><T135/><D32/><U117/><E105/><V45/><F133/><T84/><D37/><U58/><E2/><V39/><F131/><T36/><D36/><U38/><E114/><V60/><REACH who="2" step="1"/><F44/><REACH who="2" ten="360,340,330,0" step="2"/><T92/><D135/><U120/><E46/><V56/><F56/><T74/><D113/><U128/><E58/><V80/><AGARI ba="1,2" hai="39,43,45,60,66,71,73,76,80,81,85,91,108,110" machi="80" ten="30,1500,0" yaku="1,1,0,1,53,0" doraHai="127" doraHaiUra="134" who="2" fromWho="2" sc="360,-11,340,-6,330,37,0,0" /><INIT seed="1,0,0,1,0,88" ten="349,334,367,0" oya="1" hai0="44,119,113,133,80,40,121,64,111,72,118,82,96" hai1="128,112,67,116,124,47,131,117,2,78,57,87,135" hai2="3,85,39,107,52,56,100,58,103,125,49,33,92" hai3=""/><U66/><E2/><V110/><F3/><T61/><N who="0" m="31008" /><T99/><D113/><U60/><E78/><V75/><F125/><T97/><D111/><U50/><E87/><V45/><F110/><T38/><D133/><U83/><E83/><V130/><F130/><N who="1" m="49705" /><E112/><V84/><F75/><T101/><D101/><U120/><N who="1" m="30752" /><U132/><E67/><V122/><N who="2" m="31264" /><V98/><F33/><T94/><D94/><U69/><E69/><V34/><F34/><T1/><D1/><U71/><E71/><V106/><F106/><T62/><D72/><U53/><E124/><V32/><F32/><T91/><D91/><U89/><E89/><V73/><F73/><T115/><D115/><U76/><E76/><V108/><F108/><T86/><D86/><U37/><E37/><V36/><F36/><T74/><D74/><U127/><E127/><V41/><F85/><T109/><D109/><U123/><N who="1" m="31520" /><U54/><E66/><V55/><F84/><T93/><D64/><U46/><E46/><V95/><F103/><T114/><D114/><U68/><E68/><V70/><F70/><T77/><D77/><U48/><E60/><AGARI ba="0,0" hai="39,41,45,49,52,55,56,58,60,92,95,98,100,107" m="31264" machi="60" ten="30,8000,1" yaku="7,1,52,3,54,1" doraHai="88" who="2" fromWho="1" sc="349,0,334,-80,367,80,0,0" /><INIT seed="2,0,0,0,0,98" ten="349,254,447,0" oya="2" hai0="90,66,84,34,105,121,94,76,38,118,60,35,71" hai1="46,1,73,37,128,57,131,45,93,111,97,109,75" hai2="120,77,69,0,108,102,125,59,74,67,103,89,68" hai3=""/><V86/><N who="2" m="30752" /><V85/><F0/><T113/><N who="0" m="31008" /><T63/><D118/><U62/><E1/><V44/><F125/><T65/><D113/><U99/><E37/><V81/><F108/><N who="1" m="41545" /><E46/><V100/><F44/><T82/><D105/><U132/><E45/><V58/><F74/><N who="1" m="28169" /><E132/><V47/><F47/><T61/><D38/><U83/><E83/><V51/><F51/><T48/><D48/><U115/><E115/><V39/><F39/><T42/><D42/><U41/><E41/><V88/><F59/><T91/><D63/><U95/><E99/><V79/><F58/><T40/><D40/><U106/><E106/><V96/><F96/><T56/><REACH who="0" step="1"/><D76/><REACH who="0" ten="339,254,447,0" step="2"/><U32/><E62/><V80/><F79/><T116/><D116/><U112/><E112/><V53/><F77/><T107/><D107/><U122/><E122/><V92/><F69/><T52/><D52/><U54/><E54/><V117/><F53/><T114/><D114/><U50/><E50/><V129/><F117/><T101/><D101/><U124/><E57/><V43/><F43/><T49/><D49/><U64/><E64/><V133/><F67/><T78/><D78/><U36/><E36/><V127/><F68/><T3/><D3/><U123/><E123/><RYUUKYOKU ba="0,1" sc="339,20,254,-10,447,-10,0,0" hai0="34,35,56,60,61,65,66,71,82,84,90,91,94" /><INIT seed="4,1,1,0,1,126" ten="359,244,437,0" oya="0" hai0="124,127,48,77,107,42,67,41,64,120,94,52,102" hai1="87,71,85,60,84,89,83,68,61,50,98,128,91" hai2="35,117,34,53,47,135,39,109,113,46,2,97,93" hai3=""/><T63/><N who="0" m="30752" /><T101/><D107/><U0/><E0/><V118/><F2/><T54/><D77/><U132/><E132/><V92/><F109/><T55/><D94/><U104/><E50/><V80/><F39/><T110/><D110/><U51/><E51/><V106/><F53/><N who="0" m="19978" /><D101/><U49/><E49/><V111/><F111/><T40/><D102/><U59/><E104/><V76/><F106/><T103/><D103/><U125/><E98/><V119/><F97/><T36/><D36/><U75/><E87/><V73/><F34/><T116/><D116/><U81/><E75/><V3/><F3/><T70/><D64/><U123/><N who="1" m="31520" /><U79/><E79/><V62/><F93/><T88/><D88/><U33/><E33/><V133/><F92/><T96/><D96/><U122/><N who="1" m="31264" /><U56/><REACH who="1" step="1"/><E125/><REACH who="1" ten="359,234,437,0" step="2"/><V112/><F35/><T130/><D130/><AGARI ba="1,2" hai="56,59,60,61,68,71,81,83,84,85,89,91,128,130" m="31264,31520" machi="130" ten="25,16000,3" yaku="1,1,2,1,22,2,52,4,53,2" doraHai="126" doraHaiUra="78" who="1" fromWho="0" sc="359,-162,234,182,437,0,0,0" /><INIT seed="5,0,0,4,0,109" ten="197,416,437,0" oya="1" hai0="98,0,91,89,1,34,78,79,60,106,127,72,43" hai1="99,134,126,77,130,104,115,38,95,47,50,116,85" hai2="83,123,62,119,110,32,133,107,48,63,41,81,54" hai3=""/><U100/><E116/><V73/><N who="2" m="31520" /><V94/><F32/><T113/><D34/><U36/><E134/><V131/><F133/><T61/><D43/><U74/><E130/><V75/><F107/><T132/><D132/><U53/><E126/><V37/><F110/><T51/><D51/><U59/><E115/><V56/><F119/><T101/><D127/><U125/><E125/><V65/><F75/><T69/><D69/><U86/><E86/><V102/><F63/><T66/><D66/><U114/><E114/><V88/><F102/><T118/><D118/><U49/><E74/><V58/><F73/><T103/><D72/><U64/><E64/><V82/><F131/><T55/><D98/><U108/><E108/><V90/><F37/><T39/><D39/><U45/><E38/><V97/><F41/><T129/><D129/><U121/><N who="1" m="31008" /><U33/><E33/><V120/><N who="2" m="30752" /><V71/><REACH who="2" step="1"/><F90/><REACH who="2" ten="197,416,427,0" step="2"/><T124/><D124/><U87/><E36/><V67/><F67/><T70/><D113/><U40/><E104/><V35/><F35/><T44/><D106/><U111/><E111/><V46/><AGARI ba="0,1" hai="46,48,54,56,58,62,65,71,81,82,83,88,94,97" m="30752,31520" machi="46" ten="30,6000,1" yaku="1,1,0,1,52,2,54,1,53,0" doraHai="109" doraHaiUra="122" who="2" fromWho="2" sc="197,-20,416,-40,427,70,0,0" /><INIT seed="6,0,0,4,4,54" ten="177,376,497,0" oya="2" hai0="63,122,81,52,119,113,94,50,124,126,89,59,48" hai1="112,1,104,105,116,135,82,101,66,123,57,80,84" hai2="76,131,34,133,77,120,65,60,87,35,55,70,132" hai3=""/><V2/><N who="2" m="30752" /><V96/><F2/><T74/><N who="0" m="31264" /><T107/><D107/><U85/><N who="1" m="31520" /><U38/><E38/><V53/><F131/><T36/><D119/><U121/><N who="1" m="31008" /><U68/><E1/><V88/><F96/><T110/><D110/><U56/><E68/><V49/><F55/><T111/><D111/><U71/><E71/><V3/><F3/><T99/><D36/><U109/><E109/><V127/><F127/><T106/><D106/><U73/><E73/><V92/><F35/><T58/><D113/><U47/><E112/><V108/><F34/><T114/><D114/><U75/><E75/><V97/><F97/><T72/><D126/><U69/><E69/><V115/><F108/><T0/><D124/><U86/><E116/><V45/><F115/><T40/><D0/><U117/><E135/><AGARI ba="0,0" hai="45,49,53,60,65,70,76,77,87,88,92,132,133,135" m="30752" machi="135" ten="40,7700,0" yaku="20,1,52,1,54,1" doraHai="54" who="2" fromWho="1" sc="177,0,376,-77,497,77,0,0" owari="177,-42.0,299,-10.0,574,52.0,0,0.0" /></mjloggm>