<mjloggm ver="2.3"><GO type="169" lobby="0"/><UN n0="%E3%81%86%E3%81%A9%E3%82%93%E3%81%93" n1="%E3%81%84%E3%81%8A%E3%81%84%E3%81%8A" n2="%E3%82%8A%E3%81%88" n3="%E5%89%AF%E6%96%99%E7%90%86%E9%95%B7" dan="16,16,16,16" rate="2161.15,2073.21,2046.16,2101.69" sx="M,M,F,M"/><TAIKYOKU oya="0"/><INIT seed="0,0,0,3,5,44" ten="250,250,250,250" oya="0" hai0="66,12,90,72,4,111,123,130,51,126,23,121,13" hai1="60,92,95,9,39,17,107,55,21,30,73,28,68" hai2="64,97,29,38,76,118,5,69,41,104,78,42,31" hai3="62,109,61,77,46,84,70,115,7,98,112,88,119"/><T48/><D72/><U45/><E107/><V85/><F38/><W103/><G119/><T32/><D32/><U134/><E134/><V65/><F5/><W43/><G77/><T3/><D3/><U0/><E73/><V91/><F104/><W54/><G7/><T2/><D2/><U105/><E105/><V75/><F75/><W125/><G109/><T63/><D111/><U26/><E30/><V131/><F97/><W10/><G10/><T58/><D130/><U53/><E53/><V11/><F11/><W59/><G70/><T18/><D126/><U96/><E68/><V113/><F85/><W128/><G62/><T19/><D4/><U116/><E116/><V129/><F69/><W49/><G128/><T47/><D90/><U40/><E96/><V16/><F91/><W79/><G79/><T24/><D24/><U100/><E100/><V14/><F14/><W108/><G125/><T36/><D36/><U83/><E83/><V120/><F118/><W135/><G135/><T35/><D35/><U71/><E0/><V110/><F120/><W8/><G8/><T122/><REACH who="0" step="1"/><D47/><REACH who="0" ten="240,250,250,250" step="2"/><U33/><E33/><V114/><F110/><W82/><REACH who="3" step="1"/><G108/><REACH who="3" ten="240,250,250,240" step="2"/><T132/><D132/><U81/><E9/><AGARI ba="0,2" hai="9,12,13,18,19,23,48,51,58,63,66,121,122,123" machi="9" ten="40,7700,0" yaku="1,1,52,2,53,0" doraHai="44" doraHaiUra="27" who="0" fromWho="1" sc="240,97,250,-77,250,0,240,0" /><INIT seed="0,1,0,0,0,11" ten="337,173,250,240" oya="0" hai0="106,120,122,72,35,132,33,92,44,123,116,95,129" hai1="6,18,42,51,53,110,5,41,47,7,3,118,54" hai2="74,86,94,89,21,77,102,88,50,48,130,10,70" hai3="85,100,84,56,93,2,83,23,24,59,82,1,79"/><T112/><D116/><U68/><E118/><V80/><F70/><W90/><G2/><T58/><D112/><U4/><E68/><V119/><F130/><W108/><G1/><T76/><D106/><U29/><E110/><V13/><F119/><W97/><REACH who="3" step="1"/><G108/><REACH who="3" ten="337,173,250,230" step="2"/><T96/><D129/><U65/><E3/><V75/><F74/><W31/><AGARI ba="1,1" hai="23,24,31,56,59,79,82,83,84,85,90,93,97,100" machi="31" ten="20,12000,2" yaku="1,1,2,1,0,1,7,1,8,1,53,1" doraHai="11" doraHaiUra="73" who="3" fromWho="3" sc="337,-61,173,-31,250,-31,230,133" /><INIT seed="1,0,0,5,5,113" ten="276,142,219,363" oya="1" hai0="92,68,94,21,18,33,24,80,22,81,74,127,71" hai1="49,91,30,12,26,14,77,48,19,39,38,2,16" hai2="31,123,10,66,15,82,0,97,85,6,57,75,124" hai3="88,73,135,52,44,114,34,7,9,25,61,121,51"/><U104/><E104/><V125/><F123/><W126/><G114/><T56/><D33/><U54/><E2/><V111/><F111/><W120/><G126/><N who="2" m="48745" /><F31/><W122/><G73/><T89/><D127/><U65/><E77/><N who="2" m="46287" /><F97/><W4/><G135/><T20/><D24/><U76/><E76/><V78/><F78/><W107/><G107/><T59/><D18/><U131/><E65/><V50/><F75/><W62/><G4/><T134/><D74/><U115/><E115/><V103/><F103/><W105/><G105/><T106/><D106/><U37/><E131/><V119/><F119/><W11/><G11/><T60/><D60/><U116/><E116/><V118/><F118/><W27/><G88/><T95/><D89/><U67/><E67/><V46/><F57/><N who="0" m="22090" /><D134/><U100/><E100/><V98/><F98/><W45/><G45/><T40/><D40/><U70/><E70/><AGARI ba="0,0" hai="20,21,22,68,70,71,80,81,92,94,95" m="22090" machi="70" ten="40,8000,1" yaku="28,2,26,2" doraHai="113" who="0" fromWho="1" sc="276,80,142,-80,219,0,363,0" /><INIT seed="2,0,0,0,3,8" ten="356,62,219,363" oya="2" hai0="27,133,52,90,51,113,109,25,107,75,18,64,66" hai1="0,22,13,104,119,61,65,89,39,93,56,99,100" hai2="45,1,84,71,7,14,83,32,78,24,108,116,20" hai3="16,118,73,69,55,41,38,19,43,128,127,68,49"/><V87/><F116/><W53/><G73/><T29/><D113/><U101/><E0/><V115/><F71/><W120/><G120/><T126/><D107/><U60/><E39/><V112/><F108/><W6/><G118/><T35/><D109/><U110/><E119/><V80/><F32/><W42/><G6/><T123/><D123/><U50/><E110/><V70/><F70/><W117/><G117/><T30/><D75/><U17/><E100/><V94/><F94/><W129/><G38/><T132/><D126/><U85/><REACH who="1" step="1"/><E65/><REACH who="1" ten="356,52,219,363" step="2"/><V111/><F1/><W105/><G127/><T125/><D125/><U57/><E57/><V102/><F102/><W23/><G69/><T130/><D66/><U21/><E21/><V135/><F111/><W82/><G68/><T47/><D64/><U46/><E46/><V4/><F45/><W121/><G23/><T34/><D130/><U88/><E88/><V76/><F135/><W122/><G122/><T37/><D37/><U131/><E131/><V67/><F67/><W114/><G121/><T33/><D33/><U11/><E11/><V103/><F103/><W98/><G129/><T79/><D90/><U36/><E36/><V26/><REACH who="2" step="1"/><F20/><REACH who="2" ten="356,52,209,363" step="2"/><W74/><G128/><T97/><D132/><U106/><E106/><V9/><F9/><W72/><G105/><T95/><D133/><U58/><E58/><V134/><F134/><W63/><G114/><T81/><D35/><U3/><E3/><V62/><F62/><W91/><G63/><T10/><D34/><U5/><E5/><V44/><F44/><W54/><G91/><RYUUKYOKU ba="0,2" sc="356,-15,52,15,209,15,363,-15" hai1="13,17,22,50,56,60,61,85,89,93,99,101,104" hai2="4,7,14,24,26,76,78,80,83,84,87,112,115" /><INIT seed="2,1,2,3,1,113" ten="341,67,224,348" oya="2" hai0="65,60,64,61,107,130,25,132,119,62,73,32,134" hai1="106,72,46,4,56,125,41,26,23,45,54,10,126" hai2="77,135,40,93,99,7,0,84,122,92,11,57,82" hai3="63,117,80,112,16,70,19,71,42,83,12,34,110"/><V85/><F135/><N who="0" m="51754" /><D130/><U69/><E72/><V123/><F40/><W55/><G112/><T37/><D37/><U38/><E69/><V104/><F104/><W108/><G34/><T124/><D124/><N who="1" m="47723" /><E106/><V49/><F85/><W114/><G42/><T115/><D115/><U129/><E129/><V102/><REACH who="2" step="1"/><F93/><REACH who="2" ten="341,67,214,348" step="2"/><W33/><G114/><T29/><D107/><U50/><E41/><V127/><F127/><W9/><G110/><T100/><D73/><U35/><E38/><V86/><F86/><W27/><G108/><T3/><D100/><U98/><E98/><V120/><F120/><W79/><G83/><T6/><D119/><U21/><E35/><V8/><F8/><AGARI ba="1,3" hai="3,6,8,25,29,32,60,61,62,64,65" m="51754" machi="8" ten="30,1000,0" yaku="20,1" doraHai="113" who="0" fromWho="2" sc="341,43,67,0,214,-13,348,0" /><INIT seed="3,0,0,1,2,94" ten="384,67,201,348" oya="3" hai0="36,108,128,5,28,99,22,8,39,118,6,113,84" hai1="62,51,26,89,29,3,47,134,91,30,96,72,43" hai2="100,25,13,85,32,15,17,92,44,0,69,105,10" hai3="125,87,49,127,80,120,7,98,4,129,20,52,83"/><W122/><G129/><T55/><D118/><U112/><E72/><V70/><F105/><W97/><G20/><T110/><D128/><U12/><E3/><V18/><F0/><W53/><G49/><T24/><D113/><U81/><E112/><V60/><F60/><W42/><G87/><T121/><D121/><U48/><E134/><V95/><F44/><W115/><G115/><T133/><D133/><U45/><E62/><V19/><F19/><W9/><G9/><T33/><D33/><U37/><E37/><V68/><F100/><W74/><G42/><T123/><D123/><U50/><E12/><V57/><F57/><W16/><REACH who="3" step="1"/><G16/><REACH who="3" ten="384,67,201,338" step="2"/><N who="0" m="12359" /><D39/><U104/><E50/><V86/><F85/><W79/><G79/><T135/><D36/><U54/><E81/><V41/><F86/><W67/><G67/><T56/><D84/><U40/><E54/><V111/><F41/><W61/><G61/><T73/><D55/><U117/><E117/><V59/><F18/><W46/><G46/><T27/><D8/><U116/><E116/><V124/><F10/><W14/><G14/><T64/><D135/><U101/><REACH who="1" step="1"/><E30/><REACH who="1" ten="384,57,201,338" step="2"/><V114/><F13/><W11/><G11/><T71/><D28/><U65/><E65/><V107/><F15/><W38/><G38/><T31/><D64/><U82/><E82/><V2/><F114/><W106/><G106/><T119/><D119/><U75/><E75/><AGARI ba="0,2" hai="4,7,52,53,74,75,80,83,97,98,120,122,125,127" machi="75" ten="25,24000,3" yaku="1,1,22,2,52,2,54,1,53,2" doraHai="94" doraHaiUra="76" who="3" fromWho="1" sc="384,0,57,-240,201,0,338,260" owari="384,18.0,-183,-68.0,201,-20.0,598,70.0" /></mjloggm>