<mjloggm ver="2.3"><GO type="185" lobby="0"/><UN n0="%4C%61%69%74%79" n1="%65%6C%79%73%69%61" n2="%E3%81%9D%E3%81%86%E3%81%A1%E3%82%87" n3="" dan="17,16,16,0" rate="2240.63,2086.46,2193.14,1500.00" sx="F,M,F,C"/><TAIKYOKU oya="0"/><INIT seed="0,0,0,3,0,114" ten="350,350,350,0" oya="0" hai0="36,129,122,103,38,77,62,132,81,79,110,48,133" hai1="51,63,44,43,71,120,86,61,64,0,78,84,40" hai2="32,91,126,49,90,53,112,134,89,58,83,73,87" hai3=""/><T37/><N who="0" m="31264" /><T121/><N who="0" m="31008" /><T70/><D129/><U128/><N who="1" m="30752" /><U97/><E128/><V74/><F126/><T56/><D110/><U124/><E124/><V59/><F134/><N who="0" m="51818" /><D103/><U72/><E0/><V131/><F131/><T47/><D70/><U34/><E34/><V85/><F112/><T100/><D100/><U50/><E97/><V2/><F2/><T108/><D108/><U69/><E72/><V35/><F91/><T3/><D3/><U55/><E78/><V119/><F119/><T109/><D109/><U102/><E102/><V39/><F39/><T42/><D81/><U68/><E86/><V66/><F32/><T60/><D60/><U75/><E84/><V96/><F96/><T65/><AGARI ba="0,0" hai="36,37,38,42,47,48,56,62,65,77,79" m="51818,31008,31264" machi="65" ten="40,5200,0" yaku="20,1,52,2" doraHai="114" who="0" fromWho="0" sc="350,52,350,-26,350,-26,0,0" /><INIT seed="0,1,0,5,0,65" ten="402,324,324,0" oya="0" hai0="109,71,102,106,37,48,126,80,91,86,58,39,87" hai1="134,105,90,67,104,77,122,61,85,108,118,1,81" hai2="41,99,96,98,51,2,76,59,127,50,0,82,79" hai3=""/><T83/><D126/><U121/><N who="1" m="31008" /><U120/><N who="1" m="30752" /><U100/><N who="1" m="31264" /><U45/><E118/><V95/><F127/><T38/><D71/><U117/><E117/><V119/><F119/><T72/><D72/><U101/><E1/><V69/><F95/><T130/><D130/><U110/><E45/><V60/><F69/><T55/><D109/><N who="1" m="42091" /><E134/><V63/><F41/><T114/><D114/><U52/><E52/><V93/><F2/><T46/><D106/><N who="1" m="41067" /><E77/><V34/><F79/><T124/><D124/><U3/><E3/><V40/><F76/><T131/><D131/><U135/><E135/><V70/><F0/><T84/><D102/><U42/><E42/><V103/><F40/><T73/><D73/><U33/><E33/><V75/><F34/><T36/><N who="0" m="9216" /><DORA hai="88" /><T115/><D115/><U97/><E97/><V132/><F96/><T54/><REACH who="0" step="1"/><D91/><REACH who="0" ten="392,324,324,0" step="2"/><U116/><E116/><V49/><F103/><T32/><D32/><U129/><E129/><V62/><F132/><T113/><D113/><U133/><E133/><V53/><F75/><T111/><D111/><U94/><E101/><V66/><F70/><T107/><D107/><U57/><E100/><V64/><F64/><T89/><D89/><U92/><AGARI ba="1,1" hai="57,61,67,81,85,90,92,94" m="41067,42091,31264,30752,31008" machi="92" ten="40,9000,2" yaku="5,1,14,1,52,5" doraHai="65,88" who="1" fromWho="1" sc="392,-61,324,102,324,-31,0,0" /><INIT seed="1,0,0,5,5,2" ten="331,426,293,0" oya="1" hai0="33,133,102,43,114,119,59,53,44,111,74,34,36" hai1="52,93,91,84,54,68,129,73,108,115,112,0,48" hai2="124,47,41,127,69,79,38,66,37,126,100,98,61" hai3=""/><U71/><E129/><V85/><F85/><T103/><D114/><U32/><E73/><V42/><F79/><T125/><D119/><U88/><E0/><V35/><F41/><T58/><D74/><U99/><E32/><V64/><F64/><T134/><D125/><U118/><E118/><V50/><REACH who="2" step="1"/><F35/><REACH who="2" ten="331,426,283,0" step="2"/><N who="0" m="13322" /><D111/><U92/><E108/><V77/><F77/><T123/><N who="0" m="31520" /><T39/><D39/><U117/><E117/><V76/><F76/><T128/><D128/><U46/><E115/><V60/><F60/><T120/><N who="0" m="30752" /><T132/><D59/><U89/><E112/><V106/><AGARI ba="0,1" hai="37,38,42,47,50,61,66,69,98,100,106,124,126,127" machi="106" ten="30,3000,0" yaku="1,1,0,1,18,1,53,0" doraHai="2" doraHaiUra="72" who="2" fromWho="2" sc="331,-10,426,-20,283,40,0,0" /><INIT seed="2,0,0,3,0,74" ten="321,406,323,0" oya="2" hai0="54,53,3,115,64,98,81,33,62,121,124,112,95" hai1="52,58,128,49,82,85,69,0,113,109,116,87,118" hai2="37,45,50,119,125,71,76,122,1,114,110,77,34" hai3=""/><V79/><RYUUKYOKU type="yao9" ba="0,0" sc="321,0,406,0,323,0,0,0" hai2="1,34,37,45,50,71,76,77,79,110,114,119,122,125" /><INIT seed="2,1,0,0,0,94" ten="321,406,323,0" oya="2" hai0="45,76,66,106,42,38,114,99,115,50,93,44,37" hai1="36,130,62,104,124,82,77,103,35,49,111,132,133" hai2="102,119,59,96,112,53,122,110,73,41,100,70,126" hai3=""/><V63/><N who="2" m="31264" /><V0/><F119/><T58/><D106/><U125/><E36/><V123/><N who="2" m="31520" /><V97/><F112/><T120/><N who="0" m="30752" /><T68/><D68/><U71/><E111/><V34/><F34/><T33/><D33/><U2/><E2/><V116/><F116/><T57/><D76/><U92/><E49/><V135/><F0/><T1/><D1/><U65/><E92/><V86/><F73/><T43/><D50/><U72/><E35/><V69/><F110/><T108/><D108/><U113/><E113/><N who="0" m="43017" /><D66/><U118/><E118/><V117/><F117/><T54/><D54/><U131/><E103/><AGARI ba="1,0" hai="37,38,42,43,44,45,57,58,93,99,103" m="43017,30752" machi="103" ten="30,3900,0" yaku="11,1,52,2" doraHai="94" who="0" fromWho="1" sc="321,41,406,-41,323,0,0,0" /><INIT seed="4,0,0,4,4,45" ten="362,365,323,0" oya="0" hai0="35,91,105,44,42,117,123,129,96,101,56,93,82" hai1="69,57,66,100,55,128,112,38,51,122,37,40,107" hai2="106,60,72,109,41,121,50,39,32,70,75,115,83" hai3=""/><T119/><N who="0" m="31520" /><T132/><D35/><U118/><N who="1" m="31264" /><U103/><E118/><V125/><N who="2" m="31008" /><V98/><F109/><T124/><D129/><U110/><E110/><V79/><F32/><T111/><D111/><U94/><E107/><V88/><F115/><T49/><D124/><U62/><E128/><V48/><F125/><T53/><D82/><U46/><E38/><V2/><F75/><T87/><REACH who="0" step="1"/><D132/><REACH who="0" ten="352,365,323,0" step="2"/><U108/><E108/><V80/><F80/><T74/><D74/><U36/><E112/><V3/><F83/><T65/><D65/><U86/><E36/><AGARI ba="0,1" hai="36,42,44,49,53,56,87,91,93,96,101,105,117,119" m="31520" machi="36" ten="30,11600,0" yaku="1,1,7,1,52,2,53,0" doraHai="45" doraHaiUra="104" who="0" fromWho="1" sc="352,126,365,-116,323,0,0,0" /><INIT seed="4,1,0,5,4,92" ten="478,249,323,0" oya="0" hai0="51,114,104,61,113,135,77,120,134,39,60,62,2" hai1="111,130,64,94,54,99,97,116,122,1,93,57,101" hai2="132,66,87,34,71,78,47,69,72,38,46,3,33" hai3=""/><T83/><N who="0" m="30752" /><T58/><D2/><U70/><N who="1" m="31264" /><U125/><E111/><V117/><F3/><T79/><D39/><U41/><E116/><V127/><F117/><T126/><D104/><U44/><E130/><V128/><F128/><T80/><D126/><U68/><E64/><V37/><F127/><T81/><D51/><U121/><N who="1" m="31008" /><U95/><E1/><V36/><F132/><N who="0" m="50730" /><D58/><U109/><E109/><V52/><F38/><T124/><D124/><U40/><E95/><V106/><F37/><T50/><D50/><U88/><E125/><V49/><F36/><T53/><D53/><U32/><E32/><V67/><F52/><T90/><D90/><U76/><E44/><V115/><F47/><T85/><D85/><U105/><E105/><V98/><F87/><T123/><N who="0" m="31520" /><T55/><D55/><U102/><E88/><V107/><F107/><T96/><D96/><U45/><E45/><V89/><F98/><T103/><D103/><U110/><E110/><V119/><F106/><T59/><D59/><U35/><E35/><V82/><F34/><T42/><D42/><U63/><E76/><AGARI ba="1,0" hai="60,61,62,76,77,79,80,81,83,113,114" m="31520,50730,30752" machi="76" ten="40,12000,1" yaku="28,2,20,1,52,2" doraHai="92" who="0" fromWho="1" sc="478,122,249,-122,323,0,0,0" /><INIT seed="4,2,0,4,1,37" ten="600,127,323,0" oya="0" hai0="107,57,90,110,51,71,56,101,117,49,42,119,93" hai1="105,123,114,62,76,88,133,102,47,35,36,95,99" hai2="52,81,118,2,33,116,83,78,134,32,91,68,59" hai3=""/><T84/><D71/><U48/><N who="1" m="31520" /><U103/><E133/><V46/><F2/><T82/><D110/><U67/><E35/><V98/><F68/><T63/><D107/><U69/><E114/><V97/><F134/><T45/><D51/><U124/><E36/><V109/><F109/><T58/><REACH who="0" step="1"/><D63/><REACH who="0" ten="590,127,323,0" step="2"/><U104/><E104/><V55/><F32/><T40/><D40/><U126/><E105/><V53/><F33/><T115/><D115/><U135/><E135/><V3/><F118/><T79/><D79/><U73/><E124/><V130/><F78/><T61/><D61/><U60/><E126/><V77/><F77/><T113/><D113/><U122/><N who="1" m="31264" /><U120/><N who="1" m="30752" /><U54/><REACH who="1" step="1"/><E62/><REACH who="1" ten="590,117,323,0" step="2"/><V108/><F116/><T34/><D34/><U1/><E1/><V44/><F3/><T132/><D132/><U38/><E38/><V128/><F108/><T86/><D86/><U39/><E39/><V75/><F130/><T74/><D74/><U112/><E112/><V66/><F128/><T100/><D100/><U43/><E43/><V94/><F75/><T80/><D80/><AGARI ba="2,2" hai="47,48,54,60,67,69,73,76,80,88,95,99,102,103" m="30752,31264,31520" machi="80" ten="40,8000,1" yaku="1,1,52,3,54,1,53,0" doraHai="37" doraHaiUra="70" who="1" fromWho="0" sc="590,-84,117,104,323,0,0,0" /><INIT seed="5,0,0,0,5,129" ten="506,221,323,0" oya="1" hai0="107,82,114,101,90,118,43,98,1,61,88,78,112" hai1="87,49,71,58,92,60,91,122,75,83,127,33,47" hai2="53,70,48,85,99,50,63,124,59,0,68,89,119" hai3=""/><U51/><N who="1" m="31264" /><U45/><E33/><V106/><F119/><T35/><D35/><U32/><E32/><V72/><F72/><T105/><D1/><U97/><E127/><V37/><F37/><T57/><D107/><U96/><E71/><V46/><F124/><T102/><D102/><U86/><E75/><V134/><F0/><T123/><N who="0" m="31520" /><T3/><D43/><U111/><E111/><V132/><F106/><T135/><D135/><N who="2" m="51754" /><F99/><T56/><D56/><U54/><E96/><V76/><F76/><T67/><D3/><U100/><E87/><V79/><F79/><T40/><D40/><U36/><E36/><V77/><F77/><T64/><D64/><U108/><E108/><V44/><F44/><AGARI ba="0,0" hai="44,45,47,49,51,54,58,60,83,86,91,92,97,100" m="31264" machi="44" ten="40,3900,0" yaku="8,1,52,1" doraHai="129" who="1" fromWho="2" sc="506,0,221,39,323,-39,0,0" /><INIT seed="5,1,0,2,1,107" ten="506,260,284,0" oya="1" hai0="103,48,92,60,2,76,100,55,68,84,127,94,41" hai1="65,86,59,113,116,111,99,37,66,121,39,120,101" hai2="132,118,96,74,57,3,87,71,67,40,85,38,93" hai3=""/><U106/><N who="1" m="30752" /><U126/><N who="1" m="31008" /><U125/><E116/><V63/><F118/><T83/><D2/><U90/><E111/><V105/><F3/><T133/><D127/><N who="1" m="48651" /><E113/><V89/><F132/><T123/><N who="0" m="31520" /><T33/><D41/><U98/><E98/><V131/><F131/><T104/><D104/><U88/><E90/><V42/><F105/><T50/><D133/><U109/><E109/><V64/><F64/><N who="1" m="24681" /><E59/><V61/><F96/><T135/><D135/><U77/><E77/><V34/><F89/><T114/><D76/><U78/><E78/><V53/><F57/><T128/><D114/><U43/><E43/><V35/><F42/><T47/><D103/><U52/><E52/><V115/><F53/><T69/><D100/><U46/><E46/><V108/><F40/><T73/><D55/><U117/><E117/><V51/><F108/><T44/><D47/><U0/><E0/><V110/><F110/><T80/><D44/><U36/><E36/><V119/><F38/><T72/><D69/><U91/><E91/><V102/><F119/><T54/><D68/><U82/><AGARI ba="1,0" hai="37,39,82,86,88,99,101,106" m="24681,48651,31008,30752" machi="82" ten="30,7800,0" yaku="18,1,52,2,54,1" doraHai="107" who="1" fromWho="1" sc="506,-40,260,80,284,-40,0,0" /><INIT seed="5,2,0,4,2,90" ten="466,340,244,0" oya="1" hai0="86,124,98,103,134,119,88,131,49,50,3,64,123" hai1="101,122,38,69,82,129,114,46,85,53,37,106,110" hai2="47,118,32,41,128,91,35,58,77,113,87,79,115" hai3=""/><U116/><N who="1" m="31264" /><U43/><E116/><V39/><F118/><T99/><N who="0" m="31520" /><T48/><D3/><U130/><E37/><V127/><F128/><T100/><D119/><U89/><E114/><N who="2" m="43531" /><F58/><T42/><D131/><U45/><E69/><V126/><F79/><T125/><D64/><U57/><E46/><V59/><F77/><T2/><D42/><U93/><E106/><V60/><F60/><T61/><D61/><U135/><E110/><V120/><N who="2" m="30752" /><V33/><F59/><T108/><D134/><U34/><E135/><V96/><F96/><T102/><D108/><U111/><E34/><N who="2" m="8707" /><V52/><DORA hai="55" /><F52/><T97/><D2/><U67/><E67/><V109/><F109/><T65/><D65/><U117/><E111/><V71/><F71/><T44/><D44/><U36/><E117/><V51/><F39/><T70/><D70/><U63/><E38/><V72/><F72/><T73/><D73/><U95/><E130/><V132/><F132/><T75/><D75/><U56/><E129/><V112/><N who="2" m="43539" /><V107/><DORA hai="83" /><F107/><T66/><D66/><U40/><E57/><V80/><AGARI ba="2,0" hai="41,47,51,80,87,91,126,127" m="8707,30752,43539" machi="80" ten="60,6000,1" yaku="15,1,11,1,52,2" doraHai="90,55,83" who="2" fromWho="2" sc="466,-22,340,-42,244,64,0,0" /><INIT seed="6,0,0,2,0,134" ten="444,298,308,0" oya="2" hai0="34,128,95,67,92,45,114,72,47,57,105,91,135" hai1="90,99,76,51,50,118,71,132,40,38,43,58,32" hai2="63,85,84,70,112,103,0,106,81,129,42,75,35" hai3=""/><V53/><F35/><T94/><D34/><U79/><E71/><V110/><F0/><T80/><D105/><U3/><E58/><V56/><F112/><T89/><D135/><U123/><N who="1" m="31520" /><U98/><E132/><V131/><F110/><T78/><D128/><N who="2" m="49226" /><F70/><T115/><D67/><U41/><E38/><V69/><F42/><T109/><D57/><U126/><E43/><V44/><F44/><N who="0" m="16970" /><D109/><U60/><E32/><V111/><F111/><T93/><D93/><U113/><E113/><AGARI ba="0,0" hai="72,78,80,89,91,92,94,95,113,114,115" m="16970" machi="113" ten="30,2000,0" yaku="15,1,11,1" doraHai="134" who="0" fromWho="1" sc="444,20,298,-20,308,0,0,0" owari="464,41.0,278,-32.0,308,-9.0,0,0.0" /></mjloggm>