<mjloggm ver="2.3"><GO type="169" lobby="0"/><UN n0="%E3%81%8D%E3%82%83%E3%83%BC%E3%82%8D%E3%82%93" n1="%74%61%6B%65%2D%79%6F%75" n2="%E2%98%86%41%64%72%69%61%6E" n3="%72%65%72%65%6D%61%72%75" dan="16,16,17,16" rate="2105.46,2132.74,2178.02,2166.27" sx="M,M,M,M"/><TAIKYOKU oya="0"/><INIT seed="0,0,0,1,4,71" ten="250,250,250,250" oya="0" hai0="81,78,74,12,14,16,1,99,90,44,58,49,108" hai1="6,135,30,130,38,112,121,28,10,117,66,69,64" hai2="63,102,57,93,118,35,114,134,103,47,55,77,94" hai3="39,79,33,8,109,51,98,104,123,24,48,95,89"/><T43/><D1/><U131/><E117/><V59/><F35/><W80/><G109/><T29/><D29/><N who="1" m="11371" /><E121/><V92/><F114/><W34/><G24/><T85/><D108/><U107/><E107/><V31/><F31/><W9/><G104/><T75/><D58/><U62/><E66/><V5/><F118/><W40/><G79/><T124/><D14/><U60/><E60/><V70/><F70/><W41/><G80/><T132/><D132/><U56/><E56/><V52/><F134/><W7/><G89/><T37/><D124/><U2/><E135/><V18/><F5/><W67/><G7/><T101/><D49/><U127/><E127/><V105/><F105/><W32/><G32/><T13/><D13/><U3/><E3/><V26/><F77/><W111/><G111/><T128/><D128/><N who="1" m="49195" /><E112/><V4/><F47/><W46/><G46/><T110/><D110/><U84/><E84/><V73/><F73/><W72/><G72/><T113/><D113/><U45/><E45/><V42/><F4/><W115/><G123/><T50/><D78/><U20/><E20/><N who="2" m="13591" /><F42/><W126/><G41/><T122/><D50/><AGARI ba="0,0" hai="50,52,55,57,59,63,92,93,94,102,103" m="13591" machi="50" ten="30,2000,0" yaku="8,1,54,1" doraHai="71" who="2" fromWho="0" sc="250,-20,250,0,250,20,250,0" /><INIT seed="1,0,0,5,3,105" ten="230,250,270,250" oya="1" hai0="87,48,53,34,4,63,2,61,118,36,11,17,47" hai1="44,99,43,90,5,7,104,26,119,41,80,10,131" hai2="103,79,82,60,30,125,75,19,121,14,35,116,74" hai3="6,31,13,94,97,37,3,98,108,130,91,16,114"/><U9/><E119/><V18/><F121/><W93/><G108/><T57/><D118/><U50/><E131/><V107/><F116/><W67/><G130/><T122/><D34/><U52/><E26/><V111/><F111/><W83/><G37/><T54/><D122/><U72/><E104/><V56/><F125/><W51/><G31/><T65/><D36/><U133/><E133/><V123/><F123/><W32/><G32/><T23/><D87/><U95/><E9/><V33/><F18/><W1/><G6/><T27/><REACH who="0" step="1"/><D63/><REACH who="0" ten="220,250,270,250" step="2"/><U8/><E7/><V59/><F33/><W113/><G113/><T132/><D132/><U40/><REACH who="1" step="1"/><E5/><REACH who="1" ten="220,240,270,250" step="2"/><V89/><F35/><W58/><G114/><T117/><D117/><U100/><E100/><V12/><F103/><W38/><G1/><T96/><D96/><U85/><E85/><V20/><F74/><W64/><G3/><T109/><D109/><U124/><E124/><V21/><F75/><W68/><G98/><T42/><AGARI ba="0,2" hai="2,4,11,17,23,27,42,47,48,53,54,57,61,65" machi="42" ten="20,5200,0" yaku="1,1,0,1,7,1,53,1" doraHai="105" doraHaiUra="15" who="0" fromWho="0" sc="220,72,240,-26,270,-13,250,-13" /><INIT seed="2,0,0,3,0,42" ten="292,214,257,237" oya="2" hai0="38,39,108,73,68,54,72,50,2,16,84,27,86" hai1="44,98,130,6,3,61,82,29,126,32,81,30,115" hai2="95,101,120,47,63,21,71,12,122,75,113,35,25" hai3="46,43,53,99,69,125,20,24,94,129,121,10,70"/><V52/><F113/><W89/><G129/><T67/><D2/><U106/><E126/><V131/><F75/><W123/><G125/><T90/><D108/><U40/><E61/><V11/><F35/><W132/><G132/><T117/><D117/><U112/><E130/><V55/><F131/><W23/><G53/><T80/><D39/><U1/><E40/><V116/><F71/><W127/><G127/><T5/><D5/><U124/><E6/><N who="2" m="3191" /><F116/><W4/><G23/><T87/><D38/><U26/><E124/><V49/><F122/><W48/><G70/><T15/><D27/><U22/><E26/><V65/><F120/><W93/><G94/><T88/><D73/><U59/><E32/><V51/><F101/><W45/><G45/><N who="0" m="27983" /><D68/><U19/><E1/><V111/><F111/><W18/><REACH who="3" step="1"/><G69/><REACH who="3" ten="292,214,257,227" step="2"/><T57/><D80/><U41/><E82/><V110/><F110/><W96/><G96/><T9/><D72/><U17/><E81/><V64/><F95/><W56/><G56/><T31/><D31/><U76/><E30/><N who="2" m="17711" /><F63/><AGARI ba="0,1" hai="9,15,16,57,63,67,84,86,87,88,90" m="27983" machi="63" ten="30,7700,0" yaku="8,1,52,1,54,2" doraHai="42" who="0" fromWho="2" sc="292,87,214,0,257,-77,227,0" /><INIT seed="3,0,0,3,5,1" ten="379,214,180,227" oya="3" hai0="132,33,65,93,66,94,58,28,2,119,130,75,105" hai1="43,80,22,85,45,98,38,90,82,114,23,91,49" hai2="107,121,11,10,21,70,117,73,69,5,35,34,6" hai3="99,31,52,125,100,56,84,72,63,76,79,88,133"/><W112/><G112/><T13/><D119/><U118/><E114/><V95/><F107/><W36/><G133/><T39/><D75/><U123/><E123/><V97/><F73/><W64/><G125/><T92/><D39/><U44/><E118/><V96/><F21/><W135/><G135/><T61/><D2/><U51/><E38/><V74/><F74/><W86/><G84/><T29/><D105/><U42/><REACH who="1" step="1"/><E85/><REACH who="1" ten="379,204,180,227" step="2"/><V109/><F117/><W104/><G36/><T115/><D115/><U7/><E7/><V46/><F109/><W47/><G72/><T68/><D132/><U53/><E53/><V106/><F121/><W26/><G64/><T14/><D66/><U0/><E0/><V83/><F106/><W120/><G120/><T16/><D65/><U3/><E3/><V9/><F95/><W81/><REACH who="3" step="1"/><G47/><REACH who="3" ten="379,204,180,217" step="2"/><T32/><D68/><U89/><E89/><V126/><F46/><W25/><G25/><T48/><D58/><U4/><E4/><V77/><F126/><W27/><G27/><T131/><D131/><U127/><E127/><V41/><F70/><W30/><G30/><T62/><D130/><U122/><E122/><V111/><F69/><W8/><G8/><T15/><D29/><U124/><E124/><V108/><F5/><W60/><G60/><T17/><D28/><U19/><E19/><N who="0" m="7241" /><D48/><U18/><E18/><V57/><F6/><W128/><G128/><T113/><D113/><U40/><E40/><V134/><F41/><W55/><G55/><T87/><D87/><U110/><E110/><N who="2" m="42027" /><F134/><W12/><G12/><T101/><D15/><RYUUKYOKU ba="0,2" sc="379,-15,204,15,180,-15,217,15" hai1="22,23,42,43,44,45,49,51,80,82,90,91,98" hai3="26,31,52,56,63,76,79,81,86,88,99,100,104" /><INIT seed="3,1,2,4,1,10" ten="364,219,165,232" oya="3" hai0="108,133,69,98,124,1,127,48,3,120,0,35,128" hai1="91,45,94,53,117,62,73,123,7,74,116,112,85" hai2="101,46,24,132,106,16,29,78,134,33,30,11,61" hai3="77,59,17,88,55,26,113,67,5,125,51,40,2"/><W119/><G125/><N who="0" m="48203" /><D69/><U131/><E123/><V36/><F78/><W47/><G119/><N who="1" m="45642" /><E112/><V20/><F61/><W68/><G113/><T126/><D126/><U14/><E131/><V97/><F11/><W32/><G77/><T99/><D35/><U102/><E102/><V8/><F8/><W23/><G32/><T38/><D38/><U129/><E129/><V72/><F72/><N who="1" m="27753" /><E7/><V65/><F65/><W122/><G122/><T71/><D128/><U80/><E45/><V41/><REACH who="2" step="1"/><F33/><REACH who="2" ten="364,219,155,232" step="2"/><W25/><G67/><T31/><D120/><U81/><E62/><V135/><AGARI ba="1,3" hai="16,20,24,29,30,36,41,46,97,101,106,132,134,135" machi="135" ten="30,8000,1" yaku="1,1,2,1,0,1,20,1,54,1,53,0" doraHai="10" doraHaiUra="49" who="2" fromWho="2" sc="364,-21,219,-21,155,113,232,-41" /><INIT seed="4,0,0,3,2,40" ten="343,198,268,191" oya="0" hai0="115,7,8,64,77,13,121,128,41,47,63,120,116" hai1="19,66,110,67,30,99,10,24,74,85,27,80,133" hai2="68,106,79,134,96,97,29,118,130,23,103,78,45" hai3="6,89,43,87,122,125,53,102,42,111,119,126,3"/><T25/><D116/><U69/><E74/><V123/><F68/><W12/><G119/><T26/><D115/><U95/><E110/><V16/><F118/><W22/><G111/><T100/><D128/><U21/><E133/><V84/><F123/><W51/><G122/><T88/><D100/><U113/><E69/><V5/><F29/><W33/><G33/><T82/><D26/><U91/><E113/><V18/><F134/><W101/><G3/><T135/><D135/><U94/><E94/><V28/><F5/><W124/><G102/><T75/><D25/><U71/><E71/><V52/><F28/><W105/><G101/><T61/><D88/><U54/><E54/><V132/><F23/><W60/><G60/><T131/><D131/><U65/><E10/><V14/><F132/><W36/><G36/><T92/><D92/><U90/><REACH who="1" step="1"/><E66/><REACH who="1" ten="343,188,268,191" step="2"/><V76/><F130/><W59/><G105/><T93/><D93/><U109/><E109/><V112/><F112/><W32/><G126/><T48/><D64/><U62/><E62/><V38/><F106/><W70/><G70/><T72/><D72/><U56/><E56/><V107/><F107/><W83/><G59/><T108/><D108/><U49/><E49/><V9/><F103/><W0/><G51/><T50/><D50/><U1/><E1/><V98/><F38/><W39/><G39/><T35/><D120/><U86/><E86/><V57/><F84/><W55/><G87/><T81/><D121/><U17/><E17/><N who="2" m="8399" /><F57/><W4/><G125/><T37/><D37/><U46/><E46/><V2/><F2/><RYUUKYOKU ba="0,1" sc="343,-15,188,15,268,15,191,-15" hai1="19,21,24,27,30,65,67,80,85,90,91,95,99" hai2="16,18,45,52,76,78,79,96,97,98" /><INIT seed="5,1,1,4,3,77" ten="328,203,283,176" oya="1" hai0="106,100,23,118,91,127,94,13,66,47,36,46,53" hai1="1,116,108,11,51,44,88,9,114,131,38,2,92" hai2="129,117,10,85,95,21,119,35,28,8,82,73,17" hai3="5,22,41,86,78,105,52,97,72,128,76,83,84"/><U125/><E38/><V6/><F73/><W70/><G70/><T39/><D118/><U68/><E68/><V37/><F37/><W99/><G41/><T30/><D127/><U65/><E114/><V81/><F35/><W25/><G5/><T74/><D74/><U14/><E131/><V62/><F28/><W50/><G128/><T75/><D75/><U89/><E108/><V120/><F129/><W67/><G67/><T104/><D66/><U12/><E65/><V26/><F120/><W71/><G71/><T31/><D13/><U57/><E57/><V115/><F115/><W42/><G42/><T123/><D94/><U63/><E63/><V135/><F135/><W90/><G76/><T18/><D23/><U79/><E79/><V130/><F130/><W4/><G4/><T98/><D98/><U133/><E116/><V15/><F119/><W110/><G110/><T27/><D123/><U7/><E125/><V64/><F8/><W32/><G32/><T49/><D39/><U87/><E89/><N who="2" m="53679" /><F117/><W55/><G105/><T126/><D91/><U29/><E29/><V134/><F134/><W60/><G60/><T54/><D126/><U101/><E101/><V107/><F107/><W34/><G34/><T59/><D100/><U124/><E124/><V48/><F48/><W40/><G72/><T103/><D103/><U69/><E69/><V61/><F61/><W113/><G113/><T122/><D122/><U3/><E133/><V111/><F111/><W102/><G102/><T19/><D36/><U45/><E51/><V56/><AGARI ba="1,1" hai="6,10,15,17,21,26,56,62,64,81,82" m="53679" machi="56" ten="30,4000,0" yaku="8,1,52,2" doraHai="77" who="2" fromWho="2" sc="328,-11,203,-21,283,53,176,-11" /><INIT seed="6,0,0,5,3,38" ten="317,182,336,165" oya="2" hai0="19,8,3,57,21,22,73,130,27,74,62,67,108" hai1="32,81,13,70,79,53,14,6,86,116,69,128,102" hai2="76,64,95,0,113,96,54,106,40,82,1,23,46" hai3="125,123,112,37,90,121,58,5,61,48,41,30,111"/><V124/><F106/><W24/><G111/><T35/><D108/><U75/><E32/><V18/><F113/><W104/><G104/><T122/><D130/><U17/><E116/><V4/><F124/><W49/><G112/><T119/><D119/><U117/><E128/><V107/><F64/><W92/><G125/><T115/><D122/><U71/><E117/><V126/><F4/><W109/><G5/><T101/><D101/><U132/><E132/><V77/><F54/><W36/><G109/><T103/><D115/><U99/><E6/><V47/><F47/><W97/><G36/><T88/><D103/><U60/><E60/><V87/><F77/><W39/><G39/><T105/><D35/><U114/><E114/><V80/><F80/><W56/><G37/><T26/><D105/><U44/><E14/><V9/><F9/><W100/><G90/><T94/><D8/><U31/><E31/><V20/><F20/><W12/><G12/><T63/><D63/><U16/><E75/><V98/><F98/><W120/><G61/><T2/><D2/><U66/><E66/><V33/><F33/><W68/><G68/><T129/><D3/><U45/><E53/><V110/><F107/><W25/><G25/><T11/><D11/><N who="1" m="6207" /><E17/><V134/><F110/><W85/><G123/><T34/><D34/><U42/><E42/><V43/><F126/><W28/><G121/><T65/><D65/><U7/><E7/><V127/><F127/><W91/><G120/><T135/><D129/><U52/><E52/><V72/><F0/><W131/><G131/><T93/><D67/><RYUUKYOKU ba="0,0" sc="317,-10,182,30,336,-10,165,-10" hai1="44,45,69,70,71,79,81,86,99,102" /><INIT seed="7,1,0,2,0,68" ten="307,212,326,155" oya="3" hai0="67,10,46,22,79,125,78,37,90,59,50,18,23" hai1="11,64,106,98,89,134,85,127,54,129,34,119,39" hai2="126,66,35,71,62,21,87,8,49,124,47,69,95" hai3="2,17,107,82,92,84,100,120,25,131,114,45,19"/><W38/><G120/><T76/><D125/><N who="2" m="48234" /><F35/><W4/><G131/><T77/><N who="0" m="19456" /><DORA hai="48" /><T30/><D37/><U74/><E85/><V9/><F71/><W6/><G107/><T3/><D3/><U14/><E89/><N who="2" m="53695" /><F21/><W70/><G70/><T128/><D128/><U60/><E11/><V113/><F113/><W86/><G114/><T36/><D36/><U104/><E39/><V80/><F80/><W61/><G82/><T130/><D130/><U31/><E31/><V51/><F51/><W13/><G2/><T44/><D90/><U109/><E34/><V133/><F133/><W15/><G25/><N who="0" m="16695" /><D10/><U57/><E134/><V55/><AGARI ba="1,0" hai="8,9,47,49,55,62,66,69" m="53695,48234" machi="55" ten="30,2000,0" yaku="18,1,52,1" doraHai="68,48" who="2" fromWho="2" sc="307,-6,212,-6,326,23,155,-11" owari="301,10.0,206,-19.0,349,45.0,144,-36.0" /></mjloggm>