<mjloggm ver="2.3"><GO type="225" lobby="0"/><UN n0="%70%68%65%6E%6F%6D%65" n1="%E3%82%BC%E3%83%AB%E3%83%80%E3%81%AE%E4%BC%9D%E8%AA%AC" n2="%50%49%58%49" n3="%E8%97%81%E3%83%AF%E3%83%A9%E7%AC%91%77%72%77%72" dan="17,17,16,17" rate="2237.43,2219.44,2129.06,2246.45" sx="M,M,F,M"/><TAIKYOKU oya="0"/><INIT seed="0,0,0,2,3,130" ten="250,250,250,250" oya="0" hai0="55,41,0,82,74,7,1,122,66,6,50,23,78" hai1="95,113,43,126,4,56,111,32,16,131,37,119,129" hai2="121,33,92,120,75,76,57,128,104,124,116,24,67" hai3="3,97,22,102,72,96,59,127,5,11,49,86,85"/><T81/><D122/><U15/><E119/><V13/><F104/><W61/><G127/><T80/><D41/><U84/><E32/><V44/><F128/><N who="1" m="49225" /><E126/><V108/><F124/><W27/><G72/><T64/><D74/><U105/><E105/><V91/><F108/><W132/><G49/><T29/><D78/><U28/><E28/><V71/><F71/><W69/><G132/><T117/><D117/><U21/><E111/><V107/><F107/><W17/><G69/><T77/><D77/><U46/><E113/><V114/><F114/><W70/><G70/><T36/><D36/><U88/><E56/><V100/><F100/><W53/><REACH who="3" step="1"/><G96/><REACH who="3" ten="250,250,250,240" step="2"/><T19/><D50/><U40/><E40/><V2/><F116/><W35/><G35/><T65/><D0/><U83/><E4/><V10/><F2/><W115/><G115/><T110/><D1/><U99/><E99/><V58/><F120/><W98/><G98/><T73/><D73/><U60/><E60/><V133/><F121/><W54/><G54/><T20/><D55/><U112/><E112/><V25/><F33/><W79/><G79/><T51/><D51/><U8/><E83/><N who="2" m="45471" /><F67/><W34/><G34/><T68/><D68/><U125/><E125/><V89/><F58/><W103/><G103/><T26/><REACH who="0" step="1"/><D110/><REACH who="0" ten="240,250,250,240" step="2"/><U30/><E37/><V18/><F57/><W47/><G47/><T93/><D93/><AGARI ba="0,2" hai="3,5,11,17,22,27,53,59,61,85,86,93,97,102" machi="93" ten="30,3900,0" yaku="1,1,7,1,53,1" doraHai="130" doraHaiUra="90" who="3" fromWho="0" sc="240,-39,250,0,250,0,240,59" /><INIT seed="1,0,0,2,3,123" ten="201,250,250,299" oya="1" hai0="127,17,27,131,18,6,37,82,2,94,22,3,113" hai1="44,108,83,59,13,126,95,66,97,56,62,104,102" hai2="39,31,134,119,42,16,40,41,0,70,21,115,8" hai3="52,25,118,114,90,5,135,105,79,74,51,109,71"/><U68/><E126/><V76/><F119/><W55/><G114/><T125/><D37/><U132/><E132/><V111/><F134/><W7/><G135/><T12/><D94/><U78/><E108/><V57/><F70/><W34/><G71/><T48/><D82/><U120/><E120/><V33/><F115/><W23/><G105/><T128/><D48/><U69/><E69/><V86/><F57/><W36/><G36/><T133/><D113/><U60/><E13/><V96/><F96/><W81/><G34/><T19/><D133/><U14/><E14/><N who="2" m="9367" /><F39/><W67/><G67/><T87/><D87/><U85/><E44/><V63/><F63/><W45/><G109/><T121/><D121/><U129/><E129/><N who="0" m="49737" /><D6/><U89/><REACH who="1" step="1"/><E62/><REACH who="1" ten="201,240,250,299" step="2"/><V65/><F111/><W99/><G118/><T28/><D12/><U72/><AGARI ba="0,1" hai="56,59,60,66,68,72,78,83,85,89,95,97,102,104" machi="72" ten="20,18000,2" yaku="1,1,2,1,0,1,7,1,24,2,53,1" doraHai="123" doraHaiUra="107" who="1" fromWho="1" sc="201,-60,240,190,250,-60,299,-60" /><INIT seed="1,1,0,0,1,28" ten="141,430,190,239" oya="1" hai0="13,73,133,35,64,66,62,101,18,14,128,115,102" hai1="8,100,10,108,36,79,130,78,84,118,33,26,125" hai2="94,134,11,104,17,74,12,76,50,0,121,59,106" hai3="81,103,56,21,52,72,40,57,98,114,131,1,92"/><U6/><E118/><V122/><F134/><W43/><G131/><T15/><D115/><U44/><E130/><V107/><F0/><W93/><G114/><T5/><D128/><U96/><E125/><V109/><F109/><W82/><G1/><T127/><D133/><U77/><E108/><V85/><F74/><W46/><G72/><T34/><D127/><U55/><E84/><V16/><F17/><W3/><G3/><T89/><D73/><U22/><E33/><V41/><F41/><N who="3" m="15947" /><G92/><T63/><D18/><N who="1" m="12631" /><E36/><V60/><F50/><N who="3" m="28759" /><G21/><T51/><D51/><N who="1" m="29159" /><E6/><V75/><F75/><W70/><G70/><T132/><D132/><U38/><E38/><V65/><REACH who="2" step="1"/><F94/><AGARI ba="1,0" hai="8,10,77,78,79,94,96,100" m="29159,12631" machi="94" ten="30,1500,0" yaku="8,1" doraHai="28" who="1" fromWho="2" sc="141,0,430,18,190,-18,239,0" /><INIT seed="1,2,0,3,2,121" ten="141,448,172,239" oya="1" hai0="35,86,52,88,41,131,6,63,47,127,34,104,28" hai1="37,79,97,100,25,62,56,16,42,106,98,113,51" hai2="66,135,20,82,9,23,26,2,95,123,73,1,7" hai3="59,48,30,119,33,18,8,68,10,78,80,3,50"/><U0/><E113/><V61/><F123/><W21/><G68/><T75/><D75/><U36/><E0/><V83/><F135/><W124/><G124/><T108/><D127/><U46/><E79/><V77/><F83/><W109/><G109/><T110/><D104/><U5/><E5/><V11/><F95/><W45/><G119/><T117/><D117/><U129/><E129/><V92/><F23/><W84/><G33/><T32/><D6/><U93/><E25/><V128/><F128/><W60/><G30/><T81/><D28/><U133/><E16/><V40/><F40/><N who="3" m="24615" /><G50/><T107/><D107/><U58/><E58/><V116/><F116/><W65/><G3/><T57/><REACH who="0" step="1"/><D131/><REACH who="0" ten="131,448,172,239" step="2"/><U103/><E133/><V74/><F74/><W53/><G65/><AGARI ba="2,1" hai="36,37,42,46,51,56,62,65,93,97,98,100,103,106" machi="65" ten="30,1500,0" yaku="7,1" doraHai="121" who="1" fromWho="3" sc="131,0,448,31,172,0,239,-21" /><INIT seed="1,3,0,4,3,99" ten="131,479,172,218" oya="1" hai0="13,79,9,15,18,48,17,122,2,110,16,75,33" hai1="121,14,37,68,23,119,114,70,97,105,44,76,36" hai2="38,67,64,69,130,60,116,29,54,71,128,19,126" hai3="42,4,131,91,45,47,85,50,59,132,27,134,118"/><U112/><E119/><V109/><F29/><W127/><G118/><T107/><D107/><U24/><E14/><V21/><F116/><W78/><G78/><T26/><D75/><U25/><E121/><V88/><F38/><W90/><G131/><N who="2" m="50217" /><F109/><W65/><G127/><T32/><D79/><U46/><E97/><V96/><F126/><W72/><G72/><T3/><D48/><U100/><E23/><V58/><F67/><W39/><G4/><N who="0" m="3239" /><D110/><U124/><E76/><V31/><F31/><W106/><G106/><T0/><D122/><U94/><E105/><V92/><F64/><W81/><G91/><T57/><D57/><U41/><E124/><V84/><F84/><W129/><G129/><T49/><D49/><U89/><E89/><V101/><F88/><W51/><G27/><AGARI ba="3,0" hai="19,21,27,54,58,60,69,71,92,96,101" m="50217" machi="27" ten="30,2000,0" yaku="19,1,52,1" doraHai="99" who="2" fromWho="3" sc="131,0,479,0,172,29,218,-29" /><INIT seed="2,0,0,4,0,60" ten="131,479,201,189" oya="2" hai0="8,135,78,126,87,112,102,97,131,75,12,39,101" hai1="113,127,116,62,1,132,120,122,45,54,22,90,61" hai2="104,42,4,74,123,5,14,88,21,0,66,68,71" hai3="73,28,25,58,111,119,26,79,32,65,98,2,114"/><V30/><F123/><N who="1" m="47145" /><E113/><V37/><F104/><W29/><G119/><T109/><D112/><U49/><E116/><V105/><F105/><W57/><G114/><T100/><D39/><U72/><E127/><V3/><F74/><W18/><G2/><T34/><D34/><U94/><E132/><V52/><F42/><W11/><G111/><T95/><D109/><U64/><E1/><V77/><F77/><W117/><G117/><T20/><D135/><U63/><E22/><V83/><F37/><W6/><G18/><T96/><D126/><U10/><E10/><V59/><F3/><W19/><G19/><T41/><D131/><U50/><E50/><V47/><F0/><W84/><G98/><T91/><D20/><U76/><E76/><V24/><F71/><W124/><G73/><T86/><D41/><U48/><E48/><N who="2" m="28703" /><F68/><W89/><G79/><T80/><REACH who="0" step="1"/><D75/><REACH who="0" ten="121,479,201,189" step="2"/><U17/><E72/><V103/><F21/><W23/><G124/><T81/><D81/><U129/><E129/><V67/><F83/><W85/><G32/><T82/><D82/><U9/><E9/><V33/><F33/><W106/><G23/><T93/><D93/><U44/><E94/><V56/><F30/><W69/><G11/><T43/><D43/><U38/><E38/><V40/><F40/><W16/><G106/><T36/><D36/><U130/><E130/><V31/><F31/><W51/><G28/><T125/><D125/><U92/><E92/><V15/><F24/><W115/><G26/><T99/><D99/><U13/><E54/><V118/><F118/><W46/><G29/><RYUUKYOKU ba="0,1" sc="121,30,479,-10,201,-10,189,-10" hai0="8,12,78,80,86,87,91,95,96,97,100,101,102" /><INIT seed="3,1,1,2,1,63" ten="151,469,191,179" oya="3" hai0="34,59,53,25,5,67,73,4,131,85,86,87,45" hai1="15,105,1,107,106,78,64,66,56,18,46,103,52" hai2="88,9,98,50,102,97,71,80,48,41,120,127,74" hai3="90,17,0,13,37,82,114,2,7,51,93,123,89"/><W132/><G114/><T125/><D73/><U94/><E1/><V12/><F71/><W126/><G37/><T116/><D116/><U84/><E46/><N who="2" m="25679" /><F74/><W110/><G123/><T35/><D125/><U99/><E84/><N who="0" m="21505" /><T24/><DORA hai="118" /><D34/><U54/><E78/><V29/><F127/><W58/><G126/><T27/><D35/><U113/><E113/><V23/><F120/><W49/><G82/><T30/><D131/><U130/><E130/><V91/><F80/><W8/><G132/><T19/><D30/><U16/><E18/><N who="2" m="8463" /><F50/><W100/><G110/><T76/><D76/><U55/><REACH who="1" step="1"/><E56/><REACH who="1" ten="151,459,191,179" step="2"/><V43/><F43/><W68/><G0/><T79/><D79/><U10/><AGARI ba="1,2" hai="10,15,16,52,54,55,64,66,94,99,103,105,106,107" machi="10" ten="40,16000,3" yaku="1,1,2,1,0,1,52,2,54,2,53,2" doraHai="63,118" doraHaiUra="60,26" who="1" fromWho="1" sc="151,-41,459,183,191,-41,179,-81" owari="110,-29.0,642,74.0,150,-5.0,98,-40.0" /></mjloggm>