<mjloggm ver="2.3"><GO type="169" lobby="0"/><UN n0="%6D%61%74%6F%30%36%30%33" n1="%E7%A5%9E%E4%B8%80%E6%89%93" n2="%E3%81%8D%E3%82%88%E3%81%97%E3%81%BE%E3%82%8B" n3="%74%61%6E%61%4B%61" dan="17,17,16,17" rate="2214.67,2185.85,2120.19,2152.01" sx="M,M,F,M"/><TAIKYOKU oya="0"/><INIT seed="0,0,0,2,3,4" ten="250,250,250,250" oya="0" hai0="45,6,19,93,82,65,101,12,58,52,44,66,14" hai1="9,25,95,115,121,43,37,38,102,22,7,10,129" hai2="49,89,73,72,28,36,96,56,86,124,21,122,34" hai3="134,53,16,81,80,77,78,15,29,62,17,79,91"/><T99/><D82/><U18/><E121/><V111/><F122/><W47/><G134/><T50/><D6/><U128/><E115/><V135/><F36/><W13/><G29/><T40/><D14/><U88/><E102/><V87/><F135/><W64/><G91/><T69/><D69/><U94/><E94/><V125/><F34/><W1/><G1/><T61/><REACH who="0" step="1"/><D44/><REACH who="0" ten="240,250,250,250" step="2"/><N who="1" m="23663" /><E7/><V30/><F72/><W3/><G3/><T85/><D85/><N who="1" m="52623" /><E38/><V119/><F87/><W8/><G47/><T83/><D83/><U48/><E48/><V120/><F86/><W118/><G118/><T0/><D0/><U59/><E59/><V97/><F49/><W132/><G132/><T74/><D74/><U100/><E100/><V90/><F56/><N who="3" m="35087" /><G81/><T11/><AGARI ba="0,1" hai="11,12,19,40,45,50,52,58,61,65,66,93,99,101" machi="11" ten="20,18000,2" yaku="1,1,0,1,7,1,8,1,52,1,54,1,53,0" doraHai="4" doraHaiUra="27" who="0" fromWho="0" sc="240,190,250,-60,250,-60,250,-60" /><INIT seed="0,1,0,1,3,52" ten="430,190,190,190" oya="0" hai0="54,22,89,69,27,62,77,39,20,119,96,121,13" hai1="23,72,75,94,105,78,46,65,70,0,81,87,113" hai2="126,53,47,11,108,98,18,83,15,97,86,14,129" hai3="67,6,74,102,120,106,16,31,50,32,25,12,93"/><T35/><D119/><U95/><E0/><V92/><F108/><W30/><G74/><T42/><D121/><U4/><E4/><V71/><F71/><W2/><G106/><T111/><D111/><U76/><E46/><V80/><F129/><W125/><G125/><T114/><D114/><U107/><E23/><V63/><F126/><W28/><G67/><T1/><D1/><U7/><E7/><V61/><F83/><W43/><G43/><T123/><D123/><U117/><E65/><V127/><F127/><W34/><G50/><T40/><D77/><U101/><E70/><V66/><F15/><W17/><G93/><T133/><D35/><N who="3" m="13353" /><G102/><T68/><D54/><U45/><E45/><V134/><F134/><W60/><G60/><N who="2" m="23113" /><F92/><W104/><G104/><T3/><D133/><U64/><E64/><V118/><F118/><W36/><G36/><T90/><D39/><U48/><E48/><N who="2" m="28831" /><F66/><W116/><G116/><T128/><D69/><U49/><E117/><V57/><F57/><W132/><G132/><T19/><D68/><U9/><E113/><V130/><F130/><W91/><G120/><T85/><D128/><U103/><E49/><V26/><F26/><W112/><G112/><T100/><D27/><U79/><E78/><AGARI ba="1,0" hai="11,14,18,78,80,86,97,98" m="28831,23113" machi="78" ten="30,1000,0" yaku="8,1" doraHai="52" who="2" fromWho="1" sc="430,0,190,-13,190,13,190,0" /><INIT seed="1,0,0,0,0,42" ten="430,177,203,190" oya="1" hai0="111,93,76,67,112,29,87,97,80,26,61,114,18" hai1="57,35,89,84,122,103,77,90,62,73,56,36,48" hai2="16,37,88,44,39,10,105,74,101,81,79,131,22" hai3="127,118,54,52,6,17,53,110,30,134,4,47,129"/><U130/><E36/><V132/><F132/><W119/><G110/><T46/><D111/><U126/><E122/><V70/><F131/><W99/><G134/><T116/><D18/><U66/><E35/><V11/><F70/><W94/><G30/><T113/><D116/><N who="3" m="44585" /><G127/><T33/><D46/><U85/><E103/><V109/><F109/><W59/><G17/><T98/><REACH who="0" step="1"/><D93/><REACH who="0" ten="420,177,203,190" step="2"/><U8/><E126/><V20/><F44/><W68/><G47/><T65/><D65/><U51/><E130/><V128/><F128/><W1/><G129/><T2/><D2/><U0/><E0/><V19/><F105/><W72/><G1/><T12/><D12/><U83/><E8/><V21/><F10/><W107/><G94/><T7/><D7/><U63/><E73/><V120/><F120/><W96/><G72/><T106/><D106/><U40/><E40/><V124/><F124/><W55/><G107/><T82/><D82/><N who="1" m="49335" /><E77/><V23/><F11/><W125/><G125/><T133/><D133/><U32/><E32/><V43/><F19/><W5/><G68/><AGARI ba="0,1" hai="26,29,33,61,67,68,76,80,87,97,98,112,113,114" machi="68" ten="40,1300,0" yaku="1,1,53,0" doraHai="42" doraHaiUra="115" who="0" fromWho="3" sc="420,23,177,0,203,0,190,-13" /><INIT seed="2,0,0,2,3,88" ten="443,177,203,177" oya="2" hai0="105,72,39,9,20,95,15,41,29,82,3,116,5" hai1="62,124,27,120,44,100,66,49,98,130,42,122,125" hai2="74,85,65,30,93,61,107,23,45,46,0,127,102" hai3="68,63,114,32,109,53,103,58,81,128,70,97,59"/><V73/><F0/><W106/><G32/><T126/><D105/><U51/><E27/><N who="2" m="16767" /><F107/><W28/><G109/><T117/><D126/><N who="1" m="48747" /><E98/><N who="2" m="59727" /><F127/><W121/><G28/><T89/><D41/><U133/><E100/><V78/><F74/><W48/><G121/><N who="1" m="46698" /><E133/><V21/><F73/><W43/><G128/><T132/><D39/><N who="1" m="21599" /><E130/><V112/><F112/><W57/><G114/><T101/><D101/><U36/><E36/><V18/><F78/><W129/><G129/><T47/><D132/><U67/><E67/><V50/><F85/><W1/><G1/><T17/><D29/><U92/><E92/><V33/><F33/><W94/><G106/><T22/><D72/><U110/><E110/><V86/><F86/><W52/><G81/><T56/><D82/><U10/><E10/><V40/><F21/><W25/><G25/><T4/><D22/><U64/><E64/><V123/><F123/><W6/><G97/><T37/><D20/><U14/><E14/><V35/><F18/><W108/><G108/><T115/><D3/><U134/><E134/><V19/><F19/><W119/><G103/><T38/><D38/><U54/><E54/><V113/><F35/><W24/><G53/><T16/><D17/><U60/><E60/><V90/><F90/><W87/><G63/><T11/><D89/><U55/><E55/><V76/><F76/><W77/><G52/><T83/><D83/><U13/><E13/><V71/><F113/><W99/><G77/><T7/><D115/><U135/><E135/><V111/><F111/><W31/><G99/><T26/><D16/><U79/><E79/><RYUUKYOKU ba="0,0" sc="443,-15,177,15,203,15,177,-15" hai1="49,51,62,66" hai2="40,45,46,50,61,65,71" /><INIT seed="2,1,0,5,5,126" ten="428,192,218,162" oya="2" hai0="117,101,123,69,67,32,111,90,38,36,30,86,8" hai1="11,134,62,113,74,100,6,63,91,48,97,1,125" hai2="14,83,80,31,135,54,65,59,119,73,3,75,128" hai3="34,17,29,110,129,33,57,24,94,28,5,112,51"/><V64/><F119/><W122/><G122/><T92/><D123/><U16/><E113/><V58/><F3/><W18/><G110/><T124/><D111/><U72/><E125/><V99/><F135/><W43/><G112/><T89/><D124/><U60/><E134/><V2/><F2/><W107/><G107/><T132/><D132/><U52/><E91/><V84/><F31/><W71/><G71/><T133/><D133/><U103/><E103/><V4/><F99/><W40/><G5/><T105/><D117/><U22/><E100/><V131/><F4/><W108/><G108/><T98/><D8/><U78/><E78/><V0/><F0/><W25/><G94/><T50/><D50/><U7/><E97/><V37/><F14/><W47/><G57/><N who="2" m="21513" /><F54/><W81/><G81/><N who="2" m="31305" /><F84/><W20/><G43/><T102/><D102/><U104/><E6/><V79/><F37/><W49/><G49/><T70/><D90/><U39/><E39/><V120/><F79/><W12/><REACH who="3" step="1"/><G17/><REACH who="3" ten="428,192,218,152" step="2"/><T109/><D109/><U55/><E104/><V27/><F120/><W127/><G127/><T44/><D70/><U10/><E48/><V87/><F27/><W95/><G95/><T21/><D38/><U26/><REACH who="1" step="1"/><E11/><REACH who="1" ten="428,182,218,152" step="2"/><V93/><F93/><W115/><G115/><T77/><D36/><U15/><E15/><V41/><F41/><W76/><G76/><T61/><D77/><U56/><E56/><V130/><F87/><W53/><G53/><AGARI ba="1,2" hai="1,7,10,16,22,26,52,53,55,60,62,63,72,74" machi="53" ten="40,5200,0" yaku="1,1,54,2,53,0" doraHai="126" doraHaiUra="42" who="1" fromWho="3" sc="428,0,182,75,218,0,152,-55" /><INIT seed="3,0,0,2,5,126" ten="428,257,218,97" oya="3" hai0="20,40,15,122,75,30,26,58,55,72,82,17,132" hai1="86,53,113,127,33,121,51,36,90,63,29,3,14" hai2="76,13,6,101,84,78,97,94,128,47,92,31,91" hai3="5,102,135,99,0,120,111,37,69,95,85,119,118"/><W77/><G69/><T131/><D122/><U34/><E113/><V87/><F31/><W8/><G120/><T65/><D132/><U68/><E3/><V1/><F1/><W22/><G37/><T41/><D65/><U129/><E36/><V59/><F47/><W70/><G70/><T125/><D125/><U80/><E127/><V110/><F110/><W2/><G135/><T104/><D104/><U12/><E12/><V81/><F59/><W9/><G111/><T109/><D109/><U73/><E73/><V56/><F56/><W38/><G38/><T24/><D24/><U134/><E29/><V45/><F45/><W79/><G22/><T112/><D112/><U107/><E107/><N who="2" m="63919" /><F13/><W60/><G60/><T19/><D75/><U96/><E14/><V25/><F25/><W11/><G11/><T66/><D19/><U52/><E53/><V44/><F44/><W123/><G123/><T7/><D7/><U4/><E4/><V103/><F6/><W74/><G8/><T46/><D46/><U57/><E134/><V115/><F115/><W108/><G0/><T62/><D55/><U27/><E121/><V61/><F61/><W88/><G108/><T130/><D41/><U28/><E34/><V50/><F50/><W67/><G67/><T39/><D40/><U21/><E33/><V18/><F18/><W23/><G23/><N who="0" m="15711" /><D39/><U42/><E42/><V93/><F128/><W89/><G2/><T100/><D131/><U133/><E129/><V16/><F16/><W105/><G5/><T10/><D130/><U106/><E68/><V83/><F103/><RYUUKYOKU ba="0,0" sc="428,-10,257,-10,218,30,97,-10" hai2="76,78,81,83,84,87,91,92,93,94" /><INIT seed="4,1,0,2,3,66" ten="418,247,248,87" oya="0" hai0="45,85,97,101,127,64,93,108,71,112,118,115,36" hai1="128,104,103,134,2,58,56,9,121,120,87,61,60" hai2="117,110,10,67,8,43,73,42,59,78,125,105,38" hai3="79,50,48,11,81,132,28,57,44,63,47,106,80"/><T32/><D118/><U83/><E134/><V37/><F110/><W111/><G111/><T123/><D108/><U92/><E104/><V88/><F117/><W6/><G106/><T5/><D32/><U12/><E2/><V21/><F105/><W33/><G132/><T24/><D123/><U130/><E92/><V16/><F125/><W77/><G28/><T35/><D127/><U17/><E103/><V74/><F78/><W3/><G33/><T70/><D5/><U124/><E61/><N who="2" m="38335" /><F74/><W116/><G116/><T122/><D122/><U129/><E124/><V20/><F73/><W114/><G114/><N who="0" m="43563" /><D64/><N who="1" m="38919" /><E58/><V54/><F21/><W68/><G68/><N who="0" m="26155" /><D85/><U86/><E86/><V133/><F133/><W30/><G30/><N who="0" m="19911" /><D45/><U96/><E96/><V29/><F29/><W100/><G44/><T19/><D36/><U1/><E1/><V31/><F31/><W4/><G47/><T119/><D119/><U109/><E109/><V15/><F38/><W84/><G4/><T22/><D22/><U26/><E26/><V69/><F37/><W27/><G27/><T53/><D53/><U126/><E126/><V95/><F54/><W41/><G6/><T91/><D19/><U51/><E51/><V7/><F69/><W72/><G48/><T40/><D40/><N who="2" m="15402" /><F7/><N who="3" m="1535" /><G50/><T14/><D14/><U65/><E65/><V52/><F52/><N who="3" m="34215" /><G41/><T25/><D25/><U94/><E121/><V102/><F20/><W131/><G72/><T89/><AGARI ba="1,0" hai="89,91,93,97,101" m="19911,26155,43563" machi="89" ten="40,12000,1" yaku="15,1,52,3" doraHai="66" who="0" fromWho="0" sc="418,123,247,-41,248,-41,87,-41" /><INIT seed="4,2,0,1,5,24" ten="541,206,207,46" oya="0" hai0="107,54,134,21,85,27,5,12,38,130,94,46,117" hai1="99,125,122,79,2,55,50,47,68,89,17,133,49" hai2="31,102,116,71,78,106,100,97,103,42,60,66,14" hai3="75,93,8,1,82,65,90,88,40,59,23,13,113"/><T109/><D107/><U26/><E122/><V72/><F116/><W37/><G113/><T10/><D117/><U57/><E68/><V45/><F14/><W91/><G37/><T34/><D109/><U63/><E2/><V62/><F62/><W52/><G40/><T44/><D130/><U98/><E133/><V58/><F58/><W92/><G65/><T3/><D134/><U76/><E50/><V83/><REACH who="2" step="1"/><F31/><REACH who="2" ten="541,206,197,46" step="2"/><W110/><G110/><T81/><D12/><U43/><E63/><V6/><F6/><W30/><G1/><T123/><D5/><U56/><E57/><V128/><F128/><W39/><G39/><AGARI ba="2,1" hai="39,42,45,60,66,71,72,78,83,97,100,102,103,106" machi="39" ten="30,3900,0" yaku="1,1,7,1,53,1" doraHai="24" doraHaiUra="74" who="2" fromWho="3" sc="541,0,206,0,197,55,46,-45" /><INIT seed="5,0,0,1,1,35" ten="541,206,252,1" oya="1" hai0="5,66,95,61,101,76,20,100,64,16,50,43,133" hai1="23,131,125,81,59,32,63,111,110,135,44,38,129" hai2="97,45,99,31,39,86,30,1,96,78,103,49,34" hai3="109,33,93,53,106,112,122,21,85,37,70,88,72"/><U52/><E32/><V121/><F121/><W115/><G33/><T134/><D5/><U24/><E81/><N who="2" m="47415" /><F1/><W132/><G70/><T107/><D107/><U9/><E9/><V105/><F39/><W73/><G37/><T102/><D76/><U41/><E135/><V14/><F105/><W26/><G109/><N who="1" m="41482" /><E23/><V65/><F103/><W126/><G122/><T15/><D95/><U36/><E24/><V94/><F34/><W128/><G106/><T74/><D74/><U40/><E125/><V116/><F116/><W56/><G128/><N who="1" m="49226" /><E41/><V98/><F65/><W92/><G92/><T25/><D64/><U4/><E4/><V0/><F0/><W71/><G71/><T80/><D66/><U8/><E8/><V48/><F48/><AGARI ba="0,0" hai="36,38,40,44,48,52,59,63" m="49226,41482" machi="48" ten="30,12000,1" yaku="10,1,19,1,34,2,54,1" doraHai="35" who="1" fromWho="2" sc="541,0,206,120,252,-120,1,0" /><INIT seed="5,1,0,4,0,43" ten="541,326,132,1" oya="1" hai0="60,1,103,80,16,35,48,135,120,44,2,98,85" hai1="46,53,84,29,106,21,40,107,93,113,66,124,69" hai2="96,131,90,61,92,62,0,37,91,110,7,115,57" hai3="65,47,58,82,117,11,6,45,22,111,31,9,50"/><U130/><E113/><V67/><F110/><W88/><G111/><T126/><D35/><U19/><E29/><V55/><F37/><W100/><G100/><T33/><D33/><U38/><E130/><V133/><F115/><W114/><G114/><T27/><D120/><U63/><E124/><V112/><F131/><W74/><G117/><T8/><D60/><U71/><E71/><V119/><F119/><W32/><G32/><T76/><D135/><U30/><E30/><V134/><F112/><W97/><G74/><T78/><D78/><U4/><E4/><V95/><F7/><W39/><G39/><T83/><D83/><U118/><E118/><V42/><F0/><W5/><G5/><T52/><D126/><U116/><E116/><V81/><F81/><W13/><G9/><T105/><D27/><U89/><E53/><V87/><REACH who="2" step="1"/><F42/><REACH who="2" ten="541,326,122,1" step="2"/><W36/><G36/><T70/><D2/><U34/><E40/><V17/><F17/><W109/><G109/><T54/><D80/><U25/><E19/><V59/><AGARI ba="1,1" hai="55,57,59,61,62,67,87,90,91,92,95,96,133,134" machi="59" ten="30,2000,0" yaku="1,1,0,1,53,0" doraHai="43" doraHaiUra="14" who="2" fromWho="2" sc="541,-6,326,-11,122,33,1,-6" owari="535,63.0,315,12.0,155,-24.0,-5,-51.0" /></mjloggm>