<mjloggm ver="2.3"><GO type="225" lobby="0"/><UN n0="%E3%81%99%E3%81%84%E3%81%BE%E3%81%9B%E3%83%BC%E3%82%93" n1="%E4%B8%87%E8%83%BD%E3%81%AD%E3%81%8E" n2="%70%68%65%6E%6F%6D%65" n3="%E5%8B%95%E7%89%A9%E5%9C%92%E3%81%AE%E3%81%8F%E3%82%8D" dan="17,16,17,16" rate="2161.75,2064.31,2221.63,2182.53" sx="M,M,M,M"/><TAIKYOKU oya="0"/><INIT seed="0,0,0,1,1,70" ten="250,250,250,250" oya="0" hai0="63,92,2,29,59,43,91,64,105,129,99,11,97" hai1="115,30,60,28,96,3,94,52,130,4,36,83,17" hai2="1,127,71,48,19,114,35,81,5,111,76,40,67" hai3="131,45,58,88,37,132,23,117,103,15,116,42,124"/><T104/><D129/><U68/><E130/><V98/><F114/><W106/><G131/><T46/><D29/><U27/><E115/><V72/><F35/><W119/><G124/><T120/><D120/><U16/><E36/><V107/><F111/><W31/><G132/><T65/><D65/><U39/><E39/><V95/><F127/><W134/><G134/><T8/><D2/><U133/><E133/><V57/><F19/><N who="1" m="7241" /><E68/><V62/><F107/><W73/><G73/><T135/><D135/><U9/><E3/><V26/><F26/><W82/><G15/><T121/><D121/><U100/><E27/><V41/><F5/><W126/><G126/><T44/><D44/><U90/><E9/><V112/><F1/><W13/><G13/><T49/><REACH who="0" step="1"/><D105/><REACH who="0" ten="240,250,250,250" step="2"/><U79/><E30/><V89/><F112/><W75/><G31/><T22/><D22/><U34/><E28/><V108/><F108/><W110/><G23/><T32/><D32/><U77/><E34/><V66/><F66/><W109/><G110/><T24/><D24/><U125/><E125/><V55/><AGARI ba="0,1" hai="40,41,48,55,57,62,67,71,72,76,81,89,95,98" machi="55" ten="30,1100,0" yaku="0,1" doraHai="70" who="2" fromWho="2" sc="240,-5,250,-3,250,21,250,-3" /><INIT seed="1,0,0,3,5,9" ten="235,247,271,247" oya="1" hai0="69,110,134,128,8,35,102,118,96,23,86,103,3" hai1="109,76,106,92,33,39,18,135,42,124,41,67,74" hai2="130,82,94,60,73,78,54,101,43,66,111,65,107" hai3="25,127,104,27,32,53,56,22,129,64,120,51,117"/><U87/><E106/><V77/><F111/><W62/><G120/><T11/><D118/><U28/><E135/><V48/><F130/><W31/><G117/><T40/><D128/><U57/><E124/><V24/><F77/><W83/><G129/><T38/><D35/><U79/><E109/><V21/><F107/><W112/><G127/><T97/><D134/><U47/><E42/><V45/><F101/><W16/><G104/><T100/><D69/><U116/><E116/><V122/><F94/><W119/><G119/><T105/><D110/><U123/><E123/><V121/><F66/><W114/><REACH who="3" step="1"/><G83/><REACH who="3" ten="235,247,271,237" step="2"/><T44/><D105/><U5/><E92/><V30/><REACH who="2" step="1"/><F43/><REACH who="2" ten="235,247,261,237" step="2"/><W12/><G12/><T75/><D40/><U46/><E41/><V95/><F95/><W91/><G91/><T71/><D103/><U14/><E76/><V115/><F115/><W85/><G85/><T26/><D86/><U61/><E87/><V84/><F84/><W81/><G81/><T80/><D102/><U98/><E79/><V36/><F36/><W131/><G131/><T15/><D80/><U55/><E39/><V125/><F125/><W133/><G133/><T13/><D100/><U29/><E98/><V108/><F108/><W113/><G113/><T52/><D38/><U49/><E74/><V58/><AGARI ba="0,2" hai="21,24,30,45,48,54,58,60,65,73,78,82,121,122" machi="58" ten="20,2700,0" yaku="1,1,0,1,7,1,53,0" doraHai="9" doraHaiUra="6" who="2" fromWho="2" sc="235,-7,247,-13,261,47,237,-7" /><INIT seed="2,0,0,3,3,133" ten="228,234,308,230" oya="2" hai0="60,98,33,100,73,70,115,87,129,112,113,88,24" hai1="95,36,20,72,86,105,19,54,107,135,90,77,102" hai2="16,17,66,63,29,28,13,50,99,4,82,38,89" hai3="44,6,35,109,110,53,124,130,14,34,41,31,7"/><V42/><F38/><W121/><G121/><T103/><D129/><U118/><E118/><V12/><F42/><W64/><G130/><T106/><D73/><U61/><E36/><V51/><F4/><W47/><G64/><N who="0" m="41223" /><D103/><U57/><E135/><V46/><F99/><W62/><G31/><N who="0" m="19687" /><D115/><U67/><E102/><V101/><F101/><W116/><G116/><T43/><D43/><U49/><E77/><V128/><F128/><W127/><G41/><T122/><D122/><U22/><E72/><V126/><F89/><W56/><G14/><T23/><D23/><U134/><E134/><V104/><F82/><AGARI ba="0,0" hai="82,87,88,98,100,106,112,113" m="19687,41223" machi="82" ten="30,2000,0" yaku="25,1,54,1" doraHai="133" who="0" fromWho="2" sc="228,20,234,0,308,-20,230,0" /><INIT seed="3,0,0,1,4,46" ten="248,234,288,230" oya="3" hai0="90,58,133,28,20,83,57,107,13,94,30,102,47" hai1="125,60,72,37,129,69,88,52,100,61,78,76,9" hai2="108,38,118,86,92,115,106,122,79,27,48,16,45" hai3="31,7,109,22,103,104,80,63,10,21,50,130,17"/><W35/><G130/><T29/><D133/><U95/><E37/><V121/><F118/><W74/><G109/><T44/><D83/><U135/><E135/><V101/><F115/><W2/><G63/><T120/><D120/><N who="2" m="46186" /><F108/><W67/><G67/><T127/><D127/><U123/><E129/><V66/><F66/><W91/><G103/><T1/><D1/><U32/><E100/><V98/><F38/><W114/><G104/><T56/><D102/><U12/><E32/><V64/><F64/><W33/><G114/><T55/><D107/><U126/><E69/><V96/><F79/><W19/><G74/><T85/><D55/><U18/><E72/><V15/><F27/><N who="3" m="16879" /><G50/><T34/><D34/><N who="3" m="12809" /><G91/><T3/><D3/><U53/><E123/><V75/><F75/><W62/><G62/><N who="1" m="24170" /><E126/><V25/><F25/><N who="3" m="14543" /><G80/><T23/><D47/><U110/><E110/><V73/><F86/><W40/><G40/><T43/><D44/><U82/><E125/><V134/><F73/><W26/><G26/><N who="0" m="16455" /><D43/><U68/><E68/><V99/><F134/><W131/><G131/><T51/><D51/><U65/><E65/><V116/><F106/><W93/><G93/><T113/><D113/><U24/><E78/><V41/><F116/><W105/><G105/><T36/><D36/><U132/><E132/><V111/><F111/><W14/><G2/><T119/><D119/><U84/><E24/><V59/><F59/><W49/><G49/><T71/><D71/><U112/><E112/><V4/><F101/><W89/><G89/><T77/><D77/><U97/><AGARI ba="0,0" hai="9,12,18,52,53,76,82,84,88,95,97" m="24170" machi="97" ten="30,4000,0" yaku="8,1,54,2" doraHai="46" who="1" fromWho="1" sc="248,-10,234,40,288,-10,230,-20" /><INIT seed="4,0,0,2,5,57" ten="238,274,278,210" oya="0" hai0="7,64,19,45,128,40,28,60,61,134,50,135,86" hai1="123,46,62,82,56,102,101,2,23,90,97,130,132" hai2="108,36,13,20,35,109,74,76,16,88,81,42,33" hai3="10,43,12,48,30,58,131,103,96,11,29,17,119"/><T53/><D128/><U41/><E2/><V98/><F42/><W25/><G119/><T55/><D7/><U21/><E130/><V122/><F36/><W77/><G131/><T63/><D28/><U113/><E132/><N who="0" m="50729" /><D64/><U106/><E102/><V107/><F122/><W126/><G126/><T95/><D19/><U49/><E113/><V114/><F114/><W72/><G72/><T69/><D69/><U105/><E105/><V121/><F121/><W44/><G77/><T68/><D68/><U32/><E32/><V52/><F107/><W94/><G11/><T92/><D86/><U85/><REACH who="1" step="1"/><E123/><REACH who="1" ten="238,264,278,210" step="2"/><V115/><F115/><W5/><REACH who="3" step="1"/><G58/><REACH who="3" ten="238,264,278,200" step="2"/><N who="0" m="33079" /><D55/><AGARI ba="0,2" hai="21,23,41,46,49,55,56,62,82,85,90,97,101,106" machi="55" ten="30,7700,0" yaku="1,1,7,1,52,1,53,1" doraHai="57" doraHaiUra="79" who="1" fromWho="0" sc="238,-77,264,97,278,0,200,0" owari="161,-34.0,361,46.0,278,8.0,200,-20.0" /></mjloggm>