<mjloggm ver="2.3"><GO type="169" lobby="0"/><UN n0="%72%65%6E%6A%69%38%33" n1="%43%48%55%47%45" n2="%E3%81%86%E3%81%A9%E3%82%93%E3%81%93" n3="%E7%A5%9E%E4%B8%80%E6%89%93" dan="18,17,16,17" rate="2221.16,2234.45,2173.12,2189.34" sx="M,M,M,M"/><TAIKYOKU oya="0"/><INIT seed="0,0,0,2,2,121" ten="250,250,250,250" oya="0" hai0="75,84,119,56,7,116,10,31,41,37,2,96,27" hai1="99,3,76,133,5,107,109,91,8,93,115,59,68" hai2="36,55,89,79,101,34,111,87,95,53,39,114,49" hai3="22,108,65,80,124,58,126,120,20,54,92,38,123"/><T14/><D75/><U6/><E68/><V69/><F34/><W30/><G80/><T19/><D84/><U74/><E133/><V33/><F33/><W26/><G38/><T85/><D85/><U62/><E115/><V60/><F114/><W73/><G73/><T13/><D56/><U70/><E70/><V24/><F79/><W122/><G65/><T83/><D83/><U63/><E6/><V100/><F24/><W47/><G47/><T106/><D41/><U90/><E107/><V129/><F129/><W118/><G118/><T50/><D50/><U94/><E109/><V66/><F55/><W4/><G4/><T104/><D37/><U135/><E135/><V18/><F111/><W1/><G1/><T52/><D52/><U77/><E74/><V98/><F18/><W117/><G117/><N who="0" m="45131" /><D96/><U86/><REACH who="1" step="1"/><E63/><REACH who="1" ten="250,240,250,250" step="2"/><V127/><F127/><W21/><G108/><T130/><D130/><U71/><E71/><V15/><F69/><W42/><G126/><T110/><D110/><U128/><E128/><V67/><F60/><W134/><G124/><T45/><D106/><U102/><E102/><V25/><F100/><W112/><G134/><T51/><D104/><U81/><E81/><V125/><F125/><W61/><G112/><T28/><D2/><U48/><E48/><V40/><F49/><W0/><G0/><N who="0" m="359" /><D51/><U23/><E23/><N who="3" m="8778" /><G92/><T78/><D45/><U132/><E132/><V82/><F39/><W72/><G72/><T44/><D44/><U103/><E103/><V64/><F36/><W97/><G42/><T57/><D57/><U113/><E113/><RYUUKYOKU ba="0,1" sc="250,-15,240,15,250,-15,250,15" hai1="3,5,8,59,62,76,77,86,90,91,93,94,99" hai3="22,26,30,54,58,61,97,120,122,123" /><INIT seed="1,1,1,2,1,56" ten="235,255,235,265" oya="1" hai0="118,31,114,87,48,135,51,82,24,111,30,62,66" hai1="43,103,105,126,100,8,75,132,64,65,78,55,128" hai2="113,14,91,83,97,16,76,86,115,61,129,28,29" hai3="124,0,27,58,38,94,107,60,96,46,2,127,110"/><U123/><E123/><V4/><F4/><W18/><G110/><T99/><D111/><U63/><E126/><N who="3" m="48170" /><G107/><T15/><D114/><N who="2" m="43530" /><F129/><W77/><G77/><T101/><D135/><U6/><E128/><V36/><F36/><W89/><G46/><T35/><D15/><U116/><E116/><V19/><F19/><W70/><G70/><T85/><D31/><U23/><E132/><V109/><F109/><W20/><G38/><T67/><D67/><AGARI ba="1,1" hai="0,2,18,20,27,58,60,67,89,94,96" m="48170" machi="67" ten="30,2000,0" yaku="18,1,52,1" doraHai="56" who="3" fromWho="0" sc="235,-23,255,0,235,0,265,33" /><INIT seed="2,0,0,0,3,121" ten="212,255,235,298" oya="2" hai0="24,135,114,27,123,5,33,20,50,11,129,56,95" hai1="101,22,86,62,96,88,38,122,2,74,59,113,65" hai2="79,48,1,105,17,128,130,134,36,94,71,106,30" hai3="132,70,73,83,116,25,19,87,108,34,98,35,8"/><V63/><F36/><W102/><G108/><T109/><D123/><U6/><E122/><V10/><F30/><W39/><G70/><T54/><D114/><U13/><E74/><V43/><F134/><W26/><G116/><T115/><D135/><U77/><E113/><V84/><F43/><W126/><G126/><T12/><D115/><U76/><E38/><V45/><F63/><W107/><G73/><T68/><D129/><N who="2" m="49770" /><F71/><W64/><G64/><T82/><D68/><U112/><E2/><V52/><F17/><W72/><G39/><T15/><D82/><U127/><E127/><V28/><F28/><W23/><G72/><T111/><D95/><U61/><E112/><V37/><F37/><W120/><G132/><T92/><D92/><U91/><E62/><V3/><F79/><W42/><G42/><T89/><D89/><U18/><E6/><N who="2" m="1359" /><F3/><W69/><G69/><T60/><D60/><U81/><REACH who="1" step="1"/><E91/><AGARI ba="0,0" hai="45,48,52,84,91,94,105,106" m="1359,49770" machi="91" ten="30,2900,0" yaku="19,1,54,1" doraHai="121" who="2" fromWho="1" sc="212,0,255,-29,235,29,298,0" /><INIT seed="2,1,0,0,2,40" ten="212,226,264,298" oya="2" hai0="59,53,130,34,66,103,129,96,18,28,69,51,49" hai1="16,77,57,70,114,115,45,38,128,23,97,5,83" hai2="73,44,21,92,112,122,52,7,11,12,123,104,39" hai3="32,118,35,46,15,133,47,63,95,75,134,48,94"/><V85/><F104/><W62/><G48/><T78/><D18/><U81/><E70/><V107/><F107/><W58/><G58/><T13/><D13/><U14/><E128/><V26/><F73/><W80/><G80/><T8/><D8/><U108/><E108/><V126/><F112/><W72/><G15/><T100/><D78/><U117/><E117/><AGARI ba="1,0" hai="32,35,46,47,62,63,72,75,94,95,117,118,133,134" machi="117" ten="25,6400,0" yaku="22,2,52,2" doraHai="40" who="3" fromWho="1" sc="212,0,226,-67,264,0,298,67" /><INIT seed="3,0,0,0,0,20" ten="212,159,264,365" oya="3" hai0="103,36,95,49,89,71,118,72,12,58,106,107,69" hai1="50,33,125,70,17,48,16,40,14,110,87,96,91" hai2="0,83,25,34,46,29,97,114,68,26,94,130,119" hai3="124,5,80,19,65,64,108,27,128,113,45,21,86"/><W98/><G113/><T131/><D36/><U54/><E70/><V35/><F119/><W84/><G128/><T9/><D118/><U116/><E116/><V3/><F114/><W82/><G124/><T2/><D131/><U73/><E73/><V88/><F130/><W28/><G5/><T101/><D72/><U100/><E33/><V67/><F46/><W75/><G75/><T63/><D2/><U8/><E110/><V120/><F120/><W117/><G117/><T129/><D129/><U85/><E125/><V51/><F51/><W102/><G45/><T121/><D121/><U56/><E40/><V30/><REACH who="2" step="1"/><F83/><REACH who="2" ten="212,159,254,365" step="2"/><W11/><G82/><T122/><D49/><U79/><E48/><V43/><F43/><W60/><G108/><T15/><D122/><U39/><E39/><V81/><F81/><W126/><G80/><T53/><D63/><AGARI ba="0,1" hai="0,3,25,26,29,30,34,35,63,67,68,88,94,97" machi="63" ten="40,8000,1" yaku="1,1,9,1,52,2,54,1,53,0" doraHai="20" doraHaiUra="41" who="2" fromWho="0" sc="212,-80,159,0,254,90,365,0" /><INIT seed="4,0,0,2,3,109" ten="132,159,344,365" oya="0" hai0="43,63,27,59,34,68,66,110,15,75,71,53,67" hai1="1,103,114,131,21,35,69,96,6,62,84,134,54" hai2="52,80,85,132,25,112,51,37,107,118,32,128,23" hai3="36,74,124,26,133,108,111,79,83,73,22,41,38"/><T87/><D75/><U86/><E35/><V7/><F107/><W93/><G133/><T16/><D110/><U48/><E134/><V117/><F37/><W90/><G124/><T88/><D43/><U98/><E131/><V123/><F123/><W57/><G74/><T5/><D5/><U28/><E1/><V70/><F70/><W60/><G41/><T17/><D68/><U19/><E6/><V29/><F132/><W2/><G2/><T4/><D4/><U47/><E28/><V64/><F64/><W119/><G119/><N who="2" m="45577" /><F7/><W82/><G82/><T113/><D113/><U11/><E11/><V39/><F39/><W81/><G81/><N who="0" m="49263" /><D71/><U102/><E69/><V97/><F97/><W92/><G92/><T94/><D34/><U0/><E0/><V46/><F32/><W135/><G36/><T24/><D94/><U12/><E62/><V31/><F128/><W115/><G38/><T45/><D45/><U65/><E65/><N who="0" m="24585" /><D17/><U49/><E98/><V89/><F31/><W129/><G135/><T104/><D104/><U9/><E96/><V30/><F29/><W106/><G106/><T42/><D42/><U72/><E72/><V10/><F10/><AGARI ba="0,0" hai="10,15,16,24,27,53,59,63" m="24585,49263" machi="10" ten="30,5800,0" yaku="8,1,54,2" doraHai="109" who="0" fromWho="2" sc="132,58,159,0,344,-58,365,0" /><INIT seed="4,1,0,5,5,35" ten="190,159,286,365" oya="0" hai0="68,20,44,25,78,84,111,16,123,76,96,38,22" hai1="88,130,58,99,125,119,118,79,52,106,21,42,41" hai2="26,23,13,63,92,29,56,53,39,28,113,0,18" hai3="47,36,103,129,82,27,108,31,33,46,80,120,72"/><T70/><D123/><U116/><E125/><V62/><F113/><W69/><G108/><T7/><D111/><U77/><E130/><V12/><F39/><W15/><G69/><T30/><D96/><U112/><E112/><V109/><F109/><W134/><G134/><T91/><D7/><U102/><E21/><V86/><F0/><W2/><G2/><T49/><D38/><U59/><E59/><V132/><F132/><W73/><G129/><T8/><D8/><U61/><REACH who="1" step="1"/><E88/><REACH who="1" ten="190,149,286,365" step="2"/><N who="2" m="53271" /><F63/><W14/><G80/><N who="0" m="49543" /><D68/><U124/><E124/><V127/><F127/><W75/><G120/><T66/><D70/><U57/><E57/><V48/><F62/><W90/><G82/><T98/><D66/><U71/><E71/><V9/><F26/><W67/><G90/><T100/><D100/><U87/><E87/><V1/><F56/><W24/><G103/><T114/><D114/><U11/><E11/><V135/><F9/><W128/><G128/><T34/><D34/><U3/><E3/><V51/><F1/><W10/><G33/><T50/><D98/><U121/><E121/><V107/><F23/><W126/><G126/><T32/><D32/><U95/><E95/><V17/><F135/><W104/><G73/><T5/><D22/><U54/><E54/><V93/><F53/><W60/><G10/><T122/><D122/><U45/><E45/><V94/><F93/><W74/><G75/><T64/><D44/><U105/><E105/><V85/><F107/><W117/><G72/><T37/><D20/><U101/><E101/><V19/><F94/><W65/><G74/><RYUUKYOKU ba="1,1" sc="190,-10,149,30,286,-10,365,-10" hai1="41,42,52,58,61,77,79,99,102,106,116,118,119" /><INIT seed="5,2,1,3,1,106" ten="180,179,276,355" oya="1" hai0="2,85,37,127,3,110,131,1,21,51,23,91,107" hai1="30,123,62,42,43,39,125,28,57,108,121,72,134" hai2="14,6,48,133,26,36,116,113,46,7,114,80,8" hai3="24,22,126,69,83,132,35,18,38,120,61,58,96"/><U25/><E125/><V119/><F36/><W98/><G120/><T74/><D127/><U49/><E134/><V59/><F59/><W40/><G132/><T70/><D37/><U100/><E108/><V55/><F133/><W54/><G69/><T115/><D110/><U29/><E39/><V95/><F6/><W89/><G126/><T86/><D107/><U64/><E25/><V53/><F53/><W4/><G4/><T87/><D70/><U27/><E27/><V41/><F55/><W122/><G35/><T112/><D51/><U16/><E100/><V92/><F26/><W66/><G122/><T130/><D91/><U44/><E43/><V34/><F34/><W105/><G105/><T81/><D74/><U50/><E50/><V12/><F12/><W124/><G66/><T128/><D81/><U77/><REACH who="1" step="1"/><E16/><REACH who="1" ten="180,169,276,355" step="2"/><V101/><F101/><W99/><G124/><T102/><D102/><U94/><E94/><V5/><F119/><W129/><G40/><T11/><D11/><U33/><E33/><V17/><F116/><W9/><G9/><T0/><N who="0" m="0" /><DORA hai="15" /><T103/><D103/><U71/><E71/><V20/><F8/><W135/><G135/><T19/><D19/><U104/><E104/><V111/><F111/><W82/><G18/><T45/><D45/><U76/><E76/><V10/><F10/><W13/><G24/><T60/><D60/><U31/><N who="1" m="7168" /><DORA hai="109" /><U73/><E73/><V75/><F95/><W118/><G61/><T68/><REACH who="0" step="1"/><D68/><REACH who="0" ten="170,169,276,355" step="2"/><U78/><E78/><N who="2" m="44127" /><F92/><W117/><G38/><T65/><D65/><U97/><E97/><RYUUKYOKU ba="2,3" sc="170,10,169,10,276,10,355,-30" hai0="21,23,85,86,87,112,115,128,130,131" hai1="42,44,49,57,62,64,72,77,121,123" hai2="5,7,14,17,20,41,46,48,113,114" /><INIT seed="5,3,3,0,5,20" ten="180,179,286,325" oya="1" hai0="27,105,66,117,91,41,22,48,134,119,86,135,15" hai1="90,25,73,126,97,128,82,49,114,36,94,8,101" hai2="23,58,61,78,79,77,80,84,110,93,26,38,89" hai3="55,40,42,7,59,52,9,28,67,121,43,31,132"/><U32/><E36/><V104/><F110/><W133/><G121/><T3/><D3/><U62/><E114/><V72/><F104/><W21/><G67/><T103/><D66/><U54/><E126/><V56/><F38/><W63/><G55/><T17/><D103/><U16/><E128/><V13/><F13/><N who="3" m="5311" /><G21/><N who="0" m="11455" /><D105/><U88/><E62/><V98/><F72/><W37/><G37/><T0/><D48/><U4/><E73/><V70/><F70/><W125/><G125/><T85/><D41/><U127/><E127/><V81/><F81/><W65/><G65/><T18/><D91/><U5/><E82/><V2/><F2/><W131/><G131/><T102/><D102/><U64/><E64/><N who="2" m="38951" /><F58/><W35/><G35/><T71/><D71/><U19/><E32/><V115/><F115/><W29/><G133/><N who="0" m="50699" /><D0/><U92/><E101/><V14/><F14/><W130/><G130/><T12/><D12/><N who="1" m="5127" /><E5/><V46/><F46/><W129/><G129/><T108/><D108/><U53/><E53/><V122/><F122/><W76/><G132/><T120/><D120/><U87/><E25/><V99/><F80/><W6/><G6/><T74/><D74/><U75/><E75/><V112/><F112/><W106/><G106/><T69/><D69/><U60/><E60/><V124/><F124/><W107/><G107/><T123/><D123/><U44/><AGARI ba="3,3" hai="16,19,44,49,54,87,88,90,92,94,97" m="5127" machi="44" ten="30,6000,0" yaku="8,1,54,2" doraHai="20" who="1" fromWho="1" sc="180,-23,179,99,286,-23,325,-23" /><INIT seed="5,4,0,5,4,67" ten="157,278,263,302" oya="1" hai0="82,47,56,49,36,119,48,102,6,69,19,80,31" hai1="30,85,70,115,104,3,110,27,94,60,41,100,133" hai2="122,101,50,109,96,57,114,112,43,22,68,95,72" hai3="20,10,77,44,124,120,92,123,128,4,59,93,2"/><U13/><E3/><V65/><F109/><W111/><G111/><T97/><D119/><U55/><E110/><V45/><F72/><W87/><G128/><T63/><D36/><U1/><E1/><V75/><F75/><W125/><G59/><T24/><D6/><U0/><E0/><V62/><F122/><W91/><G77/><T58/><D19/><U23/><E115/><N who="2" m="44075" /><F22/><W108/><G108/><T116/><D116/><U38/><E133/><V74/><F74/><W118/><G118/><T78/><D56/><AGARI ba="4,0" hai="43,45,50,56,57,62,65,68,95,96,101" m="44075" machi="56" ten="30,3900,0" yaku="15,1,11,1,52,1" doraHai="67" who="2" fromWho="0" sc="157,-51,278,0,263,51,302,0" /><INIT seed="6,0,0,3,0,110" ten="106,278,314,302" oya="2" hai0="32,0,117,97,56,77,111,17,53,4,44,38,36" hai1="3,69,90,115,64,102,6,22,75,114,89,10,8" hai2="65,122,120,5,40,121,84,106,100,62,7,118,37" hai3="41,126,13,123,134,29,66,88,26,57,94,15,83"/><V9/><F118/><W98/><G123/><T71/><D111/><U92/><E75/><V78/><F78/><W52/><G134/><T20/><D32/><U125/><E125/><V96/><F84/><W24/><G126/><T72/><D71/><U47/><E10/><V129/><F129/><W59/><G41/><T42/><D117/><U28/><E47/><V76/><F76/><W67/><G83/><T60/><D97/><N who="1" m="59687" /><E28/><V58/><F40/><W45/><G45/><T19/><D20/><U95/><E22/><V35/><F35/><W30/><G59/><T61/><D61/><N who="1" m="40079" /><E95/><V14/><REACH who="2" step="1"/><F37/><REACH who="2" ten="106,278,304,302" step="2"/><W31/><G24/><T132/><D38/><U82/><E82/><V112/><F112/><AGARI ba="0,1" hai="3,6,8,89,90,112,114,115" m="40079,59687" machi="112" ten="30,7700,0" yaku="15,1,52,3" doraHai="110" who="1" fromWho="2" sc="106,0,278,87,304,-77,302,0" /><INIT seed="7,0,0,4,4,122" ten="106,365,227,302" oya="3" hai0="80,19,1,21,8,50,73,117,75,9,41,90,105" hai1="51,40,93,49,46,133,125,82,135,128,7,131,124" hai2="102,18,84,27,113,115,5,64,78,11,86,77,63" hai3="112,71,31,43,29,130,24,87,127,118,95,12,15"/><W97/><G118/><T54/><D105/><U126/><E7/><V42/><F102/><W92/><G71/><T121/><D121/><U22/><E93/><V53/><F42/><W0/><G0/><T25/><D117/><U89/><E22/><V110/><F53/><W20/><G112/><T111/><D41/><U81/><E51/><V100/><F27/><W66/><G130/><N who="1" m="49706" /><E89/><V62/><F5/><W2/><G2/><T99/><D1/><U57/><E57/><V107/><F11/><W59/><G31/><T101/><D101/><U56/><E56/><V30/><F30/><W114/><G114/><T17/><D99/><U33/><E33/><V76/><F76/><W6/><G6/><T68/><D68/><U52/><E40/><V119/><F18/><W14/><G43/><T70/><D70/><U83/><AGARI ba="0,0" hai="46,49,52,81,82,83,124,125,126,133,135" m="49706" machi="83" ten="40,8000,1" yaku="30,2,18,1,19,1,54,1" doraHai="122" who="1" fromWho="1" sc="106,-20,365,80,227,-20,302,-40" owari="86,-41.0,445,54.0,207,-19.0,262,6.0" /></mjloggm>