<mjloggm ver="2.3"><GO type="169" lobby="0"/><UN n0="%E7%B4%AB%E3%81%AE%E9%8F%A1" n1="%6D%69%6E%65%72%61%6C%32" n2="%E3%82%84%E3%83%BC%E3%82%84" n3="%41%4F%54" dan="18,16,16,17" rate="2296.16,2190.23,2051.87,2213.98" sx="M,M,M,F"/><TAIKYOKU oya="0"/><INIT seed="0,0,0,2,4,45" ten="250,250,250,250" oya="0" hai0="81,26,40,80,123,76,43,114,92,14,124,18,85" hai1="0,35,71,108,19,106,20,3,118,53,93,82,120" hai2="95,105,96,73,122,56,67,1,110,65,135,88,78" hai3="33,36,86,83,72,37,8,116,15,103,69,13,77"/><T31/><D114/><U131/><E106/><V54/><F122/><W87/><G69/><T60/><D123/><U62/><E118/><V133/><F1/><W21/><G33/><T2/><D2/><U68/><E35/><V89/><F110/><W34/><G34/><T99/><D124/><U57/><E120/><V84/><F105/><W126/><G103/><T32/><D80/><U115/><E108/><V5/><F5/><W64/><G64/><T101/><REACH who="0" step="1"/><D60/><REACH who="0" ten="240,250,250,250" step="2"/><U117/><E0/><V113/><F113/><W74/><G83/><T10/><AGARI ba="0,1" hai="10,14,18,26,31,32,40,43,76,81,85,92,99,101" machi="10" ten="20,7800,0" yaku="1,1,2,1,0,1,7,1,53,0" doraHai="45" doraHaiUra="63" who="0" fromWho="0" sc="240,88,250,-26,250,-26,250,-26" /><INIT seed="0,1,0,0,5,31" ten="328,224,224,224" oya="0" hai0="35,84,85,21,20,116,107,91,64,128,12,69,104" hai1="121,0,108,26,118,39,113,99,25,122,72,40,73" hai2="38,131,93,57,62,120,33,110,87,133,27,78,17" hai3="22,75,65,54,18,58,127,102,80,132,51,135,97"/><T112/><D112/><U24/><E113/><V70/><F120/><W29/><G127/><T37/><D37/><U86/><E0/><V11/><F38/><W96/><G29/><T71/><D116/><U44/><E118/><V47/><F70/><W68/><G68/><T15/><D91/><U100/><E108/><V119/><F110/><W117/><G65/><T41/><D41/><U74/><REACH who="1" step="1"/><E86/><REACH who="1" ten="328,214,224,224" step="2"/><V124/><F119/><W55/><G117/><T115/><D115/><U43/><E43/><V6/><F87/><W49/><G75/><T76/><D84/><U56/><E56/><V130/><F57/><W123/><G58/><T46/><D85/><U109/><E109/><V48/><F130/><W32/><G123/><T1/><D1/><U129/><E129/><V77/><F131/><W94/><G135/><T52/><D128/><U67/><E67/><V111/><F133/><W42/><G42/><T114/><D114/><U61/><E61/><V10/><F111/><W82/><G132/><T19/><D64/><U60/><E60/><V13/><F62/><W5/><G55/><T126/><D52/><U4/><E4/><V53/><F124/><W88/><G5/><T103/><D126/><U92/><AGARI ba="1,1" hai="24,25,26,39,40,44,72,73,74,92,99,100,121,122" machi="92" ten="40,2700,0" yaku="1,1,0,1,53,0" doraHai="31" doraHaiUra="8" who="1" fromWho="1" sc="328,-14,214,40,224,-8,224,-8" /><INIT seed="1,0,0,3,1,36" ten="314,254,216,216" oya="1" hai0="59,29,30,45,22,48,96,58,134,31,41,19,47" hai1="99,108,80,14,25,52,53,69,54,57,11,64,39" hai2="75,2,86,68,94,119,13,130,93,74,49,92,24" hai3="81,18,10,51,84,97,110,50,67,111,56,70,66"/><U17/><E39/><V5/><F119/><W109/><G97/><T1/><D1/><U112/><E112/><V133/><F2/><W82/><G70/><T8/><D134/><U132/><E132/><V46/><F133/><W120/><G120/><T0/><D96/><U7/><E108/><V127/><F68/><W76/><G82/><T83/><D83/><U3/><E69/><V115/><F130/><W23/><G10/><T16/><D45/><U55/><E64/><N who="3" m="24618" /><G56/><T123/><D123/><U87/><E25/><AGARI ba="0,0" hai="18,23,25,50,51,76,81,84,109,110,111" m="24618" machi="25" ten="30,1000,0" yaku="14,1" doraHai="36" who="3" fromWho="1" sc="314,0,254,-10,216,0,216,10" /><INIT seed="2,0,0,3,4,82" ten="314,244,216,226" oya="2" hai0="95,11,120,130,37,122,56,61,76,2,66,45,77" hai1="88,57,62,91,93,7,31,117,108,17,109,86,47" hai2="118,115,14,114,102,89,18,26,79,110,60,39,21" hai3="132,72,80,38,113,98,19,58,23,48,97,42,94"/><V133/><F118/><W12/><G132/><T135/><D135/><U127/><E117/><V40/><F133/><W96/><G113/><T71/><D56/><U75/><E75/><V41/><F110/><N who="1" m="42601" /><E7/><V27/><F102/><W33/><G33/><T78/><D130/><U74/><E74/><V44/><F79/><W101/><G38/><T131/><D131/><U32/><E47/><V34/><F41/><W129/><G129/><T84/><D2/><U105/><E105/><V116/><F116/><W50/><G72/><T25/><D11/><U119/><E119/><V100/><F100/><W53/><REACH who="3" step="1"/><G80/><REACH who="3" ten="314,244,216,216" step="2"/><T8/><D37/><U112/><E112/><V69/><F115/><W51/><G51/><T104/><D122/><U4/><E32/><V63/><F114/><W125/><G125/><T70/><D120/><U55/><E127/><V9/><F34/><W1/><G1/><T36/><D36/><U24/><E4/><V124/><F124/><W85/><G85/><T87/><D87/><N who="1" m="52479" /><E17/><V52/><F39/><W29/><G29/><T81/><D84/><U92/><E31/><V121/><F121/><W10/><G10/><T3/><D8/><U111/><E111/><V134/><F134/><W123/><G123/><T99/><D81/><U22/><E22/><V5/><F21/><W15/><G15/><T103/><D3/><U28/><E28/><V43/><F18/><W0/><G0/><T64/><D25/><AGARI ba="0,1" hai="24,25,55,57,62,86,88,92" m="52479,42601" machi="25" ten="30,7700,0" yaku="14,1,52,2,54,1" doraHai="82" who="1" fromWho="0" sc="314,-77,244,87,216,0,216,0" /><INIT seed="3,0,0,5,5,33" ten="237,331,216,216" oya="3" hai0="119,5,21,48,1,105,25,134,71,121,2,18,94" hai1="109,99,102,10,9,47,53,54,83,62,31,6,38" hai2="86,58,87,35,79,32,26,37,107,15,77,85,76" hai3="88,74,68,40,81,22,130,113,98,114,19,82,39"/><W60/><G130/><T0/><D105/><U56/><E109/><V23/><F107/><W125/><G125/><T80/><D119/><U70/><E70/><V24/><F37/><W7/><G7/><T101/><D121/><U118/><E118/><V96/><F96/><W45/><G60/><T123/><D123/><U110/><E110/><V69/><F69/><W135/><G135/><T100/><D71/><U111/><E111/><V30/><F15/><W11/><G11/><T17/><D5/><U115/><E115/><V61/><REACH who="2" step="1"/><F26/><REACH who="2" ten="237,331,206,216" step="2"/><W49/><G39/><T8/><D134/><U52/><E99/><V42/><F42/><W3/><G68/><T13/><D94/><U128/><E38/><V50/><F50/><W14/><G114/><T64/><D64/><AGARI ba="0,1" hai="23,24,30,32,35,58,61,64,76,77,79,85,86,87" machi="64" ten="40,1300,0" yaku="1,1,53,0" doraHai="33" doraHaiUra="126" who="2" fromWho="0" sc="237,-13,331,0,206,23,216,0" /><INIT seed="4,0,0,2,0,84" ten="224,331,229,216" oya="0" hai0="82,103,112,49,70,35,80,19,115,28,61,126,36" hai1="20,77,95,98,125,34,56,86,42,75,104,101,37" hai2="51,110,55,33,60,69,38,5,26,130,63,4,68" hai3="73,2,50,54,79,91,83,94,45,66,0,90,52"/><T9/><D36/><U18/><E34/><V119/><F110/><W3/><G66/><N who="0" m="41295" /><D103/><U72/><E125/><V15/><F38/><W22/><G22/><T117/><D117/><U127/><E127/><V71/><F130/><W105/><G105/><T25/><D49/><U41/><E37/><V81/><F119/><W131/><G131/><T58/><D58/><U67/><E75/><V87/><F33/><W24/><G24/><T29/><D29/><U8/><E8/><V114/><F114/><N who="0" m="43562" /><D126/><U111/><E111/><V14/><F26/><W89/><REACH who="3" step="1"/><G54/><REACH who="3" ten="224,331,229,206" step="2"/><T135/><D135/><U46/><E67/><V39/><F71/><W11/><G11/><T123/><D123/><U65/><E65/><V78/><F69/><W128/><G128/><T100/><D100/><U27/><E101/><V74/><F68/><W57/><G57/><T40/><D40/><U44/><E56/><V108/><F108/><W118/><G118/><T85/><D85/><AGARI ba="0,1" hai="0,2,3,45,50,52,73,79,83,85,89,90,91,94" machi="85" ten="40,8000,1" yaku="1,1,52,3,54,1,53,0" doraHai="84" doraHaiUra="59" who="3" fromWho="0" sc="224,-80,331,0,229,0,206,90" /><INIT seed="5,0,0,1,4,105" ten="144,331,229,296" oya="1" hai0="41,72,97,51,28,23,77,102,119,79,62,96,31" hai1="80,104,19,43,9,37,109,127,27,33,61,34,107" hai2="116,64,16,46,26,15,1,93,84,40,65,12,57" hai3="38,85,52,66,125,133,60,63,82,73,129,18,113"/><U55/><E127/><V4/><F116/><W58/><G38/><T74/><D119/><U121/><E121/><V134/><F134/><W76/><G125/><T49/><D62/><U8/><E43/><V89/><F1/><W75/><G133/><T110/><D41/><U118/><E37/><V70/><F70/><W17/><G129/><T128/><D23/><U22/><E118/><V30/><F4/><W100/><G100/><T53/><D102/><U42/><E42/><V32/><F12/><W24/><G113/><T83/><D83/><U95/><E107/><V10/><REACH who="2" step="1"/><F57/><REACH who="2" ten="144,331,219,296" step="2"/><W69/><REACH who="3" step="1"/><G24/><REACH who="3" ten="144,331,219,286" step="2"/><T81/><D128/><U122/><E27/><V135/><F135/><W123/><G123/><T20/><D110/><U98/><E109/><V130/><F130/><W91/><G91/><T94/><D79/><U126/><E122/><V90/><F90/><W48/><G48/><AGARI ba="0,2" hai="10,15,16,26,30,32,40,46,48,64,65,84,89,93" machi="48" ten="30,7700,0" yaku="1,1,7,1,54,1,53,1" doraHai="105" doraHaiUra="36" who="2" fromWho="3" sc="144,0,331,0,219,97,286,-77" /><INIT seed="6,0,0,3,5,92" ten="144,331,316,209" oya="2" hai0="16,42,114,0,33,119,26,89,13,43,112,44,54" hai1="100,73,35,71,78,55,60,85,29,76,20,19,129" hai2="32,65,93,103,64,46,38,47,40,86,23,52,80" hai3="15,106,110,4,49,75,74,31,95,28,88,45,115"/><V11/><F32/><W91/><G110/><T58/><D0/><U102/><E73/><V105/><F105/><W128/><G106/><T126/><D126/><U50/><E29/><V30/><F11/><W121/><G121/><T6/><D6/><U125/><E35/><V21/><F21/><W135/><G135/><T98/><D119/><U99/><E125/><V2/><F2/><W97/><G128/><T130/><D130/><U51/><E129/><V41/><F23/><W39/><G39/><T3/><D3/><U57/><E71/><V90/><F30/><N who="3" m="11307" /><G75/><T81/><D26/><U123/><E123/><V24/><F24/><W77/><G77/><N who="1" m="29802" /><E85/><V79/><F52/><N who="3" m="29743" /><G74/><T1/><D1/><U25/><E99/><V8/><F8/><N who="3" m="4487" /><G115/><N who="0" m="44075" /><D33/><U27/><E27/><V108/><F103/><AGARI ba="0,0" hai="88,91,95,97,103" m="4487,29743,11307" machi="103" ten="30,7700,0" yaku="8,1,52,1,54,2" doraHai="92" who="3" fromWho="2" sc="144,0,331,0,316,-77,209,77" /><AGARI ba="0,0" hai="19,20,25,50,51,55,57,60,100,102,103" m="29802" machi="103" ten="30,1000,0" yaku="8,1" doraHai="92" who="1" fromWho="2" sc="144,0,331,10,239,-10,286,0" /><INIT seed="7,0,0,4,2,91" ten="144,341,229,286" oya="3" hai0="109,63,104,67,100,12,16,121,7,24,93,117,101" hai1="127,71,11,124,103,27,31,37,120,79,110,35,98" hai2="62,133,72,108,75,51,39,40,68,102,135,73,131" hai3="106,30,57,3,82,88,42,89,58,113,129,130,116"/><W48/><G116/><T29/><D117/><U53/><E110/><V26/><F108/><W17/><G3/><T96/><D109/><U74/><E120/><V15/><F131/><W94/><G106/><T76/><D121/><U118/><E118/><V114/><F39/><W34/><G113/><T0/><D76/><U6/><E71/><V132/><F114/><W49/><G34/><T54/><D0/><N who="1" m="455" /><E53/><V90/><F102/><W60/><G30/><T22/><D7/><U112/><E37/><V2/><F2/><W44/><G17/><T43/><D43/><U38/><E38/><V84/><F26/><W99/><G49/><T9/><D54/><U119/><E119/><V45/><F15/><W56/><G60/><T111/><D111/><U115/><E115/><V47/><F47/><W85/><AGARI ba="0,0" hai="42,44,48,56,57,58,82,85,88,89,94,99,129,130" machi="85" ten="30,6000,0" yaku="0,1,52,1,54,1" doraHai="91" who="3" fromWho="3" sc="144,-20,341,-20,229,-20,286,60" owari="124,-38.0,321,12.0,209,-19.0,346,45.0" /></mjloggm>