<mjloggm ver="2.3"><GO type="185" lobby="0"/><UN n0="%E3%81%82%E3%81%99%E3%81%AA%E3%82%8D%E3%83%A9%E3%82%A4%E3%83%80%E3%83%BC" n1="%E3%83%9E%E3%83%A4%E3%82%B7%E3%82%B3%E3%82%AC%E3%83%81%E5%8B%A2" n2="%E5%86%AC%E7%81%AF" n3="" dan="17,16,19,0" rate="2202.56,2167.81,2418.30,1500.00" sx="M,M,M,C"/><TAIKYOKU oya="0"/><INIT seed="0,0,0,1,2,99" ten="350,350,350,0" oya="0" hai0="93,62,115,118,52,98,124,41,64,60,87,94,126" hai1="55,57,125,76,78,79,82,116,0,54,74,104,127" hai2="49,85,43,132,59,46,83,96,35,63,101,77,39" hai3=""/><T72/><D115/><U81/><E116/><V89/><F132/><T107/><D118/><U3/><E104/><V2/><F35/><T119/><D72/><U111/><E111/><V53/><F2/><N who="1" m="553" /><E74/><V40/><F39/><T103/><D119/><U92/><E92/><V69/><F69/><T105/><D41/><U110/><E57/><V36/><F36/><T117/><D117/><U106/><E106/><V66/><REACH who="2" step="1"/><F77/><REACH who="2" ten="350,350,340,0" step="2"/><T122/><N who="0" m="31264" /><T68/><D126/><N who="1" m="48139" /><E110/><V44/><F44/><T58/><REACH who="0" step="1"/><D124/><REACH who="0" ten="340,350,340,0" step="2"/><U70/><E70/><V128/><F128/><T33/><D33/><U123/><E123/><V45/><F45/><T84/><D84/><U34/><E34/><V61/><F61/><T86/><D86/><U56/><E56/><V51/><F51/><T80/><D80/><AGARI ba="0,2" hai="54,55,76,78,79,80,81,82" m="48139,553" machi="80" ten="40,5200,0" yaku="28,2,18,1" doraHai="99" who="1" fromWho="0" sc="340,-52,350,72,340,0,0,0" /><INIT seed="1,0,0,4,2,126" ten="288,422,340,0" oya="1" hai0="133,103,59,113,50,83,78,117,46,68,124,51,90" hai1="33,87,0,70,38,66,61,111,123,135,99,116,86" hai2="92,74,114,52,37,36,95,120,122,60,102,47,62" hai3=""/><U82/><N who="1" m="31520" /><U134/><E116/><V65/><N who="2" m="30752" /><V96/><N who="2" m="31264" /><V108/><F108/><T80/><D113/><U58/><E0/><V54/><F74/><T56/><D68/><U35/><E111/><V104/><F114/><T81/><D124/><U69/><E38/><V105/><F96/><T85/><D133/><N who="1" m="50699" /><E99/><V101/><F47/><T127/><D127/><U128/><E87/><V64/><AGARI ba="0,0" hai="36,37,52,54,60,62,64,65,92,95,101,102,104,105" m="31264,30752" machi="64" ten="25,9000,2" yaku="0,1,22,2,52,2,54,1" doraHai="126" who="2" fromWho="2" sc="288,-30,422,-60,340,90,0,0" /><INIT seed="2,0,0,4,2,74" ten="258,362,430,0" oya="2" hai0="88,1,60,123,91,2,83,105,121,92,62,78,79" hai1="110,124,96,64,35,73,94,102,116,120,57,103,131" hai2="112,46,41,132,114,106,54,129,93,90,115,107,45" hai3=""/><V77/><F129/><T56/><N who="0" m="31008" /><T50/><N who="0" m="31520" /><T53/><D105/><U135/><N who="1" m="30752" /><U44/><E35/><V3/><F3/><T119/><D119/><U86/><E73/><V58/><F132/><T70/><D2/><U61/><E116/><V113/><F77/><N who="0" m="29194" /><D1/><U0/><E131/><V98/><F46/><T84/><D70/><U108/><E135/><V87/><F87/><AGARI ba="0,0" hai="50,53,56,60,62,83,84,87,88,91,92" m="29194,31520,31008" machi="87" ten="30,12000,2" yaku="8,1,52,5,54,1" doraHai="74" who="0" fromWho="2" sc="258,120,362,0,430,-120,0,0" /><INIT seed="4,0,0,2,4,133" ten="378,362,310,0" oya="0" hai0="49,61,105,103,102,79,66,63,110,36,135,48,114" hai1="55,70,1,59,118,115,88,41,121,44,96,100,128" hai2="69,84,73,98,91,32,104,68,52,58,130,111,80" hai3=""/><T120/><N who="0" m="30752" /><T108/><D36/><U131/><N who="1" m="31008" /><U83/><E118/><V97/><F111/><N who="0" m="42538" /><D135/><U3/><E70/><V106/><F130/><N who="1" m="49705" /><E83/><V0/><F0/><T93/><D105/><U71/><E71/><V46/><F46/><T90/><D79/><U92/><E100/><N who="0" m="38441" /><D114/><U87/><E115/><V77/><F104/><T117/><D117/><U65/><E3/><V39/><F39/><T50/><D66/><U127/><E65/><V112/><F112/><T34/><D34/><U129/><E129/><V126/><F32/><T57/><D57/><U107/><E1/><V124/><F69/><T33/><D33/><U47/><E107/><V122/><N who="2" m="31264" /><V35/><F35/><T82/><D82/><U99/><E59/><V60/><F68/><T72/><D72/><U109/><E109/><V67/><F67/><T123/><N who="0" m="31520" /><T86/><AGARI ba="0,0" hai="48,49,50,61,63,86,90,93" m="31520,38441,42538,30752" machi="86" ten="40,8000,1" yaku="4,1,10,1,52,2" doraHai="133" who="0" fromWho="0" sc="378,80,362,-40,310,-40,0,0" /><INIT seed="4,1,0,4,2,74" ten="458,322,270,0" oya="0" hai0="118,109,1,135,69,65,0,120,50,108,45,55,56" hai1="35,37,68,101,121,83,44,58,43,117,51,104,54" hai2="96,41,81,126,67,113,57,47,86,106,80,97,105" hai3=""/><T72/><N who="0" m="30752" /><T33/><D33/><U3/><N who="1" m="31008" /><U111/><E117/><V93/><F113/><T32/><D118/><U98/><E111/><N who="0" m="42569" /><D32/><U110/><E110/><V38/><F126/><T64/><D72/><U91/><E35/><V79/><F96/><T132/><D69/><U89/><E3/><N who="0" m="1097" /><D45/><U77/><REACH who="1" step="1"/><E68/><REACH who="1" ten="458,312,270,0" step="2"/><V125/><F125/><T46/><D46/><U66/><E66/><AGARI ba="1,1" hai="50,55,56,64,65,66,132,135" m="1097,42569,30752" machi="66" ten="40,3900,0" yaku="10,1,52,1" doraHai="74" who="0" fromWho="1" sc="458,51,312,-41,270,0,0,0" /><INIT seed="4,2,0,0,0,81" ten="509,271,270,0" oya="0" hai0="45,98,83,43,112,34,46,54,130,105,52,116,49" hai1="78,1,89,55,42,133,69,3,58,96,123,77,73" hai2="92,119,111,86,126,37,110,91,108,107,90,33,99" hai3=""/><T100/><D112/><U104/><N who="1" m="31520" /><U118/><E118/><V120/><N who="2" m="30752" /><V95/><F37/><T74/><D130/><U134/><E69/><V101/><F33/><T67/><D116/><U50/><E42/><V88/><F119/><T132/><D132/><N who="1" m="50795" /><E73/><V102/><F126/><T106/><D34/><U47/><E47/><V44/><F44/><T113/><D113/><U94/><E104/><V115/><F115/><T64/><D106/><U109/><E109/><V48/><F48/><T82/><D54/><U66/><E66/><V121/><N who="2" m="31008" /><V51/><F51/><T135/><D135/><U103/><E103/><V117/><F117/><T97/><D97/><AGARI ba="2,0" hai="86,88,90,91,92,95,97,99,101,102,107,108,110,111" m="31008,30752" machi="97" ten="40,12000,2" yaku="34,3,52,3,54,1" doraHai="81" who="2" fromWho="0" sc="509,-124,271,0,270,124,0,0" /><INIT seed="5,0,0,0,2,96" ten="385,271,394,0" oya="1" hai0="64,92,56,77,123,54,40,101,46,41,60,68,131" hai1="102,95,67,74,100,57,127,42,86,112,39,122,113" hai2="48,62,121,71,53,90,85,133,50,52,107,36,94" hai3=""/><U104/><N who="1" m="31264" /><U81/><E104/><V118/><N who="2" m="31008" /><V129/><F36/><T106/><N who="0" m="31520" /><T110/><D110/><U97/><E127/><V134/><F118/><T72/><D131/><U61/><E74/><V63/><F107/><T88/><D106/><U43/><E102/><V44/><F129/><T2/><D2/><U91/><REACH who="1" step="1"/><E39/><REACH who="1" ten="385,261,394,0" step="2"/><V75/><F75/><T49/><D101/><U87/><E87/><V83/><F133/><T69/><D72/><U111/><E111/><V103/><F134/><T1/><D1/><U82/><E82/><V120/><N who="2" m="30752" /><V65/><F103/><T126/><D126/><U135/><E135/><V99/><F83/><T37/><D77/><U93/><E93/><V119/><F85/><T70/><D41/><AGARI ba="0,1" hai="41,42,43,57,61,67,81,86,91,95,97,100,112,113" m="31264" machi="41" ten="40,7700,0" yaku="1,1,52,2,53,0" doraHai="96" doraHaiUra="105" who="1" fromWho="0" sc="385,-77,261,87,394,0,0,0" /><INIT seed="5,1,0,0,4,111" ten="308,348,394,0" oya="1" hai0="117,69,54,75,32,63,58,119,84,55,95,131,94" hai1="64,56,53,37,2,38,108,113,118,134,128,3,67" hai2="132,135,99,51,71,42,126,33,66,105,87,91,79" hai3=""/><U107/><E118/><N who="0" m="45065" /><D32/><U45/><E107/><V60/><F79/><T102/><D75/><U81/><E81/><V103/><F126/><T97/><D131/><U129/><E108/><V73/><F73/><T1/><D69/><U82/><E82/><V114/><F33/><T96/><D84/><U35/><E35/><V104/><F104/><T70/><D70/><U74/><E74/><V68/><F68/><T109/><D1/><U121/><N who="1" m="31008" /><U93/><E93/><V85/><F87/><T124/><D124/><U34/><E34/><V77/><F85/><T92/><D109/><U115/><E134/><V88/><F132/><T40/><D40/><U90/><E90/><V49/><F42/><T36/><D36/><N who="1" m="13931" /><E3/><V133/><F91/><T61/><D97/><U83/><E83/><V76/><F99/><T80/><D80/><U112/><E2/><V130/><F133/><T127/><D127/><U89/><E89/><V59/><F88/><T123/><N who="0" m="31520" /><T100/><D102/><U46/><E129/><V120/><F130/><T116/><N who="0" m="45073" /><T47/><DORA hai="72" /><D47/><N who="1" m="17931" /><E128/><V50/><F135/><T106/><D106/><U98/><E98/><V48/><N who="2" m="12288" /><DORA hai="110" /><V39/><N who="2" m="30752" /><V78/><F105/><T41/><D41/><RYUUKYOKU ba="1,0" sc="308,10,348,10,394,-20,0,0" hai0="54,55,58,61,63,92,94,95,96,100" hai1="53,56,64,67,112,113,115" /><INIT seed="5,2,0,0,0,134" ten="318,358,374,0" oya="1" hai0="113,51,89,133,73,111,109,77,40,3,38,58,94" hai1="2,49,55,130,117,126,70,83,116,96,64,65,129" hai2="56,44,123,59,47,132,110,115,68,99,0,131,45" hai3=""/><U62/><E2/><V36/><N who="2" m="31520" /><V91/><F0/><T32/><D3/><U95/><E83/><V39/><F110/><T57/><D32/><U135/><E135/><V105/><F68/><T120/><N who="0" m="30752" /><T104/><D133/><U87/><E87/><V119/><F119/><T122/><N who="0" m="31264" /><T34/><D34/><U41/><E64/><V100/><F131/><N who="1" m="50185" /><E41/><V88/><F132/><T108/><D77/><U82/><E82/><V106/><F36/><T101/><D73/><U66/><E66/><V50/><F39/><T61/><D38/><U53/><E53/><V86/><F86/><T48/><D40/><U43/><E43/><V98/><F98/><T125/><D109/><U81/><E81/><V90/><F99/><T124/><D108/><U54/><E54/><V92/><F50/><T60/><D111/><U63/><E49/><V78/><F78/><T127/><D48/><U80/><E117/><V79/><F79/><T67/><D51/><U93/><E96/><V71/><F44/><T107/><D101/><U37/><E37/><V46/><F45/><T112/><D94/><U76/><E95/><V84/><F92/><T85/><D85/><U74/><E116/><V52/><F84/><T118/><D118/><RYUUKYOKU ba="2,0" sc="318,0,358,0,374,0,0,0" /><INIT seed="6,3,0,1,5,70" ten="318,358,374,0" oya="2" hai0="120,114,107,125,34,67,103,113,60,59,73,77,41" hai1="110,61,88,90,134,86,132,0,96,71,111,66,81" hai2="89,76,123,84,129,63,74,75,40,58,69,124,115" hai3=""/><V42/><N who="2" m="31520" /><V118/><F118/><T98/><N who="0" m="30752" /><T127/><D34/><U53/><E0/><V121/><N who="2" m="31008" /><V54/><F115/><N who="0" m="44042" /><D41/><U68/><E68/><V105/><F105/><T35/><D35/><U46/><E96/><V55/><F124/><N who="0" m="47690" /><D77/><U2/><E2/><V85/><F129/><T51/><D51/><U117/><E117/><V56/><F69/><T64/><D73/><U3/><E3/><V87/><F75/><T32/><D32/><U93/><E111/><V131/><F131/><T83/><D83/><U119/><E81/><V43/><F76/><T49/><D49/><U52/><E110/><V33/><F74/><T78/><D78/><U106/><E119/><V102/><F33/><T126/><N who="0" m="47698" /><T108/><DORA hai="44" /><D108/><U57/><E132/><V99/><F40/><T65/><AGARI ba="3,0" hai="59,60,64,65,67,98,103,107" m="47698,44042,30752" machi="65" ten="50,6000,1" yaku="15,1,11,1,18,1,52,1" doraHai="70,44" who="0" fromWho="0" sc="318,66,358,-23,374,-43,0,0" /><INIT seed="8,0,0,2,1,45" ten="384,335,331,0" oya="0" hai0="43,117,88,119,107,125,77,82,69,120,96,124,93" hai1="89,97,62,76,44,103,41,123,112,46,104,37,2" hai2="134,86,67,118,84,68,73,126,40,114,78,47,34" hai3=""/><T71/><N who="0" m="30752" /><T75/><D43/><U110/><N who="1" m="31520" /><U92/><E2/><V131/><F114/><T60/><D107/><U111/><E112/><V1/><F34/><T106/><D106/><U94/><E76/><V135/><F1/><T91/><D91/><U64/><E46/><V65/><F126/><N who="0" m="48746" /><D60/><U87/><REACH who="1" step="1"/><E104/><REACH who="1" ten="384,325,331,0" step="2"/><V72/><F78/><T0/><D0/><U48/><E48/><V108/><F134/><T132/><D132/><U81/><E81/><V101/><F135/><T57/><D57/><AGARI ba="0,1" hai="37,41,44,57,62,64,87,89,92,94,97,103,110,111" m="31520" machi="57" ten="30,7700,0" yaku="1,1,7,1,52,1,53,1" doraHai="45" doraHaiUra="61" who="1" fromWho="0" sc="384,-77,325,87,331,0,0,0" owari="307,-29.0,412,36.0,331,-7.0,0,0.0" /></mjloggm>