<mjloggm ver="2.3"><GO type="185" lobby="0"/><UN n0="%E3%83%8F%E3%83%94%E3%83%AA%E3%83%83%E3%83%88" n1="%E3%83%9F%E3%82%B9%E3%82%BF%E3%83%BC%58%EF%BC%8E" n2="%E3%82%8C%E3%81%99%E3%81%93" n3="" dan="17,16,16,0" rate="2245.07,2079.77,2213.24,1500.00" sx="M,F,F,C"/><TAIKYOKU oya="0"/><INIT seed="0,0,0,4,2,78" ten="350,350,350,0" oya="0" hai0="79,131,64,90,38,129,113,122,61,71,115,104,88" hai1="58,75,52,36,110,62,53,81,111,76,114,109,40" hai2="51,124,39,133,130,57,55,125,65,35,47,0,54" hai3=""/><T134/><N who="0" m="31264" /><T135/><D104/><U41/><E114/><N who="0" m="43529" /><D79/><U46/><REACH who="1" step="1"/><E40/><REACH who="1" ten="350,340,350,0" step="2"/><V128/><F0/><T93/><D38/><U95/><E95/><V60/><F35/><T127/><D127/><N who="2" m="48714" /><F39/><T86/><D90/><U132/><E132/><AGARI ba="0,1" hai="61,64,71,86,88,93,129,131,132,134,135" m="43529,31264" machi="132" ten="30,5800,0" yaku="20,1,52,1,54,1" doraHai="78" who="0" fromWho="1" sc="350,68,340,-58,350,0,0,0" /><INIT seed="0,1,0,0,4,109" ten="418,282,350,0" oya="0" hai0="132,76,88,114,73,72,79,134,36,97,126,50,56" hai1="96,47,61,53,1,117,38,34,103,99,80,104,122" hai2="92,124,83,121,111,85,67,43,70,3,62,86,125" hai3=""/><T75/><D36/><U133/><N who="1" m="31264" /><U39/><E1/><V110/><N who="2" m="31008" /><V93/><F3/><T101/><D50/><U119/><E34/><V102/><F43/><T46/><D46/><U63/><E133/><N who="0" m="51305" /><D56/><U95/><E80/><V42/><F42/><T81/><D126/><N who="2" m="48746" /><F86/><T44/><D44/><U45/><E53/><V48/><F48/><T131/><D131/><U118/><E47/><V40/><F40/><T120/><N who="0" m="30752" /><T78/><D114/><U108/><E45/><V54/><F54/><T41/><D41/><U84/><E108/><N who="2" m="41515" /><F102/><T94/><D101/><U91/><E39/><V64/><F64/><T116/><D116/><U100/><REACH who="1" step="1"/><E38/><REACH who="1" ten="418,272,350,0" step="2"/><V65/><F65/><T49/><D49/><U33/><E33/><V68/><F68/><T112/><D112/><U127/><E127/><V37/><F37/><T130/><D130/><U123/><N who="1" m="31520" /><U60/><E60/><V55/><F55/><T135/><N who="0" m="51313" /><T74/><AGARI ba="1,1" hai="72,73,74,75,76,78,79,81,88,94,97" m="30752,51313" machi="74" ten="50,12000,2" yaku="4,1,20,1,34,2,52,1,54,1" doraHai="109" who="0" fromWho="0" sc="418,132,272,-61,350,-61,0,0" /><INIT seed="0,2,0,0,2,86" ten="550,211,289,0" oya="0" hai0="48,74,108,123,98,102,63,114,35,67,131,124,49" hai1="110,68,93,101,87,128,53,92,89,120,75,96,91" hai2="106,2,39,121,36,38,99,62,1,117,118,55,66" hai3=""/><T56/><N who="0" m="31520" /><T44/><D35/><U65/><N who="1" m="30752" /><U90/><E128/><V130/><N who="2" m="31008" /><V52/><F130/><T109/><D114/><U133/><E133/><V47/><F106/><T95/><D131/><U70/><E110/><N who="0" m="42601" /><D74/><U64/><E75/><V85/><F99/><T116/><D116/><N who="2" m="44650" /><F85/><T103/><D124/><U34/><E34/><V134/><F134/><T45/><D102/><U129/><E129/><V50/><F55/><T61/><D61/><U88/><REACH who="1" step="1"/><E53/><REACH who="1" ten="550,201,289,0" step="2"/><V94/><F1/><T100/><D100/><U113/><E113/><V81/><F2/><T54/><D49/><U107/><E107/><V60/><F50/><T3/><D3/><U82/><E82/><V57/><F81/><T83/><D83/><U135/><E135/><V0/><F0/><T76/><D76/><U84/><E84/><V105/><F105/><T37/><D37/><U104/><E104/><V43/><F94/><T32/><D32/><U46/><E46/><AGARI ba="2,1" hai="44,45,46,48,54,56,63,67,95,98,103" m="42601,31520" machi="46" ten="30,5800,0" yaku="14,1,10,1,52,1" doraHai="86" who="0" fromWho="1" sc="550,72,201,-62,289,0,0,0" /><INIT seed="0,3,0,5,4,119" ten="622,139,289,0" oya="0" hai0="106,42,38,83,1,57,88,73,49,97,124,116,118" hai1="72,123,33,70,103,76,2,39,131,84,69,113,74" hai2="104,122,133,108,130,37,101,43,82,91,120,0,59" hai3=""/><T67/><D1/><U52/><N who="1" m="31520" /><U98/><E2/><V109/><N who="2" m="30752" /><V93/><N who="2" m="31264" /><V56/><F0/><T32/><D32/><U58/><E33/><V114/><F114/><T87/><D124/><U48/><E113/><V50/><F133/><T89/><D73/><U80/><E39/><V96/><F37/><T86/><D38/><U94/><E131/><V60/><F130/><T68/><D68/><U112/><E112/><V81/><F43/><T55/><D42/><U115/><E115/><V132/><F50/><T110/><D67/><U66/><E66/><V117/><F117/><T134/><D110/><N who="2" m="42602" /><F132/><T90/><D134/><U46/><E46/><V53/><F56/><T54/><D118/><U125/><E125/><V61/><F61/><T51/><D116/><U102/><E70/><V35/><F35/><T121/><N who="0" m="31008" /><T85/><D51/><U77/><E69/><V36/><F36/><T71/><D71/><U95/><REACH who="1" step="1"/><E76/><REACH who="1" ten="622,129,289,0" step="2"/><V63/><F63/><T107/><D57/><U45/><E45/><V126/><F126/><T127/><D127/><U44/><E44/><V99/><AGARI ba="3,1" hai="53,59,60,81,82,91,93,96,99,101,104" m="42602,31264,30752" machi="99" ten="30,6000,1" yaku="14,1,52,4" doraHai="119" who="2" fromWho="2" sc="622,-43,129,-23,289,76,0,0" /><INIT seed="1,0,0,5,5,50" ten="579,106,365,0" oya="1" hai0="134,89,35,109,120,64,124,39,97,59,131,116,2" hai1="95,86,114,46,62,79,77,43,52,129,101,118,115" hai2="60,38,127,111,78,100,63,113,45,103,126,85,54" hai3=""/><U91/><E118/><V55/><F111/><T92/><RYUUKYOKU type="yao9" ba="0,0" sc="579,0,106,0,365,0,0,0" hai0="2,35,39,59,64,89,92,97,109,116,120,124,131,134" /><INIT seed="1,1,0,0,2,106" ten="579,106,365,0" oya="1" hai0="71,34,61,87,48,63,42,102,70,101,45,36,135" hai1="3,120,41,84,56,108,75,100,105,97,2,90,110" hai2="89,67,86,121,82,98,65,60,119,53,40,107,37" hai3=""/><U112/><N who="1" m="30752" /><U1/><E112/><V128/><N who="2" m="31008" /><V46/><F119/><T39/><D34/><U126/><E126/><V130/><F53/><T93/><D87/><U64/><E41/><V104/><F67/><T113/><D93/><U80/><E64/><V103/><REACH who="2" step="1"/><F107/><REACH who="2" ten="579,106,355,0" step="2"/><T74/><D42/><U79/><REACH who="1" step="1"/><E56/><AGARI ba="1,1" hai="37,40,46,56,60,65,82,86,89,98,103,104,128,130" m="31008" machi="56" ten="40,8000,1" yaku="1,1,2,1,52,1,53,1" doraHai="106" doraHaiUra="58" who="2" fromWho="1" sc="579,0,106,-82,355,92,0,0" /><INIT seed="2,0,0,5,3,118" ten="579,24,447,0" oya="2" hai0="128,126,53,102,33,35,59,134,66,98,67,45,56" hai1="46,135,122,88,85,2,74,43,41,79,69,99,116" hai2="40,64,84,112,91,55,132,117,83,60,127,36,89" hai3=""/><V115/><F117/><T72/><D72/><U94/><N who="1" m="31264" /><U110/><E2/><V120/><N who="2" m="30752" /><V109/><F132/><T100/><D134/><U113/><E116/><V32/><F32/><T71/><D71/><U62/><E135/><V68/><F127/><T52/><D126/><U81/><E113/><V1/><F1/><T70/><D70/><U63/><E110/><V121/><N who="2" m="31008" /><V61/><F109/><T96/><D45/><U58/><E69/><V123/><N who="2" m="31520" /><V105/><F105/><T93/><D93/><U38/><E43/><V34/><F34/><T50/><D50/><U114/><E114/><V51/><F61/><T103/><D103/><U95/><REACH who="1" step="1"/><E58/><REACH who="1" ten="579,14,447,0" step="2"/><V47/><F91/><AGARI ba="0,1" hai="38,41,46,62,63,74,79,81,85,88,91,94,95,99" m="31264" machi="91" ten="30,12000,2" yaku="1,1,2,1,7,1,52,2,54,1,53,1" doraHai="118" doraHaiUra="107" who="1" fromWho="2" sc="579,0,14,130,447,-120,0,0" /><INIT seed="4,0,0,4,2,96" ten="579,144,327,0" oya="0" hai0="53,58,42,81,113,109,117,98,121,127,103,52,94" hai1="60,132,71,134,92,67,78,49,104,107,82,39,93" hai2="122,90,45,106,110,70,116,66,105,76,38,126,72" hai3=""/><T118/><N who="0" m="31008" /><T65/><D109/><U43/><E92/><V73/><N who="2" m="31264" /><V85/><F110/><T119/><D113/><U128/><E128/><V1/><F1/><T40/><D127/><U55/><E93/><V56/><F126/><T114/><D114/><U125/><E125/><V129/><F129/><T130/><D130/><U123/><N who="1" m="31520" /><U101/><E43/><V84/><F70/><T62/><D53/><U108/><E39/><V102/><F116/><T0/><D0/><U64/><E64/><V115/><F115/><T99/><D81/><U120/><N who="1" m="30752" /><U79/><E108/><V32/><F32/><T63/><REACH who="0" step="1"/><D99/><REACH who="0" ten="569,144,327,0" step="2"/><U131/><E131/><V41/><F41/><T36/><D36/><U133/><E82/><V80/><F38/><T50/><D50/><U95/><E55/><V3/><F3/><T33/><D33/><U35/><E49/><V61/><F80/><T54/><D54/><U74/><E35/><V44/><F66/><T124/><D124/><U87/><E67/><V83/><F83/><T77/><D77/><U59/><E79/><V97/><F76/><T86/><D86/><U69/><E87/><V47/><F85/><T75/><D75/><U135/><N who="1" m="33792" /><DORA hai="37" /><U91/><E74/><RYUUKYOKU ba="0,1" sc="569,20,144,-10,327,-10,0,0" hai0="40,42,52,58,62,63,65,94,98,103,117,118,119" /><INIT seed="4,1,1,3,2,67" ten="589,134,317,0" oya="0" hai0="105,50,63,115,61,102,75,96,132,92,58,48,32" hai1="43,89,91,84,79,65,81,54,93,122,3,34,80" hai2="76,131,47,85,106,124,53,126,90,59,57,74,33" hai3=""/><T73/><D32/><U86/><N who="1" m="31264" /><U52/><E34/><V109/><F109/><T95/><D115/><U121/><N who="1" m="31008" /><U42/><E3/><V87/><F33/><T99/><D132/><U123/><N who="1" m="31520" /><U56/><E65/><V134/><F106/><T45/><D105/><U64/><E64/><V68/><F134/><T100/><D58/><U82/><E54/><V38/><F131/><T112/><D45/><U37/><E37/><V135/><F135/><T49/><D112/><U41/><REACH who="1" step="1"/><E79/><REACH who="1" ten="589,124,317,0" step="2"/><V103/><F38/><T51/><N who="0" m="12288" /><DORA hai="127" /><T83/><D83/><U117/><E117/><V39/><F39/><T77/><D77/><U133/><E133/><V70/><F76/><T44/><D44/><U110/><E110/><V72/><F53/><T116/><D116/><U94/><E94/><V60/><F47/><T97/><D97/><U62/><AGARI ba="1,2" hai="41,42,43,52,56,62,80,81,82,84,86,89,91,93" m="31520,31008,31264" machi="62" ten="30,9000,2" yaku="1,1,0,1,8,1,52,3,54,1,53,0" doraHai="67,127" doraHaiUra="129,120" who="1" fromWho="1" sc="589,-61,124,112,317,-31,0,0" /><INIT seed="5,0,0,0,2,32" ten="528,236,286,0" oya="1" hai0="52,54,63,70,45,36,0,62,94,39,90,42,66" hai1="82,50,122,79,86,132,107,44,37,3,119,2,35" hai2="103,58,85,38,80,116,75,130,60,106,61,57,56" hai3=""/><U34/><N who="1" m="31264" /><U135/><E107/><V126/><F116/><T76/><D0/><N who="1" m="43" /><E37/><V113/><F38/><T127/><D127/><U96/><E96/><V78/><F126/><T65/><D76/><U133/><E119/><V87/><F130/><T84/><D36/><U1/><N who="1" m="51" /><U93/><DORA hai="40" /><E93/><V120/><N who="2" m="30752" /><V43/><F43/><AGARI ba="0,0" hai="34,35,43,44,50,79,82,86,132,133,135" m="51,31264" machi="43" ten="50,18000,2" yaku="20,1,52,6" doraHai="32,40" who="1" fromWho="2" sc="528,0,236,180,286,-180,0,0" /><INIT seed="5,1,0,1,3,76" ten="528,416,106,0" oya="1" hai0="91,86,94,74,133,59,103,68,75,83,37,117,98" hai1="85,58,130,105,39,84,113,64,129,123,32,100,77" hai2="115,134,57,109,48,73,132,108,61,89,90,135,60" hai3=""/><U102/><N who="1" m="31520" /><U119/><E32/><V72/><F48/><T80/><D68/><U121/><N who="1" m="31008" /><U41/><E119/><V131/><F131/><N who="1" m="50185" /><E113/><V35/><F35/><T99/><D37/><U116/><E116/><V126/><F115/><T118/><D59/><U107/><E41/><V82/><F126/><T106/><D133/><U66/><E39/><V127/><F127/><T38/><D38/><U93/><E58/><V53/><F61/><T114/><D114/><U104/><E77/><V36/><F36/><T43/><D43/><U55/><E55/><V62/><F62/><T2/><D2/><U122/><N who="1" m="31264" /><U97/><E102/><V87/><REACH who="2" step="1"/><F90/><REACH who="2" ten="528,416,96,0" step="2"/><T71/><D118/><U125/><E125/><V101/><F101/><T3/><D117/><U46/><E46/><V112/><F112/><T128/><D128/><U42/><E42/><V96/><F96/><T63/><D98/><U45/><E45/><V70/><F70/><T51/><D71/><U65/><AGARI ba="1,1" hai="64,65,66,84,85,93,97,100,104,105,107" m="31264,50185,31008,31520" machi="65" ten="40,8000,1" yaku="19,1,52,3" doraHai="76" who="1" fromWho="1" sc="528,-41,416,92,96,-41,0,0" /><INIT seed="5,2,0,5,4,103" ten="487,508,55,0" oya="1" hai0="51,100,71,67,75,132,41,93,60,131,111,64,99" hai1="92,107,105,76,54,83,50,125,123,113,102,85,56" hai2="32,81,45,78,77,134,109,89,135,63,61,39,91" hai3=""/><U68/><N who="1" m="31520" /><U43/><E125/><V37/><F32/><T62/><D111/><U33/><E33/><V87/><F109/><T122/><N who="0" m="31264" /><T44/><D75/><U127/><E127/><V65/><F91/><T79/><D79/><N who="2" m="30218" /><F45/><T104/><D131/><U58/><E68/><V72/><F72/><T98/><D132/><N who="2" m="50730" /><F63/><T114/><D114/><U1/><E1/><V59/><AGARI ba="2,0" hai="37,39,59,61,65,81,87,89" m="50730,30218" machi="59" ten="30,800,0" yaku="20,1" doraHai="103" who="2" fromWho="2" sc="487,-5,508,-7,55,12,0,0" /><INIT seed="6,0,0,2,0,39" ten="482,501,67,0" oya="2" hai0="83,62,42,131,65,105,57,95,104,3,86,111,55" hai1="100,69,133,34,73,67,41,33,32,113,72,53,56" hai2="130,60,68,38,125,116,90,51,129,48,49,40,120" hai3=""/><V106/><N who="2" m="30752" /><V2/><F2/><T92/><D111/><U70/><E133/><V89/><F106/><T43/><D3/><U81/><E113/><V114/><F114/><T61/><D105/><U112/><E112/><V96/><F116/><T135/><D104/><U132/><E132/><V109/><F109/><T115/><D115/><U54/><E100/><V76/><F125/><T88/><D131/><N who="2" m="50186" /><F76/><T79/><D135/><U75/><E81/><V36/><F96/><T108/><D108/><U118/><E41/><V128/><N who="2" m="50194" /><V50/><N who="2" m="12288" /><DORA hai="97" /><DORA hai="84" /><V0/><F0/><T93/><REACH who="0" step="1"/><D79/><REACH who="0" ten="472,501,67,0" step="2"/><U52/><E118/><V87/><F40/><T35/><D35/><U121/><N who="1" m="31008" /><U44/><E44/><V102/><F102/><T71/><AGARI ba="0,1" hai="42,43,55,57,61,62,65,71,83,86,88,92,93,95" machi="71" ten="30,9000,2" yaku="1,1,0,1,52,3,54,1,53,0" doraHai="39,97,84" doraHaiUra="45,46,103" who="0" fromWho="0" sc="472,100,501,-30,67,-60,0,0" owari="572,52.0,471,7.0,7,-59.0,0,0.0" /></mjloggm>