<mjloggm ver="2.3"><GO type="169" lobby="0"/><UN n0="%E3%83%93%E3%83%81%E3%83%A3%E5%B1%B1%E3%83%93%E3%83%81%E3%83%A3%E7%94%B7" n1="%68%69%6A%69%68%69%6A%69" n2="%6B%6F%75%37%37%37" n3="%E3%81%97%E3%82%89%E3%81%99%EF%BC%A1" dan="16,16,17,16" rate="2014.55,2038.05,2206.33,2100.03" sx="M,F,M,M"/><TAIKYOKU oya="0"/><INIT seed="0,0,0,4,0,135" ten="250,250,250,250" oya="0" hai0="42,59,133,65,108,123,68,47,110,76,52,17,54" hai1="14,119,101,36,39,130,15,112,114,98,16,97,44" hai2="27,124,77,34,71,86,96,129,126,35,10,132,128" hai3="53,81,73,75,62,72,32,105,61,13,104,22,85"/><T120/><D76/><U80/><E80/><N who="2" m="47375" /><F71/><W21/><G32/><T29/><D29/><U87/><E87/><V89/><F10/><W90/><G53/><N who="0" m="20587" /><D59/><U79/><E79/><V31/><F35/><W83/><G13/><T107/><D107/><U102/><E44/><V4/><F4/><W78/><G75/><T66/><D133/><U67/><E67/><N who="0" m="25609" /><D68/><U116/><REACH who="1" step="1"/><E130/><REACH who="1" ten="250,240,250,250" step="2"/><N who="2" m="50283" /><F132/><W113/><G78/><T26/><D26/><U8/><E8/><V2/><F2/><W41/><G85/><T48/><D17/><AGARI ba="0,1" hai="14,15,16,17,36,39,97,98,101,102,112,114,116,119" machi="17" ten="25,6400,0" yaku="1,1,22,2,54,1,53,0" doraHai="135" doraHaiUra="24" who="1" fromWho="0" sc="250,-64,240,74,250,0,250,0" /><INIT seed="1,0,0,5,2,9" ten="186,314,250,250" oya="1" hai0="81,127,7,91,126,40,94,65,36,12,95,128,26" hai1="125,73,93,27,51,3,5,35,116,47,28,61,74" hai2="1,105,71,34,41,17,88,110,29,117,59,10,101" hai3="132,15,112,30,104,8,79,0,39,86,52,102,109"/><U33/><E116/><V76/><F117/><W25/><G109/><T98/><D128/><U106/><E106/><V58/><F110/><W82/><G112/><T87/><D65/><U69/><E125/><N who="0" m="47625" /><D26/><U133/><E133/><V131/><F71/><W64/><G132/><T21/><D36/><U114/><E114/><V45/><F76/><W54/><G0/><T111/><D40/><U129/><E129/><V19/><F101/><W96/><G64/><T122/><D111/><U38/><E38/><V23/><F105/><W92/><G104/><T44/><D44/><U49/><E35/><V37/><F19/><W97/><G96/><T6/><D95/><U18/><E49/><V121/><F29/><W135/><G39/><T77/><D122/><U72/><E93/><V11/><F34/><W55/><G135/><T124/><N who="0" m="47633" /><T68/><DORA hai="24" /><D68/><U57/><E69/><V4/><F121/><W89/><G25/><T53/><D53/><U99/><E99/><V78/><F131/><W66/><G66/><T2/><D2/><U67/><E3/><V123/><F123/><W60/><G60/><T120/><D120/><U14/><E5/><N who="0" m="1545" /><D21/><U90/><E90/><V22/><F88/><W62/><G62/><T108/><D108/><U119/><E119/><V50/><F37/><W107/><G30/><T84/><D98/><U103/><E103/><V48/><F1/><W13/><REACH who="3" step="1"/><G8/><REACH who="3" ten="186,314,250,240" step="2"/><T80/><D12/><U70/><E70/><V56/><F11/><W115/><G115/><T43/><D94/><U100/><E14/><V83/><F10/><W32/><G32/><RYUUKYOKU ba="0,1" sc="186,15,314,-15,250,-15,240,15" hai0="43,77,80,81,84,87,91" hai3="13,15,52,54,55,79,82,86,89,92,97,102,107" /><INIT seed="2,1,1,3,4,127" ten="201,299,235,255" oya="2" hai0="18,83,99,50,5,74,13,128,10,82,97,54,94" hai1="72,15,101,60,105,85,67,66,129,16,44,4,80" hai2="47,126,1,36,8,51,58,108,87,34,61,29,86" hai3="3,33,120,53,73,118,92,122,2,68,135,104,26"/><V116/><F116/><W111/><RYUUKYOKU type="yao9" ba="1,1" sc="201,0,299,0,235,0,255,0" hai3="2,3,26,33,53,68,73,92,104,111,118,120,122,135" /><INIT seed="2,2,1,1,3,88" ten="201,299,235,255" oya="2" hai0="65,99,37,38,2,74,69,106,67,55,32,120,130" hai1="7,27,6,111,41,60,112,66,31,103,92,47,97" hai2="42,95,54,117,72,124,132,28,123,101,110,84,62" hai3="102,113,82,107,133,15,29,114,134,83,125,17,0"/><V80/><F117/><W86/><G0/><T53/><D2/><U14/><E111/><V8/><F123/><W87/><G29/><T43/><D74/><U44/><E112/><N who="3" m="43114" /><G125/><T34/><D99/><U126/><E126/><V21/><F124/><W12/><G102/><T25/><D106/><U11/><E6/><V22/><F132/><N who="3" m="50795" /><G107/><T70/><D25/><U58/><REACH who="1" step="1"/><E41/><REACH who="1" ten="201,289,235,255" step="2"/><V81/><F42/><W131/><G131/><T59/><D130/><U4/><E4/><V57/><F110/><W49/><G49/><T50/><D120/><U100/><E100/><V45/><F101/><W40/><G40/><T56/><D43/><U61/><E61/><V68/><F62/><W9/><G15/><T77/><D50/><U76/><E76/><AGARI ba="2,2" hai="32,34,37,38,53,55,56,59,65,67,69,70,76,77" machi="76" ten="25,1600,0" yaku="22,2" doraHai="88" who="0" fromWho="1" sc="201,42,289,-22,235,0,255,0" /><INIT seed="3,0,0,4,4,43" ten="243,267,235,255" oya="3" hai0="81,57,22,73,101,31,26,97,87,74,18,27,36" hai1="34,53,68,135,82,38,9,45,48,41,80,7,96" hai2="88,39,69,29,4,84,93,115,12,28,55,110,11" hai3="104,133,116,25,79,15,117,14,32,6,113,103,20"/><W3/><G113/><T67/><D36/><U76/><E135/><V49/><F115/><W58/><G79/><T134/><D134/><U0/><E34/><V106/><F110/><W85/><G85/><T30/><D18/><U108/><E108/><V124/><F124/><W99/><G133/><T50/><D50/><U23/><E68/><V78/><F39/><W112/><G112/><T121/><D121/><U8/><E8/><V61/><F106/><W131/><G131/><T100/><D100/><U56/><E96/><V17/><F78/><W98/><G98/><T40/><D40/><U66/><E66/><V65/><REACH who="2" step="1"/><F4/><REACH who="2" ten="243,267,225,255" step="2"/><W44/><G6/><T95/><D74/><U63/><E38/><V75/><F75/><W86/><G116/><T35/><D73/><U125/><E125/><V118/><F118/><W126/><G117/><T83/><D87/><U90/><E76/><V109/><F109/><W119/><G119/><T21/><REACH who="0" step="1"/><D35/><REACH who="0" ten="233,267,225,255" step="2"/><U51/><E51/><V132/><F132/><W94/><G32/><T120/><D120/><U33/><E33/><V111/><F111/><W5/><G86/><T13/><D13/><U46/><E48/><V16/><F16/><W37/><G14/><T62/><AGARI ba="0,2" hai="21,22,26,27,30,31,57,62,67,81,83,95,97,101" machi="62" ten="30,12000,2" yaku="1,1,0,1,9,1,25,2,8,1,53,1" doraHai="43" doraHaiUra="60" who="0" fromWho="0" sc="233,140,267,-30,225,-30,255,-60" /><INIT seed="4,0,0,4,2,108" ten="373,237,195,195" oya="0" hai0="91,105,37,80,48,102,74,96,97,47,73,68,127" hai1="113,118,110,69,26,17,27,10,72,63,55,117,84" hai2="88,56,59,18,61,86,95,99,6,28,58,38,122" hai3="79,53,43,51,1,32,42,21,66,5,9,123,33"/><T2/><D2/><U90/><E72/><V107/><F122/><W130/><G130/><T92/><D68/><U125/><E110/><V132/><F132/><W34/><G123/><T119/><D37/><U114/><E125/><V75/><F38/><W116/><G116/><N who="1" m="44650" /><E10/><V67/><F6/><W60/><G79/><T19/><D119/><U29/><E17/><V52/><F75/><W85/><G85/><T112/><D80/><N who="1" m="49415" /><E29/><V124/><F124/><W134/><G21/><T70/><D70/><U87/><E87/><V25/><F18/><W15/><G1/><T41/><D127/><U13/><E13/><V93/><F107/><W20/><G20/><T40/><D40/><U98/><E98/><V36/><F36/><W50/><G134/><T31/><D31/><U129/><E129/><V46/><F46/><W35/><N who="3" m="8192" /><DORA hai="49" /><W54/><G43/><T22/><D74/><U135/><E135/><V30/><F25/><W83/><G83/><T126/><D73/><U103/><E103/><N who="2" m="60911" /><F58/><W39/><G39/><T57/><D57/><N who="1" m="35263" /><E69/><V82/><F82/><W101/><G101/><T115/><REACH who="0" step="1"/><D126/><REACH who="0" ten="363,237,195,195" step="2"/><U3/><E3/><V7/><F7/><W89/><G5/><T16/><D16/><U77/><E77/><V128/><F128/><W24/><G42/><T23/><D23/><U76/><E76/><V4/><F4/><W8/><G8/><T62/><D62/><AGARI ba="0,1" hai="28,30,52,56,59,61,62,67,86,88,95" m="60911" machi="62" ten="30,7700,0" yaku="8,1,52,1,54,2" doraHai="108,49" who="2" fromWho="0" sc="363,-77,237,0,195,87,195,0" /><INIT seed="5,0,0,1,3,89" ten="286,237,282,195" oya="1" hai0="2,104,92,131,91,61,134,12,135,47,57,129,59" hai1="63,80,114,107,123,20,38,34,93,8,90,79,15" hai2="7,46,27,50,10,121,118,60,52,0,103,37,86" hai3="22,98,95,36,78,133,49,74,71,21,51,128,26"/><U97/><E123/><V16/><F118/><W130/><G36/><T39/><D2/><U77/><E34/><V88/><F121/><W1/><G1/><T64/><D104/><U102/><E38/><V58/><F103/><W5/><G5/><T43/><D12/><U33/><E33/><V94/><F37/><W14/><G71/><T19/><D19/><U17/><E114/><V24/><REACH who="2" step="1"/><F16/><REACH who="2" ten="286,237,272,195" step="2"/><N who="3" m="10391" /><G130/><N who="0" m="49675" /><D91/><U132/><E132/><N who="0" m="50729" /><D92/><U65/><E8/><V84/><F84/><W119/><G128/><T99/><D99/><U85/><REACH who="1" step="1"/><E107/><REACH who="1" ten="286,227,272,195" step="2"/><V67/><AGARI ba="0,2" hai="0,7,10,24,27,46,50,52,58,60,67,86,88,94" machi="67" ten="20,12000,2" yaku="1,1,0,1,7,1,52,1,54,2,53,0" doraHai="89" doraHaiUra="110" who="2" fromWho="2" sc="286,-30,227,-60,272,140,195,-30" /><INIT seed="6,0,0,2,4,7" ten="256,167,412,165" oya="2" hai0="99,114,127,78,17,64,18,37,46,94,74,20,88" hai1="115,96,29,19,23,62,28,39,9,50,24,3,84" hai2="131,128,40,45,63,135,52,8,6,44,79,75,109" hai3="125,35,121,73,91,38,72,59,98,16,66,110,43"/><V119/><F119/><W1/><G110/><T97/><D114/><U0/><E39/><V101/><F101/><W57/><G121/><T4/><D64/><U30/><E115/><V31/><F31/><W117/><G117/><T25/><D4/><U112/><E112/><V68/><F135/><W49/><G35/><T12/><D127/><U27/><E50/><N who="2" m="28743" /><F63/><W70/><G1/><N who="1" m="586" /><E62/><V118/><F68/><W90/><G125/><T13/><D74/><U100/><E84/><V42/><F118/><W53/><G38/><T120/><D78/><U48/><E48/><V83/><F109/><W2/><G2/><T56/><D56/><U10/><E96/><V51/><F6/><W47/><G70/><T126/><D120/><U134/><E100/><V5/><F5/><W81/><G72/><T132/><D132/><U85/><E85/><V124/><F124/><W41/><G98/><T11/><D126/><U107/><E107/><V95/><F95/><W21/><G73/><T93/><D37/><U116/><E116/><V102/><F102/><W108/><G108/><T67/><D67/><U76/><E76/><V58/><F58/><N who="3" m="22027" /><G66/><T111/><D111/><U26/><E134/><V54/><F75/><W36/><G36/><T103/><D46/><U61/><E61/><V32/><F79/><W15/><G81/><T122/><D122/><U106/><E106/><V55/><F83/><W82/><G82/><T60/><D60/><U105/><E105/><V65/><F65/><W113/><G113/><T89/><D103/><U92/><E92/><V69/><F69/><W129/><G129/><RYUUKYOKU ba="0,0" sc="256,10,167,10,412,-30,165,10" hai0="11,12,13,17,18,20,25,88,89,93,94,97,99" hai1="9,10,19,23,24,26,27,28,29,30" hai3="15,16,21,41,43,47,49,53,90,91" /><INIT seed="7,1,0,4,4,107" ten="266,177,382,175" oya="3" hai0="100,80,70,41,6,118,91,79,93,124,132,120,109" hai1="114,85,45,21,19,0,88,81,69,123,134,34,48" hai2="130,75,117,40,18,46,13,53,8,92,66,27,15" hai3="73,115,7,82,25,42,56,26,74,121,39,16,33"/><W4/><G121/><T22/><D109/><U119/><E123/><V31/><F75/><W97/><G115/><T10/><D70/><U20/><E114/><V104/><F104/><W95/><G56/><T32/><D32/><U29/><E69/><V83/><F83/><W38/><G33/><T11/><D100/><U106/><E106/><V67/><F117/><W101/><G42/><T86/><D118/><U122/><E119/><V28/><F53/><W57/><G57/><T3/><D124/><U36/><E36/><V110/><F110/><W12/><G39/><T111/><D132/><U126/><E134/><V133/><F130/><W49/><G49/><T30/><D11/><U58/><E126/><V116/><F133/><W71/><G38/><T76/><D76/><U129/><E129/><V2/><F2/><W131/><G71/><T84/><D111/><U99/><E0/><V17/><F92/><W5/><G131/><T89/><D120/><U87/><E34/><V35/><F31/><W62/><G62/><T98/><D22/><U72/><E72/><N who="3" m="27754" /><G82/><T112/><D112/><U64/><E122/><V52/><F52/><W96/><G96/><T9/><D41/><N who="1" m="24623" /><E99/><V1/><F116/><W14/><G14/><T78/><D98/><U102/><E29/><V63/><F63/><W50/><G50/><T55/><D30/><U125/><E125/><V60/><F60/><W65/><G65/><T90/><D55/><U103/><E21/><N who="2" m="11439" /><F1/><W61/><G61/><T68/><D68/><U77/><E64/><N who="2" m="24619" /><F40/><W47/><G47/><T23/><D80/><N who="1" m="49255" /><E58/><V24/><F46/><RYUUKYOKU ba="1,0" sc="266,-30,177,10,382,10,175,10" hai1="19,20,77,81,85,102,103" hai2="8,15,18,24,27,28,35" hai3="4,5,7,12,16,25,26,95,97,101" /><INIT seed="7,2,0,5,3,99" ten="236,187,392,185" oya="3" hai0="31,134,29,81,4,83,58,76,25,77,45,90,37" hai1="92,36,110,79,78,105,87,118,46,65,42,119,6" hai2="11,132,127,70,3,24,107,94,43,69,52,16,30" hai3="34,50,128,123,40,135,48,131,18,111,121,5,62"/><W68/><G34/><T113/><D4/><U117/><E105/><V9/><F107/><W66/><G5/><T17/><D90/><N who="1" m="53343" /><E110/><V130/><F43/><W44/><G18/><T116/><D116/><U100/><E100/><V72/><F72/><W63/><G135/><T120/><D113/><U108/><E108/><V56/><F127/><W10/><G10/><T109/><D120/><N who="3" m="46153" /><G111/><T97/><D37/><U86/><E6/><V55/><F132/><W104/><G104/><T74/><D45/><U129/><E129/><N who="3" m="49738" /><G63/><T23/><D134/><U35/><E35/><V73/><F11/><W95/><G95/><T133/><D133/><U0/><E0/><V54/><F94/><W49/><AGARI ba="2,0" hai="40,44,48,49,50,62,66,68" m="49738,46153" machi="49" ten="40,7800,0" yaku="19,1,34,2" doraHai="99" who="3" fromWho="3" sc="236,-28,187,-28,392,-28,185,84" /><INIT seed="7,3,0,4,5,34" ten="208,159,364,269" oya="3" hai0="55,71,15,80,126,108,37,102,96,70,22,57,50" hai1="110,113,84,42,115,129,29,36,38,12,128,41,62" hai2="103,26,117,105,132,13,98,18,49,79,10,111,75" hai3="74,6,100,7,17,23,133,68,30,81,122,114,21"/><W24/><G122/><T11/><D108/><U25/><E84/><V1/><F111/><W59/><G68/><T109/><D109/><U72/><E72/><V4/><F117/><W64/><G114/><N who="1" m="43530" /><E12/><V91/><F132/><W123/><G123/><T89/><D126/><U45/><E29/><V40/><F91/><W127/><G133/><T32/><D37/><N who="1" m="14443" /><E25/><V134/><F134/><W3/><G127/><T47/><D32/><U19/><E19/><V78/><F26/><W130/><G100/><T16/><D22/><U43/><E110/><V44/><F75/><W52/><G81/><T95/><D57/><U125/><E125/><V94/><F105/><W106/><G106/><T82/><D82/><U33/><E33/><V66/><F66/><W67/><G74/><T101/><D101/><U118/><E118/><V85/><F85/><AGARI ba="3,0" hai="11,15,16,47,50,55,70,71,80,85,89,95,96,102" machi="85" ten="40,5200,0" yaku="25,2,54,1" doraHai="34" who="0" fromWho="2" sc="208,61,159,0,364,-61,269,0" owari="269,7.0,159,-34.0,303,40.0,269,-13.0" /></mjloggm>