<mjloggm ver="2.3"><GO type="169" lobby="0"/><UN n0="%46%49%4E%48%E7%B4%A0%E9%9D%A2" n1="%E3%81%9F%E3%81%8B%E3%81%A3%E3%81%A6%E3%81%83%E3%83%BC" n2="%79%6F%75%61%6C%70%68%61" n3="%E6%B2%B3%E7%AB%A5%E3%81%AE%E3%83%AF%E3%82%AB%E3%83%9E%E3%83%84" dan="16,18,17,17" rate="2118.49,2267.13,2141.63,2165.94" sx="M,F,M,M"/><TAIKYOKU oya="0"/><INIT seed="0,0,0,5,5,42" ten="250,250,250,250" oya="0" hai0="114,99,113,61,121,92,109,110,108,58,87,20,16" hai1="52,102,127,86,83,84,103,133,31,27,125,44,35" hai2="82,17,5,10,38,46,117,89,59,73,105,39,80" hai3="120,78,95,15,90,45,8,26,101,28,123,64,37"/><T30/><D30/><U124/><E133/><V81/><F105/><W22/><G101/><T115/><D87/><U24/><E24/><V43/><F117/><W11/><G78/><T94/><D99/><U57/><E86/><V1/><F38/><W128/><G128/><T65/><REACH who="0" step="1"/><D121/><REACH who="0" ten="240,250,250,250" step="2"/><U49/><REACH who="1" step="1"/><E57/><REACH who="1" ten="240,240,250,250" step="2"/><V119/><F59/><W126/><G123/><T55/><D55/><U23/><E23/><V63/><F73/><W6/><G120/><T70/><D70/><U76/><AGARI ba="0,2" hai="27,31,35,44,49,52,76,83,84,102,103,124,125,127" machi="76" ten="30,8000,1" yaku="1,1,0,1,18,1,52,1,54,1,53,0" doraHai="42" doraHaiUra="122" who="1" fromWho="1" sc="240,-40,240,100,250,-20,250,-20" /><INIT seed="1,0,0,1,5,3" ten="200,340,230,230" oya="1" hai0="128,93,122,121,120,86,71,62,19,53,0,125,44" hai1="83,81,102,10,126,112,17,23,95,89,48,35,118" hai2="63,134,65,54,68,106,49,7,132,107,66,41,70" hai3="64,124,117,87,50,60,123,72,104,6,25,80,100"/><U76/><E112/><V90/><F90/><W73/><G123/><T52/><D128/><U38/><E38/><V101/><F101/><W79/><G124/><T67/><D125/><U69/><E69/><V13/><F106/><W119/><G50/><T130/><D130/><U1/><E35/><V92/><F92/><W94/><G25/><T113/><D113/><U8/><E118/><N who="3" m="45066" /><G104/><T109/><D109/><U14/><E126/><V33/><F107/><W105/><G105/><T108/><D108/><U74/><E102/><V12/><F33/><W9/><G94/><T85/><D0/><U116/><E83/><V51/><F63/><W15/><G100/><T103/><D19/><U77/><E77/><V110/><F110/><W36/><G36/><T21/><D21/><U32/><E32/><V98/><F54/><N who="0" m="21098" /><D44/><U59/><E116/><V16/><F41/><W99/><G99/><AGARI ba="0,0" hai="62,67,71,85,86,93,99,103,120,121,122" m="21098" machi="99" ten="40,2600,0" yaku="13,1,54,1" doraHai="3" who="0" fromWho="3" sc="200,26,340,0,230,0,230,-26" /><INIT seed="2,0,0,1,4,110" ten="226,340,230,204" oya="2" hai0="117,133,67,77,134,70,103,90,98,93,57,33,0" hai1="104,55,102,109,44,106,123,43,40,64,17,82,65" hai2="35,113,84,97,41,66,132,1,22,71,29,15,114" hai3="94,53,49,89,76,51,75,78,20,86,101,2,46"/><V36/><F1/><W38/><G38/><T9/><D33/><U58/><E109/><V99/><F35/><W95/><G2/><T23/><D77/><U62/><E123/><V25/><F132/><N who="0" m="50794" /><D23/><U18/><E106/><V16/><F71/><W116/><G116/><T100/><D57/><U108/><E108/><V130/><F130/><W91/><G75/><T122/><D122/><U54/><E102/><V31/><F66/><N who="1" m="25705" /><E82/><V19/><F29/><W52/><G20/><T88/><D103/><U37/><E104/><V121/><F121/><W69/><G101/><T115/><D115/><U125/><E125/><V112/><F84/><W80/><G69/><T72/><D72/><U68/><E68/><V60/><F60/><W50/><G50/><T127/><D127/><U61/><E17/><V73/><F73/><W30/><G30/><T131/><D117/><U5/><E18/><V8/><REACH who="2" step="1"/><F19/><REACH who="2" ten="226,340,220,204" step="2"/><W120/><G120/><T83/><D131/><U34/><E34/><V7/><F7/><W81/><G86/><T12/><D0/><U56/><E5/><V4/><F4/><W74/><G74/><T129/><D129/><U24/><E62/><V45/><AGARI ba="0,1" hai="8,15,16,22,25,31,36,41,45,97,99,112,113,114" machi="45" ten="40,18000,2" yaku="1,1,0,1,52,3,54,1,53,1" doraHai="110" doraHaiUra="27" who="2" fromWho="2" sc="226,-60,340,-60,220,190,204,-60" /><INIT seed="2,1,0,4,5,32" ten="166,280,410,144" oya="2" hai0="55,7,8,39,97,129,75,102,58,27,21,107,94" hai1="31,13,18,93,108,133,134,37,50,25,122,127,24" hai2="49,95,120,100,30,124,135,77,46,73,117,38,16" hai3="84,68,5,65,26,88,44,40,53,61,52,85,105"/><V0/><F117/><W114/><G114/><T78/><D129/><U90/><E37/><V2/><F120/><W72/><G72/><T99/><D39/><U106/><E106/><V110/><F38/><W14/><G105/><T132/><D132/><U17/><E122/><V81/><F135/><W69/><G69/><T11/><D75/><U3/><E108/><V86/><F30/><W64/><G64/><T74/><D78/><U79/><E79/><V1/><F124/><W56/><G84/><T12/><D74/><U62/><E127/><V57/><F110/><W82/><G26/><T63/><D11/><U109/><E109/><V9/><F57/><W35/><G35/><T126/><D126/><U101/><E101/><V125/><F125/><W59/><G40/><T116/><D116/><U98/><E24/><V118/><F118/><W128/><G128/><T43/><D43/><U89/><E18/><V131/><F131/><W45/><G68/><T36/><D36/><U115/><E115/><V6/><F16/><W119/><G65/><T19/><D99/><U80/><E17/><V71/><F71/><W130/><G130/><T15/><REACH who="0" step="1"/><D107/><REACH who="0" ten="156,280,410,144" step="2"/><U28/><E98/><V29/><F73/><W20/><G119/><T112/><D112/><U92/><E133/><V96/><F29/><W103/><G103/><T111/><D111/><U34/><E31/><V104/><F104/><W10/><REACH who="3" step="1"/><G20/><REACH who="3" ten="156,280,410,134" step="2"/><T83/><D83/><U91/><E80/><V4/><REACH who="2" step="1"/><F9/><REACH who="2" ten="156,280,400,134" step="2"/><W23/><G23/><T67/><D67/><U70/><E134/><V87/><F87/><W42/><G42/><AGARI ba="1,3" hai="0,1,2,4,6,42,46,49,77,81,86,95,96,100" machi="42" ten="40,12000,1" yaku="1,1,6,1,52,3,53,0" doraHai="32" doraHaiUra="51" who="2" fromWho="3" sc="156,0,280,0,400,153,134,-123" /><INIT seed="2,2,0,2,4,47" ten="156,280,553,11" oya="2" hai0="122,38,80,91,117,73,132,36,28,43,33,37,87" hai1="94,57,14,109,85,119,64,46,101,121,128,42,48" hai2="21,24,118,0,79,67,120,8,84,102,52,124,78" hai3="105,103,92,3,49,16,58,88,68,130,2,97,98"/><V131/><F118/><W1/><G68/><T86/><D122/><U10/><E119/><V106/><F120/><W30/><G30/><T74/><D43/><U82/><E109/><V90/><F67/><W125/><G130/><T71/><D71/><U123/><E128/><V9/><F124/><W89/><G125/><T111/><D111/><U51/><E101/><V110/><F110/><W27/><G89/><T76/><D132/><U22/><E22/><V7/><F8/><W62/><G49/><T45/><D45/><U65/><E94/><V35/><F35/><W133/><G133/><T81/><D117/><U96/><E96/><V50/><F102/><W126/><G126/><T116/><D116/><U19/><E123/><V129/><F106/><W25/><REACH who="3" step="1"/><G16/><REACH who="3" ten="156,280,553,1" step="2"/><T12/><D28/><U20/><E121/><V95/><F129/><W127/><G127/><T61/><D33/><U39/><E20/><V100/><F131/><W15/><G15/><T77/><D91/><N who="1" m="51639" /><E39/><V83/><F100/><W107/><G107/><T134/><D134/><U59/><E51/><V108/><F108/><W114/><G114/><T4/><D61/><U135/><E135/><V53/><F50/><W70/><G70/><T112/><D112/><U41/><E41/><V63/><F63/><W17/><G17/><T66/><D12/><U55/><E42/><V113/><F113/><W69/><G69/><T31/><D31/><U93/><E93/><V11/><F95/><W115/><G115/><T75/><D4/><U72/><E59/><V6/><F7/><W40/><G40/><T104/><D104/><RYUUKYOKU ba="2,1" sc="156,15,280,-15,553,-15,1,15" hai0="36,37,38,66,73,74,75,76,77,80,81,86,87" hai3="1,2,3,25,27,58,62,88,92,97,98,103,105" /><INIT seed="3,3,1,3,3,0" ten="171,265,538,16" oya="3" hai0="111,12,73,35,27,18,131,5,88,19,121,22,75" hai1="113,129,100,72,104,60,101,81,4,117,57,10,13" hai2="43,11,124,53,42,33,67,89,48,25,126,49,44" hai3="37,8,26,20,69,32,97,120,110,54,55,90,63"/><W76/><G120/><T80/><D121/><U112/><E129/><V16/><F67/><W23/><G37/><T38/><D38/><U29/><E117/><V95/><F33/><W125/><G125/><T93/><D111/><U79/><E29/><V84/><F25/><W99/><G110/><T123/><D123/><U31/><E31/><V24/><F24/><W50/><G32/><T130/><D35/><U7/><E7/><V56/><F42/><W71/><G76/><T9/><D19/><U65/><REACH who="1" step="1"/><E104/><REACH who="1" ten="171,255,538,16" step="2"/><V68/><F124/><W106/><G106/><T135/><D131/><U40/><E40/><V30/><F43/><W132/><G132/><T83/><D135/><U77/><E77/><V64/><F30/><W92/><G8/><T14/><D130/><U96/><E96/><V61/><F11/><W82/><G99/><N who="0" m="57767" /><D75/><U78/><E78/><V52/><F126/><W85/><G20/><T28/><D73/><U122/><E122/><V115/><F16/><N who="3" m="12647" /><G85/><T102/><D102/><AGARI ba="3,2" hai="4,10,13,57,60,65,72,79,81,100,101,102,112,113" machi="102" ten="40,2600,0" yaku="1,1,52,1,53,0" doraHai="0" doraHaiUra="114" who="1" fromWho="0" sc="171,-35,255,55,538,0,16,0" /><INIT seed="4,0,0,0,0,99" ten="136,310,538,16" oya="0" hai0="76,69,5,119,106,89,66,10,97,130,107,11,131" hai1="48,85,70,35,24,135,38,58,31,126,40,113,102" hai2="37,112,2,79,118,43,41,115,81,125,56,30,93" hai3="121,103,50,88,110,105,45,9,64,72,32,14,33"/><T120/><D76/><U3/><E70/><V101/><F2/><W63/><G72/><T36/><D36/><U87/><E3/><V77/><F30/><W132/><G110/><T26/><D119/><U20/><E135/><V53/><F125/><W73/><G73/><T68/><D120/><U42/><E126/><V108/><F108/><W133/><G121/><T15/><D26/><U100/><E113/><V55/><F118/><W82/><G32/><T90/><D66/><U98/><E35/><V21/><F21/><W86/><G33/><T59/><D59/><U13/><E13/><V39/><F93/><W0/><G0/><T75/><D75/><U104/><E38/><V51/><F101/><N who="1" m="39017" /><E98/><V18/><F37/><W96/><G63/><T1/><D97/><U6/><E6/><V109/><F39/><W34/><G64/><T127/><D127/><U17/><E31/><V28/><F28/><W23/><G23/><T83/><D1/><U117/><E104/><V16/><F109/><W111/><G34/><T52/><D15/><U46/><E117/><V91/><F112/><W8/><G111/><T95/><D5/><U67/><E42/><V4/><F4/><W54/><REACH who="3" step="1"/><G8/><REACH who="3" ten="136,310,538,6" step="2"/><T71/><D10/><U47/><E67/><V134/><F115/><W74/><G74/><T27/><D11/><U124/><E124/><V19/><F134/><W25/><G25/><T61/><D27/><U65/><E65/><V44/><F77/><W29/><G29/><T94/><D107/><U128/><E20/><V123/><F79/><W78/><G78/><T92/><D106/><RYUUKYOKU ba="0,1" sc="136,-10,310,-10,538,-10,6,30" hai3="9,14,45,50,54,82,86,88,96,103,105,132,133" /><INIT seed="5,1,1,0,4,25" ten="126,300,528,36" oya="1" hai0="19,98,72,53,91,122,129,92,126,43,103,89,56" hai1="24,49,105,100,9,115,78,30,36,97,107,32,70" hai2="18,116,7,110,133,96,45,44,54,124,42,81,48" hai3="55,31,2,77,3,40,26,135,6,21,12,47,38"/><U127/><E36/><V52/><F110/><W4/><G135/><T104/><D129/><U62/><E115/><V106/><F116/><W57/><G77/><T90/><D126/><U102/><E127/><V41/><F7/><W65/><G65/><T80/><D43/><U131/><E131/><V66/><F124/><W111/><G111/><T108/><D108/><U86/><E49/><V101/><F133/><W14/><G6/><T37/><D37/><U82/><E9/><V35/><F35/><W64/><G64/><T87/><D19/><U121/><E121/><V88/><F66/><W8/><REACH who="3" step="1"/><G2/><REACH who="3" ten="126,300,528,26" step="2"/><T61/><D122/><U13/><E70/><V99/><F41/><W29/><G29/><T71/><D71/><U27/><E78/><AGARI ba="1,2" hai="53,56,61,72,78,80,87,89,90,91,92,98,103,104" machi="78" ten="40,2600,0" yaku="24,2" doraHai="25" who="0" fromWho="1" sc="126,49,300,-29,528,0,26,0" /><INIT seed="6,0,0,0,2,101" ten="175,271,528,26" oya="2" hai0="100,58,24,66,130,0,13,67,47,37,82,123,85" hai1="36,73,22,57,61,30,81,78,1,26,60,50,97" hai2="70,76,28,87,32,43,75,95,132,2,20,111,117" hai3="102,108,84,94,129,124,10,48,41,91,51,121,96"/><V12/><F117/><W135/><G129/><T88/><D0/><U113/><E36/><V118/><F2/><W65/><G135/><T114/><D123/><U4/><E113/><V77/><F70/><W122/><G124/><T38/><D114/><U104/><E1/><V64/><F32/><W71/><G108/><T33/><D130/><U11/><E104/><V125/><F75/><W52/><G41/><T49/><D13/><U44/><E97/><V17/><F28/><W69/><G51/><T31/><D100/><U45/><E61/><V89/><F132/><W59/><G10/><T21/><D33/><U93/><E93/><V68/><F125/><W127/><G127/><T92/><D58/><U131/><E131/><V15/><F43/><W99/><G99/><T29/><D29/><U103/><E103/><V14/><F118/><W106/><REACH who="3" step="1"/><G65/><REACH who="3" ten="175,271,528,16" step="2"/><T112/><D112/><U83/><E50/><V90/><F64/><W133/><G133/><T126/><D126/><U16/><E11/><V86/><F111/><W54/><G54/><N who="0" m="30015" /><D37/><U46/><E45/><V34/><F34/><W53/><G53/><T3/><D38/><U80/><E44/><V5/><F5/><W40/><G40/><T128/><D128/><U74/><E46/><V134/><F134/><W79/><G79/><N who="0" m="46303" /><D3/><U8/><E78/><V63/><F76/><W55/><G55/><T23/><D23/><N who="1" m="15711" /><E73/><V119/><F77/><W9/><G9/><T109/><D109/><U18/><E74/><V19/><F119/><W7/><G7/><T105/><D21/><U39/><E39/><V6/><F20/><RYUUKYOKU ba="0,1" sc="175,-10,271,-10,528,-10,16,30" hai3="48,52,59,69,71,84,91,94,96,102,106,121,122" /><INIT seed="7,1,1,1,4,128" ten="165,261,518,46" oya="3" hai0="73,83,33,64,14,107,34,115,127,6,55,72,46" hai1="12,22,123,38,37,134,119,130,95,26,25,61,67" hai2="106,100,54,69,92,91,129,79,93,68,59,19,29" hai3="42,16,48,116,7,113,90,65,20,49,53,133,78"/><W110/><G116/><T50/><D107/><U77/><E134/><V71/><F29/><W70/><G113/><T105/><D105/><U28/><E123/><V103/><F79/><W81/><G110/><T57/><D127/><U41/><E41/><V80/><F80/><W30/><G7/><T88/><D73/><U4/><E77/><V2/><F2/><W10/><G133/><T8/><D72/><U44/><E44/><V56/><F106/><W18/><G90/><T109/><D109/><U66/><E66/><V125/><F69/><W96/><G96/><T35/><D115/><U15/><E130/><V21/><F54/><W13/><G30/><T75/><D75/><U102/><E26/><V85/><F21/><W27/><G42/><T108/><D108/><U1/><E1/><V94/><F94/><W36/><G36/><T89/><D83/><U122/><E122/><V86/><F129/><W76/><G49/><T39/><D39/><U40/><E119/><V23/><F23/><W32/><G32/><T58/><D46/><N who="1" m="23823" /><E4/><V63/><F125/><W0/><G0/><T51/><D64/><U135/><E135/><V101/><F101/><W120/><G81/><T112/><D112/><U43/><E43/><V124/><F124/><W99/><G99/><T45/><D45/><U126/><E126/><V118/><F118/><W11/><G11/><T47/><D47/><U114/><E114/><V104/><F91/><W60/><REACH who="3" step="1"/><G120/><REACH who="3" ten="165,261,518,36" step="2"/><T121/><D121/><U17/><E38/><V3/><F3/><W62/><G62/><T132/><D132/><U31/><E61/><RYUUKYOKU ba="1,2" sc="165,15,261,-15,518,-15,36,15" hai0="6,8,14,33,34,35,50,51,55,57,58,88,89" hai3="10,13,16,18,20,27,48,53,60,65,70,76,78" /><INIT seed="7,2,2,3,5,0" ten="180,246,503,51" oya="3" hai0="85,87,91,63,13,70,100,58,119,89,121,115,46" hai1="75,82,56,72,44,120,99,24,76,1,21,29,43" hai2="135,36,71,68,11,73,131,93,112,55,117,48,106" hai3="62,128,107,22,32,97,90,8,28,17,18,113,126"/><W74/><G74/><T4/><D70/><U118/><E120/><V45/><F93/><W86/><G128/><T50/><D119/><U111/><E111/><V42/><F11/><W114/><G126/><T105/><D121/><U26/><E1/><V52/><F106/><W133/><G133/><T110/><D110/><U34/><E118/><V41/><F73/><W27/><G62/><T84/><D100/><U61/><E99/><V122/><F122/><W6/><G107/><T3/><D3/><U108/><E108/><V77/><F77/><W7/><G97/><T33/><D33/><U78/><E78/><V37/><F117/><W16/><G32/><T123/><D105/><U134/><E134/><V125/><F135/><W31/><G28/><T104/><D104/><U25/><E75/><V5/><F5/><W95/><REACH who="3" step="1"/><G8/><REACH who="3" ten="180,246,503,41" step="2"/><N who="0" m="4231" /><D123/><U2/><E34/><V92/><F131/><W96/><G96/><T116/><D116/><U94/><E72/><V88/><F125/><W35/><G35/><T51/><D115/><AGARI ba="2,3" hai="6,7,16,17,18,22,27,31,86,90,95,113,114,115" machi="115" ten="40,18000,2" yaku="1,1,15,1,52,2,54,1,53,1" doraHai="0" doraHaiUra="81" who="3" fromWho="0" sc="180,-186,246,0,503,0,41,216" owari="-6,-51.0,246,-15.0,503,60.0,257,6.0" /></mjloggm>