<mjloggm ver="2.3"><GO type="169" lobby="0"/><UN n0="%4F%4D%41%4E%54%41" n1="%E6%9D%B1%E4%BA%AC%E9%9B%BB%E5%8A%9B" n2="%52%6F%6E%E6%B0%8F" n3="%E3%83%AA%E3%83%BC%E3%83%95%E3%82%A3%E3%82%A2" dan="19,17,16,16" rate="2247.49,2229.74,2163.59,2107.33" sx="M,M,M,F"/><TAIKYOKU oya="0"/><INIT seed="0,0,0,0,5,125" ten="250,250,250,250" oya="0" hai0="83,112,24,56,5,38,23,10,101,110,73,48,90" hai1="131,81,72,124,98,120,123,28,67,60,117,63,59" hai2="39,29,19,20,70,134,89,47,65,42,7,52,135" hai3="115,86,97,87,71,41,84,25,104,122,106,62,30"/><T14/><D112/><U92/><E124/><V49/><F29/><W74/><G74/><T93/><D38/><U44/><E117/><V109/><F7/><W132/><G115/><T94/><D110/><U31/><E44/><V4/><F4/><W121/><G132/><T79/><D101/><U36/><E36/><V64/><F109/><W99/><G41/><T68/><D68/><U13/><E13/><V82/><F82/><W0/><G0/><T102/><D102/><U78/><E28/><V54/><F54/><W100/><G99/><T114/><D114/><U58/><E31/><V126/><F89/><W116/><G106/><T11/><D11/><U51/><E51/><V80/><F80/><W133/><G133/><N who="2" m="50697" /><F126/><W26/><G26/><T105/><D105/><U6/><E6/><V37/><F70/><W107/><G107/><T95/><D48/><U75/><E75/><V12/><F37/><W129/><G116/><T43/><D56/><AGARI ba="0,0" hai="12,19,20,39,42,47,49,52,56,64,65" m="50697" machi="56" ten="30,2000,0" yaku="20,1,54,1" doraHai="125" who="2" fromWho="0" sc="250,-20,250,0,250,20,250,0" /><INIT seed="1,0,0,2,4,124" ten="230,250,270,250" oya="1" hai0="35,84,62,102,26,111,38,8,95,93,36,80,83" hai1="53,133,115,41,106,16,44,135,67,99,60,46,1" hai2="12,48,121,77,90,25,109,134,113,116,64,6,114" hai3="100,126,96,117,86,73,131,78,91,47,72,66,0"/><U43/><E1/><V28/><F77/><W18/><G0/><T81/><D111/><U127/><E106/><V75/><F75/><N who="3" m="28747" /><G66/><T130/><D8/><U55/><E99/><V63/><F116/><W128/><G47/><N who="1" m="17962" /><E16/><V76/><F48/><W7/><G18/><T79/><D81/><U9/><E9/><V69/><F76/><W50/><G50/><T82/><D83/><U30/><E30/><V5/><F121/><W94/><G7/><T85/><D79/><U15/><E15/><V3/><F3/><W42/><G42/><N who="1" m="15882" /><E127/><V17/><F113/><W108/><G126/><T49/><D102/><U87/><E87/><V14/><F114/><W59/><G108/><T92/><D92/><U20/><E20/><V57/><F109/><W118/><G78/><T104/><D26/><U32/><E32/><V71/><F14/><W70/><G70/><T98/><D35/><U27/><E27/><V122/><F69/><W45/><G45/><T129/><D104/><U123/><E123/><V56/><F71/><W97/><G59/><T19/><D98/><N who="3" m="37993" /><G100/><T88/><D19/><U58/><E115/><V24/><F17/><W61/><G61/><T39/><D62/><U13/><E13/><V125/><F63/><W21/><G21/><T107/><D49/><U112/><E112/><V31/><F12/><W29/><G29/><T34/><D34/><U65/><E65/><V120/><F64/><W22/><G22/><T132/><D107/><U10/><E10/><V89/><F125/><W110/><G110/><T2/><D2/><U51/><E67/><V40/><F40/><RYUUKYOKU ba="0,0" sc="230,-30,250,10,270,10,250,10" hai1="51,53,55,58,60,133,135" hai2="5,6,24,25,28,31,56,57,89,90,120,122,134" hai3="86,91,94,117,118,128,131" /><INIT seed="1,1,0,3,0,111" ten="200,260,280,260" oya="1" hai0="107,130,58,51,60,12,39,41,14,116,124,23,63" hai1="69,30,29,38,28,37,26,53,7,54,108,50,114" hai2="113,126,22,9,94,84,90,56,34,40,6,115,19" hai3="72,5,131,79,89,36,101,43,35,8,102,121,82"/><U0/><E69/><V87/><F34/><W62/><G121/><T103/><D116/><U119/><E26/><V42/><F126/><W118/><G35/><T75/><D75/><U80/><E119/><V61/><F84/><W91/><G118/><T127/><D39/><U129/><E80/><V71/><F71/><W3/><G62/><T97/><D130/><U98/><E98/><V24/><F9/><W112/><G131/><T68/><D68/><U25/><E25/><V99/><F87/><W27/><G27/><T123/><D123/><U93/><E93/><V48/><F6/><W10/><G10/><T31/><D31/><U18/><E18/><V13/><F13/><W73/><G112/><N who="2" m="43081" /><F48/><W20/><G73/><T2/><D12/><U66/><E50/><V95/><F94/><W78/><G78/><T109/><D14/><U122/><E7/><V33/><F33/><W46/><REACH who="3" step="1"/><G20/><REACH who="3" ten="200,260,280,250" step="2"/><T132/><D23/><U88/><E114/><V65/><AGARI ba="1,1" hai="19,22,24,40,42,56,61,65,90,95,99" m="43081" machi="65" ten="30,7900,0" yaku="11,1,52,3" doraHai="111" who="2" fromWho="2" sc="200,-21,260,-40,280,92,250,-21" /><INIT seed="2,0,0,3,4,115" ten="179,220,372,229" oya="2" hai0="52,18,40,22,50,3,0,43,38,20,112,96,53" hai1="54,81,66,6,80,92,9,77,4,90,123,30,98" hai2="128,114,86,5,95,125,21,109,134,69,104,117,59" hai3="8,87,34,67,121,93,33,132,124,74,78,10,41"/><V130/><F104/><W28/><G121/><T58/><D112/><U46/><E123/><V13/><F69/><W126/><G74/><T118/><D118/><U116/><E66/><V71/><F71/><W70/><G132/><T31/><D31/><U100/><E30/><V110/><F114/><W79/><G41/><T48/><D96/><U47/><E116/><V99/><F117/><W129/><G70/><T82/><D82/><U97/><E54/><V27/><F86/><W111/><G28/><T68/><D68/><U7/><E9/><N who="3" m="3690" /><G67/><T15/><D38/><U2/><E2/><V89/><F13/><W107/><G107/><T11/><D3/><U65/><E65/><V19/><F5/><W84/><G93/><T113/><D113/><U56/><E56/><V120/><F120/><W76/><G111/><N who="2" m="42505" /><F134/><W39/><G39/><T63/><D0/><U44/><REACH who="1" step="1"/><E77/><REACH who="1" ten="179,210,372,229" step="2"/><V14/><F59/><W35/><G129/><N who="2" m="49769" /><F14/><W12/><G12/><T94/><D11/><U91/><E91/><V36/><F36/><W108/><G108/><T83/><D15/><U62/><E62/><V1/><F1/><W131/><G131/><T60/><D58/><U57/><E57/><V105/><F105/><AGARI ba="0,1" hai="4,6,7,44,46,47,80,81,90,92,97,98,100,105" machi="105" ten="40,1300,0" yaku="1,1,53,0" doraHai="115" doraHaiUra="45" who="1" fromWho="2" sc="179,0,210,23,372,-13,229,0" /><INIT seed="3,0,0,3,3,127" ten="179,233,359,229" oya="3" hai0="57,32,122,33,17,47,37,30,111,23,70,133,86" hai1="36,45,28,2,67,91,104,131,10,78,90,0,9" hai2="13,79,19,6,44,59,119,109,121,96,114,74,73" hai3="75,68,51,125,130,113,62,80,31,20,43,42,21"/><W40/><G113/><T124/><D70/><U126/><E104/><V35/><F96/><W84/><G75/><T69/><D69/><U27/><E67/><V14/><F79/><W8/><G125/><T5/><D124/><U66/><E66/><V53/><F44/><W3/><G68/><T120/><D57/><U54/><E78/><V85/><F85/><W64/><G64/><T1/><D86/><U94/><E54/><V56/><F6/><W39/><G62/><T132/><D47/><U88/><E94/><V101/><F101/><W95/><G95/><T63/><D37/><U92/><E92/><V77/><F77/><W134/><G8/><N who="0" m="2095" /><D63/><U61/><E61/><V55/><F19/><W118/><G51/><T97/><D97/><U107/><E107/><V102/><F35/><N who="0" m="13386" /><D30/><U29/><E29/><V16/><F102/><W46/><G31/><T25/><D111/><U112/><E28/><V106/><F109/><W58/><G58/><T49/><D49/><U34/><E45/><V135/><F56/><W11/><G46/><T87/><D87/><U100/><E36/><V129/><F59/><W18/><G39/><T99/><D99/><U108/><E108/><V48/><F48/><W116/><G84/><T15/><D25/><U72/><E27/><V123/><F106/><W103/><G103/><T83/><D83/><U93/><E100/><V89/><F73/><W52/><G80/><T71/><D71/><U98/><E126/><V22/><F74/><W65/><G65/><T50/><D50/><U38/><E72/><V26/><F26/><W12/><G52/><RYUUKYOKU ba="0,0" sc="179,30,233,-10,359,-10,229,-10" hai0="15,17,23,120,122,132,133" /><INIT seed="4,1,0,3,0,50" ten="209,223,349,219" oya="0" hai0="80,14,30,103,31,59,6,2,32,47,46,108,11" hai1="34,67,13,91,9,94,19,4,85,23,63,55,60" hai2="115,21,97,128,41,44,123,88,65,76,125,36,37" hai3="75,45,66,89,110,12,28,81,68,1,10,15,90"/><T111/><D103/><U112/><E112/><V119/><F123/><W17/><G110/><N who="0" m="42027" /><D80/><U95/><E34/><V62/><F115/><W134/><G1/><T102/><D102/><U18/><E67/><V109/><F109/><W83/><G134/><T101/><D101/><U73/><E73/><V35/><F35/><W78/><G28/><N who="0" m="10795" /><D32/><U87/><E19/><V127/><F76/><W120/><G120/><T124/><D124/><U93/><E55/><V135/><F135/><W27/><G68/><T70/><D70/><U132/><E132/><V25/><F125/><W79/><G66/><T29/><N who="0" m="10803" /><T48/><DORA hai="129" /><D2/><U131/><E131/><V107/><F128/><W116/><G45/><T40/><D47/><U100/><E100/><V99/><F127/><W133/><G133/><T54/><D59/><U106/><E106/><V57/><F107/><W126/><G126/><T0/><D0/><U42/><E94/><V39/><F44/><W74/><G116/><T105/><D105/><U5/><E42/><AGARI ba="1,0" hai="6,11,14,40,42,46,48,54" m="10803,42027" machi="42" ten="40,3900,0" yaku="10,1,52,1" doraHai="50,129" who="0" fromWho="1" sc="209,42,223,-42,349,0,219,0" /><INIT seed="4,2,0,3,3,128" ten="251,181,349,219" oya="0" hai0="104,2,91,33,61,108,8,20,39,83,59,51,130" hai1="70,6,5,65,131,15,50,90,64,77,28,99,24" hai2="32,69,80,7,115,123,16,43,1,97,94,19,54" hai3="79,41,129,11,88,23,102,63,72,67,34,107,125"/><T18/><D39/><U101/><E131/><V25/><F69/><W96/><G129/><T21/><D130/><U87/><E77/><V14/><F123/><W133/><G125/><T31/><D104/><U127/><E127/><V29/><F43/><W114/><G41/><T98/><D108/><U35/><E50/><V89/><F115/><W57/><G114/><T49/><D33/><U109/><E109/><V73/><F1/><W46/><G34/><T110/><D110/><U27/><E27/><V0/><F0/><W66/><G46/><T36/><D36/><U134/><E134/><V122/><F122/><W52/><G11/><T85/><D98/><U119/><E119/><V105/><F105/><W42/><G42/><T92/><D92/><U124/><E124/><V53/><F7/><W17/><G88/><T56/><D56/><U26/><E26/><V116/><F19/><W78/><G133/><T58/><D58/><U106/><E15/><V126/><F116/><W44/><G44/><T113/><D31/><U48/><E48/><N who="0" m="18505" /><D113/><U135/><E135/><V93/><F93/><N who="3" m="58639" /><G72/><T112/><D112/><U62/><REACH who="1" step="1"/><E65/><REACH who="1" ten="251,171,349,219" step="2"/><N who="3" m="24586" /><G107/><T76/><D76/><U121/><E121/><V82/><F126/><W10/><G79/><T100/><D2/><U132/><E132/><V84/><F73/><W12/><G78/><T38/><D38/><U75/><E75/><V95/><F53/><W118/><G118/><T74/><D74/><U120/><E120/><V71/><F54/><W103/><G52/><N who="0" m="34023" /><D100/><U111/><E111/><V81/><F32/><W86/><G103/><T9/><D91/><RYUUKYOKU ba="2,1" sc="251,-10,171,30,349,-10,219,-10" hai1="5,6,24,28,35,62,64,70,87,90,99,101,106" /><INIT seed="5,3,1,5,0,41" ten="241,201,339,209" oya="1" hai0="115,43,88,77,111,107,81,78,75,12,93,45,14" hai1="47,70,83,23,122,105,133,106,85,89,30,109,25" hai2="26,119,95,103,53,123,76,98,90,114,99,8,102" hai3="27,120,35,97,96,94,131,67,18,50,121,108,6"/><U40/><E122/><V11/><F123/><W48/><G108/><T59/><D111/><U7/><E109/><V68/><F68/><W58/><G131/><T134/><D115/><U87/><E133/><V4/><F119/><W61/><G120/><T24/><D78/><U112/><E112/><V64/><F64/><W86/><G121/><T57/><D107/><U72/><E72/><V126/><F126/><W52/><G6/><T54/><D24/><U66/><E7/><V2/><F76/><W33/><G50/><T110/><D134/><U15/><E15/><V31/><F11/><W42/><G42/><T28/><D28/><U46/><E87/><V130/><F130/><W44/><G86/><T38/><D59/><U100/><E100/><V135/><F135/><W20/><REACH who="3" step="1"/><G96/><REACH who="3" ten="241,201,339,199" step="2"/><T19/><D110/><U69/><E47/><V71/><F98/><W63/><G63/><T34/><D45/><U0/><E0/><V56/><F114/><W101/><AGARI ba="3,2" hai="18,20,27,33,35,44,48,52,58,61,67,94,97,101" machi="101" ten="20,12000,2" yaku="1,1,0,1,7,1,52,1,54,1,53,1" doraHai="41" doraHaiUra="16" who="3" fromWho="3" sc="241,-33,201,-63,339,-33,199,149" /><INIT seed="6,0,0,5,4,40" ten="208,138,306,348" oya="2" hai0="19,87,84,6,71,68,95,94,97,86,88,110,115" hai1="14,104,47,74,132,23,121,2,113,107,133,0,7" hai2="56,78,13,62,15,123,125,85,112,28,31,66,89" hai3="124,109,11,128,24,58,117,45,50,116,126,34,134"/><V72/><F123/><W114/><G109/><T39/><D110/><U106/><E74/><V38/><F112/><W70/><G70/><T131/><D39/><U25/><E113/><V75/><F125/><N who="3" m="48235" /><G114/><T80/><D115/><U8/><E121/><V108/><F108/><W73/><G73/><T69/><D131/><U98/><E98/><V17/><F38/><W127/><G127/><T21/><D6/><U118/><E118/><V36/><F36/><W105/><G105/><T91/><REACH who="0" step="1"/><D80/><REACH who="0" ten="198,138,306,348" step="2"/><U101/><E101/><V26/><F72/><W46/><G128/><T64/><D64/><U12/><E2/><V129/><F129/><W10/><G117/><T29/><D29/><U44/><E0/><V79/><F75/><W111/><G116/><T51/><D51/><U9/><E133/><V67/><F67/><W35/><G134/><T103/><D103/><U3/><E132/><V92/><F28/><W119/><G119/><T52/><D52/><U32/><E3/><V1/><F1/><W63/><G50/><T27/><AGARI ba="0,1" hai="19,21,27,68,69,71,84,86,87,88,91,94,95,97" machi="27" ten="30,4000,0" yaku="1,1,0,1,54,1,53,0" doraHai="40" doraHaiUra="4" who="0" fromWho="0" sc="198,50,138,-10,306,-20,348,-10" /><INIT seed="7,0,0,1,0,48" ten="248,128,286,338" oya="3" hai0="131,61,121,132,60,44,135,84,95,92,87,18,55" hai1="33,120,59,36,107,91,63,110,11,128,94,104,93" hai2="4,127,26,16,101,15,24,23,38,28,118,108,72" hai3="20,17,124,133,78,90,83,10,32,0,74,69,105"/><W56/><G69/><T9/><D121/><U112/><E33/><V51/><F38/><W27/><G105/><T47/><D9/><U134/><E36/><V40/><F72/><W106/><G106/><T25/><D25/><U77/><E110/><V109/><F118/><W1/><G133/><T70/><D18/><U76/><E11/><N who="2" m="4583" /><F101/><W39/><G39/><T81/><D81/><U86/><E59/><V49/><F51/><W19/><G56/><T71/><D131/><U2/><E2/><V35/><F49/><W103/><G103/><T99/><D99/><U8/><E63/><V14/><F40/><W119/><G119/><T113/><D113/><U123/><E8/><N who="2" m="6215" /><F127/><W126/><G126/><T102/><D102/><U53/><E53/><AGARI ba="0,0" hai="44,47,53,55,60,61,70,71,84,87,92,95,132,135" machi="53" ten="25,6400,0" yaku="22,2,52,2" doraHai="48" who="0" fromWho="1" sc="248,64,128,-64,286,0,338,0" owari="312,11.0,64,-44.0,286,-11.0,338,44.0" /></mjloggm>