<mjloggm ver="2.3"><GO type="169" lobby="0"/><UN n0="%E3%81%8D%E3%81%97%E3%82%82%E3%81%A8" n1="%E5%85%8E%E3%81%A8%E4%BA%80" n2="%32%E9%99%90" n3="%79%69%6E%6E%65%72%30%36" dan="16,17,16,16" rate="2078.83,2168.81,2126.80,2150.52" sx="M,M,M,M"/><TAIKYOKU oya="0"/><INIT seed="0,0,0,0,2,128" ten="250,250,250,250" oya="0" hai0="55,96,4,71,78,111,39,132,126,34,30,33,107" hai1="6,94,85,45,86,102,103,109,13,89,22,59,125" hai2="74,106,42,101,41,24,105,88,135,40,58,44,104" hai3="10,110,9,129,82,32,97,68,92,116,54,53,25"/><T63/><D39/><U108/><E125/><V29/><F74/><W127/><G116/><T130/><D130/><U49/><E59/><V131/><F131/><W26/><G68/><T64/><D126/><U114/><E114/><V37/><F101/><W46/><G110/><N who="1" m="42602" /><E86/><V21/><F135/><W28/><G129/><T75/><D55/><N who="1" m="30127" /><E6/><V31/><F29/><W84/><G26/><N who="0" m="18647" /><D4/><U93/><E93/><V17/><F31/><W5/><G127/><T62/><D62/><U83/><E83/><V79/><F79/><W122/><G122/><T80/><D34/><U112/><E112/><V119/><F119/><W76/><G46/><T124/><D111/><U18/><AGARI ba="0,0" hai="13,18,22,85,89,94,102,103" m="30127,42602" machi="18" ten="30,1100,0" yaku="14,1" doraHai="128" who="1" fromWho="1" sc="250,-5,250,11,250,-3,250,-3" /><INIT seed="1,0,0,1,0,43" ten="245,261,247,247" oya="1" hai0="101,1,59,93,16,32,19,125,12,103,73,51,5" hai1="38,62,86,39,28,85,47,45,124,24,134,3,67" hai2="111,55,68,23,114,72,133,116,14,40,109,34,127" hai3="50,95,81,56,48,112,82,58,52,66,104,89,113"/><U71/><E3/><V60/><F23/><W119/><G104/><T70/><D70/><U25/><E134/><V87/><F14/><W0/><G0/><T13/><D73/><U63/><E71/><V107/><F87/><W4/><G4/><T20/><D32/><U126/><E67/><V18/><F18/><W80/><G119/><T135/><D135/><U106/><E106/><V31/><F55/><W84/><G66/><T15/><D125/><U105/><E105/><V69/><F40/><W9/><G9/><T115/><D115/><U35/><E28/><V46/><F46/><W97/><G97/><T91/><D1/><U123/><REACH who="1" step="1"/><E35/><REACH who="1" ten="245,251,247,247" step="2"/><V44/><F31/><W6/><G113/><T130/><D5/><U49/><E49/><V17/><F68/><W96/><G6/><T11/><D130/><U42/><E42/><V120/><F60/><W8/><G112/><T7/><D7/><U10/><E10/><V54/><F54/><N who="3" m="31815" /><G8/><T128/><D128/><U102/><E102/><V74/><F114/><W57/><G57/><T100/><D59/><U132/><E132/><V27/><F69/><W41/><G41/><T131/><D131/><U122/><AGARI ba="0,1" hai="24,25,38,39,45,47,62,63,85,86,122,123,124,126" machi="122" ten="25,18000,2" yaku="1,1,0,1,22,2,52,2,53,0" doraHai="43" doraHaiUra="61" who="1" fromWho="1" sc="245,-60,251,190,247,-60,247,-60" /><INIT seed="1,1,0,5,1,105" ten="185,441,187,187" oya="1" hai0="103,32,40,113,20,6,56,94,66,30,25,23,57" hai1="84,43,127,76,26,78,45,17,131,87,38,31,0" hai2="135,69,22,119,108,27,52,73,9,114,93,85,92" hai3="59,29,70,16,5,133,28,50,14,72,123,7,65"/><U68/><E68/><V62/><F119/><W1/><G123/><T99/><D113/><U12/><E0/><V134/><F108/><W79/><G133/><N who="2" m="50697" /><F114/><W111/><G111/><T95/><D40/><U96/><E131/><V63/><F85/><W33/><G70/><T112/><D112/><U24/><E127/><V34/><F34/><W48/><G1/><T91/><D6/><U11/><E96/><V49/><F9/><W3/><G3/><T118/><D118/><U4/><E4/><V110/><F73/><W89/><G7/><T107/><D107/><U129/><E129/><V80/><F80/><W67/><G33/><T126/><D126/><U55/><E55/><V77/><F77/><W83/><G5/><T58/><REACH who="0" step="1"/><D66/><REACH who="0" ten="175,441,187,187" step="2"/><U115/><E115/><V21/><F110/><W130/><G130/><T101/><D101/><U128/><E128/><V39/><F39/><W109/><G109/><T8/><D8/><U37/><E37/><V19/><F22/><W61/><G65/><T51/><D51/><U88/><E38/><V71/><F62/><W2/><G2/><T104/><D104/><U36/><E36/><V47/><F71/><W97/><G48/><T18/><D18/><U54/><E17/><V86/><F86/><AGARI ba="1,1" hai="20,23,25,30,32,56,57,58,86,91,94,95,99,103" machi="86" ten="40,1300,0" yaku="1,1,53,0" doraHai="105" doraHaiUra="121" who="0" fromWho="2" sc="175,26,441,0,187,-16,187,0" /><INIT seed="2,0,0,3,0,38" ten="201,441,171,187" oya="2" hai0="119,133,37,23,84,66,62,127,116,56,54,20,52" hai1="83,76,26,129,58,121,64,17,27,50,21,2,123" hai2="85,55,10,14,93,11,112,107,73,4,30,1,106" hai3="108,97,74,19,8,34,53,88,117,47,134,49,59"/><V77/><F112/><W18/><G117/><N who="0" m="45131" /><D133/><U87/><E2/><V44/><F30/><W25/><G74/><T100/><D127/><U118/><E118/><V31/><F31/><W33/><G134/><T0/><D0/><U89/><E129/><V110/><F73/><W70/><G70/><T40/><D100/><U99/><E27/><V15/><F110/><W131/><G131/><T39/><D84/><U36/><E36/><N who="0" m="13897" /><D40/><U67/><E50/><V29/><F29/><W98/><G108/><T82/><D82/><U61/><REACH who="1" step="1"/><E67/><REACH who="1" ten="201,431,171,187" step="2"/><V28/><F1/><W7/><G25/><T80/><D80/><U68/><E68/><V41/><F28/><W71/><G71/><T3/><D3/><U24/><E24/><V103/><F55/><AGARI ba="0,1" hai="20,23,52,54,55,56,62,66" m="13897,45131" machi="55" ten="30,2000,0" yaku="12,1,54,1" doraHai="38" who="0" fromWho="2" sc="201,30,431,0,171,-20,187,0" /><INIT seed="3,0,0,2,2,25" ten="231,431,151,187" oya="3" hai0="82,101,64,35,3,47,111,88,123,133,53,31,46" hai1="96,90,126,121,38,94,73,40,48,122,65,39,112" hai2="11,24,76,52,93,55,107,113,29,23,95,8,115" hai3="69,98,134,5,2,74,77,12,34,57,56,51,117"/><W1/><G69/><T124/><D123/><U44/><E112/><V59/><F107/><W43/><G34/><T109/><D3/><U28/><E73/><V30/><F76/><W131/><G117/><T18/><D101/><U60/><E126/><V99/><F113/><W102/><G134/><T13/><D64/><U130/><E130/><V103/><F115/><W91/><G91/><T61/><D124/><U15/><E15/><V10/><F95/><W50/><G12/><T92/><D82/><U132/><E132/><V81/><F81/><W22/><G22/><T79/><D79/><U16/><E16/><N who="2" m="12391" /><F52/><W21/><G77/><T36/><D53/><U108/><E108/><N who="0" m="41545" /><D61/><AGARI ba="0,0" hai="8,10,11,29,30,55,59,61,93,99,103" m="12391" machi="61" ten="30,7700,0" yaku="8,1,52,2,54,1" doraHai="25" who="2" fromWho="0" sc="231,-77,431,0,151,77,187,0" /><INIT seed="4,0,0,3,1,2" ten="154,431,228,187" oya="0" hai0="88,102,90,41,85,69,52,121,99,96,8,103,36" hai1="6,46,24,43,130,17,47,16,53,38,1,124,133" hai2="9,104,26,129,120,56,10,98,86,122,80,108,84" hai3="64,35,89,34,39,105,112,82,45,91,22,28,135"/><T132/><D121/><U92/><E130/><V4/><F108/><W33/><G105/><T71/><D132/><U95/><E133/><V134/><F129/><W118/><G118/><T123/><D123/><U30/><E124/><V25/><F134/><W29/><G135/><T66/><D66/><U61/><E95/><V18/><F56/><W49/><G39/><T106/><D41/><U81/><E92/><V94/><F104/><W59/><G112/><T3/><D36/><U23/><E81/><V117/><F18/><W51/><G22/><T111/><D111/><U68/><E47/><V126/><F94/><W11/><G11/><T15/><D3/><U109/><E109/><V54/><F54/><W79/><G64/><T74/><D74/><U93/><E93/><V128/><F80/><W97/><G97/><N who="0" m="37451" /><D71/><U48/><E68/><V115/><F98/><W72/><G91/><N who="0" m="34859" /><D85/><U21/><E61/><V50/><F128/><W73/><G89/><T32/><D32/><U12/><E1/><V119/><F50/><W58/><G72/><T75/><D69/><U87/><E87/><V42/><F42/><W114/><G114/><T20/><D75/><U60/><E60/><V27/><F115/><W5/><G51/><T65/><D65/><U55/><E38/><V40/><F40/><W131/><G131/><T116/><D116/><N who="2" m="44618" /><F86/><W57/><G49/><T107/><D20/><N who="1" m="7755" /><E43/><V113/><F84/><W0/><G45/><T7/><D52/><U63/><E55/><V100/><F113/><W44/><G44/><T19/><D19/><U127/><E53/><V110/><F120/><RYUUKYOKU ba="0,0" sc="154,15,431,-15,228,-15,187,15" hai0="7,8,15,102,103,106,107" hai3="0,5,28,29,33,34,35,57,58,59,73,79,82" /><INIT seed="4,1,0,5,3,64" ten="169,416,213,202" oya="0" hai0="59,2,82,116,69,104,26,88,109,74,29,28,91" hai1="39,51,63,21,132,117,110,90,24,99,127,34,128" hai2="119,129,45,5,131,98,36,111,114,61,89,105,108" hai3="121,41,52,1,135,46,100,66,112,67,49,70,65"/><T12/><D116/><U23/><E110/><V20/><F114/><W47/><G1/><T38/><D109/><U126/><E39/><V9/><F61/><N who="3" m="40239" /><G100/><T71/><D2/><U13/><E117/><V48/><F36/><N who="3" m="21799" /><G112/><T3/><D38/><U68/><E34/><V102/><F89/><W96/><G96/><T97/><D3/><U106/><E13/><N who="2" m="5295" /><F20/><W22/><G22/><T77/><D29/><U27/><E90/><V8/><F8/><W120/><G135/><T101/><D12/><U35/><E132/><V19/><F19/><W7/><G7/><T31/><D31/><U42/><E35/><V40/><F119/><W25/><G25/><T17/><D17/><U15/><E15/><V6/><F6/><W118/><G118/><T125/><D59/><U130/><E106/><V73/><F73/><W133/><G133/><T79/><D79/><U55/><E99/><V60/><F60/><W134/><G134/><T0/><D0/><U122/><E63/><V107/><F107/><W78/><G78/><T57/><D57/><U10/><E10/><V11/><F11/><W83/><G83/><T87/><D91/><U94/><E94/><V54/><F40/><W92/><G92/><N who="0" m="54303" /><D125/><U32/><E32/><AGARI ba="1,0" hai="26,28,32,69,71,74,77,82,97,101,104" m="54303" machi="32" ten="30,11600,0" yaku="24,1,52,2,54,1" doraHai="64" who="0" fromWho="1" sc="169,119,416,-119,213,0,202,0" /><INIT seed="4,2,0,4,1,65" ten="288,297,213,202" oya="0" hai0="131,114,61,2,62,129,68,24,39,14,97,50,128" hai1="51,85,9,88,5,116,0,71,122,4,47,27,125" hai2="12,23,115,132,28,26,74,44,101,127,124,17,96" hai3="72,7,30,121,91,57,48,108,37,100,69,53,60"/><T135/><D114/><U119/><E122/><V63/><F132/><W33/><G108/><T82/><D2/><U102/><E125/><V113/><F44/><W59/><G72/><T45/><D39/><U99/><E5/><V31/><F63/><W117/><G117/><T16/><D135/><U98/><E27/><V46/><F46/><W42/><G100/><T134/><D134/><U93/><E71/><V58/><F58/><W95/><G121/><T110/><D24/><U38/><E38/><V120/><F74/><W15/><G37/><T10/><D110/><U89/><E89/><V84/><F84/><W54/><G42/><T92/><D82/><U133/><E99/><V107/><F120/><W41/><G41/><N who="0" m="24879" /><D68/><U111/><E133/><V112/><REACH who="2" step="1"/><F31/><REACH who="2" ten="288,297,203,202" step="2"/><W76/><G30/><T25/><D62/><U90/><E111/><V73/><F73/><W3/><G60/><T19/><D61/><U32/><E32/><AGARI ba="2,1" hai="12,17,23,26,28,32,96,101,107,112,113,115,124,127" machi="32" ten="40,5200,0" yaku="1,1,15,1,53,1" doraHai="65" doraHaiUra="94" who="2" fromWho="1" sc="288,0,297,-58,203,68,202,0" /><INIT seed="5,0,0,3,2,61" ten="288,239,271,202" oya="1" hai0="49,107,108,0,42,104,99,119,103,62,81,98,73" hai1="16,12,9,80,27,93,26,24,132,85,47,95,71" hai2="48,65,43,35,102,101,90,134,50,123,106,5,124" hai3="100,23,88,34,63,70,109,4,18,59,97,130,10"/><U2/><E71/><V84/><F123/><W6/><G130/><T68/><D108/><U54/><E132/><V113/><F35/><W52/><G70/><T1/><D49/><N who="1" m="28991" /><E2/><V22/><F106/><W56/><G34/><T44/><D119/><U7/><E7/><V13/><F124/><W69/><G69/><T89/><D89/><AGARI ba="0,0" hai="9,12,16,24,26,27,80,85,89,93,95" m="28991" machi="89" ten="30,5800,0" yaku="25,1,8,1,54,1" doraHai="61" who="1" fromWho="0" sc="288,-58,239,58,271,0,202,0" /><INIT seed="5,1,0,0,5,106" ten="230,297,271,202" oya="1" hai0="83,121,118,18,78,117,99,85,68,131,57,47,109" hai1="123,130,72,132,8,27,75,24,39,125,133,5,20" hai2="92,135,63,112,124,119,120,46,108,52,2,128,19" hai3="104,76,90,12,110,111,67,115,38,11,9,95,31"/><U126/><E39/><V54/><F19/><W49/><G38/><T43/><D68/><U134/><E123/><V44/><F92/><W53/><G104/><T74/><D109/><U15/><E130/><V82/><F82/><W4/><G115/><T113/><D131/><U69/><E69/><V129/><F63/><W98/><G31/><T66/><D113/><U37/><E37/><V89/><F89/><W105/><G105/><T91/><D121/><U55/><E55/><V88/><F88/><W64/><G76/><T86/><D99/><U97/><E97/><V70/><F46/><W45/><G111/><T127/><D127/><N who="1" m="48651" /><E27/><V80/><F52/><W25/><G110/><T32/><D85/><U50/><E50/><V81/><F54/><W3/><REACH who="3" step="1"/><G25/><REACH who="3" ten="230,297,271,192" step="2"/><T14/><D78/><U94/><E94/><V30/><F108/><W22/><G22/><T58/><D117/><U6/><E6/><AGARI ba="1,1" hai="3,4,6,9,11,12,45,49,53,64,67,90,95,98" machi="6" ten="30,3900,0" yaku="1,1,7,1,53,1" doraHai="106" doraHaiUra="35" who="3" fromWho="1" sc="230,0,297,-42,271,0,192,52" /><INIT seed="6,0,0,0,1,29" ten="230,255,271,244" oya="2" hai0="82,12,86,60,92,121,62,100,16,28,132,129,107" hai1="77,58,67,27,25,23,30,24,108,15,68,5,127" hai2="43,89,111,110,71,80,83,134,34,91,52,0,50" hai3="74,54,115,22,105,120,88,47,79,18,130,116,35"/><V125/><F71/><W33/><G120/><T69/><D107/><U135/><E108/><N who="2" m="41515" /><F125/><W9/><G116/><T112/><D132/><U8/><E68/><V2/><F43/><W102/><G9/><T94/><D112/><U66/><E135/><V39/><F39/><W7/><G7/><T10/><D129/><U44/><E127/><V78/><F34/><W45/><G102/><T64/><D121/><U51/><E77/><V117/><F117/><W11/><G105/><T46/><D100/><U36/><E36/><V49/><F49/><W63/><G11/><T81/><D81/><N who="2" m="31306" /><F78/><W59/><G79/><T101/><D62/><N who="1" m="38231" /><E67/><V90/><F134/><W42/><G74/><T124/><D124/><U126/><E126/><V93/><F93/><W85/><G130/><T119/><D119/><U103/><E103/><V131/><F131/><W109/><G109/><T3/><D101/><U19/><E30/><V21/><F21/><W104/><G104/><T84/><D28/><U128/><E128/><V87/><F87/><W76/><G76/><T40/><D86/><U13/><E27/><V106/><F106/><W31/><G31/><T99/><D99/><U73/><E73/><V97/><F97/><W118/><G118/><T38/><D3/><U96/><E96/><V61/><F61/><W72/><G72/><T17/><D92/><U98/><E98/><V65/><F65/><W32/><G42/><AGARI ba="0,0" hai="5,8,13,15,19,23,24,25,42,44,51" m="38231" machi="42" ten="30,1000,0" yaku="8,1" doraHai="29" who="1" fromWho="3" sc="230,0,255,10,271,0,244,-10" /><INIT seed="7,0,0,4,0,116" ten="230,265,271,234" oya="3" hai0="53,30,79,24,114,29,28,120,119,18,67,117,131" hai1="9,16,107,57,23,2,51,97,10,69,98,93,106" hai2="4,109,133,81,83,32,42,115,35,85,17,58,78" hai3="47,19,52,87,123,71,50,13,43,64,39,12,27"/><W90/><G123/><T74/><D120/><U103/><E69/><V82/><F109/><W38/><G27/><T129/><D67/><U61/><E51/><V6/><F17/><W100/><G100/><T21/><D53/><U121/><E121/><V36/><F115/><W54/><G54/><T40/><D40/><U34/><E34/><V118/><F118/><N who="0" m="45066" /><D79/><U112/><E112/><V31/><F133/><W132/><G132/><T45/><D45/><U80/><E80/><V86/><F58/><N who="3" m="33047" /><G19/><T15/><D74/><U105/><E98/><V135/><F135/><W41/><G41/><T84/><D84/><U76/><E76/><V22/><F42/><W55/><G55/><T60/><D60/><U65/><REACH who="1" step="1"/><E2/><REACH who="1" ten="230,255,271,234" step="2"/><V104/><F35/><W37/><G37/><T101/><D114/><U77/><E77/><V113/><F32/><W91/><G39/><T56/><D101/><U46/><E46/><V0/><F36/><W20/><G91/><T127/><D56/><U48/><E48/><V134/><F134/><W66/><G71/><T110/><D110/><U62/><E62/><V125/><F113/><W1/><G1/><T122/><D122/><U3/><E3/><V96/><F0/><W130/><G130/><N who="0" m="49675" /><D127/><U102/><E102/><N who="2" m="62535" /><F125/><W25/><G38/><T75/><D75/><U70/><E70/><V99/><F99/><W94/><G47/><T14/><AGARI ba="0,1" hai="14,15,18,21,24,28,29,30" m="49675,45066" machi="14" ten="40,5200,0" yaku="19,1,34,2" doraHai="116" who="0" fromWho="0" sc="230,62,255,-13,271,-13,234,-26" /><INIT seed="8,0,0,2,5,21" ten="292,242,258,208" oya="0" hai0="7,97,20,52,125,80,9,40,116,11,113,119,95" hai1="108,61,86,133,131,69,0,91,44,49,93,36,128" hai2="55,134,77,111,31,63,114,78,60,37,6,17,122" hai3="71,100,118,15,14,24,101,28,72,30,115,98,129"/><T41/><D125/><U109/><E0/><V13/><F37/><W29/><G72/><T66/><D66/><N who="1" m="41167" /><E36/><V85/><F111/><W38/><G38/><T3/><D52/><N who="1" m="29735" /><E133/><V51/><F114/><W4/><G115/><T5/><D113/><U120/><E120/><V90/><F6/><W81/><G71/><T117/><D80/><U110/><E110/><V73/><F31/><W27/><G118/><T16/><D7/><U126/><E126/><V76/><F122/><W23/><G129/><N who="1" m="49738" /><E109/><V42/><F73/><W127/><G127/><T130/><D130/><U107/><E108/><V94/><F42/><W106/><G101/><N who="0" m="60607" /><D3/><U1/><E1/><V135/><F134/><W105/><G105/><AGARI ba="0,0" hai="86,91,93,105,107" m="49738,29735,41167" machi="105" ten="30,2000,0" yaku="19,1,54,1" doraHai="21" who="1" fromWho="3" sc="292,0,242,20,258,0,208,-20" /><INIT seed="9,0,0,1,5,56" ten="292,262,258,188" oya="1" hai0="77,98,116,73,121,61,10,93,113,122,92,40,90" hai1="70,85,109,51,62,74,79,8,1,97,80,55,31" hai2="28,94,43,101,4,13,110,89,75,84,76,117,37" hai3="128,26,126,59,99,120,38,81,14,119,54,49,129"/><U12/><E1/><V132/><F110/><W34/><G120/><N who="0" m="46187" /><D116/><U44/><E109/><V127/><F117/><W23/><G119/><T3/><D61/><U5/><E31/><V64/><F127/><W66/><G126/><T58/><D58/><U45/><E97/><V82/><F132/><W115/><G115/><T48/><D77/><U18/><E45/><V41/><F28/><W123/><G123/><T68/><D68/><U33/><E33/><V125/><F125/><W100/><G38/><T112/><D73/><U22/><E74/><V17/><F4/><W0/><G0/><T36/><D93/><U118/><E118/><V19/><F64/><W131/><G66/><T63/><D63/><U2/><E70/><V9/><F37/><W35/><G81/><T47/><D36/><U24/><E2/><V106/><F19/><W91/><G91/><T52/><D40/><U95/><E95/><V15/><F15/><W124/><G14/><T72/><D72/><U53/><REACH who="1" step="1"/><E62/><REACH who="1" ten="292,252,258,188" step="2"/><V65/><REACH who="2" step="1"/><F65/><REACH who="2" ten="292,252,248,188" step="2"/><W67/><G67/><T50/><D3/><U114/><E114/><V86/><F86/><W69/><G69/><T57/><D112/><U133/><E133/><V27/><F27/><W46/><G124/><T130/><D113/><U25/><E25/><V111/><F111/><W105/><REACH who="3" step="1"/><G46/><REACH who="3" ten="292,252,248,178" step="2"/><T88/><D47/><U16/><E16/><AGARI ba="0,3" hai="16,23,26,34,35,49,54,59,99,100,105,128,129,131" machi="16" ten="40,12000,2" yaku="1,1,2,1,19,1,54,1,53,2" doraHai="56" doraHaiUra="29" who="3" fromWho="1" sc="292,0,252,-120,248,0,178,150" owari="292,9.0,132,-37.0,248,-15.0,328,43.0" /></mjloggm>