<mjloggm ver="2.3"><GO type="169" lobby="0"/><UN n0="%E3%83%AF%E3%82%A4%E3%83%AB%E3%83%89" n1="%E3%81%8B%E3%81%B6%E8%8C%B6" n2="%E6%98%8E%E6%98%9F%E5%B8%82%E6%B0%91" n3="%43%E3%82%A8%E3%83%BC%E3%82%B8%E3%82%A7%E3%83%B3%E3%83%88" dan="16,16,16,17" rate="2139.16,2180.85,2171.56,2159.78" sx="M,M,M,M"/><TAIKYOKU oya="0"/><INIT seed="0,0,0,1,4,94" ten="250,250,250,250" oya="0" hai0="80,1,117,120,24,92,109,134,70,103,13,88,14" hai1="8,91,73,31,130,83,42,22,4,59,132,106,127" hai2="129,116,20,104,2,68,23,36,18,71,135,63,98" hai3="6,87,114,39,101,16,64,7,29,38,25,3,131"/><T90/><D120/><U72/><E106/><V121/><F129/><W11/><G114/><T9/><D117/><U113/><E113/><V61/><F135/><W65/><G131/><T100/><D70/><U97/><E130/><V93/><F104/><W133/><G133/><T66/><D134/><U123/><E123/><V0/><F36/><W85/><G101/><T37/><D37/><U112/><E42/><V55/><F116/><W125/><G25/><T62/><D1/><U15/><E127/><V52/><F93/><W54/><G54/><T108/><D24/><U115/><E22/><V79/><F18/><W102/><G102/><T40/><D40/><U110/><E59/><V96/><F121/><W57/><G57/><T74/><D74/><U124/><E4/><V21/><F21/><W128/><G11/><T44/><D44/><U12/><E8/><V46/><F79/><W27/><G27/><T105/><D105/><U107/><E107/><V26/><F26/><W30/><G128/><T76/><D100/><U126/><E126/><V53/><F53/><W58/><G58/><N who="0" m="37207" /><D103/><U69/><E69/><V45/><AGARI ba="0,0" hai="0,2,20,23,45,46,52,55,61,63,68,71,96,98" machi="45" ten="25,12000,2" yaku="0,1,22,2,52,2,54,1" doraHai="94" who="2" fromWho="2" sc="250,-60,250,-30,250,120,250,-30" /><INIT seed="1,0,0,0,3,8" ten="190,220,370,220" oya="1" hai0="40,31,51,75,19,60,96,52,49,83,119,48,66" hai1="116,131,13,120,122,74,78,17,88,90,5,121,15" hai2="25,124,128,117,77,33,26,123,41,18,135,95,11" hai3="45,105,22,10,3,14,38,109,29,86,6,20,30"/><U82/><E116/><V2/><F117/><W36/><G105/><T46/><D119/><U24/><E131/><V115/><F77/><W126/><G86/><T91/><D31/><U112/><E112/><V98/><F123/><W85/><G85/><T107/><D19/><U108/><E108/><V111/><F111/><W70/><G70/><T35/><D35/><U104/><E104/><V56/><F115/><W129/><G109/><T39/><D91/><U4/><E24/><V42/><F128/><W80/><G80/><T28/><D28/><N who="3" m="10857" /><G45/><T58/><D83/><U65/><E65/><V67/><F135/><W79/><G38/><T133/><D75/><U61/><E61/><N who="2" m="38311" /><F2/><W76/><G36/><T106/><D133/><U57/><E57/><V7/><F124/><W23/><G79/><T81/><D81/><U84/><E74/><V64/><F7/><N who="3" m="1407" /><G76/><T0/><D0/><U54/><E54/><V110/><F64/><W53/><G53/><T32/><D32/><U21/><REACH who="1" step="1"/><E15/><REACH who="1" ten="190,210,370,220" step="2"/><N who="2" m="7551" /><F110/><W118/><G129/><T47/><REACH who="0" step="1"/><D107/><REACH who="0" ten="180,210,370,220" step="2"/><U43/><E43/><N who="2" m="16395" /><F33/><W69/><G118/><T59/><D59/><U114/><E114/><V93/><F93/><W127/><G69/><T87/><D87/><U50/><E50/><V9/><F95/><W94/><G94/><T100/><AGARI ba="0,2" hai="39,40,46,47,48,49,51,52,58,60,66,96,100,106" machi="100" ten="30,4000,0" yaku="1,1,0,1,54,1,53,0" doraHai="8" doraHaiUra="12" who="0" fromWho="0" sc="180,60,210,-20,370,-10,220,-10" /><INIT seed="2,0,0,0,1,46" ten="240,190,360,210" oya="2" hai0="73,45,29,118,72,40,76,3,13,117,61,86,14" hai1="24,68,7,34,109,21,102,81,17,89,12,99,62" hai2="112,133,57,64,110,10,60,42,116,1,20,59,66" hai3="100,56,22,121,113,25,65,16,87,82,26,105,71"/><V54/><F112/><W51/><G121/><T35/><D3/><U128/><E109/><V119/><F1/><W96/><G113/><T70/><D86/><U28/><E128/><V104/><F104/><W69/><G26/><T38/><D13/><U50/><E7/><V131/><F10/><W83/><G83/><T11/><D14/><U52/><E68/><V126/><F131/><W130/><G130/><T63/><D63/><U101/><E62/><V90/><F20/><W74/><G74/><T8/><D8/><U122/><E122/><V91/><F133/><W85/><G85/><T124/><D11/><N who="1" m="6303" /><E34/><V97/><F97/><W32/><G32/><T30/><D30/><U44/><E81/><V75/><F75/><W39/><G39/><T106/><D106/><U37/><E37/><V19/><F19/><W4/><G4/><T18/><D18/><U15/><E15/><V23/><F23/><W98/><G98/><T111/><D111/><U79/><E79/><V6/><F6/><W48/><G69/><T94/><D94/><AGARI ba="0,0" hai="21,24,28,44,50,52,89,94,99,101,102" m="6303" machi="94" ten="30,3900,0" yaku="8,1,52,1,54,1" doraHai="46" who="1" fromWho="0" sc="240,-39,190,39,360,0,210,0" /><INIT seed="3,0,0,0,0,123" ten="201,229,360,210" oya="3" hai0="45,6,132,0,101,97,33,78,104,72,55,15,61" hai1="90,30,134,60,75,122,120,49,130,54,21,105,20" hai2="74,53,43,76,114,51,12,124,28,70,25,98,113" hai3="14,127,26,106,10,65,110,129,50,96,63,4,87"/><W67/><G129/><T38/><D132/><U11/><E134/><V108/><F70/><W68/><G127/><T85/><D15/><U7/><E130/><V23/><F124/><W125/><G125/><T36/><D85/><U80/><E105/><V115/><F43/><W135/><G135/><T34/><D55/><U103/><E103/><V82/><F98/><W93/><G67/><T83/><D61/><U121/><E60/><V102/><F102/><W133/><G133/><T100/><D100/><U99/><E30/><V57/><F12/><W92/><G50/><T88/><D88/><U84/><E75/><V126/><F126/><W69/><G69/><T18/><D18/><U3/><REACH who="1" step="1"/><E99/><REACH who="1" ten="201,219,360,210" step="2"/><V32/><F115/><W29/><G106/><T35/><REACH who="0" step="1"/><D45/><AGARI ba="0,1" hai="3,7,11,20,21,45,49,54,80,84,90,120,121,122" machi="45" ten="40,8000,1" yaku="1,1,2,1,53,2" doraHai="123" doraHaiUra="16" who="1" fromWho="0" sc="201,-80,219,90,360,0,210,0" /><INIT seed="4,0,0,5,3,80" ten="121,309,360,210" oya="0" hai0="17,65,95,1,114,86,46,58,48,27,25,56,118" hai1="52,12,61,16,29,34,44,89,125,71,123,70,102" hai2="99,6,66,85,68,92,13,110,18,37,109,26,119" hai3="75,115,22,120,28,11,69,14,74,105,42,7,117"/><T35/><D118/><U36/><E123/><V30/><F37/><W97/><G117/><T113/><D1/><U127/><E102/><V124/><F119/><W23/><G69/><T51/><D35/><U96/><E36/><V134/><F124/><N who="1" m="47689" /><E29/><V64/><F134/><W55/><G115/><T91/><D58/><N who="1" m="35015" /><E44/><V88/><F6/><W101/><G120/><T72/><D72/><U87/><E96/><V116/><F116/><W33/><G42/><T20/><D27/><U47/><E47/><V39/><F39/><W77/><G55/><T133/><D133/><U104/><E104/><V81/><F110/><W57/><G57/><T32/><D32/><U9/><E34/><V54/><F68/><W90/><G33/><T3/><D3/><U62/><E62/><V45/><F26/><W128/><G28/><T79/><D79/><U50/><E50/><N who="2" m="29007" /><F30/><W83/><G128/><T129/><D129/><U2/><E2/><V40/><F40/><W93/><REACH who="3" step="1"/><G74/><REACH who="3" ten="121,309,360,200" step="2"/><T106/><D65/><U15/><E15/><V122/><F122/><W111/><G111/><T94/><D56/><U60/><E60/><V132/><F109/><W63/><G63/><T78/><D113/><U53/><E53/><V121/><F121/><W126/><G126/><T49/><D114/><U31/><E31/><V0/><F132/><W84/><AGARI ba="0,1" hai="7,11,14,22,23,75,77,83,84,90,93,97,101,105" machi="84" ten="20,12000,2" yaku="1,1,0,1,7,1,24,2,52,1,53,1" doraHai="80" doraHaiUra="4" who="3" fromWho="3" sc="121,-60,309,-30,360,-30,200,130" /><INIT seed="5,0,0,1,0,105" ten="61,279,330,330" oya="1" hai0="61,121,129,63,50,85,76,134,131,111,9,52,1" hai1="116,108,93,98,4,10,47,54,79,112,72,28,6" hai2="38,59,123,42,43,55,53,128,117,115,34,5,36" hai3="3,20,29,90,41,106,0,65,109,88,49,125,86"/><U27/><E116/><V122/><F5/><W8/><G106/><T99/><D111/><U87/><E112/><V2/><F34/><W119/><G109/><T33/><D33/><U133/><E133/><V94/><F2/><W26/><G125/><T97/><D134/><U120/><E120/><V21/><F21/><W91/><G119/><T118/><D118/><U67/><E67/><V73/><F94/><W127/><G127/><T82/><D121/><U130/><E130/><V89/><F89/><W44/><G65/><T92/><D99/><U71/><E71/><V56/><F117/><W124/><G124/><T60/><D1/><U48/><E72/><V12/><F73/><W101/><G101/><T107/><D107/><U16/><E28/><V45/><F12/><W135/><G135/><T68/><D9/><U11/><E11/><V80/><F80/><W126/><G126/><T32/><D32/><U18/><E18/><V70/><F45/><W66/><G66/><T37/><D37/><U110/><E110/><V24/><F24/><W7/><REACH who="3" step="1"/><G3/><REACH who="3" ten="61,279,330,320" step="2"/><T15/><D129/><U104/><E104/><V113/><F128/><W51/><G51/><T40/><D131/><U103/><E108/><V31/><REACH who="2" step="1"/><F31/><REACH who="2" ten="61,279,320,320" step="2"/><W69/><G69/><AGARI ba="0,2" hai="36,38,42,43,53,55,56,59,69,70,113,115,122,123" machi="69" ten="25,12000,2" yaku="1,1,2,1,22,2,34,3,53,0" doraHai="105" doraHaiUra="114" who="2" fromWho="3" sc="61,0,279,0,320,140,320,-120" /><INIT seed="6,0,0,4,4,32" ten="61,279,460,200" oya="2" hai0="55,63,59,57,69,111,83,49,14,85,92,30,1" hai1="18,40,103,11,35,101,89,25,126,22,62,38,68" hai2="45,17,66,5,81,42,26,90,84,77,132,34,71" hai3="2,31,106,36,113,122,100,23,21,43,74,108,33"/><V64/><F132/><W76/><G108/><T112/><D69/><U19/><E35/><V93/><F5/><W29/><G122/><T99/><D111/><U104/><E104/><V39/><F71/><W6/><G21/><T37/><D37/><U127/><E38/><V86/><REACH who="2" step="1"/><F17/><REACH who="2" ten="61,279,450,200" step="2"/><W116/><G116/><T133/><D133/><U46/><E19/><V119/><F119/><W98/><G113/><T114/><D112/><U117/><E18/><V109/><F109/><W129/><G129/><T52/><D114/><U13/><E117/><V3/><F3/><W12/><G12/><T102/><D1/><U61/><E68/><V131/><F131/><W121/><G121/><T10/><D30/><AGARI ba="0,1" hai="26,30,34,39,42,45,64,66,77,81,84,86,90,93" machi="30" ten="40,3900,0" yaku="1,1,53,1" doraHai="32" doraHaiUra="91" who="2" fromWho="0" sc="61,-39,279,0,450,49,200,0" /><INIT seed="6,1,0,4,3,88" ten="22,279,499,200" oya="2" hai0="14,135,127,91,0,113,44,19,130,60,32,126,115" hai1="109,98,33,81,25,114,16,51,13,75,134,41,66" hai2="34,36,35,104,69,37,111,97,99,101,86,78,73" hai3="72,129,106,53,105,8,107,20,90,61,128,119,110"/><V17/><F17/><W46/><G110/><T48/><D0/><U12/><E109/><V85/><F111/><W39/><G119/><T56/><D32/><U87/><E75/><V38/><F69/><W40/><G72/><T15/><D91/><U82/><E66/><V71/><F71/><W124/><G124/><N who="0" m="47659" /><D19/><U96/><E12/><V49/><F49/><W93/><G20/><T9/><D14/><U11/><E41/><V43/><F43/><W24/><G24/><T57/><D15/><U26/><E114/><N who="0" m="43529" /><D9/><U89/><E51/><V84/><REACH who="2" step="1"/><F99/><REACH who="2" ten="22,279,489,200" step="2"/><W94/><G8/><T7/><D7/><U92/><E96/><V54/><F54/><W116/><G116/><T103/><D103/><U80/><E98/><V120/><F120/><W131/><G90/><T112/><N who="0" m="43537" /><T50/><DORA hai="21" /><D48/><U3/><E89/><V123/><F123/><W122/><G122/><T45/><D50/><U18/><E18/><V79/><F79/><W74/><G74/><T65/><D135/><U10/><E16/><V95/><F95/><W68/><G53/><T30/><D30/><U58/><E92/><V64/><F64/><AGARI ba="1,1" hai="39,40,46,61,64,68,93,94,105,106,107,128,129,131" machi="64" ten="50,6400,0" yaku="19,1,52,2" doraHai="88,21" who="3" fromWho="2" sc="22,0,279,0,489,-67,200,77" /><INIT seed="7,0,0,1,1,43" ten="22,279,422,277" oya="3" hai0="103,133,125,115,91,12,63,97,104,62,44,64,113" hai1="122,11,7,54,110,80,15,83,70,121,75,48,59" hai2="108,32,111,41,51,130,18,4,40,96,112,36,60" hai3="76,31,27,93,88,5,86,55,26,2,17,90,35"/><W101/><G2/><T1/><D12/><U78/><E110/><V107/><F4/><W73/><G5/><T118/><D63/><U29/><E70/><V42/><F18/><W61/><G101/><T109/><D62/><U25/><E83/><V72/><F96/><W19/><G27/><T87/><D64/><U81/><E80/><V9/><F9/><W82/><REACH who="3" step="1"/><G90/><REACH who="3" ten="22,279,422,267" step="2"/><T124/><D1/><U89/><E89/><V47/><F111/><W135/><G135/><T120/><D44/><U132/><E132/><V84/><F47/><W39/><G39/><T45/><D45/><U20/><AGARI ba="0,1" hai="7,11,15,20,25,29,48,54,59,75,78,81,121,122" machi="20" ten="20,1500,0" yaku="0,1,7,1" doraHai="43" who="1" fromWho="1" sc="22,-4,279,25,422,-4,267,-7" owari="18,-48.0,304,10.0,418,52.0,260,-14.0" /></mjloggm>