<mjloggm ver="2.3"><GO type="185" lobby="0"/><UN n0="%E5%AE%88%E9%8A%AD%E5%A5%B4" n1="%E3%81%97%E3%82%93%E3%81%97%E3%82%93%E3%81%97%E3%82%93" n2="%79%61%73%73%61%6E" n3="" dan="16,17,17,0" rate="2181.18,2284.81,2214.73,1500.00" sx="M,F,M,C"/><TAIKYOKU oya="0"/><INIT seed="0,0,0,3,4,82" ten="350,350,350,0" oya="0" hai0="76,48,115,134,39,123,129,93,126,38,45,133,104" hai1="65,118,90,113,121,72,112,41,32,2,107,75,84" hai2="80,117,71,135,81,111,68,109,85,99,40,86,51" hai3=""/><T92/><N who="0" m="31520" /><T36/><D104/><U101/><N who="1" m="31008" /><U132/><E118/><V83/><F117/><T108/><D115/><U79/><E2/><V130/><F135/><N who="0" m="51722" /><D129/><U61/><E32/><V69/><F130/><T0/><D0/><U89/><E132/><V55/><F99/><T53/><D126/><U106/><E41/><V44/><F40/><T60/><D108/><AGARI ba="0,0" hai="44,51,55,68,69,71,80,81,83,85,86,108,109,111" machi="108" ten="50,6400,0" yaku="14,1,52,2" doraHai="82" who="2" fromWho="0" sc="350,-64,350,0,350,64,0,0" /><INIT seed="1,0,0,5,3,44" ten="286,350,414,0" oya="1" hai0="73,2,82,59,113,106,103,60,49,56,61,62,90" hai1="43,34,135,104,41,108,105,32,72,88,0,101,134" hai2="102,83,132,42,81,89,33,52,122,39,71,117,50" hai3=""/><U107/><E0/><V129/><N who="2" m="31264" /><V47/><F117/><T109/><D2/><U100/><E72/><V74/><F33/><N who="1" m="12905" /><E88/><V51/><F71/><T120/><N who="0" m="30752" /><T63/><D113/><U116/><E116/><V119/><F119/><T69/><D109/><U111/><E41/><V112/><F112/><T131/><D131/><U75/><E75/><V121/><N who="2" m="31008" /><V114/><F114/><T79/><D69/><U91/><E91/><V93/><F129/><T96/><N who="0" m="15360" /><DORA hai="123" /><T87/><REACH who="0" step="1"/><D49/><REACH who="0" ten="276,350,414,0" step="2"/><U80/><E108/><V37/><F37/><T94/><AGARI ba="0,1" hai="56,59,73,79,82,87,90,94,96,103,106" m="15360,30752" machi="94" ten="40,9000,2" yaku="1,1,2,1,0,1,24,2,52,1,53,1" doraHai="44,123" doraHaiUra="70,77" who="0" fromWho="0" sc="276,100,350,-60,414,-30,0,0" /><INIT seed="2,0,0,4,1,74" ten="376,290,384,0" oya="2" hai0="2,69,1,68,86,51,82,100,123,70,41,127,56" hai1="113,47,88,59,103,124,54,55,61,79,63,93,92" hai2="90,36,32,104,91,60,77,121,122,133,108,34,101" hai3=""/><V106/><N who="2" m="31008" /><V58/><N who="2" m="31264" /><V112/><F112/><T105/><N who="0" m="31520" /><T71/><N who="0" m="17408" /><DORA hai="44" /><T42/><D127/><U67/><E113/><V128/><F36/><T87/><D100/><U129/><E124/><V65/><F128/><T134/><D105/><U117/><E129/><V37/><F37/><T131/><D131/><U96/><E117/><V84/><F133/><T0/><D134/><U64/><E79/><V95/><F108/><T126/><D126/><U40/><E64/><V50/><F101/><T118/><D118/><U35/><E63/><V98/><F77/><T39/><D39/><U89/><E35/><V130/><F130/><T33/><D33/><U81/><E81/><V48/><F32/><T114/><D114/><U111/><E111/><V49/><REACH who="2" step="1"/><F34/><REACH who="2" ten="376,290,374,0" step="2"/><T73/><D73/><U46/><E103/><V78/><F78/><T99/><D0/><U125/><E125/><V107/><F107/><T66/><D1/><U110/><E110/><V85/><F85/><T43/><D87/><U57/><E96/><V109/><F109/><T76/><D99/><U45/><E40/><V119/><F119/><T53/><D2/><U135/><E135/><V83/><AGARI ba="0,1" hai="48,49,50,58,60,65,83,84,90,91,95,98,104,106" m="31264,31008" machi="83" ten="30,12000,2" yaku="1,1,0,1,52,5,53,0" doraHai="74,44" doraHaiUra="120,3" who="2" fromWho="2" sc="376,-60,290,-60,374,130,0,0" /><INIT seed="2,1,0,1,2,108" ten="316,230,504,0" oya="2" hai0="45,105,132,70,0,123,68,77,97,65,58,126,72" hai1="112,133,91,116,2,104,88,50,95,130,32,115,93" hai2="96,103,51,121,59,98,37,101,48,87,1,47,100" hai3=""/><V114/><N who="2" m="31008" /><V71/><F71/><T81/><N who="0" m="31520" /><T76/><D0/><U134/><E2/><V92/><F1/><T109/><D109/><U57/><E32/><V83/><F114/><N who="1" m="43561" /><E104/><V73/><F73/><T66/><D126/><U128/><E116/><V38/><F59/><T49/><D77/><U84/><E57/><V44/><F101/><T78/><D78/><U129/><E50/><V61/><F61/><T64/><D58/><U124/><E124/><V106/><F48/><T117/><D117/><U80/><E80/><V69/><F69/><T56/><D56/><U3/><E3/><V111/><F111/><T60/><D60/><U122/><N who="1" m="31264" /><U63/><E63/><V41/><F47/><T46/><D46/><U35/><E35/><V39/><F51/><T53/><REACH who="0" step="1"/><D132/><REACH who="0" ten="306,230,504,0" step="2"/><U67/><E67/><V86/><F44/><T94/><D94/><U43/><E43/><V119/><F41/><T54/><D54/><U99/><AGARI ba="1,1" hai="84,88,91,93,95,99,128,129,130,133,134" m="31264,43561" machi="99" ten="40,12000,3" yaku="19,1,34,2,52,4,54,1" doraHai="108" who="1" fromWho="1" sc="306,-41,230,132,504,-81,0,0" /><INIT seed="4,0,0,1,4,40" ten="265,362,423,0" oya="0" hai0="122,123,80,125,100,3,73,44,126,50,64,83,68" hai1="129,63,112,47,94,109,105,97,38,0,59,127,104" hai2="75,88,46,74,131,130,135,87,70,1,77,48,69" hai3=""/><T85/><N who="0" m="31264" /><T114/><N who="0" m="31520" /><T119/><D3/><U54/><E0/><V124/><F1/><T120/><N who="0" m="30752" /><T36/><D36/><U39/><E109/><V132/><F77/><T53/><D119/><U111/><E111/><V93/><F124/><N who="0" m="47722" /><D114/><U108/><E108/><V72/><F69/><T51/><D100/><U113/><E129/><N who="2" m="49163" /><F70/><T103/><D103/><U2/><E2/><V91/><F91/><T52/><D73/><U45/><E127/><V121/><N who="2" m="31008" /><V61/><F61/><T84/><D64/><U107/><E38/><V78/><F78/><T118/><D68/><U62/><E39/><V99/><F99/><T86/><D118/><U101/><E63/><V117/><F117/><T41/><D41/><AGARI ba="0,0" hai="41,46,48,72,74,75,87,88,93,132,135" m="31008,49163" machi="41" ten="40,8000,1" yaku="19,1,52,2,54,1" doraHai="40" who="2" fromWho="0" sc="265,-80,362,0,423,80,0,0" /><INIT seed="5,0,0,2,2,84" ten="185,362,503,0" oya="1" hai0="80,116,89,108,102,44,58,91,109,118,100,127,35" hai1="1,40,97,119,56,75,90,51,3,113,111,96,59" hai2="72,74,106,65,42,76,131,95,103,53,52,81,43" hai3=""/><U63/><E119/><N who="0" m="45609" /><D35/><U86/><E113/><V121/><N who="2" m="31008" /><V70/><F131/><T73/><D58/><U48/><E75/><V57/><F106/><T110/><D44/><U45/><E111/><N who="0" m="28417" /><T33/><DORA hai="77" /><D33/><U130/><E130/><V122/><N who="2" m="31264" /><V104/><F104/><T114/><D114/><U39/><E56/><V92/><F70/><T82/><D127/><U32/><E32/><V71/><F71/><T120/><N who="0" m="30752" /><T135/><D135/><U129/><E129/><V107/><F107/><T0/><D0/><U117/><E117/><V61/><F72/><T54/><D54/><U132/><E132/><V2/><F2/><T68/><D68/><U133/><E133/><V124/><F124/><T105/><D73/><U128/><E128/><V41/><F53/><T50/><D50/><U64/><E1/><V83/><F65/><T62/><D62/><U99/><E3/><V38/><F38/><T101/><D105/><U34/><E34/><V69/><F69/><T87/><D87/><U79/><E39/><V55/><F55/><T94/><D94/><U115/><E115/><V125/><F95/><T85/><D85/><U134/><E134/><V98/><F125/><T37/><D37/><U112/><E112/><RYUUKYOKU ba="0,0" sc="185,10,362,-20,503,10,0,0" hai0="80,82,89,91,100,101,102" hai2="41,42,43,52,57,61,74,76,81,83,92,98,103" /><INIT seed="6,1,0,1,5,132" ten="195,342,513,0" oya="2" hai0="76,103,42,133,104,124,130,109,70,131,37,45,123" hai1="110,62,59,135,106,44,108,80,127,39,84,49,77" hai2="85,97,81,38,43,105,65,129,68,69,40,50,73" hai3=""/><V88/><F38/><T53/><N who="0" m="31520" /><T61/><D103/><U115/><E106/><V98/><F105/><T75/><D76/><U66/><E115/><V116/><F73/><T134/><D104/><U91/><E135/><N who="0" m="51721" /><D75/><U54/><E108/><V95/><F65/><T92/><D92/><U36/><E110/><V60/><F60/><T101/><D101/><U117/><E117/><V112/><F68/><T125/><D109/><U113/><E113/><V86/><F69/><T120/><N who="0" m="30752" /><T2/><D2/><U58/><E91/><V114/><F43/><T3/><D3/><U64/><E84/><V0/><F40/><T118/><D118/><U90/><E90/><V33/><F0/><T93/><D93/><U52/><E80/><V107/><F107/><T99/><D99/><U121/><E77/><V78/><F116/><T71/><D71/><U96/><E96/><V74/><F97/><T87/><D87/><U57/><E121/><V67/><F85/><T35/><D35/><U111/><E111/><V51/><F112/><T55/><D70/><U34/><E34/><V122/><F33/><T100/><D100/><U128/><E59/><V72/><F86/><T56/><D55/><U94/><E54/><V119/><F122/><RYUUKYOKU ba="1,0" sc="195,20,342,-10,513,-10,0,0" hai0="37,42,45,53,56,61,124,125,130,131" owari="215,-38.0,332,-7.0,503,45.0,0,0.0" /></mjloggm>