<mjloggm ver="2.3"><GO type="169" lobby="0"/><UN n0="%E3%81%8B%E3%81%91%E3%81%84%E3%81%8D" n1="%72%65%6F%6E%6F%61" n2="%E3%81%AF%E3%81%92%E3%81%97%E3%81%8F%E3%82%A6%E3%83%84" n3="%41%4C%50%45%52%49%4E" dan="16,16,16,18" rate="2058.20,2058.74,2104.31,2229.88" sx="M,M,M,M"/><TAIKYOKU oya="0"/><INIT seed="0,0,0,1,1,25" ten="250,250,250,250" oya="0" hai0="126,8,128,27,109,81,16,38,14,54,134,64,36" hai1="84,116,113,1,20,67,115,96,106,85,61,2,28" hai2="19,108,51,4,91,53,32,7,31,17,21,9,66" hai3="98,12,122,73,133,99,90,74,40,76,56,121,105"/><T88/><D64/><U71/><E116/><V112/><F112/><N who="1" m="43081" /><E106/><V104/><F104/><W82/><G40/><T63/><D126/><U129/><E129/><V111/><F66/><W34/><G34/><T132/><D128/><U110/><E96/><V114/><F114/><W102/><G12/><T35/><D35/><U0/><E110/><N who="2" m="42027" /><F91/><W72/><G56/><N who="0" m="35223" /><D27/><AGARI ba="0,0" hai="0,1,2,20,27,28,61,67,71,84,85" m="43081" machi="27" ten="40,2600,0" yaku="11,1,52,1" doraHai="25" who="1" fromWho="0" sc="250,-26,250,26,250,0,250,0" /><INIT seed="1,0,0,4,0,130" ten="224,276,250,250" oya="1" hai0="68,19,13,75,32,31,39,15,92,84,4,50,37" hai1="102,96,108,43,71,123,85,103,47,35,110,86,126" hai2="24,12,106,28,115,104,99,18,34,1,81,56,74" hai3="38,65,11,128,41,101,88,36,2,55,58,7,82"/><U8/><E35/><V17/><F1/><W62/><G128/><T20/><D75/><U5/><E71/><V119/><F119/><W93/><G41/><T77/><D68/><U21/><E123/><V87/><F74/><W40/><G40/><T14/><D32/><U42/><E21/><V49/><F115/><W48/><G82/><T90/><D31/><U53/><E42/><V98/><F104/><W10/><G101/><N who="1" m="38410" /><E96/><V121/><F121/><W117/><G11/><T132/><D4/><U100/><N who="1" m="38418" /><U46/><DORA hai="23" /><E53/><V124/><F106/><W69/><REACH who="3" step="1"/><G117/><REACH who="3" ten="224,276,250,240" step="2"/><T111/><D39/><U59/><E43/><V122/><F122/><W113/><G113/><T114/><D114/><U70/><E8/><V89/><F124/><W29/><G29/><T54/><D37/><U83/><E126/><V61/><F18/><W120/><G120/><T57/><D19/><U112/><E83/><V16/><F17/><W6/><G6/><T52/><D77/><U127/><E127/><V97/><F16/><W73/><G73/><T134/><D111/><N who="1" m="42539" /><E5/><V129/><F129/><W67/><G67/><T22/><REACH who="0" step="1"/><D54/><REACH who="0" ten="214,276,250,240" step="2"/><U79/><E79/><V26/><F28/><W63/><G63/><T118/><D118/><U25/><E112/><V60/><F61/><W78/><G78/><T135/><AGARI ba="0,2" hai="13,14,15,20,22,50,52,57,84,90,92,132,134,135" machi="135" ten="40,16000,3" yaku="1,1,0,1,20,1,52,3,54,1,53,1" doraHai="130,23" doraHaiUra="33,51" who="0" fromWho="0" sc="214,180,276,-80,250,-40,240,-40" /><INIT seed="2,0,0,1,2,101" ten="394,196,210,200" oya="2" hai0="16,117,85,92,112,52,50,22,83,96,135,67,5" hai1="88,60,128,120,55,125,30,4,33,134,97,40,59" hai2="31,72,2,46,45,133,90,131,10,54,104,74,98" hai3="89,99,68,26,130,28,21,0,14,102,75,110,62"/><V126/><F126/><W36/><G0/><T66/><D135/><U63/><E120/><V69/><F69/><W114/><G36/><T23/><D5/><U1/><E125/><V95/><F133/><W94/><G75/><T43/><D23/><U91/><E134/><V34/><F131/><W79/><G130/><T42/><D112/><U53/><E40/><N who="0" m="15401" /><D67/><U82/><E128/><V27/><F104/><W41/><G110/><T86/><D66/><U65/><E4/><V25/><F25/><W119/><G114/><T103/><D83/><U29/><E1/><V38/><F2/><W6/><G68/><T80/><D80/><U3/><E33/><V49/><F38/><W118/><G118/><T12/><D117/><U108/><E3/><V39/><F39/><W44/><G6/><T127/><D127/><U47/><E108/><V7/><F46/><AGARI ba="0,0" hai="12,16,22,46,50,52,85,86,92,96,103" m="15401" machi="46" ten="30,3900,0" yaku="8,1,54,2" doraHai="101" who="0" fromWho="2" sc="394,39,196,0,210,-39,200,0" /><INIT seed="3,0,0,3,3,4" ten="433,196,171,200" oya="3" hai0="114,82,109,102,91,80,8,126,13,56,16,83,26" hai1="101,61,103,74,11,54,106,79,135,93,89,51,75" hai2="2,119,112,88,7,64,15,67,94,97,46,58,39" hai3="37,53,84,116,128,29,73,72,68,33,1,50,77"/><W127/><G116/><T49/><D109/><U110/><E110/><V59/><F119/><W122/><G122/><T134/><D134/><U121/><E135/><V104/><F2/><W45/><G68/><T98/><D126/><U81/><E61/><V132/><F132/><W20/><G33/><T117/><D114/><U100/><E121/><V60/><F112/><W66/><G127/><T120/><D120/><U24/><E24/><V124/><F104/><W65/><G1/><T70/><D70/><U133/><E133/><V6/><F124/><W86/><G37/><T3/><D3/><U12/><E74/><V10/><F39/><W130/><G73/><T28/><D49/><U69/><E69/><V129/><F46/><W90/><G72/><T30/><D56/><U18/><E106/><V0/><F129/><N who="3" m="49771" /><G77/><T35/><D30/><U25/><E25/><V9/><F59/><W115/><G115/><T14/><D117/><U19/><E19/><V95/><F95/><N who="3" m="54727" /><G86/><T34/><D34/><U36/><E36/><V87/><F87/><W125/><G125/><T131/><D35/><U38/><E38/><V22/><F22/><W48/><G48/><T105/><D8/><U23/><E23/><V96/><REACH who="2" step="1"/><F97/><REACH who="2" ten="433,196,161,200" step="2"/><W42/><G42/><T113/><D98/><U62/><E93/><V17/><F17/><W63/><G63/><T92/><D92/><U43/><E62/><V118/><F118/><W111/><G111/><T31/><D16/><U47/><E43/><V44/><F44/><W5/><G5/><T78/><D113/><U57/><E47/><V71/><F71/><RYUUKYOKU ba="0,1" sc="433,-30,196,10,161,10,200,10" hai1="11,12,18,51,54,57,75,79,81,89,100,101,103" hai2="0,6,7,9,10,15,58,60,64,67,88,94,96" hai3="20,29,45,50,53,65,66" /><INIT seed="3,1,1,1,4,2" ten="403,206,171,210" oya="3" hai0="58,101,93,90,1,11,42,75,94,84,23,27,15" hai1="19,8,52,55,17,82,45,70,31,49,91,121,33" hai2="26,34,47,40,129,13,69,126,18,41,105,30,60" hai3="89,56,66,112,122,108,7,77,86,81,92,32,4"/><W48/><G122/><T115/><D75/><U73/><E70/><V65/><F129/><W117/><G117/><T131/><D131/><U88/><E121/><V44/><F126/><W95/><G32/><T28/><D1/><U12/><E33/><V104/><F44/><W43/><G112/><T120/><D120/><U78/><E31/><V72/><F72/><W107/><G107/><T96/><D58/><U5/><E55/><V79/><F79/><W87/><G108/><T59/><D59/><U10/><E19/><V39/><REACH who="2" step="1"/><F41/><REACH who="2" ten="403,206,161,210" step="2"/><W97/><G43/><T130/><D130/><U74/><REACH who="1" step="1"/><E73/><REACH who="1" ten="403,196,161,210" step="2"/><V116/><F116/><W67/><G67/><T118/><D118/><U110/><E110/><V61/><F61/><W35/><G66/><T83/><D115/><U111/><E111/><V6/><F6/><W133/><G7/><N who="0" m="3583" /><D42/><U63/><E63/><V102/><F102/><W68/><G4/><T53/><D53/><U128/><E128/><V119/><F119/><W80/><G68/><T103/><D103/><U114/><E114/><V135/><F135/><W22/><G133/><T106/><D101/><U38/><E38/><V14/><F14/><AGARI ba="1,3" hai="5,8,10,12,14,17,45,49,52,74,78,82,88,91" machi="14" ten="30,8000,1" yaku="1,1,7,1,52,1,54,2,53,0" doraHai="2" doraHaiUra="134" who="1" fromWho="2" sc="403,0,196,113,161,-83,210,0" /><INIT seed="4,0,0,5,1,108" ten="403,309,78,210" oya="0" hai0="14,16,19,9,30,112,131,74,33,88,35,11,7" hai1="6,26,135,23,100,42,29,96,47,56,72,62,120" hai2="25,97,103,50,37,124,90,91,101,87,78,69,8" hai3="128,77,115,39,40,118,28,58,75,4,10,46,73"/><T98/><D74/><U122/><E135/><V70/><F37/><W49/><G118/><T44/><D44/><U134/><E72/><V53/><F124/><W127/><G127/><T21/><D98/><U79/><E134/><V15/><F25/><W71/><G71/><T109/><D88/><U20/><E6/><V36/><F36/><W67/><G128/><T38/><D38/><U106/><E23/><V129/><F129/><W43/><G28/><T105/><D105/><U92/><E79/><V119/><F119/><W125/><G125/><T89/><D89/><U0/><E0/><V52/><F78/><W107/><G107/><T133/><D131/><U48/><E106/><V93/><F91/><W86/><G40/><T82/><D82/><U83/><E83/><V24/><F24/><W126/><G126/><T45/><D45/><U2/><REACH who="1" step="1"/><E2/><REACH who="1" ten="403,299,78,210" step="2"/><V13/><F13/><W68/><G75/><T117/><D133/><U32/><E32/><V12/><F12/><W34/><G73/><T76/><D76/><U59/><E59/><V110/><F110/><W65/><G58/><T84/><D109/><U132/><E132/><V113/><F70/><W54/><G68/><T64/><D117/><U60/><E60/><V17/><F69/><W5/><G34/><T18/><D35/><U94/><E94/><V22/><F22/><W3/><G5/><T116/><D33/><U85/><E85/><V63/><F87/><W104/><G104/><T95/><D84/><U121/><E121/><V27/><F63/><W111/><G111/><T66/><D95/><U99/><E99/><RYUUKYOKU ba="0,1" sc="403,-10,299,30,78,-10,210,-10" hai1="20,26,29,42,47,48,56,62,92,96,100,120,122" /><INIT seed="5,1,1,2,2,34" ten="393,329,68,200" oya="1" hai0="53,115,125,93,83,20,105,98,81,106,90,102,109" hai1="77,22,91,2,49,39,38,111,33,23,127,131,130" hai2="46,29,31,107,9,118,112,66,69,120,70,65,18" hai3="12,15,123,124,17,94,86,51,74,85,104,80,122"/><U47/><E33/><V78/><F118/><W84/><G104/><T60/><D115/><U103/><E103/><V27/><F120/><W41/><G124/><T121/><D121/><U6/><E127/><V116/><F116/><W19/><G94/><T88/><D109/><U14/><E77/><V92/><F107/><N who="0" m="40970" /><D53/><U36/><E111/><V32/><F112/><W16/><G122/><T45/><D45/><U1/><E91/><N who="0" m="34857" /><D60/><U63/><E63/><V134/><F92/><W68/><G68/><T50/><D50/><U8/><E22/><V42/><F78/><W24/><G123/><T30/><D30/><U72/><E72/><V56/><F29/><W43/><G74/><T135/><D20/><U126/><E126/><V129/><F56/><W58/><G80/><N who="0" m="30795" /><D125/><U35/><E35/><V133/><F69/><W21/><G24/><T96/><D96/><U61/><E61/><V117/><F117/><W57/><G21/><T119/><D119/><U7/><E23/><V10/><F70/><W62/><G51/><T101/><D135/><U132/><E132/><V5/><F133/><W40/><G62/><T44/><D44/><U71/><E71/><V95/><F134/><W59/><AGARI ba="1,1" hai="12,15,16,17,19,40,41,43,57,58,59,84,85,86" machi="59" ten="40,32000,5" yakuman="40" doraHai="34" who="3" fromWho="3" sc="393,-81,329,-161,68,-81,200,333" owari="312,11.0,168,-23.0,-13,-51.0,533,63.0" /></mjloggm>