<mjloggm ver="2.3"><GO type="225" lobby="0"/><UN n0="%E8%A8%88%E7%AE%97%E6%A9%9F%E8%87%AA%E7%84%B6" n1="%70%68%65%6E%6F%6D%65" n2="%E3%82%8C%E3%81%99%E3%81%93" n3="%E3%83%AD%E3%83%83%E3%83%86%E9%9B%80%E7%90%83" dan="17,17,16,18" rate="2231.06,2200.97,2125.02,2247.39" sx="M,M,F,F"/><TAIKYOKU oya="0"/><INIT seed="0,0,0,2,1,7" ten="250,250,250,250" oya="0" hai0="101,99,47,67,88,60,123,30,27,48,29,91,50" hai1="84,95,69,120,5,92,15,11,74,34,93,21,49" hai2="72,53,122,100,41,133,103,43,16,73,104,106,96" hai3="57,32,77,85,70,111,108,114,28,87,76,2,3"/><T18/><D123/><U107/><E74/><V44/><F122/><W17/><G57/><T121/><D121/><U8/><E34/><V31/><F31/><W81/><G17/><T26/><D18/><N who="1" m="10463" /><E107/><V35/><F35/><W22/><G22/><T61/><D101/><U131/><E69/><V105/><F133/><W52/><G52/><T102/><D102/><U12/><E131/><V40/><F16/><W86/><G70/><T46/><D99/><U98/><E120/><V1/><F1/><N who="3" m="11" /><G81/><T113/><D113/><U9/><E98/><V134/><F134/><W129/><G114/><T94/><D94/><N who="1" m="36459" /><E49/><V89/><F103/><W63/><G63/><T65/><AGARI ba="0,0" hai="26,27,29,30,46,47,48,50,60,61,65,67,88,91" machi="65" ten="25,12000,1" yaku="0,1,22,2,8,1,54,1" doraHai="7" who="0" fromWho="0" sc="250,120,250,-40,250,-40,250,-40" /><INIT seed="0,1,0,4,1,129" ten="370,210,210,210" oya="0" hai0="77,28,96,31,1,39,121,2,107,116,20,104,123" hai1="100,17,61,53,92,44,33,35,11,14,132,127,18" hai2="56,62,58,43,90,38,6,75,25,83,131,120,99" hai3="67,91,59,5,97,41,126,21,8,0,15,9,36"/><T94/><D39/><U30/><E127/><V106/><F120/><W114/><G114/><T69/><D69/><U13/><E30/><V112/><F112/><W86/><G126/><T128/><D77/><U93/><E132/><V89/><F131/><W135/><G97/><T26/><D128/><U108/><E108/><V50/><F38/><W74/><G74/><T115/><D116/><U73/><E73/><V16/><F75/><W52/><G135/><T22/><D115/><U23/><E100/><V48/><F6/><W3/><G21/><T118/><D118/><U72/><E72/><V105/><F99/><W34/><G67/><T80/><D96/><U7/><E7/><V102/><F102/><W24/><G9/><T51/><D51/><U65/><E53/><V10/><F43/><W82/><G24/><T87/><D87/><U68/><REACH who="1" step="1"/><E44/><REACH who="1" ten="370,200,210,210" step="2"/><V71/><F106/><W124/><G124/><T98/><D28/><U110/><E110/><V37/><F105/><W4/><G4/><T101/><D107/><U84/><E84/><V133/><F133/><W47/><REACH who="3" step="1"/><G34/><AGARI ba="1,1" hai="11,13,14,17,18,23,33,34,35,61,65,68,92,93" machi="34" ten="40,1300,0" yaku="1,1,53,0" doraHai="129" doraHaiUra="45" who="1" fromWho="3" sc="370,0,200,26,210,0,210,-16" /><INIT seed="1,0,0,0,0,15" ten="370,226,210,194" oya="1" hai0="93,53,24,16,134,62,72,76,88,6,107,37,98" hai1="80,91,106,131,75,84,58,51,114,42,41,23,34" hai2="59,48,39,102,64,28,125,78,11,1,20,27,10" hai3="123,89,40,133,2,79,19,63,130,9,67,104,109"/><U29/><E114/><V61/><F39/><W122/><G109/><T45/><D134/><U94/><E34/><V30/><F125/><W108/><G108/><T87/><D6/><U100/><E131/><V69/><F78/><W117/><G133/><T120/><D120/><U81/><E106/><V43/><F1/><W46/><G130/><T116/><D116/><U25/><E75/><V14/><F102/><W119/><G104/><T99/><D37/><U113/><E113/><V13/><F30/><W49/><G79/><T124/><D124/><U57/><E81/><V74/><F74/><W96/><G96/><N who="0" m="57383" /><D107/><U97/><REACH who="1" step="1"/><E51/><REACH who="1" ten="370,216,210,194" step="2"/><V38/><F38/><W111/><G111/><T118/><D72/><U3/><E3/><V50/><F50/><W26/><G2/><T115/><D115/><U17/><E17/><V22/><F48/><W36/><G49/><N who="0" m="28847" /><D118/><U56/><AGARI ba="0,1" hai="23,25,29,41,42,56,57,58,80,84,91,94,97,100" machi="56" ten="30,6000,0" yaku="1,1,0,1,8,1,53,0" doraHai="15" doraHaiUra="121" who="1" fromWho="1" sc="370,-20,216,70,210,-20,194,-20" /><INIT seed="1,1,0,3,4,96" ten="350,286,190,174" oya="1" hai0="85,14,25,106,123,116,45,126,62,17,2,4,31" hai1="66,51,105,15,102,84,50,35,108,128,59,92,19" hai2="34,118,36,42,29,81,133,9,91,75,3,12,90" hai3="43,77,89,47,74,40,54,87,63,127,109,33,70"/><U131/><E35/><V60/><F118/><W38/><G109/><T112/><D112/><U103/><E105/><V11/><F133/><W135/><G33/><T76/><D106/><U95/><E108/><V16/><F60/><W110/><G110/><T132/><D126/><U23/><E66/><V94/><F29/><W21/><G135/><T120/><D116/><U134/><E134/><V111/><F34/><W98/><G74/><T101/><D101/><N who="1" m="38411" /><E51/><V93/><F111/><W57/><G127/><T86/><D62/><U10/><E10/><V67/><F67/><W26/><G70/><T113/><D113/><U72/><E72/><V37/><F37/><W58/><G38/><T41/><D132/><U71/><E71/><V56/><F36/><W30/><G47/><T73/><D73/><U52/><E92/><V55/><F94/><N who="3" m="56655" /><G58/><T20/><D120/><U99/><E99/><V115/><F115/><W6/><G6/><T64/><D4/><U117/><E117/><V69/><F69/><W13/><G40/><T79/><D64/><U107/><E107/><V121/><F42/><W122/><G43/><T124/><D123/><U83/><E83/><V32/><F32/><W39/><G39/><N who="0" m="21695" /><D124/><U80/><E80/><V78/><F121/><W5/><G122/><T100/><D100/><U28/><E28/><V130/><F93/><W97/><G97/><T44/><D31/><U129/><E128/><V104/><F130/><W48/><G63/><T46/><D86/><U53/><E53/><V88/><F104/><W49/><G49/><T22/><D85/><U8/><E8/><RYUUKYOKU ba="1,0" sc="350,-10,286,30,190,-10,174,-10" hai1="15,19,23,50,52,59,84,95,129,131" /><INIT seed="1,2,0,3,2,93" ten="340,316,180,164" oya="1" hai0="63,120,72,109,70,0,107,106,85,89,64,57,44" hai1="8,117,118,16,75,55,12,74,121,10,35,36,110" hai2="32,40,71,87,86,33,52,128,25,105,127,41,3" hai3="28,92,90,94,132,22,111,37,23,77,99,96,46"/><U73/><E121/><V19/><F71/><W5/><G111/><T62/><D0/><U60/><E110/><V67/><F3/><W131/><G131/><T81/><D109/><U123/><E123/><V13/><F105/><W79/><G132/><T125/><D120/><U59/><E36/><V83/><F128/><W124/><G124/><T82/><D125/><U97/><E35/><V17/><F67/><W38/><G5/><T102/><D44/><U68/><E68/><V48/><F127/><W7/><G7/><T88/><D102/><U30/><E30/><V78/><F87/><W53/><G28/><T2/><D2/><U66/><E10/><N who="2" m="6327" /><F33/><W31/><G31/><T95/><D82/><U113/><E113/><V135/><F32/><W61/><G61/><T129/><D129/><U112/><E112/><V98/><F135/><W122/><G122/><T54/><REACH who="0" step="1"/><D72/><REACH who="0" ten="330,316,180,164" step="2"/><U4/><E117/><V65/><F83/><W45/><G90/><T29/><D29/><U47/><E118/><V91/><F91/><W69/><G69/><T114/><D114/><U6/><REACH who="1" step="1"/><E97/><AGARI ba="2,1" hai="54,57,62,63,64,70,81,85,88,89,95,97,106,107" machi="97" ten="30,7700,0" yaku="1,1,7,1,52,1,54,1,53,0" doraHai="93" doraHaiUra="21" who="0" fromWho="1" sc="330,93,316,-83,180,0,164,0" /><INIT seed="2,0,0,4,3,122" ten="423,233,180,164" oya="2" hai0="118,55,36,76,53,132,95,88,99,46,93,72,134" hai1="103,26,14,47,28,81,49,5,129,128,78,91,70" hai2="130,85,27,4,131,1,7,110,59,127,43,9,108" hai3="106,79,30,86,65,23,35,124,29,44,115,10,21"/><V41/><F127/><W25/><G106/><T74/><D118/><U8/><E70/><V83/><F59/><W80/><G124/><T11/><D11/><U97/><E91/><N who="2" m="51647" /><F27/><W94/><G115/><T82/><D72/><U133/><E133/><N who="0" m="51305" /><D95/><U75/><E26/><V33/><F7/><W114/><G114/><T51/><D36/><U104/><REACH who="1" step="1"/><E28/><REACH who="1" ten="423,223,180,164" step="2"/><V121/><F121/><W63/><G30/><T13/><D13/><U52/><AGARI ba="0,1" hai="5,8,14,47,49,52,75,78,81,97,103,104,128,129" machi="52" ten="30,7900,0" yaku="1,1,2,1,0,1,54,1,53,0" doraHai="122" doraHaiUra="67" who="1" fromWho="1" sc="423,-20,223,89,180,-39,164,-20" /><INIT seed="3,0,0,4,1,4" ten="403,312,141,144" oya="3" hai0="37,118,14,123,73,43,111,50,27,83,66,100,116" hai1="99,79,12,121,65,54,90,35,107,77,71,105,63" hai2="132,84,25,48,28,51,49,19,98,59,119,128,86" hai3="15,24,40,103,18,5,85,127,62,74,104,94,70"/><W41/><G74/><T61/><D123/><U96/><E121/><V108/><F119/><W53/><G127/><T17/><D37/><U2/><E2/><V109/><F132/><W55/><G104/><T8/><D100/><U69/><E35/><N who="2" m="20879" /><F128/><W110/><G110/><N who="2" m="42601" /><F59/><N who="3" m="35199" /><G70/><T81/><D111/><U3/><E96/><V21/><F98/><N who="3" m="59863" /><G53/><T7/><D73/><U101/><E54/><V10/><F10/><N who="3" m="4559" /><G85/><T22/><D116/><U34/><E71/><V91/><F91/><W75/><G75/><T52/><D118/><U72/><E105/><V115/><F115/><W76/><G76/><T106/><D106/><U92/><E3/><V97/><F97/><W126/><G126/><T30/><D43/><U1/><E1/><V0/><F0/><W129/><G129/><T93/><D93/><U88/><E34/><V32/><F32/><W135/><G135/><T124/><D124/><U131/><E131/><V36/><F36/><W6/><G6/><T42/><D7/><U134/><E134/><V78/><F78/><W56/><G56/><N who="0" m="37159" /><D42/><U87/><E72/><V122/><F122/><W68/><G68/><T23/><D52/><U58/><E69/><V82/><F82/><W102/><G102/><T31/><D50/><U112/><E112/><V89/><F89/><W130/><G130/><T113/><D113/><U20/><E90/><V16/><F19/><W9/><G9/><T64/><D64/><U11/><REACH who="1" step="1"/><E20/><AGARI ba="0,0" hai="18,20,24,40,41" m="4559,59863,35199" machi="20" ten="30,2900,0" yaku="8,1,52,1" doraHai="4" who="3" fromWho="1" sc="403,0,312,-29,141,0,144,29" /><INIT seed="3,1,0,4,2,109" ten="403,283,141,173" oya="3" hai0="107,66,120,34,71,76,69,70,19,0,113,56,40" hai1="29,52,118,65,90,79,18,48,3,119,131,95,45" hai2="13,130,78,57,62,8,86,134,1,83,125,105,122" hai3="2,106,14,4,49,126,38,10,117,110,26,108,67"/><W47/><G106/><T41/><D0/><U92/><E131/><V101/><F130/><W53/><G117/><T12/><D34/><U21/><E3/><V111/><F111/><N who="3" m="42539" /><G126/><T59/><D113/><U133/><E133/><V97/><F134/><W46/><G67/><T37/><D107/><U128/><E128/><V24/><F125/><W27/><G2/><T72/><D120/><U129/><E129/><V55/><F122/><W73/><G73/><T31/><D31/><U93/><E79/><V6/><F1/><W80/><G80/><T87/><D87/><U121/><E121/><V91/><REACH who="2" step="1"/><F24/><REACH who="2" ten="403,283,131,173" step="2"/><N who="3" m="9259" /><G38/><T54/><D66/><U11/><E65/><V100/><F100/><W84/><G84/><T15/><D37/><U75/><E75/><V30/><F30/><W42/><G42/><T104/><D104/><U20/><E29/><V36/><F36/><W135/><G135/><T115/><D41/><U5/><E118/><V89/><AGARI ba="1,1" hai="6,8,13,55,57,62,78,83,86,89,91,97,101,105" machi="89" ten="30,2000,0" yaku="1,1,0,1,53,0" doraHai="109" doraHaiUra="22" who="2" fromWho="2" sc="403,-6,283,-6,131,33,173,-11" owari="397,50.0,277,8.0,164,-24.0,162,-34.0" /></mjloggm>