<mjloggm ver="2.3"><GO type="169" lobby="0"/><UN n0="%EF%BC%93%E7%95%AA%E3%82%B7%E3%83%A7%E3%83%BC%E3%83%88%E5%9D%82%E7%94%B0" n1="%E7%AD%89%E3%80%85%E5%8A%9B%E5%8A%87%E5%A0%B4" n2="%E3%83%89%E3%83%A9%E3%82%B4%E3%83%B3%48%49%44%45" n3="%72%65%72%65%6D%61%72%75" dan="16,17,16,16" rate="2127.74,2156.75,2104.39,2129.03" sx="M,M,M,M"/><TAIKYOKU oya="0"/><INIT seed="0,0,0,2,2,68" ten="250,250,250,250" oya="0" hai0="115,122,96,64,98,53,16,7,31,125,18,97,22" hai1="9,13,43,93,80,131,135,72,37,128,100,2,46" hai2="63,83,59,113,51,44,102,42,14,127,84,32,92" hai3="78,81,101,29,91,79,126,20,103,3,12,106,132"/><T8/><D115/><U90/><E100/><V25/><F113/><W124/><G3/><T61/><D122/><U76/><E135/><V65/><F127/><W24/><G132/><T55/><D125/><U116/><E116/><V67/><F14/><W26/><G78/><T21/><D31/><U48/><E48/><V47/><F32/><W17/><G124/><T75/><D75/><U110/><E110/><V73/><F73/><W19/><G91/><T120/><D120/><U11/><E2/><V130/><F130/><N who="1" m="49705" /><E13/><V35/><F35/><W36/><G36/><T69/><D22/><U6/><E6/><V30/><F47/><W50/><G50/><T77/><D77/><U74/><E74/><V123/><F123/><W34/><G106/><T104/><D104/><U99/><AGARI ba="0,0" hai="9,11,37,43,46,72,76,80,90,93,99" m="49705" machi="99" ten="30,2000,0" yaku="19,1,52,1" doraHai="68" who="1" fromWho="1" sc="250,-10,250,20,250,-5,250,-5" /><INIT seed="1,0,0,4,5,16" ten="240,270,245,245" oya="1" hai0="118,102,110,83,114,20,74,127,135,119,57,128,66" hai1="13,86,48,96,31,103,111,8,132,45,40,46,0" hai2="107,131,41,85,104,88,100,23,77,18,28,122,17" hai3="124,130,22,109,26,60,125,78,79,12,59,27,35"/><U126/><E126/><V30/><F122/><W72/><G109/><T36/><D114/><U123/><E132/><V98/><F131/><W92/><G130/><T54/><D128/><U2/><E123/><V42/><F77/><W112/><G112/><T129/><D129/><U121/><E121/><V63/><F107/><W120/><G120/><T24/><D110/><U67/><E111/><V97/><F97/><W115/><G115/><T68/><D127/><U1/><E67/><V116/><F116/><W61/><G35/><T14/><D135/><U43/><E86/><V80/><F17/><W19/><G92/><T71/><D36/><U53/><E31/><V117/><F117/><W62/><G59/><T64/><D102/><U47/><E47/><V94/><F104/><W21/><G12/><T49/><D14/><U101/><E96/><V113/><F113/><W11/><G11/><T105/><D105/><U133/><E133/><V5/><F5/><W4/><G4/><T51/><D51/><U106/><E106/><V69/><F69/><W108/><G79/><T56/><D56/><U99/><E99/><V25/><F63/><W76/><G76/><N who="0" m="44439" /><D66/><U50/><REACH who="1" step="1"/><E53/><REACH who="1" ten="240,260,245,245" step="2"/><V65/><F65/><W75/><G108/><T39/><D64/><U6/><AGARI ba="0,1" hai="0,1,2,6,8,13,40,43,45,46,48,50,101,103" machi="6" ten="30,11700,0" yaku="1,1,2,1,0,1,9,1,53,0" doraHai="16" doraHaiUra="93" who="1" fromWho="1" sc="240,-39,260,127,245,-39,245,-39" /><INIT seed="1,1,0,1,0,23" ten="201,387,206,206" oya="1" hai0="64,33,10,61,3,93,89,11,112,52,19,49,106" hai1="8,67,28,16,129,101,65,110,77,34,108,130,37" hai2="96,74,56,79,70,111,41,17,82,43,5,104,84" hai3="107,131,6,113,27,76,117,44,75,15,55,85,9"/><U80/><E37/><V51/><F70/><W134/><G131/><N who="1" m="50186" /><E101/><V97/><F111/><N who="1" m="42537" /><E34/><V38/><F38/><W29/><G134/><T1/><D106/><U116/><E28/><V90/><F5/><W98/><G117/><T25/><D1/><U63/><E116/><V46/><F104/><W132/><G132/><T59/><D3/><U81/><E81/><V26/><F43/><W36/><G36/><T48/><D112/><U135/><E135/><V22/><F56/><W66/><G113/><T92/><D33/><U78/><E78/><V4/><REACH who="2" step="1"/><F4/><REACH who="2" ten="201,387,196,206" step="2"/><W68/><G6/><T20/><D92/><AGARI ba="1,1" hai="17,22,26,41,46,51,74,79,82,84,90,92,96,97" machi="92" ten="30,7700,0" yaku="1,1,2,1,7,1,52,1,53,0" doraHai="23" doraHaiUra="122" who="2" fromWho="0" sc="201,-80,387,0,196,90,206,0" /><INIT seed="2,0,0,5,2,55" ten="121,387,286,206" oya="2" hai0="72,46,29,66,104,94,36,87,22,11,81,2,78" hai1="82,100,28,102,26,15,133,84,62,96,65,117,79" hai2="122,51,91,7,124,25,27,56,14,41,110,8,131" hai3="18,4,111,113,45,59,88,64,73,44,34,71,116"/><V13/><F122/><W47/><G116/><T80/><D104/><U17/><E133/><V123/><F123/><W10/><G73/><T24/><D66/><U75/><E117/><V135/><F131/><W30/><G71/><T37/><D94/><U58/><E75/><V95/><F124/><W97/><G111/><T126/><D126/><U0/><E0/><V67/><F135/><W43/><G18/><T118/><D118/><U21/><REACH who="1" step="1"/><E96/><REACH who="1" ten="121,377,286,206" step="2"/><N who="2" m="57471" /><F110/><W115/><G97/><T125/><D125/><U1/><E1/><V106/><F106/><W6/><G115/><T129/><D129/><U121/><E121/><V12/><F41/><W120/><G113/><T108/><D108/><U52/><E52/><N who="2" m="31775" /><F67/><W38/><G64/><T127/><D127/><U50/><E50/><V48/><F48/><W74/><G43/><T85/><D72/><U42/><E42/><V76/><F76/><W19/><G74/><T132/><D132/><U33/><AGARI ba="0,1" hai="15,17,21,26,28,33,58,62,65,79,82,84,100,102" machi="33" ten="20,8000,1" yaku="1,1,0,1,7,1,52,1,53,1" doraHai="55" doraHaiUra="63" who="1" fromWho="1" sc="121,-20,377,90,286,-40,206,-20" /><INIT seed="3,0,0,5,5,5" ten="101,467,246,186" oya="3" hai0="44,76,87,12,118,52,112,3,117,98,39,33,124" hai1="101,46,133,111,56,93,59,40,22,14,99,0,1" hai2="50,79,42,63,17,41,67,96,57,48,115,88,89" hai3="21,26,119,24,105,114,97,86,104,90,30,45,102"/><W66/><G119/><T70/><D3/><U61/><E111/><V74/><F115/><W109/><G109/><T20/><D70/><U37/><E133/><V34/><F34/><W134/><G134/><T94/><D33/><U81/><E59/><V92/><F74/><W9/><G114/><T100/><D112/><U123/><E123/><V51/><F79/><W72/><G72/><T125/><D76/><U23/><E81/><V131/><F131/><W129/><G129/><T65/><D65/><U130/><E130/><V31/><F31/><W49/><G66/><T19/><D87/><U6/><E23/><V106/><F106/><W8/><G26/><T10/><D20/><U75/><E75/><V127/><F127/><N who="0" m="48714" /><D39/><U54/><REACH who="1" step="1"/><E22/><REACH who="1" ten="101,457,246,186" step="2"/><V47/><F47/><W27/><G27/><T103/><D100/><U16/><E16/><V128/><F128/><W120/><G120/><T58/><D44/><U15/><E15/><V28/><F28/><W4/><G4/><T82/><D82/><U18/><E18/><V25/><F25/><W78/><G78/><T11/><D118/><U2/><E2/><V73/><F73/><W122/><G122/><T7/><D117/><U77/><E77/><V43/><REACH who="2" step="1"/><F17/><REACH who="2" ten="101,457,236,186" step="2"/><W80/><REACH who="3" step="1"/><G105/><REACH who="3" ten="101,457,236,176" step="2"/><T60/><D7/><U95/><E95/><V121/><F121/><W107/><G107/><T68/><D68/><U55/><E55/><AGARI ba="0,3" hai="8,9,21,24,30,45,49,55,80,86,90,97,102,104" machi="55" ten="30,11600,0" yaku="1,1,7,1,52,2,53,0" doraHai="5" doraHaiUra="113" who="3" fromWho="1" sc="101,0,457,-116,236,0,176,146" /><INIT seed="3,1,0,3,4,12" ten="101,341,236,322" oya="3" hai0="46,79,116,72,113,23,37,77,51,90,8,76,41" hai1="57,112,69,106,35,43,73,125,48,81,66,115,97" hai2="62,45,70,61,59,5,95,119,91,128,135,109,38" hai3="15,129,82,110,65,87,134,16,122,21,111,114,123"/><W105/><G114/><T52/><D116/><U29/><E125/><V25/><F119/><W118/><G118/><T92/><D113/><U49/><E69/><V33/><F109/><N who="3" m="41483" /><G105/><T11/><D72/><U107/><E35/><V34/><F135/><W30/><G134/><T99/><REACH who="0" step="1"/><D23/><REACH who="0" ten="91,341,236,322" step="2"/><U78/><E73/><V75/><F75/><W19/><G129/><T83/><D83/><U44/><E81/><V74/><F128/><W84/><G30/><T31/><D31/><U55/><E29/><V36/><F74/><W40/><G82/><T20/><D20/><U64/><E115/><V132/><F132/><W14/><G65/><T54/><D54/><U88/><E55/><V85/><F34/><W80/><G40/><T0/><D0/><U17/><E43/><V71/><F33/><W4/><G80/><T60/><D60/><U3/><E66/><V126/><F62/><W13/><G21/><T89/><D89/><U133/><E88/><V10/><F91/><W47/><G123/><T108/><D108/><U22/><E22/><V42/><F61/><W1/><G122/><T103/><D103/><U86/><E64/><V127/><F42/><W98/><G1/><T58/><AGARI ba="1,1" hai="8,11,37,41,46,51,52,58,76,77,79,90,92,99" machi="58" ten="30,4000,0" yaku="1,1,0,1,54,1,53,0" doraHai="12" doraHaiUra="131" who="0" fromWho="0" sc="91,53,341,-11,236,-11,322,-21" /><INIT seed="4,0,0,0,2,58" ten="144,330,225,301" oya="0" hai0="35,10,92,91,40,60,1,63,48,134,110,30,121" hai1="82,50,21,80,46,61,78,37,55,79,54,62,81" hai2="87,131,88,71,34,44,105,66,95,32,29,126,104" hai3="20,112,99,38,24,96,31,43,19,15,108,45,23"/><T28/><D121/><U127/><E127/><V3/><F126/><W11/><G108/><T114/><D110/><U5/><E37/><V64/><F131/><W93/><G112/><T8/><D114/><U113/><E113/><V7/><F3/><W129/><G129/><T122/><D122/><U14/><E55/><V102/><F7/><W33/><REACH who="3" step="1"/><G99/><REACH who="3" ten="144,330,225,291" step="2"/><T94/><D134/><U130/><E130/><V42/><F105/><W90/><AGARI ba="0,1" hai="11,15,19,20,23,24,31,33,38,43,45,90,93,96" machi="90" ten="20,8000,1" yaku="1,1,2,1,0,1,7,1,53,1" doraHai="58" doraHaiUra="27" who="3" fromWho="3" sc="144,-40,330,-20,225,-20,291,90" /><INIT seed="5,0,0,3,1,129" ten="104,310,205,381" oya="1" hai0="97,79,22,81,67,51,70,53,16,30,27,15,123" hai1="35,131,18,54,8,94,130,32,62,68,49,75,115" hai2="47,3,11,76,74,1,86,73,65,63,4,40,85" hai3="124,41,125,90,7,87,89,113,105,93,43,23,120"/><U132/><E75/><V64/><F3/><W36/><G120/><T134/><D123/><U55/><E115/><V12/><F74/><W56/><G113/><T99/><D134/><U110/><E110/><V25/><F25/><W2/><G105/><T33/><D67/><U117/><E117/><V116/><F116/><W71/><G71/><T19/><D70/><U112/><E112/><V84/><F12/><W107/><G107/><T14/><D81/><U48/><E94/><V20/><F20/><W104/><G104/><T95/><D79/><U103/><E103/><V44/><F63/><W46/><G43/><T61/><D61/><U21/><E8/><V57/><F57/><W128/><G128/><N who="1" m="49194" /><E62/><V29/><F29/><W80/><G56/><T100/><D99/><U106/><E106/><V9/><F47/><W101/><G101/><T121/><D121/><U60/><E60/><V109/><F11/><W102/><G102/><T66/><D66/><U59/><E68/><V6/><F6/><W50/><G7/><T98/><D98/><U26/><E132/><V31/><F31/><W45/><G2/><T28/><D33/><U133/><E133/><V34/><F34/><W13/><G23/><T39/><D39/><U82/><E82/><N who="2" m="45327" /><F109/><W58/><G36/><AGARI ba="0,0" hai="1,4,9,36,40,44,64,65,84,85,86" m="45327" machi="36" ten="30,1000,0" yaku="25,1" doraHai="129" who="2" fromWho="3" sc="104,0,310,0,205,10,381,-10" /><INIT seed="6,0,0,5,3,90" ten="104,310,215,371" oya="2" hai0="75,107,37,64,24,22,2,43,72,117,40,41,53" hai1="114,57,73,21,55,9,104,27,81,67,38,95,71" hai2="20,65,83,4,103,25,66,61,14,102,110,74,99" hai3="76,93,123,129,132,35,85,97,26,62,52,28,100"/><V8/><F110/><W39/><G39/><T56/><D2/><U101/><E114/><V128/><F128/><W133/><G123/><T94/><D117/><U36/><E104/><V15/><F103/><W60/><G129/><T78/><D107/><U11/><E71/><V86/><F74/><W80/><REACH who="3" step="1"/><G52/><REACH who="3" ten="104,310,215,361" step="2"/><T98/><D37/><U58/><E36/><V54/><F54/><W31/><G31/><T3/><D53/><U96/><E38/><V12/><F66/><W77/><G77/><T30/><D78/><U34/><E67/><V6/><F6/><W124/><G124/><T112/><D112/><U111/><E111/><V82/><F65/><W105/><G105/><T47/><D47/><U19/><E58/><V120/><F120/><W134/><AGARI ba="0,1" hai="26,28,35,60,62,76,80,85,93,97,100,132,133,134" machi="134" ten="30,8000,1" yaku="1,1,0,1,20,1,52,1,53,1" doraHai="90" doraHaiUra="23" who="3" fromWho="3" sc="104,-20,310,-20,215,-40,361,90" /><INIT seed="7,0,0,2,5,111" ten="84,290,175,451" oya="3" hai0="43,103,62,57,1,20,35,6,69,65,87,126,27" hai1="23,13,93,79,8,86,99,60,18,71,106,38,36" hai2="88,132,61,11,77,96,58,95,115,39,83,131,16" hai3="30,98,68,14,59,120,2,133,73,67,105,44,84"/><W101/><G59/><T52/><D126/><U119/><E106/><V134/><F115/><W89/><G14/><T25/><D103/><U40/><E119/><V9/><F131/><W110/><G44/><T80/><D43/><U108/><E108/><V45/><F39/><W55/><G55/><T24/><D35/><U26/><E40/><V47/><F47/><W49/><G49/><T29/><D6/><U21/><E21/><V4/><F45/><W64/><G89/><T94/><D94/><U85/><E38/><V54/><F16/><W116/><G84/><T102/><D102/><U46/><E36/><V124/><F124/><W90/><G90/><T117/><D1/><U53/><E71/><V107/><F107/><W118/><G98/><T104/><D104/><U82/><E86/><V97/><F97/><W127/><G101/><T22/><D117/><U112/><E112/><V48/><F61/><W76/><G127/><T32/><D32/><U41/><E41/><V42/><F42/><W128/><G118/><T113/><D113/><U33/><E33/><V56/><F56/><W31/><G68/><T78/><REACH who="0" step="1"/><D29/><REACH who="0" ten="74,290,175,451" step="2"/><U129/><E93/><N who="2" m="56359" /><F4/><W92/><G116/><T37/><D37/><U34/><E34/><V122/><F95/><W7/><G92/><T121/><D121/><U17/><E99/><V50/><F122/><W72/><G120/><T74/><D74/><U109/><E85/><V125/><F125/><W19/><G72/><T70/><D70/><U100/><E100/><V75/><F75/><W91/><G73/><T12/><D12/><U81/><E13/><RYUUKYOKU ba="0,1" sc="74,30,290,-10,175,-10,451,-10" hai0="20,22,24,25,27,52,57,62,65,69,78,80,87" owari="104,-40.0,280,8.0,165,-23.0,451,55.0" /></mjloggm>