<mjloggm ver="2.3"><GO type="169" lobby="0"/><UN n0="%E3%82%AB%E3%82%B6%E3%83%A9%E3%82%AD" n1="%E9%AB%98%E6%A9%8B%E6%B7%B3" n2="%E3%81%86%E3%81%AA%E3%81%8E%E9%BA%BA" n3="%E3%81%94%E3%82%8B%E3%81%A3" dan="18,16,16,16" rate="2213.06,2143.95,2091.86,2145.04" sx="M,M,M,M"/><TAIKYOKU oya="0"/><INIT seed="0,0,0,0,0,75" ten="250,250,250,250" oya="0" hai0="81,59,56,79,123,60,69,12,50,117,116,11,103" hai1="47,25,30,6,77,113,53,13,93,76,42,29,101" hai2="24,14,112,96,128,2,61,108,110,131,0,55,32" hai3="72,23,58,89,135,40,4,118,82,91,63,3,83"/><T64/><D123/><U41/><E113/><V78/><F96/><W5/><G118/><T36/><D36/><U18/><E6/><V109/><F55/><W98/><G135/><T133/><D133/><U20/><E53/><V119/><F61/><W92/><G40/><N who="1" m="15466" /><E47/><V127/><F78/><N who="1" m="30313" /><E13/><V45/><F45/><W111/><G72/><T105/><D117/><U90/><E101/><V57/><F57/><W126/><G4/><T97/><D116/><U44/><E44/><V130/><F119/><W28/><G5/><T132/><D132/><U66/><E66/><V48/><F48/><W86/><G3/><T100/><D100/><U88/><E88/><V71/><F71/><W74/><G74/><T7/><REACH who="0" step="1"/><D50/><REACH who="0" ten="240,250,250,250" step="2"/><U121/><E121/><V120/><F120/><W51/><G51/><T106/><D106/><U125/><E125/><V10/><F127/><W46/><G126/><T94/><D94/><U122/><E122/><V73/><F112/><W49/><G92/><T129/><D129/><U39/><E39/><V95/><F95/><W1/><G49/><T87/><AGARI ba="0,1" hai="7,11,12,56,59,60,64,69,79,81,87,97,103,105" machi="87" ten="20,12000,1" yaku="1,1,0,1,7,1,52,1,53,1" doraHai="75" doraHaiUra="67" who="0" fromWho="0" sc="240,130,250,-40,250,-40,250,-40" /><INIT seed="0,1,0,1,1,132" ten="370,210,210,210" oya="0" hai0="68,20,21,105,0,118,17,82,39,25,116,119,2" hai1="103,27,10,71,87,112,29,5,9,81,90,110,135" hai2="34,76,63,113,125,75,30,57,124,60,13,80,18" hai3="7,33,14,32,41,85,62,64,45,38,52,123,73"/><T35/><D39/><U86/><E135/><V67/><F113/><W69/><G73/><T102/><D68/><U126/><E71/><V42/><F42/><W130/><G130/><T108/><D82/><U54/><E110/><V128/><F128/><W83/><G123/><T11/><D102/><U72/><E72/><V12/><F13/><W88/><G7/><T8/><D105/><U92/><E112/><V4/><F4/><W97/><G14/><T78/><D78/><U3/><E10/><N who="0" m="3625" /><D35/><U95/><E54/><V79/><F76/><W26/><G26/><N who="0" m="14607" /><D108/><U93/><E103/><V48/><F48/><W66/><G66/><T44/><D44/><U96/><E96/><V91/><F91/><W101/><REACH who="3" step="1"/><G52/><REACH who="3" ten="370,210,210,200" step="2"/><T107/><D107/><AGARI ba="1,1" hai="32,33,38,41,45,62,64,69,83,85,88,97,101,107" machi="107" ten="30,8000,1" yaku="1,1,2,1,7,1,54,1,53,1" doraHai="132" doraHaiUra="84" who="3" fromWho="0" sc="370,-83,210,0,210,0,200,93" /><INIT seed="1,0,0,5,1,115" ten="287,210,210,293" oya="1" hai0="12,7,66,127,120,94,2,13,77,78,81,90,65" hai1="93,17,73,91,129,26,70,69,8,84,112,107,86" hai2="117,28,104,72,130,85,1,75,57,44,32,133,46" hai3="33,119,55,111,51,0,54,131,124,71,114,63,64"/><U110/><E112/><V36/><F57/><W108/><G114/><T5/><D127/><U35/><E73/><V39/><F85/><W60/><G33/><T31/><D31/><U43/><E129/><V4/><F4/><W83/><G0/><T22/><D2/><U47/><E110/><N who="3" m="42026" /><G83/><T18/><D120/><U101/><E35/><V80/><F1/><W56/><G131/><T37/><D37/><U106/><E86/><V62/><F62/><W135/><G124/><T61/><D81/><U76/><E76/><N who="0" m="29289" /><D5/><U29/><E29/><V58/><F58/><N who="3" m="33119" /><G135/><T49/><D49/><U113/><E113/><V126/><F126/><W3/><G3/><T59/><D7/><U45/><E45/><V123/><F46/><W48/><G63/><T121/><D121/><U52/><E106/><V19/><F133/><W40/><G40/><T50/><D50/><U25/><E107/><V118/><F104/><W67/><G67/><N who="0" m="39359" /><D12/><U95/><E43/><V10/><F130/><W99/><G99/><AGARI ba="0,0" hai="13,18,22,65,66,90,94,99" m="39359,29289" machi="99" ten="30,1000,0" yaku="8,1" doraHai="115" who="0" fromWho="3" sc="287,10,210,0,210,0,293,-10" /><INIT seed="2,0,0,3,1,95" ten="297,210,210,283" oya="2" hai0="93,53,125,72,46,106,50,113,118,116,124,103,78" hai1="2,108,65,83,127,40,9,100,69,111,32,16,109" hai2="31,17,60,7,0,75,1,5,48,56,131,70,29" hai3="88,22,39,35,3,42,62,21,41,45,71,4,117"/><V34/><F75/><W58/><G117/><N who="0" m="45163" /><D106/><U37/><E32/><V129/><F48/><W133/><G35/><T49/><D49/><U64/><E127/><N who="0" m="48713" /><D78/><U112/><E112/><V20/><F70/><W87/><G133/><T57/><D72/><U91/><E2/><N who="2" m="1131" /><F56/><W54/><G42/><T102/><D113/><U132/><E132/><V135/><F60/><W126/><G126/><T120/><D120/><U28/><E69/><V18/><F135/><W30/><G30/><N who="2" m="11273" /><F34/><W80/><G71/><T14/><D57/><U24/><E109/><V68/><F68/><W51/><G39/><T44/><D44/><U6/><E37/><V85/><F85/><W123/><G123/><T94/><D14/><U15/><E108/><V101/><F101/><AGARI ba="0,0" hai="46,50,53,93,94,101,102,103" m="48713,45163" machi="101" ten="30,2000,0" yaku="12,1,18,1" doraHai="95" who="0" fromWho="2" sc="297,20,210,0,210,-20,283,0" /><INIT seed="3,0,0,1,0,29" ten="317,210,190,283" oya="3" hai0="89,28,134,113,48,58,114,49,13,83,85,15,45" hai1="34,118,10,132,86,101,84,6,53,105,47,56,38" hai2="97,9,57,39,108,77,124,106,37,73,36,127,4" hai3="27,75,1,88,19,54,120,94,119,22,128,129,25"/><W117/><G120/><T121/><D121/><U12/><E132/><V125/><F108/><W80/><G1/><T65/><D134/><U96/><E118/><V30/><F30/><W0/><G0/><T35/><D65/><U99/><E34/><V110/><F110/><W50/><G27/><N who="0" m="18847" /><D58/><U111/><E111/><V71/><F71/><W91/><G75/><T2/><D2/><U76/><E76/><V42/><F57/><W135/><G80/><T63/><D63/><U16/><E99/><V20/><F20/><W103/><G103/><T14/><D45/><U21/><E47/><V122/><F122/><W93/><G93/><T41/><D41/><U104/><E38/><V79/><F42/><W98/><G91/><T18/><D18/><U3/><REACH who="1" step="1"/><E104/><REACH who="1" ten="317,200,190,283" step="2"/><V31/><F77/><W64/><G135/><T74/><D74/><U51/><AGARI ba="0,1" hai="3,6,10,12,16,21,51,53,56,84,86,96,101,105" machi="51" ten="20,8000,1" yaku="1,1,2,1,0,1,7,1,54,1,53,0" doraHai="29" doraHaiUra="24" who="1" fromWho="1" sc="317,-20,200,90,190,-20,283,-40" /><INIT seed="4,0,0,2,3,127" ten="297,290,170,243" oya="0" hai0="78,21,39,38,36,24,2,133,95,51,63,134,42" hai1="91,16,29,6,17,122,84,7,67,87,71,30,125" hai2="128,8,62,102,85,58,34,22,121,124,13,19,56" hai3="70,98,57,45,86,118,0,94,60,64,120,111,89"/><T61/><D2/><U82/><E122/><V25/><F121/><W131/><G111/><T92/><D78/><U104/><E104/><V53/><F124/><W83/><G118/><T106/><D106/><U90/><E125/><V18/><F34/><W105/><G120/><T1/><D1/><U77/><E71/><V103/><F128/><W107/><G0/><T114/><D51/><U20/><E20/><V9/><F9/><W5/><G5/><T66/><D42/><U65/><E77/><V81/><REACH who="2" step="1"/><F58/><REACH who="2" ten="297,290,160,243" step="2"/><W109/><G131/><T31/><D114/><U126/><E126/><V40/><F40/><W132/><G109/><T35/><D35/><U15/><E82/><V59/><F59/><W26/><G132/><N who="0" m="50795" /><D63/><U54/><E15/><V3/><F3/><W108/><G108/><T4/><D4/><U48/><E48/><V37/><F37/><W115/><G115/><T112/><D112/><U135/><E135/><V101/><F101/><W41/><G70/><AGARI ba="0,1" hai="21,24,31,36,38,39,61,66,70,92,95" m="50795" machi="70" ten="40,2000,0" yaku="20,1" doraHai="127" who="0" fromWho="3" sc="297,30,290,0,160,0,243,-20" /><INIT seed="4,1,0,0,5,95" ten="327,290,160,223" oya="0" hai0="51,53,122,89,24,106,36,78,108,19,37,109,1" hai1="31,69,132,0,2,10,121,112,42,126,104,5,7" hai2="96,111,102,52,123,47,38,128,124,90,33,100,86" hai3="3,46,6,131,4,120,43,80,34,74,18,39,66"/><T16/><D122/><U13/><E69/><V130/><F33/><W67/><G120/><T25/><D1/><U105/><E121/><V8/><F123/><W107/><G131/><N who="2" m="50217" /><F111/><N who="0" m="42570" /><D78/><U99/><E126/><V134/><F124/><W97/><G34/><T63/><D63/><U44/><E132/><V49/><F38/><N who="0" m="14954" /><D89/><U50/><E112/><V81/><F134/><W29/><G29/><T41/><D41/><U103/><E31/><V28/><F28/><W88/><G18/><N who="0" m="6699" /><D106/><U113/><E113/><V61/><F61/><W118/><G118/><T87/><D87/><U22/><E22/><V12/><F96/><W91/><G91/><T110/><N who="0" m="42578" /><T56/><AGARI ba="1,0" hai="24,25,51,53,56" m="6699,14954,42578" machi="56" ten="50,9600,0" yaku="4,1,10,1,54,1" doraHai="95" who="0" fromWho="0" sc="327,99,290,-33,160,-33,223,-33" /><INIT seed="4,2,0,1,3,23" ten="426,257,127,190" oya="0" hai0="91,15,132,5,103,128,133,67,8,25,99,29,131" hai1="112,44,111,76,43,21,46,102,71,72,48,57,40" hai2="9,17,10,86,82,105,61,28,16,116,120,92,22" hai3="51,68,19,87,93,14,18,127,63,7,75,30,73"/><T55/><D91/><U33/><E33/><V89/><F105/><W109/><G109/><T36/><D67/><U119/><E71/><V41/><F120/><W37/><G37/><T104/><D55/><U78/><E119/><V27/><F116/><W31/><G127/><T26/><D36/><U0/><E0/><V135/><F135/><N who="0" m="51786" /><D29/><U66/><E72/><V83/><F41/><W58/><G68/><T13/><D15/><U62/><E102/><V20/><F61/><W121/><G121/><T12/><D13/><U98/><E98/><V114/><F114/><W59/><G7/><T97/><D99/><U81/><E112/><V38/><F38/><W126/><G19/><T84/><D84/><U11/><E66/><V50/><F50/><W56/><G73/><T129/><AGARI ba="2,0" hai="5,8,12,25,26,97,103,104,128,129,131" m="51786" machi="129" ten="40,12000,1" yaku="19,1,20,1,52,2" doraHai="23" who="0" fromWho="0" sc="426,126,257,-42,127,-42,190,-42" /><INIT seed="4,3,0,3,2,6" ten="552,215,85,148" oya="0" hai0="15,120,77,105,23,59,91,97,35,102,45,124,41" hai1="65,126,25,2,81,18,44,11,86,13,74,29,88" hai2="89,10,7,62,115,75,52,56,24,90,61,60,99" hai3="27,122,133,63,112,70,14,40,8,50,101,132,1"/><T121/><D35/><U16/><E126/><V48/><F75/><W72/><G72/><T47/><D124/><U33/><E2/><V51/><F115/><W46/><G112/><T117/><D117/><U80/><E65/><V28/><F51/><W3/><G122/><T66/><D77/><U0/><E0/><V119/><F119/><W125/><G125/><T36/><D47/><U69/><E69/><V22/><REACH who="2" step="1"/><F99/><REACH who="2" ten="552,215,75,148" step="2"/><W12/><G132/><T9/><D97/><U71/><E74/><V118/><F118/><W129/><G133/><T54/><D121/><U19/><E71/><V17/><F17/><W84/><G70/><T100/><D120/><U107/><E107/><V32/><F32/><W5/><G84/><T131/><D105/><U64/><E18/><V4/><F4/><W114/><G114/><T106/><D106/><U73/><E19/><V55/><F55/><W109/><G50/><T37/><D54/><U43/><E73/><V134/><F134/><W111/><G5/><T58/><D36/><U87/><E87/><V94/><F94/><W53/><G53/><T98/><D98/><U38/><E64/><V104/><F104/><W42/><G42/><T128/><D41/><U113/><E113/><V26/><F26/><W76/><G27/><T82/><D37/><U135/><E135/><V95/><F95/><AGARI ba="3,1" hai="11,13,16,25,29,33,38,43,44,80,81,86,88,95" machi="95" ten="30,7700,0" yaku="7,1,52,1,54,2" doraHai="6" who="1" fromWho="2" sc="552,0,215,96,75,-86,148,0" owari="552,65.0,311,11.0,-11,-51.0,148,-25.0" /></mjloggm>