<mjloggm ver="2.3"><GO type="185" lobby="0"/><UN n0="%73%68%6F%72%74%79" n1="%E5%85%A5%E5%B7%A3%E6%9F%9A%E5%AE%9F" n2="%E5%A4%A7%E5%92%8C%E6%A1%9C" n3="" dan="16,17,17,0" rate="2187.66,2243.93,2325.27,1500.00" sx="M,F,F,C"/><TAIKYOKU oya="0"/><INIT seed="0,0,0,4,3,44" ten="350,350,350,0" oya="0" hai0="92,134,62,118,122,95,61,116,120,94,86,32,74" hai1="90,100,121,80,63,103,49,79,48,47,67,128,99" hai2="78,112,93,60,34,101,56,68,45,52,82,81,77" hai3=""/><T129/><N who="0" m="30752" /><T37/><N who="0" m="31264" /><T1/><D1/><U40/><N who="1" m="31008" /><U54/><E128/><V64/><F112/><T76/><D32/><U72/><E90/><V108/><F108/><T53/><D129/><U115/><E115/><V65/><F34/><T42/><D74/><U98/><E98/><V38/><F65/><T124/><D124/><U109/><E109/><V51/><F101/><T132/><D42/><U133/><E133/><N who="0" m="51305" /><D37/><U130/><E99/><V70/><F93/><T69/><D69/><U58/><REACH who="1" step="1"/><E130/><REACH who="1" ten="350,340,350,0" step="2"/><V127/><F127/><T87/><D118/><U66/><E66/><V114/><F114/><T96/><D96/><U135/><E135/><V102/><F102/><T57/><D116/><U117/><E117/><V106/><F106/><T97/><D97/><U71/><AGARI ba="0,1" hai="40,47,48,49,54,58,63,67,71,72,79,80,100,103" m="31008" machi="71" ten="20,9000,2" yaku="1,1,0,1,7,1,52,3,53,1" doraHai="44" doraHaiUra="36" who="1" fromWho="1" sc="350,-60,340,100,350,-30,0,0" /><INIT seed="1,0,0,5,0,126" ten="290,440,320,0" oya="1" hai0="118,101,117,121,36,100,2,82,65,45,34,107,68" hai1="44,42,83,113,58,40,111,38,37,74,64,52,72" hai2="90,80,106,61,93,134,87,54,128,122,92,49,88" hai3=""/><U135/><E113/><V85/><N who="2" m="31264" /><V124/><F124/><T33/><N who="0" m="31008" /><T108/><D2/><U115/><E115/><V125/><F125/><T133/><D108/><U60/><E135/><V62/><F106/><T119/><D133/><U130/><E111/><V86/><F134/><T73/><D65/><U76/><E130/><V0/><F128/><T116/><D68/><U94/><E94/><V66/><F66/><T109/><D109/><U102/><E102/><N who="0" m="39529" /><D107/><U112/><E112/><V3/><F3/><T50/><D36/><U123/><N who="1" m="31520" /><U53/><E74/><V104/><F104/><T89/><N who="0" m="29696" /><DORA hai="55" /><T95/><D82/><U41/><E41/><V129/><F129/><T99/><D73/><U132/><E132/><V67/><F67/><T1/><D1/><U47/><AGARI ba="0,0" hai="37,38,40,42,44,47,52,53,58,60,64,72,76,83" m="31520" machi="47" ten="30,8000,1" yaku="0,1,9,1,52,2,54,1" doraHai="126,55" who="1" fromWho="1" sc="290,-40,440,80,320,-40,0,0" /><INIT seed="1,1,0,2,3,129" ten="250,520,280,0" oya="1" hai0="42,33,91,81,59,111,39,97,69,61,55,101,83" hai1="133,58,3,89,56,45,94,120,109,131,85,67,72" hai2="123,128,117,34,32,104,66,98,80,132,87,71,114" hai3=""/><U96/><N who="1" m="30752" /><U127/><E131/><V92/><N who="2" m="31520" /><V60/><F128/><T84/><D33/><U130/><E127/><V93/><F117/><T37/><D111/><U118/><E118/><V110/><F110/><T40/><D69/><U79/><E130/><V68/><F114/><T0/><D0/><U52/><E133/><V64/><F104/><T113/><D113/><U134/><E134/><V126/><F126/><T70/><D70/><U116/><E3/><V53/><F132/><T99/><D81/><U76/><E72/><V125/><F125/><T105/><D97/><U112/><E112/><V103/><F92/><T44/><D40/><U65/><E116/><V2/><F2/><T63/><REACH who="0" step="1"/><D61/><REACH who="0" ten="240,520,280,0" step="2"/><U121/><N who="1" m="31008" /><U124/><E109/><V38/><F38/><AGARI ba="1,1" hai="37,38,39,42,44,55,59,63,83,84,91,99,101,105" machi="38" ten="30,2000,0" yaku="1,1,7,1,53,0" doraHai="129" doraHaiUra="90" who="0" fromWho="2" sc="240,32,520,0,280,-22,0,0" /><INIT seed="2,0,0,3,1,133" ten="272,520,258,0" oya="2" hai0="85,124,45,96,84,66,95,115,134,62,89,68,83" hai1="77,78,54,88,99,102,39,55,80,38,86,125,67" hai2="94,37,50,53,47,91,41,56,72,34,111,104,116" hai3=""/><V131/><F116/><T106/><D134/><U126/><E67/><V90/><F34/><T100/><D115/><U52/><E78/><V65/><F104/><T114/><D114/><U1/><E77/><V43/><F131/><T81/><D45/><U33/><E1/><V74/><F111/><T3/><D3/><U128/><E128/><V48/><F91/><T121/><N who="0" m="31008" /><T79/><REACH who="0" step="1"/><D124/><REACH who="0" ten="262,520,258,0" step="2"/><N who="1" m="47723" /><E33/><V49/><F65/><T0/><D0/><U76/><E76/><V107/><F107/><AGARI ba="0,1" hai="62,66,68,79,81,83,84,85,89,95,96,100,106,107" m="31008" machi="107" ten="40,5200,0" yaku="1,1,52,1,53,1" doraHai="133" doraHaiUra="97" who="0" fromWho="2" sc="262,62,520,0,258,-52,0,0" /><AGARI ba="0,0" hai="38,39,52,54,55,80,86,88,99,102,107" m="47723" machi="107" ten="30,12000,2" yaku="18,1,52,3,54,2" doraHai="133" who="1" fromWho="2" sc="324,0,520,120,206,-120,0,0" /><INIT seed="4,0,0,0,2,80" ten="324,640,86,0" oya="0" hai0="93,32,126,73,121,74,82,115,109,83,120,52,90" hai1="108,41,75,122,46,100,61,99,35,68,42,133,119" hai2="63,111,72,58,64,38,89,98,117,128,102,124,92" hai3=""/><T85/><N who="0" m="30752" /><T71/><N who="0" m="31008" /><T59/><D32/><U95/><N who="1" m="31264" /><U65/><E108/><V96/><F111/><T135/><D109/><U134/><E119/><V104/><F38/><T2/><D2/><U101/><E75/><V125/><F117/><T48/><D115/><U116/><E116/><V131/><REACH who="2" step="1"/><F72/><REACH who="2" ten="324,640,76,0" step="2"/><T81/><D74/><U114/><E35/><V103/><F103/><T130/><D73/><U132/><E101/><V51/><F51/><T87/><D135/><U37/><E114/><V107/><F107/><T66/><D130/><AGARI ba="0,1" hai="58,63,64,89,92,96,98,102,104,124,125,128,130,131" machi="130" ten="40,2600,0" yaku="1,1,19,1,53,0" doraHai="80" doraHaiUra="112" who="2" fromWho="0" sc="324,-26,640,0,76,36,0,0" /><INIT seed="5,0,0,3,0,103" ten="298,640,112,0" oya="1" hai0="43,130,126,102,1,110,60,36,92,127,118,122,55" hai1="93,121,35,134,63,51,90,32,80,96,37,98,2" hai2="77,53,48,89,91,61,128,45,87,49,41,129,64" hai3=""/><U79/><N who="1" m="31008" /><U81/><E37/><V56/><F77/><T135/><N who="0" m="31264" /><T97/><D1/><U75/><E2/><V58/><F89/><T114/><D110/><U78/><E134/><V132/><F132/><T85/><D135/><U104/><E51/><V65/><F91/><T112/><D130/><N who="2" m="50282" /><F87/><T83/><D118/><U113/><E63/><V120/><N who="2" m="30752" /><V84/><F84/><T119/><D119/><U70/><E70/><V94/><F94/><T33/><D33/><U42/><E42/><V73/><F73/><T47/><D85/><U59/><E59/><V109/><F109/><T52/><D83/><U108/><E98/><V69/><F69/><T125/><D60/><U101/><E108/><V106/><F106/><T131/><D131/><U40/><E104/><V74/><F74/><T57/><D57/><U107/><E75/><V116/><F116/><T99/><D99/><U38/><E96/><V72/><F72/><T44/><D97/><U3/><E35/><V71/><F71/><T124/><D124/><U115/><E32/><V67/><AGARI ba="0,0" hai="41,45,48,49,53,56,58,61,64,65,67" m="30752,50282" machi="67" ten="30,5900,0" yaku="19,1,34,2,52,1" doraHai="103" who="2" fromWho="2" sc="298,-20,640,-39,112,59,0,0" /><INIT seed="6,0,0,2,0,87" ten="278,601,171,0" oya="2" hai0="84,76,79,102,133,34,55,105,69,60,48,122,33" hai1="126,75,114,95,32,41,78,121,116,58,2,39,85" hai2="125,93,132,74,115,82,64,66,88,91,96,97,89" hai3=""/><V40/><F115/><T129/><N who="0" m="31264" /><T61/><D105/><U135/><E85/><V49/><F132/><T73/><D73/><U118/><E95/><V107/><F125/><T130/><D102/><U100/><E58/><V45/><F107/><T112/><D112/><U71/><E41/><V56/><F97/><T63/><D69/><U51/><E51/><V94/><F94/><T42/><D42/><U3/><E78/><N who="0" m="29737" /><D84/><U67/><E67/><V123/><N who="2" m="31520" /><V35/><F35/><T104/><D104/><U92/><E92/><V83/><F74/><T36/><D36/><U127/><E100/><V113/><F113/><T52/><D133/><U53/><E126/><V46/><F46/><T128/><D55/><U37/><E53/><V57/><F66/><T86/><D86/><U0/><E0/><V124/><F124/><T109/><D109/><U81/><E3/><V44/><F44/><AGARI ba="0,0" hai="33,34,44,48,52,60,61,63,128,129,130" m="29737,31264" machi="44" ten="40,5200,0" yaku="19,1,52,1,54,1" doraHai="87" who="0" fromWho="2" sc="278,52,601,0,171,-52,0,0" owari="330,-7.0,601,55.0,119,-48.0,0,0.0" /></mjloggm>