<mjloggm ver="2.3"><GO type="225" lobby="0"/><UN n0="%E3%81%84%E3%81%A1%E3%81%9E%E3%81%86" n1="%E5%8D%A0%E3%81%84%E5%B8%AB%E8%A3%8F%E3%81%AA%E3%81%84%E3%81%97" n2="%E9%98%BF%E9%83%A8%E5%AF%9B%EF%BC%A0%E9%B3%B3%E5%8D%93" n3="%E3%82%8C%E3%81%99%E3%81%93" dan="17,16,16,16" rate="2103.11,2192.27,2080.40,2109.79" sx="M,M,F,F"/><TAIKYOKU oya="0"/><INIT seed="0,0,0,0,3,25" ten="250,250,250,250" oya="0" hai0="47,21,65,44,45,57,116,106,124,98,54,125,76" hai1="11,63,26,75,28,128,50,0,93,53,61,37,2" hai2="81,85,19,104,68,14,24,43,62,4,46,78,97" hai3="89,9,49,17,64,105,133,5,91,41,80,30,132"/><T67/><D76/><U115/><E37/><V94/><F104/><W66/><G105/><T83/><D83/><U84/><E128/><V32/><F68/><W36/><G36/><T120/><D98/><U79/><E75/><V22/><F62/><W71/><G17/><T18/><D106/><U29/><E115/><V99/><F94/><W101/><G101/><T110/><D116/><U35/><E2/><V3/><F3/><W121/><G121/><T38/><D120/><U40/><E40/><V122/><F122/><W51/><G71/><T6/><D6/><U95/><E0/><V109/><F109/><W114/><G80/><T117/><D117/><U16/><E79/><V134/><F134/><W102/><G102/><T60/><D110/><U31/><E35/><V58/><F58/><W48/><G41/><N who="0" m="22583" /><D18/><U82/><E93/><V123/><F123/><W13/><G114/><T69/><D21/><N who="1" m="13607" /><E11/><V118/><F118/><W100/><G100/><T15/><D15/><U27/><E27/><V39/><REACH who="2" step="1"/><F4/><REACH who="2" ten="250,250,240,250" step="2"/><W127/><G133/><T90/><D69/><U52/><E82/><V72/><F72/><W107/><G132/><T113/><D113/><U87/><E95/><V20/><F20/><W103/><G107/><T96/><D47/><N who="1" m="27743" /><E63/><V129/><F129/><W70/><G70/><T74/><D74/><U130/><E130/><V33/><F33/><W77/><G5/><T56/><D45/><U92/><E92/><V1/><F1/><W55/><G9/><T42/><D60/><U86/><E61/><V88/><F88/><W73/><G91/><T119/><D90/><RYUUKYOKU ba="0,1" sc="250,-15,250,15,240,15,250,-15" hai1="28,29,31,53,84,86,87" hai2="14,19,22,24,32,39,43,46,78,81,85,97,99" /><INIT seed="1,1,1,2,1,17" ten="235,265,255,235" oya="1" hai0="35,97,109,34,89,70,122,124,14,123,16,116,30" hai1="50,45,71,98,115,1,56,41,119,27,96,43,19" hai2="133,53,103,86,79,54,87,104,0,80,26,42,10" hai3="49,134,52,37,114,81,32,29,88,74,65,72,105"/><U6/><E115/><V18/><F133/><W67/><G114/><T4/><D116/><U94/><E71/><V3/><F42/><W5/><G37/><T23/><D70/><U31/><E119/><V62/><F86/><W90/><G105/><T48/><D109/><U100/><E1/><V131/><F131/><W11/><G134/><T112/><D112/><U132/><E132/><V9/><F0/><W101/><G101/><T129/><D129/><U24/><E6/><V12/><F62/><W84/><G90/><T59/><D4/><U46/><E56/><V91/><F3/><W107/><G107/><T126/><D48/><U135/><E135/><V64/><F64/><W127/><G127/><N who="0" m="48683" /><D59/><U57/><E57/><V33/><F9/><W102/><G102/><T28/><D97/><U61/><E61/><V95/><F33/><N who="0" m="12298" /><D89/><U58/><E58/><V7/><F7/><W108/><G108/><T66/><D66/><U85/><E85/><V128/><F128/><W40/><G65/><T75/><D75/><U82/><E96/><N who="2" m="61543" /><F26/><N who="3" m="18487" /><G67/><T51/><D51/><U73/><E27/><V20/><F91/><W106/><G74/><T22/><D28/><U83/><E31/><V39/><F39/><W76/><G72/><T38/><D38/><N who="1" m="21687" /><E73/><V111/><F111/><W93/><G88/><T77/><D77/><U63/><E63/><V117/><F117/><W8/><G76/><T60/><D60/><U68/><E68/><V44/><F79/><W69/><G5/><T99/><D99/><U78/><E78/><V125/><F125/><W118/><G69/><T21/><D30/><RYUUKYOKU ba="1,1" sc="235,15,265,15,255,-15,235,-15" hai0="14,16,21,22,23,122,123" hai1="19,24,43,46,50,82,83,94,98,100" /><INIT seed="1,2,1,4,2,81" ten="250,280,240,220" oya="1" hai0="46,52,87,107,123,115,22,35,59,31,37,111,84" hai1="3,57,14,125,69,75,131,96,109,33,32,28,82" hai2="11,54,42,61,90,110,93,113,45,80,99,133,95" hai3="112,116,119,50,34,121,94,106,4,9,74,70,114"/><U1/><E69/><V77/><F110/><W86/><G70/><T126/><D115/><U102/><E109/><V25/><F113/><W16/><G121/><T38/><D35/><U124/><E131/><V122/><F122/><W66/><G106/><T103/><D111/><U72/><E14/><V5/><F133/><W64/><G74/><N who="1" m="28202" /><E82/><V91/><F25/><W10/><G34/><N who="1" m="13418" /><E57/><V12/><F80/><W27/><G114/><T43/><D123/><U88/><E88/><V60/><F77/><W98/><G112/><T68/><D68/><U65/><E28/><V62/><F54/><W101/><G50/><T108/><D38/><U20/><E20/><V104/><F104/><W73/><G73/><T41/><D108/><U55/><E55/><V49/><F61/><W36/><G36/><T13/><D31/><U24/><E24/><V23/><F23/><N who="3" m="13799" /><G10/><T76/><D22/><U79/><E65/><N who="3" m="25194" /><G9/><T17/><D13/><U56/><E56/><V132/><F132/><W89/><G4/><T118/><D17/><U44/><E44/><V83/><F83/><W18/><G18/><T63/><D46/><U71/><E79/><V21/><F21/><W67/><N who="3" m="25202" /><W40/><DORA hai="47" /><G40/><T130/><D41/><U15/><E15/><V134/><F134/><W92/><G92/><T117/><D43/><U128/><E71/><V2/><F2/><N who="1" m="521" /><E128/><V51/><F49/><W8/><G8/><T6/><D130/><U127/><E127/><V19/><F19/><W58/><G58/><T135/><D59/><U26/><E26/><V97/><AGARI ba="2,1" hai="5,11,12,42,45,51,60,62,90,91,93,95,97,99" machi="97" ten="20,8000,1" yaku="0,1,7,1,9,1,8,1,52,1" doraHai="81,47" who="2" fromWho="2" sc="250,-22,280,-42,240,96,220,-22" /><INIT seed="2,0,0,4,1,85" ten="228,238,336,198" oya="2" hai0="113,9,94,18,99,35,116,57,115,88,70,0,100" hai1="108,103,125,31,79,45,129,72,131,83,91,117,27" hai2="61,44,76,41,34,126,36,14,118,73,11,5,16" hai3="110,54,75,66,67,37,43,114,65,95,12,21,135"/><V19/><F118/><W49/><G75/><T51/><D70/><U60/><E108/><V15/><F34/><W106/><G106/><T6/><D116/><U28/><E117/><V102/><F126/><W32/><G32/><T58/><D35/><U23/><E125/><V25/><F102/><W78/><G110/><T123/><D123/><U59/><E103/><V134/><F134/><W1/><G1/><T130/><D130/><N who="1" m="49675" /><E45/><V50/><F61/><W22/><G135/><T71/><D71/><U112/><E112/><V119/><F119/><W39/><G114/><T84/><D18/><N who="1" m="12791" /><E91/><V17/><F36/><W89/><G78/><T90/><D90/><U29/><E29/><V56/><F56/><W52/><G54/><AGARI ba="0,0" hai="28,31,54,59,60,72,79,83" m="12791,49675" machi="54" ten="30,1000,0" yaku="19,1" doraHai="85" who="1" fromWho="3" sc="228,0,238,10,336,0,198,-10" /><INIT seed="3,0,0,4,1,81" ten="228,248,336,188" oya="3" hai0="72,134,7,126,88,62,118,51,98,76,105,48,107" hai1="46,53,100,50,36,123,108,103,109,23,117,93,99" hai2="13,60,16,65,110,84,25,42,19,34,102,96,131" hai3="9,20,120,33,130,54,128,64,94,90,86,41,45"/><W27/><G120/><T14/><D118/><U32/><E123/><V89/><F42/><W85/><G33/><T12/><D72/><U78/><E32/><V71/><F110/><N who="1" m="42601" /><E78/><V124/><F124/><W29/><G64/><T17/><D76/><U11/><E117/><V77/><F77/><W3/><G54/><T97/><D17/><U75/><E75/><V56/><F13/><W6/><REACH who="3" step="1"/><G86/><REACH who="3" ten="228,248,336,178" step="2"/><T133/><D126/><U80/><E53/><V121/><F121/><W49/><AGARI ba="0,1" hai="3,6,9,20,27,29,41,45,49,85,90,94,128,130" machi="49" ten="30,11700,0" yaku="1,1,2,1,0,1,52,1,53,0" doraHai="81" doraHaiUra="73" who="3" fromWho="3" sc="228,-39,248,-39,336,-39,178,127" owari="189,-31.0,209,-19.0,297,10.0,305,40.0" /></mjloggm>