<mjloggm ver="2.3"><GO type="185" lobby="0"/><UN n0="%E6%B8%AF%E5%8D%97%E3%83%9C%E3%83%BC%E3%82%A4" n1="%E8%B6%85%E7%B5%B6%E5%82%99%E9%95%B7%E7%82%AD" n2="%E5%AE%88%E9%8A%AD%E5%A5%B4" n3="" dan="16,16,16,0" rate="2130.44,2087.06,2193.33,1500.00" sx="M,M,M,C"/><TAIKYOKU oya="0"/><INIT seed="0,0,0,4,5,131" ten="350,350,350,0" oya="0" hai0="101,80,50,88,120,73,43,84,81,74,97,134,103" hai1="69,98,32,112,51,83,105,114,106,62,38,63,116" hai2="113,45,108,54,133,76,71,49,64,102,128,115,90" hai3=""/><T77/><N who="0" m="30752" /><T56/><D134/><U117/><E38/><V37/><F102/><T41/><D74/><U35/><E98/><V89/><F76/><T0/><D0/><U33/><E51/><V46/><F128/><T111/><D111/><U68/><E83/><V87/><F108/><T61/><D103/><U135/><E35/><V44/><F133/><AGARI ba="0,0" hai="32,33,62,63,68,69,105,106,112,114,116,117,133,135" machi="133" ten="25,6400,0" yaku="22,2,52,2" doraHai="131" who="1" fromWho="2" sc="350,0,350,64,350,-64,0,0" /><INIT seed="1,0,0,1,0,61" ten="350,414,286,0" oya="1" hai0="54,63,95,32,66,51,126,110,79,42,125,127,103" hai1="107,60,45,72,46,49,43,3,44,117,124,116,69" hai2="87,96,123,56,57,131,134,34,33,62,55,48,52" hai3=""/><U97/><E72/><V77/><N who="2" m="31520" /><V83/><F134/><T73/><D32/><U37/><E3/><V88/><F131/><T81/><D110/><U93/><E107/><V1/><F1/><T91/><D103/><U106/><E106/><V84/><F96/><T76/><D42/><U115/><E115/><V118/><F118/><T75/><D79/><U92/><E92/><AGARI ba="0,0" hai="33,34,48,52,55,56,57,62,77,83,84,87,88,92" m="31520" machi="92" ten="30,7700,0" yaku="7,1,52,1,54,2" doraHai="61" who="2" fromWho="1" sc="350,0,414,-77,286,77,0,0" /><INIT seed="2,0,0,3,3,60" ten="350,337,363,0" oya="2" hai0="133,111,66,135,2,38,81,96,33,116,55,100,103" hai1="131,93,37,101,129,92,46,32,72,97,99,76,126" hai2="52,36,114,69,80,102,79,125,71,84,118,61,130" hai3=""/><V57/><F118/><T51/><D116/><U43/><E32/><V63/><F114/><T132/><D33/><U89/><E126/><V68/><F125/><T39/><D111/><U41/><E41/><V40/><F130/><T0/><D81/><U78/><E72/><V91/><F102/><T112/><D112/><U77/><AGARI ba="0,0" hai="37,43,46,76,77,78,89,92,93,97,99,101,129,131" machi="77" ten="30,800,0" yaku="0,1" doraHai="60" who="1" fromWho="1" sc="350,-3,337,8,363,-5,0,0" /><INIT seed="4,0,0,5,1,85" ten="347,345,358,0" oya="0" hai0="43,78,115,2,56,33,34,106,50,35,48,83,71" hai1="72,76,134,102,41,130,101,96,131,36,124,125,123" hai2="70,122,103,92,117,107,68,61,84,121,114,32,37" hai3=""/><T100/><D71/><U135/><N who="1" m="31520" /><U51/><E36/><V104/><N who="2" m="31008" /><V110/><N who="2" m="31264" /><V52/><F110/><T81/><D2/><U47/><E76/><V46/><F32/><T0/><D0/><U77/><E77/><V74/><F74/><T120/><N who="0" m="30752" /><T127/><D127/><N who="1" m="48715" /><E72/><V40/><F117/><T90/><D115/><U113/><E113/><V64/><F114/><T94/><D106/><U62/><E62/><V91/><F70/><T88/><D78/><U98/><E98/><V55/><F103/><N who="1" m="39433" /><E96/><V82/><F82/><T118/><D118/><U63/><E63/><V38/><REACH who="2" step="1"/><F38/><REACH who="2" ten="347,345,348,0" step="2"/><T86/><D100/><U3/><E3/><V67/><F67/><T93/><D34/><U109/><E109/><V108/><F108/><T126/><D126/><U112/><E112/><V87/><F87/><T116/><D116/><U66/><E66/><V99/><F99/><T49/><D33/><U42/><E42/><V1/><F1/><T45/><D35/><U54/><E41/><V80/><F80/><T59/><D81/><U95/><E95/><V58/><F58/><N who="0" m="22058" /><D83/><U75/><E75/><V60/><F60/><T132/><D43/><U65/><E65/><V128/><F128/><AGARI ba="0,1" hai="47,51,54,128,130,131,134,135" m="39433,48715,31520" machi="128" ten="40,8000,1" yaku="30,2,19,1,18,1,52,1" doraHai="85" who="1" fromWho="2" sc="347,0,345,90,348,-80,0,0" /><INIT seed="5,0,0,0,3,127" ten="347,435,268,0" oya="1" hai0="33,104,52,42,122,65,62,1,64,125,81,48,58" hai1="60,80,46,94,68,3,45,107,36,133,59,84,115" hai2="74,100,76,70,97,90,95,131,92,69,66,101,111" hai3=""/><U96/><E107/><V105/><F111/><T79/><N who="0" m="31264" /><T118/><D125/><U126/><E68/><V41/><F41/><T72/><D33/><U114/><E126/><V57/><F131/><T0/><D104/><U2/><E133/><V112/><F112/><N who="1" m="43049" /><E96/><V88/><F57/><T47/><REACH who="0" step="1"/><D118/><REACH who="0" ten="337,435,268,0" step="2"/><U54/><E3/><AGARI ba="0,1" hai="0,1,3,42,47,48,52,58,62,64,65,72,79,81" m="31264" machi="3" ten="40,8000,1" yaku="1,1,2,1,52,1,54,1,53,0" doraHai="127" doraHaiUra="99" who="0" fromWho="1" sc="337,90,435,-80,268,0,0,0" /><INIT seed="6,0,0,1,4,55" ten="427,355,268,0" oya="2" hai0="109,131,67,72,35,115,89,88,1,121,114,127,92" hai1="120,132,78,87,84,125,66,107,3,119,124,133,76" hai2="73,106,32,56,110,57,37,79,39,64,59,44,80" hai3=""/><V104/><F32/><T98/><N who="0" m="31008" /><T43/><D109/><U112/><N who="1" m="30752" /><U0/><E66/><V45/><F110/><T126/><D35/><U90/><E107/><V2/><F2/><N who="1" m="553" /><E112/><N who="0" m="43049" /><D1/><U102/><E102/><V50/><F64/><T122/><N who="0" m="31264" /><T130/><D72/><U100/><E100/><V93/><F93/><T103/><D67/><U117/><E78/><V63/><F63/><T105/><D43/><U71/><E76/><V46/><REACH who="2" step="1"/><F50/><REACH who="2" ten="427,355,258,0" step="2"/><T85/><D89/><U69/><E90/><V36/><AGARI ba="0,1" hai="36,37,39,44,45,46,56,57,59,73,79,80,104,106" machi="36" ten="40,16000,3" yaku="1,1,2,1,0,1,29,2,52,3,53,0" doraHai="55" doraHaiUra="48" who="2" fromWho="2" sc="427,-80,355,-80,258,170,0,0" owari="347,-5.0,275,-32.0,428,37.0,0,0.0" /></mjloggm>