<mjloggm ver="2.3"><GO type="185" lobby="0"/><UN n0="%E3%83%AA%E3%83%BC%E3%83%81%E3%83%89%E3%83%A9%33" n1="%43%72%65%2E%43" n2="%E5%A4%A9%E3%83%B6%E7%80%AC%E5%A5%88%E6%9C%88" n3="" dan="17,18,16,0" rate="2240.47,2324.46,2261.31,1500.00" sx="M,F,F,C"/><TAIKYOKU oya="0"/><INIT seed="0,0,0,3,4,72" ten="350,350,350,0" oya="0" hai0="95,48,92,63,1,99,91,62,90,33,51,126,32" hai1="50,122,116,117,37,135,81,100,41,80,106,67,128" hai2="104,49,64,112,2,69,86,71,121,85,78,36,130" hai3=""/><T101/><D1/><U132/><N who="1" m="31264" /><U73/><E37/><V89/><N who="2" m="31008" /><V68/><F2/><T123/><N who="0" m="31520" /><T127/><REACH who="0" step="1"/><D99/><REACH who="0" ten="340,350,350,0" step="2"/><U119/><E119/><V61/><F112/><T124/><D124/><U118/><E118/><V102/><F130/><T83/><D83/><U93/><E128/><V76/><F68/><T53/><D53/><U47/><E81/><V0/><F71/><T108/><D108/><U70/><E80/><V57/><F0/><T96/><D96/><U40/><E116/><V107/><F69/><T3/><D3/><U34/><E117/><V45/><F64/><T87/><D87/><U59/><E70/><V88/><F86/><T98/><D98/><U35/><E67/><V134/><F85/><T131/><D131/><U44/><E34/><V54/><F54/><T52/><D52/><U94/><E35/><V129/><F129/><T42/><D42/><U125/><E40/><V105/><F104/><T79/><D79/><U58/><E106/><V114/><F105/><T60/><D60/><U111/><E41/><V39/><F107/><T56/><D56/><U74/><E111/><V43/><F57/><T97/><D97/><U65/><E65/><V46/><F43/><T110/><D110/><RYUUKYOKU ba="0,1" sc="340,20,350,-10,350,-10,0,0" hai0="32,33,48,51,62,63,90,91,92,95,101,126,127" /><INIT seed="0,1,1,5,5,98" ten="360,340,340,0" oya="0" hai0="37,77,131,100,42,135,105,79,71,59,36,109,54" hai1="80,35,133,48,96,61,97,41,81,113,69,40,95" hai2="33,67,83,126,52,91,53,39,60,90,64,102,0" hai3=""/><T125/><D125/><U132/><E35/><V1/><F126/><T129/><D135/><N who="1" m="51787" /><E113/><V112/><F112/><T94/><D71/><U110/><E110/><V122/><N who="2" m="31264" /><V70/><F33/><T2/><D105/><U119/><E119/><V128/><F39/><T45/><D36/><U88/><E97/><V46/><F128/><N who="0" m="49226" /><D2/><U118/><E118/><V62/><F83/><N who="1" m="31817" /><E48/><V115/><F115/><T58/><D109/><U50/><E50/><V56/><F46/><T84/><D59/><U116/><E116/><V57/><REACH who="2" step="1"/><F70/><REACH who="2" ten="360,340,330,0" step="2"/><T93/><D45/><U121/><N who="1" m="31008" /><U78/><E78/><V51/><F51/><T63/><D79/><U72/><E72/><V75/><F75/><T43/><D37/><U123/><N who="1" m="31520" /><U34/><E34/><V55/><F55/><T82/><D77/><U76/><E76/><V65/><F65/><AGARI ba="1,2" hai="40,41,61,65,69,88,95,96" m="31520,31008,31817,51787" machi="65" ten="30,7700,0" yaku="20,1,52,2,54,1" doraHai="98" who="1" fromWho="2" sc="360,0,340,99,330,-79,0,0" /><INIT seed="1,0,0,4,0,54" ten="360,439,251,0" oya="1" hai0="59,41,134,35,77,51,113,60,1,99,83,46,117" hai1="80,42,107,127,37,89,116,93,91,135,123,131,112" hai2="129,122,67,48,2,0,36,104,86,88,105,52,62" hai3=""/><U124/><N who="1" m="31520" /><U53/><E112/><V125/><N who="2" m="31264" /><V33/><F33/><T70/><D1/><U64/><E116/><V49/><F36/><T61/><D35/><U76/><E107/><V96/><F129/><T97/><D113/><U100/><E64/><V92/><F125/><T65/><D134/><U32/><E32/><V84/><F49/><T75/><REACH who="0" step="1"/><D117/><REACH who="0" ten="350,439,251,0" step="2"/><U115/><E115/><V58/><F0/><T43/><D43/><U71/><E42/><V126/><F2/><T87/><D87/><U45/><E135/><V40/><F40/><T101/><D101/><U130/><E100/><V63/><F126/><T94/><D94/><U81/><E93/><V103/><F86/><T74/><D74/><U82/><E124/><V114/><F114/><T106/><D106/><U110/><E127/><V38/><F105/><T55/><AGARI ba="0,1" hai="41,46,51,55,59,60,61,65,70,75,77,83,97,99" machi="55" ten="20,3900,0" yaku="1,1,0,1,7,1,52,1,53,0" doraHai="54" doraHaiUra="119" who="0" fromWho="0" sc="350,49,439,-26,251,-13,0,0" /><INIT seed="2,0,0,1,5,49" ten="399,413,238,0" oya="2" hai0="126,98,125,118,113,91,106,77,52,117,32,48,107" hai1="57,34,123,122,94,62,54,90,134,114,2,0,72" hai2="69,132,130,35,36,33,110,55,112,73,96,68,135" hai3=""/><V88/><F112/><T40/><D32/><N who="2" m="12362" /><F36/><T93/><D40/><U83/><N who="1" m="31264" /><U128/><N who="1" m="31520" /><U3/><E34/><V92/><F73/><T56/><D77/><U74/><E114/><V38/><F38/><T99/><D113/><U64/><E134/><N who="2" m="51243" /><F130/><T53/><D53/><U129/><E64/><V76/><F76/><T133/><D133/><U43/><E43/><V61/><F110/><T119/><REACH who="0" step="1"/><D99/><REACH who="0" ten="389,413,238,0" step="2"/><U65/><E129/><V37/><F37/><T103/><D103/><U81/><E128/><V79/><F79/><T66/><D66/><U41/><E65/><V95/><F95/><T50/><D50/><U75/><REACH who="1" step="1"/><E41/><REACH who="1" ten="389,403,238,0" step="2"/><V59/><AGARI ba="0,2" hai="55,59,61,68,69,88,92,96" m="51243,12362" machi="59" ten="40,5200,0" yaku="20,1,52,1,54,1" doraHai="49" who="2" fromWho="2" sc="389,-26,403,-26,238,72,0,0" /><INIT seed="2,1,0,2,3,54" ten="363,377,310,0" oya="2" hai0="111,37,123,93,91,96,95,92,3,59,60,100,89" hai1="47,114,120,72,124,0,85,75,118,49,79,40,127" hai2="38,81,71,112,132,131,77,42,56,86,106,110,45" hai3=""/><V129/><F112/><T43/><N who="0" m="31520" /><T67/><D3/><U36/><N who="1" m="30752" /><U121/><N who="1" m="31008" /><U53/><E114/><V2/><F2/><T128/><D111/><U32/><E0/><V34/><F34/><T90/><D128/><U122/><N who="1" m="31264" /><U55/><E32/><V52/><F71/><T68/><D37/><U98/><E118/><V70/><F70/><T44/><REACH who="0" step="1"/><D68/><REACH who="0" ten="353,377,310,0" step="2"/><U119/><E119/><V73/><F110/><T50/><AGARI ba="1,1" hai="43,44,50,59,60,67,89,90,91,92,93,95,96,100" m="31520" machi="50" ten="30,9000,2" yaku="1,1,2,1,0,1,8,1,52,2,53,1" doraHai="54" doraHaiUra="61" who="0" fromWho="0" sc="353,102,377,-31,310,-61,0,0" /><INIT seed="4,0,0,1,2,54" ten="455,346,249,0" oya="0" hai0="44,62,107,36,131,88,112,84,59,49,64,119,134" hai1="110,90,51,102,47,48,72,79,127,95,114,32,52" hai2="118,75,106,92,82,0,68,87,109,71,111,67,123" hai3=""/><T35/><D119/><U57/><E110/><V77/><N who="2" m="31520" /><V66/><F0/><T120/><N who="0" m="30752" /><T135/><D35/><U73/><E32/><V80/><F106/><T43/><D131/><U40/><E127/><V108/><F118/><T76/><D107/><U63/><E102/><V81/><F92/><T96/><D112/><U130/><E130/><V97/><F97/><T93/><D76/><U58/><E79/><V113/><F113/><T3/><D3/><U50/><E114/><V133/><F133/><N who="0" m="50698" /><D36/><U124/><E124/><V39/><F39/><T37/><D37/><U128/><E128/><V60/><REACH who="2" step="1"/><F75/><REACH who="2" ten="455,346,239,0" step="2"/><T94/><D94/><U33/><E33/><V41/><F41/><T105/><D105/><U98/><REACH who="1" step="1"/><E50/><REACH who="1" ten="455,336,239,0" step="2"/><V46/><F46/><T61/><D61/><AGARI ba="0,2" hai="60,61,66,67,68,71,77,80,81,82,87,108,109,111" m="31520" machi="61" ten="40,5200,0" yaku="1,1,9,1,52,1,53,0" doraHai="54" doraHaiUra="125" who="2" fromWho="0" sc="455,-52,336,0,239,72,0,0" /><INIT seed="5,0,0,0,5,118" ten="403,336,311,0" oya="1" hai0="3,80,67,65,40,78,117,44,84,89,43,69,81" hai1="109,86,134,77,107,133,98,101,121,74,128,55,0" hai2="88,48,130,116,129,73,49,56,52,115,64,87,125" hai3=""/><U131/><N who="1" m="31008" /><U110/><E0/><V76/><F116/><T123/><N who="0" m="31520" /><T75/><D3/><U114/><E114/><V120/><N who="2" m="30752" /><V111/><F111/><N who="1" m="42505" /><E74/><V95/><F115/><T1/><D1/><U104/><E104/><V36/><F36/><T94/><D117/><U46/><E55/><V79/><F125/><T38/><D43/><U97/><E97/><V61/><F49/><T132/><D132/><N who="1" m="50795" /><E46/><V59/><REACH who="2" step="1"/><F73/><REACH who="2" ten="403,336,301,0" step="2"/><T127/><D127/><U106/><E106/><V72/><F72/><T90/><REACH who="0" step="1"/><D69/><REACH who="0" ten="393,336,301,0" step="2"/><U82/><AGARI ba="0,2" hai="77,82,86,98,101,107,128,131" m="50795,42505,31008" machi="82" ten="40,12000,2" yaku="10,1,20,1,34,2,52,2" doraHai="118" who="1" fromWho="1" sc="393,-60,336,140,301,-60,0,0" /><INIT seed="5,1,0,4,3,66" ten="333,476,241,0" oya="1" hai0="86,89,74,83,1,50,53,81,42,118,44,102,54" hai1="100,38,40,135,106,129,45,88,0,122,115,58,36" hai2="131,49,37,56,73,92,64,116,69,65,52,99,77" hai3=""/><U55/><N who="1" m="31264" /><U80/><E0/><V70/><F116/><T97/><D1/><U95/><E115/><V91/><F131/><T119/><D74/><U117/><E117/><N who="0" m="44553" /><D83/><U35/><E35/><V39/><F65/><T101/><D101/><U51/><E135/><V123/><N who="2" m="31520" /><V128/><F128/><T75/><D75/><U124/><E124/><V57/><F57/><T87/><D87/><U130/><E80/><V96/><F96/><T47/><D44/><U82/><E82/><V72/><F77/><T134/><D134/><U78/><E78/><V93/><F73/><T112/><D112/><U127/><E100/><V103/><F72/><T41/><D42/><U98/><E40/><V67/><F103/><T61/><D61/><U71/><E45/><V120/><N who="2" m="30752" /><V62/><F93/><AGARI ba="1,0" hai="41,47,50,53,54,81,86,89,93,97,102" m="44553" machi="93" ten="30,1000,0" yaku="12,1" doraHai="66" who="0" fromWho="2" sc="333,12,476,0,241,-12,0,0" /><INIT seed="6,0,0,2,4,46" ten="345,476,229,0" oya="2" hai0="116,98,114,54,106,82,127,38,134,112,108,103,48" hai1="123,78,68,76,75,95,118,115,45,63,124,34,43" hai2="80,132,88,53,0,61,3,51,52,37,87,85,84" hai3=""/><V93/><F132/><T131/><D116/><U73/><N who="1" m="31520" /><U99/><E34/><V70/><F37/><T64/><D108/><U74/><E68/><V122/><N who="2" m="31264" /><V92/><F92/><T111/><D111/><U120/><N who="1" m="30752" /><U66/><E115/><N who="0" m="44073" /><D127/><U77/><E124/><V36/><F36/><T47/><D131/><U72/><E72/><V42/><F42/><T33/><D33/><U44/><E118/><V121/><N who="2" m="31008" /><V56/><F70/><T86/><D64/><U89/><E43/><V91/><F84/><T79/><D38/><U117/><E117/><V2/><F0/><T104/><D134/><U94/><E94/><AGARI ba="0,0" hai="47,48,54,79,82,86,94,98,103,104,106" m="44073" machi="94" ten="30,3900,0" yaku="15,1,11,1,52,1" doraHai="46" who="0" fromWho="1" sc="345,39,476,-39,229,0,0,0" owari="384,-2.0,437,39.0,229,-37.0,0,0.0" /></mjloggm>