<mjloggm ver="2.3"><GO type="169" lobby="0"/><UN n0="%73%68%6F%6B%6F%6C%61%32" n1="%6D%61%74%6F%30%36%30%33" n2="%50%65%74%65%72%50%61%6E" n3="%E5%A4%A9%E5%A5%B3%E3%81%A1%E3%82%83%E3%82%93%2A%E2%8C%92%E2%98%86" dan="17,17,16,16" rate="2136.64,2230.86,2110.49,2123.53" sx="M,M,M,F"/><TAIKYOKU oya="0"/><INIT seed="0,0,0,1,5,104" ten="250,250,250,250" oya="0" hai0="25,98,53,77,15,14,47,70,38,41,115,88,113" hai1="33,0,127,89,24,39,64,130,59,50,34,35,49" hai2="116,11,27,52,32,124,96,86,23,45,95,36,74" hai3="54,61,29,13,118,92,46,125,75,68,85,133,97"/><T58/><D70/><U66/><E39/><V81/><F32/><W128/><G118/><T114/><D77/><U94/><E0/><V82/><F124/><W122/><G125/><T8/><D25/><U91/><E127/><V131/><F131/><W93/><G128/><T42/><D42/><U62/><E130/><V19/><F116/><W117/><G117/><T111/><D111/><U134/><E134/><V3/><F36/><W2/><G2/><T1/><D1/><U57/><E24/><V69/><F69/><W26/><G133/><T100/><D8/><U103/><E103/><V79/><F3/><W20/><G75/><T99/><D99/><U18/><E18/><V90/><F11/><W9/><G122/><T31/><D31/><U87/><E91/><V12/><F27/><W106/><G85/><T83/><D83/><U37/><E37/><V67/><F67/><W132/><G132/><T43/><D43/><U65/><REACH who="1" step="1"/><E62/><REACH who="1" ten="250,240,250,250" step="2"/><V101/><F101/><W80/><G61/><T55/><D88/><U108/><E108/><V30/><F30/><W73/><G26/><T51/><REACH who="0" step="1"/><D55/><REACH who="0" ten="240,240,250,250" step="2"/><U56/><AGARI ba="0,2" hai="33,34,35,49,50,56,57,59,64,65,66,87,89,94" machi="56" ten="40,8000,1" yaku="1,1,0,1,29,2,53,0" doraHai="104" doraHaiUra="123" who="1" fromWho="1" sc="240,-40,240,100,250,-20,250,-20" /><INIT seed="1,0,0,4,4,68" ten="200,340,230,230" oya="1" hai0="52,1,108,120,102,71,124,92,49,32,119,15,37" hai1="76,86,126,41,87,128,14,80,11,45,16,25,81" hai2="121,31,5,4,110,116,21,10,106,59,103,17,135" hai3="36,122,7,77,99,3,117,75,35,93,60,79,40"/><U94/><E126/><V127/><F116/><W113/><G113/><T118/><D1/><U30/><E94/><V23/><F121/><W33/><G122/><T56/><D120/><U2/><E2/><V105/><F127/><W88/><G117/><T73/><D73/><U62/><E62/><V50/><F110/><W18/><G18/><T43/><D124/><U44/><E41/><V69/><F69/><W91/><G91/><T19/><D32/><U27/><E128/><V8/><F31/><W112/><G60/><T123/><D108/><U58/><E58/><V74/><F74/><W83/><G79/><T96/><D71/><U57/><E57/><V20/><F17/><W98/><G98/><T47/><REACH who="0" step="1"/><D123/><REACH who="0" ten="190,340,230,230" step="2"/><U13/><E13/><V22/><F135/><W6/><G112/><T107/><D107/><U24/><REACH who="1" step="1"/><E30/><REACH who="1" ten="190,330,230,230" step="2"/><V12/><F12/><W100/><G3/><T89/><D89/><AGARI ba="0,2" hai="11,14,16,24,25,27,44,45,76,80,81,86,87,89" machi="89" ten="40,12000,1" yaku="1,1,2,1,8,1,54,1,53,0" doraHai="68" doraHaiUra="65" who="1" fromWho="0" sc="190,-120,330,140,230,0,230,0" /><INIT seed="1,1,0,1,0,0" ten="70,470,230,230" oya="1" hai0="55,109,20,27,61,112,104,9,18,135,48,37,133" hai1="5,87,74,59,23,108,52,84,1,129,125,120,50" hai2="8,132,89,17,134,110,56,39,3,106,19,11,101" hai3="40,26,80,97,66,63,73,71,78,49,115,77,79"/><U34/><E74/><V121/><F121/><W38/><G115/><T128/><D37/><U131/><E34/><V93/><F39/><W103/><G38/><T46/><D112/><U65/><E120/><V76/><F76/><W16/><G40/><T13/><D109/><U127/><E108/><V10/><F110/><W75/><G49/><T42/><D104/><U44/><E23/><V14/><F101/><W82/><G78/><T94/><D128/><N who="1" m="49227" /><E65/><V95/><F106/><W85/><G26/><T81/><D81/><U33/><E33/><V47/><F47/><W90/><G16/><N who="2" m="6217" /><F3/><W122/><G122/><T51/><D61/><U114/><E44/><V117/><F117/><W2/><G2/><T6/><REACH who="0" step="1"/><D94/><REACH who="0" ten="60,470,230,230" step="2"/><U107/><E107/><V29/><F95/><W68/><G80/><T118/><D118/><U113/><E114/><V64/><F93/><W67/><G75/><T53/><D53/><U105/><E105/><V99/><F64/><W92/><REACH who="3" step="1"/><G73/><REACH who="3" ten="60,470,230,220" step="2"/><T4/><D4/><U60/><E113/><V57/><F134/><W30/><G30/><T35/><D35/><U31/><E31/><V58/><F132/><W22/><G22/><T15/><D15/><U124/><E50/><V116/><F29/><W54/><G54/><T28/><D28/><U111/><E111/><V24/><F14/><W102/><G102/><T96/><D96/><U123/><E123/><V130/><F130/><W98/><G98/><T70/><D70/><U32/><E32/><V88/><F24/><W126/><G126/><T12/><D12/><U86/><E1/><V41/><F99/><RYUUKYOKU ba="1,2" sc="60,10,470,10,230,-30,220,10" hai0="6,9,13,18,20,27,42,46,48,51,55,133,135" hai1="5,52,59,60,84,86,87,124,125,127" hai3="63,66,67,68,71,77,79,82,85,90,92,97,103" /><INIT seed="1,2,2,4,5,67" ten="70,480,200,230" oya="1" hai0="123,77,101,124,115,117,36,102,111,28,49,51,125" hai1="96,81,128,99,93,130,66,2,100,22,60,127,87" hai2="116,6,45,38,33,110,3,122,15,74,114,43,97" hai3="29,94,55,11,95,82,58,92,30,19,1,76,86"/><U131/><E2/><V40/><F116/><W90/><G76/><T120/><D36/><U7/><E7/><V103/><F122/><N who="0" m="46634" /><D117/><U0/><E0/><V31/><F15/><N who="3" m="7679" /><G1/><T21/><D77/><U107/><E22/><V42/><F110/><W25/><G25/><N who="0" m="16431" /><D115/><U46/><E46/><V18/><F18/><W10/><G10/><T118/><D118/><U26/><E26/><V64/><F64/><W91/><G91/><T4/><D4/><U119/><E119/><V132/><F114/><W17/><G17/><T70/><D70/><U73/><E127/><N who="0" m="48713" /><D111/><U112/><E112/><V63/><F74/><W68/><G68/><T85/><D85/><U52/><E73/><V84/><F84/><W56/><G56/><T23/><D23/><U109/><E109/><V80/><F38/><W34/><G34/><T48/><AGARI ba="2,2" hai="48,49,51,101,102" m="48713,16431,46634" machi="48" ten="40,2700,0" yaku="13,1,18,1" doraHai="67" who="0" fromWho="0" sc="70,53,480,-15,200,-9,230,-9" /><INIT seed="2,0,0,2,1,98" ten="123,465,191,221" oya="2" hai0="15,14,111,76,85,35,58,50,21,102,44,40,67" hai1="91,127,11,126,99,3,20,4,61,135,120,113,132" hai2="118,89,46,104,108,112,128,130,29,17,41,84,119" hai3="64,82,26,65,62,110,48,97,38,121,133,101,87"/><V129/><F29/><W122/><G110/><T43/><D35/><U57/><E91/><V54/><F112/><W55/><G133/><N who="1" m="51274" /><E99/><V34/><F34/><W52/><G38/><T106/><D111/><U70/><E70/><V24/><F108/><W39/><G39/><T13/><D43/><U72/><E72/><V71/><F71/><W23/><G121/><T25/><D106/><U42/><E42/><V60/><F104/><W124/><G124/><N who="1" m="47658" /><E113/><V131/><F17/><W10/><G10/><T53/><D67/><N who="1" m="39343" /><E20/><V73/><F73/><W12/><G122/><AGARI ba="0,0" hai="3,4,11,120,122" m="39343,47658,51274" machi="122" ten="40,2600,0" yaku="20,1,18,1" doraHai="98" who="1" fromWho="3" sc="123,0,465,26,191,0,221,-26" /><INIT seed="3,0,0,0,5,33" ten="123,491,191,195" oya="3" hai0="75,128,104,3,55,112,11,15,85,10,113,109,56" hai1="99,58,59,102,69,114,134,71,103,117,20,73,131" hai2="90,87,94,106,79,83,110,101,43,19,77,38,115" hai3="132,4,54,95,12,105,67,84,116,28,63,0,86"/><W129/><G116/><T68/><D75/><U133/><E73/><V98/><F115/><N who="0" m="44106" /><D68/><N who="1" m="26187" /><E114/><V121/><F38/><W126/><G129/><T64/><D64/><U108/><E108/><V34/><F34/><W78/><G126/><T9/><D104/><U82/><E117/><V13/><F43/><W81/><G132/><N who="1" m="50794" /><E131/><V46/><F46/><W120/><G120/><T52/><D128/><U62/><E62/><V39/><F39/><W47/><G105/><T76/><D109/><U66/><E66/><V72/><F110/><W89/><G28/><T92/><D15/><U24/><E82/><N who="2" m="45351" /><F13/><W2/><G12/><T35/><D35/><U93/><E103/><V14/><F14/><W118/><G4/><N who="0" m="1183" /><D55/><U48/><E48/><V51/><F51/><W5/><G5/><T53/><D53/><U130/><E130/><V65/><F65/><W111/><G111/><T30/><D30/><AGARI ba="0,0" hai="20,24,30,58,59,93,99,102" m="50794,26187" machi="30" ten="30,1000,0" yaku="20,1" doraHai="33" who="1" fromWho="0" sc="123,-10,491,10,191,0,195,0" /><INIT seed="4,0,0,3,4,16" ten="113,501,191,195" oya="0" hai0="15,130,86,83,133,28,33,102,112,31,121,11,105" hai1="37,64,78,84,106,118,50,108,6,115,22,41,34" hai2="55,38,70,56,53,93,91,72,124,5,9,62,97" hai3="68,99,24,1,43,116,111,40,126,3,8,59,109"/><T103/><D121/><U65/><E106/><V61/><F124/><W87/><G116/><T18/><D112/><U67/><E34/><V129/><F129/><W119/><G119/><T66/><D130/><U92/><E6/><V71/><F72/><W30/><G68/><T54/><D66/><U17/><E37/><V48/><F38/><W2/><G126/><T114/><D114/><U42/><E115/><V100/><F100/><N who="0" m="38442" /><D33/><U0/><E0/><V75/><F75/><W96/><G8/><T79/><D105/><U76/><E108/><V122/><F122/><W52/><G87/><T77/><D77/><N who="1" m="29803" /><E50/><V128/><F128/><W125/><G125/><T127/><D127/><U89/><E118/><V23/><F23/><W20/><G111/><T104/><D104/><U4/><E4/><V95/><F95/><W132/><G132/><T107/><D107/><U44/><E44/><V69/><REACH who="2" step="1"/><F55/><REACH who="2" ten="113,501,181,195" step="2"/><W26/><G109/><T80/><D133/><U51/><E22/><V39/><F39/><W131/><G131/><T21/><D54/><U94/><E92/><V10/><F10/><W47/><G52/><T57/><D80/><U49/><E94/><V29/><F29/><W60/><G30/><T36/><D36/><U46/><E41/><V7/><F7/><W101/><G43/><T12/><D57/><U110/><E110/><V63/><F63/><W27/><G60/><T134/><D134/><U117/><E117/><V13/><AGARI ba="0,1" hai="5,9,13,48,53,56,61,62,69,70,71,91,93,97" machi="13" ten="30,4000,0" yaku="1,1,0,1,53,1" doraHai="16" doraHaiUra="88" who="2" fromWho="2" sc="113,-20,501,-10,181,50,195,-10" /><INIT seed="5,0,0,0,2,64" ten="93,491,231,185" oya="1" hai0="103,42,92,48,65,1,101,19,75,54,119,51,59" hai1="128,0,21,34,89,130,53,112,108,86,28,93,2" hai2="120,69,13,83,9,116,91,84,15,102,43,124,56" hai3="3,40,36,46,76,131,44,35,125,63,38,82,121"/><U17/><E112/><V26/><F116/><W123/><G131/><N who="1" m="50218" /><E108/><V113/><F120/><W11/><G35/><T7/><D75/><U90/><E53/><V80/><F113/><W122/><G125/><T87/><D1/><U117/><E117/><V25/><F124/><W18/><G63/><T32/><D32/><U23/><E90/><V115/><F115/><W74/><G18/><T37/><D7/><U79/><E79/><V39/><F102/><W16/><G16/><T10/><D37/><U70/><E70/><V107/><F107/><W71/><G71/><T85/><D65/><U72/><E72/><V45/><F69/><W78/><G78/><T58/><D119/><U57/><E57/><V94/><F15/><W49/><REACH who="3" step="1"/><G46/><REACH who="3" ten="93,491,231,175" step="2"/><T52/><D42/><U29/><E17/><V98/><F56/><W24/><G24/><T73/><D19/><U14/><E34/><V33/><F33/><W67/><G67/><T50/><D10/><U105/><E23/><V114/><F114/><W27/><G27/><T97/><D73/><U31/><E21/><V111/><F25/><W96/><G96/><T100/><REACH who="0" step="1"/><D51/><REACH who="0" ten="83,491,231,175" step="2"/><U133/><E31/><V77/><F9/><W81/><G81/><T22/><D22/><U60/><E29/><V62/><F83/><W66/><G66/><T134/><D134/><U8/><E28/><V129/><F80/><W118/><G118/><T106/><D106/><U4/><E133/><V135/><F135/><W30/><G30/><T61/><D61/><U5/><E60/><V12/><F62/><W55/><G55/><T41/><D41/><RYUUKYOKU ba="0,2" sc="83,15,491,-15,231,-15,175,15" hai0="48,50,52,54,58,59,85,87,92,97,100,101,103" hai3="3,11,36,38,40,44,49,74,76,82,121,122,123" /><INIT seed="6,1,2,5,3,94" ten="98,476,216,190" oya="2" hai0="56,127,118,37,7,92,40,55,69,47,57,102,113" hai1="31,106,98,10,34,134,131,49,60,50,96,79,38" hai2="87,13,68,126,20,76,41,103,97,35,27,116,123" hai3="3,23,52,48,46,22,114,82,24,63,1,129,25"/><V28/><F116/><W0/><G129/><T86/><D118/><U88/><E38/><V4/><F123/><W16/><G114/><T99/><D113/><U100/><E79/><V5/><F68/><W109/><G109/><T61/><D127/><U51/><E131/><V17/><F126/><W107/><G107/><T18/><D7/><U81/><E134/><V74/><F74/><W29/><G82/><T8/><D69/><U84/><E96/><V36/><F76/><W12/><REACH who="3" step="1"/><G63/><REACH who="3" ten="98,476,216,180" step="2"/><T39/><D39/><U21/><E60/><V125/><F125/><W120/><G120/><T19/><D86/><U122/><E84/><V111/><F87/><W115/><G115/><T91/><D8/><U77/><E106/><V133/><F111/><W101/><G101/><T53/><REACH who="0" step="1"/><D102/><REACH who="0" ten="88,476,216,180" step="2"/><U59/><E100/><V64/><F103/><W15/><AGARI ba="1,4" hai="0,1,3,12,15,16,22,23,24,25,29,46,48,52" machi="15" ten="40,12000,2" yaku="1,1,0,1,54,2,53,3" doraHai="94" doraHaiUra="33" who="3" fromWho="3" sc="88,-31,476,-31,216,-61,180,163" /><INIT seed="7,0,0,4,1,58" ten="57,445,155,343" oya="3" hai0="38,133,96,45,62,69,54,17,128,70,40,65,95" hai1="105,14,1,26,107,55,102,44,49,127,39,13,4" hai2="86,113,75,59,46,116,88,76,61,19,120,74,30" hai3="53,25,103,114,15,73,36,57,117,20,7,109,79"/><W85/><G117/><T112/><D133/><U135/><E135/><V81/><F116/><W27/><G114/><T31/><D128/><U24/><E1/><V77/><F113/><W89/><G109/><T60/><D112/><U35/><E39/><V37/><F120/><W99/><G36/><T130/><D130/><U110/><E110/><V52/><F30/><W118/><G118/><T84/><D31/><U123/><E123/><V119/><F119/><W34/><G34/><T18/><D84/><U6/><E35/><V12/><F75/><W101/><G79/><T22/><D22/><U67/><E67/><V83/><F37/><W28/><G73/><T41/><D41/><U100/><E49/><N who="2" m="28727" /><F74/><W80/><G99/><T11/><D11/><U42/><E55/><N who="2" m="34047" /><F83/><W10/><REACH who="3" step="1"/><G27/><REACH who="3" ten="57,445,155,333" step="2"/><T32/><D32/><U8/><E26/><V93/><F81/><W125/><G125/><T97/><D97/><U66/><E24/><V90/><F90/><W50/><AGARI ba="0,1" hai="7,10,15,20,25,28,50,53,57,80,85,89,101,103" machi="50" ten="20,12000,1" yaku="1,1,0,1,7,1,8,1,53,1" doraHai="58" doraHaiUra="47" who="3" fromWho="3" sc="57,-40,445,-40,155,-40,333,130" owari="17,-48.0,405,21.0,115,-28.0,463,55.0" /></mjloggm>