<mjloggm ver="2.3"><GO type="169" lobby="0"/><UN n0="%73%75%6E%72%69%67%68%74" n1="%E4%B8%83%E6%98%9F%E7%90%83" n2="%64%72%61%65%74%63" n3="%E8%B1%A1" dan="16,17,16,17" rate="2103.52,2101.72,2079.51,2172.48" sx="M,F,M,M"/><TAIKYOKU oya="0"/><INIT seed="0,0,0,3,3,45" ten="250,250,250,250" oya="0" hai0="69,27,31,83,6,80,118,10,88,18,12,11,48" hai1="63,72,56,37,59,38,14,60,78,26,135,113,66" hai2="119,24,79,125,19,42,122,94,33,74,77,82,111" hai3="127,34,102,73,57,123,98,103,46,0,32,39,25"/><T108/><D69/><U2/><E135/><V109/><F42/><W100/><G0/><T132/><D132/><U93/><E2/><V62/><F122/><W21/><G73/><T54/><D118/><U95/><E113/><V1/><F1/><W17/><G127/><T129/><D129/><U97/><E14/><V104/><F104/><W96/><G123/><T115/><D115/><U114/><E114/><V44/><F119/><W87/><G87/><T5/><D108/><U131/><E131/><V23/><F125/><W64/><G34/><T47/><D83/><U84/><E26/><V68/><F79/><W8/><G8/><T91/><D11/><U9/><E9/><V53/><F33/><W71/><G71/><T41/><D41/><U134/><E72/><V92/><F44/><W107/><G32/><T120/><D120/><U65/><E134/><V28/><F28/><W105/><G102/><T15/><D15/><U124/><E124/><V49/><F62/><W22/><G22/><N who="0" m="15863" /><D91/><U112/><E112/><V51/><F53/><W4/><G4/><T75/><D75/><U30/><E30/><V35/><F35/><W43/><G57/><T58/><D58/><U52/><E66/><AGARI ba="0,0" hai="17,21,25,39,43,46,64,66,96,98,100,103,105,107" machi="66" ten="40,1300,0" yaku="9,1" doraHai="45" who="3" fromWho="1" sc="250,0,250,-13,250,0,250,13" /><INIT seed="1,0,0,0,0,66" ten="250,237,250,263" oya="1" hai0="92,85,39,112,88,19,41,29,52,120,13,14,62" hai1="23,126,35,24,109,37,86,102,105,40,127,60,0" hai2="4,100,80,87,16,11,22,78,72,28,110,71,93" hai3="128,129,130,132,51,84,59,18,57,104,67,115,48"/><U77/><E0/><V65/><F110/><W10/><G104/><T6/><D112/><U76/><E35/><V27/><F65/><W117/><G115/><T96/><D120/><U131/><E131/><V121/><F121/><W34/><G34/><T81/><D29/><U116/><E116/><V7/><F71/><W54/><G117/><T98/><D39/><U89/><E109/><V123/><F123/><W83/><G132/><T135/><D41/><U21/><E23/><V33/><F72/><W75/><G75/><T30/><D30/><U79/><E60/><V134/><F134/><W36/><G36/><T55/><D135/><U32/><E32/><V1/><F4/><W125/><G125/><T68/><D68/><U31/><E102/><V50/><F50/><W74/><G74/><T119/><D119/><U111/><E105/><V12/><F93/><W118/><G118/><T17/><D98/><U46/><REACH who="1" step="1"/><E111/><REACH who="1" ten="250,227,250,263" step="2"/><V122/><F122/><W133/><G133/><T90/><D62/><U106/><E106/><V56/><F56/><W95/><G57/><T69/><D69/><U61/><E61/><V5/><F5/><W44/><G129/><T20/><D6/><U70/><E70/><V101/><AGARI ba="0,1" hai="1,7,11,12,16,22,27,28,33,78,80,87,100,101" machi="101" ten="30,7900,0" yaku="0,1,24,2,54,1" doraHai="66" who="2" fromWho="2" sc="250,-20,227,-39,250,89,263,-20" /><INIT seed="2,0,0,1,5,76" ten="230,188,339,243" oya="2" hai0="79,118,94,92,4,10,37,39,6,57,78,125,102" hai1="80,88,71,5,3,14,62,30,67,113,48,114,93" hai2="13,15,131,101,116,130,90,123,99,29,25,91,53" hai3="0,129,100,8,34,128,133,27,108,68,122,109,43"/><V23/><F116/><W19/><G68/><T63/><D125/><U124/><E3/><V127/><F123/><W84/><G43/><T11/><D57/><U2/><E124/><V105/><F127/><W117/><G100/><T104/><D63/><U36/><E36/><V56/><F13/><N who="3" m="7591" /><G84/><T64/><D102/><U20/><E2/><V54/><F15/><W95/><G95/><T38/><D38/><U24/><E48/><V89/><REACH who="2" step="1"/><F54/><REACH who="2" ten="230,188,329,243" step="2"/><W55/><G55/><T49/><D118/><U45/><E114/><V58/><F58/><W134/><G117/><T22/><D4/><U87/><E113/><V50/><AGARI ba="0,1" hai="23,25,29,50,53,56,89,90,91,99,101,105,130,131" machi="50" ten="30,6000,0" yaku="1,1,0,1,53,1" doraHai="76" doraHaiUra="46" who="2" fromWho="2" sc="230,-20,188,-20,329,70,243,-20" /><INIT seed="2,1,0,1,3,71" ten="210,168,399,223" oya="2" hai0="114,10,60,16,58,17,19,82,33,38,77,96,23" hai1="72,12,46,42,93,79,3,119,5,125,36,113,75" hai2="2,112,102,70,51,8,69,73,20,18,11,85,7" hai3="65,0,127,43,84,52,100,26,88,103,61,132,44"/><V13/><F73/><W6/><G127/><T87/><D114/><U21/><E113/><V78/><F112/><W25/><G132/><T62/><D33/><U63/><E119/><V128/><F128/><W49/><G6/><T101/><D10/><U92/><E125/><V130/><F130/><W59/><G0/><T48/><D38/><U131/><E131/><V105/><F102/><N who="3" m="38955" /><G43/><T64/><D48/><U129/><E63/><V90/><F105/><W32/><G32/><T27/><REACH who="0" step="1"/><D62/><REACH who="0" ten="200,168,399,223" step="2"/><U76/><E129/><V98/><F51/><W104/><G104/><AGARI ba="1,1" hai="16,17,19,23,27,58,60,64,77,82,87,96,101,104" machi="104" ten="30,7700,0" yaku="1,1,2,1,7,1,54,1,53,0" doraHai="71" doraHaiUra="120" who="0" fromWho="3" sc="200,90,168,0,399,0,223,-80" /><INIT seed="3,0,0,4,5,42" ten="290,168,399,143" oya="3" hai0="70,125,91,15,99,106,132,56,129,133,90,27,32" hai1="67,4,48,7,85,5,11,117,25,8,64,41,37" hai2="131,63,35,130,107,124,80,134,21,10,62,65,95" hai3="14,104,68,83,79,24,73,89,78,87,92,115,9"/><W121/><G68/><T98/><D70/><U105/><E37/><V76/><F35/><W49/><G121/><T123/><D123/><U126/><E105/><V28/><F107/><W118/><G118/><T135/><D56/><U19/><E126/><V100/><F124/><W103/><G115/><T30/><D125/><U128/><E128/><V43/><F43/><W71/><G71/><T102/><D129/><U54/><E41/><V72/><F63/><W57/><G24/><T44/><D98/><U77/><E117/><V0/><F134/><W45/><G57/><T3/><D3/><U6/><E85/><V120/><F10/><N who="1" m="3625" /><E77/><V82/><F82/><W47/><G49/><T52/><D15/><U101/><E101/><V1/><F1/><W94/><G94/><T55/><D55/><U127/><E127/><V66/><F66/><W112/><G78/><T60/><D60/><U22/><N who="1" m="1024" /><DORA hai="108" /><U2/><E2/><V110/><F0/><W33/><G33/><T39/><D39/><U51/><E51/><AGARI ba="0,0" hai="27,30,32,44,51,52,90,91,99,102,106,132,133,135" machi="51" ten="40,5200,0" yaku="20,1,52,1,54,1" doraHai="42,108" who="0" fromWho="1" sc="290,52,168,-52,399,0,143,0" /><INIT seed="4,0,0,4,2,20" ten="342,116,399,143" oya="0" hai0="85,23,91,133,55,16,66,18,9,65,86,28,72" hai1="14,37,57,98,22,114,79,60,76,17,102,30,34" hai2="89,11,59,82,113,88,97,109,111,107,118,67,62" hai3="2,80,43,119,135,64,27,123,124,10,122,108,4"/><T75/><D133/><U33/><E37/><V3/><F113/><W47/><G108/><T100/><D100/><U31/><E114/><V12/><F3/><W56/><G119/><T84/><D91/><U8/><E33/><V127/><F127/><W52/><G135/><T53/><D28/><U71/><E71/><V130/><F130/><W129/><G129/><T48/><D9/><U44/><E44/><V92/><F107/><W94/><G124/><T35/><D35/><U110/><E34/><V101/><F118/><W45/><G94/><T120/><D120/><N who="3" m="46121" /><G64/><T90/><D90/><U112/><E112/><V69/><F69/><W40/><G80/><T77/><D77/><U70/><E70/><V105/><F89/><W6/><G6/><T50/><D85/><U83/><E110/><V26/><F82/><W99/><G99/><T49/><D50/><U51/><E51/><V63/><F63/><N who="3" m="36231" /><G27/><T68/><REACH who="0" step="1"/><D68/><REACH who="0" ten="332,116,399,143" step="2"/><U7/><E83/><V61/><F101/><W1/><G2/><T21/><AGARI ba="0,1" hai="16,18,21,23,48,49,53,55,65,66,72,75,84,86" machi="21" ten="25,18000,2" yaku="1,1,2,1,0,1,22,2,54,1,53,0" doraHai="20" doraHaiUra="134" who="0" fromWho="0" sc="332,190,116,-60,399,-60,143,-60" /><INIT seed="4,1,0,5,4,79" ten="522,56,339,83" oya="0" hai0="85,27,88,33,133,65,58,76,9,100,78,38,105" hai1="107,61,11,75,60,23,26,54,53,0,70,25,86" hai2="69,97,126,35,111,55,18,44,77,106,127,19,64" hai3="110,34,36,116,84,56,128,2,42,124,14,112,51"/><T47/><D33/><U92/><E75/><V125/><F35/><W29/><G29/><T98/><D27/><U73/><E107/><V37/><F111/><W57/><G14/><T115/><D9/><U10/><E73/><V68/><F77/><W120/><G84/><T41/><D133/><U32/><E32/><V134/><F134/><W93/><G93/><T59/><D115/><U22/><E70/><N who="2" m="27243" /><F64/><W90/><G90/><T39/><D39/><U24/><E86/><V46/><F55/><W50/><G34/><T94/><D59/><U113/><E113/><V12/><F37/><W103/><G2/><T99/><D58/><U43/><E92/><V95/><F106/><W72/><G36/><T67/><D65/><U96/><E43/><V30/><F30/><W135/><G42/><T108/><D67/><U8/><E0/><V63/><F63/><N who="1" m="24137" /><E96/><V49/><F49/><W81/><G51/><T104/><D108/><U130/><E130/><V40/><F40/><W31/><G50/><T122/><D122/><U129/><E129/><V62/><F62/><W123/><G128/><T21/><D21/><AGARI ba="1,0" hai="8,10,11,21,22,23,24,25,26,53,54" m="24137" machi="21" ten="40,5200,0" yaku="28,2,8,1" doraHai="79" who="1" fromWho="0" sc="522,-55,56,55,339,0,83,0" /><INIT seed="5,0,0,2,5,91" ten="467,111,339,83" oya="1" hai0="48,58,25,50,44,59,47,53,78,22,70,80,129" hai1="14,35,66,130,88,56,127,102,84,125,13,6,95" hai2="60,101,98,34,63,17,74,7,107,62,65,28,71" hai3="90,57,40,105,111,82,87,19,113,117,38,108,33"/><U128/><E35/><V126/><F126/><N who="1" m="48137" /><E102/><V26/><F74/><W36/><G113/><T118/><D70/><U99/><E6/><V72/><F72/><W3/><G117/><T132/><D129/><N who="1" m="49771" /><E99/><V10/><REACH who="2" step="1"/><F17/><REACH who="2" ten="467,111,329,83" step="2"/><W89/><G19/><T133/><D118/><U106/><E106/><V51/><F51/><W37/><G105/><T112/><D48/><U77/><E77/><V20/><F20/><W119/><G119/><T27/><D50/><U94/><E94/><V116/><F116/><W4/><G38/><T1/><D22/><U29/><E29/><V69/><F69/><W73/><G37/><T85/><D78/><U2/><E2/><AGARI ba="0,1" hai="2,7,10,26,28,34,60,62,63,65,71,98,101,107" machi="2" ten="30,7700,0" yaku="1,1,7,1,25,2,53,0" doraHai="91" doraHaiUra="123" who="2" fromWho="1" sc="467,0,111,-77,329,87,83,0" /><INIT seed="6,0,0,3,4,34" ten="467,34,416,83" oya="2" hai0="108,132,74,81,1,56,48,111,126,112,78,17,101" hai1="25,7,11,71,37,14,85,89,2,55,59,113,107" hai2="15,133,3,72,124,84,104,91,92,115,26,28,47" hai3="45,135,79,57,131,90,77,102,5,18,67,64,42"/><V66/><F72/><W6/><G135/><T53/><D132/><U75/><E113/><V94/><F104/><W22/><G131/><T134/><D1/><U33/><E75/><V80/><F133/><W24/><G102/><T127/><D134/><U21/><E71/><V65/><F115/><W62/><G90/><T27/><D112/><U8/><E37/><V122/><F122/><W35/><G35/><T30/><D17/><U98/><E33/><V87/><F124/><N who="0" m="47658" /><D101/><U32/><E32/><AGARI ba="0,0" hai="27,30,32,48,53,56,74,78,81,108,111" m="47658" machi="32" ten="30,1000,0" yaku="18,1" doraHai="34" who="0" fromWho="1" sc="467,10,34,-10,416,0,83,0" /><INIT seed="7,0,0,3,3,118" ten="477,24,416,83" oya="3" hai0="91,31,63,66,44,6,114,112,26,121,29,12,2" hai1="34,14,72,98,90,8,22,128,4,67,48,85,102" hai2="134,120,3,5,11,103,36,53,33,94,129,97,60" hai3="82,100,13,9,68,38,123,45,125,59,133,27,16"/><W113/><G68/><T74/><D74/><U108/><E108/><V84/><F129/><W0/><G113/><T115/><D121/><U117/><E34/><V109/><F109/><W62/><G123/><T92/><D2/><U50/><E72/><V135/><F36/><W20/><G125/><T110/><D110/><U17/><E128/><V19/><F33/><W56/><G133/><T95/><D44/><U52/><E67/><V116/><F116/><W127/><G127/><T40/><D40/><U130/><E50/><V35/><F35/><W47/><G100/><T41/><D41/><U55/><E117/><V122/><F135/><W105/><G105/><T124/><D26/><U104/><E48/><V70/><F134/><W43/><G0/><T18/><D6/><U80/><REACH who="1" step="1"/><E130/><REACH who="1" ten="477,14,416,83" step="2"/><V32/><F32/><W51/><G62/><T39/><D63/><U126/><E126/><V69/><F69/><W65/><G65/><T23/><D66/><U86/><E86/><V25/><F70/><W37/><G37/><T77/><D39/><U61/><E61/><V111/><F84/><W81/><G38/><T96/><D124/><U58/><E58/><N who="3" m="22058" /><G45/><T7/><D114/><U75/><E75/><V93/><F111/><W88/><G51/><T132/><D132/><U1/><AGARI ba="0,1" hai="1,4,8,14,17,22,52,55,80,85,90,98,102,104" machi="1" ten="20,5200,0" yaku="1,1,0,1,7,1,54,1,53,0" doraHai="118" doraHaiUra="46" who="1" fromWho="1" sc="477,-13,14,62,416,-13,83,-26" owari="464,56.0,76,-32.0,403,20.0,57,-44.0" /></mjloggm>