<mjloggm ver="2.3"><GO type="185" lobby="0"/><UN n0="%E6%A8%BD%E3%81%AA%E3%81%AE%E5%A3%8A%E3%81%95%E3%81%AA%E3%81%84%E3%81%A7" n1="%E3%81%B2%E3%82%8D%E3%81%8D%E3%81%A7%E3%81%99" n2="%E3%81%97%E3%82%93%E3%81%97%E3%82%93%E3%81%97%E3%82%93" n3="" dan="18,17,17,0" rate="2339.86,2206.12,2276.33,1500.00" sx="M,M,F,C"/><TAIKYOKU oya="0"/><INIT seed="0,0,0,2,0,118" ten="350,350,350,0" oya="0" hai0="97,105,77,80,130,109,60,41,93,62,107,129,44" hai1="46,122,120,43,34,88,48,33,85,40,55,75,56" hai2="134,90,102,98,127,39,73,128,113,76,78,47,106" hai3=""/><T110/><D60/><U61/><N who="1" m="30752" /><U52/><N who="1" m="31264" /><U91/><E75/><V123/><N who="2" m="31520" /><V49/><F113/><T125/><D62/><U135/><E135/><V119/><F134/><T100/><D44/><U96/><E96/><V63/><F119/><T36/><D41/><U71/><E91/><V50/><F127/><T65/><D65/><U81/><REACH who="1" step="1"/><E71/><REACH who="1" ten="350,340,350,0" step="2"/><V121/><F73/><T68/><D68/><U112/><E112/><V67/><F121/><T115/><D115/><U103/><E103/><V104/><F98/><T132/><D132/><U42/><AGARI ba="0,1" hai="33,34,40,42,43,46,48,52,55,56,61,81,85,88" m="31264,30752" machi="42" ten="30,12000,3" yaku="1,1,0,1,52,4,54,2,53,2" doraHai="118" doraHaiUra="3" who="1" fromWho="1" sc="350,-80,340,130,350,-40,0,0" /><INIT seed="1,0,0,1,4,134" ten="270,470,310,0" oya="1" hai0="133,63,2,33,73,37,128,86,95,66,124,76,127" hai1="53,120,78,88,39,89,91,77,108,112,34,105,64" hai2="47,119,79,56,84,90,111,103,129,65,99,40,102" hai3=""/><U113/><N who="1" m="30752" /><U126/><E34/><V116/><F111/><T130/><D2/><U106/><E39/><V81/><F129/><N who="0" m="49770" /><D37/><U38/><E38/><V85/><F65/><T1/><D1/><U109/><E64/><V98/><F56/><T43/><D43/><U35/><E35/><V101/><F47/><T131/><D33/><U97/><E53/><V48/><F48/><T52/><D131/><U50/><E50/><V123/><N who="2" m="31520" /><V57/><F57/><T121/><N who="0" m="31008" /><T55/><D73/><U45/><E45/><V72/><F40/><T70/><D133/><U32/><E32/><V118/><F72/><T100/><D76/><N who="1" m="29291" /><E97/><V135/><REACH who="2" step="1"/><F135/><REACH who="2" ten="270,470,300,0" step="2"/><T125/><D55/><U62/><E62/><V36/><F36/><T54/><D54/><U61/><E61/><V93/><AGARI ba="0,1" hai="79,81,84,85,90,93,98,99,101,102,103,116,118,119" m="31520" machi="93" ten="40,9000,2" yaku="1,1,0,1,34,3,52,1,53,0" doraHai="134" doraHaiUra="0" who="2" fromWho="2" sc="270,-30,470,-60,300,100,0,0" /><INIT seed="2,0,0,2,1,43" ten="240,410,400,0" oya="2" hai0="89,91,77,55,78,106,69,79,50,76,92,72,96" hai1="94,126,35,38,101,46,56,112,102,86,115,119,62" hai2="65,54,122,2,63,41,133,108,123,113,110,104,53" hai3=""/><V58/><N who="2" m="31264" /><V132/><N who="2" m="31520" /><V80/><F2/><T128/><D69/><U36/><E35/><V75/><F104/><T68/><D68/><U73/><E73/><V103/><F103/><T59/><D128/><U95/><E126/><V118/><F75/><T49/><D106/><U61/><E86/><V134/><F80/><T42/><D42/><U114/><E114/><V64/><F113/><T88/><REACH who="0" step="1"/><D50/><REACH who="0" ten="230,410,400,0" step="2"/><U1/><E1/><V66/><F41/><T40/><D40/><U117/><E56/><V81/><F81/><AGARI ba="0,1" hai="49,55,59,72,76,77,78,79,81,88,89,91,92,96" machi="81" ten="40,2600,0" yaku="1,1,54,1,53,0" doraHai="43" doraHaiUra="125" who="0" fromWho="2" sc="230,36,410,0,400,-26,0,0" /><INIT seed="4,0,0,0,2,124" ten="266,410,374,0" oya="0" hai0="104,51,85,64,41,123,73,65,83,109,55,48,92" hai1="113,132,114,49,79,53,101,128,96,131,61,69,111" hai2="89,112,56,126,50,107,82,59,120,54,52,60,116" hai3=""/><T115/><N who="0" m="31520" /><T105/><D109/><U135/><E111/><V108/><N who="2" m="30752" /><V38/><F108/><T94/><D115/><N who="1" m="44043" /><E79/><V129/><F112/><T34/><D34/><U134/><E61/><V103/><F38/><T76/><D41/><U87/><E87/><V117/><F129/><N who="1" m="49737" /><E69/><V102/><F126/><T1/><D1/><U127/><E127/><V72/><F72/><T80/><D65/><U77/><E77/><V98/><F60/><T40/><D64/><U95/><E49/><V2/><F50/><T63/><D63/><U119/><E53/><V78/><F2/><T70/><D70/><U90/><E119/><V130/><F130/><T57/><D51/><U86/><E135/><V39/><F78/><T93/><REACH who="0" step="1"/><D40/><REACH who="0" ten="256,410,374,0" step="2"/><U81/><AGARI ba="0,1" hai="81,86,90,95,96,101,132,134" m="49737,44043" machi="81" ten="40,12000,3" yaku="15,1,11,1,19,1,34,2,52,3" doraHai="124" who="1" fromWho="1" sc="256,-80,410,130,374,-40,0,0" /><INIT seed="5,0,0,0,1,131" ten="176,540,334,0" oya="1" hai0="36,94,85,115,133,65,70,118,57,75,33,39,74" hai1="53,87,42,100,2,41,76,135,81,40,106,134,129" hai2="71,35,58,86,109,111,101,80,3,83,44,46,102" hai3=""/><U124/><E2/><V1/><F71/><T104/><D85/><U126/><E129/><V51/><F58/><T91/><D91/><U125/><REACH who="1" step="1"/><E53/><REACH who="1" ten="176,530,334,0" step="2"/><V66/><F1/><T96/><D118/><U98/><AGARI ba="0,1" hai="40,41,42,76,81,87,98,100,106,124,125,126,134,135" machi="98" ten="40,12000,2" yaku="1,1,2,1,0,1,18,1,52,2,53,0" doraHai="131" doraHaiUra="88" who="1" fromWho="1" sc="176,-60,530,130,334,-60,0,0" /><INIT seed="5,1,0,5,4,58" ten="116,660,274,0" oya="1" hai0="106,84,120,114,68,53,65,95,110,121,104,85,131" hai1="45,73,81,37,75,32,135,112,103,60,66,97,76" hai2="126,39,123,47,67,127,93,33,44,35,70,132,38" hai3=""/><U56/><E32/><V43/><N who="2" m="31520" /><V116/><F116/><T88/><N who="0" m="30752" /><T118/><N who="0" m="31008" /><T122/><N who="0" m="31264" /><T55/><D118/><U111/><E112/><V54/><F132/><T119/><D119/><U124/><E135/><V109/><F109/><T99/><D110/><U83/><E111/><V78/><F78/><T62/><D114/><U89/><E124/><N who="2" m="47659" /><F93/><T82/><D131/><U80/><E89/><V117/><F117/><T102/><D106/><U69/><E75/><V52/><F39/><T134/><D134/><U36/><E36/><V48/><F54/><T64/><D65/><U3/><E3/><V40/><F40/><T59/><D68/><U133/><E133/><V61/><AGARI ba="1,0" hai="33,35,38,43,44,47,48,52,61,67,70" m="47659,31520" machi="61" ten="30,5900,0" yaku="18,1,52,2,54,1" doraHai="58" who="2" fromWho="2" sc="116,-21,660,-40,274,61,0,0" /><INIT seed="6,0,0,3,2,58" ten="95,620,335,0" oya="2" hai0="109,59,39,75,70,61,133,46,118,97,64,63,121" hai1="57,84,113,66,60,85,125,119,0,101,79,3,132" hai2="122,44,130,68,95,38,129,116,54,40,33,108,65" hai3=""/><V56/><N who="2" m="31264" /><V110/><F33/><T131/><D97/><U106/><E113/><V1/><F1/><T104/><D61/><U105/><E85/><V62/><F95/><T49/><D63/><U36/><E36/><V89/><F89/><T53/><D59/><U117/><E125/><V107/><F107/><N who="1" m="40969" /><E101/><V100/><F100/><T134/><D53/><U135/><E3/><V74/><F74/><T87/><D49/><U92/><E0/><V126/><F126/><T43/><D46/><U128/><E128/><N who="2" m="49259" /><F116/><N who="1" m="44617" /><E79/><V55/><F55/><T98/><D87/><U83/><E83/><V48/><AGARI ba="0,0" hai="38,40,44,48,54,56,62,65,68,108,110" m="49259,31264" machi="48" ten="30,12000,2" yaku="24,1,19,1,34,2,52,2" doraHai="58" who="2" fromWho="2" sc="95,-60,620,-60,335,120,0,0" /><INIT seed="6,1,0,5,4,1" ten="35,560,455,0" oya="2" hai0="73,124,117,102,65,111,97,34,66,60,50,33,94" hai1="108,115,116,54,83,81,80,122,0,35,86,2,82" hai2="48,123,113,96,62,69,75,74,40,98,56,49,99" hai3=""/><V127/><N who="2" m="31520" /><V59/><F127/><T84/><D50/><U79/><N who="1" m="31264" /><U135/><E108/><V112/><F69/><T114/><D84/><U41/><E35/><V38/><F38/><T101/><D94/><U46/><E115/><N who="2" m="44107" /><F62/><T37/><D97/><N who="2" m="24834" /><V87/><DORA hai="131" /><F87/><T109/><D60/><U47/><E116/><V57/><F40/><T44/><D37/><U129/><E135/><V128/><F128/><T58/><D124/><U93/><E129/><V106/><F106/><T105/><D105/><U77/><E77/><V71/><F71/><T89/><D111/><U120/><N who="1" m="30752" /><U67/><E0/><V76/><F76/><T118/><D109/><U52/><E2/><V36/><F36/><T92/><D118/><U133/><E133/><V132/><F132/><T85/><D117/><U103/><E103/><V72/><AGARI ba="1,0" hai="48,49,56,57,59,72,74,75" m="24834,44107,31520" machi="72" ten="50,8000,1" yaku="28,2,15,1,52,1" doraHai="1,131" who="2" fromWho="2" sc="35,-41,560,-41,455,82,0,0" owari="-6,-61.0,519,12.0,537,49.0,0,0.0" /></mjloggm>