<mjloggm ver="2.3"><GO type="169" lobby="0"/><UN n0="%E3%81%AE%E3%81%B3%E3%81%97%E3%82%8D%E2%99%82" n1="%32%30%30%E6%88%A6%E5%8D%87%E7%89%B9" n2="%E3%81%AB%E3%82%80%E3%81%B8%E3%81%84" n3="%68%69%6A%69%68%69%6A%69" dan="16,17,16,16" rate="2147.88,2179.02,2095.56,2047.05" sx="M,M,M,F"/><TAIKYOKU oya="0"/><INIT seed="0,0,0,0,1,79" ten="250,250,250,250" oya="0" hai0="101,14,102,5,30,119,69,71,125,23,91,49,99" hai1="88,39,118,120,116,20,33,80,35,22,133,36,26" hai2="98,45,53,25,122,7,78,17,61,63,8,85,10" hai3="121,3,107,87,57,41,52,46,127,31,1,106,112"/><T73/><D125/><U48/><E120/><V58/><F122/><W89/><G121/><T92/><D119/><U130/><E130/><V27/><F98/><W81/><G112/><T60/><D73/><U84/><E133/><V51/><F63/><W111/><G127/><T66/><D71/><U12/><E118/><V103/><F103/><W128/><G128/><T65/><D65/><U62/><E116/><V28/><F17/><W129/><G129/><T21/><D21/><U38/><E48/><V90/><F78/><W82/><G111/><T96/><D49/><U115/><E115/><V93/><F28/><W83/><G31/><T15/><D5/><U40/><E40/><V124/><F124/><W76/><G82/><T43/><D43/><U18/><REACH who="1" step="1"/><E62/><REACH who="1" ten="250,240,250,250" step="2"/><V16/><F7/><W123/><G123/><T50/><D50/><U19/><AGARI ba="0,1" hai="12,18,19,20,22,26,33,35,36,38,39,80,84,88" machi="19" ten="40,8000,1" yaku="1,1,2,1,0,1,52,1,54,1,53,0" doraHai="79" doraHaiUra="109" who="1" fromWho="1" sc="250,-40,240,90,250,-20,250,-20" /><INIT seed="1,0,0,4,2,100" ten="210,330,230,230" oya="1" hai0="51,71,103,60,61,127,32,0,54,2,84,73,134" hai1="67,45,68,110,18,135,58,85,131,26,50,98,52" hai2="20,97,86,6,1,14,12,28,111,77,62,17,55" hai3="39,92,35,83,88,65,112,9,19,33,8,104,69"/><U3/><E3/><V63/><F111/><W22/><G112/><T89/><D134/><U36/><E135/><V57/><F1/><W76/><G39/><T34/><D127/><U49/><E131/><V101/><F28/><W93/><G69/><T91/><D73/><U23/><E36/><V82/><F6/><W56/><G56/><T96/><D91/><U109/><E85/><V66/><F12/><W42/><G65/><T108/><D108/><N who="1" m="41579" /><E98/><V59/><F101/><W133/><G42/><T125/><D125/><U21/><E21/><V48/><REACH who="2" step="1"/><F97/><REACH who="2" ten="210,330,220,230" step="2"/><W15/><G133/><T120/><D0/><U11/><E11/><V37/><F37/><W41/><G8/><T27/><D103/><U126/><E126/><V13/><F13/><W31/><G31/><T70/><D96/><U115/><E115/><V79/><F79/><W124/><G124/><T128/><D2/><U80/><E80/><V38/><F38/><W113/><G113/><T106/><D128/><U87/><E87/><V95/><F95/><W5/><G93/><T46/><D84/><U75/><E75/><V24/><F24/><W130/><G130/><T40/><D27/><U53/><E68/><V16/><F16/><W90/><G19/><T94/><D71/><U78/><E78/><V102/><F102/><W43/><G76/><T25/><D70/><U107/><E26/><V29/><F29/><W114/><G114/><T118/><D25/><U105/><E18/><V123/><F123/><W30/><G83/><T117/><D120/><U74/><E74/><V4/><F4/><W81/><G5/><RYUUKYOKU ba="0,1" sc="210,-10,330,-10,220,30,230,-10" hai2="14,17,20,48,55,57,59,62,63,66,77,82,86" /><INIT seed="2,1,1,1,4,13" ten="200,320,250,220" oya="2" hai0="78,73,8,14,135,69,59,83,108,68,66,128,64" hai1="89,51,6,20,96,120,22,70,38,48,126,94,19" hai2="103,0,37,77,90,129,42,39,97,47,105,25,41" hai3="16,98,121,100,1,63,2,85,30,61,26,72,45"/><V50/><F129/><W7/><G121/><T88/><D108/><U80/><E120/><V110/><F0/><W33/><G72/><T57/><D135/><U10/><E38/><V86/><F110/><W76/><G45/><T127/><D127/><U107/><E126/><V113/><F113/><W99/><G99/><T28/><D128/><U31/><E70/><V106/><F106/><W91/><G76/><T109/><D109/><U32/><E32/><V44/><F77/><W134/><G134/><T46/><D28/><U93/><E31/><V40/><F25/><W17/><G7/><T62/><D46/><U65/><E65/><V102/><F102/><W87/><G1/><T49/><D88/><N who="1" m="55335" /><E80/><V111/><F111/><W101/><G2/><T81/><D81/><U4/><E20/><V132/><F132/><W114/><G114/><T3/><D3/><U34/><E34/><V71/><F71/><W116/><G116/><T82/><D82/><U54/><E10/><V117/><F117/><W112/><G112/><T36/><D36/><U75/><E75/><V27/><F27/><W123/><G123/><T58/><D58/><N who="1" m="33095" /><E51/><V79/><F79/><W43/><G43/><T133/><D133/><U60/><E60/><V12/><F41/><W130/><G130/><T92/><D49/><U131/><E107/><V124/><F124/><W9/><G9/><T115/><D115/><U67/><E67/><V5/><F50/><W21/><G33/><T24/><D69/><U29/><E131/><V23/><F23/><W56/><G21/><T74/><D68/><U104/><E22/><RYUUKYOKU ba="1,1" sc="200,0,320,0,250,0,220,0" /><INIT seed="3,2,1,3,4,29" ten="200,320,250,220" oya="3" hai0="72,91,40,51,76,74,118,53,125,7,49,64,56" hai1="13,62,57,135,67,117,133,97,21,83,107,93,86" hai2="55,17,96,99,112,88,94,132,124,20,27,34,47" hai3="19,32,6,130,98,92,11,81,24,113,22,77,2"/><W9/><G130/><T129/><D125/><U43/><E117/><V116/><F124/><W119/><G119/><T30/><D129/><U10/><E43/><V35/><F112/><W110/><G113/><T38/><D118/><U111/><E107/><V95/><F132/><N who="1" m="50761" /><E21/><V128/><F128/><W131/><G131/><T61/><D76/><N who="1" m="46439" /><E111/><V87/><F116/><W71/><G110/><T1/><D49/><U5/><E93/><V103/><REACH who="2" step="1"/><F96/><AGARI ba="2,1" hai="5,10,13,57,62,67,96,97" m="46439,50761" machi="96" ten="30,1000,0" yaku="20,1" doraHai="29" who="1" fromWho="2" sc="200,0,320,26,250,-16,220,0" /><INIT seed="4,0,0,0,2,68" ten="200,346,234,220" oya="0" hai0="34,52,86,124,88,57,131,58,8,106,61,5,90" hai1="21,121,70,1,97,114,64,83,100,62,122,54,118" hai2="37,98,31,49,135,59,81,18,50,63,15,128,44" hai3="51,92,53,109,111,125,56,16,69,134,120,85,80"/><T99/><D131/><U95/><E118/><V87/><F128/><W113/><G113/><T74/><D124/><U36/><E1/><V29/><F135/><W38/><G125/><T101/><D74/><U76/><E114/><V35/><F37/><W123/><G134/><T133/><D133/><U10/><E36/><V67/><F98/><W22/><G69/><T119/><D119/><U102/><E102/><V30/><F35/><W24/><G38/><T105/><D34/><U71/><E71/><V4/><F4/><W33/><G33/><T94/><D58/><U55/><E10/><V75/><F75/><W14/><G92/><T127/><D127/><U42/><E42/><V82/><F87/><W66/><G66/><T103/><D90/><U77/><E77/><V46/><F50/><W110/><REACH who="3" step="1"/><G24/><REACH who="3" ten="200,346,234,210" step="2"/><T26/><D26/><U108/><E122/><V2/><F2/><W126/><G126/><T116/><D116/><U25/><E121/><V40/><REACH who="2" step="1"/><F44/><REACH who="2" ten="200,346,224,210" step="2"/><W17/><G17/><T48/><D48/><U47/><E47/><V45/><F45/><W72/><G72/><T9/><D5/><U107/><E107/><V28/><N who="2" m="7168" /><DORA hai="89" /><V104/><F104/><W130/><G130/><T112/><D112/><U39/><E39/><V11/><AGARI ba="0,2" hai="11,15,18,40,46,49,59,63,67,81,82" m="7168" machi="11" ten="40,12000,2" yaku="1,1,0,1,8,1,53,3" doraHai="68,89" doraHaiUra="78,43" who="2" fromWho="2" sc="200,-60,346,-30,224,140,210,-30" /><INIT seed="5,0,0,3,3,135" ten="140,316,364,180" oya="1" hai0="120,63,102,117,6,131,116,125,83,18,11,78,17" hai1="106,44,14,1,26,40,41,48,55,20,45,69,25" hai2="96,81,111,95,80,38,76,64,49,107,15,85,51" hai3="68,24,33,92,3,66,62,108,34,57,132,119,113"/><U31/><E1/><V50/><F111/><W0/><G108/><T46/><D131/><U23/><E69/><V130/><F130/><W54/><G132/><T37/><D120/><U70/><E70/><V121/><F121/><W129/><G129/><T28/><D28/><U71/><E71/><V94/><F107/><W82/><G113/><T101/><D63/><U84/><E106/><V128/><F38/><W58/><G119/><T100/><D125/><U5/><E84/><N who="2" m="48135" /><F128/><W47/><G82/><T105/><D105/><U12/><E5/><V19/><F96/><W122/><G122/><T134/><D134/><U36/><REACH who="1" step="1"/><E40/><REACH who="1" ten="140,306,364,180" step="2"/><V16/><F64/><W103/><G0/><N who="0" m="455" /><D117/><U13/><E13/><V72/><F72/><W75/><G75/><N who="0" m="43487" /><D116/><U22/><E22/><N who="2" m="11551" /><F19/><AGARI ba="0,1" hai="12,14,19,20,23,25,26,31,36,41,44,45,48,55" machi="19" ten="30,5800,0" yaku="1,1,7,1,53,1" doraHai="135" doraHaiUra="39" who="1" fromWho="2" sc="140,0,306,68,364,-58,180,0" /><INIT seed="5,1,0,3,4,79" ten="140,374,306,180" oya="1" hai0="14,15,80,8,85,49,24,114,92,116,21,74,54" hai1="20,129,125,103,133,12,44,26,28,63,105,65,2" hai2="25,112,88,37,13,117,56,32,86,128,22,106,111" hai3="46,27,39,91,35,87,113,52,7,93,115,109,48"/><U76/><E2/><V11/><F111/><W99/><G109/><T62/><D114/><U34/><E125/><V110/><F110/><W47/><G7/><T70/><D116/><U61/><E129/><V118/><F128/><W101/><G39/><T42/><D42/><U83/><E133/><V33/><F106/><W126/><G126/><T18/><D74/><U124/><E124/><V0/><F37/><W5/><G5/><T130/><D130/><U77/><E77/><V78/><F78/><W98/><G98/><T60/><D92/><U134/><E134/><V57/><F112/><W50/><G35/><T3/><D3/><U71/><E63/><V41/><F41/><W1/><G1/><T100/><D100/><U81/><E44/><V82/><F0/><W4/><G4/><T30/><D15/><U29/><E76/><V121/><F121/><W45/><G27/><T104/><D104/><U67/><E67/><V102/><F102/><W120/><G120/><T119/><D70/><U72/><E72/><V66/><F66/><W123/><G123/><T107/><D107/><U58/><E58/><N who="2" m="22635" /><F118/><W96/><G96/><T122/><D119/><U38/><E38/><V132/><F132/><W97/><G97/><T131/><D131/><U59/><E71/><V17/><F117/><W84/><G45/><N who="0" m="27951" /><D122/><U127/><E127/><V43/><F43/><N who="3" m="24671" /><G101/><T135/><D135/><U64/><E103/><V6/><F33/><W90/><G99/><T94/><D94/><U16/><E105/><V95/><F32/><W31/><G31/><N who="1" m="11850" /><E65/><V9/><F95/><W36/><G36/><RYUUKYOKU ba="1,0" sc="140,0,374,0,306,0,180,0" hai0="8,14,18,21,24,30,60,62,80,85" hai1="12,16,20,26,34,59,61,64,81,83" hai2="6,9,11,13,17,22,25,82,86,88" hai3="47,50,52,84,87,90,91,93,113,115" /><INIT seed="5,2,0,1,3,14" ten="140,374,306,180" oya="1" hai0="18,5,117,71,12,130,112,41,76,123,48,29,87" hai1="19,65,27,39,83,62,2,60,110,56,73,70,32" hai2="21,10,86,120,75,31,67,102,74,124,82,81,88" hai3="121,97,125,72,68,37,50,108,80,129,69,119,15"/><U3/><E39/><V84/><F120/><W66/><G121/><T59/><D123/><U90/><E110/><V106/><F124/><W89/><G108/><T43/><D117/><U134/><E134/><V101/><F67/><W24/><G119/><T17/><D112/><U36/><E36/><V61/><F61/><W54/><G129/><T114/><D71/><U53/><E32/><V11/><F31/><W91/><G125/><T26/><D114/><U38/><E38/><V9/><F21/><W116/><G116/><T52/><D130/><U105/><E105/><V127/><F127/><W35/><G37/><T109/><D109/><U93/><E73/><V6/><F6/><W111/><G111/><T34/><D5/><U104/><E104/><V100/><F106/><W42/><G42/><T115/><D115/><U25/><E83/><V126/><REACH who="2" step="1"/><F126/><REACH who="2" ten="140,374,296,180" step="2"/><W99/><G66/><T135/><D135/><U0/><REACH who="1" step="1"/><E19/><REACH who="1" ten="140,364,296,180" step="2"/><V77/><AGARI ba="2,2" hai="9,10,11,74,75,77,81,82,84,86,88,100,101,102" machi="77" ten="30,7900,0" yaku="1,1,2,1,0,1,54,1,53,0" doraHai="14" doraHaiUra="40" who="2" fromWho="2" sc="140,-22,364,-41,296,105,180,-22" /><INIT seed="6,0,0,1,4,12" ten="118,323,401,158" oya="2" hai0="54,122,34,130,55,131,83,94,1,4,111,105,109" hai1="11,17,64,0,28,31,25,119,24,70,120,107,88" hai2="5,89,60,86,99,26,112,39,72,49,126,81,61" hai3="129,98,95,78,102,19,62,50,23,18,38,68,116"/><V121/><F39/><W67/><G116/><T82/><D105/><U46/><E107/><V115/><F121/><W71/><G38/><T96/><D122/><U73/><E73/><V21/><F126/><W65/><G129/><N who="0" m="49163" /><D34/><U27/><E120/><V77/><F5/><W10/><G78/><T134/><D134/><U117/><E46/><V93/><F49/><W29/><G50/><T53/><D4/><N who="1" m="1415" /><E88/><V47/><F47/><W66/><G71/><T7/><D7/><U9/><E64/><V118/><F118/><N who="1" m="45065" /><E70/><V135/><F135/><W108/><G108/><N who="0" m="41547" /><D1/><U56/><E56/><V101/><F112/><W32/><G32/><T114/><D114/><U8/><E8/><V90/><F90/><AGARI ba="0,0" hai="53,54,55,82,83,90,94,96" m="41547,49163" machi="90" ten="40,1300,0" yaku="19,1" doraHai="12" who="0" fromWho="2" sc="118,13,323,0,401,-13,158,0" /><INIT seed="7,0,0,1,3,17" ten="131,323,388,158" oya="3" hai0="27,93,16,100,7,90,35,50,115,28,127,125,85" hai1="91,104,55,114,87,71,26,134,37,94,57,64,15" hai2="96,80,83,59,13,75,103,30,116,22,123,77,126" hai3="42,9,81,25,20,11,40,67,89,62,63,69,73"/><W12/><G62/><T0/><D115/><U39/><E114/><V24/><F116/><W38/><G38/><T76/><D50/><U135/><E104/><V128/><F126/><N who="0" m="48138" /><D100/><U131/><E131/><V74/><F128/><W36/><G36/><T107/><D107/><U6/><E71/><V60/><F123/><W119/><G119/><T132/><D132/><U33/><E64/><V45/><F45/><W99/><G73/><T4/><D76/><U86/><E37/><V112/><F112/><W65/><G65/><T21/><D0/><U2/><E2/><V32/><F13/><AGARI ba="0,0" hai="4,7,13,16,21,27,28,35,85,90,93" m="48138" machi="13" ten="30,3900,0" yaku="18,1,52,1,54,1" doraHai="17" who="0" fromWho="2" sc="131,39,323,0,388,-39,158,0" owari="170,-23.0,323,12.0,349,45.0,158,-34.0" /></mjloggm>