<mjloggm ver="2.3"><GO type="185" lobby="0"/><UN n0="%E3%82%A2%E3%82%B9%E3%82%BF%E3%83%AD%E3%83%88%E3%81%AE%E5%AE%A3%E5%91%8A" n1="%E4%B8%AD%E3%83%91%E3%83%B3%E3%83%81%E7%A9%BA%E3%82%AD%E3%83%A3%E3%83%B3" n2="%E5%B8%AB%E5%8C%A0%2F%E9%9B%80%E9%AC%BC" n3="" dan="17,16,17,0" rate="2233.16,2225.16,2273.43,1500.00" sx="M,M,M,C"/><TAIKYOKU oya="0"/><INIT seed="0,0,0,1,3,82" ten="350,350,350,0" oya="0" hai0="112,43,37,107,35,114,121,96,68,106,130,33,61" hai1="119,81,77,108,40,115,93,55,109,133,71,97,38" hai2="53,132,80,34,36,134,46,39,45,95,56,127,49" hai3=""/><T73/><N who="0" m="31008" /><T123/><N who="0" m="31520" /><T129/><D73/><U69/><E119/><V91/><F34/><N who="0" m="12810" /><D43/><U116/><E116/><V66/><F127/><T78/><D78/><U122/><N who="1" m="31264" /><U41/><E115/><N who="0" m="44073" /><D96/><U63/><E133/><N who="2" m="51307" /><F80/><T2/><D37/><N who="2" m="14410" /><F66/><T58/><D2/><U120/><N who="1" m="30752" /><U102/><E38/><V94/><F94/><T110/><D110/><N who="1" m="42603" /><E41/><V99/><AGARI ba="0,0" hai="45,46,49,53,56,91,95,99" m="14410,51307" machi="99" ten="30,800,0" yaku="20,1" doraHai="82" who="2" fromWho="2" sc="350,-5,350,-3,350,8,0,0" /><INIT seed="1,0,0,3,3,78" ten="345,347,358,0" oya="1" hai0="92,130,76,115,54,71,105,90,135,121,79,32,93" hai1="38,53,113,1,35,59,80,85,68,34,48,107,61" hai2="87,69,103,36,60,50,129,125,0,62,72,56,57" hai3=""/><U119/><E1/><V101/><F0/><T33/><N who="0" m="31008" /><T74/><D115/><U73/><E119/><V91/><F125/><T118/><D118/><U112/><E107/><V67/><F129/><T42/><D105/><U88/><E38/><V100/><F72/><T51/><D130/><U58/><E68/><V75/><F75/><T81/><D135/><U41/><E73/><V46/><F36/><T95/><D79/><U132/><E132/><V47/><F50/><T94/><D42/><U120/><N who="1" m="30752" /><U96/><E96/><V114/><F114/><T86/><REACH who="0" step="1"/><D71/><REACH who="0" ten="335,347,358,0" step="2"/><U84/><E112/><V102/><N who="2" m="25600" /><DORA hai="82" /><V127/><F127/><T116/><D116/><U37/><E113/><V97/><F69/><T134/><D134/><U123/><N who="1" m="31520" /><U39/><E41/><V98/><F97/><T126/><D126/><U49/><E35/><V63/><F98/><T131/><D131/><U117/><E34/><V66/><REACH who="2" step="1"/><F63/><REACH who="2" ten="335,347,348,0" step="2"/><T55/><D55/><U64/><E117/><V128/><F128/><T77/><D77/><U65/><E61/><V52/><F52/><T2/><D2/><U83/><E53/><V40/><F40/><T3/><D3/><U106/><E106/><V104/><F104/><T108/><D108/><RYUUKYOKU ba="0,2" sc="335,0,347,0,348,0,0,0" hai0="32,33,51,54,74,76,81,86,90,92,93,94,95" hai1="37,39,48,49,58,59,64,65,80,83,84,85,88" hai2="46,47,56,57,60,62,66,67,87,91" /><INIT seed="1,1,2,3,5,52" ten="335,347,348,0" oya="1" hai0="60,45,128,49,96,108,111,69,62,97,43,93,1" hai1="94,88,73,61,112,102,59,74,129,123,113,103,90" hai2="40,119,80,116,104,41,99,71,37,2,77,53,57" hai3=""/><U131/><N who="1" m="31520" /><U118/><E61/><V105/><F2/><T92/><D1/><U51/><E51/><V124/><F71/><T135/><D135/><U85/><E59/><V126/><F99/><T101/><D128/><N who="1" m="49227" /><E118/><V120/><N who="2" m="30752" /><V98/><F98/><T109/><REACH who="0" step="1"/><D69/><REACH who="0" ten="325,347,348,0" step="2"/><U66/><E112/><V0/><F0/><T83/><D83/><U79/><E113/><V121/><N who="2" m="31008" /><V89/><F80/><T36/><D36/><U114/><E114/><V86/><F37/><T67/><D67/><U38/><E66/><V115/><F115/><T84/><D84/><U54/><E38/><V58/><F86/><T130/><D130/><U134/><E134/><V64/><F64/><T65/><D65/><U39/><E39/><V72/><F72/><T122/><N who="0" m="31264" /><T100/><AGARI ba="1,3" hai="43,45,49,60,62,92,93,96,97,100,101,108,109,111" m="31264" machi="100" ten="30,9000,2" yaku="1,1,4,1,0,1,9,1,14,1,52,1,53,0" doraHai="52" doraHaiUra="3" who="0" fromWho="0" sc="325,122,347,-61,348,-31,0,0" /><INIT seed="2,0,0,5,5,53" ten="447,286,317,0" oya="2" hai0="115,93,52,127,40,128,118,62,91,77,47,65,135" hai1="67,96,73,50,95,0,78,43,42,44,133,72,38" hai2="134,58,37,103,102,36,98,100,84,83,51,104,55" hai3=""/><V74/><F134/><T113/><D118/><U116/><E133/><V85/><F74/><T132/><D77/><U39/><E116/><V75/><F75/><T124/><D128/><U3/><E67/><V99/><F102/><T64/><D52/><U46/><E50/><V129/><F129/><T87/><D135/><U54/><E54/><V76/><REACH who="2" step="1"/><F85/><REACH who="2" ten="447,286,307,0" step="2"/><T94/><D132/><U88/><E73/><V1/><F1/><T57/><D115/><U131/><E131/><V114/><F114/><T117/><D113/><U33/><E33/><V48/><F48/><T111/><D87/><U109/><E72/><V80/><F80/><T105/><D117/><U121/><N who="1" m="31008" /><U66/><E3/><V79/><F79/><T89/><D127/><U71/><E0/><V49/><F49/><T60/><D124/><U126/><E78/><V69/><F69/><T101/><D101/><U90/><E126/><V125/><F125/><T108/><D91/><U63/><E90/><V97/><F97/><T41/><D89/><U119/><E119/><V122/><N who="2" m="31264" /><V120/><N who="2" m="30752" /><V59/><F59/><T112/><D57/><U81/><E81/><V82/><F82/><T61/><D112/><U56/><E71/><V107/><AGARI ba="0,1" hai="36,37,51,55,58,76,83,84,98,99,100,103,104,107" m="30752,31264" machi="107" ten="20,16000,3" yaku="1,1,5,1,0,1,7,1,9,1,52,3,53,0" doraHai="53" doraHaiUra="110" who="2" fromWho="2" sc="447,-80,286,-80,307,170,0,0" /><INIT seed="2,1,0,1,5,104" ten="367,206,477,0" oya="2" hai0="125,99,51,97,96,48,87,0,131,117,95,63,39" hai1="80,103,88,92,67,130,79,2,107,101,53,54,119" hai2="65,93,108,1,55,34,124,132,114,66,36,106,90" hai3=""/><V116/><RYUUKYOKU type="yao9" ba="1,0" sc="367,0,206,0,477,0,0,0" hai2="1,34,36,55,65,66,90,93,106,108,114,116,124,132" /><INIT seed="2,2,0,2,5,48" ten="367,206,477,0" oya="2" hai0="121,36,131,95,130,37,68,34,92,49,85,54,87" hai1="1,46,94,79,110,69,39,45,50,126,82,111,35" hai2="89,75,114,62,109,44,71,107,88,100,133,60,2" hai3=""/><V84/><F114/><T56/><N who="0" m="31008" /><T125/><D34/><U83/><E1/><V127/><F2/><T57/><D68/><U128/><E35/><V64/><F75/><T124/><REACH who="0" step="1"/><D49/><REACH who="0" ten="357,206,477,0" step="2"/><U117/><E69/><V90/><F71/><T33/><D33/><U113/><E113/><V129/><F60/><T53/><AGARI ba="2,1" hai="36,37,53,54,56,57,85,87,92,95,124,125,130,131" m="31008" machi="53" ten="25,9000,2" yaku="1,1,0,1,22,2,52,3,53,0" doraHai="48" doraHaiUra="0" who="0" fromWho="0" sc="357,104,206,-32,477,-62,0,0" /><INIT seed="4,0,0,3,2,47" ten="461,174,415,0" oya="0" hai0="75,65,49,93,128,66,113,132,79,53,105,69,94" hai1="3,122,88,123,129,91,0,124,89,73,51,84,34" hai2="2,120,42,130,54,116,90,117,55,48,115,83,32" hai3=""/><T37/><D113/><U68/><N who="1" m="31264" /><U102/><N who="1" m="31520" /><U78/><E34/><V52/><N who="2" m="30752" /><V126/><F32/><T56/><D128/><U77/><E68/><V106/><F2/><T80/><D132/><U135/><E129/><V36/><F130/><T131/><D131/><U103/><E135/><V50/><F115/><T104/><D37/><U108/><E108/><V95/><F106/><T62/><D94/><U107/><E124/><V134/><F134/><T45/><D66/><U118/><E118/><N who="2" m="45675" /><F83/><T111/><D111/><U40/><E73/><V97/><F126/><T119/><D119/><U72/><E72/><V81/><F81/><T110/><D110/><U38/><E38/><V41/><F36/><T127/><D127/><U112/><E112/><V33/><F33/><T109/><D109/><U114/><E114/><V70/><F70/><T100/><REACH who="0" step="1"/><D69/><REACH who="0" ten="451,174,415,0" step="2"/><U39/><E39/><V44/><F55/><T98/><AGARI ba="0,1" hai="45,49,53,56,62,65,75,79,80,93,98,100,104,105" machi="98" ten="30,8000,1" yaku="1,1,2,1,0,1,52,1,53,1" doraHai="47" doraHaiUra="96" who="0" fromWho="0" sc="451,90,174,-40,415,-40,0,0" /><INIT seed="4,1,0,0,5,123" ten="541,134,375,0" oya="0" hai0="52,112,117,113,73,118,70,37,107,36,41,110,127" hai1="48,124,50,85,86,74,88,2,58,114,60,130,67" hai2="102,32,34,132,53,62,94,77,35,104,91,92,119" hai3=""/><T122/><RYUUKYOKU type="yao9" ba="1,0" sc="541,0,134,0,375,0,0,0" hai0="36,37,41,52,70,73,107,110,112,113,117,118,122,127" /><INIT seed="4,2,0,5,1,32" ten="541,134,375,0" oya="0" hai0="115,37,113,112,62,85,77,61,70,90,33,58,78" hai1="46,56,128,135,99,66,79,47,60,123,36,134,107" hai2="81,127,45,40,125,129,39,51,57,48,130,38,119" hai3=""/><T88/><D33/><U75/><N who="1" m="31520" /><U34/><E34/><V121/><N who="2" m="31008" /><V76/><F119/><T71/><D37/><N who="2" m="13834" /><F76/><N who="0" m="29290" /><D62/><U95/><E107/><V93/><F93/><T97/><D97/><U109/><E109/><V87/><F87/><T110/><D110/><U102/><E128/><N who="2" m="49259" /><F81/><T108/><D108/><U0/><E0/><V133/><F133/><N who="1" m="50697" /><E36/><V53/><AGARI ba="2,0" hai="40,45,48,51,53,57,125,127" m="49259,13834,31008" machi="53" ten="40,6000,1" yaku="19,1,34,2,52,1" doraHai="32" who="2" fromWho="2" sc="541,-42,134,-22,375,64,0,0" /><INIT seed="5,0,0,3,2,44" ten="499,112,439,0" oya="1" hai0="91,51,41,60,42,113,3,111,55,103,2,46,57" hai1="123,48,36,115,74,119,87,86,108,32,129,118,107" hai2="1,109,132,68,73,98,49,95,133,54,102,72,92" hai3=""/><U64/><RYUUKYOKU type="yao9" ba="0,0" sc="499,0,112,0,439,0,0,0" hai1="32,36,48,64,74,86,87,107,108,115,118,119,123,129" /><INIT seed="5,1,0,2,1,42" ten="499,112,439,0" oya="1" hai0="120,75,82,50,45,130,83,123,76,69,80,49,68" hai1="60,54,71,91,73,40,72,47,96,119,77,131,122" hai2="64,126,48,106,3,79,128,87,113,124,35,0,114" hai3=""/><U100/><N who="1" m="31264" /><U86/><E131/><V99/><F128/><T55/><N who="0" m="30752" /><T51/><N who="0" m="31520" /><T67/><D130/><U117/><E77/><V39/><F39/><T36/><D36/><U44/><E119/><V115/><F35/><T88/><D83/><U133/><E133/><V103/><F64/><T127/><D127/><N who="2" m="48682" /><F48/><T102/><D102/><U111/><E111/><V132/><F132/><T95/><D82/><AGARI ba="1,0" hai="0,3,79,82,87,99,103,106,113,114,115" m="48682" machi="82" ten="40,5200,0" yaku="15,1,11,1,18,1" doraHai="42" who="2" fromWho="0" sc="499,-54,112,0,439,54,0,0" /><INIT seed="6,0,0,5,0,34" ten="445,112,493,0" oya="2" hai0="105,53,82,70,55,38,51,37,79,107,59,45,48" hai1="123,63,113,67,102,61,81,115,69,119,118,108,49" hai2="77,129,128,68,112,54,1,103,124,36,114,56,32" hai3=""/><V116/><F1/><T104/><REACH who="0" step="1"/><D70/><REACH who="0" ten="435,112,493,0" step="2"/><U76/><E102/><V87/><F68/><T99/><D99/><U96/><E96/><V88/><F32/><T58/><D58/><U125/><E81/><V60/><F103/><T80/><D80/><U120/><E76/><V2/><F2/><T90/><D90/><U121/><E125/><V92/><F124/><T100/><D100/><U75/><E75/><V93/><F77/><T101/><D101/><U86/><E86/><V83/><F83/><T35/><D35/><U74/><E74/><V57/><F57/><T131/><D131/><U98/><E98/><V110/><F128/><T134/><D134/><U135/><E135/><V78/><F129/><T130/><D130/><U39/><E39/><V42/><F78/><T47/><D47/><U97/><E97/><V40/><F36/><T65/><D65/><U46/><E63/><V72/><F72/><T33/><D33/><U89/><E89/><V109/><F88/><T95/><D95/><U85/><E85/><V44/><F87/><T66/><D66/><U106/><E106/><V91/><F91/><T43/><D43/><U126/><E126/><V133/><F92/><T94/><D94/><U50/><E46/><V52/><F44/><RYUUKYOKU ba="0,1" sc="435,20,112,-10,493,-10,0,0" hai0="37,38,45,48,51,53,55,59,79,82,104,105,107" owari="455,6.0,102,-50.0,493,44.0,0,0.0" /></mjloggm>