<mjloggm ver="2.3"><GO type="169" lobby="0"/><UN n0="%68%69%6A%69%68%69%6A%69" n1="%E3%81%AD%E3%81%AA%E3%81%84%E3%81%93%E3%81%A0%E3%82%8C%E3%81%A0" n2="%E4%B8%8B%E9%AB%98%E5%A4%AA%E9%83%8E" n3="%E5%BA%83%E5%B3%B6%E3%81%AE%E7%A8%AE%E9%A6%AC" dan="16,16,16,17" rate="2047.27,2134.16,2118.19,2252.06" sx="F,M,M,M"/><TAIKYOKU oya="0"/><INIT seed="0,0,0,5,4,106" ten="250,250,250,250" oya="0" hai0="135,99,129,12,57,8,111,91,114,63,37,48,83" hai1="127,5,0,117,53,16,113,36,122,56,102,65,20" hai2="67,10,61,82,38,21,11,25,22,3,27,131,94" hai3="115,7,62,119,107,49,86,74,9,14,103,43,50"/><T15/><D37/><U72/><E117/><V126/><F126/><W93/><G115/><T78/><D114/><U71/><E113/><V45/><F131/><W134/><G119/><T35/><D35/><U58/><E102/><V76/><F94/><W84/><G107/><T30/><D129/><U87/><E58/><V60/><F45/><W130/><G134/><T64/><D135/><U32/><E32/><V19/><F38/><W116/><G116/><T112/><D112/><U92/><E122/><V4/><F11/><W132/><G74/><T109/><D30/><U68/><E65/><V54/><F54/><W81/><G132/><T1/><D1/><U89/><E36/><V121/><F67/><W29/><G29/><T97/><D48/><N who="1" m="30759" /><E72/><V133/><F121/><W128/><G62/><T75/><D15/><N who="1" m="9247" /><E127/><V28/><REACH who="2" step="1"/><F133/><REACH who="2" ten="250,250,240,250" step="2"/><W40/><G128/><T13/><D8/><AGARI ba="0,1" hai="0,5,8,68,71,87,89,92" m="9247,30759" machi="8" ten="30,2000,0" yaku="25,1,54,1" doraHai="106" who="1" fromWho="0" sc="250,-20,250,30,240,0,250,0" /><INIT seed="1,0,0,4,0,7" ten="230,280,240,250" oya="1" hai0="48,5,102,91,38,1,57,88,124,41,15,96,9" hai1="94,103,62,95,113,120,80,46,86,117,134,109,54" hai2="40,59,12,127,73,110,72,2,8,132,27,114,16" hai3="77,116,79,85,101,53,0,35,60,93,18,125,104"/><U92/><E62/><V99/><F110/><W14/><G0/><T47/><D124/><U122/><E54/><V130/><F127/><W84/><G116/><T17/><D57/><U97/><E46/><V22/><F2/><W30/><G104/><T78/><D78/><N who="3" m="29705" /><G30/><T37/><D37/><U6/><E117/><V33/><F33/><W128/><G128/><T4/><D38/><U34/><E34/><V52/><F130/><W87/><G35/><T50/><D50/><U20/><E6/><N who="0" m="2665" /><D1/><U111/><E20/><V135/><F40/><W55/><G125/><T115/><D115/><U25/><E25/><V74/><F99/><N who="3" m="59631" /><G60/><T121/><D121/><N who="1" m="46699" /><E113/><V67/><F67/><W24/><G24/><T42/><D42/><U75/><E75/><V98/><F98/><W131/><G131/><T69/><D69/><U76/><E134/><V21/><F114/><W90/><G90/><T39/><D39/><U29/><E29/><V61/><REACH who="2" step="1"/><F22/><AGARI ba="0,0" hai="14,18,22,53,55,84,85,87" m="59631,29705" machi="22" ten="30,1000,0" yaku="8,1" doraHai="7" who="3" fromWho="2" sc="230,0,280,0,240,-10,250,10" /><INIT seed="2,0,0,1,4,35" ten="230,280,230,260" oya="2" hai0="92,27,53,118,124,122,73,93,65,85,43,86,116" hai1="109,7,10,75,90,2,79,0,47,58,107,97,119" hai2="26,87,134,71,8,3,29,19,32,17,76,39,101" hai3="34,28,135,125,16,14,56,63,132,4,9,25,130"/><V112/><F112/><W51/><G51/><T11/><D122/><U54/><E119/><N who="0" m="45609" /><D73/><U78/><E109/><V82/><F134/><W21/><G130/><T98/><D65/><U104/><E47/><V95/><F39/><W72/><G72/><T41/><D53/><U57/><E57/><V13/><F71/><W55/><REACH who="3" step="1"/><G125/><REACH who="3" ten="230,280,230,250" step="2"/><T127/><D127/><U83/><E78/><V113/><F113/><W30/><G30/><T15/><D124/><U46/><E46/><V23/><F101/><W37/><G37/><T45/><D43/><U121/><E121/><V49/><F49/><W52/><G52/><T117/><D117/><U69/><E90/><V91/><F3/><AGARI ba="0,1" hai="3,4,9,14,16,21,25,28,34,55,56,63,132,135" machi="3" ten="40,8000,1" yaku="1,1,24,2,52,1,54,1,53,0" doraHai="35" doraHaiUra="68" who="3" fromWho="2" sc="230,0,280,0,230,-80,250,90" /><INIT seed="3,0,0,2,5,1" ten="230,280,150,340" oya="3" hai0="21,128,102,135,100,54,36,82,123,67,66,17,114" hai1="95,68,25,32,78,72,28,127,83,3,88,76,42" hai2="26,117,132,45,111,55,80,85,43,110,52,119,112" hai3="60,27,77,38,99,101,130,63,87,51,69,86,89"/><W118/><G118/><N who="2" m="45065" /><F85/><W70/><G38/><T12/><D123/><U94/><E127/><V74/><F26/><W97/><G130/><T113/><D128/><U58/><E68/><V0/><F80/><W104/><G51/><T65/><D36/><U126/><E126/><V14/><F14/><W48/><G48/><T40/><D135/><U109/><E109/><N who="2" m="41483" /><F74/><W23/><G77/><T121/><D40/><U13/><E94/><V64/><F0/><W106/><G27/><T84/><D54/><N who="2" m="20522" /><F64/><W71/><G23/><T2/><D2/><U22/><E13/><V81/><F81/><W29/><G29/><T50/><D82/><U131/><E131/><V10/><F10/><W108/><G108/><T6/><D66/><U8/><E32/><V98/><F98/><W57/><G89/><T91/><D65/><U39/><E78/><V35/><F35/><W53/><G99/><T18/><D67/><U105/><E105/><V7/><F7/><W44/><G104/><T129/><D6/><N who="1" m="1119" /><E88/><V16/><F16/><W11/><G11/><T30/><D91/><U125/><E95/><V9/><F9/><W37/><G60/><T103/><D129/><U116/><E125/><V56/><F56/><W90/><G90/><T24/><D18/><U122/><E116/><V115/><F132/><W134/><G134/><T120/><D17/><U19/><E58/><V96/><F96/><W79/><G79/><T4/><D21/><U93/><E19/><V20/><F20/><W92/><G106/><T41/><D30/><U47/><E93/><V107/><F107/><W49/><G63/><RYUUKYOKU ba="0,0" sc="230,-30,280,10,150,10,340,10" hai1="22,25,28,39,42,47,72,76,83,122" hai2="43,45,112,115" hai3="37,44,49,53,57,69,70,71,86,87,92,97,101" /><INIT seed="3,1,0,4,3,27" ten="200,290,160,350" oya="3" hai0="110,101,118,13,41,60,25,16,134,122,108,77,91" hai1="79,8,51,39,74,66,23,31,97,64,61,121,1" hai2="105,34,83,46,72,86,135,4,40,78,43,128,127" hai3="114,75,103,81,3,52,0,132,92,42,22,29,55"/><W20/><G114/><T7/><D122/><U12/><E121/><V9/><F135/><W15/><G132/><T62/><D134/><U63/><E39/><V89/><F128/><W35/><G35/><T99/><D118/><U32/><E74/><V129/><F129/><W45/><G0/><T115/><D115/><U112/><E79/><V59/><F127/><W57/><G3/><T104/><D77/><U119/><E112/><V102/><F34/><W67/><G22/><N who="0" m="13511" /><D41/><U10/><E1/><V116/><F116/><W24/><G15/><T44/><D44/><U2/><E51/><V6/><F43/><W80/><G75/><T33/><D33/><U95/><E2/><V50/><F59/><W117/><G117/><T38/><D38/><U47/><E47/><V96/><REACH who="2" step="1"/><F9/><REACH who="2" ten="200,290,150,350" step="2"/><W90/><G42/><T85/><D108/><U100/><E119/><V76/><F76/><W125/><G125/><T58/><D58/><U123/><E32/><V49/><F49/><W48/><G48/><T126/><D126/><U53/><E10/><V19/><F19/><W111/><G111/><T56/><D56/><N who="1" m="34959" /><E123/><V71/><F71/><W82/><G45/><T107/><D110/><U54/><E63/><V88/><F88/><W133/><G133/><T87/><D62/><U131/><E131/><V70/><F70/><W37/><G37/><T17/><D60/><U130/><E130/><V93/><AGARI ba="1,1" hai="4,6,40,46,50,72,78,83,86,89,93,96,102,105" machi="93" ten="20,12000,2" yaku="1,1,0,1,7,1,24,2,53,1" doraHai="27" doraHaiUra="106" who="2" fromWho="2" sc="200,-31,290,-31,150,133,350,-61" /><INIT seed="4,0,0,2,4,15" ten="169,259,283,289" oya="0" hai0="84,107,32,26,88,110,41,79,125,98,95,65,80" hai1="3,119,54,53,82,132,67,92,56,10,70,64,58" hai2="59,62,90,120,134,69,39,8,66,97,68,30,101" hai3="74,133,99,2,86,61,130,128,85,116,111,117,18"/><T28/><D125/><U102/><E3/><V35/><F120/><W9/><G74/><T47/><D110/><U38/><E102/><V113/><F113/><W71/><G111/><T22/><D65/><U131/><E82/><V34/><F39/><W112/><G112/><T11/><D11/><U25/><E10/><V129/><F129/><N who="3" m="49771" /><G133/><T29/><D107/><U135/><E25/><V76/><F134/><N who="1" m="51241" /><E92/><V46/><F46/><W103/><G61/><T4/><D4/><U14/><E14/><V21/><F76/><W48/><G48/><T51/><REACH who="0" step="1"/><D32/><REACH who="0" ten="159,259,283,289" step="2"/><U13/><E67/><V19/><F8/><W114/><G114/><T5/><D5/><U123/><E123/><V109/><F109/><W122/><G122/><T42/><D42/><U73/><E64/><V127/><F127/><W60/><G2/><T63/><D63/><U115/><E115/><V124/><F124/><W6/><G6/><T7/><D7/><U89/><E54/><V87/><F35/><W105/><G60/><T94/><D94/><U45/><E53/><V36/><F34/><W81/><G9/><T77/><D77/><U91/><E131/><V17/><F69/><W37/><G71/><T72/><D72/><U108/><E73/><V57/><F68/><W33/><G33/><T52/><D52/><U118/><E108/><V1/><F1/><W31/><G105/><T100/><D100/><U24/><E70/><V12/><F66/><W23/><G103/><T121/><D121/><U43/><E43/><V49/><F101/><W40/><G40/><T50/><D50/><U78/><E78/><RYUUKYOKU ba="0,1" sc="159,30,259,-10,283,-10,289,-10" hai0="22,26,28,29,41,47,51,79,80,84,88,95,98" /><INIT seed="4,1,1,3,4,95" ten="189,249,273,279" oya="0" hai0="13,85,1,83,48,18,31,46,94,25,101,8,63" hai1="78,6,28,103,129,73,122,64,39,11,32,127,44" hai2="116,77,89,45,9,16,56,111,91,59,20,87,81" hai3="53,2,69,58,92,49,37,33,106,51,121,10,97"/><T26/><D1/><N who="1" m="463" /><E64/><V99/><F111/><W38/><G33/><T102/><D63/><U43/><E103/><V27/><F116/><W75/><G75/><T90/><D94/><U128/><E122/><V100/><F45/><W76/><G76/><T66/><D66/><U96/><E127/><V98/><F9/><W72/><G72/><T0/><D0/><U123/><E96/><N who="2" m="36907" /><F100/><N who="0" m="38506" /><D31/><U133/><E133/><V65/><F65/><W14/><G2/><T110/><D110/><U104/><E104/><V124/><F124/><W60/><G121/><T17/><D17/><U29/><E123/><V120/><F120/><W132/><G132/><T114/><D114/><U86/><E86/><V93/><F93/><W57/><G69/><T35/><D35/><U21/><E21/><V23/><F20/><W135/><G106/><T84/><D84/><U113/><E32/><V19/><F19/><W61/><G38/><T71/><D71/><U24/><E29/><V105/><F105/><W22/><G22/><T131/><D131/><U52/><E129/><V88/><AGARI ba="1,1" hai="16,23,27,56,59,77,81,87,88,89,91" m="36907" machi="88" ten="30,12000,2" yaku="8,1,52,3,54,2" doraHai="95" who="2" fromWho="2" sc="189,-61,249,-31,273,133,279,-31" /><INIT seed="5,0,0,1,4,102" ten="128,218,406,248" oya="1" hai0="115,14,34,42,100,87,110,23,70,47,31,39,43" hai1="65,121,8,44,117,63,60,24,111,86,40,45,17" hai2="77,133,49,94,81,127,124,84,5,130,73,76,19" hai3="122,25,118,61,93,12,80,92,123,9,28,125,116"/><U95/><E117/><N who="3" m="45162" /><G125/><N who="2" m="48201" /><F49/><W75/><G61/><T52/><D110/><U27/><E121/><N who="3" m="46090" /><G80/><T82/><D115/><U18/><E111/><V7/><F133/><W104/><G104/><T131/><D131/><U62/><E65/><V48/><F130/><W79/><G79/><T98/><D70/><U85/><E8/><V135/><F135/><W3/><G3/><T37/><D34/><U72/><E72/><V51/><F51/><W132/><G75/><T15/><D43/><U97/><E40/><V38/><F38/><W78/><G78/><T36/><D14/><U91/><E27/><V106/><F106/><W10/><G10/><T57/><D82/><U33/><E33/><V0/><F77/><W32/><G132/><T128/><D87/><U108/><E108/><V74/><F0/><W55/><G55/><T83/><D83/><U53/><E24/><V90/><F73/><W41/><G41/><T20/><D128/><U13/><E18/><AGARI ba="0,0" hai="9,12,18,25,28,32,92,93" m="46090,45162" machi="18" ten="30,1000,0" yaku="12,1" doraHai="102" who="3" fromWho="1" sc="128,0,218,-10,406,0,248,10" /><INIT seed="6,0,0,4,0,91" ten="128,208,406,258" oya="2" hai0="121,1,45,11,101,130,98,36,127,71,79,134,49" hai1="111,37,29,88,108,6,120,75,99,39,89,12,105" hai2="23,92,65,68,61,31,21,5,90,97,78,48,32" hai3="27,124,30,135,59,57,72,85,22,62,123,119,84"/><V44/><F5/><W132/><G123/><T52/><D121/><U26/><E120/><V76/><F32/><W86/><G119/><T0/><D127/><U67/><E75/><V129/><F129/><W73/><G124/><T50/><D130/><U8/><E39/><V63/><F63/><W83/><G59/><T47/><D134/><N who="3" m="51241" /><G83/><T95/><D71/><U107/><E37/><V7/><F7/><W4/><G4/><T74/><D36/><U81/><E67/><AGARI ba="0,0" hai="22,27,30,57,62,67,72,73,84,85,86" m="51241" machi="67" ten="30,1000,0" yaku="20,1" doraHai="91" who="3" fromWho="1" sc="128,0,208,-10,406,0,258,10" /><INIT seed="7,0,0,4,0,110" ten="128,198,406,268" oya="3" hai0="16,92,88,115,53,30,13,73,43,4,106,91,68" hai1="117,56,35,108,34,29,89,122,90,32,96,119,27" hai2="131,121,45,130,38,44,81,129,111,67,3,70,124" hai3="41,50,132,1,103,17,104,63,80,15,93,49,62"/><W97/><G1/><T66/><D106/><U105/><E108/><V21/><F111/><W23/><G132/><T37/><D73/><U31/><E122/><V83/><F124/><W102/><G102/><T2/><D30/><U114/><E56/><V18/><F3/><W75/><G104/><T77/><D77/><U40/><E40/><N who="2" m="22551" /><F45/><W98/><G98/><T20/><D53/><U36/><E36/><V64/><F121/><W85/><G41/><T74/><D74/><U126/><E126/><V118/><F118/><N who="1" m="45065" /><E31/><V22/><F22/><W109/><G75/><T123/><D123/><U94/><E90/><V84/><F70/><W19/><G19/><T10/><D115/><U95/><E95/><V107/><F107/><W55/><G50/><T5/><D5/><U135/><E135/><V58/><F58/><W116/><G116/><T11/><D11/><U127/><E127/><V25/><F83/><W28/><G28/><T9/><D9/><U65/><E65/><V133/><F133/><W82/><G82/><T79/><D79/><AGARI ba="0,0" hai="18,21,25,64,67,79,81,84,129,130,131" m="22551" machi="79" ten="30,1000,0" yaku="19,1" doraHai="110" who="2" fromWho="0" sc="128,-10,198,0,406,10,268,0" owari="118,-38.0,198,-20.0,416,51.0,268,7.0" /></mjloggm>