<mjloggm ver="2.3"><GO type="169" lobby="0"/><UN n0="%E3%81%B4%E3%81%88%E3%81%AB%E3%82%93" n1="%E3%81%BE%E3%82%8A%E3%81%8B%E3%81%A1%E3%82%83%E3%82%93%E3%81%AD%E3%82%8B" n2="%E3%83%A1%E3%82%AC%E3%83%8D%30%65%78" n3="%73%7A%2E%64%31" dan="16,16,17,16" rate="2078.79,2030.43,2191.96,2100.46" sx="M,M,M,M"/><TAIKYOKU oya="0"/><INIT seed="0,0,0,0,1,131" ten="250,250,250,250" oya="0" hai0="107,118,105,86,25,90,51,17,48,20,59,114,124" hai1="35,109,67,21,49,98,38,72,134,94,47,2,39" hai2="104,8,41,4,115,135,56,43,129,92,10,30,5" hai3="132,87,32,123,133,71,66,101,85,18,52,80,122"/><T46/><D118/><U120/><E35/><V7/><F104/><W37/><G32/><T1/><D114/><U44/><E2/><V84/><F115/><W58/><G37/><T117/><D124/><U74/><E120/><N who="3" m="46122" /><G101/><T33/><D1/><U113/><E113/><V57/><F129/><W128/><G128/><T69/><D69/><U91/><E109/><V19/><F30/><W130/><G130/><T62/><D33/><U116/><E116/><V89/><F135/><N who="3" m="51787" /><G18/><T31/><D17/><U27/><E134/><V100/><F100/><W108/><G108/><T34/><D34/><U42/><E39/><V15/><F10/><W11/><G11/><T88/><D117/><U97/><E67/><V28/><F28/><W61/><G80/><T81/><D105/><U0/><E38/><V93/><F93/><W99/><G99/><T24/><D107/><U40/><E98/><V9/><F8/><W110/><G110/><T23/><D81/><U96/><E96/><V65/><F65/><W64/><G64/><T22/><D31/><U112/><E112/><V55/><REACH who="2" step="1"/><F56/><REACH who="2" ten="250,250,240,250" step="2"/><W73/><G73/><T26/><D59/><U36/><E74/><V126/><F126/><W106/><G106/><T75/><D75/><U53/><E72/><V82/><F82/><W70/><G66/><T77/><D86/><AGARI ba="0,1" hai="52,58,61,70,71,85,86,87" m="51787,46122" machi="86" ten="30,12000,2" yaku="13,1,20,1,52,3,54,1" doraHai="131" who="3" fromWho="0" sc="250,-120,250,0,240,0,250,130" /><INIT seed="1,0,0,2,1,43" ten="130,250,240,380" oya="1" hai0="19,106,78,15,130,131,53,68,31,64,107,76,82" hai1="18,21,24,37,23,14,88,45,127,104,26,120,2" hai2="52,115,119,83,96,123,35,55,4,75,71,114,73" hai3="72,95,77,51,44,9,6,121,3,63,10,87,0"/><U67/><E120/><V84/><F35/><W124/><G121/><T126/><D126/><U134/><E104/><V29/><F29/><W66/><G124/><T46/><D31/><U32/><E2/><V59/><F71/><W86/><G72/><T16/><D64/><U27/><E127/><V102/><F4/><W97/><G77/><N who="0" m="29803" /><D82/><U58/><E134/><V92/><F119/><W17/><G17/><N who="0" m="6731" /><D15/><U128/><E32/><V91/><F123/><W50/><G0/><T116/><D68/><U20/><E67/><V36/><F55/><W122/><G9/><T100/><D100/><U118/><E118/><V25/><F36/><W49/><G122/><T8/><D8/><U1/><E1/><V41/><F41/><W98/><G98/><T81/><D81/><U101/><E101/><V70/><F70/><W111/><G86/><T74/><D74/><U30/><E30/><V57/><F25/><W103/><G87/><T22/><D22/><U125/><E23/><V62/><REACH who="2" step="1"/><F59/><REACH who="2" ten="130,250,230,380" step="2"/><W108/><G108/><T61/><D116/><U129/><E125/><V132/><F132/><W110/><G111/><T11/><D11/><U34/><E34/><V56/><F56/><W135/><G110/><T60/><D53/><U12/><E21/><V54/><F54/><N who="3" m="29991" /><G135/><T5/><D5/><U133/><E133/><V79/><F79/><W40/><G40/><T38/><D38/><U48/><E37/><V80/><F80/><W39/><G39/><T89/><D60/><U112/><E20/><V69/><F69/><N who="3" m="42207" /><G6/><T99/><D61/><U13/><E18/><V7/><F7/><RYUUKYOKU ba="0,1" sc="130,-15,250,-15,230,15,380,15" hai2="52,57,62,73,75,83,84,91,92,96,102,114,115" hai3="3,10,50,51,95,97,103" /><INIT seed="2,1,1,4,3,110" ten="115,235,245,395" oya="2" hai0="122,103,10,12,88,5,2,42,133,125,58,56,69" hai1="9,121,32,30,60,76,24,19,38,34,25,67,20" hai2="41,71,84,68,102,108,83,15,18,13,51,59,106" hai3="120,28,93,82,63,111,31,99,61,17,46,97,134"/><V98/><F108/><W135/><G120/><T50/><D122/><U53/><E38/><V36/><F36/><W4/><G111/><T87/><D125/><U74/><E121/><V57/><F15/><W35/><G35/><T131/><D131/><U123/><E123/><V49/><F49/><W126/><G126/><T100/><D133/><N who="3" m="50697" /><G4/><T95/><D69/><U45/><E76/><V8/><F59/><N who="0" m="22570" /><D2/><U44/><E53/><V105/><F105/><W6/><G6/><T14/><D14/><U73/><E34/><V64/><F41/><W104/><G17/><T86/><D86/><U80/><E9/><V0/><F0/><W85/><G46/><AGARI ba="1,1" hai="5,10,12,42,46,50,87,88,95,100,103" m="22570" machi="46" ten="30,2000,0" yaku="8,1,54,1" doraHai="110" who="0" fromWho="3" sc="115,33,235,0,245,0,395,-23" /><INIT seed="3,0,0,3,1,83" ten="148,235,245,372" oya="3" hai0="118,102,7,21,18,23,110,55,78,32,42,95,111" hai1="84,54,76,70,121,4,123,122,1,71,51,79,103" hai2="38,37,67,86,60,29,97,64,112,69,27,96,13" hai3="90,120,66,127,109,50,63,124,26,128,135,40,41"/><W94/><G26/><T17/><D42/><U53/><E103/><V80/><F112/><W91/><G120/><T44/><D118/><U115/><E115/><V104/><F67/><W108/><G90/><T85/><D32/><U43/><E43/><N who="3" m="16458" /><G50/><N who="0" m="29127" /><D7/><U132/><E132/><V117/><F13/><W105/><G105/><T5/><D5/><U130/><E130/><V131/><F117/><W48/><G135/><T81/><D110/><N who="3" m="42601" /><G128/><T57/><D57/><U10/><E76/><V52/><F131/><W34/><G48/><T107/><D107/><U9/><E9/><V62/><F104/><W31/><G31/><T8/><D8/><U133/><E133/><V19/><F38/><W74/><G74/><T88/><D102/><U65/><E65/><V11/><F11/><W73/><G73/><T30/><D30/><U2/><E2/><V129/><F37/><W114/><G34/><T28/><D28/><U0/><E0/><V87/><F29/><W45/><G45/><T47/><D47/><U22/><E22/><N who="0" m="8201" /><D111/><U119/><E119/><V106/><F106/><W39/><G39/><T61/><D61/><U24/><E24/><V20/><F129/><W134/><G134/><T98/><AGARI ba="0,0" hai="17,18,78,81,85,88,95,98" m="8201,29127" machi="98" ten="30,4000,0" yaku="8,1,52,1,54,1" doraHai="83" who="0" fromWho="0" sc="148,40,235,-10,245,-10,372,-20" /><INIT seed="4,0,0,4,1,132" ten="188,225,235,352" oya="0" hai0="16,84,113,107,104,125,21,44,59,17,66,47,2" hai1="116,69,39,45,58,92,14,33,129,87,36,108,134" hai2="120,82,53,78,98,112,121,64,11,86,22,85,34" hai3="80,73,18,65,99,127,103,119,1,75,122,26,97"/><T6/><D113/><U50/><E69/><V30/><F34/><W29/><G119/><T32/><D32/><U0/><E33/><V55/><F112/><W88/><G122/><T46/><D125/><U9/><E0/><V93/><F64/><W31/><G1/><T19/><D21/><U25/><E25/><N who="2" m="16695" /><F120/><W62/><G18/><T95/><D6/><U41/><E108/><V105/><F105/><W61/><G26/><T54/><D66/><U118/><E134/><V102/><F121/><W35/><G35/><T114/><D2/><U13/><E13/><V77/><F11/><W57/><G57/><T123/><D114/><U68/><E68/><V111/><F111/><W91/><G65/><T133/><D133/><U48/><E39/><V81/><AGARI ba="0,0" hai="53,55,77,78,81,82,85,86,93,98,102" m="16695" machi="81" ten="30,1100,0" yaku="8,1" doraHai="132" who="2" fromWho="2" sc="188,-5,225,-3,235,11,352,-3" /><INIT seed="5,0,0,1,5,24" ten="183,222,246,349" oya="1" hai0="67,93,42,135,65,54,7,133,39,114,92,87,97" hai1="119,104,107,48,37,120,124,2,112,58,80,94,117" hai2="19,51,28,40,56,77,44,61,13,50,134,105,101" hai3="63,129,116,0,66,102,38,47,64,106,81,45,31"/><U85/><E2/><V88/><F134/><W111/><G0/><T69/><D114/><U5/><E5/><V131/><F131/><W55/><G129/><T123/><D123/><U3/><E3/><V53/><F77/><W15/><G111/><T8/><D54/><U90/><E37/><V98/><F88/><W1/><G116/><N who="1" m="44618" /><E58/><V126/><F126/><W11/><G1/><T95/><D69/><U35/><E48/><V60/><REACH who="2" step="1"/><F28/><REACH who="2" ten="183,222,236,349" step="2"/><W70/><G31/><T109/><D135/><U46/><E124/><V132/><F132/><W62/><G70/><T125/><D125/><U128/><E128/><V49/><F49/><W26/><G38/><T57/><D39/><U33/><E120/><V34/><F34/><W99/><G62/><T59/><D97/><U78/><E35/><V27/><F27/><W20/><G63/><T113/><D133/><U52/><E33/><V73/><F73/><W100/><G99/><T22/><D87/><U75/><E112/><V122/><F122/><W74/><G74/><T118/><D118/><U108/><E108/><V36/><F36/><W127/><G26/><T83/><D113/><U82/><E75/><V17/><F17/><W86/><G127/><T32/><D32/><U41/><E78/><V84/><F84/><W130/><G86/><T103/><D109/><U71/><E85/><V30/><F30/><W16/><G130/><T110/><D110/><U29/><E29/><V4/><F4/><W25/><G25/><T12/><D83/><U21/><E82/><V23/><AGARI ba="0,1" hai="13,19,23,40,44,50,51,53,56,60,61,98,101,105" machi="23" ten="20,2700,0" yaku="1,1,0,1,7,1,53,0" doraHai="24" doraHaiUra="115" who="2" fromWho="2" sc="183,-7,222,-13,236,37,349,-7" /><INIT seed="6,0,0,4,3,9" ten="176,209,273,342" oya="2" hai0="59,22,55,109,38,18,61,32,63,19,67,122,110" hai1="1,12,42,15,111,7,87,62,72,108,69,121,45" hai2="104,23,106,20,126,117,135,47,10,85,14,33,25" hai3="114,11,65,26,125,39,115,60,113,30,118,53,35"/><V96/><F117/><W50/><G118/><T77/><D122/><U84/><E72/><V36/><F33/><W107/><G107/><T56/><D32/><U70/><E7/><V13/><F135/><W28/><G28/><T89/><D38/><U80/><E62/><V74/><F74/><W17/><G39/><T131/><D131/><U119/><E119/><V91/><F126/><W116/><G116/><T2/><D2/><U29/><E29/><V24/><F10/><W34/><G125/><T124/><D124/><U99/><E99/><V68/><F68/><W58/><G34/><T79/><D89/><U21/><E21/><V71/><F71/><W86/><G86/><T100/><D100/><U75/><E75/><V92/><F47/><W4/><G17/><T57/><D57/><U52/><E80/><V76/><F36/><W3/><G50/><T31/><D31/><U133/><E45/><V5/><F5/><W127/><G127/><T51/><D51/><U73/><E73/><V97/><F76/><W64/><AGARI ba="0,0" hai="3,4,11,26,30,35,53,58,60,64,65,113,114,115" machi="64" ten="40,5200,0" yaku="0,1,15,1,11,1" doraHai="9" who="3" fromWho="3" sc="176,-13,209,-13,273,-26,342,52" /><INIT seed="7,0,0,4,1,20" ten="163,196,247,394" oya="3" hai0="118,37,119,74,78,9,45,12,36,32,111,43,29" hai1="88,60,80,41,135,49,6,81,134,21,42,99,95" hai2="73,112,57,59,98,8,31,13,27,23,35,108,109" hai3="62,90,4,106,67,91,96,76,131,103,52,15,69"/><W14/><G52/><T26/><D111/><U114/><E6/><V120/><F73/><W117/><G91/><T92/><D37/><U33/><E33/><V46/><F112/><W22/><G90/><T2/><D92/><U48/><E114/><V116/><F116/><W56/><G131/><T127/><D127/><U104/><E60/><V61/><F120/><W64/><G4/><N who="0" m="1175" /><D12/><U100/><E21/><V75/><F75/><W38/><G38/><T18/><D18/><U11/><E11/><V129/><F35/><W40/><G40/><N who="1" m="15466" /><E81/><AGARI ba="0,0" hai="26,29,32,36,43,45,74,78,81,118,119" m="1175" machi="81" ten="30,3900,0" yaku="25,1,23,1,52,1" doraHai="20" who="0" fromWho="1" sc="163,39,196,-39,247,0,394,0" owari="202,-20.0,157,-34.0,247,5.0,394,49.0" /></mjloggm>