<mjloggm ver="2.3"><GO type="185" lobby="0"/><UN n0="%73%68%6F%72%74%79" n1="%6B%2D%70%6F%69%6E%74" n2="%65%6C%75%6C%75" n3="" dan="16,17,17,0" rate="2219.11,2274.11,2283.69,1500.00" sx="M,M,M,C"/><TAIKYOKU oya="0"/><INIT seed="0,0,0,0,5,56" ten="350,350,350,0" oya="0" hai0="48,94,109,62,81,33,135,73,127,103,82,47,110" hai1="78,124,129,130,61,91,55,63,40,123,126,60,128" hai2="45,69,32,3,67,98,38,76,134,2,75,125,66" hai3=""/><T52/><D33/><U43/><N who="1" m="31520" /><U85/><E78/><V116/><F32/><T97/><D135/><U111/><E111/><N who="0" m="42505" /><D73/><U59/><E40/><V79/><F134/><T64/><D127/><N who="1" m="48683" /><E43/><V58/><F125/><T89/><D89/><U51/><E51/><V88/><F76/><T131/><D131/><U46/><E46/><V108/><F45/><T113/><D113/><U120/><N who="1" m="30752" /><U41/><E41/><V54/><F79/><T68/><AGARI ba="0,0" hai="47,48,52,62,64,68,81,82,94,97,103" m="42505" machi="68" ten="30,7800,0" yaku="14,1,10,1,52,1,54,1" doraHai="56" who="0" fromWho="0" sc="350,78,350,-39,350,-39,0,0" /><INIT seed="0,1,0,4,3,135" ten="428,311,311,0" oya="0" hai0="114,77,106,54,66,89,1,130,132,69,38,57,115" hai1="37,126,110,78,60,88,52,113,35,134,120,131,49" hai2="84,62,67,107,127,133,118,39,48,122,40,73,61" hai3=""/><T32/><D32/><U105/><RYUUKYOKU type="yao9" ba="1,0" sc="428,0,311,0,311,0,0,0" hai1="35,37,49,52,60,78,88,105,110,113,120,126,131,134" /><INIT seed="0,2,0,0,3,40" ten="428,311,311,0" oya="0" hai0="82,35,131,41,37,91,77,120,110,103,90,0,109" hai1="69,122,79,117,126,66,38,65,75,114,88,108,70" hai2="83,101,119,84,135,97,81,92,2,34,32,74,133" hai3=""/><T105/><N who="0" m="30752" /><T64/><D0/><U85/><N who="1" m="31264" /><U113/><E117/><V54/><F2/><T47/><D35/><U132/><E126/><V43/><F119/><T129/><D64/><U78/><E132/><N who="2" m="50763" /><F43/><T59/><D59/><U111/><E75/><V55/><F81/><T100/><D91/><U68/><E38/><V98/><F98/><T95/><D90/><U50/><E50/><V3/><F74/><T104/><D95/><U56/><E56/><V48/><F3/><T87/><D105/><U61/><E70/><V49/><F49/><T123/><N who="0" m="31520" /><T57/><D57/><U36/><E69/><V96/><F96/><T124/><D124/><U121/><N who="1" m="31008" /><U62/><E68/><V127/><F55/><T45/><D104/><U52/><E52/><V86/><F127/><T115/><D115/><U76/><E114/><V53/><F53/><T99/><D99/><U58/><E113/><V118/><F118/><T51/><D103/><U63/><E66/><V134/><F134/><T93/><D100/><U125/><E125/><V116/><F116/><T128/><D93/><U102/><E102/><V67/><F67/><T80/><D80/><U89/><E65/><V44/><F83/><T106/><D106/><RYUUKYOKU ba="2,0" sc="428,10,311,-20,311,10,0,0" hai0="37,41,45,47,51,77,82,87,109,110,128,129,131" hai2="32,34,44,48,54,84,86,92,97,101" /><INIT seed="0,3,0,5,1,58" ten="438,291,321,0" oya="0" hai0="43,71,47,33,105,97,50,84,46,125,133,115,48" hai1="96,134,121,39,55,101,111,3,92,114,77,32,123" hai2="66,74,53,69,135,110,80,41,126,120,103,87,83" hai3=""/><T132/><D115/><U62/><N who="1" m="31008" /><U124/><N who="1" m="31520" /><U128/><E3/><V38/><N who="2" m="30752" /><V79/><F135/><T37/><D33/><U81/><E32/><V89/><F126/><T65/><D125/><U68/><E124/><V61/><F110/><T36/><D84/><U60/><E111/><V35/><F35/><T109/><D109/><U116/><E116/><V117/><F117/><T130/><D97/><U0/><E0/><V44/><F53/><T85/><D85/><U122/><N who="1" m="31264" /><U56/><E134/><V1/><F1/><T118/><D105/><U91/><E39/><V131/><F103/><T102/><D102/><U95/><E114/><V67/><F67/><T59/><D118/><U64/><E128/><V76/><REACH who="2" step="1"/><F131/><REACH who="2" ten="438,291,311,0" step="2"/><T98/><D130/><U106/><REACH who="1" step="1"/><E91/><AGARI ba="3,1" hai="38,41,44,61,66,69,74,76,79,80,83,87,89,91" m="30752" machi="91" ten="40,8000,1" yaku="1,1,2,1,52,2,53,0" doraHai="58" doraHaiUra="112" who="2" fromWho="1" sc="438,0,291,-86,311,96,0,0" /><INIT seed="1,0,0,3,5,129" ten="438,205,407,0" oya="1" hai0="60,61,65,106,75,77,66,34,45,87,99,102,83" hai1="112,94,93,122,79,119,103,52,1,118,69,78,100" hai2="131,133,120,117,107,0,54,41,64,63,110,58,44" hai3=""/><U74/><N who="1" m="31264" /><U97/><E1/><V56/><N who="2" m="30752" /><V135/><F0/><T134/><D34/><U3/><E3/><V92/><F107/><T90/><D45/><U89/><E69/><V109/><F92/><T53/><D134/><N who="2" m="51210" /><F131/><T125/><D125/><U67/><E52/><V123/><N who="2" m="31520" /><V128/><F117/><N who="1" m="44553" /><E67/><V48/><F128/><T46/><D46/><U50/><E50/><AGARI ba="0,0" hai="41,44,48,50,54,56,58,63,64,109,110" m="31520,51210,30752" machi="50" ten="30,16000,3" yaku="20,1,34,2,52,5" doraHai="129" who="2" fromWho="1" sc="438,0,205,-160,407,160,0,0" /><INIT seed="2,0,0,1,5,124" ten="438,45,567,0" oya="2" hai0="96,126,111,117,32,131,49,57,89,93,127,3,70" hai1="77,90,86,119,98,1,134,37,79,101,76,60,100" hai2="52,67,55,41,73,95,130,71,68,66,34,58,125" hai3=""/><V53/><F73/><T133/><D117/><U40/><E1/><V45/><F34/><T97/><D3/><U128/><E119/><V82/><F82/><T0/><D0/><U135/><E60/><V103/><F125/><T56/><D70/><N who="2" m="26666" /><F95/><T99/><D32/><U112/><E112/><V104/><F103/><T61/><D93/><U36/><E40/><V84/><F84/><T83/><D83/><U35/><E35/><V115/><F104/><T63/><D89/><U50/><E50/><V64/><F115/><T39/><D99/><U116/><E116/><V78/><F78/><T105/><D105/><U65/><E65/><V69/><F69/><T51/><D97/><U74/><E74/><V109/><F109/><T81/><D96/><U33/><E33/><V92/><F92/><T46/><D111/><U110/><E110/><V47/><F130/><T38/><D131/><U91/><E128/><V88/><F88/><N who="1" m="33833" /><E86/><V108/><F108/><T42/><D126/><U54/><E98/><V114/><F114/><T72/><D72/><U94/><E100/><V106/><F106/><T48/><D127/><U85/><E101/><V80/><F41/><T121/><D42/><U44/><E94/><V75/><F58/><T129/><D129/><RYUUKYOKU ba="0,0" sc="438,-10,45,-10,567,20,0,0" hai2="45,47,52,53,55,64,66,67,75,80" /><INIT seed="2,1,0,2,3,59" ten="428,35,587,0" oya="2" hai0="92,79,39,64,66,46,36,76,37,119,105,117,118" hai1="41,126,55,116,91,40,121,44,129,84,94,135,82" hai2="97,134,124,52,131,106,74,122,43,47,32,1,86" hai3=""/><V53/><N who="2" m="31264" /><V128/><F74/><T65/><D105/><U114/><N who="1" m="31008" /><U69/><E114/><V38/><F1/><T48/><D92/><U2/><E2/><V60/><F32/><T35/><D35/><U110/><E110/><V33/><F33/><T133/><D133/><U70/><E135/><V51/><F134/><T49/><D46/><U57/><E129/><N who="2" m="49739" /><F124/><T45/><D45/><U73/><E126/><V88/><F60/><T71/><D71/><U93/><E116/><V90/><F38/><T77/><AGARI ba="1,0" hai="36,37,39,48,49,64,65,66,76,77,79,117,118,119" machi="77" ten="50,24000,5" yakuman="40" doraHai="59" who="0" fromWho="0" sc="428,242,35,-81,587,-161,0,0" owari="670,62.0,-46,-65.0,426,3.0,0,0.0" /></mjloggm>