<mjloggm ver="2.3"><GO type="169" lobby="0"/><UN n0="%EF%BC%98%EF%BC%90%EF%BC%90%EF%BC%98" n1="%E3%83%92%E3%83%AD%E3%83%92%E3%83%AD%E3%83%9E%E3%83%AB" n2="%E3%81%88%E3%81%84%E3%81%BF" n3="%E3%81%AE%E3%81%B3%E3%81%97%E3%82%8D%E2%99%82" dan="17,16,16,16" rate="2152.39,2157.71,2156.50,2119.89" sx="M,M,F,M"/><TAIKYOKU oya="0"/><INIT seed="0,0,0,3,2,31" ten="250,250,250,250" oya="0" hai0="82,19,131,63,37,119,7,29,38,50,14,44,9" hai1="25,124,47,87,2,97,24,135,96,100,115,22,16" hai2="46,33,67,108,130,95,3,15,105,134,11,62,88" hai3="66,59,28,5,132,77,23,85,103,8,60,54,10"/><T18/><D119/><U1/><E135/><V91/><F105/><W71/><G132/><T57/><D131/><U53/><E124/><V17/><F134/><W106/><G10/><T92/><D29/><U72/><E72/><V107/><F107/><W21/><G28/><T61/><D92/><U128/><E128/><V64/><F130/><W86/><G86/><T127/><D127/><U133/><E133/><V113/><F113/><W123/><G123/><T89/><D38/><U48/><E115/><V68/><F108/><W55/><G55/><T65/><D37/><U43/><E96/><V27/><F3/><W20/><G106/><T84/><REACH who="0" step="1"/><D63/><REACH who="0" ten="240,250,250,250" step="2"/><U52/><E24/><V78/><F27/><W111/><G111/><T49/><D49/><U122/><E122/><V58/><F95/><W112/><G112/><T69/><D69/><U74/><E74/><V40/><F68/><W104/><G104/><T51/><D51/><U121/><E121/><V45/><F62/><W36/><G36/><T90/><D90/><U56/><E87/><V102/><F91/><W126/><G126/><T80/><D80/><U26/><E25/><V35/><F88/><W114/><G114/><T118/><D118/><U110/><E110/><V13/><F102/><W81/><G103/><T117/><D117/><U129/><E129/><V93/><F93/><W98/><G71/><T120/><D120/><U73/><E73/><V75/><F75/><W76/><G76/><T83/><D83/><U42/><E100/><V6/><F78/><W125/><G125/><T79/><D79/><U0/><E48/><RYUUKYOKU ba="0,1" sc="240,30,250,-10,250,-10,250,-10" hai0="7,9,14,18,19,44,50,57,61,65,82,84,89" /><INIT seed="0,1,1,3,2,114" ten="270,240,240,240" oya="0" hai0="122,117,74,13,126,105,51,115,78,65,111,14,109" hai1="79,103,16,82,80,124,59,90,15,52,134,25,35" hai2="119,43,116,133,76,21,28,38,1,129,18,39,19" hai3="64,24,131,61,2,20,92,47,121,27,8,9,3"/><T42/><D115/><U34/><E134/><V101/><F133/><W56/><G131/><T97/><D122/><U4/><E124/><V100/><F129/><W86/><G121/><T110/><D65/><U22/><E103/><N who="2" m="39499" /><F1/><W83/><G27/><T33/><D33/><U32/><E90/><V93/><F76/><W72/><G72/><T71/><D71/><U120/><E120/><V26/><F93/><W106/><G106/><T63/><D63/><U46/><E46/><N who="2" m="23927" /><F39/><W68/><G92/><T107/><D97/><U66/><E66/><V30/><F30/><W98/><G98/><T0/><D0/><U113/><E113/><V77/><F77/><W75/><G75/><T12/><D126/><U44/><E44/><V70/><F70/><W31/><G68/><T108/><D108/><U118/><E79/><V41/><F41/><W29/><G29/><T95/><D95/><U58/><E80/><V87/><F87/><W36/><G2/><T94/><D94/><U11/><E82/><V99/><F99/><W53/><G3/><T89/><D89/><U37/><E37/><V123/><F123/><W125/><G125/><T130/><D130/><U17/><E58/><V6/><F6/><W104/><G104/><N who="0" m="40011" /><D78/><U132/><E4/><V10/><F10/><W5/><G5/><T96/><D96/><U40/><E40/><V62/><F62/><W49/><REACH who="3" step="1"/><G36/><REACH who="3" ten="270,240,240,230" step="2"/><T112/><D74/><U57/><E132/><V81/><F81/><W88/><AGARI ba="1,2" hai="8,9,20,24,31,47,49,53,56,61,64,83,86,88" machi="88" ten="20,12000,2" yaku="1,1,2,1,0,1,7,1,8,1,54,1,53,0" doraHai="114" doraHaiUra="67" who="3" fromWho="3" sc="270,-61,240,-31,240,-31,230,143" /><INIT seed="1,0,0,5,3,110" ten="209,209,209,373" oya="1" hai0="77,10,3,56,98,54,102,11,49,84,76,119,8" hai1="104,83,122,53,0,127,86,91,123,25,59,63,95" hai2="9,50,115,130,132,118,120,19,129,68,93,116,73" hai3="30,69,55,106,36,12,99,96,38,101,22,109,121"/><U80/><E0/><V20/><F73/><W24/><G109/><T88/><D119/><N who="2" m="45610" /><F68/><W66/><G121/><T111/><D111/><U117/><E104/><V51/><F93/><W85/><G99/><T7/><D98/><U52/><E117/><V70/><F70/><W21/><G55/><T133/><D102/><U94/><E127/><V45/><F51/><W27/><G12/><T124/><D133/><U81/><E25/><N who="2" m="14495" /><F50/><W17/><REACH who="3" step="1"/><G85/><REACH who="3" ten="209,209,209,363" step="2"/><T1/><D124/><U67/><E123/><V13/><F120/><W33/><G33/><T39/><D3/><U29/><E122/><V32/><F32/><W82/><G82/><T126/><D126/><U74/><E74/><V131/><F45/><W128/><G128/><T72/><D72/><U90/><REACH who="1" step="1"/><E29/><REACH who="1" ten="209,199,209,363" step="2"/><V34/><F131/><W48/><G48/><T75/><D75/><U15/><E15/><V65/><F130/><W103/><G103/><T28/><D28/><U62/><E62/><AGARI ba="0,2" hai="17,21,22,24,27,30,36,38,62,66,69,96,101,106" machi="62" ten="40,1300,0" yaku="1,1,53,0" doraHai="110" doraHaiUra="46" who="3" fromWho="1" sc="209,0,199,-13,209,0,363,33" /><INIT seed="2,0,0,1,4,73" ten="209,186,209,396" oya="2" hai0="124,18,41,77,88,84,67,7,87,106,93,56,125" hai1="85,76,55,15,99,62,58,50,96,122,101,102,92" hai2="60,59,64,69,100,57,107,130,81,53,48,78,26" hai3="135,12,25,13,66,128,79,34,94,83,39,63,28"/><V23/><F130/><W91/><G135/><T19/><D106/><U44/><E122/><V80/><F107/><W43/><G128/><T111/><D111/><U72/><E72/><V17/><F100/><W42/><G42/><T32/><D32/><U68/><E68/><V49/><REACH who="2" step="1"/><F78/><REACH who="2" ten="209,186,199,396" step="2"/><W45/><G79/><T70/><D77/><U118/><E118/><V36/><F36/><W14/><G39/><T54/><D124/><U8/><E102/><V98/><F98/><W126/><G126/><T35/><D125/><U95/><E96/><V10/><F10/><W117/><G117/><T65/><D87/><U52/><E76/><V110/><F110/><W90/><G91/><T133/><D133/><U105/><REACH who="1" step="1"/><E85/><REACH who="1" ten="209,176,199,396" step="2"/><V127/><F127/><W38/><G90/><T37/><D84/><U86/><E86/><V109/><F109/><W104/><G83/><T113/><D88/><U3/><E3/><V119/><F119/><W89/><G89/><T24/><D93/><U132/><E132/><V47/><F47/><W115/><G94/><T9/><D70/><U40/><E40/><V74/><F74/><W27/><G104/><T1/><D41/><U103/><E103/><V4/><F4/><AGARI ba="0,2" hai="4,8,15,44,50,52,55,58,62,92,95,99,101,105" machi="4" ten="30,3900,0" yaku="1,1,7,1,54,1,53,0" doraHai="73" doraHaiUra="116" who="1" fromWho="2" sc="209,0,176,59,199,-39,396,0" /><INIT seed="3,0,0,0,4,19" ten="209,235,160,396" oya="3" hai0="108,40,12,8,106,28,23,129,31,89,120,34,22" hai1="124,14,93,78,67,69,47,74,104,75,56,118,25" hai2="80,122,59,24,53,44,20,42,61,33,71,86,60" hai3="97,1,109,66,65,62,96,48,3,81,51,43,58"/><W37/><G109/><T119/><D119/><U11/><E104/><V38/><F122/><W116/><G116/><T105/><D120/><U21/><E69/><V72/><F72/><W27/><G37/><T32/><D40/><U13/><E124/><V98/><F33/><N who="0" m="12906" /><D89/><U128/><E128/><V127/><F127/><W52/><G51/><T15/><D108/><U107/><E107/><N who="0" m="40969" /><D8/><U70/><E70/><V88/><F98/><W95/><G97/><T117/><D117/><U92/><E47/><V0/><F0/><W18/><G81/><T84/><D84/><U85/><E74/><V130/><F130/><W135/><G135/><T9/><D9/><U73/><E75/><V115/><F71/><W100/><G43/><T45/><D45/><U41/><E73/><V76/><F76/><W110/><G110/><T125/><D125/><U29/><E41/><V7/><F7/><W46/><REACH who="3" step="1"/><G66/><REACH who="3" ten="209,235,160,386" step="2"/><T50/><D50/><U123/><E118/><V36/><F36/><W126/><G126/><T79/><D129/><U10/><E123/><V6/><F38/><W131/><G131/><T2/><D79/><U54/><E67/><V113/><F42/><W5/><G5/><T91/><D91/><U132/><E78/><V57/><F6/><W112/><G112/><T102/><D102/><U64/><E64/><V39/><F39/><W82/><G82/><T83/><D83/><U114/><E114/><V94/><F80/><W134/><G134/><T77/><D77/><U49/><E132/><V87/><F113/><W55/><G55/><T26/><D2/><U4/><E85/><RYUUKYOKU ba="0,1" sc="209,10,235,10,160,-30,386,10" hai0="12,15,22,23,26,28,31" hai1="4,10,11,13,14,21,25,29,49,54,56,92,93" hai3="1,3,18,27,46,48,52,58,62,65,95,96,100" /><INIT seed="3,1,1,3,2,96" ten="219,245,130,396" oya="3" hai0="69,48,3,118,60,114,25,79,13,116,49,132,53" hai1="32,125,24,74,83,65,76,115,45,57,104,30,44" hai2="0,110,8,40,7,28,12,131,62,22,58,33,70" hai3="77,87,122,2,88,135,120,35,105,16,130,133,61"/><W91/><G2/><T43/><D3/><U100/><E115/><V119/><F70/><W54/><G35/><T129/><D132/><N who="3" m="50761" /><G130/><T26/><D129/><U55/><E125/><V81/><F131/><W106/><G77/><T93/><D79/><U50/><REACH who="1" step="1"/><E65/><REACH who="1" ten="219,235,130,396" step="2"/><V72/><F110/><W21/><G120/><T1/><D114/><U97/><AGARI ba="1,2" hai="24,30,32,44,45,50,55,57,74,76,83,97,100,104" machi="97" ten="30,7900,0" yaku="1,1,2,1,0,1,52,1,53,0" doraHai="96" doraHaiUra="80" who="1" fromWho="1" sc="219,-21,235,102,130,-21,396,-40" /><INIT seed="4,0,0,4,2,78" ten="198,337,109,356" oya="0" hai0="121,116,33,5,20,69,107,2,102,118,128,97,36" hai1="29,106,13,70,90,21,95,91,6,46,24,64,31" hai2="38,4,54,110,27,109,65,93,92,40,50,3,77" hai3="120,85,32,96,122,133,0,108,125,134,55,57,129"/><T62/><D121/><N who="3" m="46697" /><G108/><T9/><D128/><U89/><E106/><V135/><F65/><W58/><G0/><T87/><D36/><U100/><E70/><V8/><F135/><N who="3" m="51723" /><G32/><T101/><D101/><U19/><E64/><V34/><F40/><W131/><G96/><T71/><D33/><U7/><E46/><V127/><F38/><W86/><G125/><T66/><D71/><U112/><E112/><V59/><F127/><W126/><G126/><T88/><REACH who="0" step="1"/><D20/><REACH who="0" ten="188,337,109,356" step="2"/><U41/><E100/><V1/><F34/><W76/><G131/><T130/><D130/><U111/><E111/><V119/><F110/><W49/><G129/><T105/><D105/><U45/><E95/><AGARI ba="0,1" hai="2,5,9,62,66,69,87,88,95,97,102,107,116,118" machi="95" ten="30,11600,0" yaku="1,1,7,1,54,1,53,1" doraHai="78" doraHaiUra="60" who="0" fromWho="1" sc="188,126,337,-116,109,0,356,0" /><INIT seed="4,1,0,2,4,7" ten="314,221,109,356" oya="0" hai0="47,97,106,103,126,96,40,55,14,76,61,49,15" hai1="112,91,121,58,22,125,37,31,21,46,94,25,67" hai2="8,60,124,65,78,39,27,128,42,53,116,52,130" hai3="13,45,0,48,82,50,120,133,1,99,32,89,117"/><T107/><D126/><U114/><E121/><V11/><F124/><W93/><G133/><T57/><REACH who="0" step="1"/><D76/><REACH who="0" ten="304,221,109,356" step="2"/><U68/><E125/><V115/><F78/><W132/><G120/><T26/><D26/><U109/><E109/><V73/><F27/><W72/><G117/><T134/><D134/><U2/><E25/><V105/><F116/><W4/><G132/><T38/><D38/><U6/><E37/><V44/><F115/><W69/><G72/><T131/><D131/><N who="2" m="50218" /><F73/><W62/><G69/><T28/><D28/><U74/><E31/><V84/><F105/><W56/><G32/><T92/><D92/><U19/><E74/><V41/><F84/><W129/><G93/><T3/><D3/><U36/><E36/><V17/><F42/><W127/><G0/><T16/><D16/><U66/><E68/><N who="2" m="42023" /><F17/><W110/><G1/><T80/><D80/><U70/><E70/><V30/><F30/><W5/><G82/><T77/><D77/><U111/><E111/><V118/><F118/><W88/><G110/><T102/><AGARI ba="1,1" hai="14,15,40,47,49,55,57,61,96,97,102,103,106,107" machi="102" ten="30,6000,0" yaku="1,1,0,1,9,1,53,0" doraHai="7" doraHaiUra="12" who="0" fromWho="0" sc="304,73,221,-21,109,-21,356,-21" /><INIT seed="4,2,0,4,5,104" ten="377,200,88,335" oya="0" hai0="61,83,90,51,52,105,15,110,94,59,20,82,34" hai1="92,81,128,112,41,58,132,40,100,122,19,69,25" hai2="124,113,87,3,0,76,79,9,32,1,120,5,14" hai3="4,26,2,107,74,33,67,91,18,48,6,134,114"/><T23/><D105/><U55/><E69/><V102/><F120/><W16/><G114/><T117/><D34/><U123/><E112/><V44/><F113/><W24/><G134/><T64/><D117/><U38/><E132/><V63/><F124/><W99/><G74/><T47/><D110/><U62/><E128/><V37/><F32/><W135/><G135/><T10/><D83/><U78/><E38/><V45/><F102/><W60/><G26/><T31/><D31/><U35/><E123/><V119/><F119/><W39/><G39/><T80/><D80/><U103/><E122/><V116/><F116/><W21/><G48/><T66/><D66/><U57/><E35/><V95/><F37/><W133/><G133/><T126/><D82/><U98/><E103/><V54/><F63/><W12/><G2/><T53/><D64/><U73/><E58/><V71/><F71/><N who="3" m="42471" /><G91/><T43/><D53/><U89/><REACH who="1" step="1"/><E100/><REACH who="1" ten="377,190,88,335" step="2"/><V29/><F44/><W70/><G70/><T56/><D56/><U13/><E13/><V88/><REACH who="2" step="1"/><F29/><REACH who="2" ten="377,190,78,335" step="2"/><W129/><G33/><T108/><D126/><U50/><E50/><AGARI ba="2,2" hai="0,1,3,5,9,14,45,50,54,76,79,87,88,95" machi="50" ten="40,5200,0" yaku="1,1,2,1,54,1,53,0" doraHai="104" doraHaiUra="106" who="2" fromWho="1" sc="377,0,190,-58,78,78,335,0" /><INIT seed="5,0,0,3,4,80" ten="377,132,156,335" oya="1" hai0="112,62,118,36,83,42,56,38,58,123,72,106,128" hai1="11,47,31,84,114,4,66,7,130,14,100,126,49" hai2="18,13,125,90,43,10,64,71,86,98,25,6,131" hai3="33,120,110,27,75,73,46,26,67,108,127,132,135"/><U51/><E114/><V99/><F131/><W16/><G67/><T32/><D32/><U23/><E130/><V40/><F125/><W52/><G120/><T70/><D106/><U78/><E126/><V81/><F64/><W37/><G127/><T45/><D128/><U63/><E4/><V22/><REACH who="2" step="1"/><F71/><REACH who="2" ten="377,132,146,335" step="2"/><W82/><G110/><T57/><D70/><U113/><E113/><V111/><F111/><W88/><G108/><T1/><D112/><U48/><E100/><V129/><F129/><W54/><G135/><T77/><D123/><U124/><E124/><V97/><AGARI ba="0,1" hai="6,10,13,18,22,25,40,43,81,86,90,97,98,99" machi="97" ten="30,7900,0" yaku="1,1,0,1,8,1,52,1,53,0" doraHai="80" doraHaiUra="30" who="2" fromWho="2" sc="377,-20,132,-39,146,89,335,-20" /><INIT seed="6,0,0,4,4,81" ten="357,93,235,315" oya="2" hai0="1,8,129,10,23,88,71,39,74,123,104,62,47" hai1="131,107,122,135,24,119,51,55,61,11,30,85,133" hai2="76,35,118,18,101,63,94,124,80,20,27,134,42" hai3="54,38,60,111,12,5,0,22,56,69,2,100,113"/><V64/><F118/><W53/><G111/><T126/><D123/><U50/><E122/><V103/><F134/><N who="1" m="51209" /><E107/><V19/><F124/><W92/><G113/><T82/><D104/><U96/><E96/><V87/><F35/><W4/><G38/><T6/><D126/><U90/><E119/><V70/><F42/><W36/><G36/><T89/><D10/><U3/><E131/><V65/><F65/><W25/><G5/><T102/><D23/><U117/><E117/><V9/><F9/><W125/><G125/><T78/><D102/><U84/><E90/><V16/><REACH who="2" step="1"/><F94/><REACH who="2" ten="357,93,225,315" step="2"/><W93/><G93/><T109/><D129/><U59/><E11/><V79/><F79/><W130/><G92/><T57/><D109/><U120/><E120/><V86/><F86/><N who="1" m="33385" /><E3/><V26/><F26/><W7/><G25/><T127/><D127/><U34/><AGARI ba="0,1" hai="24,30,34,50,51,55,59,61" m="33385,51209" machi="34" ten="30,7900,0" yaku="20,1,52,3" doraHai="81" who="1" fromWho="1" sc="357,-20,93,89,225,-39,315,-20" /><INIT seed="7,0,0,0,1,93" ten="337,182,186,295" oya="3" hai0="62,73,95,121,36,130,124,13,98,7,23,47,74" hai1="134,86,35,113,135,4,115,6,55,30,94,42,16" hai2="65,21,15,87,54,33,78,10,104,71,0,45,19" hai3="34,32,120,100,43,27,69,117,11,58,92,82,51"/><W79/><G120/><T59/><D121/><U2/><E42/><V56/><F104/><W60/><G117/><T5/><D124/><U46/><E46/><V39/><F33/><W72/><G69/><T24/><D130/><U52/><E35/><V75/><F71/><W118/><G118/><T29/><D74/><U106/><E106/><V125/><F75/><W9/><G34/><T131/><D73/><U132/><E30/><V67/><F125/><W22/><G32/><T128/><D47/><U122/><E122/><V97/><F97/><N who="3" m="59431" /><G51/><T41/><D41/><U119/><E119/><V102/><F102/><W129/><G43/><T64/><D36/><U18/><E86/><V8/><F39/><W53/><G129/><N who="0" m="49739" /><D13/><U28/><E94/><V12/><F45/><W26/><G26/><T83/><D83/><U14/><E28/><V81/><F0/><W99/><G99/><T127/><D127/><U37/><E37/><V70/><F12/><W61/><G61/><T76/><D76/><U3/><E135/><V101/><F70/><W96/><G96/><T31/><D31/><U114/><E114/><V84/><F84/><W109/><G109/><T111/><D111/><U116/><E116/><V68/><F68/><W105/><G105/><T49/><D49/><U57/><E14/><V89/><F78/><W85/><G72/><T133/><D133/><U107/><E107/><V77/><F77/><W88/><G79/><T48/><D48/><U123/><E123/><V112/><F112/><W103/><G103/><AGARI ba="0,0" hai="5,7,23,24,29,59,62,64,95,98,103" m="49739" machi="103" ten="30,3900,0" yaku="25,1,19,1,52,1" doraHai="93" who="0" fromWho="3" sc="337,39,182,0,186,0,295,-39" owari="376,47.0,182,-32.0,186,-21.0,256,6.0" /></mjloggm>