<mjloggm ver="2.3"><GO type="169" lobby="0"/><UN n0="%63%68%69%73%73" n1="%6D%61%72%63%68%61%6F%7A" n2="%E9%87%8E%E3%80%85%E5%AE%AE%E8%97%8D" n3="%E3%81%8B%E3%81%A4%E3%81%BF%E3%82%93%E3%81%94%EF%BC%81" dan="17,17,17,17" rate="2104.01,2151.03,2186.45,2160.27" sx="M,M,F,M"/><TAIKYOKU oya="0"/><INIT seed="0,0,0,3,0,85" ten="250,250,250,250" oya="0" hai0="30,55,70,92,1,32,33,100,14,50,126,114,73" hai1="52,51,87,7,102,12,9,16,40,54,131,99,125" hai2="35,62,84,90,19,10,58,115,98,69,6,72,110" hai3="67,79,76,95,22,128,80,82,41,3,88,103,127"/><T123/><D114/><U134/><E125/><V20/><F110/><W78/><G3/><T86/><D123/><U117/><E131/><V45/><F35/><W116/><G116/><T108/><D73/><U59/><E134/><V132/><F132/><W43/><G127/><T71/><D1/><U36/><E117/><V135/><F115/><W65/><G103/><T77/><D33/><U122/><E122/><V120/><F45/><W130/><G22/><T23/><D126/><U11/><E36/><V63/><F72/><W37/><G37/><T75/><D75/><U8/><E40/><N who="3" m="15434" /><G130/><T101/><D101/><U57/><E87/><V66/><F98/><N who="3" m="57703" /><G128/><T31/><D100/><U15/><E11/><V74/><F74/><W113/><G113/><T106/><D106/><U64/><E64/><AGARI ba="0,0" hai="64,65,67,76,78,79,80,82" m="57703,15434" machi="64" ten="30,3900,0" yaku="8,1,52,1,54,1" doraHai="85" who="3" fromWho="1" sc="250,0,250,-39,250,0,250,39" /><INIT seed="1,0,0,4,5,58" ten="250,211,250,289" oya="1" hai0="70,15,39,66,9,76,56,117,125,95,113,35,101" hai1="133,87,20,86,99,108,5,57,0,123,3,132,33" hai2="62,71,90,43,64,122,77,107,81,83,112,78,75" hai3="21,19,41,27,8,60,34,118,22,37,100,25,36"/><U51/><E123/><V84/><F122/><W106/><G118/><T115/><D117/><U120/><E120/><V52/><F107/><W46/><G34/><T42/><D125/><U129/><E33/><V126/><F126/><W105/><G8/><T116/><D116/><U2/><E5/><V119/><F119/><W61/><G100/><T109/><D109/><U94/><E129/><V74/><F43/><W82/><G82/><T111/><D111/><U103/><E108/><V50/><F112/><W53/><G53/><T91/><D70/><U65/><E20/><V10/><F10/><W80/><G80/><T30/><D101/><U92/><E92/><V55/><F50/><W24/><G24/><T1/><D76/><U68/><E68/><V128/><F128/><W49/><G49/><T59/><D59/><U96/><E96/><V48/><F48/><W31/><REACH who="3" step="1"/><G37/><REACH who="3" ten="250,211,250,279" step="2"/><T12/><D113/><U93/><E93/><AGARI ba="0,1" hai="52,55,62,64,71,74,75,77,78,81,83,84,90,93" machi="93" ten="30,7700,0" yaku="7,1,9,1,52,1,54,1" doraHai="58" who="2" fromWho="1" sc="250,0,211,-77,250,87,279,0" /><INIT seed="2,0,0,3,4,44" ten="250,134,337,279" oya="2" hai0="75,103,45,57,126,113,135,105,50,79,48,27,107" hai1="18,97,72,56,42,84,117,6,61,59,10,41,67" hai2="87,13,108,111,12,11,52,102,86,25,89,47,29" hai3="90,24,78,127,70,66,133,96,81,116,106,5,20"/><V51/><F102/><W128/><G116/><T68/><D68/><U54/><E72/><V110/><F11/><W28/><G128/><T63/><D113/><U7/><E117/><V125/><F125/><W73/><G127/><T80/><D126/><U36/><E36/><V1/><F1/><W77/><G133/><T71/><D135/><U115/><E115/><V53/><F53/><W83/><G5/><T120/><D120/><U35/><E35/><N who="2" m="20911" /><F86/><W129/><G129/><T114/><D114/><U23/><E97/><V121/><F121/><W46/><G46/><T95/><D71/><U94/><E10/><V82/><AGARI ba="0,0" hai="12,13,47,51,52,82,87,89,108,110,111" m="20911" machi="82" ten="30,11700,0" yaku="14,1,10,1,52,1,54,1" doraHai="44" who="2" fromWho="2" sc="250,-39,134,-39,337,117,279,-39" /><INIT seed="2,1,0,5,3,82" ten="211,95,454,240" oya="2" hai0="133,91,76,120,37,69,46,11,66,26,71,12,59" hai1="128,67,24,105,40,110,134,118,25,93,57,22,64" hai2="88,14,102,49,61,7,15,60,95,47,72,19,117" hai3="78,114,73,41,109,86,21,99,58,131,122,33,129"/><V20/><F72/><W79/><G33/><T77/><D120/><U90/><E105/><V50/><F102/><W43/><G114/><T97/><D133/><U36/><E110/><V132/><F117/><W124/><G109/><T103/><D71/><U75/><E75/><V51/><F47/><W53/><G122/><T74/><D69/><U16/><E128/><V6/><F132/><W135/><G135/><T119/><D119/><U0/><E0/><V28/><F28/><W8/><G73/><T17/><D74/><U52/><E118/><V63/><REACH who="2" step="1"/><F15/><REACH who="2" ten="211,95,444,240" step="2"/><W116/><G116/><T3/><D3/><U31/><E134/><V92/><F92/><W42/><G129/><T111/><D103/><U94/><E93/><V27/><F27/><W107/><G131/><T29/><D111/><U5/><E25/><V87/><AGARI ba="1,1" hai="6,7,14,19,20,49,50,51,60,61,63,87,88,95" machi="87" ten="30,12000,1" yaku="1,1,0,1,8,1,52,1,54,1,53,0" doraHai="82" doraHaiUra="113" who="2" fromWho="2" sc="211,-41,95,-41,444,133,240,-41" /><INIT seed="2,2,0,0,5,122" ten="170,54,577,199" oya="2" hai0="101,93,124,90,67,135,28,32,132,19,102,89,59" hai1="119,47,109,30,88,81,129,58,98,49,133,56,103" hai2="123,116,46,87,14,21,57,73,10,7,77,71,92" hai3="115,8,86,16,114,72,54,78,45,99,3,36,83"/><V25/><F71/><W130/><G130/><T51/><D124/><U112/><E129/><V61/><F123/><W1/><G99/><T94/><D32/><U23/><E119/><V66/><F116/><W52/><G86/><T69/><D28/><U110/><E112/><N who="3" m="43050" /><G36/><T76/><D69/><U35/><E35/><V68/><F46/><W70/><G70/><T27/><D67/><U65/><E133/><V12/><F68/><W0/><G45/><T55/><D76/><U13/><E58/><V5/><F73/><W113/><N who="3" m="43058" /><W40/><DORA hai="128" /><G40/><T6/><D6/><U17/><E30/><V106/><F106/><W127/><G127/><T84/><D19/><U62/><E81/><N who="2" m="47535" /><F92/><W43/><G43/><T80/><D27/><U131/><E131/><V37/><F37/><W121/><G121/><T105/><D105/><U33/><E33/><V64/><F64/><W18/><G18/><T38/><D38/><U4/><E4/><N who="2" m="3143" /><F25/><W60/><G60/><T41/><D41/><U100/><E100/><N who="0" m="38505" /><D90/><U118/><E118/><V104/><F104/><W82/><G83/><T44/><D44/><U26/><E26/><V42/><F42/><W97/><G97/><T20/><D20/><U22/><E22/><V9/><F21/><W117/><G117/><T95/><D80/><U107/><REACH who="1" step="1"/><E88/><REACH who="1" ten="170,44,577,199" step="2"/><V31/><F31/><W11/><G11/><T50/><D59/><U75/><E75/><V39/><F39/><W29/><G29/><T125/><D89/><U134/><E134/><N who="0" m="51241" /><D125/><U34/><E34/><V126/><F126/><W15/><AGARI ba="2,1" hai="0,1,3,8,15,16,52,54,72,78,82" m="43058" machi="15" ten="50,6400,0" yaku="11,1,54,2" doraHai="122,128" who="3" fromWho="3" sc="170,-18,44,-18,577,-34,199,80" /><INIT seed="3,0,0,0,5,111" ten="152,26,543,279" oya="3" hai0="132,61,16,1,17,116,107,35,93,33,14,22,55" hai1="25,129,92,82,37,12,60,18,29,2,43,23,7" hai2="9,28,102,50,86,72,26,117,89,85,90,127,68" hai3="134,4,100,40,54,24,13,101,133,131,77,70,130"/><W114/><G70/><T91/><D132/><N who="3" m="50793" /><G40/><T15/><D116/><U41/><E129/><N who="3" m="49162" /><G77/><T83/><D1/><U46/><E43/><V106/><F68/><W103/><G24/><T105/><D105/><U31/><E60/><V3/><F117/><W112/><G54/><T67/><D107/><U110/><E110/><V126/><F106/><W5/><G13/><T81/><D35/><U21/><E31/><V135/><F28/><W84/><G84/><T124/><D33/><U99/><E82/><V121/><F26/><W51/><G51/><T96/><D55/><U11/><E92/><V118/><F50/><W58/><G58/><T113/><D83/><U88/><REACH who="1" step="1"/><E99/><REACH who="1" ten="152,16,543,279" step="2"/><V125/><F135/><W76/><G76/><T66/><D81/><U78/><E78/><V80/><F80/><W32/><G32/><T45/><D96/><U8/><E8/><V65/><F9/><W74/><G74/><T10/><D10/><U123/><E123/><V20/><F72/><W108/><G108/><T109/><D109/><U73/><E73/><V64/><F118/><W34/><G34/><T128/><D128/><U6/><E6/><AGARI ba="0,1" hai="4,5,6,100,101,103,112,114" m="49162,50793" machi="6" ten="40,18000,2" yaku="28,2,20,1,19,1,52,2" doraHai="111" who="3" fromWho="1" sc="152,0,16,-180,543,0,279,190" owari="152,-25.0,-164,-66.0,543,64.0,469,27.0" /></mjloggm>