<mjloggm ver="2.3"><GO type="185" lobby="0"/><UN n0="%E3%82%A2%E3%82%B9%E3%82%BF%E3%83%AD%E3%83%88%E3%81%AE%E5%AE%A3%E5%91%8A" n1="%61%6E%64%6F%35%35" n2="%E3%82%B4%E3%83%AB%E3%82%B4%EF%BC%93%EF%BC%91" n3="" dan="17,16,16,0" rate="2271.84,2163.65,2187.37,1500.00" sx="M,M,M,C"/><TAIKYOKU oya="0"/><INIT seed="0,0,0,5,1,57" ten="350,350,350,0" oya="0" hai0="128,135,96,121,132,133,111,106,98,120,34,127,117" hai1="52,90,87,70,37,116,130,2,83,63,109,93,36" hai2="113,86,1,79,89,119,103,107,42,85,108,80,77" hai3=""/><T58/><N who="0" m="30752" /><T91/><N who="0" m="31008" /><T60/><D34/><U32/><E116/><V126/><F1/><T65/><D117/><U69/><E32/><V33/><F42/><T59/><D127/><U55/><E2/><V129/><F33/><T49/><D128/><U97/><E130/><V75/><F119/><T78/><D111/><U92/><E109/><V41/><F41/><T35/><D35/><U104/><E104/><V3/><F3/><T66/><D78/><U95/><E97/><V45/><F45/><T112/><D112/><U43/><E70/><V64/><F108/><T46/><D106/><U74/><E74/><V62/><F75/><T94/><D98/><U68/><E68/><V118/><F118/><T54/><D59/><U125/><E125/><V67/><F126/><T105/><D105/><U61/><E43/><AGARI ba="0,0" hai="43,46,49,54,58,60,65,66,91,94,96,132,133,135" m="31008,30752" machi="43" ten="40,12000,1" yaku="20,1,52,3" doraHai="57" who="0" fromWho="1" sc="350,120,350,-120,350,0,0,0" /><INIT seed="0,1,0,1,5,63" ten="470,230,350,0" oya="0" hai0="135,45,43,127,115,65,73,40,64,104,122,79,48" hai1="42,129,54,77,128,90,69,55,50,87,78,89,39" hai2="57,134,95,116,124,56,1,32,67,118,76,117,72" hai3=""/><T38/><N who="0" m="31264" /><T85/><D115/><U94/><E69/><V108/><F32/><T102/><D127/><U81/><E39/><V37/><F1/><T41/><D73/><U33/><E33/><V107/><F107/><T98/><D135/><U71/><E71/><V113/><F113/><T126/><D126/><U111/><E111/><V125/><F37/><T49/><D38/><U83/><E42/><V133/><F108/><T99/><D99/><U34/><E34/><V59/><F95/><T61/><D49/><U53/><E50/><V36/><F36/><T100/><D100/><U119/><E119/><V75/><F67/><T110/><D110/><U88/><REACH who="1" step="1"/><E94/><REACH who="1" ten="470,220,350,0" step="2"/><V80/><F124/><T130/><D41/><U0/><E0/><V46/><F125/><T52/><D130/><U106/><E106/><V105/><F105/><T66/><REACH who="0" step="1"/><D61/><REACH who="0" ten="460,220,350,0" step="2"/><U132/><E132/><V114/><F133/><T62/><D62/><U96/><E96/><V58/><F134/><T3/><D3/><U47/><E47/><V86/><F114/><T44/><D44/><U74/><AGARI ba="1,2" hai="53,54,55,74,77,78,81,83,87,88,89,90,128,129" machi="74" ten="40,3900,0" yaku="1,1,0,1,54,1,53,0" doraHai="63" doraHaiUra="97" who="1" fromWho="1" sc="460,-27,220,61,350,-14,0,0" /><INIT seed="1,0,0,3,0,90" ten="433,281,336,0" oya="1" hai0="39,42,85,46,54,125,79,123,73,40,107,71,105" hai1="103,75,101,53,37,91,127,108,102,110,81,100,64" hai2="96,49,43,95,82,80,83,65,35,77,60,59,48" hai3=""/><U78/><N who="1" m="25600" /><DORA hai="57" /><U134/><E37/><V56/><F35/><T112/><N who="0" m="31520" /><T87/><D112/><U58/><E64/><V115/><F115/><T98/><D98/><U1/><E1/><V88/><F43/><T68/><D125/><U116/><E116/><V63/><REACH who="2" step="1"/><F77/><REACH who="2" ten="433,281,326,0" step="2"/><T119/><D79/><U135/><E127/><V114/><F114/><T47/><D119/><U62/><REACH who="1" step="1"/><E91/><REACH who="1" ten="433,271,326,0" step="2"/><V130/><F130/><T84/><D39/><U41/><E41/><V36/><F36/><T99/><D42/><U69/><E69/><V3/><F3/><T38/><D71/><U93/><E93/><V124/><F124/><T72/><D68/><U132/><AGARI ba="0,2" hai="53,58,62,75,78,81,108,110,132,134,135" m="25600" machi="132" ten="50,16000,3" yaku="1,1,0,1,20,1,52,1,53,4" doraHai="90,57" doraHaiUra="129,106" who="1" fromWho="1" sc="433,-80,271,180,326,-80,0,0" /><INIT seed="1,1,0,2,0,40" ten="353,451,246,0" oya="1" hai0="114,104,32,109,74,87,52,86,34,84,95,3,58" hai1="93,76,132,45,35,57,120,42,2,65,53,127,117" hai2="106,70,89,124,101,72,61,99,56,64,71,77,110" hai3=""/><U80/><N who="1" m="30752" /><U44/><E117/><V81/><F110/><T92/><D114/><U131/><E35/><V62/><F124/><T111/><D3/><U91/><E2/><V68/><REACH who="2" step="1"/><F89/><REACH who="2" ten="353,451,236,0" step="2"/><T69/><D109/><U96/><E127/><V100/><F100/><T63/><D111/><U116/><E116/><V55/><AGARI ba="1,1" hai="55,56,61,62,64,68,70,71,72,77,81,99,101,106" machi="55" ten="20,3900,0" yaku="1,1,0,1,7,1,53,1" doraHai="40" doraHaiUra="78" who="2" fromWho="2" sc="353,-14,451,-27,236,51,0,0" /><INIT seed="2,0,0,2,3,108" ten="339,424,287,0" oya="2" hai0="95,45,94,68,110,109,63,48,125,58,43,132,54" hai1="72,49,70,103,46,93,118,32,3,77,102,51,107" hai2="59,2,37,135,123,33,61,104,98,89,81,55,36" hai3=""/><V71/><N who="2" m="31520" /><V69/><F33/><T67/><D125/><U130/><E107/><V126/><F2/><T90/><D132/><U82/><E3/><V106/><F126/><T129/><D129/><U65/><E130/><V85/><F135/><T40/><D40/><U75/><E75/><V57/><F104/><T131/><D131/><U0/><E0/><V80/><F80/><T64/><D64/><U66/><E51/><V44/><F44/><T41/><D41/><U47/><E47/><V1/><F1/><T127/><D127/><U56/><E70/><V124/><F59/><T86/><REACH who="0" step="1"/><D94/><REACH who="0" ten="329,424,287,0" step="2"/><U97/><E93/><V84/><F124/><T42/><D42/><U113/><E66/><V38/><F106/><T134/><D134/><U111/><E65/><V116/><F116/><T74/><D74/><U121/><E72/><V117/><F117/><T91/><D91/><U92/><E118/><V53/><F53/><T34/><D34/><U128/><E32/><V73/><F73/><T52/><D52/><U99/><E128/><V115/><F55/><T79/><D79/><U60/><E77/><V120/><F89/><T114/><D114/><U87/><E113/><V133/><N who="2" m="30752" /><V122/><N who="2" m="31264" /><V88/><F115/><RYUUKYOKU ba="0,1" sc="329,20,424,-10,287,-10,0,0" hai0="43,45,48,54,58,63,67,68,86,90,95,109,110" /><INIT seed="4,1,1,5,3,1" ten="349,414,277,0" oya="0" hai0="113,50,134,84,63,105,109,116,78,59,77,115,96" hai1="100,82,128,88,53,92,135,106,44,60,119,122,58" hai2="85,95,67,40,39,43,33,0,80,48,36,94,66" hai3=""/><T91/><D116/><U3/><N who="1" m="31264" /><U112/><E119/><V64/><F0/><T81/><D109/><U90/><E3/><V46/><F48/><T118/><D118/><U131/><E135/><V61/><F61/><T70/><D134/><U35/><E35/><V38/><F33/><T101/><D50/><U79/><E106/><V121/><N who="2" m="31008" /><V110/><F110/><T55/><REACH who="0" step="1"/><D70/><REACH who="0" ten="339,414,277,0" step="2"/><U62/><E128/><V89/><F36/><T132/><D132/><U99/><E131/><V49/><F49/><T71/><D71/><U124/><E124/><V65/><N who="2" m="16384" /><DORA hai="47" /><V127/><F127/><T120/><N who="0" m="30752" /><T2/><D2/><U51/><E112/><AGARI ba="1,2" hai="55,59,63,77,78,81,84,91,96,101,105,112,113,115" m="30752" machi="112" ten="40,12000,1" yaku="1,1,15,1,52,1,53,2" doraHai="1,47" doraHaiUra="97,54" who="0" fromWho="1" sc="339,142,414,-122,277,0,0,0" /><INIT seed="4,2,0,1,4,42" ten="481,292,277,0" oya="0" hai0="81,54,128,117,113,93,63,130,95,101,32,116,105" hai1="129,135,66,109,71,46,119,49,110,103,122,120,47" hai2="132,0,79,131,107,39,67,88,84,61,76,37,85" hai3=""/><T127/><D32/><U41/><N who="1" m="30752" /><U53/><N who="1" m="31264" /><U118/><E103/><V89/><F0/><T87/><D113/><U62/><E135/><V78/><F132/><T34/><D34/><U100/><E100/><V96/><F131/><N who="0" m="50218" /><D63/><U3/><E3/><V77/><N who="2" m="19456" /><DORA hai="104" /><V55/><F55/><T36/><D36/><U43/><E53/><V83/><F96/><T134/><D54/><U111/><REACH who="1" step="1"/><E129/><REACH who="1" ten="481,282,277,0" step="2"/><V56/><REACH who="2" step="1"/><F107/><REACH who="2" ten="481,282,267,0" step="2"/><T40/><D105/><U50/><AGARI ba="2,2" hai="41,43,46,47,49,50,62,66,71,109,110,111,118,119" m="31264,30752" machi="50" ten="30,18000,4" yaku="1,1,2,1,0,1,9,1,34,3,52,4,53,0" doraHai="42,104" doraHaiUra="35,99" who="1" fromWho="1" sc="481,-122,282,204,267,-62,0,0" /><INIT seed="5,0,0,2,4,80" ten="359,486,205,0" oya="1" hai0="127,96,59,65,84,70,67,64,55,42,113,82,124" hai1="100,87,117,39,95,97,51,105,90,85,78,134,68" hai2="135,58,114,61,126,73,92,99,33,57,69,54,81" hai3=""/><U122/><N who="1" m="31264" /><U41/><E68/><V43/><F33/><T104/><D113/><U35/><E117/><V118/><F118/><T101/><D42/><U77/><E35/><V88/><F69/><T102/><D102/><U120/><N who="1" m="30752" /><U83/><E39/><V108/><F108/><T131/><D131/><U34/><E34/><V89/><F114/><T79/><REACH who="0" step="1"/><D70/><REACH who="0" ten="349,486,205,0" step="2"/><U132/><E41/><V36/><F36/><T38/><D38/><U109/><E109/><V111/><F43/><T72/><D72/><U44/><E132/><V86/><F111/><T62/><AGARI ba="0,1" hai="55,59,62,64,65,67,79,82,84,96,101,104,124,127" machi="62" ten="30,9000,2" yaku="1,1,0,1,52,1,53,3" doraHai="80" doraHaiUra="60" who="0" fromWho="0" sc="349,100,486,-60,205,-30,0,0" /><INIT seed="6,0,0,5,2,101" ten="449,426,175,0" oya="2" hai0="112,34,36,131,73,72,42,115,53,87,41,84,93" hai1="79,54,94,134,132,40,91,123,92,104,126,118,1" hai2="105,128,43,120,32,130,90,59,98,70,111,65,46" hai3=""/><V69/><N who="2" m="30752" /><V51/><F32/><T117/><D117/><U55/><N who="1" m="31520" /><U39/><E1/><V107/><F111/><T50/><D34/><U76/><E126/><V56/><F90/><T81/><D93/><N who="1" m="35947" /><E91/><V80/><F80/><T89/><D87/><U77/><E118/><V47/><F98/><T33/><D33/><U66/><E66/><V108/><F108/><T63/><D63/><U95/><N who="1" m="35955" /><U45/><DORA hai="99" /><E104/><V37/><F105/><T44/><D131/><N who="2" m="50218" /><F107/><T52/><D53/><U119/><E119/><V74/><F74/><N who="0" m="28778" /><D36/><U85/><E85/><V97/><F97/><T35/><D35/><U127/><E127/><V61/><F70/><T60/><D60/><U121/><N who="1" m="31008" /><U125/><E125/><V109/><F109/><T2/><D2/><U64/><E64/><V3/><F3/><T113/><AGARI ba="0,0" hai="41,42,44,50,52,81,84,89,112,113,115" m="28778" machi="113" ten="40,3900,0" yaku="15,1,11,1,54,1" doraHai="101,99" who="0" fromWho="0" sc="449,39,426,-13,175,-26,0,0" owari="488,44.0,413,1.0,149,-45.0,0,0.0" /></mjloggm>