<mjloggm ver="2.3"><GO type="169" lobby="0"/><UN n0="%E3%83%A4%E3%83%90%E5%B8%82%E3%83%A4%E3%83%90%E7%94%BA" n1="%E3%81%98%E3%81%9F%E3%81%A3%E3%81%8F" n2="%E3%83%88%E3%82%B7%E3%83%95%E3%83%BC%E3%83%8B" n3="%E3%82%B9%E3%83%9E%E3%83%9B%E7%94%A8%E3%81%AE%E3%82%84%E3%81%A4" dan="16,17,16,16" rate="2180.01,2175.81,2142.02,2122.40" sx="M,M,M,M"/><TAIKYOKU oya="0"/><INIT seed="0,0,0,1,1,1" ten="250,250,250,250" oya="0" hai0="61,60,26,17,0,70,39,128,11,55,113,130,100" hai1="92,117,27,41,108,3,110,47,77,102,83,57,133" hai2="119,129,95,84,64,21,71,135,131,90,28,125,10" hai3="32,126,72,7,49,6,23,123,86,106,51,30,68"/><T16/><D113/><U14/><E3/><V2/><F119/><W85/><G32/><T99/><D39/><U114/><E117/><V8/><F71/><W107/><G68/><T50/><D61/><U76/><E133/><V75/><F64/><W63/><G72/><T45/><D70/><U59/><E27/><N who="2" m="16495" /><F75/><W53/><G126/><T13/><D0/><U89/><E102/><V37/><F37/><W120/><G23/><T87/><D60/><U4/><E59/><V42/><F42/><W66/><G30/><T44/><D44/><U58/><E58/><V104/><F104/><N who="3" m="39979" /><G63/><T22/><REACH who="0" step="1"/><D87/><REACH who="0" ten="240,250,250,250" step="2"/><N who="3" m="33289" /><G66/><T101/><D101/><U112/><E47/><V73/><F73/><W79/><G79/><T82/><D82/><U93/><E83/><V24/><F2/><W15/><G51/><T121/><D121/><N who="3" m="46665" /><G15/><T124/><D124/><U109/><E77/><V127/><F127/><W81/><G81/><T38/><D38/><U62/><E76/><V34/><F125/><W20/><G20/><T52/><D52/><N who="1" m="34087" /><E112/><V18/><F34/><W116/><G116/><T111/><D111/><U78/><E114/><V43/><F43/><W80/><G80/><T94/><AGARI ba="0,1" hai="11,13,16,17,22,26,45,50,55,94,99,100,128,130" machi="94" ten="30,6000,0" yaku="1,1,0,1,54,1,53,0" doraHai="1" doraHaiUra="35" who="0" fromWho="0" sc="240,70,250,-20,250,-20,250,-20" /><INIT seed="0,1,0,5,3,115" ten="310,230,230,230" oya="0" hai0="6,21,37,41,95,130,24,62,90,114,106,93,46" hai1="82,116,29,101,126,128,53,112,123,84,69,58,87" hai2="11,125,7,120,45,10,71,118,107,104,88,135,9" hai3="25,85,119,23,67,91,31,83,132,20,92,133,61"/><T22/><D114/><U102/><E69/><V105/><F120/><W103/><G23/><T129/><D106/><U12/><E123/><V47/><F71/><W54/><G54/><T113/><D6/><U66/><E66/><V60/><F7/><W109/><G109/><T17/><D113/><U131/><E126/><V16/><F125/><W76/><G119/><T35/><D35/><U134/><E134/><V51/><F135/><W96/><REACH who="3" step="1"/><G76/><REACH who="3" ten="310,230,230,220" step="2"/><T18/><D62/><U43/><E53/><V27/><F60/><W57/><AGARI ba="1,1" hai="20,25,31,57,61,67,83,85,91,92,96,103,132,133" machi="57" ten="30,8000,1" yaku="1,1,2,1,0,1,25,2,53,0" doraHai="115" doraHaiUra="30" who="3" fromWho="3" sc="310,-41,230,-21,230,-21,220,93" /><INIT seed="1,0,0,0,5,109" ten="269,209,209,313" oya="1" hai0="25,98,38,128,48,21,59,32,82,108,4,2,90" hai1="107,81,63,60,55,70,115,42,65,13,86,33,94" hai2="69,26,41,105,77,123,118,54,120,103,132,64,121" hai3="29,117,92,56,17,114,6,101,75,68,39,1,11"/><U93/><E107/><V72/><F54/><W129/><G68/><T44/><D108/><U97/><E33/><V106/><F41/><W131/><G75/><T84/><D32/><U78/><E42/><V102/><F26/><W51/><G39/><T126/><D126/><U87/><E115/><V20/><F20/><W27/><G117/><T14/><D2/><U46/><E94/><V10/><F10/><W34/><G51/><T47/><D59/><U134/><E134/><V79/><F64/><W135/><G56/><T73/><D73/><U113/><E113/><V7/><F69/><W16/><G114/><T111/><D128/><N who="3" m="49225" /><G135/><T127/><D127/><U76/><E13/><V22/><F22/><W3/><G3/><T9/><D38/><U110/><E110/><V37/><F7/><W133/><G133/><T30/><D111/><U5/><E5/><V122/><F37/><W96/><AGARI ba="0,0" hai="1,6,11,16,17,27,29,34,92,96,101" m="49225" machi="96" ten="30,2000,0" yaku="19,1,54,1" doraHai="109" who="3" fromWho="3" sc="269,-5,209,-10,209,-5,313,20" /><INIT seed="2,0,0,4,0,49" ten="264,199,204,333" oya="2" hai0="76,24,81,95,56,45,98,115,64,3,66,33,124" hai1="51,30,131,101,134,71,52,74,17,107,68,121,60" hai2="126,103,105,123,37,110,18,96,16,102,128,1,79" hai3="54,53,12,77,129,120,108,93,27,13,127,87,116"/><V0/><F123/><W7/><G116/><T46/><D115/><U23/><E74/><V69/><F69/><W59/><G120/><T10/><D124/><U35/><E121/><V104/><F37/><W38/><G38/><T99/><D99/><U25/><E131/><V85/><F126/><W41/><G127/><T82/><D82/><U114/><E114/><V130/><F85/><W29/><G41/><T97/><D97/><N who="1" m="61871" /><E71/><V36/><F96/><W42/><G42/><T21/><D33/><U111/><E111/><V48/><F48/><W119/><G108/><T80/><D80/><U118/><E118/><V44/><F36/><W75/><G75/><T28/><D10/><U70/><E70/><V100/><F44/><W40/><G40/><T91/><D3/><N who="2" m="1098" /><F79/><W2/><G2/><T106/><D106/><N who="2" m="41066" /><F110/><W112/><G129/><AGARI ba="0,0" hai="16,18,100,102,103,128,129,130" m="41066,1098" machi="129" ten="40,12000,1" yaku="28,2,19,1,54,1" doraHai="49" who="2" fromWho="3" sc="264,0,199,0,204,120,333,-120" /><INIT seed="2,1,0,5,3,69" ten="264,199,324,213" oya="2" hai0="5,66,42,36,9,56,33,90,115,14,70,30,29" hai1="102,124,3,64,68,53,93,15,54,71,114,8,98" hai2="104,2,106,94,116,117,75,80,19,67,113,34,32" hai3="107,51,25,7,131,105,61,85,50,79,73,119,96"/><V38/><F2/><W4/><G119/><T45/><D115/><U99/><E124/><V37/><F94/><W28/><G73/><T97/><D70/><U76/><E114/><V135/><F19/><W91/><G79/><T78/><D78/><U47/><E3/><V24/><F67/><W44/><G61/><T111/><D111/><U22/><E64/><V83/><F113/><W110/><G131/><T129/><D129/><U101/><E76/><N who="2" m="44063" /><F83/><W125/><G125/><T23/><D33/><N who="2" m="12906" /><F24/><W6/><G110/><T62/><D23/><U13/><E22/><V81/><F81/><W63/><G63/><T0/><REACH who="0" step="1"/><D0/><REACH who="0" ten="254,199,324,213" step="2"/><U18/><E71/><V123/><F123/><W17/><G28/><T72/><D72/><U55/><E68/><V100/><F135/><W82/><G25/><T109/><D109/><U39/><E15/><V60/><F60/><W122/><G122/><T108/><D108/><U89/><REACH who="1" step="1"/><E99/><REACH who="1" ten="254,189,324,213" step="2"/><N who="2" m="61471" /><F106/><W127/><G107/><T88/><D88/><U49/><E49/><V27/><F27/><W52/><G51/><T133/><D133/><U95/><E95/><AGARI ba="1,2" hai="5,9,14,29,30,36,42,45,56,62,66,90,95,97" machi="95" ten="40,2600,0" yaku="1,1,52,1,53,0" doraHai="69" doraHaiUra="48" who="0" fromWho="1" sc="254,49,189,-29,324,0,213,0" /><INIT seed="3,0,0,1,4,67" ten="303,160,324,213" oya="3" hai0="131,9,90,16,79,121,86,38,64,29,118,133,122" hai1="17,62,45,106,48,63,76,14,52,34,73,123,37" hai2="18,93,116,57,24,36,3,132,39,125,1,21,31" hai3="135,61,6,110,109,100,23,108,96,65,68,111,60"/><W4/><N who="3" m="27648" /><DORA hai="0" /><W98/><G135/><T66/><D118/><U33/><E123/><V103/><F116/><W71/><G23/><T10/><D38/><U127/><E127/><V43/><F125/><W134/><G134/><T82/><D29/><U120/><E120/><V44/><F39/><W19/><G19/><T56/><D133/><U99/><E37/><V50/><F132/><W40/><G40/><T22/><D131/><U101/><E76/><V75/><F75/><W46/><G46/><T49/><D122/><U92/><E73/><V126/><F126/><W114/><G114/><T25/><D79/><U27/><E106/><V59/><F36/><W119/><G119/><T7/><D9/><U47/><E47/><V41/><F41/><W105/><G98/><T53/><REACH who="0" step="1"/><D121/><REACH who="0" ten="293,160,324,213" step="2"/><U20/><REACH who="1" step="1"/><E34/><REACH who="1" ten="293,150,324,213" step="2"/><V104/><F104/><W15/><G15/><AGARI ba="0,2" hai="7,10,15,16,22,25,49,53,56,64,66,82,86,90" machi="15" ten="30,12000,2" yaku="1,1,2,1,7,1,8,1,52,1,54,1,53,1" doraHai="67,0" doraHaiUra="129,2" who="0" fromWho="3" sc="293,140,150,0,324,0,213,-120" /><INIT seed="4,0,0,5,1,134" ten="433,150,324,93" oya="0" hai0="55,124,76,30,2,87,20,123,122,4,100,58,16" hai1="36,115,23,80,91,88,35,41,19,98,82,7,74" hai2="59,113,65,25,5,81,89,128,21,10,110,62,75" hai3="68,49,112,117,26,116,47,27,48,32,118,101,51"/><T126/><D100/><U72/><E35/><V95/><F110/><W42/><G112/><T43/><D43/><U133/><E133/><V132/><F132/><W0/><G0/><T103/><D103/><U111/><E111/><V60/><F128/><W125/><G68/><T61/><D30/><U108/><E108/><V105/><F105/><W84/><G32/><T24/><D4/><U79/><E7/><V114/><F62/><W6/><G6/><T28/><D28/><U40/><E115/><N who="2" m="44043" /><F81/><W109/><G109/><T130/><D130/><U92/><E36/><V131/><F75/><W63/><G63/><T97/><D97/><U121/><E121/><V37/><F37/><W34/><G34/><T66/><D66/><U85/><REACH who="1" step="1"/><E74/><REACH who="1" ten="433,140,324,93" step="2"/><V120/><F120/><W1/><G1/><T50/><D2/><U12/><AGARI ba="0,1" hai="12,19,23,40,41,72,79,80,82,85,88,91,92,98" machi="12" ten="20,8000,1" yaku="1,1,2,1,0,1,7,1,54,1,53,0" doraHai="134" doraHaiUra="44" who="1" fromWho="1" sc="433,-40,140,90,324,-20,93,-20" /><INIT seed="5,0,0,4,0,55" ten="393,230,304,73" oya="1" hai0="108,41,32,119,99,72,111,75,30,113,40,98,133" hai1="90,132,110,80,6,87,56,35,49,53,18,135,126" hai2="69,114,97,57,15,107,88,7,20,106,82,23,34" hai3="122,0,58,19,22,130,62,14,61,27,67,115,85"/><U2/><E35/><V66/><F69/><W117/><G115/><T116/><D30/><U26/><E126/><V45/><F34/><W73/><G130/><T84/><D32/><U36/><E36/><V39/><F114/><W134/><G134/><T65/><D133/><N who="1" m="51275" /><E110/><V31/><F39/><W120/><G73/><T3/><D113/><U125/><E125/><V104/><F45/><W78/><G0/><T42/><D3/><U121/><E2/><V74/><F31/><W109/><G109/><T28/><D28/><U86/><E6/><V25/><F25/><W12/><G117/><T4/><D41/><U96/><E121/><V47/><F47/><W102/><G102/><T124/><D124/><U10/><E10/><V118/><F118/><W37/><G37/><T44/><D4/><U68/><E68/><V33/><F33/><W89/><G78/><T92/><D44/><U21/><E80/><V83/><F74/><W129/><G129/><T81/><D81/><N who="2" m="30730" /><F107/><W127/><G127/><T79/><D79/><U16/><E18/><V43/><F106/><W95/><G122/><T123/><D123/><U76/><E76/><V48/><F104/><W29/><G120/><T91/><D119/><U24/><E24/><V11/><F43/><W128/><G128/><T38/><D116/><U13/><E13/><V101/><F101/><W8/><G14/><T52/><D111/><U112/><E112/><V54/><F66/><W46/><G46/><T63/><D108/><U5/><E5/><V103/><F103/><W60/><AGARI ba="0,0" hai="8,12,19,22,27,29,58,60,61,62,67,85,89,95" machi="60" ten="30,4000,0" yaku="0,1,8,1,52,1" doraHai="55" who="3" fromWho="3" sc="393,-10,230,-20,304,-10,73,40" /><INIT seed="6,0,0,2,3,23" ten="383,210,294,113" oya="2" hai0="24,2,80,87,79,30,94,109,75,18,74,81,69" hai1="101,0,78,38,11,26,39,117,58,35,40,29,119" hai2="88,42,43,103,51,49,59,36,112,54,85,73,134" hai3="93,107,76,90,102,121,82,44,110,60,52,98,5"/><V45/><F73/><W114/><G110/><T17/><D2/><U115/><E58/><V12/><F112/><W8/><G121/><T55/><D69/><U61/><E115/><V128/><F128/><W95/><G114/><T63/><D94/><U126/><E61/><V33/><F134/><W14/><G90/><T21/><D75/><U25/><E101/><V6/><F33/><W22/><G22/><T131/><D131/><U97/><E97/><V62/><F103/><W4/><G4/><T84/><D74/><U41/><E78/><V133/><F133/><W129/><G129/><T123/><D123/><U71/><E71/><V34/><F34/><W1/><G14/><T106/><D106/><U116/><E126/><V57/><F43/><W9/><G9/><T99/><D99/><U96/><E96/><V31/><F31/><W105/><G105/><T70/><D109/><U10/><E0/><V66/><F12/><W104/><G104/><T120/><D70/><U20/><E20/><V53/><F6/><W47/><G47/><T72/><D72/><U86/><E86/><V19/><F19/><W130/><G130/><T108/><D108/><U67/><E67/><V124/><F124/><W100/><G100/><T91/><D120/><U89/><E89/><V50/><REACH who="2" step="1"/><F66/><REACH who="2" ten="383,210,284,113" step="2"/><W113/><G113/><T3/><D3/><U135/><E135/><V68/><F68/><W125/><G125/><T15/><D15/><U65/><E65/><V27/><F27/><W28/><G28/><T64/><D64/><U132/><E26/><V37/><F37/><N who="1" m="13833" /><E132/><V77/><F77/><RYUUKYOKU ba="0,1" sc="383,10,210,10,284,10,113,-30" hai0="17,18,21,24,30,55,63,79,80,81,84,87,91" hai1="10,11,25,29,35,40,41,116,117,119" hai2="36,42,45,49,50,51,53,54,57,59,62,85,88" /><INIT seed="6,1,1,1,5,93" ten="393,220,294,83" oya="2" hai0="133,26,110,13,123,85,113,71,128,21,94,86,131" hai1="11,125,64,134,4,101,34,116,84,28,0,42,60" hai2="76,78,17,135,132,100,14,38,25,48,73,31,120" hai3="36,92,98,27,105,16,12,115,33,122,61,43,117"/><V58/><F38/><W70/><G117/><T1/><D110/><U47/><E134/><N who="2" m="51243" /><F120/><W111/><G122/><T51/><D1/><U46/><E125/><V108/><F73/><W68/><G111/><T63/><D123/><U32/><E116/><V97/><F108/><W75/><G75/><T106/><D106/><U19/><E28/><V107/><F58/><W103/><G33/><T79/><D13/><U102/><E47/><V8/><F48/><W90/><G27/><T124/><D124/><U22/><E84/><V9/><F9/><W23/><G36/><T129/><D51/><U24/><E34/><AGARI ba="1,1" hai="8,14,17,25,31,34,76,78,97,100,107" m="51243" machi="34" ten="30,2900,0" yaku="20,1,52,1" doraHai="93" who="2" fromWho="1" sc="393,0,220,-32,294,42,83,0" /><INIT seed="6,2,0,5,5,58" ten="393,188,336,83" oya="2" hai0="61,102,122,84,124,28,56,87,2,76,75,133,92" hai1="105,64,46,10,91,45,82,50,104,15,41,37,6" hai2="18,11,116,119,9,40,100,113,121,97,123,30,94" hai3="39,83,5,117,65,8,79,3,128,27,60,20,98"/><V48/><F30/><W77/><G128/><T71/><D122/><U55/><REACH who="1" step="1"/><E64/><REACH who="1" ten="393,178,336,83" step="2"/><V88/><F121/><W96/><G117/><T22/><D124/><U26/><E26/><V25/><F123/><W85/><G39/><T38/><D38/><U49/><E49/><V29/><F119/><W33/><G33/><T21/><D71/><U0/><E0/><V108/><F116/><W47/><G47/><T69/><D69/><U78/><E78/><V17/><F108/><W23/><G79/><T115/><D2/><U62/><E62/><V89/><F48/><W13/><G3/><T52/><D61/><U67/><E67/><V66/><F66/><W111/><G111/><T24/><D24/><U106/><E106/><V103/><F25/><W59/><REACH who="3" step="1"/><G27/><REACH who="3" ten="393,178,336,73" step="2"/><T34/><D34/><U36/><E36/><V109/><F109/><W86/><G86/><AGARI ba="2,2" hai="6,10,15,37,41,45,46,50,55,82,86,91,104,105" machi="86" ten="40,2600,0" yaku="21,2,53,0" doraHai="58" doraHaiUra="120" who="1" fromWho="3" sc="393,0,178,52,336,0,73,-32" /><INIT seed="7,0,0,3,5,32" ten="393,230,336,41" oya="3" hai0="65,35,121,66,12,54,124,126,70,21,3,109,105" hai1="2,133,17,78,79,134,14,114,31,93,58,95,132" hai2="119,48,64,33,125,73,61,122,99,75,30,13,90" hai3="101,49,74,87,46,6,115,53,50,5,63,94,80"/><W72/><G115/><T37/><D109/><U7/><E114/><V4/><F119/><W9/><G63/><T113/><D35/><U88/><E31/><V57/><F125/><N who="0" m="48234" /><D121/><U0/><E58/><V47/><F122/><W135/><G135/><T1/><D37/><U84/><E95/><V45/><F33/><W92/><G6/><T28/><D105/><U16/><E17/><V127/><F127/><W29/><G29/><T123/><D123/><U11/><E2/><N who="0" m="521" /><D54/><U69/><E69/><V97/><F30/><W55/><G101/><T107/><D107/><U51/><E51/><V68/><F68/><W71/><G71/><T130/><D130/><U108/><E108/><V102/><F75/><W118/><G118/><T60/><D66/><U59/><E59/><V20/><F73/><W22/><G74/><T77/><D77/><U56/><E56/><V24/><F90/><N who="3" m="51559" /><G72/><T8/><D113/><U10/><AGARI ba="0,0" hai="0,7,10,11,14,16,78,79,84,88,93,132,133,134" machi="10" ten="40,8000,1" yaku="0,1,20,1,52,1,54,2" doraHai="32" who="1" fromWho="1" sc="393,-20,230,80,336,-20,41,-40" owari="373,47.0,310,-9.0,316,12.0,1,-50.0" /></mjloggm>