<mjloggm ver="2.3"><GO type="185" lobby="0"/><UN n0="%E9%9D%92%E6%A3%AE%E3%81%AE%E3%81%B2%E3%82%88%E3%81%93%32" n1="%74%2E%6F%2E%6F%2E%73" n2="%E5%A4%A7%E5%92%8C%E6%A1%9C" n3="" dan="17,18,17,0" rate="2212.62,2316.05,2306.08,1500.00" sx="M,M,F,C"/><TAIKYOKU oya="0"/><INIT seed="0,0,0,5,4,130" ten="350,350,350,0" oya="0" hai0="39,121,70,115,48,93,114,58,32,91,106,104,66" hai1="34,56,35,86,112,79,109,76,85,37,42,73,0" hai2="45,88,50,98,47,127,80,103,59,132,111,40,69" hai3=""/><T1/><N who="0" m="31008" /><T124/><D39/><U62/><E0/><V63/><F111/><T60/><D32/><U126/><E109/><V41/><F127/><T33/><D33/><U135/><E126/><V94/><F69/><T44/><D70/><U54/><E112/><V116/><F116/><T2/><D124/><U36/><E73/><V52/><F132/><T97/><D115/><U43/><E56/><V105/><F80/><T67/><D67/><U49/><E49/><V119/><F119/><T107/><REACH who="0" step="1"/><D114/><REACH who="0" ten="340,350,350,0" step="2"/><U57/><E36/><V99/><REACH who="2" step="1"/><F47/><REACH who="2" ten="340,350,340,0" step="2"/><T61/><D61/><U87/><E62/><V102/><F102/><T77/><D77/><U120/><E76/><V81/><F81/><T89/><D89/><U82/><E34/><V51/><F51/><T96/><D96/><U64/><E35/><V3/><F3/><T53/><AGARI ba="0,2" hai="1,2,44,48,53,58,60,66,91,93,97,104,106,107" m="31008" machi="53" ten="30,7800,0" yaku="1,1,0,1,52,1,53,1" doraHai="130" doraHaiUra="55" who="0" fromWho="0" sc="340,98,350,-39,340,-39,0,0" /><INIT seed="0,1,0,5,0,95" ten="438,311,301,0" oya="0" hai0="42,48,125,70,93,90,124,80,122,74,135,130,52" hai1="47,3,58,51,69,61,120,92,114,45,39,116,86" hai2="82,72,75,96,32,99,101,88,98,34,104,87,105" hai3=""/><T134/><N who="0" m="31264" /><T110/><D70/><U81/><N who="1" m="30752" /><U37/><E116/><V97/><REACH who="2" step="1"/><F105/><REACH who="2" ten="438,311,291,0" step="2"/><T2/><D124/><U123/><E123/><V133/><F133/><T68/><D125/><U117/><E117/><V132/><F132/><T94/><D135/><U115/><E115/><V44/><F44/><T113/><D134/><U89/><E47/><V129/><F129/><T78/><D130/><U1/><E114/><V131/><F131/><T100/><D113/><U46/><E46/><V85/><F85/><T64/><D74/><AGARI ba="1,1" hai="32,34,72,74,75,82,87,88,96,97,98,99,101,104" machi="74" ten="40,12000,2" yaku="1,1,52,4,54,1,53,0" doraHai="95" doraHaiUra="43" who="2" fromWho="0" sc="438,-122,311,0,291,132,0,0" /><INIT seed="1,0,0,3,0,108" ten="316,311,423,0" oya="1" hai0="45,89,121,83,134,111,61,54,85,118,56,123,64" hai1="53,95,113,70,117,112,58,41,52,62,102,43,69" hai2="101,129,98,88,128,110,0,119,2,63,55,42,32" hai3=""/><U87/><E117/><V74/><F110/><T38/><N who="0" m="31008" /><T106/><N who="0" m="31520" /><T48/><D111/><U116/><E116/><V124/><F119/><T133/><D118/><U66/><E87/><V78/><F32/><T71/><D106/><U131/><E95/><V135/><F135/><T73/><D73/><U3/><E102/><V1/><F124/><T93/><D83/><U84/><E84/><V94/><F42/><AGARI ba="0,0" hai="38,42,45,48,54,56,61,64,71,85,89,93,133,134" m="31520,31008" machi="42" ten="40,8000,1" yaku="24,2,52,2" doraHai="108" who="0" fromWho="2" sc="316,80,311,0,423,-80,0,0" /><INIT seed="2,0,0,3,0,128" ten="396,311,343,0" oya="2" hai0="80,135,3,87,48,105,88,98,54,47,42,71,114" hai1="69,45,83,57,39,134,111,32,61,91,127,84,112" hai2="82,109,85,76,73,120,86,38,67,62,90,52,77" hai3=""/><V66/><N who="2" m="30752" /><V50/><F38/><T79/><D3/><U102/><E112/><V63/><F109/><T133/><D114/><U34/><E69/><V96/><F96/><T124/><D71/><U33/><E111/><V55/><F73/><T64/><D64/><N who="2" m="24618" /><F55/><T60/><D124/><U46/><E127/><V59/><F77/><T35/><D35/><U44/><E39/><V0/><F0/><T110/><D110/><U36/><E36/><V40/><F40/><T72/><D98/><U49/><E102/><V121/><N who="2" m="31008" /><V78/><F78/><T131/><D105/><U113/><E113/><V56/><F56/><T104/><D104/><U95/><E32/><V94/><AGARI ba="0,0" hai="50,52,59,62,63,76,82,85,86,90,94" m="31008,24618,30752" machi="94" ten="30,7800,0" yaku="8,1,52,2,54,1" doraHai="128" who="2" fromWho="2" sc="396,-39,311,-39,343,78,0,0" /><INIT seed="2,1,0,3,4,60" ten="357,272,421,0" oya="2" hai0="37,53,67,116,63,112,54,51,117,85,58,128,124" hai1="42,55,56,3,109,86,102,135,127,103,68,77,121" hai2="93,40,70,82,62,49,84,87,52,34,50,133,130" hai3=""/><V72/><F34/><T57/><D37/><U125/><N who="1" m="31008" /><U120/><N who="1" m="30752" /><U81/><E3/><V39/><F133/><T91/><D128/><U107/><E109/><V74/><F130/><T96/><D124/><N who="1" m="47691" /><E107/><V97/><F39/><T129/><D129/><U69/><E42/><V119/><F119/><T94/><D112/><U36/><E36/><V101/><F84/><T95/><REACH who="0" step="1"/><D53/><REACH who="0" ten="347,272,421,0" step="2"/><U118/><E118/><V106/><F40/><T44/><D44/><U105/><E135/><V45/><F49/><T99/><D99/><U83/><E55/><V66/><REACH who="2" step="1"/><F106/><REACH who="2" ten="347,272,411,0" step="2"/><T131/><D131/><U88/><E105/><V108/><F108/><T80/><D80/><U111/><E111/><V115/><F115/><T65/><D65/><U35/><E83/><V104/><F104/><T46/><D46/><U132/><E132/><V78/><AGARI ba="1,2" hai="45,50,52,62,66,70,72,74,78,82,87,93,97,101" machi="78" ten="20,12000,2" yaku="1,1,0,1,7,1,52,1,54,1,53,1" doraHai="60" doraHaiUra="76" who="2" fromWho="2" sc="347,-61,272,-61,411,142,0,0" /><INIT seed="2,2,0,2,3,51" ten="286,211,553,0" oya="2" hai0="107,55,93,124,112,118,44,75,83,131,45,98,37" hai1="92,101,67,66,65,108,33,54,102,79,81,35,115" hai2="0,94,60,58,90,70,113,106,47,46,129,135,42" hai3=""/><V2/><F113/><T32/><D118/><U52/><E115/><V82/><F106/><T121/><N who="0" m="31008" /><T50/><D112/><U80/><E108/><V84/><F135/><T100/><D124/><U63/><E63/><V43/><F129/><T3/><D32/><U1/><E1/><V116/><F116/><T71/><D71/><U38/><E38/><V41/><F70/><T109/><D109/><U110/><E110/><V95/><F2/><T72/><D131/><U123/><N who="1" m="31520" /><U122/><N who="1" m="31264" /><U119/><E119/><V77/><F0/><T91/><D3/><U74/><E92/><N who="2" m="35371" /><F77/><T57/><D37/><U49/><E49/><V99/><F99/><T105/><D105/><U53/><REACH who="1" step="1"/><E81/><REACH who="1" ten="286,201,553,0" step="2"/><V76/><F76/><T114/><D114/><U133/><E133/><V132/><F132/><T64/><D83/><U85/><E85/><V40/><N who="2" m="10240" /><DORA hai="89" /><V134/><F134/><T111/><D111/><U68/><E68/><V34/><F34/><AGARI ba="2,1" hai="33,34,35,52,53,54,65,66,67,74,79,80,101,102" m="31264,31520" machi="34" ten="50,16000,3" yaku="1,1,52,5,54,1,53,1" doraHai="51,89" doraHaiUra="73,36" who="1" fromWho="2" sc="286,0,201,174,553,-164,0,0" /><INIT seed="4,0,0,2,1,69" ten="286,375,389,0" oya="0" hai0="47,56,39,46,38,98,0,108,77,116,41,117,88" hai1="86,92,113,111,100,134,36,54,2,115,132,119,55" hai2="78,97,59,70,40,127,107,65,126,48,37,32,50" hai3=""/><T84/><D0/><U101/><E111/><V42/><F32/><T33/><D33/><U87/><E119/><V105/><F70/><T61/><D77/><U130/><E2/><V124/><F78/><T45/><D98/><U72/><E72/><V82/><F82/><T131/><D108/><U49/><E130/><V120/><N who="2" m="30752" /><V112/><F112/><N who="1" m="43081" /><E36/><V93/><F65/><T91/><D91/><U109/><E109/><V123/><N who="2" m="31520" /><V43/><F37/><T104/><D104/><N who="2" m="40010" /><F59/><T99/><D99/><U68/><E68/><V71/><F71/><T79/><D79/><U90/><E86/><V135/><F135/><N who="1" m="51753" /><E55/><V51/><F43/><T106/><D39/><U64/><E64/><V128/><F128/><T44/><D131/><U67/><E67/><V1/><F1/><T62/><D41/><U129/><E129/><V34/><F34/><T89/><D38/><U83/><E83/><V122/><N who="2" m="31264" /><V66/><F66/><T96/><D117/><U35/><E35/><V133/><F133/><T110/><D116/><U60/><E60/><V3/><F3/><T94/><D110/><U58/><AGARI ba="0,0" hai="49,54,58,87,90,92,100,101" m="51753,43081" machi="58" ten="30,3000,0" yaku="15,1,11,1,20,1" doraHai="69" who="1" fromWho="1" sc="286,-20,375,30,389,-10,0,0" /><INIT seed="5,0,0,1,3,107" ten="266,405,379,0" oya="1" hai0="42,109,83,43,81,131,73,38,76,84,94,72,93" hai1="101,60,68,135,112,113,70,61,89,52,47,75,108" hai2="110,41,116,99,122,39,127,53,62,130,36,45,46" hai3=""/><U125/><E101/><V37/><N who="2" m="31264" /><V126/><F110/><T120/><N who="0" m="30752" /><T102/><D109/><U100/><E108/><V3/><F3/><T50/><D38/><U33/><E33/><V58/><F116/><T32/><D32/><U103/><E89/><V64/><F99/><T71/><D71/><U121/><N who="1" m="31008" /><U74/><E47/><V77/><F77/><T106/><D131/><U40/><E40/><V96/><F96/><T132/><D132/><U117/><E52/><V98/><F98/><T82/><D106/><U2/><E125/><N who="2" m="47627" /><F130/><T59/><D102/><U56/><E56/><V97/><F97/><T49/><D59/><U69/><E69/><V78/><F78/><T79/><D83/><U115/><E115/><V48/><AGARI ba="0,0" hai="36,37,39,41,45,46,48,53,58,62,64" m="47627,31264" machi="48" ten="30,5900,0" yaku="18,1,34,2,52,1" doraHai="107" who="2" fromWho="2" sc="266,-20,405,-39,379,59,0,0" /><INIT seed="6,0,0,3,5,117" ten="246,366,438,0" oya="2" hai0="109,121,111,94,90,72,82,69,118,46,38,65,113" hai1="86,124,126,32,49,57,129,63,40,120,51,2,105" hai2="107,132,1,64,81,93,119,85,99,35,70,106,83" hai3=""/><V41/><F35/><T98/><N who="0" m="31008" /><T44/><D118/><U68/><N who="1" m="30752" /><U73/><E73/><V133/><F119/><T112/><D69/><U48/><E105/><V110/><F1/><T125/><D65/><U78/><E32/><V89/><F41/><T95/><D125/><N who="1" m="48235" /><E2/><V108/><F64/><T75/><D38/><U52/><E129/><V76/><F70/><T123/><N who="0" m="31520" /><T60/><D60/><U101/><E101/><V59/><F59/><T0/><D0/><U45/><E68/><V135/><F83/><AGARI ba="0,0" hai="40,45,48,49,51,52,57,63,78,83,86" m="48235,30752" machi="83" ten="30,7700,0" yaku="18,1,52,2,54,1" doraHai="117" who="1" fromWho="2" sc="246,0,366,77,438,-77,0,0" owari="246,-35.0,443,39.0,361,-4.0,0,0.0" /></mjloggm>