<mjloggm ver="2.3"><GO type="225" lobby="0"/><UN n0="%E3%81%8A%E3%81%8A%E3%81%9E%E3%82%89%E3%82%92%E3%81%A8%E3%81%B6" n1="%50%49%58%49" n2="%E3%82%B7%E3%83%B3%E3%83%95%E3%82%A9%E3%83%8B%E3%82%A2" n3="%E9%95%B7%E5%B3%B6%E3%83%B3%E3%82%AC%E3%83%B3" dan="16,16,17,17" rate="2162.62,2181.93,2123.57,2154.44" sx="M,F,M,M"/><TAIKYOKU oya="0"/><INIT seed="0,0,0,0,3,87" ten="250,250,250,250" oya="0" hai0="90,52,40,77,83,63,30,120,15,7,122,133,98" hai1="39,46,26,125,2,28,4,51,109,32,81,14,38" hai2="29,69,96,113,5,27,135,126,20,53,18,89,84" hai3="130,115,78,85,34,0,59,49,102,100,12,10,107"/><T60/><D133/><U101/><E109/><V112/><F126/><W86/><G115/><T124/><D124/><U58/><E125/><V72/><F72/><W127/><G127/><T42/><D30/><U57/><E2/><V108/><F108/><W131/><G0/><T61/><D122/><U8/><E101/><V94/><F135/><W70/><G70/><T129/><D129/><U13/><E13/><V3/><F69/><W132/><G34/><T73/><D120/><U117/><E117/><V44/><F3/><W1/><G1/><T36/><D36/><U54/><E39/><V104/><F5/><W67/><G132/><T114/><D114/><U33/><E38/><V37/><F104/><W76/><G107/><T50/><D15/><U55/><E33/><V47/><F37/><W134/><G134/><T6/><D6/><U75/><E54/><V91/><F29/><W118/><G12/><T121/><D7/><U17/><E4/><V43/><F43/><W66/><G10/><T106/><D121/><U19/><E19/><V71/><F71/><W128/><G128/><T99/><D99/><U110/><E110/><V82/><F112/><W45/><G118/><T41/><D106/><U79/><AGARI ba="0,0" hai="8,14,17,26,28,32,46,51,55,57,58,75,79,81" machi="79" ten="30,1100,0" yaku="0,1" doraHai="87" who="1" fromWho="1" sc="250,-5,250,11,250,-3,250,-3" /><INIT seed="1,0,0,2,3,54" ten="245,261,247,247" oya="1" hai0="117,69,128,46,44,116,87,37,24,75,2,26,33" hai1="90,101,0,134,47,105,125,126,108,98,61,72,107" hai2="66,110,68,15,53,38,83,131,56,73,55,41,109" hai3="122,104,51,10,60,103,81,123,65,52,77,76,13"/><U124/><E0/><V49/><F15/><W95/><G104/><T11/><D128/><U85/><E47/><N who="2" m="23991" /><F83/><W17/><G103/><T18/><D75/><U70/><E72/><V48/><F73/><W27/><G95/><T36/><D69/><U112/><E112/><V115/><F131/><W74/><G76/><T133/><D133/><U39/><E39/><V4/><F4/><W31/><G60/><T89/><D2/><U120/><E120/><V121/><F121/><W111/><G65/><T20/><D37/><U59/><E70/><V32/><F32/><W30/><G111/><N who="2" m="42505" /><F115/><W80/><G80/><T34/><D11/><U67/><E108/><V94/><F94/><W97/><G97/><T21/><D36/><U14/><E134/><V86/><F86/><W84/><G74/><T118/><D33/><U16/><E107/><V25/><F25/><W119/><G122/><T82/><REACH who="0" step="1"/><D34/><REACH who="0" ten="235,261,247,247" step="2"/><U71/><E71/><V29/><F68/><W8/><G123/><T42/><D42/><U130/><E130/><V23/><F23/><W6/><G10/><T9/><D9/><U127/><E125/><V96/><F29/><AGARI ba="0,1" hai="18,20,21,24,26,29,44,46,82,87,89,116,117,118" machi="29" ten="40,1300,0" yaku="1,1,53,0" doraHai="54" doraHaiUra="106" who="0" fromWho="2" sc="235,23,261,0,247,-13,247,0" /><INIT seed="2,0,0,3,4,82" ten="258,261,234,247" oya="2" hai0="13,26,93,1,135,115,118,66,47,7,79,51,22" hai1="60,90,5,95,78,12,15,91,114,120,61,76,6" hai2="129,56,9,133,112,110,25,23,85,109,44,48,68" hai3="37,0,3,50,67,69,58,123,59,122,98,88,102"/><V89/><F68/><W101/><G37/><T134/><D115/><U31/><E120/><V80/><F112/><W77/><G77/><N who="1" m="29802" /><E114/><V29/><F129/><W54/><G69/><T117/><D66/><U128/><E128/><V30/><F133/><N who="0" m="50698" /><D79/><U73/><E31/><V16/><F56/><W87/><G67/><T86/><D13/><N who="1" m="5195" /><E73/><V72/><F72/><W130/><G130/><T107/><D107/><U75/><E75/><V103/><F103/><W99/><G50/><T28/><D7/><N who="1" m="2571" /><E91/><V126/><F126/><W52/><G88/><N who="0" m="53399" /><D1/><U62/><E90/><V27/><F9/><W119/><G119/><T43/><AGARI ba="0,0" hai="22,26,28,43,47,51,117,118" m="53399,50698" machi="43" ten="30,4000,0" yaku="20,1,52,1,54,1" doraHai="82" who="0" fromWho="0" sc="258,40,261,-10,234,-20,247,-10" /><INIT seed="3,0,0,4,3,30" ten="298,251,214,237" oya="3" hai0="29,87,27,3,112,38,20,53,67,25,111,130,24" hai1="41,115,106,34,79,133,102,14,107,40,114,22,119" hai2="93,91,49,7,75,94,68,63,64,57,19,77,18" hai3="78,134,135,59,45,26,98,125,0,118,48,104,31"/><W2/><G118/><T76/><D3/><U70/><E70/><V50/><F7/><W116/><G116/><T99/><D38/><U33/><E119/><V81/><F93/><W123/><G123/><T103/><D111/><U8/><E22/><V74/><F74/><W43/><G78/><T51/><D130/><U82/><E133/><N who="3" m="50698" /><G125/><T120/><D67/><U13/><E8/><V66/><F66/><W110/><G59/><N who="0" m="33215" /><D112/><U35/><E102/><V71/><F71/><W117/><G117/><T113/><D113/><N who="1" m="43019" /><E82/><V95/><F95/><W37/><G48/><T11/><D11/><U60/><E60/><V9/><F68/><W44/><G44/><T92/><D120/><U127/><E79/><V128/><F128/><W46/><G46/><T5/><D5/><U85/><E85/><V17/><REACH who="2" step="1"/><F9/><REACH who="2" ten="298,251,204,237" step="2"/><W96/><G110/><T52/><D92/><U23/><E127/><V61/><F61/><W56/><G104/><T1/><D103/><U86/><E86/><AGARI ba="0,1" hai="17,18,19,49,50,57,63,64,75,77,81,86,91,94" machi="86" ten="40,1300,0" yaku="1,1,53,0" doraHai="30" doraHaiUra="97" who="2" fromWho="1" sc="298,0,251,-13,204,23,237,0" /><INIT seed="4,0,0,0,4,9" ten="298,238,227,237" oya="0" hai0="46,40,76,125,99,73,117,1,14,5,27,106,59" hai1="111,84,12,31,7,81,121,8,38,57,126,45,35" hai2="110,34,11,88,33,62,123,97,64,53,132,102,56" hai3="83,50,26,90,58,30,129,89,93,23,71,103,20"/><T94/><D117/><U79/><E121/><V105/><F110/><W63/><G129/><T4/><D1/><U28/><E111/><V68/><F132/><W104/><G71/><T3/><D3/><U113/><E126/><V107/><F123/><W67/><G104/><T24/><D106/><U22/><E35/><V36/><F105/><W134/><G134/><T39/><D125/><U87/><E113/><V16/><F36/><W48/><G23/><T74/><D59/><U37/><E57/><V32/><F88/><N who="3" m="33899" /><G83/><T78/><D74/><U135/><E135/><V109/><F109/><W2/><G2/><T41/><D73/><U77/><E45/><V61/><REACH who="2" step="1"/><F33/><REACH who="2" ten="298,238,217,237" step="2"/><W17/><G30/><T131/><D39/><U49/><E38/><V115/><F115/><W42/><G42/><T75/><D40/><U66/><E37/><V92/><F92/><W25/><G25/><T6/><D27/><U114/><E114/><V96/><F96/><AGARI ba="0,1" hai="17,20,26,48,50,58,63,67,93,96,103" m="33899" machi="96" ten="30,2000,0" yaku="8,1,54,1" doraHai="9" who="3" fromWho="2" sc="298,0,238,0,217,-20,237,30" /><INIT seed="5,0,0,1,1,68" ten="298,238,197,267" oya="1" hai0="15,128,55,29,106,53,117,67,110,23,34,127,95" hai1="35,89,37,64,78,135,125,24,101,56,87,13,31" hai2="41,88,123,91,112,54,61,30,7,109,66,76,126" hai3="116,36,14,50,51,45,48,84,52,43,70,12,121"/><U27/><E125/><V118/><F109/><W46/><G121/><T108/><D106/><U47/><E135/><V85/><F123/><W113/><G70/><T122/><D122/><U82/><E101/><V25/><F118/><W83/><G113/><T58/><D117/><U114/><E114/><V99/><F112/><W49/><REACH who="3" step="1"/><G116/><REACH who="3" ten="298,238,197,257" step="2"/><T94/><D110/><U11/><E35/><V44/><F126/><W98/><G98/><T9/><D108/><U90/><E31/><V2/><F99/><W62/><G62/><N who="0" m="38359" /><D34/><U111/><E111/><V21/><F61/><W1/><G1/><T16/><D127/><U40/><E64/><V42/><F66/><W105/><G105/><T97/><D128/><U72/><E56/><V60/><F2/><W132/><G132/><T74/><D74/><U69/><E69/><V73/><F73/><W102/><G102/><N who="0" m="60727" /><D95/><U20/><E72/><V32/><F32/><W103/><G103/><T100/><D100/><U39/><E82/><N who="2" m="47303" /><F60/><W17/><G17/><N who="0" m="8431" /><D29/><U19/><E87/><V134/><F134/><W120/><G120/><T59/><D59/><U129/><E129/><V26/><F7/><W104/><G104/><T79/><D79/><AGARI ba="0,1" hai="12,14,36,43,45,46,48,49,50,51,52,79,83,84" machi="79" ten="40,8000,1" yaku="1,1,52,1,54,1,53,1" doraHai="68" doraHaiUra="80" who="3" fromWho="0" sc="298,-80,238,0,197,0,257,90" owari="218,-18.0,238,4.0,197,-30.0,347,44.0" /></mjloggm>