<mjloggm ver="2.3"><GO type="169" lobby="0"/><UN n0="%E7%88%86%E7%89%8C%E3%82%A6%E3%82%B7%E3%82%B8%E3%83%9E%E3%81%8F%E3%82%93" n1="%E3%83%93%E3%83%81%E3%83%A3%E5%B1%B1%E3%83%93%E3%83%81%E3%83%A3%E7%94%B7" n2="%4E%6F%2E%30%30%30%31" n3="%E3%83%81%E3%83%BC%E3%83%9B%E3%82%A4" dan="17,16,18,16" rate="2185.27,2039.90,2278.76,2035.81" sx="M,M,F,M"/><TAIKYOKU oya="0"/><INIT seed="0,0,0,2,2,70" ten="250,250,250,250" oya="0" hai0="17,75,100,52,85,84,133,76,8,127,60,71,122" hai1="116,94,48,42,120,0,98,56,72,97,33,34,92" hai2="77,123,95,115,45,108,50,65,3,9,78,11,128" hai3="57,26,63,73,23,51,135,104,83,126,105,24,40"/><T58/><D122/><U66/><E120/><V81/><F123/><W12/><G126/><T1/><D127/><U134/><E0/><V39/><F108/><W112/><G112/><T13/><D133/><U117/><E72/><V36/><F115/><W18/><G135/><T106/><D71/><U110/><E134/><V53/><F77/><W125/><G26/><T6/><D75/><U19/><E42/><V99/><F65/><W68/><G68/><T119/><D119/><U93/><E19/><V103/><F128/><W129/><G129/><T43/><D76/><U107/><E107/><V74/><REACH who="2" step="1"/><F3/><REACH who="2" ten="250,250,240,250" step="2"/><W2/><G2/><T64/><D64/><U38/><E66/><V41/><F41/><W131/><G131/><T86/><D43/><U35/><E110/><V16/><F16/><W31/><G125/><T10/><D106/><U130/><E130/><V22/><F22/><W90/><G18/><T21/><D21/><U118/><E38/><AGARI ba="0,1" hai="9,11,36,38,39,45,50,53,74,78,81,95,99,103" machi="38" ten="40,8000,1" yaku="1,1,52,3,53,1" doraHai="70" doraHaiUra="49" who="2" fromWho="1" sc="250,0,250,-80,240,90,250,0" /><INIT seed="1,0,0,0,1,11" ten="250,170,330,250" oya="1" hai0="17,58,79,59,126,78,77,118,83,120,50,122,61" hai1="97,125,127,76,29,64,72,99,91,45,0,41,62" hai2="74,131,117,87,26,82,90,110,1,121,60,67,21" hai3="130,32,56,93,24,16,109,65,113,4,96,133,119"/><U27/><E0/><V135/><F117/><W36/><G109/><T88/><D118/><U94/><E97/><V111/><F121/><W68/><G68/><T10/><D126/><U116/><E116/><V47/><F1/><W7/><G36/><T2/><D2/><U98/><E99/><V89/><F74/><W129/><G113/><T95/><D120/><U5/><E5/><V46/><F135/><W48/><G32/><T104/><D104/><U54/><E54/><V84/><F131/><W112/><G112/><T102/><D122/><U23/><E76/><V103/><F103/><W44/><G133/><T106/><D106/><U75/><E125/><V107/><F107/><W57/><G119/><T52/><D102/><U69/><REACH who="1" step="1"/><E127/><REACH who="1" ten="250,160,330,250" step="2"/><V51/><F111/><W100/><G4/><T128/><D128/><N who="3" m="49257" /><G7/><T81/><D79/><U101/><E101/><V80/><F110/><W108/><G108/><T49/><D78/><U33/><E33/><V42/><F42/><W132/><G132/><T28/><D77/><U20/><E20/><V22/><F22/><N who="3" m="13383" /><G65/><T85/><D10/><U115/><E115/><V30/><REACH who="2" step="1"/><F51/><AGARI ba="0,1" hai="23,27,29,41,45,51,62,64,69,72,75,91,94,98" machi="51" ten="30,5800,0" yaku="1,1,7,1,53,1" doraHai="11" doraHaiUra="86" who="1" fromWho="2" sc="250,0,160,68,330,-58,250,0" /><INIT seed="1,1,0,0,0,91" ten="250,228,272,250" oya="1" hai0="29,8,120,49,6,21,51,105,26,67,84,121,22" hai1="20,103,114,128,30,125,116,118,132,44,31,129,43" hai2="135,117,7,18,19,73,45,87,85,15,60,58,64" hai3="13,57,35,108,50,46,92,3,97,95,36,90,28"/><U102/><E114/><V11/><F117/><N who="1" m="45161" /><E20/><V66/><F73/><W71/><G108/><T61/><D105/><U56/><E56/><V38/><F135/><W54/><G71/><T89/><D22/><U78/><E78/><V130/><F130/><N who="1" m="50281" /><E132/><V48/><F66/><W53/><G3/><T5/><D5/><U70/><E70/><V110/><F38/><W2/><G2/><T123/><D6/><U41/><E44/><V68/><F68/><W106/><G106/><T124/><D8/><U96/><E96/><V75/><F75/><W122/><G122/><T10/><D10/><U0/><E0/><V52/><F110/><W25/><G13/><T74/><D74/><U14/><E14/><V104/><F104/><W113/><G113/><T133/><D133/><U33/><E33/><V12/><F7/><W59/><G36/><T63/><D120/><U83/><E83/><V72/><F72/><W77/><G77/><T27/><D123/><U4/><E4/><V1/><F1/><W131/><G131/><T100/><D121/><U115/><E115/><V107/><F107/><W32/><G32/><T23/><D23/><AGARI ba="1,0" hai="11,12,15,18,19,23,45,48,52,58,60,64,85,87" machi="23" ten="30,3900,0" yaku="7,1,8,1,54,1" doraHai="91" who="2" fromWho="0" sc="250,-42,228,0,272,42,250,0" /><INIT seed="2,0,0,2,1,35" ten="208,228,314,250" oya="2" hai0="16,86,77,58,78,31,76,101,84,44,5,2,32" hai1="70,19,95,110,74,131,90,89,125,8,49,29,60" hai2="61,116,71,52,124,30,107,68,82,80,134,23,128" hai3="55,106,54,72,46,1,79,91,0,94,39,104,103"/><V27/><F116/><W113/><G113/><T64/><D101/><U99/><E74/><V109/><F107/><W11/><G106/><T21/><D32/><U98/><E110/><V20/><F128/><W85/><G11/><T129/><D129/><U88/><E125/><V10/><F124/><W53/><G46/><T15/><D31/><U38/><E38/><V102/><F102/><W13/><G13/><T66/><D44/><U51/><E29/><V9/><F134/><W87/><G87/><T4/><D2/><N who="3" m="1129" /><G53/><T6/><REACH who="0" step="1"/><D58/><REACH who="0" ten="198,228,314,250" step="2"/><U73/><E131/><V14/><F30/><W42/><G39/><T40/><D40/><U28/><E28/><V26/><F68/><W111/><G42/><T12/><D12/><U33/><E33/><V57/><F71/><W112/><G112/><T63/><D63/><U24/><E70/><V123/><F61/><W50/><G50/><T114/><D114/><U83/><E60/><V45/><F14/><W36/><G36/><T7/><N who="0" m="1024" /><DORA hai="120" /><T105/><D105/><U75/><E51/><V69/><F45/><W130/><G130/><T41/><D41/><U56/><E49/><V67/><F57/><W3/><G3/><T47/><D47/><U18/><E56/><V43/><F43/><W65/><G103/><T119/><D119/><U135/><E135/><V108/><F69/><W25/><G104/><T132/><D132/><U81/><E24/><V118/><F118/><W100/><G100/><T22/><D22/><U127/><E127/><V92/><F20/><W126/><G126/><T37/><D37/><U34/><E34/><RYUUKYOKU ba="0,1" sc="198,30,228,-10,314,-10,250,-10" hai0="15,16,21,64,66,76,77,78,84,86" /><INIT seed="3,1,1,2,0,53" ten="228,218,304,240" oya="3" hai0="67,8,39,132,2,3,101,24,80,92,29,47,59" hai1="1,126,12,102,128,66,42,111,26,74,23,41,134" hai2="75,84,114,28,78,32,103,124,119,20,17,85,108" hai3="35,57,5,49,86,109,95,76,43,133,14,122,22"/><W121/><G35/><T117/><D117/><U56/><E1/><V52/><F114/><W65/><G133/><T99/><D132/><U44/><E134/><V110/><F119/><W88/><G109/><N who="2" m="42089" /><F103/><W46/><G76/><T118/><D118/><U131/><E74/><V104/><F104/><W89/><G121/><T21/><D8/><U45/><E12/><V61/><F28/><W63/><G122/><T70/><D70/><U69/><E102/><V7/><F7/><W87/><G22/><T77/><D47/><N who="1" m="17995" /><E69/><V16/><F32/><W64/><G64/><T127/><D127/><U116/><E111/><V34/><F124/><W106/><G106/><T25/><D25/><U82/><E82/><N who="2" m="45407" /><F34/><W15/><G5/><T0/><D39/><U68/><E68/><V72/><F72/><W37/><G37/><T90/><D90/><U83/><E83/><AGARI ba="1,1" hai="14,15,43,46,49,57,63,65,83,86,87,88,89,95" machi="83" ten="30,11600,0" yaku="7,1,8,1,52,1,54,1" doraHai="53" who="3" fromWho="1" sc="228,0,218,-119,304,0,240,129" /><INIT seed="3,2,0,2,4,54" ten="228,99,304,369" oya="3" hai0="36,41,93,116,17,18,92,6,0,119,80,12,104" hai1="97,49,134,109,3,35,63,91,16,19,120,95,34" hai2="8,48,39,71,2,106,23,13,89,40,124,14,56" hai3="118,59,26,77,96,51,135,20,90,11,84,85,52"/><W111/><G118/><T133/><D104/><U25/><E120/><V110/><F106/><W128/><G135/><T99/><D133/><U58/><E109/><V27/><F71/><W121/><G121/><T126/><D126/><U72/><E134/><V47/><F110/><W7/><G128/><T101/><D80/><U129/><E129/><V57/><F2/><W115/><G115/><T33/><D33/><U22/><E72/><V98/><F39/><W67/><G67/><T86/><D36/><U103/><E3/><V9/><F124/><W44/><G77/><T122/><D41/><U125/><E125/><V117/><F117/><W29/><G111/><T15/><D0/><U94/><E49/><V69/><F69/><W21/><G21/><T60/><D60/><U73/><E19/><N who="2" m="8655" /><F89/><W10/><G44/><T114/><D122/><U30/><E73/><V127/><F98/><W78/><G78/><T82/><D114/><U32/><E30/><N who="2" m="17791" /><F127/><W131/><G131/><T88/><D6/><AGARI ba="2,0" hai="6,8,13,40,47,48,56,57" m="17791,8655" machi="6" ten="30,3900,0" yaku="8,1,52,2" doraHai="54" who="2" fromWho="0" sc="228,-45,99,0,304,45,369,0" /><INIT seed="4,0,0,2,0,75" ten="183,99,349,369" oya="0" hai0="57,126,22,130,65,54,79,89,94,91,24,102,125" hai1="87,101,15,30,104,92,100,42,52,55,60,6,124" hai2="111,3,80,78,41,134,59,49,1,34,84,37,112" hai3="110,98,106,4,113,8,0,120,128,123,28,9,74"/><T20/><D130/><U109/><E109/><V70/><F111/><W31/><G110/><T61/><D20/><U12/><E124/><N who="0" m="47721" /><D79/><U116/><E116/><V88/><F34/><W27/><G74/><T96/><D54/><U132/><E132/><V23/><F134/><W122/><G128/><T105/><D105/><U16/><E30/><AGARI ba="0,0" hai="22,24,30,57,61,65,89,91,94,96,102" m="47721" machi="30" ten="30,2900,0" yaku="25,1,18,1" doraHai="75" who="0" fromWho="1" sc="183,29,99,-29,349,0,369,0" /><INIT seed="4,1,0,0,4,120" ten="212,70,349,369" oya="0" hai0="1,12,112,110,92,35,72,23,76,49,53,54,62" hai1="43,28,61,3,115,21,59,58,64,102,114,13,133" hai2="107,93,48,73,122,101,127,44,34,132,86,118,117" hai3="46,75,78,94,20,14,121,38,25,128,109,0,96"/><T84/><D1/><U32/><E3/><V68/><F68/><W135/><G109/><T11/><D35/><U129/><E43/><V70/><F70/><W55/><G14/><T37/><D37/><U69/><E129/><V63/><F34/><W80/><G135/><T27/><D112/><N who="1" m="43051" /><E133/><V65/><F73/><W119/><G119/><T124/><D124/><U85/><E85/><V82/><F107/><W81/><G81/><T26/><D110/><U29/><E102/><V130/><F122/><W51/><G128/><T116/><D72/><U103/><E103/><V74/><F74/><W131/><G131/><T98/><D116/><U83/><E83/><V45/><F127/><W40/><G0/><T19/><D76/><U56/><E32/><V79/><F132/><W134/><G121/><T105/><D84/><U15/><E15/><V66/><F130/><W42/><G38/><T22/><D105/><U60/><E61/><V4/><F63/><W6/><G6/><T97/><D62/><U24/><E13/><V77/><F82/><W7/><G7/><T8/><D12/><U50/><E50/><V123/><F4/><W47/><G134/><T106/><D106/><U89/><E89/><V10/><F123/><W41/><G96/><T31/><D49/><U90/><E90/><V99/><F48/><N who="3" m="29079" /><G94/><T104/><D104/><U91/><E91/><V2/><F118/><W57/><G57/><N who="1" m="14594" /><U17/><AGARI ba="1,0" hai="17,21,24,28,29,60,64,69" m="14594,43051" machi="17" ten="40,5200,0" yaku="4,1,15,1,11,1" doraHai="120" who="1" fromWho="1" sc="212,-27,70,55,349,-14,369,-14" /><INIT seed="5,0,0,5,5,28" ten="185,125,335,355" oya="1" hai0="53,2,0,91,104,114,99,112,29,133,84,49,86" hai1="96,1,119,21,115,102,124,109,24,35,93,59,129" hai2="66,94,97,4,3,14,15,19,41,113,54,9,69" hai3="83,16,101,77,43,27,7,64,13,46,58,87,8"/><U6/><E119/><V50/><F41/><W32/><G101/><N who="0" m="62527" /><D133/><U89/><E35/><V44/><F113/><N who="0" m="43626" /><D29/><U48/><E115/><V92/><F3/><N who="0" m="1066" /><D91/><U62/><E124/><V123/><F123/><W85/><G85/><T47/><AGARI ba="0,0" hai="47,49,53,84,86" m="1066,43626,62527" machi="47" ten="30,1100,0" yaku="15,1" doraHai="28" who="0" fromWho="0" sc="185,11,125,-5,335,-3,355,-3" /><INIT seed="6,0,0,2,3,94" ten="196,120,332,352" oya="2" hai0="82,88,63,6,55,123,43,121,4,38,50,51,108" hai1="79,75,59,74,111,0,48,28,70,29,33,77,62" hai2="21,1,78,110,26,80,2,42,129,34,95,105,91" hai3="32,119,19,131,69,114,117,41,12,109,65,76,125"/><V122/><F122/><W66/><G109/><T61/><D108/><U133/><E111/><V49/><F110/><W127/><G32/><T37/><D82/><U17/><E133/><V104/><F34/><W130/><G76/><T89/><REACH who="0" step="1"/><D55/><REACH who="0" ten="186,120,332,352" step="2"/><U40/><E70/><V10/><F80/><W98/><G69/><T39/><D39/><U31/><E33/><V135/><F135/><W96/><G119/><T102/><D102/><U106/><E0/><V45/><F1/><W25/><G117/><T100/><D100/><U20/><E75/><V36/><F36/><W3/><G3/><T97/><D97/><U124/><E74/><V68/><F68/><W134/><G134/><T83/><D83/><U57/><E124/><V7/><F129/><W15/><G98/><T92/><D92/><U85/><E106/><V8/><F104/><W86/><G96/><T72/><D72/><U14/><E85/><V23/><F105/><W113/><G86/><T9/><D9/><U73/><E73/><V52/><F10/><N who="3" m="6551" /><G127/><T18/><D18/><U90/><E90/><V101/><F101/><W47/><G125/><T22/><D22/><U116/><E116/><V81/><F95/><W128/><G130/><T120/><D120/><U132/><E132/><V99/><F99/><W64/><G128/><T53/><D53/><N who="1" m="31911" /><E40/><AGARI ba="0,1" hai="4,6,37,38,40,43,50,51,61,63,88,89,121,123" machi="40" ten="25,12000,2" yaku="1,1,22,2,54,1,53,2" doraHai="94" doraHaiUra="118" who="0" fromWho="1" sc="186,130,120,-120,332,0,352,0" /><INIT seed="7,0,0,0,1,7" ten="316,0,332,352" oya="3" hai0="62,13,72,115,6,44,45,10,54,96,122,103,35" hai1="23,25,130,20,52,3,70,27,18,118,131,38,67" hai2="129,41,76,8,19,37,31,50,127,100,83,15,98" hai3="53,97,125,112,48,59,73,95,61,4,128,63,30"/><W90/><G112/><T91/><D122/><U64/><E3/><V5/><F37/><W84/><G73/><T113/><D72/><U39/><E18/><V2/><F129/><W42/><G125/><T58/><D35/><U110/><E52/><V51/><F127/><W77/><G4/><T74/><D74/><U17/><E17/><V78/><F31/><W121/><G121/><T16/><D6/><U124/><E124/><V85/><F76/><W80/><G128/><T89/><D89/><U11/><E130/><V68/><F41/><W9/><G9/><T75/><D75/><U1/><E131/><V43/><F43/><W29/><G63/><T22/><D22/><U126/><E126/><V55/><F68/><W21/><G21/><T49/><D91/><U117/><E70/><V114/><F55/><W33/><G33/><T47/><REACH who="0" step="1"/><D62/><REACH who="0" ten="306,0,332,352" step="2"/><U133/><E1/><V40/><F114/><W94/><G61/><T111/><D111/><U36/><E110/><V56/><F2/><W69/><G90/><T71/><D71/><U60/><E60/><V120/><F120/><W123/><G69/><T46/><N who="0" m="11264" /><DORA hai="106" /><T24/><D24/><U34/><E34/><V88/><F88/><W109/><G42/><T87/><D87/><U102/><E102/><V57/><F40/><W93/><G84/><T132/><D132/><U65/><E133/><V0/><F56/><W81/><G59/><T101/><D101/><U119/><E11/><N who="2" m="6655" /><F57/><W99/><G123/><T32/><D32/><U12/><E12/><V82/><F83/><N who="3" m="31819" /><G109/><T135/><D135/><U108/><E108/><RYUUKYOKU ba="0,1" sc="306,10,0,10,332,10,352,-30" hai0="10,13,16,49,54,58,96,103,113,115" hai1="20,23,25,27,36,38,39,64,65,67,117,118,119" hai2="0,5,8,50,51,78,82,85,98,100" owari="316,-8.0,10,-49.0,352,45.0,322,12.0" /></mjloggm>