<mjloggm ver="2.3"><GO type="169" lobby="0"/><UN n0="%E3%83%94%E3%82%AC%E3%82%B7" n1="%74%65%6E%68%6F%75%E5%90%9B" n2="%E3%83%A9%E3%82%B9%E3%82%8B%E3%81%8B%E3%81%AA" n3="%E3%83%8A%E3%82%AB%E3%81%AB%E3%81%97" dan="16,16,16,17" rate="2151.45,2089.48,2198.08,2238.92" sx="M,M,M,M"/><TAIKYOKU oya="0"/><INIT seed="0,0,0,2,0,88" ten="250,250,250,250" oya="0" hai0="104,59,17,19,49,115,62,3,44,120,39,23,113" hai1="20,25,116,7,30,123,134,65,106,117,121,125,108" hai2="45,15,70,85,95,74,35,13,82,132,124,97,76" hai3="21,98,69,112,28,64,90,89,75,84,22,99,12"/><T18/><D120/><U38/><E65/><V27/><F70/><W66/><G112/><T83/><D3/><U33/><E20/><V41/><F132/><W94/><G75/><T43/><D104/><U60/><E60/><V133/><F124/><W4/><G69/><T93/><D83/><U58/><E58/><V77/><F133/><W79/><G79/><T14/><D39/><U119/><E7/><V34/><F77/><W86/><G4/><T55/><D115/><U47/><E134/><V122/><F74/><W40/><G12/><T103/><D113/><U9/><E9/><V131/><F131/><W16/><G40/><T67/><D67/><N who="3" m="25641" /><G28/><T56/><D56/><U109/><E106/><V32/><F27/><N who="3" m="14759" /><G22/><T71/><REACH who="0" step="1"/><D71/><REACH who="0" ten="240,250,250,250" step="2"/><U61/><E125/><V135/><F135/><W130/><G130/><T100/><D100/><U36/><E61/><V46/><F122/><N who="1" m="46601" /><E47/><V63/><F45/><W10/><G10/><T96/><AGARI ba="0,1" hai="14,17,18,19,23,43,44,49,55,59,62,93,96,103" machi="96" ten="30,12000,1" yaku="1,1,0,1,8,1,52,1,53,1" doraHai="88" doraHaiUra="50" who="0" fromWho="0" sc="240,130,250,-40,250,-40,250,-40" /><INIT seed="0,1,0,5,3,131" ten="370,210,210,210" oya="0" hai0="105,120,124,18,56,108,65,112,123,33,12,87,73" hai1="21,101,97,16,122,46,113,29,38,17,42,125,133" hai2="91,41,53,52,11,1,126,39,98,15,96,23,129" hai3="128,117,36,45,63,14,27,40,95,0,50,57,78"/><T61/><D73/><U132/><E122/><V24/><F1/><W93/><G117/><T26/><D112/><U6/><E113/><V134/><F129/><W102/><G0/><T49/><D105/><U116/><E116/><V88/><F126/><W135/><G128/><T92/><D124/><U47/><E125/><V74/><F74/><W114/><G114/><T107/><D107/><U13/><E6/><N who="2" m="3575" /><F41/><W130/><G78/><T30/><D108/><U109/><E109/><V54/><F39/><W77/><G77/><T103/><D49/><U99/><E47/><V43/><F134/><N who="1" m="51817" /><E29/><N who="2" m="17567" /><F43/><W76/><G36/><T86/><D86/><U68/><E68/><V100/><F100/><W69/><G69/><T70/><D70/><U25/><E101/><V85/><F91/><W90/><G90/><T37/><D37/><U127/><E127/><V60/><F60/><W10/><G102/><T106/><D106/><U3/><E3/><V83/><AGARI ba="1,0" hai="52,53,54,83,85,88,96,98" m="17567,3575" machi="83" ten="30,4000,0" yaku="8,1,54,2" doraHai="131" who="2" fromWho="2" sc="370,-21,210,-11,210,43,210,-11" /><INIT seed="1,0,0,3,4,106" ten="349,199,253,199" oya="1" hai0="93,26,76,130,58,74,131,120,97,2,96,32,68" hai1="55,81,134,109,90,22,65,46,70,13,20,23,9" hai2="98,5,86,73,50,77,127,114,100,66,122,21,56" hai3="91,15,99,124,115,128,53,4,41,72,40,107,29"/><U31/><E134/><V12/><F122/><W105/><G115/><T64/><D2/><U52/><E109/><V61/><F127/><W112/><G112/><T6/><D6/><U48/><E55/><V121/><F121/><W116/><G116/><T19/><D68/><U45/><E45/><V67/><F114/><W54/><G124/><T43/><D43/><U1/><E1/><V10/><F86/><W71/><G71/><T60/><D120/><U80/><E31/><V79/><F67/><W104/><G29/><T3/><D3/><U108/><E108/><V117/><F73/><W25/><G25/><T34/><D96/><U18/><REACH who="1" step="1"/><E90/><REACH who="1" ten="349,189,253,199" step="2"/><V113/><F113/><W101/><G91/><T78/><D64/><U42/><E42/><V85/><F66/><W69/><G41/><T14/><D131/><U133/><E133/><V33/><F117/><W38/><G40/><T125/><D130/><U37/><E37/><V129/><F129/><W94/><G38/><T89/><D125/><U119/><E119/><V87/><F33/><W36/><G36/><T62/><D34/><U8/><E8/><V57/><F10/><W123/><G128/><T132/><D32/><U102/><E102/><V51/><F100/><W35/><G35/><T92/><D89/><U63/><AGARI ba="0,1" hai="9,13,18,20,22,23,46,48,52,63,65,70,80,81" machi="63" ten="30,6000,0" yaku="1,1,0,1,54,1,53,0" doraHai="106" doraHaiUra="111" who="1" fromWho="1" sc="349,-20,189,70,253,-20,199,-20" /><INIT seed="1,1,0,5,2,115" ten="329,259,233,179" oya="1" hai0="12,28,22,53,46,57,27,21,99,125,77,135,66" hai1="122,50,51,32,103,37,17,134,82,60,26,102,24" hai2="126,88,0,64,16,119,74,94,75,83,42,52,78" hai3="104,131,13,15,7,41,9,70,91,108,38,19,43"/><U110/><E122/><V18/><F0/><W44/><G108/><T1/><D1/><U67/><E110/><V90/><F75/><W123/><G123/><T117/><D125/><U54/><E134/><V114/><F114/><W79/><G104/><T20/><D77/><U2/><E2/><V113/><F113/><W130/><G70/><T97/><D135/><U14/><E37/><V35/><F35/><W3/><G41/><T80/><D80/><U62/><E82/><V34/><F34/><W105/><G105/><T129/><D129/><U36/><E36/><V98/><F126/><W84/><G79/><T106/><D106/><U118/><E118/><V86/><F42/><W47/><G44/><T112/><D117/><U40/><E40/><V121/><F121/><W111/><G111/><T101/><D99/><U132/><E132/><V39/><F39/><W133/><G133/><T63/><D12/><U10/><E51/><V29/><F29/><W92/><REACH who="3" step="1"/><G19/><REACH who="3" ten="329,259,233,169" step="2"/><T68/><D46/><N who="1" m="27991" /><E32/><V4/><F78/><W23/><G23/><T6/><D112/><U5/><E17/><V25/><F16/><W109/><G109/><T76/><D76/><U8/><E10/><V48/><F18/><W128/><AGARI ba="1,1" hai="3,7,9,13,15,38,43,47,84,91,92,128,130,131" machi="128" ten="30,4000,0" yaku="1,1,0,1,19,1,53,0" doraHai="115" doraHaiUra="56" who="3" fromWho="3" sc="329,-11,259,-21,233,-11,169,53" /><INIT seed="2,0,0,0,3,14" ten="318,238,222,222" oya="2" hai0="96,32,118,33,39,71,115,82,20,4,15,75,21" hai1="18,26,101,19,56,131,128,57,123,52,124,49,6" hai2="28,40,24,12,3,100,54,38,60,7,48,83,41" hai3="122,116,85,55,93,87,94,132,76,74,51,8,45"/><V88/><F3/><W84/><G116/><T34/><D39/><U110/><E110/><V99/><F60/><W2/><G122/><T102/><D71/><U66/><E123/><V29/><F38/><W69/><G69/><T46/><D115/><U104/><E124/><V95/><F7/><W127/><G127/><T81/><D46/><U68/><E6/><V129/><F12/><W58/><G132/><T98/><D4/><U10/><E10/><V103/><F129/><N who="1" m="49737" /><E68/><V72/><F29/><W108/><G108/><T117/><D15/><U67/><E26/><V11/><F11/><W9/><G2/><T27/><D27/><U113/><E113/><V130/><F130/><W89/><G74/><T1/><D1/><U91/><E91/><V112/><F112/><W125/><G125/><T13/><D13/><U31/><E31/><V42/><F83/><N who="3" m="47207" /><G87/><T50/><D34/><U5/><E5/><V0/><F72/><W36/><G94/><T90/><D75/><U111/><E111/><V135/><F135/><W80/><G93/><T105/><D33/><U16/><E57/><V62/><F62/><N who="3" m="36191" /><G36/><T70/><D32/><U43/><E43/><AGARI ba="0,0" hai="8,9,43,45,51,80,85,89" m="36191,47207" machi="43" ten="30,1000,0" yaku="8,1" doraHai="14" who="3" fromWho="1" sc="318,0,238,-10,222,0,222,10" /><INIT seed="3,0,0,5,2,124" ten="318,228,222,232" oya="3" hai0="50,88,48,67,98,133,54,6,46,75,42,106,22" hai1="2,8,100,128,115,114,94,113,16,105,26,132,122" hai2="31,99,71,111,79,39,10,44,21,119,90,76,33" hai3="82,55,87,62,66,85,61,86,14,109,127,51,89"/><W45/><G127/><T95/><D133/><U135/><E105/><V15/><F71/><W36/><G109/><T69/><D75/><U112/><E100/><V32/><F119/><W134/><G134/><N who="1" m="51242" /><E115/><V73/><F111/><W80/><G36/><T23/><D6/><N who="1" m="1111" /><E94/><V130/><F73/><W1/><G1/><T35/><D35/><U7/><E7/><V92/><F33/><W70/><G62/><T83/><D106/><U64/><E64/><V19/><F32/><W120/><G120/><T117/><D117/><U107/><E107/><V72/><F72/><W53/><G53/><T68/><D69/><U3/><E3/><V41/><F31/><W20/><REACH who="3" step="1"/><G80/><REACH who="3" ten="318,228,222,222" step="2"/><T59/><D83/><U25/><E122/><V38/><F39/><W34/><G34/><T65/><D68/><U103/><E103/><V77/><F38/><W74/><G74/><T96/><D67/><U47/><E114/><V9/><F41/><W131/><G131/><T11/><D65/><U110/><E128/><V129/><F129/><W78/><G78/><T93/><REACH who="0" step="1"/><D11/><REACH who="0" ten="308,228,222,222" step="2"/><U13/><E112/><V0/><F130/><W63/><G63/><T101/><AGARI ba="0,2" hai="22,23,42,46,48,50,54,59,88,93,95,96,98,101" machi="101" ten="20,12000,2" yaku="1,1,2,1,0,1,7,1,8,1,54,1,53,1" doraHai="124" doraHaiUra="84" who="0" fromWho="0" sc="308,140,228,-30,222,-30,222,-60" /><INIT seed="4,0,0,1,2,97" ten="448,198,192,162" oya="0" hai0="122,31,132,77,99,129,43,1,53,17,111,27,100" hai1="20,66,21,79,69,89,124,119,88,56,50,130,61" hai2="123,131,135,49,115,24,35,67,46,63,19,33,38" hai3="16,5,120,7,59,9,52,116,82,117,14,22,127"/><T109/><D122/><U93/><E119/><V102/><F123/><W74/><G120/><T55/><D1/><U45/><E124/><V125/><F38/><W36/><G36/><T47/><D77/><U80/><E130/><V71/><F115/><W0/><G127/><T64/><D17/><U121/><E69/><V91/><F125/><W113/><G113/><T65/><D132/><U105/><E105/><V29/><F131/><W110/><G110/><N who="0" m="41995" /><D65/><U128/><E128/><V48/><F135/><W95/><G7/><T11/><D11/><U42/><E121/><V37/><F33/><W10/><G10/><T106/><D64/><U107/><E107/><V126/><F126/><W40/><G40/><T84/><D84/><U81/><E81/><V12/><F91/><W76/><REACH who="3" step="1"/><G95/><REACH who="3" ten="448,198,192,152" step="2"/><T75/><D129/><U28/><E93/><V87/><F37/><W73/><G73/><T8/><D75/><U98/><E98/><V101/><F87/><W68/><G68/><T70/><D8/><U86/><E20/><V25/><F71/><W44/><G44/><T94/><D94/><U2/><E2/><V134/><F46/><W18/><G18/><T85/><D70/><U104/><E104/><V62/><F19/><W78/><G78/><T118/><D85/><U83/><E83/><V96/><F134/><W15/><G15/><T114/><D114/><U57/><E57/><V3/><F12/><W4/><G4/><T13/><D13/><U51/><E21/><V133/><F3/><W41/><G41/><T72/><D72/><U26/><E42/><V92/><F133/><RYUUKYOKU ba="0,1" sc="448,-10,198,-10,192,-10,152,30" hai3="0,5,9,14,16,22,52,59,74,76,82,116,117" /><INIT seed="5,1,1,1,4,97" ten="438,188,182,182" oya="1" hai0="4,67,54,122,79,3,72,59,115,71,75,40,50" hai1="83,56,108,90,13,130,96,35,87,131,25,65,135" hai2="85,114,44,53,30,120,20,100,106,78,43,34,111" hai3="76,84,16,103,8,98,18,51,133,21,12,132,126"/><U74/><E108/><V6/><F111/><W113/><G113/><T64/><D115/><U117/><E117/><V55/><F34/><W15/><G126/><T29/><D29/><BYE who="0" /><UN n0="%E3%83%94%E3%82%AC%E3%82%B7" /><U129/><E135/><V0/><F120/><W60/><G60/><T128/><D128/><U107/><E13/><V82/><F114/><W33/><G33/><T52/><D4/><U37/><E37/><V99/><F30/><W32/><G32/><T38/><D3/><U26/><E35/><V1/><F20/><W101/><G51/><T17/><D17/><U102/><REACH who="1" step="1"/><E74/><REACH who="1" ten="438,178,182,182" step="2"/><V88/><F0/><W23/><G8/><T105/><D72/><U81/><E81/><V7/><F1/><W112/><G112/><T95/><D75/><U11/><E11/><V124/><F124/><W109/><G109/><T49/><D38/><U134/><E134/><N who="3" m="51818" /><G98/><T10/><D10/><U94/><E94/><N who="2" m="54543" /><F7/><W80/><AGARI ba="1,2" hai="12,15,16,18,21,23,76,80,84,101,103" m="51818" machi="80" ten="30,7900,0" yaku="20,1,52,2,54,1" doraHai="97" who="3" fromWho="3" sc="438,-21,178,-40,182,-21,182,102" /><INIT seed="6,0,0,1,3,40" ten="417,138,161,284" oya="2" hai0="28,129,12,97,55,70,2,61,14,79,46,86,24" hai1="103,76,119,123,127,124,96,132,58,90,121,9,125" hai2="37,83,131,15,39,111,5,120,88,43,71,30,122" hai3="69,92,21,82,51,41,105,100,8,10,128,34,91"/><V115/><F71/><W17/><G34/><T135/><D2/><U94/><E9/><V74/><F115/><W114/><G69/><T109/><D109/><U87/><E119/><V118/><F118/><W16/><G128/><T113/><D135/><U0/><E0/><V6/><F131/><W20/><G105/><T112/><D97/><U93/><E58/><V35/><F111/><W110/><G82/><T65/><D79/><U54/><E54/><V130/><F130/><W126/><G100/><T52/><D86/><U66/><E66/><V77/><F30/><W89/><G126/><T36/><D55/><U50/><E50/><V78/><F35/><W81/><G81/><T67/><D67/><U57/><E57/><V75/><F43/><W73/><G73/><T7/><D36/><U25/><E25/><V133/><F83/><W102/><G102/><T42/><D42/><U72/><E132/><V18/><F133/><W13/><G114/><T64/><D64/><U44/><E44/><V48/><F18/><W101/><G101/><T106/><D106/><U3/><E3/><V84/><F84/><N who="3" m="52263" /><G91/><T27/><D70/><U117/><E117/><V134/><F134/><W116/><G116/><T29/><D129/><U99/><E72/><V53/><F88/><W32/><G32/><T107/><D107/><U4/><E4/><V63/><F37/><W45/><G110/><T98/><D7/><U38/><E38/><V68/><F39/><W85/><G85/><T49/><D113/><U60/><E60/><V47/><F75/><W80/><G80/><AGARI ba="0,0" hai="76,80,87,90,93,94,96,99,103,121,123,124,125,127" machi="80" ten="50,8000,1" yaku="18,1,34,3" doraHai="40" who="1" fromWho="3" sc="417,0,138,80,161,0,284,-80" /><INIT seed="7,0,0,3,5,31" ten="417,218,161,204" oya="3" hai0="48,56,16,93,84,125,14,88,39,116,17,106,15" hai1="111,42,18,47,72,77,46,103,35,24,110,120,41" hai2="75,94,105,2,118,101,130,21,63,54,52,10,79" hai3="11,28,49,133,55,109,100,134,115,40,37,99,44"/><W25/><G115/><T58/><D39/><N who="1" m="21823" /><E18/><V13/><F118/><W59/><G11/><T96/><D125/><U127/><E103/><V98/><F130/><W124/><G124/><T65/><D116/><U43/><E43/><V126/><F126/><W81/><G81/><T6/><D6/><U53/><E53/><V132/><F132/><W74/><G74/><T12/><D106/><U71/><E120/><V128/><F128/><W23/><REACH who="3" step="1"/><G109/><REACH who="3" ten="417,218,161,194" step="2"/><T121/><D121/><U45/><E127/><V113/><F113/><W27/><G27/><T64/><D14/><U119/><E111/><V131/><F131/><W38/><G38/><T112/><D15/><U34/><E110/><V122/><F122/><W33/><G33/><T51/><D12/><U114/><E114/><V3/><F21/><W97/><G97/><T68/><D96/><U73/><E119/><V92/><F2/><W7/><G7/><T9/><D9/><U70/><E73/><V135/><F3/><W95/><AGARI ba="0,1" hai="23,25,28,37,40,44,49,55,59,95,99,100,133,134" machi="95" ten="30,3000,0" yaku="1,1,0,1,53,0" doraHai="31" doraHaiUra="60" who="3" fromWho="3" sc="417,-10,218,-10,161,-10,194,40" /><INIT seed="7,1,0,5,0,69" ten="407,208,151,234" oya="3" hai0="78,7,38,113,45,127,39,47,25,93,120,104,21" hai1="31,84,111,56,8,52,33,66,108,30,15,2,53" hai2="32,54,9,99,65,114,102,94,44,100,122,123,115" hai3="81,132,5,82,51,12,40,116,71,63,18,135,83"/><W75/><G116/><T95/><D104/><U118/><E2/><V73/><F32/><W26/><G5/><T10/><D78/><U20/><E118/><V28/><F28/><N who="1" m="10793" /><E33/><V64/><F9/><W70/><G26/><T90/><D95/><U105/><E105/><V50/><F73/><W88/><G75/><T117/><D47/><U134/><E134/><N who="3" m="51242" /><G63/><T79/><D21/><U27/><E111/><V17/><F17/><W87/><G51/><T98/><D10/><U89/><E108/><V22/><F22/><N who="3" m="11591" /><G40/><T60/><D60/><N who="1" m="38151" /><E20/><V14/><F14/><W125/><G125/><T80/><D25/><U43/><E43/><V129/><F129/><W126/><G126/><T72/><D7/><N who="1" m="3487" /><E27/><V55/><F55/><W29/><G29/><T23/><D23/><U48/><E48/><V131/><F131/><W67/><G67/><T76/><D127/><U91/><E91/><V103/><F65/><W19/><G19/><T119/><D90/><U0/><E0/><V128/><F64/><W49/><G49/><T86/><D119/><U3/><E3/><V106/><F128/><W24/><G24/><T124/><D72/><U101/><E101/><V37/><F37/><W34/><G34/><T42/><D39/><U121/><E121/><V62/><F62/><W112/><G112/><T59/><D113/><U133/><E133/><V61/><F61/><W110/><G110/><T57/><D117/><U1/><E1/><V68/><F68/><AGARI ba="1,0" hai="68,70,71,81,82,83,87,88" m="11591,51242" machi="68" ten="30,2900,0" yaku="20,1,54,1" doraHai="69" who="3" fromWho="2" sc="407,0,208,0,151,-32,234,32" /><INIT seed="7,2,0,1,0,13" ten="407,208,119,266" oya="3" hai0="67,50,115,44,92,72,127,116,17,61,16,89,85" hai1="41,112,71,4,56,35,83,118,130,33,117,11,124" hai2="40,128,100,31,42,81,0,18,30,43,87,88,106" hai3="84,39,66,107,111,114,82,54,80,25,58,74,9"/><W90/><G39/><T34/><D34/><U29/><E112/><V21/><F0/><W98/><G114/><T10/><D72/><U28/><E71/><V32/><F128/><W24/><G66/><T1/><D116/><N who="1" m="44651" /><E41/><V76/><F32/><N who="1" m="12361" /><E130/><V125/><F125/><W65/><G65/><T5/><D127/><U119/><N who="1" m="44659" /><U103/><DORA hai="126" /><E124/><V129/><F129/><W20/><G9/><T63/><D63/><U46/><E46/><V52/><F100/><W133/><G133/><T38/><D38/><U105/><E83/><V48/><F106/><W64/><G64/><T73/><D73/><U59/><E103/><V37/><F76/><W22/><G98/><T109/><D109/><U7/><E105/><V101/><F101/><W26/><G107/><T19/><D19/><U134/><E134/><V62/><F62/><W113/><G74/><T93/><D93/><U108/><E108/><V132/><F132/><W2/><G2/><T51/><D51/><U102/><E102/><V120/><F120/><W78/><G111/><T121/><D121/><U123/><E11/><V12/><F37/><W131/><G113/><T45/><D45/><U69/><E69/><V60/><F60/><W8/><G8/><T3/><D3/><U57/><E123/><V135/><F135/><W49/><G131/><T15/><D1/><U77/><E77/><V99/><F99/><W86/><AGARI ba="2,0" hai="20,22,24,25,26,49,54,58,78,80,82,84,86,90" machi="86" ten="30,3000,0" yaku="0,1,8,1" doraHai="13,126" who="3" fromWho="3" sc="407,-12,208,-12,119,-12,266,36" /><INIT seed="7,3,0,1,1,126" ten="395,196,107,302" oya="3" hai0="30,95,102,108,16,67,76,71,10,77,9,83,124" hai1="8,75,7,90,2,40,14,129,66,32,18,31,42" hai2="93,50,89,132,119,91,29,63,49,118,107,20,38" hai3="82,26,127,21,45,109,94,133,52,5,111,37,22"/><W116/><G116/><T12/><D108/><N who="3" m="41545" /><G127/><T97/><D124/><U51/><E75/><V13/><F107/><W84/><G133/><T17/><D71/><U98/><E66/><V41/><F132/><W92/><G5/><T85/><D67/><U48/><E129/><V120/><F120/><W27/><G37/><T106/><D30/><U54/><E51/><V65/><F38/><W135/><G135/><T112/><D112/><U43/><E98/><V104/><F104/><W35/><G35/><T68/><D68/><U103/><E103/><V56/><F118/><W100/><G100/><T11/><D106/><U87/><E31/><V110/><F110/><W134/><G22/><N who="0" m="11527" /><D17/><U121/><E32/><V34/><F119/><W55/><G27/><T96/><D96/><U113/><E113/><V115/><F115/><W44/><G44/><T131/><D131/><U19/><E2/><V123/><F123/><W47/><G47/><T86/><D86/><U122/><E122/><V57/><F34/><W25/><G25/><T70/><D70/><U101/><E101/><V74/><F74/><W69/><G69/><T3/><D3/><U58/><E121/><V78/><F29/><N who="3" m="17615" /><G45/><T128/><D128/><U64/><E64/><V72/><F20/><W61/><G61/><T81/><D81/><AGARI ba="3,0" hai="7,8,14,18,19,40,42,43,48,54,58,81,87,90" machi="81" ten="40,1300,0" yaku="8,1" doraHai="126" who="1" fromWho="0" sc="395,-22,196,22,107,0,302,0" owari="373,47.0,218,-18.0,107,-39.0,302,10.0" /></mjloggm>