<mjloggm ver="2.3"><GO type="169" lobby="0"/><UN n0="%E9%87%A3%E3%82%8A%E6%97%A5%E5%92%8C" n1="%73%68%6F%6B%6F%6C%61%32" n2="%E3%83%80%E3%83%95%E3%83%88%E3%83%91%E3%83%B3%E3%83%84" n3="%E8%B1%86%E3%83%80%E3%83%9E%E8%AD%A6%E5%AF%9F" dan="17,17,16,16" rate="2175.82,2141.99,2096.21,2118.93" sx="M,M,M,M"/><TAIKYOKU oya="0"/><INIT seed="0,0,0,0,5,59" ten="250,250,250,250" oya="0" hai0="24,85,103,114,77,18,75,67,70,135,80,83,132" hai1="27,22,58,86,116,34,6,78,39,129,90,42,36" hai2="25,73,72,44,113,28,107,115,50,106,43,69,19" hai3="64,30,121,71,57,12,32,45,11,62,81,82,48"/><T89/><D114/><U53/><E116/><V130/><F69/><W108/><G108/><T97/><D70/><U63/><E129/><V92/><F130/><W31/><G121/><T95/><D67/><U111/><E111/><V94/><F19/><W7/><G71/><T112/><D112/><U109/><E34/><V5/><F5/><W14/><G14/><T68/><D68/><U20/><E42/><V38/><F50/><W60/><G60/><T88/><D18/><U79/><E6/><V117/><F117/><W133/><G133/><N who="0" m="51275" /><D24/><U100/><E100/><AGARI ba="0,0" hai="75,77,80,83,85,88,89,95,97,100,103" m="51275" machi="100" ten="30,11600,0" yaku="20,1,34,2,54,1" doraHai="59" who="0" fromWho="1" sc="250,116,250,-116,250,0,250,0" /><INIT seed="0,1,0,1,1,87" ten="366,134,250,250" oya="0" hai0="79,134,43,96,26,129,12,75,27,64,29,8,34" hai1="62,14,78,125,46,18,70,103,15,7,1,89,2" hai2="92,66,98,59,77,100,0,45,23,69,41,117,88" hai3="20,102,56,84,76,73,108,28,49,74,9,38,105"/><T50/><D134/><U104/><E125/><V53/><F0/><W121/><G38/><T4/><D129/><U21/><E78/><V37/><F117/><W44/><G108/><T71/><D71/><U52/><E104/><V16/><F77/><W111/><G111/><T48/><D64/><U3/><E103/><V22/><F100/><W85/><G9/><T90/><D43/><U99/><E70/><V132/><F132/><W36/><G36/><T19/><D79/><U114/><E114/><V55/><F23/><W110/><G102/><T13/><D27/><U93/><E7/><V97/><F97/><W82/><G105/><T107/><D75/><U128/><E128/><V119/><F119/><W130/><G121/><T94/><REACH who="0" step="1"/><D107/><REACH who="0" ten="356,134,250,250" step="2"/><U127/><E127/><V72/><F72/><W106/><G106/><T30/><D30/><U35/><E35/><V6/><F69/><W115/><G130/><T131/><D131/><U120/><E120/><V11/><F66/><W42/><G110/><T60/><D60/><U135/><E135/><V101/><F41/><W32/><G32/><T118/><D118/><U24/><E46/><V81/><F45/><W112/><G74/><T10/><AGARI ba="1,1" hai="4,8,10,12,13,19,26,29,34,48,50,90,94,96" machi="10" ten="20,7800,0" yaku="1,1,0,1,7,1,52,1,53,0" doraHai="87" doraHaiUra="33" who="0" fromWho="0" sc="356,91,134,-27,250,-27,250,-27" /><INIT seed="0,2,0,1,1,13" ten="447,107,223,223" oya="0" hai0="77,73,79,34,81,63,46,3,0,67,107,115,124" hai1="102,16,64,33,7,51,96,91,6,92,54,29,11" hai2="133,45,113,62,30,38,126,101,135,14,56,23,89" hai3="17,85,8,110,68,43,122,37,48,121,127,20,109"/><T120/><D115/><U94/><E64/><V119/><F101/><W117/><G68/><T80/><D120/><N who="3" m="46185" /><G37/><T2/><D124/><U53/><E29/><V49/><F38/><W129/><G85/><T35/><D46/><U105/><E33/><V22/><F113/><W86/><G86/><T83/><D107/><U87/><E105/><V42/><F119/><W131/><G48/><T104/><D104/><U12/><REACH who="1" step="1"/><E54/><REACH who="1" ten="447,97,223,223" step="2"/><N who="2" m="34071" /><F30/><W32/><G117/><T9/><D35/><U72/><E72/><V75/><F75/><W93/><G32/><T1/><D34/><U128/><E128/><V4/><F135/><W57/><G129/><T97/><D73/><U134/><E134/><V5/><F133/><W103/><G131/><T40/><D67/><U84/><E84/><V28/><F28/><W95/><G127/><T24/><D80/><U10/><E10/><V125/><F126/><W44/><G8/><T106/><D81/><U15/><E15/><V39/><F125/><W47/><G109/><T116/><D9/><U108/><E108/><V60/><F14/><W59/><G110/><T130/><D1/><U26/><E26/><V98/><F22/><W88/><G43/><T70/><D40/><U61/><E61/><V112/><F23/><W90/><G20/><T19/><D83/><U55/><E55/><V27/><F27/><W82/><G82/><T66/><D24/><U123/><E123/><V71/><F60/><W99/><G95/><T36/><D106/><U78/><E78/><V31/><F42/><W100/><G93/><T58/><D130/><U52/><E52/><RYUUKYOKU ba="2,1" sc="447,-10,97,30,223,-10,223,-10" hai1="6,7,11,12,16,51,53,87,91,92,94,96,102" /><INIT seed="1,3,1,2,4,39" ten="437,127,213,213" oya="1" hai0="31,104,95,105,97,68,108,52,16,91,132,11,8" hai1="47,113,123,121,36,3,63,73,92,49,129,61,81" hai2="28,18,117,94,78,112,120,6,109,14,2,19,20" hai3="44,45,41,46,133,135,53,116,110,48,55,90,75"/><U72/><E3/><V15/><F78/><W74/><G90/><T23/><D68/><U127/><E113/><V38/><F38/><W59/><G75/><T69/><D69/><U32/><E36/><V71/><F71/><W88/><G74/><T99/><D108/><U13/><E32/><V0/><F94/><W5/><G5/><T9/><D132/><N who="3" m="50761" /><G110/><T29/><D99/><U114/><E114/><V82/><F82/><W83/><G116/><T130/><D130/><U128/><E13/><N who="2" m="9295" /><F109/><W119/><G119/><T126/><D126/><U80/><E92/><V85/><F85/><N who="3" m="50239" /><G55/><T1/><D1/><U93/><E93/><V100/><F100/><W30/><G30/><T25/><D104/><U87/><E87/><V101/><F101/><W57/><G57/><T17/><D31/><U21/><E127/><V51/><F28/><W107/><G107/><T106/><D105/><U111/><E111/><V115/><F117/><W22/><G22/><T33/><D33/><U131/><E21/><N who="2" m="11511" /><F115/><W134/><G134/><T89/><D89/><U79/><E73/><V42/><F112/><W65/><G65/><T26/><D106/><U43/><REACH who="1" step="1"/><E81/><REACH who="1" ten="437,117,213,213" step="2"/><V84/><F84/><W54/><G54/><T60/><D26/><U77/><E77/><V98/><F2/><W70/><G70/><T27/><D25/><U124/><E124/><V35/><F0/><W62/><AGARI ba="3,2" hai="41,44,45,46,48,53,59,62" m="50239,50761" machi="62" ten="30,4000,0" yaku="20,1,52,1,54,1" doraHai="39" who="3" fromWho="3" sc="437,-13,117,-23,213,-13,213,69" /><INIT seed="2,0,0,3,2,56" ten="424,94,200,282" oya="2" hai0="69,5,15,125,129,120,31,131,67,4,106,39,18" hai1="104,21,111,118,78,17,90,77,19,102,24,123,42" hai2="43,34,59,99,48,30,96,38,57,91,119,65,49" hai3="98,89,86,52,132,75,16,44,85,108,113,66,29"/><V50/><F119/><W109/><G75/><T58/><D69/><U84/><E118/><V88/><F34/><W95/><G113/><T64/><D120/><U97/><E123/><V54/><F30/><W79/><G132/><T100/><D39/><U133/><E133/><V116/><F116/><W80/><G29/><T60/><D125/><U62/><E42/><V134/><F134/><W93/><G66/><T126/><D126/><U9/><E111/><V121/><F121/><W47/><G108/><T20/><D67/><U51/><E51/><N who="2" m="19531" /><F38/><W32/><G32/><T107/><D31/><U2/><E2/><V22/><F22/><W41/><G41/><T27/><D100/><U6/><E6/><N who="0" m="2665" /><D27/><U103/><E103/><V1/><F1/><W72/><G109/><T61/><D61/><U26/><E26/><V25/><F25/><W33/><G33/><T68/><D68/><U71/><E9/><V8/><F8/><W124/><G124/><T135/><D135/><U14/><E14/><V46/><F65/><W35/><G35/><T36/><D36/><U70/><E70/><V0/><F0/><W82/><G52/><T63/><D64/><U55/><E71/><V73/><F73/><W122/><G122/><T81/><D106/><U117/><E117/><V101/><F101/><W11/><G11/><T110/><D107/><U37/><E37/><N who="2" m="21871" /><F57/><W130/><G47/><T3/><D58/><N who="1" m="35167" /><E19/><V92/><F92/><N who="3" m="56591" /><G44/><T83/><D3/><U87/><E90/><V128/><F128/><N who="0" m="49226" /><D110/><U114/><E114/><V23/><F23/><W45/><G130/><T40/><D40/><RYUUKYOKU ba="0,0" sc="424,10,94,10,200,10,282,-30" hai0="15,18,20,60,63,81,83" hai1="17,21,24,77,78,84,87,97,102,104" hai2="50,54,59,88,91,96,99" /><INIT seed="2,1,0,3,5,97" ten="434,104,210,252" oya="2" hai0="41,99,75,49,61,127,62,126,18,36,34,116,86" hai1="104,32,95,109,72,20,128,78,53,60,68,71,8" hai2="105,102,65,16,4,23,52,0,132,81,115,92,17" hai3="46,112,73,133,120,54,125,1,123,19,3,79,122"/><V57/><F115/><W134/><G112/><T98/><D75/><U88/><E32/><V70/><F132/><N who="3" m="50795" /><G125/><T91/><D36/><U7/><E104/><V90/><F70/><W64/><G64/><T74/><D74/><U39/><E39/><V33/><F33/><W124/><G124/><T21/><D34/><U111/><E128/><V42/><F42/><W131/><G131/><T100/><D99/><U37/><E37/><V50/><F65/><W121/><G121/><T15/><D116/><U45/><E20/><V2/><F81/><N who="3" m="45295" /><G19/><T76/><D76/><U107/><E78/><V29/><F29/><W6/><G6/><T106/><D126/><U77/><E77/><V103/><F105/><W10/><G10/><T14/><D127/><U83/><E72/><V55/><F17/><W43/><G54/><T119/><D119/><U80/><E107/><V25/><F55/><W130/><G130/><T69/><D69/><U56/><E71/><V67/><F67/><W135/><G135/><T13/><D41/><U9/><E68/><V27/><F27/><W30/><G30/><T110/><D18/><U47/><E83/><V28/><F28/><W82/><G82/><T22/><D106/><U59/><E80/><V108/><F4/><W84/><G84/><T48/><D86/><N who="1" m="52631" /><E9/><V101/><REACH who="2" step="1"/><F108/><REACH who="2" ten="434,104,200,252" step="2"/><N who="1" m="41545" /><E59/><V40/><F40/><W114/><G114/><T58/><D58/><U26/><E26/><V89/><F89/><W63/><G43/><T129/><D91/><U93/><E7/><V87/><AGARI ba="1,1" hai="0,2,16,23,25,50,52,57,87,90,92,101,102,103" machi="87" ten="30,24000,3" yaku="1,1,0,1,52,3,54,2,53,2" doraHai="97" doraHaiUra="35" who="2" fromWho="2" sc="434,-81,104,-81,200,253,252,-81" /><INIT seed="2,2,0,4,4,22" ten="353,23,453,171" oya="2" hai0="26,10,75,111,134,50,48,40,109,112,15,44,27" hai1="90,72,4,100,51,96,60,71,58,69,106,99,45" hai2="102,78,83,120,8,80,5,17,2,16,65,89,55" hai3="124,14,101,95,93,0,107,57,97,74,131,117,54"/><V135/><F120/><W18/><G117/><T103/><D75/><U33/><E72/><V127/><F127/><W118/><G118/><T84/><D112/><U125/><E125/><V47/><F135/><W64/><G124/><T21/><D21/><U62/><E4/><V11/><F102/><W46/><G0/><T41/><D134/><U77/><E77/><V61/><F89/><W34/><G34/><T23/><D23/><U92/><E33/><V20/><F11/><W108/><G108/><N who="0" m="41547" /><D103/><U25/><E25/><V88/><F88/><W121/><G131/><T49/><D84/><U31/><E31/><V119/><F119/><W105/><G74/><T132/><D132/><U73/><E73/><V91/><F91/><W35/><G35/><T128/><D128/><U63/><REACH who="1" step="1"/><E58/><REACH who="1" ten="353,13,453,171" step="2"/><N who="2" m="37047" /><F5/><W123/><G123/><T37/><D41/><AGARI ba="2,1" hai="41,45,51,60,62,63,69,71,90,92,96,99,100,106" machi="41" ten="40,1300,0" yaku="1,1,53,0" doraHai="22" doraHaiUra="29" who="1" fromWho="0" sc="353,-19,13,29,453,0,171,0" /><INIT seed="3,0,0,4,2,49" ten="334,42,453,171" oya="3" hai0="56,81,93,102,46,35,21,0,37,76,45,103,131" hai1="59,77,4,23,22,107,5,79,75,16,42,58,8" hai2="71,117,57,134,80,98,101,122,53,50,7,89,61" hai3="15,67,84,65,9,91,11,29,111,34,119,27,85"/><W69/><G119/><T112/><D35/><U6/><E107/><V100/><F117/><W26/><G111/><T108/><D0/><U125/><E125/><V68/><F122/><W115/><G115/><T106/><D106/><U87/><E75/><V133/><F7/><N who="1" m="1793" /><U25/><DORA hai="64" /><E42/><V123/><F123/><W3/><G3/><T32/><D32/><U63/><E59/><N who="2" m="33207" /><F80/><W14/><G34/><T10/><D81/><N who="1" m="47551" /><E77/><V43/><F43/><W97/><G97/><T96/><D96/><U39/><E39/><V18/><F18/><W51/><G51/><T19/><D56/><U110/><E110/><V47/><F47/><W17/><G17/><T13/><D19/><U30/><E8/><V31/><F31/><W83/><G83/><T99/><D10/><U114/><E114/><V82/><F82/><W33/><G33/><T44/><D46/><U127/><E127/><V126/><F126/><W86/><G86/><T120/><D45/><U113/><E113/><V36/><F36/><W88/><G29/><T52/><D44/><U78/><E78/><V20/><F20/><W74/><G74/><T129/><D21/><N who="1" m="13479" /><E30/><V128/><F128/><W109/><G109/><T104/><D37/><U116/><E116/><V62/><F89/><W2/><G2/><T121/><D108/><U73/><E73/><V70/><F101/><W48/><G48/><T1/><D120/><U95/><E95/><N who="2" m="58463" /><F57/><W24/><G24/><T60/><D121/><U28/><E28/><V38/><F38/><W54/><G69/><T130/><D129/><U132/><E132/><AGARI ba="0,0" hai="61,62,68,70,71,132,133,134" m="58463,33207" machi="132" ten="40,8000,1" yaku="20,1,52,4" doraHai="49,64" who="2" fromWho="1" sc="334,0,42,-80,453,80,171,0" owari="334,13.0,-38,-54.0,533,64.0,171,-23.0" /></mjloggm>