<mjloggm ver="2.3"><GO type="169" lobby="0"/><UN n0="%E3%81%98%E3%82%87%E3%81%AB%E3%81%8A%E3%82%93%EF%BC%81%EF%BC%81" n1="%41%4C%50%45%52%49%4E" n2="%E3%83%90%E3%83%AA%E3%83%88%E3%83%B3" n3="%E5%A7%89%E5%B8%AF%E8%B1%8A%E9%9F%B3" dan="16,18,16,16" rate="2144.58,2210.08,2175.12,2090.52" sx="M,M,M,F"/><TAIKYOKU oya="0"/><INIT seed="0,0,0,0,5,100" ten="250,250,250,250" oya="0" hai0="80,113,118,128,84,12,116,68,58,6,54,99,70" hai1="86,112,40,22,26,39,78,95,1,15,48,8,132" hai2="34,105,107,106,67,101,89,126,135,32,42,130,2" hai3="41,117,94,65,121,47,133,3,17,63,125,36,79"/><T28/><D113/><U64/><E112/><V98/><F2/><W44/><G117/><T131/><D28/><U88/><E132/><V110/><F135/><W75/><G121/><T77/><D99/><U134/><E134/><V72/><F72/><W30/><G133/><T31/><D31/><U37/><E1/><V55/><F110/><W83/><G125/><T119/><D12/><U71/><E71/><V69/><F126/><W60/><G44/><T21/><D21/><U61/><E48/><V45/><F55/><W7/><G30/><T57/><D6/><U53/><E53/><V49/><F89/><W4/><G17/><T29/><D29/><N who="1" m="17623" /><E39/><V24/><F24/><W0/><G0/><T51/><REACH who="0" step="1"/><D58/><REACH who="0" ten="240,250,250,250" step="2"/><U23/><E23/><V35/><REACH who="2" step="1"/><F130/><AGARI ba="0,1" hai="51,54,57,68,70,77,80,84,116,118,119,128,130,131" machi="130" ten="50,9600,0" yaku="1,1,2,1,19,1,53,0" doraHai="100" doraHaiUra="25" who="0" fromWho="2" sc="240,106,250,0,250,-96,250,0" /><INIT seed="0,1,0,0,1,79" ten="346,250,154,250" oya="0" hai0="9,26,47,65,49,50,70,133,123,18,44,11,68" hai1="16,35,52,130,43,34,48,64,10,111,74,5,51" hai2="46,59,92,62,29,96,42,12,118,132,38,30,94" hai3="83,57,77,115,122,112,80,85,24,58,97,19,127"/><T101/><D123/><U86/><E74/><V3/><F3/><W32/><G122/><T100/><D133/><U99/><E111/><V15/><F118/><W33/><G127/><T14/><D26/><U126/><E126/><V39/><F39/><W45/><G97/><T90/><D90/><U121/><E121/><V124/><F94/><W20/><G45/><T110/><D110/><U106/><E130/><V60/><F60/><W41/><G41/><T109/><D109/><U1/><E64/><V102/><F132/><W37/><G37/><T125/><D125/><U76/><E48/><V88/><F102/><W134/><G134/><T53/><D9/><U81/><E43/><V128/><F128/><W72/><G33/><T25/><D25/><U71/><E71/><V8/><F124/><W7/><G7/><T95/><D65/><U61/><E61/><V75/><F75/><W69/><G69/><T63/><D63/><U87/><E87/><V82/><F82/><W105/><G105/><T131/><D131/><U31/><E31/><V66/><REACH who="2" step="1"/><F15/><REACH who="2" ten="346,250,144,250" step="2"/><W36/><G36/><T40/><D101/><U91/><E106/><V78/><F78/><W0/><G0/><T4/><D100/><U117/><E117/><V21/><F21/><W6/><G32/><T54/><D95/><N who="1" m="56831" /><E35/><V23/><F23/><W113/><REACH who="3" step="1"/><G6/><AGARI ba="1,1" hai="6,8,12,29,30,38,42,46,59,62,66,88,92,96" machi="6" ten="30,3900,0" yaku="1,1,7,1,54,1,53,0" doraHai="79" doraHaiUra="114" who="2" fromWho="3" sc="346,0,250,0,144,52,250,-42" /><INIT seed="1,0,0,2,2,13" ten="346,250,196,208" oya="1" hai0="4,12,115,106,88,20,130,91,86,124,90,11,16" hai1="61,46,58,54,96,47,41,57,82,76,80,67,92" hai2="8,62,109,108,89,73,63,28,37,48,5,26,117" hai3="17,104,128,114,3,134,126,45,131,101,21,74,75"/><U9/><E9/><V18/><F37/><W32/><G114/><T84/><D115/><U1/><E1/><V25/><F73/><W87/><G32/><T51/><D130/><N who="3" m="49705" /><G3/><T94/><D124/><U129/><E129/><V69/><F117/><W135/><G87/><T99/><D106/><U97/><E41/><V52/><F89/><N who="0" m="33802" /><D51/><U30/><E30/><V50/><F50/><W98/><G45/><T55/><D55/><U81/><E76/><V107/><F107/><W105/><G104/><T102/><D102/><N who="1" m="60679" /><E97/><V68/><F68/><W59/><G59/><T66/><D66/><U83/><N who="1" m="20480" /><DORA hai="60" /><U122/><E122/><V95/><F95/><W127/><G17/><T39/><D39/><U65/><E58/><V14/><F5/><W100/><G21/><T42/><D42/><U118/><E118/><V36/><F36/><W77/><G101/><T111/><D111/><N who="2" m="42570" /><F69/><W121/><G77/><T44/><D44/><AGARI ba="0,0" hai="44,46,47,54,57,61,65,67" m="20480,60679" machi="44" ten="40,7700,0" yaku="8,1,52,2" doraHai="13,60" who="1" fromWho="0" sc="346,-77,250,77,196,0,208,0" /><INIT seed="1,1,0,1,5,116" ten="269,327,196,208" oya="1" hai0="134,18,29,68,38,132,80,46,76,91,99,133,49" hai1="128,117,13,103,25,72,23,119,107,57,100,63,126" hai2="20,21,89,113,90,130,131,83,54,33,102,112,48" hai3="75,52,61,62,79,108,5,10,45,47,115,70,56"/><U69/><E72/><V77/><F33/><W35/><G35/><T135/><N who="0" m="33792" /><DORA hai="120" /><T82/><D68/><U60/><E126/><V55/><F102/><W64/><G115/><N who="2" m="44105" /><F90/><W95/><G95/><N who="0" m="56831" /><D38/><U87/><E128/><N who="2" m="49195" /><F89/><W110/><G79/><T28/><D18/><U3/><E3/><V9/><F9/><W6/><G75/><N who="0" m="43039" /><D82/><U67/><E119/><V43/><F43/><AGARI ba="1,0" hai="28,29,43,46,49" m="43039,56831,33792" machi="43" ten="60,2000,0" yaku="20,1" doraHai="116,120" who="0" fromWho="2" sc="269,23,327,0,196,-23,208,0" /><INIT seed="2,0,0,5,3,28" ten="292,327,173,208" oya="2" hai0="15,58,25,108,83,33,105,35,128,70,109,132,119" hai1="10,56,5,64,78,81,104,12,98,19,75,63,76" hai2="29,123,129,14,102,53,41,101,45,62,13,91,110" hai3="82,54,17,57,59,77,131,24,1,103,49,79,36"/><V127/><F123/><W88/><G36/><T130/><D70/><U50/><E78/><V6/><F129/><N who="0" m="49770" /><D105/><U48/><E104/><V86/><F127/><W80/><G1/><T92/><D132/><U84/><E75/><V94/><F110/><N who="0" m="42602" /><D119/><U125/><E125/><V85/><F29/><W2/><G2/><T72/><D25/><U90/><E5/><V51/><F86/><N who="3" m="50263" /><G103/><N who="2" m="39433" /><F6/><W134/><G134/><T46/><D92/><AGARI ba="0,0" hai="10,12,19,48,50,56,63,64,76,81,84,90,92,98" machi="92" ten="40,1300,0" yaku="8,1" doraHai="28" who="1" fromWho="0" sc="292,-13,327,13,173,0,208,0" /><INIT seed="3,0,0,1,1,50" ten="279,340,173,208" oya="3" hai0="48,9,100,3,84,37,58,66,86,106,18,122,56" hai1="111,115,96,77,95,5,88,63,67,93,47,126,60" hai2="6,87,110,127,35,81,12,27,80,130,117,116,94" hai3="92,17,105,78,45,97,71,4,15,123,124,39,83"/><W70/><G105/><T51/><D122/><U0/><E115/><V33/><F94/><W7/><G124/><T109/><D37/><U23/><E126/><V22/><F127/><W20/><G123/><T43/><D109/><U10/><E111/><V1/><F110/><W68/><G39/><T91/><D84/><U24/><E77/><V30/><F81/><W128/><G45/><T104/><D100/><U64/><E47/><V19/><F33/><W26/><G26/><T108/><D108/><U125/><E125/><V36/><F130/><W40/><G40/><T42/><D104/><U74/><E74/><V21/><F21/><W13/><G13/><N who="0" m="7471" /><D3/><U44/><E44/><V54/><F36/><W38/><G38/><T135/><D106/><U121/><E121/><V119/><F54/><W8/><G8/><T65/><D135/><U28/><E63/><V132/><F132/><W14/><G14/><T98/><D98/><U73/><E73/><V41/><F41/><N who="0" m="15370" /><D65/><U69/><E67/><V32/><F32/><W57/><G128/><T133/><D133/><U62/><E62/><V2/><REACH who="2" step="1"/><F6/><REACH who="2" ten="279,340,163,208" step="2"/><W31/><G4/><T72/><D66/><U90/><E95/><V89/><AGARI ba="0,1" hai="1,2,12,19,22,27,30,35,80,87,89,116,117,119" machi="89" ten="30,7900,0" yaku="1,1,2,1,0,1,53,1" doraHai="50" doraHaiUra="11" who="2" fromWho="2" sc="279,-20,340,-20,163,89,208,-39" /><INIT seed="4,0,0,4,1,78" ten="259,320,252,169" oya="0" hai0="91,128,104,70,132,2,38,79,21,111,60,46,109" hai1="80,86,120,58,127,12,52,106,133,51,65,63,33" hai2="69,14,26,112,53,67,85,45,73,68,90,37,76" hai3="56,15,23,126,39,66,64,35,22,131,24,34,83"/><T97/><D2/><U41/><E120/><V134/><F112/><W96/><G39/><T8/><D128/><U103/><E33/><V49/><F134/><W105/><G131/><T57/><D132/><U47/><E133/><V101/><F101/><W129/><G129/><T122/><D70/><U19/><E127/><V20/><F37/><W30/><G126/><T108/><D122/><U25/><E25/><V99/><F99/><W0/><G0/><T75/><D8/><N who="1" m="6535" /><E106/><V130/><F67/><W124/><G124/><T92/><D104/><U110/><E110/><V74/><F14/><W1/><G1/><T119/><D119/><U100/><E41/><V40/><F40/><W43/><G43/><N who="0" m="22903" /><D21/><U44/><E44/><V32/><F32/><W54/><G35/><T50/><D50/><U29/><E29/><V77/><F74/><W84/><G34/><T87/><D75/><U81/><E81/><V113/><F73/><W117/><G117/><T42/><D42/><U31/><E31/><V5/><F5/><W71/><G71/><T125/><D125/><U93/><E93/><V94/><F130/><W16/><G105/><T59/><D60/><U7/><E7/><V55/><F68/><W48/><G96/><T27/><D27/><U95/><E95/><V89/><F69/><W116/><G116/><T88/><D79/><AGARI ba="0,0" hai="47,51,52,58,63,65,79,80,86,100,103" m="6535" machi="79" ten="30,3900,0" yaku="8,1,52,1,54,1" doraHai="78" who="1" fromWho="0" sc="259,-39,320,39,252,0,169,0" /><AGARI ba="0,0" hai="15,16,22,23,24,30,48,54,56,64,66,79,83,84" machi="79" ten="30,7700,0" yaku="7,1,8,1,52,1,54,1" doraHai="78" who="3" fromWho="0" sc="220,-77,359,0,252,0,169,77" /><INIT seed="5,0,0,0,2,104" ten="143,359,252,246" oya="1" hai0="86,9,0,119,78,13,64,55,84,113,93,127,82" hai1="81,135,117,74,105,8,25,36,73,38,100,48,71" hai2="1,40,29,66,83,52,59,76,61,123,102,27,92" hai3="132,7,15,60,42,125,67,120,20,51,97,115,101"/><U134/><E71/><V46/><F1/><W99/><G120/><T54/><D119/><U91/><E117/><V5/><F5/><W33/><G33/><T129/><D113/><U70/><E70/><V88/><F102/><W56/><G115/><T118/><D118/><U75/><E48/><V106/><F106/><W30/><G132/><N who="1" m="50730" /><E8/><V112/><F123/><W94/><G125/><T10/><D129/><U103/><E25/><V62/><F112/><W32/><G99/><T2/><D127/><U126/><E126/><V35/><F83/><W43/><G32/><T108/><D64/><U107/><E107/><V87/><F76/><W31/><G51/><T53/><D108/><U18/><E18/><V28/><F28/><N who="3" m="10795" /><G20/><T57/><D57/><U80/><E80/><V116/><F116/><W47/><G47/><T49/><D49/><U22/><E22/><V68/><REACH who="2" step="1"/><F46/><REACH who="2" ten="143,359,242,246" step="2"/><W19/><G7/><T44/><D44/><U124/><E124/><V90/><F90/><W95/><G95/><T72/><D93/><U110/><E105/><V69/><F69/><W11/><AGARI ba="0,1" hai="11,15,19,42,43,56,60,67,94,97,101" m="10795" machi="11" ten="30,1100,0" yaku="8,1" doraHai="104" who="3" fromWho="3" sc="143,-3,359,-5,242,-3,246,21" /><INIT seed="6,0,0,0,1,2" ten="140,354,239,267" oya="2" hai0="31,135,20,78,85,81,10,73,134,35,50,64,123" hai1="49,16,91,67,39,77,1,8,107,79,23,26,88" hai2="4,66,124,6,119,113,116,13,112,9,3,90,53" hai3="133,125,109,104,57,33,42,58,76,51,52,65,54"/><V128/><F66/><W83/><G33/><T14/><D123/><U118/><E39/><V46/><F90/><N who="1" m="34345" /><E107/><V94/><F94/><W108/><G104/><T98/><D35/><U32/><E1/><V100/><F100/><W120/><G120/><T21/><D64/><U17/><E32/><V43/><F53/><W24/><G133/><T127/><D127/><U62/><E118/><V72/><F72/><W19/><G125/><T27/><D98/><U105/><E105/><V95/><F95/><W18/><G42/><T36/><D36/><U101/><E101/><V69/><F69/><W25/><G65/><T106/><D106/><U22/><E8/><N who="2" m="4231" /><F128/><W97/><G97/><T11/><D73/><U86/><E49/><N who="2" m="26847" /><F124/><W34/><G34/><T87/><D87/><U103/><E103/><V89/><F89/><W63/><G76/><N who="1" m="29258" /><E86/><V92/><F92/><W93/><G93/><T115/><D115/><AGARI ba="0,0" hai="3,6,9,112,113,115,116,119" m="26847,4231" machi="115" ten="30,5800,0" yaku="15,1,52,2" doraHai="2" who="2" fromWho="0" sc="140,-58,354,0,239,58,267,0" /><INIT seed="6,1,0,3,0,88" ten="82,354,297,267" oya="2" hai0="76,118,49,40,28,86,121,14,3,54,109,124,101" hai1="25,12,43,61,133,112,39,77,122,45,18,24,10" hai2="66,42,6,132,0,1,19,74,52,114,8,80,111" hai3="22,44,104,106,29,129,13,108,90,85,48,60,134"/><V56/><F114/><W5/><G108/><T119/><D121/><U33/><E112/><V97/><F132/><W107/><G134/><T95/><D3/><U100/><E133/><V53/><F1/><W127/><G127/><T38/><D109/><U123/><E100/><V82/><F111/><W41/><G129/><T102/><D124/><U65/><E77/><V55/><F42/><W92/><G60/><T126/><D126/><U135/><E135/><V68/><F68/><W73/><G73/><T115/><D115/><U11/><E33/><V96/><F19/><W105/><G105/><T75/><D28/><U20/><E25/><V70/><F70/><W34/><G34/><T50/><D14/><U72/><E72/><V36/><F36/><W84/><G29/><T4/><D4/><U117/><E117/><V57/><F66/><W17/><REACH who="3" step="1"/><G5/><REACH who="3" ten="82,354,297,257" step="2"/><T78/><D75/><U79/><E123/><V26/><F74/><W81/><G81/><T67/><D67/><U30/><E122/><V31/><F82/><W16/><G16/><T110/><D110/><U99/><E18/><V62/><F80/><W87/><AGARI ba="1,1" hai="13,17,22,41,44,48,84,85,87,90,92,104,106,107" machi="87" ten="40,5200,0" yaku="1,1,0,1,52,1,53,0" doraHai="88" doraHaiUra="2" who="3" fromWho="3" sc="82,-14,354,-14,297,-27,257,65" /><INIT seed="7,0,0,2,3,49" ten="68,340,270,322" oya="3" hai0="88,81,96,77,17,76,62,48,75,44,71,111,108" hai1="27,98,54,103,129,12,43,112,121,57,26,114,113" hai2="59,61,36,135,102,82,40,104,131,14,4,38,30" hai3="70,63,72,117,32,15,25,22,110,60,67,133,41"/><W128/><G117/><T50/><D77/><U118/><E121/><V16/><F135/><W86/><G72/><T109/><D17/><U23/><E118/><V89/><F131/><W9/><G133/><T1/><D1/><U90/><E129/><V24/><F4/><W85/><G32/><T97/><D71/><U106/><E43/><V84/><F40/><W31/><G128/><T46/><D62/><N who="1" m="36151" /><E90/><V2/><F2/><W123/><G123/><T47/><D75/><U8/><E23/><V91/><F91/><W79/><G79/><T7/><D7/><AGARI ba="0,0" hai="7,8,12,26,27,98,103,106,112,113,114" m="36151" machi="7" ten="30,2000,0" yaku="15,1,52,1" doraHai="49" who="1" fromWho="0" sc="68,-20,340,20,270,0,322,0" owari="48,-45.0,360,46.0,270,-13.0,322,12.0" /></mjloggm>