<mjloggm ver="2.3"><GO type="169" lobby="0"/><UN n0="%E3%82%AB%E3%82%AD%E3%83%84%E3%83%90%E3%82%BF" n1="%E3%82%86%E3%81%86%E3%82%86%E3%81%8D" n2="%6C%67%64%47%6F%64%76" n3="%E3%81%98%E3%82%87%E3%81%AB%E3%81%8A%E3%82%93%EF%BC%81%EF%BC%81" dan="18,16,16,16" rate="2212.52,2085.35,2092.46,2181.53" sx="M,M,M,M"/><TAIKYOKU oya="0"/><INIT seed="0,0,0,0,4,120" ten="250,250,250,250" oya="0" hai0="80,71,131,55,95,65,22,63,10,46,106,58,119" hai1="32,53,43,13,61,37,78,3,89,125,90,130,123" hai2="31,107,17,14,93,134,5,38,96,126,102,16,29" hai3="19,47,124,15,49,60,121,111,26,59,21,133,83"/><T117/><D106/><U44/><E123/><V128/><F38/><W7/><G121/><T54/><D80/><U98/><E32/><V122/><F122/><W114/><G114/><T0/><D131/><U97/><E125/><V67/><F126/><W109/><G124/><T12/><D0/><U77/><E3/><V74/><F74/><W103/><G133/><T127/><D127/><U72/><E130/><V9/><F128/><W86/><G103/><T84/><D22/><U18/><E98/><V88/><F134/><W6/><G26/><T33/><D33/><U8/><E72/><V62/><F31/><W79/><G6/><T36/><D95/><U87/><E97/><V52/><F29/><W42/><REACH who="3" step="1"/><G7/><REACH who="3" ten="250,250,250,240" step="2"/><T57/><D117/><U105/><E105/><V92/><F107/><W48/><G48/><T68/><D36/><U73/><E73/><V135/><F135/><W20/><G20/><T30/><D10/><U118/><E118/><V81/><F81/><W116/><G116/><T101/><D101/><U99/><E37/><V132/><F132/><W23/><G23/><T70/><D119/><U1/><E8/><V110/><F102/><W69/><G69/><T39/><D70/><U64/><E1/><V91/><F5/><W129/><G129/><T76/><D71/><U104/><E104/><V108/><F17/><W28/><G28/><T112/><D30/><U94/><E18/><V27/><F27/><W75/><G75/><T56/><D68/><U24/><E24/><V115/><F115/><W85/><G85/><T100/><D112/><U25/><E25/><RYUUKYOKU ba="0,1" sc="250,-10,250,-10,250,-10,240,30" hai3="15,19,21,42,47,49,59,60,79,83,86,109,111" /><INIT seed="1,1,1,2,2,27" ten="240,240,240,270" oya="1" hai0="127,84,33,30,111,100,25,93,116,99,34,77,24" hai1="9,106,10,59,54,19,38,125,5,131,21,133,15" hai2="58,79,63,70,110,6,14,41,83,72,26,105,18" hai3="102,96,13,29,109,88,135,97,7,44,23,129,60"/><U65/><E125/><V120/><F120/><W95/><G109/><T74/><D111/><U134/><E106/><V113/><F110/><W39/><G129/><T46/><D127/><U91/><E38/><V64/><F105/><W47/><G135/><N who="1" m="51722" /><E65/><V71/><F113/><W80/><G39/><T12/><D116/><U48/><E131/><V52/><F41/><W50/><G60/><T73/><D12/><N who="1" m="5167" /><E91/><V22/><F6/><W32/><G32/><T128/><D128/><U1/><E1/><V4/><F4/><W90/><G90/><T3/><D3/><U43/><E43/><V40/><F40/><W8/><G50/><T101/><D46/><U92/><E92/><V118/><F118/><W81/><G81/><T17/><D101/><U57/><E21/><V37/><F37/><W114/><G114/><T68/><D68/><U35/><E35/><V103/><F103/><W31/><G80/><T123/><D34/><U69/><E69/><V76/><F76/><W66/><G66/><T51/><D123/><U0/><E0/><V112/><F112/><W86/><G23/><T121/><D121/><U20/><E20/><V56/><F14/><W126/><G126/><T104/><D104/><U89/><E89/><V42/><REACH who="2" step="1"/><F42/><REACH who="2" ten="240,240,230,270" step="2"/><W85/><G102/><T132/><D132/><U55/><E55/><V122/><F122/><W36/><G36/><T115/><D115/><U11/><E11/><V119/><F119/><W28/><G8/><T61/><D100/><U82/><E82/><V53/><F53/><W87/><G96/><T107/><D107/><U75/><E75/><RYUUKYOKU ba="1,2" sc="240,-30,240,10,230,10,270,10" hai1="10,15,19,48,54,57,59" hai2="18,22,26,52,56,58,63,64,70,71,72,79,83" hai3="7,13,28,29,31,44,47,85,86,87,88,95,97" /><INIT seed="1,2,2,2,2,14" ten="210,250,240,280" oya="1" hai0="32,128,96,109,83,23,36,3,29,22,54,107,133" hai1="114,69,35,76,66,84,101,0,105,115,74,121,97" hai2="100,81,31,61,45,42,129,85,10,117,116,16,122" hai3="20,123,53,33,34,68,43,113,79,18,39,47,110"/><U6/><E121/><V65/><F122/><W124/><G123/><T13/><D36/><U67/><E67/><V56/><F129/><W131/><G68/><T48/><D3/><U111/><E84/><V11/><F31/><W90/><G113/><T46/><D128/><U51/><E51/><V71/><F100/><W118/><G131/><T103/><D133/><U95/><E95/><V37/><F71/><W28/><G110/><T52/><D109/><U5/><E5/><V120/><F11/><W38/><G79/><T4/><D4/><U80/><E35/><V112/><F112/><W55/><G39/><T134/><D134/><U130/><E130/><V89/><REACH who="2" step="1"/><F120/><REACH who="2" ten="210,250,230,280" step="2"/><W70/><G70/><T57/><D32/><U102/><E102/><V125/><F125/><W126/><G28/><T106/><D29/><U78/><E111/><V86/><F86/><W12/><G34/><T58/><D103/><U8/><REACH who="1" step="1"/><E78/><REACH who="1" ten="210,240,230,280" step="2"/><V41/><F41/><W44/><G33/><T82/><D96/><U2/><E2/><V135/><F135/><W40/><G43/><T1/><D1/><U99/><E99/><V94/><F94/><W64/><G40/><T60/><D107/><U15/><E15/><AGARI ba="2,4" hai="10,15,16,37,42,45,56,61,65,81,85,89,116,117" machi="15" ten="40,5200,0" yaku="1,1,52,1,54,1,53,0" doraHai="14" doraHaiUra="75" who="2" fromWho="1" sc="210,0,240,-58,230,98,280,0" /><INIT seed="2,0,0,1,3,129" ten="210,182,328,280" oya="2" hai0="58,96,72,44,119,4,8,89,42,25,50,111,113" hai1="59,78,47,88,85,31,86,5,108,16,131,102,57" hai2="87,130,36,6,134,112,64,35,101,55,56,93,46" hai3="74,10,43,9,128,116,15,7,40,11,79,133,3"/><V117/><F112/><W122/><G116/><T90/><D113/><U24/><E108/><V103/><F117/><W83/><G122/><T75/><D111/><U19/><E131/><V69/><F35/><W45/><G128/><T84/><D119/><U22/><E102/><V49/><F6/><W41/><G133/><T98/><D72/><U65/><E5/><V0/><F0/><W73/><G73/><T14/><D75/><U94/><E47/><V71/><F71/><W29/><G29/><T81/><D58/><N who="1" m="22027" /><E65/><V26/><F26/><W23/><G23/><T99/><REACH who="0" step="1"/><D25/><REACH who="0" ten="200,182,328,280" step="2"/><U114/><E114/><V124/><F130/><W39/><REACH who="3" step="1"/><G10/><REACH who="3" ten="200,182,328,270" step="2"/><T100/><D100/><U28/><E28/><V92/><F103/><W17/><AGARI ba="0,2" hai="3,7,9,11,15,17,39,40,41,43,45,74,79,83" machi="17" ten="20,12000,2" yaku="1,1,2,1,0,1,7,1,25,2,53,0" doraHai="129" doraHaiUra="109" who="3" fromWho="3" sc="200,-30,182,-30,328,-60,270,140" /><INIT seed="3,0,0,2,3,27" ten="170,152,268,410" oya="3" hai0="68,91,2,7,97,122,109,85,135,96,4,61,102" hai1="12,93,53,1,72,106,100,30,78,73,69,21,118" hai2="25,9,66,130,113,13,11,0,32,98,37,38,18" hai3="129,47,92,23,124,95,110,104,99,22,51,115,70"/><W126/><G115/><T57/><D122/><U62/><E1/><V42/><F113/><W20/><G70/><T128/><D68/><U50/><E106/><V52/><F66/><W3/><G3/><T71/><D71/><U64/><E118/><V114/><F114/><W31/><G129/><T28/><D128/><U48/><E48/><V105/><F42/><W43/><G110/><T29/><D109/><U75/><E78/><V26/><F26/><W107/><G31/><N who="0" m="11851" /><D135/><U59/><E12/><V123/><F25/><W121/><G121/><T14/><D14/><U87/><E21/><V10/><F32/><W101/><REACH who="3" step="1"/><G107/><REACH who="3" ten="170,152,268,400" step="2"/><T119/><D2/><U44/><E30/><V83/><F105/><W15/><G15/><T33/><D119/><U79/><E69/><V133/><F123/><W84/><G84/><T16/><D33/><U60/><E75/><V108/><F130/><W82/><G82/><N who="0" m="49591" /><D16/><U56/><E73/><V19/><F108/><W45/><G45/><T46/><D46/><U24/><E72/><V112/><F112/><W80/><G80/><T125/><D96/><N who="1" m="59407" /><E24/><V103/><F0/><W8/><G8/><T58/><D58/><U65/><E87/><V86/><F13/><W89/><G89/><T55/><D125/><AGARI ba="0,1" hai="20,22,23,43,47,51,92,95,99,101,104,124,125,126" machi="125" ten="40,12000,1" yaku="1,1,18,1,53,2" doraHai="27" doraHaiUra="88" who="3" fromWho="0" sc="170,-120,152,0,268,0,400,130" /><INIT seed="3,1,0,3,0,48" ten="50,152,268,530" oya="3" hai0="45,120,10,62,19,24,135,17,29,41,43,78,96" hai1="5,26,106,130,63,95,92,2,73,82,105,110,115" hai2="124,127,56,109,126,129,61,40,97,76,84,131,64" hai3="68,59,100,47,83,87,101,94,134,118,133,33,71"/><W18/><G118/><T102/><D120/><U36/><E36/><V20/><F109/><W22/><G33/><T104/><D135/><N who="3" m="51721" /><G47/><T27/><D78/><U32/><E95/><V113/><F113/><W21/><G59/><T103/><D103/><N who="3" m="39497" /><G94/><T119/><D119/><U93/><E93/><V15/><F97/><W12/><G22/><T44/><D62/><U51/><E92/><V53/><F40/><W81/><G81/><T66/><D66/><U79/><E63/><V70/><F20/><W125/><G125/><T89/><D45/><U69/><E82/><N who="2" m="47175" /><F15/><W39/><G39/><T112/><D112/><U65/><E32/><V13/><F13/><W3/><G3/><T55/><D44/><U111/><E2/><V90/><F90/><AGARI ba="1,0" hai="12,18,21,68,71,83,87,90" m="39497,51721" machi="90" ten="30,1500,0" yaku="20,1" doraHai="48" who="3" fromWho="2" sc="50,0,152,0,268,-18,530,18" /><INIT seed="3,2,0,1,1,76" ten="50,152,250,548" oya="3" hai0="9,84,62,97,53,96,29,95,117,55,7,125,114" hai1="28,57,118,65,22,45,121,18,86,75,81,52,50" hai2="44,41,5,104,85,31,78,69,113,25,79,8,40" hai3="66,115,48,122,63,14,101,0,80,32,6,70,43"/><W36/><G115/><T51/><D114/><U54/><E121/><V91/><F104/><W20/><G36/><T17/><D117/><U13/><E118/><V47/><F69/><W82/><G32/><T107/><D29/><U99/><E75/><V35/><F113/><W88/><G122/><T24/><D125/><U12/><E99/><V64/><F64/><W77/><G101/><T106/><D24/><U73/><E73/><V134/><F134/><W68/><G68/><T4/><D17/><U2/><E2/><V130/><F130/><W119/><G119/><T124/><D62/><U105/><E105/><V23/><F35/><W26/><G0/><T89/><D124/><U128/><E128/><V19/><F19/><W126/><G126/><T90/><D84/><U67/><E13/><N who="2" m="5263" /><F44/><W42/><G48/><T103/><D51/><N who="1" m="30879" /><E28/><V109/><F109/><W58/><G70/><T10/><REACH who="0" step="1"/><D95/><REACH who="0" ten="40,152,250,548" step="2"/><U49/><E50/><N who="2" m="26983" /><F41/><W108/><G42/><T38/><D38/><U46/><E45/><V93/><AGARI ba="2,1" hai="23,25,31,78,79,85,91,93" m="26983,5263" machi="93" ten="30,1100,0" yaku="8,1" doraHai="76" who="2" fromWho="2" sc="40,-5,152,-5,250,27,548,-7" /><INIT seed="4,0,0,3,1,116" ten="35,147,277,541" oya="0" hai0="110,47,101,82,135,121,58,42,103,91,80,40,71" hai1="97,46,63,109,13,11,0,107,60,114,72,125,122" hai2="120,96,128,37,36,61,10,132,25,118,86,44,87" hai3="81,94,49,55,88,4,83,129,57,26,29,124,2"/><T5/><D71/><U64/><E109/><V112/><F118/><W43/><G124/><T130/><D110/><U33/><E72/><V102/><F112/><W28/><G129/><T32/><D32/><U106/><E0/><V133/><F128/><W78/><G43/><T90/><D135/><U98/><E33/><V70/><F10/><W123/><G123/><T39/><D5/><U127/><E46/><V84/><F44/><W18/><G2/><T54/><D130/><U59/><E63/><V100/><F100/><W113/><G4/><T6/><D6/><N who="1" m="3319" /><E122/><V20/><F120/><W104/><G104/><N who="1" m="39978" /><E114/><V119/><F119/><W79/><G18/><T65/><D121/><U31/><E31/><V7/><F7/><W8/><G8/><T12/><D12/><U108/><E108/><V99/><F99/><W105/><G105/><T92/><D40/><U73/><E73/><V35/><F35/><W95/><G113/><T45/><D45/><U21/><E21/><V93/><F37/><W53/><G26/><T34/><D34/><U16/><E16/><N who="2" m="12423" /><F36/><W117/><G117/><T68/><D103/><U74/><E74/><V23/><F23/><W3/><G3/><T9/><D101/><U62/><E98/><V22/><F22/><W67/><G57/><T111/><D111/><U131/><E97/><V14/><F14/><W76/><G28/><T66/><D9/><U41/><E41/><V134/><F70/><W1/><G29/><T50/><D68/><N who="1" m="41991" /><E131/><V75/><F75/><W15/><G1/><T38/><D38/><U52/><E59/><V69/><F69/><RYUUKYOKU ba="0,0" sc="35,-15,147,15,277,15,541,-15" hai1="52,62,125,127" hai2="61,84,86,87,93,96,102,132,133,134" /><INIT seed="5,1,0,4,1,125" ten="20,162,292,526" oya="1" hai0="67,108,88,111,107,26,44,99,6,73,36,25,24" hai1="79,15,34,66,106,103,5,42,40,31,30,45,112" hai2="95,43,39,29,71,77,18,119,91,115,100,1,14" hai3="52,13,120,132,55,84,49,90,69,62,98,22,57"/><U41/><E112/><V76/><F119/><W109/><G109/><T68/><D73/><U4/><E34/><V116/><F116/><W101/><G132/><T0/><D67/><U93/><E106/><V113/><F1/><W12/><G120/><T65/><D65/><U28/><E79/><V50/><F71/><W51/><G22/><T92/><D68/><U11/><E66/><V131/><F39/><W70/><G69/><T10/><REACH who="0" step="1"/><D107/><REACH who="0" ten="10,162,292,526" step="2"/><U104/><E104/><V9/><F113/><W64/><G64/><T37/><D37/><U3/><E31/><V121/><F29/><W46/><G70/><T86/><D86/><U117/><E117/><V19/><F115/><W63/><G63/><T78/><D78/><U126/><E30/><V130/><F77/><W87/><G62/><T89/><D89/><U80/><E28/><V129/><F76/><W81/><G87/><T48/><D48/><U53/><E80/><V16/><F100/><W27/><G27/><T124/><D124/><U74/><E126/><V17/><F121/><W133/><G133/><T59/><D59/><U56/><E74/><V60/><F60/><W58/><G46/><T123/><D123/><U8/><E45/><N who="2" m="25919" /><F91/><W7/><G7/><T2/><D2/><U82/><E82/><V134/><F134/><W110/><G110/><T83/><D83/><U38/><E38/><V47/><F47/><W97/><G97/><T85/><D85/><U20/><E103/><V127/><F127/><W54/><G54/><T61/><D61/><U96/><E3/><V114/><F114/><W135/><G135/><RYUUKYOKU ba="1,1" sc="10,10,162,-30,292,10,526,10" hai0="0,6,10,24,25,26,36,44,88,92,99,108,111" hai2="9,14,16,17,18,19,95,129,130,131" hai3="12,13,49,51,52,55,57,58,81,84,90,98,101" /><INIT seed="6,2,1,5,0,15" ten="20,132,302,536" oya="2" hai0="5,68,86,43,42,51,19,4,3,75,79,91,93" hai1="72,8,40,77,57,17,125,31,14,101,90,69,60" hai2="71,25,33,98,24,23,65,44,49,47,126,62,41" hai3="11,37,81,13,92,58,21,134,113,45,83,85,89"/><V133/><F126/><W55/><G134/><T32/><D68/><U117/><E117/><V61/><F133/><W94/><G113/><T135/><D135/><U130/><E130/><V64/><F33/><W97/><G21/><T84/><D32/><U56/><E101/><V38/><F98/><W76/><G45/><T50/><D75/><U82/><E40/><V78/><F78/><W127/><G37/><T74/><D74/><U70/><E57/><V102/><F102/><N who="3" m="60711" /><G76/><T108/><D108/><U110/><E125/><V111/><F111/><W132/><G127/><T20/><D3/><U105/><E105/><V34/><F34/><W63/><G132/><T46/><D51/><U6/><E31/><V22/><F22/><W7/><AGARI ba="2,1" hai="7,11,13,55,58,63,81,83,85,89,94" m="60711" machi="7" ten="30,1100,0" yaku="8,1" doraHai="15" who="3" fromWho="3" sc="20,-5,132,-5,302,-7,536,27" /><INIT seed="7,0,0,1,1,34" ten="15,127,295,563" oya="3" hai0="31,89,90,75,40,4,35,32,123,54,18,14,21" hai1="25,79,95,58,64,28,92,97,65,109,120,15,51" hai2="93,42,86,81,38,74,133,102,19,129,71,100,132" hai3="104,46,105,27,8,83,72,48,98,103,96,59,56"/><W55/><G27/><T41/><D75/><U22/><E109/><V24/><F71/><W63/><G8/><T61/><D123/><U26/><E79/><V69/><F69/><W85/><G72/><T101/><D101/><U23/><E15/><V70/><F70/><W30/><G30/><T127/><D127/><U82/><E82/><V66/><F66/><W62/><G62/><T0/><D61/><U88/><E120/><V2/><F2/><W121/><G121/><T68/><D68/><U47/><E95/><V124/><F74/><W114/><G114/><T118/><D54/><N who="1" m="30079" /><E58/><V94/><F129/><W37/><G37/><T134/><D118/><U99/><E99/><V13/><F24/><W91/><G63/><T5/><D134/><N who="2" m="51818" /><F124/><W9/><G9/><T108/><D108/><U80/><E80/><V117/><F117/><W77/><G77/><T106/><D106/><U122/><E122/><V36/><F94/><W126/><G126/><T113/><D113/><U57/><E57/><V12/><F12/><W11/><G11/><T111/><D111/><U39/><E39/><V135/><F93/><W1/><G1/><T125/><D125/><U78/><E78/><N who="2" m="46391" /><F135/><W67/><G67/><T43/><D35/><U52/><E65/><V112/><F112/><W7/><G104/><T3/><D5/><U53/><E64/><V115/><F115/><W16/><G7/><T128/><D128/><U33/><E33/><V29/><F38/><W50/><G105/><T130/><D130/><U107/><E107/><V116/><F36/><W17/><G103/><T45/><D3/><RYUUKYOKU ba="0,0" sc="15,-10,127,30,295,-10,563,-10" hai1="22,23,25,26,28,52,53,88,92,97" owari="5,-49.0,157,-24.0,285,9.0,553,64.0" /></mjloggm>