<mjloggm ver="2.3"><GO type="169" lobby="0"/><UN n0="%69%77%61%69%77%61" n1="%E3%81%8F%E3%82%8D%E3%82%80%EF%BC%81" n2="%E5%A4%9A%E5%8F%A3%E4%B8%87%E6%A3%92" n3="%42%65%6E%63%68%69%6E%67" dan="17,17,16,16" rate="2152.37,2249.63,2120.13,2080.42" sx="M,F,M,M"/><TAIKYOKU oya="0"/><INIT seed="0,0,0,3,5,58" ten="250,250,250,250" oya="0" hai0="36,114,97,76,1,83,104,7,107,44,19,62,74" hai1="34,65,82,64,69,130,131,126,49,22,15,30,5" hai2="72,21,102,2,53,68,66,121,28,23,86,111,88" hai3="32,99,108,123,105,125,129,13,113,124,54,16,120"/><T59/><D114/><U75/><E34/><V87/><F72/><W37/><G37/><T61/><D19/><N who="1" m="10623" /><E30/><V38/><F2/><W95/><G32/><T85/><D85/><U115/><E5/><V101/><F38/><W55/><G105/><T31/><D31/><U0/><E0/><V51/><F111/><W96/><G108/><T24/><D24/><U127/><E49/><V92/><F121/><N who="3" m="46667" /><G129/><N who="1" m="49162" /><E115/><V26/><F68/><W45/><G99/><T73/><D73/><U98/><E98/><V14/><F66/><N who="1" m="25705" /><E69/><V4/><F87/><W100/><G113/><T122/><D122/><U10/><E10/><V133/><F133/><W27/><G27/><T67/><D97/><U35/><E35/><V134/><F134/><W128/><G128/><T116/><D116/><U91/><E91/><V84/><F84/><W93/><G93/><T81/><D81/><U117/><E117/><V25/><F4/><W18/><G18/><T106/><D7/><U50/><E50/><V110/><F110/><W90/><G90/><T118/><D118/><U41/><E41/><V47/><F14/><W109/><G109/><T56/><D1/><U8/><E8/><V9/><F9/><N who="3" m="6191" /><G45/><T11/><D11/><U57/><E57/><V103/><F103/><W119/><G119/><T40/><D67/><U46/><E46/><V135/><F135/><W80/><G80/><T48/><D56/><U29/><E29/><AGARI ba="0,0" hai="21,23,25,26,28,29,47,51,53,86,88,92,101,102" machi="29" ten="30,7700,0" yaku="7,1,9,1,8,1,54,1" doraHai="58" who="2" fromWho="1" sc="250,0,250,-77,250,77,250,0" /><INIT seed="1,0,0,1,3,85" ten="250,173,327,250" oya="1" hai0="58,64,118,21,117,26,122,22,12,10,78,67,36" hai1="103,91,54,86,56,65,114,25,101,13,128,77,39" hai2="129,109,98,124,113,28,95,79,92,0,104,4,112" hai3="2,111,9,16,63,11,15,29,60,105,45,37,115"/><U49/><E114/><N who="2" m="44139" /><F28/><W132/><G115/><T24/><D36/><U17/><E39/><V52/><F4/><W40/><G111/><T73/><D122/><U23/><E128/><V6/><F6/><W61/><G132/><T131/><D131/><U62/><E77/><V100/><F0/><W5/><G105/><T127/><D127/><U81/><REACH who="1" step="1"/><E25/><REACH who="1" ten="250,163,327,250" step="2"/><V46/><F129/><W134/><G134/><T107/><D78/><U83/><E83/><V66/><F79/><W125/><G125/><T41/><D26/><U59/><AGARI ba="0,1" hai="13,17,23,49,54,56,59,62,65,81,86,91,101,103" machi="59" ten="20,18000,2" yaku="1,1,0,1,7,1,8,1,52,1,53,2" doraHai="85" doraHaiUra="99" who="1" fromWho="1" sc="250,-60,163,190,327,-60,250,-60" /><INIT seed="1,1,0,5,5,53" ten="190,353,267,190" oya="1" hai0="96,93,39,84,107,34,49,75,47,92,115,61,43" hai1="24,109,26,8,4,15,45,69,18,41,50,133,59" hai2="89,122,6,74,80,104,64,37,1,40,82,128,131" hai3="28,27,10,125,86,38,42,94,35,51,60,52,117"/><U134/><E69/><V48/><F104/><W103/><G125/><T124/><D75/><U3/><E109/><V58/><F122/><W97/><G117/><T11/><D115/><U90/><E90/><V108/><F108/><W83/><G60/><T135/><D135/><N who="1" m="51723" /><E59/><V22/><F22/><AGARI ba="1,0" hai="3,4,8,15,18,22,24,26,41,45,50" m="51723" machi="22" ten="30,1500,0" yaku="20,1" doraHai="53" who="1" fromWho="2" sc="190,0,353,18,267,-18,190,0" /><INIT seed="1,2,0,3,2,52" ten="190,371,249,190" oya="1" hai0="75,131,114,32,0,54,33,83,116,119,92,45,35" hai1="71,102,63,112,16,94,28,47,50,53,78,13,128" hai2="82,6,85,48,34,99,17,126,98,106,29,115,118" hai3="104,87,59,26,27,101,84,51,120,91,15,97,95"/><U31/><E112/><V37/><F37/><W70/><G120/><T65/><D114/><U109/><E128/><V105/><F6/><W20/><G70/><T40/><D0/><U43/><E78/><V113/><F48/><W42/><G42/><T25/><D131/><U134/><E134/><V38/><F38/><W4/><G87/><T55/><D25/><U79/><E79/><V8/><F8/><W74/><G74/><T67/><D92/><U2/><E2/><V24/><F17/><W80/><G104/><T19/><D83/><U44/><E71/><V46/><F46/><W3/><G3/><T127/><D75/><U86/><E109/><V56/><F85/><W96/><G96/><T7/><D7/><U10/><E44/><V69/><F69/><W124/><G124/><T100/><D19/><U76/><E102/><V30/><F82/><W62/><G51/><T41/><D100/><U39/><E39/><V36/><F36/><W125/><G20/><T133/><D45/><U121/><E121/><V130/><F130/><W64/><REACH who="3" step="1"/><G125/><REACH who="3" ten="190,371,249,180" step="2"/><T1/><D1/><U122/><E122/><V22/><F126/><W135/><G135/><T72/><D72/><U9/><E43/><V132/><F132/><W110/><G110/><T123/><D127/><U103/><E50/><V57/><F22/><W49/><G49/><T111/><D123/><U68/><E86/><V21/><F21/><W108/><G108/><T12/><D133/><U81/><E68/><V88/><F113/><W77/><G77/><T14/><D33/><U90/><E76/><V61/><F115/><RYUUKYOKU ba="2,1" sc="190,15,371,-15,249,-15,180,15" hai0="12,14,32,35,40,41,54,55,65,67,111,116,119" hai3="4,15,26,27,59,62,64,80,84,91,95,97,101" /><INIT seed="2,3,1,0,1,103" ten="205,356,234,195" oya="2" hai0="5,127,73,18,115,12,109,29,106,123,3,116,60" hai1="111,33,117,52,15,46,96,77,39,75,42,25,21" hai2="93,13,22,40,94,8,63,24,56,108,61,126,7" hai3="78,28,76,54,100,87,31,79,65,2,121,134,32"/><V64/><F126/><W72/><G121/><T62/><D29/><N who="3" m="11337" /><G72/><T53/><D12/><U69/><E33/><V107/><F107/><W110/><G2/><T51/><D5/><U55/><E69/><V11/><F108/><W90/><G32/><T48/><D18/><U91/><E117/><V102/><F40/><W89/><G134/><T66/><D3/><U104/><E15/><V133/><F133/><W86/><G100/><T49/><D73/><U74/><E77/><V130/><F130/><W83/><G110/><T50/><D106/><U97/><E97/><V59/><F102/><W58/><G65/><T45/><D109/><U44/><E55/><V131/><F11/><W125/><G125/><T114/><D127/><U135/><E135/><V26/><F131/><W16/><G16/><T41/><D123/><U99/><E104/><V88/><F94/><N who="3" m="54583" /><G78/><T43/><D116/><U36/><E36/><V17/><F17/><W35/><G35/><T128/><D128/><U71/><E39/><V122/><F22/><W37/><G37/><N who="0" m="21679" /><D115/><U47/><E42/><V105/><F105/><W70/><G70/><N who="0" m="42311" /><D114/><U82/><E21/><V23/><F23/><W14/><G14/><T27/><D27/><U92/><E25/><V10/><F10/><W95/><G95/><T4/><D4/><U129/><E92/><V119/><F122/><W118/><G118/><T67/><D43/><U1/><E129/><V20/><F20/><W6/><G6/><T0/><D0/><U132/><E132/><V84/><F119/><W98/><G98/><T112/><N who="0" m="12288" /><DORA hai="124" /><T101/><D112/><RYUUKYOKU ba="3,1" sc="205,-15,356,-15,234,15,195,15" hai2="7,8,13,24,26,56,59,61,63,64,84,88,93" hai3="54,58,76,79,83,87,90" /><INIT seed="2,4,1,4,3,62" ten="190,341,249,210" oya="2" hai0="14,102,134,85,19,39,108,55,0,101,6,65,79" hai1="61,103,93,38,72,67,88,129,15,64,28,31,86" hai2="125,48,84,49,23,51,52,8,110,78,58,37,75" hai3="17,116,104,45,117,120,18,126,47,69,77,3,95"/><V7/><F37/><W131/><G104/><T40/><D108/><U135/><E72/><V42/><F125/><W5/><G69/><T82/><D134/><U44/><E135/><V53/><F110/><W41/><G120/><T91/><D0/><U109/><E109/><V12/><F75/><W111/><G131/><T68/><D6/><U33/><E129/><V133/><F133/><W4/><G111/><T90/><D55/><U121/><E33/><V113/><F113/><W34/><G34/><T94/><D90/><U124/><E124/><V118/><F118/><W73/><G95/><T76/><D76/><U123/><E103/><V2/><F2/><W54/><G54/><T114/><D40/><N who="1" m="22551" /><E15/><V89/><F78/><W83/><G47/><T92/><D39/><U32/><E32/><V13/><F42/><W96/><G96/><T132/><D114/><U81/><E81/><N who="2" m="49295" /><F53/><W10/><G4/><T107/><D132/><U112/><E112/><V63/><F13/><W26/><G126/><T35/><D35/><U122/><E67/><V25/><F63/><W98/><G117/><T60/><D107/><U22/><E22/><V50/><F50/><N who="3" m="26927" /><G116/><T21/><REACH who="0" step="1"/><D94/><REACH who="0" ten="180,341,249,210" step="2"/><U87/><E121/><V71/><F52/><W70/><G3/><T119/><D119/><U56/><E122/><V20/><F7/><W46/><G5/><T24/><D24/><U100/><E123/><V74/><F25/><W27/><G27/><T9/><D9/><U99/><E88/><V105/><F8/><W11/><G10/><T127/><D127/><U43/><E43/><V16/><F105/><RYUUKYOKU ba="4,2" sc="180,15,341,15,249,-15,210,-15" hai0="14,19,21,60,65,68,79,82,85,91,92,101,102" hai1="28,31,56,61,64,86,87,93,99,100" /><INIT seed="3,5,2,0,0,115" ten="195,356,234,195" oya="3" hai0="54,105,60,87,129,132,48,77,79,89,118,131,63" hai1="94,102,39,59,90,135,46,0,44,85,76,80,53" hai2="103,109,7,62,110,107,106,83,24,3,23,84,74" hai3="68,27,117,47,45,16,126,49,33,127,66,35,43"/><W29/><G117/><T98/><D132/><U86/><E0/><V5/><F74/><W31/><G68/><T120/><D120/><U6/><E135/><V101/><F62/><N who="0" m="23594" /><D98/><N who="1" m="59735" /><E6/><N who="2" m="2059" /><F3/><W75/><G66/><T95/><D105/><N who="2" m="39946" /><F84/><W55/><G75/><T72/><D118/><U10/><E10/><V57/><F57/><W69/><G69/><T116/><D116/><U78/><E39/><V64/><F83/><W17/><G31/><T100/><D100/><U81/><E90/><V82/><F82/><W13/><G35/><T37/><D37/><U12/><E12/><V61/><F61/><AGARI ba="5,2" hai="44,46,53,59,61,76,78,80,81,85,86" m="59735" machi="61" ten="30,1000,0" yaku="8,1" doraHai="115" who="1" fromWho="2" sc="195,0,356,45,234,-25,195,0" /><INIT seed="4,0,0,3,4,49" ten="195,401,209,195" oya="0" hai0="11,75,102,41,63,62,45,123,70,9,98,58,94" hai1="108,29,24,121,15,36,38,79,3,85,55,127,1" hai2="53,92,14,71,6,122,125,39,51,113,68,54,72" hai3="87,18,89,134,124,7,67,131,56,46,91,16,22"/><T0/><D123/><U23/><E108/><V59/><F72/><W35/><G35/><T5/><D75/><U80/><E127/><V48/><F6/><W106/><G106/><T74/><D74/><U76/><E76/><V118/><F122/><W64/><G134/><T66/><D5/><U116/><E116/><V100/><F100/><W69/><G69/><N who="2" m="26697" /><F14/><W25/><G131/><T57/><D0/><U50/><E121/><V90/><F90/><W28/><G46/><T101/><D101/><U112/><E112/><V12/><F12/><W128/><G128/><T82/><D82/><U84/><E84/><V105/><F92/><W97/><G7/><T86/><D86/><U111/><E111/><V77/><F77/><W126/><G91/><T133/><D70/><U37/><REACH who="1" step="1"/><E15/><REACH who="1" ten="195,391,209,195" step="2"/><V65/><F118/><W34/><G87/><T115/><D115/><U135/><E135/><V30/><F125/><W119/><G119/><T47/><D133/><U52/><E52/><V110/><F110/><W81/><G124/><T26/><D26/><U107/><E107/><V61/><F105/><W132/><G126/><T129/><D129/><U104/><E104/><V4/><F113/><W2/><G132/><T60/><D66/><U42/><E42/><V19/><F65/><W40/><G64/><T103/><D41/><U8/><E8/><V130/><F54/><W73/><G40/><T95/><D11/><U99/><E99/><V109/><F53/><W17/><G67/><T114/><D9/><U10/><E10/><V93/><F109/><W33/><G73/><T21/><D114/><RYUUKYOKU ba="0,1" sc="195,-10,391,30,209,-10,195,-10" hai1="1,3,23,24,29,36,37,38,50,55,79,80,85" /><INIT seed="5,1,1,5,4,123" ten="185,421,199,185" oya="1" hai0="37,93,54,106,1,24,23,28,118,22,114,44,20" hai1="39,81,48,75,78,5,85,46,17,125,42,109,8" hai2="11,3,97,26,41,104,95,18,38,116,84,101,79" hai3="51,80,52,6,94,107,111,7,68,76,15,103,83"/><U119/><E119/><V10/><F116/><W90/><G68/><T92/><D106/><U112/><E112/><V31/><F38/><W35/><G35/><T56/><D1/><N who="1" m="47" /><E17/><V115/><F41/><W32/><G32/><T124/><D124/><U9/><E9/><V73/><F115/><W58/><G111/><T2/><D2/><U29/><E29/><V34/><F18/><W105/><G103/><T70/><D70/><U133/><E48/><V49/><F49/><W30/><G30/><T130/><D130/><U135/><E85/><V53/><F53/><W16/><G105/><T13/><D37/><U74/><E74/><V64/><F64/><W126/><G107/><T120/><D120/><U19/><E19/><V69/><F69/><W4/><G76/><T108/><D13/><U117/><E117/><V62/><F3/><W65/><G65/><T110/><D114/><U47/><E47/><V132/><F10/><N who="3" m="6263" /><G126/><T36/><D118/><U21/><E21/><V12/><F73/><W77/><G77/><T129/><D23/><U88/><E125/><V89/><F79/><W87/><AGARI ba="1,1" hai="4,6,7,51,52,58,80,83,87,90,94" m="6263" machi="87" ten="30,4000,0" yaku="8,1,54,2" doraHai="123" who="3" fromWho="3" sc="185,-11,421,-21,199,-11,185,53" /><INIT seed="6,0,0,3,5,38" ten="174,400,188,238" oya="2" hai0="4,115,42,0,50,27,18,52,47,75,69,109,96" hai1="68,111,28,125,76,62,126,55,31,15,132,63,103" hai2="37,118,60,20,84,12,72,40,19,74,131,56,133" hai3="17,100,119,92,1,82,26,102,99,39,129,10,73"/><V7/><F118/><W120/><G120/><T11/><D109/><U24/><E111/><V5/><F131/><W95/><G39/><T70/><D75/><U93/><E76/><V49/><F133/><W59/><G129/><T23/><D115/><U78/><E78/><V36/><F36/><W14/><G1/><T135/><D135/><U79/><E79/><V117/><F37/><W124/><G124/><T123/><D123/><U30/><E15/><V90/><F74/><W104/><G82/><T33/><D33/><U77/><E24/><V121/><F72/><W51/><G73/><T58/><REACH who="0" step="1"/><D96/><REACH who="0" ten="164,400,188,238" step="2"/><U83/><E132/><V46/><F121/><W16/><G119/><T13/><D13/><U8/><E125/><V25/><F12/><W91/><G104/><T107/><D107/><U34/><E34/><V128/><F128/><W48/><G100/><T130/><D130/><U108/><E103/><V88/><F117/><W21/><G59/><T87/><D87/><AGARI ba="0,1" hai="10,14,16,17,21,26,48,51,87,91,92,95,99,102" machi="87" ten="30,3900,0" yaku="7,1,8,1,54,1" doraHai="38" who="3" fromWho="0" sc="164,-39,400,0,188,0,238,49" /><INIT seed="7,0,0,2,4,35" ten="125,400,188,287" oya="3" hai0="106,84,12,30,104,21,111,94,13,24,9,22,14" hai1="116,78,29,80,46,4,105,82,26,130,99,71,115" hai2="60,38,40,102,2,73,63,49,133,98,34,48,33" hai3="89,69,23,44,16,114,92,123,1,20,28,56,11"/><W41/><G69/><T8/><D111/><U87/><E87/><V85/><F73/><W66/><G28/><T113/><D104/><U77/><E99/><V120/><F2/><W112/><G66/><T110/><D106/><U27/><E26/><V52/><F38/><W61/><G61/><N who="2" m="23625" /><F34/><W76/><G56/><T118/><D110/><U107/><E80/><V109/><F33/><W124/><G76/><T37/><D37/><U72/><E46/><N who="2" m="25671" /><F109/><W117/><G123/><T51/><D118/><U97/><E27/><V83/><F133/><W129/><G117/><T108/><D108/><U39/><E97/><V96/><F102/><W58/><G58/><T47/><D113/><U25/><E25/><V127/><F127/><W93/><G23/><T53/><REACH who="0" step="1"/><D22/><REACH who="0" ten="115,400,188,287" step="2"/><U68/><E39/><V90/><F120/><W18/><G20/><T10/><D10/><U86/><E105/><V50/><F50/><W32/><G11/><T64/><D64/><U125/><E107/><V103/><F103/><W70/><G114/><T128/><D128/><U5/><E115/><V122/><F122/><W100/><G129/><T19/><D19/><U88/><E130/><V121/><F121/><W131/><G131/><T3/><D3/><U55/><E116/><V101/><F101/><W79/><G100/><T15/><N who="0" m="3072" /><DORA hai="42" /><T95/><D95/><U91/><E4/><V54/><F49/><W67/><G112/><T81/><D81/><U59/><E82/><V74/><F83/><W135/><G93/><T7/><D7/><U65/><E5/><V36/><F36/><W134/><G92/><RYUUKYOKU ba="0,1" sc="115,30,400,-10,188,-10,287,-10" hai0="8,9,21,24,30,47,51,53,84,94" owari="145,-35.0,400,49.0,178,-22.0,277,8.0" /></mjloggm>