<mjloggm ver="2.3"><GO type="185" lobby="0"/><UN n0="%E3%82%8A%E3%82%85%E3%81%99%E3%81%8F" n1="%E3%81%97%E3%82%93%E3%81%97%E3%82%93%E3%81%97%E3%82%93" n2="%E3%81%8A%E7%9F%A5%E3%82%89%E3%81%9B" n3="" dan="16,17,18,0" rate="2188.56,2282.32,2358.93,1500.00" sx="M,F,M,C"/><TAIKYOKU oya="0"/><INIT seed="0,0,0,0,2,45" ten="350,350,350,0" oya="0" hai0="69,60,65,49,103,115,121,52,90,108,1,59,34" hai1="114,42,95,109,68,105,79,41,132,78,83,47,76" hai2="100,72,131,127,135,2,64,102,71,134,101,128,96" hai3=""/><T84/><N who="0" m="31008" /><T120/><N who="0" m="30752" /><T48/><D34/><U118/><E118/><V117/><F2/><T43/><D115/><U93/><E105/><V63/><F117/><T39/><D1/><U67/><E114/><V74/><F96/><T32/><D32/><U51/><E83/><V80/><F127/><T33/><D33/><U81/><E81/><V92/><F92/><T37/><D103/><U123/><N who="1" m="31520" /><U98/><E132/><N who="2" m="50731" /><F80/><T124/><D124/><U0/><E0/><V55/><F55/><T106/><D106/><U70/><E109/><V38/><F38/><N who="0" m="14346" /><D90/><U97/><E67/><V54/><F54/><T44/><D84/><U62/><E62/><V130/><AGARI ba="0,0" hai="63,64,71,72,74,100,101,102,128,130,131" m="50731" machi="130" ten="40,2000,0" yaku="19,1,20,1" doraHai="45" who="2" fromWho="2" sc="350,-13,350,-7,350,20,0,0" /><INIT seed="1,0,0,0,4,86" ten="337,343,370,0" oya="1" hai0="97,107,132,55,32,79,67,46,101,72,112,96,120" hai1="40,74,128,45,133,108,78,85,105,76,53,115,75" hai2="60,89,113,130,43,57,93,106,58,42,61,49,47" hai3=""/><U82/><E115/><V62/><F106/><T117/><N who="0" m="30752" /><T135/><D32/><U71/><E108/><V37/><F130/><T99/><D112/><U39/><E128/><V103/><F103/><T92/><D67/><U125/><E125/><V3/><F3/><T104/><D55/><U65/><E133/><N who="0" m="51273" /><D46/><U50/><E105/><N who="0" m="40521" /><D117/><U90/><E78/><V94/><F94/><T63/><D63/><U54/><E76/><V48/><F113/><T118/><D118/><U129/><E129/><V134/><F134/><T41/><D41/><U36/><E54/><V44/><REACH who="2" step="1"/><F37/><REACH who="2" ten="337,343,360,0" step="2"/><T81/><AGARI ba="0,1" hai="72,79,81,92,96,97,99,101" m="40521,51273,30752" machi="81" ten="40,6000,1" yaku="20,1,34,2,52,1" doraHai="86" who="0" fromWho="0" sc="337,70,343,-40,360,-20,0,0" /><INIT seed="2,0,0,5,4,45" ten="407,303,340,0" oya="2" hai0="56,49,38,64,65,53,80,103,105,126,135,107,78" hai1="97,73,86,50,120,125,128,117,94,129,110,95,104" hai2="60,57,81,51,36,83,61,91,118,100,127,79,35" hai3=""/><V130/><F118/><T88/><D135/><U106/><N who="1" m="30752" /><U98/><E117/><V131/><F36/><T74/><D126/><U133/><E50/><V66/><F35/><T48/><D38/><U111/><E73/><V132/><F132/><T40/><D88/><U58/><E58/><V44/><F127/><T37/><D37/><U114/><E86/><V77/><F100/><T47/><REACH who="0" step="1"/><D103/><REACH who="0" ten="397,303,340,0" step="2"/><U134/><E125/><V3/><F91/><T89/><D89/><U76/><E76/><V109/><F77/><T102/><D102/><U42/><E42/><V122/><F79/><T69/><D69/><U115/><AGARI ba="0,1" hai="94,95,97,98,104,106,110,111,114,115,128,129,133,134" m="30752" machi="115" ten="25,9000,2" yaku="0,1,22,2,34,3,52,1" doraHai="45" who="1" fromWho="1" sc="397,-30,303,100,340,-60,0,0" /><INIT seed="4,0,0,2,3,113" ten="367,403,280,0" oya="0" hai0="44,65,109,32,43,58,104,134,85,106,52,79,101" hai1="37,0,63,87,84,62,53,86,69,112,33,48,75" hai2="70,41,80,39,89,114,67,135,128,100,64,92,99" hai3=""/><T94/><D32/><U95/><E33/><V56/><F114/><T51/><D134/><U42/><E112/><V122/><N who="2" m="31264" /><V103/><F128/><T73/><D109/><U124/><E0/><V77/><F70/><T129/><D129/><U78/><E124/><V50/><F39/><T1/><D1/><U82/><E69/><V133/><F133/><T90/><D65/><U55/><E37/><V36/><F36/><T98/><D79/><U119/><E119/><V118/><F135/><T54/><D73/><U61/><E42/><V127/><F127/><T132/><D132/><U115/><E115/><V130/><F118/><T123/><N who="0" m="31520" /><T47/><D106/><U72/><E72/><V68/><F68/><T111/><D111/><U121/><N who="1" m="31008" /><U3/><E3/><V46/><F130/><T107/><D107/><U74/><E74/><V40/><F40/><T49/><D43/><U81/><E95/><V71/><F71/><T102/><REACH who="0" step="1"/><D101/><REACH who="0" ten="357,403,280,0" step="2"/><U110/><E110/><V131/><F131/><T108/><D108/><U117/><E75/><V126/><F126/><T34/><D34/><U88/><E78/><V120/><N who="2" m="30752" /><V66/><F77/><T93/><D93/><U96/><E117/><V91/><F92/><RYUUKYOKU ba="0,1" sc="357,20,403,-10,280,-10,0,0" hai0="44,47,49,51,52,54,58,85,90,94,98,102,104" /><INIT seed="4,1,1,5,2,95" ten="377,393,270,0" oya="0" hai0="84,120,0,134,80,47,118,66,2,62,122,106,58" hai1="82,99,37,128,100,61,65,51,79,114,94,53,70" hai2="33,127,88,104,40,89,34,132,41,105,124,3,44" hai3=""/><T43/><N who="0" m="30752" /><T45/><N who="0" m="31264" /><T129/><D118/><U110/><E110/><V56/><F56/><T116/><D116/><U68/><E128/><V92/><F92/><T121/><N who="0" m="31008" /><T72/><D134/><U81/><E37/><V97/><F44/><T52/><D129/><U83/><E114/><V49/><F49/><T103/><D72/><U1/><E68/><V115/><F3/><T93/><D106/><U50/><E1/><V35/><F132/><T119/><D119/><U67/><E67/><V96/><REACH who="2" step="1"/><F35/><REACH who="2" ten="377,393,260,0" step="2"/><T125/><D47/><U48/><REACH who="1" step="1"/><E53/><REACH who="1" ten="377,383,260,0" step="2"/><V133/><F133/><T36/><D52/><U101/><E101/><V74/><F74/><AGARI ba="1,3" hai="48,50,51,61,65,70,74,79,81,82,83,94,99,100" machi="74" ten="40,5200,0" yaku="1,1,52,1,53,1" doraHai="95" doraHaiUra="60" who="1" fromWho="2" sc="377,0,383,84,260,-54,0,0" /><INIT seed="5,0,0,2,4,113" ten="377,467,206,0" oya="1" hai0="3,37,0,56,64,100,65,41,129,132,130,77,93" hai1="94,88,45,117,97,47,99,53,102,78,54,80,33" hai2="81,2,84,82,75,126,61,115,40,59,120,133,34" hai3=""/><U104/><E117/><V69/><N who="2" m="30752" /><V79/><F2/><T51/><D132/><U39/><E33/><V87/><F34/><T108/><D108/><U83/><E83/><V70/><F115/><T122/><N who="0" m="31264" /><T98/><D77/><U32/><E32/><V95/><F126/><T62/><D37/><U49/><E39/><V91/><F40/><T57/><D41/><U73/><REACH who="1" step="1"/><E54/><REACH who="1" ten="377,457,206,0" step="2"/><V50/><F133/><T35/><D35/><U111/><E111/><V125/><F125/><T44/><D3/><U116/><E116/><V101/><F50/><T128/><D0/><U55/><E55/><V121/><N who="2" m="31008" /><V103/><F75/><T119/><D119/><U86/><E86/><V43/><F43/><T127/><D127/><U67/><E67/><V90/><F79/><T105/><D64/><U106/><E106/><V71/><REACH who="2" step="1"/><F95/><REACH who="2" ten="377,457,196,0" step="2"/><T85/><D93/><U110/><E110/><V36/><F36/><T76/><D76/><U66/><E66/><AGARI ba="0,2" hai="59,61,66,69,70,71,81,82,84,87,90,91,101,103" m="31008,30752" machi="66" ten="40,8000,1" yaku="1,1,9,1,52,2,53,0" doraHai="113" doraHaiUra="74" who="2" fromWho="1" sc="377,0,457,-80,196,100,0,0" /><INIT seed="6,0,0,4,1,127" ten="377,377,296,0" oya="2" hai0="119,69,75,60,116,51,64,113,50,35,92,85,76" hai1="66,1,38,120,82,129,108,81,102,131,72,42,80" hai2="77,78,34,40,86,128,124,87,103,36,130,67,111" hai3=""/><V118/><F34/><T56/><D35/><U62/><N who="1" m="30752" /><U112/><E108/><V117/><F67/><T2/><D2/><U74/><E112/><V68/><F68/><T46/><D75/><U61/><E1/><V53/><F53/><T41/><D113/><U95/><E38/><V107/><F40/><T58/><D92/><U94/><E42/><V91/><F36/><T55/><D85/><N who="2" m="32266" /><F91/><T134/><D76/><N who="2" m="29290" /><F124/><T126/><D126/><U45/><E45/><V47/><F47/><T122/><D122/><U104/><E66/><V133/><F111/><T99/><D69/><U105/><E80/><V33/><F33/><T52/><D41/><U49/><E49/><V132/><F117/><T79/><D79/><U101/><AGARI ba="0,0" hai="61,62,72,74,81,82,94,95,101,102,104,105,129,131" m="30752" machi="101" ten="25,9000,2" yaku="0,1,22,2,52,3" doraHai="127" who="1" fromWho="1" sc="377,-30,377,90,296,-60,0,0" owari="347,-5.0,467,41.0,236,-36.0,0,0.0" /></mjloggm>