<mjloggm ver="2.3"><GO type="185" lobby="0"/><UN n0="%4D%4A%E3%81%AE%E3%82%B5%E3%82%BD" n1="%E3%81%97%E3%82%87%E3%81%86%E3%81%8F%E3%82%93" n2="%E3%82%8C%E3%81%99%E3%81%93" n3="" dan="18,16,16,0" rate="2354.59,2123.31,2201.11,1500.00" sx="M,M,F,C"/><TAIKYOKU oya="0"/><INIT seed="0,0,0,5,1,134" ten="350,350,350,0" oya="0" hai0="103,122,117,52,120,82,85,41,111,77,133,123,105" hai1="118,135,60,64,107,66,80,68,132,109,115,59,75" hai2="51,45,32,91,0,114,37,53,121,44,84,71,90" hai3=""/><T130/><N who="0" m="30752" /><T106/><N who="0" m="31264" /><T40/><N who="0" m="31520" /><T88/><D117/><U65/><E107/><V126/><N who="2" m="31008" /><V128/><F114/><T1/><D1/><U72/><E118/><V101/><F0/><T39/><D133/><N who="1" m="51275" /><E115/><V124/><F32/><T56/><D130/><U127/><E109/><V50/><F37/><T48/><D111/><U49/><E68/><V125/><F128/><T92/><D39/><U86/><E49/><V99/><F84/><T43/><REACH who="0" step="1"/><D103/><REACH who="0" ten="340,350,350,0" step="2"/><U42/><E127/><V3/><F3/><T104/><D104/><U58/><E72/><AGARI ba="0,1" hai="40,41,43,48,52,56,72,77,82,85,88,92,105,106" m="31520,31264,30752" machi="72" ten="40,18000,2" yaku="1,1,52,3,54,2,53,1" doraHai="134" doraHaiUra="46" who="0" fromWho="1" sc="340,190,350,-180,350,0,0,0" /><INIT seed="0,1,0,1,0,51" ten="530,170,350,0" oya="0" hai0="86,116,65,104,66,78,94,57,55,132,52,114,93" hai1="47,56,90,81,101,96,134,62,1,85,71,50,88" hai2="107,84,38,113,92,70,2,53,95,44,63,120,72" hai3=""/><T54/><D104/><U34/><E34/><V46/><N who="2" m="30752" /><V105/><F2/><T118/><D114/><U37/><E134/><V40/><F72/><T35/><D35/><U123/><N who="1" m="31520" /><U76/><E71/><V119/><F113/><T97/><D132/><U133/><E37/><V64/><F119/><T98/><D118/><U48/><E1/><V108/><F108/><T115/><D115/><U100/><E48/><V127/><F127/><T0/><D0/><U45/><E133/><V82/><F46/><T83/><D116/><U43/><E45/><V111/><F111/><T75/><D75/><U109/><E109/><V122/><N who="2" m="31264" /><V58/><F107/><T60/><D66/><U102/><REACH who="1" step="1"/><E96/><AGARI ba="1,0" hai="52,54,55,57,60,65,78,83,86,93,94,96,97,98" machi="96" ten="40,12000,1" yaku="8,1,52,3,54,1" doraHai="51" who="0" fromWho="1" sc="530,122,170,-122,350,0,0,0" /><INIT seed="0,2,0,0,3,44" ten="652,48,350,0" oya="0" hai0="123,108,71,126,51,116,70,113,52,90,111,115,103" hai1="112,133,91,87,65,75,127,35,33,79,100,117,37" hai2="38,60,88,63,54,85,132,76,101,36,84,89,53" hai3=""/><T98/><N who="0" m="31520" /><T105/><D116/><U102/><E37/><V3/><F101/><T97/><D126/><U47/><E117/><V130/><F76/><T73/><D73/><U68/><E127/><V135/><REACH who="2" step="1"/><F130/><REACH who="2" ten="652,48,340,0" step="2"/><T74/><D74/><U32/><E75/><V131/><F131/><T48/><D103/><U42/><E112/><V128/><F128/><T109/><D90/><U62/><E133/><V92/><F92/><T81/><D81/><U56/><E79/><V129/><F129/><T114/><D105/><U64/><E102/><V69/><F69/><T66/><D70/><U93/><E100/><V118/><F118/><T78/><D78/><U34/><E34/><V122/><N who="2" m="31264" /><V110/><F110/><T67/><D71/><U120/><N who="1" m="30752" /><U46/><E42/><V39/><F39/><T125/><D125/><U50/><REACH who="1" step="1"/><E65/><REACH who="1" ten="652,38,340,0" step="2"/><N who="0" m="24585" /><D52/><AGARI ba="2,2" hai="32,33,35,46,47,50,52,56,62,64,68,87,91,93" m="30752" machi="52" ten="40,8000,1" yaku="1,1,52,2,54,1,53,0" doraHai="44" doraHaiUra="104" who="1" fromWho="0" sc="652,-84,38,104,340,0,0,0" /><INIT seed="1,0,0,3,2,42" ten="568,142,340,0" oya="1" hai0="128,76,110,86,41,66,48,35,132,95,91,133,97" hai1="33,61,87,93,50,32,109,52,112,120,79,104,113" hai2="124,74,81,105,115,54,67,106,116,38,75,121,60" hai3=""/><U84/><N who="1" m="30752" /><U34/><E104/><V63/><N who="2" m="31008" /><V51/><F116/><T85/><D35/><U78/><E109/><V130/><F38/><T117/><D110/><U100/><E61/><V118/><F118/><T114/><D117/><U107/><E107/><V77/><F130/><T111/><D111/><U135/><E135/><V65/><F124/><T39/><D39/><U129/><E129/><V102/><F75/><T45/><D128/><U101/><E93/><V80/><F80/><T96/><D114/><U37/><E37/><V73/><F73/><T123/><N who="0" m="31520" /><T36/><D66/><U92/><E92/><V2/><F2/><T58/><D86/><U125/><E125/><V47/><F115/><T126/><D126/><U0/><E0/><V122/><N who="2" m="31264" /><V46/><F46/><T59/><D59/><U119/><E119/><V57/><F102/><T69/><D69/><AGARI ba="0,0" hai="47,51,54,57,60,63,65,67,69,74,77,81,105,106" m="31264,31008" machi="69" ten="30,7700,0" yaku="7,1,52,3" doraHai="42" who="2" fromWho="0" sc="568,-77,142,0,340,77,0,0" /><INIT seed="2,0,0,3,0,103" ten="491,142,417,0" oya="2" hai0="76,59,52,89,60,123,121,108,135,73,96,120,104" hai1="46,118,94,50,128,82,33,57,64,63,1,75,132" hai2="48,55,117,105,110,122,44,39,37,109,80,71,42" hai3=""/><V116/><N who="2" m="31264" /><V35/><F35/><T99/><N who="0" m="30752" /><T38/><N who="0" m="31008" /><T74/><N who="0" m="31520" /><T98/><D108/><N who="2" m="41578" /><F105/><T115/><D38/><N who="2" m="14346" /><F80/><T47/><D104/><U101/><E33/><V81/><F81/><T111/><D111/><U125/><E1/><V126/><F126/><T87/><D76/><U131/><E125/><V107/><F107/><T40/><D135/><U102/><E132/><V114/><F114/><T66/><D115/><U65/><E94/><V91/><F91/><T41/><D73/><U92/><E92/><V100/><F100/><T58/><D47/><U95/><E95/><V78/><F78/><T53/><D74/><U62/><E82/><V36/><F71/><T56/><D89/><U129/><E75/><V133/><F133/><T84/><D84/><U0/><E0/><V45/><AGARI ba="0,0" hai="36,42,44,45,48,55,116,117" m="14346,41578,31264" machi="45" ten="40,8000,1" yaku="14,1,10,1,34,2,52,1" doraHai="103" who="2" fromWho="2" sc="491,-40,142,-40,417,80,0,0" /><INIT seed="2,1,0,5,3,111" ten="451,102,497,0" oya="2" hai0="90,103,47,59,43,80,132,35,117,72,119,106,97" hai1="63,134,94,39,61,78,127,88,70,55,120,2,110" hai2="37,44,77,82,85,65,67,1,87,57,79,133,135" hai3=""/><V105/><F105/><T123/><N who="0" m="31520" /><T116/><D35/><U51/><N who="1" m="30752" /><U68/><E39/><V122/><N who="2" m="31264" /><V40/><F1/><T96/><D132/><N who="2" m="50762" /><F57/><T0/><D0/><U56/><E2/><V41/><F41/><T112/><D59/><U83/><E134/><V89/><F79/><T62/><D62/><U113/><E127/><V33/><F33/><T73/><D112/><U52/><E110/><V130/><F130/><T124/><D124/><U74/><E113/><V64/><F67/><T60/><D60/><U54/><E63/><V45/><F45/><T49/><REACH who="0" step="1"/><D97/><REACH who="0" ten="441,102,497,0" step="2"/><U92/><E70/><V128/><F128/><T126/><D126/><U109/><E109/><V58/><F58/><T104/><D104/><U125/><E125/><V50/><F37/><T3/><D3/><U108/><E108/><V101/><F50/><T66/><D66/><U129/><E129/><V84/><F64/><T98/><D98/><U91/><E68/><V46/><F65/><T131/><D131/><U69/><E69/><V100/><F44/><T48/><D48/><U36/><E36/><V32/><F32/><T102/><D102/><U115/><E115/><V75/><F46/><T76/><D76/><U81/><E78/><RYUUKYOKU ba="1,1" sc="441,20,102,-10,497,-10,0,0" hai0="43,47,49,72,73,80,90,96,103,106,116,117,119" /><INIT seed="4,2,1,2,2,131" ten="461,92,487,0" oya="0" hai0="105,58,76,116,75,129,79,111,37,82,113,124,47" hai1="66,125,102,54,96,106,115,65,70,95,134,2,44" hai2="91,61,45,84,0,60,89,1,123,86,33,120,64" hai3=""/><T57/><D116/><U55/><E2/><V130/><N who="2" m="30752" /><V97/><N who="2" m="31520" /><V81/><F33/><T132/><D105/><U48/><E125/><V133/><F130/><T88/><D129/><U42/><E115/><V49/><F97/><T117/><D117/><U122/><N who="1" m="31264" /><U94/><E134/><V104/><F104/><T93/><D76/><U114/><E114/><V121/><N who="2" m="31008" /><V118/><F118/><T3/><D113/><U126/><E126/><V103/><F103/><T68/><D68/><U52/><E70/><V110/><F110/><T73/><D73/><U85/><E106/><V127/><F127/><T135/><D3/><U119/><E119/><V69/><F61/><T83/><D83/><U36/><E36/><V59/><F69/><T67/><D124/><U41/><E41/><V39/><F39/><T107/><D107/><U80/><E95/><V38/><F38/><T78/><D111/><U90/><AGARI ba="2,1" hai="42,44,48,52,54,55,65,66,80,85,90,94,96,102" m="31264" machi="90" ten="30,5900,0" yaku="0,1,8,1,52,1,54,1" doraHai="131" who="1" fromWho="1" sc="461,-41,92,73,487,-22,0,0" /><INIT seed="5,0,0,4,5,0" ten="420,165,465,0" oya="1" hai0="70,94,56,76,69,59,109,104,38,108,79,93,111" hai1="81,39,112,32,77,46,3,54,1,101,113,87,55" hai2="92,45,110,51,53,119,117,75,62,123,96,84,131" hai3=""/><U72/><E32/><V34/><N who="2" m="31520" /><V42/><F75/><T126/><D104/><U86/><E101/><V127/><F34/><T49/><D49/><U120/><N who="1" m="30752" /><U78/><E72/><V99/><F110/><T63/><D63/><U2/><E39/><V90/><F131/><T88/><D38/><U134/><E134/><V107/><F127/><T115/><D126/><U91/><E46/><V129/><F129/><T85/><D115/><N who="1" m="44107" /><E78/><V102/><F62/><T52/><D79/><U36/><E36/><V74/><F74/><T48/><D76/><U105/><E105/><V66/><F66/><T60/><REACH who="0" step="1"/><D94/><AGARI ba="0,0" hai="1,2,3,54,55,77,81,86,87,91,94" m="44107,30752" machi="94" ten="40,3900,0" yaku="15,1,52,1" doraHai="0" who="1" fromWho="0" sc="420,-39,165,39,465,0,0,0" /><INIT seed="5,1,0,0,3,54" ten="381,204,465,0" oya="1" hai0="43,32,65,58,95,36,129,78,127,113,42,119,76" hai1="102,122,64,118,74,51,98,75,49,110,88,73,82" hai2="87,115,35,104,125,121,77,85,131,80,45,106,66" hai3=""/><U124/><N who="1" m="31264" /><U114/><E118/><V67/><N who="2" m="31008" /><V68/><F35/><T132/><D32/><U123/><N who="1" m="31520" /><U100/><E110/><V38/><F131/><T70/><D70/><U39/><E39/><V84/><F125/><T91/><D127/><U128/><E124/><V55/><F115/><T48/><D36/><U59/><E114/><V33/><F33/><T112/><D129/><U37/><E37/><V107/><F68/><T120/><N who="0" m="30752" /><T134/><D119/><U52/><E128/><V2/><F2/><T135/><D112/><U81/><E64/><V47/><F47/><T130/><D130/><U86/><E102/><V34/><F34/><T99/><D113/><U126/><E126/><V90/><F90/><T53/><D65/><U116/><E116/><V63/><F38/><T96/><D96/><U41/><E41/><AGARI ba="1,0" hai="41,42,43,48,53,58,76,78,91,95,99,132,134,135" m="30752" machi="41" ten="40,5200,0" yaku="20,1,52,2" doraHai="54" who="0" fromWho="1" sc="381,54,204,-54,465,0,0,0" /><INIT seed="6,0,0,4,4,50" ten="435,150,465,0" oya="2" hai0="33,87,97,78,99,132,102,54,107,38,61,116,46" hai1="58,3,2,84,37,86,45,32,117,70,134,120,89" hai2="56,91,72,52,115,57,110,41,95,35,68,114,106" hai3=""/><V82/><F68/><T113/><D116/><U69/><E89/><V77/><F106/><T59/><D132/><U74/><E58/><V111/><F41/><T34/><D113/><N who="2" m="43018" /><F35/><T109/><D109/><N who="2" m="41482" /><F52/><T130/><D130/><U127/><E45/><V122/><N who="2" m="31264" /><V81/><F81/><T108/><D108/><U40/><E40/><V43/><F43/><T85/><D38/><U62/><E62/><V125/><F125/><T1/><D1/><U65/><E65/><V79/><F79/><T118/><D118/><U55/><E55/><V44/><F44/><T103/><D46/><U128/><E128/><V104/><F104/><T101/><D78/><U112/><E112/><V98/><AGARI ba="0,0" hai="56,57,72,77,82,91,95,98" m="31264,41482,43018" machi="98" ten="30,4000,0" yaku="15,1,10,1,52,1" doraHai="50" who="2" fromWho="2" sc="435,-20,150,-20,465,40,0,0" owari="415,2.0,130,-47.0,505,45.0,0,0.0" /></mjloggm>