<mjloggm ver="2.3"><GO type="185" lobby="0"/><UN n0="%E5%A4%A7%E5%92%8C%E6%A1%9C" n1="%E5%85%A5%E5%B7%A3%E6%9F%9A%E5%AE%9F" n2="%E6%A5%A1%42%41%4E" n3="" dan="17,17,16,0" rate="2326.53,2242.96,2173.51,1500.00" sx="F,F,M,C"/><TAIKYOKU oya="0"/><INIT seed="0,0,0,3,1,87" ten="350,350,350,0" oya="0" hai0="92,124,112,102,108,105,90,69,61,101,49,76,48" hai1="71,35,54,57,53,52,114,50,115,80,78,40,122" hai2="59,56,36,55,113,89,106,37,42,100,46,98,97" hai3=""/><T62/><D112/><N who="1" m="43051" /><E35/><V51/><F113/><T77/><D124/><U88/><N who="1" m="31264" /><U117/><E117/><V79/><F79/><T45/><D108/><U68/><E40/><V34/><F34/><T63/><D69/><N who="1" m="26699" /><E78/><N who="0" m="30313" /><D105/><U128/><E128/><V119/><F119/><T95/><D95/><U72/><E72/><V58/><F36/><T41/><D49/><U43/><E43/><V2/><F2/><T86/><AGARI ba="0,0" hai="41,45,48,61,62,63,86,90,92,101,102" m="30313" machi="86" ten="30,2000,0" yaku="8,1,52,1" doraHai="87" who="0" fromWho="0" sc="350,20,350,-10,350,-10,0,0" /><INIT seed="0,1,0,1,2,3" ten="370,340,340,0" oya="0" hai0="91,92,41,75,131,118,62,114,90,55,1,132,105" hai1="112,50,109,100,44,96,46,65,95,104,52,94,61" hai2="119,82,72,33,127,106,43,117,134,48,108,99,73" hai3=""/><T81/><D1/><U125/><E109/><V0/><F0/><T51/><D114/><U63/><E125/><V107/><F108/><T111/><D111/><U34/><E34/><V59/><F127/><T60/><D118/><U57/><E112/><V123/><N who="2" m="31520" /><V32/><F134/><T128/><D105/><U79/><E79/><V66/><F66/><T121/><N who="0" m="31008" /><T38/><D132/><U58/><REACH who="1" step="1"/><E44/><REACH who="1" ten="370,330,340,0" step="2"/><V103/><F107/><T49/><D131/><U76/><E76/><V54/><F43/><AGARI ba="1,1" hai="43,46,50,52,57,58,61,63,65,94,95,96,100,104" machi="43" ten="30,7700,0" yaku="1,1,7,1,54,1,53,1" doraHai="3" doraHaiUra="97" who="1" fromWho="2" sc="370,0,330,89,340,-79,0,0" /><INIT seed="1,0,0,0,3,64" ten="370,419,261,0" oya="1" hai0="107,50,49,86,94,105,67,34,0,74,102,134,35" hai1="89,37,53,58,33,40,63,72,44,88,129,81,127" hai2="92,130,52,93,98,115,131,114,3,100,111,39,78" hai3=""/><U73/><E129/><N who="2" m="49163" /><F3/><T77/><D0/><U66/><E127/><V108/><F39/><T79/><D67/><U133/><E133/><V70/><F78/><T126/><D86/><U119/><E119/><V106/><F52/><T60/><D94/><N who="2" m="36458" /><F70/><T125/><D60/><U76/><E33/><V110/><AGARI ba="0,0" hai="98,100,106,108,110,111,114,115" m="36458,49163" machi="110" ten="40,6000,1" yaku="14,1,19,1,34,2" doraHai="64" who="2" fromWho="2" sc="370,-20,419,-40,261,60,0,0" /><INIT seed="2,0,0,2,4,46" ten="350,379,321,0" oya="2" hai0="83,112,1,114,95,81,53,116,100,44,133,63,106" hai1="134,89,124,49,105,131,111,52,62,0,113,69,65" hai2="125,123,39,117,91,120,94,97,88,56,87,32,40" hai3=""/><V78/><N who="2" m="30752" /><V130/><N who="2" m="31520" /><V132/><F32/><T38/><D106/><U77/><E113/><N who="0" m="43625" /><D116/><U119/><E111/><V73/><F117/><T57/><D1/><U93/><E105/><V41/><F125/><T67/><D133/><U55/><E134/><V102/><F132/><T35/><D35/><U70/><E131/><V101/><F130/><T58/><D44/><U115/><E115/><V126/><F126/><T45/><D45/><U50/><E124/><V71/><F71/><T37/><D95/><U85/><E0/><V66/><F39/><N who="0" m="14858" /><D100/><U129/><E129/><V80/><F102/><T42/><D42/><U76/><E70/><V82/><REACH who="2" step="1"/><F101/><REACH who="2" ten="350,379,311,0" step="2"/><T122/><N who="0" m="31264" /><T86/><D86/><U74/><E119/><V108/><F108/><T51/><AGARI ba="0,1" hai="51,53,57,58,63,67,81,83" m="31264,14858,43625" machi="51" ten="30,3000,0" yaku="11,1,52,2" doraHai="46" who="0" fromWho="0" sc="350,40,379,-10,311,-20,0,0" /><INIT seed="4,0,0,4,0,68" ten="390,369,291,0" oya="0" hai0="43,118,108,72,37,86,62,122,69,121,124,92,131" hai1="80,47,82,49,44,123,99,63,45,58,59,128,95" hai2="107,76,57,106,41,34,120,36,90,115,79,89,93" hai3=""/><T129/><N who="0" m="31008" /><T88/><N who="0" m="31264" /><T32/><D118/><U66/><N who="1" m="31520" /><U112/><E128/><N who="0" m="49225" /><D32/><U111/><E111/><V2/><N who="2" m="30752" /><V85/><F34/><T60/><D108/><U71/><E112/><V53/><F2/><T0/><D0/><U40/><E71/><V126/><F115/><T64/><D72/><U77/><E59/><V56/><F126/><T135/><D124/><U78/><E82/><V74/><F74/><T83/><D135/><U65/><E65/><V110/><F110/><T38/><D43/><U134/><E134/><V51/><F57/><T94/><D62/><U75/><REACH who="1" step="1"/><E78/><REACH who="1" ten="390,359,291,0" step="2"/><V125/><F79/><T100/><D83/><U73/><E73/><V50/><F76/><T127/><D127/><U97/><E97/><AGARI ba="0,1" hai="37,38,60,64,69,86,88,92,94,97,100" m="49225,31264,31008" machi="97" ten="30,18000,2" yaku="19,1,52,4,54,1" doraHai="68" who="0" fromWho="1" sc="390,190,359,-180,291,0,0,0" /><INIT seed="4,1,0,4,4,114" ten="580,179,291,0" oya="0" hai0="39,119,91,118,106,117,111,1,81,57,37,82,130" hai1="116,35,115,52,131,34,88,77,90,113,2,75,73" hai2="99,92,58,103,87,134,78,105,54,100,128,135,79" hai3=""/><T76/><D1/><U72/><E2/><V86/><F128/><T36/><D130/><U84/><E131/><V101/><F58/><T48/><D106/><U60/><E34/><V89/><F54/><T127/><D127/><U47/><E35/><V40/><F40/><T41/><D111/><U112/><E116/><V124/><F124/><T123/><N who="0" m="31520" /><T46/><D91/><U53/><E60/><V85/><F105/><T96/><D96/><U62/><E62/><V133/><AGARI ba="1,0" hai="78,79,85,86,87,89,92,99,100,101,103,133,134,135" machi="133" ten="40,9000,2" yaku="0,1,29,2,20,1,34,3" doraHai="114" who="2" fromWho="2" sc="580,-61,179,-31,291,92,0,0" /><INIT seed="5,0,0,4,1,88" ten="519,148,383,0" oya="1" hai0="49,86,56,93,84,98,116,40,131,94,75,42,79" hai1="85,46,73,102,87,70,135,47,125,127,2,68,106" hai2="89,59,118,39,96,81,82,113,62,34,77,100,123" hai3=""/><U1/><E73/><V83/><N who="2" m="31520" /><V117/><F34/><T64/><D131/><U122/><N who="1" m="31264" /><U71/><E102/><V80/><F39/><T60/><D116/><U45/><E106/><V55/><F113/><T92/><D98/><U120/><N who="1" m="30752" /><U110/><E135/><V103/><F89/><T0/><D0/><U44/><N who="1" m="11264" /><DORA hai="57" /><U76/><E110/><V36/><F36/><T61/><D49/><U66/><E66/><V95/><REACH who="2" step="1"/><F103/><REACH who="2" ten="519,148,373,0" step="2"/><T43/><REACH who="0" step="1"/><D61/><REACH who="0" ten="509,148,373,0" step="2"/><U78/><E1/><V104/><F104/><T99/><D99/><U121/><N who="1" m="31008" /><U32/><E2/><V67/><F67/><T74/><D74/><AGARI ba="0,2" hai="55,59,62,74,77,80,81,82,83,95,96,100,117,118" m="31520" machi="74" ten="40,12000,2" yaku="1,1,52,3,53,2" doraHai="88,57" doraHaiUra="58,54" who="2" fromWho="0" sc="509,-120,148,0,373,140,0,0" /><INIT seed="6,0,0,3,3,52" ten="389,148,513,0" oya="2" hai0="64,56,51,130,72,65,99,121,104,120,2,103,40" hai1="34,122,53,113,66,47,132,46,75,90,74,86,39" hai2="79,110,77,97,3,58,57,49,33,87,37,115,82" hai3=""/><V131/><F3/><T73/><N who="0" m="30752" /><T0/><N who="0" m="31008" /><T119/><D119/><U124/><N who="1" m="31264" /><U101/><E113/><V45/><F33/><T92/><D130/><U32/><E124/><V116/><F116/><T48/><D2/><U127/><E127/><V134/><F115/><T42/><D0/><U50/><E132/><V108/><F134/><T35/><D35/><U88/><E101/><V98/><F131/><T61/><D65/><U78/><E66/><V41/><F79/><T94/><D104/><U1/><E1/><V125/><F125/><T118/><D118/><U44/><E39/><V59/><F37/><T43/><REACH who="0" step="1"/><D94/><REACH who="0" ten="379,148,513,0" step="2"/><U106/><E106/><V109/><AGARI ba="0,1" hai="41,45,49,57,58,59,77,82,87,97,98,108,109,110" machi="109" ten="40,8000,1" yaku="0,1,10,1,52,3" doraHai="52" who="2" fromWho="2" sc="379,-40,148,-40,513,90,0,0" owari="339,-6.0,108,-49.0,603,55.0,0,0.0" /></mjloggm>