<mjloggm ver="2.3"><GO type="169" lobby="0"/><UN n0="%E7%84%A1%E7%82%BA%E8%87%AA%E7%84%B6" n1="%E8%88%B9%E8%B6%8A%E8%8B%B1%E4%B8%80%E9%83%8E" n2="%E4%B8%83%E6%98%9F%E7%90%83" n3="%6F%6B%62%6F%6B%62" dan="17,18,17,16" rate="2185.76,2227.39,2068.96,2045.87" sx="M,M,F,M"/><TAIKYOKU oya="0"/><INIT seed="0,0,0,4,2,97" ten="250,250,250,250" oya="0" hai0="96,132,93,21,59,135,89,133,109,120,45,117,11" hai1="61,121,79,7,78,112,86,60,48,2,87,91,10" hai2="23,82,77,72,71,62,0,66,64,88,65,5,83" hai3="111,104,18,39,134,30,8,51,94,116,49,50,6"/><T20/><D117/><U57/><E121/><V92/><F0/><W37/><G116/><T41/><D120/><U100/><E112/><V129/><F5/><W13/><G104/><T124/><D124/><U125/><E125/><V12/><F129/><W69/><G69/><T103/><D109/><U3/><E3/><V105/><F105/><W80/><G111/><T63/><D11/><U128/><E128/><V106/><F106/><W43/><G30/><T27/><D89/><U4/><E4/><V95/><F95/><W47/><G134/><T73/><D73/><U46/><E100/><V118/><F83/><W102/><G80/><T9/><D9/><U1/><E1/><V38/><F38/><W58/><G37/><T84/><D84/><U14/><E2/><V40/><F40/><W31/><G31/><T98/><D96/><U81/><E57/><V36/><F36/><W25/><G58/><T126/><D27/><U127/><E127/><V28/><F118/><W123/><G123/><T56/><D126/><U101/><E101/><V90/><F90/><W26/><REACH who="3" step="1"/><G6/><REACH who="3" ten="250,250,250,240" step="2"/><T52/><D59/><U75/><E75/><V15/><F28/><W110/><G110/><T122/><D122/><U29/><E29/><V17/><REACH who="2" step="1"/><F15/><REACH who="2" ten="250,250,240,240" step="2"/><W131/><G131/><T107/><D107/><U130/><E130/><V67/><F67/><W114/><G114/><T35/><D35/><U76/><E81/><V24/><F24/><W70/><G70/><T33/><D33/><U108/><E108/><V53/><F53/><W19/><G19/><T119/><D119/><U74/><E14/><RYUUKYOKU ba="0,2" sc="250,10,250,-30,240,10,240,10" hai0="20,21,41,45,52,56,63,93,98,103,132,133,135" hai2="12,17,23,62,64,65,66,71,72,77,82,88,92" hai3="8,13,18,25,26,39,43,47,49,50,51,94,102" /><INIT seed="0,1,2,4,3,29" ten="260,220,250,250" oya="0" hai0="83,100,47,38,54,33,0,31,49,60,84,89,74" hai1="102,44,73,116,3,87,8,114,70,66,130,30,55" hai2="53,126,40,14,17,76,41,2,79,37,50,27,99" hai3="52,34,6,19,128,35,129,18,124,117,23,62,125"/><T1/><D38/><U121/><E87/><V48/><F2/><W57/><G117/><T5/><D5/><U120/><E102/><V7/><F126/><N who="3" m="48747" /><G6/><T94/><D60/><U56/><E30/><V127/><F127/><W134/><G18/><T4/><D4/><U111/><E8/><V75/><F37/><W106/><G106/><T68/><D68/><U28/><E28/><V9/><F75/><W69/><G69/><T112/><D112/><U67/><E3/><V36/><F36/><W39/><G39/><T131/><D131/><N who="3" m="50249" /><G134/><T104/><D104/><U43/><E70/><V21/><F50/><W26/><AGARI ba="1,2" hai="19,23,26,34,35,52,57,62" m="50249,48747" machi="26" ten="30,8000,1" yaku="18,1,19,1,52,2,54,1" doraHai="29" who="3" fromWho="3" sc="260,-41,220,-21,250,-21,250,103" /><INIT seed="1,0,0,0,0,40" ten="219,199,229,353" oya="1" hai0="87,22,83,24,57,101,49,77,5,27,19,86,59" hai1="39,122,65,91,85,130,44,80,45,61,63,84,11" hai2="93,75,81,98,133,127,67,3,15,32,97,119,123" hai3="64,26,106,92,134,2,25,46,71,66,70,1,9"/><U38/><E122/><V120/><F3/><W42/><G106/><T94/><D5/><U36/><E130/><V20/><F32/><W69/><G134/><T128/><D128/><U35/><E35/><V112/><F119/><W105/><G105/><T121/><D121/><U0/><E85/><V68/><F133/><W78/><G78/><T55/><D24/><U116/><E116/><V56/><F68/><W43/><G92/><T126/><D126/><U16/><E63/><V132/><F132/><W79/><G79/><T31/><D31/><U100/><E100/><V52/><F67/><W10/><G69/><T12/><D27/><U117/><E117/><V131/><F131/><W125/><REACH who="3" step="1"/><G46/><REACH who="3" ten="219,199,229,343" step="2"/><N who="0" m="28087" /><D86/><U89/><E89/><V82/><F120/><W58/><G58/><N who="0" m="22027" /><D94/><U47/><E65/><V14/><F93/><W110/><G110/><T76/><D77/><U95/><E95/><V4/><F123/><W53/><G53/><T37/><D37/><U129/><E129/><V34/><F52/><W54/><G54/><T23/><D101/><U8/><E61/><V103/><F103/><W108/><G108/><T13/><D76/><U17/><REACH who="1" step="1"/><E0/><REACH who="1" ten="219,189,229,343" step="2"/><V51/><F97/><W41/><G41/><T114/><D87/><U96/><E96/><V109/><F98/><W48/><G48/><T28/><D83/><U33/><E33/><V107/><F34/><W102/><G102/><T73/><D73/><U124/><E124/><AGARI ba="0,2" hai="1,2,9,10,25,26,42,43,64,66,70,71,124,125" machi="124" ten="25,3200,0" yaku="1,1,22,2,53,0" doraHai="40" doraHaiUra="74" who="3" fromWho="1" sc="219,0,189,-32,229,0,343,52" /><INIT seed="2,0,0,3,2,102" ten="219,157,229,395" oya="2" hai0="3,28,77,54,134,113,135,13,60,99,24,75,91" hai1="57,56,10,17,123,76,118,25,18,15,63,69,27" hai2="89,0,11,124,58,105,92,94,78,122,101,109,107" hai3="70,125,116,46,100,40,2,16,59,20,82,110,26"/><V9/><F122/><W98/><G116/><T62/><D3/><U22/><E118/><V37/><F37/><W73/><G70/><T95/><D113/><U127/><E127/><V103/><F78/><W120/><G120/><T51/><D13/><U93/><E123/><V66/><F0/><W64/><G125/><T8/><D8/><U90/><E76/><V86/><F124/><W47/><G2/><T85/><D75/><U133/><E133/><N who="0" m="50697" /><D99/><U55/><E69/><V34/><F34/><W106/><G110/><T88/><D91/><U32/><E32/><V131/><F131/><W67/><G59/><N who="0" m="33247" /><D77/><U71/><E71/><V128/><F128/><W53/><G82/><T42/><D42/><U81/><E81/><V48/><F109/><W4/><G4/><T121/><D121/><U112/><E112/><V50/><F86/><W117/><G73/><T6/><D6/><U14/><REACH who="1" step="1"/><E57/><REACH who="1" ten="219,147,229,395" step="2"/><V111/><F58/><W1/><G117/><T126/><D126/><U114/><E114/><V96/><F111/><W29/><G46/><T36/><D36/><U43/><E43/><V68/><F68/><W39/><G40/><T30/><D30/><U21/><E21/><AGARI ba="0,1" hai="21,24,28,60,62,85,88,95" m="33247,50697" machi="21" ten="30,2000,0" yaku="20,1,54,1" doraHai="102" who="0" fromWho="1" sc="219,30,147,-20,229,0,395,0" /><INIT seed="3,0,0,5,0,48" ten="249,127,229,395" oya="3" hai0="50,106,118,105,43,14,5,12,52,4,123,55,72" hai1="110,28,54,108,64,67,80,30,18,35,58,15,53" hai2="65,126,8,86,24,129,85,1,22,63,34,40,131" hai3="103,87,56,44,25,99,113,77,66,59,9,101,89"/><W96/><G113/><T31/><D123/><U49/><E80/><V23/><F34/><W134/><G134/><T57/><D72/><U127/><E127/><V39/><F23/><W32/><G77/><T26/><D118/><U119/><E119/><V111/><F111/><N who="1" m="42537" /><E35/><V45/><F126/><W117/><G117/><T122/><D122/><U69/><E69/><V81/><F8/><W70/><G70/><T36/><D36/><U107/><E107/><V133/><F1/><W17/><G32/><T76/><D43/><U125/><E125/><V46/><F46/><W88/><G44/><N who="0" m="28103" /><D76/><U47/><E30/><V42/><F42/><W94/><G25/><T21/><D105/><U95/><E95/><V33/><F33/><W78/><G78/><T38/><D106/><U16/><E28/><V6/><F133/><W29/><G29/><T62/><D38/><U114/><E114/><V98/><F81/><N who="3" m="49263" /><G96/><T115/><D115/><U84/><E84/><V116/><F98/><W0/><G0/><T61/><D12/><U11/><E18/><N who="2" m="12375" /><F86/><W128/><G128/><N who="2" m="49225" /><F85/><W93/><G93/><T120/><D120/><U51/><AGARI ba="0,0" hai="11,15,16,47,49,51,53,54,58,64,67" m="42537" machi="51" ten="30,7900,0" yaku="14,1,52,2,54,1" doraHai="48" who="1" fromWho="1" sc="249,-20,127,79,229,-20,395,-39" /><INIT seed="4,0,0,4,3,75" ten="229,206,209,356" oya="0" hai0="40,84,117,9,66,118,116,79,50,13,18,44,124" hai1="125,112,27,42,104,72,131,95,17,77,12,123,128" hai2="129,86,78,15,64,5,53,130,127,107,54,49,47" hai3="29,99,85,132,73,101,7,93,69,14,133,38,135"/><T56/><D124/><U115/><E104/><V71/><F107/><W11/><G38/><T126/><D126/><U46/><E123/><V55/><F127/><W90/><G73/><T61/><REACH who="0" step="1"/><D84/><REACH who="0" ten="219,206,209,356" step="2"/><U74/><E125/><V4/><F130/><W19/><G69/><T10/><D10/><U45/><E74/><V102/><F129/><W30/><REACH who="3" step="1"/><G7/><REACH who="3" ten="219,206,209,346" step="2"/><T110/><D110/><U32/><E72/><V121/><F4/><W89/><G89/><T88/><D88/><U83/><E131/><V33/><F71/><W134/><N who="3" m="33792" /><DORA hai="37" /><W120/><G120/><T70/><D70/><U111/><E128/><V52/><F5/><W91/><G91/><T98/><D98/><U58/><E111/><V68/><F121/><W26/><G26/><T63/><D63/><U22/><E27/><V67/><F68/><W6/><G6/><T1/><D1/><U57/><E12/><V92/><F15/><W96/><G96/><T35/><D35/><U28/><E32/><V108/><F33/><W34/><G34/><T23/><D23/><U39/><E22/><V48/><F108/><W51/><G51/><T8/><D8/><U24/><E24/><V106/><F48/><W97/><G97/><T3/><D3/><U103/><E39/><V122/><F49/><W62/><G62/><T25/><D25/><U80/><E28/><V113/><F122/><W100/><G100/><T41/><D41/><U105/><E42/><V21/><F102/><W119/><G119/><T82/><D82/><AGARI ba="0,2" hai="11,14,19,29,30,82,85,90,93,99,101" m="33792" machi="82" ten="70,4500,0" yaku="1,1,20,1,53,0" doraHai="75,37" doraHaiUra="31,0" who="3" fromWho="0" sc="219,-45,206,0,209,0,346,65" /><INIT seed="5,0,0,5,5,3" ten="174,206,209,411" oya="1" hai0="101,130,29,109,80,91,58,100,78,120,21,128,39" hai1="75,24,119,18,95,55,11,134,89,40,37,113,87" hai2="0,41,108,5,28,112,64,68,70,83,84,72,105" hai3="62,98,96,9,94,48,92,42,4,79,30,124,32"/><U23/><E119/><V110/><F105/><W71/><G79/><T12/><D39/><U26/><E113/><V6/><F112/><W17/><G17/><N who="0" m="10407" /><D109/><U35/><E134/><V133/><F133/><W122/><G122/><T51/><D29/><U65/><E75/><V132/><F132/><W115/><G115/><T99/><D99/><U127/><E127/><V93/><F72/><W117/><G117/><T34/><D34/><U125/><E125/><V131/><F131/><N who="0" m="50218" /><D91/><U114/><E114/><V106/><F110/><W66/><G124/><T129/><N who="0" m="50226" /><T49/><DORA hai="45" /><D120/><U43/><E65/><V33/><F64/><W126/><G126/><T90/><D90/><U57/><E37/><V111/><F28/><W88/><G30/><T121/><D58/><U85/><E35/><V2/><F33/><W76/><G32/><T74/><D121/><U116/><E116/><V107/><F93/><W1/><G76/><T19/><D19/><U25/><E11/><V103/><F103/><AGARI ba="0,0" hai="49,51,74,78,80,100,101,103" m="50226,10407" machi="103" ten="40,5200,0" yaku="19,1,52,2" doraHai="3,45" who="0" fromWho="2" sc="174,52,206,0,209,-52,411,0" /><INIT seed="6,0,0,0,5,102" ten="226,206,157,411" oya="2" hai0="0,123,103,78,24,28,53,117,33,75,10,20,49" hai1="61,111,68,131,57,135,48,73,55,132,43,77,23" hai2="93,84,64,18,67,50,72,34,40,133,1,96,5" hai3="45,22,127,6,62,115,19,113,42,81,125,92,106"/><V37/><F72/><W54/><G6/><T79/><D123/><U124/><E73/><V13/><F34/><W69/><G81/><T108/><D108/><U114/><E77/><V110/><F133/><N who="1" m="51273" /><E111/><V134/><F134/><W80/><G80/><T87/><D75/><U56/><E23/><V70/><F37/><W100/><G92/><T99/><D87/><U116/><E116/><V105/><F110/><W38/><G69/><T104/><D117/><U25/><E25/><V109/><F109/><W17/><G62/><T11/><D33/><U29/><E29/><V122/><F122/><W65/><G65/><T128/><D128/><U9/><E9/><V35/><F35/><W27/><G54/><T59/><D10/><U71/><E131/><V86/><F70/><W94/><G94/><T98/><D99/><U90/><E90/><V30/><F30/><W44/><G44/><T51/><D11/><U7/><E7/><V2/><F5/><W15/><G15/><T91/><D91/><U130/><E130/><V107/><F93/><W66/><G66/><N who="2" m="25129" /><F96/><N who="3" m="61703" /><G19/><T74/><D74/><U21/><E71/><V8/><F86/><W32/><G32/><T119/><D119/><U39/><E68/><V26/><F84/><W95/><G95/><T83/><D83/><U126/><E39/><V129/><F129/><W89/><G89/><T41/><D78/><U88/><E88/><V121/><F121/><W47/><G47/><N who="0" m="25839" /><D79/><U3/><E3/><N who="2" m="1035" /><F26/><W101/><G101/><N who="0" m="62519" /><D0/><U97/><E97/><V16/><F18/><W82/><G82/><T4/><D4/><U118/><E118/><RYUUKYOKU ba="0,0" sc="226,10,206,-30,157,10,411,10" hai0="20,24,28,51,53,59,103" hai2="8,13,16,40,50,105,107" hai3="17,22,27,38,42,45,113,115,125,127" /><INIT seed="6,1,0,1,5,19" ten="236,176,167,421" oya="2" hai0="59,80,7,125,89,55,57,21,2,73,3,70,109" hai1="12,68,79,123,10,94,82,119,105,43,28,74,81" hai2="36,85,33,32,42,126,44,35,38,75,67,65,133" hai3="45,62,15,24,83,20,77,98,135,37,46,5,1"/><V26/><F75/><W129/><G135/><T34/><D34/><U134/><E119/><V41/><F133/><W56/><G129/><T101/><D109/><U88/><E134/><V18/><F126/><W17/><G1/><T118/><D70/><U96/><E123/><V92/><F92/><W48/><G98/><T108/><D101/><U66/><E43/><V124/><F124/><W0/><G0/><T53/><D7/><U95/><E28/><V91/><F18/><W102/><G102/><T4/><D4/><U50/><E50/><V97/><F97/><W84/><G48/><T8/><D8/><U63/><E105/><V107/><F107/><W51/><G51/><T72/><D89/><U120/><E120/><V58/><F26/><W9/><G37/><T60/><D118/><U49/><E49/><V14/><F14/><W52/><AGARI ba="1,0" hai="5,9,15,17,20,24,45,46,52,56,62,77,83,84" machi="52" ten="20,8000,1" yaku="0,1,7,1,8,1,52,1,54,1" doraHai="19" who="3" fromWho="3" sc="236,-21,176,-21,167,-41,421,83" /><INIT seed="7,0,0,5,4,78" ten="215,155,126,504" oya="3" hai0="83,131,91,5,18,56,126,60,89,10,129,1,11" hai1="37,82,63,42,121,123,105,48,25,66,70,124,27" hai2="106,4,7,8,75,127,9,94,0,39,84,31,19" hai3="59,128,112,103,36,62,81,73,64,14,111,107,97"/><W49/><G112/><T109/><D109/><U13/><E105/><V118/><F127/><W134/><G111/><T68/><D68/><U86/><E124/><V132/><F118/><W79/><G134/><T96/><D126/><U102/><E102/><V50/><F39/><W110/><G110/><T53/><D83/><U114/><E114/><V120/><F75/><W40/><G128/><N who="0" m="49227" /><D96/><U65/><E65/><V21/><F106/><W117/><G14/><AGARI ba="0,0" hai="1,5,10,11,14,18,53,56,60,89,91" m="49227" machi="14" ten="30,1000,0" yaku="19,1" doraHai="78" who="0" fromWho="3" sc="215,10,155,0,126,0,504,-10" owari="225,3.0,155,-24.0,126,-37.0,494,58.0" /></mjloggm>