<mjloggm ver="2.3"><GO type="169" lobby="0"/><UN n0="%E3%81%8D%E3%82%88%E3%81%97%E3%81%BE%E3%82%8B" n1="%54%6F%6B%75%63%68%69" n2="%E7%B4%85%E9%AD%82" n3="%E3%81%94%E3%82%8A%E3%81%94%E3%82%8A%E3%81%94%E3%82%8A%E3%82%89" dan="16,17,17,16" rate="2111.41,2230.30,2210.35,2114.78" sx="F,M,F,F"/><TAIKYOKU oya="0"/><INIT seed="0,0,0,2,5,71" ten="250,250,250,250" oya="0" hai0="86,100,24,22,130,2,23,84,120,93,50,77,53" hai1="107,1,25,45,59,55,51,111,68,65,101,121,124" hai2="114,123,81,41,48,91,10,135,92,4,30,85,94" hai3="78,133,33,31,56,9,38,74,64,18,52,76,27"/><T113/><D113/><U15/><E1/><V11/><F135/><W40/><G133/><T129/><D2/><U72/><E72/><V69/><F69/><W127/><G74/><T108/><D120/><U21/><E124/><V89/><F114/><W70/><G127/><T102/><D77/><U46/><E111/><V118/><F123/><W44/><G9/><T116/><D116/><U128/><E128/><V96/><F118/><W29/><G29/><T106/><D106/><U34/><E15/><V131/><F131/><N who="0" m="50186" /><D23/><U37/><E34/><V58/><F30/><W117/><G18/><N who="0" m="12375" /><D108/><U54/><E107/><V57/><F11/><W109/><G117/><T80/><D93/><U19/><E121/><V88/><F10/><W115/><G109/><T20/><D20/><U63/><E101/><N who="0" m="39017" /><D80/><U13/><E46/><AGARI ba="0,0" hai="46,50,53,84,86" m="39017,12375,50186" machi="46" ten="30,1500,0" yaku="19,1" doraHai="71" who="0" fromWho="1" sc="250,15,250,-15,250,0,250,0" /><INIT seed="0,1,0,3,3,36" ten="265,235,250,250" oya="0" hai0="91,76,9,133,81,66,72,35,22,84,45,116,125" hai1="52,108,43,122,28,101,77,64,21,25,29,92,128" hai2="10,12,75,58,41,127,103,86,80,100,79,106,94" hai3="119,65,18,73,26,89,82,44,121,53,42,95,126"/><T83/><D35/><U38/><E108/><V49/><F127/><W20/><G121/><T34/><D34/><U7/><E122/><V60/><F106/><W8/><G65/><T123/><D123/><U102/><E128/><V17/><F75/><W39/><G126/><T118/><D125/><U115/><E64/><V4/><F17/><W33/><G33/><T99/><D66/><U78/><E7/><V130/><F130/><W114/><G114/><T132/><D9/><U131/><E131/><V23/><F23/><W0/><G53/><T135/><D22/><U56/><E115/><V97/><F60/><W90/><G119/><T111/><D45/><U1/><E1/><V96/><F58/><W63/><G63/><T32/><D32/><U93/><E29/><V62/><F62/><W74/><G74/><T27/><D27/><U19/><E28/><V37/><F37/><W88/><G95/><N who="1" m="36426" /><E38/><V134/><F134/><W67/><G67/><T112/><D112/><U107/><E43/><V105/><REACH who="2" step="1"/><F49/><REACH who="2" ten="265,235,240,250" step="2"/><W30/><G18/><T57/><D57/><U129/><E129/><V87/><F87/><W13/><G73/><T104/><D111/><U85/><E85/><V120/><F120/><W117/><G117/><T24/><D24/><U48/><E107/><V98/><F98/><W61/><G61/><T40/><D40/><AGARI ba="1,1" hai="4,10,12,40,41,79,80,86,94,96,97,100,103,105" machi="40" ten="40,5200,0" yaku="1,1,52,2,53,0" doraHai="36" doraHaiUra="55" who="2" fromWho="0" sc="265,-55,235,0,240,65,250,0" /><INIT seed="1,0,0,5,5,66" ten="210,235,305,250" oya="1" hai0="113,21,124,80,71,123,12,84,104,34,30,67,20" hai1="52,95,119,105,99,125,47,102,118,32,53,112,33" hai2="72,37,79,116,93,81,56,15,74,19,103,135,40" hai3="82,69,89,41,50,90,91,46,7,2,28,14,134"/><U26/><E112/><V131/><F116/><W4/><G134/><T24/><D113/><U43/><E125/><V120/><F120/><W101/><G2/><T44/><D124/><U29/><E33/><V3/><F3/><W111/><G111/><T10/><D104/><U18/><E18/><V127/><F135/><W49/><G28/><T11/><D123/><U51/><REACH who="1" step="1"/><E105/><REACH who="1" ten="210,225,305,250" step="2"/><V100/><F19/><W25/><G7/><T16/><D34/><U58/><E58/><V60/><F56/><W61/><G4/><T8/><D44/><U129/><E129/><V31/><F131/><W55/><G46/><T78/><REACH who="0" step="1"/><D8/><REACH who="0" ten="200,225,305,250" step="2"/><U45/><E45/><V64/><F127/><W73/><G41/><T57/><D57/><U75/><E75/><V63/><F72/><W108/><G73/><T35/><D35/><U70/><E70/><V1/><F40/><W39/><G69/><T13/><D13/><U0/><E0/><V22/><F1/><W85/><G14/><T59/><D59/><U23/><E23/><V76/><F15/><W68/><G68/><T9/><D9/><U5/><E5/><V121/><F22/><W126/><G126/><T122/><D122/><U6/><E6/><V77/><F74/><W130/><G130/><T86/><D86/><U92/><E92/><V117/><F93/><W128/><G128/><T83/><D83/><U65/><E65/><V38/><F64/><W87/><G85/><T94/><D94/><U96/><E96/><V114/><F81/><W42/><G87/><T110/><D110/><U88/><E88/><V115/><F114/><RYUUKYOKU ba="0,2" sc="200,15,225,15,305,-15,250,-15" hai0="10,11,12,16,20,21,24,30,67,71,78,80,84" hai1="26,29,32,43,47,51,52,53,95,99,102,118,119" /><INIT seed="1,1,2,4,4,74" ten="215,240,290,235" oya="1" hai0="83,44,21,105,8,43,18,90,115,56,46,89,32" hai1="128,47,93,63,99,100,51,33,5,35,30,82,40" hai2="126,127,80,7,131,73,27,85,28,133,50,114,38" hai3="110,13,78,116,107,12,26,88,68,112,9,98,11"/><U16/><E128/><V31/><F38/><W58/><G68/><T48/><D115/><U54/><E5/><V60/><F131/><W15/><G112/><T119/><D119/><U62/><E30/><V69/><F114/><W124/><G110/><T102/><D32/><U109/><E109/><V67/><F73/><W104/><G116/><T22/><D105/><U113/><E113/><V57/><F7/><W45/><G124/><N who="2" m="47657" /><F133/><W14/><G104/><T84/><D102/><U122/><E122/><V34/><F31/><W61/><G107/><T20/><D56/><U125/><E125/><V53/><F80/><W117/><G26/><T123/><D123/><U72/><E35/><V49/><F85/><W0/><G0/><T4/><D46/><U71/><E33/><V29/><F29/><W3/><G3/><T130/><D130/><U65/><E82/><V37/><F50/><W52/><G117/><T39/><D39/><U36/><E72/><V55/><F55/><W10/><G45/><T118/><D118/><U97/><E97/><V132/><F37/><W70/><G70/><T23/><D23/><U121/><E121/><V96/><F96/><W134/><G134/><T111/><D111/><U103/><E103/><V75/><F75/><W86/><N who="3" m="3072" /><DORA hai="76" /><W25/><G25/><T91/><REACH who="0" step="1"/><D18/><REACH who="0" ten="205,240,290,235" step="2"/><U42/><E16/><V81/><F132/><W17/><G17/><T64/><D64/><N who="1" m="41367" /><E36/><V2/><F69/><W106/><G106/><T24/><D24/><U135/><E135/><V108/><F108/><W120/><G120/><T1/><AGARI ba="1,3" hai="1,4,8,20,21,22,43,44,48,83,84,89,90,91" machi="1" ten="30,7900,0" yaku="1,1,0,1,52,1,53,1" doraHai="74,76" doraHaiUra="6,129" who="0" fromWho="0" sc="205,112,240,-40,290,-21,235,-21" /><INIT seed="2,0,0,5,3,40" ten="317,200,269,214" oya="2" hai0="134,69,106,73,98,82,89,58,14,102,68,53,13" hai1="31,6,93,63,75,124,122,97,34,51,81,55,57" hai2="116,64,41,38,87,72,119,83,30,5,16,105,9" hai3="48,26,44,125,79,28,67,132,104,76,80,47,133"/><V49/><F105/><W71/><G104/><T96/><D134/><N who="3" m="51817" /><G125/><T74/><D74/><U33/><E124/><V45/><F30/><W130/><G130/><T8/><D13/><U24/><E122/><V18/><F64/><W59/><G71/><T60/><D73/><U20/><E6/><V21/><F72/><N who="3" m="43015" /><G79/><T100/><D89/><U15/><E15/><V115/><F38/><W36/><G36/><T78/><D82/><U7/><E7/><V52/><F41/><W91/><G91/><T99/><D78/><U46/><E81/><V1/><F115/><W70/><G70/><T108/><D108/><U84/><E84/><V135/><F135/><W54/><G67/><T50/><D60/><U121/><E121/><V120/><F120/><W94/><G94/><T92/><REACH who="0" step="1"/><D98/><REACH who="0" ten="307,200,269,214" step="2"/><U88/><REACH who="1" step="1"/><E75/><REACH who="1" ten="307,190,269,214" step="2"/><V66/><F83/><W127/><G127/><T112/><D112/><U61/><E61/><V95/><F87/><W25/><G25/><T113/><D113/><U42/><AGARI ba="0,2" hai="20,24,31,33,34,42,46,51,55,57,63,88,93,97" machi="42" ten="20,8000,1" yaku="1,1,0,1,7,1,52,1,54,1,53,0" doraHai="40" doraHaiUra="123" who="1" fromWho="1" sc="307,-20,190,100,269,-40,214,-20" /><INIT seed="3,0,0,1,2,66" ten="287,290,229,194" oya="3" hai0="41,91,26,14,23,13,5,93,96,90,6,15,32" hai1="56,42,50,24,74,109,79,68,82,115,135,129,64" hai2="62,4,57,43,83,77,39,54,63,9,46,104,80" hai3="88,21,16,126,11,123,100,107,122,101,53,58,102"/><W134/><G107/><T3/><D32/><U0/><E115/><V59/><F104/><W78/><G126/><T127/><D127/><U81/><E0/><V12/><REACH who="2" step="1"/><F77/><REACH who="2" ten="287,290,219,194" step="2"/><W128/><G78/><T10/><D6/><U1/><E79/><V94/><F94/><W108/><G108/><T130/><D130/><U44/><E82/><V19/><F19/><W36/><G128/><T60/><D5/><U85/><E81/><V55/><AGARI ba="0,1" hai="4,9,12,39,43,46,54,55,57,59,62,63,80,83" machi="55" ten="20,5200,0" yaku="1,1,0,1,7,1,9,1,53,0" doraHai="66" doraHaiUra="47" who="2" fromWho="2" sc="287,-13,290,-13,219,62,194,-26" /><INIT seed="4,0,0,1,0,13" ten="274,277,281,168" oya="0" hai0="95,88,2,22,62,87,41,64,37,96,91,1,127" hai1="54,82,26,27,14,44,42,66,31,72,134,34,30" hai2="100,90,76,117,36,58,25,10,102,120,114,122,52" hai3="104,74,65,81,124,103,40,106,60,110,80,59,116"/><T125/><D37/><U5/><E134/><V85/><F36/><W113/><G110/><T68/><D41/><U94/><E66/><V46/><F114/><W83/><G74/><T15/><D22/><U130/><E130/><V51/><F117/><W67/><G116/><T129/><D129/><U35/><E94/><V43/><F76/><W112/><G40/><T97/><D15/><U21/><E54/><V107/><F107/><N who="3" m="41003" /><G103/><T61/><D61/><U23/><E82/><V77/><F77/><W105/><N who="3" m="41011" /><W63/><DORA hai="135" /><G59/><T29/><D29/><U17/><E72/><V48/><F100/><W53/><G53/><T126/><D97/><U133/><E5/><V28/><F10/><W92/><G92/><AGARI ba="0,0" hai="1,2,62,64,68,87,88,91,92,95,96,125,126,127" machi="92" ten="40,12000,1" yaku="18,1,52,3,54,1" doraHai="13,135" who="0" fromWho="3" sc="274,120,277,0,281,0,168,-120" /><INIT seed="4,1,0,3,4,33" ten="394,277,281,48" oya="0" hai0="105,93,36,30,65,100,54,26,96,9,120,89,22" hai1="8,135,40,50,25,42,133,106,66,125,107,123,128" hai2="87,67,132,10,17,97,39,14,85,72,109,114,56" hai3="111,83,58,92,119,46,49,51,12,79,81,82,13"/><T126/><D120/><U129/><E8/><V55/><F109/><W127/><G111/><T23/><D36/><U31/><E123/><V47/><F72/><W104/><G104/><T38/><D38/><U103/><E66/><V117/><F114/><W28/><G127/><T52/><D126/><U19/><E19/><V101/><F132/><N who="1" m="50761" /><E125/><V61/><F117/><W45/><G79/><T21/><D9/><U94/><E94/><V75/><F75/><W80/><G119/><T115/><D115/><U48/><E103/><V124/><F124/><W113/><G28/><T62/><D89/><U69/><E69/><V71/><F47/><W98/><G58/><T84/><D84/><U6/><E6/><V37/><F39/><W0/><G0/><T131/><D93/><U68/><E68/><V70/><F37/><W91/><N who="3" m="20480" /><DORA hai="86" /><W15/><REACH who="3" step="1"/><G113/><REACH who="3" ten="394,277,281,38" step="2"/><T57/><D131/><N who="1" m="50251" /><E107/><V44/><F71/><W5/><G5/><T7/><D7/><U35/><E106/><V16/><F70/><W102/><G102/><T118/><D118/><U4/><E4/><V27/><F101/><W112/><G112/><T41/><REACH who="0" step="1"/><D41/><AGARI ba="1,1" hai="25,31,35,40,41,42,48,50" m="50251,50761" machi="41" ten="30,2000,0" yaku="20,1,19,1" doraHai="33,86" who="1" fromWho="0" sc="394,-23,277,33,281,0,38,0" /><INIT seed="5,0,0,3,0,104" ten="371,310,281,38" oya="1" hai0="15,75,81,69,108,82,26,22,96,122,107,58,91" hai1="28,21,33,17,117,39,51,92,78,20,25,46,23" hai2="65,50,66,63,62,70,135,84,95,30,40,18,45" hai3="126,19,48,24,130,36,52,87,61,116,0,102,35"/><U10/><E117/><V113/><F30/><W57/><G36/><T27/><D69/><U14/><E39/><V4/><F4/><W86/><G0/><T128/><D108/><U103/><E78/><V9/><F135/><W127/><G102/><T120/><D128/><U44/><E44/><V132/><F132/><W80/><G116/><T43/><D43/><U5/><E92/><V34/><F34/><W29/><G130/><T124/><D124/><U1/><REACH who="1" step="1"/><E103/><REACH who="1" ten="371,300,281,38" step="2"/><V59/><F95/><W106/><G106/><T94/><D107/><U99/><E99/><V56/><F113/><W79/><G19/><T72/><D120/><U90/><E90/><V98/><F98/><W55/><REACH who="3" step="1"/><G86/><REACH who="3" ten="371,300,281,28" step="2"/><T105/><D105/><U60/><E60/><V8/><F84/><W100/><G100/><T3/><D122/><U129/><E129/><V16/><F70/><W109/><G109/><T6/><D96/><U133/><E133/><V49/><F49/><W125/><G125/><T31/><D6/><U37/><E37/><V112/><F112/><W121/><G121/><T71/><D94/><U85/><E85/><V93/><F93/><W114/><G114/><T101/><D101/><U42/><AGARI ba="0,2" hai="1,5,10,14,17,20,21,23,25,28,33,42,46,51" machi="42" ten="20,12000,1" yaku="1,1,0,1,7,1,24,2,53,0" doraHai="104" doraHaiUra="77" who="1" fromWho="1" sc="371,-40,300,140,281,-40,28,-40" owari="331,13.0,440,54.0,241,-16.0,-12,-51.0" /></mjloggm>