<mjloggm ver="2.3"><GO type="169" lobby="0"/><UN n0="%E7%81%AB%E9%9C%8A%E5%A4%A2" n1="%E3%81%86%E3%81%AA%E3%81%8E%E9%BA%BA" n2="%74%75%6B%69%74%61%6E%31" n3="%4D%E6%9C%AC" dan="17,16,16,17" rate="2265.98,2049.48,2097.44,2188.04" sx="M,M,M,M"/><TAIKYOKU oya="0"/><INIT seed="0,0,0,1,4,68" ten="250,250,250,250" oya="0" hai0="92,114,81,44,65,107,54,30,97,26,132,51,129" hai1="76,47,73,108,83,36,89,131,13,133,61,62,38" hai2="29,50,124,99,2,75,66,112,34,91,12,0,17" hai3="121,46,23,33,128,59,120,1,79,52,21,116,126"/><T80/><D114/><U67/><E108/><V118/><F124/><W101/><G116/><T82/><D129/><U8/><E131/><V20/><F75/><W123/><G128/><T113/><D113/><U90/><E133/><V119/><F112/><W11/><G33/><T5/><D132/><U55/><E62/><V74/><F74/><W117/><G117/><T40/><D107/><U130/><E130/><V85/><F99/><W24/><G126/><T28/><D65/><U6/><E55/><V42/><F66/><W103/><G79/><T70/><D70/><U32/><E32/><V7/><F7/><N who="3" m="1519" /><G46/><T10/><D40/><U37/><REACH who="1" step="1"/><E47/><REACH who="1" ten="250,240,250,250" step="2"/><V57/><F34/><W31/><G23/><T18/><D54/><U102/><E102/><V63/><F63/><AGARI ba="0,1" hai="21,24,31,52,59,63,101,103,120,121,123" m="1519" machi="63" ten="30,2000,0" yaku="13,1,54,1" doraHai="68" who="3" fromWho="2" sc="250,0,240,0,250,-20,250,30" /><INIT seed="1,0,0,1,1,14" ten="250,240,230,280" oya="1" hai0="81,6,16,106,40,95,10,30,35,58,27,112,53" hai1="8,78,38,24,113,111,69,7,64,100,132,87,65" hai2="88,120,49,42,67,11,68,50,72,56,31,47,130" hai3="70,91,62,4,104,97,108,117,128,25,18,135,131"/><U98/><E113/><V84/><F120/><W77/><G108/><T19/><D106/><U99/><E38/><V44/><F72/><W94/><G135/><T13/><D112/><U129/><E132/><V33/><F130/><W0/><G117/><T28/><D40/><U52/><E129/><V41/><F68/><W46/><G77/><T73/><D28/><U57/><E69/><V37/><F33/><W119/><G119/><T15/><D95/><U127/><E127/><V9/><F31/><W122/><G122/><T89/><D15/><U63/><E111/><V82/><F37/><W61/><G104/><T21/><D35/><U32/><E87/><V39/><F39/><W107/><G107/><T110/><D110/><U20/><E78/><V86/><F86/><W5/><G46/><T34/><D34/><U121/><E32/><V96/><F96/><N who="1" m="36905" /><E100/><V29/><F29/><W114/><G114/><T17/><D73/><U71/><E71/><V123/><F123/><W23/><G70/><T90/><D81/><U133/><E133/><V124/><F124/><W3/><G131/><T55/><D55/><U115/><E115/><V109/><F109/><W43/><G43/><T54/><D54/><U2/><E121/><V59/><F67/><W79/><G79/><T12/><D12/><U118/><E118/><V36/><F36/><W85/><G97/><T60/><AGARI ba="0,0" hai="6,10,13,16,17,19,21,27,30,53,58,60,89,90" machi="60" ten="30,12000,2" yaku="0,1,8,1,52,3,54,1" doraHai="14" who="0" fromWho="0" sc="250,120,240,-60,230,-30,280,-30" /><INIT seed="2,0,0,4,2,113" ten="370,180,200,250" oya="2" hai0="74,85,112,35,94,129,43,58,97,98,5,47,93" hai1="108,90,52,123,53,41,31,130,115,59,33,134,37" hai2="49,28,26,13,124,51,60,84,135,3,106,1,39" hai3="10,30,61,9,68,96,78,103,71,6,11,24,27"/><V72/><F124/><W99/><G78/><T132/><D112/><U125/><E31/><V63/><F135/><W18/><G18/><T56/><D74/><U101/><E33/><V23/><F72/><W126/><G126/><T25/><D132/><U73/><E73/><V69/><F39/><W89/><G89/><T15/><D129/><U105/><E90/><V88/><F106/><W45/><G45/><T55/><D35/><U21/><E21/><V122/><F122/><W4/><G61/><T79/><D25/><U92/><E92/><V16/><F69/><W117/><G11/><T2/><D2/><U91/><E91/><V131/><F131/><W109/><G109/><T127/><D94/><U64/><E101/><V102/><F102/><W38/><G38/><T20/><D56/><U114/><E105/><V77/><F77/><W17/><G17/><N who="0" m="10303" /><D5/><U34/><E34/><V36/><F36/><W7/><G7/><T118/><D93/><U8/><E37/><V67/><F1/><W80/><G103/><T19/><D79/><U121/><E125/><V111/><F111/><W57/><G57/><T76/><D58/><U128/><E59/><N who="2" m="37279" /><F63/><W75/><G75/><T66/><D76/><U120/><E108/><V83/><F3/><W12/><G30/><T50/><D127/><U81/><E123/><V40/><F40/><W95/><G95/><T62/><D43/><U0/><E41/><V54/><F54/><W100/><G100/><T42/><D42/><U87/><E134/><V48/><F28/><W32/><G32/><T119/><D62/><U82/><E130/><RYUUKYOKU ba="0,0" sc="370,-10,180,-10,200,30,250,-10" hai2="13,16,23,26,48,49,51,83,84,88" /><INIT seed="2,1,0,3,5,66" ten="360,170,230,240" oya="2" hai0="102,100,122,80,126,17,12,119,118,111,25,134,112" hai1="86,93,82,72,121,99,36,56,33,64,131,3,106" hai2="92,120,6,10,8,58,88,46,13,71,114,39,89" hai3="7,108,30,21,74,20,94,9,27,128,73,61,47"/><V40/><F114/><W42/><G108/><T116/><D112/><U22/><E33/><V68/><F120/><W81/><G128/><T55/><D122/><U129/><E36/><V87/><F58/><W95/><G61/><T59/><D111/><U133/><E3/><V35/><F35/><W125/><G125/><T97/><D126/><U103/><E133/><V96/><REACH who="2" step="1"/><F10/><REACH who="2" ten="360,170,220,240" step="2"/><W5/><G9/><T16/><D134/><U60/><E121/><V77/><F77/><W76/><G76/><T32/><D32/><U52/><E131/><V135/><F135/><W117/><G21/><N who="0" m="13487" /><D116/><U63/><E129/><V4/><F4/><W113/><G7/><T101/><D118/><U45/><E45/><V132/><F132/><W75/><G5/><T78/><D119/><U110/><E110/><V90/><F90/><W14/><G113/><T11/><D78/><U34/><E34/><V24/><F24/><W67/><G117/><T105/><D101/><U44/><E44/><V109/><F109/><W43/><G47/><T31/><D102/><U83/><E22/><V18/><F18/><W85/><G20/><T91/><D91/><U51/><E103/><V53/><F53/><W57/><G27/><T84/><D55/><U79/><E52/><V130/><F130/><W48/><G57/><T2/><D59/><U0/><E56/><V127/><F127/><W98/><G43/><T1/><D31/><U49/><E79/><V26/><F26/><W37/><G30/><T41/><D41/><U115/><E115/><V19/><F19/><W15/><G42/><T123/><D123/><RYUUKYOKU ba="1,1" sc="360,15,170,-15,220,15,240,-15" hai0="1,2,11,12,16,80,84,97,100,105" hai2="6,8,13,39,40,46,68,71,87,88,89,92,96" /><INIT seed="2,2,1,1,5,76" ten="375,155,235,225" oya="2" hai0="128,104,102,22,16,34,13,37,131,5,124,99,21" hai1="120,12,108,26,19,63,7,97,135,86,8,47,85" hai2="24,35,118,98,48,10,2,126,92,74,17,36,121" hai3="44,114,113,130,111,83,64,14,59,105,73,65,50"/><V9/><F118/><W122/><G105/><T46/><D34/><U31/><E108/><V82/><F121/><W79/><G122/><T115/><D115/><N who="3" m="44041" /><G111/><T87/><D124/><U52/><E135/><V18/><F126/><W107/><G107/><T38/><D5/><U55/><E120/><V49/><F36/><W72/><G72/><T1/><D1/><U11/><E97/><V51/><F35/><W119/><G119/><T20/><D87/><U78/><E63/><V66/><F66/><W127/><G127/><T88/><D88/><U68/><E68/><V134/><F134/><W75/><G75/><T62/><D62/><U39/><E39/><N who="0" m="14857" /><D46/><U110/><E110/><V95/><F2/><W109/><G109/><T77/><D77/><U60/><E60/><V41/><F41/><N who="3" m="24847" /><G130/><AGARI ba="2,1" hai="13,16,20,21,22,99,102,104,128,130,131" m="14857" machi="130" ten="30,2000,0" yaku="19,1,54,1" doraHai="76" who="0" fromWho="3" sc="375,36,155,0,235,0,225,-26" /><INIT seed="3,0,0,0,5,6" ten="411,155,235,199" oya="3" hai0="58,45,38,73,115,28,82,41,108,51,40,0,23" hai1="20,49,42,117,59,128,48,44,54,32,119,43,124" hai2="103,91,4,121,111,76,70,88,55,87,69,107,80" hai3="62,30,132,63,29,93,56,104,74,95,101,11,61"/><W22/><G74/><T129/><D108/><U52/><E32/><V12/><F111/><W64/><G132/><T100/><D129/><U84/><E84/><V46/><F121/><W72/><G72/><T130/><D130/><U125/><E128/><V21/><F107/><W16/><G104/><T134/><D134/><U31/><E31/><N who="3" m="11786" /><G11/><T25/><D100/><U120/><E20/><V35/><F103/><W34/><G34/><T17/><D115/><U92/><E92/><N who="3" m="35402" /><G101/><T5/><D40/><N who="1" m="15403" /><E120/><V109/><F35/><W78/><G78/><N who="0" m="44367" /><D28/><U18/><E18/><V27/><F109/><W85/><G85/><T60/><D0/><U3/><E3/><V90/><F76/><W13/><AGARI ba="0,0" hai="13,16,22,56,61,62,63,64" m="35402,11786" machi="13" ten="30,3000,0" yaku="8,1,54,1" doraHai="6" who="3" fromWho="3" sc="411,-10,155,-10,235,-10,199,30" /><INIT seed="3,1,0,0,1,131" ten="401,145,225,229" oya="3" hai0="84,6,31,18,61,57,117,90,121,87,36,63,97" hai1="29,94,62,92,7,14,53,32,2,47,110,95,127" hai2="93,75,112,126,17,104,13,44,54,51,99,72,122" hai3="58,64,66,10,16,0,106,74,50,70,123,105,35"/><W34/><G123/><T98/><D117/><U108/><E2/><V79/><F112/><W96/><G74/><T46/><D121/><U43/><E127/><V15/><F126/><W42/><G70/><T114/><D114/><U19/><E7/><V111/><F111/><N who="1" m="42537" /><E29/><V135/><F104/><W49/><G0/><T86/><D6/><U24/><E24/><V71/><F71/><W82/><G82/><T27/><D36/><U12/><E32/><V65/><F65/><W88/><G35/><T4/><D4/><U60/><E53/><V39/><F39/><W33/><G33/><T78/><D78/><U67/><E19/><V41/><F122/><W5/><G34/><T116/><D18/><U91/><E91/><V80/><F41/><W59/><G5/><T26/><D90/><U21/><E21/><V23/><F13/><N who="1" m="5225" /><E67/><V37/><F37/><AGARI ba="1,0" hai="37,43,47,60,62,92,94,95" m="5225,42537" machi="37" ten="30,1000,0" yaku="14,1" doraHai="131" who="1" fromWho="2" sc="401,0,145,13,225,-13,229,0" /><INIT seed="4,0,0,4,2,26" ten="401,158,212,229" oya="0" hai0="25,35,74,97,30,17,104,100,126,68,7,79,4" hai1="0,84,96,110,108,134,3,133,56,43,37,111,98" hai2="70,106,1,34,92,116,14,89,46,109,91,102,113" hai3="117,119,130,8,50,61,122,59,76,29,75,48,83"/><T101/><D101/><U112/><E84/><V19/><F109/><W65/><G130/><T2/><D126/><U77/><E77/><V12/><F113/><W40/><G122/><T57/><D17/><U10/><E56/><V62/><F1/><W13/><G29/><T31/><D57/><U15/><E43/><V16/><F34/><W36/><G36/><T105/><D105/><U118/><E37/><V32/><F32/><W131/><G131/><T52/><D31/><U51/><E51/><V27/><F70/><W93/><G93/><T95/><D95/><U5/><E98/><V47/><F27/><W23/><G23/><T45/><D2/><N who="1" m="555" /><E96/><V6/><F6/><W69/><G50/><T73/><D73/><U28/><E118/><V54/><F62/><W115/><G115/><T66/><D79/><U123/><E123/><V88/><F106/><W94/><G94/><T21/><D74/><U86/><E86/><V39/><F39/><W18/><REACH who="3" step="1"/><G40/><REACH who="3" ten="401,158,212,219" step="2"/><T80/><D104/><U135/><E28/><V9/><F92/><W63/><G63/><T114/><D30/><U81/><E81/><V129/><F129/><W42/><G42/><T125/><D80/><U53/><E112/><V78/><F102/><W107/><G107/><T99/><D100/><U72/><E72/><V124/><F116/><W33/><G33/><T55/><D35/><U41/><E41/><V85/><F85/><W103/><G103/><T44/><D114/><U20/><E20/><V11/><F124/><W58/><G58/><T71/><D21/><U121/><E121/><V120/><F120/><RYUUKYOKU ba="0,1" sc="401,-15,158,15,212,-15,219,15" hai1="5,10,15,53,108,110,111,133,134,135" hai3="8,13,18,48,59,61,65,69,75,76,83,117,119" /><INIT seed="5,1,1,0,4,31" ten="386,173,197,234" oya="1" hai0="69,19,73,108,135,91,28,47,81,127,102,27,7" hai1="15,67,92,78,72,80,26,74,118,64,41,71,13" hai2="12,94,126,133,43,101,10,117,124,130,123,11,128" hai3="55,129,60,57,25,29,66,4,16,39,58,96,134"/><U109/><E118/><V93/><F117/><W20/><G129/><N who="2" m="49769" /><F123/><W106/><G134/><T75/><D108/><U3/><E3/><V83/><F43/><W120/><G120/><T30/><D69/><U119/><E119/><V113/><F133/><W1/><G39/><T35/><D135/><U77/><E41/><V46/><F46/><W70/><G4/><T52/><D127/><N who="2" m="48682" /><F83/><W32/><G1/><T51/><D102/><U89/><E109/><V6/><F101/><N who="3" m="62759" /><G55/><T2/><D30/><U34/><E67/><V42/><F42/><W22/><G22/><T132/><D132/><U111/><E64/><V5/><F113/><W82/><G82/><T14/><D7/><U87/><E80/><V48/><F48/><W68/><G68/><T76/><D2/><AGARI ba="1,1" hai="2,5,6,10,11,12,93,94" m="48682,49769" machi="2" ten="30,2000,0" yaku="19,1,18,1" doraHai="31" who="2" fromWho="0" sc="386,-23,173,0,197,33,234,0" /><INIT seed="6,0,0,1,0,101" ten="363,173,230,234" oya="2" hai0="67,135,59,75,26,22,32,62,53,15,65,13,9" hai1="29,117,55,103,45,87,81,38,93,43,48,105,11" hai2="131,127,52,63,115,97,58,71,124,20,73,99,83" hai3="24,129,30,94,112,111,2,10,89,51,95,79,116"/><V33/><F115/><W3/><G111/><T91/><D32/><U98/><E117/><V69/><F131/><W27/><G116/><T113/><D113/><U17/><E29/><V80/><F33/><W125/><G112/><T6/><D75/><U120/><E120/><V108/><F108/><W128/><G125/><T36/><D36/><U8/><E93/><V107/><F73/><W123/><G123/><T82/><D15/><U114/><E114/><V102/><F20/><W130/><G79/><T14/><D14/><U57/><REACH who="1" step="1"/><E17/><REACH who="1" ten="363,163,230,234" step="2"/><V40/><F124/><W0/><G95/><T5/><D135/><U16/><E16/><V84/><F127/><W61/><G30/><N who="0" m="17751" /><D5/><U66/><E66/><V21/><F83/><W134/><G134/><T42/><D65/><U106/><E106/><V132/><F132/><W119/><G119/><T37/><D67/><U104/><E104/><V19/><F107/><W77/><G94/><T28/><D28/><U25/><E25/><V118/><F80/><W72/><G27/><T78/><D82/><U12/><E12/><V90/><F19/><W100/><G24/><T133/><D133/><U60/><E60/><V4/><F63/><W74/><G61/><T7/><D7/><U1/><E1/><V47/><F4/><W76/><G130/><T34/><D13/><U88/><AGARI ba="0,1" hai="8,11,38,43,45,48,55,57,81,87,88,98,103,105" machi="88" ten="20,12000,2" yaku="1,1,0,1,7,1,52,1,54,1,53,1" doraHai="101" doraHaiUra="49" who="1" fromWho="1" sc="363,-30,163,130,230,-60,234,-30" /><INIT seed="7,0,0,2,5,79" ten="333,293,170,204" oya="3" hai0="34,131,104,96,26,90,68,85,95,125,80,44,101" hai1="8,133,67,23,52,91,16,19,83,55,46,123,5" hai2="97,12,47,86,42,134,4,66,14,30,74,129,94" hai3="81,39,6,27,115,92,112,126,7,114,103,36,100"/><W108/><G126/><T20/><D125/><U11/><E123/><V45/><F134/><W65/><G65/><T76/><D131/><U50/><E133/><V106/><F129/><W18/><G108/><T61/><D34/><U88/><E67/><V128/><F128/><W107/><G107/><T78/><D68/><U24/><E5/><N who="3" m="1546" /><G92/><T71/><D71/><U110/><E110/><V124/><F124/><W33/><G81/><T105/><D61/><U120/><E120/><V121/><F74/><W40/><G40/><T59/><D59/><U113/><E113/><V2/><F121/><W53/><G53/><T60/><D60/><U130/><E130/><V87/><F66/><W73/><G73/><T116/><D116/><U64/><E64/><V75/><F75/><W49/><G49/><T43/><D105/><U1/><E1/><V99/><F30/><N who="3" m="19679" /><G18/><N who="0" m="12567" /><D104/><U82/><E55/><V35/><F106/><W127/><G127/><T77/><D43/><U111/><E111/><V15/><F42/><W89/><G89/><N who="1" m="34378" /><E19/><V118/><F118/><W98/><G98/><T32/><D44/><U69/><E69/><V122/><F97/><W41/><G41/><T63/><D63/><U21/><E21/><V56/><F122/><W119/><G119/><T28/><D32/><U10/><AGARI ba="0,0" hai="8,10,11,16,23,24,46,50,52,82,83" m="34378" machi="10" ten="30,12000,2" yaku="8,1,52,2,54,3" doraHai="79" who="1" fromWho="1" sc="333,-30,293,120,170,-30,204,-60" owari="303,10.0,413,52.0,140,-36.0,144,-26.0" /></mjloggm>