<mjloggm ver="2.3"><GO type="225" lobby="0"/><UN n0="%E5%8D%A0%E3%81%84%E5%B8%AB%E8%A3%8F%E3%81%AA%E3%81%84%E3%81%97" n1="%E6%97%A5%E6%9B%9C%E6%97%A5%E3%82%88%E3%82%8A%E3%81%AE%E4%BD%BF%E8%80%85" n2="%E3%83%A9%E3%83%96%E3%83%AC%E3%83%BC" n3="%48%61%61%61%6C%61%6E%64" dan="16,16,17,17" rate="2188.55,2091.51,2240.82,2157.95" sx="M,M,M,M"/><TAIKYOKU oya="0"/><INIT seed="0,0,0,1,2,4" ten="250,250,250,250" oya="0" hai0="56,48,61,16,30,41,9,54,110,79,97,126,96" hai1="43,85,115,34,36,24,62,80,112,104,35,26,14" hai2="51,1,90,105,46,39,93,75,0,52,99,5,45" hai3="114,98,49,65,127,38,125,21,55,91,42,32,57"/><T60/><D126/><N who="3" m="48137" /><G32/><T102/><D30/><U130/><E104/><V3/><F105/><W72/><G72/><T7/><D110/><U20/><E62/><V67/><F67/><W12/><G114/><N who="1" m="43562" /><E43/><V87/><F75/><W53/><G38/><T28/><D28/><U89/><E36/><V40/><REACH who="2" step="1"/><F99/><REACH who="2" ten="250,250,240,250" step="2"/><W77/><G98/><T47/><D97/><U103/><E130/><V33/><F33/><W101/><G65/><T108/><D108/><U37/><E34/><V111/><F111/><W95/><G101/><T119/><D119/><U74/><E35/><V50/><F50/><W23/><G49/><T92/><D79/><N who="1" m="44151" /><E37/><V58/><F58/><W120/><G57/><T133/><D133/><U113/><E103/><V18/><F18/><W117/><G117/><T68/><D68/><U118/><E118/><V76/><F76/><W13/><G77/><T122/><D122/><U44/><E113/><V19/><F19/><W6/><G120/><T15/><REACH who="0" step="1"/><D16/><REACH who="0" ten="240,250,240,250" step="2"/><N who="1" m="10263" /><E44/><V84/><F84/><W123/><G123/><T94/><D94/><AGARI ba="0,2" hai="24,26,85,89,94" m="10263,44151,43562" machi="94" ten="30,2000,0" yaku="11,1,54,1" doraHai="4" who="1" fromWho="0" sc="240,-20,250,40,240,0,250,0" /><INIT seed="1,0,0,5,4,128" ten="220,290,240,250" oya="1" hai0="78,111,71,91,44,38,69,118,42,99,109,100,83" hai1="31,2,131,90,92,53,19,4,46,6,94,135,115" hai2="114,123,132,125,55,116,102,88,120,13,68,17,86" hai3="75,18,43,58,117,28,54,107,24,26,50,65,7"/><U93/><E115/><V89/><F68/><W124/><G124/><T127/><D91/><U45/><E131/><V87/><F125/><W61/><G117/><T9/><D118/><U66/><E2/><V79/><F116/><W113/><G113/><T3/><D127/><U34/><E66/><V72/><F72/><W41/><G75/><N who="0" m="43487" /><D99/><U103/><E103/><V60/><F102/><W52/><G107/><T134/><D100/><U82/><E31/><V20/><F79/><W62/><G7/><N who="0" m="1279" /><D134/><U56/><E135/><V95/><F114/><W11/><G11/><T108/><AGARI ba="0,0" hai="38,42,44,69,71,108,109,111" m="1279,43487" machi="108" ten="30,4000,0" yaku="25,1,14,1,23,1" doraHai="128" who="0" fromWho="0" sc="220,40,290,-20,240,-10,250,-10" /><INIT seed="2,0,0,0,2,99" ten="260,270,230,240" oya="2" hai0="114,96,26,70,53,117,49,90,33,28,135,38,127" hai1="68,10,69,3,61,91,58,48,121,23,40,80,2" hai2="14,120,84,6,128,75,131,57,25,115,47,89,76" hai3="46,11,7,27,82,110,130,0,17,62,37,107,21"/><V104/><F120/><W59/><G110/><T113/><D127/><U123/><E23/><V125/><F125/><W126/><G126/><T36/><D70/><N who="1" m="27243" /><E10/><N who="2" m="4439" /><F104/><W34/><G130/><N who="2" m="49705" /><F115/><W63/><G107/><T86/><D135/><U60/><E2/><V15/><F47/><W74/><G34/><T16/><D117/><U79/><E3/><V77/><F75/><W100/><G100/><T129/><D129/><U87/><E79/><N who="2" m="30283" /><F57/><W109/><G74/><T116/><D116/><U12/><E58/><V118/><F118/><W45/><G59/><T13/><D114/><U134/><E134/><V98/><F98/><W108/><G108/><T73/><D96/><U106/><E106/><V78/><N who="2" m="30291" /><V93/><DORA hai="65" /><F15/><W88/><G109/><T92/><D73/><U105/><E105/><V52/><F52/><W22/><G0/><T122/><D113/><U51/><E12/><V102/><F25/><W19/><G45/><T72/><D72/><U119/><E119/><V1/><F1/><W66/><G46/><T55/><D55/><U85/><E85/><V8/><F8/><W42/><G11/><T64/><D64/><U43/><E43/><V56/><F56/><W44/><G66/><T31/><D53/><U50/><E40/><V71/><F71/><W81/><G7/><T111/><D111/><U29/><E29/><V133/><F133/><W41/><G41/><T30/><D30/><U94/><E123/><V103/><AGARI ba="0,0" hai="84,89,93,102,103" m="30291,49705,4439" machi="103" ten="40,7800,0" yaku="19,1,52,2" doraHai="99,65" who="2" fromWho="2" sc="260,-26,270,-26,230,78,240,-26" /><INIT seed="2,1,0,4,4,88" ten="234,244,308,214" oya="2" hai0="86,20,43,84,6,72,114,134,2,34,46,89,85" hai1="30,108,63,13,82,110,131,69,47,48,87,7,22" hai2="121,66,100,39,65,119,17,91,49,104,128,127,26" hai3="77,61,14,45,132,24,98,116,59,33,5,109,23"/><V44/><F121/><W15/><G116/><T29/><D114/><U133/><E131/><V78/><F119/><W36/><G109/><N who="1" m="42090" /><E133/><V80/><F39/><W90/><G132/><T107/><D107/><U58/><E69/><V32/><F91/><W94/><G33/><T56/><D134/><U55/><E30/><V57/><F57/><W19/><G77/><T76/><D34/><U51/><E47/><V102/><F127/><W79/><G79/><T126/><D126/><U95/><E95/><V124/><F124/><W27/><G36/><T129/><D129/><U25/><E7/><V73/><F128/><W130/><G45/><T105/><D105/><U16/><E25/><V123/><F123/><W115/><G115/><T62/><D72/><U12/><E13/><V8/><F32/><W125/><G130/><T50/><D76/><AGARI ba="1,0" hai="12,16,22,48,51,55,58,63,76,82,87" m="42090" machi="76" ten="30,2000,0" yaku="14,1,54,1" doraHai="88" who="1" fromWho="0" sc="234,-23,244,23,308,0,214,0" /><INIT seed="3,0,0,5,1,123" ten="211,267,308,214" oya="3" hai0="27,101,64,127,94,77,133,80,86,17,42,92,0" hai1="39,66,96,81,22,37,130,3,6,84,24,18,65" hai2="131,49,97,32,68,12,122,15,34,79,70,41,60" hai3="16,100,109,120,38,90,21,91,105,25,117,23,129"/><W9/><G120/><T88/><D127/><U87/><E130/><V128/><F122/><W73/><G117/><T56/><D0/><U103/><E6/><V89/><F60/><W59/><G129/><T33/><D133/><U132/><E3/><V74/><F97/><W2/><G73/><T93/><D42/><U115/><E115/><V53/><F41/><W36/><G109/><T54/><D64/><U5/><E5/><V51/><F79/><W10/><G2/><T52/><D101/><U71/><E132/><V40/><F40/><W35/><G35/><T98/><D54/><U134/><E134/><V4/><F4/><W28/><G59/><T43/><D43/><U11/><E11/><V58/><F89/><W107/><G28/><T69/><D69/><U26/><E26/><V121/><F121/><W113/><G113/><T76/><D76/><U13/><E24/><V102/><F58/><W47/><G47/><T14/><D33/><U75/><E75/><V119/><F74/><W29/><G29/><T67/><D67/><U19/><E19/><V126/><F53/><W44/><G44/><T61/><D27/><U104/><E87/><V20/><F102/><W7/><G7/><T114/><D114/><U108/><E108/><V110/><F110/><W72/><G72/><T55/><D55/><U95/><E71/><V124/><F119/><W1/><G1/><T50/><D61/><U125/><E65/><V85/><F85/><W63/><G63/><T82/><D82/><U106/><E66/><V78/><F78/><W30/><G25/><T48/><D48/><RYUUKYOKU ba="0,0" sc="211,15,267,-15,308,15,214,-15" hai0="14,17,50,52,56,77,80,86,88,92,93,94,98" hai2="12,15,20,32,34,49,51,68,70,124,126,128,131" owari="226,-17.0,252,5.0,323,42.0,199,-30.0" /></mjloggm>