<mjloggm ver="2.3"><GO type="169" lobby="0"/><UN n0="%E5%89%AF%E6%96%99%E7%90%86%E9%95%B7" n1="%63%68%69%73%73" n2="%E6%BB%9D%E6%9C%AC%E3%81%B2%E3%81%B5%E3%81%BF%EF%BC%81" n3="%63%68%69%62%61%6F%6C%65" dan="16,17,17,16" rate="2069.10,2120.96,2193.69,2031.27" sx="M,M,M,F"/><TAIKYOKU oya="0"/><INIT seed="0,0,0,5,1,135" ten="250,250,250,250" oya="0" hai0="76,30,86,120,54,19,69,58,90,68,83,112,105" hai1="41,131,127,53,121,91,88,35,15,84,106,62,73" hai2="36,102,101,80,109,65,133,16,33,40,70,128,125" hai3="115,63,66,4,0,110,7,48,27,114,13,98,51"/><T92/><D105/><U5/><E121/><V26/><F109/><W97/><G0/><T12/><D30/><U37/><E73/><V79/><F128/><W46/><G27/><T134/><D134/><U1/><E1/><V21/><F133/><W64/><G63/><T6/><D6/><U10/><E131/><V71/><F36/><W116/><G46/><T34/><D34/><U108/><E108/><V126/><F40/><W99/><G110/><T107/><D107/><U124/><E106/><V23/><F23/><W17/><G17/><T47/><D47/><N who="1" m="23983" /><E35/><V118/><F33/><W55/><G55/><T95/><D95/><U49/><E84/><V119/><F101/><W45/><G45/><T78/><D78/><U42/><E42/><V31/><F102/><W81/><G81/><T2/><D2/><U32/><E62/><N who="2" m="40247" /><F71/><W130/><G130/><T132/><D120/><U67/><E67/><N who="3" m="25642" /><G13/><T44/><D44/><N who="1" m="27815" /><E32/><V28/><F28/><W14/><G14/><T43/><D43/><U24/><E24/><V22/><F22/><W129/><G129/><T123/><D123/><U103/><E103/><V29/><F29/><W59/><G7/><T9/><D132/><U77/><E77/><V8/><F8/><W72/><G4/><T52/><D54/><U61/><E61/><V122/><F31/><W100/><G100/><T57/><D57/><U94/><E94/><V56/><F56/><W85/><G59/><T104/><D104/><U38/><E38/><V11/><F11/><W20/><G51/><T117/><D69/><U111/><E111/><V82/><F122/><RYUUKYOKU ba="0,0" sc="250,-10,250,30,250,-10,250,-10" hai1="5,10,15,88,91,124,127" /><INIT seed="1,1,0,4,0,120" ten="240,280,240,240" oya="1" hai0="89,121,76,69,3,107,23,21,56,128,117,35,133" hai1="45,98,43,129,102,119,33,75,2,30,118,130,55" hai2="12,27,82,1,87,92,37,40,20,113,77,103,51" hai3="19,90,22,62,94,31,16,28,6,24,48,71,126"/><U66/><E2/><V18/><F37/><W108/><G126/><T57/><D89/><U11/><E55/><V112/><F1/><W132/><G132/><T81/><D81/><U101/><E11/><V72/><F40/><W116/><G116/><T70/><D76/><U68/><E75/><V111/><F51/><W36/><G36/><T74/><D74/><U10/><E10/><V44/><F44/><W63/><G6/><T8/><D8/><U38/><E102/><V52/><F52/><W114/><G114/><N who="2" m="44137" /><F12/><W73/><G71/><T64/><D3/><U49/><E49/><V34/><F34/><W95/><G73/><T65/><D107/><U46/><E46/><V25/><F25/><W15/><G94/><T79/><D79/><U39/><E39/><V80/><F92/><W104/><G104/><T91/><D35/><U32/><E32/><V84/><F103/><W125/><G125/><T93/><D93/><U67/><E67/><V53/><F53/><W5/><G5/><T41/><D41/><U88/><E118/><V60/><F60/><W134/><G63/><T29/><D117/><U135/><E119/><V0/><F0/><W26/><G15/><T61/><D61/><N who="1" m="40015" /><E101/><V4/><F4/><W131/><G62/><T97/><D70/><U54/><E54/><V47/><F47/><W127/><G48/><T96/><D96/><U105/><BYE who="0" /><E105/><V86/><F80/><W110/><G127/><T124/><D124/><U78/><E33/><V13/><F13/><W83/><G26/><T85/><D85/><N who="2" m="21762" /><V14/><DORA hai="122" /><F14/><W58/><G24/><RYUUKYOKU ba="1,0" sc="240,-10,280,-10,240,30,240,-10" hai2="18,20,27,72,77,82,111" /><INIT seed="2,2,0,2,2,106" ten="230,270,270,230" oya="2" hai0="30,116,21,133,18,121,73,43,36,24,45,83,26" hai1="27,122,66,80,85,132,108,101,1,91,65,51,11" hai2="64,96,60,20,5,28,88,29,114,15,58,0,54" hai3="113,87,3,109,52,117,112,78,47,99,33,93,37"/><V95/><F0/><UN n0="%E5%89%AF%E6%96%99%E7%90%86%E9%95%B7" /><W25/><G117/><T70/><D121/><U6/><E108/><V135/><F114/><N who="3" m="44139" /><G3/><T82/><D133/><U131/><E131/><V62/><F135/><W104/><G109/><T63/><D116/><U68/><E132/><V46/><F46/><W125/><G37/><T17/><D17/><U44/><E122/><V134/><F134/><W67/><G67/><T49/><D36/><U41/><E68/><V32/><F32/><W38/><G38/><T2/><D2/><U76/><E101/><V57/><REACH who="2" step="1"/><F20/><REACH who="2" ten="230,270,260,230" step="2"/><W84/><G33/><T127/><D21/><U10/><E1/><V74/><F74/><W105/><G125/><T123/><D73/><U79/><E44/><V130/><F130/><W120/><G47/><T118/><D45/><U7/><E41/><V61/><F61/><W89/><G120/><T35/><D43/><U86/><E51/><V115/><F115/><W81/><G25/><T71/><D63/><U4/><E27/><V124/><F124/><W102/><G52/><T14/><D127/><U59/><E66/><V12/><F12/><W107/><AGARI ba="2,1" hai="78,81,84,87,89,93,99,102,104,105,107" m="44139" machi="107" ten="30,4000,0" yaku="11,1,34,2" doraHai="106" who="3" fromWho="3" sc="230,-12,270,-12,260,-22,230,56" /><INIT seed="3,0,0,3,1,6" ten="218,258,238,286" oya="3" hai0="14,18,48,7,126,131,2,57,94,103,42,74,111" hai1="68,114,35,117,105,97,101,98,63,25,15,125,58" hai2="52,124,61,60,119,44,5,128,73,49,39,127,85" hai3="9,87,23,17,55,34,43,93,102,91,92,76,38"/><W36/><G34/><T47/><D74/><U121/><E125/><N who="2" m="48203" /><F73/><W66/><G66/><T26/><D126/><U22/><E117/><V75/><F75/><W64/><G64/><T96/><D111/><U116/><E116/><V83/><F119/><W107/><G76/><T13/><D131/><U129/><E114/><V86/><F86/><W4/><G107/><T27/><D2/><U24/><E121/><V16/><F5/><W19/><G43/><T69/><D69/><U104/><E129/><V84/><F84/><W30/><G30/><T45/><D57/><U106/><E25/><V67/><F39/><W108/><G108/><T100/><D100/><U72/><E72/><V122/><F128/><W3/><G55/><T51/><D7/><U41/><E68/><V82/><F82/><W31/><G31/><T40/><REACH who="0" step="1"/><D14/><REACH who="0" ten="208,258,238,286" step="2"/><U37/><E101/><V135/><F122/><W99/><REACH who="3" step="1"/><G19/><REACH who="3" ten="208,258,238,276" step="2"/><T46/><D46/><U120/><E120/><V28/><F28/><W115/><G115/><T95/><D95/><U53/><E105/><V54/><F16/><W33/><G33/><T90/><D90/><U80/><E104/><V71/><F44/><W132/><G132/><T78/><D78/><U134/><E35/><V29/><F29/><W89/><G89/><T12/><D12/><AGARI ba="0,2" hai="3,4,9,12,17,23,36,38,87,91,92,93,99,102" machi="12" ten="30,12000,1" yaku="1,1,7,1,52,1,53,2" doraHai="6" doraHaiUra="88" who="3" fromWho="0" sc="208,-120,258,0,238,0,276,140" /><INIT seed="3,1,0,3,0,46" ten="88,258,238,416" oya="3" hai0="56,71,33,38,21,81,103,110,7,65,117,116,13" hai1="105,86,48,102,75,108,10,50,80,42,97,28,79" hai2="60,66,119,115,39,6,123,132,44,54,2,130,78" hai3="111,25,30,126,129,83,122,84,41,14,62,104,23"/><W51/><G104/><T124/><D33/><U8/><E108/><V87/><F115/><W98/><G122/><T91/><D38/><U5/><E42/><V121/><F119/><W61/><G126/><T43/><D71/><U68/><E68/><V128/><F78/><W15/><G129/><N who="2" m="49769" /><F87/><W9/><G111/><T19/><D43/><U77/><E28/><V72/><F72/><W113/><G98/><T107/><D124/><U1/><E10/><N who="2" m="2391" /><F132/><W70/><G15/><T64/><D110/><U109/><E109/><V12/><F12/><W82/><G70/><T58/><D107/><U36/><E36/><V93/><F93/><W69/><G83/><T34/><D13/><U32/><E32/><V27/><F27/><W92/><G92/><T57/><D103/><U135/><E135/><V74/><F74/><W76/><G69/><T16/><D34/><U89/><E79/><V49/><F39/><W24/><G24/><T35/><D35/><U112/><E112/><V101/><F101/><W99/><G99/><T118/><D7/><U106/><E106/><V125/><F125/><W63/><G113/><T4/><D4/><U3/><E3/><V31/><F31/><W85/><G85/><T88/><D21/><U114/><E114/><V11/><F11/><W17/><G41/><T100/><D100/><U40/><E40/><V20/><F20/><W95/><G95/><AGARI ba="1,0" hai="1,5,8,48,50,75,77,80,86,89,95,97,102,105" machi="95" ten="30,8000,1" yaku="7,1,24,2,52,2" doraHai="46" who="1" fromWho="3" sc="88,0,258,83,238,0,416,-83" /><INIT seed="4,0,0,3,2,131" ten="88,341,238,333" oya="0" hai0="27,120,83,107,99,68,70,62,115,53,112,37,54" hai1="38,114,66,67,16,18,26,74,133,110,29,81,23" hai2="50,0,14,117,90,19,57,96,88,31,109,20,39" hai3="101,76,3,45,104,108,124,28,80,105,1,8,116"/><T87/><D37/><U98/><E110/><V2/><F39/><W130/><G108/><T51/><D120/><U122/><E122/><V64/><F109/><W128/><G116/><T92/><D107/><U61/><E38/><V10/><F117/><W56/><G28/><T121/><D27/><U127/><E127/><V65/><F0/><W13/><G124/><T72/><D72/><U111/><E111/><V49/><F2/><W25/><G25/><T32/><D32/><U82/><E74/><V123/><F123/><W119/><G119/><T41/><D41/><U106/><E114/><N who="0" m="43561" /><D121/><U48/><E106/><V11/><F31/><W118/><G3/><T85/><D62/><U91/><E48/><N who="2" m="18539" /><F90/><W35/><G1/><T125/><D125/><U97/><E91/><V17/><F57/><W77/><G45/><N who="0" m="27887" /><D54/><U47/><E47/><V69/><F69/><N who="0" m="26730" /><D83/><U52/><E52/><V36/><F36/><W43/><G80/><T78/><D78/><N who="3" m="30313" /><G43/><T42/><D42/><U63/><E26/><N who="2" m="14607" /><F10/><W59/><G35/><T58/><D58/><N who="3" m="22057" /><G105/><T40/><D40/><U5/><E29/><V79/><F79/><W12/><G104/><T15/><D15/><U95/><E67/><V135/><F64/><W129/><G118/><T22/><D22/><U4/><E66/><V55/><F55/><W73/><G73/><T132/><D132/><U30/><E23/><V9/><F65/><W7/><G13/><T103/><AGARI ba="0,0" hai="85,87,92,99,103" m="26730,27887,43561" machi="103" ten="30,1500,0" yaku="15,1" doraHai="131" who="0" fromWho="0" sc="88,15,341,-5,238,-5,333,-5" /><INIT seed="4,1,0,0,5,2" ten="103,336,233,328" oya="0" hai0="6,128,20,94,29,79,114,110,103,117,66,56,96" hai1="15,57,86,30,100,99,65,13,85,48,101,118,19" hai2="95,53,47,133,7,69,134,32,125,102,76,123,107" hai3="37,59,28,132,119,111,75,45,71,77,89,135,130"/><T50/><D117/><U60/><E118/><V92/><F123/><W49/><G119/><T116/><D116/><U129/><E129/><V38/><F32/><W97/><G71/><T82/><D114/><U78/><E30/><V88/><F69/><W11/><G111/><T8/><D128/><U55/><E78/><V24/><F76/><W40/><G28/><T122/><D122/><U98/><E98/><N who="2" m="59719" /><F107/><W21/><G130/><T72/><D110/><U108/><E108/><V90/><F24/><W46/><G21/><T62/><D50/><U67/><E100/><V131/><F131/><W26/><G26/><T36/><D36/><U51/><E15/><V104/><F104/><W58/><G77/><T93/><D93/><N who="1" m="58607" /><E51/><V54/><F125/><W126/><G75/><T120/><D120/><U4/><E4/><V27/><F27/><W3/><G126/><T80/><D80/><U73/><E73/><V16/><F16/><W5/><G97/><T25/><REACH who="0" step="1"/><D8/><REACH who="0" ten="93,336,233,328" step="2"/><N who="1" m="6567" /><E48/><V42/><F95/><W127/><G127/><T113/><D113/><U64/><AGARI ba="1,1" hai="55,57,60,64,65,67,85,86" m="6567,58607" machi="64" ten="30,1100,0" yaku="8,1" doraHai="2" who="1" fromWho="1" sc="93,-6,336,24,233,-4,328,-4" /><INIT seed="5,0,0,2,3,35" ten="87,360,229,324" oya="1" hai0="12,72,83,88,115,6,59,93,92,126,117,19,82" hai1="106,5,86,102,50,31,53,130,58,7,4,69,97" hai2="21,98,62,1,14,73,119,26,64,38,29,70,125" hai3="51,132,60,112,36,65,128,104,124,13,42,71,108"/><U75/><E130/><V111/><F119/><W55/><G108/><T54/><D117/><U3/><E75/><V22/><F38/><W133/><G104/><T48/><D115/><U30/><E69/><V11/><F73/><W32/><G32/><T135/><D135/><N who="3" m="51785" /><G13/><T2/><D126/><U43/><E43/><V99/><F111/><W23/><G23/><T52/><D6/><U40/><E40/><V121/><F121/><W105/><G105/><T100/><D2/><U94/><E106/><V134/><F134/><W57/><G112/><T17/><D17/><U18/><E3/><V101/><F125/><W47/><G124/><T67/><D67/><U34/><E34/><V24/><F101/><W85/><G85/><T96/><D54/><U8/><REACH who="1" step="1"/><E86/><REACH who="1" ten="87,350,229,324" step="2"/><V95/><F1/><W89/><G128/><T87/><REACH who="0" step="1"/><D72/><REACH who="0" ten="77,350,229,324" step="2"/><U63/><E63/><V113/><F62/><W78/><G60/><T74/><D74/><U109/><E109/><V123/><F113/><W120/><G42/><T68/><D68/><U44/><E44/><V0/><F70/><W16/><G47/><T90/><D90/><U127/><E127/><V91/><F91/><W39/><G89/><T122/><D122/><U15/><AGARI ba="0,2" hai="4,5,7,8,15,18,30,31,50,53,58,94,97,102" machi="15" ten="30,6000,0" yaku="1,1,0,1,8,1,53,0" doraHai="35" doraHaiUra="129" who="1" fromWho="1" sc="77,-20,350,80,229,-20,324,-20" /><INIT seed="5,1,0,5,3,32" ten="57,430,209,304" oya="1" hai0="57,1,34,31,13,88,76,68,73,54,111,77,78" hai1="125,2,123,83,104,42,81,115,63,52,29,28,17" hai2="47,79,43,37,26,99,10,105,96,121,134,110,102" hai3="27,86,8,55,4,114,108,126,127,106,67,21,62"/><U122/><E104/><V64/><F134/><W91/><G106/><T15/><D68/><U45/><E125/><N who="3" m="47626" /><G108/><T53/><D111/><U89/><E115/><V5/><F110/><W129/><G114/><T20/><D73/><U93/><E2/><V124/><F121/><W59/><G129/><T75/><D75/><U84/><E122/><V116/><F116/><W80/><G21/><T101/><D101/><U48/><E17/><V36/><F124/><W16/><G27/><T49/><D34/><U120/><E123/><V87/><F64/><W85/><G85/><T95/><D1/><U35/><E120/><V3/><F96/><W25/><G25/><T82/><D82/><N who="1" m="31243" /><E35/><V22/><F87/><W103/><G103/><T24/><REACH who="0" step="1"/><D54/><REACH who="0" ten="47,430,209,304" step="2"/><U94/><E94/><V33/><F33/><W39/><G55/><T14/><D14/><U38/><E52/><V40/><F79/><W130/><G80/><T41/><D41/><U131/><E42/><V100/><F100/><W71/><G71/><T92/><D92/><U113/><E93/><V11/><F40/><W0/><G0/><T6/><D6/><U61/><E113/><V18/><F36/><W128/><G4/><T60/><D60/><U70/><E38/><V23/><F26/><W118/><G39/><T109/><D109/><U50/><E61/><V30/><F37/><W56/><G62/><T112/><D112/><U107/><E63/><V46/><F43/><W65/><G128/><T98/><AGARI ba="1,1" hai="13,15,20,24,31,49,53,57,76,77,78,88,95,98" machi="98" ten="30,7900,0" yaku="1,1,0,1,8,1,54,1,53,0" doraHai="32" doraHaiUra="69" who="0" fromWho="0" sc="47,92,430,-40,209,-21,304,-21" /><INIT seed="6,0,0,1,2,42" ten="139,390,188,283" oya="2" hai0="81,94,129,92,20,80,31,0,28,25,123,103,65" hai1="24,4,59,114,63,120,68,130,29,48,86,79,36" hai2="49,133,18,107,21,108,95,96,83,2,5,106,73" hai3="132,88,44,101,9,57,115,125,119,14,53,109,90"/><V82/><F133/><W116/><G109/><T27/><D0/><U117/><E36/><V64/><F108/><W41/><G125/><T47/><D129/><U91/><E117/><V78/><F64/><W54/><G132/><T39/><D123/><U77/><E120/><V72/><F5/><W84/><G101/><T111/><D111/><U34/><E130/><V23/><F2/><W93/><G115/><T33/><D65/><U85/><E4/><V15/><F21/><W43/><G90/><T8/><D8/><U135/><E68/><V30/><F30/><W22/><G22/><T75/><D75/><U102/><E114/><V100/><REACH who="2" step="1"/><F49/><REACH who="2" ten="139,390,178,283" step="2"/><N who="3" m="28839" /><G116/><T51/><D39/><U35/><E34/><V104/><F104/><W10/><G119/><T61/><D61/><U66/><E135/><V134/><F134/><W56/><G10/><T1/><D1/><U16/><E35/><V113/><F113/><W40/><G54/><T110/><D110/><U74/><E29/><V52/><F52/><W3/><G3/><T62/><D62/><U37/><E63/><V87/><F87/><W131/><G131/><T7/><D7/><AGARI ba="0,1" hai="7,9,14,40,41,43,56,57,84,88,93" m="28839" machi="7" ten="30,3900,0" yaku="8,1,52,1,54,1" doraHai="42" who="3" fromWho="0" sc="139,-39,390,0,178,0,283,49" /><INIT seed="7,0,0,4,3,83" ten="100,390,178,332" oya="3" hai0="97,16,103,77,101,86,74,93,123,63,30,125,21" hai1="62,94,14,104,45,117,127,108,99,40,98,60,129" hai2="95,116,105,48,51,66,80,81,4,100,52,59,134" hai3="57,85,43,2,88,92,128,70,102,33,79,9,75"/><W34/><G70/><T133/><D123/><U61/><E108/><V115/><F105/><W71/><G71/><T90/><D125/><U10/><E127/><V49/><F116/><W76/><G128/><T119/><D133/><U132/><E129/><V29/><F115/><W89/><G43/><T91/><D30/><U107/><E132/><V82/><F134/><W11/><G102/><N who="0" m="38923" /><D63/><U54/><E117/><V47/><F4/><W5/><G75/><T131/><D16/><U32/><E32/><V24/><F66/><W7/><G57/><T109/><D21/><U46/><E104/><V110/><F110/><W78/><REACH who="3" step="1"/><G89/><REACH who="3" ten="100,390,178,322" step="2"/><N who="0" m="55471" /><D109/><U72/><E40/><V31/><F59/><W12/><AGARI ba="0,1" hai="2,5,7,9,11,12,33,34,76,78,79,85,88,92" machi="12" ten="30,11700,0" yaku="1,1,0,1,52,1,54,1,53,0" doraHai="83" doraHaiUra="68" who="3" fromWho="3" sc="100,-39,390,-39,178,-39,322,127" owari="61,-44.0,351,15.0,139,-26.0,449,55.0" /></mjloggm>