<mjloggm ver="2.3"><GO type="185" lobby="0"/><UN n0="%E3%81%9D%E3%81%86%E3%81%A1%E3%82%87" n1="%59%61%6E%67%6E%75%6D" n2="%E3%82%84%E3%81%B6%E3%81%84%E3%81%97%E3%82%83" n3="" dan="17,16,17,0" rate="2206.95,2237.33,2173.45,1500.00" sx="F,M,M,C"/><TAIKYOKU oya="0"/><INIT seed="0,0,0,5,5,83" ten="350,350,350,0" oya="0" hai0="92,108,127,1,47,72,50,65,79,61,109,95,34" hai1="107,125,66,58,48,116,126,38,132,78,110,80,130" hai2="113,75,54,42,86,70,88,56,94,52,91,63,2" hai3=""/><T39/><D34/><U60/><E116/><V105/><F2/><T124/><D39/><U122/><N who="1" m="31264" /><U44/><E110/><N who="0" m="42601" /><D79/><U0/><E0/><V101/><F75/><T76/><D76/><U53/><E107/><V71/><F42/><T37/><D37/><U100/><E100/><V89/><F105/><T3/><D72/><U97/><E97/><V104/><F104/><T85/><D3/><U77/><E77/><V55/><F113/><T121/><N who="0" m="31008" /><T129/><D129/><U120/><N who="1" m="30752" /><U133/><E38/><V98/><REACH who="2" step="1"/><F86/><REACH who="2" ten="350,350,340,0" step="2"/><T135/><D85/><U45/><E130/><V131/><F131/><T115/><D115/><U111/><E111/><V49/><F49/><T84/><D84/><U35/><E35/><V33/><F33/><T73/><D73/><U114/><E114/><V41/><F41/><T123/><N who="0" m="31520" /><T57/><D1/><U69/><E78/><V106/><F106/><T117/><D117/><U51/><E80/><V134/><F134/><N who="1" m="51817" /><E51/><V62/><F62/><T64/><D135/><U99/><E99/><V46/><F46/><AGARI ba="0,1" hai="44,45,46,48,53,58,60,66,69,125,126" m="51817,30752,31264" machi="46" ten="30,8000,1" yaku="20,1,34,2,52,2" doraHai="83" who="1" fromWho="2" sc="350,0,350,90,340,-80,0,0" /><INIT seed="1,0,0,5,1,94" ten="350,440,260,0" oya="1" hai0="64,102,67,34,98,92,80,115,88,32,61,78,51" hai1="119,112,99,68,123,46,110,132,58,134,53,85,55" hai2="83,44,100,79,103,76,57,36,56,87,117,104,106" hai3=""/><U121/><N who="1" m="31008" /><U130/><N who="1" m="31520" /><U75/><E75/><V0/><F36/><T114/><D67/><U60/><E112/><V128/><F44/><T65/><D65/><U50/><E119/><V131/><F117/><T135/><D135/><N who="1" m="51755" /><E85/><V70/><F70/><T82/><D51/><U96/><E130/><V37/><F37/><T52/><D114/><U89/><E89/><V108/><F108/><T109/><D109/><U38/><E110/><V48/><F0/><T127/><D115/><U59/><E68/><V84/><F48/><T72/><D88/><U105/><E105/><V81/><AGARI ba="0,0" hai="56,57,76,79,81,83,84,87,100,103,104,106,128,131" machi="81" ten="25,2400,0" yaku="0,1,22,2" doraHai="94" who="2" fromWho="2" sc="350,-8,440,-16,260,24,0,0" /><INIT seed="2,0,0,1,0,70" ten="342,424,284,0" oya="2" hai0="33,0,90,114,64,56,44,83,58,38,105,128,75" hai1="94,133,32,76,78,109,125,126,51,102,72,89,98" hai2="121,61,66,132,116,122,1,59,50,93,36,55,49" hai3=""/><V134/><N who="2" m="31008" /><V106/><N who="2" m="31264" /><V45/><F106/><T120/><N who="0" m="30752" /><T85/><D33/><U91/><E32/><V81/><F1/><T42/><D0/><U46/><E109/><V88/><F116/><T40/><D128/><U118/><E133/><N who="2" m="51307" /><F81/><T117/><D117/><U69/><E69/><V37/><F50/><T54/><D105/><U97/><E118/><V96/><AGARI ba="0,0" hai="36,37,45,49,55,59,61,66,88,93,96" m="51307,31264,31008" machi="96" ten="30,12000,2" yaku="20,1,52,4,54,1" doraHai="70" who="2" fromWho="2" sc="342,-60,424,-60,284,120,0,0" /><INIT seed="2,1,0,1,0,32" ten="282,364,404,0" oya="2" hai0="116,106,44,54,55,109,87,43,135,74,110,98,133" hai1="129,79,39,64,33,0,52,86,125,77,49,67,111" hai2="57,130,75,62,63,70,66,51,104,105,35,53,117" hai3=""/><V37/><F35/><T76/><D74/><U72/><E33/><V132/><F75/><T50/><D76/><U128/><E39/><V89/><F117/><T100/><D87/><U122/><N who="1" m="31264" /><U113/><E113/><V73/><F73/><T69/><D69/><U82/><E111/><N who="0" m="42505" /><D116/><U38/><E38/><V71/><F37/><T93/><D106/><U115/><E115/><V48/><F130/><N who="1" m="50281" /><E125/><V131/><F132/><AGARI ba="1,0" hai="43,44,50,54,55,93,98,100,132,133,135" m="42505" machi="132" ten="30,2000,0" yaku="20,1,14,1" doraHai="32" who="0" fromWho="2" sc="282,22,364,0,404,-22,0,0" /><INIT seed="4,0,0,0,2,121" ten="304,364,382,0" oya="0" hai0="69,49,96,55,120,34,124,130,67,128,104,66,78" hai1="47,119,43,135,91,99,54,106,113,1,56,111,94" hai2="64,86,70,93,115,76,81,103,59,48,61,60,71" hai3=""/><T134/><N who="0" m="30752" /><T39/><D34/><U122/><N who="1" m="31264" /><U45/><E119/><V123/><N who="2" m="31520" /><V74/><F115/><T89/><D39/><U126/><E1/><V80/><F48/><T92/><D124/><U107/><E126/><V33/><F33/><T82/><D104/><U110/><E113/><V100/><F93/><T83/><D134/><U75/><E75/><V63/><F63/><T51/><D51/><U84/><E135/><V73/><F73/><T127/><D127/><U108/><E43/><V98/><F98/><T42/><D42/><U65/><E65/><V50/><F50/><T40/><D40/><U79/><E106/><V102/><REACH who="2" step="1"/><F61/><REACH who="2" ten="304,364,372,0" step="2"/><T116/><D96/><U62/><E107/><V52/><F52/><T114/><D55/><U117/><E117/><V105/><F105/><T101/><D116/><U53/><E54/><V88/><AGARI ba="0,1" hai="59,60,64,70,71,74,76,80,81,86,88,100,102,103" m="31520" machi="88" ten="30,5900,0" yaku="1,1,0,1,52,1,54,1,53,0" doraHai="121" doraHaiUra="41" who="2" fromWho="2" sc="304,-39,364,-20,372,69,0,0" /><INIT seed="5,0,0,5,1,111" ten="265,344,441,0" oya="1" hai0="51,71,40,109,49,105,92,135,123,82,38,133,131" hai1="47,87,114,67,103,90,76,122,3,68,127,95,41" hai2="61,115,84,73,42,65,80,63,62,120,100,126,37" hai3=""/><U86/><N who="1" m="31264" /><U130/><E3/><V66/><N who="2" m="30752" /><V99/><F73/><T57/><N who="0" m="31520" /><T128/><D105/><U43/><E130/><N who="0" m="49705" /><D109/><U39/><E127/><V119/><F119/><T56/><D71/><U102/><E43/><V96/><F126/><T45/><D92/><U88/><E76/><V118/><F118/><T106/><D82/><U74/><E74/><V93/><F99/><T0/><D106/><U60/><REACH who="1" step="1"/><E114/><REACH who="1" ten="265,334,441,0" step="2"/><V110/><F115/><T101/><D0/><U54/><E54/><V70/><F110/><T55/><D101/><U124/><E124/><V53/><F53/><AGARI ba="0,1" hai="38,40,45,49,51,53,55,56,57,133,135" m="49705,31520" machi="53" ten="30,7700,0" yaku="19,1,34,2,52,1" doraHai="111" who="0" fromWho="2" sc="265,87,334,0,441,-77,0,0" /><INIT seed="6,0,0,4,0,121" ten="352,334,364,0" oya="2" hai0="38,68,44,1,65,95,105,73,45,116,131,117,109" hai1="77,53,85,61,52,129,86,113,106,59,60,69,133" hai2="32,74,49,50,0,78,40,90,99,79,42,91,94" hai3=""/><V125/><F0/><T37/><D105/><U84/><E113/><V124/><F32/><T108/><D73/><U107/><E129/><V128/><F128/><T110/><D95/><U93/><E133/><V103/><F103/><T63/><D1/><U66/><E77/><V64/><F64/><T101/><D101/><U47/><E93/><V134/><F94/><T135/><D135/><U132/><E132/><V34/><F134/><T39/><D131/><U48/><AGARI ba="0,0" hai="47,48,52,53,59,60,61,66,69,84,85,86,106,107" machi="48" ten="30,1500,0" yaku="0,1,54,1" doraHai="121" who="1" fromWho="1" sc="352,-5,334,15,364,-10,0,0" /><INIT seed="8,0,0,4,0,75" ten="347,349,354,0" oya="0" hai0="51,56,41,90,44,37,87,45,118,104,48,34,102" hai1="85,69,127,50,72,103,111,105,107,60,95,2,106" hai2="55,33,130,79,115,62,97,124,112,94,86,120,126" hai3=""/><T3/><D118/><U74/><E2/><V57/><N who="2" m="30752" /><V47/><F33/><T35/><D3/><U39/><E39/><V43/><F130/><T76/><D76/><U68/><E111/><V135/><F135/><T88/><D56/><U113/><E127/><N who="2" m="48683" /><F97/><T64/><D64/><U61/><E113/><V92/><F92/><T134/><D134/><U49/><E103/><V58/><F94/><T38/><D102/><U98/><E98/><V32/><F58/><T59/><D59/><U53/><E53/><V109/><F32/><T36/><D104/><U114/><E114/><V100/><F100/><T125/><D125/><U129/><E129/><V40/><F40/><T89/><REACH who="0" step="1"/><D87/><REACH who="0" ten="337,349,354,0" step="2"/><U66/><E107/><V73/><F86/><T70/><D70/><U77/><E85/><V0/><F0/><T116/><D116/><U63/><E66/><V71/><F71/><T131/><D131/><U1/><E1/><V52/><F112/><T132/><D132/><U123/><N who="1" m="31520" /><U54/><E68/><V101/><F115/><T128/><D128/><U42/><E69/><V133/><F101/><T119/><D119/><U81/><E72/><V99/><F73/><T67/><D67/><U91/><E74/><V117/><F117/><RYUUKYOKU ba="0,1" sc="337,20,349,-10,354,-10,0,0" hai0="34,35,36,37,38,41,44,45,48,51,88,89,90" /><INIT seed="8,1,1,2,0,78" ten="357,339,344,0" oya="0" hai0="117,119,1,103,102,114,69,34,66,118,125,122,88" hai1="77,85,132,128,73,110,93,112,45,79,99,81,82" hai2="133,94,97,109,96,126,46,65,76,51,56,106,120" hai3=""/><T92/><N who="0" m="31264" /><T101/><D114/><U127/><E110/><V43/><N who="2" m="30752" /><V131/><F109/><T87/><D125/><U39/><E112/><V47/><F126/><T52/><D34/><U61/><E127/><V59/><F131/><T107/><D1/><U72/><E128/><V121/><N who="2" m="31008" /><V3/><F3/><T115/><D115/><U116/><E116/><V71/><F133/><T130/><D130/><U113/><E132/><V54/><F76/><T50/><D66/><U74/><E113/><V64/><F106/><T37/><D37/><U83/><E61/><V55/><F71/><T67/><D67/><N who="2" m="25674" /><F43/><T44/><D69/><U95/><E39/><V62/><F97/><AGARI ba="1,1" hai="44,50,52,87,88,92,97,101,102,103,107,117,118,119" m="31264" machi="97" ten="40,12000,1" yaku="16,1,52,1,54,2" doraHai="78" who="0" fromWho="2" sc="357,132,339,0,344,-122,0,0" owari="489,44.0,339,-6.0,222,-38.0,0,0.0" /></mjloggm>