<mjloggm ver="2.3"><GO type="169" lobby="0"/><UN n0="%E5%B1%B1%E6%9C%AC%E6%83%A3%E4%B8%80%E6%9C%97" n1="%E3%83%8A%E3%83%8A%E3%82%A4%E3%83%AD%E3%83%A9%E3%82%A4%E3%83%88%E2%98%86" n2="%77%61%77%61%33%30%33%30" n3="%46%49%4E%48%E7%B4%A0%E9%9D%A2" dan="17,17,16,16" rate="2171.38,2179.96,2119.16,2162.79" sx="M,F,M,M"/><TAIKYOKU oya="0"/><INIT seed="0,0,0,2,3,22" ten="250,250,250,250" oya="0" hai0="66,4,76,49,23,28,58,61,87,134,26,67,95" hai1="35,46,128,69,122,115,121,93,29,63,38,59,11" hai2="9,62,86,44,129,107,112,105,7,33,45,73,31" hai3="42,133,111,52,36,72,68,17,30,70,123,1,37"/><T6/><D134/><U120/><E128/><V39/><F129/><W81/><G17/><T43/><D67/><U41/><E115/><V124/><F73/><W126/><G52/><T75/><D75/><U40/><E69/><V113/><F124/><W54/><G54/><T89/><REACH who="0" step="1"/><D76/><REACH who="0" ten="240,250,250,250" step="2"/><U116/><E121/><V130/><F130/><W114/><G133/><T84/><D84/><U100/><E120/><V19/><F86/><W12/><G123/><T102/><D102/><U99/><E122/><V16/><F113/><W90/><G114/><T109/><D109/><U91/><E100/><V96/><F112/><W118/><G111/><T98/><D98/><U79/><E79/><V14/><F96/><W94/><G72/><T8/><D8/><U104/><E11/><V101/><F101/><W57/><G126/><T119/><D119/><U60/><E116/><V25/><F107/><W106/><G118/><T13/><D13/><U125/><E104/><V18/><F105/><W103/><G106/><T56/><D56/><U127/><E59/><V20/><F62/><W108/><G108/><T53/><D53/><U34/><E125/><V48/><F44/><AGARI ba="0,1" hai="4,6,23,26,28,43,44,49,58,61,66,87,89,95" machi="44" ten="40,12000,1" yaku="1,1,8,1,52,1,53,1" doraHai="22" doraHaiUra="80" who="0" fromWho="2" sc="240,130,250,0,250,-120,250,0" /><INIT seed="0,1,0,3,5,124" ten="370,250,130,250" oya="0" hai0="135,46,114,12,83,133,63,67,53,60,56,44,66" hai1="6,52,70,15,120,82,9,113,24,51,34,45,110" hai2="32,91,16,116,80,68,122,21,29,93,17,37,85" hai3="119,121,109,49,58,40,102,22,134,27,117,61,78"/><T100/><D100/><U118/><E120/><V127/><F127/><W26/><G121/><T126/><D83/><U11/><E118/><V2/><F116/><W64/><G109/><T128/><D12/><U123/><E123/><V50/><F37/><W101/><G134/><N who="0" m="51211" /><D126/><U43/><E110/><V103/><F68/><W107/><G107/><T31/><D31/><U65/><E113/><V111/><F122/><W75/><G27/><T88/><D88/><U38/><E82/><V54/><F32/><W96/><G78/><T77/><D77/><U132/><E132/><V10/><F2/><W108/><G75/><T94/><D94/><U97/><E97/><V87/><F10/><W13/><G13/><T48/><D114/><U81/><E81/><V3/><F3/><W25/><G25/><T47/><D128/><U42/><E11/><V115/><F111/><W5/><G102/><T76/><D76/><U41/><E24/><N who="2" m="16527" /><F115/><W4/><G108/><T59/><AGARI ba="1,0" hai="44,46,47,48,53,56,59,60,63,66,67" m="51211" machi="59" ten="30,6000,0" yaku="20,1,34,2" doraHai="124" who="0" fromWho="0" sc="370,63,250,-21,130,-21,250,-21" /><INIT seed="0,2,0,5,3,103" ten="433,229,109,229" oya="0" hai0="50,97,128,95,28,23,11,78,55,69,127,79,77" hai1="13,51,134,96,130,98,123,109,41,87,92,114,37" hai2="68,113,99,21,105,16,90,100,85,117,5,62,17" hai3="54,30,40,6,18,45,125,42,7,129,132,44,52"/><T106/><D69/><U76/><E123/><V121/><F117/><W126/><G30/><T33/><D33/><U48/><E109/><V70/><F113/><W118/><G18/><T53/><D127/><N who="3" m="48649" /><G7/><T61/><D128/><U131/><E114/><V57/><F5/><W46/><G118/><T91/><D106/><U1/><E1/><V124/><F17/><W0/><G0/><T8/><D61/><U60/><E134/><V110/><F110/><W84/><G6/><T104/><D104/><U75/><E75/><V43/><F43/><N who="3" m="16427" /><G84/><T107/><D107/><U67/><E13/><V14/><F121/><W89/><G89/><T2/><D2/><U4/><E4/><V135/><F135/><W72/><G72/><T66/><D66/><U34/><E34/><V29/><F29/><W56/><G132/><T115/><D115/><U31/><E31/><V26/><F14/><W38/><G38/><T9/><REACH who="0" step="1"/><D50/><REACH who="0" ten="423,229,109,229" step="2"/><U101/><E51/><V65/><REACH who="2" step="1"/><F124/><REACH who="2" ten="423,229,99,229" step="2"/><W24/><G129/><T82/><D82/><AGARI ba="2,2" hai="16,21,26,57,62,65,68,70,82,85,90,99,100,105" machi="82" ten="30,8000,1" yaku="1,1,2,1,7,1,52,1,54,1,53,0" doraHai="103" doraHaiUra="73" who="2" fromWho="0" sc="423,-86,229,0,99,106,229,0" /><INIT seed="1,0,0,2,2,39" ten="337,229,205,229" oya="1" hai0="117,110,5,130,37,40,99,111,8,21,127,55,48" hai1="67,101,112,72,123,3,22,114,133,82,41,19,94" hai2="36,100,118,58,126,30,125,65,64,32,74,134,15" hai3="122,28,87,69,124,91,10,68,76,71,66,25,14"/><U29/><E123/><V120/><F74/><W49/><G122/><T6/><D117/><U2/><E133/><V115/><F120/><W60/><G124/><T109/><D127/><U46/><E29/><V54/><F36/><W119/><G76/><T102/><D130/><U79/><E67/><V51/><F118/><W45/><G119/><T113/><D21/><U33/><E33/><V89/><F134/><W38/><G38/><T135/><D135/><U95/><E101/><V84/><F100/><W11/><G25/><T63/><D63/><U98/><E95/><V108/><F115/><W43/><G10/><T52/><D113/><U86/><E72/><V105/><F105/><W97/><BYE who="2" /><G97/><T90/><D90/><U56/><E56/><V57/><F57/><W131/><G28/><T106/><D37/><U35/><E35/><V75/><F75/><W103/><G131/><T4/><REACH who="0" step="1"/><D8/><REACH who="0" ten="327,229,205,229" step="2"/><U18/><E114/><V24/><F24/><W0/><G103/><T83/><D83/><U107/><E112/><V31/><F31/><W42/><G60/><T93/><D93/><U70/><E107/><V20/><F20/><W78/><G78/><T80/><D80/><U7/><E22/><V61/><F61/><W53/><G66/><T73/><D73/><U23/><E23/><V34/><F34/><W12/><G0/><T92/><D92/><U121/><E121/><V9/><F9/><W116/><G116/><T1/><D1/><U59/><E3/><V129/><F129/><W27/><G27/><T88/><D88/><U81/><E2/><V128/><F128/><RYUUKYOKU ba="0,1" sc="327,30,229,-10,205,-10,229,-10" hai0="4,5,6,40,48,52,55,99,102,106,109,110,111" /><INIT seed="2,1,1,5,0,104" ten="357,219,195,219" oya="2" hai0="91,81,49,72,47,132,125,117,92,28,43,1,109" hai1="13,89,103,90,134,9,88,82,61,80,112,113,38" hai2="40,69,76,24,124,85,29,65,119,18,16,51,0" hai3="128,36,123,5,83,129,118,114,26,97,32,50,94"/><V133/><F133/><W66/><G36/><T131/><D117/><U67/><E38/><V14/><F14/><W4/><G118/><T11/><D109/><U70/><E134/><V63/><F63/><W56/><G123/><T71/><D132/><U41/><E41/><V7/><F7/><W79/><G114/><T27/><D71/><U116/><E116/><V21/><F21/><W130/><G26/><T78/><D125/><U107/><E107/><V8/><F8/><W59/><G32/><T10/><D1/><U22/><E103/><V34/><F34/><W44/><G4/><T84/><REACH who="0" step="1"/><D131/><REACH who="0" ten="347,219,195,219" step="2"/><U100/><E112/><V53/><F53/><W33/><G66/><T75/><D75/><U135/><E113/><V6/><F6/><W86/><G5/><T64/><D64/><U99/><E135/><V45/><F45/><W108/><G108/><T55/><D55/><U102/><E67/><V25/><F25/><W98/><G59/><T73/><D73/><U120/><E70/><V52/><F52/><N who="3" m="29767" /><G56/><T42/><D42/><U87/><E120/><V30/><F30/><W58/><G58/><T74/><D74/><U95/><E13/><V15/><F15/><W46/><G46/><T96/><D96/><U60/><E99/><V122/><F122/><W111/><G111/><T54/><D54/><U115/><E115/><V2/><F2/><W77/><G98/><T37/><D37/><U105/><E105/><V126/><F126/><W23/><G97/><T101/><D101/><U127/><E127/><V12/><F12/><W20/><G130/><T106/><D106/><RYUUKYOKU ba="1,2" sc="347,30,219,-10,195,-10,219,-10" hai0="10,11,27,28,43,47,49,72,78,81,84,91,92" /><INIT seed="3,2,2,4,0,133" ten="377,209,185,209" oya="3" hai0="83,80,126,132,74,81,35,98,28,38,105,18,0" hai1="30,116,11,72,1,4,66,10,45,130,23,22,47" hai2="127,16,48,111,51,131,79,76,110,5,92,33,88" hai3="67,108,8,43,77,71,114,3,46,78,104,60,93"/><W37/><G114/><T32/><D38/><U2/><E72/><V13/><F13/><W117/><G117/><T56/><D0/><U112/><E66/><V115/><F115/><W53/><G104/><T85/><D132/><U121/><E112/><V103/><F103/><W89/><G108/><T58/><D74/><U7/><E121/><V44/><F44/><W70/><G70/><T52/><D18/><U25/><E116/><V90/><F90/><W65/><G65/><T59/><D126/><U42/><E130/><V120/><F120/><W118/><G118/><UN n2="%77%61%77%61%33%30%33%30" /><T95/><D105/><U99/><E99/><V24/><F5/><W15/><G3/><T113/><D113/><U49/><REACH who="1" step="1"/><E45/><REACH who="1" ten="377,199,185,209" step="2"/><V106/><F131/><W109/><G109/><T69/><D98/><U14/><E14/><V97/><F111/><W36/><G15/><T135/><D135/><U100/><E100/><V75/><F97/><W21/><G8/><T123/><D123/><U41/><E41/><V84/><F75/><W82/><G53/><T6/><D52/><U39/><E39/><V61/><F110/><W96/><G37/><T68/><D68/><U124/><E124/><V20/><F127/><W9/><G9/><T64/><D69/><U54/><E54/><V62/><F106/><W86/><REACH who="3" step="1"/><G21/><AGARI ba="2,3" hai="1,2,4,7,10,11,21,22,23,25,30,42,47,49" machi="21" ten="30,7700,0" yaku="1,1,7,1,9,1,53,1" doraHai="133" doraHaiUra="40" who="1" fromWho="3" sc="377,0,199,113,185,0,209,-83" /><INIT seed="4,0,0,5,2,19" ten="377,312,185,126" oya="0" hai0="110,17,107,112,43,82,44,102,100,65,91,94,37" hai1="64,79,133,4,66,81,2,115,96,52,22,103,9" hai2="108,38,86,73,5,105,123,39,32,42,48,11,72" hai3="71,97,59,10,13,51,114,67,41,30,69,116,127"/><T23/><BYE who="1" /><D110/><U58/><E58/><V62/><F123/><W40/><G116/><T50/><D112/><U21/><E21/><V90/><F108/><W78/><G114/><UN n1="%E3%83%8A%E3%83%8A%E3%82%A4%E3%83%AD%E3%83%A9%E3%82%A4%E3%83%88%E2%98%86" /><T33/><D33/><U27/><E115/><V88/><F105/><W36/><G30/><T7/><D7/><U135/><E133/><V125/><F125/><W126/><G78/><T47/><D107/><U29/><E135/><V129/><F32/><W53/><G97/><T109/><D82/><U87/><REACH who="1" step="1"/><E52/><REACH who="1" ten="377,302,185,126" step="2"/><V104/><F62/><N who="3" m="40183" /><G71/><T20/><D20/><U120/><E120/><V117/><F117/><W101/><G41/><T24/><D65/><U31/><E31/><V131/><F42/><W75/><G127/><T35/><D35/><U8/><E8/><V16/><F11/><W93/><G126/><T77/><D109/><U61/><E61/><V25/><F25/><W99/><G10/><T132/><D132/><U111/><E111/><V98/><F131/><W14/><G75/><T70/><D70/><U95/><AGARI ba="0,1" hai="2,4,9,22,27,29,64,66,79,81,87,95,96,103" machi="95" ten="20,8000,1" yaku="1,1,0,1,7,1,52,1,53,1" doraHai="19" doraHaiUra="80" who="1" fromWho="1" sc="377,-40,302,90,185,-20,126,-20" /><INIT seed="5,0,0,3,1,87" ten="337,392,165,106" oya="1" hai0="99,82,124,130,73,113,55,13,48,53,0,50,126" hai1="20,65,120,37,100,60,128,36,74,86,32,11,18" hai2="51,108,116,69,9,21,109,28,78,49,111,54,66" hai3="102,57,75,85,83,15,63,105,12,14,2,4,134"/><U71/><E120/><V3/><F116/><W52/><G134/><T68/><D0/><U84/><E74/><V118/><F118/><W30/><G75/><T115/><D13/><U81/><E128/><V47/><F78/><W40/><G40/><T131/><D99/><U10/><E32/><V61/><F28/><W98/><G30/><T70/><D82/><U29/><E29/><V19/><F49/><W133/><G133/><T101/><D101/><U121/><E121/><V77/><F77/><W129/><G129/><T119/><D73/><U59/><E100/><V125/><F125/><W39/><G39/><T38/><D119/><U25/><E71/><V5/><REACH who="2" step="1"/><F111/><REACH who="2" ten="337,392,155,106" step="2"/><W117/><G117/><T34/><D34/><U106/><E37/><AGARI ba="0,1" hai="37,38,48,50,53,55,68,70,113,115,124,126,130,131" machi="37" ten="25,8000,1" yaku="22,2,34,3" doraHai="87" who="0" fromWho="1" sc="337,90,392,-80,155,0,106,0" /><INIT seed="6,0,0,0,3,108" ten="427,312,155,106" oya="2" hai0="53,51,57,98,73,110,76,78,38,20,116,80,127" hai1="99,9,39,8,11,83,37,74,88,2,77,26,85" hai2="47,36,13,4,94,64,43,6,111,133,1,131,112" hai3="12,128,18,0,109,71,45,68,119,129,7,97,105"/><V121/><F121/><W132/><G109/><T114/><D110/><U124/><E2/><V42/><F111/><W102/><G119/><T33/><D33/><U10/><E124/><V16/><F131/><W92/><G132/><T120/><D116/><U134/><E134/><V87/><F133/><W66/><G105/><T22/><D120/><U35/><N who="1" m="2048" /><DORA hai="104" /><U95/><REACH who="1" step="1"/><E99/><REACH who="1" ten="427,302,155,106" step="2"/><V50/><F1/><W75/><G0/><T69/><D98/><U29/><AGARI ba="0,1" hai="26,29,35,37,39,74,77,83,85,88,95" m="2048" machi="29" ten="40,12000,2" yaku="1,1,2,1,0,1,52,1,54,1,53,2" doraHai="108,104" doraHaiUra="27,86" who="1" fromWho="1" sc="427,-30,302,130,155,-60,106,-30" /><INIT seed="7,0,0,4,2,67" ten="397,432,95,76" oya="3" hai0="15,86,111,105,18,122,4,0,14,54,125,39,58" hai1="101,60,8,79,115,104,109,99,20,91,74,98,96" hai2="47,108,66,1,19,37,13,95,16,2,119,35,75" hai3="45,49,56,73,117,124,121,85,70,135,112,94,87"/><W17/><G117/><T69/><D122/><U110/><E98/><V44/><F119/><W59/><G121/><T43/><D105/><U128/><E115/><V34/><F75/><W78/><G73/><T5/><D111/><U38/><E38/><V103/><F66/><W7/><G112/><T90/><D125/><U133/><E133/><V52/><F37/><W100/><G135/><T89/><D69/><U97/><E97/><V55/><F13/><W102/><G70/><T22/><D39/><U53/><E8/><V48/><F95/><W113/><G124/><T62/><D43/><U76/><E128/><V61/><F61/><W127/><G7/><T88/><D0/><U130/><E53/><V93/><F93/><W25/><G127/><T65/><D65/><U107/><E101/><N who="3" m="39018" /><G113/><T126/><D126/><U24/><E130/><V41/><F103/><W27/><G94/><T32/><D32/><U68/><E68/><V118/><F118/><W31/><G31/><T123/><D123/><U29/><E29/><V33/><F41/><N who="3" m="24751" /><G87/><T71/><D71/><U72/><E96/><V21/><F108/><W23/><G27/><T42/><D42/><U9/><E24/><V116/><F116/><W11/><G11/><T12/><REACH who="0" step="1"/><D86/><REACH who="0" ten="387,432,95,76" step="2"/><U3/><E74/><V83/><F1/><W80/><AGARI ba="0,1" hai="17,23,25,56,59,78,80,85" m="24751,39018" machi="80" ten="30,1500,0" yaku="8,1" doraHai="67" who="3" fromWho="3" sc="387,-5,432,-5,95,-5,76,25" /><INIT seed="7,1,0,0,2,0" ten="382,427,90,101" oya="3" hai0="65,105,25,67,1,39,62,95,18,124,64,125,33" hai1="90,100,115,75,77,55,118,42,43,9,54,72,21" hai2="128,30,91,107,6,22,5,46,97,112,14,93,110" hai3="94,86,26,81,133,85,13,98,36,119,40,80,111"/><W92/><G119/><T116/><D105/><U58/><E100/><V7/><F110/><W130/><G36/><T84/><D116/><U23/><E90/><V69/><F69/><W19/><G130/><T63/><D39/><U108/><E9/><N who="2" m="4399" /><F128/><W8/><G111/><T49/><D1/><U60/><E60/><V78/><F107/><W59/><G133/><T52/><D84/><N who="3" m="32361" /><G40/><T102/><D102/><U28/><E43/><V71/><F71/><W53/><G26/><T38/><D95/><N who="3" m="36393" /><G98/><T61/><D38/><U99/><E99/><V96/><F112/><W129/><G129/><T89/><D89/><U121/><E42/><V83/><F96/><W68/><G68/><T32/><D32/><U34/><E34/><V88/><F78/><W20/><G20/><T57/><REACH who="0" step="1"/><D33/><REACH who="0" ten="372,427,90,101" step="2"/><U70/><E108/><V79/><F91/><W134/><G134/><T47/><D47/><U103/><E103/><V66/><F46/><W135/><G135/><T122/><D122/><U131/><E121/><V109/><F109/><W56/><G56/><T11/><D11/><U44/><E44/><V29/><F22/><AGARI ba="1,1" hai="18,22,25,49,52,57,61,62,63,64,65,67,124,125" machi="22" ten="50,6400,0" yaku="1,1,54,1,53,1" doraHai="0" doraHaiUra="51" who="0" fromWho="2" sc="372,77,427,0,90,-67,101,0" owari="449,55.0,427,23.0,23,-48.0,101,-30.0" /></mjloggm>