<mjloggm ver="2.3"><GO type="185" lobby="0"/><UN n0="%E9%B3%B4%E3%81%8D%E9%BA%BB%E9%9B%80" n1="%E3%83%8F%E3%83%94%E3%83%AA%E3%83%83%E3%83%88" n2="%E3%83%84%E3%83%BC%E3%82%A2%E3%82%A6%E3%83%88" n3="" dan="17,17,16,0" rate="2271.51,2212.30,2210.40,1500.00" sx="M,M,M,C"/><TAIKYOKU oya="0"/><INIT seed="0,0,0,3,0,54" ten="350,350,350,0" oya="0" hai0="37,93,116,119,48,126,87,108,96,36,70,71,53" hai1="2,132,94,106,81,76,134,88,72,59,120,61,56" hai2="58,66,101,43,64,105,113,55,69,97,1,3,80" hai3=""/><T109/><D87/><U130/><N who="1" m="30752" /><U103/><E2/><V82/><F113/><T127/><D96/><U57/><E130/><V128/><F43/><T89/><D89/><U111/><E111/><N who="0" m="42569" /><D93/><U83/><E83/><V34/><F128/><T75/><D75/><U63/><E106/><V73/><F34/><T62/><D37/><U125/><E103/><V85/><F3/><T68/><D62/><U33/><E33/><V110/><F1/><T39/><D39/><U90/><E125/><N who="0" m="47625" /><D36/><U50/><E90/><V35/><F110/><T41/><D41/><U79/><E79/><V129/><F129/><T51/><D51/><U122/><N who="1" m="31264" /><U107/><E50/><V112/><F35/><T133/><D133/><N who="1" m="51307" /><E107/><V60/><F73/><T40/><D40/><U95/><E95/><V86/><F82/><T92/><D92/><U124/><E124/><V102/><F102/><T135/><D135/><U98/><AGARI ba="0,0" hai="56,57,59,61,63,72,76,81,88,94,98" m="51307,31264,30752" machi="98" ten="30,9000,2" yaku="20,1,52,5,54,1" doraHai="54" who="1" fromWho="1" sc="350,-60,350,90,350,-30,0,0" /><INIT seed="1,0,0,5,1,105" ten="290,440,320,0" oya="1" hai0="113,123,128,65,83,70,135,2,45,129,1,48,38" hai1="43,89,127,52,53,57,99,82,133,124,110,50,119" hai2="0,69,81,79,42,109,132,93,62,121,92,122,112" hai3=""/><U88/><E119/><V76/><N who="2" m="31008" /><V41/><N who="2" m="31264" /><V64/><F0/><T118/><N who="0" m="31520" /><T75/><D118/><U74/><E133/><V103/><F132/><T125/><D135/><U59/><E110/><V85/><F109/><T54/><D113/><U47/><E99/><V40/><F112/><T106/><D106/><U68/><E68/><V63/><F103/><T126/><D38/><U66/><E66/><V115/><F115/><T36/><D36/><U120/><N who="1" m="30752" /><U77/><E53/><V58/><REACH who="2" step="1"/><F79/><REACH who="2" ten="290,440,310,0" step="2"/><T100/><D2/><U87/><E89/><V114/><F114/><T39/><D1/><U130/><E130/><V51/><F51/><T134/><D134/><U35/><E35/><V96/><F96/><T60/><D39/><U116/><E116/><V55/><AGARI ba="0,1" hai="40,41,42,55,58,62,63,64,69,76,81,85,92,93" m="31264,31008" machi="55" ten="30,9000,2" yaku="1,1,0,1,52,2,53,3" doraHai="105" doraHaiUra="37" who="2" fromWho="2" sc="290,-30,440,-60,310,100,0,0" /><INIT seed="2,0,0,0,1,54" ten="260,380,410,0" oya="2" hai0="58,110,122,131,86,37,66,114,96,106,130,116,103" hai1="77,99,88,39,76,40,127,44,118,101,42,63,95" hai2="90,69,61,68,43,125,102,75,85,1,41,113,73" hai3=""/><V89/><F1/><T135/><N who="0" m="31264" /><T104/><D116/><U0/><E0/><V91/><F113/><T123/><N who="0" m="31520" /><T64/><D114/><U124/><E42/><V98/><F125/><N who="1" m="48201" /><E118/><V65/><F85/><T56/><D110/><U97/><E63/><V80/><F69/><T71/><D135/><U112/><E112/><V2/><F2/><T45/><D71/><U82/><E82/><V134/><F134/><T51/><D37/><U92/><AGARI ba="0,0" hai="39,40,44,76,77,88,92,95,97,99,101" m="48201" machi="92" ten="30,1500,0" yaku="18,1,54,1" doraHai="54" who="1" fromWho="1" sc="260,-5,380,15,410,-10,0,0" /><INIT seed="4,0,0,2,1,101" ten="255,395,400,0" oya="0" hai0="79,38,131,135,119,64,96,78,126,114,47,71,34" hai1="2,48,113,73,97,0,134,120,127,110,117,42,85" hai2="60,115,91,44,84,39,82,133,55,49,65,43,52" hai3=""/><T128/><D34/><U40/><E73/><V66/><F115/><T53/><D119/><U67/><N who="1" m="30752" /><U106/><E117/><V33/><F33/><T54/><D114/><U87/><E110/><V107/><F107/><T93/><D126/><U58/><E113/><V35/><F35/><T51/><D135/><U132/><E127/><V88/><F133/><N who="1" m="51305" /><E67/><V50/><F91/><T70/><D38/><U100/><E58/><V102/><F102/><T130/><D54/><U41/><E48/><V118/><F118/><T46/><D46/><U69/><E69/><N who="0" m="26121" /><D64/><U74/><E74/><V1/><F1/><AGARI ba="0,0" hai="0,1,2,40,41,42,85,87,97,100,106" m="51305,30752" machi="1" ten="40,5200,0" yaku="20,1,52,2" doraHai="101" who="1" fromWho="2" sc="255,0,395,52,400,-52,0,0" /><INIT seed="5,0,0,4,3,119" ten="255,447,348,0" oya="1" hai0="46,59,101,2,68,58,81,128,49,85,134,1,34" hai1="108,133,52,79,75,93,72,53,106,78,86,135,131" hai2="107,3,35,82,84,104,51,32,74,64,73,118,95" hai3=""/><U96/><E106/><V76/><F3/><T129/><D34/><U38/><E38/><V33/><F118/><T102/><D68/><U115/><E115/><V100/><F64/><T0/><D134/><N who="1" m="51211" /><E131/><V110/><F110/><T116/><D116/><U92/><E108/><V114/><F114/><T69/><D69/><U122/><N who="1" m="31264" /><U71/><E71/><V132/><F132/><T94/><D129/><U113/><E113/><V77/><F51/><T117/><D128/><U99/><E86/><V87/><F100/><T125/><D117/><U91/><E78/><V63/><F63/><T55/><D125/><U120/><N who="1" m="30752" /><U42/><E42/><V130/><F130/><T83/><D2/><U65/><E65/><V111/><F111/><T41/><D1/><U105/><E105/><V127/><F127/><T56/><D0/><U98/><E79/><V70/><F70/><T123/><N who="0" m="31520" /><T39/><D39/><U103/><E96/><V40/><F40/><T121/><N who="0" m="31008" /><T88/><D41/><U90/><E103/><AGARI ba="0,0" hai="46,49,55,56,58,59,81,83,85,88,94,101,102,103" m="31008,31520" machi="103" ten="40,12000,2" yaku="8,1,52,4,54,1" doraHai="119" who="0" fromWho="1" sc="255,120,447,-120,348,0,0,0" /><INIT seed="6,0,0,3,1,46" ten="375,327,348,0" oya="2" hai0="76,59,44,75,108,128,65,43,49,72,33,34,117" hai1="85,110,102,35,86,114,51,122,96,106,39,132,67" hai2="101,60,2,48,54,41,127,126,89,103,97,74,104" hai3=""/><V70/><F2/><T133/><D108/><U129/><N who="1" m="31264" /><U64/><E110/><V73/><F41/><T92/><D117/><U125/><E35/><V40/><F40/><T119/><D119/><U71/><E39/><V78/><F103/><T36/><D128/><U131/><E114/><V77/><F70/><T55/><D133/><U69/><E132/><V95/><F60/><T120/><N who="0" m="30752" /><T79/><D92/><U115/><E115/><V90/><F48/><T82/><D65/><U53/><E125/><N who="2" m="47627" /><F54/><T112/><D112/><U118/><E118/><V62/><F62/><T38/><D38/><U57/><E67/><V134/><F89/><T56/><D56/><U121/><N who="1" m="31008" /><U84/><REACH who="1" step="1"/><E64/><REACH who="1" ten="375,317,348,0" step="2"/><V124/><N who="2" m="47635" /><V3/><DORA hai="99" /><F134/><T37/><D36/><U111/><E111/><V47/><F3/><T88/><D34/><U0/><E0/><V50/><F74/><T100/><D33/><U98/><E98/><V93/><F73/><T94/><D75/><U83/><E83/><V63/><F97/><T58/><D72/><U87/><N who="1" m="21504" /><DORA hai="52" /><U135/><E135/><V80/><F80/><T42/><D82/><U66/><E66/><V45/><F78/><T107/><D79/><U123/><E123/><RYUUKYOKU ba="0,1" sc="375,-10,317,20,348,-10,0,0" hai1="51,53,57,69,71,96,102,106,129,131" /><INIT seed="8,1,1,4,0,132" ten="365,337,338,0" oya="0" hai0="125,92,99,39,116,37,64,119,48,41,90,95,74" hai1="98,91,87,115,63,101,112,100,72,131,130,82,56" hai2="134,122,97,111,118,1,75,120,127,126,51,89,52" hai3=""/><T110/><D125/><N who="2" m="47626" /><F75/><T42/><D110/><U0/><E0/><V121/><N who="2" m="30752" /><V71/><N who="2" m="31008" /><V85/><N who="2" m="31264" /><V83/><F1/><T78/><D64/><U55/><E72/><V67/><F111/><T3/><D3/><U128/><REACH who="1" step="1"/><E98/><REACH who="1" ten="365,327,338,0" step="2"/><V65/><F134/><T2/><D99/><U88/><E88/><V113/><F118/><T96/><D90/><U76/><E76/><V79/><F113/><AGARI ba="1,2" hai="55,56,63,82,87,91,100,101,112,113,115,128,130,131" machi="113" ten="50,6400,0" yaku="1,1,11,1,19,1,53,0" doraHai="132" doraHaiUra="47" who="1" fromWho="2" sc="365,0,327,86,338,-66,0,0" owari="365,-3.0,413,36.0,272,-33.0,0,0.0" /></mjloggm>