<mjloggm ver="2.3"><GO type="169" lobby="0"/><UN n0="%E7%AD%89%E3%80%85%E5%8A%9B%E5%8A%87%E5%A0%B4" n1="%74%61%6E%61%4B%61" n2="%E3%81%82%E3%81%A3%E3%81%8D%E3%83%BC%E2%99%AA" n3="%E3%81%B4%E3%81%88%E3%81%AB%E3%82%93" dan="17,17,16,16" rate="2140.56,2147.98,2131.29,2088.28" sx="M,M,M,M"/><TAIKYOKU oya="0"/><INIT seed="0,0,0,0,4,107" ten="250,250,250,250" oya="0" hai0="7,54,56,112,20,17,30,47,119,61,35,50,118" hai1="92,74,102,29,19,10,18,121,89,126,3,51,95" hai2="16,24,2,83,132,129,65,46,78,34,120,59,80" hai3="72,71,131,41,98,6,111,110,114,124,73,97,55"/><T86/><BYE who="2" /><D112/><UN n2="%E3%81%82%E3%81%A3%E3%81%8D%E3%83%BC%E2%99%AA" /><U101/><E121/><V36/><F120/><W53/><G114/><T122/><D122/><U90/><E29/><V58/><F132/><W109/><G71/><T8/><D35/><U88/><E126/><V133/><F133/><W123/><G123/><T108/><D108/><U128/><E128/><V113/><F113/><W135/><G135/><T21/><D30/><U66/><E66/><V75/><F129/><W85/><G124/><T96/><D21/><U82/><E51/><V70/><F2/><W14/><G41/><T99/><D119/><U67/><E67/><V116/><F116/><W127/><G85/><T40/><D118/><U84/><E74/><N who="3" m="28778" /><G131/><T115/><D115/><U57/><E57/><V1/><F1/><W60/><G127/><T42/><D42/><U32/><E32/><V5/><F5/><W69/><G69/><T81/><D20/><U48/><E48/><V79/><F36/><W27/><G27/><T13/><REACH who="0" step="1"/><D17/><REACH who="0" ten="240,250,250,250" step="2"/><U4/><E18/><V76/><F34/><W64/><G64/><T22/><D22/><U23/><E23/><V43/><F43/><W39/><G39/><T105/><D105/><U104/><E19/><V125/><F125/><W28/><G28/><T103/><D103/><U12/><E102/><V11/><F16/><W134/><G134/><T77/><AGARI ba="0,1" hai="7,8,13,40,47,50,54,56,61,77,81,86,96,99" machi="77" ten="20,18000,2" yaku="1,1,0,1,7,1,25,2,8,1,53,0" doraHai="107" doraHaiUra="31" who="0" fromWho="0" sc="240,190,250,-60,250,-60,250,-60" /><INIT seed="0,1,0,5,5,22" ten="430,190,190,190" oya="0" hai0="115,94,33,18,19,54,25,129,65,13,67,83,72" hai1="35,49,1,42,107,17,60,131,97,87,23,84,51" hai2="118,125,43,112,93,68,30,134,26,20,76,92,15" hai3="123,128,121,21,11,2,78,85,69,66,48,14,10"/><T105/><D105/><U28/><E1/><V102/><F112/><W40/><G128/><T108/><D115/><U96/><E131/><V32/><F68/><W56/><G69/><T99/><D129/><U53/><E28/><V74/><F134/><W103/><G103/><T6/><D108/><U62/><E35/><V104/><F125/><W70/><G70/><T5/><D72/><U124/><E124/><V82/><F118/><W109/><G109/><T64/><D83/><U101/><E97/><V3/><F3/><W133/><G133/><T38/><D38/><U31/><E31/><V71/><F43/><W41/><G2/><T9/><D54/><U58/><E49/><V113/><F113/><W114/><G114/><T75/><D75/><U91/><E42/><V90/><F71/><W27/><G10/><T110/><D110/><U46/><E46/><V0/><F0/><W47/><G41/><T44/><D44/><U52/><E53/><V119/><F119/><W120/><G56/><T36/><D36/><U61/><REACH who="1" step="1"/><E91/><REACH who="1" ten="430,180,190,190" step="2"/><V106/><F102/><W122/><G121/><T126/><D126/><U86/><E86/><V37/><F37/><W73/><G73/><T132/><D132/><U98/><E98/><V29/><F90/><W95/><G66/><T12/><D33/><U4/><E4/><V7/><F30/><W111/><G111/><T50/><D50/><U130/><E130/><V24/><F7/><W79/><G120/><T39/><D39/><U59/><E59/><V135/><F135/><W88/><G122/><T89/><D6/><U63/><E63/><RYUUKYOKU ba="1,1" sc="430,-10,180,30,190,-10,190,-10" hai1="17,23,51,52,58,60,61,62,84,87,96,101,107" /><INIT seed="1,2,1,3,0,29" ten="420,210,180,180" oya="1" hai0="39,67,2,36,48,7,41,47,58,43,115,49,85" hai1="87,116,19,30,95,94,76,75,98,92,105,63,101" hai2="114,24,57,80,9,72,73,5,11,59,104,71,46" hai3="84,102,133,53,99,44,66,106,125,52,3,22,131"/><U129/><E30/><V55/><F71/><W8/><G125/><T78/><D2/><U32/><E32/><V42/><F104/><W86/><G131/><T91/><D78/><U68/><E19/><V124/><F124/><W56/><G133/><T60/><D7/><U1/><E1/><V88/><F114/><W132/><G132/><T82/><D115/><U54/><E54/><V130/><F24/><W12/><G66/><T64/><D64/><U81/><E63/><V61/><F59/><W90/><G22/><T50/><D50/><U118/><E68/><V10/><F5/><W34/><G34/><T38/><D38/><U70/><E70/><V96/><F130/><W93/><G3/><T127/><D127/><U122/><E122/><V40/><F40/><W74/><G74/><T45/><AGARI ba="2,1" hai="36,39,41,43,45,47,48,49,58,60,67,82,85,91" machi="45" ten="30,2000,0" yaku="0,1,9,1" doraHai="29" who="0" fromWho="0" sc="420,36,210,-12,180,-7,180,-7" /><INIT seed="2,0,0,1,2,82" ten="456,198,173,173" oya="2" hai0="67,26,89,66,120,103,111,5,122,107,133,92,117" hai1="32,11,52,75,36,91,31,90,74,85,94,59,10" hai2="130,101,98,8,100,93,37,73,83,77,109,115,129" hai3="28,88,125,72,80,38,33,7,51,96,105,56,58"/><V6/><F37/><W126/><G38/><T45/><D111/><U47/><E32/><V124/><F115/><W55/><G7/><T60/><D133/><U19/><E31/><V106/><F8/><W71/><G71/><T119/><D5/><U69/><E69/><V110/><F6/><W46/><G105/><T13/><D13/><U4/><E19/><V39/><F39/><W78/><G28/><T24/><D45/><U23/><E23/><V108/><F124/><N who="3" m="47723" /><G33/><T0/><D103/><N who="2" m="39498" /><F106/><W114/><G114/><T81/><D107/><U112/><E91/><AGARI ba="0,0" hai="73,77,83,91,93,98,108,109,110,129,130" m="39498" machi="91" ten="40,12000,1" yaku="14,1,10,1,34,2" doraHai="82" who="2" fromWho="1" sc="456,0,198,-120,173,120,173,0" /><INIT seed="2,1,0,0,4,63" ten="456,78,293,173" oya="2" hai0="39,60,108,40,51,82,16,68,8,73,78,66,120" hai1="117,41,91,65,121,114,86,20,19,35,58,130,119" hai2="105,89,47,15,54,64,36,27,92,53,45,17,84" hai3="12,9,33,81,90,116,96,5,69,7,107,111,123"/><V49/><F105/><W131/><G116/><T31/><D120/><U26/><E114/><V80/><F27/><W37/><G123/><T125/><D108/><U95/><E121/><V79/><F64/><W29/><G111/><T124/><D39/><U57/><E41/><V113/><F113/><W6/><G37/><T43/><D31/><U55/><E130/><V44/><F36/><W88/><G131/><T70/><D70/><U59/><E35/><V104/><F104/><W56/><G69/><T22/><D8/><U34/><E34/><V132/><F132/><W0/><G33/><T133/><D133/><U99/><E55/><V74/><REACH who="2" step="1"/><F53/><REACH who="2" ten="456,78,283,173" step="2"/><W115/><G115/><T10/><D66/><U4/><E65/><V118/><F118/><W67/><G107/><T87/><D43/><U38/><E38/><V98/><F98/><W102/><G96/><T85/><D40/><U30/><E30/><V75/><F75/><W32/><G29/><T100/><D73/><U13/><E99/><V110/><F110/><W94/><G67/><T128/><D128/><U48/><E119/><V42/><F42/><W97/><G97/><T112/><D112/><U24/><E117/><V50/><F50/><W106/><G106/><T122/><D51/><U46/><E26/><V129/><F129/><W103/><G32/><T77/><D122/><U135/><E135/><V83/><F83/><W2/><G81/><T101/><D82/><U25/><E25/><V18/><F18/><W23/><G102/><T14/><D101/><U52/><E24/><V21/><AGARI ba="1,1" hai="15,17,21,44,45,47,49,54,74,79,80,84,89,92" machi="21" ten="20,7800,0" yaku="1,1,0,1,7,1,53,1" doraHai="63" doraHaiUra="11" who="2" fromWho="2" sc="456,-27,78,-27,283,91,173,-27" /><INIT seed="2,2,0,2,0,37" ten="429,51,374,146" oya="2" hai0="12,121,78,131,10,23,73,96,112,0,59,127,35" hai1="81,94,130,56,13,57,69,99,82,14,102,132,93" hai2="133,50,30,71,122,98,76,62,34,104,55,113,63" hai3="25,65,49,116,53,125,43,60,119,61,85,24,1"/><V120/><F113/><W106/><G106/><T89/><D35/><U100/><E69/><V117/><F117/><W22/><G1/><T58/><D121/><U64/><E64/><N who="2" m="41367" /><F63/><W47/><G125/><T105/><D112/><U108/><E99/><V135/><F76/><W2/><G2/><T107/><D127/><U70/><E70/><V6/><F6/><W68/><G25/><T36/><D131/><U103/><E130/><V101/><F55/><W38/><G85/><T86/><D0/><U123/><E132/><N who="2" m="50763" /><F50/><W3/><G3/><T118/><D118/><U5/><E5/><V40/><F40/><W27/><G27/><AGARI ba="2,0" hai="27,30,34,98,101,104,120,122" m="50763,41367" machi="27" ten="30,5800,0" yaku="25,1,20,1,23,1" doraHai="37" who="2" fromWho="3" sc="429,0,51,0,374,64,146,-64" /><INIT seed="2,3,0,4,1,50" ten="429,51,438,82" oya="2" hai0="129,114,13,93,86,14,4,134,102,74,98,33,3" hai1="91,21,1,12,111,9,92,52,70,59,80,61,11" hai2="68,51,27,75,124,127,28,18,19,29,31,106,108" hai3="77,24,103,42,130,45,41,84,57,122,22,120,104"/><V54/><F75/><W53/><G130/><T88/><D114/><U56/><E70/><V30/><F106/><W0/><G0/><T125/><D33/><U23/><E111/><V69/><F69/><W32/><G32/><T65/><D74/><U76/><E1/><V101/><F101/><W94/><G104/><T118/><D134/><U62/><E80/><V73/><F73/><W39/><G41/><T7/><D125/><N who="2" m="48202" /><F68/><W132/><G132/><T78/><D129/><U15/><E76/><V43/><F43/><W38/><G38/><T119/><D78/><U58/><E58/><N who="2" m="33119" /><F108/><W85/><G103/><T121/><D121/><U110/><E110/><V55/><F55/><W96/><G77/><T79/><D79/><U71/><E71/><V40/><F40/><W5/><G120/><T17/><D65/><N who="1" m="39079" /><E91/><V67/><F67/><W34/><G122/><T123/><D123/><U128/><E128/><V25/><F25/><W100/><G24/><T26/><D26/><U117/><E92/><V44/><F44/><W35/><G94/><T135/><D135/><U105/><E105/><V72/><F72/><W6/><G45/><T97/><D102/><U113/><E113/><V64/><F64/><W112/><G100/><T46/><D46/><U81/><E81/><V66/><F66/><W16/><G112/><T63/><D93/><U109/><E109/><V8/><F8/><N who="1" m="3145" /><E117/><V107/><F107/><W87/><G39/><T10/><D119/><U95/><E95/><V49/><F49/><W37/><G37/><T90/><D118/><U48/><E48/><V89/><F89/><RYUUKYOKU ba="3,0" sc="429,-15,51,15,438,15,82,-15" hai1="12,15,21,23,52,59,62" hai2="18,19,27,28,29,30,31" /><INIT seed="2,4,0,4,1,18" ten="414,66,453,67" oya="2" hai0="45,72,98,105,30,47,8,34,83,46,49,13,112" hai1="16,121,103,71,125,58,78,59,95,67,48,84,133" hai2="82,109,126,120,6,20,5,24,132,115,57,7,92" hai3="97,91,22,68,79,28,42,53,131,119,110,99,23"/><V80/><F115/><W31/><G119/><T77/><D112/><U102/><E71/><V26/><F120/><W101/><G68/><T63/><D34/><U75/><E75/><V74/><F132/><W51/><G110/><T3/><D3/><U134/><E125/><V32/><F126/><W2/><G2/><T81/><D30/><N who="3" m="11305" /><G131/><T69/><D83/><N who="1" m="47223" /><E121/><V64/><F32/><W14/><G79/><T130/><D130/><U66/><E134/><V50/><F26/><W129/><G129/><T9/><D9/><U85/><E133/><V128/><F128/><W122/><G122/><T116/><D116/><U61/><E85/><V114/><F74/><W106/><G42/><T27/><D105/><U0/><E0/><V135/><F114/><W108/><G108/><T38/><D38/><U1/><E1/><V117/><F117/><W21/><G106/><T43/><D69/><U94/><E95/><V118/><F118/><W70/><G70/><T25/><D72/><U113/><E94/><V90/><F109/><W10/><G91/><T124/><D77/><U19/><E113/><V111/><F111/><W65/><G65/><T88/><D124/><U44/><E67/><V4/><F64/><W73/><G73/><T62/><D88/><U41/><E58/><V39/><F39/><W33/><G33/><T55/><D81/><U89/><E89/><V56/><F135/><W29/><N who="3" m="11313" /><W86/><DORA hai="123" /><G86/><T15/><D98/><U36/><E36/><V104/><F104/><W107/><G107/><T87/><D87/><U40/><E40/><V60/><F90/><RYUUKYOKU ba="4,0" sc="414,-10,66,30,453,-10,67,-10" hai1="16,19,41,44,48,59,61,66,102,103" /><INIT seed="3,5,0,3,5,108" ten="404,96,443,57" oya="3" hai0="81,69,47,62,124,19,10,134,50,116,67,118,7" hai1="41,105,128,103,49,45,66,20,80,65,22,119,68" hai2="84,91,12,72,111,120,37,60,11,122,115,110,112" hai3="61,6,40,24,43,57,9,70,86,130,107,54,99"/><W32/><G130/><T94/><D134/><U133/><E128/><V96/><F37/><W87/><G70/><T1/><D124/><U101/><E133/><V88/><F72/><W38/><G38/><T63/><D63/><U126/><E126/><V34/><F34/><W33/><G33/><T83/><D94/><U59/><E68/><V39/><F39/><W92/><G107/><T35/><D35/><U2/><E2/><V15/><F60/><W71/><G71/><T18/><D83/><U127/><E127/><V85/><F11/><W14/><G24/><T64/><D64/><N who="1" m="24683" /><E105/><V79/><F96/><W132/><G32/><T135/><D135/><U56/><E80/><V0/><F0/><W58/><G58/><N who="1" m="22058" /><E119/><V93/><F93/><W52/><G132/><T4/><D81/><U31/><E31/><V104/><F104/><W82/><G54/><T117/><REACH who="0" step="1"/><D7/><REACH who="0" ten="394,96,443,57" step="2"/><U114/><E103/><V36/><F36/><W77/><G87/><T28/><D28/><U13/><E101/><AGARI ba="5,1" hai="6,9,14,40,43,52,57,61,77,82,86,92,99,101" machi="101" ten="30,5800,0" yaku="7,1,8,1,54,1" doraHai="108" who="3" fromWho="1" sc="394,0,96,-73,443,0,57,83" /><INIT seed="3,6,0,4,0,2" ten="394,23,443,140" oya="3" hai0="36,20,60,101,131,114,8,132,19,49,52,66,79" hai1="83,14,9,45,13,25,85,43,15,1,124,71,126" hai2="35,39,128,0,61,103,37,119,133,58,28,65,84" hai3="123,89,40,33,127,108,77,122,81,94,72,109,98"/><W18/><G33/><T53/><D36/><U93/><E71/><V64/><F119/><W55/><G40/><T80/><D131/><U67/><E67/><V74/><F74/><W10/><G55/><T130/><D130/><U88/><E25/><V121/><F0/><W107/><G18/><T92/><D132/><U120/><E120/><N who="3" m="46122" /><G10/><T75/><D114/><U23/><E23/><V78/><F64/><W97/><G127/><N who="1" m="48682" /><E1/><V5/><F28/><W134/><G134/><T38/><D38/><N who="1" m="21751" /><E83/><V105/><F35/><W90/><G90/><T17/><D17/><AGARI ba="6,0" hai="9,13,14,15,17,85,88,93" m="21751,48682" machi="17" ten="30,2000,0" yaku="18,1,54,1" doraHai="2" who="1" fromWho="0" sc="394,-38,23,38,443,0,140,0" /><INIT seed="4,0,0,2,3,133" ten="356,61,443,140" oya="0" hai0="75,103,113,86,60,3,73,52,123,76,88,106,127" hai1="22,35,19,130,109,107,56,122,2,58,134,102,48" hai2="115,34,74,9,39,79,87,44,111,96,1,64,61" hai3="80,129,131,29,124,72,15,45,105,63,83,21,57"/><T82/><D123/><U110/><E122/><V41/><F111/><W118/><G118/><T51/><D3/><U114/><E35/><V94/><F34/><W108/><G108/><T90/><D113/><U16/><E2/><V119/><F115/><W14/><G105/><T89/><D60/><U99/><E114/><V50/><F50/><W91/><G45/><T32/><D32/><U68/><E68/><V12/><F119/><W69/><G69/><T62/><D62/><U8/><E134/><V126/><F87/><W23/><G91/><T66/><D66/><U20/><E130/><V6/><F12/><W98/><G98/><T5/><D5/><U18/><E8/><V135/><F135/><W13/><G124/><T28/><D28/><U104/><E110/><V70/><F126/><W0/><G0/><T117/><D117/><U71/><E71/><V46/><F46/><W112/><G112/><T40/><D40/><U11/><E11/><V97/><F94/><W47/><G47/><T49/><D127/><U92/><E109/><V26/><F26/><W77/><G80/><AGARI ba="0,0" hai="1,6,9,39,41,44,61,64,70,74,79,80,96,97" machi="80" ten="40,2600,0" yaku="25,2" doraHai="133" who="2" fromWho="3" sc="356,0,61,0,443,26,140,-26" /><INIT seed="5,0,0,4,2,25" ten="356,61,469,114" oya="1" hai0="27,48,15,35,21,111,127,39,67,83,79,40,33" hai1="62,98,22,108,23,131,113,16,70,52,121,109,26" hai2="18,49,38,19,29,90,63,94,8,132,86,128,103" hai3="0,60,50,43,85,95,88,102,55,14,81,66,28"/><U119/><E121/><V78/><F38/><W57/><G0/><T12/><D111/><N who="1" m="42571" /><E119/><V46/><F132/><W92/><G43/><T87/><D39/><U73/><E73/><V134/><F134/><W2/><G2/><T53/><D127/><U13/><E113/><V97/><F128/><W114/><G114/><T106/><D40/><U101/><E131/><V20/><F78/><W5/><G28/><T36/><D36/><U42/><E42/><V100/><F63/><W45/><G102/><T82/><D106/><N who="1" m="63799" /><E70/><V93/><F103/><W51/><G51/><T47/><D67/><U135/><E135/><V80/><F94/><W69/><G69/><T116/><D116/><U68/><E68/><V9/><F29/><W56/><G56/><T84/><D35/><U115/><E115/><V74/><F19/><W4/><G4/><T133/><D33/><U64/><E64/><V59/><F59/><W54/><G66/><T24/><D133/><U11/><E26/><N who="2" m="14615" /><F74/><W37/><G37/><T31/><REACH who="0" step="1"/><D27/><REACH who="0" ten="346,61,469,114" step="2"/><U89/><E89/><AGARI ba="0,1" hai="12,15,21,24,31,47,48,53,79,82,83,84,87,89" machi="89" ten="30,12000,2" yaku="1,1,2,1,7,1,8,1,52,1,53,1" doraHai="25" doraHaiUra="75" who="0" fromWho="1" sc="346,130,61,-120,469,0,114,0" owari="476,58.0,-59,-56.0,469,27.0,114,-29.0" /></mjloggm>