<mjloggm ver="2.3"><GO type="225" lobby="0"/><UN n0="%E5%8D%A0%E3%81%84%E5%B8%AB%E8%A3%8F%E3%81%AA%E3%81%84%E3%81%97" n1="%E3%81%B1%E3%83%BC%E3%81%9B%E3%82%93%E3%81%A8%E4%BE%8D" n2="%56%65%6E%75%73%53%61%79" n3="%E3%81%95%E3%82%93%E3%81%AE%E3%81%BF%E3%83%BC%5F%64%73" dan="16,18,16,16" rate="2192.82,2207.84,2196.68,2119.81" sx="M,M,M,M"/><TAIKYOKU oya="0"/><INIT seed="0,0,0,4,4,117" ten="250,250,250,250" oya="0" hai0="79,32,135,15,82,132,99,64,6,38,115,14,130" hai1="93,8,102,97,50,116,44,120,66,57,127,51,47" hai2="101,68,27,133,42,53,28,65,121,1,11,98,78" hai3="35,90,61,77,41,100,109,107,118,122,62,96,85"/><T17/><D115/><U13/><E127/><V23/><F42/><W108/><G118/><T131/><D38/><U89/><E116/><V5/><F133/><N who="0" m="51274" /><D64/><U112/><E120/><V30/><F78/><W22/><G35/><T67/><D67/><U34/><E34/><V37/><F37/><W88/><G41/><T12/><D32/><U91/><E47/><V21/><F121/><W2/><G2/><T71/><D71/><U33/><E33/><N who="2" m="20639" /><F53/><W103/><G122/><T25/><D99/><U105/><E112/><V59/><F59/><W19/><G100/><T125/><D6/><N who="1" m="3223" /><E105/><N who="2" m="63671" /><F30/><W45/><G45/><T114/><D114/><U48/><E44/><V58/><F58/><W56/><G77/><T16/><D25/><U104/><E104/><V76/><F76/><W73/><G73/><N who="0" m="43375" /><D125/><U75/><E75/><V24/><F24/><W52/><G62/><AGARI ba="0,0" hai="48,50,51,57,62,66,89,91,93,97,102" m="3223" machi="62" ten="30,1000,0" yaku="8,1" doraHai="117" who="1" fromWho="3" sc="250,0,250,10,250,0,250,-10" /><AGARI ba="0,0" hai="1,5,11,21,23,62,65,68" m="63671,20639" machi="62" ten="30,1000,0" yaku="25,1" doraHai="117" who="2" fromWho="3" sc="250,0,260,0,250,10,240,-10" /><INIT seed="1,0,0,4,5,66" ten="250,260,260,230" oya="1" hai0="27,72,109,116,9,96,31,92,60,23,34,28,53" hai1="32,38,68,47,49,7,80,4,24,128,44,20,111" hai2="131,132,106,73,95,85,88,35,89,50,48,70,2" hai3="98,134,124,8,14,16,69,12,93,52,133,108,17"/><U25/><E68/><V120/><F120/><W113/><G113/><T114/><D72/><U1/><E128/><V75/><F131/><W83/><G108/><T90/><D109/><U79/><E111/><V45/><F132/><N who="3" m="50795" /><G124/><T6/><D114/><U126/><E1/><V59/><F70/><W76/><G52/><T56/><D116/><U58/><E32/><V57/><F35/><W97/><G93/><T33/><REACH who="0" step="1"/><D31/><REACH who="0" ten="240,260,260,230" step="2"/><U86/><E126/><V103/><F75/><N who="3" m="43423" /><G69/><T54/><D54/><N who="1" m="32079" /><E38/><V61/><F73/><W115/><G115/><T11/><D11/><AGARI ba="0,1" hai="8,11,12,14,16,17,97,98" m="43423,50795" machi="11" ten="30,2000,0" yaku="20,1,54,1" doraHai="66" who="3" fromWho="0" sc="240,-20,260,0,260,0,230,30" /><INIT seed="2,0,0,1,2,21" ten="220,260,260,260" oya="2" hai0="72,12,52,105,77,2,117,127,130,5,35,54,22" hai1="96,69,135,62,47,4,92,113,30,119,120,66,112" hai2="9,90,45,40,68,39,32,3,94,50,42,6,33" hai3="79,34,91,60,101,131,14,8,115,46,103,13,99"/><V106/><F106/><W87/><G34/><T97/><D127/><U114/><E119/><V132/><F132/><W74/><G131/><T128/><D117/><U43/><E135/><V98/><REACH who="2" step="1"/><F68/><REACH who="2" ten="220,260,250,260" step="2"/><W78/><G115/><T104/><D104/><U95/><E114/><V44/><AGARI ba="0,1" hai="3,6,9,32,33,39,40,42,44,45,50,90,94,98" machi="44" ten="30,6000,0" yaku="1,1,2,1,0,1,53,0" doraHai="21" doraHaiUra="126" who="2" fromWho="2" sc="220,-20,260,-20,250,70,260,-20" /><INIT seed="2,1,0,2,5,122" ten="200,240,320,240" oya="2" hai0="23,64,121,79,118,89,112,87,109,62,55,28,24" hai1="57,103,21,127,107,90,131,125,5,38,43,85,63" hai2="32,102,119,33,69,110,45,0,17,4,135,120,97" hai3="8,71,117,31,81,114,76,91,78,113,86,58,49"/><V14/><F120/><W134/><G117/><T52/><D121/><U100/><E131/><V2/><F119/><W84/><G71/><T132/><D118/><U133/><E133/><V106/><F69/><W25/><G134/><T1/><D112/><N who="3" m="43113" /><G8/><T6/><D132/><U130/><E130/><V68/><F68/><W30/><G30/><T111/><D79/><U99/><E5/><V82/><F4/><W22/><G86/><T56/><D6/><U53/><E100/><V34/><F135/><W3/><G3/><T88/><D89/><U72/><E72/><V41/><F82/><W29/><G29/><T75/><D75/><U12/><E21/><V40/><F40/><W83/><G83/><N who="0" m="49279" /><D1/><U11/><E43/><V36/><REACH who="2" step="1"/><F110/><AGARI ba="1,0" hai="23,24,28,52,55,56,62,64,109,110,111" m="49279" machi="110" ten="30,12000,2" yaku="14,1,52,3,54,2" doraHai="122" who="0" fromWho="2" sc="200,123,240,0,320,-123,240,0" /><INIT seed="3,0,0,3,2,21" ten="323,240,197,240" oya="3" hai0="124,37,81,85,86,53,67,101,99,42,61,110,79" hai1="109,49,57,62,5,29,3,127,54,52,121,50,6" hai2="114,82,63,69,41,11,14,24,118,112,70,36,44" hai3="98,68,0,15,30,23,31,58,95,55,115,2,122"/><W104/><G115/><T32/><D32/><U78/><E121/><V66/><F118/><W22/><G122/><T123/><D123/><U77/><E109/><V34/><F70/><W45/><G68/><T96/><D110/><U27/><E127/><V103/><F103/><W13/><G104/><T38/><D124/><U87/><E3/><V10/><F82/><W9/><G45/><T83/><D53/><U43/><E43/><V71/><F71/><W91/><G2/><T64/><D42/><U25/><E62/><V113/><REACH who="2" step="1"/><F14/><REACH who="2" ten="323,240,187,240" step="2"/><W19/><G0/><T7/><D101/><U18/><E77/><V117/><F117/><W28/><G22/><T80/><D80/><U46/><E78/><V135/><F135/><W8/><G13/><T116/><D79/><U134/><E134/><V73/><F73/><W4/><G4/><T100/><D7/><U76/><E76/><V125/><F125/><W89/><G91/><T90/><D90/><U88/><E6/><V132/><F132/><W108/><REACH who="3" step="1"/><G108/><REACH who="3" ten="323,240,187,230" step="2"/><T105/><D116/><U129/><E5/><V47/><F47/><W120/><G120/><T59/><D105/><U106/><E106/><V72/><F72/><W48/><AGARI ba="0,2" hai="8,9,15,19,23,28,30,31,48,55,58,89,95,98" machi="48" ten="30,11700,0" yaku="1,1,0,1,8,1,53,1" doraHai="21" doraHaiUra="51" who="3" fromWho="3" sc="323,-39,240,-39,187,-39,230,137" owari="284,8.0,201,-20.0,148,-35.0,367,47.0" /></mjloggm>