<mjloggm ver="2.3"><GO type="169" lobby="0"/><UN n0="%E6%98%8E%E6%97%A5%E3%81%AE%E3%82%86%E3%81%8F%E3%81%88" n1="%E3%81%AE%E3%81%B3%E3%81%97%E3%82%8D%E2%99%82" n2="%6B%69%72%61%72%69%79%75" n3="%E3%82%AD%E3%83%B3%E3%82%B0%E3%81%82%E3%81%A4%E3%81%97" dan="17,16,16,17" rate="2229.32,2100.15,2097.28,2127.03" sx="F,M,M,M"/><TAIKYOKU oya="0"/><INIT seed="0,0,0,5,0,22" ten="250,250,250,250" oya="0" hai0="46,85,96,45,113,31,20,77,115,49,121,128,19" hai1="124,5,27,108,71,42,40,15,23,95,116,109,59" hai2="110,80,118,1,79,63,39,122,111,13,112,18,84" hai3="130,105,51,10,76,67,89,61,53,125,62,33,34"/><T104/><D121/><U48/><E116/><V133/><F122/><W91/><G105/><T26/><D128/><U98/><E124/><V132/><F39/><W102/><G102/><T56/><D115/><U3/><E71/><V86/><F118/><W12/><G76/><T119/><D119/><U28/><E3/><V58/><F1/><W29/><G125/><T4/><D113/><U37/><E37/><V2/><F2/><W134/><G134/><N who="2" m="51817" /><F86/><W9/><G9/><T16/><D4/><U38/><E38/><V7/><F7/><W44/><G62/><T54/><D104/><U24/><E109/><V11/><F112/><W32/><G29/><T120/><D96/><U43/><E108/><V0/><F0/><W75/><G75/><T64/><D120/><U47/><E59/><V82/><F80/><W131/><G131/><T90/><D77/><U68/><E68/><V25/><F25/><N who="1" m="9801" /><E28/><V88/><F79/><W70/><REACH who="3" step="1"/><G130/><REACH who="3" ten="250,250,250,240" step="2"/><T17/><REACH who="0" step="1"/><D64/><AGARI ba="0,1" hai="11,13,18,58,63,64,82,84,88,110,111" m="51817" machi="64" ten="30,2000,0" yaku="20,1,54,1" doraHai="22" who="2" fromWho="0" sc="250,-20,250,0,250,30,240,0" /><INIT seed="1,0,0,0,0,40" ten="230,250,280,240" oya="1" hai0="42,108,115,98,57,77,118,35,73,1,49,53,12" hai1="126,10,65,71,48,21,70,131,32,135,78,114,80" hai2="33,88,95,103,52,17,76,106,110,112,18,99,39" hai3="104,85,117,119,31,24,82,59,37,0,94,6,96"/><U123/><E135/><V128/><F33/><W41/><G104/><T124/><D1/><U63/><E131/><V92/><F39/><W84/><G0/><T116/><D115/><U43/><E126/><V58/><F128/><W46/><G6/><T9/><D124/><U8/><E123/><V30/><F30/><W125/><G59/><T5/><D35/><U38/><E114/><V87/><F112/><W62/><G62/><T60/><D108/><U97/><E32/><V13/><F110/><W14/><G14/><T86/><D73/><U79/><E79/><V89/><F76/><W28/><G125/><T120/><D120/><U15/><E38/><V113/><F13/><W56/><G56/><T29/><D29/><N who="3" m="11337" /><G82/><N who="0" m="47439" /><D98/><U133/><E133/><V64/><F64/><W20/><G20/><T7/><D7/><U129/><E129/><V47/><F113/><W69/><G24/><T102/><D102/><U134/><E134/><V66/><F66/><W44/><G69/><T68/><D68/><U132/><E132/><V2/><F2/><W4/><G4/><T55/><D55/><U91/><E71/><V27/><F27/><W34/><G34/><T3/><D3/><U26/><E26/><V74/><F74/><W75/><G75/><T45/><AGARI ba="0,0" hai="5,9,12,42,45,49,53,57,60,116,118" m="47439" machi="45" ten="30,2000,0" yaku="25,1,52,1" doraHai="40" who="0" fromWho="0" sc="230,20,250,-10,280,-5,240,-5" /><INIT seed="2,0,0,5,2,36" ten="250,240,275,235" oya="2" hai0="79,120,69,23,13,4,0,21,62,47,10,86,83" hai1="40,75,71,77,37,81,91,35,131,33,8,114,28" hai2="133,57,14,117,32,3,87,92,12,100,46,63,105" hai3="119,88,30,43,135,64,38,5,89,122,18,44,72"/><V124/><F3/><W82/><G122/><T112/><D112/><U113/><E131/><V41/><F32/><W34/><G119/><T17/><D120/><U2/><E91/><V68/><F68/><W31/><G18/><T90/><D69/><U22/><E22/><V24/><F117/><W97/><G135/><T39/><D62/><U45/><E71/><V110/><F133/><W67/><G5/><T29/><D29/><U121/><E121/><V128/><F24/><W60/><G67/><T76/><REACH who="0" step="1"/><D21/><REACH who="0" ten="240,240,275,235" step="2"/><U51/><E28/><V129/><F63/><W66/><G60/><T101/><D101/><U16/><E114/><V56/><F100/><W130/><G30/><T53/><D53/><U134/><E113/><V127/><F129/><W73/><G130/><T50/><D50/><U26/><E134/><V104/><F128/><W11/><G31/><T15/><D15/><U103/><E103/><V70/><F12/><W116/><G34/><T58/><D58/><U74/><E35/><V109/><F14/><W42/><G116/><T1/><D1/><U93/><E33/><V108/><F70/><W61/><G61/><T78/><D78/><U84/><E2/><V132/><F132/><W55/><G55/><T107/><D107/><N who="2" m="41034" /><F57/><W52/><G52/><T126/><D126/><U118/><E118/><V9/><F56/><W102/><G102/><T7/><D7/><U96/><E51/><N who="2" m="27087" /><F9/><W48/><G48/><T20/><D20/><N who="1" m="13575" /><E8/><V99/><F127/><W106/><G11/><T95/><D95/><U49/><E49/><V85/><F124/><W54/><G106/><RYUUKYOKU ba="0,1" sc="240,10,240,10,275,10,235,-30" hai0="0,4,10,13,17,23,39,47,76,79,83,86,90" hai1="37,40,45,74,75,77,81,84,93,96" hai2="85,87,92,99,108,109,110" /><INIT seed="2,1,1,4,3,40" ten="250,250,285,205" oya="2" hai0="82,54,93,33,121,69,90,15,6,23,97,72,41" hai1="87,113,133,63,42,2,99,38,132,43,101,106,134" hai2="80,21,105,125,91,110,32,18,12,60,124,29,7" hai3="115,123,68,129,53,81,5,0,25,98,8,58,24"/><V79/><F105/><W95/><G123/><T77/><D121/><U116/><E113/><V86/><F110/><W34/><G129/><T9/><D33/><U102/><E116/><V85/><F7/><W111/><G115/><T26/><D69/><U104/><E2/><V64/><F29/><W114/><G114/><T66/><D66/><U103/><E63/><V59/><REACH who="2" step="1"/><F32/><REACH who="2" ten="250,250,275,205" step="2"/><W112/><G34/><T78/><D72/><U74/><E74/><V122/><F122/><W131/><G111/><T56/><D41/><U76/><E43/><V120/><F120/><W83/><G112/><T35/><D35/><U37/><E106/><V89/><F89/><W73/><G73/><T128/><D128/><U119/><E42/><V65/><F65/><W46/><G131/><T19/><REACH who="0" step="1"/><D82/><AGARI ba="1,2" hai="12,18,21,59,60,64,79,80,82,85,86,91,124,125" machi="82" ten="40,2000,0" yaku="1,1,53,0" doraHai="40" doraHaiUra="20" who="2" fromWho="0" sc="250,-23,250,0,275,43,205,0" /><INIT seed="2,2,0,1,3,77" ten="227,250,318,205" oya="2" hai0="97,60,100,86,33,37,124,123,13,83,45,61,119" hai1="69,49,42,111,88,21,134,79,65,17,66,38,19" hai2="135,95,1,75,20,5,56,126,125,78,14,85,68" hai3="50,84,81,63,51,106,76,114,80,107,71,113,35"/><V67/><F68/><W44/><G35/><T12/><D123/><U89/><E111/><V18/><F135/><W24/><G24/><T101/><D33/><U132/><E38/><V82/><F1/><W73/><G71/><T115/><D115/><N who="3" m="44041" /><G63/><T93/><D124/><N who="2" m="47722" /><F5/><W130/><G130/><T39/><D119/><U121/><E121/><V15/><F67/><W116/><G116/><T7/><D100/><U36/><E36/><V131/><F56/><W26/><G26/><T4/><D39/><U62/><E79/><V55/><F55/><N who="3" m="30151" /><G51/><T25/><D25/><U3/><E3/><V72/><F131/><W16/><G16/><T133/><D45/><U117/><E117/><V57/><F57/><W127/><G127/><T99/><D37/><U109/><E134/><V92/><F14/><N who="0" m="5738" /><D99/><U120/><E69/><V32/><F32/><W74/><G74/><AGARI ba="2,0" hai="15,18,20,72,74,75,78,82,85,92,95" m="47722" machi="74" ten="30,2900,0" yaku="18,1,52,1" doraHai="77" who="2" fromWho="3" sc="227,0,250,0,318,35,205,-35" /><INIT seed="2,3,0,4,0,82" ten="227,250,353,170" oya="2" hai0="90,51,1,74,41,86,109,14,104,80,8,37,20" hai1="62,46,39,116,131,17,58,88,26,103,11,6,102" hai2="132,64,21,100,128,77,3,10,94,68,35,98,85" hai3="5,38,121,108,122,119,134,73,79,27,49,63,32"/><V107/><F35/><W40/><G49/><T60/><D109/><U42/><E131/><V31/><F128/><W93/><G93/><T28/><D104/><U4/><E116/><V125/><F125/><W61/><G119/><T19/><D74/><U22/><E4/><V69/><F132/><W110/><G134/><T44/><D37/><U9/><E9/><V133/><F133/><W0/><G63/><T15/><D1/><U81/><E81/><V34/><F34/><W97/><G61/><T2/><D2/><U123/><E123/><N who="3" m="47114" /><G97/><T43/><D60/><U91/><E103/><V76/><F76/><W118/><G79/><T117/><D117/><U113/><E102/><V48/><F48/><W12/><G12/><T24/><REACH who="0" step="1"/><D15/><REACH who="0" ten="217,250,353,170" step="2"/><U89/><E113/><V25/><F3/><W50/><G73/><T70/><D70/><U135/><E135/><V101/><F68/><W71/><G71/><T78/><D78/><U66/><REACH who="1" step="1"/><E91/><REACH who="1" ten="217,240,353,170" step="2"/><V127/><F101/><W33/><G118/><T53/><AGARI ba="3,2" hai="8,14,19,20,24,28,41,43,44,51,53,80,86,90" machi="53" ten="20,12000,2" yaku="1,1,0,1,7,1,25,2,8,1,52,1,53,0" doraHai="82" doraHaiUra="67" who="0" fromWho="0" sc="217,149,240,-33,353,-63,170,-33" /><INIT seed="3,0,0,5,5,77" ten="366,207,290,137" oya="3" hai0="105,114,64,123,122,70,58,27,87,88,84,92,55" hai1="67,71,129,126,10,99,134,26,36,106,2,85,100" hai2="117,49,103,34,124,132,75,44,82,42,81,37,50" hai3="0,102,15,119,11,107,91,83,7,78,45,66,41"/><W43/><G119/><T95/><D105/><U35/><E134/><V3/><F117/><W29/><G66/><T115/><D64/><U12/><E129/><V21/><F34/><W112/><G112/><N who="0" m="43051" /><D70/><U4/><E126/><V113/><F113/><W53/><G91/><N who="0" m="53351" /><D27/><U131/><E131/><V121/><F132/><W30/><G102/><T97/><D55/><U130/><E130/><V96/><F75/><W69/><G107/><T14/><D14/><U73/><E85/><V127/><F3/><W98/><G69/><T51/><D51/><N who="2" m="19466" /><F121/><N who="0" m="46090" /><D58/><U54/><E12/><V47/><F47/><W76/><G0/><T20/><D20/><U72/><E54/><V65/><F65/><W120/><G120/><T111/><D97/><U128/><E36/><V59/><F21/><W133/><G98/><T89/><D89/><U48/><E48/><V118/><F59/><W116/><G133/><T32/><D32/><U1/><E1/><V86/><F118/><W17/><G116/><T90/><D90/><U23/><E128/><V60/><F60/><W39/><G53/><T63/><D63/><N who="1" m="40447" /><E23/><V28/><F28/><AGARI ba="0,0" hai="2,4,10,26,28,35,72,73,99,100,106" m="40447" machi="28" ten="30,3900,0" yaku="25,1,33,2" doraHai="77" who="1" fromWho="2" sc="366,0,207,39,290,-39,137,0" /><INIT seed="4,0,0,4,1,79" ten="366,246,251,137" oya="0" hai0="108,2,44,68,113,97,78,94,36,127,91,7,46" hai1="6,86,109,70,41,48,5,73,32,20,27,12,14" hai2="80,74,99,126,35,111,103,13,115,71,15,118,29" hai3="88,4,106,90,129,55,122,17,98,89,82,96,9"/><T59/><D68/><U43/><E109/><V92/><F111/><W18/><G129/><T10/><D108/><U95/><E73/><V101/><F118/><W33/><G33/><T22/><D127/><U114/><E114/><V72/><F115/><W3/><G122/><T39/><D113/><U51/><E70/><V121/><F121/><W105/><G55/><T1/><D1/><U130/><E130/><V40/><F72/><W85/><G98/><T49/><D59/><U28/><E48/><V124/><F40/><W42/><G42/><T60/><D60/><U50/><E50/><V37/><F37/><W123/><G123/><T76/><D39/><U93/><E93/><V34/><F103/><W0/><G0/><T116/><D116/><U77/><E41/><V83/><F74/><W24/><G24/><T67/><D67/><U110/><E110/><V21/><F71/><W128/><G128/><T107/><D107/><U134/><E134/><V135/><F135/><W81/><G105/><T104/><D104/><U119/><E119/><V8/><F21/><W84/><G90/><T26/><D36/><U23/><E32/><N who="2" m="12331" /><F29/><W58/><G58/><T45/><D49/><U66/><E66/><V30/><F30/><W112/><G112/><T100/><D100/><AGARI ba="0,0" hai="3,4,9,17,18,81,82,84,85,88,89,96,100,106" machi="100" ten="40,8000,1" yaku="9,1,52,2,54,1" doraHai="79" who="3" fromWho="0" sc="366,-80,246,0,251,0,137,80" /><INIT seed="5,0,0,0,2,103" ten="286,246,251,217" oya="1" hai0="52,98,121,45,64,94,29,22,70,61,18,129,21" hai1="7,82,92,75,104,115,110,53,118,93,109,54,13" hai2="69,59,23,58,119,97,79,10,42,133,55,73,8" hai3="135,41,134,62,71,34,37,17,39,47,33,48,27"/><U19/><E115/><V68/><F119/><W1/><G1/><T80/><D129/><U89/><E118/><V126/><F126/><W87/><G87/><T112/><D112/><U100/><E7/><V65/><F42/><W117/><G117/><T0/><D121/><U16/><E19/><V111/><F111/><W49/><G17/><T67/><D0/><U44/><E93/><V12/><F23/><W51/><G27/><N who="0" m="16623" /><D70/><U74/><E53/><V46/><F46/><N who="3" m="25807" /><G33/><T108/><D80/><U77/><E75/><V15/><F68/><W72/><G34/><T83/><D83/><U76/><E76/><V4/><F69/><W102/><G102/><N who="0" m="60759" /><D108/><U106/><E100/><V85/><F73/><W127/><G72/><T26/><D45/><U88/><E110/><V95/><F79/><W96/><G96/><T84/><D84/><U123/><E109/><V9/><F85/><W99/><G99/><T124/><D124/><U101/><E101/><V24/><F24/><W20/><G20/><T30/><D18/><U50/><E123/><V25/><F25/><W116/><G116/><T114/><D114/><U107/><REACH who="1" step="1"/><E92/><REACH who="1" ten="286,236,251,217" step="2"/><V38/><F95/><W90/><G127/><T6/><D6/><U128/><E128/><V35/><F4/><W130/><G130/><T125/><D125/><U60/><E60/><V63/><F63/><W36/><G90/><T14/><D14/><U56/><E56/><AGARI ba="0,1" hai="22,26,30,52,56,61,64,67" m="60759,16623" machi="56" ten="30,2000,0" yaku="8,1,54,1" doraHai="103" who="0" fromWho="1" sc="286,30,236,-20,251,0,217,0" /><INIT seed="6,0,0,4,1,78" ten="316,216,251,217" oya="2" hai0="132,116,91,24,52,134,100,49,71,44,38,15,98" hai1="126,115,67,37,59,26,60,22,124,33,9,7,92" hai2="32,97,120,79,42,108,3,55,89,13,12,23,113" hai3="101,109,73,48,65,105,68,64,6,58,114,21,77"/><V81/><F120/><W30/><G109/><T133/><D116/><U117/><E33/><V83/><F32/><W119/><G119/><T51/><D71/><U4/><E117/><V53/><F3/><W69/><G6/><T93/><D38/><U130/><E115/><V74/><F108/><W128/><G105/><T66/><D66/><U106/><E106/><V111/><F111/><W123/><G101/><T35/><D15/><U102/><E37/><V50/><F113/><W31/><G123/><T43/><D24/><U46/><E46/><V94/><F42/><W2/><G2/><T131/><D131/><U96/><E130/><V103/><F55/><N who="3" m="32103" /><G114/><T104/><D35/><U34/><E34/><V39/><F39/><W87/><G73/><T95/><D91/><U76/><E76/><V28/><F28/><N who="3" m="10795" /><G21/><T62/><D62/><U18/><REACH who="1" step="1"/><E9/><REACH who="1" ten="316,206,251,217" step="2"/><V40/><F23/><W90/><G77/><T99/><D104/><U88/><E88/><V16/><F79/><W122/><G128/><T127/><D100/><U107/><E107/><V27/><F103/><W36/><G36/><T0/><D44/><U47/><E47/><N who="2" m="27871" /><F74/><W20/><G20/><T45/><D45/><U72/><E72/><V80/><F40/><W54/><G122/><T70/><D43/><U5/><AGARI ba="0,1" hai="4,5,7,18,22,26,59,60,67,92,96,102,124,126" machi="5" ten="30,2000,0" yaku="1,1,0,1,53,0" doraHai="78" doraHaiUra="129" who="1" fromWho="1" sc="316,-5,206,30,251,-10,217,-5" /><INIT seed="7,0,0,0,0,36" ten="311,236,241,212" oya="3" hai0="51,18,50,102,107,3,99,110,80,27,57,45,69" hai1="86,115,10,104,123,105,13,89,97,113,131,127,60" hai2="100,129,8,90,22,134,64,49,111,24,43,12,132" hai3="85,20,53,31,52,7,130,44,55,48,117,118,29"/><W98/><G118/><T35/><D69/><U33/><E123/><V46/><F111/><W4/><G117/><T14/><D3/><U37/><E33/><V78/><F129/><W40/><G130/><T95/><D110/><U23/><E131/><V128/><F128/><W112/><G112/><N who="1" m="43082" /><E127/><V133/><F100/><W76/><G98/><T87/><D107/><U79/><E37/><V122/><F122/><W0/><G0/><T17/><D35/><U67/><E23/><V83/><F90/><W94/><G94/><T101/><D101/><U28/><E28/><N who="3" m="10826" /><G20/><N who="0" m="13711" /><D57/><N who="1" m="37263" /><E79/><V34/><F64/><W5/><G5/><T82/><D45/><U106/><E97/><V92/><F92/><W75/><G75/><T25/><D82/><AGARI ba="0,0" hai="4,7,40,44,48,52,53,55,76,82,85" m="10826" machi="82" ten="30,5800,0" yaku="8,1,52,1,54,1" doraHai="36" who="3" fromWho="0" sc="311,-58,236,0,241,0,212,58" /><INIT seed="7,1,0,5,2,6" ten="253,236,241,270" oya="3" hai0="61,69,35,12,99,132,121,23,53,1,78,11,76" hai1="124,40,110,18,54,120,21,68,36,8,39,45,66" hai2="28,65,33,16,96,10,27,32,58,100,129,109,84" hai3="59,88,51,38,75,118,49,102,3,106,108,119,87"/><W74/><G38/><T83/><D121/><U46/><E124/><V80/><F109/><W127/><G3/><T93/><D35/><U125/><E125/><V25/><F129/><W133/><G127/><T0/><D132/><U55/><E110/><V9/><F65/><W4/><G4/><T62/><D23/><U111/><E111/><V98/><F58/><W81/><G108/><T95/><D69/><U71/><E120/><V131/><F131/><W86/><G59/><T30/><D30/><U7/><E71/><V67/><F67/><W103/><G133/><T73/><D78/><U43/><E66/><V64/><F64/><W85/><G49/><T13/><D13/><U115/><E115/><V117/><F117/><N who="3" m="44555" /><G51/><T60/><D53/><U112/><E112/><V92/><F98/><N who="3" m="61783" /><G103/><T126/><D93/><U104/><E104/><V122/><F122/><W37/><G37/><T56/><D56/><U72/><E72/><AGARI ba="1,0" hai="72,74,75,81,85,86,87,88" m="61783,44555" machi="72" ten="30,5800,0" yaku="34,2,54,1" doraHai="6" who="3" fromWho="1" sc="253,0,236,-61,241,0,270,61" owari="253,5.0,175,-32.0,241,-16.0,331,43.0" /></mjloggm>