<mjloggm ver="2.3"><GO type="169" lobby="0"/><UN n0="%E5%A6%99%E6%89%8D" n1="%46%49%4E%48%E7%B4%A0%E9%9D%A2" n2="%59%6F%73%73%79" n3="%46%45%41%54%48%45%52" dan="16,16,16,17" rate="2072.37,2151.03,2102.75,2189.89" sx="M,M,M,M"/><TAIKYOKU oya="0"/><INIT seed="0,0,0,5,0,99" ten="250,250,250,250" oya="0" hai0="82,12,25,114,91,93,4,61,125,72,29,58,78" hai1="100,33,105,63,50,9,36,85,112,134,113,64,74" hai2="39,106,56,97,60,94,117,103,5,80,69,28,124" hai3="8,66,76,73,57,30,84,123,2,51,101,19,132"/><T110/><D114/><N who="1" m="44139" /><E85/><V104/><F39/><W81/><G132/><T35/><D125/><U53/><E9/><V26/><F124/><W1/><G123/><T54/><D110/><U83/><E36/><V127/><F127/><W92/><G30/><T47/><D47/><U11/><E11/><V13/><F69/><W10/><G10/><T75/><D12/><U118/><E134/><V32/><F13/><W128/><G128/><T0/><D0/><U111/><E111/><V62/><F5/><W116/><G116/><T120/><D120/><U45/><E33/><V7/><F7/><W20/><G8/><T55/><D4/><U44/><E44/><V52/><F117/><W31/><G31/><T41/><D41/><U135/><E135/><V130/><F130/><W3/><G73/><T70/><D70/><U131/><E131/><V87/><REACH who="2" step="1"/><F62/><REACH who="2" ten="250,250,240,250" step="2"/><W22/><G1/><T34/><D34/><U42/><E118/><V115/><F115/><W14/><G2/><T95/><D61/><U119/><E119/><V46/><F46/><W122/><G3/><T23/><D35/><U40/><E40/><V102/><F102/><W49/><G101/><T86/><D58/><U27/><E42/><V43/><F43/><W21/><G14/><T107/><D25/><U38/><E27/><V89/><AGARI ba="0,1" hai="26,28,32,52,56,60,80,87,89,94,97,103,104,106" machi="89" ten="20,8000,1" yaku="1,1,0,1,7,1,52,1,54,1,53,0" doraHai="99" doraHaiUra="71" who="2" fromWho="2" sc="250,-40,250,-20,240,90,250,-20" /><INIT seed="1,0,0,3,2,134" ten="210,230,330,230" oya="1" hai0="122,125,130,14,41,26,23,84,123,82,17,85,105" hai1="27,97,12,107,76,133,48,94,74,102,70,78,22" hai2="39,132,128,11,20,33,37,71,116,131,46,63,25" hai3="47,96,103,6,80,95,52,1,86,43,7,93,98"/><U54/><E70/><V119/><F33/><W104/><G104/><T87/><D105/><U19/><E133/><V60/><F132/><W79/><G1/><T3/><D3/><U62/><E74/><V13/><F46/><W121/><G121/><N who="0" m="46091" /><D41/><U64/><E107/><V73/><F73/><W110/><G110/><T16/><D130/><N who="2" m="49706" /><F20/><W24/><G24/><T112/><D112/><U42/><E42/><V57/><F25/><W32/><G32/><T35/><D125/><U18/><E64/><N who="2" m="41351" /><F13/><W58/><G47/><T65/><D65/><U83/><E62/><V44/><F11/><W21/><G21/><N who="0" m="11447" /><D35/><U111/><E111/><V5/><F5/><W127/><G127/><T108/><D108/><U2/><E2/><V77/><F77/><AGARI ba="0,0" hai="16,23,26,77,82,84,85,87" m="11447,46091" machi="77" ten="30,2000,0" yaku="13,1,54,1" doraHai="134" who="0" fromWho="2" sc="210,20,230,0,330,-20,230,0" /><INIT seed="2,0,0,4,2,96" ten="230,230,310,230" oya="2" hai0="74,126,19,100,7,79,34,62,57,32,117,6,22" hai1="14,101,112,55,127,10,121,23,81,18,84,51,95" hai2="134,83,120,41,124,109,24,28,44,103,68,64,92" hai3="50,85,104,4,77,106,35,58,33,75,27,16,3"/><V59/><F120/><W8/><G75/><T97/><D126/><U49/><E127/><V102/><F68/><W80/><G58/><T15/><D117/><U88/><E112/><V38/><F124/><W130/><G130/><T39/><D39/><U122/><E122/><V66/><F134/><W113/><G113/><T26/><D74/><U119/><E119/><V45/><F92/><W76/><G76/><T46/><D79/><U63/><E121/><V111/><F45/><W20/><REACH who="3" step="1"/><G50/><REACH who="3" ten="230,230,310,220" step="2"/><T30/><D34/><AGARI ba="0,1" hai="3,4,8,16,20,27,33,34,35,77,80,85,104,106" machi="34" ten="40,5200,0" yaku="1,1,2,1,54,1,53,0" doraHai="96" doraHaiUra="70" who="3" fromWho="0" sc="230,-52,230,0,310,0,220,62" /><INIT seed="3,0,0,2,1,81" ten="178,230,310,282" oya="3" hai0="42,54,52,102,113,105,73,70,61,56,1,97,121" hai1="51,45,107,128,23,78,103,106,120,104,62,100,37" hai2="47,28,55,10,86,119,4,108,22,26,123,32,24" hai3="21,3,118,134,98,111,77,132,16,48,122,2,36"/><W83/><G118/><T29/><D121/><U68/><E120/><V80/><F108/><W13/><G122/><T60/><D113/><U112/><E112/><V64/><F64/><W135/><G36/><T43/><D73/><U5/><E128/><V34/><F119/><W90/><G111/><T49/><D1/><U65/><E5/><V72/><F72/><W74/><G48/><T41/><D29/><U130/><E130/><V17/><F34/><W20/><G20/><T84/><D70/><U109/><E109/><V40/><F55/><W27/><G27/><T125/><D125/><U116/><E116/><V126/><F126/><W96/><G96/><T115/><D115/><U93/><E78/><V31/><F17/><W127/><G127/><T9/><D9/><U101/><E23/><V6/><F10/><W79/><G79/><T133/><D133/><U131/><E131/><V66/><F66/><W12/><REACH who="3" step="1"/><G13/><REACH who="3" ten="178,230,310,272" step="2"/><T0/><D0/><U46/><E37/><V114/><F123/><W11/><G11/><T58/><REACH who="0" step="1"/><D84/><REACH who="0" ten="168,230,310,272" step="2"/><U39/><E39/><V50/><F114/><W110/><G110/><T75/><D75/><U53/><REACH who="1" step="1"/><E45/><AGARI ba="0,2" hai="41,42,43,45,49,52,54,56,58,60,61,97,102,105" machi="45" ten="40,5200,0" yaku="1,1,9,1,54,1,53,0" doraHai="81" doraHaiUra="18" who="0" fromWho="1" sc="168,72,230,-52,310,0,272,0" /><INIT seed="4,0,0,5,2,81" ten="240,178,310,272" oya="0" hai0="4,43,57,127,25,15,65,119,18,54,67,35,1" hai1="95,108,69,125,111,30,13,19,21,16,72,62,61" hai2="29,79,115,77,76,36,135,27,5,90,96,8,2" hai3="48,105,47,50,63,86,22,51,23,118,42,133,32"/><T102/><D119/><U33/><E72/><V84/><F115/><W97/><G133/><T37/><D127/><U52/><E125/><V66/><F36/><W49/><G118/><T117/><D117/><U109/><E33/><V70/><F96/><W94/><G32/><T45/><D102/><U7/><E30/><V40/><F40/><W55/><G105/><T120/><D1/><U78/><E78/><V12/><F2/><W68/><G68/><T60/><D120/><U113/><E113/><V130/><F130/><W11/><G11/><T82/><D4/><U122/><E122/><V100/><F100/><W121/><G121/><T0/><D0/><U59/><E7/><V58/><F70/><W3/><G3/><T26/><D82/><U91/><E19/><V44/><F44/><W87/><G63/><T14/><D14/><U28/><E28/><V128/><F128/><W34/><G34/><T9/><D35/><U98/><REACH who="1" step="1"/><E108/><REACH who="1" ten="240,168,310,272" step="2"/><V6/><F5/><W38/><G38/><T46/><D37/><U85/><E85/><N who="3" m="32266" /><G42/><T88/><D43/><U116/><E116/><V56/><F135/><W83/><G83/><T103/><D9/><U80/><E80/><V134/><F8/><W131/><G131/><T132/><D132/><U41/><E41/><V74/><F134/><W75/><G75/><T107/><D107/><U110/><E110/><V39/><F74/><W104/><G104/><T114/><D114/><U106/><E106/><V24/><F39/><W73/><G73/><T99/><D60/><U20/><E20/><N who="2" m="15495" /><F77/><W126/><G126/><T17/><D99/><RYUUKYOKU ba="0,1" sc="240,-15,168,15,310,-15,272,15" hai1="13,16,21,52,59,61,62,69,91,95,98,109,111" hai3="22,23,47,48,49,50,51,55,94,97" /><INIT seed="5,1,1,0,4,42" ten="225,183,295,287" oya="1" hai0="5,55,24,2,4,86,107,58,29,38,9,7,74" hai1="98,20,82,32,66,44,51,25,6,65,63,33,73" hai2="1,39,128,121,100,94,56,84,93,117,113,95,105" hai3="115,61,53,52,15,83,130,35,28,3,67,119,59"/><U101/><E6/><V0/><F117/><W111/><G111/><T21/><D74/><U87/><E73/><V129/><F121/><W64/><G3/><T71/><D71/><U81/><E33/><V114/><F39/><W72/><G115/><N who="2" m="44041" /><F56/><W123/><G123/><T78/><D107/><U91/><E81/><V116/><F116/><W30/><G130/><N who="2" m="50281" /><F84/><W96/><G96/><AGARI ba="1,1" hai="0,1,93,94,95,96,100,105" m="50281,44041" machi="96" ten="40,5200,0" yaku="15,1,11,1,19,1" doraHai="42" who="2" fromWho="3" sc="225,0,183,0,295,65,287,-55" /><INIT seed="6,0,0,1,2,126" ten="225,183,360,232" oya="2" hai0="59,17,86,45,133,69,123,134,19,68,32,98,114" hai1="84,26,80,92,72,38,125,24,99,1,58,18,77" hai2="120,43,47,75,60,81,20,49,107,97,117,67,66" hai3="78,12,46,48,129,73,109,57,104,22,113,122,25"/><V9/><F117/><W105/><G122/><T93/><D123/><U33/><E38/><V100/><F120/><W52/><G109/><T28/><D32/><U128/><E1/><V62/><F9/><W35/><G35/><T7/><D28/><U36/><E36/><V61/><F75/><W2/><G2/><T44/><D7/><U6/><E125/><V3/><F81/><W85/><G73/><T23/><D86/><U121/><E121/><V10/><REACH who="2" step="1"/><F20/><REACH who="2" ten="225,183,350,232" step="2"/><W64/><G22/><T135/><D23/><U96/><E72/><V56/><F56/><W29/><G57/><T53/><D68/><U101/><E33/><V106/><F106/><W51/><G104/><T70/><D70/><U37/><E58/><V34/><F34/><W16/><G105/><T94/><D69/><U79/><E6/><AGARI ba="0,1" hai="3,6,10,43,47,49,60,61,62,66,67,97,100,107" machi="6" ten="40,2000,0" yaku="1,1,53,0" doraHai="126" doraHaiUra="11" who="2" fromWho="1" sc="225,0,183,-20,350,30,232,0" /><INIT seed="6,1,0,1,3,29" ten="225,163,380,232" oya="2" hai0="30,124,125,59,2,5,52,20,31,58,48,26,93" hai1="96,92,104,86,49,6,123,131,73,15,129,126,89" hai2="114,134,75,16,18,105,82,11,53,0,130,85,77" hai3="95,54,120,46,112,19,61,10,66,32,110,24,74"/><V22/><F114/><W106/><G106/><T23/><D2/><U41/><E6/><V103/><F130/><N who="1" m="49673" /><E15/><V88/><F0/><W65/><G74/><T55/><D5/><U42/><E49/><V64/><F11/><W108/><G120/><T47/><D93/><U56/><E56/><V25/><F64/><W60/><G112/><T69/><D69/><U63/><E63/><V71/><F71/><W34/><G95/><T39/><D39/><U67/><E67/><V127/><F134/><W4/><G19/><T3/><D3/><U17/><E17/><V13/><F53/><W37/><G24/><T50/><REACH who="0" step="1"/><D26/><REACH who="0" ten="215,163,380,232" step="2"/><U109/><E123/><V90/><F25/><W100/><G37/><T117/><D117/><U98/><E41/><V45/><F105/><W70/><G70/><T101/><D101/><N who="1" m="62503" /><E42/><V7/><F103/><W8/><G4/><T111/><D111/><U51/><E109/><V9/><F7/><W97/><G100/><T84/><D84/><U28/><E73/><V38/><F75/><W81/><G97/><T35/><D35/><U91/><E28/><V128/><F38/><W99/><G99/><T113/><D113/><U132/><E132/><V107/><F128/><W116/><G116/><T135/><D135/><U68/><E68/><V119/><F119/><W122/><G122/><T57/><D57/><U76/><E126/><V121/><F127/><W14/><G108/><T87/><D87/><U1/><E1/><V36/><F85/><W94/><G110/><T21/><D21/><U118/><E118/><V133/><F121/><W72/><G72/><RYUUKYOKU ba="1,1" sc="215,30,163,-10,380,-10,232,-10" hai0="20,23,30,31,47,48,50,52,55,58,59,124,125" /><INIT seed="7,2,1,2,1,113" ten="245,153,370,222" oya="3" hai0="65,46,118,75,32,109,121,64,89,54,87,29,47" hai1="36,106,49,41,43,59,100,51,134,95,132,38,126" hai2="80,16,66,73,127,17,33,84,117,105,42,23,92" hai3="31,97,71,14,116,63,131,68,52,123,9,44,48"/><W74/><G123/><T79/><D109/><U120/><E95/><V135/><F117/><W76/><G131/><T83/><D118/><U58/><E100/><V37/><F33/><W102/><G31/><T19/><D121/><U5/><E106/><V67/><F73/><W1/><G1/><T0/><D0/><U21/><E5/><V108/><F37/><N who="1" m="14441" /><E21/><V119/><F42/><N who="1" m="15881" /><E126/><V122/><F119/><W124/><G124/><T7/><D7/><U20/><E20/><V98/><F105/><W111/><G116/><T2/><D2/><U82/><E82/><V77/><F17/><W61/><G111/><T4/><D4/><U60/><E60/><V94/><F92/><W55/><G63/><T69/><D29/><U3/><E3/><V129/><F23/><W70/><G76/><T110/><D79/><U50/><E120/><V53/><F122/><W103/><G74/><T91/><D75/><U24/><E24/><V133/><F94/><W8/><G97/><T72/><D72/><U101/><E101/><V85/><F108/><W10/><G14/><T39/><D83/><U45/><E45/><V13/><F80/><W128/><G128/><T27/><D47/><U6/><E6/><V22/><F22/><W57/><AGARI ba="2,1" hai="8,9,10,44,48,52,55,57,61,68,70,71,102,103" machi="57" ten="40,3900,0" yaku="0,1,54,1" doraHai="113" who="3" fromWho="3" sc="245,-15,153,-15,370,-15,222,55" /><INIT seed="7,3,0,4,2,5" ten="230,138,355,277" oya="3" hai0="75,90,39,0,33,98,32,101,62,47,58,7,132" hai1="84,86,81,78,135,131,35,21,107,109,23,15,97" hai2="106,57,54,113,114,68,63,67,53,17,8,99,24" hai3="20,14,61,88,134,94,60,79,9,10,85,66,104"/><W71/><G104/><T42/><D132/><U126/><E35/><V119/><F119/><W56/><G134/><T19/><D75/><U100/><E135/><V16/><F24/><W133/><G133/><T69/><D69/><U13/><E109/><V38/><F38/><W11/><G79/><T95/><D101/><U102/><E131/><V3/><F99/><W2/><G2/><T59/><D59/><U44/><E126/><V87/><F53/><W43/><G43/><T121/><D121/><U51/><E86/><V34/><F34/><W91/><G91/><T117/><D117/><U92/><E13/><V41/><F41/><W45/><G45/><T28/><D28/><U36/><E36/><V65/><F87/><W74/><G74/><T116/><D116/><U128/><E128/><V111/><F111/><W6/><G20/><T76/><D76/><U83/><E83/><V105/><F67/><AGARI ba="3,0" hai="6,9,10,11,14,56,60,61,66,67,71,85,88,94" machi="67" ten="30,12000,1" yaku="7,1,52,3,54,1" doraHai="5" who="3" fromWho="2" sc="230,0,138,0,355,-129,277,129" owari="230,3.0,138,-36.0,226,-17.0,406,50.0" /></mjloggm>