<mjloggm ver="2.3"><GO type="169" lobby="0"/><UN n0="%63%6C%75%74%63%68%37%33" n1="%74%72%6D%65%74%74%6B" n2="%57%68%69%74%65%3F" n3="%6F%6C%69%76%65%72" dan="17,18,16,16" rate="2215.05,2247.00,2105.50,2083.90" sx="M,M,M,M"/><TAIKYOKU oya="0"/><INIT seed="0,0,0,5,3,80" ten="250,250,250,250" oya="0" hai0="29,86,7,4,103,42,44,41,37,3,6,114,27" hai1="88,123,22,51,2,99,68,9,49,105,101,57,48" hai2="135,13,130,32,59,72,52,62,14,77,38,64,97" hai3="12,79,56,124,109,53,128,26,100,98,35,118,133"/><T66/><D114/><U81/><E123/><V58/><F38/><W67/><G118/><T20/><D103/><U91/><E68/><V120/><F32/><W54/><G109/><T85/><D3/><U102/><E102/><V23/><F130/><W119/><G119/><T10/><D10/><U15/><E2/><V112/><F135/><W134/><G128/><T28/><D66/><U60/><E22/><V65/><F72/><W40/><G12/><T89/><D89/><U84/><E91/><V24/><F77/><W94/><G40/><T21/><D42/><U131/><E131/><V87/><F97/><W127/><G79/><T132/><D132/><N who="3" m="50793" /><G67/><T78/><D78/><U36/><E36/><V50/><F65/><W71/><G71/><T126/><D126/><N who="3" m="48169" /><G56/><T111/><D111/><U61/><REACH who="1" step="1"/><E57/><REACH who="1" ten="250,240,250,250" step="2"/><V69/><F69/><W107/><G107/><T93/><REACH who="0" step="1"/><D93/><REACH who="0" ten="240,240,250,250" step="2"/><U5/><AGARI ba="0,2" hai="5,9,15,48,49,51,60,61,81,84,88,99,101,105" machi="5" ten="30,8000,1" yaku="1,1,2,1,0,1,52,1,54,1,53,0" doraHai="80" doraHaiUra="17" who="1" fromWho="1" sc="240,-40,240,100,250,-20,250,-20" /><INIT seed="1,0,0,5,3,92" ten="200,340,230,230" oya="1" hai0="122,71,56,4,11,89,0,84,46,37,65,3,93" hai1="61,121,36,7,132,53,97,91,115,109,123,54,100" hai2="96,18,31,19,67,38,86,17,99,66,60,108,69" hai3="101,120,79,21,72,30,74,111,82,90,20,73,125"/><U12/><E115/><V95/><F38/><W51/><G120/><T131/><D122/><U118/><E118/><V6/><F6/><W57/><G111/><T52/><D131/><U16/><E36/><V70/><F31/><W2/><G2/><T87/><D3/><U33/><E33/><V64/><F108/><W62/><G125/><T23/><D71/><N who="2" m="27146" /><F95/><W43/><G101/><T76/><D65/><U113/><E113/><V133/><F86/><W117/><G90/><T27/><D46/><U81/><E109/><V102/><F102/><W126/><G126/><T129/><D37/><U50/><E7/><V85/><F85/><W128/><G30/><T25/><D129/><U68/><E91/><V75/><F60/><W135/><G73/><T88/><D23/><U22/><E81/><V48/><F48/><W104/><G21/><T9/><D9/><U110/><E110/><V28/><F28/><W59/><G20/><T42/><D42/><U130/><E130/><V34/><F34/><W32/><G43/><T44/><D44/><U112/><E112/><V8/><F8/><W78/><G51/><T45/><D45/><U83/><E50/><V106/><F133/><W29/><G135/><T124/><D76/><U26/><E132/><V98/><F106/><W80/><G104/><T107/><D107/><N who="1" m="63887" /><E83/><V116/><F116/><W119/><G128/><T77/><D77/><U15/><E68/><V5/><F5/><W58/><G62/><N who="0" m="36103" /><D124/><U47/><E47/><V127/><F127/><W41/><G41/><T49/><D49/><U24/><E121/><V35/><F35/><RYUUKYOKU ba="0,0" sc="200,10,340,-30,230,10,230,10" hai0="0,4,11,25,27,84,87,88,89,93" hai2="17,18,19,64,66,67,75,96,98,99" hai3="29,32,57,58,59,72,74,78,79,80,82,117,119" /><INIT seed="2,1,0,5,1,107" ten="210,310,240,240" oya="2" hai0="97,72,30,111,33,37,49,52,126,43,58,68,31" hai1="8,134,61,104,105,96,41,69,92,29,99,26,57" hai2="131,22,47,36,28,128,102,84,25,132,35,112,5" hai3="133,23,15,54,124,85,55,34,42,40,86,110,79"/><V108/><F112/><W127/><G34/><T71/><D111/><U109/><E109/><V123/><F108/><W70/><G70/><T65/><D126/><N who="3" m="48169" /><G110/><T106/><D72/><U10/><E69/><V82/><F132/><W89/><G79/><T4/><D4/><U88/><E134/><V17/><F102/><W74/><G85/><T53/><D53/><N who="3" m="19977" /><G74/><T59/><D59/><U73/><E73/><V7/><F36/><W95/><G133/><T1/><D1/><U103/><E41/><V56/><F47/><W27/><G15/><T98/><D71/><U62/><E105/><V90/><F56/><W101/><G101/><N who="0" m="62767" /><D98/><U80/><E80/><V94/><F82/><W75/><G75/><T100/><D100/><U117/><E117/><V91/><F90/><W78/><G78/><T11/><D33/><U120/><E120/><V116/><F123/><W87/><G86/><T44/><D11/><U118/><E10/><V121/><F116/><W16/><AGARI ba="1,0" hai="16,23,27,40,42,87,89,95" m="19977,48169" machi="16" ten="30,2000,0" yaku="18,1,54,1" doraHai="107" who="3" fromWho="3" sc="210,-6,310,-6,240,-11,240,23" /><INIT seed="3,0,0,0,1,111" ten="204,304,229,263" oya="3" hai0="84,51,83,27,11,42,73,95,122,22,41,8,70" hai1="107,113,59,17,132,47,12,24,62,74,6,54,26" hai2="108,18,110,79,69,82,77,99,44,86,96,106,94" hai3="97,80,66,121,78,133,35,67,90,63,33,39,101"/><W30/><G121/><T81/><D122/><U114/><E74/><V55/><F69/><W129/><G133/><T3/><D70/><U45/><E107/><V20/><F44/><W131/><G39/><T0/><D73/><U128/><E132/><V19/><F55/><W52/><G90/><T123/><D123/><U50/><E6/><V13/><F99/><W126/><G126/><T7/><D95/><U100/><E100/><V98/><F96/><W91/><G91/><T85/><D22/><U72/><E72/><V60/><F106/><N who="3" m="63791" /><G52/><T2/><D2/><U125/><E125/><V118/><F60/><W105/><G105/><T88/><D27/><U135/><E128/><N who="3" m="49226" /><G30/><T25/><D25/><U46/><E62/><V5/><F77/><W130/><G67/><T115/><D51/><U65/><E65/><V31/><F31/><W76/><G76/><T34/><D88/><U93/><E135/><V48/><F48/><W124/><G124/><T56/><D56/><U23/><E26/><V49/><F49/><W134/><G134/><T64/><D64/><U1/><E1/><V53/><F53/><W10/><G130/><T92/><D92/><U43/><E93/><V28/><F28/><W102/><G102/><T112/><REACH who="0" step="1"/><D7/><REACH who="0" ten="194,304,229,263" step="2"/><U127/><E127/><V36/><F94/><W61/><G66/><T87/><D87/><U9/><REACH who="1" step="1"/><E43/><REACH who="1" ten="194,294,229,263" step="2"/><V16/><F98/><W109/><G63/><T116/><D116/><U29/><AGARI ba="0,2" hai="9,12,17,23,24,29,45,46,47,50,54,59,113,114" machi="29" ten="30,16000,3" yaku="1,1,2,1,0,1,52,2,53,3" doraHai="111" doraHaiUra="40" who="1" fromWho="1" sc="194,-40,294,180,229,-40,263,-80" /><INIT seed="4,0,0,0,0,33" ten="154,474,189,183" oya="0" hai0="42,8,6,5,111,88,11,32,105,94,17,117,99" hai1="3,121,68,30,109,52,1,96,20,72,34,28,43" hai2="91,69,81,21,53,84,115,60,37,49,22,120,133" hai3="80,48,55,47,75,82,44,76,112,113,14,70,122"/><T87/><D117/><U64/><E72/><V107/><F37/><W56/><G122/><T124/><D124/><U57/><E121/><V100/><F133/><W103/><G70/><T27/><D111/><U58/><E68/><V125/><F120/><W106/><G82/><T40/><D32/><U15/><E43/><V129/><F129/><W39/><G14/><T62/><D62/><U0/><E109/><V50/><F125/><W51/><G39/><T83/><D105/><U18/><E34/><V61/><F115/><N who="3" m="44107" /><G48/><T65/><D65/><U46/><E46/><N who="3" m="17450" /><G103/><T114/><D114/><U7/><E7/><V35/><F69/><W128/><G106/><T63/><D63/><N who="2" m="24138" /><F100/><W36/><G36/><T92/><D92/><U93/><E64/><V74/><F107/><W73/><G128/><T25/><D17/><U132/><E132/><V118/><F74/><AGARI ba="0,0" hai="51,55,56,73,74,75,76,80" m="17450,44107" machi="74" ten="30,1000,0" yaku="15,1" doraHai="33" who="3" fromWho="2" sc="154,0,474,0,189,-10,183,10" /><INIT seed="5,0,0,5,2,51" ten="154,474,179,193" oya="1" hai0="82,94,91,135,92,65,98,120,46,8,96,103,85" hai1="43,131,7,35,13,57,122,62,53,45,73,114,108" hai2="56,78,36,80,47,115,22,49,84,109,125,60,24" hai3="55,76,134,110,72,74,6,126,117,28,95,21,9"/><U59/><E73/><V69/><F125/><W38/><G110/><T100/><D65/><U5/><E35/><V32/><F32/><W15/><G38/><T79/><D46/><U99/><E122/><V41/><F69/><W129/><G126/><T37/><D37/><U133/><E114/><V11/><F109/><W124/><G124/><T86/><D8/><U1/><E1/><V2/><F36/><W83/><G129/><T70/><D70/><U48/><E108/><V12/><F2/><W89/><G134/><T130/><D135/><U81/><E133/><V20/><F24/><W30/><G117/><T27/><D27/><U121/><E121/><V19/><F115/><W119/><G72/><T112/><D112/><U68/><E68/><V102/><F102/><W52/><G119/><T16/><D16/><U34/><E34/><V3/><F3/><W17/><G30/><T93/><D120/><U39/><E81/><V118/><F118/><W23/><G23/><T123/><D123/><U90/><E131/><AGARI ba="0,0" hai="79,82,85,86,91,92,93,94,96,98,100,103,130,131" machi="131" ten="40,8000,1" yaku="9,1,34,3" doraHai="51" who="0" fromWho="1" sc="154,80,474,-80,179,0,193,0" /><INIT seed="6,0,0,5,2,111" ten="234,394,179,193" oya="2" hai0="87,40,115,101,124,78,47,110,67,127,98,104,16" hai1="96,133,5,33,46,86,28,61,89,54,120,4,93" hai2="20,95,116,37,13,41,24,102,39,31,112,1,119" hai3="88,48,97,74,60,17,123,107,56,114,57,85,82"/><V29/><F1/><W130/><G123/><T106/><D110/><U15/><E33/><V50/><F50/><W34/><G34/><T27/><D67/><U55/><E28/><V21/><F41/><W84/><G74/><T63/><D63/><U75/><E75/><V44/><F44/><W18/><G130/><T42/><D106/><U49/><E133/><V30/><F95/><N who="3" m="56551" /><G107/><T36/><D42/><U64/><E120/><V109/><F102/><W19/><G114/><T6/><D6/><U45/><E15/><V58/><F109/><W126/><G126/><N who="0" m="48171" /><D87/><N who="3" m="33353" /><G82/><T62/><D62/><U43/><E55/><V22/><F112/><W12/><G48/><T81/><D81/><U71/><E86/><V68/><F68/><W35/><G35/><T121/><D78/><U125/><E125/><V118/><F13/><W25/><G25/><T131/><D131/><U77/><E77/><V52/><F24/><W99/><G99/><T72/><D72/><U11/><E11/><V2/><F2/><W65/><G57/><T59/><D59/><U117/><E117/><V23/><N who="2" m="5120" /><DORA hai="53" /><V92/><F92/><W66/><G66/><T9/><D27/><U80/><E80/><V83/><F83/><W100/><G100/><T70/><D121/><U8/><E8/><AGARI ba="0,0" hai="8,12,17,18,19,56,60,65" m="33353,56551" machi="8" ten="30,3900,0" yaku="8,1,52,1,54,1" doraHai="111,53" who="3" fromWho="1" sc="234,0,394,-39,179,0,193,39" /><INIT seed="7,0,0,2,3,8" ten="234,355,179,232" oya="3" hai0="24,129,85,98,53,104,46,93,45,100,121,56,12" hai1="4,122,64,132,87,130,16,114,25,108,70,116,40" hai2="21,37,44,31,2,72,62,0,30,90,80,75,29" hai3="67,55,50,17,34,15,92,106,3,91,110,113,11"/><W1/><G106/><T60/><D121/><U123/><E108/><V134/><F134/><W78/><G113/><T18/><D129/><U14/><E114/><V119/><F119/><W36/><G110/><T66/><D24/><U76/><E116/><V61/><F21/><W125/><G125/><T7/><D7/><U42/><E130/><V68/><F90/><W79/><G36/><T38/><D38/><U82/><E132/><V54/><F37/><W63/><G34/><T20/><D104/><U86/><E70/><V88/><F68/><W84/><G3/><T109/><D109/><U5/><E64/><V69/><F69/><W77/><G1/><T118/><D118/><U117/><E117/><V9/><F9/><W52/><REACH who="3" step="1"/><G50/><REACH who="3" ten="234,355,179,222" step="2"/><T43/><D43/><U57/><E123/><V51/><F2/><W19/><G19/><T131/><D131/><U133/><E122/><V41/><F0/><W81/><G81/><T112/><D112/><U28/><E133/><V102/><F41/><W94/><G94/><T6/><D6/><U97/><E42/><V47/><F30/><W23/><G23/><T99/><D20/><N who="1" m="15399" /><E40/><V124/><F31/><W103/><G103/><T128/><D128/><U107/><E4/><V127/><F29/><W95/><G95/><T115/><D115/><U120/><E5/><V10/><F102/><W35/><G35/><T33/><D33/><U32/><E32/><V48/><F124/><W96/><G96/><T101/><D101/><U26/><E120/><V27/><F127/><W105/><G105/><T135/><D135/><U74/><E107/><RYUUKYOKU ba="0,1" sc="234,-10,355,-10,179,-10,222,30" hai3="11,15,17,52,55,63,67,77,78,79,84,91,92" /><INIT seed="7,1,1,3,2,112" ten="224,345,169,252" oya="3" hai0="107,61,109,51,116,52,3,24,2,81,59,22,120" hai1="129,86,84,30,5,50,127,44,105,54,115,130,15" hai2="128,123,124,64,31,39,99,38,77,100,66,41,58" hai3="79,65,114,47,17,43,132,78,53,89,111,20,60"/><W118/><G114/><T57/><D109/><U62/><E115/><V91/><F77/><W23/><G132/><T9/><D120/><U35/><E105/><V14/><F123/><W85/><G118/><T25/><D116/><U56/><E127/><V1/><F1/><W18/><G53/><T13/><D107/><U122/><E122/><V135/><F124/><W55/><G55/><T49/><D81/><U16/><E5/><V29/><F135/><W125/><G111/><T110/><D51/><U8/><E35/><V12/><F128/><N who="1" m="49257" /><E30/><V33/><F58/><W46/><G125/><T133/><D110/><U82/><E82/><V98/><F41/><AGARI ba="1,1" hai="8,15,16,41,44,50,54,56,62,84,86" m="49257" machi="41" ten="30,2000,0" yaku="19,1,54,1" doraHai="112" who="1" fromWho="2" sc="224,0,345,33,169,-23,252,0" owari="224,-18.0,378,48.0,146,-35.0,252,5.0" /></mjloggm>