<mjloggm ver="2.3"><GO type="185" lobby="0"/><UN n0="%6B%6F%7A" n1="%E5%85%A5%E5%B7%A3%E6%9F%9A%E5%AE%9F" n2="%6B%2D%70%6F%69%6E%74" n3="" dan="17,16,17,0" rate="2146.51,2222.30,2286.99,1500.00" sx="M,F,M,C"/><TAIKYOKU oya="0"/><INIT seed="0,0,0,1,3,121" ten="350,350,350,0" oya="0" hai0="87,112,116,47,109,64,49,95,132,57,134,77,88" hai1="97,73,133,53,123,60,107,130,33,32,93,90,96" hai2="118,36,74,35,45,50,119,126,120,127,113,86,59" hai3=""/><T117/><D112/><U2/><N who="1" m="31520" /><U48/><E2/><V110/><N who="2" m="30752" /><V111/><F74/><T69/><D69/><U89/><E133/><N who="0" m="51305" /><D77/><U52/><E73/><V34/><F113/><T82/><D82/><U63/><E130/><V102/><F36/><T114/><D114/><U67/><E107/><V78/><F102/><T100/><D100/><U75/><E75/><V41/><F59/><T39/><D39/><U46/><E53/><V80/><F35/><T79/><D79/><U122/><N who="1" m="31264" /><U125/><E125/><N who="2" m="47627" /><F34/><T91/><D91/><U72/><E72/><V81/><F80/><T65/><D57/><U38/><E38/><V129/><F129/><T101/><D101/><U58/><E32/><V42/><F41/><T115/><D115/><U103/><E33/><V106/><F106/><T55/><D109/><AGARI ba="0,0" hai="42,45,50,78,81,86,109,110,111,118,119" m="47627,30752" machi="109" ten="30,12000,2" yaku="14,1,18,1,52,4" doraHai="121" who="2" fromWho="0" sc="350,-120,350,0,350,120,0,0" /><INIT seed="1,0,0,0,0,125" ten="230,350,470,0" oya="1" hai0="41,131,120,33,132,64,100,69,38,78,53,113,63" hai1="108,117,106,119,55,72,3,79,112,85,47,70,60" hai2="59,74,126,127,80,101,51,121,57,76,32,133,58" hai3=""/><U48/><E112/><V88/><N who="2" m="31008" /><V35/><F133/><T96/><N who="0" m="30752" /><T46/><D113/><U62/><E3/><V81/><F101/><T130/><D33/><U71/><E72/><V98/><F51/><T82/><D53/><U123/><N who="1" m="31520" /><U115/><E115/><V134/><F134/><T52/><D52/><U45/><E106/><V94/><REACH who="2" step="1"/><F80/><REACH who="2" ten="230,350,460,0" step="2"/><T89/><D132/><U75/><E48/><V93/><F93/><T49/><D49/><U36/><E119/><V95/><F95/><T86/><REACH who="0" step="1"/><D89/><REACH who="0" ten="220,350,460,0" step="2"/><U83/><E36/><V39/><F39/><T111/><D111/><U65/><E108/><V73/><F73/><T67/><D67/><U99/><E75/><V110/><F110/><T114/><D114/><U42/><E65/><V103/><F103/><T66/><D66/><U104/><E117/><V129/><F129/><T56/><D56/><U84/><E71/><V91/><F91/><T118/><D118/><U135/><E70/><V1/><F1/><T105/><AGARI ba="0,2" hai="38,41,46,63,64,69,78,82,86,96,100,105,130,131" m="30752" machi="105" ten="30,9000,2" yaku="1,1,0,1,52,3,53,1" doraHai="125" doraHaiUra="77" who="0" fromWho="0" sc="220,110,350,-60,460,-30,0,0" /><INIT seed="2,0,0,2,2,64" ten="330,290,430,0" oya="2" hai0="82,125,98,52,63,45,1,122,54,75,86,116,79" hai1="81,68,104,101,130,71,93,50,59,73,132,120,0" hai2="99,105,131,134,70,121,32,106,33,40,112,41,47" hai3=""/><V113/><N who="2" m="31008" /><V100/><F131/><T56/><N who="0" m="31264" /><T51/><D116/><U123/><N who="1" m="30752" /><U77/><N who="1" m="31520" /><U34/><E34/><V114/><F134/><T72/><D125/><U74/><E0/><V67/><F106/><T135/><D1/><U49/><E132/><V78/><F78/><T84/><D135/><U65/><E74/><V126/><F126/><T44/><D84/><U97/><E130/><V129/><F129/><T57/><REACH who="0" step="1"/><D98/><REACH who="0" ten="320,290,430,0" step="2"/><U85/><E85/><V89/><F32/><T87/><D87/><U80/><E80/><V37/><F33/><T36/><D36/><U43/><E104/><V55/><F112/><T91/><D91/><U46/><REACH who="1" step="1"/><E50/><REACH who="1" ten="320,280,430,0" step="2"/><V58/><F105/><T118/><D118/><U38/><E38/><V115/><F37/><T2/><D2/><U109/><E109/><V110/><F110/><T76/><D76/><U94/><E94/><V66/><F113/><T124/><D124/><U111/><E111/><V3/><F114/><T35/><D35/><U103/><E103/><V102/><F115/><T119/><D119/><U48/><E48/><V53/><F3/><T128/><D128/><U127/><E127/><V42/><F102/><T83/><D83/><U117/><E117/><RYUUKYOKU ba="0,2" sc="320,10,280,10,430,-20,0,0" hai0="44,45,51,52,54,56,57,63,72,75,79,82,86" hai1="43,46,49,59,65,68,71,73,77,81,93,97,101" /><INIT seed="4,1,2,2,2,67" ten="330,290,410,0" oya="0" hai0="88,2,46,97,38,116,120,56,41,72,127,43,66" hai1="106,112,92,125,50,99,48,3,117,84,75,82,109" hai2="32,49,40,100,51,104,71,34,86,60,91,42,55" hai3=""/><T81/><N who="0" m="30752" /><T87/><D116/><U58/><E109/><V52/><F104/><T128/><D2/><U107/><E117/><V57/><F100/><T124/><D128/><U79/><E125/><N who="0" m="48201" /><D72/><U134/><E134/><V103/><F103/><T83/><D43/><U76/><E3/><V78/><F78/><T96/><D83/><U85/><E112/><V63/><F40/><T105/><D105/><U98/><E75/><V115/><F115/><T54/><D66/><U135/><E135/><V35/><F42/><T101/><D101/><U108/><E82/><V123/><N who="2" m="31520" /><V111/><F111/><T131/><D131/><U59/><E108/><V122/><N who="2" m="31264" /><V68/><F63/><AGARI ba="1,2" hai="38,41,46,54,56,63,81,87,88,96,97" m="48201,30752" machi="63" ten="30,5800,0" yaku="18,1,52,1,54,1" doraHai="67" who="0" fromWho="2" sc="330,80,290,0,410,-60,0,0" /><INIT seed="4,2,0,1,0,70" ten="410,290,350,0" oya="0" hai0="100,68,119,101,39,127,103,44,111,51,121,99,56" hai1="110,66,94,117,33,131,55,41,114,130,132,95,89" hai2="76,84,61,122,37,80,57,72,75,53,77,49,79" hai3=""/><T92/><N who="0" m="31008" /><T115/><D119/><U46/><E110/><V133/><N who="2" m="31264" /><V123/><N who="2" m="31520" /><V36/><F133/><T47/><D68/><U113/><E117/><V62/><F62/><T82/><D111/><U108/><E108/><V120/><N who="2" m="30752" /><V40/><F40/><T96/><D115/><N who="1" m="44043" /><E33/><V87/><F49/><T93/><D127/><U78/><E78/><V135/><F135/><T97/><D82/><U88/><E55/><V98/><F98/><T116/><D116/><U38/><E66/><V52/><F53/><T50/><D56/><U81/><E81/><V83/><REACH who="2" step="1"/><F77/><REACH who="2" ten="410,290,340,0" step="2"/><T106/><D51/><U126/><E132/><V59/><F59/><T42/><REACH who="0" step="1"/><D106/><REACH who="0" ten="400,290,340,0" step="2"/><U134/><E134/><V63/><F63/><T128/><D128/><N who="1" m="49195" /><E126/><V118/><F118/><T107/><D107/><U69/><E69/><V45/><F45/><T74/><D74/><AGARI ba="2,2" hai="36,37,52,57,61,72,74,75,76,79,80,83,84,87" m="30752,31520,31264" machi="74" ten="40,16000,3" yaku="1,1,9,1,52,5,54,1,53,0" doraHai="70" doraHaiUra="35" who="2" fromWho="0" sc="400,-164,290,0,340,184,0,0" /><INIT seed="5,0,0,3,0,118" ten="236,290,524,0" oya="1" hai0="77,124,88,34,74,60,75,51,58,38,121,40,113" hai1="132,70,111,94,76,128,66,47,103,96,104,61,108" hai2="36,90,62,98,72,55,115,122,91,56,37,80,59" hai3=""/><U126/><E126/><V49/><N who="2" m="31264" /><V3/><F3/><T95/><N who="0" m="31008" /><T92/><D34/><U135/><E128/><V2/><F2/><T52/><D113/><U120/><N who="1" m="30752" /><U65/><E76/><V100/><F115/><T53/><D124/><U50/><E65/><V102/><F102/><T106/><D106/><U101/><E101/><V79/><F91/><T82/><D75/><U131/><E131/><V130/><F90/><T89/><D92/><U46/><E104/><V68/><F68/><T109/><D109/><N who="1" m="42059" /><E46/><V39/><F130/><T117/><D95/><U116/><E116/><V112/><F112/><T97/><D97/><U78/><E78/><V35/><F35/><T45/><D117/><U86/><E86/><V105/><REACH who="2" step="1"/><F59/><AGARI ba="0,0" hai="38,40,45,51,52,53,58,59,60,74,77,82,88,89" m="31008" machi="59" ten="30,8000,1" yaku="7,1,52,2,54,2" doraHai="118" who="0" fromWho="2" sc="236,80,290,0,524,-80,0,0" /><INIT seed="6,0,0,0,4,107" ten="316,290,444,0" oya="2" hai0="32,2,37,122,124,93,132,81,76,1,123,35,79" hai1="96,3,69,134,127,52,41,97,65,50,45,57,126" hai2="46,101,53,106,98,83,115,38,82,56,88,114,73" hai3=""/><V91/><F38/><T44/><N who="0" m="31264" /><T133/><N who="0" m="31520" /><T51/><D37/><U92/><E3/><N who="0" m="1033" /><D93/><U58/><E134/><N who="0" m="51817" /><D124/><N who="1" m="47659" /><E69/><V90/><F46/><T34/><D81/><U94/><E94/><V59/><F83/><T113/><D113/><N who="2" m="43018" /><F53/><AGARI ba="0,0" hai="32,34,35,44,51,53,76,79" m="51817,1033,31520,31264" machi="53" ten="40,5200,0" yaku="20,1,52,2" doraHai="107" who="0" fromWho="2" sc="316,52,290,0,444,-52,0,0" /><INIT seed="8,0,0,3,5,53" ten="368,290,392,0" oya="0" hai0="114,62,135,0,106,82,120,80,91,70,127,38,49" hai1="98,61,119,108,67,116,34,72,105,84,95,131,115" hai2="102,54,46,59,64,63,85,33,129,134,125,130,122" hai3=""/><T51/><D114/><U101/><E108/><V41/><N who="2" m="31264" /><V77/><F33/><T103/><N who="0" m="30752" /><T111/><D38/><U45/><E34/><V44/><F125/><T104/><D0/><U71/><E131/><N who="2" m="50187" /><F134/><T79/><D127/><U124/><E124/><V126/><F102/><T40/><D135/><U2/><E2/><V112/><F112/><T3/><D103/><U42/><E72/><V128/><F126/><T73/><D111/><U99/><E84/><V113/><F113/><T107/><D40/><U60/><E60/><V81/><F128/><T97/><D3/><U109/><E109/><V90/><F77/><T1/><D1/><U52/><E115/><V39/><F44/><T48/><D82/><U118/><E118/><V69/><F69/><T35/><D35/><U110/><E110/><V96/><F96/><T68/><REACH who="0" step="1"/><D62/><REACH who="0" ten="358,290,392,0" step="2"/><U47/><E119/><V32/><F32/><T100/><D100/><U36/><E116/><V66/><AGARI ba="0,1" hai="39,41,46,54,59,63,64,66,81,85,90" m="50187,31264" machi="66" ten="30,3000,0" yaku="19,1,52,2" doraHai="53" who="2" fromWho="2" sc="358,-20,290,-10,392,40,0,0" owari="338,-6.0,280,-32.0,432,38.0,0,0.0" /></mjloggm>