<mjloggm ver="2.3"><GO type="169" lobby="0"/><UN n0="%68%69%6A%69%68%69%6A%69" n1="%4A%4F%4A%4F%31%39%38%35" n2="%E7%94%9F%E3%81%97%E3%82%89%E3%81%99" n3="%53%65%72%69%61" dan="16,16,16,17" rate="2047.59,2099.09,2155.05,2187.65" sx="F,M,M,M"/><TAIKYOKU oya="0"/><INIT seed="0,0,0,3,3,108" ten="250,250,250,250" oya="0" hai0="41,76,114,9,16,72,42,100,38,130,124,77,78" hai1="63,20,2,104,3,60,134,62,11,111,122,88,127" hai2="119,34,5,103,102,85,49,105,81,26,79,24,65" hai3="120,117,57,83,129,10,0,21,13,30,61,29,39"/><T15/><D130/><U6/><E122/><V86/><F119/><W1/><G117/><T107/><D124/><U66/><E111/><V96/><F5/><W74/><G39/><T90/><D72/><U23/><E127/><V115/><F65/><W47/><G129/><T126/><D126/><U56/><E134/><V84/><F34/><W28/><G47/><T51/><D38/><U70/><E2/><V93/><F49/><W121/><G83/><T25/><D107/><U67/><E104/><V7/><F7/><N who="3" m="3295" /><G74/><T123/><D100/><U17/><E63/><V125/><F125/><W8/><G57/><T106/><D106/><U113/><E113/><V87/><F24/><N who="3" m="16399" /><G61/><T48/><D114/><U132/><E132/><V50/><F50/><W109/><G109/><T82/><D123/><N who="3" m="47177" /><G8/><T118/><D118/><U89/><REACH who="1" step="1"/><E23/><REACH who="1" ten="250,240,250,250" step="2"/><V12/><F115/><W52/><G52/><T110/><D110/><U43/><E43/><V14/><F105/><W35/><G35/><T101/><D41/><U75/><E75/><V58/><F81/><W94/><G94/><T98/><D42/><U133/><E133/><V95/><F93/><W55/><G55/><T99/><D82/><U69/><E69/><V112/><F95/><W53/><G53/><T59/><D101/><U31/><E31/><AGARI ba="0,1" hai="0,1,29,30,31" m="47177,16399,3295" machi="31" ten="30,3900,0" yaku="13,1,34,2" doraHai="108" who="3" fromWho="1" sc="250,0,240,-39,250,0,250,49" /><INIT seed="1,0,0,3,0,104" ten="250,201,250,299" oya="1" hai0="33,76,31,41,4,24,110,86,42,99,9,60,47" hai1="95,133,77,67,105,131,98,100,17,34,46,63,97" hai2="71,128,59,43,73,89,127,55,10,0,134,40,81" hai3="1,78,48,120,84,96,22,101,30,39,58,6,14"/><U23/><E131/><V118/><F118/><W107/><G39/><T2/><D110/><U121/><E133/><V88/><F134/><W18/><G120/><T13/><D60/><U61/><E121/><V64/><F127/><W135/><G135/><T72/><D86/><U75/><E34/><V27/><F71/><W44/><G30/><T35/><D99/><U130/><E46/><V109/><F64/><W28/><G28/><T80/><D35/><U92/><E130/><V129/><F0/><W115/><G115/><T32/><D32/><U74/><E77/><V123/><F10/><W65/><G6/><T56/><D56/><U38/><E38/><V19/><F123/><W51/><G1/><T124/><D124/><U66/><E61/><V5/><F5/><W50/><G58/><T108/><D108/><U45/><E45/><V82/><F109/><W29/><G29/><T111/><D111/><U132/><E66/><V15/><F59/><W8/><G65/><T114/><D114/><U37/><E37/><V103/><F19/><W21/><G44/><T7/><D7/><U87/><E87/><V125/><F125/><W126/><G126/><T102/><D102/><U83/><E132/><V49/><F128/><W112/><G112/><T69/><D69/><N who="1" m="42239" /><E83/><V85/><F129/><W116/><G116/><T90/><D42/><U93/><E97/><V79/><F73/><W62/><G62/><T122/><D122/><U119/><E119/><V3/><F79/><W36/><G36/><N who="0" m="21927" /><D90/><U57/><E57/><V117/><F117/><W106/><G106/><T94/><D94/><RYUUKYOKU ba="0,0" sc="250,10,201,10,250,-30,299,10" hai0="2,4,9,13,24,31,33,72,76,80" hai1="17,23,74,75,92,93,95,98,100,105" hai3="8,14,18,21,22,48,50,51,78,84,96,101,107" /><INIT seed="1,1,0,2,2,50" ten="260,211,220,309" oya="1" hai0="70,112,107,59,21,90,14,57,92,98,131,93,117" hai1="88,22,52,104,11,94,5,133,62,110,96,19,89" hai2="61,8,69,65,80,32,105,119,123,58,15,45,9" hai3="25,91,95,85,23,101,120,28,81,16,78,82,129"/><U108/><E104/><V121/><F119/><W67/><G129/><T132/><D131/><U127/><E127/><V55/><F32/><W12/><G120/><T64/><D132/><U17/><E133/><V37/><F105/><W43/><G43/><T46/><D112/><U135/><E135/><V116/><F116/><W76/><G67/><T103/><D117/><U84/><E5/><V26/><F26/><W71/><G71/><T31/><D70/><U34/><E11/><V86/><F9/><W51/><G51/><T125/><D125/><U13/><E34/><V39/><F39/><W128/><G128/><T109/><D109/><N who="1" m="42091" /><E19/><V60/><F45/><W115/><G115/><T29/><D107/><U33/><E33/><V2/><F37/><W1/><G1/><T27/><D31/><U73/><E73/><V102/><F102/><W44/><G44/><T6/><D46/><U42/><E42/><V40/><F40/><W3/><G3/><T126/><D126/><U54/><E62/><V63/><F61/><W35/><REACH who="3" step="1"/><G101/><REACH who="3" ten="260,211,220,299" step="2"/><T99/><D64/><U75/><E75/><V30/><F2/><W0/><G0/><T41/><D41/><U68/><E68/><V38/><F38/><W7/><G7/><T53/><D6/><U134/><E134/><V118/><F118/><W72/><G72/><T4/><D4/><U48/><E48/><V83/><F69/><W77/><AGARI ba="1,1" hai="12,16,23,25,28,35,76,77,78,81,82,85,91,95" machi="77" ten="30,4000,0" yaku="1,1,0,1,54,1,53,0" doraHai="50" doraHaiUra="111" who="3" fromWho="3" sc="260,-11,211,-21,220,-11,299,53" /><INIT seed="2,0,0,1,4,93" ten="249,190,209,352" oya="2" hai0="95,91,130,33,99,58,124,76,131,43,8,60,119" hai1="98,118,72,0,55,127,17,24,18,104,121,11,49" hai2="120,38,39,74,83,71,62,7,14,37,36,117,116" hai3="61,105,35,13,47,106,44,21,114,122,12,9,113"/><V96/><N who="2" m="9216" /><DORA hai="75" /><V34/><F120/><W57/><G35/><T97/><D33/><U20/><E118/><V70/><F34/><W16/><G122/><T48/><D119/><U29/><E121/><V112/><F112/><N who="3" m="43115" /><G105/><T115/><D115/><U103/><E127/><V41/><F41/><W109/><G106/><T67/><D124/><U46/><REACH who="1" step="1"/><E72/><REACH who="1" ten="249,180,209,352" step="2"/><V1/><F117/><W68/><G109/><T10/><D130/><U125/><E125/><V69/><F116/><W86/><G68/><T15/><D131/><U64/><E64/><V135/><F70/><W42/><G42/><T107/><D43/><U129/><E129/><V77/><F71/><W45/><G86/><T6/><D67/><U133/><E133/><V50/><F69/><W79/><G57/><T84/><D58/><U25/><E25/><V100/><F135/><W66/><G66/><T128/><D84/><U82/><E82/><V111/><F111/><W85/><G85/><T80/><D128/><U31/><E31/><V92/><F83/><W5/><G47/><T52/><D80/><U32/><E32/><V30/><F74/><W22/><G45/><T65/><D65/><U2/><E2/><V23/><F1/><W26/><G44/><T88/><D15/><U134/><E134/><V63/><F30/><W28/><G28/><T27/><D27/><U78/><E78/><V89/><F14/><W56/><G79/><T90/><D76/><U102/><E102/><V54/><F77/><W87/><G87/><T40/><D40/><U4/><AGARI ba="0,1" hai="0,4,11,17,18,20,24,29,46,49,55,98,103,104" machi="4" ten="30,7900,0" yaku="1,1,0,1,52,1,53,1" doraHai="93,75" doraHaiUra="51,123" who="1" fromWho="1" sc="249,-20,180,89,209,-39,352,-20" /><INIT seed="3,0,0,4,4,43" ten="229,269,170,332" oya="3" hai0="99,95,37,52,76,65,64,125,9,71,45,41,104" hai1="66,42,44,120,117,2,4,7,38,6,87,26,105" hai2="126,12,17,102,85,16,40,131,134,67,33,108,56" hai3="83,78,130,82,129,97,24,50,3,21,62,32,73"/><W132/><G132/><T77/><D125/><U110/><E120/><V81/><F108/><W101/><G3/><T28/><D104/><U58/><E110/><V20/><F131/><W72/><G32/><T79/><D71/><U112/><E112/><V94/><F126/><W22/><G62/><T27/><D9/><U35/><E105/><V60/><F33/><W25/><G50/><T53/><D65/><U91/><E117/><V15/><F134/><W111/><G111/><T80/><D80/><U54/><E66/><V88/><F40/><W115/><G115/><T106/><D64/><U124/><E124/><V1/><F1/><W61/><G61/><T19/><D19/><U11/><E26/><V51/><F51/><W123/><G97/><T114/><D106/><U48/><REACH who="1" step="1"/><E35/><REACH who="1" ten="229,259,170,332" step="2"/><V18/><F20/><W89/><G123/><T68/><D114/><U116/><E116/><V57/><F57/><W109/><G109/><T55/><D68/><U118/><E118/><V135/><F135/><W39/><G22/><T103/><D27/><U90/><E90/><N who="2" m="51503" /><F102/><W107/><G101/><T96/><D28/><U30/><E30/><V92/><F92/><AGARI ba="0,1" hai="2,4,6,7,11,38,42,44,48,54,58,87,91,92" machi="92" ten="30,3900,0" yaku="1,1,7,1,52,1,53,0" doraHai="43" doraHaiUra="119" who="1" fromWho="2" sc="229,0,259,49,170,-39,332,0" /><INIT seed="4,0,0,2,4,25" ten="229,308,131,332" oya="0" hai0="36,73,118,87,15,99,132,109,82,104,52,54,55" hai1="1,60,126,66,31,85,27,30,100,48,89,117,84" hai2="61,53,103,86,47,92,120,10,22,18,128,98,23" hai3="58,124,77,108,57,91,12,131,94,71,16,33,38"/><T28/><D118/><U37/><E117/><V6/><F128/><W24/><G108/><T101/><D109/><U45/><E37/><V135/><F135/><W7/><G71/><T56/><D132/><U70/><E1/><V19/><F120/><W68/><G68/><T90/><D36/><U93/><E126/><V17/><F86/><W8/><G38/><T81/><D15/><U49/><E100/><V29/><F47/><W64/><G131/><T20/><D73/><U67/><E67/><V32/><F32/><W127/><G77/><T88/><D81/><U65/><E65/><V96/><F53/><W74/><G74/><T40/><D40/><U130/><E130/><V75/><F61/><W35/><G35/><T76/><REACH who="0" step="1"/><D56/><REACH who="0" ten="219,308,131,332" step="2"/><U133/><E133/><V11/><F75/><W26/><G58/><T106/><D106/><U14/><E14/><V122/><F122/><W129/><G129/><T111/><D111/><U50/><E70/><V119/><F119/><W121/><G121/><T115/><D115/><U13/><E13/><V114/><F114/><W110/><G110/><T112/><D112/><U69/><E45/><V72/><F72/><W59/><G59/><T125/><D125/><N who="3" m="48201" /><G57/><T4/><D4/><U5/><E5/><V34/><F6/><W102/><G7/><T83/><D83/><U51/><N who="1" m="12288" /><DORA hai="123" /><U113/><E113/><V42/><F42/><W95/><G64/><T97/><D97/><N who="1" m="57519" /><E27/><AGARI ba="0,1" hai="20,27,28,52,54,55,76,82,87,88,90,99,101,104" machi="27" ten="40,12000,1" yaku="1,1,52,1,54,2,53,0" doraHai="25,123" doraHaiUra="46,0" who="0" fromWho="1" sc="219,130,308,-120,131,0,332,0" /><INIT seed="4,1,0,1,5,55" ten="349,188,131,332" oya="0" hai0="25,124,61,2,49,17,22,14,3,4,1,71,27" hai1="129,132,85,24,19,111,45,47,11,86,48,73,123" hai2="100,116,97,32,6,106,66,67,70,21,114,77,115" hai3="101,104,0,82,98,18,117,102,133,68,28,39,65"/><T57/><D124/><U94/><E123/><V53/><F116/><W74/><G117/><T29/><D71/><U76/><E111/><V131/><F131/><W121/><G39/><T105/><D105/><U96/><E129/><V134/><F134/><W41/><G41/><T43/><D4/><U13/><E132/><V50/><F77/><W64/><G0/><T108/><D108/><U51/><E73/><V84/><F84/><W88/><G133/><T126/><D126/><U56/><E24/><V110/><F110/><W36/><G36/><T12/><D49/><U46/><E76/><V20/><F32/><W83/><G28/><T107/><D107/><U99/><E99/><V31/><F6/><W127/><G18/><T80/><D80/><U89/><REACH who="1" step="1"/><E48/><REACH who="1" ten="349,178,131,332" step="2"/><V54/><F97/><W72/><G98/><T87/><D27/><U35/><E35/><V58/><F106/><W16/><G104/><T112/><D25/><U33/><E33/><V135/><F135/><W93/><G74/><T63/><D112/><U44/><N who="1" m="11264" /><DORA hai="95" /><U15/><E15/><V130/><F130/><W40/><G72/><T90/><D14/><U128/><E128/><V23/><F50/><W75/><G75/><T9/><D12/><U7/><E7/><V10/><F114/><W120/><G120/><T81/><D2/><U42/><E42/><V37/><F115/><W62/><G40/><T79/><D43/><U103/><E103/><V69/><F37/><W30/><G121/><T8/><D1/><U118/><E118/><V122/><F122/><W59/><G102/><T92/><D3/><RYUUKYOKU ba="1,1" sc="349,-10,178,30,131,-10,332,-10" hai1="11,13,19,51,56,85,86,89,94,96" /><INIT seed="5,2,1,2,2,73" ten="339,208,121,322" oya="1" hai0="6,129,62,126,53,55,12,83,64,8,76,24,32" hai1="19,75,131,21,119,35,56,41,49,123,33,134,110" hai2="133,96,46,39,60,107,0,28,10,99,45,29,78" hai3="115,130,34,121,27,97,95,68,47,4,54,79,118"/><U37/><E119/><V109/><F109/><W74/><G121/><T15/><D126/><U58/><E123/><V66/><F133/><W100/><G68/><T26/><D129/><U103/><E134/><V16/><F0/><W2/><G130/><T105/><D105/><U69/><E69/><V18/><F107/><W128/><G128/><T61/><D32/><U44/><E131/><V48/><F39/><W38/><G118/><T91/><D91/><U101/><E75/><V52/><F45/><W36/><G36/><T88/><D88/><U80/><E80/><V122/><F122/><W90/><G54/><T7/><D64/><U43/><E110/><V63/><F78/><W50/><G50/><T127/><D127/><U3/><E3/><V59/><F63/><W93/><G4/><T104/><D104/><U17/><E49/><V20/><F10/><W116/><G38/><T42/><D42/><U98/><E37/><V14/><F18/><W120/><G2/><T22/><D22/><U108/><E108/><V85/><F85/><W70/><G34/><T84/><D62/><U11/><E21/><V9/><REACH who="2" step="1"/><F20/><REACH who="2" ten="339,208,111,322" step="2"/><W1/><G1/><T5/><D61/><U31/><E11/><V72/><F72/><W94/><G74/><T102/><D8/><U125/><E44/><V124/><F124/><W135/><G135/><T82/><D5/><U65/><E125/><V132/><F132/><W113/><G120/><T111/><D111/><U117/><E117/><V106/><F106/><W25/><G116/><T81/><D6/><U30/><E98/><AGARI ba="2,2" hai="9,14,16,28,29,46,48,52,59,60,66,96,98,99" machi="98" ten="40,8000,1" yaku="1,1,8,1,54,2,53,0" doraHai="73" doraHaiUra="86" who="2" fromWho="1" sc="339,0,208,-86,111,106,322,0" /><INIT seed="6,0,0,0,2,29" ten="339,122,217,322" oya="2" hai0="80,18,134,0,108,126,46,60,26,76,127,101,57" hai1="27,89,71,73,75,95,16,24,110,39,30,115,19" hai2="65,128,124,102,67,53,35,83,131,130,119,4,28" hai3="20,72,106,2,112,116,125,32,41,33,45,97,88"/><V123/><F123/><W13/><G116/><T92/><D108/><U23/><E110/><V38/><F119/><W52/><G2/><T99/><D0/><U81/><E115/><V68/><F124/><W31/><G72/><T14/><D134/><U129/><E129/><V56/><F38/><W122/><G122/><T105/><D46/><U49/><E71/><V104/><F4/><W22/><G112/><T54/><D105/><U1/><E39/><V100/><F83/><W70/><G70/><T55/><D55/><U6/><E49/><V58/><F58/><W109/><G109/><T9/><D26/><U34/><E81/><V90/><F90/><W103/><G52/><T51/><REACH who="0" step="1"/><D60/><REACH who="0" ten="329,122,217,322" step="2"/><U93/><E19/><V25/><F104/><W66/><G106/><T132/><D132/><U50/><E50/><N who="2" m="30775" /><F65/><W62/><G66/><T77/><D77/><U42/><E42/><V135/><F135/><W15/><G41/><T111/><D111/><U133/><E133/><V91/><F91/><W79/><G88/><T3/><D3/><U64/><E64/><V118/><F118/><W17/><G79/><T113/><D113/><U74/><REACH who="1" step="1"/><E89/><REACH who="1" ten="329,112,217,322" step="2"/><V69/><F69/><W40/><G40/><T7/><D7/><U87/><E87/><AGARI ba="0,2" hai="9,14,18,51,54,57,76,80,87,92,99,101,126,127" machi="87" ten="40,2600,0" yaku="1,1,53,1" doraHai="29" doraHaiUra="44" who="0" fromWho="1" sc="329,46,112,-26,217,0,322,0" /><INIT seed="7,0,0,0,0,71" ten="375,86,217,322" oya="3" hai0="5,126,124,33,58,3,74,106,56,113,116,75,135" hai1="1,115,134,19,24,42,90,0,98,93,49,119,105" hai2="13,21,129,109,7,99,95,87,6,46,110,97,43" hai3="18,64,130,60,52,73,118,108,48,77,117,69,29"/><W20/><G130/><T78/><D116/><U36/><E115/><V50/><F129/><W54/><G108/><T14/><D106/><U11/><E119/><V125/><F125/><N who="0" m="48234" /><D113/><U45/><E134/><V111/><F87/><W63/><G29/><T96/><D135/><U66/><E105/><V41/><F99/><W8/><G8/><N who="0" m="2111" /><D33/><U62/><E49/><V59/><F59/><N who="0" m="22570" /><D78/><U9/><E9/><V82/><F82/><W107/><G107/><T123/><D123/><U79/><E79/><V2/><F2/><W80/><G63/><T112/><D112/><U83/><E83/><V68/><F68/><W133/><G54/><T39/><D39/><U127/><E127/><V34/><F34/><W72/><G72/><T114/><D114/><U31/><E11/><V15/><F15/><W51/><G51/><T55/><D14/><U37/><E19/><V61/><F21/><W67/><G67/><T53/><D96/><U30/><E30/><V88/><F41/><W89/><G133/><T22/><D22/><U122/><E122/><V44/><F61/><W132/><G132/><T40/><D40/><U121/><E121/><V131/><F131/><W17/><G17/><T35/><D35/><U32/><REACH who="1" step="1"/><E36/><REACH who="1" ten="375,76,217,322" step="2"/><V128/><F128/><W28/><G28/><T25/><D74/><U47/><E47/><V101/><F46/><N who="3" m="27671" /><G89/><T81/><D75/><U57/><AGARI ba="0,1" hai="0,1,24,31,32,37,42,45,57,62,66,90,93,98" machi="57" ten="20,8000,1" yaku="1,1,0,1,7,1,52,1,53,1" doraHai="71" doraHaiUra="91" who="1" fromWho="1" sc="375,-20,76,90,217,-20,322,-40" owari="355,45.0,166,-33.0,197,-20.0,282,8.0" /></mjloggm>