<mjloggm ver="2.3"><GO type="169" lobby="0"/><UN n0="%E3%83%9E%E3%83%AB%E3%83%9E%E3%83%AB%E3%81%A1%E3%82%83%E3%82%93" n1="%E3%81%8D%E3%82%88%E3%81%97%E3%81%BE%E3%82%8B" n2="%E3%81%8B%E3%82%81%E3%81%98%E3%82%8D%E3%81%86" n3="%E6%97%A9%E7%A8%B2%E7%94%B0%E5%A4%A7%E5%AD%A6%34%E5%B9%B4" dan="16,16,17,17" rate="2096.39,2130.33,2184.72,2202.43" sx="M,F,M,F"/><TAIKYOKU oya="0"/><INIT seed="0,0,0,2,3,97" ten="250,250,250,250" oya="0" hai0="91,36,111,71,52,107,1,21,30,7,115,60,101" hai1="18,44,75,76,108,29,50,41,38,72,74,95,120" hai2="126,4,24,112,81,58,55,40,83,0,17,78,92" hai3="16,49,12,37,105,99,46,121,104,32,102,103,124"/><T66/><D115/><U98/><E120/><V132/><F112/><W26/><G37/><T42/><D111/><U106/><E108/><V63/><F126/><W117/><G117/><T125/><D125/><U109/><E109/><V34/><F132/><W87/><G124/><T114/><D114/><U88/><E29/><V128/><F128/><W10/><G121/><T89/><D7/><U85/><E18/><V118/><F118/><W77/><G32/><T48/><D1/><U127/><E127/><V134/><F134/><W80/><G26/><T61/><D61/><U90/><E90/><V133/><F133/><W94/><REACH who="3" step="1"/><G103/><REACH who="3" ten="250,250,250,240" step="2"/><T56/><D101/><N who="1" m="62775" /><E38/><V6/><F34/><W25/><G25/><N who="0" m="16687" /><D107/><U113/><E113/><V5/><F0/><W122/><G122/><T110/><D110/><U2/><E2/><V45/><F24/><W8/><G8/><T130/><D130/><U22/><E22/><V31/><F31/><W54/><AGARI ba="0,1" hai="10,12,16,46,49,54,77,80,87,94,99,102,104,105" machi="54" ten="20,12000,2" yaku="1,1,0,1,7,1,52,1,54,1,53,1" doraHai="97" doraHaiUra="73" who="3" fromWho="3" sc="250,-60,250,-30,250,-30,240,130" /><INIT seed="1,0,0,4,0,65" ten="190,220,220,370" oya="1" hai0="92,53,0,19,86,10,98,42,1,25,84,49,31" hai1="62,11,44,67,61,18,78,52,30,128,129,88,110" hai2="72,108,100,12,87,6,35,95,85,27,2,41,126" hai3="38,69,33,28,115,37,118,109,89,113,23,60,81"/><U82/><E110/><V20/><F108/><W120/><G109/><T26/><D42/><U96/><E30/><V39/><F126/><W32/><G60/><T116/><D116/><U123/><E123/><V91/><F72/><W130/><G28/><T22/><D1/><U54/><E78/><V64/><F2/><W80/><G89/><T132/><D132/><U121/><E121/><V119/><F35/><W63/><G63/><N who="1" m="24074" /><E67/><V68/><F119/><W75/><G23/><T57/><D0/><U46/><E129/><V97/><F64/><W7/><G7/><T21/><REACH who="0" step="1"/><D10/><REACH who="0" ten="180,220,220,370" step="2"/><U9/><E9/><V3/><F3/><W76/><G118/><T117/><D117/><U114/><E114/><V124/><F124/><W40/><G40/><T107/><D107/><U70/><E128/><V47/><F85/><W90/><G130/><T50/><D50/><U8/><E8/><V74/><F74/><W59/><G75/><T43/><D43/><U83/><E11/><V45/><F6/><W77/><G113/><T103/><AGARI ba="0,1" hai="19,21,22,25,26,31,49,53,57,84,86,92,98,103" machi="103" ten="20,5200,0" yaku="1,1,0,1,7,1,8,1,53,0" doraHai="65" doraHaiUra="73" who="0" fromWho="0" sc="180,62,220,-26,220,-13,370,-13" /><INIT seed="2,0,0,3,0,54" ten="242,194,207,357" oya="2" hai0="30,0,78,119,58,32,97,36,113,79,84,116,108" hai1="83,114,33,8,104,80,99,129,127,74,109,134,85" hai2="2,115,77,125,110,89,29,12,18,53,34,50,15" hai3="3,81,100,131,60,46,44,47,64,105,70,92,87"/><V57/><F115/><W23/><G105/><T118/><D113/><U121/><RYUUKYOKU type="yao9" ba="0,0" sc="242,0,194,0,207,0,357,0" hai1="8,33,74,80,83,85,99,104,109,114,121,127,129,134" /><INIT seed="2,1,0,0,0,16" ten="242,194,207,357" oya="2" hai0="115,82,9,102,33,75,23,4,77,40,95,32,36" hai1="43,131,10,65,127,110,41,35,122,119,125,8,39" hai2="28,24,63,132,76,116,45,107,74,27,3,61,94" hai3="92,83,20,53,0,46,21,114,67,80,55,12,88"/><V56/><F116/><W44/><G0/><T50/><D115/><U134/><E35/><V58/><F132/><W31/><G114/><T73/><D73/><U135/><E65/><V85/><F107/><W15/><G67/><T89/><D102/><U60/><E60/><V72/><F3/><W30/><G92/><T52/><D40/><N who="1" m="15435" /><E39/><V97/><F45/><W130/><G130/><T11/><D23/><U120/><E119/><V13/><F13/><W1/><G1/><T26/><D26/><U111/><E8/><V79/><F85/><W38/><REACH who="3" step="1"/><G88/><REACH who="3" ten="242,194,207,347" step="2"/><T90/><D90/><U84/><E84/><V5/><F5/><W62/><G62/><T48/><D89/><U121/><E10/><V129/><F129/><W112/><G112/><T70/><D9/><U51/><E131/><V86/><F86/><W68/><G68/><T133/><D70/><U126/><E51/><V25/><F28/><W118/><G118/><T71/><D71/><U42/><E42/><V109/><F74/><W91/><G91/><T29/><D75/><U81/><E81/><V37/><F72/><W17/><G17/><T128/><D128/><U7/><E7/><V2/><F2/><W117/><G117/><T14/><D11/><U99/><E99/><V104/><F37/><AGARI ba="1,1" hai="12,15,20,21,30,31,37,38,44,46,53,55,80,83" machi="37" ten="25,8000,1" yaku="1,1,22,2,52,2,53,0" doraHai="16" doraHaiUra="101" who="3" fromWho="2" sc="242,0,194,0,207,-83,347,93" /><INIT seed="3,0,0,5,4,86" ten="242,194,124,440" oya="3" hai0="55,77,112,79,31,133,18,75,53,26,103,33,54" hai1="118,97,111,104,52,109,108,9,28,96,129,41,11" hai2="95,105,64,132,30,98,23,121,60,43,72,71,124" hai3="127,4,6,93,101,3,38,62,25,125,68,63,74"/><W29/><G74/><T7/><D133/><U14/><E41/><V115/><F132/><W45/><G38/><T61/><D112/><U50/><E129/><V59/><F115/><W91/><G101/><T22/><D61/><N who="3" m="23049" /><G45/><T51/><D103/><U44/><E118/><V128/><F128/><W84/><G3/><T10/><D51/><U1/><E104/><V134/><F134/><W120/><G68/><T89/><D89/><U67/><E67/><V102/><F124/><N who="3" m="47691" /><G120/><T19/><D19/><N who="1" m="8655" /><E28/><V114/><F121/><W56/><G56/><T27/><REACH who="0" step="1"/><D75/><REACH who="0" ten="232,194,124,440" step="2"/><U130/><E130/><V81/><F114/><W36/><G36/><T123/><D123/><U8/><E109/><V131/><F131/><W76/><G76/><T106/><D106/><U92/><E111/><V83/><F105/><W126/><G126/><T58/><D58/><U39/><E39/><V35/><F72/><W99/><G84/><T65/><D65/><U42/><E108/><V70/><F71/><W37/><G37/><T113/><D113/><U17/><E50/><V122/><F70/><W66/><G66/><T85/><D85/><U5/><E97/><V117/><F122/><W15/><G4/><T69/><D69/><U13/><E96/><V94/><F98/><W88/><G6/><T40/><D40/><U32/><E42/><V47/><F102/><W2/><G91/><T107/><D107/><U34/><E5/><V24/><F43/><W78/><G88/><T87/><D87/><U49/><E49/><V100/><F100/><W16/><G99/><T110/><D110/><U73/><E73/><RYUUKYOKU ba="0,1" sc="232,30,194,-10,124,-10,440,-10" hai0="7,10,18,22,26,27,31,33,53,54,55,77,79" /><INIT seed="4,1,1,1,5,113" ten="262,184,114,430" oya="0" hai0="127,64,119,131,133,5,108,48,66,25,59,12,28" hai1="77,22,4,6,65,116,85,125,118,86,93,87,18" hai2="100,30,83,41,134,13,96,37,34,82,40,88,130" hai3="60,63,70,91,10,102,21,57,106,112,80,90,20"/><T126/><D133/><U31/><E125/><N who="0" m="47625" /><D131/><U55/><E31/><V128/><F134/><W114/><G70/><T32/><D108/><U3/><E77/><V68/><F68/><W50/><G106/><T98/><D119/><U45/><E65/><V101/><F13/><W78/><G102/><T76/><D76/><U38/><E93/><V46/><F40/><W110/><G110/><T62/><D48/><U94/><E94/><V0/><F0/><W43/><G91/><T17/><D5/><U73/><E73/><V89/><F30/><W124/><G90/><N who="2" m="34921" /><F34/><W72/><G124/><T84/><D84/><U51/><E38/><V35/><F35/><W2/><G63/><T24/><D24/><U33/><E33/><V75/><F75/><W129/><G129/><N who="2" m="49769" /><F101/><W95/><G72/><T123/><D123/><U115/><E115/><V71/><F71/><W16/><G114/><T104/><D66/><U8/><REACH who="1" step="1"/><E4/><REACH who="1" ten="262,174,114,430" step="2"/><V121/><F121/><W42/><G112/><T103/><D32/><U92/><E92/><AGARI ba="1,2" hai="37,41,46,82,83,92,96,100" m="49769,34921" machi="92" ten="30,2000,0" yaku="19,1,54,1" doraHai="113" who="2" fromWho="1" sc="262,0,174,-23,114,43,430,0" /><INIT seed="5,0,0,3,4,25" ten="262,151,157,430" oya="1" hai0="63,75,14,117,89,98,115,135,68,119,49,114,46" hai1="109,53,94,22,29,50,91,132,131,79,97,23,16" hai2="11,35,8,77,99,40,102,20,81,0,21,107,44" hai3="17,90,41,123,39,69,71,30,116,34,105,4,12"/><U42/><E132/><V32/><F20/><W110/><G110/><T62/><D75/><U1/><E1/><V26/><F11/><W96/><G4/><T92/><D135/><U128/><E109/><V31/><F8/><W103/><G123/><T86/><D14/><N who="1" m="9495" /><E79/><V93/><F107/><W27/><G90/><T54/><D98/><U73/><E73/><V83/><F83/><W130/><G130/><N who="1" m="49706" /><E42/><V10/><F10/><W85/><G85/><T59/><D68/><U134/><E134/><V37/><REACH who="2" step="1"/><F0/><REACH who="2" ten="262,151,147,430" step="2"/><W18/><G105/><T129/><D129/><U2/><E2/><V67/><F67/><W65/><G65/><T82/><D82/><U120/><E120/><V5/><F5/><W33/><G116/><T125/><D119/><U106/><E106/><V87/><AGARI ba="0,1" hai="21,26,31,32,35,37,40,44,77,81,87,93,99,102" machi="87" ten="20,5200,0" yaku="1,1,0,1,7,1,52,1,53,0" doraHai="25" doraHaiUra="47" who="2" fromWho="2" sc="262,-13,151,-26,147,62,430,-13" /><INIT seed="6,0,0,4,0,80" ten="249,125,209,417" oya="2" hai0="64,112,124,55,45,123,44,129,21,135,59,67,58" hai1="125,31,41,75,110,34,83,19,48,62,42,60,94" hai2="76,109,105,93,82,39,121,100,77,66,111,28,27" hai3="99,113,102,92,54,2,120,30,25,133,88,128,103"/><V1/><F121/><W14/><G120/><T6/><D123/><U63/><E110/><V68/><F39/><W115/><G2/><T132/><D112/><N who="3" m="43081" /><G128/><T8/><D129/><U7/><E125/><V87/><F1/><W86/><G133/><N who="0" m="51275" /><D21/><U13/><E7/><V37/><F37/><W114/><G114/><T56/><D124/><U22/><E34/><N who="2" m="20767" /><F93/><N who="3" m="54423" /><G54/><T36/><D8/><U33/><E33/><V127/><F77/><W3/><G3/><T95/><D95/><U18/><E31/><V26/><F26/><W35/><G14/><T32/><D55/><U79/><E94/><V72/><F127/><W69/><G69/><T73/><D36/><U0/><E0/><V108/><F68/><W38/><G38/><T107/><D64/><U10/><REACH who="1" step="1"/><E48/><REACH who="1" ten="249,115,209,417" step="2"/><V131/><F131/><W70/><G70/><T106/><D32/><U57/><E57/><V116/><F116/><W65/><G65/><T98/><D67/><U104/><E104/><V126/><F66/><W90/><AGARI ba="0,1" hai="25,30,35,90,92,99,102,103" m="54423,43081" machi="90" ten="30,7900,0" yaku="15,1,11,1,52,1,54,1" doraHai="80" who="3" fromWho="3" sc="249,-20,115,-20,209,-39,417,89" /><INIT seed="7,0,0,5,2,115" ten="229,95,170,506" oya="3" hai0="80,68,48,27,41,53,37,109,89,133,107,8,130" hai1="99,14,40,17,77,81,55,65,69,126,56,46,73" hai2="135,1,70,7,123,86,94,36,43,78,87,98,11" hai3="93,92,66,51,57,39,33,76,134,0,114,42,13"/><W22/><G33/><T75/><D107/><U44/><E126/><V12/><F135/><W25/><G0/><T85/><D68/><U116/><E46/><V128/><F128/><W5/><G39/><T60/><D60/><U62/><E99/><V102/><F70/><W95/><G114/><T101/><D27/><U74/><E74/><V64/><F64/><W120/><G120/><T19/><D19/><U6/><E6/><V88/><F123/><W103/><G76/><T105/><D8/><U131/><E131/><V117/><F117/><W125/><G125/><T90/><D90/><U79/><E79/><V129/><F129/><W104/><G104/><T132/><D75/><U91/><E91/><V84/><F1/><W119/><G119/><T111/><D130/><U23/><E116/><V4/><F4/><W72/><G72/><T61/><D61/><U28/><E28/><V112/><F112/><W59/><G134/><T58/><D111/><U38/><REACH who="1" step="1"/><E69/><REACH who="1" ten="229,85,170,506" step="2"/><V45/><REACH who="2" step="1"/><F78/><REACH who="2" ten="229,85,160,506" step="2"/><W122/><G122/><T108/><D133/><U2/><E2/><V118/><F118/><W47/><G103/><AGARI ba="0,2" hai="7,11,12,36,43,45,84,86,87,88,94,98,102,103" machi="103" ten="40,2600,0" yaku="1,1,54,1,53,0" doraHai="115" doraHaiUra="20" who="2" fromWho="3" sc="229,0,85,0,160,46,506,-26" owari="229,3.0,85,-41.0,206,-19.0,480,57.0" /></mjloggm>