<mjloggm ver="2.3"><GO type="169" lobby="0"/><UN n0="%E9%BA%BB%E9%9B%80%49%51%31%32%30" n1="%6B%75%72%6F%6E%6F%35%39" n2="%E3%81%98%E3%82%87%E3%81%AB%E3%81%8A%E3%82%93%EF%BC%81%EF%BC%81" n3="%67%61%79%75%6E%79" dan="17,16,16,16" rate="2231.14,2075.62,2137.18,2121.27" sx="M,M,M,M"/><TAIKYOKU oya="0"/><INIT seed="0,0,0,3,3,35" ten="250,250,250,250" oya="0" hai0="27,33,51,31,32,96,130,26,6,54,85,48,104" hai1="39,3,87,129,132,14,43,92,49,25,81,90,108" hai2="82,45,76,65,41,21,124,112,79,72,120,71,122" hai3="128,30,101,63,103,75,36,22,126,7,5,94,105"/><T110/><D130/><U86/><E108/><V78/><F112/><W100/><G36/><T97/><D110/><U115/><E129/><V60/><F124/><W109/><G75/><T57/><D104/><U19/><E115/><V44/><F44/><W47/><G109/><T88/><D51/><U8/><E132/><V84/><F21/><W113/><G113/><T114/><D114/><U68/><E68/><V67/><F67/><W13/><G105/><T1/><D33/><U10/><E39/><V12/><F12/><W28/><G126/><T116/><D27/><U70/><E70/><V135/><F135/><W4/><G128/><T133/><D116/><U50/><E25/><V61/><F61/><W99/><G47/><T55/><D55/><U0/><E43/><V46/><F46/><W9/><G63/><T118/><D118/><U53/><E10/><V69/><F69/><W2/><G2/><T56/><D56/><U66/><E66/><V107/><F107/><W16/><REACH who="3" step="1"/><G9/><REACH who="3" ten="250,250,250,240" step="2"/><T121/><D133/><U23/><E8/><V83/><REACH who="2" step="1"/><F78/><REACH who="2" ten="250,250,240,240" step="2"/><W34/><G34/><T98/><D32/><U89/><REACH who="1" step="1"/><E50/><AGARI ba="0,2" hai="41,45,50,60,65,71,72,76,79,82,83,84,120,122" machi="50" ten="30,7700,0" yaku="1,1,2,1,7,1,53,1" doraHai="35" doraHaiUra="58" who="2" fromWho="1" sc="250,0,250,-77,240,97,240,0" /><INIT seed="1,0,0,0,1,106" ten="250,173,337,240" oya="1" hai0="108,95,58,100,86,17,99,12,41,26,134,51,53" hai1="25,104,54,126,127,132,66,35,117,128,70,48,113" hai2="105,9,68,0,125,75,135,3,57,40,10,83,19" hai3="11,14,79,15,24,23,44,111,97,129,46,45,81"/><U31/><E113/><V4/><F68/><W32/><G32/><T101/><D108/><U36/><E117/><V72/><F105/><W62/><G111/><T30/><D134/><U55/><E132/><V50/><F135/><W2/><G2/><T116/><D116/><U16/><E36/><V120/><F120/><W5/><G129/><T84/><D101/><U130/><E104/><V27/><F125/><N who="1" m="47625" /><E70/><V8/><F83/><W103/><G62/><T42/><D42/><U64/><E16/><V56/><F40/><W98/><G15/><T123/><D123/><U65/><E54/><V69/><F69/><W47/><N who="3" m="11264" /><DORA hai="67" /><W6/><G6/><T76/><D41/><U38/><E38/><V28/><F50/><W39/><G103/><T73/><D30/><U18/><E18/><V20/><F10/><W133/><G39/><T13/><D26/><U115/><E115/><V93/><F93/><W90/><G90/><T29/><D29/><U63/><E48/><V7/><F28/><W109/><G109/><T91/><D17/><U85/><E85/><V114/><REACH who="2" step="1"/><F114/><REACH who="2" ten="250,173,327,240" step="2"/><W80/><G133/><T59/><D86/><U88/><E130/><V74/><AGARI ba="0,1" hai="0,3,4,7,8,9,19,20,27,56,57,72,74,75" machi="74" ten="30,12000,2" yaku="1,1,2,1,0,1,9,1,52,3,53,0" doraHai="106,67" doraHaiUra="122,92" who="2" fromWho="2" sc="250,-30,173,-60,327,130,240,-30" /><INIT seed="2,0,0,2,5,111" ten="220,113,457,210" oya="2" hai0="135,79,50,99,31,88,96,3,25,30,26,101,17" hai1="110,98,77,104,131,106,7,103,125,86,29,37,2" hai2="18,118,24,44,107,84,46,128,80,123,67,58,121" hai3="130,134,13,90,133,9,28,124,27,64,1,76,10"/><V78/><F118/><W73/><G130/><T93/><D135/><U14/><E110/><V20/><F107/><W105/><G124/><T16/><D3/><U60/><E131/><V65/><F128/><W82/><G105/><T94/><D79/><U55/><E125/><V75/><F75/><W91/><G64/><T33/><REACH who="0" step="1"/><D50/><REACH who="0" ten="210,113,457,210" step="2"/><U63/><E2/><V87/><F78/><W62/><G1/><T72/><D72/><U57/><E37/><V97/><F121/><W85/><G73/><T114/><D114/><U5/><E77/><V68/><F123/><W109/><G109/><T4/><D4/><U21/><E7/><V43/><F87/><W115/><G115/><T69/><D69/><U52/><E86/><V34/><F84/><W66/><G134/><T32/><AGARI ba="0,1" hai="16,17,25,26,30,31,32,33,88,93,94,96,99,101" machi="32" ten="20,12000,2" yaku="1,1,0,1,7,1,9,1,54,2,53,0" doraHai="111" doraHaiUra="71" who="0" fromWho="0" sc="210,130,113,-30,457,-60,210,-30" /><INIT seed="3,0,0,5,4,125" ten="340,83,397,180" oya="3" hai0="49,77,9,66,98,14,53,68,86,25,20,65,15" hai1="51,112,81,32,79,33,4,38,22,57,76,40,60" hai2="62,85,48,31,94,80,114,72,0,7,59,100,39" hai3="1,11,23,70,2,56,16,10,12,118,54,30,34"/><W42/><G70/><T64/><D68/><U132/><E112/><V96/><F39/><W45/><G118/><T37/><D37/><U97/><E132/><V58/><F114/><W29/><G45/><T17/><D98/><U115/><E97/><V91/><F31/><N who="3" m="11787" /><G42/><T121/><D121/><U44/><E115/><V61/><F72/><W95/><G54/><T101/><D101/><U18/><E4/><V107/><F107/><W24/><G95/><T109/><D109/><U116/><E38/><V122/><F122/><W128/><G56/><N who="0" m="32815" /><D9/><N who="3" m="3081" /><G128/><T83/><AGARI ba="0,0" hai="14,15,17,20,25,64,65,66,77,83,86" m="32815" machi="83" ten="30,1100,0" yaku="8,1" doraHai="125" who="0" fromWho="0" sc="340,11,83,-3,397,-3,180,-5" /><INIT seed="4,0,0,1,2,35" ten="351,80,394,175" oya="0" hai0="64,37,99,47,88,67,19,52,39,72,97,125,71" hai1="90,51,59,8,63,34,112,68,75,103,108,109,131" hai2="38,36,80,73,114,54,4,101,44,96,115,133,95" hai3="9,65,104,24,106,134,119,121,2,6,76,3,11"/><T62/><D72/><U86/><E75/><V20/><F133/><W116/><G76/><T7/><D125/><U84/><E131/><V129/><F129/><W128/><G128/><T12/><D7/><U100/><E34/><V111/><F111/><W1/><G134/><T17/><D64/><U60/><E112/><N who="2" m="43051" /><F4/><W29/><G65/><T14/><D14/><U107/><E8/><V5/><F5/><W132/><G132/><T124/><D17/><U27/><E27/><V45/><F20/><W0/><G121/><T91/><D99/><U23/><E23/><V66/><F66/><W83/><G83/><T117/><D124/><U58/><E51/><N who="2" m="29031" /><F45/><W87/><G87/><T126/><D126/><U74/><E74/><V69/><F69/><W135/><G135/><T26/><D26/><U102/><E102/><V31/><F31/><W70/><G70/><T18/><D18/><U98/><E98/><V55/><F55/><W78/><G78/><AGARI ba="0,0" hai="36,38,73,78,80,95,96,101" m="29031,43051" machi="78" ten="30,1000,0" yaku="15,1" doraHai="35" who="2" fromWho="3" sc="351,0,80,0,394,10,175,-10" /><INIT seed="5,0,0,0,4,21" ten="351,80,404,165" oya="1" hai0="19,72,126,13,50,63,84,93,85,71,103,73,80" hai1="91,87,15,53,95,45,36,55,70,120,81,112,31" hai2="117,128,86,64,130,59,132,92,58,14,47,16,115" hai3="131,98,1,125,0,18,121,99,129,107,52,77,35"/><U27/><E112/><V11/><F117/><W96/><G121/><T82/><D126/><U105/><E120/><V41/><F115/><W17/><G125/><T118/><D71/><U6/><E105/><V24/><F132/><W42/><G107/><T134/><D63/><U26/><E70/><V104/><F104/><W65/><G42/><T88/><D134/><U40/><E81/><V68/><F68/><W89/><G77/><T123/><D118/><U90/><E90/><N who="2" m="53335" /><F24/><W110/><G110/><T4/><D4/><U94/><E94/><V111/><F64/><W37/><G37/><T20/><D123/><U127/><E127/><V56/><F56/><W49/><G65/><T60/><D60/><U9/><REACH who="1" step="1"/><E27/><REACH who="1" ten="351,70,404,165" step="2"/><V46/><F111/><W38/><G89/><T69/><D69/><U7/><E7/><V32/><F130/><W79/><G131/><T83/><D103/><U74/><E74/><V48/><F128/><W109/><G129/><T67/><D72/><U23/><AGARI ba="0,1" hai="6,9,15,23,26,31,36,40,45,53,55,87,91,95" machi="23" ten="20,7800,0" yaku="1,1,0,1,7,1,52,1,53,0" doraHai="21" doraHaiUra="28" who="1" fromWho="1" sc="351,-26,70,88,404,-26,165,-26" /><INIT seed="5,1,0,4,1,11" ten="325,158,378,139" oya="1" hai0="112,73,89,119,71,45,126,54,30,67,98,24,101" hai1="92,127,21,29,118,103,15,8,81,131,64,50,55" hai2="88,16,135,72,49,94,63,53,60,110,107,10,13" hai3="128,2,77,0,17,91,134,66,104,19,114,117,42"/><U14/><E118/><V23/><F110/><W95/><G104/><T78/><D112/><U102/><E127/><V100/><F72/><W40/><G114/><T51/><D89/><U35/><E131/><V46/><F135/><W12/><G117/><T56/><D126/><U111/><E111/><V52/><F107/><W124/><G124/><T79/><D71/><U34/><E64/><V93/><F53/><W70/><G77/><T108/><D108/><U58/><E81/><V113/><F113/><W76/><G76/><T37/><D73/><U32/><E92/><V109/><F109/><W74/><G74/><T39/><D39/><U28/><E15/><N who="2" m="9631" /><F100/><W22/><G128/><T84/><D84/><U38/><E38/><V18/><F94/><W133/><G70/><T122/><D122/><U44/><E44/><V3/><F3/><N who="3" m="1067" /><G66/><T7/><D7/><U85/><E85/><AGARI ba="1,0" hai="10,13,18,46,49,52,60,63,85,88,93" m="9631" machi="85" ten="30,12000,2" yaku="8,1,52,2,54,3" doraHai="11" who="2" fromWho="1" sc="325,0,158,-123,378,123,139,0" /><INIT seed="6,0,0,1,2,84" ten="325,35,501,139" oya="2" hai0="86,36,99,52,132,88,87,116,55,97,68,102,59" hai1="0,34,117,111,128,131,5,110,25,96,114,28,112" hai2="6,119,81,40,11,94,109,4,104,54,101,93,38" hai3="49,122,43,63,30,108,95,125,16,35,78,10,105"/><V62/><F119/><W64/><G105/><T133/><D68/><U135/><E96/><V83/><F104/><W60/><G122/><T91/><D36/><U24/><E117/><V120/><F120/><W51/><G108/><N who="1" m="41514" /><E135/><V61/><F38/><W58/><G30/><T113/><D116/><U79/><E79/><V90/><F40/><W85/><G35/><T74/><D74/><U39/><E25/><V14/><F4/><W92/><G43/><T103/><REACH who="0" step="1"/><D59/><REACH who="0" ten="315,35,501,139" step="2"/><U12/><E39/><V115/><F109/><W98/><G58/><T29/><D29/><U67/><E67/><V77/><F62/><W22/><G63/><T70/><D70/><U13/><E0/><V123/><F61/><W69/><G60/><T57/><D57/><U100/><E100/><V37/><F101/><W23/><G69/><T50/><D50/><U53/><E53/><V47/><F54/><W80/><G51/><T41/><D41/><U66/><E66/><V65/><F65/><W76/><G64/><T129/><D129/><N who="1" m="49739" /><E5/><V15/><F6/><W19/><G49/><T130/><D130/><U27/><E27/><V21/><F37/><W17/><G17/><T75/><D75/><U42/><E42/><V126/><F123/><W56/><G19/><T82/><D82/><U7/><E7/><V124/><F83/><W134/><G80/><T127/><D127/><U71/><E71/><V3/><F81/><W45/><G16/><T118/><D118/><U9/><E9/><V46/><F124/><W106/><G125/><T26/><D26/><U73/><E73/><V72/><F72/><RYUUKYOKU ba="0,1" sc="315,15,35,15,501,-15,139,-15" hai0="52,55,86,87,88,91,97,99,102,103,113,132,133" hai1="12,13,24,28,34,112,114" /><INIT seed="7,1,1,0,0,6" ten="330,50,486,124" oya="3" hai0="81,106,53,108,12,17,38,105,124,68,126,44,59" hai1="3,50,99,89,47,80,77,1,60,92,63,55,65" hai2="96,91,46,79,0,45,30,133,31,112,103,83,86" hai3="95,98,116,37,5,113,93,61,111,102,82,22,51"/><W90/><G37/><T56/><D108/><U58/><REACH who="1" step="1"/><E63/><REACH who="1" ten="330,40,486,124" step="2"/><V18/><F112/><W2/><G113/><T117/><D68/><U10/><E10/><V11/><F133/><W88/><G61/><T7/><D126/><U32/><E32/><V94/><F0/><W121/><G2/><T130/><D124/><U70/><E70/><V101/><F101/><W34/><G102/><T74/><D59/><U131/><E131/><V75/><F18/><W100/><G34/><T110/><D56/><U48/><E48/><V97/><F11/><W128/><G51/><T122/><D17/><U132/><E132/><V72/><F96/><W62/><G98/><T104/><D130/><U28/><E28/><N who="2" m="10795" /><F75/><AGARI ba="1,2" hai="1,3,47,50,55,58,60,65,75,77,80,89,92,99" machi="75" ten="30,3900,0" yaku="21,2,7,1,53,0" doraHai="6" doraHaiUra="134" who="1" fromWho="2" sc="330,0,40,62,486,-42,124,0" owari="330,13.0,102,-40.0,444,55.0,124,-28.0" /></mjloggm>