<mjloggm ver="2.3"><GO type="169" lobby="0"/><UN n0="%E3%82%88%E3%81%86%E3%81%B8%E3%83%BC%58" n1="%E3%81%A8%E3%81%B3%E3%81%BE%E3%81%93" n2="%E3%82%B4%E3%83%AA%E3%83%91%E3%83%A9" n3="%E3%83%95%E3%82%B5%E3%82%A6%E3%83%9F%E3%82%B3%E3%83%83%E3%83%97" dan="16,17,16,17" rate="2153.95,2179.12,2113.92,2219.35" sx="M,M,M,M"/><TAIKYOKU oya="0"/><INIT seed="0,0,0,2,1,84" ten="250,250,250,250" oya="0" hai0="66,34,108,102,79,98,57,13,58,69,82,64,14" hai1="44,12,80,116,122,75,8,111,99,73,31,68,76" hai2="133,60,88,7,56,95,52,126,36,27,24,62,16" hai3="0,22,94,119,6,114,35,33,55,19,17,100,11"/><T77/><D34/><N who="3" m="12809" /><G55/><T2/><D2/><U53/><E31/><V41/><F126/><W48/><G48/><T127/><D127/><U101/><E116/><V86/><F133/><W103/><G94/><T38/><D38/><U10/><E111/><V91/><F7/><N who="3" m="1511" /><G103/><T18/><D108/><U30/><E122/><V131/><F131/><W105/><G100/><T28/><D28/><U130/><E30/><V26/><F60/><W89/><G89/><T81/><D102/><U70/><E130/><V123/><F123/><W125/><G105/><T40/><D69/><U96/><E10/><V9/><F91/><W74/><G74/><T43/><REACH who="0" step="1"/><D18/><REACH who="0" ten="240,250,250,250" step="2"/><U50/><E70/><V37/><REACH who="2" step="1"/><F41/><REACH who="2" ten="240,250,240,250" step="2"/><W134/><G125/><T21/><D21/><U46/><E68/><V109/><F109/><W61/><G22/><T23/><D23/><U54/><E101/><V107/><F107/><W124/><G124/><T110/><D110/><U135/><E135/><V42/><F42/><W25/><G134/><T32/><D32/><U45/><E8/><V4/><F4/><W115/><G6/><T63/><D63/><U39/><E39/><V71/><F71/><W90/><G61/><T49/><D49/><U65/><E50/><V78/><F78/><W128/><G128/><T112/><D112/><U47/><N who="1" m="11264" /><DORA hai="85" /><U97/><E76/><V113/><F113/><W51/><G51/><T129/><D129/><U1/><E1/><V118/><F118/><W121/><G119/><T72/><D72/><U87/><E73/><V15/><AGARI ba="0,2" hai="9,15,16,24,26,27,36,37,52,56,62,86,88,95" machi="15" ten="30,16000,3" yaku="1,1,0,1,52,2,54,3,53,1" doraHai="84,85" doraHaiUra="83,93" who="2" fromWho="2" sc="240,-80,250,-40,240,180,250,-40" /><INIT seed="1,0,0,5,2,24" ten="160,210,420,210" oya="1" hai0="111,42,83,123,84,48,23,73,8,11,4,126,131" hai1="78,124,61,113,15,116,7,98,47,135,101,97,32" hai2="43,13,80,38,110,118,85,62,57,117,107,114,29" hai3="112,103,65,132,105,45,72,20,109,55,133,56,49"/><U92/><E113/><V102/><F110/><W10/><G72/><T16/><D111/><U93/><E116/><V129/><F129/><W119/><G109/><T0/><D131/><U87/><E32/><V17/><F114/><W91/><G112/><T81/><D123/><U21/><E124/><V66/><F102/><W35/><G35/><T19/><D126/><U74/><E74/><V82/><F107/><W75/><G75/><T41/><D73/><U52/><E135/><V53/><F82/><W28/><G10/><T3/><D48/><N who="1" m="28703" /><E61/><V30/><F43/><W59/><G91/><T37/><D37/><U100/><E87/><V39/><F39/><W125/><G65/><T90/><D81/><U27/><E78/><N who="2" m="46231" /><F38/><W86/><G86/><T96/><D96/><N who="1" m="36971" /><E15/><V130/><F130/><W69/><G69/><T99/><D99/><U134/><E7/><V46/><F118/><W70/><G70/><T58/><D58/><N who="3" m="22057" /><G119/><T51/><D51/><U9/><E9/><N who="2" m="6319" /><F117/><W6/><G6/><T14/><REACH who="0" step="1"/><D3/><REACH who="0" ten="150,210,420,210" step="2"/><U2/><E2/><V25/><F46/><W44/><G44/><T71/><D71/><U128/><E128/><V104/><F104/><W108/><G125/><T89/><D89/><U26/><E134/><N who="3" m="51818" /><G108/><T50/><D50/><U64/><E101/><V120/><F120/><W77/><G103/><T22/><D22/><U34/><E100/><V1/><F1/><W60/><G105/><T18/><D18/><N who="1" m="12599" /><E64/><V12/><F66/><W54/><G77/><T36/><D36/><U63/><E63/><V76/><F62/><W68/><G60/><T106/><D106/><RYUUKYOKU ba="0,1" sc="150,15,210,15,420,-15,210,-15" hai0="0,4,8,11,14,16,19,23,41,42,83,84,90" hai1="27,34,92,93" /><INIT seed="1,1,1,0,1,94" ten="165,225,405,195" oya="1" hai0="16,112,1,93,67,7,91,4,6,37,34,87,92" hai1="82,79,106,28,41,122,89,90,45,72,71,121,68" hai2="107,23,32,21,97,100,46,132,98,59,83,11,63" hai3="24,54,31,70,118,78,96,129,2,36,61,127,17"/><U60/><E106/><V102/><F32/><W62/><G129/><T115/><D1/><U65/><E28/><V12/><F132/><W101/><G127/><T126/><D126/><U109/><E109/><V114/><F83/><W38/><G2/><T14/><D37/><U104/><E104/><V117/><F117/><W49/><G17/><T116/><D116/><U88/><REACH who="1" step="1"/><E68/><REACH who="1" ten="165,215,405,195" step="2"/><V73/><F107/><W57/><G70/><T20/><D34/><U84/><E84/><V99/><F73/><W55/><G118/><T15/><D67/><U77/><E77/><V50/><F114/><W53/><G78/><T56/><D56/><U18/><E18/><N who="2" m="8479" /><F102/><W10/><G101/><T40/><D115/><U128/><E128/><V35/><F100/><W47/><G57/><T134/><D112/><U9/><E9/><V135/><F135/><W44/><G10/><T27/><D134/><U33/><E33/><V42/><F35/><W0/><G31/><T51/><REACH who="0" step="1"/><D93/><REACH who="0" ten="155,215,405,195" step="2"/><U85/><E85/><V66/><AGARI ba="1,3" hai="21,23,42,46,50,59,63,66,97,98,99" m="8479" machi="66" ten="30,7900,0" yaku="8,1,52,3" doraHai="94" who="2" fromWho="2" sc="155,-21,215,-40,405,112,195,-21" /><INIT seed="2,0,0,1,4,86" ten="134,175,517,174" oya="2" hai0="70,82,109,120,129,50,57,125,126,20,128,16,79" hai1="29,94,108,114,121,66,8,35,74,51,96,92,68" hai2="80,77,31,21,95,17,46,42,73,40,69,22,13" hai3="71,36,18,132,118,54,33,4,27,131,98,44,104"/><V45/><F69/><W67/><G118/><T7/><D70/><U60/><E114/><V135/><F135/><W47/><G132/><T41/><D7/><U89/><E74/><V30/><F22/><W100/><G131/><N who="0" m="50251" /><D120/><U78/><E108/><V87/><F73/><W1/><G54/><N who="0" m="31959" /><D41/><U52/><E78/><V39/><REACH who="2" step="1"/><F95/><REACH who="2" ten="134,175,507,174" step="2"/><W53/><G71/><T6/><D109/><U58/><E121/><V61/><F61/><W56/><G104/><T105/><D105/><U26/><E92/><V34/><F34/><W133/><G33/><T76/><D82/><U48/><E8/><V63/><F63/><AGARI ba="0,1" hai="26,29,35,48,51,52,58,60,63,66,68,89,94,96" machi="63" ten="30,3900,0" yaku="7,1,52,1,54,1" doraHai="86" who="1" fromWho="2" sc="134,0,175,49,507,-39,174,0" /><INIT seed="3,0,0,3,2,18" ten="134,224,468,174" oya="3" hai0="109,36,33,62,1,2,23,44,53,99,67,74,19" hai1="105,127,122,92,29,132,57,26,110,126,86,4,63" hai2="45,22,6,72,56,89,24,111,108,25,135,121,32" hai3="87,131,104,117,88,82,7,71,114,123,84,3,85"/><W97/><G71/><T130/><D74/><U101/><E122/><V31/><F135/><W107/><G3/><T95/><D109/><U37/><E110/><V20/><F121/><W9/><G123/><T46/><D130/><U124/><E37/><V42/><F72/><W38/><G38/><T59/><D33/><U78/><E132/><V79/><F79/><W98/><G114/><T47/><D36/><U134/><E134/><V118/><F118/><W73/><G117/><T11/><D11/><U13/><E105/><N who="3" m="40522" /><G9/><T112/><D112/><U69/><E69/><V40/><F32/><W103/><G7/><T34/><D34/><U90/><E101/><V43/><F6/><W5/><G5/><T116/><D116/><U55/><E78/><V102/><F102/><W129/><G73/><T76/><D76/><U50/><E13/><V119/><F119/><W91/><G85/><T94/><D94/><U66/><E4/><V15/><F15/><W0/><G0/><T35/><D35/><U75/><E75/><V52/><F45/><W133/><G133/><T96/><D96/><N who="3" m="36969" /><G103/><T17/><D17/><U14/><E14/><V30/><F89/><W39/><G39/><T10/><D10/><U8/><E8/><V61/><AGARI ba="0,0" hai="20,22,24,25,30,31,40,42,43,52,56,61,108,111" machi="61" ten="30,8000,1" yaku="0,1,9,1,52,2,54,1" doraHai="18" who="2" fromWho="2" sc="134,-20,224,-20,468,80,174,-40" /><INIT seed="4,0,0,0,1,11" ten="114,204,548,134" oya="0" hai0="9,86,63,12,112,80,33,32,23,108,85,19,77" hai1="88,1,121,55,18,48,123,103,29,36,16,133,59" hai2="50,99,65,92,53,51,54,106,102,104,71,105,129" hai3="57,8,58,101,5,2,120,37,81,109,127,116,98"/><T22/><D112/><U90/><E36/><V66/><F129/><W89/><G109/><T110/><D63/><U27/><E1/><V131/><F131/><W7/><G116/><T83/><D110/><U35/><E103/><V84/><F71/><W113/><G37/><T17/><D108/><U70/><E70/><V76/><F76/><W25/><G113/><T47/><D47/><U0/><E0/><V3/><F84/><W15/><G127/><T43/><D43/><U107/><E107/><V20/><F20/><W126/><G25/><T111/><D111/><U124/><E124/><V67/><REACH who="2" step="1"/><F3/><REACH who="2" ten="114,204,538,134" step="2"/><W30/><G2/><T69/><D69/><U91/><REACH who="1" step="1"/><E133/><REACH who="1" ten="114,194,538,134" step="2"/><V93/><F93/><W28/><G126/><T82/><D82/><U62/><E62/><V114/><F114/><W34/><G81/><T6/><D23/><U61/><E61/><V115/><F115/><W135/><G135/><T128/><D128/><U87/><E87/><V38/><F38/><W118/><G118/><T100/><D100/><U72/><E72/><V52/><AGARI ba="0,2" hai="50,51,52,53,54,65,66,67,92,99,102,104,105,106" machi="52" ten="40,8000,1" yaku="1,1,0,1,29,2,54,1,53,0" doraHai="11" doraHaiUra="125" who="2" fromWho="2" sc="114,-40,194,-20,538,100,134,-20" /><INIT seed="5,0,0,4,2,85" ten="74,174,638,114" oya="1" hai0="68,84,86,115,80,98,59,26,83,106,94,65,90" hai1="64,16,111,71,125,89,38,48,30,78,60,11,128" hai2="107,79,27,75,41,93,126,134,46,118,74,31,15" hai3="127,135,56,57,109,19,92,70,1,14,95,73,20"/><U72/><E38/><V50/><F126/><W37/><G109/><T3/><D3/><U18/><E125/><V113/><F107/><W104/><G127/><T12/><D68/><U123/><E123/><V121/><F134/><W32/><G104/><T22/><D115/><U8/><E111/><V36/><F36/><W62/><G1/><T39/><D39/><U43/><E30/><V47/><F47/><W45/><G32/><T42/><D42/><U52/><E43/><V69/><F15/><W131/><G73/><T0/><D0/><U122/><E122/><V29/><F29/><W103/><G131/><T117/><D117/><U82/><E128/><V99/><F69/><W40/><G135/><T13/><D106/><U63/><E63/><V4/><F113/><W7/><G7/><T44/><D44/><U116/><E116/><V35/><F4/><W133/><G133/><T124/><D124/><U112/><E112/><V9/><F118/><W6/><G6/><T119/><D119/><U97/><E11/><V81/><F9/><W23/><G23/><T17/><D59/><U101/><E8/><V51/><F51/><W49/><G37/><T91/><D65/><U88/><E18/><V77/><F121/><W25/><G70/><T110/><D110/><U100/><E16/><V10/><F10/><W34/><G57/><T28/><D17/><U102/><REACH who="1" step="1"/><E97/><REACH who="1" ten="74,164,638,114" step="2"/><V33/><F99/><W53/><G62/><T21/><D21/><U105/><E105/><V24/><F41/><W120/><G120/><T76/><AGARI ba="0,1" hai="12,13,22,26,28,76,80,83,84,86,90,91,94,98" machi="76" ten="20,8000,1" yaku="0,1,7,1,8,1,52,2" doraHai="85" who="0" fromWho="0" sc="74,90,164,-40,638,-20,114,-20" /><INIT seed="6,0,0,4,2,1" ten="164,124,618,94" oya="2" hai0="0,134,7,55,115,105,74,39,104,5,2,56,48" hai1="13,54,19,31,26,18,122,70,69,119,102,46,37" hai2="41,77,98,52,88,85,108,65,121,79,118,101,72" hai3="59,132,15,62,113,24,112,76,35,33,29,8,11"/><V73/><F65/><W81/><G132/><T86/><D74/><N who="2" m="28778" /><F41/><W23/><G81/><T107/><D39/><U45/><E102/><V126/><F52/><N who="3" m="34151" /><G76/><T34/><D34/><N who="3" m="12809" /><G15/><T40/><D40/><U114/><E119/><V49/><F49/><W130/><G130/><T125/><D134/><U16/><E122/><V116/><F121/><W82/><G82/><T97/><D97/><U58/><E13/><V9/><F9/><W3/><G3/><T36/><D36/><U133/><E133/><V4/><F4/><W38/><G38/><T47/><D86/><U127/><E69/><V14/><F14/><W44/><G44/><T42/><D2/><U106/><E70/><V60/><F60/><W20/><G20/><T22/><D22/><U21/><E106/><V6/><F6/><N who="0" m="2058" /><D0/><U100/><E37/><V92/><F108/><W89/><G89/><T64/><D64/><U120/><E100/><V63/><F63/><W124/><G124/><T117/><D117/><N who="2" m="45162" /><F126/><W51/><G51/><N who="0" m="30847" /><D125/><U28/><E127/><V83/><AGARI ba="0,0" hai="77,79,83,85,88,92,98,101" m="45162,28778" machi="83" ten="30,6000,0" yaku="34,2,54,1" doraHai="1" who="2" fromWho="2" sc="164,-20,124,-20,618,60,94,-20" /><INIT seed="6,1,0,3,0,36" ten="144,104,678,74" oya="2" hai0="35,117,42,4,116,78,58,103,128,105,17,0,81" hai1="82,104,109,83,96,123,34,114,59,45,7,65,121" hai2="120,73,3,102,55,13,88,24,85,94,9,15,90" hai3="87,111,11,10,76,30,53,100,125,31,133,48,107"/><V126/><F126/><W70/><G111/><T122/><D128/><U49/><E109/><V1/><F73/><W101/><G125/><T79/><D79/><U46/><E34/><V61/><F102/><W5/><G70/><T14/><D122/><N who="1" m="46603" /><E7/><V99/><F24/><W74/><G74/><T113/><D35/><U68/><E68/><V129/><F129/><W98/><G133/><T132/><D132/><U80/><E114/><V91/><F13/><W56/><G101/><T28/><D113/><U19/><E19/><V37/><F37/><W22/><G22/><T72/><D28/><U124/><E124/><V8/><F3/><W16/><G5/><T26/><D26/><U33/><E33/><V63/><F1/><W41/><G41/><T71/><D71/><U95/><E104/><V39/><F39/><W64/><G64/><T43/><D4/><U38/><E38/><V2/><F2/><W66/><G66/><T69/><D69/><U52/><E65/><V67/><F67/><W47/><G56/><T110/><D0/><U118/><E118/><N who="0" m="45673" /><D110/><U32/><E32/><V86/><F15/><W40/><G53/><T25/><D25/><U93/><E93/><V54/><F55/><W75/><G75/><T84/><D72/><U12/><E12/><V18/><F54/><W60/><G60/><T29/><D29/><N who="3" m="10761" /><G16/><T27/><D27/><U134/><E134/><V127/><F18/><W57/><G57/><T20/><D58/><U112/><E112/><V97/><F63/><W106/><G106/><T115/><D115/><U62/><E62/><V92/><F127/><RYUUKYOKU ba="1,0" sc="144,10,104,10,678,-30,74,10" hai0="14,17,20,42,43,78,81,84,103,105" hai1="45,46,49,52,59,80,82,83,95,96" hai3="10,11,40,47,48,76,87,98,100,107" /><INIT seed="7,2,0,5,3,39" ten="154,114,648,84" oya="3" hai0="56,98,41,43,19,2,11,49,105,48,65,4,108" hai1="34,133,72,38,76,127,45,99,60,83,59,135,27" hai2="123,95,63,117,17,31,116,62,29,70,124,132,84" hai3="131,66,102,100,88,54,8,118,112,103,32,26,96"/><W126/><G118/><T85/><D108/><U10/><E127/><V71/><F17/><W22/><G126/><T106/><D85/><U107/><E10/><V130/><F84/><W18/><G112/><T15/><D106/><U30/><E60/><V3/><F95/><N who="3" m="56423" /><G32/><T78/><D78/><U81/><E59/><V1/><F124/><W35/><G35/><T90/><D49/><U120/><E81/><V33/><F33/><W6/><G131/><T12/><D2/><U55/><E55/><V73/><F73/><W114/><G114/><T93/><D105/><U67/><E67/><V79/><F130/><W24/><G54/><N who="0" m="31815" /><D65/><U42/><E120/><V23/><F123/><W9/><G66/><T111/><D111/><U16/><E16/><V104/><F104/><W14/><G9/><AGARI ba="2,0" hai="4,9,11,12,15,19,41,43,90,93,98" m="31815" machi="9" ten="30,3900,0" yaku="8,1,52,2" doraHai="39" who="0" fromWho="3" sc="154,45,114,0,648,0,84,-45" owari="199,0.0,114,-29.0,648,75.0,39,-46.0" /></mjloggm>