<mjloggm ver="2.3"><GO type="185" lobby="0"/><UN n0="%E3%81%9D%E3%81%86%E3%81%A1%E3%82%87" n1="%E3%83%84%E3%83%BC%E3%82%A2%E3%82%A6%E3%83%88" n2="%E5%A4%A7%E5%9B%9B%E5%96%9C%E6%B8%85%E8%80%81%E9%A0%AD" n3="" dan="17,16,16,0" rate="2193.02,2228.23,2176.40,1500.00" sx="F,M,M,C"/><TAIKYOKU oya="0"/><INIT seed="0,0,0,4,5,114" ten="350,350,350,0" oya="0" hai0="56,106,55,98,44,41,132,42,85,113,72,94,75" hai1="124,51,50,58,66,86,117,79,38,36,60,77,57" hai2="34,47,63,49,48,109,81,78,35,130,53,76,71" hai3=""/><T82/><D132/><U112/><E86/><V97/><F130/><T105/><D113/><U104/><E104/><V131/><F131/><T135/><D135/><U108/><E112/><V52/><F109/><T39/><D42/><U126/><E108/><V0/><F0/><T64/><D64/><U65/><E60/><V133/><F97/><T119/><D119/><AGARI ba="0,0" hai="36,38,50,51,57,58,65,66,77,79,117,119,124,126" machi="119" ten="25,6400,0" yaku="22,2,52,2" doraHai="114" who="1" fromWho="0" sc="350,-64,350,64,350,0,0,0" /><INIT seed="1,0,0,5,2,64" ten="286,414,350,0" oya="1" hai0="100,86,121,97,99,94,69,135,71,127,109,80,33" hai1="120,98,45,129,113,125,56,68,37,101,108,83,48" hai2="112,122,34,65,41,77,46,54,39,119,36,74,105" hai3=""/><U43/><N who="1" m="30752" /><U110/><E113/><V87/><N who="2" m="31264" /><V0/><F0/><T134/><N who="0" m="31008" /><T88/><D109/><N who="1" m="42091" /><E125/><V66/><F54/><T118/><D118/><U78/><E129/><V102/><F39/><T70/><D33/><U82/><E68/><V111/><F36/><T53/><D127/><U85/><E83/><V103/><F119/><T38/><D38/><U76/><E76/><V79/><F77/><T59/><REACH who="0" step="1"/><D97/><REACH who="0" ten="276,414,350,0" step="2"/><U91/><E78/><V81/><F79/><T72/><D72/><U124/><E124/><V63/><F74/><T130/><D130/><U58/><E37/><V49/><F111/><T73/><D73/><U47/><E47/><V126/><F46/><T40/><D40/><U123/><N who="1" m="31520" /><U51/><E48/><AGARI ba="0,1" hai="48,53,59,69,70,71,80,86,88,94,99,100,134,135" m="31008" machi="48" ten="40,12000,2" yaku="1,1,52,4,54,1,53,0" doraHai="64" doraHaiUra="62" who="0" fromWho="1" sc="276,130,414,-120,350,0,0,0" /><INIT seed="2,0,0,3,5,83" ten="406,294,350,0" oya="2" hai0="103,50,99,109,32,37,35,107,86,92,48,77,74" hai1="89,59,123,125,134,41,108,100,34,112,56,117,87" hai2="33,68,118,0,96,111,55,54,124,43,88,75,1" hai3=""/><V62/><F118/><T42/><D109/><U52/><N who="1" m="31520" /><U132/><E34/><V73/><F33/><T72/><D37/><U97/><E117/><V120/><N who="2" m="30752" /><V58/><F111/><T110/><D110/><U129/><E108/><V131/><F131/><T90/><D72/><U130/><E41/><V127/><F68/><T60/><D60/><U84/><E112/><V105/><F43/><T81/><D48/><U36/><E36/><V2/><F55/><T39/><D39/><U47/><E47/><AGARI ba="0,0" hai="32,35,42,47,50,74,77,81,86,90,92,99,103,107" machi="47" ten="40,5200,0" yaku="24,2,52,1" doraHai="83" who="0" fromWho="1" sc="406,52,294,-52,350,0,0,0" /><INIT seed="4,0,0,2,1,93" ten="458,242,350,0" oya="0" hai0="132,135,127,56,43,48,66,103,54,35,75,134,131" hai1="123,65,85,40,114,107,62,98,108,113,3,45,87" hai2="0,77,69,1,34,125,58,72,81,119,63,124,99" hai3=""/><T84/><D35/><U46/><N who="1" m="31520" /><U100/><E3/><V92/><F69/><T120/><N who="0" m="30752" /><T71/><D75/><U32/><E32/><V52/><F119/><T130/><D103/><U33/><E33/><V90/><REACH who="2" step="1"/><F34/><REACH who="2" ten="458,242,340,0" step="2"/><T102/><D132/><U39/><E108/><V82/><F82/><T2/><D135/><U41/><E114/><V109/><F109/><T47/><D134/><U117/><E117/><V80/><F80/><T133/><D133/><U86/><E113/><V50/><F50/><T73/><D48/><U97/><E107/><V116/><F116/><T88/><D71/><U94/><E94/><V61/><F61/><T104/><D104/><U112/><E112/><V37/><F37/><T74/><D131/><U79/><E79/><V129/><F129/><T111/><D130/><U89/><E89/><V122/><N who="2" m="31264" /><V91/><F91/><T70/><D111/><U121/><N who="1" m="31008" /><U53/><E100/><V51/><F51/><T44/><D102/><U64/><E62/><V55/><F55/><T126/><D54/><U78/><E78/><V110/><F110/><T105/><D105/><U128/><E128/><V38/><F38/><T101/><D101/><U115/><E115/><V96/><F96/><RYUUKYOKU ba="0,1" sc="458,-10,242,-10,340,20,0,0" hai2="0,1,52,58,63,72,77,81,90,92,99,124,125" /><INIT seed="5,1,1,0,0,56" ten="448,232,360,0" oya="1" hai0="131,38,120,62,66,107,132,61,80,92,75,103,94" hai1="126,117,87,102,135,59,97,124,72,51,134,88,53" hai2="115,69,130,70,101,42,111,118,35,133,44,34,109" hai3=""/><U47/><E72/><V119/><F101/><T49/><N who="0" m="30752" /><T106/><D38/><U125/><E117/><N who="2" m="44555" /><F130/><T36/><D132/><N who="1" m="50731" /><E47/><V45/><F133/><T58/><D36/><U33/><E33/><N who="2" m="12299" /><F115/><T0/><D131/><U43/><E43/><V95/><F95/><T46/><D94/><U79/><E79/><V81/><F81/><T1/><D92/><U85/><E88/><V63/><F63/><T104/><D61/><U113/><E113/><V41/><F45/><T83/><D103/><U40/><E40/><N who="2" m="15467" /><F44/><T129/><D129/><U105/><AGARI ba="1,1" hai="51,53,59,85,87,97,102,105,124,125,126" m="50731" machi="105" ten="40,2600,0" yaku="18,1,20,1" doraHai="56" who="1" fromWho="1" sc="448,-14,232,38,360,-14,0,0" /><INIT seed="5,2,0,2,5,103" ten="434,270,346,0" oya="1" hai0="42,56,33,115,49,76,60,100,41,67,126,105,65" hai1="101,46,91,133,68,110,124,127,70,40,79,57,123" hai2="54,83,112,90,104,85,109,93,71,43,116,37,130" hai3=""/><U95/><N who="1" m="31520" /><U84/><E110/><V128/><F109/><T82/><D33/><U69/><E133/><V74/><F116/><T86/><D115/><U50/><E79/><V129/><F71/><T47/><D126/><N who="1" m="48171" /><E101/><V87/><F112/><T39/><D67/><U62/><E70/><V120/><N who="2" m="30752" /><V114/><F114/><T88/><D76/><U2/><E2/><V53/><F74/><T89/><D89/><U106/><E106/><V125/><F104/><T52/><REACH who="0" step="1"/><D39/><REACH who="0" ten="424,270,346,0" step="2"/><U77/><E77/><V64/><F125/><T118/><D118/><U98/><E98/><AGARI ba="2,1" hai="41,42,47,49,52,56,60,65,82,86,88,98,100,105" machi="98" ten="40,8000,1" yaku="1,1,52,1,54,2,53,1" doraHai="103" doraHaiUra="80" who="0" fromWho="1" sc="424,94,270,-84,346,0,0,0" /><INIT seed="6,0,0,1,1,39" ten="518,186,346,0" oya="2" hai0="111,32,90,38,135,129,60,122,69,114,66,45,42" hai1="101,75,85,41,130,119,95,88,86,96,121,63,2" hai2="128,83,36,115,3,81,72,94,78,74,80,65,99" hai3=""/><V53/><F3/><T51/><N who="0" m="31264" /><T109/><D32/><U132/><N who="1" m="31008" /><U62/><E2/><V117/><F36/><T84/><D129/><U110/><E130/><V44/><F128/><T70/><D135/><U87/><E75/><V40/><F115/><T46/><D70/><U127/><E132/><V61/><F117/><T104/><D104/><U134/><E134/><V52/><F74/><T43/><D114/><U106/><E110/><V100/><F81/><AGARI ba="0,0" hai="38,42,43,45,46,51,60,66,69,81,84,90,109,111" m="31264" machi="81" ten="30,7700,0" yaku="7,1,52,3" doraHai="39" who="0" fromWho="2" sc="518,77,186,0,346,-77,0,0" owari="595,54.0,186,-41.0,269,-13.0,0,0.0" /></mjloggm>