<mjloggm ver="2.3"><GO type="169" lobby="0"/><UN n0="%66%53" n1="%50%49%58%49" n2="%E9%BB%92%E9%9B%BB%E8%A9%B1" n3="%E3%83%9F%E3%83%83%E3%82%AD%E3%83%BC%30%37%31%30" dan="18,16,17,16" rate="2230.57,2202.28,2156.69,2081.77" sx="M,F,M,M"/><TAIKYOKU oya="0"/><INIT seed="0,0,0,1,5,7" ten="250,250,250,250" oya="0" hai0="101,124,49,43,21,42,109,76,77,72,61,114,14" hai1="132,48,93,92,50,135,83,115,9,78,131,65,24" hai2="127,96,63,86,51,97,117,6,22,105,47,29,39" hai3="34,64,87,53,35,3,82,80,88,112,106,73,19"/><T5/><D114/><U23/><E115/><V12/><F127/><W107/><G112/><T113/><D113/><U59/><E131/><V126/><F126/><W67/><G3/><T13/><D124/><U1/><E65/><V58/><F39/><W20/><G53/><T121/><D121/><U69/><E69/><V98/><F117/><W11/><G20/><T60/><D109/><U17/><E92/><V85/><F105/><W134/><G134/><N who="1" m="51242" /><E93/><V108/><F108/><W71/><G71/><T27/><D101/><U26/><E26/><V119/><F119/><W0/><G73/><T10/><D72/><N who="1" m="43463" /><E59/><V38/><F38/><W125/><G125/><T32/><D32/><U36/><E36/><V41/><F29/><W91/><G0/><T28/><D14/><N who="1" m="7375" /><E1/><V103/><F103/><W104/><G106/><T46/><REACH who="0" step="1"/><D42/><REACH who="0" ten="240,250,250,250" step="2"/><U33/><E33/><V40/><F40/><W102/><G102/><T110/><D110/><U57/><E57/><V56/><F56/><W128/><G35/><T130/><D130/><U129/><E129/><V4/><F58/><W133/><G34/><T111/><D111/><U54/><E54/><V70/><F70/><W31/><G128/><T120/><D120/><U66/><E66/><V25/><F63/><AGARI ba="0,1" hai="5,10,13,21,27,28,43,46,49,60,61,63,76,77" machi="63" ten="40,12000,1" yaku="1,1,8,1,52,1,53,2" doraHai="7" doraHaiUra="74" who="0" fromWho="2" sc="240,130,250,0,250,-120,250,0" /><INIT seed="0,1,0,5,2,113" ten="370,250,130,250" oya="0" hai0="54,28,105,59,7,118,44,127,42,131,69,100,101" hai1="10,1,98,93,35,45,80,77,112,14,29,90,86" hai2="58,106,82,61,114,6,110,94,23,27,13,85,123" hai3="99,67,83,121,88,40,0,129,3,115,48,64,65"/><T76/><D118/><U30/><E112/><V26/><F106/><W72/><G115/><T49/><D127/><U68/><E68/><V73/><F73/><W55/><G129/><T78/><D131/><U24/><E1/><V135/><F110/><W103/><G121/><T134/><D134/><U11/><E30/><V108/><F108/><W132/><G40/><T17/><D7/><U79/><E45/><V5/><F135/><W126/><G126/><T32/><D69/><U9/><REACH who="1" step="1"/><E77/><REACH who="1" ten="370,240,130,250" step="2"/><V8/><F114/><W43/><G132/><T124/><D78/><U47/><E47/><V16/><F123/><W52/><G0/><T2/><D76/><U38/><E38/><V104/><F104/><W95/><G3/><T109/><D109/><U84/><E84/><V122/><F122/><W63/><G72/><T107/><D2/><U133/><E133/><V34/><F94/><W87/><G63/><T39/><D105/><U91/><E91/><V31/><F85/><W117/><G117/><T53/><D124/><U102/><E102/><V36/><F82/><W22/><G22/><T62/><D107/><U120/><E120/><V57/><F36/><W128/><G128/><T50/><D39/><U111/><E111/><V66/><REACH who="2" step="1"/><F57/><REACH who="2" ten="370,240,120,250" step="2"/><W89/><G83/><T125/><D125/><U25/><E25/><V21/><F21/><W96/><G87/><T92/><D92/><U119/><E119/><V60/><F60/><W33/><G95/><T20/><D62/><U19/><AGARI ba="1,2" hai="9,10,11,14,19,24,29,35,79,80,86,90,93,98" machi="19" ten="20,2700,0" yaku="1,1,0,1,7,1,53,0" doraHai="113" doraHaiUra="71" who="1" fromWho="1" sc="370,-14,240,50,120,-8,250,-8" /><INIT seed="1,0,0,0,0,75" ten="356,290,112,242" oya="1" hai0="74,12,38,110,94,123,83,52,23,55,2,19,22" hai1="41,109,80,15,70,85,119,5,48,86,95,40,101" hai2="91,116,56,77,132,54,90,0,58,8,53,28,26" hai3="13,57,103,124,11,32,114,43,127,42,122,99,51"/><U130/><E119/><V134/><F8/><W68/><G68/><T98/><D38/><U49/><E70/><V100/><F26/><W25/><G122/><T29/><D2/><U69/><E69/><V16/><F28/><W46/><G114/><T64/><D123/><U37/><E130/><V126/><F100/><W6/><G57/><T9/><D64/><U35/><E35/><V88/><F0/><W135/><G135/><N who="2" m="51753" /><F116/><W76/><G32/><T24/><D110/><U131/><E131/><V60/><F126/><N who="3" m="48171" /><G25/><T27/><D74/><U36/><E109/><V44/><F44/><W106/><G43/><T34/><D83/><U21/><E37/><V107/><F107/><W71/><G71/><T66/><D66/><U10/><E36/><V102/><F102/><W4/><G4/><T117/><D117/><U96/><E21/><V31/><F31/><W61/><G61/><T18/><REACH who="0" step="1"/><D34/><REACH who="0" ten="346,290,112,242" step="2"/><U14/><E80/><V125/><F125/><W111/><G111/><T81/><D81/><U128/><E128/><V62/><F16/><W17/><G17/><T118/><D118/><U121/><E121/><V93/><F93/><W120/><G120/><T65/><D65/><U72/><E95/><V33/><F33/><W30/><G30/><T45/><D45/><U73/><E5/><V20/><F20/><W89/><G6/><T7/><D7/><U92/><E92/><V113/><F113/><W87/><G106/><T63/><D63/><U115/><E115/><V84/><F84/><W112/><G87/><T50/><D50/><U78/><E86/><V59/><F59/><RYUUKYOKU ba="0,1" sc="346,15,290,-15,112,15,242,-15" hai0="9,12,18,19,22,23,24,27,29,52,55,94,98" hai2="53,54,56,58,60,62,77,88,90,91" /><INIT seed="2,1,1,4,2,31" ten="361,275,127,227" oya="2" hai0="27,132,51,48,8,88,85,63,120,46,47,74,110" hai1="69,28,66,124,36,5,23,95,113,44,18,108,76" hai2="32,0,14,77,83,45,39,4,134,62,7,57,33" hai3="127,6,40,67,105,24,100,131,25,75,12,114,42"/><V73/><F14/><W97/><G75/><T122/><D74/><U10/><E113/><V43/><F134/><W26/><G114/><T9/><D132/><U61/><E108/><V133/><F133/><W102/><G131/><T92/><D110/><U98/><E124/><V93/><F93/><W11/><G127/><T30/><D63/><U2/><E76/><V22/><F22/><W135/><G135/><T17/><D120/><U56/><E28/><V70/><F7/><W115/><G115/><T41/><D17/><U96/><E69/><V94/><F94/><W50/><G102/><T37/><D37/><U126/><E126/><V20/><F20/><W54/><REACH who="3" step="1"/><G67/><REACH who="3" ten="361,275,127,217" step="2"/><T107/><D122/><U21/><E96/><V19/><F19/><W112/><G112/><T49/><D107/><U58/><E18/><V79/><F79/><W90/><G90/><T29/><D29/><U3/><E66/><N who="2" m="41303" /><F57/><AGARI ba="1,2" hai="6,11,12,24,25,26,40,42,50,54,57,97,100,105" machi="57" ten="40,1300,0" yaku="1,1,53,0" doraHai="31" doraHaiUra="106" who="3" fromWho="2" sc="361,0,275,0,127,-16,217,36" /><INIT seed="3,0,0,5,0,73" ten="361,275,111,253" oya="3" hai0="28,83,103,77,45,96,90,120,1,29,34,47,10" hai1="92,111,51,84,48,7,95,0,54,98,80,38,125" hai2="104,89,25,14,13,133,50,132,106,64,27,71,101" hai3="61,75,115,65,118,87,102,100,17,22,108,129,86"/><W9/><G115/><T37/><D120/><U6/><E111/><V94/><F101/><W15/><G118/><T128/><D128/><U76/><E125/><V16/><F71/><W88/><G75/><T12/><D1/><U21/><E38/><V58/><F13/><W53/><G129/><T31/><D34/><U82/><E0/><V49/><F27/><W93/><G108/><T68/><D68/><U26/><E82/><V105/><F25/><W85/><G53/><T41/><D47/><U123/><E123/><V113/><F113/><W117/><G117/><T33/><D33/><U126/><E126/><V66/><F66/><W8/><G100/><T67/><D67/><U42/><E42/><V32/><F32/><W91/><G102/><T55/><D55/><U116/><E116/><V127/><F127/><W20/><G20/><T122/><D122/><U124/><E124/><V62/><F50/><N who="1" m="18985" /><E54/><V43/><F49/><W79/><G79/><T70/><D70/><U23/><E23/><V60/><F60/><W44/><G44/><T74/><D90/><N who="1" m="55575" /><E95/><V130/><F43/><W72/><G72/><T35/><D35/><U69/><E69/><V121/><F121/><W3/><G3/><T40/><D40/><U114/><E114/><V63/><F62/><W109/><G109/><T134/><D134/><N who="2" m="51818" /><F130/><W5/><G5/><T52/><D52/><U24/><E24/><V36/><F36/><W57/><G87/><T135/><D135/><U19/><AGARI ba="0,0" hai="6,7,19,21,26,76,80,84" m="55575,18985" machi="19" ten="30,2000,0" yaku="8,1,52,1" doraHai="73" who="1" fromWho="1" sc="361,-5,275,20,111,-5,253,-10" /><INIT seed="4,0,0,1,5,4" ten="356,295,106,243" oya="0" hai0="85,50,126,27,96,31,66,121,33,95,87,30,70" hai1="114,108,22,111,120,28,6,3,44,15,94,107,18" hai2="67,104,72,1,43,77,12,128,62,13,134,117,5" hai3="2,68,122,73,118,58,92,51,89,17,123,45,7"/><T54/><D121/><N who="3" m="46089" /><G68/><T83/><D126/><U81/><E107/><V115/><F104/><W52/><G73/><T24/><D83/><U84/><E120/><V133/><F72/><W88/><G118/><T64/><D70/><U32/><E114/><V20/><F77/><W98/><G17/><T135/><D135/><U101/><E101/><V125/><F43/><W100/><G45/><T86/><D54/><U60/><E94/><V10/><F115/><W8/><AGARI ba="0,0" hai="2,7,8,51,52,58,88,89,92,98,100" m="46089" machi="8" ten="30,7900,0" yaku="13,1,52,1,54,2" doraHai="4" who="3" fromWho="3" sc="356,-39,295,-20,106,-20,243,79" /><INIT seed="5,0,0,4,3,83" ten="317,275,86,322" oya="1" hai0="39,75,73,55,72,104,133,24,25,113,98,53,112" hai1="30,23,87,135,111,11,134,118,3,65,15,123,91" hai2="110,124,18,51,63,105,109,78,10,119,74,116,76" hai3="43,121,9,84,34,20,46,81,120,122,95,49,57"/><U130/><E118/><V4/><F18/><W8/><G34/><T40/><D133/><N who="1" m="50699" /><E123/><V58/><F51/><W114/><G114/><N who="0" m="44139" /><D40/><U89/><E130/><V29/><F29/><W7/><G95/><T60/><D39/><U47/><E111/><V59/><F105/><W12/><G57/><N who="0" m="34863" /><D55/><U67/><E47/><V26/><F26/><W100/><G100/><AGARI ba="0,0" hai="24,25,72,73,75,98,100,104" m="34863,44139" machi="100" ten="40,1300,0" yaku="15,1" doraHai="83" who="0" fromWho="3" sc="317,13,275,0,86,0,322,-13" /><INIT seed="6,0,0,4,1,108" ten="330,275,86,309" oya="2" hai0="106,66,43,26,61,17,79,14,110,13,91,86,6" hai1="44,88,95,25,35,118,101,21,47,75,10,122,127" hai2="89,8,32,85,103,48,45,59,50,112,109,33,36" hai3="55,134,4,64,113,126,12,73,92,39,27,128,111"/><V114/><F109/><W49/><G39/><T57/><D106/><U102/><E118/><V15/><F103/><N who="1" m="39433" /><E35/><V40/><F32/><W18/><G73/><T119/><D110/><U0/><E0/><V3/><F3/><W60/><G126/><T87/><D119/><U30/><E75/><V130/><F33/><W38/><G38/><T67/><D43/><U52/><E122/><V72/><F72/><W116/><G116/><T31/><D67/><U41/><E41/><V23/><F130/><W121/><G121/><T78/><D6/><U107/><E107/><V76/><F76/><N who="0" m="29226" /><D31/><U63/><E10/><V28/><F23/><W9/><G134/><T7/><D7/><U42/><E42/><V83/><F28/><W115/><G128/><T131/><D131/><U22/><E22/><V132/><F132/><W29/><G92/><N who="0" m="54391" /><D87/><N who="1" m="52639" /><E127/><V135/><F135/><W5/><G111/><T53/><D66/><U100/><N who="1" m="39441" /><U97/><DORA hai="124" /><E97/><V2/><F2/><W123/><G123/><T58/><D58/><AGARI ba="0,0" hai="21,25,30,44,47,52,58,63" m="52639,39441" machi="58" ten="30,3900,0" yaku="8,1,54,2" doraHai="108,124" who="1" fromWho="0" sc="330,-39,275,39,86,0,309,0" /><INIT seed="7,0,0,1,1,119" ten="291,314,86,309" oya="3" hai0="28,125,2,133,20,117,107,62,126,120,116,97,81" hai1="112,132,80,124,78,102,106,70,85,31,128,67,93" hai2="45,32,43,122,13,12,109,51,101,39,10,33,25" hai3="29,26,118,17,49,92,35,66,77,38,82,15,64"/><W24/><G118/><N who="0" m="45675" /><D2/><U91/><E31/><V121/><F109/><W54/><G38/><T47/><D47/><U0/><E0/><V27/><F101/><W89/><G26/><N who="0" m="16455" /><D62/><U50/><E112/><V134/><F134/><W99/><G54/><T88/><D133/><U71/><E132/><V79/><F39/><W84/><G49/><T4/><D4/><U90/><E90/><V65/><F65/><W3/><G3/><T95/><D107/><U68/><E50/><V46/><F51/><W123/><G123/><T114/><D81/><U42/><E42/><V69/><F79/><W53/><G53/><T22/><D22/><AGARI ba="0,0" hai="15,17,22,24,29,35,64,66,77,82,84,89,92,99" machi="22" ten="30,1500,0" yaku="7,1" doraHai="119" who="3" fromWho="0" sc="291,-15,314,0,86,0,309,15" owari="276,-12.0,314,11.0,86,-41.0,324,42.0" /></mjloggm>