<mjloggm ver="2.3"><GO type="169" lobby="0"/><UN n0="%E6%AD%A6" n1="%E4%BC%8A%E4%BB%8B" n2="%52%45%58%27" n3="%E6%A1%9C%E5%B3%B6%E9%BA%BB%E8%A1%A3" dan="16,16,16,17" rate="2098.05,2090.12,2083.07,2157.25" sx="M,M,F,F"/><TAIKYOKU oya="0"/><INIT seed="0,0,0,1,3,77" ten="250,250,250,250" oya="0" hai0="110,11,88,26,90,7,98,81,10,39,58,25,43" hai1="32,120,53,108,74,69,51,79,64,12,85,70,59" hai2="16,29,34,89,97,106,118,65,8,103,30,3,115" hai3="96,113,54,91,130,36,50,82,31,104,94,126,9"/><T1/><D110/><U47/><E120/><V83/><F115/><W71/><G71/><T125/><D125/><U76/><E32/><V72/><F118/><W101/><G126/><T5/><D39/><U73/><E69/><V20/><F65/><W2/><G36/><T0/><D43/><U52/><E76/><V119/><F119/><W87/><G130/><T35/><D35/><U102/><E102/><V38/><F38/><W122/><G122/><T109/><D109/><U45/><E45/><V41/><F41/><W105/><G113/><T78/><D58/><U84/><E84/><V4/><F34/><W111/><G31/><T117/><D117/><U27/><E27/><V68/><F68/><W95/><G111/><T60/><D60/><U86/><E86/><V23/><F23/><W114/><G114/><T124/><D124/><U33/><E64/><V28/><F72/><W24/><G24/><T46/><D46/><U93/><E70/><V19/><REACH who="2" step="1"/><F20/><REACH who="2" ten="250,250,240,250" step="2"/><W135/><G135/><T21/><D98/><U92/><E33/><V55/><F55/><W49/><G54/><T75/><REACH who="0" step="1"/><D26/><REACH who="0" ten="240,250,240,250" step="2"/><U107/><E108/><V116/><F116/><W133/><G96/><T67/><D67/><U57/><E59/><V56/><F56/><W127/><G127/><T112/><D112/><U48/><E57/><V18/><F18/><AGARI ba="0,2" hai="0,1,5,7,10,11,18,21,25,75,78,81,88,90" machi="18" ten="30,12000,1" yaku="1,1,7,1,9,1,52,1,54,1,53,0" doraHai="77" doraHaiUra="66" who="0" fromWho="2" sc="240,140,250,0,240,-120,250,0" /><INIT seed="0,1,0,0,4,106" ten="380,250,120,250" oya="0" hai0="105,79,122,1,111,8,5,80,43,6,48,115,20" hai1="60,118,64,99,16,35,38,131,75,100,66,22,123" hai2="25,19,53,87,47,128,56,94,26,113,85,12,116" hai3="97,89,124,69,23,28,103,125,63,49,108,82,86"/><T13/><D115/><U30/><E118/><V93/><F128/><W2/><G2/><T34/><D122/><U7/><E131/><V109/><F109/><W42/><G108/><T41/><D105/><U9/><E38/><V78/><F113/><W129/><G129/><T95/><D34/><U3/><E123/><V117/><F47/><W102/><G42/><T90/><D5/><U88/><E75/><V62/><F116/><W10/><G10/><T17/><D48/><U50/><E50/><V18/><F117/><W120/><G120/><T21/><D21/><U57/><E66/><V55/><F78/><W81/><G49/><T33/><D33/><U135/><E135/><V29/><F29/><W59/><G81/><T134/><D134/><U0/><E0/><V77/><F77/><W133/><G69/><T40/><D111/><U52/><E64/><V72/><F72/><W45/><G45/><T51/><D51/><U119/><E88/><V36/><F36/><W104/><G103/><T96/><REACH who="0" step="1"/><D41/><REACH who="0" ten="370,250,120,250" step="2"/><U61/><E119/><V71/><F62/><W24/><REACH who="3" step="1"/><G133/><REACH who="3" ten="370,250,120,240" step="2"/><T76/><D76/><U107/><E60/><V68/><F56/><W58/><G58/><T44/><D44/><U84/><E61/><V67/><F67/><AGARI ba="1,2" hai="23,24,28,59,63,67,82,86,89,97,102,104,124,125" machi="67" ten="40,2600,0" yaku="1,1,53,1" doraHai="106" doraHaiUra="101" who="3" fromWho="2" sc="370,0,250,0,120,-29,240,49" /><INIT seed="1,0,0,4,2,37" ten="370,250,91,289" oya="1" hai0="77,107,135,44,111,106,30,130,52,38,132,55,28" hai1="22,62,29,48,76,61,21,84,17,63,57,100,101" hai2="118,65,0,54,127,71,91,94,16,125,60,26,43" hai3="24,4,13,85,67,128,87,113,99,42,69,45,11"/><U102/><E29/><N who="0" m="11369" /><D77/><U56/><E22/><V59/><F118/><W80/><G113/><T1/><D1/><U93/><E48/><V74/><F74/><W72/><G128/><T97/><D97/><U114/><E114/><V116/><F116/><W82/><G24/><T9/><D9/><U8/><E8/><V98/><F0/><W68/><G99/><T129/><D44/><U33/><E33/><V83/><F83/><W115/><G115/><T131/><D38/><U120/><E120/><V66/><F66/><W75/><G72/><T78/><D78/><U124/><E124/><V14/><F26/><W104/><G104/><N who="0" m="39979" /><D111/><U3/><E3/><V92/><F92/><W7/><G7/><T40/><D40/><U96/><E84/><V12/><F43/><W73/><G75/><T89/><D89/><U122/><E76/><V105/><F105/><W32/><G85/><T117/><D117/><U27/><REACH who="1" step="1"/><E122/><REACH who="1" ten="370,240,91,289" step="2"/><V6/><F125/><W50/><G32/><T95/><D131/><U31/><E31/><V15/><F127/><W25/><G73/><T58/><D130/><U123/><E123/><V64/><F6/><W5/><G87/><T36/><D129/><U108/><E108/><V81/><F81/><W19/><G5/><T53/><D36/><U110/><E110/><V51/><REACH who="2" step="1"/><F64/><REACH who="2" ten="370,240,81,289" step="2"/><W18/><G67/><T119/><D119/><U70/><E70/><N who="3" m="27242" /><G4/><T88/><D55/><U79/><E79/><V49/><F49/><W39/><G50/><N who="0" m="30999" /><D53/><U41/><E41/><V34/><F34/><W133/><G82/><T23/><D23/><AGARI ba="0,2" hai="12,14,15,16,23,51,54,59,60,65,71,91,94,98" machi="23" ten="30,3900,0" yaku="1,1,7,1,54,1,53,0" doraHai="37" doraHaiUra="109" who="2" fromWho="0" sc="370,-39,240,0,81,59,289,0" /><INIT seed="2,0,0,2,1,34" ten="331,240,140,289" oya="2" hai0="13,55,126,43,49,50,73,69,106,128,96,134,95" hai1="25,117,60,87,104,115,54,90,27,57,22,5,62" hai2="77,61,103,0,28,81,17,9,78,133,58,23,24" hai3="74,51,107,3,75,4,42,44,30,132,63,56,127"/><V89/><F133/><W121/><G121/><T68/><D106/><U102/><E115/><V46/><F103/><W29/><G132/><T109/><D134/><U52/><E117/><V88/><F46/><W20/><G107/><T39/><D73/><U38/><E38/><V1/><F28/><W84/><G127/><T113/><D113/><U101/><E5/><V2/><F9/><W79/><G75/><T99/><D39/><U37/><E37/><V64/><REACH who="2" step="1"/><F77/><REACH who="2" ten="331,240,130,289" step="2"/><W98/><G30/><T110/><D126/><U36/><E102/><V124/><F124/><W59/><G29/><T18/><D110/><U6/><E101/><V66/><F66/><W33/><G79/><T70/><D109/><U32/><E104/><V12/><F12/><W40/><G44/><T130/><D13/><U26/><E32/><V35/><F35/><W105/><G105/><T108/><D108/><U91/><E27/><V119/><F119/><W65/><G65/><T100/><D100/><U92/><E26/><V14/><F14/><W19/><G33/><T131/><D131/><U122/><E25/><V135/><F135/><W85/><G20/><T15/><D15/><U86/><E22/><V82/><F82/><W118/><G118/><T112/><D130/><U97/><E6/><V83/><F83/><W129/><G129/><T116/><D116/><U93/><E122/><V76/><F76/><W21/><G21/><T48/><D128/><U45/><E45/><V53/><F53/><W11/><G11/><T10/><D112/><U71/><E54/><V72/><AGARI ba="0,1" hai="0,1,2,17,23,24,58,61,64,72,78,81,88,89" machi="72" ten="30,18000,2" yaku="1,1,0,1,52,3,54,1,53,0" doraHai="34" doraHaiUra="8" who="2" fromWho="2" sc="331,-60,240,-60,130,190,289,-60" /><INIT seed="2,1,0,5,5,45" ten="271,180,320,229" oya="2" hai0="104,89,14,93,121,113,52,91,65,44,69,133,36" hai1="128,6,48,80,22,118,102,57,38,109,100,81,63" hai2="16,56,71,0,120,5,101,122,59,24,35,29,39" hai3="115,124,40,99,21,47,4,3,33,94,111,112,88"/><V83/><F39/><W2/><G111/><T108/><D121/><U98/><E118/><V127/><F71/><W73/><G33/><T123/><D123/><U134/><E38/><V82/><F120/><W11/><G124/><T26/><D104/><U32/><E32/><V20/><F127/><W84/><G73/><T66/><D113/><U15/><E109/><V8/><F122/><W75/><G75/><T85/><D69/><U78/><E128/><V86/><F101/><W116/><G116/><T30/><D133/><U70/><E70/><V87/><F87/><W18/><G3/><T28/><D36/><U132/><E102/><V114/><F82/><W119/><G119/><T54/><D54/><U9/><E22/><V41/><F41/><W60/><G60/><T129/><D129/><U125/><E125/><V61/><F61/><W130/><G84/><T51/><D108/><U110/><E110/><V50/><F50/><W62/><G62/><T126/><D126/><U37/><E37/><V135/><F135/><N who="1" m="51753" /><E78/><V12/><F114/><W19/><G130/><T79/><D79/><AGARI ba="1,0" hai="0,5,8,12,16,20,24,29,35,56,59,79,83,86" machi="79" ten="30,11600,0" yaku="7,1,24,2,54,1" doraHai="45" who="2" fromWho="0" sc="271,-119,180,0,320,119,229,0" /><INIT seed="2,2,0,0,4,72" ten="152,180,439,229" oya="2" hai0="101,73,130,30,75,15,131,125,27,2,129,87,120" hai1="111,61,36,29,96,7,85,126,108,127,64,76,17" hai2="115,57,40,88,24,19,53,32,91,5,52,80,58" hai3="9,67,22,8,50,51,135,39,104,44,60,54,70"/><V46/><F115/><W55/><G104/><T20/><D125/><N who="1" m="47627" /><E36/><V119/><F119/><W121/><G121/><T11/><D120/><U68/><E7/><V12/><F5/><W77/><G135/><T123/><D123/><U37/><E37/><V112/><F112/><W48/><G22/><T42/><D2/><U99/><E29/><V1/><F1/><W97/><G97/><N who="1" m="37450" /><E17/><V110/><F110/><N who="1" m="42025" /><E85/><V49/><F32/><W6/><G6/><T10/><D87/><U13/><E13/><V14/><F12/><W100/><G9/><T102/><D42/><U66/><E64/><V105/><F14/><W28/><G8/><N who="0" m="3115" /><D15/><U109/><N who="1" m="42033" /><U33/><DORA hai="92" /><E33/><V62/><F105/><W43/><G28/><T35/><D35/><U56/><E76/><V82/><F19/><W74/><REACH who="3" step="1"/><G100/><AGARI ba="2,0" hai="20,27,30,73,75,100,101,102,129,130,131" m="3115" machi="100" ten="40,1300,0" yaku="19,1" doraHai="72,92" who="0" fromWho="3" sc="152,19,180,0,439,0,229,-19" /><INIT seed="3,0,0,3,3,26" ten="171,180,439,210" oya="3" hai0="130,85,2,9,52,113,19,20,84,115,127,104,36" hai1="97,33,23,80,24,124,48,68,34,96,75,17,3" hai2="55,76,64,37,25,29,70,106,92,133,0,87,22" hai3="110,102,119,38,128,116,100,65,11,73,56,82,88"/><W99/><G38/><T59/><D104/><U7/><E68/><V8/><F106/><W13/><G128/><T103/><D36/><U118/><E124/><V134/><F37/><W4/><G110/><T69/><D69/><U98/><E118/><V49/><F64/><W44/><G44/><T95/><D127/><U12/><E48/><V54/><F70/><W121/><G121/><T58/><D58/><U131/><E131/><V66/><F66/><W114/><G114/><N who="0" m="43531" /><D103/><U78/><E3/><V111/><F111/><W123/><G123/><T57/><D59/><U89/><E7/><N who="2" m="1127" /><F49/><W94/><G73/><T51/><D95/><U108/><E108/><V39/><F39/><W41/><G41/><T46/><D130/><U40/><E40/><V15/><F92/><W117/><REACH who="3" step="1"/><G82/><REACH who="3" ten="171,180,439,200" step="2"/><T31/><D46/><U62/><E80/><V122/><F122/><W125/><G125/><T129/><D129/><U47/><E75/><V77/><F133/><W60/><AGARI ba="0,1" hai="4,11,13,56,60,65,88,94,99,100,102,116,117,119" machi="60" ten="40,7800,0" yaku="1,1,0,1,54,1,53,0" doraHai="26" doraHaiUra="18" who="3" fromWho="3" sc="171,-26,180,-26,439,-26,200,88" /><INIT seed="3,1,0,5,0,92" ten="145,154,413,288" oya="3" hai0="50,100,122,94,14,78,12,31,132,118,128,106,41" hai1="74,112,57,29,97,91,134,22,86,95,52,77,131" hai2="4,17,96,64,35,125,80,44,115,68,25,135,26" hai3="21,27,18,32,49,110,60,85,43,46,6,119,114"/><W16/><G114/><T67/><D118/><U10/><E112/><V76/><F115/><W133/><G119/><T20/><D106/><U1/><E131/><V8/><F17/><W23/><G133/><T111/><D122/><U40/><E134/><V101/><F135/><W53/><G32/><T123/><D123/><U129/><E129/><V102/><F125/><W84/><G6/><T98/><D111/><U0/><E74/><V75/><F44/><W66/><G43/><T11/><D128/><U126/><E40/><V34/><F34/><W39/><G39/><T2/><D2/><U59/><E59/><V124/><F35/><W71/><REACH who="3" step="1"/><G110/><REACH who="3" ten="145,154,413,278" step="2"/><T70/><D132/><U48/><E126/><V130/><F4/><W121/><G121/><T73/><D41/><U83/><REACH who="1" step="1"/><E10/><REACH who="1" ten="145,144,413,278" step="2"/><V117/><F8/><W105/><G105/><T33/><D11/><U62/><E62/><V28/><F124/><W65/><G65/><T82/><D67/><U15/><E15/><AGARI ba="1,2" hai="15,16,18,21,23,27,46,49,53,60,66,71,84,85" machi="15" ten="30,11600,0" yaku="1,1,7,1,54,1,53,1" doraHai="92" doraHaiUra="47" who="3" fromWho="1" sc="145,0,144,-119,413,0,278,139" /><INIT seed="3,2,0,4,4,96" ten="145,25,413,417" oya="3" hai0="47,106,90,11,52,121,61,108,9,71,16,23,49" hai1="92,1,85,22,84,123,39,118,26,15,130,17,117" hai2="53,50,4,42,126,103,10,13,27,51,59,6,8" hai3="45,87,32,129,20,135,102,122,95,125,75,113,109"/><W72/><G32/><T35/><D121/><U60/><E123/><V46/><F126/><W73/><G122/><T12/><D108/><U124/><E124/><V67/><F27/><W21/><G125/><T34/><D106/><U82/><E39/><V88/><F67/><W80/><G109/><T2/><D90/><U3/><E130/><V5/><F103/><W65/><G113/><T54/><D11/><U132/><E60/><V101/><F101/><W74/><G129/><T111/><D111/><U110/><E132/><V66/><F66/><W29/><G135/><T128/><D128/><U55/><E55/><V63/><F8/><W115/><G115/><T116/><D116/><N who="1" m="44651" /><E26/><V33/><F33/><W57/><G45/><T38/><D38/><U127/><E110/><V89/><REACH who="2" step="1"/><F63/><REACH who="2" ten="145,25,403,417" step="2"/><W77/><G65/><T97/><D34/><U62/><E62/><V93/><F93/><W70/><G70/><T131/><D61/><U48/><E92/><V94/><F94/><W91/><G29/><T133/><D71/><U19/><E127/><V86/><F86/><W41/><G102/><T44/><D35/><U68/><E85/><V36/><F36/><W104/><G104/><T24/><D24/><N who="1" m="14415" /><E68/><V105/><F105/><W78/><G75/><T0/><D133/><U98/><E98/><V56/><F56/><W81/><G57/><T28/><D97/><U43/><E84/><V37/><F37/><W134/><G134/><T99/><D99/><U58/><E58/><V112/><F112/><W79/><G95/><T76/><D131/><U25/><E25/><V100/><F100/><RYUUKYOKU ba="2,1" sc="145,-10,25,-10,403,30,417,-10" hai2="4,5,6,10,13,42,46,50,51,53,59,88,89" /><INIT seed="4,3,1,4,2,124" ten="135,15,433,407" oya="0" hai0="73,129,13,0,6,54,17,84,24,69,45,9,61" hai1="27,118,43,32,25,96,97,52,40,88,78,49,122" hai2="26,86,104,28,135,107,132,16,47,116,68,125,15" hai3="42,48,87,82,119,59,39,50,112,70,102,127,131"/><T1/><D73/><U34/><E118/><V93/><F125/><W20/><G119/><T103/><D103/><U128/><E122/><V117/><F116/><W36/><G127/><T126/><D69/><U91/><E78/><V8/><F117/><W92/><G70/><T53/><D53/><U22/><E34/><V3/><F68/><W30/><G112/><T115/><D115/><U12/><E32/><N who="2" m="20503" /><F3/><W101/><G131/><T35/><D129/><U14/><E128/><V56/><F47/><W90/><G39/><T76/><D126/><U89/><E14/><V133/><F56/><W80/><G36/><T29/><D61/><U105/><E12/><V67/><F67/><W57/><G30/><T106/><D106/><N who="2" m="40490" /><F86/><W19/><G50/><T37/><D54/><U77/><E77/><V109/><F93/><W7/><G7/><T38/><D45/><U83/><E83/><N who="3" m="31786" /><G57/><T4/><D84/><U10/><E10/><V130/><F130/><W110/><G110/><AGARI ba="3,1" hai="8,15,16,109,110,132,133,135" m="40490,20503" machi="110" ten="40,2600,0" yaku="20,1,54,1" doraHai="124" who="2" fromWho="3" sc="135,0,15,0,433,45,407,-35" /><INIT seed="5,0,0,2,5,43" ten="135,15,478,372" oya="1" hai0="123,66,73,82,70,83,84,46,121,118,17,9,93" hai1="105,100,125,75,35,88,126,47,3,48,52,107,81" hai2="37,50,57,24,23,78,101,62,49,28,110,117,13" hai3="18,90,89,19,79,95,32,116,115,119,29,97,30"/><U20/><E35/><V38/><F110/><W106/><G115/><T59/><D70/><U21/><E3/><V11/><F117/><N who="3" m="45131" /><G106/><N who="1" m="40458" /><E100/><V104/><F37/><W14/><G79/><T129/><D73/><U76/><E88/><N who="3" m="33898" /><G32/><T8/><D121/><U15/><E15/><V36/><F38/><W67/><G67/><T1/><D59/><U25/><E25/><V98/><F78/><W120/><G120/><T65/><D93/><U42/><E42/><V109/><F36/><W91/><G19/><T86/><D1/><U130/><E130/><V63/><F109/><W68/><G68/><T122/><D17/><U12/><E12/><V85/><F13/><W40/><G40/><T41/><D41/><U77/><E77/><V132/><F24/><W44/><G44/><T72/><D118/><U113/><E113/><V26/><F26/><W133/><G133/><T135/><D72/><U58/><E58/><V108/><F57/><W131/><G131/><T7/><D129/><U54/><E54/><V127/><F132/><W31/><G31/><T10/><D135/><U64/><E64/><V80/><F28/><W2/><G2/><T124/><D66/><U103/><E103/><V112/><F101/><W51/><G51/><T39/><D65/><U4/><E4/><V5/><F49/><W16/><G18/><T0/><D122/><U114/><E114/><V56/><F112/><W27/><G14/><T74/><D0/><U61/><E61/><V34/><F62/><W53/><G53/><T6/><D123/><U22/><E75/><V134/><F134/><W60/><G60/><RYUUKYOKU ba="0,0" sc="135,-15,15,15,478,-15,372,15" hai1="20,21,22,47,48,52,76,81,125,126" hai3="16,27,29,30,91,95,97" /><INIT seed="5,1,0,1,4,72" ten="120,30,463,387" oya="1" hai0="103,35,48,18,37,32,94,123,108,68,39,4,79" hai1="30,31,27,114,50,8,6,55,0,43,133,90,117" hai2="66,70,16,85,2,15,100,24,126,77,81,119,107" hai3="115,134,19,84,10,111,106,86,131,105,99,47,110"/><U61/><E117/><V65/><F119/><W29/><G29/><T73/><D108/><U14/><E114/><V45/><F2/><W82/><G47/><T127/><D68/><U124/><E124/><V51/><F126/><W17/><G115/><T74/><D4/><U7/><E133/><V128/><F128/><W116/><G116/><T62/><D62/><U121/><E121/><V63/><F66/><W21/><G134/><T120/><D48/><U132/><E132/><V3/><F3/><W101/><G131/><T97/><D127/><U75/><E75/><V44/><F24/><W40/><G40/><T52/><D52/><U42/><E31/><V125/><F125/><W78/><G106/><N who="0" m="63855" /><D18/><U76/><E61/><V1/><F51/><W60/><G86/><T135/><D94/><U67/><E67/><V12/><F65/><W11/><G19/><T113/><D74/><U56/><E90/><V34/><F63/><W93/><G105/><T129/><D113/><U98/><E98/><V88/><F107/><W95/><G95/><T46/><D129/><U87/><E7/><V104/><F104/><W28/><G28/><T92/><D92/><U130/><E130/><V109/><F109/><W54/><G110/><T64/><D64/><U33/><REACH who="1" step="1"/><E14/><REACH who="1" ten="120,20,463,387" step="2"/><V41/><F12/><N who="3" m="9383" /><G111/><T25/><D135/><U36/><E36/><V83/><F15/><W5/><G5/><T57/><D39/><U58/><E58/><AGARI ba="1,1" hai="10,11,54,58,60,78,82,84,93,99,101" m="9383" machi="58" ten="30,2000,0" yaku="8,1,52,1" doraHai="72" who="3" fromWho="1" sc="120,0,20,-23,463,0,387,33" owari="120,-28.0,-3,-50.0,463,56.0,420,22.0" /></mjloggm>