<mjloggm ver="2.3"><GO type="169" lobby="0"/><UN n0="%E3%81%A9%E3%82%93%E3%81%9F%E3%82%83%E3%82%93" n1="%6C%69%65%62%65" n2="%E3%81%AE%E3%81%99%E3%81%AE%E3%81%99%E3%81%AE" n3="%E3%82%A4%E3%82%AB%E3%81%AB%E3%82%82%E6%9D%B1%E5%8C%97" dan="17,16,16,17" rate="2194.66,2041.69,2087.13,2148.09" sx="F,F,M,M"/><TAIKYOKU oya="0"/><INIT seed="0,0,0,2,0,85" ten="250,250,250,250" oya="0" hai0="98,132,64,35,79,101,18,41,53,116,128,78,127" hai1="43,59,97,6,27,62,119,115,20,63,5,10,103" hai2="0,122,31,86,134,112,14,39,73,26,51,55,82" hai3="47,118,109,108,44,40,74,48,56,22,77,99,111"/><T120/><D116/><U88/><E119/><V135/><F0/><W57/><G118/><T37/><D120/><U83/><E115/><V13/><F39/><W69/><G69/><T7/><D128/><U90/><E43/><V124/><F73/><W25/><G77/><T2/><D127/><U60/><E59/><V117/><F122/><W121/><G74/><T67/><D132/><N who="2" m="50730" /><F112/><W113/><G113/><T125/><D125/><U76/><E76/><N who="2" m="46407" /><F124/><W42/><G99/><T66/><D35/><U129/><E129/><V106/><F106/><W81/><G81/><T110/><D110/><U12/><E6/><V65/><F65/><W75/><G75/><T46/><D53/><U71/><E83/><V114/><F114/><W24/><G121/><T105/><REACH who="0" step="1"/><D18/><REACH who="0" ten="240,250,250,250" step="2"/><U61/><E71/><V84/><F117/><W30/><REACH who="3" step="1"/><G25/><REACH who="3" ten="240,250,250,240" step="2"/><T36/><D36/><AGARI ba="0,2" hai="22,24,30,36,40,42,44,47,48,56,57,108,109,111" machi="36" ten="40,5200,0" yaku="1,1,2,1,14,1,53,0" doraHai="85" doraHaiUra="91" who="3" fromWho="0" sc="240,-52,250,0,250,0,240,72" /><INIT seed="1,0,0,5,2,108" ten="188,250,250,312" oya="1" hai0="25,78,80,93,106,74,124,34,13,49,112,127,81" hai1="135,40,20,38,18,86,64,107,134,33,26,36,57" hai2="75,73,62,31,63,128,50,130,110,132,10,43,47" hai3="4,5,103,55,66,111,46,76,84,72,96,119,102"/><U56/><E107/><V29/><F110/><W133/><G111/><T11/><D106/><U6/><E6/><V105/><F105/><W28/><G133/><N who="1" m="50698" /><E33/><V59/><F132/><W60/><G72/><T126/><D93/><U23/><E86/><V68/><F10/><W16/><G119/><T109/><D109/><U104/><E104/><V19/><F19/><W87/><G28/><N who="0" m="19727" /><D81/><U91/><E91/><V121/><F73/><W32/><G32/><T101/><D101/><U30/><E64/><N who="2" m="40983" /><F75/><W97/><G66/><T0/><D49/><U21/><E21/><V35/><F35/><W65/><G65/><T100/><D100/><U12/><E40/><V88/><F88/><W22/><G103/><T125/><D125/><U1/><E1/><V89/><F121/><W85/><G102/><T79/><D79/><U94/><E94/><V61/><F89/><W90/><G90/><T122/><D122/><U69/><E69/><V114/><F29/><W24/><G76/><T82/><D82/><U41/><E41/><V37/><F31/><W118/><G118/><T51/><D51/><U52/><E57/><V77/><F77/><W54/><G97/><T48/><D48/><AGARI ba="0,0" hai="12,18,20,23,26,30,36,38,48,52,56" m="50698" machi="48" ten="30,2900,0" yaku="20,1,54,1" doraHai="108" who="1" fromWho="0" sc="188,-29,250,29,250,0,312,0" /><INIT seed="1,1,0,3,5,133" ten="159,279,250,312" oya="1" hai0="59,14,120,37,39,44,108,65,29,1,126,20,124" hai1="11,85,102,98,66,34,49,57,103,9,25,110,105" hai2="97,47,18,118,15,69,117,60,109,19,89,52,134" hai3="132,135,100,63,84,62,74,130,51,35,23,106,27"/><U70/><E103/><V3/><F3/><W38/><G38/><T79/><D1/><U36/><E36/><V99/><F134/><N who="3" m="51243" /><G74/><T129/><D108/><U90/><E110/><V87/><F109/><W128/><G35/><T61/><D129/><N who="3" m="49769" /><G84/><T92/><D120/><U13/><E13/><V31/><F31/><N who="3" m="17919" /><G51/><T80/><D92/><U45/><E49/><V78/><F87/><W10/><G10/><T30/><D30/><U8/><E8/><V42/><F117/><W107/><G100/><T76/><D76/><U91/><E9/><V115/><F78/><W26/><G26/><T81/><D81/><U16/><E11/><V46/><F118/><W22/><G22/><T101/><D101/><U127/><E85/><V68/><F15/><W122/><G122/><T40/><D39/><U12/><E102/><V114/><F97/><W43/><G43/><T112/><D29/><U28/><E98/><V88/><F99/><W94/><G94/><T113/><D20/><U54/><E28/><V4/><F42/><W119/><G119/><T64/><D14/><U0/><E12/><V50/><F50/><W77/><G77/><T33/><D33/><U67/><E34/><V7/><F60/><AGARI ba="1,0" hai="60,62,63,106,107" m="17919,49769,51243" machi="60" ten="30,2000,0" yaku="20,1,19,1" doraHai="133" who="3" fromWho="2" sc="159,0,279,0,250,-23,312,23" /><INIT seed="2,0,0,4,0,93" ten="159,279,227,335" oya="2" hai0="130,122,89,77,46,0,2,7,42,36,57,58,74" hai1="29,70,13,88,106,33,40,49,103,9,11,83,92" hai2="25,86,12,96,72,41,55,48,35,133,37,4,76" hai3="131,132,114,84,124,97,54,28,116,105,117,1,66"/><V108/><F72/><W73/><G73/><T6/><D122/><U20/><E70/><V104/><F37/><W91/><G1/><T112/><D130/><U60/><E33/><V26/><F35/><W16/><G66/><T56/><D112/><U75/><E60/><V47/><F133/><W59/><G28/><T101/><D101/><U24/><E103/><V53/><F108/><W81/><G132/><T128/><D128/><U109/><E106/><V45/><F96/><W119/><G131/><T127/><D127/><U85/><E109/><V126/><F104/><W43/><G124/><T21/><D21/><U99/><E75/><V17/><F4/><W120/><G120/><T82/><D6/><U38/><E38/><V69/><F69/><W80/><G43/><T64/><D89/><N who="1" m="55695" /><E13/><V135/><F135/><W23/><G114/><T110/><D0/><U32/><E32/><V95/><F126/><W5/><G5/><T79/><D79/><U18/><E29/><V68/><F68/><W61/><G105/><T125/><D125/><U94/><E83/><V39/><F76/><W102/><G81/><T19/><D19/><U129/><E129/><V8/><REACH who="2" step="1"/><F55/><REACH who="2" ten="159,279,217,335" step="2"/><W78/><G78/><T111/><REACH who="0" step="1"/><D64/><REACH who="0" ten="149,279,217,335" step="2"/><U10/><E40/><V15/><F15/><N who="3" m="9631" /><G119/><T123/><D123/><U30/><E18/><V14/><F14/><W115/><G115/><T100/><D100/><U31/><E31/><V27/><F27/><W71/><G117/><T113/><D113/><U63/><E30/><V118/><F118/><W34/><G116/><T44/><D44/><U52/><E24/><RYUUKYOKU ba="0,2" sc="149,15,279,-15,217,15,335,-15" hai0="2,7,36,42,46,56,57,58,74,77,82,110,111" hai2="8,12,17,25,26,39,41,45,47,48,53,86,95" /><INIT seed="2,1,2,0,5,134" ten="164,264,232,320" oya="2" hai0="56,104,111,19,77,16,1,52,79,58,130,84,76" hai1="116,27,2,12,63,117,6,48,83,88,15,128,33" hai2="11,102,96,135,65,46,42,92,22,91,93,50,40" hai3="71,74,68,110,32,131,113,95,25,61,121,124,120"/><V28/><F135/><W109/><G74/><T118/><D104/><U94/><E94/><V45/><F65/><N who="3" m="41007" /><G71/><T101/><D1/><U86/><E2/><V133/><F133/><W49/><G49/><N who="0" m="30735" /><D111/><N who="3" m="42505" /><G95/><T90/><D130/><U80/><E128/><V43/><F11/><W108/><G108/><T115/><D115/><U125/><E33/><V70/><F70/><W89/><G89/><T132/><D132/><U66/><E88/><V9/><F9/><W7/><G7/><T14/><D118/><U21/><E6/><V112/><F112/><W24/><G113/><T4/><D101/><U20/><E117/><V30/><F22/><W105/><G105/><T97/><D97/><U123/><E21/><V31/><REACH who="2" step="1"/><F46/><REACH who="2" ten="164,264,222,320" step="2"/><W34/><G131/><T59/><D4/><U53/><E20/><V72/><F72/><W114/><G114/><T36/><D58/><U8/><E8/><V10/><F10/><W51/><G34/><T0/><D59/><U78/><E66/><V82/><F82/><W81/><G81/><T3/><D0/><U129/><E129/><V87/><AGARI ba="1,3" hai="28,30,31,40,42,43,45,50,87,91,92,93,96,102" machi="87" ten="30,6000,0" yaku="1,1,0,1,8,1,53,0" doraHai="134" doraHaiUra="127" who="2" fromWho="2" sc="164,-21,264,-21,222,93,320,-21" /><INIT seed="2,2,0,1,3,70" ten="143,243,315,299" oya="2" hai0="41,8,22,130,95,93,127,1,49,118,42,98,17" hai1="7,29,50,122,58,116,134,96,31,80,10,9,90" hai2="45,60,34,85,66,47,3,86,16,121,106,109,125" hai3="128,75,38,61,82,55,12,62,51,104,126,36,67"/><V99/><F121/><W6/><G104/><T97/><D130/><U105/><E116/><V123/><F123/><W54/><G75/><T102/><D118/><U53/><E122/><V103/><F3/><W59/><G82/><T35/><D35/><U0/><E134/><V131/><F34/><W77/><G77/><T94/><D127/><U88/><E10/><V11/><F131/><W68/><G128/><T23/><D49/><U120/><E120/><V76/><F125/><W129/><G129/><T107/><D98/><U44/><E105/><V57/><F109/><W74/><G74/><T119/><D119/><U92/><E80/><V37/><F76/><W71/><G126/><T48/><D48/><U27/><E90/><V101/><F101/><W72/><G72/><T2/><D22/><U24/><E24/><V5/><F45/><N who="3" m="28015" /><G12/><T110/><D110/><U32/><REACH who="1" step="1"/><E31/><REACH who="1" ten="143,233,315,299" step="2"/><V63/><F106/><W84/><G6/><T28/><D28/><U83/><E83/><V114/><F5/><W39/><G84/><T115/><D8/><U14/><E14/><V15/><F85/><W69/><AGARI ba="2,1" hai="36,38,39,55,59,61,62,67,68,69,71" m="28015" machi="69" ten="40,16000,3" yaku="35,5,52,3" doraHai="70" who="3" fromWho="3" sc="143,-42,233,-42,315,-82,299,176" /><INIT seed="3,0,0,3,2,64" ten="101,191,233,475" oya="3" hai0="13,35,92,52,66,42,74,81,71,129,91,61,55" hai1="86,38,0,80,10,73,62,58,43,110,65,99,36" hai2="24,108,106,102,75,53,31,101,117,14,131,51,19" hai3="118,88,26,11,63,104,78,89,134,85,111,56,128"/><W83/><G118/><T82/><D35/><U9/><E110/><V29/><F117/><W77/><G128/><T34/><D34/><U15/><E73/><V135/><F108/><W8/><G111/><T59/><D129/><U3/><E99/><V115/><F131/><W44/><G134/><T18/><D42/><U12/><E3/><V54/><F115/><W122/><G122/><T97/><D74/><U40/><E0/><V114/><F114/><W46/><G104/><T70/><D55/><U67/><E67/><V84/><F106/><W48/><G26/><T119/><D119/><U107/><E107/><V69/><F69/><W93/><G89/><T126/><D126/><U121/><E38/><V2/><F54/><W47/><G48/><T16/><D18/><N who="1" m="8463" /><E36/><V76/><F2/><W39/><G39/><T22/><D71/><U25/><E25/><V87/><F24/><W68/><G68/><T109/><D109/><U100/><E100/><V33/><F101/><W127/><G127/><T103/><D103/><U41/><E121/><V57/><F102/><W96/><REACH who="3" step="1"/><G77/><REACH who="3" ten="101,191,233,465" step="2"/><T5/><D5/><N who="1" m="3535" /><E41/><V113/><F113/><W27/><G27/><T116/><D116/><U133/><E133/><V79/><F135/><W130/><G130/><T98/><D97/><U60/><E60/><AGARI ba="0,1" hai="13,16,22,52,59,60,61,66,70,81,82,91,92,98" machi="60" ten="30,7700,0" yaku="7,1,52,1,54,2" doraHai="64" who="0" fromWho="1" sc="101,87,191,-77,233,0,465,0" /><INIT seed="4,0,0,1,3,52" ten="188,114,233,465" oya="0" hai0="56,31,82,4,76,14,18,59,1,96,115,36,19" hai1="12,21,44,130,54,29,32,87,125,85,118,71,91" hai2="8,9,41,49,104,106,2,119,107,101,81,84,63" hai3="51,124,47,105,38,88,75,122,134,94,116,89,55"/><T42/><D115/><U60/><E118/><V131/><F119/><W5/><G116/><T20/><D31/><U73/><E73/><V121/><F121/><W123/><G134/><T98/><D19/><U16/><E130/><V27/><F131/><W83/><G124/><T135/><D135/><U34/><E125/><V50/><F101/><W58/><G105/><T132/><D132/><U69/><E87/><V57/><F27/><W0/><G0/><T100/><D98/><U23/><E23/><V61/><F61/><W86/><G5/><T92/><D42/><U28/><E28/><V126/><F126/><W77/><G89/><T68/><D68/><U22/><E22/><V111/><F111/><W53/><REACH who="3" step="1"/><G38/><REACH who="3" ten="188,114,233,455" step="2"/><T117/><D36/><U72/><E91/><V79/><F2/><W113/><G113/><T43/><D117/><U102/><E102/><V74/><F106/><W40/><G40/><T45/><D43/><U25/><E34/><V66/><F107/><W37/><G37/><T65/><D4/><U99/><E32/><V110/><F104/><W33/><G33/><T11/><D1/><U26/><E26/><V3/><F3/><W6/><G6/><T108/><D100/><U112/><E25/><V109/><F41/><W90/><G90/><T64/><D108/><U67/><E112/><V7/><F109/><W120/><G120/><T17/><D76/><U30/><E30/><V103/><F110/><W35/><G35/><T97/><D17/><U129/><E29/><V93/><F103/><W127/><G127/><T24/><D18/><U13/><E16/><RYUUKYOKU ba="0,1" sc="188,-10,114,-10,233,-10,455,30" hai3="47,51,53,55,58,75,77,83,86,88,94,122,123" /><INIT seed="5,1,1,2,4,21" ten="178,104,223,485" oya="1" hai0="38,47,132,109,116,90,100,8,133,84,82,15,0" hai1="115,106,36,123,112,119,1,114,55,110,97,74,59" hai2="117,128,134,56,130,44,126,87,131,41,105,80,50" hai3="76,11,121,43,95,39,79,67,13,5,16,40,77"/><U58/><E1/><V18/><F117/><W34/><G121/><T91/><D109/><U103/><E119/><V52/><F105/><W124/><G124/><T108/><D108/><U63/><E110/><V83/><F126/><W68/><G34/><T69/><D116/><U35/><E123/><V14/><F134/><N who="0" m="51818" /><D69/><U127/><E127/><V32/><F32/><W27/><G39/><T45/><D0/><U135/><E135/><V33/><F33/><W73/><G73/><T24/><D100/><U4/><E36/><N who="2" m="21543" /><F87/><W81/><G81/><T70/><D70/><U61/><E74/><V129/><N who="2" m="32768" /><DORA hai="6" /><V48/><F48/><W72/><G72/><T86/><D38/><U3/><E35/><V113/><F113/><W89/><G67/><T37/><D37/><U2/><REACH who="1" step="1"/><E4/><REACH who="1" ten="178,94,223,485" step="2"/><V46/><F46/><W88/><G5/><N who="0" m="3471" /><D45/><U78/><E78/><V60/><F60/><W120/><G76/><T51/><D47/><U101/><E101/><V23/><AGARI ba="1,2" hai="14,18,23,50,52,56,80,83" m="32768,21543" machi="23" ten="60,4000,0" yaku="19,1,54,1" doraHai="21,6" who="2" fromWho="2" sc="178,-11,94,-21,223,63,485,-11" /><INIT seed="6,0,0,0,0,5" ten="167,73,286,474" oya="2" hai0="9,44,80,129,23,110,91,109,46,64,36,69,45" hai1="30,76,130,55,115,93,63,7,99,35,101,21,14" hai2="71,20,18,58,38,102,1,86,28,59,53,116,0" hai3="54,12,118,70,50,131,124,77,13,67,114,107,106"/><V123/><F116/><W62/><G118/><T74/><D36/><U104/><E115/><V117/><F123/><W41/><G114/><T120/><D120/><U27/><E130/><V57/><F71/><W68/><G68/><T113/><D113/><U128/><E128/><V29/><F38/><W16/><G131/><T133/><D129/><U111/><E111/><V31/><F102/><W127/><G41/><T135/><D23/><U108/><E108/><V2/><F117/><W24/><G24/><T17/><D64/><U122/><E122/><V3/><N who="2" m="0" /><DORA hai="126" /><V32/><F32/><W96/><G77/><N who="0" m="44087" /><D69/><U8/><E76/><V48/><REACH who="2" step="1"/><F86/><REACH who="2" ten="167,73,276,474" step="2"/><W19/><G70/><T73/><D110/><U15/><E35/><V4/><F4/><W40/><G124/><T112/><D109/><U88/><E15/><AGARI ba="0,1" hai="15,18,20,28,29,31,48,53,57,58,59" m="0" machi="15" ten="70,3400,0" yaku="1,1,53,0" doraHai="5,126" doraHaiUra="22,97" who="2" fromWho="1" sc="167,0,73,-34,276,44,474,0" /><INIT seed="6,1,0,4,0,102" ten="167,39,320,474" oya="2" hai0="92,123,88,74,132,76,85,10,67,110,125,116,131" hai1="30,28,39,111,126,32,59,75,66,130,35,73,36" hai2="48,49,1,4,58,119,96,108,80,121,72,34,3" hai3="106,33,129,31,42,57,94,79,99,37,55,51,95"/><V104/><F119/><W127/><G129/><T16/><D123/><U21/><E130/><V50/><F121/><W89/><G127/><T115/><D131/><U52/><E126/><V112/><F34/><W41/><G37/><T98/><D125/><U69/><E111/><V82/><F108/><W91/><G106/><T29/><D110/><U20/><E59/><V84/><F112/><W109/><G109/><T65/><D115/><U93/><E93/><V9/><F72/><W0/><G0/><T117/><D74/><U64/><REACH who="1" step="1"/><E52/><REACH who="1" ten="167,29,320,474" step="2"/><V26/><F58/><W124/><G124/><T86/><D117/><U24/><E24/><V114/><F26/><W6/><G55/><T71/><D116/><U78/><E78/><V107/><F114/><W70/><G79/><T15/><D76/><U60/><E60/><V13/><F96/><W81/><G99/><T18/><D92/><U118/><E118/><V47/><F47/><W63/><G95/><T100/><D98/><U87/><E87/><V90/><F82/><W62/><G94/><T8/><D86/><U97/><E97/><V23/><F80/><W27/><G81/><T44/><D85/><U5/><E5/><V122/><F84/><W12/><G6/><T105/><D44/><U46/><E46/><V25/><F122/><W113/><G57/><T133/><D67/><U7/><E7/><V83/><F83/><W14/><G27/><T128/><D65/><U56/><E56/><V135/><F25/><W54/><G63/><T43/><D128/><U22/><E22/><V134/><F23/><W38/><G62/><RYUUKYOKU ba="1,1" sc="167,-10,29,30,320,-10,474,-10" hai1="20,21,28,30,32,35,36,39,64,66,69,73,75" /><INIT seed="7,2,1,5,1,123" ten="157,59,310,464" oya="3" hai0="65,110,36,128,7,121,102,103,30,20,31,69,28" hai1="105,134,85,40,58,115,8,21,96,109,100,95,76" hai2="14,45,75,2,77,63,57,34,112,106,68,66,113" hai3="122,74,33,37,97,72,25,41,88,22,64,26,104"/><W29/><G64/><T133/><D110/><U62/><E115/><N who="2" m="44107" /><F2/><W92/><G104/><T124/><D121/><U86/><E134/><V44/><F34/><W12/><G12/><T23/><D36/><U4/><E105/><V24/><F106/><W19/><G122/><T46/><D133/><U81/><E86/><V119/><F119/><W32/><G32/><T61/><D124/><U35/><E35/><V87/><F75/><W51/><G37/><T27/><D128/><U73/><E73/><V126/><F126/><W99/><G99/><T83/><D7/><U120/><E120/><V56/><F24/><W67/><G67/><T89/><D46/><N who="2" m="18026" /><F14/><W135/><G33/><T52/><D52/><U107/><E107/><V18/><F18/><W129/><G19/><T111/><D28/><U47/><E21/><V132/><F132/><W15/><G15/><T130/><D130/><U79/><E79/><V114/><F114/><W48/><G26/><T118/><D118/><U80/><E80/><AGARI ba="2,1" hai="56,57,63,66,68,77,80,87" m="18026,44107" machi="80" ten="30,1000,0" yaku="15,1" doraHai="123" who="2" fromWho="1" sc="157,0,59,-16,310,26,464,0" owari="157,-24.0,43,-46.0,336,14.0,464,56.0" /></mjloggm>