<mjloggm ver="2.3"><GO type="169" lobby="0"/><UN n0="%50%65%74%65%72%50%61%6E" n1="%E3%83%A9%E3%82%B9%E3%82%8B%E3%81%8B%E3%81%AA" n2="%E7%81%AB%E9%9C%8A%E5%A4%A2" n3="%E3%83%8D%E3%82%AA%E3%83%B3%E3%82%BF%E3%82%A4%E3%82%AC%E3%83%BC" dan="16,16,17,16" rate="2117.58,2150.16,2267.42,2092.63" sx="M,M,M,M"/><TAIKYOKU oya="0"/><INIT seed="0,0,0,1,3,45" ten="250,250,250,250" oya="0" hai0="58,120,0,64,56,76,121,90,89,53,13,125,65" hai1="95,105,86,49,114,15,122,98,2,134,100,107,118" hai2="10,40,112,108,61,28,20,6,78,43,60,47,87" hai3="42,37,135,38,103,127,8,59,22,36,67,25,21"/><T111/><D0/><U63/><E2/><V117/><F112/><W128/><G128/><T14/><D76/><U66/><E118/><V96/><F108/><W133/><G127/><T82/><D82/><U97/><E122/><V80/><F43/><W46/><G103/><T130/><D130/><U94/><E134/><N who="3" m="51210" /><G8/><T4/><D4/><U32/><E32/><V92/><F117/><W57/><G22/><T30/><D30/><U126/><E86/><V18/><F28/><N who="3" m="17455" /><G67/><T73/><D73/><U9/><E126/><V17/><F17/><W123/><G123/><T116/><D125/><U23/><E23/><V24/><F10/><W109/><G109/><T55/><REACH who="0" step="1"/><D116/><REACH who="0" ten="240,250,250,250" step="2"/><U62/><E114/><V79/><F6/><W29/><G29/><T91/><D91/><U48/><E100/><V104/><F79/><W11/><G11/><T69/><D69/><U52/><E9/><V12/><F24/><W50/><AGARI ba="0,1" hai="36,37,38,42,46,50,57,59" m="17455,51210" machi="50" ten="40,2700,0" yaku="20,1,52,1" doraHai="45" who="3" fromWho="3" sc="240,-13,250,-7,250,-7,250,37" /><INIT seed="1,0,0,4,1,94" ten="227,243,243,287" oya="1" hai0="53,69,67,7,77,106,37,102,65,89,35,127,43" hai1="84,4,59,19,27,110,124,103,73,40,38,111,81" hai2="28,49,122,58,5,11,68,26,105,85,21,79,32" hai3="14,44,48,0,51,42,62,135,130,120,3,121,70"/><U107/><E73/><V98/><F68/><W54/><G14/><T2/><D127/><U75/><E75/><V90/><F122/><W116/><G130/><T33/><D53/><U108/><E4/><V97/><F105/><W92/><G135/><T23/><D23/><N who="1" m="13823" /><E124/><V12/><F79/><W99/><G116/><T8/><D89/><U55/><E40/><V31/><F31/><W29/><G29/><T83/><D67/><U6/><E6/><V47/><F58/><W39/><G121/><T18/><D18/><U74/><E38/><V9/><F9/><W100/><G120/><T132/><D132/><U61/><E74/><V86/><F32/><W114/><G114/><T71/><D71/><U25/><E25/><V123/><F123/><W45/><REACH who="3" step="1"/><G39/><REACH who="3" ten="227,243,243,277" step="2"/><T64/><D37/><U88/><E107/><V15/><F12/><W117/><G117/><T101/><D106/><U126/><E126/><V57/><F57/><W87/><G87/><T50/><D69/><U24/><E24/><V1/><F86/><W46/><G46/><T66/><D2/><U63/><E103/><V82/><REACH who="2" step="1"/><F1/><REACH who="2" ten="227,243,233,277" step="2"/><W96/><G96/><T41/><D35/><U36/><E36/><V17/><F17/><W104/><G104/><T115/><D33/><U52/><E59/><V119/><F119/><W134/><G134/><T109/><D7/><U131/><E131/><V78/><F78/><W112/><G112/><T129/><D115/><U20/><E20/><V76/><F76/><W128/><G128/><T22/><D22/><U60/><AGARI ba="0,2" hai="52,55,60,61,63,81,84,88,108,110,111" m="13823" machi="60" ten="40,12000,1" yaku="14,1,10,1,54,2" doraHai="94" who="1" fromWho="1" sc="227,-40,243,140,233,-40,277,-40" /><INIT seed="1,1,0,3,0,37" ten="187,383,193,237" oya="1" hai0="54,94,117,61,82,27,49,4,56,106,1,2,89" hai1="8,17,114,84,107,23,14,96,108,33,83,30,51" hai2="72,26,79,16,63,86,105,93,39,78,128,31,77" hai3="36,11,88,76,121,73,127,28,101,68,53,7,71"/><U120/><E114/><V95/><F105/><W87/><G121/><T100/><D117/><U19/><E120/><V21/><F72/><W42/><G127/><T12/><D82/><U38/><E38/><V24/><F128/><W64/><G101/><T13/><D100/><U50/><E107/><V6/><F39/><W133/><G133/><T123/><D106/><U22/><E33/><V119/><F119/><W85/><G28/><T46/><D123/><U43/><E96/><V44/><F6/><W113/><G113/><T47/><D47/><N who="1" m="25983" /><E30/><V5/><F5/><W69/><G64/><T130/><D27/><N who="1" m="14799" /><E51/><V135/><F135/><W15/><G73/><T132/><D130/><U48/><E48/><V67/><F44/><W81/><G36/><T116/><D116/><U98/><E98/><V103/><F103/><W57/><G42/><T134/><D134/><U97/><E97/><V129/><F129/><W124/><G71/><T40/><D132/><U25/><E108/><V125/><F125/><W91/><G124/><T75/><D75/><U35/><E35/><V74/><F74/><W34/><G34/><T0/><REACH who="0" step="1"/><D4/><REACH who="0" ten="177,383,193,237" step="2"/><U32/><E25/><V99/><F26/><W70/><REACH who="3" step="1"/><G87/><AGARI ba="1,1" hai="0,1,2,12,13,40,46,49,54,56,61,87,89,94" machi="87" ten="40,5200,0" yaku="1,1,2,1,52,1,53,0" doraHai="37" doraHaiUra="62" who="0" fromWho="3" sc="177,65,383,0,193,0,237,-55" /><INIT seed="2,0,0,3,1,53" ten="242,383,193,182" oya="2" hai0="79,26,121,49,0,13,66,25,27,20,74,47,65" hai1="133,23,95,15,30,91,122,116,90,71,6,118,94" hai2="43,31,104,97,117,93,103,123,58,126,63,21,76" hai3="88,114,2,135,55,86,109,120,34,125,108,80,75"/><V45/><F117/><W16/><G120/><T37/><D0/><U57/><E71/><V17/><F123/><W81/><G125/><T38/><D121/><U119/><E122/><V85/><F126/><W44/><G135/><T102/><D102/><U48/><E133/><V3/><F3/><W89/><G114/><T84/><D74/><U22/><E30/><V51/><F31/><W24/><G2/><T83/><D38/><U18/><E6/><V59/><F63/><W33/><G44/><T69/><D37/><U82/><E23/><V113/><F113/><W5/><G5/><T115/><D69/><U87/><E91/><V78/><F104/><W112/><G112/><T4/><D115/><U52/><AGARI ba="0,0" hai="15,18,22,48,52,57,82,87,90,94,95,116,118,119" machi="52" ten="40,5200,0" yaku="0,1,52,1,54,1" doraHai="53" who="1" fromWho="1" sc="242,-13,383,52,193,-26,182,-13" /><INIT seed="3,0,0,1,4,0" ten="229,435,167,169" oya="3" hai0="76,116,47,32,7,134,97,4,20,78,131,9,18" hai1="69,128,51,94,108,35,72,59,93,52,36,103,64" hai2="6,126,105,90,38,23,98,43,1,110,49,56,5" hai3="120,57,31,129,74,40,99,118,71,37,10,27,114"/><W8/><G71/><T46/><D32/><U91/><E72/><V113/><F1/><W25/><G114/><T54/><D116/><U24/><E108/><V75/><F113/><W28/><G118/><T100/><D134/><U123/><E123/><V16/><F75/><W79/><G120/><T115/><D131/><U83/><E36/><V122/><F122/><W96/><G129/><T77/><D9/><U14/><E128/><V3/><F3/><W63/><G74/><T65/><D65/><U12/><E69/><V45/><F110/><W39/><G57/><T117/><D117/><U60/><E35/><V22/><F126/><W87/><G87/><T42/><D54/><U11/><E24/><N who="2" m="14407" /><F105/><W89/><G89/><T111/><D111/><U21/><E103/><V101/><F38/><W44/><G63/><T92/><D115/><U121/><E121/><V66/><F23/><W19/><G19/><T41/><D41/><U106/><E106/><V34/><F34/><W125/><G40/><T112/><D112/><U17/><E83/><V26/><F26/><W15/><G15/><N who="0" m="9311" /><D42/><U33/><E33/><V73/><F101/><W102/><G102/><T30/><D30/><U70/><E91/><V13/><F73/><W29/><G29/><T133/><D133/><U119/><E119/><V82/><F13/><W67/><G125/><T81/><D81/><U85/><E85/><N who="2" m="50487" /><F98/><W109/><G109/><T50/><D50/><U62/><E51/><V107/><F107/><W135/><G135/><T84/><D84/><U68/><E70/><V104/><F104/><W130/><G130/><RYUUKYOKU ba="0,0" sc="229,10,435,10,167,10,169,-30" hai0="4,7,46,47,76,77,78,92,97,100" hai1="11,12,14,17,21,52,59,60,62,64,68,93,94" hai2="5,6,43,45,49,56,66" /><INIT seed="4,1,0,4,2,73" ten="239,445,177,139" oya="0" hai0="88,34,135,72,21,128,75,132,82,62,58,3,56" hai1="91,30,50,131,25,45,98,14,59,18,22,38,31" hai2="78,19,81,32,108,76,17,8,79,54,119,104,92" hai3="106,127,23,122,5,101,114,52,87,90,7,64,40"/><T57/><D34/><U83/><E38/><V46/><F104/><W89/><G114/><T110/><D3/><U71/><E71/><V74/><F108/><W118/><G118/><T77/><D128/><U49/><E131/><V53/><F32/><W115/><G115/><T51/><D110/><U47/><E59/><V133/><F119/><W84/><G127/><T100/><D100/><U0/><E0/><V43/><F133/><N who="0" m="51274" /><D75/><U126/><E126/><V9/><F81/><W120/><G64/><T113/><D113/><U103/><E91/><V65/><F65/><W60/><G23/><T16/><D51/><U86/><E50/><N who="2" m="26975" /><F74/><W99/><G40/><T111/><D88/><N who="3" m="33897" /><G5/><T26/><D111/><U20/><E31/><V39/><F92/><W109/><G7/><T107/><D107/><U95/><E49/><V129/><F39/><W12/><G12/><T11/><D11/><N who="2" m="4170" /><F129/><W69/><G69/><T121/><D121/><N who="3" m="46697" /><G109/><T27/><D27/><U1/><E1/><V67/><F67/><AGARI ba="1,0" hai="16,21,26,56,57,58,62,67,72,77,82" m="51274" machi="67" ten="30,5800,0" yaku="20,1,52,1,54,1" doraHai="73" who="0" fromWho="2" sc="239,61,445,0,177,-61,139,0" /><INIT seed="4,2,0,0,4,23" ten="300,445,116,139" oya="0" hai0="56,64,37,104,40,5,28,97,130,1,69,122,87" hai1="115,116,121,119,70,58,98,77,59,124,53,118,3" hai2="88,82,105,43,14,113,71,114,90,16,133,6,48" hai3="81,20,120,96,42,125,103,62,106,86,135,112,73"/><T60/><D122/><U35/><E3/><V9/><F71/><W109/><G112/><N who="2" m="43113" /><F105/><W13/><G109/><T83/><D130/><U89/><E115/><V27/><F133/><W18/><G125/><T100/><D1/><U41/><E35/><V39/><F39/><W117/><G117/><T91/><D5/><U126/><E77/><V76/><F76/><W101/><G135/><T61/><D37/><U66/><E121/><V108/><F82/><W26/><G120/><T34/><D40/><U132/><E132/><V131/><F131/><W92/><G73/><T15/><D15/><U17/><E17/><V63/><F63/><W38/><G62/><N who="0" m="40087" /><D56/><U36/><E89/><N who="2" m="34411" /><F108/><W74/><G74/><T31/><D31/><U7/><E70/><V44/><F6/><W46/><G106/><T57/><D57/><U65/><E59/><V51/><F51/><W24/><REACH who="3" step="1"/><G101/><REACH who="3" ten="300,445,116,129" step="2"/><T33/><D60/><U32/><E118/><V79/><F79/><AGARI ba="2,1" hai="13,18,20,24,26,38,42,46,79,81,86,92,96,103" machi="79" ten="30,8000,1" yaku="1,1,2,1,7,1,52,2,53,0" doraHai="23" doraHaiUra="85" who="3" fromWho="2" sc="300,0,445,0,116,-86,129,96" /><INIT seed="5,0,0,1,3,1" ten="300,445,30,225" oya="1" hai0="45,51,27,29,103,38,62,127,85,71,37,4,5" hai1="74,124,30,72,18,119,83,70,129,125,63,54,94" hai2="80,122,114,52,11,89,90,123,82,100,116,41,46" hai3="104,7,44,61,120,33,73,21,79,78,48,17,109"/><U98/><E119/><V47/><F116/><W65/><G109/><T67/><D127/><N who="1" m="48715" /><E30/><V56/><F100/><W57/><G120/><T42/><D103/><N who="1" m="60887" /><E129/><V39/><F114/><W76/><G33/><T106/><D106/><U13/><E83/><V86/><F47/><W95/><G104/><T81/><D38/><U115/><E115/><V15/><F89/><W91/><G7/><T26/><D37/><U19/><E54/><V128/><F82/><W84/><G73/><N who="1" m="28266" /><E13/><V102/><F102/><W131/><G131/><T113/><D113/><U22/><E22/><V43/><F43/><W66/><G66/><AGARI ba="0,0" hai="18,19,63,66,70" m="28266,60887,48715" machi="66" ten="30,1500,0" yaku="18,1" doraHai="1" who="1" fromWho="3" sc="300,0,445,15,30,0,225,-15" /><INIT seed="5,1,0,2,1,29" ten="300,460,30,210" oya="1" hai0="42,133,91,108,20,118,132,35,15,79,113,53,71" hai1="13,112,5,129,18,88,37,87,0,1,78,6,107" hai2="76,23,14,126,115,63,85,122,123,45,127,65,43" hai3="21,134,46,51,80,90,30,64,52,54,83,16,41"/><U74/><E37/><V125/><F76/><W93/><G134/><T117/><D108/><U103/><E112/><V67/><F85/><N who="3" m="52431" /><G30/><T34/><D71/><U28/><E129/><V4/><F23/><W66/><G54/><T32/><D42/><U38/><E38/><N who="2" m="21751" /><F14/><N who="3" m="9367" /><G41/><T3/><D3/><U101/><E28/><V68/><F4/><W128/><G128/><T124/><D79/><U94/><E6/><V59/><F115/><W49/><G49/><T73/><D73/><U111/><E111/><V27/><F27/><W135/><G135/><N who="0" m="51787" /><D113/><U33/><E5/><V36/><F36/><W104/><G104/><T120/><D120/><N who="2" m="46122" /><F67/><AGARI ba="1,0" hai="46,51,52,64,66,67,80,83" m="9367,52431" machi="67" ten="30,3900,0" yaku="8,1,54,2" doraHai="29" who="3" fromWho="2" sc="300,0,460,0,30,-42,210,42" owari="300,10.0,460,56.0,-12,-51.0,252,-15.0" /></mjloggm>