<mjloggm ver="2.3"><GO type="185" lobby="0"/><UN n0="%E7%A9%BA%E3%81%AB%E8%8A%B1%E7%81%AB" n1="%E3%81%98%E3%82%93%E3%81%8A%E3%82%8F" n2="%E9%81%99%E9%81%A0%E7%9A%84%E4%BB%96%E3%80%82" n3="" dan="17,17,16,0" rate="2217.70,2259.12,2194.34,1500.00" sx="M,M,M,C"/><TAIKYOKU oya="0"/><INIT seed="0,0,0,3,5,99" ten="350,350,350,0" oya="0" hai0="35,34,65,72,98,86,42,45,36,134,101,94,122" hai1="73,132,128,59,61,74,124,97,118,85,129,52,56" hai2="53,80,63,3,108,87,71,0,41,119,82,113,44" hai3=""/><T115/><N who="0" m="31264" /><T57/><D115/><U127/><E118/><V107/><F108/><T131/><D72/><U117/><E117/><V77/><F119/><T120/><N who="0" m="30752" /><T95/><D134/><U68/><E68/><V62/><F113/><T33/><D131/><N who="1" m="50251" /><E85/><V60/><F107/><T92/><D86/><U2/><E2/><V39/><F71/><T81/><D81/><U79/><E79/><V100/><F82/><T66/><REACH who="0" step="1"/><D57/><REACH who="0" ten="340,350,350,0" step="2"/><U114/><E114/><V96/><F0/><T50/><D50/><U40/><E132/><V112/><F3/><T51/><D51/><U125/><E59/><V78/><F112/><T135/><D135/><U93/><E40/><V89/><F77/><T90/><D90/><AGARI ba="0,1" hai="52,56,61,73,74,90,93,97,124,125,127" m="50251" machi="90" ten="40,5200,0" yaku="18,1,19,1,54,1" doraHai="99" who="1" fromWho="0" sc="340,-52,350,62,350,0,0,0" /><INIT seed="1,0,0,4,0,79" ten="288,412,350,0" oya="1" hai0="124,96,38,134,125,128,58,61,113,56,115,84,65" hai1="64,90,3,45,63,53,110,81,87,55,119,59,32" hai2="93,72,66,83,120,69,43,40,67,108,82,52,97" hai3=""/><U121/><N who="1" m="31008" /><U36/><E119/><V2/><N who="2" m="30752" /><V78/><F108/><T105/><D38/><U41/><E3/><V80/><F2/><T129/><D105/><U101/><E32/><V122/><N who="2" m="31264" /><V1/><F1/><T70/><D96/><U106/><E106/><V74/><F74/><T0/><D0/><U114/><E114/><N who="0" m="43529" /><D84/><U33/><E33/><V71/><F72/><T133/><D58/><U46/><E110/><V75/><F75/><T135/><D56/><U91/><E101/><V50/><F71/><T98/><D98/><U118/><E118/><V111/><F69/><T44/><D44/><U103/><E103/><V100/><F78/><T73/><D73/><U42/><REACH who="1" step="1"/><E91/><REACH who="1" ten="288,402,350,0" step="2"/><V99/><F111/><T95/><D95/><U107/><E107/><V130/><F130/><AGARI ba="0,1" hai="61,65,70,124,125,128,129,130,133,134,135" m="43529" machi="130" ten="40,12000,2" yaku="30,2,19,1,20,1,23,1,34,2" doraHai="79" who="0" fromWho="2" sc="288,130,402,0,350,-120,0,0" /><INIT seed="2,0,0,0,5,39" ten="418,402,230,0" oya="2" hai0="37,50,104,125,102,131,69,76,117,119,53,40,112" hai1="57,96,127,118,111,42,114,75,92,87,109,80,122" hai2="106,85,79,94,68,48,130,135,113,64,108,78,52" hai3=""/><V46/><F106/><T98/><D125/><U97/><N who="1" m="31264" /><U35/><E35/><V95/><F113/><T34/><D34/><U43/><E114/><V51/><F108/><N who="1" m="41545" /><E118/><V66/><F135/><T70/><D112/><U62/><E75/><V101/><F130/><T36/><D131/><U77/><E127/><V84/><F68/><T90/><D76/><U86/><E86/><V32/><F32/><T33/><D33/><U58/><E97/><V88/><F101/><T116/><D90/><U83/><E83/><V61/><F61/><T134/><D134/><U60/><E58/><V100/><F100/><T63/><D63/><N who="1" m="24107" /><E57/><V129/><F129/><T38/><REACH who="0" step="1"/><D53/><REACH who="0" ten="408,402,230,0" step="2"/><U132/><E132/><V54/><F54/><T45/><AGARI ba="0,1" hai="36,37,38,40,45,50,69,70,98,102,104,116,117,119" machi="45" ten="40,6000,1" yaku="1,1,2,1,0,1,52,1,53,0" doraHai="39" doraHaiUra="2" who="0" fromWho="0" sc="408,70,402,-20,230,-40,0,0" /><INIT seed="4,0,0,3,5,69" ten="478,382,190,0" oya="0" hai0="92,37,68,57,119,90,40,124,111,73,34,60,71" hai1="107,113,133,89,94,47,130,125,67,123,33,88,86" hai2="46,85,101,121,2,80,99,106,41,65,79,72,48" hai3=""/><T134/><D34/><U81/><N who="1" m="31520" /><U1/><E1/><V112/><N who="2" m="31008" /><V118/><F112/><T3/><D3/><U64/><E33/><V53/><F118/><T122/><N who="0" m="31264" /><T98/><D73/><U43/><E133/><V116/><F116/><T42/><D119/><U51/><E130/><V66/><F2/><T100/><D134/><U52/><E107/><V0/><F0/><T76/><D124/><U35/><E35/><V114/><F114/><T75/><D111/><U61/><E113/><V77/><F77/><T78/><D68/><U110/><E110/><V105/><F105/><T109/><D71/><U63/><E125/><V128/><F128/><T129/><D109/><U126/><E126/><V54/><F53/><T83/><D129/><U62/><E43/><V44/><REACH who="2" step="1"/><F72/><REACH who="2" ten="478,382,180,0" step="2"/><T32/><D32/><U108/><REACH who="1" step="1"/><E108/><REACH who="1" ten="478,372,180,0" step="2"/><V104/><F104/><T117/><D117/><U84/><AGARI ba="0,2" hai="47,51,52,61,62,63,64,67,81,84,86,88,89,94" m="31520" machi="84" ten="30,12000,3" yaku="1,1,2,1,0,1,8,1,52,1,54,2,53,1" doraHai="69" doraHaiUra="45" who="1" fromWho="1" sc="478,-80,372,140,180,-40,0,0" /><INIT seed="5,0,0,4,1,0" ten="398,512,140,0" oya="1" hai0="60,2,86,77,93,71,58,78,55,73,124,70,44" hai1="45,92,89,51,106,116,62,104,49,46,105,3,67" hai2="114,37,126,83,129,41,80,95,127,134,53,103,43" hai3=""/><U110/><E3/><V111/><F114/><T128/><D2/><U54/><E116/><V109/><F37/><T90/><D128/><U119/><E119/><V120/><N who="2" m="30752" /><V68/><F68/><T57/><D124/><U35/><E35/><V108/><F129/><T42/><D58/><U132/><E132/><V94/><F103/><T121/><N who="0" m="31008" /><T69/><REACH who="0" step="1"/><D73/><REACH who="0" ten="388,512,140,0" step="2"/><U72/><E72/><V59/><F134/><T113/><D113/><U96/><E110/><V85/><F59/><T38/><AGARI ba="0,1" hai="38,42,44,55,57,60,69,70,71,77,78,86,90,93" m="31008" machi="38" ten="30,3000,0" yaku="1,1,0,1,52,1,53,0" doraHai="0" doraHaiUra="133" who="0" fromWho="0" sc="388,40,512,-20,140,-10,0,0" /><INIT seed="6,0,0,4,2,80" ten="428,492,130,0" oya="2" hai0="40,85,123,53,117,91,114,46,49,83,38,58,57" hai1="50,63,71,0,33,72,73,76,3,100,115,62,47" hai2="131,126,87,1,130,60,89,66,109,44,56,92,52" hai3=""/><V75/><F1/><T35/><N who="0" m="31520" /><T93/><D35/><U2/><E33/><V107/><F75/><T133/><D117/><U68/><E100/><V113/><F107/><T98/><D133/><U61/><E115/><V122/><N who="2" m="31264" /><V124/><F113/><T134/><D134/><U88/><E88/><V65/><F109/><T118/><D118/><U101/><E101/><V120/><N who="2" m="30752" /><V110/><F110/><T103/><REACH who="0" step="1"/><D114/><REACH who="0" ten="418,492,130,0" step="2"/><U90/><E90/><V51/><REACH who="2" step="1"/><F66/><REACH who="2" ten="418,492,120,0" step="2"/><T64/><D64/><U135/><E135/><V104/><F104/><T111/><D111/><U42/><E0/><V37/><F37/><T105/><D105/><U112/><E112/><V79/><F79/><T102/><D102/><U77/><E2/><V81/><F81/><T127/><D127/><AGARI ba="0,2" hai="44,51,52,56,60,65,87,89,92,124,126,127,130,131" m="30752,31264" machi="127" ten="40,18000,2" yaku="1,1,18,1,52,3,54,1,53,1" doraHai="80" doraHaiUra="45" who="2" fromWho="0" sc="418,-180,492,0,120,200,0,0" /><INIT seed="6,1,0,2,4,73" ten="238,492,320,0" oya="2" hai0="113,32,35,99,105,112,1,123,111,82,75,118,124" hai1="108,62,38,52,110,49,37,107,109,96,101,100,127" hai2="106,93,128,46,120,134,79,131,84,119,103,115,74" hai3=""/><V87/><N who="2" m="30752" /><V34/><F34/><T95/><N who="0" m="31520" /><T117/><D1/><U126/><E62/><V97/><F46/><T133/><D32/><U43/><E101/><V68/><F68/><T53/><D35/><U42/><E42/><V89/><F119/><T39/><D39/><U51/><E51/><V77/><F115/><N who="0" m="44106" /><D53/><U56/><E43/><V59/><F59/><T58/><D58/><U55/><REACH who="1" step="1"/><E55/><REACH who="1" ten="238,482,320,0" step="2"/><V135/><F74/><T44/><D111/><U36/><AGARI ba="1,1" hai="36,37,38,49,52,56,96,100,107,108,109,110,126,127" machi="36" ten="40,6000,1" yaku="1,1,2,1,0,1,54,1,53,0" doraHai="73" doraHaiUra="76" who="1" fromWho="1" sc="238,-21,482,72,320,-41,0,0" owari="217,-38.0,554,50.0,279,-12.0,0,0.0" /></mjloggm>