<mjloggm ver="2.3"><GO type="169" lobby="0"/><UN n0="%E3%81%8D%E3%82%83%E3%83%BC%E3%82%8D%E3%82%93" n1="%E3%83%8E%E3%82%AA%E3%83%81%E3%83%A3%E3%83%99%E3%82%B9" n2="%E3%81%9F%E3%81%84%E3%81%9B" n3="%E3%83%90%E3%82%AD" dan="16,17,17,17" rate="2101.69,2205.57,2213.39,2221.48" sx="M,M,F,M"/><TAIKYOKU oya="0"/><INIT seed="0,0,0,4,5,113" ten="250,250,250,250" oya="0" hai0="27,73,68,29,13,47,126,4,33,58,121,53,56" hai1="134,6,132,25,93,74,60,39,88,108,40,114,57" hai2="105,46,59,111,45,76,94,96,15,24,18,89,12" hai3="80,100,22,106,1,69,128,44,135,34,123,133,54"/><T91/><D73/><U78/><E6/><V79/><F111/><W130/><G34/><T28/><D121/><U0/><E108/><V65/><F105/><W52/><G1/><T124/><D68/><U131/><E0/><V10/><F24/><W5/><G5/><T31/><D47/><N who="2" m="17930" /><F15/><W95/><G106/><T19/><D58/><U7/><E7/><V120/><F120/><W127/><G69/><T119/><D119/><U9/><E9/><V48/><F48/><W38/><G80/><T99/><D4/><U92/><E92/><V85/><F85/><W16/><G95/><N who="0" m="56831" /><D33/><U97/><E40/><V77/><F59/><W118/><G100/><T62/><D27/><U112/><E39/><V110/><F110/><W26/><G118/><T117/><D117/><U83/><E25/><V72/><F72/><W43/><G123/><T67/><D124/><U37/><E37/><V41/><F65/><W107/><G107/><T66/><D126/><U82/><E82/><V70/><F70/><W109/><G109/><T122/><D122/><U36/><E36/><V3/><F3/><W21/><G127/><T8/><AGARI ba="0,0" hai="8,13,19,28,29,31,53,56,62,66,67" m="56831" machi="8" ten="30,1500,0" yaku="8,1" doraHai="113" who="0" fromWho="0" sc="250,15,250,-5,250,-5,250,-5" /><INIT seed="0,1,0,3,3,1" ten="265,245,245,245" oya="0" hai0="17,78,129,3,106,51,35,37,101,116,15,132,48" hai1="7,112,95,120,134,87,99,114,103,110,41,86,104" hai2="118,102,76,96,36,81,60,85,44,47,32,57,100" hai3="9,19,20,119,108,11,52,28,53,121,64,80,2"/><T68/><D116/><U56/><E41/><V130/><F130/><W133/><G119/><T71/><D35/><U33/><E33/><V6/><F118/><W54/><G108/><T69/><D37/><U89/><E56/><V66/><F32/><W42/><G133/><T98/><D129/><U14/><E14/><V83/><F36/><W105/><G105/><T94/><D3/><U135/><E7/><V115/><F115/><N who="1" m="44073" /><E120/><V4/><F81/><W55/><G64/><T18/><D132/><N who="1" m="50731" /><E110/><V49/><F47/><W29/><G42/><T91/><D18/><U25/><E25/><V128/><F128/><W117/><G117/><T107/><D78/><U24/><E24/><V23/><F23/><W79/><G121/><T125/><D125/><U16/><E16/><V43/><REACH who="2" step="1"/><F100/><REACH who="2" ten="265,245,235,245" step="2"/><W27/><N who="3" m="13312" /><DORA hai="21" /><W30/><REACH who="3" step="1"/><G2/><REACH who="3" ten="265,245,235,235" step="2"/><T34/><D107/><AGARI ba="1,2" hai="4,6,43,44,49,57,60,66,76,83,85,96,102,107" machi="107" ten="30,7700,0" yaku="1,1,7,1,52,2,53,0" doraHai="1,21" doraHaiUra="127,124" who="2" fromWho="0" sc="265,-80,245,0,235,100,235,0" /><INIT seed="1,0,0,5,5,133" ten="185,245,335,235" oya="1" hai0="126,53,74,22,49,119,125,29,84,61,18,65,72" hai1="80,68,3,129,40,122,26,31,17,111,76,79,21" hai2="33,120,103,104,78,114,23,89,77,115,14,92,1" hai3="127,54,134,113,15,48,2,10,56,121,96,86,39"/><U99/><E68/><V20/><F33/><W41/><G121/><T102/><D119/><U108/><E122/><V38/><F1/><W24/><G134/><T83/><D29/><U28/><E3/><V37/><F120/><W69/><G113/><N who="2" m="43017" /><F103/><W101/><G69/><T50/><D102/><U0/><E0/><V109/><F104/><W132/><G2/><T7/><D7/><U81/><E99/><V25/><F14/><W19/><G132/><T70/><D49/><U91/><E91/><V116/><F109/><N who="1" m="42057" /><E40/><V66/><F66/><W135/><G135/><T85/><D85/><N who="1" m="48263" /><E129/><V5/><F5/><W94/><G86/><AGARI ba="0,0" hai="17,21,26,28,31,79,81,86" m="48263,42057" machi="86" ten="30,2900,0" yaku="14,1,10,1" doraHai="133" who="1" fromWho="3" sc="185,0,245,29,335,0,235,-29" /><INIT seed="1,1,0,5,1,18" ten="185,274,335,206" oya="1" hai0="44,68,111,90,107,106,21,80,38,87,36,59,135" hai1="9,113,112,2,105,6,133,11,51,69,123,64,116" hai2="31,81,118,60,45,63,127,120,62,103,108,33,70" hai3="50,73,110,42,122,125,86,77,14,8,83,55,57"/><U58/><E105/><V121/><F118/><W88/><G122/><T43/><D68/><U16/><E116/><V5/><F108/><W72/><G110/><T119/><D111/><U78/><E123/><V12/><F127/><W52/><G125/><T75/><D135/><U99/><E133/><V130/><F130/><W19/><G42/><T40/><D75/><U30/><E99/><V22/><F33/><W96/><G96/><T89/><D119/><U76/><E30/><V54/><F103/><W91/><G91/><T102/><D102/><U101/><E101/><V46/><F81/><W49/><REACH who="3" step="1"/><G77/><REACH who="3" ten="185,274,335,196" step="2"/><T134/><D134/><U128/><E78/><V7/><F120/><W53/><G53/><T115/><D90/><U27/><E76/><V34/><F54/><W32/><G32/><T24/><D115/><U17/><E113/><V26/><F121/><W28/><G28/><T67/><D43/><U124/><E112/><V66/><F66/><W131/><G131/><T56/><D38/><U94/><E128/><V35/><F34/><W23/><G23/><T1/><D1/><U20/><E124/><V104/><F35/><W79/><G79/><T126/><D126/><U37/><E37/><V84/><F31/><W4/><G4/><T48/><D67/><U65/><E69/><V0/><F7/><W97/><G97/><T29/><REACH who="0" step="1"/><D36/><REACH who="0" ten="175,274,335,196" step="2"/><U109/><E109/><V98/><F0/><W85/><G85/><T92/><D92/><U114/><E114/><V61/><F84/><W47/><AGARI ba="1,2" hai="8,14,19,47,49,50,52,55,57,72,73,83,86,88" machi="47" ten="20,12000,2" yaku="1,1,0,1,7,1,25,2,54,2,53,0" doraHai="18" doraHaiUra="132" who="3" fromWho="3" sc="175,-31,274,-61,335,-31,196,143" /><INIT seed="2,0,0,4,1,133" ten="144,213,304,339" oya="2" hai0="11,106,42,114,24,45,61,80,33,17,36,119,26" hai1="81,59,125,3,120,128,85,32,1,63,12,77,83" hai2="10,57,117,69,100,21,82,56,5,25,7,110,8" hai3="94,116,0,127,99,6,115,95,66,28,73,31,30"/><V131/><F69/><W68/><G116/><T62/><D114/><U47/><E32/><V41/><F117/><W78/><G115/><T126/><D119/><U132/><E132/><V121/><F121/><W122/><G122/><T54/><D106/><U40/><E120/><V92/><F131/><W55/><G73/><T87/><D126/><U37/><E128/><V111/><F41/><W96/><G78/><T46/><D46/><U107/><E107/><V124/><F82/><W101/><G127/><T134/><D134/><U112/><E112/><V118/><F118/><W89/><G55/><T13/><D54/><U4/><E125/><V71/><F71/><W16/><G6/><N who="2" m="2057" /><F92/><W39/><G39/><T91/><D33/><U49/><E37/><V65/><F100/><W2/><REACH who="3" step="1"/><G16/><REACH who="3" ten="144,213,304,329" step="2"/><T29/><D29/><U103/><E103/><V53/><F124/><W79/><G79/><T50/><D36/><U113/><E113/><V34/><F53/><W84/><G84/><T108/><D108/><N who="2" m="41514" /><F65/><W98/><G98/><T9/><REACH who="0" step="1"/><D9/><REACH who="0" ten="134,213,304,329" step="2"/><N who="2" m="3690" /><F34/><W18/><G18/><AGARI ba="0,2" hai="18,21,25,56,57" m="3690,41514,2057" machi="18" ten="30,2900,0" yaku="14,1,10,1" doraHai="133" who="2" fromWho="3" sc="134,0,213,0,304,49,329,-29" /><INIT seed="2,1,0,4,5,62" ten="134,213,353,300" oya="2" hai0="116,40,103,32,59,110,124,49,46,36,5,125,60" hai1="75,19,68,119,88,101,118,29,37,79,11,51,31" hai2="39,131,57,111,22,135,122,120,71,50,27,44,95" hai3="33,94,74,34,85,6,132,100,98,83,127,130,25"/><V117/><F71/><W9/><G130/><T115/><D32/><U56/><E68/><V3/><F117/><W81/><G127/><N who="0" m="48715" /><D5/><U35/><E37/><V8/><F39/><W82/><G132/><T7/><D7/><U91/><E101/><V45/><F3/><W43/><G74/><T93/><D93/><U109/><E79/><V24/><F131/><W107/><G43/><T63/><D103/><U15/><E75/><V113/><F135/><W41/><G41/><T80/><D80/><U97/><E119/><V2/><F113/><W48/><G48/><T54/><D116/><U13/><E35/><V86/><F2/><W102/><G25/><T128/><D128/><U105/><E105/><V134/><F134/><W133/><G133/><T67/><D115/><U99/><E118/><V58/><F8/><W0/><G102/><T64/><D110/><U16/><E109/><V10/><F10/><W92/><G92/><T20/><D20/><N who="1" m="11279" /><E99/><V73/><F73/><W12/><G0/><T17/><D17/><U66/><E51/><V4/><F111/><W129/><G129/><T72/><D72/><U126/><E126/><V90/><F4/><W89/><AGARI ba="1,0" hai="6,9,12,33,34,81,82,83,85,89,94,98,100,107" machi="89" ten="30,1100,0" yaku="0,1" doraHai="62" who="3" fromWho="3" sc="134,-4,213,-4,353,-6,300,14" /><INIT seed="3,0,0,3,1,59" ten="130,209,347,314" oya="3" hai0="127,89,116,63,47,27,22,0,17,18,39,36,58" hai1="84,15,2,114,92,68,124,65,125,16,1,112,49" hai2="104,28,95,126,56,76,121,79,110,57,35,77,61" hai3="103,14,132,44,119,3,64,6,134,123,106,85,102"/><W42/><G119/><T129/><D116/><U33/><E49/><V7/><F104/><W100/><G123/><T81/><D0/><N who="1" m="107" /><E84/><V78/><F7/><W97/><G3/><T12/><D129/><U72/><E92/><V5/><F5/><W101/><G85/><T91/><D127/><N who="1" m="48715" /><E72/><V90/><F110/><W98/><G64/><T4/><D4/><U25/><E68/><V11/><F121/><W111/><G111/><T130/><D130/><U113/><E65/><V9/><F35/><W122/><G122/><T80/><D39/><U43/><E43/><V50/><F28/><W74/><G74/><T96/><D36/><U99/><E99/><V23/><F126/><W73/><G73/><T135/><D47/><U32/><E25/><V40/><F40/><W107/><G103/><T120/><D120/><U48/><E48/><V53/><F76/><W29/><G102/><T82/><D135/><U38/><E38/><V117/><F117/><W108/><G108/><T93/><D89/><U70/><E70/><V105/><F105/><W128/><G134/><T52/><D82/><U10/><AGARI ba="0,0" hai="10,15,16,32,33,112,113,114" m="48715,107" machi="10" ten="40,8000,1" yaku="18,1,34,2,54,1" doraHai="59" who="1" fromWho="1" sc="130,-20,209,80,347,-20,314,-40" /><INIT seed="4,0,0,2,3,121" ten="110,289,327,274" oya="0" hai0="22,15,39,41,11,122,43,90,52,63,97,54,48" hai1="131,87,70,91,20,117,92,130,80,108,34,26,66" hai2="125,35,104,113,116,123,98,16,110,85,103,78,24" hai3="14,18,94,107,100,12,50,25,49,56,102,64,42"/><T135/><D122/><U51/><E34/><V45/><F123/><W77/><G107/><T73/><D135/><U95/><E117/><V115/><F110/><W30/><G77/><T75/><D39/><U53/><E66/><V96/><F116/><W68/><G68/><T84/><D97/><U111/><E70/><V114/><F125/><W105/><G105/><T8/><D75/><U119/><E95/><V37/><F96/><N who="3" m="59415" /><G102/><T101/><D101/><U10/><E10/><N who="0" m="3625" /><D73/><U69/><E80/><N who="2" m="47255" /><F37/><W28/><G42/><N who="0" m="15883" /><D63/><U132/><E69/><V46/><F35/><W2/><G2/><T74/><D74/><U93/><E93/><V126/><F126/><W57/><G30/><T128/><D128/><N who="1" m="49195" /><E132/><V59/><F59/><W120/><G56/><T1/><D1/><U89/><E89/><V40/><F40/><W134/><G57/><T33/><D33/><U23/><E119/><V44/><F44/><W62/><G134/><T72/><D72/><U29/><E23/><AGARI ba="0,0" hai="16,23,24,45,46,98,103,104,113,114,115" m="47255" machi="23" ten="30,2000,0" yaku="15,1,54,1" doraHai="121" who="2" fromWho="1" sc="110,0,289,-20,327,20,274,0" /><INIT seed="5,0,0,4,1,12" ten="110,269,347,274" oya="1" hai0="1,119,79,134,9,85,106,98,69,36,62,11,132" hai1="135,55,21,87,60,47,65,89,24,63,68,71,77" hai2="0,7,13,52,25,30,34,6,40,126,10,94,58" hai3="108,73,82,124,104,99,113,86,33,131,16,26,35"/><U101/><E135/><V3/><F126/><W29/><G108/><T102/><D36/><U74/><E101/><V128/><F128/><W114/><G131/><T67/><D119/><U97/><E74/><V61/><F7/><W48/><G73/><T116/><D116/><U127/><E127/><V41/><F94/><W122/><G122/><T22/><D11/><U38/><E77/><V37/><F37/><W31/><G124/><T64/><D64/><U59/><E97/><V81/><REACH who="2" step="1"/><F81/><REACH who="2" ten="110,269,337,274" step="2"/><W8/><G113/><T53/><D134/><U111/><E111/><V17/><F17/><W2/><G114/><T46/><D132/><U117/><E117/><V78/><F78/><W54/><G16/><T100/><D79/><U95/><E38/><V51/><F51/><W23/><G48/><T70/><D106/><U84/><E84/><V18/><F18/><W115/><G86/><T32/><D85/><U91/><E91/><V43/><AGARI ba="0,1" hai="0,3,6,10,13,25,30,34,40,41,43,52,58,61" machi="43" ten="30,4000,0" yaku="1,1,0,1,54,1,53,0" doraHai="12" doraHaiUra="45" who="2" fromWho="2" sc="110,-10,269,-20,337,50,274,-10" /><INIT seed="6,0,0,2,5,123" ten="100,249,387,264" oya="2" hai0="112,55,37,53,82,107,130,114,90,88,2,42,132" hai1="94,105,134,60,9,44,10,83,24,128,111,18,43" hai2="26,85,72,116,133,58,29,80,47,100,95,40,103" hai3="17,110,81,64,117,51,22,50,74,115,126,86,31"/><V30/><F116/><W48/><G117/><T73/><D2/><U68/><E105/><V109/><F72/><W65/><G74/><T21/><D37/><U121/><E121/><V84/><F133/><W46/><G126/><T45/><D42/><U76/><E134/><V96/><F100/><W0/><G0/><T16/><D132/><U39/><E94/><V15/><F15/><W36/><G110/><T87/><D107/><U89/><E89/><V99/><F99/><W34/><G34/><T71/><D71/><U32/><E111/><V122/><F122/><W23/><G36/><T108/><D130/><U61/><E128/><V124/><F124/><W120/><G115/><T63/><D108/><U20/><E32/><V79/><F84/><W49/><G31/><T66/><D73/><U54/><E68/><V75/><F75/><W106/><G106/><T11/><D90/><U101/><E101/><V1/><F1/><W28/><G28/><T12/><D21/><N who="3" m="7689" /><G17/><T98/><D98/><U33/><E33/><N who="2" m="20663" /><F30/><W7/><G7/><T70/><D53/><U78/><E54/><V57/><F109/><W93/><G93/><T56/><REACH who="0" step="1"/><D45/><REACH who="0" ten="90,249,387,264" step="2"/><U13/><E44/><V52/><F52/><N who="3" m="29719" /><G120/><T129/><D129/><U3/><E3/><V41/><F41/><W8/><G8/><T67/><D67/><U119/><E43/><V27/><F40/><W14/><G14/><T5/><D5/><N who="1" m="3247" /><E39/><V131/><F131/><W35/><G35/><T127/><D127/><U135/><E135/><V77/><F47/><W59/><G59/><N who="2" m="22537" /><F27/><W6/><G6/><T69/><D69/><RYUUKYOKU ba="0,1" sc="90,10,249,-30,387,10,264,10" hai0="11,12,16,55,56,63,66,70,82,87,88,112,114" hai2="77,79,80,85,95,96,103" hai3="49,50,51,64,65,81,86" /><INIT seed="6,1,1,1,3,101" ten="100,219,397,274" oya="2" hai0="73,85,50,90,16,82,4,24,114,89,47,45,63" hai1="33,31,3,86,91,66,18,29,133,83,41,21,8" hai2="49,130,52,135,28,100,126,76,51,20,70,77,12" hai3="106,116,104,40,42,117,132,54,112,119,44,98,27"/><V122/><F122/><W115/><G132/><T71/><D114/><N who="3" m="43561" /><G98/><T58/><D71/><U37/><E133/><V131/><F70/><W15/><G15/><T6/><D73/><U113/><E113/><V128/><F135/><W72/><G72/><T68/><D68/><U129/><E66/><V69/><F69/><W11/><G11/><T55/><D90/><U120/><E33/><V74/><F51/><N who="3" m="29031" /><G27/><T19/><D47/><U97/><E41/><AGARI ba="1,1" hai="40,41,42,104,106,116,117,119" m="29031,43561" machi="41" ten="40,8000,1" yaku="15,1,11,1,52,2" doraHai="101" who="3" fromWho="1" sc="100,0,219,-83,397,0,274,93" /><INIT seed="7,0,0,0,0,92" ten="100,136,397,367" oya="3" hai0="55,28,69,48,93,123,34,44,50,41,78,98,0" hai1="116,107,97,6,26,125,1,47,49,67,20,132,31" hai2="82,127,36,96,38,90,106,29,54,115,16,18,101" hai3="122,70,39,89,88,60,95,42,128,30,80,134,22"/><W7/><G122/><T17/><D123/><U129/><E67/><V14/><F29/><W12/><G128/><T19/><D0/><U61/><E61/><V56/><F115/><W131/><G131/><T57/><D69/><U35/><E129/><V5/><F5/><W118/><G118/><T91/><REACH who="0" step="1"/><D78/><REACH who="0" ten="90,136,397,367" step="2"/><U13/><E116/><V24/><F127/><W72/><G134/><T120/><D120/><U32/><E125/><V8/><F82/><W114/><G114/><T109/><D109/><U85/><E132/><V84/><F24/><AGARI ba="0,1" hai="17,19,24,28,34,41,44,48,50,55,57,91,93,98" machi="24" ten="40,2600,0" yaku="1,1,52,1,53,0" doraHai="92" doraHaiUra="3" who="0" fromWho="2" sc="90,36,136,0,397,-26,367,0" owari="126,-37.0,136,-26.0,371,46.0,367,17.0" /></mjloggm>