<mjloggm ver="2.3"><GO type="225" lobby="0"/><UN n0="%E4%BA%95%E5%B8%AF" n1="%E3%83%AD%E3%83%83%E3%83%86%E9%9B%80%E7%90%83" n2="%E3%81%AA%E3%82%81%E3%81%93%E9%9B%80%E5%A3%AB" n3="%E3%82%B7%E3%83%B3%E3%83%95%E3%82%A9%E3%83%8B%E3%82%A2" dan="16,18,16,17" rate="2141.24,2242.25,2084.20,2141.19" sx="M,F,M,M"/><TAIKYOKU oya="0"/><INIT seed="0,0,0,0,5,116" ten="250,250,250,250" oya="0" hai0="3,87,16,100,112,9,129,10,22,5,77,90,121" hai1="25,118,60,20,58,32,0,84,61,113,122,50,85" hai2="127,65,78,41,59,66,94,62,33,11,44,54,8" hai3="56,47,63,39,18,35,114,7,40,26,124,128,117"/><T97/><D112/><U19/><E118/><V93/><F33/><W96/><G117/><T27/><D129/><U102/><E113/><V29/><F29/><W123/><G114/><T15/><D77/><U101/><E0/><V23/><F23/><W83/><G124/><T76/><D76/><U88/><E122/><V103/><F78/><W21/><G128/><T106/><D121/><U119/><E119/><V89/><F127/><W2/><G83/><T75/><D75/><U71/><E32/><V107/><F107/><W105/><G35/><T130/><D130/><U110/><E110/><V52/><F103/><N who="1" m="39433" /><E85/><V69/><F94/><W30/><G96/><T109/><D109/><U49/><E71/><V98/><F69/><W125/><G105/><T82/><REACH who="0" step="1"/><D10/><REACH who="0" ten="240,250,250,250" step="2"/><N who="2" m="3626" /><F41/><W42/><G125/><T72/><D72/><U64/><E61/><V115/><F115/><W86/><G123/><T12/><AGARI ba="0,1" hai="3,5,9,12,15,16,22,27,82,87,90,97,100,106" machi="12" ten="30,11700,0" yaku="1,1,0,1,54,1,53,1" doraHai="116" doraHaiUra="79" who="0" fromWho="0" sc="240,127,250,-39,250,-39,250,-39" /><INIT seed="0,1,0,1,3,36" ten="367,211,211,211" oya="0" hai0="134,0,119,28,87,115,78,59,102,103,130,35,96" hai1="50,85,110,52,47,12,22,29,109,49,135,67,15" hai2="73,11,123,101,63,104,120,42,31,62,82,94,66" hai3="2,125,79,30,84,86,6,1,44,21,69,80,126"/><T72/><D119/><U90/><E135/><V117/><F104/><W122/><G69/><T5/><D115/><U100/><E100/><V37/><F63/><W131/><G131/><T121/><D121/><U75/><E75/><V124/><F124/><N who="3" m="47723" /><G122/><T76/><D59/><N who="1" m="33167" /><E67/><V61/><F61/><W88/><G6/><T41/><D103/><U48/><E48/><V25/><F11/><W7/><G7/><T3/><D87/><U17/><E29/><V81/><F73/><W107/><G107/><T89/><D28/><U14/><E110/><V55/><F55/><W40/><G21/><T19/><D5/><U53/><E109/><V43/><F37/><N who="3" m="21519" /><G30/><T91/><D3/><U10/><E22/><N who="2" m="15799" /><F117/><W92/><AGARI ba="1,0" hai="1,2,79,80,84,86,88,92" m="21519,47723" machi="92" ten="30,4000,0" yaku="18,1,52,1,54,1" doraHai="36" who="3" fromWho="3" sc="367,-21,211,-11,211,-11,211,43" /><INIT seed="1,0,0,4,1,74" ten="346,200,200,254" oya="1" hai0="76,12,79,39,52,70,129,101,111,124,27,61,72" hai1="17,68,41,38,21,77,58,31,50,91,113,118,53" hai2="3,95,45,6,135,120,126,93,59,36,112,5,66" hai3="103,78,128,88,1,115,99,29,83,90,65,30,46"/><U100/><E113/><V117/><F117/><W71/><G1/><T116/><D116/><U94/><E118/><V54/><F120/><W81/><G115/><T119/><D119/><U110/><E110/><V7/><F112/><W105/><G128/><T24/><D39/><U4/><E68/><V18/><F3/><W19/><G19/><T80/><D129/><U37/><E100/><V98/><F126/><W64/><G46/><T89/><D101/><U123/><E31/><V48/><F135/><W92/><G83/><T23/><D70/><U15/><E123/><V96/><F18/><W16/><G16/><N who="0" m="10631" /><D72/><U86/><E41/><V122/><F122/><W133/><G133/><T63/><D124/><U44/><E44/><V62/><F36/><N who="1" m="13929" /><E4/><V125/><F125/><W69/><G69/><T32/><D32/><U97/><E97/><AGARI ba="0,0" hai="5,6,7,45,48,54,59,62,66,93,95,96,97,98" machi="97" ten="40,1300,0" yaku="8,1" doraHai="74" who="2" fromWho="1" sc="346,0,200,-13,200,13,254,0" /><INIT seed="2,0,0,1,4,18" ten="346,187,213,254" oya="2" hai0="48,76,125,12,54,87,28,36,84,65,16,92,126" hai1="110,100,90,51,82,52,2,73,57,63,107,66,23" hai2="4,59,78,75,116,34,50,45,131,83,109,46,108" hai3="94,64,70,0,26,43,14,35,27,7,123,74,93"/><V25/><F116/><W72/><G14/><T129/><D36/><U81/><E110/><N who="2" m="42603" /><F131/><W21/><G35/><T80/><D28/><U77/><E2/><V11/><F34/><W32/><G43/><T117/><D65/><U124/><E124/><N who="0" m="47721" /><D129/><U13/><E100/><V132/><F132/><W62/><G94/><T114/><D114/><U40/><E107/><V130/><F130/><W120/><G7/><T31/><D31/><U61/><E40/><V97/><F97/><W8/><G8/><N who="0" m="6151" /><D117/><U127/><E127/><V5/><F25/><W39/><G27/><T67/><D67/><U49/><E13/><N who="2" m="5351" /><F5/><W115/><G26/><T106/><D106/><U95/><E23/><V135/><F135/><W56/><G21/><T104/><D104/><U30/><E30/><V105/><F105/><W15/><G32/><T91/><D54/><AGARI ba="0,0" hai="45,46,50,54,59,75,78,83" m="5351,42603" machi="54" ten="30,2900,0" yaku="14,1,10,1" doraHai="18" who="2" fromWho="0" sc="346,-29,187,0,213,29,254,0" /><INIT seed="2,1,0,2,2,48" ten="317,187,242,254" oya="2" hai0="62,13,127,119,76,80,2,64,19,90,100,66,26" hai1="133,43,63,105,116,96,46,7,56,85,93,91,98" hai2="114,134,106,79,32,8,54,72,83,89,108,9,45" hai3="23,131,24,16,86,27,120,18,57,28,53,11,84"/><V50/><F114/><W39/><G131/><T130/><D2/><U70/><E133/><V125/><F134/><W67/><G39/><T35/><D127/><U10/><E116/><V22/><F32/><W61/><G120/><T0/><D0/><U5/><E70/><V55/><F125/><W36/><G36/><T1/><D1/><U78/><E105/><V31/><F106/><W40/><G40/><T95/><D100/><U115/><E115/><V3/><F3/><W97/><G97/><T121/><D121/><U92/><E78/><V75/><F75/><W38/><G38/><T122/><D130/><U49/><E10/><N who="2" m="4203" /><F79/><W33/><REACH who="3" step="1"/><G67/><REACH who="3" ten="317,187,242,244" step="2"/><T132/><D66/><U135/><E135/><V118/><F118/><W20/><G20/><T58/><D64/><N who="1" m="39015" /><E98/><V69/><F72/><W71/><G71/><T25/><D119/><U37/><E37/><V128/><F69/><W117/><G117/><T41/><D122/><U104/><E104/><V103/><F128/><W110/><G110/><T81/><D132/><U14/><E14/><AGARI ba="1,1" hai="11,14,16,18,23,24,27,28,33,53,57,61,84,86" machi="14" ten="40,8000,1" yaku="1,1,52,1,54,1,53,1" doraHai="48" doraHaiUra="17" who="3" fromWho="1" sc="317,0,187,-83,242,0,244,93" /><INIT seed="3,0,0,1,5,19" ten="317,104,242,337" oya="3" hai0="61,53,56,121,8,72,92,20,62,84,97,74,130" hai1="88,5,126,79,49,70,25,82,34,129,1,67,124" hai2="101,85,103,128,63,119,66,0,132,105,32,2,57" hai3="122,7,54,47,131,58,69,90,80,36,65,3,127"/><W91/><G122/><T83/><D121/><U68/><E49/><V22/><F119/><W44/><G131/><T118/><D118/><U95/><E129/><V117/><F32/><W75/><G127/><T108/><D130/><U120/><E120/><V133/><F117/><W76/><G47/><T71/><D108/><U24/><E5/><V109/><F109/><W77/><G77/><T112/><D112/><U11/><E11/><V116/><F128/><W134/><G134/><T60/><D72/><U123/><E123/><V98/><F103/><W15/><G15/><T9/><D74/><U125/><E1/><V45/><F85/><W135/><G135/><T111/><D111/><U104/><E104/><V96/><F116/><W81/><G81/><T94/><D71/><U35/><E35/><V21/><F98/><W31/><G31/><T6/><D20/><U89/><E34/><V48/><F132/><W28/><G28/><T41/><D41/><U4/><E4/><V10/><F133/><W107/><G65/><T40/><D40/><U27/><E67/><V106/><F106/><W18/><G69/><T42/><D42/><U17/><E17/><V13/><F2/><W50/><G107/><T33/><D33/><U39/><E39/><V73/><F73/><W86/><G75/><T102/><D92/><U51/><E51/><V113/><F113/><W115/><G115/><T99/><D97/><U52/><E52/><N who="2" m="29711" /><F0/><W29/><G36/><T87/><D87/><U59/><E59/><V30/><F30/><W37/><G37/><T14/><D8/><U46/><E46/><RYUUKYOKU ba="0,0" sc="317,15,104,-15,242,15,337,-15" hai0="6,9,14,53,56,60,61,62,83,84,94,99,102" hai2="10,13,21,22,57,63,66,96,101,105" owari="332,43.0,89,-41.0,257,-14.0,322,12.0" /></mjloggm>