<mjloggm ver="2.3"><GO type="169" lobby="0"/><UN n0="%64%6F%6E%63%68%61%6E%33" n1="%E5%85%AD%E9%83%A8%E5%9C%AD" n2="%E5%AE%88%E8%AD%B7%E7%A5%9E%4E%47%E5%B7%9D" n3="%E3%82%A8%E3%83%AB%E3%82%B2%E3%83%AB%E3%83%BC%E3%82%B8" dan="16,16,17,17" rate="2092.32,2107.03,2180.80,2219.80" sx="M,M,M,M"/><TAIKYOKU oya="0"/><INIT seed="0,0,0,2,4,4" ten="250,250,250,250" oya="0" hai0="66,7,88,49,125,90,61,57,59,28,9,134,52" hai1="131,15,108,62,101,53,13,98,46,3,115,23,82" hai2="27,124,40,69,19,127,14,34,75,37,76,96,104" hai3="45,87,100,44,43,105,8,68,42,129,114,6,103"/><T79/><D134/><U94/><E3/><V55/><F69/><W92/><G114/><T39/><D39/><U54/><E115/><V73/><F55/><W12/><G129/><T113/><D113/><U74/><E131/><V123/><F123/><W33/><G33/><T135/><D135/><U48/><E108/><V85/><F85/><W65/><G105/><T20/><D125/><U11/><E74/><V110/><F110/><W26/><G26/><N who="0" m="16455" /><D79/><U41/><E82/><V78/><F27/><W64/><G68/><T118/><D118/><U0/><E0/><V2/><F34/><W107/><G107/><T89/><D9/><U126/><E62/><V51/><F37/><W10/><G10/><T70/><D70/><U18/><REACH who="1" step="1"/><E126/><REACH who="1" ten="250,240,250,250" step="2"/><V119/><F75/><W83/><G83/><T128/><D128/><U116/><E116/><V50/><F73/><W112/><G112/><T102/><D7/><AGARI ba="0,1" hai="7,11,13,15,18,23,41,46,48,53,54,94,98,101" machi="7" ten="30,7700,0" yaku="1,1,7,1,8,1,52,1,53,0" doraHai="4" doraHaiUra="80" who="1" fromWho="0" sc="250,-77,240,87,250,0,250,0" /><INIT seed="1,0,0,1,5,53" ten="173,327,250,250" oya="1" hai0="39,49,101,94,116,28,44,65,70,57,105,6,29" hai1="100,55,77,16,7,91,117,134,86,66,20,126,48" hai2="84,119,83,61,125,69,109,96,73,1,99,135,24" hai3="118,5,42,132,64,13,75,27,121,108,123,127,104"/><U12/><E117/><V115/><F119/><W120/><G64/><T102/><D105/><U10/><E134/><V26/><F135/><W14/><G42/><T113/><D113/><U89/><E126/><V72/><F1/><W93/><G93/><T58/><D116/><U62/><E100/><N who="0" m="38505" /><D39/><U85/><E77/><V34/><F109/><W17/><G75/><T19/><D70/><U43/><E43/><V114/><F125/><W45/><G45/><T47/><D65/><U87/><E62/><V63/><F84/><W92/><G92/><T78/><D44/><U54/><E66/><V79/><F83/><W124/><G104/><T4/><D19/><U40/><E40/><V90/><F90/><W18/><G132/><T50/><D94/><U25/><REACH who="1" step="1"/><E55/><REACH who="1" ten="173,317,250,250" step="2"/><V9/><F79/><W122/><G118/><T33/><D78/><U107/><E107/><V59/><F69/><W110/><G120/><T38/><D38/><U97/><E97/><V35/><REACH who="2" step="1"/><F9/><REACH who="2" ten="173,317,240,250" step="2"/><W3/><G122/><T112/><D112/><U81/><E81/><V76/><F76/><W67/><G121/><T30/><D33/><U0/><E0/><V98/><F98/><W130/><G123/><T52/><D50/><U131/><E131/><V71/><F71/><W32/><G3/><T11/><D11/><U41/><E41/><V128/><F128/><W37/><G130/><T56/><AGARI ba="0,2" hai="4,6,28,29,30,47,49,52,56,57,58" m="38505" machi="56" ten="40,8000,1" yaku="8,1,52,3,54,1" doraHai="53" who="0" fromWho="0" sc="173,100,317,-40,240,-20,250,-20" /><INIT seed="2,0,0,3,4,127" ten="273,277,220,230" oya="2" hai0="79,120,22,68,61,119,131,101,54,4,30,2,55" hai1="107,38,95,99,88,84,94,117,72,89,25,15,93" hai2="8,60,65,128,13,91,67,32,108,100,46,134,85" hai3="129,69,83,56,73,133,114,81,26,45,98,58,106"/><V86/><F134/><W112/><G69/><T9/><D120/><U50/><E38/><V75/><F75/><W97/><G133/><T111/><D111/><U82/><E117/><V71/><F32/><W10/><G26/><T110/><D110/><U11/><E72/><V62/><F108/><W19/><G45/><T31/><D79/><U96/><E25/><V43/><F100/><W105/><G10/><T103/><D68/><U113/><E113/><V123/><F123/><W77/><G19/><T24/><D30/><U16/><REACH who="1" step="1"/><E50/><REACH who="1" ten="273,267,220,230" step="2"/><V70/><F128/><W0/><G73/><T20/><D131/><U35/><E35/><V1/><F1/><W21/><G0/><T41/><D119/><U74/><E74/><V92/><F13/><W37/><G37/><T66/><D2/><U59/><E59/><V33/><F33/><W40/><G129/><T3/><D3/><U49/><E49/><V44/><F8/><W57/><G57/><T78/><D9/><U34/><E34/><V132/><F132/><W126/><G58/><T14/><D22/><U12/><E12/><V27/><F27/><W29/><G56/><T39/><D14/><U63/><E63/><V125/><F125/><W52/><G126/><T90/><D61/><U28/><E28/><V124/><F124/><W109/><G21/><T80/><D31/><U121/><E121/><V102/><F62/><W104/><G29/><T118/><D20/><U6/><E6/><V7/><F7/><W122/><G109/><T17/><D4/><U135/><E135/><V23/><F60/><W36/><G122/><RYUUKYOKU ba="0,1" sc="273,-10,267,30,220,-10,230,-10" hai1="11,15,16,82,84,88,89,93,94,95,96,99,107" /><INIT seed="3,1,1,0,2,12" ten="263,297,210,220" oya="3" hai0="30,80,61,94,70,54,88,120,5,48,113,19,79" hai1="107,57,129,49,63,53,62,27,115,8,118,21,29" hai2="75,67,98,130,85,108,122,95,6,111,83,64,89" hai3="101,45,59,127,116,11,40,76,69,28,56,71,23"/><W103/><G116/><T22/><D120/><U82/><E115/><V44/><F122/><W109/><G127/><T32/><D113/><U81/><E107/><V34/><F130/><W123/><G123/><T51/><D5/><U97/><E129/><V77/><F34/><W4/><G76/><T39/><D39/><U33/><E118/><V50/><F6/><W104/><G71/><T117/><D30/><U58/><E33/><V91/><F75/><W68/><G68/><T17/><D32/><U87/><E97/><V134/><F134/><W93/><G69/><T65/><D51/><U78/><E58/><V126/><F91/><W3/><G104/><T132/><D132/><U90/><REACH who="1" step="1"/><E8/><REACH who="1" ten="263,287,210,220" step="2"/><V119/><F119/><W38/><G59/><T42/><D117/><U1/><E1/><V106/><F106/><W55/><G109/><N who="2" m="42057" /><F126/><W110/><G110/><T36/><D22/><U10/><E10/><V135/><F135/><W20/><G20/><T60/><D70/><U72/><AGARI ba="1,2" hai="21,27,29,49,53,57,62,63,72,78,81,82,87,90" machi="72" ten="20,5200,0" yaku="1,1,0,1,7,1,53,1" doraHai="12" doraHaiUra="18" who="1" fromWho="1" sc="263,-14,287,75,210,-14,220,-27" /><INIT seed="4,0,0,0,1,35" ten="249,362,196,193" oya="0" hai0="43,70,71,81,10,107,44,30,72,131,116,68,17" hai1="100,87,127,5,9,77,129,34,85,75,133,50,89" hai2="41,49,74,11,32,97,20,93,82,92,124,4,128" hai3="134,104,84,22,13,6,52,66,67,132,58,103,123"/><T26/><D116/><U23/><E34/><V76/><F128/><W125/><G125/><T69/><D131/><U113/><E129/><V24/><F124/><W120/><G84/><T57/><D107/><U126/><E75/><V78/><F78/><W61/><G103/><T90/><D57/><U25/><E133/><N who="3" m="51306" /><G104/><T31/><D71/><U135/><E135/><V62/><F32/><W64/><G22/><T95/><D81/><U96/><E77/><V16/><F62/><N who="3" m="36167" /><G13/><T8/><D72/><U99/><E50/><V80/><F80/><W2/><G61/><T65/><D17/><U102/><E23/><V56/><F97/><W60/><G60/><T59/><D30/><U0/><E25/><V110/><F92/><W114/><G114/><T45/><D8/><AGARI ba="0,0" hai="2,6,8,64,66,67,120,123" m="36167,51306" machi="8" ten="40,5200,0" yaku="20,1,52,1,54,1" doraHai="35" who="3" fromWho="0" sc="249,-52,362,0,196,0,193,52" /><INIT seed="5,0,0,5,5,24" ten="197,362,196,245" oya="1" hai0="45,68,13,83,15,11,34,102,117,9,47,105,6" hai1="19,77,113,104,56,10,43,38,54,55,57,103,96" hai2="41,93,100,129,80,37,116,42,12,58,2,46,35" hai3="108,72,81,120,90,122,86,18,118,75,119,73,61"/><U107/><E113/><V123/><F116/><N who="3" m="44587" /><G61/><T48/><D117/><U95/><E77/><V91/><F123/><N who="3" m="47147" /><G18/><T106/><D68/><U132/><E132/><V52/><F129/><W85/><G85/><T70/><D70/><U67/><E67/><V74/><F2/><W53/><G53/><T94/><D34/><U88/><E104/><V121/><F121/><W135/><G135/><T134/><D134/><U44/><E55/><V87/><F74/><W22/><G22/><T69/><D69/><U4/><E19/><V31/><F42/><W40/><G40/><T126/><D126/><U49/><E38/><V89/><F12/><W21/><G21/><T114/><D114/><U109/><E43/><V78/><F52/><W14/><G14/><T26/><D48/><U71/><E71/><V50/><F37/><W32/><G32/><T7/><D26/><U66/><E66/><V59/><F58/><W92/><G108/><T64/><D64/><U133/><E109/><V23/><F59/><W33/><G33/><T51/><D51/><U8/><E8/><V30/><F35/><W111/><G111/><T16/><D16/><U79/><E133/><V28/><F23/><W98/><G98/><AGARI ba="0,0" hai="28,30,31,41,46,50,78,80,87,89,91,93,98,100" machi="98" ten="40,8000,1" yaku="8,1,52,3" doraHai="24" who="2" fromWho="3" sc="197,0,362,0,196,80,245,-80" /><INIT seed="6,0,0,5,2,89" ten="197,362,276,165" oya="2" hai0="122,123,101,26,135,104,49,98,78,19,110,52,41" hai1="0,29,80,97,121,99,120,12,44,68,106,20,116" hai2="55,10,95,42,50,71,90,46,88,91,131,134,45" hai3="117,30,13,56,85,82,79,35,113,115,16,132,58"/><V94/><F134/><W76/><G132/><T126/><D135/><U124/><E0/><V24/><F131/><W23/><G117/><T43/><D110/><U27/><E116/><V130/><F130/><W34/><G79/><T15/><D126/><U128/><E128/><V100/><F71/><W54/><G58/><T129/><D78/><U31/><E124/><V9/><F24/><W118/><G118/><T75/><D75/><U73/><E68/><V103/><F103/><W28/><G28/><T70/><D70/><U92/><E106/><V87/><F100/><W53/><G30/><T64/><D64/><U67/><E67/><V21/><F21/><W5/><G5/><T107/><D107/><U17/><E73/><V127/><F127/><W6/><G6/><T96/><D26/><N who="1" m="16583" /><E44/><V63/><F91/><W109/><G109/><T14/><D129/><U133/><E80/><V61/><F61/><W69/><G69/><T47/><D123/><N who="1" m="47179" /><E99/><N who="2" m="57815" /><F46/><W65/><G65/><T108/><D122/><U81/><E81/><V60/><F60/><N who="3" m="35855" /><G54/><T36/><D52/><U102/><E133/><V48/><F48/><W66/><G66/><T40/><D49/><U7/><E7/><V105/><F105/><W4/><G4/><T37/><D104/><U84/><E84/><V1/><F1/><W39/><G39/><T77/><D37/><U57/><E57/><AGARI ba="0,0" hai="9,10,42,45,50,55,57,63,87,88,95" m="57815" machi="57" ten="30,11600,0" yaku="8,1,52,2,54,1" doraHai="89" who="2" fromWho="1" sc="197,0,362,-116,276,116,165,0" /><INIT seed="6,1,0,3,2,117" ten="197,246,392,165" oya="2" hai0="88,31,20,85,114,110,119,23,54,12,56,17,121" hai1="116,86,33,13,89,38,68,107,94,95,130,122,106" hai2="129,71,125,9,65,133,15,109,78,100,45,2,118" hai3="40,131,124,51,80,63,6,52,70,99,120,8,90"/><V126/><F15/><W41/><G124/><T67/><D110/><U111/><E111/><V50/><F9/><W79/><G131/><T66/><D119/><U35/><E116/><V103/><F78/><W98/><G120/><T83/><D114/><U7/><E38/><V75/><F65/><W37/><G70/><T97/><D121/><U11/><E68/><V81/><F81/><W27/><G63/><T74/><D74/><U22/><E122/><V62/><F62/><W87/><G37/><T135/><D135/><U28/><E130/><V132/><F50/><W61/><G27/><N who="0" m="16895" /><D97/><N who="3" m="36873" /><G61/><AGARI ba="1,0" hai="12,17,20,54,56,61,66,67,83,85,88" m="16895" machi="61" ten="30,2000,0" yaku="8,1,54,1" doraHai="117" who="0" fromWho="3" sc="197,23,246,0,392,0,165,-23" /><INIT seed="7,0,0,2,0,130" ten="220,246,392,142" oya="3" hai0="126,71,67,114,111,21,70,75,129,135,50,14,66" hai1="24,38,95,63,113,4,65,11,69,31,58,45,33" hai2="107,99,84,123,34,28,131,1,20,77,53,3,104" hai3="124,100,117,132,60,81,98,105,41,39,64,57,51"/><W94/><G117/><T25/><D111/><U73/><E73/><V79/><F34/><W80/><G124/><T54/><D75/><U93/><E113/><V44/><F99/><W128/><G128/><T62/><D129/><U40/><E69/><V106/><F131/><W121/><G121/><T13/><D126/><U115/><E115/><V103/><F103/><W118/><G118/><T59/><D135/><U0/><AGARI ba="0,0" hai="0,4,11,24,31,33,38,40,45,58,63,65,93,95" machi="0" ten="20,1500,0" yaku="0,1,7,1" doraHai="130" who="1" fromWho="1" sc="220,-4,246,15,392,-4,142,-7" owari="216,-18.0,261,6.0,388,48.0,135,-36.0" /></mjloggm>