<mjloggm ver="2.3"><GO type="169" lobby="0"/><UN n0="%68%69%6A%69%68%69%6A%69" n1="%E3%81%9B%E3%81%A9%E3%81%AA%E3%82%8A%E3%81%82%E3%82%93" n2="%E6%9A%97%E9%BB%92%E6%88%A6%E5%A3%AB" n3="%43%72%65%2E%43" dan="16,16,17,17" rate="2046.36,2116.43,2164.09,2177.44" sx="F,M,M,F"/><TAIKYOKU oya="0"/><INIT seed="0,0,0,4,3,84" ten="250,250,250,250" oya="0" hai0="105,134,68,103,126,37,46,130,5,51,39,94,23" hai1="116,24,57,25,75,63,13,48,19,135,6,107,59" hai2="113,3,43,27,47,88,49,62,71,133,83,1,66" hai3="67,81,124,7,28,61,120,132,45,72,64,80,96"/><T44/><D126/><U29/><E135/><V118/><F133/><W79/><G132/><T123/><D130/><U42/><E116/><V9/><F113/><W65/><G124/><T18/><D134/><U40/><E75/><V92/><F118/><W110/><G110/><T121/><D105/><U74/><E74/><V10/><F83/><W89/><G120/><T112/><D112/><U95/><E6/><V98/><REACH who="2" step="1"/><F27/><REACH who="2" ten="250,250,240,250" step="2"/><W99/><G80/><T54/><D123/><U14/><E25/><V52/><F52/><W30/><G81/><T87/><D121/><U127/><E24/><V77/><F77/><W20/><G79/><T91/><D54/><U60/><E127/><V21/><F21/><W11/><G20/><T129/><D23/><U69/><E42/><V125/><F125/><W33/><G72/><T56/><D129/><U26/><E40/><V85/><F85/><W35/><G35/><T12/><D87/><U86/><E86/><V73/><F73/><W82/><G33/><T0/><D37/><U106/><E26/><V32/><F32/><W122/><G122/><T131/><D39/><U76/><E76/><V22/><F22/><W4/><G82/><T119/><D131/><U109/><E109/><V41/><F41/><W50/><G30/><T101/><D119/><U115/><E29/><V2/><AGARI ba="0,1" hai="1,2,3,9,10,43,47,49,62,66,71,88,92,98" machi="2" ten="30,7900,0" yaku="1,1,0,1,52,1,54,1,53,0" doraHai="84" doraHaiUra="117" who="2" fromWho="2" sc="250,-39,250,-20,240,89,250,-20" /><INIT seed="1,0,0,1,4,90" ten="211,230,329,230" oya="1" hai0="83,79,56,29,70,130,97,9,1,66,98,45,53" hai1="91,35,121,77,92,43,63,118,52,39,2,129,122" hai2="108,12,126,135,47,54,57,133,116,112,104,31,67" hai3="65,127,78,71,68,19,131,93,18,94,28,80,24"/><U96/><E118/><V100/><F116/><W62/><G68/><T13/><D130/><U51/><E129/><V82/><F108/><W119/><G119/><T102/><D1/><U60/><E35/><V85/><F126/><W17/><G127/><T69/><D29/><U44/><E2/><V87/><F112/><W8/><G8/><T10/><D45/><U99/><E77/><V115/><F115/><W7/><G7/><T4/><D10/><U15/><E99/><V16/><F31/><W132/><G132/><T55/><D66/><U101/><E101/><V109/><F47/><W32/><REACH who="3" step="1"/><G131/><REACH who="3" ten="211,230,329,220" step="2"/><T49/><D9/><U3/><E122/><V105/><F109/><W27/><G27/><T64/><D4/><U95/><E121/><V21/><F133/><W14/><G14/><T103/><D13/><U20/><E3/><V26/><F26/><W124/><G124/><T113/><D70/><U107/><E39/><V110/><F12/><W0/><G0/><T25/><D25/><U61/><E107/><V36/><F105/><W88/><G88/><T22/><D69/><U106/><E106/><V123/><F104/><W89/><G89/><T120/><D120/><U30/><E30/><V6/><F36/><W59/><G59/><T76/><D56/><N who="1" m="34823" /><E95/><V42/><F110/><W125/><G125/><T81/><D113/><U128/><E128/><V86/><F123/><W33/><G33/><T117/><D117/><U23/><E15/><N who="2" m="9375" /><F135/><W46/><G46/><T41/><D79/><U34/><E34/><V134/><F134/><W114/><G114/><T48/><D76/><RYUUKYOKU ba="0,1" sc="211,-15,230,15,329,-15,220,15" hai1="20,23,43,44,51,61,63,91,92,96" hai3="17,18,19,24,28,32,62,65,71,78,80,93,94" /><INIT seed="1,1,1,1,2,66" ten="196,245,314,235" oya="1" hai0="58,2,93,15,125,118,64,112,41,0,40,74,106" hai1="38,116,133,50,35,54,32,115,79,49,71,113,126" hai2="17,59,47,62,121,18,98,109,7,12,102,48,11" hai3="24,10,104,13,23,123,22,30,94,57,46,119,111"/><U25/><E79/><V33/><F109/><W1/><G123/><T83/><D112/><U3/><E3/><V55/><F121/><W20/><G104/><T52/><D118/><U128/><E25/><V68/><F33/><W103/><G111/><T81/><D106/><U14/><E14/><V89/><F89/><W70/><G1/><T29/><D125/><U96/><E54/><V44/><F44/><W6/><G70/><T105/><D105/><U26/><E26/><V97/><F68/><W63/><G119/><T82/><D74/><U130/><E71/><V45/><F45/><W87/><G46/><T129/><D129/><U21/><E21/><V5/><F17/><W122/><G122/><T114/><D114/><N who="1" m="43531" /><E38/><V56/><F56/><W100/><G100/><T19/><D29/><U27/><E27/><V127/><F127/><W88/><REACH who="3" step="1"/><G103/><REACH who="3" ten="196,245,314,225" step="2"/><T95/><D0/><U37/><E116/><V92/><REACH who="2" step="1"/><F98/><REACH who="2" ten="196,245,304,225" step="2"/><W84/><G84/><T42/><D58/><U132/><E96/><V85/><F85/><W134/><G134/><N who="1" m="51818" /><E126/><V9/><F9/><W51/><G51/><N who="1" m="19466" /><E37/><V4/><F4/><W117/><G117/><T39/><D39/><U61/><E61/><V67/><AGARI ba="1,3" hai="5,7,11,12,18,47,48,55,59,62,67,92,97,102" machi="67" ten="20,8000,1" yaku="1,1,0,1,7,1,8,1,53,1" doraHai="66" doraHaiUra="99" who="2" fromWho="2" sc="196,-21,245,-41,304,113,225,-21" /><INIT seed="2,0,0,1,2,23" ten="175,204,417,204" oya="2" hai0="62,6,86,74,3,38,51,11,107,31,68,71,8" hai1="33,26,130,22,90,83,56,42,29,93,4,124,66" hai2="47,82,131,94,48,60,91,39,88,108,132,32,35" hai3="103,120,7,10,2,112,5,21,75,52,63,0,122"/><V59/><F131/><W58/><G75/><T16/><D74/><U129/><E124/><V115/><F115/><W13/><G112/><T9/><D38/><U44/><E4/><V110/><F132/><W57/><G103/><T87/><D107/><U92/><E83/><V97/><F39/><W12/><G21/><T128/><D128/><N who="1" m="49259" /><E90/><V123/><F123/><W25/><G63/><T134/><D134/><U27/><E56/><V96/><F32/><W102/><G102/><T34/><D51/><N who="1" m="27031" /><E66/><V73/><F35/><W77/><G10/><T15/><D9/><U24/><E24/><V104/><F104/><W81/><G81/><T72/><D72/><U20/><E20/><V41/><F73/><W113/><G113/><T43/><D71/><U119/><E119/><V118/><F118/><W64/><G64/><T133/><D133/><U19/><AGARI ba="0,0" hai="19,22,26,27,29,33,92,93" m="27031,49259" machi="19" ten="30,4000,0" yaku="19,1,52,2" doraHai="23" who="1" fromWho="1" sc="175,-10,204,40,417,-20,204,-10" /><INIT seed="3,0,0,1,4,74" ten="165,244,397,194" oya="3" hai0="5,9,101,51,63,78,128,52,42,68,92,13,132" hai1="97,134,81,116,40,15,59,39,48,7,26,120,65" hai2="67,124,93,70,57,129,94,125,131,89,110,17,50" hai3="33,91,90,117,30,82,111,121,79,127,119,135,108"/><W3/><G3/><T8/><D128/><N who="2" m="49226" /><F110/><N who="3" m="42027" /><G121/><T55/><D132/><U0/><E0/><V28/><F70/><W56/><G135/><T2/><D42/><U21/><E39/><V96/><F28/><W122/><G122/><T86/><D101/><U88/><E116/><N who="3" m="44618" /><G127/><T123/><D123/><U105/><E105/><V4/><F4/><W126/><G126/><T27/><D27/><U58/><E65/><V41/><F17/><W1/><G1/><T45/><D68/><U80/><E80/><V69/><F69/><W14/><G14/><T22/><D22/><U64/><E64/><V54/><F67/><W118/><N who="3" m="44626" /><W47/><DORA hai="103" /><G56/><T34/><D13/><U23/><E134/><V37/><F93/><W73/><G47/><AGARI ba="0,0" hai="37,41,47,50,54,57,89,94,96,124,125" m="49226" machi="47" ten="30,1000,0" yaku="19,1" doraHai="74,103" who="2" fromWho="3" sc="165,0,244,0,397,10,194,-10" /><INIT seed="4,0,0,5,1,88" ten="165,244,407,184" oya="0" hai0="57,111,15,12,78,10,129,74,122,36,31,25,71" hai1="100,14,83,92,110,86,133,125,16,117,39,19,106" hai2="42,91,94,28,38,85,20,41,2,0,70,61,77" hai3="80,135,127,69,66,109,105,113,104,58,30,37,44"/><T64/><D111/><U67/><E110/><V114/><F114/><W48/><G109/><T52/><D129/><U68/><E117/><V87/><F28/><W98/><G113/><T13/><D122/><U62/><E39/><V108/><F20/><W47/><G69/><T101/><D36/><U93/><E19/><V97/><F85/><W107/><G127/><T119/><D119/><U9/><E125/><V120/><F120/><W7/><G135/><T33/><D101/><U76/><REACH who="1" step="1"/><E133/><REACH who="1" ten="165,234,407,184" step="2"/><V18/><F18/><W73/><G37/><T132/><D132/><U27/><E27/><V43/><F38/><W81/><G30/><T131/><D131/><U99/><AGARI ba="0,1" hai="9,14,16,62,67,68,76,83,86,92,93,99,100,106" machi="99" ten="30,8000,1" yaku="1,1,0,1,52,2,54,1,53,0" doraHai="88" doraHaiUra="1" who="1" fromWho="1" sc="165,-40,234,90,407,-20,184,-20" /><INIT seed="5,0,0,4,5,62" ten="125,324,387,164" oya="1" hai0="90,42,71,89,115,117,15,51,48,56,128,46,81" hai1="69,80,38,44,103,13,22,29,104,120,86,19,35" hai2="96,26,75,63,40,102,4,33,45,43,100,124,39" hai3="105,18,91,34,57,7,132,92,47,99,83,52,59"/><U108/><E120/><V82/><F124/><W11/><G132/><T0/><D115/><U37/><E108/><V121/><F121/><W77/><G105/><T101/><D128/><U130/><E130/><V41/><F102/><W127/><G34/><T70/><D117/><U28/><E69/><V76/><F4/><W55/><G18/><T84/><D0/><U112/><E112/><V107/><REACH who="2" step="1"/><F63/><REACH who="2" ten="125,324,377,164" step="2"/><W9/><G7/><T87/><D101/><U36/><E103/><V21/><F21/><W8/><G127/><T53/><REACH who="0" step="1"/><D15/><REACH who="0" ten="115,324,377,164" step="2"/><U97/><E35/><V119/><F119/><W49/><REACH who="3" step="1"/><G55/><REACH who="3" ten="115,324,377,154" step="2"/><T123/><D123/><U3/><E13/><V125/><F125/><W131/><G131/><T73/><D73/><AGARI ba="0,3" hai="8,9,11,47,49,52,57,59,73,77,83,91,92,99" machi="73" ten="40,2600,0" yaku="1,1,54,1,53,0" doraHai="62" doraHaiUra="64" who="3" fromWho="0" sc="115,-26,324,0,377,0,154,56" /><INIT seed="6,0,0,1,4,10" ten="89,324,377,210" oya="2" hai0="33,39,77,23,95,67,11,120,96,115,9,131,7" hai1="22,15,134,27,68,13,76,90,84,52,40,100,36" hai2="19,37,21,69,31,127,32,88,75,5,38,64,24" hai3="57,92,29,71,89,72,99,30,56,35,55,46,48"/><V73/><F127/><W74/><G71/><T63/><D115/><U110/><E110/><V111/><F111/><W105/><G105/><T125/><D131/><U101/><E68/><V59/><F69/><W123/><G123/><T51/><D120/><U45/><E76/><V129/><F129/><W42/><G57/><T12/><D125/><U85/><E85/><V86/><F5/><W0/><G0/><T4/><D39/><U54/><E134/><V20/><F20/><W65/><G65/><T98/><D33/><U87/><E87/><V34/><F34/><W116/><G116/><T50/><D77/><U94/><E101/><V43/><F64/><W91/><G89/><T130/><D130/><U47/><E100/><V61/><F43/><W83/><G83/><T112/><D23/><U97/><E97/><V62/><F75/><W44/><G44/><T126/><D112/><U93/><E93/><V113/><F73/><W107/><G107/><T135/><D135/><U66/><E66/><V132/><F113/><W121/><G121/><T25/><D25/><U18/><E54/><V109/><F86/><W41/><G41/><T78/><D78/><U28/><E28/><N who="3" m="10858" /><G35/><T79/><D79/><U117/><E117/><V14/><F32/><W60/><G74/><T119/><D119/><U128/><E128/><V1/><F109/><W118/><G72/><T102/><D126/><U108/><E108/><V58/><F132/><W17/><G118/><T16/><D96/><U53/><E53/><V103/><F103/><W122/><G122/><T3/><D7/><U6/><E6/><RYUUKYOKU ba="0,0" sc="89,10,324,10,377,-30,210,10" hai0="3,4,9,11,12,16,50,51,63,67,95,98,102" hai1="13,15,18,22,27,36,40,45,47,52,84,90,94" hai3="17,42,46,48,55,56,60,91,92,99" /><INIT seed="7,1,0,1,2,108" ten="99,334,347,220" oya="3" hai0="82,4,19,98,36,76,12,31,44,78,21,90,120" hai1="0,128,58,93,89,53,61,105,86,102,73,81,91" hai2="55,135,118,15,37,10,112,39,133,134,95,35,17" hai3="18,5,80,97,115,9,7,87,20,114,119,94,1"/><W27/><G119/><T64/><D120/><U60/><E0/><V62/><F118/><W50/><G7/><T59/><D31/><U28/><E28/><V124/><F124/><W132/><G132/><T68/><D68/><U34/><E34/><V14/><F112/><N who="3" m="43051" /><G50/><T22/><D4/><U71/><E128/><V117/><F117/><W131/><G131/><T2/><D2/><U54/><E71/><V63/><F35/><W67/><G67/><T41/><D22/><U70/><E70/><V38/><F95/><W72/><G72/><T13/><D13/><U88/><E105/><V85/><F85/><W66/><G66/><T109/><D109/><U30/><E30/><V104/><F104/><W84/><G80/><T77/><D64/><U56/><E73/><V24/><F24/><W40/><G40/><T32/><D32/><U116/><E116/><V45/><F14/><W123/><G123/><T106/><D106/><U43/><E43/><V8/><F10/><W57/><G57/><T83/><D59/><U110/><E110/><V92/><F92/><W46/><G46/><T65/><D65/><U51/><E51/><AGARI ba="1,0" hai="8,15,17,37,38,39,45,51,55,62,63,133,134,135" machi="51" ten="50,1600,0" yaku="20,1" doraHai="108" who="2" fromWho="1" sc="99,0,334,-19,347,19,220,0" owari="99,-40.0,315,12.0,366,46.0,220,-18.0" /></mjloggm>