<mjloggm ver="2.3"><GO type="225" lobby="0"/><UN n0="%50%6F%6F%48%65%3F" n1="%E7%82%8E%E3%81%AE%E9%9B%80%E3%83%96%E3%83%A9%E3%83%BC" n2="%70%68%65%6E%6F%6D%65" n3="%E3%81%AF%E3%82%88%E3%81%8A%E3%81%98%E3%81%95%E3%82%93" dan="16,16,17,18" rate="2142.25,2204.11,2178.24,2271.04" sx="F,M,M,M"/><TAIKYOKU oya="0"/><INIT seed="0,0,0,3,5,84" ten="250,250,250,250" oya="0" hai0="16,33,107,126,27,0,30,39,76,109,13,70,79" hai1="46,9,37,3,99,45,91,64,88,82,83,5,36" hai2="80,49,56,98,75,85,125,7,135,129,51,65,48" hai3="14,124,114,81,128,78,117,25,68,74,6,122,41"/><T22/><D70/><U43/><E64/><V133/><F125/><W103/><G114/><T44/><D107/><U26/><E26/><V35/><F35/><W58/><G117/><T119/><D119/><U134/><E134/><V113/><F113/><W120/><G68/><T66/><D126/><U69/><E69/><V11/><F75/><W93/><G124/><T118/><D118/><U96/><E96/><V101/><F129/><W15/><G128/><T105/><D105/><U110/><E110/><V59/><F65/><W102/><G41/><T60/><D109/><U123/><E123/><V62/><F62/><W17/><G58/><T104/><D104/><U86/><E83/><V100/><F56/><W87/><G25/><T112/><D112/><U8/><E8/><V42/><F59/><W73/><G6/><T77/><D0/><U71/><E71/><V47/><F49/><W19/><G14/><T10/><D60/><U116/><E116/><V1/><F51/><W121/><G17/><T18/><D66/><U4/><E4/><V132/><REACH who="2" step="1"/><F98/><REACH who="2" ten="250,250,240,250" step="2"/><W2/><G73/><T72/><D72/><U28/><E99/><V31/><F31/><W92/><G74/><T21/><REACH who="0" step="1"/><D18/><REACH who="0" ten="240,250,240,250" step="2"/><U131/><E131/><V67/><F67/><W106/><G19/><T53/><D53/><U57/><E43/><AGARI ba="0,2" hai="10,13,16,21,22,27,30,33,39,43,44,76,77,79" machi="43" ten="40,3900,0" yaku="1,1,54,1,53,0" doraHai="84" doraHaiUra="54" who="0" fromWho="1" sc="240,59,250,-39,240,0,250,0" /><INIT seed="0,1,0,1,4,69" ten="299,211,240,250" oya="0" hai0="36,88,132,16,73,107,130,76,129,110,38,109,70" hai1="27,115,80,97,93,82,126,18,99,135,134,4,29" hai2="19,104,101,123,95,5,117,111,102,119,48,0,118" hai3="8,72,67,59,63,22,127,103,98,74,66,105,7"/><T58/><D70/><U94/><E18/><V2/><F123/><W10/><G127/><T30/><D107/><U108/><E4/><V60/><F111/><N who="0" m="42506" /><D132/><N who="1" m="50731" /><E108/><V71/><F104/><W122/><G122/><T96/><D30/><U6/><E6/><V42/><F19/><W113/><G113/><T90/><D58/><U92/><E115/><V53/><F42/><W17/><G66/><T21/><D76/><U106/><E106/><V35/><F35/><W120/><G120/><T65/><D65/><U45/><E45/><V51/><F71/><W20/><G8/><T112/><D73/><U83/><E126/><V43/><F60/><W54/><G67/><T32/><D32/><AGARI ba="1,0" hai="27,29,32,80,82,83,92,93,94,97,99" m="50731" machi="32" ten="40,1300,0" yaku="20,1" doraHai="69" who="1" fromWho="0" sc="299,-16,211,16,240,0,250,0" /><INIT seed="1,0,0,4,0,75" ten="283,227,240,250" oya="1" hai0="134,53,71,116,97,96,25,50,42,78,2,12,1" hai1="90,14,81,98,83,107,115,119,118,32,65,11,20" hai2="29,111,30,62,5,76,54,6,74,82,89,18,28" hai3="46,36,122,66,59,113,58,125,64,24,120,103,85"/><U132/><E32/><V70/><F111/><W3/><G3/><T127/><D116/><U130/><E65/><V37/><F37/><W128/><G103/><T92/><D71/><U31/><E115/><V45/><F89/><W41/><G85/><T61/><D134/><U55/><E132/><V131/><F131/><W19/><G19/><T27/><D127/><U8/><E130/><V57/><F70/><W33/><G24/><T72/><D42/><U26/><E8/><V102/><F45/><W34/><G128/><T67/><D12/><U91/><E107/><V4/><F102/><W63/><G113/><T10/><D96/><U35/><E35/><V109/><F109/><W56/><G33/><T79/><D72/><U17/><E55/><V87/><F74/><W68/><G34/><T95/><D1/><U49/><E49/><V15/><REACH who="2" step="1"/><F5/><REACH who="2" ten="283,227,230,250" step="2"/><W126/><G66/><T80/><D2/><U121/><E91/><V84/><F84/><W22/><G22/><AGARI ba="0,1" hai="4,6,15,18,22,28,29,30,54,57,62,76,82,87" machi="22" ten="40,8000,1" yaku="1,1,8,1,52,1,53,1" doraHai="75" doraHaiUra="48" who="2" fromWho="3" sc="283,0,227,0,230,90,250,-80" /><INIT seed="2,0,0,1,4,106" ten="283,227,320,170" oya="2" hai0="101,78,42,75,122,87,59,120,6,76,118,2,74" hai1="56,15,51,19,9,71,23,126,89,52,38,64,110" hai2="62,55,61,73,90,88,25,66,70,33,67,133,17" hai3="58,1,53,4,31,36,123,8,50,80,44,49,83"/><V104/><F133/><W121/><G36/><T60/><D118/><U69/><E110/><V111/><F111/><W65/><G31/><T86/><D42/><U132/><E126/><V114/><F114/><W21/><G21/><T5/><D101/><U130/><E130/><V103/><F55/><W45/><G123/><T102/><D102/><U43/><E132/><V91/><F73/><W39/><G121/><T11/><D6/><U107/><E107/><V109/><F109/><W125/><G125/><T93/><D86/><U47/><E89/><V18/><F62/><W113/><G113/><T27/><D27/><U96/><E96/><N who="2" m="61543" /><F66/><W131/><G131/><T98/><D87/><U108/><E108/><V24/><F24/><W20/><G20/><T127/><D127/><U128/><E128/><V29/><AGARI ba="0,0" hai="17,18,25,29,33,61,67,70,88,90,91" m="61543" machi="29" ten="30,3000,0" yaku="25,1,54,1" doraHai="106" who="2" fromWho="2" sc="283,-10,227,-10,320,30,170,-10" /><INIT seed="2,1,0,3,3,109" ten="273,217,350,160" oya="2" hai0="126,45,34,10,47,78,43,12,128,3,48,111,23" hai1="24,94,46,42,116,124,85,83,79,54,39,76,61" hai2="1,77,134,53,14,26,60,30,80,16,82,20,63" hai3="40,99,135,92,27,71,5,59,49,51,44,95,73"/><V127/><F134/><W29/><G135/><T110/><D34/><U98/><E124/><V133/><F127/><W33/><G71/><T88/><D126/><U74/><E116/><V22/><F133/><W8/><G73/><T122/><D122/><U104/><E24/><V17/><F1/><W11/><G95/><T107/><D107/><U35/><E35/><V9/><F53/><W106/><G106/><T56/><D78/><U114/><E79/><V28/><F82/><W101/><G11/><T96/><D3/><U66/><E54/><V115/><F115/><W93/><G59/><T25/><D128/><U36/><E114/><V70/><F70/><W125/><G125/><T64/><D47/><U90/><E39/><V121/><F121/><W68/><G68/><T113/><D113/><U117/><E117/><V100/><F100/><W112/><G112/><T19/><D64/><U38/><E38/><V119/><F119/><W2/><REACH who="3" step="1"/><G93/><REACH who="3" ten="273,217,350,150" step="2"/><N who="0" m="56359" /><D56/><U131/><E131/><V120/><F9/><W84/><G84/><T132/><D132/><U97/><E104/><V67/><F120/><W55/><G55/><T72/><D72/><U103/><E103/><V57/><F63/><W0/><G0/><T37/><D111/><U86/><E74/><AGARI ba="1,1" hai="14,16,17,20,22,26,28,30,57,60,67,74,77,80" machi="74" ten="30,2900,0" yaku="7,1,54,1" doraHai="109" who="2" fromWho="1" sc="273,0,217,-32,350,42,150,0" /><INIT seed="2,2,0,1,5,88" ten="273,185,392,150" oya="2" hai0="80,129,23,10,66,79,116,122,43,130,93,25,41" hai1="100,45,83,30,120,133,87,84,124,135,123,3,73" hai2="126,58,18,95,51,4,55,74,48,32,75,105,76" hai3="7,57,42,114,70,28,13,107,11,67,108,103,40"/><V47/><F105/><W52/><G108/><T61/><D122/><N who="1" m="46635" /><E30/><V1/><F32/><W38/><G114/><T6/><D116/><U104/><E3/><V54/><F126/><W20/><G38/><T128/><D93/><U89/><E45/><V134/><F76/><W0/><G70/><T29/><D10/><U16/><E16/><V31/><F31/><W8/><G67/><T53/><D6/><U2/><E2/><V94/><F134/><N who="1" m="51209" /><E124/><V62/><F1/><W72/><G72/><N who="0" m="43111" /><D53/><U24/><E24/><V77/><F4/><W65/><G65/><T97/><D97/><N who="1" m="61455" /><E87/><V44/><F18/><W17/><G11/><T91/><D43/><U117/><E73/><V71/><F71/><W92/><G107/><T64/><D41/><U27/><E27/><V34/><F34/><W63/><REACH who="3" step="1"/><G28/><REACH who="3" ten="273,185,392,140" step="2"/><T69/><D64/><U50/><E50/><V78/><F62/><W37/><G37/><T15/><D61/><U35/><E35/><V49/><F49/><W56/><G56/><AGARI ba="2,1" hai="44,47,48,51,54,55,56,58,74,75,77,78,94,95" machi="56" ten="25,9600,0" yaku="22,2,52,2" doraHai="88" who="2" fromWho="3" sc="273,0,185,0,392,112,140,-102" /><INIT seed="2,3,0,1,3,81" ten="273,185,504,38" oya="2" hai0="19,11,16,42,69,116,133,73,86,120,3,132,107" hai1="102,1,39,64,114,109,13,35,47,55,82,111,2" hai2="14,93,74,128,41,15,27,46,59,61,72,54,134" hai3="12,45,122,32,126,119,43,110,10,6,97,17,98"/><V0/><F0/><W100/><G122/><T112/><D120/><U83/><E64/><V92/><F128/><W129/><G119/><T9/><D73/><U62/><E35/><V127/><F134/><N who="0" m="51818" /><D112/><U121/><E13/><V20/><F127/><W78/><G32/><T117/><D107/><U53/><E102/><V50/><F74/><W52/><G126/><T26/><D69/><U118/><E62/><V94/><REACH who="2" step="1"/><F72/><REACH who="2" ten="273,185,494,38" step="2"/><W77/><G129/><T89/><D3/><U84/><E2/><V21/><F21/><W88/><G110/><T123/><D123/><U40/><E1/><V34/><F34/><W7/><G7/><T96/><D116/><U30/><E121/><V68/><F68/><W71/><G6/><T24/><D117/><U51/><E118/><V80/><F80/><W106/><G71/><T25/><D11/><U57/><E109/><V36/><F36/><W75/><G75/><T115/><D9/><U66/><E83/><V33/><F33/><W4/><G4/><T18/><D115/><U8/><E8/><V37/><F37/><W31/><G77/><T105/><D42/><U108/><E108/><V87/><F87/><W91/><G78/><T58/><D86/><U90/><E111/><V56/><F56/><W70/><G70/><T29/><D58/><U44/><E114/><V60/><F60/><W124/><G124/><T63/><D63/><N who="1" m="36287" /><E66/><V22/><F22/><W99/><G43/><T48/><D96/><N who="3" m="36969" /><G31/><AGARI ba="3,1" hai="14,15,20,27,31,41,46,50,54,59,61,92,93,94" machi="31" ten="40,7700,0" yaku="1,1,8,1,53,1" doraHai="81" doraHaiUra="23" who="2" fromWho="3" sc="273,0,185,0,494,96,38,-86" owari="273,7.0,185,-21.0,590,69.0,-48,-55.0" /></mjloggm>