<mjloggm ver="2.3"><GO type="169" lobby="0"/><UN n0="%E9%AB%98%E6%A9%8B%E6%B7%B3" n1="%E3%83%8A%E3%82%AB%E3%81%AB%E3%81%97" n2="%E3%83%8E%E3%82%AA%E3%83%81%E3%83%A3%E3%83%99%E3%82%B9" n3="%6B%6F%6D%69" dan="16,17,16,16" rate="2117.12,2231.53,2132.83,2149.60" sx="M,M,M,M"/><TAIKYOKU oya="0"/><INIT seed="0,0,0,2,4,24" ten="250,250,250,250" oya="0" hai0="39,14,30,104,50,35,110,112,82,109,1,34,68" hai1="116,90,118,127,13,94,72,36,18,100,17,48,69" hai2="0,45,25,11,115,126,102,29,41,97,7,75,120" hai3="5,122,79,28,4,87,83,77,93,131,60,121,98"/><T55/><D1/><U20/><E36/><V37/><F126/><W57/><G131/><T40/><D112/><U128/><E69/><V106/><F115/><W2/><G79/><T91/><D68/><U43/><E72/><V130/><F130/><W52/><G2/><T125/><D104/><U92/><E128/><V89/><F89/><W51/><G28/><T88/><D125/><U27/><E127/><V46/><F46/><W66/><G121/><T73/><D40/><U12/><E100/><V32/><REACH who="2" step="1"/><F75/><REACH who="2" ten="250,250,240,250" step="2"/><W19/><G122/><AGARI ba="0,1" hai="0,7,11,25,29,32,37,41,45,97,102,106,120,122" machi="122" ten="40,8000,1" yaku="1,1,2,1,23,2,52,1,53,0" doraHai="24" doraHaiUra="80" who="2" fromWho="3" sc="250,0,250,0,240,90,250,-80" /><INIT seed="1,0,0,3,5,30" ten="250,250,330,170" oya="1" hai0="56,133,33,102,89,24,73,131,94,59,66,11,79" hai1="82,58,134,28,98,4,48,3,112,127,119,64,36" hai2="117,105,39,27,69,44,14,91,46,81,111,84,49" hai3="62,135,74,83,100,25,21,70,32,71,42,2,12"/><U41/><E112/><V22/><F69/><W19/><G135/><T121/><D131/><U31/><E119/><V7/><F105/><W125/><G125/><T123/><D133/><U113/><E113/><V5/><F117/><W67/><G70/><T76/><D102/><U29/><E134/><V61/><F61/><W122/><G122/><T16/><D66/><U130/><E36/><V35/><F111/><W38/><G2/><T116/><D116/><U43/><E130/><V1/><F1/><W77/><G100/><T54/><D59/><U57/><E127/><V53/><F35/><W8/><G42/><T118/><D118/><U23/><E98/><V13/><F46/><W93/><G38/><T128/><D128/><U15/><E3/><V97/><F97/><W92/><REACH who="3" step="1"/><G32/><REACH who="3" ten="250,250,330,160" step="2"/><T103/><D33/><U55/><E41/><V6/><REACH who="2" step="1"/><F39/><REACH who="2" ten="250,250,320,160" step="2"/><W68/><G68/><T114/><D114/><U51/><E43/><V65/><F65/><W37/><G37/><T52/><D121/><U106/><E64/><V40/><F40/><W72/><G72/><T86/><D73/><U88/><E106/><V104/><F104/><W47/><G47/><T80/><D123/><U26/><E58/><V132/><F132/><W34/><G34/><T18/><D56/><U109/><E109/><V90/><F90/><W9/><G9/><T126/><D11/><N who="1" m="4583" /><E51/><V124/><F124/><W110/><G110/><T0/><D126/><U101/><E101/><V63/><F63/><W75/><G75/><T95/><D103/><U107/><E107/><V60/><F60/><W10/><G10/><RYUUKYOKU ba="0,2" sc="250,-30,250,10,320,10,160,10" hai1="23,26,28,29,31,48,55,57,82,88" hai2="5,6,7,13,14,22,27,44,49,53,81,84,91" hai3="8,12,19,21,25,62,67,71,74,77,83,92,93" /><INIT seed="1,1,2,4,3,108" ten="220,260,330,170" oya="1" hai0="65,48,123,104,11,89,71,18,17,30,33,2,45" hai1="32,59,77,87,29,36,88,57,103,42,100,22,44" hai2="56,5,7,8,62,76,13,6,9,19,75,24,118" hai3="129,122,101,38,39,131,23,134,96,81,91,58,107"/><U109/><E32/><V14/><F118/><W126/><G122/><T95/><D104/><U43/><E109/><V115/><F115/><W99/><G134/><T69/><D123/><U110/><E110/><V0/><F24/><W53/><G126/><T64/><D69/><U49/><E77/><V47/><F47/><W116/><G116/><T51/><D51/><U84/><E36/><V125/><F125/><W112/><G112/><T10/><D30/><U117/><E43/><V20/><F76/><W68/><G68/><T73/><D73/><U106/><E87/><V55/><F75/><W128/><G23/><T119/><D33/><U46/><E46/><V82/><F82/><W127/><G127/><T78/><D78/><U21/><E106/><V54/><F6/><W86/><REACH who="3" step="1"/><G99/><REACH who="3" ten="220,260,330,160" step="2"/><T130/><D71/><U16/><E21/><V26/><REACH who="2" step="1"/><F0/><REACH who="2" ten="220,260,320,160" step="2"/><W67/><G67/><AGARI ba="1,4" hai="5,7,8,9,13,14,19,20,26,54,55,56,62,67" machi="67" ten="30,8000,1" yaku="1,1,2,1,7,1,9,1,8,1,53,0" doraHai="108" doraHaiUra="72" who="2" fromWho="3" sc="220,0,260,0,320,123,160,-83" /><INIT seed="2,0,0,2,0,10" ten="220,260,443,77" oya="2" hai0="42,51,53,37,33,7,84,12,87,56,86,118,39" hai1="6,35,134,103,45,78,91,97,19,54,48,14,76" hai2="81,109,106,98,28,68,41,108,29,82,8,111,11" hai3="102,83,21,73,16,46,89,32,113,62,64,85,1"/><V124/><F68/><W114/><G32/><T115/><D115/><U65/><E35/><V74/><F41/><W69/><G1/><T107/><D107/><U43/><E134/><V26/><F29/><W93/><G46/><T60/><D33/><U79/><E65/><V92/><F106/><W27/><REACH who="3" step="1"/><G102/><REACH who="3" ten="220,260,443,67" step="2"/><T38/><D118/><U58/><E103/><V72/><F111/><W59/><G59/><T30/><D56/><U88/><E97/><V3/><F98/><W25/><G25/><T94/><D39/><U75/><E75/><V67/><F26/><W100/><G100/><T80/><D38/><U22/><REACH who="1" step="1"/><E6/><REACH who="1" ten="220,250,443,67" step="2"/><V133/><F74/><W125/><G125/><T63/><D7/><U9/><E9/><V20/><F11/><W66/><G66/><T31/><D86/><U135/><E135/><V122/><F8/><W24/><G24/><T126/><D87/><U18/><E18/><V119/><F72/><W105/><G105/><T130/><D84/><U0/><E0/><V77/><F3/><W70/><G70/><T112/><D126/><U34/><E34/><V128/><F67/><W47/><G47/><T49/><D31/><U36/><AGARI ba="0,2" hai="14,19,22,36,43,45,48,54,58,76,78,79,88,91" machi="36" ten="30,7900,0" yaku="1,1,0,1,52,1,54,1,53,0" doraHai="10" doraHaiUra="99" who="1" fromWho="1" sc="220,-20,250,99,443,-39,67,-20" /><INIT seed="3,0,0,4,5,21" ten="200,349,404,47" oya="3" hai0="67,55,4,18,15,1,22,0,132,120,117,59,73" hai1="100,57,84,107,71,7,93,83,80,86,33,34,128" hai2="127,20,94,124,12,35,31,43,75,92,113,30,135" hai3="91,96,14,104,112,47,133,2,46,126,60,114,76"/><W111/><G2/><T27/><D117/><U11/><E71/><V119/><F75/><W39/><G133/><T51/><D120/><U49/><E128/><V41/><F20/><W121/><G121/><T61/><D73/><U45/><E107/><V109/><F12/><W103/><G76/><T97/><D132/><U37/><E37/><V29/><F135/><W118/><G118/><T16/><D97/><U90/><E57/><V69/><F69/><W74/><G74/><T98/><D98/><U79/><E93/><N who="2" m="35947" /><F119/><W26/><G91/><T87/><D87/><U78/><E90/><V56/><F56/><W62/><G126/><N who="2" m="48169" /><F113/><W130/><G130/><T32/><D4/><U122/><E100/><V72/><F72/><W36/><G111/><T25/><D32/><U52/><REACH who="1" step="1"/><E122/><REACH who="1" ten="200,339,404,47" step="2"/><V40/><F109/><W88/><G88/><T77/><D77/><U125/><E125/><V102/><F102/><W54/><G39/><T108/><D59/><U19/><E19/><V5/><F5/><W134/><G36/><T10/><D18/><U123/><E123/><V115/><F115/><N who="3" m="44075" /><G134/><T129/><D129/><U50/><E50/><V23/><F23/><W44/><G60/><T6/><D61/><U63/><E63/><V110/><F110/><W24/><G62/><T8/><D108/><U89/><E89/><V85/><F35/><W17/><G54/><T58/><D67/><U68/><E68/><V106/><F106/><W66/><G66/><T105/><D105/><U99/><E99/><V82/><F40/><W42/><G42/><T81/><D81/><U131/><E131/><RYUUKYOKU ba="0,1" sc="200,0,339,0,404,0,47,0" hai0="0,1,6,8,10,15,16,22,25,27,51,55,58" hai1="7,11,33,34,45,49,52,78,79,80,83,84,86" hai2="29,30,31,41,43,82,85" hai3="14,17,24,26,44,46,47,96,103,104" /><INIT seed="3,1,1,5,3,120" ten="200,339,404,47" oya="3" hai0="100,76,129,63,77,62,55,69,29,42,119,110,127" hai1="132,112,5,115,121,102,28,50,49,23,18,13,53" hai2="12,86,99,94,81,135,68,130,108,32,123,66,43" hai3="37,105,82,41,14,70,25,30,78,87,39,98,40"/><W58/><G70/><T133/><D119/><U0/><E121/><V111/><F123/><W33/><G14/><T74/><D29/><U21/><E132/><V128/><F135/><W79/><G79/><T107/><D133/><U61/><E102/><V83/><F32/><W27/><G27/><T71/><D42/><U96/><E96/><V103/><F43/><W16/><G58/><T73/><D100/><U90/><E90/><V117/><F117/><W101/><REACH who="3" step="1"/><G16/><REACH who="3" ten="200,339,404,37" step="2"/><T51/><D77/><U118/><E18/><V4/><F12/><W59/><G59/><T54/><D76/><U7/><E13/><V116/><F116/><W89/><G89/><T36/><D69/><U47/><E118/><V20/><F4/><W88/><G88/><T64/><D71/><U72/><E7/><V38/><F68/><W22/><G22/><T31/><D31/><U3/><E21/><V124/><F20/><W57/><G57/><T97/><D74/><U11/><E72/><V104/><F66/><W9/><G9/><T10/><D73/><U109/><E11/><V8/><F8/><W92/><G92/><T1/><D64/><U45/><E5/><V48/><F94/><W6/><G6/><T122/><D10/><U2/><E23/><V126/><F103/><W46/><G46/><T56/><D56/><N who="1" m="34959" /><E28/><V106/><F83/><W67/><G67/><T65/><D65/><U113/><E45/><V26/><F81/><W44/><G44/><T131/><D122/><U95/><E95/><V75/><F75/><W84/><G84/><T35/><D62/><U85/><E85/><RYUUKYOKU ba="1,2" sc="200,-10,339,-10,404,-10,37,30" hai3="25,30,33,37,39,40,41,78,82,87,98,101,105" /><INIT seed="3,2,2,5,3,119" ten="190,329,394,67" oya="3" hai0="74,88,103,101,18,111,113,10,59,83,20,73,23" hai1="79,42,118,86,96,55,114,80,108,109,65,50,135" hai2="105,126,95,8,98,92,61,128,71,48,60,13,47" hai3="54,26,82,70,69,67,33,16,64,72,130,45,9"/><W110/><G130/><T3/><D111/><N who="1" m="42571" /><E114/><V1/><F1/><W21/><G110/><T63/><D113/><U41/><E118/><V123/><F128/><W24/><G9/><T115/><D115/><U38/><E38/><V81/><F105/><W17/><G54/><T53/><D74/><U107/><E65/><V11/><F71/><W12/><G45/><T40/><D40/><U100/><E135/><V6/><F11/><W112/><G112/><T127/><D127/><U22/><E22/><V134/><F126/><W49/><G49/><T44/><D44/><AGARI ba="2,2" hai="41,42,44,50,55,79,80,86,96,100,107" m="42571" machi="44" ten="30,1000,0" yaku="14,1" doraHai="119" who="1" fromWho="0" sc="190,-16,329,36,394,0,67,0" /><INIT seed="4,0,0,0,2,30" ten="174,365,394,67" oya="0" hai0="19,48,109,97,61,41,121,34,93,4,75,71,103" hai1="94,87,125,23,17,9,86,40,130,63,43,35,14" hai2="7,89,49,83,55,131,0,92,128,119,129,58,111" hai3="85,27,44,80,25,31,118,110,102,95,22,126,81"/><T11/><D121/><U62/><E130/><V115/><F111/><W10/><G110/><T20/><D75/><U26/><E125/><V39/><F39/><W56/><G118/><T69/><D109/><U133/><E133/><V21/><F83/><W59/><G126/><T78/><D78/><U33/><E43/><V28/><F115/><W117/><G117/><T1/><D61/><U79/><E40/><V18/><F28/><W74/><G74/><T67/><D67/><U54/><E86/><V16/><F119/><W13/><G44/><T98/><D34/><U84/><E87/><V36/><F36/><W123/><G123/><T5/><D5/><U101/><E101/><V45/><F45/><W24/><G24/><T70/><D48/><U65/><E54/><V112/><F112/><W134/><G134/><T32/><D41/><U90/><E79/><V82/><F82/><W76/><G27/><T114/><D97/><U3/><E3/><V88/><F21/><W51/><G51/><T12/><D32/><U135/><E62/><V116/><F116/><W73/><G95/><T57/><D57/><U68/><REACH who="1" step="1"/><E135/><REACH who="1" ten="174,355,394,67" step="2"/><V72/><F72/><W99/><G102/><T105/><REACH who="0" step="1"/><D114/><REACH who="0" ten="164,355,394,67" step="2"/><U37/><E37/><V107/><F131/><W50/><G99/><T113/><D113/><U53/><E53/><V29/><F129/><W104/><G76/><T91/><D91/><U108/><E108/><V122/><F128/><W106/><G85/><T120/><D120/><U46/><E46/><N who="2" m="28087" /><F122/><W124/><G73/><T96/><D96/><U64/><E64/><V127/><F89/><RYUUKYOKU ba="0,2" sc="164,15,355,15,394,-15,67,-15" hai0="1,4,11,12,19,20,69,70,71,93,98,103,105" hai1="9,14,17,23,26,33,35,63,65,68,84,90,94" /><INIT seed="4,1,2,1,3,89" ten="179,370,379,52" oya="0" hai0="26,86,109,40,56,7,47,77,57,9,75,126,24" hai1="106,44,87,129,80,132,39,60,92,61,119,84,65" hai2="78,59,32,64,73,45,85,99,93,102,21,38,74" hai3="68,133,88,69,114,108,42,121,117,2,97,20,123"/><T110/><D126/><U1/><E119/><V15/><F32/><W17/><G108/><N who="0" m="41579" /><D75/><U118/><E106/><V36/><F74/><W51/><G117/><T18/><D86/><U50/><E1/><V29/><F73/><W96/><G2/><N who="0" m="247" /><D77/><U104/><E104/><V10/><F45/><N who="3" m="26039" /><G114/><T124/><D124/><U11/><E39/><V71/><F71/><W49/><G133/><T125/><D125/><U122/><E132/><V120/><F120/><N who="3" m="46155" /><G49/><N who="0" m="26855" /><D24/><U58/><E118/><V37/><F78/><W79/><G79/><T43/><D43/><U14/><E84/><V30/><F85/><W113/><G113/><T112/><D112/><U33/><E80/><V6/><REACH who="2" step="1"/><F21/><AGARI ba="1,2" hai="18,21,26,56,57" m="26855,247,41579" machi="21" ten="30,1500,0" yaku="10,1" doraHai="89" who="0" fromWho="2" sc="179,38,370,0,379,-18,52,0" /><INIT seed="4,2,0,3,4,26" ten="217,370,361,52" oya="0" hai0="105,13,15,91,10,25,36,51,84,11,2,19,35" hai1="107,65,56,135,83,69,53,126,108,118,85,48,3" hai2="115,96,134,78,27,113,66,67,104,9,49,120,131" hai3="117,7,94,99,16,50,112,95,34,6,98,62,97"/><T111/><D36/><U114/><E118/><V24/><F120/><W0/><G117/><T121/><D121/><U116/><E116/><V61/><F78/><W132/><G34/><T17/><D105/><U39/><E108/><V103/><F131/><W109/><G109/><T79/><D2/><U76/><E135/><V59/><F134/><W89/><G132/><T75/><D111/><U124/><E3/><V57/><F9/><W12/><G112/><N who="2" m="43081" /><F49/><W22/><G62/><AGARI ba="2,0" hai="24,27,57,59,61,62,66,67,96,103,104" m="43081" machi="62" ten="30,1000,0" yaku="15,1" doraHai="26" who="2" fromWho="3" sc="217,0,370,0,361,16,52,-16" /><INIT seed="5,0,0,5,2,96" ten="217,370,377,36" oya="1" hai0="127,80,115,125,74,48,118,44,117,22,21,100,108" hai1="30,39,69,90,32,24,132,102,57,28,114,42,23" hai2="129,75,64,16,89,135,29,9,1,45,63,85,111" hai3="15,53,76,92,104,50,107,31,93,11,10,40,6"/><U51/><E114/><V133/><F75/><W103/><G40/><T130/><D108/><U73/><E69/><V14/><F111/><W81/><G31/><T95/><D115/><U101/><E73/><V67/><F129/><W20/><G20/><T58/><D130/><U105/><E105/><V62/><F29/><W72/><G104/><T78/><D58/><U52/><E132/><N who="2" m="50763" /><F1/><W19/><G107/><T86/><D21/><U61/><E39/><V59/><F45/><W70/><G70/><T83/><D22/><N who="1" m="15383" /><E90/><V106/><F106/><W4/><G19/><T124/><D48/><U88/><E32/><V60/><F67/><W112/><G112/><T79/><D44/><N who="1" m="26007" /><E88/><V120/><F120/><W131/><G131/><T25/><D25/><AGARI ba="0,0" hai="23,25,30,52,57,61,101,102" m="26007,15383" machi="25" ten="30,11600,0" yaku="8,1,52,2,54,1" doraHai="96" who="1" fromWho="0" sc="217,-116,370,116,377,0,36,0" /><INIT seed="5,1,0,5,5,99" ten="101,486,377,36" oya="1" hai0="11,79,61,22,86,89,20,26,53,85,114,134,59" hai1="75,27,108,30,35,76,69,105,18,23,103,9,67" hai2="21,106,32,83,19,118,24,132,126,55,92,82,101" hai3="64,120,71,5,50,80,47,78,1,48,96,109,94"/><U40/><E108/><V107/><F118/><W12/><G109/><T135/><D114/><U25/><E40/><V93/><F32/><W28/><G120/><T90/><D11/><U111/><E9/><V4/><F4/><W113/><G113/><T133/><D79/><U34/><E111/><V131/><F126/><W10/><G28/><T60/><D60/><U112/><E35/><V87/><F131/><W33/><G33/><T72/><D72/><U95/><E95/><V81/><F132/><W29/><G29/><T70/><D70/><U7/><E7/><V31/><F31/><W121/><G121/><T38/><D38/><U8/><E8/><V3/><F3/><W58/><G71/><T2/><D2/><U52/><E52/><V16/><F19/><W37/><G58/><T39/><D39/><U62/><E112/><V73/><F73/><W98/><G64/><T6/><D6/><U45/><E75/><V14/><F24/><W77/><G77/><T43/><D43/><U13/><E76/><V102/><F55/><W42/><G12/><T65/><D26/><N who="1" m="18775" /><E45/><V66/><F66/><W117/><G117/><T122/><D122/><U54/><E54/><V88/><REACH who="2" step="1"/><F92/><REACH who="2" ten="101,486,367,36" step="2"/><W115/><G115/><T57/><D65/><U100/><E105/><AGARI ba="1,1" hai="14,16,21,81,82,83,87,88,93,101,102,105,106,107" machi="105" ten="40,12000,2" yaku="1,1,2,1,52,2,54,2,53,0" doraHai="99" doraHaiUra="110" who="2" fromWho="1" sc="101,0,486,-123,367,133,36,0" /><INIT seed="6,0,0,2,5,78" ten="101,363,500,36" oya="2" hai0="0,31,16,52,84,24,94,61,51,64,34,96,1" hai1="26,75,107,14,20,35,42,123,2,25,59,32,85" hai2="6,38,67,53,68,55,100,91,89,47,50,86,41" hai3="104,49,88,120,99,39,69,119,15,129,3,82,43"/><V114/><F114/><W30/><G119/><T10/><D84/><U36/><E75/><V66/><F100/><W8/><G120/><T124/><D124/><U93/><E107/><V5/><F55/><W33/><G3/><T117/><D117/><U122/><E2/><V74/><F74/><W133/><G69/><T83/><D83/><U37/><E14/><V113/><F91/><W127/><G127/><T9/><D9/><U112/><E112/><V103/><F103/><W63/><G39/><T102/><D16/><N who="1" m="12423" /><E42/><V23/><F23/><W40/><G104/><T21/><D10/><U77/><E59/><V22/><F22/><W76/><G129/><T105/><D94/><U71/><E71/><V73/><F73/><W132/><G63/><T7/><D7/><U70/><E70/><V11/><F113/><W121/><G121/><N who="1" m="46090" /><E93/><V79/><F79/><W134/><G49/><T62/><D62/><U56/><E56/><V13/><F6/><N who="3" m="3479" /><G30/><T116/><D116/><U135/><E135/><V97/><F68/><W111/><G111/><T58/><D34/><N who="1" m="12843" /><E26/><V115/><F115/><W72/><G33/><T131/><D131/><U54/><E54/><V48/><F38/><W28/><G28/><T87/><D0/><U108/><E108/><V98/><F53/><W12/><G12/><T60/><D1/><U44/><E44/><V65/><F50/><W57/><G57/><N who="0" m="36879" /><D51/><U95/><E95/><AGARI ba="0,0" hai="5,11,13,41,47,48,65,66,67,86,89,95,97,98" machi="95" ten="40,2000,0" yaku="8,1" doraHai="78" who="2" fromWho="1" sc="101,0,363,-20,500,20,36,0" /><AGARI ba="0,0" hai="40,43,72,76,82,88,95,99,132,133,134" m="3479" machi="95" ten="30,3900,0" yaku="20,1,52,1,54,1" doraHai="78" who="3" fromWho="1" sc="101,0,343,-39,520,0,36,39" /><INIT seed="6,1,0,4,0,45" ten="101,304,520,75" oya="2" hai0="32,29,89,46,114,104,67,23,90,59,98,66,34" hai1="110,133,10,93,85,107,99,88,24,31,109,60,120" hai2="33,40,12,97,73,9,56,11,63,96,81,42,102" hai3="14,50,62,115,125,116,0,43,87,130,68,122,16"/><V78/><F33/><W6/><G116/><T113/><D23/><U27/><E120/><V77/><F77/><W17/><G122/><T52/><D46/><U22/><E133/><V15/><F96/><W64/><G0/><T28/><D98/><U95/><E107/><V100/><F100/><W127/><G130/><T84/><D104/><U19/><E60/><V135/><F15/><W35/><G35/><T92/><D32/><U121/><E121/><V129/><F9/><N who="3" m="4407" /><G87/><T70/><D90/><U1/><E1/><V8/><F8/><W44/><G115/><N who="0" m="44043" /><D70/><U49/><E10/><V132/><F129/><W118/><G118/><T5/><D5/><U101/><E49/><V2/><F2/><W7/><G7/><T13/><D13/><U65/><E65/><N who="0" m="24585" /><D34/><AGARI ba="1,0" hai="19,22,24,27,31,34,85,88,93,95,99,101,109,110" machi="34" ten="30,2000,0" yaku="7,1,54,1" doraHai="45" who="1" fromWho="0" sc="101,-23,304,23,520,0,75,0" /><INIT seed="7,0,0,0,1,83" ten="78,327,520,75" oya="3" hai0="80,134,12,70,122,128,15,30,64,23,53,65,95" hai1="118,25,41,22,33,121,24,98,92,105,9,4,123" hai2="58,75,74,67,85,61,19,57,36,18,90,115,68" hai3="50,37,77,26,116,99,6,87,43,48,81,110,127"/><W39/><G116/><T88/><D122/><U113/><E105/><V104/><F36/><W2/><G127/><T125/><D128/><U96/><E113/><V103/><F115/><W79/><G110/><T112/><D134/><U130/><E130/><V28/><F28/><W76/><G99/><N who="0" m="57831" /><D70/><U3/><E96/><V49/><F103/><W5/><G26/><N who="0" m="16735" /><D112/><U55/><E41/><V111/><F104/><W45/><G37/><T16/><D12/><U89/><E118/><V17/><F111/><W117/><G117/><T31/><D31/><U35/><E24/><V66/><F68/><W119/><G119/><T84/><D53/><U7/><E7/><V29/><F29/><W94/><G94/><T34/><D34/><U21/><E33/><V52/><REACH who="2" step="1"/><F66/><REACH who="2" ten="78,327,510,75" step="2"/><W63/><G63/><T107/><D107/><U42/><E42/><V40/><F40/><W46/><G39/><T13/><D65/><U60/><E60/><V20/><F20/><W131/><G131/><T126/><D64/><U93/><E92/><AGARI ba="0,1" hai="17,18,19,49,52,57,58,61,67,74,75,85,90,92" machi="92" ten="40,5200,0" yaku="1,1,52,1,54,1,53,0" doraHai="83" doraHaiUra="69" who="2" fromWho="1" sc="78,0,327,-52,510,62,75,0" owari="78,-32.0,275,8.0,572,66.0,75,-42.0" /></mjloggm>