<mjloggm ver="2.3"><GO type="169" lobby="0"/><UN n0="%6B%6F%74%61%6B%6F%74%61" n1="%6E%69%6B%6B%61%31%31%38" n2="%E3%81%8D%E3%82%88%E3%81%97%E3%81%BE%E3%82%8B" n3="%E7%A5%9E%E7%AE%97%E9%AC%BC%E8%AC%80%E3%81%AE%E6%A5%B5%E3%81%BF" dan="16,16,16,17" rate="2102.93,2055.23,2108.68,2175.76" sx="M,M,F,M"/><TAIKYOKU oya="0"/><INIT seed="0,0,0,1,0,11" ten="250,250,250,250" oya="0" hai0="57,123,35,122,76,83,31,126,2,92,115,70,93" hai1="81,117,114,48,36,68,34,61,105,71,51,75,78" hai2="8,106,121,100,23,14,4,41,102,9,17,82,15" hai3="0,111,7,96,130,135,120,5,58,116,77,109,50"/><T90/><D115/><U133/><E36/><V79/><F121/><W39/><G116/><T26/><D70/><U44/><E117/><V30/><F106/><W99/><G39/><T16/><D2/><U80/><E34/><V20/><F41/><W12/><G0/><T97/><D126/><U24/><E105/><V131/><F131/><W104/><G130/><T6/><D6/><U112/><E24/><N who="2" m="16647" /><F23/><W98/><G135/><T62/><D92/><U56/><E75/><V49/><F49/><W73/><G104/><T128/><D128/><U27/><E27/><V94/><F94/><W125/><G125/><T69/><D69/><U25/><E25/><V55/><F55/><W132/><G132/><T127/><D127/><U118/><E44/><V19/><F19/><W108/><G120/><T42/><D42/><U124/><E118/><V64/><F64/><W29/><G29/><T107/><D107/><U21/><E124/><V59/><F59/><W95/><G5/><T22/><D31/><U52/><E21/><V47/><F47/><W3/><G3/><T67/><REACH who="0" step="1"/><D35/><REACH who="0" ten="240,250,250,250" step="2"/><U74/><E133/><V84/><AGARI ba="0,1" hai="4,8,9,14,15,17,79,82,84,100,102" m="16647" machi="84" ten="30,4000,0" yaku="8,1,52,2" doraHai="11" who="2" fromWho="2" sc="240,-20,250,-10,250,50,250,-10" /><INIT seed="1,0,0,1,3,68" ten="220,240,300,240" oya="1" hai0="71,3,113,92,46,23,37,133,5,76,85,102,70" hai1="73,51,78,47,15,54,121,12,21,87,86,31,53" hai2="13,97,108,80,105,128,75,43,95,10,74,129,67" hai3="127,0,27,56,34,20,110,131,26,79,111,123,90"/><U35/><E35/><V40/><F105/><W55/><G79/><T30/><D113/><U94/><E73/><V130/><F67/><W4/><G123/><T100/><D133/><U29/><E121/><V6/><F108/><W16/><G131/><T104/><D30/><U38/><E78/><N who="2" m="44119" /><F75/><W83/><G127/><T88/><D76/><U84/><E94/><V124/><F124/><W93/><G83/><T61/><D23/><U115/><E115/><V2/><F2/><W122/><G122/><T106/><D106/><U49/><E38/><V1/><F1/><W19/><G4/><T42/><D61/><U118/><E118/><V45/><F45/><W50/><G0/><T101/><REACH who="0" step="1"/><D104/><REACH who="0" ten="210,240,300,240" step="2"/><U134/><E134/><V135/><F135/><W114/><G114/><T63/><D63/><U107/><E107/><V119/><F119/><W57/><G34/><T33/><D33/><U48/><E21/><V25/><F25/><W81/><G27/><T39/><D39/><U82/><E82/><V28/><F28/><N who="1" m="10825" /><E47/><V77/><F77/><W44/><G81/><T89/><D89/><AGARI ba="0,1" hai="6,10,13,40,43,89,95,97,128,129,130" m="44119" machi="89" ten="30,1000,0" yaku="19,1" doraHai="68" who="2" fromWho="0" sc="210,-10,240,0,300,20,240,0" /><INIT seed="2,0,0,4,4,73" ten="200,240,320,240" oya="2" hai0="34,51,39,0,94,93,60,33,41,117,52,100,81" hai1="111,68,4,12,118,95,112,49,15,71,88,67,29" hai2="79,65,107,119,46,54,129,134,7,28,101,74,27" hai3="78,59,45,122,48,98,109,99,123,21,42,90,63"/><V133/><F119/><W55/><G109/><T91/><D117/><U97/><E111/><V19/><F7/><W50/><G122/><T31/><D0/><U58/><E112/><V72/><F65/><W66/><G123/><T126/><D126/><U47/><E29/><V92/><F107/><W70/><G21/><T6/><D6/><U35/><E35/><V17/><F129/><W132/><G132/><N who="2" m="50793" /><F74/><W25/><G25/><T125/><D125/><U83/><E68/><V56/><F46/><W62/><G62/><T64/><D60/><U87/><E71/><V37/><F37/><W13/><G13/><T106/><D64/><U80/><E4/><V128/><F128/><W120/><G120/><T110/><D106/><U44/><E67/><V10/><F10/><W5/><G5/><T20/><D39/><U36/><E58/><V77/><F72/><W30/><G30/><T32/><D31/><U127/><E127/><V130/><F130/><W84/><G70/><T3/><D110/><U43/><E118/><V102/><F17/><W104/><G104/><T114/><D3/><U26/><E44/><V69/><F19/><W18/><G18/><T40/><D114/><U89/><E36/><V75/><F75/><W57/><G66/><T1/><D1/><U53/><E43/><V135/><F135/><W115/><G115/><T96/><D41/><U11/><E11/><V8/><F8/><W116/><G42/><T61/><D40/><U113/><E113/><V103/><F92/><N who="3" m="54343" /><G116/><T22/><D94/><N who="1" m="56519" /><E26/><V108/><F108/><W24/><G24/><T2/><D2/><RYUUKYOKU ba="0,0" sc="200,-10,240,30,320,-10,240,-10" hai1="12,15,47,49,53,80,83,87,89,95" /><INIT seed="3,1,0,0,0,84" ten="190,270,310,230" oya="3" hai0="25,67,7,26,88,56,14,129,60,105,95,9,92" hai1="31,22,83,30,47,93,21,19,37,108,36,75,65" hai2="4,48,99,51,66,127,54,28,43,107,64,15,85" hai3="118,57,133,24,49,44,111,18,130,122,40,68,8"/><W121/><G118/><T113/><D105/><U87/><E108/><V94/><F107/><W13/><G68/><T132/><D132/><U52/><E65/><N who="2" m="25195" /><F85/><W2/><G130/><T98/><D129/><U81/><E75/><V91/><F43/><W131/><G131/><T79/><D113/><U120/><E36/><V106/><F106/><W0/><G133/><T27/><D95/><U100/><E37/><V34/><F34/><W128/><G111/><T112/><D112/><U115/><E120/><V53/><F28/><W116/><G116/><T63/><D63/><U109/><E109/><V6/><F127/><W59/><G128/><T70/><REACH who="0" step="1"/><D79/><REACH who="0" ten="180,270,310,230" step="2"/><U35/><E93/><V58/><F15/><W123/><REACH who="3" step="1"/><G24/><REACH who="3" ten="180,270,310,220" step="2"/><T104/><D104/><U33/><E115/><V69/><F69/><AGARI ba="1,2" hai="7,9,14,25,26,27,56,60,67,69,70,88,92,98" machi="69" ten="40,8000,1" yaku="1,1,52,1,54,1,53,1" doraHai="84" doraHaiUra="55" who="0" fromWho="2" sc="180,103,270,0,310,-83,220,0" /><INIT seed="4,0,0,1,2,22" ten="283,270,227,220" oya="0" hai0="32,97,69,131,41,108,86,84,14,78,82,120,96" hai1="132,58,40,24,95,102,122,25,11,19,133,51,9" hai2="113,64,17,56,53,91,59,88,50,76,92,31,1" hai3="115,116,85,57,114,43,37,124,15,44,27,125,48"/><T3/><D120/><U135/><E122/><V130/><F1/><W93/><G15/><T126/><D3/><U55/><E40/><V70/><F113/><N who="3" m="43019" /><G85/><T77/><D69/><U12/><E11/><V75/><F130/><W62/><G93/><T83/><D126/><N who="3" m="48745" /><G27/><T4/><D108/><U99/><AGARI ba="0,0" hai="9,12,19,24,25,51,55,58,95,99,102,132,133,135" machi="99" ten="40,8000,1" yaku="0,1,20,1,52,2" doraHai="22" who="1" fromWho="1" sc="283,-40,270,80,227,-20,220,-20" /><INIT seed="5,0,0,2,0,80" ten="243,350,207,200" oya="1" hai0="126,54,84,113,114,89,0,28,132,116,37,65,53" hai1="97,26,58,13,86,78,70,127,105,107,118,46,41" hai2="43,12,90,27,66,40,14,95,104,74,33,120,91" hai3="79,50,73,6,71,22,103,109,121,117,59,115,68"/><U19/><E127/><V131/><F120/><W38/><G121/><T111/><D116/><U4/><E70/><V11/><F104/><W45/><G109/><T122/><D122/><U56/><E107/><V69/><F74/><W98/><G115/><N who="0" m="44043" /><D132/><U30/><E4/><V16/><F131/><W1/><G117/><T123/><D123/><U52/><E105/><V18/><F90/><W5/><G59/><T8/><D37/><U94/><E41/><V10/><F69/><W23/><G38/><T124/><D28/><U106/><E106/><V32/><F66/><W85/><G73/><T42/><D42/><U51/><E118/><V87/><F33/><W88/><G79/><T36/><D65/><U62/><E62/><V64/><F64/><W21/><G1/><T25/><D25/><U60/><E60/><V39/><F39/><W129/><G129/><T75/><D75/><U125/><E26/><V29/><AGARI ba="0,0" hai="10,11,12,14,16,18,27,29,32,40,43,87,91,95" machi="29" ten="30,7900,0" yaku="0,1,9,1,52,1,54,1" doraHai="80" who="2" fromWho="2" sc="243,-20,350,-39,207,79,200,-20" /><INIT seed="6,0,0,2,3,72" ten="223,311,286,180" oya="2" hai0="106,82,76,111,63,58,103,92,11,25,133,96,33" hai1="47,127,38,135,123,44,118,40,113,23,32,10,108" hai2="70,100,1,49,121,126,112,102,107,12,24,84,6" hai3="56,86,2,16,104,117,99,105,57,87,62,67,109"/><V4/><F121/><W125/><G2/><T101/><D133/><U28/><E32/><V29/><F70/><W7/><G7/><T73/><D111/><U0/><E123/><V22/><F1/><W3/><G3/><T124/><D124/><U5/><E135/><V85/><F126/><W13/><G117/><T53/><D11/><U41/><E118/><V114/><F49/><W79/><G109/><T18/><D18/><U55/><E113/><N who="2" m="43627" /><F107/><W17/><G125/><T93/><REACH who="0" step="1"/><D103/><REACH who="0" ten="213,311,286,180" step="2"/><U51/><E108/><V59/><F102/><W77/><G13/><T91/><D91/><U68/><E127/><V88/><F100/><W69/><G69/><T64/><D64/><U30/><E68/><V61/><F12/><W131/><G131/><T9/><D9/><U71/><E71/><V14/><F14/><W8/><G8/><T120/><D120/><U15/><E15/><V19/><F19/><W89/><G89/><T134/><D134/><U119/><E119/><V115/><F115/><W42/><G67/><T74/><D74/><U83/><E10/><V39/><F85/><W116/><G116/><T52/><D52/><U31/><E0/><V94/><F39/><W78/><G99/><T36/><D36/><U90/><E5/><V110/><F110/><W48/><G16/><T43/><D43/><U130/><E130/><V46/><F46/><W45/><G17/><T20/><D20/><U66/><E23/><V81/><F81/><W80/><G56/><T27/><D27/><U132/><E132/><V95/><F95/><W54/><G80/><T35/><D35/><RYUUKYOKU ba="0,1" sc="213,10,311,-30,286,10,180,10" hai0="25,33,53,58,63,73,76,82,92,93,96,101,106" hai2="4,6,22,24,29,59,61,84,88,94" hai3="42,45,48,54,57,62,77,78,79,86,87,104,105" /><INIT seed="6,1,1,3,1,54" ten="223,281,296,190" oya="2" hai0="9,110,45,49,26,118,44,135,113,63,107,64,15" hai1="56,83,128,87,7,112,22,75,35,8,32,16,120" hai2="104,55,2,68,92,60,97,74,4,50,5,90,65" hai3="130,40,109,115,10,99,62,119,85,134,33,13,46"/><V69/><F69/><W131/><G33/><T117/><D110/><U38/><E75/><V122/><F122/><W78/><G119/><N who="0" m="45579" /><D107/><U82/><E38/><V84/><F2/><W42/><G109/><T114/><D135/><U57/><E128/><N who="3" m="49194" /><G99/><T47/><D26/><U102/><E102/><V52/><F74/><W91/><G78/><T29/><D29/><U17/><E112/><N who="0" m="43113" /><D15/><U88/><E120/><V37/><F55/><W124/><G115/><T18/><D18/><U70/><E70/><V133/><F37/><W77/><G77/><T111/><D9/><U71/><E71/><V6/><F133/><W19/><G134/><T94/><D94/><U96/><E96/><V36/><F36/><W108/><G108/><T79/><D79/><U105/><E105/><V25/><F25/><W76/><G76/><T39/><D39/><U11/><E7/><V51/><F51/><W24/><G24/><T23/><D23/><U80/><E80/><V95/><F104/><W0/><G0/><T101/><D101/><U48/><E48/><V89/><REACH who="2" step="1"/><F4/><REACH who="2" ten="223,281,286,190" step="2"/><W116/><G116/><T106/><D106/><U31/><E35/><V12/><F12/><W98/><G13/><T125/><D111/><U14/><E14/><V66/><F66/><W67/><G67/><T58/><D125/><U73/><E32/><V86/><F86/><W43/><G85/><T93/><D93/><U21/><E87/><V41/><F41/><AGARI ba="1,2" hai="41,44,45,47,49,58,63,64" m="43113,45579" machi="41" ten="30,8000,1" yaku="12,1,15,1,34,2,52,1" doraHai="54" who="0" fromWho="2" sc="223,103,281,0,286,-83,190,0" /><INIT seed="7,0,0,3,4,7" ten="326,281,203,190" oya="3" hai0="15,6,85,109,77,12,22,0,100,110,34,130,18" hai1="61,98,23,94,45,57,134,1,46,128,133,114,28" hai2="21,78,20,65,87,10,104,48,51,112,60,101,62" hai3="44,70,117,68,79,36,49,127,84,75,30,116,2"/><W59/><G30/><T73/><D73/><U8/><E114/><V47/><F112/><W92/><G2/><T126/><D100/><U13/><E1/><V129/><F129/><W95/><G75/><T105/><D105/><U93/><E128/><V14/><F104/><W123/><G79/><T41/><D130/><U132/><E28/><V72/><F101/><W55/><G123/><T119/><D119/><N who="3" m="45641" /><G84/><T108/><D41/><U86/><E23/><N who="2" m="8779" /><F72/><W43/><G95/><N who="1" m="36362" /><E86/><V9/><F9/><W113/><G92/><T91/><D85/><U71/><E71/><N who="3" m="27178" /><G113/><T124/><D0/><U40/><E40/><N who="2" m="24679" /><F65/><W31/><G31/><T97/><D109/><U53/><E98/><V76/><F51/><N who="3" m="31231" /><G127/><T82/><D124/><U35/><E35/><V80/><F76/><W39/><AGARI ba="0,0" hai="36,39,43,44,49" m="31231,27178,45641" machi="39" ten="40,3900,0" yaku="34,2" doraHai="7" who="3" fromWho="3" sc="326,-13,281,-13,203,-13,190,39" /><INIT seed="7,1,0,3,3,87" ten="313,268,190,229" oya="3" hai0="78,8,100,134,19,105,37,91,5,112,20,15,29" hai1="63,27,59,31,102,55,56,10,75,110,118,33,77" hai2="6,67,45,116,34,95,124,16,117,43,3,41,99" hai3="130,26,65,28,44,60,97,13,36,61,86,88,47"/><W7/><G36/><T80/><D37/><U70/><E70/><V23/><F34/><W74/><G74/><T22/><D91/><U92/><E118/><V12/><F124/><W120/><G97/><T93/><D93/><U85/><E110/><V101/><F43/><W84/><G84/><T1/><D22/><U79/><E10/><V90/><F67/><W51/><G120/><T24/><D100/><U30/><E102/><V4/><F3/><W73/><G73/><T38/><D105/><U11/><E11/><V108/><F108/><W14/><G7/><T42/><D112/><U126/><E126/><V135/><F135/><W109/><G130/><T18/><D134/><U57/><E57/><V106/><F117/><W62/><G65/><T66/><D15/><N who="3" m="5641" /><G51/><T52/><D66/><U71/><E71/><V131/><F131/><W81/><G109/><T40/><D38/><U104/><E104/><V128/><F128/><W50/><G50/><T25/><D5/><N who="2" m="2154" /><F106/><W114/><G114/><T17/><D1/><U48/><E75/><V54/><F41/><W46/><G26/><T133/><D25/><U32/><E27/><V64/><F64/><W89/><G28/><N who="1" m="10794" /><E33/><V58/><F116/><W115/><G115/><T39/><D133/><U111/><E32/><V103/><F45/><W83/><G83/><T127/><D127/><U123/><E123/><V35/><F35/><W68/><G68/><T53/><D39/><U98/><E111/><V119/><F119/><W107/><G107/><T113/><D113/><U2/><E2/><V132/><F132/><W9/><G9/><RYUUKYOKU ba="1,0" sc="313,-15,268,-15,190,15,229,15" hai2="12,16,23,54,58,90,95,99,101,103" hai3="44,46,47,60,61,62,81,86,88,89" /><INIT seed="7,2,0,1,1,109" ten="298,253,205,244" oya="3" hai0="106,36,122,110,35,97,80,84,98,23,57,1,64" hai1="107,49,42,46,4,132,33,78,21,20,105,16,131" hai2="24,32,108,115,90,9,14,10,47,116,37,121,91" hai3="125,92,89,39,127,43,96,56,51,63,41,71,18"/><W119/><G119/><T120/><D35/><U123/><E33/><V77/><F108/><W128/><G71/><T26/><D110/><U38/><E131/><V134/><F116/><W88/><G39/><T59/><D1/><U58/><E132/><V62/><F134/><W111/><G128/><T82/><D36/><U79/><E4/><V19/><F121/><W25/><G89/><T100/><D97/><U117/><E117/><V28/><F77/><W3/><G3/><T101/><D101/><U70/><E70/><V133/><F133/><W60/><G60/><T0/><D82/><U99/><E21/><V52/><F115/><W27/><G111/><T29/><D0/><U129/><E129/><V112/><F112/><W17/><G27/><T114/><D114/><U55/><E123/><V31/><F31/><W75/><G75/><T102/><D102/><U85/><E85/><V126/><F126/><N who="3" m="48139" /><G51/><T95/><D106/><U87/><E87/><V7/><F37/><W66/><G25/><T69/><D69/><U73/><E73/><V118/><F118/><W15/><G17/><T104/><D120/><U93/><E107/><V74/><F74/><W30/><G30/><T65/><D104/><U45/><E105/><V76/><F76/><W103/><G103/><T61/><D122/><U8/><E79/><V94/><F94/><W13/><G13/><T2/><D2/><U81/><E78/><V135/><F135/><W6/><G6/><T67/><D61/><U72/><E81/><V34/><F34/><W130/><G130/><T22/><D80/><U113/><E72/><RYUUKYOKU ba="2,0" sc="298,-10,253,-10,205,-10,244,30" hai3="15,18,41,43,56,63,66,88,92,96" /><INIT seed="7,3,0,5,1,114" ten="288,243,195,274" oya="3" hai0="8,76,121,79,102,89,16,83,73,86,42,37,101" hai1="13,100,97,21,116,26,72,18,109,34,24,2,135" hai2="64,1,51,30,123,118,9,25,108,7,96,62,47" hai3="131,14,126,40,87,81,113,6,58,39,112,19,59"/><W84/><G6/><T20/><D121/><U44/><E72/><V75/><F108/><W74/><G74/><T61/><D37/><U115/><E109/><V99/><F75/><W120/><G120/><T38/><D38/><U53/><E2/><V29/><F123/><W122/><G122/><T45/><D8/><U10/><E135/><V132/><F132/><W127/><G39/><T15/><D61/><U103/><E115/><N who="3" m="44106" /><G40/><T110/><D110/><U57/><E116/><V22/><F30/><W60/><G131/><T63/><D63/><U23/><E34/><V50/><F118/><W130/><G130/><T55/><D42/><U36/><E44/><V33/><F33/><W94/><G94/><T43/><D43/><U46/><E46/><V95/><F47/><W49/><G49/><N who="0" m="29103" /><D73/><U28/><E97/><V27/><F27/><W52/><G58/><T65/><D65/><U70/><E70/><V77/><F77/><AGARI ba="3,0" hai="15,16,20,76,77,79,83,86,89,101,102" m="29103" machi="77" ten="30,2000,0" yaku="8,1,54,1" doraHai="114" who="0" fromWho="2" sc="288,29,243,0,195,-29,274,0" owari="317,42.0,243,-16.0,166,-33.0,274,7.0" /></mjloggm>