<mjloggm ver="2.3"><GO type="169" lobby="0"/><UN n0="%E5%BA%83%E5%B3%B6%E3%81%AE%E7%A8%AE%E9%A6%AC" n1="%6D%73%E3%82%80%E3%83%BC%E3%81%95%E3%82%93" n2="%E6%BB%9D%E6%9C%AC%E3%81%B2%E3%81%B5%E3%81%BF%EF%BC%81" n3="%28%E6%A0%97%E7%94%B0%E6%81%AD%E5%AE%8F%29" dan="18,16,16,16" rate="2276.21,2145.16,2129.98,2167.12" sx="M,M,M,F"/><TAIKYOKU oya="0"/><INIT seed="0,0,0,3,1,44" ten="250,250,250,250" oya="0" hai0="102,87,80,29,79,117,59,119,88,21,84,35,97" hai1="31,132,125,7,17,48,100,53,5,76,56,107,109" hai2="128,2,11,60,51,39,127,64,73,27,49,83,15" hai3="130,67,4,19,135,108,104,93,47,82,36,23,124"/><T129/><D35/><U30/><E109/><V77/><F127/><W113/><G104/><T40/><D40/><U32/><E132/><V95/><F128/><W20/><G113/><T65/><D129/><U115/><E125/><V72/><F2/><W126/><G130/><T1/><D1/><U66/><E115/><V101/><F73/><W120/><G108/><T121/><D121/><U86/><E107/><V52/><F39/><W46/><G135/><T68/><D68/><U122/><E100/><V91/><F27/><W105/><G105/><N who="0" m="63695" /><D21/><U13/><E122/><V62/><F101/><W0/><G120/><T14/><D14/><U38/><E38/><V16/><F52/><W25/><G0/><T57/><D57/><U131/><E131/><V22/><F22/><W42/><G4/><N who="1" m="1610" /><E32/><V133/><F133/><W37/><G67/><T12/><D59/><U10/><E66/><V18/><F18/><W61/><G61/><T55/><D55/><U106/><E106/><V58/><F60/><W50/><G36/><T92/><D12/><U90/><E76/><V118/><F118/><N who="0" m="45066" /><D29/><U96/><E96/><AGARI ba="0,0" hai="11,15,16,49,51,58,62,64,72,77,83,91,95,96" machi="96" ten="30,7700,0" yaku="7,1,52,2,54,1" doraHai="44" who="2" fromWho="1" sc="250,0,250,-77,250,77,250,0" /><INIT seed="1,0,0,4,5,38" ten="250,173,327,250" oya="1" hai0="94,115,101,119,80,123,104,116,46,34,118,76,132" hai1="23,50,22,56,74,134,71,70,93,96,124,21,72" hai2="69,20,44,10,77,106,15,68,14,37,129,24,19" hai3="49,107,120,135,1,16,130,85,108,84,81,18,45"/><U11/><E124/><V53/><F129/><W82/><G120/><T99/><D34/><U43/><E134/><V128/><F128/><W83/><G130/><T57/><D57/><U110/><E110/><V61/><F106/><W48/><G108/><T92/><D46/><U32/><E32/><V33/><F77/><W112/><G112/><T12/><D12/><U29/><E29/><V7/><F61/><W64/><G135/><T2/><D2/><U51/><E11/><V100/><F100/><W95/><G107/><T127/><D132/><U55/><E71/><V58/><F58/><W105/><G105/><T59/><D59/><U35/><E35/><V89/><F89/><N who="3" m="53671" /><G1/><T75/><D115/><U97/><E70/><V98/><F98/><W88/><G64/><T52/><D52/><U86/><E86/><V42/><REACH who="2" step="1"/><F53/><REACH who="2" ten="250,173,317,250" step="2"/><N who="3" m="29871" /><G48/><T27/><D104/><U60/><E97/><V78/><F78/><W63/><G63/><T121/><D99/><U65/><E51/><V79/><F79/><W30/><G30/><AGARI ba="0,1" hai="7,10,14,15,19,20,24,30,33,37,42,44,68,69" machi="30" ten="40,2600,0" yaku="1,1,52,1,53,0" doraHai="38" doraHaiUra="114" who="2" fromWho="3" sc="250,0,173,0,317,36,250,-26" /><INIT seed="2,0,0,0,1,126" ten="250,173,353,224" oya="2" hai0="2,25,128,81,105,10,45,66,16,97,76,17,122" hai1="27,107,3,5,89,60,134,43,55,31,14,19,41" hai2="118,94,36,99,69,57,87,80,123,98,95,117,74" hai3="108,77,34,62,35,47,1,106,119,63,88,21,56"/><V58/><F69/><W59/><G119/><T114/><D122/><U30/><E134/><V79/><F36/><W84/><G106/><T20/><D114/><U78/><E107/><V26/><F123/><W12/><G1/><T71/><D128/><U53/><E78/><V132/><F132/><W50/><G108/><T113/><D113/><U51/><E3/><V9/><F9/><W44/><G77/><T64/><D71/><U129/><E5/><V23/><F74/><W93/><G35/><T18/><D45/><U0/><E0/><V116/><F94/><W49/><G34/><T22/><D97/><U73/><E73/><V83/><F83/><W70/><G70/><T102/><D102/><U131/><E89/><V125/><F98/><W110/><G110/><T67/><D105/><U127/><E60/><V6/><F6/><W130/><G130/><N who="1" m="49674" /><E127/><V42/><F125/><W124/><G124/><T65/><N who="0" m="16384" /><DORA hai="120" /><T92/><D92/><U115/><E115/><V133/><F133/><W48/><G62/><T112/><D112/><U46/><E55/><V13/><F116/><W82/><G93/><T4/><REACH who="0" step="1"/><D22/><REACH who="0" ten="240,173,353,224" step="2"/><N who="1" m="15735" /><E31/><V15/><F117/><W29/><G29/><T91/><D91/><U32/><E32/><V8/><F118/><W135/><G135/><T37/><D37/><U86/><E86/><AGARI ba="0,1" hai="2,4,10,16,17,18,20,25,76,81,86" m="16384" machi="86" ten="50,6400,0" yaku="1,1,54,1,53,1" doraHai="126,120" doraHaiUra="101,75" who="0" fromWho="1" sc="240,74,173,-64,353,0,224,0" /><INIT seed="3,0,0,1,1,70" ten="314,109,353,224" oya="3" hai0="117,25,112,29,13,92,31,81,118,89,100,44,103" hai1="30,113,77,3,7,53,47,32,119,86,106,74,98" hai2="45,114,110,51,126,20,63,67,96,125,17,16,80" hai3="46,115,135,116,42,8,4,57,73,130,14,97,27"/><W95/><G115/><T56/><D112/><U60/><E86/><V35/><F35/><W49/><G116/><T132/><D132/><U9/><E53/><V109/><F114/><W66/><G130/><T102/><D117/><U5/><E113/><V123/><F96/><W22/><G135/><T6/><D81/><U128/><E7/><V111/><F80/><W91/><G73/><T65/><D44/><U62/><E62/><V108/><N who="2" m="27648" /><DORA hai="83" /><V1/><F1/><W28/><G66/><T120/><D120/><U40/><E60/><V127/><F20/><W36/><REACH who="3" step="1"/><G57/><REACH who="3" ten="314,109,353,214" step="2"/><T50/><D56/><U107/><E128/><V104/><F123/><W15/><G15/><T38/><D13/><U2/><E2/><V134/><F134/><W129/><G129/><T82/><D65/><U79/><E119/><V23/><F104/><W43/><G43/><T52/><D118/><U76/><E74/><V88/><F67/><W12/><G12/><T87/><D52/><U93/><E40/><V0/><F0/><W11/><G11/><T71/><D71/><U34/><E47/><V33/><F45/><W94/><G94/><T48/><D92/><U85/><E93/><V75/><F75/><W10/><G10/><T84/><D82/><N who="1" m="47303" /><E107/><V39/><F126/><W64/><G64/><T105/><D105/><U122/><E122/><V58/><F58/><W124/><G124/><T21/><D25/><N who="1" m="18511" /><E34/><V131/><F33/><W55/><G55/><T19/><D21/><U101/><E106/><V18/><F131/><W37/><AGARI ba="0,1" hai="4,8,14,22,27,28,36,37,42,46,49,91,95,97" machi="37" ten="30,12000,1" yaku="1,1,0,1,52,2,53,1" doraHai="70,83" doraHaiUra="24,121" who="3" fromWho="3" sc="314,-40,109,-40,353,-40,214,130" /><INIT seed="3,1,0,4,2,132" ten="274,69,313,344" oya="3" hai0="92,113,49,41,127,104,101,122,119,107,15,97,94" hai1="5,51,103,96,16,55,59,79,77,99,52,67,86" hai2="53,84,14,13,0,6,70,62,50,123,19,89,22" hai3="121,129,17,43,72,110,73,2,126,74,68,11,35"/><W109/><G121/><T75/><D119/><U21/><E5/><V116/><F116/><W57/><G68/><T12/><D122/><U10/><E10/><V7/><F0/><W58/><G35/><T88/><D75/><U31/><E31/><V34/><F34/><W134/><G134/><T117/><D117/><U133/><E133/><V1/><F1/><W30/><G30/><T100/><D113/><U45/><E67/><V69/><F123/><W27/><G129/><T125/><D41/><U85/><E86/><V115/><F115/><W80/><G43/><T24/><D49/><U64/><E64/><V66/><F69/><W131/><G131/><T128/><D88/><U26/><E85/><V135/><F13/><W118/><G118/><T63/><D97/><U46/><E96/><V44/><REACH who="2" step="1"/><F135/><REACH who="2" ten="274,69,303,344" step="2"/><W47/><G2/><T93/><D128/><U78/><REACH who="1" step="1"/><E55/><REACH who="1" ten="274,59,303,344" step="2"/><V3/><F3/><W40/><G40/><T20/><D20/><U32/><E32/><V56/><F56/><W124/><G57/><T111/><D111/><U83/><E83/><AGARI ba="1,2" hai="6,7,14,19,22,44,50,53,62,66,70,83,84,89" machi="83" ten="30,2000,0" yaku="1,1,7,1,53,0" doraHai="132" doraHaiUra="90" who="2" fromWho="1" sc="274,0,59,-23,303,43,344,0" /><INIT seed="4,0,0,2,3,42" ten="274,36,346,344" oya="0" hai0="101,54,106,38,10,27,7,69,89,99,33,66,71" hai1="41,90,32,104,19,3,97,126,45,70,37,56,114" hai2="118,26,57,4,79,0,47,110,87,67,93,13,40" hai3="65,1,22,105,98,102,11,100,64,124,68,34,82"/><T117/><D117/><U36/><E126/><V21/><F110/><W8/><G34/><T73/><D89/><U61/><E3/><V15/><F118/><W84/><G124/><T76/><D54/><U86/><E32/><V52/><F67/><W63/><G102/><T94/><D94/><U131/><E131/><V30/><F0/><W14/><G65/><T59/><D59/><U53/><E114/><V119/><F4/><W112/><G112/><T20/><D20/><U6/><E6/><V49/><F119/><W12/><G1/><N who="0" m="367" /><D38/><U132/><E132/><V134/><F134/><W39/><G39/><T35/><D66/><U25/><E37/><V135/><F135/><W107/><G107/><T121/><D121/><U83/><E70/><N who="0" m="26633" /><D27/><U46/><E41/><V127/><F127/><W113/><G113/><T55/><D55/><U91/><E36/><V78/><F93/><W111/><G111/><T88/><D88/><U72/><E72/><V96/><F96/><W60/><G60/><T74/><D74/><U120/><E120/><V123/><F123/><W81/><G81/><AGARI ba="0,0" hai="33,35,73,76,81,99,101,106" m="26633,367" machi="81" ten="30,2900,0" yaku="33,2" doraHai="42" who="0" fromWho="3" sc="274,29,36,0,346,0,344,-29" /><INIT seed="4,1,0,4,2,49" ten="303,36,346,315" oya="0" hai0="71,67,14,5,20,24,80,74,103,76,29,96,8" hai1="85,112,127,108,54,133,119,21,130,105,121,95,84" hai2="41,81,134,79,90,53,109,58,4,34,107,57,48" hai3="89,40,51,120,7,11,59,31,128,27,50,132,91"/><T114/><D114/><U16/><E108/><V61/><F109/><W3/><G132/><T122/><D122/><U65/><E105/><V69/><F34/><W28/><G128/><T62/><D96/><U94/><E119/><V6/><F69/><W15/><G120/><T70/><D103/><U135/><E121/><V115/><F115/><W87/><G3/><T92/><D92/><U125/><E65/><N who="2" m="39087" /><F107/><W56/><G91/><T97/><D97/><U26/><E112/><V36/><F36/><W19/><G7/><N who="2" m="2601" /><F134/><N who="1" m="51209" /><E94/><V46/><F79/><W38/><G38/><T77/><REACH who="0" step="1"/><D76/><REACH who="0" ten="293,36,346,315" step="2"/><U66/><E95/><V30/><F90/><W100/><G100/><T13/><D13/><U1/><E1/><V102/><F102/><W78/><G78/><T86/><D86/><U68/><E85/><V47/><F81/><W63/><G89/><T60/><D60/><N who="1" m="40007" /><E84/><V2/><F2/><W22/><G87/><T106/><D106/><U117/><E117/><V39/><F39/><W37/><G37/><T116/><D116/><U113/><E113/><V25/><F41/><W131/><G40/><T104/><D104/><U17/><E130/><V75/><F75/><W42/><G42/><T55/><D55/><U73/><E73/><V43/><F43/><W32/><G131/><T52/><D52/><U64/><E64/><V83/><F83/><W33/><G63/><T110/><D110/><U10/><E54/><V9/><F47/><W98/><G98/><T72/><D72/><U18/><E10/><V45/><F9/><W0/><G0/><T82/><D82/><U124/><AGARI ba="1,1" hai="16,17,18,21,26,124,125,127" m="40007,51209" machi="124" ten="40,8000,1" yaku="5,1,18,1,20,1,54,1" doraHai="49" who="1" fromWho="1" sc="293,-41,36,93,346,-21,315,-21" /><INIT seed="5,0,0,0,1,61" ten="252,129,325,294" oya="1" hai0="68,3,27,13,2,39,90,57,75,99,42,109,87" hai1="76,28,104,134,37,127,89,107,132,18,110,26,116" hai2="77,93,83,51,79,111,131,46,133,10,82,115,66" hai3="65,54,74,48,8,84,41,118,128,1,58,32,121"/><U55/><E116/><V78/><F111/><W124/><G121/><T44/><D109/><U12/><E110/><V94/><F131/><W31/><G74/><T19/><D75/><U33/><E127/><V103/><F133/><N who="1" m="51305" /><E37/><V16/><F115/><W7/><G128/><T119/><D68/><U63/><E76/><V64/><F82/><W45/><G124/><T20/><D119/><U85/><E55/><N who="2" m="30199" /><F83/><W81/><G118/><T86/><D86/><U52/><E52/><V92/><F103/><W130/><G130/><T73/><D73/><U98/><E98/><V105/><F105/><W21/><G32/><T62/><D13/><AGARI ba="0,0" hai="10,13,16,64,66,77,78,79,92,93,94" m="30199" machi="13" ten="30,7700,0" yaku="8,1,52,2,54,1" doraHai="61" who="2" fromWho="0" sc="252,-77,129,0,325,77,294,0" /><INIT seed="6,0,0,4,2,133" ten="175,129,402,294" oya="2" hai0="135,4,47,48,83,49,75,126,119,94,93,123,101" hai1="120,92,16,130,42,2,10,63,110,14,61,118,58" hai2="29,41,76,102,87,3,99,81,122,128,95,44,106" hai3="24,78,36,131,70,116,30,65,43,62,57,71,69"/><V34/><F122/><W132/><G116/><T15/><D123/><U111/><E130/><V19/><F128/><W45/><G131/><T107/><D107/><U79/><E118/><V85/><F3/><W5/><G132/><T22/><D135/><U96/><E120/><V72/><F34/><W23/><G5/><T88/><D119/><U90/><E79/><V124/><F29/><W121/><G121/><T73/><D49/><U127/><E42/><V59/><F19/><W104/><G78/><T80/><D126/><U66/><E127/><V97/><F59/><W7/><G7/><T6/><D75/><U54/><REACH who="1" step="1"/><E2/><REACH who="1" ten="175,119,402,294" step="2"/><V91/><F124/><W77/><G77/><T9/><D73/><U134/><E134/><V109/><F109/><W38/><G38/><AGARI ba="0,1" hai="38,41,44,72,76,81,85,87,91,95,97,99,102,106" machi="38" ten="30,1500,0" yaku="7,1" doraHai="133" who="2" fromWho="3" sc="175,0,119,0,402,25,294,-15" /><INIT seed="6,1,0,5,3,3" ten="175,119,427,279" oya="2" hai0="29,119,62,24,134,131,104,110,69,1,79,9,121" hai1="66,93,128,15,44,83,58,96,120,36,97,81,12" hai2="42,63,91,2,74,4,116,53,114,26,99,57,61" hai3="38,133,39,75,52,41,101,7,28,78,25,67,31"/><V115/><F116/><W16/><G133/><T129/><D121/><U130/><E66/><V68/><F74/><W76/><G67/><N who="0" m="41207" /><D110/><U18/><E58/><V111/><F111/><W35/><G31/><T135/><D79/><U48/><E36/><V118/><F118/><W84/><G75/><T117/><D104/><U13/><E18/><V127/><F42/><W107/><G107/><T47/><D47/><U11/><E11/><N who="2" m="2455" /><F26/><W106/><G106/><T34/><D119/><U59/><E59/><V124/><F91/><W105/><G105/><T8/><D8/><U103/><E120/><V123/><F99/><W86/><G101/><T51/><D51/><U40/><REACH who="1" step="1"/><E97/><REACH who="1" ten="175,109,427,279" step="2"/><V37/><F123/><W0/><G16/><T14/><D117/><U46/><E46/><V95/><F37/><W87/><G39/><T71/><D71/><U82/><AGARI ba="1,1" hai="12,13,15,40,44,48,81,82,83,93,96,103,128,130" machi="82" ten="40,2700,0" yaku="1,1,0,1,53,0" doraHai="3" doraHaiUra="23" who="1" fromWho="1" sc="175,-8,109,40,427,-14,279,-8" /><INIT seed="7,0,0,3,0,38" ten="167,149,413,271" oya="3" hai0="77,93,78,16,83,66,25,18,29,23,12,109,5" hai1="22,123,72,68,31,87,95,57,3,80,27,26,132" hai2="114,56,126,116,94,124,105,113,63,91,115,122,1" hai3="7,32,47,50,119,48,37,52,125,8,53,117,84"/><W28/><G125/><N who="2" m="48233" /><F105/><W4/><G37/><T79/><D109/><U54/><E68/><V21/><F1/><W13/><G32/><T100/><D66/><U34/><E123/><V14/><F116/><W17/><G28/><T70/><D70/><U55/><E132/><V6/><F122/><W74/><G74/><T62/><D62/><U108/><E108/><V58/><F63/><W43/><G119/><T51/><D83/><U40/><E3/><V30/><F6/><W118/><G118/><T11/><D51/><U88/><E40/><V24/><F14/><W129/><G129/><T96/><AGARI ba="0,0" hai="5,11,12,16,18,23,25,29,77,78,79,93,96,100" machi="96" ten="30,4000,0" yaku="0,1,8,1,54,1" doraHai="38" who="0" fromWho="0" sc="167,40,149,-10,413,-10,271,-20" owari="207,-19.0,139,-36.0,403,50.0,251,5.0" /></mjloggm>