<mjloggm ver="2.3"><GO type="169" lobby="0"/><UN n0="%67%2D%65%6E%6B%69" n1="%E3%81%82%E3%81%9F%E3%81%8B%E3%81%AA" n2="%E9%98%BF%E9%83%A8%E5%AF%9B%EF%BC%A0%E9%B3%B3%E5%8D%93" n3="%74%61%6B%65%33" dan="17,17,16,16" rate="2210.54,2149.71,2070.16,2204.77" sx="M,M,F,M"/><TAIKYOKU oya="0"/><INIT seed="0,0,0,1,0,87" ten="250,250,250,250" oya="0" hai0="104,81,75,132,94,126,6,55,67,29,134,28,89" hai1="125,124,118,18,76,128,22,110,51,19,122,109,21" hai2="111,92,70,123,53,79,48,71,3,131,43,30,26" hai3="7,98,59,54,63,113,65,86,25,120,12,61,9"/><T99/><D67/><U4/><E51/><V10/><F123/><W35/><G120/><T80/><D104/><U15/><E76/><V121/><F121/><W112/><G98/><T23/><D6/><U135/><E122/><V69/><F111/><N who="1" m="42505" /><E118/><V102/><F43/><W66/><G54/><T20/><D55/><U52/><E52/><V117/><F79/><W101/><G101/><T38/><D38/><U119/><E119/><V39/><F102/><W42/><G42/><T49/><D49/><U96/><E96/><V90/><F39/><W95/><G25/><N who="0" m="16423" /><D75/><U5/><E135/><N who="0" m="51753" /><D126/><N who="1" m="48747" /><E128/><V34/><F131/><W16/><G35/><T78/><D78/><U77/><E77/><V62/><F34/><W46/><G46/><T11/><D11/><U100/><E100/><V74/><F10/><W105/><G105/><T44/><D44/><U24/><AGARI ba="0,0" hai="4,5,15,18,19,21,22,24" m="48747,42505" machi="24" ten="30,7900,0" yaku="14,1,18,1,34,2" doraHai="87" who="1" fromWho="1" sc="250,-39,250,79,250,-20,250,-20" /><INIT seed="1,0,0,2,4,27" ten="211,329,230,230" oya="1" hai0="95,33,90,49,31,109,32,20,100,127,69,99,25" hai1="36,112,45,50,2,68,97,94,9,23,104,113,135" hai2="106,72,15,73,133,78,60,54,79,107,96,17,85" hai3="4,128,118,71,8,131,126,102,86,39,46,53,13"/><U40/><E68/><V7/><F7/><W56/><G71/><T111/><D49/><U28/><E104/><V82/><F133/><W29/><G126/><T38/><D38/><U77/><E135/><V1/><F1/><W63/><G118/><T34/><D69/><U11/><E36/><V52/><F85/><W59/><G102/><T48/><D127/><U21/><E2/><V75/><F75/><W10/><G86/><T123/><D123/><U57/><E77/><V66/><F96/><W89/><G89/><T116/><D116/><U76/><E76/><V6/><F6/><W105/><G105/><T5/><D5/><U67/><E112/><V65/><F15/><W14/><G39/><T22/><D48/><U91/><E113/><V12/><F12/><W84/><G84/><T0/><D0/><U119/><E119/><V51/><F51/><W61/><G46/><T114/><D22/><N who="1" m="8203" /><E28/><V37/><F37/><W62/><G29/><T88/><REACH who="0" step="1"/><D114/><REACH who="0" ten="201,329,230,230" step="2"/><U110/><E110/><AGARI ba="0,1" hai="20,25,31,32,33,34,88,90,95,99,100,109,110,111" machi="110" ten="50,8000,1" yaku="1,1,2,1,14,1,52,1,54,1,53,0" doraHai="27" doraHaiUra="74" who="0" fromWho="1" sc="201,90,329,-80,230,0,230,0" /><INIT seed="2,0,0,3,0,20" ten="291,249,230,230" oya="2" hai0="45,118,98,124,68,12,60,114,100,66,99,63,57" hai1="105,86,71,65,55,131,28,23,123,26,43,88,119" hai2="5,18,50,134,113,35,126,121,62,117,109,61,111" hai3="39,110,14,69,83,122,4,29,47,0,67,30,46"/><V36/><F113/><W106/><G122/><T27/><D114/><U87/><E119/><V101/><F121/><W84/><G0/><T53/><D124/><U92/><E123/><V120/><F120/><W91/><G106/><T85/><D27/><U38/><E105/><V116/><F36/><W9/><G110/><N who="2" m="41993" /><F134/><W15/><G69/><T2/><D2/><U70/><E131/><V3/><F126/><W133/><G133/><T58/><D45/><U37/><E55/><V59/><F101/><W128/><G128/><T132/><D68/><U21/><E43/><V42/><F35/><W102/><G102/><T52/><D66/><U108/><E108/><V115/><F115/><W25/><G30/><T31/><D31/><U34/><E70/><V81/><F81/><W112/><G112/><T135/><D100/><U11/><E11/><N who="2" m="2495" /><F18/><W19/><G39/><T127/><D127/><U80/><E38/><V1/><F1/><W129/><G129/><T94/><D118/><N who="2" m="45674" /><F59/><W73/><G73/><T49/><D85/><U64/><E37/><V78/><F78/><W33/><REACH who="3" step="1"/><G67/><REACH who="3" ten="291,249,230,220" step="2"/><T44/><D135/><U79/><REACH who="1" step="1"/><E65/><REACH who="1" ten="291,239,230,220" step="2"/><V107/><F107/><W125/><G125/><T95/><D132/><U8/><E8/><AGARI ba="0,2" hai="4,8,9,14,15,19,25,29,33,46,47,83,84,91" machi="8" ten="30,3900,0" yaku="1,1,7,1,52,1,53,0" doraHai="20" doraHaiUra="90" who="3" fromWho="1" sc="291,0,239,-39,230,0,220,59" /><INIT seed="3,0,0,5,3,25" ten="291,200,230,279" oya="3" hai0="50,98,22,120,39,69,65,43,5,54,48,118,68" hai1="11,6,4,115,77,29,47,126,125,59,9,104,52" hai2="56,21,78,38,41,107,62,124,99,135,70,36,2" hai3="87,121,92,103,97,15,20,3,42,72,116,24,108"/><W27/><G116/><T122/><D5/><U13/><E115/><V1/><F78/><W132/><G121/><T23/><D98/><U32/><E104/><V34/><F34/><W18/><G72/><T117/><D43/><U51/><E77/><V133/><F70/><W109/><G3/><T35/><D35/><U83/><E83/><V53/><F124/><W134/><G42/><T16/><D65/><U10/><E10/><V74/><F74/><W89/><G27/><T90/><D54/><U33/><E47/><N who="2" m="23975" /><F38/><W58/><G58/><T129/><D90/><U19/><E19/><V85/><F85/><W111/><REACH who="3" step="1"/><G24/><REACH who="3" ten="291,200,230,269" step="2"/><T30/><D118/><U119/><E119/><V101/><F21/><W55/><G55/><T96/><D22/><U80/><E32/><V82/><F1/><W49/><G49/><T26/><D39/><U114/><E33/><V14/><F2/><W105/><AGARI ba="0,1" hai="15,18,20,87,89,92,97,103,105,108,109,111,132,134" machi="105" ten="40,12000,1" yaku="1,1,0,1,14,1,10,1,53,1" doraHai="25" doraHaiUra="102" who="3" fromWho="3" sc="291,-40,200,-40,230,-40,269,130" /><INIT seed="3,1,0,2,2,74" ten="251,160,190,399" oya="3" hai0="55,134,118,112,54,130,87,110,31,115,71,38,79" hai1="69,57,60,127,49,83,52,85,125,128,44,105,15" hai2="7,27,59,119,129,126,101,6,18,81,68,24,86" hai3="99,113,3,1,123,84,62,114,78,42,104,122,12"/><W109/><G42/><T97/><D71/><U102/><E128/><V28/><F119/><W107/><G62/><T47/><D110/><U116/><E116/><V67/><F126/><W73/><G12/><T111/><D111/><U76/><E69/><V124/><F124/><W25/><G25/><T34/><D134/><U72/><E72/><V65/><F129/><W77/><G109/><T5/><D130/><U100/><E105/><N who="3" m="40522" /><G1/><T10/><D97/><U36/><E36/><V103/><F68/><W48/><G48/><T89/><D89/><U80/><E125/><V135/><F135/><W8/><G8/><T96/><D96/><U35/><E35/><V30/><F59/><W63/><G63/><T2/><D118/><U61/><E61/><V14/><F14/><W4/><G4/><T133/><D31/><U66/><E127/><V9/><F9/><W20/><G20/><T11/><D11/><U22/><E83/><V88/><F18/><AGARI ba="1,0" hai="15,18,22,44,49,52,57,60,66,76,80,85,100,102" machi="18" ten="40,5200,0" yaku="8,1,52,1,54,1" doraHai="74" who="1" fromWho="2" sc="251,0,160,55,190,-55,399,0" /><INIT seed="4,0,0,1,5,23" ten="251,215,135,399" oya="0" hai0="101,25,18,34,15,82,132,8,31,92,83,41,102" hai1="130,71,11,107,115,2,61,64,67,62,108,45,124" hai2="9,99,46,125,113,32,88,111,4,52,80,103,10" hai3="13,55,94,122,3,97,129,116,28,16,135,49,53"/><T48/><D132/><U30/><E108/><V60/><F111/><W106/><G116/><T59/><D92/><U54/><E107/><V57/><F113/><W70/><G70/><T75/><D75/><U6/><E115/><V112/><F112/><W66/><G3/><T44/><REACH who="0" step="1"/><D59/><REACH who="0" ten="241,215,135,399" step="2"/><U85/><E71/><V63/><F125/><W37/><G135/><T123/><D123/><U69/><E69/><V104/><F32/><W118/><G122/><T68/><D68/><U38/><E124/><V109/><F109/><W133/><G133/><T56/><D56/><U91/><E130/><V96/><F104/><W110/><G106/><T14/><D14/><U43/><E2/><V47/><F63/><W33/><G129/><T58/><D58/><U128/><E61/><V76/><F60/><W131/><G131/><T95/><D95/><U74/><E74/><V0/><F57/><W50/><G94/><T84/><D84/><U114/><E62/><V87/><F87/><W78/><G33/><T89/><D89/><U100/><E114/><V119/><F88/><W72/><G72/><T105/><D105/><U73/><E73/><V1/><F1/><W7/><G110/><T126/><D126/><U12/><E128/><V20/><F0/><W24/><G13/><T29/><D29/><U22/><E91/><V39/><F99/><W81/><G97/><T86/><D86/><U65/><E85/><V17/><F96/><W98/><G98/><T42/><D42/><U127/><E127/><V26/><F103/><AGARI ba="0,1" hai="8,15,18,25,31,34,41,44,48,82,83,101,102,103" machi="103" ten="40,3900,0" yaku="1,1,52,1,53,0" doraHai="23" doraHaiUra="19" who="0" fromWho="2" sc="241,49,215,0,135,-39,399,0" /><INIT seed="4,1,0,1,2,57" ten="290,215,96,399" oya="0" hai0="76,45,87,89,28,60,77,3,68,116,124,6,15" hai1="64,36,30,126,38,4,74,109,121,43,107,10,83" hai2="99,22,35,118,111,135,97,18,27,113,72,62,98" hai3="128,13,100,34,39,82,48,114,31,122,1,123,63"/><T25/><D3/><U21/><E109/><V44/><F111/><W46/><G1/><T29/><D116/><U79/><E121/><V133/><F118/><W51/><G39/><T33/><D29/><U52/><E126/><V129/><F113/><W54/><G114/><T47/><D124/><U23/><E107/><V56/><F129/><W94/><G128/><T80/><D6/><U9/><E9/><V75/><F35/><W104/><G104/><T103/><D15/><U5/><E5/><V95/><F95/><W16/><G82/><T26/><D26/><U37/><E43/><V19/><F44/><W24/><G51/><T120/><D103/><U96/><E96/><V8/><F8/><W50/><G50/><T85/><D77/><U69/><E52/><V86/><F86/><W2/><G2/><T17/><D17/><U55/><E55/><V112/><F18/><W102/><G63/><T117/><D120/><N who="3" m="46121" /><G94/><T66/><REACH who="0" step="1"/><D117/><REACH who="0" ten="280,215,96,399" step="2"/><U41/><E79/><V105/><F112/><W115/><G115/><T108/><D108/><U78/><E78/><V0/><F0/><W93/><G102/><T61/><D61/><U7/><E7/><V14/><F14/><W130/><G130/><T59/><D59/><U84/><E30/><V134/><REACH who="2" step="1"/><F105/><REACH who="2" ten="280,215,86,399" step="2"/><W90/><G13/><T101/><D101/><U73/><E4/><V42/><F42/><W65/><G100/><T40/><D40/><U12/><E41/><V88/><F88/><W20/><G16/><T67/><D67/><AGARI ba="1,2" hai="19,22,27,56,62,67,72,75,97,98,99,133,134,135" machi="67" ten="50,12000,2" yaku="1,1,20,1,52,1,53,3" doraHai="57" doraHaiUra="92" who="2" fromWho="0" sc="280,-123,215,0,86,143,399,0" /><INIT seed="5,0,0,1,0,104" ten="157,215,229,399" oya="1" hai0="114,9,32,39,4,67,70,83,1,97,93,24,10" hai1="64,130,87,66,52,2,5,124,20,22,47,94,75" hai2="120,41,118,27,76,59,68,40,12,128,106,98,16" hai3="116,45,33,103,77,111,42,46,89,26,132,107,127"/><U123/><E123/><V31/><F68/><W19/><G89/><T84/><D39/><U53/><E124/><V49/><F118/><W34/><G46/><T72/><D114/><U62/><E130/><V80/><F120/><W15/><G111/><T50/><D10/><U48/><E75/><V96/><F106/><W43/><G43/><T129/><D129/><U65/><E2/><V63/><F128/><W57/><G57/><T18/><D50/><U133/><E5/><V105/><F105/><W30/><G77/><T110/><D110/><U13/><E133/><V112/><F96/><W115/><G115/><T37/><D37/><U135/><E135/><V17/><F98/><W91/><G91/><T44/><D44/><U101/><E13/><V126/><F126/><W86/><G34/><T88/><D18/><U11/><E11/><N who="2" m="6175" /><F17/><W14/><G14/><T55/><D55/><U58/><E101/><V56/><F40/><W29/><G107/><T6/><D6/><U108/><E108/><V82/><F56/><W131/><G103/><T119/><D119/><U23/><E87/><V134/><F59/><W71/><G86/><T125/><D125/><U8/><E8/><V109/><F41/><W7/><G42/><T35/><D24/><U122/><E122/><V61/><F27/><W28/><G116/><T36/><D36/><U3/><E3/><V90/><F112/><W102/><G127/><T54/><D72/><U74/><E74/><V51/><F134/><W79/><G131/><T100/><D54/><U21/><N who="1" m="5120" /><DORA hai="92" /><U99/><E53/><V78/><F109/><RYUUKYOKU ba="0,0" sc="157,15,215,15,229,-15,399,-15" hai0="1,4,9,32,35,67,70,83,84,88,93,97,100" hai1="47,48,52,58,62,64,65,66,94,99" /><INIT seed="5,1,0,3,5,126" ten="172,230,214,384" oya="1" hai0="44,18,117,93,101,118,102,98,43,12,69,77,31" hai1="130,42,131,105,75,25,56,72,60,122,11,129,82" hai2="128,46,110,67,123,135,78,88,4,114,5,13,133" hai3="87,36,30,111,6,3,50,59,47,104,95,91,16"/><U106/><E122/><V9/><F110/><W41/><G104/><N who="1" m="40042" /><E42/><V115/><F123/><W113/><G111/><T2/><D69/><U8/><E25/><V65/><F78/><W53/><G30/><T132/><D132/><N who="2" m="50762" /><F46/><W121/><G121/><T64/><D64/><N who="2" m="24650" /><F128/><W103/><G103/><T52/><D2/><U23/><E23/><V14/><F88/><W34/><G34/><T54/><D77/><N who="1" m="44327" /><E75/><V62/><F62/><W68/><G68/><T48/><D31/><U71/><E71/><V7/><F9/><W27/><G3/><T49/><D102/><U22/><E22/><V112/><AGARI ba="1,0" hai="4,5,7,13,14,112,114,115" m="24650,50762" machi="112" ten="40,8000,1" yaku="28,2,15,1,11,1,20,1" doraHai="126" who="2" fromWho="2" sc="172,-21,230,-41,214,83,384,-21" /><INIT seed="6,0,0,0,5,113" ten="151,189,297,363" oya="2" hai0="36,116,44,78,46,49,21,131,58,64,34,39,123" hai1="40,110,8,30,35,47,124,89,2,112,85,18,95" hai2="4,68,5,87,65,102,71,129,133,0,111,24,27" hai3="70,99,48,90,108,96,9,84,26,33,42,54,103"/><V55/><F129/><W69/><G108/><T50/><D34/><U23/><E110/><V94/><F111/><W22/><G33/><T92/><D78/><U41/><E112/><V83/><F133/><W79/><G79/><T106/><D106/><U91/><E124/><V135/><F135/><W52/><G9/><T7/><D7/><N who="1" m="1143" /><E89/><V107/><F107/><W109/><G109/><T6/><D6/><U43/><E47/><N who="0" m="17961" /><D92/><U12/><E43/><V59/><F68/><W82/><G42/><T57/><D21/><U16/><E18/><V31/><F65/><W105/><G96/><T67/><D123/><U29/><E29/><V101/><F31/><W118/><G54/><N who="0" m="31951" /><D131/><U63/><E63/><V97/><F94/><W122/><G122/><T75/><D75/><U119/><E119/><V121/><F101/><W132/><G118/><T130/><D130/><U100/><E100/><V13/><F102/><W25/><G132/><T45/><D116/><U125/><E125/><V66/><F4/><W127/><G127/><T51/><N who="0" m="17969" /><T38/><DORA hai="53" /><D51/><U20/><E20/><V32/><F32/><W80/><G80/><T60/><D50/><U74/><E74/><V117/><F83/><W62/><G48/><T73/><D73/><U28/><E28/><V128/><F117/><W72/><G72/><T19/><D19/><U115/><E115/><V76/><F121/><W81/><G82/><T1/><D1/><U14/><E14/><V104/><F128/><W17/><G26/><AGARI ba="0,0" hai="12,16,23,26,30,35,40,41,85,91,95" m="1143" machi="26" ten="30,2000,0" yaku="24,1,54,1" doraHai="113,53" who="1" fromWho="3" sc="151,0,189,20,297,0,363,-20" /><INIT seed="7,0,0,4,0,66" ten="151,209,297,343" oya="3" hai0="9,1,73,94,61,108,100,52,15,54,63,34,13" hai1="81,113,82,65,95,131,6,128,47,75,58,89,36" hai2="51,43,115,46,57,29,49,64,24,17,103,104,97" hai3="4,92,110,88,129,93,114,121,111,124,23,96,77"/><W134/><G121/><T125/><D125/><U69/><E113/><V84/><F115/><W106/><G114/><T87/><D108/><U118/><E69/><V35/><F17/><W59/><G124/><T105/><D73/><U91/><E118/><V130/><F130/><N who="1" m="49705" /><E89/><V133/><F133/><W7/><G129/><T10/><D1/><U14/><E65/><V32/><F84/><N who="3" m="52231" /><G106/><T26/><D105/><U123/><E58/><V78/><F78/><W109/><G134/><T117/><D117/><U45/><E123/><V37/><REACH who="2" step="1"/><F35/><REACH who="2" ten="151,209,287,343" step="2"/><W33/><G33/><T85/><D34/><U31/><E75/><V22/><F22/><W41/><G77/><T25/><D100/><U102/><E102/><V72/><F72/><W120/><G120/><T127/><D127/><U116/><E116/><V56/><F56/><W119/><G119/><T132/><REACH who="0" step="1"/><D94/><REACH who="0" ten="141,209,287,343" step="2"/><U135/><E95/><V107/><F107/><W8/><G93/><T53/><D53/><U11/><E135/><AGARI ba="0,2" hai="9,10,13,15,25,26,52,54,61,63,85,87,132,135" machi="135" ten="25,6400,0" yaku="1,1,22,2,54,1,53,0" doraHai="66" doraHaiUra="126" who="0" fromWho="1" sc="141,84,209,-64,287,0,343,0" owari="225,-17.0,145,-35.0,287,9.0,343,43.0" /></mjloggm>