<mjloggm ver="2.3"><GO type="185" lobby="0"/><UN n0="%E5%85%A5%E5%B7%A3%E6%9F%9A%E5%AE%9F" n1="%E3%83%8F%E3%83%94%E3%83%AA%E3%83%83%E3%83%88" n2="%6B%6F%7A" n3="" dan="16,17,17,0" rate="2206.42,2232.62,2138.02,1500.00" sx="F,M,M,C"/><TAIKYOKU oya="0"/><INIT seed="0,0,0,0,3,42" ten="350,350,350,0" oya="0" hai0="85,99,43,110,49,66,60,58,104,129,116,86,41" hai1="135,124,32,128,95,130,119,53,56,121,40,57,89" hai2="114,100,106,120,96,102,44,3,74,45,80,117,51" hai3=""/><T132/><D116/><U61/><N who="1" m="31008" /><U88/><E32/><V81/><N who="2" m="30752" /><V73/><F114/><T75/><D75/><U115/><E119/><V93/><F3/><T47/><D132/><U0/><E0/><V72/><F117/><T79/><D129/><N who="1" m="49771" /><E135/><V90/><F102/><T35/><D35/><U48/><E115/><V101/><F100/><T82/><D110/><U54/><E124/><V71/><F71/><T59/><D86/><U38/><E95/><V69/><F69/><T109/><D109/><U78/><E78/><V105/><F45/><AGARI ba="0,0" hai="38,40,45,48,53,54,56,57,61,88,89" m="49771,31008" machi="45" ten="30,7700,0" yaku="19,1,52,2,54,1" doraHai="42" who="1" fromWho="2" sc="350,0,350,77,350,-77,0,0" /><INIT seed="1,0,0,2,1,102" ten="350,427,273,0" oya="1" hai0="81,50,101,47,99,43,38,57,53,98,85,49,34" hai1="84,95,56,51,76,93,0,70,129,125,45,127,77" hai2="124,2,92,113,65,39,68,66,60,122,73,117,52" hai3=""/><U114/><E0/><V37/><N who="2" m="31264" /><V118/><F2/><T63/><D34/><U3/><E3/><V104/><F104/><T40/><D40/><U106/><E70/><V90/><F124/><N who="1" m="47689" /><E114/><V105/><F105/><T110/><D110/><U46/><E129/><V41/><F73/><T32/><D32/><U112/><E112/><V132/><F132/><T69/><D69/><U71/><E71/><V107/><F107/><T33/><D33/><U100/><E56/><V83/><F83/><T89/><REACH who="0" step="1"/><D99/><REACH who="0" ten="340,427,273,0" step="2"/><U130/><E130/><V35/><F35/><T128/><D128/><U36/><E36/><V135/><F113/><T97/><D97/><U86/><E86/><V91/><F68/><T119/><D119/><U80/><E84/><V78/><F39/><T88/><D88/><U75/><E77/><V61/><F37/><T82/><D82/><U64/><E80/><V109/><F117/><T72/><D72/><U134/><E75/><V74/><F74/><T96/><D96/><U108/><E76/><V62/><F78/><T87/><D87/><U55/><E108/><V94/><F109/><T111/><D111/><U120/><E120/><V126/><F118/><T67/><D67/><U103/><E64/><V131/><F126/><RYUUKYOKU ba="0,1" sc="340,20,427,-10,273,-10,0,0" hai0="38,43,47,49,50,53,57,63,81,85,89,98,101" /><INIT seed="2,1,1,3,3,63" ten="360,417,263,0" oya="2" hai0="125,94,119,33,98,92,62,87,109,70,47,76,128" hai1="88,71,116,100,82,52,111,80,61,60,53,97,56" hai2="120,59,32,69,129,51,105,103,108,101,96,133,48" hai3=""/><V99/><N who="2" m="30752" /><V90/><F32/><T46/><D119/><U58/><E116/><V2/><F2/><T3/><D3/><U50/><E111/><V107/><F108/><T44/><D109/><U130/><E130/><V34/><F34/><T39/><D128/><U123/><N who="1" m="31520" /><U1/><E1/><V93/><F129/><T126/><D39/><U54/><E88/><V124/><F69/><T66/><D33/><U79/><E79/><V106/><F133/><T57/><D70/><U43/><E43/><V114/><F114/><T134/><D134/><U41/><E41/><V121/><N who="2" m="31008" /><V72/><F72/><T102/><REACH who="0" step="1"/><D94/><REACH who="0" ten="350,417,263,0" step="2"/><U49/><E71/><V84/><F124/><T36/><D36/><U37/><E37/><V77/><F107/><T118/><D118/><U89/><E49/><V91/><F77/><T65/><D65/><U112/><E50/><V40/><F40/><T35/><D35/><U42/><E42/><V104/><F105/><T74/><D74/><U127/><E127/><V86/><F59/><T0/><D0/><U122/><E58/><V38/><F38/><T110/><D110/><U117/><E56/><V85/><F51/><T73/><D73/><U45/><N who="1" m="31264" /><U132/><E132/><RYUUKYOKU ba="1,2" sc="350,20,417,-10,263,-10,0,0" hai0="44,46,47,57,62,66,76,87,92,98,102,125,126" /><INIT seed="4,2,2,1,3,74" ten="370,407,253,0" oya="0" hai0="70,53,93,67,83,50,111,127,3,90,86,103,32" hai1="104,92,114,110,39,65,132,66,108,115,124,42,84" hai2="55,45,131,125,57,62,43,72,112,130,48,44,123" hai3=""/><T100/><D32/><U106/><E124/><V1/><N who="2" m="31520" /><V71/><F1/><T56/><D3/><U129/><E129/><N who="2" m="49163" /><F72/><T96/><D127/><U109/><E132/><V105/><F105/><N who="1" m="40553" /><E42/><V37/><F125/><T95/><D111/><U40/><E40/><V134/><F134/><T61/><REACH who="0" step="1"/><D95/><REACH who="0" ten="360,407,253,0" step="2"/><U76/><E92/><V51/><F112/><N who="1" m="43049" /><E39/><V33/><F33/><T126/><D126/><U97/><E97/><V128/><F128/><T99/><D99/><U119/><E119/><V98/><F98/><T2/><D2/><U82/><AGARI ba="2,3" hai="65,66,76,82,84,108,109,110" m="43049,40553" machi="82" ten="40,3900,0" yaku="15,1,11,1,52,1" doraHai="74" who="1" fromWho="1" sc="360,-28,407,73,253,-15,0,0" /><INIT seed="5,0,0,3,0,113" ten="332,480,238,0" oya="1" hai0="61,115,1,77,133,72,52,50,40,58,49,66,83" hai1="126,90,130,0,92,131,44,120,59,42,81,62,80" hai2="35,104,87,69,67,91,101,78,88,71,33,122,34" hai3=""/><U114/><N who="1" m="30752" /><U105/><E0/><V117/><N who="2" m="31264" /><V100/><F117/><T79/><D133/><U43/><E105/><V39/><F39/><T132/><D132/><U74/><E114/><V65/><F78/><T68/><D115/><U93/><E126/><V121/><N who="2" m="31008" /><V36/><F36/><T76/><D1/><U47/><E92/><V116/><F116/><T89/><D89/><N who="2" m="34378" /><F87/><T86/><REACH who="0" step="1"/><D72/><REACH who="0" ten="322,480,238,0" step="2"/><U3/><E74/><V129/><F129/><T82/><D82/><U53/><E80/><V119/><F119/><T124/><D124/><U123/><E81/><V57/><F104/><T75/><D75/><U48/><E131/><V96/><F96/><T135/><D135/><U134/><E130/><V64/><F57/><T38/><D38/><U37/><E134/><V102/><AGARI ba="0,1" hai="33,34,35,64,65,67,69,71,100,101,102" m="34378,31008,31264" machi="102" ten="40,9000,2" yaku="29,2,28,2,52,2,54,1" doraHai="113" who="2" fromWho="2" sc="322,-30,480,-60,238,100,0,0" /><INIT seed="6,0,0,3,3,55" ten="292,420,338,0" oya="2" hai0="98,119,3,95,112,69,108,51,87,71,83,123,35" hai1="91,32,67,42,2,50,59,134,65,53,46,77,33" hai2="40,129,39,41,116,104,105,118,113,85,61,133,76" hai3=""/><V66/><F113/><T62/><N who="0" m="31520" /><T38/><D108/><U135/><E2/><V49/><F39/><T131/><D119/><U43/><E91/><V93/><F129/><T81/><D38/><U63/><E77/><V82/><F133/><N who="1" m="50697" /><E65/><V70/><F105/><T121/><N who="0" m="31008" /><T56/><D35/><AGARI ba="0,0" hai="32,33,35,42,43,46,50,53,59,63,67" m="50697" machi="35" ten="30,2000,0" yaku="20,1,52,1" doraHai="55" who="1" fromWho="0" sc="292,-20,420,20,338,0,0,0" owari="272,-33.0,440,39.0,338,-6.0,0,0.0" /></mjloggm>