<mjloggm ver="2.3"><GO type="169" lobby="0"/><UN n0="%E3%83%A9%E3%83%96%E3%83%AC%E3%83%BC" n1="%E5%B8%B8%E5%8B%9D%EF%BC%9F%EF%BC%9F%E3%83%97%E3%83%AD" n2="%6F%72%74%68%6F%70%65%64" n3="%74%61%6E%61%4B%61" dan="17,16,16,17" rate="2229.71,2184.44,2075.85,2165.40" sx="M,M,M,M"/><TAIKYOKU oya="0"/><INIT seed="0,0,0,5,3,63" ten="250,250,250,250" oya="0" hai0="73,108,8,82,24,17,110,6,31,128,86,2,96" hai1="127,133,88,1,119,35,18,30,90,10,122,102,94" hai2="22,100,42,134,65,115,34,26,89,76,114,87,64" hai3="125,60,107,54,62,83,28,21,11,79,95,37,98"/><T25/><D73/><U47/><E119/><V135/><F100/><W4/><G107/><T71/><D96/><U67/><E122/><V15/><F42/><W43/><G125/><T55/><D71/><U13/><E127/><V72/><F15/><W56/><G28/><T126/><D126/><U23/><E133/><N who="2" m="50699" /><F34/><W99/><G21/><N who="0" m="13359" /><D55/><U80/><E35/><V117/><F76/><W38/><G62/><T78/><D31/><U68/><E47/><V109/><F117/><W51/><G51/><T130/><D25/><U58/><E68/><V44/><F44/><W131/><G131/><AGARI ba="0,0" hai="2,6,8,78,82,86,108,110,128,130,131" m="13359" machi="131" ten="30,1500,0" yaku="19,1" doraHai="63" who="0" fromWho="3" sc="250,15,250,0,250,0,250,-15" /><INIT seed="0,1,0,3,5,23" ten="265,250,250,235" oya="0" hai0="93,86,61,52,82,4,135,42,11,120,106,31,99" hai1="63,14,74,34,38,79,6,89,19,132,119,117,9" hai2="125,2,56,17,127,53,25,98,27,108,118,5,22" hai3="100,133,121,92,29,12,64,10,44,128,130,87,57"/><T109/><D120/><U66/><E38/><V85/><F108/><W97/><G133/><T131/><D135/><U8/><E132/><V75/><F75/><W69/><G69/><T60/><D106/><U73/><E34/><V40/><F40/><W81/><G44/><T49/><D42/><U76/><E89/><V88/><F98/><W103/><G121/><T43/><D43/><U102/><E102/><V55/><F118/><W36/><G36/><T26/><D109/><U24/><E74/><V134/><F134/><W28/><G103/><T126/><D126/><N who="2" m="48138" /><F56/><W30/><G64/><T41/><D41/><U114/><E114/><V59/><F59/><W0/><G0/><T54/><D131/><U67/><E67/><V45/><F45/><W84/><G57/><N who="0" m="32911" /><D54/><N who="2" m="20490" /><F5/><W35/><G35/><T96/><D96/><U111/><E111/><V47/><F47/><W124/><G124/><T15/><D99/><U94/><E73/><V113/><F2/><W107/><G107/><T70/><D93/><U77/><E94/><N who="2" m="54543" /><F113/><W68/><G68/><T129/><D129/><N who="3" m="49769" /><G81/><T50/><D70/><U39/><E39/><V7/><F7/><AGARI ba="1,0" hai="7,10,12,28,29,30,84,87,92,97,100" m="49769" machi="7" ten="30,1000,0" yaku="19,1" doraHai="23" who="3" fromWho="2" sc="265,0,250,0,250,-13,235,13" /><INIT seed="1,0,0,4,1,90" ten="265,250,237,248" oya="1" hai0="89,60,25,59,81,18,49,75,44,117,41,52,64" hai1="84,76,19,130,82,15,16,98,6,32,55,27,66" hai2="112,29,108,74,38,22,13,46,87,100,45,78,83" hai3="79,56,36,94,30,3,129,91,126,72,101,12,107"/><U134/><E134/><V70/><F70/><W4/><G3/><T21/><D117/><U20/><E130/><V69/><F69/><W43/><G126/><T26/><D75/><U61/><E6/><V14/><F100/><W31/><G129/><T10/><D10/><U85/><E55/><V106/><F106/><W48/><G36/><T114/><D114/><U54/><E54/><V71/><F87/><W11/><G107/><T97/><D26/><U122/><E122/><V7/><F22/><W86/><G101/><T9/><D9/><U124/><E124/><V24/><F29/><W62/><G79/><T73/><D73/><U128/><E128/><V92/><F83/><W23/><G23/><T58/><D81/><U123/><E123/><V132/><F45/><N who="3" m="25663" /><G72/><T93/><D41/><U2/><E2/><V37/><F37/><W65/><AGARI ba="0,0" hai="4,11,12,30,31,56,62,65,86,91,94" m="25663" machi="65" ten="30,2000,0" yaku="8,1,52,1" doraHai="90" who="3" fromWho="3" sc="265,-5,250,-10,237,-5,248,20" /><INIT seed="2,0,0,1,0,17" ten="260,240,232,268" oya="2" hai0="108,115,29,37,95,32,89,9,93,105,33,122,132" hai1="107,53,76,119,85,83,7,90,75,120,15,18,34" hai2="66,12,3,97,121,31,99,49,52,38,111,123,19" hai3="42,114,1,101,113,44,54,82,63,67,77,2,23"/><V102/><F38/><W0/><G101/><T22/><D105/><U112/><E119/><V24/><F3/><W71/><G54/><T74/><D74/><U91/><E112/><V20/><F66/><W68/><G68/><T84/><D115/><N who="3" m="44041" /><G23/><T81/><D37/><U5/><E34/><V96/><F111/><W50/><G0/><T124/><D122/><U46/><E107/><V13/><F102/><W125/><G125/><T62/><D124/><U86/><E120/><V117/><F12/><W10/><G10/><T6/><D132/><U127/><E75/><AGARI ba="0,0" hai="1,2,42,44,50,63,67,71,75,77,82" m="44041" machi="75" ten="30,1000,0" yaku="11,1" doraHai="17" who="3" fromWho="1" sc="260,0,240,-10,232,0,268,10" /><INIT seed="3,0,0,5,0,111" ten="260,230,232,278" oya="3" hai0="80,56,130,24,12,63,7,36,10,27,97,59,117" hai1="20,54,32,19,75,89,26,69,94,96,66,41,90" hai2="35,78,16,4,77,43,70,84,33,79,114,128,38" hai3="73,44,92,40,49,29,85,45,67,121,88,53,47"/><W2/><G2/><T6/><D117/><U25/><E75/><V76/><F70/><W55/><G73/><T112/><D36/><U108/><E108/><V132/><F4/><W3/><G3/><T15/><D130/><U1/><E1/><V51/><F38/><W120/><G120/><T86/><D97/><U65/><E69/><V74/><F74/><W125/><G121/><T62/><D86/><U34/><E41/><V131/><F43/><W95/><G125/><T52/><D80/><U133/><E133/><V104/><F51/><W119/><G119/><T93/><D93/><U102/><E34/><V100/><F104/><W106/><G106/><T122/><D122/><U57/><E32/><V61/><F61/><W18/><G29/><T5/><D112/><U42/><E26/><V105/><F114/><W60/><G18/><T46/><D46/><N who="3" m="18025" /><G95/><T21/><D21/><U48/><E42/><V8/><F35/><W30/><G30/><T81/><D81/><U113/><E113/><V123/><F33/><W23/><G23/><T126/><D126/><U129/><E129/><N who="2" m="49739" /><F123/><W83/><G83/><T37/><D37/><U91/><AGARI ba="0,0" hai="19,20,25,48,54,57,65,66,89,90,91,94,96,102" machi="91" ten="30,2000,0" yaku="0,1,8,1" doraHai="111" who="1" fromWho="1" sc="260,-5,230,20,232,-5,278,-10" /><INIT seed="4,0,0,5,4,95" ten="255,250,227,268" oya="0" hai0="92,117,83,126,24,53,25,73,122,97,71,32,26" hai1="123,12,91,4,17,94,57,80,127,22,85,5,125" hai2="118,121,66,65,129,51,70,21,115,124,76,77,111" hai3="82,113,61,100,28,3,50,42,40,35,87,39,37"/><T1/><D1/><U114/><E123/><V112/><F121/><W9/><G113/><N who="2" m="43593" /><F21/><W34/><G61/><T43/><D117/><U104/><E104/><V55/><F111/><W16/><G100/><T46/><D71/><U7/><E114/><V75/><F75/><W116/><G116/><T108/><D108/><U33/><E33/><V109/><F109/><W68/><G68/><T110/><D126/><U13/><E13/><V131/><F118/><W89/><G3/><T90/><D53/><U38/><E38/><V30/><F30/><W67/><G67/><N who="2" m="25609" /><F70/><W135/><G28/><T52/><D110/><U58/><E80/><V79/><F124/><AGARI ba="0,0" hai="4,5,7,12,17,22,57,58,85,91,94,124,125,127" machi="124" ten="40,1300,0" yaku="18,1" doraHai="95" who="1" fromWho="2" sc="255,0,250,13,227,-13,268,0" /><INIT seed="5,0,0,3,5,13" ten="255,263,214,268" oya="1" hai0="70,122,48,9,62,51,59,118,33,63,65,18,0" hai1="88,40,22,107,47,110,77,80,73,60,84,11,131" hai2="92,83,25,15,94,133,67,6,19,87,14,98,71" hai3="86,113,38,35,57,58,106,74,12,49,8,109,90"/><U99/><E131/><V121/><F121/><W17/><G109/><T116/><D33/><U45/><E110/><V46/><F133/><W111/><G113/><T54/><D0/><U82/><E60/><V20/><F71/><W135/><G38/><T114/><D114/><U123/><E123/><V44/><F67/><W93/><G35/><T24/><D122/><U31/><E11/><V128/><F128/><W95/><G106/><T37/><D9/><U76/><E76/><V34/><F34/><W96/><G74/><T105/><D105/><U81/><E81/><V32/><F32/><W101/><G111/><T117/><REACH who="0" step="1"/><D37/><REACH who="0" ten="245,263,214,268" step="2"/><U1/><E1/><V55/><F6/><W2/><G2/><T115/><D115/><U68/><E107/><V72/><F72/><W129/><G129/><T3/><D3/><U103/><E73/><V36/><F36/><W66/><G135/><T53/><D53/><U23/><E22/><AGARI ba="0,1" hai="18,22,24,48,51,54,59,62,63,65,70,116,117,118" machi="22" ten="40,2600,0" yaku="1,1,52,1,53,0" doraHai="13" doraHaiUra="125" who="0" fromWho="1" sc="245,36,263,-26,214,0,268,0" /><INIT seed="6,0,0,1,5,78" ten="281,237,214,268" oya="2" hai0="93,20,35,15,4,84,34,61,29,90,108,85,9" hai1="104,106,121,13,107,129,126,41,74,66,116,86,45" hai2="127,26,102,132,125,76,87,123,75,101,131,11,55" hai3="46,56,67,38,82,112,10,25,59,99,109,36,47"/><V134/><F123/><W69/><G25/><T24/><D108/><U133/><E74/><V97/><F75/><W6/><G109/><T32/><D61/><U83/><E116/><V80/><F55/><W8/><G99/><T65/><D65/><U122/><E133/><N who="2" m="51307" /><F26/><W115/><G6/><T7/><D7/><U91/><E126/><N who="2" m="48139" /><F11/><W120/><G67/><T72/><D72/><U100/><E129/><V31/><F31/><W49/><G49/><T70/><D70/><U117/><E117/><V119/><F119/><W33/><G69/><T89/><D35/><U110/><E110/><V118/><F118/><W79/><G33/><T27/><D27/><U103/><E66/><V98/><F131/><W0/><G120/><N who="1" m="46186" /><E13/><V105/><F105/><N who="1" m="26881" /><U94/><DORA hai="130" /><E45/><V14/><F14/><W92/><G0/><T40/><D40/><U68/><E68/><V64/><F64/><W23/><G46/><T60/><D60/><U62/><E62/><V18/><F18/><W114/><G47/><T58/><D58/><BYE who="0" /><UN n0="%E3%83%A9%E3%83%96%E3%83%AC%E3%83%BC" /><U12/><E12/><V51/><F51/><W135/><G56/><T71/><D71/><U5/><E5/><V111/><F111/><W63/><G59/><T30/><D30/><U21/><E21/><V22/><F22/><W124/><G63/><T73/><D73/><U54/><E54/><V28/><F28/><W128/><G128/><T113/><D34/><U2/><E2/><V1/><F1/><W43/><G124/><T37/><D32/><U96/><E41/><V39/><F39/><W17/><G38/><T52/><D29/><U88/><AGARI ba="0,0" hai="83,86,88,91,94,96,100,103" m="26881,46186" machi="88" ten="50,12000,2" yaku="5,1,13,1,34,2,52,1,54,1" doraHai="78,130" who="1" fromWho="1" sc="281,-30,237,120,214,-60,268,-30" /><INIT seed="7,0,0,2,0,50" ten="251,357,154,238" oya="3" hai0="68,97,63,20,115,30,118,42,79,87,72,16,95" hai1="38,0,133,125,119,107,86,114,73,101,27,36,112" hai2="26,8,39,104,18,54,83,5,44,74,70,111,93" hai3="92,51,14,7,76,55,98,65,4,40,35,49,129"/><W23/><G35/><T84/><D118/><U62/><E73/><V2/><F111/><W17/><G129/><T113/><D42/><U58/><E0/><V24/><F104/><W31/><G31/><T127/><D30/><U53/><E133/><V34/><F70/><W116/><G65/><T124/><D72/><U12/><E125/><N who="0" m="48201" /><D68/><U19/><E27/><V135/><F135/><W99/><G76/><T46/><D46/><U128/><E119/><V80/><F93/><W13/><G99/><T100/><D63/><U131/><E86/><N who="0" m="32809" /><D79/><U81/><E81/><V89/><F34/><W105/><G105/><T96/><D97/><N who="1" m="61871" /><E36/><V56/><F83/><W29/><G29/><T64/><D64/><U9/><E38/><V71/><F71/><W41/><G49/><T67/><D67/><U10/><E10/><V103/><F74/><W60/><G60/><T102/><D100/><U57/><E57/><V88/><F103/><N who="3" m="60871" /><G14/><AGARI ba="0,0" hai="14,16,20,95,96,102,113,115" m="32809,48201" machi="14" ten="30,2000,0" yaku="18,1,54,1" doraHai="50" who="0" fromWho="3" sc="251,20,357,0,154,0,238,-20" owari="271,7.0,357,46.0,154,-35.0,218,-18.0" /></mjloggm>