<mjloggm ver="2.3"><GO type="185" lobby="0"/><UN n0="%E5%A4%A9%E3%83%B6%E7%80%AC%E5%A5%88%E6%9C%88" n1="%E3%81%B2%E3%82%8D%E3%81%8D%E3%81%A7%E3%81%99" n2="%61%6E%64%6F%35%35" n3="" dan="16,17,16,0" rate="2238.57,2195.29,2172.73,1500.00" sx="M,M,M,C"/><TAIKYOKU oya="0"/><INIT seed="0,0,0,0,4,102" ten="350,350,350,0" oya="0" hai0="51,104,77,129,89,118,72,107,122,2,119,39,92" hai1="115,47,100,78,105,112,88,44,54,117,84,113,40" hai2="79,76,59,80,133,128,75,3,57,124,35,123,65" hai3=""/><T52/><N who="0" m="31264" /><T83/><D2/><U106/><E117/><V116/><N who="2" m="31520" /><V101/><F3/><T86/><D39/><U93/><E78/><V95/><F35/><T66/><D129/><U42/><E100/><V132/><F128/><T1/><D1/><U36/><REACH who="1" step="1"/><E54/><REACH who="1" ten="350,340,350,0" step="2"/><V81/><F116/><T38/><D118/><U126/><E126/><V56/><F124/><T110/><D119/><U55/><E55/><V111/><F79/><T99/><D110/><U108/><E108/><V109/><F109/><T85/><D66/><U33/><E33/><V125/><F111/><T37/><D37/><AGARI ba="0,1" hai="36,37,40,42,44,47,84,88,93,105,106,112,113,115" machi="37" ten="40,12000,2" yaku="1,1,9,1,11,1,52,2,54,1,53,0" doraHai="102" doraHaiUra="63" who="1" fromWho="0" sc="350,-120,340,130,350,0,0,0" /><INIT seed="1,0,0,4,5,74" ten="230,470,350,0" oya="1" hai0="53,101,87,43,75,2,116,68,88,106,44,84,110" hai1="92,76,54,134,1,65,122,125,114,62,108,104,129" hai2="113,115,69,112,89,58,103,95,80,73,71,64,48" hai3=""/><U132/><N who="1" m="31264" /><U100/><E1/><V83/><F103/><T66/><D2/><U59/><E114/><V124/><F124/><T51/><D75/><U39/><E125/><V127/><F127/><T38/><D110/><U42/><E108/><V55/><F64/><T0/><D0/><U57/><E104/><V36/><F36/><T70/><D116/><U117/><E117/><V40/><F40/><T60/><D70/><N who="2" m="26634" /><F73/><T131/><D131/><U94/><E129/><V98/><AGARI ba="0,0" hai="48,55,58,80,83,89,95,98,112,113,115" m="26634" machi="98" ten="40,1100,0" yaku="11,1" doraHai="74" who="2" fromWho="2" sc="230,-4,470,-7,350,11,0,0" /><INIT seed="2,0,0,0,3,67" ten="226,463,361,0" oya="2" hai0="123,59,118,43,129,116,0,51,69,84,38,39,48" hai1="40,36,55,73,127,128,113,82,72,54,78,80,77" hai2="70,107,100,52,122,74,102,37,75,58,135,110,121" hai3=""/><V89/><N who="2" m="31008" /><V97/><N who="2" m="31264" /><V101/><F37/><T98/><N who="0" m="31520" /><T76/><D0/><U85/><E113/><V60/><F135/><T130/><D98/><U94/><E128/><N who="0" m="49257" /><D84/><U32/><E32/><V68/><F110/><T111/><D76/><U34/><E34/><V92/><REACH who="2" step="1"/><F107/><REACH who="2" ten="226,463,351,0" step="2"/><T120/><N who="0" m="30752" /><T61/><D111/><U115/><E115/><V90/><F90/><T56/><D39/><U103/><E127/><V124/><F124/><T3/><D38/><U1/><E1/><V125/><F125/><T96/><D3/><U2/><E2/><V57/><F57/><T50/><D59/><U108/><E108/><V133/><F133/><T33/><D33/><U63/><E36/><V64/><F64/><T41/><D56/><U134/><E134/><V79/><F79/><T35/><D35/><U119/><E78/><V86/><F86/><T95/><D116/><U132/><E132/><V81/><BYE who="1" /><F81/><T42/><D118/><U87/><E87/><V66/><F66/><T49/><N who="0" m="12288" /><DORA hai="88" /><T131/><N who="0" m="49265" /><T117/><DORA hai="105" /><D117/><U91/><E91/><V53/><F53/><T46/><D41/><U112/><E112/><V109/><F109/><T62/><D42/><U83/><E83/><RYUUKYOKU ba="0,1" sc="226,-10,463,-10,351,20,0,0" hai2="52,58,60,68,70,74,75,89,92,97,100,101,102" /><INIT seed="2,1,1,2,2,92" ten="216,453,371,0" oya="2" hai0="51,102,133,69,96,62,54,99,79,53,34,66,94" hai1="64,98,114,118,113,82,123,84,35,119,105,73,50" hai2="52,33,89,42,81,3,61,2,78,68,40,116,104" hai3=""/><V131/><F116/><T88/><D34/><U132/><E132/><V43/><F33/><T108/><D133/><U107/><E107/><V59/><F131/><T70/><D108/><U39/><E39/><V120/><N who="2" m="30752" /><V80/><F104/><UN n1="%E3%81%B2%E3%82%8D%E3%81%8D%E3%81%A7%E3%81%99" /><T126/><D126/><U38/><N who="1" m="31520" /><U65/><E38/><V71/><F81/><T87/><D70/><U109/><E73/><V110/><F110/><T124/><D124/><U37/><E37/><V0/><REACH who="2" step="1"/><F89/><REACH who="2" ten="216,453,361,0" step="2"/><T85/><D79/><U129/><E35/><V135/><F135/><T58/><REACH who="0" step="1"/><D54/><REACH who="0" ten="206,453,361,0" step="2"/><U32/><E109/><V47/><F47/><T100/><D100/><U97/><E32/><V77/><F77/><T91/><D91/><U90/><E129/><V41/><N who="2" m="10240" /><DORA hai="125" /><V83/><F83/><T76/><D76/><U111/><E111/><V122/><N who="2" m="31264" /><V60/><F60/><T106/><AGARI ba="1,3" hai="51,53,58,62,66,69,85,87,88,94,96,99,102,106" machi="106" ten="20,9000,2" yaku="1,1,0,1,7,1,52,2,54,1,53,0" doraHai="92,125" doraHaiUra="115,127" who="0" fromWho="0" sc="206,122,453,-31,361,-61,0,0" /><INIT seed="4,0,0,2,4,32" ten="328,422,300,0" oya="0" hai0="41,86,73,43,40,120,124,83,114,108,102,49,0" hai1="110,63,127,101,97,111,94,82,93,90,61,60,57" hai2="59,77,62,46,42,95,72,103,105,66,54,37,48" hai3=""/><T122/><N who="0" m="30752" /><T96/><N who="0" m="31264" /><T125/><D114/><U89/><E127/><N who="0" m="48713" /><D73/><U45/><E57/><V56/><F105/><T65/><D108/><U121/><N who="1" m="31008" /><U132/><E132/><V51/><F77/><T44/><D65/><U50/><E82/><V34/><F72/><T2/><D41/><U76/><E76/><V80/><F80/><T52/><D43/><U123/><N who="1" m="31520" /><U88/><REACH who="1" step="1"/><E93/><REACH who="1" ten="328,412,300,0" step="2"/><V129/><F34/><T68/><D68/><U99/><E99/><V58/><F129/><T47/><D83/><U55/><AGARI ba="0,1" hai="45,50,55,60,61,63,88,89,90,94,97,101,110,111" m="31520,31008" machi="55" ten="30,6000,1" yaku="1,1,0,1,52,2,54,1,53,0" doraHai="32" doraHaiUra="74" who="1" fromWho="1" sc="328,-40,412,70,300,-20,0,0" /><INIT seed="5,0,0,5,1,97" ten="288,482,280,0" oya="1" hai0="90,43,47,99,1,130,75,126,122,86,102,124,98" hai1="72,89,95,135,52,32,51,85,48,88,118,131,132" hai2="76,68,111,46,82,84,59,40,66,129,55,67,94" hai3=""/><U80/><E32/><V125/><F111/><T57/><N who="0" m="31264" /><T34/><D1/><U133/><E118/><V92/><F129/><T65/><D34/><U79/><E131/><V120/><N who="2" m="30752" /><V77/><F125/><N who="0" m="48234" /><D75/><U114/><E114/><V109/><F109/><T106/><D130/><U42/><E42/><V3/><F3/><T74/><D74/><U112/><E112/><V78/><F67/><T103/><D57/><U116/><E116/><V38/><F66/><T87/><D90/><U2/><E2/><V71/><F92/><T62/><D62/><U104/><E104/><V39/><F39/><T93/><D65/><U44/><E89/><V123/><N who="2" m="31520" /><V96/><F76/><T50/><AGARI ba="0,0" hai="43,47,50,86,87,93,98,99,102,103,106" m="48234,31264" machi="50" ten="30,5900,0" yaku="18,1,52,3" doraHai="97" who="0" fromWho="0" sc="288,59,482,-39,280,-20,0,0" /><INIT seed="6,0,0,5,2,88" ten="347,443,260,0" oya="2" hai0="101,114,94,100,82,70,102,44,135,75,123,50,116" hai1="46,49,81,89,103,129,91,57,72,60,128,74,112" hai2="105,92,120,131,51,76,126,109,73,65,79,125,119" hai3=""/><V39/><N who="2" m="30752" /><V134/><F119/><T58/><N who="0" m="31520" /><T48/><D116/><U118/><E118/><V124/><F105/><T41/><D70/><U38/><E38/><V113/><F39/><T104/><D104/><U66/><E103/><V55/><F113/><T62/><D135/><U40/><E112/><V34/><F134/><T110/><D110/><U71/><E71/><V83/><F34/><T121/><N who="0" m="31008" /><T99/><D114/><U108/><E108/><V0/><F109/><T64/><D75/><N who="1" m="28715" /><E81/><V42/><F0/><T117/><D117/><U86/><E86/><V69/><F131/><AGARI ba="0,0" hai="40,46,49,57,60,66,89,91,128,129,131" m="28715" machi="131" ten="30,1000,0" yaku="19,1" doraHai="88" who="1" fromWho="2" sc="347,0,443,10,260,-10,0,0" owari="347,-5.0,453,40.0,250,-35.0,0,0.0" /></mjloggm>