<mjloggm ver="2.3"><GO type="185" lobby="0"/><UN n0="%E4%B8%AD%E3%83%91%E3%83%B3%E3%83%81%E7%A9%BA%E3%82%AD%E3%83%A3%E3%83%B3" n1="%E3%81%9D%E3%81%86%E3%81%A1%E3%82%87" n2="%E9%BE%8D%E5%B9%B3" n3="" dan="16,16,16,0" rate="2225.23,2168.83,2235.24,1500.00" sx="M,F,M,C"/><TAIKYOKU oya="0"/><INIT seed="0,0,0,0,3,94" ten="350,350,350,0" oya="0" hai0="53,48,87,83,134,88,47,77,92,104,97,91,96" hai1="3,43,38,81,128,46,62,103,115,123,84,110,117" hai2="58,75,36,0,51,116,57,66,124,113,90,99,86" hai3=""/><T106/><D134/><U63/><N who="1" m="31520" /><U135/><E117/><V42/><F0/><T78/><REACH who="0" step="1"/><D97/><REACH who="0" ten="340,350,350,0" step="2"/><U41/><E135/><V74/><F99/><T44/><D44/><U73/><E46/><V2/><F2/><T80/><D80/><U93/><E81/><V121/><F116/><T33/><D33/><U130/><E3/><V50/><F113/><T56/><D56/><U95/><E115/><V35/><F35/><T132/><D132/><U112/><E112/><V79/><F58/><T54/><D54/><U131/><E131/><V107/><F57/><T32/><D32/><U39/><E130/><V133/><F133/><T98/><D98/><U109/><E128/><V64/><F121/><T111/><D111/><U1/><E110/><V52/><F52/><T129/><D129/><U72/><E109/><V34/><F34/><T76/><AGARI ba="0,1" hai="47,48,53,76,77,78,83,87,88,91,92,96,104,106" machi="76" ten="30,12000,2" yaku="1,1,0,1,52,1,54,1,53,2" doraHai="94" doraHaiUra="101" who="0" fromWho="0" sc="340,130,350,-60,350,-60,0,0" /><INIT seed="0,1,0,0,3,119" ten="470,290,290,0" oya="0" hai0="94,81,42,97,59,95,100,1,63,89,55,35,82" hai1="34,65,66,64,62,129,133,112,110,96,107,115,77" hai2="130,121,102,73,72,69,46,33,68,118,109,92,135" hai3=""/><T114/><D1/><U51/><E34/><V113/><RYUUKYOKU type="yao9" ba="1,0" sc="470,0,290,0,290,0,0,0" hai2="33,46,68,69,72,73,92,102,109,113,118,121,130,135" /><INIT seed="0,2,0,2,5,128" ten="470,290,290,0" oya="0" hai0="102,125,49,35,40,77,104,82,89,37,80,122,108" hai1="52,79,58,110,86,132,95,34,97,74,92,114,101" hai2="75,61,119,72,96,47,71,83,2,45,115,112,65" hai3=""/><T59/><N who="0" m="31264" /><T57/><D35/><U62/><E34/><V81/><F2/><T54/><D125/><U76/><E114/><V85/><F119/><T32/><D32/><U103/><E110/><V93/><F81/><T39/><D108/><U63/><E74/><V88/><F75/><T60/><D104/><U70/><E132/><V121/><N who="2" m="31008" /><V56/><F72/><T98/><D89/><U109/><E109/><V46/><REACH who="2" step="1"/><F71/><REACH who="2" ten="470,290,280,0" step="2"/><T73/><D82/><U134/><E70/><V43/><F43/><T133/><D40/><U117/><E117/><V113/><F113/><T78/><D73/><U33/><E33/><V118/><F118/><T130/><D80/><U127/><E127/><V66/><F66/><T123/><N who="0" m="31520" /><T64/><D64/><U51/><E52/><V124/><F124/><T55/><D55/><U87/><E134/><V100/><AGARI ba="2,1" hai="45,46,47,56,61,65,83,85,88,93,96,100,112,115" m="31008" machi="100" ten="30,5900,0" yaku="1,1,0,1,52,1,54,1,53,0" doraHai="128" doraHaiUra="129" who="2" fromWho="2" sc="470,-41,290,-22,280,73,0,0" /><INIT seed="1,0,0,1,0,88" ten="429,268,353,0" oya="1" hai0="102,32,121,101,116,48,71,79,118,108,0,111,33" hai1="49,64,38,131,67,2,110,119,39,35,42,97,125" hai2="89,46,43,132,47,81,37,109,98,100,95,92,69" hai3=""/><U52/><E35/><V83/><F69/><T72/><N who="0" m="31008" /><T120/><N who="0" m="30752" /><T91/><D0/><U63/><E2/><V96/><F109/><N who="0" m="42058" /><D71/><U57/><E110/><V76/><F132/><T85/><D72/><U3/><E3/><V61/><F76/><T128/><D79/><U113/><E113/><V73/><F73/><T93/><D128/><U59/><E131/><V124/><F124/><T75/><D75/><U122/><N who="1" m="31264" /><U51/><E125/><V123/><N who="2" m="31520" /><V84/><F98/><T62/><D62/><U80/><E119/><N who="0" m="45609" /><D48/><U117/><E117/><V103/><F61/><T78/><D78/><U133/><E51/><V105/><F103/><AGARI ba="0,0" hai="32,33,85,91,93,101,102,103" m="45609,42058,30752,31008" machi="103" ten="30,8000,1" yaku="14,1,12,1,52,3" doraHai="88" who="0" fromWho="2" sc="429,80,268,0,353,-80,0,0" /><INIT seed="2,0,0,5,0,93" ten="509,268,273,0" oya="2" hai0="69,96,37,128,78,129,56,1,77,91,87,126,61" hai1="122,120,107,84,103,46,132,48,106,58,52,104,64" hai2="98,134,83,116,97,35,55,133,76,75,63,130,43" hai3=""/><V49/><F35/><T71/><D1/><U0/><N who="1" m="30752" /><U80/><N who="1" m="31264" /><U33/><E0/><V105/><F116/><T85/><D37/><U67/><E33/><V95/><F130/><T41/><D41/><U53/><E132/><N who="2" m="50795" /><F105/><T108/><D126/><U40/><E103/><V115/><F115/><T110/><D56/><U51/><REACH who="1" step="1"/><E40/><REACH who="1" ten="509,258,273,0" step="2"/><V114/><F114/><T100/><D100/><U101/><E101/><V113/><F113/><T123/><D123/><U127/><E127/><V82/><F43/><T102/><D102/><U36/><E36/><V73/><F63/><T32/><D61/><U66/><E66/><V89/><F49/><T79/><D32/><U47/><E47/><V44/><F44/><T59/><D128/><U94/><E94/><V38/><F38/><T119/><D129/><U68/><E68/><V34/><F34/><T65/><D71/><U90/><AGARI ba="0,1" hai="46,48,51,52,53,58,64,67,80,84,90,104,106,107" m="31264,30752" machi="90" ten="30,6000,1" yaku="1,1,0,1,52,2,54,1,53,0" doraHai="93" doraHaiUra="121" who="1" fromWho="1" sc="509,-20,258,70,273,-40,0,0" /><INIT seed="4,0,0,1,2,128" ten="489,328,233,0" oya="0" hai0="43,34,97,53,93,130,41,123,61,3,101,38,40" hai1="110,32,127,85,111,113,112,60,62,114,104,58,54" hai2="99,105,91,79,78,47,55,120,0,51,36,64,76" hai3=""/><T95/><N who="0" m="31520" /><T126/><D130/><U35/><E104/><V96/><N who="2" m="30752" /><V45/><F0/><T39/><D3/><U70/><E85/><V42/><F105/><T57/><D34/><N who="1" m="12843" /><E127/><V33/><F33/><T107/><D126/><U92/><E92/><V49/><F36/><T124/><D124/><U48/><E70/><V52/><F64/><T90/><REACH who="0" step="1"/><D107/><REACH who="0" ten="479,328,233,0" step="2"/><U83/><E112/><V82/><F42/><T44/><D44/><U132/><E113/><V106/><F106/><T67/><D67/><U88/><E114/><V109/><F109/><T117/><D117/><U75/><E111/><V71/><F71/><T74/><D74/><U86/><E110/><V50/><F82/><T65/><D65/><U89/><E75/><V119/><F119/><T66/><D66/><U121/><E121/><V115/><F115/><T131/><D131/><U103/><E83/><V125/><F125/><T80/><D80/><U56/><E56/><V69/><F69/><T63/><D63/><U94/><E60/><V134/><F45/><T122/><N who="0" m="31264" /><T68/><D68/><U135/><E58/><V73/><F73/><T72/><D72/><U2/><E2/><V84/><F47/><T98/><AGARI ba="0,1" hai="38,39,40,41,43,53,57,61,90,93,95,97,98,101" m="31264,31520" machi="98" ten="30,8000,1" yaku="1,1,0,1,52,2,53,1" doraHai="128" doraHaiUra="87" who="0" fromWho="0" sc="479,90,328,-40,233,-40,0,0" /><INIT seed="4,1,0,5,1,73" ten="569,288,193,0" oya="0" hai0="64,58,71,128,114,32,88,60,35,3,69,67,44" hai1="70,133,66,108,41,95,93,105,106,118,119,46,130" hai2="59,123,77,103,109,124,53,48,131,120,87,63,78" hai3=""/><T98/><D3/><U43/><E108/><V65/><N who="2" m="30752" /><V94/><N who="2" m="31520" /><V80/><F109/><T90/><D128/><U116/><E130/><V42/><F131/><T104/><D114/><U79/><E133/><V36/><F124/><T125/><D125/><U92/><E66/><V51/><F36/><T129/><D129/><U83/><E70/><V110/><F110/><T117/><D117/><U134/><E134/><V75/><F42/><T135/><D135/><U40/><E46/><V101/><F48/><T96/><D44/><U82/><REACH who="1" step="1"/><E79/><REACH who="1" ten="569,278,193,0" step="2"/><V97/><F75/><T132/><D132/><U107/><AGARI ba="1,1" hai="40,41,43,82,83,92,93,95,105,106,107,116,118,119" machi="107" ten="50,24000,5" yakuman="40" doraHai="73" doraHaiUra="74" who="1" fromWho="1" sc="569,-161,278,252,193,-81,0,0" /><INIT seed="5,0,0,4,2,98" ten="408,530,112,0" oya="1" hai0="89,93,76,59,123,108,57,42,131,112,54,97,92" hai1="65,43,52,99,133,122,34,105,88,83,111,103,116" hai2="55,37,3,50,104,66,115,70,51,77,44,109,82" hai3=""/><U69/><N who="1" m="31264" /><U1/><E116/><V118/><F3/><T86/><N who="0" m="31520" /><T41/><D108/><U49/><E1/><V113/><F104/><T56/><D131/><U127/><E111/><V128/><F109/><T120/><N who="0" m="30752" /><T110/><D110/><U63/><E133/><V81/><F118/><T121/><N who="0" m="31008" /><T48/><D112/><U101/><E127/><V47/><F128/><T79/><D79/><U32/><E43/><N who="0" m="16393" /><D76/><U130/><E130/><V75/><F37/><T85/><D85/><U64/><E64/><V61/><REACH who="2" step="1"/><F81/><REACH who="2" ten="408,530,102,0" step="2"/><T60/><D48/><U67/><E49/><V0/><F0/><T90/><AGARI ba="0,1" hai="54,56,57,59,60,86,89,90,92,93,97" m="16393,31008,30752,31520" machi="90" ten="30,5900,0" yaku="8,1,52,3" doraHai="98" who="0" fromWho="0" sc="408,69,530,-39,102,-20,0,0" /><INIT seed="6,0,0,1,3,0" ten="477,491,82,0" oya="2" hai0="112,134,104,67,119,84,111,71,33,45,99,40,125" hai1="100,98,87,80,64,123,117,108,54,63,55,76,38" hai2="59,68,121,72,75,110,53,94,128,78,49,85,120" hai3=""/><V47/><N who="2" m="30752" /><V74/><N who="2" m="31008" /><V101/><F68/><T131/><D111/><U114/><N who="1" m="31520" /><U65/><E108/><V56/><F110/><T109/><D33/><U127/><E38/><V36/><F128/><T96/><D109/><U97/><E114/><V122/><N who="2" m="31264" /><V116/><F116/><T51/><D119/><U62/><E127/><V118/><F118/><T107/><D125/><U77/><E117/><V46/><F101/><T3/><D3/><U126/><E126/><V130/><F130/><T48/><D131/><U83/><E87/><V132/><F132/><T105/><D134/><U124/><E124/><V81/><REACH who="2" step="1"/><F94/><REACH who="2" ten="477,491,72,0" step="2"/><T70/><D70/><U32/><E100/><V135/><F135/><T115/><D71/><U2/><E2/><V93/><F93/><T88/><D107/><U37/><E32/><V35/><F35/><T133/><D105/><U42/><E37/><V1/><F1/><T102/><D104/><U41/><AGARI ba="0,1" hai="41,42,54,55,62,63,64,65,76,77,80,83,97,98" m="31520" machi="41" ten="25,6000,1" yaku="0,1,22,2,8,1,52,1" doraHai="0" who="1" fromWho="1" sc="477,-20,491,70,72,-40,0,0" owari="457,6.0,561,51.0,32,-57.0,0,0.0" /></mjloggm>