<mjloggm ver="2.3"><GO type="169" lobby="0"/><UN n0="%E3%83%8F%E3%83%A0%E3%81%BE%E3%82%88" n1="%E5%9C%A8%E5%8E%9F%E4%B8%83%E6%B5%B7%E5%A4%A7%E5%A5%BD%E3%81%8D" n2="%E7%8B%AD%E5%B1%B1%E8%8C%B6" n3="%E5%A4%A7%E6%B2%BB%E9%83%8E%23%37%34" dan="16,18,16,16" rate="2083.85,2226.32,2088.17,2122.90" sx="M,M,M,M"/><TAIKYOKU oya="0"/><INIT seed="0,0,0,5,3,108" ten="250,250,250,250" oya="0" hai0="24,68,42,3,16,62,81,2,66,126,85,123,113" hai1="82,88,103,134,98,31,30,22,64,6,101,72,79" hai2="54,27,1,73,56,5,116,132,93,107,84,4,129" hai3="112,23,18,80,127,49,61,122,124,130,97,36,38"/><T133/><D123/><U95/><E134/><V45/><F73/><W21/><G122/><T41/><D133/><U119/><E119/><V35/><F107/><W100/><G130/><T102/><D126/><U55/><E64/><V25/><F132/><W91/><G61/><T50/><D102/><U117/><E117/><V99/><F129/><W109/><G109/><T90/><D113/><U29/><E6/><N who="2" m="2667" /><F35/><W43/><G49/><T13/><D24/><U0/><E0/><V51/><F1/><W58/><G58/><T94/><D42/><U78/><E78/><V105/><F105/><W114/><G91/><T44/><REACH who="0" step="1"/><D81/><REACH who="0" ten="240,250,250,250" step="2"/><U76/><E103/><N who="2" m="60911" /><F116/><W110/><G80/><T87/><D87/><U40/><E40/><N who="2" m="24999" /><F84/><W32/><G110/><T9/><AGARI ba="0,1" hai="2,3,9,13,16,41,44,50,62,66,68,85,90,94" machi="9" ten="20,7800,0" yaku="1,1,0,1,7,1,54,1,53,0" doraHai="108" doraHaiUra="131" who="0" fromWho="0" sc="240,88,250,-26,250,-26,250,-26" /><INIT seed="0,1,0,2,0,122" ten="328,224,224,224" oya="0" hai0="67,28,37,83,112,73,16,26,128,75,85,109,108" hai1="102,24,68,1,79,40,25,33,12,22,87,47,86" hai2="66,20,2,77,118,107,30,113,53,54,3,134,49" hai3="129,41,59,90,127,88,71,97,124,4,52,51,27"/><T10/><D112/><U100/><E1/><V74/><F107/><W13/><G71/><T132/><D37/><U6/><E68/><V29/><F66/><W38/><G129/><T35/><D132/><U34/><E34/><V58/><F74/><W94/><G27/><T44/><D128/><U7/><E33/><V60/><F77/><W31/><G31/><T46/><D67/><U89/><E79/><V63/><F113/><W69/><G69/><T32/><D32/><U19/><E87/><V70/><F134/><W45/><REACH who="3" step="1"/><G90/><REACH who="3" ten="328,224,224,214" step="2"/><T39/><D75/><U5/><E25/><V8/><F70/><W11/><AGARI ba="1,1" hai="4,11,13,38,41,45,51,52,59,88,94,97,124,127" machi="11" ten="30,8000,1" yaku="1,1,2,1,0,1,54,2,53,0" doraHai="122" doraHaiUra="131" who="3" fromWho="3" sc="328,-41,224,-21,224,-21,214,93" /><INIT seed="1,0,0,3,2,119" ten="287,203,203,307" oya="1" hai0="97,106,80,63,66,39,78,62,10,19,48,23,84" hai1="100,8,59,3,13,12,52,41,83,55,120,134,107" hai2="132,28,96,51,50,22,70,118,135,92,26,103,29" hai3="67,109,44,124,15,56,112,114,123,60,37,88,4"/><U58/><E120/><V127/><F118/><W99/><G124/><T86/><D39/><U0/><E41/><V35/><F127/><W69/><G109/><T133/><D133/><N who="2" m="51274" /><F70/><W131/><G131/><T73/><D10/><U45/><E134/><V11/><F11/><W43/><G123/><T98/><D48/><U42/><E83/><V79/><F79/><W125/><G125/><T31/><D63/><U102/><E42/><V6/><F6/><W64/><G64/><T117/><D31/><U90/><E45/><V126/><F126/><W94/><REACH who="3" step="1"/><G69/><REACH who="3" ten="287,203,203,297" step="2"/><T87/><D117/><U30/><E0/><V7/><F7/><W71/><G71/><T36/><D106/><U116/><E107/><V128/><F128/><W33/><G33/><T49/><D36/><U75/><E3/><V21/><F35/><W68/><G68/><T130/><D130/><U65/><E65/><V110/><F110/><W14/><G14/><T105/><D105/><U25/><E13/><V34/><F34/><W93/><G93/><T61/><D49/><U76/><E12/><V46/><F46/><W121/><G121/><T113/><D113/><U77/><E116/><V27/><AGARI ba="0,1" hai="21,22,26,27,28,29,50,51,92,96,103" m="51274" machi="27" ten="30,1100,0" yaku="20,1" doraHai="119" who="2" fromWho="2" sc="287,-3,203,-5,203,21,297,-3" /><INIT seed="2,0,0,0,2,7" ten="284,198,224,294" oya="2" hai0="129,70,36,135,74,45,92,27,35,134,41,119,83" hai1="25,59,57,121,30,110,46,67,29,18,22,31,19" hai2="48,9,16,76,98,69,101,14,54,24,3,4,13" hai3="38,105,40,103,47,102,95,90,39,120,11,106,87"/><V122/><F122/><W128/><G120/><T5/><D92/><U112/><E110/><V10/><F69/><W132/><G132/><N who="0" m="50731" /><D119/><U126/><E112/><V81/><F24/><W104/><G128/><T20/><D129/><U108/><E126/><V33/><F33/><W2/><REACH who="3" step="1"/><G39/><REACH who="3" ten="284,198,224,284" step="2"/><T94/><D36/><U131/><E121/><V62/><F62/><W1/><G1/><T51/><D35/><U15/><E131/><V0/><F48/><W17/><G17/><T100/><D51/><U96/><E108/><V43/><F43/><W65/><G65/><T111/><D41/><U34/><E67/><V124/><F54/><W78/><G78/><T42/><D111/><U64/><E64/><V26/><F26/><W80/><G80/><T53/><D42/><U82/><E82/><V72/><REACH who="2" step="1"/><F124/><REACH who="2" ten="284,198,214,284" step="2"/><W93/><G93/><AGARI ba="0,2" hai="0,3,4,9,10,13,14,16,72,76,81,93,98,101" machi="93" ten="30,18000,2" yaku="1,1,2,1,7,1,52,2,54,1,53,0" doraHai="7" doraHaiUra="50" who="2" fromWho="3" sc="284,0,198,0,214,200,284,-180" /><INIT seed="2,1,0,2,3,0" ten="284,198,414,104" oya="2" hai0="52,122,77,124,84,30,4,116,98,118,125,5,92" hai1="100,64,97,44,28,78,43,91,133,99,108,66,134" hai2="111,3,127,68,101,24,15,110,23,109,121,89,88" hai3="58,135,123,12,70,16,25,96,32,115,59,35,126"/><V41/><F121/><W132/><G123/><T22/><D122/><U81/><E108/><V80/><F3/><W13/><G70/><T14/><D77/><U39/><E28/><V7/><F127/><N who="0" m="48714" /><D84/><U34/><E34/><V85/><F68/><W114/><G126/><T104/><D104/><U53/><E53/><V31/><F41/><W83/><G96/><T65/><D65/><U55/><E55/><V95/><F101/><W26/><REACH who="3" step="1"/><G83/><REACH who="3" ten="284,198,414,94" step="2"/><T40/><D118/><U50/><E99/><V129/><F129/><W21/><G21/><T1/><D116/><U49/><E97/><V130/><F130/><W63/><G63/><T67/><D67/><U36/><E66/><V113/><F113/><W10/><G10/><T54/><D40/><U33/><E64/><V120/><F120/><W19/><AGARI ba="1,1" hai="12,13,16,19,25,26,32,35,58,59,114,115,132,135" machi="19" ten="25,8000,1" yaku="1,1,0,1,22,2,54,1,53,0" doraHai="0" doraHaiUra="105" who="3" fromWho="3" sc="284,-21,198,-21,414,-41,94,93" /><INIT seed="3,0,0,1,0,133" ten="263,177,373,187" oya="3" hai0="12,120,62,124,78,17,95,103,33,13,36,3,19" hai1="48,106,56,90,86,30,64,125,14,128,25,43,8" hai2="81,53,89,74,54,79,112,75,91,102,59,107,92" hai3="101,72,57,50,93,37,98,127,51,123,130,27,96"/><W122/><G37/><T121/><D3/><U97/><E128/><V47/><F112/><W83/><G27/><T6/><D6/><U134/><E106/><V69/><F69/><W87/><G57/><T5/><D5/><U20/><E97/><V63/><F75/><W55/><G55/><T77/><D33/><U42/><E125/><V10/><F10/><W99/><G50/><T88/><D36/><U31/><E31/><V109/><F109/><W126/><G51/><T108/><D103/><U22/><E22/><V116/><F116/><W15/><G15/><T45/><D62/><N who="1" m="37959" /><E48/><V76/><F76/><N who="3" m="44423" /><G130/><T39/><D39/><U23/><E23/><V49/><F107/><N who="3" m="63911" /><G87/><T135/><D108/><U40/><E134/><V132/><F132/><W21/><G21/><T24/><D135/><U94/><E42/><V46/><F47/><W52/><G52/><T67/><D24/><U66/><E66/><V35/><F35/><W129/><G98/><T105/><D67/><U117/><E117/><V26/><F26/><W7/><G7/><AGARI ba="0,0" hai="7,8,14,20,25,30,40,43,86,90,94" m="37959" machi="7" ten="30,1000,0" yaku="8,1" doraHai="133" who="1" fromWho="3" sc="263,0,177,10,373,0,187,-10" /><INIT seed="4,0,0,0,1,122" ten="263,187,373,177" oya="0" hai0="36,59,129,112,87,83,40,1,35,91,98,72,86" hai1="8,51,95,28,38,125,97,121,78,12,135,114,49" hai2="117,131,4,55,71,45,29,7,79,47,128,96,57" hai3="124,84,101,44,60,9,16,113,134,126,34,58,90"/><T74/><D112/><U48/><E121/><V43/><F71/><W64/><G34/><T102/><D1/><U82/><E38/><V37/><F47/><W27/><G113/><T56/><D35/><U80/><E135/><V54/><F117/><W20/><G134/><T65/><D129/><N who="2" m="49738" /><F29/><W110/><G101/><T115/><D115/><U3/><E3/><V133/><F133/><W10/><G44/><T23/><D23/><U92/><E125/><N who="3" m="48234" /><G110/><T120/><D120/><U132/><E28/><V2/><F2/><W76/><G76/><T52/><D65/><U111/><E78/><V105/><F79/><W107/><G107/><T15/><D59/><U50/><E111/><V13/><F13/><W14/><G14/><T108/><D15/><U81/><E132/><V94/><F105/><W46/><G46/><N who="0" m="23815" /><D87/><U67/><E67/><V30/><F30/><W118/><G118/><T25/><D25/><U77/><E114/><V119/><F119/><W21/><G20/><T89/><D108/><U73/><N who="1" m="12288" /><DORA hai="116" /><U5/><REACH who="1" step="1"/><E92/><AGARI ba="0,0" hai="9,10,16,21,27,58,60,64,84,90,92" m="48234" machi="92" ten="30,2000,0" yaku="18,1,54,1" doraHai="122,116" who="3" fromWho="1" sc="263,0,187,-20,373,0,177,20" /><INIT seed="5,0,0,5,1,101" ten="263,167,373,197" oya="1" hai0="130,24,121,91,11,119,9,22,99,3,106,41,49" hai1="57,111,131,126,116,115,36,31,8,82,18,70,42" hai2="37,113,54,1,63,93,88,78,6,129,58,5,120" hai3="104,71,102,117,123,86,10,109,56,85,13,26,16"/><U132/><E70/><V64/><F120/><W28/><G123/><T32/><D121/><U61/><E111/><V67/><F37/><W48/><G71/><T55/><D119/><U79/><E116/><V118/><F118/><W107/><G109/><T73/><D130/><U97/><E115/><V2/><F129/><W110/><G110/><T45/><D32/><U46/><E131/><V4/><F113/><W105/><G102/><T21/><D73/><U72/><E126/><V134/><F134/><W7/><G117/><T65/><D3/><U34/><E132/><V17/><F78/><W40/><G7/><T100/><D65/><U77/><E77/><V47/><F17/><W14/><G14/><T69/><D69/><U133/><E97/><V52/><F67/><W127/><G127/><T68/><D68/><U135/><E18/><V53/><REACH who="2" step="1"/><F47/><REACH who="2" ten="263,167,363,197" step="2"/><W66/><G66/><T39/><D91/><U125/><E125/><V76/><F76/><W74/><G74/><T35/><D35/><U75/><E75/><V83/><F83/><W96/><G16/><T89/><D89/><U98/><E8/><V27/><F27/><W80/><G26/><T87/><D22/><U90/><E34/><V84/><AGARI ba="0,1" hai="1,2,4,5,6,52,53,54,58,63,64,84,88,93" machi="84" ten="30,8000,1" yaku="1,1,0,1,54,2,53,1" doraHai="101" doraHaiUra="81" who="2" fromWho="2" sc="263,-20,167,-40,363,90,197,-20" /><INIT seed="6,0,0,1,4,79" ten="243,127,453,177" oya="2" hai0="11,20,124,40,80,125,7,83,6,5,96,91,90" hai1="100,29,73,69,26,110,117,42,93,85,30,75,98" hai2="58,21,2,111,68,19,86,46,84,16,119,3,63" hai3="27,87,135,51,50,45,37,109,18,128,4,39,127"/><V114/><F119/><W126/><G4/><T95/><D40/><U62/><E110/><V70/><F111/><W97/><G109/><T74/><D74/><U131/><E117/><V130/><F114/><W104/><G135/><T52/><D20/><U23/><E131/><V121/><F130/><W24/><G128/><T15/><D52/><U66/><E42/><V32/><F32/><W64/><G64/><T28/><D28/><U106/><E29/><V25/><F121/><W44/><G87/><T22/><D22/><U57/><E69/><V48/><F19/><W115/><G18/><T99/><D124/><U71/><E71/><V113/><F113/><W47/><G97/><T36/><D125/><N who="3" m="47625" /><G104/><T33/><D36/><N who="3" m="13897" /><G115/><T0/><D33/><U112/><E112/><V43/><F2/><W41/><G41/><T53/><D0/><U56/><E106/><V8/><F70/><W54/><G54/><T77/><D77/><U89/><REACH who="1" step="1"/><E57/><REACH who="1" ten="243,117,453,177" step="2"/><V82/><F68/><W13/><G13/><T81/><D53/><U132/><E132/><V1/><F58/><W31/><G31/><T123/><D123/><U65/><E65/><V55/><F43/><W108/><G108/><T49/><D49/><AGARI ba="0,1" hai="24,27,44,45,47,49,50,51" m="13897,47625" machi="49" ten="40,5200,0" yaku="28,2,18,1" doraHai="79" who="3" fromWho="0" sc="243,-52,117,0,453,0,177,62" /><INIT seed="7,0,0,2,0,84" ten="191,117,453,239" oya="3" hai0="33,102,5,47,81,38,132,115,69,1,98,6,70" hai1="22,94,31,77,105,55,103,117,75,52,76,82,0" hai2="66,45,24,3,92,90,11,48,4,114,89,120,16" hai3="72,34,110,43,119,62,112,83,39,51,122,29,124"/><W107/><RYUUKYOKU type="yao9" ba="0,0" sc="191,0,117,0,453,0,239,0" hai3="29,34,39,43,51,62,72,83,107,110,112,119,122,124" /><INIT seed="7,1,0,5,1,1" ten="191,117,453,239" oya="3" hai0="59,32,50,125,22,87,39,133,53,57,60,4,92" hai1="107,52,129,38,112,98,110,20,10,47,29,34,127" hai2="19,117,84,11,24,71,99,27,89,135,13,46,91" hai3="113,93,67,72,63,44,101,36,124,35,118,119,23"/><W78/><G23/><T120/><D32/><U33/><E110/><V74/><F117/><W88/><G101/><T51/><D120/><U90/><E112/><V114/><F74/><W16/><G16/><T103/><D125/><U116/><E116/><V49/><F71/><W70/><G93/><T111/><D111/><U128/><E127/><V9/><F114/><W28/><G88/><N who="2" m="33865" /><F135/><W97/><G97/><N who="0" m="59815" /><D133/><U5/><E20/><V43/><F99/><W41/><G113/><T6/><D39/><U134/><E134/><V25/><F84/><W100/><G100/><T55/><D87/><U14/><E107/><V131/><F131/><W75/><G124/><T64/><D22/><AGARI ba="1,0" hai="9,11,13,19,22,24,25,27,43,46,49" m="33865" machi="22" ten="30,2000,0" yaku="8,1,54,1" doraHai="1" who="2" fromWho="0" sc="191,-23,117,0,453,23,239,0" owari="168,-23.0,117,-38.0,476,57.0,239,4.0" /></mjloggm>