<mjloggm ver="2.3"><GO type="185" lobby="0"/><UN n0="%E5%A4%A7%E5%92%8C%E6%A1%9C" n1="%74%2E%6F%2E%6F%2E%73" n2="%E6%B5%84%E6%8B%AD%E5%B1%8B%E4%B8%80" n3="" dan="17,18,16,0" rate="2312.60,2316.58,2086.07,1500.00" sx="F,M,M,C"/><TAIKYOKU oya="0"/><INIT seed="0,0,0,4,4,121" ten="350,350,350,0" oya="0" hai0="33,124,92,51,75,114,103,56,69,117,93,55,0" hai1="82,107,106,111,84,63,115,108,91,118,110,77,112" hai2="38,41,54,43,104,85,119,48,1,134,87,76,57" hai3=""/><T116/><D114/><N who="1" m="43563" /><E118/><V130/><F119/><T113/><D113/><U100/><E100/><V74/><F104/><N who="1" m="39977" /><E63/><V129/><F1/><T34/><D0/><U68/><E68/><V35/><F35/><T59/><D69/><U81/><E81/><V120/><N who="2" m="30752" /><V131/><F134/><T95/><D103/><U79/><AGARI ba="0,0" hai="77,79,82,84,91,108,110,111" m="39977,43563" machi="79" ten="40,9000,2" yaku="14,1,11,1,34,2,52,3" doraHai="121" who="1" fromWho="1" sc="350,-60,350,90,350,-30,0,0" /><INIT seed="1,0,0,1,5,129" ten="290,440,320,0" oya="1" hai0="121,39,59,94,96,67,124,133,114,116,50,125,33" hai1="35,45,128,90,38,37,131,112,104,118,106,89,70" hai2="3,75,76,56,88,119,34,83,65,102,103,92,0" hai3=""/><U117/><E45/><V40/><F119/><N who="1" m="45577" /><E70/><V32/><F40/><T82/><D116/><U52/><E35/><V87/><F34/><T113/><N who="0" m="31008" /><T115/><D33/><U127/><E112/><V53/><F65/><T68/><D39/><N who="1" m="14859" /><E52/><V63/><REACH who="2" step="1"/><F32/><REACH who="2" ten="290,440,310,0" step="2"/><T71/><D67/><U60/><E131/><V111/><F111/><T74/><D114/><U78/><E128/><V57/><F57/><T110/><D110/><U41/><E41/><V51/><F51/><T81/><D50/><U1/><E60/><V58/><F58/><T43/><D59/><U99/><E1/><AGARI ba="0,1" hai="0,1,3,53,56,63,75,76,83,87,88,92,102,103" machi="1" ten="40,5200,0" yaku="1,1,54,1,53,1" doraHai="129" doraHaiUra="77" who="2" fromWho="1" sc="290,0,440,-52,310,62,0,0" /><INIT seed="2,0,0,5,5,37" ten="290,388,372,0" oya="2" hai0="71,65,79,84,96,32,130,0,1,102,107,44,42" hai1="95,122,69,82,43,116,106,90,120,99,105,89,76" hai2="57,135,92,123,103,75,119,113,35,80,129,133,78" hai3=""/><V87/><N who="2" m="31520" /><V81/><F35/><T77/><D32/><U60/><N who="1" m="30752" /><U36/><N who="1" m="31264" /><U64/><E116/><V91/><F119/><T45/><D130/><U59/><E89/><V134/><F57/><T61/><D45/><U86/><E36/><V62/><F62/><T52/><D52/><U100/><E43/><V115/><F129/><T2/><REACH who="0" step="1"/><D84/><REACH who="0" ten="280,388,372,0" step="2"/><U109/><E109/><V94/><REACH who="2" step="1"/><F103/><REACH who="2" ten="280,388,362,0" step="2"/><T132/><D132/><U47/><E47/><V93/><AGARI ba="0,2" hai="75,78,80,81,87,91,92,93,94,113,115,133,134,135" m="31520" machi="93" ten="40,16000,3" yaku="1,1,2,1,0,1,20,1,34,3,52,1,53,0" doraHai="37" doraHaiUra="114" who="2" fromWho="2" sc="280,-80,388,-80,362,180,0,0" /><INIT seed="2,1,0,2,4,115" ten="200,308,542,0" oya="2" hai0="3,37,60,118,110,111,124,70,78,79,74,66,131" hai1="40,0,119,46,45,129,120,103,1,71,59,44,57" hai2="73,61,87,105,122,100,81,125,54,34,56,88,113" hai3=""/><V63/><N who="2" m="31264" /><V55/><F34/><T41/><D3/><U76/><N who="1" m="30752" /><U48/><E71/><V83/><F113/><T65/><D124/><U68/><E68/><V2/><F2/><T64/><D131/><U126/><E126/><V96/><F125/><T52/><D70/><U35/><E35/><V128/><F128/><T91/><D118/><U47/><E129/><V53/><F73/><T92/><D41/><U132/><E0/><V69/><REACH who="2" step="1"/><F81/><REACH who="2" ten="200,308,532,0" step="2"/><T36/><D74/><U33/><E33/><V84/><F84/><T133/><D133/><U135/><E1/><V99/><F99/><T93/><D111/><U82/><E82/><V94/><F94/><T58/><D93/><U95/><E132/><V62/><F62/><T123/><N who="0" m="31520" /><T32/><D110/><U72/><E135/><V42/><F42/><T75/><D32/><U67/><E72/><V86/><F86/><T112/><D112/><U104/><E95/><V97/><F97/><T77/><REACH who="0" step="1"/><D75/><REACH who="0" ten="190,308,532,0" step="2"/><U90/><E40/><V38/><F38/><T107/><D107/><U106/><E106/><V127/><F127/><T117/><D117/><U109/><E119/><V102/><F102/><T101/><D101/><U80/><N who="1" m="11264" /><DORA hai="121" /><U50/><E103/><RYUUKYOKU ba="1,2" sc="190,10,308,-20,532,10,0,0" hai0="36,37,52,58,60,64,65,66,77,78,79,91,92" hai2="53,54,55,56,61,63,69,83,87,88,96,100,105" /><INIT seed="2,2,2,3,3,34" ten="200,288,542,0" oya="2" hai0="3,73,106,66,58,62,86,130,132,32,114,55,113" hai1="102,44,77,52,37,49,53,80,54,1,109,122,57" hai2="111,36,79,98,72,121,92,2,96,76,101,0,39" hai3=""/><V94/><N who="2" m="31008" /><V124/><F124/><T89/><D32/><U135/><N who="1" m="31264" /><U71/><E1/><V85/><F111/><T81/><D132/><U104/><E71/><V84/><F101/><T120/><N who="0" m="30752" /><T125/><D125/><U70/><E70/><V38/><F39/><T64/><D130/><U97/><E109/><V47/><F47/><T59/><D106/><U61/><E37/><V133/><REACH who="2" step="1"/><F72/><REACH who="2" ten="200,288,532,0" step="2"/><T67/><D73/><U90/><E135/><AGARI ba="2,3" hai="0,2,36,38,76,79,84,85,92,94,96,98,133,135" m="31008" machi="135" ten="25,24000,3" yaku="1,1,2,1,22,2,52,3,53,2" doraHai="34" doraHaiUra="69" who="2" fromWho="1" sc="200,0,288,-244,532,274,0,0" /><INIT seed="2,3,0,2,0,63" ten="200,44,806,0" oya="2" hai0="56,65,81,116,110,99,85,84,88,93,36,87,126" hai1="43,118,67,108,69,94,47,124,60,98,104,73,128" hai2="53,76,40,34,133,121,91,72,49,35,120,0,86" hai3=""/><V135/><N who="2" m="30752" /><V57/><N who="2" m="31008" /><V95/><F0/><T61/><D116/><U134/><E73/><V112/><F112/><T102/><D36/><U83/><E108/><V2/><F2/><T32/><D110/><U107/><E128/><V44/><F72/><T70/><D32/><U51/><E124/><V33/><REACH who="2" step="1"/><F76/><REACH who="2" ten="200,44,796,0" step="2"/><T97/><D126/><U41/><E118/><V82/><F82/><T3/><D3/><U1/><E1/><V64/><F64/><T114/><D114/><U79/><E134/><V55/><F55/><T105/><REACH who="0" step="1"/><D70/><REACH who="0" ten="190,44,796,0" step="2"/><U54/><E69/><V58/><F58/><T119/><D119/><U48/><E47/><V62/><AGARI ba="3,2" hai="33,34,35,40,44,49,53,57,62,86,91,95,133,135" m="31008,30752" machi="62" ten="40,8000,1" yaku="1,1,0,1,52,2,53,1" doraHai="63" doraHaiUra="80" who="2" fromWho="2" sc="190,-43,44,-43,796,106,0,0" /><INIT seed="2,4,0,1,5,101" ten="147,1,902,0" oya="2" hai0="0,98,82,102,105,121,56,42,78,93,1,47,106" hai1="69,95,97,33,131,83,125,41,87,118,124,86,64" hai2="51,76,40,126,90,45,113,127,94,65,128,48,49" hai3=""/><V70/><F113/><T62/><N who="0" m="31008" /><T130/><D130/><U135/><E33/><V54/><F76/><T44/><D44/><U103/><E41/><V46/><F128/><T43/><D43/><U119/><E131/><V110/><F110/><T104/><D56/><U53/><E135/><V96/><REACH who="2" step="1"/><F49/><REACH who="2" ten="147,1,892,0" step="2"/><T52/><D78/><U61/><E53/><V63/><AGARI ba="4,1" hai="40,45,46,48,51,54,63,65,70,90,94,96,126,127" machi="63" ten="30,4000,0" yaku="1,1,2,1,0,1,53,0" doraHai="101" doraHaiUra="99" who="2" fromWho="2" sc="147,-24,1,-24,892,58,0,0" owari="123,-28.0,-23,-62.0,950,90.0,0,0.0" /></mjloggm>