<mjloggm ver="2.3"><GO type="169" lobby="0"/><UN n0="%E3%82%B6%E2%98%85%E3%82%B5%E3%83%B3%E3%83%9E%E9%81%93%E6%A5%BD" n1="%E3%82%8A%E3%82%87%E3%81%91%E3%81%99" n2="%74%6F%72%69%30%36%31%32" n3="%E3%82%82%E3%81%A3%E3%81%95" dan="16,17,17,16" rate="2108.33,2165.46,2166.86,2071.83" sx="M,M,M,M"/><TAIKYOKU oya="0"/><INIT seed="0,0,0,0,3,49" ten="250,250,250,250" oya="0" hai0="80,87,6,71,38,42,130,97,41,7,129,88,11" hai1="118,36,20,1,53,55,115,117,89,18,112,12,114" hai2="5,106,14,9,17,128,45,66,77,16,19,13,96" hai3="58,60,31,124,65,133,131,39,72,33,102,35,75"/><T92/><D71/><U100/><E36/><V46/><F128/><N who="0" m="49258" /><D38/><U90/><E1/><V0/><F66/><W94/><G124/><T70/><D70/><U43/><E43/><N who="0" m="16393" /><D11/><U103/><E90/><AGARI ba="0,0" hai="6,7,80,87,88,90,92,97" m="16393,49258" machi="90" ten="30,2900,0" yaku="19,1,54,1" doraHai="49" who="0" fromWho="1" sc="250,29,250,-29,250,0,250,0" /><INIT seed="0,1,0,5,2,63" ten="279,221,250,250" oya="0" hai0="2,80,92,107,4,15,76,27,5,113,58,123,119" hai1="103,129,37,42,96,127,55,11,25,108,10,131,101" hai2="104,64,57,60,128,95,30,111,48,1,88,115,120" hai3="126,19,94,81,43,98,68,112,6,106,134,28,21"/><T71/><D71/><U86/><E108/><V14/><F1/><W7/><G106/><T52/><D123/><U16/><E127/><V61/><F111/><W44/><G112/><T132/><D119/><U24/><E42/><V13/><F104/><W22/><G134/><T75/><D113/><U3/><E37/><V124/><F120/><W135/><G135/><T67/><D107/><U114/><E114/><V41/><F128/><W31/><G68/><T9/><D92/><U49/><E86/><V90/><F90/><W121/><G126/><T12/><D132/><U45/><E3/><V47/><F124/><W36/><G81/><T46/><D27/><N who="1" m="10315" /><E16/><V50/><F30/><W84/><G84/><T51/><REACH who="0" step="1"/><D5/><REACH who="0" ten="269,221,250,250" step="2"/><U69/><E69/><V34/><F115/><W118/><G6/><T0/><D0/><U59/><E131/><V65/><F34/><W38/><G7/><T56/><D56/><U133/><E129/><V29/><F29/><W79/><G31/><T91/><D91/><U73/><E133/><V33/><F33/><W26/><G28/><T40/><D40/><U8/><E103/><V35/><F35/><W122/><G118/><T109/><D109/><U102/><E101/><V82/><F95/><W93/><G94/><T83/><D83/><U116/><E116/><V97/><F88/><W78/><G93/><T72/><D72/><U62/><E73/><V89/><F89/><W23/><G122/><T66/><D66/><N who="2" m="25706" /><F82/><W70/><G121/><T110/><D110/><U18/><E102/><V87/><F97/><W105/><G98/><T85/><D85/><RYUUKYOKU ba="1,1" sc="269,30,221,-10,250,-10,250,-10" hai0="2,4,9,12,15,46,51,52,58,67,75,76,80" /><INIT seed="0,2,1,2,1,9" ten="299,211,240,240" oya="0" hai0="111,100,95,5,48,113,33,16,13,120,129,116,28" hai1="73,63,29,57,83,53,89,127,64,56,72,106,121" hai2="98,94,78,2,71,88,122,77,80,14,32,11,35" hai3="61,8,117,26,70,37,110,1,15,99,86,81,24"/><T23/><D120/><U119/><E119/><V47/><F2/><W131/><G117/><T87/><D116/><U112/><E121/><V59/><F71/><W12/><G1/><T17/><D113/><U18/><E127/><V109/><F109/><W134/><G37/><T103/><D129/><U46/><E106/><V93/><F77/><W40/><G40/><T107/><D107/><U54/><E29/><V7/><F122/><W108/><G134/><T125/><D125/><U3/><E3/><V130/><F130/><W65/><G99/><T105/><D105/><U58/><E46/><V60/><F94/><W76/><G131/><T101/><D5/><U30/><E30/><V102/><F102/><W123/><G123/><T36/><D36/><U43/><E43/><V90/><F90/><W41/><G41/><T4/><D4/><U50/><E112/><V0/><F47/><W44/><G44/><T31/><D33/><U84/><REACH who="1" step="1"/><E18/><REACH who="1" ten="299,201,240,240" step="2"/><V69/><F0/><W42/><G42/><T10/><D111/><N who="3" m="42537" /><G8/><T74/><D31/><U126/><E126/><V62/><F35/><W114/><G114/><T67/><D28/><U27/><E27/><AGARI ba="2,2" hai="12,15,24,26,27,61,65,70,76,81,86" m="42537" machi="27" ten="30,3900,0" yaku="14,1,52,2" doraHai="9" who="3" fromWho="1" sc="299,0,201,-45,240,0,240,65" /><INIT seed="1,0,0,3,0,72" ten="299,156,240,305" oya="1" hai0="127,135,123,6,67,18,82,57,13,31,125,126,0" hai1="41,89,77,7,80,29,93,88,39,98,65,44,46" hai2="55,85,95,109,28,20,70,132,116,40,52,101,23" hai3="92,45,131,118,9,91,27,100,113,47,48,78,51"/><U99/><E65/><V8/><F70/><W74/><G113/><T11/><D67/><U108/><E29/><V68/><F68/><W2/><G100/><T38/><D38/><U102/><E108/><V90/><F116/><W61/><G61/><T43/><D43/><U107/><E44/><V112/><F132/><W25/><G131/><T24/><D57/><U17/><E17/><V119/><F119/><W86/><G2/><T5/><D82/><U4/><REACH who="1" step="1"/><E89/><REACH who="1" ten="299,146,240,305" step="2"/><V114/><F109/><W83/><G118/><T49/><D135/><U134/><E134/><V124/><F28/><W128/><G128/><T30/><D30/><U62/><E62/><V69/><F114/><W87/><G47/><T66/><D66/><U115/><E115/><V32/><F112/><W117/><G117/><T59/><D59/><U58/><E58/><V12/><F69/><W71/><G71/><T22/><D49/><U104/><E104/><V26/><F90/><W79/><G51/><T120/><REACH who="0" step="1"/><D6/><REACH who="0" ten="289,146,240,305" step="2"/><U122/><E122/><V1/><F32/><AGARI ba="0,2" hai="0,5,11,13,18,22,24,31,32,120,123,125,126,127" machi="32" ten="40,16000,3" yaku="1,1,2,1,24,2,18,1,34,3,53,0" doraHai="72" doraHaiUra="37" who="0" fromWho="2" sc="289,180,146,0,240,-160,305,0" /><INIT seed="2,0,0,2,3,37" ten="469,146,80,305" oya="2" hai0="3,102,58,50,94,70,135,51,71,101,43,31,4" hai1="38,119,6,62,126,122,67,120,134,59,91,123,47" hai2="9,52,53,8,60,17,96,116,35,89,55,54,121" hai3="10,39,30,79,25,93,83,125,74,29,24,49,114"/><V75/><F121/><W40/><G125/><T129/><D129/><U64/><E6/><V72/><F116/><W100/><G114/><T1/><D31/><U28/><E28/><V76/><F35/><W97/><G49/><T27/><D27/><U81/><E119/><V41/><F76/><W87/><G87/><T88/><D135/><U104/><E104/><V78/><F78/><W85/><G85/><T127/><D127/><U133/><E126/><V18/><F75/><W26/><REACH who="3" step="1"/><G10/><REACH who="3" ten="469,146,80,295" step="2"/><N who="2" m="4201" /><F72/><W84/><G84/><T110/><D51/><U36/><E81/><V90/><F96/><W23/><G23/><T128/><D50/><U82/><E82/><V61/><N who="2" m="13312" /><DORA hai="57" /><V113/><F113/><W20/><G20/><T42/><D128/><U103/><E36/><V21/><F41/><W80/><G80/><T115/><D43/><N who="1" m="23031" /><E133/><V56/><F56/><W7/><G7/><T108/><D42/><U2/><E134/><V132/><F132/><W45/><AGARI ba="0,1" hai="24,25,26,29,30,39,40,45,74,79,83,93,97,100" machi="45" ten="30,4000,0" yaku="1,1,0,1,52,1,53,0" doraHai="37,57" doraHaiUra="131,19" who="3" fromWho="3" sc="469,-10,146,-10,80,-20,295,50" /><INIT seed="3,0,0,1,3,132" ten="459,136,60,345" oya="3" hai0="55,13,60,22,27,84,25,131,87,100,40,5,111" hai1="73,52,18,26,0,44,3,2,62,86,58,77,64" hai2="98,126,79,33,101,12,71,28,88,63,113,7,6" hai3="97,74,76,43,78,89,128,133,34,47,29,56,83"/><W134/><G128/><T61/><D111/><U16/><E73/><V69/><F79/><W82/><G34/><T67/><D40/><U31/><E77/><V39/><F39/><W45/><G29/><T114/><D114/><U41/><E64/><N who="2" m="41119" /><F71/><W129/><G129/><T68/><D100/><U4/><E4/><V10/><F88/><W48/><G56/><T72/><D72/><U119/><E86/><V110/><F110/><W94/><REACH who="3" step="1"/><G45/><REACH who="3" ten="459,136,60,335" step="2"/><T37/><D131/><U96/><E119/><V120/><F120/><W123/><G123/><T59/><D37/><U104/><E104/><N who="2" m="63543" /><F113/><W50/><G50/><T35/><D35/><U99/><E31/><V90/><F28/><W24/><G24/><T57/><D27/><U135/><E26/><V30/><F30/><W112/><G112/><T116/><D68/><U38/><E135/><V102/><F33/><W70/><G70/><T19/><D116/><U42/><E38/><V36/><F36/><W81/><G81/><T124/><D25/><U8/><E44/><V14/><F14/><W130/><G130/><T75/><D59/><U54/><E0/><V121/><F121/><W95/><G95/><T9/><D57/><U66/><E58/><V32/><F32/><W93/><G93/><T1/><D1/><U115/><E115/><V103/><F12/><W109/><G109/><T53/><D13/><U65/><E62/><V15/><F7/><W17/><G17/><T85/><D61/><U20/><E20/><V80/><F126/><W21/><G21/><T125/><D124/><U108/><E108/><V11/><F11/><AGARI ba="0,1" hai="2,3,8,11,16,18,41,42,52,54,65,66,96,99" machi="11" ten="25,8000,1" yaku="6,1,22,2,54,2" doraHai="132" who="1" fromWho="2" sc="459,0,136,90,60,-80,335,0" owari="459,55.0,226,-17.0,-20,-52.0,335,14.0" /></mjloggm>