<mjloggm ver="2.3"><GO type="225" lobby="0"/><UN n0="%E3%81%B7%E3%82%8B%E3%81%B7%E3%82%8B%E3%81%A0%E3%81%9E" n1="%E5%85%88%E7%89%A9%E3%81%AF%74%72%61%73%68" n2="%50%49%58%49" n3="%E3%81%B8%E3%82%80%E3%81%B8%E3%82%80%EF%BC%92%E5%8F%B7" dan="16,17,16,16" rate="2105.88,2254.92,2116.44,2089.23" sx="M,M,F,M"/><TAIKYOKU oya="0"/><INIT seed="0,0,0,5,0,42" ten="250,250,250,250" oya="0" hai0="46,21,135,31,34,62,76,105,44,50,1,72,61" hai1="124,75,116,88,25,111,51,129,38,26,22,67,8" hai2="118,14,52,19,28,39,110,47,35,45,120,15,13" hai3="36,2,10,32,103,6,130,11,84,73,98,9,99"/><T114/><D105/><U97/><E116/><V58/><F120/><W17/><G73/><T112/><D34/><U16/><E38/><V20/><F110/><W78/><G130/><T56/><D1/><U89/><E75/><V30/><F118/><W5/><G32/><T121/><D72/><U133/><E111/><V70/><F70/><W63/><G36/><T59/><D76/><U80/><E133/><V18/><F35/><W126/><G126/><T100/><D100/><U113/><E113/><V107/><F107/><W74/><G74/><T104/><D104/><U27/><E67/><V43/><F45/><N who="0" m="17514" /><D21/><U12/><E129/><V86/><F86/><W3/><G63/><N who="0" m="24075" /><D31/><U94/><E124/><V55/><F55/><W96/><G103/><T82/><D82/><U128/><E128/><V90/><F90/><W64/><G64/><T7/><D7/><U115/><E115/><N who="0" m="44073" /><D121/><U109/><E109/><V24/><REACH who="2" step="1"/><F30/><REACH who="2" ten="250,250,240,250" step="2"/><W37/><G84/><T131/><D131/><U85/><REACH who="1" step="1"/><E51/><AGARI ba="0,1" hai="13,14,15,18,19,20,24,28,39,43,47,51,52,58" machi="51" ten="40,8000,1" yaku="1,1,2,1,52,1,54,1,53,1" doraHai="42" doraHaiUra="71" who="2" fromWho="1" sc="250,0,250,-80,240,90,250,0" /><INIT seed="1,0,0,0,2,82" ten="250,170,330,250" oya="1" hai0="17,67,28,127,99,12,89,2,61,3,19,117,5" hai1="124,102,48,10,16,35,1,22,37,33,53,100,42" hai2="62,79,49,107,52,128,78,50,15,110,103,87,75" hai3="113,80,64,115,133,122,91,98,86,27,118,14,105"/><U132/><E132/><V108/><F75/><W88/><G64/><T84/><D117/><U93/><E124/><V32/><F32/><W26/><G14/><T114/><D114/><N who="3" m="43529" /><G26/><T63/><D127/><U18/><E37/><V66/><F128/><W43/><G27/><T119/><D28/><U130/><E42/><V92/><F107/><W45/><G45/><T13/><D99/><U58/><E130/><V109/><F15/><W4/><G43/><T7/><D84/><U21/><E93/><V97/><F50/><W94/><G4/><T73/><D89/><U34/><E21/><V129/><F129/><W47/><G47/><T44/><D119/><U70/><E70/><N who="2" m="42327" /><F87/><N who="3" m="50663" /><G118/><T77/><D44/><AGARI ba="0,0" hai="44,49,52,78,79,92,97,103,108,109,110" m="42327" machi="44" ten="30,2000,0" yaku="14,1,54,1" doraHai="82" who="2" fromWho="0" sc="250,-20,170,0,330,20,250,0" /><INIT seed="2,0,0,3,3,68" ten="230,170,350,250" oya="2" hai0="124,30,99,75,54,9,94,20,92,62,96,32,109" hai1="15,13,0,14,76,55,71,46,115,6,41,86,101" hai2="129,119,61,118,42,67,105,84,135,40,23,95,60" hai3="117,51,29,93,107,38,11,80,97,72,104,12,1"/><V3/><F105/><W63/><G1/><T21/><D75/><U98/><E115/><V128/><F3/><W50/><G38/><T89/><D109/><U87/><E71/><V70/><F23/><W24/><G117/><N who="2" m="44553" /><F95/><W106/><G63/><N who="2" m="24137" /><F84/><W33/><G80/><T127/><D9/><U47/><E76/><V116/><N who="2" m="44561" /><V125/><DORA hai="83" /><F70/><W103/><REACH who="3" step="1"/><G72/><REACH who="3" ten="230,170,350,240" step="2"/><T52/><D62/><U27/><E0/><V91/><F67/><W19/><AGARI ba="0,1" hai="11,12,19,24,29,33,50,51,93,97,103,104,106,107" machi="19" ten="30,4000,0" yaku="1,1,2,1,0,1,53,0" doraHai="68,83" doraHaiUra="85,2" who="3" fromWho="3" sc="230,-10,170,-10,350,-20,240,50" /><INIT seed="3,0,0,0,1,92" ten="220,160,330,290" oya="3" hai0="100,1,79,70,126,90,130,27,135,85,117,80,4" hai1="112,81,72,115,42,44,116,26,129,113,7,20,63" hai2="10,93,108,78,83,102,94,0,19,33,119,38,98" hai3="30,110,103,5,9,68,60,14,122,43,91,65,58"/><W123/><G110/><T127/><D70/><U54/><E129/><V66/><F119/><W61/><G103/><T22/><D117/><U34/><E116/><V39/><F33/><W51/><G30/><T49/><D1/><U47/><E34/><V124/><F66/><W11/><G91/><T28/><D4/><U99/><E7/><V6/><F108/><W104/><G104/><T45/><D100/><U111/><E111/><V55/><F124/><N who="0" m="47658" /><D130/><U8/><E8/><V12/><F55/><W97/><G97/><T120/><D135/><U13/><E13/><V131/><F93/><W89/><G89/><T2/><D2/><U32/><E32/><V76/><F76/><W53/><G43/><N who="0" m="24767" /><D79/><U25/><E81/><V77/><F77/><W96/><G96/><T82/><D80/><U52/><E72/><V107/><F107/><W36/><G36/><T87/><D85/><U31/><E63/><V24/><F131/><W3/><REACH who="3" step="1"/><G61/><REACH who="3" ten="220,160,330,280" step="2"/><T15/><D90/><U64/><E64/><V21/><F0/><W40/><G40/><T75/><D28/><U101/><E26/><V121/><F121/><W46/><G46/><T71/><D27/><U17/><E31/><V125/><F125/><W84/><G84/><AGARI ba="0,1" hai="6,10,12,19,21,24,38,39,78,83,84,94,98,102" machi="84" ten="30,2000,0" yaku="7,1,52,1" doraHai="92" who="2" fromWho="3" sc="220,0,160,0,330,30,280,-20" owari="220,-18.0,160,-34.0,360,46.0,260,6.0" /></mjloggm>