<mjloggm ver="2.3"><GO type="169" lobby="0"/><UN n0="%7A%6B%75%72%74" n1="%4E%55%44%41" n2="%E3%81%8A%E3%81%98%E3%81%95%E3%82%93" n3="%E3%82%82%E3%82%93%E3%81%94%E3%82%8B%30%36%31%35" dan="16,17,16,17" rate="2168.28,2174.33,2158.87,2216.36" sx="M,M,M,M"/><TAIKYOKU oya="0"/><INIT seed="0,0,0,0,5,27" ten="250,250,250,250" oya="0" hai0="89,105,46,96,54,100,120,67,25,98,124,28,101" hai1="10,19,63,48,4,108,90,3,93,71,32,126,121" hai2="45,20,116,115,24,132,114,55,7,85,22,1,60" hai3="50,47,0,86,99,8,104,95,81,29,77,56,37"/><T69/><D120/><U131/><E121/><V33/><F33/><W40/><G104/><T18/><D124/><U39/><E39/><V11/><F22/><W107/><G107/><T135/><D135/><U112/><E32/><V68/><F132/><W78/><G78/><T106/><D89/><U88/><E126/><V49/><F116/><W17/><G0/><T16/><D54/><U36/><E36/><V134/><F134/><W73/><G56/><T82/><D82/><U12/><E108/><V23/><F23/><W80/><G80/><T109/><D46/><U21/><E131/><V111/><F111/><W31/><G37/><T41/><D41/><U76/><E76/><V30/><REACH who="2" step="1"/><F85/><REACH who="2" ten="250,250,240,250" step="2"/><W2/><G73/><T43/><D109/><U113/><E21/><V125/><F125/><W91/><G2/><T57/><D43/><U66/><E3/><V97/><F97/><W74/><G74/><T26/><D26/><U117/><E117/><V119/><F119/><W34/><G34/><N who="0" m="20751" /><D57/><U58/><E58/><V15/><F15/><AGARI ba="0,1" hai="8,15,17,29,31,40,47,50,77,81,86,91,95,99" machi="15" ten="40,5200,0" yaku="8,1,52,2" doraHai="27" who="3" fromWho="2" sc="250,0,250,0,240,-52,250,62" /><INIT seed="1,0,0,2,3,50" ten="250,250,188,312" oya="1" hai0="49,97,6,18,85,94,76,17,21,87,108,15,126" hai1="27,63,86,103,89,83,79,61,128,59,132,11,129" hai2="120,117,16,23,40,66,26,105,96,72,80,30,9" hai3="10,46,112,69,135,92,113,12,111,34,65,3,131"/><U109/><E132/><V125/><F117/><W2/><G69/><T119/><D119/><U124/><E124/><V52/><F120/><W51/><G65/><T64/><D108/><U44/><E103/><V90/><F66/><W57/><G57/><T13/><D126/><U68/><E68/><V84/><F125/><W41/><G34/><T29/><D29/><U4/><E109/><V123/><F123/><W134/><G111/><T14/><D64/><U43/><E27/><V32/><F40/><W5/><G131/><N who="1" m="50250" /><E89/><V78/><F9/><W24/><G24/><T81/><D6/><U82/><E82/><V36/><F36/><W95/><G95/><T48/><D87/><U88/><E79/><V115/><F115/><W37/><G37/><T20/><REACH who="0" step="1"/><D14/><REACH who="0" ten="240,250,188,312" step="2"/><N who="1" m="5479" /><E59/><V60/><F84/><W42/><G113/><T122/><D122/><U107/><E107/><V1/><F105/><W116/><G112/><T47/><D47/><U133/><E133/><V110/><F110/><W130/><G116/><T54/><D54/><U102/><E102/><AGARI ba="0,1" hai="13,15,17,18,20,21,48,49,76,81,85,94,97,102" machi="102" ten="30,7700,0" yaku="1,1,7,1,9,1,8,1,53,0" doraHai="50" doraHaiUra="58" who="0" fromWho="1" sc="240,87,250,-77,188,0,312,0" /><INIT seed="2,0,0,5,1,8" ten="327,173,188,312" oya="2" hai0="41,102,112,98,130,92,99,30,7,122,89,11,84" hai1="6,25,36,23,86,32,79,90,34,109,73,15,115" hai2="110,83,3,39,87,88,97,51,1,19,120,65,63" hai3="10,18,54,29,95,81,17,55,134,12,13,16,94"/><V5/><F120/><W121/><G134/><T9/><D122/><U43/><E115/><V20/><F39/><W40/><G121/><T85/><D112/><U71/><E71/><V69/><F110/><W128/><G128/><T72/><D72/><U22/><E109/><V100/><F51/><W104/><G104/><T68/><D68/><U119/><E119/><V124/><F5/><W24/><G40/><T67/><D67/><U57/><E79/><V78/><F78/><W96/><G81/><T46/><D30/><U0/><E73/><V2/><F124/><W127/><G127/><T61/><D61/><U70/><E0/><V82/><F82/><W49/><G94/><T76/><D11/><U53/><E70/><V44/><F44/><W50/><G29/><T131/><D131/><U116/><E116/><V125/><F125/><W31/><G31/><T126/><D126/><U101/><E101/><V132/><F132/><W77/><G77/><T75/><D75/><U74/><E74/><V135/><F135/><W113/><G24/><T93/><D76/><U14/><E43/><V66/><F66/><W35/><G35/><N who="1" m="13354" /><E36/><V26/><REACH who="2" step="1"/><F1/><REACH who="2" ten="327,173,178,312" step="2"/><W48/><G113/><T62/><D130/><U28/><E6/><V60/><F60/><W80/><G80/><T107/><D62/><U64/><E64/><V45/><F45/><W27/><G49/><T47/><D47/><U103/><E57/><V56/><F56/><W105/><G48/><T37/><D46/><U4/><E4/><V123/><F123/><W59/><G59/><T21/><D37/><U91/><E53/><RYUUKYOKU ba="0,1" sc="327,-10,173,-10,178,30,312,-10" hai2="2,3,19,20,26,63,65,69,83,87,88,97,100" /><INIT seed="2,1,1,2,5,6" ten="317,163,208,302" oya="2" hai0="42,32,110,26,75,128,16,69,124,4,51,131,10" hai1="11,111,84,40,12,39,81,77,107,114,56,20,102" hai2="36,113,89,27,59,125,72,105,49,101,135,28,41" hai3="92,30,61,88,57,94,14,22,91,0,62,97,65"/><V5/><F113/><W95/><G0/><T116/><D69/><U121/><E114/><V2/><F125/><W122/><G122/><T132/><D75/><U90/><E121/><V15/><F135/><W38/><G38/><T37/><D37/><U64/><E111/><V25/><F72/><W79/><G79/><T54/><D42/><U100/><E20/><V47/><F2/><W85/><G61/><T7/><D110/><U109/><E109/><V18/><F5/><W24/><G14/><N who="0" m="7255" /><D124/><U118/><E118/><V3/><F3/><W52/><G65/><T68/><D68/><U123/><E123/><V23/><F27/><W126/><G126/><T8/><D132/><U74/><E107/><V19/><F19/><W60/><G60/><T83/><D83/><AGARI ba="1,1" hai="22,24,30,52,57,62,83,85,88,91,92,94,95,97" machi="83" ten="30,7700,0" yaku="7,1,8,1,54,2" doraHai="6" who="3" fromWho="0" sc="317,-80,163,0,208,0,302,90" /><INIT seed="3,0,0,3,1,134" ten="237,163,208,392" oya="3" hai0="0,123,14,58,108,120,28,82,3,94,10,65,45" hai1="39,103,91,15,40,38,11,57,90,19,105,26,63" hai2="30,36,47,56,46,129,96,75,112,42,61,84,49" hai3="8,5,32,59,35,20,89,107,4,43,97,114,88"/><W12/><G114/><T92/><D108/><U104/><E26/><V31/><F75/><W48/><G35/><T98/><D28/><U13/><E13/><V101/><F84/><W135/><G32/><T60/><D82/><U80/><E40/><V78/><F78/><W9/><G20/><T72/><D72/><U24/><E24/><V121/><F129/><W130/><G130/><T2/><D45/><U55/><E80/><V66/><F121/><W7/><G135/><T128/><D128/><U22/><E11/><V93/><REACH who="2" step="1"/><F112/><REACH who="2" ten="237,163,198,392" step="2"/><W74/><G74/><T111/><D111/><U127/><E127/><V50/><F50/><W51/><G48/><T1/><D123/><U95/><E39/><V118/><F118/><W99/><G51/><T18/><D120/><U62/><E38/><V41/><AGARI ba="0,1" hai="30,31,36,41,42,46,47,49,56,61,66,93,96,101" machi="41" ten="20,2700,0" yaku="1,1,0,1,7,1,53,0" doraHai="134" doraHaiUra="16" who="2" fromWho="2" sc="237,-7,163,-7,198,37,392,-13" /><INIT seed="4,0,0,4,2,7" ten="230,156,235,379" oya="0" hai0="24,123,100,46,9,66,115,105,21,109,127,98,17" hai1="126,12,93,118,14,114,45,60,34,90,106,116,57" hai2="18,101,30,88,104,110,95,47,120,38,54,84,76" hai3="112,107,26,133,124,1,37,0,130,32,128,86,83"/><T117/><D117/><U121/><E121/><V131/><F120/><W62/><G37/><T122/><D115/><U8/><E106/><V91/><F110/><W52/><G107/><T55/><D109/><U96/><E34/><V53/><F131/><W74/><G74/><T61/><D127/><U27/><E126/><V6/><F30/><W113/><G26/><T11/><D123/><U13/><E114/><N who="3" m="44138" /><G32/><T87/><D87/><U72/><E72/><V135/><F135/><W111/><G111/><T58/><D122/><U3/><E45/><V75/><F6/><W49/><G62/><T82/><D82/><U73/><E73/><V40/><F91/><W89/><G133/><T44/><D44/><U28/><E3/><N who="3" m="1098" /><G124/><T102/><D102/><U78/><E78/><V80/><F18/><W77/><G77/><T29/><D29/><U10/><E116/><V132/><F132/><W33/><G33/><T94/><D105/><U125/><E118/><V15/><F15/><W63/><G63/><T68/><D68/><U20/><REACH who="1" step="1"/><E125/><REACH who="1" ten="230,146,235,379" step="2"/><V43/><F43/><W81/><G130/><T25/><D25/><U5/><E5/><V4/><F4/><W69/><G128/><T36/><REACH who="0" step="1"/><D66/><AGARI ba="0,1" hai="8,10,12,13,14,20,27,28,57,60,66,90,93,96" machi="66" ten="40,8000,1" yaku="1,1,8,1,52,2,53,0" doraHai="7" doraHaiUra="64" who="1" fromWho="0" sc="230,-80,146,90,235,0,379,0" /><INIT seed="5,0,0,1,4,91" ten="150,236,235,379" oya="1" hai0="74,129,107,101,114,64,50,37,98,36,27,126,42" hai1="10,11,134,115,85,62,88,23,34,41,26,54,59" hai2="61,73,53,106,93,28,22,17,57,69,31,58,82" hai3="55,135,14,35,84,111,52,68,40,0,123,15,127"/><U103/><E34/><V1/><F106/><W43/><G111/><T7/><D74/><U13/><E115/><V75/><F69/><W32/><G0/><T44/><D114/><U109/><E109/><V118/><F1/><W124/><G84/><T92/><D129/><U56/><E134/><V21/><F118/><W78/><G78/><T72/><D126/><U39/><E103/><V120/><F120/><W119/><G68/><T47/><D72/><U117/><E117/><V80/><F93/><W4/><G4/><T122/><D122/><U121/><E121/><V100/><F100/><W79/><G79/><T90/><D7/><U133/><E133/><V128/><F53/><N who="3" m="20555" /><G123/><T70/><D47/><U29/><E59/><V131/><REACH who="2" step="1"/><F17/><REACH who="2" ten="150,236,225,379" step="2"/><W19/><G119/><T6/><D6/><U95/><REACH who="1" step="1"/><E13/><REACH who="1" ten="150,226,225,379" step="2"/><V89/><F89/><W65/><G14/><T9/><D70/><U5/><E5/><V66/><F66/><W130/><G65/><T45/><D64/><U125/><E125/><N who="3" m="48202" /><G135/><T46/><D90/><U33/><E33/><N who="3" m="12874" /><G130/><T81/><D107/><U96/><E96/><V48/><F48/><W104/><G104/><T71/><D71/><U18/><E18/><V30/><F30/><W116/><G116/><T113/><D113/><U102/><E102/><V2/><F2/><W94/><G94/><T110/><D110/><U87/><E87/><V3/><F3/><W97/><G97/><T108/><D108/><U12/><E12/><V86/><F86/><W38/><G38/><T51/><D36/><U16/><E16/><V20/><F20/><AGARI ba="0,2" hai="15,19,20,40,43" m="12874,48202,20555" machi="20" ten="30,2000,0" yaku="18,1,54,1" doraHai="91" who="3" fromWho="2" sc="150,0,226,0,225,-20,379,40" /><INIT seed="6,0,0,0,3,70" ten="150,226,205,419" oya="2" hai0="24,106,51,47,97,27,112,39,113,14,80,9,119" hai1="94,52,82,81,19,84,83,78,127,117,135,1,110" hai2="115,35,8,3,25,99,65,71,59,20,105,126,88" hai3="114,30,13,26,7,123,4,6,48,73,33,32,40"/><V72/><F72/><W38/><G73/><T100/><D119/><U41/><E110/><V68/><F35/><W29/><G48/><T98/><D98/><U122/><E117/><V111/><F111/><W133/><G123/><T58/><D58/><U37/><E1/><V18/><F115/><W134/><G40/><T79/><D113/><U22/><E122/><V17/><F126/><W90/><G90/><T96/><D96/><U28/><E127/><V57/><F57/><W86/><G86/><T103/><D103/><U5/><E5/><V118/><F118/><W74/><G74/><T64/><D64/><U125/><E125/><V95/><F105/><W23/><G38/><T55/><D112/><U76/><E28/><V2/><F2/><W31/><G114/><T87/><REACH who="0" step="1"/><D39/><REACH who="0" ten="140,226,205,419" step="2"/><U69/><E37/><V121/><F121/><W56/><G56/><T93/><D93/><U77/><E69/><V62/><REACH who="2" step="1"/><F3/><REACH who="2" ten="140,226,195,419" step="2"/><W130/><G33/><T66/><D66/><U11/><E135/><V49/><F49/><W107/><G107/><T15/><D15/><AGARI ba="0,2" hai="8,15,17,18,20,25,59,62,65,68,71,88,95,99" machi="15" ten="40,12000,1" yaku="1,1,54,1,53,2" doraHai="70" doraHaiUra="12" who="2" fromWho="0" sc="140,-120,226,0,195,140,419,0" /><INIT seed="6,1,0,1,2,118" ten="20,226,335,419" oya="2" hai0="52,126,65,13,74,103,66,96,106,82,95,69,39" hai1="79,29,2,16,100,130,5,53,98,6,124,63,131" hai2="71,105,33,40,3,70,62,73,17,10,61,117,77" hai3="81,59,50,110,11,72,132,122,37,26,12,48,120"/><V49/><F117/><W23/><G110/><T135/><D39/><U38/><E38/><V43/><F33/><W125/><G37/><T112/><D112/><U31/><E79/><V34/><F34/><W83/><G125/><T46/><D126/><U41/><E41/><V68/><F105/><W0/><G0/><T21/><D135/><U102/><E124/><V25/><F77/><W36/><G36/><T76/><D69/><U22/><E63/><V87/><F73/><W15/><G132/><T56/><D46/><U32/><E53/><V4/><F87/><W88/><G81/><T93/><D93/><U92/><E100/><V42/><REACH who="2" step="1"/><F49/><REACH who="2" ten="20,226,325,419" step="2"/><W91/><G50/><T8/><D106/><U108/><E108/><V14/><F14/><W7/><G15/><T134/><D134/><U85/><E85/><V115/><F115/><W94/><G72/><T86/><D74/><U67/><E32/><V35/><F35/><W111/><G111/><T58/><D21/><AGARI ba="1,1" hai="3,4,10,17,21,25,40,42,43,61,62,68,70,71" machi="21" ten="50,2400,0" yaku="1,1,53,0" doraHai="118" doraHaiUra="97" who="2" fromWho="0" sc="20,-27,226,0,325,37,419,0" owari="-7,-51.0,226,-17.0,362,16.0,419,52.0" /></mjloggm>