<mjloggm ver="2.3"><GO type="169" lobby="0"/><UN n0="%E6%B2%B3%E7%AB%A5%E3%81%AE%E3%83%AF%E3%82%AB%E3%83%9E%E3%83%84" n1="%43%6F%6D%65%64%69%61%6E" n2="%E3%83%94%E3%83%B3%E3%82%B5%E3%83%AD%E5%BA%97%E5%93%A1" n3="%39%2D%62%61%79" dan="17,16,18,16" rate="2177.32,2132.95,2255.42,2098.12" sx="M,M,M,M"/><TAIKYOKU oya="0"/><INIT seed="0,0,0,2,2,0" ten="250,250,250,250" oya="0" hai0="119,92,134,62,124,105,96,6,47,79,91,12,50" hai1="102,57,1,128,19,40,94,52,93,100,58,110,123" hai2="17,97,8,3,25,99,133,90,69,75,71,106,15" hai3="98,23,26,44,24,130,120,103,135,117,22,13,129"/><T73/><D119/><U56/><E123/><V38/><F38/><W66/><G117/><T95/><D134/><U61/><E110/><V68/><F75/><W126/><G120/><T101/><D124/><U87/><E1/><V114/><F114/><W11/><G135/><T37/><D37/><U89/><E40/><V131/><F133/><W35/><G126/><T39/><D39/><U132/><E128/><V122/><F122/><W82/><G82/><T46/><D62/><U5/><E5/><V80/><F131/><N who="3" m="50187" /><G66/><T113/><D113/><U78/><E78/><V88/><F3/><W45/><G35/><T36/><D36/><U77/><E77/><V33/><F106/><W53/><G23/><T85/><D95/><U107/><E107/><V121/><F121/><W32/><G32/><T10/><REACH who="0" step="1"/><D50/><REACH who="0" ten="240,250,250,250" step="2"/><U49/><E132/><V83/><F83/><AGARI ba="0,1" hai="6,10,12,46,47,73,79,83,85,91,92,96,101,105" machi="83" ten="40,12000,1" yaku="1,1,2,1,24,2,52,1,53,0" doraHai="0" doraHaiUra="109" who="0" fromWho="2" sc="240,130,250,0,250,-120,250,0" /><INIT seed="0,1,0,0,1,96" ten="370,250,130,250" oya="0" hai0="131,8,94,127,17,130,62,31,75,106,98,43,92" hai1="44,54,129,71,63,113,107,124,88,83,56,15,67" hai2="10,61,18,66,60,119,24,82,3,41,70,49,105" hai3="19,108,74,122,97,23,128,50,35,125,81,132,76"/><T25/><D75/><U117/><E117/><V65/><F119/><W123/><G35/><T59/><D43/><U39/><E129/><N who="0" m="49161" /><D127/><U2/><E2/><V80/><F105/><W68/><G68/><T9/><D106/><U89/><E113/><V116/><F116/><W34/><G34/><N who="0" m="20847" /><D17/><U37/><E107/><V73/><F73/><W85/><G74/><T48/><D48/><U20/><E124/><V72/><F72/><W126/><G128/><T112/><D94/><U79/><E39/><V16/><F49/><W4/><G126/><T26/><D26/><U30/><E37/><V27/><F41/><W11/><G125/><T111/><D111/><U110/><E110/><V22/><F3/><W93/><G50/><T46/><D46/><U36/><E44/><V5/><F5/><W121/><G108/><T38/><D112/><U135/><E36/><V99/><F99/><W1/><G132/><T13/><D13/><U77/><E135/><V51/><F51/><W64/><G93/><T53/><D38/><U91/><E83/><V103/><F103/><AGARI ba="1,0" hai="8,9,53,59,62,92,98,103" m="20847,49161" machi="103" ten="30,2900,0" yaku="19,1,52,1" doraHai="96" who="0" fromWho="2" sc="370,32,250,0,130,-32,250,0" /><INIT seed="0,2,0,0,2,17" ten="402,250,98,250" oya="0" hai0="73,58,68,105,61,70,79,103,42,53,130,118,120" hai1="94,67,35,33,84,119,57,85,52,125,75,65,122" hai2="86,40,107,1,59,10,14,88,106,109,18,9,96" hai3="135,71,38,78,23,11,32,101,19,48,69,129,87"/><T39/><D118/><U128/><E119/><V20/><F109/><W95/><G32/><T3/><D120/><U92/><E122/><V25/><F40/><W111/><G38/><T36/><D130/><U99/><E75/><V116/><F116/><W110/><G135/><T91/><D3/><U97/><E57/><V60/><F1/><W12/><G129/><T63/><D105/><U6/><E128/><V90/><F9/><W127/><G127/><T102/><D91/><U8/><E8/><V113/><F113/><W27/><G48/><T72/><D42/><U134/><E6/><V77/><F77/><W112/><G112/><T82/><D79/><U64/><E64/><V98/><F106/><W104/><G104/><T7/><D53/><U54/><REACH who="1" step="1"/><E125/><REACH who="1" ten="402,240,98,250" step="2"/><V133/><F133/><AGARI ba="2,1" hai="33,35,52,54,65,67,84,85,92,94,97,99,133,134" machi="133" ten="25,12000,2" yaku="1,1,2,1,22,2,54,1,53,2" doraHai="17" doraHaiUra="89" who="1" fromWho="2" sc="402,0,240,136,98,-126,250,0" owari="402,50.0,376,18.0,-28,-53.0,250,-15.0" /></mjloggm>