<mjloggm ver="2.3"><GO type="185" lobby="0"/><UN n0="%E3%81%BE%E3%81%A4%E3%81%9F%E3%81%91%E3%81%BC%E3%83%BC%E3%81%84" n1="%E3%81%93%E3%81%86%E3%81%98%E3%82%87%E3%81%86%E3%81%A1%E3%82%87%E3%81%86" n2="%E3%82%8A%E3%82%85%E3%81%99%E3%81%8F" n3="" dan="16,16,16,0" rate="2166.98,2057.10,2201.78,1500.00" sx="M,M,M,C"/><TAIKYOKU oya="0"/><INIT seed="0,0,0,5,0,42" ten="350,350,350,0" oya="0" hai0="113,33,88,118,37,110,76,58,70,60,2,54,132" hai1="85,93,51,53,68,129,100,45,114,117,78,56,39" hai2="108,61,65,32,71,86,102,106,107,121,36,112,50" hai3=""/><T99/><D2/><U124/><E117/><V84/><N who="2" m="31008" /><V120/><N who="2" m="30752" /><V47/><F112/><T62/><D33/><U73/><E129/><V98/><F32/><T79/><D113/><U94/><E124/><V49/><F108/><T69/><D118/><U48/><E39/><V3/><F3/><T111/><D37/><U40/><E68/><N who="0" m="26217" /><D62/><U35/><E35/><V0/><F0/><T74/><D74/><U83/><E114/><V95/><F49/><T130/><D130/><U123/><N who="1" m="31520" /><U134/><E134/><V41/><REACH who="2" step="1"/><F36/><REACH who="2" ten="350,350,340,0" step="2"/><T43/><D132/><U72/><E100/><V80/><F80/><T75/><D111/><U91/><REACH who="1" step="1"/><E94/><REACH who="1" ten="350,340,340,0" step="2"/><V97/><F97/><AGARI ba="0,2" hai="40,45,48,51,53,56,72,73,78,83,85,91,93,97" m="31520" machi="97" ten="30,12000,2" yaku="1,1,2,1,7,1,52,2,53,2" doraHai="42" doraHaiUra="105" who="1" fromWho="2" sc="350,0,340,140,340,-120,0,0" /><INIT seed="1,0,0,3,0,123" ten="350,480,220,0" oya="1" hai0="134,49,38,40,122,3,92,80,108,118,33,126,99" hai1="52,0,60,78,64,112,94,97,107,105,54,129,104" hai2="95,113,69,116,135,87,89,36,85,90,103,81,59" hai3=""/><U1/><E112/><V71/><F135/><T101/><N who="0" m="31264" /><T66/><D3/><U91/><E129/><V133/><F133/><T72/><D134/><U62/><E78/><V102/><F116/><T47/><D118/><U117/><E117/><V39/><F59/><T37/><D126/><U42/><E42/><V121/><N who="2" m="31008" /><V51/><F51/><T70/><D33/><U63/><REACH who="1" step="1"/><E64/><REACH who="1" ten="350,470,220,0" step="2"/><V44/><F113/><T119/><D119/><U114/><E114/><V96/><F39/><T34/><D37/><U55/><AGARI ba="0,1" hai="0,1,52,54,55,60,62,63,91,94,97,104,105,107" machi="55" ten="40,8000,1" yaku="1,1,0,1,29,2,54,1,53,0" doraHai="123" doraHaiUra="73" who="1" fromWho="1" sc="350,-40,470,90,220,-40,0,0" /><INIT seed="1,1,0,2,5,0" ten="310,560,180,0" oya="1" hai0="38,103,99,112,73,74,57,127,82,50,42,113,48" hai1="88,83,84,41,135,52,81,92,61,124,115,32,3" hai2="53,71,107,64,133,66,36,132,78,93,34,49,134" hai3=""/><U118/><E3/><V123/><N who="2" m="31520" /><V87/><F107/><T129/><D38/><U39/><E115/><V130/><F36/><T91/><D127/><U119/><E32/><V40/><F40/><T85/><D129/><U58/><E135/><V122/><N who="2" m="31264" /><V109/><F109/><T106/><D50/><U104/><E104/><V98/><F130/><T101/><D103/><U110/><E110/><V117/><F117/><T69/><D69/><U89/><E124/><V100/><F71/><T45/><D57/><U79/><E89/><V95/><F34/><T108/><D108/><U51/><E39/><V46/><F93/><T90/><D91/><U37/><E37/><V44/><REACH who="2" step="1"/><F46/><REACH who="2" ten="310,560,170,0" step="2"/><T62/><D112/><U59/><E41/><V54/><F54/><T63/><D113/><U68/><E68/><V75/><F75/><T105/><D106/><U35/><E35/><V94/><F94/><T80/><D74/><U67/><E92/><V70/><F70/><T33/><D33/><U121/><N who="1" m="31008" /><U131/><E131/><V128/><F128/><T65/><D65/><U120/><N who="1" m="30752" /><U126/><E126/><V111/><F111/><T96/><D73/><AGARI ba="1,1" hai="51,52,58,59,61,67,73,79,81,83,84,88,118,119" m="30752,31008" machi="73" ten="30,12000,1" yaku="7,1,52,2,54,2" doraHai="0" who="1" fromWho="0" sc="310,-122,560,132,170,0,0,0" /><INIT seed="1,2,0,1,0,44" ten="188,692,170,0" oya="1" hai0="91,135,70,118,41,45,105,3,80,75,36,69,104" hai1="43,129,77,119,95,73,58,103,133,34,60,121,68" hai2="90,78,88,97,66,109,61,86,67,125,89,32,112" hai3=""/><U82/><N who="1" m="31008" /><U122/><N who="1" m="31264" /><U96/><E119/><V83/><F109/><T40/><D118/><U124/><E124/><V92/><F32/><T114/><D114/><U100/><E133/><V117/><F117/><T48/><D135/><U81/><E34/><V134/><F134/><T107/><D3/><U101/><E68/><V106/><F125/><T108/><D108/><U123/><N who="1" m="31520" /><U50/><E82/><V87/><F106/><T59/><D41/><U72/><E72/><V39/><F39/><T1/><D1/><U74/><E74/><V42/><F42/><T130/><D130/><U99/><E129/><V38/><F38/><T57/><D91/><U128/><E128/><V84/><F67/><T47/><D70/><U126/><E126/><V55/><F55/><T131/><D69/><U37/><E37/><V0/><F0/><T127/><D131/><U54/><E99/><V113/><F112/><T93/><D127/><U56/><E43/><V98/><F113/><T94/><D75/><U85/><E73/><V49/><F98/><T71/><D71/><U120/><N who="1" m="30752" /><U46/><E46/><V116/><F116/><T102/><D45/><U65/><AGARI ba="2,0" hai="50,54,56,58,60,65,77,81,85,95,96,100,101,103" m="30752,31520,31264,31008" machi="65" ten="20,16000,3" yaku="0,1,7,1,8,1,52,5" doraHai="44" who="1" fromWho="1" sc="188,-82,692,164,170,-82,0,0" /><INIT seed="1,3,0,4,4,37" ten="106,856,88,0" oya="1" hai0="72,49,53,118,68,54,80,2,63,69,113,33,1" hai1="117,76,42,132,44,81,116,100,93,121,67,47,32" hai2="109,133,60,95,84,3,86,45,112,102,90,115,107" hai3=""/><U120/><N who="1" m="30752" /><U70/><N who="1" m="31008" /><U74/><E32/><V59/><F3/><T75/><D49/><U58/><E132/><V0/><F0/><T105/><D80/><U124/><E124/><V77/><F133/><T129/><D63/><U56/><E70/><V135/><F135/><T62/><D62/><U130/><E130/><V52/><F109/><T92/><D92/><U38/><E67/><V119/><F119/><T97/><D118/><U82/><E93/><V134/><F134/><T71/><D71/><U50/><E100/><V40/><F102/><T123/><N who="0" m="31520" /><T106/><D97/><U110/><E110/><V128/><F107/><T98/><D98/><U46/><E46/><V41/><F128/><T101/><D101/><U94/><E94/><V61/><F45/><T66/><D129/><U114/><E114/><N who="2" m="43563" /><F61/><T96/><D113/><U79/><E116/><V125/><F125/><T48/><D33/><U57/><E117/><V65/><F65/><T89/><D66/><U64/><E64/><V88/><F90/><T122/><N who="0" m="31264" /><T34/><D89/><U87/><REACH who="1" step="1"/><E47/><REACH who="1" ten="106,846,88,0" step="2"/><V78/><F95/><T39/><D2/><U43/><E43/><V108/><F108/><T104/><D1/><U35/><E35/><RYUUKYOKU ba="3,1" sc="106,-10,846,20,88,-10,0,0" hai1="38,42,44,50,56,57,58,74,76,79,81,82,87" /><INIT seed="1,4,1,3,5,66" ten="96,866,78,0" oya="1" hai0="120,126,122,79,104,114,33,106,65,60,111,57,48" hai1="123,78,51,130,129,35,41,97,32,61,2,69,70" hai2="86,133,127,44,62,34,58,47,3,74,46,85,91" hai3=""/><U54/><N who="1" m="31520" /><U52/><E2/><V56/><F3/><T101/><N who="0" m="30752" /><T119/><N who="0" m="31264" /><T63/><D33/><N who="1" m="12875" /><E78/><V110/><F110/><T89/><D114/><U105/><E105/><V98/><F133/><T131/><D111/><U42/><E97/><V87/><F127/><T112/><D131/><N who="1" m="50187" /><E61/><V115/><F115/><T37/><D79/><U36/><E36/><V81/><F34/><T118/><D37/><U82/><E82/><V45/><N who="2" m="11264" /><DORA hai="128" /><V68/><F81/><T76/><D63/><U102/><E102/><V83/><F83/><T73/><D60/><U40/><E51/><V99/><F74/><T113/><D48/><U93/><E93/><V100/><F100/><T43/><D76/><U117/><E117/><V53/><F99/><T72/><D101/><U134/><E134/><V75/><F75/><T80/><D80/><U59/><E59/><V92/><REACH who="2" step="1"/><F58/><REACH who="2" ten="96,866,68,0" step="2"/><T1/><D57/><U0/><E0/><V109/><F109/><T90/><D1/><U71/><AGARI ba="4,2" hai="40,41,42,52,54,69,70,71" m="50187,12875,31520" machi="71" ten="50,16000,3" yaku="28,2,19,1,52,4,54,1" doraHai="66,128" who="1" fromWho="1" sc="96,-84,866,188,68,-84,0,0" owari="12,-39.0,1054,101.0,-16,-62.0,0,0.0" /></mjloggm>