<mjloggm ver="2.3"><GO type="185" lobby="0"/><UN n0="%6D%61%73%5F" n1="%50%61%73%73%43%6F%64%65" n2="%4B%6F%4B%4B%4F" n3="" dan="16,17,16,0" rate="2179.64,2275.74,2197.39,1500.00" sx="M,M,M,C"/><TAIKYOKU oya="0"/><INIT seed="0,0,0,2,1,48" ten="350,350,350,0" oya="0" hai0="46,95,93,49,35,3,112,82,55,87,108,114,123" hai1="57,68,80,33,103,117,37,75,104,42,51,64,111" hai2="43,129,2,113,36,119,106,132,116,83,94,59,61" hai3=""/><T50/><N who="0" m="31520" /><T78/><D3/><U73/><E117/><V45/><F106/><T92/><D35/><U66/><E33/><V124/><F113/><T84/><D108/><U86/><E37/><V97/><F2/><T52/><REACH who="0" step="1"/><D87/><REACH who="0" ten="340,350,350,0" step="2"/><U128/><E111/><V34/><F34/><T90/><D90/><U47/><E75/><V44/><F119/><T63/><D63/><U54/><E73/><V56/><F116/><T100/><D100/><U85/><E86/><V77/><F61/><T60/><D60/><U122/><N who="1" m="31264" /><U130/><E103/><V40/><F124/><T88/><D88/><U58/><E85/><V76/><F76/><T134/><D134/><U72/><E72/><V91/><F132/><T99/><D99/><U127/><E127/><V110/><F110/><T67/><D67/><U32/><E66/><V1/><F1/><T53/><D53/><U107/><E54/><V101/><F101/><T81/><D81/><U126/><E80/><V79/><F83/><T102/><D102/><U41/><E126/><V98/><F98/><T125/><D125/><U38/><E107/><V120/><N who="2" m="30752" /><V131/><F79/><T74/><D74/><U133/><E104/><V69/><F77/><T135/><D135/><RYUUKYOKU ba="0,1" sc="340,20,350,-10,350,-10,0,0" hai0="46,49,50,52,55,78,82,84,92,93,95,112,114" /><INIT seed="0,1,1,5,1,43" ten="360,340,340,0" oya="0" hai0="102,42,81,55,3,105,99,41,58,85,34,96,90" hai1="118,100,78,103,129,48,46,59,2,120,95,82,35" hai2="132,131,39,79,37,68,106,101,44,60,54,0,119" hai3=""/><T135/><D135/><U67/><N who="1" m="30752" /><U84/><E118/><V111/><F0/><T128/><D128/><U127/><E2/><V47/><F79/><T97/><D3/><U114/><E35/><V80/><F80/><T112/><D112/><U65/><E129/><V57/><F101/><T77/><D34/><U109/><E114/><V104/><F131/><T33/><D33/><U62/><E127/><V130/><F130/><T36/><D36/><N who="2" m="13898" /><F104/><T61/><REACH who="0" step="1"/><D97/><REACH who="0" ten="350,340,340,0" step="2"/><U121/><N who="1" m="31008" /><U113/><E113/><V107/><F132/><T51/><D51/><U66/><E109/><V53/><F111/><T71/><D71/><U133/><E133/><V45/><F119/><T134/><D134/><U38/><E38/><V75/><F68/><T98/><D98/><U69/><E69/><V108/><F108/><T70/><D70/><U72/><E103/><V56/><F107/><T64/><D64/><U123/><N who="1" m="31520" /><U32/><E32/><V73/><F106/><T110/><D110/><U49/><E49/><V92/><F60/><T94/><AGARI ba="1,2" hai="41,42,55,58,61,77,81,85,90,94,96,99,102,105" machi="94" ten="30,4000,0" yaku="1,1,0,1,53,1" doraHai="43" doraHaiUra="52" who="0" fromWho="0" sc="350,62,340,-21,340,-21,0,0" /><INIT seed="0,2,0,2,5,44" ten="412,319,319,0" oya="0" hai0="123,135,70,62,76,96,97,118,111,35,69,65,57" hai1="98,117,99,74,56,109,110,46,39,54,43,129,49" hai2="100,2,114,58,67,85,105,133,120,92,107,102,59" hai3=""/><T41/><N who="0" m="31520" /><T34/><D118/><U82/><E117/><V112/><N who="2" m="30752" /><V119/><F119/><T108/><D76/><U116/><E116/><V47/><F2/><T95/><D41/><U131/><E74/><V45/><F85/><T80/><D80/><U122/><N who="1" m="31264" /><U32/><E82/><V127/><F92/><T103/><D135/><U36/><E32/><V101/><F67/><T51/><D97/><U68/><E68/><N who="0" m="26217" /><D51/><U132/><E132/><V64/><F64/><T52/><D65/><U93/><E99/><V75/><F100/><T61/><D62/><U0/><E0/><V90/><F90/><T60/><D60/><U71/><E71/><V3/><F3/><T87/><D87/><U86/><E86/><V128/><F133/><T63/><D63/><U94/><E94/><V37/><F75/><T125/><D125/><U104/><E104/><V89/><F89/><T130/><D130/><N who="1" m="49675" /><E93/><V91/><F128/><T77/><D77/><U124/><E98/><V81/><F81/><T66/><D66/><U83/><E83/><V50/><F107/><T48/><D61/><U55/><E124/><V42/><F105/><T38/><D38/><N who="1" m="14379" /><E43/><V72/><F42/><T115/><D95/><U88/><E88/><RYUUKYOKU ba="2,0" sc="412,-10,319,20,319,-10,0,0" hai1="46,49,54,55,56,109,110" /><INIT seed="1,3,0,2,0,38" ten="402,339,309,0" oya="1" hai0="53,39,40,84,76,54,41,35,37,45,87,89,52" hai1="107,65,115,61,105,48,133,57,2,0,63,73,108" hai2="123,64,125,77,111,44,127,98,1,121,118,131,120" hai3=""/><U43/><E115/><V67/><N who="2" m="30752" /><V46/><N who="2" m="31008" /><V69/><N who="2" m="31520" /><V91/><F1/><T70/><D35/><U97/><E133/><V117/><F111/><T113/><D113/><U72/><E108/><V109/><F109/><T119/><D119/><N who="2" m="45578" /><F77/><T50/><D70/><U80/><E63/><V34/><F34/><T83/><REACH who="0" step="1"/><D41/><REACH who="0" ten="392,339,309,0" step="2"/><U74/><E2/><V42/><F69/><T3/><D3/><U59/><E0/><V129/><F42/><T102/><D102/><U92/><E43/><V135/><F135/><T134/><D134/><U95/><E74/><V58/><F131/><T49/><D49/><U126/><E48/><V51/><F129/><T75/><D75/><U66/><E73/><V93/><F51/><T36/><D36/><U55/><E72/><V90/><F125/><T33/><D33/><U78/><E126/><V47/><F127/><T79/><D79/><U122/><E78/><V32/><F32/><T104/><D104/><U85/><E107/><V110/><F110/><T86/><D86/><U82/><E85/><V101/><F101/><T130/><D130/><U68/><E105/><V124/><F124/><T106/><D106/><U100/><N who="1" m="31264" /><U88/><E68/><V62/><F90/><RYUUKYOKU ba="3,1" sc="392,10,339,-20,309,10,0,0" hai0="37,39,40,45,50,52,53,54,76,83,84,87,89" hai2="44,46,47,58,62,64,67,91,93,98" /><INIT seed="2,4,1,3,0,117" ten="402,319,319,0" oya="2" hai0="81,48,115,42,35,37,110,82,45,83,69,77,58" hai1="109,94,103,100,2,129,88,128,40,63,55,44,105" hai2="52,72,71,97,39,90,43,123,67,59,134,111,0" hai3=""/><V120/><N who="2" m="30752" /><V60/><N who="2" m="31520" /><V93/><F0/><T33/><D77/><U84/><E2/><V62/><F134/><T89/><D110/><U49/><E109/><V64/><F111/><T1/><D1/><U125/><E125/><V96/><F72/><T135/><D135/><U38/><E63/><V114/><F114/><T75/><D75/><U65/><E65/><V107/><F39/><T127/><D69/><U124/><E124/><V74/><F74/><T131/><D127/><U122/><N who="1" m="31264" /><U76/><E76/><V3/><F3/><T51/><D115/><U113/><E113/><V68/><F43/><T112/><D112/><U80/><E94/><V91/><F107/><T119/><D33/><U85/><E84/><V102/><F96/><T70/><D119/><U133/><E133/><V57/><F57/><T118/><D58/><U79/><E79/><V54/><F54/><T73/><D35/><U130/><E105/><V104/><F104/><T92/><D73/><U132/><E132/><V95/><F95/><T66/><D118/><U41/><E41/><V126/><F126/><T46/><D92/><U78/><E40/><V116/><F116/><T50/><D42/><U34/><E34/><V121/><F121/><RYUUKYOKU ba="4,1" sc="402,-10,319,-10,319,20,0,0" hai2="52,59,60,62,64,67,68,71,90,91,93,97,102" /><INIT seed="2,5,1,4,3,43" ten="392,309,339,0" oya="2" hai0="65,119,78,132,126,129,85,73,34,91,54,96,51" hai1="83,79,103,75,60,58,82,93,100,74,1,53,61" hai2="40,99,106,120,109,66,41,52,117,81,110,47,80" hai3=""/><V135/><N who="2" m="30752" /><V36/><F117/><T131/><D119/><U39/><E1/><V63/><F135/><T45/><D34/><U49/><E39/><V90/><F40/><T77/><D132/><U94/><E49/><V76/><F52/><T2/><D2/><U102/><E61/><V84/><F106/><T44/><D126/><U46/><E46/><V97/><F97/><T62/><D96/><U42/><E42/><V112/><F99/><T113/><D73/><U69/><E69/><V115/><F115/><T71/><D113/><U87/><REACH who="1" step="1"/><E75/><REACH who="1" ten="392,299,339,0" step="2"/><V123/><N who="2" m="31520" /><V33/><F33/><T116/><D116/><U50/><E50/><V122/><N who="2" m="31264" /><V92/><F112/><T124/><D45/><U118/><E118/><V89/><F89/><AGARI ba="5,2" hai="53,58,60,74,79,82,83,87,89,93,94,100,102,103" machi="89" ten="40,1300,0" yaku="1,1,53,0" doraHai="43" doraHaiUra="64" who="1" fromWho="2" sc="392,0,299,43,339,-23,0,0" /><INIT seed="4,0,0,1,1,60" ten="392,342,316,0" oya="0" hai0="123,96,109,58,44,54,105,81,79,126,65,115,71" hai1="40,33,85,61,77,39,35,45,120,42,76,134,128" hai2="118,66,92,87,135,93,1,2,122,47,72,38,49" hai3=""/><T94/><N who="0" m="31520" /><T0/><D0/><U132/><N who="1" m="30752" /><U88/><E128/><V59/><N who="2" m="31264" /><V86/><F72/><T90/><D115/><U73/><E42/><V46/><F38/><T127/><D109/><U63/><E77/><V69/><F69/><T70/><D105/><U52/><E76/><V53/><F135/><N who="1" m="51753" /><E73/><V32/><F32/><N who="1" m="12361" /><E52/><V64/><F53/><T82/><D44/><U100/><E100/><V129/><F49/><T89/><D89/><U41/><E41/><V75/><F75/><T62/><D82/><AGARI ba="0,0" hai="39,40,45,61,63,82,85,88" m="12361,51753,30752" machi="82" ten="30,3900,0" yaku="20,1,52,1,54,1" doraHai="60" who="1" fromWho="0" sc="392,-39,342,39,316,0,0,0" /><INIT seed="5,0,0,2,1,97" ten="353,381,316,0" oya="1" hai0="120,103,117,102,73,35,62,55,115,34,56,51,132" hai1="118,47,70,113,105,107,3,94,78,72,125,111,99" hai2="42,85,41,122,129,88,67,96,63,92,64,77,131" hai3=""/><U82/><E118/><V76/><N who="2" m="31264" /><V98/><F98/><T48/><N who="0" m="30752" /><T110/><D110/><U87/><E3/><V104/><F64/><T114/><D73/><U53/><E70/><V84/><F84/><T83/><D117/><U66/><E66/><V123/><N who="2" m="31520" /><V2/><F2/><T65/><D132/><U128/><E111/><V69/><F76/><T91/><D83/><U75/><E125/><V112/><F112/><N who="0" m="43050" /><D91/><U89/><E113/><V116/><F116/><T49/><D55/><U57/><E75/><V36/><F36/><T90/><D90/><U39/><E72/><V101/><REACH who="2" step="1"/><F77/><REACH who="2" ten="353,381,306,0" step="2"/><T80/><D80/><U86/><E82/><V124/><F124/><T109/><D109/><U37/><E78/><V134/><F134/><T58/><D56/><U44/><E57/><V60/><F60/><T133/><D133/><U127/><E127/><V54/><F54/><T81/><D81/><U33/><E53/><V106/><F106/><T40/><D40/><AGARI ba="0,1" hai="40,41,42,63,67,69,85,88,92,96,101,104,129,131" m="31520,31264" machi="40" ten="40,8000,1" yaku="1,1,52,3,54,1,53,0" doraHai="97" doraHaiUra="0" who="2" fromWho="0" sc="353,-80,381,0,306,90,0,0" /><INIT seed="6,0,0,4,0,34" ten="273,381,396,0" oya="2" hai0="46,135,117,88,99,97,70,111,114,72,95,131,118" hai1="115,109,68,90,48,132,112,127,116,110,45,41,51" hai2="94,47,87,63,64,96,39,33,74,1,85,121,134" hai3=""/><V2/><N who="2" m="31008" /><V100/><F74/><T73/><D70/><U50/><E127/><V119/><F33/><T36/><D36/><U37/><E132/><V128/><F119/><N who="0" m="45578" /><D46/><U61/><E116/><V124/><F124/><T89/><D135/><U3/><E3/><V107/><F134/><T0/><D0/><U75/><E75/><N who="0" m="28745" /><D111/><N who="1" m="42507" /><E90/><N who="0" m="34921" /><D131/><U101/><E101/><V77/><F128/><T42/><D42/><U78/><E78/><V123/><N who="2" m="31520" /><V86/><F77/><T55/><D55/><U38/><E38/><V103/><F39/><T129/><D129/><U58/><E68/><V113/><F47/><T93/><D114/><N who="1" m="43563" /><E37/><V126/><F126/><T43/><D43/><U91/><E91/><V106/><F113/><T79/><D79/><U59/><E59/><V65/><F1/><T133/><D133/><U69/><E69/><V76/><F76/><T83/><D83/><U35/><E35/><V49/><F2/><T104/><D104/><U130/><E130/><V56/><F107/><T92/><AGARI ba="0,0" hai="92,93,95,97,99" m="34921,28745,45578" machi="92" ten="40,6000,1" yaku="28,2,34,2,54,1" doraHai="34" who="0" fromWho="0" sc="273,60,381,-20,396,-40,0,0" /><INIT seed="8,0,0,2,5,84" ten="333,361,356,0" oya="0" hai0="132,58,37,117,74,135,108,87,101,47,89,107,85" hai1="119,34,125,32,109,39,43,120,104,96,105,73,54" hai2="64,80,134,63,70,111,114,61,116,42,41,79,65" hai3=""/><T1/><D1/><U44/><N who="1" m="30752" /><U97/><E109/><V130/><F111/><T75/><D108/><U69/><E69/><V49/><F114/><T131/><D117/><U81/><E119/><V110/><F110/><T68/><D68/><U129/><E125/><V133/><F116/><T98/><D131/><U33/><E129/><V83/><F130/><T62/><D87/><U103/><E54/><V92/><F92/><T123/><N who="0" m="31520" /><T67/><D47/><U126/><E126/><V60/><F83/><T118/><D37/><U59/><E59/><V78/><F78/><T50/><D50/><U46/><E44/><V55/><F80/><T45/><D45/><U35/><E35/><V124/><F79/><T102/><D101/><U48/><E48/><V121/><N who="2" m="31008" /><V57/><F124/><T128/><D118/><U86/><E73/><V91/><F91/><T82/><REACH who="0" step="1"/><D128/><REACH who="0" ten="323,361,356,0" step="2"/><U53/><E34/><V113/><F113/><T106/><D106/><U56/><E105/><V71/><F49/><T115/><D115/><U72/><E33/><V66/><F66/><T77/><D77/><U90/><E32/><V112/><F112/><T51/><D51/><U93/><E104/><V95/><F95/><T127/><D127/><RYUUKYOKU ba="0,1" sc="323,10,361,-20,356,10,0,0" hai0="58,62,67,74,75,82,85,89,98,102,107,132,135" hai2="41,42,55,57,60,61,63,64,65,70,71,133,134" /><INIT seed="8,1,1,3,3,129" ten="333,341,366,0" oya="0" hai0="89,36,73,121,50,116,107,80,34,88,69,65,62" hai1="105,96,87,134,63,47,41,95,59,77,85,131,127" hai2="81,132,79,32,120,110,51,122,52,128,3,54,109" hai3=""/><T45/><N who="0" m="31008" /><T74/><D34/><U102/><E131/><V38/><N who="2" m="30752" /><V67/><N who="2" m="31264" /><V66/><F128/><T124/><D116/><U112/><E127/><V61/><F38/><T43/><D124/><U44/><E112/><V82/><F3/><T118/><D118/><U48/><E134/><V86/><F32/><T94/><D107/><U123/><N who="1" m="31520" /><U0/><E0/><V49/><F132/><T76/><D74/><U83/><E47/><V2/><F2/><T103/><D103/><U75/><REACH who="1" step="1"/><E105/><REACH who="1" ten="333,331,366,0" step="2"/><V57/><F109/><T37/><D89/><U39/><E39/><V56/><F110/><T100/><D100/><U55/><AGARI ba="1,2" hai="41,44,48,55,59,63,75,77,83,85,87,95,96,102" m="31520" machi="55" ten="20,3900,0" yaku="1,1,0,1,7,1,52,1,53,0" doraHai="129" doraHaiUra="101" who="1" fromWho="1" sc="333,-27,331,61,366,-14,0,0" /><INIT seed="9,0,0,5,3,93" ten="306,392,352,0" oya="1" hai0="85,71,92,118,95,35,46,109,115,59,47,135,74" hai1="50,67,102,61,88,36,130,82,94,51,57,134,32" hai2="34,107,122,33,38,108,65,86,131,62,70,128,124" hai3=""/><U100/><E32/><N who="2" m="12395" /><F108/><T96/><D109/><U52/><E36/><V121/><N who="2" m="31008" /><V133/><N who="2" m="31264" /><V75/><F75/><T112/><D35/><U44/><E134/><V2/><F2/><T89/><D71/><U98/><E130/><N who="2" m="49707" /><F107/><T80/><D118/><U101/><E51/><V120/><N who="2" m="30752" /><V84/><F124/><T60/><D135/><U116/><E116/><V55/><F38/><T3/><D3/><U68/><E68/><V37/><F37/><T56/><D56/><U58/><E57/><V87/><F133/><T81/><D112/><U91/><E91/><V45/><F45/><N who="0" m="16906" /><D74/><U90/><E90/><V53/><AGARI ba="0,0" hai="53,55,62,65,70,84,86,87" m="30752,49707,31264,31008,12395" machi="53" ten="40,6000,1" yaku="19,1,52,3" doraHai="93" who="2" fromWho="2" sc="306,-20,392,-40,352,60,0,0" owari="286,-31.0,352,-5.0,412,36.0,0,0.0" /></mjloggm>