<mjloggm ver="2.3"><GO type="169" lobby="0"/><UN n0="%E3%83%90%E3%83%AA%E3%83%88%E3%83%B3" n1="%E7%BD%AA%E5%88%91%E6%B3%95%E5%AE%9A%E4%B8%BB%E7%BE%A9" n2="%E9%AB%98%E6%A9%8B%E6%B7%B3" n3="%43%6F%6D%65%64%69%61%6E" dan="16,17,16,16" rate="2194.40,2129.01,2118.34,2155.93" sx="M,M,M,M"/><TAIKYOKU oya="0"/><INIT seed="0,0,0,2,3,54" ten="250,250,250,250" oya="0" hai0="71,57,131,91,44,7,15,11,106,87,33,73,58" hai1="4,27,67,45,3,20,118,130,113,38,65,14,30" hai2="112,61,24,98,100,21,64,77,123,121,63,74,12" hai3="6,122,70,96,126,90,94,81,16,0,47,2,119"/><T110/><D73/><U109/><E118/><V31/><F112/><W25/><G119/><T88/><D71/><U42/><E113/><V111/><F111/><W75/><G126/><T82/><D33/><U115/><E115/><V55/><F12/><W22/><G70/><T34/><D34/><U133/><E109/><V97/><F97/><W83/><G122/><T80/><D106/><U5/><E133/><V107/><F61/><W53/><G6/><T93/><D110/><U1/><E130/><V99/><F55/><W39/><G81/><T43/><D131/><U124/><E124/><V76/><F99/><W108/><G108/><T101/><D101/><U84/><E84/><V32/><F21/><W128/><G128/><T35/><D35/><U120/><E120/><N who="2" m="46155" /><F74/><W89/><G89/><T28/><D28/><U17/><E4/><V114/><F114/><W78/><REACH who="3" step="1"/><G53/><REACH who="3" ten="250,250,250,240" step="2"/><T9/><D82/><U92/><E5/><V85/><F77/><W66/><G66/><T48/><D9/><U37/><E67/><V8/><F76/><W129/><G129/><T105/><D105/><U23/><E65/><V40/><F64/><W51/><G51/><T60/><D60/><U13/><E38/><V69/><F63/><W125/><G125/><T18/><D7/><U50/><E37/><V68/><F68/><W103/><G103/><T79/><D79/><U117/><E117/><V10/><F100/><W46/><G46/><T49/><D48/><U72/><E50/><V26/><F107/><W95/><G95/><T102/><D102/><U56/><E92/><V59/><F69/><RYUUKYOKU ba="0,1" sc="250,15,250,-15,250,-15,240,15" hai0="11,15,18,43,44,49,57,58,80,87,88,91,93" hai3="0,2,16,22,25,39,47,75,78,83,90,94,96" /><INIT seed="0,1,1,2,1,36" ten="265,235,235,255" oya="0" hai0="29,51,128,110,42,71,19,69,7,34,85,28,16" hai1="4,40,26,75,32,58,25,118,23,13,55,46,120" hai2="94,10,123,73,125,0,79,48,5,99,53,37,86" hai3="70,15,39,2,59,44,14,65,96,126,95,84,112"/><T108/><D7/><U35/><E120/><V8/><F123/><W1/><G112/><T72/><D72/><U68/><E118/><V90/><F37/><W77/><G70/><T105/><D105/><U121/><E121/><V130/><F130/><W62/><G126/><T52/><D128/><U60/><E75/><V38/><F38/><W6/><G77/><T131/><D131/><U33/><E68/><N who="0" m="26185" /><D85/><U132/><E132/><V61/><F125/><W135/><G84/><T83/><D83/><U54/><E54/><V56/><F8/><W21/><G135/><T87/><D87/><U24/><E4/><V81/><F61/><W22/><G2/><T93/><D93/><U106/><E106/><V12/><F0/><W98/><G1/><T57/><D42/><U129/><E129/><V43/><F73/><W104/><G104/><T18/><D34/><U80/><E80/><V47/><F56/><W11/><G96/><T67/><D67/><U74/><E74/><V31/><F31/><W117/><G117/><T109/><AGARI ba="1,1" hai="16,18,19,28,29,51,52,57,108,109,110" m="26185" machi="109" ten="40,12000,1" yaku="14,1,10,1,54,2" doraHai="36" who="0" fromWho="0" sc="265,133,235,-41,235,-41,255,-41" /><INIT seed="0,2,0,5,4,22" ten="398,194,194,214" oya="0" hai0="52,97,7,39,1,62,32,95,34,4,36,135,5" hai1="67,0,85,134,99,44,13,92,84,58,27,98,125" hai2="75,109,43,25,124,23,71,107,65,105,78,17,76" hai3="122,106,19,133,128,79,11,129,64,6,61,3,40"/><T127/><D1/><U15/><E0/><V10/><F124/><W33/><G133/><T21/><D135/><U70/><E70/><V47/><F109/><W94/><G106/><T18/><D127/><U108/><E108/><V31/><F65/><W90/><G122/><T53/><D32/><U51/><E134/><V42/><F71/><W117/><G117/><T113/><D34/><U132/><E125/><V56/><F56/><W68/><G79/><T87/><D87/><U114/><E114/><V20/><F10/><W88/><G40/><T115/><D36/><U91/><E132/><V119/><F43/><W118/><G118/><T69/><D39/><U104/><E104/><V82/><F78/><W35/><G90/><T30/><D30/><U8/><E99/><V49/><REACH who="2" step="1"/><F119/><REACH who="2" ten="398,194,184,214" step="2"/><W74/><G128/><T63/><D115/><U2/><E58/><V116/><F116/><W83/><G129/><T45/><D113/><U60/><E67/><V77/><F77/><W72/><G74/><T86/><D69/><U50/><E44/><V93/><F93/><W12/><G72/><T96/><D45/><U103/><E92/><V28/><F28/><W59/><G68/><T55/><D86/><U120/><E85/><V37/><F37/><W16/><G83/><T110/><D110/><U101/><E84/><V130/><F130/><W14/><G94/><T41/><D41/><U126/><E126/><V24/><AGARI ba="2,1" hai="17,20,23,24,25,31,42,47,49,75,76,82,105,107" machi="24" ten="20,8000,1" yaku="1,1,0,1,7,1,52,2,53,0" doraHai="22" doraHaiUra="81" who="2" fromWho="2" sc="398,-42,194,-22,184,96,214,-22" /><INIT seed="1,0,0,4,2,80" ten="356,172,280,192" oya="1" hai0="61,12,59,15,134,6,10,115,35,85,36,63,129" hai1="62,91,78,128,32,83,25,73,114,1,111,31,23" hai2="43,34,122,18,64,94,133,46,89,45,101,132,117" hai3="120,105,48,96,7,26,27,66,116,9,16,100,41"/><U72/><E114/><V2/><F117/><W79/><G120/><T49/><D36/><U56/><E128/><V13/><F122/><W81/><G116/><T53/><D115/><U82/><E1/><V102/><F34/><W22/><G66/><T135/><D35/><U125/><E125/><V67/><F2/><W11/><G27/><T4/><D129/><U87/><E111/><V107/><F107/><W28/><G7/><T68/><D68/><U103/><E103/><V98/><F64/><W110/><G110/><T65/><D85/><U17/><E32/><V70/><F67/><W99/><G99/><T90/><D90/><U109/><E109/><V97/><F70/><W92/><G105/><T19/><D6/><U71/><E71/><V84/><F97/><W24/><G41/><T88/><D88/><U21/><E73/><V113/><F113/><W40/><G40/><T47/><REACH who="0" step="1"/><D63/><REACH who="0" ten="346,172,280,192" step="2"/><U33/><REACH who="1" step="1"/><E17/><REACH who="1" ten="346,162,280,192" step="2"/><V104/><F101/><W123/><G123/><T14/><D14/><U76/><E76/><V93/><F18/><W106/><G16/><T44/><D44/><U131/><E131/><V20/><F46/><W51/><G100/><T69/><D69/><U3/><E3/><V55/><F13/><W121/><G121/><T5/><D5/><U75/><E75/><V50/><F104/><W77/><G106/><T86/><D86/><U39/><E39/><V30/><F84/><N who="3" m="48175" /><G79/><T42/><D42/><U118/><E118/><V74/><F43/><W38/><G38/><T119/><D119/><U124/><E124/><V57/><F102/><N who="3" m="60679" /><G26/><T52/><D52/><AGARI ba="0,2" hai="21,23,25,31,33,52,56,62,72,78,82,83,87,91" machi="52" ten="30,18000,2" yaku="1,1,6,1,7,1,52,1,54,1,53,1" doraHai="80" doraHaiUra="54" who="1" fromWho="0" sc="346,-180,162,200,280,0,192,0" /><INIT seed="1,1,0,1,2,100" ten="166,362,280,192" oya="1" hai0="76,86,126,61,88,89,130,51,2,85,50,55,0" hai1="109,133,30,94,111,29,127,117,42,119,84,74,75" hai2="105,132,108,116,3,114,12,41,79,69,37,53,81" hai3="95,48,49,123,96,34,112,57,10,90,28,72,82"/><U98/><E42/><V77/><F12/><W65/><G112/><T91/><D76/><U59/><E59/><V66/><F53/><W47/><G123/><T106/><D61/><U1/><E1/><V71/><F79/><W44/><G72/><N who="1" m="27690" /><E133/><V64/><F81/><W102/><G34/><T131/><D126/><U26/><E26/><V31/><F77/><W115/><G28/><N who="1" m="10858" /><E84/><N who="0" m="32361" /><D55/><U19/><E19/><V107/><F31/><W87/><G115/><T97/><D97/><U15/><E15/><V103/><F41/><W122/><G122/><T32/><D32/><U43/><E43/><V110/><F132/><W120/><G120/><T128/><D106/><U52/><E52/><V40/><F40/><W7/><G48/><AGARI ba="1,0" hai="0,2,48,50,51,88,89,91,128,130,131" m="32361" machi="48" ten="40,8000,1" yaku="28,2,19,1,54,1" doraHai="100" who="0" fromWho="3" sc="166,83,362,0,280,0,192,-83" /><INIT seed="2,0,0,2,1,113" ten="249,362,280,109" oya="2" hai0="60,105,16,104,14,47,59,48,102,24,110,21,82" hai1="35,40,125,53,49,78,54,18,0,94,86,64,135" hai2="70,103,98,95,44,63,69,26,101,34,39,96,68" hai3="90,84,57,77,11,123,2,9,92,97,22,91,46"/><V117/><F117/><W37/><G123/><T74/><D110/><U65/><E35/><V119/><F119/><W62/><G77/><T31/><D102/><U115/><E115/><V120/><F120/><W87/><G2/><T85/><D74/><U108/><E0/><V58/><F44/><W5/><G5/><T67/><D85/><U124/><E108/><V88/><F39/><W55/><G37/><T50/><D82/><U45/><E18/><V23/><F34/><W32/><G32/><T4/><D4/><U93/><E78/><V38/><F38/><W51/><G22/><T66/><D67/><N who="1" m="25675" /><E135/><V43/><F43/><W73/><G73/><T72/><D72/><U7/><E7/><V56/><F63/><W116/><G116/><T61/><D61/><U133/><E133/><V79/><F79/><W126/><G126/><N who="1" m="48746" /><E86/><V118/><F118/><W29/><G29/><T1/><D1/><U99/><E94/><V6/><F6/><W80/><REACH who="3" step="1"/><G87/><REACH who="3" ten="249,362,280,99" step="2"/><T41/><REACH who="0" step="1"/><D50/><REACH who="0" ten="239,362,280,99" step="2"/><U20/><E20/><AGARI ba="0,2" hai="14,16,20,21,24,31,41,47,48,59,60,66,104,105" machi="20" ten="30,7700,0" yaku="1,1,2,1,7,1,54,1,53,0" doraHai="113" doraHaiUra="107" who="0" fromWho="1" sc="239,97,362,-77,280,0,99,0" /><INIT seed="3,0,0,2,4,34" ten="336,285,280,99" oya="3" hai0="108,103,88,14,65,124,15,49,81,71,70,21,26" hai1="28,2,86,116,119,110,56,125,10,12,64,33,113" hai2="79,32,109,59,118,76,6,22,120,101,132,82,17" hai3="98,126,84,93,39,77,53,58,66,62,50,48,72"/><W42/><G126/><T117/><D117/><N who="1" m="45131" /><E110/><V131/><F109/><W100/><G72/><T135/><D108/><U45/><E113/><V38/><F32/><W63/><G39/><T30/><D135/><U87/><E45/><V68/><F68/><W91/><G77/><T57/><D103/><U69/><E69/><V95/><F38/><W106/><REACH who="3" step="1"/><G42/><REACH who="3" ten="336,285,280,89" step="2"/><T5/><D124/><U13/><E125/><V9/><F79/><W18/><G18/><T37/><D37/><U43/><E43/><V41/><F17/><W73/><G73/><T80/><D71/><AGARI ba="0,1" hai="48,50,53,58,62,63,66,71,84,91,93,98,100,106" machi="71" ten="30,5800,0" yaku="1,1,7,1,53,1" doraHai="34" doraHaiUra="51" who="3" fromWho="0" sc="336,-58,285,0,280,0,89,68" /><INIT seed="3,1,0,0,5,88" ten="278,285,280,157" oya="3" hai0="20,86,39,57,66,84,91,62,117,5,121,13,9" hai1="126,15,4,122,133,2,75,128,129,61,10,83,3" hai2="60,43,37,40,36,124,28,8,82,99,72,108,95" hai3="42,110,104,131,32,125,58,78,67,29,135,48,70"/><W118/><G118/><T106/><D121/><U115/><E122/><V18/><F108/><W27/><G110/><T0/><D117/><U50/><E61/><V112/><F112/><W12/><G131/><N who="1" m="50250" /><E115/><V24/><F124/><W23/><G125/><T69/><D39/><U51/><E126/><V94/><F37/><W101/><G135/><T87/><D106/><U55/><E133/><V46/><F43/><W21/><G78/><T96/><D69/><U76/><E51/><V35/><F99/><N who="3" m="61503" /><G12/><T77/><D77/><U19/><E19/><V130/><F130/><W89/><G89/><T1/><REACH who="0" step="1"/><D20/><REACH who="0" ten="268,285,280,157" step="2"/><U34/><E34/><V132/><F35/><W68/><G70/><T33/><D33/><U7/><E7/><V44/><F132/><W93/><G23/><T107/><D107/><U79/><E76/><V102/><F36/><W14/><G21/><T65/><D65/><U59/><AGARI ba="1,1" hai="2,3,4,10,15,50,55,59,75,79,83" m="50250" machi="59" ten="30,1100,0" yaku="19,1" doraHai="88" who="1" fromWho="1" sc="268,-4,285,24,280,-4,157,-6" /><INIT seed="4,0,0,2,4,110" ten="264,309,276,151" oya="0" hai0="50,19,128,84,124,34,83,61,96,46,119,108,11" hai1="42,90,20,103,111,77,29,37,60,92,76,99,56" hai2="62,98,117,21,49,13,53,38,85,14,26,78,2" hai3="132,55,67,94,31,63,127,44,58,86,112,80,7"/><T24/><D119/><U72/><E111/><V66/><F38/><W89/><G132/><T82/><D108/><U27/><E72/><V8/><F98/><W91/><G127/><T102/><D128/><U105/><E37/><V52/><F53/><W57/><G7/><T69/><D124/><U116/><E42/><V17/><F117/><W123/><G123/><T95/><D34/><U100/><E116/><V25/><F2/><W87/><G31/><T36/><D36/><U6/><E6/><V115/><F115/><W79/><G44/><T35/><D35/><U10/><E10/><V73/><F73/><W1/><G1/><T9/><D69/><U12/><E12/><V41/><F41/><W39/><G39/><T106/><D61/><U75/><E75/><V118/><F85/><W122/><G122/><T130/><D106/><U15/><E15/><V59/><F78/><N who="1" m="30313" /><E105/><V54/><F54/><AGARI ba="0,0" hai="20,27,29,54,56,60,90,92,99,100,103" m="30313" machi="54" ten="30,1000,0" yaku="8,1" doraHai="110" who="1" fromWho="2" sc="264,0,309,10,276,-10,151,0" /><INIT seed="5,0,0,2,3,126" ten="264,319,266,151" oya="1" hai0="51,122,44,19,55,48,68,8,75,9,50,133,5" hai1="116,22,97,71,89,102,92,67,41,95,46,31,128" hai2="61,38,106,134,49,94,132,57,29,107,27,108,119" hai3="118,81,25,4,69,21,112,111,36,59,91,52,32"/><U20/><E116/><V90/><F38/><W10/><G111/><T125/><D125/><U98/><E31/><V124/><F49/><W17/><G118/><T114/><D114/><U42/><E128/><V135/><F108/><W120/><G120/><T86/><D75/><U127/><E127/><V39/><F39/><W104/><G112/><T33/><D133/><U23/><REACH who="1" step="1"/><E46/><REACH who="1" ten="264,309,266,151" step="2"/><V82/><F119/><W70/><G32/><T11/><D33/><U54/><E54/><N who="2" m="33975" /><F124/><W15/><G36/><T99/><D122/><U130/><E130/><V74/><F29/><W93/><G104/><T60/><D44/><U123/><E123/><V85/><F106/><W56/><G81/><T105/><D55/><U40/><E40/><V45/><F45/><W28/><G28/><T24/><D105/><U43/><E43/><V121/><F107/><W76/><G76/><T96/><D5/><U12/><E12/><V62/><F121/><W58/><REACH who="3" step="1"/><G52/><REACH who="3" ten="264,309,266,141" step="2"/><T113/><D113/><U47/><E47/><V131/><F82/><W80/><G80/><T2/><D2/><U16/><E16/><V13/><F135/><W72/><G72/><T77/><D19/><U14/><E14/><V73/><F74/><W3/><G3/><T35/><D35/><U110/><E110/><V53/><F13/><W117/><G117/><T18/><D18/><U83/><E83/><V64/><F53/><W1/><G1/><T79/><D77/><U66/><E66/><V88/><F73/><W0/><G0/><T84/><D79/><U129/><E129/><V103/><F131/><W65/><G65/><RYUUKYOKU ba="0,2" sc="264,-15,309,15,266,-15,141,15" hai1="20,22,23,41,42,67,71,89,92,95,97,98,102" hai3="4,10,15,17,21,25,56,58,59,69,70,91,93" /><INIT seed="5,1,2,0,3,115" ten="249,324,251,156" oya="1" hai0="38,97,130,34,81,61,20,71,7,40,55,114,122" hai1="67,29,85,68,24,17,84,89,127,133,106,134,96" hai2="83,22,27,54,132,63,26,111,74,66,36,21,72" hai3="12,8,64,105,13,131,120,19,5,121,87,62,42"/><U65/><E17/><V118/><F36/><W135/><G105/><T86/><D34/><U124/><E68/><V98/><F111/><W91/><G131/><T80/><D114/><U102/><E67/><V75/><F118/><W57/><G42/><T82/><D122/><U123/><E65/><V0/><F0/><W37/><G37/><T109/><D109/><U28/><E123/><V76/><F54/><W104/><G104/><T103/><D7/><U41/><E41/><V110/><F132/><N who="1" m="50793" /><E84/><V43/><F43/><W44/><G44/><T1/><D1/><U46/><E46/><V11/><F11/><W119/><G119/><T107/><D130/><U48/><E48/><V16/><F98/><W77/><G77/><T25/><D40/><U70/><E70/><V3/><F3/><W92/><REACH who="3" step="1"/><G135/><REACH who="3" ten="249,324,251,146" step="2"/><T60/><D38/><U51/><E127/><V53/><F110/><W4/><G4/><T35/><D107/><U126/><E124/><V78/><F78/><W32/><G32/><T100/><D35/><U58/><E126/><V14/><F76/><W90/><G90/><T59/><D103/><U23/><E89/><V101/><F101/><W18/><G18/><T108/><D108/><U10/><E106/><V45/><F45/><W47/><G47/><T50/><D100/><U31/><E102/><V49/><F16/><W94/><G94/><T52/><D82/><U112/><E112/><V88/><F83/><W125/><G125/><T30/><D81/><U129/><E129/><V15/><F88/><W99/><G99/><T39/><D97/><U95/><E96/><RYUUKYOKU ba="1,3" sc="249,-10,324,-10,251,-10,146,30" hai3="5,8,12,13,19,57,62,64,87,91,92,120,121" /><INIT seed="6,2,3,5,2,112" ten="239,314,241,176" oya="2" hai0="104,107,121,1,110,72,108,96,12,111,27,39,127" hai1="48,77,23,103,2,98,40,25,94,41,115,28,114" hai2="92,99,9,126,13,128,30,60,31,118,123,56,10" hai3="52,119,62,90,102,14,67,50,33,8,130,134,34"/><V18/><F123/><W109/><G109/><T42/><D12/><U64/><E2/><V11/><F118/><W85/><G119/><T70/><D121/><U3/><E3/><V74/><F74/><W15/><G102/><T68/><D127/><U43/><E77/><V82/><F82/><N who="3" m="49463" /><G130/><T55/><D55/><U22/><E64/><N who="2" m="38919" /><F128/><W97/><G97/><T38/><D27/><U21/><REACH who="1" step="1"/><E48/><REACH who="1" ten="239,304,241,176" step="2"/><V91/><F126/><W120/><G120/><T19/><D1/><U71/><E71/><V76/><F76/><W83/><G134/><T88/><D68/><U51/><E51/><V61/><F61/><W29/><G62/><T80/><D70/><U46/><E46/><V113/><F113/><AGARI ba="2,4" hai="21,22,23,25,28,40,41,43,94,98,103,113,114,115" machi="113" ten="40,2600,0" yaku="1,1,15,1,53,0" doraHai="112" doraHaiUra="35" who="1" fromWho="2" sc="239,0,304,72,241,-32,176,0" /><INIT seed="7,0,0,3,1,0" ten="239,376,209,176" oya="3" hai0="43,16,14,98,123,19,90,128,91,8,99,80,65" hai1="110,75,38,129,45,60,120,97,69,76,103,24,7" hai2="124,6,21,100,86,41,22,82,131,74,57,18,34" hai3="12,50,94,73,85,39,126,78,17,33,67,83,44"/><W23/><G126/><T42/><D123/><U3/><E120/><V59/><F34/><W87/><G33/><T64/><D80/><U70/><E110/><V9/><F74/><W109/><G109/><T25/><D14/><U32/><E129/><V48/><F100/><W96/><G67/><T2/><D2/><U66/><E70/><V31/><F31/><W125/><G39/><T53/><D8/><N who="1" m="2175" /><E76/><N who="2" m="46407" /><F22/><W36/><G36/><T118/><D118/><U49/><E49/><V119/><F119/><W133/><G133/><T93/><D93/><U108/><E66/><V132/><F131/><W116/><G125/><T26/><D128/><U135/><E97/><V127/><F132/><W56/><G56/><T51/><D51/><U111/><E60/><V105/><F105/><W63/><G63/><T113/><D113/><U68/><E45/><N who="2" m="25647" /><F127/><W104/><G104/><T77/><D53/><U101/><E24/><N who="2" m="14391" /><F124/><W4/><G116/><T72/><D77/><U115/><E115/><V30/><F30/><W102/><REACH who="3" step="1"/><G4/><REACH who="3" ten="239,376,209,166" step="2"/><T122/><D122/><U89/><E111/><V58/><F58/><W95/><G95/><T61/><D61/><U29/><E108/><V71/><F71/><W37/><G37/><T88/><D91/><U20/><E89/><V13/><AGARI ba="0,1" hai="6,9,13,57,59" m="14391,25647,46407" machi="13" ten="30,4000,0" yaku="25,1,8,1,52,1" doraHai="0" who="2" fromWho="2" sc="239,-10,376,-10,209,50,166,-20" owari="229,-17.0,366,46.0,259,6.0,146,-35.0" /></mjloggm>