<mjloggm ver="2.3"><GO type="185" lobby="0"/><UN n0="%67%6C%61%6E%7A%39%30" n1="%E3%81%8A%E7%9F%A5%E3%82%89%E3%81%9B" n2="%E9%95%B7%E5%85%89%E9%BA%BB%E5%A4%9C" n3="" dan="17,18,18,0" rate="2269.93,2362.37,2314.72,1500.00" sx="M,M,M,C"/><TAIKYOKU oya="0"/><INIT seed="0,0,0,1,4,2" ten="350,350,350,0" oya="0" hai0="93,47,74,101,129,128,1,39,62,106,78,87,90" hai1="71,118,0,132,52,121,126,67,112,56,68,102,58" hai2="107,77,51,64,86,113,94,57,116,61,45,105,41" hai3=""/><T32/><D1/><U50/><N who="1" m="31008" /><U36/><E0/><V85/><F113/><T108/><D62/><U75/><E118/><V125/><F125/><T33/><D108/><U109/><E75/><V42/><F116/><T134/><D134/><U91/><E126/><V110/><F110/><T55/><D55/><U76/><E76/><V117/><F117/><T111/><D111/><U81/><E109/><V3/><F3/><T100/><D47/><U104/><E36/><V99/><F42/><T131/><D39/><U133/><E102/><N who="0" m="39529" /><D106/><U114/><E104/><V135/><F135/><N who="1" m="51785" /><E58/><V40/><F105/><T44/><D44/><U43/><E43/><V96/><F41/><T95/><D95/><U88/><E67/><V83/><F107/><T46/><D46/><U79/><E114/><V69/><F69/><N who="1" m="26697" /><E112/><V73/><F64/><T49/><D49/><U123/><N who="1" m="31520" /><U124/><E124/><V63/><F57/><T97/><D74/><U54/><E54/><V130/><F73/><T115/><D115/><U37/><E37/><V92/><F40/><T72/><D72/><U103/><E56/><V120/><N who="2" m="30752" /><V127/><F127/><T119/><D119/><U59/><E59/><V82/><F63/><T48/><D48/><RYUUKYOKU ba="0,0" sc="350,20,350,-10,350,-10,0,0" hai0="32,33,78,87,90,93,97,128,129,131" /><INIT seed="0,1,0,3,4,105" ten="370,340,340,0" oya="0" hai0="91,109,133,87,84,131,62,101,49,134,120,85,81" hai1="43,90,104,50,3,70,54,132,64,99,100,114,115" hai2="129,44,108,37,121,95,112,1,66,46,74,98,36" hai3=""/><T103/><N who="0" m="30752" /><T76/><D62/><U58/><E3/><V57/><N who="2" m="31008" /><V82/><F1/><T126/><D49/><U38/><E90/><V68/><F112/><N who="1" m="43049" /><E132/><N who="0" m="50793" /><D131/><U130/><E130/><V117/><F68/><T0/><D0/><U97/><E97/><V80/><F117/><T42/><D42/><U125/><E125/><V92/><F129/><T111/><D126/><U88/><E38/><V77/><F82/><T63/><D63/><U34/><E43/><V32/><F32/><T93/><D87/><U47/><E34/><V33/><F33/><T53/><D53/><U67/><E70/><V124/><F124/><T78/><D78/><U110/><E47/><V45/><F37/><T52/><D52/><U56/><E56/><V94/><F36/><T59/><D59/><U89/><E64/><V79/><F79/><T72/><D85/><U73/><E67/><V86/><F86/><T107/><D107/><U102/><E104/><V55/><F66/><T71/><D71/><U106/><E106/><V135/><F135/><T51/><D51/><U127/><E50/><V40/><F40/><T116/><D116/><U113/><E127/><V118/><F118/><T65/><D65/><U75/><E113/><V60/><F57/><RYUUKYOKU ba="1,0" sc="370,20,340,-10,340,-10,0,0" hai0="72,76,81,84,91,93,101,103,109,111" /><INIT seed="0,2,0,2,3,77" ten="390,330,330,0" oya="0" hai0="97,95,79,130,47,114,2,90,105,33,43,38,82" hai1="107,72,40,129,66,133,58,51,0,89,63,101,104" hai2="50,32,53,102,56,3,81,87,64,84,68,115,45" hai3=""/><T44/><D33/><U99/><E0/><V117/><F115/><T134/><D114/><U34/><E34/><V113/><F113/><T67/><D130/><U96/><E72/><V94/><F32/><T92/><D134/><U49/><E129/><V65/><F3/><T54/><D2/><U124/><E124/><V108/><F108/><T131/><D131/><U61/><E133/><V100/><F68/><T62/><D105/><U126/><E126/><V36/><F117/><T119/><D95/><U111/><E111/><V75/><F75/><T48/><D119/><U98/><E40/><V112/><F112/><T69/><REACH who="0" step="1"/><D79/><REACH who="0" ten="380,330,330,0" step="2"/><U39/><E107/><V110/><F110/><T80/><AGARI ba="2,1" hai="38,43,44,47,48,54,62,67,69,80,82,90,92,97" machi="80" ten="30,8000,1" yaku="1,1,2,1,0,1,52,2,53,0" doraHai="77" doraHaiUra="106" who="0" fromWho="0" sc="380,94,330,-42,330,-42,0,0" /><INIT seed="0,3,0,3,4,43" ten="474,288,288,0" oya="0" hai0="131,83,48,134,107,62,97,128,66,125,84,90,60" hai1="133,63,124,114,82,71,37,59,2,76,36,85,130" hai2="68,34,96,61,45,105,104,42,3,108,106,92,35" hai3=""/><T75/><D125/><U41/><E2/><V88/><F3/><T38/><D38/><U47/><E124/><V50/><REACH who="2" step="1"/><F108/><REACH who="2" ten="474,288,278,0" step="2"/><T64/><D134/><U80/><E133/><V58/><F58/><T55/><D131/><U1/><E1/><V110/><F110/><T67/><D128/><U51/><E130/><V122/><N who="2" m="31264" /><V119/><F119/><T111/><D111/><U118/><E118/><V86/><F86/><T117/><D117/><U57/><E57/><V121/><N who="2" m="31008" /><V33/><F33/><T94/><D75/><U77/><E114/><V0/><F0/><T70/><D70/><U129/><E129/><V98/><F98/><T39/><D39/><U112/><E112/><V126/><F126/><T120/><N who="0" m="30752" /><T123/><N who="0" m="31520" /><T56/><REACH who="0" step="1"/><D107/><REACH who="0" ten="464,288,278,0" step="2"/><U100/><E71/><V101/><F101/><AGARI ba="3,2" hai="48,55,56,60,62,64,66,67,83,84,90,94,97,101" m="31520,30752" machi="101" ten="40,18000,2" yaku="1,1,2,1,8,1,52,2,53,1" doraHai="43" doraHaiUra="79" who="0" fromWho="2" sc="464,206,288,0,278,-186,0,0" /><INIT seed="0,4,0,3,1,80" ten="670,288,92,0" oya="0" hai0="66,108,34,119,60,70,63,32,86,35,40,57,73" hai1="101,133,45,127,85,99,91,103,39,120,48,135,134" hai2="132,36,54,71,111,97,126,116,59,93,105,38,87" hai3=""/><T47/><D119/><U102/><N who="1" m="30752" /><U110/><E110/><V114/><F114/><T75/><D108/><U50/><E127/><V125/><F111/><T46/><D46/><U44/><E99/><V81/><F105/><T112/><D112/><U107/><E107/><V124/><F71/><T68/><D86/><U56/><E56/><V49/><F132/><T52/><REACH who="0" step="1"/><D70/><REACH who="0" ten="660,288,92,0" step="2"/><U65/><E45/><V72/><F116/><T41/><D41/><U74/><E74/><V2/><F72/><T95/><D95/><U76/><E44/><V82/><F82/><T61/><D61/><U3/><E135/><V88/><REACH who="2" step="1"/><F2/><REACH who="2" ten="660,288,82,0" step="2"/><T62/><D62/><U113/><E3/><V131/><F131/><T130/><D130/><U106/><E113/><V55/><F55/><T104/><D104/><U109/><E109/><V89/><AGARI ba="4,2" hai="36,38,49,54,59,81,87,88,89,93,97,124,125,126" machi="89" ten="30,6000,1" yaku="1,1,0,1,18,1,52,1,54,1,53,0" doraHai="80" doraHaiUra="121" who="2" fromWho="2" sc="660,-44,288,-24,82,88,0,0" /><INIT seed="1,0,0,5,5,75" ten="616,264,170,0" oya="1" hai0="79,120,35,113,130,51,92,48,81,46,84,100,73" hai1="40,66,124,70,41,122,82,44,45,42,119,49,60" hai2="89,3,69,96,103,34,50,123,57,133,105,62,47" hai3=""/><U98/><N who="1" m="31264" /><U90/><E119/><V65/><N who="2" m="31520" /><V1/><F34/><T33/><N who="0" m="30752" /><T58/><D113/><U112/><E112/><V55/><F133/><T126/><D130/><U131/><E131/><V39/><F89/><T87/><D126/><U118/><E118/><V37/><F37/><T53/><D73/><U101/><E124/><V134/><F134/><T114/><D114/><U99/><E44/><V63/><REACH who="2" step="1"/><F39/><REACH who="2" ten="616,264,160,0" step="2"/><T56/><D35/><U64/><E64/><AGARI ba="0,1" hai="1,3,47,50,55,57,62,63,64,65,69,96,103,105" m="31520" machi="64" ten="30,8000,1" yaku="1,1,2,1,7,1,52,1,53,1" doraHai="75" doraHaiUra="117" who="2" fromWho="1" sc="616,0,264,-80,160,90,0,0" /><INIT seed="2,0,0,3,5,73" ten="616,184,250,0" oya="2" hai0="114,93,104,130,90,36,94,92,61,126,55,59,99" hai1="85,129,49,86,0,112,72,124,107,122,81,79,46" hai2="52,35,60,91,3,128,58,119,132,67,69,118,96" hai3=""/><V116/><F35/><T71/><D114/><U33/><N who="1" m="31264" /><U123/><N who="1" m="31520" /><U2/><E33/><V102/><F3/><T106/><D130/><U115/><E129/><V51/><F128/><T32/><D32/><U40/><E107/><V41/><F91/><T97/><D126/><U77/><E124/><V133/><REACH who="2" step="1"/><F41/><REACH who="2" ten="616,184,240,0" step="2"/><T53/><D90/><U63/><E0/><V108/><F108/><T38/><D97/><U66/><E2/><V84/><F84/><T88/><D88/><U47/><E72/><V56/><F56/><T1/><D99/><U95/><E47/><V134/><F134/><T110/><D1/><U34/><E34/><V48/><F48/><T87/><D110/><U44/><E44/><V111/><F111/><T62/><D87/><U131/><E131/><V57/><F57/><T43/><D59/><U76/><E115/><V39/><F39/><T75/><D43/><U127/><E112/><V78/><F78/><T100/><D75/><U121/><N who="1" m="31008" /><U125/><E125/><V74/><F74/><T89/><D89/><U42/><E127/><V65/><F65/><T98/><D36/><U45/><E45/><V83/><F83/><T37/><D38/><U54/><E40/><V80/><F80/><RYUUKYOKU ba="0,1" sc="616,-10,184,-10,240,20,0,0" hai2="51,52,58,60,67,69,96,102,116,118,119,132,133" /><INIT seed="2,1,1,3,1,133" ten="606,174,260,0" oya="2" hai0="111,51,127,81,104,39,59,76,118,84,116,97,49" hai1="134,82,88,126,34,100,105,56,123,36,91,103,128" hai2="46,120,129,58,37,60,125,78,102,73,70,72,86" hai3=""/><V40/><N who="2" m="30752" /><V2/><F2/><T43/><D111/><U77/><N who="1" m="31520" /><U110/><E36/><V66/><F129/><T114/><D114/><U117/><E34/><V112/><F112/><T94/><D39/><U89/><E134/><V53/><F102/><T38/><D104/><U42/><E110/><V95/><F125/><T67/><D127/><U124/><E128/><V107/><F107/><T93/><D93/><U65/><E117/><V122/><N who="2" m="31264" /><V35/><F35/><T98/><D98/><U33/><E33/><V54/><F54/><T108/><D108/><U119/><E119/><V92/><F92/><T79/><D116/><U96/><E42/><V99/><F99/><T90/><D43/><U48/><E103/><V3/><F3/><T69/><D118/><U106/><E106/><V132/><F132/><T0/><D0/><U71/><E71/><V135/><F135/><T113/><D69/><U32/><E32/><V55/><F55/><T62/><D113/><U52/><REACH who="1" step="1"/><E65/><REACH who="1" ten="606,164,260,0" step="2"/><V45/><F70/><T61/><D67/><U74/><AGARI ba="1,2" hai="48,52,56,74,77,82,88,89,91,96,100,105,124,126" m="31520" machi="74" ten="30,12000,3" yaku="1,1,2,1,0,1,52,3,54,2,53,1" doraHai="133" doraHaiUra="47" who="1" fromWho="1" sc="606,-41,164,142,260,-81,0,0" /><INIT seed="4,0,0,4,0,98" ten="565,306,179,0" oya="0" hai0="73,128,82,119,47,103,95,79,33,42,65,107,99" hai1="125,77,58,94,132,123,72,63,104,96,114,86,88" hai2="120,35,45,50,52,105,62,0,81,70,87,78,106" hai3=""/><T59/><D33/><U49/><N who="1" m="31520" /><U44/><E132/><V90/><N who="2" m="30752" /><V41/><F35/><T118/><D128/><U74/><E125/><V91/><F0/><T129/><D129/><U32/><E32/><V135/><F135/><T36/><D59/><U80/><E104/><V43/><F43/><T38/><D65/><U113/><E72/><V61/><F61/><T115/><D115/><N who="1" m="44043" /><E74/><V131/><F131/><T46/><D95/><U39/><E39/><V54/><F54/><T84/><REACH who="0" step="1"/><D84/><REACH who="0" ten="555,306,179,0" step="2"/><U100/><E58/><V111/><F105/><T60/><D60/><U93/><E63/><V51/><F106/><T85/><D85/><U109/><E109/><V102/><F111/><T110/><D110/><U34/><E34/><V69/><F69/><T75/><D75/><U68/><E68/><V67/><REACH who="2" step="1"/><F102/><REACH who="2" ten="555,306,169,0" step="2"/><T134/><D134/><U133/><E133/><V56/><AGARI ba="0,2" hai="41,45,50,51,52,56,62,67,70,78,81,87,90,91" m="30752" machi="56" ten="20,9000,2" yaku="1,1,2,1,0,1,7,1,52,1,54,1,53,0" doraHai="98" doraHaiUra="71" who="2" fromWho="2" sc="555,-60,306,-30,169,110,0,0" /><INIT seed="5,0,0,0,1,33" ten="495,276,279,0" oya="1" hai0="54,123,132,101,80,111,35,94,42,118,3,45,61" hai1="49,120,78,75,32,65,44,46,40,121,102,131,69" hai2="129,82,135,105,119,133,99,79,86,127,93,1,125" hai3=""/><U130/><N who="1" m="30752" /><U59/><N who="1" m="31008" /><U0/><E32/><V50/><F50/><T85/><N who="0" m="31520" /><T92/><D35/><U67/><E0/><V90/><F1/><T77/><D111/><U91/><E102/><V95/><F119/><T68/><D118/><U110/><E110/><V73/><F129/><N who="1" m="49161" /><E69/><V71/><F71/><T87/><D3/><U74/><E78/><V56/><F56/><T52/><D132/><N who="2" m="50762" /><F105/><T76/><D101/><AGARI ba="0,0" hai="73,79,82,86,90,93,95,99,101,125,127" m="50762" machi="101" ten="30,3900,0" yaku="20,1,34,2" doraHai="33" who="2" fromWho="0" sc="495,-39,276,0,279,39,0,0" /><INIT seed="6,0,0,4,4,84" ten="456,276,318,0" oya="2" hai0="37,77,114,62,75,40,53,2,127,65,0,111,83" hai1="67,122,63,71,78,69,89,118,41,119,93,43,33" hai2="50,68,86,81,1,74,97,46,44,105,38,108,88" hai3=""/><V47/><F1/><T54/><D111/><U72/><N who="1" m="31264" /><U101/><E101/><V95/><F108/><T120/><N who="0" m="30752" /><T104/><D104/><U135/><E33/><V99/><F68/><T48/><D114/><U36/><E71/><V39/><F74/><T56/><D127/><U106/><E106/><V115/><F115/><T52/><D37/><U87/><E135/><V73/><F73/><T103/><D103/><U124/><E124/><V35/><F35/><T129/><D129/><U42/><REACH who="1" step="1"/><E36/><REACH who="1" ten="456,266,318,0" step="2"/><V134/><F134/><T51/><D2/><U34/><E34/><V107/><F107/><T59/><D0/><U100/><E100/><V70/><F70/><T110/><D110/><U125/><E125/><V117/><F39/><T92/><D92/><U113/><E113/><V91/><F38/><T98/><D98/><U32/><E32/><V82/><F105/><T102/><D102/><U94/><E94/><V126/><F126/><T131/><D131/><U85/><E85/><V121/><N who="2" m="31008" /><V57/><F99/><T45/><AGARI ba="0,1" hai="40,45,48,51,52,53,54,56,59,62,65,75,77,83" m="30752" machi="45" ten="30,3000,0" yaku="0,1,52,1,54,1" doraHai="84" who="0" fromWho="0" sc="456,40,266,-10,318,-20,0,0" owari="496,44.0,256,-34.0,298,-10.0,0,0.0" /></mjloggm>