<mjloggm ver="2.3"><GO type="169" lobby="0"/><UN n0="%E3%81%8A%E3%81%98%E3%81%95%E3%82%93" n1="%E9%9B%BB%E6%B0%97%47%52%4F%4F%56%45" n2="%E7%AE%97%E6%95%B0%E3%81%8C%E3%81%A7%E3%81%8D%E3%81%AA%E3%81%84" n3="%E7%B4%AB%E3%81%AE%E9%8F%A1" dan="16,16,17,18" rate="2178.74,2125.06,2178.18,2282.59" sx="M,F,M,M"/><TAIKYOKU oya="0"/><INIT seed="0,0,0,1,2,8" ten="250,250,250,250" oya="0" hai0="59,126,57,85,62,11,33,134,94,52,4,9,81" hai1="51,79,135,53,132,77,102,16,27,42,10,70,15" hai2="1,66,90,38,84,115,63,87,67,110,92,76,31" hai3="98,99,19,118,21,2,0,49,108,93,6,60,44"/><T80/><D33/><U32/><E70/><V95/><F115/><W75/><G118/><T125/><D134/><N who="1" m="51243" /><E102/><V24/><F110/><W55/><G75/><T106/><D106/><U36/><E36/><V39/><F1/><W74/><G74/><T124/><D94/><U83/><E42/><V130/><F130/><W29/><G29/><T91/><D81/><U3/><E3/><V7/><F7/><W72/><G72/><T82/><D82/><U17/><E83/><V78/><F31/><W107/><G108/><T64/><REACH who="0" step="1"/><D4/><REACH who="0" ten="240,250,250,250" step="2"/><U48/><E32/><V12/><F92/><W133/><G6/><T56/><D56/><N who="1" m="32807" /><E51/><AGARI ba="0,1" hai="9,11,51,52,57,59,62,64,80,85,91,124,125,126" machi="51" ten="40,7700,0" yaku="1,1,18,1,54,1,53,0" doraHai="8" doraHaiUra="43" who="0" fromWho="1" sc="240,87,250,-77,250,0,250,0" /><INIT seed="0,1,0,2,2,100" ten="327,173,250,250" oya="0" hai0="17,74,115,3,118,45,73,28,70,26,55,75,87" hai1="81,57,135,123,52,120,29,39,109,96,11,108,98" hai2="134,76,121,15,31,104,88,32,38,67,113,116,64" hai3="126,18,60,2,114,5,106,69,103,12,65,25,58"/><T9/><D115/><U35/><E39/><V95/><F121/><W51/><G114/><T79/><D118/><U78/><E135/><V94/><F113/><W80/><G126/><T117/><D70/><U112/><E112/><V89/><F134/><W53/><G25/><T119/><D79/><U111/><E11/><V77/><F38/><W105/><G103/><T129/><D87/><U66/><E66/><V16/><F116/><W132/><G132/><T71/><D71/><U90/><E29/><V10/><F31/><W62/><G80/><T97/><D129/><U63/><E35/><V19/><F32/><W34/><G34/><T107/><D55/><U37/><E37/><V42/><F42/><W46/><G5/><N who="0" m="1215" /><D17/><U23/><E23/><V85/><F104/><W20/><REACH who="3" step="1"/><G2/><REACH who="3" ten="327,173,250,240" step="2"/><T99/><D26/><U43/><E43/><AGARI ba="1,1" hai="12,18,20,43,46,51,53,58,60,62,65,69,105,106" machi="43" ten="30,12000,2" yaku="1,1,2,1,7,1,52,2,53,1" doraHai="100" doraHaiUra="40" who="3" fromWho="1" sc="327,0,173,-123,250,0,240,133" /><INIT seed="1,0,0,0,4,77" ten="327,50,250,373" oya="1" hai0="15,44,28,1,95,120,87,34,8,104,78,19,73" hai1="79,110,131,97,20,69,111,57,72,26,68,37,17" hai2="122,0,108,59,102,33,11,90,119,85,38,66,31" hai3="99,65,50,47,24,115,132,128,106,127,41,60,42"/><U2/><E2/><V130/><F122/><W27/><G115/><T5/><D120/><U116/><E116/><V71/><F119/><W129/><G132/><T43/><D104/><U49/><E37/><V35/><F71/><W125/><G106/><T40/><D95/><U121/><E121/><V107/><F130/><N who="3" m="50283" /><G99/><T4/><D87/><U32/><E32/><V100/><F108/><N who="1" m="41513" /><E131/><V45/><F38/><W74/><G74/><T3/><D40/><U118/><E118/><V84/><F33/><W94/><G94/><T52/><D43/><U14/><E97/><V23/><F0/><N who="0" m="74" /><D52/><N who="1" m="31887" /><E26/><N who="3" m="9770" /><G41/><T117/><D34/><U58/><E58/><AGARI ba="0,0" hai="42,47,50,58,60,65,125,127" m="9770,50283" machi="58" ten="30,1000,0" yaku="19,1" doraHai="77" who="3" fromWho="1" sc="327,0,50,-10,250,0,373,10" /><INIT seed="2,0,0,2,5,33" ten="327,40,250,383" oya="2" hai0="77,56,30,40,110,86,15,114,51,43,102,53,0" hai1="52,132,46,99,106,2,84,134,123,38,108,128,21" hai2="130,68,32,22,82,124,87,126,88,104,76,41,116" hai3="95,16,133,75,54,60,3,47,24,94,36,127,74"/><V90/><F32/><W57/><G3/><T50/><D110/><U58/><E108/><V18/><F116/><W19/><G133/><N who="1" m="51306" /><E128/><V13/><F130/><W117/><G117/><T49/><D114/><U8/><E21/><V63/><F104/><W7/><G7/><T42/><D0/><U69/><E69/><V31/><F31/><W25/><G36/><T129/><D129/><U97/><E123/><V66/><REACH who="2" step="1"/><F41/><REACH who="2" ten="327,40,240,383" step="2"/><W119/><G119/><T135/><D43/><N who="1" m="22903" /><E106/><V121/><F121/><W26/><G127/><AGARI ba="0,1" hai="13,18,22,63,66,68,76,82,87,88,90,124,126,127" machi="127" ten="40,7700,0" yaku="1,1,18,1,54,1,53,0" doraHai="33" doraHaiUra="103" who="2" fromWho="3" sc="327,0,40,0,240,87,383,-77" /><INIT seed="2,1,0,4,1,27" ten="327,40,327,306" oya="2" hai0="16,122,81,57,36,131,74,126,94,70,92,67,62" hai1="129,65,26,40,58,28,19,85,80,25,9,73,78" hai2="49,118,98,59,119,18,61,69,33,6,106,45,86" hai3="95,10,63,3,111,21,127,96,107,68,102,7,39"/><V110/><F69/><W117/><G117/><T53/><D122/><U52/><E129/><V0/><F110/><W24/><G39/><T89/><D131/><U46/><E65/><V130/><F130/><W75/><G75/><T114/><D114/><U34/><E73/><V125/><F125/><W5/><G111/><T15/><D36/><U20/><E9/><V17/><F33/><W121/><G121/><T51/><D126/><U30/><E19/><V116/><F6/><W23/><G5/><T105/><D105/><U60/><E46/><V55/><F0/><W72/><G72/><T14/><D14/><U11/><E11/><V135/><F135/><W97/><G127/><T12/><D12/><U101/><E101/><V50/><F50/><W112/><G112/><T103/><D103/><U109/><E109/><V113/><F98/><W100/><G24/><T99/><D99/><U42/><AGARI ba="1,0" hai="20,25,26,28,30,34,40,42,52,58,60,78,80,85" machi="42" ten="30,7900,0" yaku="0,1,52,2,54,1" doraHai="27" who="1" fromWho="1" sc="327,-21,40,82,327,-40,306,-21" /><INIT seed="3,0,0,5,3,18" ten="306,122,287,285" oya="3" hai0="39,115,0,44,99,66,90,19,8,125,31,122,72" hai1="75,37,9,26,132,104,29,53,121,127,123,71,119" hai2="36,45,54,30,64,73,35,57,67,33,16,43,7" hai3="70,10,79,3,126,135,48,118,84,80,13,62,12"/><W97/><G118/><T129/><D122/><U106/><E119/><V83/><F7/><W96/><G135/><T34/><D72/><U52/><E132/><V20/><F33/><W17/><G126/><T94/><D125/><U111/><E75/><V60/><F35/><W41/><G3/><T1/><D129/><U120/><E127/><V124/><F30/><W58/><G70/><T32/><D66/><U55/><E111/><V87/><F73/><W100/><G100/><T68/><D68/><U93/><E37/><V25/><REACH who="2" step="1"/><F124/><REACH who="2" ten="306,122,277,285" step="2"/><W76/><G76/><AGARI ba="0,1" hai="16,20,25,36,43,45,54,57,60,64,67,76,83,87" machi="76" ten="30,8000,1" yaku="1,1,2,1,7,1,52,1,54,1,53,0" doraHai="18" doraHaiUra="47" who="2" fromWho="3" sc="306,0,122,0,277,90,285,-80" /><INIT seed="4,0,0,0,3,1" ten="306,122,367,205" oya="0" hai0="0,34,77,51,96,26,53,70,59,55,15,124,46" hai1="25,52,11,37,7,39,2,13,18,134,4,69,80" hai2="75,125,108,118,114,17,40,57,104,36,73,133,111" hai3="23,66,64,116,19,110,10,67,126,107,45,101,27"/><T32/><D0/><U87/><E69/><V112/><F104/><W119/><G110/><N who="2" m="42025" /><F133/><W76/><G126/><T95/><D70/><U47/><E134/><V68/><F125/><W115/><G115/><N who="2" m="44073" /><F68/><W117/><G76/><T99/><D124/><U20/><E2/><V97/><F118/><W63/><G45/><T43/><D77/><U105/><E105/><V121/><F121/><W71/><G101/><T127/><D127/><U24/><E39/><V109/><F109/><W129/><G107/><T123/><D123/><U48/><E37/><V54/><F97/><W128/><REACH who="3" step="1"/><G10/><REACH who="3" ten="306,122,367,195" step="2"/><T84/><D46/><U58/><E47/><N who="2" m="23943" /><F17/><W30/><G30/><T85/><D43/><U60/><E25/><V90/><F90/><W78/><G78/><T82/><D26/><U100/><E100/><V8/><F8/><W29/><G29/><T62/><D34/><U50/><E4/><V41/><F41/><W21/><G21/><T88/><D32/><U106/><E106/><V22/><F22/><W5/><G5/><T16/><D16/><U28/><E18/><V61/><AGARI ba="0,1" hai="54,57,61,73,75" m="23943,44073,42025" machi="61" ten="30,1100,0" yaku="15,1" doraHai="1" who="2" fromWho="2" sc="306,-5,122,-3,367,21,195,-3" /><INIT seed="5,0,0,3,0,3" ten="301,119,388,192" oya="1" hai0="4,18,81,124,16,36,125,111,86,26,123,121,5" hai1="23,85,126,101,103,30,48,21,104,54,72,71,19" hai2="65,66,98,31,110,80,83,94,112,60,57,69,29" hai3="88,120,132,64,15,56,84,34,17,52,59,79,47"/><U51/><E72/><V55/><F110/><W97/><G120/><N who="0" m="46155" /><D36/><U13/><E126/><N who="0" m="48745" /><D111/><U35/><E35/><V67/><F69/><W20/><G34/><T99/><D99/><U12/><E71/><V53/><F55/><W27/><G132/><T25/><D25/><N who="1" m="16687" /><E104/><V93/><F93/><N who="3" m="56487" /><G64/><T96/><D96/><U37/><E37/><V39/><F39/><W68/><G68/><T44/><D44/><N who="1" m="27911" /><E51/><V89/><F112/><W2/><G2/><T45/><D45/><U107/><E107/><V105/><F105/><W102/><G102/><N who="1" m="38922" /><E85/><V118/><F118/><W22/><G84/><T134/><D134/><U0/><E0/><V10/><F80/><W42/><G42/><T50/><D50/><U133/><E133/><V62/><F83/><W14/><G47/><T8/><D26/><AGARI ba="0,0" hai="12,13,19,23,26" m="38922,27911,16687" machi="26" ten="30,1500,0" yaku="8,1" doraHai="3" who="1" fromWho="0" sc="301,-15,119,15,388,0,192,0" /><INIT seed="5,1,0,2,0,118" ten="286,134,388,192" oya="1" hai0="54,83,52,61,59,112,117,95,15,81,124,8,126" hai1="128,94,57,114,31,71,45,77,101,11,98,29,9" hai2="47,50,16,60,43,13,14,7,78,64,110,38,33" hai3="79,84,27,30,35,75,96,55,85,104,65,70,0"/><U58/><E71/><V135/><F110/><W88/><G0/><T89/><D117/><U39/><E114/><V108/><F135/><W111/><G111/><T103/><D112/><U17/><E128/><V21/><F108/><W63/><G55/><T46/><D103/><U24/><E77/><V97/><F33/><W6/><G6/><T19/><D126/><U62/><E39/><V66/><F78/><W133/><G133/><T74/><D74/><U86/><E45/><V40/><F40/><W131/><G131/><T48/><REACH who="0" step="1"/><D124/><REACH who="0" ten="276,134,388,192" step="2"/><U130/><E130/><V42/><F38/><W37/><G37/><T100/><D100/><U113/><E113/><V20/><F7/><W28/><G75/><T123/><D123/><U49/><E101/><V4/><F4/><W5/><G5/><T12/><D12/><U22/><E24/><V122/><F13/><W10/><G27/><T76/><D76/><U1/><E1/><V91/><F14/><W69/><G79/><T129/><D129/><U18/><E9/><V90/><F122/><W72/><G10/><T80/><D80/><U102/><E11/><V53/><F90/><W34/><G72/><T109/><D109/><U32/><E102/><V67/><F91/><W116/><G88/><T93/><D93/><U36/><E94/><V73/><F73/><W87/><G116/><T3/><D3/><U2/><E2/><V51/><F20/><W41/><G104/><T125/><D125/><U44/><E22/><V68/><F21/><W99/><G35/><T23/><D23/><U26/><E32/><V119/><F119/><RYUUKYOKU ba="1,1" sc="276,30,134,-10,388,-10,192,-10" hai0="8,15,19,46,48,52,54,59,61,81,83,89,95" /><INIT seed="6,2,1,5,5,64" ten="306,124,378,182" oya="2" hai0="96,75,18,100,107,20,85,61,5,25,8,36,58" hai1="110,1,0,92,42,120,7,82,99,79,12,73,57" hai2="132,133,119,103,90,47,80,113,6,59,121,66,19" hai3="50,53,135,22,30,134,128,11,40,14,9,3,131"/><V39/><F121/><W26/><G40/><T4/><D75/><U38/><E110/><V24/><F119/><W118/><G118/><T102/><D36/><U33/><E120/><V62/><F113/><W17/><G50/><T130/><D130/><N who="3" m="49705" /><G53/><T117/><D117/><U88/><E33/><V101/><F6/><AGARI ba="2,1" hai="3,6,9,11,14,17,22,26,30,134,135" m="49705" machi="6" ten="30,3900,0" yaku="19,1,34,2" doraHai="64" who="3" fromWho="2" sc="306,0,124,0,378,-45,182,55" /><INIT seed="7,0,0,0,0,57" ten="306,124,333,237" oya="3" hai0="86,91,20,89,35,126,47,30,128,17,125,135,123" hai1="67,134,94,40,71,13,12,119,104,1,105,113,19" hai2="72,83,76,90,85,45,112,15,37,34,58,5,114" hai3="59,133,131,32,29,22,39,102,73,77,54,106,129"/><W66/><G39/><T49/><D123/><U43/><E1/><V60/><F34/><W109/><G32/><T122/><D122/><U46/><E113/><N who="2" m="43627" /><F5/><W36/><G36/><T27/><D128/><N who="3" m="49225" /><G133/><T38/><D38/><U51/><E134/><V88/><F15/><W26/><G66/><T6/><D6/><U96/><E119/><V8/><F8/><W52/><G109/><T118/><D118/><U24/><E40/><N who="2" m="22671" /><F72/><W117/><G117/><T75/><D75/><U7/><E7/><V107/><F107/><W56/><G102/><T42/><D135/><U99/><E24/><V95/><F95/><W14/><G106/><T48/><D48/><U103/><E12/><V82/><F82/><N who="3" m="45359" /><G14/><T98/><D35/><U3/><E3/><V111/><F111/><W25/><G25/><T68/><D27/><U64/><E71/><V127/><F127/><W80/><G80/><T79/><D68/><U55/><E43/><V69/><F69/><W53/><AGARI ba="0,0" hai="22,26,29,52,53,54,56,59" m="45359,49225" machi="53" ten="30,3000,0" yaku="19,1,54,1" doraHai="57" who="3" fromWho="3" sc="306,-10,124,-10,333,-10,237,30" /><INIT seed="7,1,0,5,2,105" ten="296,114,323,267" oya="3" hai0="26,116,84,71,121,133,6,19,61,126,67,86,87" hai1="47,22,5,15,73,33,7,50,98,24,14,2,63" hai2="104,21,135,130,125,114,65,111,75,46,85,18,76" hai3="48,100,122,11,120,9,129,4,68,36,119,52,43"/><W23/><G119/><T101/><D116/><U81/><E98/><V79/><F75/><W109/><G68/><T51/><D121/><U78/><E63/><V110/><F104/><W37/><G43/><T95/><D126/><U30/><E5/><V108/><F125/><W103/><G23/><T13/><D133/><U42/><E33/><V132/><F114/><W106/><G106/><T69/><D69/><U74/><E2/><V82/><F130/><W12/><G129/><T59/><D26/><U55/><E55/><V54/><F65/><W80/><G80/><T112/><D112/><U45/><E45/><V28/><F76/><W1/><G109/><T53/><D6/><U38/><E38/><V96/><F96/><W49/><G4/><T115/><D115/><U64/><E64/><V8/><F8/><W97/><G97/><T66/><D66/><U58/><E58/><V31/><F54/><W127/><G52/><T29/><D29/><U0/><E0/><V10/><F10/><W20/><G20/><N who="0" m="11375" /><D101/><U60/><E60/><V123/><F46/><W128/><G12/><T16/><D16/><U99/><E99/><V72/><F123/><W40/><G128/><T70/><D70/><U35/><E35/><V25/><F72/><W91/><G40/><T124/><D124/><U134/><E134/><AGARI ba="1,0" hai="18,21,25,28,31,79,82,85,108,110,111,132,134,135" machi="134" ten="50,1600,0" yaku="20,1" doraHai="105" who="2" fromWho="1" sc="296,0,114,-19,323,19,267,0" owari="296,10.0,95,-40.0,342,43.0,267,-13.0" /></mjloggm>