<mjloggm ver="2.3"><GO type="225" lobby="0"/><UN n0="%E3%83%AD%E3%83%83%E3%83%86%E9%9B%80%E7%90%83" n1="%E6%80%AA%E3%81%97%E3%81%99%E3%81%8E%E3%82%8B%E3%83%81%E3%83%BC" n2="%E3%81%AA%E3%82%81%E3%81%93%E9%9B%80%E5%A3%AB" n3="%E3%81%AF%E3%82%88%E3%81%8A%E3%81%98%E3%81%95%E3%82%93" dan="18,16,16,18" rate="2261.12,2124.37,2079.97,2233.57" sx="F,M,M,M"/><TAIKYOKU oya="0"/><INIT seed="0,0,0,5,2,16" ten="250,250,250,250" oya="0" hai0="37,93,135,13,5,120,123,87,29,72,82,55,0" hai1="104,39,119,26,134,92,131,54,61,22,14,98,56" hai2="78,20,85,65,83,30,6,8,43,17,70,27,110" hai3="86,46,7,64,130,108,89,114,97,51,45,121,91"/><T71/><D0/><U31/><E119/><V129/><F110/><W4/><G114/><T124/><D71/><U102/><E134/><V128/><F43/><W105/><G108/><T99/><D72/><U112/><E131/><N who="2" m="50251" /><F65/><W44/><G130/><T81/><D37/><U60/><E112/><V80/><F80/><W122/><G64/><T73/><D73/><U25/><E39/><V42/><F42/><W33/><G33/><T109/><D124/><U88/><E61/><V111/><F111/><W75/><G51/><T41/><D41/><U48/><E60/><V96/><F96/><W67/><G67/><T62/><D82/><U113/><E113/><V106/><F106/><W107/><G75/><T11/><D135/><U116/><E116/><V35/><F70/><W21/><G97/><T57/><D109/><U117/><E117/><V94/><F94/><W10/><G86/><T69/><D69/><U53/><E53/><V15/><F6/><W50/><G50/><T3/><D3/><U68/><E68/><V63/><F63/><W59/><G4/><T9/><D9/><AGARI ba="0,0" hai="8,9,15,17,20,27,30,35,78,83,85" m="50251" machi="9" ten="30,2000,0" yaku="19,1,52,1" doraHai="16" who="2" fromWho="0" sc="250,-20,250,0,250,20,250,0" /><INIT seed="1,0,0,5,0,31" ten="230,250,270,250" oya="1" hai0="39,56,25,17,49,61,85,107,84,2,65,76,32" hai1="14,72,35,29,116,9,60,40,87,91,21,88,117" hai2="20,75,94,11,74,129,27,73,80,128,45,126,54" hai3="131,97,108,3,28,93,33,125,0,69,43,71,120"/><U83/><E72/><V96/><F126/><W64/><G120/><T100/><D39/><U16/><E40/><V52/><F11/><W78/><G125/><T47/><D2/><U123/><E123/><V95/><F80/><W67/><G108/><T5/><D5/><U118/><E60/><V106/><F106/><W1/><G131/><N who="2" m="50249" /><F45/><W68/><G78/><T48/><D76/><U122/><E122/><V8/><F8/><W41/><G28/><T7/><D49/><U132/><E132/><V86/><F86/><W38/><G33/><T119/><D7/><U112/><E112/><V55/><F96/><W102/><REACH who="3" step="1"/><G38/><REACH who="3" ten="230,250,270,240" step="2"/><T92/><D32/><U127/><E127/><V98/><F98/><W70/><N who="3" m="17408" /><DORA hai="36" /><W59/><G59/><T62/><D56/><U23/><REACH who="1" step="1"/><E91/><REACH who="1" ten="230,240,270,240" step="2"/><V42/><F75/><W63/><G63/><T99/><D62/><U90/><E90/><V15/><F74/><W114/><G114/><T124/><D61/><U53/><E53/><V12/><F73/><W22/><G22/><T77/><D124/><U110/><E110/><V13/><F42/><AGARI ba="0,2" hai="0,1,3,41,42,43,64,67,93,97,102" m="17408" machi="42" ten="80,12000,2" yaku="1,1,52,3,53,3" doraHai="31,36" doraHaiUra="57,37" who="3" fromWho="2" sc="230,0,240,0,270,-120,240,140" /><INIT seed="2,0,0,0,1,14" ten="230,240,150,380" oya="2" hai0="24,110,51,62,75,39,87,114,76,59,52,71,67" hai1="128,65,134,69,42,26,37,7,5,105,130,81,46" hai2="11,20,127,60,27,133,43,50,41,48,112,12,79" hai3="132,16,131,44,70,57,45,29,103,92,49,21,15"/><V123/><F112/><W6/><G70/><T33/><D110/><U56/><E105/><V83/><F123/><W64/><G131/><N who="1" m="50218" /><E134/><V126/><F133/><W113/><G132/><T22/><D114/><U78/><E69/><V4/><F60/><N who="3" m="37903" /><G113/><T84/><D33/><U119/><E119/><V74/><F43/><W101/><G6/><T25/><D25/><U90/><E90/><V53/><F41/><W95/><G29/><T18/><REACH who="0" step="1"/><D39/><REACH who="0" ten="220,240,150,380" step="2"/><U32/><E26/><V72/><F72/><W8/><G21/><T99/><D99/><U36/><E32/><V28/><REACH who="2" step="1"/><F50/><REACH who="2" ten="220,240,140,380" step="2"/><W107/><G49/><T100/><D100/><U86/><E36/><V55/><F55/><W80/><G103/><T17/><D17/><U116/><E116/><V77/><F77/><W122/><G16/><T117/><D117/><U73/><E73/><V115/><F115/><W129/><G101/><T111/><D111/><U98/><E37/><V121/><F121/><W108/><G122/><T106/><D106/><U38/><E38/><V0/><F0/><W118/><G107/><T120/><D120/><U93/><E78/><V30/><F30/><W40/><G108/><T66/><D66/><U135/><E135/><V47/><AGARI ba="0,2" hai="4,11,12,20,27,28,47,48,53,74,79,83,126,127" machi="47" ten="30,3000,0" yaku="1,1,0,1,53,0" doraHai="14" doraHaiUra="109" who="2" fromWho="2" sc="220,-10,240,-10,140,50,380,-10" /><INIT seed="2,1,0,0,0,84" ten="210,230,190,370" oya="2" hai0="100,2,63,114,62,81,47,60,99,127,17,106,95" hai1="68,41,46,18,52,66,26,54,7,75,110,107,92" hai2="119,35,30,104,105,27,126,70,76,61,82,8,32" hai3="56,13,43,103,49,38,134,89,22,101,118,33,102"/><V11/><F119/><W124/><G33/><T15/><D114/><U132/><E107/><N who="2" m="41035" /><F11/><W40/><G38/><T59/><D127/><U111/><E75/><N who="2" m="43295" /><F35/><W74/><G134/><T129/><D129/><U116/><E132/><V86/><F8/><W115/><G74/><T87/><D106/><U93/><E116/><V128/><F86/><W42/><G118/><T57/><D47/><U29/><E18/><V58/><F58/><W122/><G122/><T44/><D44/><U36/><E7/><V135/><F135/><W109/><G124/><T28/><D28/><U71/><E92/><V20/><F20/><W4/><G115/><T67/><D2/><U9/><E93/><V85/><F85/><W113/><G113/><T51/><D51/><U123/><E9/><V25/><F25/><W39/><G39/><T6/><D6/><U65/><E123/><V133/><F133/><W0/><G0/><T14/><D17/><U73/><E73/><V1/><F126/><W79/><G22/><T130/><D130/><U112/><E112/><V53/><F1/><W125/><G125/><T50/><D50/><U19/><E19/><V10/><F10/><W12/><G4/><T78/><D62/><N who="1" m="39991" /><E26/><V72/><F72/><W23/><G23/><T24/><D24/><U120/><E29/><V69/><F128/><W97/><G12/><T117/><D117/><U131/><E120/><V98/><F98/><W80/><G13/><T55/><AGARI ba="1,0" hai="14,15,55,57,59,60,63,67,78,81,87,95,99,100" machi="55" ten="20,2700,0" yaku="0,1,7,1,8,1" doraHai="84" who="0" fromWho="0" sc="210,30,230,-8,190,-14,370,-8" /><INIT seed="3,0,0,2,2,121" ten="240,222,176,362" oya="3" hai0="96,118,64,100,49,98,63,12,21,89,62,124,66" hai1="116,83,30,90,47,45,86,101,43,91,84,55,13" hai2="117,75,68,94,133,106,10,17,53,95,132,7,87" hai3="8,103,78,97,15,102,135,36,0,23,110,1,109"/><W71/><G36/><T74/><D74/><U59/><E116/><V58/><F117/><W20/><G71/><T126/><D89/><U65/><E101/><V107/><F68/><W6/><G78/><T56/><D49/><U40/><E65/><V85/><F75/><W122/><G122/><T128/><D128/><U27/><E13/><V104/><F7/><W51/><G103/><T119/><D21/><N who="3" m="8265" /><G51/><T5/><D12/><U19/><E19/><V88/><F17/><W48/><G48/><T29/><D29/><U28/><E27/><V111/><F10/><W16/><G135/><T123/><D5/><U76/><E76/><V112/><F112/><W120/><G120/><T31/><D31/><N who="1" m="11819" /><E59/><V50/><REACH who="2" step="1"/><F111/><REACH who="2" ten="240,222,166,362" step="2"/><N who="3" m="42507" /><G16/><T125/><D119/><U32/><E43/><V39/><F39/><W61/><G6/><T92/><D118/><U69/><E40/><V108/><F108/><W80/><G8/><T60/><D123/><U115/><E69/><V70/><F70/><W73/><G73/><T54/><D126/><U41/><E115/><V127/><F127/><W46/><G0/><T57/><D125/><U99/><E41/><V35/><F35/><W2/><G1/><T3/><D3/><U52/><E32/><V37/><F37/><W79/><G2/><T129/><D124/><U82/><E45/><V14/><F14/><W44/><G15/><T33/><D33/><U130/><E47/><V24/><F24/><W113/><G44/><T4/><D4/><U77/><E130/><V26/><F26/><W9/><G46/><T25/><D129/><U34/><E34/><RYUUKYOKU ba="0,1" sc="240,-15,222,15,166,15,362,-15" hai1="52,55,77,82,83,84,86,90,91,99" hai2="50,53,58,85,87,88,94,95,104,106,107,132,133" owari="225,-17.0,237,4.0,181,-32.0,357,45.0" /></mjloggm>