<mjloggm ver="2.3"><GO type="169" lobby="0"/><UN n0="%73%68%6F%67%6F%6F" n1="%E3%81%8F%E3%82%89%E3%81%92%E3%81%92" n2="%E3%82%88%E3%81%97%E3%81%A4%E3%82%88%E3%81%97" n3="%79%69%6E%6E%65%72%30%36" dan="17,16,16,16" rate="2144.02,2098.09,2120.02,2174.98" sx="M,M,M,M"/><TAIKYOKU oya="0"/><INIT seed="0,0,0,3,4,110" ten="250,250,250,250" oya="0" hai0="84,23,35,9,98,1,103,79,112,40,29,131,42" hai1="129,134,124,115,0,36,72,37,102,11,25,82,76" hai2="26,34,80,65,62,101,48,51,120,74,116,73,46" hai3="47,96,4,81,111,64,44,19,43,93,90,78,6"/><T17/><D112/><U91/><E134/><V108/><F108/><W14/><G111/><T53/><D131/><U50/><E129/><V60/><F120/><W18/><G64/><T61/><D29/><U12/><E124/><V121/><F116/><W104/><G104/><T119/><D35/><U49/><E49/><V83/><F101/><W54/><G54/><T99/><D9/><U113/><E0/><V71/><F26/><W95/><G95/><T22/><D1/><U125/><E25/><V135/><F135/><W107/><G107/><T123/><D23/><U66/><E102/><V97/><F97/><W109/><G109/><T127/><D127/><U75/><E75/><V63/><F34/><W105/><G105/><T117/><D123/><U3/><E66/><V56/><F51/><W114/><G44/><T94/><D98/><U28/><E91/><V106/><F106/><W132/><G114/><N who="1" m="43530" /><E28/><V77/><F121/><W55/><G132/><T33/><D33/><U32/><E32/><V38/><F48/><W92/><G90/><T8/><D119/><U39/><E50/><V20/><F65/><W30/><G30/><T130/><D117/><U68/><E3/><V2/><F2/><W122/><G122/><T89/><D130/><U27/><E27/><V85/><F74/><W15/><G47/><T126/><D126/><U100/><E125/><V21/><F73/><W41/><G78/><T69/><D103/><U88/><E100/><V31/><F31/><W133/><G133/><T5/><D89/><U10/><E88/><V13/><F77/><W87/><G96/><RYUUKYOKU ba="0,0" sc="250,0,250,0,250,0,250,0" /><INIT seed="1,1,0,0,4,111" ten="250,250,250,250" oya="1" hai0="53,40,91,102,17,78,103,49,68,3,92,27,94" hai1="32,43,9,66,57,34,95,19,64,54,23,62,0" hai2="35,67,31,115,59,79,71,73,131,42,56,97,76" hai3="125,20,21,24,58,99,69,104,4,93,106,130,55"/><U123/><E123/><V2/><F2/><W135/><G135/><T119/><D3/><U44/><E34/><V84/><F73/><W108/><G108/><T109/><D109/><U90/><E32/><V47/><F71/><W87/><G69/><T18/><D68/><U77/><E77/><V25/><F131/><W105/><G130/><T96/><D119/><U29/><E29/><V50/><F115/><W113/><G113/><T75/><D40/><U117/><E117/><V114/><F114/><W16/><G125/><T116/><D27/><U6/><E44/><V72/><F72/><W63/><G4/><T28/><D28/><U86/><REACH who="1" step="1"/><E43/><REACH who="1" ten="250,240,250,250" step="2"/><V129/><F47/><W126/><G126/><T133/><D116/><U120/><E120/><V83/><F79/><W70/><G70/><T110/><D78/><U88/><E88/><V48/><F42/><W13/><G87/><T41/><D41/><U81/><E81/><V107/><F84/><W80/><G80/><T12/><D91/><U1/><E1/><V30/><F83/><W128/><G128/><T89/><D89/><U74/><E74/><V45/><F76/><W132/><G132/><T60/><D75/><U65/><E65/><V37/><F67/><W51/><G99/><T124/><D96/><U22/><E22/><V127/><F127/><W52/><G20/><T8/><D124/><U33/><E33/><V15/><F35/><W7/><G21/><T100/><D110/><U85/><E85/><V121/><F97/><W10/><G10/><T112/><D8/><U36/><E36/><V39/><F39/><RYUUKYOKU ba="1,1" sc="250,-10,240,30,250,-10,250,-10" hai1="0,6,9,19,23,54,57,62,64,66,86,90,95" /><INIT seed="1,2,1,3,2,13" ten="240,270,240,240" oya="1" hai0="59,103,35,11,49,86,68,30,70,53,93,3,72" hai1="115,79,7,135,28,82,85,60,69,22,42,40,47" hai2="106,119,76,41,64,112,1,15,56,96,88,113,84" hai3="80,45,105,33,107,75,109,102,26,36,57,73,94"/><U5/><E115/><N who="2" m="44107" /><F1/><W100/><G33/><T9/><D72/><N who="3" m="27721" /><G26/><T108/><D108/><U87/><E135/><V27/><F119/><W32/><G32/><T121/><D121/><U43/><E47/><V116/><F116/><W99/><G57/><T89/><D103/><N who="3" m="39465" /><G45/><T123/><D123/><U133/><E133/><V92/><F106/><N who="3" m="40459" /><G36/><T78/><D35/><U8/><E87/><V58/><F64/><W50/><G50/><T111/><D30/><U125/><E69/><V77/><F41/><W129/><G129/><T34/><D34/><U0/><E60/><V67/><F84/><W52/><G52/><T37/><D37/><U46/><E7/><V114/><F27/><W29/><G29/><T126/><D68/><U95/><E28/><V71/><F71/><W127/><G127/><T117/><D126/><U10/><E125/><V61/><F56/><W20/><G20/><T110/><D70/><U25/><E10/><V31/><F31/><W122/><G122/><T104/><D3/><U131/><E131/><V39/><F39/><W19/><G19/><T23/><D23/><U130/><E130/><V24/><F24/><W91/><G109/><N who="0" m="41483" /><D117/><U16/><E46/><V81/><F114/><W101/><N who="3" m="39473" /><W98/><DORA hai="44" /><G80/><N who="0" m="47383" /><D104/><U65/><E65/><V18/><F81/><W12/><G12/><T6/><D6/><U128/><E128/><V134/><F134/><W17/><G17/><T83/><D83/><U62/><E62/><V74/><F74/><W66/><G66/><T21/><D21/><AGARI ba="2,1" hai="15,18,21,58,61,67,76,77,88,92,96" m="44107" machi="21" ten="30,3900,0" yaku="11,1,52,1,54,1" doraHai="13,44" who="2" fromWho="0" sc="240,-45,270,0,240,55,240,0" /><INIT seed="2,0,0,3,0,53" ten="195,270,295,240" oya="2" hai0="96,101,46,27,102,45,104,19,92,70,17,44,8" hai1="111,88,3,18,99,126,26,73,43,85,90,49,107" hai2="89,93,13,9,68,41,21,48,131,5,120,98,117" hai3="94,71,77,78,82,83,74,42,91,133,58,105,23"/><V39/><F117/><W110/><G71/><T51/><D70/><U54/><E111/><V128/><F120/><W112/><G42/><T38/><D38/><U72/><E3/><V66/><F39/><W15/><G110/><T29/><D104/><U62/><E126/><V37/><F37/><W119/><G119/><T108/><D108/><U4/><E4/><V115/><F115/><W80/><G105/><T118/><D118/><U87/><E62/><V81/><F81/><W0/><G0/><T25/><D102/><U34/><E43/><V106/><F106/><W56/><G133/><T35/><D8/><U130/><E87/><V32/><F32/><W24/><G15/><T7/><D7/><U60/><E60/><V57/><F21/><W135/><G135/><T50/><REACH who="0" step="1"/><D25/><REACH who="0" ten="185,270,295,240" step="2"/><U59/><E107/><V122/><F68/><W132/><G132/><T61/><D61/><U129/><E130/><V76/><F131/><W31/><G112/><T30/><D30/><U97/><E129/><V33/><F128/><W28/><G31/><T75/><D75/><U52/><E73/><V79/><F122/><W16/><G28/><T86/><D86/><U20/><E72/><V84/><F84/><N who="3" m="52583" /><G74/><T6/><D6/><U123/><E123/><V22/><F9/><W65/><G65/><T67/><D67/><U14/><E85/><V121/><F66/><W40/><G40/><T125/><D125/><U134/><E134/><V36/><F41/><W47/><G78/><T10/><D10/><N who="1" m="6487" /><E26/><V64/><F79/><W116/><G116/><T109/><D109/><U127/><E127/><RYUUKYOKU ba="0,1" sc="185,30,270,-10,295,-10,240,-10" hai0="17,19,27,29,35,44,45,46,50,51,92,96,101" /><INIT seed="3,1,1,1,2,9" ten="215,260,285,230" oya="3" hai0="74,62,55,45,50,101,14,60,39,125,51,66,86" hai1="132,46,122,44,135,134,1,88,107,58,75,30,61" hai2="77,105,64,17,26,41,23,31,10,69,35,129,48" hai3="89,56,32,37,99,78,118,20,103,54,11,27,53"/><W79/><G37/><T18/><D74/><U120/><E75/><V15/><F129/><W95/><G118/><T21/><D125/><U84/><E107/><V110/><F110/><W80/><G32/><T113/><D113/><U83/><E1/><V47/><F105/><W70/><G70/><T16/><D39/><U7/><E7/><V109/><F109/><W112/><G112/><T102/><D86/><U111/><E30/><V67/><F69/><W96/><G11/><N who="0" m="6239" /><D51/><U34/><E34/><V0/><F77/><W100/><G54/><T115/><D115/><U93/><E83/><V49/><F49/><W130/><G130/><T131/><D131/><U68/><E68/><V71/><F71/><W65/><G65/><T90/><D90/><U106/><E106/><V5/><AGARI ba="1,1" hai="0,5,10,15,17,23,26,31,35,41,47,48,64,67" machi="5" ten="30,7900,0" yaku="0,1,24,2,52,1" doraHai="9" who="2" fromWho="2" sc="215,-21,260,-21,285,92,230,-40" /><INIT seed="4,0,0,3,3,108" ten="194,239,377,190" oya="0" hai0="10,5,3,9,106,101,30,73,58,17,83,90,86" hai1="99,34,4,120,72,26,91,48,52,100,79,115,124" hai2="75,35,93,116,50,11,20,105,18,111,87,78,130" hai3="38,36,113,71,109,46,65,135,102,49,77,53,88"/><T84/><D73/><U40/><E120/><V47/><F111/><W118/><G109/><T61/><D30/><U132/><E40/><V97/><F35/><W55/><G77/><T129/><D129/><U68/><E68/><V98/><F130/><W133/><G102/><T80/><D101/><U6/><E79/><V37/><F37/><N who="3" m="14443" /><G88/><T43/><D43/><U19/><E72/><V27/><F105/><W54/><G118/><T33/><D33/><U23/><E34/><V2/><F2/><W121/><G121/><T85/><D106/><U16/><E91/><N who="2" m="53503" /><F78/><W39/><N who="3" m="14451" /><W66/><DORA hai="1" /><G113/><T81/><D17/><N who="1" m="6731" /><E115/><V89/><F116/><W7/><G7/><N who="1" m="2602" /><E99/><V64/><F98/><W110/><G110/><T119/><D10/><U14/><E14/><V114/><F11/><W128/><G128/><T63/><D119/><U131/><E100/><V70/><F70/><W96/><G96/><T123/><D123/><U104/><E104/><V60/><F97/><W59/><G71/><T42/><D42/><U107/><E107/><V74/><F114/><W62/><G66/><T69/><D69/><U8/><E8/><V126/><F64/><W82/><G82/><T67/><REACH who="0" step="1"/><D63/><REACH who="0" ten="184,239,377,190" step="2"/><U12/><E131/><V134/><F74/><W44/><G49/><T95/><AGARI ba="0,1" hai="3,5,9,58,61,67,80,81,83,84,85,86,90,95" machi="95" ten="30,11700,0" yaku="1,1,2,1,0,1,52,1,53,0" doraHai="108,1" doraHaiUra="25,15" who="0" fromWho="0" sc="184,127,239,-39,377,-39,190,-39" /><INIT seed="4,1,0,2,3,99" ten="311,200,338,151" oya="0" hai0="29,27,134,120,104,18,48,84,88,86,15,40,22" hai1="71,62,121,21,113,123,70,38,110,49,63,132,127" hai2="77,65,73,83,7,32,94,68,53,126,102,50,109" hai3="36,10,117,28,128,1,93,74,37,12,95,52,108"/><T3/><D120/><U67/><E21/><V92/><F109/><W72/><G108/><T6/><D134/><U30/><E110/><V122/><F32/><W91/><G1/><T0/><D104/><U4/><E30/><V43/><F43/><W8/><G117/><T61/><D84/><U116/><E4/><V85/><F122/><W101/><G128/><T97/><D61/><U111/><E111/><V39/><F39/><W66/><G66/><T16/><D97/><U56/><E38/><V118/><F126/><W57/><G28/><T76/><D76/><U133/><E49/><V82/><F7/><W69/><G69/><T98/><D98/><U80/><E80/><V9/><F9/><W2/><G2/><T79/><D79/><U119/><E56/><V24/><F24/><W14/><G57/><T19/><D3/><U17/><E17/><V46/><F65/><W131/><G91/><T112/><D112/><U11/><E11/><V106/><F68/><W78/><G78/><T33/><D48/><U81/><E81/><V51/><F51/><W55/><G131/><T135/><D40/><U13/><E13/><V115/><F118/><W114/><REACH who="3" step="1"/><G101/><REACH who="3" ten="311,200,338,141" step="2"/><T44/><D44/><U96/><E67/><V26/><F46/><W124/><G124/><T130/><D130/><U129/><E129/><V23/><F77/><W20/><G20/><T125/><D125/><U103/><E127/><V31/><F23/><W41/><G41/><T60/><D135/><U107/><E103/><V54/><F102/><W64/><G64/><T58/><D58/><U5/><E71/><RYUUKYOKU ba="1,1" sc="311,-10,200,-10,338,-10,141,30" hai3="8,10,12,14,36,37,52,55,72,74,93,95,114" /><INIT seed="5,2,1,3,5,51" ten="301,190,328,171" oya="1" hai0="111,131,35,100,101,89,114,17,45,3,80,44,88" hai1="16,103,26,58,59,85,126,20,86,47,0,66,39" hai2="18,93,125,48,21,43,31,19,115,62,37,84,1" hai3="98,70,25,61,8,46,123,97,14,41,71,87,50"/><U52/><E126/><V60/><F1/><W65/><G123/><T6/><D111/><U135/><E135/><V110/><F37/><W112/><G112/><T106/><D35/><U4/><E103/><N who="0" m="39497" /><D106/><U36/><E0/><V27/><F110/><W68/><G25/><T30/><D3/><U92/><E4/><V102/><F115/><W57/><REACH who="3" step="1"/><G87/><REACH who="3" ten="301,190,328,161" step="2"/><N who="0" m="50279" /><D114/><U132/><E86/><V13/><F84/><W74/><G74/><T29/><D131/><U113/><E113/><V118/><F27/><W91/><G91/><T95/><D6/><AGARI ba="2,2" hai="6,8,14,41,46,50,57,61,65,68,70,71,97,98" machi="6" ten="40,1300,0" yaku="1,1,53,0" doraHai="51" doraHaiUra="15" who="3" fromWho="0" sc="301,-19,190,0,328,0,161,39" /><INIT seed="6,0,0,1,3,98" ten="282,190,328,200" oya="2" hai0="85,32,97,104,39,6,23,10,119,82,69,106,48" hai1="46,42,110,67,111,41,34,96,22,25,78,86,5" hai2="83,35,54,126,57,109,112,113,4,27,88,68,26" hai3="122,19,55,84,12,63,74,56,60,93,134,99,59"/><V125/><F68/><W49/><G74/><T8/><D39/><U47/><E34/><V21/><F4/><W87/><G134/><T29/><D32/><U115/><E5/><V103/><F35/><W92/><G122/><T80/><D119/><U9/><E9/><V95/><F83/><W117/><G117/><T66/><D80/><U17/><E86/><N who="2" m="52631" /><F103/><W24/><G24/><T1/><D10/><U77/><E115/><N who="2" m="44107" /><F109/><W91/><G59/><T101/><D48/><U81/><E111/><V53/><F27/><W40/><G40/><T51/><D29/><U118/><E110/><V45/><F45/><W70/><G70/><T65/><D106/><U75/><E42/><V133/><F133/><W73/><G73/><T107/><D107/><U11/><E47/><V89/><F89/><W38/><G38/><T31/><D69/><U130/><E78/><V120/><F120/><W3/><G3/><T71/><D71/><U7/><E118/><V102/><F54/><W72/><G72/><T28/><D51/><U124/><E67/><V128/><F128/><W79/><G79/><T50/><D50/><N who="1" m="26959" /><E130/><V132/><F132/><W15/><G87/><T16/><D66/><U129/><E129/><V2/><F2/><W135/><G135/><T90/><D65/><U61/><E96/><V13/><F53/><W62/><REACH who="3" step="1"/><G19/><REACH who="3" ten="282,190,328,190" step="2"/><T58/><D58/><U123/><E123/><V18/><F57/><W30/><G30/><T36/><D36/><U114/><E114/><V127/><F26/><AGARI ba="0,1" hai="1,6,8,16,23,26,28,31,82,85,90,97,101,104" machi="26" ten="30,3900,0" yaku="7,1,52,1,54,1" doraHai="98" who="0" fromWho="2" sc="282,49,190,0,328,-39,190,0" /><INIT seed="7,0,0,0,1,131" ten="331,190,289,190" oya="3" hai0="4,27,11,16,88,102,34,30,121,94,119,70,48" hai1="126,92,8,20,90,82,58,97,38,32,95,12,117" hai2="57,39,129,99,128,0,54,31,103,79,18,116,37" hai3="122,77,73,23,75,28,13,63,50,84,1,9,86"/><W21/><G122/><T65/><D121/><U69/><E32/><V52/><F0/><W35/><G1/><T59/><D119/><U112/><E69/><V96/><F31/><W111/><G111/><T64/><D102/><U44/><E117/><V53/><F57/><W29/><G35/><T10/><D70/><U105/><E105/><V67/><F67/><W56/><G75/><T127/><D127/><U24/><E126/><V36/><F79/><W43/><G73/><T124/><D124/><U113/><E58/><V135/><F116/><W41/><G77/><T14/><D48/><U107/><E107/><V5/><F5/><W66/><G28/><T80/><D80/><U106/><E106/><V85/><F85/><N who="3" m="32875" /><G50/><T108/><D59/><U100/><E82/><V33/><F33/><W55/><G66/><T123/><D108/><U3/><E44/><V104/><F99/><W120/><G120/><T47/><D47/><U51/><E51/><V91/><F91/><W15/><G29/><T60/><D60/><U26/><E38/><V17/><F129/><W68/><G68/><T118/><D118/><U7/><E95/><V109/><F109/><W45/><G15/><N who="0" m="5575" /><D123/><U125/><E100/><V61/><F128/><W22/><G45/><T110/><D110/><U89/><E90/><V78/><F78/><W42/><G42/><T98/><D34/><U49/><E49/><V87/><F61/><W6/><AGARI ba="0,0" hai="6,9,13,21,22,23,41,43,55,56,63" m="32875" machi="6" ten="30,1500,0" yaku="8,1" doraHai="131" who="3" fromWho="3" sc="331,-5,190,-5,289,-5,190,15" /><INIT seed="7,1,0,5,4,46" ten="326,185,284,205" oya="3" hai0="107,133,5,95,50,108,68,93,48,4,58,70,69" hai1="23,63,36,19,114,129,101,67,106,110,60,88,97" hai2="92,29,52,57,96,103,99,45,122,78,61,38,128" hai3="31,135,77,87,109,74,21,44,124,120,85,131,130"/><W132/><G120/><T117/><D107/><U71/><E114/><V55/><F128/><N who="3" m="49195" /><G109/><T37/><D37/><U105/><E129/><V35/><F38/><W59/><G59/><T73/><D58/><U82/><E110/><V26/><F122/><W16/><G31/><T111/><D70/><U51/><E36/><V42/><F42/><W28/><G28/><T22/><D22/><U126/><E63/><V104/><F78/><W76/><G44/><T17/><D17/><U83/><E106/><V41/><F41/><W34/><G34/><T125/><D73/><U40/><E88/><V72/><F45/><W7/><G7/><T89/><D89/><U121/><E40/><V112/><F112/><W113/><G113/><T62/><D62/><U2/><E2/><V90/><F72/><W56/><G56/><T64/><D64/><AGARI ba="1,0" hai="26,29,35,52,55,57,61,64,90,92,96,99,103,104" machi="64" ten="30,2000,0" yaku="7,1,54,1" doraHai="46" who="2" fromWho="0" sc="326,-23,185,0,284,23,205,0" owari="303,10.0,185,-31.0,307,40.0,205,-19.0" /></mjloggm>