<mjloggm ver="2.3"><GO type="169" lobby="0"/><UN n0="%79%69%6E%6E%65%72%30%36" n1="%E3%81%88%E3%81%84%E3%81%BF" n2="%70%72%6F%6E%61%72%69" n3="%54%6F%6B%75%63%68%69" dan="16,16,16,17" rate="2158.85,2111.36,2097.19,2227.84" sx="M,F,M,M"/><TAIKYOKU oya="0"/><INIT seed="0,0,0,5,4,67" ten="250,250,250,250" oya="0" hai0="103,129,87,68,126,29,65,24,125,135,72,50,8" hai1="41,26,81,131,102,14,16,128,40,83,105,60,0" hai2="118,116,117,133,101,88,84,127,23,6,114,38,132" hai3="112,44,55,54,82,31,94,56,90,49,10,122,77"/><T109/><D72/><U61/><E0/><V63/><F38/><W75/><G122/><T59/><D135/><N who="2" m="51786" /><F6/><W121/><G121/><T104/><D129/><N who="1" m="49739" /><E26/><V66/><F114/><W7/><G31/><T48/><D59/><U96/><E81/><V107/><F127/><N who="0" m="48650" /><D87/><U45/><E83/><N who="2" m="49183" /><F23/><W100/><G100/><T42/><D42/><N who="1" m="16491" /><E45/><V92/><F107/><W46/><G112/><T108/><D8/><AGARI ba="0,0" hai="8,14,16,60,61,96,102,105" m="16491,49739" machi="8" ten="30,2000,0" yaku="19,1,54,1" doraHai="67" who="1" fromWho="0" sc="250,-20,250,20,250,0,250,0" /><INIT seed="1,0,0,4,3,15" ten="230,270,250,250" oya="1" hai0="115,53,112,66,46,132,122,35,5,52,98,103,69" hai1="74,79,68,27,48,117,43,94,17,12,73,83,22" hai2="31,67,123,70,58,120,131,88,128,124,18,93,102" hai3="45,91,75,13,84,119,32,92,7,89,133,8,25"/><U65/><E117/><V125/><F70/><W36/><G133/><T111/><D111/><U38/><E38/><V129/><F31/><W39/><G75/><T96/><D35/><U2/><E2/><V9/><F102/><W135/><G135/><T54/><D132/><U26/><E73/><V0/><F67/><W29/><G119/><T51/><D122/><U134/><E134/><V109/><F58/><W21/><G45/><T63/><D5/><U40/><E94/><V71/><F71/><W72/><G72/><T49/><D98/><U78/><E78/><V77/><F77/><W118/><G118/><T64/><D64/><U19/><E48/><V62/><F62/><W24/><REACH who="3" step="1"/><G91/><REACH who="3" ten="230,270,250,240" step="2"/><T33/><D33/><U87/><E74/><V107/><F109/><W50/><G50/><T85/><D51/><U110/><E110/><V60/><F123/><W108/><G108/><T113/><REACH who="0" step="1"/><D85/><REACH who="0" ten="220,270,250,240" step="2"/><U101/><E87/><N who="2" m="52383" /><F120/><W20/><G20/><T1/><D1/><U44/><E22/><V126/><F0/><W106/><G106/><AGARI ba="0,2" hai="46,49,52,53,54,63,66,69,96,103,106,112,113,115" machi="106" ten="40,2600,0" yaku="1,1,54,1,53,0" doraHai="15" doraHaiUra="34" who="0" fromWho="3" sc="220,46,270,0,250,0,240,-26" /><INIT seed="2,0,0,3,1,114" ten="266,270,250,214" oya="2" hai0="34,92,64,97,126,108,43,52,72,78,45,104,121" hai1="122,66,48,129,120,60,39,49,36,41,99,27,37" hai2="24,94,107,5,93,32,133,61,55,28,87,116,3" hai3="47,83,106,8,73,38,58,59,111,11,98,74,23"/><V70/><F133/><W6/><G111/><T124/><D34/><U103/><E27/><V20/><F107/><W130/><G23/><T7/><D121/><N who="1" m="46699" /><E99/><V131/><F131/><W10/><G130/><T4/><D104/><U40/><E103/><V135/><F135/><W109/><G109/><T102/><D108/><U46/><E129/><V90/><F32/><W95/><G6/><T51/><D64/><U132/><E132/><V0/><F116/><W100/><G83/><T35/><D35/><U12/><E12/><V82/><F70/><W119/><G119/><T80/><REACH who="0" step="1"/><D43/><REACH who="0" ten="256,270,250,214" step="2"/><N who="1" m="16459" /><E46/><V63/><F0/><W105/><G47/><T16/><D16/><U128/><E128/><V69/><F3/><W44/><G44/><T33/><D33/><U29/><E29/><V67/><REACH who="2" step="1"/><F5/><AGARI ba="0,1" hai="4,5,7,45,51,52,72,78,80,92,97,102,124,126" machi="5" ten="40,2600,0" yaku="1,1,54,1,53,0" doraHai="114" doraHaiUra="115" who="0" fromWho="2" sc="256,36,270,0,250,-26,214,0" /><INIT seed="3,0,0,0,5,87" ten="292,270,224,214" oya="3" hai0="115,39,17,70,110,41,19,99,117,7,127,77,37" hai1="119,100,52,72,104,113,2,98,57,91,67,26,129" hai2="120,51,45,46,133,50,18,80,88,103,135,23,43" hai3="69,78,5,30,0,93,4,106,63,84,131,124,24"/><W44/><G131/><T34/><D99/><U121/><E113/><V14/><F120/><W125/><G106/><T97/><D97/><U61/><E121/><V32/><F32/><W53/><G0/><T96/><D96/><U25/><E2/><V94/><F103/><W112/><G112/><T86/><D86/><U9/><E129/><V20/><F80/><W6/><G69/><T76/><D7/><U59/><E119/><V10/><F135/><W118/><G118/><T54/><D41/><U82/><E9/><V15/><F15/><W111/><G111/><T102/><D102/><U95/><E82/><V1/><F1/><W27/><G63/><T64/><D64/><U49/><REACH who="1" step="1"/><E72/><REACH who="1" ten="292,260,224,214" step="2"/><V48/><F133/><W116/><G116/><T83/><D117/><U71/><E71/><V81/><F81/><W73/><G73/><T62/><D70/><U122/><E122/><V109/><F109/><W11/><G11/><T68/><D83/><U107/><E107/><V114/><F114/><W123/><G123/><T75/><D68/><U65/><E65/><V79/><F79/><W38/><G78/><T40/><D76/><U60/><E60/><V101/><F10/><W85/><G124/><T12/><D77/><U130/><E130/><V47/><F43/><N who="3" m="22647" /><G125/><T42/><D127/><U33/><E33/><V66/><F66/><W28/><G53/><T31/><D54/><U35/><E35/><V74/><F74/><W8/><G8/><T108/><D34/><U22/><E22/><N who="2" m="11607" /><F101/><W92/><G5/><T132/><D108/><U56/><E56/><V128/><F128/><RYUUKYOKU ba="0,1" sc="292,-15,260,15,224,15,214,-15" hai1="25,26,49,52,57,59,61,67,91,95,98,100,104" hai2="20,23,45,46,47,48,50,51,88,94" /><INIT seed="4,1,1,0,3,34" ten="277,275,239,199" oya="0" hai0="97,57,115,3,69,63,23,48,108,104,0,89,27" hai1="91,11,44,118,19,77,88,43,53,85,120,28,71" hai2="116,102,1,41,25,112,7,76,55,31,92,6,9" hai3="79,21,68,49,123,73,125,81,37,45,30,70,14"/><T65/><D115/><U93/><E118/><V124/><F112/><W13/><G37/><T78/><D78/><U121/><E71/><V117/><F124/><W15/><G125/><T122/><D122/><U87/><E28/><V94/><F41/><W96/><G123/><T90/><D108/><U16/><E77/><V111/><F111/><W20/><G96/><T127/><D127/><U83/><E53/><V33/><F76/><W12/><N who="3" m="3072" /><DORA hai="86" /><W132/><G132/><T17/><D104/><U40/><E11/><V135/><F135/><W134/><G134/><T38/><D38/><U128/><E128/><V130/><F130/><W67/><G67/><T26/><D26/><U99/><E99/><V18/><F7/><W100/><G100/><T58/><D97/><U52/><E121/><V113/><F18/><N who="1" m="6697" /><E120/><V59/><F113/><W74/><G74/><T107/><D107/><U95/><E83/><V4/><F4/><W54/><REACH who="3" step="1"/><G30/><REACH who="3" ten="277,275,239,189" step="2"/><T80/><D65/><U75/><E75/><V105/><F102/><W24/><G24/><T64/><D64/><U114/><E114/><V109/><F109/><W84/><G84/><T56/><D27/><U66/><E66/><V2/><F117/><W50/><G50/><AGARI ba="1,2" hai="40,43,44,50,52,85,87,88,91,93,95" m="6697" machi="50" ten="30,12000,2" yaku="8,1,52,2,54,3" doraHai="34,86" who="1" fromWho="3" sc="277,0,275,143,239,0,189,-123" /><INIT seed="5,0,0,2,3,91" ten="277,418,239,66" oya="1" hai0="110,40,69,123,48,13,132,2,81,51,109,29,21" hai1="20,97,130,4,19,131,82,64,134,133,42,17,24" hai2="60,50,58,80,117,30,35,89,44,55,115,106,102" hai3="96,103,71,104,5,121,45,87,68,122,18,128,124"/><U31/><E42/><V107/><F117/><W77/><G5/><T74/><D69/><U67/><E82/><V10/><F115/><W43/><G128/><N who="1" m="49194" /><E97/><V1/><F1/><W14/><G124/><T105/><D105/><U46/><E46/><V16/><F35/><W9/><G71/><T33/><D2/><U23/><E64/><V84/><F30/><W56/><G68/><T53/><D29/><U118/><E67/><V41/><REACH who="2" step="1"/><F102/><REACH who="2" ten="277,418,229,66" step="2"/><W34/><G34/><T15/><D33/><U49/><E31/><V92/><F92/><W90/><G122/><T88/><D123/><U85/><E118/><V59/><F59/><W6/><G56/><T76/><D109/><U47/><E134/><V119/><F119/><W12/><G121/><T28/><D110/><U63/><E133/><V113/><F113/><W95/><G77/><T38/><D28/><U93/><E93/><V126/><F126/><W36/><REACH who="3" step="1"/><G18/><REACH who="3" ten="277,418,229,56" step="2"/><N who="0" m="10447" /><D76/><U114/><E17/><V94/><F94/><W79/><G79/><T62/><D132/><U135/><E19/><V98/><F98/><W108/><G108/><T61/><D81/><U57/><E135/><V127/><F127/><W66/><G66/><T129/><D129/><U65/><E65/><V101/><F101/><W7/><G7/><T26/><D74/><U3/><E4/><V32/><F32/><W120/><G120/><T54/><D88/><U37/><E114/><V86/><F86/><W99/><G99/><T73/><D73/><U112/><E85/><V25/><F25/><W22/><G22/><T78/><D26/><U72/><E112/><RYUUKYOKU ba="0,2" sc="277,-15,418,-15,229,15,56,15" hai2="10,16,41,44,50,55,58,60,80,84,89,106,107" hai3="6,9,12,14,36,43,45,87,90,95,96,103,104" /><INIT seed="6,1,2,4,0,117" ten="262,403,244,71" oya="2" hai0="127,128,121,45,34,70,66,107,86,124,24,126,59" hai1="97,7,90,82,69,31,16,120,38,20,47,129,0" hai2="74,53,134,89,5,135,18,39,73,36,57,71,23" hai3="4,25,84,30,98,58,12,104,11,10,132,21,93"/><V77/><F71/><W19/><G132/><N who="2" m="50729" /><F5/><W9/><G104/><T6/><D128/><U95/><E69/><V15/><F89/><W40/><G40/><T109/><D109/><U99/><E129/><V81/><F74/><W50/><G84/><T119/><D119/><U118/><E7/><V33/><F33/><W55/><REACH who="3" step="1"/><G4/><REACH who="3" ten="262,403,244,61" step="2"/><T112/><D6/><U125/><E118/><V63/><AGARI ba="1,3" hai="15,18,23,36,39,53,57,63,73,77,81" m="50729" machi="63" ten="30,1500,0" yaku="20,1" doraHai="117" who="2" fromWho="2" sc="262,-6,403,-6,244,48,61,-6" /><INIT seed="6,2,0,1,1,128" ten="256,397,292,55" oya="2" hai0="99,2,55,95,107,50,30,13,92,116,78,71,5" hai1="89,123,84,60,14,49,37,132,121,12,6,53,126" hai2="4,11,75,61,16,54,24,85,52,65,80,111,31" hai3="1,101,98,86,127,135,42,134,129,58,110,9,19"/><V22/><F75/><W41/><G110/><T38/><D71/><U40/><E37/><V63/><F111/><W94/><G129/><T122/><D122/><U102/><E102/><V18/><F18/><W0/><G127/><T44/><D2/><U33/><E33/><V8/><F31/><W47/><G58/><T131/><D131/><U108/><E126/><V87/><F87/><W109/><G109/><T48/><D38/><U100/><E100/><V46/><F46/><W66/><G66/><T106/><D78/><U34/><E34/><V3/><F11/><W23/><G86/><T17/><D5/><U57/><E14/><V133/><F133/><N who="3" m="50699" /><G9/><T104/><D30/><U39/><E57/><V105/><F105/><W115/><G115/><T10/><D116/><U90/><E84/><V59/><REACH who="2" step="1"/><F61/><REACH who="2" ten="256,397,282,55" step="2"/><W83/><G83/><T62/><D62/><U112/><E60/><V25/><F25/><N who="3" m="14591" /><G42/><T7/><D10/><U76/><E40/><V69/><F69/><W72/><G72/><T27/><D27/><U93/><E108/><V103/><F103/><W73/><G73/><T35/><D107/><U91/><E132/><V124/><F124/><W82/><G82/><T119/><D106/><U113/><E113/><V32/><F32/><W29/><G29/><T74/><D104/><U118/><E112/><V79/><AGARI ba="2,1" hai="3,4,8,16,22,24,52,54,59,63,65,79,80,85" machi="79" ten="20,12000,1" yaku="1,1,0,1,7,1,54,2,53,0" doraHai="128" doraHaiUra="28" who="2" fromWho="2" sc="256,-42,397,-42,282,136,55,-42" /><INIT seed="6,3,0,1,4,85" ten="214,355,418,13" oya="2" hai0="79,86,72,32,56,114,61,93,82,104,90,111,87" hai1="26,116,107,75,44,20,73,70,99,92,100,13,2" hai2="69,14,105,9,16,106,55,78,41,49,84,34,3" hai3="36,60,21,17,115,12,97,125,11,110,113,108,132"/><V7/><F69/><W43/><G43/><T38/><D32/><U52/><E2/><V74/><F74/><W66/><G36/><T128/><D38/><U19/><E116/><V23/><F41/><W22/><G97/><T94/><D111/><N who="3" m="42537" /><G60/><T117/><D117/><U51/><E70/><V31/><F31/><W15/><G66/><T109/><D114/><N who="3" m="43529" /><G132/><T120/><D128/><U121/><E121/><V30/><F30/><W88/><G125/><T47/><D109/><U133/><E133/><V33/><F106/><W63/><G63/><T122/><D47/><U64/><E64/><V67/><F105/><W124/><G124/><T131/><D131/><U54/><E54/><V134/><F67/><W76/><G76/><T35/><D35/><U1/><E1/><V95/><F134/><W53/><G53/><T46/><D46/><U126/><E126/><V77/><F77/><W112/><N who="3" m="43537" /><W123/><DORA hai="130" /><G123/><N who="0" m="47147" /><D56/><U83/><E107/><V28/><F28/><W135/><G135/><T8/><D61/><U18/><REACH who="1" step="1"/><E83/><REACH who="1" ten="214,345,418,13" step="2"/><V6/><F55/><W80/><G15/><T42/><D104/><U37/><E37/><V101/><F14/><W58/><G58/><T48/><D82/><U27/><E27/><V25/><F25/><W40/><G40/><T103/><D42/><U24/><E24/><V65/><F65/><W59/><G59/><T71/><D71/><U0/><E0/><V45/><F3/><W39/><G39/><T98/><D48/><U127/><E127/><V50/><F50/><W118/><G118/><T129/><D129/><U81/><E81/><RYUUKYOKU ba="3,1" sc="214,-15,345,15,418,-15,13,15" hai1="13,18,19,20,26,44,51,52,73,75,92,99,100" hai3="11,12,17,21,22,80,88" /><INIT seed="7,4,1,4,1,76" ten="199,360,403,28" oya="3" hai0="75,59,102,4,53,26,60,92,78,0,110,30,80" hai1="131,63,41,2,108,96,132,48,121,69,120,29,94" hai2="67,6,56,45,82,31,72,10,23,8,101,46,54" hai3="71,33,118,5,122,129,49,68,107,87,15,84,117"/><W32/><G107/><T77/><D110/><U135/><E108/><V28/><F67/><W34/><G122/><T115/><D115/><U91/><E2/><V18/><F101/><W73/><G73/><T100/><D78/><U130/><E29/><N who="2" m="11339" /><F82/><W24/><G24/><T105/><D105/><U119/><E119/><V17/><F72/><W65/><G65/><T85/><D4/><U86/><E63/><N who="2" m="36247" /><F18/><W61/><G61/><T113/><D0/><U50/><E69/><N who="3" m="26698" /><G49/><N who="1" m="19050" /><E41/><V37/><F37/><W88/><G5/><T98/><D75/><U47/><E47/><N who="2" m="17931" /><F6/><W39/><G39/><T16/><D30/><U125/><E96/><V35/><F35/><W12/><G129/><N who="1" m="49162" /><E125/><V104/><F104/><W126/><G126/><T114/><D100/><U112/><E112/><N who="0" m="43113" /><D26/><AGARI ba="4,1" hai="8,10,17,23,26" m="17931,36247,11339" machi="26" ten="30,1000,0" yaku="8,1" doraHai="76" who="2" fromWho="0" sc="199,-22,360,0,403,32,28,0" owari="177,-22.0,360,16.0,435,53.0,28,-47.0" /></mjloggm>