<mjloggm ver="2.3"><GO type="169" lobby="0"/><UN n0="%E6%B2%B3%E7%AB%A5%E3%81%AE%E3%83%AF%E3%82%AB%E3%83%9E%E3%83%84" n1="%E3%83%8A%E3%83%8A%E3%82%A4%E3%83%AD%E3%83%A9%E3%82%A4%E3%83%88%E2%98%86" n2="%74%79%61%73%6F" n3="%E3%81%97%E3%82%89%E3%81%84%E3%81%97%E3%81%BE%E3%81%84" dan="17,17,17,17" rate="2148.39,2174.09,2197.36,2291.10" sx="M,F,M,M"/><TAIKYOKU oya="0"/><INIT seed="0,0,0,0,5,65" ten="250,250,250,250" oya="0" hai0="135,30,134,64,2,26,84,122,75,59,114,73,80" hai1="62,77,25,132,40,68,106,88,109,41,58,22,125" hai2="51,128,38,63,96,53,45,24,32,42,23,87,107" hai3="76,69,37,116,39,3,95,126,74,44,15,17,94"/><T99/><D2/><U55/><E109/><V48/><F128/><W36/><G116/><T120/><D59/><U127/><E106/><V20/><F32/><W124/><G3/><T112/><D64/><N who="1" m="40983" /><E77/><V113/><F113/><N who="0" m="43626" /><D26/><U61/><E132/><N who="0" m="50729" /><D30/><U29/><E88/><V103/><F87/><W71/><G44/><T102/><D84/><U79/><E79/><V72/><F72/><N who="0" m="27722" /><D80/><U89/><E89/><V115/><F115/><W11/><G76/><T21/><D21/><U85/><E85/><V118/><F20/><W14/><G74/><T83/><D83/><U8/><E8/><V10/><F10/><W111/><G15/><T82/><D82/><U7/><E7/><V13/><F13/><W52/><G11/><T100/><D100/><U6/><E6/><V35/><F23/><W5/><G5/><T50/><D50/><U47/><E47/><V43/><F51/><W81/><G81/><T110/><D110/><U18/><E29/><V67/><F24/><W0/><G111/><T129/><D129/><U121/><E25/><V119/><F103/><W117/><G0/><T57/><D57/><U78/><E22/><V97/><F45/><W56/><G14/><T1/><D1/><U92/><E78/><V46/><F46/><W90/><G56/><T19/><D19/><U9/><E18/><V54/><F67/><W60/><G17/><T86/><D86/><U130/><E130/><V123/><F48/><W16/><G16/><T31/><D31/><U91/><E9/><V93/><F118/><W105/><G117/><T101/><D102/><U108/><E108/><RYUUKYOKU ba="0,0" sc="250,30,250,-10,250,-10,250,-10" hai0="99,101,120,122" /><INIT seed="0,1,0,5,3,75" ten="280,240,240,240" oya="0" hai0="66,108,12,27,95,14,40,9,59,98,104,45,113" hai1="117,91,30,69,123,16,62,3,111,84,96,34,134" hai2="58,41,32,52,125,5,72,19,68,80,60,116,10" hai3="100,33,21,51,78,13,47,105,61,26,29,0,31"/><T112/><D104/><U127/><E117/><V94/><F125/><W49/><G0/><T93/><D108/><U22/><E123/><V92/><F32/><W71/><G49/><T8/><D27/><U4/><E111/><V107/><F107/><W109/><G109/><T103/><D59/><U37/><E37/><V99/><F116/><W90/><G90/><T88/><D66/><U76/><E127/><V119/><F119/><W77/><G100/><T83/><D83/><U23/><E134/><V48/><F19/><W7/><G29/><T18/><D45/><U129/><E129/><V65/><F99/><W118/><G105/><T64/><D64/><U126/><E126/><V130/><F41/><W20/><G33/><T110/><D40/><U79/><E96/><V85/><F72/><W38/><G38/><T74/><D74/><U36/><E36/><V106/><F106/><W56/><G71/><T115/><D110/><U70/><E70/><V53/><F53/><N who="3" m="33935" /><G118/><T87/><REACH who="0" step="1"/><D113/><REACH who="0" ten="270,240,240,240" step="2"/><U128/><E69/><V133/><F133/><W1/><G26/><T54/><D54/><U11/><E128/><V121/><F130/><W135/><G135/><T67/><D67/><U63/><E63/><V42/><F42/><W131/><G47/><T122/><D122/><U97/><E62/><V86/><F121/><W120/><G131/><T114/><D114/><U35/><E35/><V124/><F124/><W89/><G120/><T44/><D44/><U43/><E34/><V15/><F80/><W28/><G51/><T102/><D102/><U82/><E43/><V46/><F68/><RYUUKYOKU ba="1,1" sc="270,15,240,-15,240,15,240,-15" hai0="8,9,12,14,18,87,88,93,95,98,103,112,115" hai2="5,10,15,46,48,52,58,60,65,85,86,92,94" /><INIT seed="0,2,1,3,0,39" ten="285,225,255,225" oya="0" hai0="101,26,111,92,47,129,31,18,86,63,107,12,132" hai1="133,50,5,118,49,30,85,0,89,61,72,53,46" hai2="112,22,68,70,77,113,52,79,35,7,34,103,59" hai3="57,38,19,4,27,58,114,33,6,1,102,54,97"/><T11/><D129/><U65/><E133/><V32/><F103/><W123/><G114/><T80/><D132/><U81/><E118/><V121/><F121/><W87/><G38/><T71/><D111/><U28/><E72/><V119/><F119/><W62/><G123/><T56/><D71/><U106/><E106/><V99/><F7/><W110/><G110/><T73/><D107/><U135/><E135/><V41/><F22/><W83/><G1/><T96/><D73/><U23/><E23/><V48/><F99/><W55/><G33/><T66/><D47/><U117/><E117/><V104/><F104/><W95/><G19/><T127/><D127/><U40/><E5/><V8/><F8/><W88/><REACH who="3" step="1"/><G27/><REACH who="3" ten="285,225,255,215" step="2"/><T67/><D26/><U90/><E0/><V60/><F113/><W115/><G115/><T105/><D31/><U9/><E9/><V45/><REACH who="2" step="1"/><F112/><REACH who="2" ten="285,225,245,215" step="2"/><W43/><G43/><T10/><D10/><U51/><E40/><V16/><F16/><W14/><G14/><T84/><D12/><U100/><E30/><V17/><F17/><W120/><G120/><T74/><D18/><U3/><E28/><V29/><F29/><W93/><G93/><T25/><D11/><U37/><E3/><V116/><F116/><W15/><G15/><T94/><D25/><U24/><E24/><V108/><F108/><W36/><G36/><T131/><D94/><U122/><E37/><V42/><F42/><W20/><G20/><T21/><D21/><U124/><E122/><V76/><AGARI ba="2,3" hai="32,34,35,41,45,48,52,59,60,68,70,76,77,79" machi="76" ten="40,8000,1" yaku="1,1,0,1,52,1,54,1,53,0" doraHai="39" doraHaiUra="2" who="2" fromWho="2" sc="285,-42,225,-22,245,116,215,-22" /><INIT seed="1,0,0,4,3,123" ten="243,203,361,193" oya="1" hai0="46,31,49,59,33,75,111,53,118,45,63,79,52" hai1="92,69,133,135,28,61,64,103,104,24,73,65,110" hai2="70,4,1,113,19,40,38,116,132,6,74,10,16" hai3="90,44,98,14,124,42,117,130,119,30,18,37,54"/><U109/><E73/><V125/><F70/><W60/><G124/><T17/><D118/><N who="3" m="45065" /><G130/><T91/><D111/><N who="1" m="42507" /><E104/><V78/><F116/><W26/><G98/><T121/><D121/><U122/><E122/><V62/><F62/><W102/><G102/><T0/><D0/><U114/><E114/><V56/><F56/><N who="3" m="34839" /><G90/><T101/><D101/><U7/><E7/><V80/><F125/><W5/><G5/><T51/><D91/><U8/><E65/><V95/><F95/><W43/><G44/><T66/><D17/><U120/><E120/><V93/><F93/><W58/><G58/><T35/><REACH who="0" step="1"/><D31/><REACH who="0" ten="233,203,361,193" step="2"/><U100/><E100/><V32/><F19/><W13/><G18/><T108/><D108/><U9/><E133/><V25/><F132/><W23/><G37/><T87/><D87/><U129/><E135/><V105/><F1/><W48/><G14/><T11/><D11/><U36/><E36/><V20/><F10/><W71/><G13/><T47/><D47/><U27/><E129/><V86/><F38/><W131/><G131/><T107/><D107/><U41/><E27/><V34/><F25/><W85/><G26/><T106/><D106/><U22/><E41/><V77/><F40/><W81/><G43/><T83/><AGARI ba="0,1" hai="33,35,45,46,49,51,52,53,59,63,66,75,79,83" machi="83" ten="30,7900,0" yaku="1,1,0,1,9,1,54,1,53,0" doraHai="123" doraHaiUra="112" who="0" fromWho="0" sc="233,89,203,-39,361,-20,193,-20" /><INIT seed="2,0,0,1,2,123" ten="322,164,341,173" oya="2" hai0="117,69,84,5,9,47,106,13,10,48,112,115,41" hai1="88,53,64,77,17,11,74,44,72,14,76,91,1" hai2="103,61,31,108,51,36,37,87,120,85,73,57,118" hai3="35,28,128,134,81,99,97,98,18,46,22,58,15"/><V67/><F120/><W125/><G125/><T40/><D106/><U130/><E130/><V89/><F118/><W132/><G128/><T93/><D69/><U32/><E32/><V86/><F73/><W111/><G58/><T52/><D117/><U30/><E30/><V83/><F108/><W63/><G111/><T126/><D126/><U27/><E27/><V82/><F103/><W102/><G63/><T21/><D21/><U23/><E64/><V94/><F31/><W33/><G102/><T8/><D112/><U131/><E131/><V0/><F0/><W26/><G81/><T12/><D115/><U38/><E74/><V135/><F135/><N who="3" m="51755" /><G46/><T66/><D66/><U16/><E1/><V92/><F92/><W110/><G110/><T104/><D104/><U129/><E129/><V121/><F121/><W54/><G54/><T70/><D70/><U56/><E44/><V19/><F19/><W90/><G90/><N who="1" m="34346" /><E38/><V107/><F107/><W113/><G113/><T95/><D84/><N who="2" m="32362" /><F36/><W20/><AGARI ba="0,0" hai="15,18,20,22,26,28,33,35,97,98,99" m="51755" machi="20" ten="30,1100,0" yaku="20,1" doraHai="123" who="3" fromWho="3" sc="322,-3,164,-3,341,-5,173,11" /><INIT seed="3,0,0,0,3,100" ten="319,161,336,184" oya="3" hai0="6,119,85,33,52,67,87,111,79,25,99,97,88" hai1="125,19,47,84,27,51,45,75,14,133,93,48,114" hai2="9,78,38,39,123,91,107,106,77,81,57,53,108" hai3="21,37,23,56,92,116,55,74,61,20,22,40,66"/><W59/><G116/><T103/><D119/><U124/><E114/><V130/><F108/><W63/><G74/><T121/><D121/><U24/><E75/><V129/><F123/><W109/><G109/><T2/><D111/><U132/><E84/><V44/><F91/><W69/><G37/><N who="2" m="13833" /><F9/><W101/><G40/><T122/><D122/><U90/><E93/><V71/><F44/><N who="1" m="16969" /><E90/><V72/><F77/><W135/><G135/><N who="1" m="51786" /><E14/><V8/><F71/><W126/><G126/><N who="1" m="48746" /><E19/><V15/><F15/><W12/><G69/><T42/><D88/><U68/><E68/><V54/><F8/><W28/><G12/><T86/><D87/><U73/><E73/><V89/><F89/><W7/><G7/><T4/><D79/><U96/><E96/><V18/><F18/><W80/><G80/><T1/><D103/><U76/><E76/><V17/><F17/><W26/><G23/><T29/><D25/><AGARI ba="0,0" hai="24,25,27,48,51" m="48746,51786,16969" machi="25" ten="40,8000,1" yaku="28,2,20,1,18,1" doraHai="100" who="1" fromWho="0" sc="319,-80,161,80,336,0,184,0" /><INIT seed="4,0,0,1,3,16" ten="239,241,336,184" oya="0" hai0="18,45,132,20,42,92,102,8,50,73,99,5,66" hai1="85,80,133,107,129,68,72,4,103,6,39,26,71" hai2="2,61,32,135,10,25,30,17,108,56,93,105,113" hai3="59,130,62,112,9,69,111,96,98,128,91,125,74"/><T23/><D132/><U47/><E133/><V122/><F122/><W34/><G111/><T120/><D120/><U13/><E72/><V43/><F105/><W54/><G34/><T19/><D73/><U89/><E129/><N who="3" m="49770" /><G74/><T31/><D66/><U88/><E103/><V81/><F113/><W28/><G28/><T78/><D78/><U22/><E107/><V124/><F124/><W12/><G112/><T119/><D119/><U63/><E89/><V58/><F81/><W67/><G91/><T134/><D134/><U86/><E85/><V127/><F58/><W35/><G35/><T21/><REACH who="0" step="1"/><D31/><REACH who="0" ten="229,241,336,184" step="2"/><U131/><E131/><V15/><F30/><W55/><G125/><T53/><D53/><N who="3" m="19977" /><G69/><T70/><D70/><U83/><E71/><V38/><F127/><W37/><G37/><T77/><D77/><U121/><E68/><V49/><F38/><W118/><G118/><T57/><D57/><U97/><E39/><V11/><F56/><W95/><G59/><T116/><D116/><U109/><E121/><V115/><F135/><W7/><G62/><T106/><D106/><U33/><E63/><V94/><F61/><W114/><G114/><T87/><D87/><U76/><E86/><V84/><F84/><W24/><G67/><T14/><AGARI ba="0,1" hai="5,8,14,18,19,20,21,23,42,45,50,92,99,102" machi="14" ten="30,18000,2" yaku="1,1,0,1,8,1,52,3,53,0" doraHai="16" doraHaiUra="60" who="0" fromWho="0" sc="229,190,241,-60,336,-60,184,-60" /><INIT seed="4,1,0,4,2,63" ten="419,181,276,124" oya="0" hai0="26,128,99,46,37,54,1,55,106,29,102,78,117" hai1="107,66,82,30,116,4,95,67,70,108,17,0,84" hai2="124,112,24,89,71,121,73,131,21,62,87,59,80" hai3="135,22,68,49,92,20,118,36,33,132,129,47,16"/><T123/><D117/><U45/><E108/><V40/><F121/><W125/><G118/><T134/><D123/><U39/><E107/><V109/><F109/><W96/><G33/><T50/><D1/><U3/><E116/><V14/><F112/><W6/><G36/><T104/><D128/><U61/><E30/><V93/><F124/><W88/><G68/><T41/><D134/><N who="3" m="51241" /><G129/><T28/><D106/><U52/><E4/><V72/><F131/><W19/><G6/><T9/><D9/><U119/><E95/><V65/><F40/><N who="3" m="24807" /><G125/><T8/><D8/><U113/><E113/><V13/><F71/><W18/><AGARI ba="1,0" hai="16,18,19,20,22,88,92,96" m="24807,51241" machi="18" ten="30,4000,0" yaku="20,1,54,2" doraHai="63" who="3" fromWho="3" sc="419,-21,181,-11,276,-11,124,43" /><INIT seed="5,0,0,0,4,129" ten="398,170,265,167" oya="1" hai0="57,108,97,116,20,123,79,28,52,63,112,67,7" hai1="128,132,102,84,71,11,21,99,50,115,9,110,135" hai2="49,91,44,66,60,69,120,77,104,12,58,56,93" hai3="15,6,13,31,1,46,70,82,40,53,27,61,26"/><U43/><E71/><V125/><F120/><W80/><G1/><T117/><D108/><U42/><E128/><V22/><F104/><W122/><G122/><T32/><D123/><U83/><E110/><V45/><F125/><W118/><G118/><T55/><D32/><U73/><E73/><V29/><F77/><W3/><G3/><T78/><D112/><U72/><E72/><V124/><F124/><W119/><G119/><T92/><D7/><U33/><E33/><V87/><F29/><W75/><G75/><T94/><D94/><N who="1" m="58743" /><E21/><V86/><F86/><W76/><G70/><T36/><D36/><U5/><E115/><V35/><F35/><W95/><G95/><T105/><D105/><U4/><E4/><V18/><F45/><W24/><G31/><T90/><D116/><U19/><E19/><V130/><F130/><W39/><G6/><T25/><D117/><U65/><E65/><V74/><F74/><W89/><G76/><AGARI ba="0,0" hai="20,25,28,52,55,57,63,67,76,78,79,90,92,97" machi="76" ten="40,2600,0" yaku="8,1,54,1" doraHai="129" who="0" fromWho="3" sc="398,26,170,0,265,0,167,-26" /><INIT seed="6,0,0,3,5,24" ten="424,170,265,141" oya="2" hai0="40,118,131,121,96,89,8,133,85,120,113,87,50" hai1="5,6,112,99,32,80,64,100,16,83,44,76,65" hai2="21,125,127,124,51,75,91,116,123,79,35,81,9" hai3="41,97,114,106,11,103,117,49,55,34,22,67,66"/><V37/><F37/><W84/><G117/><T45/><D118/><U61/><E112/><V77/><F35/><W20/><G34/><T102/><D113/><U29/><E44/><V12/><F116/><W132/><G114/><T78/><D131/><U98/><E32/><V63/><F123/><W88/><G132/><T129/><D129/><U52/><E29/><V13/><F63/><W25/><G11/><T68/><D68/><U28/><E28/><V54/><F79/><W119/><G41/><T94/><D133/><U126/><E126/><V56/><F9/><W2/><G2/><T73/><D85/><U130/><E130/><V10/><F10/><W74/><G74/><T18/><D18/><U90/><E90/><V27/><REACH who="2" step="1"/><F91/><REACH who="2" ten="424,170,255,141" step="2"/><W14/><G119/><T48/><D8/><U95/><E76/><V62/><F62/><W53/><G88/><T33/><D33/><U31/><E61/><V109/><F109/><W38/><G38/><T101/><D50/><U15/><E6/><V39/><F39/><W107/><G49/><T70/><D70/><U128/><E5/><V57/><F57/><W92/><G22/><T60/><D60/><U110/><E110/><V26/><F26/><W43/><G20/><T122/><D96/><U105/><E99/><V23/><F23/><W82/><G97/><T58/><D58/><U0/><E98/><V30/><AGARI ba="0,1" hai="12,13,21,27,30,51,54,56,75,77,81,124,125,127" machi="30" ten="30,12000,1" yaku="1,1,0,1,18,1,52,1,53,1" doraHai="24" doraHaiUra="104" who="2" fromWho="2" sc="424,-40,170,-40,255,130,141,-40" /><INIT seed="6,1,0,3,0,86" ten="384,130,385,101" oya="2" hai0="119,106,77,70,131,17,105,111,7,18,133,4,52" hai1="97,51,102,116,126,12,85,95,34,62,57,46,61" hai2="6,64,101,22,118,3,82,41,114,71,135,8,38" hai3="30,83,54,37,125,15,66,117,99,92,94,130,122"/><V40/><F118/><W69/><G117/><T103/><D119/><U88/><E34/><V81/><F114/><W108/><G122/><T39/><D111/><U31/><E116/><V93/><F135/><W59/><G108/><T32/><D32/><U67/><E126/><V115/><F115/><W9/><G37/><T23/><D39/><U74/><E74/><V90/><F101/><W110/><G125/><T128/><D70/><U26/><E12/><V78/><F64/><W72/><G30/><T24/><D133/><U1/><E1/><V20/><F71/><W75/><G94/><T68/><D68/><U98/><E62/><V0/><F0/><W29/><G29/><T121/><D121/><U11/><E11/><V16/><F38/><W107/><G107/><N who="0" m="40971" /><D103/><U84/><E98/><V124/><F124/><W129/><G66/><T27/><D77/><U35/><REACH who="1" step="1"/><E102/><REACH who="1" ten="384,120,385,101" step="2"/><V45/><F3/><W53/><G110/><T55/><D128/><U87/><E87/><V120/><F8/><W73/><G75/><T89/><D131/><U65/><E65/><V28/><F120/><W123/><G73/><T21/><D23/><U10/><E10/><V49/><F20/><W48/><G72/><T19/><D21/><U60/><E60/><V79/><F22/><W25/><G123/><T36/><D27/><U47/><E47/><V33/><F45/><W91/><G25/><T2/><D24/><U42/><AGARI ba="1,1" hai="26,31,35,42,46,51,57,61,67,84,85,88,95,97" machi="42" ten="20,8000,1" yaku="1,1,0,1,7,1,52,1,54,1,53,0" doraHai="86" doraHaiUra="50" who="1" fromWho="1" sc="384,-21,120,93,385,-41,101,-21" /><INIT seed="7,0,0,4,3,64" ten="363,213,344,80" oya="3" hai0="78,48,27,83,21,16,53,34,127,46,109,104,125" hai1="31,72,25,95,7,103,77,115,5,96,26,1,107" hai2="51,23,69,91,36,2,87,88,102,33,22,94,108" hai3="42,50,85,52,123,97,55,111,110,65,8,134,120"/><W0/><G0/><T44/><D109/><N who="3" m="41481" /><G8/><T116/><D116/><U86/><E115/><V75/><F36/><W18/><G97/><T6/><D104/><U112/><E112/><V126/><F33/><W40/><G18/><T124/><D6/><U28/><E1/><V90/><F75/><W76/><G65/><T117/><D117/><U9/><E9/><V99/><F2/><W106/><G106/><T45/><D34/><U93/><E93/><V113/><F113/><W122/><G134/><T101/><D101/><U59/><E59/><V89/><F108/><W133/><G133/><T20/><D20/><U70/><E26/><V119/><F22/><W63/><G63/><T49/><D49/><U74/><E28/><V19/><F51/><W15/><G15/><T66/><D66/><U12/><E12/><V60/><F119/><W37/><G37/><T38/><D38/><U14/><E14/><V3/><F3/><W61/><G61/><T92/><D92/><U13/><E13/><N who="2" m="9711" /><F60/><W10/><G10/><T68/><D68/><U105/><E95/><N who="2" m="54687" /><F69/><W54/><G50/><T24/><D24/><U130/><E96/><V79/><F79/><W131/><G131/><T132/><D132/><U128/><E77/><V114/><F114/><W80/><AGARI ba="0,0" hai="40,42,52,54,55,76,80,85,120,122,123" m="41481" machi="80" ten="40,3900,0" yaku="10,1,54,1" doraHai="64" who="3" fromWho="3" sc="363,-13,213,-13,344,-13,80,39" /><INIT seed="7,1,0,4,4,128" ten="350,200,331,119" oya="3" hai0="57,39,124,97,11,10,68,50,107,90,58,132,41" hai1="47,102,129,55,103,52,18,36,77,131,120,115,29" hai2="113,125,38,16,56,27,83,32,45,117,85,66,126" hai3="96,17,46,87,54,119,31,35,19,21,25,34,123"/><W22/><G119/><T80/><D68/><U99/><E120/><V28/><F113/><W98/><G123/><T15/><D39/><U67/><E115/><V62/><F117/><W135/><G135/><T86/><D132/><U88/><E29/><V70/><F56/><W60/><G34/><T112/><D112/><U8/><E77/><V6/><F6/><W75/><G75/><T61/><D124/><N who="2" m="47722" /><F45/><W91/><G35/><T76/><D107/><U121/><E55/><V84/><F38/><W44/><G60/><T122/><D122/><U105/><E102/><V71/><F71/><W89/><G31/><T2/><D2/><U63/><E18/><V78/><F85/><W3/><G3/><T9/><D15/><U111/><E8/><N who="0" m="2049" /><T73/><DORA hai="48" /><D73/><U40/><E111/><V4/><F4/><W33/><G33/><T82/><D61/><U7/><E7/><V81/><F81/><N who="3" m="49391" /><G91/><T110/><D110/><U130/><E121/><V94/><F94/><W118/><G118/><T65/><D65/><U79/><E67/><V42/><F42/><W37/><G37/><T108/><D108/><U93/><E79/><V53/><F53/><W59/><G59/><T133/><D133/><U114/><E114/><V20/><F32/><W0/><G0/><T1/><D1/><U26/><E63/><V74/><F74/><W104/><G54/><T49/><D82/><U92/><E52/><V23/><F28/><W100/><G98/><T106/><D76/><U13/><E88/><V51/><F51/><N who="0" m="19466" /><D41/><U12/><E26/><V24/><F27/><N who="3" m="14767" /><G104/><T5/><D5/><RYUUKYOKU ba="1,0" sc="350,0,200,0,331,0,119,0" hai0="57,58,80,86,90,97,106" hai1="12,13,36,40,47,92,93,99,103,105,129,130,131" hai2="16,20,23,24,62,66,70,78,83,84" hai3="19,22,25,44,46,96,100" /><INIT seed="7,2,0,4,5,88" ten="350,200,331,119" oya="3" hai0="76,96,127,30,7,10,44,100,38,65,14,21,19" hai1="86,51,72,97,35,102,28,68,31,54,101,59,134" hai2="23,27,50,13,18,90,87,105,91,0,103,77,129" hai3="108,32,98,92,121,17,84,41,79,56,95,62,46"/><W130/><G121/><T73/><D127/><U39/><E72/><V2/><F77/><W116/><G116/><T3/><D65/><U47/><E134/><V128/><F105/><W99/><G32/><T93/><D30/><U71/><E101/><V115/><F103/><W26/><G130/><N who="2" m="50281" /><F115/><W118/><G118/><T24/><D38/><U80/><E31/><N who="2" m="17919" /><F50/><N who="3" m="26959" /><G108/><T12/><REACH who="0" step="1"/><D44/><REACH who="0" ten="340,200,331,119" step="2"/><U60/><E39/><V64/><F64/><N who="3" m="38983" /><G79/><T58/><D58/><U120/><E28/><V81/><F91/><N who="3" m="53351" /><G95/><T36/><D36/><U67/><E120/><V25/><F25/><W5/><G5/><T119/><D119/><U75/><E35/><V112/><F112/><W66/><G66/><T82/><AGARI ba="2,1" hai="3,7,10,12,14,19,21,24,73,76,82,93,96,100" machi="82" ten="30,4000,0" yaku="1,1,0,1,52,1,53,0" doraHai="88" doraHaiUra="113" who="0" fromWho="0" sc="340,56,200,-12,331,-12,119,-22" owari="396,49.0,188,-21.0,319,12.0,97,-40.0" /></mjloggm>