<mjloggm ver="2.3"><GO type="169" lobby="0"/><UN n0="%45%72%77%69%6E%52%64" n1="%E3%81%9B%E3%81%A9%E3%81%AA%E3%82%8A%E3%81%82%E3%82%93" n2="%42%41%4E%44%49%54" n3="%E3%83%90%E3%82%AD" dan="16,16,16,17" rate="2120.97,2103.42,2111.15,2194.28" sx="M,M,M,M"/><TAIKYOKU oya="0"/><INIT seed="0,0,0,1,2,110" ten="250,250,250,250" oya="0" hai0="16,17,66,40,48,119,72,62,3,27,79,130,18" hai1="69,75,94,78,15,2,12,86,45,129,100,105,127" hai2="122,126,89,70,32,52,109,103,64,128,81,29,8" hai3="97,99,83,42,55,41,5,67,113,6,88,61,54"/><T95/><D119/><U33/><E2/><V92/><F122/><W104/><G113/><T68/><D3/><U35/><E69/><V46/><F109/><W37/><G104/><T91/><D130/><U28/><E127/><V25/><F128/><W60/><G83/><T65/><D65/><U31/><E45/><V53/><F126/><W116/><G67/><T26/><D79/><U133/><E133/><V134/><F134/><W7/><G116/><T117/><D72/><U76/><E86/><V120/><F120/><W38/><G5/><T118/><D118/><U124/><E94/><V59/><F70/><W51/><G51/><T96/><REACH who="0" step="1"/><D117/><REACH who="0" ten="240,250,250,250" step="2"/><U87/><E75/><V56/><F64/><W50/><G50/><T71/><D71/><U123/><E129/><V102/><F32/><W1/><G1/><T107/><D107/><U30/><E105/><V80/><F46/><AGARI ba="0,1" hai="16,17,18,26,27,40,46,48,62,66,68,91,95,96" machi="46" ten="40,3900,0" yaku="1,1,54,1,53,0" doraHai="110" doraHaiUra="101" who="0" fromWho="2" sc="240,49,250,0,250,-39,250,0" /><INIT seed="0,1,0,0,4,37" ten="289,250,211,250" oya="0" hai0="94,57,13,10,72,55,5,129,134,67,63,88,3" hai1="53,95,30,39,25,126,98,117,70,48,49,44,105" hai2="93,64,23,21,29,132,60,115,46,50,121,0,127" hai3="133,124,19,83,35,116,107,122,15,36,128,76,1"/><T101/><D72/><U85/><E126/><V41/><F115/><W82/><RYUUKYOKU type="yao9" ba="1,0" sc="289,0,250,0,211,0,250,0" hai3="1,15,19,35,36,76,82,83,107,116,122,124,128,133" /><INIT seed="0,2,0,2,2,85" ten="289,250,211,250" oya="0" hai0="27,116,79,105,28,122,32,6,67,24,34,55,113" hai1="124,84,129,87,52,44,134,90,1,16,78,40,99" hai2="120,68,69,63,75,58,111,95,131,100,119,128,49" hai3="74,8,70,21,35,130,83,81,36,61,121,56,77"/><T65/><D113/><U112/><E1/><V7/><F75/><W82/><G35/><T13/><D116/><U45/><E112/><V118/><F7/><W76/><G70/><N who="2" m="27241" /><F120/><W88/><G36/><T19/><D105/><U89/><E129/><N who="2" m="49739" /><F100/><W72/><G130/><T101/><D101/><U73/><E73/><V43/><F111/><W48/><G121/><T92/><D79/><U14/><E134/><V23/><F23/><W80/><G8/><T25/><D6/><U106/><E106/><V9/><F9/><W42/><G21/><T109/><D122/><U17/><E78/><V110/><F110/><W31/><G31/><T0/><D0/><U12/><E99/><V15/><F15/><W127/><G127/><T33/><D28/><U126/><REACH who="1" step="1"/><E52/><REACH who="1" ten="289,240,211,250" step="2"/><N who="2" m="34247" /><F95/><W39/><G72/><T107/><D107/><U132/><E132/><V50/><F43/><AGARI ba="2,1" hai="12,14,16,17,40,43,44,45,84,87,89,90,124,126" machi="43" ten="25,12000,2" yaku="1,1,22,2,52,2,54,1,53,0" doraHai="85" doraHaiUra="114" who="1" fromWho="2" sc="289,0,240,136,211,-126,250,0" /><INIT seed="1,0,0,5,3,16" ten="289,376,85,250" oya="1" hai0="110,72,59,114,73,66,46,90,17,48,30,52,131" hai1="127,76,26,102,92,18,81,37,115,109,123,44,134" hai2="54,74,103,108,77,39,29,49,86,97,50,28,80" hai3="32,21,94,34,100,98,14,83,10,120,107,4,129"/><U41/><E115/><V82/><F39/><W93/><G129/><T88/><D114/><U122/><E127/><V130/><F130/><W53/><G120/><T56/><D131/><U58/><E134/><V51/><F108/><W69/><G69/><T62/><D110/><U57/><E109/><V112/><F112/><W23/><G83/><T9/><D30/><U75/><E58/><V85/><F54/><W91/><G53/><T42/><D72/><U119/><E119/><V19/><F19/><W6/><G6/><T121/><D73/><U40/><E40/><V12/><F12/><W78/><G78/><T11/><D121/><U95/><E95/><N who="2" m="58815" /><F74/><W96/><REACH who="3" step="1"/><G107/><REACH who="3" ten="289,376,85,240" step="2"/><T99/><D42/><U35/><E122/><V113/><F113/><W61/><G61/><T70/><D70/><U60/><E123/><V43/><F43/><W125/><G125/><T8/><D46/><U33/><E60/><V45/><F45/><W68/><G68/><T38/><D38/><U101/><E57/><V20/><F82/><W1/><G1/><T79/><D79/><U87/><E92/><V3/><F3/><W5/><G5/><T106/><D106/><U133/><E133/><V111/><F111/><W128/><G128/><T31/><D56/><U63/><E63/><V24/><F77/><W55/><G55/><T67/><D52/><U7/><E7/><V117/><F80/><W118/><G118/><T132/><D59/><U64/><E75/><V116/><F116/><W15/><G15/><T135/><D135/><U22/><E64/><V126/><F117/><W71/><G71/><RYUUKYOKU ba="0,1" sc="289,-15,376,15,85,-15,240,15" hai1="18,22,26,33,35,37,41,44,76,81,87,101,102" hai3="4,10,14,21,23,32,34,91,93,94,96,98,100" /><INIT seed="1,1,1,3,1,40" ten="274,391,70,255" oya="1" hai0="127,63,39,83,57,62,53,118,12,132,69,77,111" hai1="73,13,21,37,34,28,120,96,124,93,45,106,18" hai2="91,8,128,87,98,35,46,125,33,10,9,25,122" hai3="27,32,94,84,36,31,75,109,131,90,104,59,41"/><U129/><E120/><V105/><F122/><W82/><G109/><T24/><D111/><U50/><E124/><V79/><F125/><W58/><G131/><T89/><D118/><U5/><E129/><V107/><F128/><W70/><G70/><T113/><D127/><U112/><E73/><V26/><F79/><W30/><G104/><T42/><D132/><U56/><E37/><V2/><F2/><W66/><G66/><T99/><D113/><U43/><E106/><V119/><F119/><W51/><G36/><T115/><D115/><U23/><E5/><V16/><F107/><W48/><G31/><T100/><D89/><U55/><E34/><V95/><F46/><W117/><G117/><T102/><D24/><U108/><E108/><V4/><F4/><W49/><REACH who="3" step="1"/><G41/><REACH who="3" ten="274,391,70,245" step="2"/><T86/><D42/><U123/><E112/><V76/><F105/><W15/><G15/><T126/><D39/><U135/><E123/><V116/><F116/><W14/><G14/><T97/><D12/><U29/><E135/><V78/><F26/><W110/><G110/><T74/><D69/><U133/><E133/><V6/><F25/><W19/><G19/><T80/><D126/><U17/><E17/><V81/><F16/><W1/><G1/><T92/><D53/><U54/><E23/><V121/><F121/><W60/><G60/><T44/><D62/><N who="1" m="36119" /><E43/><V52/><F35/><W0/><G0/><T3/><D63/><U11/><E21/><V71/><F33/><W134/><G134/><T130/><D3/><U47/><E18/><V67/><F71/><W72/><G72/><RYUUKYOKU ba="1,2" sc="274,-10,391,-10,70,-10,245,30" hai3="27,30,32,48,49,51,58,59,75,82,84,90,94" /><INIT seed="2,2,2,5,1,37" ten="264,381,60,275" oya="2" hai0="49,53,68,14,5,63,48,18,35,2,74,121,130" hai1="83,41,113,16,3,94,115,0,24,80,11,122,120" hai2="58,82,88,62,135,102,65,72,13,15,47,7,40" hai3="105,85,33,46,32,108,12,133,1,126,123,71,8"/><V6/><F135/><W91/><G123/><N who="1" m="47146" /><E94/><V45/><F102/><W51/><G105/><T75/><D121/><U125/><E125/><V76/><F47/><W99/><G71/><T39/><D39/><U118/><E118/><V78/><F6/><W86/><G1/><N who="1" m="586" /><E41/><V31/><F31/><W84/><G108/><T116/><D35/><U89/><E89/><V28/><F28/><W64/><G133/><T96/><D116/><U21/><E11/><N who="2" m="4351" /><F15/><W104/><G126/><T119/><D5/><U43/><E43/><V110/><F72/><W57/><G104/><T97/><D2/><U55/><E55/><V38/><F38/><W26/><G33/><T36/><D36/><U22/><E22/><V73/><F73/><W17/><G32/><T67/><D74/><U69/><E69/><V44/><F110/><W106/><G106/><T129/><D75/><U114/><AGARI ba="2,2" hai="16,21,24,80,83,113,114,115" m="586,47146" machi="114" ten="40,2700,0" yaku="13,1,54,1" doraHai="37" who="1" fromWho="1" sc="264,-9,381,53,60,-15,275,-9" /><INIT seed="3,0,0,4,2,73" ten="255,434,45,266" oya="3" hai0="41,24,43,86,75,99,30,97,9,118,27,72,89" hai1="10,34,12,23,126,98,117,60,82,33,133,96,54" hai2="79,122,21,116,115,0,111,119,13,95,85,38,104" hai3="7,40,129,2,11,112,50,123,65,67,127,1,66"/><W58/><G112/><T61/><D118/><U31/><E117/><V57/><F0/><W132/><G123/><T121/><D121/><U49/><E33/><V42/><F104/><W130/><G127/><T94/><D72/><U44/><E34/><V87/><F122/><W103/><G132/><T84/><D75/><U92/><E126/><V8/><F115/><W128/><G103/><T105/><D9/><U114/><E133/><V62/><F111/><W45/><REACH who="3" step="1"/><G1/><REACH who="3" ten="255,434,45,256" step="2"/><T110/><D110/><U39/><E114/><V83/><F119/><W6/><G6/><T22/><D105/><U59/><E39/><V56/><F116/><W26/><G26/><T91/><D24/><N who="1" m="16799" /><E92/><V52/><F95/><W48/><G48/><T17/><D30/><U77/><E12/><V3/><F3/><W18/><G18/><T93/><D61/><AGARI ba="0,1" hai="2,7,11,40,45,50,58,61,65,66,67,128,129,130" machi="61" ten="40,3900,0" yaku="1,1,19,1,53,0" doraHai="73" doraHaiUra="101" who="3" fromWho="0" sc="255,-39,434,0,45,0,256,49" /><INIT seed="3,1,0,3,5,64" ten="216,434,45,305" oya="3" hai0="33,2,10,76,15,8,129,21,81,83,74,131,82" hai1="119,13,12,97,132,56,47,25,30,103,19,116,36" hai2="128,7,73,124,11,106,55,111,107,77,35,109,98" hai3="118,89,115,40,126,133,67,54,80,6,0,114,122"/><W95/><G118/><N who="1" m="45098" /><E132/><V78/><F35/><W61/><G122/><T44/><D33/><N who="1" m="20687" /><E56/><V96/><F128/><N who="0" m="49226" /><D44/><U72/><E72/><V65/><F65/><W39/><G133/><T26/><D2/><U121/><E121/><V100/><F55/><W42/><G126/><T101/><D101/><U88/><E88/><V57/><F57/><W62/><G54/><T84/><D15/><U28/><E28/><V93/><F124/><W70/><G0/><T3/><D3/><U58/><E58/><V87/><F73/><W31/><G31/><N who="0" m="17871" /><D82/><U117/><E19/><V20/><F20/><W17/><G80/><T102/><D102/><U51/><E36/><V135/><F135/><W14/><G39/><T59/><D59/><U85/><E85/><V71/><F87/><W120/><G120/><T52/><D52/><N who="1" m="29823" /><E117/><V41/><F41/><W9/><G40/><T130/><N who="0" m="49234" /><T5/><DORA hai="27" /><D5/><U38/><E38/><V60/><F7/><W37/><G6/><T90/><AGARI ba="1,0" hai="8,10,74,76,81,83,84,90" m="17871,49234" machi="90" ten="40,2700,0" yaku="19,1,52,1" doraHai="64,27" who="0" fromWho="0" sc="216,30,434,-8,45,-8,305,-14" /><INIT seed="4,0,0,4,5,74" ten="246,426,37,291" oya="0" hai0="56,108,113,105,129,66,100,28,67,40,79,99,7" hai1="71,81,57,8,65,35,18,73,124,95,51,101,117" hai2="93,20,0,112,60,109,75,31,126,55,39,21,98" hai3="14,91,22,121,12,25,122,92,77,13,72,37,89"/><T24/><D113/><U132/><E117/><V10/><F39/><W134/><G37/><T2/><D129/><U9/><E35/><V41/><F109/><W33/><G33/><T42/><D108/><U3/><E3/><V70/><F112/><W78/><G134/><T96/><D79/><N who="3" m="30217" /><G72/><T45/><D40/><U50/><E81/><V46/><F75/><W123/><G92/><T88/><D7/><U107/><E107/><V53/><F126/><W130/><G130/><T23/><D2/><U27/><E71/><V4/><F70/><W127/><G127/><T62/><D96/><N who="1" m="59551" /><E73/><V34/><F34/><W63/><G63/><T82/><D66/><U58/><E65/><V61/><F61/><W43/><G43/><T6/><D6/><U131/><E132/><V128/><F128/><W15/><N who="3" m="3072" /><DORA hai="133" /><W16/><AGARI ba="0,0" hai="16,22,25,89,91,121,122,123" m="3072,30217" machi="16" ten="50,12000,2" yaku="4,1,13,1,52,3,54,1" doraHai="74,133" who="3" fromWho="3" sc="246,-60,426,-30,37,-30,291,120" /><INIT seed="5,0,0,0,0,82" ten="186,396,7,411" oya="1" hai0="60,90,14,117,118,73,135,18,10,106,94,33,31" hai1="86,98,66,95,63,105,2,116,102,129,130,47,55" hai2="24,53,5,125,54,15,58,39,25,50,99,44,6" hai3="8,74,103,69,34,132,71,68,12,128,57,28,108"/><U77/><E116/><V133/><F39/><W83/><G108/><T79/><D106/><U109/><E2/><V75/><F75/><W42/><G128/><N who="1" m="49258" /><E109/><V7/><F125/><W87/><G74/><T89/><D135/><U88/><E77/><V46/><F133/><W100/><G132/><T114/><D114/><U3/><E3/><V110/><F110/><W51/><G28/><T122/><D122/><U112/><E112/><V41/><F15/><W30/><G30/><T56/><D79/><U119/><E119/><V115/><F115/><W97/><G34/><T127/><D73/><U40/><E55/><V19/><F19/><W1/><G1/><T80/><D127/><U70/><E47/><N who="2" m="17963" /><F41/><AGARI ba="0,0" hai="40,41,63,66,70,86,88,95,98,102,105" m="49258" machi="41" ten="30,5800,0" yaku="19,1,52,1,54,1" doraHai="82" who="1" fromWho="2" sc="186,0,396,58,7,-58,411,0" owari="186,-21.0,454,55.0,-51,-55.0,411,21.0" /></mjloggm>