<mjloggm ver="2.3"><GO type="185" lobby="0"/><UN n0="%52%59%4F%40%53%53" n1="%E3%81%A8%E3%82%8A%E3%81%82%E3%81%88%E3%81%9A%E5%9B%9B%E6%AE%B5" n2="%E6%A8%BD%E3%81%AA%E3%81%AE%E5%A3%8A%E3%81%95%E3%81%AA%E3%81%84%E3%81%A7" n3="" dan="18,16,18,0" rate="2258.80,2119.56,2305.24,1500.00" sx="M,M,M,C"/><TAIKYOKU oya="0"/><INIT seed="0,0,0,1,2,132" ten="350,350,350,0" oya="0" hai0="73,109,47,64,36,108,130,76,106,48,40,51,0" hai1="85,60,95,82,71,100,94,133,69,98,115,43,123" hai2="54,120,61,59,111,121,42,119,135,45,127,105,87" hai3=""/><T101/><D0/><U124/><N who="1" m="31520" /><U70/><E124/><V35/><N who="2" m="30752" /><V107/><N who="2" m="31008" /><V80/><F35/><T75/><D130/><U126/><E126/><V118/><F135/><T1/><D1/><U129/><E129/><V131/><F131/><T102/><D64/><U122/><N who="1" m="31264" /><U104/><E133/><V37/><F111/><N who="0" m="42570" /><D76/><U38/><E60/><V39/><F39/><T90/><D90/><U3/><E3/><V117/><REACH who="2" step="1"/><F127/><REACH who="2" ten="350,350,340,0" step="2"/><T68/><D68/><U65/><E71/><V92/><F92/><T33/><D33/><U83/><E94/><V63/><F63/><T78/><D36/><U49/><E38/><V113/><F113/><T86/><D51/><U81/><E70/><V134/><F134/><T84/><D48/><U77/><E115/><V2/><F2/><T52/><D106/><U79/><E104/><V88/><AGARI ba="0,1" hai="37,42,45,54,59,61,80,87,88,105,107,117,118,119" m="31008,30752" machi="88" ten="30,12000,3" yaku="1,1,0,1,12,1,52,2,54,1,53,2" doraHai="132" doraHaiUra="116" who="2" fromWho="2" sc="350,-80,350,-40,340,130,0,0" /><INIT seed="1,0,0,5,0,1" ten="270,310,470,0" oya="1" hai0="85,120,82,128,40,71,53,68,96,84,117,135,113" hai1="76,99,116,109,108,94,131,119,73,93,80,67,74" hai2="58,0,101,87,126,97,92,89,91,63,110,70,52" hai3=""/><U44/><E67/><V77/><F0/><T34/><N who="0" m="30752" /><T132/><D117/><N who="1" m="45131" /><E44/><V88/><F126/><T98/><D113/><U95/><E131/><V127/><F127/><T38/><D128/><U72/><E99/><V121/><N who="2" m="31008" /><V33/><F110/><AGARI ba="0,0" hai="72,73,74,76,80,93,94,95,108,109,110" m="45131" machi="110" ten="40,12000,1" yaku="14,1,10,1,34,2" doraHai="1" who="1" fromWho="2" sc="270,0,310,120,470,-120,0,0" /><INIT seed="1,1,0,2,5,118" ten="270,430,350,0" oya="1" hai0="131,105,41,59,126,107,56,106,122,74,104,98,132" hai1="45,60,69,100,62,70,102,49,2,92,127,115,50" hai2="133,75,88,103,44,57,61,65,36,64,58,42,37" hai3=""/><U0/><E115/><V87/><F75/><T108/><N who="0" m="31264" /><T124/><D74/><U78/><E127/><N who="0" m="48681" /><D131/><U86/><E86/><V121/><N who="2" m="31008" /><V123/><N who="2" m="31520" /><V47/><F133/><T40/><D132/><U111/><E92/><V73/><F73/><T76/><D76/><U116/><E45/><V113/><F113/><T46/><D108/><U63/><E63/><V114/><F114/><T94/><N who="0" m="26624" /><DORA hai="77" /><T66/><D66/><U93/><E93/><V72/><F103/><T89/><D41/><U125/><E125/><V71/><F65/><T83/><D83/><U82/><E78/><V3/><F72/><T32/><D32/><U135/><E135/><V51/><F3/><T120/><N who="0" m="30752" /><T101/><D101/><U112/><E112/><V119/><F119/><T38/><AGARI ba="1,0" hai="38,40,46,56,59,89,94,98" m="30752,26624,48681,31264" machi="38" ten="60,6000,1" yaku="18,1,52,4" doraHai="118,77" who="0" fromWho="0" sc="270,62,430,-41,350,-21,0,0" /><INIT seed="2,0,0,1,2,79" ten="332,389,329,0" oya="2" hai0="61,77,46,80,87,37,94,49,111,109,50,2,57" hai1="105,51,70,56,39,97,44,33,75,135,81,128,55" hai2="121,116,115,124,72,35,68,65,126,76,34,83,127" hai3=""/><V59/><N who="2" m="31008" /><V103/><F115/><T133/><D2/><U132/><E33/><V1/><F1/><T122/><N who="0" m="31264" /><T130/><D130/><U41/><E128/><V119/><F59/><T48/><D133/><U98/><E70/><V47/><F103/><T63/><D94/><U52/><E55/><V96/><F96/><T73/><D73/><U67/><E67/><V71/><F47/><T108/><REACH who="0" step="1"/><D57/><REACH who="0" ten="322,389,329,0" step="2"/><U40/><E105/><V101/><F71/><T118/><D118/><N who="2" m="45098" /><F101/><T42/><AGARI ba="0,1" hai="37,42,46,48,49,50,61,63,77,80,87,108,109,111" m="31264" machi="42" ten="40,6000,1" yaku="1,1,0,1,14,1,52,2,53,0" doraHai="79" doraHaiUra="104" who="0" fromWho="0" sc="322,70,389,-20,329,-40,0,0" /><INIT seed="4,0,0,5,5,58" ten="392,369,289,0" oya="0" hai0="120,2,48,35,127,71,81,116,99,49,0,106,121" hai1="134,33,56,39,122,78,61,70,133,118,92,41,43" hai2="76,87,96,42,1,135,72,34,123,131,40,67,97" hai3=""/><T69/><N who="0" m="30752" /><T103/><N who="0" m="31008" /><T112/><D116/><U113/><N who="1" m="31264" /><U94/><E118/><V84/><N who="2" m="31520" /><V79/><F34/><T51/><D35/><U95/><E70/><V46/><F1/><T129/><D112/><U37/><E78/><V108/><F108/><T55/><D127/><U3/><E3/><V80/><F135/><N who="1" m="51721" /><E33/><V63/><F131/><T75/><D129/><U74/><E74/><V59/><F40/><N who="1" m="15433" /><E113/><V83/><REACH who="2" step="1"/><F72/><REACH who="2" ten="392,369,279,0" step="2"/><T100/><D0/><U52/><AGARI ba="0,1" hai="37,39,52,56,61,92,94,95" m="15433,51721,31264" machi="52" ten="40,6000,1" yaku="20,1,52,2,54,1" doraHai="58" who="1" fromWho="1" sc="392,-40,369,70,279,-20,0,0" /><INIT seed="5,0,0,3,1,114" ten="352,439,259,0" oya="1" hai0="112,127,110,36,84,88,49,61,44,52,74,56,91" hai1="95,37,135,39,86,87,123,113,124,103,47,68,122" hai2="2,79,58,97,132,93,33,43,72,53,96,76,120" hai3=""/><U134/><N who="1" m="31264" /><U50/><N who="1" m="31520" /><U119/><E68/><V80/><N who="2" m="30752" /><V55/><F33/><T129/><D112/><U78/><E113/><V85/><F2/><T42/><D110/><U117/><E124/><V130/><F130/><T133/><D129/><U99/><E37/><V67/><F132/><N who="1" m="50729" /><E39/><V77/><F43/><T126/><D133/><U89/><E78/><V62/><F97/><T121/><N who="0" m="31008" /><T3/><D74/><U115/><E115/><V94/><F94/><T71/><D3/><U65/><E65/><V82/><REACH who="2" step="1"/><F79/><REACH who="2" ten="352,439,249,0" step="2"/><T100/><D100/><AGARI ba="0,1" hai="53,55,58,62,67,72,76,77,80,82,85,93,96,100" m="30752" machi="100" ten="30,7700,0" yaku="1,1,2,1,7,1,52,1,53,0" doraHai="114" doraHaiUra="66" who="2" fromWho="0" sc="352,-77,439,0,249,87,0,0" /><INIT seed="6,0,0,1,0,74" ten="275,439,336,0" oya="2" hai0="103,78,121,64,67,129,35,109,134,50,52,48,84" hai1="125,87,33,86,66,68,114,94,51,3,57,112,128" hai2="92,91,96,43,102,63,0,38,2,62,81,77,89" hai3=""/><V131/><F131/><T116/><N who="0" m="31008" /><T107/><D109/><U79/><E3/><V95/><F2/><T90/><D35/><U53/><E33/><V49/><F38/><T56/><D116/><U75/><E128/><V82/><F82/><T76/><D129/><U106/><E106/><V115/><F115/><N who="1" m="44073" /><E125/><V41/><F102/><T127/><D127/><U88/><E86/><V105/><F105/><T99/><D134/><U47/><E68/><V111/><F111/><T58/><D67/><U120/><N who="1" m="30752" /><U93/><E93/><V113/><F113/><T83/><REACH who="0" step="1"/><D50/><REACH who="0" ten="265,439,336,0" step="2"/><U98/><E66/><V54/><F0/><T126/><D126/><U135/><E51/><V45/><F63/><AGARI ba="0,1" hai="48,52,56,58,63,64,76,78,83,84,90,99,103,107" m="31008" machi="63" ten="40,12000,2" yaku="1,1,52,3,54,1,53,1" doraHai="74" doraHaiUra="101" who="0" fromWho="2" sc="265,130,439,0,336,-120,0,0" owari="395,0.0,439,38.0,216,-38.0,0,0.0" /></mjloggm>