<mjloggm ver="2.3"><GO type="169" lobby="0"/><UN n0="%E3%81%94%E3%82%8B%E3%81%AF%E3%82%80%33%30" n1="%E3%82%B4%E3%83%AA%E3%83%91%E3%83%A9" n2="%E4%BE%8D" n3="%E6%9D%BE%E5%B1%8B%E3%81%8A%E3%81%98%E3%81%95%E3%82%93" dan="17,16,18,17" rate="2160.17,2153.34,2200.93,2126.16" sx="F,M,M,M"/><TAIKYOKU oya="0"/><INIT seed="0,0,0,2,2,0" ten="250,250,250,250" oya="0" hai0="56,2,7,53,61,76,57,65,134,9,95,27,30" hai1="106,104,42,51,17,101,37,81,122,120,119,92,41" hai2="33,100,38,73,84,1,80,5,77,18,43,107,20" hai3="40,29,59,26,44,11,24,94,118,25,109,72,89"/><T99/><D134/><U15/><E119/><V105/><F84/><W132/><G118/><T97/><D76/><U93/><E37/><V14/><F100/><W28/><G72/><T126/><D126/><U129/><E129/><V45/><REACH who="2" step="1"/><F33/><REACH who="2" ten="250,250,240,250" step="2"/><W88/><G89/><T98/><D95/><U10/><E101/><V64/><F64/><W49/><G132/><T74/><D74/><U128/><E92/><V23/><F23/><W60/><G109/><T135/><D135/><U108/><E93/><V83/><F83/><W113/><G113/><T125/><D125/><U69/><E81/><V50/><F50/><W78/><G78/><T34/><REACH who="0" step="1"/><D97/><REACH who="0" ten="240,250,240,250" step="2"/><U75/><E104/><V62/><F62/><AGARI ba="0,2" hai="2,7,9,27,30,34,53,56,57,61,62,65,98,99" machi="62" ten="30,11600,0" yaku="1,1,2,1,7,1,52,1,53,0" doraHai="0" doraHaiUra="13" who="0" fromWho="2" sc="240,136,250,0,240,-116,250,0" /><INIT seed="0,1,0,5,5,65" ten="376,250,124,250" oya="0" hai0="104,110,5,121,123,106,60,36,95,17,64,135,109" hai1="115,22,51,94,96,20,33,18,126,78,99,46,89" hai2="102,81,58,57,68,13,101,79,35,55,25,108,85" hai3="23,86,111,103,93,50,40,41,75,0,120,52,105"/><T90/><D36/><U122/><E126/><V92/><F108/><N who="0" m="41578" /><D5/><U7/><E122/><N who="0" m="46601" /><D17/><U32/><E115/><V84/><F13/><W131/><G0/><T48/><D48/><U34/><E7/><V28/><F57/><W71/><G50/><T44/><D44/><U12/><E78/><V87/><F68/><W77/><G71/><N who="0" m="42375" /><D135/><U11/><REACH who="1" step="1"/><E96/><AGARI ba="1,0" hai="90,95,96,104,106" m="42375,46601,41578" machi="96" ten="30,5800,0" yaku="14,1,10,1,52,1" doraHai="65" who="0" fromWho="1" sc="376,61,250,-61,124,0,250,0" /><INIT seed="0,2,0,0,3,82" ten="437,189,124,250" oya="0" hai0="120,130,121,19,44,68,13,52,40,38,55,34,85" hai1="116,66,80,16,42,110,58,29,11,115,78,114,83" hai2="113,63,72,23,112,123,79,111,71,76,62,20,51" hai3="73,87,90,32,117,18,89,9,15,61,46,134,88"/><T96/><D34/><U75/><E116/><V12/><F71/><W133/><G73/><T8/><D68/><U39/><E110/><V125/><F111/><W132/><G117/><T60/><D130/><U100/><E29/><V101/><F101/><W119/><G119/><T24/><D96/><U27/><E100/><V86/><F72/><W26/><G61/><T56/><D24/><U45/><E80/><V135/><F51/><W92/><G46/><T70/><D55/><U37/><E37/><V31/><F12/><W21/><REACH who="3" step="1"/><G32/><REACH who="3" ten="437,189,124,240" step="2"/><T105/><D121/><U49/><E114/><V53/><F123/><W3/><G3/><T43/><D120/><U124/><E115/><V0/><F0/><W131/><G131/><T47/><D47/><U6/><E124/><V41/><F125/><W103/><G103/><T57/><D44/><U35/><E35/><V7/><F113/><W97/><G97/><T67/><D60/><U104/><E39/><V102/><F63/><W48/><G48/><T10/><D38/><U17/><E45/><V50/><F62/><W59/><G59/><T84/><D56/><U4/><E58/><V28/><F50/><W93/><G93/><T118/><D57/><U129/><E66/><V36/><F102/><W94/><G94/><T126/><D126/><U99/><E129/><V107/><F36/><W30/><AGARI ba="2,1" hai="9,15,18,21,26,30,87,88,89,90,92,132,133,134" machi="30" ten="30,8000,1" yaku="1,1,0,1,20,1,52,1,54,1,53,0" doraHai="82" doraHaiUra="95" who="3" fromWho="3" sc="437,-42,189,-22,124,-22,240,96" /><INIT seed="1,0,0,5,0,26" ten="395,167,102,336" oya="1" hai0="127,60,43,67,47,4,93,64,51,120,98,39,84" hai1="83,69,111,62,99,61,128,19,30,42,27,135,105" hai2="116,107,23,95,16,117,49,10,110,126,88,79,22" hai3="134,31,38,36,73,57,35,18,29,87,121,21,2"/><U65/><E128/><V56/><F107/><W100/><G121/><T63/><D120/><U122/><E135/><V102/><F110/><W44/><G73/><T103/><D127/><U129/><E129/><V106/><F117/><W11/><G134/><T45/><D4/><U3/><E122/><V72/><F116/><W108/><G108/><T25/><D84/><U109/><E3/><V54/><F126/><W53/><G35/><T34/><D34/><U46/><E19/><V5/><F106/><W101/><G38/><T55/><D25/><U124/><E62/><V86/><F102/><N who="3" m="39531" /><G44/><T94/><D94/><U131/><E131/><V12/><F72/><W8/><G36/><T77/><D77/><U113/><E113/><V114/><F114/><W132/><G2/><T123/><D123/><U82/><E124/><V90/><F79/><W7/><G87/><T118/><D118/><U48/><E109/><V125/><F125/><W78/><G78/><T89/><D103/><N who="1" m="62719" /><E111/><V37/><F37/><W15/><G132/><T71/><D71/><U33/><AGARI ba="0,0" hai="27,30,33,42,46,48,61,65,69,82,83" m="62719" machi="33" ten="30,3000,0" yaku="25,1,52,1" doraHai="26" who="1" fromWho="1" sc="395,-10,167,30,102,-10,336,-10" /><INIT seed="1,1,0,0,1,20" ten="385,197,92,326" oya="1" hai0="72,93,26,64,16,56,92,78,4,30,67,17,53" hai1="104,70,23,34,120,39,29,7,62,118,21,44,74" hai2="110,119,38,12,128,85,115,111,66,22,103,42,88" hai3="2,27,37,108,10,94,99,40,24,101,15,125,89"/><U127/><E120/><V105/><F119/><W5/><G108/><N who="2" m="41513" /><F66/><W63/><G125/><T69/><D4/><U6/><E118/><V130/><F42/><W87/><G2/><T61/><D72/><U77/><E104/><V43/><F43/><W28/><G28/><T116/><D78/><U58/><E70/><V124/><F38/><W52/><G40/><T35/><D67/><U135/><E44/><V36/><F36/><W98/><G37/><T97/><D92/><U1/><E39/><V73/><F73/><W121/><G121/><T122/><D116/><U11/><E6/><V41/><F41/><W25/><G101/><T48/><REACH who="0" step="1"/><D122/><REACH who="0" ten="375,197,92,326" step="2"/><U18/><E77/><V60/><F124/><W59/><AGARI ba="1,1" hai="5,10,15,24,25,27,52,59,63,87,89,94,98,99" machi="59" ten="30,12000,2" yaku="0,1,8,1,52,3,54,1" doraHai="20" who="3" fromWho="3" sc="375,-31,197,-61,92,-31,326,133" /><INIT seed="2,0,0,5,4,67" ten="344,136,61,459" oya="2" hai0="45,73,49,21,7,80,94,102,128,53,116,9,65" hai1="98,8,96,1,17,68,16,103,120,33,27,131,112" hai2="123,87,56,41,135,62,107,119,52,105,75,118,108" hai3="100,63,86,0,91,89,121,104,76,51,124,30,101"/><V95/><F123/><W43/><G0/><T57/><D128/><U74/><E112/><V25/><F75/><W59/><G121/><T3/><D116/><U60/><E74/><V88/><F135/><W23/><G76/><T44/><D21/><U26/><E98/><V133/><F133/><W71/><G104/><T99/><REACH who="0" step="1"/><D65/><REACH who="0" ten="334,136,61,459" step="2"/><U134/><E131/><V10/><F108/><W61/><G23/><T36/><D36/><U18/><E134/><V55/><F119/><W83/><G124/><T11/><D11/><U132/><E132/><V97/><F118/><W39/><G39/><T129/><D129/><U85/><E8/><V37/><F10/><W64/><G64/><T125/><D125/><U84/><E120/><V31/><F55/><W110/><G110/><T111/><D111/><U130/><E130/><V15/><F15/><W28/><G43/><T13/><D13/><U12/><E12/><V109/><F109/><W117/><G117/><T70/><D70/><U38/><E38/><V126/><F126/><W34/><G71/><T77/><AGARI ba="0,1" hai="3,7,9,44,45,49,53,57,73,77,80,94,99,102" machi="77" ten="30,2000,0" yaku="1,1,0,1,53,0" doraHai="67" doraHaiUra="69" who="0" fromWho="0" sc="334,30,136,-5,61,-10,459,-5" /><INIT seed="3,0,0,3,4,47" ten="364,131,51,454" oya="3" hai0="104,103,44,30,43,73,135,131,107,42,95,39,62" hai1="12,120,29,129,38,6,20,31,111,85,80,123,41" hai2="26,116,70,61,127,105,100,3,125,130,128,37,121" hai3="36,68,7,4,69,115,94,52,22,58,114,119,90"/><W82/><G119/><T72/><D131/><N who="2" m="50218" /><F26/><W60/><G36/><T86/><D135/><U59/><E111/><V79/><F3/><W126/><G126/><N who="2" m="48137" /><F116/><W134/><G134/><T87/><D62/><U50/><E129/><V55/><F79/><W40/><G40/><T92/><D44/><U102/><E38/><V24/><F24/><W67/><G114/><T132/><D132/><U23/><E29/><V81/><F81/><W91/><G115/><T84/><D39/><U33/><E31/><V11/><F11/><W112/><G112/><T98/><D30/><U96/><E33/><V89/><F89/><W64/><G69/><T88/><D43/><U46/><E20/><V78/><F78/><W48/><G67/><T28/><D42/><U113/><E113/><V51/><F37/><W76/><G22/><T101/><D28/><U17/><E6/><V14/><F14/><W110/><G90/><T63/><D63/><U53/><E80/><V71/><F61/><W83/><G83/><T49/><D103/><U13/><E13/><V93/><F93/><W65/><G7/><T124/><D124/><U10/><E10/><V99/><F121/><W2/><G4/><T25/><D25/><U27/><E27/><V34/><F34/><W21/><G2/><T97/><D49/><N who="1" m="26831" /><E123/><V133/><F133/><W15/><G60/><T118/><D118/><U16/><E120/><V74/><F74/><AGARI ba="0,0" hai="72,73,74,84,86,87,88,92,95,97,98,101,104,107" machi="74" ten="40,12000,2" yaku="35,6,54,1" doraHai="47" who="0" fromWho="2" sc="364,120,131,0,51,-120,454,0" owari="484,59.0,131,-27.0,-69,-57.0,454,25.0" /></mjloggm>