<mjloggm ver="2.3"><GO type="185" lobby="0"/><UN n0="%E6%9D%B1%E9%B3%B3" n1="%E2%88%AA%E3%83%BB%CF%89%E3%83%BB%E2%88%AA%E3%83%8B%E3%83%A3%E3%83%BC" n2="%E5%85%A5%E5%B7%A3%E6%9F%9A%E5%AE%9F" n3="" dan="17,16,16,0" rate="2264.05,2178.93,2190.02,1500.00" sx="M,M,F,C"/><TAIKYOKU oya="0"/><INIT seed="0,0,0,3,5,85" ten="350,350,350,0" oya="0" hai0="114,130,129,51,125,101,83,33,58,120,69,94,123" hai1="37,106,46,1,59,104,110,102,84,55,118,52,90" hai2="0,87,73,36,35,61,132,88,109,62,127,64,124" hai3=""/><T45/><N who="0" m="30752" /><T60/><N who="0" m="31520" /><T89/><D114/><U78/><E118/><V134/><F0/><T63/><D33/><U116/><E116/><V66/><F109/><T68/><D101/><U103/><E1/><V38/><F73/><T113/><D83/><U79/><E110/><V112/><F112/><T70/><D125/><N who="2" m="48202" /><F35/><T91/><D113/><U117/><E117/><V32/><F32/><T65/><D63/><N who="2" m="24074" /><F64/><T44/><D44/><U105/><E37/><N who="2" m="14443" /><F66/><T43/><REACH who="0" step="1"/><D91/><REACH who="0" ten="340,350,350,0" step="2"/><U107/><E90/><V121/><N who="2" m="31008" /><V135/><F135/><T48/><D48/><U80/><E103/><V71/><F71/><T93/><D93/><AGARI ba="0,1" hai="87,88,93,132,134" m="31008,14443,24074,48202" machi="93" ten="40,8000,1" yaku="18,1,52,2,54,1" doraHai="85" who="2" fromWho="0" sc="340,-80,350,0,350,90,0,0" /><INIT seed="1,0,0,3,2,105" ten="260,350,440,0" oya="1" hai0="49,50,34,113,63,88,74,55,61,121,58,99,97" hai1="106,83,93,72,119,56,122,41,92,45,85,59,54" hai2="131,39,96,102,57,62,104,70,47,3,123,78,52" hai3=""/><U82/><N who="1" m="31264" /><U36/><E119/><V129/><N who="2" m="31520" /><V37/><F3/><T133/><N who="0" m="31008" /><T86/><D113/><U77/><E106/><V114/><F114/><T42/><D34/><U67/><E67/><V53/><F70/><T108/><D108/><U91/><REACH who="1" step="1"/><E59/><REACH who="1" ten="260,340,440,0" step="2"/><V51/><REACH who="2" step="1"/><F78/><REACH who="2" ten="260,340,430,0" step="2"/><T128/><D128/><AGARI ba="0,2" hai="37,39,47,51,52,53,57,62,96,102,104,128,129,131" m="31520" machi="128" ten="40,12000,2" yaku="1,1,2,1,19,1,52,1,54,1,53,1" doraHai="105" doraHaiUra="40" who="2" fromWho="0" sc="260,-120,340,0,430,140,0,0" /><INIT seed="2,0,0,2,4,51" ten="140,340,570,0" oya="2" hai0="77,54,124,107,121,43,82,120,89,113,133,131,103" hai1="34,115,108,114,87,71,79,119,104,52,129,102,40" hai2="127,92,91,96,99,88,111,75,37,135,2,72,74" hai3=""/><V112/><F37/><T45/><N who="0" m="30752" /><T76/><N who="0" m="31008" /><T68/><D124/><U85/><E34/><V67/><F112/><T105/><D133/><U122/><N who="1" m="31264" /><U80/><E71/><V86/><F2/><T57/><D68/><U55/><E108/><V95/><F67/><T106/><D131/><U125/><E129/><V101/><F127/><T59/><D113/><U1/><E1/><V41/><F41/><T64/><D103/><U48/><E125/><V58/><F58/><T132/><D132/><U78/><E40/><V0/><F0/><T130/><D130/><U110/><E110/><V61/><F61/><T109/><D109/><U49/><E80/><V46/><F46/><T100/><D100/><U53/><E102/><V44/><F44/><T3/><D3/><U117/><E55/><V128/><F111/><T73/><D64/><U70/><E70/><V94/><F128/><T38/><D77/><U90/><E90/><V134/><AGARI ba="0,0" hai="72,74,75,86,88,91,92,94,95,96,99,101,134,135" machi="134" ten="40,8000,1" yaku="0,1,34,3,54,1" doraHai="51" who="2" fromWho="2" sc="140,-40,340,-40,570,80,0,0" /><INIT seed="2,1,0,0,2,47" ten="100,300,650,0" oya="2" hai0="42,56,122,46,118,39,85,123,50,121,59,124,63" hai1="119,109,58,113,129,93,75,135,102,40,32,96,103" hai2="33,67,3,69,65,95,45,114,131,55,77,60,90" hai3=""/><V98/><F114/><T120/><N who="0" m="30752" /><T43/><D118/><U44/><E113/><V99/><F3/><T74/><D74/><U115/><E115/><V83/><F131/><T64/><D124/><U101/><E129/><V97/><F67/><T73/><D73/><U104/><E32/><V111/><F111/><T89/><D43/><U92/><E104/><V37/><F37/><T133/><D133/><U86/><E75/><V107/><F107/><T72/><D72/><U71/><E71/><V54/><F54/><T80/><REACH who="0" step="1"/><D39/><REACH who="0" ten="90,300,650,0" step="2"/><U82/><E40/><V106/><F33/><T105/><D105/><U126/><E135/><V88/><F106/><T52/><D52/><U53/><E53/><V108/><F55/><T68/><AGARI ba="1,1" hai="42,46,50,56,59,63,64,68,80,85,89,121,122,123" m="30752" machi="68" ten="30,6000,1" yaku="1,1,0,1,52,2,53,1" doraHai="47" doraHaiUra="66" who="0" fromWho="0" sc="90,72,300,-21,650,-41,0,0" /><INIT seed="4,0,0,0,4,110" ten="162,279,609,0" oya="0" hai0="88,93,115,125,70,102,59,80,117,104,91,76,71" hai1="61,41,131,65,124,126,103,45,3,44,122,129,57" hai2="50,55,95,37,121,54,132,109,96,48,60,116,64" hai3=""/><T53/><D117/><U72/><N who="1" m="31264" /><U0/><E72/><V123/><N who="2" m="31008" /><V97/><N who="2" m="31520" /><V56/><F109/><T81/><D125/><N who="1" m="48235" /><E103/><V133/><F37/><T79/><D104/><U2/><E45/><V107/><F107/><T35/><D102/><U85/><E85/><V100/><F97/><T98/><D35/><U99/><E99/><V51/><F116/><T38/><D38/><AGARI ba="0,0" hai="0,2,3,38,41,44,57,61,65,129,131" m="48235,31264" machi="38" ten="40,2600,0" yaku="18,1,52,1" doraHai="110" who="1" fromWho="0" sc="162,-26,279,26,609,0,0,0" /><INIT seed="5,0,0,4,5,37" ten="136,305,609,0" oya="1" hai0="82,103,91,116,55,65,131,110,68,124,121,118,78" hai1="71,111,95,47,114,62,99,102,92,41,119,64,50" hai2="76,46,128,83,32,134,70,38,79,115,75,2,98" hai3=""/><U43/><E119/><V113/><F134/><T93/><N who="0" m="31008" /><T88/><D110/><U56/><E111/><V101/><F32/><T90/><D55/><U61/><E114/><V106/><F70/><T80/><D65/><U67/><E92/><V35/><F2/><T85/><D68/><U69/><E56/><V63/><F128/><T57/><D57/><U53/><AGARI ba="0,0" hai="41,43,47,50,53,61,62,64,67,69,71,95,99,102" machi="53" ten="20,8000,1" yaku="0,1,7,1,9,1,52,2" doraHai="37" who="1" fromWho="1" sc="136,-40,305,80,609,-40,0,0" /><INIT seed="5,1,0,1,0,79" ten="96,385,569,0" oya="1" hai0="80,110,102,42,43,51,92,108,132,73,47,59,124" hai1="128,95,129,115,117,41,107,69,36,39,88,32,49" hai2="86,131,56,87,101,119,45,44,3,135,46,70,54" hai3=""/><U72/><E117/><V77/><F3/><T90/><D132/><U76/><E107/><V37/><F70/><T50/><D124/><U89/><E32/><V94/><F37/><T74/><D102/><U0/><E0/><V60/><F131/><N who="1" m="50249" /><E69/><V57/><F135/><T58/><D92/><U130/><E115/><V123/><N who="2" m="31520" /><V126/><F126/><T66/><D90/><N who="1" m="34923" /><E95/><V122/><N who="2" m="31264" /><V112/><F112/><T97/><D66/><U55/><E41/><V116/><F116/><T83/><REACH who="0" step="1"/><D47/><REACH who="0" ten="86,385,569,0" step="2"/><U103/><E103/><V93/><F45/><T38/><D38/><U113/><E130/><V127/><F101/><T71/><D71/><U64/><E64/><V100/><F100/><T109/><D109/><U65/><E65/><V120/><F94/><T2/><D2/><U134/><E113/><V114/><F93/><T133/><D133/><U75/><E134/><V125/><F114/><T105/><D105/><U53/><E39/><V40/><F127/><T111/><D111/><U35/><E36/><V106/><F125/><T48/><D48/><U34/><E49/><V121/><F106/><T63/><D63/><U62/><E62/><V98/><F60/><T99/><AGARI ba="1,1" hai="42,43,50,51,58,59,73,74,80,83,97,99,108,110" machi="99" ten="25,9000,2" yaku="1,1,0,1,22,2,52,2,53,0" doraHai="79" doraHaiUra="118" who="0" fromWho="0" sc="86,102,385,-61,569,-31,0,0" /><INIT seed="6,0,0,4,1,110" ten="188,324,538,0" oya="2" hai0="106,55,61,85,60,82,124,78,134,54,130,47,118" hai1="67,107,76,94,3,88,115,68,101,57,70,99,105" hai2="112,123,59,50,33,35,42,73,63,103,133,98,108" hai3=""/><V97/><N who="2" m="31520" /><V95/><F112/><T51/><D134/><U36/><E115/><V87/><F73/><T66/><D130/><U96/><E3/><V74/><F87/><T127/><D106/><U65/><E36/><V91/><F74/><T114/><D114/><U100/><E76/><V58/><F91/><T79/><D118/><U34/><E34/><V86/><F50/><T48/><D85/><U109/><E109/><V117/><F86/><T77/><D82/><U128/><E128/><V104/><F117/><T135/><D135/><U43/><E43/><V56/><F42/><T121/><N who="0" m="31008" /><T49/><D47/><U116/><E116/><V84/><F133/><T62/><D66/><U83/><E83/><V39/><F39/><T45/><D45/><U113/><E113/><V69/><F108/><T119/><D119/><U0/><E0/><V122/><F122/><T72/><D72/><U53/><E67/><V75/><F35/><T129/><D129/><U44/><E65/><V126/><F33/><T81/><D81/><U41/><E44/><V89/><F104/><T111/><D111/><U131/><E107/><V40/><F40/><T120/><N who="0" m="30752" /><T93/><D93/><U1/><E94/><V46/><F95/><RYUUKYOKU ba="0,0" sc="188,20,324,-10,538,-10,0,0" hai0="48,49,51,54,55,60,61,62,77,78,79,124,127" owari="208,-39.0,314,-9.0,528,48.0,0,0.0" /></mjloggm>