<mjloggm ver="2.3"><GO type="185" lobby="0"/><UN n0="%6B%2D%70%6F%69%6E%74" n1="%E7%A9%BA%E3%81%AB%E8%8A%B1%E7%81%AB" n2="%4D%55%54%41%E3%81%A1%E3%82%83%E3%82%93" n3="" dan="17,17,16,0" rate="2286.96,2210.98,2179.06,1500.00" sx="M,M,M,C"/><TAIKYOKU oya="0"/><INIT seed="0,0,0,5,3,42" ten="350,350,350,0" oya="0" hai0="59,107,126,135,48,71,62,125,41,2,67,130,81" hai1="56,133,47,109,36,87,61,103,0,80,49,86,127" hai2="100,108,65,96,53,60,104,63,74,121,95,72,51" hai3=""/><T73/><D2/><U55/><E0/><V68/><N who="2" m="31008" /><V46/><F108/><T78/><D107/><U102/><E133/><V134/><F134/><T84/><D135/><U69/><E109/><V105/><REACH who="2" step="1"/><F60/><REACH who="2" ten="350,350,340,0" step="2"/><T39/><D130/><U77/><E127/><V90/><F90/><T97/><D125/><U106/><E103/><V132/><F132/><T129/><D126/><U52/><E102/><V85/><F85/><T57/><D129/><U112/><E87/><V44/><F44/><T111/><D111/><U1/><E1/><V91/><F91/><T76/><D84/><U123/><E86/><V128/><F128/><T113/><D62/><U120/><E61/><V45/><F45/><T83/><D73/><AGARI ba="0,1" hai="46,51,53,63,65,68,72,73,74,95,96,100,104,105" m="31008" machi="73" ten="40,5200,0" yaku="1,1,52,2,53,0" doraHai="42" doraHaiUra="34" who="2" fromWho="0" sc="350,-52,350,0,340,62,0,0" /><INIT seed="1,0,0,2,3,34" ten="298,350,402,0" oya="1" hai0="98,99,111,101,38,135,94,107,115,57,2,125,62" hai1="133,106,95,126,41,105,80,55,92,77,132,82,81" hai2="89,60,116,68,48,44,56,134,121,42,54,52,127" hai3=""/><U123/><N who="1" m="31520" /><U85/><E41/><V39/><N who="2" m="31008" /><V73/><F116/><T47/><D115/><U79/><E55/><V110/><F110/><T66/><D111/><U103/><E126/><V76/><F127/><T37/><D125/><U108/><E108/><V87/><F73/><T109/><D109/><U65/><E65/><V53/><F76/><N who="1" m="29257" /><E85/><V3/><F134/><N who="1" m="51817" /><E103/><V32/><F32/><T112/><D135/><U122/><N who="1" m="31264" /><U75/><E75/><V50/><F3/><T63/><D2/><U35/><E35/><V49/><REACH who="2" step="1"/><F68/><REACH who="2" ten="298,350,392,0" step="2"/><T69/><D69/><U74/><E74/><V104/><F104/><AGARI ba="0,1" hai="80,81,82,92,95,104,105,106" m="31264,51817,29257,31520" machi="104" ten="40,18000,2" yaku="28,2,20,1,34,2,52,2" doraHai="34" who="1" fromWho="2" sc="298,0,350,190,392,-180,0,0" /><INIT seed="1,1,0,2,4,2" ten="298,540,212,0" oya="1" hai0="62,129,87,79,122,32,120,38,114,67,84,74,94" hai1="66,130,92,126,58,60,41,93,37,125,64,110,85" hai2="134,132,99,76,72,86,39,34,57,118,123,91,116" hai3=""/><U88/><E130/><V69/><N who="2" m="31520" /><V133/><F69/><T103/><N who="0" m="30752" /><T121/><N who="0" m="31008" /><T46/><N who="0" m="31264" /><T70/><D129/><U51/><E110/><V3/><F3/><T102/><D114/><U33/><E33/><V61/><F39/><T131/><D131/><U75/><E75/><V65/><F99/><T135/><D135/><U55/><E92/><V50/><F34/><T124/><D124/><N who="1" m="47723" /><E37/><V111/><F111/><T101/><D32/><U107/><E107/><V63/><F50/><T97/><D74/><U53/><E41/><V1/><F1/><T48/><D38/><U54/><E66/><V49/><F72/><T59/><D70/><AGARI ba="1,0" hai="51,53,54,55,58,60,64,70,85,88,93" m="47723" machi="70" ten="30,2900,0" yaku="18,1,54,1" doraHai="2" who="1" fromWho="0" sc="298,-31,540,31,212,0,0,0" /><INIT seed="1,2,0,0,0,83" ten="267,571,212,0" oya="1" hai0="119,94,44,112,35,118,111,129,46,100,39,102,32" hai1="89,54,113,72,78,93,131,103,68,33,121,51,43" hai2="56,122,90,134,85,49,116,37,67,1,97,58,38" hai3=""/><U36/><E33/><V60/><N who="2" m="31264" /><V110/><F116/><N who="0" m="44586" /><D111/><U0/><N who="1" m="31008" /><U63/><E0/><V45/><F1/><T73/><D73/><U62/><E103/><V84/><F110/><T57/><D112/><U69/><E113/><V99/><F134/><T70/><D70/><U86/><E131/><V80/><F58/><T50/><D129/><U79/><E43/><V3/><F3/><T104/><D104/><U98/><E36/><V47/><F47/><T77/><D39/><U91/><E72/><V34/><F34/><T115/><D115/><U106/><E106/><V59/><F59/><T41/><D57/><U108/><E69/><V109/><F109/><T61/><D32/><U65/><E108/><V64/><F64/><T105/><D35/><U40/><E63/><V53/><F38/><T88/><D61/><U81/><E40/><V126/><F37/><T133/><D105/><U2/><E2/><V101/><F101/><T75/><D102/><U96/><E98/><V82/><F126/><T135/><D100/><U95/><E81/><V66/><F66/><T87/><D135/><U120/><N who="1" m="30752" /><U114/><E114/><V130/><F130/><T132/><D133/><U74/><E65/><V107/><F107/><RYUUKYOKU ba="2,0" sc="267,-10,571,-10,212,20,0,0" hai2="45,49,53,56,60,67,80,82,84,85,90,97,99" /><INIT seed="2,3,0,3,2,70" ten="257,561,232,0" oya="2" hai0="82,57,116,81,69,112,103,72,84,128,114,135,95" hai1="129,104,127,122,37,54,123,126,74,78,34,132,92" hai2="67,35,61,50,36,32,113,117,101,94,118,79,124" hai3=""/><V52/><F113/><N who="0" m="43626" /><D69/><U91/><N who="1" m="31264" /><U77/><N who="1" m="31520" /><U134/><E34/><V53/><F124/><N who="1" m="47657" /><E37/><V68/><F36/><T65/><D65/><U115/><E104/><V1/><F79/><N who="1" m="30217" /><E115/><V125/><F1/><T41/><D41/><U83/><E83/><V47/><F125/><T62/><D72/><U107/><E107/><V48/><F35/><T133/><D81/><U93/><E54/><V119/><F32/><T46/><D82/><U58/><E58/><V97/><REACH who="2" step="1"/><F119/><REACH who="2" ten="257,561,222,0" step="2"/><T121/><D116/><U90/><E74/><V96/><F96/><T76/><D121/><U87/><E129/><V44/><AGARI ba="3,1" hai="44,47,48,50,52,53,61,67,68,94,97,101,117,118" machi="44" ten="20,12000,2" yaku="1,1,0,1,7,1,9,1,54,1,53,1" doraHai="70" doraHaiUra="98" who="2" fromWho="2" sc="257,-63,561,-63,222,136,0,0" /><INIT seed="2,4,0,3,5,40" ten="194,498,358,0" oya="2" hai0="135,120,89,100,96,109,77,39,78,62,76,41,87" hai1="115,98,3,51,35,82,71,84,99,104,122,33,64" hai2="42,121,91,70,117,113,130,118,86,112,88,61,103" hai3=""/><V81/><N who="2" m="31008" /><V108/><F42/><T73/><N who="0" m="30752" /><T83/><D109/><U0/><N who="1" m="31264" /><U92/><E115/><N who="2" m="44107" /><F61/><T94/><D135/><U67/><E92/><V59/><F59/><T95/><D62/><U116/><E116/><N who="2" m="44651" /><F70/><T46/><AGARI ba="4,0" hai="39,41,46,73,76,77,78,83,87,89,94,95,96,100" m="30752" machi="46" ten="30,3000,0" yaku="0,1,52,2" doraHai="40" who="0" fromWho="0" sc="194,38,498,-14,358,-24,0,0" /><INIT seed="4,0,0,4,3,33" ten="232,484,334,0" oya="0" hai0="42,61,76,41,77,115,37,108,52,102,35,1,68" hai1="62,34,98,90,86,123,129,47,85,100,126,132,119" hai2="112,128,97,2,83,120,46,36,43,99,57,84,116" hai3=""/><T96/><D35/><U45/><N who="1" m="31520" /><U59/><E34/><V104/><N who="2" m="30752" /><V48/><F112/><T111/><D115/><U54/><E119/><V117/><F128/><T69/><D1/><U70/><E132/><V53/><F2/><T82/><D37/><U89/><E129/><V51/><F36/><T130/><D130/><U0/><E0/><V38/><F38/><T39/><D39/><U72/><E126/><V131/><F131/><T101/><D61/><U66/><E72/><V88/><REACH who="2" step="1"/><F104/><REACH who="2" ten="232,484,324,0" step="2"/><T118/><D118/><AGARI ba="0,1" hai="43,46,48,51,53,57,83,84,88,97,99,116,117,118" m="30752" machi="118" ten="40,12000,2" yaku="1,1,2,1,12,1,52,1,54,1,53,1" doraHai="33" doraHaiUra="87" who="2" fromWho="0" sc="232,-120,484,0,324,130,0,0" /><INIT seed="5,0,0,2,0,1" ten="112,484,454,0" oya="1" hai0="0,53,110,35,80,77,65,133,56,104,83,3,134" hai1="97,73,88,91,129,95,36,52,75,101,76,131,78" hai2="115,70,71,105,100,44,37,89,108,59,102,94,92" hai3=""/><U99/><E36/><V109/><F105/><T57/><D104/><U45/><E45/><V79/><F79/><N who="1" m="30249" /><E52/><V135/><F89/><N who="1" m="34377" /><E97/><V60/><F59/><T66/><D53/><U112/><E112/><V123/><N who="2" m="31520" /><V82/><F60/><T63/><D77/><U67/><E67/><V119/><F115/><T42/><D63/><U121/><N who="1" m="31008" /><U111/><E111/><V64/><F37/><T130/><D110/><U120/><N who="1" m="30752" /><U96/><E99/><V74/><F44/><T84/><D42/><U38/><E38/><V118/><F64/><T87/><REACH who="0" step="1"/><D130/><AGARI ba="0,0" hai="73,75,95,96,101,129,130,131" m="30752,31008,34377,30249" machi="130" ten="30,18000,2" yaku="19,1,34,2,52,2,54,1" doraHai="1" who="1" fromWho="0" sc="112,-180,484,180,454,0,0,0" owari="-68,-67.0,664,62.0,454,5.0,0,0.0" /></mjloggm>