<mjloggm ver="2.3"><GO type="169" lobby="0"/><UN n0="%E3%81%94%E3%82%8B%E3%81%A3" n1="%E7%A5%9E%E4%BB%99%E9%85%B5%E6%AF%8D" n2="%E3%83%90%E3%82%AD" n3="%E3%83%94%E3%83%B3%E3%82%B5%E3%83%AD%E5%BA%97%E5%93%A1" dan="16,19,17,18" rate="2169.92,2288.66,2195.04,2220.04" sx="M,M,M,M"/><TAIKYOKU oya="0"/><INIT seed="0,0,0,5,3,122" ten="250,250,250,250" oya="0" hai0="117,62,115,134,50,22,16,30,128,79,91,34,106" hai1="29,93,105,1,131,48,78,43,80,9,121,57,36" hai2="129,94,13,133,4,40,23,33,88,7,85,47,107" hai3="2,14,37,110,32,113,25,17,73,98,135,12,65"/><T86/><D115/><U120/><E105/><V75/><F33/><W74/><G37/><T108/><D117/><U55/><E131/><V61/><F129/><W103/><G2/><T76/><D128/><U124/><E124/><V69/><F107/><W15/><G113/><T101/><D134/><U82/><E82/><V11/><F133/><W24/><G135/><T21/><D34/><U58/><E93/><V64/><F75/><W125/><G125/><T5/><D5/><U60/><E29/><V35/><F35/><W127/><G127/><T92/><D50/><U6/><E36/><V3/><F23/><W53/><G65/><T84/><D84/><U132/><E132/><V71/><F71/><W68/><G68/><T72/><D62/><U126/><E126/><V8/><F47/><W119/><G53/><T77/><D22/><U26/><E26/><V59/><REACH who="2" step="1"/><F69/><REACH who="2" ten="250,250,240,250" step="2"/><W63/><G32/><T19/><D72/><U104/><E104/><V39/><F39/><W31/><G74/><T96/><REACH who="0" step="1"/><D108/><REACH who="0" ten="240,250,240,250" step="2"/><U54/><E121/><V112/><F112/><W97/><G110/><T0/><D0/><U102/><E120/><V81/><F81/><W118/><G73/><T87/><D87/><U123/><E80/><V109/><F109/><W90/><G119/><T28/><D28/><U18/><E123/><V111/><F111/><W38/><G31/><T95/><D95/><U89/><E1/><V70/><F70/><W99/><G118/><T114/><D114/><U83/><E83/><V10/><F10/><N who="3" m="6295" /><G38/><T20/><D20/><U41/><E9/><V42/><AGARI ba="0,2" hai="3,4,7,8,11,13,40,42,59,61,64,85,88,94" machi="42" ten="30,8000,1" yaku="1,1,5,1,0,1,54,1,53,1" doraHai="122" doraHaiUra="56" who="2" fromWho="2" sc="240,-40,250,-20,240,100,250,-20" /><INIT seed="1,0,0,2,5,77" ten="200,230,340,230" oya="1" hai0="7,46,112,75,37,45,90,125,62,55,63,88,91" hai1="47,30,4,65,36,94,73,35,95,6,31,135,108" hai2="17,133,103,19,99,59,101,53,56,51,134,92,106" hai3="54,48,116,39,49,11,9,23,52,100,123,121,107"/><U104/><E104/><V15/><F59/><W111/><G39/><T28/><D112/><U115/><E115/><V38/><F38/><W70/><G70/><T1/><D75/><U2/><E73/><V105/><F17/><W132/><G111/><T33/><D1/><U72/><E72/><V84/><F84/><W85/><G132/><N who="2" m="50793" /><F103/><W81/><G116/><T20/><D33/><U129/><E36/><V126/><F126/><W128/><G128/><T109/><D109/><U43/><E129/><V83/><F83/><W50/><G23/><AGARI ba="0,0" hai="15,19,23,51,53,56,92,99,101,105,106" m="50793" machi="23" ten="30,1000,0" yaku="20,1" doraHai="77" who="2" fromWho="3" sc="200,0,230,0,340,10,230,-10" /><INIT seed="2,0,0,5,4,73" ten="200,230,350,220" oya="2" hai0="74,52,23,42,76,46,99,21,49,122,95,24,128" hai1="129,22,19,107,3,89,101,7,37,29,43,6,65" hai2="50,36,15,16,104,41,81,30,47,32,55,68,78" hai3="4,31,113,86,77,14,5,40,8,111,79,38,72"/><V135/><F104/><W110/><G72/><T12/><D122/><U80/><E129/><V0/><F0/><W87/><G31/><T82/><D128/><U20/><E65/><V39/><F135/><W69/><G69/><T102/><D12/><U114/><E114/><V83/><F68/><W132/><G132/><T48/><REACH who="0" step="1"/><D24/><REACH who="0" ten="190,230,350,220" step="2"/><U109/><E3/><V60/><F32/><W62/><G113/><T119/><D119/><U66/><E109/><N who="3" m="41482" /><G5/><T91/><D91/><U35/><E89/><V105/><F36/><W34/><G34/><T94/><D94/><U28/><E37/><V70/><F39/><W124/><G124/><T11/><D11/><U61/><E7/><V63/><F105/><W9/><G9/><T100/><D100/><U120/><E101/><V44/><F15/><W90/><G90/><T64/><D64/><U88/><E66/><V13/><F13/><W27/><G27/><T98/><D98/><U26/><E88/><V118/><F118/><W51/><G38/><T103/><D103/><U58/><E26/><V18/><F18/><W92/><G92/><T97/><D97/><U134/><E19/><V67/><F16/><W56/><G14/><T10/><D10/><U75/><E134/><V106/><F106/><W1/><G8/><T85/><D85/><N who="3" m="32265" /><G4/><T131/><D131/><U54/><E6/><V117/><F117/><W112/><G1/><T121/><D121/><U33/><E120/><V126/><F67/><N who="3" m="39367" /><G112/><T96/><D96/><U71/><E107/><V130/><F130/><W123/><G123/><T45/><AGARI ba="0,1" hai="21,23,42,45,46,48,49,52,74,76,82,95,99,102" machi="45" ten="20,8000,1" yaku="1,1,0,1,7,1,52,1,54,1,53,0" doraHai="73" doraHaiUra="108" who="0" fromWho="0" sc="190,90,230,-20,350,-40,220,-20" /><INIT seed="3,0,0,3,3,41" ten="280,210,310,200" oya="3" hai0="64,96,38,42,12,22,88,129,97,77,100,124,2" hai1="131,81,59,35,25,63,83,125,111,89,58,29,76" hai2="54,102,71,114,85,5,55,17,23,19,49,87,93" hai3="123,62,74,14,79,127,108,18,80,9,8,60,56"/><W95/><G123/><T21/><D2/><U37/><E111/><V126/><F114/><W48/><G127/><T109/><D109/><U82/><E125/><V6/><F71/><W101/><G108/><T30/><D124/><U46/><E131/><V84/><F126/><W128/><G128/><T107/><D77/><U20/><E59/><V44/><F55/><W103/><G60/><T120/><D120/><U122/><E89/><V117/><F117/><W15/><G95/><T34/><D64/><U86/><E35/><V75/><F75/><W26/><G26/><T3/><D3/><U47/><E37/><V70/><F70/><W65/><REACH who="3" step="1"/><G48/><REACH who="3" ten="280,210,310,190" step="2"/><T135/><D129/><U66/><E122/><V50/><F50/><W43/><G43/><T104/><D42/><U33/><E33/><V78/><F78/><W133/><G133/><T53/><D38/><U39/><E39/><V16/><F23/><W92/><G92/><T94/><D135/><U72/><E72/><V121/><F121/><W52/><G52/><T31/><D53/><U106/><E106/><V36/><F36/><W32/><G32/><T45/><D34/><U11/><E76/><V115/><F115/><W130/><G130/><T99/><D107/><U68/><E63/><V69/><F69/><W61/><G61/><T132/><D132/><U24/><E68/><V116/><F116/><W10/><G10/><T134/><D134/><U57/><E11/><V7/><F102/><W112/><G112/><T27/><D104/><U113/><E113/><V73/><F93/><W98/><G98/><T40/><D99/><RYUUKYOKU ba="0,1" sc="280,-15,210,-15,310,15,190,15" hai2="5,6,7,16,17,19,44,49,54,73,84,85,87" hai3="8,9,14,15,18,56,62,65,74,79,80,101,103" /><INIT seed="3,1,1,3,3,110" ten="265,195,325,205" oya="3" hai0="118,32,82,116,19,26,62,96,123,28,16,101,95" hai1="35,7,37,109,72,88,99,76,60,8,84,56,11" hai2="6,9,83,90,55,59,14,70,69,120,43,57,52" hai3="41,127,79,113,126,30,78,18,75,54,124,133,51"/><W92/><G133/><T80/><D123/><U24/><E109/><V87/><F120/><W97/><G75/><T122/><D122/><U108/><E108/><V98/><F43/><W93/><G41/><T33/><D33/><U105/><E37/><V86/><F98/><W4/><G30/><T134/><D134/><U46/><E46/><V23/><F23/><W39/><G39/><T27/><D62/><U22/><E35/><V125/><F125/><W17/><G4/><T67/><D67/><U77/><E72/><V81/><F70/><W44/><G113/><T15/><D26/><U5/><E99/><V10/><F69/><W65/><G93/><T1/><D19/><N who="3" m="7177" /><G65/><T131/><D1/><U63/><E105/><V25/><F25/><W91/><AGARI ba="1,1" hai="44,51,54,78,79,91,92,97,124,126,127" m="7177" machi="91" ten="40,2100,0" yaku="18,1" doraHai="110" who="3" fromWho="3" sc="265,-8,195,-8,325,-8,205,34" /><INIT seed="3,2,0,2,4,95" ten="257,187,317,239" oya="3" hai0="94,27,60,21,131,51,7,24,132,128,46,83,44" hai1="61,104,16,55,35,102,88,130,52,36,42,122,48" hai2="58,33,19,118,81,77,39,62,66,38,23,69,121" hai3="111,110,103,97,17,68,86,93,80,79,45,106,76"/><W126/><G68/><T87/><D132/><U65/><E122/><V4/><F118/><W120/><G120/><T96/><D7/><U98/><E130/><N who="0" m="49705" /><D60/><U108/><E108/><N who="3" m="41514" /><G126/><T105/><D105/><U29/><E36/><V49/><F33/><W115/><G115/><T47/><D51/><U101/><E101/><V125/><F4/><W25/><G45/><T30/><D24/><U0/><E0/><V31/><F125/><W82/><G17/><T129/><N who="0" m="49713" /><T6/><DORA hai="85" /><D6/><U124/><E124/><V71/><F121/><W64/><G25/><T20/><D20/><U112/><E112/><V28/><F38/><W107/><G64/><T78/><D47/><N who="1" m="25719" /><E104/><V127/><F39/><W75/><AGARI ba="2,0" hai="75,76,79,80,82,86,93,97,103,106,107" m="41514" machi="75" ten="30,12000,1" yaku="14,1,10,1,34,2,52,1" doraHai="95,85" who="3" fromWho="3" sc="257,-42,187,-42,317,-42,239,126" /><INIT seed="3,3,0,3,4,116" ten="215,145,275,365" oya="3" hai0="115,133,121,53,47,0,13,16,110,134,64,14,75" hai1="118,40,11,101,98,2,87,36,120,9,61,97,93" hai2="51,19,7,65,32,84,35,23,15,102,132,38,24" hai3="20,86,5,63,81,125,91,83,79,99,80,39,123"/><W37/><G125/><T127/><D75/><U103/><E118/><V25/><F38/><W130/><G130/><T26/><D0/><U69/><E36/><V27/><F65/><W78/><G5/><T34/><D127/><U72/><E72/><V59/><F102/><W88/><G123/><T92/><D110/><U111/><E111/><V108/><F108/><W6/><G6/><T126/><D126/><U60/><E40/><V45/><F59/><W135/><G135/><N who="0" m="51723" /><D64/><U1/><E87/><V112/><F112/><W113/><G113/><T48/><D115/><U41/><E41/><V30/><F132/><W124/><G124/><T89/><D121/><U106/><E69/><V131/><F131/><W82/><G39/><T55/><D55/><U109/><E109/><V107/><F107/><W21/><G63/><T68/><D68/><U18/><E18/><V31/><F84/><N who="3" m="50183" /><G37/><T57/><D57/><U58/><E58/><V3/><F45/><W73/><G20/><N who="0" m="13575" /><D34/><N who="2" m="12842" /><F51/><W33/><G21/><T29/><D29/><U85/><E85/><AGARI ba="3,0" hai="13,14,47,48,53,85,89,92" m="13575,51723" machi="85" ten="30,2000,0" yaku="20,1,54,1" doraHai="116" who="0" fromWho="1" sc="215,29,145,-29,275,0,365,0" /><INIT seed="4,0,0,5,0,112" ten="244,116,275,365" oya="0" hai0="45,118,7,62,71,2,25,24,135,50,121,4,15" hai1="16,78,129,48,56,93,1,119,33,38,18,34,6" hai2="40,103,27,65,130,102,14,21,28,117,88,73,95" hai3="30,36,0,68,22,52,63,12,46,47,123,51,90"/><T91/><D121/><U110/><E38/><V81/><F130/><W5/><G123/><T72/><D2/><U77/><E110/><V19/><F40/><W128/><G128/><T84/><D72/><U85/><E129/><V64/><F117/><W74/><G74/><T127/><D118/><U116/><E1/><V132/><F132/><W89/><G0/><T70/><D135/><U80/><E6/><V66/><F81/><W87/><G36/><T69/><D62/><U92/><E80/><V58/><F58/><W134/><G134/><T101/><D101/><U99/><E56/><V86/><REACH who="2" step="1"/><F73/><REACH who="2" ten="244,116,265,365" step="2"/><W114/><G114/><T8/><D127/><U37/><E37/><V11/><AGARI ba="0,1" hai="11,14,19,21,27,28,64,65,66,86,88,95,102,103" machi="11" ten="30,8000,1" yaku="1,1,2,1,0,1,8,1,54,1,53,0" doraHai="112" doraHaiUra="32" who="2" fromWho="2" sc="244,-40,116,-20,265,90,365,-20" /><INIT seed="5,0,0,1,1,39" ten="204,96,355,345" oya="1" hai0="12,34,107,72,130,4,89,11,103,75,104,54,97" hai1="73,53,106,133,127,119,96,71,122,87,46,109,120" hai2="131,28,128,74,92,124,94,55,43,114,102,14,79" hai3="117,85,29,83,6,61,121,67,82,62,80,70,15"/><U69/><E119/><V20/><F124/><W7/><G121/><N who="1" m="46698" /><E73/><V135/><F135/><W115/><G117/><T58/><D107/><U123/><N who="1" m="46706" /><U126/><DORA hai="134" /><E87/><V2/><F2/><W99/><G115/><T91/><D34/><U0/><E0/><V84/><F74/><W118/><G118/><T18/><D130/><U45/><E133/><V31/><F114/><W56/><G85/><T77/><D75/><U68/><E106/><V116/><F116/><W49/><G29/><T66/><D77/><U3/><E96/><V47/><F55/><W60/><G99/><T38/><D72/><U1/><E53/><V57/><F79/><W40/><G15/><T8/><D66/><U50/><E3/><V63/><F84/><W59/><G70/><N who="1" m="17922" /><U95/><DORA hai="113" /><E95/><V23/><F92/><W90/><G90/><T86/><D86/><U110/><E1/><V132/><F94/><W78/><G78/><T81/><D81/><U24/><E24/><V52/><F132/><W10/><G10/><T48/><D38/><U19/><E19/><V17/><F131/><W27/><G27/><T125/><D125/><N who="1" m="47627" /><E50/><V98/><F52/><N who="3" m="33799" /><G61/><T22/><D11/><U51/><E51/><V32/><F63/><W30/><G30/><T88/><D91/><U41/><E41/><V129/><F129/><W36/><G36/><T26/><AGARI ba="0,0" hai="4,8,12,18,22,26,48,54,58,88,89,97,103,104" machi="26" ten="20,2700,0" yaku="0,1,7,1,54,1" doraHai="39,134,113" who="0" fromWho="0" sc="204,27,96,-13,355,-7,345,-7" /><INIT seed="6,0,0,1,5,129" ten="231,83,348,338" oya="2" hai0="100,126,131,26,28,5,79,32,37,133,98,69,29" hai1="68,122,81,89,84,109,88,8,117,64,41,101,128" hai2="52,15,19,6,82,115,94,27,54,2,113,85,91" hai3="72,111,121,55,1,107,73,106,90,24,17,123,43"/><V14/><F27/><W42/><G24/><T66/><D131/><U18/><E109/><V23/><F2/><W62/><G1/><T108/><D108/><U103/><E117/><V105/><F105/><W4/><G111/><T97/><D37/><U50/><E128/><V45/><F45/><W21/><G90/><T51/><D29/><U61/><E122/><V92/><F6/><W104/><G62/><T36/><D36/><U56/><E89/><V119/><F119/><W130/><G130/><T7/><D79/><U44/><REACH who="1" step="1"/><E68/><REACH who="1" ten="231,73,348,338" step="2"/><V13/><F115/><W31/><G123/><T71/><D71/><U96/><E96/><V77/><F113/><W70/><G70/><T35/><D97/><U134/><E134/><V99/><F94/><W74/><G107/><T83/><D133/><U80/><E80/><V114/><F114/><W38/><G106/><T132/><D83/><U53/><E53/><V120/><F120/><W112/><G55/><T57/><D132/><U135/><E135/><V95/><F92/><W65/><G104/><T30/><D98/><U48/><E48/><V49/><F54/><W124/><G38/><T127/><D51/><U78/><E78/><V22/><F52/><W87/><G121/><T102/><D69/><U110/><E110/><V116/><F49/><W118/><G118/><T39/><D39/><U12/><AGARI ba="0,1" hai="8,12,18,41,44,50,56,61,64,81,84,88,101,103" machi="12" ten="30,7900,0" yaku="1,1,0,1,8,1,54,1,53,0" doraHai="129" doraHaiUra="93" who="1" fromWho="1" sc="231,-20,73,89,348,-39,338,-20" /><INIT seed="7,0,0,3,2,26" ten="211,162,309,318" oya="3" hai0="123,73,17,15,40,89,75,21,47,88,58,20,50" hai1="95,84,121,61,70,56,87,37,22,43,5,28,48" hai2="132,134,77,25,135,46,100,105,98,65,49,42,68" hai3="93,2,24,53,102,125,19,38,120,74,96,63,27"/><W101/><G120/><T52/><D123/><U54/><E121/><V18/><F77/><W99/><G38/><T97/><D73/><U9/><E95/><V111/><F111/><W32/><G2/><T126/><D75/><U45/><E22/><N who="2" m="13527" /><F65/><W114/><G74/><T23/><D126/><U113/><E113/><V36/><F68/><W129/><G114/><T69/><D69/><U108/><E108/><V78/><F78/><W117/><G117/><T12/><D12/><U10/><E28/><V33/><F33/><W13/><G125/><T14/><D14/><U11/><REACH who="1" step="1"/><E5/><REACH who="1" ten="211,152,309,318" step="2"/><V66/><F66/><AGARI ba="0,1" hai="9,10,11,37,43,45,48,54,56,61,66,70,84,87" machi="66" ten="40,8000,1" yaku="1,1,2,1,24,2,53,0" doraHai="26" doraHaiUra="92" who="1" fromWho="2" sc="211,0,152,90,309,-80,318,0" owari="211,-29.0,242,4.0,229,-17.0,318,42.0" /></mjloggm>