<mjloggm ver="2.3"><GO type="169" lobby="0"/><UN n0="%E6%BC%82%E3%81%86" n1="%E3%81%82%E3%81%95%E3%81%B4%E3%82%93%EF%BC%A0%EF%BD%8D%EF%BD%8A" n2="%E4%B8%8A%E6%B5%B7%E3%83%8B%E3%83%83%E3%82%AF" n3="%E3%83%A9%E3%82%B9%E3%82%8B%E3%81%8B%E3%81%AA" dan="16,17,17,16" rate="2073.91,2151.76,2187.53,2134.06" sx="M,M,M,M"/><TAIKYOKU oya="0"/><INIT seed="0,0,0,1,5,49" ten="250,250,250,250" oya="0" hai0="31,6,119,2,117,1,98,74,108,10,22,60,75" hai1="85,59,8,129,35,55,24,12,33,104,101,128,51" hai2="94,39,58,122,71,102,112,64,65,32,63,18,99" hai3="43,114,116,11,127,70,100,97,91,124,132,54,25"/><T93/><D2/><U123/><E123/><V73/><F112/><W52/><G114/><T77/><D108/><U61/><E104/><V41/><F122/><W23/><G70/><T21/><D21/><U53/><E101/><V92/><F73/><W72/><G72/><T82/><D75/><U130/><E85/><V67/><F32/><W17/><G91/><T125/><D125/><N who="3" m="48201" /><G132/><T28/><D60/><U16/><REACH who="1" step="1"/><E24/><REACH who="1" ten="250,240,250,250" step="2"/><V14/><F94/><N who="3" m="58423" /><G116/><T135/><D135/><U110/><E110/><V40/><F71/><W66/><G66/><N who="2" m="25705" /><F39/><W95/><G95/><T69/><D119/><U80/><E80/><V76/><F76/><W38/><G11/><AGARI ba="0,1" hai="11,14,18,40,41,58,63,67,92,99,102" m="25705" machi="11" ten="30,1000,0" yaku="8,1" doraHai="49" who="2" fromWho="3" sc="250,0,240,0,250,20,250,-10" /><INIT seed="1,0,0,1,4,83" ten="250,240,270,240" oya="1" hai0="90,56,64,10,34,86,75,134,13,114,20,6,124" hai1="94,21,115,81,82,19,131,72,97,73,4,38,26" hai2="117,126,96,128,48,33,112,53,54,49,111,108,57" hai3="17,50,116,3,122,51,61,98,118,129,42,67,32"/><U16/><E115/><V68/><F33/><W87/><G3/><T88/><D114/><U2/><E38/><V37/><F112/><W0/><G0/><T14/><D75/><U58/><E131/><V39/><F96/><W106/><G122/><T62/><D34/><U22/><E2/><V121/><F121/><W30/><G17/><N who="0" m="10287" /><D124/><U18/><E4/><V52/><F128/><W63/><G63/><T101/><D101/><U11/><E73/><V8/><F8/><W77/><G129/><T9/><D9/><U135/><E135/><V71/><F117/><N who="3" m="45163" /><G42/><T35/><D35/><U47/><E47/><N who="2" m="27679" /><F126/><W36/><G36/><N who="2" m="13897" /><F54/><W40/><G40/><T130/><D130/><U85/><E72/><V7/><F7/><W29/><G106/><T44/><D134/><U70/><E70/><AGARI ba="0,0" hai="49,53,57,68,70,71,108,111" m="13897,27679" machi="70" ten="30,3900,0" yaku="34,2,54,1" doraHai="83" who="2" fromWho="1" sc="250,0,240,-39,270,39,240,0" /><INIT seed="2,0,0,4,2,27" ten="250,201,309,240" oya="2" hai0="35,44,96,118,60,72,45,41,49,81,43,125,52" hai1="93,30,102,90,82,113,69,99,12,104,86,13,110" hai2="23,48,6,120,71,62,112,89,95,19,83,70,17" hai3="130,4,76,134,8,122,61,22,100,74,84,63,7"/><V58/><F112/><W128/><G74/><T14/><D125/><U92/><E69/><V126/><F120/><W47/><G100/><T114/><D114/><U131/><E113/><V108/><F126/><W67/><G122/><T129/><D129/><N who="3" m="49769" /><G22/><T21/><D35/><U39/><E39/><V32/><F32/><W124/><G124/><T119/><D96/><U37/><E37/><V123/><F123/><W15/><G134/><T91/><D60/><N who="3" m="23113" /><G47/><T68/><D68/><U115/><E115/><V56/><F6/><N who="3" m="3479" /><G67/><T24/><D45/><U42/><E42/><V20/><F108/><W18/><G18/><T121/><D121/><U3/><E3/><V31/><F71/><W54/><G54/><T34/><D34/><U101/><E131/><V107/><F107/><W103/><G103/><T10/><D118/><U2/><E2/><V16/><F70/><W46/><G46/><T105/><D105/><U106/><E110/><V28/><F48/><W57/><G57/><N who="2" m="22121" /><F62/><W55/><G55/><T40/><D119/><U94/><E30/><N who="2" m="11307" /><F83/><AGARI ba="0,0" hai="4,7,76,83,84" m="3479,23113,49769" machi="83" ten="30,1000,0" yaku="19,1" doraHai="27" who="3" fromWho="2" sc="250,0,201,0,309,-10,240,10" /><INIT seed="3,0,0,1,1,33" ten="250,201,299,250" oya="3" hai0="100,59,120,119,90,121,62,1,20,116,22,45,95" hai1="96,11,105,41,24,29,17,133,47,82,76,32,89" hai2="46,79,54,111,55,126,28,48,86,101,102,69,135" hai3="65,36,5,131,0,72,130,113,16,18,80,117,67"/><W108/><G113/><T42/><D100/><U53/><E133/><V10/><F111/><W78/><G117/><T12/><D90/><U51/><E105/><V110/><F126/><W7/><G36/><T6/><D95/><U75/><E96/><V115/><F115/><W49/><G49/><T77/><D77/><U27/><E89/><V134/><F110/><W125/><G125/><T99/><D99/><U92/><E92/><V8/><F69/><W118/><G118/><N who="0" m="45099" /><D59/><U30/><E17/><N who="3" m="6762" /><G108/><T109/><D62/><U129/><E11/><V26/><F102/><W93/><G93/><T19/><D45/><U127/><E129/><N who="3" m="49162" /><G0/><T44/><D44/><U15/><E15/><V97/><F10/><W61/><G67/><T85/><D42/><U2/><E2/><V43/><F8/><W73/><G72/><T70/><D70/><AGARI ba="0,0" hai="5,7,61,65,70,73,78,80" m="49162,6762" machi="70" ten="30,2900,0" yaku="19,1,54,1" doraHai="33" who="3" fromWho="0" sc="250,-29,201,0,299,0,250,29" /><INIT seed="3,1,0,3,4,31" ten="221,201,299,279" oya="3" hai0="64,55,117,72,99,58,88,124,44,40,4,84,95" hai1="86,33,113,110,24,123,93,66,116,27,21,52,51" hai2="61,67,127,35,30,80,14,90,10,36,131,32,71" hai3="46,74,78,56,15,17,121,129,18,105,112,62,2"/><W130/><G2/><T125/><D72/><U134/><E123/><V25/><F36/><W41/><G105/><T12/><D117/><U65/><E113/><V81/><F131/><N who="3" m="50187" /><G112/><T114/><D64/><U54/><E116/><V38/><F38/><N who="3" m="21815" /><G121/><T23/><D114/><U47/><E110/><V37/><F37/><W98/><G98/><T6/><D124/><U108/><E108/><V103/><F127/><W45/><G45/><T63/><D125/><U70/><E134/><V69/><F69/><W135/><G135/><T89/><D44/><U5/><E5/><V82/><F103/><W104/><G104/><T49/><D40/><U79/><E54/><V1/><F1/><W34/><G34/><T48/><D4/><U106/><E106/><V101/><F101/><W133/><G133/><T97/><D97/><U22/><E33/><V0/><F0/><W76/><G74/><T43/><D43/><U94/><E70/><V3/><F3/><W73/><G73/><T7/><D7/><U28/><E93/><V29/><F29/><W119/><G119/><T132/><D132/><U11/><E11/><V42/><F42/><W8/><G17/><N who="0" m="10663" /><D6/><U60/><E94/><AGARI ba="1,0" hai="48,49,55,58,63,84,88,89,94,95,99" m="10663" machi="94" ten="30,2000,0" yaku="8,1,54,1" doraHai="31" who="0" fromWho="1" sc="221,23,201,-23,299,0,279,0" /><INIT seed="4,0,0,4,5,12" ten="244,178,299,279" oya="0" hai0="105,56,21,29,92,30,42,58,134,28,66,110,94" hai1="24,41,15,131,130,78,74,35,23,76,116,17,53" hai2="135,122,64,63,69,84,120,60,129,19,75,67,87" hai3="73,45,48,55,31,79,70,6,13,8,81,91,57"/><T99/><D105/><U101/><E116/><V108/><F108/><W34/><G70/><T47/><D110/><U18/><E41/><V71/><F75/><W100/><G100/><T102/><D134/><U54/><E101/><V118/><F135/><W0/><G31/><T96/><D21/><U7/><E7/><V119/><F129/><N who="1" m="49161" /><E35/><V3/><F3/><W36/><G34/><T93/><D66/><U98/><E98/><N who="0" m="37417" /><D102/><U32/><E32/><V25/><F25/><W26/><G26/><T125/><D125/><U50/><E74/><V117/><REACH who="2" step="1"/><F19/><REACH who="2" ten="244,178,289,279" step="2"/><N who="1" m="7177" /><E15/><V59/><F59/><N who="0" m="22570" /><D47/><N who="1" m="27871" /><E54/><V113/><F113/><W111/><G111/><T61/><D61/><U123/><E123/><AGARI ba="0,1" hai="60,63,64,67,69,71,84,87,117,118,119,120,122,123" machi="123" ten="50,6400,0" yaku="1,1,9,1,12,1,53,0" doraHai="12" doraHaiUra="52" who="2" fromWho="1" sc="244,0,178,-64,289,74,279,0" /><INIT seed="5,0,0,1,1,52" ten="244,114,363,279" oya="1" hai0="89,53,15,16,17,22,82,133,120,129,114,111,43" hai1="24,49,54,50,108,46,119,102,71,86,51,98,84" hai2="77,67,97,19,27,93,73,87,76,125,130,79,122" hai3="9,8,126,132,110,35,74,64,128,21,115,135,116"/><U100/><E119/><V30/><F122/><W61/><G74/><T23/><D111/><U90/><E71/><V60/><F130/><W134/><G110/><T66/><D114/><U131/><E108/><V45/><F125/><W127/><G35/><T124/><D124/><N who="3" m="47657" /><G115/><T68/><D129/><U31/><E131/><V6/><F19/><W4/><G128/><T91/><D68/><U103/><E98/><V78/><F45/><W38/><G38/><T5/><D66/><U106/><E106/><V7/><F87/><W105/><G105/><T28/><D28/><U101/><N who="1" m="25600" /><DORA hai="47" /><U81/><REACH who="1" step="1"/><E86/><REACH who="1" ten="244,104,363,279" step="2"/><V113/><F73/><W75/><G75/><T83/><D120/><U40/><E40/><V14/><F113/><W10/><G116/><T92/><D43/><U37/><E37/><V26/><F97/><W13/><G21/><AGARI ba="0,1" hai="21,24,31,46,49,50,51,54,81,84,90" m="25600" machi="21" ten="50,24000,3" yaku="1,1,8,1,52,3,53,4" doraHai="52,47" doraHaiUra="99,56" who="1" fromWho="3" sc="244,0,104,250,363,0,279,-240" /><INIT seed="5,1,0,2,3,56" ten="244,354,363,39" oya="1" hai0="78,119,135,86,68,69,83,27,16,79,94,114,89" hai1="120,34,129,87,103,134,59,91,113,47,14,19,7" hai2="71,104,97,58,115,54,101,80,98,65,128,99,33" hai3="109,102,93,35,57,81,41,75,43,73,67,4,124"/><U45/><E120/><V9/><F128/><W28/><G109/><T44/><D119/><U21/><E34/><V46/><F33/><W76/><G124/><T26/><D114/><U108/><E113/><V6/><F46/><W12/><G73/><T52/><D79/><U61/><E129/><V8/><F8/><W84/><G35/><T40/><D135/><U126/><E134/><V125/><F125/><W60/><G28/><T96/><D68/><U77/><E126/><V17/><F17/><W127/><G127/><T95/><D69/><U5/><E77/><V123/><F123/><W72/><G72/><T50/><D95/><U20/><E103/><V29/><F29/><W22/><G75/><T62/><D16/><N who="1" m="10263" /><E108/><V106/><F115/><W39/><G39/><T63/><D40/><U51/><E91/><V110/><F110/><W116/><G116/><T117/><D117/><U118/><E87/><V70/><F70/><W24/><G12/><T37/><D37/><U1/><E1/><V85/><F106/><W23/><G4/><N who="1" m="1610" /><E51/><V74/><F74/><W132/><G132/><T64/><D64/><N who="1" m="38975" /><E118/><V25/><F65/><W48/><G48/><T38/><D38/><U107/><E107/><V88/><F71/><W66/><G66/><T130/><D130/><U11/><E11/><V121/><F121/><W53/><G67/><T122/><D122/><U0/><E0/><V92/><F104/><W82/><G82/><T15/><D15/><AGARI ba="1,0" hai="15,19,21,45,47" m="38975,1610,10263" machi="15" ten="30,5800,0" yaku="8,1,52,1,54,1" doraHai="56" who="1" fromWho="0" sc="244,-61,354,61,363,0,39,0" /><INIT seed="5,2,0,2,0,40" ten="183,415,363,39" oya="1" hai0="77,116,0,127,15,14,113,131,91,32,58,55,44" hai1="52,121,1,106,126,82,124,24,50,103,109,79,56" hai2="23,120,3,119,78,129,117,128,88,118,51,22,85" hai3="54,81,133,107,37,71,108,115,4,33,64,39,47"/><U49/><E121/><V97/><F3/><W93/><G107/><T84/><D0/><U135/><E1/><V114/><F120/><W76/><G33/><T25/><D116/><U8/><E8/><V80/><F114/><W99/><G108/><T70/><D70/><U112/><E112/><V65/><F65/><W105/><G105/><T73/><D73/><U66/><E109/><V5/><F5/><W16/><G115/><T13/><D113/><U63/><E135/><V61/><F61/><W102/><G4/><T27/><D131/><N who="2" m="50250" /><F51/><W60/><G133/><T68/><D68/><U18/><E50/><V132/><F132/><W104/><G104/><T89/><D32/><U123/><E123/><V6/><F6/><W21/><G54/><T29/><D127/><N who="1" m="48683" /><E106/><V72/><F97/><W43/><G39/><T96/><D29/><U36/><E36/><V12/><F12/><W11/><G11/><T75/><D75/><N who="1" m="43391" /><E103/><V46/><F46/><W53/><G53/><T125/><D125/><U100/><E100/><V17/><F17/><W98/><G98/><T31/><D31/><U41/><E41/><V74/><F74/><W28/><G28/><T69/><D96/><U30/><E18/><V10/><F10/><W35/><G35/><T62/><D44/><N who="1" m="27687" /><E30/><V130/><N who="2" m="50258" /><V2/><DORA hai="26" /><F2/><W34/><G34/><T67/><D69/><U87/><E24/><V45/><F45/><W90/><G102/><T110/><D110/><U9/><E9/><V134/><F134/><W59/><G71/><T48/><D25/><U7/><E7/><V111/><F111/><RYUUKYOKU ba="2,0" sc="183,-15,415,15,363,15,39,-15" hai1="56,63,66,87" hai2="22,23,72,78,80,85,88,117,118,119" /><INIT seed="5,3,0,3,4,106" ten="168,430,378,24" oya="1" hai0="119,127,70,5,102,6,107,82,53,57,47,45,67" hai1="83,113,116,133,77,44,22,40,130,31,17,128,103" hai2="131,9,91,132,117,122,73,123,14,112,54,3,95" hai3="101,12,85,4,79,48,94,10,35,80,50,78,55"/><U100/><E116/><V34/><F117/><W16/><G35/><T125/><D119/><U62/><E31/><V98/><F3/><W24/><G79/><T134/><D70/><U18/><E113/><V63/><F34/><W52/><G24/><T66/><D107/><U88/><E133/><V25/><F132/><W0/><G101/><T8/><D102/><U32/><E32/><V28/><F131/><N who="1" m="50217" /><E62/><V38/><F38/><W60/><G94/><T129/><D129/><U30/><E30/><V19/><F112/><W110/><G110/><T76/><D134/><U41/><E41/><V23/><F73/><W120/><G120/><T69/><D69/><U135/><E17/><V92/><F92/><W11/><G60/><T90/><D125/><U84/><E77/><V7/><REACH who="2" step="1"/><F28/><REACH who="2" ten="168,430,368,24" step="2"/><W105/><REACH who="3" step="1"/><G105/><REACH who="3" ten="168,430,368,14" step="2"/><T65/><D127/><U37/><E135/><V2/><F2/><W43/><G43/><T33/><D33/><U126/><E126/><V124/><F124/><W111/><G111/><T96/><D82/><U58/><E83/><V89/><F89/><W59/><G59/><AGARI ba="3,2" hai="7,9,14,19,23,25,54,59,63,91,95,98,122,123" machi="59" ten="40,5200,0" yaku="1,1,25,2,53,0" doraHai="106" doraHaiUra="61" who="2" fromWho="3" sc="168,0,430,0,368,81,14,-61" owari="168,-23.0,430,23.0,449,55.0,-47,-55.0" /></mjloggm>