<mjloggm ver="2.3"><GO type="185" lobby="0"/><UN n0="%E3%82%8C%E3%81%99%E3%81%93" n1="%E6%9D%B1%E9%B3%B3" n2="%E5%B8%AB%E5%8C%A0%2F%E9%9B%80%E9%AC%BC" n3="" dan="16,17,17,0" rate="2243.13,2253.58,2218.69,1500.00" sx="F,M,M,C"/><TAIKYOKU oya="0"/><INIT seed="0,0,0,0,2,76" ten="350,350,350,0" oya="0" hai0="60,32,79,133,65,103,50,126,36,119,68,134,108" hai1="102,85,74,72,99,81,45,84,58,67,113,0,95" hai2="64,127,130,92,57,62,78,101,89,49,38,52,90" hai3=""/><T80/><D119/><U73/><E0/><V1/><F1/><T135/><D32/><U40/><E113/><V77/><F38/><T111/><D36/><U37/><E85/><V93/><F101/><T104/><D126/><U110/><E110/><N who="0" m="42025" /><D50/><U86/><E86/><V44/><F130/><T41/><D41/><U106/><E58/><V116/><F127/><T47/><D47/><U63/><E67/><V59/><F116/><T132/><D132/><U75/><E75/><V122/><N who="2" m="31264" /><V123/><N who="2" m="31520" /><V128/><F128/><T82/><D79/><N who="2" m="30218" /><F44/><T71/><D71/><U96/><E45/><V105/><F105/><T2/><D2/><U97/><E37/><V131/><F131/><T61/><D61/><U43/><E63/><V42/><F42/><T69/><D69/><U55/><E40/><V88/><AGARI ba="0,0" hai="49,52,57,59,62,64,88,89,90,92,93" m="30218,31520,31264" machi="88" ten="30,6000,1" yaku="8,1,52,2,54,2" doraHai="76" who="2" fromWho="2" sc="350,-40,350,-20,350,60,0,0" /><INIT seed="1,0,0,5,4,68" ten="310,330,410,0" oya="1" hai0="85,94,109,118,37,2,126,99,39,122,42,119,64" hai1="55,134,80,104,44,49,110,91,106,96,98,46,62" hai2="125,71,67,101,120,65,43,63,123,74,116,59,107" hai3=""/><U82/><E134/><V102/><N who="2" m="30752" /><V69/><N who="2" m="31520" /><V81/><F116/><N who="0" m="44586" /><D2/><U70/><E110/><V127/><F43/><T33/><N who="0" m="31264" /><T77/><D33/><U131/><E131/><V52/><F69/><T129/><D109/><U53/><E70/><V47/><F47/><T133/><D133/><U72/><E91/><V100/><F107/><T92/><D129/><U121/><N who="1" m="31008" /><U45/><E49/><V50/><REACH who="2" step="1"/><F67/><REACH who="2" ten="310,330,400,0" step="2"/><T34/><D64/><U79/><E44/><V114/><F114/><T115/><D42/><U35/><E45/><V76/><AGARI ba="0,1" hai="50,52,59,63,65,71,74,76,81,100,101,102,125,127" m="31520,30752" machi="76" ten="30,9000,2" yaku="1,1,0,1,52,2,54,1,53,1" doraHai="68" doraHaiUra="78" who="2" fromWho="2" sc="310,-30,330,-60,400,100,0,0" /><INIT seed="2,0,0,5,3,65" ten="280,270,500,0" oya="2" hai0="72,117,67,32,69,131,84,73,90,107,82,127,81" hai1="76,74,132,97,88,105,78,59,96,0,49,104,133" hai2="100,61,46,115,40,101,129,130,126,37,56,71,55" hai3=""/><V121/><N who="2" m="31008" /><V53/><F115/><T125/><D32/><U44/><E0/><V57/><F101/><T98/><D117/><U111/><E59/><V51/><F100/><T113/><D113/><U38/><E38/><V95/><F95/><T91/><D131/><N who="2" m="50186" /><F71/><T87/><D67/><U47/><E49/><V123/><F126/><N who="0" m="48138" /><D69/><U135/><E132/><V70/><F70/><T58/><D58/><U64/><E64/><V94/><F94/><T50/><D50/><U99/><E135/><V109/><F109/><T62/><D62/><U85/><E111/><V52/><F55/><T116/><D116/><U63/><E133/><V92/><F92/><T39/><D39/><U3/><E105/><V119/><F119/><T48/><D48/><U66/><E104/><V79/><F79/><T112/><D112/><U83/><E78/><V103/><F103/><AGARI ba="0,0" hai="72,73,81,82,84,87,90,91,98,103,107" m="48138" machi="103" ten="30,3900,0" yaku="18,1,34,2" doraHai="65" who="0" fromWho="2" sc="280,39,270,0,500,-39,0,0" /><INIT seed="4,0,0,2,5,52" ten="319,270,461,0" oya="0" hai0="88,117,87,83,128,104,48,72,47,56,66,70,119" hai1="40,109,80,37,121,34,127,67,65,39,134,50,35" hai2="105,78,32,84,59,135,106,129,55,115,114,3,54" hai3=""/><T102/><D128/><U96/><N who="1" m="31008" /><U123/><N who="1" m="31520" /><U82/><E50/><V79/><F3/><T81/><D70/><U112/><E40/><V99/><F32/><T36/><D36/><U91/><E91/><V94/><F129/><T131/><D131/><U1/><E96/><V46/><F135/><T118/><D104/><U49/><E49/><V103/><F46/><T122/><N who="0" m="31264" /><T64/><D102/><U42/><E42/><V38/><F38/><T0/><D0/><U71/><E71/><V92/><F84/><T2/><D2/><U98/><E98/><V74/><F99/><T113/><D113/><U73/><E112/><V53/><F53/><T69/><D69/><U75/><E1/><V125/><F74/><T51/><D48/><U43/><E43/><V110/><F103/><T101/><D101/><U61/><E134/><V89/><F89/><T58/><D66/><U124/><REACH who="1" step="1"/><E61/><REACH who="1" ten="319,260,461,0" step="2"/><V132/><F114/><T68/><D51/><U45/><E45/><V41/><F41/><T60/><REACH who="0" step="1"/><D47/><REACH who="0" ten="309,260,461,0" step="2"/><U44/><E44/><V108/><F115/><T95/><D95/><U97/><E97/><V107/><F107/><T57/><D57/><U85/><E85/><V120/><N who="2" m="30752" /><V86/><F106/><RYUUKYOKU ba="0,2" sc="309,10,260,10,461,-20,0,0" hai0="56,58,60,64,68,72,81,83,87,88,117,118,119" hai1="34,35,37,39,65,67,73,75,80,82,109,124,127" /><INIT seed="4,1,2,3,5,60" ten="319,270,441,0" oya="0" hai0="46,57,104,90,87,68,110,45,72,105,85,130,114" hai1="131,3,84,93,91,81,77,117,52,128,118,56,61" hai2="127,96,58,122,40,69,65,51,76,1,112,49,53" hai3=""/><T74/><D68/><U120/><N who="1" m="30752" /><U107/><E107/><V66/><N who="2" m="31264" /><V67/><F1/><T42/><D114/><U119/><REACH who="1" step="1"/><E3/><REACH who="1" ten="319,260,441,0" step="2"/><V36/><F112/><T116/><D105/><U86/><AGARI ba="1,3" hai="52,56,61,77,81,84,86,91,93,117,118,119,128,131" m="30752" machi="86" ten="40,6000,1" yaku="1,1,2,1,0,1,52,1,54,1,53,0" doraHai="60" doraHaiUra="35" who="1" fromWho="1" sc="319,-41,260,92,441,-21,0,0" /><INIT seed="5,0,0,0,0,80" ten="278,352,420,0" oya="1" hai0="41,38,1,131,60,124,113,73,121,93,71,89,50" hai1="36,106,34,82,119,70,114,81,133,72,129,68,2" hai2="125,104,74,83,76,32,84,85,128,69,98,92,0" hai3=""/><U118/><RYUUKYOKU type="yao9" ba="0,0" sc="278,0,352,0,420,0,0,0" hai1="2,34,36,68,70,72,81,82,106,114,118,119,129,133" /><INIT seed="5,1,0,5,4,46" ten="278,352,420,0" oya="1" hai0="109,64,127,105,94,117,111,42,81,104,133,32,84" hai1="50,39,114,36,113,91,132,125,112,65,108,38,86" hai2="58,101,129,70,62,123,89,75,122,128,96,52,88" hai3=""/><U120/><N who="1" m="30752" /><U110/><E125/><V66/><N who="2" m="31264" /><V3/><N who="2" m="31520" /><V34/><F75/><T93/><D32/><U60/><E132/><V83/><F3/><T124/><D64/><U80/><REACH who="1" step="1"/><E50/><REACH who="1" ten="278,342,420,0" step="2"/><V2/><F2/><T121/><N who="0" m="31008" /><T118/><D133/><U131/><E131/><N who="2" m="50251" /><F34/><T40/><D84/><U79/><E79/><V85/><F85/><T126/><D126/><U53/><E53/><V54/><F54/><T98/><D98/><U57/><AGARI ba="1,1" hai="36,38,39,57,60,65,80,86,91,108,110,112,113,114" m="30752" machi="57" ten="40,12000,2" yaku="1,1,0,1,15,1,52,1,53,3" doraHai="46" doraHaiUra="68" who="1" fromWho="1" sc="278,-61,342,132,420,-61,0,0" /><INIT seed="5,2,0,2,2,87" ten="217,474,359,0" oya="1" hai0="130,2,101,134,1,50,133,55,84,66,54,76,98" hai1="32,69,46,52,79,106,109,70,96,123,102,35,104" hai2="113,3,107,131,112,47,97,103,0,59,75,82,33" hai3=""/><U126/><N who="1" m="31520" /><U37/><E126/><V94/><F33/><T92/><D130/><U88/><E109/><V57/><F131/><T58/><D66/><U43/><E106/><V53/><F47/><T36/><D36/><U108/><E108/><V72/><F57/><T115/><D115/><N who="2" m="44106" /><F107/><T99/><D99/><U81/><E32/><V105/><F105/><T85/><D84/><U119/><E119/><V90/><F103/><T93/><D55/><U51/><E88/><V128/><F128/><T95/><D92/><U45/><REACH who="1" step="1"/><E35/><REACH who="1" ten="217,464,359,0" step="2"/><V56/><F82/><T116/><D116/><U74/><AGARI ba="2,1" hai="37,43,45,46,51,52,69,70,74,79,81,96,102,104" m="31520" machi="74" ten="20,16000,3" yaku="1,1,2,1,0,1,7,1,52,1,54,1,53,2" doraHai="87" doraHaiUra="64" who="1" fromWho="1" sc="217,-82,464,174,359,-82,0,0" /><INIT seed="5,3,0,5,5,89" ten="135,638,277,0" oya="1" hai0="46,74,97,90,99,53,110,124,68,32,131,57,84" hai1="101,111,44,50,92,109,135,105,88,119,95,58,117" hai2="72,103,128,34,123,43,100,79,63,55,107,61,114" hai3=""/><U48/><E105/><V66/><N who="2" m="31520" /><V71/><F34/><T82/><D32/><U86/><E135/><V129/><F114/><T33/><D33/><U3/><E3/><V52/><F43/><T93/><D68/><U83/><E58/><V108/><F108/><N who="1" m="41545" /><E50/><V122/><N who="2" m="31264" /><V2/><F2/><T132/><D110/><U73/><E101/><V41/><F41/><T45/><D132/><U39/><E39/><V67/><F107/><T98/><D131/><N who="2" m="50250" /><F103/><T104/><D124/><U106/><E73/><V112/><F100/><T0/><D0/><U134/><E106/><V113/><F112/><T75/><D104/><U127/><E127/><V76/><F113/><T69/><D69/><U56/><E56/><V40/><F40/><T118/><D75/><U91/><E134/><V126/><F126/><T60/><D74/><U115/><E115/><V130/><F130/><T36/><D36/><U42/><E83/><V1/><F1/><T51/><D45/><U37/><E37/><V116/><F72/><T96/><N who="0" m="24576" /><DORA hai="38" /><T125/><D125/><U87/><AGARI ba="3,0" hai="42,44,48,86,87,88,91,92,95,117,119" m="41545" machi="87" ten="30,8000,1" yaku="10,1,52,3,54,1" doraHai="89,38" who="1" fromWho="1" sc="135,-43,638,86,277,-43,0,0" /><INIT seed="5,4,0,1,0,101" ten="92,724,234,0" oya="1" hai0="33,76,35,48,0,97,94,118,125,41,32,83,99" hai1="119,77,66,63,91,72,56,60,84,104,70,112,65" hai2="96,110,67,81,128,64,132,127,100,1,93,85,59" hai3=""/><U103/><E119/><V50/><F110/><T129/><D0/><U131/><E112/><V68/><F1/><T79/><D118/><U98/><E131/><V34/><F34/><T92/><D129/><U102/><E102/><V52/><F128/><T82/><D41/><U74/><REACH who="1" step="1"/><E77/><REACH who="1" ten="92,714,234,0" step="2"/><V108/><F100/><T86/><D125/><U134/><E134/><V42/><F127/><T115/><D115/><U46/><E46/><V44/><F44/><T51/><D33/><U88/><E88/><V106/><F132/><T57/><D32/><U2/><E2/><V135/><F135/><T54/><D35/><U120/><N who="1" m="30752" /><U45/><E45/><V109/><F109/><T121/><N who="0" m="31008" /><T87/><REACH who="0" step="1"/><D51/><REACH who="0" ten="82,714,234,0" step="2"/><U124/><E124/><V90/><F50/><T53/><D53/><U69/><E69/><V116/><F52/><T95/><AGARI ba="4,2" hai="48,54,57,76,79,82,83,86,87,92,94,95,97,99" m="31008" machi="95" ten="30,6000,1" yaku="1,1,0,1,9,1,8,1,52,1,53,0" doraHai="101" doraHaiUra="111" who="0" fromWho="0" sc="82,88,714,-44,234,-24,0,0" /><INIT seed="6,0,0,5,5,46" ten="170,670,210,0" oya="2" hai0="75,119,65,101,39,36,85,112,125,111,34,107,50" hai1="57,132,56,121,72,93,106,70,114,87,120,90,64" hai2="71,37,135,51,94,89,128,83,108,126,92,96,52" hai3=""/><V58/><F126/><T97/><D119/><U129/><N who="1" m="30752" /><U79/><N who="1" m="31008" /><U67/><E114/><V43/><F135/><T124/><D34/><U82/><E129/><V42/><F128/><T133/><D75/><U91/><E132/><V78/><F108/><T105/><D133/><U55/><E70/><V99/><F37/><T103/><D111/><U84/><E106/><V116/><F71/><T54/><D112/><U77/><E57/><V95/><F95/><T33/><D33/><U127/><E127/><N who="0" m="48713" /><D65/><N who="1" m="25163" /><E72/><V110/><F110/><T63/><D63/><AGARI ba="0,0" hai="55,56,63,77,79,82,84,87,90,91,93" m="25163,31008,30752" machi="63" ten="30,3900,0" yaku="8,1,52,2" doraHai="46" who="1" fromWho="0" sc="170,-39,670,39,210,0,0,0" owari="131,-47.0,709,66.0,210,-19.0,0,0.0" /></mjloggm>