<mjloggm ver="2.3"><GO type="169" lobby="0"/><UN n0="%E3%83%AA%E3%83%84%E3%83%9F%E3%82%B5%E3%83%B3" n1="%E3%82%82%E3%82%8A%E3%82%82%E3%82%8A%E3%81%8A%E3%81%AB%E3%81%8E%E3%82%8A" n2="%E3%81%B6%E3%83%BC%E3%81%95%E3%82%93%E3%81%AE%E4%BC%91%E6%81%AF%E2%99%AA" n3="%E3%81%93%E3%81%B0%E3%81%A1" dan="17,16,17,16" rate="2200.96,2142.37,2198.30,2025.09" sx="M,M,M,M"/><TAIKYOKU oya="0"/><INIT seed="0,0,0,0,5,41" ten="250,250,250,250" oya="0" hai0="1,109,71,20,6,118,132,110,49,91,39,22,114" hai1="62,92,83,72,15,80,7,34,59,38,32,58,85" hai2="95,60,77,57,99,31,121,82,107,2,101,108,78" hai3="70,26,4,128,97,113,27,35,16,9,133,69,102"/><T30/><D39/><U13/><E38/><V21/><F108/><N who="0" m="41578" /><D71/><U12/><E7/><V64/><F2/><W44/><G113/><T76/><D76/><U124/><E72/><V28/><F121/><W84/><G128/><T19/><D114/><U111/><E111/><V11/><F11/><W3/><G27/><N who="0" m="16743" /><D91/><U122/><E122/><V53/><F107/><W104/><G133/><T42/><D42/><U17/><E17/><V61/><F21/><W127/><G127/><T74/><D74/><U47/><E124/><V40/><F40/><W119/><G119/><T54/><D132/><U129/><E129/><V117/><F117/><W36/><G84/><T116/><D6/><U120/><E120/><V33/><F33/><W56/><G56/><N who="0" m="32847" /><D1/><U105/><E34/><V43/><F43/><W87/><G69/><T67/><D67/><U5/><E5/><V68/><F77/><W100/><G70/><T8/><D8/><U18/><E32/><V115/><F115/><W45/><G36/><T48/><D48/><U25/><E59/><V88/><F101/><W94/><G102/><T130/><D130/><U112/><E58/><V10/><F10/><W65/><G65/><T66/><D66/><U51/><E51/><V89/><F89/><N who="3" m="53567" /><G35/><T50/><D50/><U126/><E126/><V46/><F68/><W86/><G86/><T98/><D98/><U29/><E112/><V79/><F64/><W93/><G4/><T106/><D106/><U81/><E85/><N who="2" m="48343" /><F79/><W131/><G131/><T37/><D37/><U52/><E83/><V125/><F88/><W55/><G104/><RYUUKYOKU ba="0,0" sc="250,30,250,-10,250,-10,250,-10" hai0="19,22,116,118" /><INIT seed="0,1,0,0,2,22" ten="280,240,240,240" oya="0" hai0="25,101,50,102,72,78,42,53,14,119,74,27,103" hai1="44,114,105,128,1,60,81,62,77,11,80,26,93" hai2="111,123,90,54,15,57,104,108,17,106,24,3,69" hai3="10,8,100,89,41,94,2,40,75,99,47,64,36"/><T51/><D119/><U126/><E105/><V82/><F3/><W21/><G40/><T129/><D129/><U124/><E114/><V115/><F123/><W12/><G2/><T125/><D125/><N who="1" m="48235" /><E128/><V76/><F69/><W130/><G75/><T31/><D78/><U63/><E93/><V132/><F115/><W66/><G130/><T28/><D14/><U45/><E26/><N who="0" m="9737" /><D74/><N who="1" m="43063" /><E81/><V49/><F90/><W95/><G21/><T110/><D72/><U7/><AGARI ba="1,0" hai="1,7,11,44,45,60,62,63" m="43063,48235" machi="7" ten="40,1500,0" yaku="18,1" doraHai="22" who="1" fromWho="1" sc="280,-8,240,18,240,-5,240,-5" /><INIT seed="1,0,0,4,1,43" ten="272,258,235,235" oya="1" hai0="72,32,85,129,75,118,40,113,47,79,91,74,55" hai1="60,106,53,28,42,41,17,69,13,132,44,50,58" hai2="54,30,109,10,128,22,130,59,133,62,23,24,34" hai3="35,87,98,123,88,95,110,108,89,15,27,66,112"/><U121/><E121/><V77/><F109/><N who="3" m="42091" /><G123/><T1/><D32/><U48/><E132/><V49/><F133/><W46/><G66/><T80/><D113/><U73/><E106/><V2/><F77/><W63/><G63/><T8/><D118/><U90/><E73/><V94/><F94/><N who="3" m="54559" /><G112/><T111/><D129/><N who="2" m="49770" /><F62/><W33/><G27/><T11/><D55/><U99/><E28/><V45/><F59/><W131/><G131/><T126/><D126/><U116/><E116/><V9/><F9/><W20/><G20/><T67/><D67/><U122/><E122/><V93/><F93/><W5/><G15/><T61/><D61/><U4/><E69/><V119/><F119/><W135/><G5/><AGARI ba="0,0" hai="2,5,10,22,23,24,30,34,45,49,54" m="49770" machi="5" ten="30,2000,0" yaku="19,1,52,1" doraHai="43" who="2" fromWho="3" sc="272,0,258,0,235,20,235,-20" /><INIT seed="2,0,0,4,0,15" ten="272,258,255,215" oya="2" hai0="42,103,36,6,84,123,82,89,67,119,21,0,81" hai1="77,71,5,30,109,75,3,80,4,124,51,85,115" hai2="11,68,96,38,72,95,69,130,117,94,129,118,22" hai3="1,32,110,43,112,62,24,63,114,29,49,50,120"/><V73/><F38/><W47/><G120/><T54/><D67/><U93/><E115/><V19/><F11/><W20/><G1/><T37/><D103/><U46/><E71/><V92/><F96/><W76/><G76/><T26/><D123/><U74/><E109/><V35/><F35/><W41/><G110/><T101/><D101/><U126/><E30/><V48/><F48/><W39/><G39/><T133/><D133/><U13/><E3/><V10/><F10/><W18/><G43/><T113/><D113/><N who="3" m="43625" /><G50/><T127/><D127/><N who="1" m="48683" /><E13/><AGARI ba="0,0" hai="13,18,20,24,29,32,41,47,49,62,63" m="43625" machi="13" ten="30,2000,0" yaku="11,1,52,1" doraHai="15" who="3" fromWho="1" sc="272,0,258,-20,255,0,215,20" /><INIT seed="3,0,0,3,5,11" ten="272,238,255,235" oya="3" hai0="33,41,68,128,54,75,65,126,18,13,95,25,53" hai1="40,57,121,130,89,84,56,123,106,39,72,21,19" hai2="2,135,80,124,14,45,15,27,17,28,30,73,49" hai3="112,29,16,85,113,131,93,1,67,22,81,7,46"/><W90/><G131/><T12/><D75/><U62/><E72/><V66/><F2/><W108/><G1/><T87/><D126/><U37/><E106/><V116/><F116/><W69/><G7/><T76/><D128/><U104/><E104/><V91/><F135/><W110/><G29/><T120/><D120/><U0/><E0/><V10/><F66/><W47/><G69/><T74/><D74/><U109/><E130/><V58/><F58/><W64/><G112/><T43/><D33/><U118/><E118/><V102/><F102/><W115/><G115/><T94/><D65/><N who="3" m="25161" /><G113/><T3/><D3/><U127/><E127/><V88/><F124/><W26/><G81/><T117/><D25/><U35/><E35/><V133/><F133/><W101/><G101/><T82/><D117/><U111/><E37/><V122/><F122/><W20/><G22/><T132/><D132/><U114/><E114/><V83/><F30/><W4/><G4/><T44/><D68/><U23/><E39/><V6/><F83/><W99/><G99/><T119/><D119/><U96/><E96/><V78/><F27/><W71/><G71/><T8/><D94/><U60/><E123/><V134/><F28/><W97/><G97/><T86/><D95/><U34/><E121/><V98/><F98/><W51/><G51/><N who="0" m="27023" /><D87/><U36/><E34/><V125/><F125/><W105/><G105/><T5/><D43/><U50/><E36/><V61/><F134/><W52/><G52/><T59/><D59/><U31/><E56/><V129/><F129/><W24/><G24/><T92/><D92/><RYUUKYOKU ba="0,0" sc="272,15,238,-15,255,-15,235,15" hai0="5,8,12,13,18,53,54,76,82,86" hai3="16,20,26,46,47,85,90,93,108,110" /><INIT seed="3,1,0,0,0,98" ten="287,223,240,250" oya="3" hai0="66,134,58,72,110,21,3,101,93,55,65,26,8" hai1="92,42,9,130,120,78,16,135,0,123,48,69,38" hai2="31,118,15,20,97,35,117,39,111,57,60,27,29" hai3="96,102,85,131,28,41,43,112,52,37,64,127,56"/><W129/><G112/><T87/><D110/><U2/><E69/><V108/><F39/><W124/><G64/><T100/><D72/><U1/><E38/><V10/><F97/><W7/><G7/><T82/><D134/><U91/><E135/><V74/><F74/><W53/><G28/><T95/><D8/><U59/><E78/><V5/><F57/><W11/><G85/><T106/><D106/><U6/><E130/><N who="3" m="49674" /><G11/><T54/><D3/><U12/><E6/><V99/><F99/><W133/><G133/><T89/><D66/><U104/><E104/><V32/><F60/><N who="3" m="35847" /><G53/><T22/><D65/><U49/><E59/><V46/><F46/><N who="3" m="23855" /><G43/><T109/><D55/><U50/><REACH who="1" step="1"/><E42/><REACH who="1" ten="287,213,240,250" step="2"/><V24/><F35/><W30/><G30/><T75/><D58/><U68/><E68/><V116/><AGARI ba="1,1" hai="5,10,15,20,24,27,29,31,32,108,111,116,117,118" machi="116" ten="40,8000,1" yaku="0,1,34,3" doraHai="98" who="2" fromWho="2" sc="287,-21,213,-21,240,93,250,-41" /><INIT seed="4,0,0,5,3,29" ten="266,192,333,209" oya="0" hai0="37,122,41,2,111,53,86,106,23,13,101,34,70" hai1="105,109,27,31,38,14,129,17,48,21,93,71,128" hai2="59,6,75,49,127,32,11,73,33,100,82,69,85" hai3="66,134,90,115,92,81,44,80,102,84,51,88,94"/><T110/><D53/><U9/><E38/><V62/><F127/><W67/><G134/><T56/><D56/><U124/><E105/><V113/><F113/><W5/><G115/><T7/><D86/><U61/><E48/><V83/><F83/><N who="3" m="31819" /><G5/><T103/><D70/><U39/><E39/><V3/><F100/><W19/><G19/><T20/><D122/><U26/><E93/><V12/><F69/><W58/><G58/><T65/><D65/><U64/><E109/><V36/><F36/><W1/><G1/><T25/><D37/><U22/><REACH who="1" step="1"/><E124/><REACH who="1" ten="266,182,333,209" step="2"/><V10/><F49/><W52/><G102/><T118/><D103/><U126/><E126/><V121/><F121/><W43/><G43/><T91/><D41/><U57/><E57/><V96/><F75/><W40/><G40/><T8/><D101/><U108/><E108/><V112/><F73/><W42/><G42/><T54/><D111/><U123/><E123/><V132/><F112/><W76/><G76/><T135/><D110/><U79/><E79/><V50/><F50/><W63/><G63/><T28/><D106/><U18/><AGARI ba="0,1" hai="9,14,17,18,21,22,26,27,31,61,64,71,128,129" machi="18" ten="30,2000,0" yaku="1,1,0,1,53,0" doraHai="29" doraHaiUra="97" who="1" fromWho="1" sc="266,-10,182,30,333,-5,209,-5" /><INIT seed="5,0,0,2,4,14" ten="256,212,328,204" oya="1" hai0="124,44,60,116,38,127,128,54,122,72,83,48,46" hai1="93,101,110,47,59,22,33,102,45,92,9,11,125" hai2="115,30,64,4,81,135,132,32,62,65,19,40,76" hai3="87,66,105,25,13,12,8,3,106,41,94,49,34"/><U90/><E33/><V129/><F4/><W26/><G3/><T111/><D72/><U85/><E125/><N who="0" m="48201" /><D83/><U50/><E110/><V119/><F40/><W114/><G66/><T113/><D111/><U0/><E0/><V5/><F5/><W118/><G34/><T67/><D116/><U134/><E134/><V61/><F30/><W39/><G39/><T55/><D113/><U131/><E131/><V1/><F1/><W6/><G114/><T68/><D128/><U53/><E93/><V29/><F29/><W16/><G106/><T86/><D86/><U133/><E133/><V63/><F32/><W37/><G37/><T80/><D80/><U56/><E56/><V27/><F115/><W2/><G2/><T95/><D95/><U36/><E36/><V130/><F119/><W51/><G105/><T121/><D54/><U89/><E89/><V18/><F61/><W120/><G120/><N who="0" m="46187" /><D38/><U69/><E69/><V15/><F81/><W77/><G77/><T84/><D84/><U28/><E102/><V109/><F109/><W100/><G118/><T17/><D17/><U104/><E101/><V79/><F27/><N who="3" m="10251" /><G41/><T112/><D112/><U126/><E104/><V10/><F10/><N who="1" m="3593" /><E126/><V103/><F103/><W99/><G87/><T52/><D55/><U71/><E71/><V31/><F31/><W57/><G57/><AGARI ba="0,0" hai="44,46,48,52,57,60,67,68" m="46187,48201" machi="57" ten="30,8000,1" yaku="18,1,13,1,34,2,54,1" doraHai="14" who="0" fromWho="3" sc="256,80,212,0,328,0,204,-80" /><INIT seed="6,0,0,2,2,39" ten="336,212,328,124" oya="2" hai0="87,29,124,133,130,27,128,59,23,111,110,118,127" hai1="20,6,36,22,19,38,9,15,71,0,94,119,40" hai2="5,35,56,86,1,14,96,117,134,54,68,21,131" hai3="31,105,81,26,42,104,44,91,98,55,83,52,74"/><V73/><F73/><W103/><G105/><T41/><D118/><U69/><E119/><V34/><F68/><W76/><G83/><T72/><D72/><U17/><E38/><V108/><F117/><W11/><G11/><T122/><D122/><U125/><E125/><N who="0" m="48201" /><D41/><U48/><E36/><V46/><F1/><W65/><G65/><T93/><D59/><U47/><REACH who="1" step="1"/><E94/><REACH who="1" ten="336,202,328,124" step="2"/><V77/><F108/><W90/><G90/><N who="0" m="53471" /><D133/><U135/><E135/><V45/><F134/><W25/><G91/><T99/><D99/><U50/><E50/><V58/><F96/><W102/><G102/><T30/><D30/><U121/><E121/><V109/><F109/><AGARI ba="0,1" hai="23,27,29,109,110,111,128,130" m="53471,48201" machi="109" ten="30,1000,0" yaku="18,1" doraHai="39" who="0" fromWho="2" sc="336,20,202,0,328,-10,124,0" /><INIT seed="7,0,0,3,2,68" ten="356,202,318,124" oya="3" hai0="65,20,76,96,2,18,107,81,29,60,91,3,4" hai1="87,9,1,24,79,6,73,15,100,97,46,16,67" hai2="13,33,88,19,126,21,25,114,80,30,104,125,105" hai3="17,99,32,8,41,11,28,129,119,34,102,51,120"/><W84/><G120/><T27/><D4/><U58/><E73/><V110/><F110/><W62/><G119/><T75/><D18/><U130/><E130/><V118/><F118/><W50/><G129/><T14/><D14/><U93/><E24/><V74/><F114/><W5/><G34/><T135/><D135/><U117/><E117/><V131/><F131/><W89/><G17/><T115/><D115/><U70/><E70/><V113/><F113/><W59/><G41/><T83/><D83/><U78/><E67/><V121/><F121/><W92/><G28/><T94/><D107/><U31/><E31/><V124/><REACH who="2" step="1"/><F74/><REACH who="2" ten="356,202,308,124" step="2"/><W47/><G32/><T37/><D37/><U53/><E1/><V42/><F42/><N who="3" m="24951" /><G5/><T61/><D61/><U112/><E112/><V36/><F36/><W72/><G72/><T128/><D128/><U0/><E0/><V38/><F38/><W55/><G62/><T64/><D64/><U134/><E134/><V40/><F40/><W109/><G109/><T43/><D43/><U71/><E6/><V26/><F26/><W106/><G106/><T77/><D77/><U111/><E78/><V122/><F122/><W45/><G45/><T86/><D75/><U108/><E46/><V23/><F23/><W98/><G102/><T103/><D103/><U57/><E108/><V66/><F66/><W95/><G95/><T12/><D12/><U63/><E111/><V56/><F56/><AGARI ba="0,1" hai="2,3,20,27,29,56,60,65,76,81,86,91,94,96" machi="56" ten="30,1000,0" yaku="7,1" doraHai="68" who="0" fromWho="2" sc="356,20,202,0,308,-10,124,0" owari="376,48.0,202,-20.0,298,10.0,124,-38.0" /></mjloggm>