<mjloggm ver="2.3"><GO type="169" lobby="0"/><UN n0="%E3%81%8B%E3%82%81%E3%81%98%E3%82%8D%E3%81%86" n1="%E3%81%BD%E3%81%A3%E3%81%91%E3%81%95%E3%82%93" n2="%E3%81%B2%E3%81%90%E3%81%A1" n3="%50%61%73%73%43%6F%64%65" dan="16,16,17,19" rate="2145.42,2113.00,2196.83,2221.28" sx="M,M,M,M"/><TAIKYOKU oya="0"/><INIT seed="0,0,0,3,0,101" ten="250,250,250,250" oya="0" hai0="132,54,29,70,105,5,40,37,117,2,83,50,113" hai1="43,78,80,26,69,27,24,128,96,126,6,134,106" hai2="112,60,131,118,89,57,133,95,84,52,81,7,66" hai3="88,28,39,121,41,10,49,61,18,82,14,47,23"/><T65/><D113/><U67/><E126/><V22/><F112/><W36/><G121/><T34/><D117/><U114/><E43/><V86/><F131/><W111/><G111/><T115/><D115/><U91/><E128/><V122/><F133/><W92/><G82/><T124/><D132/><U32/><E6/><V102/><F122/><W72/><G72/><T59/><D124/><U76/><E76/><V56/><F118/><W13/><G61/><N who="0" m="40239" /><D83/><U45/><E45/><V4/><F22/><W64/><G64/><T127/><D127/><U63/><E91/><V11/><F11/><W20/><G23/><T31/><D34/><U97/><E96/><V75/><F75/><W35/><G35/><T30/><D5/><U94/><E94/><V130/><F130/><W8/><G8/><T135/><D2/><U73/><E114/><V21/><F21/><W100/><G100/><T44/><D135/><U110/><E110/><V9/><F9/><W0/><G0/><T17/><D17/><U62/><E62/><V79/><REACH who="2" step="1"/><F102/><REACH who="2" ten="250,250,240,250" step="2"/><W51/><G28/><T90/><D90/><U48/><E134/><V68/><F68/><W87/><REACH who="3" step="1"/><G39/><REACH who="3" ten="250,250,240,240" step="2"/><T1/><D1/><U99/><E32/><V55/><F55/><W42/><G42/><T3/><D3/><U46/><E67/><V109/><F109/><W25/><G25/><T107/><AGARI ba="0,2" hai="29,30,31,37,40,44,50,54,59,105,107" m="40239" machi="107" ten="30,6000,0" yaku="24,1,52,2" doraHai="101" who="0" fromWho="0" sc="250,80,250,-20,240,-20,240,-20" /><INIT seed="0,1,0,0,5,8" ten="330,230,220,220" oya="0" hai0="51,134,84,87,16,122,40,72,1,21,66,7,125" hai1="108,70,56,94,111,22,131,98,113,124,46,45,33" hai2="52,74,90,114,76,18,104,106,126,105,58,6,36" hai3="93,65,121,97,88,116,41,60,17,19,0,38,30"/><T54/><D122/><U10/><E33/><V37/><F114/><W101/><G116/><T57/><D125/><U112/><E22/><V75/><F126/><W83/><G0/><T81/><D134/><U102/><E70/><V123/><F123/><W9/><G121/><T53/><D1/><U23/><E124/><V129/><F6/><W118/><G118/><T132/><D7/><U119/><E119/><V77/><F129/><W115/><G115/><N who="1" m="44106" /><E23/><V59/><F90/><W15/><G30/><T96/><D132/><U68/><E68/><V92/><F92/><W55/><G55/><T100/><D66/><U14/><E56/><V28/><F28/><W64/><G64/><T89/><D72/><U80/><E80/><V13/><F58/><W27/><G27/><T127/><D127/><U130/><E46/><V128/><F128/><N who="1" m="49193" /><E45/><V109/><F74/><W47/><G83/><N who="0" m="49311" /><D57/><U25/><E25/><V42/><F75/><W91/><REACH who="3" step="1"/><G19/><AGARI ba="1,0" hai="10,14,19,94,98,102,108,111" m="49193,44106" machi="19" ten="30,3900,0" yaku="11,1,19,1,52,1" doraHai="8" who="1" fromWho="3" sc="330,0,230,42,220,0,220,-42" /><INIT seed="1,0,0,0,1,62" ten="330,272,220,178" oya="1" hai0="7,115,51,130,135,84,43,37,89,102,112,104,6" hai1="31,47,67,90,123,79,57,124,70,100,61,52,9" hai2="17,78,111,32,109,81,20,122,13,66,44,21,54" hai3="2,24,116,26,23,33,12,42,80,22,132,46,88"/><U75/><E123/><V93/><F32/><W0/><G132/><T1/><D135/><U10/><E124/><V107/><F107/><W3/><G116/><T39/><D130/><U133/><E100/><V8/><F122/><W97/><G12/><T76/><D76/><U73/><E31/><V119/><F119/><W131/><G131/><T82/><D39/><U134/><E134/><V128/><F128/><W86/><G97/><T103/><D37/><U85/><E47/><V87/><F66/><W50/><REACH who="3" step="1"/><G33/><REACH who="3" ten="330,272,220,168" step="2"/><T36/><D1/><U77/><E133/><V11/><F111/><W126/><G126/><T113/><D104/><U34/><E34/><V74/><F109/><W19/><G19/><T28/><D7/><U56/><E10/><V41/><F8/><W105/><G105/><T91/><D6/><U40/><E9/><V129/><F129/><W25/><AGARI ba="0,1" hai="0,2,3,22,23,24,25,26,42,46,50,80,86,88" machi="25" ten="40,5200,0" yaku="1,1,0,1,54,1,53,0" doraHai="62" doraHaiUra="29" who="3" fromWho="3" sc="330,-13,272,-26,220,-13,168,62" /><INIT seed="2,0,0,3,3,54" ten="317,246,207,230" oya="2" hai0="21,73,53,85,97,10,31,101,135,93,109,34,50" hai1="111,6,23,29,41,120,117,60,102,38,83,27,70" hai2="128,5,118,84,80,43,14,65,130,58,116,112,63" hai3="36,100,46,79,52,4,49,30,107,115,67,37,90"/><V89/><F112/><W15/><G115/><T20/><D109/><U61/><E117/><V68/><F68/><W134/><G79/><T19/><D73/><U91/><E111/><V18/><F5/><W16/><G134/><T64/><D135/><U94/><E6/><V81/><F43/><W119/><G4/><T75/><D75/><U78/><E102/><V26/><F26/><W126/><G126/><T69/><D64/><U71/><E120/><V56/><F81/><W62/><G30/><T87/><D69/><U33/><E61/><V98/><F98/><W57/><G119/><T121/><D10/><U35/><E71/><V108/><F108/><W32/><G32/><T99/><D99/><U92/><E94/><V74/><F74/><W3/><G3/><T122/><D121/><U44/><E83/><V123/><F123/><W66/><G67/><T88/><D87/><U86/><E78/><V131/><REACH who="2" step="1"/><F58/><REACH who="2" ten="317,246,197,230" step="2"/><W8/><G37/><T104/><D122/><U1/><E1/><V113/><F113/><W13/><G36/><T132/><D132/><U42/><E41/><V45/><F45/><W77/><G46/><T76/><D76/><U59/><REACH who="1" step="1"/><E70/><REACH who="1" ten="317,236,197,230" step="2"/><V96/><F96/><W129/><G77/><T2/><D97/><U39/><E39/><V133/><F133/><W106/><G100/><T103/><D101/><U22/><E22/><AGARI ba="0,2" hai="14,18,22,56,63,65,80,84,89,116,118,128,130,131" machi="22" ten="40,12000,1" yaku="1,1,19,1,52,1,53,1" doraHai="54" doraHaiUra="12" who="2" fromWho="1" sc="317,0,236,-120,197,140,230,0" /><INIT seed="2,1,0,0,3,99" ten="317,116,337,230" oya="2" hai0="37,43,76,65,100,94,127,46,79,108,19,64,12" hai1="34,68,69,132,83,20,53,75,30,105,31,84,119" hai2="88,123,49,126,1,13,42,56,28,125,3,29,133" hai3="36,15,110,114,24,122,10,9,59,116,102,128,90"/><V80/><F123/><W52/><G116/><T57/><D108/><U106/><E75/><V124/><F133/><W35/><G36/><T39/><D39/><U6/><E34/><V134/><F134/><W14/><G110/><T82/><D127/><U4/><E132/><V21/><F13/><W96/><G128/><T89/><D100/><U121/><E20/><V77/><F88/><W74/><G74/><T26/><D26/><U7/><E84/><V0/><F21/><W115/><G90/><T47/><D47/><U120/><E53/><N who="2" m="31791" /><F42/><W16/><G122/><N who="1" m="47210" /><E83/><V11/><F11/><W93/><G35/><T66/><D57/><U50/><E50/><V98/><F98/><W45/><G24/><T95/><D89/><U92/><E92/><V58/><F58/><W117/><G117/><T23/><REACH who="0" step="1"/><D79/><REACH who="0" ten="307,116,337,230" step="2"/><U54/><E119/><V112/><F112/><W67/><G45/><T131/><D131/><U40/><E40/><V86/><AGARI ba="1,1" hai="0,1,3,28,29,77,80,86,124,125,126" m="31791" machi="86" ten="40,2100,0" yaku="18,1" doraHai="99" who="2" fromWho="2" sc="307,-8,116,-8,337,34,230,-8" /><INIT seed="2,2,0,5,0,94" ten="299,108,371,222" oya="2" hai0="27,17,21,98,108,103,73,95,66,67,107,9,20" hai1="101,56,135,126,5,122,130,52,19,68,91,65,14" hai2="15,74,44,106,40,1,4,99,131,31,123,35,81" hai3="89,43,109,85,25,51,78,102,111,53,120,100,26"/><V57/><F123/><W70/><G70/><T6/><D108/><N who="3" m="41545" /><G43/><T117/><D73/><U7/><E126/><V124/><F124/><W77/><G26/><T80/><D117/><U129/><E122/><V34/><F131/><W83/><G25/><T29/><D80/><U45/><E45/><V8/><F57/><W10/><G10/><T93/><D107/><U22/><E101/><N who="3" m="39018" /><G120/><T33/><D93/><U30/><E91/><V48/><F31/><W82/><G83/><T121/><D121/><U125/><E125/><V112/><F1/><W97/><G97/><T13/><REACH who="0" step="1"/><D20/><REACH who="0" ten="289,108,371,222" step="2"/><U58/><E22/><V18/><F81/><W79/><G79/><T84/><D84/><U118/><E118/><V16/><F34/><W37/><G37/><T133/><D133/><U132/><E135/><V96/><F35/><W41/><G41/><T87/><D87/><U127/><E127/><V28/><F40/><W59/><AGARI ba="2,1" hai="51,53,59,77,78,82,85,89" m="39018,41545" machi="59" ten="30,1100,0" yaku="14,1" doraHai="94" who="3" fromWho="3" sc="289,-5,108,-5,371,-7,222,27" /><INIT seed="3,0,0,1,2,39" ten="284,103,364,249" oya="3" hai0="28,94,36,41,65,51,91,55,76,1,105,59,22" hai1="110,128,35,5,98,38,45,54,60,10,86,81,58" hai2="42,77,130,83,26,64,119,113,75,106,48,18,82" hai3="4,92,87,7,37,126,97,9,13,114,111,96,102"/><W21/><G114/><T133/><D133/><U61/><E110/><V27/><F113/><W95/><G126/><T23/><D105/><U101/><E128/><V0/><F119/><W78/><G37/><T46/><D1/><U112/><E35/><V17/><F0/><W40/><G111/><T70/><D76/><U100/><E112/><V90/><F106/><W115/><G115/><T120/><D28/><U108/><E108/><V49/><F64/><W3/><G21/><T33/><D33/><U66/><E98/><V107/><F107/><W72/><G72/><T131/><D120/><U14/><E38/><V73/><F90/><W124/><G124/><T134/><D131/><U84/><E84/><V116/><F130/><W32/><G32/><T129/><D134/><U99/><E99/><V69/><F69/><W71/><G71/><T31/><D31/><U8/><E8/><V16/><F116/><W11/><G87/><T93/><D93/><U44/><E44/><V80/><F42/><W56/><G56/><T43/><D43/><U19/><E5/><V67/><F67/><W25/><G25/><N who="2" m="9225" /><F77/><W52/><G40/><T104/><D104/><U117/><E117/><V68/><F68/><W2/><G78/><T24/><D24/><U127/><E127/><V30/><F30/><W34/><G34/><T79/><D79/><N who="1" m="46399" /><E61/><V74/><AGARI ba="0,0" hai="16,17,18,48,49,73,74,75,80,82,83" m="9225" machi="74" ten="40,8000,1" yaku="29,2,28,2,54,1" doraHai="39" who="2" fromWho="2" sc="284,-20,103,-20,364,80,249,-40" /><INIT seed="4,0,0,5,3,131" ten="264,83,444,209" oya="0" hai0="32,98,50,53,135,15,134,17,79,20,26,27,24" hai1="130,120,113,41,72,100,88,65,52,103,60,6,92" hai2="132,16,7,94,122,44,63,73,75,38,133,99,18" hai3="87,0,23,3,42,71,89,55,51,114,86,10,91"/><T11/><D79/><U57/><E120/><V107/><F107/><W90/><G71/><T1/><D98/><U125/><E130/><V22/><F7/><W30/><G42/><T119/><D119/><U34/><E72/><V35/><F35/><W109/><G109/><T33/><D50/><U93/><E125/><V12/><F122/><W84/><G10/><T9/><D53/><U101/><E34/><N who="0" m="13417" /><D11/><U116/><E116/><V111/><F111/><W48/><G114/><T121/><D121/><U39/><E113/><V110/><F110/><W68/><G68/><T126/><D126/><U8/><E65/><V70/><F18/><W19/><G30/><T31/><D31/><U56/><E56/><V47/><F75/><W43/><G43/><T83/><D83/><U97/><E41/><V80/><F38/><W118/><G118/><T62/><D62/><U45/><E45/><V54/><F73/><W81/><G81/><T61/><D61/><U67/><E39/><V28/><F80/><W108/><G108/><T66/><D66/><U129/><E129/><V37/><F28/><W106/><G106/><T128/><D128/><U4/><E67/><N who="2" m="41343" /><F54/><W14/><REACH who="3" step="1"/><G51/><REACH who="3" ten="264,83,444,199" step="2"/><T95/><D95/><U105/><E105/><V46/><F37/><W96/><G96/><T123/><D123/><U49/><E49/><V64/><F64/><W59/><AGARI ba="0,1" hai="0,3,14,19,23,48,55,59,84,86,87,89,90,91" machi="59" ten="30,2000,0" yaku="1,1,0,1,53,0" doraHai="131" doraHaiUra="77" who="3" fromWho="3" sc="264,-10,83,-5,444,-5,199,30" /><INIT seed="5,0,0,0,1,23" ten="254,78,439,229" oya="1" hai0="68,83,73,122,114,3,36,80,107,84,65,130,125" hai1="121,82,93,33,76,7,61,70,133,54,91,71,126" hai2="16,69,5,60,120,40,62,119,35,37,19,24,97" hai3="0,38,56,50,14,85,34,96,20,131,63,127,90"/><U8/><E121/><V22/><F119/><W110/><G110/><T48/><D48/><U47/><E126/><V46/><F120/><W75/><G75/><T21/><D21/><U86/><E133/><V116/><F116/><W101/><G34/><T79/><D65/><U88/><E33/><V118/><F118/><W103/><G0/><T117/><D83/><U2/><E91/><V98/><F35/><W59/><G38/><T109/><D84/><U67/><E47/><V57/><F5/><W102/><G131/><T105/><D80/><U58/><REACH who="1" step="1"/><E67/><REACH who="1" ten="254,68,439,229" step="2"/><V17/><F69/><W132/><G127/><T9/><D79/><U1/><E1/><V123/><F123/><W135/><G132/><T99/><D3/><U53/><E53/><V77/><F77/><W74/><G90/><T115/><D125/><U13/><E13/><V41/><F41/><W18/><G14/><T29/><D122/><U27/><E27/><V10/><F46/><W52/><G135/><T49/><D117/><U25/><E25/><V51/><F40/><W66/><G66/><T112/><D115/><U15/><E15/><V43/><F43/><W134/><G134/><T72/><D114/><U128/><E128/><V87/><F24/><W39/><G52/><T32/><D130/><U31/><E31/><V26/><F26/><W12/><G12/><T28/><D29/><U6/><E6/><V108/><F19/><W64/><G18/><T45/><D28/><U113/><E113/><V124/><F17/><W95/><G64/><T44/><D112/><U92/><E92/><V55/><F124/><RYUUKYOKU ba="0,1" sc="254,-10,68,30,439,-10,229,-10" hai1="2,7,8,54,58,61,70,71,76,82,86,88,93" /><INIT seed="5,1,1,1,5,8" ten="244,98,429,219" oya="1" hai0="19,85,26,7,20,96,87,25,3,92,135,69,123" hai1="4,67,62,15,35,66,116,86,113,91,134,36,75" hai2="80,73,102,90,1,58,16,48,109,41,6,52,17" hai3="61,11,42,118,51,81,133,83,104,50,76,57,105"/><U89/><E116/><V97/><F109/><W65/><G133/><T119/><D119/><U53/><E75/><V78/><F41/><W24/><G83/><T28/><D69/><U98/><E36/><V82/><F6/><W125/><G125/><T68/><D68/><U63/><E35/><V130/><F1/><W129/><G129/><T55/><D135/><U54/><E134/><V45/><F130/><W39/><G39/><T122/><D7/><U64/><E113/><V14/><F58/><W30/><G11/><T106/><D3/><U108/><E108/><V131/><F131/><W46/><G51/><T37/><D106/><U77/><E77/><V29/><F29/><W72/><REACH who="3" step="1"/><G118/><REACH who="3" ten="244,98,429,209" step="2"/><T70/><D37/><U59/><E98/><V33/><F80/><W101/><G101/><T31/><D70/><U121/><E121/><V71/><F71/><W127/><G127/><T44/><D123/><U5/><E86/><V94/><F102/><W114/><G114/><T23/><D122/><U124/><E124/><V0/><F82/><W47/><G47/><T56/><D44/><U13/><E67/><V10/><F45/><W100/><G100/><N who="0" m="60423" /><D28/><U18/><E59/><V95/><F48/><AGARI ba="1,2" hai="19,20,23,25,26,31,48,55,56,85,87" m="60423" machi="48" ten="30,1000,0" yaku="8,1" doraHai="8" who="0" fromWho="2" sc="244,33,98,0,429,-13,209,0" /><INIT seed="6,0,0,1,2,98" ten="277,98,416,209" oya="2" hai0="106,78,88,75,35,104,120,58,125,36,1,108,86" hai1="54,67,84,37,59,102,41,100,18,85,91,33,3" hai2="115,66,121,132,93,110,32,122,128,105,13,56,52" hai3="68,74,46,133,73,81,34,30,23,57,20,12,113"/><V31/><F105/><N who="0" m="40554" /><D58/><U123/><E123/><V17/><F66/><W51/><G68/><T42/><D42/><U96/><E33/><V77/><F77/><W44/><G133/><T53/><D53/><U72/><E3/><V135/><F110/><W92/><G57/><T21/><D21/><U129/><E72/><V19/><F19/><W45/><G51/><T16/><D16/><U22/><E67/><V24/><F93/><W62/><G62/><T43/><D43/><U63/><E129/><V117/><F128/><W2/><G2/><T119/><D35/><U4/><E4/><V130/><F130/><W83/><G12/><T60/><D1/><U87/><E41/><V49/><F115/><W9/><G9/><T5/><D60/><U131/><E37/><V70/><F70/><W82/><G113/><T99/><D36/><U15/><E131/><V50/><F49/><W61/><G61/><T94/><D5/><U11/><E11/><N who="2" m="6335" /><F117/><W28/><G92/><AGARI ba="0,0" hai="15,18,22,54,59,63,84,85,87,91,92,96,100,102" machi="92" ten="40,5200,0" yaku="8,1,52,2" doraHai="98" who="1" fromWho="3" sc="277,0,98,52,416,0,209,-52" /><INIT seed="7,0,0,1,3,111" ten="277,150,416,157" oya="3" hai0="132,32,112,121,89,24,41,5,100,116,48,93,65" hai1="13,2,47,114,99,103,40,87,29,37,21,7,15" hai2="96,131,3,124,128,43,38,82,74,95,125,101,107" hai3="75,90,23,71,119,27,122,26,1,78,55,9,106"/><W98/><G119/><T46/><D116/><U66/><E66/><V44/><F3/><W10/><G71/><T25/><D121/><U4/><E114/><V20/><F20/><W83/><G122/><T58/><D112/><U130/><E130/><N who="2" m="49707" /><F107/><W22/><G1/><T135/><D5/><U81/><E2/><V80/><F74/><W134/><G134/><N who="0" m="51243" /><D100/><U123/><E123/><V84/><F82/><W105/><G106/><T28/><D25/><U18/><E29/><V57/><F57/><W73/><G73/><T120/><D120/><U92/><E15/><V52/><F52/><W31/><G55/><T0/><D0/><U34/><E34/><V104/><F104/><W113/><G113/><T35/><D35/><U12/><E13/><V45/><F44/><W17/><G105/><T67/><D58/><U56/><E56/><V16/><F16/><W115/><G115/><T79/><D79/><AGARI ba="0,0" hai="4,7,12,18,21,37,40,47,79,81,87,92,99,103" machi="79" ten="30,1000,0" yaku="7,1" doraHai="111" who="1" fromWho="0" sc="277,-10,150,10,416,0,157,0" /><AGARI ba="0,0" hai="38,43,45,79,80,84,95,96,101,124,125" m="49707" machi="79" ten="30,1000,0" yaku="19,1" doraHai="111" who="2" fromWho="0" sc="267,-10,160,0,416,10,157,0" owari="257,6.0,160,-24.0,426,52.0,157,-34.0" /></mjloggm>