<mjloggm ver="2.3"><GO type="169" lobby="0"/><UN n0="%E3%83%90%E3%82%AD" n1="%E9%AB%98%E6%A9%8B%E6%B7%B3" n2="%E3%83%8E%E3%82%AA%E3%83%81%E3%83%A3%E3%83%99%E3%82%B9" n3="%E6%98%AF%E6%94%BF%E3%81%AE%E5%A4%95%E9%99%BD" dan="17,16,17,16" rate="2189.98,2120.50,2214.73,2169.68" sx="M,M,M,M"/><TAIKYOKU oya="0"/><INIT seed="0,0,0,5,0,55" ten="250,250,250,250" oya="0" hai0="58,13,53,43,118,115,101,108,39,56,134,69,28" hai1="127,78,31,129,21,105,32,73,42,4,8,124,93" hai2="5,18,12,10,22,109,114,30,35,96,99,86,72" hai3="128,20,70,3,106,75,100,49,95,65,81,82,79"/><T51/><D115/><U57/><E105/><V125/><F72/><W37/><G37/><T29/><D118/><U59/><E32/><V123/><F123/><W14/><G3/><T26/><D69/><U89/><E42/><V135/><F114/><W34/><G34/><T47/><D134/><U41/><E41/><V19/><F19/><W64/><G82/><T66/><D108/><U121/><E121/><V50/><F109/><W46/><G70/><T44/><D66/><U36/><E36/><V112/><F135/><W33/><G33/><T98/><D13/><U132/><E78/><V110/><F110/><W38/><G106/><T83/><D83/><U27/><E73/><V80/><F125/><N who="1" m="48201" /><E129/><V111/><F112/><W90/><G100/><T0/><D0/><N who="1" m="7" /><E132/><V6/><F6/><W16/><G128/><T52/><D53/><U84/><AGARI ba="0,0" hai="21,27,31,57,59,84,89,93" m="7,48201" machi="84" ten="30,4000,0" yaku="18,1,52,2" doraHai="55" who="1" fromWho="1" sc="250,-20,250,40,250,-10,250,-10" /><INIT seed="1,0,0,0,5,74" ten="230,290,240,240" oya="1" hai0="92,3,54,134,32,133,108,100,17,61,94,132,21" hai1="120,68,11,8,47,48,60,91,113,22,37,40,35" hai2="6,89,33,29,18,90,87,75,93,2,84,42,131" hai3="96,82,85,116,111,24,28,112,115,49,39,81,44"/><U9/><E35/><V10/><F75/><W20/><G111/><T69/><D32/><U66/><E113/><V5/><F5/><W70/><G70/><T23/><D3/><U95/><E120/><V46/><F131/><W58/><G116/><T123/><D108/><U19/><E37/><V55/><F55/><W105/><G58/><T104/><D123/><U1/><E1/><V121/><F121/><W124/><G124/><T41/><D41/><U130/><E130/><V118/><F118/><W83/><G39/><T45/><D23/><U31/><E31/><V53/><F53/><W57/><G57/><N who="0" m="34999" /><D69/><U110/><E110/><V71/><F71/><W78/><G112/><T73/><D45/><U50/><E50/><V129/><F129/><W65/><G65/><T38/><D73/><U102/><E102/><V7/><F7/><W77/><G115/><T101/><D38/><U13/><REACH who="1" step="1"/><E8/><REACH who="1" ten="230,280,240,240" step="2"/><V67/><F29/><W122/><G122/><T88/><D104/><U43/><E43/><V114/><F33/><W12/><G105/><T126/><D126/><U64/><E64/><V4/><F67/><W98/><G49/><T79/><D100/><U117/><E117/><V30/><F30/><W25/><G28/><T59/><D101/><U34/><E34/><V15/><F2/><W97/><G44/><T86/><D134/><U0/><E0/><V80/><F114/><W56/><G56/><T63/><D133/><U103/><E103/><V72/><F72/><W26/><G78/><T14/><D79/><U27/><E27/><V135/><F135/><W125/><G125/><RYUUKYOKU ba="0,1" sc="230,-30,280,10,240,10,240,10" hai1="9,11,13,19,22,40,47,48,60,66,68,91,95" hai2="4,6,10,15,18,42,46,80,84,87,89,90,93" hai3="12,20,24,25,26,77,81,82,83,85,96,97,98" /><INIT seed="1,1,1,4,2,5" ten="200,290,250,250" oya="1" hai0="125,70,128,55,90,20,41,135,118,34,65,74,106" hai1="64,62,94,29,84,16,24,31,43,45,72,109,15" hai2="9,123,54,17,134,71,107,82,56,101,76,11,133" hai3="19,27,40,89,44,14,37,110,63,53,30,112,80"/><U87/><E72/><V108/><F71/><W131/><G110/><T78/><D34/><U124/><E109/><V99/><F123/><W18/><G131/><T127/><D118/><U121/><E121/><V69/><F69/><W61/><G19/><T3/><D3/><U96/><E124/><N who="0" m="47689" /><D128/><U130/><E130/><V126/><F108/><W113/><G53/><T102/><D41/><U79/><E79/><V120/><F120/><W47/><G47/><T38/><D38/><U60/><E84/><V26/><F126/><W92/><G80/><N who="0" m="45143" /><D55/><U91/><E87/><N who="2" m="48583" /><F17/><W119/><G119/><T0/><D0/><U66/><E66/><V10/><F26/><W83/><G83/><T86/><D20/><U105/><E105/><V33/><F33/><W48/><G37/><T36/><D36/><U116/><E116/><V8/><F8/><W46/><G44/><T51/><D70/><U103/><E64/><V1/><F1/><W35/><G112/><T12/><D65/><U117/><E117/><V77/><F77/><W57/><G57/><T32/><D12/><U25/><E25/><V100/><F99/><W104/><G113/><T50/><D32/><U122/><E122/><V42/><F107/><W23/><G104/><T115/><D115/><U67/><E24/><V114/><F42/><W129/><G129/><T6/><D6/><U13/><E43/><V85/><F85/><AGARI ba="1,1" hai="14,18,23,27,30,35,40,46,48,61,63,85,89,92" machi="85" ten="30,1000,0" yaku="7,1" doraHai="5" who="3" fromWho="2" sc="200,0,290,0,250,-13,250,23" /><INIT seed="2,0,0,0,3,80" ten="200,290,237,273" oya="2" hai0="49,73,123,135,5,53,25,102,87,103,88,82,117" hai1="116,120,110,95,86,100,55,43,60,122,129,99,105" hai2="107,72,1,94,118,124,62,18,52,77,109,67,21" hai3="17,29,10,65,90,32,132,101,44,127,56,89,70"/><V69/><F107/><W134/><G70/><T40/><D123/><U38/><E116/><V98/><F1/><W14/><G127/><T26/><D117/><U64/><E110/><V113/><F118/><W24/><G101/><N who="0" m="38411" /><D135/><N who="3" m="51753" /><G44/><N who="0" m="25735" /><D73/><U96/><E43/><V39/><F39/><W4/><G4/><T22/><D5/><U106/><E55/><V126/><F109/><W9/><G9/><T48/><D22/><U28/><E38/><V15/><F113/><W11/><G10/><T0/><D0/><U41/><E41/><V8/><F8/><W75/><G75/><T7/><D7/><U133/><E133/><V83/><REACH who="2" step="1"/><F52/><REACH who="2" ten="200,290,227,273" step="2"/><W68/><G11/><T50/><D50/><U74/><E106/><V47/><F47/><AGARI ba="0,1" hai="25,26,47,48,53,82,87,88" m="25735,38411" machi="47" ten="30,3900,0" yaku="8,1,52,1,54,1" doraHai="80" who="0" fromWho="2" sc="200,49,290,0,227,-39,273,0" /><INIT seed="3,0,0,0,2,69" ten="249,290,188,273" oya="3" hai0="89,21,81,122,94,15,99,29,82,17,116,105,76" hai1="30,14,85,111,133,86,46,127,95,73,44,107,5" hai2="11,18,7,31,54,55,120,35,37,6,23,121,66" hai3="90,102,34,96,67,49,123,124,103,110,75,91,74"/><W65/><G34/><T27/><D116/><U1/><E73/><V126/><F66/><W52/><G123/><N who="2" m="47177" /><F55/><W62/><G124/><T51/><D122/><U104/><E1/><V4/><F54/><W134/><G134/><T78/><D105/><U33/><E95/><V2/><F37/><W125/><G125/><T97/><D97/><U25/><E85/><V98/><F98/><W106/><G110/><T71/><D71/><U39/><E86/><V57/><F57/><W100/><G106/><T118/><D118/><U13/><E44/><V8/><F126/><W101/><G100/><T16/><D51/><U43/><E46/><V68/><F68/><W24/><G96/><T38/><D38/><U20/><E43/><V70/><F70/><W19/><G75/><T36/><D36/><U41/><E41/><V47/><F47/><W129/><G74/><T79/><REACH who="0" step="1"/><D17/><REACH who="0" ten="239,290,188,273" step="2"/><U135/><E39/><V9/><F2/><W59/><G49/><T77/><N who="0" m="19456" /><DORA hai="32" /><T80/><D80/><U61/><E107/><V48/><F48/><W42/><G42/><T3/><D3/><U56/><E104/><V115/><F115/><W112/><G112/><T72/><D72/><U53/><E127/><V119/><F119/><W108/><G19/><T40/><D40/><U128/><E133/><V28/><F35/><AGARI ba="0,1" hai="15,16,21,27,29,35,81,82,89,94,99" m="19456" machi="35" ten="50,6400,0" yaku="1,1,54,1,53,1" doraHai="69,32" doraHaiUra="131,92" who="0" fromWho="2" sc="239,74,290,0,188,-64,273,0" /><INIT seed="4,0,0,5,2,4" ten="313,290,124,273" oya="0" hai0="58,131,22,26,37,8,55,99,111,54,75,10,28" hai1="122,117,6,29,97,102,7,38,82,87,20,45,35" hai2="73,89,57,113,66,49,79,17,80,24,85,32,52" hai3="5,21,105,11,31,12,123,51,124,2,134,33,71"/><T74/><D37/><U116/><E35/><V30/><F113/><W121/><G105/><T91/><D131/><U19/><E29/><V69/><F69/><W126/><G71/><T83/><D111/><U44/><E122/><N who="3" m="46602" /><G51/><T62/><D54/><U78/><E7/><V59/><F17/><N who="3" m="10407" /><G134/><T16/><D28/><U84/><E6/><V119/><F119/><W107/><G107/><T46/><D46/><U47/><E84/><V65/><REACH who="2" step="1"/><F57/><REACH who="2" ten="313,290,114,273" step="2"/><W98/><G98/><T63/><D63/><U53/><E97/><V88/><F88/><W39/><G39/><T72/><REACH who="0" step="1"/><D83/><AGARI ba="0,1" hai="24,30,32,49,52,59,65,66,73,79,80,83,85,89" machi="83" ten="30,7700,0" yaku="1,1,7,1,54,1,53,1" doraHai="4" doraHaiUra="86" who="2" fromWho="0" sc="313,-77,290,0,114,87,273,0" /><INIT seed="5,0,0,4,1,55" ten="236,290,201,273" oya="1" hai0="18,125,73,32,31,7,56,25,110,53,58,82,57" hai1="41,83,50,134,80,28,126,2,70,85,21,64,115" hai2="15,71,89,96,4,105,20,37,72,30,99,67,13" hai3="0,106,1,97,61,75,104,133,127,113,116,9,74"/><U128/><E2/><V117/><F117/><W44/><G113/><T51/><D110/><U33/><E115/><V122/><F122/><W23/><G23/><T40/><D40/><U120/><E33/><V91/><F37/><W12/><G12/><T100/><D125/><U62/><E128/><V29/><F72/><W84/><G84/><T36/><D36/><U88/><E134/><V81/><F71/><W119/><G9/><T22/><D100/><U98/><E126/><V26/><F105/><W93/><G44/><T19/><D7/><U27/><E120/><V48/><F30/><W108/><G108/><T92/><D92/><U109/><E109/><V16/><F67/><W107/><G127/><T76/><D19/><U132/><E132/><V6/><F48/><W63/><G93/><T60/><D60/><N who="3" m="23113" /><G97/><N who="2" m="37449" /><F15/><AGARI ba="0,0" hai="15,18,22,25,31,32,51,53,56,57,58,73,76,82" machi="15" ten="30,7700,0" yaku="7,1,52,3" doraHai="55" who="0" fromWho="2" sc="236,77,290,0,201,-77,273,0" /><INIT seed="6,0,0,4,0,130" ten="313,290,124,273" oya="2" hai0="8,21,35,80,81,126,123,51,61,101,46,59,11" hai1="45,74,95,20,83,24,6,119,49,7,60,114,53" hai2="0,41,86,113,108,44,2,22,40,31,120,18,91" hai3="94,98,129,79,78,99,29,87,19,34,132,13,97"/><V65/><F120/><W3/><G3/><T110/><D110/><U133/><E133/><V103/><F108/><W68/><G68/><T54/><D123/><U127/><E114/><V116/><F116/><W121/><G121/><T55/><D35/><U9/><E127/><V125/><F113/><W88/><G129/><T112/><D126/><U27/><E27/><V93/><F125/><W48/><G34/><T76/><D112/><U67/><E9/><N who="0" m="3657" /><D101/><U56/><E119/><V82/><F31/><W106/><G29/><T63/><D76/><U115/><E74/><V89/><F103/><W43/><G132/><T62/><D21/><U30/><E83/><AGARI ba="0,0" hai="46,51,54,55,59,61,62,63,80,81,83" m="3657" machi="83" ten="30,1000,0" yaku="8,1" doraHai="130" who="0" fromWho="1" sc="313,10,290,-10,124,0,273,0" /><INIT seed="7,0,0,0,4,57" ten="323,280,124,273" oya="3" hai0="132,82,44,46,13,71,116,22,70,62,2,117,32" hai1="63,26,122,126,10,56,128,121,9,21,103,12,87" hai2="43,90,35,54,135,94,129,59,40,41,48,101,86" hai3="4,93,30,1,45,83,119,65,95,5,50,69,118"/><W7/><G1/><T109/><D109/><U74/><E74/><V133/><F35/><W85/><G30/><T38/><D32/><U104/><E126/><V75/><F75/><W49/><G118/><T124/><D2/><U88/><E103/><V29/><F129/><W127/><G127/><T27/><D124/><U34/><E104/><V81/><F135/><W55/><G119/><T113/><D13/><U76/><E76/><V91/><F133/><W72/><G72/><T134/><D82/><U78/><E78/><V37/><F37/><W0/><G0/><T89/><D89/><U8/><E34/><V6/><F101/><W25/><G25/><T120/><D27/><U110/><E110/><V17/><F29/><W107/><G107/><T115/><D22/><U67/><E128/><V24/><F6/><W11/><G11/><T100/><D100/><U79/><E79/><V99/><F24/><W98/><G98/><T108/><D62/><U97/><E97/><V14/><F43/><W52/><G65/><T73/><D73/><U102/><E102/><V16/><REACH who="2" step="1"/><F17/><REACH who="2" ten="323,280,114,273" step="2"/><W66/><G5/><T80/><D38/><U3/><E26/><V96/><F96/><W36/><G36/><T51/><D134/><U53/><E87/><V112/><F112/><W105/><G7/><T58/><D132/><U68/><E3/><V64/><F64/><W42/><G4/><T18/><D115/><U106/><E67/><V77/><F77/><N who="3" m="46319" /><G105/><T114/><D113/><U39/><E106/><V131/><F131/><W125/><G125/><T28/><D114/><U60/><E39/><RYUUKYOKU ba="0,1" sc="323,-10,280,-10,114,30,273,-10" hai2="14,16,40,41,48,54,59,81,86,90,91,94,99" owari="323,43.0,270,7.0,144,-36.0,263,-14.0" /></mjloggm>