<mjloggm ver="2.3"><GO type="169" lobby="0"/><UN n0="%E3%81%86%E3%81%A9%E3%82%93%E3%81%93" n1="%E4%BF%BA%E3%81%A7%E3%81%99" n2="%74%6F%72%69%30%36%31%32" n3="%E3%81%82%E3%81%99%E3%81%AF%E3%82%89%E3%82%86%E3%81%86%E3%81%8D" dan="16,16,17,16" rate="2158.28,2083.72,2179.46,2141.65" sx="M,M,M,M"/><TAIKYOKU oya="0"/><INIT seed="0,0,0,1,3,120" ten="250,250,250,250" oya="0" hai0="34,98,39,135,24,18,38,125,1,56,114,115,8" hai1="37,73,67,33,129,40,88,50,48,10,99,104,117" hai2="5,16,96,87,58,72,74,52,31,90,133,43,3" hai3="121,11,23,27,75,14,109,124,122,32,105,79,57"/><T25/><D135/><U54/><E73/><V55/><F133/><W91/><G105/><T113/><D125/><U35/><E67/><V2/><F31/><W29/><G75/><T123/><D123/><N who="3" m="47113" /><G79/><T132/><D132/><U9/><E37/><V111/><F96/><W89/><G57/><T127/><D127/><U62/><E40/><V82/><F43/><W107/><G107/><T22/><D56/><U84/><E117/><V15/><F55/><W103/><G103/><T86/><D98/><U97/><E129/><V65/><F65/><W28/><G124/><T76/><D34/><U19/><E104/><V7/><F74/><W69/><G69/><T41/><D25/><U77/><E77/><V60/><F72/><W20/><G109/><T36/><D41/><U44/><E62/><V70/><F111/><W112/><G112/><T101/><D101/><U21/><E50/><V71/><F71/><W128/><G128/><T46/><D46/><U95/><E35/><V85/><F70/><W59/><G59/><T64/><D64/><U47/><E47/><V83/><F3/><W102/><G102/><T78/><REACH who="0" step="1"/><D86/><REACH who="0" ten="240,250,250,250" step="2"/><U49/><E33/><V134/><F134/><W81/><G32/><T30/><D30/><U53/><E99/><V94/><F2/><W26/><G81/><N who="2" m="30729" /><F87/><W61/><G61/><T80/><D80/><U92/><E84/><V108/><F108/><W12/><G12/><T126/><D126/><U63/><E63/><V0/><F0/><W17/><AGARI ba="0,1" hai="11,14,17,20,23,26,27,28,29,89,91" m="47113" machi="17" ten="30,1100,0" yaku="13,1" doraHai="120" who="3" fromWho="3" sc="240,-5,250,-3,250,-3,250,21" /><INIT seed="1,0,0,5,1,122" ten="235,247,247,271" oya="1" hai0="77,21,100,132,33,107,47,36,83,130,97,27,92" hai1="40,80,3,39,0,84,62,126,23,75,37,85,20" hai2="124,113,52,4,91,116,98,16,119,101,60,121,15" hai3="18,109,68,102,57,10,26,103,118,30,105,79,32"/><U65/><E126/><V54/><F121/><W11/><G118/><T129/><D33/><U53/><E75/><V9/><F124/><W114/><G114/><T82/><D36/><U42/><E53/><V7/><F113/><W76/><G68/><T5/><D5/><U95/><E62/><V120/><F120/><W28/><G57/><T71/><D71/><U63/><E63/><V89/><F119/><W50/><G50/><T96/><D47/><U51/><E51/><V45/><F116/><W111/><G105/><T78/><D21/><U99/><E95/><N who="2" m="58591" /><F54/><W67/><G32/><T125/><D27/><U44/><E99/><V59/><F45/><W34/><G34/><T74/><D132/><U61/><E61/><V1/><F1/><W112/><G112/><T17/><D17/><U127/><E44/><V108/><F108/><N who="3" m="41547" /><G67/><T41/><D41/><U25/><E127/><V66/><F66/><W81/><G26/><T72/><D125/><U104/><E25/><V88/><AGARI ba="0,0" hai="4,7,9,15,16,52,59,60,88,89,91" m="58591" machi="88" ten="30,7900,0" yaku="8,1,54,3" doraHai="122" who="2" fromWho="2" sc="235,-20,247,-39,247,79,271,-20" /><INIT seed="2,0,0,4,0,9" ten="215,208,326,251" oya="2" hai0="14,7,86,105,118,32,23,66,10,81,114,89,73" hai1="100,1,28,107,90,70,53,16,85,51,30,97,65" hai2="109,59,128,54,24,37,46,36,64,134,61,132,111" hai3="45,20,127,40,13,84,130,22,108,25,83,56,21"/><V110/><F24/><W76/><G108/><T52/><D32/><U115/><E115/><V112/><F112/><W93/><G127/><T87/><D114/><U6/><E6/><V103/><F103/><W75/><G130/><T42/><D105/><U2/><E70/><V95/><F95/><W12/><G56/><T117/><D66/><U38/><E65/><V47/><F128/><W113/><G113/><T39/><D73/><U135/><E38/><N who="2" m="14955" /><F64/><W119/><G119/><N who="0" m="45579" /><D86/><U78/><E78/><V133/><AGARI ba="0,0" hai="46,47,54,59,61,109,110,111,132,133,134" m="14955" machi="133" ten="50,12000,1" yaku="14,1,10,1,20,1,34,2" doraHai="9" who="2" fromWho="2" sc="215,-40,208,-40,326,120,251,-40" /><INIT seed="2,1,0,5,4,68" ten="175,168,446,211" oya="2" hai0="124,82,22,121,78,58,12,71,20,62,13,7,3" hai1="47,15,60,123,39,44,25,30,27,36,83,8,64" hai2="102,77,59,91,131,11,129,73,1,33,122,126,14" hai3="38,32,112,127,84,80,75,28,69,35,95,106,54"/><V48/><F1/><W41/><G127/><T50/><D121/><U79/><E123/><V108/><F33/><W65/><G95/><T98/><D71/><U88/><E47/><V125/><F102/><W111/><G84/><T43/><D3/><U74/><E44/><V116/><F91/><W105/><G54/><T57/><D98/><U120/><E120/><V5/><F116/><W24/><G35/><T101/><D101/><U90/><E90/><V0/><F0/><W128/><G111/><T107/><D107/><U67/><E67/><V118/><F118/><W104/><G128/><N who="2" m="49225" /><F108/><W66/><G66/><T18/><D124/><U72/><E72/><V34/><F34/><W9/><G9/><T2/><D2/><U94/><E30/><V61/><F48/><W46/><G112/><T135/><D135/><U92/><E92/><V110/><F110/><W86/><G86/><N who="0" m="48471" /><D62/><U113/><E113/><V45/><F45/><W56/><G56/><N who="0" m="21611" /><D7/><U6/><E60/><V100/><F100/><W87/><G87/><T85/><D85/><U53/><E64/><N who="2" m="38975" /><F122/><W26/><G105/><T21/><D13/><U132/><E132/><V19/><F5/><W81/><G26/><T130/><D130/><U134/><E134/><V17/><F125/><W70/><G70/><T103/><D103/><U52/><E27/><V37/><F126/><W115/><G115/><T16/><D12/><U96/><REACH who="1" step="1"/><E25/><REACH who="1" ten="175,158,446,211" step="2"/><V114/><F114/><W55/><G75/><T31/><D31/><U40/><E40/><V10/><F73/><W4/><G106/><T51/><D43/><U76/><E76/><RYUUKYOKU ba="1,1" sc="175,15,158,15,446,-15,211,-15" hai0="16,18,20,21,22,50,51" hai1="6,8,15,36,39,52,53,74,79,83,88,94,96" /><INIT seed="3,2,1,1,3,91" ten="190,173,431,196" oya="3" hai0="57,45,1,130,4,73,20,49,52,114,76,80,30" hai1="31,92,108,63,113,103,128,77,67,68,50,36,133" hai2="78,100,42,121,86,56,61,94,37,15,90,10,51" hai3="69,59,26,64,99,101,104,65,66,22,6,23,84"/><W54/><G69/><T2/><D130/><U19/><E113/><V132/><F132/><W79/><G6/><T75/><D75/><U88/><E108/><V43/><F37/><W81/><REACH who="3" step="1"/><G26/><REACH who="3" ten="190,173,431,186" step="2"/><T3/><D114/><U109/><E68/><V106/><F121/><W7/><G7/><T0/><D4/><U115/><E115/><V98/><F78/><W125/><G125/><T122/><D122/><U29/><E133/><V5/><F51/><AGARI ba="2,2" hai="22,23,51,54,59,64,65,66,79,81,84,99,101,104" machi="51" ten="40,3900,0" yaku="1,1,53,1" doraHai="91" doraHaiUra="83" who="3" fromWho="2" sc="190,0,173,0,431,-45,186,65" /><INIT seed="3,3,0,2,0,111" ten="190,173,386,251" oya="3" hai0="61,55,48,117,134,46,6,32,66,45,130,72,118" hai1="112,110,92,119,121,103,5,0,81,104,100,36,95" hai2="69,127,3,44,99,63,51,97,91,84,27,87,80" hai3="64,126,2,123,98,93,4,38,94,26,96,9,60"/><W43/><G126/><T17/><D32/><U37/><E121/><V107/><F3/><W90/><G123/><T12/><D72/><U113/><E5/><V68/><F107/><W50/><G38/><N who="1" m="14954" /><E81/><V71/><F63/><W31/><G50/><T33/><D33/><U79/><E0/><V86/><F127/><W115/><G43/><T70/><D130/><U132/><E79/><V52/><F27/><W41/><G41/><T76/><D76/><U102/><E110/><V42/><F42/><W21/><G115/><N who="1" m="44106" /><E132/><V1/><F1/><W88/><G60/><T62/><D134/><U53/><E53/><V58/><F80/><W124/><G124/><T57/><D6/><U49/><E49/><V83/><F83/><W16/><REACH who="3" step="1"/><G64/><REACH who="3" ten="190,173,386,241" step="2"/><T54/><REACH who="0" step="1"/><D46/><REACH who="0" ten="180,173,386,241" step="2"/><U129/><E129/><V67/><F44/><W20/><G20/><AGARI ba="3,2" hai="12,17,20,45,48,54,55,57,61,62,66,70,117,118" machi="20" ten="30,3900,0" yaku="1,1,2,1,7,1,53,0" doraHai="111" doraHaiUra="109" who="0" fromWho="3" sc="180,68,173,0,386,0,241,-48" /><INIT seed="4,0,0,3,2,54" ten="248,173,386,193" oya="0" hai0="112,78,61,97,51,120,93,72,104,47,108,32,56" hai1="73,75,103,102,1,0,114,33,15,28,134,38,39" hai2="50,29,96,55,116,65,40,21,79,60,121,126,22" hai3="66,23,10,25,99,13,35,124,118,110,95,85,74"/><T17/><D120/><U92/><E134/><V89/><F126/><W42/><G110/><T5/><D104/><U12/><E92/><V57/><F116/><W81/><G74/><T77/><D112/><U64/><E64/><V16/><F79/><W98/><G35/><T6/><D32/><U37/><E33/><V87/><F96/><W3/><G3/><N who="1" m="1098" /><E28/><V9/><F40/><W53/><G124/><T132/><D132/><U20/><E20/><V94/><F121/><W86/><G66/><N who="0" m="39207" /><D72/><N who="1" m="27723" /><E114/><V8/><F22/><W119/><G42/><N who="0" m="25079" /><D108/><U36/><N who="1" m="9216" /><DORA hai="7" /><U100/><AGARI ba="0,0" hai="12,15,100,102,103" m="9216,27723,1098" machi="100" ten="70,8000,1" yaku="4,1,28,2,26,2" doraHai="54,7" who="1" fromWho="1" sc="248,-40,173,80,386,-20,193,-20" /><INIT seed="5,0,0,3,1,81" ten="208,253,366,173" oya="1" hai0="58,76,130,124,102,6,34,100,122,129,84,36,62" hai1="21,121,24,63,85,92,106,86,113,114,93,119,126" hai2="72,116,94,11,132,70,57,117,17,1,14,83,19" hai3="54,47,89,127,71,79,25,107,82,61,73,90,97"/><U135/><E121/><V45/><F70/><W87/><G127/><T26/><D36/><U67/><E119/><V46/><F132/><W125/><G125/><T69/><D124/><U133/><E126/><V38/><F1/><W31/><G47/><T120/><D69/><U80/><E106/><V16/><F116/><W51/><G73/><T4/><D26/><U123/><E123/><N who="0" m="47145" /><D34/><U2/><E2/><V52/><F117/><W3/><G3/><T9/><D76/><N who="1" m="46215" /><E67/><V108/><F108/><W20/><G71/><T104/><D84/><U65/><E65/><V22/><F38/><W12/><G61/><T18/><D18/><N who="2" m="7274" /><F72/><W27/><G12/><N who="0" m="5159" /><D6/><U56/><E135/><V103/><F83/><W109/><G109/><T41/><D41/><U88/><E133/><V131/><F22/><W115/><G25/><T95/><D95/><U40/><E24/><V7/><F7/><W78/><G78/><T32/><D104/><U105/><E21/><V8/><F8/><W43/><G43/><T28/><D28/><U77/><E40/><V49/><F131/><N who="0" m="50186" /><D32/><U60/><E105/><V66/><F66/><AGARI ba="0,0" hai="58,62,66,100,102" m="50186,5159,47145" machi="66" ten="30,2000,0" yaku="13,1,19,1" doraHai="81" who="0" fromWho="2" sc="208,20,253,0,366,-20,173,0" /><INIT seed="6,0,0,4,4,87" ten="228,253,346,173" oya="2" hai0="26,67,40,32,131,74,60,20,106,37,96,56,110" hai1="14,91,89,119,102,103,76,19,133,22,29,35,30" hai2="124,44,132,45,28,113,66,17,104,16,54,47,6" hai3="85,101,116,120,58,111,129,77,50,12,127,11,70"/><V39/><F104/><W23/><G70/><T24/><D110/><U118/><E133/><V69/><F39/><W63/><G116/><T121/><D74/><U83/><E119/><V7/><F113/><W31/><G120/><T48/><D37/><U71/><E71/><V109/><F69/><W72/><G72/><T86/><D32/><U5/><E5/><V0/><F0/><W99/><G127/><T80/><D131/><U4/><E4/><N who="2" m="1579" /><F66/><W115/><G129/><T98/><D106/><U25/><E30/><V73/><F73/><W2/><G50/><T46/><D121/><U84/><REACH who="1" step="1"/><E118/><REACH who="1" ten="228,243,346,173" step="2"/><V3/><F28/><W64/><G2/><T49/><D26/><U42/><E42/><V53/><F132/><W125/><G111/><T34/><D40/><U13/><E13/><V82/><F3/><W59/><G125/><T112/><D24/><U95/><E95/><V33/><F124/><W36/><G115/><T57/><D112/><U134/><E134/><V8/><F109/><W18/><G31/><T68/><D68/><U130/><E130/><V78/><F17/><W79/><G18/><T92/><D92/><U128/><E128/><V41/><F41/><W123/><G12/><T55/><D34/><U21/><E21/><V135/><F33/><W65/><G23/><T93/><D20/><U122/><E122/><V90/><F135/><W27/><G123/><T62/><D93/><U38/><E38/><V1/><F16/><W114/><G36/><T100/><D80/><U97/><E97/><V94/><F1/><W117/><G114/><T108/><D108/><RYUUKYOKU ba="0,1" sc="228,-10,243,30,346,-10,173,-10" hai1="14,19,22,25,29,35,76,83,84,89,91,102,103" /><INIT seed="7,1,1,3,4,94" ten="218,273,336,163" oya="3" hai0="43,76,45,32,97,28,109,20,119,0,69,129,38" hai1="101,88,16,21,55,34,26,106,113,70,9,130,132" hai2="3,127,77,57,92,110,121,7,2,61,35,79,118" hai3="39,107,31,19,4,122,74,27,24,58,44,135,5"/><W29/><G74/><T71/><D109/><U64/><E113/><V14/><F35/><W33/><G122/><T108/><D108/><U103/><E34/><V105/><F105/><W48/><G135/><T23/><D0/><U12/><E130/><V63/><F118/><W87/><G107/><T125/><D129/><U128/><E128/><V83/><F127/><W114/><G114/><T99/><D32/><U124/><E124/><V25/><F25/><W126/><G126/><T22/><D125/><U49/><E132/><V15/><F92/><W56/><G19/><T73/><D28/><U115/><E88/><V51/><F51/><W85/><G33/><T54/><D119/><U46/><E115/><V117/><F117/><W53/><G48/><T102/><D54/><U93/><E93/><V30/><F83/><W78/><G53/><T60/><D102/><U133/><E133/><V40/><F30/><W111/><G111/><T123/><D123/><U104/><E104/><V95/><F7/><W98/><G98/><T72/><D72/><U82/><E82/><V62/><F95/><W36/><REACH who="3" step="1"/><G44/><REACH who="3" ten="218,273,336,153" step="2"/><T10/><D73/><U134/><E134/><V96/><F96/><N who="0" m="36938" /><D45/><U59/><E106/><V65/><F121/><W84/><G84/><T52/><D52/><U67/><E46/><V86/><F86/><W120/><G120/><T100/><D100/><N who="1" m="38475" /><E70/><V42/><F110/><W17/><G17/><AGARI ba="1,2" hai="9,12,16,17,21,26,49,55,59,64,67" m="38475" machi="17" ten="30,2000,0" yaku="8,1,54,1" doraHai="94" who="1" fromWho="3" sc="218,0,273,43,336,0,153,-23" owari="218,-18.0,316,12.0,336,43.0,130,-37.0" /></mjloggm>