<mjloggm ver="2.3"><GO type="169" lobby="0"/><UN n0="%E3%83%AA%E3%83%84%E3%83%9F%E3%82%B5%E3%83%B3" n1="%72%65%72%65%6D%61%72%75" n2="%E5%B0%8F%E6%9E%97%E6%B5%81%E7%89%8C%E6%89%8B" n3="%E3%81%B6%E3%83%BC%E3%81%95%E3%82%93%E3%81%AE%E4%BC%91%E6%81%AF%E2%99%AA" dan="17,16,18,17" rate="2206.67,2096.64,2227.88,2200.02" sx="M,M,M,M"/><TAIKYOKU oya="0"/><INIT seed="0,0,0,1,5,120" ten="250,250,250,250" oya="0" hai0="106,64,96,84,89,115,9,85,8,101,131,45,18" hai1="66,75,124,98,24,111,73,79,41,93,51,1,38" hai2="0,99,88,133,4,34,50,80,22,135,36,49,70" hai3="108,59,16,103,121,109,43,12,42,97,69,57,127"/><T46/><D115/><U90/><E38/><V61/><F34/><W26/><G69/><T35/><D131/><U52/><E124/><V44/><F36/><W118/><G118/><T10/><D35/><U116/><E1/><V53/><F0/><W130/><G127/><T17/><D64/><U15/><E41/><N who="3" m="15370" /><G130/><T39/><D39/><U114/><E116/><V47/><F4/><W40/><G40/><T32/><D32/><U134/><E134/><N who="2" m="51211" /><F22/><N who="3" m="11527" /><G26/><T56/><D56/><U67/><E24/><V100/><F49/><W27/><G27/><T77/><D77/><U91/><E114/><V113/><F113/><W62/><G62/><T65/><D65/><U23/><E67/><V102/><F44/><W110/><G121/><T123/><D123/><U82/><E66/><N who="2" m="41295" /><F80/><W55/><G55/><T30/><D30/><U94/><E73/><V95/><AGARI ba="0,0" hai="47,50,53,88,95,99,100,102" m="41295,51211" machi="95" ten="30,2000,0" yaku="20,1,54,1" doraHai="120" who="2" fromWho="2" sc="250,-10,250,-5,250,20,250,-5" /><INIT seed="1,0,0,2,3,110" ten="240,245,270,245" oya="1" hai0="127,15,65,104,21,119,66,55,51,78,59,131,92" hai1="61,23,122,22,109,60,130,135,71,115,89,67,30" hai2="10,16,69,6,44,80,83,91,48,33,56,70,8" hai3="42,93,72,129,87,106,133,113,14,81,114,46,75"/><U82/><E122/><V20/><F33/><W108/><G108/><T62/><D104/><U52/><E109/><V125/><F69/><W4/><G106/><T9/><D119/><U49/><E135/><V98/><F70/><W101/><G133/><T2/><D2/><U13/><E130/><V64/><F125/><W38/><G129/><T28/><D127/><U57/><E115/><V3/><F8/><W31/><G31/><T53/><D78/><U100/><E100/><V99/><F56/><W25/><G25/><N who="0" m="16431" /><D92/><U117/><E117/><V107/><F64/><W132/><G132/><T19/><D131/><U85/><E30/><V27/><F107/><W73/><G4/><T32/><D32/><U121/><E121/><V90/><F90/><W11/><G93/><T94/><D94/><U34/><E34/><V63/><F63/><W79/><REACH who="3" step="1"/><G101/><REACH who="3" ten="240,245,270,235" step="2"/><T37/><D37/><U5/><REACH who="1" step="1"/><E61/><REACH who="1" ten="240,235,270,235" step="2"/><V97/><REACH who="2" step="1"/><F91/><REACH who="2" ten="240,235,260,235" step="2"/><W58/><G58/><AGARI ba="0,3" hai="9,15,19,51,53,55,58,59,62,65,66" m="16431" machi="58" ten="30,1000,0" yaku="8,1" doraHai="110" who="0" fromWho="3" sc="240,40,235,0,260,0,235,-10" /><INIT seed="2,0,0,4,4,88" ten="280,235,260,225" oya="2" hai0="66,25,68,94,93,125,11,29,18,126,129,107,119" hai1="81,70,111,1,116,38,30,76,35,51,109,97,17" hai2="75,20,3,121,134,82,46,85,118,43,33,114,87" hai3="55,100,117,67,128,2,49,95,57,59,31,79,89"/><V103/><F33/><W110/><G110/><T96/><D11/><U62/><E38/><V60/><F114/><W115/><G2/><T98/><D18/><U131/><E116/><V21/><F121/><W47/><G128/><T14/><D14/><U9/><E131/><V80/><F118/><W120/><G79/><T101/><D119/><U64/><E51/><N who="2" m="27103" /><F75/><W27/><G120/><T127/><D98/><U56/><E56/><V63/><F3/><W84/><G115/><T72/><D72/><U123/><E123/><V92/><F134/><W7/><G7/><T5/><D5/><U74/><E17/><V91/><F82/><W23/><G117/><T105/><D105/><U104/><E9/><V12/><F103/><W83/><REACH who="3" step="1"/><G67/><REACH who="3" ten="280,235,260,215" step="2"/><T54/><D129/><U108/><E1/><V99/><F12/><W22/><G22/><N who="2" m="8809" /><F99/><AGARI ba="0,1" hai="23,27,31,47,49,55,57,59,83,84,89,95,99,100" machi="99" ten="40,5200,0" yaku="1,1,8,1,52,1,53,0" doraHai="88" doraHaiUra="0" who="3" fromWho="2" sc="280,0,235,0,260,-52,215,62" /><INIT seed="3,0,0,5,0,28" ten="280,235,208,277" oya="3" hai0="23,102,27,117,103,35,110,90,109,124,44,55,74" hai1="4,66,84,43,119,91,133,14,116,6,16,48,128" hai2="87,47,127,93,60,39,62,130,112,63,96,113,20" hai3="92,69,34,3,15,21,70,81,57,24,100,67,61"/><W13/><G3/><T0/><D74/><U76/><E133/><V125/><F87/><W115/><G115/><N who="2" m="44105" /><F20/><W26/><G70/><T30/><D117/><U50/><E128/><V49/><F93/><W36/><G36/><T12/><D124/><N who="2" m="47690" /><F96/><W10/><G69/><T68/><D68/><U59/><E76/><V5/><F5/><W131/><G131/><T31/><D0/><U17/><E17/><V33/><F130/><W25/><G81/><T122/><D90/><U77/><E77/><V83/><F83/><W29/><G21/><T135/><D135/><U80/><E119/><V101/><F101/><W120/><G120/><T46/><D122/><U78/><E78/><V89/><F89/><W41/><G41/><T42/><D42/><U79/><E79/><V32/><F39/><W38/><G15/><T97/><D97/><U104/><E104/><V108/><F108/><W8/><G10/><T95/><D12/><U45/><E116/><V134/><F134/><W22/><G22/><T129/><D23/><U40/><E40/><AGARI ba="0,0" hai="32,33,40,47,49,60,62,63" m="47690,44105" machi="40" ten="40,5200,0" yaku="18,1,52,2" doraHai="28" who="2" fromWho="1" sc="280,0,235,-52,208,52,277,0" /><INIT seed="4,0,0,2,0,123" ten="280,183,260,277" oya="0" hai0="109,83,7,12,129,29,82,130,61,111,19,44,37" hai1="68,88,1,28,2,10,70,24,131,102,39,25,86" hai2="23,32,104,18,54,93,75,114,90,30,11,38,34" hai3="106,60,33,14,36,105,5,49,103,94,56,64,76"/><T110/><D29/><U122/><E122/><V112/><F104/><W135/><G36/><T46/><D7/><U101/><E131/><N who="0" m="50185" /><D61/><U74/><E74/><V78/><F38/><W55/><G33/><T118/><D118/><U31/><E39/><V62/><F75/><W50/><G135/><T128/><D128/><U4/><E4/><V124/><F78/><W27/><G27/><T8/><D46/><U96/><E86/><V45/><F11/><W17/><G5/><T43/><AGARI ba="0,0" hai="8,12,19,37,43,44,82,83,109,110,111" m="50185" machi="43" ten="40,12000,1" yaku="10,1,19,1,52,3" doraHai="123" who="0" fromWho="0" sc="280,120,183,-40,260,-40,277,-40" /><INIT seed="4,1,0,5,4,36" ten="400,143,220,237" oya="0" hai0="93,61,1,50,44,43,2,19,26,120,125,67,48" hai1="75,135,60,52,6,109,80,22,126,29,20,21,17" hai2="105,81,45,78,10,129,133,23,12,33,87,14,79" hai3="63,117,76,49,71,15,42,82,37,103,97,72,89"/><T100/><D120/><U7/><E135/><V114/><F33/><W64/><G117/><T110/><D125/><U40/><E126/><V32/><F32/><W51/><G89/><T132/><D132/><U112/><E109/><V16/><F105/><W68/><G68/><T62/><D110/><U99/><E112/><V73/><F133/><W5/><G5/><T3/><D50/><U70/><E29/><V121/><F121/><W83/><G83/><T113/><D113/><U28/><E28/><V74/><F114/><W55/><G15/><T119/><D119/><U111/><E99/><V115/><F115/><W124/><G124/><T56/><D62/><U59/><E70/><V9/><F129/><W85/><G72/><T94/><REACH who="0" step="1"/><D100/><REACH who="0" ten="390,143,220,237" step="2"/><U107/><E60/><V98/><F74/><W91/><G49/><T11/><D11/><U0/><E75/><V108/><F108/><W47/><G103/><T123/><D123/><U92/><E111/><V46/><F9/><W104/><G37/><T90/><D90/><U131/><E131/><V101/><F73/><W95/><REACH who="3" step="1"/><G104/><REACH who="3" ten="390,143,220,227" step="2"/><T53/><D53/><AGARI ba="1,2" hai="42,47,51,53,55,63,64,71,76,82,85,91,95,97" machi="53" ten="40,8000,1" yaku="1,1,2,1,52,1,53,1" doraHai="36" doraHaiUra="38" who="3" fromWho="0" sc="390,-83,143,0,220,0,227,103" /><INIT seed="5,0,0,4,0,33" ten="307,143,220,330" oya="1" hai0="78,25,3,102,11,79,71,65,9,34,70,131,18" hai1="91,20,68,10,60,109,23,128,24,69,82,45,5" hai2="123,104,111,19,90,83,99,53,2,32,106,101,97" hai3="59,117,85,13,40,76,47,14,98,130,39,126,8"/><U87/><E128/><V46/><F111/><W122/><G130/><T27/><D102/><U22/><E109/><V77/><F123/><W51/><G126/><T55/><D34/><U125/><E125/><V110/><F110/><W6/><G117/><T86/><D65/><U132/><E132/><V48/><F32/><W44/><G59/><T62/><D86/><U61/><E24/><V37/><F37/><W67/><G67/><T4/><D62/><U135/><E135/><V43/><F19/><W72/><G98/><T105/><D55/><U0/><REACH who="1" step="1"/><E45/><REACH who="1" ten="307,133,220,330" step="2"/><V103/><F46/><W127/><G127/><T129/><D25/><U124/><E124/><V17/><F104/><W31/><G122/><T74/><D27/><U36/><E36/><V81/><F106/><W35/><G44/><T38/><D38/><U119/><E119/><V118/><F118/><W88/><G39/><T16/><D105/><U28/><E28/><V12/><F101/><W50/><G31/><T112/><D131/><U100/><E100/><V58/><F103/><W113/><G47/><T92/><D129/><U84/><E84/><V56/><F97/><W7/><G85/><T93/><D74/><U15/><E15/><V95/><F12/><W120/><G14/><T115/><D3/><U107/><E107/><V114/><F2/><W75/><G13/><T57/><D4/><U1/><E1/><V54/><F99/><W94/><G75/><T63/><D112/><U133/><E133/><V108/><F114/><W80/><G113/><T21/><D115/><U73/><E73/><N who="2" m="43183" /><F108/><W30/><G72/><RYUUKYOKU ba="0,1" sc="307,-10,133,30,220,-10,330,-10" hai1="0,5,10,20,22,23,60,61,68,69,82,87,91" /><INIT seed="5,1,1,3,4,89" ten="297,163,210,320" oya="1" hai0="36,2,117,79,29,125,115,119,41,90,4,55,54" hai1="111,121,25,23,42,76,61,116,103,40,100,18,68" hai2="60,11,31,63,62,73,72,124,75,78,28,15,38" hai3="50,85,134,74,26,51,56,1,27,120,104,110,58"/><U113/><E116/><V3/><F38/><W6/><G74/><T81/><D29/><U87/><E121/><V8/><F78/><W83/><G104/><T96/><D115/><U77/><E113/><V102/><F124/><W105/><G105/><T66/><D66/><U12/><E111/><V14/><F102/><W99/><G120/><T95/><D125/><U43/><E68/><V46/><F46/><W86/><G6/><T127/><D55/><U93/><E61/><V34/><F3/><W16/><G1/><T114/><D54/><U109/><E109/><V94/><F94/><W131/><G131/><T128/><D128/><U129/><E129/><V97/><F97/><W98/><G134/><T108/><D108/><U126/><E126/><V49/><F49/><W0/><G0/><T132/><D132/><U57/><E57/><V70/><F34/><W59/><G59/><T135/><D135/><U91/><E103/><V17/><REACH who="2" step="1"/><F70/><REACH who="2" ten="297,163,200,320" step="2"/><W133/><G110/><T47/><D127/><U21/><REACH who="1" step="1"/><E100/><REACH who="1" ten="297,153,200,320" step="2"/><V123/><F123/><W5/><G133/><T53/><D114/><U106/><E106/><V82/><F82/><W69/><G83/><T24/><D81/><U112/><E112/><V67/><F67/><W33/><G69/><T48/><D119/><U64/><E64/><V130/><F130/><W13/><G58/><T22/><D117/><U9/><E9/><V52/><F52/><W84/><G56/><T39/><D53/><U20/><E20/><V92/><F92/><W19/><G33/><T122/><D122/><U7/><E7/><AGARI ba="1,3" hai="7,8,11,14,15,17,28,31,60,62,63,72,73,75" machi="7" ten="50,1600,0" yaku="1,1,53,0" doraHai="89" doraHaiUra="44" who="2" fromWho="1" sc="297,0,153,-19,200,49,320,0" /><INIT seed="6,0,0,4,4,113" ten="297,134,249,320" oya="2" hai0="124,23,68,4,26,24,10,105,40,121,129,83,80" hai1="0,6,81,75,90,119,2,60,102,76,133,55,32" hai2="58,89,120,5,63,22,44,79,97,48,91,30,62" hai3="100,86,73,82,14,115,49,78,16,34,25,106,132"/><V64/><F120/><W109/><G109/><T17/><D68/><U29/><E133/><V43/><F79/><W35/><G132/><T39/><D105/><U28/><E102/><V12/><F5/><W37/><G37/><T33/><D121/><U31/><E32/><V8/><F97/><W59/><G25/><T122/><D122/><U67/><E55/><V96/><F96/><W135/><G135/><T45/><D124/><U65/><E67/><V95/><F95/><W110/><G110/><T52/><D129/><U87/><E6/><N who="2" m="3095" /><F62/><W56/><G56/><T77/><D77/><U18/><E18/><V54/><F43/><W103/><G106/><T3/><D26/><AGARI ba="0,0" hai="22,26,30,44,48,54,58,63,64,89,91" m="3095" machi="26" ten="30,1500,0" yaku="8,1" doraHai="113" who="2" fromWho="0" sc="297,-15,134,0,249,15,320,0" /><INIT seed="6,1,0,3,5,121" ten="282,134,264,320" oya="2" hai0="133,81,29,39,78,38,19,112,43,18,42,134,48" hai1="110,62,35,65,49,16,23,117,116,41,80,44,84" hai2="90,129,5,96,131,45,40,102,113,108,57,105,51" hai3="31,97,59,52,34,55,73,88,61,14,21,27,120"/><V93/><F113/><W53/><G73/><T75/><D29/><U100/><E35/><V87/><F5/><W13/><G120/><T67/><D67/><U8/><E8/><V104/><F108/><W77/><G77/><T103/><D103/><U99/><E110/><V25/><F25/><W54/><G34/><T101/><D101/><U109/><E109/><V1/><F1/><W114/><G114/><T122/><D48/><U58/><E84/><V28/><F28/><W66/><N who="3" m="13312" /><DORA hai="15" /><W32/><REACH who="3" step="1"/><G32/><REACH who="3" ten="282,134,264,310" step="2"/><T50/><D112/><U92/><REACH who="1" step="1"/><E80/><REACH who="1" ten="282,124,264,310" step="2"/><V132/><F129/><W70/><G70/><T36/><D81/><U37/><E37/><V46/><F131/><W86/><G86/><T2/><D39/><U56/><E56/><V12/><F57/><W63/><G63/><T3/><D38/><U94/><E94/><AGARI ba="1,2" hai="13,14,21,27,31,59,61,66,88,94,97" m="13312" machi="94" ten="50,8000,1" yaku="1,1,8,1,54,2,53,0" doraHai="121,15" doraHaiUra="107,98" who="3" fromWho="1" sc="282,0,124,-83,264,0,310,103" /><INIT seed="7,0,0,3,1,81" ten="282,41,264,413" oya="3" hai0="94,52,14,131,69,61,71,6,60,88,26,115,97" hai1="101,54,114,39,125,118,8,129,13,107,16,134,84" hai2="86,66,37,102,65,98,112,19,120,72,64,77,56" hai3="70,49,99,3,32,35,68,93,41,51,11,96,110"/><W18/><G110/><T133/><D131/><U111/><E54/><V7/><F37/><W67/><G67/><T48/><D133/><U4/><E101/><V73/><F112/><W117/><G117/><T113/><D26/><U30/><E84/><V83/><F7/><W42/><G18/><T25/><D25/><U58/><E58/><V104/><F120/><W53/><G93/><T121/><D121/><U76/><E76/><V122/><F122/><W57/><G57/><T59/><D14/><U22/><E107/><V109/><F109/><W87/><G87/><T132/><D132/><U55/><E55/><V62/><F19/><W36/><G53/><T89/><D6/><U28/><E39/><V116/><F116/><W75/><G36/><T50/><D89/><U15/><E134/><V38/><F38/><W9/><G75/><T100/><D100/><U124/><E118/><V95/><F72/><W74/><G74/><T20/><D20/><U92/><E92/><V1/><F1/><AGARI ba="0,0" hai="1,3,9,11,32,35,41,42,49,51,68,70,96,99" machi="1" ten="25,2400,0" yaku="22,2" doraHai="81" who="3" fromWho="2" sc="282,0,41,0,264,-24,413,24" owari="282,8.0,41,-46.0,240,-16.0,437,54.0" /></mjloggm>