<mjloggm ver="2.3"><GO type="169" lobby="0"/><UN n0="%E3%83%8A%E3%82%AB%E3%81%AB%E3%81%97" n1="%6B%6F%6D%69" n2="%E3%81%8D%E3%82%88%E3%81%97%E3%81%BE%E3%82%8B" n3="%E9%AB%98%E6%A9%8B%E6%B7%B3" dan="17,16,16,16" rate="2225.88,2151.58,2124.45,2114.92" sx="M,M,F,M"/><TAIKYOKU oya="0"/><INIT seed="0,0,0,0,3,79" ten="250,250,250,250" oya="0" hai0="26,77,9,113,115,131,85,102,1,82,58,39,104" hai1="36,54,106,28,87,98,52,124,117,27,55,135,97" hai2="64,67,61,33,86,103,88,45,114,83,120,29,18" hai3="2,19,110,94,99,57,21,125,51,93,25,123,107"/><T38/><D131/><U121/><E117/><V17/><F114/><W78/><G110/><T69/><D69/><U40/><E121/><V4/><F120/><W73/><G125/><T14/><D1/><U108/><E108/><V37/><F4/><W42/><G2/><T49/><D104/><U100/><E124/><V41/><F103/><W48/><G123/><T91/><D102/><U90/><E98/><V6/><F6/><W53/><G107/><T80/><D26/><U132/><E40/><V129/><F129/><W70/><G70/><T56/><D113/><U109/><E36/><V92/><F67/><W13/><G93/><T7/><D115/><U66/><E66/><V34/><F92/><W89/><G78/><T122/><D122/><U96/><E96/><V81/><F81/><W5/><G73/><T10/><D10/><U116/><E116/><V74/><F74/><W112/><G112/><T65/><D56/><U44/><E44/><V76/><F76/><W133/><G133/><T130/><D130/><U50/><E50/><V60/><F60/><N who="3" m="35887" /><G42/><T126/><D126/><U0/><E0/><V32/><REACH who="2" step="1"/><F29/><REACH who="2" ten="250,250,240,250" step="2"/><N who="3" m="17583" /><G5/><T30/><D30/><U128/><E128/><V3/><F3/><W118/><G118/><T105/><D105/><U16/><E109/><V31/><F31/><W24/><G94/><T62/><REACH who="0" step="1"/><D49/><REACH who="0" ten="240,250,240,250" step="2"/><U75/><E28/><V127/><F127/><W23/><G48/><T101/><D101/><U72/><E132/><V22/><F22/><W12/><G51/><T95/><D95/><N who="1" m="54751" /><E135/><V84/><F84/><AGARI ba="0,2" hai="7,9,14,38,39,58,62,65,77,80,82,84,85,91" machi="84" ten="30,12000,1" yaku="1,1,7,1,52,2,53,1" doraHai="79" doraHaiUra="63" who="0" fromWho="2" sc="240,140,250,0,240,-120,250,0" /><INIT seed="0,1,0,5,5,24" ten="380,250,120,250" oya="0" hai0="46,3,34,57,14,59,111,127,110,64,68,95,23" hai1="31,67,83,114,66,27,7,86,85,74,119,2,90" hai2="1,108,107,104,109,52,76,20,38,41,17,89,15" hai3="115,21,116,118,53,100,69,5,101,71,124,130,84"/><T60/><D34/><U4/><E119/><V0/><F76/><W135/><G115/><T43/><D3/><U19/><E74/><V37/><F89/><W9/><G124/><T128/><D95/><U47/><E114/><V132/><F41/><W134/><G130/><T122/><D14/><U96/><E96/><V42/><F42/><W39/><G21/><T26/><D122/><U77/><E19/><V56/><F132/><W61/><G39/><N who="2" m="14857" /><F0/><W65/><G71/><T54/><D128/><U98/><E98/><V29/><F29/><W13/><G53/><T33/><D33/><U81/><E47/><V32/><F1/><W106/><G84/><T78/><D78/><U70/><E70/><V117/><F32/><W63/><G63/><T102/><D102/><N who="3" m="39529" /><G106/><T18/><D127/><U36/><E36/><V133/><F133/><AGARI ba="1,0" hai="5,9,13,61,65,69,116,118,133,134,135" m="39529" machi="133" ten="30,1000,0" yaku="20,1" doraHai="24" who="3" fromWho="2" sc="380,0,250,0,120,-13,250,13" /><INIT seed="1,0,0,0,4,112" ten="380,250,107,263" oya="1" hai0="39,86,110,135,8,114,19,22,11,36,62,65,56" hai1="79,63,91,99,69,46,88,53,76,66,41,68,13" hai2="18,83,125,38,92,17,5,118,128,20,108,55,30" hai3="58,109,131,26,89,50,9,123,129,111,57,12,105"/><U85/><E68/><V95/><F38/><W52/><G105/><T80/><D114/><U2/><E2/><V14/><F108/><N who="3" m="41547" /><G123/><T100/><D110/><U124/><E124/><V75/><F125/><W3/><G3/><T107/><D135/><U42/><E42/><V94/><F128/><N who="3" m="49227" /><G26/><T87/><D87/><U60/><E13/><V45/><F5/><N who="3" m="3119" /><G89/><T115/><D107/><U59/><E91/><V132/><F132/><W34/><G34/><T61/><D100/><U93/><REACH who="1" step="1"/><E85/><REACH who="1" ten="380,240,107,263" step="2"/><V15/><F15/><W134/><G134/><T21/><D86/><U106/><E106/><V74/><F14/><W25/><G25/><T104/><D104/><U29/><E29/><V37/><F30/><W96/><G96/><T90/><D90/><U6/><E6/><V32/><F75/><W121/><G121/><T127/><D127/><U28/><E28/><V81/><F74/><W43/><G43/><T72/><D72/><U78/><E78/><V24/><F83/><W97/><G97/><T102/><D80/><U101/><E101/><V54/><F81/><W126/><G126/><T0/><D102/><U64/><E64/><V130/><F130/><W49/><G58/><T1/><D56/><U119/><E119/><V51/><F94/><W10/><G10/><T31/><D31/><U117/><E117/><V122/><F118/><W120/><G120/><T70/><D115/><U40/><E40/><V77/><F95/><W48/><AGARI ba="0,1" hai="48,49,50,52,57" m="3119,49227,41547" machi="48" ten="40,5200,0" yaku="14,1,19,1,54,1" doraHai="112" who="3" fromWho="3" sc="380,-13,240,-26,107,-13,263,62" /><INIT seed="2,0,0,4,3,104" ten="367,214,94,325" oya="2" hai0="20,133,7,9,61,53,33,101,91,85,97,44,30" hai1="56,27,80,36,6,58,100,72,1,2,81,131,96" hai2="83,77,0,28,71,126,32,103,117,34,19,15,51" hai3="130,68,49,54,25,12,63,88,8,134,60,102,132"/><V119/><F71/><W41/><G130/><T92/><D133/><U115/><E115/><V123/><F103/><W87/><G102/><T14/><D33/><N who="2" m="12906" /><F51/><W16/><G25/><T84/><D30/><U112/><E112/><V50/><F50/><W118/><G41/><T35/><D35/><U74/><E131/><V127/><F83/><N who="3" m="49279" /><G118/><N who="2" m="45065" /><F77/><W116/><G116/><T23/><D85/><U70/><E100/><V93/><F93/><W73/><G73/><T78/><D78/><U105/><E70/><V52/><F52/><W4/><G4/><T107/><D44/><U82/><E82/><V26/><F0/><W64/><G60/><T120/><D120/><U3/><E1/><V114/><F114/><W125/><G125/><N who="2" m="47625" /><F123/><W109/><G54/><T65/><D53/><U42/><E3/><V43/><F43/><W13/><G49/><T57/><AGARI ba="0,0" hai="7,9,14,20,23,57,61,65,84,91,92,97,101,107" machi="57" ten="20,1500,0" yaku="0,1,7,1" doraHai="104" who="0" fromWho="0" sc="367,15,214,-4,94,-7,325,-4" /><INIT seed="3,0,0,4,0,101" ten="382,210,87,321" oya="3" hai0="42,85,127,18,91,102,22,74,123,98,111,53,76" hai1="14,65,62,24,80,8,11,124,36,12,48,17,119" hai2="21,121,116,118,99,15,135,39,106,89,9,19,129" hai3="126,26,31,113,81,83,33,104,13,25,132,96,23"/><W63/><G113/><T72/><D123/><U95/><E36/><V68/><F121/><W5/><G126/><T120/><D120/><U10/><E124/><V38/><F135/><W90/><G132/><T20/><D111/><U47/><E119/><V34/><F129/><W43/><G43/><T59/><D42/><U60/><E95/><V3/><F68/><W55/><G13/><T37/><D37/><U70/><E62/><V105/><F34/><W92/><G5/><T2/><D2/><U6/><E80/><V52/><F39/><W108/><G104/><T133/><D76/><U117/><E117/><V54/><F38/><W64/><G108/><T77/><D77/><U134/><E134/><V122/><F122/><W27/><G27/><T115/><D22/><U71/><E24/><V49/><F54/><W112/><G112/><T32/><D32/><U50/><E70/><V35/><F35/><W130/><G55/><T82/><D115/><U30/><E30/><V79/><F79/><W57/><REACH who="3" step="1"/><G130/><REACH who="3" ten="382,210,87,311" step="2"/><T1/><D127/><U93/><E12/><V107/><F3/><W29/><AGARI ba="0,1" hai="23,25,26,29,31,33,57,63,64,81,83,90,92,96" machi="29" ten="20,7800,0" yaku="1,1,2,1,0,1,7,1,53,0" doraHai="101" doraHaiUra="40" who="3" fromWho="3" sc="382,-26,210,-26,87,-26,311,88" /><INIT seed="3,1,0,3,5,62" ten="356,184,61,399" oya="3" hai0="108,106,131,31,130,121,32,13,53,6,111,103,27" hai1="24,65,135,81,54,68,120,96,127,57,21,95,36" hai2="112,34,125,55,91,20,37,0,110,8,70,79,64" hai3="42,100,133,73,93,85,89,94,45,4,118,69,80"/><W18/><G118/><T82/><D121/><U128/><E120/><V10/><F112/><W83/><G133/><T50/><D82/><U46/><E135/><V1/><F37/><W61/><G4/><T109/><D103/><U107/><E107/><V86/><F34/><W129/><G18/><T9/><REACH who="0" step="1"/><D106/><REACH who="0" ten="346,184,61,399" step="2"/><U66/><E81/><V90/><F110/><W59/><G100/><T122/><D122/><U116/><E116/><V132/><F132/><W117/><G117/><T134/><D134/><U126/><E127/><V92/><F125/><W28/><G83/><T48/><D48/><U15/><E126/><V104/><F104/><W12/><G80/><T16/><D16/><U124/><E124/><V87/><F79/><W25/><G93/><T78/><D78/><U19/><E19/><V38/><F38/><W7/><G94/><T43/><D43/><U26/><E95/><V98/><F92/><W14/><G42/><T76/><D76/><U52/><E36/><V11/><F98/><W101/><G101/><T44/><AGARI ba="1,1" hai="6,9,13,27,31,32,44,50,53,108,109,111,130,131" machi="44" ten="40,8000,1" yaku="1,1,0,1,14,1,53,1" doraHai="62" doraHaiUra="2" who="0" fromWho="0" sc="346,93,184,-21,61,-21,399,-41" /><INIT seed="4,0,0,0,2,69" ten="439,163,40,358" oya="0" hai0="106,108,130,32,51,71,74,4,96,85,56,23,5" hai1="132,84,113,80,34,25,12,119,103,57,101,35,62" hai2="38,45,3,107,126,44,111,1,28,127,97,24,73" hai3="75,90,115,2,7,33,50,98,49,15,76,93,104"/><T10/><D71/><U39/><E119/><V117/><F111/><W118/><G118/><T95/><D32/><U22/><E132/><V55/><F117/><W6/><G33/><T53/><D74/><U20/><E39/><V48/><F73/><W94/><G2/><T27/><D130/><U99/><E113/><V31/><F107/><W9/><G6/><T78/><D106/><U26/><E12/><V123/><F123/><W70/><G70/><T131/><D131/><U65/><E34/><V16/><F97/><W67/><G67/><T122/><D122/><U83/><E35/><V42/><F1/><W13/><G13/><T8/><D4/><U125/><E125/><N who="2" m="47627" /><F3/><W68/><G68/><T135/><D5/><U43/><E43/><V91/><F91/><W109/><G109/><T116/><D135/><U19/><E84/><V134/><F134/><W100/><G94/><T88/><D108/><U61/><E61/><V81/><F81/><N who="1" m="31305" /><E99/><V129/><F129/><W18/><G75/><T11/><D116/><U41/><E41/><V102/><F102/><W89/><G100/><T54/><D78/><U114/><E114/><V36/><F36/><W59/><G76/><T87/><REACH who="0" step="1"/><D54/><REACH who="0" ten="429,163,40,358" step="2"/><U112/><E112/><V58/><F44/><W37/><G104/><T47/><D47/><U52/><E65/><V120/><F120/><W60/><G115/><T124/><D124/><U63/><E52/><V86/><F86/><W121/><G121/><T110/><D110/><U21/><E57/><V82/><F82/><W0/><G59/><T66/><D66/><U79/><E79/><RYUUKYOKU ba="0,1" sc="429,15,163,-15,40,15,358,-15" hai0="8,10,11,23,27,51,53,56,85,87,88,95,96" hai2="16,24,28,31,38,42,45,48,55,58" /><INIT seed="4,1,1,1,2,94" ten="444,148,55,343" oya="0" hai0="61,2,38,87,99,5,12,56,27,10,28,63,121" hai1="67,125,88,91,60,98,132,11,44,95,17,117,86" hai2="110,59,57,7,16,130,54,116,3,9,37,21,66" hai3="22,107,26,103,70,36,131,51,6,55,82,39,97"/><T4/><D121/><U90/><E117/><V83/><F110/><W35/><G131/><T50/><D38/><U8/><E132/><V1/><F116/><W100/><G70/><T74/><D74/><U46/><E125/><V96/><F130/><W89/><G6/><T73/><D73/><U71/><E17/><V49/><F37/><W52/><G35/><T18/><D87/><U79/><E79/><V62/><F83/><W114/><G55/><T113/><D113/><U47/><REACH who="1" step="1"/><E86/><REACH who="1" ten="444,138,55,343" step="2"/><V48/><F96/><W120/><G120/><T72/><D72/><U106/><E106/><V112/><F112/><W30/><G114/><T119/><D119/><U101/><AGARI ba="1,2" hai="8,11,44,46,47,60,67,71,88,90,91,95,98,101" machi="101" ten="30,7900,0" yaku="1,1,0,1,52,1,54,1,53,0" doraHai="94" doraHaiUra="25" who="1" fromWho="1" sc="444,-40,138,102,55,-21,343,-21" /><INIT seed="5,0,0,3,0,49" ten="404,240,34,322" oya="1" hai0="65,47,130,35,129,38,46,48,123,115,37,40,50" hai1="61,67,22,13,120,69,28,112,89,87,96,5,93" hai2="62,74,21,92,72,51,63,24,82,106,114,60,39" hai3="6,52,133,100,126,4,7,76,70,103,127,12,66"/><U0/><E120/><V64/><F106/><W10/><G76/><T83/><D35/><U68/><E68/><V85/><F39/><N who="0" m="14858" /><D83/><U122/><E122/><V79/><F114/><W88/><G66/><T119/><D123/><U29/><E112/><V99/><F64/><W124/><G70/><T54/><D115/><U118/><E118/><V131/><F131/><N who="0" m="50186" /><D65/><U78/><E0/><V56/><F51/><W17/><G133/><T121/><D121/><U36/><E36/><V41/><F41/><W59/><REACH who="3" step="1"/><G88/><REACH who="3" ten="404,240,34,312" step="2"/><T34/><D34/><U31/><E78/><V16/><REACH who="2" step="1"/><F56/><REACH who="2" ten="404,240,24,312" step="2"/><W26/><G26/><T19/><D19/><U44/><E67/><V134/><F134/><W25/><G25/><T94/><D119/><U97/><E69/><V113/><F113/><W58/><G58/><T105/><D105/><U117/><E117/><V42/><F42/><W111/><G111/><T116/><D116/><U71/><E71/><V80/><F80/><W14/><G14/><T1/><D1/><U125/><E13/><V102/><AGARI ba="0,2" hai="16,21,24,60,62,63,72,74,79,82,85,92,99,102" machi="102" ten="30,4000,0" yaku="1,1,0,1,54,1,53,0" doraHai="49" doraHaiUra="11" who="2" fromWho="2" sc="404,-10,240,-20,24,60,312,-10" /><INIT seed="6,0,0,1,5,42" ten="394,220,84,302" oya="2" hai0="4,31,68,110,128,129,119,116,99,102,71,29,127" hai1="88,108,55,65,59,52,21,5,79,118,69,112,94" hai2="101,106,60,77,26,113,63,20,111,24,23,9,16" hai3="96,13,54,125,34,104,131,38,48,49,1,87,7"/><V19/><F113/><W95/><G38/><T56/><D110/><U37/><E108/><V80/><F111/><W32/><G1/><T82/><D4/><U72/><E118/><N who="0" m="45097" /><D82/><U17/><E112/><V67/><F67/><W73/><G48/><T122/><D122/><U93/><E37/><V117/><F117/><W66/><G54/><T78/><D78/><U10/><E69/><N who="0" m="26697" /><D56/><U105/><E105/><V89/><F89/><W44/><G87/><T43/><D43/><U30/><E30/><N who="0" m="11273" /><D127/><U58/><E79/><V134/><F134/><W50/><G13/><T33/><D33/><U28/><E28/><V114/><F114/><W100/><G95/><AGARI ba="0,0" hai="95,99,102,128,129" m="11273,26697,45097" machi="95" ten="40,1300,0" yaku="12,1" doraHai="42" who="0" fromWho="3" sc="394,13,220,0,84,0,302,-13" /><INIT seed="7,0,0,5,0,48" ten="407,220,84,289" oya="3" hai0="9,89,126,96,85,51,94,1,21,97,92,57,56" hai1="112,68,71,2,8,34,46,125,103,133,33,100,115" hai2="134,75,70,28,123,114,0,58,19,60,22,132,88" hai3="47,91,66,27,12,128,102,10,107,93,67,13,120"/><W73/><G120/><T127/><D21/><U7/><E125/><N who="0" m="47625" /><D51/><U37/><E133/><V87/><F75/><W82/><G128/><T3/><D96/><U63/><E63/><V50/><F0/><N who="0" m="74" /><D9/><U62/><E62/><V124/><F124/><W69/><G69/><T23/><D23/><U11/><E8/><V121/><F28/><W18/><G27/><T122/><D122/><N who="2" m="46602" /><F70/><W106/><G13/><T31/><D31/><U20/><E20/><V76/><F76/><W79/><G47/><T77/><D77/><U98/><E100/><AGARI ba="0,0" hai="56,57,85,89,92,94,97,100" m="74,47625" machi="100" ten="30,1000,0" yaku="18,1" doraHai="48" who="0" fromWho="1" sc="407,10,220,-10,84,0,289,0" owari="417,52.0,210,-19.0,84,-42.0,289,9.0" /></mjloggm>