<mjloggm ver="2.3"><GO type="185" lobby="0"/><UN n0="%4C%61%69%74%79" n1="%E6%84%9B%E3%81%A8%E6%AD%A3%E7%BE%A9" n2="%E7%8E%89%E6%A8%B9%E6%A1%9C" n3="" dan="16,17,16,0" rate="2118.74,2251.70,2272.63,1500.00" sx="M,F,F,C"/><TAIKYOKU oya="0"/><INIT seed="0,0,0,1,0,50" ten="350,350,350,0" oya="0" hai0="63,68,130,77,44,111,115,2,0,98,133,114,106" hai1="46,92,74,62,33,48,135,119,37,94,102,54,56" hai2="34,39,95,110,134,83,121,76,107,61,123,80,131" hai3=""/><T1/><D133/><U36/><E119/><V100/><N who="2" m="31008" /><V60/><N who="2" m="31520" /><V108/><F34/><T89/><D130/><U75/><E33/><V122/><N who="2" m="31264" /><V42/><F134/><T73/><D44/><U105/><E105/><V3/><F3/><T99/><D99/><U96/><E135/><V51/><F39/><T118/><D118/><U79/><E94/><V126/><F126/><T67/><D89/><U91/><E91/><V71/><F107/><T93/><D93/><U78/><E75/><V101/><F131/><T70/><D70/><U38/><REACH who="1" step="1"/><E74/><REACH who="1" ten="350,340,350,0" step="2"/><V84/><F95/><T97/><D106/><U41/><AGARI ba="0,1" hai="36,37,38,41,46,48,54,56,62,78,79,92,96,102" machi="41" ten="30,5900,0" yaku="1,1,2,1,0,1,52,1,53,0" doraHai="50" doraHaiUra="104" who="1" fromWho="1" sc="350,-39,340,69,350,-20,0,0" /><INIT seed="1,0,0,0,2,2" ten="311,409,330,0" oya="1" hai0="79,113,70,37,75,131,94,55,74,45,67,0,52" hai1="120,132,46,87,40,85,61,124,78,48,119,43,96" hai2="114,102,42,3,125,56,77,93,118,64,98,100,121" hai3=""/><U105/><N who="1" m="30752" /><U69/><E119/><V53/><N who="2" m="31008" /><V130/><F3/><T39/><D0/><U112/><E112/><V127/><F118/><T72/><D113/><U122/><N who="1" m="31264" /><U51/><E132/><V101/><F114/><T107/><D107/><U90/><E78/><V41/><F64/><T91/><D131/><U115/><E115/><V68/><F68/><T82/><D37/><U50/><E124/><N who="2" m="47691" /><F77/><T111/><D111/><U59/><E69/><V65/><F65/><T92/><D92/><U89/><E105/><V128/><F130/><T47/><D39/><U81/><E96/><V99/><F128/><T76/><D67/><U36/><E40/><N who="2" m="15467" /><F93/><T110/><D110/><U126/><E126/><V97/><F53/><T117/><D117/><U32/><E32/><V83/><F56/><T71/><D94/><U38/><E38/><V84/><F84/><T95/><D95/><U86/><REACH who="1" step="1"/><E90/><REACH who="1" ten="311,399,330,0" step="2"/><V34/><F34/><T35/><D91/><U62/><E62/><V1/><F1/><T57/><D76/><U88/><E88/><V108/><F108/><T54/><D79/><U104/><E104/><V66/><F66/><AGARI ba="0,1" hai="36,43,46,48,50,51,59,61,66,81,85,86,87,89" m="31264,30752" machi="66" ten="40,7700,0" yaku="1,1,52,2,53,0" doraHai="2" doraHaiUra="49" who="1" fromWho="2" sc="311,0,399,87,330,-77,0,0" /><INIT seed="1,1,0,0,0,60" ten="311,486,253,0" oya="1" hai0="98,95,0,113,114,133,51,39,100,94,69,41,118" hai1="110,33,46,132,101,37,1,109,50,65,48,119,134" hai2="57,81,67,105,44,36,2,121,61,32,90,103,84" hai3=""/><U78/><E119/><V122/><N who="2" m="31008" /><V73/><N who="2" m="31264" /><V120/><N who="2" m="30752" /><V124/><F2/><T55/><D0/><U99/><E1/><V54/><F32/><T97/><D118/><U111/><E33/><V96/><F124/><T49/><D133/><N who="1" m="51307" /><E78/><V93/><F36/><T35/><D35/><U83/><E83/><V125/><F125/><T53/><D69/><U47/><E65/><V106/><REACH who="2" step="1"/><F73/><REACH who="2" ten="311,486,243,0" step="2"/><T63/><D39/><U130/><E37/><V58/><F58/><T135/><D135/><U34/><E34/><V129/><F129/><T42/><D113/><U70/><E130/><V77/><F77/><T76/><D76/><U82/><E70/><V117/><F117/><T107/><D114/><U40/><E109/><V128/><F128/><T38/><D38/><U56/><E56/><V64/><F64/><T112/><D112/><U74/><E74/><V89/><F89/><T45/><D100/><U68/><E68/><V75/><F75/><T52/><D45/><U131/><E131/><V92/><F92/><T123/><D95/><U3/><E3/><V87/><F87/><T102/><D94/><U71/><E71/><V59/><F59/><T116/><N who="0" m="31520" /><T66/><D66/><U126/><E47/><RYUUKYOKU ba="1,1" sc="311,-10,486,-10,243,20,0,0" hai2="44,54,57,61,67,81,84,90,93,96,103,105,106" /><INIT seed="2,2,1,3,4,33" ten="301,476,263,0" oya="2" hai0="124,44,61,72,2,106,73,126,71,66,70,63,118" hai1="46,129,134,45,67,84,127,131,78,86,50,52,109" hai2="114,96,42,128,0,57,122,85,65,104,135,112,38" hai3=""/><V100/><N who="2" m="31264" /><V75/><F0/><T115/><D44/><U97/><E109/><V76/><F128/><N who="1" m="49225" /><E134/><V74/><F135/><T111/><D111/><U107/><E127/><N who="0" m="48681" /><D118/><U120/><N who="1" m="30752" /><U69/><E78/><V133/><F133/><T49/><D115/><U48/><E67/><V64/><F85/><N who="1" m="32873" /><E69/><V77/><F77/><T91/><D2/><U40/><E97/><V99/><F96/><T39/><D66/><U82/><E107/><V58/><F76/><T36/><D70/><U108/><E108/><V98/><F104/><T80/><D106/><U56/><E45/><V93/><F100/><T92/><D71/><U32/><E32/><V103/><F103/><T54/><D73/><U88/><E82/><V117/><F93/><T89/><D80/><U81/><E81/><V1/><F1/><T125/><D72/><U53/><E40/><V60/><F117/><T94/><D94/><U62/><E62/><V102/><F102/><T47/><D125/><U101/><E101/><V83/><F83/><T79/><D79/><U87/><E87/><V3/><F3/><T110/><D110/><U132/><E132/><V130/><F130/><T55/><D92/><U95/><E95/><V90/><F42/><T123/><D123/><RYUUKYOKU ba="2,1" sc="301,-10,476,20,263,-10,0,0" hai1="46,48,50,52,53,56,88" /><INIT seed="4,3,1,0,2,60" ten="291,496,253,0" oya="0" hai0="127,42,112,56,123,78,76,96,124,32,100,54,95" hai1="46,102,114,118,97,65,126,37,107,47,110,58,129" hai2="134,36,79,131,125,48,128,113,62,71,99,75,63" hai3=""/><T77/><N who="0" m="31520" /><T38/><D32/><U135/><E110/><V122/><N who="2" m="31264" /><V109/><F79/><T33/><D33/><U120/><N who="1" m="30752" /><U86/><E118/><V64/><F99/><T106/><D112/><U45/><E114/><V59/><F75/><T67/><D106/><U108/><E108/><V44/><F113/><T91/><D100/><U1/><E1/><V116/><F109/><T34/><D34/><U117/><E117/><V55/><F116/><T51/><REACH who="0" step="1"/><D67/><REACH who="0" ten="281,496,253,0" step="2"/><U130/><E65/><V61/><F125/><T39/><D39/><U0/><E37/><V89/><F134/><T41/><D41/><U70/><E135/><V93/><F36/><T81/><D81/><U35/><E35/><V103/><F103/><T73/><D73/><U83/><E126/><V69/><F64/><T82/><D82/><U49/><E83/><V132/><F132/><T104/><D104/><U50/><E107/><V74/><F74/><T43/><D43/><U80/><E80/><V101/><F101/><T40/><D40/><U105/><E102/><V53/><F93/><T3/><D3/><U115/><E0/><V57/><F89/><T85/><D85/><U87/><E86/><V121/><N who="2" m="31008" /><V119/><F119/><RYUUKYOKU ba="3,2" sc="281,20,496,-10,253,-10,0,0" hai0="38,42,51,54,56,76,77,78,91,95,96,124,127" /><INIT seed="4,4,2,4,2,95" ten="301,486,243,0" oya="0" hai0="103,84,61,121,131,132,92,70,86,119,50,37,129" hai1="43,80,34,93,102,110,1,123,38,90,81,39,82" hai2="59,62,108,98,64,57,107,109,41,60,127,115,56" hai3=""/><T106/><N who="0" m="31008" /><T74/><D37/><U66/><N who="1" m="31520" /><U45/><E110/><N who="2" m="42603" /><F98/><T72/><D50/><U117/><E117/><V128/><F107/><T87/><D119/><U130/><E1/><V73/><F73/><N who="0" m="28266" /><D61/><N who="2" m="23658" /><F115/><T52/><D52/><U135/><E34/><V116/><F116/><T104/><D70/><U42/><E38/><V36/><F127/><T63/><D63/><U100/><E42/><V76/><F76/><T71/><D71/><U83/><E66/><V94/><F94/><T120/><N who="0" m="30752" /><T69/><D69/><U105/><E93/><V124/><F124/><T78/><D78/><U3/><E3/><V85/><F85/><T47/><D47/><U91/><E45/><V77/><F77/><T58/><D58/><U134/><E39/><V53/><F64/><T48/><D92/><U46/><E43/><V97/><F97/><T35/><D106/><U0/><E105/><V68/><F68/><T55/><D35/><U40/><E0/><V114/><F114/><T79/><D79/><U44/><E81/><V133/><F133/><T33/><D132/><U111/><E82/><V126/><F126/><T75/><N who="0" m="28274" /><T118/><DORA hai="32" /><D118/><U96/><E111/><V122/><N who="2" m="31264" /><V65/><F65/><RYUUKYOKU ba="4,2" sc="301,0,486,0,243,0,0,0" /><INIT seed="5,5,2,5,0,116" ten="301,486,243,0" oya="1" hai0="111,62,86,131,84,68,94,106,2,78,43,35,128" hai1="123,107,49,90,124,37,114,55,44,69,73,46,133" hai2="66,82,130,126,100,45,32,103,121,85,52,64,122" hai3=""/><U38/><N who="1" m="31520" /><U113/><E133/><V77/><N who="2" m="31008" /><V47/><N who="2" m="31264" /><V102/><F32/><T76/><D35/><U105/><E124/><V63/><F126/><T127/><D2/><U91/><E69/><V33/><F33/><T115/><D127/><U87/><E73/><V51/><F130/><N who="0" m="49706" /><D111/><U80/><E90/><V54/><F63/><T99/><D43/><U34/><E34/><V42/><REACH who="2" step="1"/><F54/><REACH who="2" ten="301,486,233,0" step="2"/><T65/><D115/><U40/><E113/><V72/><F72/><T104/><D106/><U135/><E114/><V98/><F98/><T125/><D125/><U53/><E107/><V93/><F93/><T3/><D104/><U71/><E105/><V96/><F96/><T60/><D60/><U129/><E55/><V48/><AGARI ba="5,3" hai="42,45,47,48,51,52,64,66,77,82,85,100,102,103" m="31264,31008" machi="48" ten="30,12000,3" yaku="1,1,0,1,8,1,52,4,54,1,53,0" doraHai="116" doraHaiUra="58" who="2" fromWho="2" sc="301,-45,486,-85,233,160,0,0" /><INIT seed="6,0,0,5,4,63" ten="256,401,393,0" oya="2" hai0="38,2,70,105,102,117,107,89,87,55,106,130,113" hai1="79,32,3,1,83,97,101,0,49,68,85,104,33" hai2="103,66,119,123,133,59,124,131,126,48,93,120,54" hai3=""/><V41/><N who="2" m="30752" /><V134/><N who="2" m="31520" /><V45/><F119/><T114/><D117/><U94/><E68/><V46/><F66/><T58/><D2/><U44/><REACH who="1" step="1"/><E104/><REACH who="1" ten="256,391,393,0" step="2"/><V108/><F108/><T116/><D116/><U42/><AGARI ba="0,1" hai="0,1,3,32,33,42,44,49,79,83,85,94,97,101" machi="42" ten="30,5900,0" yaku="1,1,2,1,0,1,53,1" doraHai="63" doraHaiUra="36" who="1" fromWho="1" sc="256,-20,391,69,393,-39,0,0" owari="236,-36.0,460,41.0,354,-5.0,0,0.0" /></mjloggm>