<mjloggm ver="2.3"><GO type="225" lobby="0"/><UN n0="%E5%80%89%E6%95%B7%E4%B8%96%E7%BE%85" n1="%E5%8D%A0%E3%81%84%E5%B8%AB%E8%A3%8F%E3%81%AA%E3%81%84%E3%81%97" n2="%E3%83%9F%E3%82%B9%E3%82%BF%E3%83%BC%E3%83%89%E3%83%BC%E3%83%8A%E3%83%84" n3="%E3%81%99%E3%81%84%E3%81%BE%E3%81%9B%E3%83%BC%E3%82%93" dan="16,16,16,17" rate="2190.40,2186.48,2086.38,2180.72" sx="F,M,M,M"/><TAIKYOKU oya="0"/><INIT seed="0,0,0,1,4,24" ten="250,250,250,250" oya="0" hai0="103,121,63,79,8,61,67,4,108,29,26,31,66" hai1="109,30,60,112,85,107,53,9,132,50,88,110,73" hai2="127,35,65,114,68,0,1,104,87,27,95,90,76" hai3="13,135,55,5,113,69,19,40,62,84,48,106,129"/><T71/><D121/><U92/><E73/><V32/><F114/><W51/><G113/><T37/><D37/><U38/><E112/><V34/><F127/><W101/><G129/><T18/><D108/><N who="1" m="41579" /><E38/><V14/><F104/><W97/><G135/><T16/><D103/><U125/><E125/><V58/><F68/><W133/><G133/><T12/><D79/><U98/><E132/><V33/><F14/><W122/><G122/><T44/><D44/><N who="1" m="27847" /><E9/><V99/><F76/><W96/><G5/><T105/><D105/><U42/><E60/><V57/><F65/><W93/><G40/><T89/><D89/><N who="1" m="55567" /><E42/><V64/><F64/><W128/><G128/><T15/><D26/><U77/><E77/><V78/><F78/><W59/><G84/><T2/><D2/><U130/><E130/><V7/><F87/><W21/><REACH who="3" step="1"/><G69/><REACH who="3" ten="250,250,250,240" step="2"/><T47/><D47/><U94/><E107/><V39/><F7/><W52/><G52/><T28/><REACH who="0" step="1"/><D12/><REACH who="0" ten="240,250,250,240" step="2"/><U111/><E111/><V6/><F0/><W22/><G22/><T119/><D119/><U123/><E123/><V25/><F1/><W23/><G23/><T74/><D74/><U72/><E72/><V75/><F75/><W45/><G45/><T17/><D17/><U100/><E100/><AGARI ba="0,2" hai="13,19,21,48,51,55,59,62,93,96,97,100,101,106" machi="100" ten="30,2000,0" yaku="1,1,7,1,53,0" doraHai="24" doraHaiUra="115" who="3" fromWho="1" sc="240,0,250,-20,250,0,240,40" /><INIT seed="1,0,0,2,1,78" ten="240,230,250,280" oya="1" hai0="36,124,128,105,56,57,58,126,26,40,7,104,24" hai1="10,53,8,54,111,115,62,28,72,89,46,75,79" hai2="108,106,127,55,27,92,119,0,33,123,94,102,21" hai3="60,100,66,5,31,80,63,99,68,132,109,2,97"/><U42/><E115/><V15/><F119/><W65/><G132/><T61/><D7/><U87/><E28/><V17/><F123/><W34/><G109/><T16/><D128/><U122/><E122/><V49/><F108/><W113/><G113/><T39/><D61/><U13/><E111/><V47/><F127/><W82/><G99/><T14/><D14/><U4/><E79/><V93/><F0/><W107/><G5/><T135/><D135/><U59/><E10/><V25/><REACH who="2" step="1"/><F33/><REACH who="2" ten="240,230,240,280" step="2"/><W50/><G2/><T133/><D133/><U71/><E71/><V129/><F129/><W70/><G50/><T81/><D124/><U20/><E20/><V76/><F76/><W90/><G90/><T84/><D126/><U101/><E101/><V69/><F69/><W118/><G118/><T44/><D39/><U22/><E22/><V67/><F67/><W112/><G112/><T116/><D116/><U52/><E72/><V120/><F120/><W131/><G131/><T30/><D30/><U74/><E74/><V110/><F110/><W37/><G37/><T3/><D3/><U41/><E75/><V125/><F125/><W121/><G121/><T48/><D36/><U9/><E9/><V51/><F51/><W134/><G134/><T88/><REACH who="0" step="1"/><D26/><AGARI ba="0,1" hai="26,31,34,60,63,65,66,68,70,80,82,97,100,107" machi="26" ten="40,8000,1" yaku="9,1,25,2,52,2" doraHai="78" who="3" fromWho="0" sc="240,-80,230,0,240,0,280,90" /><INIT seed="2,0,0,0,0,28" ten="160,230,240,370" oya="2" hai0="4,63,5,31,123,95,7,68,54,39,120,129,62" hai1="43,75,116,32,61,98,119,25,21,80,23,117,70" hai2="67,134,24,60,114,74,105,41,50,33,100,49,26" hai3="9,64,110,66,19,2,56,97,10,78,8,44,22"/><V86/><F114/><W18/><G110/><T135/><D39/><U99/><E43/><V96/><F74/><W30/><G2/><T112/><D112/><U130/><E130/><V124/><F124/><W88/><G78/><T17/><D129/><U111/><E111/><V82/><F134/><W121/><G44/><T85/><D135/><U59/><E70/><V131/><F131/><W29/><G121/><T89/><D17/><N who="3" m="6153" /><G56/><T104/><D104/><U35/><E80/><V92/><F41/><W47/><G47/><T57/><REACH who="0" step="1"/><D31/><REACH who="0" ten="150,230,240,370" step="2"/><U11/><E117/><V101/><F105/><W93/><G29/><T77/><D77/><U113/><E119/><V58/><F24/><AGARI ba="0,1" hai="8,9,10,22,24,30,64,66,88,93,97" m="6153" machi="24" ten="30,2000,0" yaku="8,1,54,1" doraHai="28" who="3" fromWho="2" sc="150,0,230,0,240,-20,370,30" /><INIT seed="3,0,0,2,3,66" ten="150,230,220,400" oya="3" hai0="51,18,97,80,15,88,48,94,63,14,40,74,13" hai1="33,12,4,20,99,47,28,39,95,120,68,98,22" hai2="9,101,122,108,112,2,77,59,79,132,90,6,43" hai3="67,135,3,31,58,46,55,102,49,30,25,8,89"/><W116/><G135/><T114/><D114/><U56/><E68/><V83/><F112/><W38/><G102/><T92/><D74/><U126/><E22/><V54/><F108/><W82/><G116/><T117/><D117/><U32/><E56/><V81/><F132/><W133/><G133/><T34/><D34/><U111/><E20/><V87/><F122/><W62/><G38/><T7/><D80/><U109/><E95/><V123/><F123/><W118/><G118/><T0/><D0/><U115/><E12/><V37/><F101/><W65/><G65/><T35/><D35/><U121/><E28/><V119/><F119/><W71/><G71/><T84/><D63/><U105/><E105/><V69/><F69/><W45/><G45/><T75/><D75/><U23/><E47/><N who="2" m="24047" /><F79/><W103/><G103/><T131/><D131/><U91/><E115/><V104/><F104/><W124/><G3/><T16/><D7/><U10/><E4/><V86/><F86/><W127/><G8/><T129/><D129/><U73/><E10/><V72/><F59/><W93/><G82/><T5/><D5/><U11/><E11/><V44/><F44/><W100/><G100/><T128/><D128/><U21/><E120/><V113/><F113/><W41/><G67/><T27/><D40/><U1/><E1/><V96/><F96/><W60/><G60/><T29/><D29/><U64/><E121/><V17/><F17/><N who="0" m="6762" /><D27/><U24/><E24/><V70/><F70/><W110/><G110/><T52/><D52/><AGARI ba="0,0" hai="2,6,9,52,54,72,77,81,83,87,90" m="24047" machi="52" ten="30,2000,0" yaku="25,1,54,1" doraHai="66" who="2" fromWho="0" sc="150,-20,230,0,220,20,400,0" owari="130,-37.0,230,-17.0,240,4.0,400,50.0" /></mjloggm>