<mjloggm ver="2.3"><GO type="169" lobby="0"/><UN n0="%52%6F%6E%E6%B0%8F" n1="%E5%81%BD%E5%96%84%E8%80%85%E9%AB%98%E6%A9%8B%E3%81%BF%E3%81%AA%E3%81%BF" n2="%E3%81%A1%E3%81%B2%E3%82%8A%E3%82%93%E3%81%94" n3="%43%E3%82%A8%E3%83%BC%E3%82%B8%E3%82%A7%E3%83%B3%E3%83%88" dan="16,17,16,17" rate="2149.69,2129.07,2069.13,2123.38" sx="M,F,M,M"/><TAIKYOKU oya="0"/><INIT seed="0,0,0,3,4,90" ten="250,250,250,250" oya="0" hai0="63,83,116,14,79,20,109,17,46,134,57,71,76" hai1="32,97,56,94,107,72,77,117,50,33,121,55,68" hai2="35,92,48,43,106,44,60,65,34,19,135,6,24" hai3="101,96,93,124,74,70,4,119,11,64,12,2,102"/><T22/><D116/><U39/><E121/><V61/><F106/><W53/><G119/><T54/><D134/><U84/><E68/><V36/><F135/><W5/><G74/><T130/><D130/><U52/><E117/><V108/><F108/><W37/><G37/><T91/><D71/><U111/><E39/><V8/><F36/><W100/><G124/><T23/><D109/><U9/><E111/><V29/><F35/><W18/><G5/><T131/><D131/><U132/><E132/><V3/><F65/><W85/><G53/><T67/><D91/><N who="1" m="53607" /><E55/><V122/><F122/><W88/><G64/><T89/><D89/><U82/><E9/><V42/><F42/><W21/><REACH who="3" step="1"/><G70/><REACH who="3" ten="250,250,250,240" step="2"/><T73/><D76/><U115/><E115/><V80/><F80/><AGARI ba="0,1" hai="2,4,11,12,18,21,80,85,88,93,96,100,101,102" machi="80" ten="30,8000,1" yaku="1,1,2,1,7,1,52,1,54,1,53,0" doraHai="90" doraHaiUra="123" who="3" fromWho="2" sc="250,0,250,0,250,-80,240,90" /><INIT seed="1,0,0,2,3,68" ten="250,250,170,330" oya="1" hai0="61,39,109,49,77,115,125,88,112,0,40,71,19" hai1="10,95,2,79,80,91,13,57,69,50,46,11,85" hai2="31,70,6,24,7,82,97,36,72,54,127,111,130" hai3="45,23,17,29,66,59,124,15,134,118,92,22,26"/><U1/><E69/><V90/><F70/><W32/><G134/><T108/><D0/><U30/><E30/><V28/><F28/><W105/><G105/><T100/><D100/><U60/><E60/><V12/><F130/><W110/><G110/><N who="0" m="42603" /><D77/><U16/><E57/><V126/><F111/><W3/><G124/><T43/><D19/><U75/><REACH who="1" step="1"/><E11/><REACH who="1" ten="250,240,170,330" step="2"/><V104/><F127/><W5/><G59/><T135/><D125/><U37/><E37/><V89/><F126/><W117/><G29/><T98/><D135/><U33/><E33/><V114/><F31/><W133/><G32/><T25/><D39/><U65/><E65/><V128/><F36/><W4/><G66/><T58/><D71/><U34/><E34/><V86/><F128/><W103/><G133/><T67/><D112/><U74/><E74/><V129/><F72/><W78/><G118/><T42/><D115/><U27/><E27/><V44/><F24/><W122/><G26/><T47/><D25/><U93/><E93/><AGARI ba="0,1" hai="40,42,43,47,49,58,61,67,88,93,98" m="42603" machi="93" ten="30,2000,0" yaku="14,1,54,1" doraHai="68" who="0" fromWho="1" sc="250,30,240,-20,170,0,330,0" /><INIT seed="2,0,0,5,5,132" ten="280,220,170,330" oya="2" hai0="24,58,105,91,14,124,44,79,74,119,129,131,10" hai1="26,115,73,40,17,53,33,87,3,49,47,22,94" hai2="121,112,0,114,57,5,12,101,89,68,78,88,52" hai3="38,54,96,128,84,134,70,111,122,104,69,110,123"/><V82/><F68/><N who="3" m="26219" /><G84/><T41/><D105/><U86/><E73/><V55/><F121/><N who="3" m="46091" /><G96/><T13/><D119/><U2/><E115/><V126/><F0/><W30/><G30/><T64/><D91/><U39/><E33/><V11/><F101/><W19/><G19/><T108/><D108/><N who="3" m="41513" /><G104/><T71/><D71/><U103/><E86/><V59/><F114/><W7/><G7/><T63/><D74/><U66/><E66/><V15/><F112/><W118/><G134/><T95/><D79/><U32/><E32/><V18/><F82/><W125/><G128/><T31/><D129/><U76/><E76/><V80/><F80/><W42/><G118/><T116/><D116/><U106/><E106/><V85/><F78/><W20/><G20/><T28/><D131/><U6/><E6/><V65/><F85/><W81/><G81/><T56/><D31/><U27/><E27/><V25/><F25/><W67/><G67/><T99/><D24/><U102/><E102/><V23/><F65/><W1/><G1/><T127/><D28/><U100/><E103/><V83/><F83/><W37/><G42/><T61/><D13/><U60/><E87/><V98/><F98/><W16/><G16/><N who="0" m="8279" /><D99/><N who="1" m="59511" /><E2/><V92/><F92/><W117/><G117/><T93/><D95/><U72/><E3/><V133/><F133/><W51/><G125/><N who="0" m="48203" /><D93/><U130/><E130/><V50/><F126/><W107/><G107/><T36/><D64/><U21/><E72/><V35/><F35/><W45/><AGARI ba="0,0" hai="37,38,45,51,54" m="41513,46091,26219" machi="45" ten="40,5200,0" yaku="14,1,34,2" doraHai="132" who="3" fromWho="3" sc="280,-13,220,-13,170,-26,330,52" /><INIT seed="3,0,0,4,4,86" ten="267,207,144,382" oya="3" hai0="61,19,36,93,88,104,43,64,72,130,76,35,37" hai1="73,78,74,103,81,65,75,31,68,24,91,111,52" hai2="60,114,97,115,10,54,56,107,62,94,106,49,47" hai3="70,80,113,63,117,48,16,122,125,71,102,124,5"/><W123/><G5/><T33/><D104/><U42/><E111/><V53/><F107/><W95/><G113/><T110/><D110/><U14/><E103/><V17/><F106/><W4/><G4/><T108/><D108/><U23/><E42/><V109/><F109/><W1/><G1/><T38/><D130/><U12/><E65/><V22/><F10/><W0/><G0/><T67/><D43/><U41/><E68/><V28/><F28/><W27/><G80/><T20/><D76/><U30/><E41/><V121/><F121/><W129/><G48/><T96/><D72/><U98/><E30/><V59/><F47/><W131/><G117/><T133/><D64/><U126/><E126/><N who="3" m="48746" /><G63/><T11/><D11/><U101/><E101/><V7/><F7/><W116/><G116/><T50/><D50/><U69/><E69/><N who="3" m="26122" /><G95/><T6/><D6/><U85/><E52/><V26/><REACH who="2" step="1"/><F49/><REACH who="2" ten="267,207,134,382" step="2"/><W105/><G105/><T83/><D36/><U100/><E31/><V9/><F9/><W127/><G127/><T3/><D37/><U66/><E23/><V51/><F51/><W13/><G122/><T128/><D38/><U132/><E73/><V77/><F77/><W15/><G123/><T118/><D20/><U40/><E75/><V135/><F135/><W57/><G129/><T45/><D128/><U58/><E74/><V21/><F21/><N who="3" m="13735" /><G131/><T2/><D3/><U87/><E78/><V84/><F84/><W46/><G46/><T120/><D45/><U134/><E87/><V79/><F79/><W55/><G102/><AGARI ba="0,1" hai="17,22,26,53,54,56,59,60,62,94,97,102,114,115" machi="102" ten="30,7700,0" yaku="1,1,7,1,9,1,53,1" doraHai="86" doraHaiUra="89" who="2" fromWho="3" sc="267,0,207,0,134,87,382,-77" /><INIT seed="4,0,0,2,2,133" ten="267,207,221,305" oya="0" hai0="44,84,25,11,15,59,75,54,72,120,98,42,116" hai1="29,131,32,28,8,56,86,49,107,73,1,58,12" hai2="13,33,47,6,77,55,48,119,35,4,37,117,78" hai3="101,100,105,52,102,18,112,50,45,76,71,121,20"/><T90/><D120/><U70/><E73/><V19/><F35/><W81/><G71/><T134/><D116/><U30/><E70/><V118/><F33/><W97/><G112/><T114/><D114/><U89/><E107/><V99/><F37/><W83/><G83/><T69/><D69/><U63/><E1/><V40/><F40/><W26/><REACH who="3" step="1"/><G121/><REACH who="3" ten="267,207,221,295" step="2"/><T94/><D134/><U65/><E131/><V79/><REACH who="2" step="1"/><F99/><REACH who="2" ten="267,207,211,295" step="2"/><W92/><G92/><T22/><D98/><U64/><E32/><V2/><F2/><W103/><G103/><T24/><D94/><U74/><E74/><AGARI ba="0,2" hai="18,20,26,45,50,52,74,76,81,97,100,101,102,105" machi="74" ten="30,7700,0" yaku="1,1,7,1,54,1,53,1" doraHai="133" doraHaiUra="43" who="3" fromWho="1" sc="267,0,207,-77,211,0,295,97" /><INIT seed="5,0,0,1,1,58" ten="267,130,211,392" oya="1" hai0="116,62,15,129,11,64,107,5,96,50,17,61,19" hai1="135,106,101,84,69,76,40,38,93,113,16,14,6" hai2="0,26,30,24,31,32,28,111,33,88,133,7,87" hai3="51,34,67,119,123,131,86,57,21,75,125,78,132"/><U77/><E113/><V126/><F111/><W45/><G34/><T56/><D116/><U82/><E135/><V63/><F133/><W91/><G123/><T1/><D1/><U124/><E124/><V37/><F37/><W108/><G108/><T71/><D129/><U9/><E106/><V79/><F126/><W3/><G3/><T99/><D107/><U92/><E69/><V49/><F79/><W47/><G119/><T29/><D29/><U134/><E134/><V8/><F49/><W72/><G131/><T27/><D50/><U41/><E76/><V23/><F31/><W53/><G78/><T60/><D71/><U48/><E38/><V25/><F25/><W74/><G125/><T36/><D36/><U4/><E40/><V54/><F23/><W122/><G122/><T121/><D121/><U94/><REACH who="1" step="1"/><E101/><REACH who="1" ten="267,120,211,392" step="2"/><V35/><F35/><W85/><G132/><T114/><D114/><U18/><E18/><V130/><F130/><W43/><G43/><T97/><D17/><U68/><E68/><V100/><F100/><W44/><G72/><T120/><D120/><U52/><E52/><V118/><F54/><W70/><G74/><T2/><REACH who="0" step="1"/><D27/><REACH who="0" ten="257,120,211,392" step="2"/><U10/><E10/><AGARI ba="0,2" hai="2,5,10,11,15,19,56,60,61,62,64,96,97,99" machi="10" ten="40,8000,1" yaku="1,1,2,1,52,3,53,0" doraHai="58" doraHaiUra="89" who="0" fromWho="1" sc="257,100,120,-80,211,0,392,0" /><INIT seed="6,0,0,3,0,79" ten="357,40,211,392" oya="2" hai0="117,48,70,107,35,23,18,74,58,124,40,54,127" hai1="3,85,115,51,1,42,122,98,39,118,93,67,91" hai2="120,13,56,123,60,87,36,105,38,52,7,101,100" hai3="20,21,24,125,84,33,90,133,106,73,10,61,47"/><V81/><F36/><W14/><G106/><T94/><D107/><U53/><E118/><V59/><F38/><W76/><G125/><N who="0" m="48203" /><D70/><U32/><E115/><V134/><F134/><W26/><G33/><T129/><D35/><U11/><E32/><V31/><F31/><W89/><G133/><T34/><D34/><U131/><E131/><V108/><F108/><W66/><G47/><T46/><D129/><U6/><E122/><V88/><F105/><W92/><G73/><T30/><D30/><U75/><E75/><V57/><F123/><W71/><G76/><T62/><D74/><U126/><E126/><V63/><F120/><W45/><G45/><T128/><D128/><U78/><E67/><N who="2" m="39303" /><F59/><W119/><G89/><T4/><D4/><U50/><E1/><V15/><F15/><W37/><G37/><T12/><D94/><U28/><E28/><V97/><F97/><W109/><G109/><T83/><D117/><U111/><E111/><V135/><F135/><W22/><REACH who="3" step="1"/><G119/><REACH who="3" ten="357,40,211,382" step="2"/><T17/><D46/><U96/><E39/><V113/><F113/><W112/><G112/><T55/><D62/><U43/><E50/><V104/><F104/><W65/><G65/><T114/><D48/><U5/><E5/><AGARI ba="0,1" hai="5,10,14,20,21,22,24,26,61,66,71,84,90,92" machi="5" ten="40,1300,0" yaku="1,1,53,0" doraHai="79" doraHaiUra="121" who="3" fromWho="1" sc="357,0,40,-13,211,0,382,23" /><INIT seed="7,0,0,0,4,47" ten="357,27,211,405" oya="3" hai0="81,78,87,120,126,106,94,135,53,97,121,51,102" hai1="112,86,50,98,33,115,77,76,16,123,104,1,39" hai2="23,131,132,125,7,84,128,52,92,32,129,40,117" hai3="122,54,17,69,118,48,28,57,88,44,19,67,10"/><W20/><G118/><T110/><D110/><U14/><E39/><V22/><F32/><W79/><G122/><T2/><D2/><U58/><E1/><V6/><F40/><W31/><G79/><T24/><D135/><U134/><E123/><V34/><F34/><W114/><G114/><N who="1" m="43562" /><E33/><V133/><F117/><W18/><G69/><T99/><D126/><U66/><E134/><N who="2" m="51819" /><F84/><W63/><G10/><T93/><D24/><U36/><E36/><V83/><F83/><W72/><G72/><T105/><D120/><U3/><E3/><V5/><F52/><W29/><G88/><T21/><D21/><AGARI ba="0,0" hai="17,18,19,20,21,28,29,31,44,48,54,57,63,67" machi="21" ten="40,3900,0" yaku="8,1,52,1" doraHai="47" who="3" fromWho="0" sc="357,-39,27,0,211,0,405,39" owari="318,12.0,27,-47.0,211,-19.0,444,54.0" /></mjloggm>