<mjloggm ver="2.3"><GO type="185" lobby="0"/><UN n0="%E9%BA%BB%E9%9B%80%E6%95%99%E5%AE%A4" n1="%E3%81%8A%E7%9F%A5%E3%82%89%E3%81%9B" n2="%E3%82%8A%E3%82%85%E3%81%99%E3%81%8F" n3="" dan="16,18,16,0" rate="2179.53,2368.63,2192.52,1500.00" sx="M,M,M,C"/><TAIKYOKU oya="0"/><INIT seed="0,0,0,5,3,64" ten="350,350,350,0" oya="0" hai0="131,32,116,92,89,49,47,74,91,0,57,73,1" hai1="58,132,100,67,79,83,130,60,41,90,42,124,115" hai2="61,97,114,94,108,110,55,46,126,56,95,59,71" hai3=""/><T52/><D32/><U36/><E130/><V93/><F126/><T68/><D68/><U76/><E124/><V2/><F2/><T65/><D116/><U51/><E132/><V39/><F114/><T121/><N who="0" m="31008" /><T106/><D106/><U69/><E115/><V33/><F59/><T128/><D0/><U72/><E100/><V80/><F80/><T82/><D1/><U122/><N who="1" m="31264" /><U135/><E135/><V87/><F87/><T111/><D111/><N who="2" m="42538" /><F33/><T96/><D91/><U112/><E112/><V48/><F71/><T63/><REACH who="0" step="1"/><D82/><REACH who="0" ten="340,350,350,0" step="2"/><U37/><E90/><V75/><F94/><T34/><D34/><U88/><E88/><V103/><F95/><T118/><D118/><U35/><E35/><V54/><F93/><T85/><D85/><U40/><REACH who="1" step="1"/><E79/><REACH who="1" ten="340,340,350,0" step="2"/><V120/><F120/><T38/><D38/><U113/><E113/><V70/><F39/><T119/><D119/><U86/><E86/><V43/><F103/><T81/><D81/><U109/><E109/><V117/><F117/><T77/><D77/><U53/><AGARI ba="0,2" hai="36,37,40,41,42,51,53,58,60,67,69,72,76,83" m="31264" machi="53" ten="30,5900,0" yaku="1,1,0,1,52,2,53,0" doraHai="64" doraHaiUra="98" who="1" fromWho="1" sc="340,-39,340,79,350,-20,0,0" /><INIT seed="1,0,0,4,3,70" ten="301,419,330,0" oya="1" hai0="100,32,58,50,118,63,71,83,67,90,97,34,89" hai1="44,102,66,61,116,73,47,81,53,36,86,33,135" hai2="62,84,91,64,98,93,108,128,0,103,56,121,72" hai3=""/><U125/><E116/><V78/><N who="2" m="31008" /><V2/><F128/><T112/><D112/><U95/><E33/><V46/><F108/><T60/><D118/><U123/><N who="1" m="31520" /><U120/><N who="1" m="30752" /><U119/><E119/><V54/><F72/><T80/><D50/><U45/><E135/><V55/><F78/><T65/><D83/><U51/><E125/><V3/><REACH who="2" step="1"/><F46/><REACH who="2" ten="301,419,320,0" step="2"/><T134/><D134/><U52/><E73/><V96/><F96/><T74/><D74/><U49/><E45/><V68/><F68/><T99/><D99/><U117/><E117/><V77/><F77/><T104/><REACH who="0" step="1"/><D80/><AGARI ba="0,1" hai="0,2,3,54,55,56,62,64,80,84,91,93,98,103" m="31008" machi="80" ten="40,5200,0" yaku="1,1,52,1,53,1" doraHai="70" doraHaiUra="59" who="2" fromWho="0" sc="301,-52,419,0,320,62,0,0" /><INIT seed="2,0,0,2,0,85" ten="249,419,382,0" oya="2" hai0="69,96,3,95,117,81,83,67,34,75,129,119,103" hai1="91,78,100,108,63,135,68,64,82,121,70,94,40" hai2="111,112,60,124,109,114,0,42,115,118,98,59,39" hai3=""/><V33/><F33/><T77/><D34/><U128/><N who="1" m="31008" /><U84/><E108/><N who="2" m="41547" /><F0/><T127/><D3/><U66/><E135/><V79/><F79/><T32/><D32/><U131/><E100/><V86/><F86/><T36/><D36/><U90/><E40/><V76/><F76/><T106/><D67/><U58/><E90/><V50/><F98/><T43/><D43/><U44/><E44/><V107/><F107/><T57/><D57/><U45/><E45/><V41/><F39/><T123/><N who="0" m="31520" /><T37/><D69/><U53/><E68/><V2/><F2/><T49/><D37/><U55/><E66/><V62/><F118/><T101/><D49/><U1/><E1/><V88/><F88/><T48/><D48/><U122/><N who="1" m="31264" /><U102/><E102/><V80/><F80/><T54/><D83/><U93/><E93/><V46/><F124/><T113/><D127/><U71/><E71/><V38/><F41/><T116/><D119/><U130/><E70/><V72/><F72/><AGARI ba="0,0" hai="53,55,58,63,64,72,78,82,84,91,94,128,130,131" m="31264,31008" machi="72" ten="40,8000,1" yaku="19,1,52,3" doraHai="85" who="1" fromWho="2" sc="249,0,419,80,382,-80,0,0" /><INIT seed="4,0,0,4,0,77" ten="249,499,302,0" oya="0" hai0="91,56,54,81,107,51,90,2,39,129,36,114,45" hai1="104,76,72,86,94,62,126,97,109,134,32,73,71" hai2="68,74,131,46,116,87,96,53,82,111,34,88,125" hai3=""/><T61/><D2/><U67/><E109/><V80/><F34/><T122/><N who="0" m="31264" /><T79/><D107/><U115/><E32/><V101/><F111/><T43/><D129/><U112/><E134/><V37/><F125/><T70/><D114/><N who="1" m="43563" /><E126/><V120/><N who="2" m="30752" /><V113/><F131/><T3/><D3/><U121/><N who="1" m="31008" /><U93/><E104/><V105/><F116/><T85/><D36/><U123/><N who="1" m="31520" /><U35/><E35/><V133/><F113/><T108/><D108/><U89/><E76/><V0/><F0/><T124/><D124/><U48/><E48/><V52/><F68/><T65/><AGARI ba="0,0" hai="39,43,45,51,54,56,61,65,70,79,81,85,90,91" m="31264" machi="65" ten="30,8000,1" yaku="0,1,24,2,52,2" doraHai="77" who="0" fromWho="0" sc="249,80,499,-40,302,-40,0,0" /><INIT seed="4,1,0,1,0,106" ten="329,459,262,0" oya="0" hai0="57,42,124,41,37,104,94,102,80,107,131,54,127" hai1="68,122,130,100,84,65,123,92,110,81,108,83,44" hai2="126,33,47,72,73,91,40,86,116,3,105,48,50" hai3=""/><T32/><D32/><U114/><N who="1" m="31264" /><U133/><N who="1" m="31520" /><U99/><E133/><V66/><F33/><T52/><D131/><U128/><E114/><V125/><F3/><T49/><D54/><U56/><E68/><V111/><F105/><N who="0" m="40522" /><D37/><U60/><E81/><V63/><F50/><T62/><D49/><U46/><E46/><V87/><F111/><T88/><D102/><U59/><E59/><V96/><F116/><T89/><D80/><U132/><E132/><V79/><F63/><T64/><D64/><U53/><E65/><V45/><F66/><T71/><D71/><U95/><E44/><V39/><F45/><T118/><D118/><U51/><E60/><V70/><F39/><T34/><D34/><U117/><E117/><V109/><F70/><T35/><D35/><U119/><E119/><V115/><F40/><N who="0" m="15466" /><D94/><U2/><E95/><V43/><F47/><T113/><D113/><U134/><E134/><V101/><F43/><T58/><D58/><U69/><E69/><V78/><F48/><T120/><N who="0" m="30752" /><T82/><D82/><U103/><E103/><V93/><F115/><T135/><D135/><U38/><E38/><V97/><F101/><T61/><D61/><U112/><E112/><V129/><F93/><RYUUKYOKU ba="1,0" sc="329,20,459,-10,262,-10,0,0" hai0="52,57,62,88,89,124,127" /><INIT seed="4,2,0,4,3,128" ten="349,449,252,0" oya="0" hai0="68,41,73,91,133,48,101,3,129,95,34,50,66" hai1="111,105,122,100,45,97,74,127,94,75,39,135,92" hai2="78,64,58,72,134,115,118,121,71,132,2,67,49" hai3=""/><T56/><D3/><U93/><N who="1" m="31264" /><U42/><E111/><V57/><N who="2" m="31008" /><V90/><F2/><T106/><D34/><U1/><E1/><V70/><F118/><T104/><D68/><N who="2" m="26154" /><F90/><T37/><D37/><U87/><E127/><V53/><F78/><T124/><D124/><U110/><E110/><V117/><F72/><T98/><D73/><U114/><E114/><V51/><F117/><T47/><D129/><U126/><E126/><V33/><F33/><T85/><D133/><N who="2" m="51306" /><F115/><T54/><REACH who="0" step="1"/><D66/><REACH who="0" ten="339,449,252,0" step="2"/><N who="2" m="25130" /><F53/><T76/><D76/><U125/><E125/><V80/><F80/><AGARI ba="2,1" hai="41,47,48,50,54,56,80,85,91,95,98,101,104,106" machi="80" ten="30,2900,0" yaku="1,1,7,1,53,0" doraHai="128" doraHaiUra="107" who="0" fromWho="2" sc="339,43,449,0,252,-33,0,0" /><INIT seed="4,3,0,1,1,79" ten="382,449,219,0" oya="0" hai0="85,107,125,119,128,93,124,63,131,83,115,116,76" hai1="70,95,2,110,101,38,117,69,80,59,33,112,126" hai2="61,81,100,43,35,45,91,74,66,0,84,88,71" hai3=""/><T132/><D107/><U75/><RYUUKYOKU type="yao9" ba="3,0" sc="382,0,449,0,219,0,0,0" hai1="2,33,38,59,69,70,75,80,95,101,110,112,117,126" /><INIT seed="4,4,0,5,5,67" ten="382,449,219,0" oya="0" hai0="77,95,37,84,121,41,44,64,51,2,62,109,65" hai1="42,131,117,43,32,83,35,57,114,104,0,61,39" hai2="102,91,58,68,107,132,133,130,66,76,103,120,3" hai3=""/><T101/><N who="0" m="31008" /><T73/><D2/><U127/><E0/><V98/><N who="2" m="30752" /><V87/><F3/><T47/><D109/><U124/><E117/><V81/><F130/><T63/><D73/><U128/><E104/><V50/><F102/><T36/><D77/><U111/><E83/><V94/><F68/><T34/><D34/><U97/><E97/><V123/><N who="2" m="31520" /><V75/><F50/><T55/><D84/><U1/><E1/><V86/><F86/><T89/><D89/><U72/><E72/><V113/><F113/><T119/><D95/><U59/><E111/><V78/><REACH who="2" step="1"/><F76/><REACH who="2" ten="382,449,209,0" step="2"/><T112/><D101/><U129/><E114/><V70/><F70/><T125/><D112/><U96/><E96/><V69/><F69/><T40/><D119/><U100/><E100/><V52/><F52/><T54/><D125/><U135/><E129/><V122/><N who="2" m="31264" /><V126/><F126/><T105/><D105/><U38/><E128/><V79/><F79/><T45/><D62/><AGARI ba="4,1" hai="58,62,66,75,78,81,87,91,94,98,103,107,132,133" m="31264,31520,30752" machi="62" ten="40,12000,2" yaku="1,1,24,2,52,3,53,1" doraHai="67" doraHaiUra="88" who="2" fromWho="0" sc="382,-128,449,0,209,138,0,0" /><INIT seed="5,0,0,5,1,111" ten="254,449,347,0" oya="1" hai0="65,56,84,3,41,75,133,36,73,55,66,134,98" hai1="99,37,62,45,53,58,108,85,39,107,48,130,49" hai2="63,131,117,127,93,126,34,0,96,113,51,95,35" hai3=""/><U42/><E108/><V76/><F0/><T54/><D3/><U43/><E85/><V68/><F117/><T72/><D84/><U101/><E130/><V64/><F131/><T129/><D129/><U86/><E86/><V32/><F113/><T82/><D82/><U57/><E43/><V89/><F76/><T40/><D98/><U74/><E74/><V125/><F51/><T2/><D2/><U110/><E110/><V60/><F63/><T83/><D83/><U47/><E47/><V79/><F79/><T118/><D56/><U112/><E112/><V46/><F46/><T67/><D118/><U105/><E105/><V44/><F44/><T116/><D116/><U52/><AGARI ba="0,0" hai="37,39,42,45,48,49,52,53,57,58,62,99,101,107" machi="52" ten="20,2600,0" yaku="0,1,7,1,54,1" doraHai="111" who="1" fromWho="1" sc="254,-13,449,26,347,-13,0,0" /><INIT seed="5,1,0,4,5,130" ten="241,475,334,0" oya="1" hai0="104,118,47,1,79,100,59,0,42,105,39,107,101" hai1="69,72,122,121,60,129,135,50,52,86,33,123,74" hai2="64,102,65,103,93,89,87,78,94,44,34,38,124" hai3=""/><U85/><N who="1" m="31008" /><U32/><N who="1" m="31264" /><U49/><N who="1" m="31520" /><U109/><E129/><V120/><N who="2" m="30752" /><V56/><F124/><T119/><D59/><U68/><E60/><V66/><F34/><T54/><D54/><U3/><E3/><V133/><F78/><T108/><D108/><U70/><E109/><V112/><F112/><T95/><D95/><U110/><E110/><V77/><F77/><T91/><D91/><U41/><E41/><V114/><F114/><T51/><D51/><N who="1" m="19467" /><E52/><V58/><F38/><T82/><D101/><U55/><E55/><V36/><F103/><T76/><D76/><U92/><E92/><V96/><REACH who="2" step="1"/><F133/><REACH who="2" ten="241,475,324,0" step="2"/><T98/><D107/><U83/><E135/><V117/><F117/><T88/><D105/><U48/><E32/><V132/><F132/><T99/><D119/><U80/><E33/><V126/><F126/><T125/><D125/><U61/><E74/><V90/><F90/><T84/><D118/><U131/><E72/><V134/><F134/><T128/><D128/><U127/><E127/><V43/><AGARI ba="1,1" hai="36,43,44,56,58,64,65,66,87,89,93,94,96,102" m="30752" machi="43" ten="30,5900,0" yaku="1,1,0,1,52,1,53,1" doraHai="130" doraHaiUra="116" who="2" fromWho="2" sc="241,-21,475,-40,324,71,0,0" /><INIT seed="6,0,0,3,1,113" ten="220,435,395,0" oya="2" hai0="44,114,84,90,106,89,93,88,45,94,48,56,107" hai1="46,116,60,86,135,58,110,64,51,55,75,49,50" hai2="74,109,63,123,105,92,69,66,70,112,38,121,127" hai3=""/><V100/><N who="2" m="31008" /><V101/><N who="2" m="31520" /><V115/><F109/><T77/><D114/><N who="2" m="43562" /><F127/><T42/><D56/><U52/><E110/><V72/><F38/><T120/><N who="0" m="30752" /><T122/><N who="0" m="31264" /><T125/><D45/><U81/><E116/><V124/><F124/><T132/><D125/><U82/><E135/><V41/><F41/><T103/><D132/><U85/><E75/><N who="2" m="28715" /><F105/><N who="0" m="39946" /><D48/><N who="1" m="18539" /><E55/><V87/><F69/><T78/><D44/><U98/><E98/><V2/><F2/><T104/><D42/><U1/><E1/><V97/><F87/><AGARI ba="0,0" hai="46,51,52,58,60,64,81,82,85,86,87" m="18539" machi="87" ten="30,2000,0" yaku="8,1,54,1" doraHai="113" who="1" fromWho="2" sc="220,0,435,20,395,-20,0,0" owari="220,-38.0,455,40.0,375,-2.0,0,0.0" /></mjloggm>