<mjloggm ver="2.3"><GO type="169" lobby="0"/><UN n0="%E3%82%82%E3%81%8B%E3%81%BE%E3%82%8B" n1="%E3%81%A4%E3%81%A3%E3%81%8D%EF%BD%9E%32%6E%64" n2="%42%65%6E%63%68%69%6E%67" n3="%E6%84%9B%E5%86%85%E9%87%8C%E8%8F%9C" dan="16,16,16,17" rate="2043.47,2036.21,2083.53,2103.30" sx="M,M,M,F"/><TAIKYOKU oya="0"/><INIT seed="0,0,0,2,5,57" ten="250,250,250,250" oya="0" hai0="135,102,61,63,134,43,32,105,76,67,74,124,10" hai1="33,117,9,31,23,38,100,98,20,103,108,72,45" hai2="42,130,120,41,86,13,89,96,115,27,114,77,104" hai3="34,109,88,19,68,97,6,40,5,22,122,113,16"/><T15/><D32/><U127/><E117/><V54/><F120/><W121/><G34/><T65/><D43/><U46/><E72/><V4/><F130/><W60/><G40/><T132/><D124/><U12/><E33/><V73/><F42/><W70/><G109/><T49/><D49/><U1/><E1/><V69/><F41/><W129/><G113/><T58/><D74/><U83/><E38/><V111/><F69/><W11/><G129/><T133/><N who="0" m="33792" /><DORA hai="36" /><T84/><D76/><U85/><E108/><V37/><F27/><W30/><G30/><T118/><D118/><U8/><E8/><V56/><F37/><W81/><G19/><N who="0" m="8695" /><D84/><U107/><E85/><V24/><F77/><W82/><G5/><T91/><D91/><U125/><E31/><V71/><F73/><W18/><G18/><T92/><D92/><U25/><E125/><V128/><F128/><W26/><G81/><T48/><D48/><U17/><E83/><V3/><F86/><W95/><G82/><T14/><D14/><U50/><E50/><V7/><F13/><W78/><G78/><T90/><D90/><U29/><E127/><V116/><F116/><W64/><REACH who="3" step="1"/><G70/><REACH who="3" ten="250,250,250,240" step="2"/><N who="0" m="42287" /><D105/><U47/><E107/><V51/><F104/><W99/><G99/><T35/><D35/><U59/><E98/><V39/><F96/><W52/><G52/><T53/><D53/><U106/><E106/><V21/><F54/><W75/><G75/><T131/><D131/><U93/><E93/><V110/><F110/><W0/><AGARI ba="0,1" hai="0,6,11,16,22,26,60,64,68,88,95,97,121,122" machi="0" ten="30,12000,2" yaku="1,1,0,1,52,1,54,2,53,1" doraHai="57,36" doraHaiUra="55,66" who="3" fromWho="3" sc="250,-60,250,-30,250,-30,240,130" /><INIT seed="1,0,0,3,2,13" ten="190,220,220,370" oya="1" hai0="8,31,24,41,127,5,91,26,50,60,57,99,12" hai1="63,46,4,29,130,121,98,52,95,94,105,124,86" hai2="85,133,132,78,59,15,126,119,64,34,19,79,18" hai3="77,135,38,82,40,103,129,1,51,9,71,43,21"/><U66/><E121/><V115/><F119/><W56/><G71/><T109/><D109/><U55/><E124/><V25/><F126/><W54/><G135/><N who="2" m="51785" /><F115/><W42/><G103/><T67/><D127/><U53/><E130/><V16/><F15/><W14/><G21/><T39/><D39/><U83/><E46/><V73/><F73/><W108/><G1/><T93/><D31/><U84/><E4/><V100/><F100/><W114/><G114/><T22/><D22/><U112/><E112/><V27/><F34/><W36/><G108/><T2/><D2/><U17/><E29/><V97/><F97/><W45/><G38/><T49/><D49/><U48/><E48/><V33/><F33/><W90/><G90/><T92/><D92/><U6/><E6/><V74/><F85/><W106/><G106/><T111/><D111/><U88/><E105/><V23/><F23/><W20/><G20/><T47/><AGARI ba="0,0" hai="5,8,12,24,26,41,47,50,57,60,67,91,93,99" machi="47" ten="30,2000,0" yaku="0,1,8,1" doraHai="13" who="0" fromWho="0" sc="190,20,220,-10,220,-5,370,-5" /><INIT seed="2,0,0,0,5,97" ten="210,210,215,365" oya="2" hai0="55,63,111,66,90,51,61,67,2,68,112,105,106" hai1="95,117,125,80,44,32,129,109,133,18,78,26,19" hai2="92,87,128,11,59,96,36,100,76,6,58,119,43" hai3="118,75,85,127,131,69,56,20,88,83,38,33,113"/><V130/><F119/><W54/><G33/><T121/><D121/><U135/><E117/><V53/><F43/><W122/><G69/><T0/><D112/><U126/><E109/><V104/><F36/><W108/><G38/><T29/><D111/><U91/><E44/><V84/><F76/><W22/><G122/><T93/><D29/><U99/><E32/><V41/><F41/><W52/><G75/><T57/><D0/><U8/><E8/><V116/><F116/><W21/><G113/><T71/><REACH who="0" step="1"/><D2/><REACH who="0" ten="200,210,215,365" step="2"/><U14/><E133/><V114/><F114/><W28/><G108/><T39/><D39/><U30/><E30/><V25/><F128/><W62/><G118/><T79/><D79/><U60/><E78/><V27/><F130/><W16/><G28/><T102/><D102/><U64/><E135/><V34/><F34/><W101/><G101/><T86/><AGARI ba="0,1" hai="51,55,57,61,63,66,67,68,71,86,90,93,105,106" machi="86" ten="20,5200,0" yaku="1,1,0,1,7,1,9,1,53,0" doraHai="97" doraHaiUra="94" who="0" fromWho="0" sc="200,62,210,-13,215,-26,365,-13" /><INIT seed="3,0,0,1,2,58" ten="262,197,189,352" oya="3" hai0="61,5,36,128,108,94,2,15,135,67,112,93,107" hai1="77,133,87,23,56,27,126,43,134,49,33,110,75" hai2="20,69,91,35,120,109,129,70,119,3,14,86,103" hai3="40,39,42,54,68,122,9,88,121,104,50,81,6"/><W115/><G115/><T29/><D112/><U12/><E75/><V57/><F119/><W10/><G104/><T92/><D108/><U24/><E110/><V21/><F3/><W131/><G131/><T30/><D128/><U89/><E77/><V47/><F35/><W130/><G68/><T62/><D36/><U72/><E72/><V71/><F109/><W85/><G10/><T65/><D2/><U26/><E33/><V46/><F129/><W59/><G130/><T105/><D135/><N who="1" m="51723" /><E126/><V111/><F111/><W90/><G90/><T74/><D74/><U55/><E43/><V19/><F103/><W31/><G31/><T127/><D127/><U64/><E64/><V60/><F20/><W117/><G117/><T51/><D51/><U125/><E125/><V34/><F34/><W28/><G28/><T37/><D37/><U73/><E73/><V101/><F101/><W118/><G118/><T16/><D29/><N who="1" m="17567" /><E12/><V78/><F78/><W97/><G97/><T83/><D30/><U95/><AGARI ba="0,0" hai="26,27,49,55,56,87,89,95" m="17567,51723" machi="95" ten="30,1100,0" yaku="20,1" doraHai="58" who="1" fromWho="1" sc="262,-3,197,11,189,-3,352,-5" /><INIT seed="4,0,0,4,1,4" ten="259,208,186,347" oya="0" hai0="15,49,111,12,17,92,46,48,81,5,34,83,45" hai1="10,94,84,78,93,118,127,89,108,96,52,27,70" hai2="64,57,101,123,74,113,6,91,124,107,8,117,71" hai3="33,102,37,44,103,23,20,69,133,31,106,2,99"/><T79/><D34/><U58/><E108/><V115/><F123/><W82/><G103/><T32/><D32/><U90/><E118/><V56/><F74/><W75/><G2/><T73/><D111/><U28/><E70/><V55/><F124/><W7/><G7/><T43/><D83/><U88/><E127/><V68/><F117/><W3/><G3/><T110/><D110/><U60/><E78/><V132/><F132/><W80/><G23/><T100/><D100/><U87/><E10/><V35/><F35/><W65/><G20/><T53/><D92/><U121/><E121/><V26/><F26/><N who="3" m="18679" /><G75/><T61/><D61/><U30/><REACH who="1" step="1"/><E27/><REACH who="1" ten="259,198,186,347" step="2"/><V125/><F125/><W21/><G69/><T25/><REACH who="0" step="1"/><D5/><REACH who="0" ten="249,198,186,347" step="2"/><U130/><E130/><V38/><F6/><W116/><G116/><T76/><D76/><U128/><E128/><V39/><F68/><W42/><G133/><T120/><D120/><U51/><E51/><V9/><F71/><W1/><G1/><T77/><D77/><U19/><E19/><V112/><F112/><W105/><G80/><AGARI ba="0,2" hai="28,30,52,58,60,80,84,87,88,89,90,93,94,96" machi="80" ten="30,8000,1" yaku="1,1,7,1,8,1,54,2,53,0" doraHai="4" doraHaiUra="11" who="1" fromWho="3" sc="249,0,198,100,186,0,347,-80" /><INIT seed="5,0,0,5,3,93" ten="249,298,186,267" oya="1" hai0="9,89,15,80,86,49,130,65,67,33,69,41,96" hai1="114,43,6,14,75,66,59,106,132,108,0,42,12" hai2="13,20,99,72,119,40,22,78,3,44,61,10,58" hai3="32,70,129,91,83,56,85,122,92,27,101,127,4"/><U18/><E75/><V133/><F133/><W74/><G70/><T100/><D33/><U76/><E132/><V52/><F119/><W51/><G4/><T82/><D130/><U50/><E106/><V63/><F3/><W62/><G122/><T125/><D125/><U54/><E0/><V73/><F61/><W37/><G37/><T84/><D41/><U116/><E116/><V57/><F57/><W35/><G51/><T95/><D49/><U17/><E114/><V68/><F68/><W8/><G8/><T98/><D69/><U19/><E108/><V24/><F78/><W113/><G129/><T39/><D39/><U124/><E124/><V115/><F115/><W1/><G1/><T102/><D15/><N who="1" m="5675" /><E76/><V104/><F72/><W30/><G74/><T23/><D23/><U46/><E6/><V34/><F73/><W26/><G113/><T131/><D9/><U29/><E29/><V105/><F105/><W79/><G79/><T88/><D131/><U25/><E25/><V94/><F104/><AGARI ba="0,0" hai="65,67,80,82,84,86,88,89,95,96,98,100,102,104" machi="104" ten="30,8000,1" yaku="7,1,9,1,52,2,54,1" doraHai="93" who="0" fromWho="2" sc="249,80,298,0,186,-80,267,0" /><INIT seed="6,0,0,3,3,3" ten="329,298,106,267" oya="2" hai0="45,88,77,44,69,104,25,56,90,114,93,108,20" hai1="106,48,40,67,74,64,128,79,123,113,110,76,112" hai2="1,60,94,7,29,42,53,26,105,54,121,12,35" hai3="81,98,115,59,16,111,75,17,38,43,70,65,91"/><V116/><F121/><W127/><G111/><T83/><D69/><U129/><E110/><V22/><F105/><W63/><G127/><T120/><D104/><U47/><E106/><V4/><F116/><W8/><G115/><N who="1" m="44106" /><E123/><V46/><F1/><W27/><G98/><T72/><D108/><U9/><E9/><V134/><F134/><W96/><G96/><T33/><D33/><U133/><E133/><V61/><F35/><W58/><G58/><T49/><D120/><U87/><E74/><V15/><F94/><W62/><G27/><T102/><D102/><U84/><E84/><V132/><F132/><W5/><G43/><T31/><D114/><U109/><E109/><V89/><F89/><W6/><G38/><T18/><D90/><U51/><E51/><N who="2" m="27095" /><F12/><W124/><G124/><T86/><D31/><U28/><E28/><V0/><F15/><W131/><G8/><T135/><D135/><U32/><E32/><V130/><F0/><W10/><G10/><T125/><D125/><U100/><E100/><V19/><F29/><W50/><G91/><T80/><D93/><U57/><E79/><V95/><F130/><W126/><G131/><T36/><D83/><N who="1" m="47591" /><E128/><V34/><F34/><W97/><G126/><T107/><D107/><U23/><E129/><V39/><F39/><W78/><G81/><N who="0" m="49231" /><D36/><N who="1" m="21895" /><E23/><V13/><F95/><W122/><G122/><T119/><D119/><U101/><E101/><V117/><F117/><W2/><G78/><T55/><D77/><U21/><E21/><V52/><F26/><W66/><G75/><T30/><D30/><U68/><E68/><RYUUKYOKU ba="0,0" sc="329,10,298,10,106,10,267,-30" hai0="18,20,25,44,45,49,55,56,72,80" hai1="48,57,64,67" hai2="4,7,13,19,22,52,53,54,60,61" /><INIT seed="6,1,0,1,1,104" ten="339,308,116,237" oya="2" hai0="56,51,127,68,26,1,73,14,91,112,59,47,31" hai1="36,37,10,12,75,64,5,67,97,118,15,103,129" hai2="99,39,34,95,22,49,77,80,110,81,130,28,108" hai3="35,71,109,120,43,41,13,11,79,121,44,21,113"/><V29/><F39/><W58/><G109/><N who="2" m="42089" /><F34/><W74/><G71/><T61/><D1/><U89/><E118/><V82/><F130/><W135/><G35/><T17/><D73/><U0/><E129/><V125/><F125/><W32/><G32/><T116/><D116/><U111/><E111/><V42/><F22/><W123/><G21/><T105/><D105/><U55/><E36/><V38/><F38/><W9/><G58/><T122/><D122/><U96/><E37/><V134/><F134/><W7/><G44/><T50/><D127/><U84/><E10/><V46/><F77/><W60/><G60/><T45/><D112/><U101/><E0/><V131/><F131/><W30/><G30/><T115/><D115/><U133/><E133/><V57/><F57/><W117/><G135/><T100/><D68/><U66/><E15/><V4/><F4/><W119/><G113/><T102/><D26/><U106/><E12/><V18/><F18/><W98/><G9/><N who="0" m="6351" /><D91/><AGARI ba="1,0" hai="28,29,42,46,49,80,81,82,91,95,99" m="42089" machi="91" ten="30,1500,0" yaku="10,1" doraHai="104" who="2" fromWho="0" sc="339,-18,308,0,116,18,237,0" /><INIT seed="6,2,0,2,5,61" ten="321,308,134,237" oya="2" hai0="99,103,32,90,8,47,13,87,38,115,28,129,22" hai1="0,119,45,71,62,14,89,116,36,78,132,127,74" hai2="111,117,54,18,130,123,126,88,70,17,23,35,120" hai3="27,29,67,73,60,110,113,6,131,85,44,65,42"/><V53/><F117/><W15/><G110/><T114/><D129/><U48/><E0/><V52/><F130/><W81/><G73/><T96/><D32/><U3/><E3/><V97/><F35/><W33/><G60/><T16/><D38/><U104/><E104/><V2/><F2/><W43/><G43/><T72/><D72/><U20/><E36/><V101/><F126/><W95/><G95/><T4/><D28/><U34/><E34/><V125/><F125/><W84/><G84/><T82/><D47/><U92/><E127/><V37/><F37/><W106/><G106/><T75/><D75/><U108/><E108/><V26/><F70/><W76/><G113/><N who="0" m="43019" /><D103/><U21/><E132/><V107/><F111/><W55/><G55/><T77/><D77/><U30/><E78/><V91/><REACH who="2" step="1"/><F18/><REACH who="2" ten="321,308,124,237" step="2"/><W102/><G131/><T1/><AGARI ba="2,1" hai="1,4,8,13,16,22,82,87,90,96,99" m="43019" machi="1" ten="30,2000,0" yaku="15,1,54,1" doraHai="61" who="0" fromWho="0" sc="321,36,308,-7,124,-12,237,-7" /><INIT seed="7,0,0,3,4,99" ten="357,301,112,230" oya="3" hai0="66,45,4,81,6,8,80,47,84,103,74,121,86" hai1="42,14,23,59,76,31,85,44,2,71,107,32,133" hai2="72,64,77,38,127,79,96,5,91,33,57,131,55" hai3="49,132,113,40,1,62,68,51,53,105,7,122,123"/><W12/><G1/><T48/><D121/><U63/><E71/><V61/><F127/><W11/><G105/><T69/><D74/><U58/><E107/><V0/><F131/><W65/><G113/><T78/><D103/><U75/><E75/><V87/><F33/><W88/><G132/><T73/><D73/><U19/><E133/><V90/><F38/><W100/><G100/><T67/><D69/><U134/><E134/><V115/><F115/><W28/><G28/><T101/><D101/><U34/><E58/><V128/><F72/><W9/><G9/><T93/><D93/><U110/><E110/><V15/><F0/><W120/><G40/><N who="0" m="24615" /><D47/><U94/><E31/><V16/><F128/><W54/><G49/><T24/><D24/><U50/><E2/><V13/><F64/><N who="0" m="24618" /><D8/><U3/><E3/><V108/><F108/><W10/><G10/><T119/><D119/><U27/><E27/><V22/><F96/><W97/><G51/><T41/><D41/><U112/><E112/><V36/><F36/><W20/><G20/><T82/><D82/><N who="1" m="47303" /><E94/><V106/><F106/><W109/><G109/><T18/><D18/><U89/><E89/><AGARI ba="0,0" hai="4,6,78,80,81,84,86,89" m="24618,24615" machi="89" ten="30,1000,0" yaku="8,1" doraHai="99" who="0" fromWho="1" sc="357,10,301,-10,112,0,230,0" owari="367,47.0,291,9.0,112,-39.0,230,-17.0" /></mjloggm>