<mjloggm ver="2.3"><GO type="169" lobby="0"/><UN n0="%EF%BC%94%EF%BC%98%EF%BC%96%EF%BC%99" n1="%E3%82%82%E3%81%93%E3%81%BF" n2="%E3%81%A9%E3%82%93%E3%81%9F%E3%82%83%E3%82%93" n3="%E3%81%95%E3%82%86" dan="16,17,17,16" rate="2081.44,2237.30,2192.12,2133.81" sx="M,M,F,F"/><TAIKYOKU oya="0"/><INIT seed="0,0,0,3,2,21" ten="250,250,250,250" oya="0" hai0="64,33,95,54,6,98,27,17,109,65,99,70,102" hai1="36,119,93,87,78,128,41,130,63,94,71,14,115" hai2="20,125,15,106,44,57,13,24,127,131,30,23,37" hai3="4,105,120,18,51,124,16,25,38,40,3,68,12"/><T80/><D109/><U61/><E119/><V100/><F131/><N who="1" m="50217" /><E71/><V97/><F57/><W83/><G38/><T47/><D70/><U104/><E104/><V34/><F34/><W74/><G105/><T0/><D80/><N who="1" m="47511" /><E115/><V26/><F44/><W60/><G3/><T135/><D135/><U73/><E73/><V9/><F37/><W81/><G124/><N who="2" m="47689" /><F9/><W86/><G74/><T126/><D126/><U89/><E41/><V19/><AGARI ba="0,0" hai="13,15,19,20,23,24,26,30,97,100,106" m="47689" machi="19" ten="30,4000,0" yaku="18,1,52,2" doraHai="21" who="2" fromWho="2" sc="250,-20,250,-10,250,40,250,-10" /><INIT seed="1,0,0,1,3,109" ten="230,240,290,240" oya="1" hai0="46,51,42,120,44,89,101,81,21,110,29,59,132" hai1="47,7,84,126,108,61,94,8,69,125,38,112,35" hai2="72,17,53,92,122,6,3,18,87,24,25,49,104" hai3="65,99,0,40,15,79,27,63,128,70,119,106,127"/><U135/><E35/><V62/><F72/><W1/><G128/><T54/><D110/><U12/><E108/><V113/><F104/><W14/><G127/><T64/><D132/><U129/><E135/><V55/><F122/><W74/><G40/><T34/><D34/><U134/><E134/><V75/><F75/><W36/><G36/><T131/><D131/><U117/><E117/><V78/><F3/><W2/><G27/><T41/><D101/><U116/><E116/><V76/><F6/><W50/><G50/><T95/><D81/><U10/><E69/><V16/><F62/><W73/><G79/><N who="2" m="30249" /><F113/><W97/><G106/><T32/><D32/><U22/><E112/><V118/><F118/><W88/><G99/><T115/><D115/><U60/><E129/><V121/><F121/><W91/><G119/><T4/><D4/><U26/><E8/><V124/><F124/><N who="1" m="47721" /><E84/><V11/><F11/><W52/><G74/><T45/><D120/><U9/><E94/><V123/><F123/><W102/><G73/><T30/><D21/><U82/><E82/><V98/><F87/><W85/><G85/><N who="0" m="52655" /><D64/><U83/><E10/><V93/><F93/><W133/><G133/><T37/><D37/><U107/><E83/><V90/><F55/><W5/><G52/><T66/><D66/><U71/><E71/><V77/><F77/><W23/><G23/><T114/><D114/><U31/><E107/><V100/><F100/><W80/><G80/><T56/><D56/><AGARI ba="0,0" hai="16,17,18,24,25,49,53,56,90,92,98" m="30249" machi="56" ten="30,2000,0" yaku="8,1,54,1" doraHai="109" who="2" fromWho="0" sc="230,-20,240,0,290,20,240,0" /><INIT seed="2,0,0,3,4,91" ten="210,240,310,240" oya="2" hai0="19,104,99,3,66,54,103,119,124,25,27,14,86" hai1="21,80,71,33,77,13,22,87,43,111,101,75,116" hai2="102,72,53,134,7,49,93,61,123,128,95,96,39" hai3="69,18,130,106,29,78,0,23,127,122,92,37,107"/><V32/><F123/><W94/><G122/><T56/><D3/><U36/><E111/><V76/><F39/><W135/><G69/><T88/><D66/><U84/><E33/><V83/><F32/><W42/><G0/><T11/><D124/><U8/><E71/><V64/><F128/><W4/><G4/><T48/><REACH who="0" step="1"/><D119/><REACH who="0" ten="200,240,310,240" step="2"/><U38/><E116/><V1/><F1/><W113/><G127/><T85/><D85/><U20/><E84/><V125/><F125/><W51/><G130/><T31/><D31/><U58/><E87/><V52/><F134/><W81/><G29/><T112/><D112/><U73/><E73/><V68/><F7/><W34/><G113/><T24/><D24/><U45/><E38/><V41/><F41/><W117/><G135/><T26/><D26/><U63/><E36/><V79/><F79/><W46/><G117/><T16/><D16/><U115/><E43/><V82/><F53/><W120/><G120/><T28/><D28/><U2/><E2/><V97/><F76/><W100/><G37/><T110/><D110/><U89/><E77/><V90/><F72/><W108/><G108/><T5/><D5/><U59/><E75/><V35/><REACH who="2" step="1"/><F35/><REACH who="2" ten="200,240,300,240" step="2"/><W10/><G34/><T118/><D118/><U133/><E133/><V109/><F109/><W6/><G78/><T9/><D9/><U55/><E8/><V60/><F60/><W12/><G10/><T57/><D57/><AGARI ba="0,2" hai="49,52,57,61,64,68,82,83,90,93,95,96,97,102" machi="57" ten="30,12000,1" yaku="1,1,7,1,52,2,54,1,53,0" doraHai="91" doraHaiUra="129" who="2" fromWho="0" sc="200,-120,240,0,300,140,240,0" /><INIT seed="2,1,0,0,1,12" ten="80,240,440,240" oya="2" hai0="99,97,47,90,70,25,3,106,69,20,58,63,34" hai1="28,95,133,45,30,68,113,128,64,17,5,91,26" hai2="55,114,134,0,130,125,16,126,32,87,46,31,86" hai3="61,59,7,44,35,122,74,82,33,54,108,110,50"/><V80/><F114/><W105/><G105/><T37/><D3/><U10/><E113/><V83/><F0/><W22/><G122/><T92/><D34/><U102/><E133/><V43/><F134/><W85/><G7/><T135/><D135/><U115/><E128/><V124/><F130/><W120/><G74/><T101/><D47/><U40/><E102/><V116/><F116/><W129/><G120/><T100/><D37/><U67/><E68/><V27/><F55/><W8/><G8/><T132/><D132/><U123/><E115/><V119/><F119/><W112/><G112/><T118/><D118/><U127/><E127/><V107/><F107/><W109/><G22/><T103/><D103/><U71/><E71/><V76/><F46/><W72/><G72/><T14/><D14/><U18/><E10/><V23/><F43/><W36/><G36/><T111/><D111/><U51/><E5/><V79/><F32/><W65/><REACH who="3" step="1"/><G129/><REACH who="3" ten="80,240,440,230" step="2"/><T96/><D96/><N who="1" m="57471" /><E123/><V73/><F73/><W84/><G84/><T9/><D9/><U2/><E2/><V66/><F86/><W75/><G75/><T60/><D60/><U78/><E78/><AGARI ba="1,1" hai="33,35,44,50,54,59,61,65,78,82,85,108,109,110" machi="78" ten="40,5200,0" yaku="1,1,14,1,53,1" doraHai="12" doraHaiUra="52" who="3" fromWho="1" sc="80,0,240,-55,440,0,230,65" /><INIT seed="3,0,0,5,5,54" ten="80,185,440,295" oya="3" hai0="87,31,117,73,53,130,77,51,17,104,90,81,74" hai1="1,111,71,96,41,4,94,57,124,11,107,72,112" hai2="20,100,30,108,40,61,21,122,49,69,126,36,27" hai3="34,52,37,63,7,123,84,70,86,2,85,109,13"/><W15/><G123/><T32/><D117/><U44/><E112/><V113/><F122/><W47/><G34/><T115/><D130/><U114/><E111/><V23/><F113/><W93/><G109/><T133/><D115/><U97/><E124/><V45/><F108/><W10/><G93/><T76/><D133/><U56/><E71/><V89/><F126/><W91/><G91/><T14/><D104/><U127/><E127/><V8/><F100/><W116/><G116/><T12/><D12/><U24/><E72/><V66/><F8/><W95/><G95/><T62/><D62/><U60/><E60/><V3/><F3/><W19/><G37/><T134/><D134/><U5/><E5/><V39/><REACH who="2" step="1"/><F89/><REACH who="2" ten="80,185,430,295" step="2"/><W135/><G135/><T98/><D76/><U78/><E78/><V88/><F88/><W67/><REACH who="3" step="1"/><G19/><REACH who="3" ten="80,185,430,285" step="2"/><T119/><D119/><U46/><E107/><V99/><F99/><W68/><G68/><T83/><D98/><U16/><E97/><V121/><F121/><W101/><G101/><T79/><D90/><U103/><E114/><V18/><F18/><W106/><G106/><T59/><D31/><U33/><E16/><V29/><F29/><W132/><G132/><T65/><D32/><AGARI ba="0,2" hai="20,21,23,27,30,32,36,39,40,45,49,61,66,69" machi="32" ten="40,1300,0" yaku="1,1,53,0" doraHai="54" doraHaiUra="105" who="2" fromWho="0" sc="80,-13,185,0,430,33,285,0" /><INIT seed="4,0,0,0,1,84" ten="67,185,463,285" oya="0" hai0="118,90,72,6,1,4,130,34,46,51,42,21,89" hai1="7,76,85,11,25,44,99,101,135,64,60,74,97" hai2="29,16,105,102,59,27,113,111,122,18,83,114,9" hai3="53,98,78,92,91,58,70,95,133,77,117,119,87"/><T93/><D118/><U107/><E135/><V2/><F122/><W80/><G133/><T37/><D34/><U115/><E74/><V120/><F120/><W66/><G66/><T108/><D130/><U8/><E99/><N who="2" m="61663" /><F111/><W36/><G70/><T24/><D72/><U10/><E115/><N who="2" m="44043" /><F59/><W55/><G36/><T30/><D108/><U28/><E44/><V124/><F124/><W17/><G17/><T23/><D1/><U109/><E109/><V45/><F45/><W32/><G32/><T96/><D37/><U57/><E76/><V56/><F56/><W35/><G35/><T131/><D131/><U0/><E85/><V41/><F41/><W52/><G95/><T19/><REACH who="0" step="1"/><D90/><REACH who="0" ten="57,185,463,285" step="2"/><U61/><E60/><V106/><F2/><W50/><G119/><T49/><D49/><U100/><E100/><V40/><F106/><W103/><G117/><T73/><D73/><U69/><E69/><V112/><F112/><W134/><G134/><T71/><D71/><U132/><E132/><V54/><F40/><W81/><G78/><T5/><D5/><U121/><E121/><V65/><F18/><W126/><G126/><T14/><AGARI ba="0,1" hai="4,6,14,19,21,23,24,30,42,46,51,89,93,96" machi="14" ten="20,12000,1" yaku="1,1,0,1,7,1,8,1,52,1,53,0" doraHai="84" doraHaiUra="68" who="0" fromWho="0" sc="57,130,185,-40,463,-40,285,-40" /><INIT seed="4,1,0,5,3,76" ten="187,145,423,245" oya="0" hai0="17,104,47,13,53,21,134,34,122,94,86,23,95" hai1="87,38,68,9,125,102,64,37,108,100,113,58,72" hai2="3,118,29,27,115,44,90,14,33,131,91,25,111" hai3="12,59,78,62,36,28,71,127,105,11,20,106,83"/><T15/><D122/><U89/><E108/><V31/><F111/><W116/><G71/><T69/><D104/><U49/><E72/><V109/><F109/><W107/><G36/><T99/><D34/><U132/><E125/><V60/><F3/><W41/><G41/><T97/><D69/><U19/><E132/><V85/><F115/><W57/><G127/><T2/><D2/><U67/><E38/><V84/><F131/><W10/><G59/><T117/><D117/><U103/><E37/><V52/><F118/><W88/><G78/><T123/><D123/><U22/><E9/><V26/><F14/><W1/><G1/><T6/><D86/><U73/><E73/><V55/><F60/><W114/><G114/><T16/><D6/><U126/><E68/><V43/><F43/><W128/><G128/><T79/><D79/><U82/><E126/><V112/><F112/><W7/><G10/><T93/><D134/><U135/><E135/><V124/><F124/><W39/><G39/><T46/><D53/><N who="2" m="20554" /><F44/><AGARI ba="1,0" hai="13,15,16,17,21,23,44,46,47,93,94,95,97,99" machi="44" ten="40,7700,0" yaku="9,1,8,1,54,1" doraHai="76" who="0" fromWho="2" sc="187,80,145,0,423,-80,245,0" /><INIT seed="4,2,0,2,4,29" ten="267,145,343,245" oya="0" hai0="106,64,41,34,123,102,38,119,6,122,81,44,86" hai1="33,111,104,13,124,60,27,16,4,117,62,63,88" hai2="66,95,12,72,26,130,45,0,107,28,61,37,3" hai3="134,70,113,80,85,108,15,40,98,35,53,23,91"/><T127/><D119/><U105/><E111/><V115/><F107/><W116/><G108/><T68/><D127/><U99/><E117/><V7/><F115/><W75/><G116/><T55/><D6/><U46/><E124/><V93/><F72/><W18/><G113/><T17/><D17/><U76/><E46/><V121/><F121/><W43/><G70/><T36/><D36/><U59/><E76/><V83/><F83/><W101/><G134/><T74/><D86/><U100/><E4/><V87/><F12/><W25/><G53/><T129/><D55/><U67/><E104/><V42/><F130/><W126/><G126/><T49/><D49/><U109/><E109/><V21/><F87/><W94/><REACH who="3" step="1"/><G75/><REACH who="3" ten="267,145,343,235" step="2"/><T92/><D74/><U135/><E135/><V39/><F42/><W69/><G69/><T52/><D68/><U50/><E50/><V58/><F39/><W79/><G79/><T71/><D71/><U84/><E62/><V47/><F37/><W51/><G51/><T2/><D38/><U10/><E63/><V112/><F112/><W132/><G132/><T14/><D123/><U96/><E105/><V114/><F114/><W125/><G125/><T78/><D106/><U110/><E110/><V22/><F61/><W24/><G24/><T11/><D78/><U56/><E100/><V9/><F26/><W65/><G65/><T128/><D102/><U120/><E120/><V8/><F66/><W57/><G57/><T73/><D73/><U5/><E59/><V77/><F58/><W82/><G82/><T89/><D122/><U48/><E56/><RYUUKYOKU ba="2,1" sc="267,-10,145,-10,343,-10,235,30" hai3="15,18,23,25,35,40,43,80,85,91,94,98,101" /><INIT seed="5,3,1,4,2,33" ten="257,135,333,265" oya="1" hai0="82,74,93,4,102,114,127,17,131,107,86,65,89" hai1="83,36,51,24,84,23,54,100,6,46,67,5,111" hai2="34,18,81,115,40,31,87,104,56,10,14,62,63" hai3="27,59,22,109,118,35,49,120,69,42,119,45,2"/><U92/><E111/><V48/><F104/><W77/><G69/><T96/><D114/><U11/><E36/><V41/><F115/><W103/><G109/><T122/><D122/><U90/><E67/><V60/><F34/><W44/><G120/><T123/><D123/><U26/><E6/><V16/><F31/><W73/><G35/><T91/><D131/><U129/><E129/><V70/><F70/><W113/><G113/><T110/><D110/><U132/><E132/><V85/><F18/><W29/><G103/><T38/><D38/><U116/><E116/><V95/><F95/><W80/><G2/><T76/><D65/><U39/><E39/><V8/><F8/><W21/><G44/><T58/><D58/><U105/><E105/><V20/><F10/><W71/><G71/><T135/><D17/><U25/><E100/><V99/><F99/><W72/><G72/><T15/><D15/><U61/><E61/><V43/><F81/><W30/><G59/><T28/><D28/><U75/><E75/><V128/><F128/><W53/><G42/><T124/><D4/><U94/><REACH who="1" step="1"/><E23/><REACH who="1" ten="257,125,333,265" step="2"/><V47/><F62/><W19/><G21/><T50/><D135/><U108/><E108/><V134/><F60/><W32/><G32/><T121/><D121/><U125/><E125/><V37/><F134/><W88/><G119/><T133/><D133/><U12/><AGARI ba="3,2" hai="5,11,12,24,25,26,46,51,54,83,84,90,92,94" machi="12" ten="30,6000,0" yaku="1,1,0,1,8,1,53,0" doraHai="33" doraHaiUra="52" who="1" fromWho="1" sc="257,-23,125,89,333,-23,265,-23" /><INIT seed="5,4,0,5,4,48" ten="234,214,310,242" oya="1" hai0="57,14,126,102,25,61,135,40,21,8,114,50,107" hai1="128,63,95,20,85,134,131,38,1,92,31,133,79" hai2="121,9,67,52,54,51,42,59,73,124,109,115,3" hai3="132,29,71,80,69,100,75,84,45,74,36,32,118"/><U70/><E1/><V123/><F73/><W58/><G132/><N who="1" m="50794" /><E38/><V65/><F109/><W91/><G118/><T60/><D135/><U98/><E70/><V53/><F3/><W11/><G11/><T117/><D117/><U62/><E31/><V86/><F9/><W27/><G100/><T15/><D107/><U83/><E20/><V56/><F86/><W103/><G103/><T77/><D102/><N who="1" m="60743" /><E63/><N who="2" m="38119" /><F124/><W129/><G129/><N who="1" m="49738" /><E62/><N who="2" m="38367" /><F115/><W6/><G6/><T105/><D114/><U43/><E43/><V10/><F10/><W81/><G71/><T106/><D40/><U44/><E44/><AGARI ba="4,0" hai="42,44,51,52,53,54,121,123" m="38367,38119" machi="44" ten="30,12000,2" yaku="34,2,52,3,54,1" doraHai="48" who="2" fromWho="1" sc="234,0,214,-132,310,132,242,0" /><INIT seed="6,0,0,3,4,24" ten="234,82,442,242" oya="2" hai0="7,125,13,62,128,51,115,86,75,74,99,26,28" hai1="27,54,57,22,3,8,113,91,120,122,17,89,39" hai2="110,129,16,42,63,107,71,123,127,88,105,1,95" hai3="73,36,97,29,41,37,103,47,48,119,87,12,72"/><V46/><F123/><W25/><G119/><T20/><D115/><U64/><E39/><V70/><F1/><W85/><G36/><T102/><D128/><U52/><E64/><V98/><F129/><W49/><G37/><T14/><D86/><U32/><E32/><V59/><F70/><W61/><G73/><T43/><D125/><U10/><E113/><V90/><F71/><W50/><G72/><T65/><D51/><U4/><E54/><V5/><F5/><W34/><G12/><T35/><D43/><U44/><E44/><V58/><F127/><W109/><G109/><T66/><D66/><U96/><E10/><V124/><F124/><W92/><G47/><T23/><D14/><U40/><E40/><V101/><F110/><W81/><G41/><T19/><D7/><U67/><E67/><V121/><F121/><W9/><G61/><T132/><D132/><U83/><E83/><V118/><F118/><W111/><G111/><T94/><REACH who="0" step="1"/><D35/><REACH who="0" ten="224,82,442,242" step="2"/><U112/><E112/><V0/><F42/><W134/><G134/><T76/><D76/><U45/><E45/><V106/><F0/><W100/><G85/><T104/><D104/><U135/><E135/><V77/><F77/><W133/><G133/><T68/><AGARI ba="0,1" hai="13,19,20,23,26,28,62,65,68,74,75,94,99,102" machi="68" ten="20,5200,0" yaku="1,1,0,1,7,1,52,1,53,0" doraHai="24" doraHaiUra="117" who="0" fromWho="0" sc="224,62,82,-13,442,-26,242,-13" /><INIT seed="7,0,0,2,3,107" ten="286,69,416,229" oya="3" hai0="84,79,129,16,125,72,60,97,128,22,135,0,75" hai1="20,10,26,112,92,68,56,130,31,111,116,50,25" hai2="37,131,36,18,89,78,55,109,21,115,33,122,32" hai3="93,81,13,11,53,61,63,119,102,85,29,15,126"/><W24/><G126/><T117/><D0/><U40/><E92/><V3/><F109/><W95/><G119/><T49/><D117/><U47/><E111/><V124/><F3/><W87/><G15/><T101/><D60/><U30/><E112/><V2/><F2/><W90/><G85/><T104/><D125/><U133/><E130/><N who="0" m="50281" /><D49/><U88/><E68/><V27/><F115/><W114/><G114/><T132/><D84/><U4/><E133/><N who="0" m="51273" /><D79/><U58/><E116/><V74/><F78/><W66/><G53/><T100/><D100/><U8/><E4/><V54/><F37/><W5/><G102/><T83/><D83/><U103/><E103/><V91/><F36/><W7/><G7/><T12/><AGARI ba="0,0" hai="12,16,22,72,75,97,101,104" m="51273,50281" machi="12" ten="30,8000,1" yaku="19,1,20,1,52,2,54,1" doraHai="107" who="0" fromWho="0" sc="286,80,69,-20,416,-20,229,-40" owari="366,17.0,49,-45.0,396,49.0,189,-21.0" /></mjloggm>