<mjloggm ver="2.3"><GO type="185" lobby="0"/><UN n0="%E7%A9%BA%E3%81%AB%E8%8A%B1%E7%81%AB" n1="%E8%B5%A4%E3%81%AE%E3%83%A9%E3%82%B0%E3%83%8A%E3%83%AB" n2="%4C%61%69%74%79" n3="" dan="17,16,17,0" rate="2216.94,2171.50,2246.30,1500.00" sx="M,M,F,C"/><TAIKYOKU oya="0"/><INIT seed="0,0,0,5,1,41" ten="350,350,350,0" oya="0" hai0="69,58,108,86,51,130,34,0,92,112,109,117,119" hai1="39,65,94,75,133,118,77,68,84,48,103,43,121" hai2="90,127,83,71,72,33,45,64,70,57,85,47,91" hai3=""/><T56/><D34/><U81/><N who="1" m="31008" /><U100/><E118/><N who="0" m="45065" /><D0/><U52/><E133/><V96/><F33/><T87/><D112/><U76/><E39/><V135/><F135/><T50/><D130/><U110/><E43/><V35/><F35/><T53/><D69/><U104/><E104/><V67/><F127/><T93/><D87/><U40/><E94/><N who="0" m="36457" /><D86/><U114/><E68/><V128/><F72/><T97/><D97/><U126/><E126/><V99/><F85/><T131/><D131/><U61/><E84/><V60/><F128/><T46/><D51/><U106/><E114/><V63/><REACH who="2" step="1"/><F57/><REACH who="2" ten="350,350,340,0" step="2"/><T55/><D58/><U73/><E75/><V98/><F98/><T1/><D56/><U129/><E73/><V113/><F113/><T116/><D116/><U32/><E129/><V111/><F111/><N who="0" m="42570" /><D1/><U74/><E32/><V49/><F49/><T134/><D134/><U80/><E74/><V38/><F38/><T115/><D115/><U66/><E110/><V105/><F105/><T88/><D50/><U95/><E48/><V132/><F132/><T101/><D55/><U78/><E52/><V120/><N who="2" m="30752" /><V42/><F42/><T44/><D53/><U82/><E40/><V62/><F62/><T2/><D2/><RYUUKYOKU ba="0,1" sc="350,-10,350,-10,340,20,0,0" hai2="45,47,60,63,64,67,70,71,83,90,91,96,99" /><INIT seed="1,1,1,1,0,121" ten="340,340,360,0" oya="1" hai0="69,92,62,41,67,87,52,97,98,111,50,94,99" hai1="84,91,58,79,127,57,72,85,104,103,133,68,61" hai2="110,93,66,33,42,120,34,46,96,3,102,36,101" hai3=""/><U35/><E35/><V75/><N who="2" m="30752" /><V76/><F3/><T88/><D111/><U130/><E133/><V64/><F102/><T78/><D41/><U74/><E130/><V100/><F100/><T117/><D117/><U81/><E127/><V39/><F39/><T116/><D116/><U107/><E68/><V40/><F40/><T122/><N who="0" m="31264" /><T134/><D134/><U82/><E103/><V95/><F95/><T0/><D0/><U63/><E91/><V70/><F110/><T49/><D49/><U48/><E48/><V83/><REACH who="2" step="1"/><F70/><REACH who="2" ten="340,340,350,0" step="2"/><T38/><D38/><U128/><E128/><V126/><F126/><T59/><REACH who="0" step="1"/><D92/><REACH who="0" ten="330,340,350,0" step="2"/><U43/><E43/><V54/><F54/><T2/><D2/><U89/><E104/><V60/><F60/><T132/><D132/><U86/><E107/><V71/><F71/><T55/><D55/><U113/><E61/><V129/><F129/><T106/><D106/><U45/><E63/><V80/><F80/><AGARI ba="1,3" hai="50,52,59,62,67,69,78,80,87,88,94,97,98,99" m="31264" machi="80" ten="40,8000,1" yaku="1,1,52,1,54,2,53,0" doraHai="121" doraHaiUra="115" who="0" fromWho="2" sc="330,112,340,0,350,-82,0,0" /><INIT seed="2,0,0,3,3,116" ten="442,340,268,0" oya="2" hai0="104,115,109,132,108,135,89,103,83,66,87,84,134" hai1="36,44,51,71,112,94,121,56,111,48,61,127,41" hai2="125,86,119,58,102,3,82,77,37,120,129,98,75" hai3=""/><V81/><N who="2" m="30752" /><V43/><F3/><T122/><N who="0" m="31264" /><T42/><D115/><U1/><N who="1" m="31008" /><U117/><E1/><V106/><F119/><T99/><D66/><U130/><E112/><V39/><F125/><T118/><D42/><U91/><E117/><V38/><F129/><T55/><D118/><U131/><E127/><V34/><F34/><T74/><D55/><U124/><E71/><V52/><F43/><T128/><D128/><N who="1" m="49195" /><E111/><N who="0" m="42569" /><D87/><U110/><E124/><V78/><REACH who="2" step="1"/><F38/><REACH who="2" ten="442,340,258,0" step="2"/><T50/><D135/><U0/><E0/><V63/><AGARI ba="0,1" hai="37,39,52,58,63,75,77,78,81,82,86,98,102,106" m="30752" machi="63" ten="20,16000,3" yaku="1,1,2,1,0,1,7,1,52,2,54,1,53,1" doraHai="116" doraHaiUra="57" who="2" fromWho="2" sc="442,-80,340,-80,258,170,0,0" /><INIT seed="2,1,0,0,1,58" ten="362,260,428,0" oya="2" hai0="133,76,38,68,121,1,106,103,96,116,62,123,92" hai1="35,47,82,109,88,60,135,72,2,75,124,50,48" hai2="87,101,114,66,89,39,97,36,41,122,80,55,67" hai3=""/><V132/><N who="2" m="31264" /><V115/><F132/><T119/><N who="0" m="31008" /><T79/><N who="0" m="31520" /><T94/><D38/><U117/><E2/><V69/><F55/><T84/><D1/><U46/><E35/><V111/><F111/><T42/><D42/><U108/><E135/><V40/><F40/><T71/><D133/><U83/><E124/><V91/><F91/><T127/><D127/><U0/><E0/><V77/><F89/><T104/><D84/><U74/><E88/><V73/><F87/><T125/><D125/><U128/><E75/><V105/><F66/><T86/><D86/><U78/><E78/><V59/><F59/><T93/><D93/><U113/><E113/><N who="2" m="43019" /><F41/><T118/><D119/><U131/><E117/><V49/><F49/><T53/><D53/><U129/><E129/><V44/><F44/><T85/><D85/><U3/><E3/><V64/><F64/><T45/><D45/><U99/><E99/><V43/><F43/><T34/><D96/><U56/><E56/><V90/><F90/><T126/><D126/><U81/><E81/><V70/><F70/><T100/><D34/><U52/><E52/><V51/><F51/><T65/><D65/><U33/><E33/><V107/><F107/><T134/><D134/><RYUUKYOKU ba="1,0" sc="362,0,260,0,428,0,0,0" hai0="62,68,71,76,79,92,94,100,103,104,106,116,118" hai1="46,47,48,50,60,72,74,82,83,108,109,128,131" hai2="36,39,67,69,73,77,80,97,101,105" /><INIT seed="2,2,0,0,3,37" ten="362,260,428,0" oya="2" hai0="96,66,43,54,77,114,38,94,106,71,99,50,92" hai1="130,40,1,131,135,67,51,75,134,83,107,132,105" hai2="119,93,78,0,109,91,102,108,79,35,2,117,95" hai3=""/><V81/><F35/><T121/><N who="0" m="31008" /><T3/><D3/><N who="2" m="1066" /><F102/><T112/><D77/><N who="2" m="29194" /><F81/><T76/><D76/><U133/><E1/><V56/><F56/><T72/><D72/><U36/><E132/><V47/><F47/><T46/><D66/><U52/><E75/><V45/><F91/><T64/><D64/><U70/><E83/><V53/><F53/><T111/><D71/><U68/><E36/><V128/><F45/><T87/><D54/><U63/><E70/><V90/><F90/><T82/><D38/><U125/><E40/><V129/><F93/><T103/><D94/><U115/><E115/><V55/><F95/><T110/><D114/><U41/><E41/><V97/><F97/><T101/><D112/><U73/><E73/><V98/><F98/><T44/><D44/><U60/><E52/><V120/><N who="2" m="30752" /><V48/><F48/><T58/><D58/><U32/><E51/><V89/><F89/><T113/><D113/><U61/><E32/><V84/><F84/><T49/><D50/><U127/><E60/><V116/><F55/><T126/><D87/><U88/><E61/><V118/><N who="2" m="29696" /><DORA hai="80" /><V42/><F42/><T86/><D43/><U57/><E57/><V34/><F34/><T33/><D49/><RYUUKYOKU ba="2,0" sc="362,-10,260,-10,428,20,0,0" hai2="108,109,128,129" /><INIT seed="2,3,0,1,3,56" ten="352,250,448,0" oya="2" hai0="51,90,36,96,102,122,118,77,123,1,83,86,126" hai1="73,49,69,38,72,107,101,52,104,60,88,43,37" hai2="59,53,45,134,92,3,132,112,127,68,124,32,113" hai3=""/><V42/><F92/><T62/><N who="0" m="31264" /><T121/><N who="0" m="31008" /><T115/><N who="0" m="31520" /><T79/><D118/><U2/><E2/><V131/><F68/><T111/><D36/><U80/><E72/><V44/><F32/><T135/><D1/><U64/><E101/><V95/><F95/><T94/><D115/><N who="2" m="44106" /><F3/><T100/><D126/><N who="2" m="48170" /><F131/><T91/><D135/><N who="2" m="51754" /><F42/><T109/><D51/><AGARI ba="3,0" hai="44,45,51,53,59" m="51754,48170,44106" machi="51" ten="40,12000,1" yaku="18,1,20,1,34,2" doraHai="56" who="2" fromWho="0" sc="352,-126,250,0,448,126,0,0" /><INIT seed="2,4,0,5,3,38" ten="226,250,574,0" oya="2" hai0="127,102,74,64,0,79,54,112,80,75,121,97,45" hai1="123,120,117,33,131,90,36,82,129,1,132,113,63" hai2="62,44,84,95,85,40,126,124,119,52,128,47,83" hai3=""/><V46/><F119/><T122/><N who="0" m="31008" /><T91/><N who="0" m="31264" /><T51/><D0/><U34/><N who="1" m="30752" /><U72/><N who="1" m="31520" /><U107/><E1/><V61/><F128/><N who="1" m="49225" /><E113/><V81/><F95/><T125/><D112/><U110/><E117/><V60/><F52/><T57/><D75/><U58/><E132/><V55/><F55/><T69/><D69/><U135/><E135/><V76/><F40/><T98/><D91/><U109/><E107/><V71/><F71/><T130/><D130/><U50/><E36/><V77/><AGARI ba="4,0" hai="44,46,47,60,61,62,76,77,81,83,84,85,124,126" machi="77" ten="40,2600,0" yaku="0,1,9,1" doraHai="38" who="2" fromWho="2" sc="226,-17,250,-17,574,34,0,0" /><INIT seed="2,5,0,1,4,39" ten="209,233,608,0" oya="2" hai0="103,120,113,118,45,64,3,41,104,71,67,100,105" hai1="89,50,107,68,91,119,133,96,66,129,73,83,51" hai2="95,88,59,65,63,76,80,85,106,70,37,43,131" hai3=""/><V99/><F131/><T61/><N who="0" m="30752" /><T135/><D3/><U47/><E129/><V126/><F126/><T78/><D118/><U86/><E73/><V46/><REACH who="2" step="1"/><F106/><REACH who="2" ten="209,233,598,0" step="2"/><T116/><D105/><U110/><E107/><V112/><F112/><T57/><D104/><U42/><E119/><V40/><F40/><T0/><D116/><U56/><E42/><V98/><F98/><T94/><D113/><U54/><E96/><V60/><F60/><T101/><D61/><U48/><E133/><V127/><F127/><T111/><D135/><U132/><E132/><V38/><F38/><T123/><D41/><U82/><E51/><V33/><F33/><T69/><D123/><U117/><E50/><V1/><F1/><T124/><D0/><U58/><E117/><V79/><F79/><T72/><D78/><U93/><E48/><V134/><F134/><T125/><D124/><U97/><E97/><V62/><F62/><T108/><D125/><U128/><E128/><V121/><N who="2" m="31008" /><V35/><F35/><T52/><D111/><U122/><E110/><V109/><F109/><T92/><D108/><U2/><E2/><V44/><F44/><T74/><D45/><U102/><E47/><V87/><F87/><T114/><D114/><RYUUKYOKU ba="5,1" sc="209,-10,233,-10,598,20,0,0" hai2="37,43,46,59,63,65,70,76,80,85,88,95,99" /><INIT seed="2,6,1,1,4,35" ten="199,223,618,0" oya="2" hai0="85,99,57,33,3,39,92,74,60,71,120,75,2" hai1="104,122,78,44,87,109,68,76,50,53,73,97,94" hai2="107,1,70,96,32,111,0,105,62,40,72,66,132" hai3=""/><V59/><F32/><T43/><N who="0" m="30752" /><T81/><D33/><U118/><N who="1" m="31264" /><U56/><E109/><V126/><F111/><T95/><D71/><U88/><E118/><V119/><F119/><T54/><D43/><U61/><E68/><V46/><F59/><T82/><D39/><U131/><E131/><V90/><F72/><T91/><D95/><U121/><N who="1" m="31008" /><U133/><E133/><V113/><F132/><T47/><D47/><U65/><E73/><V112/><F90/><T93/><D92/><U116/><E116/><V80/><F80/><T86/><D75/><U100/><AGARI ba="6,1" hai="44,50,53,56,61,65,76,78,87,88,94,97,100,104" m="31008,31264" machi="100" ten="30,5900,0" yaku="0,1,52,2,54,1" doraHai="35" who="1" fromWho="1" sc="199,-26,223,81,618,-45,0,0" /><INIT seed="4,0,0,3,4,130" ten="173,304,573,0" oya="0" hai0="53,118,40,1,86,88,43,116,117,119,35,82,126" hai1="33,91,72,81,102,79,38,115,90,100,54,56,67" hai2="95,113,52,59,121,60,131,112,101,78,71,124,110" hai3=""/><T65/><N who="0" m="29696" /><DORA hai="125" /><T44/><D35/><U134/><E33/><V61/><N who="2" m="31008" /><V87/><F110/><T127/><D1/><U68/><E38/><V85/><F124/><N who="0" m="47658" /><D65/><U45/><E68/><V57/><F131/><T3/><D3/><U62/><E67/><V128/><F71/><T70/><D70/><U2/><E2/><V123/><N who="2" m="31520" /><V55/><F128/><T73/><D73/><U132/><E115/><N who="2" m="44107" /><F78/><T97/><D97/><AGARI ba="0,0" hai="52,55,57,59,60,61,85,87,95,97,101" m="44107,31520,31008" machi="97" ten="30,7700,0" yaku="15,1,52,2,54,1" doraHai="130,125" who="2" fromWho="0" sc="173,-77,304,0,573,77,0,0" /><INIT seed="5,0,0,4,4,32" ten="96,304,650,0" oya="1" hai0="89,49,72,128,125,35,90,54,34,123,86,57,129" hai1="117,107,106,113,1,121,38,97,94,83,111,43,133" hai2="67,55,81,78,76,119,135,68,98,93,105,79,102" hai3=""/><U2/><N who="1" m="31008" /><U65/><E117/><V132/><F119/><T103/><N who="0" m="31520" /><T58/><D72/><U130/><E133/><N who="2" m="51275" /><F55/><T73/><D73/><U44/><E130/><V127/><F127/><T53/><D103/><U39/><E113/><V70/><F67/><T82/><D125/><U124/><E124/><V131/><F131/><T59/><D128/><U42/><E111/><V64/><F64/><T41/><D129/><U77/><E65/><V126/><F126/><T122/><N who="0" m="31264" /><T60/><D41/><U66/><E66/><V46/><F46/><T52/><REACH who="0" step="1"/><D89/><REACH who="0" ten="86,304,650,0" step="2"/><U37/><E42/><V74/><F93/><T51/><AGARI ba="0,1" hai="34,35,49,51,52,53,54,57,58,59,60,82,86,90" m="31264,31520" machi="51" ten="20,12000,3" yaku="1,1,2,1,0,1,7,1,9,1,52,2,54,1,53,0" doraHai="32" doraHaiUra="36" who="0" fromWho="0" sc="86,130,304,-80,650,-40,0,0" /><INIT seed="6,0,0,5,1,60" ten="216,224,610,0" oya="2" hai0="88,70,107,106,65,94,3,82,55,100,114,75,62" hai1="101,98,46,99,0,104,84,105,91,2,51,87,115" hai2="54,124,32,43,112,123,135,134,64,44,50,95,126" hai3=""/><V121/><N who="2" m="31008" /><V78/><N who="2" m="31520" /><V77/><F32/><T93/><D3/><U109/><E109/><V42/><F112/><T61/><D114/><U37/><E37/><V127/><F64/><T86/><D75/><U66/><E66/><V59/><F95/><T57/><D94/><U47/><E115/><V102/><F102/><T41/><D41/><N who="2" m="15370" /><F44/><T122/><N who="0" m="31264" /><T130/><D130/><U119/><E119/><V83/><F78/><T71/><D71/><U111/><E111/><V110/><F110/><T90/><D100/><U53/><E101/><V74/><AGARI ba="0,0" hai="50,54,59,74,77,83,124,126,127,134,135" m="15370,31520,31008" machi="74" ten="40,5200,0" yaku="18,1,52,2" doraHai="60" who="2" fromWho="2" sc="216,-26,224,-26,610,52,0,0" owari="190,-41.0,198,-20.0,662,61.0,0,0.0" /></mjloggm>