<mjloggm ver="2.3"><GO type="169" lobby="0"/><UN n0="%E9%9B%B7%E8%94%B5" n1="%77%61%77%61%33%30%33%30" n2="%4E%6F%2E%30%30%30%31" n3="%61%73%61%64%61%31%32" dan="16,16,18,17" rate="2059.30,2108.84,2295.79,2204.11" sx="M,M,F,M"/><TAIKYOKU oya="0"/><INIT seed="0,0,0,5,4,22" ten="250,250,250,250" oya="0" hai0="77,15,54,42,120,73,57,39,106,18,131,89,125" hai1="46,19,100,85,45,121,33,7,62,29,53,78,110" hai2="67,102,56,109,13,1,10,134,52,79,107,103,117" hai3="64,43,20,112,108,28,50,34,40,37,114,76,66"/><T96/><D120/><U35/><E110/><V71/><F1/><W113/><G20/><T95/><D131/><U116/><E116/><V47/><F109/><W128/><G108/><T25/><D125/><U4/><E100/><V105/><F105/><W88/><G76/><T9/><D39/><U94/><E33/><V0/><F0/><W126/><G37/><T101/><D42/><U30/><E46/><V27/><F107/><W122/><G126/><T91/><D91/><U86/><E19/><V12/><F71/><W115/><G128/><T11/><D11/><U84/><E94/><V74/><F74/><W75/><G75/><T70/><D70/><U90/><E78/><V81/><F12/><W61/><G122/><T63/><D77/><U16/><E90/><V130/><F134/><W60/><G88/><T68/><D68/><U8/><E35/><V2/><F2/><W72/><G72/><T98/><REACH who="0" step="1"/><D73/><REACH who="0" ten="240,250,250,250" step="2"/><U32/><E121/><V14/><F10/><W17/><G113/><T127/><D127/><U3/><E8/><V93/><F79/><W119/><G114/><T59/><D59/><U82/><E3/><V111/><F56/><W48/><G112/><T55/><D55/><U104/><E53/><V5/><F52/><W31/><G115/><T24/><AGARI ba="0,1" hai="9,15,18,24,25,54,57,63,89,95,96,98,101,106" machi="24" ten="30,12000,1" yaku="1,1,0,1,52,2,53,1" doraHai="22" doraHaiUra="58" who="0" fromWho="0" sc="240,130,250,-40,250,-40,250,-40" /><INIT seed="0,1,0,4,0,70" ten="370,210,210,210" oya="0" hai0="85,75,53,92,73,55,68,123,46,65,24,14,125" hai1="48,10,121,28,12,69,129,36,50,87,37,19,76" hai2="104,78,82,132,116,77,83,71,100,60,109,39,108" hai3="1,134,52,17,47,30,86,16,95,59,79,20,18"/><T102/><D123/><U90/><E69/><V89/><F71/><W42/><G1/><T4/><D125/><U80/><E121/><V111/><F60/><N who="3" m="35943" /><G134/><T114/><D114/><U131/><E28/><V81/><F132/><W106/><G106/><T33/><D85/><U64/><E64/><V96/><F39/><N who="1" m="14921" /><E76/><N who="2" m="29291" /><F116/><W98/><G79/><T118/><D92/><U11/><E11/><V27/><F27/><N who="3" m="16743" /><G86/><AGARI ba="1,0" hai="81,82,83,86,89,96,100,104,108,109,111" m="29291" machi="86" ten="40,5200,0" yaku="14,1,34,2" doraHai="70" who="2" fromWho="3" sc="370,0,210,0,210,55,210,-55" /><INIT seed="1,0,0,0,5,126" ten="370,210,265,155" oya="1" hai0="101,91,86,53,61,52,5,124,51,27,35,29,54" hai1="109,123,96,132,2,90,75,56,71,97,49,99,73" hai2="50,133,63,13,25,107,77,42,106,80,69,111,34" hai3="64,110,58,38,84,48,114,130,32,16,65,41,95"/><U108/><E71/><V89/><F111/><N who="1" m="42569" /><E2/><V36/><F89/><W118/><G32/><T129/><D124/><U40/><E123/><V55/><F13/><W104/><G104/><T15/><D101/><U33/><E33/><V112/><F133/><W93/><G114/><T62/><D51/><U115/><E115/><V83/><F83/><W78/><G38/><T122/><D122/><U12/><E132/><V67/><F112/><W47/><G110/><T117/><D117/><U6/><E90/><V79/><F79/><W3/><G118/><T94/><REACH who="0" step="1"/><D129/><REACH who="0" ten="360,210,265,155" step="2"/><U8/><E40/><V119/><F42/><W37/><G130/><T39/><D39/><U131/><E131/><V72/><F36/><W76/><G37/><T45/><D45/><U10/><E10/><AGARI ba="0,1" hai="5,10,15,27,29,35,52,53,54,61,62,86,91,94" machi="10" ten="40,2600,0" yaku="1,1,54,1,53,0" doraHai="126" doraHaiUra="14" who="0" fromWho="1" sc="360,36,210,-26,265,0,155,0" /><INIT seed="2,0,0,1,0,44" ten="396,184,265,155" oya="2" hai0="47,68,48,131,105,53,40,28,81,45,111,98,1" hai1="66,38,4,31,6,113,94,32,108,33,64,118,57" hai2="129,102,49,20,55,42,116,34,63,86,135,17,120" hai3="104,115,106,93,90,76,126,79,30,71,54,101,114"/><V29/><F116/><W21/><G71/><T35/><D111/><U117/><E38/><V11/><F120/><W99/><G30/><T52/><D131/><U51/><E113/><N who="3" m="43018" /><G21/><T58/><D81/><U60/><E66/><V88/><F135/><W73/><G54/><T16/><D98/><U123/><E108/><V134/><F134/><W61/><G61/><T62/><D105/><N who="3" m="40553" /><G126/><T43/><D1/><U70/><E123/><V25/><F102/><W2/><G2/><T37/><D68/><U65/><E65/><V46/><F129/><W18/><G18/><T110/><D110/><U133/><E133/><V19/><F11/><W13/><G13/><T91/><D91/><U22/><E33/><V77/><F77/><N who="3" m="29771" /><G73/><T107/><D107/><U69/><E32/><V83/><F34/><W122/><G122/><T23/><D28/><U3/><E3/><V41/><F41/><W5/><G5/><T8/><D35/><U75/><E75/><V121/><F121/><W72/><G72/><T39/><D8/><U74/><E74/><V36/><REACH who="2" step="1"/><F63/><REACH who="2" ten="396,184,255,155" step="2"/><W9/><G9/><T96/><D62/><U0/><E60/><V119/><F119/><W82/><G82/><T97/><REACH who="0" step="1"/><D53/><REACH who="0" ten="386,184,255,155" step="2"/><N who="1" m="31935" /><E118/><V127/><F127/><W92/><G92/><T15/><AGARI ba="0,2" hai="15,16,23,37,39,40,43,45,47,48,52,58,96,97" machi="15" ten="20,12000,2" yaku="1,1,0,1,7,1,9,1,52,1,54,2,53,0" doraHai="44" doraHaiUra="89" who="0" fromWho="0" sc="386,140,184,-30,255,-60,155,-30" /><INIT seed="3,0,0,1,4,23" ten="526,154,195,125" oya="3" hai0="24,34,82,132,105,27,46,1,89,86,99,37,80" hai1="114,6,94,8,54,98,38,16,119,31,107,76,58" hai2="53,93,113,109,70,41,19,72,50,134,87,17,29" hai3="5,68,13,3,69,26,83,56,78,60,120,12,33"/><W122/><G3/><T84/><D132/><U49/><E114/><V51/><F72/><W7/><G56/><T32/><D1/><U104/><E119/><V91/><F70/><W39/><G39/><T18/><D105/><U0/><E38/><V52/><F113/><W28/><G12/><T130/><D130/><U55/><E31/><V92/><F109/><W111/><G111/><T133/><D133/><U135/><E76/><V22/><F41/><W106/><G106/><T101/><D101/><U128/><E128/><V131/><F134/><W129/><G129/><T110/><D99/><U47/><E16/><N who="2" m="6219" /><F131/><W62/><G68/><T102/><D102/><U108/><E108/><V48/><F93/><W118/><G118/><T97/><D97/><U126/><E126/><V125/><F125/><W21/><G33/><T42/><D110/><U85/><E85/><V88/><F91/><W64/><G62/><T30/><D18/><U71/><E71/><V67/><F67/><W15/><G13/><T127/><D127/><U63/><REACH who="1" step="1"/><E135/><REACH who="1" ten="526,144,195,125" step="2"/><V10/><F10/><W20/><G21/><T100/><D32/><U123/><E123/><V81/><F81/><W40/><G5/><T11/><D34/><U2/><E2/><V44/><F44/><W112/><G112/><T25/><D30/><U77/><E77/><V45/><F45/><W59/><G69/><T4/><D4/><U116/><E116/><V75/><F75/><N who="3" m="43487" /><G40/><T74/><D74/><U9/><E9/><V65/><F65/><W95/><G95/><T115/><D115/><U35/><E35/><V103/><F22/><RYUUKYOKU ba="0,1" sc="526,-15,144,15,195,-15,125,15" hai1="0,6,8,47,49,54,55,58,63,94,98,104,107" hai3="7,15,20,26,28,59,60,64,120,122" /><INIT seed="3,1,1,4,0,121" ten="511,159,180,140" oya="3" hai0="75,42,52,44,33,51,47,27,49,62,35,95,83" hai1="29,120,90,25,3,24,92,5,79,135,113,68,13" hai2="117,21,14,32,1,130,58,122,66,12,16,78,34" hai3="43,76,41,111,59,123,23,98,56,131,60,116,101"/><W74/><G123/><T45/><D75/><U132/><E113/><V31/><F122/><W0/><G116/><T119/><D119/><U36/><E3/><V20/><F117/><W39/><G0/><T81/><D95/><U8/><E36/><V4/><F78/><W85/><G74/><T26/><D62/><U30/><E68/><V102/><F102/><W17/><G39/><T86/><D33/><N who="2" m="12906" /><F58/><W7/><G7/><T133/><D133/><N who="1" m="51275" /><E79/><V61/><F61/><W70/><G70/><T127/><D127/><U99/><E120/><V6/><F66/><W54/><G131/><T97/><D35/><U114/><E114/><V2/><F130/><W104/><G111/><T67/><D97/><U50/><E50/><V18/><F31/><AGARI ba="1,1" hai="5,8,13,24,25,29,30,31,90,92,99" m="51275" machi="31" ten="30,1000,0" yaku="20,1" doraHai="121" who="1" fromWho="2" sc="511,0,159,23,180,-13,140,0" /><INIT seed="4,0,0,0,1,68" ten="511,182,167,140" oya="0" hai0="41,29,120,31,50,40,75,77,35,57,5,17,122" hai1="62,135,105,89,92,28,97,14,67,134,32,11,107" hai2="121,102,123,114,64,66,2,119,126,61,133,1,100" hai3="76,65,63,47,16,53,43,42,30,91,74,88,39"/><T128/><D75/><U132/><E28/><V78/><F78/><W117/><G117/><T52/><D128/><U3/><E3/><V13/><F13/><W103/><G30/><T116/><D116/><U71/><REACH who="1" step="1"/><E32/><REACH who="1" ten="511,172,167,140" step="2"/><V51/><F119/><W85/><G74/><T70/><D31/><U94/><E94/><V125/><F1/><W9/><G103/><T60/><D29/><U54/><E54/><V38/><F2/><W69/><G43/><T80/><D35/><U46/><E46/><V26/><F102/><W81/><REACH who="3" step="1"/><G53/><REACH who="3" ten="511,172,167,130" step="2"/><T106/><D40/><U73/><E73/><V110/><F100/><W82/><G82/><T55/><D41/><U56/><E56/><V95/><F121/><W22/><G22/><T0/><D80/><U37/><E37/><V21/><F38/><W27/><G27/><T83/><D83/><U93/><E93/><V115/><F95/><W96/><G96/><T109/><D55/><U124/><E124/><V129/><F123/><W131/><G131/><T112/><D52/><U87/><E87/><V20/><F129/><W18/><G18/><AGARI ba="0,2" hai="11,14,18,62,67,71,89,92,97,105,107,132,134,135" machi="18" ten="40,2600,0" yaku="1,1,20,1,53,0" doraHai="68" doraHaiUra="108" who="1" fromWho="3" sc="511,0,172,46,167,0,130,-26" /><INIT seed="5,0,0,1,1,7" ten="511,218,167,104" oya="1" hai0="94,121,86,32,8,30,40,105,57,21,103,87,52" hai1="116,83,56,63,61,85,120,53,93,59,112,82,101" hai2="33,110,38,67,76,29,111,115,5,123,109,1,39" hai3="71,81,127,60,97,54,100,70,98,2,62,16,26"/><U11/><E116/><V92/><F92/><W66/><G2/><T45/><D121/><U134/><E120/><V15/><F123/><W25/><G127/><T17/><D105/><U23/><E134/><V65/><F65/><W20/><G81/><T6/><D32/><U99/><E112/><V49/><F49/><W79/><G79/><T119/><D30/><U24/><E85/><V107/><F15/><W74/><G74/><T126/><D45/><U108/><E11/><N who="2" m="2479" /><F76/><W77/><G77/><T89/><D40/><U35/><E35/><V34/><F115/><W91/><G91/><T130/><D130/><U22/><E22/><V48/><F48/><W37/><G37/><N who="2" m="13833" /><F29/><W96/><G26/><T3/><D52/><N who="1" m="33927" /><E108/><V72/><F72/><W27/><G25/><T129/><D87/><U50/><E50/><V102/><F67/><W106/><REACH who="3" step="1"/><G54/><REACH who="3" ten="511,218,167,94" step="2"/><T10/><D3/><U133/><E133/><V12/><F12/><W47/><G47/><T46/><D46/><U43/><E43/><V88/><F88/><W90/><G90/><T128/><D119/><U114/><E114/><V0/><F0/><W31/><G31/><AGARI ba="0,1" hai="23,24,31,53,59,63,82,83,93,99,101" m="33927" machi="31" ten="30,2900,0" yaku="8,1,54,1" doraHai="7" who="1" fromWho="3" sc="511,0,218,39,167,0,94,-29" /><INIT seed="5,1,0,1,4,24" ten="511,257,167,65" oya="1" hai0="108,11,54,16,66,81,4,88,123,37,110,113,40" hai1="52,38,8,134,50,20,64,130,132,106,9,99,36" hai2="58,61,127,84,30,103,117,67,7,47,33,2,116" hai3="115,26,118,48,82,5,18,80,55,76,1,42,87"/><U97/><E64/><V41/><F127/><W49/><G115/><T46/><D16/><U32/><E32/><V77/><F103/><W71/><G71/><T53/><D81/><U73/><E73/><V126/><F126/><W6/><G118/><T43/><D88/><U124/><E124/><V78/><F7/><W13/><G1/><T3/><D113/><U72/><E72/><V105/><F2/><W86/><G26/><T120/><D66/><U107/><E20/><V111/><F105/><W101/><G101/><T56/><D43/><U44/><E130/><V100/><F100/><W10/><G42/><T63/><D54/><U90/><E90/><V69/><F111/><W65/><G65/><T57/><D56/><U21/><E21/><V23/><F33/><W12/><G13/><T79/><D79/><U29/><E50/><N who="2" m="26991" /><F69/><W102/><G102/><T39/><D37/><U96/><E96/><V109/><F109/><W83/><G49/><T22/><D22/><U17/><E17/><V68/><F68/><W45/><G82/><T91/><D91/><AGARI ba="1,0" hai="5,6,10,12,18,45,48,55,76,80,83,86,87,91" machi="91" ten="30,7700,0" yaku="7,1,25,2,8,1" doraHai="24" who="3" fromWho="0" sc="511,-80,257,0,167,0,65,80" /><INIT seed="6,0,0,4,2,48" ten="431,257,167,145" oya="2" hai0="54,97,10,19,18,0,105,111,2,24,95,78,84" hai1="79,60,69,71,47,67,104,64,5,58,1,134,43" hai2="96,22,44,4,94,82,115,7,56,113,14,26,16" hai3="74,21,72,66,31,57,122,80,85,27,124,128,98"/><V127/><F127/><W45/><G122/><T49/><D111/><U36/><E104/><V50/><F82/><W63/><G124/><T37/><D37/><U23/><E23/><V135/><F56/><W119/><G128/><T42/><D49/><U114/><E79/><V3/><F3/><W53/><G119/><T123/><D95/><U129/><E129/><V40/><F135/><W51/><REACH who="3" step="1"/><G98/><REACH who="3" ten="431,257,167,135" step="2"/><T33/><D97/><U106/><E134/><V90/><REACH who="2" step="1"/><F26/><REACH who="2" ten="431,257,157,135" step="2"/><W130/><G130/><T100/><D24/><U81/><E71/><V28/><F28/><W93/><G93/><T12/><D123/><U133/><E69/><V30/><F30/><W46/><G46/><T125/><D125/><U59/><E47/><V108/><F108/><W76/><AGARI ba="0,2" hai="21,27,31,45,51,53,57,63,66,72,74,76,80,85" machi="76" ten="20,5200,0" yaku="1,1,0,1,7,1,52,1,53,0" doraHai="48" doraHaiUra="132" who="3" fromWho="3" sc="431,-13,257,-13,157,-26,135,72" /><INIT seed="7,0,0,5,2,20" ten="418,244,131,207" oya="3" hai0="84,53,97,66,107,60,4,121,5,92,11,80,51" hai1="21,111,96,36,7,98,100,3,110,0,25,22,63" hai2="56,57,65,123,78,58,67,14,52,114,44,89,95" hai3="104,113,117,102,24,126,106,68,12,54,87,30,94"/><W79/><G117/><T41/><D41/><U69/><E36/><V70/><F114/><W81/><G113/><T118/><D107/><U127/><E22/><V35/><F123/><W86/><G126/><T103/><D60/><U46/><E98/><V45/><F35/><W131/><G131/><T116/><D66/><U135/><E127/><V40/><F78/><W59/><G68/><T91/><D4/><U75/><E75/><V32/><F32/><W39/><G39/><T48/><D48/><U61/><E46/><V37/><F14/><W90/><G102/><T119/><D121/><U6/><E6/><V34/><F34/><W19/><G30/><T17/><D17/><U99/><E99/><V112/><F112/><W16/><G19/><T42/><D42/><U73/><E73/><V8/><F8/><W50/><G24/><T33/><D33/><U62/><E69/><V9/><F9/><AGARI ba="0,0" hai="9,12,16,50,54,59,79,81,86,87,90,94,104,106" machi="9" ten="30,2900,0" yaku="7,1,54,1" doraHai="20" who="3" fromWho="2" sc="418,0,244,0,131,-29,207,29" /><INIT seed="7,1,0,1,3,57" ten="418,244,102,236" oya="3" hai0="118,129,11,127,54,66,49,23,111,106,15,29,84" hai1="86,4,87,98,0,5,128,9,69,117,6,59,36" hai2="77,48,96,119,45,104,115,52,40,53,35,27,8" hai3="64,68,102,134,88,24,124,46,21,78,70,113,93"/><W31/><G113/><T73/><D73/><U97/><E69/><V90/><F119/><W110/><G124/><T7/><D111/><U51/><E36/><V116/><F116/><W95/><G134/><T25/><D106/><U30/><E117/><V131/><F115/><W41/><G78/><T12/><D129/><U76/><E30/><V37/><F131/><W10/><G110/><T122/><D122/><U60/><E0/><V103/><F77/><W16/><G102/><T114/><D66/><N who="1" m="39199" /><E9/><V132/><F132/><W108/><G95/><T56/><D84/><N who="1" m="32299" /><E76/><V125/><F125/><W120/><G120/><T109/><D12/><U133/><E133/><V67/><F90/><W107/><G107/><T123/><D7/><U55/><E128/><V26/><F8/><W135/><G135/><T42/><D15/><U19/><E19/><V61/><F37/><W20/><G10/><T32/><D11/><U14/><E14/><V72/><F72/><W91/><G108/><T58/><D109/><U33/><E33/><V80/><F80/><W82/><G82/><T17/><D32/><U71/><E71/><V44/><F44/><AGARI ba="1,0" hai="4,5,6,44,51,55,97,98" m="32299,39199" machi="44" ten="30,2000,0" yaku="8,1,52,1" doraHai="57" who="1" fromWho="2" sc="418,0,244,23,102,-23,236,0" owari="418,51.0,267,7.0,79,-42.0,236,-16.0" /></mjloggm>