<mjloggm ver="2.3"><GO type="185" lobby="0"/><UN n0="%6D%61%73%5F" n1="%E7%8E%89%E6%A8%B9%E6%A1%9C" n2="%E3%82%8C%E3%81%99%E3%81%93" n3="" dan="16,16,17,0" rate="2168.60,2266.70,2237.95,1500.00" sx="M,F,F,C"/><TAIKYOKU oya="0"/><INIT seed="0,0,0,5,3,46" ten="350,350,350,0" oya="0" hai0="100,77,122,64,101,110,54,33,74,85,73,71,67" hai1="124,87,113,109,114,59,63,91,56,62,86,106,103" hai2="117,1,119,92,53,116,128,49,84,2,47,123,80" hai3=""/><T135/><D135/><U98/><BYE who="0" /><E109/><V0/><N who="2" m="31520" /><V75/><F128/><UN n0="%6D%61%73%5F" /><T112/><N who="0" m="31264" /><T111/><D112/><N who="1" m="43115" /><E124/><V132/><F132/><T118/><D118/><U127/><E127/><V38/><F75/><T108/><D33/><U70/><E70/><V55/><F38/><T99/><D54/><U45/><E45/><V131/><F131/><T107/><D100/><U79/><E79/><V126/><F126/><T81/><REACH who="0" step="1"/><D71/><REACH who="0" ten="340,350,350,0" step="2"/><U134/><E134/><V95/><REACH who="2" step="1"/><F55/><REACH who="2" ten="340,350,340,0" step="2"/><T129/><D129/><U50/><E103/><V69/><F69/><T82/><D82/><U83/><E83/><V37/><F37/><T32/><D32/><U94/><E106/><V3/><N who="2" m="0" /><DORA hai="68" /><V35/><F35/><T57/><D57/><U65/><E59/><V115/><F115/><T76/><D76/><AGARI ba="0,2" hai="47,49,53,76,80,84,92,95,116,117,119" m="0,31520" machi="76" ten="70,8000,1" yaku="1,1,12,1,52,2,53,1" doraHai="46,68" doraHaiUra="42,97" who="2" fromWho="0" sc="340,-80,350,0,340,100,0,0" /><INIT seed="1,0,0,0,1,38" ten="260,350,440,0" oya="1" hai0="134,54,104,72,35,123,56,117,60,44,41,120,53" hai1="76,118,68,111,65,96,61,36,79,78,63,74,33" hai2="101,128,71,89,62,115,70,95,49,59,119,85,113" hai3=""/><U133/><E33/><V91/><F119/><T3/><N who="0" m="30752" /><T99/><N who="0" m="31520" /><T83/><D35/><U48/><E118/><V88/><F128/><T55/><D117/><U80/><E36/><V127/><F127/><T0/><D134/><U87/><E133/><V67/><F101/><T1/><D104/><U64/><E111/><V39/><F39/><T93/><D83/><U122/><N who="1" m="31264" /><U94/><E48/><V106/><F106/><T43/><D72/><U102/><REACH who="1" step="1"/><E74/><REACH who="1" ten="260,340,440,0" step="2"/><V40/><F115/><T2/><D2/><U109/><E109/><V131/><F113/><T42/><REACH who="0" step="1"/><D44/><REACH who="0" ten="250,340,440,0" step="2"/><U100/><E100/><AGARI ba="0,2" hai="0,1,3,41,42,43,53,54,55,56,60,93,99,100" m="31520,30752" machi="100" ten="50,12000,2" yaku="1,1,2,1,52,5,53,0" doraHai="38" doraHaiUra="121" who="0" fromWho="1" sc="250,140,340,-120,440,0,0,0" /><INIT seed="2,0,0,4,2,32" ten="390,220,440,0" oya="2" hai0="48,83,85,41,36,121,98,37,65,97,73,102,80" hai1="44,59,50,106,40,90,115,42,101,68,87,53,108" hai2="95,116,72,113,86,60,109,93,105,38,33,131,3" hai3=""/><V135/><RYUUKYOKU type="yao9" ba="0,0" sc="390,0,220,0,440,0,0,0" hai2="3,33,38,60,72,86,93,95,105,109,113,116,131,135" /><INIT seed="2,1,0,0,3,124" ten="390,220,440,0" oya="2" hai0="80,104,103,69,58,75,0,127,46,114,59,88,40" hai1="53,74,44,66,72,38,106,34,62,102,96,131,73" hai2="105,107,60,134,48,87,101,50,135,132,49,76,33" hai3=""/><V42/><F33/><T57/><D0/><U67/><E53/><V112/><F112/><T51/><D127/><U120/><N who="1" m="30752" /><U78/><E67/><V61/><F42/><T90/><D114/><U100/><E34/><V71/><F71/><T32/><D32/><U83/><E102/><V89/><F76/><T95/><D75/><U43/><REACH who="1" step="1"/><E131/><REACH who="1" ten="390,210,440,0" step="2"/><V45/><F101/><T35/><D35/><U128/><E128/><V68/><F68/><AGARI ba="1,1" hai="38,43,44,62,66,68,72,73,74,78,83,96,100,106" m="30752" machi="68" ten="30,12000,2" yaku="1,1,7,1,33,3,52,1,53,1" doraHai="124" doraHaiUra="65" who="1" fromWho="2" sc="390,0,210,132,440,-122,0,0" /><INIT seed="4,0,0,1,5,91" ten="390,342,318,0" oya="0" hai0="63,81,44,127,42,32,130,114,61,119,52,54,88" hai1="65,82,101,62,132,102,2,77,122,104,40,129,131" hai2="80,89,120,74,41,124,46,35,66,33,48,60,57" hai3=""/><T68/><D119/><U110/><N who="1" m="31264" /><U49/><E110/><V93/><N who="2" m="30752" /><V38/><F124/><T75/><D32/><U125/><E2/><V111/><F111/><T76/><D127/><U135/><E125/><V100/><F100/><N who="1" m="38505" /><E49/><V107/><F107/><T78/><D114/><U117/><E40/><V47/><F80/><T105/><D105/><U69/><E104/><V58/><F74/><T59/><D130/><N who="1" m="49675" /><E117/><V94/><F58/><T64/><D78/><U87/><AGARI ba="0,0" hai="62,65,69,77,82,87,132,135" m="49675,38505,31264" machi="87" ten="30,1500,0" yaku="19,1,52,1" doraHai="91" who="1" fromWho="1" sc="390,-10,342,15,318,-5,0,0" /><INIT seed="5,0,0,2,1,129" ten="380,357,313,0" oya="1" hai0="36,40,100,92,56,35,50,124,51,80,130,34,45" hai1="70,63,95,74,104,127,90,78,69,52,134,85,3" hai2="2,55,93,114,128,108,115,79,38,102,126,98,62" hai3=""/><U107/><E3/><V82/><F2/><T135/><D130/><U47/><E127/><V71/><F128/><T46/><D124/><U67/><E70/><V131/><F131/><T37/><D135/><U66/><E66/><V53/><F38/><T43/><D80/><U117/><E134/><V54/><F126/><T60/><D92/><U118/><E78/><V121/><N who="2" m="31008" /><V86/><F108/><T106/><D100/><U64/><E64/><V119/><F119/><T103/><D103/><U73/><E73/><V81/><F81/><T87/><D87/><U75/><E74/><V133/><F133/><T97/><D97/><U89/><E89/><V42/><F42/><T61/><REACH who="0" step="1"/><D56/><REACH who="0" ten="370,357,313,0" step="2"/><U44/><E75/><V109/><F109/><T132/><D132/><U101/><E101/><V94/><F94/><T41/><D41/><U88/><E104/><AGARI ba="0,1" hai="34,35,36,37,40,43,45,46,50,51,60,61,104,106" machi="104" ten="25,3200,0" yaku="1,1,22,2,53,0" doraHai="129" doraHaiUra="116" who="0" fromWho="1" sc="370,42,357,-32,313,0,0,0" /><INIT seed="6,0,0,1,1,96" ten="412,325,313,0" oya="2" hai0="94,32,105,75,77,70,102,104,98,92,2,116,129" hai1="124,82,59,49,83,41,107,50,122,80,65,128,64" hai2="46,34,95,63,97,40,84,103,74,125,1,51,37" hai3=""/><V113/><F1/><T55/><D2/><U35/><N who="1" m="31264" /><U123/><N who="1" m="31520" /><U52/><E35/><V111/><F34/><T47/><D32/><U43/><E124/><V71/><F125/><T110/><D110/><U120/><N who="1" m="30752" /><U91/><E107/><V132/><F111/><T66/><D77/><U39/><E39/><V119/><F119/><T42/><D75/><U87/><E128/><V3/><F3/><T38/><D129/><U117/><E117/><V0/><F0/><T67/><D116/><U135/><E135/><V89/><F74/><T115/><D70/><U130/><E130/><V85/><F132/><T44/><D92/><U53/><E41/><V48/><F113/><T100/><D115/><U93/><REACH who="1" step="1"/><E43/><REACH who="1" ten="412,315,313,0" step="2"/><V86/><REACH who="2" step="1"/><F89/><REACH who="2" ten="412,315,303,0" step="2"/><T72/><D72/><U79/><E79/><V78/><F78/><T108/><D108/><U58/><AGARI ba="0,2" hai="49,50,52,53,58,59,64,65,80,82,83,87,91,93" m="30752,31520,31264" machi="58" ten="30,12000,3" yaku="1,1,0,1,9,1,8,1,52,3,54,1,53,0" doraHai="96" doraHaiUra="36" who="1" fromWho="1" sc="412,-40,315,140,303,-80,0,0" owari="372,-3.0,455,41.0,223,-38.0,0,0.0" /></mjloggm>