<mjloggm ver="2.3"><GO type="169" lobby="0"/><UN n0="%E3%81%84%E3%81%AA%E3%81%97%E3%82%93%E3%80%82" n1="%23%E6%97%A5%E6%9B%9C%E6%97%A5%E3%81%AE%E7%8C%AB" n2="%E3%81%9F%E3%81%8B%E3%81%AA" n3="%57%68%69%74%65%3F" dan="16,16,16,16" rate="2131.91,2091.92,2137.84,2110.65" sx="M,M,M,M"/><TAIKYOKU oya="0"/><INIT seed="0,0,0,5,2,28" ten="250,250,250,250" oya="0" hai0="51,13,99,91,19,22,46,103,92,5,59,0,65" hai1="133,54,68,36,11,45,31,20,126,41,125,64,40" hai2="14,132,118,4,56,97,101,117,120,127,78,90,53" hai3="55,74,88,124,85,77,102,25,21,119,121,6,60"/><T62/><D0/><U61/><E11/><V82/><F4/><W73/><G119/><T7/><REACH who="0" step="1"/><D103/><REACH who="0" ten="240,250,250,250" step="2"/><U116/><E116/><V23/><F101/><W9/><G102/><T66/><D66/><U8/><E125/><V2/><F2/><W12/><G124/><T47/><D47/><U57/><E126/><V108/><F127/><W71/><G121/><T70/><D70/><U17/><E133/><V114/><F132/><W93/><G71/><T16/><D16/><U80/><E31/><V110/><F120/><W98/><G73/><T89/><D89/><U43/><E8/><V42/><F90/><W122/><G74/><T112/><D112/><U113/><E113/><V72/><F114/><W44/><G122/><T83/><D83/><U38/><E80/><V1/><F1/><W131/><G44/><T81/><D81/><U135/><E135/><V94/><F117/><W75/><G75/><T96/><D96/><U49/><REACH who="1" step="1"/><E36/><REACH who="1" ten="240,240,250,250" step="2"/><V3/><F118/><W104/><G9/><T35/><D35/><U34/><E34/><V134/><F134/><W39/><G39/><T100/><D100/><U84/><E84/><V15/><F82/><W130/><G85/><T115/><D115/><U67/><E67/><V26/><F72/><W87/><G87/><T79/><D79/><U128/><E128/><V123/><F78/><W18/><G77/><T27/><D27/><AGARI ba="0,2" hai="17,20,27,38,40,41,43,45,49,54,57,61,64,68" machi="27" ten="30,7700,0" yaku="1,1,7,1,24,2,53,0" doraHai="28" doraHaiUra="107" who="1" fromWho="0" sc="240,-77,240,97,250,0,250,0" /><INIT seed="1,0,0,5,0,41" ten="163,337,250,250" oya="1" hai0="10,126,8,6,120,74,117,64,122,110,69,118,58" hai1="44,88,114,23,104,77,134,68,119,127,62,115,124" hai2="106,99,91,1,71,4,135,20,37,80,102,53,13" hai3="45,93,65,94,132,3,7,29,25,86,70,109,9"/><U14/><E104/><V27/><F135/><W28/><G109/><T48/><D74/><U112/><E119/><N who="0" m="45577" /><D10/><U39/><E77/><V33/><F1/><W18/><G132/><T67/><D8/><U12/><E134/><V21/><F4/><W113/><G113/><T2/><D6/><U32/><E32/><V16/><F33/><W85/><G28/><T83/><D83/><U87/><E62/><V103/><F71/><W123/><G18/><T98/><D98/><U0/><E0/><V111/><F111/><W42/><G123/><N who="0" m="47147" /><D110/><U55/><E68/><V24/><F37/><W35/><G85/><T97/><D97/><U34/><E34/><V131/><F102/><W89/><G93/><T54/><D2/><U79/><E79/><V101/><F103/><W108/><G108/><T90/><D90/><U59/><E23/><V52/><F91/><W63/><G89/><T46/><D69/><U5/><E5/><V76/><F80/><W78/><G94/><T26/><D26/><N who="2" m="9770" /><F76/><W56/><G78/><T31/><D31/><U82/><E39/><V92/><F106/><W107/><G107/><T121/><N who="0" m="47155" /><T11/><DORA hai="61" /><D11/><U17/><E17/><V47/><F20/><W130/><G70/><T66/><D126/><N who="1" m="48171" /><E12/><V95/><F13/><W15/><G15/><T116/><N who="0" m="45585" /><T73/><DORA hai="49" /><D73/><U40/><E14/><V105/><F16/><W19/><G19/><T36/><D36/><N who="1" m="21511" /><E115/><V30/><F105/><W72/><G72/><T50/><D50/><N who="1" m="31223" /><E114/><V96/><F96/><W75/><G75/><T84/><D84/><U100/><E112/><RYUUKYOKU ba="0,0" sc="163,15,337,15,250,-15,250,-15" hai0="46,48,54,58,64,66,67" hai1="82,87,88,100" /><INIT seed="1,1,0,0,0,111" ten="178,352,235,235" oya="1" hai0="18,130,38,54,5,26,14,84,24,65,124,86,15" hai1="48,79,129,121,78,17,60,41,45,55,103,20,61" hai2="33,127,35,40,2,92,63,81,1,51,25,46,118" hai3="125,67,23,68,58,36,11,52,69,109,8,88,131"/><U83/><E121/><V77/><F118/><W114/><G36/><T19/><D38/><U44/><E129/><V133/><F133/><W134/><G109/><T32/><D130/><U101/><E61/><V4/><F127/><W99/><G131/><T93/><D124/><U113/><E113/><V31/><F35/><W126/><G134/><T64/><D32/><U71/><E71/><V12/><F92/><W10/><G114/><T34/><D34/><U117/><E117/><V21/><F63/><W50/><G23/><T104/><D93/><U73/><E78/><V37/><F37/><W43/><G43/><T119/><D119/><U116/><E116/><V112/><F112/><W87/><G99/><T102/><D54/><U74/><E74/><V120/><F120/><W128/><G128/><T0/><D5/><U123/><E123/><V49/><F51/><W39/><G39/><T89/><D89/><U3/><E3/><V90/><F90/><W82/><G68/><T80/><D80/><U85/><E73/><V59/><F59/><W47/><G69/><T72/><D72/><U105/><E105/><V53/><F53/><W30/><G30/><T75/><D75/><U70/><E70/><V66/><F66/><W122/><G122/><T95/><D95/><U98/><E98/><V110/><F110/><W57/><G58/><T22/><D0/><U115/><E115/><V62/><F62/><N who="3" m="38351" /><G125/><T56/><D56/><N who="1" m="34847" /><E44/><V7/><F33/><W29/><G126/><T42/><D104/><U106/><E106/><V97/><F1/><W27/><G29/><T108/><D108/><RYUUKYOKU ba="1,0" sc="178,-15,352,15,235,-15,235,15" hai1="17,20,41,45,48,79,83,85,101,103" hai3="8,10,11,27,47,50,52,82,87,88" /><INIT seed="1,2,0,2,2,76" ten="163,367,220,250" oya="1" hai0="126,49,16,45,100,44,131,87,70,83,125,99,80" hai1="66,59,117,41,27,11,2,32,79,53,23,40,68" hai2="75,36,25,31,104,127,106,123,48,105,37,89,8" hai3="129,96,92,12,78,13,81,64,103,133,3,52,26"/><U128/><E117/><V132/><F123/><W21/><G3/><T56/><D70/><U91/><E128/><V35/><F127/><N who="0" m="48650" /><D131/><U60/><E32/><V58/><F132/><W19/><G133/><T130/><D130/><U5/><E91/><V50/><F75/><W113/><G64/><T72/><D56/><U107/><E107/><V30/><F30/><W22/><G113/><T9/><D72/><U102/><E102/><V97/><F8/><W18/><G129/><T6/><D87/><U0/><E0/><V115/><F115/><W82/><G78/><T65/><D65/><U46/><E46/><N who="0" m="18025" /><D49/><U122/><E122/><V4/><F48/><W101/><G52/><T1/><D16/><U54/><E54/><V57/><F50/><W112/><G112/><T61/><D61/><U39/><E39/><V14/><F57/><W71/><G71/><T93/><AGARI ba="2,0" hai="1,6,9,80,83,93,99,100" m="18025,48650" machi="93" ten="30,4000,0" yaku="18,1,52,2" doraHai="76" who="0" fromWho="0" sc="163,46,367,-22,220,-12,250,-12" /><INIT seed="2,0,0,0,5,5" ten="209,345,208,238" oya="2" hai0="45,101,39,28,96,75,16,68,33,98,119,78,30" hai1="132,7,84,21,73,81,89,90,121,76,20,87,104" hai2="54,69,103,49,135,44,32,23,91,1,52,77,102" hai3="58,27,13,82,40,129,124,19,110,107,2,109,48"/><V34/><F135/><W94/><G107/><T123/><D123/><U35/><E35/><V15/><F1/><W56/><G2/><T8/><D68/><U46/><E104/><V71/><F77/><W59/><G124/><T37/><D119/><U88/><E132/><V66/><F91/><N who="1" m="34889" /><E73/><V113/><F113/><W22/><G82/><T122/><D122/><U4/><E46/><V12/><F23/><N who="1" m="8777" /><E121/><V97/><F44/><N who="3" m="25607" /><G129/><T25/><D30/><U126/><E126/><V70/><F97/><W36/><G94/><AGARI ba="0,0" hai="4,7,76,81,84,87,90,94" m="8777,34889" machi="94" ten="30,2000,0" yaku="8,1,54,1" doraHai="5" who="1" fromWho="3" sc="209,0,345,20,208,0,238,-20" /><INIT seed="3,0,0,5,4,59" ten="209,365,208,218" oya="3" hai0="92,44,16,84,126,23,48,2,8,87,99,95,5" hai1="54,33,3,69,58,128,21,114,17,42,51,134,20" hai2="81,32,122,130,70,34,98,53,119,0,91,25,96" hai3="14,108,112,129,1,97,71,80,109,24,118,123,63"/><W94/><G1/><T39/><D39/><U37/><E114/><V131/><F119/><W74/><G118/><T28/><D28/><U30/><E3/><V89/><F0/><W103/><G123/><T29/><D29/><U52/><E69/><V26/><F70/><W65/><G112/><T46/><D126/><U7/><E7/><V78/><F53/><W31/><G14/><T102/><D92/><U125/><E134/><V4/><F78/><W106/><G94/><T79/><D79/><U67/><E33/><V117/><F117/><W75/><G129/><T47/><REACH who="0" step="1"/><D48/><REACH who="0" ten="199,365,208,218" step="2"/><U43/><E37/><V68/><F130/><W12/><G80/><T60/><D60/><N who="1" m="35911" /><E125/><V22/><F81/><W38/><G38/><T83/><D83/><U107/><E107/><V104/><F104/><W50/><G50/><T124/><D124/><U115/><E30/><V82/><F82/><W41/><G41/><T132/><D132/><U15/><E115/><V62/><F131/><W9/><G75/><T100/><D100/><U10/><E128/><V86/><F62/><W88/><G74/><T49/><D49/><U66/><E42/><V120/><F120/><W76/><G76/><T64/><D64/><N who="1" m="24619" /><E43/><V55/><F122/><W27/><G88/><T61/><D61/><U6/><E6/><V85/><F4/><N who="3" m="3111" /><G31/><T135/><D135/><U77/><E77/><V121/><F121/><W45/><G45/><AGARI ba="0,1" hai="10,15,17,20,21,45,51,54" m="24619,35911" machi="45" ten="30,3900,0" yaku="8,1,52,1,54,1" doraHai="59" who="1" fromWho="3" sc="199,0,365,49,208,0,218,-39" /><INIT seed="4,0,0,1,1,83" ten="199,414,208,179" oya="0" hai0="60,75,68,62,95,134,69,114,78,107,128,104,99" hai1="112,34,76,1,53,16,26,70,127,66,19,63,52" hai2="36,113,48,82,61,13,122,124,92,43,103,74,96" hai3="120,79,101,71,8,22,29,100,54,32,118,51,133"/><T135/><D78/><U88/><E1/><V72/><F122/><W7/><G118/><T50/><D75/><U11/><E127/><V131/><F36/><W121/><G71/><N who="0" m="27211" /><D95/><U33/><E76/><V125/><F61/><N who="0" m="23658" /><D99/><U47/><E112/><V85/><F48/><W98/><G133/><N who="0" m="50699" /><D114/><U28/><E34/><V77/><F43/><W6/><G32/><T12/><D12/><U90/><E19/><V38/><F38/><W15/><G79/><T41/><D128/><U49/><E53/><V97/><F113/><W130/><G7/><T37/><D37/><U4/><E4/><V59/><F13/><W23/><G100/><T119/><D119/><U39/><E39/><V93/><F131/><W20/><G29/><T30/><D30/><U126/><E126/><N who="2" m="48747" /><F59/><W109/><G130/><T27/><D27/><U56/><E70/><V123/><F123/><N who="3" m="47179" /><G109/><T45/><AGARI ba="0,0" hai="41,45,50,104,107" m="50699,23658,27211" machi="45" ten="40,2100,0" yaku="20,1" doraHai="83" who="0" fromWho="0" sc="199,21,414,-7,208,-7,179,-7" /><INIT seed="4,1,0,4,0,119" ten="220,407,201,172" oya="0" hai0="23,106,109,0,131,79,18,63,98,34,33,56,118" hai1="91,60,20,26,74,135,44,100,86,51,21,13,126" hai2="70,3,27,28,40,97,31,133,43,9,45,120,89" hai3="87,108,68,38,54,77,2,111,82,12,36,10,116"/><T50/><D118/><U92/><E74/><V94/><F133/><W48/><G116/><T114/><D0/><U46/><E135/><V47/><F70/><W30/><G68/><T96/><D114/><U65/><E126/><V130/><F130/><W6/><G30/><T113/><D113/><U14/><E100/><V55/><F120/><W15/><G12/><T129/><D79/><U29/><E20/><V37/><F55/><W32/><G32/><T104/><D50/><U73/><E73/><V93/><F27/><W124/><G2/><T24/><D109/><U99/><E86/><V4/><REACH who="2" step="1"/><F93/><REACH who="2" ten="220,407,191,172" step="2"/><W39/><REACH who="3" step="1"/><G124/><REACH who="3" ten="220,407,191,162" step="2"/><T11/><D129/><U8/><E29/><V59/><F59/><AGARI ba="1,2" hai="6,10,15,36,38,39,48,54,59,77,82,87,108,111" machi="59" ten="40,5200,0" yaku="1,1,2,1,53,1" doraHai="119" doraHaiUra="81" who="3" fromWho="2" sc="220,0,407,0,191,-55,162,75" /><INIT seed="5,0,0,2,5,40" ten="220,407,136,237" oya="1" hai0="125,89,67,108,31,109,30,82,93,135,56,127,41" hai1="15,103,94,128,65,12,113,17,70,63,124,72,26" hai2="80,22,112,51,9,122,1,43,25,21,0,96,83" hai3="88,4,35,132,50,86,129,102,91,19,62,61,47"/><U87/><E72/><V133/><F122/><W134/><G35/><T79/><D41/><U20/><E113/><V74/><F112/><W119/><G4/><T2/><D2/><U52/><E124/><N who="0" m="47689" /><D67/><U77/><E128/><V49/><F133/><N who="3" m="51307" /><G102/><T23/><D56/><U78/><E78/><V3/><F9/><W81/><G119/><T75/><D135/><U16/><E17/><V131/><F131/><W101/><G101/><T36/><D36/><U18/><E18/><V84/><F96/><W104/><G104/><T39/><D39/><U46/><E103/><V121/><F121/><W85/><G19/><T34/><D34/><U117/><E117/><V53/><F74/><W8/><G8/><T55/><D55/><U110/><E110/><N who="0" m="42601" /><D23/><U118/><E118/><V76/><F22/><W69/><G69/><T115/><D115/><U114/><E114/><V38/><F38/><W11/><G11/><T123/><D123/><U28/><E28/><V126/><F126/><W57/><G57/><T120/><D120/><U66/><E66/><V24/><F21/><W60/><G129/><T71/><D93/><U105/><E105/><V59/><REACH who="2" step="1"/><F80/><REACH who="2" ten="220,407,126,237" step="2"/><N who="3" m="49191" /><G62/><T95/><D71/><U111/><E111/><V29/><F29/><W64/><G64/><T14/><D14/><U33/><E33/><V54/><F54/><AGARI ba="0,1" hai="47,50,54,60,61,81,86,91" m="49191,51307" machi="54" ten="30,3900,0" yaku="20,1,52,1,54,1" doraHai="40" who="3" fromWho="2" sc="220,0,407,0,126,-39,237,49" /><INIT seed="6,0,0,4,1,128" ten="220,407,87,286" oya="2" hai0="85,127,21,115,91,124,116,123,56,81,73,45,14" hai1="114,106,129,104,18,48,105,9,126,131,38,80,133" hai2="60,41,8,66,112,39,72,13,70,31,2,95,71" hai3="4,12,28,97,92,42,118,35,74,30,64,78,49"/><V10/><F112/><W26/><G28/><T121/><D56/><U125/><E114/><V62/><F72/><W135/><G64/><T102/><D45/><U96/><E38/><V40/><F31/><W29/><G29/><T120/><D21/><U55/><E80/><V108/><F108/><W33/><G33/><T122/><N who="0" m="30720" /><DORA hai="117" /><T130/><D14/><N who="1" m="7503" /><E96/><V36/><F13/><W83/><G135/><T65/><D65/><U7/><E7/><V3/><F66/><W68/><G68/><T98/><D115/><U16/><E16/><V134/><REACH who="2" step="1"/><F95/><REACH who="2" ten="220,407,77,286" step="2"/><W47/><G118/><T82/><D116/><U22/><E104/><V90/><F90/><W107/><G107/><N who="0" m="63959" /><D130/><U44/><E105/><V15/><F15/><W84/><G12/><T93/><D73/><U63/><E106/><V1/><F1/><W101/><G4/><T6/><D6/><U57/><E129/><V111/><F111/><W58/><G74/><T67/><D67/><N who="1" m="39407" /><E131/><V20/><F20/><W51/><G30/><T19/><D19/><U61/><E22/><V100/><F100/><W46/><G35/><T54/><D54/><U87/><E55/><V75/><F75/><W94/><G26/><T11/><D11/><U43/><E43/><V113/><F113/><W32/><G32/><T37/><D37/><U76/><E76/><V59/><F59/><W110/><G58/><T17/><D17/><U50/><E44/><V52/><F52/><W24/><G24/><T103/><D103/><U27/><E27/><V0/><F0/><W25/><G25/><T132/><D132/><AGARI ba="0,1" hai="2,3,8,10,36,39,40,41,60,62,70,71,132,134" machi="132" ten="25,12000,1" yaku="1,1,22,2,52,2,53,0" doraHai="128,117" doraHaiUra="86,53" who="2" fromWho="0" sc="220,-120,407,0,77,130,286,0" /><INIT seed="6,1,0,4,1,111" ten="100,407,207,286" oya="2" hai0="88,26,67,134,9,41,6,86,112,23,22,105,3" hai1="130,4,15,56,40,2,127,95,125,34,97,99,115" hai2="101,98,52,24,122,32,12,27,108,53,25,128,73" hai3="114,13,64,126,33,74,0,39,87,5,81,84,63"/><V91/><F122/><W70/><G126/><N who="1" m="48138" /><E115/><V92/><F108/><W82/><G114/><T83/><D105/><U37/><E2/><V75/><F32/><W103/><G33/><T110/><D110/><U45/><E34/><V55/><F128/><W107/><G0/><T116/><D116/><U14/><E130/><V48/><F48/><W62/><G39/><T17/><D134/><U60/><E4/><V124/><F124/><W100/><G74/><T46/><D67/><N who="1" m="39303" /><E97/><V58/><F58/><W80/><G107/><T29/><D112/><U102/><AGARI ba="1,0" hai="14,15,37,40,45,95,99,102" m="39303,48138" machi="102" ten="30,1100,0" yaku="18,1" doraHai="111" who="1" fromWho="1" sc="100,-4,407,14,207,-6,286,-4" /><INIT seed="7,0,0,4,1,84" ten="96,421,201,282" oya="3" hai0="51,108,106,39,22,31,37,5,78,122,87,41,15" hai1="112,129,133,99,18,6,111,65,107,76,132,44,57" hai2="26,88,131,35,17,100,54,135,0,127,32,105,40" hai3="66,9,29,43,82,113,53,42,123,12,120,64,118"/><W47/><G29/><T130/><D108/><U85/><E111/><V98/><F0/><W60/><G118/><T69/><D122/><U3/><E112/><V20/><F127/><W126/><G113/><T19/><D130/><U63/><E129/><V70/><F70/><W102/><G102/><T91/><D106/><U8/><E18/><V14/><F131/><W103/><G103/><T23/><D69/><U13/><E44/><V59/><F40/><W71/><G126/><T79/><D5/><U93/><E107/><V119/><F135/><N who="1" m="51785" /><E85/><V80/><F26/><W73/><G66/><T101/><D101/><N who="1" m="60655" /><E76/><V104/><F119/><W114/><G53/><T94/><D37/><U121/><E121/><V125/><F125/><W10/><G42/><T52/><D41/><U46/><E46/><V134/><F134/><W86/><G10/><T30/><D39/><U109/><E109/><V55/><F55/><W36/><G73/><T75/><D75/><U62/><E62/><V49/><F105/><W58/><G71/><T96/><D96/><U117/><E117/><V34/><F80/><W68/><G68/><T116/><D116/><U95/><E95/><V50/><F50/><W74/><G74/><T25/><D31/><U67/><E67/><V90/><AGARI ba="0,0" hai="14,17,20,32,34,35,49,54,59,88,90,98,100,104" machi="90" ten="40,8000,1" yaku="0,1,52,2,54,1" doraHai="84" who="2" fromWho="2" sc="96,-20,421,-20,201,80,282,-40" owari="76,-42.0,401,50.0,281,8.0,242,-16.0" /></mjloggm>