<mjloggm ver="2.3"><GO type="169" lobby="0"/><UN n0="%E3%83%96%E3%83%BC%E3%83%93%E3%83%BC" n1="%E5%A4%95%E9%99%BD%E3%81%AE%E5%90%91%E3%81%93%E3%81%86" n2="%67%61%79%75%6E%79" n3="%E3%83%80%E3%83%9C" dan="16,16,16,16" rate="2114.25,2052.45,2121.17,2028.63" sx="M,M,M,M"/><TAIKYOKU oya="0"/><INIT seed="0,0,0,1,1,71" ten="250,250,250,250" oya="0" hai0="54,103,107,93,74,99,40,108,81,105,106,91,50" hai1="65,38,28,87,45,48,66,25,88,90,24,0,41" hai2="23,46,116,1,67,26,33,130,47,126,82,61,19" hai3="119,102,109,112,73,10,98,9,76,35,131,133,60"/><T122/><D122/><U85/><E0/><V135/><F1/><W37/><G60/><T43/><D108/><U34/><E24/><V124/><F116/><W114/><G76/><T100/><D74/><U72/><E72/><V32/><F135/><W3/><G10/><T84/><REACH who="0" step="1"/><D100/><REACH who="0" ten="240,250,250,250" step="2"/><U77/><E77/><V20/><F130/><W75/><G75/><T123/><D123/><U120/><E120/><V89/><F126/><W104/><G102/><T21/><D21/><U101/><E101/><V118/><F124/><W64/><G9/><T110/><D110/><U39/><E65/><V128/><F23/><W97/><G64/><T111/><D111/><U18/><E66/><V117/><F33/><W83/><G109/><T6/><D6/><U44/><E18/><V94/><F32/><W29/><G73/><T62/><D62/><U79/><E79/><V96/><F117/><W42/><G119/><T16/><D16/><U27/><E27/><V127/><F118/><W95/><G114/><T56/><AGARI ba="0,1" hai="40,43,50,54,56,81,84,91,93,99,103,105,106,107" machi="56" ten="30,3000,0" yaku="1,1,0,1,53,0" doraHai="71" doraHaiUra="12" who="0" fromWho="0" sc="240,40,250,-10,250,-10,250,-10" /><INIT seed="0,1,0,3,1,113" ten="280,240,240,240" oya="0" hai0="101,88,99,71,16,123,115,4,132,6,127,100,44" hai1="98,93,40,61,57,91,21,118,110,133,60,76,67" hai2="34,53,108,95,49,48,90,22,23,125,124,35,5" hai3="122,131,2,68,126,83,79,62,51,128,96,1,135"/><T80/><D115/><U20/><E133/><V43/><F5/><W55/><G135/><T31/><D71/><U52/><E40/><V50/><F43/><W75/><G126/><N who="2" m="48745" /><F53/><W63/><G122/><T134/><D123/><U66/><E118/><V130/><F130/><N who="3" m="49707" /><G96/><T121/><D121/><U64/><E110/><V111/><F90/><W0/><G68/><T56/><D31/><U29/><E76/><V92/><F23/><W87/><G75/><T107/><D44/><AGARI ba="1,0" hai="0,1,2,44,51,55,62,63,79,83,87" m="49707" machi="44" ten="40,1300,0" yaku="19,1" doraHai="113" who="3" fromWho="0" sc="280,-16,240,0,240,0,240,16" /><INIT seed="1,0,0,0,1,116" ten="264,240,240,256" oya="1" hai0="44,97,102,82,112,14,32,38,108,96,5,115,15" hai1="29,93,21,62,85,1,47,12,132,75,34,59,69" hai2="9,50,35,6,27,127,91,3,51,28,120,19,121" hai3="114,57,49,107,92,135,84,94,78,100,2,30,46"/><U39/><E69/><V130/><F127/><W31/><G107/><T88/><D32/><U104/><E1/><V41/><F130/><W76/><G2/><T103/><D108/><U122/><E75/><V36/><F36/><W95/><G114/><T37/><D44/><U74/><E74/><V113/><F113/><W56/><G100/><T111/><D111/><U70/><E70/><V125/><F125/><W58/><G135/><T16/><D82/><U72/><E72/><V87/><F19/><W79/><G84/><T66/><D5/><U67/><E104/><V22/><F35/><W0/><G0/><T117/><D16/><U10/><E34/><V53/><F41/><AGARI ba="0,0" hai="30,31,41,46,49,56,57,58,76,78,79,92,94,95" machi="41" ten="50,6400,0" yaku="29,2,8,1" doraHai="116" who="3" fromWho="2" sc="264,0,240,0,240,-64,256,64" /><INIT seed="2,0,0,0,3,102" ten="264,240,176,320" oya="2" hai0="124,51,85,114,9,13,44,122,130,112,76,37,126" hai1="113,58,69,50,41,129,8,66,111,134,54,47,109" hai2="16,34,133,38,62,71,72,103,91,98,43,118,39" hai3="116,104,127,78,36,22,33,6,100,99,3,20,106"/><V125/><F118/><W108/><G33/><T131/><D122/><U46/><E8/><V30/><F125/><N who="0" m="48234" /><D76/><U96/><E96/><V32/><F91/><W12/><G3/><T56/><D85/><U19/><E19/><V115/><F16/><W63/><G127/><T27/><D27/><U5/><E5/><V64/><F115/><N who="0" m="44074" /><D56/><U77/><E77/><V61/><F61/><W89/><G116/><T70/><D37/><N who="2" m="13834" /><F43/><W25/><G36/><T135/><D70/><U2/><E2/><V68/><F68/><W60/><G78/><T21/><D21/><U65/><E113/><V121/><F121/><W83/><G22/><T105/><D105/><U80/><E80/><V35/><F133/><W40/><G106/><T7/><D135/><U101/><E101/><V74/><F30/><W93/><G104/><AGARI ba="0,0" hai="32,34,35,62,64,71,72,74,98,103,104" m="13834" machi="104" ten="40,7700,0" yaku="33,2,52,1" doraHai="102" who="2" fromWho="3" sc="264,0,240,0,176,77,320,-77" /><INIT seed="2,1,0,4,3,65" ten="264,240,253,243" oya="2" hai0="98,113,81,125,70,9,62,56,39,84,126,96,4" hai1="104,87,119,51,133,22,23,45,44,17,127,129,32" hai2="76,83,73,35,130,53,69,134,24,61,68,10,42" hai3="86,88,124,40,18,2,43,89,123,72,47,108,79"/><V118/><F118/><W74/><G123/><T3/><D39/><U36/><E104/><V46/><F134/><W111/><G2/><T13/><D3/><U11/><E32/><V12/><F130/><W14/><G124/><N who="0" m="47723" /><D113/><U82/><E119/><V49/><F24/><W25/><G25/><T90/><D70/><U101/><E101/><V8/><F35/><W41/><G47/><T110/><D110/><N who="3" m="42025" /><G79/><T57/><D57/><U91/><E129/><V131/><F131/><W58/><G58/><T50/><D50/><U33/><E33/><V106/><F106/><W30/><G30/><T67/><AGARI ba="1,0" hai="4,9,13,56,62,67,81,84,90,96,98" m="47723" machi="67" ten="30,1100,0" yaku="18,1" doraHai="65" who="0" fromWho="0" sc="264,14,240,-4,253,-6,243,-4" /><INIT seed="3,0,0,2,3,22" ten="278,236,247,239" oya="3" hai0="94,40,52,16,63,81,5,91,90,79,0,72,105" hai1="1,82,133,56,110,117,84,15,17,25,106,10,12" hai2="80,38,96,129,37,3,19,85,50,2,8,20,24" hai3="49,128,115,13,118,77,35,71,121,131,109,100,76"/><W123/><G71/><T130/><D105/><U135/><E106/><V95/><F129/><N who="3" m="49739" /><G49/><T104/><D104/><U107/><E107/><V78/><F50/><W88/><G35/><T126/><D126/><U120/><E56/><V93/><F93/><W4/><G100/><T58/><D130/><U18/><E82/><V31/><F2/><W69/><G69/><T89/><D40/><U48/><E48/><V102/><F19/><W61/><G61/><T28/><D28/><U54/><E54/><V70/><F70/><W101/><G101/><T87/><REACH who="0" step="1"/><D16/><REACH who="0" ten="268,236,247,239" step="2"/><N who="1" m="8215" /><E120/><V14/><REACH who="2" step="1"/><F14/><REACH who="2" ten="268,236,237,239" step="2"/><W55/><G123/><T46/><D46/><U73/><E1/><V53/><F53/><W103/><G121/><T127/><D127/><U32/><E117/><V97/><F97/><W44/><G44/><T57/><D57/><U42/><E42/><V62/><F62/><W122/><G122/><T30/><D30/><N who="1" m="19535" /><E110/><V43/><F43/><W98/><G109/><T111/><D111/><U27/><E84/><V65/><F65/><W116/><G116/><T125/><D125/><U92/><E73/><V23/><F23/><W75/><G75/><T134/><D134/><U6/><E6/><AGARI ba="0,2" hai="3,6,8,20,24,31,37,38,78,80,85,95,96,102" machi="6" ten="40,5200,0" yaku="1,1,52,1,53,1" doraHai="22" doraHaiUra="26" who="2" fromWho="1" sc="268,0,236,-52,237,72,239,0" /><INIT seed="4,0,0,3,3,113" ten="268,184,309,239" oya="0" hai0="13,92,117,71,58,100,77,112,82,73,88,53,61" hai1="119,18,96,98,10,84,79,81,102,3,72,89,4" hai2="116,40,25,101,103,115,14,48,125,94,95,7,44" hai3="46,2,16,132,131,65,129,130,133,11,56,41,35"/><T76/><D112/><U104/><E98/><V110/><F110/><W51/><G35/><T122/><D122/><U91/><E18/><V107/><F107/><W21/><G11/><T33/><D33/><U111/><E111/><V134/><F115/><W15/><G2/><T68/><D117/><U20/><E20/><V45/><F134/><W108/><G108/><T47/><D77/><U66/><E66/><V128/><F128/><W6/><G6/><T69/><D13/><U19/><E19/><V8/><F125/><W85/><G85/><T127/><D127/><U54/><E54/><V109/><F109/><W17/><G17/><T124/><D124/><U50/><E50/><N who="2" m="26887" /><F116/><W29/><G29/><T42/><D100/><N who="2" m="38474" /><F25/><W86/><G86/><T60/><D60/><AGARI ba="0,0" hai="15,16,21,41,46,51,56,60,65,129,130,131,132,133" machi="60" ten="50,3200,0" yaku="19,1,54,1" doraHai="113" who="3" fromWho="0" sc="268,-32,184,0,309,0,239,32" /><INIT seed="5,0,0,0,4,117" ten="236,184,309,271" oya="1" hai0="105,81,70,126,3,90,87,1,55,110,101,91,116" hai1="113,75,78,120,131,35,30,63,69,112,8,23,39" hai2="47,62,106,19,82,122,22,44,89,18,97,79,17" hai3="34,94,5,72,41,43,93,54,31,119,67,65,104"/><U52/><E39/><V114/><F114/><N who="1" m="44137" /><E131/><V125/><F125/><W50/><G104/><T42/><D70/><U9/><E69/><V48/><F122/><W92/><G72/><T108/><D42/><U2/><E35/><V61/><F44/><W135/><G5/><T64/><D64/><U103/><E103/><V123/><F123/><W111/><G111/><T0/><D126/><U26/><E120/><V129/><F129/><W36/><G36/><T45/><D116/><U84/><E75/><V121/><F121/><W109/><G109/><T14/><D101/><U88/><E78/><V76/><F22/><W40/><G119/><T98/><D105/><U7/><E7/><V85/><F97/><W115/><G115/><T58/><D98/><U12/><E12/><V32/><F32/><W10/><G10/><T73/><D91/><U127/><E2/><V107/><F106/><W60/><G34/><T49/><D73/><U25/><E25/><V86/><F107/><W59/><G31/><T128/><D128/><U134/><E134/><V66/><F79/><W96/><G135/><T57/><REACH who="0" step="1"/><D14/><REACH who="0" ten="226,184,309,271" step="2"/><U46/><E127/><V133/><F66/><N who="3" m="25099" /><G96/><T16/><D16/><N who="1" m="12647" /><E46/><AGARI ba="0,1" hai="40,41,43,46,50,54,59,60,92,93,94" m="25099" machi="46" ten="30,1000,0" yaku="8,1" doraHai="117" who="3" fromWho="1" sc="226,0,184,-10,309,0,271,20" /><INIT seed="6,0,0,3,0,97" ten="226,174,309,291" oya="2" hai0="30,47,51,5,57,115,81,23,39,66,37,4,131" hai1="96,92,35,83,3,12,114,41,49,79,52,109,10" hai2="111,6,120,34,73,98,14,26,90,105,85,125,31" hai3="76,2,40,116,29,71,124,16,99,135,53,106,22"/><V129/><F73/><W59/><G71/><T24/><D131/><U65/><E109/><V13/><F120/><W21/><G2/><T119/><D119/><U110/><E110/><V15/><F111/><W27/><G116/><T61/><D115/><U121/><E35/><V32/><F32/><W45/><G124/><T56/><D56/><U108/><E108/><V42/><F129/><W63/><G135/><T7/><REACH who="0" step="1"/><D81/><REACH who="0" ten="216,174,309,291" step="2"/><U19/><E114/><V48/><F125/><W70/><G70/><T113/><D113/><U28/><E28/><V130/><F130/><W84/><G29/><T20/><D20/><U88/><E121/><V103/><F6/><W25/><G22/><T72/><D72/><U1/><E65/><V117/><F117/><W43/><G27/><T134/><D134/><U50/><E50/><V44/><F15/><W77/><G25/><T0/><D0/><U74/><REACH who="1" step="1"/><E41/><AGARI ba="0,1" hai="4,5,7,23,24,30,37,39,41,47,51,57,61,66" machi="41" ten="40,1300,0" yaku="1,1,53,0" doraHai="97" doraHaiUra="94" who="0" fromWho="1" sc="216,23,174,-13,309,0,291,0" /><INIT seed="7,0,0,1,3,97" ten="239,161,309,291" oya="3" hai0="95,64,133,129,80,76,104,121,78,82,37,77,56" hai1="106,21,120,123,117,84,122,124,79,67,1,14,15" hai2="70,20,71,130,57,27,8,114,63,62,125,93,102" hai3="74,23,39,113,131,105,24,112,10,38,26,107,103"/><W135/><G74/><T108/><D37/><N who="3" m="13833" /><G131/><T116/><D108/><U55/><E106/><N who="3" m="40458" /><G103/><T61/><D104/><U28/><E67/><V94/><F130/><W109/><G10/><T42/><D133/><U41/><E55/><V6/><F102/><W18/><G135/><T100/><D116/><U101/><E41/><V85/><F85/><W49/><G49/><T119/><D121/><U0/><E117/><V58/><F8/><W43/><G43/><T98/><D119/><U31/><E120/><V110/><F6/><W29/><G26/><T36/><REACH who="0" step="1"/><D129/><REACH who="0" ten="229,161,309,291" step="2"/><U126/><E84/><V65/><F110/><W66/><G109/><T73/><D73/><U128/><E79/><V30/><F125/><W90/><G113/><T19/><D19/><U72/><E72/><V87/><F114/><W111/><G111/><T33/><D33/><U92/><E128/><V51/><F30/><W99/><G112/><T13/><D13/><U69/><E92/><V75/><F75/><W50/><G18/><T59/><D59/><U127/><E127/><V7/><F94/><W47/><G24/><T2/><D2/><U83/><E83/><V52/><F7/><W89/><G29/><T132/><D132/><U86/><E86/><V134/><F134/><W22/><G23/><T44/><AGARI ba="0,1" hai="36,42,44,56,61,64,76,77,78,80,82,95,98,100" machi="44" ten="30,7900,0" yaku="1,1,0,1,52,1,53,1" doraHai="97" doraHaiUra="60" who="0" fromWho="0" sc="229,89,161,-20,309,-20,291,-39" owari="318,42.0,141,-36.0,289,9.0,252,-15.0" /></mjloggm>