<mjloggm ver="2.3"><GO type="169" lobby="0"/><UN n0="%39%2D%62%61%79" n1="%E3%83%94%E3%83%B3%E3%82%B5%E3%83%AD%E5%BA%97%E5%93%A1" n2="%46%49%4E%48%E7%B4%A0%E9%9D%A2" n3="%E8%B1%A1" dan="16,17,16,17" rate="2127.53,2268.10,2105.17,2176.73" sx="M,M,M,M"/><TAIKYOKU oya="0"/><INIT seed="0,0,0,1,2,87" ten="250,250,250,250" oya="0" hai0="112,102,50,45,49,117,11,15,123,86,36,37,34" hai1="28,66,93,88,104,58,35,79,42,13,32,21,41" hai2="103,12,33,92,114,89,77,107,63,135,106,83,20" hai3="54,60,7,22,78,53,96,132,126,39,46,17,3"/><T2/><D2/><U0/><BYE who="0" /><E104/><V8/><F33/><W76/><G126/><T100/><D100/><U91/><E0/><UN n0="%39%2D%62%61%79" /><V62/><F135/><W95/><G132/><T6/><D123/><U125/><E125/><V80/><F114/><W127/><G127/><T68/><D117/><U121/><E121/><V122/><F20/><W115/><G115/><T90/><D112/><U108/><E108/><V52/><F122/><W74/><G7/><T64/><D34/><U14/><E79/><V29/><F29/><W9/><G9/><T73/><D73/><U110/><E110/><V47/><F103/><W59/><G3/><T81/><D102/><U84/><E32/><V26/><F26/><W99/><G99/><T71/><D50/><U38/><E35/><V130/><F130/><W105/><G105/><T23/><D23/><U16/><E28/><V48/><F107/><W109/><G74/><T111/><D111/><U69/><E69/><V27/><F27/><W129/><G129/><T124/><D124/><U44/><E41/><V116/><F116/><W134/><G134/><T72/><D72/><U82/><E58/><V4/><F106/><W5/><G109/><T94/><D81/><N who="2" m="31306" /><F77/><W101/><G39/><T10/><D10/><U75/><E66/><V70/><F70/><N who="0" m="26666" /><D64/><U61/><E61/><V40/><F40/><W128/><G128/><T31/><D31/><U24/><E75/><V131/><F131/><W67/><G76/><T85/><D85/><AGARI ba="0,0" hai="13,14,16,21,24,38,42,44,82,84,85,88,91,93" machi="85" ten="30,8000,1" yaku="7,1,52,2,54,2" doraHai="87" who="1" fromWho="0" sc="250,-80,250,80,250,0,250,0" /><AGARI ba="0,0" hai="4,8,12,47,48,52,62,63,85,89,92" m="31306" machi="85" ten="30,3900,0" yaku="8,1,52,1,54,1" doraHai="87" who="2" fromWho="0" sc="170,-39,330,0,250,39,250,0" /><INIT seed="1,0,0,1,2,117" ten="131,330,289,250" oya="1" hai0="20,27,40,24,73,22,15,52,126,5,6,85,34" hai1="0,121,42,14,57,50,129,23,39,74,13,118,29" hai2="132,72,16,125,65,86,102,112,53,84,63,122,78" hai3="71,48,3,44,95,1,7,11,35,2,111,90,133"/><U45/><E118/><V61/><F102/><W104/><G111/><T108/><D73/><U75/><E0/><V127/><F72/><W114/><G114/><T43/><D108/><U105/><E105/><V80/><F86/><W60/><G35/><T81/><D34/><U18/><E129/><V59/><F132/><W62/><G104/><T4/><D126/><N who="2" m="48138" /><F112/><W26/><G133/><T134/><D134/><U54/><E29/><V30/><F30/><W28/><G26/><N who="0" m="9771" /><D52/><U67/><E121/><V124/><N who="2" m="48146" /><V38/><DORA hai="77" /><F38/><W12/><G28/><T92/><D92/><U55/><E67/><V116/><F116/><W21/><G21/><N who="0" m="8299" /><D15/><U115/><E115/><V37/><F37/><W56/><G71/><T17/><D17/><U130/><E130/><V46/><F122/><W109/><G109/><T66/><D66/><U70/><E70/><N who="2" m="42287" /><F46/><W69/><G69/><T58/><D58/><U98/><E98/><V103/><F103/><W83/><G56/><T119/><D119/><U49/><REACH who="1" step="1"/><E13/><REACH who="1" ten="131,320,289,250" step="2"/><V94/><F94/><W87/><REACH who="3" step="1"/><G95/><REACH who="3" ten="131,320,289,240" step="2"/><T8/><D8/><U33/><E33/><V106/><F106/><W101/><G101/><T120/><D120/><U123/><E123/><V99/><F99/><W131/><G131/><T64/><D64/><U135/><E135/><V25/><F25/><W79/><G79/><AGARI ba="0,2" hai="4,5,6,40,43,79,81,85" m="8299,9771" machi="79" ten="30,2000,0" yaku="8,1,52,1" doraHai="117,77" who="0" fromWho="3" sc="131,40,320,0,289,0,240,-20" /><INIT seed="2,0,0,5,2,88" ten="171,320,289,220" oya="2" hai0="57,31,81,121,132,77,9,43,40,26,67,59,11" hai1="1,58,38,29,51,107,95,112,15,124,114,98,104" hai2="20,133,122,5,48,64,85,19,90,125,73,101,56" hai3="7,6,86,23,135,127,0,66,14,8,96,27,134"/><V35/><F73/><W123/><G123/><T79/><D121/><U45/><E1/><V92/><F35/><W42/><G42/><T111/><D111/><U4/><E38/><V78/><F133/><N who="3" m="50699" /><G66/><T106/><D106/><U68/><E68/><V120/><F125/><W50/><G50/><T3/><D132/><U41/><E124/><V103/><F78/><W128/><G127/><T93/><D67/><U37/><E29/><V16/><F5/><N who="3" m="1547" /><G86/><T84/><D3/><U109/><E109/><V21/><F122/><W94/><G0/><T72/><D26/><U61/><E37/><V54/><F64/><W80/><G80/><T91/><D31/><U12/><E107/><V22/><F120/><W119/><G119/><T62/><D79/><U116/><E104/><V69/><F69/><W2/><G2/><T126/><D126/><U70/><E70/><V87/><F85/><W108/><G108/><T89/><D89/><U25/><E116/><V55/><F55/><W24/><G8/><T10/><REACH who="0" step="1"/><D62/><REACH who="0" ten="161,320,289,220" step="2"/><U117/><E117/><V36/><F36/><W102/><G128/><T32/><D32/><U33/><E33/><V13/><F22/><W30/><G24/><AGARI ba="0,1" hai="13,16,19,20,21,24,48,54,56,87,90,92,101,103" machi="24" ten="30,18000,2" yaku="7,1,25,2,8,1,52,1,54,1" doraHai="88" who="2" fromWho="3" sc="161,0,320,0,289,190,220,-180" /><INIT seed="2,1,0,5,1,19" ten="161,320,479,40" oya="2" hai0="48,107,33,71,106,72,5,100,57,92,75,40,7" hai1="29,132,135,24,69,90,82,85,89,52,76,63,109" hai2="56,105,70,79,129,47,44,88,22,17,120,18,42" hai3="68,101,126,12,121,20,123,37,32,10,103,74,4"/><V35/><F70/><W128/><G128/><T84/><D71/><U55/><E109/><V98/><F35/><W38/><G32/><T15/><D33/><N who="1" m="20647" /><E69/><V51/><F129/><W61/><G126/><T117/><D117/><U78/><E90/><V43/><F120/><W30/><G74/><T95/><D75/><U36/><E36/><V34/><F34/><W130/><G130/><T23/><D72/><U111/><E111/><V50/><F79/><N who="1" m="30249" /><E63/><V1/><F1/><W87/><G87/><T91/><D107/><U97/><E97/><V131/><F131/><W21/><G37/><T116/><D106/><U31/><E31/><V64/><F105/><W124/><G124/><T108/><D116/><U9/><E9/><V86/><F98/><W0/><G38/><T81/><D108/><U96/><E96/><V119/><F119/><W65/><G0/><T46/><D100/><U25/><E25/><V11/><F11/><W26/><REACH who="3" step="1"/><G21/><REACH who="3" ten="161,320,479,30" step="2"/><T127/><D127/><U49/><E85/><V2/><F22/><W28/><G28/><T59/><D23/><U6/><E132/><V110/><F2/><W16/><G16/><T102/><D7/><U39/><E6/><V67/><F110/><W45/><G45/><T125/><D125/><U104/><E39/><V77/><F77/><W58/><G58/><T8/><D59/><U133/><E133/><V54/><F18/><W13/><G13/><T114/><D57/><U80/><E135/><V53/><F17/><W41/><G41/><N who="2" m="15369" /><F56/><W94/><G94/><AGARI ba="1,1" hai="44,47,50,51,53,54,64,67,86,88,94" m="15369" machi="94" ten="30,2900,0" yaku="8,1,54,1" doraHai="19" who="2" fromWho="3" sc="161,0,320,0,479,42,30,-32" owari="161,-24.0,320,12.0,521,62.0,-2,-50.0" /></mjloggm>