<mjloggm ver="2.3"><GO type="185" lobby="0"/><UN n0="%E3%81%84%E3%81%AC%E3%82%8F%E3%82%93" n1="%E3%83%9E%E3%83%A4%E3%82%B7%E3%82%B3%E3%82%AC%E3%83%81%E5%8B%A2" n2="%6D%6D%6A%61%6E%67%6B%69" n3="" dan="16,17,16,0" rate="2211.99,2171.07,2157.05,1500.00" sx="M,M,M,C"/><TAIKYOKU oya="0"/><INIT seed="0,0,0,5,5,57" ten="350,350,350,0" oya="0" hai0="49,100,47,108,48,72,102,92,126,58,53,111,124" hai1="46,41,64,71,73,77,110,0,36,68,66,75,130" hai2="113,107,121,117,94,119,85,122,82,115,114,79,45" hai3=""/><T42/><D72/><U84/><E0/><V132/><N who="2" m="31008" /><V76/><N who="2" m="31264" /><V67/><F67/><T69/><D69/><U106/><E106/><V80/><F107/><T105/><D105/><U134/><E84/><V50/><F132/><T65/><D65/><U78/><E46/><V87/><REACH who="2" step="1"/><F94/><REACH who="2" ten="350,350,340,0" step="2"/><T118/><D92/><U123/><N who="1" m="31520" /><U39/><E134/><V61/><F61/><T51/><D118/><U55/><E64/><V81/><F81/><T70/><D70/><U97/><E66/><V59/><F59/><T3/><D3/><U96/><E68/><V44/><F44/><T52/><D102/><U93/><E93/><V104/><F104/><T34/><D100/><U98/><E71/><V125/><F125/><N who="0" m="48234" /><D34/><U120/><E120/><V103/><F103/><T112/><D112/><U95/><E95/><V54/><AGARI ba="0,1" hai="45,50,54,76,79,80,82,85,87,113,114,115,117,119" m="31264,31008" machi="54" ten="40,6000,1" yaku="1,1,0,1,9,1,52,2,53,0" doraHai="57" doraHaiUra="1" who="2" fromWho="2" sc="350,-40,350,-20,340,70,0,0" /><INIT seed="1,0,0,0,3,36" ten="310,330,410,0" oya="1" hai0="99,85,81,37,64,98,102,73,72,58,2,80,44" hai1="105,66,103,74,135,111,67,63,65,108,69,40,86" hai2="0,95,94,120,55,118,93,125,101,91,112,35,115" hai3=""/><U123/><N who="1" m="31520" /><U71/><E74/><V132/><N who="2" m="30752" /><V48/><F35/><T33/><D33/><U62/><E135/><V119/><F0/><T41/><D2/><U104/><E86/><V70/><F70/><N who="1" m="26633" /><E103/><V68/><F68/><T116/><D116/><U50/><E104/><V96/><F132/><T92/><D99/><U129/><E105/><V110/><F125/><T51/><D81/><U3/><E3/><V42/><F42/><T90/><REACH who="0" step="1"/><D51/><REACH who="0" ten="300,330,410,0" step="2"/><U130/><E129/><V126/><F119/><T83/><D83/><U47/><E130/><V133/><F118/><T60/><AGARI ba="0,1" hai="37,41,44,58,60,64,72,73,80,85,90,92,98,102" machi="60" ten="30,5900,0" yaku="1,1,0,1,52,1,53,1" doraHai="36" doraHaiUra="84" who="0" fromWho="0" sc="300,69,330,-39,410,-20,0,0" /><INIT seed="2,0,0,0,2,112" ten="369,291,390,0" oya="2" hai0="80,33,129,62,41,66,131,89,68,54,99,65,100" hai1="32,83,49,127,51,79,84,126,104,117,53,128,1" hai2="50,118,58,64,67,130,85,0,37,107,88,2,77" hai3=""/><V97/><F118/><T82/><D33/><U86/><E1/><V106/><F37/><T70/><D41/><U39/><E39/><V96/><F130/><N who="0" m="49674" /><D54/><U52/><E32/><V40/><F77/><T94/><D89/><U109/><E104/><V91/><F40/><T114/><D114/><U90/><E109/><V60/><F50/><T35/><D35/><U113/><E113/><V125/><F58/><T46/><D46/><U87/><E90/><V75/><F60/><AGARI ba="0,0" hai="60,62,65,66,68,70,80,82,94,99,100" m="49674" machi="60" ten="30,1000,0" yaku="19,1" doraHai="112" who="0" fromWho="2" sc="369,10,291,0,390,-10,0,0" /><INIT seed="4,0,0,1,3,65" ten="379,291,380,0" oya="0" hai0="120,33,89,1,129,80,52,98,88,108,54,102,77" hai1="81,124,84,123,63,87,100,106,90,105,42,92,53" hai2="75,70,99,37,128,122,104,57,86,45,40,72,58" hai3=""/><T38/><N who="0" m="30752" /><T79/><D33/><U55/><N who="1" m="31520" /><U118/><E118/><V119/><N who="2" m="31264" /><V59/><F128/><T76/><D1/><U78/><E124/><V111/><F111/><T61/><D38/><U66/><E42/><V69/><F86/><T96/><D129/><U0/><E0/><V32/><F32/><T67/><D108/><U110/><E110/><V131/><F119/><T62/><D80/><U97/><REACH who="1" step="1"/><E105/><REACH who="1" ten="379,281,380,0" step="2"/><V74/><F131/><T116/><D116/><U130/><E130/><V132/><F132/><T134/><D134/><U60/><E60/><V64/><F64/><T35/><D35/><U107/><E107/><V73/><N who="2" m="18432" /><DORA hai="95" /><V68/><REACH who="2" step="1"/><F104/><REACH who="2" ten="379,281,370,0" step="2"/><T71/><D67/><U127/><E127/><V91/><F91/><T82/><D89/><U109/><E109/><V101/><F101/><T46/><D102/><U2/><E2/><V133/><F133/><T103/><D103/><U47/><E47/><V117/><F117/><T112/><D46/><U93/><E93/><V115/><F115/><T51/><D112/><U36/><E36/><V3/><F3/><T50/><D88/><U94/><E94/><V135/><F135/><T44/><D44/><U43/><E43/><V125/><F125/><RYUUKYOKU ba="0,2" sc="379,-20,281,10,370,10,0,0" hai1="53,55,63,66,78,81,84,87,90,92,97,100,106" hai2="37,40,45,57,58,59,68,69,70,99" /><INIT seed="5,1,2,3,1,129" ten="359,291,380,0" oya="1" hai0="88,131,59,95,100,105,114,125,79,58,53,69,101" hai1="35,107,110,66,55,32,48,54,90,33,77,80,128" hai2="113,49,103,104,75,44,81,89,41,3,130,43,1" hai3=""/><U94/><E128/><V46/><F130/><T60/><D69/><U34/><N who="1" m="8192" /><DORA hai="87" /><U106/><E66/><V61/><F113/><T134/><D114/><U98/><E110/><V52/><F103/><T133/><D125/><U82/><E82/><V112/><F104/><T96/><D79/><U109/><E109/><V85/><F75/><T65/><D131/><U122/><N who="1" m="31264" /><U39/><E39/><V118/><F118/><T73/><D73/><U42/><E42/><V68/><F112/><T47/><D47/><U67/><E67/><V126/><F126/><T127/><D127/><U108/><E55/><V74/><F74/><T63/><REACH who="0" step="1"/><D101/><REACH who="0" ten="349,291,380,0" step="2"/><U0/><E108/><V37/><F68/><T45/><D45/><U83/><E77/><V50/><F37/><T92/><D92/><U116/><E94/><V86/><F1/><T51/><D51/><U62/><E48/><V78/><F3/><T40/><D40/><U93/><E0/><V115/><F115/><T117/><D117/><U36/><E116/><V120/><N who="2" m="30752" /><V56/><F78/><T132/><D132/><U99/><E36/><V64/><F41/><T97/><AGARI ba="1,3" hai="53,58,59,60,63,65,88,95,96,97,100,105,133,134" machi="97" ten="30,9000,2" yaku="1,1,0,1,52,3,54,1,53,0" doraHai="129,87" doraHaiUra="70,72" who="0" fromWho="0" sc="349,122,291,-61,380,-31,0,0" /><INIT seed="6,0,0,3,1,40" ten="471,230,349,0" oya="2" hai0="78,76,55,113,111,90,35,56,2,49,97,123,128" hai1="43,133,100,36,130,104,88,135,89,83,115,3,65" hai2="84,122,1,64,46,45,74,105,85,60,126,54,101" hai3=""/><V94/><N who="2" m="31264" /><V131/><F74/><T41/><N who="0" m="31520" /><T116/><D111/><U73/><E3/><V38/><F38/><T32/><D116/><U93/><E65/><V44/><F1/><T108/><D108/><U37/><E43/><V50/><F105/><T72/><D41/><U119/><E37/><V109/><F109/><T62/><D128/><U134/><E36/><V99/><F131/><T53/><D113/><U127/><E130/><V51/><F126/><T69/><D69/><U67/><E67/><V82/><F51/><T95/><D2/><U87/><E115/><V103/><F103/><T118/><D118/><U96/><E119/><V71/><F85/><T80/><D78/><AGARI ba="0,0" hai="44,45,46,50,54,60,64,71,78,82,84,94,99,101" m="31264" machi="78" ten="30,12000,1" yaku="7,1,52,4" doraHai="40" who="2" fromWho="0" sc="471,-120,230,0,349,120,0,0" owari="351,-5.0,230,-37.0,469,42.0,0,0.0" /></mjloggm>