<mjloggm ver="2.3"><GO type="169" lobby="0"/><UN n0="%E3%83%93%E3%83%81%E3%83%A3%E5%B1%B1%E3%83%93%E3%83%81%E3%83%A3%E7%94%B7" n1="%6F%6B%62%6F%6B%62" n2="%E7%88%86%E5%BC%BE%E4%BA%94%E9%83%8E%EF%BC%92" n3="%E3%82%B5%E3%83%B3%26%E3%83%A0%E3%83%BC%E3%83%B3" dan="16,16,16,17" rate="2007.28,2011.56,2117.10,2158.82" sx="M,M,M,M"/><TAIKYOKU oya="0"/><INIT seed="0,0,0,3,3,104" ten="250,250,250,250" oya="0" hai0="17,90,26,57,7,29,88,111,77,79,116,131,66" hai1="37,127,122,31,39,95,36,61,30,97,47,64,4" hai2="33,83,23,87,28,78,115,106,8,5,76,75,96" hai3="22,118,19,105,108,10,126,119,13,100,70,98,93"/><T124/><D116/><U25/><E122/><V133/><F115/><W50/><G108/><T74/><D124/><U129/><E127/><V24/><F133/><W89/><G126/><T92/><D7/><U56/><E129/><V58/><F78/><W94/><G70/><T82/><D131/><U15/><E47/><V101/><F58/><W102/><G105/><T32/><D111/><U80/><E80/><V84/><REACH who="2" step="1"/><F33/><REACH who="2" ten="250,250,240,250" step="2"/><W46/><G118/><T81/><D17/><U12/><E4/><V91/><F91/><W71/><G119/><T107/><D107/><U62/><E62/><V128/><F128/><W41/><G71/><T112/><D112/><U40/><E40/><V65/><F65/><W35/><G35/><T51/><D92/><U54/><E54/><V120/><F120/><W2/><G2/><AGARI ba="0,1" hai="2,5,8,23,24,28,75,76,83,84,87,96,101,106" machi="2" ten="30,3900,0" yaku="1,1,7,1,52,1,53,0" doraHai="104" doraHaiUra="59" who="2" fromWho="3" sc="250,0,250,0,240,49,250,-39" /><INIT seed="1,0,0,4,4,124" ten="250,250,289,211" oya="1" hai0="16,132,55,91,51,87,9,88,90,92,10,134,85" hai1="62,25,4,76,129,110,33,64,75,58,104,6,128" hai2="94,32,68,38,37,40,121,59,41,31,135,5,118" hai3="116,125,130,52,13,27,102,7,46,15,1,72,108"/><U60/><E104/><V22/><F68/><W126/><G72/><T96/><D132/><U19/><E110/><V57/><F32/><W115/><G115/><T23/><D134/><U82/><E62/><V65/><F5/><W11/><G108/><T77/><D77/><U28/><REACH who="1" step="1"/><E19/><REACH who="1" ten="250,240,289,211" step="2"/><V78/><F135/><W50/><G116/><T49/><D96/><U84/><E84/><V127/><F118/><W45/><G125/><T21/><D92/><U113/><E113/><V105/><F94/><W86/><G126/><T56/><D51/><U120/><E120/><V101/><F121/><W2/><G86/><N who="0" m="32779" /><D23/><U111/><E111/><V43/><F22/><W79/><G50/><T80/><D80/><U3/><E3/><V93/><F93/><W98/><G1/><T61/><D61/><U74/><E74/><V47/><F105/><W44/><G98/><T0/><D0/><U95/><E95/><V119/><F119/><W117/><G117/><T39/><D39/><U69/><E69/><V54/><F127/><W97/><G97/><T42/><D42/><U81/><E81/><V34/><F41/><W89/><G79/><T114/><D114/><U67/><E67/><V20/><F65/><W70/><G70/><T123/><D123/><U112/><E112/><V18/><F78/><W36/><G36/><T8/><D91/><U122/><E122/><V106/><F40/><W53/><G89/><T103/><D103/><U14/><E14/><AGARI ba="0,1" hai="8,9,10,14,16,21,49,55,56,88,90" m="32779" machi="14" ten="30,3900,0" yaku="8,1,54,2" doraHai="124" who="0" fromWho="1" sc="250,49,240,-39,289,0,211,0" /><INIT seed="2,0,0,2,3,113" ten="299,201,289,211" oya="2" hai0="98,40,118,45,14,13,35,7,68,26,38,15,61" hai1="48,125,46,111,129,31,96,92,37,89,83,17,78" hai2="70,29,102,56,108,3,115,105,86,90,60,41,59" hai3="124,93,43,104,30,95,135,85,9,6,42,82,25"/><V2/><F115/><W44/><G104/><T81/><D81/><U106/><E37/><V10/><F41/><W39/><G43/><T67/><D98/><U18/><E129/><V114/><F114/><W126/><G135/><T1/><D1/><U53/><E111/><V110/><F29/><W120/><G120/><T80/><D7/><U99/><E31/><V47/><F47/><W128/><G128/><T97/><D80/><U20/><E125/><V0/><F10/><W100/><G100/><T8/><D8/><U24/><E17/><V112/><F112/><W49/><G39/><T122/><D122/><U75/><REACH who="1" step="1"/><E106/><REACH who="1" ten="299,191,289,211" step="2"/><V69/><F105/><W123/><G123/><T87/><D38/><U127/><E127/><V91/><F110/><W130/><G130/><T33/><D35/><U72/><E72/><V32/><F108/><W50/><G124/><T109/><D33/><U54/><E54/><V134/><F32/><W133/><G126/><T73/><D73/><U52/><E52/><V76/><F134/><W119/><G133/><T23/><D109/><U34/><E34/><V19/><F19/><W88/><G30/><T16/><D40/><U21/><E21/><V101/><F60/><W57/><G25/><T121/><D121/><U63/><E63/><V107/><F107/><W11/><G6/><T62/><D61/><U79/><E79/><V27/><F27/><W84/><G11/><T71/><D62/><U65/><E65/><V132/><F132/><W58/><G9/><T4/><D67/><U77/><E77/><V22/><F22/><W36/><G36/><RYUUKYOKU ba="0,1" sc="299,-10,191,30,289,-10,211,-10" hai1="18,20,24,46,48,53,75,78,83,89,92,96,99" /><INIT seed="3,1,1,4,2,104" ten="289,221,279,201" oya="3" hai0="74,69,58,77,24,83,59,54,130,92,124,82,68" hai1="112,14,12,8,94,6,108,28,98,57,50,127,135" hai2="80,21,44,117,23,109,102,3,72,78,86,88,71" hai3="89,101,46,70,33,126,62,36,45,93,11,90,4"/><W73/><G33/><T125/><D130/><U121/><E121/><V16/><F71/><W105/><G126/><N who="0" m="48747" /><D92/><U81/><E127/><V43/><F3/><W27/><G105/><T132/><D132/><U47/><E135/><V39/><F109/><W15/><G73/><N who="0" m="43311" /><D24/><U87/><E28/><V115/><F115/><W22/><G101/><T32/><D32/><U91/><E112/><V119/><F102/><W123/><G123/><T120/><D120/><U116/><E116/><V64/><F64/><W48/><G36/><T103/><D103/><U85/><E108/><V37/><F23/><W53/><G45/><T75/><D59/><U114/><E114/><V30/><F30/><W25/><G25/><T5/><D5/><U31/><E31/><V1/><F1/><W110/><G110/><T99/><D99/><U95/><E57/><V66/><F66/><W60/><G70/><N who="0" m="27243" /><D83/><U107/><E107/><V133/><F37/><W76/><G76/><T84/><D84/><U38/><E38/><V26/><F133/><W129/><G129/><T56/><D56/><U9/><E85/><V111/><F111/><W29/><REACH who="3" step="1"/><G90/><REACH who="3" ten="289,221,279,191" step="2"/><T61/><AGARI ba="1,2" hai="54,58,61,74,75" m="27243,43311,48747" machi="61" ten="30,7900,0" yaku="18,1,52,3" doraHai="104" who="0" fromWho="0" sc="289,102,221,-21,279,-21,191,-40" /><INIT seed="4,0,0,1,4,40" ten="391,200,258,151" oya="0" hai0="97,45,132,99,127,126,68,13,98,105,43,102,15" hai1="12,31,95,39,69,90,92,41,119,110,28,135,47" hai2="77,124,62,122,118,128,29,94,51,57,7,21,71" hai3="49,81,0,80,20,74,113,76,112,5,66,55,42"/><T87/><D68/><U73/><E110/><V65/><F122/><W36/><G66/><T125/><D87/><U44/><E119/><V10/><F118/><W123/><G81/><T3/><D3/><U1/><E69/><V86/><F128/><W103/><G103/><T108/><D108/><U18/><E1/><V84/><F124/><W38/><G20/><T83/><D83/><U23/><E73/><V116/><F116/><W35/><G35/><T46/><D43/><U52/><E135/><V58/><F77/><W61/><G61/><T106/><D102/><U120/><E120/><V26/><F94/><W131/><G131/><T93/><D93/><U19/><E19/><V130/><F130/><W17/><G17/><T129/><D129/><U104/><E92/><V25/><F25/><W88/><G88/><T82/><D82/><U85/><REACH who="1" step="1"/><E104/><REACH who="1" ten="391,190,258,151" step="2"/><N who="0" m="40041" /><D132/><U53/><E53/><V64/><F71/><W115/><G123/><T75/><D75/><U72/><E72/><V6/><F65/><W37/><G0/><T89/><D89/><U2/><E2/><V14/><F7/><W32/><G5/><T67/><D67/><U107/><E107/><V91/><F91/><W133/><G133/><T50/><D50/><AGARI ba="0,1" hai="12,18,23,28,31,39,41,44,47,50,52,85,90,95" machi="50" ten="40,8000,1" yaku="1,1,52,2,54,1,53,0" doraHai="40" doraHaiUra="33" who="1" fromWho="0" sc="391,-80,190,90,258,0,151,0" /><INIT seed="5,0,0,5,2,84" ten="311,280,258,151" oya="1" hai0="102,108,40,11,93,49,60,111,87,97,34,109,91" hai1="38,63,58,46,89,36,123,25,52,99,26,71,114" hai2="120,42,78,10,110,96,86,122,135,65,76,112,9" hai3="115,100,121,80,1,37,13,3,62,72,69,17,55"/><U113/><E123/><V107/><F110/><W30/><G121/><T57/><D34/><U83/><E71/><V12/><F65/><W61/><G37/><T50/><D11/><U133/><E133/><V45/><F135/><W35/><G115/><N who="1" m="44042" /><E83/><V105/><F112/><W88/><G100/><T127/><D40/><N who="1" m="22791" /><E38/><V101/><F105/><W27/><G62/><T68/><D68/><U85/><E85/><V53/><F53/><W98/><G72/><T5/><D5/><U90/><E99/><V116/><F9/><W130/><G130/><T18/><D18/><U82/><E82/><V0/><F116/><W73/><G73/><T125/><D60/><U8/><E8/><V2/><F122/><W129/><G129/><T47/><D57/><U20/><E26/><V92/><F120/><W16/><G17/><AGARI ba="0,0" hai="17,20,25,52,58,63,89,90" m="22791,44042" machi="17" ten="30,11600,0" yaku="15,1,52,2,54,1" doraHai="84" who="1" fromWho="3" sc="311,0,280,116,258,0,151,-116" /><INIT seed="5,1,0,1,4,98" ten="311,396,258,35" oya="1" hai0="53,121,125,19,110,25,132,42,68,78,57,106,107" hai1="81,18,56,96,33,97,35,131,99,62,116,6,105" hai2="21,82,64,91,9,71,14,26,75,67,24,108,2" hai3="102,16,45,124,72,13,51,90,133,34,0,39,32"/><U134/><E116/><V37/><F37/><W101/><G72/><T23/><D110/><U127/><E6/><V109/><F2/><W70/><G0/><T1/><D125/><U58/><E127/><V3/><F3/><W61/><G39/><T50/><D132/><U92/><E105/><V46/><F46/><W115/><G124/><T100/><D68/><U12/><E134/><V4/><F26/><W114/><G90/><T22/><D1/><U20/><E131/><V10/><F10/><W65/><G133/><T84/><D42/><U122/><E122/><V36/><F36/><W59/><G70/><T8/><D8/><U63/><E81/><V55/><F55/><W119/><G119/><T120/><D23/><U123/><E123/><N who="0" m="47177" /><D100/><N who="3" m="38505" /><G32/><T89/><D78/><U88/><E33/><V54/><F71/><W126/><G34/><T117/><D117/><U5/><E5/><V85/><F75/><W87/><G87/><T128/><D128/><U95/><E35/><V15/><F109/><W77/><G77/><T80/><AGARI ba="1,0" hai="19,22,25,50,53,57,80,84,89,106,107" m="47177" machi="80" ten="30,1100,0" yaku="13,1" doraHai="98" who="0" fromWho="0" sc="311,14,396,-6,258,-4,35,-4" /><INIT seed="6,0,0,5,4,50" ten="325,390,254,31" oya="2" hai0="44,113,97,54,49,83,101,30,57,17,99,2,15" hai1="127,48,82,59,111,98,135,103,116,125,16,3,13" hai2="35,94,80,4,6,58,102,20,119,75,118,71,56" hai3="93,86,114,129,79,26,24,51,12,31,47,28,62"/><V45/><F71/><W43/><G129/><T90/><D113/><U95/><E116/><V117/><F35/><W67/><G114/><T27/><D2/><U18/><E111/><V78/><F45/><W5/><G28/><T91/><D83/><U122/><E3/><V104/><F104/><W110/><G110/><T109/><D109/><U32/><E32/><V74/><F74/><W131/><G131/><T9/><D99/><U19/><E135/><V124/><F124/><N who="1" m="47689" /><E82/><V133/><F133/><W33/><G33/><T63/><D27/><U14/><E122/><V85/><F20/><W81/><G93/><T1/><D1/><U65/><E65/><V84/><F102/><W21/><G31/><T36/><D36/><U69/><E69/><V34/><F34/><W87/><G87/><T29/><D29/><U64/><E64/><V105/><F105/><W38/><G38/><T8/><D8/><U60/><E60/><V70/><F70/><W100/><G100/><T120/><D30/><U0/><E0/><V132/><F132/><W7/><G7/><T92/><REACH who="0" step="1"/><D120/><REACH who="0" ten="315,390,254,31" step="2"/><U134/><E134/><V106/><F117/><W112/><G112/><T37/><D37/><U55/><AGARI ba="0,1" hai="13,14,16,18,19,48,55,59,95,98,103" m="47689" machi="55" ten="40,5200,0" yaku="18,1,52,1,54,1" doraHai="50" who="1" fromWho="1" sc="315,-13,390,62,254,-26,31,-13" /><INIT seed="7,0,0,0,5,81" ten="302,452,228,18" oya="3" hai0="82,117,130,76,74,35,60,9,78,112,110,56,10" hai1="0,61,63,39,54,98,120,92,85,32,46,40,47" hai2="19,77,129,83,94,95,93,102,34,108,118,38,4" hai3="75,126,7,43,91,37,48,105,122,79,26,17,41"/><W53/><G122/><T132/><D110/><U50/><E0/><V57/><F38/><W109/><G109/><T70/><D117/><U96/><E32/><V24/><F118/><W71/><G126/><T62/><D35/><U27/><E27/><V128/><F102/><W30/><G71/><T18/><D78/><U36/><E36/><V6/><F57/><W124/><G124/><T49/><D49/><U59/><E120/><V29/><F19/><W13/><G7/><T25/><D130/><U45/><E61/><V42/><F42/><W2/><G2/><T68/><D132/><U23/><E23/><V106/><F106/><W89/><G105/><T73/><D112/><U8/><E8/><V3/><F108/><W12/><G75/><T33/><D33/><U87/><E96/><V58/><F58/><W97/><G79/><T104/><D104/><U116/><E116/><V111/><F111/><W90/><G97/><T103/><D103/><U67/><E46/><V133/><F133/><W64/><G64/><T69/><D73/><U134/><E134/><V114/><F114/><W44/><G37/><T100/><D100/><AGARI ba="0,0" hai="39,40,45,47,50,54,59,63,67,85,87,92,98,100" machi="100" ten="30,3900,0" yaku="7,1,52,2" doraHai="81" who="1" fromWho="0" sc="302,-39,452,39,228,0,18,0" owari="263,6.0,491,59.0,228,-17.0,18,-48.0" /></mjloggm>