<mjloggm ver="2.3"><GO type="169" lobby="0"/><UN n0="%E5%8F%B3%E8%84%B3%E8%A9%B0%E3%82%81" n1="%67%61%79%75%6E%79" n2="%31%74%61" n3="%47%65%61%72" dan="17,16,16,16" rate="2182.50,2122.55,2077.05,2060.24" sx="M,M,M,M"/><TAIKYOKU oya="0"/><INIT seed="0,0,0,5,0,100" ten="250,250,250,250" oya="0" hai0="111,42,18,76,13,79,51,40,15,107,88,0,49" hai1="77,68,12,36,44,24,37,106,67,55,71,132,80" hai2="105,47,96,65,94,69,38,5,39,90,130,35,1" hai3="17,10,122,50,101,112,4,113,64,125,115,59,41"/><T46/><D0/><U133/><E12/><V53/><F130/><W86/><G125/><T93/><D111/><U70/><E24/><V11/><F35/><W29/><G122/><T60/><D60/><U109/><E106/><V124/><F124/><W32/><G17/><T91/><D93/><U108/><E67/><V82/><F82/><W73/><G86/><T20/><D15/><U120/><E80/><V92/><F92/><W58/><G50/><T26/><D107/><U28/><E77/><N who="0" m="29769" /><D26/><U14/><E28/><V121/><F121/><W110/><G110/><N who="1" m="42602" /><E14/><V48/><F65/><W102/><G41/><T22/><D22/><U27/><E27/><V43/><F69/><W6/><G64/><T83/><D83/><U21/><E21/><V84/><REACH who="2" step="1"/><F43/><REACH who="2" ten="250,250,240,250" step="2"/><W23/><G32/><T16/><D18/><U131/><E120/><V25/><F25/><W63/><G115/><T98/><D98/><U116/><E131/><V52/><F52/><W118/><G113/><T85/><D85/><U54/><E116/><V34/><F34/><W33/><G33/><T104/><D104/><U117/><E117/><V114/><F114/><W19/><G118/><T74/><D74/><U127/><E127/><V123/><F123/><W78/><G73/><T129/><D129/><U66/><E66/><V62/><F62/><W119/><G63/><T30/><D30/><U7/><E70/><V135/><F135/><W57/><G29/><T128/><D128/><U95/><E71/><V9/><F9/><W126/><G126/><T89/><D42/><N who="1" m="22599" /><E68/><V99/><F99/><W72/><G119/><RYUUKYOKU ba="0,1" sc="250,15,250,-15,240,15,250,-15" hai0="13,16,20,40,46,49,51,88,89,91" hai2="1,5,11,38,39,47,48,53,84,90,94,96,105" /><INIT seed="0,1,1,3,5,1" ten="265,235,255,235" oya="0" hai0="56,54,57,45,13,124,69,93,134,89,123,2,88" hai1="63,133,80,97,125,34,122,35,73,11,121,129,82" hai2="55,51,12,115,109,99,65,81,91,103,42,49,94" hai3="3,126,95,130,52,70,111,38,112,47,78,30,117"/><T36/><D123/><U48/><E133/><V119/><F109/><W46/><G78/><T85/><D134/><U75/><E48/><V27/><F115/><W15/><G3/><T101/><D124/><U31/><E31/><V43/><F65/><W4/><G30/><T131/><D131/><U100/><E63/><V128/><F128/><W74/><G74/><T105/><D2/><U7/><E129/><V76/><F119/><W41/><G95/><T19/><D69/><U21/><E21/><V53/><F27/><W33/><G33/><T37/><D45/><U92/><E125/><V118/><F12/><W10/><G70/><T86/><D105/><U20/><E20/><V72/><F118/><W39/><G112/><T116/><D101/><U58/><E58/><V18/><F18/><W127/><G111/><T132/><D57/><U62/><E62/><V102/><F103/><W67/><G67/><T71/><D71/><U22/><E22/><V106/><F51/><W25/><G117/><T120/><D120/><U8/><E100/><V107/><F53/><W68/><G68/><T59/><D59/><U108/><E108/><V0/><F0/><W98/><G130/><T26/><D26/><U90/><E121/><V24/><F24/><W16/><G38/><T50/><D132/><U28/><E122/><V44/><REACH who="2" step="1"/><F107/><REACH who="2" ten="265,235,245,235" step="2"/><W40/><G52/><T96/><D116/><U6/><E28/><V9/><F9/><W113/><G113/><T14/><D50/><U77/><E11/><V32/><F32/><N who="1" m="12329" /><E8/><V104/><F104/><W64/><G127/><T114/><D114/><RYUUKYOKU ba="1,2" sc="265,-15,235,15,245,15,235,-15" hai1="6,7,73,75,77,80,82,90,92,97" hai2="42,43,44,49,55,72,76,81,91,94,99,102,106" /><INIT seed="1,2,2,5,5,71" ten="250,250,260,220" oya="1" hai0="55,39,116,115,135,35,87,52,59,96,85,12,76" hai1="27,68,130,16,51,30,107,41,33,26,28,56,123" hai2="18,49,117,65,112,15,109,133,94,38,122,93,22" hai3="10,75,84,13,110,125,73,106,79,89,63,103,14"/><U67/><E123/><V62/><F122/><W104/><G63/><T3/><D3/><U58/><E130/><V20/><F117/><W37/><G10/><T4/><D115/><U50/><E107/><V43/><F109/><W48/><G48/><T46/><D116/><U1/><E1/><V127/><F112/><W66/><G66/><T70/><D70/><U72/><E72/><V108/><F108/><W42/><G42/><T34/><D96/><U113/><E113/><V80/><F127/><W91/><G110/><T54/><D135/><U128/><E128/><V25/><F38/><W40/><G40/><T23/><D59/><U44/><E16/><N who="2" m="10271" /><F80/><W61/><G61/><T90/><D85/><U101/><E101/><V105/><F105/><W53/><G53/><T32/><D76/><U120/><E120/><V29/><F29/><W9/><G9/><T124/><D124/><U6/><E6/><V24/><F24/><W5/><G5/><T100/><D100/><U99/><E99/><V86/><F86/><W2/><G2/><T60/><D4/><U98/><E98/><V121/><F133/><W81/><G125/><T83/><D60/><N who="1" m="40039" /><E51/><V78/><F78/><W102/><G79/><T132/><D132/><U95/><E95/><N who="2" m="36363" /><F121/><W69/><G81/><T77/><D77/><U88/><E88/><V31/><F31/><W17/><G17/><N who="0" m="10663" /><D35/><U134/><E134/><V11/><F11/><W118/><G118/><T7/><D7/><U36/><E50/><V114/><F114/><W21/><G75/><T64/><D64/><U119/><E119/><V82/><F65/><RYUUKYOKU ba="2,2" sc="250,15,250,15,260,-15,220,-15" hai0="32,34,39,46,52,54,55,83,87,90" hai1="26,27,28,30,33,36,41,44,56,58" /><INIT seed="1,3,2,3,4,66" ten="265,265,245,205" oya="1" hai0="59,40,21,110,41,98,106,91,87,130,47,114,13" hai1="116,74,20,43,3,57,15,7,115,22,38,108,25" hai2="32,112,118,111,121,58,52,119,46,11,30,81,35" hai3="9,97,127,73,120,51,34,132,125,45,26,131,39"/><U48/><E116/><V69/><F121/><W117/><G120/><T79/><D114/><U42/><E115/><V92/><F112/><W68/><G117/><T128/><D79/><U17/><E108/><V23/><F69/><W107/><G73/><T135/><D110/><U28/><E38/><V103/><F111/><W122/><G122/><T94/><D59/><U56/><E74/><V54/><F81/><W105/><G131/><N who="0" m="50219" /><D135/><U27/><E3/><V123/><F11/><W70/><G132/><T90/><D47/><N who="1" m="25719" /><E43/><V18/><F46/><W100/><G9/><AGARI ba="3,2" hai="7,9,15,17,20,22,25,27,28,56,57" m="25719" machi="9" ten="30,1500,0" yaku="8,1" doraHai="66" who="1" fromWho="3" sc="265,0,265,44,245,0,205,-24" /><INIT seed="1,4,0,0,1,11" ten="265,309,245,181" oya="1" hai0="99,119,121,32,35,74,86,23,5,108,6,20,111" hai1="96,131,85,58,66,125,37,80,102,124,101,106,117" hai2="120,130,46,100,9,3,128,107,123,2,14,61,88" hai3="84,103,26,60,64,19,82,43,90,7,126,36,87"/><U31/><E37/><V68/><F46/><W78/><G126/><N who="1" m="48746" /><E58/><V27/><F100/><W33/><G103/><T65/><D86/><U53/><E53/><V40/><F107/><W115/><G115/><T72/><D99/><N who="1" m="61759" /><E31/><V110/><F40/><W52/><G7/><T41/><D41/><U4/><E4/><V112/><F112/><W97/><G97/><T134/><D65/><U25/><E25/><V18/><F110/><W59/><G33/><T51/><D51/><U62/><E62/><V0/><F61/><W95/><G36/><T129/><D119/><U93/><E66/><V21/><F88/><W92/><G43/><T29/><D29/><U63/><E63/><V34/><F68/><W42/><G42/><T22/><D22/><U45/><E45/><V47/><F47/><W24/><G64/><T38/><D38/><U50/><E50/><V135/><F135/><W54/><G54/><T122/><REACH who="0" step="1"/><D129/><REACH who="0" ten="255,309,245,181" step="2"/><N who="2" m="49770" /><F34/><W67/><G67/><T98/><D98/><U56/><E131/><V132/><F132/><AGARI ba="4,1" hai="5,6,20,23,32,35,72,74,108,111,121,122,132,134" machi="132" ten="25,3200,0" yaku="1,1,22,2,53,0" doraHai="11" doraHaiUra="114" who="0" fromWho="2" sc="255,54,309,0,245,-44,181,0" /><INIT seed="2,0,0,0,3,113" ten="309,309,201,181" oya="2" hai0="131,135,57,111,21,51,28,121,98,14,31,112,72" hai1="77,42,119,65,126,91,79,61,110,0,34,46,124" hai2="11,63,24,114,105,88,115,97,19,84,25,129,76" hai3="130,108,62,95,132,23,50,6,10,122,68,20,44"/><V89/><F129/><W94/><G122/><T39/><D72/><U9/><E34/><V37/><F37/><W17/><G130/><T78/><D78/><U117/><E110/><V120/><F120/><W74/><G132/><T103/><D39/><N who="1" m="21855" /><E91/><V80/><F63/><W106/><G106/><T22/><D135/><U86/><E86/><V16/><F11/><W101/><G74/><T85/><D85/><U29/><E29/><V40/><F40/><W82/><G82/><T27/><D112/><U41/><E79/><V32/><F32/><W125/><G108/><T66/><D111/><U70/><E77/><V128/><F128/><W8/><G62/><T92/><D121/><U100/><E100/><V53/><F53/><W33/><G68/><T96/><D96/><U58/><E41/><V81/><F105/><W133/><G33/><T56/><D31/><U45/><E45/><V75/><F115/><W60/><G101/><T47/><D47/><U5/><E58/><V134/><F134/><W36/><G44/><T15/><D57/><U26/><E26/><V116/><F114/><W127/><G133/><T93/><D103/><U13/><E13/><V87/><F76/><W48/><G36/><T55/><D14/><U83/><E83/><V18/><F75/><W123/><G95/><T52/><D93/><U90/><E90/><V64/><F97/><W49/><G94/><T107/><D92/><U4/><E4/><V67/><REACH who="2" step="1"/><F18/><REACH who="2" ten="309,309,191,181" step="2"/><W7/><G17/><N who="0" m="10431" /><D98/><U30/><E30/><V2/><F2/><W59/><G123/><T104/><D131/><U102/><E102/><RYUUKYOKU ba="0,1" sc="309,-15,309,15,191,15,181,-15" hai1="0,5,9,61,65,70,117,119,124,126" hai2="16,19,24,25,64,67,80,81,84,87,88,89,116" /><INIT seed="2,1,1,3,1,97" ten="294,324,206,166" oya="2" hai0="70,59,71,88,28,54,135,76,32,89,40,16,85" hai1="86,1,51,47,46,129,132,99,3,15,34,81,60" hai2="69,127,2,74,29,87,115,83,73,123,43,21,63" hai3="126,14,113,4,98,96,22,48,58,53,111,39,50"/><V44/><F115/><W25/><G111/><T131/><D76/><U128/><E34/><V116/><F116/><W64/><G39/><T77/><D77/><U94/><E60/><V78/><F123/><W75/><G75/><T31/><D135/><U20/><E15/><V110/><F127/><W103/><G126/><T5/><D5/><U105/><E105/><V91/><F2/><W13/><G113/><T11/><D40/><U67/><E67/><V38/><F110/><W104/><G96/><T68/><D32/><U26/><E132/><V27/><REACH who="2" step="1"/><F78/><REACH who="2" ten="294,324,196,166" step="2"/><W56/><G4/><T35/><D131/><U36/><E3/><V84/><F84/><W118/><G118/><T65/><D85/><U33/><E1/><V121/><F121/><W66/><G66/><AGARI ba="1,2" hai="21,27,29,38,43,44,63,66,69,73,74,83,87,91" machi="66" ten="40,2000,0" yaku="1,1,53,0" doraHai="97" doraHaiUra="100" who="2" fromWho="3" sc="294,0,324,0,196,43,166,-23" /><INIT seed="2,2,0,4,5,72" ten="294,324,239,143" oya="2" hai0="130,47,7,15,49,107,23,36,50,118,66,90,61" hai1="76,93,86,65,4,91,39,63,43,106,80,115,13" hai2="17,55,26,77,31,88,84,75,134,27,104,28,34" hai3="109,135,129,35,110,120,37,70,121,52,53,8,71"/><V68/><F68/><N who="3" m="26155" /><G8/><T85/><D107/><U46/><E106/><V57/><F134/><W97/><G97/><T73/><D130/><U95/><E115/><V9/><F104/><W87/><G87/><T54/><D118/><U101/><E101/><V94/><F17/><W19/><G19/><T5/><D36/><U18/><E4/><V67/><F9/><W11/><G11/><T103/><D103/><U24/><E24/><V99/><F75/><W92/><G92/><T42/><D61/><U108/><E108/><N who="3" m="41578" /><G35/><T127/><D66/><U22/><E91/><V74/><F67/><W3/><G3/><T100/><D127/><U62/><E62/><N who="2" m="36159" /><F74/><W20/><G20/><T98/><D23/><U44/><E44/><V126/><F126/><W64/><G129/><T69/><D73/><U112/><E112/><V21/><F34/><W6/><G6/><T16/><D69/><AGARI ba="2,0" hai="13,18,22,39,43,46,63,65,69,76,80,86,93,95" machi="69" ten="30,2000,0" yaku="7,1,52,1" doraHai="72" who="1" fromWho="0" sc="294,-26,324,26,239,0,143,0" /><INIT seed="3,0,0,3,0,134" ten="268,350,239,143" oya="3" hai0="13,49,22,109,8,40,50,47,14,10,115,89,132" hai1="103,27,72,96,106,7,2,44,33,102,100,54,125" hai2="135,39,1,97,20,51,74,52,76,43,94,124,99" hai3="29,73,53,36,11,114,37,133,108,120,112,110,122"/><W107/><G29/><T61/><D109/><N who="3" m="42089" /><G53/><T127/><D132/><U92/><E72/><V129/><F135/><W111/><N who="3" m="42097" /><W15/><DORA hai="82" /><G133/><T117/><D117/><U4/><E2/><V42/><F1/><W57/><G57/><T5/><D61/><U56/><E44/><V116/><F129/><W30/><G30/><T71/><D115/><N who="3" m="44073" /><G73/><T60/><D71/><U130/><E54/><V93/><F74/><W105/><G15/><T16/><D60/><U78/><E56/><V21/><F52/><W86/><G86/><T31/><D31/><U63/><E63/><V9/><F116/><W98/><G98/><T25/><D14/><U26/><E96/><V35/><F97/><W83/><G83/><T48/><D13/><U128/><E130/><V95/><F99/><W90/><G11/><T66/><D10/><U87/><E128/><V126/><F9/><W12/><G12/><T19/><D8/><U131/><E87/><V88/><F94/><W77/><G77/><T55/><D55/><U18/><E78/><V121/><F76/><W45/><G90/><T118/><D89/><U85/><E92/><V75/><F88/><W81/><G81/><T62/><D62/><U80/><E85/><V58/><F75/><W46/><G46/><T84/><D47/><U70/><E80/><V0/><F58/><W113/><N who="3" m="44081" /><W17/><DORA hai="34" /><G17/><T24/><D16/><U69/><E18/><V32/><F95/><W104/><G45/><T23/><D19/><U68/><E68/><V101/><F93/><W65/><G65/><T3/><D66/><RYUUKYOKU ba="0,0" sc="268,-10,350,-10,239,-10,143,30" hai3="36,37,104,105,107,120,122" /><INIT seed="3,1,0,2,2,54" ten="258,340,229,173" oya="3" hai0="7,27,69,115,45,101,93,96,114,53,35,110,117" hai1="37,58,15,79,43,109,57,12,119,130,106,82,121" hai2="10,65,87,5,127,2,133,26,75,113,91,112,50" hai3="63,128,104,36,44,116,124,17,66,52,84,125,23"/><W13/><G116/><T46/><D117/><U22/><E106/><V85/><F75/><W56/><G104/><T6/><D69/><U111/><E121/><V102/><F127/><W28/><G128/><T134/><D110/><N who="1" m="41995" /><E119/><V40/><F133/><W68/><G28/><N who="0" m="19871" /><D46/><N who="1" m="23919" /><E130/><V131/><F102/><W19/><G19/><T70/><D70/><U78/><E78/><V41/><F131/><W14/><G14/><N who="1" m="5162" /><E22/><V89/><F113/><N who="0" m="43018" /><D134/><U86/><AGARI ba="1,0" hai="57,58,79,82,86" m="5162,23919,41995" machi="86" ten="30,4000,0" yaku="14,1,52,2" doraHai="54" who="1" fromWho="1" sc="258,-11,340,43,229,-11,173,-21" /><INIT seed="4,0,0,1,4,35" ten="247,383,218,152" oya="0" hai0="110,134,45,68,105,109,63,38,99,29,73,13,48" hai1="44,80,36,65,33,59,51,114,111,8,22,113,75" hai2="47,42,40,94,97,60,37,19,61,120,115,129,133" hai3="62,128,52,28,89,55,57,31,93,10,20,117,16"/><T24/><D73/><U101/><E33/><V86/><F120/><W17/><G128/><T18/><D134/><U121/><E121/><V7/><F129/><W6/><G117/><T23/><D38/><U77/><E111/><V112/><F133/><W3/><G55/><T54/><D105/><U50/><E101/><V9/><F42/><W108/><G108/><N who="0" m="41579" /><D99/><U53/><E22/><V5/><F19/><W15/><G17/><T81/><D81/><U100/><E100/><V49/><F86/><AGARI ba="0,0" hai="3,6,10,15,16,20,28,31,52,57,62,86,89,93" machi="86" ten="30,7700,0" yaku="7,1,52,1,54,2" doraHai="35" who="3" fromWho="2" sc="247,0,383,0,218,-77,152,77" /><INIT seed="5,0,0,4,3,109" ten="247,383,141,229" oya="1" hai0="119,57,31,104,51,38,117,96,95,9,39,98,79" hai1="2,101,131,125,115,93,50,41,116,44,40,22,83" hai2="43,45,87,126,88,108,127,54,134,21,69,63,65" hai3="76,110,42,106,133,13,91,14,29,1,5,120,99"/><U11/><E116/><V37/><F108/><W70/><G120/><T4/><D104/><U122/><E122/><V68/><F134/><W6/><G70/><T77/><D31/><U19/><E125/><V121/><F121/><W71/><G71/><T123/><D123/><U67/><E67/><V102/><F102/><W85/><G29/><T107/><D107/><U49/><E131/><V46/><F21/><W128/><G128/><T59/><D51/><U34/><E34/><V118/><F118/><W82/><G1/><T12/><D95/><U66/><E66/><V80/><F69/><W92/><G42/><T8/><D12/><U94/><E83/><V7/><F7/><AGARI ba="0,0" hai="4,7,8,9,38,39,57,59,77,79,96,98,117,119" machi="7" ten="25,1600,0" yaku="22,2" doraHai="109" who="0" fromWho="2" sc="247,16,383,0,141,-16,229,0" /><INIT seed="6,0,0,2,5,51" ten="263,383,125,229" oya="2" hai0="43,42,21,135,128,36,104,47,57,75,46,134,95" hai1="55,94,72,11,10,88,78,0,5,19,117,100,9" hai2="14,8,18,30,113,27,122,44,45,48,63,83,1" hai3="67,97,115,103,59,29,37,79,69,101,23,4,65"/><V70/><F113/><W129/><G129/><T90/><D104/><U53/><E100/><V25/><F122/><W131/><G131/><T68/><D75/><U77/><E117/><V13/><F1/><W110/><G110/><T81/><D81/><U56/><E72/><V12/><F45/><W49/><G37/><T130/><D21/><U54/><E56/><V39/><F39/><W93/><G69/><T119/><D68/><U60/><E60/><V76/><F63/><W80/><G103/><T50/><D119/><U22/><E5/><V98/><F98/><W66/><G4/><T58/><D90/><U114/><E0/><V105/><F105/><W17/><G29/><T109/><D95/><U40/><E40/><V35/><F27/><W16/><G23/><T120/><D120/><U96/><E114/><V6/><F70/><W133/><G133/><N who="0" m="50699" /><D109/><U52/><N who="1" m="13312" /><DORA hai="118" /><U121/><E121/><V124/><F124/><W107/><G107/><T132/><D132/><U26/><AGARI ba="0,0" hai="9,10,11,19,22,26,77,78,88,94,96" m="13312" machi="26" ten="50,16000,3" yaku="0,1,8,1,52,4,54,2" doraHai="51,118" who="1" fromWho="1" sc="263,-40,383,160,125,-80,229,-40" /><INIT seed="7,0,0,5,0,1" ten="223,543,45,189" oya="3" hai0="12,124,131,37,59,46,134,105,110,52,103,121,72" hai1="2,58,50,70,18,135,29,61,63,43,48,51,116" hai2="132,118,88,123,21,47,56,32,113,108,128,95,17" hai3="35,74,45,73,86,8,119,126,5,80,93,66,14"/><W76/><G119/><T87/><D72/><U6/><E135/><V62/><F108/><W60/><G126/><T7/><D110/><U54/><E116/><V34/><F118/><W25/><G93/><T102/><D121/><U15/><E29/><V111/><F111/><W27/><G35/><T122/><D105/><U79/><E79/><V22/><F132/><W11/><G11/><T96/><D122/><U36/><E6/><V41/><F123/><W75/><REACH who="3" step="1"/><G45/><REACH who="3" ten="223,543,45,179" step="2"/><T114/><D46/><N who="1" m="23911" /><E2/><V112/><F128/><W81/><G81/><T65/><D124/><U57/><E63/><V67/><F34/><W127/><G127/><T94/><D94/><U9/><E58/><AGARI ba="0,1" hai="5,8,14,25,27,58,60,66,73,74,75,76,80,86" machi="58" ten="40,3900,0" yaku="1,1,52,1,53,0" doraHai="1" doraHaiUra="133" who="3" fromWho="1" sc="223,0,543,-39,45,0,179,49" /><INIT seed="7,1,0,5,4,87" ten="223,504,45,228" oya="3" hai0="42,36,38,48,41,98,112,121,13,14,19,117,122" hai1="80,0,55,23,129,126,54,71,127,124,110,125,11" hai2="3,94,30,26,135,74,96,1,81,107,130,79,95" hai3="134,60,51,44,108,45,114,65,32,105,93,24,37"/><W131/><G114/><T34/><D34/><U21/><E110/><V85/><F3/><W50/><G105/><T46/><D117/><U40/><E129/><V33/><F1/><W2/><G2/><T5/><D112/><U101/><E127/><V63/><F130/><W91/><G131/><T100/><D5/><N who="1" m="1447" /><E71/><V102/><F135/><W10/><G10/><T7/><D7/><U84/><E101/><V6/><F6/><W17/><G134/><T47/><D48/><U8/><E40/><V43/><F43/><W68/><G108/><T29/><D29/><U15/><E21/><V64/><F85/><W116/><G32/><T106/><D14/><U103/><E103/><V119/><F119/><W90/><G116/><T28/><D28/><U82/><E82/><V16/><F94/><W18/><G37/><T113/><D113/><U56/><E56/><V49/><F49/><W61/><G68/><T115/><D115/><U83/><E83/><V70/><F95/><W57/><G57/><T22/><AGARI ba="1,0" hai="13,19,22,36,38,41,42,46,47,98,100,106,121,122" machi="22" ten="20,2700,0" yaku="0,1,7,1,9,1" doraHai="87" who="0" fromWho="0" sc="223,30,504,-8,45,-8,228,-14" owari="253,5.0,496,60.0,37,-46.0,214,-19.0" /></mjloggm>