<mjloggm ver="2.3"><GO type="185" lobby="0"/><UN n0="%E3%83%8F%E3%83%94%E3%83%AA%E3%83%83%E3%83%88" n1="%E3%81%84%E3%81%AA%E3%81%97%E3%82%93%E3%80%82" n2="%50%42%33%2D%50" n3="" dan="16,16,16,0" rate="2149.22,2232.29,2218.34,1500.00" sx="M,M,M,C"/><TAIKYOKU oya="0"/><INIT seed="0,0,0,5,3,77" ten="350,350,350,0" oya="0" hai0="96,110,52,72,89,32,122,50,101,84,75,90,55" hai1="109,104,82,95,42,47,65,86,83,48,59,128,108" hai2="100,2,54,38,60,74,58,51,1,92,125,85,66" hai3=""/><T41/><N who="0" m="31264" /><T53/><D32/><U44/><E104/><V127/><F74/><T97/><D110/><N who="1" m="42603" /><E128/><V35/><F38/><T71/><D71/><U114/><E114/><V56/><F35/><T132/><D132/><U45/><E95/><V73/><F73/><T126/><D126/><N who="2" m="48138" /><F100/><T63/><D63/><U68/><E68/><V0/><F92/><T36/><D36/><U133/><E133/><V117/><F85/><T37/><D37/><U98/><E98/><V88/><F88/><T135/><D89/><U80/><E86/><V61/><F61/><AGARI ba="0,0" hai="42,44,45,47,48,59,61,65,80,82,83" m="42603" machi="61" ten="30,7700,0" yaku="14,1,52,3" doraHai="77" who="1" fromWho="2" sc="350,0,350,77,350,-77,0,0" /><INIT seed="1,0,0,5,2,94" ten="350,427,273,0" oya="1" hai0="86,110,81,101,121,68,109,107,59,41,76,113,62" hai1="33,0,64,72,82,44,131,45,39,78,74,87,108" hai2="132,100,1,50,42,84,117,135,47,35,38,32,127" hai3=""/><U90/><E0/><V75/><F1/><T105/><N who="0" m="31008" /><T97/><D113/><U98/><E33/><V58/><F75/><T116/><D116/><U112/><E112/><V63/><F117/><T91/><D68/><U118/><E118/><V49/><F100/><T36/><D105/><U56/><E131/><V52/><F84/><T69/><D69/><U89/><E108/><N who="0" m="41577" /><D41/><U124/><E124/><V88/><F88/><T51/><D51/><N who="2" m="19466" /><F35/><T40/><D40/><U71/><E71/><V83/><F83/><T119/><D36/><U92/><E39/><V114/><F32/><T129/><D129/><U3/><E3/><V134/><F114/><T125/><D125/><AGARI ba="0,0" hai="38,42,47,52,58,63,125,127,132,134,135" m="19466" machi="125" ten="40,8000,1" yaku="20,1,34,2,54,1" doraHai="94" who="2" fromWho="0" sc="350,-80,427,0,273,80,0,0" /><INIT seed="2,0,0,4,5,55" ten="270,427,353,0" oya="2" hai0="3,42,84,37,44,66,82,127,59,114,91,107,74" hai1="62,61,130,0,94,73,98,96,64,108,85,53,111" hai2="35,97,48,110,71,77,104,57,128,38,113,100,131" hai3=""/><V81/><F35/><T54/><D3/><U39/><E0/><V133/><F38/><T36/><D107/><U90/><E73/><V119/><F119/><T1/><D1/><U76/><E39/><V80/><F113/><T103/><D114/><U105/><E130/><N who="2" m="49707" /><F71/><T132/><D132/><U125/><E125/><V67/><F133/><T65/><D127/><U49/><E76/><V72/><F110/><N who="1" m="42025" /><E105/><V45/><F81/><T78/><D103/><U60/><E64/><V46/><F48/><T124/><D124/><U92/><E94/><V41/><F41/><T33/><D33/><U123/><N who="1" m="31520" /><U102/><E102/><V89/><F89/><T117/><D117/><U51/><E51/><V32/><F32/><T116/><D116/><U69/><E69/><V63/><AGARI ba="0,0" hai="45,46,57,63,67,72,77,80,97,100,104" m="49707" machi="63" ten="30,2000,0" yaku="19,1,52,1" doraHai="55" who="2" fromWho="2" sc="270,-10,427,-10,353,20,0,0" /><INIT seed="2,1,0,2,2,97" ten="260,417,373,0" oya="2" hai0="35,91,81,71,41,85,105,98,74,62,114,32,0" hai1="125,69,77,113,96,122,51,47,66,1,100,110,53" hai2="84,127,93,39,88,2,44,79,42,37,61,50,43" hai3=""/><V99/><F2/><T133/><D0/><U45/><N who="1" m="31264" /><U134/><E1/><V72/><F127/><T115/><D133/><U55/><E113/><V40/><F72/><T80/><D41/><U89/><E134/><V118/><F118/><T68/><D32/><U58/><E125/><V83/><REACH who="2" step="1"/><F61/><REACH who="2" ten="260,417,363,0" step="2"/><T54/><D35/><U121/><E121/><V49/><F49/><T67/><D74/><U102/><E51/><V111/><F111/><T86/><D115/><U119/><E110/><V124/><F124/><T123/><N who="0" m="31520" /><T73/><D114/><U78/><E119/><V109/><F109/><T116/><D73/><U128/><E128/><V48/><F48/><T101/><D116/><U70/><E70/><V34/><F34/><T87/><D71/><U38/><E69/><V120/><N who="2" m="30752" /><V129/><F129/><T63/><D62/><U108/><E108/><V36/><AGARI ba="1,1" hai="36,37,39,40,42,43,44,50,79,83,84,88,93,99" m="30752" machi="36" ten="30,7800,0" yaku="1,1,0,1,52,1,54,1,53,0" doraHai="97" doraHaiUra="135" who="2" fromWho="2" sc="260,-40,417,-40,363,90,0,0" /><INIT seed="2,2,0,5,0,69" ten="220,377,453,0" oya="2" hai0="121,110,53,37,60,64,101,118,126,123,55,3,56" hai1="1,125,68,132,131,93,44,88,46,42,115,95,78" hai2="117,105,96,124,106,79,47,102,57,0,86,127,52" hai3=""/><V82/><F0/><T75/><N who="0" m="31008" /><T72/><N who="0" m="31520" /><T119/><D3/><U67/><E1/><V65/><F117/><T63/><D110/><U73/><E115/><V71/><F71/><T83/><D101/><U70/><E132/><V36/><F105/><T76/><D126/><N who="2" m="48170" /><F65/><T107/><D107/><U49/><E125/><V92/><F106/><T59/><D75/><U87/><E131/><V74/><F74/><T111/><D111/><U103/><E67/><V51/><F36/><T99/><D99/><U94/><E68/><V35/><F47/><T54/><REACH who="0" step="1"/><D37/><REACH who="0" ten="210,377,453,0" step="2"/><U100/><E100/><V116/><F116/><AGARI ba="2,1" hai="53,54,55,56,59,60,63,64,72,76,83,116,118,119" m="31520,31008" machi="116" ten="40,8000,1" yaku="1,1,2,1,52,2,53,0" doraHai="69" doraHaiUra="38" who="0" fromWho="2" sc="210,94,377,0,453,-84,0,0" /><INIT seed="4,0,0,4,3,121" ten="304,377,369,0" oya="0" hai0="51,53,116,44,65,115,87,59,77,128,113,66,88" hai1="60,42,32,38,130,79,101,76,78,37,2,75,45" hai2="73,43,71,93,131,109,41,92,104,91,33,49,129" hai3=""/><T81/><D116/><U64/><E2/><V103/><F71/><T118/><D118/><U126/><E32/><V58/><F73/><T62/><D128/><N who="2" m="49226" /><F109/><T123/><N who="0" m="31520" /><T108/><D108/><U34/><E34/><V67/><F33/><T52/><REACH who="0" step="1"/><D77/><REACH who="0" ten="294,377,369,0" step="2"/><U63/><E79/><V80/><F91/><T99/><D99/><U127/><E78/><V110/><F103/><T72/><D72/><U125/><E101/><V54/><F110/><T122/><N who="0" m="31264" /><T86/><D86/><U56/><E76/><V69/><F104/><T134/><D134/><U90/><E75/><V132/><F132/><T40/><D40/><U57/><E90/><V102/><F102/><T114/><AGARI ba="0,1" hai="44,51,52,53,59,62,65,66,81,87,88,113,114,115" m="31264,31520" machi="114" ten="30,16000,3" yaku="1,1,0,1,15,1,52,2,54,2,53,2" doraHai="121" doraHaiUra="48" who="0" fromWho="0" sc="294,170,377,-80,369,-80,0,0" /><INIT seed="4,1,0,2,1,70" ten="464,297,289,0" oya="0" hai0="87,0,112,79,32,124,110,51,74,83,95,76,133" hai1="125,96,57,48,33,46,119,38,41,34,1,91,54" hai2="67,99,116,53,64,115,114,86,73,108,127,52,134" hai3=""/><T61/><D0/><U122/><N who="1" m="31264" /><U97/><E119/><V62/><F116/><T85/><D32/><U128/><E1/><V44/><F73/><T84/><D110/><U59/><E128/><V104/><F108/><T72/><D112/><N who="2" m="43050" /><F134/><T132/><D51/><U121/><N who="1" m="31008" /><U126/><E59/><V3/><F3/><T68/><D68/><U129/><E129/><V89/><F127/><N who="1" m="48649" /><E91/><V88/><F44/><T49/><D49/><U36/><E36/><V2/><F2/><T103/><D124/><U135/><E135/><N who="0" m="51785" /><D61/><U117/><E117/><V35/><F35/><AGARI ba="1,0" hai="33,34,35,38,41,46,48,54,57,96,97" m="48649,31008,31264" machi="35" ten="30,7700,0" yaku="18,1,52,3" doraHai="70" who="1" fromWho="2" sc="464,0,297,79,289,-79,0,0" /><INIT seed="5,0,0,4,0,105" ten="464,376,210,0" oya="1" hai0="119,101,39,51,69,73,113,76,80,38,45,2,118" hai1="109,48,99,121,85,74,128,47,57,116,123,91,127" hai2="35,104,62,78,64,44,53,129,112,55,96,36,49" hai3=""/><U65/><N who="1" m="31008" /><U71/><N who="1" m="31520" /><U124/><E74/><V0/><F0/><T86/><D2/><U61/><E116/><N who="0" m="44585" /><D69/><U135/><E135/><V43/><F35/><T63/><D101/><U120/><N who="1" m="30752" /><U37/><E99/><V107/><F112/><T77/><D113/><U110/><E37/><N who="0" m="13833" /><D63/><U42/><E71/><V103/><F129/><T122/><N who="0" m="31264" /><T98/><D98/><U81/><E128/><V130/><F130/><T102/><D102/><U90/><E91/><V46/><F78/><T60/><D60/><U52/><E65/><V56/><REACH who="2" step="1"/><F107/><REACH who="2" ten="464,376,200,0" step="2"/><T75/><D77/><U133/><E133/><V111/><F111/><AGARI ba="0,1" hai="42,47,48,52,57,61,81,85,90,109,110,111,124,127" m="30752,31520,31008" machi="111" ten="40,12000,1" yaku="10,1,52,3,54,1" doraHai="105" who="1" fromWho="2" sc="464,0,376,130,200,-120,0,0" /><INIT seed="5,1,0,0,5,92" ten="464,506,80,0" oya="1" hai0="134,34,32,74,84,50,47,111,65,98,69,90,62" hai1="49,113,133,33,112,82,121,75,79,114,96,127,67" hai2="66,126,54,57,117,3,107,129,110,46,125,106,56" hai3=""/><U101/><N who="1" m="31008" /><U61/><E33/><V132/><F107/><T104/><D111/><U85/><E133/><V103/><F103/><T1/><D1/><U119/><E119/><V73/><F57/><T81/><D134/><U51/><E127/><V116/><F56/><T115/><D115/><U86/><E86/><V38/><F54/><T43/><REACH who="0" step="1"/><D74/><REACH who="0" ten="454,506,80,0" step="2"/><U123/><N who="1" m="31520" /><U42/><E75/><V99/><F117/><T48/><D48/><U41/><E49/><V89/><F126/><T40/><D40/><U53/><E51/><V0/><F0/><T58/><D58/><U44/><E44/><V35/><F46/><T94/><D94/><U124/><E124/><V59/><F59/><T91/><D91/><U36/><E36/><V64/><F89/><T102/><AGARI ba="1,1" hai="32,34,43,47,50,62,65,69,81,84,90,98,102,104" machi="102" ten="30,5900,0" yaku="1,1,0,1,52,1,53,1" doraHai="92" doraHaiUra="97" who="0" fromWho="0" sc="454,71,506,-40,80,-21,0,0" /><INIT seed="6,0,0,4,2,87" ten="525,466,59,0" oya="2" hai0="72,66,56,79,88,2,50,40,128,122,84,97,92" hai1="68,75,71,77,52,112,119,90,130,74,42,67,129" hai2="107,123,93,62,108,116,126,53,94,57,82,36,58" hai3=""/><V117/><N who="2" m="31520" /><V100/><F36/><T44/><N who="0" m="31264" /><T111/><D2/><U114/><E119/><V106/><F108/><T118/><D111/><U0/><E0/><V35/><F35/><T37/><D118/><U60/><E42/><V59/><F59/><T38/><D128/><N who="1" m="49259" /><E71/><V125/><F100/><T55/><D72/><U113/><E77/><V91/><F82/><T121/><N who="0" m="31008" /><T124/><D124/><U81/><E52/><V51/><F53/><T61/><D79/><U110/><E110/><V48/><REACH who="2" step="1"/><F62/><REACH who="2" ten="525,466,49,0" step="2"/><T127/><D127/><U65/><E65/><V3/><F3/><T85/><D37/><U73/><E81/><V32/><F32/><T135/><D135/><U132/><E132/><V103/><F103/><T41/><D41/><U43/><E43/><V69/><F69/><AGARI ba="0,1" hai="38,40,44,50,55,56,61,66,69,84,85,88,92,97" m="31008,31264" machi="69" ten="30,12000,2" yaku="7,1,24,2,52,3,54,1" doraHai="87" who="0" fromWho="2" sc="525,130,466,0,49,-120,0,0" owari="655,60.0,466,7.0,-71,-67.0,0,0.0" /></mjloggm>