<mjloggm ver="2.3"><GO type="185" lobby="0"/><UN n0="%E4%BD%90%E8%97%A4%E3%82%AB%E3%82%A4%E3%82%B8" n1="%E3%82%86%E3%82%88%E3%81%BD%E3%83%BC" n2="%E5%A4%A7%E5%92%8C%E6%A1%9C" n3="" dan="16,16,18,0" rate="2216.94,2141.11,2340.46,1500.00" sx="F,M,F,C"/><TAIKYOKU oya="0"/><INIT seed="0,0,0,3,0,46" ten="350,350,350,0" oya="0" hai0="50,134,135,108,42,41,70,123,102,94,1,64,96" hai1="85,131,105,82,88,71,45,111,39,125,34,61,75" hai2="55,133,38,130,99,98,49,74,44,92,117,95,68" hai3=""/><T3/><N who="0" m="31520" /><T89/><D108/><U107/><E34/><V35/><F35/><T106/><BYE who="1" /><D64/><U63/><E63/><V57/><F133/><N who="0" m="50698" /><D70/><UN n1="%E3%82%86%E3%82%88%E3%81%BD%E3%83%BC" /><U54/><E111/><V65/><F130/><T129/><D129/><U76/><E125/><V86/><F74/><T128/><D128/><U100/><E100/><V33/><F117/><T101/><D101/><U32/><E32/><V69/><F86/><T53/><D102/><U115/><E115/><V67/><F33/><T113/><D106/><U83/><E131/><V79/><F79/><T47/><D113/><U37/><E71/><V93/><F68/><T121/><N who="0" m="31008" /><T43/><AGARI ba="0,0" hai="1,3,41,42,43,47,50,53,89,94,96" m="31008,50698,31520" machi="43" ten="30,8000,1" yaku="4,1,20,1,52,3" doraHai="46" who="0" fromWho="0" sc="350,80,350,-40,350,-40,0,0" /><INIT seed="0,1,0,2,0,122" ten="430,310,310,0" oya="0" hai0="79,47,110,88,104,117,76,67,135,120,96,45,40" hai1="58,128,82,134,116,113,109,57,73,97,129,35,69" hai2="77,48,1,111,92,86,49,123,118,90,80,114,102" hai3=""/><T75/><N who="0" m="30752" /><T85/><D117/><U3/><E3/><V51/><N who="2" m="31520" /><V33/><F1/><T124/><D124/><U112/><E35/><V91/><F33/><T103/><D135/><U43/><E116/><V74/><F118/><T55/><D75/><U78/><E134/><V38/><F38/><T46/><D67/><U98/><E43/><V119/><F119/><T41/><D55/><U53/><E69/><V87/><F102/><T32/><D32/><U83/><E53/><V100/><F100/><T50/><D110/><U115/><E109/><V66/><F66/><T108/><D108/><U101/><E83/><V52/><F114/><T34/><D34/><U37/><E37/><V61/><F61/><T94/><D47/><U42/><E42/><V126/><F126/><T71/><D71/><U0/><E98/><V105/><F105/><T56/><D56/><N who="1" m="21611" /><E0/><V121/><N who="2" m="31008" /><V93/><F111/><T65/><D65/><U125/><E125/><V89/><REACH who="2" step="1"/><F52/><REACH who="2" ten="430,310,300,0" step="2"/><T95/><D104/><AGARI ba="1,1" hai="73,78,82,97,101,104,112,113,115,128,129" m="21611" machi="104" ten="40,1300,0" yaku="11,1" doraHai="122" who="1" fromWho="0" sc="430,-15,310,25,300,0,0,0" /><INIT seed="1,0,0,5,2,103" ten="415,335,300,0" oya="1" hai0="58,52,37,60,95,64,72,83,87,0,115,42,67" hai1="82,69,114,102,38,105,34,65,104,135,125,74,122" hai2="32,57,109,77,124,123,36,112,80,111,55,84,3" hai3=""/><U91/><RYUUKYOKU type="yao9" ba="0,0" sc="415,0,335,0,300,0,0,0" hai1="34,38,65,69,74,82,91,102,104,105,114,122,125,135" /><INIT seed="1,1,0,0,0,107" ten="415,335,300,0" oya="1" hai0="110,64,35,118,63,58,77,49,46,93,53,47,94" hai1="41,92,128,37,61,109,69,75,62,126,32,98,70" hai2="48,120,131,80,134,103,67,54,95,91,122,105,127" hai3=""/><U73/><E32/><V112/><N who="2" m="30752" /><V113/><N who="2" m="31264" /><V81/><F134/><T106/><D35/><U132/><E132/><V71/><F127/><T123/><N who="0" m="31520" /><T38/><D110/><U34/><E34/><V55/><F131/><T119/><D106/><U78/><E126/><V50/><F105/><T60/><D77/><U3/><E3/><V76/><F103/><T40/><D94/><U102/><E128/><V2/><F2/><T65/><REACH who="0" step="1"/><D93/><REACH who="0" ten="405,335,300,0" step="2"/><U108/><E78/><V1/><F1/><T74/><D74/><U39/><E109/><V88/><F95/><T59/><AGARI ba="1,1" hai="38,40,46,47,49,53,58,59,60,63,64,65,118,119" m="31520" machi="59" ten="30,12000,3" yaku="1,1,0,1,9,1,34,3,52,1,53,2" doraHai="107" doraHaiUra="56" who="0" fromWho="0" sc="405,132,335,-81,300,-41,0,0" /><INIT seed="2,0,0,4,5,58" ten="537,254,259,0" oya="2" hai0="115,56,124,109,117,132,82,40,32,66,51,57,118" hai1="98,106,103,34,85,111,65,126,68,74,36,120,100" hai2="76,101,61,35,52,134,121,67,135,72,84,86,112" hai3=""/><V91/><N who="2" m="31008" /><V133/><F112/><T33/><D109/><U78/><N who="1" m="30752" /><U42/><E34/><V0/><F35/><T122/><N who="0" m="31264" /><T131/><D82/><U89/><E111/><V128/><F0/><T108/><D108/><U55/><E100/><V99/><F128/><T71/><D131/><U60/><E126/><V83/><F91/><T116/><D32/><U38/><E42/><V110/><F110/><T79/><D79/><U92/><E55/><V47/><F47/><T3/><D3/><U69/><E69/><V44/><F44/><T49/><D33/><U97/><E97/><V39/><F39/><T87/><D87/><U102/><E102/><V93/><REACH who="2" step="1"/><F52/><REACH who="2" ten="537,254,249,0" step="2"/><T62/><D115/><U77/><REACH who="1" step="1"/><E77/><REACH who="1" ten="537,244,249,0" step="2"/><V96/><F96/><T107/><D117/><U88/><E88/><V130/><F130/><T114/><D118/><U73/><E73/><V63/><F63/><T70/><D116/><U105/><E105/><V54/><F54/><T81/><D107/><U127/><E127/><V95/><F95/><T59/><D62/><U41/><E41/><V1/><F1/><T45/><D124/><U113/><E113/><V46/><F46/><T90/><D40/><U75/><E75/><V43/><F43/><RYUUKYOKU ba="0,2" sc="537,-20,244,10,249,10,0,0" hai1="36,38,60,65,68,74,78,85,89,92,98,103,106" hai2="61,67,72,76,83,84,86,93,99,101,133,134,135" /><INIT seed="2,1,2,3,2,36" ten="517,254,259,0" oya="2" hai0="97,1,32,3,129,46,64,60,83,118,98,63,54" hai1="35,62,87,56,40,135,85,130,51,41,126,117,34" hai2="44,78,119,73,111,127,96,108,109,33,70,79,104" hai3=""/><V124/><F33/><T122/><N who="0" m="31264" /><T128/><D118/><U39/><E117/><V45/><F119/><T90/><D32/><U93/><E39/><V43/><F70/><T0/><D83/><U116/><E116/><V69/><F69/><T57/><D90/><U115/><E115/><V72/><F96/><T121/><N who="0" m="31008" /><T61/><D46/><N who="2" m="18026" /><F43/><N who="1" m="16457" /><E35/><V71/><F71/><T94/><D64/><U114/><E114/><V65/><F65/><T47/><D47/><U106/><E106/><V49/><F49/><T99/><REACH who="0" step="1"/><D94/><REACH who="0" ten="507,254,259,0" step="2"/><U84/><E34/><V81/><F104/><T92/><D92/><U133/><E93/><V48/><F48/><AGARI ba="1,3" hai="0,1,3,48,54,57,60,61,63,97,98,99,128,129" m="31008,31264" machi="48" ten="50,8000,1" yaku="1,1,29,2,52,2,53,0" doraHai="36" doraHaiUra="100" who="0" fromWho="2" sc="507,112,254,0,259,-82,0,0" /><INIT seed="4,0,0,2,5,101" ten="619,254,177,0" oya="0" hai0="56,3,87,115,67,82,129,43,72,36,57,103,120" hai1="133,114,93,75,106,81,70,69,113,131,100,116,86" hai2="51,47,119,83,46,79,35,73,128,127,66,53,55" hai3=""/><T39/><N who="0" m="30752" /><T105/><D3/><U108/><E108/><V1/><F1/><T37/><D72/><U58/><E116/><V130/><F35/><T32/><D32/><U2/><E2/><V135/><F119/><T62/><D115/><N who="1" m="44043" /><E131/><V34/><F34/><T98/><D129/><U132/><E75/><V74/><F135/><N who="1" m="51785" /><E93/><V94/><F127/><T102/><D102/><U78/><E58/><V112/><F112/><T68/><REACH who="0" step="1"/><D43/><REACH who="0" ten="609,254,177,0" step="2"/><U50/><E50/><V121/><F73/><T109/><D109/><U118/><E118/><V123/><F130/><T84/><D84/><U49/><E49/><V54/><F128/><T60/><D60/><U45/><E45/><V64/><F46/><T77/><AGARI ba="0,1" hai="36,37,39,56,57,62,67,68,77,82,87,98,103,105" m="30752" machi="77" ten="30,8000,1" yaku="1,1,0,1,52,2,53,1" doraHai="101" doraHaiUra="95" who="0" fromWho="0" sc="609,90,254,-40,177,-40,0,0" /><INIT seed="4,1,0,0,0,32" ten="699,214,137,0" oya="0" hai0="128,133,92,121,91,122,44,77,52,67,48,95,40" hai1="49,70,66,86,69,79,98,110,127,46,106,73,61" hai2="63,101,35,50,56,60,75,51,112,3,87,90,97" hai3=""/><T47/><N who="0" m="31008" /><T105/><N who="0" m="31264" /><T124/><D133/><U1/><E110/><V93/><F35/><T94/><D128/><U80/><E127/><V34/><F34/><T116/><D124/><U81/><E70/><V64/><F112/><T72/><D116/><U83/><E106/><V42/><F75/><T53/><D105/><U0/><E98/><V57/><F42/><T88/><D67/><U37/><E83/><V45/><F45/><T59/><D77/><U114/><E37/><V123/><N who="2" m="31520" /><V58/><F3/><T96/><D72/><U65/><E65/><V55/><REACH who="2" step="1"/><F58/><REACH who="2" ten="699,214,127,0" step="2"/><T84/><D59/><U54/><REACH who="1" step="1"/><E114/><REACH who="1" ten="699,204,127,0" step="2"/><V85/><F85/><T103/><D47/><U39/><E39/><V113/><F113/><T100/><D100/><U132/><E132/><V74/><F74/><T102/><D102/><U120/><N who="1" m="30752" /><U33/><E33/><V62/><F62/><T43/><D103/><U108/><E108/><V89/><F89/><AGARI ba="1,2" hai="0,1,46,49,54,61,66,69,73,79,80,81,86,89" m="30752" machi="89" ten="30,8000,1" yaku="1,1,7,1,52,3,53,0" doraHai="32" doraHaiUra="131" who="1" fromWho="2" sc="699,0,204,102,127,-82,0,0" /><INIT seed="5,0,0,5,5,104" ten="699,306,45,0" oya="1" hai0="57,38,2,91,125,132,128,105,32,134,113,64,102" hai1="99,3,74,83,118,117,85,123,93,110,72,108,107" hai2="92,120,0,39,62,116,109,44,96,61,87,45,37" hai3=""/><U76/><N who="1" m="31520" /><U47/><E3/><V1/><N who="2" m="30752" /><V70/><F109/><N who="1" m="42089" /><E107/><V77/><F116/><N who="1" m="44649" /><E47/><V81/><F45/><T115/><D2/><U42/><E42/><V130/><F130/><T60/><D128/><U121/><N who="1" m="31008" /><U84/><E84/><V97/><F97/><T55/><D32/><U46/><E46/><V51/><F1/><T33/><D33/><U35/><E35/><V56/><F0/><T80/><D105/><U124/><E124/><V106/><F106/><T90/><D125/><U135/><E135/><V40/><F70/><T65/><D134/><U89/><AGARI ba="0,0" hai="72,74,76,83,85,89,93,99" m="31008,44649,42089,31520" machi="89" ten="30,12000,2" yaku="10,1,34,2,52,4" doraHai="104" who="1" fromWho="1" sc="699,-60,306,120,45,-60,0,0" owari="639,59.0,426,3.0,-15,-62.0,0,0.0" /></mjloggm>