<mjloggm ver="2.3"><GO type="225" lobby="0"/><UN n0="%E8%97%81%E3%83%AF%E3%83%A9%E7%AC%91%77%72%77%72" n1="%E6%80%AA%E3%81%97%E3%81%99%E3%81%8E%E3%82%8B%E3%83%81%E3%83%BC" n2="%50%49%58%49" n3="%E3%81%84%E3%81%A1%E3%81%9E%E3%81%86" dan="17,16,16,17" rate="2229.90,2103.18,2185.00,2109.91" sx="M,M,F,M"/><TAIKYOKU oya="0"/><INIT seed="0,0,0,4,5,24" ten="250,250,250,250" oya="0" hai0="63,130,100,132,11,0,48,117,84,115,95,22,55" hai1="67,101,29,113,112,60,4,89,83,57,65,91,105" hai2="128,110,37,3,90,32,18,41,107,46,14,114,123" hai3="12,47,125,70,79,82,104,77,118,131,134,34,92"/><T27/><D115/><N who="1" m="44107" /><E4/><V81/><F3/><W73/><G118/><T99/><D117/><U53/><E29/><V103/><F114/><W96/><G70/><T35/><D130/><U80/><E101/><V33/><F110/><W42/><G125/><T71/><D132/><U43/><E43/><V87/><F123/><W75/><G134/><T51/><D35/><U21/><E21/><V30/><F128/><W94/><G34/><T19/><D84/><N who="1" m="50311" /><E105/><V40/><F40/><W116/><G12/><T26/><D26/><U127/><E127/><V86/><F86/><AGARI ba="0,0" hai="53,57,60,65,67,83,86,91" m="50311,44107" machi="86" ten="30,1000,0" yaku="11,1" doraHai="24" who="1" fromWho="2" sc="250,0,250,10,250,-10,250,0" /><INIT seed="1,0,0,2,4,2" ten="250,260,240,250" oya="1" hai0="113,43,86,126,34,85,96,108,48,88,25,29,124" hai1="125,17,127,119,18,56,104,92,105,100,112,98,102" hai2="30,24,15,19,37,83,95,57,132,89,128,120,70" hai3="54,121,81,69,9,38,6,110,26,12,27,78,117"/><U35/><E119/><V59/><F70/><W94/><G121/><T20/><D113/><U63/><E112/><V84/><F120/><W75/><G110/><T115/><D115/><U114/><E114/><V51/><F128/><W49/><G38/><T53/><D43/><U3/><E3/><V77/><F37/><W79/><G117/><T64/><D64/><N who="1" m="39015" /><E35/><V1/><F1/><W28/><G69/><T47/><D108/><U72/><E72/><V40/><F132/><W7/><G78/><T116/><D116/><U66/><E66/><V80/><F80/><W74/><G74/><T99/><D86/><U129/><E129/><V65/><F65/><W62/><G62/><T50/><D50/><U39/><E39/><V82/><F82/><W61/><G61/><T131/><D34/><U58/><E58/><V31/><F24/><W33/><G94/><N who="0" m="54543" /><D131/><U118/><E118/><V68/><F68/><W135/><G135/><T45/><D45/><U10/><E102/><V133/><F133/><W134/><G134/><T76/><D76/><U13/><E18/><V8/><F59/><W107/><G107/><T67/><D67/><U22/><E10/><V91/><F77/><W106/><G106/><T23/><D23/><U5/><E5/><V123/><F123/><W97/><G7/><T16/><D29/><U103/><E103/><V52/><F40/><W44/><G26/><T55/><D55/><U87/><E105/><V60/><F60/><W11/><G9/><T4/><D4/><U101/><E101/><V36/><F36/><W109/><G109/><T90/><D90/><AGARI ba="0,0" hai="13,17,22,87,90,92,98,100,104,125,127" m="39015" machi="90" ten="30,1500,0" yaku="6,1" doraHai="2" who="1" fromWho="0" sc="250,-15,260,15,240,0,250,0" /><INIT seed="1,1,0,5,5,125" ten="235,275,240,250" oya="1" hai0="93,52,92,25,31,97,64,121,80,111,134,120,57" hai1="116,20,117,43,10,124,70,88,41,95,115,66,56" hai2="6,72,1,128,49,3,90,77,126,14,135,74,30" hai3="18,55,114,24,15,104,33,51,68,67,42,101,89"/><U108/><E115/><V12/><F126/><W28/><G114/><T99/><D111/><U45/><E124/><V100/><F100/><W76/><G76/><T35/><D64/><U130/><E130/><V96/><F30/><W78/><G78/><T73/><D134/><U19/><E70/><V127/><F127/><W110/><G110/><T27/><D80/><U38/><E41/><V129/><F135/><W132/><G42/><T21/><D73/><N who="2" m="28266" /><F77/><W9/><G89/><T122/><D93/><U105/><E105/><V37/><F49/><W87/><G87/><T62/><REACH who="0" step="1"/><D92/><REACH who="0" ten="225,275,240,250" step="2"/><U63/><E108/><V8/><F37/><W113/><G67/><T5/><D5/><U23/><E116/><V7/><F6/><W32/><G132/><T131/><D131/><N who="2" m="50250" /><F3/><W46/><G113/><T91/><D91/><U79/><E79/><V112/><F112/><W54/><G104/><T40/><D40/><U34/><E117/><V22/><F22/><W84/><G32/><T29/><AGARI ba="1,1" hai="21,25,27,29,31,35,52,57,62,97,99,120,121,122" machi="29" ten="40,8000,1" yaku="1,1,0,1,13,1,54,1,53,1" doraHai="125" doraHaiUra="53" who="0" fromWho="0" sc="225,93,275,-41,240,-21,250,-21" /><INIT seed="2,0,0,2,4,47" ten="318,234,219,229" oya="2" hai0="31,77,85,23,102,0,116,50,93,72,97,134,90" hai1="63,125,45,76,18,118,4,133,67,54,89,105,109" hai2="62,37,121,66,46,36,61,73,82,19,33,71,123" hai3="13,58,26,40,104,64,59,6,126,129,30,17,92"/><V80/><F33/><W135/><G104/><T69/><D0/><U5/><E118/><V65/><F19/><W86/><G135/><T88/><D69/><U127/><E105/><V25/><F25/><W49/><G129/><T96/><D134/><U124/><E109/><V34/><F34/><W87/><G126/><T131/><D131/><U60/><E133/><V100/><F100/><W8/><G6/><T1/><D1/><U7/><E76/><V3/><F3/><W101/><G101/><T110/><D110/><U15/><E89/><V52/><F73/><W83/><G92/><N who="0" m="58631" /><D72/><U114/><E67/><V14/><F14/><W78/><G86/><T75/><D75/><U120/><E114/><V132/><F132/><W122/><G64/><T113/><D113/><U79/><E79/><V39/><F82/><W16/><G17/><T35/><D35/><U70/><E70/><N who="2" m="42287" /><F80/><W95/><G95/><N who="0" m="54671" /><D116/><U28/><E120/><V51/><AGARI ba="0,0" hai="36,37,39,46,51,52,62,66,71,121,123" m="42287" machi="51" ten="40,12000,1" yaku="34,2,52,1,54,1" doraHai="47" who="2" fromWho="2" sc="318,-40,234,-40,219,120,229,-40" /><INIT seed="2,1,0,4,5,103" ten="278,194,339,189" oya="2" hai0="20,38,99,69,126,116,85,72,71,77,89,80,125" hai1="115,134,45,102,42,70,64,118,51,1,47,14,109" hai2="67,79,132,21,19,130,121,111,15,107,9,10,90" hai3="29,27,101,129,35,11,93,108,22,18,68,120,104"/><V12/><F121/><W74/><G120/><T36/><D20/><U63/><E1/><V39/><F39/><W62/><G74/><T17/><D17/><U100/><E115/><V110/><F79/><W8/><G108/><N who="2" m="41513" /><F67/><W81/><G93/><N who="0" m="56751" /><D36/><U13/><E109/><V26/><F90/><W127/><G81/><N who="0" m="45223" /><D38/><U114/><E134/><V52/><F132/><W48/><G48/><T32/><D32/><U75/><E118/><V128/><F52/><W56/><G129/><N who="2" m="49769" /><F107/><W16/><G68/><T133/><D133/><U92/><E75/><V46/><F46/><W119/><G104/><T76/><D69/><U54/><E114/><V40/><F40/><W59/><G119/><T123/><D71/><U105/><E100/><V135/><F135/><W41/><G101/><T112/><D112/><U73/><E73/><V87/><F87/><W98/><G41/><T124/><D123/><U24/><E105/><V88/><F88/><W3/><G59/><T49/><D49/><U58/><E45/><V117/><F117/><AGARI ba="1,0" hai="76,80,85,116,117,124,125,126" m="45223,56751" machi="117" ten="40,5200,0" yaku="18,1,34,2" doraHai="103" who="0" fromWho="2" sc="278,55,194,0,339,-55,189,0" /><INIT seed="3,0,0,2,5,129" ten="333,194,284,189" oya="3" hai0="91,50,19,38,84,41,103,118,1,79,58,101,29" hai1="110,32,120,93,18,48,106,125,31,119,74,35,102" hai2="27,61,127,95,28,51,89,68,109,72,131,67,105" hai3="117,25,115,26,81,16,44,54,52,33,98,55,46"/><W69/><G115/><T75/><D1/><U47/><E120/><V73/><F131/><W88/><G117/><T63/><D38/><U112/><E112/><V23/><F109/><W13/><G69/><T64/><D118/><U10/><E110/><V70/><F127/><W92/><G81/><N who="0" m="47167" /><D75/><U77/><E125/><V56/><F105/><W8/><G33/><T36/><D36/><U107/><E119/><V135/><F135/><W39/><G39/><T66/><D66/><U34/><E31/><V2/><F2/><W11/><G11/><T12/><D29/><U99/><E77/><V65/><F51/><W123/><G123/><T60/><D60/><U22/><E10/><V30/><F30/><W49/><G44/><N who="0" m="25871" /><D91/><U9/><E74/><V116/><F116/><W104/><G104/><T78/><D78/><U71/><E71/><V0/><F0/><W90/><G90/><T94/><D94/><U124/><E124/><V121/><F121/><W42/><AGARI ba="0,0" hai="8,13,16,25,26,42,46,49,52,54,55,88,92,98" machi="42" ten="30,12000,1" yaku="0,1,8,1,54,3" doraHai="129" who="3" fromWho="3" sc="333,-40,194,-40,284,-40,189,120" owari="293,9.0,154,-35.0,244,-16.0,309,42.0" /></mjloggm>