<mjloggm ver="2.3"><GO type="169" lobby="0"/><UN n0="%6D%73%E3%82%80%E3%83%BC%E3%81%95%E3%82%93" n1="%E5%8F%8B%E4%BA%BA%45" n2="%E2%80%A0%E7%99%BD%E5%85%8E%E2%80%A0" n3="%42%41%52%34" dan="16,16,19,16" rate="2130.71,2009.32,2227.24,2140.58" sx="M,F,M,M"/><TAIKYOKU oya="0"/><INIT seed="0,0,0,3,5,7" ten="250,250,250,250" oya="0" hai0="3,103,52,83,120,129,108,37,41,21,97,99,94" hai1="81,69,85,104,132,30,66,11,33,12,56,1,8" hai2="77,51,17,76,0,123,124,135,101,46,102,131,34" hai3="43,28,89,38,111,18,23,117,84,105,107,110,15"/><T13/><D120/><U63/><E132/><V26/><F123/><W16/><G117/><T53/><D3/><U116/><E116/><V19/><F0/><W44/><G28/><T61/><D129/><U126/><E126/><V32/><F51/><W5/><G5/><T29/><D108/><N who="3" m="41513" /><G18/><T50/><D37/><U95/><E104/><V58/><F58/><W6/><G6/><T40/><D83/><AGARI ba="0,0" hai="15,16,23,38,43,44,83,84,89,105,107" m="41513" machi="83" ten="30,2000,0" yaku="14,1,54,1" doraHai="7" who="3" fromWho="0" sc="250,-20,250,0,250,0,250,20" /><INIT seed="1,0,0,3,2,54" ten="230,250,250,270" oya="1" hai0="81,46,22,68,2,126,79,101,12,3,77,107,28" hai1="1,95,31,71,64,94,15,87,127,16,133,109,10" hai2="92,119,38,58,44,72,117,112,56,6,60,27,110" hai3="14,67,13,41,121,93,7,135,61,122,53,24,39"/><U115/><E115/><V113/><F72/><W55/><G39/><T99/><D68/><U120/><E120/><V25/><F6/><W130/><G41/><T125/><D46/><U91/><E133/><V18/><F92/><W9/><G135/><T85/><D79/><U114/><E114/><N who="2" m="44139" /><F110/><W17/><G24/><N who="2" m="9289" /><F18/><W74/><G130/><T35/><D28/><U63/><E109/><V102/><F102/><W86/><G74/><T26/><D12/><U89/><E127/><N who="0" m="48649" /><D35/><U69/><E1/><V100/><F100/><W90/><G122/><T97/><D97/><U65/><E31/><V5/><F5/><W105/><G105/><T84/><D84/><U118/><E118/><N who="2" m="45067" /><F60/><W80/><G93/><T103/><D103/><U8/><E63/><V43/><AGARI ba="0,0" hai="38,43,44,56,58" m="45067,9289,44139" machi="43" ten="40,5200,0" yaku="11,1,52,2" doraHai="54" who="2" fromWho="2" sc="230,-13,250,-26,250,52,270,-13" /><INIT seed="2,0,0,2,1,28" ten="217,224,302,257" oya="2" hai0="113,135,77,78,54,25,13,117,85,109,39,88,84" hai1="91,92,43,96,20,29,124,97,93,112,51,17,37" hai2="99,104,82,18,132,9,69,44,131,108,62,110,111" hai3="103,125,38,26,76,11,15,118,75,1,19,48,87"/><V2/><F131/><W23/><G38/><T33/><D113/><U102/><E112/><V64/><F132/><W83/><G118/><T59/><D109/><U47/><E124/><V8/><F2/><W5/><G125/><T30/><D135/><U89/><E29/><V58/><F69/><W130/><G130/><T31/><D117/><U40/><E37/><V46/><F82/><W50/><G103/><T106/><D106/><U45/><E102/><N who="2" m="62559" /><F18/><W116/><G116/><T32/><D84/><U115/><E115/><V7/><F7/><W71/><G71/><T107/><D107/><U16/><E20/><V21/><F21/><W65/><G65/><T81/><D13/><U100/><E100/><V0/><F0/><W121/><G121/><T27/><D39/><U63/><E51/><AGARI ba="0,0" hai="25,27,30,31,32,33,51,54,59,77,78,81,85,88" machi="51" ten="30,8000,1" yaku="7,1,9,1,52,2,54,1" doraHai="28" who="0" fromWho="1" sc="217,80,224,-80,302,0,257,0" /><INIT seed="3,0,0,4,1,84" ten="297,144,302,257" oya="3" hai0="24,123,119,86,50,41,9,100,79,74,15,108,10" hai1="60,5,17,107,33,126,47,39,0,125,135,90,94" hai2="117,103,93,26,71,89,29,59,2,70,42,109,21" hai3="51,95,22,54,66,82,49,80,88,48,85,19,127"/><W115/><G127/><N who="1" m="48650" /><E33/><V63/><F117/><W18/><G115/><T68/><D123/><U72/><E107/><V13/><F2/><W35/><G35/><T111/><D74/><U133/><E72/><V40/><F109/><W53/><G66/><T6/><D68/><U30/><E30/><V99/><F71/><W122/><G122/><T20/><D100/><U77/><E77/><V116/><F70/><W52/><REACH who="3" step="1"/><G18/><REACH who="3" ten="297,144,302,247" step="2"/><T67/><D67/><U38/><E17/><V12/><F116/><W44/><G44/><N who="0" m="25871" /><D119/><U78/><E47/><V121/><F121/><W28/><G28/><N who="0" m="17415" /><D10/><U8/><E8/><V104/><F42/><W34/><G34/><T129/><D129/><U61/><E5/><V64/><F40/><W113/><G113/><T98/><D111/><U128/><E128/><V112/><F112/><W14/><AGARI ba="0,1" hai="14,19,22,48,49,51,52,53,54,80,82,85,88,95" machi="14" ten="30,18000,2" yaku="1,1,0,1,8,1,52,1,54,2,53,0" doraHai="84" doraHaiUra="57" who="3" fromWho="3" sc="297,-60,144,-60,302,-60,247,190" /><INIT seed="3,1,0,1,4,4" ten="237,84,242,437" oya="3" hai0="103,26,1,126,55,116,93,119,120,14,52,124,44" hai1="117,128,90,19,88,35,22,59,112,39,16,50,17" hai2="109,25,69,95,31,92,125,47,97,76,32,66,108" hai3="9,8,23,130,74,86,75,132,87,2,13,37,10"/><W3/><G37/><T105/><D1/><N who="3" m="9" /><G23/><T80/><D105/><U135/><E112/><V67/><F125/><N who="0" m="48234" /><D120/><U62/><E39/><V45/><F76/><W57/><G13/><T54/><D80/><U94/><E35/><V46/><F95/><W114/><G57/><T81/><D81/><U27/><E117/><N who="0" m="45129" /><D26/><U63/><E128/><V5/><F5/><W123/><G114/><T64/><D64/><U111/><E135/><V60/><REACH who="2" step="1"/><F67/><REACH who="2" ten="237,84,232,437" step="2"/><W40/><G132/><T89/><D103/><AGARI ba="1,1" hai="25,31,32,45,46,47,60,66,69,92,97,103,108,109" machi="103" ten="40,2600,0" yaku="1,1,2,1,53,0" doraHai="4" doraHaiUra="83" who="2" fromWho="0" sc="237,-29,84,0,232,39,437,0" /><INIT seed="4,0,0,3,2,121" ten="208,84,271,437" oya="0" hai0="22,47,8,95,77,7,60,63,51,44,115,25,65" hai1="3,10,6,82,43,33,18,2,110,83,99,42,30" hai2="19,28,55,79,71,11,31,128,112,98,133,0,1" hai3="21,4,120,100,118,134,64,23,34,40,45,62,58"/><T90/><D115/><U57/><E3/><V81/><F71/><W15/><G34/><T119/><D119/><U24/><E82/><V93/><F112/><W106/><G120/><T87/><D77/><U123/><E123/><V48/><F128/><W52/><G134/><T105/><D105/><U104/><E83/><V109/><F109/><W46/><G106/><T41/><D65/><U17/><E17/><V129/><F129/><W70/><G100/><T103/><D103/><U108/><E18/><V54/><F54/><W50/><G45/><T96/><D96/><U92/><E57/><V49/><F49/><W101/><G101/><T16/><REACH who="0" step="1"/><D44/><REACH who="0" ten="198,84,271,437" step="2"/><U39/><E104/><V27/><F133/><W73/><G118/><T84/><D84/><U67/><E67/><V9/><F98/><W88/><G73/><T124/><D124/><U122/><E122/><V127/><F79/><W107/><G107/><T13/><AGARI ba="0,1" hai="7,8,13,16,22,25,41,47,51,60,63,87,90,95" machi="13" ten="20,18000,2" yaku="1,1,0,1,7,1,8,1,54,1,53,1" doraHai="121" doraHaiUra="37" who="0" fromWho="0" sc="198,190,84,-60,271,-60,437,-60" /><INIT seed="4,1,0,3,5,24" ten="388,24,211,377" oya="0" hai0="16,46,42,1,96,26,99,87,32,107,64,126,2" hai1="135,38,53,6,92,55,0,58,22,7,122,19,108" hai2="83,84,17,15,29,131,105,120,47,124,129,104,66" hai3="128,37,11,63,90,14,88,89,98,4,69,34,39"/><T72/><D72/><U67/><E122/><V35/><F120/><W117/><G117/><T71/><D126/><U27/><E108/><V111/><F111/><W86/><G128/><N who="2" m="49225" /><F66/><W65/><G34/><T103/><D87/><U118/><E118/><V9/><F47/><W102/><REACH who="3" step="1"/><G86/><REACH who="3" ten="388,24,211,367" step="2"/><T33/><D33/><U100/><E135/><V127/><F127/><W61/><G61/><N who="0" m="40335" /><D96/><U28/><E0/><V59/><F124/><W115/><G115/><T125/><D125/><U132/><E132/><V23/><F35/><W30/><G30/><N who="0" m="19543" /><D16/><U20/><E19/><V79/><F29/><W52/><G52/><T25/><D25/><U76/><E55/><V40/><F84/><W119/><G119/><T18/><D18/><U74/><E74/><V123/><F123/><W8/><G8/><T114/><D114/><U82/><E53/><V12/><F9/><W78/><G78/><T49/><AGARI ba="1,1" hai="1,2,42,46,49,99,103,107" m="19543,40335" machi="49" ten="30,3000,0" yaku="25,1,52,1" doraHai="24" who="0" fromWho="0" sc="388,43,24,-11,211,-11,367,-11" /><INIT seed="4,2,0,0,4,2" ten="431,13,200,356" oya="0" hai0="85,67,63,134,10,18,35,133,22,101,13,126,79" hai1="135,30,82,123,95,21,131,47,51,19,49,0,103" hai2="66,89,77,54,4,14,6,130,125,104,122,127,38" hai3="15,84,73,91,56,52,57,12,97,59,115,93,61"/><T17/><D35/><U119/><E119/><V44/><F122/><W32/><G115/><T108/><D101/><U48/><E123/><V120/><F120/><W98/><G73/><T96/><D96/><U45/><E131/><V110/><F110/><W25/><G32/><T37/><D37/><U88/><E135/><V105/><F66/><W5/><G25/><T102/><D102/><U90/><E0/><V8/><F77/><W100/><G97/><T23/><D126/><N who="2" m="48138" /><F130/><W83/><REACH who="3" step="1"/><G15/><REACH who="3" ten="431,13,200,346" step="2"/><T74/><D74/><U106/><E106/><V9/><F105/><W33/><G33/><T31/><D133/><U75/><E30/><V29/><F29/><W7/><G7/><T114/><D114/><U62/><E62/><V116/><F104/><W80/><G80/><N who="0" m="47263" /><D134/><U121/><E121/><V40/><F116/><W26/><G26/><N who="0" m="16855" /><D108/><U42/><E75/><V16/><F9/><AGARI ba="2,1" hai="5,9,12,52,56,57,59,61,83,84,91,93,98,100" machi="9" ten="40,8000,1" yaku="1,1,8,1,52,1,54,1,53,1" doraHai="2" doraHaiUra="92" who="3" fromWho="2" sc="431,0,13,0,200,-86,346,96" /><INIT seed="5,0,0,1,0,1" ten="431,13,114,442" oya="1" hai0="116,64,44,45,60,71,39,27,16,102,59,22,17" hai1="90,131,3,115,19,121,95,124,2,128,111,49,91" hai2="97,88,47,50,93,26,35,70,73,38,85,79,110" hai3="62,107,54,36,126,12,25,68,134,89,94,21,69"/><U83/><E121/><V100/><F110/><W105/><G36/><T46/><D116/><U106/><E106/><V125/><F70/><N who="3" m="27243" /><G12/><T123/><D123/><U43/><E111/><V108/><F125/><W72/><G72/><T119/><D119/><U99/><E124/><V87/><F108/><W4/><G4/><T29/><D39/><U0/><E115/><V118/><F38/><W40/><G40/><T57/><D71/><U48/><E19/><V77/><F73/><W58/><G134/><T42/><D42/><U7/><E43/><N who="2" m="24959" /><F35/><W135/><G135/><T24/><D102/><U96/><E3/><V5/><F5/><W13/><G13/><T55/><REACH who="0" step="1"/><D24/><REACH who="0" ten="421,13,114,442" step="2"/><U56/><E56/><V109/><F26/><W28/><G126/><T81/><D81/><U76/><E83/><V34/><F109/><W101/><G101/><T80/><D80/><U15/><E15/><V122/><F100/><W113/><G113/><T120/><D120/><U32/><E95/><V112/><F112/><W103/><G103/><T53/><D53/><U10/><E76/><V75/><F118/><W130/><G107/><T51/><AGARI ba="0,1" hai="16,17,22,27,29,44,45,46,51,55,57,59,60,64" machi="51" ten="30,7900,0" yaku="1,1,0,1,8,1,54,1,53,0" doraHai="1" doraHaiUra="127" who="0" fromWho="0" sc="421,89,13,-39,114,-20,442,-20" owari="510,62.0,-26,-53.0,94,-31.0,422,22.0" /></mjloggm>