<mjloggm ver="2.3"><GO type="169" lobby="0"/><UN n0="%E3%81%8B%E3%81%8F%E3%82%8D%E3%82%80" n1="%E7%8C%AA%E7%8B%A9%E5%AE%88" n2="%E8%91%B5%E3%81%A1%E3%82%83%E3%82%93" n3="%E3%83%90%E3%83%AA%E3%83%88%E3%83%B3" dan="16,16,17,16" rate="2105.03,2160.11,2218.94,2179.31" sx="M,M,M,M"/><TAIKYOKU oya="0"/><INIT seed="0,0,0,5,4,94" ten="250,250,250,250" oya="0" hai0="95,4,131,86,51,19,85,53,114,67,48,57,109" hai1="22,110,79,112,127,26,117,7,6,12,125,39,91" hai2="32,77,73,8,121,36,47,130,33,101,128,5,27" hai3="3,98,10,96,31,81,108,61,37,103,102,9,111"/><T97/><D114/><U104/><E117/><V1/><F121/><W134/><G37/><T44/><D131/><N who="2" m="50218" /><F27/><W83/><G61/><T35/><D35/><U46/><E79/><V69/><F69/><W59/><G59/><T54/><D109/><U126/><E91/><V41/><F101/><W84/><G84/><T43/><D4/><N who="1" m="1579" /><E104/><V2/><F2/><W118/><G31/><T135/><D135/><U23/><E46/><V49/><F49/><W29/><G29/><T20/><D67/><U105/><E105/><V88/><F88/><W92/><G92/><T15/><REACH who="0" step="1"/><D43/><REACH who="0" ten="240,250,250,250" step="2"/><U116/><E110/><V90/><F33/><W13/><G134/><T133/><D133/><U30/><E116/><V40/><F41/><W38/><G118/><T124/><D124/><U28/><E112/><V11/><F32/><W34/><G34/><T60/><D60/><U52/><E39/><V89/><F5/><W74/><G38/><T113/><D113/><U99/><E125/><V70/><F40/><W62/><G62/><T14/><D14/><U58/><E12/><V122/><F36/><W66/><G13/><T17/><D17/><U80/><E126/><V0/><F0/><W123/><G3/><T71/><D71/><U115/><E115/><V119/><F1/><W132/><G132/><T42/><D42/><U68/><E68/><V93/><F70/><W78/><G66/><T64/><D64/><U45/><E28/><V21/><F119/><W75/><G123/><T106/><D106/><U82/><E127/><V107/><F122/><W25/><G25/><T18/><D18/><RYUUKYOKU ba="0,1" sc="240,15,250,-15,250,-15,250,15" hai0="15,19,20,44,48,51,53,54,57,85,86,95,97" hai3="9,10,74,75,78,81,83,96,98,102,103,108,111" /><INIT seed="0,1,1,3,3,82" ten="255,235,235,265" oya="0" hai0="33,47,24,6,76,78,84,135,42,60,95,30,17" hai1="88,118,115,13,25,66,16,29,130,133,124,51,120" hai2="5,74,15,70,90,111,117,114,61,10,62,59,91" hai3="125,102,119,132,86,80,19,58,39,55,31,53,64"/><T77/><D135/><U56/><E118/><V2/><F114/><W35/><G119/><T101/><D6/><U131/><E120/><V4/><F117/><W45/><G125/><T12/><D60/><U14/><E124/><V68/><F74/><W134/><G102/><T3/><D3/><U126/><E126/><V36/><F36/><W26/><G19/><T38/><D101/><U18/><E115/><V22/><F111/><W113/><G113/><T46/><D46/><U57/><E51/><V34/><F34/><W97/><G97/><T49/><D95/><U107/><E66/><V92/><F91/><W116/><G64/><T41/><D41/><U43/><E43/><V105/><F105/><W63/><G116/><T103/><D103/><U69/><E69/><V72/><F72/><W109/><G109/><T99/><D99/><U98/><E133/><V79/><F79/><W112/><G112/><T75/><D38/><U93/><E107/><V28/><F4/><W7/><G7/><T54/><D42/><U40/><E40/><V9/><F2/><W8/><G8/><T94/><D94/><U127/><E127/><V83/><F9/><W48/><REACH who="3" step="1"/><G39/><REACH who="3" ten="255,235,235,255" step="2"/><T87/><REACH who="0" step="1"/><D75/><REACH who="0" ten="245,235,235,255" step="2"/><U52/><E98/><V123/><F5/><W96/><G96/><T121/><D121/><U108/><E108/><V65/><F123/><W73/><G73/><T128/><D128/><U27/><E131/><V23/><F65/><W104/><G104/><T1/><D1/><U67/><E67/><V20/><F68/><W100/><G100/><T89/><D89/><AGARI ba="1,3" hai="26,31,35,45,48,53,55,58,63,80,86,89,132,134" machi="89" ten="40,5200,0" yaku="1,1,52,1,53,1" doraHai="82" doraHaiUra="44" who="3" fromWho="0" sc="245,-55,235,0,235,0,255,85" /><INIT seed="1,0,0,2,4,29" ten="190,235,235,340" oya="1" hai0="64,125,103,41,16,102,48,108,53,111,3,101,6" hai1="55,47,26,33,80,58,99,81,22,60,93,67,116" hai2="76,126,95,40,28,134,51,90,36,11,46,105,124" hai3="10,18,39,63,49,88,69,66,57,37,5,89,109"/><U92/><E116/><V52/><F105/><W118/><G109/><N who="0" m="42059" /><D64/><U25/><E93/><V56/><F134/><W44/><G18/><T70/><D70/><U133/><E133/><V112/><F112/><W75/><G75/><T96/><D41/><U106/><E106/><V7/><F76/><W20/><G20/><T19/><D125/><U128/><E128/><V73/><F73/><W113/><G113/><T85/><D85/><U84/><E33/><V2/><REACH who="2" step="1"/><F28/><REACH who="2" ten="190,235,225,340" step="2"/><W82/><G118/><T114/><D114/><U54/><E81/><V50/><F50/><W97/><G82/><T31/><D31/><U71/><E80/><V43/><F43/><W23/><G39/><T77/><D77/><U38/><E38/><V100/><F100/><W27/><G37/><T98/><D103/><U127/><E127/><V72/><F72/><W4/><G89/><T74/><D74/><U14/><E71/><V21/><F21/><W120/><G69/><T87/><D102/><N who="1" m="60775" /><E47/><V107/><F107/><W59/><G44/><T91/><D101/><U135/><E135/><V94/><F94/><W42/><G88/><T30/><D30/><U45/><E45/><V86/><AGARI ba="0,1" hai="2,7,11,36,40,46,51,52,56,86,90,95,124,126" machi="86" ten="30,4000,0" yaku="1,1,0,1,54,1,53,0" doraHai="29" doraHaiUra="122" who="2" fromWho="2" sc="190,-10,235,-20,225,50,340,-10" /><INIT seed="2,0,0,4,2,93" ten="180,215,275,330" oya="2" hai0="73,9,14,70,57,102,46,124,1,118,41,79,125" hai1="110,115,39,82,21,65,74,88,130,20,0,48,37" hai2="105,76,25,80,24,90,8,122,53,45,56,100,85" hai3="69,52,81,18,36,98,77,71,107,50,106,3,42"/><V103/><F122/><W97/><G3/><T10/><D70/><U49/><E115/><V28/><F45/><W26/><G42/><T43/><D118/><U40/><E0/><V96/><F103/><W89/><G36/><T23/><D102/><U27/><E74/><V132/><F132/><W63/><G106/><T22/><D57/><U86/><E110/><V51/><F8/><W38/><G38/><T5/><D79/><U6/><E39/><V19/><F19/><W95/><G63/><T72/><D14/><U109/><E37/><V84/><REACH who="2" step="1"/><F28/><REACH who="2" ten="180,215,265,330" step="2"/><W55/><G18/><T108/><D46/><U44/><E6/><V66/><F66/><W11/><G11/><T54/><D5/><U78/><E65/><V16/><F16/><W32/><G26/><T120/><D120/><U4/><E4/><V67/><F67/><W123/><G123/><T129/><D1/><U15/><E27/><V31/><F31/><W127/><G55/><T75/><D54/><U128/><E109/><V29/><F29/><W83/><G52/><T94/><D108/><U61/><E15/><V104/><F104/><W116/><G107/><T131/><D73/><U119/><E119/><V2/><F2/><W87/><G116/><T112/><D112/><U35/><E130/><V30/><F30/><W33/><G33/><T58/><D58/><U60/><E128/><V7/><F7/><W47/><G32/><T111/><D111/><U92/><E35/><V64/><F64/><W133/><G71/><T34/><D34/><U113/><E44/><V12/><F12/><W114/><G47/><RYUUKYOKU ba="0,1" sc="180,15,215,-15,265,15,330,-15" hai0="9,10,22,23,41,43,72,75,94,124,125,129,131" hai2="24,25,51,53,56,76,80,84,85,90,96,100,105" /><INIT seed="2,1,1,5,3,43" ten="195,200,280,315" oya="2" hai0="113,76,107,28,34,91,121,20,111,72,109,108,15" hai1="85,62,94,67,0,18,33,133,117,6,37,132,97" hai2="31,95,73,38,13,114,104,23,89,116,16,86,53" hai3="120,25,102,77,84,3,44,57,47,45,65,88,124"/><V39/><F114/><W74/><G3/><T98/><D113/><U78/><E117/><V68/><F116/><W81/><G120/><T92/><D121/><U66/><E37/><V130/><F130/><W122/><G122/><T129/><D129/><U103/><E33/><V48/><F68/><W36/><G124/><T30/><D107/><U100/><E100/><V51/><F73/><W1/><G1/><T49/><D34/><U58/><E66/><V61/><F104/><W63/><G102/><T126/><D126/><U82/><E0/><V112/><F112/><W115/><G115/><T32/><D32/><U83/><E6/><V119/><F119/><W35/><G36/><T96/><D96/><U71/><E18/><V131/><F131/><W127/><G127/><T80/><REACH who="0" step="1"/><D49/><REACH who="0" ten="185,200,280,315" step="2"/><U105/><E105/><V64/><F39/><W52/><G35/><T26/><D26/><U17/><E133/><V27/><F38/><W110/><G25/><T21/><D21/><U11/><E132/><V19/><F51/><W14/><G110/><T40/><D40/><U123/><E123/><V60/><F64/><W79/><G74/><T106/><D106/><U4/><E67/><V101/><F101/><W69/><REACH who="3" step="1"/><G14/><REACH who="3" ten="185,200,280,305" step="2"/><T5/><D5/><U7/><E7/><V42/><F13/><W12/><G12/><T29/><D29/><U99/><E4/><V70/><F31/><W8/><G8/><T46/><D46/><U22/><E11/><V87/><F27/><W24/><G24/><T118/><D118/><U75/><E103/><V128/><F128/><W10/><G10/><RYUUKYOKU ba="1,3" sc="185,15,200,-15,280,-15,305,15" hai0="15,20,28,30,72,76,80,91,92,98,108,109,111" hai3="44,45,47,52,57,63,65,69,77,79,81,84,88" /><INIT seed="3,2,3,2,2,56" ten="200,185,265,320" oya="3" hai0="105,37,39,11,89,87,40,113,32,116,127,5,120" hai1="36,95,112,1,100,83,52,93,17,132,129,71,53" hai2="43,97,128,7,98,54,82,110,104,55,124,66,12" hai3="48,65,94,73,57,80,99,24,31,38,64,46,88"/><W77/><G38/><T50/><D116/><U45/><E112/><V81/><F110/><W27/><G57/><T15/><D120/><U67/><E129/><V28/><F124/><W42/><REACH who="3" step="1"/><G27/><REACH who="3" ten="200,185,265,310" step="2"/><T35/><D39/><U135/><E36/><V26/><F26/><W61/><G61/><T84/><D37/><U96/><E45/><V62/><F62/><W121/><G121/><T68/><D68/><U86/><E71/><V117/><F117/><W114/><G114/><T122/><D113/><U115/><E115/><V21/><F128/><W134/><G134/><T58/><D122/><U106/><E135/><V0/><F66/><W118/><G118/><T91/><D58/><U18/><E67/><V2/><F2/><W16/><G16/><N who="1" m="6250" /><E1/><V9/><F0/><W74/><G74/><T25/><D25/><U90/><E132/><V103/><F28/><W123/><G123/><T126/><D126/><U70/><E70/><V8/><F7/><W72/><G72/><T29/><D127/><U69/><E69/><V34/><F12/><W63/><G63/><T44/><D29/><U109/><E109/><V22/><F34/><AGARI ba="2,4" hai="24,31,34,42,46,48,64,65,73,77,80,88,94,99" machi="34" ten="30,11600,0" yaku="1,1,7,1,54,1,53,1" doraHai="56" doraHaiUra="20" who="3" fromWho="2" sc="200,0,185,0,265,-122,310,162" /><INIT seed="3,3,0,3,3,98" ten="200,185,143,472" oya="3" hai0="0,132,54,87,101,11,119,20,45,99,113,102,100" hai1="19,23,131,36,118,90,5,109,130,93,43,81,111" hai2="96,122,76,40,18,30,124,49,123,41,71,28,128" hai3="50,72,26,8,32,17,12,7,135,34,97,127,83"/><W134/><G72/><T21/><D119/><U4/><E43/><V114/><F114/><W27/><G83/><T95/><D113/><U104/><E36/><V85/><F71/><W117/><G50/><N who="0" m="29007" /><D0/><U129/><E81/><N who="2" m="47271" /><F124/><W9/><G97/><T15/><D132/><N who="3" m="50729" /><G117/><T126/><D87/><U24/><E104/><V108/><F108/><N who="1" m="41545" /><E93/><V57/><F128/><W78/><G78/><T116/><D116/><U39/><E90/><V44/><F57/><W103/><G103/><N who="0" m="60927" /><D126/><U62/><E62/><V25/><F41/><W55/><G55/><T61/><D61/><U46/><E39/><V91/><F96/><W120/><G120/><N who="2" m="46121" /><F91/><W133/><G127/><T105/><D105/><U84/><E46/><V53/><F53/><W59/><G59/><T68/><D68/><U14/><E84/><V69/><F69/><W38/><G38/><T37/><D37/><U29/><E118/><V70/><F70/><W31/><G133/><T16/><AGARI ba="3,0" hai="11,15,16,20,21,100,101,102" m="60927,29007" machi="16" ten="30,12000,2" yaku="8,1,52,4,54,1" doraHai="98" who="0" fromWho="0" sc="200,129,185,-33,143,-33,472,-63" /><INIT seed="4,0,0,3,5,72" ten="329,152,110,409" oya="0" hai0="104,66,43,26,75,98,27,59,101,134,96,93,67" hai1="8,92,109,62,76,110,0,82,30,135,23,103,12" hai2="31,106,73,18,64,47,84,48,41,120,10,125,80" hai3="33,3,130,57,129,81,1,126,39,38,29,111,22"/><T102/><D134/><U20/><E135/><V114/><F120/><W119/><G22/><T61/><D75/><U122/><E122/><V52/><F114/><W127/><G57/><T58/><D43/><U91/><E103/><V17/><F125/><N who="3" m="47627" /><G81/><T11/><D11/><U37/><E37/><N who="3" m="13834" /><G111/><T14/><D14/><U123/><E123/><V2/><F106/><W50/><G50/><T9/><D9/><U133/><E0/><N who="3" m="74" /><G119/><T46/><D46/><U118/><E133/><V124/><F31/><W40/><G40/><T69/><D69/><U7/><E118/><V42/><F124/><W36/><G36/><T13/><D13/><U51/><E51/><V49/><F64/><W16/><G16/><T34/><D66/><U70/><E70/><V71/><F71/><W79/><G79/><T83/><D83/><U74/><E62/><V95/><F42/><W44/><G44/><T87/><D87/><U24/><REACH who="1" step="1"/><E23/><REACH who="1" ten="329,142,110,409" step="2"/><V32/><F48/><W54/><G54/><T68/><D68/><U55/><E55/><V113/><F41/><W100/><G100/><T19/><D61/><U78/><E78/><V35/><F52/><W89/><G89/><T65/><D65/><U108/><E108/><V53/><F49/><W117/><G117/><T115/><D67/><U63/><E63/><V131/><F53/><W112/><G112/><T21/><D115/><U6/><E6/><V5/><F113/><W94/><G94/><T88/><D102/><U107/><E107/><V4/><F95/><W28/><G33/><T132/><D132/><U121/><E121/><V56/><F32/><RYUUKYOKU ba="0,1" sc="329,10,142,10,110,-30,409,10" hai0="19,21,26,27,34,58,59,88,93,96,98,101,104" hai1="7,8,12,20,24,30,74,76,82,91,92,109,110" hai3="28,29,129,130" /><INIT seed="4,1,1,4,5,92" ten="339,152,80,419" oya="0" hai0="2,5,71,107,52,43,24,45,119,32,25,108,16" hai1="3,131,130,9,73,100,95,1,53,88,39,17,83" hai2="84,97,20,62,132,89,109,13,66,49,31,78,118" hai3="123,87,104,21,70,47,133,50,93,74,29,102,111"/><T128/><D119/><U59/><E39/><V54/><F118/><W81/><G111/><T126/><D107/><U77/><E100/><V120/><F109/><W76/><G70/><T41/><D71/><U105/><E105/><V55/><F132/><W112/><G112/><T36/><D108/><U101/><E101/><V63/><F120/><W18/><G29/><T135/><D43/><U10/><E10/><V86/><F78/><W56/><G133/><T117/><D117/><U42/><E42/><V0/><F0/><W96/><G56/><T33/><D135/><U67/><E67/><V8/><F55/><W121/><G74/><T34/><D126/><U58/><E58/><V106/><F106/><W48/><G104/><T27/><D128/><N who="1" m="49195" /><E17/><V115/><F66/><W79/><G79/><T30/><D52/><U35/><E9/><V69/><F69/><W91/><G76/><T28/><D16/><U113/><E35/><V103/><F62/><W116/><G116/><T40/><D41/><U7/><E7/><V68/><F63/><W11/><G11/><N who="0" m="2487" /><D40/><U122/><E113/><V12/><F68/><W124/><G124/><T82/><D45/><U4/><E4/><V19/><F115/><W72/><G47/><T38/><D38/><U85/><E122/><N who="3" m="46602" /><G72/><T46/><D46/><U90/><E90/><V114/><F89/><W23/><G23/><T127/><D36/><U44/><E44/><V6/><F114/><W134/><G134/><T125/><D125/><U57/><E57/><N who="2" m="32975" /><F31/><N who="0" m="11818" /><D127/><U14/><E73/><V99/><F103/><W75/><G75/><T64/><D64/><RYUUKYOKU ba="1,1" sc="339,10,152,-30,80,10,419,10" hai0="24,25,27,32,33,34,82" hai2="6,8,12,13,19,20,84,86,97,99" hai3="18,21,48,50,81,87,91,93,96,102" /><INIT seed="4,2,1,2,4,37" ten="349,122,90,429" oya="0" hai0="70,110,72,21,42,119,67,49,28,11,124,131,105" hai1="55,22,111,31,43,78,82,3,1,65,69,130,52" hai2="113,74,83,35,122,63,12,23,125,107,25,86,13" hai3="100,4,126,9,91,26,103,88,115,71,14,30,0"/><T132/><D119/><U61/><E111/><V77/><F122/><W101/><G71/><T34/><D105/><U24/><E130/><V19/><F107/><W33/><G115/><T73/><D34/><U102/><E102/><V99/><F113/><W75/><G75/><T66/><D70/><U89/><E89/><V93/><F125/><W97/><G126/><T104/><D104/><U7/><E43/><V48/><F74/><W121/><G121/><T51/><D11/><U114/><E114/><V56/><F48/><W81/><G81/><T57/><D21/><U85/><REACH who="1" step="1"/><E7/><REACH who="1" ten="349,112,90,429" step="2"/><V123/><F123/><W120/><G120/><T64/><D42/><U38/><E38/><V39/><F39/><W15/><REACH who="3" step="1"/><G91/><REACH who="3" ten="349,112,90,419" step="2"/><T29/><D124/><U16/><E16/><V62/><F19/><W59/><G59/><T79/><D57/><U129/><E129/><V109/><F56/><W95/><AGARI ba="2,3" hai="0,4,9,14,15,26,30,33,88,95,97,100,101,103" machi="95" ten="30,7900,0" yaku="1,1,0,1,54,1,53,1" doraHai="37" doraHaiUra="84" who="3" fromWho="3" sc="349,-41,112,-22,90,-22,419,115" /><INIT seed="5,0,0,2,3,92" ten="308,90,68,534" oya="1" hai0="48,30,22,79,86,9,37,108,5,72,70,50,102" hai1="26,73,1,69,89,93,100,68,113,88,130,121,41" hai2="0,85,80,8,27,12,3,94,28,20,82,34,46" hai3="49,87,96,91,13,131,21,15,32,4,14,19,33"/><U51/><E121/><V115/><F115/><W31/><G131/><T7/><D70/><U57/><E130/><V120/><F120/><W74/><G74/><T10/><D72/><U45/><E113/><V39/><F34/><W42/><G31/><T133/><D37/><U18/><E1/><V2/><F39/><W122/><G33/><T35/><D35/><U129/><E73/><V11/><F46/><N who="3" m="25815" /><G32/><T24/><D102/><U23/><E129/><V44/><F44/><W101/><G4/><N who="0" m="1611" /><D133/><U111/><E111/><V116/><F116/><W56/><G56/><T83/><D108/><U119/><E119/><V114/><F114/><W38/><G38/><T17/><D10/><U123/><E123/><V53/><F53/><W59/><G59/><T125/><D125/><U29/><E68/><V52/><F11/><W36/><G36/><T106/><D106/><U95/><E69/><V43/><F43/><W81/><G122/><T128/><D128/><U103/><E57/><V90/><REACH who="2" step="1"/><F52/><REACH who="2" ten="308,90,58,534" step="2"/><W134/><G134/><T124/><D124/><U105/><E105/><V55/><F55/><W54/><G54/><T104/><D104/><U6/><E6/><AGARI ba="0,1" hai="0,2,3,6,8,12,20,27,28,80,82,85,90,94" machi="6" ten="40,1300,0" yaku="1,1,53,0" doraHai="92" doraHaiUra="67" who="2" fromWho="1" sc="308,0,90,-13,58,23,534,0" /><INIT seed="6,0,0,4,4,115" ten="308,77,81,534" oya="2" hai0="62,119,44,105,106,12,125,0,64,126,54,23,7" hai1="108,42,96,15,68,45,103,77,87,51,1,109,25" hai2="56,35,34,114,78,29,99,53,127,91,113,5,67" hai3="117,133,111,121,24,9,120,49,118,122,83,88,71"/><V66/><F78/><W112/><G71/><T32/><D32/><U19/><E1/><V58/><F5/><W101/><G49/><N who="0" m="28967" /><D119/><N who="3" m="45577" /><G24/><T84/><D84/><U13/><E13/><V43/><F43/><W123/><G9/><N who="0" m="4159" /><D23/><U48/><E25/><V61/><F127/><N who="0" m="48650" /><D0/><U39/><E68/><AGARI ba="0,0" hai="62,64,68,105,106" m="48650,4159,28967" machi="68" ten="30,1000,0" yaku="18,1" doraHai="115" who="0" fromWho="1" sc="308,10,77,-10,81,0,534,0" /><INIT seed="7,0,0,3,3,17" ten="318,67,81,534" oya="3" hai0="30,26,135,121,118,109,84,36,31,50,63,106,103" hai1="89,122,114,0,129,48,56,38,132,80,20,12,115" hai2="83,55,134,43,6,105,14,119,22,11,16,8,77" hai3="7,24,76,18,9,46,61,90,47,41,57,95,86"/><W92/><G76/><T110/><D84/><N who="1" m="50311" /><E122/><V131/><F119/><W125/><G125/><T65/><D63/><U42/><E0/><V85/><F105/><W101/><G101/><T78/><D118/><U4/><E4/><V40/><F131/><W35/><G95/><T87/><D121/><U58/><E129/><V111/><F111/><W32/><G18/><T93/><D87/><U112/><E38/><V98/><F134/><W100/><G100/><T113/><D103/><U34/><E34/><V96/><F55/><W88/><G90/><T130/><D50/><U72/><E72/><V82/><F82/><W25/><G32/><T62/><D65/><U99/><E99/><N who="2" m="37931" /><F6/><W68/><G68/><T53/><D26/><U51/><E132/><V29/><F29/><W124/><G124/><T49/><D30/><U19/><E42/><AGARI ba="0,0" hai="8,11,14,16,22,40,42,43,77,83,85" m="37931" machi="42" ten="30,3900,0" yaku="8,1,52,1,54,1" doraHai="17" who="2" fromWho="1" sc="318,0,67,-39,81,39,534,0" owari="318,12.0,28,-47.0,120,-28.0,534,63.0" /></mjloggm>