<mjloggm ver="2.3"><GO type="169" lobby="0"/><UN n0="%4D%E6%9C%AC" n1="%E9%B3%B3%E5%8D%97%E3%81%AE%E3%81%8A%E9%A6%AC%E3%81%95%E3%82%93" n2="%E7%81%AB%E9%9C%8A%E5%A4%A2" n3="%E7%9B%B8%E3%83%B6%E6%B1%9F%E6%9F%9A%E8%91%89" dan="17,17,17,17" rate="2188.26,2159.62,2260.29,2181.12" sx="M,M,M,F"/><TAIKYOKU oya="0"/><INIT seed="0,0,0,4,4,123" ten="250,250,250,250" oya="0" hai0="16,39,77,82,92,90,121,124,130,52,69,114,60" hai1="67,106,17,73,45,64,135,47,75,65,14,99,24" hai2="36,26,101,72,74,37,8,12,28,110,132,19,57" hai3="108,133,41,68,97,134,104,129,85,102,105,15,76"/><T80/><D121/><U116/><E116/><V119/><F119/><W86/><G68/><T78/><D114/><U3/><E3/><V53/><F132/><N who="3" m="50795" /><G41/><T32/><D32/><U83/><E135/><V79/><F101/><W100/><G15/><T87/><D39/><U29/><E106/><N who="3" m="41066" /><G129/><T70/><D130/><U6/><E6/><V89/><F89/><W94/><G108/><T51/><D124/><U56/><E99/><V2/><F2/><W40/><G40/><T59/><D16/><U62/><E45/><V88/><F110/><W5/><G5/><T112/><D112/><U42/><E83/><V113/><F113/><W96/><G76/><T61/><D70/><U11/><E47/><V126/><F126/><W81/><G81/><N who="0" m="31339" /><D69/><U38/><E42/><V21/><F79/><AGARI ba="0,0" hai="51,52,59,60,61,77,78,79,87,90,92" m="31339" machi="79" ten="30,2900,0" yaku="8,1,54,1" doraHai="123" who="0" fromWho="2" sc="250,29,250,0,250,-29,250,0" /><INIT seed="0,1,0,0,1,23" ten="279,250,221,250" oya="0" hai0="73,20,40,81,61,120,107,55,3,127,118,76,57" hai1="103,110,36,28,32,62,42,66,58,39,43,87,91" hai2="93,52,46,11,95,29,105,82,104,4,25,21,34" hai3="129,83,35,14,80,108,74,70,67,96,78,121,56"/><T26/><D118/><U90/><E110/><V31/><F82/><W18/><G108/><T24/><D120/><U49/><E103/><V41/><F104/><W54/><G129/><T50/><D127/><U77/><E77/><V51/><F105/><W126/><G126/><T111/><D107/><U135/><E91/><V134/><F134/><W115/><G115/><T17/><D3/><U5/><E5/><V97/><F41/><W99/><G35/><T64/><D111/><U71/><E135/><V101/><F93/><W84/><G67/><T92/><D92/><U88/><E90/><V106/><F106/><W16/><G70/><T8/><D8/><U7/><E7/><V33/><REACH who="2" step="1"/><F31/><REACH who="2" ten="279,250,211,250" step="2"/><W6/><G121/><T119/><D40/><U89/><E42/><V132/><F132/><W53/><G80/><T45/><REACH who="0" step="1"/><D119/><REACH who="0" ten="269,250,211,250" step="2"/><U38/><E43/><V13/><AGARI ba="1,2" hai="4,11,13,21,25,29,33,34,46,51,52,95,97,101" machi="13" ten="20,12000,2" yaku="1,1,0,1,7,1,52,1,54,1,53,2" doraHai="23" doraHaiUra="30" who="2" fromWho="2" sc="269,-61,250,-31,211,143,250,-31" /><INIT seed="1,0,0,5,5,121" ten="208,219,354,219" oya="1" hai0="118,100,46,94,20,109,97,67,65,6,108,31,42" hai1="2,16,68,10,28,44,8,93,7,133,23,106,29" hai2="52,63,77,36,19,0,13,101,119,45,21,11,60" hai3="116,54,132,135,92,38,9,22,73,69,85,59,91"/><U76/><E106/><V41/><F119/><W48/><G69/><T78/><D118/><U115/><E115/><V82/><F101/><W90/><G116/><T55/><D6/><U104/><E104/><V25/><F0/><W53/><G38/><T130/><D130/><U39/><E133/><V47/><F47/><W62/><G73/><T110/><D78/><U127/><E127/><V14/><F14/><W114/><G114/><T129/><D129/><U18/><E68/><V89/><F89/><W80/><G22/><T43/><D55/><U70/><E70/><V26/><F26/><W17/><G17/><T81/><D81/><U113/><E113/><V125/><F125/><W95/><G9/><T105/><D105/><U96/><E76/><V27/><F27/><W32/><G32/><T74/><D74/><U86/><E86/><V37/><F37/><W51/><G62/><T34/><D34/><U1/><E44/><V117/><F117/><W71/><G71/><T15/><D43/><U122/><E39/><V126/><F126/><W66/><G66/><T123/><D123/><U4/><E122/><V12/><F52/><W57/><REACH who="3" step="1"/><G80/><REACH who="3" ten="208,219,354,209" step="2"/><T40/><D31/><U61/><E61/><V120/><F120/><W99/><AGARI ba="0,1" hai="48,51,53,54,57,59,85,90,91,92,95,99,132,135" machi="99" ten="30,7900,0" yaku="1,1,2,1,0,1,9,1,53,0" doraHai="121" doraHaiUra="102" who="3" fromWho="3" sc="208,-20,219,-39,354,-20,209,89" /><INIT seed="2,0,0,3,1,66" ten="188,180,334,298" oya="2" hai0="130,17,10,19,79,119,37,50,14,69,16,97,25" hai1="107,109,81,125,73,115,45,1,28,87,83,63,106" hai2="6,36,65,88,55,27,13,110,0,108,70,135,118" hai3="91,99,58,32,33,71,11,103,41,129,46,131,124"/><V29/><F118/><W114/><G124/><T54/><D37/><U96/><E1/><V48/><F36/><W2/><G91/><T68/><D119/><U112/><E28/><V4/><F0/><W78/><G78/><T38/><D38/><U26/><E26/><V23/><F135/><W31/><G58/><T34/><D79/><U120/><E45/><V56/><F13/><W104/><G31/><T74/><D74/><U7/><E63/><N who="2" m="40255" /><F88/><W9/><G9/><T105/><D130/><N who="3" m="49673" /><G71/><T42/><D42/><U126/><E7/><V94/><F94/><W111/><G114/><T82/><D82/><U52/><E73/><V18/><F29/><W67/><G67/><T98/><D34/><N who="3" m="13417" /><G46/><T53/><D25/><U24/><E115/><V132/><F132/><W92/><G41/><T39/><D39/><U133/><E112/><V3/><F3/><W12/><G92/><T22/><D22/><U95/><E133/><V84/><F84/><W75/><G2/><T21/><D21/><U89/><E126/><V5/><F5/><N who="3" m="3183" /><G75/><T20/><D20/><U57/><E125/><V72/><F72/><W76/><G76/><T116/><D116/><U90/><E90/><V15/><F4/><W127/><G127/><T117/><D117/><U102/><E89/><V113/><F113/><W77/><G77/><T101/><D97/><U128/><E128/><V80/><F80/><W40/><G40/><T59/><REACH who="0" step="1"/><D54/><REACH who="0" ten="178,180,334,298" step="2"/><U123/><E81/><V62/><F27/><W93/><G99/><T61/><D61/><U86/><E83/><V47/><F6/><AGARI ba="0,1" hai="6,10,14,16,17,19,50,53,59,68,69,98,101,105" machi="6" ten="40,8000,1" yaku="1,1,52,2,54,1,53,0" doraHai="66" doraHaiUra="60" who="0" fromWho="2" sc="178,90,180,0,334,-80,298,0" /><INIT seed="3,0,0,3,3,47" ten="268,180,254,298" oya="3" hai0="57,35,109,23,94,119,76,63,33,55,46,86,102" hai1="99,82,31,22,51,54,111,128,64,21,27,34,83" hai2="20,15,112,59,41,32,61,106,18,65,30,105,121" hai3="49,133,42,93,66,95,62,71,97,80,124,68,50"/><W114/><G114/><T43/><D119/><U87/><E111/><V129/><F112/><W134/><G42/><T77/><D109/><U130/><E64/><V120/><F129/><N who="1" m="49769" /><E99/><V29/><F41/><W131/><G131/><T132/><D132/><N who="3" m="50793" /><G124/><T24/><D35/><U4/><E4/><V38/><F38/><W16/><G80/><N who="1" m="30762" /><E87/><V53/><F65/><W17/><G71/><T96/><D33/><U12/><E12/><V73/><F73/><W56/><G68/><T25/><D86/><U108/><E108/><V36/><F36/><W7/><G7/><T37/><D25/><U126/><E126/><V85/><F85/><W14/><G17/><AGARI ba="0,0" hai="17,23,24,37,43,46,55,57,63,76,77,94,96,102" machi="17" ten="30,1000,0" yaku="7,1" doraHai="47" who="0" fromWho="3" sc="268,10,180,0,254,0,298,-10" /><INIT seed="4,0,0,0,1,7" ten="278,180,254,288" oya="0" hai0="72,68,37,70,24,76,2,29,11,110,117,127,32" hai1="41,31,122,81,40,54,73,59,121,77,85,36,131" hai2="113,6,104,94,123,30,125,21,3,65,47,63,90" hai3="48,98,83,60,115,51,39,107,71,19,75,74,130"/><T34/><D117/><U52/><E131/><V45/><F104/><W58/><G39/><T96/><D127/><U26/><E73/><V44/><F123/><W100/><G130/><T105/><D110/><U62/><E54/><V134/><F113/><W9/><G71/><T46/><D34/><U99/><E99/><V78/><F125/><W66/><G115/><T8/><D8/><U25/><E25/><V97/><F78/><W38/><G38/><T108/><D108/><U33/><REACH who="1" step="1"/><E36/><REACH who="1" ten="278,170,254,288" step="2"/><V28/><F134/><W22/><G74/><T91/><D96/><U12/><E12/><V18/><F3/><W16/><G75/><T69/><D105/><U92/><E92/><V55/><F55/><W5/><G83/><T17/><D37/><U89/><E89/><V53/><F65/><W112/><G112/><T0/><D91/><U119/><E119/><V103/><F103/><W124/><G124/><T57/><D72/><U135/><E135/><V132/><F132/><W84/><G84/><T42/><D2/><U133/><E133/><V27/><REACH who="2" step="1"/><F6/><REACH who="2" ten="278,170,244,288" step="2"/><W101/><G100/><T93/><D0/><U128/><E128/><V10/><F10/><W13/><REACH who="3" step="1"/><G5/><REACH who="3" ten="278,170,244,278" step="2"/><T82/><D76/><U49/><E49/><V20/><F20/><W129/><G129/><T15/><D32/><U86/><E86/><V95/><F95/><W126/><G126/><T109/><D93/><U61/><E61/><V35/><F35/><W4/><G4/><T14/><D109/><U114/><E114/><V116/><F116/><W67/><G67/><T111/><D111/><U23/><E23/><RYUUKYOKU ba="0,3" sc="278,-30,170,10,244,10,278,10" hai1="26,31,33,40,41,52,59,62,77,81,85,121,122" hai2="18,21,27,28,30,44,45,47,53,63,90,94,97" hai3="9,13,16,19,22,48,51,58,60,66,98,101,107" /><INIT seed="5,1,3,2,5,102" ten="248,180,254,288" oya="1" hai0="51,45,64,96,22,81,99,121,128,4,41,54,73" hai1="6,112,134,29,40,74,15,77,60,91,21,103,66" hai2="106,58,126,53,69,90,132,92,48,37,94,75,61" hai3="116,8,127,70,115,133,13,28,3,120,43,109,36"/><U19/><E112/><V2/><F75/><W63/><RYUUKYOKU type="yao9" ba="1,3" sc="248,0,180,0,254,0,288,0" hai3="3,8,13,28,36,43,63,70,109,115,116,120,127,133" /><INIT seed="5,2,3,4,5,21" ten="248,180,254,288" oya="1" hai0="50,120,98,73,115,42,30,126,0,2,124,102,78" hai1="131,97,36,17,68,32,79,109,51,7,112,52,89" hai2="60,39,63,46,22,83,76,1,19,84,6,40,103" hai3="74,69,58,108,12,90,61,135,96,5,11,134,132"/><U106/><E68/><V81/><F103/><W34/><G108/><T65/><D115/><U43/><E112/><V130/><F130/><W128/><G128/><T114/><D114/><U87/><E131/><V49/><F39/><W10/><G74/><T37/><D50/><U105/><E32/><V118/><F118/><W48/><G34/><T41/><D65/><U3/><E109/><V111/><F111/><W101/><G90/><T85/><D85/><U104/><E17/><V45/><F45/><W35/><G35/><T133/><D133/><U91/><E43/><V123/><F123/><W38/><G38/><T23/><D120/><U107/><E36/><V59/><F81/><W80/><G80/><N who="0" m="45135" /><D42/><U72/><E72/><V82/><F82/><W54/><G11/><T116/><D116/><U26/><E79/><V77/><F77/><W27/><G27/><N who="0" m="16767" /><D41/><U53/><E26/><N who="2" m="14687" /><F1/><W44/><G69/><T14/><D14/><U29/><E29/><V129/><F129/><W75/><G75/><T15/><D15/><U4/><E3/><V127/><F6/><W113/><G113/><T93/><D37/><U18/><E18/><V62/><F127/><AGARI ba="2,3" hai="0,2,93,98,102,124,126,127" m="16767,45135" machi="127" ten="30,2000,0" yaku="18,1,52,1" doraHai="21" who="0" fromWho="2" sc="248,56,180,0,254,-26,288,0" /><INIT seed="6,0,0,0,4,124" ten="304,180,228,288" oya="2" hai0="3,1,117,109,115,38,5,6,130,88,128,107,77" hai1="105,57,23,85,28,84,83,64,69,103,21,12,31" hai2="39,112,90,27,81,134,74,70,19,131,133,35,111" hai3="68,65,125,2,62,47,121,110,76,127,126,50,92"/><V97/><F70/><W41/><G2/><N who="0" m="523" /><D38/><U20/><E69/><V82/><F39/><W100/><G76/><T86/><D107/><U61/><E12/><V11/><F74/><W52/><G100/><T123/><D109/><U96/><REACH who="1" step="1"/><E84/><REACH who="1" ten="304,170,228,288" step="2"/><N who="2" m="50447" /><F111/><W26/><G110/><T4/><D117/><U72/><E72/><V45/><F134/><W25/><G121/><T14/><D123/><U30/><E30/><V93/><F133/><W43/><G25/><T118/><D118/><U54/><E54/><V8/><F27/><W51/><G26/><T91/><D14/><U49/><E49/><V106/><F97/><W9/><G50/><T44/><D115/><U29/><E29/><V108/><F112/><W79/><G126/><T37/><D37/><U63/><E63/><V99/><F99/><W53/><G125/><T67/><D67/><U7/><E7/><V119/><F119/><W48/><G127/><T75/><D75/><U55/><E55/><V78/><F108/><W17/><G53/><T0/><D0/><U101/><E101/><V13/><F13/><N who="3" m="7343" /><G48/><T59/><D6/><U15/><E15/><V32/><F8/><W36/><G41/><T94/><D5/><U116/><E116/><V102/><F11/><W114/><G114/><T135/><D4/><U66/><E66/><V46/><F102/><W24/><G24/><T58/><D135/><U34/><E34/><V56/><F32/><W40/><G36/><T71/><D71/><U132/><E132/><V89/><F35/><W80/><G40/><T73/><D73/><U22/><N who="1" m="5120" /><DORA hai="10" /><U60/><E60/><RYUUKYOKU ba="0,1" sc="304,-10,170,30,228,-10,288,-10" hai1="28,31,57,61,64,83,85,96,103,105" /><INIT seed="7,1,1,4,0,10" ten="294,200,218,278" oya="3" hai0="64,104,51,70,83,54,3,81,95,135,7,109,11" hai1="31,92,85,78,17,27,94,5,1,113,20,53,9" hai2="42,87,21,128,8,4,34,79,58,40,50,52,62" hai3="63,97,69,76,25,130,106,36,75,91,99,116,121"/><W108/><G36/><T61/><D109/><U47/><E113/><V120/><F34/><W77/><G69/><T93/><D104/><U127/><E127/><V107/><F107/><W30/><G116/><T101/><D135/><U28/><E53/><V67/><F128/><W41/><G121/><T134/><D134/><U84/><E47/><V126/><F126/><W117/><G117/><T23/><D23/><U66/><E66/><V82/><F21/><N who="3" m="15663" /><G75/><T33/><D33/><U72/><E72/><V111/><F111/><W110/><G41/><T19/><D19/><U133/><E133/><V100/><F100/><W46/><G130/><T119/><D119/><U103/><E78/><N who="3" m="30314" /><G106/><T45/><REACH who="0" step="1"/><D101/><REACH who="0" ten="284,200,218,278" step="2"/><U56/><E103/><V73/><F120/><W102/><G110/><T12/><D12/><N who="1" m="9255" /><E28/><V125/><F125/><W118/><G118/><T96/><D96/><U37/><E37/><V74/><F74/><W123/><G123/><T129/><D129/><U29/><E29/><V35/><F73/><W60/><G108/><T6/><D6/><U115/><E115/><V14/><F35/><W59/><G102/><T16/><D16/><U18/><E18/><V32/><F32/><W131/><G99/><T132/><D132/><U124/><E124/><V38/><F38/><W90/><G97/><T13/><D13/><U26/><E26/><V86/><F86/><N who="1" m="33385" /><E56/><AGARI ba="1,2" hai="4,8,14,40,42,50,52,56,58,62,67,79,82,87" machi="56" ten="30,7700,0" yaku="7,1,8,1,52,1,54,1" doraHai="10" who="2" fromWho="1" sc="284,0,200,-80,218,100,278,0" owari="284,8.0,120,-38.0,318,42.0,278,-12.0" /></mjloggm>