<mjloggm ver="2.3"><GO type="169" lobby="0"/><UN n0="%E7%94%9F%E5%BE%92%E4%BC%9A%E3%80%90%E5%BA%8F%E3%80%91" n1="%4B%69%74%61%6D%75%72%61" n2="%E9%98%BF%E9%83%A8%E5%AF%9B%EF%BC%A0%E9%B3%B3%E5%8D%93" n3="%E5%85%AD%E9%83%A8%E5%9C%AD" dan="16,17,16,16" rate="2115.93,2165.70,2078.81,2127.24" sx="M,F,F,M"/><TAIKYOKU oya="0"/><INIT seed="0,0,0,2,3,105" ten="250,250,250,250" oya="0" hai0="101,97,122,135,79,100,87,106,51,56,11,92,132" hai1="85,32,12,126,50,2,35,103,46,130,60,123,64" hai2="127,91,18,41,73,86,15,134,1,39,84,61,47" hai3="113,77,44,0,48,17,98,29,54,88,94,55,125"/><T83/><D11/><U58/><E123/><V49/><F1/><W26/><G113/><T20/><D20/><U121/><E121/><V16/><F127/><W43/><G125/><T76/><D122/><U21/><E2/><V38/><F134/><N who="0" m="51242" /><D51/><U30/><E130/><V52/><F73/><W68/><G68/><T118/><D56/><U108/><E108/><V109/><F84/><W99/><G0/><T78/><D118/><U89/><E103/><N who="0" m="39497" /><D106/><U33/><E126/><V102/><F109/><W57/><G17/><T67/><D67/><U53/><E12/><V116/><F116/><W117/><G55/><T75/><D87/><U70/><E70/><V96/><F61/><W13/><G13/><T111/><D111/><U131/><E21/><V40/><F39/><W7/><G7/><T115/><D115/><U71/><E71/><V65/><F65/><W14/><G14/><T45/><D45/><U31/><E131/><V19/><F38/><W119/><G119/><T24/><D24/><U9/><E9/><V10/><F40/><W36/><G26/><T62/><D62/><U120/><E120/><V69/><F41/><W95/><G29/><T25/><D25/><U42/><E42/><V80/><F69/><W124/><G124/><T59/><D59/><U63/><E63/><V81/><F19/><W114/><G114/><T128/><D128/><U112/><E112/><V90/><F18/><W34/><G117/><T23/><D23/><U22/><E22/><V3/><F3/><W66/><G66/><T72/><D72/><U27/><E31/><V107/><F86/><RYUUKYOKU ba="0,0" sc="250,10,250,10,250,10,250,-30" hai0="75,76,78,79,83,92,97" hai1="27,30,32,33,35,46,50,53,58,60,64,85,89" hai2="10,15,16,47,49,52,80,81,90,91,96,102,107" /><INIT seed="0,1,0,5,5,94" ten="260,260,260,220" oya="0" hai0="102,113,51,117,70,73,81,120,83,27,15,101,127" hai1="14,2,34,30,60,13,44,31,104,75,5,76,99" hai2="62,90,82,47,57,108,4,92,71,123,125,40,18" hai3="43,50,77,36,19,126,124,130,121,59,32,119,129"/><T135/><D120/><U12/><E34/><V3/><F71/><W22/><G32/><T100/><D70/><U97/><E60/><V61/><F3/><W79/><G119/><T107/><D117/><U53/><E104/><V7/><F108/><W11/><G121/><T28/><D113/><U72/><E2/><V114/><F114/><W63/><G36/><T110/><D127/><N who="3" m="48681" /><G11/><T131/><D135/><U66/><E66/><V38/><F125/><W85/><G50/><T55/><D131/><N who="3" m="50185" /><G85/><T49/><D107/><U0/><E0/><V115/><F38/><W64/><G43/><T1/><D1/><U84/><E75/><V10/><F10/><W42/><G42/><T109/><D15/><AGARI ba="1,0" hai="15,19,22,59,63,64,77,79" m="50185,48681" machi="15" ten="30,2000,0" yaku="18,1,19,1" doraHai="94" who="3" fromWho="0" sc="260,-23,260,0,260,0,220,23" /><INIT seed="1,0,0,0,0,107" ten="237,260,260,243" oya="1" hai0="108,99,33,93,27,3,13,38,39,7,24,49,29" hai1="16,84,42,10,40,51,11,126,85,92,114,55,71" hai2="57,65,8,125,58,50,59,41,100,62,87,103,48" hai3="17,54,101,28,45,68,53,110,79,123,56,70,124"/><U132/><E114/><V2/><F125/><W128/><G123/><T0/><D108/><U64/><E126/><V23/><F23/><W97/><G124/><T66/><D66/><U25/><E132/><V67/><F2/><W109/><G128/><T90/><D27/><U120/><E120/><V20/><F8/><N who="1" m="3113" /><E71/><V76/><F20/><W4/><G4/><T102/><D13/><U80/><E64/><V78/><F41/><N who="1" m="15977" /><E92/><V133/><F133/><W37/><G28/><T121/><D121/><U135/><E80/><V52/><F48/><N who="3" m="28815" /><G79/><N who="2" m="30249" /><F87/><N who="1" m="33353" /><E135/><V6/><F6/><W98/><G68/><T127/><D127/><U111/><E111/><V95/><F95/><W60/><G70/><T19/><D7/><U117/><E117/><V116/><F116/><W113/><G113/><T119/><D119/><U75/><E75/><V77/><F77/><W72/><G72/><T35/><D35/><U47/><E25/><V122/><F122/><W134/><G134/><T18/><D3/><U14/><E14/><V106/><F106/><W69/><G69/><T46/><D0/><U43/><E43/><V36/><F36/><W115/><G37/><T5/><D5/><U73/><E73/><V86/><F86/><W12/><G115/><T94/><D39/><U22/><E22/><V82/><F82/><W130/><G109/><T9/><D38/><U61/><E16/><N who="0" m="6185" /><D9/><U21/><E21/><V34/><F34/><W88/><G110/><T26/><D26/><U118/><E118/><V91/><F67/><W32/><G32/><T83/><D83/><U1/><E1/><V15/><F65/><RYUUKYOKU ba="0,0" sc="237,-10,260,30,260,-10,243,-10" hai1="47,51,55,61" /><INIT seed="1,1,0,4,1,15" ten="227,290,250,233" oya="1" hai0="51,125,62,126,96,79,73,74,119,78,17,86,39" hai1="29,104,94,134,26,132,115,33,18,118,48,8,102" hai2="97,34,54,16,103,19,42,77,72,88,25,110,121" hai3="28,87,108,5,81,68,69,35,63,84,71,135,105"/><U47/><E104/><V22/><F121/><W116/><G105/><T14/><D39/><U1/><E115/><V56/><F34/><W113/><G113/><T85/><D119/><U131/><E118/><V50/><F110/><W75/><G116/><T106/><D62/><U101/><E131/><V66/><F66/><W76/><G108/><T37/><D37/><U129/><E129/><V61/><F72/><N who="0" m="27754" /><D51/><U53/><E94/><N who="2" m="58807" /><F77/><N who="0" m="29194" /><D96/><U41/><E41/><V27/><F88/><W36/><G36/><T59/><D59/><U10/><E1/><V44/><F25/><W91/><G63/><T122/><D122/><U133/><REACH who="1" step="1"/><E10/><REACH who="1" ten="227,280,250,233" step="2"/><V95/><F95/><W124/><G75/><T83/><D106/><U21/><E21/><V123/><F123/><W80/><G35/><T45/><D83/><U70/><E70/><V98/><F98/><W107/><G107/><T100/><D100/><U90/><E90/><V40/><F42/><W52/><G71/><T49/><D86/><U109/><E109/><V117/><F117/><W130/><G69/><T2/><D85/><U89/><E89/><V0/><F0/><W120/><G68/><T3/><D3/><U31/><E31/><AGARI ba="1,1" hai="16,19,22,27,31,40,44,50,54,56,61" m="58807" machi="31" ten="30,7700,0" yaku="8,1,52,2,54,1" doraHai="15" who="2" fromWho="1" sc="227,0,280,-80,250,90,233,0" /><INIT seed="2,0,0,4,0,69" ten="227,200,340,233" oya="2" hai0="54,40,135,97,13,101,37,82,30,99,45,113,93" hai1="7,53,98,118,17,74,122,19,0,57,132,79,9" hai2="95,21,125,70,59,77,100,111,24,112,115,2,5" hai3="29,84,133,23,42,61,123,38,34,83,127,78,33"/><V117/><F70/><W63/><G123/><T130/><D113/><U1/><E118/><V108/><F77/><W26/><G133/><T80/><D135/><U67/><E132/><V39/><F59/><W12/><G127/><T105/><D130/><U25/><E122/><V43/><F117/><W14/><G14/><T3/><D3/><U119/><E119/><V94/><F125/><W116/><G116/><T49/><D13/><U71/><E1/><V85/><F5/><W51/><G51/><T6/><D30/><U107/><E25/><V16/><F2/><W73/><G73/><T114/><D6/><U129/><E129/><V106/><F106/><W35/><REACH who="3" step="1"/><G12/><REACH who="3" ten="227,200,340,223" step="2"/><T131/><D131/><U66/><E74/><V81/><F115/><W27/><G27/><T121/><D121/><U4/><E0/><V64/><F112/><W65/><G65/><T48/><D48/><U62/><E67/><V15/><F64/><W91/><G91/><T46/><D114/><U20/><E66/><V102/><F24/><W87/><G87/><T55/><D55/><U68/><E53/><V120/><F120/><W86/><G86/><T72/><D72/><U92/><E71/><V75/><F75/><W44/><AGARI ba="0,1" hai="23,26,29,33,34,35,38,42,44,61,63,78,83,84" machi="44" ten="40,5200,0" yaku="1,1,0,1,52,1,53,0" doraHai="69" doraHaiUra="124" who="3" fromWho="3" sc="227,-13,200,-13,340,-26,223,62" /><INIT seed="3,0,0,4,4,61" ten="214,187,314,285" oya="3" hai0="3,120,113,66,99,6,123,134,16,49,78,98,39" hai1="43,31,109,107,92,64,133,88,41,95,40,33,12" hai2="55,44,21,37,79,96,104,52,25,30,57,9,75" hai3="2,89,50,93,119,32,83,82,0,24,121,34,4"/><W62/><G119/><T130/><D39/><U48/><E107/><V35/><F75/><W124/><G121/><T94/><D78/><U1/><E1/><V108/><F108/><W103/><G103/><T87/><D113/><U19/><E109/><V132/><F132/><W131/><G131/><T10/><D134/><U106/><E106/><V14/><F79/><W27/><G124/><T26/><D130/><U42/><E133/><V77/><F77/><W5/><G62/><T56/><D87/><U29/><E33/><V116/><F116/><W128/><G128/><T129/><D99/><U60/><N who="1" m="10240" /><DORA hai="36" /><U81/><E60/><N who="2" m="35879" /><F35/><W22/><G50/><T126/><D66/><U68/><E68/><V13/><F104/><W80/><G80/><T46/><D56/><U105/><E48/><N who="2" m="29063" /><F37/><W118/><G118/><T97/><D126/><U86/><E64/><V112/><F112/><W67/><G67/><T38/><D38/><U45/><E45/><V85/><F85/><W47/><G47/><T18/><D129/><U11/><E105/><V17/><F13/><W69/><G69/><T76/><D46/><U7/><E7/><V70/><F70/><W111/><G5/><T15/><D49/><U90/><E81/><V115/><F115/><W73/><G4/><T54/><D6/><U101/><E101/><V117/><F117/><W71/><G71/><T125/><D3/><U91/><E91/><V100/><F100/><W65/><G2/><T84/><D125/><U110/><E110/><V20/><F9/><W28/><G0/><T63/><D123/><U127/><E127/><RYUUKYOKU ba="0,0" sc="214,-15,187,15,314,15,285,-15" hai1="11,12,19,29,31,86,88,90,92,95" hai2="14,17,20,21,25,30,96" /><INIT seed="4,1,0,3,3,59" ten="199,202,329,270" oya="0" hai0="128,77,71,10,47,15,49,88,70,19,121,95,109" hai1="9,13,22,2,31,127,93,133,21,3,58,81,37" hai2="28,107,124,40,68,25,120,45,74,16,110,35,20" hai3="117,86,82,48,39,18,17,30,105,131,98,53,50"/><T44/><D121/><U125/><E37/><V84/><F120/><W130/><G39/><T46/><D77/><U67/><E81/><V36/><F74/><W14/><G117/><T87/><D128/><N who="3" m="49193" /><G30/><T112/><D112/><U11/><E93/><V61/><F110/><W96/><G50/><T92/><D109/><U62/><E133/><V126/><F107/><W43/><G43/><T34/><D34/><U73/><E73/><V100/><F100/><N who="3" m="62599" /><G14/><T38/><D38/><U63/><E31/><V111/><F111/><W6/><G98/><T113/><D113/><U69/><E13/><V41/><F41/><W134/><G6/><T32/><D32/><U52/><E11/><V119/><F119/><W118/><G134/><T91/><REACH who="0" step="1"/><D49/><REACH who="0" ten="189,202,329,270" step="2"/><U64/><E127/><V57/><F124/><W83/><G118/><T101/><D101/><U26/><E125/><V108/><F126/><W116/><G116/><T12/><D12/><U56/><E3/><V115/><F108/><W90/><G82/><T4/><D4/><U102/><E102/><V51/><F115/><W123/><G123/><T27/><D27/><U78/><E26/><V132/><F132/><W7/><G7/><T104/><D104/><U0/><E0/><V85/><F36/><W55/><G48/><T97/><AGARI ba="1,1" hai="10,15,19,44,46,47,70,71,87,88,91,92,95,97" machi="97" ten="30,6000,0" yaku="1,1,0,1,54,1,53,0" doraHai="59" doraHaiUra="60" who="0" fromWho="0" sc="189,73,202,-21,329,-21,270,-21" /><INIT seed="4,2,0,5,0,98" ten="262,181,308,249" oya="0" hai0="28,71,129,127,133,93,106,124,17,32,25,119,23" hai1="29,26,116,75,113,86,135,120,108,13,53,6,2" hai2="109,34,115,15,50,46,94,64,101,30,96,60,117" hai3="87,81,88,97,47,39,51,40,27,112,121,37,65"/><T62/><D119/><U49/><E116/><V54/><F109/><W19/><G112/><T38/><D38/><U18/><E108/><V48/><F117/><W22/><G121/><T24/><D106/><U76/><E120/><V95/><F115/><W73/><G73/><T68/><D133/><U31/><E75/><V110/><F110/><W130/><G130/><T105/><D105/><U89/><E76/><V126/><F126/><N who="0" m="48170" /><D129/><U43/><E135/><V5/><F50/><W41/><G41/><T1/><D1/><U21/><E43/><V114/><F114/><W3/><G3/><T100/><D62/><U104/><E104/><N who="2" m="63527" /><F15/><W78/><REACH who="3" step="1"/><G65/><REACH who="3" ten="262,181,308,239" step="2"/><T72/><D72/><U56/><E113/><V118/><F118/><W84/><G84/><T33/><D33/><U55/><E2/><V128/><F128/><W66/><G66/><T77/><D32/><U134/><E134/><V90/><F34/><W125/><G125/><T107/><D71/><U74/><E74/><V10/><F64/><W52/><G52/><T63/><D68/><U57/><E55/><V85/><F54/><W12/><G12/><T59/><D25/><U16/><E57/><V35/><F85/><W67/><G67/><T79/><D59/><U8/><REACH who="1" step="1"/><E6/><REACH who="1" ten="262,171,308,239" step="2"/><V82/><F5/><W80/><G80/><AGARI ba="2,2" hai="8,13,16,18,21,26,29,31,49,53,56,80,86,89" machi="80" ten="30,8000,1" yaku="1,1,2,1,7,1,8,1,54,1,53,0" doraHai="98" doraHaiUra="91" who="1" fromWho="3" sc="262,0,171,106,308,0,239,-86" /><INIT seed="5,0,0,0,2,126" ten="262,277,308,153" oya="1" hai0="111,6,110,105,124,10,27,80,87,7,85,41,49" hai1="112,0,12,81,134,62,24,100,1,25,67,99,101" hai2="120,116,40,15,21,132,39,43,113,2,115,47,73" hai3="58,114,127,13,88,35,54,131,63,123,32,71,76"/><U5/><E112/><N who="2" m="43083" /><F120/><W92/><G114/><T23/><D105/><U18/><E134/><V46/><F2/><W121/><G127/><T30/><D124/><U4/><E81/><V17/><F73/><W133/><G133/><T68/><D68/><U89/><E89/><V135/><F116/><W34/><G76/><T19/><D87/><U57/><E1/><V60/><F60/><W55/><G71/><T29/><D7/><U20/><E101/><V16/><F17/><W108/><G108/><T36/><D36/><AGARI ba="0,0" hai="15,16,21,36,39,40,43,46,47,132,135" m="43083" machi="36" ten="30,3900,0" yaku="15,1,11,1,54,1" doraHai="126" who="2" fromWho="0" sc="262,-39,277,0,308,39,153,0" /><INIT seed="6,0,0,4,1,124" ten="223,277,347,153" oya="2" hai0="25,45,96,26,29,85,23,59,116,86,57,98,52" hai1="41,38,78,105,10,50,135,107,103,65,119,19,61" hai2="35,33,127,117,76,20,27,113,60,2,58,14,1" hai3="110,70,79,81,91,118,97,134,114,9,111,4,133"/><V0/><F117/><W83/><G70/><T82/><D116/><U95/><E119/><V75/><F127/><W31/><G31/><T121/><D121/><U11/><E38/><V53/><F113/><W92/><G118/><T104/><D104/><U40/><E135/><N who="3" m="51722" /><G9/><T87/><D82/><N who="3" m="31241" /><G4/><T74/><D74/><U3/><E78/><V109/><F109/><N who="3" m="41483" /><G79/><T123/><D123/><U106/><E11/><V102/><F76/><W84/><G114/><T62/><D45/><U6/><E10/><V34/><F14/><W100/><G84/><T42/><D42/><U56/><E6/><V132/><F132/><W94/><G94/><T43/><D43/><U17/><E95/><V72/><F20/><W129/><G129/><T101/><D101/><AGARI ba="0,0" hai="91,92,97,100,101" m="41483,31241,51722" machi="101" ten="40,5200,0" yaku="20,1,34,2" doraHai="124" who="3" fromWho="0" sc="223,-52,277,0,347,0,153,52" /><INIT seed="7,0,0,5,0,122" ten="171,277,347,205" oya="3" hai0="40,49,11,38,10,58,22,4,14,75,37,81,82" hai1="3,99,59,60,80,27,76,86,13,84,1,67,34" hai2="2,97,111,117,91,43,68,108,71,56,47,85,89" hai3="17,133,134,102,121,125,63,114,109,9,126,57,50"/><W98/><G121/><T72/><D22/><U30/><E99/><V135/><F2/><W36/><G36/><T7/><D58/><U74/><E74/><V119/><F56/><W88/><G114/><T35/><D49/><U24/><E24/><V104/><F97/><W6/><G50/><T0/><D40/><U52/><E86/><V115/><F85/><W127/><G17/><T118/><D118/><U106/><E106/><V77/><F77/><W45/><G45/><T20/><D20/><U46/><E13/><V5/><F104/><W123/><G123/><T53/><D53/><U92/><E92/><V54/><F54/><W44/><G44/><T107/><D107/><U69/><E46/><V95/><F47/><W25/><G25/><T101/><D101/><U112/><E112/><V15/><F43/><W26/><G26/><T110/><D35/><U8/><E8/><V12/><F115/><W120/><G120/><T131/><D131/><U32/><E34/><V96/><F119/><W62/><G102/><T93/><D93/><U124/><E124/><V31/><F95/><N who="3" m="56679" /><G109/><T33/><D33/><U128/><E128/><V94/><F108/><W64/><G63/><AGARI ba="0,0" hai="1,3,27,30,32,52,59,60,63,67,69,76,80,84" machi="63" ten="30,2000,0" yaku="7,1,54,1" doraHai="122" who="1" fromWho="3" sc="171,0,277,20,347,0,205,-20" owari="171,-33.0,297,10.0,347,44.0,185,-21.0" /></mjloggm>