<mjloggm ver="2.3"><GO type="169" lobby="0"/><UN n0="%E5%A4%9A%E6%91%A9%E3%82%BD%E3%83%BC%E3%82%B8" n1="%47%65%61%72" n2="%E3%81%B2%E3%81%BF%E3%81%A6%E3%82%93" n3="%74%6F%72%69%30%36%31%32" dan="16,16,16,17" rate="2070.82,2069.65,2108.62,2151.11" sx="M,M,M,M"/><TAIKYOKU oya="0"/><INIT seed="0,0,0,3,1,61" ten="250,250,250,250" oya="0" hai0="54,38,28,90,108,95,1,62,89,56,52,93,57" hai1="35,43,119,135,128,53,122,33,64,58,69,109,39" hai2="80,134,102,68,74,100,131,17,40,44,34,3,72" hai3="127,67,118,65,124,83,10,0,123,82,91,50,49"/><T55/><D38/><U6/><E119/><V12/><F134/><W111/><G111/><T78/><D1/><U18/><E122/><V22/><F34/><W107/><G107/><T24/><D78/><U42/><E6/><V8/><F131/><W41/><G118/><T98/><D108/><U84/><E109/><V75/><F80/><N who="3" m="30763" /><G91/><T70/><D70/><U5/><E5/><V45/><F45/><N who="3" m="25775" /><G123/><T105/><D105/><U96/><E84/><V92/><F92/><W97/><G97/><T85/><REACH who="0" step="1"/><D56/><REACH who="0" ten="240,250,250,250" step="2"/><U4/><E69/><V46/><F46/><W16/><G0/><T132/><D132/><U87/><E58/><V63/><F3/><W25/><G127/><T27/><D27/><U130/><E135/><V112/><F112/><W26/><G124/><T60/><D60/><U120/><E39/><V21/><F68/><W66/><G50/><T76/><D76/><U121/><E121/><V104/><F104/><W79/><G79/><T23/><AGARI ba="0,1" hai="23,24,28,52,54,55,57,62,85,89,90,93,95,98" machi="23" ten="20,12000,1" yaku="1,1,0,1,7,1,8,1,54,1,53,0" doraHai="61" doraHaiUra="36" who="0" fromWho="0" sc="240,130,250,-40,250,-40,250,-40" /><INIT seed="0,1,0,5,2,56" ten="370,210,210,210" oya="0" hai0="108,101,120,21,132,107,83,35,129,73,4,9,95" hai1="49,104,39,131,62,12,75,67,135,0,37,10,74" hai2="128,19,27,6,99,8,54,65,88,57,18,76,119" hai3="63,46,66,72,2,68,3,30,45,77,69,25,80"/><T91/><D120/><U41/><E131/><V78/><F128/><W98/><G69/><T126/><D129/><U87/><E135/><V28/><F65/><W81/><G81/><T93/><D35/><U26/><E49/><V92/><F119/><W106/><G46/><T82/><D132/><U110/><E110/><V33/><F76/><W123/><G45/><T103/><D126/><U115/><E115/><V24/><F78/><W60/><G60/><T79/><D108/><U34/><E12/><V48/><REACH who="2" step="1"/><F27/><REACH who="2" ten="370,210,200,210" step="2"/><W52/><G123/><T51/><D79/><U118/><E118/><V109/><F109/><W100/><REACH who="3" step="1"/><G52/><REACH who="3" ten="370,210,200,200" step="2"/><T29/><D73/><U133/><E74/><V84/><F84/><W43/><G43/><T47/><D82/><U38/><E41/><V124/><F124/><W11/><G11/><T116/><D83/><U42/><E42/><V127/><F127/><W125/><G125/><T111/><D9/><U50/><E10/><V70/><F70/><W36/><G36/><T5/><D111/><U90/><E38/><V130/><F130/><W97/><G97/><T53/><D53/><U102/><E39/><V40/><F40/><W122/><G122/><T17/><D116/><U71/><E37/><V7/><F7/><W117/><G117/><T16/><D4/><U20/><E71/><V58/><F58/><W86/><G86/><T64/><D5/><U31/><E87/><V32/><F32/><AGARI ba="1,2" hai="2,3,25,30,32,63,66,68,72,77,80,98,100,106" machi="32" ten="30,16000,3" yaku="1,1,7,1,25,2,33,3,52,1,53,0" doraHai="56" doraHaiUra="134" who="3" fromWho="2" sc="370,0,210,0,200,-163,200,183" /><INIT seed="1,0,0,2,1,92" ten="370,210,37,383" oya="1" hai0="21,62,9,115,30,119,56,16,52,97,38,37,90" hai1="95,122,80,22,125,57,70,131,3,86,12,58,45" hai2="101,135,98,130,81,53,82,41,117,88,28,129,5" hai3="69,63,44,132,113,114,51,48,33,87,71,124,1"/><U49/><E122/><V68/><F68/><W133/><G1/><T29/><D119/><U78/><E70/><N who="3" m="26634" /><G33/><T108/><D108/><U24/><E131/><N who="2" m="50187" /><F117/><W103/><G103/><T43/><D115/><N who="3" m="44041" /><G87/><T99/><D43/><U59/><E125/><V55/><F41/><N who="3" m="24591" /><G63/><T106/><D106/><U60/><E12/><V6/><F28/><N who="0" m="10858" /><D38/><U19/><E3/><V84/><F81/><W107/><G107/><T116/><D37/><U50/><E95/><N who="2" m="58591" /><F135/><N who="3" m="51787" /><G51/><N who="1" m="19466" /><E45/><V96/><F96/><N who="0" m="36938" /><D116/><U120/><E120/><V118/><F118/><W76/><G76/><T89/><D9/><U42/><E42/><V0/><F0/><W127/><AGARI ba="0,0" hai="124,127" m="51787,24591,44041,26634" machi="127" ten="40,5200,0" yaku="20,1,34,2" doraHai="92" who="3" fromWho="3" sc="370,-13,210,-26,37,-13,383,52" /><INIT seed="2,0,0,5,2,8" ten="357,184,24,435" oya="2" hai0="47,127,57,85,31,115,80,104,36,15,32,41,116" hai1="58,89,75,132,113,25,94,134,125,17,26,106,131" hai2="29,27,123,92,133,54,1,37,88,86,4,40,22" hai3="126,9,38,110,7,82,99,45,11,46,16,87,14"/><V42/><F123/><W71/><G71/><T117/><D115/><U6/><E113/><V67/><F133/><W30/><G110/><T68/><D68/><U48/><E106/><V61/><F37/><W103/><G30/><T96/><D127/><U35/><E75/><V49/><F4/><W119/><G119/><T122/><D122/><U81/><E125/><V105/><F105/><W21/><G11/><T62/><D31/><U98/><E6/><V5/><F5/><W129/><G129/><T108/><D32/><U60/><E131/><V97/><F1/><W101/><G38/><T91/><D108/><U69/><E17/><V84/><F84/><W55/><G55/><T53/><REACH who="0" step="1"/><D15/><REACH who="0" ten="347,184,24,435" step="2"/><U50/><E35/><V120/><F120/><W107/><G126/><T59/><D59/><U128/><E128/><V20/><F20/><W79/><G103/><AGARI ba="0,1" hai="36,41,47,53,57,62,80,85,91,96,103,104,116,117" machi="103" ten="40,1300,0" yaku="1,1,53,0" doraHai="8" doraHaiUra="12" who="0" fromWho="3" sc="347,23,184,0,24,0,435,-13" /><INIT seed="3,0,0,3,1,88" ten="370,184,24,422" oya="3" hai0="14,38,66,41,125,63,103,117,16,18,116,29,121" hai1="115,114,3,118,56,120,130,8,32,7,98,27,33" hai2="39,91,69,64,60,43,51,68,102,106,1,62,86" hai3="97,23,129,75,48,113,28,92,45,94,58,80,77"/><W9/><G113/><T95/><D121/><U55/><E120/><V67/><F1/><W13/><G129/><T17/><D125/><U108/><E108/><V84/><F39/><W85/><G75/><T119/><D29/><U6/><E130/><V54/><F43/><N who="3" m="24639" /><G97/><T89/><D103/><U59/><E118/><V126/><F126/><W35/><G35/><T99/><D41/><U11/><E55/><V31/><F31/><W53/><G23/><T71/><REACH who="0" step="1"/><D38/><REACH who="0" ten="360,184,24,422" step="2"/><U26/><E3/><V104/><F102/><W15/><G28/><T4/><D4/><U81/><E6/><V134/><F134/><W78/><G78/><T131/><D131/><U135/><E7/><V132/><F132/><W50/><G15/><AGARI ba="0,1" hai="14,15,16,17,18,63,66,71,89,95,99,116,117,119" machi="15" ten="50,6400,0" yaku="1,1,52,1,54,1,53,0" doraHai="88" doraHaiUra="46" who="0" fromWho="3" sc="360,74,184,0,24,0,422,-64" /><INIT seed="4,0,0,4,3,61" ten="434,184,24,358" oya="0" hai0="59,24,54,85,44,124,135,121,101,12,134,62,2" hai1="53,58,1,43,123,64,86,17,35,42,66,22,23" hai2="113,57,102,105,30,26,95,117,107,103,15,52,89" hai3="8,72,77,41,49,126,100,60,125,119,122,130,97"/><T13/><D121/><U29/><E1/><V91/><F113/><W48/><G119/><T5/><D124/><N who="3" m="47721" /><G130/><T116/><D116/><U21/><E123/><V45/><F117/><W37/><G122/><T109/><D109/><U55/><E35/><V75/><F75/><W87/><G72/><T83/><D101/><U79/><E29/><V28/><F45/><N who="3" m="23727" /><G8/><N who="0" m="2103" /><D24/><U104/><E104/><V111/><F111/><W133/><G133/><N who="0" m="50699" /><D44/><U80/><E17/><V73/><F73/><W76/><G60/><T32/><D32/><U99/><E99/><V16/><F105/><N who="3" m="63631" /><G87/><T129/><D129/><U10/><E10/><N who="2" m="6263" /><F107/><W6/><G6/><T74/><D74/><U39/><E39/><V81/><F81/><W118/><G118/><T19/><D19/><U4/><E4/><V51/><F102/><W69/><G69/><T98/><D98/><U127/><E127/><V40/><F40/><N who="1" m="15401" /><E53/><V27/><F103/><W14/><G14/><T38/><D38/><U3/><E3/><V110/><F110/><W112/><G112/><T132/><D132/><U84/><E84/><N who="2" m="52647" /><F91/><AGARI ba="0,0" hai="12,13,54,59,62,83,85,91" m="50699,2103" machi="91" ten="30,1500,0" yaku="20,1" doraHai="61" who="0" fromWho="2" sc="434,15,184,0,24,-15,358,0" /><INIT seed="4,1,0,0,2,50" ten="449,184,9,358" oya="0" hai0="86,69,1,75,18,26,5,12,61,118,40,130,63" hai1="117,60,43,90,31,4,97,109,52,133,10,41,58" hai2="72,34,55,85,48,71,107,92,103,32,44,62,89" hai3="80,54,38,135,29,66,24,11,79,23,122,68,30"/><T132/><D75/><U93/><E109/><V53/><F72/><W113/><G113/><T3/><D118/><U67/><E133/><V121/><F121/><W36/><G135/><T134/><D132/><U115/><E115/><V17/><F107/><W131/><G122/><T123/><D134/><U81/><E117/><V6/><F6/><W16/><G131/><T46/><D123/><U129/><E129/><V78/><F71/><W64/><G38/><T96/><D26/><U104/><E31/><V125/><F125/><W102/><G36/><T28/><D28/><U91/><E67/><V101/><F34/><W111/><G102/><N who="2" m="38921" /><F32/><W21/><G11/><T114/><D5/><U74/><E104/><V51/><F17/><W35/><G35/><T59/><D69/><U94/><E74/><V77/><F48/><W70/><G111/><T120/><D120/><U22/><E22/><V14/><F14/><W100/><G100/><T110/><D12/><N who="1" m="5191" /><E81/><V106/><F106/><W9/><G9/><T124/><D1/><U7/><E7/><V57/><AGARI ba="1,0" hai="44,51,53,55,57,62,77,78,85,89,92" m="38921" machi="57" ten="30,4000,0" yaku="8,1,52,2" doraHai="50" who="2" fromWho="2" sc="449,-21,184,-11,9,43,358,-11" /><INIT seed="5,0,0,3,5,14" ten="428,173,52,347" oya="1" hai0="16,100,30,61,105,54,28,93,126,83,37,123,41" hai1="68,29,77,118,24,53,36,1,111,65,80,15,91" hai2="90,52,48,3,51,44,124,98,17,103,25,121,132" hai3="19,95,94,55,92,99,109,12,57,38,110,2,39"/><U128/><E118/><V112/><F121/><W72/><G2/><T56/><D105/><U76/><E111/><V116/><F116/><W43/><G72/><T89/><D126/><U33/><E1/><V135/><F124/><W5/><G5/><T88/><D123/><U119/><E119/><V133/><F3/><W115/><G115/><T11/><D41/><U122/><E122/><V58/><F112/><W21/><G99/><N who="0" m="59503" /><D37/><U84/><E36/><V62/><F90/><N who="0" m="34922" /><D83/><U71/><E128/><V85/><F85/><W106/><G106/><T102/><D102/><U134/><E65/><V79/><F79/><W45/><REACH who="3" step="1"/><G39/><REACH who="3" ten="428,173,52,337" step="2"/><T117/><D117/><U60/><E71/><V120/><F120/><W114/><G114/><T127/><D127/><U47/><E68/><V113/><F113/><W6/><G6/><T131/><D131/><U50/><E60/><AGARI ba="0,1" hai="12,19,21,38,43,45,55,57,60,92,94,95,109,110" machi="60" ten="40,2600,0" yaku="1,1,52,1,53,0" doraHai="14" doraHaiUra="104" who="3" fromWho="1" sc="428,0,173,-26,52,0,337,36" /><INIT seed="6,0,0,5,4,79" ten="428,147,52,373" oya="2" hai0="127,5,95,121,135,126,71,91,110,61,106,12,104" hai1="62,78,7,64,46,128,11,25,134,17,86,69,102" hai2="77,133,124,82,125,84,130,132,114,129,131,92,105" hai3="3,31,2,103,14,111,20,81,42,24,0,97,123"/><V9/><F9/><W26/><G123/><T57/><D110/><U93/><E128/><V83/><F105/><W59/><G111/><T98/><D71/><U40/><E134/><N who="2" m="51819" /><F114/><W18/><G42/><T72/><D72/><U74/><E17/><V100/><F100/><W65/><G59/><T85/><D121/><U54/><E54/><V33/><F33/><W21/><G65/><N who="0" m="39087" /><D135/><U87/><E25/><V45/><F45/><W39/><G39/><T58/><D58/><U8/><E8/><V88/><F77/><W35/><G97/><T27/><D27/><U13/><E102/><V68/><F68/><W76/><G103/><T53/><D12/><U1/><E13/><V101/><F101/><W51/><G51/><T63/><D5/><U109/><E109/><V36/><F36/><W34/><REACH who="3" step="1"/><G26/><REACH who="3" ten="428,147,52,363" step="2"/><T16/><D98/><U29/><E40/><V38/><F38/><W49/><G49/><T99/><D99/><U118/><E69/><V120/><F120/><W70/><G70/><T55/><D106/><U41/><E41/><V19/><F19/><W44/><G44/><T94/><D104/><U96/><E46/><V43/><F43/><W48/><G48/><T89/><D16/><U28/><E96/><V117/><F117/><W60/><G60/><T23/><D63/><U30/><E62/><V108/><F108/><W122/><G122/><T75/><D55/><U22/><E118/><V113/><F113/><W56/><G56/><T32/><D53/><U119/><E119/><V116/><F116/><W10/><G10/><T4/><D4/><U80/><E7/><RYUUKYOKU ba="0,1" sc="428,-15,147,-15,52,15,363,15" hai2="82,83,84,88,92,124,125,129,130,131" hai3="0,2,3,14,18,20,21,24,31,34,35,76,81" /><INIT seed="6,1,1,0,5,120" ten="413,132,67,378" oya="2" hai0="37,73,52,129,15,131,8,79,77,74,105,51,76" hai1="40,47,130,34,62,59,90,48,80,71,55,70,96" hai2="1,132,10,68,41,92,7,118,83,107,35,5,113" hai3="106,30,60,101,114,110,22,109,126,12,67,100,128"/><V16/><F118/><W72/><G72/><T135/><D37/><U32/><E130/><N who="0" m="49673" /><D105/><U91/><E70/><V134/><F113/><W4/><G128/><T20/><D20/><U127/><E127/><V117/><F117/><W11/><G126/><T88/><D88/><U33/><E80/><V45/><F107/><W63/><G114/><T54/><D135/><N who="2" m="51754" /><F68/><W43/><G43/><T64/><D64/><U115/><E115/><V46/><F35/><W57/><G63/><T66/><D66/><U123/><E123/><V13/><F83/><W49/><G49/><T61/><D61/><U122/><E122/><V86/><F1/><W3/><G106/><T104/><D104/><U24/><E24/><V69/><F69/><W124/><G124/><T23/><D23/><U27/><E27/><V19/><F5/><W18/><REACH who="3" step="1"/><G30/><REACH who="3" ten="413,132,67,368" step="2"/><T112/><D112/><U125/><E125/><V2/><F2/><W87/><G87/><T103/><D51/><U75/><E75/><N who="0" m="28681" /><D103/><AGARI ba="1,2" hai="3,4,11,12,18,22,57,60,67,100,101,103,109,110" machi="103" ten="40,12000,2" yaku="1,1,52,2,53,3" doraHai="120" doraHaiUra="98" who="3" fromWho="0" sc="413,-123,132,0,67,0,368,143" /><INIT seed="7,0,0,1,4,90" ten="290,132,67,511" oya="3" hai0="61,101,88,73,87,85,42,7,70,83,75,82,63" hai1="24,39,133,78,119,20,23,92,29,19,26,100,8" hai2="104,102,94,107,30,127,111,129,33,126,55,124,132" hai3="120,12,109,34,59,17,21,2,62,134,49,51,105"/><W108/><G105/><N who="2" m="40521" /><F55/><W131/><G120/><T110/><D101/><U135/><E39/><V53/><F53/><W115/><G34/><T40/><D7/><U114/><E114/><V50/><F50/><W60/><G2/><T81/><D110/><U45/><E119/><V74/><F33/><W38/><G38/><T56/><D70/><U18/><E78/><V112/><F30/><W16/><G115/><T1/><D1/><U13/><E45/><V117/><F112/><W3/><G3/><T52/><D63/><U32/><E92/><V130/><F117/><W46/><G134/><N who="1" m="51210" /><E100/><V122/><F132/><W71/><G71/><T41/><D82/><U79/><E79/><V9/><F9/><AGARI ba="0,0" hai="8,9,13,18,19,20,23,24,26,29,32" m="51210" machi="9" ten="30,3900,0" yaku="20,1,34,2" doraHai="90" who="1" fromWho="2" sc="290,0,132,39,67,-39,511,0" owari="290,9.0,171,-23.0,28,-47.0,511,61.0" /></mjloggm>