<mjloggm ver="2.3"><GO type="169" lobby="0"/><UN n0="%E3%81%88%E3%81%84%E3%81%BF" n1="%28%E6%A0%97%E7%94%B0%E6%81%AD%E5%AE%8F%29" n2="%74%6F%72%69%30%36%31%32" n3="%E3%81%B3%E3%82%8A%E3%81%B3%E3%82%8A%E2%98%86%E3%83%93%E3%83%AA%E3%83%BC" dan="16,16,17,16" rate="2138.08,2188.04,2183.62,2155.81" sx="F,F,M,M"/><TAIKYOKU oya="0"/><INIT seed="0,0,0,2,4,122" ten="250,250,250,250" oya="0" hai0="113,88,58,133,31,121,70,76,15,18,91,107,89" hai1="60,36,111,26,129,20,7,23,33,118,135,114,62" hai2="25,102,106,96,21,98,42,74,116,30,29,95,73" hai3="134,117,71,12,44,86,82,38,64,6,123,90,69"/><T49/><D113/><U3/><E118/><V101/><F116/><W50/><G117/><T16/><D121/><U39/><E33/><V53/><F30/><W67/><G123/><T51/><D70/><U99/><E135/><V81/><F42/><W85/><G38/><T59/><D133/><U22/><E129/><V63/><F81/><W40/><G134/><T132/><D132/><U24/><E114/><V83/><F83/><N who="3" m="49471" /><G69/><T14/><D107/><U131/><E131/><V19/><F53/><W1/><G1/><T65/><D76/><U35/><E35/><V27/><REACH who="2" step="1"/><F63/><REACH who="2" ten="250,250,240,250" step="2"/><W79/><G71/><T125/><D31/><U4/><E62/><V130/><F130/><W57/><G57/><N who="0" m="21515" /><D65/><U78/><E60/><V46/><F46/><W109/><G64/><T97/><D125/><U37/><E37/><V32/><AGARI ba="0,1" hai="19,21,25,27,29,32,73,74,95,96,98,101,102,106" machi="32" ten="20,8000,1" yaku="1,1,0,1,7,1,53,2" doraHai="122" doraHaiUra="105" who="2" fromWho="2" sc="250,-40,250,-20,240,90,250,-20" /><INIT seed="1,0,0,0,5,101" ten="210,230,330,230" oya="1" hai0="105,112,43,29,133,25,126,132,75,100,13,15,55" hai1="4,62,30,37,7,34,96,70,47,44,28,5,52" hai2="117,130,57,16,135,99,118,134,90,85,110,106,68" hai3="20,18,131,113,122,107,59,121,14,109,39,33,51"/><U27/><E37/><V40/><F68/><W45/><G113/><T114/><D75/><U56/><E70/><V71/><F71/><W9/><G33/><T120/><D43/><U80/><E30/><V24/><F40/><W111/><G39/><T22/><D55/><U129/><E129/><V0/><F0/><W88/><G59/><T102/><D102/><U76/><REACH who="1" step="1"/><E96/><REACH who="1" ten="210,220,330,230" step="2"/><V128/><F130/><W108/><G131/><T58/><D29/><U94/><E94/><V60/><F128/><W95/><G107/><T12/><D105/><U42/><E42/><V32/><F118/><W2/><G122/><T67/><D120/><U103/><E103/><V127/><F117/><W63/><G121/><T98/><D100/><U92/><E92/><V81/><F99/><W72/><G95/><T77/><D98/><U1/><E1/><V23/><F106/><W69/><G2/><T78/><D112/><U41/><E41/><V104/><F104/><W61/><G69/><T74/><D114/><U89/><E89/><V83/><F134/><W73/><G88/><T21/><D133/><U124/><E124/><V91/><F127/><W82/><G111/><T64/><D132/><U54/><E54/><N who="2" m="33847" /><F110/><W3/><G3/><T116/><D126/><U53/><E53/><V86/><F135/><W79/><G108/><T35/><D116/><U31/><E31/><V115/><F115/><W8/><G109/><T50/><D67/><U87/><AGARI ba="0,1" hai="4,5,7,27,28,34,44,47,52,56,62,76,80,87" machi="87" ten="30,6000,0" yaku="1,1,0,1,54,1,53,0" doraHai="101" doraHaiUra="6" who="1" fromWho="1" sc="210,-20,220,70,330,-20,230,-20" /><INIT seed="1,1,0,1,0,135" ten="190,290,310,210" oya="1" hai0="70,125,55,46,49,74,82,107,75,77,51,90,78" hai1="0,130,102,124,27,114,76,121,20,97,128,103,41" hai2="28,132,32,19,3,84,110,6,42,24,117,22,37" hai3="43,96,47,98,127,17,81,111,126,26,14,30,16"/><U4/><E114/><V39/><F117/><W25/><G111/><T116/><D116/><U62/><E121/><V31/><F110/><W89/><G81/><T61/><D107/><U7/><E41/><V35/><F42/><W68/><G68/><T73/><D70/><U11/><E7/><V85/><F132/><W23/><G17/><T10/><D61/><U64/><E76/><V40/><F40/><W44/><G26/><T93/><D10/><U94/><E103/><V1/><F19/><W45/><G43/><T9/><D9/><U80/><E80/><V15/><F15/><W92/><REACH who="3" step="1"/><G96/><REACH who="3" ten="190,290,310,200" step="2"/><T101/><D82/><U99/><E99/><V58/><F24/><W131/><G131/><T63/><D73/><U115/><E115/><V120/><F6/><W95/><G95/><T118/><D74/><U60/><E130/><V33/><F120/><W86/><G86/><T59/><D75/><U5/><E5/><V129/><F129/><W50/><G50/><T105/><D51/><U13/><E128/><V56/><F35/><AGARI ba="1,1" hai="14,16,23,25,30,35,44,45,47,89,92,98,126,127" machi="35" ten="40,8000,1" yaku="1,1,52,2,54,1,53,0" doraHai="135" doraHaiUra="67" who="3" fromWho="2" sc="190,0,290,0,310,-83,200,93" /><INIT seed="2,0,0,3,2,29" ten="190,290,227,293" oya="2" hai0="60,85,92,32,20,7,112,70,36,79,13,15,94" hai1="45,124,53,58,102,73,101,16,117,51,66,69,108" hai2="135,134,46,40,35,86,119,56,83,62,98,127,2" hai3="23,42,123,128,24,110,41,105,107,19,39,31,76"/><V12/><F2/><W113/><G123/><T72/><D36/><U106/><E117/><V129/><F119/><W100/><G110/><T81/><D112/><U37/><E73/><V109/><F127/><W55/><G128/><T22/><D72/><U9/><E108/><V17/><F98/><W26/><G76/><T130/><D130/><U57/><E124/><V93/><F93/><W80/><G80/><T28/><D60/><N who="1" m="40135" /><E106/><V59/><F35/><W27/><G113/><T114/><D70/><U68/><E57/><V8/><F129/><W10/><G107/><T44/><D44/><U75/><E75/><V6/><F17/><W77/><G77/><T14/><D7/><U121/><E68/><V50/><F109/><W91/><G91/><T78/><D78/><U118/><E121/><V120/><F120/><W126/><G126/><T33/><D114/><U90/><E90/><V74/><F74/><W1/><G1/><T122/><D122/><U131/><E118/><V30/><F30/><W115/><G31/><T89/><D92/><U54/><E54/><V71/><F71/><W47/><G55/><T38/><D28/><U63/><E63/><V0/><F0/><W5/><G105/><T88/><D89/><U61/><E131/><V103/><F103/><W84/><G100/><T49/><D49/><U52/><E37/><V25/><F25/><W67/><G39/><T43/><D32/><U97/><E97/><V133/><F62/><W111/><G111/><T18/><D33/><U116/><E116/><V48/><F48/><W87/><G115/><T96/><D18/><RYUUKYOKU ba="0,0" sc="190,10,290,10,227,10,293,-30" hai0="13,14,15,20,22,38,43,79,81,85,88,94,96" hai1="9,16,45,51,52,53,58,61,101,102" hai2="6,8,12,40,46,50,56,59,83,86,133,134,135" /><INIT seed="2,1,0,1,0,122" ten="200,300,237,263" oya="2" hai0="109,54,11,125,121,8,32,18,57,44,55,75,2" hai1="47,21,99,10,52,94,117,19,56,91,79,43,63" hai2="131,76,73,83,6,98,9,92,39,31,27,119,22" hai3="126,70,61,88,50,29,12,65,46,66,53,13,25"/><V35/><F119/><W68/><G126/><T112/><D121/><U59/><E117/><V104/><F131/><W116/><G116/><T14/><D32/><U4/><E79/><V81/><F104/><W80/><G66/><T82/><D112/><U77/><E77/><V42/><F83/><W26/><G70/><T115/><D115/><U130/><E130/><V28/><F42/><W93/><G80/><T127/><D82/><U0/><E59/><V135/><F39/><W124/><G124/><N who="0" m="47691" /><D75/><U74/><E74/><V111/><F135/><W84/><REACH who="3" step="1"/><G26/><REACH who="3" ten="200,300,237,253" step="2"/><T71/><D71/><U5/><E0/><V40/><F81/><W101/><G101/><T134/><D2/><U132/><E132/><V45/><F73/><W114/><G114/><T100/><D100/><U85/><E10/><V123/><F123/><W97/><G97/><T86/><D8/><U96/><E96/><V64/><F64/><W87/><G87/><T1/><D86/><U16/><E85/><V113/><F113/><W15/><G15/><T41/><D1/><U95/><E95/><V48/><F76/><W103/><G103/><T62/><D134/><U118/><E118/><V128/><F128/><W107/><G107/><T37/><D54/><U23/><E43/><V17/><F98/><W129/><G129/><T36/><D41/><U24/><E47/><V3/><F92/><W20/><AGARI ba="1,1" hai="12,13,20,25,29,46,50,53,61,65,68,84,88,93" machi="20" ten="20,8000,1" yaku="1,1,0,1,7,1,54,1,53,1" doraHai="122" doraHaiUra="90" who="3" fromWho="3" sc="200,-21,300,-21,237,-41,253,93" /><INIT seed="3,0,0,4,4,71" ten="179,279,196,346" oya="3" hai0="18,114,3,19,135,132,25,117,58,106,103,119,59" hai1="125,16,38,127,113,124,2,83,57,84,118,115,29" hai2="98,35,129,26,111,130,91,70,42,110,51,13,128" hai3="74,73,47,94,62,32,90,46,116,99,100,60,88"/><W81/><G116/><N who="0" m="44619" /><D103/><U39/><E2/><V44/><F70/><W134/><G32/><T30/><D106/><U123/><E123/><V107/><F13/><W80/><G100/><T63/><D63/><U33/><E118/><V68/><F68/><W109/><G94/><T52/><D59/><U102/><E102/><N who="2" m="62935" /><F91/><W12/><G12/><T97/><D97/><U104/><E104/><V24/><F35/><W34/><G34/><N who="0" m="20815" /><D114/><N who="1" m="43531" /><E57/><V53/><F53/><W79/><G99/><T93/><D93/><U20/><E29/><V21/><F26/><W45/><G45/><T122/><D122/><U96/><E96/><V9/><F9/><W69/><G69/><T65/><D65/><U4/><E4/><V27/><F27/><W133/><REACH who="3" step="1"/><G79/><REACH who="3" ten="179,279,196,336" step="2"/><T131/><D3/><U17/><E33/><V8/><F8/><W54/><G54/><T76/><D76/><N who="1" m="46183" /><E17/><AGARI ba="0,1" hai="17,21,24,42,44,51,110,111,128,129,130" m="62935" machi="17" ten="30,1000,0" yaku="19,1" doraHai="71" who="2" fromWho="1" sc="179,0,279,-10,196,20,336,0" /><INIT seed="4,0,0,3,5,8" ten="179,269,216,336" oya="0" hai0="34,83,63,102,14,99,107,30,18,113,131,27,82" hai1="75,3,36,106,87,91,41,32,25,53,89,16,129" hai2="4,104,97,126,29,38,11,85,120,80,73,134,31" hai3="65,17,1,115,0,6,96,128,10,86,64,58,122"/><T40/><D113/><U47/><E129/><V24/><F38/><W125/><G128/><T61/><D131/><U2/><E75/><V37/><F37/><W127/><G115/><T35/><D35/><U111/><E111/><V20/><F73/><W100/><G17/><T112/><D112/><U94/><E106/><V118/><F120/><W72/><G72/><T19/><D40/><U56/><E89/><V62/><F118/><W109/><G109/><T48/><D48/><U46/><E46/><V33/><F126/><N who="3" m="48139" /><G86/><T101/><D101/><U67/><E67/><N who="3" m="25674" /><G58/><T44/><D44/><U105/><E105/><V71/><F62/><W114/><G114/><T132/><D132/><U43/><E43/><V7/><F71/><W51/><G51/><T22/><REACH who="0" step="1"/><D19/><REACH who="0" ten="169,269,216,336" step="2"/><U49/><REACH who="1" step="1"/><E16/><REACH who="1" ten="169,259,216,336" step="2"/><N who="2" m="12295" /><F134/><W12/><G122/><T15/><D15/><U68/><E68/><V84/><F31/><AGARI ba="0,2" hai="2,3,25,31,32,36,41,47,49,53,56,87,91,94" machi="31" ten="40,1300,0" yaku="1,1,53,0" doraHai="8" doraHaiUra="59" who="1" fromWho="2" sc="169,0,259,33,216,-13,336,0" /><INIT seed="5,0,0,5,4,102" ten="169,292,203,336" oya="1" hai0="13,110,51,93,28,48,56,86,29,79,12,67,126" hai1="22,131,18,113,3,21,74,99,69,120,133,89,60" hai2="96,130,84,11,90,10,68,20,123,116,32,34,24" hai3="55,72,40,30,15,62,8,82,132,57,33,64,109"/><U61/><E120/><V14/><F123/><W88/><G109/><T44/><D110/><U73/><E3/><V97/><F68/><W76/><G132/><T9/><D126/><U125/><E113/><V81/><F116/><W47/><G30/><T100/><D13/><U85/><E131/><V63/><F11/><W59/><G33/><T31/><D100/><U58/><E133/><V38/><F38/><W66/><G59/><T77/><D93/><U94/><E125/><V19/><F130/><W70/><G70/><T134/><D134/><U17/><E69/><V42/><F42/><W122/><G122/><T5/><D86/><U115/><E115/><V105/><F63/><W103/><G103/><T104/><D104/><U37/><E37/><V78/><F105/><W23/><G23/><T54/><REACH who="0" step="1"/><D67/><REACH who="0" ten="159,292,203,336" step="2"/><U45/><E85/><V36/><F97/><W135/><G135/><T0/><D0/><U127/><E127/><V65/><F65/><W112/><G112/><T4/><D4/><U83/><E94/><V124/><F124/><W46/><G64/><T95/><D95/><U107/><E99/><V87/><F96/><W129/><G66/><T7/><D7/><U114/><E107/><V39/><F87/><W16/><G129/><T75/><D75/><U106/><E73/><V27/><F27/><W43/><G88/><T108/><D108/><U35/><E74/><V91/><F90/><W111/><G111/><T26/><D26/><U6/><E106/><V49/><F91/><W117/><G117/><T98/><D98/><U80/><E114/><V128/><F128/><RYUUKYOKU ba="0,1" sc="159,15,292,-15,203,-15,336,15" hai0="5,9,12,28,29,31,44,48,51,54,56,77,79" hai3="8,15,16,40,43,46,47,55,57,62,72,76,82" /><INIT seed="6,1,1,3,1,62" ten="174,277,188,351" oya="2" hai0="131,2,15,58,82,4,99,56,85,67,116,44,119" hai1="98,122,3,59,34,24,81,6,9,49,113,114,111" hai2="41,134,94,110,77,107,133,126,127,76,40,73,33" hai3="95,120,0,8,11,117,32,65,96,123,121,75,84"/><V55/><F33/><W37/><G117/><N who="0" m="45131" /><D2/><U42/><E111/><V18/><F107/><W1/><G75/><T52/><D131/><U91/><E122/><V79/><F73/><W64/><G37/><T10/><D99/><U102/><E34/><V25/><F55/><W43/><G32/><T90/><D67/><U125/><E125/><N who="2" m="47627" /><F94/><W78/><G43/><N who="2" m="16457" /><F110/><W93/><G96/><T36/><D36/><U39/><E39/><V48/><F48/><AGARI ba="1,1" hai="4,10,15,44,48,52,56,58,82,85,90" m="45131" machi="48" ten="30,2000,0" yaku="12,1,54,1" doraHai="62" who="0" fromWho="2" sc="174,33,277,0,188,-23,351,0" /><INIT seed="7,0,0,5,2,90" ten="207,277,165,351" oya="3" hai0="131,62,85,13,86,132,82,83,81,3,124,101,51" hai1="68,115,20,34,114,88,125,89,31,96,111,35,50" hai2="52,77,104,25,134,57,39,67,113,78,1,44,9" hai3="41,10,29,129,106,98,120,54,48,7,28,42,133"/><W76/><G120/><T49/><D3/><U0/><E111/><V128/><F104/><W6/><G129/><T99/><D131/><U63/><E0/><V93/><F128/><W100/><G76/><T118/><D118/><U30/><E125/><V22/><F113/><W110/><G133/><T15/><D124/><U105/><E20/><V43/><F67/><W73/><G73/><T5/><D132/><U87/><E50/><N who="0" m="18953" /><D62/><U18/><E18/><V91/><F134/><W127/><G7/><T53/><D53/><U103/><E89/><V116/><F116/><W33/><G28/><T38/><D38/><U94/><E31/><V109/><F109/><W92/><G106/><T16/><D5/><U135/><E135/><V112/><F9/><W61/><G61/><T14/><D16/><U60/><E60/><N who="2" m="35879" /><F1/><W108/><G29/><T21/><D21/><U37/><E37/><V12/><F12/><W55/><G10/><T19/><D19/><U46/><E46/><V130/><F130/><W74/><G6/><T40/><D40/><U75/><E75/><V72/><F72/><W119/><G42/><T17/><D17/><U69/><E34/><V24/><F22/><W126/><G33/><T97/><D101/><U45/><E45/><V58/><F58/><W8/><G127/><T26/><D26/><N who="2" m="10346" /><F112/><W23/><G126/><T59/><D59/><U79/><E69/><V56/><F56/><W27/><G110/><T4/><D4/><U107/><E68/><V70/><F70/><W84/><G108/><T102/><D102/><U122/><E35/><V121/><F121/><RYUUKYOKU ba="0,0" sc="207,15,277,-15,165,15,351,-15" hai0="13,14,15,81,82,83,85,86,97,99" hai2="39,43,44,77,78,91,93" owari="222,-18.0,262,6.0,180,-32.0,336,44.0" /></mjloggm>