<mjloggm ver="2.3"><GO type="225" lobby="0"/><UN n0="%74%61%6B%75%61%6B%61" n1="%48%61%61%61%6C%61%6E%64" n2="%E3%81%99%E3%81%84%E3%81%BE%E3%81%9B%E3%83%BC%E3%82%93" n3="%E3%82%B8%E3%83%A3%E3%83%9E%E3%83%BC%E3%83%AB%E3%83%9E%E3%83%AC%E3%83%BC" dan="18,17,17,17" rate="2181.14,2150.03,2176.47,2206.47" sx="M,M,M,M"/><TAIKYOKU oya="0"/><INIT seed="0,0,0,3,2,24" ten="250,250,250,250" oya="0" hai0="120,83,61,117,10,42,33,45,102,91,52,131,97" hai1="122,76,79,130,7,94,93,28,0,123,25,104,38" hai2="44,129,119,111,16,11,67,23,14,50,128,51,77" hai3="27,39,96,54,46,40,5,1,41,99,63,126,110"/><T132/><D120/><U32/><E104/><V66/><F111/><W75/><G110/><T118/><D131/><N who="2" m="50250" /><F119/><W21/><G126/><T12/><D33/><U80/><E130/><V81/><F11/><W125/><G125/><T90/><D132/><U29/><E38/><V18/><F18/><W103/><G75/><T112/><D112/><U49/><E7/><V106/><F106/><W113/><G41/><T85/><D91/><U100/><E0/><V62/><F44/><W8/><G113/><T64/><D97/><U87/><E76/><V2/><F2/><W135/><G135/><T98/><D98/><U47/><E29/><V69/><F67/><W109/><G109/><T22/><D102/><U19/><E19/><V4/><F4/><W26/><G26/><T133/><D133/><U105/><E105/><V65/><F65/><W127/><G103/><T115/><D115/><U9/><E9/><V108/><F108/><W43/><G43/><T88/><D10/><U56/><E100/><V114/><F114/><W15/><G1/><T20/><D42/><U55/><REACH who="1" step="1"/><E47/><REACH who="1" ten="250,240,250,250" step="2"/><V89/><F89/><W72/><G127/><T101/><D90/><U86/><E86/><AGARI ba="0,1" hai="14,16,23,50,51,62,66,69,77,81,86" m="50250" machi="86" ten="30,2000,0" yaku="19,1,54,1" doraHai="24" who="2" fromWho="1" sc="250,0,240,-20,250,30,250,0" /><INIT seed="1,0,0,0,0,24" ten="250,220,280,250" oya="1" hai0="80,79,86,109,108,6,130,114,91,23,72,10,71" hai1="131,32,52,3,115,77,64,87,75,55,50,78,34" hai2="8,123,36,85,37,126,97,56,7,27,66,110,81" hai3="105,2,19,132,68,18,31,65,62,106,98,5,29"/><U16/><E115/><V35/><F123/><W15/><G132/><T63/><D114/><U0/><E75/><V13/><F110/><N who="0" m="42602" /><D130/><U83/><E131/><V119/><F119/><W1/><G5/><T104/><D104/><U30/><E64/><V51/><F126/><W59/><G68/><T88/><D23/><U96/><E96/><V117/><F117/><W103/><G106/><T22/><D22/><U54/><E78/><V14/><F14/><W73/><G73/><T128/><D128/><U74/><E74/><V42/><F97/><W129/><G129/><T57/><D71/><U134/><E134/><V67/><F67/><W12/><G12/><N who="0" m="5207" /><D72/><U21/><E50/><V46/><F66/><AGARI ba="0,0" hai="57,63,66,79,80,86,88,91" m="5207,42602" machi="66" ten="30,2000,0" yaku="14,1,54,1" doraHai="24" who="0" fromWho="2" sc="250,20,220,0,280,-20,250,0" /><INIT seed="2,0,0,5,1,41" ten="270,220,260,250" oya="2" hai0="69,127,39,12,109,106,112,28,6,0,81,14,94" hai1="17,24,86,19,45,43,92,123,34,111,102,128,48" hai2="42,88,16,29,63,51,79,82,122,75,66,103,76" hai3="38,105,134,78,71,53,54,110,115,80,22,67,37"/><V85/><F122/><W68/><G105/><T124/><D106/><U27/><E123/><V2/><F2/><W10/><G10/><N who="0" m="2375" /><D69/><U119/><E119/><V18/><F103/><W47/><G22/><T135/><D94/><U3/><E3/><V131/><F131/><W57/><G110/><T62/><D62/><U30/><E111/><V35/><F29/><W8/><G8/><T4/><D81/><U96/><E128/><V36/><F35/><W107/><G107/><T98/><D98/><U61/><E27/><V97/><F36/><W23/><G23/><T13/><D39/><U65/><REACH who="1" step="1"/><E86/><REACH who="1" ten="270,210,260,250" step="2"/><V15/><F85/><N who="3" m="48279" /><G115/><T129/><D129/><U72/><E72/><V132/><F75/><W21/><G134/><T84/><D84/><U49/><E49/><V114/><F51/><W118/><G118/><T121/><D135/><U5/><E5/><V126/><F132/><W108/><G108/><T133/><D133/><U58/><AGARI ba="0,1" hai="17,19,24,30,34,43,45,48,58,61,65,92,96,102" machi="58" ten="20,8000,1" yaku="1,1,0,1,7,1,52,1,53,1" doraHai="41" doraHaiUra="25" who="1" fromWho="1" sc="270,-20,210,90,260,-40,250,-20" /><INIT seed="3,0,0,2,0,85" ten="250,300,220,230" oya="3" hai0="17,49,79,47,104,101,71,90,6,29,59,115,44" hai1="73,102,1,54,12,34,91,5,76,74,0,96,86" hai2="51,82,45,43,89,26,130,97,55,68,133,67,126" hai3="2,22,83,8,62,46,131,114,14,88,110,53,52"/><W125/><G114/><T127/><D71/><U63/><E34/><V30/><F130/><W3/><G131/><T109/><D79/><U20/><E76/><V87/><F133/><W121/><G121/><T27/><D6/><U107/><E0/><V40/><F126/><W117/><G117/><T35/><D109/><U4/><E1/><V61/><REACH who="2" step="1"/><F97/><REACH who="2" ten="250,300,210,230" step="2"/><W77/><G125/><T81/><D127/><U57/><E96/><V124/><F124/><W66/><G110/><T11/><D115/><U32/><E74/><V13/><F13/><W132/><G132/><T28/><D27/><U103/><E12/><V80/><F80/><W129/><G83/><T99/><D99/><U98/><E98/><V37/><F37/><W118/><G129/><T56/><D81/><U15/><E15/><V16/><F16/><W42/><G2/><T70/><D17/><U10/><E73/><V65/><F65/><W123/><G3/><T116/><D101/><U23/><E102/><V113/><F113/><W24/><G24/><T134/><D134/><U75/><E75/><V119/><F119/><W33/><G14/><T135/><D116/><U112/><E112/><V122/><F122/><W94/><G123/><T60/><D135/><U84/><E103/><V106/><F106/><W39/><G118/><T69/><D104/><U100/><E100/><V25/><F25/><W41/><G39/><T48/><D11/><U108/><E10/><V18/><F18/><W21/><G8/><T111/><D111/><U72/><E108/><V38/><F38/><W95/><G66/><T58/><D28/><RYUUKYOKU ba="0,1" sc="250,-10,300,-10,210,30,230,-10" hai2="26,30,40,43,45,51,55,61,67,68,82,87,89" /><INIT seed="4,1,1,5,5,108" ten="240,290,240,220" oya="0" hai0="109,96,40,11,17,128,65,106,45,46,91,119,126" hai1="124,48,104,49,41,8,44,133,79,135,15,61,18" hai2="69,10,25,100,39,134,47,78,36,123,27,53,34" hai3="4,70,28,83,1,120,22,101,130,23,66,72,132"/><T67/><D119/><U5/><E124/><V99/><F123/><W33/><G120/><T13/><D126/><U30/><E104/><V54/><F69/><W97/><G130/><T20/><D128/><U73/><E30/><V62/><F134/><N who="1" m="51209" /><E61/><V117/><F78/><N who="3" m="44487" /><G4/><T9/><D46/><U131/><E131/><V64/><F34/><W32/><G132/><T56/><D109/><U2/><E79/><V93/><F117/><W129/><G129/><T42/><D42/><U26/><E26/><V74/><F27/><N who="3" m="18463" /><G1/><T98/><D106/><U114/><E114/><V121/><F25/><W92/><G92/><T110/><D110/><U68/><E68/><V57/><F121/><W63/><G33/><T105/><D105/><U94/><E94/><V71/><F74/><W16/><G16/><T95/><D95/><U51/><E73/><V58/><F71/><W87/><G87/><T35/><D35/><U107/><E107/><V12/><F47/><W31/><G31/><T125/><D125/><U59/><E59/><V103/><F103/><W75/><G75/><T82/><D56/><U115/><E115/><V111/><F111/><W85/><G85/><N who="0" m="50615" /><D98/><U50/><E2/><V112/><F58/><W90/><G101/><T24/><D96/><U29/><E29/><V21/><F57/><W86/><G97/><T77/><D77/><U3/><E3/><V0/><F0/><W76/><G76/><T55/><D24/><U80/><E80/><V89/><F100/><W113/><G113/><T19/><D19/><AGARI ba="1,1" hai="5,8,15,18,19,41,44,48,49,50,51" m="51209" machi="19" ten="30,1000,0" yaku="20,1" doraHai="108" who="1" fromWho="0" sc="240,-13,290,23,240,0,220,0" owari="227,-17.0,313,41.0,240,4.0,220,-28.0" /></mjloggm>