<mjloggm ver="2.3"><GO type="185" lobby="0"/><UN n0="%E5%A4%A7%E5%92%8C%E6%A1%9C" n1="%28%C2%B4%C2%B0%CF%89%C2%B0%EF%BD%80%29" n2="%E5%A4%A7%E5%9B%9B%E5%96%9C%E6%B8%85%E8%80%81%E9%A0%AD" n3="" dan="17,17,16,0" rate="2325.67,2270.60,2136.41,1500.00" sx="F,M,M,C"/><TAIKYOKU oya="0"/><INIT seed="0,0,0,2,2,35" ten="350,350,350,0" oya="0" hai0="89,50,65,113,73,126,115,118,91,114,93,101,45" hai1="112,120,74,78,44,108,54,111,81,71,109,80,58" hai2="52,0,130,75,39,1,116,94,87,64,67,85,106" hai3=""/><T41/><D118/><U122/><N who="1" m="30752" /><U70/><N who="1" m="31264" /><U90/><E44/><V110/><F106/><T51/><D73/><U92/><E81/><V127/><F75/><T53/><D126/><U43/><E43/><V82/><F127/><T37/><D65/><U32/><E112/><V66/><F39/><T105/><D105/><U83/><E83/><V88/><F116/><T47/><REACH who="0" step="1"/><D37/><REACH who="0" ten="340,350,350,0" step="2"/><U135/><E32/><V124/><F124/><T132/><D132/><U131/><E135/><V100/><F67/><T84/><D84/><U42/><E131/><V34/><F66/><T98/><AGARI ba="0,1" hai="41,45,47,50,51,53,89,91,93,98,101,113,114,115" machi="98" ten="40,2600,0" yaku="1,1,0,1,53,0" doraHai="35" doraHaiUra="103" who="0" fromWho="0" sc="340,36,350,-13,350,-13,0,0" /><INIT seed="0,1,0,0,1,55" ten="376,337,337,0" oya="0" hai0="125,67,118,127,98,100,84,129,60,116,94,86,64" hai1="134,117,75,95,78,69,43,85,65,73,112,40,133" hai2="52,45,131,49,126,46,123,128,80,2,34,77,130" hai3=""/><T103/><D129/><U97/><E117/><V88/><N who="2" m="31520" /><V71/><F2/><T113/><D113/><U83/><E112/><V93/><F34/><T132/><D132/><N who="1" m="50795" /><E65/><V68/><F45/><T70/><D100/><U121/><N who="1" m="31008" /><U59/><E59/><V33/><F126/><N who="0" m="48138" /><D64/><U63/><E63/><V135/><F33/><T115/><D115/><U89/><E69/><V79/><F135/><T0/><D0/><U72/><AGARI ba="1,0" hai="40,43,72,73,75,78,83,85,89,95,97" m="31008,50795" machi="72" ten="40,2000,0" yaku="20,1,52,1" doraHai="55" who="1" fromWho="1" sc="376,-14,337,22,337,-8,0,0" /><INIT seed="1,0,0,5,4,63" ten="362,359,329,0" oya="1" hai0="61,131,50,54,95,47,114,127,130,68,1,2,104" hai1="101,44,128,123,105,125,48,121,96,49,79,80,66" hai2="102,3,109,129,53,65,34,40,89,112,108,119,74" hai3=""/><U52/><N who="1" m="31008" /><U126/><N who="1" m="31520" /><U41/><E128/><N who="0" m="49193" /><D104/><U99/><E99/><V111/><F129/><T78/><D114/><U60/><E49/><V73/><F112/><T70/><D127/><U55/><E55/><V94/><F34/><T84/><D78/><U75/><REACH who="1" step="1"/><E41/><REACH who="1" ten="362,349,329,0" step="2"/><V36/><F40/><T97/><D97/><U39/><E39/><V71/><F36/><T59/><D1/><U106/><E106/><V98/><F3/><T42/><D2/><U43/><E43/><V57/><F53/><T135/><D135/><U116/><E116/><V132/><F119/><T45/><D45/><U81/><E81/><V120/><N who="2" m="30752" /><V100/><F132/><T91/><AGARI ba="0,1" hai="42,47,50,54,59,61,68,70,84,91,95" m="49193" machi="91" ten="30,800,0" yaku="19,1" doraHai="63" who="0" fromWho="0" sc="362,18,349,-5,329,-3,0,0" /><INIT seed="2,0,0,4,0,54" ten="380,344,326,0" oya="2" hai0="77,46,100,64,130,68,66,58,45,111,107,112,33" hai1="69,115,41,133,78,67,116,75,119,44,3,125,124" hai2="36,109,59,94,0,102,55,114,62,121,52,101,88" hai3=""/><V79/><N who="2" m="31008" /><V135/><F114/><T131/><D33/><U117/><E3/><V128/><F0/><T47/><D112/><U91/><E115/><V129/><F36/><T61/><D77/><U76/><E133/><V132/><F79/><N who="1" m="30249" /><E75/><V35/><F55/><T65/><D111/><U113/><E113/><V1/><F35/><T60/><D100/><N who="2" m="38506" /><F1/><T97/><D97/><U98/><E98/><V93/><F109/><T72/><D72/><U86/><E67/><N who="0" m="25673" /><D107/><U51/><E69/><V105/><F105/><T34/><D34/><U87/><E87/><V81/><F81/><AGARI ba="0,0" hai="41,44,51,81,86,91,116,117,119,124,125" m="30249" machi="81" ten="40,1300,0" yaku="12,1" doraHai="54" who="1" fromWho="2" sc="380,0,344,13,326,-13,0,0" /><INIT seed="4,0,0,2,2,121" ten="380,357,313,0" oya="0" hai0="61,133,85,130,134,70,37,36,115,3,38,103,124" hai1="105,72,108,90,43,84,95,0,76,114,57,45,94" hai2="93,96,49,110,97,81,87,66,127,50,2,106,111" hai3=""/><T32/><D32/><U52/><E0/><V74/><F2/><T135/><D3/><U63/><E105/><V86/><F66/><T39/><D39/><U126/><E126/><V79/><F127/><T65/><D124/><U98/><E114/><V55/><F49/><T83/><D103/><U62/><E108/><N who="2" m="41515" /><F50/><T120/><N who="0" m="30752" /><T44/><D115/><U71/><E72/><V35/><F55/><T88/><REACH who="0" step="1"/><D130/><REACH who="0" ten="370,357,313,0" step="2"/><U92/><E71/><V125/><F35/><T51/><D51/><U46/><E63/><V54/><F125/><T75/><D75/><U99/><E43/><AGARI ba="0,1" hai="36,37,38,43,44,61,65,70,83,85,88,133,134,135" m="30752" machi="43" ten="40,12000,1" yaku="1,1,20,1,52,1,54,1,53,0" doraHai="121" doraHaiUra="73" who="0" fromWho="1" sc="370,130,357,-120,313,0,0,0" /><INIT seed="4,1,0,5,5,96" ten="500,237,313,0" oya="0" hai0="89,71,117,59,101,60,106,98,125,93,100,35,43" hai1="123,63,62,2,41,130,33,126,39,37,121,68,119" hai2="107,120,61,97,115,66,122,70,52,116,127,56,108" hai3=""/><T110/><D117/><U132/><RYUUKYOKU type="yao9" ba="1,0" sc="500,0,237,0,313,0,0,0" hai1="2,33,37,39,41,62,63,68,119,121,123,126,130,132" /><INIT seed="4,2,0,5,2,53" ten="500,237,313,0" oya="0" hai0="134,62,127,78,37,71,34,126,109,132,100,44,46" hai1="105,117,47,121,33,57,3,98,80,102,91,133,74" hai2="107,116,64,112,128,42,0,40,84,99,75,43,51" hai3=""/><T69/><D34/><U48/><N who="1" m="31008" /><U49/><E117/><V70/><F0/><T68/><D78/><U122/><N who="1" m="31264" /><U79/><E133/><N who="0" m="51305" /><D100/><U115/><E33/><V106/><F75/><T87/><D87/><U101/><E3/><V86/><F84/><T124/><D109/><U58/><E48/><V63/><F51/><T72/><D72/><U39/><E39/><V103/><F86/><T92/><D92/><U94/><E115/><V61/><F112/><T120/><N who="0" m="30752" /><T82/><D82/><U81/><E81/><V77/><F77/><T60/><D37/><U118/><E118/><V113/><F116/><T83/><D83/><U45/><E102/><V89/><F113/><T66/><D62/><U56/><REACH who="1" step="1"/><E49/><REACH who="1" ten="500,227,313,0" step="2"/><V96/><F103/><T35/><D35/><U131/><E131/><V108/><F128/><T50/><D50/><U76/><E76/><V111/><F111/><T93/><D93/><U36/><E36/><V119/><F108/><T97/><D126/><U114/><E114/><V73/><F119/><T54/><D127/><U1/><E1/><V125/><F125/><T110/><D124/><U52/><E52/><V2/><F2/><T41/><D110/><U32/><E32/><V90/><F42/><RYUUKYOKU ba="2,1" sc="500,-10,227,20,313,-10,0,0" hai1="45,47,56,57,58,74,79,80,91,94,98,101,105" /><INIT seed="5,3,1,1,5,73" ten="490,247,303,0" oya="1" hai0="53,67,96,93,116,83,127,102,131,80,75,64,0" hai1="72,95,123,69,41,90,120,97,54,43,71,119,103" hai2="82,65,134,61,98,113,110,35,48,68,77,125,126" hai3=""/><U3/><N who="1" m="30752" /><U46/><N who="1" m="31520" /><U39/><E119/><V101/><F35/><T32/><D32/><U74/><E3/><V49/><F110/><T115/><D0/><U1/><E1/><V37/><F37/><T86/><D116/><U121/><N who="1" m="31008" /><U130/><E130/><V132/><F113/><T42/><D115/><U62/><E43/><V78/><F49/><T63/><D127/><N who="2" m="48650" /><F48/><T85/><D75/><U36/><E36/><V89/><F89/><T79/><D131/><U106/><E71/><V111/><F111/><T2/><D2/><U100/><E100/><V105/><F82/><T81/><D81/><U104/><E104/><V58/><F68/><T92/><D92/><U84/><REACH who="1" step="1"/><E69/><REACH who="1" ten="490,237,303,0" step="2"/><V51/><F105/><T129/><D129/><U124/><E124/><V122/><F101/><T60/><D42/><U50/><E50/><V108/><F51/><T114/><D114/><U40/><E40/><V99/><N who="2" m="31264" /><V45/><F108/><T128/><D128/><U38/><E38/><V107/><F107/><T87/><D102/><U47/><E47/><V109/><F45/><T34/><D34/><U118/><E118/><V88/><F109/><T94/><D63/><U59/><AGARI ba="3,2" hai="39,41,46,54,59,62,72,74,84,90,95,97,103,106" m="31008,31520,30752" machi="59" ten="30,12000,2" yaku="1,1,0,1,52,3,53,1" doraHai="73" doraHaiUra="57" who="1" fromWho="1" sc="490,-63,237,146,303,-63,0,0" /><INIT seed="5,4,0,4,4,41" ten="427,383,240,0" oya="1" hai0="103,130,55,36,40,73,121,32,62,59,99,101,67" hai1="76,95,132,44,65,83,100,119,135,61,68,127,134" hai2="80,133,81,105,117,70,43,113,50,116,42,33,47" hai3=""/><U112/><E119/><V85/><F33/><T104/><N who="0" m="31008" /><T97/><D32/><U71/><E112/><V38/><F105/><T98/><D73/><U106/><E127/><V87/><F133/><T120/><N who="0" m="30752" /><T54/><D130/><U75/><E106/><V108/><F108/><T115/><D115/><U88/><E44/><V51/><F113/><T91/><D91/><U102/><REACH who="1" step="1"/><E71/><REACH who="1" ten="427,373,240,0" step="2"/><V90/><F70/><T107/><D98/><AGARI ba="4,1" hai="61,65,68,75,76,83,88,95,98,100,102,132,134,135" machi="98" ten="40,12000,1" yaku="1,1,2,1,20,1,54,1,53,0" doraHai="41" doraHaiUra="35" who="1" fromWho="0" sc="427,-128,373,138,240,0,0,0" /><INIT seed="5,5,0,3,1,102" ten="299,511,240,0" oya="1" hai0="63,68,77,130,33,76,112,64,50,105,60,54,78" hai1="110,36,52,3,80,48,90,81,126,57,45,85,55" hai2="107,34,100,72,128,134,73,118,113,129,98,53,44" hai3=""/><U103/><E3/><V84/><F34/><T108/><D33/><U51/><E126/><V37/><F118/><T56/><D108/><U70/><E70/><V41/><F134/><T114/><D130/><U87/><E110/><V119/><F119/><T133/><D133/><U91/><E36/><V127/><F127/><T67/><REACH who="0" step="1"/><D105/><REACH who="0" ten="289,511,240,0" step="2"/><U83/><REACH who="1" step="1"/><E103/><REACH who="1" ten="289,501,240,0" step="2"/><V61/><F100/><T124/><D124/><U59/><E59/><AGARI ba="5,2" hai="50,54,56,59,60,63,64,67,68,76,77,78,112,114" machi="59" ten="40,1300,0" yaku="1,1,53,0" doraHai="102" doraHaiUra="106" who="0" fromWho="1" sc="289,43,501,-23,240,0,0,0" /><INIT seed="6,0,0,3,0,62" ten="332,478,240,0" oya="2" hai0="53,68,130,64,115,112,124,100,122,77,88,85,40" hai1="118,113,66,42,51,59,123,48,56,35,92,57,127" hai2="70,91,45,110,95,129,72,58,69,55,82,93,120" hai3=""/><V74/><N who="2" m="30752" /><V105/><F105/><T38/><N who="0" m="31264" /><T43/><D124/><U76/><N who="1" m="31520" /><U54/><E35/><V125/><F110/><T3/><D3/><U117/><E113/><N who="0" m="43593" /><D130/><U90/><E127/><V63/><F125/><T49/><D38/><U94/><E76/><V71/><F129/><T83/><D100/><U47/><E66/><V101/><F45/><T89/><D68/><U106/><E94/><V131/><F131/><T121/><N who="0" m="31008" /><T87/><D64/><U34/><E106/><V99/><REACH who="2" step="1"/><F82/><REACH who="2" ten="332,478,230,0" step="2"/><T37/><D37/><U104/><E104/><V65/><F65/><T39/><D39/><U109/><E109/><V96/><AGARI ba="0,1" hai="55,58,63,69,70,71,72,74,91,93,95,96,99,101" m="30752" machi="96" ten="40,8000,1" yaku="1,1,0,1,52,1,53,1" doraHai="62" doraHaiUra="52" who="2" fromWho="2" sc="332,-40,478,-40,230,90,0,0" /><INIT seed="6,1,0,0,1,73" ten="292,438,320,0" oya="2" hai0="88,133,55,51,75,99,76,89,126,118,123,84,103" hai1="45,97,92,107,125,0,102,52,83,78,74,61,108" hai2="50,59,42,124,109,3,57,46,93,34,135,100,60" hai3=""/><V121/><N who="2" m="31008" /><V40/><F3/><T127/><N who="0" m="31520" /><T56/><D118/><U79/><E108/><V98/><F34/><T94/><D133/><U113/><E0/><V131/><F135/><T91/><D75/><U120/><N who="1" m="30752" /><U32/><E79/><V111/><F131/><T82/><AGARI ba="1,0" hai="51,55,56,76,82,84,88,89,91,94,99,103,126,127" m="31520" machi="82" ten="30,5900,0" yaku="0,1,52,2,54,1" doraHai="73" who="0" fromWho="0" sc="292,61,438,-21,320,-40,0,0" owari="353,-5.0,417,37.0,280,-32.0,0,0.0" /></mjloggm>