<mjloggm ver="2.3"><GO type="185" lobby="0"/><UN n0="%4E%45%57%53%55%44" n1="%E5%86%AC%E7%81%AF" n2="%E6%84%9B%E3%81%A8%E6%AD%A3%E7%BE%A9" n3="" dan="16,19,17,0" rate="2156.99,2400.32,2254.53,1500.00" sx="M,M,F,C"/><TAIKYOKU oya="0"/><INIT seed="0,0,0,3,0,1" ten="350,350,350,0" oya="0" hai0="109,63,34,60,87,106,50,81,105,108,113,98,78" hai1="66,122,75,69,55,53,97,49,72,83,36,89,62" hai2="37,56,93,111,95,92,3,41,123,104,126,0,54" hai3=""/><T86/><D113/><U71/><N who="1" m="31264" /><U38/><E97/><V68/><N who="2" m="31520" /><V57/><F111/><N who="0" m="42570" /><D34/><U112/><E112/><V110/><F68/><T134/><D134/><U84/><E55/><V39/><F104/><N who="0" m="40042" /><D98/><U91/><E71/><V33/><F110/><T103/><D103/><U127/><E127/><V94/><F126/><T125/><D125/><U99/><E99/><V47/><F33/><T2/><D2/><U61/><E91/><V133/><F133/><T117/><D117/><U118/><E118/><V45/><F0/><T130/><D130/><U48/><E75/><V65/><F3/><T52/><D87/><U102/><E72/><V96/><F96/><T46/><AGARI ba="0,0" hai="46,50,52,60,63,78,81,86" m="40042,42570" machi="46" ten="30,4000,0" yaku="14,1,10,1,54,1" doraHai="1" who="0" fromWho="0" sc="350,40,350,-20,350,-20,0,0" /><INIT seed="0,1,0,0,2,91" ten="390,330,330,0" oya="0" hai0="76,100,35,85,86,59,116,37,55,127,0,83,105" hai1="107,97,61,112,122,110,65,96,119,82,69,120,90" hai2="133,68,87,51,106,54,125,84,46,93,123,45,36" hai3=""/><T80/><D35/><U108/><N who="1" m="30752" /><U60/><N who="1" m="31264" /><U72/><E119/><V38/><N who="2" m="31520" /><V56/><F106/><T34/><D37/><U62/><E112/><V50/><F68/><T103/><D116/><U74/><E97/><V49/><F133/><T114/><D114/><U129/><E129/><V117/><F117/><T48/><D0/><U118/><E118/><V130/><F130/><T57/><D105/><U71/><E60/><V33/><F33/><T81/><D81/><U104/><E90/><V70/><F70/><T52/><D127/><U98/><E82/><V115/><F125/><T109/><D109/><U102/><REACH who="1" step="1"/><E65/><REACH who="1" ten="390,320,330,0" step="2"/><V41/><F115/><T75/><D34/><U78/><E78/><V92/><F84/><T1/><D1/><U32/><E32/><V131/><F131/><T111/><D111/><U42/><E42/><V135/><F135/><T2/><D2/><U73/><E73/><V95/><REACH who="2" step="1"/><F87/><REACH who="2" ten="390,320,320,0" step="2"/><T39/><D86/><U89/><E89/><V66/><F66/><T113/><D113/><U124/><E124/><V134/><F134/><T43/><D85/><U94/><E94/><V132/><F132/><T67/><D67/><U47/><E47/><V3/><F3/><T126/><D126/><RYUUKYOKU ba="1,2" sc="390,-20,320,10,320,10,0,0" hai1="61,62,69,71,72,74,96,98,102,104,107,108,110" hai2="36,38,41,45,46,49,50,51,54,56,92,93,95" /><INIT seed="1,2,2,5,1,85" ten="370,330,330,0" oya="1" hai0="69,54,48,94,104,109,131,99,71,123,50,135,67" hai1="63,132,89,93,130,0,61,119,66,78,37,111,113" hai2="39,33,55,52,76,91,112,72,47,68,3,44,59" hai3=""/><U103/><E119/><V43/><F3/><T120/><N who="0" m="30752" /><T64/><N who="0" m="31520" /><T125/><D104/><U58/><E113/><V100/><F33/><T1/><D1/><U62/><E0/><V46/><F68/><T73/><D73/><U35/><E35/><V97/><F112/><T122/><N who="0" m="31264" /><T98/><D135/><U38/><E130/><V96/><F76/><T128/><D94/><U75/><E103/><V116/><F72/><T49/><D54/><U84/><E111/><V60/><F55/><T107/><D107/><U41/><E41/><V106/><REACH who="2" step="1"/><F116/><REACH who="2" ten="370,330,320,0" step="2"/><T115/><D115/><U81/><REACH who="1" step="1"/><E132/><REACH who="1" ten="370,320,320,0" step="2"/><V80/><F80/><T117/><D131/><U124/><E124/><V57/><F57/><T32/><D117/><U126/><E126/><V82/><F82/><T129/><D125/><U87/><E87/><V92/><AGARI ba="2,4" hai="39,43,44,46,47,52,59,60,91,92,96,97,100,106" machi="92" ten="30,5900,0" yaku="1,1,0,1,52,1,54,1,53,0" doraHai="85" doraHaiUra="45" who="2" fromWho="2" sc="370,-22,320,-41,320,103,0,0" /><INIT seed="2,0,0,0,4,38" ten="348,279,423,0" oya="2" hai0="52,56,65,120,53,71,112,124,131,49,100,36,130" hai1="134,73,68,1,122,54,67,77,43,72,42,86,135" hai2="3,45,85,93,106,58,40,35,47,94,115,51,55" hai3=""/><V59/><F115/><T113/><N who="0" m="30752" /><T129/><D100/><U63/><N who="1" m="31264" /><U92/><E1/><V62/><F3/><T41/><D124/><U90/><E54/><V97/><F35/><T82/><D82/><U95/><E95/><V61/><F106/><T46/><D53/><U118/><E118/><V128/><F128/><T111/><D111/><U80/><REACH who="1" step="1"/><E73/><REACH who="1" ten="348,269,423,0" step="2"/><V39/><F93/><T75/><REACH who="0" step="1"/><D75/><REACH who="0" ten="338,269,423,0" step="2"/><U50/><E50/><V74/><F74/><T48/><D48/><U110/><E110/><V66/><F51/><T132/><D132/><AGARI ba="0,2" hai="42,43,63,67,68,72,77,80,86,90,92,132,134,135" m="31264" machi="132" ten="40,12000,2" yaku="1,1,20,1,52,3,53,1" doraHai="38" doraHaiUra="87" who="1" fromWho="0" sc="338,-120,269,140,423,0,0,0" /><INIT seed="4,0,0,3,5,132" ten="218,409,423,0" oya="0" hai0="110,126,93,79,106,71,80,73,119,70,99,3,111" hai1="108,85,109,130,68,88,94,67,77,39,98,58,53" hai2="100,40,96,69,87,115,129,120,103,72,135,0,42" hai3=""/><T55/><D119/><U43/><E130/><V33/><N who="2" m="30752" /><V89/><F0/><T114/><D3/><U45/><E77/><V1/><F1/><T2/><D2/><U62/><REACH who="1" step="1"/><E98/><REACH who="1" ten="218,399,423,0" step="2"/><V95/><F96/><T117/><D117/><U54/><E54/><V83/><F129/><T131/><D131/><U38/><E38/><V122/><F122/><T63/><D114/><U35/><E35/><V107/><F33/><T134/><D134/><U32/><E32/><V102/><F135/><T133/><D133/><U37/><E37/><V36/><F36/><T91/><D106/><U51/><AGARI ba="0,1" hai="39,43,45,51,53,58,62,67,68,85,88,94,108,109" machi="51" ten="20,9000,2" yaku="1,1,0,1,7,1,24,2,54,1,53,1" doraHai="132" doraHaiUra="59" who="1" fromWho="1" sc="218,-60,399,100,423,-30,0,0" /><INIT seed="5,0,0,0,2,79" ten="158,499,393,0" oya="1" hai0="95,3,1,114,43,41,70,68,111,124,99,82,63" hai1="32,127,123,53,134,121,118,51,67,126,77,36,42" hai2="115,55,40,91,64,87,133,129,71,119,110,52,88" hai3=""/><U78/><N who="1" m="31008" /><U72/><N who="1" m="31520" /><U56/><E32/><V98/><F110/><T75/><D111/><U135/><E118/><V48/><F119/><T128/><D124/><N who="1" m="47659" /><E67/><V112/><F133/><N who="1" m="50697" /><E72/><V74/><F74/><T92/><D114/><U50/><E36/><V45/><F64/><T39/><D39/><U34/><E34/><V76/><F112/><T117/><D75/><U103/><E103/><V104/><F115/><T109/><D117/><U84/><E84/><V108/><F87/><T38/><D109/><U46/><AGARI ba="0,0" hai="42,46,50,51,53,56,77,78" m="50697,47659,31520,31008" machi="46" ten="40,8000,1" yaku="18,1,20,1,52,2" doraHai="79" who="1" fromWho="1" sc="158,-40,499,80,393,-40,0,0" /><INIT seed="5,1,0,0,4,61" ten="118,579,353,0" oya="1" hai0="43,92,51,64,80,60,124,2,129,81,78,72,103" hai1="99,111,55,84,38,85,104,93,50,54,118,106,135" hai2="113,88,95,107,110,53,69,77,97,122,115,45,105" hai3=""/><U132/><E38/><V33/><N who="2" m="31264" /><V130/><F110/><T83/><D2/><U47/><E118/><V87/><F33/><T59/><D129/><U131/><E131/><V39/><F69/><T35/><D35/><U41/><E111/><V89/><F77/><T102/><D124/><U90/><E85/><V112/><F130/><T65/><D83/><U36/><E55/><V116/><F116/><T58/><D43/><U34/><E34/><V109/><F109/><T70/><D70/><U56/><REACH who="1" step="1"/><E84/><REACH who="1" ten="118,569,353,0" step="2"/><V123/><N who="2" m="31520" /><V121/><N who="2" m="31008" /><V71/><F39/><T117/><D117/><U133/><AGARI ba="1,1" hai="36,41,47,50,54,56,90,93,99,104,106,132,133,135" machi="133" ten="30,7800,0" yaku="1,1,0,1,20,1,53,1" doraHai="61" doraHaiUra="86" who="1" fromWho="1" sc="118,-40,569,90,353,-40,0,0" /><INIT seed="5,2,0,0,4,64" ten="78,659,313,0" oya="1" hai0="132,83,61,63,73,100,89,97,124,104,118,87,82" hai1="49,69,50,70,127,75,107,66,93,121,99,2,135" hai2="57,113,130,36,35,71,96,42,92,120,131,98,86" hai3=""/><U133/><N who="1" m="31008" /><U108/><E2/><V55/><N who="2" m="30752" /><V101/><F35/><T44/><D124/><U111/><E107/><V114/><F71/><N who="1" m="27145" /><E66/><V129/><F86/><T95/><D118/><U115/><E75/><V79/><F79/><T68/><D132/><N who="1" m="50763" /><E115/><V123/><N who="2" m="31520" /><V105/><F113/><T76/><D68/><U117/><E117/><V72/><F72/><T62/><D44/><U80/><E80/><AGARI ba="2,0" hai="61,62,63,73,76,80,82,83,87,89,95,97,100,104" machi="80" ten="40,2600,0" yaku="24,2" doraHai="64" who="0" fromWho="1" sc="78,30,659,-30,313,0,0,0" /><INIT seed="6,0,0,3,5,2" ten="108,629,313,0" oya="2" hai0="126,113,103,32,85,114,89,127,95,44,102,80,132" hai1="106,43,50,72,68,41,135,53,111,119,55,73,56" hai2="60,109,1,124,39,108,38,0,57,104,107,81,88" hai3=""/><V92/><F124/><N who="0" m="47658" /><D44/><U36/><E135/><V90/><F92/><T54/><D54/><U3/><E119/><V61/><F81/><T45/><D45/><U77/><E111/><V47/><F47/><T100/><D32/><U64/><E106/><V105/><F105/><T82/><D132/><U84/><E3/><V115/><F57/><T117/><D117/><U59/><E36/><V49/><F49/><T62/><D62/><U96/><E68/><V66/><F66/><T123/><N who="0" m="31520" /><T52/><D52/><U128/><E64/><V121/><N who="2" m="31008" /><V75/><F1/><T86/><D86/><U33/><E84/><V35/><F0/><T129/><D129/><U46/><E128/><V125/><F125/><T74/><D74/><U63/><E73/><V83/><F75/><T69/><D69/><U91/><E50/><V37/><F35/><T130/><D130/><U65/><E33/><V120/><N who="2" m="30752" /><V110/><F60/><T98/><D82/><U79/><E59/><V99/><F61/><T133/><D133/><U34/><E56/><V71/><F71/><T131/><D131/><U78/><E34/><V116/><F116/><T97/><D97/><U134/><E96/><V112/><F99/><T94/><D98/><RYUUKYOKU ba="0,0" sc="108,20,629,-10,313,-10,0,0" hai0="80,85,89,94,95,100,102,103,113,114" owari="128,-47.0,619,57.0,303,-10.0,0,0.0" /></mjloggm>