<mjloggm ver="2.3"><GO type="169" lobby="0"/><UN n0="%E5%89%AF%E6%96%99%E7%90%86%E9%95%B7" n1="%E5%A4%8F%E3%81%AA%E3%81%AE%E3%81%AB" n2="%E3%83%AA%E3%83%BC%E3%83%81%E3%83%89%E3%83%A9%33" n3="%E3%83%AF%E3%82%A4%E3%83%AB%E3%83%89" dan="16,16,16,16" rate="2074.67,2105.47,2127.36,2106.66" sx="M,M,M,M"/><TAIKYOKU oya="0"/><INIT seed="0,0,0,3,2,105" ten="250,250,250,250" oya="0" hai0="130,9,121,20,96,119,102,17,123,23,106,37,10" hai1="52,89,6,15,50,72,1,16,58,104,62,110,41" hai2="19,111,36,86,82,31,129,59,101,125,124,47,122" hai3="49,55,95,91,75,42,44,92,53,40,60,107,109"/><T94/><D119/><U80/><E104/><V69/><F122/><W51/><G107/><T12/><D37/><U97/><E110/><V34/><F69/><W11/><G109/><T117/><D117/><U43/><E1/><V13/><F101/><W90/><G60/><T131/><D106/><U132/><E6/><V70/><F70/><W108/><G108/><T126/><D126/><U100/><E132/><V76/><F129/><N who="0" m="49162" /><D23/><U3/><E3/><V98/><F98/><W4/><G4/><N who="0" m="3111" /><D10/><U93/><E62/><V114/><F114/><W120/><G11/><T84/><D84/><N who="1" m="50311" /><E72/><V46/><F111/><W87/><G120/><T61/><D61/><U30/><E30/><V118/><F118/><W22/><G22/><AGARI ba="0,0" hai="15,16,22,41,43,50,52,58,93,97,100" m="50311" machi="22" ten="30,3900,0" yaku="8,1,54,2" doraHai="105" who="1" fromWho="3" sc="250,0,250,39,250,0,250,-39" /><INIT seed="1,0,0,2,5,48" ten="250,289,250,211" oya="1" hai0="104,32,22,107,101,85,96,123,11,94,127,79,57" hai1="95,24,83,35,67,9,124,66,43,59,15,21,102" hai2="93,19,68,4,122,133,125,129,126,116,118,60,46" hai3="55,86,47,37,82,70,128,16,69,62,27,115,98"/><U99/><E35/><V81/><F122/><W26/><G115/><T13/><D32/><U51/><E124/><V100/><F4/><W73/><G73/><T110/><D110/><U108/><E108/><V76/><F19/><W88/><G128/><T28/><D127/><U113/><E83/><V14/><F14/><W12/><G70/><T18/><D123/><U2/><E2/><V134/><F46/><W117/><G117/><T41/><D41/><U1/><E1/><V64/><F129/><W119/><G119/><T103/><D103/><U31/><E113/><V90/><F100/><W54/><G37/><T87/><D79/><U5/><E43/><V36/><F36/><W29/><G29/><T49/><D107/><U97/><E99/><N who="2" m="57783" /><F118/><W30/><G30/><T3/><D104/><U56/><E56/><V7/><F7/><W120/><G120/><T92/><D92/><U23/><E21/><V135/><F116/><W38/><G38/><T45/><D3/><U40/><E40/><V112/><F112/><W89/><G69/><T52/><D45/><U80/><E80/><V53/><F53/><AGARI ba="0,0" hai="5,9,15,23,24,31,51,53,59,66,67,95,97,102" machi="53" ten="40,3900,0" yaku="8,1,52,1" doraHai="48" who="1" fromWho="2" sc="250,0,289,39,250,-39,211,0" /><INIT seed="1,1,0,3,0,122" ten="250,328,211,211" oya="1" hai0="41,134,36,98,105,44,126,59,65,18,71,61,74" hai1="102,64,57,106,8,130,55,16,51,104,46,113,92" hai2="11,38,93,127,24,29,115,3,116,14,13,43,121" hai3="60,5,125,131,67,21,27,110,120,9,39,79,20"/><U53/><E113/><V85/><F116/><W17/><G120/><T90/><D74/><U76/><E64/><V99/><F121/><W0/><G39/><T50/><D126/><U62/><E76/><V107/><F107/><W19/><G125/><T7/><D134/><U118/><E118/><V91/><F127/><W103/><G131/><T33/><D33/><U83/><E83/><V63/><F115/><W129/><G129/><T81/><D7/><U109/><E130/><V4/><F43/><W52/><G79/><T12/><D105/><U28/><E28/><V123/><F38/><W86/><G86/><T26/><D26/><U34/><E34/><V23/><F123/><W68/><G103/><T54/><D98/><U111/><E92/><V35/><F63/><W78/><G78/><T135/><D135/><U45/><E45/><V70/><F70/><W75/><G75/><T40/><D40/><U132/><E132/><V124/><F124/><W89/><G89/><T49/><D49/><U47/><E46/><V37/><F37/><W42/><G42/><T25/><D25/><U31/><E31/><V66/><F66/><W77/><G77/><T80/><REACH who="0" step="1"/><D90/><REACH who="0" ten="240,328,211,211" step="2"/><U97/><REACH who="1" step="1"/><E106/><REACH who="1" ten="240,318,211,211" step="2"/><V1/><F35/><W72/><G72/><T22/><AGARI ba="1,2" hai="12,18,22,36,41,44,50,54,59,61,65,71,80,81" machi="22" ten="20,12000,2" yaku="1,1,2,1,0,1,7,1,24,2,53,0" doraHai="122" doraHaiUra="87" who="0" fromWho="0" sc="240,143,318,-61,211,-31,211,-31" /><INIT seed="2,0,0,5,1,40" ten="383,257,180,180" oya="2" hai0="83,59,94,69,2,37,128,60,98,72,86,124,133" hai1="31,109,135,77,122,50,11,16,56,90,55,46,99" hai2="18,44,26,5,52,23,62,84,102,76,123,129,126" hai3="67,117,49,28,91,111,51,116,4,79,32,39,43"/><V100/><F123/><W58/><G111/><T95/><D69/><U110/><E77/><V81/><F126/><W8/><G79/><T87/><D37/><U63/><E135/><V127/><F127/><W92/><G51/><T112/><D2/><U25/><E122/><V106/><F129/><W70/><G28/><T30/><D124/><U78/><E78/><V82/><F106/><W74/><G74/><T35/><D72/><U9/><E99/><V118/><F118/><W15/><G32/><T96/><D30/><U101/><E101/><V54/><F82/><W12/><G12/><T88/><D35/><U29/><E90/><V125/><F125/><W130/><G130/><T7/><D7/><U85/><E85/><V36/><F5/><W71/><G71/><T65/><D128/><U64/><E29/><V38/><F38/><W104/><G104/><T132/><D112/><U47/><E47/><V89/><F76/><W24/><G24/><T107/><D87/><U73/><E73/><V22/><F36/><W68/><G68/><T34/><D34/><U120/><E120/><V134/><F134/><N who="0" m="51818" /><D98/><U75/><E75/><V57/><F23/><W66/><G70/><T1/><D1/><U3/><E3/><V48/><AGARI ba="0,0" hai="18,22,26,44,48,52,54,57,62,81,84,89,100,102" machi="48" ten="30,11700,0" yaku="0,1,8,1,52,1,54,1" doraHai="40" who="2" fromWho="2" sc="383,-39,257,-39,180,117,180,-39" /><INIT seed="2,1,0,0,3,60" ten="344,218,297,141" oya="2" hai0="48,16,108,124,66,73,4,85,9,8,69,11,106" hai1="20,7,50,49,101,131,0,92,63,24,125,64,121" hai2="112,86,110,70,30,91,58,54,72,40,28,56,26" hai3="25,27,55,68,77,67,81,130,84,95,52,17,132"/><V22/><F112/><W96/><G132/><T87/><D73/><U76/><E125/><V61/><F72/><W104/><G130/><T107/><D124/><U119/><E119/><V88/><F110/><W18/><G104/><T38/><D38/><U98/><E121/><V82/><F70/><W13/><G27/><T47/><D108/><U126/><E126/><V39/><F39/><W78/><G78/><T65/><D69/><U12/><E0/><V1/><F40/><W31/><G18/><T36/><D36/><U6/><E76/><N who="2" m="46407" /><F1/><W114/><G114/><T118/><D118/><U42/><E131/><V2/><F30/><W97/><G97/><T94/><D107/><U34/><E34/><V45/><F45/><W109/><G109/><T93/><D106/><U62/><E63/><N who="2" m="36247" /><F2/><W35/><G68/><T135/><D135/><U32/><E32/><V23/><F22/><W10/><REACH who="3" step="1"/><G67/><AGARI ba="1,0" hai="23,26,28,58,61,67,88,91" m="36247,46407" machi="67" ten="30,5800,0" yaku="8,1,52,1,54,1" doraHai="60" who="2" fromWho="3" sc="344,0,218,0,297,61,141,-61" /><INIT seed="2,2,0,4,3,33" ten="344,218,358,80" oya="2" hai0="13,73,126,69,58,134,10,111,81,56,24,85,66" hai1="61,8,127,43,31,46,133,124,80,89,21,67,14" hai2="109,135,50,86,98,37,108,84,16,103,27,62,130" hai3="45,105,122,26,48,4,78,29,39,0,65,107,6"/><V9/><F37/><W15/><G122/><T22/><D73/><U118/><E118/><V51/><F130/><W42/><G15/><T79/><D111/><N who="2" m="42570" /><F135/><W77/><G6/><T90/><D126/><U129/><E129/><V100/><F62/><W40/><G65/><T104/><D104/><U75/><E133/><V23/><F100/><W30/><G30/><T20/><D134/><U63/><E31/><V11/><F84/><W125/><G125/><N who="1" m="48202" /><E21/><V123/><F86/><W7/><G7/><T32/><D32/><U36/><E67/><V95/><F123/><W49/><G39/><T93/><D69/><U71/><E71/><V68/><F68/><W70/><G70/><T102/><D102/><U35/><E35/><V28/><F28/><W121/><G121/><T99/><D66/><U112/><E112/><V106/><F106/><W38/><G38/><T2/><D22/><U64/><E64/><V60/><F60/><W101/><G107/><T47/><D20/><U97/><E97/><V44/><F51/><W83/><G48/><T117/><D99/><U57/><E89/><V34/><F34/><W17/><G42/><AGARI ba="2,0" hai="9,11,16,23,27,42,44,50,95,98,103" m="42570" machi="42" ten="30,5800,0" yaku="14,1,10,1,54,1" doraHai="33" who="2" fromWho="3" sc="344,0,218,0,358,64,80,-64" /><INIT seed="2,3,0,3,2,76" ten="344,218,422,16" oya="2" hai0="111,128,17,115,116,44,108,84,103,74,54,117,121" hai1="89,55,60,78,43,102,4,112,68,98,90,63,80" hai2="77,66,11,67,133,88,34,36,46,129,33,130,16" hai3="40,73,5,104,18,100,135,2,24,45,13,69,110"/><V118/><F118/><N who="0" m="45674" /><D17/><U21/><E112/><V99/><F133/><W120/><G120/><T6/><D6/><U26/><E4/><V49/><F77/><W94/><G135/><T114/><D54/><U106/><E43/><V127/><F36/><W61/><G110/><N who="0" m="42027" /><D44/><U25/><E25/><V81/><F127/><W91/><G73/><T12/><D12/><U8/><E8/><V123/><F123/><W30/><G104/><T95/><D128/><N who="2" m="49258" /><F99/><W70/><G100/><T10/><D10/><U59/><E63/><V82/><F67/><W47/><G61/><T86/><D74/><U50/><E68/><V38/><F66/><W124/><G124/><T65/><D65/><U64/><E60/><V58/><F58/><W15/><G45/><T62/><D62/><U20/><E64/><V92/><F38/><W75/><G75/><T51/><D51/><U126/><E126/><V97/><F34/><W101/><G101/><T35/><D35/><U29/><E21/><V31/><F31/><W52/><G2/><T132/><D132/><U131/><E131/><V14/><F33/><W113/><G113/><N who="0" m="43019" /><D121/><U39/><E39/><V125/><F125/><W119/><G119/><T57/><D57/><U72/><AGARI ba="3,0" hai="20,26,29,50,55,59,72,78,80,89,90,98,102,106" machi="72" ten="20,2700,0" yaku="0,1,7,1,52,1" doraHai="76" who="1" fromWho="1" sc="344,-10,218,36,422,-16,16,-10" /><INIT seed="3,0,0,4,2,130" ten="334,254,406,6" oya="3" hai0="56,3,35,129,78,21,8,85,97,123,80,100,5" hai1="18,22,45,86,116,71,99,108,1,4,50,125,111" hai2="65,101,103,44,29,26,124,37,58,112,132,40,16" hai3="67,42,92,134,62,23,63,9,98,66,34,17,43"/><W74/><G34/><T93/><D35/><U55/><E71/><V88/><F132/><W110/><G74/><T95/><D123/><U83/><E125/><V90/><F112/><W118/><G118/><T20/><D129/><U89/><E116/><V107/><F124/><W48/><G9/><T96/><D56/><U10/><E99/><V27/><F27/><W52/><G110/><T46/><D46/><U2/><E2/><V70/><F16/><W60/><G134/><T54/><D54/><U102/><E102/><AGARI ba="0,0" hai="3,5,8,20,21,78,80,85,93,95,96,97,100,102" machi="102" ten="30,2000,0" yaku="7,1,9,1" doraHai="130" who="0" fromWho="1" sc="334,20,254,-20,406,0,6,0" /><INIT seed="4,0,0,1,2,14" ten="354,234,406,6" oya="0" hai0="67,7,38,9,65,47,63,112,54,37,21,61,75" hai1="27,68,124,49,105,74,80,122,24,42,118,133,43" hai2="84,36,82,94,16,103,46,121,20,76,34,0,71" hai3="51,29,32,1,45,96,39,79,35,11,128,8,78"/><T57/><D75/><U58/><E118/><V92/><F121/><W125/><G39/><N who="0" m="14859" /><D21/><U81/><E68/><V53/><F71/><W59/><G125/><T120/><D9/><U69/><E69/><V111/><F34/><W117/><G117/><T56/><D7/><U115/><E105/><V104/><F0/><W18/><G128/><T31/><D31/><U119/><E119/><V99/><F111/><W6/><G59/><N who="0" m="22603" /><D120/><U98/><E124/><V134/><F134/><W106/><G35/><T89/><D89/><U135/><E98/><V102/><F102/><W85/><G85/><T50/><D112/><U86/><E115/><V4/><F4/><W13/><G96/><T73/><D73/><U131/><E122/><V91/><F36/><W23/><G11/><T97/><D97/><U116/><E116/><V95/><F76/><W126/><G106/><T28/><D28/><U123/><E123/><V3/><F3/><W12/><G12/><T62/><AGARI ba="0,0" hai="47,50,54,61,62,63,65,67" m="22603,14859" machi="62" ten="40,12000,1" yaku="35,5" doraHai="14" who="0" fromWho="0" sc="354,120,234,-40,406,-40,6,-40" owari="474,57.0,194,-21.0,366,17.0,-34,-53.0" /></mjloggm>