<mjloggm ver="2.3"><GO type="169" lobby="0"/><UN n0="%4E%6F%2E%30%30%30%31" n1="%E9%AB%98%E6%A9%8B%E6%B7%B3" n2="%E3%81%86%E3%81%83%E3%82%93%E3%81%A7%E3%81%83" n3="%E7%B4%AB%E3%81%AE%E9%8F%A1" dan="18,16,16,18" rate="2253.62,2117.78,2061.77,2280.14" sx="F,M,M,M"/><TAIKYOKU oya="0"/><INIT seed="0,0,0,3,5,134" ten="250,250,250,250" oya="0" hai0="50,25,88,85,130,34,26,124,39,57,38,32,43" hai1="67,61,97,114,24,135,17,120,119,58,63,27,69" hai2="53,80,42,123,1,7,37,9,12,60,62,95,0" hai3="18,99,45,65,82,64,77,14,117,109,31,19,126"/><T118/><D118/><U90/><E119/><V59/><F123/><W11/><G117/><T68/><D68/><U13/><E120/><V112/><F112/><W81/><G109/><T2/><D2/><U129/><E135/><V6/><F95/><W48/><G31/><T20/><D130/><U100/><E90/><V73/><F62/><W132/><G132/><T47/><D57/><U52/><E129/><V96/><F96/><W72/><G99/><T111/><D111/><U16/><E17/><V76/><REACH who="2" step="1"/><F7/><REACH who="2" ten="250,250,240,250" step="2"/><W115/><G115/><T113/><D113/><U44/><E114/><V5/><F5/><W33/><G82/><T127/><D32/><U131/><E131/><V78/><F78/><W105/><G81/><N who="0" m="49199" /><D34/><U87/><E87/><V83/><F83/><W75/><G77/><T98/><D98/><U122/><E122/><V102/><F102/><W29/><G33/><T103/><D103/><U54/><E97/><V3/><F3/><W8/><G75/><T40/><D40/><U28/><E100/><V110/><F110/><W104/><G72/><T74/><D74/><U15/><E63/><V55/><F55/><W10/><G104/><T71/><D71/><U108/><E54/><V35/><F35/><W116/><G105/><T107/><D107/><U92/><E52/><V91/><F91/><W51/><G116/><T121/><D121/><U23/><E69/><V86/><F86/><W106/><G106/><T4/><D4/><U41/><E108/><V128/><F128/><W66/><G66/><T93/><D93/><U70/><E92/><V101/><F101/><RYUUKYOKU ba="0,1" sc="250,-10,250,-10,240,30,250,-10" hai2="0,1,6,9,12,37,42,53,59,60,73,76,80" /><INIT seed="1,1,1,4,1,109" ten="240,240,270,240" oya="1" hai0="23,134,88,102,123,122,107,135,83,52,67,9,94" hai1="22,77,39,30,93,16,113,74,54,101,45,115,26" hai2="127,70,21,130,131,108,27,20,28,81,86,95,84" hai3="105,63,118,29,8,3,69,98,35,36,14,116,10"/><U85/><E74/><V132/><F108/><W100/><G36/><T15/><D67/><U97/><E77/><V1/><F1/><W125/><G125/><T34/><D34/><U47/><E85/><V53/><F70/><W5/><G8/><T106/><D23/><U64/><E64/><V78/><F127/><W44/><G14/><T11/><D83/><U96/><E96/><V104/><F104/><N who="0" m="39978" /><D102/><U119/><E119/><N who="3" m="45610" /><G44/><T129/><D129/><U133/><E133/><N who="0" m="50697" /><D52/><U58/><E30/><V17/><F132/><W90/><G90/><T13/><D13/><U50/><REACH who="1" step="1"/><E47/><REACH who="1" ten="240,230,270,240" step="2"/><V38/><F130/><W2/><G29/><T79/><D79/><U33/><E33/><V87/><F131/><W71/><G35/><T73/><D73/><U40/><AGARI ba="1,2" hai="16,22,26,39,40,45,50,54,58,93,97,101,113,115" machi="40" ten="30,12000,1" yaku="1,1,0,1,52,2,54,1,53,0" doraHai="109" doraHaiUra="76" who="1" fromWho="1" sc="240,-41,230,143,270,-41,240,-41" /><INIT seed="1,2,0,3,0,56" ten="199,373,229,199" oya="1" hai0="61,86,102,21,26,120,16,58,99,29,75,3,12" hai1="42,100,130,5,14,95,82,31,64,109,113,23,2" hai2="51,125,1,76,116,63,126,71,128,101,22,65,117" hai3="69,19,81,15,30,123,91,34,54,129,90,124,25"/><U132/><E113/><V103/><F1/><W52/><G123/><T66/><D120/><U121/><E121/><V44/><F76/><W84/><G129/><T59/><D3/><U4/><E130/><V48/><F22/><W8/><G124/><N who="2" m="47721" /><F128/><W106/><G106/><T134/><D134/><U97/><E132/><V110/><F103/><W133/><G133/><T17/><D75/><U57/><E2/><V88/><F101/><W50/><G69/><T49/><D86/><U9/><E42/><N who="2" m="24599" /><F110/><W20/><G34/><T24/><D24/><N who="1" m="16799" /><E109/><V68/><F88/><N who="3" m="33835" /><G50/><T94/><D12/><U7/><E82/><V85/><F85/><W118/><G118/><N who="2" m="45673" /><F51/><W43/><G43/><T27/><D27/><U13/><E13/><V45/><F45/><W40/><G40/><T70/><D49/><U104/><E104/><V62/><F62/><AGARI ba="2,0" hai="4,5,7,9,14,57,62,64,95,97,100" m="16799" machi="62" ten="30,5800,0" yaku="25,1,8,1,52,1" doraHai="56" who="1" fromWho="2" sc="199,0,373,64,229,-64,199,0" /><INIT seed="1,3,0,3,1,30" ten="199,437,165,199" oya="1" hai0="28,20,78,98,15,19,115,73,103,81,55,51,99" hai1="37,42,123,100,71,96,3,41,69,0,23,54,106" hai2="31,76,124,133,32,53,59,128,117,92,35,27,125" hai3="67,47,94,68,17,29,122,60,95,113,75,24,111"/><U61/><E123/><V108/><F117/><W121/><G113/><T82/><D115/><U77/><E77/><V46/><F108/><W62/><G75/><T101/><D81/><U33/><E23/><V74/><F128/><W45/><G111/><T131/><D131/><U132/><E54/><V87/><F133/><W89/><G17/><T2/><D2/><U43/><E37/><V118/><F118/><W10/><G10/><T70/><D70/><U6/><E132/><V7/><F74/><W65/><G29/><T66/><D66/><U112/><E112/><V34/><F7/><W126/><G24/><T80/><D28/><U114/><E114/><V105/><F105/><W130/><G89/><T5/><D5/><U85/><E85/><V50/><F46/><W116/><G68/><T18/><D80/><U120/><E120/><V13/><F13/><W56/><G56/><T12/><D101/><U36/><E36/><V38/><F38/><W72/><G72/><T14/><D103/><U91/><E91/><N who="2" m="53375" /><F76/><W11/><G130/><T129/><D129/><U84/><E84/><V79/><F79/><W63/><G116/><T21/><REACH who="0" step="1"/><D14/><REACH who="0" ten="189,437,165,199" step="2"/><U16/><E71/><V25/><F31/><W93/><G121/><T107/><D107/><U135/><E69/><V49/><F27/><W83/><G122/><T58/><AGARI ba="3,1" hai="12,15,18,19,20,21,51,55,58,73,78,82,98,99" machi="58" ten="20,8000,1" yaku="1,1,0,1,7,1,9,1,53,1" doraHai="30" doraHaiUra="104" who="0" fromWho="0" sc="189,99,437,-43,165,-23,199,-23" /><INIT seed="2,0,0,4,1,42" ten="288,394,142,176" oya="2" hai0="22,25,33,48,109,127,91,74,125,60,130,13,115" hai1="85,5,29,105,129,43,7,19,84,75,30,27,126" hai2="34,120,65,81,128,35,108,96,106,53,10,55,122" hai3="77,6,87,110,101,114,80,111,93,37,47,8,72"/><V17/><F128/><W69/><G69/><T3/><D74/><U57/><E75/><V83/><F65/><W133/><G133/><T97/><D115/><U118/><E105/><V82/><F108/><N who="3" m="41515" /><G114/><T2/><D109/><U135/><E126/><V49/><F106/><W63/><G63/><T28/><D130/><U123/><E135/><V51/><F96/><N who="3" m="59535" /><G72/><T117/><D60/><U61/><E61/><V58/><F10/><W132/><G132/><T107/><D117/><U79/><E118/><V131/><F17/><W134/><G134/><T121/><D121/><U16/><E19/><V68/><F68/><W59/><G59/><T41/><D107/><U116/><E57/><V119/><F131/><W45/><G37/><T15/><D125/><U89/><E116/><V54/><F119/><W18/><G18/><T104/><D104/><U90/><E16/><V102/><F102/><W46/><G8/><T113/><D127/><U1/><E123/><N who="2" m="47147" /><F58/><W36/><G36/><T24/><D113/><U71/><E71/><V94/><F94/><W31/><G31/><T44/><D97/><U98/><E30/><V70/><F70/><W23/><G23/><T9/><D9/><U76/><E29/><V39/><F39/><W99/><G99/><T64/><D64/><U66/><E66/><V26/><F26/><W11/><G11/><T100/><D100/><U103/><E103/><V14/><F14/><N who="0" m="5130" /><D25/><U67/><E27/><V88/><F88/><W56/><G56/><T32/><D91/><U52/><E89/><V50/><AGARI ba="0,0" hai="34,35,49,50,51,53,54,55,81,82,83" m="47147" machi="50" ten="40,12000,1" yaku="29,2,28,2" doraHai="42" who="2" fromWho="2" sc="288,-40,394,-40,142,120,176,-40" /><INIT seed="2,1,0,1,4,88" ten="248,354,262,136" oya="2" hai0="50,7,72,32,49,69,4,130,97,91,100,52,56" hai1="44,101,59,37,132,86,41,43,2,109,60,81,28" hai2="119,128,6,53,57,24,13,66,117,39,75,64,9" hai3="42,73,118,121,31,61,85,113,98,116,47,129,93"/><V23/><F128/><W84/><G121/><T15/><D69/><U65/><E2/><V115/><F115/><W22/><G73/><T127/><D130/><U16/><E109/><V123/><F123/><W62/><G129/><T135/><D32/><U27/><E132/><V105/><F105/><W36/><G113/><T12/><D72/><U108/><E43/><V114/><F114/><W30/><G84/><T54/><D127/><U106/><E108/><V71/><F39/><W26/><G85/><T20/><D91/><U107/><E101/><V34/><F34/><W133/><G31/><T10/><D135/><U25/><E25/><V102/><F75/><W110/><G110/><T33/><D33/><U124/><E124/><V63/><F102/><W104/><G104/><T80/><D80/><U70/><E70/><V67/><REACH who="2" step="1"/><F71/><REACH who="2" ten="248,354,252,136" step="2"/><W111/><G111/><T83/><D83/><U87/><E81/><V126/><F126/><W99/><G133/><T40/><D40/><U79/><E41/><V19/><AGARI ba="1,1" hai="6,9,13,19,23,24,53,57,63,64,66,67,117,119" machi="19" ten="30,3000,0" yaku="1,1,0,1,53,0" doraHai="88" doraHaiUra="74" who="2" fromWho="2" sc="248,-11,354,-11,252,43,136,-11" /><INIT seed="2,2,0,2,4,72" ten="237,343,295,125" oya="2" hai0="80,89,2,61,119,93,115,13,78,102,17,112,45" hai1="5,120,43,92,12,65,37,47,76,99,118,124,3" hai2="35,1,125,88,81,38,56,82,101,6,20,49,95" hai3="87,11,121,42,41,73,122,127,134,24,7,117,97"/><V84/><F35/><W126/><G73/><T28/><D2/><U96/><E118/><V52/><F38/><W90/><G117/><T91/><D119/><U60/><E120/><N who="3" m="46186" /><G97/><T104/><D28/><U75/><E124/><N who="3" m="47658" /><G24/><T33/><D33/><U94/><E12/><V103/><F125/><W8/><G134/><T4/><D4/><U22/><E22/><V46/><F20/><W32/><G32/><T86/><D61/><U40/><E40/><N who="3" m="15466" /><G7/><T16/><D45/><U34/><E34/><V66/><F6/><W107/><G107/><T18/><D13/><U57/><E96/><V59/><F1/><W85/><G90/><T51/><D51/><U71/><E99/><V105/><F105/><W69/><G69/><T30/><D30/><U55/><E5/><V83/><F59/><W27/><G27/><T44/><D44/><U123/><E3/><V10/><F10/><AGARI ba="2,0" hai="8,10,11,85,87" m="15466,47658,46186" machi="10" ten="40,5200,0" yaku="28,2,18,1" doraHai="72" who="3" fromWho="2" sc="237,0,343,0,295,-58,125,58" /><INIT seed="3,0,0,3,3,101" ten="237,343,237,183" oya="3" hai0="104,41,48,92,103,18,10,80,57,122,135,116,61" hai1="36,119,113,40,25,31,68,55,32,58,83,89,70" hai2="1,132,117,30,94,14,20,12,90,82,7,47,108" hai3="52,109,88,125,62,111,97,49,28,26,99,19,126"/><W6/><G6/><T50/><D116/><U13/><E113/><V75/><F117/><W33/><G62/><T63/><D122/><U5/><E119/><V71/><F108/><N who="3" m="41547" /><G19/><T124/><D104/><U53/><E53/><V64/><F132/><W43/><G43/><T120/><D124/><N who="3" m="47721" /><G88/><T114/><D41/><U4/><E89/><V86/><F1/><W69/><G69/><T133/><D18/><U130/><E4/><V127/><F7/><W15/><G15/><T27/><D63/><U118/><E13/><V72/><F14/><W100/><G100/><T39/><D61/><U84/><E70/><V87/><F71/><W42/><G42/><T54/><D103/><U29/><E40/><V129/><F127/><W3/><G3/><T106/><D133/><U24/><E5/><V56/><F12/><W98/><G98/><T115/><D135/><U46/><E68/><V44/><F64/><W76/><G76/><T21/><D114/><U95/><E118/><V110/><F110/><W11/><G11/><T77/><D10/><U81/><E31/><V9/><F9/><W107/><G107/><T85/><D106/><U37/><E29/><V34/><F30/><W96/><G96/><T23/><D77/><U79/><E79/><V0/><F0/><W59/><AGARI ba="0,0" hai="26,28,33,49,52,59,97,99" m="47721,41547" machi="59" ten="30,11700,0" yaku="14,1,10,1,18,1,54,1" doraHai="101" who="3" fromWho="3" sc="237,-39,343,-39,237,-39,183,117" /><INIT seed="3,1,0,0,3,76" ten="198,304,198,300" oya="3" hai0="97,7,75,104,130,4,83,0,31,35,128,102,9" hai1="84,118,43,16,41,22,61,98,116,92,131,129,60" hai2="28,24,32,115,122,125,45,99,5,114,3,69,56" hai3="57,6,120,121,52,30,113,133,39,117,78,79,27"/><W11/><G113/><T62/><D7/><U126/><E126/><V88/><F69/><W10/><G117/><N who="1" m="45162" /><E61/><V135/><F125/><W15/><G39/><T123/><D62/><U85/><E60/><V1/><F135/><W82/><G133/><T50/><D50/><U95/><E43/><V109/><F109/><W74/><G79/><N who="0" m="44543" /><D123/><U100/><E41/><V86/><F122/><W112/><G10/><T34/><D31/><U37/><E37/><V40/><F99/><W72/><G72/><T106/><D106/><U107/><E95/><V68/><F68/><W111/><G111/><T42/><D42/><U44/><E44/><V71/><F71/><W101/><G101/><T53/><D53/><U63/><E63/><V48/><F56/><W77/><G77/><T51/><D51/><U33/><E33/><AGARI ba="1,0" hai="0,4,9,33,34,35,97,102,104,128,130" m="44543" machi="33" ten="30,2000,0" yaku="23,1,52,1" doraHai="76" who="0" fromWho="1" sc="198,23,304,-23,198,0,300,0" /><INIT seed="4,0,0,3,0,92" ten="221,281,198,300" oya="0" hai0="67,99,115,95,86,38,58,44,116,68,53,75,97" hai1="22,102,35,33,119,27,98,110,104,135,45,123,13" hai2="28,49,61,105,36,74,90,87,80,23,5,108,31" hai3="2,32,63,12,59,4,134,130,8,51,82,56,30"/><T66/><D116/><U76/><E119/><V89/><F36/><W41/><G130/><T14/><D75/><U72/><E110/><V24/><F108/><W16/><G134/><T121/><D121/><U109/><E109/><V101/><F74/><W11/><G82/><T111/><D111/><U25/><E135/><V73/><F73/><W9/><G9/><T112/><D14/><U91/><E123/><V96/><F5/><W129/><G129/><T3/><D3/><U54/><E91/><V93/><F49/><W131/><G131/><T40/><D86/><U34/><E54/><V103/><F105/><W20/><G8/><T88/><D99/><U55/><E55/><V52/><F31/><W65/><G41/><T64/><REACH who="0" step="1"/><D68/><REACH who="0" ten="211,281,198,300" step="2"/><U71/><E71/><V15/><F15/><W113/><G2/><T100/><D100/><U85/><E85/><V127/><F127/><W70/><G70/><T132/><D132/><U107/><E98/><V60/><F103/><W83/><G12/><T94/><D94/><U128/><E102/><V117/><F117/><W0/><G0/><T106/><D106/><U81/><E128/><V118/><F118/><W43/><G83/><T62/><AGARI ba="0,1" hai="38,40,44,53,58,62,64,66,67,88,95,97,112,115" machi="62" ten="30,11700,0" yaku="1,1,0,1,52,1,54,1,53,0" doraHai="92" doraHaiUra="29" who="0" fromWho="0" sc="211,127,281,-39,198,-39,300,-39" /><INIT seed="4,1,0,4,0,42" ten="338,242,159,261" oya="0" hai0="133,26,32,52,85,10,47,78,64,111,35,60,48" hai1="130,51,54,62,88,98,86,57,16,59,44,92,100" hai2="19,135,61,6,9,108,117,67,83,74,97,17,28" hai3="15,113,53,81,129,37,23,104,76,3,102,71,66"/><T99/><D133/><U56/><E130/><V5/><F108/><W115/><G3/><T121/><D121/><U72/><E72/><V45/><F135/><W132/><G37/><T123/><D123/><U2/><E2/><V84/><F74/><W106/><G132/><T120/><D120/><U58/><E16/><V33/><F117/><W93/><G66/><T39/><D39/><U43/><REACH who="1" step="1"/><E58/><REACH who="1" ten="338,232,159,261" step="2"/><V20/><F19/><W50/><G129/><T46/><D111/><U11/><E11/><V40/><F9/><W1/><G1/><T126/><D10/><U91/><E91/><V7/><F28/><W110/><G110/><T75/><D75/><U55/><E55/><V105/><F17/><W127/><G53/><T96/><D26/><U27/><E27/><V70/><F7/><W109/><G109/><T82/><D126/><U63/><E63/><V112/><F6/><W31/><G15/><T38/><D32/><U69/><E69/><V87/><F5/><W128/><G71/><T29/><D35/><U119/><E119/><V18/><F33/><W94/><G127/><T124/><D29/><U79/><E79/><V25/><F25/><W80/><G76/><T30/><D30/><U107/><AGARI ba="1,1" hai="43,44,51,54,56,57,59,62,86,88,92,98,100,107" machi="107" ten="20,12000,2" yaku="1,1,0,1,7,1,52,1,54,1,53,1" doraHai="42" doraHaiUra="36" who="1" fromWho="1" sc="338,-61,232,133,159,-31,261,-31" /><INIT seed="5,0,0,1,1,129" ten="277,365,128,230" oya="1" hai0="81,89,28,71,9,87,105,6,48,135,103,116,17" hai1="26,69,92,94,60,91,84,74,80,114,37,104,16" hai2="122,33,0,54,113,111,67,31,85,43,101,15,27" hai3="106,20,131,59,5,46,72,97,77,127,38,79,47"/><U12/><E37/><V132/><F111/><W52/><G131/><T13/><D71/><U82/><E104/><V36/><F122/><W96/><G127/><T108/><D108/><U34/><E114/><V57/><F0/><W1/><G20/><T11/><D116/><U56/><E69/><V121/><F121/><W83/><G77/><T18/><D28/><U8/><E34/><V126/><F126/><W32/><G32/><T44/><D105/><U93/><E26/><V10/><F67/><W51/><G46/><T120/><D120/><U39/><E39/><V24/><F24/><W119/><G106/><T102/><D135/><U134/><E134/><V78/><F113/><W68/><G68/><T58/><D58/><U125/><E125/><V98/><F36/><W65/><G119/><T64/><D64/><U55/><REACH who="1" step="1"/><E82/><REACH who="1" ten="277,355,128,230" step="2"/><V61/><F132/><W50/><G38/><T40/><REACH who="0" step="1"/><D18/><REACH who="0" ten="267,355,128,230" step="2"/><U35/><E35/><V25/><F33/><W86/><G83/><T75/><D75/><AGARI ba="0,2" hai="8,12,16,55,56,60,74,75,80,84,91,92,93,94" machi="75" ten="40,7700,0" yaku="1,1,54,1,53,1" doraHai="129" doraHaiUra="14" who="1" fromWho="0" sc="267,-77,355,97,128,0,230,0" /><INIT seed="5,1,0,3,4,113" ten="190,452,128,230" oya="1" hai0="12,29,7,33,5,49,130,58,83,65,16,118,60" hai1="35,122,23,76,8,13,42,73,121,86,32,81,87" hai2="37,107,28,98,52,124,38,104,51,112,45,50,80" hai3="59,24,3,55,94,31,47,10,84,40,97,26,4"/><U74/><E23/><V14/><F124/><W91/><G31/><T48/><D130/><U63/><E42/><V135/><F135/><W27/><G59/><T44/><D48/><U129/><E129/><V102/><F112/><W57/><G57/><T119/><D83/><U79/><E81/><V95/><F28/><W62/><G62/><T64/><D64/><U11/><E13/><V110/><F110/><W125/><G55/><T25/><D5/><U36/><REACH who="1" step="1"/><E63/><REACH who="1" ten="190,442,128,230" step="2"/><V6/><F80/><W131/><G131/><T101/><D7/><U117/><E117/><V106/><REACH who="2" step="1"/><F50/><REACH who="2" ten="190,442,118,230" step="2"/><W70/><G125/><T41/><D101/><U46/><E46/><V116/><F116/><W43/><G47/><T0/><D0/><U17/><E17/><V66/><F66/><W85/><G3/><T15/><D12/><U93/><E93/><V18/><F18/><W39/><G94/><T127/><D127/><U133/><E133/><V114/><F114/><W134/><G134/><T1/><D1/><U96/><E96/><V128/><F128/><W88/><G97/><T69/><D69/><U77/><E77/><V89/><F89/><W115/><G88/><T103/><D103/><U90/><E90/><V109/><F109/><W99/><G91/><T61/><D60/><U126/><E126/><V68/><F68/><W100/><G70/><T54/><D65/><U75/><E75/><V2/><F2/><W123/><G100/><T21/><AGARI ba="1,2" hai="15,16,21,25,29,33,41,44,49,54,58,61,118,119" machi="21" ten="20,8000,1" yaku="0,1,7,1,52,2,54,1" doraHai="113" who="0" fromWho="0" sc="190,103,442,-41,118,-21,230,-21" /><INIT seed="6,0,0,1,0,66" ten="293,401,97,209" oya="2" hai0="117,94,22,8,27,131,67,9,126,83,12,75,89" hai1="31,102,4,132,106,100,77,123,1,23,58,30,109" hai2="107,15,51,114,93,25,127,52,7,49,68,48,134" hai3="110,103,92,24,33,11,36,21,42,14,82,111,39"/><V76/><F107/><W119/><G33/><T130/><D126/><U101/><E109/><V135/><F127/><W60/><G119/><T95/><D117/><U125/><E132/><N who="2" m="50731" /><F114/><W20/><G82/><T34/><D34/><U96/><E77/><V122/><F122/><W50/><G60/><T84/><D67/><U129/><E58/><N who="2" m="33031" /><F76/><W19/><G21/><T91/><D75/><U59/><E23/><V121/><F121/><W53/><G42/><T26/><D22/><U29/><E106/><V65/><F25/><W3/><G3/><T37/><D37/><U41/><E1/><V112/><F93/><W5/><G111/><T43/><D43/><U120/><E41/><V62/><F112/><W47/><G110/><T16/><D83/><U54/><E125/><V85/><F85/><W128/><G128/><N who="0" m="49195" /><D8/><AGARI ba="0,0" hai="7,8,15,49,51,62,65,68" m="33031,50731" machi="8" ten="30,5800,0" yaku="20,1,52,1,54,1" doraHai="66" who="2" fromWho="0" sc="293,-58,401,0,97,58,209,0" /><INIT seed="6,1,0,4,4,9" ten="235,401,155,209" oya="2" hai0="58,80,90,23,94,116,79,109,87,11,5,112,66" hai1="46,74,42,62,100,6,124,15,123,35,92,33,78" hai2="60,54,52,37,128,127,32,81,8,133,1,86,69" hai3="53,22,70,106,20,38,101,88,77,132,28,85,27"/><V111/><F32/><W14/><G38/><T43/><D109/><U71/><E124/><V91/><F127/><W34/><G70/><T36/><D112/><U25/><E25/><V31/><F111/><W120/><G120/><T44/><D116/><U113/><E113/><V76/><F37/><W72/><G132/><T104/><D104/><U122/><E92/><V2/><F133/><W24/><G77/><T89/><D23/><U105/><E62/><V134/><F128/><W39/><G72/><T131/><D131/><U102/><E71/><V41/><F41/><W103/><G39/><T19/><D19/><U3/><E3/><V75/><F31/><N who="3" m="17799" /><G106/><T83/><D90/><U108/><E78/><V26/><F26/><W129/><G34/><T30/><D30/><U97/><E74/><V10/><F134/><W99/><G99/><T126/><D126/><U107/><E107/><V18/><F2/><W16/><G53/><T17/><D79/><U4/><E105/><V47/><F1/><W118/><G118/><T121/><D121/><U29/><E108/><V7/><F7/><W68/><G68/><T59/><D5/><U84/><E4/><V98/><F98/><W12/><G129/><T51/><D36/><U67/><E6/><V114/><F114/><W117/><G117/><T61/><D58/><U45/><E122/><V125/><F125/><W73/><G73/><T21/><D21/><U65/><E123/><V130/><F130/><W40/><G40/><T63/><D63/><U50/><E35/><V93/><F69/><W82/><G28/><T48/><D48/><RYUUKYOKU ba="1,0" sc="235,15,401,-15,155,-15,209,15" hai0="11,17,43,44,51,59,61,66,80,83,87,89,94" hai3="12,14,16,22,27,82,85,88,101,103" /><INIT seed="7,2,0,3,1,102" ten="250,386,140,224" oya="3" hai0="133,33,95,48,128,129,85,0,82,107,76,127,83" hai1="103,93,62,110,46,134,135,19,43,50,108,100,116" hai2="23,30,117,13,112,10,74,36,29,2,27,4,55" hai3="44,45,21,98,119,5,28,31,113,75,35,72,86"/><W69/><G119/><T12/><D0/><U38/><E116/><V84/><F74/><W89/><G69/><T61/><D33/><U121/><E121/><V123/><F36/><W64/><G35/><T49/><D107/><U60/><E19/><N who="2" m="10735" /><F55/><W120/><G64/><T47/><D127/><U3/><E3/><V58/><F58/><W67/><G67/><T114/><D133/><U56/><E50/><V54/><F54/><W88/><G98/><T1/><D1/><U26/><E26/><V118/><F84/><W66/><G66/><T71/><D114/><U57/><E93/><V37/><F37/><W126/><G113/><T105/><D105/><U39/><E46/><V99/><F99/><W91/><G45/><T125/><D125/><U14/><E14/><V81/><F81/><W130/><G126/><T122/><D122/><U132/><E132/><V25/><F112/><W11/><G120/><T24/><D71/><U34/><E34/><N who="2" m="20783" /><F123/><W15/><G86/><T87/><D87/><U115/><E115/><V9/><F118/><W124/><G124/><T104/><D104/><U80/><E80/><V131/><F117/><W73/><G75/><T65/><D82/><U32/><E134/><V16/><F131/><W52/><G130/><T63/><D128/><U20/><E39/><V59/><F59/><W94/><G72/><T78/><D129/><U18/><E38/><V92/><F92/><W77/><G73/><T96/><D95/><U97/><E97/><V17/><F10/><W51/><G11/><T22/><D85/><U109/><E135/><V106/><F106/><RYUUKYOKU ba="2,0" sc="250,-10,386,-10,140,30,224,-10" hai2="2,4,9,16,17,27,30" owari="240,4.0,376,48.0,170,-33.0,214,-19.0" /></mjloggm>