<mjloggm ver="2.3"><GO type="169" lobby="0"/><UN n0="%E7%B4%AB%E3%81%AE%E9%8F%A1" n1="%E3%83%A8%E3%82%B7%E3%83%AF" n2="%E4%B9%9D%E5%B0%BE%E3%83%AA%E3%82%B3%E3%83%8D" n3="%E5%A4%96%E5%B7%9D%E7%AB%9C%E6%88%90" dan="18,17,16,16" rate="2259.66,2237.17,2169.61,2114.86" sx="M,M,M,M"/><TAIKYOKU oya="0"/><INIT seed="0,0,0,0,0,28" ten="250,250,250,250" oya="0" hai0="18,105,24,114,11,19,74,120,95,23,39,106,92" hai1="27,84,3,76,59,44,10,75,119,36,107,26,33" hai2="67,85,58,60,30,25,34,90,49,21,127,52,22" hai3="96,103,81,63,108,113,48,57,9,88,61,122,70"/><T87/><D114/><U121/><E84/><V110/><F110/><W17/><G122/><T124/><D120/><U8/><E59/><V56/><REACH who="2" step="1"/><F127/><REACH who="2" ten="250,250,240,250" step="2"/><W94/><G108/><T133/><D124/><U77/><E121/><V97/><F97/><W131/><G113/><T54/><D133/><U135/><E135/><V79/><F79/><W83/><G131/><T80/><D74/><U41/><E77/><V35/><F35/><W46/><G70/><T40/><D87/><U93/><E76/><V12/><F12/><N who="3" m="7311" /><G103/><T47/><D106/><U86/><E107/><V102/><F102/><W29/><G29/><T5/><D105/><U115/><E115/><V78/><F78/><W31/><G31/><T91/><D91/><U69/><E69/><V20/><F20/><W129/><G129/><T111/><D23/><U42/><E33/><V38/><F38/><W50/><G96/><T100/><D39/><U117/><E36/><V101/><F101/><W0/><G88/><T99/><D100/><U53/><E75/><V82/><AGARI ba="0,1" hai="21,22,25,30,34,49,52,56,58,60,67,82,85,90" machi="82" ten="20,8000,1" yaku="1,1,0,1,7,1,52,1,54,1,53,0" doraHai="28" doraHaiUra="37" who="2" fromWho="2" sc="250,-40,250,-20,240,90,250,-20" /><INIT seed="1,0,0,5,4,19" ten="210,230,330,230" oya="1" hai0="110,91,116,9,97,83,123,46,33,81,31,131,34" hai1="15,125,62,3,130,117,92,104,39,115,82,13,66" hai2="109,105,55,122,120,100,10,80,21,45,128,107,95" hai3="126,30,88,98,57,52,50,124,0,78,90,63,58"/><U26/><E115/><V119/><F109/><W112/><G112/><T134/><D116/><U111/><E117/><V70/><F119/><W102/><G0/><T94/><D110/><U59/><E111/><V121/><F70/><W25/><G78/><T20/><D131/><U18/><E130/><V37/><F128/><W79/><G79/><T129/><D129/><U77/><E3/><V51/><F80/><W60/><G124/><T48/><D134/><U118/><E104/><V101/><F10/><W17/><G126/><T67/><D123/><U132/><E39/><V16/><F37/><W65/><G17/><T23/><D67/><U47/><E132/><V24/><REACH who="2" step="1"/><F95/><REACH who="2" ten="210,230,320,230" step="2"/><W14/><G14/><T27/><D9/><U35/><E118/><V108/><F108/><W12/><G12/><T85/><D81/><U4/><E92/><V8/><F8/><W99/><G102/><AGARI ba="0,1" hai="16,21,24,45,51,55,100,101,102,105,107,120,121,122" machi="102" ten="40,5200,0" yaku="1,1,52,1,54,1,53,0" doraHai="19" doraHaiUra="73" who="2" fromWho="3" sc="210,0,230,0,320,62,230,-52" /><INIT seed="2,0,0,5,0,53" ten="210,230,382,178" oya="2" hai0="13,54,18,72,51,16,96,55,109,23,102,40,123" hai1="107,80,116,38,64,15,50,70,127,124,130,28,117" hai2="106,12,90,66,2,98,6,4,100,125,103,126,47" hai3="21,49,19,61,101,81,32,24,114,29,135,95,112"/><V91/><F2/><W9/><G49/><T8/><D123/><U99/><E28/><V7/><F66/><W26/><G81/><T97/><D72/><U37/><E80/><V22/><F103/><W56/><G135/><T65/><D109/><U84/><E84/><V76/><F76/><W89/><G101/><T10/><D65/><U82/><E82/><V5/><F47/><W46/><G9/><T113/><D113/><U20/><E99/><N who="0" m="37961" /><D102/><U115/><E107/><V33/><F33/><W94/><G46/><N who="0" m="26055" /><D8/><U74/><E74/><V30/><F4/><W57/><G61/><T128/><D128/><U25/><E15/><AGARI ba="0,0" hai="10,13,15,16,18,23,54,55" m="26055,37961" machi="15" ten="30,2000,0" yaku="8,1,54,1" doraHai="53" who="0" fromWho="1" sc="210,20,230,-20,382,0,178,0" /><INIT seed="3,0,0,5,1,69" ten="230,210,382,178" oya="3" hai0="93,129,81,94,131,27,106,97,46,65,100,39,14" hai1="43,63,61,127,132,5,15,56,77,89,19,4,32" hai2="37,10,120,17,124,85,59,105,109,112,73,18,98" hai3="104,103,13,102,7,115,22,134,95,87,90,96,107"/><W41/><G115/><T121/><D121/><U114/><E114/><V60/><F37/><W71/><G71/><T91/><D65/><U52/><E32/><V111/><F73/><W122/><G122/><T26/><D14/><U28/><E28/><V82/><F112/><W51/><G134/><T16/><D81/><U30/><E30/><V88/><F124/><W135/><G135/><T58/><D58/><U0/><E0/><V66/><F120/><W2/><G2/><T11/><D11/><U130/><E130/><N who="0" m="49673" /><D16/><U47/><E127/><V64/><F64/><W24/><G7/><T83/><D83/><U123/><E77/><V55/><F66/><W1/><G13/><T53/><D53/><U86/><E63/><V33/><F10/><W78/><G78/><T101/><D101/><U38/><E132/><V20/><F33/><W110/><G1/><T70/><D70/><U126/><E123/><V40/><F40/><W29/><G103/><T21/><D21/><U3/><E3/><V34/><F34/><W49/><G41/><N who="0" m="22847" /><D106/><U125/><E126/><V8/><F8/><W9/><G9/><T74/><D74/><U31/><E125/><V42/><F42/><W119/><G119/><T62/><D62/><U75/><E75/><V67/><F67/><W45/><G107/><T116/><D116/><U25/><E15/><N who="2" m="9279" /><F18/><W76/><G104/><T68/><D68/><U35/><REACH who="1" step="1"/><E19/><REACH who="1" ten="230,200,382,178" step="2"/><V84/><F60/><W6/><G29/><T50/><D50/><U80/><AGARI ba="0,1" hai="4,5,25,31,35,38,43,47,52,56,61,80,86,89" machi="80" ten="20,12000,2" yaku="1,1,2,1,0,1,7,1,52,1,54,1,53,0" doraHai="69" doraHaiUra="117" who="1" fromWho="1" sc="230,-30,200,130,382,-30,178,-60" /><INIT seed="4,0,0,0,5,13" ten="200,330,352,118" oya="0" hai0="88,57,107,76,94,82,54,72,48,103,97,37,122" hai1="14,25,124,46,114,30,56,106,83,62,80,41,68" hai2="89,51,121,0,19,92,75,132,2,126,15,7,74" hai3="104,43,28,3,134,100,31,86,4,61,87,65,36"/><T21/><D37/><U93/><E124/><V131/><F121/><W135/><G4/><T85/><REACH who="0" step="1"/><D21/><REACH who="0" ten="190,330,352,118" step="2"/><N who="1" m="15663" /><E114/><V23/><F23/><W120/><G36/><T123/><AGARI ba="0,1" hai="48,54,57,72,76,82,85,88,94,97,103,107,122,123" machi="123" ten="30,18000,2" yaku="1,1,0,1,24,2,54,1,53,1" doraHai="13" doraHaiUra="55" who="0" fromWho="0" sc="190,190,330,-60,352,-60,118,-60" /><INIT seed="4,1,0,0,2,79" ten="380,270,292,58" oya="0" hai0="61,95,75,13,94,29,48,80,31,73,88,93,82" hai1="60,56,115,62,16,111,135,106,74,0,39,114,107" hai2="47,8,113,59,6,63,38,23,131,10,67,43,51" hai3="89,11,100,64,83,65,128,37,103,118,2,71,97"/><T25/><D73/><U18/><E74/><V3/><F113/><N who="1" m="43017" /><E111/><V126/><F131/><W133/><G37/><T4/><D75/><U78/><E39/><V84/><F126/><W45/><G45/><T124/><D124/><U109/><E109/><V12/><F23/><W24/><G24/><T14/><D61/><N who="1" m="23659" /><E56/><V68/><F84/><W7/><G71/><T49/><D4/><U27/><E78/><V32/><F32/><W1/><G1/><T99/><D99/><U69/><E0/><V108/><F108/><W52/><G128/><T15/><D25/><U98/><E27/><V76/><F76/><W87/><G118/><T116/><D116/><U134/><E69/><V54/><F8/><W101/><G97/><T130/><D130/><U86/><E86/><V127/><F127/><W35/><G35/><T40/><D40/><U44/><E44/><V50/><F51/><N who="0" m="19530" /><D88/><U41/><E41/><V121/><F3/><W34/><G34/><T19/><D19/><N who="1" m="7211" /><E98/><V66/><F66/><W112/><G112/><T102/><D102/><U122/><E122/><AGARI ba="1,0" hai="6,10,12,38,43,47,50,54,59,63,67,68,121,122" machi="122" ten="40,2600,0" yaku="24,2" doraHai="79" who="2" fromWho="1" sc="380,0,270,-29,292,29,58,0" /><INIT seed="5,0,0,4,3,59" ten="380,241,321,58" oya="1" hai0="121,69,53,58,15,93,77,86,103,32,44,95,49" hai1="6,91,2,27,101,128,51,14,68,134,38,21,40" hai2="47,57,11,67,64,125,71,110,135,37,119,75,82" hai3="106,18,92,118,16,28,55,73,50,56,96,80,126"/><U20/><E68/><V83/><F110/><W129/><G126/><T35/><D69/><U123/><E123/><V70/><F119/><W31/><G129/><T24/><D121/><U61/><E128/><V46/><F11/><W78/><G118/><T72/><D72/><U79/><E101/><V107/><F57/><W22/><G106/><T120/><D120/><U88/><E134/><V124/><F37/><W132/><G132/><T41/><D32/><U10/><E38/><V19/><F135/><W130/><G130/><T42/><D42/><U87/><E2/><V12/><F12/><W115/><G115/><T23/><D35/><U114/><E61/><V113/><F19/><W7/><G7/><T94/><D15/><U52/><E40/><V90/><F90/><N who="1" m="34345" /><E27/><V127/><F127/><W60/><G50/><N who="0" m="26895" /><D103/><U104/><E104/><V29/><F107/><W74/><G18/><N who="0" m="12407" /><D77/><U3/><E114/><V109/><F113/><W36/><G74/><T85/><AGARI ba="0,0" hai="49,53,58,85,86,93,94,95" m="12407,26895" machi="85" ten="30,1100,0" yaku="8,1" doraHai="59" who="0" fromWho="0" sc="380,11,241,-5,321,-3,58,-3" /><INIT seed="6,0,0,3,0,54" ten="391,236,318,55" oya="2" hai0="98,95,47,31,104,64,119,70,58,131,11,83,124" hai1="110,29,108,85,84,32,132,115,52,14,41,101,80" hai2="68,105,63,102,82,106,37,50,103,2,22,114,26" hai3="75,20,67,123,21,62,10,134,121,51,39,15,81"/><V118/><F118/><W28/><G39/><T128/><D70/><U112/><E41/><V35/><F37/><W79/><G134/><T120/><D120/><U129/><E32/><V133/><F2/><W65/><G65/><T99/><D124/><U109/><E29/><V53/><F35/><W88/><G123/><T1/><D119/><U116/><E14/><V56/><F114/><N who="1" m="43561" /><E116/><V19/><F133/><W78/><G121/><T127/><D31/><U57/><E132/><V90/><F68/><W92/><G79/><T25/><D25/><U125/><E125/><V44/><F105/><W0/><G51/><T91/><D11/><U93/><E80/><V40/><F106/><W107/><G107/><T69/><D83/><U74/><E74/><V23/><F22/><W48/><G48/><T135/><D69/><U33/><E129/><V7/><F7/><W100/><G100/><T126/><D1/><U97/><E33/><V77/><REACH who="2" step="1"/><F90/><REACH who="2" ten="391,236,308,55" step="2"/><W43/><G0/><T36/><D91/><U6/><E6/><V86/><AGARI ba="0,1" hai="19,23,26,40,44,50,53,56,63,77,82,86,102,103" machi="86" ten="20,18000,2" yaku="1,1,2,1,0,1,7,1,8,1,52,1,53,0" doraHai="54" doraHaiUra="4" who="2" fromWho="2" sc="391,-60,236,-60,308,190,55,-60" owari="331,13.0,176,-22.0,498,60.0,-5,-51.0" /></mjloggm>