<mjloggm ver="2.3"><GO type="225" lobby="0"/><UN n0="%E3%81%AF%E3%82%88%E3%81%8A%E3%81%98%E3%81%95%E3%82%93" n1="%E5%85%88%E7%89%A9%E3%81%AF%74%72%61%73%68" n2="%E5%8D%A0%E3%81%84%E5%B8%AB%E8%A3%8F%E3%81%AA%E3%81%84%E3%81%97" n3="%E3%80%93%E3%81%97%E3%83%BC%E3%82%89%E3%80%93" dan="18,17,16,16" rate="2255.75,2213.14,2197.23,2138.31" sx="M,M,M,M"/><TAIKYOKU oya="0"/><INIT seed="0,0,0,4,4,68" ten="250,250,250,250" oya="0" hai0="3,92,61,22,13,38,71,73,116,41,4,75,45" hai1="29,56,39,128,53,76,15,97,49,14,47,65,0" hai2="26,124,1,55,134,37,42,135,96,90,132,66,2" hai3="59,57,11,103,16,83,6,43,117,100,84,19,24"/><T91/><D116/><U67/><E128/><V120/><F120/><W109/><G117/><T82/><D3/><U114/><E0/><V105/><F124/><W130/><G130/><T36/><D36/><U95/><E76/><V35/><F66/><W54/><G43/><T32/><D32/><U8/><E29/><N who="2" m="19895" /><F55/><W81/><G109/><T104/><D104/><U119/><E119/><V110/><F110/><W46/><G46/><T98/><D82/><U126/><E114/><V94/><F105/><W99/><G81/><T28/><D28/><U123/><E123/><V106/><F106/><W58/><G54/><T118/><D118/><U93/><E93/><V85/><F85/><W52/><G52/><T102/><D91/><U113/><E126/><V112/><F112/><W30/><G99/><T27/><D27/><U23/><E113/><V7/><F7/><W115/><G115/><T107/><D107/><U9/><E23/><V80/><F80/><W25/><G103/><T20/><D20/><U10/><E67/><V33/><F33/><W60/><G100/><T31/><D31/><U72/><E72/><V12/><F12/><N who="3" m="5239" /><G60/><T70/><D61/><N who="1" m="38055" /><E39/><V101/><F101/><AGARI ba="0,0" hai="8,9,10,14,15,47,49,53,95,97,101" m="38055" machi="101" ten="30,1000,0" yaku="8,1" doraHai="68" who="1" fromWho="2" sc="250,0,250,10,250,-10,250,0" /><INIT seed="1,0,0,5,2,124" ten="250,260,240,250" oya="1" hai0="45,107,35,134,100,129,6,4,98,3,81,57,96" hai1="95,68,86,104,49,24,54,76,122,89,82,128,70" hai2="15,131,67,7,103,90,40,109,121,36,46,87,47" hai3="18,74,9,27,12,69,10,111,110,88,118,23,39"/><U58/><E122/><V73/><F73/><W30/><G74/><T77/><D35/><U72/><E128/><V37/><F121/><W48/><G69/><T17/><D134/><U34/><REACH who="1" step="1"/><E104/><REACH who="1" ten="250,250,240,250" step="2"/><V21/><F131/><W126/><G110/><T119/><D129/><U97/><E97/><V52/><F109/><W61/><G111/><T5/><D98/><U75/><E75/><V56/><F37/><W51/><G39/><T8/><D96/><U43/><E43/><V115/><F40/><W117/><G117/><T106/><D107/><U20/><E20/><V50/><F21/><W60/><G118/><T94/><D106/><U13/><E13/><V19/><F36/><W22/><G126/><T29/><D119/><U41/><E41/><V83/><F15/><W105/><G105/><T120/><D120/><U62/><E62/><V85/><F115/><W66/><G61/><T78/><D3/><U113/><E113/><V26/><F87/><W44/><G60/><T2/><D2/><U53/><E53/><V65/><F65/><W16/><G66/><T59/><D8/><U25/><E25/><V93/><F67/><W92/><G10/><T102/><D102/><U135/><E135/><V14/><F103/><W28/><G28/><AGARI ba="0,1" hai="24,28,34,49,54,58,68,70,72,76,82,86,89,95" machi="28" ten="40,3900,0" yaku="1,1,53,1" doraHai="124" doraHaiUra="31" who="1" fromWho="3" sc="250,0,250,49,240,0,250,-39" /><INIT seed="1,1,0,1,0,129" ten="250,299,240,211" oya="1" hai0="97,100,45,95,107,3,21,49,125,37,43,13,46" hai1="99,76,4,61,36,66,123,112,17,23,131,91,70" hai2="41,83,25,69,29,15,85,1,80,59,98,101,120" hai3="31,128,9,65,122,116,93,130,26,34,32,68,88"/><U119/><E123/><V44/><F69/><W102/><G122/><T58/><D3/><U126/><E112/><V20/><F1/><W81/><G116/><T94/><D125/><U113/><E113/><V109/><F120/><W134/><G102/><T33/><D33/><U135/><E119/><V108/><F59/><W115/><G81/><T55/><D13/><U54/><E36/><V56/><F56/><W84/><G115/><T27/><REACH who="0" step="1"/><D45/><REACH who="0" ten="240,299,240,211" step="2"/><U52/><E126/><V74/><F15/><W78/><G34/><T104/><D104/><U50/><E131/><V2/><F2/><W105/><G128/><T7/><D7/><U39/><E4/><V53/><F44/><W5/><G105/><T40/><D40/><U16/><E23/><V28/><F41/><W132/><G130/><T133/><D133/><U117/><E135/><V60/><F20/><W121/><G121/><T19/><AGARI ba="1,1" hai="19,21,27,37,43,46,49,55,58,94,95,97,100,107" machi="19" ten="20,2700,0" yaku="1,1,0,1,7,1,53,0" doraHai="129" doraHaiUra="0" who="0" fromWho="0" sc="240,40,299,-14,240,-8,211,-8" /><INIT seed="2,0,0,0,4,125" ten="280,285,232,203" oya="2" hai0="72,22,24,44,0,128,7,106,135,113,81,38,48" hai1="133,54,64,91,112,74,31,14,29,16,129,46,21" hai2="75,45,83,123,33,126,20,90,2,131,67,49,105" hai3="99,116,92,70,86,78,119,59,71,3,118,132,102"/><V100/><F123/><W98/><G3/><T115/><D106/><U27/><E112/><V17/><F126/><W13/><G132/><T89/><D135/><U68/><E133/><V23/><F33/><W40/><G40/><T124/><D124/><U55/><E74/><V39/><F2/><W122/><G122/><T11/><D128/><U65/><E68/><V53/><F131/><W97/><G78/><T19/><D38/><U57/><E129/><V36/><F67/><W73/><G73/><T88/><D72/><U41/><E31/><V34/><F34/><W61/><G13/><T43/><REACH who="0" step="1"/><D88/><REACH who="0" ten="270,285,232,203" step="2"/><U82/><E91/><V121/><F75/><W69/><REACH who="3" step="1"/><G86/><AGARI ba="0,1" hai="0,7,11,19,22,24,43,44,48,81,86,89,113,115" machi="86" ten="40,5200,0" yaku="1,1,2,1,53,1" doraHai="125" doraHaiUra="42" who="0" fromWho="3" sc="270,62,285,0,232,0,203,-52" /><INIT seed="3,0,0,4,2,88" ten="332,285,232,151" oya="3" hai0="33,13,39,91,40,20,70,135,132,41,66,104,85" hai1="131,57,103,45,2,119,100,27,96,28,17,52,49" hai2="47,30,113,112,92,126,97,0,105,90,118,102,12" hai3="84,106,109,67,86,95,23,43,71,75,10,78,93"/><W127/><G106/><T46/><D33/><U65/><E131/><V15/><F0/><W24/><G127/><T1/><D1/><U7/><E119/><V73/><F118/><W124/><G124/><T61/><D104/><U48/><E17/><V115/><F126/><W16/><G109/><T3/><D3/><U58/><E103/><V120/><F120/><W83/><G43/><T81/><D40/><U5/><E2/><V77/><F30/><W74/><G10/><T99/><D99/><U37/><E37/><V4/><F4/><W38/><G38/><T80/><D81/><U42/><E58/><V122/><F47/><W76/><G76/><T54/><D54/><U114/><E114/><V32/><F32/><W125/><G125/><T25/><REACH who="0" step="1"/><D13/><REACH who="0" ten="322,285,232,151" step="2"/><U110/><E110/><V18/><F12/><W8/><G8/><T134/><D134/><U101/><E65/><V14/><F14/><W53/><G53/><T107/><D107/><U64/><E64/><V123/><F15/><W98/><G75/><T22/><D22/><N who="1" m="15479" /><E101/><V34/><F34/><W121/><G121/><T87/><D87/><U9/><E9/><V50/><F18/><AGARI ba="0,1" hai="18,20,25,39,41,46,61,66,70,80,85,91,132,135" machi="18" ten="40,1300,0" yaku="1,1,53,0" doraHai="88" doraHaiUra="31" who="0" fromWho="2" sc="322,23,285,0,232,-13,151,0" owari="345,44.0,285,9.0,219,-18.0,151,-35.0" /></mjloggm>