<mjloggm ver="2.3"><GO type="169" lobby="0"/><UN n0="%6C%69%65%62%65" n1="%E6%BB%9D%E6%9C%AC%E3%81%B2%E3%81%B5%E3%81%BF%EF%BC%81" n2="%7A%6F%6F%31%39%36%34" n3="%63%68%6F%75%72%79%6F%75" dan="16,17,16,16" rate="2029.07,2175.22,2152.16,2041.67" sx="F,M,M,M"/><TAIKYOKU oya="0"/><INIT seed="0,0,0,5,5,127" ten="250,250,250,250" oya="0" hai0="23,65,90,97,102,128,54,61,99,11,95,32,96" hai1="33,83,39,57,74,112,41,62,28,114,107,56,36" hai2="121,15,66,77,126,24,68,50,14,53,42,91,70" hai3="16,5,115,21,64,101,78,109,116,123,46,22,52"/><T69/><D32/><U122/><E122/><V73/><F121/><W27/><G116/><T110/><D110/><U38/><E107/><V20/><F126/><W134/><G115/><N who="1" m="44074" /><E28/><V67/><F42/><W49/><G123/><T88/><D128/><U18/><E18/><V3/><F3/><W105/><G134/><T79/><D79/><N who="1" m="44535" /><E33/><V1/><F1/><W37/><G109/><T55/><D11/><U85/><E85/><V34/><F34/><W132/><G132/><T0/><D0/><U92/><E92/><V12/><F91/><W47/><G64/><T84/><D23/><U8/><E8/><V75/><F67/><W6/><G78/><T58/><D55/><N who="1" m="34079" /><E57/><V82/><F66/><W135/><G135/><T31/><D31/><U133/><E133/><V17/><REACH who="2" step="1"/><F75/><REACH who="2" ten="250,250,240,250" step="2"/><W60/><G37/><T13/><D90/><U104/><E104/><V4/><F4/><W35/><G35/><T19/><D65/><U81/><E81/><V29/><F29/><W93/><G105/><T44/><D69/><U94/><E94/><V59/><AGARI ba="0,1" hai="12,14,15,17,20,24,50,53,59,68,70,73,77,82" machi="59" ten="30,2000,0" yaku="1,1,0,1,53,0" doraHai="127" doraHaiUra="103" who="2" fromWho="2" sc="250,-10,250,-5,240,30,250,-5" /><INIT seed="1,0,0,0,5,84" ten="240,245,270,245" oya="1" hai0="35,88,12,108,55,67,80,82,26,115,43,65,54" hai1="60,75,73,46,2,111,18,95,38,56,132,1,7" hai2="103,52,40,36,72,118,124,20,0,14,49,109,76" hai3="57,127,3,87,105,83,24,120,104,85,45,91,106"/><U101/><E132/><V30/><F118/><W96/><G120/><T102/><D115/><U5/><E38/><V69/><F0/><W23/><G3/><T42/><D108/><U39/><E39/><V32/><F69/><W19/><G127/><T100/><D35/><U81/><E46/><V77/><F103/><W121/><G121/><T21/><D12/><U116/><E18/><V112/><F32/><W129/><G129/><T59/><D59/><U11/><E116/><V126/><F109/><W22/><G45/><T31/><D21/><U63/><E111/><V53/><F36/><W134/><G134/><T44/><D44/><U94/><E81/><V117/><F53/><W128/><G128/><T113/><D26/><U97/><E94/><V89/><F40/><W50/><G85/><T47/><D47/><U51/><E51/><V130/><F130/><W86/><G86/><T25/><D25/><U133/><E133/><V62/><F62/><W9/><G9/><T90/><D113/><U8/><REACH who="1" step="1"/><E60/><REACH who="1" ten="240,235,270,245" step="2"/><V4/><F49/><W17/><G50/><T78/><D78/><U122/><E122/><V98/><F77/><W131/><G131/><T107/><D107/><U28/><E28/><AGARI ba="0,1" hai="28,31,42,43,54,55,65,67,80,82,88,90,100,102" machi="28" ten="25,12000,2" yaku="22,2,8,1,52,2,54,1" doraHai="84" who="0" fromWho="1" sc="240,130,235,-120,270,0,245,0" /><INIT seed="2,0,0,0,4,38" ten="370,115,270,245" oya="2" hai0="45,41,118,70,72,62,105,19,111,93,60,51,8" hai1="76,83,12,109,25,99,24,22,3,124,113,122,110" hai2="74,10,21,61,57,42,88,14,30,59,116,103,17" hai3="52,79,40,15,120,87,117,0,92,5,128,71,44"/><V90/><F74/><W107/><G117/><T9/><D111/><U112/><E3/><V98/><F116/><W91/><G120/><T66/><D118/><U94/><E12/><V130/><F130/><W132/><G128/><T85/><D72/><U97/><E124/><V106/><F59/><W39/><G132/><T49/><D105/><U63/><E63/><V1/><F42/><W2/><G107/><T134/><D134/><U126/><E126/><V48/><F48/><W67/><G79/><T54/><D62/><U75/><E24/><V96/><F96/><W65/><G71/><T86/><D19/><U108/><E97/><V77/><F77/><W84/><G84/><T82/><D93/><U123/><E22/><V23/><F23/><W119/><G119/><T80/><D80/><U4/><E4/><V32/><F32/><W73/><G73/><T26/><D26/><U95/><E25/><V135/><F135/><W31/><G31/><T50/><D86/><U18/><E18/><V16/><F30/><W20/><G20/><T29/><D29/><U37/><E37/><V89/><F1/><W125/><G2/><T7/><D7/><U81/><E81/><V47/><F47/><N who="3" m="23967" /><G0/><T100/><D70/><U114/><E94/><V102/><F102/><AGARI ba="0,0" hai="75,76,83,95,99,102,108,109,110,112,113,114,122,123" machi="102" ten="50,8000,1" yaku="14,1,34,3" doraHai="38" who="1" fromWho="2" sc="370,0,115,80,270,-80,245,0" /><INIT seed="3,0,0,0,2,108" ten="370,195,190,245" oya="3" hai0="74,119,88,32,104,55,133,75,57,69,128,127,10" hai1="44,77,15,34,9,8,36,102,79,125,3,21,93" hai2="5,1,85,48,22,110,113,40,122,0,65,35,134" hai3="91,66,16,112,23,135,43,96,81,95,27,124,50"/><W4/><G124/><T70/><D104/><U7/><E34/><V106/><F35/><W13/><G135/><T116/><D32/><U120/><E120/><V58/><F106/><W14/><G112/><T101/><D101/><U53/><E125/><V117/><F117/><W67/><G81/><T6/><D127/><U84/><E21/><V105/><F105/><W82/><G82/><T52/><D57/><U61/><E61/><V31/><F110/><W62/><G4/><T42/><D6/><U19/><E53/><V76/><F113/><W130/><G130/><T12/><D12/><N who="3" m="4713" /><G62/><T30/><D128/><U109/><E109/><V64/><F134/><W87/><G96/><T73/><D133/><U60/><E60/><V72/><F72/><W86/><G86/><T59/><D74/><U89/><REACH who="1" step="1"/><E102/><REACH who="1" ten="370,185,190,245" step="2"/><V103/><F103/><W63/><G63/><N who="0" m="36327" /><D119/><U29/><E29/><V107/><F31/><W114/><G114/><T11/><D30/><U33/><E33/><V46/><F122/><W28/><G28/><T98/><D116/><U92/><E92/><V71/><F107/><W132/><G132/><T2/><D70/><U54/><E54/><V38/><F71/><W24/><G24/><T56/><D69/><U118/><E118/><V17/><F22/><W45/><AGARI ba="0,1" hai="16,23,27,43,45,50,66,67,87,91,95" m="4713" machi="45" ten="30,3000,0" yaku="8,1,54,1" doraHai="108" who="3" fromWho="3" sc="370,-10,185,-10,190,-10,245,40" /><INIT seed="3,1,0,3,2,74" ten="360,175,180,285" oya="3" hai0="30,129,85,61,111,8,19,25,93,114,104,105,101" hai1="115,95,20,21,78,37,126,102,72,44,128,24,76" hai2="1,67,127,57,59,9,0,27,53,68,34,119,12" hai3="77,109,43,51,2,107,81,28,7,39,3,75,46"/><W55/><G107/><T66/><D111/><U82/><E115/><V118/><F68/><W5/><G109/><T54/><D114/><U50/><E126/><V86/><F127/><W120/><G120/><T17/><D129/><U117/><E37/><V52/><F67/><W71/><G71/><T16/><D54/><U91/><E128/><V32/><F27/><W10/><G28/><T45/><D45/><U13/><E102/><V97/><F86/><W69/><G69/><T131/><D8/><U6/><E117/><V60/><F97/><W79/><G79/><N who="1" m="30250" /><E72/><V121/><F121/><W35/><G35/><T15/><D105/><U84/><E24/><V26/><F26/><W113/><G113/><T99/><D104/><U73/><E73/><V100/><F9/><W80/><G80/><T64/><D25/><U92/><E6/><V124/><F60/><W47/><G7/><T132/><D61/><U41/><E13/><AGARI ba="1,0" hai="2,3,5,10,13,39,43,46,47,51,55,75,77,81" machi="13" ten="30,2900,0" yaku="7,1,52,1" doraHai="74" who="3" fromWho="1" sc="360,0,175,-32,180,0,285,32" /><INIT seed="3,2,0,1,2,88" ten="360,143,180,317" oya="3" hai0="19,8,134,69,123,119,28,127,5,62,87,10,53" hai1="33,52,40,55,68,66,6,2,75,0,45,98,77" hai2="20,36,135,129,59,16,116,89,13,11,30,90,57" hai3="38,7,39,1,111,97,31,4,133,106,73,71,43"/><W42/><G71/><T9/><D119/><U79/><E33/><V114/><F116/><W27/><G73/><T76/><D123/><U108/><E108/><V74/><F36/><W94/><G106/><T118/><D118/><U47/><E75/><V46/><F74/><W132/><G111/><T95/><D134/><N who="3" m="51817" /><G38/><T110/><D110/><U86/><E98/><V93/><F114/><W44/><G42/><T18/><D127/><U24/><E24/><N who="2" m="16647" /><F129/><W3/><G1/><T85/><D28/><U84/><E66/><V122/><F122/><W14/><G14/><T121/><D121/><U54/><E6/><V99/><F46/><N who="1" m="17417" /><E40/><V82/><F135/><W56/><G56/><N who="2" m="21577" /><F82/><W25/><G3/><N who="1" m="1066" /><E68/><V51/><F51/><W103/><G27/><T128/><D69/><U104/><E104/><V112/><F112/><W105/><G105/><T17/><D128/><U12/><E12/><V126/><F126/><W22/><AGARI ba="2,0" hai="4,7,22,25,31,39,43,44,94,97,103" m="51817" machi="22" ten="30,3000,0" yaku="20,1,52,1" doraHai="88" who="3" fromWho="3" sc="360,-12,143,-12,180,-12,317,36" /><INIT seed="3,3,0,0,5,16" ten="348,131,168,353" oya="3" hai0="89,24,7,54,134,80,118,87,62,133,28,111,0" hai1="98,2,109,9,10,110,128,55,76,36,57,13,64" hai2="26,20,125,91,18,21,29,86,34,63,30,70,25" hai3="23,129,95,50,108,6,94,46,102,8,61,3,90"/><W85/><G129/><T104/><D118/><U96/><E36/><V99/><F125/><W66/><G108/><N who="1" m="41578" /><E64/><V37/><F37/><W112/><G112/><T74/><D111/><U97/><E76/><V15/><F99/><W124/><G124/><T116/><D116/><U51/><E2/><V17/><F63/><W119/><G119/><T69/><D104/><U56/><E128/><V73/><F73/><W120/><G120/><T105/><D105/><U31/><E31/><N who="2" m="19831" /><F91/><W123/><G123/><T101/><D101/><U114/><E114/><V32/><F86/><W82/><G102/><T100/><D100/><U127/><E127/><V81/><F81/><W52/><REACH who="3" step="1"/><G23/><REACH who="3" ten="348,131,168,343" step="2"/><T14/><D134/><U75/><E75/><V47/><F70/><AGARI ba="3,1" hai="3,6,8,46,50,52,61,66,70,82,85,90,94,95" machi="70" ten="30,11600,0" yaku="1,1,2,1,7,1,54,1,53,0" doraHai="16" doraHaiUra="53" who="3" fromWho="2" sc="348,0,131,0,168,-125,343,135" /><INIT seed="3,4,0,1,0,4" ten="348,131,43,478" oya="3" hai0="6,49,14,59,119,51,80,120,7,63,32,100,60" hai1="126,45,128,18,0,2,109,125,123,28,79,131,30" hai2="8,110,99,23,50,66,21,85,55,38,24,91,90" hai3="33,73,96,115,87,105,53,72,74,36,27,17,75"/><W12/><G115/><T101/><D119/><U54/><E79/><V133/><F38/><W97/><G36/><T41/><D120/><U3/><E54/><V13/><F110/><W69/><G69/><T134/><D134/><U34/><E45/><V31/><F133/><W62/><G87/><T116/><D32/><U127/><E123/><V47/><F66/><W35/><G75/><T68/><D68/><U22/><E109/><V1/><F1/><W106/><G62/><T121/><D121/><U76/><E76/><V102/><F23/><W10/><G53/><T77/><D77/><U135/><E135/><V104/><REACH who="2" step="1"/><F85/><REACH who="2" ten="348,131,33,478" step="2"/><W19/><G35/><T82/><D116/><U39/><E39/><V111/><F111/><W40/><G33/><T26/><D49/><U20/><E34/><V56/><F56/><W52/><G73/><T103/><D59/><U29/><E20/><V16/><AGARI ba="4,1" hai="8,13,16,21,24,31,47,50,55,90,91,99,102,104" machi="16" ten="20,8000,1" yaku="1,1,0,1,7,1,52,1,54,1,53,0" doraHai="4" doraHaiUra="71" who="2" fromWho="2" sc="348,-24,131,-24,33,102,478,-44" /><INIT seed="4,0,0,2,3,83" ten="324,107,135,434" oya="0" hai0="45,58,8,132,94,120,26,84,85,79,64,72,82" hai1="13,24,31,1,65,78,7,56,119,107,47,118,93" hai2="76,105,116,20,103,69,18,0,133,71,16,46,54" hai3="39,10,9,91,125,104,74,106,6,110,121,14,113"/><T73/><D120/><U28/><E107/><V57/><F0/><W95/><G110/><T19/><D132/><U37/><E1/><V108/><F108/><W109/><G109/><T81/><D45/><U111/><E111/><V11/><F133/><W77/><G39/><T127/><D127/><U44/><E78/><V96/><F116/><W99/><G113/><T29/><D94/><U123/><E123/><V115/><F115/><W51/><G121/><T15/><D58/><U38/><E13/><V117/><F117/><W27/><G77/><T50/><D50/><U130/><E7/><V36/><F76/><W52/><G74/><T32/><REACH who="0" step="1"/><D64/><REACH who="0" ten="314,107,135,434" step="2"/><U67/><E93/><V86/><F46/><W62/><G125/><T12/><D12/><U122/><E122/><V90/><F57/><W97/><G51/><T22/><D22/><U60/><E56/><V17/><F20/><W80/><G95/><T70/><D70/><U112/><E112/><V35/><F69/><W135/><G14/><T34/><D34/><U61/><REACH who="1" step="1"/><E24/><REACH who="1" ten="314,97,135,434" step="2"/><V33/><F71/><W40/><G27/><T25/><D25/><U53/><E53/><V21/><F54/><W98/><G52/><T134/><D134/><U88/><E88/><AGARI ba="0,2" hai="8,15,19,26,29,32,72,73,79,81,82,84,85,88" machi="88" ten="30,12000,1" yaku="1,1,7,1,52,2,54,1,53,0" doraHai="83" doraHaiUra="92" who="0" fromWho="1" sc="314,140,97,-120,135,0,434,0" owari="454,55.0,-23,-52.0,135,-26.0,434,23.0" /></mjloggm>