<mjloggm ver="2.3"><GO type="169" lobby="0"/><UN n0="%73%74%61%72%E6%98%9F%E8%BE%B0" n1="%EF%BC%93%E7%95%AA%E3%82%B7%E3%83%A7%E3%83%BC%E3%83%88%E5%9D%82%E7%94%B0" n2="%45%72%77%69%6E%52%64" n3="%E3%82%B7%E3%83%B3%E3%83%9C%E3%83%AA%E3%83%AB%E3%83%89%E3%83%AB%E3%83%95" dan="16,16,16,16" rate="2116.58,2132.76,2118.60,2134.78" sx="F,M,M,M"/><TAIKYOKU oya="0"/><INIT seed="0,0,0,0,1,112" ten="250,250,250,250" oya="0" hai0="60,101,90,81,55,92,6,104,78,59,77,118,16" hai1="100,114,31,22,27,71,57,17,65,89,51,82,25" hai2="126,33,63,73,41,30,18,62,105,120,21,130,79" hai3="102,4,47,133,83,32,70,88,13,53,54,66,61"/><T95/><D6/><U10/><E114/><V15/><F120/><W43/><G133/><T96/><D104/><U50/><E71/><V124/><F105/><W115/><G115/><T128/><D128/><U35/><E100/><V8/><F41/><W5/><G32/><T40/><D40/><U44/><E10/><V132/><F132/><W75/><G102/><T26/><D81/><U98/><E44/><V116/><F33/><W69/><G69/><T24/><D118/><U52/><E65/><V125/><F130/><W94/><G5/><T67/><D67/><U37/><E37/><V42/><F42/><W97/><G4/><T80/><D80/><U19/><E19/><V49/><F49/><W20/><G20/><N who="0" m="13319" /><D26/><U64/><E64/><V76/><F116/><W7/><G13/><T103/><D103/><U106/><E106/><V58/><F73/><W1/><G7/><T113/><D113/><U99/><REACH who="1" step="1"/><E51/><REACH who="1" ten="250,240,250,250" step="2"/><V119/><F119/><W129/><G1/><T107/><D107/><U131/><E131/><V84/><F125/><W2/><G2/><T39/><D39/><U0/><E0/><V74/><F124/><W48/><REACH who="3" step="1"/><G129/><REACH who="3" ten="250,240,250,240" step="2"/><T109/><D109/><U46/><E46/><V93/><F126/><W9/><G9/><T91/><D101/><U86/><AGARI ba="0,2" hai="17,22,25,27,31,35,50,52,57,82,86,89,98,99" machi="86" ten="30,4000,0" yaku="1,1,0,1,54,1,53,0" doraHai="112" doraHaiUra="56" who="1" fromWho="1" sc="250,-20,240,60,250,-10,240,-10" /><INIT seed="1,0,0,5,3,100" ten="230,300,240,230" oya="1" hai0="26,65,8,124,38,122,4,1,57,7,14,113,126" hai1="16,10,83,125,67,55,76,42,90,116,74,30,131" hai2="118,69,20,117,39,61,23,108,112,28,68,97,12" hai3="43,107,72,88,95,54,91,128,52,80,25,105,58"/><U98/><E116/><V44/><F108/><W59/><G128/><T103/><D38/><U18/><E131/><V135/><F135/><W101/><G43/><T75/><D75/><U17/><E125/><N who="0" m="48233" /><D113/><U73/><E42/><V133/><F133/><W110/><G110/><T3/><D65/><U50/><E67/><V51/><F39/><W53/><G25/><T24/><D57/><U34/><E73/><V64/><F69/><W15/><G15/><T49/><D49/><U35/><E30/><V119/><F112/><W129/><G129/><T87/><D103/><U123/><E123/><V132/><F132/><W19/><G19/><N who="0" m="8647" /><D87/><U47/><REACH who="1" step="1"/><E10/><REACH who="1" ten="230,290,240,230" step="2"/><V60/><F28/><W94/><G72/><T5/><D122/><U62/><E62/><V31/><F60/><W82/><G54/><T40/><D40/><U9/><E9/><V33/><F31/><W71/><G101/><T111/><D111/><U70/><E70/><AGARI ba="0,1" hai="52,53,58,59,70,71,80,82,88,91,94,95,105,107" machi="70" ten="25,12000,2" yaku="22,2,52,2,54,2" doraHai="100" who="3" fromWho="1" sc="230,0,290,-120,240,0,230,130" /><INIT seed="2,0,0,3,0,57" ten="230,170,240,360" oya="2" hai0="99,90,31,18,124,127,50,65,85,23,100,66,117" hai1="44,106,87,132,3,4,43,8,97,47,41,112,80" hai2="130,19,96,73,74,70,91,35,120,20,59,133,118" hai3="110,5,10,115,135,2,42,95,75,71,28,37,16"/><V108/><F118/><W17/><G71/><T25/><D117/><U114/><E132/><V119/><F119/><W104/><G104/><T27/><D50/><U6/><E106/><V26/><F70/><W36/><G135/><T40/><D40/><U103/><E4/><V126/><F133/><W121/><G121/><T78/><D78/><U129/><E129/><V93/><F130/><W32/><G75/><T52/><D124/><U48/><E97/><V98/><F120/><W7/><G7/><T24/><D127/><U49/><REACH who="1" step="1"/><E103/><REACH who="1" ten="230,160,240,360" step="2"/><V30/><F126/><W125/><G5/><T107/><D100/><U21/><E21/><V14/><F108/><W34/><G110/><T79/><D99/><U56/><E56/><V89/><F59/><W55/><G32/><T68/><D107/><U12/><E12/><V67/><F67/><W39/><G34/><T131/><D131/><U62/><E62/><V33/><F33/><W101/><G101/><T116/><D116/><U77/><AGARI ba="0,1" hai="3,6,8,41,43,44,47,48,49,77,80,87,112,114" machi="77" ten="20,5200,0" yaku="1,1,0,1,7,1,9,1,53,0" doraHai="57" doraHaiUra="22" who="1" fromWho="1" sc="230,-13,160,62,240,-26,360,-13" /><INIT seed="3,0,0,1,4,63" ten="217,222,214,347" oya="3" hai0="61,122,20,43,23,128,108,25,106,77,74,19,60" hai1="15,96,83,41,29,121,51,123,13,112,17,90,30" hai2="95,69,92,115,125,94,126,50,67,40,114,48,1" hai3="55,134,88,79,28,2,76,97,11,124,65,105,58"/><W14/><G2/><T135/><D122/><U47/><E112/><N who="2" m="43051" /><F1/><W64/><G28/><T52/><D106/><U12/><E121/><V80/><F80/><W87/><G134/><T93/><D135/><U32/><E123/><V46/><F69/><W56/><G124/><N who="2" m="47721" /><F48/><N who="3" m="30823" /><G97/><T85/><D74/><U57/><E32/><V111/><F111/><W101/><G101/><T66/><D108/><U120/><E120/><V3/><F3/><W82/><G58/><T100/><D100/><U18/><E57/><V54/><F54/><W102/><G102/><T133/><D52/><U118/><E118/><V72/><F72/><W37/><G37/><T39/><D39/><U10/><E96/><V132/><F132/><W119/><G119/><T27/><D133/><U75/><E75/><V33/><F33/><W16/><G105/><T73/><D73/><U7/><E29/><V131/><F131/><W68/><G68/><T44/><D128/><U21/><E30/><V117/><F117/><W109/><G109/><T49/><D77/><AGARI ba="0,0" hai="11,14,16,64,65,76,77,79,82,87,88" m="30823" machi="77" ten="30,12000,1" yaku="8,1,52,2,54,2" doraHai="63" who="3" fromWho="0" sc="217,-120,222,0,214,0,347,120" /><INIT seed="3,1,0,5,1,95" ten="97,222,214,467" oya="3" hai0="94,73,97,67,82,15,128,127,40,96,135,130,118" hai1="62,83,2,133,27,32,3,50,4,48,43,131,80" hai2="26,103,92,12,87,111,75,31,64,119,104,122,58" hai3="76,74,124,108,89,68,16,86,25,36,85,52,34"/><W71/><G36/><T100/><D118/><U84/><E133/><V13/><F75/><W55/><G74/><T77/><D40/><U8/><E131/><N who="0" m="50217" /><D67/><U45/><E62/><V114/><F119/><W123/><G123/><T113/><D135/><U107/><E107/><V56/><F114/><W23/><G34/><T37/><D37/><U9/><E50/><V49/><F111/><W42/><G42/><T53/><D113/><U109/><E109/><V17/><F104/><W51/><G108/><T132/><D132/><U78/><E83/><V115/><F115/><W101/><G124/><T29/><D127/><U5/><E27/><V19/><F49/><W102/><G71/><T88/><D29/><U79/><REACH who="1" step="1"/><E32/><REACH who="1" ten="97,212,214,467" step="2"/><V24/><F122/><W121/><G121/><T35/><D35/><U125/><E125/><V120/><F120/><W41/><G68/><T63/><D63/><U7/><E7/><V110/><F110/><W106/><G106/><N who="0" m="63751" /><D53/><N who="3" m="20553" /><G51/><T129/><N who="0" m="50225" /><T10/><DORA hai="72" /><D15/><U30/><E30/><V18/><F31/><W54/><G54/><T33/><D33/><U91/><AGARI ba="1,1" hai="2,3,4,5,8,9,43,45,48,78,79,80,84,91" machi="91" ten="20,12000,2" yaku="1,1,0,1,7,1,9,1,52,2,53,1" doraHai="95,72" doraHaiUra="44,21" who="1" fromWho="1" sc="97,-31,212,133,214,-31,467,-61" /><INIT seed="4,0,0,5,2,133" ten="66,345,183,406" oya="0" hai0="107,89,41,73,102,45,3,83,15,135,9,109,80" hai1="125,39,105,14,7,91,27,86,55,36,120,113,0" hai2="106,128,121,126,40,99,52,88,17,75,70,78,110" hai3="117,60,134,127,28,104,108,2,100,77,12,74,25"/><T103/><D135/><U129/><E120/><V59/><F110/><W111/><G2/><T50/><D109/><U64/><E0/><V122/><F70/><W93/><G134/><T46/><D3/><U37/><E129/><V51/><F128/><W19/><G117/><T87/><D107/><U18/><E105/><V21/><F40/><W79/><G93/><T22/><D73/><U119/><E119/><V114/><F114/><W98/><G79/><T94/><D22/><U81/><E113/><V1/><F1/><W63/><G77/><T97/><D45/><U23/><E64/><V62/><F78/><W61/><G74/><T58/><D58/><U92/><E125/><V35/><F75/><W65/><G127/><T47/><D47/><U116/><E116/><V54/><F35/><W53/><G53/><T112/><D112/><U26/><E7/><V72/><F72/><W32/><REACH who="3" step="1"/><G65/><REACH who="3" ten="66,345,183,396" step="2"/><T4/><REACH who="0" step="1"/><D80/><REACH who="0" ten="56,345,183,396" step="2"/><U68/><E81/><V118/><F118/><W84/><G84/><T5/><D5/><U6/><E6/><V49/><F106/><W42/><G42/><T33/><D33/><U131/><E131/><V56/><F126/><W30/><G30/><T31/><D31/><U95/><E86/><V24/><F49/><W20/><AGARI ba="0,2" hai="12,19,20,25,28,32,60,61,63,98,100,104,108,111" machi="20" ten="30,2000,0" yaku="1,1,0,1,53,0" doraHai="133" doraHaiUra="76" who="3" fromWho="3" sc="56,-10,345,-5,183,-5,396,40" /><INIT seed="5,0,0,3,3,73" ten="46,340,178,436" oya="1" hai0="108,61,91,3,22,109,71,7,18,36,117,86,63" hai1="104,33,46,96,29,62,19,50,130,128,11,25,40" hai2="5,37,97,102,115,122,110,120,9,124,24,67,88" hai3="21,10,53,119,34,94,32,72,112,41,26,95,43"/><U113/><E113/><V114/><F37/><W127/><G112/><N who="2" m="43049" /><F67/><W30/><G72/><T111/><D36/><U58/><E19/><V60/><F60/><W78/><G10/><T12/><D18/><U20/><E11/><V79/><F110/><W81/><G21/><T52/><D117/><U126/><E126/><V121/><F24/><W92/><G34/><T132/><D132/><U0/><E0/><N who="2" m="167" /><F124/><W90/><G26/><T133/><D108/><U93/><E104/><N who="2" m="63567" /><F88/><W101/><G90/><T80/><D109/><U45/><E33/><V118/><F118/><W28/><G28/><T103/><D111/><U89/><REACH who="1" step="1"/><E46/><REACH who="1" ten="46,330,178,436" step="2"/><V48/><F121/><W59/><G32/><T135/><D135/><U44/><E44/><V51/><F120/><W134/><G119/><T6/><D133/><U15/><E15/><V106/><F106/><W23/><G134/><T4/><D12/><U55/><AGARI ba="0,1" hai="20,25,29,40,45,50,55,58,62,89,93,96,128,130" machi="55" ten="30,6000,0" yaku="1,1,0,1,53,1" doraHai="73" doraHaiUra="84" who="1" fromWho="1" sc="46,-20,330,70,178,-20,436,-20" /><INIT seed="5,1,0,5,3,2" ten="26,400,158,416" oya="1" hai0="131,103,130,113,132,74,9,78,135,120,72,4,106" hai1="115,55,118,36,97,1,26,93,58,117,35,42,112" hai2="80,90,52,64,77,82,129,69,79,102,66,46,8" hai3="114,49,38,20,6,41,28,99,133,11,67,119,5"/><U121/><E121/><V47/><F129/><N who="0" m="49162" /><D120/><U75/><E75/><N who="0" m="28713" /><D78/><U15/><E1/><V122/><F122/><W57/><G41/><T12/><D113/><N who="1" m="43595" /><E15/><V98/><F69/><W107/><G38/><T48/><D48/><N who="1" m="31079" /><E42/><V54/><F90/><W61/><G114/><T29/><D29/><N who="1" m="19895" /><E36/><V50/><F50/><W128/><G119/><T56/><D56/><U13/><E13/><V111/><F8/><W51/><G51/><T17/><D106/><U14/><E14/><V123/><F123/><W30/><G11/><T63/><D63/><U71/><E71/><V44/><F44/><W81/><G49/><T124/><D103/><AGARI ba="1,0" hai="93,97,103,117,118" m="19895,31079,43595" machi="103" ten="30,1500,0" yaku="15,1" doraHai="2" who="1" fromWho="0" sc="26,-18,400,18,158,0,416,0" /><INIT seed="5,2,0,0,5,101" ten="8,418,158,416" oya="1" hai0="2,40,109,25,81,62,12,121,126,61,22,51,31" hai1="98,80,129,11,108,39,37,23,71,29,117,130,86" hai2="59,45,16,57,18,100,56,93,96,43,102,15,87" hai3="110,123,120,33,52,118,6,35,94,68,53,44,27"/><U104/><E117/><V116/><F116/><W125/><G110/><T106/><D109/><U30/><E108/><V69/><F69/><W13/><G68/><T72/><D2/><U122/><E122/><V99/><F87/><W1/><G118/><T8/><D106/><U3/><E71/><V28/><F28/><N who="1" m="10857" /><E23/><V82/><F82/><W119/><G119/><T60/><D121/><U133/><E133/><V76/><F76/><W70/><G70/><T58/><D126/><U103/><E11/><V42/><F45/><W34/><G1/><T7/><D72/><U0/><E3/><V114/><F114/><W89/><G27/><T105/><D105/><U127/><E0/><V134/><F134/><W112/><G112/><T10/><D10/><U17/><E17/><V115/><F115/><W97/><G125/><T9/><D9/><U84/><E127/><V90/><F90/><W67/><G13/><T41/><D81/><U49/><E49/><V113/><F113/><W63/><G6/><T64/><D51/><U88/><E86/><V135/><F135/><W14/><G14/><T128/><D128/><AGARI ba="2,0" hai="37,39,80,84,88,98,103,104,128,129,130" m="10857" machi="128" ten="30,5800,0" yaku="19,1,52,1,54,1" doraHai="101" who="1" fromWho="0" sc="8,-64,418,64,158,0,416,0" owari="-56,-56.0,482,58.0,158,-24.0,416,22.0" /></mjloggm>