<mjloggm ver="2.3"><GO type="185" lobby="0"/><UN n0="%E3%81%8A%E7%9F%A5%E3%82%89%E3%81%9B" n1="%E3%81%98%E3%82%93%E3%81%8A%E3%82%8F" n2="%E6%9D%B1%E9%B3%B3" n3="" dan="18,18,17,0" rate="2363.45,2307.51,2237.11,1500.00" sx="M,M,M,C"/><TAIKYOKU oya="0"/><INIT seed="0,0,0,0,5,108" ten="350,350,350,0" oya="0" hai0="96,135,119,77,59,68,32,1,45,124,109,85,126" hai1="84,86,34,36,39,88,47,121,91,112,93,35,132" hai2="101,55,122,117,49,78,3,123,60,131,98,0,75" hai3=""/><T71/><D119/><U92/><N who="1" m="31008" /><U106/><E132/><V70/><N who="2" m="31264" /><V115/><N who="2" m="31520" /><V130/><F117/><T129/><D1/><U118/><E118/><V42/><F115/><T95/><D32/><U100/><E112/><V89/><F89/><T90/><D129/><N who="2" m="49162" /><F78/><T97/><D135/><U50/><E34/><V114/><F75/><T52/><D45/><U65/><E65/><V48/><F114/><T102/><D77/><U116/><E116/><V64/><F42/><T120/><N who="0" m="30752" /><T128/><D128/><U110/><E110/><V103/><F103/><T46/><D46/><U41/><REACH who="1" step="1"/><E35/><REACH who="1" ten="350,340,350,0" step="2"/><V133/><F133/><T69/><D109/><U72/><E72/><V62/><F0/><T80/><REACH who="0" step="1"/><D96/><AGARI ba="0,1" hai="36,39,41,47,50,84,86,88,91,92,93,96,100,106" m="31008" machi="96" ten="40,8000,1" yaku="1,1,9,1,52,1,54,1,53,0" doraHai="108" doraHaiUra="56" who="1" fromWho="0" sc="350,-80,340,90,350,0,0,0" /><INIT seed="1,0,0,1,3,121" ten="270,430,350,0" oya="1" hai0="42,2,61,127,111,122,41,47,75,53,93,66,35" hai1="60,128,95,0,57,135,68,33,50,97,99,71,85" hai2="120,80,101,104,3,38,102,119,107,116,40,56,1" hai3=""/><U117/><E117/><V92/><N who="2" m="30752" /><V49/><F38/><T84/><N who="0" m="31264" /><T54/><D75/><U91/><E0/><V110/><F80/><T89/><D2/><U67/><E33/><V115/><F92/><T64/><D35/><U32/><E32/><V114/><F56/><T70/><D127/><U118/><E118/><V51/><F40/><T79/><D79/><U39/><E135/><V73/><F73/><T45/><D66/><U62/><E39/><V86/><F86/><T76/><D76/><U43/><E128/><V132/><REACH who="2" step="1"/><F110/><REACH who="2" ten="270,430,340,0" step="2"/><T48/><REACH who="0" step="1"/><D111/><REACH who="0" ten="260,430,340,0" step="2"/><U94/><E67/><V98/><F98/><T100/><D100/><U90/><E99/><V126/><F126/><T63/><D63/><U81/><E62/><V69/><F69/><T82/><D82/><U130/><E71/><V46/><F46/><T59/><D59/><U96/><E68/><V124/><F124/><T108/><D108/><U34/><E81/><V83/><F83/><T112/><D112/><U134/><E57/><V105/><F105/><T77/><D77/><U123/><E34/><V129/><F129/><T36/><AGARI ba="0,2" hai="36,41,42,45,47,48,53,54,61,64,70,84,89,93" m="31264" machi="36" ten="20,3900,0" yaku="1,1,0,1,7,1,52,1,53,0" doraHai="121" doraHaiUra="131" who="0" fromWho="0" sc="260,59,430,-26,340,-13,0,0" /><INIT seed="2,0,0,4,3,78" ten="319,404,327,0" oya="2" hai0="69,32,116,114,58,109,43,93,3,63,68,111,97" hai1="46,62,60,70,118,89,88,44,77,36,61,128,102" hai2="86,95,55,50,1,91,92,124,75,119,73,48,133" hai3=""/><V37/><F119/><T134/><D116/><U35/><E35/><V39/><F1/><T67/><D3/><U45/><E118/><V57/><F124/><T103/><D32/><U104/><E128/><V96/><F133/><T112/><D43/><U113/><E113/><N who="0" m="43625" /><D134/><U135/><E135/><V123/><N who="2" m="31520" /><V99/><F86/><T117/><D117/><U74/><E70/><AGARI ba="0,0" hai="58,63,67,68,69,70,93,97,103,109,111" m="43625" machi="70" ten="30,1000,0" yaku="11,1" doraHai="78" who="0" fromWho="1" sc="319,10,404,-10,327,0,0,0" /><INIT seed="4,0,0,1,0,83" ten="329,394,327,0" oya="0" hai0="129,33,86,95,40,57,44,78,110,128,32,50,114" hai1="126,124,127,75,112,43,73,62,80,98,67,134,66" hai2="74,88,84,93,71,104,3,101,102,42,130,77,109" hai3=""/><T82/><D114/><U64/><E112/><V1/><F71/><T120/><N who="0" m="30752" /><T39/><D110/><U35/><E35/><V53/><F109/><T133/><D133/><U52/><E43/><V90/><F130/><N who="0" m="50282" /><D95/><U85/><E98/><V65/><F104/><T60/><D39/><U118/><E118/><V72/><F93/><T132/><D132/><U108/><E108/><V91/><F65/><AGARI ba="0,0" hai="32,33,40,44,50,57,60,65,78,82,86" m="50282,30752" machi="65" ten="30,5800,0" yaku="19,1,52,2" doraHai="83" who="0" fromWho="2" sc="329,58,394,0,327,-58,0,0" /><INIT seed="4,1,0,1,5,60" ten="387,394,269,0" oya="0" hai0="103,71,99,105,122,119,106,127,104,82,78,55,49" hai1="42,132,75,108,100,68,77,33,93,1,90,85,86" hai2="88,39,2,74,131,51,79,45,63,96,35,87,123" hai3=""/><T65/><N who="0" m="31264" /><T73/><D119/><U48/><E108/><V0/><N who="2" m="31520" /><V114/><F35/><T107/><D127/><U50/><E1/><V81/><F114/><T109/><D109/><U47/><E75/><V134/><F134/><T129/><D129/><U80/><E132/><V54/><F131/><T89/><D89/><U67/><E100/><V92/><F39/><T34/><D34/><U44/><E68/><V53/><F63/><T76/><D76/><U46/><E33/><V41/><F54/><T66/><REACH who="0" step="1"/><D71/><REACH who="0" ten="377,394,269,0" step="2"/><U126/><E126/><V130/><F130/><T124/><D124/><U91/><E77/><V94/><REACH who="2" step="1"/><F41/><REACH who="2" ten="377,394,259,0" step="2"/><T133/><D133/><U112/><E42/><V58/><F58/><AGARI ba="1,2" hai="49,55,58,65,66,73,78,82,99,103,104,105,106,107" m="31264" machi="58" ten="40,12000,1" yaku="1,1,52,3,53,1" doraHai="60" doraHaiUra="117" who="0" fromWho="2" sc="377,142,394,0,259,-122,0,0" /><INIT seed="4,2,0,2,4,34" ten="519,394,137,0" oya="0" hai0="58,73,111,41,80,70,66,50,89,116,67,119,75" hai1="115,57,52,60,100,131,68,63,39,120,62,135,113" hai2="49,88,74,54,56,61,69,51,81,2,108,121,92" hai3=""/><T53/><D70/><U42/><N who="1" m="30752" /><U97/><E135/><V87/><N who="2" m="31008" /><V94/><F108/><T133/><D133/><U117/><E117/><V78/><F2/><T106/><D106/><U90/><E90/><V82/><F69/><T71/><D111/><U126/><E126/><V38/><F38/><T0/><D0/><U46/><E131/><V48/><AGARI ba="2,0" hai="48,49,51,54,56,61,74,78,81,82,87,88,92,94" m="31008" machi="48" ten="30,3000,0" yaku="0,1,52,1,54,1" doraHai="34" who="2" fromWho="2" sc="519,-22,394,-12,137,34,0,0" /><INIT seed="5,0,0,4,2,105" ten="497,382,171,0" oya="1" hai0="93,84,104,75,78,40,100,87,125,72,3,86,102" hai1="122,107,81,106,123,82,103,115,39,47,60,61,124" hai2="55,120,33,2,117,90,80,45,54,46,96,83,127" hai3=""/><U108/><N who="1" m="31264" /><U134/><N who="1" m="31520" /><U126/><E115/><V64/><N who="2" m="30752" /><V89/><F117/><T62/><D3/><U58/><E134/><V35/><F64/><T37/><D125/><N who="1" m="48235" /><E108/><V71/><F127/><T112/><D112/><U42/><E61/><V34/><F96/><T119/><D119/><U70/><E70/><V118/><F118/><T98/><D62/><U101/><E107/><V41/><F71/><T36/><D40/><U1/><E1/><V63/><F63/><T114/><D114/><U110/><E110/><V77/><F2/><T49/><D49/><U88/><E88/><V76/><F33/><T95/><D102/><N who="1" m="38923" /><E106/><V85/><F34/><T74/><REACH who="0" step="1"/><D78/><REACH who="0" ten="487,382,171,0" step="2"/><U38/><E38/><AGARI ba="0,1" hai="36,37,38,72,74,75,84,86,87,93,95,98,100,104" machi="38" ten="50,8000,1" yaku="1,1,2,1,52,3,53,0" doraHai="105" doraHaiUra="59" who="0" fromWho="1" sc="487,90,382,-80,171,0,0,0" /><INIT seed="6,0,0,0,2,122" ten="577,302,171,0" oya="2" hai0="87,76,112,84,50,1,79,135,68,75,34,61,110" hai1="114,132,67,44,70,91,121,113,38,107,86,80,36" hai2="134,101,96,47,131,42,130,81,119,95,94,3,52" hai3=""/><V88/><F119/><T108/><D34/><U93/><N who="1" m="31008" /><U99/><E132/><V109/><F134/><T98/><D1/><U60/><E107/><V85/><F3/><T37/><D37/><U62/><E62/><V54/><F109/><T111/><D135/><U59/><E59/><V48/><F81/><T128/><D128/><AGARI ba="0,0" hai="42,47,48,52,54,85,88,94,95,96,101,128,130,131" machi="128" ten="40,7700,0" yaku="19,1,54,2" doraHai="122" who="2" fromWho="0" sc="577,-77,302,0,171,77,0,0" /><INIT seed="6,1,0,5,1,62" ten="500,302,248,0" oya="2" hai0="97,68,39,46,84,88,32,48,34,106,57,105,2" hai1="111,112,99,104,42,66,70,33,118,1,103,52,37" hai2="67,86,96,72,132,100,56,122,85,78,123,82,55" hai3=""/><V64/><N who="2" m="31264" /><V61/><N who="2" m="31520" /><V115/><F115/><T92/><D68/><U65/><E111/><V87/><REACH who="2" step="1"/><F132/><REACH who="2" ten="500,302,238,0" step="2"/><T51/><D34/><U128/><E112/><V107/><AGARI ba="1,1" hai="55,56,61,64,67,72,78,82,85,86,87,96,100,107" m="31520,31264" machi="107" ten="30,12000,2" yaku="1,1,2,1,0,1,52,4,53,0" doraHai="62" doraHaiUra="109" who="2" fromWho="2" sc="500,-61,302,-61,238,132,0,0" /><INIT seed="6,2,0,4,1,118" ten="439,241,370,0" oya="2" hai0="79,91,85,97,104,84,100,82,61,59,83,0,89" hai1="35,38,58,66,92,90,47,48,75,110,37,81,131" hai2="3,125,133,124,113,102,64,94,62,32,65,103,128" hai3=""/><V93/><F3/><T101/><D0/><U80/><E35/><V106/><F32/><T44/><D44/><U119/><E119/><V63/><F106/><T114/><D114/><U50/><E110/><V68/><F113/><T117/><D117/><U112/><E112/><V72/><F72/><T95/><D104/><U1/><E1/><V53/><F53/><AGARI ba="2,0" hai="53,59,61,79,82,83,84,85,89,91,95,97,100,101" machi="53" ten="30,2000,0" yaku="7,1,8,1" doraHai="118" who="0" fromWho="2" sc="439,24,241,0,370,-24,0,0" owari="463,41.0,241,-36.0,346,-5.0,0,0.0" /></mjloggm>