<mjloggm ver="2.3"><GO type="185" lobby="0"/><UN n0="%E6%A8%BD%E3%81%AA%E3%81%AE%E5%A3%8A%E3%81%95%E3%81%AA%E3%81%84%E3%81%A7" n1="%E9%B3%B4%E3%81%8D%E3%83%80%E3%83%AB%E3%83%9E" n2="%E5%B8%AB%E5%8C%A0%2F%E9%9B%80%E9%AC%BC" n3="" dan="18,18,16,0" rate="2323.46,2270.14,2171.95,1500.00" sx="M,M,M,C"/><TAIKYOKU oya="0"/><INIT seed="0,0,0,1,2,59" ten="350,350,350,0" oya="0" hai0="87,108,132,95,52,36,121,51,111,50,40,117,78" hai1="97,128,92,123,63,120,105,79,113,129,35,122,34" hai2="88,103,124,107,38,89,48,73,81,104,70,67,86" hai3=""/><T39/><N who="0" m="31008" /><T85/><D117/><U134/><N who="1" m="30752" /><U116/><N who="1" m="31264" /><U119/><N who="1" m="31520" /><U61/><E105/><V83/><F38/><T127/><D127/><U53/><E134/><V72/><F48/><T49/><D132/><U90/><E113/><V96/><F67/><T47/><D36/><U94/><E79/><V57/><F57/><T109/><D78/><U32/><E53/><V0/><F70/><T106/><D106/><N who="2" m="40490" /><F0/><T77/><D77/><U55/><E55/><V33/><F33/><T60/><D95/><U125/><E125/><V102/><F124/><T54/><D54/><U84/><E116/><V64/><F64/><T3/><D3/><U75/><E119/><V99/><F99/><T2/><D2/><U82/><E32/><V69/><F69/><T115/><D115/><U98/><E34/><V126/><F126/><T110/><N who="0" m="27648" /><DORA hai="133" /><T71/><D52/><U66/><E35/><V135/><F135/><T56/><D56/><U131/><E66/><AGARI ba="0,0" hai="39,40,47,49,50,51,60,66,71,85,87" m="27648,31008" machi="66" ten="70,12000,1" yaku="14,1,10,1,52,2" doraHai="59,133" who="0" fromWho="1" sc="350,120,350,-120,350,0,0,0" /><INIT seed="0,1,0,2,4,1" ten="470,230,350,0" oya="0" hai0="89,35,75,84,38,47,128,122,125,95,2,109,92" hai1="72,3,81,129,70,111,64,56,74,33,87,36,117" hai2="73,71,115,34,100,130,41,57,61,90,52,119,55" hai3=""/><T121/><N who="0" m="31008" /><T106/><N who="0" m="31264" /><T39/><D2/><U134/><E3/><V80/><F115/><T77/><D125/><U113/><E117/><V112/><F112/><T86/><D128/><U62/><E113/><V85/><F130/><T32/><D106/><U42/><E33/><V107/><F119/><T68/><D68/><U69/><E129/><V50/><F73/><T99/><D75/><U54/><E111/><V60/><F34/><T102/><D39/><U78/><E134/><V123/><N who="2" m="31520" /><V65/><F107/><T104/><D109/><U53/><E70/><V120/><N who="2" m="30752" /><V126/><F100/><T37/><D37/><U105/><E54/><V88/><F41/><T49/><D38/><U91/><E78/><V43/><F43/><T93/><D77/><U133/><E133/><V127/><REACH who="2" step="1"/><F90/><REACH who="2" ten="470,230,340,0" step="2"/><T135/><D135/><U131/><E105/><V98/><F98/><T116/><D116/><U108/><E131/><V103/><F103/><T110/><D110/><U44/><REACH who="1" step="1"/><E108/><REACH who="1" ten="470,220,340,0" step="2"/><V46/><AGARI ba="1,2" hai="46,50,52,55,57,60,61,65,71,80,85,88,126,127" m="30752,31520" machi="46" ten="30,9000,2" yaku="1,1,0,1,52,2,54,2,53,1" doraHai="1" doraHaiUra="40" who="2" fromWho="2" sc="470,-61,220,-31,340,112,0,0" /><INIT seed="1,0,0,0,1,70" ten="409,189,452,0" oya="1" hai0="89,73,53,87,0,76,47,50,57,129,96,77,108" hai1="110,132,35,81,124,85,38,40,80,68,128,45,44" hai2="121,63,46,125,72,43,97,123,107,64,130,102,126" hai3=""/><U120/><N who="1" m="30752" /><U69/><E35/><V74/><N who="2" m="31008" /><V59/><N who="2" m="31520" /><V48/><REACH who="2" step="1"/><F130/><REACH who="2" ten="409,189,442,0" step="2"/><T78/><D129/><U65/><E128/><V75/><AGARI ba="0,1" hai="43,46,48,59,63,64,72,74,75,97,102,107,125,126" m="31520,31008" machi="75" ten="40,6000,1" yaku="1,1,2,1,0,1,52,2,53,0" doraHai="70" doraHaiUra="114" who="2" fromWho="2" sc="409,-20,189,-40,442,70,0,0" /><INIT seed="2,0,0,5,0,86" ten="389,149,512,0" oya="2" hai0="32,95,85,68,83,118,58,92,97,78,56,79,71" hai1="102,115,99,61,131,70,65,88,81,90,110,108,98" hai2="129,40,105,128,75,1,63,51,66,60,69,42,124" hai3=""/><V106/><F1/><T120/><N who="0" m="30752" /><T49/><D32/><U59/><E115/><V121/><N who="2" m="31008" /><V116/><F116/><T123/><N who="0" m="31520" /><T101/><D118/><U52/><E131/><N who="2" m="50251" /><F75/><T36/><D36/><U41/><E41/><N who="2" m="15979" /><F124/><T48/><D79/><U133/><E133/><V45/><F60/><T72/><D48/><U3/><E3/><V126/><F126/><T77/><D77/><U73/><E73/><V113/><F113/><T67/><D49/><U38/><E38/><V64/><F64/><T43/><D43/><AGARI ba="0,0" hai="43,45,51,63,66,69,105,106" m="15979,50251,31008" machi="43" ten="30,2900,0" yaku="19,1,52,1" doraHai="86" who="2" fromWho="0" sc="389,-29,149,0,512,29,0,0" /><INIT seed="2,1,0,1,1,84" ten="360,149,541,0" oya="2" hai0="109,46,118,99,53,36,62,85,48,105,79,86,97" hai1="49,129,42,134,117,33,66,52,123,59,104,92,35" hai2="47,94,106,130,74,32,90,38,67,71,40,57,119" hai3=""/><V135/><F32/><T115/><D118/><U34/><N who="1" m="31520" /><U101/><E104/><V65/><F119/><T81/><D115/><U69/><E117/><V98/><F135/><T60/><D109/><U95/><E134/><V41/><F130/><T102/><D36/><U89/><E129/><V132/><F132/><T50/><D99/><U37/><E101/><V113/><F113/><T43/><D86/><U0/><E0/><V128/><F128/><T125/><D125/><U78/><E78/><V72/><F71/><T114/><D114/><U93/><E66/><V73/><F40/><T112/><D112/><U75/><E75/><V88/><F106/><T51/><D51/><U96/><REACH who="1" step="1"/><E69/><REACH who="1" ten="360,139,541,0" step="2"/><V61/><REACH who="2" step="1"/><F67/><REACH who="2" ten="360,139,531,0" step="2"/><T39/><D39/><U87/><E87/><V91/><AGARI ba="1,2" hai="38,41,47,57,61,65,72,73,74,88,90,91,94,98" machi="91" ten="40,16000,3" yaku="1,1,2,1,0,1,52,3,54,1,53,1" doraHai="84" doraHaiUra="54" who="2" fromWho="2" sc="360,-81,139,-81,531,182,0,0" /><INIT seed="2,2,0,0,0,107" ten="279,58,713,0" oya="2" hai0="87,45,121,119,75,86,70,69,91,39,98,90,73" hai1="44,126,79,124,99,52,57,97,80,77,62,68,127" hai2="71,35,111,89,83,54,47,60,135,65,74,51,120" hai3=""/><V129/><N who="2" m="30752" /><V105/><F35/><T93/><N who="0" m="31008" /><T101/><D119/><U112/><E112/><V32/><F32/><T63/><D39/><U125/><N who="1" m="31744" /><DORA hai="76" /><U114/><E114/><V109/><F105/><T41/><D41/><U1/><E1/><V3/><F3/><T92/><D45/><U115/><E115/><V118/><F118/><T0/><D0/><U131/><E131/><V38/><F129/><T34/><D34/><U50/><E68/><V67/><F135/><T58/><D70/><U72/><REACH who="1" step="1"/><E79/><REACH who="1" ten="279,48,713,0" step="2"/><V122/><N who="2" m="31264" /><V116/><F116/><T2/><D69/><U84/><E84/><V56/><F67/><AGARI ba="2,1" hai="44,50,52,57,62,67,72,77,80,97,99" m="31744" machi="67" ten="70,12000,2" yaku="1,1,18,1,52,2,54,1,53,2" doraHai="107,76" doraHaiUra="46,53" who="1" fromWho="2" sc="279,0,48,134,713,-124,0,0" /><INIT seed="4,0,0,0,5,83" ten="279,182,589,0" oya="0" hai0="35,126,123,38,96,50,86,122,127,57,108,60,40" hai1="48,130,62,113,88,63,132,97,39,79,68,120,72" hai2="43,117,87,52,128,65,133,107,66,51,81,92,53" hai3=""/><T46/><N who="0" m="31264" /><T99/><N who="0" m="31520" /><T75/><D75/><U104/><N who="1" m="30752" /><U33/><E39/><V42/><F107/><T37/><D35/><U119/><E33/><V101/><F117/><T32/><D32/><U90/><E119/><V36/><F133/><T3/><D3/><U84/><E132/><V73/><F128/><T135/><D135/><U111/><E111/><V1/><F1/><T54/><D108/><U45/><E130/><V102/><F73/><T124/><D86/><U115/><E72/><V44/><F43/><T77/><D77/><U41/><E79/><V109/><F53/><T112/><D112/><N who="1" m="43083" /><E68/><V110/><F109/><T47/><D37/><U85/><E104/><V98/><F110/><T55/><AGARI ba="0,0" hai="38,40,46,47,50,54,55,57,60,96,99,124,126,127" m="31520,31264" machi="55" ten="30,7800,0" yaku="0,1,18,1,52,2" doraHai="83" who="0" fromWho="0" sc="279,78,182,-39,589,-39,0,0" /><INIT seed="4,1,0,1,0,109" ten="357,143,550,0" oya="0" hai0="95,54,123,111,56,86,80,3,122,106,64,119,110" hai1="38,39,114,126,92,63,53,99,107,93,59,62,105" hai2="108,66,40,58,132,85,73,89,115,118,72,2,52" hai3=""/><T117/><N who="0" m="31264" /><T87/><N who="0" m="31520" /><T49/><D106/><U103/><E126/><V46/><F108/><N who="0" m="41514" /><D3/><U102/><E114/><V33/><F2/><T1/><D1/><U135/><E135/><V104/><F33/><T84/><D95/><U32/><E32/><V44/><F104/><T71/><D71/><U130/><E130/><V67/><F115/><T57/><D80/><U124/><E124/><V60/><F118/><N who="0" m="45066" /><D64/><U134/><E134/><V125/><F132/><T45/><AGARI ba="1,0" hai="45,49,54,56,57,84,86,87" m="45066,41514,31520,31264" machi="45" ten="40,5200,0" yaku="10,1,52,2" doraHai="109" who="0" fromWho="0" sc="357,54,143,-27,550,-27,0,0" /><INIT seed="4,2,0,2,2,46" ten="411,116,523,0" oya="0" hai0="36,54,80,2,52,101,51,77,55,128,49,79,123" hai1="122,102,90,119,50,3,112,82,133,131,47,69,104" hai2="94,71,118,76,72,0,129,35,38,1,78,97,58" hai3=""/><T66/><N who="0" m="31520" /><T32/><D32/><U96/><N who="1" m="31264" /><U116/><E3/><V89/><F71/><T98/><D2/><U88/><E133/><V62/><F35/><T113/><D36/><U110/><E110/><V91/><F38/><T120/><N who="0" m="30752" /><T53/><D66/><U63/><E131/><V74/><F129/><T107/><D128/><U48/><E112/><V81/><F118/><T44/><D79/><U33/><E33/><V57/><F57/><T84/><D113/><U126/><E126/><V103/><F89/><T43/><D43/><U117/><E82/><V99/><F76/><T100/><D101/><U83/><E83/><V86/><F99/><T73/><D73/><U42/><REACH who="1" step="1"/><E48/><REACH who="1" ten="411,106,523,0" step="2"/><V67/><F74/><T125/><D125/><U92/><E92/><AGARI ba="2,1" hai="0,1,58,62,67,72,78,81,86,91,92,94,97,103" machi="92" ten="30,1000,0" yaku="7,1" doraHai="46" who="2" fromWho="1" sc="411,0,106,-14,523,24,0,0" /><INIT seed="5,0,0,2,0,115" ten="411,92,547,0" oya="1" hai0="42,54,82,60,125,83,97,44,130,101,124,64,74" hai1="47,106,121,59,99,49,73,94,48,103,111,107,102" hai2="128,113,53,70,50,104,105,129,95,57,2,51,52" hai3=""/><U91/><N who="1" m="31008" /><U122/><N who="1" m="31264" /><U87/><E111/><V86/><F70/><T117/><D54/><U98/><E73/><V84/><F2/><T119/><D130/><N who="2" m="50282" /><F113/><T108/><D108/><U46/><E49/><V127/><F127/><N who="0" m="48714" /><D74/><U39/><E39/><V68/><F68/><T79/><D79/><U41/><E47/><V76/><F95/><T131/><D83/><U85/><E59/><V56/><F76/><T78/><D78/><U65/><E87/><AGARI ba="0,0" hai="50,51,52,53,56,57,84,86,87,104,105" m="50282" machi="87" ten="30,2000,0" yaku="19,1,54,1" doraHai="115" who="2" fromWho="1" sc="411,0,92,-20,547,20,0,0" /><INIT seed="6,0,0,1,2,44" ten="411,72,567,0" oya="2" hai0="96,95,40,97,51,61,69,43,38,91,124,104,57" hai1="77,111,119,68,36,73,128,131,50,121,90,55,126" hai2="123,135,92,75,110,64,133,129,52,109,122,130,76" hai3=""/><V63/><N who="2" m="31264" /><V80/><N who="2" m="31520" /><V59/><F92/><T83/><D124/><U115/><E90/><V107/><F107/><T2/><D2/><U132/><E77/><V71/><F133/><T72/><D38/><U45/><E55/><V120/><N who="2" m="30752" /><V35/><F35/><T60/><D69/><U117/><E50/><V101/><F101/><T84/><D72/><U67/><E45/><V34/><F34/><T1/><D1/><U79/><E67/><V118/><F118/><T54/><D104/><U58/><E58/><V56/><F135/><T100/><D97/><U87/><E87/><V113/><F113/><T93/><D93/><U108/><E79/><V39/><F39/><T112/><D112/><U98/><E98/><V134/><F134/><T70/><D70/><U105/><E117/><V82/><F82/><T81/><D81/><U53/><E53/><V78/><F78/><T3/><D3/><U46/><E46/><V127/><F76/><T125/><D125/><U37/><E37/><V114/><F127/><T66/><D66/><U106/><E106/><V42/><F64/><T99/><D99/><U85/><E85/><V94/><F94/><T0/><D95/><U89/><E126/><V88/><F80/><RYUUKYOKU ba="0,0" sc="411,0,72,0,567,0,0,0" owari="411,1.0,72,-53.0,567,52.0,0,0.0" /></mjloggm>