<mjloggm ver="2.3"><GO type="169" lobby="0"/><UN n0="%E3%83%8E%E3%82%A8%E3%83%A9" n1="%31%35%2E%31%35%63%6D" n2="%E3%82%AB%E3%82%B6%E3%83%A9%E3%82%AD" n3="%E9%AB%98%E6%A9%8B%E6%B7%B3" dan="16,18,18,16" rate="2088.59,2232.11,2224.66,2135.61" sx="M,M,M,M"/><TAIKYOKU oya="0"/><INIT seed="0,0,0,3,1,89" ten="250,250,250,250" oya="0" hai0="42,8,104,79,116,67,93,78,21,75,114,6,17" hai1="26,38,58,43,59,118,19,13,14,87,3,126,130" hai2="111,97,117,98,15,113,108,18,105,81,54,5,85" hai3="62,10,50,22,134,107,100,51,46,127,83,90,23"/><T57/><D114/><U76/><E3/><V99/><F113/><W9/><G134/><T92/><D104/><U122/><E118/><V37/><F117/><W40/><G127/><T32/><D32/><U0/><E0/><V95/><F5/><W102/><G62/><N who="0" m="38351" /><D75/><U4/><E122/><V72/><F37/><W69/><G69/><T44/><D116/><U11/><E130/><V34/><F34/><W86/><G107/><T88/><D8/><U132/><E132/><V30/><F30/><W60/><G60/><T129/><D6/><U20/><E126/><V7/><F7/><W125/><G125/><T29/><D29/><U61/><E38/><V77/><F54/><W65/><G65/><T55/><D42/><U82/><E43/><V66/><F66/><W2/><G2/><T94/><D88/><U56/><REACH who="1" step="1"/><E13/><REACH who="1" ten="250,240,250,250" step="2"/><V41/><F41/><W1/><G1/><T33/><D129/><U112/><E112/><V68/><F68/><W109/><G40/><T101/><D33/><U25/><E25/><V27/><F27/><W24/><G24/><N who="0" m="14383" /><D101/><U103/><E103/><V73/><F105/><W121/><G102/><T48/><AGARI ba="0,1" hai="44,48,55,78,79,92,93,94" m="14383,38351" machi="48" ten="30,11700,0" yaku="8,1,52,3" doraHai="89" who="0" fromWho="0" sc="250,127,240,-39,250,-39,250,-39" /><INIT seed="0,1,0,3,4,83" ten="377,201,211,211" oya="0" hai0="49,66,133,30,102,78,32,76,80,72,105,74,90" hai1="108,94,25,13,119,22,34,9,24,1,129,37,107" hai2="51,127,118,111,41,97,135,40,103,60,61,117,100" hai3="16,12,53,8,47,95,96,130,93,82,120,14,109"/><T114/><D30/><N who="1" m="19791" /><E94/><V101/><F97/><W2/><G109/><T112/><D32/><U54/><E54/><V123/><F123/><W7/><G130/><T116/><D66/><U87/><E87/><V58/><F111/><W69/><G69/><T52/><D116/><N who="2" m="44650" /><F127/><W23/><G2/><T91/><D91/><U64/><E37/><V79/><F79/><W132/><G132/><T33/><D90/><U27/><E107/><V56/><F51/><N who="3" m="28927" /><G120/><T121/><D121/><U98/><E98/><V65/><F135/><W4/><G4/><T124/><D133/><U17/><E64/><AGARI ba="1,0" hai="40,41,56,58,60,61,64,65,100,101,103" m="44650" machi="64" ten="30,1000,0" yaku="12,1" doraHai="83" who="2" fromWho="1" sc="377,0,201,-13,211,13,211,0" /><INIT seed="1,0,0,3,1,37" ten="377,188,224,211" oya="1" hai0="108,31,112,59,34,134,16,76,20,2,49,60,115" hai1="48,106,103,124,27,24,92,63,127,17,94,29,70" hai2="118,4,117,51,114,88,52,98,28,135,83,126,74" hai3="46,73,101,133,55,5,131,18,25,43,35,42,69"/><U96/><E48/><V45/><F126/><N who="1" m="48169" /><E17/><V119/><F135/><W72/><G69/><T80/><D2/><U66/><E27/><V8/><F28/><W79/><G133/><T107/><D31/><U105/><E105/><V6/><F114/><W22/><G35/><AGARI ba="0,0" hai="24,29,35,63,66,70,92,94,96,103,106" m="48169" machi="35" ten="30,2900,0" yaku="25,1,18,1" doraHai="37" who="1" fromWho="3" sc="377,0,188,29,224,0,211,-29" /><INIT seed="1,1,0,5,4,120" ten="377,217,224,182" oya="1" hai0="107,47,123,51,11,2,86,78,76,57,68,63,131" hai1="75,19,54,82,41,65,79,70,128,127,4,7,56" hai2="71,55,115,90,31,88,67,44,53,37,101,42,5" hai3="26,36,40,95,87,52,104,21,92,34,84,73,98"/><U99/><E127/><V16/><F115/><W35/><G73/><T96/><D68/><U59/><E128/><V77/><F31/><W25/><G104/><T102/><D131/><U126/><E126/><V14/><F5/><W22/><G40/><T105/><D105/><U46/><E99/><V124/><F124/><W18/><G98/><T28/><D28/><U80/><E19/><V93/><F77/><W72/><G72/><T135/><D86/><U27/><E27/><V118/><F118/><W10/><G18/><T8/><D135/><U81/><E79/><V119/><F119/><W39/><REACH who="3" step="1"/><G10/><REACH who="3" ten="377,217,224,172" step="2"/><T60/><D11/><U117/><E75/><V134/><F134/><W129/><G129/><T114/><D8/><U6/><E117/><V23/><F101/><W130/><G130/><T83/><D102/><U69/><E65/><V38/><F38/><W32/><G32/><T24/><D107/><U43/><E43/><V85/><REACH who="2" step="1"/><F90/><REACH who="2" ten="377,217,214,172" step="2"/><W30/><G30/><T100/><D100/><U50/><REACH who="1" step="1"/><E56/><REACH who="1" ten="377,207,214,172" step="2"/><V45/><F45/><W103/><G103/><T97/><D47/><U66/><E66/><V89/><F89/><W15/><G15/><T33/><D57/><U112/><E112/><V94/><F94/><W1/><G1/><T49/><D114/><U125/><E125/><V116/><F116/><W13/><G13/><T110/><D2/><U108/><E108/><V91/><F91/><W9/><G9/><T58/><D110/><U61/><AGARI ba="1,3" hai="4,6,7,41,46,50,54,59,61,69,70,80,81,82" machi="61" ten="30,3000,0" yaku="1,1,0,1,53,0" doraHai="120" doraHaiUra="111" who="1" fromWho="1" sc="377,-11,207,63,214,-11,172,-11" /><INIT seed="1,2,0,3,2,88" ten="366,270,203,161" oya="1" hai0="80,129,11,38,83,118,117,57,13,40,27,115,58" hai1="110,100,54,98,20,28,94,120,92,19,66,35,78" hai2="106,87,131,64,70,53,91,33,84,109,31,48,113" hai3="111,93,42,133,126,99,134,123,89,26,71,103,112"/><U36/><E36/><V95/><F109/><W108/><G71/><T9/><D38/><U60/><E120/><V17/><F106/><W15/><G42/><T37/><D37/><U2/><E2/><V14/><F131/><W6/><G26/><T45/><D27/><U59/><E110/><N who="3" m="42026" /><G15/><T76/><D13/><U32/><E78/><V68/><F113/><W81/><G6/><T56/><D56/><U73/><E73/><V41/><F41/><W101/><G123/><T125/><D40/><U3/><E3/><V127/><F127/><W1/><G1/><T52/><D129/><U21/><E28/><V72/><F72/><W10/><G10/><T102/><D125/><U130/><E130/><V67/><F31/><W119/><G126/><T86/><D9/><U51/><E94/><V25/><F25/><W79/><G112/><T104/><D11/><U74/><E74/><V97/><F33/><W46/><G46/><T43/><D45/><U114/><E114/><V47/><F70/><W8/><G8/><T49/><D43/><U63/><E63/><V12/><F12/><W4/><G4/><T61/><D115/><U23/><REACH who="1" step="1"/><E19/><REACH who="1" ten="366,260,203,161" step="2"/><V77/><F77/><W85/><G119/><T62/><D62/><U69/><AGARI ba="2,1" hai="20,21,23,32,35,51,54,59,60,66,69,92,98,100" machi="69" ten="30,18000,2" yaku="1,1,2,1,0,1,52,1,53,3" doraHai="88" doraHaiUra="18" who="1" fromWho="1" sc="366,-62,260,196,203,-62,161,-62" /><INIT seed="1,3,0,5,1,76" ten="304,456,141,99" oya="1" hai0="94,86,54,41,106,68,99,4,48,2,132,11,107" hai1="29,74,69,27,117,72,32,113,108,122,51,115,45" hai2="58,118,5,128,13,83,43,135,19,73,75,65,125" hai3="92,38,23,100,119,31,67,61,101,33,44,87,26"/><U114/><E122/><V25/><F118/><W57/><G119/><T102/><D132/><U130/><E117/><V36/><F135/><W60/><G33/><T50/><D68/><U82/><E130/><V134/><F134/><W52/><G38/><T110/><D110/><U15/><E69/><V91/><F125/><W62/><G44/><T97/><D41/><U66/><E66/><V85/><F128/><W55/><G62/><T21/><D50/><U93/><E93/><V22/><F65/><W70/><REACH who="3" step="1"/><G55/><REACH who="3" ten="304,456,141,89" step="2"/><T9/><D54/><U8/><E45/><V16/><F58/><W37/><G37/><T84/><D48/><U63/><E63/><V111/><F111/><W112/><G112/><T17/><D106/><U64/><E51/><V7/><F36/><W59/><G59/><T10/><D107/><U1/><E108/><V123/><F123/><W34/><G34/><T129/><D129/><U133/><E133/><V88/><F43/><W20/><G20/><T121/><D121/><U0/><E64/><V126/><F126/><W90/><AGARI ba="3,1" hai="23,26,31,52,57,60,61,67,70,87,90,92,100,101" machi="90" ten="30,4000,0" yaku="1,1,0,1,54,1,53,0" doraHai="76" doraHaiUra="47" who="3" fromWho="3" sc="304,-13,456,-23,141,-13,89,59" /><INIT seed="2,0,0,0,0,96" ten="291,433,128,148" oya="2" hai0="105,54,38,115,120,25,73,92,116,32,35,74,108" hai1="84,93,131,24,103,109,79,86,129,69,101,111,51" hai2="99,21,114,83,67,61,102,104,20,8,91,19,119" hai3="42,11,46,127,5,47,68,66,112,94,89,50,128"/><V82/><F114/><W122/><G122/><T41/><D54/><U30/><E69/><V60/><F119/><W17/><G127/><T49/><D49/><U106/><E51/><V1/><F61/><W10/><G128/><N who="1" m="49226" /><E106/><V4/><F91/><W59/><G68/><T23/><D25/><U33/><E93/><V133/><F133/><W70/><G70/><T56/><D56/><U77/><E86/><V132/><F132/><W0/><G112/><T26/><D23/><U117/><E117/><V45/><F45/><W18/><G11/><T40/><D26/><U80/><E79/><V63/><F63/><W9/><G9/><T76/><D38/><U107/><E107/><V37/><F37/><W58/><G46/><T2/><D105/><U39/><E39/><V53/><F53/><W57/><REACH who="3" step="1"/><G66/><REACH who="3" ten="291,433,128,138" step="2"/><T22/><D120/><U14/><E14/><V97/><F8/><W71/><G71/><T64/><D64/><U13/><E13/><V113/><F67/><W134/><G134/><T31/><D115/><U3/><E3/><V55/><F1/><W62/><G62/><T28/><D2/><U65/><E65/><V85/><F60/><W48/><G48/><T110/><D116/><U130/><E130/><V118/><F113/><W124/><G124/><T88/><D40/><U7/><E7/><V29/><F4/><W44/><G44/><T123/><D41/><U100/><AGARI ba="0,1" hai="24,30,33,77,80,84,100,101,103,109,111" m="49226" machi="100" ten="40,8000,1" yaku="19,1,52,3" doraHai="96" who="1" fromWho="1" sc="291,-20,433,90,128,-40,138,-20" /><INIT seed="3,0,0,3,1,27" ten="271,523,88,118" oya="3" hai0="99,130,118,117,69,54,115,29,134,2,0,24,61" hai1="35,102,75,107,33,120,28,106,135,91,16,77,25" hai2="129,125,14,124,103,41,96,84,93,92,30,5,108" hai3="10,90,66,17,132,59,83,98,73,126,43,78,72"/><W7/><G126/><N who="2" m="48745" /><F41/><W39/><G132/><T109/><D54/><U64/><E135/><V20/><F5/><W48/><G17/><T46/><D134/><U122/><E35/><V44/><F44/><W110/><G110/><T105/><D46/><U56/><E77/><V111/><F14/><W62/><G39/><T26/><D26/><U119/><E119/><V31/><F20/><W18/><G43/><T95/><D130/><U40/><E75/><V63/><F63/><W9/><G73/><T70/><D95/><U71/><E106/><V74/><F74/><W65/><G48/><T53/><D53/><U121/><E91/><N who="2" m="53351" /><F129/><W13/><G90/><T113/><D70/><U8/><E56/><V42/><F42/><W80/><G80/><T85/><D109/><AGARI ba="0,0" hai="30,31,93,96,103,108,109,111" m="53351,48745" machi="109" ten="30,7700,0" yaku="14,1,18,1,52,2" doraHai="27" who="2" fromWho="0" sc="271,-77,523,0,88,77,118,0" /><INIT seed="4,0,0,3,4,101" ten="194,523,165,118" oya="0" hai0="6,76,11,118,104,43,111,60,51,80,20,134,62" hai1="39,127,87,25,65,38,123,1,3,30,9,58,107" hai2="122,93,16,5,79,18,103,31,13,133,64,120,100" hai3="35,114,130,98,125,99,128,67,88,71,73,14,135"/><T81/><D118/><U117/><E117/><V132/><F64/><W23/><G35/><T47/><D134/><N who="2" m="51818" /><F31/><W49/><G135/><T48/><D20/><U57/><E123/><N who="2" m="47147" /><F79/><W69/><G73/><T108/><D104/><U97/><E9/><V124/><F124/><W59/><G125/><T86/><D51/><U44/><E44/><V32/><F32/><W28/><G99/><T36/><D81/><U75/><E97/><N who="2" m="59439" /><F103/><W82/><G71/><T22/><D36/><U74/><E30/><V19/><F5/><W4/><G69/><T53/><D22/><AGARI ba="0,0" hai="13,16,18,19,22" m="59439,47147,51818" machi="22" ten="30,2000,0" yaku="20,1,54,1" doraHai="101" who="2" fromWho="0" sc="194,-20,523,0,165,20,118,0" /><INIT seed="5,0,0,2,2,84" ten="174,523,185,118" oya="1" hai0="107,71,83,129,27,43,120,88,11,99,48,24,80" hai1="75,82,49,132,113,5,51,110,91,6,102,114,79" hai2="28,1,97,100,86,56,21,126,9,17,109,55,7" hai3="13,30,108,118,101,8,58,95,32,50,3,127,123"/><U26/><E132/><V117/><F126/><W63/><G123/><T44/><D107/><U22/><E102/><V130/><F130/><W60/><G108/><T42/><D71/><U67/><E67/><V59/><F109/><W104/><G127/><T81/><D129/><U119/><E119/><V41/><F117/><W133/><G3/><T12/><D42/><U33/><E33/><V16/><F41/><W47/><G104/><T121/><D121/><U105/><E6/><V38/><F38/><W72/><G72/><T70/><D70/><U98/><E5/><V61/><F59/><W96/><G133/><T23/><D23/><U111/><E105/><V85/><F28/><W25/><G58/><T19/><D120/><U53/><E53/><V74/><F74/><W20/><G32/><T57/><D57/><U116/><E116/><V134/><F17/><W31/><G31/><T39/><D39/><U94/><E111/><V112/><F112/><N who="1" m="43113" /><E110/><V93/><REACH who="2" step="1"/><F134/><REACH who="2" ten="174,523,175,118" step="2"/><W35/><G118/><T46/><D46/><U64/><E64/><V2/><F2/><W103/><G35/><T128/><D128/><U0/><E0/><V124/><F124/><W76/><G47/><T68/><D68/><U69/><E69/><V122/><F122/><W54/><G54/><T92/><AGARI ba="0,1" hai="11,12,19,24,27,43,44,48,80,81,83,88,92,99" machi="92" ten="30,7900,0" yaku="0,1,8,1,52,1,54,1" doraHai="84" who="0" fromWho="0" sc="174,89,523,-39,175,-20,118,-20" /><INIT seed="6,0,0,3,2,47" ten="263,484,155,98" oya="2" hai0="67,93,108,110,82,25,69,16,119,19,120,32,54" hai1="24,102,103,97,35,11,50,81,74,66,133,95,76" hai2="117,49,132,48,127,106,107,53,71,80,43,57,134" hai3="60,78,44,36,29,22,14,96,34,70,63,135,114"/><V2/><F117/><W84/><G135/><N who="2" m="51753" /><F2/><W9/><G34/><T1/><D93/><U38/><E38/><V20/><F71/><W7/><G70/><T111/><D120/><U92/><E66/><V75/><F127/><W124/><G124/><T65/><D65/><U100/><E100/><V17/><F80/><W6/><G6/><T83/><D83/><U72/><E103/><V94/><F94/><W87/><G96/><T62/><D1/><U55/><E95/><V52/><F43/><W105/><G105/><T116/><D54/><U61/><E92/><V88/><F88/><W37/><G37/><T131/><D131/><U10/><E102/><V33/><F75/><W130/><G130/><T64/><D64/><U129/><E74/><V121/><F33/><W42/><G114/><T122/><D122/><U115/><E115/><V79/><F79/><W98/><G98/><T128/><D82/><U27/><E97/><V118/><F118/><N who="0" m="45098" /><D128/><U12/><E129/><V18/><F121/><W109/><G78/><T59/><D69/><U104/><E76/><V5/><F5/><W90/><G90/><T0/><D0/><U3/><E3/><V89/><F89/><W58/><G84/><T73/><D73/><U28/><E72/><V45/><F18/><W30/><G87/><T4/><D4/><U101/><E81/><V8/><F8/><W91/><G91/><T99/><D99/><U86/><E86/><V56/><F45/><W125/><G125/><T15/><D15/><AGARI ba="0,0" hai="15,17,20,48,49,52,53,56,57,106,107" m="51753" machi="15" ten="30,11600,0" yaku="20,1,52,2,54,1" doraHai="47" who="2" fromWho="0" sc="263,-116,484,0,155,116,98,0" /><INIT seed="6,1,0,1,2,71" ten="147,484,271,98" oya="2" hai0="17,130,61,78,119,49,28,70,94,110,88,90,134" hai1="63,56,12,4,46,98,89,87,6,43,74,48,0" hai2="129,40,122,36,21,58,8,100,133,59,85,82,104" hai3="106,103,117,64,75,33,51,69,76,52,112,47,3"/><V29/><F122/><W102/><G117/><T15/><D110/><U34/><E34/><V54/><F133/><W123/><G123/><T93/><D130/><U107/><E74/><V5/><F129/><W62/><G3/><T111/><D111/><U37/><E0/><V126/><F126/><W97/><G103/><T124/><D124/><U121/><E121/><V131/><F131/><W67/><G67/><T108/><D108/><U39/><E98/><V101/><F59/><W113/><G76/><T118/><D134/><U50/><E107/><V99/><F100/><W7/><G7/><T92/><D49/><U10/><E50/><V24/><F40/><W32/><REACH who="3" step="1"/><G75/><REACH who="3" ten="147,484,271,88" step="2"/><T23/><D78/><U20/><E6/><V68/><F5/><W60/><G60/><T2/><D2/><U83/><E20/><V132/><F21/><W41/><G41/><T135/><D135/><U42/><E43/><V30/><F101/><W79/><G79/><T66/><D28/><U77/><E77/><V127/><F30/><W11/><G11/><T45/><REACH who="0" step="1"/><D45/><REACH who="0" ten="137,484,271,88" step="2"/><U73/><E73/><V57/><F29/><W13/><G13/><T84/><D84/><U80/><E46/><V105/><F85/><W44/><G44/><T109/><D109/><U35/><E87/><V14/><F14/><W27/><G27/><T128/><D128/><U53/><E12/><V16/><F24/><W25/><G25/><T31/><D31/><U26/><E26/><V91/><F132/><W120/><G120/><T9/><D9/><U114/><E10/><V95/><F8/><W18/><G18/><RYUUKYOKU ba="1,2" sc="137,15,484,-15,271,-15,88,15" hai0="15,17,23,61,66,70,88,90,92,93,94,118,119" hai3="32,33,47,51,52,62,64,69,97,102,106,112,113" /><INIT seed="7,2,2,3,0,82" ten="152,469,256,103" oya="3" hai0="49,35,30,20,130,40,39,22,97,74,27,110,114" hai1="17,57,79,125,103,102,53,113,86,15,132,96,122" hai2="43,59,115,75,123,33,14,92,109,71,58,126,21" hai3="42,69,127,16,99,73,90,23,78,77,24,36,56"/><W129/><G69/><T55/><D110/><U104/><E122/><V89/><F71/><W85/><G73/><T63/><D74/><U10/><E103/><V111/><F75/><W118/><G118/><T65/><D130/><U18/><E125/><V95/><F33/><W68/><G68/><T84/><D39/><U54/><E113/><V94/><F115/><W6/><G127/><T51/><D40/><U93/><E132/><V70/><F70/><W62/><G129/><T3/><D3/><U13/><E57/><V29/><F43/><W0/><G99/><T91/><D114/><U117/><E117/><V25/><F89/><W121/><G121/><T128/><D65/><U64/><E64/><V5/><F126/><W108/><G108/><T105/><D128/><U72/><E72/><V107/><F107/><W38/><G0/><T66/><D66/><U67/><E67/><V1/><F1/><W46/><G6/><T131/><D63/><U124/><E104/><V7/><F7/><W11/><G11/><T48/><D55/><U37/><E37/><V134/><F134/><W4/><G4/><T47/><D47/><U87/><E79/><N who="3" m="30218" /><G38/><T41/><D41/><U112/><E112/><V44/><F123/><W8/><G8/><T135/><D135/><U76/><E124/><V26/><F111/><W88/><G85/><N who="1" m="32266" /><E76/><V31/><F5/><W116/><G116/><T50/><N who="0" m="12288" /><DORA hai="19" /><T100/><REACH who="0" step="1"/><D131/><REACH who="0" ten="142,469,256,103" step="2"/><U120/><E120/><V34/><F109/><W45/><G45/><T32/><D32/><U52/><E10/><V80/><F44/><W133/><G133/><RYUUKYOKU ba="2,3" sc="142,10,469,10,256,-30,103,10" hai0="20,22,27,30,35,84,91,97,100,105" hai1="13,15,17,18,52,53,54,93,96,102" hai3="16,23,24,36,42,46,56,62,88,90" /><INIT seed="7,3,3,2,5,116" ten="152,479,226,113" oya="3" hai0="65,130,94,75,59,24,68,78,43,97,50,1,19" hai1="73,4,42,85,21,114,72,25,18,23,46,127,36" hai2="51,80,55,81,57,26,105,76,87,71,91,52,67" hai3="134,104,100,30,8,58,7,45,17,95,93,14,126"/><W119/><G119/><T39/><D1/><U33/><E33/><V117/><F117/><W44/><G126/><T3/><D3/><U84/><E4/><V90/><F105/><W121/><G121/><T110/><D110/><U53/><E114/><V54/><F71/><W64/><G104/><T125/><D39/><U102/><E102/><V15/><F67/><W77/><G134/><T108/><D108/><U62/><E84/><N who="2" m="50439" /><F26/><W135/><G135/><T89/><D130/><U112/><E23/><V12/><F76/><W6/><G77/><T129/><D125/><U29/><E29/><V49/><F54/><W2/><G30/><T13/><D129/><U31/><E18/><V120/><F120/><W40/><G2/><T83/><D68/><U98/><E98/><V123/><F123/><W124/><G124/><T115/><D115/><U132/><E62/><V16/><F16/><W28/><G28/><T122/><D122/><U20/><E112/><V41/><F41/><W47/><G40/><T133/><D133/><U96/><E46/><AGARI ba="3,3" hai="12,15,46,49,51,52,55,57,81,87,91" m="50439" machi="46" ten="30,2000,0" yaku="8,1,54,1" doraHai="116" who="2" fromWho="1" sc="152,0,479,-29,226,59,113,0" owari="152,-25.0,450,55.0,285,9.0,113,-39.0" /></mjloggm>