<mjloggm ver="2.3"><GO type="169" lobby="0"/><UN n0="%E7%A5%9E%E5%91%AA%E9%AD%94%E5%A5%B3" n1="%6C%67%64%47%6F%64%76" n2="%E5%BE%AE%E5%B7%AE%E3%81%AE%E4%BD%95%E5%88%87%E3%82%8B%EF%BC%9C%E9%81%8B" n3="%E3%81%90%E3%81%A6%E3%81%B0%E3%81%8C%E5%A4%AB" dan="16,16,16,17" rate="2197.97,2090.22,2085.21,2239.56" sx="F,M,M,M"/><TAIKYOKU oya="0"/><INIT seed="0,0,0,2,0,96" ten="250,250,250,250" oya="0" hai0="99,65,35,118,49,89,31,64,84,69,33,43,126" hai1="37,28,106,16,92,24,45,52,95,50,128,53,4" hai2="132,14,72,54,117,98,121,127,85,104,3,93,32" hai3="17,103,122,68,131,77,70,38,120,133,71,129,51"/><T87/><D118/><U46/><E106/><V111/><RYUUKYOKU type="yao9" ba="0,0" sc="250,0,250,0,250,0,250,0" hai2="3,14,32,54,72,85,93,98,104,111,117,121,127,132" /><INIT seed="0,1,0,1,1,79" ten="250,250,250,250" oya="0" hai0="83,66,78,131,53,70,89,22,5,17,54,31,126" hai1="38,20,82,24,7,2,47,85,48,71,72,62,116" hai2="98,39,43,65,73,9,12,25,46,45,40,33,36" hai3="56,27,67,102,115,130,106,51,60,119,10,44,123"/><T84/><D131/><U111/><E116/><V21/><F65/><W6/><G115/><T112/><D112/><U8/><E111/><V122/><F73/><W97/><G119/><T107/><D107/><U49/><E62/><V80/><F98/><W52/><G130/><T50/><D126/><U95/><E71/><V105/><F105/><W19/><G123/><T127/><D127/><U86/><E95/><V3/><F3/><W61/><G61/><T68/><D66/><U23/><E86/><V118/><F118/><W14/><G27/><T121/><D121/><U35/><E35/><V114/><F114/><W129/><G129/><T110/><D110/><U28/><E23/><V124/><F124/><W134/><G6/><T30/><D5/><U108/><E85/><V4/><F33/><W96/><G96/><T87/><D68/><U18/><E28/><N who="0" m="10793" /><D70/><U42/><REACH who="1" step="1"/><E108/><REACH who="1" ten="250,240,250,250" step="2"/><V32/><F122/><W109/><G109/><T135/><D135/><U55/><E55/><V1/><F32/><W117/><G117/><T64/><D53/><U92/><E92/><V75/><F75/><W0/><G134/><T41/><D84/><U81/><E81/><V103/><F80/><W100/><G100/><T128/><D54/><U34/><E34/><V77/><F103/><W90/><G90/><T11/><D89/><U94/><E94/><V13/><F77/><AGARI ba="1,1" hai="2,7,8,18,20,24,38,42,47,48,49,72,77,82" machi="77" ten="40,8000,1" yaku="1,1,25,2,52,1,53,0" doraHai="79" doraHaiUra="29" who="1" fromWho="2" sc="250,0,240,93,250,-83,250,0" /><INIT seed="1,0,0,4,0,103" ten="250,333,167,250" oya="1" hai0="63,55,84,57,72,112,35,91,83,96,108,39,16" hai1="99,31,12,58,90,54,128,9,45,17,114,33,69" hai2="46,85,50,116,120,0,110,10,125,43,107,34,105" hai3="131,32,126,67,7,37,8,100,24,95,129,29,113"/><U79/><E114/><V123/><F116/><W133/><G37/><T93/><D35/><U97/><E69/><V109/><F34/><W75/><G75/><T40/><D112/><U70/><E70/><V56/><F85/><W21/><G67/><T26/><D72/><U88/><E128/><N who="3" m="49226" /><G95/><T73/><D73/><U41/><E79/><V135/><F56/><W13/><G100/><T5/><D5/><U11/><E11/><V66/><F66/><W1/><G113/><T18/><D108/><N who="2" m="41578" /><F125/><W132/><G126/><T124/><D124/><U134/><E134/><N who="3" m="51818" /><G32/><T98/><D39/><U64/><E64/><V36/><F50/><W15/><AGARI ba="0,0" hai="1,7,8,13,15,21,24,29" m="51818,49226" machi="15" ten="40,8000,1" yaku="19,1,20,1,34,2" doraHai="103" who="3" fromWho="3" sc="250,-20,333,-40,167,-20,250,80" /><INIT seed="2,0,0,4,1,34" ten="230,293,147,330" oya="2" hai0="12,27,126,52,122,23,62,61,98,77,92,82,104" hai1="28,135,86,21,112,128,83,56,96,13,129,18,99" hai2="53,124,76,120,32,55,57,123,1,19,60,110,54" hai3="11,43,8,38,71,58,67,29,80,97,30,66,49"/><V134/><F124/><W33/><G38/><T108/><D122/><U85/><E112/><V65/><F134/><W5/><G71/><T64/><D104/><U130/><E135/><V22/><F32/><W75/><G33/><T17/><D108/><U48/><E28/><V2/><F110/><W90/><G75/><T93/><D126/><U44/><E56/><V6/><F76/><W95/><G80/><T0/><D0/><U107/><E107/><V51/><F6/><W50/><G11/><T106/><D106/><U35/><E35/><V72/><F72/><W84/><G97/><T14/><D93/><U102/><E102/><V118/><F118/><W16/><G43/><T63/><D64/><N who="3" m="24617" /><G5/><T25/><D82/><U100/><E100/><V4/><F4/><W3/><G3/><T114/><D77/><U88/><REACH who="1" step="1"/><E85/><REACH who="1" ten="230,283,147,330" step="2"/><V116/><F116/><W119/><G119/><T10/><D114/><U78/><E78/><V39/><F39/><W9/><G58/><N who="0" m="35015" /><D62/><U117/><E117/><V125/><F125/><W91/><G30/><T47/><D63/><U94/><E94/><V111/><F111/><W113/><G29/><T36/><D92/><U105/><E105/><V15/><REACH who="2" step="1"/><F51/><REACH who="2" ten="230,283,137,330" step="2"/><W115/><G115/><T37/><D37/><U89/><E89/><V103/><F103/><W40/><G91/><T132/><D132/><U87/><E87/><V121/><AGARI ba="0,2" hai="1,2,15,19,22,53,54,55,57,60,65,120,121,123" machi="121" ten="40,12000,1" yaku="1,1,0,1,52,2,53,0" doraHai="34" doraHaiUra="31" who="2" fromWho="2" sc="230,-40,283,-40,137,140,330,-40" /><INIT seed="2,1,0,5,0,6" ten="190,243,277,290" oya="2" hai0="120,16,83,35,86,98,94,37,126,28,0,45,96" hai1="60,112,127,84,79,117,15,53,27,114,128,123,50" hai2="107,70,55,73,118,12,116,131,62,122,76,135,134" hai3="56,67,57,104,80,48,52,64,99,46,113,101,41"/><V36/><F107/><W68/><G113/><T74/><D120/><U85/><E117/><V110/><F76/><W75/><G57/><T65/><D74/><U115/><E128/><V10/><F73/><W29/><G68/><T33/><D0/><U51/><E127/><V129/><F36/><W59/><G56/><T9/><D65/><U24/><E123/><V20/><F20/><W97/><G29/><T69/><D69/><U102/><E102/><V89/><F89/><W21/><G99/><T23/><D35/><U121/><E121/><V100/><F100/><W92/><G104/><T40/><D126/><U18/><E60/><V119/><F122/><W90/><G21/><T34/><D28/><U78/><E53/><V17/><F110/><W130/><G130/><N who="2" m="49673" /><F55/><W87/><REACH who="3" step="1"/><G75/><REACH who="3" ten="190,243,277,280" step="2"/><T43/><D34/><U1/><E114/><V88/><F70/><W111/><G111/><T133/><D33/><U22/><E22/><V125/><F125/><W124/><G124/><T108/><D108/><U14/><E115/><V44/><F44/><W54/><G54/><T61/><D23/><U5/><E112/><V58/><F58/><W8/><G8/><T81/><D9/><U2/><E18/><V49/><F62/><AGARI ba="1,1" hai="41,46,48,52,59,62,64,67,80,87,90,92,97,101" machi="62" ten="30,7700,0" yaku="1,1,7,1,8,1,54,1,53,0" doraHai="6" doraHaiUra="11" who="3" fromWho="2" sc="190,0,243,0,277,-80,280,90" /><INIT seed="3,0,0,2,4,65" ten="190,243,197,370" oya="3" hai0="31,13,61,126,58,20,47,15,62,132,22,51,117" hai1="97,33,74,56,43,121,106,101,34,116,96,99,57" hai2="71,127,40,12,25,69,14,64,128,83,109,42,21" hai3="18,60,102,36,114,100,30,17,110,24,88,123,4"/><W45/><G123/><T92/><D117/><U19/><E121/><V111/><F83/><W49/><G36/><T46/><D126/><U55/><E74/><V112/><F64/><W0/><G114/><T80/><D132/><U94/><E116/><V66/><F66/><W85/><G4/><T54/><D80/><U2/><E2/><V32/><F32/><W103/><G60/><T16/><D92/><U26/><E43/><V38/><F38/><W119/><G0/><T115/><D115/><U68/><E68/><N who="2" m="26187" /><F112/><W1/><G1/><T87/><D87/><U125/><E57/><V67/><F67/><W86/><G86/><T59/><D31/><U134/><E99/><V91/><F91/><W75/><G75/><T89/><D89/><U77/><E77/><V11/><F127/><W107/><G107/><T28/><D28/><U8/><E125/><V50/><F50/><W27/><G119/><T73/><D73/><U78/><E78/><V130/><F21/><W135/><G30/><T52/><D51/><U63/><E8/><V93/><F25/><W3/><G27/><T76/><D76/><U95/><E106/><V124/><F93/><W122/><G24/><T81/><D81/><U48/><E48/><V10/><F124/><W82/><G49/><T120/><D120/><U98/><E98/><V53/><F53/><W113/><G122/><T108/><D16/><U39/><E39/><V41/><F10/><W79/><G88/><T9/><D9/><U133/><E19/><N who="2" m="8607" /><F14/><W7/><G113/><T35/><D35/><N who="1" m="13323" /><E26/><V5/><F5/><W90/><G7/><RYUUKYOKU ba="0,0" sc="190,10,243,10,197,10,370,-30" hai0="13,15,20,22,46,47,52,54,58,59,61,62,108" hai1="55,56,63,94,95,96,97,101,133,134" hai2="40,41,42,109,111,128,130" /><INIT seed="4,1,0,4,4,16" ten="200,253,207,340" oya="0" hai0="9,106,134,6,49,17,44,98,14,52,68,100,131" hai1="50,73,107,103,81,87,33,108,118,26,76,130,79" hai2="38,96,90,23,110,84,86,121,42,99,25,95,63" hai3="48,128,92,1,41,18,88,61,82,62,117,0,12"/><T115/><D115/><U19/><E108/><V102/><F110/><W101/><G117/><T89/><D131/><U57/><E118/><V113/><F113/><W47/><G128/><T15/><D134/><U22/><E33/><V133/><F121/><W93/><G1/><T111/><D111/><U109/><E109/><V58/><F42/><W74/><G0/><T124/><D124/><U77/><E130/><V122/><F38/><W104/><G104/><T71/><REACH who="0" step="1"/><D89/><REACH who="0" ten="190,253,207,340" step="2"/><U127/><E127/><V94/><F133/><W91/><G91/><T11/><AGARI ba="1,1" hai="6,9,11,14,15,17,44,49,52,68,71,98,100,106" machi="11" ten="20,12000,1" yaku="1,1,2,1,0,1,7,1,54,1,53,0" doraHai="16" doraHaiUra="132" who="0" fromWho="0" sc="190,133,253,-41,207,-41,340,-41" /><INIT seed="4,2,0,1,3,45" ten="323,212,166,299" oya="0" hai0="107,36,51,69,58,113,47,59,101,42,61,112,74" hai1="67,108,106,63,53,52,13,123,126,75,93,46,97" hai2="32,86,95,35,37,54,4,60,119,15,105,14,44" hai3="39,121,55,9,41,98,33,56,100,5,129,70,2"/><T17/><D74/><U78/><E108/><V10/><F105/><W0/><G70/><T83/><D83/><U114/><E123/><V134/><F119/><W111/><G111/><T12/><D101/><U16/><E106/><V40/><F134/><W3/><G121/><T72/><D72/><U103/><E126/><V99/><F86/><W65/><G65/><N who="0" m="41135" /><D107/><U31/><E31/><V34/><F54/><W77/><G33/><T125/><D125/><U6/><E6/><V23/><F60/><W84/><G129/><T96/><D96/><U21/><E114/><N who="0" m="44137" /><D36/><U27/><E27/><V109/><F109/><W131/><G131/><T118/><D118/><U64/><E64/><V38/><F23/><AGARI ba="2,0" hai="12,17,23,42,47,51,58,59" m="44137,41135" machi="23" ten="30,2900,0" yaku="15,1,52,1" doraHai="45" who="0" fromWho="2" sc="323,35,212,0,166,-35,299,0" /><INIT seed="4,3,0,0,2,122" ten="358,212,131,299" oya="0" hai0="87,102,99,38,90,74,100,26,81,132,49,46,82" hai1="51,97,83,131,98,22,19,27,54,9,118,62,91" hai2="30,106,11,31,57,34,128,45,117,76,84,3,89" hai3="101,79,20,4,107,48,0,18,113,121,59,40,116"/><T130/><D38/><U134/><E118/><V55/><F128/><W133/><G116/><T112/><D112/><U68/><E134/><V95/><F117/><W35/><G113/><T96/><D132/><U24/><E131/><V63/><F106/><W77/><G35/><T110/><D110/><U69/><E27/><V52/><F34/><W47/><G4/><T86/><D26/><U126/><E126/><V32/><F32/><W5/><G5/><T42/><D74/><U94/><E98/><N who="0" m="37417" /><D130/><U127/><E127/><V15/><F3/><W66/><G0/><T58/><D58/><U39/><E39/><V67/><F76/><AGARI ba="3,0" hai="42,46,49,76,81,82,86,87,90,100,102" m="37417" machi="76" ten="30,1500,0" yaku="8,1" doraHai="122" who="0" fromWho="2" sc="358,24,212,0,131,-24,299,0" /><INIT seed="4,4,0,0,1,25" ten="382,212,107,299" oya="0" hai0="69,91,73,74,11,14,12,81,135,57,68,38,16" hai1="8,15,19,48,87,78,22,17,95,6,37,26,82" hai2="113,94,58,120,30,9,112,116,99,121,76,109,29" hai3="117,126,114,122,47,119,42,90,105,66,93,33,110"/><T67/><D38/><U101/><E37/><V115/><F76/><W20/><G33/><T64/><D135/><U63/><E63/><V71/><F71/><W104/><G66/><T35/><D35/><U61/><E61/><V97/><F58/><W79/><G20/><T98/><D57/><U131/><E131/><V80/><F80/><W50/><G50/><T36/><D36/><U100/><E95/><V24/><F24/><W21/><G21/><T129/><D129/><U106/><E106/><N who="3" m="41066" /><G42/><T49/><D49/><U134/><E134/><V86/><F109/><W39/><G47/><T59/><D64/><U60/><E60/><V40/><F40/><W28/><G39/><T118/><D59/><U85/><E85/><V65/><F65/><W23/><G23/><T3/><D67/><U7/><E48/><V18/><F116/><W2/><G2/><T72/><D3/><U34/><E34/><V5/><F18/><W89/><G79/><T62/><D118/><U84/><E19/><V75/><F75/><W46/><G46/><T54/><D12/><U4/><E7/><V133/><F133/><W31/><G122/><N who="2" m="47209" /><F86/><W27/><G27/><T41/><D41/><U128/><E4/><V1/><F99/><W88/><G117/><T32/><D32/><U92/><E128/><V44/><F44/><W51/><G51/><T130/><D130/><U55/><E55/><V103/><AGARI ba="4,0" hai="1,5,9,29,30,94,97,103,112,113,115" m="47209" machi="103" ten="40,5200,0" yaku="15,1,52,2" doraHai="25" who="2" fromWho="2" sc="382,-30,212,-17,107,64,299,-17" /><INIT seed="5,0,0,5,3,81" ten="352,195,171,282" oya="1" hai0="130,131,62,83,67,100,15,0,63,92,37,97,20" hai1="26,21,127,129,88,2,7,53,70,40,87,24,103" hai2="72,60,101,59,128,47,41,84,50,119,3,57,5" hai3="126,93,135,49,99,1,16,6,4,124,125,58,113"/><U80/><E70/><V121/><F119/><W8/><G113/><T12/><D0/><U69/><E69/><V43/><F121/><W38/><G38/><T52/><D37/><U86/><E129/><N who="0" m="49161" /><D83/><U111/><E127/><V61/><F72/><W114/><G114/><T32/><D32/><U27/><E111/><V105/><F128/><W48/><G135/><T65/><D63/><U51/><E40/><V94/><F105/><W117/><G117/><T85/><D85/><N who="1" m="50215" /><E7/><V90/><F101/><W98/><G98/><T108/><D108/><U120/><E2/><V30/><F5/><W82/><G82/><T13/><D20/><U39/><E39/><V18/><F3/><W68/><G68/><T28/><D28/><N who="1" m="17423" /><E103/><V29/><F43/><W64/><G6/><T22/><D22/><U75/><E75/><V91/><F18/><W45/><G16/><T95/><D92/><U118/><E118/><V34/><F34/><W44/><G93/><T76/><D76/><U123/><E123/><V116/><F116/><W56/><G1/><T133/><D133/><U134/><E134/><V104/><F104/><W110/><G4/><T79/><D79/><U71/><E71/><V17/><F17/><W96/><G110/><T66/><D15/><U55/><E120/><V54/><REACH who="2" step="1"/><F91/><REACH who="2" ten="352,195,161,282" step="2"/><W77/><G126/><T89/><D89/><U107/><E107/><V10/><F10/><W36/><G8/><T9/><D9/><U11/><E11/><V106/><F106/><W35/><G35/><T31/><D31/><U25/><E53/><AGARI ba="0,1" hai="29,30,41,47,50,53,54,57,59,60,61,84,90,94" machi="53" ten="30,8000,1" yaku="1,1,7,1,9,1,8,1,52,1,53,0" doraHai="81" doraHaiUra="78" who="2" fromWho="1" sc="352,0,195,-80,161,90,282,0" /><INIT seed="6,0,0,3,3,50" ten="352,115,251,282" oya="2" hai0="15,10,22,135,72,74,88,16,119,33,79,105,7" hai1="14,132,125,21,54,64,37,30,53,60,108,102,63" hai2="61,118,41,29,73,44,57,82,45,47,34,133,70" hai3="124,120,6,71,25,114,67,110,42,89,28,122,134"/><V38/><F34/><W90/><G42/><T62/><D105/><U97/><E108/><V24/><F118/><W8/><G67/><T12/><D33/><U123/><E37/><V39/><F133/><W98/><G71/><T94/><D135/><U56/><E132/><V27/><F73/><W11/><G98/><T87/><D119/><U116/><E116/><V95/><F82/><W115/><G134/><T68/><REACH who="0" step="1"/><D79/><REACH who="0" ten="342,115,251,282" step="2"/><U109/><E109/><V111/><F111/><W93/><G110/><T26/><D26/><N who="1" m="16719" /><E123/><V3/><F24/><W117/><G25/><T80/><D80/><U52/><E125/><V112/><F112/><W85/><G124/><T20/><D20/><U100/><E63/><V9/><F95/><W91/><G117/><T35/><D35/><U113/><E113/><N who="3" m="43018" /><G11/><T83/><D83/><U99/><E14/><V17/><F9/><W31/><G122/><T65/><AGARI ba="0,1" hai="7,10,12,15,16,22,62,65,68,72,74,87,88,94" machi="65" ten="30,7900,0" yaku="1,1,0,1,54,2,53,0" doraHai="50" doraHaiUra="76" who="0" fromWho="0" sc="342,89,115,-20,251,-39,282,-20" /><INIT seed="7,0,0,2,0,7" ten="431,95,212,262" oya="3" hai0="60,90,86,109,40,25,15,12,0,38,5,49,52" hai1="87,126,128,114,11,119,81,17,100,19,133,10,77" hai2="132,6,97,54,48,28,116,112,113,127,115,61,103" hai3="45,41,117,37,51,85,64,1,56,105,107,66,67"/><W69/><G1/><T104/><D104/><U94/><E114/><V121/><F116/><W27/><G27/><T124/><D109/><U125/><E119/><V72/><F72/><W20/><G20/><T65/><D25/><U23/><E128/><V53/><F121/><W70/><G85/><T130/><D130/><U118/><E118/><V16/><F28/><W78/><G78/><T43/><D0/><U99/><E133/><V32/><F32/><W58/><G107/><T82/><D124/><U33/><E33/><V79/><F79/><W108/><G105/><T44/><D5/><U22/><E126/><V92/><F127/><W29/><G29/><T21/><D21/><U18/><REACH who="1" step="1"/><E125/><REACH who="1" ten="431,85,212,262" step="2"/><V80/><F132/><W71/><G117/><T88/><D90/><U134/><E134/><V122/><F122/><W24/><G108/><T120/><D120/><U59/><E59/><N who="3" m="22570" /><G24/><T102/><D102/><U62/><E62/><V31/><F61/><W46/><G46/><T91/><D91/><U96/><E96/><V98/><F97/><W135/><G135/><T93/><D82/><U95/><E95/><V4/><F80/><W26/><G26/><T106/><D106/><U47/><E47/><V30/><F112/><W68/><G68/><T42/><REACH who="0" step="1"/><D38/><AGARI ba="0,1" hai="37,38,41,45,51,64,66,67,69,70,71" m="22570" machi="38" ten="40,12000,1" yaku="35,5" doraHai="7" who="3" fromWho="0" sc="431,-120,85,0,212,0,262,130" owari="311,11.0,85,-41.0,212,-19.0,392,49.0" /></mjloggm>