<mjloggm ver="2.3"><GO type="169" lobby="0"/><UN n0="%E6%B2%B3%E7%AB%A5%E3%81%AE%E3%83%AF%E3%82%AB%E3%83%9E%E3%83%84" n1="%E9%98%BF%E9%83%A8%E5%AF%9B%EF%BC%A0%E9%B3%B3%E5%8D%93" n2="%E5%A6%99%E6%89%8D" n3="%4D%4C%5A%4E%55%2D%53%4B" dan="17,16,16,16" rate="2182.95,2070.67,2056.71,2121.56" sx="M,F,M,F"/><TAIKYOKU oya="0"/><INIT seed="0,0,0,1,3,83" ten="250,250,250,250" oya="0" hai0="85,76,32,119,57,4,6,90,121,47,116,15,128" hai1="56,18,11,25,127,113,65,107,94,40,120,110,67" hai2="2,61,39,78,55,111,100,130,86,80,104,22,59" hai3="69,35,124,62,88,54,41,108,117,103,3,30,45"/><T36/><D121/><U17/><E120/><V50/><F39/><W112/><G112/><T49/><D32/><U0/><E113/><V109/><F2/><W46/><G117/><T16/><D128/><U21/><E107/><V92/><F130/><W131/><G3/><T98/><D36/><U134/><E110/><N who="2" m="41995" /><F22/><W42/><G103/><T37/><D37/><U8/><E134/><V77/><F104/><W33/><G108/><T132/><D132/><U75/><E75/><V12/><F12/><W1/><G1/><T48/><D76/><U114/><E114/><V73/><F78/><W74/><G74/><T96/><D116/><U66/><E127/><V51/><F73/><W122/><G30/><T106/><D57/><U105/><E105/><V115/><F115/><W14/><G69/><T135/><D49/><U102/><E0/><V70/><F70/><W44/><G44/><T125/><D125/><U101/><E56/><V9/><F9/><W10/><G10/><N who="0" m="6263" /><D135/><U93/><E21/><V64/><F64/><W27/><G35/><T13/><D119/><U38/><E38/><V89/><F77/><W87/><G33/><T123/><D123/><U7/><E66/><V129/><F129/><W53/><G122/><T71/><D71/><U31/><E7/><N who="0" m="2601" /><D13/><U126/><E126/><V23/><F23/><W84/><G14/><T82/><D106/><U20/><E20/><V24/><F24/><W79/><G27/><T5/><N who="0" m="2609" /><T29/><DORA hai="63" /><D29/><U95/><E31/><V28/><F28/><W91/><G124/><T68/><D68/><U97/><E25/><RYUUKYOKU ba="0,0" sc="250,15,250,-15,250,15,250,-15" hai0="47,48,82,85,90,96,98" hai2="50,51,55,59,61,80,86,89,92,100" /><INIT seed="0,1,0,4,3,11" ten="265,235,265,235" oya="0" hai0="49,122,119,67,75,133,66,83,85,1,30,53,29" hai1="89,22,60,73,55,114,107,87,35,10,9,64,95" hai2="96,110,129,54,0,134,63,120,113,116,72,77,27" hai3="45,86,23,78,125,3,115,88,46,32,65,126,112"/><T69/><D119/><U118/><E118/><V51/><F63/><W98/><G32/><T38/><D122/><U104/><E35/><V39/><F27/><W21/><G3/><T43/><D75/><U4/><E73/><V82/><F54/><W17/><G78/><T94/><D1/><U47/><E114/><V121/><F51/><W71/><G98/><T14/><D133/><U79/><E79/><V36/><F96/><W100/><G100/><T106/><D106/><U62/><E10/><V20/><F20/><W70/><G86/><T59/><D94/><U26/><E47/><V16/><F16/><W127/><G17/><T8/><D38/><U135/><E135/><V93/><F93/><W44/><G88/><N who="0" m="51263" /><D69/><N who="3" m="26121" /><G65/><N who="0" m="24587" /><D43/><U123/><E104/><V28/><F82/><W99/><G99/><T37/><D37/><U74/><E107/><V109/><F77/><W2/><G2/><T5/><AGARI ba="1,0" hai="5,8,14,29,30,49,53,59" m="24587,51263" machi="5" ten="30,6000,0" yaku="8,1,52,1,54,1" doraHai="11" who="0" fromWho="0" sc="265,63,235,-21,265,-21,235,-21" /><INIT seed="0,2,0,2,2,40" ten="328,214,244,214" oya="0" hai0="27,75,67,33,83,49,43,82,66,30,126,107,110" hai1="3,32,12,56,77,29,53,25,85,92,98,121,17" hai2="88,62,9,21,58,64,54,57,104,106,23,134,46" hai3="86,6,117,8,102,11,50,80,31,24,100,76,91"/><T38/><D126/><U2/><E121/><V99/><F134/><W0/><G117/><T97/><D38/><U125/><E125/><V71/><F106/><W115/><G115/><T10/><D110/><U14/><E77/><V70/><F70/><W119/><G119/><T22/><D33/><U78/><E78/><V34/><F34/><W41/><G8/><T18/><D75/><U79/><E79/><V19/><F71/><W112/><G112/><T87/><D107/><U36/><E36/><V39/><F39/><W101/><G91/><N who="0" m="51703" /><D83/><U89/><E98/><V81/><F104/><W114/><G114/><T118/><D97/><U122/><E122/><V26/><F9/><W94/><G94/><T132/><D132/><U4/><E4/><V37/><F37/><W7/><G7/><T63/><D63/><U51/><REACH who="1" step="1"/><E14/><REACH who="1" ten="328,204,244,214" step="2"/><V61/><F99/><W13/><G0/><T44/><D118/><U74/><E74/><V65/><F81/><W47/><REACH who="3" step="1"/><G102/><REACH who="3" ten="328,204,244,204" step="2"/><T59/><D10/><AGARI ba="2,2" hai="2,3,10,12,17,25,29,32,51,53,56,85,89,92" machi="10" ten="30,2000,0" yaku="1,1,7,1,53,0" doraHai="40" doraHaiUra="133" who="1" fromWho="0" sc="328,-26,204,46,244,0,204,0" /><INIT seed="1,0,0,5,3,77" ten="302,250,244,204" oya="1" hai0="123,131,68,40,132,81,121,80,70,134,60,16,4" hai1="52,59,18,2,12,88,57,19,93,91,15,126,58" hai2="48,49,65,98,133,110,79,56,36,47,33,63,67" hai3="13,95,38,97,46,64,108,72,111,84,7,116,51"/><U107/><E107/><V20/><F33/><W94/><G72/><T6/><D131/><U61/><E2/><V103/><F110/><W8/><G38/><T118/><D118/><U22/><E126/><V24/><F133/><N who="0" m="51306" /><D40/><U66/><E93/><V55/><F36/><W76/><G64/><N who="0" m="40967" /><D70/><U29/><E29/><V28/><F79/><W122/><G122/><N who="0" m="46603" /><D16/><U96/><E96/><V50/><REACH who="2" step="1"/><F47/><REACH who="2" ten="302,250,234,204" step="2"/><W101/><G116/><T0/><D0/><U32/><E32/><V129/><F129/><W119/><G119/><T114/><D114/><U99/><E99/><V124/><F124/><W74/><G108/><T105/><D105/><AGARI ba="0,1" hai="20,24,28,48,49,50,55,56,63,65,67,98,103,105" machi="105" ten="40,2600,0" yaku="1,1,53,1" doraHai="77" doraHaiUra="54" who="2" fromWho="0" sc="302,-26,250,0,234,36,204,0" /><INIT seed="2,0,0,0,5,65" ten="276,250,270,204" oya="2" hai0="66,103,80,52,77,24,79,64,44,89,3,106,116" hai1="98,18,6,19,111,87,128,53,112,25,127,35,95" hai2="47,84,51,113,119,8,61,14,129,102,110,11,134" hai3="122,117,23,108,4,81,38,125,55,92,16,29,101"/><V33/><F119/><W99/><G117/><T13/><D3/><U83/><E112/><V0/><F113/><W88/><G122/><T86/><D116/><U5/><E111/><V75/><F0/><W27/><G108/><T41/><D24/><U71/><E128/><V9/><F33/><W10/><G125/><T94/><D79/><U34/><E127/><V90/><F75/><W107/><G38/><T121/><D121/><U40/><E40/><V67/><F134/><W133/><G133/><T22/><D106/><U105/><E105/><V7/><F102/><W120/><G120/><T1/><D103/><U114/><E71/><V68/><F129/><W131/><G55/><T58/><D1/><U36/><E36/><V124/><F110/><W115/><G131/><T39/><D22/><N who="1" m="13527" /><E35/><V26/><F26/><W2/><G81/><T132/><D13/><U74/><E74/><V73/><F73/><W70/><G70/><T32/><D32/><U130/><E34/><V109/><F109/><W17/><REACH who="3" step="1"/><G115/><REACH who="3" ten="276,250,270,194" step="2"/><T62/><REACH who="0" step="1"/><D132/><REACH who="0" ten="266,250,270,194" step="2"/><U91/><E114/><V21/><F124/><W118/><G118/><T54/><D54/><U43/><E130/><V96/><F21/><W59/><G59/><T63/><D63/><U69/><E53/><V20/><F20/><W78/><G78/><T85/><AGARI ba="0,2" hai="39,41,44,52,58,62,64,66,77,80,85,86,89,94" machi="85" ten="20,8000,1" yaku="1,1,0,1,7,1,54,1,53,1" doraHai="65" doraHaiUra="50" who="0" fromWho="0" sc="266,100,250,-20,270,-40,194,-20" /><INIT seed="3,0,0,4,2,103" ten="366,230,230,174" oya="3" hai0="18,54,91,71,43,27,112,126,52,23,46,22,7" hai1="98,119,96,92,63,99,62,67,83,35,80,88,105" hai2="14,6,130,39,118,5,90,33,116,4,55,8,68" hai3="89,109,53,9,64,20,58,73,114,129,74,123,115"/><W101/><G123/><T125/><D71/><U120/><E120/><V79/><F79/><W117/><G117/><T78/><D78/><U84/><E119/><V16/><F68/><W48/><G129/><T44/><D7/><U50/><E35/><V77/><F39/><W11/><G101/><T60/><D112/><U29/><E29/><V37/><F37/><W65/><G20/><T111/><D111/><U72/><E50/><V41/><F41/><W2/><G109/><T59/><D23/><U104/><E62/><V134/><F77/><W30/><G30/><T38/><D46/><U15/><E15/><V95/><F33/><W113/><G89/><T81/><REACH who="0" step="1"/><D54/><REACH who="0" ten="356,230,230,174" step="2"/><U47/><E47/><V3/><F55/><W87/><G113/><T57/><D57/><U128/><E128/><V66/><F6/><W76/><G115/><T49/><D49/><U127/><E127/><V135/><F4/><W69/><G69/><T36/><D36/><U124/><E124/><V51/><F51/><W13/><G114/><T10/><D10/><U85/><E67/><V131/><F66/><W26/><G9/><T94/><D94/><N who="1" m="54543" /><E63/><V122/><F118/><W56/><G56/><T132/><D132/><N who="2" m="50730" /><F116/><W75/><G64/><T34/><D34/><U31/><E72/><V61/><F61/><W40/><G65/><T108/><D108/><U97/><N who="1" m="24576" /><DORA hai="93" /><U106/><E31/><V86/><F122/><W133/><G133/><T17/><D17/><U21/><E21/><AGARI ba="0,1" hai="3,5,8,14,16,21,86,90,95,130,131" m="50730" machi="21" ten="30,2000,0" yaku="20,1,54,1" doraHai="103,93" who="2" fromWho="1" sc="356,0,230,-20,230,30,174,0" /><INIT seed="4,0,0,1,1,113" ten="356,210,260,174" oya="0" hai0="108,68,1,111,34,54,123,28,45,78,59,19,21" hai1="60,18,119,13,118,2,85,107,88,48,82,6,92" hai2="66,52,23,24,122,51,11,47,98,86,26,77,81" hai3="105,41,120,97,40,101,30,4,25,22,27,57,95"/><T53/><D68/><U12/><E107/><V103/><F122/><W76/><G120/><T0/><D123/><U90/><E2/><V71/><F71/><W75/><G4/><T58/><D78/><U74/><E74/><V112/><F112/><W117/><G117/><T126/><D126/><U63/><E6/><V64/><F11/><W84/><G27/><N who="0" m="18719" /><D45/><U50/><E92/><V10/><F10/><W43/><G57/><T93/><D93/><U38/><E18/><V106/><REACH who="2" step="1"/><F26/><REACH who="2" ten="356,210,250,174" step="2"/><W56/><G25/><T39/><D108/><U114/><E114/><V49/><F49/><W121/><G121/><T32/><D111/><U55/><E38/><V131/><F131/><W116/><G22/><T70/><D39/><U79/><E118/><V69/><F69/><W46/><G116/><T7/><D70/><U31/><E119/><V110/><F110/><W62/><G62/><T91/><D21/><U104/><E63/><V15/><F15/><W5/><G5/><T17/><D7/><U42/><E12/><V83/><F83/><W65/><G56/><T37/><D37/><U134/><E60/><V100/><F100/><W115/><G101/><T3/><D58/><U16/><E13/><V129/><F129/><W35/><G115/><T73/><D59/><U96/><E82/><V99/><F99/><W127/><G97/><T94/><D1/><U29/><E96/><V124/><F124/><W128/><G127/><T89/><D0/><U44/><E48/><V132/><F132/><W9/><G128/><T133/><D3/><U87/><E50/><V33/><F33/><RYUUKYOKU ba="0,1" sc="356,-10,210,-10,250,30,174,-10" hai2="23,24,47,51,52,64,66,77,81,86,98,103,106" /><INIT seed="5,1,1,0,3,26" ten="346,200,280,164" oya="1" hai0="38,59,64,55,54,16,98,79,25,65,4,52,42" hai1="45,94,117,121,131,30,82,43,34,71,20,32,115" hai2="91,89,118,41,21,87,120,37,23,92,99,107,40" hai3="126,110,60,29,39,72,62,1,58,106,70,10,80"/><U18/><E117/><V122/><F118/><W105/><G110/><T76/><D4/><U86/><E121/><V51/><F37/><W135/><G135/><T95/><D42/><U85/><E71/><V68/><F68/><W88/><G126/><T3/><D3/><U112/><E131/><V22/><F41/><W77/><G39/><T27/><D38/><N who="1" m="21751" /><E94/><V100/><F40/><W134/><G134/><T74/><D74/><U73/><E73/><V24/><F51/><W104/><G29/><T83/><D83/><U44/><E44/><V67/><F67/><N who="0" m="25674" /><D59/><U75/><E75/><V125/><F125/><W127/><G127/><T11/><D27/><N who="1" m="18527" /><E82/><V129/><F129/><W93/><G70/><T46/><D46/><U133/><E34/><V109/><F109/><W119/><G119/><T7/><D7/><U14/><E133/><V111/><F111/><W13/><G1/><T17/><D25/><U78/><E78/><N who="0" m="29737" /><D11/><U113/><AGARI ba="1,1" hai="14,18,20,85,86,112,113,115" m="18527,21751" machi="113" ten="30,3000,0" yaku="15,1,52,1" doraHai="26" who="1" fromWho="1" sc="346,-11,200,43,280,-11,164,-11" /><INIT seed="5,2,0,3,4,25" ten="335,243,269,153" oya="1" hai0="75,38,44,53,70,26,80,18,76,47,33,65,79" hai1="74,23,133,52,40,51,12,69,32,103,30,102,117" hai2="73,43,90,87,67,0,10,60,24,8,94,27,13" hai3="104,72,83,81,64,118,2,124,130,85,88,115,14"/><U100/><E117/><V93/><F73/><W28/><G2/><T128/><D128/><U21/><E69/><V97/><F43/><W42/><G42/><T5/><D38/><U110/><E74/><V86/><F10/><W123/><G64/><T39/><D79/><U131/><E131/><V9/><F0/><W20/><G130/><T34/><D5/><U112/><E112/><V132/><F132/><W22/><G123/><T58/><D39/><U57/><E133/><V29/><F27/><W101/><G115/><T119/><D119/><U56/><E32/><V45/><F45/><W55/><G55/><T92/><D34/><U50/><E110/><V6/><F9/><W77/><G124/><T31/><D18/><N who="1" m="10439" /><E40/><V107/><F94/><W7/><G118/><T3/><D3/><U91/><E91/><V82/><F82/><W62/><G62/><T46/><D70/><U19/><E30/><V11/><F11/><W135/><G28/><T95/><REACH who="0" step="1"/><D65/><REACH who="0" ten="325,243,269,153" step="2"/><U68/><E68/><V84/><F67/><W63/><G7/><T37/><D37/><U98/><E19/><V36/><F36/><W61/><G135/><T4/><D4/><U121/><E121/><V49/><F6/><W120/><G120/><T126/><D126/><U114/><E114/><V71/><F71/><W109/><G109/><T41/><D41/><U106/><E52/><V113/><F113/><W127/><G127/><T15/><D15/><U1/><E1/><V54/><F13/><W78/><G14/><T129/><D129/><U105/><E105/><V108/><F54/><W116/><G116/><RYUUKYOKU ba="2,1" sc="325,30,243,-10,269,-10,153,-10" hai0="26,31,33,44,46,47,53,58,75,76,80,92,95" /><INIT seed="6,3,1,2,5,19" ten="355,233,259,143" oya="2" hai0="55,61,130,26,29,85,35,123,78,36,53,0,70" hai1="21,24,37,12,124,82,30,115,92,39,18,69,118" hai2="47,104,60,38,45,3,6,5,107,20,94,110,4" hai3="63,46,126,90,15,52,97,23,73,134,132,22,98"/><V2/><F110/><W41/><G73/><T65/><D123/><U44/><E118/><V76/><F76/><W135/><G126/><T1/><D36/><U96/><E124/><V74/><F74/><W91/><G15/><T75/><D75/><U88/><E69/><V11/><F94/><W99/><G90/><T121/><D121/><U58/><E115/><V31/><F60/><W72/><G91/><T120/><D120/><U95/><E82/><V93/><F93/><W122/><G72/><T64/><D64/><U25/><E25/><V8/><F5/><W79/><G79/><T113/><D130/><U59/><E95/><V9/><F9/><W68/><G122/><T42/><D42/><U7/><E7/><V125/><F38/><N who="3" m="21815" /><G68/><T28/><D28/><U114/><E114/><V43/><F43/><W119/><G119/><T13/><D13/><U40/><REACH who="1" step="1"/><E39/><REACH who="1" ten="355,223,259,143" step="2"/><V14/><F125/><W48/><G63/><T111/><D113/><U33/><AGARI ba="3,2" hai="12,18,21,24,30,33,37,40,44,58,59,88,92,96" machi="33" ten="20,12000,2" yaku="1,1,2,1,0,1,7,1,52,1,54,1,53,0" doraHai="19" doraHaiUra="105" who="1" fromWho="1" sc="355,-33,223,149,259,-63,143,-33" /><INIT seed="7,0,0,3,5,122" ten="322,372,196,110" oya="3" hai0="96,132,95,52,102,37,65,87,30,98,20,14,124" hai1="42,114,120,24,55,121,106,125,93,41,82,76,133" hai2="115,117,9,86,118,56,40,25,68,94,131,67,17" hai3="7,105,97,31,103,33,60,119,2,92,27,13,5"/><W58/><G119/><T78/><D37/><U66/><E106/><V71/><F131/><W128/><G128/><T75/><D132/><U73/><E133/><V81/><F40/><W90/><G2/><T45/><D124/><U8/><E125/><V77/><F68/><W84/><REACH who="3" step="1"/><G13/><REACH who="3" ten="322,372,196,100" step="2"/><T111/><D14/><U12/><E121/><V10/><F117/><W1/><G1/><T85/><D96/><U91/><E120/><V6/><F118/><W63/><G63/><T16/><D98/><U39/><E12/><V123/><F123/><W64/><AGARI ba="0,1" hai="5,7,27,31,33,58,60,64,84,90,92,97,103,105" machi="64" ten="20,3900,0" yaku="1,1,0,1,7,1,53,0" doraHai="122" doraHaiUra="15" who="3" fromWho="3" sc="322,-13,372,-13,196,-13,100,49" /><INIT seed="7,1,0,0,0,30" ten="309,359,183,149" oya="3" hai0="58,66,92,20,1,97,102,96,41,13,39,53,118" hai1="9,132,25,98,69,103,113,40,107,31,22,15,17" hai2="26,77,54,43,128,4,6,74,93,12,115,88,122" hai3="99,106,28,34,90,135,73,86,79,23,51,87,56"/><W42/><G135/><T125/><D118/><U37/><E132/><V61/><F43/><W38/><G38/><T46/><D1/><U48/><E69/><V16/><F74/><W62/><G23/><T27/><D125/><U116/><E116/><V119/><F77/><W36/><G36/><T101/><D13/><U120/><E37/><V131/><F115/><W24/><G73/><T60/><D53/><U117/><E117/><V133/><F133/><W108/><G79/><T8/><D8/><U123/><E113/><V134/><F134/><W50/><G108/><T59/><D59/><U109/><E109/><V2/><F122/><W112/><G112/><T64/><D64/><U0/><E0/><V95/><F2/><W63/><G63/><T129/><D129/><N who="2" m="49738" /><F26/><W18/><G18/><T57/><D57/><U82/><E82/><V100/><F61/><W52/><G42/><T83/><D83/><U84/><E84/><N who="2" m="52359" /><F54/><W105/><G86/><T124/><D124/><U121/><E48/><V55/><F55/><W75/><G75/><T3/><D3/><U126/><E40/><V72/><F72/><W80/><REACH who="3" step="1"/><G99/><REACH who="3" ten="309,359,183,139" step="2"/><T104/><D39/><U127/><AGARI ba="1,1" hai="9,15,17,22,25,31,98,103,107,120,121,123,126,127" machi="127" ten="40,1500,0" yaku="0,1" doraHai="30" who="1" fromWho="1" sc="309,-5,359,28,183,-5,139,-8" owari="304,10.0,387,49.0,178,-22.0,131,-37.0" /></mjloggm>