<mjloggm ver="2.3"><GO type="169" lobby="0"/><UN n0="%E3%81%86%E3%81%95%E3%81%8E%E3%83%95%E3%82%A1%E3%83%B3%E3%82%B7%E3%83%BC" n1="%43%6F%6D%65%64%69%61%6E" n2="%E3%82%88%E3%81%97%E3%81%A0%E3%81%84%E3%81%9F%E3%82%8B" n3="%4B%6F%74%61%38%31%36" dan="16,16,17,16" rate="2158.64,2112.14,2164.05,2166.08" sx="M,M,M,M"/><TAIKYOKU oya="0"/><INIT seed="0,0,0,3,5,80" ten="250,250,250,250" oya="0" hai0="54,96,97,75,128,130,60,11,41,62,109,50,53" hai1="84,100,74,81,124,46,26,87,118,16,102,2,95" hai2="83,15,31,122,44,37,12,43,125,19,49,115,29" hai3="86,4,117,57,5,71,106,90,17,77,93,33,116"/><T99/><D75/><U58/><E118/><V135/><F122/><W59/><G71/><T51/><D41/><U10/><E74/><V67/><F135/><W104/><G33/><T9/><REACH who="0" step="1"/><D99/><REACH who="0" ten="240,250,250,250" step="2"/><U1/><E1/><V70/><F43/><W101/><G116/><T39/><D39/><U121/><E2/><V129/><F37/><W132/><G117/><T72/><D72/><U111/><E121/><V52/><F115/><W63/><G132/><T66/><D66/><U23/><E124/><V88/><F125/><W79/><G104/><T82/><D82/><U32/><E81/><V24/><F67/><W78/><G106/><T110/><AGARI ba="0,1" hai="9,11,50,51,53,54,60,62,96,97,109,110,128,130" machi="110" ten="25,9600,0" yaku="1,1,0,1,22,2,53,0" doraHai="80" doraHaiUra="107" who="0" fromWho="0" sc="240,106,250,-32,250,-32,250,-32" /><INIT seed="0,1,0,3,4,43" ten="346,218,218,218" oya="0" hai0="57,126,82,92,56,89,67,27,69,132,28,108,79" hai1="45,61,68,130,54,129,115,19,78,116,122,102,3" hai2="127,93,36,131,53,134,41,81,17,30,18,12,26" hai3="10,49,29,88,52,35,33,97,50,47,86,22,31"/><T39/><D39/><U125/><E3/><V38/><F134/><W42/><G97/><T25/><D132/><U83/><E116/><V4/><F131/><N who="1" m="50185" /><E122/><V65/><F127/><W101/><G101/><T105/><D105/><U123/><E123/><V98/><F65/><W55/><G42/><T75/><D126/><U64/><E102/><V90/><F4/><W70/><G70/><T16/><D108/><U23/><E125/><V20/><F18/><W51/><G51/><T109/><D109/><U84/><E115/><V85/><F53/><W15/><G33/><T100/><D100/><U1/><E1/><V46/><F38/><W124/><G22/><T8/><D69/><U80/><E80/><V13/><REACH who="2" step="1"/><F30/><REACH who="2" ten="346,218,208,218" step="2"/><W111/><G124/><T119/><D67/><U76/><E54/><V72/><F72/><W48/><G111/><T14/><D119/><U104/><E19/><V114/><F114/><W63/><G49/><T103/><D28/><U87/><E64/><V77/><AGARI ba="1,1" hai="12,13,17,20,26,36,41,46,77,81,85,90,93,98" machi="77" ten="20,5200,0" yaku="1,1,0,1,7,1,52,1,53,0" doraHai="43" doraHaiUra="60" who="2" fromWho="2" sc="346,-27,218,-14,208,65,218,-14" /><INIT seed="1,0,0,3,0,10" ten="319,204,273,204" oya="1" hai0="117,120,9,21,99,54,62,121,95,17,96,93,70" hai1="53,87,105,116,97,16,100,130,50,46,76,66,12" hai2="11,56,44,20,48,135,38,129,109,52,68,24,86" hai3="31,126,74,28,13,92,3,134,2,127,81,107,65"/><U14/><E116/><V124/><F109/><W115/><G115/><T90/><D117/><U55/><E130/><V128/><F68/><W51/><G107/><T29/><D29/><U122/><E122/><N who="0" m="47209" /><D9/><U71/><E71/><V32/><F32/><W133/><G65/><N who="0" m="41271" /><D54/><U108/><E66/><V84/><F135/><N who="3" m="51723" /><G51/><T73/><D73/><U49/><E108/><V61/><F124/><N who="3" m="47659" /><G92/><N who="0" m="56343" /><D99/><U4/><E4/><V106/><F38/><W94/><G94/><T43/><D43/><U36/><E36/><V63/><F106/><W78/><G31/><T82/><D82/><U6/><E6/><V88/><F11/><W58/><G58/><T40/><D40/><U114/><E114/><V67/><F63/><W112/><G28/><T101/><D101/><U123/><E123/><V60/><F61/><W37/><G37/><T80/><D80/><U111/><E111/><V23/><F86/><W27/><G2/><T5/><D5/><U8/><E87/><V41/><F41/><W119/><G3/><T77/><D77/><U42/><E76/><V7/><F7/><W19/><G119/><T89/><D89/><U98/><E98/><V18/><REACH who="2" step="1"/><F23/><REACH who="2" ten="319,204,263,204" step="2"/><N who="3" m="13823" /><G112/><T57/><D57/><U59/><REACH who="1" step="1"/><E42/><REACH who="1" ten="319,194,263,204" step="2"/><V79/><F79/><W69/><G69/><T72/><D72/><U25/><E25/><AGARI ba="0,2" hai="17,21,25,93,95" m="56343,41271,47209" machi="25" ten="30,1000,0" yaku="13,1" doraHai="10" who="0" fromWho="1" sc="319,30,194,-10,263,0,204,0" /><INIT seed="2,0,0,4,2,6" ten="349,184,263,204" oya="2" hai0="128,127,118,13,92,79,51,4,22,121,90,120,12" hai1="135,62,113,37,66,32,8,75,84,52,30,71,24" hai2="11,119,130,56,112,26,58,9,16,78,86,68,31" hai3="46,115,101,85,91,74,64,98,7,99,21,80,69"/><V126/><F119/><W114/><G69/><T110/><D110/><U40/><E75/><V73/><F112/><N who="3" m="43051" /><G64/><T95/><D118/><U49/><E113/><V50/><F68/><W3/><G46/><T63/><D128/><U34/><E135/><V54/><F130/><W53/><G53/><T17/><D127/><U33/><E84/><V41/><F126/><W10/><G21/><T70/><D79/><U44/><REACH who="1" step="1"/><E8/><REACH who="1" ten="349,174,263,204" step="2"/><N who="2" m="3147" /><F73/><W87/><G74/><T36/><D121/><U104/><E104/><V61/><F31/><W111/><G111/><T28/><D28/><U2/><E2/><V123/><F123/><W23/><G23/><T108/><D22/><U94/><E94/><V129/><F129/><W77/><G101/><T89/><D95/><AGARI ba="0,1" hai="3,7,10,77,80,85,87,91,95,98,99" m="43051" machi="95" ten="30,2000,0" yaku="11,1,52,1" doraHai="6" who="3" fromWho="0" sc="349,-20,174,0,263,0,204,30" /><INIT seed="3,0,0,3,4,26" ten="329,174,263,234" oya="3" hai0="111,43,88,2,38,48,10,6,41,89,40,129,58" hai1="81,36,28,77,82,46,107,126,51,120,68,32,132" hai2="103,52,45,56,93,79,53,133,70,66,118,71,21" hai3="62,30,124,109,105,106,101,65,16,0,67,112,85"/><W127/><G112/><T128/><D38/><U13/><E120/><V37/><F79/><W78/><G0/><T4/><D4/><U23/><E126/><N who="3" m="48170" /><G101/><T57/><D111/><U55/><E132/><V119/><F93/><W87/><G65/><T64/><D64/><U94/><E107/><N who="3" m="40970" /><G78/><T3/><D3/><U47/><E68/><N who="2" m="26155" /><F103/><W69/><G109/><T125/><D125/><U84/><E32/><V92/><F92/><W24/><G16/><T122/><D122/><U91/><E36/><V75/><F75/><W27/><G27/><T1/><D1/><U90/><E47/><V76/><F76/><W116/><G116/><N who="2" m="44585" /><F21/><AGARI ba="0,0" hai="21,24,30,62,67,69,85,87" m="40970,48170" machi="21" ten="30,2900,0" yaku="18,1,52,1" doraHai="26" who="3" fromWho="2" sc="329,0,174,0,263,-29,234,29" /><INIT seed="3,1,0,3,5,22" ten="329,174,234,263" oya="3" hai0="16,35,70,94,25,118,38,129,65,49,59,78,84" hai1="8,115,134,82,111,72,126,46,95,29,75,6,24" hai2="135,23,60,27,120,12,18,67,80,87,132,5,57" hai3="20,10,119,117,90,7,85,79,105,74,58,51,116"/><W91/><G105/><T37/><D118/><U102/><E115/><V36/><F36/><W113/><G113/><T81/><D129/><U100/><E111/><V128/><F128/><W89/><G74/><T21/><D35/><U55/><E126/><V30/><F120/><W83/><G20/><T123/><D123/><U52/><E134/><V98/><F98/><W50/><REACH who="3" step="1"/><G58/><REACH who="3" ten="329,174,234,253" step="2"/><T77/><D59/><U54/><E75/><V131/><F131/><W31/><G31/><T66/><D21/><N who="1" m="15503" /><E72/><V56/><F56/><W53/><G53/><T127/><D127/><U62/><E62/><V76/><REACH who="2" step="1"/><F5/><REACH who="2" ten="329,174,224,253" step="2"/><W9/><G9/><AGARI ba="1,2" hai="9,12,18,23,27,30,57,60,67,76,80,87,132,135" machi="9" ten="40,5200,0" yaku="1,1,2,1,52,1,53,0" doraHai="22" doraHaiUra="44" who="2" fromWho="3" sc="329,0,174,0,224,75,253,-55" /><INIT seed="4,0,0,4,1,121" ten="329,174,299,198" oya="0" hai0="83,36,115,1,18,33,87,123,132,94,37,47,69" hai1="25,11,130,66,129,101,98,19,114,40,30,120,3" hai2="74,72,116,24,65,45,56,76,64,28,46,22,84" hai3="16,97,17,118,4,108,105,110,51,124,77,20,82"/><T78/><D123/><U79/><E120/><V38/><F116/><W106/><G118/><T122/><D122/><U54/><E66/><V128/><F128/><N who="1" m="49257" /><E40/><V75/><F38/><W27/><G124/><T57/><D69/><U29/><E79/><V126/><F126/><W113/><G113/><T55/><D115/><U103/><E114/><V35/><F35/><W117/><G117/><T13/><D1/><U32/><E30/><V26/><F26/><W68/><G68/><T92/><D33/><U90/><E54/><V48/><F56/><W89/><G4/><T131/><D131/><U107/><E101/><V70/><F46/><W7/><G7/><T21/><D132/><U8/><E3/><V88/><F76/><W58/><G17/><T133/><D133/><U99/><E19/><V85/><F85/><W41/><G41/><T111/><D47/><U9/><E98/><V86/><F86/><W67/><G67/><T91/><D92/><U2/><E2/><V44/><F44/><W23/><G23/><T53/><D53/><U5/><E5/><V62/><F65/><W15/><G15/><T119/><D119/><U104/><E90/><V93/><REACH who="2" step="1"/><F74/><REACH who="2" ten="329,174,289,198" step="2"/><W63/><G77/><T60/><D37/><U125/><E125/><V12/><F12/><W81/><G27/><T112/><D36/><U39/><E39/><V96/><F96/><W59/><G97/><N who="0" m="57567" /><D112/><U0/><E0/><V61/><F61/><W100/><G63/><T6/><D13/><U73/><E73/><V135/><F135/><W109/><G59/><T50/><D57/><U10/><E99/><RYUUKYOKU ba="0,1" sc="329,-10,174,-10,289,30,198,-10" hai2="22,24,28,45,48,62,64,70,72,75,84,88,93" /><INIT seed="5,1,1,5,3,86" ten="319,164,319,188" oya="1" hai0="93,134,58,91,98,49,135,96,14,39,5,130,25" hai1="68,92,107,67,42,18,124,108,0,16,48,1,101" hai2="9,72,106,119,89,97,62,127,120,36,60,82,65" hai3="109,27,43,56,121,7,64,100,114,80,17,61,28"/><U11/><E107/><V3/><F119/><W123/><G109/><T52/><D39/><U75/><E108/><V133/><F120/><W87/><G114/><T110/><D110/><U31/><E75/><V102/><F133/><N who="0" m="50698" /><D130/><U116/><E116/><V105/><F127/><W12/><G7/><T88/><D25/><U66/><E124/><V78/><F36/><W81/><G43/><T69/><D69/><U33/><E33/><V34/><F34/><W76/><G100/><N who="0" m="60431" /><D98/><N who="1" m="59591" /><E68/><V8/><F106/><W71/><G80/><T50/><D50/><U85/><E1/><V111/><F111/><W112/><G71/><T51/><D51/><U29/><E0/><V132/><F132/><W54/><G64/><N who="1" m="24618" /><E85/><V46/><F3/><W32/><G112/><T115/><D115/><U45/><E11/><AGARI ba="1,1" hai="11,12,17,27,28,32,54,56,61,76,81,87,121,123" machi="11" ten="30,1000,0" yaku="7,1" doraHai="86" who="3" fromWho="1" sc="319,0,164,-13,319,0,188,23" /><AGARI ba="1,0" hai="5,11,14,49,52,58,88,91" m="60431,50698" machi="11" ten="30,8000,1" yaku="20,1,52,2,54,2" doraHai="86" who="0" fromWho="1" sc="319,80,151,-80,319,0,211,0" /><INIT seed="6,0,0,2,4,107" ten="399,71,319,211" oya="2" hai0="25,87,104,59,125,16,94,57,123,132,22,67,29" hai1="3,44,32,40,20,8,31,49,27,86,24,12,133" hai2="124,56,122,77,9,19,117,75,55,98,73,131,46" hai3="28,6,83,84,102,129,128,113,85,17,35,96,26"/><V11/><F117/><W41/><G6/><T76/><D123/><U14/><E133/><V95/><F122/><W112/><G41/><T42/><D104/><U60/><E60/><V15/><F131/><N who="3" m="50251" /><G17/><T120/><D120/><U69/><E69/><V36/><F124/><W88/><G84/><T61/><D125/><U111/><E111/><V127/><F127/><W114/><G96/><T2/><D2/><U58/><E58/><V52/><F77/><W110/><G102/><T90/><D132/><U38/><E38/><V80/><F80/><W18/><G18/><T134/><D134/><U82/><E3/><V37/><F9/><W54/><G54/><T48/><D76/><U105/><E105/><V79/><F79/><W13/><G13/><T100/><D100/><U39/><E39/><V74/><F55/><W109/><AGARI ba="0,0" hai="26,28,35,83,85,88,109,110,112,113,114" m="50251" machi="109" ten="40,8000,1" yaku="15,1,11,1,19,1,54,1" doraHai="107" who="3" fromWho="3" sc="399,-20,71,-20,319,-40,211,80" /><INIT seed="7,0,0,3,0,91" ten="379,51,279,291" oya="3" hai0="126,32,63,103,52,113,90,17,31,12,83,41,119" hai1="16,19,115,24,37,105,68,45,34,36,4,86,92" hai2="125,80,46,104,120,97,61,116,8,30,0,76,50" hai3="15,131,79,69,42,7,114,99,53,85,98,35,110"/><W1/><G1/><T66/><D119/><U101/><E115/><V56/><F116/><W44/><G35/><T3/><D3/><U38/><E68/><V54/><F125/><W73/><G73/><T96/><D41/><U84/><E4/><V71/><F120/><W64/><G114/><T124/><D113/><U49/><E105/><V94/><F104/><W59/><G131/><T21/><D52/><U81/><E34/><V18/><F30/><W14/><G64/><T58/><D90/><U47/><E24/><V62/><F71/><W65/><G65/><T75/><D32/><U134/><E134/><V88/><F0/><W118/><G69/><T106/><D31/><U40/><E101/><V70/><F70/><W108/><G118/><T107/><D107/><U127/><E127/><N who="0" m="48681" /><D83/><U121/><E121/><V48/><F8/><N who="3" m="4383" /><G15/><T51/><D51/><U25/><E25/><V6/><F18/><W72/><G72/><AGARI ba="0,0" hai="12,17,21,58,63,66,72,75,96,103,106" m="48681" machi="72" ten="30,1000,0" yaku="18,1" doraHai="91" who="0" fromWho="3" sc="379,10,51,0,279,0,291,-10" owari="389,49.0,51,-45.0,279,-12.0,281,8.0" /></mjloggm>