<mjloggm ver="2.3"><GO type="185" lobby="0"/><UN n0="%E5%B8%AB%E5%8C%A0%2F%E9%9B%80%E9%AC%BC" n1="%E6%98%9F%E7%AB%B9%E8%82%89%E3%83%91%E3%82%BB%E3%83%AA" n2="%E3%81%A8%E3%82%8A%E3%81%82%E3%81%88%E3%81%9A%E5%9B%9B%E6%AE%B5" n3="" dan="18,18,16,0" rate="2320.60,2328.84,2160.71,1500.00" sx="M,M,M,C"/><TAIKYOKU oya="0"/><INIT seed="0,0,0,5,4,71" ten="350,350,350,0" oya="0" hai0="100,96,76,59,84,65,60,77,86,53,69,78,45" hai1="48,103,70,43,135,57,79,46,38,1,97,61,93" hai2="111,32,64,2,54,62,41,118,68,88,0,123,122" hai3=""/><T44/><D44/><U40/><E135/><V114/><N who="2" m="31264" /><V109/><N who="2" m="31520" /><V83/><F114/><T99/><D96/><U115/><E115/><V129/><F129/><T49/><REACH who="0" step="1"/><D69/><REACH who="0" ten="340,350,350,0" step="2"/><U63/><E70/><V128/><F68/><T116/><D116/><U121/><E121/><V82/><F118/><T51/><D51/><U127/><E48/><V106/><F0/><T105/><AGARI ba="0,1" hai="45,49,53,59,60,65,76,77,78,84,86,99,100,105" machi="105" ten="30,4000,0" yaku="1,1,0,1,53,1" doraHai="71" doraHaiUra="98" who="0" fromWho="0" sc="340,50,350,-20,350,-20,0,0" /><INIT seed="0,1,0,3,2,35" ten="390,330,330,0" oya="0" hai0="47,124,133,89,80,45,60,1,81,127,33,92,112" hai1="58,100,111,48,125,134,91,72,54,57,130,107,83" hai2="76,85,86,110,32,102,117,105,101,103,74,2,113" hai3=""/><T53/><D33/><U42/><E111/><V95/><F32/><T123/><N who="0" m="31520" /><T67/><D112/><U94/><E134/><V77/><F2/><T0/><D133/><U87/><E130/><V106/><F113/><T61/><D53/><U121/><N who="1" m="31008" /><U52/><E42/><V50/><F50/><T38/><D92/><U93/><E72/><V88/><F117/><T82/><D89/><U120/><N who="1" m="30752" /><U96/><REACH who="1" step="1"/><E125/><REACH who="1" ten="390,320,330,0" step="2"/><N who="0" m="48201" /><D61/><AGARI ba="1,1" hai="48,52,54,57,58,61,83,87,91,93,94,96,100,107" m="30752,31008" machi="61" ten="30,8000,1" yaku="1,1,7,1,52,2,54,1,53,0" doraHai="35" doraHaiUra="75" who="1" fromWho="0" sc="390,-82,320,92,330,0,0,0" /><INIT seed="1,0,0,2,0,75" ten="308,412,330,0" oya="1" hai0="104,42,35,126,93,43,97,48,52,131,81,85,58" hai1="78,109,114,122,106,120,107,95,92,39,102,89,83" hai2="82,55,36,84,53,80,99,70,77,103,121,61,51" hai3=""/><U45/><N who="1" m="30752" /><U112/><N who="1" m="31264" /><U63/><E63/><V50/><N who="2" m="31008" /><V0/><F0/><T47/><D35/><U90/><E45/><V76/><F36/><T67/><D126/><U59/><E59/><V124/><F124/><T72/><D131/><U127/><E39/><V94/><F70/><T79/><D104/><N who="1" m="39979" /><E127/><V37/><F37/><T60/><REACH who="0" step="1"/><D72/><REACH who="0" ten="298,412,330,0" step="2"/><U96/><E109/><V88/><F61/><T54/><D54/><U117/><E117/><V134/><F134/><T110/><D110/><U129/><E129/><V56/><REACH who="2" step="1"/><F82/><REACH who="2" ten="298,412,320,0" step="2"/><T125/><D125/><U57/><E83/><V130/><F130/><T118/><D118/><U69/><E112/><V49/><F49/><T40/><D40/><U62/><E114/><V3/><F3/><T87/><D87/><U1/><E1/><V74/><F74/><T123/><N who="0" m="31520" /><T119/><D119/><U65/><E62/><V113/><F113/><T111/><D111/><U33/><E33/><V105/><F105/><T68/><D68/><U115/><E115/><V86/><F86/><T116/><D116/><U32/><E32/><V91/><F91/><AGARI ba="0,2" hai="42,43,47,48,52,58,60,67,79,81,85,91,93,97" m="31520" machi="91" ten="30,12000,2" yaku="1,1,7,1,8,1,52,2,54,1,53,0" doraHai="75" doraHaiUra="108" who="0" fromWho="2" sc="298,140,412,0,320,-120,0,0" /><INIT seed="2,0,0,4,3,79" ten="438,412,200,0" oya="2" hai0="78,47,83,123,114,38,69,102,65,49,80,94,33" hai1="73,74,0,132,135,103,108,134,126,50,99,84,113" hai2="41,88,130,42,100,34,66,81,129,77,111,61,85" hai3=""/><V124/><F34/><T86/><N who="0" m="31520" /><T131/><D33/><U75/><E0/><V62/><F124/><T54/><D131/><N who="2" m="50186" /><F100/><T127/><D127/><U35/><E35/><V39/><F111/><T90/><D114/><U52/><E126/><V37/><F42/><T71/><D65/><U46/><E108/><V89/><F62/><T36/><D102/><U59/><E84/><V55/><F55/><T128/><D83/><U45/><REACH who="1" step="1"/><E113/><REACH who="1" ten="438,402,200,0" step="2"/><V44/><F39/><T60/><D128/><U2/><E2/><V95/><F95/><AGARI ba="0,1" hai="45,46,50,52,59,73,74,75,95,99,103,132,134,135" machi="95" ten="50,6400,0" yaku="1,1,20,1,54,1,53,0" doraHai="79" doraHaiUra="70" who="1" fromWho="2" sc="438,0,402,74,200,-64,0,0" /><INIT seed="4,0,0,5,2,124" ten="438,476,136,0" oya="0" hai0="39,34,65,125,0,79,32,86,78,68,81,3,110" hai1="116,71,95,96,67,88,129,126,37,119,120,64,111" hai2="80,69,51,53,93,74,38,42,66,35,99,100,134" hai3=""/><T85/><D125/><U40/><N who="1" m="30752" /><U63/><E126/><V36/><F35/><T107/><D107/><U56/><E111/><V90/><F134/><T59/><D39/><U132/><E132/><V48/><F42/><T127/><D59/><U98/><E129/><V102/><F51/><T112/><D127/><U101/><E64/><V115/><F115/><T83/><D112/><U106/><REACH who="1" step="1"/><E56/><REACH who="1" ten="438,466,136,0" step="2"/><V1/><F66/><T61/><REACH who="0" step="1"/><D110/><REACH who="0" ten="428,466,136,0" step="2"/><U47/><AGARI ba="0,2" hai="37,40,47,63,67,71,88,95,96,98,101,106,116,119" m="30752" machi="47" ten="30,6000,1" yaku="1,1,2,1,0,1,52,1,54,1,53,0" doraHai="124" doraHaiUra="128" who="1" fromWho="1" sc="428,-40,466,80,136,-20,0,0" /><INIT seed="5,0,0,2,1,132" ten="388,546,116,0" oya="1" hai0="54,127,91,109,112,0,110,46,111,92,74,99,94" hai1="134,105,58,64,131,71,87,38,88,113,49,84,76" hai2="128,2,34,120,51,59,1,85,3,129,79,67,93" hai3=""/><U62/><E134/><V52/><N who="2" m="30752" /><V82/><F34/><T95/><D0/><U130/><E113/><V65/><REACH who="2" step="1"/><F93/><REACH who="2" ten="388,546,106,0" step="2"/><T39/><D95/><U53/><E130/><AGARI ba="0,1" hai="1,2,3,51,52,59,65,67,79,82,85,128,129,130" m="30752" machi="130" ten="50,12000,2" yaku="1,1,2,1,19,1,52,1,54,1,53,1" doraHai="132" doraHaiUra="55" who="2" fromWho="1" sc="388,0,546,-120,106,130,0,0" /><INIT seed="6,0,0,1,3,92" ten="388,426,236,0" oya="2" hai0="99,36,87,102,59,48,57,88,77,34,113,94,131" hai1="125,98,60,129,108,133,3,93,118,66,110,0,72" hai2="39,114,119,73,82,127,54,83,37,38,109,67,49" hai3=""/><V103/><F119/><T104/><D34/><U71/><E129/><V95/><F127/><T86/><D131/><U42/><E125/><V132/><F114/><T122/><N who="0" m="31264" /><T62/><D36/><U75/><E42/><V56/><F132/><T111/><D111/><U35/><E35/><V58/><F109/><T124/><D124/><U69/><E133/><V123/><N who="2" m="31520" /><V63/><REACH who="2" step="1"/><F73/><REACH who="2" ten="388,426,226,0" step="2"/><T100/><D113/><U33/><E118/><V101/><F101/><T44/><D102/><U74/><E33/><V1/><F1/><T50/><D62/><U47/><E108/><V85/><F85/><T116/><D116/><U120/><E110/><V84/><F84/><T106/><D106/><U2/><N who="1" m="30752" /><U121/><N who="1" m="31008" /><U64/><E72/><V53/><F53/><T117/><D117/><U91/><E74/><V61/><F61/><T96/><D87/><U43/><E75/><V40/><F40/><T65/><D104/><U134/><E134/><V79/><F79/><T81/><D100/><U70/><REACH who="1" step="1"/><E60/><REACH who="1" ten="388,416,226,0" step="2"/><V97/><AGARI ba="0,2" hai="37,38,39,49,54,56,58,63,67,82,83,95,97,103" m="31520" machi="97" ten="40,8000,1" yaku="1,1,0,1,52,2,53,1" doraHai="92" doraHaiUra="89" who="2" fromWho="2" sc="388,-40,416,-40,226,100,0,0" /><INIT seed="6,1,0,1,0,82" ten="348,376,326,0" oya="2" hai0="34,68,40,81,134,99,67,56,110,123,35,74,49" hai1="83,114,58,51,125,72,1,77,42,43,2,96,38" hai2="105,93,66,3,80,108,76,79,94,103,116,32,111" hai3=""/><V55/><F116/><T118/><N who="0" m="31520" /><T88/><D110/><N who="2" m="42026" /><F32/><T62/><D118/><U54/><E114/><V71/><F3/><T0/><D0/><U130/><E125/><V109/><N who="2" m="42034" /><V84/><DORA hai="65" /><F55/><T87/><D134/><U60/><E38/><V70/><F79/><T59/><D74/><U113/><E113/><V85/><F66/><T57/><REACH who="0" step="1"/><D99/><REACH who="0" ten="338,376,326,0" step="2"/><U119/><E119/><V75/><F70/><T69/><D69/><U126/><E1/><V86/><F71/><T50/><D50/><U37/><E51/><V112/><F112/><T91/><D91/><U41/><E2/><V131/><F131/><T78/><D78/><U63/><E130/><V48/><F48/><T46/><AGARI ba="1,1" hai="34,35,40,46,49,56,57,59,62,67,68,81,87,88" m="31520" machi="46" ten="30,9000,2" yaku="1,1,0,1,52,3,54,1,53,1" doraHai="82,65" doraHaiUra="33,117" who="0" fromWho="0" sc="338,102,376,-31,326,-61,0,0" owari="440,38.0,345,-5.0,265,-33.0,0,0.0" /></mjloggm>