<mjloggm ver="2.3"><GO type="185" lobby="0"/><UN n0="%6B%2D%70%6F%69%6E%74" n1="%E3%81%84%E3%81%AC%E3%82%8F%E3%82%93" n2="%E3%83%9E%E3%83%A4%E3%82%B7%E3%82%B3%E3%82%AC%E3%83%81%E5%8B%A2" n3="" dan="17,16,17,0" rate="2282.83,2217.79,2172.43,1500.00" sx="M,M,M,C"/><TAIKYOKU oya="0"/><INIT seed="0,0,0,1,4,44" ten="350,350,350,0" oya="0" hai0="63,127,48,68,61,46,57,56,133,91,77,70,119" hai1="37,108,42,67,86,123,78,89,52,114,102,71,92" hai2="87,134,99,49,72,81,38,100,2,90,121,40,107" hai3=""/><T97/><D119/><U50/><N who="1" m="31520" /><U135/><E108/><V3/><N who="2" m="31008" /><V39/><F134/><T132/><D77/><U129/><E135/><N who="0" m="51785" /><D91/><U75/><E129/><V124/><F124/><T117/><D97/><U74/><E114/><V131/><F131/><T62/><D117/><U84/><E102/><V82/><F3/><T41/><D127/><U94/><E42/><V112/><F2/><T35/><D35/><U128/><E37/><V120/><N who="2" m="30752" /><V115/><F112/><T93/><D93/><U104/><E104/><V47/><REACH who="2" step="1"/><F115/><REACH who="2" ten="350,350,340,0" step="2"/><T43/><D43/><U126/><E126/><V79/><AGARI ba="0,1" hai="38,39,40,47,49,72,79,81,82,87,90,99,100,107" m="30752,31008" machi="79" ten="30,9000,2" yaku="1,1,2,1,0,1,52,3,53,0" doraHai="44" doraHaiUra="33" who="2" fromWho="2" sc="350,-60,350,-30,340,100,0,0" /><INIT seed="1,0,0,5,2,90" ten="290,320,440,0" oya="1" hai0="34,96,49,64,75,79,115,72,36,102,70,42,110" hai1="95,61,74,130,40,97,73,33,119,52,111,92,109" hai2="127,59,56,91,60,133,0,54,83,88,53,39,58" hai3=""/><U100/><E119/><V76/><F0/><T131/><D115/><U3/><E3/><V124/><F133/><T41/><D36/><U117/><E117/><V107/><F107/><T114/><D114/><U44/><E130/><V67/><F39/><T105/><D34/><U106/><E33/><V63/><F124/><T77/><D70/><U46/><E74/><V69/><F127/><T98/><D64/><U99/><E73/><V1/><F1/><T57/><D131/><U48/><E106/><V85/><REACH who="2" step="1"/><F69/><REACH who="2" ten="290,320,430,0" step="2"/><T101/><D105/><U108/><E61/><AGARI ba="0,1" hai="53,54,56,58,59,60,61,63,67,76,83,85,88,91" machi="61" ten="30,12000,2" yaku="1,1,2,1,7,1,9,1,8,1,54,1,53,0" doraHai="90" doraHaiUra="135" who="2" fromWho="1" sc="290,0,320,-120,430,130,0,0" /><INIT seed="2,0,0,2,2,38" ten="290,200,560,0" oya="2" hai0="134,118,58,133,71,108,131,94,47,69,88,62,110" hai1="100,104,115,128,116,46,84,129,87,90,34,101,121" hai2="36,1,102,3,127,72,113,97,96,63,117,33,55" hai3=""/><V81/><F113/><T54/><D118/><U2/><N who="1" m="31008" /><U37/><E115/><V49/><F117/><T61/><D131/><U76/><E34/><V126/><F36/><T89/><D47/><U111/><E111/><N who="0" m="42537" /><D89/><U60/><E2/><V114/><F63/><T124/><D124/><U43/><E116/><V85/><F72/><T67/><D71/><U123/><N who="1" m="31520" /><U103/><E104/><V79/><F33/><T68/><D68/><U98/><E60/><V32/><F32/><T52/><D54/><U105/><E84/><AGARI ba="0,0" hai="52,58,61,62,67,69,84,88,94,133,134" m="42537" machi="84" ten="30,3900,0" yaku="14,1,54,2" doraHai="38" who="0" fromWho="1" sc="290,39,200,-39,560,0,0,0" /><INIT seed="4,0,0,3,0,111" ten="329,161,560,0" oya="0" hai0="65,124,49,35,95,81,67,117,122,56,2,50,53" hai1="97,78,123,107,133,71,73,99,77,66,86,63,115" hai2="127,85,47,114,94,41,45,0,76,102,101,43,88" hai3=""/><T109/><N who="0" m="31264" /><T121/><N who="0" m="31008" /><T82/><D2/><U61/><N who="1" m="31520" /><U54/><E133/><V46/><F0/><T59/><D117/><U120/><N who="1" m="30752" /><U116/><E116/><V112/><F127/><T80/><D35/><U126/><E126/><V84/><F76/><T104/><D104/><U75/><E86/><V64/><F64/><T69/><D124/><U68/><E54/><V42/><F85/><T128/><D69/><U98/><E107/><V34/><F34/><T37/><D109/><U55/><E55/><V92/><F92/><T79/><D67/><U132/><E132/><V134/><F134/><T39/><D65/><U32/><E98/><V91/><F91/><T125/><D125/><U130/><E66/><V96/><REACH who="2" step="1"/><F84/><REACH who="2" ten="329,161,550,0" step="2"/><T1/><D79/><U74/><E32/><V90/><F90/><T52/><D1/><U100/><E75/><V57/><F57/><T129/><REACH who="0" step="1"/><D95/><REACH who="0" ten="319,161,550,0" step="2"/><U118/><E118/><V113/><AGARI ba="0,2" hai="41,42,43,45,46,47,88,94,96,101,102,112,113,114" machi="113" ten="40,12000,3" yaku="1,1,0,1,29,2,15,1,52,3,54,1,53,1" doraHai="111" doraHaiUra="89" who="2" fromWho="2" sc="319,-80,161,-40,550,140,0,0" /><INIT seed="5,0,0,5,3,46" ten="239,121,690,0" oya="1" hai0="98,42,127,134,101,60,99,41,106,72,62,57,124" hai1="64,40,84,80,93,107,102,49,61,43,109,83,130" hai2="51,74,50,36,69,122,0,89,65,55,1,71,120" hai3=""/><U91/><E130/><V86/><N who="2" m="30752" /><V44/><N who="2" m="31264" /><V96/><F74/><T117/><D72/><U34/><E34/><V112/><F112/><T73/><D73/><U79/><E109/><V77/><F36/><T103/><D134/><U35/><E35/><V104/><F77/><T129/><D129/><U115/><E115/><V70/><F65/><T90/><D90/><U133/><E133/><V52/><F96/><T2/><D2/><U121/><N who="1" m="31008" /><U78/><E107/><V66/><F66/><T94/><D117/><U82/><E102/><V128/><F104/><T54/><REACH who="0" step="1"/><D62/><REACH who="0" ten="229,121,690,0" step="2"/><U95/><E95/><V38/><F128/><T3/><D3/><U75/><E79/><V68/><F38/><T92/><D92/><U87/><E75/><V33/><F33/><T135/><D135/><U114/><E114/><V63/><F63/><T123/><N who="0" m="31520" /><T100/><D100/><U132/><E132/><V39/><F39/><T59/><D59/><U118/><E118/><V76/><F70/><T67/><D67/><U58/><REACH who="1" step="1"/><E40/><AGARI ba="0,1" hai="40,41,42,54,57,60,94,98,99,101,103,106,124,127" m="31520" machi="40" ten="40,2600,0" yaku="1,1,52,1,53,0" doraHai="46" doraHaiUra="110" who="0" fromWho="1" sc="229,36,121,-26,690,0,0,0" /><INIT seed="6,0,0,0,2,93" ten="265,95,690,0" oya="2" hai0="85,48,131,84,64,92,127,113,47,124,1,104,111" hai1="81,110,53,96,94,130,57,32,114,109,80,101,112" hai2="76,52,71,49,82,106,51,103,99,135,128,3,34" hai3=""/><V78/><F34/><T45/><D64/><U41/><E41/><V70/><F3/><T68/><D68/><U2/><E57/><V129/><F135/><T77/><D111/><U102/><E53/><V87/><F78/><T55/><D77/><U115/><E32/><V86/><F86/><T40/><D84/><U105/><E2/><V69/><REACH who="2" step="1"/><F51/><REACH who="2" ten="265,95,680,0" step="2"/><T75/><D85/><U100/><E130/><V120/><N who="2" m="30752" /><V33/><F33/><T59/><D131/><U83/><REACH who="1" step="1"/><E105/><REACH who="1" ten="265,85,680,0" step="2"/><V122/><N who="2" m="31264" /><V44/><AGARI ba="0,2" hai="44,49,52,69,70,71,76,82,87,99,103,106,128,129" m="31264,30752" machi="44" ten="40,16000,3" yaku="1,1,4,1,0,1,52,3,54,1,53,2" doraHai="93" doraHaiUra="119" who="2" fromWho="2" sc="265,-80,85,-80,680,180,0,0" owari="185,-21.0,5,-59.0,860,80.0,0,0.0" /></mjloggm>