<mjloggm ver="2.3"><GO type="169" lobby="0"/><UN n0="%E3%81%84%E3%81%8A%E3%81%84%E3%81%8A" n1="%59%4D" n2="%E8%80%95%E3%81%99%E3%83%9E%E3%82%B7%E3%83%B3" n3="%E9%BA%BB%E9%9B%80%E6%95%99%E5%AE%A4" dan="16,16,16,16" rate="2069.10,2152.34,2063.34,2163.78" sx="M,M,M,M"/><TAIKYOKU oya="0"/><INIT seed="0,0,0,3,5,42" ten="250,250,250,250" oya="0" hai0="91,47,57,103,80,86,55,46,9,131,119,11,64" hai1="13,50,127,25,98,109,45,10,65,19,15,120,121" hai2="14,28,18,43,77,101,30,85,36,26,114,126,23" hai3="69,31,76,40,81,108,63,82,105,130,99,135,38"/><T74/><D119/><U89/><E127/><V41/><F114/><W48/><G82/><T88/><D74/><U107/><E109/><V90/><F126/><W110/><G48/><N who="0" m="30951" /><D64/><U117/><E65/><V71/><F71/><W128/><G135/><T20/><D103/><U95/><E107/><V2/><F2/><W1/><G1/><T44/><D131/><N who="3" m="50217" /><G31/><T115/><D115/><U102/><E102/><V54/><F101/><N who="3" m="62655" /><G69/><T93/><D20/><U6/><E117/><V61/><F30/><W60/><G40/><T70/><D70/><U35/><E25/><V129/><F36/><W125/><G38/><T116/><D116/><U52/><REACH who="1" step="1"/><E35/><REACH who="1" ten="250,240,250,250" step="2"/><V39/><F39/><W21/><G125/><T37/><D37/><U66/><E66/><V32/><F129/><W94/><G110/><T87/><AGARI ba="0,1" hai="9,11,44,46,47,80,86,87,88,91,93" m="30951" machi="87" ten="30,12000,1" yaku="8,1,52,3,54,1" doraHai="42" who="0" fromWho="0" sc="250,130,240,-40,250,-40,250,-40" /><INIT seed="0,1,0,2,2,54" ten="380,200,210,210" oya="0" hai0="116,117,47,89,122,25,56,72,131,82,119,110,68" hai1="123,124,128,63,84,29,19,36,21,15,91,51,70" hai2="55,125,45,134,99,62,79,46,3,28,34,40,23" hai3="0,80,26,4,77,14,133,93,10,24,87,20,33"/><T35/><D122/><U57/><E123/><V88/><F134/><W66/><G133/><T69/><D47/><U49/><E128/><V92/><F125/><W38/><G38/><T7/><D7/><U18/><E124/><V60/><F34/><W73/><G66/><T12/><D12/><U94/><E36/><V37/><F3/><W83/><G93/><T111/><D131/><U22/><E29/><V6/><F6/><W76/><G33/><T27/><D35/><U67/><REACH who="1" step="1"/><E70/><REACH who="1" ten="380,190,210,210" step="2"/><N who="0" m="27241" /><D56/><U100/><E100/><V44/><F28/><W97/><G97/><T107/><D107/><U65/><E65/><V17/><F37/><W132/><G132/><T2/><D2/><U39/><E39/><V74/><F40/><W130/><G130/><T8/><D116/><U120/><E120/><V1/><F1/><W48/><G0/><T103/><D117/><U129/><E129/><V43/><F43/><W86/><G73/><T32/><D119/><U53/><E53/><V115/><F55/><W13/><G48/><T112/><D103/><U16/><E16/><AGARI ba="1,1" hai="4,10,13,14,16,20,24,26,76,77,80,83,86,87" machi="16" ten="40,5200,0" yaku="9,1,8,1,54,1" doraHai="54" who="3" fromWho="1" sc="380,0,190,-55,210,0,210,65" /><INIT seed="1,0,0,5,1,61" ten="380,135,210,275" oya="1" hai0="111,120,128,73,127,130,55,13,116,114,84,113,50" hai1="17,47,97,0,133,58,101,30,12,98,131,4,18" hai2="6,86,23,51,54,77,21,37,108,29,76,63,59" hai3="65,35,88,126,105,82,19,32,95,45,48,100,122"/><U36/><E131/><N who="0" m="50217" /><D116/><U85/><E0/><V34/><F108/><W87/><G122/><T39/><D39/><U22/><E133/><V89/><F37/><W8/><G126/><T68/><D68/><U81/><E30/><V92/><F6/><W70/><G105/><T3/><D3/><U123/><E123/><V75/><F34/><W102/><G35/><T38/><D38/><U40/><E4/><V79/><F29/><W46/><G32/><T52/><D73/><U121/><E121/><V49/><F75/><W43/><G45/><N who="0" m="27727" /><D120/><U1/><E1/><V56/><REACH who="2" step="1"/><F51/><REACH who="2" ten="380,135,200,275" step="2"/><W110/><G110/><T80/><D111/><U103/><E18/><V107/><F107/><W27/><G19/><T117/><D117/><U62/><E101/><V69/><F69/><W93/><G102/><T66/><D127/><U104/><E103/><V115/><F115/><W33/><G100/><T118/><D113/><U26/><E104/><V91/><F91/><W5/><G33/><T83/><D114/><U42/><E26/><V60/><F60/><N who="3" m="40231" /><G27/><T64/><D118/><U124/><E124/><V94/><F94/><W78/><G88/><N who="0" m="51231" /><D80/><U112/><E112/><V132/><F132/><W20/><G95/><T41/><D13/><U25/><E12/><V135/><F135/><W2/><G93/><T119/><D119/><U57/><E25/><V99/><F99/><W10/><G2/><T71/><D71/><U9/><E98/><V96/><F96/><W14/><G5/><T31/><D31/><U44/><E97/><V106/><F106/><W53/><G82/><T15/><D15/><RYUUKYOKU ba="0,1" sc="380,-10,135,-10,200,30,275,-10" hai2="21,23,49,54,56,59,63,76,77,79,86,89,92" /><INIT seed="2,1,1,2,0,29" ten="370,125,230,265" oya="2" hai0="40,117,45,33,93,53,96,98,32,52,69,106,108" hai1="132,47,107,7,63,58,120,37,8,48,46,14,128" hai2="23,104,129,56,102,87,130,31,38,64,13,92,44" hai3="4,81,112,131,126,103,19,135,35,16,91,55,119"/><V83/><F104/><W36/><G119/><T66/><D108/><U41/><E128/><V95/><F38/><W6/><G36/><T43/><D106/><U94/><E132/><V34/><F44/><W20/><G135/><T86/><D86/><U82/><E107/><V24/><F64/><W115/><G103/><T85/><D85/><U17/><E120/><V80/><F56/><W133/><G133/><T109/><D109/><U71/><E71/><V15/><F80/><W60/><G131/><N who="2" m="50185" /><F23/><W18/><G20/><T73/><D73/><U22/><E82/><V90/><F95/><W5/><G126/><T97/><D117/><U127/><E127/><V101/><F102/><W118/><G118/><T0/><D0/><U39/><E47/><V111/><F111/><W30/><G91/><T124/><D124/><U113/><E113/><N who="3" m="43594" /><G81/><T78/><D78/><U59/><E94/><V25/><F25/><N who="3" m="18895" /><G55/><T9/><D9/><U26/><REACH who="1" step="1"/><E59/><REACH who="1" ten="370,115,230,265" step="2"/><V10/><F83/><W21/><G21/><T42/><D45/><U74/><E74/><V28/><F101/><W76/><G60/><T62/><REACH who="0" step="1"/><D93/><REACH who="0" ten="360,115,230,265" step="2"/><U134/><E134/><V27/><F10/><W3/><G76/><T70/><D70/><U2/><E2/><AGARI ba="1,3" hai="2,3,4,5,6,16,18,19" m="18895,43594" machi="2" ten="40,8000,1" yaku="11,1,34,2,52,1,54,1" doraHai="29" who="3" fromWho="1" sc="360,0,115,-83,230,0,265,113" /><INIT seed="3,0,0,5,2,129" ten="360,32,230,378" oya="3" hai0="68,87,131,128,81,60,89,67,94,14,106,76,41" hai1="134,123,101,63,96,9,88,80,113,93,4,122,56" hai2="102,39,40,124,15,79,121,26,84,32,16,132,47" hai3="118,62,17,125,71,24,48,0,45,109,75,38,99"/><W92/><G118/><T53/><D41/><U6/><E113/><V54/><F124/><W35/><G0/><T107/><D14/><U11/><E122/><V119/><F119/><W22/><G125/><T130/><REACH who="0" step="1"/><D53/><REACH who="0" ten="350,32,230,378" step="2"/><U3/><E123/><V25/><F121/><W33/><G38/><T49/><D49/><U120/><E120/><V8/><F102/><W77/><G109/><T74/><AGARI ba="0,1" hai="60,67,68,74,76,81,87,89,94,106,107,128,130,131" machi="74" ten="30,4000,0" yaku="1,1,0,1,19,1,53,0" doraHai="129" doraHaiUra="116" who="0" fromWho="0" sc="350,50,32,-10,230,-10,378,-20" /><INIT seed="4,0,0,5,3,26" ten="400,22,220,358" oya="0" hai0="120,107,46,95,24,69,121,43,129,79,20,30,98" hai1="17,41,99,89,64,66,119,57,91,83,47,49,105" hai2="59,108,112,6,106,36,16,125,58,81,128,13,52" hai3="39,0,38,19,2,78,101,3,122,86,76,100,22"/><T133/><D69/><U62/><E119/><V50/><F108/><W115/><G115/><T54/><D107/><U77/><E66/><V82/><F112/><W21/><G86/><T131/><D79/><U10/><E105/><V92/><F106/><W93/><G93/><T60/><D133/><U110/><E110/><V87/><F36/><W28/><G0/><T11/><D11/><U84/><E99/><V29/><F128/><N who="0" m="49226" /><D54/><U71/><E71/><V97/><F6/><W15/><G15/><T96/><D60/><U14/><REACH who="1" step="1"/><E17/><REACH who="1" ten="400,12,220,358" step="2"/><V37/><F16/><W118/><G19/><T75/><D98/><U48/><E48/><V1/><F97/><W90/><G118/><T94/><D96/><U9/><E9/><V4/><F50/><W135/><G135/><T65/><D65/><U8/><E8/><V123/><F37/><W74/><G38/><N who="0" m="21879" /><D75/><U109/><E109/><V12/><F123/><AGARI ba="0,1" hai="20,24,30,94,95,120,121,123" m="21879,49226" machi="123" ten="30,2900,0" yaku="19,1,52,1" doraHai="26" who="0" fromWho="2" sc="400,39,12,0,220,-29,358,0" /><INIT seed="4,1,0,1,1,83" ten="439,12,191,358" oya="0" hai0="124,86,133,122,102,87,14,109,98,44,85,126,116" hai1="68,73,96,32,55,24,88,31,101,135,70,11,119" hai2="107,36,19,7,21,82,46,22,129,48,30,134,41" hai3="27,77,12,35,132,42,3,54,23,18,99,28,74"/><T17/><D122/><U105/><E119/><V5/><F107/><W79/><G132/><T50/><D109/><U75/><E135/><V15/><F129/><W37/><G74/><T94/><D116/><U123/><E123/><V38/><F134/><W52/><G3/><T39/><D39/><U29/><E29/><V128/><F128/><W131/><G131/><T13/><D133/><U78/><E55/><V58/><F58/><W53/><REACH who="3" step="1"/><G99/><REACH who="3" ten="439,12,191,348" step="2"/><T93/><D93/><U40/><E40/><V80/><F38/><W112/><G112/><T106/><D106/><U60/><E78/><V25/><F36/><W56/><G56/><T89/><D102/><U62/><E11/><V117/><F117/><W33/><G33/><T49/><D44/><AGARI ba="1,1" hai="12,18,23,27,28,35,37,42,44,52,53,54,77,79" machi="44" ten="40,2600,0" yaku="1,1,54,1,53,0" doraHai="83" doraHaiUra="2" who="3" fromWho="0" sc="439,-29,12,0,191,0,348,39" /><INIT seed="5,0,0,0,4,54" ten="410,12,191,387" oya="1" hai0="50,13,77,41,27,8,19,102,12,121,51,109,110" hai1="84,36,21,119,9,55,127,46,56,118,87,17,59" hai2="94,103,44,88,15,129,62,7,5,40,97,124,91" hai3="20,131,34,28,83,24,35,80,43,104,25,95,135"/><U100/><E118/><V123/><F123/><W39/><G104/><T116/><D116/><U52/><E119/><V101/><F124/><W65/><G131/><T10/><D121/><U42/><E127/><V132/><F132/><W3/><G3/><T114/><D114/><U128/><E128/><V63/><F129/><W60/><G135/><T58/><D77/><U26/><E100/><V126/><F126/><W134/><G134/><T98/><D27/><U93/><E93/><V67/><F91/><W31/><G20/><T90/><D90/><U99/><E99/><V71/><F63/><W85/><G95/><T73/><D73/><U4/><E55/><V38/><F101/><W112/><G112/><T78/><D78/><U81/><E81/><V82/><F15/><W11/><G11/><T6/><D51/><U1/><REACH who="1" step="1"/><E59/><REACH who="1" ten="410,2,191,387" step="2"/><V125/><F125/><W96/><G96/><T72/><D58/><U69/><E69/><V49/><F82/><W2/><G85/><T120/><D72/><U18/><E18/><V107/><F38/><W14/><G83/><T32/><D19/><U47/><E47/><V16/><F16/><W108/><G80/><T22/><D6/><U115/><E115/><V75/><F75/><W53/><G39/><T64/><D120/><U111/><E111/><V61/><F107/><W92/><G108/><T0/><D110/><U79/><E79/><V33/><F103/><W106/><G106/><T30/><D109/><U74/><E74/><V48/><F94/><W113/><G113/><T23/><D102/><U70/><E70/><V117/><F71/><RYUUKYOKU ba="0,1" sc="410,-10,2,30,191,-10,387,-10" hai1="1,4,9,17,21,26,36,42,46,52,56,84,87" /><INIT seed="5,1,1,4,4,83" ten="400,32,181,377" oya="1" hai0="126,1,30,106,25,22,94,3,97,40,32,44,108" hai1="42,0,63,135,45,23,48,132,47,65,59,37,131" hai2="113,13,99,39,125,18,128,64,95,27,50,21,124" hai3="68,51,73,7,56,76,33,79,130,112,57,117,110"/><U92/><E0/><V2/><F2/><W35/><G68/><T6/><D108/><U19/><E92/><V86/><F39/><W120/><G110/><T90/><D126/><N who="2" m="48746" /><F128/><W28/><G120/><T115/><D115/><U61/><E19/><V114/><F64/><W118/><G130/><T12/><D106/><U85/><E23/><V16/><F50/><W81/><G112/><N who="2" m="43113" /><F86/><W31/><G7/><T87/><D97/><U102/><E102/><N who="2" m="60799" /><F13/><W52/><G76/><T14/><D14/><U105/><E105/><V123/><F123/><W71/><G71/><T72/><D72/><U133/><E85/><V111/><F111/><W17/><G57/><T29/><D12/><U80/><E80/><V74/><F74/><W96/><G96/><T26/><D6/><U121/><E131/><V119/><F119/><N who="3" m="45579" /><G17/><AGARI ba="1,1" hai="16,17,18,21,27" m="60799,43113,48746" machi="17" ten="30,7700,0" yaku="18,1,15,1,11,1,54,1" doraHai="83" who="2" fromWho="3" sc="400,0,32,0,181,90,377,-80" /><INIT seed="6,0,0,1,2,76" ten="400,32,271,297" oya="2" hai0="93,1,78,134,59,27,3,123,4,13,120,56,119" hai1="79,94,39,107,5,130,118,18,7,31,117,91,55" hai2="54,34,104,110,30,124,8,23,40,29,25,43,57" hai3="22,50,0,41,89,69,60,51,68,47,26,113,64"/><V62/><BYE who="1" /><F124/><W131/><G131/><T121/><D119/><U15/><E15/><V132/><F132/><W111/><G111/><T6/><D78/><U2/><E2/><N who="0" m="521" /><D93/><U61/><E61/><V125/><F125/><W33/><G0/><T87/><D87/><U63/><E63/><V80/><F110/><W24/><G113/><T92/><D92/><U20/><E20/><V12/><F104/><W21/><G89/><T88/><D88/><U49/><E49/><V58/><F57/><N who="0" m="22090" /><D27/><U37/><E37/><V67/><F67/><W103/><G103/><T75/><D13/><U65/><E65/><V46/><F46/><W84/><G84/><T116/><D116/><U9/><E9/><V129/><F30/><W72/><G72/><T105/><D105/><U96/><E96/><V90/><F34/><W17/><G33/><T135/><D75/><U10/><E10/><V77/><F77/><W114/><G114/><T44/><D44/><U71/><E71/><V122/><F122/><W66/><G66/><T98/><D98/><U85/><E85/><N who="2" m="50471" /><F129/><W115/><G115/><T52/><D52/><U109/><E109/><V73/><F73/><W11/><G11/><T102/><D102/><U81/><E81/><V133/><F133/><AGARI ba="0,0" hai="4,6,120,121,123,133,134,135" m="22090,521" machi="133" ten="40,5200,0" yaku="28,2,20,1" doraHai="76" who="0" fromWho="2" sc="400,52,32,0,271,-52,297,0" /><INIT seed="7,0,0,1,0,49" ten="452,32,219,297" oya="3" hai0="32,97,53,108,118,30,80,54,4,111,71,128,51" hai1="47,92,122,40,113,81,35,115,60,110,119,16,79" hai2="94,45,133,43,106,75,129,104,10,42,117,34,29" hai3="26,33,11,6,68,61,64,134,125,131,17,48,24"/><W12/><G125/><T76/><D118/><U25/><E25/><V67/><F117/><W59/><G131/><T22/><D128/><U114/><E114/><V18/><F129/><W15/><G134/><T102/><D71/><U37/><E37/><V23/><F133/><W55/><REACH who="3" step="1"/><G33/><REACH who="3" ten="452,32,219,287" step="2"/><T127/><D32/><U13/><E13/><V84/><F34/><W57/><G57/><T7/><D127/><U74/><E74/><V38/><F75/><W70/><G70/><T130/><D130/><U14/><E14/><V98/><F43/><W69/><G69/><T107/><D111/><U9/><E9/><V124/><F124/><W41/><G41/><T20/><D108/><U72/><E72/><V120/><F120/><W87/><G87/><T58/><D22/><U2/><E2/><V96/><F84/><W65/><G65/><T36/><D20/><U132/><E132/><V28/><F67/><W85/><G85/><T99/><D99/><U31/><E31/><N who="2" m="11851" /><F10/><W89/><G89/><T66/><D97/><U100/><E100/><N who="2" m="60439" /><F98/><W95/><G95/><T27/><D102/><U0/><E0/><V46/><F46/><W82/><G82/><T21/><D80/><U90/><E90/><V1/><F1/><W56/><G56/><T19/><D58/><U126/><E126/><V86/><F86/><W109/><G109/><T44/><D66/><U39/><E39/><V93/><F93/><W121/><G121/><T88/><D36/><U63/><E63/><V73/><F73/><W8/><AGARI ba="0,1" hai="6,8,11,12,15,17,24,26,48,55,59,61,64,68" machi="8" ten="20,12000,1" yaku="1,1,0,1,7,1,52,1,53,1" doraHai="49" doraHaiUra="3" who="3" fromWho="3" sc="452,-40,32,-40,219,-40,287,130" owari="412,21.0,-8,-51.0,179,-22.0,417,52.0" /></mjloggm>