<mjloggm ver="2.3"><GO type="169" lobby="0"/><UN n0="%E3%82%82%E3%82%8A%E3%82%82%E3%82%8A%E3%81%8A%E3%81%AB%E3%81%8E%E3%82%8A" n1="%E3%81%86%E3%81%91%E3%81%AA%E3%81%8C%E3%81%97%E3%81%BE%E3%81%9B%E3%82%93" n2="%E5%8D%97%E6%96%97%E3%82%B7%E3%83%B3" n3="%E3%81%A8%E3%81%B3%E3%81%BE%E3%81%93" dan="16,16,16,17" rate="2140.37,2116.51,2085.29,2197.82" sx="M,F,M,M"/><TAIKYOKU oya="0"/><INIT seed="0,0,0,1,0,7" ten="250,250,250,250" oya="0" hai0="29,115,88,48,105,113,43,18,123,53,117,98,42" hai1="79,46,10,125,124,6,84,101,108,45,94,31,126" hai2="32,66,131,13,36,64,27,90,8,1,59,49,127" hai3="99,30,65,68,110,82,96,9,5,100,35,80,50"/><T104/><D117/><U120/><E120/><V2/><F36/><W58/><G110/><T86/><D123/><U91/><E108/><V37/><F37/><W21/><G68/><T72/><D72/><U34/><E34/><V54/><F131/><W112/><G35/><T20/><D29/><U109/><E109/><V81/><F127/><W119/><G112/><T60/><D60/><U14/><E31/><V28/><F1/><W114/><G114/><T74/><D74/><U15/><E79/><V62/><F2/><W103/><G119/><T26/><D113/><U61/><E101/><V4/><F81/><W135/><G135/><T39/><D115/><U89/><E61/><V12/><F90/><W106/><G21/><T78/><D78/><U134/><E134/><V87/><F87/><W0/><G30/><T128/><D128/><U95/><REACH who="1" step="1"/><E15/><REACH who="1" ten="250,240,250,250" step="2"/><V107/><F107/><W41/><G65/><T102/><D105/><U92/><E92/><V69/><F13/><W44/><G58/><T121/><D121/><U51/><E51/><V56/><REACH who="2" step="1"/><F66/><REACH who="2" ten="250,240,240,250" step="2"/><W76/><G76/><T25/><D39/><U83/><E83/><V97/><F97/><AGARI ba="0,2" hai="6,10,14,45,46,84,89,91,94,95,97,124,125,126" machi="97" ten="40,5200,0" yaku="1,1,18,1,52,1,53,0" doraHai="7" doraHaiUra="116" who="1" fromWho="2" sc="250,0,240,72,240,-52,250,0" /><INIT seed="1,0,0,2,0,58" ten="250,312,188,250" oya="1" hai0="22,120,93,95,116,83,69,24,53,81,57,30,4" hai1="54,7,44,132,17,26,91,73,31,14,19,123,98" hai2="124,135,78,130,86,131,27,75,3,29,63,65,6" hai3="117,115,102,49,129,55,43,108,105,100,60,41,134"/><U109/><E123/><V56/><F75/><W126/><G115/><T85/><D116/><U82/><E73/><V118/><F118/><W0/><G117/><T10/><D69/><U11/><E132/><V1/><F135/><W15/><G134/><T45/><D45/><U125/><E125/><V20/><F124/><W47/><G0/><T39/><D39/><U35/><E109/><V13/><F78/><W113/><G113/><T34/><D34/><U25/><E25/><V74/><F74/><W80/><G126/><T12/><D120/><U64/><E64/><V128/><REACH who="2" step="1"/><F86/><REACH who="2" ten="250,312,178,250" step="2"/><W5/><G108/><T8/><D8/><AGARI ba="0,1" hai="1,3,6,8,13,20,27,29,56,63,65,128,130,131" machi="8" ten="40,12000,2" yaku="1,1,2,1,19,1,52,1,53,3" doraHai="58" doraHaiUra="127" who="2" fromWho="0" sc="250,-120,312,0,178,130,250,0" /><INIT seed="2,0,0,2,1,54" ten="130,312,308,250" oya="2" hai0="45,53,23,11,127,88,112,38,132,78,114,58,71" hai1="121,17,90,29,94,108,16,96,25,100,95,72,35" hai2="37,85,56,61,0,97,8,42,1,18,52,126,120" hai3="6,4,12,47,75,68,74,133,60,27,57,102,20"/><V64/><F120/><W122/><G122/><T79/><D71/><U131/><E121/><V43/><F126/><W62/><G133/><T55/><D127/><U115/><E115/><V77/><F0/><W117/><G117/><T69/><D69/><U50/><E72/><V44/><F97/><W9/><G102/><T118/><D132/><U99/><E108/><V65/><F42/><W83/><G6/><T28/><D118/><U106/><E131/><V5/><REACH who="2" step="1"/><F18/><REACH who="2" ten="130,312,298,250" step="2"/><W80/><G4/><T41/><D114/><U51/><E106/><V15/><F15/><W107/><G12/><T63/><D112/><U7/><E7/><V93/><F93/><W86/><G107/><T40/><D40/><U34/><E17/><V110/><F110/><W30/><G80/><AGARI ba="0,1" hai="1,5,8,37,43,44,52,56,61,64,65,77,80,85" machi="80" ten="40,7700,0" yaku="1,1,52,1,54,1,53,0" doraHai="54" doraHaiUra="91" who="2" fromWho="3" sc="130,0,312,0,298,87,250,-77" /><INIT seed="2,1,0,0,3,98" ten="130,312,385,173" oya="2" hai0="20,77,42,39,54,85,9,116,71,135,23,101,50" hai1="119,31,41,94,91,6,26,107,3,126,5,110,123" hai2="68,133,104,117,100,130,24,129,73,90,74,124,40" hai3="45,96,11,57,7,105,93,67,108,36,22,132,122"/><V89/><F40/><W28/><G122/><T58/><D135/><U125/><E119/><V114/><F24/><W33/><G132/><T19/><D116/><U53/><E123/><V88/><F68/><W18/><G108/><T118/><D118/><U95/><E107/><V61/><F61/><W72/><G72/><N who="2" m="27753" /><F117/><W106/><G28/><T17/><D71/><U10/><E110/><V121/><F121/><W25/><G33/><T55/><D9/><U92/><E6/><V120/><F120/><W84/><G84/><T48/><D39/><U56/><E41/><V60/><F60/><W109/><G109/><T4/><D42/><U21/><E91/><V8/><F8/><W87/><G87/><T70/><D70/><U44/><REACH who="1" step="1"/><E44/><REACH who="1" ten="130,302,385,173" step="2"/><V64/><F133/><W115/><G45/><T32/><D4/><U43/><E43/><V79/><F104/><W78/><G115/><T81/><D32/><U65/><E65/><V0/><F64/><W127/><G36/><T29/><D101/><U103/><E103/><V27/><F100/><N who="3" m="60431" /><G78/><T99/><D77/><U16/><E16/><V80/><F114/><W30/><G18/><T131/><D19/><U13/><E13/><V59/><F79/><W128/><G128/><T47/><D131/><U63/><AGARI ba="1,1" hai="3,5,10,21,26,31,53,56,63,92,94,95,125,126" machi="63" ten="30,2000,0" yaku="1,1,0,1,53,0" doraHai="98" doraHaiUra="66" who="1" fromWho="1" sc="130,-6,302,33,385,-11,173,-6" /><INIT seed="3,0,0,1,5,113" ten="124,335,374,167" oya="3" hai0="122,78,89,62,28,60,116,26,11,121,44,63,80" hai1="108,18,127,58,61,42,134,14,2,9,101,95,6" hai2="124,117,97,81,71,106,64,40,82,135,38,68,12" hai3="66,10,70,55,91,105,15,115,1,90,126,74,69"/><W110/><G115/><T47/><D89/><U0/><E108/><V133/><F12/><W4/><G74/><T30/><D11/><U36/><E134/><N who="2" m="51211" /><F124/><W8/><G105/><T23/><D28/><U72/><E72/><V46/><F117/><W29/><G126/><T13/><D13/><U5/><E36/><V85/><F64/><W112/><G112/><T25/><D25/><U76/><E42/><V114/><F114/><W107/><G107/><T7/><D7/><U53/><E76/><N who="2" m="46247" /><F82/><W48/><G29/><T99/><D116/><U19/><E127/><V59/><F59/><W34/><G34/><T118/><D118/><U33/><E33/><V130/><F130/><W88/><G66/><T31/><D31/><U20/><E2/><V50/><F38/><W51/><G110/><T92/><D121/><U79/><E79/><V83/><F83/><W111/><G111/><T125/><D122/><U84/><E0/><V93/><F106/><W87/><G87/><T119/><D119/><U94/><E94/><V109/><F109/><W39/><G39/><T22/><D125/><U120/><E120/><V21/><F21/><W73/><G73/><N who="0" m="43087" /><D22/><U57/><E57/><V100/><AGARI ba="0,0" hai="40,46,50,68,71,93,97,100" m="46247,51211" machi="100" ten="30,1100,0" yaku="20,1" doraHai="113" who="2" fromWho="2" sc="124,-3,335,-3,374,11,167,-5" /><INIT seed="4,0,0,2,0,49" ten="121,332,385,162" oya="0" hai0="126,86,56,131,102,127,40,58,133,115,60,125,26" hai1="123,128,19,122,130,108,113,94,69,45,32,1,107" hai2="62,20,85,71,2,78,135,66,36,35,96,22,105" hai3="29,23,120,95,51,129,8,59,76,30,110,31,73"/><T89/><D115/><U37/><RYUUKYOKU type="yao9" ba="0,0" sc="121,0,332,0,385,0,162,0" hai1="1,19,32,37,45,69,94,107,108,113,122,123,128,130" /><INIT seed="4,1,0,4,4,109" ten="121,332,385,162" oya="0" hai0="97,47,102,24,28,77,107,35,32,13,37,18,19" hai1="40,2,87,46,53,38,20,113,59,27,133,134,39" hai2="130,118,68,54,64,65,126,78,72,11,57,43,122" hai3="85,42,69,106,49,112,48,55,61,115,117,79,51"/><T63/><D35/><U104/><E104/><V8/><F122/><W128/><G106/><T58/><D77/><U105/><E105/><V22/><F126/><W114/><G117/><T5/><D5/><U70/><E2/><V71/><F118/><W108/><G108/><T33/><D33/><U83/><E70/><V129/><F43/><W99/><G128/><N who="2" m="49257" /><F22/><W45/><G99/><T95/><D107/><U66/><E66/><N who="2" m="25707" /><F78/><W52/><G69/><N who="2" m="26697" /><F72/><W125/><G125/><T100/><D100/><U110/><E39/><V23/><F23/><W9/><G9/><T17/><D37/><U81/><E27/><V34/><F34/><W30/><G30/><T101/><D101/><U124/><E20/><V98/><F98/><W31/><G31/><T86/><D86/><U0/><E0/><V60/><AGARI ba="1,0" hai="8,11,54,57,60" m="26697,25707,49257" machi="60" ten="40,1500,0" yaku="19,1" doraHai="109" who="2" fromWho="2" sc="121,-8,332,-5,385,18,162,-5" /><INIT seed="5,0,0,1,2,9" ten="113,327,403,157" oya="1" hai0="103,6,102,97,30,127,47,72,74,111,10,35,121" hai1="5,32,27,40,48,112,113,122,100,12,65,114,14" hai2="15,120,125,1,70,126,101,4,63,104,56,123,34" hai3="58,95,57,80,69,87,21,67,92,36,117,84,8"/><U62/><E122/><V78/><F78/><W11/><G36/><T53/><D111/><U26/><E5/><V68/><F1/><W22/><G69/><N who="2" m="26729" /><F34/><W54/><G54/><T83/><D121/><U24/><E32/><V94/><F104/><W25/><G117/><T0/><D127/><N who="2" m="48650" /><F94/><W28/><G80/><T91/><D83/><U75/><E75/><V66/><F101/><W77/><G25/><T108/><D108/><U29/><E29/><V130/><F130/><W51/><G51/><T86/><D102/><U73/><E100/><V60/><F63/><W115/><G115/><T20/><D35/><U19/><E19/><V88/><F88/><W116/><G116/><T37/><D30/><U59/><E73/><V43/><F43/><W33/><G28/><T52/><D72/><U31/><E31/><V132/><F132/><W55/><G33/><T99/><D74/><U50/><REACH who="1" step="1"/><E40/><REACH who="1" ten="113,317,403,157" step="2"/><V105/><F105/><W71/><G77/><T2/><D103/><U134/><E134/><V96/><F4/><W98/><G98/><T110/><D99/><U46/><E46/><V107/><F96/><W106/><G106/><T109/><D97/><U64/><E64/><V38/><F107/><W76/><G67/><T85/><D110/><U41/><E41/><V45/><F45/><W129/><G95/><T42/><D109/><U89/><E89/><V61/><F123/><W49/><G92/><N who="0" m="54383" /><D86/><U44/><E44/><V119/><F66/><W133/><G84/><T17/><D2/><U3/><E3/><V13/><F120/><W82/><G87/><T135/><D135/><RYUUKYOKU ba="0,1" sc="113,15,317,15,403,-15,157,-15" hai0="0,6,10,17,20,37,42,47,52,53" hai1="12,14,24,26,27,48,50,59,62,65,112,113,114" /><INIT seed="5,1,1,4,1,71" ten="128,332,388,142" oya="1" hai0="47,87,131,49,81,9,117,120,13,18,77,101,91" hai1="26,80,11,52,21,34,73,130,76,66,60,2,72" hai2="93,45,28,119,121,62,59,70,31,19,108,97,20" hai3="79,85,39,128,17,113,112,30,86,42,122,27,14"/><U114/><E34/><V22/><F108/><W68/><G122/><T98/><D131/><U75/><E130/><V84/><F119/><W53/><G128/><T95/><D120/><U110/><E110/><V100/><F70/><W103/><G68/><T23/><D117/><U125/><E66/><N who="2" m="39263" /><F121/><W8/><G103/><T88/><REACH who="0" step="1"/><D9/><REACH who="0" ten="118,332,388,142" step="2"/><U111/><E111/><V50/><F22/><N who="3" m="15735" /><G79/><T74/><D74/><U132/><E75/><V41/><F84/><W133/><G133/><T92/><D92/><U61/><E73/><V54/><F41/><AGARI ba="1,2" hai="13,18,23,41,47,49,77,81,87,88,91,95,98,101" machi="41" ten="30,7700,0" yaku="1,1,7,1,8,1,54,1,53,0" doraHai="71" doraHaiUra="0" who="0" fromWho="2" sc="118,100,332,0,388,-80,142,0" /><INIT seed="6,0,0,5,4,129" ten="218,332,308,142" oya="2" hai0="109,14,69,126,10,21,82,119,71,74,5,79,93" hai1="130,29,106,26,20,35,108,46,61,39,50,23,92" hai2="104,78,84,89,95,77,123,103,112,105,59,52,7" hai3="22,40,45,87,42,49,63,80,28,34,88,115,127"/><V41/><F123/><W33/><G127/><T24/><D109/><U102/><E108/><V75/><F112/><W124/><G115/><T114/><D114/><U30/><E130/><V70/><F70/><W31/><G124/><T62/><D126/><U133/><E106/><V57/><F41/><W132/><G132/><T44/><D119/><U128/><E39/><V0/><F59/><W60/><G34/><T86/><D62/><U48/><E133/><V19/><F19/><W100/><G33/><T131/><D131/><U99/><E128/><V18/><F18/><W9/><G100/><T83/><D93/><U8/><E8/><V90/><F75/><W32/><G32/><T81/><D81/><U67/><E35/><V43/><F43/><W11/><G42/><T122/><D44/><U101/><E101/><V16/><F16/><W53/><G60/><T73/><D73/><U118/><E46/><V107/><F103/><W54/><G40/><T6/><D6/><U12/><E118/><V13/><F13/><W47/><G63/><T4/><D4/><U91/><E12/><V116/><F90/><W96/><G96/><T37/><D122/><U110/><E91/><V98/><F98/><W111/><G111/><T134/><D134/><U25/><E110/><V94/><F94/><W97/><G97/><T17/><D37/><U15/><E15/><V76/><F116/><W1/><G1/><T65/><D65/><U27/><E27/><V64/><F64/><W51/><REACH who="3" step="1"/><G22/><REACH who="3" ten="218,332,308,132" step="2"/><T66/><D66/><U2/><E2/><V38/><F0/><W56/><G56/><AGARI ba="0,1" hai="20,23,25,26,29,30,48,50,56,61,67,92,99,102" machi="56" ten="30,12000,2" yaku="6,1,7,1,9,1,25,2,8,1" doraHai="129" who="1" fromWho="3" sc="218,0,332,130,308,0,132,-120" /><INIT seed="7,0,0,5,5,23" ten="218,462,308,12" oya="3" hai0="95,81,16,102,26,70,127,33,101,94,123,121,133" hai1="19,119,28,60,14,99,96,106,73,52,75,110,124" hai2="118,51,86,57,41,126,117,20,65,80,38,22,17" hai3="122,47,2,62,76,67,134,120,68,98,59,37,35"/><W25/><G134/><T100/><D133/><U72/><E110/><V74/><F74/><W29/><G59/><T115/><D70/><U113/><E28/><V6/><F126/><W8/><G76/><T84/><D127/><U53/><E124/><V109/><F109/><W88/><G88/><N who="0" m="51215" /><D33/><U135/><E113/><V79/><F38/><W40/><REACH who="3" step="1"/><G98/><REACH who="3" ten="218,462,308,2" step="2"/><T129/><D115/><U69/><E99/><V128/><F57/><W132/><G132/><T125/><D125/><U130/><E96/><V0/><F79/><W111/><G111/><T64/><D123/><U61/><E135/><V39/><F80/><W56/><G56/><T89/><D121/><U49/><E75/><V90/><F90/><W87/><G87/><T77/><D77/><U58/><E73/><V18/><F86/><W13/><G13/><T131/><D89/><U3/><E72/><V30/><F117/><W36/><G36/><T50/><D100/><U5/><E119/><V12/><F39/><W11/><G11/><T116/><D101/><U21/><E14/><V32/><F118/><W112/><G112/><T27/><D102/><U10/><E10/><V91/><F12/><W78/><G78/><T92/><D116/><U108/><E108/><V42/><F91/><W7/><AGARI ba="0,1" hai="2,7,8,25,29,35,37,40,47,62,67,68,120,122" machi="7" ten="30,12000,1" yaku="1,1,0,1,23,2,52,1,53,0" doraHai="23" doraHaiUra="9" who="3" fromWho="3" sc="218,-40,462,-40,308,-40,2,130" /><INIT seed="7,1,0,2,3,27" ten="178,422,268,132" oya="3" hai0="81,36,28,72,46,56,10,11,21,112,4,41,91" hai1="135,23,37,61,49,33,69,35,42,126,64,98,34" hai2="134,118,9,18,77,79,99,32,58,26,108,1,48" hai3="109,7,92,119,120,115,55,31,65,20,117,103,88"/><W8/><G120/><T44/><D112/><U132/><E126/><V19/><F108/><W13/><G115/><T47/><D11/><U60/><E61/><V114/><F118/><W45/><G109/><T57/><D57/><U25/><E49/><V133/><F99/><W54/><G65/><T12/><D56/><U131/><E131/><V127/><F127/><W101/><G119/><T59/><D59/><U113/><E113/><V53/><F79/><W96/><G117/><T62/><D62/><U90/><E90/><V63/><F77/><W14/><G45/><T70/><D70/><U24/><E98/><V3/><F63/><W100/><G14/><T110/><D110/><U52/><E52/><V38/><F38/><W82/><REACH who="3" step="1"/><G82/><REACH who="3" ten="178,422,268,122" step="2"/><T43/><D36/><U0/><E37/><V129/><F114/><W5/><G5/><T40/><D47/><U80/><E80/><V86/><F129/><W71/><G71/><T51/><D46/><U83/><E83/><V107/><F1/><W104/><G104/><T102/><D41/><U106/><E106/><V15/><F107/><W76/><G76/><T85/><D40/><U16/><E0/><V89/><F3/><W73/><G73/><T50/><D72/><U74/><E74/><V17/><F134/><N who="1" m="51241" /><E42/><V30/><F133/><W78/><G78/><T22/><D44/><U29/><AGARI ba="1,1" hai="16,23,24,25,29,33,34,35,60,64,69" m="51241" machi="29" ten="30,4000,0" yaku="20,1,52,1,54,1" doraHai="27" who="1" fromWho="1" sc="178,-11,422,53,268,-11,122,-21" owari="167,-23.0,475,57.0,257,6.0,101,-40.0" /></mjloggm>