<mjloggm ver="2.3"><GO type="185" lobby="0"/><UN n0="%6B%6F%7A" n1="%E3%82%8C%E3%81%99%E3%81%93" n2="%E3%81%9D%E3%81%86%E3%81%A1%E3%82%87" n3="" dan="16,17,17,0" rate="2130.93,2265.42,2222.98,1500.00" sx="M,F,F,C"/><TAIKYOKU oya="0"/><INIT seed="0,0,0,2,5,107" ten="350,350,350,0" oya="0" hai0="76,88,118,56,58,93,32,110,119,134,66,68,55" hai1="47,41,104,57,1,132,86,72,108,51,48,98,87" hai2="127,75,89,126,85,102,116,121,114,54,73,123,97" hai3=""/><T50/><D32/><U79/><E1/><V133/><F54/><T42/><D134/><U111/><E132/><V0/><F0/><T3/><D3/><U39/><E104/><V67/><F67/><T94/><D110/><N who="1" m="42027" /><E98/><V74/><F114/><T81/><D42/><U106/><E106/><V90/><F116/><T62/><D68/><U53/><E48/><V113/><F113/><T83/><D93/><U109/><N who="1" m="42035" /><U63/><DORA hai="43" /><E63/><V33/><F33/><T99/><REACH who="0" step="1"/><D81/><AGARI ba="0,0" hai="39,41,47,51,53,57,72,79,81,86,87" m="42035" machi="81" ten="40,5200,0" yaku="14,1,52,2" doraHai="107,43" who="1" fromWho="0" sc="350,-52,350,52,350,0,0,0" /><INIT seed="1,0,0,2,5,76" ten="298,402,350,0" oya="1" hai0="68,126,34,94,66,120,104,131,115,93,70,125,95" hai1="83,71,49,107,91,3,55,37,35,132,123,57,61" hai2="114,99,79,111,124,119,47,63,135,62,100,59,32" hai3=""/><U60/><N who="1" m="31520" /><U116/><E116/><V87/><F119/><T75/><N who="0" m="30752" /><T50/><D115/><U42/><E3/><V72/><F32/><T78/><D34/><U73/><E35/><V96/><F114/><T109/><D109/><U88/><E107/><V81/><F111/><T77/><D131/><U80/><E37/><V90/><F124/><T122/><N who="0" m="31264" /><T54/><D104/><U110/><E110/><V52/><F135/><T74/><D66/><U46/><E132/><V102/><F47/><T53/><D94/><U40/><E73/><V103/><REACH who="2" step="1"/><F63/><REACH who="2" ten="298,402,340,0" step="2"/><N who="1" m="24137" /><E71/><V84/><F84/><T97/><D97/><U128/><E128/><V0/><F0/><T85/><D85/><U41/><E46/><V36/><F36/><T112/><D112/><U48/><E48/><AGARI ba="0,1" hai="48,50,53,54,68,70,74,75,77,78,93,95,125,126" m="31264,30752" machi="48" ten="25,6400,0" yaku="22,2,52,2" doraHai="76" who="0" fromWho="1" sc="298,74,402,-64,340,0,0,0" /><INIT seed="2,0,0,0,2,73" ten="372,338,340,0" oya="2" hai0="111,98,48,33,56,93,32,99,37,119,62,78,76" hai1="122,0,35,94,3,45,88,36,84,81,66,74,53" hai2="34,105,132,118,127,55,133,61,71,75,101,1,57" hai3=""/><V114/><RYUUKYOKU type="yao9" ba="0,0" sc="372,0,338,0,340,0,0,0" hai2="1,34,55,57,61,71,75,101,105,114,118,127,132,133" /><INIT seed="2,1,0,3,3,72" ten="372,338,340,0" oya="2" hai0="34,100,102,106,37,122,97,119,125,36,92,55,104" hai1="128,81,83,90,117,1,64,40,86,60,88,99,53" hai2="33,94,87,131,43,61,89,62,54,82,91,66,73" hai3=""/><V51/><F131/><T84/><N who="0" m="31264" /><T38/><D119/><U41/><E1/><V2/><F2/><T77/><D34/><U56/><E128/><V48/><F33/><T107/><D125/><U44/><E117/><V109/><F109/><T115/><D115/><U133/><E133/><V108/><F108/><T42/><D55/><U49/><E99/><V103/><F103/><T46/><REACH who="0" step="1"/><D100/><REACH who="0" ten="362,338,340,0" step="2"/><U121/><N who="1" m="31008" /><U132/><E132/><V116/><F116/><T39/><D39/><U75/><E75/><V110/><F110/><T65/><D65/><U129/><E129/><V123/><N who="2" m="31520" /><V3/><F3/><T32/><D32/><U130/><E130/><V52/><F73/><T113/><D113/><U0/><E0/><V59/><F66/><T70/><D70/><U76/><E76/><V124/><F124/><T79/><D79/><U105/><E105/><V35/><F35/><T85/><D85/><AGARI ba="1,1" hai="40,41,44,49,53,56,60,64,81,83,85,86,88,90" m="31008" machi="85" ten="40,8000,1" yaku="9,1,8,1,52,1,54,1" doraHai="72" who="1" fromWho="0" sc="362,-82,338,92,340,0,0,0" /><INIT seed="4,0,0,4,0,67" ten="280,430,340,0" oya="0" hai0="124,121,37,56,97,43,93,52,107,48,0,92,74" hai1="69,3,95,112,101,49,106,62,129,66,126,130,114" hai2="111,33,53,110,78,83,32,94,71,60,39,86,70" hai3=""/><T99/><N who="0" m="31008" /><T131/><D0/><U127/><E3/><V75/><F39/><T135/><D131/><N who="1" m="50187" /><E106/><V72/><F111/><T100/><D135/><U122/><N who="1" m="31264" /><U57/><E101/><V125/><F110/><T119/><D119/><U98/><E95/><V79/><F125/><N who="1" m="47625" /><E98/><V42/><F94/><T89/><D124/><U58/><E49/><V117/><F117/><T84/><D74/><U46/><E46/><V76/><F75/><T54/><D54/><U108/><E108/><V1/><F53/><T81/><REACH who="0" step="1"/><D97/><REACH who="0" ten="270,430,340,0" step="2"/><U40/><E40/><V116/><F42/><T51/><D51/><U35/><E35/><V134/><F72/><T59/><D59/><AGARI ba="0,1" hai="57,58,59,62,66,69,112,114" m="47625,31264,50187" machi="59" ten="40,12000,2" yaku="19,1,18,1,34,2,52,2" doraHai="67" who="1" fromWho="0" sc="270,-120,430,130,340,0,0,0" /><INIT seed="5,0,0,3,2,126" ten="150,560,340,0" oya="1" hai0="90,118,83,40,63,59,84,32,41,135,80,121,86" hai1="55,54,128,103,69,115,81,75,96,78,0,51,49" hai2="108,79,36,82,101,37,113,64,104,76,52,92,109" hai3=""/><U94/><E0/><V110/><F113/><T44/><N who="0" m="31008" /><T47/><D135/><U33/><E115/><V91/><F64/><T71/><D71/><U67/><E33/><V119/><F119/><T74/><D74/><U56/><E67/><V111/><N who="2" m="27648" /><DORA hai="93" /><V127/><F127/><T68/><D68/><U85/><E69/><V134/><F134/><T114/><D114/><U116/><E116/><V73/><F79/><T50/><D118/><U123/><N who="1" m="31520" /><U131/><REACH who="1" step="1"/><E75/><REACH who="1" ten="150,550,340,0" step="2"/><V60/><F73/><T95/><D32/><U77/><E77/><V53/><F76/><T62/><D59/><AGARI ba="0,1" hai="49,51,54,55,56,59,78,81,85,94,96,103,128,131" m="31520" machi="59" ten="40,18000,2" yaku="1,1,9,1,52,4,53,1" doraHai="126,93" doraHaiUra="97,122" who="1" fromWho="0" sc="150,-180,550,190,340,0,0,0" owari="-30,-63.0,740,69.0,340,-6.0,0,0.0" /></mjloggm>