<mjloggm ver="2.3"><GO type="169" lobby="0"/><UN n0="%E3%81%94%E3%82%8B%E3%81%AF%E3%82%80%33%30" n1="%7A%6B%75%72%74" n2="%3E%5F%30%40%E6%9D%8F%E6%9D%8F%E8%BB%8D%E5%9C%98" n3="%E6%B9%98%E5%8C%97%E2%91%AD%E4%B8%89%E4%BA%95%E5%AF%BF" dan="17,16,16,16" rate="2169.79,2142.58,2161.45,2160.95" sx="F,M,F,M"/><TAIKYOKU oya="0"/><INIT seed="0,0,0,0,4,24" ten="250,250,250,250" oya="0" hai0="114,8,47,17,73,60,132,116,119,125,42,133,130" hai1="87,34,12,33,46,29,118,19,43,0,112,37,62" hai2="83,21,78,122,50,97,100,75,61,92,103,20,66" hai3="134,48,36,49,44,81,5,55,82,39,79,52,84"/><T7/><D114/><U95/><E118/><V93/><F122/><W98/><G134/><N who="0" m="51819" /><D130/><U38/><E0/><V16/><F50/><W80/><G5/><T120/><D120/><U135/><E135/><V77/><F78/><W41/><G98/><T131/><D131/><U91/><E112/><V109/><F109/><W59/><REACH who="3" step="1"/><G39/><REACH who="3" ten="250,250,250,240" step="2"/><T108/><D108/><U10/><E38/><V101/><F97/><W106/><G106/><T11/><D7/><U86/><E37/><V53/><F53/><W26/><G26/><T28/><D116/><U121/><E121/><V115/><F115/><W89/><G89/><T88/><D119/><U67/><E91/><V68/><REACH who="2" step="1"/><F20/><REACH who="2" ten="250,250,240,240" step="2"/><W4/><G4/><T1/><D125/><U25/><E34/><V57/><F57/><AGARI ba="0,2" hai="36,41,44,48,49,52,55,57,59,79,80,81,82,84" machi="57" ten="30,7700,0" yaku="1,1,7,1,9,1,54,1,53,0" doraHai="24" doraHaiUra="23" who="3" fromWho="2" sc="250,0,250,0,240,-77,240,97" /><INIT seed="1,0,0,0,5,84" ten="250,250,163,337" oya="1" hai0="7,94,109,56,2,81,1,71,121,61,100,67,52" hai1="80,10,27,103,70,91,111,131,119,64,129,120,112" hai2="104,102,36,135,68,48,79,23,66,57,85,51,46" hai3="69,77,82,34,54,97,6,38,33,110,124,25,26"/><U41/><E112/><V8/><F135/><W118/><G38/><T98/><D109/><U45/><E119/><V30/><F104/><W60/><G118/><T53/><D121/><U113/><E113/><V132/><F102/><W47/><G110/><T128/><D128/><U92/><E111/><V123/><F123/><W117/><G117/><T18/><D7/><U50/><E120/><V115/><F115/><W49/><G124/><T44/><D44/><U40/><E103/><V125/><F125/><W14/><G34/><T116/><D116/><U95/><E40/><V75/><F75/><W29/><G97/><T96/><D81/><U88/><E80/><V59/><F8/><W13/><G26/><T101/><D18/><U108/><E108/><V122/><F132/><W130/><G130/><N who="1" m="49674" /><E10/><V76/><F36/><W32/><G32/><T73/><D73/><U20/><E70/><V55/><F68/><W19/><G6/><T15/><D15/><U87/><E64/><V93/><F66/><W114/><G114/><T4/><D4/><U16/><E91/><N who="2" m="53487" /><F122/><W28/><G28/><T106/><REACH who="0" step="1"/><D53/><REACH who="0" ten="240,250,163,337" step="2"/><U17/><E95/><V39/><F46/><W35/><G19/><AGARI ba="0,1" hai="16,17,19,20,27,41,45,50,87,88,92" m="49674" machi="19" ten="30,11600,0" yaku="19,1,52,1,54,2" doraHai="84" who="1" fromWho="3" sc="240,0,250,126,163,0,337,-116" /><INIT seed="1,1,0,0,3,106" ten="240,376,163,221" oya="1" hai0="7,51,11,118,119,14,85,40,90,73,33,88,107" hai1="6,76,26,86,102,92,57,46,41,83,93,18,27" hai2="24,13,25,135,69,17,130,42,66,10,44,87,82" hai3="55,29,32,115,103,100,110,23,113,0,80,67,120"/><U39/><E6/><V61/><F130/><W96/><G32/><T59/><D107/><U75/><E102/><V5/><F17/><W117/><G0/><T112/><D112/><U16/><E57/><V129/><F135/><W126/><G120/><T98/><D33/><U58/><E58/><V28/><F28/><W91/><G67/><T101/><D73/><U68/><E68/><V54/><F54/><W35/><G35/><T22/><D22/><U64/><E64/><V132/><F129/><W52/><G110/><T109/><D109/><U63/><E63/><V34/><F34/><W2/><G2/><T19/><D7/><U4/><E4/><V71/><F69/><W48/><G126/><T45/><D59/><U134/><E134/><V123/><F123/><W111/><G111/><T104/><REACH who="0" step="1"/><D90/><REACH who="0" ten="230,376,163,221" step="2"/><U43/><E75/><V94/><F132/><W3/><G115/><T53/><D53/><U49/><E27/><V21/><F21/><W56/><G113/><T70/><D70/><U79/><E79/><V131/><F131/><W97/><G55/><T116/><D116/><U121/><E121/><V108/><F108/><W127/><G117/><T36/><D36/><U62/><E26/><V31/><F31/><W50/><G50/><T38/><D38/><U114/><E114/><V30/><F30/><W133/><G133/><T95/><AGARI ba="1,1" hai="11,14,19,40,45,51,85,88,95,98,101,104,118,119" machi="95" ten="20,8000,1" yaku="1,1,0,1,7,1,54,1,53,1" doraHai="106" doraHaiUra="81" who="0" fromWho="0" sc="230,93,376,-41,163,-21,221,-21" /><INIT seed="2,0,0,5,4,64" ten="323,335,142,200" oya="2" hai0="98,57,84,46,36,105,39,111,91,120,26,94,77" hai1="23,79,108,41,82,115,75,88,30,93,123,110,127" hai2="34,3,116,61,35,51,5,2,122,129,48,56,99" hai3="1,109,15,87,11,52,72,25,126,7,112,45,86"/><V134/><F122/><W31/><G72/><T20/><D120/><U8/><E123/><V24/><F116/><W18/><G109/><N who="1" m="42090" /><E115/><V128/><F134/><W9/><G112/><T135/><D111/><U124/><E41/><V50/><F99/><W118/><G118/><T42/><D135/><U53/><E8/><V4/><F24/><W43/><G126/><T19/><D57/><U0/><E0/><N who="2" m="43" /><F61/><W13/><G1/><T121/><D121/><U70/><E53/><V68/><F56/><W12/><G12/><T62/><D62/><U107/><E107/><V27/><F27/><W131/><G131/><N who="2" m="50249" /><F68/><W33/><REACH who="3" step="1"/><G52/><REACH who="3" ten="323,335,142,190" step="2"/><T132/><D132/><U59/><E127/><V17/><F17/><W40/><G40/><T78/><D42/><U16/><E124/><V29/><F29/><W114/><G114/><T47/><D19/><U106/><E30/><V83/><F83/><W28/><G28/><T80/><D80/><U103/><E16/><V65/><F65/><W38/><AGARI ba="0,1" hai="7,9,11,13,15,18,25,31,33,38,43,45,86,87" machi="38" ten="20,2700,0" yaku="1,1,0,1,7,1,53,0" doraHai="64" doraHaiUra="100" who="3" fromWho="3" sc="323,-7,335,-7,142,-13,190,37" /><INIT seed="3,0,0,1,1,120" ten="316,328,129,227" oya="3" hai0="15,53,42,99,81,128,74,68,130,127,59,5,52" hai1="18,125,31,114,119,89,76,1,50,39,85,72,33" hai2="109,12,134,9,131,27,121,107,26,56,80,103,28" hai3="48,101,83,86,37,45,115,51,84,95,29,110,2"/><W4/><G115/><T63/><D127/><U73/><E114/><V117/><F121/><W104/><G104/><T124/><D124/><U96/><E39/><V62/><F117/><W135/><G135/><T70/><D42/><U116/><E1/><V82/><F134/><W58/><G29/><T88/><D74/><U69/><E69/><V16/><F131/><N who="0" m="50218" /><D53/><U22/><E125/><V24/><F28/><W36/><G2/><T66/><D66/><U105/><E50/><V3/><F3/><W10/><G58/><T106/><D106/><U92/><E31/><V7/><F7/><W102/><G4/><T108/><D108/><U30/><E30/><V113/><F113/><W87/><G10/><N who="0" m="4559" /><D99/><U21/><E33/><V97/><REACH who="2" step="1"/><F109/><REACH who="2" ten="316,328,119,227" step="2"/><W93/><G110/><T71/><D71/><U20/><E119/><V61/><F61/><W67/><G67/><AGARI ba="0,1" hai="9,12,16,24,26,27,56,62,67,80,82,97,103,107" machi="67" ten="40,2600,0" yaku="1,1,54,1,53,0" doraHai="120" doraHaiUra="129" who="2" fromWho="3" sc="316,0,328,0,119,36,227,-26" /><INIT seed="4,0,0,3,0,59" ten="316,328,155,201" oya="0" hai0="105,15,27,6,36,107,85,110,19,63,102,70,101" hai1="111,109,69,23,18,124,134,29,45,123,24,127,58" hai2="108,115,80,90,118,130,16,88,53,96,94,33,133" hai3="64,28,83,86,51,38,135,129,55,61,13,132,31"/><T76/><D36/><U104/><E69/><V2/><F108/><W65/><G38/><T32/><D110/><U74/><E104/><V89/><F2/><W35/><G129/><T57/><D70/><U7/><E74/><V22/><F33/><W46/><G64/><T121/><D105/><U72/><E72/><V116/><F130/><W93/><G93/><T95/><D107/><U40/><E123/><V67/><F115/><W10/><G35/><T56/><D56/><U87/><E7/><V43/><F43/><W48/><G48/><T122/><D122/><U81/><E134/><V126/><F133/><N who="3" m="51275" /><G83/><T99/><D6/><U68/><E68/><V11/><F11/><W17/><G86/><T103/><D121/><U131/><E131/><V1/><F1/><W44/><G46/><T114/><D114/><U66/><E29/><V34/><F34/><W14/><G13/><T26/><D32/><U73/><E73/><V39/><F39/><W79/><G79/><T100/><D85/><U8/><E87/><V113/><F113/><W78/><G78/><T50/><D50/><U97/><E111/><V91/><F80/><W120/><G120/><T75/><D76/><U41/><E81/><V3/><F3/><W112/><G112/><T106/><D75/><U62/><E109/><V0/><F0/><W30/><G65/><N who="0" m="39151" /><D106/><U84/><E84/><V9/><F67/><W42/><G42/><T119/><D119/><N who="2" m="45610" /><F53/><W125/><G125/><T117/><D117/><U20/><E41/><V49/><F126/><W54/><G55/><T4/><D4/><U52/><E127/><RYUUKYOKU ba="0,0" sc="316,15,328,-15,155,-15,201,15" hai0="15,19,26,27,95,99,100,101,102,103" hai3="10,14,17,28,30,31,44,51,54,61" /><INIT seed="4,1,0,5,1,115" ten="331,313,140,216" oya="0" hai0="72,10,28,71,97,7,24,100,114,37,17,131,35" hai1="133,80,92,132,109,107,29,6,120,19,22,16,55" hai2="58,12,75,49,101,98,38,82,130,86,5,128,85" hai3="124,110,121,112,129,46,111,0,67,60,64,94,96"/><T40/><D114/><U23/><E107/><V65/><F38/><W2/><G112/><T11/><D131/><N who="2" m="50218" /><F75/><W123/><G129/><T103/><D71/><U57/><E109/><V116/><F12/><W88/><G124/><T31/><D72/><U66/><E66/><N who="3" m="25130" /><G60/><T102/><D28/><U14/><E120/><N who="3" m="46154" /><G46/><T91/><D40/><U89/><E80/><V127/><F5/><W122/><N who="3" m="46162" /><W59/><DORA hai="118" /><G59/><T126/><D37/><U56/><E29/><V135/><F135/><W63/><G63/><T69/><D126/><U47/><E6/><V78/><F127/><W76/><G76/><T125/><D7/><U73/><E47/><V108/><F108/><AGARI ba="1,0" hai="0,2,88,94,96,108,110,111" m="46162,25130" machi="108" ten="50,12000,2" yaku="13,1,52,4,54,1" doraHai="115,118" who="3" fromWho="2" sc="331,0,313,0,140,-123,216,123" /><INIT seed="5,0,0,4,3,85" ten="331,313,17,339" oya="1" hai0="75,128,103,92,82,10,2,8,104,112,34,39,64" hai1="38,134,24,126,54,44,16,121,123,88,42,89,91" hai2="83,14,15,26,69,98,51,57,13,9,56,102,115" hai3="61,66,25,20,31,1,62,3,29,108,120,4,58"/><U131/><E131/><V49/><F69/><W95/><G108/><T71/><D39/><U94/><E134/><V36/><F36/><W93/><G120/><T129/><D34/><U65/><E126/><V6/><F115/><W100/><G4/><T99/><D112/><U86/><E65/><V45/><F26/><W119/><G119/><T60/><D2/><U97/><E54/><V130/><F130/><N who="0" m="50282" /><D104/><U81/><REACH who="1" step="1"/><E91/><REACH who="1" ten="331,303,17,339" step="2"/><V53/><F83/><W101/><G101/><T106/><D106/><U48/><E48/><V47/><F57/><W52/><G3/><T18/><D18/><U113/><E113/><V127/><F127/><W118/><G1/><T80/><D80/><U124/><E124/><V96/><F56/><N who="3" m="37191" /><G118/><T19/><D19/><U111/><E111/><V28/><F28/><N who="3" m="10827" /><G100/><T70/><D70/><U132/><E132/><V79/><F79/><AGARI ba="0,1" hai="8,10,60,64,71,75,79,82,92,99,103" m="50282" machi="79" ten="30,1000,0" yaku="19,1" doraHai="85" who="0" fromWho="2" sc="331,20,303,0,17,-10,339,0" /><INIT seed="6,0,0,2,4,134" ten="351,303,7,339" oya="2" hai0="4,104,31,2,54,43,84,118,57,124,18,91,12" hai1="92,135,10,111,73,60,61,0,26,13,3,7,116" hai2="107,82,129,95,85,48,24,47,37,8,128,51,122" hai3="93,53,38,99,52,50,79,5,88,34,106,11,39"/><V133/><F107/><W59/><G34/><T41/><D104/><U45/><E116/><V22/><F133/><W1/><G79/><T29/><D118/><U78/><E135/><V80/><F122/><W69/><G69/><T77/><D77/><U109/><E26/><V55/><F37/><W120/><G120/><T62/><D4/><U132/><E132/><V36/><F36/><W90/><G106/><T14/><D2/><U71/><E92/><V131/><F8/><W32/><G32/><T49/><D12/><U42/><E13/><V89/><F51/><W65/><G65/><T74/><D74/><U66/><E61/><V113/><F113/><W115/><G115/><T100/><D100/><U96/><E96/><V119/><F119/><W9/><G9/><T94/><D124/><U40/><E40/><V112/><F112/><W86/><G53/><T63/><D63/><U30/><E30/><AGARI ba="0,0" hai="22,24,30,47,48,55,80,82,85,89,95,128,129,131" machi="30" ten="40,2000,0" yaku="19,1" doraHai="134" who="2" fromWho="1" sc="351,0,303,-20,7,20,339,0" /><INIT seed="6,1,0,0,3,67" ten="351,283,27,339" oya="2" hai0="86,43,19,45,49,93,132,3,2,66,50,46,78" hai1="92,90,126,40,35,39,95,13,63,71,6,28,58" hai2="61,59,32,10,20,36,77,119,116,5,29,4,37" hai3="87,18,109,38,69,98,62,120,80,124,22,113,27"/><V83/><F32/><W23/><G120/><T94/><D132/><U111/><E111/><V96/><F5/><W130/><G109/><T125/><D66/><U104/><E104/><V79/><F77/><W105/><G38/><T57/><D57/><U9/><E126/><V127/><F127/><W85/><G124/><T30/><D30/><U25/><E40/><V51/><F51/><W117/><G117/><T122/><D122/><U107/><E107/><V88/><F36/><W0/><G0/><T65/><D65/><U11/><E39/><V31/><F37/><W131/><G113/><T24/><D125/><U74/><E74/><V53/><F20/><W84/><G62/><T17/><D3/><U73/><E73/><V54/><F53/><W121/><G69/><T21/><D19/><U89/><E71/><V55/><F54/><W134/><G134/><T108/><D2/><U99/><E11/><V64/><F55/><W44/><G44/><T97/><D97/><U81/><E81/><V8/><F119/><W129/><G121/><T118/><D118/><U112/><E112/><V60/><F61/><W133/><G23/><T47/><D108/><U82/><E82/><V1/><F10/><W26/><G133/><T14/><D24/><U101/><E95/><N who="0" m="36361" /><D43/><U72/><E72/><N who="2" m="43495" /><F116/><W12/><G80/><AGARI ba="1,0" hai="14,17,21,45,46,47,49,50,78,80,86" m="36361" machi="80" ten="30,1000,0" yaku="8,1" doraHai="67" who="0" fromWho="3" sc="351,13,283,0,27,0,339,-13" /><INIT seed="7,0,0,2,5,83" ten="364,283,27,326" oya="3" hai0="78,74,6,114,45,24,72,51,12,2,17,14,36" hai1="102,65,4,9,121,64,89,54,42,84,75,115,23" hai2="90,70,57,122,79,125,69,93,88,52,67,96,8" hai3="95,119,109,13,27,73,35,50,68,77,47,106,58"/><W123/><G106/><T49/><D24/><U38/><E121/><V124/><F122/><W39/><G68/><T128/><D128/><U104/><E115/><V133/><F133/><W97/><G123/><T3/><D114/><U53/><E75/><V81/><F67/><W0/><G0/><T61/><D61/><U66/><E102/><V110/><F110/><W63/><G109/><T44/><D17/><U130/><E104/><V10/><F70/><W116/><G39/><T11/><D11/><U18/><E130/><V29/><F29/><W32/><G77/><T5/><D78/><U82/><E42/><V126/><F69/><W30/><G73/><T135/><D36/><U20/><E38/><V41/><F41/><W19/><G35/><T85/><D85/><U26/><REACH who="1" step="1"/><E23/><REACH who="1" ten="364,273,27,326" step="2"/><V131/><F131/><W91/><G50/><T1/><D1/><AGARI ba="0,1" hai="1,4,9,18,20,26,53,54,64,65,66,82,84,89" machi="1" ten="40,8000,1" yaku="1,1,2,1,52,1,53,1" doraHai="83" doraHaiUra="16" who="1" fromWho="0" sc="364,-80,273,90,27,0,326,0" owari="284,-12.0,363,46.0,27,-47.0,326,13.0" /></mjloggm>