<mjloggm ver="2.3"><GO type="169" lobby="0"/><UN n0="%E3%81%BF%E3%83%BC%E3%81%94%E3%81%BE" n1="%E3%83%8E%E3%82%AA%E3%83%81%E3%83%A3%E3%83%99%E3%82%B9" n2="%E3%83%9F%E3%83%8D%E3%83%A9%E3%83%AB" n3="%E3%82%B7%E3%83%A9%2E" dan="17,16,16,17" rate="2162.34,2172.60,2159.91,2193.67" sx="M,M,M,M"/><TAIKYOKU oya="0"/><INIT seed="0,0,0,1,4,54" ten="250,250,250,250" oya="0" hai0="87,128,106,132,63,104,4,1,19,90,80,93,74" hai1="8,109,95,0,15,73,37,41,57,2,62,131,46" hai2="35,86,65,52,58,59,30,23,101,32,91,133,10" hai3="18,103,121,69,24,81,107,14,79,83,88,11,135"/><T66/><D128/><U16/><E73/><V51/><F101/><W34/><G69/><T112/><D112/><U6/><E131/><V78/><F78/><W28/><G135/><T126/><D132/><U123/><E123/><V7/><F133/><W31/><G121/><T97/><D126/><U43/><E43/><V50/><F23/><W27/><G79/><T17/><D74/><U20/><E109/><V92/><F30/><W124/><G124/><T89/><D1/><U67/><REACH who="1" step="1"/><E95/><REACH who="1" ten="250,240,250,250" step="2"/><V102/><F102/><W77/><G103/><T5/><D106/><U68/><E68/><V60/><REACH who="2" step="1"/><F51/><REACH who="2" ten="250,240,240,250" step="2"/><W122/><G122/><T111/><D111/><U72/><E72/><V85/><F85/><W21/><G107/><T82/><D104/><U110/><E110/><V115/><F115/><W9/><G77/><T129/><D129/><U94/><E94/><V56/><F56/><W3/><G88/><T108/><D108/><U117/><E117/><V100/><F100/><W22/><G83/><T125/><D80/><U47/><E47/><V53/><F53/><W40/><G81/><T114/><D114/><U36/><E36/><V44/><F44/><W12/><G40/><T39/><D39/><U76/><E76/><V26/><F26/><AGARI ba="0,2" hai="0,2,6,8,15,16,20,26,37,41,46,57,62,67" machi="26" ten="30,7700,0" yaku="1,1,7,1,52,1,54,1,53,0" doraHai="54" doraHaiUra="49" who="1" fromWho="2" sc="250,0,240,97,240,-77,250,0" /><INIT seed="1,0,0,4,1,4" ten="250,337,163,250" oya="1" hai0="67,128,105,88,113,100,47,63,54,52,131,34,129" hai1="48,50,44,46,6,30,109,130,112,70,78,80,49" hai2="69,71,15,10,117,89,3,28,66,102,103,55,93" hai3="24,74,9,57,53,75,118,133,22,38,65,14,11"/><U17/><E70/><V43/><F3/><W16/><G38/><T32/><D113/><U96/><E112/><V86/><F117/><W36/><G36/><T73/><D73/><U61/><E130/><V83/><F43/><W120/><G120/><T81/><D100/><U114/><E114/><V25/><F55/><N who="0" m="21034" /><D47/><U104/><E6/><V98/><F66/><W60/><G118/><T40/><D40/><U101/><E30/><V124/><F124/><W19/><G133/><T18/><D18/><U95/><E61/><V5/><REACH who="2" step="1"/><F103/><REACH who="2" ten="250,337,153,250" step="2"/><W126/><G126/><T8/><D128/><U31/><E46/><V12/><F12/><W99/><G65/><T20/><D131/><U2/><E44/><V51/><F51/><W134/><G134/><T90/><D67/><U84/><E2/><V91/><F91/><W33/><G75/><T59/><D90/><U1/><E1/><V42/><F42/><W92/><G74/><T97/><D88/><U45/><E45/><V121/><F121/><W122/><G122/><T64/><D129/><U21/><E50/><V106/><F106/><W77/><G77/><T23/><D105/><U115/><E104/><V108/><F108/><W7/><G33/><AGARI ba="0,1" hai="5,10,15,25,28,33,69,71,83,86,89,93,98,102" machi="33" ten="30,7700,0" yaku="1,1,7,1,52,1,53,1" doraHai="4" doraHaiUra="76" who="2" fromWho="3" sc="250,0,337,0,153,87,250,-77" /><INIT seed="2,0,0,5,4,80" ten="250,337,240,173" oya="2" hai0="5,38,52,91,3,26,120,66,121,61,19,132,14" hai1="86,93,2,43,4,6,103,88,82,50,126,131,44" hai2="9,106,67,64,127,47,16,36,46,20,58,122,129" hai3="37,28,12,56,83,39,35,31,79,87,107,40,25"/><V27/><F122/><W62/><G107/><T124/><D38/><U95/><E131/><V57/><F129/><W76/><G40/><T1/><D132/><U113/><E113/><V104/><F127/><W109/><G109/><T11/><D124/><U72/><E126/><V73/><F73/><W77/><G31/><T90/><D1/><U59/><E2/><V70/><F70/><W117/><G117/><T32/><D120/><U128/><E128/><V116/><F116/><W60/><G60/><T23/><D121/><U71/><E71/><V101/><F106/><W55/><REACH who="3" step="1"/><G12/><REACH who="3" ten="250,337,240,163" step="2"/><T105/><D105/><U119/><E119/><V18/><F104/><W85/><G85/><T7/><D66/><U15/><E72/><V125/><F67/><W130/><G130/><T13/><D13/><U102/><E15/><V41/><F64/><W33/><G33/><T108/><D108/><U10/><E86/><V29/><F29/><W22/><G22/><T92/><D7/><U49/><E6/><V84/><F41/><W98/><G98/><T24/><D32/><U54/><E4/><V133/><F20/><W0/><G0/><T134/><D134/><U53/><E43/><V89/><F133/><W94/><G94/><T115/><D92/><U97/><E10/><V74/><F9/><W42/><G42/><T135/><D135/><U34/><E34/><V69/><F125/><W96/><G96/><T123/><D123/><U75/><E95/><V81/><F84/><W8/><G8/><T78/><D11/><U99/><E99/><V68/><F74/><W17/><G17/><RYUUKYOKU ba="0,1" sc="250,-15,337,15,240,-15,163,15" hai1="44,49,50,53,54,59,75,82,88,93,97,102,103" hai3="25,28,35,37,39,55,56,62,76,77,79,83,87" /><INIT seed="3,1,1,0,5,58" ten="235,352,225,178" oya="3" hai0="12,122,72,123,128,126,60,49,110,113,135,76,105" hai1="15,10,29,62,127,93,73,16,48,111,133,94,7" hai2="124,129,101,45,46,118,17,54,34,9,114,56,42" hai3="65,14,13,134,77,78,53,51,112,26,11,41,104"/><W59/><G134/><T68/><RYUUKYOKU type="yao9" ba="1,1" sc="235,0,352,0,225,0,178,0" hai0="12,49,60,68,72,76,105,110,113,122,123,126,128,135" /><INIT seed="3,2,1,1,0,48" ten="235,352,225,178" oya="3" hai0="99,118,72,123,93,20,108,103,10,34,17,105,130" hai1="9,25,115,13,44,79,87,41,97,30,67,33,81" hai2="127,107,63,85,57,116,95,61,0,14,120,26,36" hai3="65,51,119,39,4,102,7,124,135,55,104,23,40"/><W80/><G119/><T69/><D123/><U21/><E115/><V117/><F107/><W42/><G135/><T131/><D118/><U100/><E67/><V62/><F0/><W122/><G122/><T32/><D108/><U19/><E33/><V6/><F120/><W24/><G124/><T86/><D69/><U110/><E110/><V126/><F36/><W125/><G125/><N who="2" m="47625" /><F26/><W52/><G104/><T98/><D86/><U38/><E97/><V53/><F85/><W134/><G134/><T16/><D10/><U78/><E100/><V54/><F95/><W71/><G102/><N who="0" m="60751" /><D17/><U2/><E2/><V109/><F109/><W114/><G114/><T60/><D60/><N who="2" m="23146" /><F54/><N who="3" m="20523" /><G39/><T29/><D72/><U112/><E112/><V47/><F47/><N who="3" m="26103" /><G40/><T5/><D5/><N who="3" m="2121" /><G71/><T15/><D105/><U132/><E132/><V27/><F27/><W66/><G80/><T56/><D32/><U89/><AGARI ba="2,1" hai="9,13,19,21,25,30,38,41,44,78,79,81,87,89" machi="89" ten="20,1500,0" yaku="0,1,7,1" doraHai="48" who="1" fromWho="1" sc="235,-6,352,31,225,-6,178,-9" /><INIT seed="4,0,0,0,5,0" ten="229,383,219,169" oya="0" hai0="129,106,17,80,59,75,13,63,69,28,19,67,131" hai1="35,113,92,72,90,40,23,114,105,117,43,70,82" hai2="130,24,118,126,108,18,122,94,7,14,85,31,119" hai3="65,3,127,54,101,123,93,78,86,50,46,102,15"/><T60/><D106/><U68/><E35/><V6/><F85/><W39/><G127/><T84/><D75/><U2/><E105/><V87/><F126/><W20/><G3/><T66/><D28/><U110/><E110/><V109/><F87/><W26/><G123/><T1/><D1/><U5/><E23/><N who="2" m="15775" /><F94/><W10/><G39/><T100/><D100/><U53/><E53/><V44/><F122/><W107/><G65/><T111/><D111/><N who="2" m="42570" /><F44/><W77/><G107/><T36/><D36/><U27/><E27/><V49/><F49/><W103/><G93/><T116/><D116/><N who="2" m="44586" /><F130/><N who="0" m="49674" /><D13/><U98/><E117/><V22/><AGARI ba="0,0" hai="6,7,14,18,22" m="44586,42570,15775" machi="22" ten="30,8000,1" yaku="12,1,34,2,52,2" doraHai="0" who="2" fromWho="2" sc="229,-40,383,-20,219,80,169,-20" /><INIT seed="5,0,0,3,2,34" ten="189,363,299,149" oya="1" hai0="111,57,2,9,67,76,3,54,5,114,1,94,123" hai1="115,90,131,30,20,86,44,108,126,4,53,51,110" hai2="80,41,63,0,58,19,48,89,60,10,27,87,71" hai3="38,112,14,73,125,40,85,46,43,119,134,127,15"/><U117/><E117/><V45/><F71/><W122/><G122/><T21/><D111/><U23/><E115/><V25/><F63/><W12/><G73/><T18/><D114/><U42/><E131/><V28/><F28/><W59/><G112/><T107/><D107/><U61/><E126/><V70/><F70/><W47/><G119/><T124/><D124/><U11/><E30/><V95/><F95/><W130/><G130/><T39/><D39/><U56/><E110/><V65/><REACH who="2" step="1"/><F19/><REACH who="2" ten="189,363,289,149" step="2"/><W103/><G127/><T81/><D123/><U116/><E116/><V97/><F97/><W113/><G125/><T68/><D94/><U96/><E108/><V120/><F120/><W29/><G113/><T17/><D68/><U35/><E96/><V102/><F102/><W135/><G29/><T104/><D104/><U132/><E35/><V36/><F36/><W55/><G103/><T75/><D67/><U128/><E128/><V13/><F13/><W133/><G85/><T121/><D121/><U74/><E74/><V64/><F64/><W24/><G24/><T99/><D99/><U82/><E132/><V78/><F78/><W84/><G84/><T118/><D118/><U105/><E105/><V8/><F8/><W66/><G66/><T26/><D18/><U93/><E93/><V32/><F32/><W77/><G77/><T129/><D129/><U33/><E33/><V49/><F49/><AGARI ba="0,1" hai="1,2,3,5,9,17,21,26,49,54,57,75,76,81" machi="49" ten="30,7700,0" yaku="7,1,52,3" doraHai="34" who="0" fromWho="2" sc="189,87,363,0,289,-77,149,0" /><INIT seed="6,0,0,3,4,3" ten="276,363,212,149" oya="2" hai0="47,134,91,92,17,68,28,61,38,105,83,1,84" hai1="42,44,116,40,104,120,48,55,102,128,13,45,64" hai2="0,127,26,122,12,82,34,53,72,67,80,113,71" hai3="69,60,5,75,54,77,87,20,32,16,108,8,2"/><V29/><F122/><W125/><G108/><T121/><D121/><U132/><E120/><V133/><F0/><W52/><G75/><T14/><D105/><U101/><E116/><V119/><F119/><W49/><G32/><T58/><D1/><U78/><E128/><V73/><F113/><W24/><G125/><T66/><D134/><U117/><E132/><V97/><F133/><W89/><G77/><T93/><D28/><U62/><E117/><V46/><F127/><W51/><G51/><T110/><D110/><U111/><E111/><V99/><F73/><W31/><G49/><T41/><REACH who="0" step="1"/><D68/><REACH who="0" ten="266,363,212,149" step="2"/><U90/><E104/><V88/><F29/><W19/><G69/><T86/><D86/><U22/><E42/><V39/><F71/><W10/><G60/><T43/><D43/><U35/><E62/><V6/><F72/><W50/><G50/><T63/><D63/><U56/><E48/><V106/><F106/><W27/><G31/><T74/><D74/><U126/><E40/><V98/><F98/><W131/><G131/><T114/><D114/><U103/><E126/><V4/><F99/><W100/><G100/><T65/><D65/><U7/><E64/><V81/><F97/><W33/><G33/><T85/><D85/><U94/><E35/><V11/><F67/><W135/><G135/><T25/><D25/><U96/><E103/><V15/><F26/><W109/><G109/><T9/><AGARI ba="0,1" hai="9,14,17,38,41,47,58,61,66,83,84,91,92,93" machi="9" ten="20,2700,0" yaku="1,1,0,1,7,1,53,0" doraHai="3" doraHaiUra="107" who="0" fromWho="0" sc="266,37,363,-7,212,-13,149,-7" /><INIT seed="7,0,0,0,4,28" ten="303,356,199,142" oya="3" hai0="90,115,98,125,126,10,113,19,77,109,131,13,23" hai1="29,111,26,50,91,41,124,64,48,2,106,56,69" hai2="82,110,62,15,33,123,135,32,11,14,118,43,51" hai3="63,59,58,89,133,20,127,40,80,4,57,68,83"/><W88/><G133/><T101/><D109/><U5/><E111/><V97/><F110/><W49/><G127/><N who="0" m="48651" /><D77/><U45/><E106/><V107/><F118/><W120/><G120/><T18/><D90/><N who="3" m="34921" /><G68/><T104/><D131/><U121/><E121/><V94/><F123/><W54/><G4/><N who="0" m="3271" /><D23/><U0/><E124/><V9/><F33/><W6/><G6/><T38/><D38/><U76/><E76/><V52/><F32/><W116/><G116/><T36/><D36/><U7/><E69/><V61/><F135/><W73/><G73/><T46/><D46/><U47/><E2/><V53/><F107/><W92/><G92/><T17/><AGARI ba="0,0" hai="17,18,19,98,101,104,113,115" m="3271,48651" machi="17" ten="40,1500,0" yaku="18,1" doraHai="28" who="0" fromWho="0" sc="303,15,356,-4,199,-4,142,-7" owari="318,12.0,352,44.0,195,-20.0,135,-36.0" /></mjloggm>