<mjloggm ver="2.3"><GO type="169" lobby="0"/><UN n0="%2E%67%61%74%79" n1="%74%79%61%73%6F" n2="%E3%83%8E%E3%82%AA%E3%83%81%E3%83%A3%E3%83%99%E3%82%B9" n3="%E3%81%AA%E3%81%88%E3%81%A8%E3%82%8B" dan="16,17,16,16" rate="2050.42,2163.31,2192.75,2152.79" sx="M,M,M,M"/><TAIKYOKU oya="0"/><INIT seed="0,0,0,5,3,12" ten="250,250,250,250" oya="0" hai0="97,17,86,131,1,50,127,23,135,26,4,72,90" hai1="68,24,34,46,117,8,28,101,83,71,54,80,122" hai2="16,132,63,61,33,40,41,32,120,9,99,29,70" hai3="42,37,65,67,118,123,81,85,38,111,110,134,51"/><T14/><D72/><U31/><E117/><V105/><F120/><W10/><G118/><T133/><D127/><U20/><E122/><V21/><F9/><W113/><G123/><T11/><D97/><U13/><E101/><V114/><F114/><W22/><G113/><T119/><D119/><U96/><E96/><V126/><F126/><W92/><G92/><T94/><D131/><U45/><E31/><V56/><F132/><W57/><G10/><T112/><D112/><U91/><E34/><V129/><F129/><W18/><G134/><T73/><D73/><U125/><E125/><V48/><F70/><W87/><G87/><T74/><D74/><U103/><E103/><V116/><F116/><W2/><G2/><T107/><D107/><U93/><E68/><V115/><F115/><W98/><G98/><T69/><D69/><U88/><E71/><V5/><F5/><W44/><G57/><T53/><REACH who="0" step="1"/><D26/><REACH who="0" ten="240,250,250,250" step="2"/><U66/><E24/><V76/><F105/><W84/><G84/><T95/><D95/><U36/><E93/><V58/><F99/><W109/><G85/><T104/><D104/><U62/><E83/><V35/><F76/><W55/><G81/><T64/><D64/><N who="3" m="24649" /><G55/><T47/><AGARI ba="0,1" hai="1,4,11,14,17,23,47,50,53,86,90,94,133,135" machi="47" ten="30,6000,0" yaku="1,1,0,1,52,1,53,0" doraHai="12" doraHaiUra="27" who="0" fromWho="0" sc="240,70,250,-20,250,-20,250,-20" /><INIT seed="0,1,0,5,3,113" ten="310,230,230,230" oya="0" hai0="73,114,97,88,119,93,85,62,44,46,68,31,45" hai1="17,71,25,0,122,51,108,111,65,20,21,92,40" hai2="115,107,2,116,76,125,128,127,35,12,121,22,56" hai3="118,49,78,30,110,13,124,98,28,18,75,102,27"/><T16/><D114/><U67/><E122/><V95/><F56/><W131/><G110/><N who="1" m="42026" /><E0/><V5/><F95/><W33/><G131/><T105/><D31/><U90/><E71/><V101/><F76/><W55/><G124/><T130/><D73/><U99/><E21/><V100/><F100/><W37/><G37/><T29/><D29/><U106/><E106/><V104/><F101/><W120/><G120/><T81/><D105/><U4/><E4/><V103/><F103/><W14/><G30/><T83/><D130/><U66/><E51/><V54/><F54/><W70/><G70/><T32/><D32/><U86/><E40/><V63/><F63/><W64/><G64/><T134/><D62/><U87/><AGARI ba="1,0" hai="17,20,25,65,66,67,86,87,90,92,99" m="42026" machi="87" ten="40,1500,0" yaku="14,1" doraHai="113" who="1" fromWho="1" sc="310,-8,230,18,230,-5,230,-5" /><INIT seed="1,0,0,2,0,122" ten="302,248,225,225" oya="1" hai0="125,20,60,40,94,88,25,83,120,111,81,105,74" hai1="118,62,104,29,16,103,10,123,119,44,132,127,63" hai2="24,39,116,91,75,26,45,77,90,128,71,4,73" hai3="126,86,22,54,95,68,115,61,1,102,2,19,0"/><U23/><E123/><V18/><F71/><W58/><G115/><T9/><D120/><U6/><E132/><V3/><F116/><W76/><G126/><T31/><D105/><U37/><E127/><V113/><F113/><W53/><G68/><T65/><D125/><U48/><E37/><V130/><F4/><W36/><G36/><T89/><D74/><U124/><E124/><V78/><F39/><W32/><G32/><T34/><D40/><U69/><E29/><V50/><F3/><W30/><G76/><T28/><D28/><U66/><E63/><V13/><F50/><W51/><G30/><T109/><D9/><U38/><E38/><V106/><F13/><W93/><G102/><T80/><D34/><U100/><E104/><V101/><F106/><W67/><G86/><T107/><D107/><U33/><E33/><V108/><F101/><W112/><G112/><T131/><D131/><U43/><E119/><V56/><F56/><W8/><G8/><T96/><REACH who="0" step="1"/><D89/><REACH who="0" ten="292,248,225,225" step="2"/><U12/><REACH who="1" step="1"/><E118/><REACH who="1" ten="292,238,225,225" step="2"/><V17/><F130/><W21/><G21/><T46/><D46/><U82/><E82/><V5/><F128/><W117/><G117/><T47/><D47/><U110/><E110/><V70/><F45/><N who="3" m="27887" /><G95/><T98/><D98/><U84/><E84/><V72/><F72/><W57/><G93/><T49/><D49/><U55/><E55/><V59/><F108/><W35/><G35/><T134/><D134/><U92/><E92/><V97/><F75/><W133/><G133/><T64/><D64/><U99/><E99/><V15/><F73/><W14/><G54/><RYUUKYOKU ba="0,2" sc="292,10,238,10,225,-30,225,10" hai0="20,25,31,60,65,80,81,83,88,94,96,109,111" hai1="6,10,12,16,23,43,44,48,62,66,69,100,103" hai3="0,1,2,14,19,22,57,58,61,67" /><INIT seed="1,1,2,5,5,113" ten="302,248,195,235" oya="1" hai0="103,58,85,74,42,0,13,66,80,39,95,9,17" hai1="127,24,27,124,7,6,88,105,14,100,4,71,132" hai2="64,123,130,61,75,94,67,21,128,57,31,87,79" hai3="53,48,96,34,118,106,33,25,49,52,121,23,131"/><U44/><E71/><V73/><F123/><W89/><G121/><T41/><D0/><U111/><E132/><V101/><F67/><W43/><G43/><T54/><D66/><U11/><E44/><V28/><F28/><W8/><G8/><T104/><D104/><U134/><E134/><V70/><F70/><W22/><G106/><T107/><D107/><U40/><E40/><V84/><F84/><W32/><G131/><N who="2" m="50217" /><F79/><W35/><G35/><T60/><D39/><U78/><E78/><V125/><F125/><N who="1" m="48201" /><E111/><V112/><F112/><W63/><G33/><T68/><D74/><U97/><E88/><N who="2" m="53535" /><F101/><W38/><G89/><N who="0" m="51367" /><D68/><U5/><AGARI ba="1,2" hai="4,5,6,7,11,14,24,27,97,100,105" m="48201" machi="5" ten="30,1500,0" yaku="18,1" doraHai="113" who="1" fromWho="1" sc="302,-6,248,38,195,-6,235,-6" /><INIT seed="1,2,0,0,0,44" ten="296,286,189,229" oya="1" hai0="111,39,93,69,98,100,107,97,65,38,91,32,49" hai1="59,43,30,52,18,131,23,41,1,95,8,7,40" hai2="45,110,125,86,79,112,87,36,31,2,134,63,42" hai3="53,74,75,103,6,16,5,72,113,55,54,84,116"/><U25/><E131/><V13/><F2/><W58/><G113/><T104/><D111/><U82/><E82/><V130/><F110/><W12/><G116/><T80/><D32/><U120/><E120/><V133/><F130/><W99/><G84/><T4/><D107/><U66/><E66/><V135/><F112/><W47/><G47/><T29/><D29/><U27/><E95/><V19/><F125/><W129/><G58/><T15/><D80/><U60/><REACH who="1" step="1"/><E40/><REACH who="1" ten="296,276,189,229" step="2"/><V62/><F79/><W10/><REACH who="3" step="1"/><G129/><REACH who="3" ten="296,276,189,219" step="2"/><T33/><D65/><U96/><E96/><V126/><F87/><W21/><G21/><AGARI ba="2,2" hai="1,7,8,18,21,23,25,27,30,41,43,52,59,60" machi="21" ten="30,5800,0" yaku="1,1,7,1,54,1,53,0" doraHai="44" doraHaiUra="70" who="1" fromWho="3" sc="296,0,276,84,189,0,219,-64" /><INIT seed="1,3,0,0,0,118" ten="296,360,189,155" oya="1" hai0="53,12,48,93,128,82,22,105,1,95,77,0,115" hai1="103,108,100,3,99,50,69,52,133,26,80,7,40" hai2="109,75,17,21,31,30,42,37,85,96,94,33,9" hai3="87,76,54,64,127,124,38,106,120,28,70,126,61"/><U90/><E69/><V71/><F75/><W132/><G106/><T23/><D105/><U92/><E133/><V111/><F71/><W47/><G28/><T6/><D115/><U39/><E108/><V32/><F85/><W5/><G5/><T15/><D128/><U81/><E39/><V112/><F112/><W65/><G87/><T18/><D0/><U36/><E36/><V119/><F119/><W62/><G76/><T19/><D6/><U101/><E40/><V41/><F9/><W74/><G74/><T46/><REACH who="0" step="1"/><D1/><REACH who="0" ten="286,360,189,155" step="2"/><U135/><E3/><V67/><F111/><W104/><G104/><T55/><D55/><U60/><E7/><V34/><F109/><W25/><G54/><T121/><D121/><U83/><E135/><V131/><F131/><W86/><G132/><T13/><D13/><U58/><REACH who="1" step="1"/><E26/><REACH who="1" ten="286,350,189,155" step="2"/><V122/><F122/><W29/><G120/><T35/><D35/><U24/><E24/><V89/><F42/><W16/><G25/><T116/><D116/><U79/><E79/><V125/><F41/><W130/><G130/><T88/><D88/><U107/><E107/><V97/><F34/><W10/><G127/><T68/><D68/><U11/><E11/><V123/><F125/><W56/><G10/><T129/><D129/><U66/><E66/><V44/><F33/><W72/><G124/><T98/><D98/><U45/><E45/><V57/><F32/><W134/><G126/><T14/><D14/><U2/><E2/><V51/><F123/><W27/><G47/><T63/><D63/><AGARI ba="3,2" hai="50,52,58,60,63,80,81,83,90,92,99,100,101,103" machi="63" ten="40,7700,0" yaku="1,1,8,1,54,1,53,0" doraHai="118" doraHaiUra="117" who="1" fromWho="0" sc="286,-86,350,106,189,0,155,0" /><INIT seed="1,4,0,4,4,1" ten="200,456,189,155" oya="1" hai0="68,16,86,78,66,47,101,6,111,29,30,116,32" hai1="109,44,54,18,133,8,3,123,38,113,95,112,27" hai2="34,36,60,131,92,88,94,41,49,118,81,23,83" hai3="14,57,134,98,103,84,7,25,129,22,77,79,50"/><U48/><E123/><V76/><F34/><W37/><G37/><T107/><D116/><U104/><E104/><V121/><F36/><W108/><G108/><T75/><D86/><U59/><E133/><V43/><F118/><W130/><G134/><T61/><D29/><U89/><E109/><V100/><F121/><W4/><G57/><T9/><D47/><U132/><E132/><V97/><F131/><N who="3" m="50187" /><G50/><T119/><D16/><U19/><E19/><V106/><F60/><W40/><G40/><T102/><D102/><U87/><E27/><V128/><F128/><W110/><G14/><T55/><D55/><U73/><E73/><V28/><F106/><N who="3" m="63863" /><G110/><T135/><D135/><U115/><E18/><V13/><F76/><N who="3" m="29259" /><G84/><T31/><D111/><U85/><E85/><N who="2" m="52239" /><F43/><W20/><G20/><T24/><D119/><U56/><E38/><V122/><F122/><W33/><G33/><T82/><D31/><AGARI ba="4,0" hai="4,7,22,25,31" m="29259,63863,50187" machi="31" ten="30,3900,0" yaku="19,1,52,2" doraHai="1" who="3" fromWho="0" sc="200,-51,456,0,189,0,155,51" /><INIT seed="2,0,0,4,2,16" ten="149,456,189,206" oya="2" hai0="34,124,116,107,91,121,77,81,62,46,4,128,88" hai1="3,96,13,43,90,113,109,117,68,119,24,38,26" hai2="118,14,67,0,1,47,78,92,71,129,6,15,49" hai3="122,108,55,22,73,42,58,105,45,125,130,103,27"/><V64/><F118/><W70/><G122/><T57/><D121/><U135/><E3/><V19/><F129/><W80/><G70/><T39/><D34/><U48/><E68/><V61/><F67/><W50/><G130/><T95/><D107/><U101/><E90/><V52/><F78/><W85/><G108/><T100/><D128/><U30/><E109/><V104/><F104/><W25/><G73/><T7/><D124/><U102/><E113/><V10/><REACH who="2" step="1"/><F92/><REACH who="2" ten="149,456,179,206" step="2"/><W123/><G105/><T106/><D106/><U51/><E117/><V132/><F132/><W75/><G123/><T89/><D116/><U94/><E94/><V82/><F82/><W98/><G125/><T40/><D95/><U112/><E135/><V36/><F36/><W18/><G80/><T56/><D100/><U133/><E101/><V127/><F127/><W17/><G75/><T12/><D81/><U33/><E133/><V28/><F28/><W60/><G85/><T41/><D77/><U9/><E30/><V23/><AGARI ba="0,1" hai="0,1,6,10,14,15,19,23,47,49,52,61,64,71" machi="23" ten="20,12000,1" yaku="1,1,0,1,7,1,52,1,54,1,53,0" doraHai="16" doraHaiUra="54" who="2" fromWho="2" sc="149,-40,456,-40,179,130,206,-40" /><INIT seed="2,1,0,0,4,36" ten="109,416,309,166" oya="2" hai0="73,81,135,60,98,4,45,127,131,48,109,71,56" hai1="94,104,18,93,108,52,86,113,50,85,34,57,63" hai2="14,129,62,7,88,120,40,130,58,95,47,19,77" hai3="101,16,78,70,111,119,76,116,87,67,59,64,37"/><V0/><F77/><W26/><G70/><T128/><D4/><U99/><E113/><V133/><F133/><W75/><G75/><T72/><D135/><U106/><E34/><V54/><F0/><W55/><G37/><T122/><D122/><U92/><E108/><V42/><F7/><W103/><G111/><T30/><D109/><U2/><E2/><V12/><F120/><W74/><G74/><T20/><D71/><U51/><E104/><V31/><F31/><W80/><G78/><T121/><D121/><U79/><E79/><V126/><F126/><W28/><G116/><T21/><D81/><U105/><E105/><V89/><F47/><W39/><G39/><T83/><D83/><U117/><E117/><V3/><F3/><W8/><G119/><T35/><D98/><U123/><E123/><V102/><F102/><N who="3" m="38923" /><G28/><T110/><D110/><U97/><E106/><V44/><F44/><W6/><G6/><T33/><D30/><U17/><E99/><V49/><F62/><N who="3" m="36223" /><G8/><T82/><D82/><U84/><E97/><N who="2" m="57575" /><F89/><W91/><G91/><T68/><D68/><U124/><E124/><V114/><F114/><W107/><G107/><T43/><D73/><U22/><REACH who="1" step="1"/><E17/><REACH who="1" ten="109,406,309,166" step="2"/><V100/><F100/><W90/><G76/><T134/><D127/><U9/><E9/><N who="2" m="6543" /><F14/><AGARI ba="1,1" hai="14,18,22,50,51,52,57,63,84,85,86,92,93,94" machi="14" ten="40,5200,0" yaku="1,1,8,1,54,1,53,0" doraHai="36" doraHaiUra="25" who="1" fromWho="2" sc="109,0,406,65,309,-55,166,0" /><INIT seed="3,0,0,1,1,85" ten="109,471,254,166" oya="3" hai0="110,67,80,72,77,95,111,59,42,53,71,94,66" hai1="28,23,26,51,29,25,82,124,121,87,47,74,32" hai2="69,8,14,132,86,0,128,38,120,44,13,123,10" hai3="115,7,81,97,37,22,90,84,125,79,96,107,24"/><W104/><G37/><T109/><D42/><U135/><E121/><V43/><F69/><W62/><G115/><T33/><D33/><U39/><E135/><V75/><F75/><W12/><G125/><T127/><D127/><U93/><E124/><V45/><F132/><W129/><G129/><T83/><D71/><U133/><E133/><V40/><F86/><W60/><G104/><T106/><D106/><U3/><E3/><V116/><F0/><W1/><G1/><T9/><D9/><U52/><E93/><V16/><F116/><W112/><G112/><T55/><D77/><U78/><REACH who="1" step="1"/><E39/><REACH who="1" ten="109,461,254,166" step="2"/><V61/><F128/><W54/><G107/><T91/><D94/><U31/><E31/><V101/><F101/><W130/><G130/><T41/><D95/><U100/><E100/><V2/><F2/><W21/><G97/><T103/><D103/><U117/><E117/><V64/><F123/><W131/><G96/><T50/><D72/><AGARI ba="0,1" hai="23,25,26,28,29,32,47,51,52,72,74,78,82,87" machi="72" ten="40,2600,0" yaku="1,1,54,1,53,0" doraHai="85" doraHaiUra="114" who="1" fromWho="0" sc="109,-26,461,36,254,0,166,0" /><INIT seed="4,0,0,1,4,52" ten="83,497,254,166" oya="0" hai0="8,17,38,115,113,100,67,87,102,11,96,10,94" hai1="133,48,81,73,125,41,77,7,112,23,70,74,44" hai2="79,128,51,25,90,59,50,54,27,47,72,19,92" hai3="118,12,18,26,105,119,35,46,129,93,1,69,108"/><T6/><D38/><U124/><E70/><V30/><F128/><W131/><G105/><T28/><D28/><U40/><E7/><V84/><F30/><N who="3" m="19927" /><G69/><T39/><D39/><U86/><E133/><V65/><F65/><W9/><G46/><T29/><D29/><U120/><E120/><V99/><F72/><W132/><G132/><T42/><D42/><U4/><E4/><V36/><F36/><W62/><G93/><T111/><D111/><U97/><E112/><N who="0" m="43081" /><D6/><U83/><E40/><N who="2" m="24935" /><F19/><W22/><G108/><T104/><D67/><U49/><E49/><V88/><F79/><W33/><G33/><T0/><D0/><U122/><E122/><V80/><AGARI ba="0,0" hai="25,27,51,54,59,80,84,88,90,92,99" m="24935" machi="80" ten="30,4000,0" yaku="8,1,52,1,54,1" doraHai="52" who="2" fromWho="2" sc="83,-20,497,-10,254,40,166,-10" /><INIT seed="5,0,0,4,3,11" ten="63,487,294,156" oya="1" hai0="127,84,125,14,37,56,5,70,124,64,67,89,86" hai1="3,32,93,100,15,22,34,47,92,115,17,46,65" hai2="88,28,122,109,98,120,73,27,55,39,58,87,75" hai3="97,85,36,59,30,21,101,113,13,133,18,43,40"/><U103/><E3/><V50/><F109/><W110/><G110/><T118/><D118/><U116/><E116/><V106/><F39/><W19/><G113/><T77/><D37/><U29/><E65/><V78/><F78/><W81/><G133/><T60/><D77/><U112/><E29/><V68/><F68/><W45/><G30/><T2/><D2/><U24/><E24/><V90/><F75/><W95/><G43/><T76/><D76/><U131/><E22/><V8/><F8/><W6/><G6/><T128/><D128/><U117/><E117/><V94/><F73/><W121/><G121/><T107/><D107/><U130/><E17/><V48/><F48/><W105/><G59/><T31/><D31/><U119/><E119/><V104/><F104/><W23/><G105/><T91/><D70/><U62/><E62/><V108/><F108/><W132/><G132/><T49/><D49/><U7/><E7/><V41/><F41/><W44/><G44/><T42/><D42/><U54/><E54/><V9/><F9/><W83/><G85/><N who="0" m="32875" /><D64/><U52/><E52/><V53/><F53/><W38/><G36/><T66/><D67/><U111/><E111/><V26/><F26/><AGARI ba="0,0" hai="13,18,19,21,23,26,38,40,45,81,83,95,97,101" machi="26" ten="30,2000,0" yaku="7,1,52,1" doraHai="11" who="3" fromWho="2" sc="63,0,487,0,294,-20,156,20" /><INIT seed="6,0,0,3,2,98" ten="63,487,274,176" oya="2" hai0="124,10,118,93,110,115,135,95,89,132,32,134,64" hai1="34,58,30,52,123,129,76,79,28,51,120,126,87" hai2="8,78,20,16,53,77,61,82,99,70,18,81,71" hai3="113,94,49,131,40,69,38,75,121,107,109,42,91"/><V104/><F8/><W39/><G107/><T128/><D32/><U41/><E129/><V29/><F29/><W1/><G109/><T106/><D64/><U66/><E126/><V96/><F20/><W90/><G1/><T35/><D35/><U12/><E12/><V36/><F36/><W6/><G121/><N who="1" m="46666" /><E34/><V54/><REACH who="2" step="1"/><F61/><REACH who="2" ten="63,487,264,176" step="2"/><W68/><G39/><T19/><D10/><U45/><E28/><V100/><F100/><W86/><G38/><T72/><D132/><U88/><E30/><V15/><F15/><W46/><G131/><T105/><D128/><U11/><E11/><V17/><F17/><W37/><G37/><T85/><D19/><U112/><E112/><V84/><F84/><W57/><G113/><T103/><D115/><U119/><E119/><V5/><F5/><W22/><G6/><T55/><D118/><U130/><E130/><V114/><F114/><W14/><G22/><T116/><D116/><U23/><E23/><V0/><F0/><W108/><G14/><T80/><D134/><U13/><E13/><V111/><F111/><W3/><G108/><T43/><D110/><U21/><E21/><V56/><F56/><W47/><G3/><T74/><D135/><U83/><E58/><V44/><F44/><W65/><G57/><T9/><D9/><U27/><E87/><V31/><F31/><W7/><G7/><T102/><D85/><U92/><E27/><V24/><F24/><W60/><G60/><T48/><D102/><U133/><E133/><V117/><F117/><W33/><G86/><T26/><D26/><U127/><E45/><RYUUKYOKU ba="0,1" sc="63,-10,487,-10,264,30,176,-10" hai2="16,18,53,54,70,71,77,78,81,82,96,99,104" /><INIT seed="6,1,1,0,4,106" ten="53,477,294,166" oya="2" hai0="113,83,16,37,86,54,26,20,108,42,91,71,29" hai1="104,94,117,62,59,125,77,99,33,128,68,17,30" hai2="76,60,78,109,115,90,39,36,34,92,100,47,49" hai3="97,1,119,45,28,32,101,127,40,50,110,121,111"/><V69/><F34/><W25/><G119/><T130/><D108/><U3/><E117/><V5/><F100/><W89/><G121/><T133/><D113/><U35/><E3/><V98/><F115/><W14/><G1/><T23/><D130/><U22/><E128/><V13/><F109/><W102/><G102/><T4/><D133/><U57/><E104/><V63/><F39/><W10/><G89/><T8/><D71/><U56/><E77/><N who="2" m="29803" /><F36/><W73/><G73/><T12/><D37/><U53/><E125/><V96/><F96/><W120/><G120/><T66/><D66/><U19/><E68/><V126/><F69/><W11/><G11/><T2/><D42/><U118/><E33/><V135/><F135/><W6/><G127/><T112/><D112/><U79/><E79/><V31/><F31/><W38/><G38/><T15/><REACH who="0" step="1"/><D2/><REACH who="0" ten="43,477,294,166" step="2"/><U75/><E118/><V61/><F126/><W21/><G32/><T131/><D131/><U24/><E35/><V95/><F95/><AGARI ba="1,2" hai="6,10,14,21,25,28,40,45,50,95,97,101,110,111" machi="95" ten="30,1000,0" yaku="7,1" doraHai="106" who="3" fromWho="2" sc="43,0,477,0,294,-13,166,33" /><INIT seed="7,0,0,4,0,124" ten="43,477,281,199" oya="3" hai0="18,113,66,126,109,55,77,125,103,38,112,89,106" hai1="133,17,58,129,64,69,79,73,63,54,94,34,45" hai2="3,93,87,116,30,97,32,119,81,72,130,114,14" hai3="68,49,84,91,47,98,76,41,29,78,11,82,121"/><W105/><G121/><T12/><D38/><U88/><E34/><V95/><F3/><W24/><G68/><T6/><D66/><U9/><E133/><V56/><F72/><W1/><G1/><T28/><D55/><U102/><E102/><V59/><F114/><N who="0" m="44138" /><D77/><U23/><E129/><V52/><F59/><W67/><G67/><T92/><D89/><U90/><E9/><V60/><F130/><W96/><G11/><T37/><D92/><U107/><E107/><V120/><F95/><W74/><G105/><T127/><D103/><U100/><E45/><V118/><F120/><W131/><G131/><T26/><D106/><U0/><E0/><V70/><F70/><W35/><G78/><T117/><D37/><U4/><E4/><V104/><F104/><W40/><G40/><T21/><D117/><U101/><E90/><V39/><F39/><W22/><G35/><N who="0" m="20887" /><D6/><U15/><E79/><V86/><F81/><AGARI ba="0,0" hai="22,24,29,41,47,49,74,76,81,82,84,91,96,98" machi="81" ten="30,1500,0" yaku="7,1" doraHai="124" who="3" fromWho="2" sc="43,0,477,0,281,-15,199,15" /><INIT seed="7,1,0,5,4,64" ten="43,477,266,214" oya="3" hai0="37,106,68,125,58,38,84,6,100,110,45,5,85" hai1="81,87,69,134,18,116,34,20,48,23,49,0,86" hai2="132,24,52,32,78,59,111,35,117,3,62,50,13" hai3="82,4,121,76,89,130,39,101,126,92,118,96,88"/><W51/><G39/><T77/><D125/><U25/><E0/><V17/><F3/><W15/><G118/><T104/><D58/><U123/><E34/><V91/><F111/><W56/><G121/><T90/><D90/><U74/><E123/><V95/><F117/><W29/><G130/><T2/><D2/><U133/><E69/><V114/><F78/><W113/><G113/><T122/><D122/><U107/><E107/><V127/><F127/><W131/><G131/><T11/><D77/><U31/><E74/><V16/><F132/><N who="1" m="50793" /><E86/><V43/><F114/><W53/><G29/><T72/><D45/><U7/><E7/><V93/><F93/><W10/><REACH who="3" step="1"/><G126/><REACH who="3" ten="43,477,266,204" step="2"/><T102/><D11/><U105/><E116/><V108/><F108/><W57/><G57/><T47/><D110/><U73/><E31/><V41/><F35/><W129/><G129/><T21/><D47/><U19/><E23/><N who="2" m="13415" /><F32/><W79/><G79/><T80/><D21/><U98/><E20/><N who="2" m="11311" /><F50/><W109/><G109/><T71/><REACH who="0" step="1"/><D80/><REACH who="0" ten="33,477,266,204" step="2"/><U115/><E81/><V26/><F26/><W65/><G65/><T119/><D119/><U60/><E115/><V66/><F66/><W9/><G9/><T97/><D97/><AGARI ba="1,2" hai="41,43,52,59,62,91,95,97" m="11311,13415" machi="97" ten="30,7700,0" yaku="25,1,8,1,54,2" doraHai="64" who="2" fromWho="0" sc="33,-80,477,0,266,100,204,0" owari="-47,-55.0,477,58.0,366,17.0,204,-20.0" /></mjloggm>