<mjloggm ver="2.3"><GO type="185" lobby="0"/><UN n0="%E7%9C%9F%E9%9B%80%E9%AC%BC" n1="%E5%B7%A5%E8%97%A4%E3%81%95%E3%82%93" n2="%E3%81%88%E3%81%A0%E3%81%9D%E3%82%89%E3%81%B1%E3%82%93" n3="" dan="18,16,16,0" rate="2295.13,2238.38,2200.62,1500.00" sx="M,M,F,C"/><TAIKYOKU oya="0"/><INIT seed="0,0,0,3,3,79" ten="350,350,350,0" oya="0" hai0="134,80,3,106,77,110,42,99,104,66,57,92,43" hai1="59,100,48,47,52,40,94,81,55,54,84,88,60" hai2="50,113,112,133,108,96,44,95,111,118,87,128,69" hai3=""/><T98/><D3/><U53/><REACH who="1" step="1"/><E100/><REACH who="1" ten="350,340,350,0" step="2"/><V38/><F113/><T65/><D134/><U127/><E127/><V115/><F133/><T73/><D110/><U51/><E51/><V63/><F115/><T135/><D135/><U123/><N who="1" m="31520" /><U120/><N who="1" m="30752" /><U85/><E85/><V1/><F112/><T131/><D99/><U36/><E36/><V33/><F38/><T126/><D126/><U74/><E74/><V116/><F111/><T114/><D114/><U105/><E105/><V125/><F108/><T2/><D106/><U35/><E35/><V122/><F33/><T76/><D104/><U46/><E46/><V93/><F125/><T64/><D73/><U41/><E41/><V91/><F122/><T68/><D42/><U101/><E101/><V56/><F44/><T129/><D43/><U61/><E61/><V119/><F50/><T58/><D98/><U72/><E72/><V121/><F96/><T90/><D2/><U97/><E97/><V67/><F1/><T75/><D75/><U130/><E130/><V0/><F128/><T124/><D131/><U82/><AGARI ba="0,1" hai="40,47,48,52,53,54,55,59,60,81,82,84,88,94" m="30752,31520" machi="82" ten="30,12000,3" yaku="21,2,0,1,8,1,52,4,54,2,53,0" doraHai="79" doraHaiUra="32" who="1" fromWho="1" sc="350,-80,340,130,350,-40,0,0" /><INIT seed="1,0,0,0,3,83" ten="270,470,310,0" oya="1" hai0="102,76,124,34,123,101,80,66,38,107,75,0,78" hai1="125,54,56,122,41,43,94,84,61,45,98,89,133" hai2="88,39,113,69,59,55,40,134,73,3,91,99,96" hai3=""/><U60/><N who="1" m="31264" /><U64/><E125/><V121/><N who="2" m="31008" /><V126/><F3/><T33/><N who="0" m="31520" /><T48/><D0/><U65/><E133/><V72/><F134/><T103/><D124/><U58/><E98/><V44/><F126/><T109/><D38/><U82/><E82/><V52/><F113/><T57/><D107/><U67/><E43/><V130/><F69/><T37/><D80/><U104/><REACH who="1" step="1"/><E104/><REACH who="1" ten="270,460,310,0" step="2"/><V111/><F99/><T42/><D42/><U131/><E131/><V93/><F130/><T79/><D79/><U2/><E2/><V117/><F117/><T95/><D78/><U115/><E115/><V1/><F1/><T63/><D76/><U51/><AGARI ba="0,1" hai="41,45,51,54,56,58,60,61,64,65,67,84,89,94" m="31264" machi="51" ten="20,12000,2" yaku="1,1,0,1,7,1,8,1,52,2,53,0" doraHai="83" doraHaiUra="120" who="1" fromWho="1" sc="270,-60,460,130,310,-60,0,0" /><INIT seed="1,1,0,2,4,116" ten="210,590,250,0" oya="1" hai0="43,45,77,105,47,107,39,51,130,38,97,95,72" hai1="46,104,94,2,114,135,83,87,44,132,120,96,110" hai2="73,102,99,124,128,74,40,71,3,82,61,32,76" hai3=""/><U81/><N who="1" m="30752" /><U93/><E2/><V34/><F3/><T67/><D130/><U111/><E114/><V134/><F128/><T50/><D67/><U78/><E104/><V106/><F134/><N who="1" m="51241" /><E81/><V0/><F0/><T60/><D60/><U103/><E94/><V92/><F124/><T84/><D72/><U53/><E53/><V1/><F1/><T58/><D107/><U70/><E70/><V101/><F74/><T62/><D105/><U54/><E54/><V66/><F102/><T41/><D95/><U108/><AGARI ba="1,0" hai="44,46,78,83,87,93,96,103,108,110,111" m="51241,30752" machi="108" ten="40,8000,1" yaku="14,1,10,1,20,1,52,2" doraHai="116" who="1" fromWho="1" sc="210,-41,590,82,250,-41,0,0" /><INIT seed="1,2,0,4,0,100" ten="169,672,209,0" oya="1" hai0="2,65,71,70,77,88,89,111,105,80,59,3,127" hai1="109,67,43,93,60,63,120,36,135,122,39,107,129" hai2="72,50,53,96,75,106,55,61,123,99,62,76,84" hai3=""/><U69/><N who="1" m="30752" /><U41/><N who="1" m="31264" /><U0/><E0/><V33/><N who="2" m="31520" /><V103/><F33/><T38/><D111/><U133/><E109/><V52/><F50/><T68/><D38/><U131/><E93/><V113/><F113/><T74/><D127/><U92/><E92/><V46/><F46/><T118/><D105/><U48/><E107/><V97/><F84/><T117/><D65/><U94/><E94/><V44/><F44/><T134/><D59/><U64/><E48/><V49/><F49/><T66/><D2/><U104/><E104/><V34/><F34/><T83/><D83/><U81/><E81/><V125/><F125/><T1/><D1/><U115/><E69/><V78/><F103/><T110/><D110/><U47/><E47/><V119/><F119/><T85/><D118/><U86/><E86/><V121/><N who="2" m="31008" /><V37/><F37/><T56/><D117/><U58/><E58/><V108/><F106/><T73/><D3/><U128/><E128/><V112/><F108/><T87/><D87/><U45/><E45/><V95/><F95/><T130/><D130/><U82/><E82/><V32/><F32/><T57/><D85/><U116/><E116/><V54/><N who="2" m="13312" /><DORA hai="35" /><V132/><F97/><RYUUKYOKU ba="2,0" sc="169,-10,672,20,209,-10,0,0" hai1="36,39,41,43,60,63,64,67,115,129,131,133,135" /><INIT seed="1,3,0,0,3,51" ten="159,692,199,0" oya="1" hai0="65,100,116,2,80,114,135,67,131,77,38,41,60" hai1="85,63,61,49,64,124,107,126,72,43,108,118,94" hai2="46,97,115,48,99,110,83,71,53,68,74,91,87" hai3=""/><U69/><E118/><V111/><F115/><T75/><D114/><U58/><E107/><V129/><F129/><T106/><D131/><U127/><E72/><V3/><F3/><T0/><D67/><U57/><E108/><N who="2" m="41515" /><F74/><T89/><D135/><U70/><E94/><V105/><F105/><T98/><D116/><U66/><E85/><V103/><F103/><T84/><D41/><U134/><E134/><V117/><F117/><T54/><D54/><U44/><AGARI ba="3,0" hai="43,44,49,57,58,61,63,64,66,69,70,124,126,127" machi="44" ten="40,12000,2" yaku="0,1,9,1,18,1,34,3" doraHai="51" who="1" fromWho="1" sc="159,-63,692,126,199,-63,0,0" /><INIT seed="1,4,0,3,4,2" ten="96,818,136,0" oya="1" hai0="60,50,106,65,124,122,64,75,80,68,126,39,45" hai1="123,55,116,66,74,120,111,48,127,46,70,41,91" hai2="51,79,85,63,32,86,96,83,3,56,103,52,125" hai3=""/><U97/><N who="1" m="30752" /><U43/><N who="1" m="31520" /><U131/><E116/><V101/><F3/><T109/><N who="0" m="31264" /><T62/><D106/><U84/><E127/><V73/><F125/><T47/><D109/><U34/><E34/><V1/><F1/><T102/><D102/><U113/><E113/><V88/><F32/><T112/><D112/><U119/><E119/><V94/><F101/><T108/><D108/><U37/><E74/><V78/><F78/><T128/><D80/><U61/><E131/><V58/><REACH who="2" step="1"/><F103/><REACH who="2" ten="96,818,126,0" step="2"/><T133/><D128/><U130/><E130/><V42/><F42/><T129/><D129/><U57/><E111/><V53/><AGARI ba="4,1" hai="51,52,53,56,58,63,73,79,83,85,86,88,94,96" machi="53" ten="20,6000,1" yaku="1,1,0,1,7,1,54,2,53,0" doraHai="2" doraHaiUra="0" who="2" fromWho="2" sc="96,-24,818,-44,126,78,0,0" /><INIT seed="2,0,0,3,0,39" ten="72,774,204,0" oya="2" hai0="2,78,61,57,127,48,112,52,69,123,124,117,60" hai1="113,51,84,134,35,67,74,95,3,50,114,125,37" hai2="94,98,96,118,43,91,102,34,42,72,90,131,44" hai3=""/><V97/><F34/><T46/><N who="0" m="31520" /><T86/><D2/><U89/><E134/><V65/><F118/><T116/><D78/><U40/><E125/><N who="0" m="48201" /><D86/><U80/><E35/><V71/><F72/><T126/><N who="0" m="48209" /><T115/><DORA hai="103" /><D69/><U66/><E3/><V56/><F131/><T79/><D79/><U119/><E119/><N who="0" m="45641" /><D61/><U62/><E62/><V110/><F71/><T83/><D83/><U32/><E80/><V121/><F97/><T92/><D92/><U130/><E95/><V73/><F96/><T107/><D107/><U82/><E84/><V129/><F98/><T128/><D128/><U70/><E82/><V81/><F94/><T99/><D99/><U104/><E104/><V49/><F81/><T59/><D59/><U106/><E106/><V77/><F56/><T93/><D93/><U41/><E130/><V76/><F129/><T120/><N who="0" m="30752" /><T105/><D105/><U88/><E70/><V54/><F77/><T45/><D45/><U53/><E32/><V63/><F76/><T132/><D132/><U58/><E58/><V109/><F63/><T64/><AGARI ba="0,0" hai="46,48,52,57,60,64,112,115" m="30752,45641,48209,31520" machi="64" ten="50,9000,2" yaku="18,1,34,2,52,2,54,1" doraHai="39,103" who="0" fromWho="0" sc="72,90,774,-30,204,-60,0,0" /><INIT seed="4,0,0,5,3,118" ten="162,744,144,0" oya="0" hai0="105,41,98,59,38,2,130,52,81,80,75,89,123" hai1="110,120,42,107,95,99,97,133,94,64,132,50,58" hai2="61,131,51,102,60,117,36,124,69,100,53,76,68" hai3=""/><T112/><N who="0" m="31520" /><T108/><D2/><U33/><N who="1" m="30752" /><U39/><E33/><V103/><F117/><T129/><D112/><U35/><E35/><V56/><F131/><N who="0" m="50186" /><D108/><U114/><E107/><V71/><F124/><T47/><D75/><U65/><E39/><V83/><REACH who="2" step="1"/><F36/><REACH who="2" ten="162,744,134,0" step="2"/><T44/><D44/><U3/><E110/><V78/><F78/><T113/><D113/><U40/><E114/><V82/><F82/><T48/><D89/><U34/><E34/><V86/><AGARI ba="0,1" hai="51,53,56,60,61,68,69,71,76,83,86,100,102,103" machi="86" ten="40,2000,0" yaku="1,1,0,1,53,0" doraHai="118" doraHaiUra="111" who="2" fromWho="2" sc="162,-13,744,-7,134,30,0,0" /><INIT seed="5,0,0,2,3,81" ten="149,737,164,0" oya="1" hai0="118,60,78,56,67,125,115,103,77,93,108,109,70" hai1="106,64,72,43,123,105,119,57,130,68,126,97,132" hai2="50,96,75,42,76,48,99,114,128,101,59,65,47" hai3=""/><U83/><N who="1" m="31520" /><U135/><E119/><V74/><F128/><T80/><D118/><U54/><E130/><V87/><F114/><T63/><D115/><U82/><E126/><V92/><F65/><T36/><D36/><U55/><E43/><V58/><F76/><T110/><D125/><U85/><E68/><V39/><F39/><T104/><D104/><U116/><E116/><V91/><F99/><T129/><D129/><U35/><E35/><V41/><F58/><T71/><D78/><U46/><E64/><V61/><F61/><T33/><D33/><U102/><E106/><V117/><F117/><T95/><D71/><U127/><E72/><V124/><F124/><T1/><D1/><U113/><E113/><V44/><REACH who="2" step="1"/><F59/><REACH who="2" ten="149,737,154,0" step="2"/><T0/><D56/><U79/><E127/><V2/><F2/><T73/><D0/><U89/><E57/><V69/><F69/><T111/><D67/><U121/><E79/><V133/><F133/><T107/><D70/><U37/><E135/><V90/><F90/><T45/><D77/><U62/><E132/><V53/><F53/><T49/><D63/><U38/><E62/><V94/><AGARI ba="0,1" hai="41,42,44,47,48,50,74,75,87,91,92,94,96,101" machi="94" ten="20,9000,2" yaku="1,1,0,1,7,1,9,1,52,1,53,1" doraHai="81" doraHaiUra="84" who="2" fromWho="2" sc="149,-30,737,-60,154,100,0,0" /><INIT seed="6,0,0,5,2,102" ten="119,677,254,0" oya="2" hai0="82,61,122,100,47,127,86,2,44,33,90,49,131" hai1="55,120,60,59,75,135,41,91,64,108,52,62,85" hai2="130,88,65,93,106,96,117,35,46,128,76,1,81" hai3=""/><V107/><F1/><T110/><N who="0" m="31264" /><T105/><D2/><U98/><N who="1" m="30752" /><U43/><E108/><V3/><F3/><T69/><D110/><U132/><E75/><V74/><F35/><T73/><D33/><U34/><E98/><V97/><F65/><T38/><D131/><N who="2" m="50218" /><F117/><T124/><D38/><U94/><E34/><V71/><F71/><T133/><D61/><U32/><E32/><V109/><F109/><T123/><N who="0" m="31520" /><T53/><D69/><U36/><E36/><V79/><F79/><T50/><D73/><U119/><E119/><V37/><F96/><T111/><D111/><U54/><E62/><V113/><F113/><T58/><D133/><AGARI ba="0,0" hai="41,43,52,54,55,59,60,64,85,91,94,132,133,135" m="30752" machi="133" ten="40,5200,0" yaku="20,1,52,1,54,1" doraHai="102" who="1" fromWho="0" sc="119,-52,677,52,254,0,0,0" owari="67,-53.0,729,68.0,254,-15.0,0,0.0" /></mjloggm>