<mjloggm ver="2.3"><GO type="169" lobby="0"/><UN n0="%E3%83%81%E3%83%BC%E3%83%9B%E3%82%A4" n1="%E3%83%AA%E3%83%BC%E3%83%95%E3%82%A3%E3%82%A2" n2="%E6%84%9A%E5%BD%A2%E3%81%AE%E6%84%9A%E5%85%84" n3="%28%E3%81%BE%C2%B4%CF%89%EF%BD%80%E3%81%AA%29%E3%83%9F" dan="16,16,16,18" rate="2030.58,2113.73,2085.28,2226.40" sx="M,F,M,F"/><TAIKYOKU oya="0"/><INIT seed="0,0,0,1,5,131" ten="250,250,250,250" oya="0" hai0="26,59,103,2,85,117,7,92,96,106,51,6,121" hai1="14,74,42,72,5,129,130,108,93,95,29,46,58" hai2="43,105,23,38,79,52,45,133,27,16,40,91,3" hai3="56,134,104,57,49,120,82,73,77,44,125,36,22"/><T115/><D115/><U88/><E108/><V10/><F105/><W15/><G104/><T9/><D7/><U34/><E95/><V53/><F79/><W113/><G113/><T135/><D117/><U47/><E47/><V48/><F133/><W118/><G118/><T109/><D121/><U114/><E114/><V66/><F66/><W70/><G70/><T124/><D124/><U4/><E58/><V20/><F91/><W65/><G36/><T100/><D26/><U75/><E34/><V33/><F33/><W107/><G107/><T24/><D24/><U80/><E29/><V62/><F38/><W64/><G125/><T99/><D85/><U111/><E80/><V21/><F3/><W110/><G110/><T63/><D51/><U132/><E132/><V55/><F40/><W97/><G97/><T71/><D71/><U0/><E14/><N who="2" m="7255" /><F62/><W68/><G120/><T61/><D61/><U89/><E89/><V128/><F128/><N who="1" m="49257" /><E0/><V13/><F13/><W19/><G134/><T98/><D98/><N who="1" m="57639" /><E111/><V1/><F1/><W127/><G127/><T37/><D135/><U50/><AGARI ba="0,0" hai="4,5,42,46,50,72,74,75" m="57639,49257" machi="50" ten="40,2700,0" yaku="19,1,54,1" doraHai="131" who="1" fromWho="1" sc="250,-13,250,27,250,-7,250,-7" /><INIT seed="1,0,0,3,2,65" ten="237,277,243,243" oya="1" hai0="31,35,22,107,114,99,63,90,11,59,25,4,58" hai1="78,72,27,8,135,115,26,30,130,101,121,81,104" hai2="106,36,1,89,42,77,20,52,128,40,50,94,16" hai3="7,95,21,84,87,133,38,118,51,79,66,57,12"/><U75/><E121/><V5/><F106/><W47/><G133/><T46/><D114/><U112/><E27/><V2/><F128/><W122/><G122/><T71/><D22/><U17/><E130/><V56/><F77/><W43/><G118/><T29/><D31/><U34/><E135/><V23/><F23/><W80/><G38/><T119/><D119/><U55/><E75/><V131/><F131/><W28/><G7/><T73/><D90/><U82/><E82/><V110/><F110/><W134/><G134/><T24/><D24/><U83/><E83/><V44/><F40/><W61/><G95/><T69/><D46/><U6/><E55/><V97/><REACH who="2" step="1"/><F5/><REACH who="2" ten="237,277,233,243" step="2"/><W105/><G105/><T54/><D73/><U85/><E72/><V3/><F3/><W108/><G108/><T116/><D116/><U125/><E6/><V67/><F67/><W124/><G124/><T45/><D45/><U86/><E125/><V10/><F10/><W9/><G9/><T127/><D127/><U14/><REACH who="1" step="1"/><E86/><REACH who="1" ten="237,267,233,243" step="2"/><V120/><F120/><W93/><G87/><T18/><D4/><U68/><E68/><V126/><F126/><W48/><G84/><T37/><D71/><U41/><E41/><V88/><F88/><W39/><G80/><T32/><D69/><U49/><E49/><V60/><F60/><W70/><G51/><N who="0" m="31071" /><D37/><U74/><E74/><V0/><F0/><W109/><G109/><T98/><D63/><U19/><E19/><V91/><F91/><W92/><G79/><T129/><D18/><U102/><E102/><V15/><AGARI ba="0,2" hai="1,2,15,16,20,36,42,44,50,52,56,89,94,97" machi="15" ten="20,8000,1" yaku="1,1,0,1,7,1,54,2,53,0" doraHai="65" doraHaiUra="64" who="2" fromWho="2" sc="237,-20,267,-40,233,100,243,-20" /><INIT seed="2,0,0,1,4,13" ten="217,227,333,223" oya="2" hai0="8,68,134,10,124,31,11,37,121,116,17,61,52" hai1="63,135,36,9,23,64,81,30,112,84,62,74,89" hai2="6,35,115,29,73,20,55,93,69,48,66,3,119" hai3="123,41,113,72,82,90,83,76,60,24,111,56,87"/><V54/><F115/><W103/><G111/><T86/><D121/><U26/><E36/><V46/><F73/><W91/><G123/><T133/><D37/><U42/><E112/><V59/><F35/><W105/><G113/><T114/><D114/><U108/><E108/><V14/><F69/><W97/><G41/><T67/><D124/><U16/><E42/><V102/><F66/><W47/><G47/><T25/><D86/><U125/><E125/><V15/><F3/><W7/><G7/><T118/><D52/><U106/><E106/><V88/><F102/><W21/><G91/><T126/><D126/><U1/><E135/><N who="0" m="51721" /><D31/><U77/><E64/><V129/><F129/><W58/><REACH who="3" step="1"/><G60/><REACH who="3" ten="217,227,333,213" step="2"/><T107/><D107/><U98/><E63/><N who="2" m="36343" /><F6/><W28/><AGARI ba="0,1" hai="21,24,28,56,58,72,76,82,83,87,90,97,103,105" machi="28" ten="20,2700,0" yaku="1,1,0,1,7,1,53,0" doraHai="13" doraHaiUra="122" who="3" fromWho="3" sc="217,-7,227,-7,333,-13,213,37" /><INIT seed="3,0,0,2,2,12" ten="210,220,320,250" oya="3" hai0="6,107,134,110,43,3,72,98,88,86,62,54,63" hai1="23,132,8,130,66,25,114,49,91,112,106,124,28" hai2="117,102,24,10,95,61,73,35,75,58,109,65,44" hai3="108,47,96,27,80,32,50,37,94,101,15,53,97"/><W60/><G108/><T111/><D72/><U82/><E106/><V42/><F109/><N who="0" m="41482" /><D43/><U45/><E124/><V121/><F117/><W104/><G37/><T11/><D134/><U69/><E130/><V90/><F102/><W13/><G80/><N who="0" m="49223" /><D54/><U135/><E66/><V41/><F41/><W116/><G116/><T68/><D68/><U100/><E69/><V123/><F10/><W71/><G71/><T74/><D74/><U14/><E100/><AGARI ba="0,0" hai="3,6,11,62,63,98,100,107" m="49223,41482" machi="100" ten="30,2000,0" yaku="14,1,54,1" doraHai="12" who="0" fromWho="1" sc="210,20,220,-20,320,0,250,0" /><INIT seed="4,0,0,1,0,24" ten="230,200,320,250" oya="0" hai0="34,96,125,102,27,118,71,20,54,109,133,30,130" hai1="123,49,62,88,46,92,29,108,21,6,45,129,94" hai2="132,47,32,121,16,10,106,107,44,111,127,65,33" hai3="115,52,51,82,18,72,103,113,90,35,105,14,98"/><T66/><D118/><U91/><E123/><V67/><F121/><W25/><G35/><T76/><D76/><U9/><E108/><V97/><F111/><W13/><G25/><N who="0" m="18767" /><D109/><U19/><E129/><V53/><F132/><W104/><G104/><N who="0" m="63559" /><D54/><U28/><E62/><V68/><F53/><W48/><G48/><T112/><D133/><U116/><E116/><V3/><F97/><W135/><G135/><T60/><D112/><N who="3" m="43081" /><G90/><N who="1" m="34346" /><E9/><V122/><F10/><W126/><G126/><T110/><D110/><U134/><E6/><V74/><F127/><W36/><G36/><T61/><D60/><U83/><E83/><V69/><F122/><W31/><G31/><N who="1" m="11850" /><E134/><V99/><F106/><W120/><G120/><T86/><D125/><U93/><E49/><V89/><F107/><W101/><G101/><T81/><D130/><U114/><E114/><V57/><F32/><W55/><G51/><T42/><D42/><U41/><E41/><V119/><F33/><W58/><G82/><T85/><D81/><U63/><E63/><V95/><F119/><W1/><G72/><T73/><D73/><U70/><E70/><V38/><F69/><W2/><G2/><T100/><D100/><U39/><E39/><V12/><F3/><W64/><G1/><T80/><D80/><U22/><E19/><AGARI ba="0,0" hai="19,20,27,61,66,71,85,86" m="63559,18767" machi="19" ten="30,2900,0" yaku="25,1,52,1" doraHai="24" who="0" fromWho="1" sc="230,29,200,-29,320,0,250,0" /><INIT seed="4,1,0,1,4,28" ten="259,171,320,250" oya="0" hai0="8,45,71,68,128,52,41,97,82,102,10,15,113" hai1="89,11,3,31,26,133,81,83,122,130,24,91,61" hai2="125,6,17,30,95,33,56,39,9,38,118,134,49" hai3="115,119,69,22,78,109,108,51,112,86,98,5,34"/><T60/><D113/><N who="3" m="43593" /><G69/><T84/><D10/><U121/><E31/><V132/><F17/><W110/><G119/><T53/><D128/><U66/><E11/><V90/><F125/><W94/><G5/><T123/><D123/><U124/><E124/><V88/><F90/><W101/><G22/><T70/><D60/><U43/><E43/><V4/><F4/><W106/><G51/><T104/><D84/><U64/><E61/><V21/><F21/><W75/><G34/><T77/><D82/><U1/><REACH who="1" step="1"/><E130/><REACH who="1" ten="259,161,320,250" step="2"/><V40/><F40/><W111/><G111/><T48/><REACH who="0" step="1"/><D77/><REACH who="0" ten="249,161,320,250" step="2"/><U63/><E63/><V12/><F9/><W47/><G110/><T19/><AGARI ba="1,2" hai="8,15,19,41,45,48,52,53,68,70,71,97,102,104" machi="19" ten="30,11700,0" yaku="1,1,2,1,0,1,54,1,53,0" doraHai="28" doraHaiUra="25" who="0" fromWho="0" sc="249,140,161,-40,320,-40,250,-40" /><INIT seed="4,2,0,2,3,122" ten="389,121,280,210" oya="0" hai0="56,63,118,54,123,15,31,103,16,84,76,61,100" hai1="96,86,50,52,65,108,43,107,40,62,93,48,105" hai2="126,132,91,41,46,97,6,60,69,19,133,26,135" hai3="35,37,11,74,29,99,30,75,8,2,120,45,57"/><T51/><D118/><U34/><E34/><V14/><F126/><W102/><G120/><T42/><D123/><U109/><E86/><V88/><F6/><W44/><G57/><T47/><D31/><U119/><E119/><V13/><F26/><W94/><G37/><T131/><D131/><U129/><E129/><V9/><F13/><W112/><G112/><T58/><D84/><U64/><E62/><V85/><F97/><W36/><G36/><T113/><D113/><U59/><E96/><V73/><F73/><W21/><G21/><T10/><REACH who="0" step="1"/><D76/><REACH who="0" ten="379,121,280,210" step="2"/><U66/><E93/><V81/><F85/><W121/><G94/><T134/><D134/><U5/><E5/><V27/><F132/><W79/><G79/><T25/><D25/><U124/><E124/><V22/><F133/><W80/><G30/><T71/><D71/><U90/><E90/><V67/><F135/><W110/><G29/><T83/><D83/><U4/><E4/><V114/><F81/><W20/><G80/><T98/><D98/><U82/><E82/><V17/><F114/><W32/><G99/><T115/><D115/><U7/><E7/><V33/><F33/><W68/><G68/><T12/><D12/><U92/><E92/><V95/><F95/><W0/><G35/><T38/><D38/><AGARI ba="2,1" hai="9,14,17,19,22,27,38,41,46,60,67,69,88,91" machi="38" ten="30,2000,0" yaku="7,1,54,1" doraHai="122" who="2" fromWho="0" sc="379,-26,121,0,280,36,210,0" /><INIT seed="5,0,0,0,4,118" ten="353,121,316,210" oya="1" hai0="95,20,131,49,12,132,0,74,1,122,56,73,62" hai1="22,101,3,16,30,44,31,104,11,57,4,2,24" hai2="54,55,100,134,23,53,21,102,50,92,26,112,99" hai3="90,39,67,127,78,110,7,37,42,103,14,125,123"/><U45/><E104/><V28/><F134/><W43/><G103/><T63/><D49/><U124/><E101/><V59/><F112/><W87/><G78/><T129/><D95/><U105/><E105/><V6/><F102/><W113/><G67/><T108/><D108/><U41/><E124/><N who="3" m="47690" /><G110/><T91/><D91/><U97/><E97/><V126/><F126/><W32/><G32/><T65/><D132/><U34/><E57/><V5/><F21/><W77/><G77/><T81/><D62/><U130/><E130/><N who="0" m="49673" /><D122/><U119/><E119/><V89/><F89/><W128/><G123/><T61/><D61/><U75/><E75/><N who="0" m="28681" /><D81/><U15/><E31/><V64/><F50/><W70/><G90/><T85/><D85/><U116/><E116/><V40/><F40/><W58/><G87/><T46/><D46/><U52/><E41/><V29/><F29/><W66/><G43/><T120/><D120/><U18/><E18/><AGARI ba="0,0" hai="0,1,12,18,20,56,63,65" m="28681,49673" machi="18" ten="30,1000,0" yaku="19,1" doraHai="118" who="0" fromWho="1" sc="353,10,121,-10,316,0,210,0" /><INIT seed="6,0,0,3,1,17" ten="363,111,316,210" oya="2" hai0="10,108,19,103,99,132,20,86,59,71,111,39,128" hai1="124,16,120,131,36,5,50,100,2,97,78,46,23" hai2="33,8,53,54,25,96,41,109,28,76,77,89,92" hai3="87,24,84,104,29,65,98,121,44,105,0,38,9"/><V70/><F70/><W88/><G121/><T133/><D71/><U22/><E120/><V63/><F109/><W125/><G125/><T116/><D39/><U52/><E124/><V43/><F8/><W12/><G0/><T27/><D128/><U7/><E131/><V106/><F106/><W42/><G65/><T32/><D32/><U94/><E2/><V114/><F114/><W113/><G84/><T66/><D116/><U134/><E134/><N who="0" m="51817" /><D86/><U129/><E129/><V35/><F35/><W95/><G87/><T26/><D26/><N who="1" m="14663" /><E36/><V58/><F53/><W40/><G40/><T37/><D37/><U61/><E78/><V31/><F31/><W14/><G14/><T55/><D10/><U119/><E119/><V56/><F56/><W49/><G38/><T4/><D66/><U130/><E130/><V47/><F41/><W45/><G45/><T1/><D4/><N who="1" m="1611" /><E23/><V80/><F80/><W30/><G113/><T75/><D75/><U64/><E64/><V81/><F81/><W110/><G110/><T68/><D68/><U57/><E46/><V15/><F77/><W112/><G112/><T117/><D117/><U21/><E21/><N who="2" m="15407" /><F76/><W101/><G24/><T11/><D11/><U107/><E107/><V34/><F34/><W123/><G123/><T91/><D1/><U115/><E115/><V83/><F33/><W60/><G105/><N who="0" m="63743" /><D111/><U122/><E122/><V3/><F3/><W69/><G9/><T67/><D67/><U126/><E126/><V6/><F6/><W118/><G118/><T62/><D108/><U135/><E135/><V72/><F72/><RYUUKYOKU ba="0,0" sc="363,15,111,15,316,-15,210,-15" hai0="19,20,27,55,59,62,91" hai1="50,52,57,61,94,97,100" /><INIT seed="7,1,0,5,0,80" ten="378,126,301,195" oya="3" hai0="77,48,0,12,81,129,71,37,38,19,120,88,1" hai1="10,59,24,14,135,103,54,62,45,15,57,16,6" hai2="115,113,78,70,98,79,91,123,96,134,61,26,133" hai3="31,51,64,50,44,65,52,132,82,127,111,27,30"/><W40/><G127/><T90/><D71/><U131/><E131/><V13/><F13/><W20/><G132/><N who="2" m="50793" /><F26/><W125/><G125/><T83/><D48/><U63/><E135/><V118/><F61/><W110/><G31/><T109/><D129/><U89/><E103/><V9/><F9/><W56/><REACH who="3" step="1"/><G82/><REACH who="3" ten="378,126,301,185" step="2"/><T28/><D81/><U87/><E24/><V68/><F118/><W85/><G85/><T72/><D83/><N who="1" m="49407" /><E45/><V119/><F119/><W128/><G128/><T73/><D72/><U67/><E15/><V39/><F78/><W92/><G92/><T126/><D77/><U35/><E35/><V55/><F79/><W117/><G117/><T104/><D73/><U95/><E95/><V86/><F86/><W53/><G53/><T66/><D126/><U17/><AGARI ba="1,1" hai="6,10,14,16,17,54,57,59,62,63,67" m="49407" machi="17" ten="30,4000,0" yaku="8,1,52,1,54,1" doraHai="80" who="1" fromWho="1" sc="378,-11,126,53,301,-11,185,-21" owari="367,47.0,179,-22.0,290,9.0,164,-34.0" /></mjloggm>