<mjloggm ver="2.3"><GO type="169" lobby="0"/><UN n0="%E6%A9%98%E3%83%AF%E3%83%AB%E3%83%84" n1="%E3%81%8B%E3%81%A5%E3%81%8D%EF%BC%B8%EF%BC%A9" n2="%E9%BD%8B%E8%97%A4%E9%A3%9B%E9%B3%A5%E4%B8%B6" n3="%E3%81%B8%E3%81%9D%E3%81%AA%E3%82%81%E3%81%9F%E3%81%84" dan="17,16,16,17" rate="2235.17,2111.21,2087.30,2213.38" sx="M,M,F,M"/><TAIKYOKU oya="0"/><INIT seed="0,0,0,4,1,11" ten="250,250,250,250" oya="0" hai0="63,101,113,4,58,1,39,9,81,21,125,133,16" hai1="18,37,82,10,78,54,134,14,25,22,13,116,118" hai2="124,69,87,83,106,74,68,43,0,96,52,67,23" hai3="17,48,114,31,28,127,6,47,109,112,35,97,117"/><T49/><D113/><N who="3" m="43625" /><G97/><T102/><D39/><U44/><E54/><V5/><F74/><W15/><G47/><T86/><D133/><U128/><E134/><V27/><F43/><W77/><G48/><T70/><D70/><U26/><E128/><V79/><F124/><W29/><G77/><T30/><D30/><N who="3" m="11881" /><G127/><T71/><D49/><U126/><E126/><V57/><F67/><W91/><G91/><T98/><D71/><U46/><E46/><V50/><F106/><W51/><G51/><T40/><D40/><U105/><E105/><V100/><F100/><W107/><G107/><T132/><D98/><U99/><E99/><V135/><F96/><W42/><G42/><T64/><D132/><U19/><E44/><V89/><F79/><W12/><G117/><N who="1" m="45162" /><E82/><V92/><F83/><W131/><G131/><T45/><D45/><U108/><E78/><V2/><F135/><W24/><G109/><T111/><D111/><U130/><E130/><V129/><F129/><W8/><G17/><T88/><D125/><U123/><E37/><V121/><F68/><W120/><G120/><T75/><REACH who="0" step="1"/><D75/><REACH who="0" ten="240,250,250,250" step="2"/><U55/><E108/><V66/><F69/><W53/><G53/><T34/><D34/><U61/><E55/><V65/><F52/><W93/><G93/><T94/><D94/><U90/><E123/><V59/><F121/><W38/><G38/><T7/><D7/><U110/><E110/><V85/><F5/><W73/><G73/><T103/><D103/><U95/><E61/><V115/><F50/><W122/><G122/><T33/><D33/><U62/><E62/><RYUUKYOKU ba="0,1" sc="240,10,250,10,250,-30,250,10" hai0="1,4,9,16,21,58,63,64,81,86,88,101,102" hai1="10,13,14,18,19,22,25,26,90,95" hai3="6,8,12,15,24,31,35" /><INIT seed="0,1,1,5,2,96" ten="250,260,220,260" oya="0" hai0="124,132,131,15,54,8,55,68,30,64,33,21,105" hai1="97,69,113,72,75,76,47,4,44,38,106,121,134" hai2="29,120,60,40,10,130,89,90,122,22,74,127,117" hai3="20,98,12,71,79,95,7,42,87,125,73,123,115"/><T63/><D132/><U17/><E17/><V5/><F117/><W116/><G115/><T119/><D119/><U104/><E121/><V24/><F127/><W51/><G116/><T84/><D124/><U114/><E134/><V3/><F130/><W99/><G71/><T109/><D131/><U81/><E4/><V49/><F74/><W23/><G73/><T26/><D109/><U35/><E35/><V28/><F28/><W6/><G125/><T65/><D65/><U92/><E69/><V0/><F0/><W78/><G95/><T58/><D84/><U14/><E14/><V135/><F135/><W37/><G37/><T101/><D21/><U61/><E61/><V27/><F27/><W36/><G36/><T32/><D58/><U1/><E1/><V56/><F120/><W94/><G94/><T2/><D2/><U82/><E38/><V48/><F122/><W126/><G126/><T66/><D66/><U59/><E59/><V107/><F107/><N who="1" m="41001" /><E44/><V34/><F34/><W100/><G100/><T83/><D83/><N who="1" m="31755" /><E47/><V91/><REACH who="2" step="1"/><F40/><REACH who="2" ten="250,260,210,260" step="2"/><W25/><G42/><T129/><D32/><U103/><E75/><V19/><F19/><W67/><G123/><T70/><D129/><U112/><E72/><V9/><F9/><W85/><G12/><T53/><D70/><U46/><E112/><V133/><F133/><W45/><G25/><T86/><D15/><U16/><E114/><V62/><F62/><W80/><G7/><T77/><D8/><U57/><E113/><V108/><F108/><W18/><G6/><T110/><D110/><U11/><E11/><RYUUKYOKU ba="1,2" sc="250,-10,260,-10,210,30,260,-10" hai2="3,5,10,22,24,29,48,49,56,60,89,90,91" /><INIT seed="1,2,2,5,0,78" ten="240,250,240,250" oya="1" hai0="48,83,130,12,9,71,1,60,35,121,36,55,120" hai1="8,46,110,103,106,18,102,84,0,82,6,126,52" hai2="135,49,131,117,98,21,30,47,101,113,100,57,33" hai3="81,4,41,109,16,80,99,53,5,88,125,58,104"/><U97/><E126/><V67/><F117/><W15/><G125/><T3/><D36/><U64/><E64/><V44/><F131/><W7/><G109/><T38/><D38/><U96/><E110/><V92/><F135/><W32/><G32/><T128/><D35/><U77/><E18/><V74/><F74/><W13/><G13/><T11/><D60/><U76/><E76/><V39/><F39/><W17/><G41/><T34/><D34/><U56/><E46/><V89/><F33/><W90/><G104/><T124/><D71/><U37/><E37/><V26/><F113/><W19/><G15/><T51/><D12/><U129/><E129/><V118/><F118/><W79/><G79/><T132/><D124/><U59/><REACH who="1" step="1"/><E52/><REACH who="1" ten="240,240,240,250" step="2"/><N who="2" m="29759" /><F44/><W24/><G24/><T54/><D132/><U25/><E25/><V22/><F21/><W116/><G116/><T66/><D66/><U23/><E23/><V68/><F68/><W108/><G108/><T123/><D123/><U85/><E85/><V45/><F45/><W28/><G28/><T10/><D10/><U61/><E61/><AGARI ba="2,3" hai="22,26,30,57,61,67,89,92,98,100,101" m="29759" machi="61" ten="30,2000,0" yaku="8,1,54,1" doraHai="78" who="2" fromWho="1" sc="240,0,240,-26,240,56,250,0" /><INIT seed="2,0,0,4,1,59" ten="240,214,296,250" oya="2" hai0="79,105,71,84,68,112,119,124,9,73,54,28,92" hai1="70,108,91,80,45,29,111,55,39,52,44,42,89" hai2="110,14,123,35,115,86,43,109,15,63,102,4,75" hai3="128,120,36,10,66,100,97,56,18,88,61,125,82"/><V101/><F123/><W34/><G120/><T21/><D112/><U46/><E29/><V50/><F75/><W25/><G36/><T20/><D105/><U81/><E70/><V32/><F115/><W12/><G128/><T122/><D122/><U47/><N who="1" m="11264" /><DORA hai="49" /><U95/><E42/><V77/><F50/><W17/><G125/><T93/><D124/><U131/><E131/><V23/><F43/><W65/><G100/><T116/><D73/><U130/><E130/><V133/><F133/><W40/><G40/><T72/><D72/><U99/><E39/><V69/><F77/><W6/><G34/><T7/><D28/><U90/><E99/><V11/><F86/><N who="3" m="50263" /><G97/><T24/><D84/><U37/><E95/><V0/><F0/><W64/><G25/><T58/><D79/><U135/><E135/><V113/><F113/><W103/><G103/><T60/><D93/><U3/><E3/><V118/><F102/><W38/><G38/><T2/><D92/><U129/><E129/><V16/><F101/><W98/><G98/><T96/><D96/><U132/><E132/><V13/><F118/><W106/><G106/><T127/><D24/><U117/><E117/><N who="0" m="45129" /><D127/><U53/><REACH who="1" step="1"/><E37/><REACH who="1" ten="240,204,296,250" step="2"/><V134/><F134/><W27/><G27/><T48/><D71/><U8/><E8/><V78/><F11/><W19/><AGARI ba="0,1" hai="6,10,12,17,18,19,56,61,64,65,66" m="50263" machi="19" ten="30,4000,0" yaku="8,1,52,1,54,1" doraHai="59,49" who="3" fromWho="3" sc="240,-10,204,-10,296,-20,250,50" /><INIT seed="3,0,0,5,5,118" ten="230,194,276,300" oya="3" hai0="11,35,43,103,14,115,108,125,53,52,34,61,58" hai1="133,64,74,4,67,28,60,72,87,90,84,24,23" hai2="112,117,41,5,135,101,18,17,76,92,78,0,8" hai3="31,9,124,127,82,113,22,75,77,96,81,21,119"/><W99/><G119/><T38/><D115/><U19/><E133/><V39/><F117/><W123/><G113/><T129/><D103/><U48/><E84/><V25/><F135/><W36/><G36/><T70/><D129/><U45/><E4/><V122/><F112/><W59/><G59/><T33/><D108/><U126/><E126/><N who="3" m="48170" /><G9/><T114/><D114/><U109/><E109/><V27/><F41/><W51/><G51/><T120/><D125/><U85/><E85/><V97/><F39/><W13/><G82/><T83/><D70/><U128/><E128/><V47/><F47/><W66/><G66/><T32/><D43/><U89/><E67/><V102/><F8/><W16/><G123/><T91/><D38/><U69/><E28/><V29/><F29/><W98/><G31/><T93/><D83/><U68/><E69/><V100/><F0/><W65/><G65/><T49/><D120/><U3/><E3/><V106/><F122/><W6/><G22/><T12/><D11/><U111/><E111/><V57/><F57/><W132/><G132/><T121/><D121/><U54/><REACH who="1" step="1"/><E90/><REACH who="1" ten="230,184,276,300" step="2"/><V15/><F5/><AGARI ba="0,1" hai="5,6,13,16,21,75,77,81,96,98,99" m="48170" machi="5" ten="30,2900,0" yaku="18,1,54,1" doraHai="118" who="3" fromWho="2" sc="230,0,184,0,276,-29,300,39" /><INIT seed="3,1,0,5,0,128" ten="230,184,247,339" oya="3" hai0="59,96,21,103,95,51,78,8,87,53,6,75,15" hai1="61,5,45,82,2,110,18,112,119,23,32,44,83" hai2="101,111,39,107,86,98,34,85,125,73,25,84,56" hai3="43,64,12,20,31,19,28,1,114,130,80,63,69"/><W108/><G114/><T133/><D75/><U126/><E32/><V40/><F111/><W10/><G130/><T104/><D104/><U129/><E110/><V47/><F73/><W58/><G43/><T66/><D66/><U118/><E112/><V94/><F125/><W77/><G108/><T123/><D123/><U91/><E126/><V89/><F34/><W54/><G1/><T70/><D70/><U33/><E33/><V52/><REACH who="2" step="1"/><F25/><REACH who="2" ten="230,184,237,339" step="2"/><W99/><G99/><T76/><D87/><U9/><E129/><V65/><F65/><W113/><G113/><T92/><D92/><U36/><E119/><V72/><F72/><W90/><G90/><T120/><D120/><U17/><E91/><V134/><F134/><W35/><G35/><T93/><D133/><U4/><E118/><V14/><F14/><W27/><G64/><T109/><D95/><U48/><E2/><V122/><F122/><W68/><REACH who="3" step="1"/><G31/><REACH who="3" ten="230,184,237,329" step="2"/><T135/><D109/><U100/><E100/><V131/><F131/><W26/><G26/><T127/><D127/><U24/><E24/><V49/><AGARI ba="1,2" hai="39,40,47,49,52,56,84,85,86,89,94,98,101,107" machi="49" ten="20,8000,1" yaku="1,1,0,1,7,1,54,1,53,1" doraHai="128" doraHaiUra="38" who="2" fromWho="2" sc="230,-21,184,-21,237,103,329,-41" /><INIT seed="4,0,0,1,2,112" ten="209,163,340,288" oya="0" hai0="35,55,120,66,75,134,131,31,1,19,127,135,65" hai1="129,52,72,2,46,86,7,90,58,89,9,50,118" hai2="94,47,79,133,18,5,88,32,107,59,104,81,6" hai3="11,14,69,119,87,29,77,76,49,108,28,128,132"/><T34/><D75/><U93/><E72/><V42/><F32/><W20/><G108/><T53/><D120/><U40/><E129/><V126/><F126/><W98/><G69/><T70/><D1/><U24/><E24/><V113/><F113/><W97/><G128/><T125/><D131/><U130/><E130/><V103/><F18/><W37/><G37/><T99/><D99/><U54/><E54/><N who="0" m="20489" /><D19/><U117/><REACH who="1" step="1"/><E90/><REACH who="1" ten="209,153,340,288" step="2"/><V100/><F88/><W39/><G132/><N who="0" m="50731" /><D31/><U74/><E74/><V114/><F133/><W3/><G28/><T51/><D70/><U95/><E95/><V27/><F94/><W73/><G29/><T122/><D122/><U12/><E12/><V57/><F104/><W56/><G73/><T26/><D26/><U92/><E92/><V91/><F27/><W43/><G14/><T22/><D22/><U44/><E44/><V67/><F47/><W45/><G20/><T62/><D62/><AGARI ba="0,1" hai="2,7,9,40,46,50,52,58,62,86,89,93,117,118" machi="62" ten="30,8000,1" yaku="1,1,7,1,52,2,54,1,53,0" doraHai="112" doraHaiUra="124" who="1" fromWho="0" sc="209,-80,153,90,340,0,288,0" /><INIT seed="5,0,0,2,2,126" ten="129,243,340,288" oya="1" hai0="128,122,2,30,58,19,22,116,110,44,107,18,129" hai1="57,8,90,52,84,108,91,123,7,50,3,24,46" hai2="74,88,97,13,53,6,73,115,105,113,121,125,106" hai3="23,118,75,78,51,124,131,101,29,21,120,28,64"/><U20/><E123/><V77/><F121/><W132/><G120/><T41/><D107/><N who="2" m="40970" /><F125/><W133/><G124/><T14/><D116/><U1/><E1/><V61/><F61/><W82/><G118/><T32/><D58/><U39/><E108/><V62/><F62/><W0/><G0/><T92/><D122/><U42/><REACH who="1" step="1"/><E84/><REACH who="1" ten="129,233,340,288" step="2"/><V69/><F74/><W65/><G75/><T38/><D110/><U111/><E111/><V96/><F73/><W40/><G132/><T27/><D2/><U66/><E66/><V56/><F113/><W10/><G133/><T34/><D92/><U117/><E117/><V43/><F115/><W102/><G65/><T71/><D71/><U68/><E68/><V104/><F69/><W59/><G64/><T4/><D4/><U87/><E87/><V36/><F6/><W85/><G85/><T15/><REACH who="0" step="1"/><D34/><REACH who="0" ten="119,233,340,288" step="2"/><U94/><E94/><V5/><F104/><W45/><G59/><T37/><D37/><U49/><E49/><V76/><F36/><W25/><G51/><T47/><D47/><U79/><E79/><V55/><F77/><W17/><G45/><T48/><D48/><U127/><E127/><V80/><F76/><W70/><G78/><T26/><D26/><U100/><E100/><V114/><F5/><W72/><G70/><T103/><D103/><U9/><E9/><AGARI ba="0,2" hai="9,14,15,18,19,22,27,30,32,38,41,44,128,129" machi="9" ten="40,8000,1" yaku="1,1,52,2,53,2" doraHai="126" doraHaiUra="12" who="0" fromWho="1" sc="119,100,233,-80,340,0,288,0" /><INIT seed="6,0,0,0,3,74" ten="219,153,340,288" oya="2" hai0="132,109,66,91,52,105,116,5,130,129,63,56,3" hai1="44,73,106,123,22,77,61,89,70,92,43,55,57" hai2="102,75,37,33,45,121,96,40,21,13,82,19,76" hai3="127,99,93,126,32,14,78,31,87,28,128,84,41"/><V26/><F121/><W65/><G65/><T125/><D105/><U62/><E106/><V60/><F60/><W6/><G41/><T83/><D109/><U23/><E123/><V86/><F33/><W49/><G49/><T94/><D116/><U134/><E134/><V42/><F42/><W124/><G128/><T2/><D5/><U104/><E104/><V34/><F34/><W114/><G114/><T10/><D10/><U38/><E62/><V95/><REACH who="2" step="1"/><F26/><REACH who="2" ten="219,153,330,288" step="2"/><W7/><G32/><T67/><D132/><U58/><E70/><V8/><F8/><N who="3" m="4375" /><G7/><T25/><D25/><U72/><E58/><V69/><F69/><W11/><G11/><T111/><D111/><U80/><REACH who="1" step="1"/><E73/><AGARI ba="0,1" hai="13,19,21,37,40,45,73,75,76,82,86,95,96,102" machi="73" ten="40,3900,0" yaku="1,1,52,1,53,0" doraHai="74" doraHaiUra="112" who="2" fromWho="1" sc="219,0,153,-39,330,49,288,0" /><INIT seed="6,1,0,2,4,86" ten="219,114,379,288" oya="2" hai0="102,20,12,60,22,38,18,5,105,45,58,33,111" hai1="87,104,43,117,28,36,62,53,89,19,134,85,39" hai2="83,93,51,30,106,69,71,56,135,82,21,57,6" hai3="122,67,73,65,46,47,110,108,61,66,35,13,114"/><V40/><F106/><W128/><G73/><T88/><D33/><U32/><E104/><V31/><F6/><W126/><G35/><T11/><D111/><N who="3" m="42537" /><G13/><T1/><D102/><U101/><E101/><V92/><F21/><W2/><G2/><T131/><D105/><U9/><E117/><V42/><F51/><W52/><G122/><T90/><D131/><U50/><E134/><AGARI ba="1,0" hai="30,31,40,42,56,57,69,71,82,83,92,93,134,135" machi="134" ten="25,2400,0" yaku="22,2" doraHai="86" who="2" fromWho="1" sc="219,0,114,-27,379,27,288,0" /><INIT seed="6,2,0,3,3,88" ten="219,87,406,288" oya="2" hai0="90,129,48,55,111,122,84,18,125,69,1,114,68" hai1="98,85,86,51,116,33,67,14,59,30,28,27,53" hai2="75,56,39,38,47,31,26,43,92,11,19,4,121" hai3="34,23,32,17,65,5,72,102,93,0,96,58,87"/><V21/><F75/><W22/><G72/><T110/><D1/><U54/><E116/><V13/><F121/><W101/><G102/><T41/><D122/><U99/><E67/><V83/><F83/><W60/><G23/><T126/><D18/><U61/><E14/><V12/><F56/><W82/><G0/><T24/><D24/><U91/><E85/><V46/><F46/><W73/><G5/><T15/><D15/><U113/><E28/><V35/><F92/><W9/><G9/><T132/><D41/><U119/><E113/><V124/><F124/><N who="0" m="47722" /><D114/><U36/><E36/><AGARI ba="2,0" hai="4,11,12,13,19,21,26,31,35,36,38,39,43,47" machi="36" ten="30,1500,0" yaku="7,1" doraHai="88" who="2" fromWho="1" sc="219,0,87,-21,406,21,288,0" /><INIT seed="6,3,0,1,3,35" ten="219,66,427,288" oya="2" hai0="117,71,123,92,24,54,16,7,100,112,115,132,0" hai1="82,5,79,9,69,13,38,116,97,37,47,105,34" hai2="78,119,128,127,12,85,28,44,81,96,120,108,14" hai3="73,68,49,134,1,86,76,131,135,59,2,46,111"/><V56/><F119/><W30/><G73/><T52/><D71/><U58/><E69/><V17/><F108/><W88/><G111/><T70/><D70/><U99/><E34/><V89/><F127/><W29/><G68/><T118/><D123/><U101/><E97/><V41/><F28/><W130/><G76/><T22/><D132/><N who="3" m="50729" /><G59/><T113/><D7/><U104/><E116/><N who="0" m="44649" /><D0/><N who="3" m="105" /><G49/><T93/><D100/><U91/><E91/><V23/><F56/><W98/><G98/><T4/><D4/><U67/><E105/><V125/><F96/><W106/><G106/><T62/><D62/><U80/><E80/><V84/><F81/><N who="3" m="49231" /><G46/><T107/><D107/><U45/><E45/><V31/><F44/><W33/><G33/><T87/><D87/><U66/><E58/><V20/><F84/><W121/><G121/><T75/><D75/><U21/><E47/><V26/><F85/><W109/><G109/><T133/><D133/><U114/><E79/><V18/><F78/><W50/><G50/><T11/><D11/><U3/><E82/><V102/><F120/><W25/><G25/><T126/><D126/><U53/><E104/><V6/><F26/><W64/><G64/><T124/><D124/><U94/><E67/><V90/><F125/><W95/><G95/><AGARI ba="3,0" hai="16,22,24,52,54,92,93,95,112,113,115" m="44649" machi="95" ten="40,8000,1" yaku="15,1,12,1,54,2" doraHai="35" who="0" fromWho="3" sc="219,89,66,0,427,0,288,-89" /><INIT seed="7,0,0,3,0,54" ten="308,66,427,199" oya="3" hai0="15,124,78,88,133,100,28,4,73,55,86,43,30" hai1="71,64,126,18,14,106,7,99,17,0,109,36,47" hai2="70,115,25,75,35,31,38,27,118,61,74,113,49" hai3="123,95,65,50,129,98,12,3,103,67,23,40,117"/><W80/><G117/><T102/><D43/><U58/><E109/><V21/><F38/><W131/><G123/><T97/><D133/><U93/><E106/><V46/><F61/><W33/><G3/><T84/><D124/><U114/><E71/><V45/><F70/><W48/><G33/><T52/><D73/><U92/><E126/><V107/><F107/><W11/><G23/><T41/><D41/><U135/><E135/><V85/><F85/><W120/><G120/><T122/><D122/><U37/><E0/><V116/><F74/><W26/><G26/><T24/><D15/><U105/><E105/><V59/><F75/><W125/><G125/><T44/><D4/><U68/><E68/><V104/><F104/><W128/><G80/><T127/><D127/><U87/><E36/><V53/><F46/><N who="3" m="25671" /><G50/><T16/><D97/><U108/><E108/><V110/><F110/><W34/><G34/><T119/><D119/><U2/><E2/><V32/><F32/><W60/><G60/><T83/><D44/><U130/><E37/><V69/><F45/><W5/><AGARI ba="0,0" hai="5,11,12,65,67,95,98,103,128,129,131" m="25671" machi="5" ten="30,1500,0" yaku="19,1" doraHai="54" who="3" fromWho="3" sc="308,-5,66,-5,427,-5,199,15" /><INIT seed="7,1,0,2,3,28" ten="303,61,422,214" oya="3" hai0="112,91,36,103,48,43,73,15,35,129,86,121,77" hai1="44,81,11,12,120,67,82,65,79,2,125,34,130" hai2="69,84,41,19,20,98,123,63,110,39,127,54,55" hai3="49,74,109,37,134,62,6,126,90,21,27,53,50"/><W117/><G117/><T3/><D121/><U0/><E120/><V33/><F33/><W46/><G74/><T58/><D129/><U104/><E104/><V83/><F127/><W135/><G126/><T106/><D112/><U56/><E130/><V4/><F4/><W18/><G6/><T5/><D15/><U24/><E125/><V94/><F41/><W23/><G109/><T32/><D58/><U101/><E101/><V52/><F39/><W92/><G37/><T93/><D48/><U87/><E81/><V26/><F69/><W13/><G62/><T10/><D103/><U40/><E2/><V7/><F7/><W124/><G50/><T1/><D1/><U97/><E0/><V29/><F29/><W72/><G72/><T105/><D105/><U64/><E97/><V66/><F110/><W17/><REACH who="3" step="1"/><G124/><REACH who="3" ten="303,61,422,204" step="2"/><T60/><D60/><U133/><E133/><V128/><F63/><W8/><G8/><T108/><D108/><U57/><E24/><V31/><F123/><W88/><G88/><T89/><D89/><U116/><E116/><V114/><F128/><W115/><G115/><T51/><D51/><U132/><E132/><V25/><F114/><W9/><G9/><T107/><D73/><U61/><E61/><V78/><F66/><N who="1" m="16897" /><U76/><DORA hai="113" /><E76/><V71/><F71/><W70/><G70/><T14/><D77/><U59/><E34/><N who="0" m="12841" /><D3/><U30/><E30/><V68/><F68/><W100/><G100/><T22/><D22/><U131/><E131/><V95/><F31/><W119/><G119/><T122/><D122/><U96/><E79/><RYUUKYOKU ba="1,1" sc="303,15,61,-15,422,-15,204,15" hai0="5,10,14,36,43,86,91,93,106,107" hai3="13,17,18,21,23,27,46,49,53,90,92,134,135" /><INIT seed="7,2,1,3,5,11" ten="318,46,407,219" oya="3" hai0="82,90,53,48,9,58,34,15,112,3,21,71,83" hai1="102,17,109,104,126,63,94,87,16,50,60,92,36" hai2="44,26,81,29,18,10,78,70,45,103,47,42,55" hai3="49,37,95,77,1,31,2,19,80,106,65,46,85"/><W121/><G121/><T105/><D34/><U124/><E36/><V41/><F70/><W32/><G106/><T35/><D35/><U7/><E7/><V97/><F55/><W123/><G123/><T59/><D71/><U96/><E109/><V51/><F42/><W64/><G37/><T54/><D105/><U108/><E108/><V115/><F115/><W88/><G19/><T43/><D43/><U30/><E30/><V68/><F68/><W75/><G31/><T101/><D101/><U6/><E6/><V76/><F76/><W5/><G32/><T28/><D3/><U89/><E104/><V120/><F120/><W111/><G111/><T134/><D134/><U39/><E39/><V27/><F29/><W110/><G110/><T93/><D112/><U114/><E114/><V52/><F27/><W129/><G129/><T127/><D127/><U107/><E107/><V0/><F0/><W131/><G131/><T40/><D40/><U86/><E50/><V56/><F41/><W38/><G38/><T125/><D125/><U119/><E102/><V113/><F113/><W74/><G74/><T99/><D21/><U72/><E72/><N who="2" m="43207" /><F26/><W4/><G1/><T69/><D69/><U22/><E22/><V25/><F25/><W128/><G128/><T118/><D118/><U135/><E96/><V8/><F18/><W24/><G24/><T98/><D98/><U133/><REACH who="1" step="1"/><E89/><REACH who="1" ten="318,36,407,219" step="2"/><V61/><F51/><W100/><G100/><T73/><D73/><U14/><E14/><V122/><F122/><W13/><G13/><T62/><D28/><U20/><E20/><RYUUKYOKU ba="2,2" sc="318,10,36,10,407,10,219,-30" hai0="9,15,48,53,54,58,59,62,82,83,90,93,99" hai1="16,17,60,63,86,87,92,94,119,124,126,133,135" hai2="8,10,44,45,47,52,56,61,97,103" owari="328,13.0,46,-45.0,437,53.0,189,-21.0" /></mjloggm>