<mjloggm ver="2.3"><GO type="169" lobby="0"/><UN n0="%6D%61%74%6F%30%36%30%33" n1="%E3%81%A4%E3%81%B0%E3%81%AB%E3%82%83%E3%82%93%E2%98%85" n2="%E3%81%AA%E3%81%88%E3%81%A8%E3%82%8B" n3="%E3%81%8A%E3%81%98%E3%81%95%E3%82%93" dan="17,16,16,16" rate="2199.29,2081.74,2165.98,2162.53" sx="M,M,M,M"/><TAIKYOKU oya="0"/><INIT seed="0,0,0,4,5,65" ten="250,250,250,250" oya="0" hai0="104,83,19,36,56,102,57,82,134,96,92,47,91" hai1="37,80,14,12,39,63,116,41,17,2,103,23,123" hai2="31,61,6,81,38,86,20,11,117,0,62,84,85" hai3="33,93,71,49,4,16,55,118,15,29,21,68,70"/><T133/><D19/><U72/><E2/><V51/><F38/><W46/><G118/><T44/><D57/><U120/><E116/><V69/><F117/><W101/><G4/><T110/><D56/><U132/><E103/><V77/><F51/><W99/><G29/><T97/><D36/><U32/><E72/><V122/><F122/><W107/><REACH who="3" step="1"/><G33/><REACH who="3" ten="250,250,250,240" step="2"/><T30/><D30/><U87/><E32/><V52/><F31/><W66/><G66/><T115/><D115/><U48/><E123/><V79/><F6/><W88/><G88/><T67/><D67/><U24/><E120/><V34/><F34/><W27/><G27/><T94/><D110/><U50/><E24/><V114/><F114/><W124/><G124/><T95/><D91/><U113/><E113/><V22/><F79/><W13/><G13/><T40/><D102/><U3/><E3/><V100/><F100/><W128/><G128/><T9/><D133/><U119/><E132/><V59/><F0/><W64/><G64/><T53/><D134/><U60/><E119/><V7/><F7/><W125/><G125/><T10/><D104/><AGARI ba="0,1" hai="15,16,21,46,49,55,68,70,71,93,99,101,104,107" machi="104" ten="40,8000,1" yaku="1,1,52,3,54,1,53,0" doraHai="65" doraHaiUra="112" who="3" fromWho="0" sc="250,-80,250,0,250,0,240,90" /><INIT seed="1,0,0,3,5,121" ten="170,250,250,330" oya="1" hai0="7,1,101,93,25,0,122,31,116,46,66,107,20" hai1="129,38,73,15,115,105,52,68,96,98,100,99,78" hai2="62,117,60,16,51,80,92,39,50,36,9,130,40" hai3="91,135,2,83,90,65,126,12,108,79,77,34,110"/><U4/><E115/><V49/><F117/><W53/><G2/><T87/><D107/><U37/><E129/><V119/><F119/><W22/><G34/><T106/><D106/><U47/><E98/><V21/><F130/><W94/><G65/><T28/><D122/><U64/><E96/><V18/><F92/><W103/><G126/><T123/><D101/><U112/><E112/><V32/><F32/><W61/><G135/><T111/><D123/><U97/><E97/><V8/><F80/><W72/><G79/><T11/><D116/><U45/><E64/><V10/><F40/><W104/><G104/><T120/><D66/><U42/><E68/><V69/><F69/><W5/><G103/><T76/><D120/><U41/><E15/><V26/><REACH who="2" step="1"/><F18/><REACH who="2" ten="170,250,240,330" step="2"/><N who="3" m="10567" /><G94/><T70/><D93/><U23/><E23/><V118/><F118/><W82/><G82/><T63/><D20/><U27/><E4/><V88/><F88/><W17/><G17/><T127/><D7/><U30/><E30/><V95/><F95/><W113/><G113/><T133/><D31/><U24/><E78/><V132/><F132/><W74/><G5/><T14/><D133/><U84/><E84/><V134/><F134/><W33/><G33/><T19/><D87/><U48/><REACH who="1" step="1"/><E73/><REACH who="1" ten="170,240,240,330" step="2"/><V55/><F55/><W131/><G131/><T3/><D76/><U85/><E85/><V57/><F57/><AGARI ba="0,2" hai="24,27,37,38,41,42,45,47,48,52,57,99,100,105" machi="57" ten="30,11600,0" yaku="1,1,7,1,9,1,54,1,53,0" doraHai="121" doraHaiUra="124" who="1" fromWho="2" sc="170,0,240,136,240,-116,330,0" /><INIT seed="1,1,0,3,1,1" ten="170,376,124,330" oya="1" hai0="64,90,31,72,110,10,60,71,114,127,59,21,15" hai1="32,116,96,95,33,130,56,20,66,121,88,123,65" hai2="62,24,105,61,75,53,125,92,117,52,57,4,78" hai3="16,2,100,106,98,14,118,39,107,115,87,79,111"/><U109/><E116/><V7/><F105/><W47/><G115/><T42/><D114/><U73/><E73/><V30/><F117/><W119/><G107/><T35/><D110/><U23/><E109/><V102/><F125/><W3/><G111/><T85/><D127/><U99/><E130/><V129/><F129/><W36/><G119/><T103/><D72/><U69/><E69/><V68/><F78/><W22/><G118/><T108/><D103/><U132/><E132/><V120/><F75/><W43/><REACH who="3" step="1"/><G39/><REACH who="3" ten="170,376,124,320" step="2"/><T45/><D108/><U26/><E123/><V91/><F120/><W29/><G29/><T81/><D31/><U135/><E121/><V28/><F102/><W82/><AGARI ba="1,1" hai="2,3,14,16,22,36,43,47,79,82,87,98,100,106" machi="82" ten="30,4000,0" yaku="1,1,0,1,54,1,53,0" doraHai="1" doraHaiUra="134" who="3" fromWho="3" sc="170,-11,376,-21,124,-11,320,53" /><INIT seed="2,0,0,4,0,114" ten="159,355,113,373" oya="2" hai0="86,19,37,27,82,2,92,18,61,83,79,70,85" hai1="73,24,126,111,12,94,8,100,71,112,33,35,7" hai2="129,81,21,30,69,65,28,5,53,4,15,17,23" hai3="133,117,29,128,9,80,39,63,123,25,68,89,113"/><V55/><F129/><W95/><G39/><T50/><D37/><U10/><E73/><V127/><F127/><W38/><G38/><T59/><D2/><U84/><E71/><V1/><F81/><W98/><G123/><T131/><D70/><U47/><E112/><V66/><F69/><W118/><G113/><T6/><D6/><U125/><E47/><V120/><F120/><W77/><G128/><T76/><D131/><U78/><E100/><V96/><F96/><W101/><G133/><T64/><D92/><U43/><E43/><V119/><F1/><W46/><G46/><T57/><REACH who="0" step="1"/><D27/><REACH who="0" ten="149,355,113,373" step="2"/><U56/><E94/><V36/><F36/><W109/><G68/><T106/><D106/><U122/><E24/><V107/><F107/><W87/><G25/><T90/><D90/><U11/><E122/><V134/><F134/><W60/><G89/><T44/><D44/><U91/><E78/><V42/><F42/><W14/><G109/><T58/><D58/><U49/><E111/><V52/><F119/><W132/><G132/><T26/><D26/><U31/><E31/><N who="2" m="11819" /><F23/><W3/><G29/><T72/><D72/><U97/><E35/><V135/><F135/><W48/><G3/><T62/><D62/><U130/><E33/><V104/><F104/><W116/><REACH who="3" step="1"/><G48/><REACH who="3" ten="149,355,113,363" step="2"/><T67/><D67/><AGARI ba="0,2" hai="4,5,15,17,21,52,53,55,65,66,67" m="11819" machi="67" ten="30,2900,0" yaku="8,1,54,1" doraHai="114" who="2" fromWho="0" sc="149,-29,355,0,113,49,363,0" /><INIT seed="2,1,0,5,1,107" ten="120,355,162,363" oya="2" hai0="54,110,111,88,21,70,133,19,41,4,89,103,131" hai1="93,43,129,109,14,76,83,11,115,77,18,35,65" hai2="127,132,113,50,10,119,86,135,100,58,0,85,56" hai3="74,25,128,122,117,67,6,78,40,104,73,71,42"/><V81/><F113/><W7/><G117/><T79/><D70/><U5/><E109/><N who="0" m="41481" /><D41/><U98/><E129/><V61/><F119/><W66/><G104/><T45/><D4/><U52/><E35/><V69/><F127/><W72/><G78/><T90/><D103/><U64/><E77/><V91/><F100/><W106/><G106/><T57/><D45/><U38/><E43/><N who="3" m="16426" /><G25/><N who="0" m="14527" /><D79/><U94/><E38/><V102/><F102/><W15/><G15/><T59/><D133/><U16/><E115/><V2/><F69/><W51/><G71/><T68/><D68/><U31/><E31/><V27/><F27/><W108/><G108/><T49/><D59/><U23/><E98/><V121/><F121/><W123/><G51/><T33/><D33/><U53/><E5/><N who="3" m="1546" /><G128/><AGARI ba="1,0" hai="49,54,57,88,89,90,128,131" m="14527,41481" machi="128" ten="40,2600,0" yaku="14,1,54,1" doraHai="107" who="0" fromWho="3" sc="120,29,355,0,162,0,363,-29" /><INIT seed="3,0,0,2,5,50" ten="149,355,162,334" oya="3" hai0="84,123,26,106,17,125,98,8,117,92,104,41,99" hai1="116,132,111,47,65,90,5,96,2,56,74,31,12" hai2="94,64,58,97,46,80,100,57,61,24,121,68,133" hai3="3,79,124,11,127,91,70,113,81,14,86,120,21"/><W18/><G70/><T82/><D41/><U9/><E74/><V0/><F133/><W45/><G120/><T6/><D26/><U103/><E132/><V38/><F0/><W118/><G118/><T33/><D33/><U110/><E116/><V129/><F129/><W34/><G113/><T119/><D17/><U101/><E90/><V71/><F121/><W135/><G135/><T78/><D8/><U27/><E47/><V28/><F80/><W108/><G34/><T73/><D6/><U87/><E87/><V52/><F46/><W23/><G108/><N who="1" m="41514" /><E96/><N who="0" m="36905" /><D123/><U10/><E56/><V51/><REACH who="2" step="1"/><F38/><REACH who="2" ten="149,355,152,334" step="2"/><W102/><G3/><T107/><D125/><U1/><E1/><V85/><F85/><W60/><G45/><T76/><D76/><U7/><E65/><V44/><F44/><W22/><G79/><T32/><D117/><U39/><E39/><V13/><F13/><W77/><G77/><N who="0" m="44335" /><D119/><U93/><E93/><V72/><F72/><W69/><REACH who="3" step="1"/><G102/><REACH who="3" ten="149,355,152,324" step="2"/><T126/><D78/><U55/><E103/><V112/><F112/><W105/><G105/><T66/><D106/><U59/><E101/><V53/><F53/><W122/><G122/><T40/><D107/><U134/><E134/><V43/><F43/><W54/><G54/><T19/><D40/><U63/><E2/><V36/><F36/><W30/><G30/><T95/><D104/><U67/><E55/><V37/><F37/><W114/><G114/><T48/><D126/><U49/><E31/><V62/><F62/><W75/><G75/><T4/><D48/><U20/><E49/><V131/><F131/><RYUUKYOKU ba="0,2" sc="149,-15,355,-15,152,15,324,15" hai2="24,28,51,52,57,58,61,64,68,71,94,97,100" hai3="11,14,18,21,22,23,60,69,81,86,91,124,127" /><INIT seed="3,1,2,4,4,3" ten="134,340,167,339" oya="3" hai0="80,53,27,20,44,21,128,121,59,92,12,94,97" hai1="74,14,62,15,9,106,100,50,1,48,110,76,96" hai2="86,41,4,113,132,65,112,63,78,101,38,131,18" hai3="8,23,88,126,93,31,99,89,79,71,66,70,24"/><W123/><G123/><T57/><D128/><U5/><E110/><V29/><F29/><W26/><G126/><T60/><D121/><U0/><E50/><V30/><F30/><W37/><G37/><T77/><D44/><U22/><E76/><V46/><F131/><W129/><G129/><T114/><D114/><U56/><E74/><V116/><F116/><W40/><G40/><T90/><D94/><U82/><E82/><V69/><F132/><W39/><G39/><T19/><D59/><U109/><E109/><V75/><F75/><W119/><G119/><T124/><D124/><U43/><E22/><V17/><F101/><W125/><G125/><T32/><D32/><U115/><E115/><V122/><F122/><W28/><G79/><T105/><D105/><U91/><E91/><V135/><F135/><W120/><G120/><T85/><REACH who="0" step="1"/><D27/><REACH who="0" ten="124,340,167,339" step="2"/><U7/><E48/><V25/><F25/><W54/><G71/><T108/><D108/><U49/><E49/><V47/><F47/><W45/><G45/><T103/><D103/><U118/><E43/><V84/><F112/><W13/><G70/><T83/><D83/><U102/><E102/><V95/><F113/><W98/><G26/><T73/><D73/><U10/><E118/><V11/><F95/><N who="3" m="56679" /><G31/><T61/><D61/><U81/><E81/><V55/><F69/><W111/><G111/><T35/><D35/><U36/><E36/><V72/><F72/><W67/><G54/><AGARI ba="1,3" hai="0,1,5,7,9,10,14,15,54,56,62,96,100,106" machi="54" ten="30,7700,0" yaku="7,1,9,1,52,2" doraHai="3" who="1" fromWho="3" sc="124,0,340,110,167,0,339,-80" /><INIT seed="4,0,0,2,2,128" ten="124,450,167,259" oya="0" hai0="126,75,49,124,41,121,74,106,113,82,102,92,96" hai1="18,122,103,52,83,6,0,98,89,40,81,117,93" hai2="130,134,38,3,17,10,133,20,80,56,26,132,7" hai3="62,11,79,39,1,100,111,97,61,91,53,59,60"/><T23/><D121/><U94/><E117/><V15/><F38/><W25/><G111/><T43/><D49/><U71/><E71/><V44/><F130/><W108/><G108/><T104/><D23/><U45/><E122/><V107/><F107/><N who="0" m="41002" /><D43/><U35/><E35/><V87/><F56/><W125/><G125/><N who="0" m="48235" /><D41/><U19/><E6/><V110/><F110/><W135/><G135/><T129/><D129/><U64/><E64/><V27/><F44/><W114/><G39/><T22/><D22/><U84/><E0/><V21/><F21/><W85/><G25/><T32/><D32/><U116/><E116/><V31/><F31/><W12/><G1/><T109/><D109/><U55/><E40/><V58/><F58/><W42/><G42/><T2/><D2/><U33/><E33/><V86/><F86/><W16/><G114/><T95/><D113/><U14/><E18/><V112/><F112/><W47/><G47/><T51/><D51/><N who="1" m="28783" /><E55/><V63/><F63/><W72/><G62/><T48/><D48/><U67/><E67/><V29/><F29/><W8/><G61/><T5/><D5/><U88/><E89/><AGARI ba="0,0" hai="3,7,10,15,17,20,26,27,80,87,89,132,133,134" machi="89" ten="40,8000,1" yaku="20,1,52,3" doraHai="128" who="2" fromWho="1" sc="124,0,450,-80,167,80,259,0" /><INIT seed="5,0,0,3,2,121" ten="124,370,247,259" oya="1" hai0="72,107,75,84,52,16,73,64,58,91,122,55,17" hai1="101,130,126,119,87,83,53,85,29,128,56,133,34" hai2="66,94,76,124,120,100,74,105,86,0,77,90,19" hai3="27,80,48,47,123,89,116,1,8,43,59,31,5"/><U24/><E119/><V88/><F0/><W112/><G123/><T51/><D122/><U70/><E70/><V39/><F120/><W20/><G112/><T46/><D64/><U50/><E126/><V36/><F124/><W71/><G71/><T32/><D32/><U12/><E133/><V134/><F134/><W54/><G116/><T115/><D107/><U21/><E101/><V97/><F66/><W108/><G108/><T132/><D115/><U67/><E67/><V68/><F68/><W103/><G103/><T81/><REACH who="0" step="1"/><D132/><REACH who="0" ten="114,370,247,259" step="2"/><U37/><E130/><V22/><F105/><W131/><G131/><T135/><D135/><U41/><E128/><V14/><F39/><W57/><G43/><T78/><D78/><U3/><E41/><V23/><F36/><W9/><G54/><T93/><D93/><U30/><E37/><V33/><F33/><W62/><G80/><T11/><D11/><U7/><E83/><V114/><F114/><W125/><G9/><T117/><D117/><U96/><E34/><V109/><F77/><W38/><G38/><T113/><D113/><U44/><E53/><V106/><F76/><W111/><G125/><T129/><D129/><U6/><E3/><V99/><F106/><W15/><G8/><T10/><D10/><U4/><E6/><V118/><F118/><W26/><G5/><T2/><D2/><U98/><E4/><V40/><F40/><W65/><G1/><T42/><D42/><U82/><E82/><V60/><F94/><W69/><G65/><T25/><D25/><U95/><E7/><V49/><F23/><RYUUKYOKU ba="0,1" sc="114,30,370,-10,247,-10,259,-10" hai0="16,17,46,51,52,55,58,72,73,75,81,84,91" /><INIT seed="6,1,1,2,2,94" ten="144,360,237,249" oya="2" hai0="12,0,66,80,53,68,37,32,76,107,23,10,41" hai1="1,26,125,116,124,92,27,134,88,45,86,102,3" hai2="97,59,121,83,16,70,24,61,112,57,13,98,17" hai3="58,117,30,38,9,122,69,43,101,56,6,79,20"/><V11/><F121/><W126/><G117/><T103/><D32/><U67/><E116/><V19/><F70/><W74/><G122/><T115/><D115/><U25/><E134/><V4/><F112/><W128/><G69/><T47/><D23/><U84/><E67/><V44/><F24/><N who="3" m="16647" /><G101/><T89/><D89/><N who="1" m="53287" /><E102/><V106/><F106/><W42/><G42/><T54/><D66/><U95/><E45/><V113/><F113/><W132/><G126/><AGARI ba="1,1" hai="1,3,25,26,27,86,88,95,124,125,126" m="53287" machi="126" ten="30,2000,0" yaku="18,1,54,1" doraHai="94" who="1" fromWho="3" sc="144,0,360,33,237,0,249,-23" /><INIT seed="7,0,0,2,5,81" ten="144,393,237,226" oya="3" hai0="53,7,90,33,98,44,71,32,77,12,1,15,118" hai1="85,80,134,55,23,54,37,88,94,121,72,47,110" hai2="25,117,119,89,62,42,83,49,91,43,41,48,132" hai3="115,8,116,120,30,87,78,5,69,133,52,38,34"/><W84/><G116/><T40/><D118/><U125/><E121/><V96/><F132/><W70/><G120/><T36/><D71/><U57/><E110/><V82/><F62/><W19/><G38/><T14/><D53/><U26/><E134/><V39/><F39/><W22/><G133/><T16/><D98/><U73/><E125/><V97/><F42/><W95/><G95/><T111/><D111/><U128/><E128/><V101/><F25/><N who="3" m="18767" /><G78/><T46/><D90/><U27/><E27/><V17/><F17/><W29/><G29/><T79/><D44/><U9/><E9/><V10/><F10/><W35/><G35/><T106/><D106/><U86/><E55/><V24/><F24/><W109/><G109/><T131/><D131/><U124/><E124/><V107/><F101/><W122/><G122/><T68/><D68/><U93/><E93/><V3/><F3/><N who="3" m="63" /><G115/><T108/><D108/><U76/><E47/><V135/><F135/><W18/><G18/><T0/><D0/><U61/><E37/><V63/><F63/><W99/><G99/><T92/><D92/><U58/><E58/><V21/><F107/><W100/><G100/><T60/><D60/><U31/><AGARI ba="0,0" hai="23,26,31,54,57,61,72,73,76,80,85,86,88,94" machi="31" ten="20,8000,1" yaku="0,1,7,1,52,2,54,1" doraHai="81" who="1" fromWho="1" sc="144,-20,393,80,237,-20,226,-40" owari="124,-38.0,473,57.0,217,2.0,186,-21.0" /></mjloggm>