<mjloggm ver="2.3"><GO type="169" lobby="0"/><UN n0="%79%69%6E%6E%65%72%30%36" n1="%6B%75%72%6F%6E%6F%35%39" n2="%2D%E8%B1%8A%E5%8F%A3%E3%82%81%E3%81%90%E3%81%BF%2D" n3="%4A%4F%4A%4F%31%39%38%35" dan="16,16,17,17" rate="2157.39,2069.86,2241.83,2136.42" sx="M,M,F,M"/><TAIKYOKU oya="0"/><INIT seed="0,0,0,4,2,87" ten="250,250,250,250" oya="0" hai0="132,55,19,64,119,52,127,126,39,37,61,65,109" hai1="92,60,110,59,129,42,38,7,95,103,46,9,5" hai2="89,91,86,98,54,123,57,53,2,76,23,21,125" hai3="31,124,97,24,133,3,75,71,16,18,4,36,66"/><T131/><D119/><U62/><E110/><V111/><F123/><W0/><G75/><T47/><D19/><U101/><E129/><V99/><F2/><W69/><G36/><T28/><D28/><U104/><E62/><V29/><F111/><W105/><G124/><N who="0" m="47659" /><D131/><U15/><E7/><V108/><F108/><W74/><G74/><T26/><D26/><U41/><E41/><V67/><F125/><W48/><G133/><T88/><D109/><U45/><E45/><V40/><F40/><W121/><G48/><N who="0" m="28703" /><D132/><U117/><E117/><V114/><F114/><W83/><G18/><T79/><D79/><U106/><E106/><V135/><F135/><W33/><G16/><T13/><D13/><U20/><E20/><N who="2" m="7755" /><F29/><W112/><G31/><T85/><D55/><N who="2" m="21002" /><F67/><N who="0" m="25674" /><D61/><U107/><E60/><V12/><F12/><W118/><G118/><T134/><D134/><U11/><E15/><V77/><F57/><W81/><G0/><T73/><D73/><U25/><E59/><V30/><F30/><W78/><G3/><T32/><D32/><U128/><E128/><V49/><F77/><W58/><G78/><T93/><AGARI ba="0,0" hai="37,39,85,88,93" m="25674,28703,47659" machi="93" ten="30,11700,0" yaku="18,1,52,1,54,2" doraHai="87" who="0" fromWho="0" sc="250,117,250,-39,250,-39,250,-39" /><INIT seed="0,1,0,4,4,95" ten="367,211,211,211" oya="0" hai0="74,21,53,68,51,121,77,60,56,28,90,84,52" hai1="45,12,46,61,73,86,79,107,44,101,130,6,39" hai2="40,99,75,3,98,31,72,115,81,97,32,17,57" hai3="14,106,104,76,92,88,116,135,70,127,108,62,16"/><T103/><D121/><U119/><E119/><V25/><F115/><W47/><G116/><T4/><D4/><U58/><E130/><V55/><F3/><W120/><G120/><T112/><D112/><U54/><E73/><V87/><F40/><W122/><G122/><T114/><D114/><U33/><E33/><V83/><F17/><W129/><G129/><T10/><D103/><U20/><E101/><V78/><REACH who="2" step="1"/><F81/><REACH who="2" ten="367,211,201,211" step="2"/><W93/><G16/><T13/><D28/><U15/><E6/><V123/><F123/><W131/><G131/><T7/><D68/><U71/><E71/><V23/><F23/><W128/><G128/><T65/><D21/><U64/><E20/><V67/><F67/><W124/><G124/><T30/><D30/><U38/><E64/><V94/><F94/><W36/><G92/><T91/><D65/><U96/><E107/><V27/><F27/><W89/><G93/><T126/><D126/><U59/><E38/><V42/><F42/><W48/><G36/><T26/><D26/><U133/><E39/><V37/><F37/><W50/><G104/><T100/><D100/><U1/><E1/><V22/><F22/><W125/><G106/><T109/><D109/><U18/><E18/><V11/><F11/><W66/><G108/><T43/><D43/><U24/><E24/><V105/><F105/><W49/><G125/><T118/><D118/><U69/><E69/><V34/><F34/><W8/><G127/><T113/><D113/><U110/><E110/><V80/><F80/><W19/><G70/><T85/><D10/><U41/><E41/><RYUUKYOKU ba="1,1" sc="367,-10,211,-10,201,30,211,-10" hai2="25,31,32,55,57,72,75,78,83,87,97,98,99" /><INIT seed="1,2,1,3,2,51" ten="357,201,231,201" oya="1" hai0="22,127,125,5,54,3,73,74,23,105,18,133,7" hai1="104,4,38,90,39,29,94,122,58,40,65,114,103" hai2="93,59,100,33,1,106,129,71,15,98,120,131,99" hai3="27,75,56,47,2,53,50,83,6,30,19,68,35"/><U134/><E114/><V72/><F1/><W85/><G68/><T109/><D105/><U118/><E118/><V61/><F120/><W117/><G117/><T113/><D113/><U84/><E122/><V17/><F72/><W69/><G69/><T10/><D109/><U42/><E134/><V60/><F33/><W130/><G130/><N who="2" m="49673" /><F71/><W12/><G75/><T77/><D133/><U101/><E4/><V57/><F57/><W62/><G2/><T16/><D54/><U108/><E108/><V123/><F123/><W107/><G6/><T91/><D91/><U88/><E29/><V102/><F59/><W55/><G107/><T8/><D3/><U92/><E104/><V80/><F80/><W89/><G12/><T116/><D77/><U24/><E24/><V87/><F87/><W76/><REACH who="3" step="1"/><G19/><REACH who="3" ten="357,201,231,191" step="2"/><T67/><D116/><U44/><E38/><V49/><F49/><W111/><G111/><T28/><D28/><U63/><REACH who="1" step="1"/><E40/><REACH who="1" ten="357,191,231,191" step="2"/><V41/><F41/><W46/><G46/><T82/><D7/><U43/><E43/><V21/><AGARI ba="2,3" hai="15,17,21,60,61,93,98,99,100,102,106" m="49673" machi="21" ten="30,1100,0" yaku="19,1" doraHai="51" who="2" fromWho="2" sc="357,-5,191,-7,231,47,191,-5" /><INIT seed="2,0,0,4,5,26" ten="352,184,278,186" oya="2" hai0="28,102,135,55,16,133,72,61,21,93,51,23,57" hai1="126,77,22,113,112,38,117,122,95,64,111,53,25" hai2="114,78,124,99,46,52,2,45,19,67,97,132,42" hai3="0,59,98,86,8,71,84,48,41,105,32,110,130"/><V66/><F114/><W134/><G71/><T35/><D72/><U14/><E111/><V116/><F116/><W1/><G32/><T65/><D35/><U85/><E38/><V121/><F121/><W73/><G73/><T87/><D28/><U129/><E122/><V74/><F2/><W31/><G8/><T107/><D107/><U125/><E117/><V83/><F124/><N who="1" m="47721" /><E64/><V75/><F132/><W108/><G59/><T58/><D23/><U118/><E118/><V27/><F19/><W101/><G134/><T6/><D6/><U33/><E33/><V36/><F27/><W5/><G31/><T17/><D17/><N who="1" m="10551" /><E129/><V63/><F74/><W15/><G130/><T47/><D47/><U24/><E53/><V69/><REACH who="2" step="1"/><F67/><REACH who="2" ten="352,184,268,186" step="2"/><W70/><G108/><T80/><D133/><U34/><E24/><V68/><F68/><W104/><G70/><T60/><D135/><U106/><E112/><V88/><F88/><W9/><G110/><T7/><D65/><U50/><E113/><V128/><F128/><W94/><G0/><T115/><D115/><U3/><E3/><V13/><F13/><W120/><G120/><T4/><D16/><U81/><E25/><V79/><F79/><W37/><G1/><T123/><D123/><U76/><E76/><V43/><F43/><W18/><G18/><T39/><D7/><U91/><E77/><V109/><F109/><W127/><G127/><T56/><D4/><U62/><E91/><V119/><F119/><W82/><G5/><T12/><D12/><U89/><E89/><V103/><F103/><N who="3" m="62583" /><G15/><T100/><D100/><RYUUKYOKU ba="0,1" sc="352,-10,184,-10,268,30,186,-10" hai2="36,42,45,46,52,63,66,69,75,78,83,97,99" /><INIT seed="2,1,1,2,2,95" ten="342,174,298,176" oya="2" hai0="81,97,124,1,43,44,132,83,58,117,73,80,77" hai1="122,34,36,47,70,123,12,111,31,133,42,118,19" hai2="84,32,91,56,3,39,55,104,61,115,40,76,11" hai3="112,87,128,67,114,51,20,69,6,106,7,121,17"/><V126/><F115/><N who="3" m="44075" /><G121/><N who="1" m="46090" /><E111/><V103/><F32/><W53/><G106/><T35/><D35/><U79/><E118/><V131/><F76/><W134/><G134/><T41/><D41/><U4/><E70/><V96/><F126/><W127/><G127/><T94/><D124/><U24/><E133/><V113/><F113/><W15/><G87/><T130/><D130/><U37/><E79/><V26/><F26/><W45/><G128/><T85/><D1/><U13/><E4/><N who="3" m="1578" /><G69/><T68/><D68/><U66/><E66/><AGARI ba="1,1" hai="15,17,20,45,51,53,66,67" m="1578,44075" machi="66" ten="30,1000,0" yaku="11,1" doraHai="95" who="3" fromWho="1" sc="342,0,174,-13,298,0,176,23" /><INIT seed="3,0,0,4,3,16" ten="342,161,298,199" oya="3" hai0="0,102,63,3,70,14,64,125,83,87,43,73,39" hai1="29,45,8,128,21,65,5,77,31,96,100,24,105" hai2="120,92,34,123,109,47,78,131,80,37,11,36,51" hai3="84,61,57,113,72,6,23,79,134,26,52,135,44"/><W111/><G113/><T74/><D125/><U93/><E128/><V40/><F109/><W94/><G72/><T112/><D102/><U108/><E108/><V46/><F34/><W27/><G111/><T25/><D14/><U22/><E65/><V56/><F131/><W118/><G118/><T99/><D99/><U68/><E68/><V124/><F124/><W55/><G6/><T35/><D87/><U76/><E45/><V10/><F56/><W115/><G115/><T121/><D121/><N who="2" m="46666" /><F92/><W12/><G12/><T89/><D89/><U28/><E105/><V103/><F103/><W41/><G27/><T106/><D106/><U18/><REACH who="1" step="1"/><E21/><REACH who="1" ten="342,151,298,199" step="2"/><V20/><F20/><W98/><G44/><N who="0" m="23679" /><D64/><U32/><E32/><V58/><F58/><W69/><G69/><T9/><D70/><U17/><E17/><V42/><F37/><W2/><G23/><T130/><D35/><U104/><E104/><V132/><F132/><W19/><G134/><T85/><D130/><U48/><E48/><V86/><AGARI ba="0,1" hai="10,11,36,40,42,46,47,51,78,80,86" m="46666" machi="86" ten="30,1100,0" yaku="13,1" doraHai="16" who="2" fromWho="2" sc="342,-3,151,-3,298,21,199,-5" /><INIT seed="4,0,0,4,5,119" ten="339,148,319,194" oya="0" hai0="66,43,118,69,39,93,51,111,56,107,21,54,15" hai1="100,123,105,1,35,126,91,49,128,12,60,47,74" hai2="23,41,18,79,81,98,64,134,34,127,121,53,87" hai3="3,20,55,36,8,5,9,88,108,27,96,85,61"/><T11/><D107/><U95/><E1/><V10/><F34/><W116/><G116/><T32/><D118/><U62/><E128/><V25/><F127/><W102/><G108/><T76/><D32/><U42/><E126/><V6/><F134/><W33/><G36/><T28/><D76/><U99/><E35/><V17/><F64/><W129/><G129/><T112/><D112/><U94/><E74/><V113/><F113/><W110/><G110/><T122/><D93/><U101/><E123/><V117/><F117/><W37/><G37/><T70/><D111/><U45/><E101/><V83/><F41/><W40/><G40/><T50/><D122/><U84/><E105/><V31/><F121/><W22/><G9/><T0/><D0/><U52/><REACH who="1" step="1"/><E12/><REACH who="1" ten="339,138,319,194" step="2"/><V78/><F98/><W89/><G3/><T57/><D15/><U44/><E44/><V124/><F124/><W72/><G72/><T114/><D114/><U7/><E7/><V77/><F6/><W68/><G5/><T75/><D75/><U16/><E16/><V132/><F17/><W65/><G96/><T131/><D131/><U13/><E13/><V133/><F18/><W4/><G4/><T130/><D130/><U120/><E120/><V103/><F103/><W97/><G102/><T86/><D28/><U90/><E90/><V71/><F31/><W26/><G33/><T73/><D73/><U92/><E92/><V48/><F133/><W30/><G89/><T109/><D109/><U38/><AGARI ba="0,1" hai="38,42,45,47,49,52,60,62,84,91,94,95,99,100" machi="38" ten="20,5200,0" yaku="1,1,0,1,7,1,54,1,53,0" doraHai="119" doraHaiUra="67" who="1" fromWho="1" sc="339,-26,138,62,319,-13,194,-13" /><INIT seed="5,0,0,2,0,101" ten="313,200,306,181" oya="1" hai0="51,117,14,48,115,71,62,86,24,131,124,118,56" hai1="66,116,119,82,64,21,29,57,100,33,76,120,87" hai2="28,91,88,38,125,90,126,36,110,22,130,83,45" hai3="37,133,103,7,46,39,6,1,23,15,135,52,12"/><U3/><E120/><V54/><F110/><W95/><G103/><T114/><D131/><U112/><E112/><N who="0" m="43049" /><D14/><N who="3" m="5161" /><G95/><T123/><D24/><U113/><E113/><V105/><F105/><W74/><G23/><T108/><D86/><U69/><E3/><V17/><F28/><W122/><G74/><T97/><D97/><U41/><E33/><V63/><F83/><W50/><G122/><T128/><D123/><U4/><E4/><N who="3" m="1578" /><G1/><T26/><D26/><U31/><E69/><V73/><F73/><W81/><G81/><T99/><D99/><U61/><E64/><V94/><F94/><W78/><G78/><T92/><D92/><U109/><E109/><V49/><F130/><W58/><G46/><T68/><D128/><U55/><E100/><V10/><F10/><W40/><G40/><T35/><D35/><U102/><E41/><V44/><F44/><W129/><G129/><T16/><D16/><U72/><E102/><V0/><F0/><W60/><G60/><T98/><D98/><U20/><E72/><V104/><F63/><W34/><G34/><T65/><D108/><U25/><E66/><V43/><F43/><W5/><N who="3" m="1586" /><W19/><DORA hai="85" /><G19/><T127/><D71/><U13/><E13/><N who="2" m="9519" /><F104/><W47/><G47/><T77/><D77/><U2/><E2/><V30/><F30/><W93/><G93/><T70/><D70/><U79/><E79/><V18/><F18/><W59/><G59/><T32/><D32/><U96/><E96/><V75/><F75/><W89/><G89/><N who="2" m="22785" /><V8/><DORA hai="107" /><F8/><W42/><G42/><T106/><D106/><RYUUKYOKU ba="0,0" sc="313,-30,200,10,306,10,181,10" hai1="20,21,25,29,31,55,57,61,76,82,87,116,119" hai2="36,38,45,49,54,125,126" hai3="37,39,50,52,58,133,135" /><INIT seed="5,1,0,5,0,31" ten="283,210,316,191" oya="1" hai0="58,123,86,98,40,113,3,21,126,116,30,68,1" hai1="102,37,127,15,20,26,48,43,17,118,27,64,93" hai2="16,107,32,122,94,19,128,63,55,111,80,67,0" hai3="6,104,78,103,125,24,12,59,106,39,38,54,89"/><U8/><E118/><V50/><F111/><W29/><G125/><T81/><D68/><U57/><E127/><V97/><F122/><W33/><G78/><T79/><D116/><U76/><E76/><V45/><F107/><W61/><G89/><T65/><D113/><U96/><E37/><V28/><F0/><W124/><G124/><T36/><D126/><U77/><E77/><V110/><F80/><W25/><G25/><T44/><D123/><U9/><E43/><V46/><F46/><W56/><G106/><T22/><D98/><U108/><E108/><V92/><F110/><W34/><G34/><T5/><D30/><U101/><E101/><V134/><F134/><W131/><G131/><T132/><D132/><U82/><E82/><V42/><F42/><W53/><G103/><T18/><D5/><U75/><E75/><V135/><F135/><W109/><G104/><T130/><D22/><U74/><E74/><V88/><F92/><W70/><G70/><T119/><D130/><U13/><E20/><V121/><F121/><W105/><G105/><T100/><D100/><U87/><E87/><V14/><F14/><W66/><G109/><T4/><D4/><U41/><E41/><V129/><F128/><W47/><G47/><T71/><D71/><U90/><E102/><V51/><F129/><W69/><G69/><T115/><D115/><U91/><E91/><V99/><F99/><W117/><G117/><T52/><D119/><U60/><E48/><V84/><F50/><W114/><G114/><T73/><D73/><U11/><E11/><V2/><F97/><RYUUKYOKU ba="1,0" sc="283,-10,210,30,316,-10,191,-10" hai1="8,9,13,15,17,26,27,57,60,64,90,93,96" /><INIT seed="5,2,0,2,5,27" ten="273,240,306,181" oya="1" hai0="44,29,19,16,61,113,123,66,47,52,131,107,108" hai1="117,23,133,90,132,122,51,28,97,82,103,134,85" hai2="38,11,119,72,0,35,71,20,130,129,94,92,118" hai3="59,7,98,31,30,95,46,10,79,67,48,50,125"/><U69/><E117/><V45/><F71/><W120/><G120/><T93/><D107/><U75/><E122/><V99/><F35/><W126/><G79/><T111/><D123/><U96/><E69/><V2/><F72/><W22/><G67/><T121/><D121/><U135/><N who="1" m="33792" /><DORA hai="15" /><U68/><E68/><V102/><F94/><W106/><G59/><N who="0" m="35047" /><D111/><U13/><E75/><V86/><F86/><W124/><G106/><T115/><D108/><U65/><E65/><V37/><F20/><W87/><G87/><T88/><D66/><U55/><E103/><V110/><F110/><W114/><G22/><T112/><D29/><N who="3" m="10761" /><G46/><N who="0" m="17451" /><D131/><N who="2" m="50186" /><F11/><W105/><G105/><T84/><AGARI ba="2,0" hai="16,19,84,88,93,112,113,115" m="17451,35047" machi="84" ten="40,12000,2" yaku="15,1,52,2,54,3" doraHai="27,15" who="0" fromWho="0" sc="273,126,240,-62,306,-32,181,-32" /><INIT seed="6,0,0,4,1,70" ten="399,178,274,149" oya="2" hai0="40,4,61,51,113,76,101,66,52,0,79,72,116" hai1="60,18,85,108,87,114,118,7,115,16,9,48,69" hai2="8,80,73,1,104,130,122,82,42,20,133,84,35" hai3="50,95,23,74,86,89,5,103,81,83,112,123,45"/><V90/><F35/><W24/><G123/><T19/><D101/><U54/><E108/><V75/><F122/><W56/><G112/><N who="1" m="43050" /><E118/><V129/><F104/><W32/><G32/><T21/><D40/><U110/><E110/><V11/><F133/><W13/><G74/><T102/><D102/><U44/><E60/><V94/><F20/><W12/><G56/><T55/><D72/><N who="2" m="27722" /><F42/><W105/><G105/><T26/><D116/><U29/><E29/><V78/><F1/><W96/><G5/><T131/><D4/><U88/><E87/><N who="2" m="48535" /><F11/><W31/><REACH who="3" step="1"/><G81/><REACH who="3" ten="399,178,274,139" step="2"/><T100/><D113/><U53/><E69/><V97/><F8/><W49/><G49/><T124/><D51/><U128/><E128/><N who="2" m="49259" /><F82/><W64/><G64/><T2/><D66/><U134/><E134/><V135/><F135/><W132/><G132/><T15/><D131/><U36/><E36/><V43/><F43/><AGARI ba="0,1" hai="12,13,23,24,31,43,45,50,83,86,89,95,96,103" machi="43" ten="30,3900,0" yaku="1,1,7,1,8,1,53,0" doraHai="70" doraHaiUra="119" who="3" fromWho="2" sc="399,0,178,0,274,-39,139,49" /><INIT seed="7,0,0,0,0,51" ten="399,178,235,188" oya="3" hai0="60,53,122,113,119,106,14,130,35,56,31,48,68" hai1="71,84,96,118,75,87,18,132,80,5,110,82,19" hai2="47,6,83,28,20,124,90,66,88,22,33,58,32" hai3="38,73,10,102,100,94,133,36,97,63,135,121,59"/><W13/><G121/><T65/><D119/><U126/><E118/><V116/><F116/><W8/><G73/><T98/><D130/><U103/><E110/><V37/><F6/><W44/><G102/><N who="0" m="62807" /><D14/><U67/><E132/><N who="3" m="50762" /><G44/><T23/><D23/><U1/><E126/><V69/><F47/><W70/><G70/><T54/><D54/><U11/><E67/><V78/><F69/><W26/><G26/><N who="0" m="18935" /><D113/><U21/><E71/><V43/><F124/><W24/><G24/><T2/><D2/><U64/><E64/><V117/><F117/><W9/><G13/><T125/><D125/><U46/><E46/><V52/><F28/><W30/><G30/><T120/><AGARI ba="0,0" hai="48,53,56,60,65,68,120,122" m="18935,62807" machi="120" ten="30,2000,0" yaku="25,1,52,1" doraHai="51" who="0" fromWho="0" sc="399,20,178,-5,235,-5,188,-10" owari="419,52.0,173,-33.0,230,3.0,178,-22.0" /></mjloggm>