<mjloggm ver="2.3"><GO type="185" lobby="0"/><UN n0="%E3%81%97%E3%82%87%E3%81%86%E3%81%8F%E3%82%93" n1="%65%6C%75%6C%75" n2="%E3%83%9E%E3%83%A4%E3%82%B7%E3%82%B3%E3%82%AC%E3%83%81%E5%8B%A2" n3="" dan="16,17,16,0" rate="2122.58,2282.52,2174.29,1500.00" sx="M,M,M,C"/><TAIKYOKU oya="0"/><INIT seed="0,0,0,4,0,133" ten="350,350,350,0" oya="0" hai0="39,87,49,79,61,112,59,121,68,99,105,109,43" hai1="98,116,115,134,1,65,72,106,83,81,97,51,53" hai2="44,74,40,73,47,92,46,75,108,114,127,107,66" hai3=""/><T113/><N who="0" m="31008" /><T48/><D39/><U104/><E1/><V101/><F114/><T90/><D79/><U85/><E65/><V42/><F107/><T38/><D38/><U102/><E115/><V32/><F32/><T111/><D68/><U62/><E62/><V35/><F35/><T70/><D70/><U45/><E134/><V93/><F108/><N who="0" m="41546" /><D43/><U123/><N who="1" m="31520" /><U80/><E72/><V57/><F40/><T54/><D113/><U110/><E110/><V2/><F2/><T119/><D119/><U0/><E0/><V60/><F42/><T86/><D86/><U3/><E3/><V52/><F75/><T88/><D90/><U129/><E116/><V76/><F74/><T55/><D54/><U128/><E85/><V56/><F76/><T41/><D41/><U33/><E33/><V100/><F73/><T71/><D71/><U37/><E37/><V117/><F117/><T78/><D78/><U58/><E53/><V63/><F52/><T36/><D36/><U91/><E91/><V50/><F66/><T89/><D89/><U67/><E67/><V125/><F46/><T34/><D34/><U103/><E45/><V69/><F69/><T131/><D131/><U130/><E130/><V95/><F44/><RYUUKYOKU ba="0,0" sc="350,-10,350,20,350,-10,0,0" hai1="51,58,80,81,83,97,98,102,103,104,106,128,129" /><INIT seed="1,1,0,3,3,52" ten="340,370,340,0" oya="1" hai0="100,119,74,107,117,95,94,78,56,110,97,130,113" hai1="88,106,108,34,44,84,83,82,87,54,51,111,120" hai2="72,32,90,55,46,98,125,124,122,133,80,38,102" hai3=""/><U109/><N who="1" m="30752" /><U134/><E106/><V2/><N who="2" m="31264" /><V103/><F2/><T60/><D113/><U75/><E134/><V43/><F32/><T85/><D130/><U118/><E118/><N who="0" m="45065" /><D110/><U47/><E34/><V71/><F71/><T57/><D60/><U79/><E84/><V40/><F40/><T59/><D74/><U99/><E99/><V135/><F103/><T42/><D42/><U67/><E67/><V0/><F0/><T1/><D1/><U123/><N who="1" m="31520" /><U76/><E79/><V69/><F98/><T3/><D3/><U41/><E41/><V66/><F72/><T53/><D53/><U126/><E126/><V37/><F55/><T50/><D50/><U116/><E116/><V65/><F65/><T127/><D127/><U101/><E101/><V68/><F102/><T64/><D64/><U77/><E77/><V58/><F124/><T128/><D128/><U36/><E36/><V104/><F37/><T86/><D86/><U61/><E61/><V49/><F38/><T63/><D63/><U96/><E96/><V105/><F125/><T62/><D62/><U121/><N who="1" m="31008" /><U132/><E132/><V89/><F135/><T93/><D85/><U45/><AGARI ba="1,0" hai="44,45,47,51,54,75,76,82,83,87,88,108,109,111" m="31008,31520,30752" machi="45" ten="40,12000,2" yaku="0,1,14,1,10,1,52,3,54,1" doraHai="52" who="1" fromWho="1" sc="340,-61,370,122,340,-61,0,0" /><INIT seed="1,2,0,0,3,55" ten="279,492,279,0" oya="1" hai0="73,90,78,92,44,79,43,109,93,135,121,52,87" hai1="122,58,100,33,57,42,62,98,69,60,126,53,82" hai2="0,67,74,129,127,68,97,35,81,49,96,65,83" hai3=""/><U124/><N who="1" m="31264" /><U94/><E33/><V128/><F49/><T99/><N who="0" m="31008" /><T95/><D109/><U3/><E3/><V70/><F0/><T50/><D135/><U59/><E42/><V36/><F36/><T2/><D73/><U63/><E69/><V134/><F74/><T114/><D114/><U116/><E116/><V86/><F86/><T117/><D117/><U72/><E72/><V66/><F66/><T101/><D2/><U111/><E111/><V47/><F47/><T40/><D95/><U103/><E82/><V106/><F106/><T115/><D115/><U104/><E53/><V45/><F134/><T56/><D43/><U113/><E113/><V130/><F130/><T91/><REACH who="0" step="1"/><D101/><REACH who="0" ten="269,492,279,0" step="2"/><U102/><REACH who="1" step="1"/><E104/><REACH who="1" ten="269,482,279,0" step="2"/><V37/><F129/><T71/><D71/><U80/><E80/><V119/><F128/><T110/><D110/><U120/><N who="1" m="30752" /><U41/><E41/><V84/><F83/><T34/><D34/><U38/><E38/><AGARI ba="2,2" hai="38,40,44,50,52,56,78,79,87,90,91,92,93,99" m="31008" machi="38" ten="30,8000,1" yaku="1,1,7,1,52,2,54,1,53,0" doraHai="55" doraHaiUra="1" who="0" fromWho="1" sc="269,104,482,-84,279,0,0,0" /><INIT seed="2,0,0,0,4,91" ten="373,398,279,0" oya="2" hai0="32,48,94,35,37,77,71,135,109,61,59,39,53" hai1="99,58,128,80,57,87,50,119,92,111,82,100,131" hai2="90,43,75,110,102,2,72,134,76,44,33,65,69" hai3=""/><V51/><F33/><T107/><D107/><U114/><E114/><V64/><F2/><T54/><D135/><U81/><E111/><V84/><F134/><T47/><D109/><U105/><E119/><V133/><F133/><T120/><N who="0" m="30752" /><T46/><D77/><U125/><E125/><V83/><F110/><T103/><D103/><U95/><E50/><V118/><F118/><T113/><D94/><N who="1" m="35883" /><E87/><V56/><F69/><T60/><D113/><U116/><E116/><V85/><F102/><T123/><N who="0" m="31520" /><T106/><D106/><U79/><E79/><V36/><F84/><T1/><D1/><U41/><E41/><V129/><F85/><T122/><N who="0" m="31264" /><T121/><N who="0" m="31008" /><T88/><D88/><U52/><E52/><V89/><F90/><T74/><D74/><U98/><E98/><V86/><F89/><T104/><D104/><U55/><E55/><V62/><F75/><T124/><D124/><U68/><E68/><V38/><F72/><T73/><D73/><U42/><E42/><V112/><F112/><T66/><D32/><U45/><E45/><N who="0" m="16905" /><D35/><U96/><E96/><V115/><F115/><T34/><D34/><U97/><E97/><V3/><F3/><T40/><D40/><U0/><E0/><RYUUKYOKU ba="0,0" sc="373,10,398,10,279,-20,0,0" hai0="37,39,48,53,54,59,60,61,66,71" hai1="57,58,80,81,82,99,100,105,128,131" /><INIT seed="4,1,0,4,2,81" ten="383,408,259,0" oya="0" hai0="33,82,43,65,103,59,76,131,98,90,71,110,63" hai1="42,70,99,79,55,38,112,41,107,54,128,122,117" hai2="61,34,39,104,32,116,97,47,94,75,80,89,52" hai3=""/><T49/><D33/><U88/><N who="1" m="31264" /><U123/><N who="1" m="31520" /><U60/><E117/><V96/><F116/><T132/><D110/><U100/><E128/><V64/><F75/><T102/><D131/><U125/><E79/><V115/><F115/><T135/><D90/><U120/><N who="1" m="30752" /><U44/><E112/><V109/><F109/><T93/><D103/><U86/><E42/><V84/><F97/><T129/><D129/><U83/><REACH who="1" step="1"/><E125/><REACH who="1" ten="383,398,259,0" step="2"/><V119/><F119/><T114/><D114/><U67/><AGARI ba="1,1" hai="38,41,44,54,55,60,67,70,83,86,88,99,100,107" m="30752,31520,31264" machi="67" ten="30,12000,3" yaku="1,1,2,1,0,1,52,4,54,1,53,0" doraHai="81" doraHaiUra="126" who="1" fromWho="1" sc="383,-81,398,132,259,-41,0,0" /><INIT seed="5,0,0,3,0,78" ten="302,530,218,0" oya="1" hai0="72,95,63,125,32,67,0,79,73,105,96,62,134" hai1="120,60,131,55,130,128,75,50,92,115,59,45,98" hai2="113,34,118,110,122,40,133,104,91,51,121,39,41" hai3=""/><U35/><N who="1" m="30752" /><U99/><E35/><V64/><F64/><T53/><D105/><U61/><E115/><V44/><N who="2" m="31008" /><V132/><N who="2" m="31264" /><V38/><F34/><T123/><N who="0" m="31520" /><T126/><D0/><U33/><E33/><V3/><F3/><T69/><D134/><N who="2" m="51818" /><F104/><T112/><D112/><U84/><E75/><V37/><F113/><T101/><D32/><U90/><REACH who="1" step="1"/><E61/><REACH who="1" ten="302,520,218,0" step="2"/><V42/><F118/><T48/><D63/><U102/><E102/><V109/><F91/><T108/><D108/><AGARI ba="0,1" hai="37,38,39,40,41,42,44,51,108,109,110" m="51818,31264,31008" machi="108" ten="40,8000,1" yaku="20,1,34,2,52,2" doraHai="78" who="2" fromWho="0" sc="302,-80,520,0,218,90,0,0" /><INIT seed="6,0,0,1,1,105" ten="222,520,308,0" oya="2" hai0="95,125,62,69,55,118,114,115,33,90,59,36,123" hai1="48,111,129,124,80,68,135,86,65,106,108,71,56" hai2="54,110,64,63,120,82,67,130,103,50,60,116,78" hai3=""/><V91/><N who="2" m="30752" /><V37/><F116/><T87/><N who="0" m="31520" /><T133/><D118/><U89/><E106/><V79/><F130/><T126/><D36/><U34/><E34/><V39/><F110/><T94/><D33/><U121/><N who="1" m="31008" /><U44/><E129/><V57/><F103/><T119/><D119/><U41/><E124/><N who="0" m="47721" /><D69/><U73/><E73/><V74/><F91/><T3/><D3/><U132/><E68/><V66/><REACH who="2" step="1"/><F79/><REACH who="2" ten="222,520,298,0" step="2"/><T107/><D107/><U46/><E111/><V102/><F102/><T35/><D35/><U93/><E108/><V32/><F32/><T97/><D133/><U98/><E135/><V83/><F83/><T61/><D95/><U75/><E89/><V38/><AGARI ba="0,1" hai="37,38,39,50,54,57,60,63,64,66,67,74,78,82" m="30752" machi="38" ten="40,8000,1" yaku="1,1,0,1,52,2,53,0" doraHai="105" doraHaiUra="100" who="2" fromWho="2" sc="222,-40,520,-40,298,90,0,0" /><INIT seed="6,1,0,3,1,90" ten="182,480,388,0" oya="2" hai0="125,134,131,33,52,34,102,75,65,124,114,129,99" hai1="54,82,113,93,120,59,107,101,55,60,81,84,40" hai2="112,67,53,72,116,133,126,100,108,85,37,115,35" hai3=""/><V97/><F116/><T44/><D65/><U56/><N who="1" m="30752" /><U2/><E2/><V89/><F35/><T39/><D75/><U80/><E40/><V132/><F37/><T130/><D114/><N who="2" m="43562" /><F67/><T123/><N who="0" m="31520" /><T106/><D52/><U119/><E113/><V0/><F0/><T47/><D47/><U42/><E42/><V3/><F3/><T127/><D44/><U104/><E119/><V71/><F71/><T49/><D49/><U62/><E84/><V117/><F117/><T79/><D79/><U64/><E64/><V95/><F108/><T135/><D39/><U66/><E66/><V41/><F41/><T98/><D98/><AGARI ba="1,0" hai="54,55,56,59,60,62,80,81,82,93,98,101,104,107" m="30752" machi="98" ten="40,5200,0" yaku="9,1,52,2" doraHai="90" who="1" fromWho="0" sc="182,-54,480,54,388,0,0,0" owari="128,-47.0,534,48.0,388,-1.0,0,0.0" /></mjloggm>