<mjloggm ver="2.3"><GO type="169" lobby="0"/><UN n0="%40%E5%AD%98%E5%9C%A8%E4%BE%A1%E5%80%A4%30%E4%BA%BA%E9%96%93" n1="%E3%83%8A%E3%82%AB%E3%81%AB%E3%81%97" n2="%E6%B0%B4%E5%93%89%E3%81%AE%E3%83%AC%E3%82%B8%E3%82%A7%E3%83%B3%E3%83%89" n3="%E6%A4%9B%E5%8D%97" dan="16,17,16,17" rate="2087.02,2168.76,2126.70,2098.48" sx="F,M,M,F"/><TAIKYOKU oya="0"/><INIT seed="0,0,0,2,0,133" ten="250,250,250,250" oya="0" hai0="41,56,67,77,109,1,62,108,4,114,104,125,0" hai1="19,116,72,83,84,75,126,93,128,20,110,17,112" hai2="70,45,95,22,47,23,82,57,127,120,21,2,61" hai3="64,89,121,90,69,131,35,63,113,71,55,103,105"/><T92/><D114/><U130/><E116/><V99/><F120/><W31/><G121/><T96/><D104/><U107/><E107/><V76/><F70/><W124/><G131/><N who="1" m="50218" /><E110/><N who="0" m="42601" /><D77/><U8/><E112/><V59/><F2/><N who="0" m="1130" /><D41/><U87/><E8/><V117/><F117/><W13/><G71/><T98/><D4/><U54/><E54/><V74/><F59/><W33/><G33/><T27/><D27/><U58/><E58/><V134/><F134/><W123/><G123/><T73/><D73/><U46/><E46/><V106/><F106/><W6/><G55/><T43/><D43/><U51/><E51/><V49/><F49/><W80/><G69/><T65/><D65/><U38/><E38/><V132/><F132/><W7/><G64/><T119/><D119/><U111/><E111/><V15/><F15/><W50/><G13/><T100/><D98/><U88/><E19/><V9/><F74/><W10/><G6/><T36/><D36/><U118/><E118/><V52/><F99/><W42/><G7/><T5/><D5/><U53/><E53/><V122/><F76/><W91/><G42/><T94/><D92/><U44/><E72/><V14/><F95/><W16/><G105/><T28/><D28/><U135/><E75/><V68/><F122/><W78/><G31/><T102/><D102/><U30/><E30/><V37/><F37/><W115/><G103/><T79/><D79/><N who="1" m="46207" /><E135/><V81/><F68/><W39/><G115/><T85/><D85/><U11/><E87/><V101/><F101/><W129/><G113/><T40/><D40/><U48/><E93/><RYUUKYOKU ba="0,0" sc="250,30,250,-10,250,-10,250,-10" hai0="56,62,67,94,96,100,125" /><INIT seed="0,1,0,4,4,117" ten="280,240,240,240" oya="0" hai0="85,81,83,52,31,22,21,30,55,88,17,8,46" hai1="86,98,130,116,120,42,54,89,68,0,33,63,90" hai2="26,24,131,34,123,4,110,82,37,2,65,13,87" hai3="118,15,122,71,64,66,92,115,50,39,36,127,128"/><T10/><D46/><U61/><E116/><V126/><F37/><W76/><G118/><T51/><D51/><U56/><E33/><V108/><F65/><W25/><G115/><T70/><D70/><U14/><E0/><V119/><F119/><W96/><G128/><T23/><D17/><U99/><E130/><V53/><F53/><N who="0" m="20554" /><D81/><U102/><E42/><V105/><F105/><W3/><G71/><T112/><D112/><U58/><E68/><V114/><F114/><W29/><G50/><T60/><D60/><U57/><E54/><V7/><F131/><W78/><G66/><T77/><D77/><U49/><E49/><V135/><F82/><W40/><G40/><T109/><D109/><N who="2" m="42090" /><F87/><W44/><G44/><T74/><D74/><U27/><E27/><N who="2" m="10283" /><F34/><W121/><G64/><T6/><D6/><N who="2" m="2090" /><F2/><W104/><G3/><T19/><D19/><U5/><E86/><V43/><F43/><W32/><G32/><T59/><D59/><U9/><E58/><V79/><F79/><W69/><G78/><T132/><D132/><U113/><E5/><V45/><F45/><W18/><G76/><T28/><AGARI ba="1,0" hai="8,10,21,22,23,28,30,31,83,85,88" m="20554" machi="28" ten="40,7800,0" yaku="8,1,54,2" doraHai="117" who="0" fromWho="0" sc="280,81,240,-27,240,-27,240,-27" /><INIT seed="0,2,0,3,1,50" ten="361,213,213,213" oya="0" hai0="28,127,134,21,6,19,126,132,76,53,110,135,59" hai1="54,3,24,131,133,57,46,7,40,18,56,86,98" hai2="69,107,8,15,88,83,52,102,78,16,2,109,60" hai3="61,124,123,92,23,42,97,104,47,87,121,65,99"/><T38/><D38/><U79/><E133/><V25/><F109/><W10/><G124/><N who="0" m="47659" /><D110/><U58/><E131/><V49/><F2/><W34/><G34/><T120/><D120/><U5/><E3/><V85/><F107/><W80/><G10/><T48/><D76/><U13/><E98/><V75/><F102/><W119/><G119/><T30/><D6/><U115/><E115/><V55/><F25/><AGARI ba="2,0" hai="19,21,25,28,30,48,53,59,132,134,135" m="47659" machi="25" ten="40,7700,0" yaku="20,1,18,1,52,1" doraHai="50" who="0" fromWho="2" sc="361,83,213,0,213,-83,213,0" /><INIT seed="0,3,0,1,2,115" ten="444,213,130,213" oya="0" hai0="89,69,112,67,116,32,52,113,100,14,131,125,37" hai1="104,134,81,102,18,99,105,87,123,57,127,3,17" hai2="103,72,24,74,114,95,61,129,63,33,4,50,29" hai3="73,76,98,2,51,16,101,58,70,107,86,118,64"/><T77/><D32/><U94/><E123/><V84/><F114/><W79/><G73/><T59/><D37/><U20/><E134/><V7/><F129/><W117/><G70/><T90/><D77/><U120/><E120/><V60/><F50/><W1/><G79/><T133/><D100/><U13/><E127/><V8/><F8/><W75/><G75/><T83/><D89/><U43/><E3/><V27/><F27/><W45/><G16/><T35/><D35/><U85/><E43/><V15/><F15/><W28/><G28/><T53/><D83/><U44/><E44/><V128/><F128/><W10/><G86/><T96/><D90/><U48/><E85/><V62/><N who="2" m="15360" /><DORA hai="55" /><V91/><REACH who="2" step="1"/><F103/><REACH who="2" ten="444,213,120,213" step="2"/><W119/><G10/><T40/><D14/><U31/><E18/><V23/><F23/><W12/><G12/><T22/><D22/><U38/><E38/><V108/><F108/><W97/><G1/><T122/><D131/><U47/><E31/><V42/><F42/><W132/><G2/><T26/><D40/><U135/><E135/><V21/><F21/><W41/><G132/><T49/><D133/><U54/><REACH who="1" step="1"/><E47/><REACH who="1" ten="444,203,120,213" step="2"/><V71/><F71/><W5/><G45/><T46/><D112/><U30/><E30/><V66/><F66/><W25/><G41/><T92/><D113/><U93/><E93/><V109/><F109/><W56/><G64/><T6/><D69/><U82/><E82/><V11/><F11/><W126/><G126/><T9/><D67/><U124/><E124/><V36/><F36/><W111/><G111/><T106/><D125/><RYUUKYOKU ba="3,2" sc="444,-15,203,15,120,15,213,-15" hai1="13,17,20,48,54,57,81,87,94,99,102,104,105" hai2="4,7,24,29,33,72,74,84,91,95" /><INIT seed="1,4,2,3,5,84" ten="429,218,135,198" oya="1" hai0="40,13,121,76,52,110,30,78,125,109,62,0,20" hai1="9,14,43,45,114,99,120,90,31,18,15,4,51" hai2="88,67,128,86,58,48,108,98,39,70,126,28,72" hai3="134,56,80,7,1,100,42,116,47,97,16,66,5"/><U89/><E114/><V107/><F39/><W3/><G134/><T36/><D0/><U68/><E68/><V69/><F72/><W74/><G116/><T104/><D104/><U25/><E120/><V22/><F108/><W6/><G74/><T83/><D40/><U92/><E31/><V85/><F128/><W129/><G80/><T27/><D36/><U123/><E123/><V87/><F126/><W8/><G66/><T111/><D121/><U53/><E25/><N who="2" m="16439" /><F107/><W118/><G56/><N who="0" m="35079" /><D125/><U35/><E35/><V133/><F133/><W64/><G64/><T46/><D46/><U75/><E75/><V103/><F103/><W94/><G129/><T135/><D135/><U38/><E38/><V55/><F70/><W131/><G118/><T49/><D49/><U96/><E43/><V106/><F106/><W73/><G73/><N who="0" m="43407" /><D13/><U21/><E96/><V82/><F69/><W102/><G131/><T71/><D71/><U44/><E44/><N who="2" m="28039" /><F98/><W59/><G59/><T81/><D78/><U29/><E29/><V93/><F93/><W65/><G1/><T2/><D2/><U26/><E26/><V124/><F124/><W122/><G3/><T115/><D81/><U54/><E54/><V10/><F10/><W79/><G65/><T127/><D127/><U117/><E117/><V50/><F50/><N who="3" m="26999" /><G122/><T19/><D30/><U77/><E77/><V113/><F113/><AGARI ba="4,2" hai="19,20,27,109,110,111,113,115" m="43407,35079" machi="113" ten="30,2000,0" yaku="14,1,54,1" doraHai="84" who="0" fromWho="2" sc="429,52,218,0,135,-32,198,0" /><INIT seed="2,0,0,5,2,40" ten="481,218,103,198" oya="2" hai0="62,84,29,97,74,1,42,5,46,68,63,124,35" hai1="0,106,91,86,114,135,32,44,126,101,131,102,58" hai2="31,113,133,79,122,134,57,34,12,111,81,117,22" hai3="60,3,49,107,95,65,69,30,119,70,26,129,118"/><V45/><F122/><W73/><G129/><T19/><D74/><U93/><E114/><V89/><F113/><W132/><G132/><T38/><D35/><U41/><E32/><V53/><F117/><W16/><G70/><T50/><D29/><U9/><E135/><N who="2" m="51723" /><F34/><W59/><G107/><T20/><D5/><U55/><E131/><V54/><F89/><W130/><G130/><T23/><D124/><U103/><E106/><V123/><F123/><W11/><G73/><T15/><D1/><U56/><E126/><V66/><F111/><W125/><G125/><T96/><D84/><U77/><E77/><V61/><F12/><W112/><G112/><T88/><D68/><U128/><E128/><V2/><F2/><W76/><G76/><T78/><D96/><U109/><E109/><V75/><F45/><W82/><G3/><T110/><D78/><U25/><E25/><AGARI ba="0,0" hai="22,25,31,53,54,57,61,66,75,79,81" m="51723" machi="25" ten="30,1500,0" yaku="20,1" doraHai="40" who="2" fromWho="1" sc="481,0,218,-15,103,15,198,0" /><INIT seed="2,1,0,5,4,13" ten="481,203,118,198" oya="2" hai0="69,7,94,21,38,54,113,90,30,32,119,22,37" hai1="51,95,91,71,8,63,64,108,56,123,42,128,16" hai2="33,110,129,126,74,130,23,0,81,101,93,3,29" hai3="44,9,134,50,36,127,116,28,66,87,70,15,61"/><V18/><F74/><W40/><G134/><T20/><D69/><U46/><E108/><V122/><F101/><W103/><G127/><T19/><D7/><U124/><E124/><V5/><F126/><W73/><G73/><T75/><D119/><U25/><E128/><N who="2" m="49259" /><F81/><W55/><G116/><T115/><D32/><U27/><E123/><V24/><F93/><W117/><G117/><T26/><D22/><U12/><REACH who="1" step="1"/><E71/><REACH who="1" ten="481,193,118,198" step="2"/><V97/><F122/><W104/><G70/><T92/><D113/><U131/><E131/><V65/><F110/><W121/><G121/><T77/><D115/><U114/><E114/><V31/><F65/><W34/><G66/><T67/><D67/><U39/><E39/><V60/><F60/><W76/><G61/><T135/><D37/><U48/><E48/><V79/><F79/><W105/><G76/><T86/><D38/><U2/><E2/><N who="2" m="555" /><F97/><AGARI ba="1,1" hai="8,12,16,25,27,42,46,51,56,63,64,91,95,97" machi="97" ten="30,8000,1" yaku="1,1,7,1,8,1,52,1,54,1,53,0" doraHai="13" doraHaiUra="107" who="1" fromWho="2" sc="481,0,193,93,118,-83,198,0" /><INIT seed="3,0,0,0,2,31" ten="481,286,35,198" oya="3" hai0="59,47,115,121,78,51,110,25,90,134,27,128,112" hai1="14,96,54,135,61,107,122,46,18,66,113,114,20" hai2="7,92,4,62,30,91,68,106,11,97,116,109,72" hai3="101,105,98,24,95,100,43,89,81,38,125,32,65"/><W15/><G125/><T70/><D70/><U118/><E122/><V123/><F116/><W74/><G65/><T55/><D121/><U129/><E135/><V8/><F123/><W5/><G38/><T0/><D134/><U29/><E129/><V9/><F109/><W33/><G43/><T57/><D0/><U82/><E118/><V3/><F72/><W75/><G24/><T17/><D78/><U119/><E119/><V87/><F30/><W49/><G49/><T124/><D110/><U94/><E107/><V56/><F68/><W126/><G101/><T73/><D73/><U2/><E2/><V127/><F127/><W64/><G64/><T37/><D128/><U40/><E82/><V53/><F106/><W88/><G75/><T130/><D27/><U79/><E29/><V132/><F132/><W23/><G89/><T44/><D25/><U131/><E54/><V1/><REACH who="2" step="1"/><F11/><REACH who="2" ten="481,286,25,198" step="2"/><W83/><G126/><T52/><D124/><U10/><E10/><V93/><F93/><W22/><G105/><T45/><D130/><U80/><E94/><V69/><F69/><W6/><G74/><T48/><D115/><U36/><E131/><V42/><F42/><W58/><G83/><T67/><D112/><U39/><E113/><V50/><F50/><W16/><G81/><T104/><D104/><U77/><E36/><V103/><F103/><W108/><G100/><T111/><D111/><U120/><E114/><V41/><F41/><W102/><G102/><T84/><D37/><U117/><E120/><V34/><F34/><W13/><G108/><T86/><D48/><RYUUKYOKU ba="0,1" sc="481,-10,286,-10,25,30,198,-10" hai2="1,3,4,7,8,9,53,56,62,87,91,92,97" /><INIT seed="4,1,1,3,5,121" ten="471,276,55,188" oya="0" hai0="7,130,26,103,49,77,6,29,120,96,19,40,0" hai1="11,1,60,117,99,74,109,80,66,18,101,62,23" hai2="133,20,4,34,54,70,124,126,110,16,52,95,2" hai3="84,92,118,51,119,107,90,33,64,28,134,87,108"/><T93/><D0/><U14/><E117/><V46/><F70/><W85/><G107/><T13/><D130/><U63/><E109/><V129/><F34/><W102/><G102/><T25/><D25/><U9/><E1/><V115/><F129/><W15/><G134/><T71/><D71/><U42/><E42/><V41/><F133/><W58/><G108/><T83/><D49/><U8/><E74/><V122/><F122/><W112/><G28/><T31/><D40/><U131/><E80/><V123/><F123/><W3/><G33/><T98/><D98/><U10/><N who="1" m="2048" /><DORA hai="32" /><U104/><REACH who="1" step="1"/><E131/><REACH who="1" ten="471,266,55,188" step="2"/><V22/><F2/><W111/><G3/><T55/><D83/><U132/><E132/><V30/><F110/><W50/><G111/><T105/><D6/><U127/><E127/><V37/><F4/><W59/><G119/><T44/><D7/><U75/><E75/><V65/><F124/><W48/><G118/><T68/><D120/><U125/><E125/><V116/><F116/><W106/><G112/><T73/><D73/><U86/><E86/><V45/><F115/><W47/><G85/><T91/><D96/><U97/><E97/><V38/><F126/><W82/><G87/><T78/><D78/><U53/><E53/><V88/><F41/><W81/><G81/><T113/><D55/><U69/><AGARI ba="1,2" hai="14,18,23,60,62,63,66,69,99,101,104" m="2048" machi="69" ten="40,5200,0" yaku="1,1,0,1,53,1" doraHai="121,32" doraHaiUra="21,100" who="1" fromWho="1" sc="471,-27,266,75,55,-14,188,-14" /><INIT seed="5,0,0,1,5,0" ten="444,341,41,174" oya="1" hai0="26,61,91,9,6,30,121,70,59,75,64,88,133" hai1="41,135,84,12,113,106,102,3,127,46,130,39,68" hai2="7,107,33,49,1,76,100,50,47,34,83,19,62" hai3="101,28,16,129,80,111,31,122,71,94,51,97,104"/><U4/><E113/><V48/><F107/><W55/><G129/><T23/><D75/><U105/><E130/><V43/><F100/><W109/><G122/><T13/><D121/><U54/><E135/><V77/><F19/><W124/><G124/><T89/><REACH who="0" step="1"/><D70/><REACH who="0" ten="434,341,41,174" step="2"/><U5/><E68/><V24/><F47/><W67/><G71/><T18/><D18/><U14/><E127/><V98/><F43/><W115/><G115/><T56/><D56/><U22/><E46/><V29/><F29/><W60/><G31/><T38/><D38/><U123/><E41/><V53/><F48/><W10/><G28/><T58/><D58/><U120/><E39/><V114/><F50/><W112/><G112/><T17/><D17/><U52/><E123/><V95/><F49/><W117/><G16/><T20/><D20/><U82/><E120/><V45/><F114/><W44/><G111/><T79/><D79/><U110/><E22/><V15/><F76/><W116/><G109/><T11/><D11/><U8/><E110/><V66/><F45/><W81/><G10/><T126/><D126/><U128/><E128/><V35/><F77/><W63/><G117/><T86/><D86/><U72/><E72/><V108/><F108/><W119/><G119/><T134/><AGARI ba="0,1" hai="6,9,13,23,26,30,59,61,64,88,89,91,133,134" machi="134" ten="30,8000,1" yaku="1,1,0,1,52,1,54,1,53,1" doraHai="0" doraHaiUra="21" who="0" fromWho="0" sc="434,90,341,-40,41,-20,174,-20" /><INIT seed="6,0,0,2,5,6" ten="524,301,21,154" oya="2" hai0="73,26,12,43,9,125,19,0,71,52,88,116,108" hai1="135,123,98,41,24,107,126,8,124,65,79,53,75" hai2="56,80,67,128,134,74,57,121,59,3,39,4,133" hai3="105,61,18,47,55,33,118,129,1,13,63,60,54"/><V28/><F121/><W77/><G1/><T51/><D108/><U66/><E135/><V86/><F74/><W85/><G129/><T78/><D71/><U109/><E109/><V103/><F39/><W11/><G33/><T20/><D116/><U95/><E41/><V122/><F122/><W27/><G105/><T94/><D125/><U5/><E107/><V23/><F128/><W72/><G72/><T106/><D43/><U131/><E131/><V42/><F42/><W62/><G118/><T101/><D101/><U119/><E53/><V100/><F67/><W36/><G36/><T16/><D0/><U84/><E84/><V15/><F3/><W2/><G63/><T50/><D106/><U7/><E7/><V97/><F28/><W104/><G104/><T130/><D130/><U81/><E24/><V58/><N who="2" m="14336" /><DORA hai="35" /><V37/><F37/><W117/><G47/><T69/><D69/><U70/><E70/><V111/><F111/><W10/><G27/><T68/><D68/><U83/><E83/><V120/><F120/><W127/><G127/><N who="1" m="48682" /><E119/><V29/><F29/><W46/><G117/><T76/><D73/><U99/><E99/><V49/><F49/><W96/><G96/><N who="0" m="57415" /><D52/><U40/><E40/><V45/><F45/><W112/><G46/><T30/><D30/><U82/><E82/><V115/><F115/><W87/><G112/><T110/><D110/><U25/><E123/><V34/><F34/><W17/><G55/><T32/><D32/><U114/><E114/><V44/><F44/><W91/><G54/><T132/><D50/><U21/><E75/><RYUUKYOKU ba="0,0" sc="524,0,301,0,21,0,154,0" /><INIT seed="7,1,0,1,0,57" ten="524,301,21,154" oya="3" hai0="117,2,33,37,130,8,97,24,107,77,29,113,53" hai1="54,127,64,48,73,61,126,98,106,90,6,89,78" hai2="1,100,18,84,103,132,108,55,85,9,69,47,120" hai3="129,110,28,38,42,22,66,86,128,15,135,116,11"/><W87/><G116/><T45/><D77/><U58/><E6/><V104/><F69/><W16/><G135/><T74/><D74/><U43/><E43/><V4/><F55/><W115/><G115/><T121/><D121/><U14/><E14/><V51/><F132/><W34/><G110/><T52/><D53/><U44/><E78/><V118/><F118/><W3/><G66/><T99/><D97/><U65/><E73/><V12/><F108/><W19/><G19/><T67/><D29/><U131/><E131/><N who="3" m="50250" /><G38/><T40/><D67/><U59/><E106/><V7/><F120/><W71/><G42/><T23/><D107/><U26/><E26/><V105/><F1/><W123/><G71/><T81/><D40/><U31/><E31/><V122/><F122/><W27/><G123/><T72/><D130/><U50/><E98/><V133/><F133/><W70/><G70/><T102/><D99/><U92/><E92/><V0/><F0/><W125/><G125/><N who="1" m="47626" /><E50/><V62/><F85/><N who="3" m="32267" /><G3/><T36/><D113/><U30/><E30/><V119/><F119/><W35/><AGARI ba="1,0" hai="11,15,16,22,27,28,34,35" m="32267,50250" machi="35" ten="30,3000,0" yaku="19,1,54,1" doraHai="57" who="3" fromWho="3" sc="524,-11,301,-11,21,-11,154,33" /><INIT seed="7,2,0,5,5,125" ten="513,290,10,187" oya="3" hai0="99,64,94,117,34,56,119,112,76,67,55,121,85" hai1="98,91,35,50,110,61,86,13,114,93,78,7,81" hai2="42,82,72,0,52,58,10,46,28,126,111,124,73" hai3="128,22,89,68,88,90,127,11,101,102,18,116,57"/><W2/><G68/><T60/><D34/><U108/><E35/><V12/><F12/><W37/><G37/><T118/><D121/><U17/><E114/><V71/><F73/><W1/><G127/><T3/><D3/><U43/><E61/><V31/><F111/><W19/><G116/><T130/><D130/><U4/><E110/><V8/><F8/><W77/><G77/><T20/><D112/><U63/><E63/><V122/><F122/><W83/><G83/><T134/><D134/><U38/><E38/><V113/><F113/><W66/><G11/><T65/><D20/><N who="1" m="11311" /><E108/><V84/><F84/><W33/><G33/><T79/><D85/><U6/><E6/><V132/><F132/><W115/><G115/><T74/><D74/><U123/><E123/><V16/><F28/><W15/><G19/><T32/><D32/><U87/><E87/><V26/><F71/><W106/><G106/><T129/><D94/><U29/><E29/><V24/><F24/><W62/><REACH who="3" step="1"/><G128/><REACH who="3" ten="513,290,10,177" step="2"/><T105/><D129/><U25/><E25/><V75/><F82/><W120/><G120/><T54/><D105/><U9/><E9/><V44/><F124/><W70/><G70/><T45/><D76/><U59/><E7/><N who="2" m="1383" /><F126/><W107/><G107/><T109/><D79/><U14/><E4/><V21/><F16/><W92/><G92/><T27/><D117/><U49/><E81/><V23/><F23/><W36/><G36/><T131/><D131/><U39/><E78/><V103/><F103/><AGARI ba="2,1" hai="1,2,15,18,22,57,62,66,88,89,90,101,102,103" machi="103" ten="40,3900,0" yaku="1,1,54,1,53,0" doraHai="125" doraHaiUra="51" who="3" fromWho="2" sc="513,0,290,0,10,-45,177,55" owari="513,62.0,290,9.0,-35,-54.0,232,-17.0" /></mjloggm>