<mjloggm ver="2.3"><GO type="185" lobby="0"/><UN n0="%E2%99%AA%E5%A4%A2%E5%85%88%E6%A1%88%E5%86%85%E4%BA%BA" n1="%E3%83%8F%E3%83%94%E3%83%AA%E3%83%83%E3%83%88" n2="%E9%A0%88%E7%94%B0%E3%83%9F%E3%83%BC%E3%82%B3" n3="" dan="16,17,16,0" rate="2229.91,2235.95,2159.03,1500.00" sx="F,M,M,C"/><TAIKYOKU oya="0"/><INIT seed="0,0,0,1,4,60" ten="350,350,350,0" oya="0" hai0="118,58,109,77,135,70,63,106,47,99,46,80,45" hai1="125,98,42,114,127,43,67,128,130,123,113,72,81" hai2="103,86,133,100,96,40,51,122,132,48,105,94,120" hai3=""/><T35/><D118/><U76/><N who="1" m="31520" /><U59/><E98/><V134/><N who="2" m="30752" /><V110/><N who="2" m="31264" /><V73/><F73/><T41/><D35/><U66/><E42/><V37/><F110/><T104/><D109/><U92/><E92/><V101/><F86/><T91/><D135/><U121/><N who="1" m="31008" /><U83/><E43/><V54/><F105/><T112/><D70/><U0/><E0/><V124/><F124/><N who="1" m="47689" /><E81/><V52/><F37/><T65/><D112/><N who="1" m="43115" /><E59/><V55/><REACH who="2" step="1"/><F40/><REACH who="2" ten="350,350,340,0" step="2"/><T32/><D41/><U2/><E2/><V34/><F34/><T71/><D32/><U50/><E50/><AGARI ba="0,1" hai="48,50,51,52,54,55,94,96,100,101,103,132,133,134" m="31264,30752" machi="50" ten="50,12000,2" yaku="1,1,20,1,52,2,54,1,53,1" doraHai="60" doraHaiUra="93" who="2" fromWho="1" sc="350,0,350,-120,340,130,0,0" /><INIT seed="1,0,0,5,1,78" ten="350,230,470,0" oya="1" hai0="119,107,43,87,130,118,93,77,89,63,36,106,90" hai1="88,55,131,49,64,48,53,67,134,98,99,101,91" hai2="117,41,120,115,116,46,95,135,38,50,104,40,110" hai3=""/><U73/><E73/><V94/><N who="2" m="30752" /><V122/><N who="2" m="31264" /><V108/><F104/><T60/><D36/><U54/><E131/><V83/><F135/><T100/><D43/><U113/><E113/><V33/><F33/><T111/><D111/><N who="2" m="42538" /><F115/><T39/><D39/><U124/><E134/><V112/><F112/><T96/><D130/><U82/><E124/><V65/><F65/><N who="1" m="25161" /><E101/><V80/><F41/><T51/><D51/><N who="1" m="19531" /><E82/><N who="2" m="31275" /><F38/><T42/><D42/><U102/><E102/><V123/><N who="2" m="31520" /><V70/><F70/><T103/><D106/><U132/><E132/><V105/><F105/><T37/><D37/><U34/><E34/><V47/><F47/><T72/><D103/><U84/><E84/><V58/><F58/><T97/><D100/><U0/><E0/><V121/><N who="2" m="31008" /><V75/><F75/><T86/><D107/><U133/><E133/><V35/><F35/><T71/><D72/><U127/><E127/><V32/><F32/><T44/><D44/><U74/><E74/><V85/><F85/><T52/><D86/><U66/><N who="1" m="25169" /><U126/><DORA hai="1" /><E126/><V128/><F128/><T125/><D87/><U59/><E59/><V76/><F76/><T62/><D125/><U3/><E3/><V68/><F68/><RYUUKYOKU ba="0,0" sc="350,-20,230,10,470,10,0,0" hai1="53,54,55,88,91,98,99" hai2="40,46,50,94,95,116,117" /><INIT seed="1,1,0,2,5,64" ten="330,240,480,0" oya="1" hai0="94,89,69,117,118,121,131,114,130,73,104,101,90" hai1="95,124,63,102,43,96,32,36,107,49,53,103,58" hai2="1,87,81,109,86,111,133,68,71,72,105,80,97" hai3=""/><U128/><E32/><V75/><F133/><T108/><N who="0" m="31008" /><T88/><D114/><U122/><N who="1" m="31264" /><U98/><E128/><N who="0" m="49193" /><D69/><U0/><E0/><V84/><F1/><T100/><D73/><N who="2" m="28234" /><F97/><T85/><D108/><N who="2" m="41546" /><F105/><T37/><D37/><U48/><REACH who="1" step="1"/><E124/><REACH who="1" ten="330,230,480,0" step="2"/><V51/><F51/><T46/><D118/><U54/><E54/><V112/><F112/><T41/><D117/><U74/><E74/><V120/><N who="2" m="30752" /><V116/><F116/><T45/><D41/><U67/><E67/><V82/><AGARI ba="1,1" hai="68,71,80,81,82,84,86,87" m="30752,41546,28234" machi="82" ten="40,9000,2" yaku="28,2,14,1,52,3" doraHai="64" who="2" fromWho="2" sc="330,-31,230,-61,480,102,0,0" /><INIT seed="2,0,0,4,4,122" ten="299,169,582,0" oya="2" hai0="68,88,36,101,96,120,52,50,109,119,1,131,97" hai1="121,71,94,59,133,62,112,93,38,99,32,58,54" hai2="45,61,65,55,41,70,76,79,107,80,130,82,53" hai3=""/><V135/><F107/><T128/><N who="0" m="30752" /><T78/><D119/><U106/><N who="1" m="31008" /><U77/><E32/><V134/><F130/><T40/><D1/><U44/><E112/><V72/><F134/><T69/><D78/><U37/><E71/><V63/><F63/><T43/><D36/><U3/><E3/><V114/><F114/><T67/><D88/><U39/><E133/><V56/><F70/><T34/><D34/><U83/><E106/><V127/><F127/><T33/><D33/><U49/><E99/><V74/><REACH who="2" step="1"/><F135/><REACH who="2" ten="299,169,572,0" step="2"/><T2/><D2/><U103/><E59/><V60/><F60/><T116/><D68/><U89/><E58/><V90/><F90/><T98/><D131/><U100/><E62/><V51/><AGARI ba="0,1" hai="41,45,51,53,55,56,61,65,72,74,76,79,80,82" machi="51" ten="20,8000,1" yaku="1,1,0,1,7,1,9,1,53,1" doraHai="122" doraHaiUra="42" who="2" fromWho="2" sc="299,-40,169,-40,572,90,0,0" /><INIT seed="2,1,0,4,3,78" ten="259,129,662,0" oya="2" hai0="52,132,87,126,38,118,107,36,127,115,129,109,75" hai1="98,65,110,82,53,104,91,89,105,79,83,135,73" hai2="66,50,44,67,124,32,63,46,111,3,58,37,100" hai3=""/><V54/><F3/><T47/><RYUUKYOKU type="yao9" ba="1,0" sc="259,0,129,0,662,0,0,0" hai0="36,38,47,52,75,87,107,109,115,118,126,127,129,132" /><INIT seed="2,2,0,2,1,53" ten="259,129,662,0" oya="2" hai0="121,112,117,80,127,38,97,33,41,126,81,83,74" hai1="69,57,111,0,133,130,98,120,132,114,107,93,62" hai2="59,90,95,44,88,47,39,134,84,101,50,56,129" hai3=""/><V37/><F129/><T119/><N who="0" m="31008" /><T79/><D33/><U54/><N who="1" m="30752" /><U67/><E0/><V89/><F134/><N who="1" m="51817" /><E114/><V49/><F101/><T61/><D112/><U100/><E130/><V58/><F37/><T65/><D41/><U71/><E111/><V42/><F39/><T85/><D38/><U60/><E107/><V52/><AGARI ba="2,0" hai="42,44,47,49,50,52,56,58,59,84,88,89,90,95" machi="52" ten="30,12000,2" yaku="0,1,8,1,52,3,54,2" doraHai="53" who="2" fromWho="2" sc="259,-62,129,-62,662,124,0,0" /><INIT seed="2,3,0,2,0,76" ten="197,67,786,0" oya="2" hai0="65,41,3,100,111,34,107,67,50,71,57,132,116" hai1="114,45,103,0,88,68,82,85,124,117,77,102,110" hai2="40,36,93,79,51,1,101,39,129,55,135,105,83" hai3=""/><V113/><F1/><T122/><D100/><U127/><E0/><V53/><F129/><T81/><D81/><U130/><E68/><V84/><F135/><T2/><D50/><U63/><E114/><V131/><F113/><T38/><D57/><U61/><E130/><V62/><F40/><T89/><D89/><U72/><E110/><V118/><F118/><T115/><D65/><U126/><E45/><V119/><F119/><T121/><D67/><U33/><E117/><V98/><F131/><T48/><N who="0" m="31008" /><T123/><N who="0" m="31264" /><T106/><D48/><U75/><E33/><V73/><F62/><N who="1" m="23561" /><E72/><V78/><F53/><T52/><D52/><U46/><E46/><V90/><F78/><T91/><D91/><U99/><E99/><V66/><F66/><T108/><D41/><U49/><E49/><V37/><F37/><T112/><D108/><U69/><E69/><V70/><F70/><T54/><D54/><U125/><N who="1" m="31744" /><DORA hai="58" /><U35/><E35/><V32/><F32/><T92/><D34/><U96/><E96/><V74/><F74/><T44/><D71/><U109/><E109/><V42/><F42/><T47/><D2/><U87/><E75/><V120/><N who="2" m="30752" /><V134/><F134/><T60/><D3/><RYUUKYOKU ba="3,0" sc="197,-20,67,10,786,10,0,0" hai1="77,82,85,87,88,102,103" hai2="36,39,51,55,73,79,83,84,90,93,98,101,105" /><INIT seed="2,4,0,2,4,115" ten="177,77,796,0" oya="2" hai0="33,94,50,133,83,46,89,56,54,109,36,37,121" hai1="127,79,39,114,105,119,80,62,60,134,112,130,81" hai2="125,68,73,53,90,96,38,120,49,97,117,106,72" hai3=""/><V108/><N who="2" m="30752" /><V88/><F68/><T64/><N who="0" m="31008" /><T100/><D109/><U110/><E39/><V74/><F38/><T47/><D133/><U85/><E110/><V40/><F40/><T123/><N who="0" m="31520" /><T75/><D33/><U95/><E105/><V93/><F125/><T92/><D100/><U66/><E127/><V122/><N who="2" m="31264" /><V111/><F117/><T2/><D94/><U107/><E107/><V135/><F135/><T1/><D75/><U132/><E130/><V43/><F43/><T91/><D83/><U87/><E95/><V82/><F82/><T71/><D71/><U42/><E42/><V41/><F41/><T3/><D89/><U129/><E66/><V58/><REACH who="2" step="1"/><F90/><REACH who="2" ten="177,77,786,0" step="2"/><T86/><D37/><U44/><E119/><V52/><F52/><T51/><D36/><U116/><E116/><V128/><F128/><T76/><D2/><U99/><E129/><V101/><AGARI ba="4,1" hai="49,53,58,72,73,74,88,93,96,97,101,106,108,111" m="31264,30752" machi="101" ten="40,8000,1" yaku="1,1,0,1,52,2,54,1,53,0" doraHai="115" doraHaiUra="78" who="2" fromWho="2" sc="177,-44,77,-44,786,98,0,0" /><INIT seed="2,5,0,4,4,60" ten="133,33,884,0" oya="2" hai0="56,1,74,61,79,3,76,135,105,44,81,59,114" hai1="100,129,51,108,98,0,99,39,66,72,104,48,89" hai2="53,94,41,103,115,68,47,134,65,80,101,67,102" hai3=""/><V116/><F116/><T95/><D135/><U97/><E0/><V77/><F134/><T118/><D118/><U85/><E39/><V121/><N who="2" m="31008" /><V124/><F124/><T36/><D105/><U33/><E33/><V54/><F68/><T83/><D114/><U82/><E108/><V117/><F117/><T84/><D56/><U43/><E129/><V64/><F94/><T92/><D95/><U52/><E66/><V107/><F107/><T112/><D112/><U131/><E131/><V37/><REACH who="2" step="1"/><F115/><REACH who="2" ten="133,33,874,0" step="2"/><T32/><D92/><U126/><E126/><V38/><F38/><T57/><D1/><U88/><E72/><AGARI ba="5,1" hai="37,41,47,53,54,64,65,67,72,77,80,101,102,103" m="31008" machi="72" ten="40,12000,1" yaku="1,1,52,4,53,0" doraHai="60" doraHaiUra="111" who="2" fromWho="1" sc="133,0,33,-130,874,140,0,0" owari="133,-27.0,-97,-70.0,1014,97.0,0,0.0" /></mjloggm>