<mjloggm ver="2.3"><GO type="169" lobby="0"/><UN n0="%E3%83%92%E3%83%AD%E3%83%92%E3%83%AD%E3%83%9E%E3%83%AB" n1="%E6%97%A9%E7%A8%B2%E7%94%B0%E5%A4%A7%E5%AD%A6%34%E5%B9%B4" n2="%68%65%69%74%74%65%72" n3="%E3%83%90%E3%82%AD" dan="16,17,16,17" rate="2151.66,2224.56,2094.52,2195.38" sx="M,F,M,M"/><TAIKYOKU oya="0"/><INIT seed="0,0,0,1,4,83" ten="250,250,250,250" oya="0" hai0="101,116,35,7,78,109,20,0,57,11,13,96,59" hai1="67,21,26,6,84,43,39,55,25,41,106,122,5" hai2="9,117,112,24,33,62,104,61,132,28,80,23,76" hai3="31,71,29,47,14,72,111,45,118,56,90,3,97"/><T125/><D116/><U128/><E122/><V68/><F112/><W87/><G118/><T66/><D35/><U17/><E106/><V123/><F123/><W107/><G3/><T52/><D125/><U93/><E128/><V95/><F104/><W126/><G71/><T36/><D36/><U130/><E130/><V82/><F132/><W70/><G70/><T15/><D66/><U86/><E67/><V46/><F117/><W99/><G126/><T44/><D78/><U108/><E108/><V16/><F46/><N who="3" m="17419" /><G72/><T91/><D91/><N who="1" m="53479" /><E39/><V129/><F9/><W40/><G40/><N who="1" m="15434" /><E55/><V27/><F129/><W65/><G107/><T114/><D114/><U113/><E113/><V121/><F121/><W110/><G14/><T12/><D109/><N who="3" m="41481" /><G99/><T85/><D20/><N who="1" m="13455" /><E86/><V22/><F68/><W69/><G97/><T4/><D85/><U102/><E102/><V8/><F33/><W53/><G65/><T124/><D124/><U89/><E89/><V19/><F8/><W127/><G69/><T50/><REACH who="0" step="1"/><D4/><REACH who="0" ten="240,250,250,250" step="2"/><U92/><E92/><AGARI ba="0,1" hai="0,7,11,12,13,15,44,50,52,57,59,92,96,101" machi="92" ten="40,7700,0" yaku="1,1,2,1,54,1,53,0" doraHai="83" doraHaiUra="81" who="0" fromWho="1" sc="240,87,250,-77,250,0,250,0" /><INIT seed="0,1,0,5,0,81" ten="327,173,250,250" oya="0" hai0="98,97,80,26,63,42,39,125,129,128,62,109,85" hai1="75,115,4,117,87,110,105,118,47,116,132,54,83" hai2="15,134,69,7,71,24,6,124,106,77,20,33,21" hai3="101,22,58,64,88,112,126,8,28,111,60,114,44"/><T14/><D39/><U133/><E54/><V91/><F106/><W23/><G111/><T100/><D42/><U82/><E47/><V29/><F77/><W10/><G101/><T17/><D26/><U18/><E18/><V30/><F91/><W34/><G34/><T49/><D49/><U51/><E4/><N who="2" m="1579" /><F71/><W103/><G103/><T72/><D72/><U107/><E51/><V40/><F40/><W53/><G126/><T70/><D125/><U86/><E110/><V19/><F69/><W102/><G102/><T119/><D119/><U46/><E46/><V2/><F124/><W31/><G112/><T61/><D70/><U35/><E35/><V120/><F120/><W131/><G44/><T27/><D27/><U94/><E115/><V36/><F36/><W13/><G64/><T37/><D37/><U90/><E75/><V73/><F73/><W12/><G114/><T76/><D109/><U93/><E117/><V41/><F41/><W92/><G53/><T135/><D135/><U127/><E127/><V79/><F79/><W1/><G60/><T5/><D5/><U32/><E32/><N who="2" m="20519" /><F134/><W84/><G58/><T11/><REACH who="0" step="1"/><D100/><REACH who="0" ten="317,173,250,250" step="2"/><U45/><E45/><V9/><F2/><W78/><G1/><T43/><D43/><U0/><E0/><V99/><F33/><W59/><G31/><T66/><D66/><U67/><E67/><V25/><F30/><W56/><G28/><T38/><D38/><U55/><E55/><V57/><F25/><W122/><G122/><T113/><D113/><U50/><E50/><V52/><F52/><W123/><G123/><RYUUKYOKU ba="1,1" sc="317,15,173,15,250,-15,250,-15" hai0="11,14,17,61,62,63,76,80,85,97,98,128,129" hai1="82,83,86,87,90,93,94,105,107,116,118,132,133" /><INIT seed="0,2,1,2,1,90" ten="332,188,235,235" oya="0" hai0="122,16,93,18,39,123,107,0,10,132,126,83,61" hai1="64,128,57,1,87,113,63,2,129,78,77,101,86" hai2="94,84,27,88,91,51,8,29,96,28,79,102,42" hai3="99,109,21,62,47,19,26,53,32,89,30,59,76"/><T14/><D39/><U52/><E113/><V92/><F8/><W23/><G109/><T110/><D107/><U124/><E124/><V97/><F79/><N who="1" m="30217" /><E101/><V65/><F65/><W56/><G76/><T50/><D126/><U131/><E64/><V15/><F15/><W11/><G11/><T106/><D106/><U69/><E69/><V5/><F5/><W85/><G99/><T72/><D0/><AGARI ba="2,1" hai="0,1,2,52,57,63,86,87,128,129,131" m="30217" machi="0" ten="40,2600,0" yaku="19,1,54,1" doraHai="90" who="1" fromWho="0" sc="332,-32,188,42,235,0,235,0" /><INIT seed="1,0,0,5,4,86" ten="300,230,235,235" oya="1" hai0="22,0,128,119,80,133,7,33,24,100,47,122,115" hai1="68,5,75,93,84,102,92,19,89,120,42,35,58" hai2="40,131,55,56,126,31,14,87,123,37,124,103,94" hai3="3,135,6,98,67,129,132,69,15,91,46,48,64"/><U66/><E120/><V105/><F123/><W43/><G3/><T73/><D119/><U38/><E75/><V28/><F131/><W71/><G129/><T18/><D100/><U59/><E35/><V54/><F105/><W29/><G29/><T114/><D122/><U20/><E5/><V97/><F55/><W62/><G6/><T16/><D128/><U95/><E68/><V25/><F14/><W10/><G10/><N who="0" m="2407" /><D47/><U2/><E2/><V106/><F106/><W50/><G15/><N who="0" m="9503" /><D80/><U90/><E102/><V110/><F110/><W17/><G17/><T27/><D73/><U52/><E66/><V79/><F40/><W41/><G91/><N who="1" m="34826" /><E38/><V60/><F37/><W26/><G98/><T72/><D72/><U104/><E104/><V111/><F111/><W13/><G67/><T11/><D133/><U96/><E42/><V130/><F130/><W12/><G135/><T61/><D61/><N who="1" m="36039" /><E59/><V21/><F103/><W107/><G132/><T57/><D57/><U112/><E112/><V81/><F56/><W101/><G71/><T9/><D115/><U65/><E65/><V83/><F124/><W36/><G101/><T82/><D114/><U88/><E96/><V8/><F126/><W70/><G107/><T113/><D113/><U51/><E51/><N who="3" m="19498" /><G70/><T116/><D116/><U85/><N who="1" m="34834" /><U44/><DORA hai="77" /><E44/><V109/><F97/><W117/><G117/><T30/><D82/><U63/><E63/><V78/><F83/><W125/><G125/><T39/><D39/><U4/><E4/><V23/><F81/><W32/><G41/><T127/><D127/><RYUUKYOKU ba="0,0" sc="300,10,230,10,235,-30,235,10" hai0="9,11,18,24,27,30,33" hai1="19,20,84,85,92,93,95" hai3="12,13,26,32,36,43,46,62,64,69" /><INIT seed="1,1,0,2,2,119" ten="310,240,205,245" oya="1" hai0="35,60,122,104,117,110,70,19,79,16,14,8,20" hai1="51,64,129,53,44,56,36,30,39,5,34,43,132" hai2="46,50,94,124,101,27,69,55,9,93,134,81,11" hai3="13,109,62,131,54,83,52,47,71,6,130,90,108"/><U78/><E129/><N who="3" m="49162" /><G6/><T88/><D117/><U84/><E132/><V102/><F134/><W37/><G13/><T32/><D104/><U65/><E39/><V107/><F69/><W80/><G90/><T24/><D79/><U121/><E121/><V23/><F124/><W92/><G92/><N who="2" m="35433" /><F81/><W113/><G83/><T98/><D110/><N who="3" m="42601" /><G80/><T15/><D122/><U96/><E96/><V123/><F123/><W33/><G33/><T12/><D35/><U48/><E36/><V26/><F107/><W97/><G97/><T63/><D32/><U77/><E34/><V45/><F45/><W125/><G125/><T120/><D120/><U25/><E5/><V21/><F11/><W87/><G87/><T106/><D106/><U85/><E25/><N who="2" m="9227" /><F9/><W86/><G86/><N who="1" m="33386" /><E30/><V99/><F99/><W82/><G82/><T3/><D3/><U128/><E128/><V59/><F46/><W95/><G95/><N who="0" m="56679" /><D70/><U135/><E135/><V115/><F115/><W103/><G103/><AGARI ba="1,0" hai="21,23,50,55,59,101,102,103" m="9227,35433" machi="103" ten="30,1000,0" yaku="8,1" doraHai="119" who="2" fromWho="3" sc="310,0,240,0,205,13,245,-13" /><INIT seed="2,0,0,3,5,13" ten="310,240,218,232" oya="2" hai0="75,45,3,25,5,64,82,134,109,48,23,121,65" hai1="85,34,30,84,128,73,41,79,10,14,95,71,76" hai2="108,67,80,100,18,74,86,105,24,4,89,135,102" hai3="8,62,103,111,123,101,98,92,6,107,114,38,15"/><V61/><F135/><W117/><G117/><T72/><D109/><U120/><E73/><V81/><F105/><W59/><G123/><T87/><D134/><U90/><E71/><V113/><F113/><W116/><G116/><T51/><D5/><U83/><E120/><V70/><F4/><W77/><G38/><T53/><D3/><U42/><E128/><V60/><F108/><W27/><G111/><T52/><D75/><U43/><E34/><V115/><F115/><W97/><G114/><T33/><D72/><U131/><E131/><V39/><F39/><W68/><G27/><T50/><D33/><U78/><REACH who="1" step="1"/><E30/><REACH who="1" ten="310,230,218,232" step="2"/><V66/><F74/><W37/><G68/><T122/><D122/><U119/><E119/><V129/><F129/><W88/><G37/><T29/><D121/><U32/><E32/><V20/><REACH who="2" step="1"/><F81/><REACH who="2" ten="310,230,208,232" step="2"/><W31/><G107/><T127/><D82/><U69/><E69/><AGARI ba="0,2" hai="18,20,24,60,61,66,67,69,70,80,86,89,100,102" machi="69" ten="30,12000,1" yaku="1,1,2,1,7,1,9,1,52,1,53,0" doraHai="13" doraHaiUra="130" who="2" fromWho="1" sc="310,0,230,-120,208,140,232,0" /><INIT seed="2,1,0,4,3,93" ten="310,110,348,232" oya="2" hai0="72,128,65,122,104,22,67,83,30,31,34,98,38" hai1="108,41,32,123,60,75,109,134,129,96,48,84,117" hai2="101,46,77,3,44,17,81,135,39,100,106,80,131" hai3="115,88,26,127,58,1,91,70,107,97,47,66,12"/><V6/><F131/><W15/><G1/><T61/><D38/><U63/><E75/><V24/><F135/><W89/><G70/><T86/><D72/><U116/><E32/><V105/><F39/><W23/><G127/><T79/><D128/><U8/><E129/><V125/><F125/><W90/><G115/><T85/><D34/><U28/><E28/><V14/><F24/><W74/><G74/><T112/><D112/><U33/><E33/><V7/><F3/><W103/><N who="3" m="22528" /><DORA hai="76" /><W111/><G111/><N who="1" m="42570" /><E84/><V56/><F56/><W20/><G47/><T11/><D86/><U124/><E124/><V59/><F59/><W54/><G66/><T19/><D11/><U133/><E8/><V13/><F17/><W73/><G73/><T114/><D122/><U57/><E96/><V29/><REACH who="2" step="1"/><F77/><REACH who="2" ten="310,110,338,232" step="2"/><W40/><G26/><T132/><D132/><N who="1" m="50795" /><E123/><V21/><F21/><W2/><G2/><T64/><D114/><U118/><E57/><V126/><F126/><W71/><G71/><T102/><REACH who="0" step="1"/><D61/><REACH who="0" ten="300,110,338,232" step="2"/><N who="1" m="23627" /><E48/><V5/><F5/><W45/><G20/><T9/><D9/><U99/><E99/><V25/><F25/><AGARI ba="1,2" hai="19,22,25,30,31,64,65,67,79,83,85,98,102,104" machi="25" ten="40,5200,0" yaku="1,1,52,2,53,0" doraHai="93,76" doraHaiUra="55,130" who="0" fromWho="2" sc="300,75,110,0,338,-55,232,0" /><INIT seed="3,0,0,1,1,122" ten="375,110,283,232" oya="3" hai0="87,85,20,2,76,92,70,15,102,41,109,32,107" hai1="132,3,96,0,68,54,26,48,135,101,127,13,58" hai2="25,36,78,14,38,105,37,93,97,56,63,111,57" hai3="103,86,119,40,69,51,10,91,120,45,44,22,106"/><W47/><G119/><T19/><D70/><U8/><E68/><V59/><F105/><W11/><G120/><T4/><D107/><U61/><E127/><V12/><F78/><W67/><G22/><T18/><D32/><U118/><E118/><V23/><F63/><W29/><G29/><T34/><D34/><U89/><E89/><V43/><F43/><W128/><G128/><T123/><D41/><U52/><E26/><V98/><F111/><W17/><G67/><T117/><D109/><U131/><E131/><V7/><F7/><W64/><G64/><T130/><D130/><U35/><E35/><V134/><F134/><W62/><G62/><T113/><D113/><U126/><E126/><V39/><N who="2" m="9216" /><DORA hai="33" /><V108/><F108/><W95/><G69/><T71/><D71/><U1/><E13/><V125/><F125/><W66/><G66/><T81/><D19/><U53/><E8/><V121/><F121/><W28/><G28/><T77/><D123/><U27/><E27/><V104/><F104/><W90/><G90/><T60/><D60/><U5/><E5/><V46/><F46/><W129/><G129/><T100/><D117/><U75/><E75/><V16/><REACH who="2" step="1"/><F98/><REACH who="2" ten="375,110,273,232" step="2"/><N who="3" m="61815" /><G44/><T88/><D76/><U84/><E84/><V31/><F31/><W55/><G45/><T133/><D133/><N who="1" m="51275" /><E61/><V80/><F80/><W21/><G40/><T124/><D124/><U116/><E116/><V72/><F72/><W65/><G65/><T110/><D110/><U73/><E73/><V115/><F115/><W99/><G86/><T94/><D94/><AGARI ba="0,1" hai="0,1,3,48,52,53,54,58,94,96,101" m="51275" machi="94" ten="40,8000,1" yaku="20,1,52,3,54,1" doraHai="122,33" who="1" fromWho="0" sc="375,-80,110,90,273,0,232,0" /><INIT seed="4,0,0,4,5,18" ten="295,200,273,232" oya="0" hai0="103,29,94,62,74,40,83,121,35,124,10,120,116" hai1="56,21,64,73,51,104,8,43,110,78,9,61,24" hai2="102,11,92,53,14,122,57,68,130,114,101,79,82" hai3="12,20,87,42,107,108,16,19,70,23,41,59,28"/><T76/><D116/><U45/><E110/><V132/><F122/><W38/><G108/><T47/><D124/><U44/><E104/><V4/><F114/><W6/><G70/><T0/><D62/><U127/><E127/><V66/><F130/><W69/><G69/><T128/><D128/><U88/><E78/><V54/><F132/><W93/><G107/><T1/><D94/><U75/><E73/><V131/><F131/><W119/><G119/><T25/><D103/><U123/><E75/><V86/><F92/><W105/><G105/><T125/><D125/><U90/><E123/><V100/><REACH who="2" step="1"/><F68/><REACH who="2" ten="295,200,263,232" step="2"/><W72/><G72/><T36/><REACH who="0" step="1"/><D1/><REACH who="0" ten="285,200,263,232" step="2"/><U37/><E8/><V129/><F129/><W112/><G93/><T50/><D50/><U3/><E9/><V48/><F48/><W134/><G134/><T118/><D118/><U15/><E3/><V27/><F27/><N who="3" m="16487" /><G112/><T77/><D77/><U46/><E15/><V2/><F2/><W111/><G111/><T22/><D22/><U52/><REACH who="1" step="1"/><E45/><REACH who="1" ten="285,190,263,232" step="2"/><V58/><F58/><W63/><G59/><T109/><D109/><U55/><E55/><V133/><F133/><W113/><G12/><T84/><D84/><U126/><E126/><V117/><F117/><W97/><G87/><T67/><D67/><U26/><E26/><V31/><F31/><AGARI ba="0,3" hai="21,24,31,37,43,44,46,51,52,56,61,64,88,90" machi="31" ten="30,12000,2" yaku="1,1,7,1,52,1,54,2,53,1" doraHai="18" doraHaiUra="49" who="1" fromWho="2" sc="285,0,190,150,263,-120,232,0" /><INIT seed="5,0,0,2,0,109" ten="285,340,143,232" oya="1" hai0="42,7,101,76,14,99,56,103,29,80,33,20,115" hai1="74,17,86,104,4,118,18,34,130,8,105,45,90" hai2="21,23,94,100,120,51,89,66,91,132,98,1,55" hai3="50,69,44,11,78,3,135,0,35,106,97,10,39"/><U5/><E118/><V37/><F120/><W113/><G35/><T62/><D33/><U125/><E34/><V46/><F132/><W124/><G39/><T92/><D42/><U71/><E74/><V131/><F131/><W64/><G135/><T52/><D115/><U63/><E130/><V102/><F1/><W47/><G124/><T67/><D103/><U82/><E125/><V87/><F37/><W112/><G78/><T85/><D7/><U26/><E45/><V32/><F32/><W107/><G64/><T25/><REACH who="0" step="1"/><D14/><REACH who="0" ten="275,340,143,232" step="2"/><U133/><E4/><V108/><F108/><W43/><G69/><T19/><D19/><U38/><E18/><V73/><F102/><W30/><G30/><T22/><D22/><U114/><E114/><N who="3" m="44138" /><G0/><T81/><D81/><U70/><E82/><V119/><F119/><W117/><G117/><T13/><D13/><U65/><E133/><V6/><F6/><N who="3" m="1375" /><G11/><T95/><D95/><U123/><E8/><V57/><F94/><W12/><G12/><T48/><D48/><U96/><E38/><V110/><F51/><N who="3" m="27039" /><G97/><T126/><D126/><U15/><E96/><V88/><F98/><W68/><G68/><T31/><D31/><U79/><E71/><V54/><F110/><W129/><G129/><T84/><D84/><U61/><E86/><V83/><F87/><W77/><G77/><T75/><D75/><U59/><E79/><V53/><F73/><W134/><G134/><T2/><D2/><U24/><E15/><V58/><F83/><W122/><G122/><T28/><D28/><U9/><E123/><V40/><F23/><RYUUKYOKU ba="0,1" sc="275,15,340,-15,143,-15,232,15" hai0="20,25,29,52,56,62,67,76,80,85,92,99,101" hai3="47,50,106,107" /><INIT seed="6,1,1,5,5,3" ten="290,325,128,247" oya="2" hai0="34,43,55,132,8,110,6,133,88,114,65,107,106" hai1="111,84,102,73,113,109,53,118,112,96,47,97,61" hai2="22,117,66,79,131,70,25,12,49,54,50,2,98" hai3="59,9,75,83,1,5,124,42,89,81,101,115,67"/><V28/><F117/><W32/><G32/><T58/><D65/><U72/><E61/><V48/><F2/><W39/><G124/><T74/><D110/><U92/><E53/><V120/><F120/><W51/><G115/><N who="1" m="44106" /><E47/><V11/><F131/><W122/><G122/><T10/><D43/><U100/><E84/><V17/><F79/><W135/><G135/><N who="0" m="51787" /><D114/><U63/><E63/><V90/><F70/><W82/><G101/><T38/><D38/><U86/><E86/><V13/><F66/><W87/><G75/><N who="1" m="28746" /><E118/><V128/><F128/><W62/><REACH who="3" step="1"/><G39/><REACH who="3" ten="290,325,128,237" step="2"/><T60/><D74/><U44/><E44/><AGARI ba="1,2" hai="1,5,9,42,44,51,59,62,67,81,82,83,87,89" machi="44" ten="40,5200,0" yaku="1,1,2,1,52,1,53,0" doraHai="3" doraHaiUra="31" who="3" fromWho="1" sc="290,0,325,-55,128,0,237,75" /><INIT seed="7,0,0,1,2,28" ten="290,270,128,312" oya="3" hai0="69,47,8,58,64,9,66,105,56,42,19,103,76" hai1="68,102,126,43,111,37,46,3,110,131,51,108,67" hai2="15,96,130,11,87,70,86,38,1,26,115,55,16" hai3="63,125,13,14,79,78,91,7,89,44,5,40,24"/><W123/><G123/><T95/><D105/><U106/><E3/><V49/><F115/><W21/><G125/><T23/><D69/><U114/><E114/><V135/><F130/><W117/><G117/><T122/><D76/><N who="3" m="29225" /><G63/><T121/><D121/><U36/><E102/><V25/><F135/><W120/><G120/><T129/><D122/><U119/><E106/><V83/><F70/><W53/><G40/><T22/><D129/><U77/><E77/><V73/><F38/><N who="1" m="14953" /><E131/><V90/><F73/><W57/><G44/><T29/><D103/><U112/><E112/><V48/><F1/><W134/><G134/><T60/><D95/><U101/><E101/><V132/><F132/><W80/><G57/><T109/><D109/><U52/><E126/><V113/><F113/><W97/><G53/><T4/><D29/><U45/><E119/><V2/><F2/><W33/><G33/><T75/><D75/><U133/><E133/><V98/><F49/><W62/><G62/><T93/><D93/><U82/><E82/><V30/><F87/><N who="3" m="50407" /><G97/><T72/><D72/><U61/><E46/><N who="2" m="28055" /><F26/><W12/><G91/><T74/><D74/><U0/><E0/><V17/><F30/><AGARI ba="0,0" hai="5,7,12,13,14,21,24,30" m="50407,29225" machi="30" ten="30,1500,0" yaku="8,1" doraHai="28" who="3" fromWho="2" sc="290,0,270,0,128,-15,312,15" owari="290,9.0,270,-13.0,113,-39.0,327,43.0" /></mjloggm>