<mjloggm ver="2.3"><GO type="169" lobby="0"/><UN n0="%E7%94%9F%E5%BE%92%E4%BC%9A%E3%80%90%E5%BA%8F%E3%80%91" n1="%E3%81%99%E3%81%B1%E3%81%B5%E3%81%87%E3%81%AB%E3%81%9F%E3%82%93" n2="%E3%81%9B%E3%81%A9%E3%81%AA%E3%82%8A%E3%81%82%E3%82%93" n3="%E8%A5%BF%E6%9D%91%E9%9B%84%E4%B8%80%E9%83%8E" dan="16,16,16,19" rate="2115.92,2007.72,2104.64,2286.04" sx="M,F,M,M"/><TAIKYOKU oya="0"/><INIT seed="0,0,0,4,1,73" ten="250,250,250,250" oya="0" hai0="21,17,63,119,107,20,77,80,13,8,74,16,10" hai1="86,115,130,133,11,92,87,88,35,22,39,110,106" hai2="109,98,118,71,28,66,93,100,105,1,70,51,75" hai3="31,95,94,19,37,108,27,41,54,18,59,36,23"/><T68/><D119/><U127/><E110/><V30/><F109/><W0/><G0/><T24/><REACH who="0" step="1"/><D107/><REACH who="0" ten="240,250,250,250" step="2"/><U3/><E106/><V121/><F105/><W67/><G108/><T104/><D104/><U103/><E115/><V131/><F118/><W126/><G126/><T83/><D83/><U45/><E127/><V89/><F121/><W56/><G95/><T4/><D4/><U82/><E82/><V81/><F81/><W128/><G94/><T123/><D123/><U129/><E92/><V6/><F6/><W124/><G124/><T134/><D134/><U7/><E7/><V50/><F93/><W5/><G5/><T111/><D111/><U46/><E133/><V60/><F1/><W120/><G120/><T40/><D40/><U64/><E3/><V33/><F98/><W116/><G116/><T38/><D38/><U25/><E39/><V57/><F100/><W72/><G36/><T34/><D34/><U55/><E35/><V102/><F33/><W84/><G41/><T78/><D78/><U43/><E103/><V47/><F102/><W65/><G37/><T44/><D44/><U2/><E43/><V49/><F47/><W15/><G128/><T53/><D53/><U48/><E2/><V114/><F131/><W62/><G54/><T135/><D135/><U79/><E55/><V26/><F114/><W117/><G117/><T76/><D76/><U61/><E79/><V85/><F89/><W132/><G132/><T90/><D90/><U96/><E88/><V91/><F91/><W14/><G67/><AGARI ba="0,1" hai="8,10,13,16,17,20,21,24,63,67,68,74,77,80" machi="67" ten="40,7700,0" yaku="1,1,52,1,54,1,53,0" doraHai="73" doraHaiUra="125" who="0" fromWho="3" sc="240,87,250,0,250,0,250,-77" /><INIT seed="0,1,0,0,0,7" ten="327,250,250,173" oya="0" hai0="63,77,84,18,133,91,58,50,105,90,106,19,54" hai1="89,101,114,79,39,94,6,1,62,9,108,87,75" hai2="24,53,15,118,51,81,92,14,122,115,116,32,66" hai3="117,29,42,8,104,135,41,13,112,67,119,130,55"/><T35/><D35/><U27/><E108/><V93/><F66/><W59/><G112/><T30/><D133/><U121/><E121/><V69/><F69/><W85/><G135/><T0/><D30/><U46/><E27/><V80/><F53/><W82/><G104/><T10/><D105/><U73/><E101/><V103/><F51/><W12/><G130/><T3/><D106/><U36/><E36/><V97/><F24/><W22/><G67/><T4/><D3/><U110/><E110/><V20/><F20/><W76/><G119/><T128/><D128/><U45/><E45/><V60/><F60/><N who="3" m="35967" /><G117/><T127/><D127/><U78/><E62/><V2/><F2/><W49/><G49/><T109/><D109/><U37/><E114/><V11/><F103/><W17/><G29/><T68/><D77/><U111/><E111/><V70/><F70/><W107/><G107/><T25/><D91/><U74/><E39/><V57/><F57/><W33/><G33/><T113/><D113/><U23/><E23/><V123/><F115/><W47/><G47/><T125/><D125/><U28/><E28/><V120/><F120/><W88/><G76/><T96/><D68/><U132/><E132/><V99/><F32/><W71/><G71/><T124/><D124/><U34/><E34/><V48/><F48/><W61/><G61/><T65/><D65/><U40/><AGARI ba="1,0" hai="1,6,9,37,40,46,73,74,75,78,79,87,89,94" machi="40" ten="40,2700,0" yaku="0,1,52,1" doraHai="7" who="1" fromWho="1" sc="327,-14,250,30,250,-8,173,-8" /><INIT seed="1,0,0,1,5,43" ten="313,280,242,165" oya="1" hai0="78,33,117,49,15,81,16,102,131,10,84,30,115" hai1="36,63,19,41,107,124,5,52,3,108,95,64,17" hai2="32,118,112,106,103,94,126,58,9,37,122,7,83" hai3="23,77,0,29,8,72,44,71,116,56,26,135,14"/><U91/><E107/><V62/><F118/><W87/><G71/><T20/><D115/><U92/><E124/><V88/><F122/><W31/><G135/><T110/><D117/><U21/><E3/><V132/><F32/><W80/><G116/><T74/><D131/><U46/><E5/><V47/><F106/><W99/><G0/><T51/><D110/><U73/><E73/><V59/><F103/><W93/><G72/><T6/><D102/><U60/><E108/><V57/><F83/><W34/><G56/><T134/><D134/><U89/><E21/><V39/><F39/><W90/><G34/><T75/><D75/><U28/><E28/><V120/><F120/><W24/><G24/><N who="0" m="18631" /><D74/><U105/><E60/><V54/><F126/><W127/><G127/><T109/><D109/><U2/><E2/><AGARI ba="0,0" hai="2,6,10,15,16,20,49,51,78,81,84" m="18631" machi="2" ten="30,2000,0" yaku="24,1,54,1" doraHai="43" who="0" fromWho="1" sc="313,20,280,-20,242,0,165,0" /><INIT seed="2,0,0,2,4,72" ten="333,260,242,165" oya="2" hai0="0,16,10,27,102,109,1,6,69,114,63,21,131" hai1="4,100,55,51,88,68,71,38,120,37,113,33,43" hai2="18,59,112,26,31,86,53,35,85,2,29,78,91" hai3="108,36,74,132,65,12,5,103,46,62,60,116,64"/><V28/><F112/><W130/><G116/><T70/><D114/><U97/><E33/><V13/><F2/><W96/><G108/><T87/><D131/><U98/><E113/><V77/><F26/><W41/><G130/><T101/><D0/><U117/><E4/><V76/><F91/><W126/><G126/><T54/><D109/><U48/><E120/><V47/><F47/><W99/><G132/><T133/><D133/><U7/><E7/><V79/><N who="2" m="19456" /><DORA hai="15" /><V104/><F104/><W40/><G74/><T123/><D123/><U61/><E88/><V34/><F34/><W3/><G3/><T134/><D134/><U83/><E100/><V82/><F82/><W45/><G5/><T17/><D87/><N who="2" m="33290" /><F35/><W44/><G12/><T50/><D101/><U57/><E83/><V58/><F53/><W39/><G45/><T80/><D102/><AGARI ba="0,0" hai="36,39,40,41,44,46,60,62,64,65,96,99,102,103" machi="102" ten="25,1600,0" yaku="22,2" doraHai="72,15" who="3" fromWho="0" sc="333,-16,260,0,242,0,165,16" /><INIT seed="3,0,0,5,3,98" ten="317,260,242,181" oya="3" hai0="121,115,89,109,116,37,44,114,105,120,128,106,50" hai1="64,20,16,62,38,19,3,74,130,43,78,53,122" hai2="107,77,8,84,72,47,25,134,31,112,57,81,46" hai3="54,34,23,132,41,91,18,118,7,11,14,88,45"/><W61/><G118/><T49/><D89/><U9/><E122/><V82/><F112/><N who="0" m="43050" /><D37/><U51/><E78/><V67/><F134/><W2/><G132/><T6/><D6/><U100/><E74/><V55/><F107/><N who="0" m="40970" /><D44/><U70/><E100/><V92/><F92/><W119/><G34/><T129/><D116/><U17/><E130/><N who="0" m="50281" /><D109/><U42/><E38/><V104/><F104/><W52/><G119/><T35/><D35/><U80/><E3/><V135/><F47/><W68/><G54/><T32/><D32/><U56/><E42/><V24/><F46/><W102/><G102/><T71/><D71/><U28/><E43/><V79/><F55/><W110/><G110/><T15/><D15/><U29/><E29/><V108/><F31/><W48/><REACH who="3" step="1"/><G41/><REACH who="3" ten="317,260,242,171" step="2"/><T12/><D12/><U40/><E40/><V4/><F108/><W36/><G36/><T96/><D121/><U126/><E53/><V131/><F131/><W117/><G117/><T93/><D120/><U63/><E64/><AGARI ba="0,1" hai="2,7,11,14,18,23,45,48,52,61,64,68,88,91" machi="64" ten="40,12000,1" yaku="1,1,54,2,53,1" doraHai="98" doraHaiUra="60" who="3" fromWho="1" sc="317,0,260,-120,242,0,171,130" /><INIT seed="3,1,0,2,2,109" ten="317,140,242,301" oya="3" hai0="23,85,122,126,32,125,99,65,81,27,21,29,52" hai1="94,95,102,115,104,123,78,0,128,88,49,108,132" hai2="50,15,8,19,60,3,96,131,103,107,129,56,46" hai3="62,97,82,117,71,80,47,93,86,1,43,26,63"/><W57/><G117/><T87/><D122/><U41/><E0/><V79/><F3/><W17/><G1/><T100/><D65/><U101/><E41/><V74/><F79/><W113/><G71/><T120/><D120/><U18/><E49/><V69/><F74/><W92/><G113/><T75/><D75/><U91/><E18/><V28/><F28/><W124/><G124/><N who="0" m="47723" /><D52/><U36/><E123/><V40/><REACH who="2" step="1"/><F69/><REACH who="2" ten="317,140,232,301" step="2"/><W38/><G80/><T53/><D81/><U73/><E73/><V16/><F16/><W58/><G17/><T119/><D119/><U45/><E78/><V76/><F76/><W66/><G26/><N who="0" m="16607" /><D32/><U22/><E108/><V133/><F133/><W10/><G10/><T48/><D27/><U6/><E22/><V55/><AGARI ba="1,1" hai="8,15,19,40,46,50,55,56,60,96,103,107,129,131" machi="55" ten="30,4000,0" yaku="1,1,0,1,53,1" doraHai="109" doraHaiUra="98" who="2" fromWho="2" sc="317,-11,140,-11,232,53,301,-21" /><INIT seed="4,0,0,1,1,0" ten="306,129,285,280" oya="0" hai0="128,119,66,49,111,62,32,101,87,79,57,56,29" hai1="100,44,72,34,21,77,105,73,88,69,82,86,84" hai2="18,40,54,74,31,130,50,46,58,63,81,10,109" hai3="55,112,59,53,13,11,127,135,98,120,85,26,94"/><T96/><D119/><U83/><E69/><V118/><F130/><W6/><G112/><T89/><D111/><U92/><E34/><V64/><F109/><W19/><G135/><T17/><D128/><U20/><E44/><V47/><F31/><W121/><G85/><T51/><D79/><N who="1" m="44399" /><E20/><V110/><F110/><W42/><G127/><T93/><D32/><U113/><E21/><V125/><F74/><W108/><G108/><T134/><D134/><U133/><E113/><V60/><F81/><W116/><G116/><T115/><D115/><U30/><E30/><V71/><F18/><W91/><G42/><T48/><D29/><U25/><E25/><V36/><F10/><W122/><G59/><T45/><D17/><U123/><E123/><V7/><F7/><W23/><AGARI ba="0,0" hai="6,11,13,19,23,26,53,55,91,94,98,120,121,122" machi="23" ten="40,5200,0" yaku="0,1,13,1,52,1" doraHai="0" who="3" fromWho="3" sc="306,-26,129,-13,285,-13,280,52" /><INIT seed="5,0,0,1,5,43" ten="280,116,272,332" oya="1" hai0="125,48,122,62,110,31,68,6,69,29,78,112,91" hai1="37,60,84,35,5,44,15,47,101,23,53,49,92" hai2="12,93,106,45,19,3,24,8,81,46,26,128,10" hai3="100,55,82,85,121,87,72,25,71,119,127,94,83"/><U102/><E35/><V95/><F106/><W89/><G71/><T56/><D78/><U34/><E34/><V61/><F128/><W51/><G121/><T99/><D110/><U108/><E108/><V59/><F3/><W77/><G127/><T58/><D122/><U135/><E60/><V105/><F105/><W36/><G36/><T50/><D6/><U124/><E135/><V76/><F10/><W131/><G119/><T11/><D11/><U22/><E124/><V118/><F118/><W88/><G131/><T14/><D14/><U116/><E5/><V0/><F0/><W133/><G133/><T39/><D62/><U98/><E37/><V65/><F93/><W75/><G25/><N who="2" m="9833" /><F95/><W120/><G100/><N who="1" m="38506" /><E84/><AGARI ba="0,0" hai="8,12,19,45,46,59,61,65,76,81,84" m="9833" machi="84" ten="30,3900,0" yaku="8,1,52,2" doraHai="43" who="2" fromWho="1" sc="280,0,116,-39,272,39,332,0" /><INIT seed="6,0,0,5,3,43" ten="280,77,311,332" oya="2" hai0="46,116,107,38,41,125,58,74,39,135,84,42,51" hai1="57,92,22,25,113,95,33,17,52,99,71,117,100" hai2="34,122,53,13,68,40,50,67,98,0,14,123,133" hai3="37,28,19,105,8,90,54,109,36,32,128,7,119"/><V91/><F0/><W82/><G109/><T132/><D74/><U2/><E113/><V93/><F133/><N who="0" m="51274" /><D107/><U47/><E71/><V124/><F124/><W23/><G119/><T60/><D84/><U106/><E33/><V26/><F40/><W88/><G105/><T56/><D125/><U29/><E2/><V97/><F13/><W104/><G104/><T101/><D101/><U77/><E77/><V27/><F97/><W94/><G28/><T61/><D116/><U4/><E4/><V129/><F129/><W79/><G32/><T85/><D85/><U1/><E1/><V112/><F112/><W130/><G54/><N who="0" m="33879" /><D42/><U115/><E115/><V80/><F67/><AGARI ba="0,0" hai="38,39,41,46,51,56,61,67" m="33879,51274" machi="67" ten="30,7700,0" yaku="20,1,34,2,52,1" doraHai="43" who="0" fromWho="2" sc="280,77,77,0,311,-77,332,0" /><INIT seed="7,0,0,3,3,118" ten="357,77,234,332" oya="3" hai0="112,48,59,72,21,97,95,100,0,19,79,128,68" hai1="24,18,90,69,44,54,86,37,70,111,121,67,93" hai2="7,34,135,105,103,20,36,51,33,4,46,28,35" hai3="104,23,32,29,55,56,57,109,131,120,81,106,117"/><W45/><G117/><T49/><D68/><U39/><E86/><V31/><F36/><W88/><G120/><T114/><D0/><U87/><E87/><V94/><F105/><W11/><G32/><T14/><D128/><U47/><E90/><V116/><F94/><W66/><G106/><T38/><D38/><U132/><E93/><V99/><F99/><W77/><G104/><T71/><D71/><U75/><E18/><V134/><F103/><W42/><G131/><T50/><D59/><U22/><E24/><V107/><F51/><N who="3" m="27063" /><G109/><T3/><D3/><U83/><E22/><V129/><F46/><W110/><G110/><T76/><D72/><U16/><E16/><V6/><F107/><W125/><G125/><T78/><AGARI ba="0,0" hai="14,19,21,48,49,50,76,78,79,95,97,100,112,114" machi="78" ten="40,1500,0" yaku="0,1" doraHai="118" who="0" fromWho="0" sc="357,15,77,-4,234,-4,332,-7" owari="372,47.0,73,-43.0,230,-17.0,325,13.0" /></mjloggm>