<mjloggm ver="2.3"><GO type="185" lobby="0"/><UN n0="%E3%81%84%E3%81%AC%E3%82%8F%E3%82%93" n1="%E9%BE%8D%E5%B9%B3" n2="%E3%82%8A%E3%82%85%E3%81%99%E3%81%8F" n3="" dan="16,16,16,0" rate="2204.65,2224.94,2170.12,1500.00" sx="M,M,M,C"/><TAIKYOKU oya="0"/><INIT seed="0,0,0,0,5,120" ten="350,350,350,0" oya="0" hai0="133,100,82,135,93,121,104,42,98,114,34,88,112" hai1="68,46,75,57,102,110,66,95,44,79,115,94,81" hai2="52,107,37,97,43,129,50,60,72,32,87,117,54" hai3=""/><T83/><N who="0" m="31008" /><T56/><D34/><U55/><E115/><N who="0" m="44073" /><D56/><U35/><E35/><V106/><F129/><T131/><D42/><U59/><E68/><V132/><F132/><N who="0" m="50762" /><D131/><U45/><E66/><V58/><F117/><T119/><D119/><U51/><E57/><V36/><F72/><T105/><D105/><U78/><E59/><V99/><F32/><T3/><D3/><U40/><E40/><V48/><F43/><T74/><D74/><U127/><E55/><V116/><F58/><T118/><D118/><U49/><E49/><V1/><F116/><T2/><D2/><U47/><E51/><V80/><F1/><T122/><N who="0" m="31264" /><T65/><D65/><U0/><E0/><V61/><F48/><T70/><D70/><U71/><E71/><V125/><F50/><T62/><D62/><U96/><E46/><V101/><F61/><T64/><D64/><U63/><E63/><V91/><F60/><T53/><D53/><U84/><E75/><V67/><F67/><T111/><D111/><U123/><N who="1" m="31520" /><U77/><E110/><V73/><F73/><T130/><D130/><U134/><E134/><V92/><F54/><T108/><D108/><U90/><E45/><V39/><F52/><T86/><AGARI ba="0,0" hai="82,83,86,88,93,98,100,104" m="31264,50762,44073,31008" machi="86" ten="30,12000,2" yaku="5,1,20,1,34,2,52,2,54,1" doraHai="120" who="0" fromWho="0" sc="350,120,350,-60,350,-60,0,0" /><INIT seed="0,1,0,3,5,134" ten="470,290,290,0" oya="0" hai0="114,40,2,99,33,54,71,135,83,97,84,82,39" hai1="81,112,62,56,130,76,43,51,59,37,105,52,61" hai2="123,118,94,93,133,64,110,131,87,79,122,80,1" hai3=""/><T128/><D114/><U88/><E105/><V90/><N who="2" m="31264" /><V50/><N who="2" m="31520" /><V101/><F1/><T95/><D33/><U45/><E130/><V42/><F133/><T119/><D119/><U75/><E112/><V104/><F131/><T124/><D71/><U36/><REACH who="1" step="1"/><E88/><REACH who="1" ten="470,280,290,0" step="2"/><V102/><F118/><T132/><D128/><U38/><E38/><V65/><F104/><T66/><D39/><U109/><E109/><V85/><F110/><T113/><D113/><U58/><E58/><V86/><F102/><T126/><D135/><U117/><E117/><V129/><F129/><T69/><D132/><U73/><E73/><V77/><F87/><T96/><D84/><U91/><E91/><V100/><F90/><T74/><D74/><U107/><E107/><V115/><F115/><T92/><D99/><U111/><E111/><V46/><F100/><T53/><D69/><U41/><E41/><V72/><F101/><T47/><D40/><U125/><E125/><V120/><N who="2" m="30752" /><V68/><F72/><T103/><D103/><U89/><E89/><V55/><F68/><T127/><D127/><U108/><E108/><V121/><N who="2" m="31008" /><V35/><F42/><T106/><D106/><U60/><E60/><V34/><F86/><RYUUKYOKU ba="1,1" sc="470,-10,280,20,290,-10,0,0" hai1="36,37,43,45,51,52,56,59,61,62,75,76,81" /><INIT seed="1,2,1,3,4,38" ten="460,300,280,0" oya="1" hai0="124,67,118,53,128,41,127,120,121,130,68,3,81" hai1="61,84,45,95,132,51,125,109,89,71,87,131,83" hai2="72,54,44,101,103,119,69,58,48,115,35,64,88" hai3=""/><U107/><E107/><V50/><F119/><T134/><N who="0" m="30752" /><T86/><N who="0" m="31008" /><T74/><D74/><U62/><E132/><V79/><F115/><T40/><D3/><U123/><N who="1" m="31520" /><U108/><E131/><N who="0" m="50217" /><D118/><U39/><E39/><V126/><F35/><T49/><D67/><U129/><E129/><V94/><F126/><N who="0" m="48170" /><D68/><U0/><E0/><V32/><F32/><T2/><D2/><U33/><E33/><V73/><F69/><T34/><D34/><U82/><E125/><V57/><F73/><T43/><D134/><U56/><E71/><V77/><F72/><T96/><D96/><U97/><E61/><V92/><F64/><T98/><D98/><U90/><E97/><V46/><F54/><T111/><D111/><U63/><E108/><V114/><F114/><T42/><D42/><U36/><E109/><V65/><F65/><T122/><N who="0" m="31264" /><T99/><D99/><U104/><E104/><V106/><F106/><T78/><D40/><U102/><E102/><V1/><F1/><T75/><D75/><U59/><E63/><V135/><F135/><T105/><D105/><U55/><E62/><V37/><F103/><T100/><D100/><U133/><E133/><V116/><F101/><T70/><D70/><RYUUKYOKU ba="2,1" sc="460,20,300,-10,280,-10,0,0" hai0="41,43,49,53,78,81,86" /><INIT seed="2,3,1,2,3,66" ten="480,290,270,0" oya="2" hai0="94,91,40,97,77,60,35,59,49,1,135,55,2" hai1="64,124,122,115,80,117,79,87,67,126,101,57,33" hai2="123,108,121,134,3,52,70,128,58,74,81,44,50" hai3=""/><V93/><N who="2" m="31008" /><V32/><N who="2" m="31520" /><V104/><F3/><T111/><D111/><U54/><N who="1" m="31264" /><U116/><E33/><V106/><F32/><T118/><D118/><N who="1" m="45675" /><E101/><V69/><F128/><T89/><D77/><U51/><E115/><V92/><F108/><T113/><D135/><U0/><E0/><V82/><F134/><T41/><D113/><U132/><E132/><V119/><F119/><T114/><D114/><U100/><E100/><V78/><F82/><T72/><D72/><U43/><E43/><V83/><F81/><T45/><D41/><U95/><E95/><V48/><F93/><T112/><D112/><U34/><E34/><V90/><F104/><T38/><D35/><U73/><E73/><V56/><F106/><T84/><D38/><U61/><E64/><V133/><F133/><T120/><N who="0" m="30752" /><T46/><D45/><AGARI ba="3,1" hai="45,51,54,57,61,67,79,80,87,124,126" m="45675,31264" machi="45" ten="30,2000,0" yaku="12,1,52,1" doraHai="66" who="1" fromWho="0" sc="480,-26,290,36,270,0,0,0" /><INIT seed="4,0,0,0,1,131" ten="454,326,270,0" oya="0" hai0="73,114,103,132,78,40,111,85,117,106,32,39,41" hai1="86,54,46,123,61,37,107,115,74,97,0,65,79" hai2="48,135,44,57,90,87,134,76,92,105,130,122,89" hai3=""/><T96/><D117/><U113/><N who="1" m="31520" /><U77/><E0/><V1/><N who="2" m="31264" /><V81/><F1/><T33/><D114/><U53/><E74/><V100/><F130/><T128/><D128/><U52/><E86/><V42/><F57/><T119/><D119/><U83/><E83/><V121/><N who="2" m="31008" /><V2/><F2/><T56/><D111/><U94/><E107/><V50/><F50/><T109/><D109/><U110/><E110/><V72/><F90/><T58/><D73/><U108/><E108/><V51/><F51/><T133/><D58/><U64/><E64/><V118/><F118/><T102/><D102/><U125/><E125/><V59/><F59/><T124/><D124/><U38/><E65/><V62/><F62/><T80/><D56/><U69/><E69/><V49/><F49/><T68/><D68/><U99/><E61/><V67/><F67/><T104/><D104/><U129/><E129/><V93/><F93/><T70/><D70/><U71/><E71/><V47/><F47/><T91/><D91/><U98/><E94/><V60/><F60/><T88/><D88/><U35/><E35/><V127/><F127/><T112/><D32/><U45/><E45/><V95/><F105/><T36/><D33/><RYUUKYOKU ba="0,0" sc="454,-10,326,-10,270,20,0,0" hai2="42,44,48,72,76,81,87,89,92,95,100,134,135" /><INIT seed="5,1,0,3,0,57" ten="444,316,290,0" oya="1" hai0="118,48,40,76,127,99,49,121,63,135,79,125,88" hai1="78,106,53,86,2,115,45,103,117,33,85,131,64" hai2="66,81,89,1,94,3,52,82,114,50,35,65,39" hai3=""/><U91/><E33/><V68/><F35/><T113/><N who="0" m="31008" /><T69/><D113/><U98/><E2/><V134/><F39/><T47/><D135/><U60/><E117/><V104/><F104/><T107/><D49/><U43/><E115/><V41/><F41/><T56/><D69/><U129/><E53/><V61/><F134/><T0/><D118/><U58/><E78/><V101/><F66/><T130/><D130/><N who="1" m="49675" /><E91/><V110/><F110/><T116/><D0/><U132/><E132/><V84/><F114/><T80/><D116/><U44/><E44/><V73/><F101/><T72/><D79/><U67/><E67/><V100/><F100/><T93/><REACH who="0" step="1"/><D107/><REACH who="0" ten="434,316,290,0" step="2"/><U83/><E83/><V128/><F128/><T111/><D111/><U112/><E112/><V71/><F82/><T59/><D59/><U108/><E108/><V96/><F71/><T102/><D102/><U37/><AGARI ba="1,1" hai="37,43,45,58,60,64,85,86,98,103,106" m="49675" machi="37" ten="30,2000,0" yaku="19,1,52,1" doraHai="57" who="1" fromWho="1" sc="434,-11,316,32,290,-11,0,0" /><INIT seed="5,2,0,1,4,77" ten="423,348,279,0" oya="1" hai0="88,105,55,111,59,132,50,119,56,61,101,121,3" hai1="51,35,93,86,100,109,62,65,72,52,67,82,71" hai2="78,89,97,57,115,41,47,2,75,117,92,76,32" hai3=""/><U130/><E35/><V74/><F32/><T123/><N who="0" m="31008" /><T87/><N who="0" m="31520" /><T85/><D111/><U43/><E109/><V83/><F2/><T129/><D3/><U102/><E130/><V125/><F117/><T38/><D38/><U0/><E0/><V122/><N who="2" m="31264" /><V124/><F57/><T46/><D132/><U44/><E72/><V94/><F115/><T95/><D129/><U116/><E116/><V80/><F94/><T81/><D105/><U45/><E67/><V69/><F69/><T79/><D119/><U60/><E93/><V99/><F99/><T134/><D134/><U73/><E73/><V104/><F104/><T131/><D131/><U133/><E62/><V48/><AGARI ba="2,0" hai="41,47,48,74,75,76,78,80,83,89,92,97,124,125" m="31264" machi="48" ten="30,6000,1" yaku="0,1,9,1,52,3" doraHai="77" who="2" fromWho="2" sc="423,-22,348,-42,279,64,0,0" /><INIT seed="6,0,0,3,5,71" ten="401,306,343,0" oya="2" hai0="49,101,44,78,123,115,82,46,127,70,76,73,125" hai1="62,36,69,128,95,100,34,38,72,110,40,92,109" hai2="83,89,102,68,51,106,3,114,1,41,135,39,132" hai3=""/><V104/><F51/><T111/><N who="0" m="31520" /><T33/><D111/><U90/><E72/><V121/><N who="2" m="31008" /><V47/><F68/><T60/><D115/><U54/><E34/><V74/><F114/><T91/><D33/><U64/><E128/><V122/><N who="2" m="31264" /><V86/><F74/><T133/><D133/><N who="2" m="51274" /><F102/><T94/><D101/><U48/><E100/><V105/><AGARI ba="0,0" hai="1,3,39,41,47,83,86,89,104,105,106" m="51274,31264,31008" machi="105" ten="40,8000,1" yaku="20,1,52,3" doraHai="71" who="2" fromWho="2" sc="401,-40,306,-40,343,80,0,0" owari="361,-4.0,266,-33.0,423,37.0,0,0.0" /></mjloggm>