<mjloggm ver="2.3"><GO type="169" lobby="0"/><UN n0="%E7%84%A1%E7%82%BA%E8%87%AA%E7%84%B6" n1="%7A%6B%75%72%74" n2="%E7%A8%B2%E5%A6%BB%E3%81%A1%E3%82%83%E3%81%A3%E3%81%B4%E3%83%BC" n3="%E4%B8%83%E7%94%9F%E5%A4%95" dan="16,16,16,16" rate="2134.84,2162.66,2120.57,2116.45" sx="M,M,M,M"/><TAIKYOKU oya="0"/><INIT seed="0,0,0,3,1,60" ten="250,250,250,250" oya="0" hai0="21,6,14,23,134,119,66,13,41,68,118,12,116" hai1="64,69,91,15,102,8,44,5,100,117,31,50,35" hai2="46,37,135,3,129,90,47,75,32,130,108,110,22" hai3="80,2,76,97,53,113,28,122,62,52,99,29,86"/><T51/><D134/><U34/><E117/><V88/><F32/><W126/><G2/><T104/><D104/><U38/><E38/><V106/><F3/><W120/><G113/><T72/><D72/><U84/><E35/><V94/><F106/><W0/><G0/><T67/><D6/><U58/><E69/><V48/><F75/><W92/><G126/><T25/><D68/><U9/><E9/><V54/><F135/><W56/><G53/><T133/><D133/><U4/><E4/><V55/><F22/><W45/><G45/><T71/><D71/><U24/><E58/><V78/><F78/><W63/><G63/><T101/><D101/><U10/><E10/><V16/><F16/><W127/><G97/><T121/><D121/><U82/><REACH who="1" step="1"/><E64/><REACH who="1" ten="250,240,250,250" step="2"/><N who="0" m="24617" /><D51/><U74/><E74/><V19/><F37/><W85/><G127/><T112/><D112/><U43/><AGARI ba="0,1" hai="5,8,15,24,31,34,43,44,50,82,84,91,100,102" machi="43" ten="20,2700,0" yaku="1,1,0,1,7,1,53,0" doraHai="60" doraHaiUra="61" who="1" fromWho="1" sc="250,-13,240,37,250,-7,250,-7" /><INIT seed="1,0,0,5,0,14" ten="237,277,243,243" oya="1" hai0="112,18,9,92,110,87,17,133,95,80,6,59,55" hai1="48,105,108,28,62,83,47,43,86,115,45,116,106" hai2="120,74,1,26,5,128,22,76,135,78,61,27,40" hai3="85,101,63,13,97,127,57,90,23,35,114,88,41"/><U33/><E115/><V121/><F120/><W124/><G35/><T0/><D112/><U37/><E116/><V2/><F121/><W73/><G73/><T21/><D110/><U107/><E108/><V31/><F40/><W94/><G41/><T82/><D133/><U111/><E111/><V36/><F36/><W34/><G34/><T117/><D117/><U29/><E33/><V109/><F109/><W4/><G114/><T20/><D20/><U67/><E47/><V49/><F135/><W125/><G85/><T102/><D102/><U131/><E37/><V65/><F128/><W60/><G60/><T38/><D38/><U58/><REACH who="1" step="1"/><E131/><REACH who="1" ten="237,267,243,243" step="2"/><V75/><F74/><W24/><G4/><T84/><D6/><U19/><E19/><N who="0" m="7177" /><D21/><U119/><E119/><V71/><F75/><W93/><G127/><T10/><D0/><U42/><E42/><V72/><F72/><W8/><G125/><T118/><D118/><U30/><E30/><V79/><F31/><W91/><G124/><T53/><D9/><U15/><E15/><V25/><F22/><W39/><G39/><T68/><D10/><U130/><E130/><V113/><F113/><W98/><G8/><T129/><D129/><U51/><E51/><V7/><F49/><W66/><G13/><T46/><D82/><U11/><E11/><V64/><F7/><W123/><G123/><T12/><D80/><U3/><E3/><N who="2" m="1035" /><F5/><W126/><G126/><T50/><D12/><U81/><E81/><V69/><F61/><W132/><G132/><T77/><D77/><AGARI ba="0,1" hai="28,29,43,45,48,58,62,67,77,83,86,105,106,107" machi="77" ten="40,2000,0" yaku="1,1,53,0" doraHai="14" doraHaiUra="89" who="1" fromWho="0" sc="237,-20,267,30,243,0,243,0" /><INIT seed="1,1,0,3,4,76" ten="217,297,243,243" oya="1" hai0="106,50,59,97,73,79,24,18,20,108,88,123,90" hai1="74,68,75,27,77,112,96,43,127,26,120,128,104" hai2="117,15,110,85,51,65,71,48,44,28,115,93,52" hai3="116,86,6,94,98,31,101,5,39,69,135,130,23"/><U70/><E112/><V67/><F117/><W91/><G39/><T122/><D108/><U81/><E120/><N who="0" m="46121" /><D106/><U132/><E132/><V92/><F110/><W66/><G135/><T13/><D97/><U89/><E128/><V126/><F126/><W19/><G130/><T4/><D4/><U9/><E127/><V56/><F115/><W22/><G116/><T38/><D38/><U72/><E9/><V121/><F121/><W21/><G66/><T134/><D134/><U63/><E43/><V118/><F118/><W62/><G62/><T14/><D59/><U58/><E70/><V32/><F71/><W33/><G69/><T30/><D50/><U57/><E68/><V1/><F1/><W40/><G40/><T61/><D61/><U29/><E57/><V3/><F3/><W87/><G87/><T111/><D111/><U41/><E41/><V12/><F32/><W105/><REACH who="3" step="1"/><G19/><REACH who="3" ten="217,297,243,233" step="2"/><T49/><D49/><U10/><E72/><V82/><F65/><W35/><G35/><N who="0" m="20935" /><D13/><U37/><E37/><V125/><F125/><W36/><G36/><T46/><D46/><U113/><E113/><V124/><F124/><W34/><G34/><T55/><D55/><U60/><E60/><V8/><F67/><W114/><G114/><T53/><D53/><U131/><E131/><V95/><F15/><W80/><G80/><AGARI ba="1,1" hai="14,18,20,73,79,80,88,90" m="20935,46121" machi="80" ten="30,3900,0" yaku="13,1,52,1,54,1" doraHai="76" who="0" fromWho="3" sc="217,52,297,0,243,0,233,-42" /><INIT seed="2,0,0,3,0,60" ten="269,297,243,191" oya="2" hai0="53,47,108,17,75,63,66,9,39,19,13,121,46" hai1="32,122,31,107,40,18,33,134,109,80,118,106,1" hai2="37,88,98,102,83,7,27,113,24,101,84,44,14" hai3="42,22,127,36,50,71,35,54,67,123,128,29,28"/><V16/><F113/><W85/><G123/><T110/><D75/><U41/><E118/><V90/><F7/><W5/><G127/><T129/><D129/><U49/><E1/><V82/><F37/><W96/><G128/><T92/><D39/><U132/><E80/><V68/><F68/><W105/><G22/><T73/><D73/><U56/><E109/><N who="0" m="42089" /><D53/><U114/><E114/><V43/><F43/><W12/><G85/><T58/><D121/><U61/><E122/><V30/><F44/><N who="0" m="16938" /><D92/><U26/><E33/><V4/><F4/><AGARI ba="0,0" hai="4,9,13,17,19,58,63,66" m="16938,42089" machi="4" ten="30,2000,0" yaku="14,1,52,1" doraHai="60" who="0" fromWho="2" sc="269,20,297,0,243,-20,191,0" /><INIT seed="3,0,0,4,3,126" ten="289,297,223,191" oya="3" hai0="20,130,48,131,109,9,90,1,78,3,133,102,19" hai1="7,11,43,41,110,73,114,12,17,62,10,13,35" hai2="31,82,58,37,26,42,39,50,129,89,134,65,99" hai3="51,85,57,116,4,54,66,69,72,74,56,112,2"/><W18/><G112/><T49/><D109/><U34/><E110/><V91/><F134/><W103/><G116/><T5/><D133/><U61/><E73/><V117/><F117/><W125/><G69/><T135/><D135/><U81/><E81/><V21/><F89/><W71/><G71/><T63/><D78/><U47/><E114/><V120/><F120/><W127/><G103/><T68/><D1/><U122/><E122/><V15/><F15/><W45/><G2/><T84/><D102/><U77/><E77/><V106/><F106/><W104/><G4/><T25/><D63/><U98/><E98/><V6/><F6/><W53/><G104/><T59/><D68/><U96/><E96/><V76/><F65/><W92/><G18/><T88/><D90/><U132/><E132/><V97/><F97/><W95/><G66/><T55/><REACH who="0" step="1"/><D48/><REACH who="0" ten="279,297,223,191" step="2"/><U36/><E62/><V124/><F91/><W107/><G107/><T115/><D115/><U121/><E61/><V40/><F76/><W46/><G85/><T111/><D111/><U86/><E86/><V123/><F50/><AGARI ba="0,1" hai="45,46,50,51,53,54,56,57,72,74,92,95,125,127" machi="50" ten="25,2400,0" yaku="22,2" doraHai="126" who="3" fromWho="2" sc="279,0,297,0,223,-24,191,34" /><INIT seed="3,1,0,1,2,80" ten="279,297,199,225" oya="3" hai0="77,20,87,74,107,2,128,95,135,79,117,71,7" hai1="33,76,36,16,82,8,59,47,93,120,89,106,119" hai2="49,102,31,84,130,39,88,63,38,25,134,64,54" hai3="133,92,116,44,56,24,105,103,35,126,124,100,55"/><W32/><G116/><T3/><D71/><U51/><E106/><V66/><F130/><W98/><G133/><T112/><D107/><U68/><E68/><V75/><F75/><W115/><G115/><T118/><D74/><U19/><E33/><V46/><F134/><W43/><G24/><T4/><D135/><U17/><E36/><V12/><F102/><W99/><G124/><T45/><D45/><U67/><E120/><V0/><F0/><W37/><REACH who="3" step="1"/><G126/><REACH who="3" ten="279,297,199,215" step="2"/><T15/><D112/><U13/><E119/><V129/><F129/><W97/><G97/><T1/><D128/><U18/><E67/><V58/><F66/><W26/><G26/><T48/><D117/><U28/><E28/><V27/><F27/><W70/><G70/><T14/><D118/><U42/><E42/><V86/><F12/><W113/><G113/><T90/><D14/><U50/><E13/><V52/><F64/><W114/><G114/><T109/><D1/><U23/><E8/><V121/><F121/><W62/><AGARI ba="1,1" hai="32,35,37,43,44,55,56,62,92,98,99,100,103,105" machi="62" ten="20,12000,1" yaku="1,1,0,1,7,1,53,2" doraHai="80" doraHaiUra="29" who="3" fromWho="3" sc="279,-41,297,-41,199,-41,215,133" /><INIT seed="3,2,0,4,5,17" ten="238,256,158,348" oya="3" hai0="127,121,60,41,29,42,59,25,92,22,55,11,74" hai1="13,131,8,50,14,93,69,91,99,18,98,101,57" hai2="23,27,58,1,77,7,105,28,110,97,33,118,72" hai3="82,31,134,78,117,38,125,0,103,109,89,94,135"/><W37/><G117/><T12/><D127/><U26/><E131/><V48/><F118/><W73/><G0/><T66/><D121/><U111/><E111/><V15/><F110/><W132/><G109/><T76/><D74/><U133/><E133/><V88/><F72/><W36/><G125/><T10/><D76/><U53/><E69/><V96/><F77/><W86/><G31/><T106/><D106/><U113/><E113/><V65/><F105/><W44/><REACH who="3" step="1"/><G103/><REACH who="3" ten="238,256,158,338" step="2"/><T126/><D126/><U104/><E101/><V115/><F115/><W56/><G56/><T122/><D122/><U128/><E128/><V40/><F1/><W108/><G108/><T19/><D92/><U47/><E104/><V79/><F58/><W30/><G30/><T39/><D39/><U32/><E57/><V51/><F28/><W81/><G81/><T87/><D66/><U75/><E93/><V3/><F65/><W130/><G130/><T68/><D68/><U52/><E32/><V71/><F33/><W90/><G90/><T85/><REACH who="0" step="1"/><D10/><REACH who="0" ten="228,256,158,338" step="2"/><U34/><E8/><V63/><F71/><W45/><AGARI ba="2,2" hai="36,37,38,44,45,73,78,82,86,89,94,132,134,135" machi="45" ten="40,7800,0" yaku="1,1,0,1,20,1,53,0" doraHai="17" doraHaiUra="95" who="3" fromWho="3" sc="228,-28,256,-28,158,-28,338,104" /><INIT seed="3,3,0,5,3,131" ten="200,228,130,442" oya="3" hai0="116,134,30,28,117,82,112,10,81,40,7,110,80" hai1="53,61,11,59,73,68,19,90,123,124,93,135,129" hai2="36,22,75,102,86,50,119,31,79,46,18,26,84" hai3="100,125,38,115,17,12,91,89,88,54,51,0,105"/><W29/><G115/><T43/><D112/><U5/><E123/><V21/><F119/><W35/><G0/><T41/><D110/><U48/><E129/><V69/><F69/><W1/><G1/><T122/><D122/><U74/><E124/><V128/><F128/><W66/><G38/><T111/><D111/><U6/><E19/><V127/><F127/><W70/><G125/><T104/><D104/><U121/><E121/><V99/><F36/><W83/><G35/><T95/><D95/><U108/><E108/><V45/><F75/><W126/><G29/><N who="0" m="11371" /><D10/><U47/><E68/><V62/><F62/><W87/><G126/><T92/><D92/><U20/><E20/><V106/><F79/><W85/><G87/><T71/><D7/><U55/><E6/><V49/><F46/><W60/><G100/><T33/><D33/><U58/><E47/><V25/><REACH who="2" step="1"/><F49/><REACH who="2" ten="200,228,120,442" step="2"/><W78/><G78/><T39/><D71/><U72/><E72/><V130/><F130/><W57/><G105/><T132/><D39/><U44/><E44/><V101/><F101/><W2/><G2/><T77/><D77/><U133/><E74/><V63/><F63/><W32/><G32/><T9/><D9/><AGARI ba="3,1" hai="9,12,17,51,54,57,60,66,70,83,85,88,89,91" machi="9" ten="30,2900,0" yaku="7,1,54,1" doraHai="131" who="3" fromWho="0" sc="200,-38,228,0,120,0,442,48" /><INIT seed="3,4,0,1,2,60" ten="162,228,120,490" oya="3" hai0="83,12,74,49,108,134,64,92,117,15,3,66,73" hai1="20,51,2,130,79,10,56,119,77,85,115,121,78" hai2="35,37,86,7,61,110,29,71,93,13,4,82,67" hai3="125,87,135,57,23,65,27,126,104,0,54,28,59"/><W111/><G104/><T34/><D3/><U48/><E121/><V41/><F110/><W44/><G0/><T70/><D117/><U114/><E119/><V43/><F93/><W33/><G135/><T105/><D105/><U123/><E123/><V98/><F98/><W113/><G113/><T11/><D34/><U94/><E130/><V24/><F37/><W76/><G111/><T6/><D108/><U63/><E20/><V132/><F132/><W89/><G76/><T124/><D70/><U128/><E128/><V45/><F13/><W131/><G33/><T75/><D134/><U99/><E85/><V39/><REACH who="2" step="1"/><F43/><REACH who="2" ten="162,228,110,490" step="2"/><W120/><G131/><T88/><D124/><U90/><E115/><V107/><F107/><W69/><G125/><T81/><D12/><U91/><E114/><V36/><F36/><W32/><G126/><T46/><D81/><U30/><E94/><V84/><F84/><W18/><G87/><T31/><D83/><U58/><E99/><V122/><F122/><W96/><G120/><T21/><D92/><U42/><E42/><V40/><F40/><W22/><G96/><T1/><D1/><U16/><E2/><V14/><F14/><W5/><G27/><N who="0" m="16879" /><D74/><U109/><E109/><V25/><F25/><W106/><G106/><T129/><D129/><U8/><E8/><V100/><F100/><W62/><G89/><AGARI ba="4,1" hai="4,7,24,29,35,39,41,45,61,67,71,82,86,89" machi="89" ten="30,3900,0" yaku="1,1,7,1,52,1,53,0" doraHai="60" doraHaiUra="50" who="2" fromWho="3" sc="162,0,228,0,110,61,490,-51" /><INIT seed="4,0,0,4,1,14" ten="162,228,171,439" oya="0" hai0="128,122,75,45,124,133,9,67,48,37,116,42,17" hai1="99,82,54,114,1,34,59,98,125,50,36,86,52" hai2="85,112,73,106,31,121,56,108,88,118,43,26,39" hai3="61,127,120,92,12,0,123,79,105,81,113,94,89"/><T132/><D75/><U76/><E1/><V66/><F108/><W30/><G0/><T134/><D116/><U109/><E109/><V53/><F121/><W16/><G30/><T126/><D122/><N who="3" m="46633" /><G105/><T55/><D67/><U129/><E34/><V90/><F73/><N who="3" m="43247" /><G113/><T15/><REACH who="0" step="1"/><D128/><REACH who="0" ten="152,228,171,439" step="2"/><U10/><E129/><V104/><F66/><W70/><G127/><T35/><D35/><U93/><E125/><V40/><F118/><W21/><G89/><T130/><D130/><U29/><E114/><V25/><F112/><W91/><G91/><T119/><D119/><U11/><E76/><V49/><F90/><W4/><G4/><T115/><D115/><U5/><E5/><V84/><F88/><W72/><G72/><T22/><D22/><U110/><E110/><V117/><F117/><W95/><G70/><T80/><D80/><U63/><E82/><V103/><F84/><W47/><G21/><T24/><D24/><U2/><E86/><V44/><F85/><W13/><G13/><T27/><D27/><U19/><E2/><V7/><F7/><W3/><G12/><T6/><D6/><U57/><E99/><V77/><F77/><W87/><G3/><T101/><D101/><U18/><E98/><V111/><F111/><W64/><G87/><T32/><D32/><U97/><E97/><V33/><F25/><W51/><G64/><T78/><D78/><U96/><E96/><V28/><F103/><W69/><G69/><T8/><D8/><U74/><E74/><V41/><F31/><W107/><G95/><T65/><D65/><U23/><E29/><RYUUKYOKU ba="0,1" sc="152,15,228,-15,171,15,439,-15" hai0="9,15,17,37,42,45,48,55,124,126,132,133,134" hai2="26,28,33,39,40,41,43,44,49,53,56,104,106" /><INIT seed="4,1,1,4,2,119" ten="167,213,186,424" oya="0" hai0="5,103,0,36,96,97,98,133,68,126,91,130,111" hai1="92,124,107,132,2,59,49,34,62,24,16,113,29" hai2="31,6,54,21,15,100,80,18,129,102,78,82,33" hai3="90,70,52,25,77,67,60,56,12,11,71,89,134"/><T84/><D36/><U44/><E107/><V28/><F129/><W38/><G38/><T87/><D68/><U69/><E69/><V125/><F125/><W121/><G134/><T20/><D133/><U85/><E132/><V110/><F110/><W8/><G70/><T81/><D126/><U117/><E2/><V93/><F6/><W86/><G121/><T106/><D130/><U101/><E124/><V105/><F105/><W37/><G37/><T1/><D111/><U64/><E117/><V41/><F41/><W32/><G11/><T120/><D120/><U114/><E85/><V118/><F80/><W63/><G77/><T112/><D112/><N who="1" m="43115" /><E16/><V14/><F14/><W47/><G47/><T9/><D0/><U4/><E4/><V51/><F118/><W40/><G40/><T3/><D3/><U58/><E92/><V43/><F43/><W46/><G46/><T7/><D7/><U53/><E101/><V50/><F93/><W19/><G86/><T39/><D39/><U42/><E58/><V94/><F94/><W72/><G72/><T127/><D127/><U83/><E83/><V75/><F100/><W35/><G35/><T73/><D73/><U23/><E42/><V88/><F102/><W74/><G74/><T26/><REACH who="0" step="1"/><D84/><REACH who="0" ten="157,213,186,424" step="2"/><U57/><E34/><V13/><F33/><W17/><G32/><T76/><D76/><U27/><E27/><V99/><F78/><W128/><G128/><T22/><D22/><U61/><E64/><V95/><F75/><W10/><G25/><T109/><D109/><U115/><E115/><V45/><F21/><RYUUKYOKU ba="1,2" sc="157,10,213,10,186,-30,424,10" hai0="1,5,9,20,26,81,87,91,96,97,98,103,106" hai1="23,24,29,44,49,53,57,59,61,62" hai3="8,10,12,17,19,52,56,60,63,67,71,89,90" /><INIT seed="4,2,2,3,2,82" ten="167,223,156,434" oya="0" hai0="104,18,77,66,126,49,91,124,71,107,53,23,27" hai1="117,109,0,110,37,31,76,44,103,114,35,57,120" hai2="122,41,50,3,73,131,94,88,100,129,72,118,40" hai3="20,74,132,99,87,43,8,25,34,81,17,33,29"/><T12/><D77/><U98/><E117/><V86/><F122/><W59/><G132/><T92/><D71/><U65/><E120/><V42/><F3/><W84/><G43/><T96/><D66/><U85/><E0/><V134/><F134/><W133/><G133/><T68/><D68/><U7/><E7/><V58/><F118/><W5/><G99/><T22/><D22/><U2/><E2/><V105/><F105/><W36/><G36/><T111/><D111/><U32/><E114/><V97/><F58/><W127/><G127/><N who="0" m="48683" /><D12/><U119/><E119/><V80/><REACH who="2" step="1"/><F50/><REACH who="2" ten="167,223,146,434" step="2"/><W21/><G59/><AGARI ba="2,3" hai="18,23,27,49,53,59,91,92,96,104,107" m="48683" machi="59" ten="30,1500,0" yaku="18,1" doraHai="82" who="0" fromWho="3" sc="167,51,223,0,146,0,434,-21" /><INIT seed="4,3,0,1,3,30" ten="218,223,146,413" oya="0" hai0="84,131,98,46,110,60,72,88,3,100,76,125,22" hai1="56,74,41,16,47,132,95,52,0,123,6,71,133" hai2="79,124,42,87,11,92,44,53,102,21,23,130,55" hai3="28,14,120,115,99,101,20,82,70,109,127,51,114"/><T128/><D3/><U19/><E123/><V26/><F124/><W112/><G70/><T37/><D125/><U49/><E71/><V73/><F130/><N who="0" m="49706" /><D60/><U50/><E74/><V80/><F11/><W10/><G127/><T129/><N who="0" m="49714" /><T18/><DORA hai="91" /><D72/><U85/><E6/><V35/><F21/><W1/><G1/><T45/><D76/><U2/><E2/><V39/><F35/><W5/><G51/><T122/><D37/><U77/><E0/><V94/><F102/><W118/><G109/><T25/><D122/><U65/><E65/><V126/><F126/><W90/><G120/><T40/><D40/><U135/><E77/><V54/><REACH who="2" step="1"/><F73/><REACH who="2" ten="218,223,136,413" step="2"/><W106/><G115/><T117/><D110/><U81/><E81/><V32/><F32/><W57/><G114/><T66/><D117/><U59/><E59/><V69/><F69/><W34/><G57/><T97/><D66/><U111/><E111/><V62/><F62/><W48/><G118/><T13/><D13/><U104/><E104/><V83/><F83/><W96/><G14/><T63/><D63/><U68/><E68/><V75/><F75/><W36/><G112/><T67/><D67/><U15/><E15/><V78/><F78/><W12/><G12/><T116/><D116/><U64/><E64/><V24/><F24/><W103/><G10/><T107/><D107/><U38/><E38/><V27/><F27/><W58/><G36/><T108/><D108/><U9/><E9/><V8/><F8/><W4/><G106/><T43/><D25/><U134/><E134/><V105/><F105/><RYUUKYOKU ba="3,1" sc="218,-15,223,15,136,15,413,-15" hai1="16,19,41,47,49,50,52,56,85,95,132,133,135" hai2="23,26,39,42,44,53,54,55,79,80,87,92,94" /><INIT seed="5,4,1,5,4,110" ten="203,238,151,398" oya="1" hai0="28,60,39,10,12,111,76,109,37,128,42,80,13" hai1="103,91,75,21,15,63,58,131,85,43,113,23,104" hai2="17,94,126,57,30,56,11,107,18,2,38,100,97" hai3="135,7,89,22,45,112,14,65,68,44,117,78,16"/><U106/><E75/><V95/><F126/><W40/><G112/><T0/><D12/><U79/><E79/><V33/><F38/><W127/><G127/><T8/><D28/><U108/><E131/><V88/><F30/><W119/><G78/><T53/><D39/><U122/><E122/><V77/><F33/><W55/><G135/><T118/><D118/><U83/><E108/><V70/><F70/><W4/><G89/><T130/><D8/><U93/><E43/><V24/><F77/><W46/><G55/><T29/><D29/><U101/><E113/><V49/><F107/><W59/><G59/><N who="0" m="34927" /><D0/><U116/><E116/><N who="3" m="44618" /><G40/><T102/><D102/><U92/><E106/><V73/><F73/><W98/><G98/><T47/><D80/><U125/><E125/><V71/><F71/><W36/><G36/><T87/><D87/><U34/><E34/><V132/><F132/><W82/><G82/><T105/><D105/><U51/><E104/><V27/><F2/><W66/><G68/><T1/><D1/><U64/><E103/><V133/><F133/><W48/><G48/><N who="0" m="26743" /><D76/><U3/><E3/><V50/><F50/><W123/><G123/><T20/><D37/><U9/><E51/><V121/><F121/><W96/><G96/><T5/><D20/><N who="1" m="7755" /><E101/><V114/><F114/><W62/><G62/><T26/><D26/><N who="2" m="9770" /><F49/><W6/><AGARI ba="4,1" hai="4,6,7,14,16,22,44,45,46,65,66" m="44618" machi="6" ten="40,2700,0" yaku="12,1,54,1" doraHai="110" who="3" fromWho="3" sc="203,-11,238,-17,151,-11,398,49" /><INIT seed="6,0,0,5,4,103" ten="192,221,140,447" oya="2" hai0="9,132,130,11,18,98,82,35,16,88,117,8,39" hai1="83,58,119,120,15,51,22,59,87,118,43,26,77" hai2="113,30,89,41,102,1,91,65,10,99,96,28,49" hai3="2,114,17,94,84,6,66,110,42,104,23,29,101"/><V4/><F113/><W128/><G110/><T63/><D35/><U111/><E111/><V92/><F65/><W69/><G104/><T56/><D39/><U79/><E120/><V61/><F61/><W121/><G42/><T122/><D122/><U32/><E32/><V68/><F68/><W50/><G29/><T133/><D117/><U20/><E79/><V76/><F76/><W107/><G50/><T71/><D71/><U5/><E119/><V7/><F7/><W74/><G107/><T33/><D33/><U129/><E129/><V112/><F112/><W53/><G53/><N who="0" m="34191" /><D130/><U131/><E131/><V124/><F124/><W38/><G84/><N who="0" m="50199" /><D98/><U86/><E118/><V13/><F1/><W85/><G17/><T125/><D125/><U27/><E87/><V37/><F37/><W44/><G23/><N who="1" m="8746" /><E27/><V60/><F60/><W54/><G6/><T31/><D31/><N who="2" m="11818" /><F99/><W115/><G114/><T52/><D52/><U24/><E24/><V106/><F106/><W134/><G94/><T78/><D78/><U81/><E26/><V126/><F126/><W100/><G115/><T36/><D36/><U21/><E83/><V0/><F0/><W55/><G121/><T40/><D40/><U47/><E5/><V75/><F75/><W46/><G128/><T72/><D72/><U97/><E97/><V90/><F41/><W109/><G74/><T67/><D67/><U73/><E73/><V95/><F95/><W127/><G2/><T135/><AGARI ba="0,0" hai="8,9,11,16,18,132,133,135" m="50199,34191" machi="135" ten="40,5200,0" yaku="20,1,54,2" doraHai="103" who="0" fromWho="0" sc="192,52,221,-13,140,-26,447,-13" /><INIT seed="7,0,0,3,0,130" ten="244,208,114,434" oya="3" hai0="74,95,80,21,52,33,24,44,30,66,104,71,2" hai1="31,43,54,27,87,70,42,77,59,48,78,125,47" hai2="32,28,134,101,116,55,128,62,92,123,111,120,3" hai3="93,9,107,121,1,110,38,119,14,49,29,60,61"/><W96/><G49/><N who="0" m="28711" /><D104/><U53/><E125/><V4/><F111/><W117/><G14/><T8/><D71/><U83/><E70/><V122/><F116/><W79/><G60/><T10/><D33/><U135/><E135/><V82/><F128/><W131/><G93/><T108/><D74/><U50/><REACH who="1" step="1"/><E78/><REACH who="1" ten="244,198,114,434" step="2"/><V73/><F32/><AGARI ba="0,1" hai="27,31,32,42,43,47,48,50,53,54,59,77,83,87" machi="32" ten="30,7700,0" yaku="1,1,2,1,7,1,53,1" doraHai="130" doraHaiUra="23" who="1" fromWho="2" sc="244,0,198,87,114,-77,434,0" owari="244,-16.0,285,9.0,37,-46.0,434,53.0" /></mjloggm>