<mjloggm ver="2.3"><GO type="185" lobby="0"/><UN n0="%E3%81%98%E3%82%93%E3%81%8A%E3%82%8F" n1="%E5%86%AC%E7%81%AF" n2="%74%6F%6D%69%31%30%32%39" n3="" dan="18,19,16,0" rate="2299.49,2407.80,2099.84,1500.00" sx="M,M,M,C"/><TAIKYOKU oya="0"/><INIT seed="0,0,0,1,3,68" ten="350,350,350,0" oya="0" hai0="98,71,99,110,115,127,103,61,81,120,65,69,66" hai1="108,111,40,135,130,113,124,133,67,56,79,80,131" hai2="55,42,78,3,134,107,36,59,44,54,122,96,58" hai3=""/><T93/><N who="0" m="30752" /><T104/><D115/><U95/><E40/><V34/><N who="2" m="31264" /><V106/><F34/><T62/><D127/><U64/><E56/><V119/><F3/><T57/><D110/><N who="1" m="42027" /><E64/><V84/><F134/><N who="1" m="51209" /><E67/><V112/><F112/><T128/><D128/><U129/><E113/><V92/><F119/><T100/><D81/><U53/><E53/><V70/><F70/><AGARI ba="0,0" hai="57,61,62,65,66,69,70,71,93,98,99,100,103,104" m="30752" machi="70" ten="30,2900,0" yaku="7,1,52,1" doraHai="68" who="0" fromWho="2" sc="350,29,350,0,350,-29,0,0" /><INIT seed="0,1,0,5,1,114" ten="379,350,321,0" oya="0" hai0="50,120,52,37,54,94,91,60,77,72,59,127,82" hai1="2,97,38,63,0,61,33,34,36,89,76,74,110" hai2="103,42,58,124,87,117,81,123,121,46,104,45,132" hai3=""/><T102/><N who="0" m="30752" /><T3/><D127/><U109/><E97/><V125/><N who="2" m="31008" /><V80/><N who="2" m="31520" /><V44/><F132/><T78/><D37/><N who="1" m="14443" /><E89/><V133/><F42/><T134/><D134/><U106/><E106/><V130/><F133/><T100/><D78/><U118/><E118/><V39/><F39/><T1/><D1/><N who="1" m="619" /><E76/><V98/><F130/><T111/><D111/><N who="1" m="42507" /><E74/><V122/><N who="2" m="31264" /><V99/><F117/><T107/><D107/><U70/><E70/><V35/><F35/><AGARI ba="1,0" hai="33,34,35,61,63" m="42507,619,14443" machi="35" ten="40,5200,0" yaku="28,2,14,1" doraHai="114" who="1" fromWho="2" sc="379,0,350,54,321,-54,0,0" /><INIT seed="1,0,0,2,1,82" ten="379,404,267,0" oya="1" hai0="96,35,71,83,124,125,112,2,133,76,131,118,57" hai1="103,105,32,64,38,129,36,44,61,53,79,85,120" hai2="70,73,58,102,81,69,126,106,45,0,100,111,63" hai3=""/><U51/><N who="1" m="30752" /><U41/><E129/><V43/><F111/><T109/><D83/><U37/><E32/><V3/><F126/><T119/><D96/><U130/><E130/><V52/><F70/><T54/><D54/><U89/><E79/><V84/><F69/><T48/><D48/><U39/><E103/><V122/><N who="2" m="31264" /><V98/><F73/><T33/><D57/><U101/><E101/><V66/><F66/><T77/><D131/><U49/><E105/><V68/><F68/><T93/><D93/><U50/><E85/><V60/><F60/><T127/><D127/><U121/><N who="1" m="31008" /><U92/><E89/><V134/><F134/><T65/><D133/><U74/><E92/><V88/><F100/><T132/><D132/><U128/><E74/><V95/><F106/><T114/><D2/><U1/><E1/><V75/><F75/><T107/><D107/><U62/><E128/><V59/><F59/><T47/><D71/><U72/><E72/><V91/><F102/><T123/><N who="0" m="31520" /><T110/><D47/><U94/><E94/><V46/><F46/><T40/><D40/><U117/><E64/><AGARI ba="0,0" hai="33,35,64,65,76,77,109,110,112,114,118,119,124,125" m="31520" machi="64" ten="25,3200,0" yaku="22,2,52,1" doraHai="82" who="0" fromWho="1" sc="379,32,404,-32,267,0,0,0" /><INIT seed="2,0,0,1,1,122" ten="411,372,267,0" oya="2" hai0="73,86,54,38,87,109,34,48,77,65,133,110,121" hai1="42,44,35,95,76,129,61,114,72,89,98,33,37" hai2="52,45,82,2,132,119,67,49,0,50,90,130,117" hai3=""/><V70/><F132/><T125/><N who="0" m="31008" /><T68/><D34/><U55/><E114/><V78/><F130/><T106/><D38/><U108/><E129/><V104/><F104/><T103/><D133/><U43/><E43/><V94/><F67/><T71/><D125/><U127/><E127/><V123/><N who="2" m="31520" /><V115/><F70/><T120/><N who="0" m="30752" /><T131/><D131/><U63/><E63/><V41/><F115/><T85/><D103/><U99/><E99/><V69/><F69/><T32/><D106/><U74/><E74/><V101/><F101/><T64/><D32/><U83/><E33/><V128/><F128/><T134/><D134/><U112/><E112/><V107/><F107/><T1/><D1/><U88/><E35/><V116/><F94/><T91/><D91/><U92/><E89/><V113/><F113/><T66/><D71/><U46/><E95/><V59/><REACH who="2" step="1"/><F90/><REACH who="2" ten="411,372,257,0" step="2"/><T81/><REACH who="0" step="1"/><D68/><REACH who="0" ten="401,372,257,0" step="2"/><U118/><E88/><V126/><F126/><T84/><N who="0" m="21504" /><DORA hai="3" /><T79/><D79/><U124/><E76/><V47/><F47/><AGARI ba="0,2" hai="47,48,54,64,65,66,73,77,81,109,110" m="21504,30752,31008" machi="47" ten="60,8000,1" yaku="1,1,52,4,53,0" doraHai="122,3" doraHaiUra="56,39" who="0" fromWho="2" sc="401,100,372,0,257,-80,0,0" /><INIT seed="4,0,0,5,1,74" ten="501,372,177,0" oya="0" hai0="39,62,50,0,36,135,95,126,110,55,127,48,111" hai1="54,35,72,128,119,76,60,96,69,86,77,121,63" hai2="102,132,125,32,44,43,87,70,112,82,90,84,116" hai3=""/><T89/><D0/><U42/><N who="1" m="31008" /><U117/><E35/><V131/><F125/><N who="0" m="47626" /><D135/><U61/><E72/><V123/><N who="2" m="31520" /><V115/><F70/><T122/><N who="0" m="31264" /><T68/><D68/><U56/><E128/><V113/><F116/><T66/><D89/><U79/><E42/><V3/><F32/><T109/><D95/><U108/><E108/><V106/><F3/><T103/><D103/><U1/><E1/><V105/><F131/><T78/><D78/><U94/><E86/><V83/><F132/><T75/><D75/><U97/><E97/><V124/><F102/><T81/><D81/><U65/><REACH who="1" step="1"/><E61/><REACH who="1" ten="501,362,177,0" step="2"/><V58/><F124/><T52/><D62/><U41/><E41/><V59/><F106/><T53/><D66/><U98/><E98/><V88/><REACH who="2" step="1"/><F105/><REACH who="2" ten="501,362,167,0" step="2"/><T33/><D33/><U120/><N who="1" m="30752" /><U130/><E130/><V2/><F2/><T64/><D64/><U46/><E46/><V47/><F47/><T100/><D100/><AGARI ba="0,2" hai="54,56,60,63,65,69,76,77,79,94,96,100,117,119" m="30752,31008" machi="100" ten="40,12000,2" yaku="1,1,52,5,53,0" doraHai="74" doraHaiUra="101" who="1" fromWho="0" sc="501,-120,362,140,167,0,0,0" /><INIT seed="5,0,0,1,1,84" ten="381,502,167,0" oya="1" hai0="32,119,82,132,123,52,81,98,55,109,59,70,129" hai1="39,36,38,75,53,106,135,2,125,63,105,68,100" hai2="58,95,133,57,131,76,112,90,101,96,130,48,126" hai3=""/><U47/><E2/><V51/><F126/><T87/><N who="0" m="31520" /><T128/><D109/><U92/><E75/><V43/><F133/><T56/><D70/><U88/><E100/><V37/><F37/><T134/><D98/><U107/><E135/><V85/><F76/><T46/><D87/><U127/><E47/><V91/><F112/><T121/><N who="0" m="31008" /><T115/><D46/><U45/><E45/><V78/><F43/><T103/><D103/><U124/><E53/><V41/><F41/><T64/><D115/><U1/><E1/><V34/><F34/><T66/><REACH who="0" step="1"/><D119/><REACH who="0" ten="371,502,167,0" step="2"/><U72/><E72/><V73/><F73/><T86/><D86/><U97/><E68/><V104/><F78/><T116/><D116/><U49/><E49/><V67/><F48/><T35/><AGARI ba="0,1" hai="32,35,52,55,56,59,64,66,81,82,128,129,132,134" m="31008,31520" machi="35" ten="25,9000,2" yaku="1,1,0,1,22,2,52,2,54,1,53,0" doraHai="84" doraHaiUra="122" who="0" fromWho="0" sc="371,100,502,-60,167,-30,0,0" /><INIT seed="6,0,0,3,4,110" ten="471,442,137,0" oya="2" hai0="97,129,54,39,88,71,57,34,65,43,90,100,75" hai1="92,123,69,102,1,134,79,107,47,101,135,98,42" hai2="38,56,37,70,114,109,89,130,41,3,115,93,81" hai3=""/><V60/><F3/><T113/><D34/><U53/><N who="1" m="31520" /><U63/><E1/><V51/><F109/><T82/><D71/><U85/><E102/><V62/><F130/><T112/><D65/><U46/><E46/><V111/><F111/><T35/><D35/><U125/><E125/><V105/><F105/><T120/><N who="0" m="30752" /><T61/><D129/><U76/><E85/><V58/><F81/><T99/><D99/><U103/><E103/><V94/><F51/><T84/><D75/><U122/><N who="1" m="31264" /><U106/><E69/><V119/><F70/><T87/><D43/><U59/><E106/><V96/><F119/><T72/><D72/><U44/><E44/><V50/><F50/><T127/><D127/><U2/><E107/><V126/><F126/><T32/><D39/><U0/><E2/><V74/><F89/><T52/><D32/><U131/><E0/><V73/><REACH who="2" step="1"/><F96/><REACH who="2" ten="471,442,127,0" step="2"/><T108/><D108/><U55/><E131/><V78/><F78/><T80/><D97/><U36/><E79/><V118/><F118/><T67/><D100/><U91/><E76/><V48/><F48/><T133/><D133/><N who="1" m="50699" /><E101/><V86/><F86/><T77/><D77/><U132/><E132/><V45/><F45/><T40/><D87/><RYUUKYOKU ba="0,1" sc="471,-20,442,10,127,10,0,0" hai1="36,42,47,53,55,59,63,91,92,98" hai2="37,38,41,56,58,60,62,73,74,93,94,114,115" /><INIT seed="6,1,1,0,2,96" ten="451,452,137,0" oya="2" hai0="90,41,117,92,1,77,110,32,80,134,91,125,65" hai1="101,100,87,79,131,51,120,133,103,121,122,50,108" hai2="78,48,36,57,86,71,75,43,105,69,109,56,68" hai3=""/><V67/><F75/><T99/><D110/><U74/><E108/><V83/><F109/><T66/><D1/><U42/><E74/><V0/><F0/><T2/><D2/><U58/><E131/><V111/><F111/><T130/><D32/><U72/><E72/><V3/><F3/><T88/><D130/><U53/><E133/><V40/><F105/><T126/><D41/><U59/><E42/><V89/><F36/><T54/><D54/><U45/><REACH who="1" step="1"/><E50/><REACH who="1" ten="451,442,137,0" step="2"/><V85/><F40/><T73/><D134/><U55/><E55/><V102/><F102/><T127/><D117/><U63/><E63/><V112/><F112/><T119/><D119/><U49/><E49/><V52/><F43/><T97/><D97/><U94/><E94/><V84/><REACH who="2" step="1"/><F78/><REACH who="2" ten="451,442,127,0" step="2"/><T123/><N who="0" m="31520" /><T61/><D61/><AGARI ba="1,3" hai="48,52,56,57,61,67,68,69,71,83,84,85,86,89" machi="61" ten="40,12000,1" yaku="1,1,54,1,53,3" doraHai="96" doraHaiUra="82" who="2" fromWho="0" sc="451,-122,442,0,127,152,0,0" /><INIT seed="6,2,0,0,1,112" ten="329,442,279,0" oya="2" hai0="70,36,109,113,1,78,3,71,124,121,84,75,44" hai1="117,100,60,116,34,35,111,43,62,51,97,130,46" hai2="32,87,89,119,58,57,108,101,94,106,0,98,77" hai3=""/><V63/><F0/><T65/><N who="0" m="31008" /><T69/><D109/><U76/><E111/><V102/><F108/><T39/><D113/><U73/><E130/><V122/><N who="2" m="31264" /><V42/><F32/><T2/><D84/><U56/><E62/><V66/><F119/><N who="1" m="45641" /><E76/><V59/><F42/><T53/><D53/><U135/><E73/><V95/><F106/><T83/><D124/><U104/><E135/><V61/><F77/><T118/><D118/><U91/><E91/><V55/><F58/><T81/><D81/><U134/><E134/><V79/><F79/><T90/><D90/><AGARI ba="2,0" hai="55,57,59,61,63,66,87,89,90,94,95,98,101,102" m="31264" machi="90" ten="30,5800,0" yaku="7,1,8,1,52,1" doraHai="112" who="2" fromWho="0" sc="329,-62,442,0,279,62,0,0" /><INIT seed="6,3,0,4,2,97" ten="267,442,341,0" oya="2" hai0="33,123,122,75,110,119,62,43,82,59,86,36,112" hai1="96,134,3,68,54,104,48,121,131,50,132,64,99" hai2="57,77,71,63,49,44,73,92,116,127,74,115,101" hai3=""/><V32/><F32/><T70/><N who="0" m="31264" /><T60/><N who="0" m="31520" /><T95/><D110/><U45/><N who="1" m="31008" /><U128/><E3/><V102/><F116/><T130/><D33/><U66/><E104/><V37/><F37/><T103/><D119/><U61/><E66/><V35/><F71/><T133/><D133/><N who="1" m="51307" /><E50/><V72/><F35/><T94/><D130/><AGARI ba="3,0" hai="45,48,54,61,64,68,96,99,128,130,131" m="51307,31008" machi="130" ten="30,3900,0" yaku="19,1,20,1,52,1" doraHai="97" who="1" fromWho="0" sc="267,-45,442,45,341,0,0,0" owari="222,-38.0,487,44.0,341,-6.0,0,0.0" /></mjloggm>