<mjloggm ver="2.3"><GO type="169" lobby="0"/><UN n0="%E3%81%A8%E3%82%8A%E3%81%82%E3%81%88%E3%81%9A%E3%83%93%E3%83%BC%E3%83%AB" n1="%E3%83%8A%E3%82%B4%E3%83%A0" n2="%41%72%64%62%65%47" n3="%50%65%74%65%72%50%61%6E" dan="16,16,16,16" rate="2112.83,2152.46,2015.13,2090.99" sx="M,M,M,M"/><TAIKYOKU oya="0"/><INIT seed="0,0,0,5,5,8" ten="250,250,250,250" oya="0" hai0="76,89,38,2,69,44,67,119,59,29,41,6,35" hai1="88,27,125,31,7,11,116,108,42,50,45,3,36" hai2="117,21,110,113,57,63,106,0,129,98,20,91,32" hai3="82,49,104,81,85,14,95,131,107,105,47,102,77"/><T15/><D119/><U26/><E108/><V134/><F32/><W87/><G131/><T43/><D43/><U75/><E125/><V55/><F113/><W65/><G65/><T58/><D2/><U33/><E116/><V46/><F117/><W83/><G49/><T132/><D132/><U19/><E50/><V24/><F110/><W96/><G47/><T109/><D109/><U120/><E120/><V86/><F0/><W53/><G53/><T17/><D6/><U18/><E26/><V64/><F134/><W135/><G14/><T101/><D76/><U80/><REACH who="1" step="1"/><E88/><REACH who="1" ten="250,240,250,250" step="2"/><V12/><F129/><W62/><G135/><T1/><D89/><U103/><E103/><V94/><F106/><N who="3" m="41067" /><G62/><T71/><D101/><U52/><E52/><N who="2" m="34215" /><F98/><N who="3" m="61911" /><G77/><AGARI ba="0,1" hai="3,7,11,18,19,27,31,33,36,42,45,75,77,80" machi="77" ten="40,5200,0" yaku="1,1,25,2,53,0" doraHai="8" doraHaiUra="126" who="1" fromWho="3" sc="250,0,240,62,250,0,250,-52" /><INIT seed="1,0,0,3,3,116" ten="250,302,250,198" oya="1" hai0="81,26,69,100,125,67,16,30,117,113,77,95,52" hai1="0,31,43,107,122,6,111,133,38,13,37,54,5" hai2="24,15,33,49,64,127,12,85,129,53,20,14,42" hai3="56,87,120,44,29,10,86,90,73,93,104,118,36"/><U91/><E107/><V17/><F129/><W105/><G118/><T23/><D117/><U128/><E13/><V2/><F2/><W35/><G73/><T3/><D113/><U71/><E54/><V9/><F127/><W39/><G35/><T41/><D125/><U123/><E91/><V60/><F42/><W63/><G29/><T84/><D41/><U65/><E31/><V28/><F85/><W97/><G10/><T88/><D3/><U74/><E43/><V55/><F33/><W19/><G19/><T66/><D100/><U121/><E6/><V8/><F49/><W21/><G21/><T4/><D4/><U131/><E74/><V25/><F25/><W72/><G72/><T18/><D69/><U68/><E133/><V59/><REACH who="2" step="1"/><F15/><REACH who="2" ten="250,302,240,198" step="2"/><W82/><G87/><T89/><D77/><U57/><E111/><V79/><F79/><W96/><G86/><N who="0" m="52631" /><D67/><U134/><E134/><V106/><F106/><W124/><G104/><T76/><D66/><U27/><E27/><V101/><F101/><W61/><G105/><T62/><D76/><U78/><E78/><V98/><F98/><W22/><G97/><T48/><D62/><N who="1" m="38095" /><E38/><V11/><F11/><W92/><G39/><T135/><D135/><U130/><E37/><V70/><F70/><W132/><G36/><T109/><D109/><U114/><E114/><V51/><F51/><W45/><G132/><T103/><D103/><U115/><E115/><V34/><F34/><W108/><G108/><T7/><D7/><AGARI ba="0,1" hai="7,8,9,12,14,17,20,24,28,53,55,59,60,64" machi="7" ten="30,3900,0" yaku="1,1,7,1,8,1,53,0" doraHai="116" doraHaiUra="75" who="2" fromWho="0" sc="250,-39,302,0,240,49,198,0" /><INIT seed="2,0,0,5,4,124" ten="211,302,289,198" oya="2" hai0="37,76,26,99,111,46,49,71,57,72,108,89,100" hai1="96,133,64,63,114,90,92,70,87,78,74,16,105" hai2="36,9,120,5,68,85,2,94,104,44,31,12,130" hai3="106,4,135,1,32,81,45,97,131,125,42,110,56"/><V109/><F104/><W86/><G32/><T65/><D71/><U22/><E133/><V102/><F120/><W98/><G135/><T62/><D37/><U115/><E74/><V123/><F123/><W21/><G125/><T3/><D3/><U121/><E121/><V93/><F68/><W50/><G110/><T14/><D89/><U13/><REACH who="1" step="1"/><E78/><REACH who="1" ten="211,292,289,198" step="2"/><V47/><F109/><W80/><G106/><T128/><D111/><U88/><E88/><V0/><F102/><AGARI ba="0,1" hai="13,16,22,63,64,70,87,90,92,96,102,105,114,115" machi="102" ten="40,5200,0" yaku="1,1,54,1,53,1" doraHai="124" doraHaiUra="82" who="1" fromWho="2" sc="211,0,292,62,289,-52,198,0" /><INIT seed="3,0,0,3,1,25" ten="211,354,237,198" oya="3" hai0="20,5,37,27,99,62,22,16,9,93,92,120,2" hai1="47,111,127,51,24,44,54,10,52,84,14,18,69" hai2="21,112,131,76,132,8,17,121,130,26,85,64,70" hai3="29,34,96,42,88,38,133,107,119,95,66,28,90"/><W53/><G119/><T87/><D120/><U12/><E111/><V60/><F112/><W102/><G34/><T72/><D72/><U3/><E127/><V35/><F121/><W81/><G133/><T125/><D125/><U89/><E69/><V74/><F74/><W106/><G66/><T33/><D33/><U41/><E3/><V56/><F132/><W7/><G7/><T36/><D62/><U126/><E126/><V91/><F76/><W50/><G42/><T13/><D87/><U23/><E47/><V114/><F114/><W45/><G38/><T100/><REACH who="0" step="1"/><D93/><REACH who="0" ten="201,354,237,198" step="2"/><N who="1" m="54439" /><E14/><V11/><F35/><W115/><G115/><T0/><D0/><U109/><E109/><V57/><F131/><W49/><G106/><T40/><D40/><U123/><E123/><V61/><F130/><W68/><G68/><T65/><D65/><U39/><E39/><V103/><F70/><W55/><G81/><T19/><AGARI ba="0,1" hai="2,5,9,13,16,19,20,22,27,36,37,92,99,100" machi="19" ten="20,5200,0" yaku="1,1,0,1,7,1,54,1,53,0" doraHai="25" doraHaiUra="105" who="0" fromWho="0" sc="201,62,354,-13,237,-13,198,-26" /><INIT seed="4,0,0,0,4,111" ten="263,341,224,172" oya="0" hai0="77,52,127,94,110,97,118,34,93,135,92,72,42" hai1="124,37,56,53,104,99,36,16,90,71,73,121,58" hai2="7,5,1,18,100,54,84,78,86,109,123,26,27" hai3="22,113,31,0,59,23,28,15,6,96,103,63,64"/><T4/><D118/><U85/><E71/><V122/><F109/><W66/><G0/><T82/><D110/><U60/><E73/><V70/><F100/><W83/><G83/><T49/><D34/><U91/><E121/><V79/><F54/><W14/><G66/><T67/><D135/><U126/><E104/><V33/><F18/><W120/><G120/><T55/><D127/><N who="1" m="48683" /><E99/><V19/><F19/><W131/><G131/><T74/><D74/><U24/><E58/><V32/><F1/><W81/><G81/><T10/><D67/><U3/><E3/><V95/><F95/><W43/><G43/><T38/><D38/><U105/><E91/><V44/><F44/><W69/><G69/><AGARI ba="0,0" hai="5,7,26,27,32,33,69,70,78,79,84,86,122,123" machi="69" ten="25,1600,0" yaku="22,2" doraHai="111" who="2" fromWho="3" sc="263,0,341,0,224,16,172,-16" /><INIT seed="5,0,0,2,5,101" ten="263,341,240,156" oya="1" hai0="133,132,48,135,24,86,17,1,9,93,61,105,127" hai1="71,44,129,29,77,26,58,115,4,117,41,110,94" hai2="95,23,14,34,52,79,111,31,96,47,57,102,59" hai3="33,116,83,37,6,114,28,89,103,62,67,56,51"/><U30/><E71/><V5/><F111/><W98/><G37/><T125/><D61/><U40/><E117/><V68/><F68/><W21/><G33/><T99/><D48/><U39/><E40/><V109/><F109/><W80/><G114/><T70/><D70/><U13/><E115/><V64/><F79/><W10/><G51/><T78/><D24/><U12/><E129/><V88/><F34/><W91/><G116/><T63/><D63/><U76/><E30/><V22/><F64/><W126/><G126/><N who="0" m="48139" /><D17/><U123/><E123/><V49/><F102/><W3/><G83/><N who="0" m="47479" /><D9/><U2/><E58/><N who="2" m="22027" /><F31/><W108/><G80/><T87/><D1/><U75/><E75/><V113/><F113/><W120/><G120/><T124/><N who="0" m="48147" /><T0/><DORA hai="54" /><D0/><U84/><E2/><V73/><F73/><W50/><G50/><T53/><D53/><U43/><E39/><V119/><F119/><W85/><G85/><T16/><D16/><U46/><E41/><V7/><F7/><W20/><G108/><T65/><D65/><U60/><E43/><V36/><F36/><W106/><REACH who="3" step="1"/><G20/><REACH who="3" ten="263,341,240,146" step="2"/><T8/><D87/><U32/><E84/><V104/><F104/><W118/><G118/><T19/><D105/><U122/><E32/><V107/><F107/><W82/><G82/><T27/><D132/><U42/><E122/><V66/><F66/><W100/><G100/><T45/><D135/><U55/><E110/><V18/><F5/><W97/><G97/><T69/><D99/><U81/><E77/><V134/><F134/><W11/><G11/><AGARI ba="0,1" hai="11,14,18,22,23,47,49,52,88,95,96" m="22027" machi="11" ten="30,12000,2" yaku="8,1,52,3,54,2" doraHai="101,54" who="2" fromWho="3" sc="263,0,341,0,240,130,146,-120" /><INIT seed="6,0,0,3,3,5" ten="263,341,370,26" oya="2" hai0="87,96,133,59,106,23,51,91,65,84,128,109,31" hai1="78,120,134,49,75,115,30,94,119,63,69,82,113" hai2="10,37,8,48,60,74,67,83,131,125,105,110,11" hai3="0,80,25,28,70,102,2,46,20,34,101,103,18"/><V77/><F37/><W29/><G70/><T118/><D109/><U56/><E119/><V52/><F110/><W104/><G104/><T92/><D118/><U50/><E134/><V27/><F105/><W26/><G46/><T73/><D73/><U117/><E117/><V42/><F42/><W22/><REACH who="3" step="1"/><G80/><REACH who="3" ten="263,341,370,16" step="2"/><T41/><D133/><U19/><E69/><V43/><F131/><W72/><G72/><T85/><D106/><U9/><E75/><V89/><F125/><W47/><G47/><T61/><D128/><U76/><E82/><V88/><F43/><W12/><AGARI ba="0,1" hai="0,2,12,18,20,22,25,26,28,29,34,101,102,103" machi="12" ten="30,2000,0" yaku="1,1,0,1,53,0" doraHai="5" doraHaiUra="107" who="3" fromWho="3" sc="263,-5,341,-5,370,-10,16,30" /><INIT seed="7,0,0,2,4,107" ten="258,336,360,46" oya="3" hai0="22,78,30,69,90,115,38,26,27,55,74,125,98" hai1="96,35,13,84,124,51,41,106,102,105,85,133,25" hai2="37,103,45,76,5,127,43,68,91,97,59,129,11" hai3="29,52,95,14,117,101,113,83,72,53,10,20,100"/><W39/><G117/><T93/><D125/><U121/><E121/><V4/><F68/><W132/><G39/><T70/><D38/><U65/><E106/><V119/><F119/><W34/><G34/><T1/><D1/><U21/><E133/><V114/><F127/><W126/><G126/><T67/><D115/><U130/><E124/><V54/><F114/><W64/><G113/><T16/><D67/><U71/><E130/><V60/><F129/><W19/><G132/><T128/><D128/><U131/><E131/><V112/><F112/><W66/><G72/><T75/><D55/><N who="3" m="21065" /><G83/><T104/><D104/><U48/><E13/><V116/><F116/><W73/><G73/><T44/><D44/><U81/><E41/><V42/><F42/><W79/><G79/><T56/><D56/><U32/><E85/><V134/><F76/><W88/><G100/><T40/><D40/><U8/><E35/><V62/><F91/><W77/><G101/><T108/><D75/><U46/><E46/><V92/><F134/><W18/><G29/><T0/><D0/><U9/><E32/><V80/><F80/><W58/><G58/><T123/><D123/><U49/><E65/><N who="3" m="25194" /><G77/><T89/><D89/><N who="1" m="51343" /><E71/><V57/><F11/><W120/><G120/><T122/><D122/><U12/><E105/><V3/><F3/><W61/><G61/><T86/><D69/><U6/><E9/><V135/><F135/><W47/><G47/><T111/><D70/><U15/><E102/><V33/><F33/><W99/><G20/><N who="0" m="15687" /><D74/><U118/><E118/><V94/><F94/><W2/><G2/><RYUUKYOKU ba="0,0" sc="258,10,336,-30,360,10,46,10" hai0="16,22,27,78,86,90,93,98,108,111" hai2="4,5,37,43,45,54,57,59,60,62,92,97,103" hai3="10,14,18,19,88,95,99" /><INIT seed="7,1,0,0,2,98" ten="268,306,370,56" oya="3" hai0="28,110,85,126,6,135,16,95,12,122,58,84,18" hai1="37,23,133,102,123,73,55,109,8,22,97,34,69" hai2="13,41,79,82,65,111,59,130,49,42,43,7,88" hai3="115,104,40,121,61,56,1,114,117,5,66,129,63"/><W103/><G117/><T15/><D122/><U94/><E109/><V47/><F111/><W67/><G121/><T76/><D110/><U39/><E123/><V93/><F130/><W132/><G129/><T2/><D2/><U71/><E34/><V25/><F25/><W38/><G5/><T96/><D135/><U105/><E73/><V106/><F106/><W127/><G1/><T11/><D126/><U45/><E133/><V86/><F65/><W9/><G9/><T72/><D28/><U77/><E77/><V46/><F59/><W89/><G132/><T36/><D36/><U91/><E39/><V26/><F26/><W80/><G80/><T99/><D99/><U118/><E118/><V44/><F43/><W48/><G89/><T70/><D70/><U3/><E22/><V0/><F0/><W54/><G104/><T52/><D72/><U90/><E23/><V107/><F107/><W92/><G92/><T53/><D76/><U100/><E91/><V19/><F7/><W124/><G103/><N who="0" m="60831" /><D6/><U50/><E37/><V134/><F42/><W14/><G14/><T119/><D119/><U17/><E3/><V87/><F134/><W101/><G101/><T29/><D29/><U83/><E83/><V33/><F33/><W21/><G21/><AGARI ba="1,0" hai="13,19,21,41,44,46,47,49,79,82,86,87,88,93" machi="21" ten="30,3900,0" yaku="7,1,8,1,54,1" doraHai="98" who="2" fromWho="3" sc="268,0,306,0,370,42,56,-42" owari="268,-13.0,306,11.0,412,51.0,14,-49.0" /></mjloggm>