<mjloggm ver="2.3"><GO type="225" lobby="0"/><UN n0="%E6%97%A5%E6%9B%9C%E6%97%A5%E3%82%88%E3%82%8A%E3%81%AE%E4%BD%BF%E8%80%85" n1="%E3%81%AA%E3%82%81%E3%81%93%E9%9B%80%E5%A3%AB" n2="%48%61%61%61%6C%61%6E%64" n3="%E5%85%88%E7%89%A9%E3%81%AF%74%72%61%73%68" dan="16,16,17,17" rate="2100.13,2070.21,2149.94,2250.12" sx="M,M,M,M"/><TAIKYOKU oya="0"/><INIT seed="0,0,0,0,3,29" ten="250,250,250,250" oya="0" hai0="124,86,110,41,132,9,15,75,40,83,43,79,130" hai1="87,7,131,113,48,36,63,69,73,55,34,30,119" hai2="85,115,91,18,70,125,46,109,3,61,11,84,71" hai3="135,95,66,97,16,98,96,19,133,38,27,2,10"/><T17/><D124/><U128/><E119/><V14/><F115/><W118/><G118/><T102/><D130/><N who="1" m="49707" /><E73/><V77/><F125/><W59/><G38/><T21/><D132/><N who="3" m="50761" /><G95/><T107/><D110/><U80/><E36/><V114/><F114/><W126/><G126/><T28/><D107/><U51/><E7/><V93/><F109/><W6/><G27/><N who="0" m="16495" /><D75/><U64/><E113/><V1/><F46/><W0/><G2/><T103/><AGARI ba="0,0" hai="9,15,17,40,41,43,79,83,86,102,103" m="16495" machi="103" ten="30,1500,0" yaku="8,1" doraHai="29" who="0" fromWho="0" sc="250,15,250,-5,250,-5,250,-5" /><INIT seed="0,1,0,1,4,24" ten="265,245,245,245" oya="0" hai0="103,39,14,6,89,115,88,112,130,36,105,54,56" hai1="110,31,27,97,95,87,114,7,119,23,5,102,75" hai2="92,79,13,113,123,60,72,30,10,99,22,53,100" hai3="45,58,34,66,124,57,86,62,44,121,9,85,20"/><T38/><D130/><U12/><E75/><V91/><F123/><W71/><G34/><T77/><D77/><U63/><E119/><V67/><F113/><W93/><G124/><T52/><D103/><U120/><E110/><V69/><F53/><W46/><G121/><T127/><D105/><U68/><E114/><V15/><F79/><W0/><G20/><T61/><D127/><U48/><E120/><V51/><F51/><W128/><G128/><T33/><D33/><U73/><E73/><V122/><F72/><W117/><G117/><T64/><D115/><U94/><E48/><V83/><F122/><W129/><G129/><T80/><D112/><U98/><E87/><V37/><F37/><W84/><G93/><T8/><REACH who="0" step="1"/><D89/><REACH who="0" ten="255,245,245,245" step="2"/><U3/><E3/><V21/><F91/><W26/><G0/><T116/><D116/><U59/><E68/><V42/><F100/><W4/><G71/><T106/><D106/><U25/><E98/><V81/><F99/><W43/><G85/><AGARI ba="1,1" hai="6,8,14,36,38,39,52,54,56,61,64,80,85,88" machi="85" ten="40,7700,0" yaku="1,1,54,2,53,0" doraHai="24" doraHaiUra="96" who="0" fromWho="3" sc="255,90,245,0,245,0,245,-80" /><INIT seed="0,2,0,4,0,131" ten="345,245,245,165" oya="0" hai0="67,65,46,129,119,20,62,126,63,118,132,83,24" hai1="23,122,38,124,113,59,75,96,54,49,134,19,16" hai2="69,133,33,95,44,68,78,66,50,52,32,74,2" hai3="58,94,22,98,61,56,39,6,135,53,35,15,8"/><T17/><D129/><U127/><E122/><V110/><F110/><W40/><G35/><T10/><D126/><N who="1" m="48171" /><E75/><V90/><F2/><W48/><G39/><T37/><D83/><U128/><E128/><V86/><F133/><W30/><G40/><T121/><D121/><U36/><E113/><V47/><F47/><W92/><G135/><T31/><D132/><U71/><E71/><V116/><F116/><W29/><G22/><T72/><D72/><U79/><E79/><V99/><F74/><W25/><G25/><T117/><D37/><N who="1" m="14443" /><E134/><V101/><F78/><W57/><G94/><T120/><D120/><U4/><E4/><V114/><F114/><W7/><G7/><T125/><D125/><U108/><E108/><V107/><REACH who="2" step="1"/><F68/><REACH who="2" ten="345,245,235,165" step="2"/><W11/><G57/><T93/><D46/><U12/><E19/><V88/><F88/><N who="3" m="55559" /><G8/><T3/><D119/><U91/><E91/><V28/><F28/><W41/><G41/><T5/><D118/><U102/><E102/><V130/><F130/><W105/><G105/><T97/><D117/><U123/><E123/><V42/><F42/><W80/><G80/><T60/><D31/><U45/><E45/><V26/><F26/><W55/><AGARI ba="2,1" hai="6,11,15,29,30,48,53,55,56,58,61" m="55559" machi="55" ten="30,2000,0" yaku="8,1,54,1" doraHai="131" who="3" fromWho="3" sc="345,-12,245,-7,235,-7,165,36" /><INIT seed="1,0,0,5,5,3" ten="333,238,228,201" oya="1" hai0="83,53,132,127,125,104,98,69,135,28,46,18,103" hai1="42,47,13,57,32,92,48,70,123,79,106,0,115" hai2="94,85,35,66,112,10,61,39,93,19,54,44,5" hai3="41,82,121,38,131,124,97,99,84,22,24,88,122"/><U114/><E123/><V59/><F112/><W89/><G131/><T4/><D69/><U16/><E106/><V12/><F35/><W86/><G124/><N who="0" m="47691" /><D28/><U130/><E130/><V36/><F36/><W101/><G38/><T81/><D18/><U77/><E32/><V91/><F39/><W27/><G41/><T126/><D4/><U52/><E70/><V78/><F78/><W40/><G40/><T30/><D30/><U118/><E0/><V11/><F44/><W63/><G63/><T108/><D108/><U50/><E118/><V8/><F66/><W6/><G6/><T14/><D14/><U49/><E49/><V31/><F31/><W128/><G128/><T120/><D120/><U25/><E25/><V133/><F133/><N who="0" m="51274" /><D126/><U65/><E65/><V116/><F116/><W33/><G33/><T37/><D37/><U17/><E17/><V129/><F129/><W7/><G7/><T23/><D23/><U60/><E50/><AGARI ba="0,0" hai="46,50,53,81,83,98,103,104" m="51274,47691" machi="50" ten="30,2000,0" yaku="18,1,20,1" doraHai="3" who="0" fromWho="1" sc="333,20,238,-20,228,0,201,0" /><INIT seed="2,0,0,3,4,75" ten="353,218,228,201" oya="2" hai0="42,67,97,23,66,110,127,114,62,49,131,43,84" hai1="52,10,8,99,13,125,76,29,132,6,118,60,133" hai2="89,111,135,56,94,82,0,86,109,26,104,4,18" hai3="91,74,113,17,50,71,40,95,15,44,12,59,41"/><V19/><F104/><W123/><G123/><T83/><D114/><U7/><E118/><V96/><F135/><N who="1" m="51785" /><E125/><V14/><F0/><W90/><G71/><T11/><D11/><U51/><E29/><V57/><F4/><W47/><G113/><T35/><D35/><U24/><E24/><V65/><F26/><W108/><G108/><N who="2" m="41545" /><F65/><W46/><G74/><T48/><D67/><U37/><E37/><V38/><F38/><W88/><G12/><T122/><D84/><U2/><E99/><V32/><F32/><W115/><G115/><T21/><D83/><U36/><E36/><V55/><F14/><W27/><G27/><T116/><D48/><U124/><E124/><V16/><F55/><W79/><G95/><T72/><D66/><U9/><E9/><V34/><F34/><W85/><G59/><T130/><D127/><U53/><E60/><V107/><F107/><W28/><G28/><T20/><D62/><U33/><E33/><V78/><AGARI ba="0,0" hai="16,18,19,56,57,78,82,86,89,94,96" m="41545" machi="78" ten="30,11700,0" yaku="14,1,10,1,52,1,54,1" doraHai="75" who="2" fromWho="2" sc="353,-39,218,-39,228,117,201,-39" /><INIT seed="2,1,0,5,1,44" ten="314,179,345,162" oya="2" hai0="49,125,85,28,10,130,68,4,118,56,41,8,36" hai1="1,128,96,115,84,47,132,91,19,100,43,121,73" hai2="66,22,3,15,111,52,65,67,103,117,124,112,60" hai3="58,51,13,129,81,33,99,69,107,70,120,105,93"/><V23/><F3/><W87/><G120/><T89/><D68/><U30/><E73/><V55/><F112/><W90/><G33/><T45/><D125/><U18/><E115/><V113/><F113/><W0/><G0/><T34/><D130/><U2/><E128/><V11/><F117/><W116/><G129/><T102/><D118/><U32/><E2/><V27/><F124/><W127/><G127/><T50/><D102/><U39/><E1/><V98/><F111/><W119/><G119/><T80/><D34/><U37/><E37/><V16/><F60/><W6/><G116/><T79/><D28/><U64/><E64/><V92/><F22/><W5/><G70/><T82/><D4/><AGARI ba="1,0" hai="4,11,15,16,23,27,52,55,65,66,67,92,98,103" machi="4" ten="40,7700,0" yaku="8,1,54,2" doraHai="44" who="2" fromWho="0" sc="314,-80,179,0,345,80,162,0" /><INIT seed="2,2,0,4,5,9" ten="234,179,425,162" oya="2" hai0="90,80,110,17,133,58,129,29,52,97,86,1,95" hai1="67,40,54,38,20,88,76,91,125,31,57,14,105" hai2="0,92,72,101,107,73,10,44,122,114,15,100,75" hai3="93,30,104,111,121,47,96,131,37,42,13,87,56"/><V45/><F114/><W53/><G121/><T62/><D110/><U85/><E105/><V89/><F0/><W120/><G120/><T50/><D129/><U16/><E125/><V61/><F122/><W6/><G111/><T70/><D133/><U49/><E67/><V36/><F61/><W23/><G131/><T134/><D134/><U39/><E39/><V33/><F33/><W68/><G68/><T79/><D1/><U26/><E38/><V55/><F107/><W81/><G104/><T25/><D17/><U22/><E40/><V28/><F28/><W34/><G34/><T123/><D123/><U41/><E41/><V119/><F36/><W109/><G109/><T63/><REACH who="0" step="1"/><D70/><REACH who="0" ten="224,179,425,162" step="2"/><U124/><E124/><V106/><F119/><W71/><G71/><T5/><D5/><U65/><E65/><V78/><F72/><W112/><G6/><T130/><D130/><U64/><E64/><V98/><F73/><W4/><G4/><T102/><D102/><U83/><AGARI ba="2,1" hai="14,16,20,22,26,31,49,54,57,76,83,85,88,91" machi="83" ten="30,8000,1" yaku="0,1,8,1,52,1,54,2" doraHai="9" who="1" fromWho="1" sc="224,-22,179,96,425,-42,162,-22" /><INIT seed="3,0,0,5,2,113" ten="202,275,383,140" oya="3" hai0="82,41,10,76,120,79,3,121,66,26,9,92,133" hai1="27,55,128,67,129,105,56,83,135,15,63,58,33" hai2="16,31,117,134,13,29,70,98,61,19,119,35,7" hai3="127,65,69,100,2,109,93,22,75,71,52,88,95"/><W104/><G2/><T103/><D3/><U0/><E0/><V1/><F134/><W5/><G5/><T39/><D39/><U78/><E105/><V101/><F7/><W77/><G65/><T34/><D34/><U112/><E135/><V110/><F110/><W17/><G127/><T59/><D133/><U91/><E15/><V132/><F132/><W6/><G6/><T122/><D41/><U30/><E91/><V40/><F40/><W116/><G109/><T23/><D66/><U36/><E36/><V102/><F19/><W108/><G108/><T106/><D106/><U45/><E45/><V14/><F14/><N who="3" m="9527" /><G95/><T47/><D92/><U131/><E112/><V111/><F35/><W42/><G42/><T72/><D72/><N who="1" m="43463" /><E55/><V46/><F70/><AGARI ba="0,0" hai="27,30,33,56,58,63,67,70,128,129,131" m="43463" machi="70" ten="30,1000,0" yaku="19,1" doraHai="113" who="1" fromWho="2" sc="202,0,275,10,383,-10,140,0" owari="202,-20.0,285,9.0,373,47.0,140,-36.0" /></mjloggm>