<mjloggm ver="2.3"><GO type="169" lobby="0"/><UN n0="%E3%83%97%E3%83%AC%E3%82%AF%E3%83%A9%E3%82%B9%E3%83%8B%E3%83%BC" n1="%41%72%64%62%65%47" n2="%E3%82%84%E3%83%BC%E3%82%84" n3="%E3%83%A1%E3%82%BF%E3%83%AB%E3%81%AF%E3%81%BE%E3%81%A3%E3%81%A1%E2%98%86" dan="16,16,16,17" rate="2201.30,2049.61,2049.52,2173.02" sx="M,M,M,M"/><TAIKYOKU oya="0"/><INIT seed="0,0,0,3,4,82" ten="250,250,250,250" oya="0" hai0="123,128,43,132,74,69,126,52,84,90,40,23,4" hai1="24,110,39,55,76,25,133,10,62,83,64,28,0" hai2="49,58,61,79,115,134,35,114,50,104,45,116,60" hai3="86,122,113,99,120,37,34,56,78,103,15,44,102"/><T63/><D74/><U14/><E0/><V5/><F35/><W135/><G34/><T73/><D73/><U18/><E133/><V98/><F134/><W30/><G30/><T36/><D132/><U92/><E110/><V85/><F116/><W6/><G113/><T111/><D123/><U29/><E39/><V46/><F5/><W41/><G56/><N who="0" m="35207" /><D69/><U96/><E55/><V3/><F3/><W125/><G125/><T94/><D126/><U87/><E29/><V95/><F104/><W72/><G72/><T112/><D112/><U21/><E10/><V12/><F12/><W59/><G59/><T106/><D106/><U77/><E77/><V67/><F61/><W101/><G135/><T22/><D111/><U27/><E62/><V131/><F50/><W19/><G6/><T88/><D36/><U53/><E53/><V42/><F45/><W1/><G1/><T7/><D128/><U20/><REACH who="1" step="1"/><E64/><REACH who="1" ten="250,240,250,250" step="2"/><V11/><F11/><W107/><G120/><T80/><D4/><U2/><E2/><V127/><F127/><W48/><G122/><T119/><D7/><U109/><E109/><V26/><F131/><W13/><G37/><T108/><D108/><U121/><E121/><V97/><F115/><W70/><G78/><T51/><D119/><U47/><E47/><V65/><F65/><W75/><G44/><N who="0" m="25991" /><D43/><U8/><E8/><V32/><F114/><W89/><G41/><T105/><D105/><U38/><E38/><V33/><F42/><W129/><G107/><T9/><D9/><U118/><E118/><V17/><F67/><W16/><G129/><RYUUKYOKU ba="0,1" sc="250,15,240,15,250,-15,250,-15" hai0="22,23,80,84,88,90,94" hai1="14,18,20,21,24,25,27,28,76,83,87,92,96" /><INIT seed="0,1,1,3,4,75" ten="265,255,235,235" oya="0" hai0="133,19,121,42,5,34,116,1,135,63,76,3,87" hai1="103,11,74,18,33,28,59,118,102,21,96,80,78" hai2="98,101,125,16,41,35,24,66,105,38,17,14,131" hai3="39,32,7,40,94,95,50,107,93,71,114,60,109"/><T92/><D116/><U29/><E118/><V128/><F125/><W58/><G114/><T2/><D121/><U130/><E130/><N who="2" m="49707" /><F66/><W23/><G32/><T119/><D119/><U115/><E115/><V70/><F70/><W13/><G107/><T129/><D34/><U134/><E134/><N who="0" m="51209" /><D129/><U22/><E11/><V123/><F123/><W61/><G109/><T51/><D63/><U69/><E69/><V64/><F64/><W88/><G39/><T43/><D19/><U127/><E127/><V6/><F6/><W104/><G104/><T108/><D108/><U49/><E29/><N who="2" m="19879" /><F14/><W56/><G71/><T112/><D112/><U31/><E33/><V26/><F26/><W53/><G40/><N who="0" m="15403" /><D51/><U91/><E28/><V89/><F89/><W4/><G50/><T90/><D5/><U55/><E31/><V0/><F0/><W124/><G124/><T15/><D15/><U65/><E65/><V86/><F86/><W79/><G7/><T27/><D27/><U10/><E91/><V25/><F25/><W77/><G88/><T8/><D8/><U82/><E10/><V106/><F106/><W110/><G110/><T117/><D117/><U72/><E18/><V126/><F126/><W48/><G4/><T113/><D113/><U67/><E67/><V36/><F36/><W111/><G111/><T47/><D47/><AGARI ba="1,1" hai="16,17,38,41,47,98,101,105" m="19879,49707" machi="47" ten="30,2000,0" yaku="19,1,54,1" doraHai="75" who="2" fromWho="0" sc="265,-23,255,0,235,33,235,0" /><INIT seed="1,0,0,3,3,78" ten="242,255,268,235" oya="1" hai0="21,128,30,7,66,16,121,48,60,135,46,12,123" hai1="62,37,29,107,58,69,20,124,81,72,23,27,83" hai2="88,26,92,11,2,39,90,45,8,42,33,67,104" hai3="76,132,47,120,85,44,10,49,116,64,127,77,73"/><U89/><E107/><V41/><F104/><W122/><G73/><T71/><D135/><U93/><E69/><V118/><F118/><W113/><G113/><T6/><D128/><U3/><E3/><V97/><F2/><W13/><G64/><T105/><D105/><U51/><E37/><V101/><F42/><W125/><G132/><T1/><D30/><U9/><E124/><N who="3" m="47690" /><G116/><T126/><D126/><U79/><E51/><V55/><F67/><W57/><G57/><T100/><D100/><U117/><E117/><V114/><F114/><W59/><G59/><T86/><D86/><U25/><E9/><V129/><F129/><W52/><G47/><T119/><D119/><U95/><E79/><N who="3" m="30282" /><G85/><T40/><REACH who="0" step="1"/><D1/><REACH who="0" ten="232,255,268,235" step="2"/><U103/><E72/><V99/><F101/><W38/><G38/><T102/><D102/><U112/><E112/><V91/><F39/><W63/><G63/><T14/><D14/><U82/><E103/><V111/><F45/><W17/><AGARI ba="0,1" hai="10,13,17,44,49,52,120,122" m="30282,47690" machi="17" ten="30,2000,0" yaku="18,1,54,1" doraHai="78" who="3" fromWho="3" sc="232,-5,255,-10,268,-5,235,30" /><INIT seed="2,0,0,0,2,69" ten="227,245,263,265" oya="2" hai0="84,48,13,51,62,112,119,91,67,120,108,74,36" hai1="19,113,117,9,116,125,64,60,86,5,110,124,35" hai2="93,23,131,107,14,121,73,81,4,63,1,38,43" hai3="6,94,32,21,76,16,80,7,122,95,34,79,29"/><V102/><F121/><W75/><G122/><T11/><D120/><U2/><E86/><V12/><F131/><W92/><G79/><T66/><D112/><U101/><E101/><V53/><F107/><W99/><G99/><T17/><D74/><U98/><E98/><V55/><F102/><W83/><G83/><T128/><D108/><U20/><E60/><V37/><F93/><W31/><G31/><T24/><D128/><U40/><E40/><V127/><F127/><N who="1" m="48713" /><E64/><V18/><F12/><W87/><G75/><T44/><D67/><U52/><E52/><V105/><F105/><W42/><G42/><T129/><D129/><U78/><E78/><N who="2" m="44239" /><F37/><W111/><G111/><T96/><D96/><U3/><E110/><V133/><F133/><W103/><G103/><T25/><D36/><U70/><E70/><V130/><F63/><W22/><G22/><T90/><D51/><U28/><E113/><V56/><F56/><W100/><G100/><T10/><D91/><U72/><E72/><V109/><F109/><W126/><G126/><T46/><D46/><U41/><E41/><V85/><F85/><W33/><REACH who="3" step="1"/><G29/><REACH who="3" ten="227,245,263,255" step="2"/><T39/><D84/><U89/><E89/><V134/><F130/><W47/><G47/><T49/><D90/><U61/><E28/><V135/><F134/><W114/><G114/><T123/><D44/><U0/><E35/><V88/><F135/><W118/><G118/><N who="1" m="45674" /><E61/><V26/><F43/><W57/><G57/><N who="0" m="37199" /><D119/><U97/><E97/><V106/><F106/><W77/><G77/><T71/><D123/><U30/><E30/><V59/><F88/><RYUUKYOKU ba="0,1" sc="227,-15,245,15,263,-15,255,15" hai1="0,2,3,5,9,19,20" hai3="6,7,16,21,32,33,34,76,80,87,92,94,95" /><INIT seed="3,1,1,3,1,121" ten="212,260,248,270" oya="3" hai0="39,123,117,105,16,104,61,75,18,38,49,78,86" hai1="74,69,32,48,6,12,132,114,64,99,3,115,112" hai2="43,126,88,42,23,26,77,54,97,82,13,1,28" hai3="58,47,84,119,68,66,133,33,60,93,102,22,124"/><W25/><G119/><T44/><D123/><U55/><E32/><V92/><F126/><W81/><G124/><T37/><D117/><U98/><E3/><V120/><F1/><W101/><G133/><T51/><D75/><U62/><E74/><V2/><F2/><W8/><G33/><T128/><D61/><U45/><E132/><V125/><F125/><W17/><G68/><T113/><D128/><U79/><E79/><V9/><F54/><W65/><G65/><T59/><D59/><U40/><E6/><V7/><REACH who="2" step="1"/><F120/><REACH who="2" ten="212,260,238,270" step="2"/><W100/><G8/><T83/><D113/><U91/><E12/><V21/><F21/><W111/><G47/><T50/><REACH who="0" step="1"/><D44/><REACH who="0" ten="202,260,238,270" step="2"/><U10/><E115/><V135/><F135/><W36/><G58/><T73/><D73/><AGARI ba="1,3" hai="7,9,13,23,26,28,42,43,73,77,82,88,92,97" machi="73" ten="30,7700,0" yaku="1,1,7,1,54,1,53,1" doraHai="121" doraHaiUra="76" who="2" fromWho="0" sc="202,-80,260,0,238,110,270,0" /><INIT seed="4,0,0,5,0,116" ten="122,260,348,270" oya="0" hai0="110,55,3,134,131,109,4,122,65,27,113,74,130" hai1="78,44,85,86,90,48,84,96,62,21,57,16,50" hai2="59,36,83,9,39,49,104,22,91,12,56,72,93" hai3="10,81,68,67,87,41,47,99,133,75,124,64,58"/><T69/><D74/><U15/><E78/><V128/><F128/><N who="0" m="49194" /><D3/><U37/><E37/><V38/><F104/><W129/><G68/><T34/><D4/><U100/><E44/><V2/><F2/><W53/><G75/><T97/><D97/><U70/><E70/><V19/><F49/><N who="3" m="26863" /><G124/><T18/><D113/><U92/><REACH who="1" step="1"/><E100/><REACH who="1" ten="122,250,348,270" step="2"/><V98/><F72/><W33/><G129/><T45/><D134/><U121/><E121/><V24/><REACH who="2" step="1"/><F83/><REACH who="2" ten="122,250,338,270" step="2"/><W71/><G81/><T108/><D122/><U120/><E120/><V80/><F80/><W26/><G133/><T126/><D126/><U115/><E115/><V119/><F119/><W95/><G95/><T52/><D45/><U125/><E125/><V63/><F63/><W43/><G71/><T28/><D18/><AGARI ba="0,2" hai="9,12,18,19,22,24,36,38,39,56,59,91,93,98" machi="18" ten="40,1300,0" yaku="1,1,53,0" doraHai="116" doraHaiUra="40" who="2" fromWho="0" sc="122,-13,250,0,338,33,270,0" /><INIT seed="5,0,0,4,5,34" ten="109,250,371,270" oya="1" hai0="40,45,21,81,106,122,119,98,84,61,18,92,135" hai1="103,33,55,42,59,66,63,100,114,71,30,83,104" hai2="87,101,9,22,108,0,32,96,109,57,53,23,95" hai3="75,67,111,130,72,124,49,37,107,65,133,25,90"/><U125/><E42/><V86/><F32/><W79/><G37/><T121/><D135/><U99/><E114/><V76/><F109/><W91/><G107/><T129/><D119/><U69/><E125/><V117/><F117/><W19/><G79/><T44/><D106/><U134/><E134/><V58/><F108/><W20/><G111/><T24/><D129/><U132/><E132/><V51/><F58/><W16/><G133/><T43/><D61/><U38/><E103/><V11/><F0/><W105/><G105/><T112/><D112/><U2/><E38/><V54/><F54/><W12/><G130/><T4/><D4/><U39/><E39/><V73/><F73/><W64/><G124/><T85/><D43/><U52/><E2/><V115/><F115/><W15/><G25/><T50/><D45/><U126/><E126/><V88/><F76/><W14/><G49/><T35/><D35/><U97/><E97/><V131/><F86/><W118/><G118/><T41/><D41/><U62/><E83/><V8/><REACH who="2" step="1"/><F131/><REACH who="2" ten="109,250,361,270" step="2"/><W80/><G75/><T78/><REACH who="0" step="1"/><D85/><REACH who="0" ten="99,250,361,270" step="2"/><U102/><E71/><V7/><F7/><W89/><G72/><T116/><D116/><U70/><E69/><V29/><F29/><W5/><G5/><T74/><D74/><U47/><E30/><V3/><F3/><W1/><G1/><T82/><D82/><AGARI ba="0,2" hai="8,9,11,22,23,51,53,57,82,87,88,95,96,101" machi="82" ten="40,5200,0" yaku="1,1,8,1,54,1,53,0" doraHai="34" doraHaiUra="26" who="2" fromWho="0" sc="99,-52,250,0,361,72,270,0" /><INIT seed="6,0,0,5,2,26" ten="47,250,433,270" oya="2" hai0="70,80,43,62,100,97,45,68,53,18,59,118,39" hai1="54,48,55,13,14,10,93,41,127,101,61,6,88" hai2="135,76,67,75,22,87,91,119,78,57,90,11,112" hai3="133,0,115,34,131,123,71,21,99,20,84,31,33"/><V51/><F119/><W134/><G71/><T132/><D118/><U108/><E108/><V64/><F112/><W74/><G74/><T125/><D132/><N who="3" m="50793" /><G99/><T86/><D125/><U122/><E127/><V116/><F116/><W17/><G84/><T29/><D18/><U23/><E122/><V69/><F75/><W1/><G123/><T94/><D68/><U60/><E101/><V82/><F69/><W105/><G105/><T28/><REACH who="0" step="1"/><D70/><REACH who="0" ten="37,250,433,270" step="2"/><U49/><E6/><V46/><F135/><W73/><G17/><T107/><D107/><U25/><E13/><V30/><F30/><W4/><G31/><T8/><D8/><U110/><E14/><V92/><F11/><W27/><G1/><T103/><D103/><U72/><E10/><V117/><F117/><W89/><G0/><T56/><D56/><U3/><E3/><V81/><F57/><W124/><G124/><T126/><D126/><U42/><E110/><V130/><F130/><W106/><G106/><T32/><D32/><U113/><E113/><V63/><F22/><W35/><G21/><T37/><D37/><U129/><E23/><V114/><F114/><W65/><G115/><T111/><D111/><U47/><E129/><V102/><F102/><W52/><G131/><T121/><D121/><U77/><E47/><V36/><F46/><W44/><G20/><T128/><D128/><U85/><E25/><V83/><F36/><W98/><G27/><T5/><D5/><U16/><E16/><V96/><F76/><AGARI ba="0,1" hai="28,29,39,43,45,53,59,62,76,80,86,94,97,100" machi="76" ten="30,7700,0" yaku="1,1,7,1,52,2,53,0" doraHai="26" doraHaiUra="109" who="0" fromWho="2" sc="37,87,250,0,433,-77,270,0" /><INIT seed="7,0,0,3,2,126" ten="124,250,356,270" oya="3" hai0="65,14,50,110,0,104,81,5,127,37,100,72,3" hai1="95,61,74,2,124,125,47,59,79,10,91,118,41" hai2="133,24,123,106,88,33,86,4,84,42,46,109,48" hai3="21,29,77,89,70,44,6,131,114,112,119,64,97"/><W67/><G119/><T16/><D50/><U101/><E101/><V102/><F109/><W87/><G6/><T83/><D65/><U40/><E118/><V132/><F123/><W113/><G77/><T27/><D110/><U92/><E92/><V53/><F4/><W85/><G70/><T69/><D69/><U7/><E41/><V15/><F15/><W56/><G44/><T128/><D5/><U135/><E135/><V134/><F42/><W103/><G85/><T9/><D127/><U23/><E23/><V71/><F71/><W38/><G38/><T49/><D37/><U129/><E129/><V32/><F84/><W11/><G56/><T75/><D27/><U58/><E58/><V105/><F24/><N who="3" m="16527" /><G11/><T35/><D35/><N who="2" m="13386" /><F102/><W54/><G54/><T94/><D104/><U13/><E125/><V121/><F121/><W34/><G131/><T116/><D116/><U26/><E124/><V57/><F57/><W111/><G34/><T22/><D49/><N who="1" m="26855" /><E74/><V19/><F19/><W31/><G31/><T107/><D107/><U130/><E79/><V60/><F60/><W68/><G111/><T17/><D100/><U98/><E130/><V25/><F25/><W82/><G68/><T122/><D128/><U63/><E26/><V1/><F1/><N who="0" m="586" /><D122/><U80/><E2/><V78/><F78/><N who="3" m="46551" /><G103/><T76/><D75/><U52/><E80/><AGARI ba="0,0" hai="46,48,53,80,86,88,105,106,132,133,134" m="13386" machi="80" ten="40,2600,0" yaku="20,1,54,1" doraHai="126" who="2" fromWho="1" sc="124,0,250,-26,356,26,270,0" owari="124,-38.0,224,-18.0,382,49.0,270,7.0" /></mjloggm>