<mjloggm ver="2.3"><GO type="169" lobby="0"/><UN n0="%E6%AD%A6%E7%94%B0%E8%88%9E%E5%BD%A9" n1="%E6%B0%B4%E5%93%89%E3%81%AE%E3%83%AC%E3%82%B8%E3%82%A7%E3%83%B3%E3%83%89" n2="%78%78%62%6D%6D" n3="%72%61%72%75%74%6F%37" dan="18,16,17,16" rate="2256.83,2119.36,2173.14,2120.84" sx="M,M,M,M"/><TAIKYOKU oya="0"/><INIT seed="0,0,0,3,0,33" ten="250,250,250,250" oya="0" hai0="16,13,12,99,20,121,82,35,80,41,14,6,116" hai1="130,113,18,37,48,63,119,22,111,67,0,46,49" hai2="73,68,91,89,123,65,25,87,1,134,19,3,128" hai3="110,32,72,47,100,97,85,52,62,83,133,69,23"/><T81/><D116/><U55/><E119/><V21/><F73/><W107/><G110/><T108/><D121/><U43/><E111/><V59/><F123/><W26/><G133/><T27/><D108/><U24/><E130/><V54/><F128/><W57/><G32/><T53/><D41/><U66/><E113/><V101/><F134/><W103/><G103/><T77/><D35/><U132/><E132/><V71/><F101/><W5/><G5/><T44/><D99/><U50/><E0/><V42/><F42/><W120/><G120/><T127/><D127/><U7/><E7/><V93/><F65/><W70/><G47/><T51/><REACH who="0" step="1"/><D6/><REACH who="0" ten="240,250,250,250" step="2"/><U86/><E86/><AGARI ba="0,1" hai="12,13,14,16,20,27,44,51,53,77,80,81,82,86" machi="86" ten="40,12000,1" yaku="1,1,2,1,8,1,54,1,53,0" doraHai="33" doraHaiUra="105" who="0" fromWho="1" sc="240,130,250,-120,250,0,250,0" /><INIT seed="0,1,0,1,4,134" ten="370,130,250,250" oya="0" hai0="120,123,34,76,74,12,93,23,113,55,44,56,133" hai1="1,31,21,19,67,25,30,45,98,37,43,73,85" hai2="8,77,4,108,79,66,3,50,99,75,102,53,63" hai3="52,100,51,54,9,106,107,40,119,117,41,103,59"/><T131/><D34/><U28/><E73/><V82/><F108/><W72/><G72/><T125/><D113/><U27/><E1/><V49/><F79/><W96/><G9/><T65/><D133/><U88/><E67/><V105/><REACH who="2" step="1"/><F53/><REACH who="2" ten="370,130,240,250" step="2"/><W89/><G54/><T2/><D55/><U13/><REACH who="1" step="1"/><E98/><REACH who="1" ten="370,120,240,250" step="2"/><V127/><F127/><W60/><G96/><T129/><D125/><U26/><E26/><V58/><AGARI ba="1,2" hai="3,4,8,49,50,58,63,66,75,77,82,99,102,105" machi="58" ten="20,2700,0" yaku="1,1,0,1,7,1,53,0" doraHai="134" doraHaiUra="130" who="2" fromWho="2" sc="370,-14,120,-8,240,50,250,-8" /><INIT seed="1,0,0,4,0,129" ten="356,112,290,242" oya="1" hai0="126,75,62,57,17,79,99,88,13,0,111,86,19" hai1="89,119,72,107,95,11,28,64,71,60,54,77,33" hai2="35,69,37,15,121,5,70,29,83,52,44,116,130" hai3="53,100,93,23,98,133,132,105,7,127,81,41,18"/><U59/><E119/><V73/><F121/><W55/><G7/><T74/><D0/><U61/><E107/><V16/><F5/><W92/><G41/><T40/><D111/><U109/><E109/><V31/><F130/><W8/><G8/><T82/><D126/><U45/><E72/><V103/><F103/><W91/><G81/><T12/><D40/><U36/><E77/><V65/><F37/><W22/><G127/><T135/><D135/><N who="3" m="51785" /><G23/><T80/><D74/><U2/><E33/><V101/><F35/><W10/><G10/><T50/><D80/><U20/><E36/><V125/><F73/><W118/><G118/><T6/><D82/><U47/><E2/><V110/><F83/><W51/><G51/><T102/><D50/><U120/><E120/><V14/><F110/><W114/><G114/><T68/><D6/><U131/><E131/><V117/><F125/><W78/><G78/><T97/><D79/><U112/><E112/><V84/><F117/><W63/><G63/><T96/><D62/><U108/><E108/><V87/><F116/><W124/><G124/><T21/><D21/><U106/><E106/><V48/><F48/><W32/><G32/><T66/><D75/><U42/><E42/><V49/><F49/><W56/><G56/><T4/><D57/><U43/><E43/><V25/><F44/><W104/><G104/><T1/><D4/><U122/><E122/><V134/><F134/><W115/><G115/><T58/><D58/><U113/><E113/><V76/><F76/><W30/><G30/><T27/><D1/><U90/><E28/><RYUUKYOKU ba="0,0" sc="356,0,112,0,290,0,242,0" /><INIT seed="2,1,0,4,1,102" ten="356,112,290,242" oya="2" hai0="92,68,5,65,33,3,125,117,26,90,100,79,12" hai1="67,133,83,49,89,114,71,35,64,1,88,47,130" hai2="40,91,95,126,31,16,9,10,28,86,104,134,52" hai3="32,11,55,37,87,61,19,63,6,48,15,8,132"/><V46/><F126/><W62/><G132/><T21/><D68/><U0/><E114/><V2/><F134/><W131/><G131/><T72/><D65/><U120/><E133/><V121/><F121/><W80/><G37/><T43/><D43/><U34/><E71/><V51/><F104/><W39/><G39/><T85/><D125/><U101/><E101/><V73/><F73/><W123/><G123/><T81/><D3/><U77/><E120/><V17/><F2/><N who="1" m="1129" /><E49/><V82/><F40/><W53/><G32/><N who="1" m="12330" /><E77/><V29/><F95/><W118/><G118/><T135/><D33/><U7/><E7/><V129/><F129/><W76/><G48/><T106/><D5/><U103/><E103/><V41/><F41/><W115/><G115/><T94/><D117/><U98/><E98/><V59/><F59/><W107/><G107/><T93/><D135/><U23/><E23/><V108/><F108/><W128/><G128/><T36/><D36/><U56/><E56/><V45/><F45/><W30/><G6/><T66/><D66/><N who="1" m="25131" /><E130/><V124/><F124/><W18/><REACH who="3" step="1"/><G30/><REACH who="3" ten="356,112,290,232" step="2"/><T50/><D50/><U112/><E112/><V4/><F4/><W58/><G58/><T127/><D127/><U60/><E60/><V74/><F74/><W25/><G25/><T20/><D26/><U84/><E47/><V105/><F105/><W122/><G122/><T14/><D72/><U119/><E119/><V22/><F17/><W78/><G78/><T44/><D79/><U54/><E54/><V42/><F42/><W109/><G109/><T75/><D44/><U96/><E89/><RYUUKYOKU ba="1,1" sc="356,-30,112,10,290,10,232,10" hai1="83,84,88,96" hai2="9,10,16,22,28,29,31,46,51,52,82,86,91" hai3="8,11,15,18,19,53,55,61,62,63,76,80,87" /><INIT seed="2,2,1,2,5,71" ten="326,122,300,242" oya="2" hai0="128,88,107,62,32,47,127,85,90,83,113,33,50" hai1="46,58,80,78,112,98,7,28,55,96,61,23,68" hai2="132,81,103,43,121,75,133,6,99,91,16,34,19" hai3="20,51,116,26,27,73,94,45,52,60,119,95,57"/><V102/><F121/><W4/><G73/><T77/><D113/><U18/><E112/><V84/><F34/><W9/><G116/><T72/><D107/><U21/><E68/><V93/><F6/><W5/><G119/><T108/><D108/><U1/><E1/><V114/><F114/><W89/><G95/><T67/><D127/><U30/><E7/><V14/><F75/><W92/><G94/><T49/><D49/><U54/><E46/><V100/><F43/><W13/><G20/><T129/><D32/><U24/><E54/><V126/><F126/><W44/><G5/><T15/><D15/><U63/><E63/><V101/><REACH who="2" step="1"/><F14/><REACH who="2" ten="326,122,290,242" step="2"/><W105/><G105/><T42/><D33/><U87/><REACH who="1" step="1"/><E30/><REACH who="1" ten="326,112,290,242" step="2"/><V12/><F12/><AGARI ba="2,3" hai="12,18,21,23,24,28,55,58,61,78,80,87,96,98" machi="12" ten="30,8000,1" yaku="1,1,2,1,7,1,8,1,53,1" doraHai="71" doraHaiUra="53" who="1" fromWho="2" sc="326,0,112,116,290,-86,242,0" /><INIT seed="3,0,0,0,4,30" ten="326,228,204,242" oya="3" hai0="106,70,47,130,96,17,14,105,61,133,63,113,102" hai1="118,97,18,24,93,19,79,81,69,58,107,134,27" hai2="120,66,71,100,4,126,49,5,82,108,9,50,85" hai3="44,26,114,51,33,88,87,111,8,123,3,101,36"/><W53/><G123/><T0/><D0/><U86/><E69/><V80/><F108/><W60/><G114/><T103/><D113/><U76/><E134/><V116/><F116/><W31/><G111/><T78/><D133/><U59/><E118/><V75/><F126/><W112/><G112/><T62/><D130/><U7/><E7/><V41/><F4/><W56/><G101/><T131/><D131/><U64/><E79/><V128/><F100/><W67/><G8/><T125/><D125/><U2/><E2/><V23/><F82/><W52/><G36/><T99/><D47/><U115/><E107/><V1/><F75/><W124/><G124/><T13/><D78/><U38/><E38/><V135/><F120/><W73/><G73/><T20/><D13/><U12/><E19/><V29/><F41/><W119/><G3/><T117/><D117/><U28/><E64/><AGARI ba="0,0" hai="14,17,20,61,62,63,64,70,96,99,102,103,105,106" machi="64" ten="40,1300,0" yaku="9,1" doraHai="30" who="0" fromWho="1" sc="326,13,228,-13,204,0,242,0" /><INIT seed="4,0,0,5,4,70" ten="339,215,204,242" oya="0" hai0="81,11,110,34,102,130,8,120,99,26,18,31,127" hai1="117,121,108,122,32,76,109,4,36,35,124,83,59" hai2="21,30,42,9,22,104,16,46,107,3,54,133,14" hai3="119,85,95,88,77,66,115,0,100,101,24,23,134"/><T15/><D120/><U33/><E59/><V2/><F133/><W111/><G111/><T98/><D127/><U114/><E124/><V86/><F54/><W84/><G119/><T6/><D130/><U61/><E61/><V82/><F22/><W96/><G0/><T112/><D112/><U89/><E89/><V57/><F57/><W60/><G134/><T67/><D110/><N who="1" m="42603" /><E83/><V39/><F30/><W17/><G115/><T50/><D67/><U113/><E76/><V12/><F107/><W105/><G101/><T51/><D81/><U78/><E78/><V48/><F104/><W90/><G77/><T43/><D43/><U116/><E36/><V20/><F48/><W87/><REACH who="3" step="1"/><G105/><REACH who="3" ten="339,215,204,232" step="2"/><T7/><D102/><U71/><E71/><AGARI ba="0,1" hai="17,23,24,60,66,71,84,85,87,88,90,95,96,100" machi="71" ten="40,5200,0" yaku="1,1,2,1,54,1,53,0" doraHai="70" doraHaiUra="25" who="3" fromWho="1" sc="339,0,215,-52,204,0,232,62" /><INIT seed="5,0,0,5,5,113" ten="339,163,204,294" oya="1" hai0="126,111,43,63,6,9,40,62,55,106,123,129,58" hai1="38,110,95,18,47,45,10,61,65,135,94,46,127" hai2="107,59,68,0,23,86,97,21,2,54,51,96,76" hai3="102,115,105,1,88,3,75,100,44,130,93,26,29"/><U125/><E38/><V48/><F68/><W117/><G75/><T120/><D111/><U128/><E110/><V60/><F107/><W11/><G115/><T132/><D106/><U64/><E10/><V16/><F0/><W35/><G130/><T109/><D109/><U80/><E18/><V131/><F2/><W13/><G44/><T52/><D129/><U108/><E108/><V14/><F131/><W99/><G102/><T42/><D126/><N who="1" m="48139" /><E128/><V133/><F133/><W79/><G79/><T122/><D132/><U24/><E135/><V31/><F76/><W103/><G103/><T118/><D118/><U77/><E24/><N who="2" m="16783" /><F86/><W66/><G66/><N who="1" m="25706" /><E61/><N who="0" m="23049" /><D58/><U121/><E121/><V72/><F72/><AGARI ba="0,0" hai="45,46,47,72,77,80,94,95" m="25706,48139" machi="72" ten="30,1500,0" yaku="18,1" doraHai="113" who="1" fromWho="2" sc="339,0,163,15,204,-15,294,0" /><INIT seed="5,1,0,1,4,116" ten="339,178,189,294" oya="1" hai0="50,74,37,88,3,84,97,102,53,13,125,112,66" hai1="95,16,19,54,69,93,115,127,10,64,99,52,2" hai2="86,48,25,100,12,41,17,7,73,98,0,114,14" hai3="21,23,46,77,80,49,27,78,109,24,79,108,126"/><U26/><E115/><V120/><F73/><W8/><G126/><T61/><D3/><U89/><E127/><V121/><F0/><W118/><G118/><T111/><D37/><U85/><E69/><V6/><F114/><W72/><G8/><T40/><D74/><U58/><E64/><V128/><F25/><W1/><G1/><T60/><D111/><U104/><E104/><V107/><F128/><W119/><G119/><T18/><D40/><U15/><E2/><V132/><F132/><W44/><G72/><T33/><D33/><U110/><E110/><V30/><F30/><W32/><G80/><N who="0" m="49159" /><D66/><U75/><E75/><V63/><F63/><W81/><G81/><T57/><D125/><U92/><E58/><V123/><F86/><W43/><G32/><T39/><D39/><U71/><E71/><V105/><F105/><W29/><REACH who="3" step="1"/><G46/><REACH who="3" ten="339,178,189,284" step="2"/><T31/><D112/><U35/><E35/><V38/><F121/><W5/><G5/><T101/><D31/><AGARI ba="1,1" hai="21,23,24,27,29,31,43,44,49,77,78,79,108,109" machi="31" ten="40,2600,0" yaku="1,1,9,1,53,0" doraHai="116" doraHaiUra="51" who="3" fromWho="0" sc="339,-29,178,0,189,0,284,39" /><INIT seed="6,0,0,5,4,15" ten="310,178,189,323" oya="2" hai0="103,17,116,82,59,25,0,43,96,69,129,54,70" hai1="2,18,56,122,23,14,89,27,104,11,101,31,91" hai2="53,9,44,38,29,45,127,110,97,81,92,85,22" hai3="105,126,37,108,76,65,12,88,117,3,35,75,115"/><V7/><F127/><W90/><RYUUKYOKU type="yao9" ba="0,0" sc="310,0,178,0,189,0,323,0" hai3="3,12,35,37,65,75,76,88,90,105,108,115,117,126" /><INIT seed="6,1,0,4,5,118" ten="310,178,189,323" oya="2" hai0="119,122,66,80,20,90,25,40,81,43,28,1,44" hai1="26,98,85,42,69,131,113,107,32,68,75,37,129" hai2="77,86,117,121,13,55,63,72,56,76,9,47,89" hai3="57,33,50,64,82,71,15,108,29,52,87,109,6"/><V60/><F117/><W24/><G71/><N who="1" m="27210" /><E85/><V130/><F130/><N who="1" m="49673" /><E113/><V49/><F121/><W115/><G64/><T104/><D122/><U91/><E91/><V128/><F72/><W78/><REACH who="3" step="1"/><G115/><REACH who="3" ten="310,178,189,313" step="2"/><T38/><D66/><U41/><E75/><V31/><F128/><W132/><G132/><T2/><D119/><U22/><E37/><V95/><F31/><W84/><G84/><T102/><D38/><U127/><E127/><V12/><F63/><W70/><G70/><T126/><D126/><U3/><E3/><V96/><F86/><W14/><G14/><T7/><D1/><U17/><E32/><V112/><F112/><W16/><G16/><T39/><D2/><U110/><E110/><V59/><F13/><W19/><G19/><T73/><D39/><U134/><E134/><V88/><F89/><W125/><G125/><T61/><D90/><U100/><AGARI ba="1,1" hai="17,22,26,41,42,98,100,107" m="49673,27210" machi="100" ten="40,1500,0" yaku="19,1" doraHai="118" who="1" fromWho="1" sc="310,-5,178,28,189,-8,313,-5" /><INIT seed="7,0,0,5,2,92" ten="305,206,181,308" oya="3" hai0="104,84,116,10,38,56,58,101,54,31,128,17,47" hai1="53,75,46,129,126,107,71,3,2,93,99,0,74" hai2="6,37,98,48,125,14,60,89,115,27,72,12,122" hai3="121,113,120,44,67,87,97,32,68,134,77,95,133"/><W4/><G113/><T105/><D116/><U39/><E53/><V102/><F37/><W111/><G32/><T119/><D119/><U51/><E51/><V131/><F72/><N who="1" m="27689" /><E93/><N who="2" m="58703" /><F115/><W40/><G4/><T69/><D69/><U110/><E110/><V132/><F122/><W59/><G68/><T62/><D128/><U76/><E76/><V85/><F131/><W35/><G35/><T82/><D31/><U36/><E129/><V78/><F78/><W61/><G111/><T30/><D30/><U57/><E71/><V15/><F132/><N who="3" m="50795" /><G87/><T63/><D101/><N who="1" m="62911" /><E39/><V66/><F125/><W118/><G77/><T34/><D34/><U73/><E73/><V19/><F48/><N who="3" m="26631" /><G118/><T127/><D127/><U124/><E57/><N who="2" m="37135" /><F6/><W135/><G135/><T112/><D112/><U117/><E117/><V70/><F70/><W114/><G114/><T91/><D38/><U55/><E36/><V8/><F27/><W123/><G123/><T24/><D24/><U83/><E126/><V33/><F33/><W29/><G121/><T79/><D79/><U65/><E124/><V5/><F5/><W64/><G120/><T13/><D47/><U81/><E65/><AGARI ba="0,0" hai="10,13,17,54,56,58,62,63,65,82,84,91,104,105" machi="65" ten="30,1000,0" yaku="7,1" doraHai="92" who="0" fromWho="1" sc="305,10,206,-10,181,0,308,0" owari="315,41.0,196,-20.0,181,-32.0,308,11.0" /></mjloggm>