<mjloggm ver="2.3"><GO type="169" lobby="0"/><UN n0="%E5%A4%8F%E6%81%8B%E8%8A%B1%E7%81%AB" n1="%E3%81%8D%E3%82%88%E3%81%97%E3%81%BE%E3%82%8B" n2="%70%68%65%6E%6F%6D%65" n3="%6D%61%74%74%75%61%6E" dan="16,16,17,16" rate="2152.14,2102.52,2214.08,2204.21" sx="M,F,M,M"/><TAIKYOKU oya="0"/><INIT seed="0,0,0,3,3,89" ten="250,250,250,250" oya="0" hai0="54,10,28,5,9,92,72,125,46,80,0,96,91" hai1="84,59,30,70,34,108,128,11,13,86,29,131,66" hai2="20,18,41,43,21,27,6,78,57,124,110,127,12" hai3="52,3,111,19,133,56,4,81,103,114,42,74,98"/><T82/><D125/><N who="2" m="48202" /><F110/><W14/><G111/><T32/><D72/><U22/><E108/><V126/><N who="2" m="48210" /><V104/><DORA hai="134" /><F104/><W102/><G114/><T37/><D10/><U64/><E34/><V129/><F129/><W65/><G133/><T35/><D28/><U15/><E70/><V7/><F78/><W97/><G65/><T100/><D54/><U50/><E11/><V25/><F57/><W40/><G3/><T55/><D55/><U1/><E59/><V44/><F25/><W113/><G56/><T2/><D2/><U26/><E26/><V87/><F87/><W33/><G74/><T122/><D122/><U39/><E86/><V8/><F21/><W95/><G33/><T38/><D35/><U67/><E84/><V120/><F120/><W109/><G109/><T112/><D32/><U116/><E22/><V36/><F41/><W79/><G42/><T99/><D112/><U53/><E128/><V47/><F44/><W17/><G40/><T90/><D46/><U68/><E68/><V60/><F60/><W85/><G113/><T75/><D75/><U69/><E69/><V105/><F105/><W115/><G115/><T73/><D73/><U93/><E131/><V135/><F135/><W83/><G79/><T63/><D63/><U130/><E130/><V24/><F24/><W119/><G85/><N who="0" m="50471" /><D82/><U118/><E66/><V45/><F47/><W123/><G123/><T101/><D99/><U58/><E58/><V88/><F88/><N who="3" m="55527" /><G98/><T121/><D121/><U76/><E67/><V49/><F36/><W107/><G107/><N who="0" m="63879" /><D91/><U71/><E71/><RYUUKYOKU ba="0,0" sc="250,15,250,-15,250,15,250,-15" hai0="0,5,9,37,38,92,101" hai2="6,7,8,12,18,20,27,43,45,49" /><INIT seed="0,1,0,1,1,47" ten="265,235,265,235" oya="0" hai0="120,88,69,0,1,3,92,52,107,106,121,31,14" hai1="113,49,41,87,63,16,44,32,71,4,95,58,26" hai2="45,110,68,61,79,75,57,19,130,40,131,86,23" hai3="51,127,94,134,28,123,43,17,65,12,60,124,13"/><T111/><D69/><U36/><E113/><V118/><F75/><W38/><G134/><T67/><D67/><U30/><E4/><V64/><F110/><W46/><G123/><T54/><D31/><U112/><E112/><V42/><F118/><W77/><G28/><T20/><D111/><U98/><E87/><V73/><F73/><W29/><G29/><T50/><D54/><U132/><E132/><V125/><F57/><W74/><G94/><T7/><D107/><U27/><E71/><V91/><F79/><W119/><G13/><T114/><D106/><U129/><E129/><N who="2" m="49163" /><F45/><W33/><G33/><T18/><D7/><U84/><E84/><V103/><F103/><W104/><G104/><T99/><REACH who="0" step="1"/><D114/><REACH who="0" ten="255,235,265,235" step="2"/><U116/><E30/><V72/><F68/><W66/><G65/><T35/><D35/><U117/><E32/><V115/><F64/><W109/><G109/><T128/><D128/><U78/><E116/><V81/><F115/><W83/><G119/><T135/><D135/><U70/><E117/><V37/><F42/><W55/><G43/><T122/><D122/><U90/><E70/><V76/><F40/><W25/><G66/><T85/><D85/><U102/><E36/><V39/><F37/><W8/><G38/><T100/><D100/><U15/><E102/><V93/><F39/><W5/><G74/><T82/><D82/><U21/><E78/><V56/><F72/><W24/><G83/><T89/><D89/><U108/><E108/><V9/><F76/><W6/><G77/><T97/><D97/><U105/><E105/><V34/><F81/><RYUUKYOKU ba="1,1" sc="255,15,235,15,265,-15,235,-15" hai0="0,1,3,14,18,20,50,52,88,92,99,120,121" hai1="15,16,21,26,27,41,44,49,58,63,90,95,98" /><INIT seed="0,2,1,3,4,75" ten="270,250,250,220" oya="0" hai0="113,47,124,76,33,69,34,3,88,123,126,13,135" hai1="39,21,81,20,105,112,84,62,132,15,38,46,95" hai2="90,40,37,31,100,120,82,133,110,65,53,94,70" hai3="30,41,36,86,130,22,68,16,128,24,101,89,64"/><T122/><D3/><U80/><E105/><V18/><F120/><N who="0" m="46122" /><D69/><U119/><E112/><V104/><F31/><W87/><G101/><T59/><D113/><U97/><E119/><V29/><F29/><W108/><G36/><T91/><D47/><U45/><E62/><V56/><F65/><W98/><G41/><T83/><D13/><U23/><E15/><V11/><F70/><W93/><G108/><T52/><D135/><U131/><E132/><V26/><F110/><W67/><G30/><T114/><D33/><U106/><E106/><V50/><F104/><W6/><G6/><T125/><D34/><U17/><E17/><V14/><F26/><W127/><G67/><T57/><D57/><U79/><E131/><N who="3" m="50218" /><G127/><T55/><D114/><U66/><E66/><V111/><F111/><W103/><G89/><N who="0" m="34379" /><D59/><U116/><E116/><V19/><F133/><W43/><G43/><T71/><D71/><U2/><E2/><V35/><F40/><W42/><G42/><T78/><D83/><U74/><E39/><V5/><F35/><W109/><G109/><T7/><D7/><U77/><REACH who="1" step="1"/><E38/><REACH who="1" ten="270,240,250,220" step="2"/><V48/><F37/><W129/><G129/><T1/><D1/><U60/><E60/><AGARI ba="2,2" hai="16,22,24,60,64,68,86,87,93,98,103" m="50218" machi="60" ten="30,2000,0" yaku="19,1,54,1" doraHai="75" who="3" fromWho="1" sc="270,0,240,-26,250,0,220,46" /><INIT seed="1,0,0,2,0,87" ten="270,214,250,266" oya="1" hai0="63,53,129,91,50,90,115,48,133,70,42,41,10" hai1="28,16,8,59,128,84,131,103,39,117,49,21,92" hai2="119,109,37,85,120,126,54,98,44,61,3,1,96" hai3="97,29,72,94,86,83,5,106,107,19,79,38,127"/><U113/><E39/><V17/><F119/><W24/><G38/><T31/><D115/><U111/><E113/><V22/><F120/><W135/><G127/><T51/><D129/><N who="1" m="49739" /><E117/><V25/><F109/><W134/><G5/><T100/><D133/><N who="3" m="50697" /><G19/><T108/><D108/><U36/><E36/><V82/><F126/><W95/><G24/><T34/><D34/><U20/><E111/><V23/><F1/><W30/><G30/><T124/><D124/><U77/><E28/><V89/><F3/><W2/><G2/><T0/><D31/><U80/><E103/><V62/><F23/><W105/><G29/><T74/><D74/><U122/><E122/><V112/><F112/><W81/><G97/><N who="2" m="37481" /><F37/><W55/><G55/><T64/><D100/><U32/><E32/><V75/><F75/><W65/><G65/><T6/><REACH who="0" step="1"/><D53/><REACH who="0" ten="260,214,250,266" step="2"/><N who="1" m="32175" /><E92/><V132/><F132/><W99/><G99/><T116/><D116/><U47/><E47/><V45/><F44/><W93/><G93/><T104/><D104/><U88/><E77/><AGARI ba="0,1" hai="72,77,79,81,83,86,94,95,105,106,107" m="50697" machi="77" ten="40,5200,0" yaku="20,1,34,2" doraHai="87" who="3" fromWho="1" sc="260,0,214,-52,250,0,266,62" /><INIT seed="2,0,0,4,2,105" ten="260,162,250,328" oya="2" hai0="60,116,119,72,52,54,65,49,102,85,50,56,18" hai1="6,4,3,99,71,74,118,42,70,100,93,27,10" hai2="95,40,75,97,115,79,112,110,53,37,45,126,22" hai3="107,92,62,121,108,81,90,88,67,109,63,132,111"/><V48/><F126/><W73/><G121/><T43/><D102/><U133/><E118/><N who="0" m="45097" /><D18/><U9/><E133/><V34/><F34/><W12/><G132/><T134/><D85/><U14/><E42/><V130/><F130/><W122/><G122/><T61/><D72/><U68/><REACH who="1" step="1"/><E27/><REACH who="1" ten="260,152,250,328" step="2"/><V16/><F112/><W123/><G123/><T38/><D134/><U106/><E106/><V15/><F115/><W51/><G107/><T77/><D77/><U135/><E135/><V59/><F110/><W30/><G109/><T31/><D31/><U94/><E94/><V114/><F114/><W84/><G30/><T58/><D65/><U86/><E86/><V44/><F79/><W57/><G111/><T11/><D11/><U98/><E98/><V80/><F95/><W91/><G108/><T76/><D76/><U25/><E25/><V46/><F97/><W96/><G96/><T39/><D43/><U47/><E47/><V5/><F44/><W1/><G73/><AGARI ba="0,1" hai="3,4,6,9,10,14,68,70,71,73,74,93,99,100" machi="73" ten="40,5200,0" yaku="1,1,52,2,53,0" doraHai="105" doraHaiUra="41" who="1" fromWho="3" sc="260,0,152,62,250,0,328,-52" /><INIT seed="3,0,0,2,1,90" ten="260,214,250,276" oya="3" hai0="1,112,119,89,2,79,96,84,81,117,99,65,72" hai1="131,102,127,110,93,73,37,123,92,87,60,134,67" hai2="69,52,43,40,105,31,121,32,71,86,44,11,100" hai3="12,135,108,125,85,3,48,56,126,24,53,63,21"/><W34/><G3/><T14/><D112/><U13/><E37/><V97/><F121/><W95/><G135/><T118/><D65/><U116/><E123/><V106/><F106/><W46/><G34/><T47/><D14/><U129/><E73/><V75/><F75/><W104/><G104/><T42/><D1/><U61/><E110/><V94/><F11/><W55/><G12/><T17/><D17/><U70/><E116/><V25/><F43/><W28/><REACH who="3" step="1"/><G108/><REACH who="3" ten="260,214,250,266" step="2"/><T16/><D2/><U76/><E134/><V120/><F120/><W68/><G68/><T115/><D115/><U57/><E13/><V113/><F113/><W30/><G30/><T22/><D118/><U41/><E70/><V78/><F69/><W0/><G0/><T64/><D119/><U98/><E131/><V101/><F71/><W50/><G50/><T66/><D117/><U82/><E129/><V124/><F105/><W6/><G6/><T51/><D66/><U103/><E127/><V74/><F124/><W83/><G83/><T122/><D64/><U20/><E61/><V80/><F32/><W109/><G109/><T15/><D122/><U8/><E8/><V19/><F31/><W27/><G27/><T49/><D51/><U9/><E9/><V54/><F25/><W128/><G128/><T107/><D107/><U59/><E20/><V132/><F132/><W88/><AGARI ba="0,1" hai="21,24,28,46,48,53,55,56,63,85,88,95,125,126" machi="88" ten="30,11700,0" yaku="1,1,0,1,52,1,54,1,53,0" doraHai="90" doraHaiUra="4" who="3" fromWho="3" sc="260,-39,214,-39,250,-39,266,127" /><INIT seed="3,1,0,1,5,101" ten="221,175,211,393" oya="3" hai0="128,51,30,79,113,129,111,106,96,49,131,68,125" hai1="44,127,99,53,120,3,32,37,66,110,119,121,55" hai2="52,14,105,73,56,91,97,22,84,115,82,83,11" hai3="57,67,48,109,90,19,133,132,130,45,20,36,107"/><W50/><G130/><T75/><D68/><U117/><E3/><V58/><F115/><W28/><G28/><T89/><D113/><U94/><E32/><V135/><F135/><N who="3" m="51787" /><G36/><T18/><D30/><U77/><E77/><V114/><F114/><W1/><G1/><T12/><D125/><U5/><E5/><V86/><F73/><W81/><G109/><T8/><D111/><U60/><E110/><V9/><F22/><W4/><G4/><T38/><D38/><U23/><E23/><V71/><F71/><W61/><G45/><T74/><D89/><U47/><E94/><V112/><F112/><W102/><G90/><T134/><D134/><U65/><E99/><V6/><F11/><W78/><G107/><T118/><D118/><N who="1" m="45067" /><E37/><V35/><F35/><W92/><G92/><T108/><D108/><U2/><E2/><V126/><F126/><W100/><G100/><N who="0" m="62727" /><D79/><U85/><E85/><V93/><F105/><W13/><G102/><T63/><D63/><U59/><E127/><V42/><F83/><W43/><G43/><T95/><D95/><U72/><E72/><AGARI ba="1,0" hai="13,19,20,48,50,57,61,67,72,78,81" m="51787" machi="72" ten="30,1500,0" yaku="20,1" doraHai="101" who="3" fromWho="1" sc="221,0,175,-18,211,0,393,18" /><AGARI ba="1,0" hai="8,12,18,49,51,72,74,75,128,129,131" m="62727" machi="72" ten="40,2600,0" yaku="19,1,52,1" doraHai="101" who="0" fromWho="1" sc="221,26,157,-26,211,0,411,0" /><INIT seed="3,2,0,2,4,68" ten="247,131,211,411" oya="3" hai0="90,8,96,71,59,18,27,6,12,74,69,19,99" hai1="128,35,63,22,5,36,115,135,111,66,45,89,50" hai2="46,41,102,123,16,101,131,75,134,67,87,49,51" hai3="100,126,10,29,55,121,56,17,133,105,33,104,117"/><W62/><G117/><T37/><D74/><U14/><E35/><V116/><F75/><W42/><G121/><T21/><D69/><U24/><E115/><V31/><F116/><W122/><G122/><T1/><D71/><U28/><E111/><V58/><F123/><W61/><G126/><T130/><D130/><U3/><E128/><V30/><F134/><W110/><G133/><T76/><D76/><U13/><E135/><V4/><F4/><W64/><G100/><T94/><D59/><U81/><E3/><V84/><F131/><W72/><G72/><T9/><D37/><U65/><E36/><V109/><F109/><W39/><G110/><T2/><D2/><U34/><E34/><V32/><F32/><W48/><G62/><T53/><D53/><U119/><E119/><V73/><F73/><W92/><G92/><T15/><REACH who="0" step="1"/><D1/><REACH who="0" ten="237,131,211,411" step="2"/><U40/><E65/><V43/><F58/><W112/><G42/><T95/><D95/><U98/><E66/><V26/><F67/><W85/><G39/><T82/><D82/><U11/><E81/><V132/><F132/><W88/><G64/><T108/><D108/><U120/><E120/><V125/><F43/><W91/><G55/><T44/><D44/><U93/><E63/><V107/><F46/><W118/><G118/><T47/><D47/><U25/><E45/><V77/><F41/><W78/><G78/><T114/><D114/><U83/><E40/><V38/><F77/><W97/><G112/><T113/><D113/><U20/><E83/><V103/><F38/><W86/><G61/><T80/><D80/><RYUUKYOKU ba="2,1" sc="237,30,131,-10,211,-10,411,-10" hai0="6,8,9,12,15,18,19,21,27,90,94,96,99" /><INIT seed="4,3,1,2,4,90" ten="267,121,201,401" oya="0" hai0="100,77,134,52,126,27,48,113,68,106,63,7,95" hai1="18,81,74,101,23,53,21,127,120,61,32,37,132" hai2="16,24,38,69,128,50,112,114,135,71,58,84,108" hai3="1,36,110,56,64,70,107,88,51,46,20,131,87"/><T118/><D118/><U8/><E120/><V86/><F38/><W35/><G110/><T12/><D106/><U79/><E32/><V40/><F108/><W55/><G35/><T33/><D113/><U28/><E37/><V41/><F128/><W94/><G107/><T115/><D115/><U62/><E127/><V123/><F123/><W26/><G1/><T124/><D134/><U2/><E132/><V44/><F58/><W76/><G131/><T22/><D77/><U5/><E28/><V43/><F135/><W73/><G36/><T49/><D33/><U31/><E31/><V65/><F65/><W98/><G73/><T34/><D34/><U99/><E53/><V129/><F129/><W104/><G70/><T89/><D100/><U60/><REACH who="1" step="1"/><E18/><REACH who="1" ten="267,111,201,401" step="2"/><V17/><F41/><W75/><G64/><T116/><D116/><U6/><E6/><V122/><F122/><W13/><G104/><AGARI ba="3,2" hai="2,5,8,21,23,60,61,62,74,79,81,99,101,104" machi="104" ten="40,1300,0" yaku="1,1,53,0" doraHai="90" doraHaiUra="133" who="1" fromWho="3" sc="267,0,111,42,201,0,401,-22" /><INIT seed="5,0,0,0,2,78" ten="267,153,201,379" oya="1" hai0="39,31,109,110,88,124,89,8,10,100,30,35,15" hai1="0,21,85,132,36,120,91,87,45,57,43,133,135" hai2="55,72,114,18,128,12,119,44,115,17,28,123,33" hai3="5,77,51,70,47,98,20,68,108,16,34,65,53"/><U40/><E120/><V118/><F72/><W126/><G108/><T131/><D39/><U74/><E74/><V25/><F55/><W71/><G34/><T23/><D131/><U96/><E0/><V129/><F44/><W24/><G126/><T61/><D124/><U14/><E43/><V95/><F95/><W6/><G77/><T60/><D35/><U83/><E96/><V67/><F67/><W92/><REACH who="3" step="1"/><G65/><REACH who="3" ten="267,153,201,369" step="2"/><T62/><D110/><U69/><E69/><V125/><F125/><W49/><G49/><T82/><D109/><U105/><E105/><V59/><F128/><W121/><G121/><T32/><D32/><U9/><E21/><V101/><F129/><W26/><G26/><T63/><D23/><U90/><E57/><V11/><F123/><W106/><G106/><T2/><D2/><U3/><E3/><V102/><F59/><W48/><G48/><T27/><D27/><U79/><REACH who="1" step="1"/><E87/><REACH who="1" ten="267,143,201,369" step="2"/><V76/><F33/><W107/><G107/><T54/><D54/><U122/><E122/><V94/><F118/><W42/><G42/><T93/><D8/><U58/><E58/><V22/><F119/><W112/><G112/><T4/><D100/><AGARI ba="0,2" hai="5,6,16,20,24,47,51,53,68,70,71,92,98,100" machi="100" ten="40,5200,0" yaku="1,1,54,1,53,1" doraHai="78" doraHaiUra="13" who="3" fromWho="0" sc="267,-52,143,0,201,0,369,72" /><INIT seed="6,0,0,4,2,53" ten="215,143,201,441" oya="2" hai0="75,55,50,17,58,108,120,38,116,77,16,68,7" hai1="41,76,4,23,64,121,99,89,32,19,98,112,86" hai2="34,36,81,30,44,95,5,67,104,49,9,103,88" hai3="130,69,22,78,27,85,91,31,133,60,79,135,47"/><V119/><F119/><W45/><G130/><T126/><D116/><U110/><E32/><V94/><F36/><W102/><G102/><T51/><D108/><U105/><E110/><V83/><F104/><W26/><G26/><T122/><D38/><U80/><E112/><V43/><F67/><N who="3" m="41191" /><G47/><T15/><D68/><U115/><E115/><V113/><F113/><W70/><G45/><T39/><D39/><U1/><E121/><V128/><F128/><W33/><G22/><T87/><D126/><U118/><E118/><V107/><F107/><W13/><G13/><T111/><D75/><U62/><E105/><V82/><F103/><W124/><G70/><T57/><D111/><U97/><E41/><V84/><F94/><N who="3" m="54639" /><G124/><T92/><D120/><U28/><E28/><V56/><F34/><W14/><G14/><T48/><D122/><U74/><E4/><V59/><REACH who="2" step="1"/><F30/><REACH who="2" ten="215,143,191,441" step="2"/><W8/><G31/><T114/><D114/><U117/><E117/><V54/><F54/><W132/><G33/><T63/><D92/><U2/><E64/><V93/><F93/><W24/><G133/><T100/><D100/><U6/><E6/><V61/><F61/><W127/><G135/><T12/><D7/><U21/><E62/><V72/><F72/><W106/><G106/><T125/><D125/><U71/><E71/><V25/><F25/><W42/><G132/><T123/><D123/><U0/><REACH who="1" step="1"/><E19/><REACH who="1" ten="215,133,191,441" step="2"/><V96/><F96/><W18/><G127/><T3/><D16/><U40/><E40/><V66/><F66/><W109/><G42/><T65/><D17/><U37/><E37/><RYUUKYOKU ba="0,2" sc="215,-15,133,15,191,15,441,-15" hai1="0,1,2,21,23,74,76,80,86,89,97,98,99" hai2="5,9,43,44,49,56,59,81,82,83,84,88,95" /><INIT seed="6,1,2,4,2,96" ten="200,148,206,426" oya="2" hai0="65,127,101,43,10,118,49,100,14,39,56,84,121" hai1="91,92,110,51,115,83,71,72,47,130,69,132,97" hai2="98,129,1,104,5,18,22,109,125,67,117,13,85" hai3="19,119,45,94,23,38,95,4,21,88,113,55,82"/><V107/><F117/><W24/><G119/><T124/><D118/><U33/><E110/><V44/><F109/><W93/><G4/><N who="0" m="3399" /><D121/><U6/><E33/><V111/><F111/><W9/><G9/><T87/><D39/><U126/><E115/><V28/><F28/><N who="3" m="17423" /><G82/><T50/><D127/><U26/><E126/><V29/><F29/><W31/><G38/><T7/><D7/><U35/><E130/><V134/><F134/><W48/><G31/><T106/><D106/><U64/><E132/><V89/><F129/><W99/><G113/><T57/><D124/><U20/><E35/><V2/><F5/><W102/><G88/><T70/><D70/><U32/><E32/><V77/><F77/><W12/><AGARI ba="1,2" hai="12,19,23,45,48,55,93,94,95,99,102" m="17423" machi="12" ten="30,2000,0" yaku="8,1,52,1" doraHai="96" who="3" fromWho="3" sc="200,-6,148,-6,206,-11,426,43" /><INIT seed="7,0,0,4,0,64" ten="194,142,195,469" oya="3" hai0="104,103,97,94,83,14,118,54,108,98,16,93,20" hai1="120,76,31,53,48,4,132,43,23,40,6,110,72" hai2="85,130,56,106,87,34,51,75,19,123,109,71,90" hai3="32,35,45,22,126,33,77,92,1,38,57,27,24"/><W8/><G126/><T44/><D108/><U2/><E110/><V133/><F75/><W122/><G77/><T18/><D118/><U0/><E120/><V116/><F116/><W131/><G92/><N who="0" m="58791" /><D83/><U17/><E132/><V89/><F34/><N who="3" m="13419" /><G57/><T30/><D104/><U113/><E113/><V9/><F130/><W79/><G79/><T95/><D30/><U111/><E111/><V96/><F71/><W37/><G45/><T124/><D124/><U12/><E72/><V36/><F36/><W63/><G63/><T67/><D67/><U88/><E76/><V128/><F128/><W78/><G78/><T84/><D84/><U86/><E31/><V102/><F133/><W3/><G38/><T74/><D18/><U107/><E107/><V61/><F51/><W119/><G37/><T46/><D74/><U115/><E115/><V11/><F19/><N who="3" m="12383" /><G119/><T5/><D5/><U39/><E39/><V7/><F7/><N who="1" m="2601" /><E0/><N who="3" m="74" /><G131/><T15/><D46/><U127/><E2/><V69/><F69/><W68/><G68/><T60/><D98/><U52/><E53/><N who="2" m="33935" /><F109/><W134/><G122/><T82/><D82/><N who="1" m="49239" /><E127/><V55/><F55/><W26/><G134/><T50/><D60/><U125/><E125/><V13/><F123/><W81/><G81/><T28/><D28/><U25/><E25/><AGARI ba="0,0" hai="14,15,16,20,25,44,50,54,93,94,95" m="58791" machi="25" ten="30,2000,0" yaku="8,1,54,1" doraHai="64" who="0" fromWho="1" sc="194,20,142,-20,195,0,469,0" owari="214,1.0,122,-38.0,195,-20.0,469,57.0" /></mjloggm>