<mjloggm ver="2.3"><GO type="169" lobby="0"/><UN n0="%E7%81%AB%E9%9C%8A%E5%A4%A2" n1="%E3%81%82%E3%83%BC%E3%82%8B%E3%81%97%E3%81%A6%E3%83%BC" n2="%E6%9D%B1%E4%BA%AC%E9%9B%BB%E5%8A%9B" n3="%E9%BB%92%E7%8C%AB%E3%81%AE%E3%83%8E%E3%83%B3" dan="17,16,17,16" rate="2275.95,2067.12,2223.19,2066.34" sx="M,M,M,M"/><TAIKYOKU oya="0"/><INIT seed="0,0,0,3,3,34" ten="250,250,250,250" oya="0" hai0="96,115,101,110,8,134,106,131,109,52,126,82,88" hai1="67,74,51,17,23,120,48,47,112,114,16,37,2" hai2="64,27,68,133,73,35,95,66,39,41,12,77,92" hai3="65,55,46,22,76,118,125,18,15,56,6,28,9"/><T44/><D115/><N who="1" m="44075" /><E120/><V127/><F127/><W89/><G125/><T70/><D126/><U91/><E74/><V4/><F133/><W42/><G118/><T20/><D70/><U53/><E67/><V11/><F27/><W90/><G65/><T36/><D134/><U38/><E17/><V5/><F35/><W123/><G123/><T94/><D82/><U33/><E33/><V85/><F5/><W1/><G28/><T78/><D78/><U61/><E61/><V10/><F10/><W108/><G108/><N who="0" m="41579" /><D131/><U97/><E51/><V50/><F50/><W122/><G76/><T79/><D79/><U117/><E117/><V19/><F73/><W14/><G122/><T98/><D36/><U21/><E21/><V124/><F124/><W100/><G22/><T29/><D8/><U43/><E43/><V60/><F41/><W128/><G9/><T107/><D107/><U57/><E57/><V13/><F39/><W31/><G56/><T45/><D52/><U84/><E97/><V69/><F69/><W132/><G55/><T93/><D106/><U0/><E37/><V49/><F49/><W30/><G42/><T54/><D54/><U32/><E32/><V116/><F66/><W80/><G132/><T129/><D129/><U7/><E38/><V87/><F116/><W104/><G128/><T99/><D99/><U83/><E7/><V63/><F63/><W71/><G6/><T25/><AGARI ba="0,0" hai="20,25,29,44,45,88,93,94,96,98,101" m="41579" machi="25" ten="30,6000,0" yaku="14,1,10,1,54,1" doraHai="34" who="0" fromWho="0" sc="250,60,250,-20,250,-20,250,-20" /><INIT seed="0,1,0,2,1,96" ten="310,230,230,230" oya="0" hai0="113,24,23,56,114,65,125,90,6,31,132,3,81" hai1="63,25,8,62,33,18,121,4,74,17,57,16,122" hai2="102,48,94,34,59,100,109,64,38,98,7,75,120" hai3="21,41,124,27,91,28,76,112,88,39,53,69,93"/><T95/><D125/><U71/><E74/><V104/><F38/><W79/><G112/><T36/><D132/><U58/><E71/><V73/><F34/><W110/><G124/><T126/><D126/><U19/><N who="1" m="4096" /><DORA hai="68" /><U26/><E33/><V22/><F22/><W99/><G110/><T107/><D107/><U117/><E117/><V54/><F7/><W103/><G69/><T119/><D119/><U37/><E37/><V2/><F2/><W20/><G53/><T42/><D81/><U12/><E122/><V86/><F120/><W111/><G21/><T9/><D56/><N who="1" m="21611" /><E121/><V130/><F109/><W52/><G111/><T44/><REACH who="0" step="1"/><D65/><REACH who="0" ten="300,230,230,230" step="2"/><U66/><E66/><V29/><F64/><W105/><G52/><T133/><D133/><U14/><E14/><V123/><F54/><W134/><G134/><T118/><D118/><U128/><E128/><V84/><F130/><W87/><REACH who="3" step="1"/><G91/><REACH who="3" ten="300,230,230,220" step="2"/><T67/><D67/><U70/><E70/><V72/><F59/><W135/><G135/><T106/><D106/><U50/><E8/><V32/><F123/><W97/><G97/><AGARI ba="1,2" hai="3,6,9,23,24,31,36,42,44,90,95,97,113,114" machi="97" ten="30,11600,0" yaku="1,1,7,1,52,1,53,1" doraHai="96,68" doraHaiUra="11,43" who="0" fromWho="3" sc="300,139,230,0,230,0,220,-119" /><INIT seed="0,2,0,2,0,77" ten="439,230,230,101" oya="0" hai0="95,98,122,10,101,50,78,43,37,128,89,35,16" hai1="132,108,126,129,67,118,99,19,27,36,134,61,121" hai2="112,102,131,109,8,12,9,127,94,90,23,56,2" hai3="42,29,41,117,7,54,46,74,26,124,30,25,64"/><T70/><D122/><U18/><E118/><V13/><F112/><W44/><G117/><T52/><D128/><U34/><E121/><V82/><F2/><W62/><G7/><T75/><D70/><U103/><E36/><V14/><F109/><W17/><G124/><T71/><D71/><N who="1" m="42479" /><E108/><V0/><F0/><W120/><G120/><T81/><D35/><U96/><E96/><V28/><F127/><W3/><G3/><T47/><D101/><U48/><E48/><V80/><F131/><W133/><G133/><N who="1" m="51306" /><E129/><V6/><F102/><W87/><G74/><T20/><D10/><N who="2" m="4202" /><F56/><W65/><G62/><T59/><D37/><U22/><E126/><V119/><F6/><W91/><G17/><T110/><D110/><U116/><E116/><V88/><F119/><W60/><G60/><T100/><D100/><U83/><E83/><N who="2" m="31787" /><F94/><W85/><G91/><N who="2" m="34857" /><F28/><W107/><REACH who="3" step="1"/><G54/><REACH who="3" ten="439,230,230,91" step="2"/><T104/><D52/><U40/><E19/><AGARI ba="2,1" hai="12,13,14,19,23" m="34857,31787,4202" machi="19" ten="30,8000,1" yaku="8,1,52,3,54,1" doraHai="77" who="2" fromWho="1" sc="439,0,230,-86,230,96,91,0" /><INIT seed="1,0,0,2,1,38" ten="439,144,326,91" oya="1" hai0="23,110,72,95,47,116,2,113,14,76,9,130,52" hai1="133,61,59,127,39,117,24,37,62,108,27,118,12" hai2="84,64,18,86,131,114,4,21,5,44,103,68,0" hai3="1,80,126,57,6,36,89,31,56,77,43,134,46"/><U58/><E12/><V90/><F131/><W111/><G111/><T17/><D113/><U66/><E108/><V98/><F114/><W85/><G134/><T129/><D116/><N who="1" m="44651" /><E27/><V34/><F34/><W135/><G135/><T83/><D110/><U112/><E133/><V101/><F64/><W65/><G126/><T71/><D71/><U32/><E32/><V51/><F68/><W35/><G65/><T105/><D105/><U74/><E74/><V104/><F101/><W20/><G35/><T13/><D2/><U60/><E24/><V10/><F90/><W82/><G20/><T88/><D47/><U125/><E112/><V22/><F5/><W109/><G31/><T78/><D78/><U121/><E121/><V97/><F97/><W28/><G28/><T45/><D45/><U29/><E29/><V63/><F63/><N who="1" m="24137" /><E59/><V30/><F30/><W100/><G100/><T42/><D130/><U3/><E3/><V132/><F132/><W11/><REACH who="3" step="1"/><G109/><REACH who="3" ten="439,144,326,81" step="2"/><T94/><D129/><U40/><E39/><V93/><F22/><W119/><G119/><T128/><D128/><U69/><E69/><V19/><F21/><W123/><G123/><T41/><D23/><U70/><E70/><V106/><F103/><W96/><G96/><T99/><D99/><U7/><E7/><V67/><F4/><W115/><G115/><T107/><D17/><U92/><E92/><V87/><F93/><W25/><G25/><T8/><D94/><U15/><E15/><V33/><F98/><W26/><G26/><T102/><D95/><U122/><E122/><V79/><F33/><RYUUKYOKU ba="0,1" sc="439,-15,144,15,326,-15,81,15" hai1="37,40,58,62,66,125,127" hai3="1,6,11,36,43,46,56,57,77,80,82,85,89" /><INIT seed="1,1,1,2,1,116" ten="424,159,311,96" oya="1" hai0="118,66,127,75,108,7,16,10,123,80,95,53,113" hai1="74,0,40,133,109,3,120,96,84,92,94,58,102" hai2="110,121,24,128,99,79,26,43,28,89,55,35,104" hai3="29,49,22,69,65,2,25,46,107,34,33,62,67"/><U85/><E74/><V130/><F110/><W93/><G107/><T5/><D113/><U11/><E109/><V18/><F43/><W1/><G67/><T90/><D118/><U50/><E133/><V81/><F55/><W17/><G93/><T126/><D108/><U30/><E120/><V111/><F111/><W60/><G60/><T98/><D66/><U59/><E30/><V21/><F121/><W122/><G122/><T76/><D123/><U105/><E105/><V15/><F26/><W14/><REACH who="3" step="1"/><G34/><REACH who="3" ten="424,159,311,86" step="2"/><T78/><D126/><U100/><E96/><V68/><F104/><W88/><G88/><T73/><D127/><U114/><E114/><V87/><F89/><W135/><G135/><T97/><D97/><U117/><E117/><V71/><F99/><W41/><AGARI ba="1,2" hai="1,2,14,17,22,25,29,33,41,46,49,62,65,69" machi="41" ten="20,2700,0" yaku="1,1,0,1,7,1,53,0" doraHai="116" doraHaiUra="112" who="3" fromWho="3" sc="424,-8,159,-14,311,-8,86,50" /><INIT seed="2,0,0,2,3,45" ten="416,145,303,136" oya="2" hai0="53,0,69,54,123,12,126,6,127,131,84,1,16" hai1="115,36,132,43,79,38,100,111,55,26,107,128,98" hai2="46,91,125,22,32,102,95,21,42,52,109,75,78" hai3="10,28,110,51,116,85,105,44,87,71,41,93,68"/><V8/><F32/><W40/><G116/><T96/><D123/><U90/><E115/><V7/><F125/><N who="0" m="47626" /><D69/><U76/><E111/><V134/><F134/><W104/><G110/><T122/><D122/><U25/><E132/><V77/><F102/><W56/><G28/><T23/><D131/><U81/><E128/><V73/><F73/><W5/><G56/><T83/><D96/><U94/><E55/><N who="0" m="21001" /><D6/><U108/><E108/><V65/><F65/><W120/><G68/><T101/><D101/><U20/><E43/><V62/><F109/><W59/><G71/><T64/><D64/><U129/><E129/><V3/><F78/><AGARI ba="0,0" hai="0,1,12,16,23,78,83,84" m="21001,47626" machi="78" ten="30,2000,0" yaku="18,1,54,1" doraHai="45" who="0" fromWho="2" sc="416,20,145,0,303,-20,136,0" /><INIT seed="3,0,0,2,3,101" ten="436,145,283,136" oya="3" hai0="9,111,128,45,42,54,114,4,5,115,97,63,91" hai1="72,85,39,13,24,11,33,133,109,116,106,7,20" hai2="96,30,102,51,95,130,62,113,135,92,31,64,43" hai3="55,121,84,118,41,90,8,78,44,23,87,38,69"/><W108/><G118/><T75/><D75/><U134/><E72/><V67/><F113/><N who="0" m="43018" /><D111/><U19/><E116/><V18/><F135/><N who="1" m="51721" /><E39/><V2/><F2/><W66/><G121/><T59/><D128/><U56/><E56/><V6/><F6/><W68/><G108/><T79/><D79/><U10/><E85/><V46/><F130/><W77/><G84/><T40/><D5/><N who="1" m="3279" /><E109/><V100/><F18/><W29/><G55/><T88/><D97/><U12/><E106/><V126/><F126/><W3/><G66/><N who="2" m="25129" /><F62/><W76/><G3/><N who="0" m="159" /><D40/><U28/><E7/><V1/><F1/><W48/><G38/><AGARI ba="0,0" hai="38,42,45,54,59,63,88,91" m="159,43018" machi="38" ten="30,2000,0" yaku="11,1,54,1" doraHai="101" who="0" fromWho="3" sc="436,20,145,0,283,0,136,-20" /><INIT seed="4,0,0,2,2,75" ten="456,145,283,116" oya="0" hai0="81,15,13,56,125,37,39,36,43,84,52,48,40" hai1="135,70,124,62,103,67,12,19,3,61,80,30,23" hai2="130,11,57,50,99,121,132,49,126,104,68,60,2" hai3="97,59,16,131,18,89,66,22,21,92,91,114,7"/><T4/><D125/><U9/><E135/><V109/><F130/><W94/><G131/><T14/><REACH who="0" step="1"/><D4/><REACH who="0" ten="446,145,283,116" step="2"/><U17/><E124/><V72/><F126/><W34/><G114/><T115/><D115/><U45/><E70/><V134/><F68/><W98/><G7/><T96/><D96/><U108/><E108/><V95/><F99/><W69/><G69/><T46/><D46/><U26/><E45/><V38/><F109/><W25/><G34/><T129/><D129/><U55/><E103/><V86/><F132/><W0/><G0/><T29/><D29/><U31/><E3/><V116/><F134/><W111/><G111/><T5/><D5/><U20/><E30/><V105/><F2/><W32/><G32/><T102/><D102/><U100/><E100/><V73/><F116/><W122/><G122/><T113/><D113/><U117/><E117/><V78/><F121/><W133/><G133/><T112/><D112/><U118/><E118/><V8/><F57/><W65/><REACH who="3" step="1"/><G59/><REACH who="3" ten="446,145,283,106" step="2"/><T53/><D53/><U120/><E55/><V51/><F105/><W101/><G101/><T119/><D119/><U27/><E120/><V58/><F104/><W74/><G74/><T33/><D33/><U83/><E67/><V28/><F73/><W47/><G47/><T123/><D123/><U54/><E54/><V1/><F1/><W6/><G6/><T127/><D127/><U106/><E106/><V63/><F58/><W24/><AGARI ba="0,2" hai="16,18,21,22,24,25,65,66,89,91,92,94,97,98" machi="24" ten="20,16000,3" yaku="1,1,0,1,7,1,32,3,8,1,54,1,53,0" doraHai="75" doraHaiUra="41" who="3" fromWho="3" sc="446,-80,145,-40,283,-40,106,180" /><INIT seed="5,0,0,5,5,135" ten="366,105,243,286" oya="1" hai0="7,57,77,107,47,18,73,61,115,122,23,37,58" hai1="4,42,66,101,104,112,12,82,91,60,128,121,102" hai2="108,16,52,64,68,44,10,113,59,21,114,75,81" hai3="43,132,116,45,106,125,126,130,129,96,76,133,28"/><U123/><E112/><N who="2" m="43115" /><F108/><W85/><G28/><T92/><D107/><U79/><E128/><N who="3" m="49258" /><G116/><T38/><D122/><U97/><E42/><V33/><F33/><W124/><G76/><T111/><D111/><U103/><E4/><V39/><F10/><W71/><G71/><T86/><D73/><N who="1" m="43375" /><E12/><N who="2" m="9351" /><F68/><W36/><G85/><T89/><D115/><U62/><E60/><N who="2" m="35943" /><F64/><W70/><G70/><T0/><D0/><U3/><E66/><V98/><F98/><W9/><G9/><T134/><D7/><U90/><E3/><V5/><F5/><W41/><G41/><T53/><D134/><N who="3" m="51817" /><G96/><T49/><D23/><U131/><E62/><V32/><F32/><W46/><G46/><T15/><D47/><U117/><E131/><V56/><F56/><W127/><G124/><T95/><D58/><U2/><E2/><V72/><F81/><W120/><G106/><T55/><D57/><U48/><E117/><V50/><F39/><W87/><G87/><T54/><D37/><U83/><E48/><V8/><F8/><W88/><G88/><N who="1" m="33834" /><E83/><V99/><F50/><W35/><G35/><T119/><D38/><U17/><E17/><V51/><F51/><W100/><G100/><AGARI ba="0,0" hai="97,100,101,102,103,104,121,123" m="33834,43375" machi="100" ten="30,5800,0" yaku="34,2,54,1" doraHai="135" who="1" fromWho="3" sc="366,0,105,58,243,0,286,-58" /><INIT seed="5,1,0,0,5,75" ten="366,163,243,228" oya="1" hai0="82,55,30,108,14,16,72,113,84,66,124,25,69" hai1="31,107,118,10,87,120,112,100,35,7,103,38,132" hai2="86,77,95,18,94,115,50,70,12,88,21,123,26" hai3="133,4,39,15,45,8,106,76,126,83,1,63,23"/><U109/><E118/><V80/><F123/><W114/><G106/><T32/><D108/><U3/><E120/><V93/><F70/><W33/><G33/><T98/><D72/><U5/><E109/><V64/><F115/><W119/><G114/><T74/><D113/><U2/><E112/><V6/><F64/><W85/><G119/><T49/><D74/><U130/><E130/><V135/><F135/><W58/><G133/><T60/><D124/><U27/><E132/><V17/><F50/><W62/><G126/><T105/><D98/><U0/><E87/><N who="2" m="48527" /><F6/><W81/><G81/><T67/><D105/><U24/><E24/><V11/><AGARI ba="1,0" hai="11,12,17,18,21,26,86,88,93,94,95" m="48527" machi="11" ten="30,4000,0" yaku="8,1,52,1,54,1" doraHai="75" who="2" fromWho="2" sc="366,-11,163,-21,243,43,228,-11" /><INIT seed="6,0,0,1,5,14" ten="355,142,286,217" oya="2" hai0="123,1,81,126,66,102,29,32,3,125,50,16,0" hai1="62,89,57,44,73,112,52,70,86,88,37,36,105" hai2="101,38,109,118,19,42,79,110,132,11,30,6,53" hai3="103,98,51,131,60,72,54,31,93,90,83,35,33"/><V129/><F101/><W107/><G131/><T95/><D123/><U119/><E119/><V63/><F79/><W9/><G60/><T12/><D66/><U15/><E73/><V115/><F53/><W48/><G9/><T76/><D50/><U74/><E74/><V96/><F96/><W114/><G114/><T134/><D134/><U56/><E105/><V133/><F63/><W47/><G31/><T34/><D29/><U75/><E75/><V27/><F42/><W122/><G122/><T58/><D58/><U80/><E70/><V4/><F38/><W77/><REACH who="3" step="1"/><G48/><REACH who="3" ten="355,142,286,207" step="2"/><T22/><D125/><U108/><E108/><V130/><F115/><W20/><G20/><T17/><D126/><U49/><E112/><V100/><F30/><W87/><AGARI ba="0,1" hai="33,35,47,51,54,72,77,83,87,90,93,98,103,107" machi="87" ten="20,12000,2" yaku="1,1,0,1,7,1,24,2,53,1" doraHai="14" doraHaiUra="82" who="3" fromWho="3" sc="355,-30,142,-30,286,-60,207,130" /><INIT seed="7,0,0,5,4,58" ten="325,112,226,337" oya="3" hai0="61,14,127,32,65,40,88,74,7,129,19,35,47" hai1="82,45,135,17,21,108,118,38,114,122,34,0,73" hai2="30,29,94,84,13,1,93,63,5,36,96,89,12" hai3="4,44,98,57,117,109,59,107,23,90,126,128,113"/><W102/><G117/><T120/><D120/><U131/><E45/><V116/><F36/><W104/><G104/><T132/><D74/><U133/><E82/><V86/><F1/><W18/><G113/><T28/><D7/><U25/><E25/><V50/><F116/><W111/><G128/><T105/><D105/><U124/><E17/><V37/><F37/><W123/><G123/><T60/><D129/><U46/><E21/><V103/><F50/><W56/><G126/><T20/><D127/><U112/><E46/><V41/><F41/><W62/><G44/><T76/><D76/><U99/><E99/><V83/><F63/><W121/><G4/><T51/><D132/><U2/><E112/><V43/><F43/><W92/><G62/><T81/><D28/><N who="2" m="10858" /><F5/><W85/><REACH who="3" step="1"/><G121/><REACH who="3" ten="325,112,226,327" step="2"/><T72/><D61/><U70/><E133/><V26/><F26/><AGARI ba="0,1" hai="18,23,26,56,57,59,85,90,92,98,102,107,109,111" machi="26" ten="40,3900,0" yaku="1,1,2,1,53,0" doraHai="58" doraHaiUra="79" who="3" fromWho="2" sc="325,0,112,0,226,-39,327,49" owari="325,13.0,112,-39.0,187,-21.0,376,47.0" /></mjloggm>