<mjloggm ver="2.3"><GO type="185" lobby="0"/><UN n0="%E8%B6%85%E7%B5%B6%E5%82%99%E9%95%B7%E7%82%AD" n1="%E7%99%BE%E7%80%AC%E6%BD%A4" n2="%E3%83%84%E3%83%BC%E3%82%A2%E3%82%A6%E3%83%88" n3="" dan="16,16,16,0" rate="2086.63,2207.86,2218.75,1500.00" sx="M,M,M,C"/><TAIKYOKU oya="0"/><INIT seed="0,0,0,4,1,61" ten="350,350,350,0" oya="0" hai0="47,33,111,67,89,101,37,113,86,128,90,132,84" hai1="57,97,69,79,77,83,35,105,40,107,98,49,94" hai2="78,96,0,123,39,87,75,95,91,93,100,46,124" hai3=""/><T131/><D33/><U62/><E35/><V135/><N who="2" m="31520" /><V54/><F0/><T56/><D113/><U59/><E69/><V66/><F124/><T51/><D101/><U121/><N who="1" m="31008" /><U81/><E40/><V88/><F135/><T126/><D132/><U65/><E49/><V110/><F110/><T55/><D126/><U72/><E57/><V38/><F66/><T108/><D37/><U118/><E118/><V115/><F115/><T42/><D67/><U63/><E63/><V68/><F68/><T2/><D2/><U106/><REACH who="1" step="1"/><E94/><REACH who="1" ten="350,340,350,0" step="2"/><V41/><F38/><T43/><D56/><U1/><E1/><V99/><F54/><T73/><D55/><U117/><E117/><V125/><F125/><T32/><D32/><U3/><E3/><V85/><F39/><T112/><D112/><U134/><E134/><V120/><N who="2" m="30752" /><V74/><F41/><T71/><D71/><U44/><E44/><V102/><F46/><T114/><D114/><U70/><E70/><V36/><F36/><T127/><D127/><U50/><E50/><V133/><F133/><T48/><D47/><U116/><E116/><V34/><F34/><T58/><D58/><U82/><E82/><V53/><F53/><T52/><D52/><RYUUKYOKU ba="0,1" sc="350,0,340,0,350,0,0,0" hai0="42,43,48,51,73,84,86,89,90,108,111,128,131" hai1="59,62,65,72,77,79,81,83,97,98,105,106,107" hai2="74,75,78,85,87,88,91,93,95,96,99,100,102" /><INIT seed="0,1,1,3,0,114" ten="350,340,350,0" oya="0" hai0="78,120,57,68,124,56,98,35,47,53,101,104,128" hai1="117,135,86,52,66,90,61,80,85,36,122,38,2" hai2="71,129,110,93,92,37,113,43,3,89,130,109,105" hai3=""/><T119/><N who="0" m="30752" /><T99/><D68/><U91/><N who="1" m="31264" /><U108/><E2/><V81/><F71/><T54/><D35/><U34/><E34/><V102/><F3/><T70/><D70/><U65/><E117/><V48/><F37/><T60/><D47/><U33/><E33/><V127/><F43/><T59/><D119/><U32/><E32/><V121/><N who="2" m="31008" /><V44/><F44/><T1/><D1/><U116/><E116/><V118/><F48/><T83/><D124/><U82/><E108/><N who="2" m="41579" /><F118/><T45/><D99/><U76/><E135/><V133/><F133/><T100/><D100/><U84/><E36/><V51/><F51/><T42/><D128/><N who="2" m="49258" /><F113/><T134/><D134/><U88/><E38/><V40/><F40/><T63/><D42/><U126/><E126/><V50/><F50/><T132/><D45/><U94/><REACH who="1" step="1"/><E76/><REACH who="1" ten="350,330,350,0" step="2"/><V125/><F125/><T39/><D39/><U74/><E74/><V96/><F127/><T67/><D132/><U97/><E97/><V131/><F131/><T115/><D115/><U62/><E62/><V58/><F58/><AGARI ba="1,2" hai="52,58,61,65,66,80,82,84,85,86,88,90,91,94" m="31264" machi="58" ten="40,12000,2" yaku="1,1,9,1,8,1,52,1,54,2,53,1" doraHai="114" doraHaiUra="55" who="1" fromWho="2" sc="350,0,330,142,350,-122,0,0" /><INIT seed="1,0,0,5,0,37" ten="350,472,228,0" oya="1" hai0="78,69,89,57,34,91,117,115,64,110,58,75,113" hai1="98,129,128,126,73,135,53,54,36,120,63,102,50" hai2="35,90,62,88,106,52,65,118,72,44,124,103,85" hai3=""/><U83/><N who="1" m="30752" /><U49/><E36/><V77/><F35/><T43/><D34/><U82/><E135/><V84/><F118/><T109/><D69/><U45/><E63/><V93/><F124/><T112/><D117/><U131/><E73/><V134/><F134/><T61/><D58/><U95/><REACH who="1" step="1"/><E126/><REACH who="1" ten="350,462,228,0" step="2"/><V38/><F72/><T76/><D75/><U132/><E132/><V94/><F77/><T111/><D78/><U3/><E3/><V108/><F108/><T104/><D76/><U125/><E125/><V60/><F38/><T105/><D113/><U107/><E107/><V39/><F39/><T71/><D105/><U51/><E51/><V81/><F106/><T1/><D104/><U56/><AGARI ba="0,1" hai="45,49,50,53,54,56,82,83,95,98,102,128,129,131" m="30752" machi="56" ten="30,7800,0" yaku="1,1,0,1,19,1,52,1,53,0" doraHai="37" doraHaiUra="74" who="1" fromWho="1" sc="350,-39,462,88,228,-39,0,0" /><INIT seed="1,1,0,3,5,113" ten="311,550,189,0" oya="1" hai0="68,105,130,75,127,134,48,133,55,102,110,64,122" hai1="36,97,49,44,62,0,88,132,65,112,67,103,125" hai2="89,81,114,99,120,118,73,98,41,57,38,106,71" hai3=""/><U39/><E112/><V123/><N who="2" m="30752" /><V119/><N who="2" m="31520" /><V83/><F71/><T76/><N who="0" m="31264" /><T56/><D102/><U51/><E0/><V93/><F41/><T100/><D100/><U86/><E125/><V58/><F38/><T1/><D105/><U107/><E132/><N who="0" m="50793" /><D1/><U42/><E36/><V128/><F114/><T121/><N who="0" m="31008" /><T63/><D127/><U54/><E62/><V129/><F57/><T3/><D3/><U32/><E39/><V131/><F58/><T61/><D110/><U69/><E69/><V115/><F115/><T82/><D130/><U108/><E108/><V104/><F73/><T78/><D78/><U45/><REACH who="1" step="1"/><E32/><REACH who="1" ten="311,540,189,0" step="2"/><V46/><F46/><T2/><D2/><U60/><E60/><AGARI ba="1,1" hai="48,55,56,60,61,63,64,68,75,76,82" m="31008,50793,31264" machi="60" ten="30,3900,0" yaku="20,1,52,2" doraHai="113" who="0" fromWho="1" sc="311,51,540,-41,189,0,0,0" /><INIT seed="2,0,0,3,4,72" ten="362,499,189,0" oya="2" hai0="98,96,0,46,101,48,57,44,111,64,87,75,59" hai1="89,47,35,124,1,49,132,122,104,97,50,43,112" hai2="85,119,103,38,42,69,88,54,90,3,56,114,128" hai3=""/><V34/><F3/><T32/><D75/><U83/><N who="1" m="31264" /><U79/><E112/><V135/><F34/><T37/><D32/><U74/><E35/><V71/><F119/><T95/><D0/><U106/><E124/><V118/><F118/><T70/><D70/><U45/><E132/><V82/><F135/><T99/><D101/><U58/><E58/><V39/><F114/><T41/><D64/><U125/><E125/><V131/><F103/><T94/><D111/><U78/><E78/><V40/><F90/><T129/><D129/><N who="2" m="49738" /><F69/><T55/><D95/><U2/><E106/><V107/><F107/><T67/><D67/><U76/><E104/><V65/><F65/><T51/><D37/><N who="2" m="13834" /><F71/><T66/><D66/><U133/><E133/><V100/><F100/><T116/><D116/><U127/><E127/><V84/><F84/><T120/><N who="0" m="30752" /><T52/><D87/><U68/><E68/><V60/><AGARI ba="0,0" hai="40,42,54,56,60,82,85,88" m="13834,49738" machi="60" ten="30,2000,0" yaku="19,1,54,1" doraHai="72" who="2" fromWho="2" sc="362,-10,499,-10,189,20,0,0" /><INIT seed="2,1,0,5,5,78" ten="352,489,209,0" oya="2" hai0="101,49,92,65,96,118,97,42,104,119,112,0,110" hai1="86,82,115,90,117,47,64,100,73,128,132,39,79" hai2="37,108,81,54,91,63,116,69,50,43,34,40,1" hai3=""/><V133/><F34/><T72/><D72/><U51/><E115/><V68/><F1/><T111/><D112/><U122/><N who="1" m="31264" /><U95/><E132/><V99/><F116/><T129/><D65/><U2/><E2/><V66/><F133/><T114/><D114/><U131/><E117/><V84/><F108/><N who="0" m="41514" /><D0/><U53/><E64/><V33/><F33/><T62/><D62/><U75/><E39/><V103/><F37/><T36/><D36/><U60/><E60/><V120/><N who="2" m="30752" /><V76/><F76/><T123/><N who="0" m="31520" /><T59/><D129/><N who="1" m="49739" /><E100/><V125/><F125/><T109/><D109/><U85/><AGARI ba="1,0" hai="47,51,53,73,75,79,82,85,86,90,95" m="49739,31264" machi="85" ten="30,3000,0" yaku="19,1,52,2" doraHai="78" who="1" fromWho="1" sc="352,-11,489,32,209,-21,0,0" /><INIT seed="4,0,0,5,1,95" ten="341,521,188,0" oya="0" hai0="100,1,42,41,72,133,60,83,113,78,126,63,80" hai1="118,75,49,89,132,62,44,105,123,124,111,37,97" hai2="68,38,52,64,0,131,117,50,55,85,54,79,39" hai3=""/><T3/><D113/><U109/><N who="1" m="31520" /><U128/><E118/><V34/><F0/><T36/><D126/><U102/><E124/><V73/><F73/><T107/><D133/><U35/><E35/><V47/><F85/><T67/><D63/><U106/><E106/><V32/><F79/><T88/><D42/><U110/><E128/><V125/><F32/><T82/><D41/><U116/><E37/><N who="2" m="13835" /><F34/><T92/><D36/><U65/><E132/><V74/><F74/><T45/><D45/><U93/><E75/><V56/><F125/><T114/><D114/><U120/><N who="1" m="30752" /><U46/><E116/><V87/><F87/><T115/><D115/><U84/><REACH who="1" step="1"/><E49/><REACH who="1" ten="341,511,188,0" step="2"/><V77/><F117/><T2/><D72/><U127/><E127/><V96/><F131/><T130/><D130/><U58/><AGARI ba="0,1" hai="44,46,58,62,65,84,89,93,97,102,105,109,110,111" m="30752,31520" machi="58" ten="30,9000,2" yaku="1,1,0,1,52,3,53,1" doraHai="95" doraHaiUra="61" who="1" fromWho="1" sc="341,-60,511,100,188,-30,0,0" /><INIT seed="5,0,0,4,0,104" ten="281,611,158,0" oya="1" hai0="44,110,71,49,128,81,77,53,63,126,85,93,62" hai1="1,37,99,90,92,66,42,86,39,113,82,3,79" hai2="68,73,2,46,60,61,124,89,34,74,117,130,88" hai3=""/><U48/><E113/><V94/><F2/><T45/><D110/><U91/><E37/><V83/><F34/><T98/><D126/><U51/><E39/><V43/><F117/><T78/><D128/><U65/><E65/><V114/><F124/><T107/><D107/><U134/><E134/><V69/><F114/><T64/><D63/><U133/><E133/><V72/><F130/><T127/><D127/><U121/><N who="1" m="31008" /><U75/><E66/><V84/><F61/><T33/><D33/><U120/><N who="1" m="30752" /><U108/><E108/><V38/><REACH who="2" step="1"/><F60/><REACH who="2" ten="281,611,148,0" step="2"/><T115/><D115/><U109/><E109/><V0/><F0/><T47/><D78/><U40/><E79/><V125/><F125/><T129/><D129/><U132/><E132/><V36/><F36/><T52/><D53/><U135/><E40/><V105/><F105/><T70/><D71/><U106/><E42/><V100/><F100/><AGARI ba="0,1" hai="44,45,47,49,52,62,64,70,77,81,85,93,98,100" machi="100" ten="30,2000,0" yaku="7,1,54,1" doraHai="104" who="0" fromWho="2" sc="281,30,611,0,148,-20,0,0" /><INIT seed="6,0,0,0,0,122" ten="311,611,128,0" oya="2" hai0="131,86,50,77,121,74,105,118,63,111,85,132,101" hai1="72,135,125,45,33,108,71,87,123,100,95,46,78" hai2="43,116,35,96,91,94,113,124,79,67,69,133,53" hai3=""/><V57/><F35/><T81/><N who="0" m="31008" /><T52/><D118/><U37/><N who="1" m="31520" /><U3/><E108/><V73/><F116/><T51/><D111/><U42/><E3/><V89/><F113/><T120/><N who="0" m="30752" /><T38/><D38/><U93/><E71/><V107/><F124/><T47/><D63/><U97/><E72/><V44/><F133/><T64/><D64/><U68/><E68/><V84/><F107/><T83/><D132/><U54/><E33/><V114/><F114/><T88/><D101/><U102/><E125/><V98/><F67/><T75/><D105/><U49/><E78/><V39/><F69/><T60/><D60/><U112/><E112/><V32/><F32/><T59/><D131/><U119/><E119/><V117/><F117/><T110/><D110/><U48/><E37/><V41/><F41/><AGARI ba="0,0" hai="41,47,50,51,52,59,74,75,77,81,83,85,86,88" m="30752,31008" machi="41" ten="30,8000,1" yaku="7,1,52,2,54,2" doraHai="122" who="0" fromWho="2" sc="311,80,611,0,128,-80,0,0" owari="391,-1.0,611,56.0,48,-55.0,0,0.0" /></mjloggm>