<mjloggm ver="2.3"><GO type="169" lobby="0"/><UN n0="%E3%81%97%E3%82%89%E3%81%84%E3%81%97%E3%81%BE%E3%81%84" n1="%40%E5%AD%98%E5%9C%A8%E4%BE%A1%E5%80%A4%30%E4%BA%BA%E9%96%93" n2="%2D%E8%B1%8A%E5%8F%A3%E3%82%81%E3%81%90%E3%81%BF%2D" n3="%6D%69%6B%65%69%6E%75" dan="17,16,17,16" rate="2290.21,2091.47,2236.06,2141.52" sx="M,F,F,M"/><TAIKYOKU oya="0"/><INIT seed="0,0,0,1,3,59" ten="250,250,250,250" oya="0" hai0="119,112,56,55,67,97,9,40,92,47,98,49,28" hai1="113,76,4,70,13,3,125,36,5,64,117,120,61" hai2="39,62,84,83,134,121,69,42,99,15,37,110,63" hai3="123,50,81,82,79,22,102,104,90,57,43,0,85"/><T20/><D112/><U111/><E120/><V93/><F121/><W94/><G0/><T19/><D119/><U75/><E117/><V72/><F72/><W12/><G123/><T133/><D133/><U54/><E111/><V1/><F1/><W46/><G104/><T80/><D9/><U52/><E125/><V131/><F110/><W11/><G22/><T60/><D28/><U29/><E3/><V35/><F35/><W96/><G57/><T51/><D80/><U2/><E2/><V107/><F107/><W127/><G127/><T16/><D20/><U115/><E36/><V108/><F108/><W106/><G106/><T24/><D24/><U78/><E29/><V71/><F131/><W128/><G128/><T126/><D98/><U8/><E5/><V114/><F114/><N who="1" m="43529" /><E75/><V135/><F15/><W26/><G81/><T6/><D6/><U66/><E66/><V73/><F73/><W7/><REACH who="3" step="1"/><G26/><REACH who="3" ten="250,250,250,240" step="2"/><T132/><D126/><U34/><E34/><V58/><F58/><W41/><G41/><T130/><D130/><U101/><E101/><AGARI ba="0,1" hai="7,11,12,43,46,50,79,82,85,90,94,96,101,102" machi="101" ten="40,8000,1" yaku="1,1,25,2,8,1,53,0" doraHai="59" doraHaiUra="68" who="3" fromWho="1" sc="250,0,250,-80,250,0,240,90" /><INIT seed="1,0,0,5,1,115" ten="250,170,250,330" oya="1" hai0="113,10,109,55,62,6,135,39,128,46,27,97,8" hai1="118,89,48,30,29,88,75,9,50,18,22,23,124" hai2="43,130,114,74,7,60,61,132,41,4,68,67,25" hai3="63,71,90,64,2,15,79,101,16,3,1,53,111"/><U83/><E124/><V84/><F74/><W108/><G101/><T119/><D113/><U122/><E122/><V36/><F114/><W13/><G79/><T87/><D109/><U78/><E9/><V105/><F105/><W11/><G90/><T0/><D128/><U96/><E118/><V82/><F130/><W81/><G81/><T35/><D119/><U59/><E96/><V40/><F36/><W77/><G77/><T129/><D135/><U93/><E59/><V24/><F132/><W126/><G126/><T86/><D129/><U49/><E23/><V94/><F94/><W104/><G104/><T28/><D8/><U123/><E123/><V58/><F4/><W47/><G15/><T45/><D97/><U103/><E103/><V98/><F7/><W112/><G112/><T33/><D33/><U12/><REACH who="1" step="1"/><E93/><REACH who="1" ten="250,160,250,330" step="2"/><V69/><F98/><W85/><G111/><T34/><D34/><U52/><E52/><V106/><F106/><W72/><G108/><T107/><D107/><U44/><E44/><V56/><F69/><W5/><G53/><T100/><D100/><U51/><E51/><V32/><F32/><W80/><G47/><T91/><D46/><U125/><E125/><V31/><F68/><W131/><G131/><T121/><D121/><U127/><E127/><V14/><F58/><W110/><G110/><T65/><D55/><U99/><E99/><V92/><F92/><W38/><G38/><T117/><D117/><U66/><E66/><V21/><F61/><W95/><G95/><T133/><D39/><U57/><E57/><V70/><F70/><RYUUKYOKU ba="0,1" sc="250,-10,160,30,250,-10,330,-10" hai1="12,18,22,29,30,48,49,50,75,78,83,88,89" /><INIT seed="1,1,1,4,3,37" ten="240,190,240,320" oya="1" hai0="96,75,92,17,120,103,52,27,42,54,65,104,45" hai1="47,119,72,55,9,106,15,11,33,71,34,108,110" hai2="79,63,64,28,36,125,16,49,41,5,98,78,21" hai3="126,90,19,62,8,24,85,44,73,25,116,109,84"/><U40/><E119/><V68/><F28/><W0/><G73/><T133/><D75/><U61/><E106/><V56/><F5/><W123/><G123/><T39/><D120/><U101/><E101/><V3/><F3/><W87/><G0/><T57/><D133/><U67/><E55/><N who="2" m="31855" /><F98/><W113/><G116/><T118/><D118/><U20/><E20/><V121/><F125/><W80/><G126/><T6/><D6/><N who="1" m="3511" /><E11/><V129/><F129/><W107/><G107/><T95/><D65/><U23/><E23/><V122/><F122/><W114/><G8/><T111/><D54/><U38/><E72/><V32/><F32/><W99/><G19/><T97/><D111/><N who="1" m="42539" /><E33/><V14/><F121/><W105/><G105/><T66/><D66/><U91/><E34/><V132/><F132/><W127/><G127/><T18/><D27/><U112/><E112/><V135/><F135/><W93/><G109/><T10/><D10/><U83/><E91/><V30/><F30/><W13/><G25/><T48/><D104/><U4/><E4/><V81/><F81/><AGARI ba="1,1" hai="38,40,47,61,67,71,81,83" m="42539,3511" machi="81" ten="30,5800,0" yaku="14,1,10,1,52,1" doraHai="37" who="1" fromWho="2" sc="240,0,190,71,240,-61,320,0" /><INIT seed="1,2,0,2,1,0" ten="240,261,179,320" oya="1" hai0="118,67,61,18,9,82,63,83,32,75,21,56,33" hai1="115,30,93,102,101,64,39,110,73,108,125,43,116" hai2="119,14,133,92,109,15,5,36,42,13,112,130,46" hai3="27,123,53,76,24,74,57,54,79,35,71,69,122"/><U16/><E115/><V65/><F119/><W131/><G35/><T88/><D118/><U2/><E116/><V7/><F109/><N who="1" m="42089" /><E73/><V22/><F112/><W49/><G74/><T132/><D132/><U19/><E30/><V120/><F120/><W113/><G113/><T85/><D75/><U105/><E105/><V135/><F130/><W11/><G11/><T111/><D111/><U50/><E39/><V62/><F92/><W81/><G81/><T51/><D83/><U104/><E104/><V95/><F22/><W66/><G49/><T20/><D33/><U58/><E93/><V3/><F95/><W40/><G57/><T29/><D32/><U52/><E125/><V44/><F44/><W77/><G66/><T41/><D29/><U37/><E2/><V28/><F28/><W99/><G131/><T80/><D80/><U1/><E1/><V78/><F78/><W4/><G77/><T25/><D67/><U38/><E64/><V84/><F84/><W34/><G34/><T8/><D82/><U128/><E128/><V26/><F26/><W47/><G79/><T68/><D25/><U106/><E38/><V134/><REACH who="2" step="1"/><F3/><REACH who="2" ten="240,261,169,320" step="2"/><W48/><G76/><T23/><D85/><U6/><E106/><V90/><F90/><W10/><G27/><T60/><D88/><U103/><E37/><V70/><AGARI ba="2,1" hai="5,7,13,14,15,36,42,46,62,65,70,133,134,135" machi="70" ten="40,8000,1" yaku="1,1,0,1,20,1,52,2,53,0" doraHai="0" doraHaiUra="98" who="2" fromWho="2" sc="240,-22,261,-42,169,96,320,-22" /><INIT seed="2,0,0,3,3,133" ten="218,219,265,298" oya="2" hai0="134,52,83,99,0,105,68,17,86,94,37,19,46" hai1="42,21,97,15,90,50,20,36,75,87,124,100,82" hai2="122,84,25,123,126,12,31,43,106,125,89,121,91" hai3="26,76,128,77,117,44,32,48,64,74,114,66,41"/><V10/><F106/><W47/><G117/><T110/><D134/><U129/><E36/><V120/><F43/><W111/><G114/><T24/><D110/><U115/><E115/><V18/><N who="2" m="30720" /><DORA hai="116" /><V14/><F14/><W11/><G111/><T73/><D68/><U1/><E20/><V53/><F53/><W6/><G47/><T54/><D73/><U62/><E21/><V119/><F119/><W61/><G74/><T80/><D80/><U4/><E90/><V67/><F67/><W35/><G66/><T113/><D113/><U34/><E87/><V81/><REACH who="2" step="1"/><F91/><REACH who="2" ten="218,219,255,298" step="2"/><W104/><G104/><T2/><D54/><U9/><E15/><V112/><F112/><W29/><G64/><T103/><D52/><U98/><E42/><V88/><F88/><W57/><G41/><T56/><D105/><U5/><E5/><V22/><AGARI ba="0,1" hai="10,12,18,22,25,31,81,84,89,125,126" m="30720" machi="22" ten="60,36000,4" yaku="1,1,0,1,52,6,53,4" doraHai="133,116" doraHaiUra="118,72" who="2" fromWho="2" sc="218,-120,219,-120,255,370,298,-120" /><INIT seed="2,1,0,1,4,83" ten="98,99,625,178" oya="2" hai0="116,22,112,34,125,128,59,91,46,6,90,35,37" hai1="105,2,8,20,31,60,30,113,114,88,42,108,38" hai2="54,48,89,15,25,19,119,63,72,77,64,18,57" hai3="76,21,29,55,95,51,110,127,13,84,96,133,103"/><V106/><F119/><W10/><G110/><T135/><D112/><U79/><E79/><V97/><F77/><W94/><G133/><T104/><D104/><U3/><E105/><V123/><F72/><W45/><G127/><T132/><D125/><U66/><E108/><V17/><F123/><W102/><G29/><T32/><D128/><U69/><E42/><V124/><F124/><W67/><G67/><T33/><D6/><U43/><E43/><V111/><F111/><W86/><G21/><T61/><D22/><U129/><E38/><V41/><F41/><W107/><G107/><T115/><D115/><U52/><E129/><V62/><F25/><W74/><G74/><T23/><D34/><U40/><E40/><V24/><F24/><W98/><G76/><T71/><D71/><U126/><E126/><V85/><F15/><W117/><G117/><T78/><D78/><U81/><E3/><V44/><F63/><W87/><G86/><T122/><D122/><U118/><E31/><V50/><F50/><W101/><G101/><T47/><D37/><U58/><E118/><V26/><F26/><W68/><G68/><T82/><D116/><U16/><E30/><V65/><F65/><W36/><G36/><T130/><D130/><U9/><E2/><V120/><F120/><W0/><G0/><T99/><D61/><N who="1" m="36039" /><E114/><V4/><F4/><AGARI ba="1,0" hai="4,10,13,45,51,55,84,87,94,95,96,98,102,103" machi="4" ten="30,8000,1" yaku="7,1,9,1,8,1,52,2" doraHai="83" who="3" fromWho="2" sc="98,0,99,0,625,-83,178,83" /><INIT seed="3,0,0,0,5,40" ten="98,99,542,261" oya="3" hai0="7,43,119,115,85,51,104,11,57,108,39,79,98" hai1="47,63,111,131,114,80,54,81,26,129,66,122,65" hai2="10,102,105,36,49,113,9,0,25,73,121,126,16" hai3="120,89,23,82,59,1,31,48,29,100,52,101,128"/><W46/><G1/><T5/><D119/><U135/><E122/><V71/><F36/><W94/><G128/><T13/><D108/><U96/><E114/><V84/><F73/><W69/><G69/><T68/><D68/><U41/><E111/><V3/><F71/><W18/><G82/><T53/><D115/><U88/><E135/><V110/><F113/><W24/><G120/><T72/><D72/><U15/><E26/><V22/><F110/><W103/><G59/><T38/><D7/><U117/><E15/><V95/><F121/><W32/><G32/><T6/><D6/><U132/><E132/><V75/><F75/><W99/><AGARI ba="0,0" hai="18,23,24,29,31,46,48,52,89,94,99,100,101,103" machi="99" ten="30,11700,0" yaku="0,1,8,1,52,1,54,1" doraHai="40" who="3" fromWho="3" sc="98,-39,99,-39,542,-39,261,117" /><INIT seed="3,1,0,3,4,41" ten="59,60,503,378" oya="3" hai0="97,113,30,22,12,125,3,59,74,84,10,90,69" hai1="37,2,89,87,48,132,40,94,15,75,29,102,55" hai2="121,92,129,31,26,25,13,85,21,63,135,123,70" hai3="122,82,78,14,34,134,118,33,71,130,115,112,53"/><W54/><G71/><T44/><D69/><U117/><E2/><V51/><F135/><W126/><G122/><N who="2" m="46601" /><F129/><W42/><G118/><T45/><D74/><U35/><E75/><V57/><F51/><W91/><G130/><T116/><D116/><U5/><E102/><V95/><F70/><W6/><G134/><T76/><D125/><U68/><E15/><V119/><F119/><W72/><G126/><T39/><D39/><U104/><E89/><V106/><F106/><W109/><G33/><T38/><D38/><U62/><E29/><N who="2" m="17583" /><F13/><W107/><G34/><T49/><D3/><U114/><E35/><N who="2" m="20983" /><F85/><W93/><G107/><T110/><D49/><U56/><E87/><V131/><F131/><W60/><G42/><T1/><D84/><U16/><E40/><V0/><F0/><W83/><G14/><T65/><D1/><U17/><E104/><V80/><F80/><W67/><G83/><T23/><D12/><U124/><E124/><V73/><F73/><W96/><G6/><T47/><D97/><U46/><E5/><V108/><F108/><W52/><G109/><T101/><D110/><U79/><E132/><V8/><F8/><W100/><G100/><T128/><D101/><U18/><E117/><V98/><F98/><W27/><G27/><T7/><D128/><U61/><E68/><V11/><F11/><W19/><G19/><T64/><D10/><U24/><E24/><V127/><F127/><W58/><AGARI ba="1,0" hai="52,53,54,58,60,67,72,78,82,91,93,96,112,115" machi="58" ten="30,3000,0" yaku="0,1,54,1" doraHai="41" who="3" fromWho="3" sc="59,-11,60,-11,503,-11,378,33" /><INIT seed="3,2,0,1,1,128" ten="48,49,492,411" oya="3" hai0="17,40,90,32,95,89,19,127,48,86,29,131,41" hai1="37,110,44,120,60,62,15,126,53,121,81,3,57" hai2="93,65,16,66,8,116,69,14,84,87,88,79,9" hai3="38,133,28,115,98,6,100,118,129,7,67,46,112"/><W74/><G74/><T52/><D131/><U122/><E3/><V10/><F116/><W99/><G118/><T108/><D108/><U2/><E2/><V83/><REACH who="2" step="1"/><F69/><REACH who="2" ten="48,49,482,411" step="2"/><W101/><G129/><T31/><D127/><U49/><E126/><V111/><F111/><W51/><G112/><T132/><D32/><U63/><E110/><V80/><F80/><W25/><G115/><T68/><D68/><U113/><E113/><V4/><F4/><W35/><G38/><T55/><D95/><U124/><E124/><V94/><F94/><W91/><G7/><T12/><D12/><U85/><E37/><V5/><F5/><W107/><G6/><T34/><D34/><U135/><E15/><V73/><F73/><W106/><G67/><AGARI ba="2,1" hai="8,9,10,14,16,65,66,67,79,83,84,87,88,93" machi="67" ten="40,8000,1" yaku="1,1,8,1,54,2,53,0" doraHai="128" doraHaiUra="109" who="2" fromWho="3" sc="48,0,49,0,482,96,411,-86" /><INIT seed="4,0,0,2,3,118" ten="48,49,578,325" oya="0" hai0="123,65,117,102,42,68,41,111,124,90,60,72,79" hai1="98,80,121,29,104,31,35,16,58,120,64,133,39" hai2="130,89,50,92,115,81,125,23,57,25,134,97,70" hai3="22,10,32,85,77,19,47,129,9,107,87,55,52"/><T51/><D117/><U30/><E39/><V116/><F70/><W49/><G32/><T75/><D124/><U113/><E35/><V5/><F116/><W0/><G107/><T126/><D126/><U43/><E43/><V122/><F122/><W63/><G129/><T46/><D123/><U2/><E2/><V8/><F125/><W27/><G0/><T84/><D102/><U88/><E133/><V45/><F130/><W108/><G108/><T14/><D111/><U105/><E105/><V109/><F109/><W82/><G87/><T127/><D127/><U74/><E113/><V114/><F57/><AGARI ba="0,0" hai="9,10,19,22,27,47,49,52,55,57,63,77,82,85" machi="57" ten="40,2600,0" yaku="8,1,54,1" doraHai="118" who="3" fromWho="2" sc="48,0,49,0,578,-26,325,26" /><INIT seed="5,0,0,4,3,23" ten="48,49,552,351" oya="1" hai0="29,39,66,119,91,131,30,8,121,132,63,103,50" hai1="101,76,81,87,59,75,6,112,84,93,99,45,83" hai2="128,127,89,71,114,24,86,10,0,133,48,62,36" hai3="95,54,60,4,64,110,22,16,57,55,25,94,12"/><U35/><E35/><V11/><F36/><W122/><G122/><T109/><D39/><U123/><E6/><V113/><F127/><W68/><G110/><T47/><D109/><U111/><E111/><V53/><F128/><W108/><G108/><T134/><D119/><U7/><E7/><V65/><F24/><W104/><G104/><T14/><D103/><U43/><E59/><N who="2" m="33191" /><F0/><W27/><G68/><T116/><D91/><U9/><E9/><V20/><F20/><N who="3" m="13447" /><G12/><T33/><D116/><U32/><E45/><V98/><F98/><W72/><G72/><T118/><D131/><U80/><E43/><V2/><F2/><W42/><G42/><T92/><D33/><U106/><E32/><V41/><F41/><W90/><G4/><T117/><D121/><U130/><E130/><V78/><F78/><W46/><G46/><T82/><D47/><U26/><E106/><V102/><F71/><W28/><G95/><T38/><D117/><U56/><E93/><V96/><F11/><W88/><G90/><T107/><D92/><U135/><E75/><V49/><F89/><W77/><G77/><T105/><D107/><U34/><E76/><V79/><F79/><W61/><G60/><T129/><D105/><U15/><E15/><V18/><F62/><W1/><G1/><T3/><D14/><U70/><E70/><V97/><F10/><W21/><G21/><T40/><D3/><U74/><E123/><V37/><F102/><W73/><G73/><T67/><D129/><U126/><E74/><V19/><F37/><W31/><G31/><N who="0" m="11787" /><D118/><U85/><E101/><RYUUKYOKU ba="0,0" sc="48,-10,49,-10,552,-10,351,30" hai3="22,27,28,54,55,57,61,64,88,94" /><INIT seed="6,1,0,0,3,48" ten="38,39,542,381" oya="2" hai0="89,68,101,67,116,10,127,102,90,115,70,120,99" hai1="133,62,25,111,95,33,96,3,43,92,21,0,34" hai2="11,58,36,15,30,84,38,61,71,128,49,20,105" hai3="64,121,108,107,7,39,109,124,16,69,104,80,35"/><V42/><F105/><W82/><G35/><T32/><D32/><U79/><E111/><V93/><F71/><W17/><G39/><T53/><D120/><U103/><E133/><V2/><F2/><W59/><G7/><T6/><D116/><U46/><E3/><V65/><F128/><W5/><G5/><T24/><D127/><U55/><E0/><V132/><F132/><W18/><G59/><T131/><D131/><U122/><E79/><V74/><F74/><W41/><G41/><T9/><D115/><U51/><E122/><V4/><F30/><W77/><G121/><T125/><D125/><U73/><E73/><V97/><F84/><W27/><G27/><T134/><D67/><U29/><E92/><V126/><F20/><W13/><G13/><T31/><D6/><U45/><REACH who="1" step="1"/><E62/><REACH who="1" ten="38,29,542,381" step="2"/><V52/><F126/><W87/><G124/><T91/><D134/><U118/><E118/><V19/><F93/><W85/><G109/><T119/><D119/><U12/><E12/><V75/><F61/><W94/><G108/><T14/><D14/><U112/><E112/><V47/><F75/><W78/><G94/><T23/><D99/><U40/><E40/><V88/><F42/><W54/><G107/><T28/><D101/><U44/><E44/><V22/><F47/><W110/><G104/><T66/><D102/><U76/><E76/><V50/><F97/><W100/><G100/><T114/><D114/><U86/><E86/><V123/><F123/><W83/><G110/><T63/><D63/><U37/><AGARI ba="1,1" hai="21,25,29,33,34,37,43,45,46,51,55,95,96,103" machi="37" ten="20,5200,0" yaku="1,1,0,1,7,1,52,1,53,0" doraHai="48" doraHaiUra="8" who="1" fromWho="1" sc="38,-14,29,65,542,-27,381,-14" /><INIT seed="7,0,0,1,0,101" ten="24,94,515,367" oya="3" hai0="1,16,128,92,108,20,29,83,77,119,58,44,6" hai1="125,3,79,12,110,18,61,15,59,74,68,65,89" hai2="36,14,67,62,51,24,87,0,91,37,96,103,60" hai3="120,35,57,84,28,99,82,117,11,98,107,100,115"/><W70/><G120/><T73/><D108/><U135/><E3/><V45/><F0/><W46/><G115/><T26/><D119/><U47/><E79/><V13/><F37/><W113/><G113/><T94/><D128/><U50/><E74/><V127/><F36/><W66/><G117/><T54/><D44/><U80/><E125/><V104/><F24/><W86/><G98/><T39/><D39/><U116/><E59/><V33/><F33/><W114/><G114/><T63/><D1/><U105/><E18/><V121/><F127/><W126/><G126/><T134/><D6/><U72/><E89/><V30/><F30/><W112/><G112/><T7/><D7/><U49/><E49/><V2/><F2/><W131/><G131/><T23/><REACH who="0" step="1"/><D134/><REACH who="0" ten="14,94,515,367" step="2"/><U133/><E133/><V52/><F62/><N who="3" m="40279" /><G11/><T130/><D130/><U93/><E47/><V122/><F122/><W102/><G46/><T25/><AGARI ba="0,1" hai="16,20,23,25,26,29,54,58,63,73,77,83,92,94" machi="25" ten="20,5200,0" yaku="1,1,0,1,7,1,54,1,53,0" doraHai="101" doraHaiUra="132" who="0" fromWho="0" sc="14,62,94,-13,515,-13,367,-26" owari="76,-42.0,81,-32.0,502,60.0,341,14.0" /></mjloggm>