<mjloggm ver="2.3"><GO type="169" lobby="0"/><UN n0="%E4%BD%BF%E5%BE%92%E2%80%A0%E3%82%84%E3%82%93%E3%81%97%E3%81%97%E3%83%BC" n1="%63%68%69%73%73" n2="%E3%82%82%E3%82%93%E3%81%94%E3%82%8B%30%36%31%35" n3="%E3%81%88%E3%81%84%E3%81%BF" dan="16,17,17,16" rate="2092.79,2127.34,2189.87,2136.23" sx="F,M,M,F"/><TAIKYOKU oya="0"/><INIT seed="0,0,0,0,1,111" ten="250,250,250,250" oya="0" hai0="4,103,15,44,50,25,10,114,38,82,86,39,102" hai1="85,98,117,132,116,72,6,0,2,70,134,49,65" hai2="129,46,61,69,135,110,35,126,24,92,47,109,95" hai3="94,9,57,87,34,97,26,23,79,32,112,58,108"/><T77/><D25/><U81/><E49/><V41/><F24/><W127/><G108/><N who="2" m="41577" /><F35/><W84/><G127/><T74/><D74/><U56/><E56/><V99/><F95/><W30/><G9/><T8/><D114/><U123/><E98/><V68/><F99/><W130/><G130/><T120/><D120/><U121/><E85/><V118/><F92/><W100/><G34/><T113/><D113/><U27/><E27/><V67/><F126/><W18/><G112/><T115/><D115/><U62/><E121/><V7/><F7/><W119/><G119/><T1/><D103/><U128/><E128/><V83/><F83/><W60/><G79/><T122/><D102/><U91/><E91/><V93/><F93/><W21/><G57/><T106/><D106/><U55/><E123/><V17/><F17/><W73/><G73/><T20/><D20/><U71/><E71/><N who="2" m="27211" /><F129/><W88/><G32/><T45/><D122/><U96/><E96/><V14/><F14/><N who="3" m="9431" /><G100/><T19/><REACH who="0" step="1"/><D44/><REACH who="0" ten="240,250,250,250" step="2"/><U53/><E72/><V64/><F47/><W12/><G12/><T13/><D13/><U11/><E2/><V16/><F46/><W40/><G26/><T51/><D51/><U125/><E125/><V107/><F107/><W33/><G33/><T131/><D131/><U105/><E105/><V124/><F124/><W37/><G23/><T36/><D36/><U54/><E117/><V75/><F75/><W89/><G37/><T52/><AGARI ba="0,1" hai="1,4,8,10,15,19,38,39,45,50,52,77,82,86" machi="52" ten="20,7800,0" yaku="1,1,0,1,7,1,54,1,53,0" doraHai="111" doraHaiUra="22" who="0" fromWho="0" sc="240,88,250,-26,250,-26,250,-26" /><INIT seed="0,1,0,3,5,26" ten="328,224,224,224" oya="0" hai0="122,34,63,105,60,4,119,115,17,90,110,83,49" hai1="114,72,87,78,38,50,95,116,59,30,108,52,37" hai2="15,16,74,40,100,102,85,20,70,31,18,99,84" hai3="48,3,33,65,39,51,61,47,22,66,68,126,118"/><T54/><D115/><U123/><E108/><V29/><F74/><W77/><G33/><T101/><D119/><U56/><E114/><V109/><F70/><W75/><G3/><T14/><D122/><U57/><E123/><V21/><F109/><W112/><G112/><T5/><D110/><U111/><E116/><V69/><F69/><W97/><G97/><T44/><D34/><U19/><E72/><V124/><F124/><W28/><G118/><T104/><D101/><N who="2" m="39018" /><F99/><W92/><G92/><T10/><D105/><U2/><E2/><V103/><F40/><W67/><G126/><T117/><D104/><U130/><E130/><V6/><F6/><W93/><G93/><T13/><D4/><U133/><E133/><V91/><N who="2" m="39026" /><V62/><DORA hai="11" /><F62/><W76/><G75/><T12/><D117/><U79/><E38/><V58/><F58/><W25/><G61/><N who="0" m="23627" /><D5/><U107/><E37/><V27/><F84/><AGARI ba="1,0" hai="10,12,13,14,17,44,49,54,83,84,90" m="23627" machi="84" ten="30,12000,1" yaku="25,1,8,1,52,3" doraHai="26,11" who="0" fromWho="2" sc="328,123,224,0,224,-123,224,0" /><INIT seed="0,2,0,3,2,24" ten="451,224,101,224" oya="0" hai0="53,65,76,108,126,62,57,113,84,124,14,90,3" hai1="111,40,104,54,121,33,80,102,89,116,1,19,123" hai2="11,78,47,96,41,69,118,8,99,0,17,28,117" hai3="6,82,60,119,52,27,133,51,125,130,7,18,50"/><T63/><D113/><U45/><E116/><V26/><F69/><W122/><G119/><N who="2" m="45577" /><F78/><W12/><G133/><T95/><D3/><U75/><E19/><V15/><F11/><W10/><G130/><T101/><D108/><U32/><E54/><V20/><F0/><W67/><G125/><T46/><D101/><U127/><E111/><V37/><AGARI ba="2,0" hai="8,15,17,20,26,28,37,41,47,96,99" m="45577" machi="37" ten="30,2000,0" yaku="12,1,52,1" doraHai="24" who="2" fromWho="2" sc="451,-12,224,-7,101,26,224,-7" /><INIT seed="1,0,0,4,5,76" ten="439,217,127,217" oya="1" hai0="51,110,42,39,114,54,93,73,46,45,52,11,59" hai1="18,97,62,118,101,60,37,90,99,127,26,31,61" hai2="23,21,85,41,72,58,70,27,29,100,121,130,43" hai3="35,47,20,120,81,66,126,134,71,82,4,69,103"/><U1/><E127/><V104/><F70/><W53/><G120/><T50/><D73/><U14/><E118/><V75/><F130/><W78/><G35/><T13/><D110/><U55/><E1/><V132/><F132/><W128/><G128/><T63/><D114/><U133/><E37/><V135/><F135/><W95/><G134/><T30/><D30/><U36/><E36/><V16/><F75/><W98/><G126/><T89/><D46/><U3/><E3/><V124/><F72/><W107/><G4/><T0/><D54/><U102/><E55/><V19/><F121/><W92/><G66/><T6/><REACH who="0" step="1"/><D0/><REACH who="0" ten="429,217,127,217" step="2"/><U38/><E133/><V64/><F124/><W25/><G47/><T111/><D111/><U10/><E38/><V116/><F29/><W105/><G53/><T119/><D119/><U33/><REACH who="1" step="1"/><E99/><AGARI ba="0,1" hai="6,11,13,39,42,45,50,51,52,59,63,89,93,99" machi="99" ten="30,7700,0" yaku="1,1,7,1,54,1,53,1" doraHai="76" doraHaiUra="57" who="0" fromWho="1" sc="429,87,217,-77,127,0,217,0" /><INIT seed="2,0,0,2,4,69" ten="516,140,127,217" oya="2" hai0="99,31,63,106,42,55,102,3,28,109,133,33,37" hai1="11,132,34,130,9,62,96,25,59,127,123,60,90" hai2="46,57,23,118,16,17,29,88,124,93,91,45,82" hai3="98,6,110,100,51,119,120,43,95,44,107,38,19"/><V32/><F32/><W79/><G119/><T2/><D109/><U68/><E123/><V108/><F108/><W58/><G110/><T71/><D133/><U15/><E132/><V53/><F124/><W115/><G120/><T39/><D55/><U85/><E127/><V1/><F1/><W18/><G115/><T41/><D41/><U48/><E130/><V75/><F29/><W5/><G79/><T113/><D113/><U35/><E68/><V52/><F17/><W66/><G107/><T111/><D42/><U20/><E48/><V129/><F129/><W77/><G77/><T4/><D31/><U103/><E62/><N who="2" m="36135" /><F75/><W50/><G50/><T84/><D111/><U47/><E47/><V101/><F118/><W117/><G117/><T49/><D49/><U122/><E122/><V92/><F101/><W61/><G38/><N who="0" m="14347" /><D4/><AGARI ba="0,0" hai="4,5,6,18,19,43,44,51,58,61,66,95,98,100" machi="4" ten="40,1300,0" yaku="8,1" doraHai="69" who="3" fromWho="0" sc="516,-13,140,0,127,0,217,13" /><INIT seed="3,0,0,3,0,103" ten="503,140,127,230" oya="3" hai0="23,75,64,114,88,96,1,119,121,22,76,37,101" hai1="6,104,40,20,29,120,84,128,36,79,80,59,116" hai2="129,0,32,94,51,117,62,55,19,126,34,45,67" hai3="18,99,39,58,63,3,25,43,81,54,14,124,5"/><W11/><G124/><T28/><D119/><U42/><E116/><V109/><F109/><W17/><G43/><T115/><D1/><U41/><E120/><V33/><F129/><W132/><G39/><T21/><D121/><U50/><E128/><V73/><F73/><W46/><G132/><T53/><D28/><U89/><E104/><V127/><F0/><W13/><G81/><T78/><D64/><U82/><E6/><V86/><F19/><W112/><G112/><T87/><D53/><U110/><E110/><V70/><F117/><W60/><G46/><T26/><D26/><U2/><E2/><V107/><F107/><W91/><G25/><T52/><D37/><U72/><E59/><V106/><F106/><W66/><G99/><T122/><D122/><U134/><E134/><V123/><F123/><W133/><G91/><T57/><D114/><U44/><E29/><V90/><AGARI ba="0,0" hai="32,33,34,45,51,55,62,67,70,86,90,94,126,127" machi="90" ten="40,1500,0" yaku="0,1" doraHai="103" who="2" fromWho="2" sc="503,-4,140,-4,127,15,230,-7" /><INIT seed="4,0,0,1,3,70" ten="499,136,142,223" oya="0" hai0="53,82,69,91,31,98,79,48,37,135,74,130,49" hai1="36,127,1,76,17,116,54,12,97,21,125,81,3" hai2="83,107,121,10,123,105,73,126,78,67,16,45,9" hai3="88,90,104,86,71,114,120,115,57,4,30,109,52"/><T60/><D130/><U94/><E116/><V32/><F32/><W108/><G104/><T117/><D117/><U133/><E133/><V128/><F67/><W56/><G71/><T34/><D135/><U63/><E63/><V2/><F126/><W55/><G4/><T62/><D37/><U23/><E36/><V39/><F128/><W40/><G40/><T80/><D48/><U87/><E54/><V24/><F105/><W7/><G7/><T89/><D82/><U25/><E125/><V132/><F107/><W64/><G30/><T20/><D20/><U38/><E38/><V46/><F46/><W99/><G64/><T103/><D60/><U77/><E77/><V75/><F75/><W95/><G120/><T19/><D19/><U59/><E59/><N who="3" m="22602" /><G108/><T72/><D72/><U8/><E21/><N who="2" m="13351" /><F10/><W131/><G109/><T28/><D62/><U58/><E58/><V129/><F129/><W113/><G131/><T101/><D69/><U50/><E50/><V112/><F112/><W134/><G134/><T122/><D49/><U85/><E127/><V106/><F106/><W6/><G6/><T47/><D34/><U110/><E110/><V33/><F33/><W5/><G5/><T100/><D47/><U11/><E11/><V22/><F132/><W119/><G119/><T96/><D53/><U18/><REACH who="1" step="1"/><E87/><REACH who="1" ten="499,126,142,223" step="2"/><N who="2" m="48631" /><F22/><W42/><G42/><T66/><D66/><U61/><E61/><V68/><F73/><W26/><G115/><T44/><D74/><U102/><AGARI ba="0,1" hai="1,3,8,12,17,18,23,25,76,81,85,94,97,102" machi="102" ten="20,2700,0" yaku="1,1,0,1,7,1,53,0" doraHai="70" doraHaiUra="65" who="1" fromWho="1" sc="499,-13,126,37,142,-7,223,-7" /><INIT seed="5,0,0,1,1,73" ten="486,163,135,216" oya="1" hai0="46,37,34,63,65,106,69,126,77,7,91,114,71" hai1="47,104,32,15,83,103,127,132,52,35,38,95,123" hai2="119,129,13,36,97,131,14,55,122,100,130,111,76" hai3="53,50,120,81,90,49,22,124,43,84,74,133,45"/><U51/><E123/><V18/><F111/><W29/><G120/><T78/><D114/><U0/><E0/><V21/><F122/><W93/><G133/><T57/><D126/><U30/><E132/><V61/><F36/><W135/><G135/><T2/><D106/><U10/><E127/><V20/><F119/><W86/><G124/><T67/><D34/><U118/><E104/><V31/><F61/><W85/><G74/><T64/><D91/><U128/><E128/><V134/><F134/><W115/><G115/><T60/><D57/><U44/><E118/><V1/><F1/><W107/><G107/><T11/><D67/><U40/><E30/><V87/><F55/><W17/><G93/><T27/><D27/><U117/><E117/><V8/><F13/><W28/><G28/><T23/><D23/><U75/><E95/><N who="2" m="58431" /><F31/><W96/><G96/><T102/><D102/><U39/><E103/><V82/><AGARI ba="0,0" hai="8,14,18,20,21,76,82,87,129,130,131" m="58431" machi="82" ten="40,2700,0" yaku="19,1,52,1" doraHai="73" who="2" fromWho="2" sc="486,-7,163,-13,135,27,216,-7" /><INIT seed="6,0,0,5,0,128" ten="479,150,162,209" oya="2" hai0="81,118,36,82,74,68,85,35,104,87,123,50,64" hai1="58,52,124,91,13,120,86,65,132,122,29,55,8" hai2="97,133,15,106,117,66,53,83,38,57,129,111,69" hai3="22,93,73,119,24,30,127,67,112,20,108,131,21"/><V59/><F117/><W16/><G73/><T79/><D36/><U71/><E124/><V125/><F38/><W121/><G108/><T11/><D104/><U54/><E71/><V76/><F69/><W94/><G121/><N who="1" m="46698" /><E29/><V60/><F129/><W31/><G131/><T78/><D50/><N who="1" m="30999" /><E65/><V62/><F125/><W113/><G67/><T7/><D35/><U88/><E91/><V27/><F27/><W95/><G119/><T84/><D118/><U2/><E2/><V90/><F15/><W26/><G127/><T105/><D123/><U135/><E55/><V10/><F111/><W98/><G98/><T9/><D105/><U43/><E54/><V0/><F106/><W61/><G61/><T107/><D107/><U109/><E43/><V63/><F63/><W49/><G49/><T72/><D7/><N who="1" m="3231" /><E109/><V126/><F126/><W25/><AGARI ba="0,0" hai="16,20,21,22,24,25,26,30,31,93,94,95,112,113" machi="25" ten="40,5200,0" yaku="0,1,9,1,54,1" doraHai="128" who="3" fromWho="3" sc="479,-13,150,-13,162,-26,209,52" /><INIT seed="7,0,0,1,0,62" ten="466,137,136,261" oya="3" hai0="113,135,64,49,87,8,114,96,127,98,13,78,115" hai1="56,83,123,109,73,54,20,14,1,124,106,12,5" hai2="102,112,92,45,55,122,60,28,119,77,70,82,101" hai3="19,93,0,9,48,94,90,6,88,81,61,10,126"/><W68/><G126/><T72/><D72/><U103/><E123/><V36/><F119/><W23/><G48/><T47/><D127/><U104/><E109/><V24/><F112/><W16/><G10/><T91/><D78/><U65/><E65/><V111/><F111/><W125/><G81/><N who="0" m="49647" /><D64/><U31/><E124/><V74/><F122/><W89/><G61/><T27/><D27/><N who="1" m="16871" /><E1/><V132/><F132/><W116/><G68/><T52/><D135/><U22/><E106/><V69/><F69/><W97/><G116/><T32/><D32/><U131/><E104/><V50/><F36/><W63/><G63/><T30/><D30/><U26/><E73/><V18/><F92/><W4/><G4/><AGARI ba="0,0" hai="4,8,13,47,49,52,96,98,113,114,115" m="49647" machi="4" ten="30,3900,0" yaku="15,1,11,1,54,1" doraHai="62" who="0" fromWho="3" sc="466,39,137,0,136,0,261,-39" owari="505,60.0,137,-26.0,136,-36.0,222,2.0" /></mjloggm>