<mjloggm ver="2.3"><GO type="169" lobby="0"/><UN n0="%E5%B8%B8%E5%8B%9D%EF%BC%9F%EF%BC%9F%E3%83%97%E3%83%AD" n1="%E3%81%9F%E3%81%84%E3%81%9B" n2="%E5%86%AC%E9%A6%AC%E6%98%A5%E5%B8%8C" n3="%E8%87%B3%E9%AB%98%E3%81%AE%E3%81%A0%E3%81%A0%E3%81%A1%E3%82%83%E8%B1%86" dan="16,17,17,16" rate="2185.28,2219.04,2217.24,2082.01" sx="M,F,M,M"/><TAIKYOKU oya="0"/><INIT seed="0,0,0,3,5,45" ten="250,250,250,250" oya="0" hai0="119,101,30,12,88,108,76,97,16,22,122,129,77" hai1="44,50,60,61,90,59,84,38,49,133,121,2,123" hai2="127,5,17,130,85,120,125,74,65,43,58,94,36" hai3="4,105,92,46,70,40,131,34,96,102,15,71,106"/><T9/><D119/><U75/><E75/><V10/><F74/><W56/><G34/><T13/><D122/><U72/><E72/><V116/><F120/><W117/><G117/><T113/><D113/><U1/><E38/><V62/><F130/><W18/><G131/><T42/><D129/><U63/><E133/><V86/><F116/><W109/><G109/><T91/><D42/><U115/><E115/><V124/><F17/><W57/><G4/><T118/><D118/><U67/><E123/><V68/><F68/><W80/><G71/><T54/><D108/><U135/><E135/><V26/><F26/><W25/><G25/><N who="0" m="16695" /><D13/><U28/><E28/><V21/><F21/><W89/><G70/><T83/><D54/><U24/><E24/><V48/><F36/><W95/><G80/><T82/><D83/><U51/><E121/><V69/><F43/><W8/><G106/><T87/><D101/><U110/><E110/><V53/><REACH who="2" step="1"/><F94/><AGARI ba="0,0" hai="9,12,16,76,77,82,87,88,91,94,97" m="16695" machi="94" ten="30,5800,0" yaku="8,1,54,2" doraHai="45" who="0" fromWho="2" sc="250,58,250,0,250,-58,250,0" /><INIT seed="0,1,0,2,0,38" ten="308,250,192,250" oya="0" hai0="53,14,9,82,66,15,97,26,120,74,21,56,50" hai1="121,96,19,1,58,29,10,71,119,27,106,18,52" hai2="46,41,108,8,117,25,107,68,109,128,42,24,16" hai3="32,124,13,127,110,30,60,23,111,126,112,69,39"/><T129/><D120/><U12/><E119/><V35/><F107/><W61/><G32/><T44/><D129/><U113/><E71/><V64/><F128/><W84/><G84/><T122/><D122/><U4/><E121/><V104/><F104/><W0/><G0/><T81/><D97/><U55/><E113/><V17/><F46/><W130/><G112/><T22/><D74/><U47/><E19/><V7/><F64/><W90/><G130/><T65/><D15/><U80/><E80/><N who="0" m="30825" /><D56/><U63/><E106/><V3/><F68/><W116/><G90/><T86/><D86/><U134/><E134/><V83/><F83/><W62/><G69/><T98/><D98/><U37/><E96/><V28/><F117/><W45/><G116/><T40/><D53/><U100/><E100/><V78/><F78/><W59/><G59/><T102/><D102/><U76/><E76/><V89/><F89/><W57/><G57/><T133/><D133/><U115/><E115/><V88/><F88/><W85/><G85/><T105/><D105/><U103/><E103/><V31/><F42/><N who="3" m="22751" /><G13/><T33/><D33/><U93/><E93/><V49/><F41/><W79/><G79/><T95/><D95/><U125/><E1/><V99/><F99/><W114/><G114/><T6/><D22/><U51/><E37/><V11/><F49/><W87/><G87/><T73/><D73/><U91/><E91/><V20/><F8/><W77/><G77/><T94/><D94/><U72/><E72/><V132/><F132/><W92/><G92/><T70/><D70/><U54/><E10/><RYUUKYOKU ba="1,0" sc="308,10,250,-30,192,10,250,10" hai0="6,9,14,21,26,40,44,50,65,66" hai2="3,7,11,16,17,20,24,25,28,31,35,108,109" hai3="23,30,60,61,62,110,111,124,126,127" /><INIT seed="0,2,0,2,3,21" ten="318,220,202,260" oya="0" hai0="48,22,83,29,17,16,54,26,112,72,13,73,1" hai1="125,53,78,25,65,100,108,98,30,107,59,131,132" hai2="2,70,58,82,102,18,24,4,11,127,84,43,89" hai3="123,115,19,39,37,41,0,34,99,121,119,9,80"/><T120/><D112/><U96/><E108/><V46/><F127/><W110/><G80/><T104/><D120/><U90/><E125/><V44/><F70/><W86/><G86/><T62/><D1/><U55/><E131/><V6/><F102/><W64/><G99/><T66/><D104/><U93/><E78/><V51/><F6/><W35/><G19/><T50/><D17/><U63/><REACH who="1" step="1"/><E132/><REACH who="1" ten="318,210,202,260" step="2"/><V126/><F126/><W7/><G121/><T3/><D3/><U105/><E105/><V49/><F58/><W10/><G123/><T14/><D14/><U60/><E60/><V38/><REACH who="2" step="1"/><F46/><REACH who="2" ten="318,210,192,260" step="2"/><W101/><G110/><T40/><D72/><U8/><E8/><V130/><F130/><W20/><G9/><T124/><D124/><U116/><E116/><V118/><F118/><W133/><G10/><T33/><D73/><U36/><E36/><V74/><F74/><W109/><G39/><T97/><D62/><U85/><E85/><V95/><F95/><W94/><G37/><T68/><D68/><U134/><E134/><V103/><F103/><W52/><G94/><T81/><D50/><U79/><E79/><V31/><F31/><W129/><G101/><T106/><D48/><U75/><E75/><V32/><F32/><AGARI ba="2,2" hai="25,30,32,53,55,59,63,65,90,93,96,98,100,107" machi="32" ten="30,3900,0" yaku="1,1,7,1,52,1,53,0" doraHai="21" doraHaiUra="12" who="1" fromWho="2" sc="318,0,210,65,192,-45,260,0" /><INIT seed="1,0,0,3,0,104" ten="318,275,147,260" oya="1" hai0="85,48,6,8,119,99,54,12,90,76,92,74,5" hai1="70,88,62,131,95,65,64,42,132,115,71,21,113" hai2="43,26,44,17,108,97,123,118,32,52,4,14,73" hai3="117,55,24,25,125,45,34,82,114,72,124,61,128"/><U130/><E21/><V41/><F118/><W66/><G114/><T22/><D119/><U46/><E95/><V51/><F123/><W127/><G117/><T80/><D22/><U27/><E27/><V93/><F108/><W9/><G128/><N who="1" m="49194" /><E88/><V68/><F68/><N who="1" m="26153" /><E132/><V38/><F4/><W98/><G98/><T94/><D6/><U18/><E18/><V19/><F19/><W106/><G106/><T47/><REACH who="0" step="1"/><D94/><REACH who="0" ten="308,275,147,260" step="2"/><U101/><E101/><V20/><F32/><W126/><G34/><T1/><D1/><U96/><E96/><AGARI ba="0,1" hai="5,8,12,47,48,54,74,76,80,85,90,92,96,99" machi="96" ten="40,5200,0" yaku="1,1,52,1,53,1" doraHai="104" doraHaiUra="84" who="0" fromWho="1" sc="308,62,275,-52,147,0,260,0" /><INIT seed="2,0,0,5,2,39" ten="370,223,147,260" oya="2" hai0="29,68,21,114,66,0,129,15,27,94,47,117,110" hai1="52,127,17,19,6,30,78,35,43,24,53,23,16" hai2="14,69,87,75,101,62,10,97,25,122,121,48,40" hai3="73,96,82,135,8,134,61,106,31,103,86,71,128"/><V104/><F75/><W56/><G8/><T119/><D114/><U12/><E127/><V55/><F25/><W72/><G71/><T70/><D0/><U113/><E113/><V36/><F87/><W34/><G128/><T5/><D129/><U60/><E78/><V90/><F90/><W130/><G130/><T126/><D126/><U120/><E120/><V65/><F14/><W85/><G31/><T74/><D74/><U26/><E43/><V100/><F10/><W45/><G45/><T81/><D81/><U83/><E83/><V125/><F101/><W133/><G34/><T107/><D107/><U118/><E118/><V11/><F11/><W79/><REACH who="3" step="1"/><G85/><REACH who="3" ten="370,223,147,250" step="2"/><T46/><D29/><U124/><E6/><V18/><F125/><W58/><G58/><T42/><D68/><U2/><E2/><V108/><F108/><W67/><AGARI ba="0,1" hai="56,61,67,72,73,79,82,86,96,103,106,133,134,135" machi="67" ten="30,4000,0" yaku="1,1,0,1,20,1,53,0" doraHai="39" doraHaiUra="20" who="3" fromWho="3" sc="370,-10,223,-10,147,-20,250,50" /><INIT seed="3,0,0,1,0,44" ten="360,213,127,300" oya="3" hai0="120,90,27,65,6,92,56,72,135,18,75,22,16" hai1="130,26,53,128,19,102,119,52,42,14,66,88,43" hai2="15,93,101,123,69,38,23,113,55,134,34,126,111" hai3="62,125,63,115,79,70,133,49,83,71,121,31,91"/><W61/><G121/><T99/><D120/><U64/><E102/><V105/><RYUUKYOKU type="yao9" ba="0,0" sc="360,0,213,0,127,0,300,0" hai2="15,23,34,38,55,69,93,101,105,111,113,123,126,134" /><INIT seed="3,1,0,2,3,18" ten="360,213,127,300" oya="3" hai0="61,132,81,55,74,37,75,77,72,35,31,119,121" hai1="85,13,109,38,1,42,41,128,44,21,3,105,71" hai2="30,70,6,7,100,51,48,69,58,4,114,95,29" hai3="11,53,130,47,20,126,65,108,19,22,17,103,87"/><W113/><G113/><T104/><D119/><U73/><E73/><V25/><F114/><W116/><G116/><T80/><D121/><U64/><E105/><V88/><F100/><W82/><G130/><T16/><D37/><U123/><E123/><V117/><F117/><W59/><G126/><T57/><D104/><U66/><E128/><V83/><F83/><W67/><G103/><T14/><D132/><U84/><E109/><V56/><F69/><W111/><G47/><T92/><D92/><U28/><E42/><V9/><F70/><W0/><G0/><T32/><D31/><U27/><E13/><V8/><F95/><W90/><G11/><N who="2" m="4169" /><F88/><N who="3" m="51319" /><G108/><T107/><D107/><U23/><E84/><V112/><F25/><N who="3" m="14479" /><G90/><T122/><D122/><U127/><E85/><V15/><F15/><N who="3" m="9599" /><G111/><T125/><D125/><U50/><E127/><V134/><F134/><W135/><G135/><T96/><D75/><U39/><E38/><V98/><F112/><W131/><G131/><T120/><D120/><U43/><E71/><V5/><N who="2" m="1024" /><DORA hai="45" /><V129/><F129/><W26/><G26/><T86/><D74/><U110/><E110/><V68/><F68/><W62/><AGARI ba="1,0" hai="53,59,62,65,67" m="9599,14479,51319" machi="62" ten="30,11700,0" yaku="8,1,52,2,54,1" doraHai="18,45" who="3" fromWho="3" sc="360,-40,213,-40,127,-40,300,120" /><INIT seed="3,2,0,2,3,15" ten="320,173,87,420" oya="3" hai0="16,103,86,132,40,51,101,84,57,59,65,70,102" hai1="118,127,27,56,20,13,69,91,94,17,76,64,3" hai2="128,97,81,89,34,111,38,6,55,39,49,60,19" hai3="109,9,80,114,58,47,73,104,119,68,8,110,63"/><W66/><G114/><T90/><D132/><U112/><E3/><V61/><F34/><W130/><G104/><T108/><D108/><N who="3" m="41577" /><G119/><T22/><D70/><U12/><E69/><V100/><F128/><W125/><G130/><T126/><D126/><U96/><E127/><V50/><F6/><W5/><G125/><T45/><D65/><U43/><E118/><V79/><F89/><W93/><G47/><T72/><D72/><U129/><E112/><V48/><F39/><W85/><G68/><T10/><D10/><U24/><E129/><V41/><F41/><W18/><G93/><T21/><D21/><N who="1" m="13359" /><E76/><V134/><F55/><W71/><G73/><T1/><D1/><U44/><E44/><V11/><F38/><W82/><G71/><T117/><D117/><U46/><E46/><V124/><F134/><W53/><G66/><T123/><D123/><U23/><E43/><V14/><F124/><W32/><G32/><T131/><D131/><U4/><E4/><V107/><REACH who="2" step="1"/><F111/><REACH who="2" ten="320,173,77,420" step="2"/><W99/><G5/><T67/><D67/><U78/><E64/><V54/><F54/><W77/><G53/><T98/><D59/><U74/><E56/><V2/><F2/><W122/><G58/><T95/><D57/><U52/><E52/><V28/><F28/><W105/><G63/><T75/><D75/><AGARI ba="2,1" hai="11,14,19,48,49,50,60,61,75,79,81,97,100,107" machi="75" ten="40,2600,0" yaku="1,1,52,1,53,0" doraHai="15" doraHaiUra="135" who="2" fromWho="0" sc="320,-32,173,0,77,42,420,0" /><INIT seed="4,0,0,2,3,127" ten="288,173,119,420" oya="0" hai0="69,17,27,123,62,61,115,47,91,88,40,98,71" hai1="118,103,105,101,2,36,19,23,134,130,133,99,86" hai2="16,8,109,65,107,82,111,18,52,106,6,42,64" hai3="50,56,67,43,114,39,102,14,58,15,96,28,95"/><T89/><D115/><U132/><E118/><V13/><F42/><W121/><G114/><T117/><D123/><U81/><E36/><V48/><F106/><W0/><G0/><T57/><D117/><U93/><E2/><V100/><F107/><W54/><G121/><T33/><D98/><N who="1" m="61623" /><E23/><V32/><F32/><W113/><G113/><T94/><D94/><U30/><E19/><N who="2" m="7211" /><F109/><W78/><G78/><T116/><D116/><U97/><E30/><V20/><F100/><W72/><G72/><T24/><D33/><U83/><E99/><V10/><F111/><W38/><G38/><T31/><D31/><U135/><N who="1" m="33792" /><DORA hai="110" /><U51/><E51/><V77/><F10/><W55/><G67/><T120/><D120/><U34/><E34/><V21/><F77/><W73/><G73/><T3/><D3/><U37/><E37/><V45/><F82/><N who="1" m="31241" /><E86/><V104/><F104/><W85/><G85/><T129/><D17/><U92/><E92/><V60/><F60/><W49/><G28/><T4/><D61/><U87/><E87/><V128/><F128/><AGARI ba="0,0" hai="93,97,103,128,130" m="31241,33792,61623" machi="128" ten="60,8000,1" yaku="20,1,34,2,52,2" doraHai="127,110" who="1" fromWho="2" sc="288,0,173,80,119,-80,420,0" /><INIT seed="5,0,0,0,1,108" ten="288,253,39,420" oya="1" hai0="45,5,35,48,9,12,51,37,53,8,26,84,34" hai1="10,79,122,90,132,68,102,20,101,25,41,121,76" hai2="29,13,110,16,19,57,14,50,118,111,55,28,92" hai3="58,91,23,62,98,125,75,89,88,15,117,126,116"/><U78/><E68/><V124/><F118/><N who="3" m="45675" /><G75/><T3/><D37/><U113/><E41/><V67/><F124/><N who="3" m="47723" /><G98/><T70/><D70/><U31/><E132/><V42/><F42/><W123/><G123/><T46/><D26/><U109/><E109/><V127/><F127/><W72/><G72/><T1/><D84/><U115/><E10/><V82/><F82/><W49/><G49/><T71/><D71/><U73/><E90/><V59/><F67/><N who="3" m="39383" /><G23/><T86/><D86/><U85/><E85/><V47/><F47/><W65/><G15/><T40/><D3/><U6/><E6/><AGARI ba="0,0" hai="1,5,6,8,9,12,34,35,40,45,46,48,51,53" machi="6" ten="30,1000,0" yaku="7,1" doraHai="108" who="0" fromWho="1" sc="288,10,253,-10,39,0,420,0" /><INIT seed="6,0,0,4,5,5" ten="298,243,39,420" oya="2" hai0="68,3,95,115,28,61,119,65,72,38,92,134,82" hai1="66,86,57,131,116,99,107,90,59,81,63,60,8" hai2="84,58,123,40,12,133,46,4,96,43,114,77,93" hai3="109,35,73,54,102,39,21,9,132,64,85,106,110"/><V105/><F123/><W34/><G85/><T91/><D28/><U74/><E131/><V2/><F2/><W94/><G21/><T0/><D95/><U48/><E116/><V117/><F117/><W50/><G94/><T7/><D119/><U29/><E74/><V13/><F114/><W121/><G73/><T30/><D30/><U44/><E29/><V78/><F133/><W129/><G121/><T62/><D38/><U36/><E36/><V20/><F105/><W67/><G39/><T55/><D115/><U6/><E99/><V118/><F118/><W18/><G129/><T42/><D42/><N who="2" m="15914" /><F46/><W89/><G132/><T47/><D134/><U41/><E107/><V128/><F128/><W111/><G89/><T56/><D47/><U37/><E37/><V70/><F70/><W100/><G106/><T101/><D101/><U120/><E120/><V75/><F75/><W103/><G35/><T10/><D72/><U49/><E49/><V126/><F126/><W98/><G34/><T76/><D0/><U53/><E6/><V27/><F58/><W104/><G104/><T33/><D33/><U14/><E14/><N who="2" m="5739" /><F84/><W1/><G1/><T24/><D3/><U112/><REACH who="1" step="1"/><E112/><REACH who="1" ten="298,233,39,420" step="2"/><V79/><F4/><W71/><G109/><T16/><D7/><U83/><E83/><V88/><F20/><W11/><G110/><T122/><D122/><U31/><E31/><V87/><F96/><W17/><G98/><T32/><D32/><U127/><E127/><V125/><F125/><W51/><G111/><T15/><D82/><U124/><E124/><V23/><F23/><RYUUKYOKU ba="0,1" sc="298,-15,233,15,39,15,420,-15" hai1="8,41,44,48,53,57,59,60,63,66,81,86,90" hai2="27,77,78,79,87,88,93" /><INIT seed="6,1,1,0,1,5" ten="283,248,54,405" oya="2" hai0="110,133,58,125,14,31,106,9,23,67,75,38,8" hai1="90,56,120,74,88,24,91,108,48,83,129,21,97" hai2="68,12,135,22,115,26,94,44,16,41,113,7,59" hai3="66,70,0,96,71,132,118,29,77,99,103,36,79"/><V104/><F104/><W134/><G36/><T87/><D75/><U17/><E108/><V34/><F68/><N who="3" m="26155" /><G29/><T76/><D106/><U42/><E129/><V61/><F135/><N who="3" m="51755" /><G118/><T81/><D133/><U131/><E131/><V32/><F94/><N who="3" m="58775" /><G66/><T30/><D38/><U60/><E120/><V47/><F34/><W40/><G40/><T25/><D110/><U105/><E74/><V54/><F32/><W3/><G99/><T20/><D125/><U122/><E122/><V98/><F98/><W10/><G10/><N who="0" m="4203" /><D14/><U18/><E18/><V116/><F116/><W86/><G86/><T107/><D107/><U69/><E69/><V6/><F26/><W33/><G33/><T27/><D67/><U35/><E35/><V46/><REACH who="2" step="1"/><F41/><REACH who="2" ten="283,248,44,405" step="2"/><W13/><G0/><T1/><D1/><U124/><E105/><V28/><F28/><W128/><G3/><T82/><D82/><U19/><E42/><V117/><F117/><W123/><G128/><T111/><D111/><U64/><E97/><V63/><F63/><W43/><G43/><T127/><D127/><U126/><E83/><V50/><F50/><W119/><G123/><T57/><AGARI ba="1,2" hai="20,23,25,27,30,31,57,58,76,81,87" m="4203" machi="57" ten="30,7900,0" yaku="8,1,52,3" doraHai="5" who="0" fromWho="0" sc="283,102,248,-21,44,-40,405,-21" /><INIT seed="7,0,0,0,2,105" ten="385,227,4,384" oya="3" hai0="37,107,121,6,9,85,10,104,39,81,87,101,16" hai1="94,72,118,112,92,13,2,97,114,4,88,133,127" hai2="122,58,42,130,132,106,64,74,120,67,83,70,51" hai3="117,78,125,123,73,69,40,110,80,19,60,63,103"/><W109/><G123/><T29/><D121/><U96/><E2/><V26/><F26/><W134/><G117/><T44/><D29/><U3/><E3/><V21/><F21/><W93/><G134/><T36/><D44/><U100/><E4/><V76/><F58/><W71/><G125/><T55/><D55/><U32/><E13/><V48/><F83/><W34/><G40/><T35/><D35/><U82/><E32/><V52/><F76/><W79/><G34/><T12/><D101/><N who="1" m="60551" /><E118/><V102/><F102/><W56/><G78/><T38/><D38/><U119/><E119/><V61/><F106/><W31/><G31/><T46/><D87/><N who="1" m="50295" /><E127/><V86/><F86/><W33/><G33/><T14/><D46/><U113/><E133/><V41/><F74/><W135/><G135/><T131/><D131/><U62/><E62/><N who="3" m="23594" /><G56/><T57/><D57/><U20/><E20/><V54/><F132/><W22/><G22/><T15/><D15/><U111/><E111/><N who="3" m="42506" /><G19/><T43/><D43/><U49/><E49/><V75/><F75/><W23/><G23/><T65/><D65/><U66/><E66/><V5/><F5/><W25/><G25/><T1/><D1/><U129/><E129/><V77/><F61/><W53/><G53/><T47/><D47/><U24/><E24/><V99/><F77/><W126/><G126/><T59/><D59/><U84/><E84/><V128/><F99/><AGARI ba="0,0" hai="69,71,73,79,80,93,99,103" m="42506,23594" machi="99" ten="30,2900,0" yaku="10,1,52,1" doraHai="105" who="3" fromWho="2" sc="385,0,227,0,4,-29,384,29" owari="385,19.0,227,-17.0,-25,-53.0,413,51.0" /></mjloggm>