<mjloggm ver="2.3"><GO type="185" lobby="0"/><UN n0="%E3%81%84%E3%81%AA%E3%81%97%E3%82%93%E3%80%82" n1="%E7%A9%BA%E3%81%AB%E8%8A%B1%E7%81%AB" n2="%E3%82%B9%E3%83%88%E3%83%A9%EF%BC%81" n3="" dan="16,17,17,0" rate="2220.26,2223.79,2223.69,1500.00" sx="M,M,M,C"/><TAIKYOKU oya="0"/><INIT seed="0,0,0,4,0,95" ten="350,350,350,0" oya="0" hai0="35,114,60,100,125,33,65,112,119,3,63,134,47" hai1="120,105,38,85,44,104,42,87,129,61,107,1,50" hai2="82,128,32,130,37,108,43,116,46,124,89,52,83" hai3=""/><T69/><D119/><U79/><N who="1" m="30752" /><U122/><N who="1" m="31264" /><U41/><E1/><V34/><F116/><T76/><D3/><U88/><E129/><N who="2" m="49771" /><F108/><T106/><D134/><U58/><E79/><V93/><F52/><T109/><D125/><U74/><E74/><V49/><F37/><T91/><D109/><U86/><E42/><V77/><F124/><T115/><D91/><U51/><REACH who="1" step="1"/><E88/><REACH who="1" ten="350,340,350,0" step="2"/><V66/><F77/><T45/><D76/><U2/><E2/><V81/><F66/><AGARI ba="0,1" hai="38,41,44,50,51,58,61,66,85,86,87,104,105,107" m="31264,30752" machi="66" ten="50,8000,1" yaku="1,1,52,2,53,1" doraHai="95" doraHaiUra="54" who="1" fromWho="2" sc="350,0,340,90,350,-80,0,0" /><INIT seed="1,0,0,5,2,128" ten="350,430,270,0" oya="1" hai0="58,131,99,101,50,119,51,107,41,89,1,67,103" hai1="108,129,43,102,110,117,75,126,45,40,60,112,80" hai2="42,100,57,92,97,118,33,113,124,2,54,37,61" hai3=""/><U88/><E117/><V123/><N who="2" m="31520" /><V94/><F118/><T104/><D1/><U34/><E129/><V35/><F2/><T63/><D119/><U121/><N who="1" m="31008" /><U85/><E34/><V32/><F124/><T62/><D131/><U83/><E126/><V72/><F72/><T86/><D41/><U81/><E112/><V53/><F113/><T79/><D79/><U114/><E114/><V115/><F115/><T52/><D101/><U38/><E102/><V64/><F37/><T71/><REACH who="0" step="1"/><D107/><REACH who="0" ten="340,430,270,0" step="2"/><U95/><E40/><V135/><F42/><T91/><D91/><U98/><E108/><V39/><F32/><T44/><D44/><U47/><E110/><V125/><F33/><T130/><D130/><U73/><E47/><V70/><F35/><T132/><D132/><U68/><E45/><V59/><F125/><T3/><D3/><U122/><N who="1" m="31264" /><U84/><E43/><V56/><F135/><T66/><D66/><U105/><E105/><V74/><F64/><T65/><D65/><U55/><E88/><V36/><F100/><T82/><AGARI ba="0,1" hai="50,51,52,58,62,63,67,71,82,86,89,99,103,104" machi="82" ten="20,3900,0" yaku="1,1,0,1,7,1,54,1,53,0" doraHai="128" doraHaiUra="120" who="0" fromWho="0" sc="340,49,430,-26,270,-13,0,0" /><INIT seed="2,0,0,2,3,73" ten="389,404,257,0" oya="2" hai0="66,123,74,107,64,80,58,32,56,112,98,37,48" hai1="128,38,3,100,34,49,116,59,92,0,40,79,75" hai2="103,102,127,84,47,95,51,61,62,129,99,93,77" hai3=""/><V106/><F129/><T133/><N who="0" m="31520" /><T44/><D32/><U43/><E34/><V86/><F127/><T125/><D107/><U63/><E116/><V57/><F106/><T111/><D98/><U94/><E128/><V117/><F117/><T124/><D80/><U39/><E49/><V69/><F69/><T88/><D88/><U60/><E75/><V108/><F103/><T54/><D74/><U114/><E114/><V45/><F108/><T118/><D118/><U70/><E59/><N who="0" m="22569" /><D112/><U41/><E41/><V76/><F61/><T132/><D37/><U71/><E100/><V131/><F131/><T126/><D111/><U78/><AGARI ba="0,0" hai="0,3,38,39,40,43,60,63,70,71,78,79,92,94" machi="78" ten="25,6000,1" yaku="0,1,22,2,52,2" doraHai="73" who="1" fromWho="1" sc="389,-20,404,60,257,-40,0,0" /><INIT seed="4,0,0,0,1,108" ten="369,464,217,0" oya="0" hai0="35,46,127,96,54,115,86,80,122,111,132,113,39" hai1="78,88,76,2,114,1,74,70,85,33,75,100,118" hai2="62,37,52,117,72,53,102,41,3,130,47,94,77" hai3=""/><T90/><N who="0" m="31264" /><T36/><D35/><U98/><E33/><V56/><F3/><T59/><D111/><U48/><E118/><V93/><F117/><T58/><D132/><U73/><E70/><V63/><F130/><T89/><D127/><U129/><E129/><V44/><F102/><T97/><D46/><U65/><E65/><V112/><F77/><T101/><D101/><U105/><E114/><N who="0" m="43529" /><D59/><U103/><E103/><V123/><N who="2" m="31520" /><V116/><F116/><T84/><D84/><U64/><E78/><V135/><F72/><T107/><D107/><U50/><E76/><V133/><F112/><T134/><D134/><U61/><E2/><V121/><N who="2" m="31008" /><V43/><F56/><T42/><D42/><U125/><E1/><V99/><F99/><N who="0" m="37962" /><D90/><U55/><E125/><V40/><F43/><T92/><D92/><U38/><E88/><V45/><F44/><T119/><D119/><U81/><E100/><V68/><F68/><T32/><D32/><U91/><E105/><V66/><F93/><T128/><D128/><U69/><E98/><V87/><F94/><T0/><D0/><U67/><E91/><V109/><F87/><T110/><D110/><U57/><E85/><V106/><F109/><T126/><D126/><RYUUKYOKU ba="0,0" sc="369,20,464,-10,217,-10,0,0" hai0="36,39,54,58,80,86,89" /><INIT seed="4,1,0,3,1,90" ten="389,454,207,0" oya="0" hai0="132,110,135,93,106,66,76,97,43,58,122,87,103" hai1="125,69,63,115,32,104,108,0,127,73,134,129,44" hai2="123,35,33,128,64,51,101,61,65,53,99,113,133" hai3=""/><T102/><N who="0" m="31264" /><T112/><D43/><U109/><E44/><V48/><N who="2" m="31520" /><V96/><F113/><T107/><D112/><U78/><E63/><V80/><F133/><N who="0" m="51274" /><D110/><U95/><E95/><V85/><F128/><T119/><D119/><U105/><E78/><V38/><F38/><T34/><D34/><U116/><E127/><V54/><F61/><T39/><D39/><U49/><E49/><V126/><F126/><T81/><D103/><U91/><E91/><V3/><F3/><T45/><D45/><U77/><E77/><V57/><F101/><T84/><D84/><U75/><E73/><V47/><F35/><T130/><D130/><U98/><E98/><V114/><F33/><T100/><D100/><U2/><E109/><V62/><F114/><T56/><D66/><U46/><E46/><V60/><F47/><T70/><D70/><U111/><E108/><V55/><F55/><T86/><D86/><U1/><E2/><V82/><REACH who="2" step="1"/><F85/><REACH who="2" ten="389,454,197,0" step="2"/><T71/><D71/><U67/><E1/><V124/><F124/><T92/><D107/><U120/><E67/><V83/><F83/><T59/><AGARI ba="1,1" hai="56,58,59,76,81,87,92,93,97,102,106" m="51274,31264" machi="59" ten="30,7800,0" yaku="20,1,52,3" doraHai="90" who="0" fromWho="0" sc="389,90,454,-40,197,-40,0,0" /><INIT seed="4,2,0,1,3,70" ten="479,414,157,0" oya="0" hai0="123,52,130,50,92,125,58,114,102,41,82,101,43" hai1="85,65,116,55,78,77,56,96,105,106,91,75,59" hai2="124,89,90,83,40,72,95,34,48,51,134,93,107" hai3=""/><T110/><N who="0" m="31520" /><T86/><D114/><U62/><E116/><V37/><F34/><T73/><D130/><U94/><E75/><V115/><F107/><T122/><N who="0" m="31264" /><T74/><D125/><U68/><E68/><V36/><F72/><T33/><D33/><U127/><E127/><V47/><F83/><T0/><D0/><U45/><E45/><V87/><F115/><T38/><D110/><U97/><E106/><V81/><F81/><T71/><D71/><U133/><E133/><V104/><F104/><T64/><D64/><U67/><E67/><V42/><F134/><T126/><D126/><U3/><E3/><V117/><F117/><T69/><D69/><U61/><E105/><V32/><F32/><T129/><D129/><U111/><E111/><V54/><F124/><T63/><D38/><U2/><E2/><V46/><REACH who="2" step="1"/><F54/><REACH who="2" ten="479,414,147,0" step="2"/><T80/><D73/><U128/><E128/><V60/><F60/><T49/><D74/><U132/><E132/><V100/><F100/><N who="0" m="38506" /><D80/><U119/><E119/><V135/><F135/><T88/><D82/><U35/><E35/><V44/><F44/><T39/><D63/><U118/><E118/><V120/><N who="2" m="30752" /><V121/><N who="2" m="31008" /><V1/><F1/><T108/><D108/><RYUUKYOKU ba="2,1" sc="479,-20,414,10,147,10,0,0" hai1="55,56,59,61,62,65,77,78,85,91,94,96,97" hai2="36,37,40,42,46,47,48,51,87,89,90,93,95" /><INIT seed="5,3,1,3,5,92" ten="459,424,157,0" oya="1" hai0="85,54,84,82,42,120,107,113,73,0,81,36,97" hai1="87,57,76,37,111,131,134,61,71,1,126,116,98" hai2="49,108,66,47,72,2,63,95,34,93,3,124,132" hai3=""/><U99/><E1/><V128/><F108/><T46/><N who="0" m="30752" /><T115/><D0/><U79/><E116/><V110/><F110/><T35/><D35/><U56/><E111/><V104/><F34/><T41/><D41/><U102/><E37/><V96/><F124/><T105/><D73/><U109/><E126/><V123/><N who="2" m="31520" /><V112/><F132/><T135/><D135/><U119/><E109/><V70/><F128/><T86/><D54/><U75/><E134/><V55/><F72/><T90/><D85/><U118/><E131/><V48/><F104/><T74/><D74/><U130/><E75/><V69/><F69/><T133/><D133/><U114/><E130/><V45/><F93/><T39/><D39/><U94/><E114/><N who="0" m="43529" /><D97/><U60/><E71/><V83/><F112/><T53/><D53/><U62/><E87/><V125/><F125/><T64/><D64/><U33/><E33/><V65/><F66/><T101/><D101/><U51/><E102/><V67/><F65/><T106/><D106/><U44/><E118/><V103/><REACH who="2" step="1"/><F83/><REACH who="2" ten="459,424,147,0" step="2"/><T50/><D105/><U38/><E119/><V121/><N who="2" m="31008" /><V68/><F68/><T80/><D107/><U100/><E94/><V78/><F78/><T127/><D127/><RYUUKYOKU ba="3,2" sc="459,-10,424,-10,147,20,0,0" hai2="2,3,45,47,48,49,55,63,67,70,95,96,103" /><INIT seed="6,4,2,5,1,114" ten="449,414,167,0" oya="2" hai0="53,115,109,121,95,117,112,110,101,50,127,62,97" hai1="65,98,36,84,81,41,48,68,63,54,2,45,102" hai2="123,55,58,1,99,82,75,96,128,61,3,88,133" hai3=""/><V131/><N who="2" m="31520" /><V77/><F133/><T132/><N who="0" m="31008" /><T37/><D37/><U66/><E2/><V56/><F96/><T47/><D117/><U85/><E81/><V46/><F46/><T116/><D116/><U119/><E65/><V49/><F99/><T39/><D39/><U42/><E42/><V125/><F125/><T94/><D132/><U134/><E119/><V120/><N who="2" m="30752" /><V90/><F3/><T104/><D127/><U78/><E78/><V86/><F1/><T40/><D95/><U126/><E126/><V107/><F107/><T118/><D118/><U83/><E83/><V129/><REACH who="2" step="1"/><F75/><REACH who="2" ten="449,414,157,0" step="2"/><T74/><D74/><U0/><E0/><V57/><F57/><T106/><D104/><U44/><E134/><V67/><AGARI ba="4,3" hai="49,55,56,58,61,67,77,82,86,88,90,128,129,131" m="30752,31520" machi="67" ten="30,12000,2" yaku="1,1,0,1,19,1,52,2,54,1,53,0" doraHai="114" doraHaiUra="111" who="2" fromWho="2" sc="449,-64,414,-64,157,158,0,0" /><INIT seed="6,5,0,0,1,53" ten="385,350,315,0" oya="2" hai0="94,124,103,89,1,128,106,116,105,52,112,69,64" hai1="100,131,68,45,83,86,125,55,122,72,110,118,32" hai2="111,123,46,59,49,57,134,130,37,132,62,84,73" hai3=""/><V80/><N who="2" m="31520" /><V58/><F73/><T75/><D1/><U78/><N who="1" m="31264" /><U93/><E32/><V76/><F130/><T81/><D116/><U34/><E34/><V101/><F37/><T54/><D112/><U90/><E131/><V51/><F111/><T98/><D106/><U117/><E110/><V38/><F101/><T47/><D124/><U114/><E68/><V113/><F113/><T42/><D64/><U96/><E114/><V40/><REACH who="2" step="1"/><F62/><REACH who="2" ten="385,350,305,0" step="2"/><T87/><D128/><U108/><E108/><V121/><N who="2" m="31008" /><V88/><F88/><T109/><D109/><U35/><E125/><V66/><F66/><T50/><D69/><U79/><E35/><V95/><F95/><T67/><D67/><U104/><E79/><AGARI ba="5,1" hai="42,47,50,52,54,75,79,81,87,89,94,98,103,105" machi="79" ten="40,5200,0" yaku="24,2,54,1" doraHai="53" who="0" fromWho="1" sc="385,72,350,-62,305,0,0,0" owari="457,40.0,288,-31.0,305,-9.0,0,0.0" /></mjloggm>