<mjloggm ver="2.3"><GO type="169" lobby="0"/><UN n0="%E3%81%AE%E3%81%B3%E3%81%97%E3%82%8D%E2%99%82" n1="%E5%89%AF%E6%96%99%E7%90%86%E9%95%B7" n2="%41%72%64%62%65%47" n3="%E3%82%B7%E3%82%A7%E3%83%95%E3%83%81%E3%83%A7%E3%82%B3" dan="16,16,16,16" rate="2112.61,2081.92,2055.38,2150.00" sx="M,M,M,M"/><TAIKYOKU oya="0"/><INIT seed="0,0,0,0,4,75" ten="250,250,250,250" oya="0" hai0="4,69,52,107,60,59,34,20,5,109,78,40,23" hai1="25,128,95,100,16,21,120,67,35,61,119,15,68" hai2="116,72,74,124,65,73,105,133,41,76,81,27,50" hai3="112,54,99,83,129,115,10,103,91,11,80,56,32"/><T135/><D135/><U49/><E119/><V55/><F105/><W101/><G129/><T24/><D109/><U125/><E120/><V45/><F133/><W117/><G32/><T104/><D34/><U121/><E121/><V90/><F116/><W64/><G117/><T37/><D20/><U43/><E128/><V13/><F124/><W110/><G110/><T47/><D69/><U114/><E125/><V22/><F65/><W57/><G64/><T92/><D92/><U88/><E100/><N who="3" m="38474" /><G112/><T102/><D78/><U94/><E114/><V2/><F2/><W30/><G30/><T44/><D44/><U127/><E95/><V17/><F90/><W19/><G57/><T93/><D93/><U58/><E127/><V18/><REACH who="2" step="1"/><F41/><REACH who="2" ten="250,250,240,250" step="2"/><W3/><G91/><T123/><D123/><U63/><E43/><V79/><F79/><W46/><G3/><T6/><REACH who="0" step="1"/><D102/><REACH who="0" ten="240,250,240,250" step="2"/><U33/><E68/><V84/><F84/><W0/><G115/><T36/><D36/><U51/><E94/><V118/><F118/><W132/><G132/><T1/><D1/><U77/><E77/><V87/><F87/><W26/><G0/><T42/><D42/><U39/><E39/><V111/><F111/><W38/><G38/><T131/><D131/><U134/><E134/><V96/><F96/><W122/><G99/><T12/><D12/><U14/><E14/><V70/><F70/><W28/><G122/><T7/><N who="0" m="1024" /><DORA hai="71" /><T113/><D113/><U126/><E15/><V31/><F31/><AGARI ba="0,2" hai="23,24,31,37,40,47,52,59,60,104,107" m="1024" machi="31" ten="50,9600,0" yaku="1,1,52,1,54,1,53,0" doraHai="75,71" doraHaiUra="97,130" who="0" fromWho="2" sc="240,116,250,0,240,-96,250,0" /><INIT seed="0,1,0,5,0,50" ten="356,250,144,250" oya="0" hai0="105,16,79,8,93,86,0,28,101,61,91,108,64" hai1="112,1,127,88,20,23,74,97,115,80,72,29,38" hai2="83,57,110,94,45,119,77,106,78,104,113,123,22" hai3="6,125,36,71,9,12,87,25,13,37,11,122,46"/><T100/><D108/><U134/><E1/><V26/><F123/><W116/><G116/><T54/><D105/><U107/><E38/><V30/><F113/><N who="1" m="43593" /><E127/><V39/><F119/><W135/><G125/><T4/><D28/><U128/><E128/><V102/><F110/><W96/><G135/><T130/><D130/><U14/><E29/><V69/><F69/><W131/><G131/><T84/><D54/><U121/><E121/><V49/><F78/><W34/><G71/><T95/><D16/><N who="1" m="10263" /><E134/><V114/><F114/><W68/><G68/><T65/><D65/><U118/><E23/><V24/><F24/><W33/><G25/><T3/><D3/><U52/><E118/><V53/><F39/><W27/><G27/><T32/><D32/><U75/><E107/><V76/><F45/><W120/><G46/><T17/><D17/><U63/><E97/><V85/><REACH who="2" step="1"/><F76/><REACH who="2" ten="356,250,134,250" step="2"/><W124/><G124/><T129/><D129/><U56/><E88/><V117/><F117/><W126/><G126/><T98/><D79/><AGARI ba="1,1" hai="52,56,63,72,74,75,79,80" m="10263,43593" machi="79" ten="30,7700,0" yaku="11,1,52,1,54,2" doraHai="50" who="1" fromWho="0" sc="356,-80,250,90,134,0,250,0" /><INIT seed="1,0,0,2,4,63" ten="276,340,134,250" oya="1" hai0="7,20,46,78,70,49,105,14,95,74,89,40,50" hai1="39,121,0,15,102,123,81,16,113,94,67,114,73" hai2="61,28,127,30,128,109,17,27,122,110,83,11,104" hai3="85,124,106,8,36,72,22,51,101,65,55,5,32"/><U12/><E0/><V98/><F122/><W62/><G72/><T103/><D105/><U134/><E39/><V6/><F83/><W84/><G36/><T54/><D103/><U19/><E102/><V3/><F104/><W126/><G32/><T111/><D111/><N who="2" m="42506" /><F98/><W60/><G22/><T29/><D70/><U92/><E81/><V9/><F61/><W68/><G62/><T93/><D93/><U13/><E134/><V56/><F56/><W97/><G8/><T2/><D2/><U21/><E21/><N who="2" m="13743" /><F128/><W118/><G5/><T116/><D7/><U129/><E13/><N who="2" m="5303" /><F127/><N who="3" m="48683" /><G85/><T38/><D38/><U130/><E73/><V86/><F86/><W44/><G84/><T87/><D74/><U79/><E79/><V31/><F3/><W43/><G43/><T132/><D78/><U34/><E34/><V53/><F53/><W80/><G80/><T90/><D54/><U48/><E48/><V52/><F52/><W76/><G76/><T26/><D50/><U135/><E135/><V10/><AGARI ba="0,0" hai="10,11,28,30,31" m="5303,13743,42506" machi="10" ten="40,5200,0" yaku="14,1,34,2" doraHai="63" who="2" fromWho="2" sc="276,-13,340,-26,134,52,250,-13" /><INIT seed="2,0,0,3,0,11" ten="263,314,186,237" oya="2" hai0="69,135,134,101,34,99,20,70,52,87,37,68,103" hai1="113,123,65,111,81,47,35,104,110,84,102,124,31" hai2="74,43,23,4,98,32,12,16,94,46,96,49,60" hai3="82,58,125,63,72,55,51,53,114,116,38,14,7"/><V40/><F32/><W21/><G116/><T90/><D34/><U22/><E113/><V61/><F74/><W30/><G38/><T19/><D37/><U1/><E1/><V0/><F40/><W97/><G125/><T9/><D9/><U91/><E35/><V86/><F0/><W50/><G114/><T44/><D103/><U127/><E65/><V15/><F86/><W78/><G97/><N who="2" m="37481" /><F94/><W41/><G41/><T133/><D99/><N who="1" m="61535" /><E47/><V129/><F129/><W3/><G3/><T89/><D101/><U95/><E22/><V33/><F33/><W29/><G63/><N who="2" m="24137" /><F4/><W73/><G73/><T64/><BYE who="3" /><D87/><N who="1" m="52735" /><E31/><V131/><F131/><W2/><G2/><T119/><D64/><U118/><E118/><V105/><F105/><W85/><G85/><T8/><D119/><U79/><E123/><V54/><F43/><W106/><G106/><T5/><D70/><U93/><E93/><V126/><F126/><AGARI ba="0,0" hai="79,81,84,110,111,124,126,127" m="52735,61535" machi="126" ten="30,3900,0" yaku="18,1,34,2" doraHai="11" who="1" fromWho="2" sc="263,0,314,39,186,-39,237,0" /><INIT seed="3,0,0,1,5,54" ten="263,353,147,237" oya="3" hai0="6,0,5,98,63,112,85,53,90,81,18,70,45" hai1="40,106,133,48,124,34,44,97,46,21,105,41,67" hai2="66,94,28,8,43,22,75,99,109,47,93,29,117" hai3="78,32,128,17,116,9,86,119,62,84,82,61,132"/><W19/><G19/><T24/><D112/><U27/><E34/><V59/><F117/><W120/><G120/><T121/><D121/><U15/><E133/><V115/><F115/><UN n3="%E3%82%B7%E3%82%A7%E3%83%95%E3%83%81%E3%83%A7%E3%82%B3" /><W30/><G132/><T4/><D0/><U89/><E15/><V88/><F75/><W131/><G84/><T51/><D98/><U12/><E12/><V87/><F109/><W7/><G17/><T123/><D123/><U3/><E3/><V58/><F66/><W68/><G30/><T25/><REACH who="0" step="1"/><D18/><REACH who="0" ten="253,353,147,237" step="2"/><U33/><E97/><V37/><F28/><W11/><G11/><T60/><BYE who="3" /><D60/><U1/><E1/><V23/><F8/><W95/><G95/><T80/><D80/><U36/><E106/><V26/><REACH who="2" step="1"/><F22/><REACH who="2" ten="253,353,137,237" step="2"/><W74/><G74/><T50/><D50/><U79/><E21/><V91/><AGARI ba="0,2" hai="23,26,29,37,43,47,58,59,87,88,91,93,94,99" machi="91" ten="20,12000,2" yaku="1,1,2,1,0,1,7,1,52,2,54,1,53,0" doraHai="54" doraHaiUra="126" who="2" fromWho="2" sc="253,-30,353,-30,137,140,237,-60" /><INIT seed="4,0,0,4,4,18" ten="223,323,277,177" oya="0" hai0="59,69,113,34,3,23,49,14,5,60,13,4,70" hai1="80,135,46,90,17,27,129,1,82,119,15,10,55" hai2="130,56,128,47,61,87,120,38,8,2,0,24,126" hai3="79,77,98,95,64,25,19,39,100,109,67,9,63"/><T22/><D113/><U112/><E119/><V74/><F120/><W52/><G52/><T121/><D34/><U97/><E129/><N who="2" m="49771" /><F74/><UN n3="%E3%82%B7%E3%82%A7%E3%83%95%E3%83%81%E3%83%A7%E3%82%B3" /><W123/><G123/><T57/><D121/><U124/><E135/><V66/><F126/><W99/><G39/><T125/><D49/><U81/><E124/><V58/><F87/><W35/><G109/><T118/><D3/><U116/><E116/><V45/><F45/><W32/><G67/><T117/><REACH who="0" step="1"/><D60/><REACH who="0" ten="213,323,277,177" step="2"/><U127/><E1/><V40/><F0/><W114/><G114/><T62/><D62/><U94/><E112/><V51/><F51/><W53/><G35/><T37/><D37/><U68/><E127/><AGARI ba="0,1" hai="4,5,13,14,22,23,57,59,69,70,117,118,125,127" machi="127" ten="25,12000,1" yaku="1,1,22,2,52,2,53,0" doraHai="18" doraHaiUra="92" who="0" fromWho="1" sc="213,130,323,-120,277,0,177,0" /><INIT seed="4,1,0,3,1,21" ten="343,203,277,177" oya="0" hai0="55,62,33,51,34,85,38,68,18,130,118,61,70" hai1="128,127,83,49,8,93,82,72,67,133,56,102,14" hai2="41,29,46,80,107,132,112,43,50,7,108,134,114" hai3="23,135,25,92,40,3,2,88,110,39,96,75,77"/><T129/><D118/><U89/><E127/><V60/><F107/><W121/><G110/><T100/><D38/><U54/><E128/><V11/><F108/><W84/><G135/><N who="2" m="51753" /><F80/><W95/><G121/><T86/><D51/><U47/><E133/><V116/><F116/><W30/><G75/><T32/><D32/><U44/><E102/><V16/><F60/><W24/><G77/><T71/><D71/><U104/><E104/><V15/><F29/><W31/><G40/><T42/><D42/><U20/><E20/><N who="2" m="11295" /><F41/><W99/><G39/><T58/><D18/><U74/><E74/><V111/><F111/><W76/><G76/><T101/><D58/><U27/><E72/><V28/><F28/><W122/><G122/><T117/><D117/><U17/><E27/><V115/><F11/><W98/><REACH who="3" step="1"/><G92/><REACH who="3" ten="343,203,277,167" step="2"/><T94/><D94/><U90/><E83/><V35/><F35/><AGARI ba="1,1" hai="2,3,23,24,25,30,31,35,84,88,95,96,98,99" machi="35" ten="40,8000,1" yaku="1,1,2,1,52,2,54,1,53,0" doraHai="21" doraHaiUra="63" who="3" fromWho="2" sc="343,0,203,0,277,-83,167,93" /><INIT seed="5,0,0,3,4,35" ten="343,203,194,260" oya="1" hai0="121,117,81,56,21,46,44,16,71,130,1,103,107" hai1="97,86,124,11,63,101,57,53,51,95,79,132,82" hai2="122,119,37,99,68,108,127,125,20,6,3,47,49" hai3="15,70,74,94,80,14,17,10,111,90,43,0,102"/><U84/><E124/><V24/><F108/><W4/><G111/><T109/><D109/><U13/><E132/><V9/><F37/><W73/><G70/><T131/><D117/><U98/><E98/><V34/><F119/><W27/><G102/><T88/><D71/><U52/><E86/><V31/><F68/><W26/><G43/><T114/><D1/><U72/><E72/><V92/><F122/><W30/><G80/><T115/><D56/><U116/><E116/><V25/><F25/><W66/><G66/><T58/><D58/><U85/><E85/><V100/><REACH who="2" step="1"/><F34/><REACH who="2" ten="343,203,184,260" step="2"/><W59/><G26/><N who="0" m="14631" /><D130/><U18/><REACH who="1" step="1"/><E51/><REACH who="1" ten="343,193,184,260" step="2"/><V91/><F91/><W39/><G90/><T69/><D88/><U54/><AGARI ba="0,2" hai="11,13,18,52,53,54,57,63,79,82,84,95,97,101" machi="54" ten="20,18000,2" yaku="1,1,2,1,0,1,7,1,8,1,54,1,53,1" doraHai="35" doraHaiUra="93" who="1" fromWho="1" sc="343,-60,193,200,184,-60,260,-60" /><INIT seed="5,1,0,1,3,77" ten="283,393,124,200" oya="1" hai0="21,92,40,47,13,126,9,68,119,97,101,42,91" hai1="133,11,118,56,30,39,94,79,14,130,116,69,83" hai2="51,76,43,59,109,15,36,84,4,102,18,78,117" hai3="55,46,26,85,111,121,3,10,6,37,71,108,29"/><U106/><E69/><V52/><F109/><W2/><G121/><T98/><D126/><U112/><E106/><V53/><F117/><W122/><G122/><T49/><D119/><U20/><E39/><V61/><F4/><W58/><G3/><T120/><D120/><U132/><E94/><V95/><F36/><W33/><G71/><T8/><D68/><U75/><E112/><V34/><F34/><W31/><G31/><T96/><D21/><U16/><E130/><V32/><F32/><W35/><G35/><T123/><D123/><U124/><E124/><V127/><F43/><W107/><G107/><T129/><D129/><U27/><E133/><V19/><F127/><W7/><G7/><T128/><D128/><U135/><E135/><V103/><F78/><W81/><G46/><T72/><D72/><U60/><REACH who="1" step="1"/><E132/><REACH who="1" ten="283,383,124,200" step="2"/><V38/><F38/><W41/><G37/><T67/><D92/><U45/><E45/><V66/><F95/><W62/><REACH who="3" step="1"/><G41/><REACH who="3" ten="283,383,124,190" step="2"/><T57/><D42/><U5/><E5/><V65/><F103/><W114/><G114/><T82/><D47/><U88/><E88/><AGARI ba="1,2" hai="2,6,10,26,29,33,55,58,62,81,85,88,108,111" machi="88" ten="30,7700,0" yaku="1,1,7,1,52,1,54,1,53,0" doraHai="77" doraHaiUra="44" who="3" fromWho="1" sc="283,0,383,-80,124,0,190,100" /><INIT seed="6,0,0,5,4,3" ten="283,303,124,290" oya="2" hai0="10,98,66,41,96,116,25,95,91,100,74,0,67" hai1="32,119,76,105,77,131,79,13,97,27,53,8,59" hai2="121,2,14,23,132,46,69,47,11,22,29,54,92" hai3="24,120,36,117,125,109,75,60,58,64,133,31,71"/><V50/><F121/><W101/><G109/><T83/><D116/><U18/><E119/><V19/><F69/><W103/><G117/><T9/><D9/><U15/><E131/><V63/><F132/><W127/><G120/><T39/><D25/><U28/><E105/><V35/><F92/><W4/><G133/><T104/><D39/><U43/><E43/><V57/><F22/><W49/><G75/><T86/><D41/><U114/><E97/><V130/><F130/><W102/><G36/><T110/><D110/><U30/><E30/><V82/><F82/><W12/><G4/><T129/><D129/><U87/><E114/><V38/><F38/><W115/><G12/><T7/><REACH who="0" step="1"/><D74/><REACH who="0" ten="273,303,124,290" step="2"/><U85/><REACH who="1" step="1"/><E15/><REACH who="1" ten="273,293,124,290" step="2"/><V52/><F2/><W78/><G115/><T88/><AGARI ba="0,2" hai="0,7,10,66,67,83,86,88,91,95,96,98,100,104" machi="88" ten="20,12000,2" yaku="1,1,2,1,0,1,7,1,52,1,54,1,53,0" doraHai="3" doraHaiUra="37" who="0" fromWho="0" sc="273,140,293,-30,124,-60,290,-30" /><INIT seed="7,0,0,0,5,111" ten="413,263,64,260" oya="3" hai0="38,16,41,80,105,50,15,81,7,45,43,118,73" hai1="76,122,93,62,116,48,30,51,114,27,84,86,120" hai2="110,1,78,3,2,131,126,127,60,31,129,44,109" hai3="33,104,87,55,94,18,125,103,14,21,123,39,70"/><W46/><G123/><T24/><D118/><U95/><E116/><V13/><F78/><W20/><G33/><T19/><D105/><U52/><E114/><V32/><F60/><W59/><G125/><T115/><D115/><U88/><E122/><V29/><F44/><W130/><G130/><T117/><D117/><U134/><E134/><V68/><F68/><W54/><G70/><T124/><D124/><U100/><E120/><V132/><F3/><W11/><G104/><T67/><D73/><U53/><E100/><V17/><F32/><W85/><G103/><T83/><D67/><U36/><E36/><V74/><F74/><W64/><G64/><T58/><D7/><U56/><E53/><V65/><F65/><W89/><G85/><T4/><D4/><U61/><E61/><V99/><F99/><W9/><G20/><N who="0" m="13319" /><D38/><U8/><E8/><V98/><F98/><W63/><REACH who="3" step="1"/><G39/><REACH who="3" ten="413,263,64,250" step="2"/><T22/><D22/><N who="1" m="15735" /><E95/><V57/><F57/><W106/><G106/><T133/><D58/><U34/><E34/><V128/><F128/><W5/><G5/><T96/><D96/><U75/><E75/><V91/><F132/><W108/><G108/><T135/><D133/><U26/><E26/><V79/><F91/><W119/><G119/><T23/><D135/><U10/><E10/><V25/><F79/><W121/><G121/><T0/><D23/><U113/><E113/><V42/><F25/><W35/><G35/><T97/><D97/><U82/><AGARI ba="0,1" hai="48,51,52,56,62,76,82,84,86,88,93" m="15735" machi="82" ten="30,4000,0" yaku="8,1,54,2" doraHai="111" who="1" fromWho="1" sc="413,-10,263,50,64,-10,250,-20" owari="403,51.0,313,11.0,54,-45.0,230,-17.0" /></mjloggm>