<mjloggm ver="2.3"><GO type="169" lobby="0"/><UN n0="%E7%9B%B4%E5%93%89" n1="%E3%81%AE%E3%81%B3%E3%81%97%E3%82%8D%E2%99%82" n2="%E6%9D%BE%E5%B1%8B%E3%81%8A%E3%81%98%E3%81%95%E3%82%93" n3="%E3%81%AF%E3%83%BC%E3%81%B4%E3%82%87%E3%82%93" dan="16,16,17,17" rate="2045.93,2115.92,2145.67,2251.15" sx="M,M,M,F"/><TAIKYOKU oya="0"/><INIT seed="0,0,0,3,4,42" ten="250,250,250,250" oya="0" hai0="66,121,55,38,92,115,35,58,6,37,43,97,49" hai1="19,63,47,9,134,44,94,51,99,24,2,61,64" hai2="13,32,112,117,102,59,18,70,110,86,128,28,7" hai3="100,54,103,129,111,73,3,22,21,104,17,57,1"/><T109/><D115/><U62/><E134/><V69/><F112/><W15/><G111/><T41/><D121/><U74/><E74/><V52/><F110/><W26/><G73/><T132/><D109/><U96/><E64/><V119/><F7/><W10/><G129/><T77/><D35/><U56/><E2/><V93/><F128/><W76/><G76/><T27/><D132/><U75/><E75/><V130/><F130/><W81/><G81/><T120/><D120/><U60/><E99/><N who="2" m="59759" /><F28/><W33/><G104/><T53/><D77/><U45/><E56/><V118/><F86/><W48/><G22/><T124/><D124/><U31/><N who="1" m="15360" /><DORA hai="126" /><U131/><E131/><V122/><F32/><W105/><G105/><T83/><D83/><U101/><E9/><N who="2" m="6447" /><F122/><W23/><G23/><T8/><D27/><U78/><E19/><V127/><F127/><W50/><G33/><T16/><D66/><U89/><E78/><V133/><F133/><W125/><G125/><T11/><D37/><U65/><E65/><V30/><F30/><W91/><G1/><T135/><D38/><U34/><REACH who="1" step="1"/><E101/><REACH who="1" ten="250,240,250,250" step="2"/><V113/><F113/><W84/><G3/><T90/><D135/><U46/><E46/><V39/><F70/><W80/><REACH who="3" step="1"/><G48/><AGARI ba="0,1" hai="24,31,34,44,45,47,48,51,89,94,96" m="15360" machi="48" ten="60,8000,1" yaku="1,1,52,3,53,1" doraHai="42,126" doraHaiUra="36,88" who="1" fromWho="3" sc="250,0,240,90,250,0,250,-80" /><INIT seed="1,0,0,5,1,99" ten="250,330,250,170" oya="1" hai0="42,93,9,56,96,14,130,95,33,2,46,70,85" hai1="18,15,94,11,135,41,125,61,97,52,21,134,62" hai2="108,121,126,86,55,117,89,78,8,63,81,6,49" hai3="57,101,51,73,40,12,129,64,38,112,65,34,98"/><U37/><E125/><V48/><F117/><W50/><G112/><T36/><D70/><U39/><E11/><V133/><F108/><W1/><G1/><T124/><D33/><U127/><E127/><V77/><F126/><W116/><G116/><T122/><D130/><U17/><E17/><V5/><F121/><W103/><G129/><T113/><D113/><U45/><E39/><V35/><F35/><W102/><G34/><T3/><D122/><U31/><E31/><V74/><F133/><N who="1" m="50697" /><E52/><V22/><F22/><W119/><G119/><T75/><D75/><U72/><E72/><V120/><F120/><W88/><G73/><T92/><D124/><U0/><E0/><V26/><F26/><W20/><G38/><T131/><D131/><U25/><E25/><V118/><F118/><W53/><G20/><T115/><D115/><U29/><E29/><V107/><F6/><W106/><G12/><T59/><D2/><U13/><E15/><N who="2" m="5519" /><F74/><W16/><G16/><T23/><D23/><U69/><E69/><V90/><F49/><W66/><REACH who="3" step="1"/><G88/><AGARI ba="0,0" hai="13,18,21,37,41,45,61,62,88,94,97" m="50697" machi="88" ten="30,2900,0" yaku="20,1,54,1" doraHai="99" who="1" fromWho="3" sc="250,0,330,29,250,0,170,-29" /><INIT seed="1,1,0,0,4,83" ten="250,359,250,141" oya="1" hai0="51,52,4,30,117,93,42,99,44,58,3,61,74" hai1="64,63,14,66,76,6,26,5,96,111,94,118,21" hai2="100,104,86,81,45,60,89,43,106,134,95,120,48" hai3="67,119,33,16,38,47,87,84,1,124,129,92,41"/><U78/><E118/><V91/><F120/><W36/><G119/><T10/><D117/><U82/><E111/><V17/><F134/><W71/><G124/><T46/><D74/><U62/><E62/><V19/><F100/><W107/><G107/><T70/><D30/><U85/><E78/><V73/><F73/><W35/><G129/><T114/><D114/><U37/><E37/><V59/><F106/><W130/><G130/><T127/><D127/><U65/><E14/><V20/><F104/><W122/><G38/><T8/><D8/><U28/><REACH who="1" step="1"/><E63/><REACH who="1" ten="250,349,250,141" step="2"/><V112/><F112/><W79/><G36/><T72/><D72/><U69/><E69/><V128/><F128/><W133/><G71/><T80/><D70/><U108/><E108/><V102/><F102/><AGARI ba="1,1" hai="5,6,21,26,28,64,65,66,76,82,85,94,96,102" machi="102" ten="40,7700,0" yaku="1,1,8,1,52,1,53,0" doraHai="83" doraHaiUra="68" who="1" fromWho="2" sc="250,0,349,90,250,-80,141,0" /><INIT seed="1,2,0,0,3,104" ten="250,439,170,141" oya="1" hai0="119,127,90,133,49,54,2,66,40,57,6,107,68" hai1="72,110,9,86,124,84,36,121,125,69,39,100,87" hai2="48,79,97,52,20,10,91,89,105,92,0,70,46" hai3="44,115,1,130,109,93,8,29,73,5,51,42,59"/><U132/><E132/><V120/><F120/><W22/><G109/><T50/><D107/><U26/><E121/><V128/><F128/><W28/><G130/><T85/><D119/><U47/><E110/><V95/><F70/><W101/><G115/><T83/><D127/><U32/><E69/><V62/><F105/><W35/><G35/><T56/><D133/><U67/><E67/><V75/><F20/><W19/><G73/><T76/><D2/><U21/><E32/><V34/><F34/><W23/><G23/><T33/><D33/><U15/><E100/><V112/><F112/><W4/><G4/><T60/><D6/><U99/><E99/><V45/><F62/><W117/><G117/><T123/><D123/><U111/><E111/><V17/><F46/><W114/><G114/><T77/><D68/><U55/><E72/><V108/><F108/><W94/><G59/><T12/><D12/><U31/><E55/><V102/><F0/><W3/><G3/><T27/><D27/><U106/><E106/><V116/><F116/><W78/><G78/><T82/><D82/><U30/><E30/><V61/><F61/><W135/><G135/><T38/><D38/><U103/><E103/><V11/><F102/><W43/><G43/><T16/><D16/><N who="1" m="8303" /><E47/><AGARI ba="2,0" hai="40,47,49,50,54,56,57,60,66,76,77,83,85,90" machi="47" ten="40,1300,0" yaku="8,1" doraHai="104" who="0" fromWho="1" sc="250,19,439,-19,170,0,141,0" /><INIT seed="2,0,0,3,2,65" ten="269,420,170,141" oya="2" hai0="106,94,13,96,119,55,49,26,31,53,66,32,17" hai1="39,115,97,35,86,69,110,36,56,20,54,58,98" hai2="81,99,30,51,7,46,114,123,77,113,68,6,76" hai3="0,112,71,103,1,10,135,38,101,92,14,72,93"/><V33/><F123/><W117/><G117/><T85/><D119/><U127/><E69/><V109/><F68/><W2/><G135/><T45/><D66/><U131/><E35/><V22/><F33/><W132/><G132/><T80/><D106/><U16/><E115/><V37/><F37/><W44/><G112/><T108/><D108/><U9/><E9/><V102/><F109/><W87/><G72/><T88/><D55/><U128/><E110/><V90/><F90/><W130/><G130/><N who="1" m="49706" /><E86/><V104/><F114/><W52/><G71/><T3/><D3/><U67/><E67/><V78/><F81/><W57/><G44/><T43/><D43/><U79/><E79/><V126/><F126/><W122/><G38/><T120/><D120/><U62/><E127/><V4/><F113/><W40/><G40/><T18/><REACH who="0" step="1"/><D13/><REACH who="0" ten="259,420,170,141" step="2"/><U59/><E54/><V23/><REACH who="2" step="1"/><F30/><REACH who="2" ten="259,420,160,141" step="2"/><W133/><G122/><T82/><D82/><U50/><E39/><V124/><F124/><W129/><G133/><T64/><D64/><U83/><E36/><V95/><F95/><W8/><G129/><T27/><D27/><U19/><E83/><V34/><F34/><W84/><G93/><T107/><D107/><U91/><E91/><AGARI ba="0,2" hai="17,18,26,31,32,45,49,53,80,85,88,91,94,96" machi="91" ten="30,8000,1" yaku="1,1,7,1,54,1,53,2" doraHai="65" doraHaiUra="12" who="0" fromWho="1" sc="259,100,420,-80,160,0,141,0" /><INIT seed="3,0,0,0,4,51" ten="359,340,160,141" oya="3" hai0="62,26,73,64,70,55,24,68,63,44,74,57,132" hai1="3,78,69,109,48,79,23,131,86,34,13,31,18" hai2="15,93,33,123,135,120,134,124,38,126,128,76,46" hai3="94,4,72,90,122,105,21,96,2,50,103,30,110"/><W7/><G122/><N who="2" m="46633" /><F33/><W66/><G72/><T40/><D132/><N who="2" m="50730" /><F76/><W100/><G110/><T82/><D70/><U111/><E69/><V71/><F93/><W47/><G66/><T11/><D11/><U133/><E133/><V41/><F15/><W114/><G114/><T95/><D95/><U14/><E3/><V121/><N who="2" m="46641" /><V117/><DORA hai="92" /><F117/><W115/><G115/><T10/><D10/><U91/><E131/><V59/><F71/><W16/><G30/><T28/><D82/><U53/><E14/><V39/><F39/><W84/><G103/><T116/><D24/><U83/><E31/><V54/><F128/><W77/><G77/><T58/><D68/><U119/><E34/><V56/><F56/><W102/><G102/><T9/><D9/><U130/><E119/><V106/><F106/><W20/><G2/><T87/><D87/><U22/><E22/><V107/><F107/><W88/><G90/><T35/><REACH who="0" step="1"/><D116/><REACH who="0" ten="349,340,160,141" step="2"/><U12/><E130/><V36/><F36/><AGARI ba="0,1" hai="26,28,35,36,40,44,55,57,58,62,63,64,73,74" machi="36" ten="30,8000,1" yaku="1,1,2,1,7,1,52,1,53,1" doraHai="51,92" doraHaiUra="85,42" who="0" fromWho="2" sc="349,90,340,0,160,-80,141,0" /><INIT seed="4,0,0,2,1,118" ten="439,340,80,141" oya="0" hai0="7,135,31,23,30,97,17,115,1,87,78,80,43" hai1="57,50,95,109,52,11,82,96,32,103,16,40,119" hai2="113,89,49,64,79,83,126,102,46,132,33,27,51" hai3="94,133,72,73,68,117,90,69,56,124,106,0,61"/><T70/><D70/><U76/><E109/><V71/><F113/><W44/><G117/><T55/><D115/><U21/><E119/><V130/><F130/><W93/><G106/><T74/><D135/><U10/><E32/><V63/><F126/><W36/><G0/><T110/><D110/><U20/><E20/><V6/><F132/><W62/><G124/><T39/><D39/><U111/><E40/><V37/><F6/><W91/><G133/><T25/><D43/><U19/><E111/><V121/><F89/><W34/><G56/><T92/><D74/><U123/><E123/><V86/><F121/><W24/><G24/><T100/><D1/><U18/><REACH who="1" step="1"/><E21/><REACH who="1" ten="439,330,80,141" step="2"/><V66/><F33/><W98/><G34/><T59/><REACH who="0" step="1"/><D7/><REACH who="0" ten="429,330,80,141" step="2"/><U101/><E101/><V60/><F102/><W81/><G72/><AGARI ba="0,2" hai="10,11,16,18,19,50,52,57,72,76,82,95,96,103" machi="72" ten="40,5200,0" yaku="1,1,54,2,53,0" doraHai="118" doraHaiUra="9" who="1" fromWho="3" sc="429,0,330,72,80,0,141,-52" /><INIT seed="5,0,0,0,1,92" ten="429,402,80,89" oya="1" hai0="91,113,8,6,77,54,72,133,15,3,39,23,48" hai1="87,32,28,81,101,89,128,98,111,76,114,70,121" hai2="63,127,31,86,55,95,34,16,1,35,61,50,132" hai3="118,66,88,38,56,117,44,12,123,84,100,42,53"/><U94/><E114/><V49/><F1/><W106/><G123/><T134/><D39/><U131/><E121/><V126/><F132/><N who="0" m="50794" /><D113/><U64/><E32/><N who="2" m="12331" /><F31/><W25/><G66/><T74/><D91/><U24/><E64/><V97/><F86/><W0/><G0/><T45/><D77/><U85/><E70/><V43/><F43/><W47/><G47/><T58/><D45/><U41/><E41/><V130/><F16/><AGARI ba="0,0" hai="3,6,8,15,16,23,48,54,58,72,74" m="50794" machi="16" ten="30,2000,0" yaku="20,1,54,1" doraHai="92" who="0" fromWho="2" sc="429,20,402,0,80,-20,89,0" /><INIT seed="6,0,0,1,1,76" ten="449,402,60,89" oya="2" hai0="14,75,45,60,25,49,132,123,31,33,22,11,91" hai1="69,53,62,73,128,77,55,23,50,86,30,118,38" hai2="26,10,66,57,78,108,46,43,7,84,59,52,121" hai3="0,32,56,36,117,48,113,101,13,3,44,116,114"/><V135/><F121/><W17/><G32/><T107/><D107/><U12/><E128/><V29/><F135/><W15/><G36/><T106/><D106/><U71/><E118/><V20/><F108/><W104/><G56/><T67/><D75/><U103/><E38/><V70/><F70/><W61/><G61/><T133/><D123/><U34/><E73/><V94/><F66/><W110/><G13/><T21/><D91/><U1/><E1/><V130/><F94/><W105/><G110/><T5/><D133/><U89/><E77/><V9/><F59/><W85/><G85/><T131/><D131/><U74/><E74/><V64/><F64/><W39/><G39/><T72/><D72/><U40/><E34/><V129/><F129/><W122/><G122/><T83/><D83/><U41/><E103/><V134/><F134/><W102/><G105/><T18/><D5/><U96/><E96/><V68/><F68/><W115/><G3/><T81/><D81/><U93/><E71/><V120/><F120/><W58/><G58/><T88/><D88/><U51/><E51/><N who="2" m="27103" /><F7/><W90/><G0/><T28/><D28/><U125/><E125/><V95/><F130/><W124/><G124/><T109/><D109/><U2/><E2/><V111/><F111/><W37/><G37/><T54/><D132/><U6/><E69/><AGARI ba="0,0" hai="11,14,18,21,22,25,31,33,45,49,54,60,67,69" machi="69" ten="30,1000,0" yaku="7,1" doraHai="76" who="0" fromWho="1" sc="449,10,402,-10,60,0,89,0" /><INIT seed="7,0,0,1,1,34" ten="459,392,60,89" oya="3" hai0="80,35,133,16,91,106,23,42,135,99,94,17,37" hai1="25,112,93,59,22,5,68,75,60,130,128,95,44" hai2="45,126,32,29,79,14,134,53,119,11,21,72,51" hai3="12,47,52,118,97,76,125,27,109,19,84,33,81"/><W110/><G118/><T78/><D35/><U65/><E75/><V13/><F119/><W129/><G129/><T18/><D106/><U3/><E112/><V88/><F126/><W90/><G125/><T103/><D37/><U117/><E117/><V38/><F134/><N who="0" m="51210" /><D42/><U108/><E108/><N who="3" m="41578" /><G27/><N who="0" m="14823" /><D103/><U113/><E113/><V43/><F32/><W46/><G33/><T9/><D9/><U101/><E68/><V2/><F88/><W111/><G111/><T115/><D115/><U57/><E57/><N who="2" m="32959" /><F29/><W28/><G28/><T131/><D131/><U120/><E120/><V58/><F58/><W67/><G67/><T48/><D48/><U56/><E56/><V121/><F21/><N who="3" m="11495" /><G52/><T30/><D30/><U124/><E124/><V86/><F121/><W4/><G4/><T10/><D10/><N who="1" m="2367" /><E44/><V98/><F11/><W104/><G90/><T50/><D50/><U82/><E130/><V73/><F13/><W63/><G63/><T41/><D41/><U61/><E61/><V83/><F14/><W7/><G7/><T0/><D0/><U62/><E62/><V87/><F2/><W107/><G107/><T54/><D54/><U71/><E59/><V105/><F72/><AGARI ba="0,0" hai="17,18,72,78,80,91,94,99" m="14823,51210" machi="72" ten="30,2000,0" yaku="20,1,54,1" doraHai="34" who="0" fromWho="2" sc="459,20,392,0,60,-20,89,0" owari="479,58.0,392,19.0,40,-46.0,89,-31.0" /></mjloggm>