<mjloggm ver="2.3"><GO type="169" lobby="0"/><UN n0="%E6%B0%B4%E5%93%89%E3%81%AE%E3%83%AC%E3%82%B8%E3%82%A7%E3%83%B3%E3%83%89" n1="%78%78%62%6D%6D" n2="%E7%B4%AB%E3%81%AE%E9%8F%A1" n3="%E3%81%8B%E3%81%A5%E3%81%8D%EF%BC%B8%EF%BC%A9" dan="16,17,18,16" rate="2117.61,2167.12,2291.30,2086.96" sx="M,M,M,M"/><TAIKYOKU oya="0"/><INIT seed="0,0,0,2,0,61" ten="250,250,250,250" oya="0" hai0="130,25,46,15,13,108,52,30,122,129,31,12,115" hai1="22,37,87,89,44,49,77,64,104,2,10,120,53" hai2="3,65,7,32,124,20,86,98,85,66,56,39,74" hai3="41,81,117,135,94,127,33,55,54,59,57,95,92"/><T5/><D122/><U93/><E104/><V134/><F32/><W119/><G33/><T82/><D115/><U106/><E106/><V102/><F74/><W21/><G41/><T112/><D112/><U69/><E120/><V6/><F39/><W105/><G105/><T80/><D5/><N who="2" m="1546" /><F3/><W91/><G135/><T97/><D97/><U133/><E10/><V132/><F20/><W48/><G127/><T38/><D38/><U121/><E2/><V107/><F56/><W9/><G9/><T73/><D108/><U40/><E133/><N who="2" m="51307" /><F124/><W103/><G103/><T72/><D25/><U126/><E126/><V34/><F34/><W123/><G123/><T1/><D1/><U128/><E22/><V131/><F131/><N who="0" m="50186" /><D46/><U24/><E24/><V63/><F63/><W42/><G42/><T116/><D52/><U58/><E128/><V76/><F76/><W110/><G110/><T35/><D35/><U11/><E121/><V29/><F29/><N who="0" m="10762" /><D116/><U84/><E11/><V28/><F28/><W75/><G117/><T88/><D88/><U83/><REACH who="1" step="1"/><E69/><REACH who="1" ten="250,240,250,250" step="2"/><V101/><F101/><W96/><G119/><T118/><D118/><U100/><E100/><V67/><AGARI ba="0,1" hai="65,66,67,85,86,98,102,107" m="51307,1546" machi="67" ten="40,8000,1" yaku="20,1,52,3" doraHai="61" who="2" fromWho="2" sc="250,-40,240,-20,250,90,250,-20" /><INIT seed="1,0,0,4,2,0" ten="210,220,340,230" oya="1" hai0="129,21,77,63,64,104,28,16,65,19,99,119,10" hai1="51,56,6,55,43,135,39,69,87,1,117,128,71" hai2="73,42,130,57,95,132,12,35,111,13,37,81,82" hai3="67,32,15,120,102,23,131,114,52,62,40,46,92"/><U68/><E117/><V27/><F111/><W29/><G32/><T58/><D119/><U74/><E74/><V36/><F130/><W96/><G114/><T75/><D129/><U9/><E128/><V107/><F107/><W90/><G120/><T8/><D75/><U49/><E135/><V86/><F132/><W78/><G131/><T45/><D77/><U72/><E72/><V26/><F73/><W103/><G78/><T11/><D64/><U17/><E87/><V121/><F121/><W4/><G29/><T2/><D2/><U94/><E94/><V133/><F133/><W79/><G79/><T124/><D124/><U31/><E31/><V83/><F57/><N who="3" m="35111" /><G23/><T118/><D118/><U100/><E100/><N who="3" m="38442" /><G67/><T127/><D127/><U85/><E85/><V84/><F35/><W134/><G134/><T53/><D99/><U44/><REACH who="1" step="1"/><E17/><REACH who="1" ten="210,210,340,230" step="2"/><V91/><F84/><W61/><G96/><T105/><D105/><U80/><E80/><V30/><F86/><W101/><G101/><T112/><D104/><U98/><E98/><V76/><F82/><W66/><G92/><T34/><D28/><U125/><E125/><V18/><F30/><W109/><G90/><T48/><D34/><U108/><E108/><V59/><F91/><W93/><G93/><T33/><D33/><U20/><E20/><V38/><F95/><W122/><G109/><T123/><D123/><U47/><E47/><V106/><F106/><W60/><G122/><T22/><D112/><U50/><AGARI ba="0,1" hai="1,6,9,39,43,44,49,50,51,55,56,68,69,71" machi="50" ten="40,12000,1" yaku="1,1,0,1,52,1,53,1" doraHai="0" doraHaiUra="3" who="1" fromWho="1" sc="210,-40,210,130,340,-40,230,-40" /><INIT seed="1,1,0,1,1,106" ten="170,340,300,190" oya="1" hai0="102,101,27,11,40,1,128,31,21,54,32,125,16" hai1="2,109,120,3,62,46,119,135,15,28,72,48,12" hai2="53,124,79,89,85,66,111,105,100,103,44,97,5" hai3="118,64,127,90,24,42,26,82,75,43,95,84,93"/><U41/><E119/><V108/><F66/><W94/><G127/><T87/><D125/><U58/><E120/><V70/><F70/><W34/><G34/><T52/><D128/><U110/><E28/><V117/><F5/><W20/><G118/><T99/><D40/><U73/><E135/><V8/><F8/><W122/><G122/><T0/><D87/><U38/><E48/><V6/><F6/><W86/><G26/><T29/><D29/><U63/><E15/><V76/><F53/><W36/><G64/><T25/><D101/><U132/><E12/><V133/><F44/><W134/><G134/><T92/><REACH who="0" step="1"/><D11/><REACH who="0" ten="160,340,300,190" step="2"/><U45/><E132/><V114/><F124/><W4/><G43/><T65/><D65/><U67/><E62/><V18/><F103/><W69/><G42/><T35/><D35/><U60/><E63/><V91/><F85/><W96/><G86/><T116/><D116/><U81/><E81/><V78/><F117/><W10/><G84/><T77/><D77/><U30/><E30/><V59/><F133/><W19/><G82/><T104/><D104/><U123/><E123/><V50/><F105/><W131/><G131/><T126/><D126/><U22/><E22/><V14/><F76/><W130/><G130/><T7/><D7/><U107/><E107/><V39/><F78/><W74/><G10/><T23/><D23/><U57/><E67/><V56/><F79/><W98/><G4/><T113/><D113/><U68/><E41/><V88/><F114/><W61/><G20/><T129/><D129/><U13/><E60/><V49/><F100/><RYUUKYOKU ba="1,1" sc="160,30,340,-10,300,-10,190,-10" hai0="0,1,16,21,25,27,31,32,52,54,92,99,102" /><INIT seed="2,2,1,4,0,34" ten="190,330,290,180" oya="2" hai0="98,15,77,28,99,106,109,21,120,36,57,52,74" hai1="85,38,19,10,37,129,53,14,111,6,115,48,3" hai2="43,69,31,24,5,105,63,83,107,87,68,114,76" hai3="132,128,117,113,27,126,112,100,81,35,78,44,62"/><V29/><F114/><N who="3" m="44139" /><G117/><T75/><D120/><U79/><E115/><V104/><F43/><W124/><G62/><T47/><D109/><U25/><E111/><V60/><F5/><W73/><G128/><T94/><D106/><U39/><E129/><V2/><F2/><W123/><G123/><T122/><D99/><U58/><E25/><V65/><REACH who="2" step="1"/><F24/><REACH who="2" ten="190,330,280,180" step="2"/><W22/><G27/><T41/><D122/><U46/><E6/><V135/><F135/><W101/><G132/><T119/><D119/><U84/><E3/><V82/><F82/><W42/><G35/><T72/><D15/><U0/><E0/><V88/><F88/><W56/><G22/><T118/><D118/><U59/><E79/><V16/><F16/><W9/><G9/><T97/><D21/><U131/><E131/><V93/><F93/><W125/><G56/><T90/><D28/><U33/><E33/><V61/><F61/><W102/><G101/><T91/><D77/><U20/><E20/><V133/><F133/><W7/><G7/><T4/><D4/><U26/><E26/><V8/><F8/><W110/><G110/><T1/><D1/><U70/><E59/><V86/><F86/><W103/><G103/><T95/><D75/><U127/><E58/><V66/><AGARI ba="2,2" hai="29,31,60,63,65,66,68,69,76,83,87,104,105,107" machi="66" ten="40,7800,0" yaku="1,1,0,1,9,1,53,0" doraHai="34" doraHaiUra="49" who="2" fromWho="2" sc="190,-28,330,-28,280,104,180,-28" /><INIT seed="2,3,0,2,5,51" ten="162,302,384,152" oya="2" hai0="15,126,26,131,64,97,84,17,113,96,56,19,54" hai1="61,77,60,133,109,102,27,49,127,117,52,28,107" hai2="105,21,13,101,3,120,91,111,20,35,47,41,5" hai3="106,85,75,24,1,114,22,0,128,12,87,42,69"/><V10/><F120/><W45/><G69/><T104/><D131/><U76/><E117/><V99/><F35/><W2/><G75/><T9/><D126/><U70/><E127/><V88/><F111/><W29/><G106/><T57/><D113/><U134/><E109/><V132/><F132/><N who="1" m="50793" /><E102/><V48/><F3/><W65/><G65/><T4/><D104/><U92/><E92/><V58/><F58/><W74/><G74/><T94/><D84/><U46/><E107/><V72/><F72/><W11/><G128/><T16/><D26/><U34/><E70/><V86/><REACH who="2" step="1"/><F91/><REACH who="2" ten="162,302,374,152" step="2"/><W78/><G114/><T14/><D14/><U125/><E125/><V31/><F31/><W112/><G112/><T100/><D57/><N who="1" m="34855" /><E61/><V135/><F135/><W40/><G2/><T122/><D122/><U79/><E79/><V115/><F115/><W63/><G1/><T6/><D56/><U7/><E7/><V80/><AGARI ba="3,1" hai="5,10,13,20,21,41,47,48,80,86,88,99,101,105" machi="80" ten="20,7800,0" yaku="1,1,0,1,7,1,54,1,53,0" doraHai="51" doraHaiUra="62" who="2" fromWho="2" sc="162,-29,302,-29,374,97,152,-29" /><INIT seed="2,4,0,0,2,123" ten="133,273,471,123" oya="2" hai0="15,61,8,86,96,130,84,92,50,114,56,51,120" hai1="98,105,5,1,83,97,103,21,107,36,13,113,128" hai2="76,127,82,30,18,11,12,58,99,28,62,54,109" hai3="132,78,111,91,16,85,90,46,101,124,79,106,94"/><V4/><F127/><W108/><G46/><T112/><D130/><U122/><E113/><V31/><F99/><N who="3" m="61759" /><G124/><T45/><D120/><U48/><E36/><V60/><F60/><W14/><G91/><T89/><D114/><U17/><E128/><V2/><F109/><N who="3" m="42059" /><G132/><T115/><D115/><U73/><E122/><V42/><F42/><W25/><G25/><T69/><D69/><U104/><E103/><V41/><F41/><W59/><G59/><T24/><D24/><U118/><E104/><V87/><F2/><W23/><AGARI ba="4,0" hai="14,16,23,78,79,85,90,94" m="42059,61759" machi="23" ten="30,8000,1" yaku="14,1,52,3,54,1" doraHai="123" who="3" fromWho="3" sc="133,-24,273,-24,471,-44,123,92" /><INIT seed="3,0,0,2,4,106" ten="109,249,427,215" oya="3" hai0="121,118,104,74,11,124,14,134,52,0,21,16,56" hai1="63,117,24,113,55,34,28,123,94,111,73,45,116" hai2="114,66,105,91,62,9,4,29,84,78,35,22,96" hai3="110,76,103,33,122,119,5,97,27,130,39,43,18"/><W47/><G119/><T102/><D118/><U13/><E113/><V98/><F35/><W19/><G122/><T133/><D121/><U2/><E2/><V37/><F37/><W80/><G130/><T31/><D124/><U32/><E32/><V41/><F41/><W69/><G69/><T82/><D102/><U6/><E123/><V60/><F78/><W49/><G5/><T53/><D104/><U67/><E111/><V57/><F105/><W128/><G128/><T25/><D0/><U50/><E94/><V86/><F86/><W71/><G71/><T12/><D12/><U61/><E61/><V115/><F115/><W72/><G39/><T42/><D42/><U65/><E65/><V85/><F85/><W64/><G64/><T95/><D95/><U7/><E7/><V77/><F77/><W17/><G110/><T109/><D109/><U100/><E100/><V120/><F114/><W15/><G33/><T26/><D26/><U75/><E117/><V54/><F120/><W51/><G51/><T36/><D36/><U90/><E90/><V30/><F30/><W89/><G89/><T126/><D126/><U46/><E46/><V38/><F38/><W83/><G83/><T93/><D93/><U58/><REACH who="1" step="1"/><E116/><REACH who="1" ten="109,239,427,215" step="2"/><V125/><F91/><W87/><G27/><T101/><D101/><U81/><E81/><V99/><F4/><W40/><G15/><T68/><D68/><U8/><AGARI ba="0,1" hai="6,8,13,24,28,34,45,50,55,58,63,67,73,75" machi="8" ten="30,7900,0" yaku="1,1,0,1,52,2,53,0" doraHai="106" doraHaiUra="92" who="1" fromWho="1" sc="109,-20,239,89,427,-20,215,-39" /><INIT seed="4,0,0,0,2,70" ten="89,328,407,176" oya="0" hai0="23,37,18,80,92,124,97,75,29,71,106,22,93" hai1="8,125,16,63,100,117,130,88,76,45,123,25,64" hai2="98,122,48,103,24,69,111,112,9,90,101,84,114" hai3="60,57,120,104,54,135,131,27,108,41,14,82,56"/><T43/><D124/><U1/><E117/><V26/><F111/><W133/><G104/><T31/><D71/><U20/><E123/><V33/><F69/><W102/><G102/><T17/><D106/><U3/><E3/><V13/><BYE who="1" /><F122/><UN n1="%78%78%62%6D%6D" /><W67/><G27/><N who="2" m="10281" /><F48/><W35/><G14/><T47/><D22/><U11/><E130/><V49/><F49/><N who="3" m="30799" /><G82/><T21/><D21/><U2/><E125/><V119/><F98/><W28/><G28/><T96/><D96/><U38/><E100/><V7/><F33/><W5/><G5/><T39/><D39/><U113/><E76/><V72/><F72/><W85/><G85/><T12/><D18/><U89/><E1/><V78/><F78/><W46/><G35/><T40/><D40/><U65/><E2/><V99/><F99/><W4/><G4/><T74/><D92/><U129/><E129/><V77/><F77/><W105/><G105/><T66/><D66/><U68/><E65/><V36/><F36/><N who="3" m="21799" /><G131/><T73/><REACH who="0" step="1"/><D80/><REACH who="0" ten="79,328,407,176" step="2"/><U30/><E20/><V19/><F19/><W32/><G32/><T61/><D61/><U116/><E63/><V95/><F119/><W0/><G120/><T121/><D121/><U109/><E16/><V128/><F128/><W55/><G67/><T81/><D81/><U15/><E64/><V52/><F95/><W83/><G83/><T58/><D58/><U50/><E68/><V118/><F118/><W87/><G60/><T62/><D62/><U127/><E116/><V91/><F84/><W134/><G87/><T42/><D42/><U115/><E127/><V59/><F59/><RYUUKYOKU ba="0,1" sc="79,30,328,-10,407,-10,176,-10" hai0="12,17,23,29,31,37,43,47,73,74,75,93,97" /><INIT seed="4,1,1,1,4,81" ten="109,318,397,166" oya="0" hai0="46,38,64,127,128,132,13,65,83,52,97,3,29" hai1="42,26,12,68,6,43,92,15,91,50,73,10,76" hai2="56,35,104,44,60,101,95,4,63,19,89,131,61" hai3="117,36,1,59,93,134,47,84,2,11,53,69,55"/><T109/><D3/><U24/><E68/><V111/><F111/><W8/><G69/><T85/><D109/><U7/><E76/><V107/><F35/><W124/><G117/><T79/><D132/><U123/><E73/><V72/><F72/><W108/><G134/><T27/><D128/><U118/><E123/><V49/><F4/><W31/><G31/><T88/><D127/><U28/><E118/><V58/><F101/><W17/><G124/><T80/><D38/><U126/><E126/><V106/><F19/><W120/><G120/><T54/><D13/><U33/><E50/><V41/><REACH who="2" step="1"/><F131/><REACH who="2" ten="109,318,387,166" step="2"/><W30/><G17/><T57/><D29/><U99/><REACH who="1" step="1"/><E26/><REACH who="1" ten="109,308,387,166" step="2"/><V40/><F40/><W70/><G108/><T110/><D27/><U94/><E94/><V75/><F75/><W45/><G93/><N who="0" m="56487" /><D110/><U82/><E82/><V105/><N who="2" m="26624" /><DORA hai="21" /><V18/><F18/><W20/><G30/><T67/><D80/><U121/><E121/><V51/><F51/><W23/><G36/><T135/><D135/><U119/><E119/><V113/><F113/><W39/><G39/><T116/><D116/><U77/><E77/><V102/><F102/><W87/><G2/><T37/><D37/><U78/><E78/><V122/><F122/><W32/><G1/><T130/><D130/><U74/><E74/><V98/><AGARI ba="1,3" hai="41,44,49,56,58,60,61,63,89,95,98" m="26624" machi="98" ten="60,4000,0" yaku="1,1,0,1,53,0" doraHai="81,21" doraHaiUra="34,96" who="2" fromWho="2" sc="109,-21,308,-11,387,73,166,-11" /><INIT seed="5,0,0,1,5,133" ten="88,297,460,155" oya="1" hai0="121,81,57,90,104,79,58,101,53,91,19,32,119" hai1="10,89,113,31,65,115,15,9,120,74,110,14,72" hai2="123,40,99,76,84,22,13,27,127,11,4,61,83" hai3="130,66,63,97,6,41,7,26,36,56,44,49,102"/><U128/><E65/><V12/><F127/><W59/><G130/><T135/><D119/><U107/><E128/><V134/><F123/><W29/><G56/><T28/><D135/><U106/><E31/><V117/><F117/><W75/><G75/><T86/><D121/><U96/><E120/><V25/><F134/><W70/><G70/><T116/><D116/><U114/><E96/><V20/><F40/><W126/><G36/><T103/><D57/><U94/><E94/><V100/><F61/><W92/><REACH who="3" step="1"/><G126/><REACH who="3" ten="88,297,460,145" step="2"/><T98/><D103/><U52/><E115/><V131/><F131/><W55/><G55/><T108/><D108/><U78/><E52/><V16/><F22/><AGARI ba="0,1" hai="6,7,22,26,29,41,44,49,59,63,66,92,97,102" machi="22" ten="30,12000,2" yaku="1,1,7,1,25,2,8,1,53,2" doraHai="133" doraHaiUra="3" who="3" fromWho="2" sc="88,0,297,0,460,-120,145,130" /><INIT seed="6,0,0,3,5,23" ten="88,297,340,275" oya="2" hai0="66,60,28,53,99,125,76,55,65,24,127,106,129" hai1="58,12,5,103,108,42,75,25,126,13,33,14,107" hai2="59,71,9,93,88,96,104,27,101,61,123,22,78" hai3="0,40,87,130,89,132,11,46,64,18,3,63,97"/><V91/><F123/><W83/><G130/><T102/><D129/><U15/><E108/><V111/><F71/><W30/><G132/><T134/><D66/><U133/><E75/><V128/><F128/><W1/><G97/><T90/><D134/><U100/><E133/><V19/><F111/><W69/><G30/><T47/><D90/><U34/><E107/><V94/><F78/><W121/><G121/><T124/><D47/><U117/><E117/><V16/><F104/><W114/><G114/><T74/><D76/><U45/><E58/><V72/><F72/><W10/><REACH who="3" step="1"/><G18/><REACH who="3" ten="88,297,340,265" step="2"/><T95/><D74/><U135/><E135/><V110/><F110/><W37/><AGARI ba="0,1" hai="0,1,3,10,11,37,40,46,63,64,69,83,87,89" machi="37" ten="30,7900,0" yaku="1,1,2,1,0,1,53,1" doraHai="23" doraHaiUra="62" who="3" fromWho="3" sc="88,-20,297,-20,340,-39,265,89" /><INIT seed="7,0,0,1,2,104" ten="68,277,301,354" oya="3" hai0="39,6,77,18,3,80,135,26,38,82,64,118,110" hai1="72,106,117,96,43,2,35,75,22,73,28,36,30" hai2="95,63,122,132,86,126,52,23,21,71,1,8,74" hai3="83,16,24,34,45,93,112,41,62,7,119,68,40"/><W66/><G119/><T99/><D18/><U46/><E117/><V123/><F132/><W11/><G112/><T31/><D82/><U37/><E22/><V98/><F126/><W128/><G128/><T10/><D110/><U131/><E131/><V33/><F33/><W47/><G93/><T67/><D67/><U4/><E37/><V57/><F71/><W88/><G34/><T78/><D78/><U89/><E89/><N who="2" m="53687" /><F98/><W58/><G68/><T54/><D54/><U12/><E12/><V29/><F29/><W94/><G83/><T121/><D121/><N who="2" m="46090" /><F74/><W134/><G134/><T105/><D135/><U27/><E30/><V84/><F84/><W49/><G7/><AGARI ba="0,0" hai="1,7,8,21,23,52,57,63" m="46090,53687" machi="7" ten="30,2000,0" yaku="13,1,54,1" doraHai="104" who="2" fromWho="3" sc="68,0,277,0,301,20,354,-20" owari="68,-43.0,277,-12.0,321,12.0,334,43.0" /></mjloggm>