<mjloggm ver="2.3"><GO type="169" lobby="0"/><UN n0="%E3%81%82%E3%81%8A%E3%81%8D%E3%82%93%E3%81%90" n1="%EF%BC%98%EF%BC%90%EF%BC%90%EF%BC%98" n2="%E3%82%B7%E3%82%A7%E3%83%95%E3%83%81%E3%83%A7%E3%82%B3" n3="%E3%83%94%E3%83%B3%E3%82%B5%E3%83%AD%E5%BA%97%E5%93%A1" dan="16,17,16,18" rate="2062.92,2153.55,2153.60,2234.90" sx="M,M,M,M"/><TAIKYOKU oya="0"/><INIT seed="0,0,0,2,2,80" ten="250,250,250,250" oya="0" hai0="85,15,25,72,37,100,108,65,96,78,125,11,116" hai1="102,112,47,49,123,48,135,20,130,1,59,32,131" hai2="36,91,64,98,134,50,57,117,41,34,92,33,60" hai3="19,55,13,56,128,42,62,38,27,8,18,95,81"/><T97/><D116/><U107/><E32/><V87/><F134/><W110/><G110/><T26/><D37/><U44/><E1/><V3/><F3/><W58/><G128/><T124/><D72/><U12/><E123/><V24/><F117/><W22/><G38/><T21/><D65/><U113/><E102/><V23/><F36/><W4/><G42/><T74/><D74/><U104/><E135/><V51/><F41/><W45/><G45/><N who="1" m="17482" /><E12/><V9/><F9/><W17/><G81/><N who="0" m="47287" /><D108/><U68/><E20/><V39/><F39/><W121/><G121/><T106/><D21/><U73/><E73/><V89/><F34/><W93/><REACH who="3" step="1"/><G58/><REACH who="3" ten="250,250,250,240" step="2"/><T76/><D76/><U16/><E59/><V14/><F33/><W5/><G5/><N who="0" m="3567" /><D97/><U129/><E68/><V53/><F64/><W66/><G66/><T52/><D52/><U122/><E122/><V7/><F53/><W10/><G10/><T40/><D40/><U70/><E70/><V67/><F67/><W46/><G46/><T29/><D29/><AGARI ba="0,1" hai="4,8,13,17,18,19,22,27,29,55,56,62,93,95" machi="29" ten="40,2600,0" yaku="1,1,8,1,53,0" doraHai="80" doraHaiUra="132" who="3" fromWho="0" sc="250,-26,250,0,250,0,240,36" /><INIT seed="1,0,0,1,4,82" ten="224,250,250,276" oya="1" hai0="1,37,74,95,33,49,115,112,70,19,75,67,16" hai1="96,85,130,8,46,133,39,3,23,77,27,52,4" hai2="53,15,121,126,20,110,26,65,123,129,125,119,29" hai3="24,100,57,44,105,66,89,7,107,71,31,45,128"/><U124/><E133/><V36/><F36/><W131/><G7/><T117/><D37/><U55/><E124/><N who="2" m="47723" /><F65/><W114/><G114/><T11/><D95/><U42/><E130/><N who="3" m="49706" /><G71/><T72/><D49/><U10/><E10/><V61/><F129/><W81/><G100/><T83/><D33/><U98/><E98/><V135/><F53/><W34/><G89/><T93/><D117/><U122/><E96/><V86/><F61/><N who="3" m="38191" /><G81/><T84/><D93/><U18/><REACH who="1" step="1"/><E122/><REACH who="1" ten="224,240,250,276" step="2"/><V111/><F135/><W54/><G105/><T118/><D115/><U5/><E5/><V92/><F119/><W51/><G107/><T102/><D112/><U13/><E13/><V2/><F15/><W104/><G104/><T101/><D11/><U12/><E12/><V0/><F123/><W87/><G87/><T56/><D84/><U64/><E64/><V132/><F132/><W68/><G68/><T62/><D67/><U108/><E108/><N who="2" m="41515" /><F121/><W6/><G6/><T28/><D70/><U32/><E32/><V91/><AGARI ba="0,1" hai="0,2,20,26,29,86,91,92" m="41515,47723" machi="91" ten="40,5200,0" yaku="18,1,14,1,52,1" doraHai="82" who="2" fromWho="2" sc="224,-13,240,-26,250,62,276,-13" /><INIT seed="2,0,0,4,0,47" ten="211,214,312,263" oya="2" hai0="11,71,0,120,92,24,61,80,38,105,18,79,107" hai1="84,130,89,77,3,51,134,94,35,95,70,34,32" hai2="59,55,44,69,81,128,118,85,103,9,82,54,75" hai3="57,126,15,39,12,104,10,29,14,36,6,40,83"/><V122/><F122/><W97/><G126/><T106/><D120/><U33/><E70/><V41/><F69/><W132/><G132/><T129/><D38/><U16/><E134/><V60/><F118/><W100/><G29/><T22/><D129/><U111/><E3/><V58/><F128/><W76/><G57/><T96/><D0/><U112/><E112/><V7/><F103/><W8/><G40/><T87/><D11/><U26/><E111/><V116/><F85/><W50/><G50/><T28/><D61/><U114/><E114/><V21/><F21/><W78/><G78/><T117/><D71/><U86/><E130/><V66/><F75/><W99/><G99/><T119/><REACH who="0" step="1"/><D28/><REACH who="0" ten="201,214,312,263" step="2"/><U17/><E77/><V5/><F116/><W101/><G10/><T20/><D20/><U102/><E34/><V90/><F66/><W4/><G4/><T27/><D27/><U30/><E35/><V31/><F31/><W88/><G76/><T2/><D2/><U53/><E33/><V121/><F121/><W62/><G62/><T56/><D56/><U127/><E127/><V1/><F7/><W37/><G6/><T123/><D123/><U108/><E108/><V52/><F59/><W115/><G8/><T49/><D49/><U23/><E32/><V109/><F109/><W93/><G115/><T113/><D113/><U42/><E30/><V124/><F124/><W48/><G48/><T135/><D135/><U25/><E51/><N who="2" m="27023" /><F58/><W74/><G39/><T64/><D64/><U131/><E131/><V13/><F1/><W67/><G67/><T91/><AGARI ba="0,1" hai="18,22,24,79,80,87,91,92,96,105,106,107,117,119" machi="91" ten="40,5200,0" yaku="1,1,5,1,0,1,53,0" doraHai="47" doraHaiUra="65" who="0" fromWho="0" sc="201,62,214,-13,312,-26,263,-13" /><INIT seed="3,0,0,4,0,93" ten="263,201,286,250" oya="3" hai0="130,14,85,74,131,2,7,127,54,69,34,88,73" hai1="94,83,6,91,109,96,111,134,90,80,39,18,77" hai2="37,51,55,33,115,11,1,66,0,61,26,72,40" hai3="84,87,118,48,56,45,17,114,16,8,36,106,46"/><W13/><G114/><T44/><D69/><U41/><E6/><V116/><F72/><W76/><G118/><T99/><D34/><U20/><E134/><V64/><F116/><W35/><G35/><T125/><D2/><U62/><E62/><V23/><F33/><W81/><G106/><T113/><D113/><U102/><E41/><V82/><F115/><W121/><G121/><T30/><D30/><U22/><E39/><V108/><F108/><N who="1" m="41545" /><E22/><V97/><F82/><N who="1" m="31273" /><E77/><V27/><F40/><W31/><G31/><T124/><D85/><U95/><E20/><V25/><F37/><W103/><G36/><T32/><D32/><U63/><E63/><V3/><F61/><W29/><G29/><T104/><D74/><U92/><E18/><V89/><F23/><W117/><G87/><T122/><D73/><U71/><E71/><V60/><F60/><W68/><G68/><T119/><D119/><U59/><E59/><V101/><F11/><W79/><G117/><T133/><D133/><U70/><E70/><V4/><F4/><W52/><G79/><T120/><D7/><U49/><E49/><V100/><F64/><W105/><REACH who="3" step="1"/><G17/><REACH who="3" ten="263,201,286,240" step="2"/><T126/><D125/><U107/><AGARI ba="0,1" hai="90,91,92,94,95,96,102,107" m="31273,41545" machi="107" ten="40,8000,1" yaku="14,1,34,2,52,1" doraHai="93" who="1" fromWho="1" sc="263,-20,201,90,286,-20,240,-40" /><INIT seed="4,0,0,1,1,43" ten="243,291,266,200" oya="0" hai0="131,33,28,31,105,124,53,22,38,24,62,72,71" hai1="77,99,121,61,74,29,50,51,55,134,36,19,60" hai2="82,39,116,76,90,129,20,66,107,111,113,119,18" hai3="125,126,79,122,110,109,68,118,84,102,12,42,92"/><T1/><D53/><U120/><E29/><V34/><F111/><N who="3" m="42507" /><G68/><T25/><D62/><U130/><E19/><V123/><F123/><N who="1" m="47177" /><E99/><V2/><F129/><W64/><G64/><T86/><D86/><U75/><E77/><V65/><F113/><W98/><G12/><T15/><D72/><U14/><E14/><V97/><F34/><W100/><G42/><T58/><D105/><U108/><E108/><V91/><F2/><W11/><G11/><T133/><D131/><U117/><E130/><V67/><F39/><W81/><G122/><T80/><D15/><U35/><E35/><V44/><F97/><N who="3" m="59431" /><G118/><N who="2" m="45097" /><F107/><AGARI ba="0,0" hai="79,81,84,98,102,107,125,126" m="59431,42507" machi="107" ten="30,2000,0" yaku="34,2" doraHai="43" who="3" fromWho="2" sc="243,0,291,0,266,-20,200,20" /><INIT seed="5,0,0,0,3,43" ten="243,291,246,220" oya="1" hai0="40,84,128,88,33,89,103,63,121,74,60,36,22" hai1="25,12,97,98,135,9,79,127,64,123,114,11,134" hai2="10,80,133,107,72,52,16,104,82,113,124,21,39" hai3="18,3,87,101,86,30,70,120,45,1,51,99,118"/><U62/><E123/><V2/><F39/><W85/><G120/><T19/><D74/><U81/><E114/><V24/><F133/><N who="1" m="50697" /><E25/><V117/><F117/><W66/><G118/><T31/><D121/><U68/><E127/><V5/><F124/><W44/><G30/><T106/><D89/><U48/><E48/><V6/><F6/><W125/><G125/><T57/><D31/><U35/><E35/><V83/><F72/><W27/><G70/><T92/><D33/><U0/><E0/><V105/><REACH who="2" step="1"/><F52/><REACH who="2" ten="243,291,236,220" step="2"/><W15/><G1/><T23/><D36/><U34/><E34/><V77/><F77/><W14/><G3/><T42/><D42/><U131/><E131/><V13/><F13/><N who="3" m="4619" /><G51/><T96/><D128/><U67/><E67/><V54/><F54/><W102/><G66/><T58/><D40/><U47/><E11/><V50/><F50/><W53/><G53/><T112/><D63/><U132/><E132/><V130/><F130/><W122/><G122/><T110/><D60/><U41/><E12/><V8/><F8/><W29/><G44/><T76/><D76/><U75/><E9/><V115/><AGARI ba="0,1" hai="2,5,10,16,21,24,80,82,83,104,105,107,113,115" machi="115" ten="40,5200,0" yaku="1,1,0,1,54,1,53,0" doraHai="43" doraHaiUra="26" who="2" fromWho="2" sc="243,-13,291,-26,236,62,220,-13" /><INIT seed="6,0,0,2,3,134" ten="230,265,298,207" oya="2" hai0="119,92,62,8,111,95,124,61,59,73,109,135,128" hai1="63,110,24,66,81,9,55,120,10,114,98,40,50" hai2="130,36,103,34,90,116,133,96,5,52,49,14,125" hai3="72,28,47,46,38,16,6,7,99,29,101,0,79"/><V84/><F116/><W54/><G54/><T126/><D119/><U30/><E110/><V129/><F34/><W107/><G7/><T132/><D73/><U41/><E114/><V118/><F36/><W83/><G46/><T117/><D117/><U33/><E120/><V32/><F32/><W97/><G97/><T106/><D106/><U23/><E33/><V26/><F26/><W113/><G16/><T122/><D8/><U20/><E81/><V58/><F125/><N who="0" m="48234" /><D122/><U57/><E23/><V12/><F133/><N who="0" m="51274" /><D128/><N who="2" m="49258" /><F5/><W17/><G17/><T18/><D18/><U68/><E10/><V42/><F118/><W89/><G113/><T22/><D22/><U51/><E9/><V123/><F123/><W131/><G131/><T100/><D100/><U104/><E104/><N who="2" m="63591" /><F42/><W86/><G6/><T13/><D13/><U75/><E75/><V77/><F77/><W4/><G4/><T43/><D43/><U2/><E41/><V19/><F19/><W108/><G108/><N who="0" m="41547" /><D62/><U71/><E40/><V112/><F112/><W27/><G38/><T87/><D87/><U127/><E63/><V56/><F56/><W115/><G115/><T76/><D76/><U94/><E127/><V105/><F105/><W44/><G0/><T45/><D45/><N who="3" m="17481" /><G27/><T60/><D60/><U11/><E24/><V1/><F1/><W39/><G39/><T25/><D25/><U67/><E2/><V64/><F64/><AGARI ba="0,0" hai="59,61,64,92,95" m="41547,51274,48234" machi="64" ten="40,8000,1" yaku="18,1,20,1,52,3" doraHai="134" who="0" fromWho="2" sc="230,80,265,0,298,-80,207,0" /><INIT seed="7,0,0,5,2,59" ten="310,265,218,207" oya="3" hai0="37,115,25,134,1,33,49,41,96,57,0,64,107" hai1="30,74,126,48,95,123,63,6,128,86,21,120,62" hai2="17,108,55,50,72,4,112,45,8,43,84,65,103" hai3="11,130,117,94,133,51,77,116,39,44,89,40,28"/><W131/><G77/><T68/><D134/><U16/><E74/><V90/><F108/><W88/><G133/><T2/><D115/><U135/><E135/><V66/><F72/><W109/><G109/><T129/><D129/><N who="3" m="49161" /><G28/><N who="0" m="19599" /><D57/><U97/><E128/><V47/><F103/><W32/><G32/><T73/><D49/><U92/><E126/><V61/><F112/><W110/><G110/><T13/><D13/><U52/><E6/><V36/><F17/><W58/><G11/><T71/><D64/><U125/><E125/><V67/><F8/><W93/><G39/><T5/><D5/><U34/><E30/><V101/><F101/><W98/><G58/><T22/><D22/><U7/><E7/><V24/><F24/><W113/><G113/><T75/><D75/><U23/><E34/><V76/><F76/><W35/><G35/><T132/><D73/><U60/><E23/><V99/><F99/><AGARI ba="0,0" hai="40,44,51,88,89,93,94,98,99,116,117" m="49161" machi="99" ten="30,2900,0" yaku="19,1,54,1" doraHai="59" who="3" fromWho="2" sc="310,0,265,0,218,-29,207,29" /><INIT seed="7,1,0,2,1,119" ten="310,265,189,236" oya="3" hai0="49,46,115,103,35,90,105,64,8,107,39,131,47" hai1="1,95,97,108,111,87,132,72,30,135,75,13,31" hai2="126,100,93,70,56,32,67,76,134,106,86,34,42" hai3="121,122,89,7,83,41,59,12,80,116,38,58,102"/><W21/><G116/><T17/><D35/><U3/><E13/><V79/><F70/><W33/><G33/><T15/><D131/><U84/><E95/><V112/><F112/><W44/><G102/><T78/><D78/><U130/><E97/><V94/><F134/><W113/><G113/><T43/><D115/><U16/><E16/><V124/><F42/><W6/><G21/><T125/><D125/><U18/><E18/><V91/><F67/><W61/><G58/><T57/><D103/><U23/><E23/><V2/><F2/><W11/><G7/><T63/><REACH who="0" step="1"/><D90/><REACH who="0" ten="300,265,189,236" step="2"/><U92/><E130/><V53/><F106/><W37/><G89/><T117/><D117/><U65/><E135/><V60/><F79/><W4/><G122/><T73/><D73/><U54/><E75/><V55/><F76/><W29/><G121/><T110/><D110/><U82/><E72/><V52/><F34/><W27/><G83/><T22/><D22/><U50/><E82/><V0/><F32/><W69/><G80/><T99/><D99/><U118/><E132/><V109/><F109/><W68/><G11/><T51/><D51/><U36/><E118/><V62/><F0/><W98/><G98/><T133/><D133/><U85/><E50/><V129/><F129/><W101/><G101/><T24/><D24/><U114/><E114/><V20/><F20/><W5/><G27/><T127/><D127/><N who="2" m="48682" /><F62/><W88/><G61/><T66/><D66/><U81/><E65/><V77/><F77/><W28/><G37/><T96/><D96/><AGARI ba="1,1" hai="52,53,55,56,60,86,91,93,94,96,100" m="48682" machi="96" ten="30,2000,0" yaku="18,1,54,1" doraHai="119" who="2" fromWho="0" sc="300,-23,265,0,189,33,236,0" /><INIT seed="8,0,0,3,2,69" ten="277,265,222,236" oya="0" hai0="101,44,93,113,67,42,21,80,45,133,100,11,77" hai1="72,119,118,47,16,79,110,50,62,123,14,51,57" hai2="117,87,61,124,81,74,8,30,36,40,132,0,114" hai3="82,88,76,131,112,84,130,15,92,39,5,98,122"/><T33/><D113/><U96/><E110/><V22/><F114/><W97/><G112/><T32/><D133/><U27/><E123/><V2/><F132/><W127/><G122/><T12/><D67/><U115/><E115/><V134/><F134/><W18/><G5/><T52/><D21/><U34/><E96/><V121/><F121/><W19/><G127/><T94/><D33/><U6/><E79/><N who="2" m="44279" /><F87/><N who="3" m="48583" /><G39/><T86/><D32/><U99/><E72/><V129/><F61/><W24/><G24/><T68/><D68/><U17/><E99/><N who="3" m="37898" /><G15/><T128/><D101/><U28/><E6/><N who="2" m="1111" /><F0/><W10/><G10/><T73/><D73/><U91/><E91/><V37/><F37/><W65/><G65/><T120/><D11/><U89/><E89/><V85/><F85/><W43/><G43/><T135/><D42/><N who="1" m="24951" /><E51/><V53/><F124/><W60/><G60/><T31/><D86/><U102/><E102/><V105/><F105/><W55/><G55/><T70/><D100/><U106/><E106/><V46/><F53/><W9/><G9/><T71/><D135/><U64/><E14/><V49/><F49/><W7/><G7/><T75/><D12/><U41/><E41/><V63/><F63/><W4/><G4/><T59/><D75/><U109/><E109/><V38/><F38/><W125/><G125/><T126/><D126/><U58/><E58/><V104/><F104/><W66/><G66/><T54/><D59/><U48/><E48/><V103/><F103/><W108/><G108/><T56/><D56/><U3/><E3/><V95/><F36/><W90/><G90/><RYUUKYOKU ba="0,0" sc="277,-15,265,15,222,-15,236,15" hai1="16,17,27,28,34,57,62,64,118,119" hai3="18,19,84,88,92,130,131" /><INIT seed="9,1,0,5,1,0" ten="262,280,207,251" oya="1" hai0="135,83,14,48,17,23,87,24,125,56,95,19,25" hai1="52,89,79,110,15,128,47,70,120,97,46,114,74" hai2="3,7,121,133,63,26,73,49,90,78,67,35,60" hai3="54,80,116,9,77,103,28,75,13,61,85,38,122"/><U10/><E114/><V119/><F121/><W1/><G122/><T18/><D125/><U126/><E120/><V5/><F119/><W106/><G38/><T91/><D135/><U66/><E126/><V86/><F133/><W99/><G116/><T130/><D130/><U55/><E66/><V108/><F108/><W117/><G117/><T113/><D113/><U115/><E70/><V58/><F3/><W8/><G28/><T93/><D93/><N who="1" m="56495" /><E115/><V51/><F73/><W124/><G124/><T96/><D25/><U82/><E74/><V21/><F78/><W57/><G1/><T4/><D24/><U111/><E128/><V2/><F63/><W50/><G75/><T129/><D129/><U64/><E64/><V34/><F34/><W45/><REACH who="3" step="1"/><G13/><REACH who="3" ten="262,280,207,241" step="2"/><T81/><D14/><U27/><E27/><V36/><F36/><W109/><G109/><T29/><D29/><U112/><E112/><V88/><F35/><W101/><G101/><T123/><D123/><U11/><E111/><V107/><F2/><W65/><AGARI ba="1,1" hai="8,9,45,50,54,57,61,65,77,80,85,99,103,106" machi="65" ten="20,2700,0" yaku="1,1,0,1,7,1,53,0" doraHai="0" doraHaiUra="31" who="3" fromWho="3" sc="262,-8,280,-14,207,-8,241,40" /><INIT seed="10,0,0,0,1,42" ten="254,266,199,281" oya="2" hai0="117,90,47,67,37,126,21,114,100,82,0,25,80" hai1="54,55,51,125,58,128,110,52,101,27,40,66,62" hai2="116,5,72,10,103,135,20,44,130,79,73,70,33" hai3="99,132,134,56,71,41,87,32,18,7,84,60,13"/><V109/><F116/><W75/><G75/><T111/><D111/><U45/><E110/><V113/><F113/><W86/><G32/><T106/><D0/><U34/><E125/><V36/><F109/><W83/><G71/><T24/><D114/><U35/><E128/><V127/><F20/><W92/><G7/><T74/><D67/><U122/><E122/><V19/><F19/><W120/><G41/><T39/><D90/><U6/><E101/><V38/><F130/><W63/><G120/><T107/><D21/><U31/><E6/><V95/><F95/><W104/><G104/><T94/><D94/><U105/><E105/><V108/><F108/><W118/><G118/><T93/><D93/><U121/><E121/><V64/><F127/><W57/><G83/><T91/><D91/><U98/><E98/><V59/><F59/><N who="3" m="22603" /><G134/><T3/><D3/><U124/><E124/><V11/><F135/><W97/><G97/><T12/><D74/><N who="2" m="28778" /><F79/><W43/><G43/><T9/><D117/><U78/><E78/><V85/><F85/><W2/><G2/><T69/><D126/><U81/><E81/><V131/><F131/><W1/><G1/><T88/><D82/><U112/><E112/><V17/><F33/><W29/><G29/><T68/><D80/><U50/><REACH who="1" step="1"/><E35/><REACH who="1" ten="254,256,199,281" step="2"/><V129/><F129/><W119/><G119/><T8/><D107/><U22/><E22/><V15/><F103/><N who="3" m="60903" /><G132/><T26/><D106/><U4/><E4/><V89/><F89/><W49/><G86/><T16/><D100/><U30/><E30/><V65/><F5/><W14/><G84/><RYUUKYOKU ba="0,1" sc="254,-10,256,30,199,-10,281,-10" hai1="27,31,34,40,45,50,51,52,54,55,58,62,66" /><INIT seed="11,1,1,0,3,117" ten="244,286,189,271" oya="3" hai0="7,109,84,75,89,3,36,5,132,62,87,1,21" hai1="6,0,80,4,107,53,70,102,94,59,34,40,110" hai2="15,72,18,134,55,74,123,29,126,33,19,8,38" hai3="76,118,60,57,106,95,31,28,99,91,115,20,135"/><W24/><G115/><T12/><D109/><U50/><E110/><V73/><F134/><W58/><G135/><T27/><D75/><U25/><E70/><V37/><F126/><W90/><G118/><T35/><D36/><U11/><E6/><V101/><F101/><N who="3" m="60671" /><G106/><T85/><D35/><U45/><E107/><V96/><F96/><W13/><G76/><T56/><D132/><U69/><E69/><V127/><F127/><W112/><G112/><T41/><D41/><U78/><E94/><V42/><F55/><N who="3" m="33855" /><G28/><N who="0" m="17519" /><D1/><U46/><E102/><V113/><F113/><W119/><G119/><T66/><D3/><U82/><E46/><V9/><F29/><W92/><G92/><N who="0" m="54311" /><D5/><U10/><E10/><AGARI ba="1,1" hai="7,10,12,56,62,66,85,87" m="54311,17519" machi="10" ten="30,1000,0" yaku="8,1" doraHai="117" who="0" fromWho="1" sc="244,23,286,-13,189,0,271,0" owari="267,-13.0,273,37.0,189,-31.0,271,7.0" /></mjloggm>