<mjloggm ver="2.3"><GO type="169" lobby="0"/><UN n0="%E3%81%82%E3%81%9F%E3%81%8B%E3%81%AA" n1="%48%79" n2="%64%72%61%65%74%63" n3="%31%35%2E%31%35%63%6D" dan="17,17,16,18" rate="2149.15,2180.44,2050.02,2233.54" sx="M,F,M,M"/><TAIKYOKU oya="0"/><INIT seed="0,0,0,1,2,90" ten="250,250,250,250" oya="0" hai0="120,54,108,30,47,135,65,39,8,115,105,32,12" hai1="60,0,26,6,3,124,68,131,16,11,106,75,74" hai2="66,23,49,42,92,103,78,67,7,55,62,27,34" hai3="20,18,133,46,114,116,93,123,28,82,4,50,13"/><T125/><D115/><U19/><E124/><V5/><F34/><W56/><G114/><T87/><D120/><U52/><E106/><V14/><F42/><W31/><G116/><T53/><D105/><U127/><E127/><V38/><F78/><W122/><G133/><T33/><D125/><U96/><E0/><V117/><F38/><W76/><G56/><T15/><D65/><U94/><E131/><V118/><F14/><W85/><G4/><T48/><D39/><U126/><E126/><V110/><F67/><W69/><G69/><T40/><D135/><U111/><E111/><V79/><F79/><W99/><G123/><T121/><D121/><U95/><E68/><V91/><F103/><W100/><REACH who="3" step="1"/><G122/><REACH who="3" ten="250,250,250,240" step="2"/><T132/><D132/><U81/><E6/><V29/><F117/><W107/><G107/><T35/><D108/><U37/><E3/><V70/><F110/><W102/><G102/><T71/><D71/><U57/><E57/><V2/><F2/><W9/><G9/><T41/><D8/><U43/><E11/><V64/><F118/><W21/><G21/><T59/><D32/><U72/><E72/><V86/><REACH who="2" step="1"/><F66/><REACH who="2" ten="250,250,240,240" step="2"/><W22/><G22/><T101/><D33/><U109/><E109/><V61/><F61/><W17/><G17/><T45/><D101/><U104/><E16/><V84/><F84/><W36/><G36/><T44/><D35/><U51/><E19/><V77/><F77/><W1/><G1/><T24/><D87/><U98/><E37/><V25/><F25/><W10/><G10/><T128/><D24/><U63/><E26/><RYUUKYOKU ba="0,2" sc="250,-15,250,-15,240,15,240,15" hai2="5,7,23,27,29,49,55,62,64,70,86,91,92" hai3="13,18,20,28,31,46,50,76,82,85,93,99,100" /><INIT seed="1,1,2,5,5,117" ten="235,235,255,255" oya="1" hai0="61,53,36,14,71,121,39,109,42,73,31,18,6" hai1="33,115,113,50,107,108,2,88,67,58,97,65,81" hai2="20,60,83,103,32,3,95,90,48,66,40,135,34" hai3="84,9,75,125,10,4,21,72,100,43,23,68,46"/><U22/><E33/><V93/><F3/><W94/><G68/><T76/><D109/><U127/><E2/><V79/><F135/><W123/><G125/><T29/><D6/><U82/><E127/><V64/><F103/><W91/><G100/><T101/><D73/><U54/><E108/><V124/><F124/><W99/><G10/><T44/><D76/><U74/><E107/><V8/><F20/><W122/><G75/><T120/><D39/><U25/><E115/><V96/><F93/><W98/><G72/><T24/><D101/><U47/><E113/><V105/><F105/><W27/><G98/><T7/><D7/><U12/><E12/><V15/><F48/><W16/><G99/><T41/><D41/><U63/><E67/><V19/><F40/><W132/><G23/><N who="0" m="13431" /><D14/><U86/><E97/><V114/><F66/><W35/><G132/><T78/><D78/><U110/><E110/><V56/><F114/><W129/><G129/><T112/><D112/><U26/><E74/><AGARI ba="1,2" hai="8,15,19,32,34,56,60,64,74,79,83,90,95,96" machi="74" ten="30,1000,0" yaku="7,1" doraHai="117" who="2" fromWho="1" sc="235,0,235,-13,255,33,255,0" /><INIT seed="2,0,0,4,1,59" ten="235,222,288,255" oya="2" hai0="34,6,117,69,35,7,54,78,21,123,88,97,121" hai1="30,85,3,60,81,24,131,27,8,66,89,29,87" hai2="36,101,57,92,17,93,135,116,58,65,38,99,37" hai3="14,23,98,128,46,33,109,82,15,107,31,91,62"/><V94/><F116/><W77/><G33/><T10/><D117/><U106/><E131/><V105/><F135/><W126/><G128/><T12/><D69/><U68/><E106/><V113/><F113/><W72/><G109/><T1/><D78/><U132/><E132/><V70/><REACH who="2" step="1"/><F17/><REACH who="2" ten="235,222,278,255" step="2"/><W71/><G126/><T47/><D123/><U4/><REACH who="1" step="1"/><E85/><REACH who="1" ten="235,212,278,255" step="2"/><V73/><F73/><W42/><G72/><T44/><D121/><U61/><E61/><AGARI ba="0,2" hai="36,37,38,57,58,61,65,70,92,93,94,99,101,105" machi="61" ten="50,4800,0" yaku="1,1,52,1,53,0" doraHai="59" doraHaiUra="104" who="2" fromWho="1" sc="235,0,212,-48,278,68,255,0" /><INIT seed="2,1,0,0,1,53" ten="235,164,346,255" oya="2" hai0="93,74,111,99,47,128,16,0,132,135,77,1,12" hai1="48,72,133,78,82,106,80,21,35,121,103,49,37" hai2="122,42,89,125,102,19,52,15,67,113,91,41,2" hai3="51,9,28,84,65,59,23,38,134,57,105,31,30"/><V124/><F2/><W104/><G38/><T97/><D111/><U114/><E35/><V81/><F67/><W90/><G134/><N who="0" m="51243" /><D128/><U3/><E133/><V85/><F122/><W11/><G65/><T6/><D6/><U43/><E3/><N who="0" m="1097" /><D47/><U17/><E37/><V64/><F64/><W20/><G51/><T44/><D44/><U94/><E114/><V117/><F102/><W22/><G104/><T54/><D54/><U61/><E106/><V123/><F123/><W116/><G105/><T79/><D74/><U129/><E129/><V76/><F113/><W26/><G26/><T10/><D99/><U87/><E43/><V131/><F131/><W119/><G84/><T95/><D95/><U75/><E121/><V63/><F42/><W110/><G110/><T46/><D46/><U98/><E61/><V45/><F41/><W100/><G100/><AGARI ba="1,0" hai="10,12,16,77,79,93,97,100" m="1097,51243" machi="100" ten="30,2000,0" yaku="20,1,54,1" doraHai="53" who="0" fromWho="3" sc="235,23,164,0,346,0,255,-23" /><INIT seed="3,0,0,0,1,113" ten="258,164,346,232" oya="3" hai0="133,115,81,69,105,86,25,80,83,106,8,22,29" hai1="4,57,41,94,76,111,12,127,11,89,48,45,54" hai2="61,95,43,55,64,90,14,40,34,119,51,73,75" hai3="104,101,109,21,27,3,42,121,24,63,17,7,103"/><W32/><G121/><T23/><D115/><U2/><E111/><V87/><F34/><W62/><G109/><T20/><D69/><U122/><E127/><V91/><F119/><W97/><G42/><T129/><D133/><U26/><E122/><V66/><F75/><W117/><G117/><T96/><D129/><U0/><E26/><V125/><F73/><W131/><G131/><T37/><D37/><U30/><E30/><V82/><F125/><W19/><G103/><T53/><D86/><U98/><REACH who="1" step="1"/><E76/><REACH who="1" ten="258,154,346,232" step="2"/><V118/><F118/><W46/><G32/><T107/><D25/><U50/><AGARI ba="0,1" hai="0,2,4,11,12,41,45,48,50,54,57,89,94,98" machi="50" ten="20,8000,1" yaku="1,1,2,1,0,1,7,1,53,1" doraHai="113" doraHaiUra="92" who="1" fromWho="1" sc="258,-20,154,90,346,-20,232,-40" /><INIT seed="4,0,0,1,2,62" ten="238,244,326,192" oya="0" hai0="53,103,95,101,132,116,71,57,61,1,36,85,49" hai1="124,26,70,5,111,23,52,44,133,24,92,66,41" hai2="16,128,134,77,17,42,104,33,27,80,2,110,98" hai3="3,30,127,7,102,63,10,13,64,47,4,130,54"/><T37/><D116/><U122/><E122/><V73/><F110/><W84/><G127/><T100/><D1/><U88/><E111/><V91/><F2/><W97/><G130/><T50/><D132/><U60/><E124/><V113/><F113/><W105/><G30/><T123/><D123/><U8/><E133/><V38/><F134/><W75/><G75/><T45/><D71/><U90/><E52/><V72/><F72/><W79/><G54/><T82/><D95/><U131/><E131/><V59/><F42/><W29/><G29/><T21/><D21/><U68/><E68/><V34/><F38/><W19/><G47/><T46/><D49/><U87/><E90/><V106/><F106/><W32/><G32/><T86/><D86/><U94/><E94/><V114/><F114/><W56/><REACH who="3" step="1"/><G3/><REACH who="3" ten="238,244,326,182" step="2"/><T39/><REACH who="0" step="1"/><D50/><REACH who="0" ten="228,244,326,182" step="2"/><U43/><E23/><V69/><F34/><W0/><G0/><T12/><D12/><U78/><E26/><V28/><F33/><W93/><G93/><T81/><D81/><AGARI ba="0,2" hai="4,7,10,13,19,56,63,64,79,81,84,97,102,105" machi="81" ten="40,5200,0" yaku="1,1,52,1,53,1" doraHai="62" doraHaiUra="55" who="3" fromWho="0" sc="228,-52,244,0,326,0,182,72" /><INIT seed="5,0,0,4,2,12" ten="176,244,326,254" oya="1" hai0="103,18,2,93,27,75,128,87,33,28,108,4,34" hai1="86,123,24,126,66,16,15,131,55,37,22,39,13" hai2="130,26,61,48,11,70,3,19,133,38,85,83,99" hai3="109,78,90,74,96,64,114,91,9,69,112,46,68"/><U107/><E123/><V0/><F38/><W1/><G109/><T20/><D108/><U63/><E107/><V42/><F130/><W7/><G46/><T95/><D75/><U5/><E131/><V53/><F133/><W117/><G117/><T84/><D128/><U94/><E126/><V118/><F118/><W59/><G59/><T65/><D34/><U49/><E5/><V62/><F42/><W36/><G36/><T100/><D65/><U21/><E39/><V81/><F99/><W110/><G110/><T23/><D33/><U77/><E37/><V135/><F135/><W134/><G134/><T51/><D51/><U97/><E86/><N who="0" m="32809" /><D4/><U45/><E77/><V47/><F83/><N who="3" m="45527" /><G64/><T8/><D8/><U52/><E55/><V25/><F70/><N who="3" m="27243" /><G96/><T116/><D2/><U56/><E22/><V129/><F3/><W41/><G41/><T89/><D116/><U127/><E127/><V102/><F81/><W121/><G121/><T31/><D89/><AGARI ba="0,0" hai="13,15,16,21,24,45,49,52,56,63,66,89,94,97" machi="89" ten="30,12000,1" yaku="7,1,8,1,52,1,54,2" doraHai="12" who="1" fromWho="0" sc="176,-120,244,120,326,0,254,0" /><INIT seed="5,1,0,1,3,33" ten="56,364,326,254" oya="1" hai0="70,29,51,106,21,98,96,18,107,68,65,80,109" hai1="66,26,71,61,42,90,100,17,117,23,47,92,133" hai2="78,118,119,34,40,63,3,11,57,46,28,72,62" hai3="4,102,115,81,56,101,39,127,83,7,53,16,85"/><U31/><E117/><V126/><F126/><W67/><G39/><T73/><D29/><U74/><E133/><V86/><F86/><W131/><G115/><T110/><D51/><U99/><E74/><V32/><F63/><W87/><G131/><T112/><D18/><U48/><REACH who="1" step="1"/><E31/><REACH who="1" ten="56,354,326,254" step="2"/><V135/><F28/><W104/><G127/><T113/><D73/><U97/><E97/><V0/><F135/><W132/><G132/><T38/><D112/><U130/><E130/><V129/><F129/><W27/><G87/><T76/><D98/><U134/><E134/><V91/><F72/><W82/><G85/><T22/><D96/><U10/><E10/><V41/><F11/><W36/><G104/><T64/><D113/><U75/><E75/><V44/><F118/><W105/><G105/><T60/><D106/><U45/><E45/><V114/><F46/><W123/><G123/><T95/><D107/><U13/><E13/><V103/><F44/><W121/><G121/><T111/><D111/><U94/><E94/><V59/><F114/><W69/><G82/><T108/><D95/><U43/><E43/><V52/><F41/><W55/><G81/><T35/><D108/><U77/><E77/><V84/><F40/><W30/><G83/><T8/><D80/><U1/><E1/><V2/><F0/><W15/><G15/><T93/><D76/><U24/><E24/><V120/><F2/><W5/><G27/><T14/><D109/><U6/><E6/><V54/><F3/><W124/><G30/><T20/><D110/><U37/><E37/><V89/><F119/><RYUUKYOKU ba="1,1" sc="56,-10,354,30,326,-10,254,-10" hai1="17,23,26,42,47,48,61,66,71,90,92,99,100" /><INIT seed="5,2,1,2,0,124" ten="46,384,316,244" oya="1" hai0="21,69,23,39,37,53,126,115,133,77,78,104,56" hai1="73,10,128,102,35,87,123,122,112,32,121,27,19" hai2="42,38,103,43,40,106,2,64,4,7,83,94,20" hai3="1,29,91,97,99,100,18,119,54,110,70,134,72"/><U93/><E73/><V15/><F106/><W85/><G110/><T82/><D126/><U44/><E112/><V6/><F2/><W51/><G134/><T107/><D69/><U75/><E75/><V60/><F38/><W49/><G70/><T135/><D56/><U3/><E128/><V46/><F46/><W130/><G1/><T79/><D79/><U25/><E44/><V58/><F83/><W57/><G29/><T52/><REACH who="0" step="1"/><D82/><REACH who="0" ten="36,384,316,244" step="2"/><U68/><E68/><V55/><F58/><W47/><G57/><T5/><D5/><U34/><E122/><V17/><F4/><W111/><G47/><T59/><D59/><U96/><E123/><V101/><F6/><W120/><G120/><T45/><D45/><U109/><E121/><V67/><F7/><W131/><G51/><T9/><D9/><U71/><E71/><V76/><F76/><W50/><G50/><T84/><D84/><U95/><E3/><V26/><F60/><W31/><G85/><T117/><D117/><U92/><E87/><V11/><F11/><W81/><G49/><T125/><D125/><U105/><E109/><V0/><F0/><W89/><G119/><T116/><D116/><U66/><E66/><V74/><F67/><W48/><G111/><T24/><D24/><U86/><E86/><V22/><F64/><W16/><G81/><T90/><D90/><U113/><E113/><AGARI ba="2,2" hai="21,23,37,39,52,53,77,78,104,107,113,115,133,135" machi="113" ten="25,6400,0" yaku="1,1,22,2,54,1,53,0" doraHai="124" doraHaiUra="118" who="0" fromWho="1" sc="36,90,384,-70,316,0,244,0" /><INIT seed="6,0,0,3,4,70" ten="126,314,316,244" oya="2" hai0="52,100,28,118,121,7,65,97,62,9,3,106,32" hai1="33,30,56,49,75,110,130,43,54,115,81,18,128" hai2="14,12,86,135,127,24,47,83,15,133,21,88,125" hai3="41,10,116,96,64,90,109,132,78,11,77,101,119"/><V2/><F2/><W5/><G109/><T34/><D118/><U23/><E110/><V61/><F61/><W55/><G132/><N who="2" m="50761" /><F47/><W1/><G64/><T131/><D131/><N who="1" m="50219" /><E115/><V19/><AGARI ba="0,0" hai="12,14,15,19,21,24,83,86,88,125,127" m="50761" machi="19" ten="40,3900,0" yaku="20,1,54,1" doraHai="70" who="2" fromWho="2" sc="126,-13,314,-13,316,39,244,-13" /><INIT seed="6,1,0,1,3,42" ten="113,301,355,231" oya="2" hai0="112,66,24,114,83,80,96,94,60,105,116,36,86" hai1="19,29,126,91,15,41,101,82,90,132,121,31,102" hai2="103,14,39,50,30,124,63,74,21,98,27,79,9" hai3="73,6,67,95,46,43,16,122,119,52,71,123,44"/><V20/><F39/><W110/><G73/><T58/><D116/><U135/><E126/><V8/><F124/><W84/><G110/><T81/><D105/><U72/><E121/><V85/><F74/><W69/><G6/><T57/><D36/><U99/><E41/><V127/><F127/><W4/><G4/><T120/><D120/><U23/><E101/><V62/><F21/><W34/><G34/><T111/><D111/><U108/><E108/><V65/><F50/><N who="3" m="28759" /><G95/><T25/><D86/><N who="1" m="50519" /><E91/><V118/><F118/><W13/><G119/><T7/><D7/><U89/><E89/><V77/><F85/><W49/><G67/><T3/><D3/><U100/><E100/><V59/><F63/><W40/><G122/><T88/><REACH who="0" step="1"/><D58/><REACH who="0" ten="103,301,355,231" step="2"/><U68/><E68/><V75/><F75/><W54/><G123/><T128/><D128/><U11/><E72/><V12/><F77/><W115/><G71/><T53/><D53/><U55/><E55/><V17/><F79/><W10/><G69/><T134/><D134/><U131/><E131/><V76/><F76/><W87/><G115/><AGARI ba="1,1" hai="24,25,57,60,66,80,81,83,88,94,96,112,114,115" machi="115" ten="40,5200,0" yaku="1,1,15,1,54,1,53,0" doraHai="42" doraHaiUra="5" who="0" fromWho="3" sc="103,65,301,0,355,0,231,-55" /><INIT seed="7,0,0,2,4,2" ten="168,301,355,176" oya="3" hai0="32,91,122,63,47,101,39,24,62,9,60,125,100" hai1="84,67,44,30,53,129,119,118,16,95,90,31,64" hai2="33,55,15,18,57,68,0,133,88,78,96,126,87" hai3="1,46,58,124,36,89,10,28,11,120,107,112,50"/><W72/><G120/><T109/><D122/><U42/><E53/><V59/><F68/><W99/><G72/><T80/><D109/><U92/><E129/><V22/><F0/><W94/><G112/><T48/><D39/><U45/><E16/><V7/><F33/><W71/><G71/><T81/><D125/><U108/><E90/><V74/><F126/><W66/><G124/><T61/><N who="0" m="15360" /><DORA hai="41" /><T56/><D56/><U127/><E127/><V110/><F7/><W49/><G36/><T17/><D32/><U93/><E84/><V82/><F55/><N who="3" m="32119" /><G107/><T3/><D3/><U25/><E42/><V75/><F133/><W106/><G106/><T85/><D80/><U21/><E108/><V131/><F131/><W83/><G1/><T69/><D69/><U86/><E86/><V34/><F34/><W115/><G115/><T132/><D132/><U128/><E128/><V103/><F75/><W14/><G28/><T35/><D35/><U76/><E76/><V19/><F19/><N who="3" m="8663" /><G11/><T123/><D123/><U73/><E73/><V70/><F70/><W65/><G83/><T98/><D98/><U117/><E31/><V29/><F29/><W105/><G105/><T51/><D51/><U111/><E111/><V23/><F110/><W77/><G77/><T12/><D24/><U114/><E114/><V5/><F5/><W20/><G20/><T130/><D130/><U37/><E37/><V121/><F22/><W134/><G134/><T97/><D97/><U6/><E6/><V104/><F121/><W4/><G4/><T8/><D8/><U113/><E113/><RYUUKYOKU ba="0,0" sc="168,0,301,0,355,0,176,0" hai0="9,12,17,47,48,81,85,91,100,101" hai1="21,25,30,44,45,64,67,92,93,95,117,118,119" hai2="15,18,23,57,59,74,78,82,87,88,96,103,104" hai3="46,49,65,66,89,94,99" /><INIT seed="7,1,0,2,0,103" ten="168,301,355,176" oya="3" hai0="24,120,22,112,79,116,51,52,98,127,13,65,102" hai1="119,56,75,73,97,6,38,19,3,99,130,40,106" hai2="0,49,71,124,77,15,80,122,110,2,10,32,133" hai3="100,12,37,64,55,129,47,131,63,1,61,84,101"/><W36/><G1/><T107/><D120/><U8/><E130/><N who="3" m="49674" /><G12/><T117/><D127/><U109/><E109/><V27/><F110/><W30/><G30/><T121/><D121/><U16/><E119/><V134/><F71/><N who="3" m="42383" /><G84/><T14/><D65/><U42/><E56/><V62/><F122/><W104/><G101/><T67/><D67/><U11/><E3/><V5/><F124/><W33/><G33/><T68/><D68/><U29/><E29/><V132/><F62/><W123/><G123/><T126/><D126/><U78/><E78/><V20/><F32/><W105/><G100/><T83/><D112/><U90/><E90/><V31/><F49/><N who="3" m="29119" /><G63/><T125/><D125/><U28/><E28/><V35/><F35/><W59/><G59/><T88/><D88/><U96/><E96/><V54/><F54/><W85/><G85/><AGARI ba="1,0" hai="0,2,5,10,15,20,27,31,77,80,85,132,133,134" machi="85" ten="40,1300,0" yaku="20,1" doraHai="103" who="2" fromWho="3" sc="168,0,301,0,355,16,176,-16" owari="168,-23.0,301,10.0,371,47.0,160,-34.0" /></mjloggm>