<mjloggm ver="2.3"><GO type="169" lobby="0"/><UN n0="%E7%9C%9F%E4%B8%80" n1="%E3%83%8E%E3%82%AA%E3%83%81%E3%83%A3%E3%83%99%E3%82%B9" n2="%E6%BB%9D%E6%9C%AC%E3%81%B2%E3%81%B5%E3%81%BF%EF%BC%81" n3="%E9%BB%92%E9%9B%BB%E8%A9%B1" dan="16,16,17,17" rate="2164.65,2190.78,2194.65,2186.78" sx="M,M,M,M"/><TAIKYOKU oya="0"/><INIT seed="0,0,0,5,0,121" ten="250,250,250,250" oya="0" hai0="40,71,49,57,119,99,13,100,120,98,84,6,103" hai1="36,51,75,58,2,72,123,127,31,69,62,133,105" hai2="89,126,59,102,35,79,117,132,5,83,125,34,8" hai3="48,25,67,16,44,12,32,14,101,82,4,135,134"/><T33/><D120/><U78/><E51/><V111/><F132/><W17/><G101/><T93/><D119/><U30/><E58/><V104/><F89/><W61/><G4/><T74/><D74/><U70/><E62/><V24/><F117/><W22/><G82/><T107/><D33/><U60/><E60/><V113/><F59/><W27/><G32/><T45/><D71/><U129/><E78/><V41/><F41/><W53/><G134/><T46/><D57/><U88/><E88/><V1/><F113/><W94/><G135/><T87/><REACH who="0" step="1"/><D45/><REACH who="0" ten="240,250,250,250" step="2"/><U118/><E75/><N who="2" m="43519" /><F34/><W42/><G53/><T38/><D38/><U86/><E36/><V29/><F125/><W39/><G39/><T11/><AGARI ba="0,1" hai="6,11,13,40,46,49,84,87,93,98,99,100,103,107" machi="11" ten="30,3000,0" yaku="1,1,0,1,53,0" doraHai="121" doraHaiUra="18" who="0" fromWho="0" sc="240,40,250,-10,250,-10,250,-10" /><INIT seed="0,1,0,1,0,25" ten="280,240,240,240" oya="0" hai0="72,38,62,78,79,102,1,23,58,122,117,56,129" hai1="131,64,31,130,96,15,125,26,5,30,47,97,2" hai2="115,17,16,93,85,74,126,67,22,70,100,60,35" hai3="90,9,92,61,24,71,13,57,12,46,55,33,36"/><T3/><D122/><U21/><E64/><V63/><F74/><W11/><G71/><T132/><D117/><U41/><E2/><V113/><F35/><W14/><G36/><T10/><D38/><U75/><E75/><V128/><F126/><W69/><G69/><T48/><D72/><U19/><E5/><V34/><F34/><W82/><G82/><T0/><D132/><U111/><E125/><V95/><F128/><N who="1" m="49193" /><E111/><V77/><F60/><W86/><REACH who="3" step="1"/><G46/><REACH who="3" ten="280,240,240,230" step="2"/><T59/><D129/><U123/><E123/><V83/><F113/><W32/><G32/><T81/><D81/><U120/><E120/><V42/><F115/><W87/><G87/><T94/><D79/><U110/><E110/><V88/><F42/><W101/><G101/><T66/><D78/><U51/><E26/><V99/><F22/><W65/><G65/><T109/><D23/><U4/><E4/><V103/><F103/><W121/><G121/><T114/><D114/><U53/><E41/><V133/><F133/><W124/><G124/><T134/><D134/><U107/><E97/><V52/><F52/><W49/><G49/><T98/><D109/><U135/><E135/><V118/><F118/><W20/><G20/><T18/><D48/><U80/><E80/><V8/><REACH who="2" step="1"/><F8/><REACH who="2" ten="280,240,230,230" step="2"/><W40/><G40/><T7/><D10/><U119/><E119/><V28/><F28/><AGARI ba="1,2" hai="9,11,12,13,14,24,28,33,55,57,61,86,90,92" machi="28" ten="40,2600,0" yaku="1,1,52,1,53,0" doraHai="25" doraHaiUra="76" who="3" fromWho="2" sc="280,0,240,0,230,-29,230,49" /><INIT seed="1,0,0,4,4,71" ten="280,240,201,279" oya="1" hai0="70,13,74,130,128,46,56,92,123,120,127,82,124" hai1="4,38,96,132,91,116,135,12,115,131,64,113,21" hai2="30,103,37,24,134,77,66,90,18,88,31,7,47" hai3="76,34,69,68,23,100,86,95,52,45,14,78,0"/><U16/><E116/><V80/><F134/><N who="1" m="51241" /><E64/><V81/><F103/><W67/><G0/><T54/><D13/><U35/><E35/><V73/><F66/><W25/><G34/><T2/><D2/><U84/><E96/><V83/><F7/><W75/><G75/><T10/><D10/><U60/><E60/><V19/><F77/><W20/><G68/><T32/><D32/><U121/><E121/><N who="0" m="46665" /><D70/><U112/><E131/><N who="0" m="50217" /><D92/><N who="1" m="54375" /><E4/><V6/><F73/><W104/><G104/><T26/><D26/><U110/><E110/><V29/><F6/><W5/><G69/><T65/><D82/><U1/><E1/><V48/><F37/><AGARI ba="0,0" hai="12,16,21,37,38,112,113,115" m="54375,51241" machi="37" ten="40,12000,1" yaku="20,1,52,2,54,1" doraHai="71" who="1" fromWho="2" sc="280,0,240,120,201,-120,279,0" /><INIT seed="1,1,0,1,0,108" ten="280,360,81,279" oya="1" hai0="54,53,8,25,90,114,98,112,2,133,105,125,49" hai1="107,92,44,42,1,110,99,16,17,88,65,86,48" hai2="47,93,57,87,34,39,14,58,29,19,73,60,55" hai3="82,76,80,38,75,9,127,126,51,30,5,36,24"/><U23/><E1/><V27/><F73/><W117/><G51/><T128/><D128/><U111/><E65/><V113/><F113/><W15/><G117/><T116/><D116/><U3/><E3/><V115/><F115/><W122/><G122/><T32/><D133/><U33/><E33/><V56/><F39/><W130/><G130/><T28/><D125/><N who="3" m="47625" /><G82/><T106/><D54/><U45/><E45/><V104/><F104/><W129/><G129/><T63/><D63/><U78/><E78/><V62/><F47/><W0/><G15/><T70/><D70/><U21/><E107/><V59/><N who="2" m="14336" /><DORA hai="4" /><V103/><F55/><W18/><G18/><N who="1" m="7274" /><E99/><V101/><F87/><W6/><G6/><T124/><D124/><U109/><AGARI ba="1,0" hai="21,23,42,44,48,86,88,92,109,110,111" m="7274" machi="109" ten="40,12000,1" yaku="14,1,10,1,54,2" doraHai="108,4" who="1" fromWho="1" sc="280,-41,360,123,81,-41,279,-41" /><INIT seed="1,2,0,2,0,2" ten="239,483,40,238" oya="1" hai0="122,7,25,135,125,95,127,108,35,68,26,123,129" hai1="84,66,112,118,34,88,19,132,59,82,128,9,92" hai2="43,78,30,17,109,16,53,81,15,44,76,91,29" hai3="4,64,89,83,27,131,98,62,65,74,77,39,18"/><U117/><E34/><V105/><F109/><W1/><G131/><T96/><D68/><U103/><E112/><V47/><F105/><W3/><G65/><T101/><D108/><U111/><E128/><V11/><F53/><W57/><G39/><T54/><D129/><U63/><E132/><V121/><F121/><N who="0" m="46090" /><D135/><U31/><E31/><N who="2" m="11787" /><F17/><W40/><G40/><T46/><D35/><U133/><E133/><V67/><F67/><W48/><G48/><N who="0" m="28951" /><D7/><U21/><E9/><V113/><F113/><W71/><G71/><T85/><D85/><U100/><E111/><V13/><F13/><W86/><G98/><T37/><D37/><U52/><E66/><V107/><F107/><W79/><G79/><N who="2" m="30249" /><F43/><W23/><REACH who="3" step="1"/><G4/><REACH who="3" ten="239,483,40,228" step="2"/><T12/><D127/><U14/><E118/><V124/><F124/><W45/><G45/><T110/><D125/><U55/><E117/><V38/><F38/><W75/><G75/><T28/><D110/><U120/><E120/><V87/><AGARI ba="2,1" hai="11,15,16,44,47,81,87,91" m="30249,11787" machi="87" ten="30,2000,0" yaku="8,1,54,1" doraHai="2" who="2" fromWho="2" sc="239,-7,483,-12,40,36,228,-7" /><INIT seed="2,0,0,2,5,36" ten="232,471,76,221" oya="2" hai0="25,13,46,94,75,78,66,38,92,119,132,65,6" hai1="96,22,31,42,95,80,123,82,88,81,102,129,90" hai2="19,41,91,74,130,49,85,57,115,15,112,32,86" hai3="59,0,77,73,128,45,54,107,105,70,61,125,124"/><V93/><F74/><W14/><G0/><T63/><D132/><U27/><E129/><V48/><F130/><W104/><G128/><T26/><D119/><U64/><E123/><V98/><F32/><W110/><G110/><T67/><D63/><U20/><E64/><V16/><F112/><W76/><G70/><T7/><D75/><U72/><E72/><V40/><F115/><W117/><G117/><T29/><D78/><U44/><REACH who="1" step="1"/><E22/><REACH who="1" ten="232,461,76,221" step="2"/><N who="2" m="11551" /><F19/><W34/><G73/><T12/><D67/><U43/><E43/><N who="2" m="16459" /><F57/><W3/><G59/><T18/><D38/><AGARI ba="0,1" hai="20,27,31,38,42,44,80,81,82,88,90,95,96,102" machi="38" ten="40,8000,1" yaku="1,1,52,1,54,1,53,1" doraHai="36" doraHaiUra="17" who="1" fromWho="0" sc="232,-80,461,90,76,0,221,0" /><INIT seed="3,0,0,3,3,28" ten="152,551,76,221" oya="3" hai0="66,115,111,48,57,88,6,49,17,64,71,69,94" hai1="108,82,22,36,32,133,126,53,13,93,47,107,90" hai2="134,58,63,34,91,128,56,41,21,12,80,85,122" hai3="18,119,5,46,60,19,86,29,76,7,102,118,87"/><W79/><G46/><T114/><D111/><U74/><E32/><V130/><F134/><W113/><G29/><T112/><D6/><U106/><E108/><V109/><F109/><W100/><REACH who="3" step="1"/><G60/><REACH who="3" ten="152,551,76,211" step="2"/><N who="0" m="37903" /><D17/><U50/><E36/><V39/><F39/><W25/><G25/><T72/><D72/><U129/><E74/><V33/><F41/><W101/><G101/><T73/><D73/><U81/><E47/><V4/><F122/><W84/><G84/><N who="0" m="52487" /><D66/><U42/><E42/><V20/><F4/><W31/><G31/><T35/><D35/><N who="2" m="13322" /><F63/><W67/><G67/><T89/><D89/><U9/><E90/><V135/><F135/><W40/><G40/><T0/><D0/><U15/><E133/><V54/><F12/><W43/><G43/><T98/><D98/><U123/><E15/><V59/><F54/><W120/><G120/><T10/><D10/><U52/><E9/><V110/><F110/><W117/><G117/><T132/><D132/><U55/><E13/><V77/><F91/><W96/><G96/><T124/><D124/><U2/><E126/><V105/><F105/><W70/><G70/><AGARI ba="0,1" hai="48,49,69,70,71,112,114,115" m="52487,37903" machi="70" ten="40,2600,0" yaku="11,1,54,1" doraHai="28" who="0" fromWho="3" sc="152,36,551,0,76,0,211,-26" /><INIT seed="4,0,0,2,1,12" ten="188,551,76,185" oya="0" hai0="77,70,50,83,134,5,73,45,129,33,57,78,52" hai1="59,26,0,55,93,117,109,64,56,35,14,46,27" hai2="97,53,39,22,76,2,49,98,60,28,80,122,11" hai3="67,3,124,123,17,92,102,100,119,48,79,90,20"/><T68/><D134/><U54/><E0/><V91/><F39/><W95/><G3/><T128/><D33/><U16/><E109/><V9/><F122/><W87/><G119/><T44/><D5/><U47/><E117/><V36/><F36/><W125/><G67/><T30/><D30/><U66/><E93/><V72/><F60/><W25/><G123/><T86/><D73/><U24/><E35/><V113/><F113/><W107/><G107/><T121/><D121/><U118/><E118/><V38/><F38/><W32/><G79/><T29/><D29/><U111/><E111/><V58/><F91/><W37/><G37/><T82/><D82/><U74/><E74/><V127/><F127/><W131/><G131/><N who="0" m="50251" /><D78/><U85/><E85/><V94/><F2/><W19/><G32/><T110/><D110/><U61/><E66/><V43/><F43/><W7/><G7/><T41/><D44/><N who="1" m="16939" /><E56/><V130/><F130/><W21/><G48/><AGARI ba="0,0" hai="41,45,48,50,52,57,68,70,77,83,86" m="50251" machi="48" ten="30,2900,0" yaku="19,1,54,1" doraHai="12" who="0" fromWho="3" sc="188,29,551,0,76,0,185,-29" /><INIT seed="4,1,0,1,2,110" ten="217,551,76,156" oya="0" hai0="133,100,32,118,129,66,56,36,24,12,84,72,28" hai1="67,124,119,38,45,82,130,85,30,50,125,19,40" hai2="76,42,126,27,52,68,15,114,64,34,75,105,79" hai3="120,29,6,83,106,18,88,98,74,77,54,5,33"/><T55/><D118/><U103/><E119/><V21/><F105/><W132/><G132/><T31/><D72/><U86/><E130/><V96/><F42/><W111/><G111/><T7/><D36/><U48/><E30/><V112/><F126/><N who="1" m="48745" /><E67/><V80/><F79/><W23/><G29/><T3/><D31/><U46/><E103/><V1/><F1/><W61/><G33/><T4/><D3/><U16/><E86/><V97/><F15/><W58/><G106/><T128/><D66/><U134/><E134/><V71/><F34/><W49/><G120/><T14/><D100/><U70/><E70/><N who="2" m="26667" /><F64/><W87/><G61/><T22/><D84/><U20/><E20/><V8/><F8/><W69/><G98/><T113/><D133/><U108/><E108/><V65/><F65/><W89/><G69/><T121/><D32/><U43/><E38/><V73/><F73/><W102/><G102/><T115/><D121/><U94/><E94/><V92/><F92/><W60/><G60/><N who="0" m="35871" /><D4/><N who="3" m="1641" /><G74/><T10/><D12/><AGARI ba="1,0" hai="12,18,23,49,54,58,77,83,87,88,89" m="1641" machi="12" ten="30,2000,0" yaku="8,1,54,1" doraHai="110" who="3" fromWho="0" sc="217,-23,551,0,76,0,156,23" /><INIT seed="5,0,0,5,5,11" ten="194,551,76,179" oya="1" hai0="24,42,68,32,75,124,3,133,69,25,82,135,46" hai1="63,18,33,26,96,17,128,134,112,84,123,108,20" hai2="12,92,115,117,57,87,58,62,36,50,74,104,125" hai3="91,35,60,127,67,64,73,16,41,45,113,99,15"/><U107/><E84/><V31/><F125/><W9/><G113/><T66/><D124/><U105/><E112/><V88/><F115/><W78/><G127/><T126/><D3/><U129/><E123/><V89/><F36/><W23/><G35/><T55/><D55/><U37/><E37/><V93/><F104/><W14/><G73/><T65/><D126/><U39/><E39/><V21/><F74/><W85/><G78/><N who="0" m="44383" /><D65/><U44/><E44/><V53/><F117/><W119/><G99/><T59/><D59/><U94/><E33/><V1/><F1/><W83/><G119/><T131/><D66/><U130/><E108/><V103/><F103/><W10/><G10/><T52/><D42/><U43/><E43/><V19/><F31/><W27/><G60/><T49/><D131/><U121/><E121/><V116/><F116/><W4/><G27/><N who="0" m="10315" /><D32/><U109/><E109/><V118/><F118/><W90/><REACH who="3" step="1"/><G91/><REACH who="3" ten="194,551,76,169" step="2"/><T40/><D69/><U80/><E63/><V100/><F100/><W77/><G77/><T8/><D8/><U48/><E128/><V34/><F34/><W2/><G2/><T132/><D68/><U6/><E129/><V30/><F30/><W122/><G122/><T120/><D120/><U54/><E130/><V22/><F22/><W51/><AGARI ba="0,1" hai="4,9,14,15,16,23,41,45,51,64,67,83,85,90" machi="51" ten="20,16000,3" yaku="1,1,0,1,7,1,8,1,52,2,54,1,53,1" doraHai="11" doraHaiUra="7" who="3" fromWho="3" sc="194,-40,551,-80,76,-40,169,170" /><INIT seed="6,0,0,5,5,5" ten="154,471,36,339" oya="2" hai0="26,25,68,6,37,90,69,7,85,61,94,44,108" hai1="28,63,62,52,41,84,96,50,118,58,64,59,87" hai2="109,78,18,115,112,88,123,35,31,80,106,23,134" hai3="91,66,45,15,105,98,126,49,114,22,76,122,132"/><V60/><F123/><W131/><G122/><T51/><D37/><U110/><E110/><V11/><F106/><W32/><G32/><T27/><D108/><U81/><E118/><V19/><F109/><W1/><G1/><T86/><D69/><U97/><E28/><V104/><F104/><W73/><G66/><T74/><D74/><U4/><E4/><N who="0" m="1577" /><D68/><U75/><E75/><V117/><F117/><W20/><G76/><T54/><D61/><U71/><E87/><AGARI ba="0,0" hai="25,26,27,44,51,54,85,86,87,90,94" m="1577" machi="87" ten="30,1000,0" yaku="8,1" doraHai="5" who="0" fromWho="1" sc="154,10,471,-10,36,0,339,0" /><INIT seed="7,0,0,4,3,89" ten="164,461,36,339" oya="3" hai0="107,133,59,39,121,122,41,116,33,104,7,4,58" hai1="129,117,125,111,24,71,96,44,10,23,126,81,103" hai2="2,0,70,48,100,52,54,36,46,90,3,32,114" hai3="75,93,86,17,40,88,49,83,123,132,120,30,109"/><W11/><G132/><T98/><D98/><U119/><E111/><V110/><F110/><W26/><G109/><T6/><D33/><U127/><E71/><V73/><F114/><W80/><G40/><T115/><D41/><U105/><E129/><V85/><F73/><W57/><G120/><T72/><D72/><U69/><E69/><V92/><F70/><W61/><G49/><T12/><D12/><U113/><E113/><V60/><F32/><W5/><G123/><T124/><D4/><U68/><E68/><V67/><F36/><W74/><G17/><T130/><D130/><U84/><E10/><V99/><F54/><W53/><G75/><T34/><D6/><U56/><E56/><V43/><F67/><W65/><G65/><T16/><D7/><U62/><E62/><V108/><F108/><W21/><REACH who="3" step="1"/><G74/><REACH who="3" ten="164,461,36,329" step="2"/><T64/><D133/><U20/><E44/><V82/><F43/><W94/><G94/><T135/><D16/><N who="1" m="12295" /><E23/><V14/><F60/><W27/><G27/><T50/><D135/><U128/><E128/><V95/><REACH who="2" step="1"/><F14/><AGARI ba="0,1" hai="5,11,14,21,26,30,53,57,61,80,83,86,88,93" machi="14" ten="30,18000,2" yaku="1,1,7,1,8,1,52,1,54,1,53,1" doraHai="89" doraHaiUra="22" who="3" fromWho="2" sc="164,0,461,0,36,-180,329,190" owari="164,-24.0,461,26.0,-144,-64.0,519,62.0" /></mjloggm>