<mjloggm ver="2.3"><GO type="185" lobby="0"/><UN n0="%E3%81%97%E3%82%93%E3%81%97%E3%82%93%E3%81%97%E3%82%93" n1="%E6%B5%84%E6%8B%AD%E5%B1%8B%E4%B8%80" n2="%E3%83%8F%E3%83%94%E3%83%AA%E3%83%83%E3%83%88" n3="" dan="17,16,17,0" rate="2298.30,2090.96,2255.61,1500.00" sx="F,M,M,C"/><TAIKYOKU oya="0"/><INIT seed="0,0,0,5,5,95" ten="350,350,350,0" oya="0" hai0="126,77,127,92,128,49,81,46,2,73,55,96,133" hai1="84,102,109,121,40,106,80,72,76,56,82,58,111" hai2="74,79,75,62,51,3,94,120,60,129,110,101,61" hai3=""/><T47/><D2/><U44/><N who="1" m="31008" /><U45/><E106/><V83/><N who="2" m="30752" /><V68/><F3/><T34/><D34/><U89/><E102/><V99/><F110/><N who="1" m="41993" /><E45/><V42/><F129/><T122/><N who="0" m="31264" /><T130/><D133/><U119/><E119/><V135/><F135/><T63/><D63/><U100/><E100/><V67/><REACH who="2" step="1"/><F75/><REACH who="2" ten="350,350,340,0" step="2"/><T71/><D128/><U69/><E69/><V97/><F97/><T57/><D71/><U104/><E104/><V107/><F107/><T88/><D130/><U54/><E54/><V118/><F118/><T123/><N who="0" m="31520" /><T43/><REACH who="0" step="1"/><D47/><AGARI ba="0,1" hai="42,47,51,60,61,62,67,68,74,79,83,94,99,101" m="30752" machi="47" ten="40,5200,0" yaku="1,1,52,2,53,0" doraHai="95" doraHaiUra="132" who="2" fromWho="0" sc="350,-52,350,0,340,62,0,0" /><INIT seed="1,0,0,5,4,107" ten="298,350,402,0" oya="1" hai0="66,122,61,34,65,91,32,110,46,112,73,98,41" hai1="69,59,33,38,77,124,72,80,85,74,68,130,120" hai2="127,104,78,128,63,95,75,89,67,40,49,121,44" hai3=""/><U36/><N who="1" m="30752" /><U129/><E33/><V103/><N who="2" m="31008" /><V79/><F127/><T101/><N who="0" m="31264" /><T115/><D110/><U83/><E124/><V131/><F103/><T93/><D73/><U92/><E59/><V114/><F104/><T64/><D61/><U113/><E113/><V70/><F114/><T132/><D132/><U133/><E133/><V119/><F119/><T45/><D112/><U87/><E77/><V47/><F47/><T117/><D117/><U123/><N who="1" m="31520" /><U52/><E92/><V105/><F105/><T42/><D115/><U102/><E102/><V94/><F95/><T57/><D57/><U55/><AGARI ba="0,0" hai="36,38,52,55,68,69,72,74,80,83,85,87,129,130" m="31520,30752" machi="55" ten="25,16000,3" yaku="0,1,22,2,52,4,54,1" doraHai="107" who="1" fromWho="1" sc="298,-80,350,160,402,-80,0,0" /><INIT seed="1,1,0,1,1,81" ten="218,510,322,0" oya="1" hai0="121,117,46,82,36,43,39,42,56,60,62,47,131" hai1="66,100,34,87,52,40,1,125,118,97,124,0,96" hai2="132,99,130,88,32,92,110,85,35,114,105,49,57" hai3=""/><U79/><E118/><V134/><F110/><T109/><N who="0" m="31008" /><T108/><D82/><U65/><E34/><V86/><F130/><T106/><D106/><U50/><E40/><V72/><F72/><T94/><D94/><U120/><N who="1" m="30752" /><U58/><E97/><V75/><F75/><T107/><D107/><U98/><E98/><V76/><F114/><T126/><D126/><U103/><E103/><V64/><F105/><T69/><D117/><U59/><E59/><V95/><F76/><T71/><D56/><U44/><E1/><V112/><F112/><T102/><D102/><U41/><E0/><V38/><F38/><T89/><D89/><U93/><E125/><V113/><F113/><T73/><D73/><U119/><E124/><V91/><F32/><T74/><D74/><U70/><E70/><V129/><F35/><T116/><D116/><U3/><E3/><V133/><F99/><T127/><D127/><U2/><E2/><V101/><F101/><T111/><D131/><U123/><N who="1" m="31520" /><U104/><E119/><V135/><F129/><T45/><D45/><U90/><E79/><V77/><F77/><T51/><D51/><AGARI ba="1,0" hai="41,44,50,51,52,58,65,66,87,90,93,96,100,104" m="31520,30752" machi="51" ten="30,12000,1" yaku="7,1,52,3,54,1" doraHai="81" who="1" fromWho="0" sc="218,-122,510,122,322,0,0,0" /><INIT seed="1,2,0,2,4,66" ten="96,632,322,0" oya="1" hai0="118,62,81,93,46,65,58,85,83,121,117,135,0" hai1="49,41,64,42,33,101,131,44,76,116,134,123,84" hai2="95,92,48,110,69,88,127,90,97,82,47,57,1" hai3=""/><U128/><N who="1" m="31520" /><U52/><E33/><V108/><F69/><T132/><D132/><U122/><BYE who="0" /><N who="1" m="31264" /><U105/><E116/><UN n0="%E3%81%97%E3%82%93%E3%81%97%E3%82%93%E3%81%97%E3%82%93" /><V74/><F127/><T2/><N who="0" m="31008" /><T73/><D135/><U113/><E134/><V71/><F71/><T120/><N who="0" m="30752" /><T109/><D109/><U124/><E124/><V34/><F34/><T80/><D73/><U106/><E113/><V129/><F1/><T56/><D0/><U115/><E64/><V54/><F129/><T51/><D2/><U63/><E115/><V86/><F74/><T75/><D75/><U111/><E111/><V3/><F3/><T103/><D56/><U43/><E63/><V104/><F104/><T39/><D39/><U107/><REACH who="1" step="1"/><E101/><REACH who="1" ten="96,622,322,0" step="2"/><V61/><F110/><T55/><REACH who="0" step="1"/><D103/><REACH who="0" ten="86,622,322,0" step="2"/><U67/><E67/><V50/><F108/><T68/><D68/><U77/><E77/><V78/><F78/><T133/><D133/><U98/><E98/><V59/><F97/><T114/><D114/><U87/><E87/><V37/><F86/><T126/><D126/><U102/><E102/><V89/><F90/><AGARI ba="2,2" hai="46,51,55,58,62,65,80,81,83,85,90,93,117,118" m="30752,31008" machi="90" ten="40,5200,0" yaku="1,1,52,2,53,0" doraHai="66" doraHaiUra="130" who="0" fromWho="2" sc="86,76,622,0,322,-56,0,0" /><INIT seed="2,0,0,2,3,77" ten="162,622,266,0" oya="2" hai0="49,123,63,115,74,81,99,129,84,37,105,68,96" hai1="90,116,127,134,107,64,119,87,132,2,94,61,131" hai2="97,41,80,43,55,110,39,102,121,111,93,120,108" hai3=""/><V89/><N who="2" m="30752" /><V128/><N who="2" m="31008" /><V103/><F128/><T66/><N who="0" m="31520" /><T85/><D129/><U95/><E131/><V0/><F0/><T70/><D37/><U42/><E107/><V75/><F55/><T78/><D115/><U130/><E130/><V46/><F43/><T3/><D3/><U126/><E95/><V50/><F39/><T83/><D74/><U57/><E42/><V45/><F45/><T54/><D105/><U72/><E72/><V40/><F40/><T125/><D125/><N who="1" m="47627" /><E2/><V106/><F106/><T62/><D49/><U60/><E60/><V135/><F135/><AGARI ba="0,0" hai="57,61,64,87,90,94,116,119,132,134,135" m="47627" machi="135" ten="30,2000,0" yaku="20,1,18,1" doraHai="77" who="1" fromWho="2" sc="162,0,622,20,266,-20,0,0" /><INIT seed="4,0,0,5,5,49" ten="162,642,246,0" oya="0" hai0="41,47,127,52,55,121,111,92,60,77,85,34,114" hai1="45,102,63,105,84,119,99,123,35,56,76,116,122" hai2="67,71,69,38,79,109,94,0,65,89,112,103,39" hai3=""/><T59/><N who="0" m="31008" /><T75/><D114/><U82/><N who="1" m="31264" /><U48/><N who="1" m="31520" /><U88/><E35/><V100/><F109/><T78/><D111/><U86/><E56/><V72/><F0/><T80/><D127/><U97/><E63/><V66/><F112/><T96/><D34/><U51/><E97/><V132/><F132/><T126/><D126/><U120/><N who="1" m="30752" /><U58/><E58/><V36/><F79/><T130/><D130/><U50/><REACH who="1" step="1"/><E45/><REACH who="1" ten="162,632,246,0" step="2"/><V104/><F69/><T124/><D124/><U54/><E54/><V2/><F71/><T87/><D78/><U135/><E135/><V98/><F66/><T134/><D134/><U128/><E128/><V40/><F65/><T83/><D83/><AGARI ba="0,1" hai="48,50,51,76,82,83,84,86,88,99,102,105,116,119" m="30752,31520,31264" machi="83" ten="40,8000,1" yaku="1,1,52,3,54,1,53,0" doraHai="49" doraHaiUra="110" who="1" fromWho="0" sc="162,-80,632,90,246,0,0,0" /><INIT seed="5,0,0,2,3,131" ten="82,722,246,0" oya="1" hai0="59,46,41,0,54,62,130,49,71,119,109,42,124" hai1="127,107,53,73,121,45,68,77,52,80,97,78,116" hai2="66,96,47,125,44,103,76,115,56,126,65,61,32" hai3=""/><U118/><N who="1" m="31008" /><U58/><E68/><V51/><F32/><T84/><D0/><U60/><E127/><N who="2" m="48651" /><F115/><T128/><D84/><U104/><E78/><V123/><N who="2" m="31520" /><V83/><F65/><T89/><D89/><U95/><E107/><V135/><F51/><T35/><D35/><U48/><REACH who="1" step="1"/><E104/><REACH who="1" ten="82,712,246,0" step="2"/><V85/><F135/><T101/><D124/><U93/><E93/><AGARI ba="0,1" hai="44,47,56,61,66,76,83,85,93,96,103" m="31520,48651" machi="93" ten="30,2000,0" yaku="18,1,52,1" doraHai="131" who="2" fromWho="1" sc="82,0,712,-20,246,30,0,0" /><INIT seed="6,0,0,1,5,61" ten="82,692,276,0" oya="2" hai0="121,100,75,42,0,99,90,72,32,65,119,39,52" hai1="106,85,34,43,59,66,40,60,58,82,2,108,77" hai2="87,64,132,113,78,134,127,107,118,38,131,89,120" hai3=""/><V116/><N who="2" m="30752" /><V56/><F38/><T95/><N who="0" m="31008" /><T68/><D0/><U79/><E108/><V81/><F107/><T37/><D32/><U133/><E106/><V112/><F56/><T57/><D119/><N who="2" m="45610" /><F64/><T92/><D37/><U109/><E2/><V126/><F78/><T73/><D39/><U135/><E34/><V3/><F3/><T125/><D125/><N who="2" m="47626" /><F131/><T94/><D42/><U129/><E129/><V93/><F93/><T33/><D33/><U1/><E1/><V71/><F71/><T105/><D90/><U88/><E79/><V130/><F130/><T50/><REACH who="0" step="1"/><D68/><REACH who="0" ten="72,692,276,0" step="2"/><U84/><E77/><V80/><F89/><T111/><D111/><U110/><E109/><V128/><F128/><T86/><D86/><U83/><E85/><V69/><F87/><T122/><N who="0" m="31264" /><T45/><D45/><U35/><E110/><V98/><F69/><T101/><D101/><U44/><E88/><V36/><F36/><T124/><D124/><U46/><E84/><V41/><F41/><T114/><D114/><U115/><E115/><V48/><F113/><T47/><D47/><U97/><E46/><V103/><F112/><T70/><D70/><U117/><E35/><V91/><F103/><T104/><D104/><RYUUKYOKU ba="0,1" sc="72,20,692,-10,276,-10,0,0" hai0="50,52,57,65,72,73,75,92,94,95,99,100,105" owari="92,-51.0,692,64.0,266,-13.0,0,0.0" /></mjloggm>