<mjloggm ver="2.3"><GO type="169" lobby="0"/><UN n0="%E3%82%8F%E3%81%A3%E3%81%97%E3%82%87%E3%81%84%E5%90%9B%32%E5%8F%B7" n1="%E8%99%B9%E8%89%B2%E3%82%B8%E3%83%A7%E3%83%BC%E3%82%AB%E3%83%BC" n2="%EF%BC%94%EF%BC%98%EF%BC%96%EF%BC%99" n3="%E5%A4%8F%E6%81%8B%E8%8A%B1%E7%81%AB" dan="19,16,16,16" rate="2312.50,2083.79,2077.99,2146.09" sx="M,M,M,M"/><TAIKYOKU oya="0"/><INIT seed="0,0,0,2,4,47" ten="250,250,250,250" oya="0" hai0="100,83,26,84,121,54,31,67,73,62,30,74,42" hai1="19,21,51,122,85,72,93,116,112,9,44,33,12" hai2="134,88,2,58,130,107,104,29,82,115,114,60,106" hai3="68,97,61,128,79,120,55,11,0,32,76,7,38"/><T6/><D121/><U17/><E72/><V36/><F36/><W64/><G38/><T119/><D119/><U27/><E116/><V1/><F134/><W90/><G120/><T5/><D42/><U69/><E122/><V4/><F29/><W92/><G128/><T132/><D132/><U111/><E111/><V77/><F130/><W52/><REACH who="3" step="1"/><G32/><REACH who="3" ten="250,250,250,240" step="2"/><T133/><D133/><U86/><E33/><V34/><F34/><W22/><G22/><T35/><D35/><U66/><E112/><V20/><F20/><W124/><G124/><T94/><D30/><U41/><REACH who="1" step="1"/><E93/><REACH who="1" ten="250,240,250,240" step="2"/><V59/><F114/><W75/><G75/><T110/><D73/><U123/><E123/><V135/><F115/><W28/><G28/><T125/><D74/><U87/><E87/><V8/><F135/><W109/><G109/><T81/><D110/><U45/><E45/><V91/><F106/><W113/><G113/><T103/><D84/><U118/><E118/><V46/><F46/><W24/><G24/><T53/><D26/><U14/><E14/><V99/><F107/><W78/><AGARI ba="0,2" hai="0,7,11,52,55,61,64,68,76,78,79,90,92,97" machi="78" ten="30,7900,0" yaku="1,1,0,1,54,1,53,1" doraHai="47" doraHaiUra="57" who="3" fromWho="3" sc="250,-39,240,-20,250,-20,240,99" /><INIT seed="1,0,0,0,1,21" ten="211,220,230,339" oya="1" hai0="39,32,135,58,53,112,109,91,28,108,34,74,90" hai1="134,115,100,18,12,38,22,116,117,11,3,23,125" hai2="9,4,71,52,15,25,72,111,48,101,56,130,29" hai3="35,33,51,24,104,95,0,124,107,85,93,37,102"/><U59/><E38/><V78/><F111/><N who="0" m="42570" /><D112/><U57/><E115/><V94/><F130/><W69/><G37/><T17/><D135/><U123/><E123/><V132/><F132/><W13/><G69/><T87/><D74/><U27/><E134/><V14/><F71/><W113/><G0/><T2/><D39/><U110/><E110/><V5/><F72/><W86/><G124/><T81/><D2/><U55/><E125/><V31/><F78/><W133/><G133/><T83/><D17/><U122/><E122/><V70/><F70/><W131/><G113/><T20/><D20/><U77/><E77/><V89/><F101/><W128/><G51/><N who="0" m="31039" /><D28/><U26/><E100/><V118/><F31/><W79/><G102/><T127/><D127/><U63/><E3/><V96/><F118/><W43/><G79/><T114/><D114/><U65/><E23/><N who="2" m="15551" /><F9/><W50/><G50/><T61/><D61/><U98/><E98/><V41/><F41/><W68/><G43/><T8/><D8/><U73/><E73/><V120/><F120/><W76/><G68/><T84/><AGARI ba="0,0" hai="32,34,81,83,84,87,90,91" m="31039,42570" machi="84" ten="30,1100,0" yaku="14,1" doraHai="21" who="0" fromWho="0" sc="211,11,220,-5,230,-3,339,-3" /><INIT seed="2,0,0,5,1,105" ten="222,215,227,336" oya="2" hai0="7,134,125,108,111,12,82,132,116,23,59,46,123" hai1="66,128,6,106,121,68,62,57,109,47,70,67,5" hai2="37,10,99,96,39,16,48,15,34,107,91,4,73" hai3="14,54,18,131,129,2,60,69,43,130,78,58,28"/><V75/><F34/><W44/><G2/><T42/><D123/><U35/><E106/><V126/><F126/><W77/><G28/><T95/><D125/><U25/><E109/><N who="0" m="42057" /><D116/><U61/><E128/><V71/><F71/><W27/><G27/><T20/><D95/><U119/><E119/><V93/><F48/><W94/><G69/><T24/><D59/><U65/><E121/><V31/><F31/><W83/><G94/><T112/><D112/><U103/><E103/><V110/><F110/><W22/><REACH who="3" step="1"/><G83/><REACH who="3" ten="222,215,227,326" step="2"/><T97/><D82/><U19/><E70/><V1/><F107/><W114/><G114/><T11/><D24/><U117/><E117/><V9/><REACH who="2" step="1"/><F96/><REACH who="2" ten="222,215,217,326" step="2"/><W118/><G118/><T122/><D97/><U55/><E68/><V41/><F41/><W80/><G80/><T84/><D122/><U124/><E124/><V13/><F13/><W29/><G29/><T63/><D12/><U85/><E35/><V32/><F32/><W100/><G100/><T113/><D42/><U21/><E25/><V90/><F90/><W81/><G81/><T45/><D113/><U102/><E102/><V52/><F52/><W98/><G98/><T30/><D30/><U104/><E55/><V56/><F56/><W17/><G17/><T51/><D84/><U38/><E104/><V0/><F0/><W120/><G120/><T53/><D53/><U88/><E57/><V33/><F33/><W127/><G127/><T86/><D86/><U49/><E85/><V50/><F50/><AGARI ba="0,2" hai="14,18,22,43,44,50,54,58,60,77,78,129,130,131" machi="50" ten="40,5200,0" yaku="1,1,19,1,53,1" doraHai="105" doraHaiUra="36" who="3" fromWho="2" sc="222,0,215,0,217,-52,326,72" /><INIT seed="3,0,0,1,0,109" ten="222,215,165,398" oya="3" hai0="106,66,11,32,93,47,50,111,59,118,134,71,26" hai1="33,101,79,62,12,108,116,49,10,18,28,56,35" hai2="58,69,84,125,77,60,44,36,78,4,3,57,88" hai3="8,97,7,110,120,95,46,119,25,31,22,41,122"/><W24/><G119/><T89/><D106/><U105/><E108/><V16/><F125/><W67/><G110/><T48/><D111/><U15/><E116/><V53/><F69/><W121/><G67/><T5/><D118/><U107/><E79/><V42/><F57/><W92/><G24/><T39/><D134/><U87/><E87/><V83/><REACH who="2" step="1"/><F16/><REACH who="2" ten="222,215,155,398" step="2"/><W61/><G121/><T52/><D71/><U75/><E18/><V99/><F99/><W135/><G122/><T21/><D59/><U74/><E56/><V85/><F85/><W40/><G120/><T80/><D66/><U37/><E75/><V17/><F17/><W55/><G135/><T86/><D86/><U100/><E74/><V19/><F19/><W43/><G97/><T114/><D26/><U68/><E68/><V27/><F27/><W70/><G70/><T45/><D45/><U63/><E10/><AGARI ba="0,1" hai="3,4,10,36,42,44,53,58,60,77,78,83,84,88" machi="10" ten="40,2600,0" yaku="1,1,54,1,53,0" doraHai="109" doraHaiUra="115" who="2" fromWho="1" sc="222,0,215,-26,155,36,398,0" /><INIT seed="4,0,0,4,5,106" ten="222,189,191,398" oya="0" hai0="121,68,88,62,61,66,9,58,59,95,132,32,84" hai1="128,53,99,18,81,108,54,129,33,30,55,133,24" hai2="28,120,126,110,13,85,64,11,114,123,77,112,78" hai3="90,47,31,92,93,45,104,69,12,6,82,21,119"/><T89/><D121/><N who="2" m="46666" /><F64/><W2/><G69/><T125/><D125/><U25/><E108/><V135/><F28/><W127/><G104/><T43/><D132/><U94/><E133/><V34/><F34/><W117/><G2/><T3/><D32/><U111/><E111/><V46/><F110/><W101/><G127/><T35/><D35/><U48/><E81/><V22/><F22/><W23/><G119/><T113/><D113/><N who="2" m="43626" /><F126/><W49/><G117/><T107/><D107/><U20/><REACH who="1" step="1"/><E48/><REACH who="1" ten="222,179,191,398" step="2"/><V36/><F135/><W115/><G82/><T134/><D134/><U130/><E130/><V5/><F85/><W42/><G115/><T63/><D84/><U102/><AGARI ba="0,1" hai="18,20,24,25,30,33,53,54,55,94,99,102,128,129" machi="102" ten="30,2000,0" yaku="1,1,0,1,53,0" doraHai="106" doraHaiUra="74" who="1" fromWho="1" sc="222,-10,179,30,191,-5,398,-5" /><INIT seed="5,0,0,0,1,83" ten="212,209,186,393" oya="1" hai0="52,113,96,17,20,118,105,54,119,19,30,37,107" hai1="64,68,100,26,134,90,36,103,125,126,132,104,47" hai2="61,131,0,44,94,99,34,71,55,15,59,4,28" hai3="21,66,129,133,42,110,16,74,58,91,73,87,11"/><U67/><E26/><V98/><F71/><W82/><G110/><T32/><D37/><U127/><E104/><V130/><F0/><W135/><G129/><T79/><D79/><U69/><E90/><V117/><F117/><W33/><G33/><T80/><D80/><U81/><E81/><V29/><F98/><W88/><G42/><T2/><D2/><U102/><E47/><V89/><F34/><W56/><G11/><T25/><D113/><U18/><E18/><V109/><F109/><W27/><G91/><T38/><D38/><U5/><E5/><V75/><F75/><N who="3" m="28683" /><G66/><N who="1" m="25130" /><E36/><V72/><F72/><W45/><G45/><T53/><D19/><U60/><E60/><V31/><F44/><W14/><G27/><T35/><D35/><U62/><E62/><V46/><F46/><W123/><G123/><T23/><D32/><U7/><E7/><V84/><F99/><W70/><G70/><AGARI ba="0,0" hai="68,69,70,100,102,103,125,126,127,132,134" m="25130" machi="70" ten="40,7700,0" yaku="28,2,18,1" doraHai="83" who="1" fromWho="3" sc="212,0,209,77,186,0,393,-77" /><INIT seed="5,1,0,1,0,58" ten="212,286,186,316" oya="1" hai0="69,51,53,68,132,120,97,130,11,52,78,28,33" hai1="94,17,46,49,5,55,41,50,116,48,35,84,118" hai2="40,64,9,2,111,18,115,129,93,101,104,6,45" hai3="76,8,23,26,71,98,39,15,83,70,25,72,19"/><U102/><E35/><V59/><F111/><W0/><G39/><T131/><D132/><U29/><E29/><V43/><F129/><N who="0" m="49162" /><D120/><U121/><E5/><V32/><F32/><W62/><G0/><T87/><D97/><U24/><E121/><V126/><F126/><W56/><G98/><T79/><D11/><U54/><E24/><V90/><F115/><W1/><G1/><T119/><D119/><N who="1" m="45611" /><E17/><V14/><F104/><W31/><REACH who="3" step="1"/><G25/><REACH who="3" ten="212,286,186,306" step="2"/><T4/><D68/><U85/><E102/><V134/><F101/><W20/><G20/><T3/><D69/><U63/><E85/><V110/><F134/><W36/><G36/><T44/><D87/><U88/><E84/><V86/><F110/><W30/><G30/><T122/><D122/><U22/><E22/><V133/><F133/><W12/><G12/><T80/><D28/><U60/><E94/><V89/><F90/><W100/><G100/><T125/><D33/><U114/><E88/><V135/><F135/><W77/><G77/><T112/><D79/><U13/><E13/><V108/><F108/><W124/><G124/><T34/><D125/><U99/><E99/><V103/><F103/><W74/><G74/><T7/><D34/><U66/><E114/><V75/><F75/><W95/><G95/><T123/><D123/><U127/><E127/><V96/><F96/><W38/><G38/><T67/><D112/><U27/><E27/><V106/><F2/><W61/><G61/><N who="1" m="23626" /><E66/><AGARI ba="1,1" hai="8,15,19,23,26,31,56,62,66,70,71,72,76,83" machi="66" ten="30,7700,0" yaku="1,1,7,1,52,1,53,1" doraHai="58" doraHaiUra="107" who="3" fromWho="1" sc="212,0,286,-80,186,0,306,90" /><INIT seed="6,0,0,0,4,83" ten="212,206,186,396" oya="2" hai0="23,1,49,24,53,79,122,77,68,129,67,36,69" hai1="51,131,45,26,134,106,54,9,8,135,118,86,62" hai2="48,90,120,73,124,75,12,57,96,44,43,100,88" hai3="14,13,105,80,87,42,58,4,30,82,15,61,11"/><V132/><F120/><W74/><G105/><T56/><D122/><U65/><E106/><V29/><F124/><W64/><G74/><T104/><D1/><U81/><E118/><V10/><F132/><N who="1" m="50729" /><E26/><V128/><F128/><W37/><G30/><T112/><D104/><U21/><E21/><V25/><F57/><W99/><G99/><T50/><D36/><U108/><E108/><V59/><F59/><W19/><G80/><T126/><D112/><U98/><E98/><V28/><F100/><W95/><G95/><T91/><D50/><U117/><E117/><V123/><F123/><W3/><G37/><T32/><D32/><U103/><E103/><V6/><F29/><W115/><G42/><T70/><D67/><U66/><E66/><V133/><F133/><W84/><G115/><T119/><D119/><U35/><E35/><V34/><REACH who="2" step="1"/><F96/><REACH who="2" ten="212,206,176,396" step="2"/><W125/><G125/><T93/><D126/><U17/><E131/><V101/><F101/><W63/><G58/><T109/><D129/><U78/><E17/><V41/><F41/><W31/><G19/><T92/><D68/><AGARI ba="0,1" hai="8,9,45,51,54,62,65,68,78,81,86" m="50729" machi="68" ten="30,2000,0" yaku="20,1,52,1" doraHai="83" who="1" fromWho="0" sc="212,-20,206,30,176,0,396,0" /><INIT seed="7,0,0,0,0,7" ten="192,236,176,396" oya="3" hai0="4,0,33,117,74,103,53,15,46,24,13,97,115" hai1="89,18,123,110,16,95,60,116,91,80,31,72,129" hai2="78,73,96,37,108,51,41,130,133,57,106,1,62" hai3="124,112,14,121,63,71,79,39,90,68,59,92,109"/><W3/><G121/><T55/><D117/><U26/><E110/><V43/><F108/><W88/><G3/><T86/><D74/><U11/><E123/><V36/><F1/><W48/><G39/><T113/><D86/><U25/><E25/><V5/><F5/><W128/><G109/><T10/><D33/><U131/><E91/><V75/><F133/><W28/><G128/><T35/><D24/><U12/><E18/><V52/><F130/><W135/><G124/><T2/><D35/><U61/><E60/><V65/><F43/><W20/><G112/><N who="0" m="43083" /><D0/><U30/><E26/><V99/><F106/><W83/><G48/><N who="0" m="28823" /><D55/><U21/><E116/><V126/><F126/><W38/><G20/><T34/><D34/><U23/><E23/><V32/><F32/><W94/><G90/><T69/><D69/><U104/><E21/><V85/><F85/><W125/><G94/><AGARI ba="0,0" hai="2,4,10,13,15,94,97,103" m="28823,43083" machi="94" ten="30,3900,0" yaku="15,1,11,1,52,1" doraHai="7" who="0" fromWho="3" sc="192,39,236,0,176,0,396,-39" owari="231,-17.0,236,4.0,176,-32.0,357,45.0" /></mjloggm>