<mjloggm ver="2.3"><GO type="169" lobby="0"/><UN n0="%E9%9B%B7%E8%94%B5" n1="%6B%69%72%61%72%69%79%75" n2="%E3%82%AD%E3%83%B3%E3%82%B0%E3%81%82%E3%81%A4%E3%81%97" n3="%E7%89%87%E5%B2%A1%E7%AF%A4%E5%8F%B2" dan="16,16,17,17" rate="2052.12,2103.27,2121.10,2144.03" sx="M,M,M,M"/><TAIKYOKU oya="0"/><INIT seed="0,0,0,3,1,46" ten="250,250,250,250" oya="0" hai0="13,66,21,28,94,74,73,84,77,70,50,131,4" hai1="26,112,130,87,12,15,93,32,19,92,45,23,132" hai2="81,126,99,80,116,122,52,8,108,38,106,101,57" hai3="25,42,62,82,43,118,100,76,125,61,2,56,119"/><T18/><D131/><U67/><E132/><V90/><F122/><W109/><G2/><T44/><D28/><U71/><E130/><V63/><F108/><W72/><G109/><T35/><D35/><U65/><E32/><V36/><F126/><W5/><G5/><T7/><D74/><U86/><E71/><V123/><F123/><W55/><G125/><T60/><D73/><U69/><E69/><V17/><F116/><W0/><G0/><T133/><D133/><U96/><E45/><V9/><F9/><W114/><G114/><T91/><REACH who="0" step="1"/><D77/><REACH who="0" ten="240,250,250,250" step="2"/><U127/><E112/><V41/><F38/><W31/><G76/><T124/><D124/><U49/><E127/><V98/><F36/><W24/><G72/><T37/><D37/><U20/><E87/><V88/><F99/><W30/><G30/><T95/><D95/><U103/><E86/><V6/><F98/><W117/><G31/><T128/><D128/><U75/><E93/><V14/><F106/><W85/><G85/><T111/><D111/><U3/><E92/><V83/><F83/><W16/><G118/><T105/><D105/><U10/><E96/><V121/><F81/><W48/><G82/><T79/><D79/><U113/><E75/><V64/><F80/><W97/><G97/><T104/><D104/><U1/><E113/><V58/><F121/><W40/><G117/><T120/><D120/><U29/><E29/><V107/><F107/><W68/><G119/><T39/><D39/><U53/><E103/><V34/><F34/><W54/><G100/><T134/><D134/><U11/><E23/><RYUUKYOKU ba="0,1" sc="240,30,250,-10,250,-10,250,-10" hai0="4,7,13,18,21,44,50,60,66,70,84,91,94" /><INIT seed="0,1,1,3,3,113" ten="270,240,240,240" oya="0" hai0="8,104,16,32,71,59,105,41,109,114,51,126,37" hai1="130,57,17,81,112,39,132,65,89,40,66,9,54" hai2="26,83,49,129,21,106,19,29,3,86,107,92,70" hai3="115,22,99,15,75,108,45,134,91,118,135,63,128"/><T43/><D114/><U103/><E112/><V1/><F129/><W97/><G115/><T5/><D126/><U11/><E130/><V93/><F70/><W127/><G128/><T110/><D32/><U72/><E132/><V98/><F107/><N who="0" m="41034" /><D71/><U67/><E40/><V27/><F106/><W6/><G63/><T78/><D78/><U55/><E103/><V50/><F1/><W53/><G22/><T14/><D37/><U20/><E39/><V58/><F3/><W120/><G15/><N who="0" m="5519" /><D59/><U82/><E72/><V38/><F38/><W34/><G34/><T124/><D51/><N who="1" m="30943" /><E55/><V23/><F58/><W90/><G53/><T119/><D119/><U10/><E89/><N who="2" m="55599" /><F92/><W116/><G127/><T46/><D46/><U62/><E62/><V28/><F28/><W79/><G75/><T7/><D7/><U42/><E42/><V69/><F69/><W35/><G6/><T4/><D4/><U96/><E96/><V13/><F13/><AGARI ba="1,1" hai="9,10,11,13,17,20,65,66,67,81,82" m="30943" machi="13" ten="30,1000,0" yaku="8,1" doraHai="113" who="1" fromWho="2" sc="270,0,240,23,240,-13,240,0" /><INIT seed="1,0,0,3,1,120" ten="270,263,227,240" oya="1" hai0="127,97,16,4,57,50,74,129,9,20,36,62,0" hai1="17,19,119,79,125,117,32,22,53,34,135,69,8" hai2="48,78,94,11,123,98,87,124,68,102,101,51,93" hai3="106,109,133,33,88,59,14,83,100,103,84,113,52"/><U85/><E69/><V105/><F123/><W6/><G113/><T116/><D127/><U43/><E43/><V27/><F68/><W76/><G33/><T118/><D129/><U81/><E125/><V73/><F124/><W72/><G109/><T1/><D36/><U18/><E135/><V107/><F27/><W7/><G133/><T49/><D0/><U28/><E53/><V41/><F41/><W114/><G114/><T2/><D2/><U99/><E99/><N who="2" m="61663" /><F51/><W64/><G64/><T25/><D74/><U47/><E47/><V60/><F48/><W91/><G106/><T75/><D75/><U95/><E8/><V23/><F23/><W3/><G3/><T15/><D118/><U130/><E130/><V40/><F60/><N who="3" m="35943" /><G72/><T70/><D116/><U90/><E119/><V29/><F11/><N who="3" m="4471" /><G7/><T46/><D70/><U112/><E112/><V89/><F29/><W128/><G128/><T80/><D80/><U77/><E34/><V71/><F40/><W65/><G65/><T31/><D97/><N who="1" m="57591" /><E32/><V5/><F5/><W61/><G61/><T66/><REACH who="0" step="1"/><D46/><REACH who="0" ten="260,263,227,240" step="2"/><U82/><E82/><N who="2" m="45391" /><F71/><W86/><G76/><T134/><D134/><U10/><E117/><V121/><F121/><W39/><G39/><T12/><D12/><U54/><E77/><V58/><F58/><W96/><G96/><T132/><D132/><U67/><E79/><V92/><AGARI ba="0,1" hai="87,89,92,93,94,98,101,107" m="45391,61663" machi="92" ten="30,12000,2" yaku="24,1,35,5" doraHai="120" who="2" fromWho="2" sc="260,-30,263,-60,227,130,240,-30" /><INIT seed="2,0,0,0,4,126" ten="230,203,357,210" oya="2" hai0="18,44,48,17,123,89,16,59,97,78,116,117,36" hai1="6,65,21,104,101,62,134,49,9,60,15,25,75" hai2="19,102,42,34,83,107,68,33,27,50,45,135,52" hai3="96,71,2,73,12,129,79,119,127,53,57,118,1"/><V39/><F135/><W91/><G127/><T69/><D123/><U113/><E113/><V51/><F68/><W72/><G71/><T92/><D69/><U63/><E75/><V38/><F107/><W132/><G132/><T46/><D78/><U110/><E110/><V106/><F106/><W133/><G133/><T85/><D36/><U54/><E134/><V90/><F102/><W86/><G96/><T67/><D97/><U55/><E104/><V13/><F39/><W94/><G79/><T80/><D80/><U70/><E101/><V35/><F27/><W128/><G12/><T37/><D37/><U28/><REACH who="1" step="1"/><E54/><REACH who="1" ten="230,193,357,210" step="2"/><V88/><F38/><W114/><G114/><T112/><D112/><U47/><AGARI ba="0,1" hai="6,9,15,21,25,28,47,49,55,60,62,63,65,70" machi="47" ten="20,5200,0" yaku="1,1,2,1,0,1,7,1,53,0" doraHai="126" doraHaiUra="98" who="1" fromWho="1" sc="230,-13,193,62,357,-26,210,-13" /><INIT seed="3,0,0,0,5,99" ten="217,255,331,197" oya="3" hai0="46,70,51,82,127,11,88,3,7,89,2,81,53" hai1="20,9,104,23,1,28,124,21,106,32,102,64,43" hai2="8,41,63,69,24,71,75,84,126,59,77,85,112" hai3="131,92,94,120,91,38,25,17,60,97,109,113,115"/><W86/><G120/><T74/><D127/><U76/><E124/><V62/><F126/><W118/><G118/><T19/><D70/><U12/><E1/><V29/><F112/><W134/><G38/><T67/><D67/><U57/><E43/><V49/><F75/><W78/><G131/><T35/><D35/><U111/><E106/><V117/><F117/><W122/><G122/><T56/><D19/><U121/><E76/><V40/><F8/><W45/><G134/><T108/><D108/><U66/><E111/><V133/><F77/><W107/><G107/><T14/><D74/><U80/><E80/><V65/><F71/><W36/><G109/><T116/><D116/><U34/><E28/><V125/><F133/><W93/><G78/><T16/><D2/><U68/><E68/><V44/><F41/><W50/><G60/><T27/><D46/><U15/><E15/><V48/><F48/><W6/><G6/><T132/><D132/><U42/><E42/><V26/><F26/><W73/><G36/><T114/><D114/><N who="3" m="43529" /><G86/><T103/><D27/><U52/><E34/><V123/><F123/><W110/><G73/><T72/><D72/><U95/><E32/><V30/><F125/><W47/><G47/><T0/><D0/><U33/><E33/><N who="2" m="20647" /><F30/><W39/><G39/><T129/><D129/><U100/><E104/><V87/><F63/><W5/><G110/><T130/><D130/><U37/><E37/><V18/><F69/><W105/><G105/><T96/><D82/><U22/><E121/><V31/><F31/><W61/><G25/><T135/><D135/><RYUUKYOKU ba="0,0" sc="217,-10,255,-10,331,30,197,-10" hai2="18,40,44,49,59,62,65,84,85,87" /><INIT seed="4,1,0,3,2,125" ten="207,245,361,187" oya="0" hai0="18,94,134,89,76,59,43,50,70,30,102,107,51" hai1="0,85,91,17,90,1,39,32,127,87,113,80,55" hai2="42,4,111,40,132,112,73,34,92,41,23,79,128" hai3="61,68,98,57,109,27,77,37,126,95,44,65,38"/><T48/><D134/><U81/><E127/><V10/><F111/><W35/><G109/><T6/><D70/><U47/><E113/><V11/><F34/><W31/><G77/><T93/><D107/><U122/><E122/><V115/><F132/><W58/><G126/><T67/><D76/><U105/><E105/><V9/><F128/><W12/><G58/><T19/><D6/><U20/><E32/><V121/><F121/><W116/><G116/><T110/><D30/><U129/><E129/><V130/><F130/><W13/><G68/><T133/><D133/><U56/><E47/><V75/><F4/><W118/><G118/><T53/><D67/><U84/><E84/><V45/><F45/><W64/><G64/><T21/><D43/><U71/><E39/><V72/><F79/><W131/><G131/><T74/><D74/><U29/><E29/><V49/><F49/><N who="0" m="19050" /><D110/><U2/><E71/><V135/><F135/><W52/><G65/><T119/><D119/><U54/><REACH who="1" step="1"/><E56/><REACH who="1" ten="207,235,361,187" step="2"/><V60/><F112/><W86/><G86/><N who="0" m="52407" /><D21/><U62/><E62/><V16/><F60/><W114/><G114/><T100/><D100/><U97/><E97/><AGARI ba="1,1" hai="18,19,51,53,59,94,97,102" m="52407,19050" machi="97" ten="30,1500,0" yaku="8,1" doraHai="125" who="0" fromWho="1" sc="207,28,235,-18,361,0,187,0" /><INIT seed="4,2,0,3,2,51" ten="235,217,361,187" oya="0" hai0="94,25,77,28,22,41,113,21,115,95,65,42,116" hai1="3,71,17,16,98,23,67,100,35,5,27,50,73" hai2="30,74,114,63,60,57,123,76,133,92,29,102,82" hai3="127,121,124,44,86,49,135,31,99,126,9,88,69"/><T10/><D116/><U109/><E73/><V56/><F114/><N who="0" m="43530" /><D65/><U40/><E109/><V12/><F133/><W81/><G135/><T52/><D10/><U104/><E3/><V84/><F123/><W129/><G129/><T47/><D77/><U70/><E5/><V62/><F12/><W85/><G69/><T91/><D21/><U26/><E67/><V107/><F107/><W13/><G31/><N who="2" m="11785" /><F74/><W105/><G121/><T6/><D6/><U39/><E39/><V87/><F87/><N who="3" m="50287" /><G99/><AGARI ba="2,0" hai="56,57,60,62,63,76,82,84,92,99,102" m="11785" machi="99" ten="30,1000,0" yaku="8,1" doraHai="51" who="2" fromWho="3" sc="235,0,217,0,361,16,187,-16" /><INIT seed="5,0,0,1,4,124" ten="235,217,377,171" oya="1" hai0="91,52,48,58,50,75,127,7,20,37,25,33,83" hai1="104,64,14,38,31,0,11,90,8,95,18,13,28" hai2="12,36,65,54,78,59,68,130,94,45,76,126,67" hai3="73,70,15,118,57,79,80,34,4,87,89,85,106"/><U109/><E104/><V55/><F130/><W115/><G70/><T61/><D127/><U125/><E38/><V60/><F126/><W116/><G34/><T29/><D7/><U117/><E125/><V86/><F12/><W111/><G4/><T131/><D131/><U88/><E0/><V51/><F36/><W113/><G57/><T53/><D75/><U47/><E117/><N who="3" m="45162" /><G15/><T72/><D72/><U81/><E109/><V122/><F122/><W103/><G111/><T22/><D83/><U10/><E64/><N who="2" m="24651" /><F68/><W56/><G56/><T128/><D91/><AGARI ba="0,0" hai="45,51,54,55,59,60,76,78,86,91,94" m="24651" machi="91" ten="30,1000,0" yaku="8,1" doraHai="124" who="2" fromWho="0" sc="235,-10,217,0,377,10,171,0" /><INIT seed="6,0,0,1,0,97" ten="225,217,387,171" oya="2" hai0="68,74,105,42,24,133,13,48,132,89,14,38,79" hai1="49,35,17,3,22,63,66,1,115,126,113,73,131" hai2="135,96,75,57,112,72,8,28,107,109,64,95,108" hai3="104,54,55,98,25,110,45,44,9,87,70,31,19"/><V10/><F107/><W7/><G70/><T101/><D38/><U47/><E35/><V82/><F112/><N who="1" m="43081" /><E131/><V23/><F135/><W121/><G121/><T53/><D42/><N who="1" m="24823" /><E73/><V36/><F36/><W78/><G19/><T12/><D68/><N who="1" m="42079" /><E126/><V27/><F72/><W120/><G120/><T60/><D74/><U102/><E102/><N who="2" m="60703" /><F82/><W26/><G104/><T56/><D79/><U93/><E93/><V37/><F37/><W85/><G78/><T117/><D89/><U59/><E59/><V2/><F75/><W88/><G45/><T5/><D5/><U99/><E99/><V129/><F129/><W116/><G44/><T51/><D105/><U80/><E80/><V128/><F128/><W119/><G7/><T114/><D114/><U94/><E94/><V127/><F127/><W46/><G98/><T123/><D101/><U50/><E50/><V52/><F2/><W83/><G83/><T39/><D48/><U61/><E61/><N who="2" m="36007" /><F64/><W91/><G87/><T92/><D51/><U62/><E62/><V67/><F67/><W15/><G85/><T33/><D33/><U32/><E32/><V86/><F86/><W34/><G34/><T11/><D92/><U90/><E90/><V124/><F124/><W134/><G88/><T43/><D39/><U58/><E58/><V81/><F81/><W30/><G91/><T4/><D56/><U18/><E1/><V106/><F106/><W69/><G46/><T84/><D84/><U20/><E3/><V16/><F108/><W41/><G110/><T125/><D125/><U100/><E100/><V21/><F109/><RYUUKYOKU ba="0,0" sc="225,-15,217,15,387,15,171,-15" hai1="17,18,20,22" hai2="8,10,16,21,23,27,28" /><INIT seed="6,1,0,3,2,39" ten="210,232,402,156" oya="2" hai0="0,79,131,7,17,48,128,76,6,105,19,27,92" hai1="129,119,56,99,89,22,74,21,123,84,61,120,43" hai2="116,59,93,133,35,23,118,51,24,63,10,96,78" hai3="91,112,69,1,117,26,54,2,121,109,53,115,62"/><V8/><F133/><W46/><G26/><T111/><D48/><U71/><E74/><V114/><F114/><N who="3" m="43563" /><G91/><T102/><D92/><N who="1" m="56719" /><E71/><V38/><F38/><W25/><G25/><T135/><D27/><U9/><E119/><V67/><F35/><W44/><G117/><T95/><D95/><U124/><E124/><V73/><F116/><W52/><G109/><T20/><D20/><U122/><E129/><V82/><F118/><W11/><G11/><T81/><D81/><U110/><E110/><V37/><F10/><W113/><N who="3" m="43571" /><W72/><DORA hai="87" /><G72/><T66/><D111/><U16/><E84/><V70/><F8/><W57/><G121/><T86/><D86/><U90/><E90/><V14/><F73/><W55/><G69/><T125/><D0/><AGARI ba="1,0" hai="0,1,2,44,46,52,53,54,55,57,62" m="43571" machi="0" ten="50,6400,0" yaku="15,1,11,1,54,1" doraHai="39,87" who="3" fromWho="0" sc="210,-67,232,0,402,0,156,67" /><INIT seed="7,0,0,3,0,93" ten="143,232,402,223" oya="3" hai0="83,112,91,55,22,52,133,134,131,16,1,27,108" hai1="67,31,121,68,14,79,81,5,65,73,100,36,120" hai2="104,92,61,3,125,62,6,49,48,30,41,7,82" hai3="95,17,33,113,13,51,12,105,109,20,90,126,21"/><W8/><G113/><T0/><D108/><U114/><E36/><V72/><F104/><W10/><G105/><T11/><D131/><U37/><E37/><V29/><F92/><W80/><G33/><T135/><D112/><U102/><E31/><V128/><F82/><W117/><G126/><T66/><D66/><U89/><E89/><V69/><F41/><W106/><G106/><T88/><D11/><U26/><E26/><V96/><F69/><W42/><G80/><T119/><D119/><U38/><E38/><V115/><F72/><W59/><G117/><T86/><D91/><U54/><E54/><AGARI ba="0,0" hai="0,1,16,22,27,52,54,55,83,86,88,133,134,135" machi="54" ten="40,8000,1" yaku="20,1,54,3" doraHai="93" who="0" fromWho="1" sc="143,80,232,-80,402,0,223,0" owari="223,2.0,152,-35.0,402,51.0,223,-18.0" /></mjloggm>