<mjloggm ver="2.3"><GO type="169" lobby="0"/><UN n0="%E3%81%86%E3%81%AA%E3%81%8E%E9%BA%BA" n1="%4B%69%74%61%6D%75%72%61" n2="%74%61%62%65%6F" n3="%74%61%6E%61%4B%61" dan="16,17,17,17" rate="2066.85,2158.68,2201.55,2149.91" sx="M,F,M,M"/><TAIKYOKU oya="0"/><INIT seed="0,0,0,1,4,64" ten="250,250,250,250" oya="0" hai0="83,21,0,42,51,34,97,2,72,92,95,102,68" hai1="24,22,7,91,57,62,45,6,23,50,53,125,127" hai2="84,40,4,87,82,118,75,108,126,105,46,3,27" hai3="5,99,38,41,117,120,96,55,116,26,101,28,121"/><T39/><D34/><U88/><E127/><V111/><F105/><N who="3" m="63655" /><G55/><T128/><D39/><U36/><E36/><N who="2" m="21767" /><F27/><W100/><G5/><N who="1" m="1546" /><E125/><V130/><F126/><W110/><G110/><N who="2" m="42025" /><F130/><W14/><G14/><T109/><D128/><U60/><E60/><V35/><F35/><N who="3" m="20887" /><G41/><T133/><D133/><U65/><E23/><V43/><F43/><W80/><G80/><T98/><D21/><U124/><E124/><V67/><F67/><W1/><G1/><T70/><D109/><U113/><E113/><V47/><F47/><W89/><G89/><T54/><D42/><U52/><E65/><V85/><F118/><N who="3" m="45675" /><G38/><T33/><D33/><U119/><E119/><V37/><F37/><W31/><G31/><AGARI ba="0,0" hai="22,24,31,45,50,52,53,57,62,88,91" m="1546" machi="31" ten="30,3900,0" yaku="8,1,54,2" doraHai="64" who="1" fromWho="3" sc="250,0,250,39,250,0,250,-39" /><INIT seed="1,0,0,2,0,1" ten="250,289,250,211" oya="1" hai0="89,73,6,39,125,105,131,128,93,110,16,74,75" hai1="82,27,63,8,119,90,78,31,37,61,28,3,14" hai2="133,56,130,5,42,94,126,49,76,47,32,43,38" hai3="30,69,7,52,92,102,45,124,98,46,26,59,129"/><U53/><E119/><V60/><F32/><W91/><G69/><T13/><D39/><U79/><E3/><V118/><F118/><W121/><G121/><T100/><D110/><U65/><E37/><V54/><F76/><W81/><G129/><N who="0" m="49739" /><D100/><U72/><E79/><V112/><F130/><W41/><G124/><T87/><D105/><U2/><E2/><V4/><F126/><W51/><G7/><N who="2" m="2633" /><F38/><W120/><G120/><T48/><D6/><U80/><E72/><V127/><F127/><W84/><REACH who="3" step="1"/><G41/><REACH who="3" ten="250,289,250,201" step="2"/><T57/><D125/><U77/><E77/><V123/><F123/><W117/><G117/><T70/><D70/><U67/><E78/><V19/><F112/><W12/><G12/><T106/><D75/><U85/><E14/><V55/><F133/><W18/><G18/><T96/><D74/><U50/><E31/><V95/><F19/><W88/><G88/><T97/><D73/><U22/><E90/><V11/><F11/><W114/><G114/><T107/><D107/><U35/><E8/><V40/><AGARI ba="0,1" hai="40,42,43,47,49,54,55,56,60,94,95" m="2633" machi="40" ten="30,7900,0" yaku="8,1,52,3" doraHai="1" who="2" fromWho="2" sc="250,-20,289,-39,250,89,201,-20" /><INIT seed="2,0,0,2,4,15" ten="230,250,339,181" oya="2" hai0="93,11,110,86,25,23,39,55,69,63,132,104,76" hai1="128,108,16,7,8,59,4,99,94,2,28,105,40" hai2="122,97,112,51,102,22,27,52,5,3,89,62,121" hai3="115,92,87,13,73,130,31,0,111,64,60,81,109"/><V57/><F112/><W113/><G0/><T37/><D104/><U68/><E68/><V74/><F74/><W125/><G31/><T56/><D110/><N who="3" m="41993" /><G125/><T48/><D132/><U119/><E108/><V133/><F133/><W117/><G117/><T101/><D11/><U131/><E119/><V134/><F134/><W24/><G24/><T47/><D69/><U19/><E105/><V14/><F3/><W71/><G130/><N who="1" m="49706" /><E7/><V12/><F89/><N who="3" m="53311" /><G13/><T9/><D9/><U70/><E70/><V124/><F124/><W66/><G64/><T45/><D45/><U46/><E28/><V21/><F5/><W54/><G54/><T20/><D20/><U79/><E79/><AGARI ba="0,0" hai="60,66,71,73,79,81,113,115" m="53311,41993" machi="79" ten="30,1000,0" yaku="14,1" doraHai="15" who="3" fromWho="1" sc="230,0,250,-10,339,0,181,10" /><INIT seed="3,0,0,0,1,21" ten="230,240,339,191" oya="3" hai0="96,11,19,38,66,42,130,48,6,4,106,45,26" hai1="113,40,79,94,49,44,34,56,12,133,108,114,131" hai2="99,10,63,103,83,134,7,37,43,125,127,119,95" hai3="85,135,78,132,93,86,35,24,31,60,2,33,72"/><W8/><G60/><T51/><D130/><U124/><E34/><V28/><F119/><W73/><G35/><T97/><D66/><U36/><E79/><V76/><F134/><N who="3" m="51243" /><G93/><T121/><D121/><U0/><E0/><V68/><F63/><W91/><G78/><T61/><D61/><U116/><E133/><V77/><F68/><W30/><G30/><T46/><D38/><U90/><E131/><V22/><F37/><W55/><G55/><T39/><D39/><U110/><E12/><N who="2" m="5215" /><F43/><W98/><G98/><T70/><D70/><U84/><E124/><N who="2" m="47691" /><F83/><N who="3" m="49599" /><G86/><T62/><D62/><U65/><E116/><V102/><F102/><W59/><G59/><T92/><D106/><U53/><REACH who="1" step="1"/><E65/><REACH who="1" ten="230,230,339,191" step="2"/><V29/><F29/><W118/><G118/><T50/><D45/><U126/><E126/><V71/><F71/><W1/><G1/><T14/><D46/><U87/><E87/><V100/><F100/><W47/><G47/><T58/><D97/><U5/><E5/><AGARI ba="0,1" hai="2,5,8,24,31,33,72,73" m="49599,51243" machi="5" ten="30,2900,0" yaku="20,1,52,1" doraHai="21" who="3" fromWho="1" sc="230,0,230,-29,339,0,191,39" /><INIT seed="3,1,0,2,3,69" ten="230,201,339,230" oya="3" hai0="133,78,4,95,29,114,36,91,113,93,89,83,73" hai1="131,134,124,19,38,34,75,17,32,129,47,45,117" hai2="115,66,103,57,118,56,96,8,46,50,87,60,127" hai3="121,12,62,23,41,49,14,11,76,70,53,106,98"/><W52/><G121/><T24/><D4/><U65/><E75/><V100/><F127/><W26/><G76/><T7/><D7/><U9/><E65/><V21/><F115/><N who="0" m="44042" /><D36/><U81/><E81/><V104/><F118/><W97/><G41/><T130/><D24/><U80/><E80/><V44/><F103/><W90/><G106/><T42/><D42/><U72/><E72/><V3/><F3/><W128/><G128/><N who="1" m="49226" /><E9/><V55/><F8/><W40/><G40/><T123/><D29/><U37/><E124/><V33/><F33/><N who="1" m="12905" /><E134/><V112/><F112/><W105/><G105/><T51/><D51/><U54/><E54/><V20/><F87/><W135/><G135/><T68/><D68/><U2/><E2/><V15/><F15/><N who="3" m="5675" /><G11/><T92/><D130/><U125/><E117/><V71/><REACH who="2" step="1"/><F71/><REACH who="2" ten="230,201,329,230" step="2"/><W88/><G70/><T79/><D133/><U110/><E125/><V5/><F5/><W101/><G101/><T132/><D132/><U94/><E110/><V18/><F18/><N who="1" m="6665" /><E94/><V22/><AGARI ba="1,1" hai="20,21,22,44,46,50,55,56,57,60,66,96,100,104" machi="22" ten="30,4000,0" yaku="1,1,0,1,53,1" doraHai="69" doraHaiUra="59" who="2" fromWho="2" sc="230,-11,201,-11,329,53,230,-21" /><INIT seed="4,0,0,3,2,111" ten="219,190,382,209" oya="0" hai0="128,79,130,110,1,41,114,92,64,70,14,50,80" hai1="55,121,109,78,97,23,10,95,133,73,28,71,129" hai2="43,122,51,115,33,127,45,34,13,118,19,22,39" hai3="52,72,58,83,24,16,48,125,134,12,53,15,81"/><T77/><D1/><U108/><E121/><V103/><F122/><W98/><G125/><T85/><D110/><U11/><E71/><V2/><F2/><W74/><G134/><T46/><D79/><U5/><E133/><V42/><F127/><W76/><G98/><T54/><D70/><U7/><E129/><V30/><F118/><W38/><G38/><T90/><D64/><U65/><E65/><V63/><F103/><W36/><G36/><T69/><D69/><U120/><E120/><V6/><F6/><W123/><G123/><T87/><D114/><U9/><E109/><V0/><F0/><W66/><G66/><T44/><REACH who="0" step="1"/><D14/><REACH who="0" ten="209,190,382,209" step="2"/><U4/><E108/><V56/><F115/><W75/><G76/><T35/><D35/><U60/><E78/><V86/><F34/><W18/><G12/><T113/><D113/><U112/><E112/><V37/><F33/><W61/><G24/><T8/><D8/><U116/><E11/><V62/><F13/><W21/><REACH who="3" step="1"/><G18/><REACH who="3" ten="209,190,382,199" step="2"/><T25/><D25/><N who="1" m="16447" /><E7/><V106/><F19/><W32/><G32/><T102/><D102/><U84/><E5/><V131/><F131/><W100/><G100/><T93/><D93/><U49/><E95/><V96/><F106/><W132/><G132/><T117/><D117/><U20/><E116/><V104/><F104/><W3/><G3/><T31/><D31/><U26/><E4/><V99/><F30/><W135/><G135/><T124/><D124/><U94/><E94/><V47/><F22/><W82/><G82/><T101/><D101/><U17/><E20/><V68/><F68/><RYUUKYOKU ba="0,2" sc="209,15,190,-15,382,-15,199,15" hai0="41,44,46,50,54,77,80,85,87,90,92,128,130" hai3="15,16,21,48,52,53,58,61,72,74,75,81,83" /><INIT seed="4,1,2,3,3,31" ten="224,175,367,214" oya="0" hai0="86,34,8,29,19,41,11,58,23,22,119,129,120" hai1="91,101,50,45,105,64,94,89,104,68,125,114,26" hai2="46,30,81,3,42,63,75,62,9,88,111,79,35" hai3="122,67,43,93,61,15,17,59,10,0,56,6,113"/><T84/><D119/><U24/><E125/><V57/><F111/><W128/><G113/><T14/><D120/><U71/><E114/><V13/><F3/><W32/><G128/><T110/><D129/><U38/><E38/><V124/><F124/><W40/><G122/><T133/><D133/><U25/><E101/><V95/><F30/><W108/><G108/><T85/><D110/><U76/><E76/><V69/><F35/><W44/><G32/><T55/><D41/><U72/><E72/><V49/><F57/><W37/><G43/><T112/><D112/><U73/><E73/><V74/><F75/><W92/><G56/><T83/><D83/><U77/><E77/><V53/><F42/><W117/><G117/><T80/><D80/><U131/><E131/><V39/><F69/><W96/><G96/><T36/><D36/><U60/><E91/><V47/><F47/><W121/><G121/><T100/><D100/><U103/><E103/><V82/><F82/><W65/><G65/><T21/><D34/><U127/><E71/><V99/><REACH who="2" step="1"/><F39/><REACH who="2" ten="224,175,357,214" step="2"/><W106/><REACH who="3" step="1"/><G106/><REACH who="3" ten="224,175,357,204" step="2"/><T4/><D29/><U90/><E127/><V78/><F78/><W70/><G70/><T1/><REACH who="0" step="1"/><D11/><AGARI ba="1,4" hai="0,6,10,11,15,17,37,40,44,59,61,67,92,93" machi="11" ten="30,7700,0" yaku="1,1,7,1,53,2" doraHai="31" doraHaiUra="7" who="3" fromWho="0" sc="224,-80,175,0,357,0,204,120" /><INIT seed="5,0,0,2,0,5" ten="144,175,357,324" oya="1" hai0="126,109,83,2,80,21,12,37,131,98,128,70,82" hai1="25,116,93,50,10,64,63,100,59,68,18,120,57" hai2="96,24,9,85,130,31,40,112,7,104,44,135,16" hai3="33,8,48,51,52,36,88,30,22,6,115,27,20"/><U15/><E120/><V67/><F135/><W76/><G36/><T110/><D70/><U89/><E116/><V42/><F130/><N who="0" m="49706" /><D37/><U75/><E75/><V108/><F108/><N who="0" m="41578" /><D2/><U132/><E132/><V90/><F67/><W3/><G115/><T124/><D21/><U79/><E79/><V62/><F112/><W81/><G48/><T74/><D12/><U71/><E100/><V19/><F62/><W47/><REACH who="3" step="1"/><G88/><REACH who="3" ten="144,175,357,314" step="2"/><T106/><D74/><AGARI ba="0,1" hai="3,6,8,20,22,27,30,33,47,51,52,74,76,81" machi="74" ten="30,8000,1" yaku="1,1,2,1,7,1,52,1,54,1,53,0" doraHai="5" doraHaiUra="38" who="3" fromWho="0" sc="144,-80,175,0,357,0,314,90" /><INIT seed="6,0,0,0,3,115" ten="64,175,357,404" oya="2" hai0="127,84,132,124,103,129,44,33,14,128,78,2,38" hai1="29,10,37,31,4,79,16,73,102,9,80,56,95" hai2="17,87,23,105,59,66,111,20,135,126,43,81,52" hai3="85,35,108,112,45,92,76,15,12,5,98,57,91"/><V101/><F135/><W53/><G108/><T133/><D2/><U0/><E37/><V120/><F120/><W48/><G35/><T62/><D33/><U77/><E77/><V125/><F66/><W6/><G112/><T88/><D78/><U72/><E72/><V93/><F105/><W24/><G24/><T8/><D103/><U19/><E56/><V34/><F34/><W134/><G134/><N who="0" m="51819" /><D62/><U40/><E40/><V68/><F68/><W13/><G45/><T83/><D44/><U131/><E102/><V123/><F123/><W116/><G116/><T22/><D22/><U54/><E0/><V28/><F43/><W70/><G70/><T96/><D96/><U11/><E79/><V51/><F111/><W60/><G60/><T65/><D65/><U114/><E114/><V75/><F75/><W107/><G107/><T32/><D32/><U71/><E73/><V47/><F28/><W49/><G49/><T122/><D38/><U39/><E39/><V110/><F110/><W109/><G109/><T18/><D122/><U61/><E61/><V50/><F101/><N who="3" m="60615" /><G76/><T99/><D99/><U21/><E21/><V90/><F81/><AGARI ba="0,0" hai="5,6,12,13,15,48,53,57,81,85,91" m="60615" machi="81" ten="30,1000,0" yaku="8,1" doraHai="115" who="3" fromWho="2" sc="64,0,175,0,357,-10,404,10" /><INIT seed="7,0,0,4,5,89" ten="64,175,347,414" oya="3" hai0="132,100,53,25,119,113,3,50,68,72,111,108,12" hai1="130,92,83,60,114,129,23,70,131,4,54,115,121" hai2="64,2,59,30,79,44,135,41,17,14,105,117,82" hai3="28,63,96,46,16,67,56,13,22,127,98,123,76"/><W84/><G127/><T39/><D100/><U118/><E121/><V90/><F105/><W74/><G74/><T8/><D25/><U77/><E118/><V57/><F2/><W134/><G134/><T116/><D72/><U133/><E133/><V26/><F135/><W97/><G123/><T62/><D132/><U32/><E32/><V55/><F117/><W125/><G125/><T128/><D12/><U15/><E92/><V52/><F64/><W37/><G37/><T88/><D8/><N who="1" m="4487" /><E23/><V107/><F107/><W33/><G33/><T91/><D3/><U43/><E43/><V20/><F90/><W42/><G28/><T29/><D29/><U10/><E10/><V110/><F110/><W9/><G46/><T71/><D39/><U106/><E106/><V124/><F124/><W87/><G42/><T31/><D31/><U21/><E21/><V94/><F94/><W78/><G22/><T6/><D62/><U69/><E69/><V95/><F95/><W112/><G112/><T24/><D24/><U11/><E11/><V75/><F59/><W81/><G84/><T126/><D126/><U122/><E122/><V49/><REACH who="2" step="1"/><F57/><REACH who="2" ten="64,175,337,414" step="2"/><W61/><G56/><T85/><D113/><U36/><E115/><V47/><F47/><W86/><G67/><T109/><D109/><U58/><E58/><V5/><F5/><W101/><G101/><T66/><D6/><U99/><E114/><V65/><F65/><W80/><AGARI ba="0,1" hai="9,13,16,61,63,76,78,80,81,86,87,96,97,98" machi="80" ten="30,11700,0" yaku="0,1,9,1,8,1,54,1" doraHai="89" who="3" fromWho="3" sc="64,-39,175,-39,337,-39,414,127" owari="25,-47.0,136,-26.0,298,10.0,541,63.0" /></mjloggm>