<mjloggm ver="2.3"><GO type="169" lobby="0"/><UN n0="%E3%82%8F%E3%81%A3%E3%81%97%E3%82%87%E3%81%84%E5%90%9B%32%E5%8F%B7" n1="%41%4F%54" n2="%E3%81%82%E3%81%A0%E3%81%A4" n3="%73%68%6F%67%6F%6F" dan="19,17,16,17" rate="2309.54,2217.96,2153.94,2128.83" sx="M,F,M,M"/><TAIKYOKU oya="0"/><INIT seed="0,0,0,2,1,79" ten="250,250,250,250" oya="0" hai0="95,21,85,23,49,98,122,19,108,104,47,97,120" hai1="58,69,39,3,91,135,4,55,94,116,130,75,60" hai2="70,124,33,96,72,45,36,68,46,76,101,93,57" hai3="22,12,1,20,56,106,24,8,78,123,13,71,110"/><T126/><D126/><U105/><E116/><V43/><F124/><W86/><G123/><T26/><D108/><U113/><E130/><V132/><F132/><W73/><G110/><T81/><D104/><U40/><E75/><V2/><F33/><W31/><G71/><T89/><D23/><U35/><E35/><V82/><F46/><W111/><G73/><T63/><D63/><U134/><E105/><V16/><F2/><W129/><G106/><T44/><D98/><U77/><E77/><V51/><REACH who="2" step="1"/><F16/><REACH who="2" ten="250,250,240,250" step="2"/><N who="3" m="10247" /><G1/><T50/><D47/><U83/><E3/><V125/><F125/><W90/><G111/><T115/><D115/><U118/><E135/><V6/><F6/><N who="3" m="3223" /><G129/><T112/><D112/><U62/><E4/><V7/><F7/><W42/><G42/><T102/><REACH who="0" step="1"/><D50/><REACH who="0" ten="240,250,240,250" step="2"/><U84/><E134/><V87/><F87/><W107/><G107/><T80/><D80/><U28/><E83/><V34/><F34/><W0/><G86/><T74/><D74/><U121/><E84/><V67/><F67/><W88/><G22/><T10/><D10/><U92/><E113/><V133/><F133/><W48/><G48/><T100/><D100/><U109/><E109/><V103/><F103/><W128/><G128/><T59/><D59/><U65/><E58/><V38/><F38/><W9/><G56/><T11/><D11/><U53/><E39/><V14/><F14/><W114/><G9/><T25/><D25/><U117/><E65/><V61/><F61/><W119/><G24/><T66/><D66/><U131/><E62/><V5/><F5/><W15/><G114/><RYUUKYOKU ba="0,2" sc="240,15,250,-15,240,15,250,-15" hai0="19,21,26,44,49,81,85,89,95,97,102,120,122" hai2="36,43,45,51,57,68,70,72,76,82,93,96,101" /><INIT seed="0,1,2,4,1,11" ten="255,235,255,235" oya="0" hai0="121,45,109,126,89,0,111,85,49,39,24,53,104" hai1="42,15,34,87,19,72,27,63,119,131,68,56,97" hai2="84,92,130,17,23,65,74,78,96,133,122,59,14" hai3="114,13,76,101,107,100,47,112,69,113,4,132,57"/><T18/><D121/><U73/><E119/><V31/><F122/><W93/><G69/><T32/><D104/><U16/><E131/><V82/><F133/><W5/><G107/><T26/><D0/><U60/><E42/><V54/><F130/><W44/><G132/><T79/><D39/><U28/><E19/><V22/><F74/><W48/><G76/><T46/><D79/><U8/><E87/><V86/><F86/><W30/><G30/><T94/><D126/><U117/><E117/><V12/><F65/><W80/><G80/><T124/><D124/><U90/><E63/><N who="2" m="36343" /><F31/><W75/><G75/><T134/><D134/><U67/><REACH who="1" step="1"/><E68/><REACH who="1" ten="255,225,255,235" step="2"/><V62/><F62/><W110/><G114/><T108/><D18/><U33/><E33/><V55/><F55/><N who="3" m="31975" /><G113/><T102/><D32/><U120/><E120/><V127/><F127/><W95/><G112/><T58/><REACH who="0" step="1"/><D102/><REACH who="0" ten="245,225,255,235" step="2"/><U7/><E7/><V70/><F17/><W106/><G4/><T37/><D37/><U35/><E35/><V128/><F128/><W91/><G101/><T21/><D21/><N who="2" m="7690" /><F70/><W40/><G100/><AGARI ba="1,4" hai="12,14,78,82,84,92,96,100" m="7690,36343" machi="100" ten="30,3900,0" yaku="8,1,52,2" doraHai="11" who="2" fromWho="3" sc="245,0,225,0,255,82,235,-42" /><INIT seed="1,0,0,0,3,79" ten="245,225,337,193" oya="1" hai0="99,56,71,38,42,25,60,93,105,51,124,14,7" hai1="2,27,98,100,21,106,119,77,87,22,37,131,134" hai2="133,115,34,121,62,74,17,1,127,61,10,69,80" hai3="102,107,15,97,111,83,72,8,46,113,116,47,12"/><U135/><E119/><V45/><F121/><W63/><G113/><T108/><D105/><U132/><E131/><V76/><F34/><W9/><G116/><T20/><D38/><U11/><E37/><V4/><F115/><W6/><G111/><T3/><D3/><U48/><E48/><V53/><F127/><W101/><G63/><T130/><D130/><U23/><E11/><V81/><F133/><W114/><G114/><T112/><D71/><U86/><E2/><V122/><F122/><W128/><G101/><T44/><D124/><U43/><E43/><V120/><F120/><W96/><G96/><T0/><D0/><U129/><E129/><V88/><F17/><W26/><G26/><T35/><D35/><U57/><E57/><V84/><REACH who="2" step="1"/><F69/><REACH who="2" ten="245,225,327,193" step="2"/><W65/><G128/><T36/><D112/><U90/><E135/><V41/><F41/><W70/><G70/><T95/><D42/><U32/><E32/><V55/><F55/><W67/><G65/><T30/><D108/><U82/><REACH who="1" step="1"/><E27/><REACH who="1" ten="245,215,327,193" step="2"/><V16/><F16/><W24/><G6/><T78/><D7/><U94/><AGARI ba="0,2" hai="21,22,23,77,82,86,87,90,94,98,100,106,132,134" machi="94" ten="30,12000,1" yaku="1,1,2,1,0,1,52,1,53,1" doraHai="79" doraHaiUra="89" who="1" fromWho="1" sc="245,-40,215,140,327,-40,193,-40" /><INIT seed="1,1,0,1,0,74" ten="205,355,287,153" oya="1" hai0="70,97,133,33,108,61,62,50,27,64,47,43,57" hai1="87,66,56,100,113,25,119,116,102,86,23,54,16" hai2="98,41,132,109,94,18,31,90,123,93,83,88,118" hai3="26,22,38,4,130,51,17,46,58,101,84,11,24"/><U73/><E73/><V19/><F118/><W0/><G130/><T14/><D108/><U115/><E119/><V120/><F109/><W106/><G38/><T60/><D133/><U75/><E75/><V68/><F132/><W48/><G58/><T80/><D14/><U28/><E116/><V49/><F68/><W79/><G106/><T1/><D1/><U40/><E40/><V85/><F31/><W95/><G26/><T9/><D9/><U32/><E66/><V124/><F124/><W82/><REACH who="3" step="1"/><G46/><REACH who="3" ten="205,355,287,143" step="2"/><T91/><D57/><U44/><E44/><N who="2" m="25743" /><F123/><W35/><G35/><T78/><D27/><U21/><E32/><V10/><F120/><W77/><G77/><T103/><D33/><U128/><E128/><V107/><F107/><W55/><G55/><T59/><D70/><U135/><E135/><V72/><F72/><W114/><G114/><T42/><D42/><U5/><E115/><V2/><F2/><W15/><G15/><T34/><D34/><U121/><E113/><V89/><F89/><W81/><G81/><T13/><D13/><U36/><E36/><V117/><F90/><W134/><G134/><T104/><REACH who="0" step="1"/><D91/><REACH who="0" ten="195,355,287,143" step="2"/><U52/><E121/><V6/><F117/><W53/><G53/><T3/><D3/><U92/><E54/><V69/><F69/><W112/><G112/><T63/><D63/><U105/><E52/><V7/><F88/><W30/><G30/><T131/><D131/><U45/><E28/><V111/><F111/><W110/><G110/><T96/><D96/><AGARI ba="1,2" hai="0,4,11,17,22,24,48,51,79,82,84,95,96,101" machi="96" ten="40,2600,0" yaku="1,1,52,1,53,0" doraHai="74" doraHaiUra="126" who="3" fromWho="0" sc="195,-29,355,0,287,0,143,49" /><INIT seed="2,0,0,1,4,97" ten="166,355,287,192" oya="2" hai0="117,89,111,82,9,83,99,37,50,135,78,33,110" hai1="106,60,85,102,113,134,121,109,35,105,126,23,28" hai2="68,95,64,119,5,129,6,87,61,31,107,79,98" hai3="54,118,20,22,93,58,45,44,46,114,11,101,48"/><V41/><F119/><W42/><G118/><T88/><D37/><U43/><E109/><N who="0" m="41481" /><D33/><U112/><E134/><V76/><F129/><W53/><G114/><T86/><D50/><U15/><E126/><V18/><F107/><W8/><G42/><T120/><D9/><N who="3" m="3657" /><G48/><T80/><D117/><U17/><E43/><V27/><F18/><W131/><G58/><T116/><D116/><U57/><E85/><V67/><F87/><W21/><G131/><T52/><D52/><N who="3" m="20073" /><G93/><N who="0" m="56743" /><D135/><U72/><E57/><V39/><F39/><W25/><G25/><T91/><D120/><U96/><E121/><V100/><F41/><W92/><G92/><N who="0" m="54327" /><D91/><U29/><E113/><V24/><F67/><W36/><G36/><T14/><D14/><U73/><E15/><V55/><F55/><W19/><G19/><T123/><D123/><U7/><E17/><V124/><F27/><W3/><G3/><T77/><AGARI ba="0,0" hai="77,78,80,82,83" m="54327,56743,41481" machi="77" ten="40,8000,1" yaku="14,1,34,2,54,1" doraHai="97" who="0" fromWho="0" sc="166,80,355,-20,287,-40,192,-20" /><INIT seed="3,0,0,5,3,107" ten="246,335,247,172" oya="3" hai0="13,35,44,49,93,21,16,55,129,81,48,22,1" hai1="95,89,77,75,4,47,114,58,46,37,101,65,69" hai2="43,17,122,10,99,2,92,59,9,131,128,11,113" hai3="29,20,51,67,79,14,105,102,27,42,127,84,126"/><W33/><G67/><T71/><D35/><U26/><E114/><V63/><F113/><W5/><G105/><T40/><D1/><U121/><E121/><V108/><F43/><W41/><G102/><T12/><D71/><U15/><E26/><V54/><F122/><W83/><G33/><T96/><D129/><N who="2" m="49738" /><F108/><W6/><G6/><T120/><D120/><U91/><E91/><N who="2" m="55711" /><F17/><W86/><G86/><T109/><D109/><U118/><E37/><V90/><F90/><W53/><G126/><T66/><D66/><U125/><E89/><V23/><F23/><W52/><G127/><T133/><D133/><U3/><E101/><V72/><F72/><W30/><G30/><T119/><D119/><U98/><E75/><V36/><F36/><W68/><G68/><T32/><D32/><U123/><E65/><V124/><F124/><W25/><G25/><T112/><D112/><U74/><E74/><V94/><F94/><W70/><G70/><T132/><D132/><U104/><E95/><V8/><F8/><N who="3" m="4367" /><G53/><T87/><D22/><U31/><E104/><V50/><F2/><W56/><AGARI ba="0,0" hai="20,27,29,41,42,51,52,56,79,83,84" m="4367" machi="56" ten="30,3000,0" yaku="8,1,54,1" doraHai="107" who="3" fromWho="3" sc="246,-10,335,-10,247,-10,172,30" /><INIT seed="3,1,0,4,3,45" ten="236,325,237,202" oya="3" hai0="32,15,131,114,104,90,124,62,37,58,53,113,106" hai1="5,126,111,3,125,71,72,52,83,88,107,96,57" hai2="24,95,55,36,74,25,135,10,60,44,118,84,89" hai3="127,115,112,18,110,6,0,42,123,33,109,38,13"/><W76/><G76/><T128/><D32/><U91/><E111/><N who="3" m="42506" /><G42/><T93/><D37/><U122/><E122/><V97/><F74/><W65/><G65/><T68/><D68/><U26/><E71/><V47/><F118/><W21/><G38/><T34/><D34/><U99/><E5/><V14/><F135/><W103/><G103/><T22/><D124/><N who="1" m="47723" /><E26/><N who="2" m="10347" /><F36/><W39/><G39/><T43/><D43/><U92/><E3/><V49/><F60/><W20/><G127/><T85/><D15/><U81/><E72/><V56/><F97/><N who="1" m="37449" /><E107/><N who="0" m="41001" /><D22/><N who="3" m="8809" /><G33/><T19/><D19/><AGARI ba="1,0" hai="10,14,19,44,47,49,55,56,84,89,95" m="10347" machi="19" ten="30,2000,0" yaku="8,1,52,1" doraHai="45" who="2" fromWho="0" sc="236,-23,325,0,237,23,202,0" /><INIT seed="4,0,0,5,4,41" ten="213,325,260,202" oya="0" hai0="130,27,46,91,25,59,0,114,15,96,34,56,73" hai1="53,61,16,43,118,66,57,51,19,86,106,24,75" hai2="124,129,115,120,32,107,11,104,112,105,44,20,97" hai3="102,72,100,37,110,123,94,85,13,42,90,80,1"/><T132/><D0/><U14/><E75/><V127/><F32/><W62/><G1/><T121/><D121/><U48/><E106/><V133/><F120/><W3/><G110/><T8/><D73/><U99/><E99/><V131/><F11/><W103/><G3/><T49/><D114/><N who="2" m="43562" /><F97/><N who="3" m="57559" /><G62/><T64/><D130/><N who="2" m="49674" /><F20/><W18/><G42/><N who="0" m="24791" /><D132/><U52/><E43/><V21/><F21/><W109/><G37/><T82/><D34/><U128/><E24/><N who="0" m="9289" /><D64/><U10/><E128/><V74/><F44/><W7/><G7/><N who="0" m="3487" /><D96/><U125/><E118/><V101/><F74/><W122/><G72/><T39/><D39/><U81/><E19/><V33/><F33/><W58/><G109/><T88/><D91/><N who="1" m="51663" /><E125/><N who="2" m="48203" /><F101/><W2/><G2/><T83/><D83/><U40/><E40/><V95/><F95/><W135/><G123/><T79/><D79/><U55/><AGARI ba="0,0" hai="10,14,16,48,51,52,53,55,57,61,66" m="51663" machi="55" ten="30,4000,0" yaku="8,1,54,2" doraHai="41" who="1" fromWho="1" sc="213,-20,325,40,260,-10,202,-10" /><INIT seed="5,0,0,5,5,112" ten="193,365,250,192" oya="1" hai0="55,61,98,76,22,8,120,31,97,9,118,66,6" hai1="94,7,129,25,73,96,1,78,128,90,91,38,102" hai2="52,63,48,100,37,16,133,113,77,101,122,40,44" hai3="124,69,49,15,10,51,35,4,54,116,106,130,18"/><U108/><E38/><V29/><F122/><W119/><G69/><T92/><D120/><U13/><E1/><V114/><F133/><W14/><G106/><T93/><D76/><U107/><E25/><V30/><F77/><W19/><G35/><T125/><D125/><U23/><E23/><V132/><F132/><W123/><G123/><T60/><D22/><U81/><E108/><V127/><F63/><W82/><G124/><T109/><D31/><N who="2" m="11786" /><F127/><W41/><G130/><N who="1" m="50282" /><E13/><V126/><F126/><W115/><G115/><N who="2" m="44041" /><F16/><N who="3" m="6187" /><G82/><T32/><D32/><U99/><E7/><V45/><AGARI ba="0,0" hai="37,40,44,45,48,52,100,101" m="44041,11786" machi="45" ten="30,4000,0" yaku="15,1,11,1,54,1" doraHai="112" who="2" fromWho="2" sc="193,-10,365,-20,250,40,192,-10" /><INIT seed="6,0,0,4,1,70" ten="183,345,290,182" oya="2" hai0="11,46,101,55,60,14,10,53,54,84,92,43,85" hai1="36,80,69,115,24,58,18,104,52,61,12,49,129" hai2="110,44,68,113,78,9,7,116,132,37,57,51,35" hai3="103,93,88,67,89,27,6,130,8,74,120,107,13"/><V127/><F116/><W97/><G120/><T122/><D122/><U42/><E115/><V17/><F68/><W119/><G119/><T75/><D75/><U4/><E129/><V134/><F35/><W56/><G74/><T83/><D60/><U90/><E104/><V38/><F113/><W28/><G130/><T63/><D63/><U131/><E4/><V19/><F127/><W33/><G67/><T30/><D30/><U91/><E24/><V117/><F57/><W81/><G56/><T106/><D106/><U76/><E131/><V102/><F102/><W118/><G118/><T99/><D14/><U62/><E62/><V31/><F78/><W29/><G81/><T41/><D85/><U0/><E0/><V121/><F31/><W126/><G126/><T73/><D73/><U16/><E18/><N who="2" m="6667" /><F110/><W123/><G123/><T71/><D71/><U133/><E76/><V47/><F47/><W94/><REACH who="3" step="1"/><G29/><REACH who="3" ten="183,345,290,172" step="2"/><T65/><D65/><U77/><E58/><V22/><F117/><W105/><G105/><T112/><D112/><U48/><E80/><V25/><F121/><W1/><G1/><T59/><D59/><U98/><E69/><V21/><F134/><W45/><G45/><T128/><D128/><U26/><E133/><V79/><F44/><W34/><G34/><T15/><D43/><U108/><E42/><V39/><F132/><W5/><G5/><T40/><D41/><U114/><E114/><V20/><F7/><W66/><G66/><T100/><D40/><U109/><E109/><V124/><F124/><W135/><G135/><T23/><D46/><RYUUKYOKU ba="0,1" sc="183,-10,345,-10,290,-10,172,30" hai3="6,8,13,27,28,33,88,89,93,94,97,103,107" /><INIT seed="7,1,1,0,5,36" ten="173,335,280,202" oya="3" hai0="5,94,86,104,91,0,62,16,59,124,14,53,45" hai1="24,92,97,46,41,66,120,96,119,72,32,48,126" hai2="54,33,34,109,52,20,3,68,12,130,61,84,26" hai3="127,100,55,37,1,7,13,29,64,65,81,19,50"/><W23/><G37/><T73/><D73/><U117/><E120/><V118/><F3/><W83/><G127/><T30/><D124/><U102/><E72/><V51/><F109/><W108/><G108/><T8/><D104/><U44/><E126/><V116/><F130/><W6/><G100/><T10/><D30/><N who="1" m="19527" /><E66/><N who="3" m="25706" /><G29/><T49/><REACH who="0" step="1"/><D62/><REACH who="0" ten="163,335,280,202" step="2"/><U71/><E119/><V43/><F61/><W31/><G31/><T21/><D21/><U17/><E117/><V38/><F34/><W113/><G1/><T70/><D70/><U82/><E71/><V77/><F68/><W125/><G125/><T106/><D106/><U4/><E102/><V95/><F33/><W103/><G103/><T122/><D122/><U63/><E63/><V87/><F116/><W67/><G113/><T74/><D74/><U75/><E75/><V128/><F118/><W58/><G67/><T107/><D107/><U132/><E132/><V85/><F20/><W99/><G99/><T2/><D2/><U131/><E97/><V79/><F128/><W60/><G60/><T69/><D69/><U57/><E96/><V134/><F134/><W114/><G114/><T93/><D93/><U135/><E92/><V22/><F95/><W98/><G98/><T35/><D35/><U25/><E131/><V101/><F101/><W110/><G110/><T76/><D76/><U27/><E135/><V9/><F77/><W115/><G115/><T105/><D105/><U133/><E133/><V121/><F79/><W42/><G42/><T56/><AGARI ba="1,2" hai="0,5,8,10,14,16,45,49,53,56,59,86,91,94" machi="56" ten="30,7900,0" yaku="1,1,0,1,54,1,53,1" doraHai="36" doraHaiUra="88" who="0" fromWho="0" sc="163,102,335,-21,280,-21,202,-40" owari="265,7.0,314,41.0,259,-14.0,162,-34.0" /></mjloggm>