<mjloggm ver="2.3"><GO type="185" lobby="0"/><UN n0="%E5%A4%A9%E3%83%B6%E7%80%AC%E5%A5%88%E6%9C%88" n1="%50%42%33%2D%50" n2="%6B%2D%70%6F%69%6E%74" n3="" dan="16,17,17,0" rate="2200.04,2262.87,2278.00,1500.00" sx="F,M,M,C"/><TAIKYOKU oya="0"/><INIT seed="0,0,0,3,2,2" ten="350,350,350,0" oya="0" hai0="127,79,108,124,83,1,58,55,72,41,47,52,38" hai1="94,109,114,62,121,95,112,93,0,89,88,80,36" hai2="54,35,107,125,37,63,57,111,106,133,64,122,100" hai3=""/><T44/><D1/><U98/><N who="1" m="31008" /><U97/><E0/><V96/><N who="2" m="31264" /><V76/><F111/><T67/><D108/><U66/><E109/><V105/><F125/><N who="0" m="48202" /><D44/><U102/><E36/><V87/><F133/><T123/><N who="0" m="31520" /><T43/><D43/><U126/><E80/><V132/><F132/><T130/><D130/><U34/><E34/><V116/><F35/><T77/><D77/><U3/><E3/><V33/><F33/><T69/><D69/><U78/><E78/><V48/><F37/><T45/><D45/><U118/><E118/><V90/><F116/><T56/><D56/><U86/><REACH who="1" step="1"/><E126/><REACH who="1" ten="350,340,350,0" step="2"/><V134/><F76/><T129/><D129/><U110/><E110/><V65/><F134/><T73/><D73/><U117/><E117/><V104/><REACH who="2" step="1"/><F48/><REACH who="2" ten="350,340,340,0" step="2"/><T71/><D71/><AGARI ba="0,2" hai="62,66,71,86,88,89,93,94,95,97,98,102,112,114" m="31008" machi="71" ten="40,5200,0" yaku="1,1,52,1,54,1,53,0" doraHai="2" doraHaiUra="32" who="1" fromWho="0" sc="350,-52,340,72,340,0,0,0" /><INIT seed="1,0,0,3,1,124" ten="298,412,340,0" oya="1" hai0="44,41,3,42,110,32,85,94,74,81,115,92,114" hai1="98,120,65,80,104,52,127,86,33,0,129,95,50" hai2="57,117,64,38,34,49,72,82,89,78,133,128,56" hai3=""/><U97/><N who="1" m="30752" /><U60/><E129/><V84/><F117/><T83/><D3/><U68/><E0/><V62/><F34/><T123/><N who="0" m="31520" /><T79/><D32/><U35/><E104/><V119/><F119/><T121/><N who="0" m="31008" /><T61/><D110/><U111/><E98/><V96/><F38/><T75/><D61/><U112/><E112/><V101/><F133/><T88/><D42/><U39/><E39/><V116/><F116/><T63/><D63/><U105/><E105/><V87/><F87/><T76/><REACH who="0" step="1"/><D94/><REACH who="0" ten="288,412,340,0" step="2"/><U71/><E111/><V47/><F62/><T126/><D126/><U103/><E127/><V2/><F2/><T107/><D107/><U69/><E35/><V90/><F64/><T40/><D40/><U99/><E33/><V135/><F135/><T73/><D73/><U70/><E70/><V132/><F72/><T130/><D130/><U1/><E1/><V37/><F128/><T43/><D43/><U125/><E125/><V100/><F132/><T113/><D113/><U122/><E122/><V91/><F37/><AGARI ba="0,1" hai="37,41,44,74,75,76,79,81,83,85,88,92,114,115" m="31008,31520" machi="37" ten="30,12000,2" yaku="1,1,7,1,9,1,52,2,54,1,53,0" doraHai="124" doraHaiUra="53" who="0" fromWho="2" sc="288,130,412,0,340,-120,0,0" /><INIT seed="2,0,0,2,3,71" ten="418,412,220,0" oya="2" hai0="49,97,58,99,122,61,64,131,134,45,103,66,60" hai1="0,89,40,68,86,83,94,125,47,51,62,42,106" hai2="101,100,121,50,114,44,111,36,104,38,87,48,126" hai3=""/><V113/><N who="2" m="31008" /><V132/><F111/><T110/><N who="0" m="31264" /><T35/><D110/><U39/><E106/><V93/><F126/><T57/><D131/><U107/><E107/><V85/><F132/><T91/><D134/><U112/><E0/><V55/><F104/><T119/><D119/><U75/><E125/><V56/><F93/><T43/><D35/><U54/><E112/><V118/><F118/><T34/><D34/><U96/><E75/><V95/><F95/><T88/><D99/><U32/><E39/><V133/><F133/><T82/><D82/><U46/><E46/><V65/><F65/><T115/><D115/><U128/><E32/><V63/><F63/><T72/><D72/><U117/><E117/><V116/><F116/><T73/><D73/><U92/><E92/><AGARI ba="0,0" hai="43,45,49,57,58,60,61,64,66,88,91,92,97,103" m="31264" machi="92" ten="30,8000,1" yaku="7,1,9,1,8,1,52,1,54,1" doraHai="71" who="0" fromWho="1" sc="418,80,412,-80,220,0,0,0" /><INIT seed="4,0,0,3,2,54" ten="498,332,220,0" oya="0" hai0="85,47,92,110,59,43,129,124,68,123,125,113,103" hai1="45,55,65,86,112,114,84,60,97,108,69,81,111" hai2="41,95,1,130,104,39,73,99,46,120,83,93,72" hai3=""/><T64/><N who="0" m="31520" /><T115/><D68/><U105/><E105/><V56/><N who="2" m="30752" /><V48/><F1/><T57/><D129/><U76/><E97/><V80/><F130/><T131/><D131/><U2/><E2/><V50/><F104/><T127/><D110/><U100/><E100/><V0/><F0/><T78/><D64/><U89/><E45/><V38/><F46/><T132/><D132/><U128/><E55/><V116/><F116/><T66/><D66/><U33/><E33/><V122/><N who="2" m="31264" /><V71/><F41/><T63/><D63/><U88/><E76/><V51/><F71/><T101/><D78/><U94/><E128/><V70/><F70/><T61/><D61/><U134/><E134/><V37/><F56/><N who="0" m="21578" /><D101/><U62/><REACH who="1" step="1"/><E62/><REACH who="1" ten="498,322,220,0" step="2"/><V36/><F73/><T52/><D52/><U40/><E40/><V79/><F72/><T135/><D135/><U58/><E58/><V102/><F79/><T53/><D53/><U96/><E96/><V82/><N who="2" m="9216" /><DORA hai="35" /><V87/><REACH who="2" step="1"/><F95/><REACH who="2" ten="498,322,210,0" step="2"/><T44/><D43/><U34/><E34/><V77/><AGARI ba="0,2" hai="48,50,51,77,80,82,83,87,93,99,102" m="9216,31264,30752" machi="77" ten="60,9000,2" yaku="1,1,2,1,0,1,52,2,53,1" doraHai="54,35" doraHaiUra="98,42" who="2" fromWho="2" sc="498,-60,322,-30,210,110,0,0" /><INIT seed="5,0,0,2,1,129" ten="438,292,320,0" oya="1" hai0="70,88,61,115,117,36,116,100,50,77,101,118,63" hai1="69,73,109,124,45,90,112,91,85,102,47,98,39" hai2="86,65,58,103,94,32,49,126,72,106,133,105,134" hai3=""/><U114/><E69/><V62/><F32/><T80/><D36/><U89/><E73/><V71/><F72/><T130/><D130/><U128/><E128/><V57/><F126/><T131/><D131/><U127/><E109/><V87/><F103/><N who="0" m="39498" /><D70/><U110/><E110/><V48/><F71/><T35/><D35/><U44/><E85/><V68/><F68/><T76/><D115/><N who="1" m="44075" /><E39/><V59/><F94/><AGARI ba="0,0" hai="44,45,47,89,90,91,94,98,102,124,127" m="44075" machi="94" ten="40,2000,0" yaku="15,1" doraHai="129" who="1" fromWho="2" sc="438,0,292,20,320,-20,0,0" /><INIT seed="5,1,0,3,5,65" ten="438,312,300,0" oya="1" hai0="35,79,45,42,37,109,3,58,73,125,82,118,91" hai1="131,43,122,52,61,124,51,59,90,62,34,56,76" hai2="53,111,106,87,119,33,104,60,120,93,123,66,44" hai3=""/><U70/><N who="1" m="31264" /><U57/><E34/><V126/><N who="2" m="30752" /><V129/><N who="2" m="31520" /><V41/><F33/><T130/><D109/><U74/><E74/><V1/><F111/><T98/><D35/><U96/><E124/><V113/><F126/><T89/><D125/><U127/><E127/><V72/><F119/><T69/><D3/><U78/><E70/><V135/><F1/><T39/><D118/><U46/><E131/><V2/><F2/><T81/><D37/><U47/><E47/><V101/><F129/><T36/><D36/><U75/><E75/><V117/><F72/><T105/><D69/><U54/><REACH who="1" step="1"/><E57/><REACH who="1" ten="438,302,300,0" step="2"/><V84/><F44/><T107/><D130/><U63/><E63/><V85/><F60/><T103/><D58/><U95/><AGARI ba="1,1" hai="43,46,51,52,54,56,59,61,62,76,78,90,95,96" m="31264" machi="95" ten="30,12000,2" yaku="1,1,0,1,9,1,8,1,52,1,54,1,53,1" doraHai="65" doraHaiUra="88" who="1" fromWho="1" sc="438,-61,302,132,300,-61,0,0" /><INIT seed="5,2,0,4,3,134" ten="377,434,239,0" oya="1" hai0="47,83,43,37,69,123,88,96,34,60,108,2,72" hai1="87,76,56,102,46,32,97,1,105,48,0,67,42" hai2="62,38,51,93,75,113,63,131,116,52,70,94,89" hai3=""/><U3/><E32/><V85/><F116/><T103/><N who="0" m="31520" /><T65/><D108/><U59/><E67/><V130/><F38/><T110/><D110/><U128/><E128/><N who="2" m="49195" /><F75/><T127/><D34/><U79/><E87/><V39/><F39/><T119/><D119/><U126/><E59/><V92/><F113/><T40/><D40/><U135/><E56/><V104/><F104/><T68/><D2/><U57/><E57/><V95/><F70/><T86/><D72/><U41/><E41/><V77/><F77/><T98/><D69/><U61/><E61/><V50/><F50/><T121/><N who="0" m="31008" /><T36/><D36/><U80/><E76/><V35/><F35/><T118/><D118/><U91/><E79/><V132/><F132/><T109/><D109/><U107/><E107/><V117/><F117/><T71/><D71/><U101/><E105/><V106/><F106/><T125/><REACH who="0" step="1"/><D103/><REACH who="0" ten="367,434,239,0" step="2"/><U84/><E101/><V33/><F33/><T64/><D64/><U111/><E111/><V133/><F133/><T44/><D44/><AGARI ba="2,1" hai="44,51,52,62,63,85,89,92,93,94,95" m="49195" machi="44" ten="30,2000,0" yaku="19,1,54,1" doraHai="134" who="2" fromWho="0" sc="367,-24,434,0,239,34,0,0" /><INIT seed="6,0,0,0,1,75" ten="343,434,273,0" oya="2" hai0="39,132,110,35,47,72,106,41,38,135,66,56,115" hai1="118,130,48,126,92,99,88,33,98,43,51,77,105" hai2="78,116,125,107,54,87,74,32,101,123,129,61,109" hai3=""/><V104/><N who="2" m="31520" /><V42/><F32/><T85/><D72/><U133/><E33/><V94/><F116/><T0/><D35/><U113/><E118/><V37/><F125/><T64/><D0/><U52/><E77/><V36/><F129/><T71/><D106/><U60/><E126/><V70/><F109/><T111/><D85/><U73/><E73/><V95/><F74/><T79/><D71/><U82/><E82/><V128/><F128/><T120/><N who="0" m="30752" /><T59/><D79/><U50/><E99/><V96/><F107/><T127/><D127/><U121/><E105/><V90/><F78/><T76/><D76/><U97/><E97/><V49/><F42/><T103/><D103/><U68/><E43/><V112/><F104/><T46/><D41/><U86/><E98/><V2/><F2/><T55/><D55/><U34/><E52/><V62/><F112/><AGARI ba="0,0" hai="38,39,46,47,56,59,64,66,110,111,112,115,132,135" m="30752" machi="112" ten="25,12000,2" yaku="22,2,34,3,52,1" doraHai="75" who="0" fromWho="2" sc="343,120,434,0,273,-120,0,0" owari="463,42.0,434,3.0,153,-45.0,0,0.0" /></mjloggm>