<mjloggm ver="2.3"><GO type="225" lobby="0"/><UN n0="%E3%82%B5%E3%83%AB%E3%82%B7%E3%83%B3" n1="%50%49%58%49" n2="%E3%81%84%E3%81%A1%E3%81%9E%E3%81%86" n3="%E3%82%BC%E3%83%AB%E3%83%80%E3%81%AE%E4%BC%9D%E8%AA%AC" dan="16,16,17,17" rate="2132.43,2128.87,2114.57,2213.77" sx="M,F,M,M"/><TAIKYOKU oya="0"/><INIT seed="0,0,0,1,2,132" ten="250,250,250,250" oya="0" hai0="76,85,28,107,61,131,66,90,8,17,119,88,126" hai1="55,129,83,52,53,62,5,0,87,124,7,34,109" hai2="92,135,43,103,13,64,49,111,29,112,100,94,2" hai3="65,133,73,121,70,37,102,82,56,20,108,113,51"/><T69/><D119/><U122/><E122/><V75/><F112/><W84/><G113/><T59/><D107/><U91/><E109/><V116/><F2/><W50/><G73/><T42/><D131/><U15/><E129/><V33/><F111/><W24/><G108/><T72/><D28/><U63/><E34/><V22/><F75/><W36/><G133/><T89/><D72/><U18/><E0/><V67/><F33/><W46/><G70/><T21/><D69/><U39/><E39/><V125/><F116/><W32/><G32/><T6/><D42/><U106/><E106/><V38/><F38/><W48/><G121/><T9/><D126/><U114/><E124/><V40/><F125/><W120/><G120/><T60/><D60/><N who="1" m="23083" /><E114/><V79/><F79/><W35/><G35/><T1/><D9/><AGARI ba="0,0" hai="5,7,9,15,18,52,53,55,83,87,91" m="23083" machi="9" ten="30,2000,0" yaku="8,1,54,1" doraHai="132" who="1" fromWho="0" sc="250,-20,250,20,250,0,250,0" /><INIT seed="1,0,0,1,4,122" ten="230,270,250,250" oya="1" hai0="41,64,50,2,76,17,104,82,47,81,55,77,53" hai1="60,65,59,126,32,29,100,135,95,33,8,130,103" hai2="31,94,78,128,46,96,40,120,36,25,26,105,131" hai3="12,16,84,1,99,38,54,102,89,62,134,24,92"/><U110/><E126/><V115/><F120/><W35/><G134/><T129/><D104/><U91/><E130/><N who="2" m="49707" /><F115/><W20/><G1/><T27/><D2/><U71/><E135/><V5/><F5/><W125/><G125/><T39/><D129/><U61/><E8/><V127/><F127/><W66/><G38/><T119/><D119/><U63/><E63/><V111/><F105/><W7/><G54/><T6/><D6/><U10/><E10/><V3/><F3/><W56/><G7/><T51/><D64/><U118/><E118/><V72/><F111/><W97/><REACH who="3" step="1"/><G102/><REACH who="3" ten="230,270,250,240" step="2"/><T15/><D39/><U90/><E103/><N who="2" m="60823" /><F31/><AGARI ba="0,1" hai="12,16,20,24,31,35,56,62,66,84,89,92,97,99" machi="31" ten="40,2600,0" yaku="1,1,54,1,53,0" doraHai="122" doraHaiUra="98" who="3" fromWho="2" sc="230,0,270,0,250,-26,240,36" /><INIT seed="2,0,0,1,0,82" ten="230,270,224,276" oya="2" hai0="121,31,75,130,102,10,100,132,3,91,37,72,109" hai1="69,128,16,30,43,61,63,97,89,45,106,119,103" hai2="129,98,42,50,40,113,38,62,18,53,126,41,4" hai3="111,123,95,19,34,131,0,14,88,110,29,86,125"/><V107/><F113/><W46/><G123/><T81/><D37/><U2/><E119/><V13/><F129/><W1/><G131/><T49/><D130/><U32/><E128/><V35/><F126/><W78/><G125/><T83/><D121/><U5/><E5/><V79/><F35/><W39/><G78/><T84/><D132/><U60/><E2/><V11/><F79/><W120/><G120/><T133/><D133/><U9/><E89/><V93/><F107/><W48/><G39/><T17/><D109/><N who="3" m="41481" /><G29/><T116/><D116/><U134/><E134/><V117/><F117/><W112/><G34/><T20/><D75/><U76/><E76/><V70/><F38/><W8/><G112/><T59/><D72/><U99/><E99/><V12/><F70/><W104/><G104/><T77/><D77/><U68/><E45/><V85/><F85/><W108/><N who="3" m="41489" /><W101/><DORA hai="25" /><G101/><T124/><D102/><U73/><E43/><AGARI ba="0,0" hai="0,1,8,14,19,43,46,48,86,88,95" m="41489" machi="43" ten="40,5200,0" yaku="14,1,52,1,54,1" doraHai="82,25" who="3" fromWho="1" sc="230,0,270,-52,224,0,276,52" /><INIT seed="3,0,0,4,4,80" ten="230,218,224,328" oya="3" hai0="43,20,52,84,59,53,77,7,93,21,85,106,125" hai1="127,48,45,73,67,65,55,134,17,32,91,44,72" hai2="30,130,103,81,128,64,24,36,50,123,28,54,49" hai3="9,112,82,74,62,37,78,113,111,83,117,47,89"/><W122/><G117/><T101/><D106/><U135/><E32/><V90/><F36/><W56/><G122/><T12/><D125/><U61/><E127/><V70/><F123/><W19/><G111/><T34/><D43/><U8/><E45/><V26/><F103/><W94/><G83/><N who="0" m="47215" /><D34/><U75/><E91/><V22/><F81/><W118/><G118/><T25/><D59/><U41/><E17/><V57/><F90/><W87/><G19/><N who="0" m="10343" /><D7/><U27/><E27/><V129/><F70/><W76/><G76/><T5/><D5/><U23/><E23/><N who="2" m="15391" /><F64/><W116/><G9/><T14/><D14/><U4/><E41/><V33/><F33/><W131/><G116/><T110/><D110/><U10/><E10/><V114/><F114/><W69/><G69/><T120/><D120/><U126/><E126/><V104/><F104/><W11/><G11/><T133/><D133/><N who="1" m="50699" /><E61/><AGARI ba="0,0" hai="22,26,30,49,50,54,57,61,128,129,130" m="15391" machi="61" ten="30,1000,0" yaku="19,1" doraHai="80" who="2" fromWho="1" sc="230,0,218,-10,224,10,328,0" owari="230,-17.0,208,-29.0,234,3.0,328,43.0" /></mjloggm>