<mjloggm ver="2.3"><GO type="169" lobby="0"/><UN n0="%E4%BA%8C%E5%A4%A9%E4%BA%8C%E6%B5%81" n1="%E5%A4%A7%E6%B2%BB%E9%83%8E%23%37%34" n2="%E3%81%9F%E3%81%84%E3%81%9B" n3="%E8%8B%B1%E5%9B%BD%E5%A3%B2%E5%8D%B4" dan="16,16,17,16" rate="2014.33,2147.51,2179.20,2166.61" sx="M,M,F,M"/><TAIKYOKU oya="0"/><INIT seed="0,0,0,0,1,132" ten="250,250,250,250" oya="0" hai0="54,109,83,86,27,134,67,117,112,9,52,93,24" hai1="106,8,39,70,87,32,90,14,33,18,81,50,62" hai2="11,104,60,79,29,126,12,16,10,41,105,73,116" hai3="64,53,43,100,5,74,96,118,28,6,48,123,30"/><T36/><D117/><U88/><E39/><V72/><F116/><W59/><G118/><T1/><D36/><U120/><E120/><V66/><F29/><W71/><G123/><T103/><D134/><U119/><E119/><V15/><F41/><W115/><G115/><T4/><D109/><U108/><E108/><V19/><F126/><W113/><G113/><T25/><D112/><U94/><E106/><V99/><F79/><W7/><G74/><T75/><D67/><U47/><E70/><V22/><F22/><W125/><G125/><T42/><D42/><U128/><E128/><V58/><REACH who="2" step="1"/><F104/><REACH who="2" ten="250,250,240,250" step="2"/><W131/><G43/><T61/><D75/><U77/><E62/><V38/><F38/><W31/><G131/><T68/><D61/><U110/><E110/><V95/><F95/><N who="3" m="58399" /><G71/><T37/><D37/><U130/><E130/><V23/><F23/><W101/><G101/><AGARI ba="0,1" hai="10,11,12,15,16,19,58,60,66,72,73,99,101,105" machi="101" ten="40,5200,0" yaku="1,1,9,1,54,1,53,0" doraHai="132" doraHaiUra="127" who="2" fromWho="3" sc="250,0,250,0,240,62,250,-52" /><INIT seed="1,0,0,2,0,56" ten="250,250,302,198" oya="1" hai0="132,89,66,129,79,28,116,62,8,96,11,32,107" hai1="115,42,31,68,43,0,4,23,72,125,94,44,78" hai2="131,100,26,99,119,64,47,88,48,10,65,110,109" hai3="7,52,93,117,81,123,54,49,113,124,6,127,40"/><U22/><E115/><V30/><F119/><W92/><G113/><T38/><D79/><U21/><E125/><N who="3" m="48202" /><G123/><T120/><D129/><U59/><E68/><V41/><F131/><W13/><G81/><T18/><D116/><U34/><E72/><V15/><F88/><W112/><G112/><T85/><D38/><U70/><E70/><V83/><F83/><W108/><G108/><N who="2" m="41577" /><F15/><W35/><G35/><T46/><D18/><U103/><E78/><V55/><F41/><W51/><G117/><T121/><D46/><U14/><E42/><V133/><F10/><N who="3" m="4311" /><G7/><T27/><D132/><U101/><E0/><V5/><F5/><W82/><G82/><N who="0" m="49335" /><D8/><U69/><E4/><V111/><N who="2" m="41585" /><V87/><DORA hai="130" /><F87/><W3/><G3/><T97/><D11/><U122/><E122/><N who="0" m="47209" /><D107/><U76/><E76/><V71/><F71/><AGARI ba="0,0" hai="27,28,32,62,66,71,96,97" m="47209,49335" machi="71" ten="30,2000,0" yaku="13,1,52,1" doraHai="56,130" who="0" fromWho="2" sc="250,20,250,0,302,-20,198,0" /><INIT seed="2,0,0,1,0,115" ten="270,250,282,198" oya="2" hai0="21,81,6,106,24,41,13,112,95,92,135,2,121" hai1="16,80,84,98,123,49,18,86,117,120,26,15,104" hai2="35,71,126,29,14,4,133,9,42,124,96,100,23" hai3="119,69,132,128,34,88,82,57,99,130,27,134,10"/><V64/><F42/><W31/><G69/><T118/><D106/><U108/><E117/><V37/><F37/><W65/><G10/><T43/><D112/><U59/><E108/><V51/><F51/><W61/><G119/><T8/><D121/><U45/><E59/><V125/><F64/><W73/><G73/><T22/><D135/><U83/><E26/><N who="2" m="18871" /><F71/><W62/><G62/><T85/><D118/><U91/><E104/><V129/><F96/><W87/><REACH who="3" step="1"/><G99/><REACH who="3" ten="270,250,282,188" step="2"/><T131/><D21/><U20/><E98/><V12/><F133/><AGARI ba="0,1" hai="27,31,34,57,61,65,82,87,88,128,130,132,133,134" machi="133" ten="40,8000,1" yaku="1,1,2,1,20,1,54,1,53,0" doraHai="115" doraHaiUra="5" who="3" fromWho="2" sc="270,0,250,0,282,-80,188,90" /><INIT seed="3,0,0,3,5,43" ten="270,250,202,278" oya="3" hai0="83,76,62,96,133,14,36,129,99,53,101,46,38" hai1="56,22,95,19,105,20,4,17,77,80,126,125,5" hai2="70,47,65,63,0,72,44,106,127,134,124,48,58" hai3="97,27,91,107,128,16,78,13,108,89,90,25,12"/><W118/><G118/><T119/><D119/><U1/><E105/><V120/><F106/><W81/><G128/><T82/><D129/><U68/><E68/><V103/><F103/><W111/><G13/><T29/><D133/><U73/><E95/><V112/><F72/><W69/><G69/><T51/><D29/><U132/><E132/><V8/><F0/><W110/><G107/><T39/><D14/><U104/><E104/><V94/><F134/><W7/><G7/><T60/><D83/><U55/><E22/><V135/><F135/><W130/><G97/><T116/><D116/><U15/><E17/><V52/><F94/><W85/><G130/><T59/><D101/><U50/><REACH who="1" step="1"/><E1/><REACH who="1" ten="270,240,202,278" step="2"/><V92/><F92/><W10/><AGARI ba="0,1" hai="10,12,16,25,27,78,81,85,89,90,91,108,110,111" machi="10" ten="40,12000,1" yaku="0,1,14,1,10,1,54,1" doraHai="43" who="3" fromWho="3" sc="270,-40,240,-40,202,-40,278,130" /><INIT seed="3,1,0,2,3,109" ten="230,200,162,408" oya="3" hai0="47,134,49,36,75,73,121,56,22,123,72,133,131" hai1="129,125,62,0,51,42,63,120,132,4,53,111,19" hai2="38,15,24,5,48,86,18,100,67,82,107,94,11" hai3="108,37,101,39,14,81,93,80,112,9,135,31,57"/><W104/><G108/><T119/><D22/><U45/><E111/><V60/><F107/><W50/><G104/><T17/><D17/><U89/><E120/><N who="0" m="46153" /><D56/><U29/><E125/><V16/><F38/><W6/><G39/><T106/><D49/><U76/><E132/><N who="0" m="50793" /><D47/><U7/><E129/><V95/><F100/><W21/><G37/><T52/><D36/><U58/><E76/><V3/><F48/><W25/><G135/><T90/><D52/><U64/><E29/><V97/><F24/><W54/><G112/><T92/><D131/><U87/><E0/><V68/><F97/><AGARI ba="1,0" hai="6,9,14,21,25,31,50,54,57,80,81,93,97,101" machi="97" ten="40,2000,0" yaku="8,1" doraHai="109" who="3" fromWho="2" sc="230,0,200,0,162,-23,408,23" /><INIT seed="3,2,0,4,4,24" ten="230,200,139,431" oya="3" hai0="98,27,120,108,68,37,106,34,52,115,61,123,11" hai1="71,90,70,127,78,36,32,3,99,65,66,40,88" hai2="132,42,55,80,23,89,112,133,9,58,63,129,72" hai3="54,35,12,62,60,38,18,135,124,45,17,0,134"/><W93/><G0/><T100/><D37/><U5/><E127/><V118/><F129/><W104/><G104/><T76/><D115/><U84/><E32/><V15/><F118/><W49/><G35/><T53/><D108/><U86/><E3/><V13/><F112/><W109/><G124/><T87/><D11/><U14/><E78/><V110/><F110/><W21/><G109/><T96/><D96/><U116/><E99/><V33/><F33/><W64/><G38/><T67/><D87/><U22/><E36/><V82/><F42/><W30/><G18/><T74/><D74/><U39/><E39/><V95/><F72/><W122/><G122/><N who="0" m="46635" /><D76/><U41/><E22/><V59/><F23/><W85/><G62/><T128/><D128/><U113/><E113/><V25/><F25/><W114/><G114/><T10/><D10/><U130/><E130/><V92/><F9/><W94/><G85/><T43/><D43/><U131/><E131/><V47/><F89/><W19/><G19/><T51/><D51/><U81/><E5/><V119/><F119/><W91/><G91/><T69/><D68/><U6/><E6/><V101/><F101/><W111/><G111/><T79/><D79/><U56/><E116/><V26/><F26/><W117/><G117/><T44/><D44/><U121/><E121/><V107/><F107/><W83/><G83/><T102/><D102/><U20/><E81/><V125/><F125/><W29/><G93/><T103/><D100/><U75/><E75/><V16/><F82/><W31/><G94/><T4/><D4/><U28/><E20/><RYUUKYOKU ba="2,0" sc="230,15,200,-15,139,-15,431,15" hai0="27,34,52,53,61,67,69,98,103,106" hai3="12,17,21,29,30,31,45,49,54,60,64,134,135" /><INIT seed="3,3,0,0,5,23" ten="245,185,124,446" oya="3" hai0="124,21,7,39,41,89,90,107,13,98,128,28,72" hai1="43,52,120,18,62,130,104,122,68,126,132,9,100" hai2="80,77,81,6,26,3,0,79,103,133,66,30,59" hai3="91,49,70,48,1,105,102,109,20,129,127,64,135"/><W31/><G1/><T4/><D72/><U65/><E126/><V84/><F133/><W32/><G135/><T85/><D128/><U51/><E132/><V16/><F103/><W71/><G127/><T11/><D124/><U112/><E130/><V99/><F99/><W123/><G123/><T58/><D41/><U111/><E112/><V56/><F6/><W47/><G129/><T35/><D35/><U60/><E111/><V55/><F66/><W114/><G114/><T44/><D39/><U115/><E115/><V75/><F16/><W57/><G32/><T82/><D44/><U131/><E131/><V110/><F110/><W45/><G105/><T33/><D33/><U53/><E100/><V17/><F17/><W36/><G102/><T67/><D107/><U87/><E87/><V106/><F59/><W113/><G113/><T117/><D4/><U108/><E104/><V46/><F46/><W34/><G34/><T101/><D101/><U121/><E108/><V15/><F15/><W61/><G36/><T37/><D37/><U50/><E18/><V73/><F84/><W63/><G109/><T92/><D117/><U38/><E9/><V10/><F10/><W54/><G91/><T42/><D42/><U118/><E118/><V86/><F86/><W93/><G93/><T24/><D58/><N who="1" m="34887" /><E53/><V74/><F106/><W116/><G116/><T97/><D67/><U83/><E83/><V78/><F3/><W88/><G88/><T94/><D94/><U40/><E40/><V27/><F0/><W95/><G95/><T76/><D76/><N who="2" m="19458" /><V19/><DORA hai="125" /><F75/><RYUUKYOKU ba="3,0" sc="245,15,185,15,124,-15,446,-15" hai0="7,11,13,21,24,28,82,85,89,90,92,97,98" hai1="38,43,50,51,62,65,68,120,121,122" /><INIT seed="4,4,0,4,5,132" ten="260,200,109,431" oya="0" hai0="36,4,2,126,130,91,21,124,92,6,31,82,19" hai1="32,68,89,100,96,117,73,47,59,29,99,70,102" hai2="86,54,66,16,41,7,78,12,101,23,56,94,3" hai3="24,51,128,80,60,104,15,67,35,22,116,133,18"/><T88/><D36/><U63/><E117/><V122/><F122/><W97/><G133/><T77/><D130/><U9/><E73/><V65/><F41/><W103/><G128/><T11/><D4/><U76/><E76/><V127/><F3/><W108/><G108/><T69/><D69/><U131/><E131/><V50/><F7/><W134/><G134/><T0/><D31/><U43/><E9/><V14/><F14/><W38/><G116/><T105/><D105/><U109/><E89/><N who="2" m="53559" /><F78/><W98/><G98/><T58/><D58/><U115/><E109/><V110/><F110/><W111/><G111/><T49/><D49/><U93/><E115/><V28/><F28/><W40/><G80/><T27/><D0/><U1/><E1/><V83/><F83/><W120/><G120/><T53/><D53/><U57/><E29/><V84/><F84/><W46/><G35/><T113/><D113/><U107/><E32/><V112/><F112/><W119/><G119/><T42/><D42/><U125/><E57/><V121/><F121/><W61/><G38/><T48/><D48/><U123/><E123/><V85/><F85/><W25/><G61/><T79/><D79/><U62/><E59/><AGARI ba="4,0" hai="15,18,22,24,25,40,46,51,59,60,67,97,103,104" machi="59" ten="30,1000,0" yaku="7,1" doraHai="132" who="3" fromWho="1" sc="260,0,200,-22,109,0,431,22" /><INIT seed="5,0,0,1,3,31" ten="260,178,109,453" oya="1" hai0="26,123,97,77,74,114,72,64,76,73,85,53,13" hai1="3,39,108,57,46,135,86,90,81,66,7,113,75" hai2="103,68,102,96,129,111,42,16,127,115,35,11,84" hai3="105,6,41,47,82,118,32,95,124,107,91,125,44"/><U112/><E108/><V20/><F111/><W100/><G32/><T10/><D114/><U122/><E122/><V37/><F68/><W116/><G6/><T48/><D123/><U89/><E135/><V61/><F103/><W54/><G54/><T132/><D64/><U15/><E3/><V63/><F11/><W109/><G109/><T18/><D132/><U59/><E75/><V27/><F115/><W1/><G1/><T83/><D97/><U99/><E39/><V19/><F19/><W49/><G82/><T9/><D9/><U134/><E134/><V50/><F37/><W80/><G80/><T78/><D26/><U29/><E29/><V110/><F110/><W94/><G47/><T101/><D101/><U51/><E66/><V87/><F35/><W28/><G28/><T62/><D62/><N who="2" m="23562" /><F129/><W38/><G95/><T14/><D13/><U45/><E112/><V98/><F127/><N who="3" m="48715" /><G100/><T133/><D133/><U121/><E121/><V22/><F102/><W0/><G38/><T55/><D53/><U70/><E70/><V104/><F104/><N who="3" m="40011" /><G0/><T88/><REACH who="0" step="1"/><D72/><REACH who="0" ten="250,178,109,453" step="2"/><U71/><E113/><V21/><F27/><W40/><G41/><T12/><D12/><U4/><E15/><V5/><F5/><W34/><G118/><T17/><D17/><U128/><E4/><V126/><F126/><W56/><G116/><T120/><D120/><U130/><E7/><V65/><F65/><W24/><G40/><T117/><D117/><U33/><E99/><N who="2" m="37931" /><F16/><W36/><G24/><T79/><D79/><U30/><E128/><V8/><F8/><W43/><G43/><RYUUKYOKU ba="0,1" sc="250,15,178,-15,109,15,453,-15" hai0="10,14,18,48,55,73,74,76,77,78,83,85,88" hai2="20,21,22,42,50,84,87" /><INIT seed="6,1,1,5,5,51" ten="265,163,124,438" oya="2" hai0="98,80,75,88,55,1,28,35,21,43,92,127,19" hai1="48,44,52,66,118,50,125,49,25,95,23,131,99" hai2="9,117,135,58,106,96,47,74,10,102,41,7,42" hai3="72,111,37,69,132,40,126,124,101,91,12,121,39"/><V56/><F117/><W18/><G121/><T114/><D1/><U33/><E33/><V2/><F135/><W24/><G111/><T14/><D127/><U27/><E125/><N who="3" m="48234" /><G69/><T61/><D114/><U97/><E118/><V13/><F74/><W87/><G72/><T53/><D43/><U77/><E131/><V86/><F42/><W90/><G101/><T0/><D0/><U122/><E122/><V81/><F9/><W65/><G65/><T36/><D36/><U17/><E77/><V130/><F2/><W89/><G24/><N who="0" m="16399" /><D35/><U5/><E5/><V129/><F129/><W115/><G115/><T119/><D61/><U59/><E25/><V71/><F71/><W113/><G113/><T109/><D109/><U112/><E112/><V57/><F130/><W104/><G104/><T8/><D119/><U64/><E97/><V108/><F108/><W83/><G132/><T128/><D75/><U82/><E82/><V116/><F116/><W16/><G18/><T120/><D120/><U73/><E73/><V29/><F29/><W11/><G40/><T20/><D128/><U100/><E44/><V3/><F3/><W79/><AGARI ba="1,1" hai="11,12,16,37,39,79,83,87,89,90,91" m="48234" machi="79" ten="30,2000,0" yaku="18,1,54,1" doraHai="51" who="3" fromWho="3" sc="265,-6,163,-6,124,-11,438,33" /><INIT seed="7,0,0,2,3,34" ten="259,157,113,471" oya="3" hai0="32,63,107,65,108,83,14,109,98,6,75,112,125" hai1="131,101,3,40,15,19,68,61,121,76,77,97,115" hai2="79,13,49,73,25,2,84,45,113,94,128,117,82" hai3="67,48,56,96,99,24,9,64,55,41,106,66,123"/><W54/><G123/><T93/><D32/><U95/><E121/><V57/><F117/><W116/><G116/><T91/><D112/><U120/><E120/><V8/><F113/><W36/><G36/><T86/><D125/><U35/><E35/><V46/><F128/><W31/><G41/><T4/><D75/><U42/><E115/><V60/><F25/><W92/><G106/><T52/><D107/><U103/><E131/><V133/><F133/><W111/><G111/><T39/><D39/><U72/><E103/><V47/><F2/><W7/><G55/><T44/><D108/><U26/><E3/><V118/><F118/><W10/><G7/><T51/><D109/><U90/><E101/><V23/><F23/><N who="3" m="15775" /><G99/><T88/><D14/><U100/><E100/><AGARI ba="0,0" hai="9,10,48,54,56,64,66,67,92,96,100" m="15775" machi="100" ten="30,1500,0" yaku="8,1" doraHai="34" who="3" fromWho="1" sc="259,0,157,-15,113,0,471,15" owari="259,6.0,142,-26.0,113,-39.0,486,59.0" /></mjloggm>