<mjloggm ver="2.3"><GO type="169" lobby="0"/><UN n0="%E3%83%9A%E3%83%81%E3%83%A7%E3%83%BC%E3%83%AA%E3%83%B3" n1="%62%61%6B%75%72%61%30%38" n2="%E3%81%A8%E3%81%B3%E3%81%BE%E3%81%93" n3="%E3%83%92%E3%83%AD%E3%83%92%E3%83%AD%E3%83%9E%E3%83%AB" dan="16,17,17,16" rate="2087.41,2210.37,2211.34,2173.02" sx="M,M,M,M"/><TAIKYOKU oya="0"/><INIT seed="0,0,0,0,4,25" ten="250,250,250,250" oya="0" hai0="37,11,126,53,33,36,45,59,71,5,3,57,22" hai1="48,123,117,87,83,104,95,120,6,81,129,16,30" hai2="10,118,91,31,107,62,68,85,99,42,109,108,2" hai3="7,65,46,92,4,97,51,9,79,90,63,60,50"/><T130/><D33/><U58/><E104/><V44/><F118/><W56/><G79/><T133/><D71/><U70/><E70/><V18/><F107/><W23/><G46/><T125/><D133/><U64/><E117/><V24/><F99/><W103/><G7/><T49/><D130/><U114/><E129/><V134/><F134/><W80/><G80/><T14/><D59/><U116/><E116/><V101/><F101/><W100/><G100/><T69/><D69/><U12/><E114/><V112/><F68/><W110/><G110/><N who="2" m="42601" /><F62/><W26/><G90/><T8/><D22/><U132/><E6/><N who="2" m="1367" /><F18/><W13/><REACH who="3" step="1"/><G60/><REACH who="3" ten="250,250,250,240" step="2"/><T93/><D5/><U32/><E81/><N who="2" m="49583" /><F112/><W131/><G131/><T66/><D45/><U28/><E83/><V38/><F24/><W15/><G15/><T47/><D14/><U115/><E12/><V88/><F88/><W119/><G119/><T35/><D47/><U41/><E115/><V127/><F127/><W34/><G34/><T43/><D126/><U86/><E32/><V122/><F122/><W40/><G40/><T111/><D43/><U121/><E41/><V84/><F84/><W67/><G67/><T21/><D66/><U72/><E86/><V1/><F1/><W128/><G128/><T135/><D3/><U75/><E87/><V29/><AGARI ba="0,1" hai="29,31,38,42,44" m="49583,1367,42601" machi="29" ten="30,4000,0" yaku="14,1,52,2" doraHai="25" who="2" fromWho="2" sc="250,-20,250,-10,250,50,240,-10" /><INIT seed="1,0,0,2,1,14" ten="230,240,300,230" oya="1" hai0="88,15,99,103,127,126,123,38,85,104,120,93,48" hai1="105,73,64,78,42,134,121,2,33,81,23,57,35" hai2="32,17,18,62,115,59,107,74,26,55,87,11,106" hai3="68,71,30,13,1,19,70,97,82,21,92,41,16"/><U125/><E121/><N who="0" m="46665" /><D38/><U83/><E105/><V84/><F74/><W131/><G131/><T80/><D48/><U124/><E2/><V20/><F32/><W114/><G1/><T0/><D15/><U95/><E42/><V79/><F115/><W53/><G114/><T116/><D0/><U61/><E95/><V39/><F39/><W24/><G41/><T7/><D7/><U94/><E94/><V34/><F34/><W40/><G40/><T43/><D43/><U44/><E134/><V100/><F79/><W63/><G82/><T109/><D109/><U47/><E33/><V5/><F5/><W22/><G53/><T111/><D111/><U12/><E83/><V6/><F6/><W49/><G49/><T129/><D129/><U133/><E35/><V113/><F113/><W50/><G50/><T60/><D60/><U90/><E90/><V65/><F55/><W135/><G135/><T72/><D116/><U29/><E133/><V67/><F67/><W132/><G132/><T102/><D102/><U3/><E3/><V89/><F100/><W91/><REACH who="3" step="1"/><G30/><REACH who="3" ten="230,240,300,220" step="2"/><T28/><D28/><U77/><E29/><V130/><F130/><W119/><G119/><T75/><D80/><U37/><E37/><V36/><F36/><W45/><G45/><T76/><D76/><U110/><E78/><V128/><F128/><W66/><AGARI ba="0,1" hai="13,16,19,21,22,24,63,66,68,70,71,91,92,97" machi="66" ten="30,8000,1" yaku="1,1,0,1,52,2,54,1,53,0" doraHai="14" doraHaiUra="98" who="3" fromWho="3" sc="230,-20,240,-40,300,-20,220,90" /><INIT seed="2,0,0,2,2,24" ten="210,200,280,310" oya="2" hai0="9,109,80,53,134,44,128,29,63,106,132,95,91" hai1="19,43,28,96,60,101,115,129,32,88,34,25,67" hai2="69,98,4,107,30,47,116,12,125,37,54,118,84" hai3="70,8,21,61,62,11,38,39,48,93,59,71,99"/><V81/><F69/><W31/><G93/><T133/><D106/><U41/><E115/><V42/><F125/><W1/><G99/><T85/><D128/><U14/><E129/><V49/><F4/><W51/><G21/><T124/><D124/><U104/><E32/><V35/><F12/><W131/><G59/><T74/><D109/><U6/><E6/><V135/><F135/><W2/><G131/><T20/><D9/><U100/><E100/><V119/><F98/><W92/><G92/><T86/><D74/><U114/><E88/><V64/><F64/><W10/><G11/><T76/><D44/><U127/><E114/><V77/><F107/><W26/><G26/><N who="0" m="16583" /><D53/><U52/><E52/><V27/><REACH who="2" step="1"/><F116/><REACH who="2" ten="210,200,270,310" step="2"/><W15/><G15/><T18/><D18/><U40/><E127/><V113/><F113/><W65/><G65/><T117/><D117/><U17/><REACH who="1" step="1"/><E14/><REACH who="1" ten="210,190,270,310" step="2"/><V5/><F5/><W3/><G2/><T7/><D7/><U103/><E103/><V68/><F68/><AGARI ba="0,2" hai="17,19,25,28,34,40,41,43,60,67,68,96,101,104" machi="68" ten="40,8000,1" yaku="1,1,25,2,52,1,53,1" doraHai="24" doraHaiUra="58" who="1" fromWho="2" sc="210,0,190,100,270,-80,310,0" /><INIT seed="3,0,0,3,4,72" ten="210,290,190,310" oya="3" hai0="80,44,122,114,76,34,56,124,64,54,111,71,78" hai1="128,100,6,123,130,35,45,16,77,39,93,43,18" hai2="135,104,23,28,26,38,116,84,52,48,61,30,63" hai3="27,133,2,11,1,32,65,99,58,46,101,70,19"/><W3/><G70/><T92/><D122/><U107/><E123/><V13/><F116/><W82/><G133/><T49/><D34/><U127/><E35/><V24/><F38/><W120/><G46/><T113/><D111/><U103/><E107/><V69/><F104/><W51/><G120/><T8/><D124/><U90/><E6/><V126/><F135/><W121/><G121/><T5/><D71/><U81/><E127/><V73/><F73/><W91/><G65/><T88/><D80/><U105/><E105/><V10/><F69/><W134/><G134/><T94/><D94/><U53/><E53/><V4/><F84/><W42/><G32/><T118/><D118/><U29/><E29/><V119/><F119/><W20/><G101/><T97/><D56/><U57/><E57/><V17/><F126/><W15/><G99/><T132/><D64/><U33/><E33/><V98/><F98/><W106/><G106/><T68/><D68/><U14/><E90/><V109/><F109/><W96/><G96/><T74/><D74/><N who="1" m="43191" /><E18/><V85/><F85/><N who="3" m="50615" /><G58/><T50/><D50/><U117/><E93/><V40/><F40/><W125/><G125/><T59/><D59/><U75/><E75/><V62/><F26/><W66/><G66/><T115/><D132/><U131/><E117/><V31/><F28/><W129/><G129/><T79/><D79/><U55/><E55/><V83/><F83/><W36/><G36/><T37/><D37/><U67/><E67/><V21/><F23/><AGARI ba="0,0" hai="14,16,23,39,43,45,100,103,128,130,131" m="43191" machi="23" ten="30,3900,0" yaku="19,1,52,1,54,1" doraHai="72" who="1" fromWho="2" sc="210,0,290,39,190,-39,310,0" /><INIT seed="4,0,0,2,2,125" ten="210,329,151,310" oya="0" hai0="116,7,93,85,21,35,117,61,75,89,16,25,22" hai1="68,41,57,126,6,38,91,129,23,101,119,98,79" hai2="90,36,94,60,62,83,44,10,113,100,31,8,58" hai3="109,42,102,5,88,86,82,66,72,132,127,133,76"/><T107/><D107/><U2/><E68/><V78/><F113/><W99/><G42/><T122/><D122/><U14/><E79/><V0/><F100/><W69/><G5/><T32/><D75/><U92/><E126/><V104/><F104/><N who="3" m="63583" /><G66/><T29/><D7/><U59/><E119/><V131/><F31/><W108/><G127/><T106/><D106/><U123/><E101/><V112/><F131/><W49/><G49/><T111/><D111/><U4/><E129/><V1/><F112/><W37/><G37/><T63/><D22/><U24/><E41/><V20/><F20/><W110/><G69/><T71/><D32/><U27/><E38/><V46/><F36/><W84/><G84/><T65/><REACH who="0" step="1"/><D63/><REACH who="0" ten="200,329,151,310" step="2"/><U43/><E123/><V130/><F62/><W80/><AGARI ba="0,1" hai="72,76,80,82,86,88,108,109,110,132,133" m="63583" machi="80" ten="40,5200,0" yaku="34,2,54,1" doraHai="125" who="3" fromWho="3" sc="200,-26,329,-13,151,-13,310,62" /><INIT seed="5,0,0,4,5,60" ten="174,316,138,372" oya="1" hai0="68,13,72,56,125,135,118,17,39,101,47,121,93" hai1="134,43,42,26,111,79,32,73,102,58,66,18,75" hai2="84,63,2,51,36,14,59,100,113,53,1,62,57" hai3="112,55,12,96,45,37,5,6,0,69,44,30,24"/><U129/><E134/><V25/><F36/><W65/><G112/><T80/><D68/><U34/><E129/><V88/><F113/><W27/><G0/><T99/><D118/><U120/><E120/><V46/><F100/><W50/><G27/><T31/><D125/><U92/><E111/><V98/><F98/><W116/><G116/><T82/><D135/><U54/><E66/><V70/><F70/><W3/><G3/><T4/><D4/><U103/><E79/><V119/><F25/><W52/><G12/><T8/><D121/><U127/><E73/><V76/><F76/><W74/><G96/><T95/><D72/><U7/><E7/><V16/><F119/><W130/><G130/><T23/><D56/><N who="2" m="21578" /><F2/><W91/><G91/><T71/><D71/><U89/><E75/><V94/><F1/><W126/><G126/><T114/><D114/><U132/><E132/><V104/><F104/><W133/><G74/><T20/><D93/><U40/><E34/><V33/><F33/><W41/><G55/><T10/><D10/><AGARI ba="0,0" hai="10,14,16,46,51,53,62,63,84,88,94" m="21578" machi="10" ten="30,3900,0" yaku="8,1,54,2" doraHai="60" who="2" fromWho="0" sc="174,-39,316,0,138,39,372,0" /><INIT seed="6,0,0,3,4,13" ten="135,316,177,372" oya="2" hai0="2,69,102,25,18,101,94,109,54,43,60,79,75" hai1="70,134,78,29,59,114,93,85,87,65,50,126,84" hai2="14,117,31,112,123,98,89,125,62,28,24,30,32" hai3="4,51,108,81,49,53,19,88,6,61,1,118,95"/><V82/><F117/><W71/><G118/><T130/><D109/><U120/><E70/><V57/><F123/><W103/><G1/><T107/><D107/><U132/><E120/><V41/><F112/><W10/><G108/><T23/><D130/><U44/><E114/><V80/><F41/><W97/><G51/><T67/><D2/><U99/><E29/><V8/><F125/><W74/><G61/><T12/><D43/><U96/><E78/><V90/><F24/><W21/><G71/><T3/><D3/><U124/><E59/><V66/><F32/><W17/><G21/><T68/><D68/><U46/><E65/><V116/><F116/><W20/><G20/><T37/><D37/><U92/><E50/><V48/><F48/><W131/><G131/><T35/><D94/><N who="1" m="36459" /><E46/><V111/><F111/><W22/><G22/><T135/><D135/><N who="1" m="51755" /><E44/><V129/><F98/><AGARI ba="0,0" hai="84,85,87,96,98,99,124,126" m="51755,36459" machi="98" ten="40,8000,1" yaku="28,2,20,1,34,2" doraHai="13" who="1" fromWho="2" sc="135,0,316,80,177,-80,372,0" /><INIT seed="7,0,0,2,2,11" ten="135,396,97,372" oya="3" hai0="80,15,9,116,0,58,122,50,40,104,66,54,98" hai1="90,124,111,59,100,95,24,67,60,70,43,47,115" hai2="22,71,74,4,63,38,17,51,89,134,6,16,78" hai3="84,91,39,130,114,94,83,61,28,12,82,62,37"/><W119/><G119/><T69/><D116/><U126/><E111/><V46/><F38/><W41/><G28/><T88/><D122/><U25/><E100/><V2/><F134/><W107/><G107/><T112/><D0/><U79/><E79/><V26/><F89/><W120/><G120/><T27/><D112/><U125/><E70/><V29/><F78/><W105/><G105/><T127/><D127/><U56/><E56/><V106/><F74/><W68/><G114/><T55/><D104/><U8/><E8/><V32/><F106/><W129/><G41/><T133/><D133/><U34/><E34/><V1/><F1/><W131/><G12/><T5/><D40/><U52/><E67/><V65/><F2/><W121/><G121/><T132/><D132/><U18/><E18/><V97/><F97/><W86/><G94/><N who="0" m="56647" /><D69/><U10/><E10/><V77/><F77/><N who="3" m="46159" /><G62/><N who="0" m="38231" /><D80/><U19/><E115/><V75/><F75/><W7/><G7/><T96/><D96/><N who="1" m="57463" /><E19/><V36/><F17/><W123/><G123/><T33/><D33/><U45/><E45/><V35/><F36/><AGARI ba="0,0" hai="24,25,36,43,47,52,59,60,124,125,126" m="57463" machi="36" ten="30,2000,0" yaku="18,1,54,1" doraHai="11" who="1" fromWho="2" sc="135,0,396,20,97,-20,372,0" owari="135,-26.0,416,51.0,77,-42.0,372,17.0" /></mjloggm>