<mjloggm ver="2.3"><GO type="169" lobby="0"/><UN n0="%E3%81%86%E3%81%95%E3%81%8E%E3%83%95%E3%82%A1%E3%83%B3%E3%82%B7%E3%83%BC" n1="%E8%B6%85%E7%B5%B6%E5%82%99%E9%95%B7%E7%82%AD" n2="%74%61%6E%61%4B%61" n3="%E8%88%B9%E8%A6%8B%E7%B5%90%E8%A1%A3" dan="16,17,17,17" rate="2156.81,2088.04,2141.71,2161.36" sx="M,M,M,F"/><TAIKYOKU oya="0"/><INIT seed="0,0,0,0,3,90" ten="250,250,250,250" oya="0" hai0="89,72,28,60,65,57,62,109,105,95,84,4,31" hai1="63,18,76,81,40,130,92,67,115,46,2,100,24" hai2="91,11,52,128,13,26,48,86,125,58,9,133,88" hai3="59,43,55,14,39,127,27,70,114,53,19,15,74"/><T7/><D72/><U68/><E2/><V69/><F69/><W77/><G70/><T61/><D105/><U123/><E123/><V93/><F128/><W8/><G114/><T87/><D109/><U56/><E130/><V103/><F125/><W99/><G127/><T32/><D87/><U108/><E108/><V118/><F133/><W44/><G77/><T5/><REACH who="0" step="1"/><D32/><REACH who="0" ten="240,250,250,250" step="2"/><U16/><E115/><V124/><F124/><W131/><G74/><T37/><D37/><U106/><E106/><V85/><F118/><W51/><G131/><T49/><D49/><U129/><E129/><V97/><F26/><W132/><G132/><T3/><D3/><U122/><E24/><V78/><F78/><W111/><G111/><T38/><D38/><U119/><E119/><V117/><F117/><W50/><G27/><T22/><D22/><U25/><E25/><V66/><F66/><W80/><G39/><T41/><D41/><U17/><E122/><V79/><F79/><W20/><G43/><T94/><D94/><U102/><E92/><N who="2" m="58791" /><F13/><W54/><G15/><T33/><D33/><U34/><E34/><V10/><F10/><W107/><G8/><T113/><D113/><U12/><E12/><V35/><F35/><W21/><G14/><T135/><D135/><U30/><E76/><V75/><F75/><W121/><G107/><T110/><D110/><U64/><E64/><V45/><F45/><W6/><G44/><T23/><D23/><U1/><E1/><V116/><F116/><W104/><G21/><T134/><D134/><U0/><E0/><V98/><F85/><RYUUKYOKU ba="0,1" sc="240,15,250,-15,250,15,250,-15" hai0="4,5,7,28,31,57,60,61,62,65,84,89,95" hai2="9,11,48,52,58,86,88,91,93,98" /><INIT seed="0,1,1,3,5,107" ten="255,235,265,235" oya="0" hai0="122,127,119,30,134,104,110,88,128,112,113,4,53" hai1="66,18,126,52,76,124,98,131,12,46,103,0,32" hai2="129,109,132,78,42,72,41,54,60,48,133,55,25" hai3="29,87,36,27,90,68,56,81,64,106,84,14,95"/><T37/><D4/><U63/><E32/><V73/><F78/><W86/><G106/><T83/><D30/><U22/><E0/><V117/><F109/><W3/><G3/><T105/><D53/><U100/><E76/><V10/><F10/><W74/><G36/><T20/><D20/><U45/><E131/><V21/><F129/><W13/><G68/><T62/><D62/><U49/><E46/><V75/><F60/><W17/><G74/><T1/><D83/><U101/><REACH who="1" step="1"/><E98/><REACH who="1" ten="255,225,265,235" step="2"/><V116/><F117/><W11/><G81/><T91/><D113/><U5/><E5/><V96/><F96/><W80/><G80/><T118/><D118/><U7/><E7/><V50/><F116/><W102/><G86/><T121/><D121/><U51/><E51/><V111/><F48/><W93/><G87/><T120/><D120/><U85/><E85/><V31/><F111/><W89/><G84/><T2/><D2/><U47/><E47/><N who="2" m="25975" /><F41/><W44/><G44/><T61/><D61/><U40/><E40/><V28/><F28/><W19/><G29/><T26/><D128/><U69/><AGARI ba="1,2" hai="12,18,22,45,49,52,63,66,69,100,101,103,124,126" machi="69" ten="30,4000,0" yaku="1,1,0,1,54,1,53,0" doraHai="107" doraHaiUra="123" who="1" fromWho="1" sc="255,-21,225,63,265,-11,235,-11" /><INIT seed="1,0,0,5,0,83" ten="234,288,254,224" oya="1" hai0="89,63,100,120,93,134,107,65,108,132,115,99,95" hai1="21,34,114,130,7,103,104,49,41,112,2,106,87" hai2="1,122,77,79,98,44,51,11,15,18,105,91,3" hai3="38,60,82,110,117,72,73,125,92,10,74,76,123"/><U101/><E34/><V33/><F33/><W12/><G38/><T57/><D115/><U32/><E32/><V46/><F122/><W81/><G123/><T23/><D120/><U54/><E41/><V80/><F44/><W19/><G110/><T53/><D108/><U75/><E75/><V24/><F24/><W128/><G128/><T88/><D23/><U131/><E21/><V71/><F71/><W78/><G125/><T28/><D28/><U52/><E7/><V48/><F48/><W102/><G117/><T9/><D9/><U43/><E43/><V111/><F111/><W109/><G109/><T45/><D45/><U129/><E2/><V84/><F105/><N who="1" m="40553" /><E87/><V121/><F121/><W30/><G30/><T22/><D22/><U126/><E54/><N who="2" m="30071" /><F98/><W37/><G37/><T14/><D53/><U118/><E118/><V116/><F116/><W61/><G73/><T0/><D0/><AGARI ba="0,0" hai="0,1,3,11,15,18,77,79,80,84,91" m="30071" machi="0" ten="30,2000,0" yaku="25,1,52,1" doraHai="83" who="2" fromWho="0" sc="234,-20,288,0,254,20,224,0" /><INIT seed="2,0,0,3,3,99" ten="214,288,274,224" oya="2" hai0="45,33,69,114,81,84,40,44,42,88,83,77,94" hai1="64,74,63,111,27,26,22,85,49,8,89,103,53" hai2="101,79,68,9,107,61,50,93,43,54,10,86,95" hai3="7,35,1,32,110,82,131,13,128,75,105,59,80"/><V126/><F126/><W48/><G1/><T87/><D114/><U97/><E8/><V2/><F43/><W122/><G122/><T16/><D33/><U38/><E74/><V62/><F107/><W120/><G120/><T129/><D69/><U0/><E0/><V5/><F9/><W70/><G70/><T56/><D129/><U25/><E38/><V12/><F2/><W11/><G110/><T23/><D56/><U60/><E22/><V21/><F21/><W37/><G37/><T115/><D115/><U46/><E64/><V41/><F41/><N who="0" m="15978" /><D83/><N who="1" m="49343" /><E111/><V65/><F61/><W112/><G112/><T20/><D20/><U31/><E31/><V19/><F5/><W124/><G124/><T78/><D78/><U71/><E71/><V116/><F116/><W18/><G105/><T90/><D77/><U92/><AGARI ba="0,0" hai="25,26,27,46,49,53,60,63,92,97,103" m="49343" machi="92" ten="30,2000,0" yaku="8,1,52,1" doraHai="99" who="1" fromWho="1" sc="214,-5,288,20,274,-10,224,-5" /><INIT seed="3,0,0,1,4,30" ten="209,308,264,219" oya="3" hai0="124,33,135,72,68,74,16,89,53,61,56,97,84" hai1="91,120,23,64,28,8,36,29,73,32,125,112,13" hai2="67,109,43,121,6,2,69,24,51,128,99,85,80" hai3="62,49,20,81,76,88,119,47,83,14,95,52,111"/><W46/><G119/><T108/><D108/><U86/><E73/><V48/><F109/><W131/><G111/><T110/><D110/><U55/><E36/><V132/><F128/><W122/><G122/><T66/><D135/><U59/><E112/><V11/><F132/><W45/><G62/><T123/><D123/><U31/><E64/><V94/><F121/><W3/><G3/><T17/><D124/><U39/><E39/><V10/><F43/><W18/><G131/><T57/><D33/><U93/><E120/><V22/><F10/><W130/><G130/><T100/><D74/><U1/><E1/><V118/><F67/><W134/><G134/><T26/><D72/><U15/><E125/><V116/><F69/><W92/><G95/><T34/><D34/><U79/><E79/><V65/><F65/><W115/><G115/><T105/><D26/><U54/><E32/><V106/><F106/><W12/><G14/><T50/><REACH who="0" step="1"/><D68/><REACH who="0" ten="199,308,264,219" step="2"/><U90/><E23/><V38/><F118/><W58/><REACH who="3" step="1"/><G76/><REACH who="3" ten="199,308,264,209" step="2"/><T5/><D5/><U0/><E0/><V44/><F116/><W27/><G27/><T101/><D101/><U42/><E15/><V102/><F24/><W87/><AGARI ba="0,2" hai="12,18,20,45,46,47,49,52,58,81,83,87,88,92" machi="87" ten="30,18000,2" yaku="1,1,0,1,25,2,8,1,54,2,53,0" doraHai="30" doraHaiUra="104" who="3" fromWho="3" sc="199,-60,308,-60,264,-60,209,200" /><INIT seed="3,1,0,1,5,74" ten="139,248,204,409" oya="3" hai0="12,33,52,15,4,97,73,82,67,30,49,68,103" hai1="53,55,78,80,83,119,126,65,6,93,47,44,116" hai2="110,132,114,99,3,17,41,56,100,14,106,118,77" hai3="16,90,75,117,109,50,91,64,26,32,18,34,24"/><W87/><G75/><T19/><D4/><U92/><E65/><V10/><F118/><N who="1" m="45097" /><E83/><V128/><F114/><W43/><G117/><T108/><D108/><U39/><E6/><V28/><F110/><W101/><G109/><T131/><D131/><U63/><E126/><V22/><F132/><W57/><G101/><T89/><D89/><U7/><E7/><V37/><F128/><W76/><G34/><T84/><D68/><U96/><E92/><V66/><F41/><W1/><G1/><T59/><D67/><U21/><E21/><V8/><F37/><W102/><G102/><T62/><D73/><N who="1" m="43087" /><E63/><V69/><F3/><W72/><G72/><T122/><D62/><U46/><E39/><V11/><F69/><W104/><G104/><T58/><D122/><U95/><E95/><V115/><F115/><W98/><G64/><T120/><D120/><U85/><E85/><V42/><F42/><W45/><G32/><T35/><D84/><U111/><E111/><V61/><REACH who="2" step="1"/><F28/><REACH who="2" ten="139,248,194,409" step="2"/><W133/><G43/><T0/><D30/><U125/><E125/><V94/><F94/><W113/><G113/><T107/><D0/><U40/><E40/><V31/><F31/><W25/><G133/><T5/><D107/><U134/><E134/><V2/><F2/><W112/><G112/><T81/><D81/><U123/><E123/><V48/><F48/><W130/><G50/><T54/><D82/><U36/><E36/><V60/><F60/><W79/><G130/><T70/><D49/><U71/><E71/><V127/><F127/><W23/><G79/><AGARI ba="1,1" hai="8,10,11,14,17,22,56,61,66,77,79,99,100,106" machi="79" ten="40,5200,0" yaku="1,1,52,2,53,0" doraHai="74" doraHaiUra="121" who="2" fromWho="3" sc="139,0,248,0,194,65,409,-55" /><INIT seed="4,0,0,2,3,56" ten="139,248,259,354" oya="0" hai0="14,124,74,95,54,106,0,91,127,50,116,132,103" hai1="60,135,108,58,92,48,35,25,70,5,38,94,78" hai2="133,113,1,2,13,9,111,126,117,61,29,100,87" hai3="55,79,76,45,43,16,34,120,24,8,51,30,28"/><T4/><D116/><U123/><E38/><V99/><F111/><W134/><G134/><T36/><D36/><U75/><E123/><V65/><F113/><W101/><G120/><T31/><D74/><U110/><E5/><V89/><F126/><N who="0" m="48170" /><D132/><U17/><E135/><V21/><F117/><W66/><G101/><T88/><D0/><U53/><E108/><V81/><F29/><W42/><G30/><T7/><D31/><U131/><E35/><V112/><F21/><W44/><G66/><T69/><D69/><U118/><E118/><V107/><F112/><W23/><G8/><N who="0" m="4359" /><D7/><U19/><E110/><V40/><F40/><W41/><REACH who="3" step="1"/><G45/><REACH who="3" ten="139,248,259,344" step="2"/><N who="0" m="27983" /><D106/><U46/><E46/><V20/><F133/><W15/><AGARI ba="0,1" hai="15,16,23,24,28,34,41,42,43,44,51,55,76,79" machi="15" ten="30,7900,0" yaku="1,1,0,1,54,1,53,1" doraHai="56" doraHaiUra="49" who="3" fromWho="3" sc="139,-39,248,-20,259,-20,344,89" /><INIT seed="5,0,0,1,0,7" ten="100,228,239,433" oya="1" hai0="40,82,75,114,54,3,97,8,38,79,62,39,116" hai1="58,90,43,44,103,50,87,133,64,129,20,29,48" hai2="102,100,83,115,16,122,120,19,84,49,63,108,45" hai3="117,21,71,53,55,28,77,46,85,31,6,127,135"/><U42/><E129/><V34/><F108/><W101/><G71/><T89/><D116/><U134/><E103/><N who="2" m="39467" /><F34/><W88/><G117/><T47/><D114/><U132/><E29/><V57/><F120/><W61/><G127/><T95/><D39/><U59/><E20/><V99/><F99/><W27/><G135/><T56/><REACH who="0" step="1"/><D3/><REACH who="0" ten="90,228,239,433" step="2"/><U119/><E119/><V13/><F115/><W26/><G77/><T32/><D32/><U10/><E133/><V1/><F1/><W24/><G101/><T86/><D86/><U9/><E132/><V98/><F122/><W96/><G96/><T109/><D109/><U41/><E134/><V105/><F98/><W92/><G85/><T15/><D15/><U130/><E130/><V93/><F13/><W60/><G26/><T123/><D123/><U11/><E64/><N who="2" m="39023" /><F105/><W74/><G27/><T0/><D0/><U104/><E104/><V112/><F112/><W124/><G24/><T94/><D94/><N who="1" m="54623" /><E50/><V128/><F93/><W111/><G92/><T35/><D35/><U106/><E106/><V125/><F128/><W78/><G111/><T66/><D66/><U72/><E72/><V37/><F37/><W67/><G74/><T91/><D91/><U22/><E22/><V81/><F125/><W14/><G88/><T4/><D4/><U69/><E69/><V33/><F33/><W107/><G107/><T68/><D68/><U52/><AGARI ba="0,1" hai="9,10,11,41,42,43,44,48,52,58,59" m="54623" machi="52" ten="30,12000,1" yaku="8,1,52,3,54,1" doraHai="7" who="1" fromWho="1" sc="90,-40,228,130,239,-40,433,-40" /><INIT seed="5,1,0,4,2,92" ten="50,358,199,393" oya="1" hai0="21,105,121,100,114,15,81,79,54,17,106,127,10" hai1="95,80,66,110,14,55,30,40,93,125,13,12,43" hai2="38,129,135,94,84,109,44,96,35,39,123,128,48" hai3="3,34,75,132,74,37,97,111,5,91,118,49,85"/><U131/><E66/><V59/><F35/><W113/><G111/><T33/><D114/><U26/><E110/><V46/><F109/><W86/><G37/><N who="2" m="13833" /><F84/><W23/><G34/><T98/><D127/><U63/><E125/><V50/><F123/><W88/><G5/><T7/><D33/><U64/><E80/><V4/><F4/><W76/><G3/><T6/><D121/><U1/><E1/><V122/><F122/><W24/><G113/><T31/><D106/><U28/><E131/><N who="2" m="50251" /><F135/><W62/><G132/><T65/><D65/><U60/><E64/><V2/><F2/><W112/><G112/><T103/><D103/><U45/><E55/><N who="2" m="32247" /><F48/><W108/><G108/><T18/><D31/><N who="1" m="11819" /><E26/><V72/><F72/><W82/><G75/><T89/><D79/><U104/><E104/><V133/><F133/><W107/><G74/><T68/><D81/><U61/><E45/><V120/><F120/><W9/><G76/><T47/><D47/><U69/><E69/><V101/><AGARI ba="1,0" hai="44,46,94,96,101" m="32247,50251,13833" machi="101" ten="30,2000,0" yaku="19,1,52,1" doraHai="92" who="2" fromWho="2" sc="50,-6,358,-11,199,23,393,-6" /><INIT seed="6,0,0,3,1,83" ten="44,347,222,387" oya="2" hai0="102,47,82,32,59,89,24,130,14,40,97,117,99" hai1="124,1,126,35,72,51,42,17,33,37,23,129,4" hai2="76,95,74,78,93,54,113,108,104,60,28,22,132" hai3="98,0,21,114,6,12,38,55,86,19,73,88,79"/><V25/><F104/><W62/><G38/><T101/><D130/><U92/><E37/><V123/><F123/><W10/><G73/><T69/><D69/><U50/><E72/><V16/><F113/><W90/><G114/><T125/><D125/><N who="1" m="48235" /><E129/><V118/><F118/><W30/><G98/><T57/><D117/><U3/><E92/><N who="2" m="35403" /><F74/><W128/><G128/><T13/><D32/><N who="1" m="12363" /><E42/><V96/><F96/><W106/><G106/><T68/><D68/><U122/><E122/><V91/><F132/><W63/><G30/><T94/><D24/><N who="1" m="14447" /><E4/><V133/><F133/><W56/><REACH who="3" step="1"/><G63/><REACH who="3" ten="44,347,222,377" step="2"/><T44/><D94/><U71/><E50/><V31/><F60/><W131/><G131/><T111/><D111/><U7/><E51/><V85/><F108/><W11/><G11/><T45/><D45/><U52/><E71/><V26/><F31/><W115/><G115/><T87/><D82/><AGARI ba="0,1" hai="0,6,10,12,19,21,55,56,62,79,82,86,88,90" machi="82" ten="40,5200,0" yaku="1,1,52,1,54,1,53,0" doraHai="83" doraHaiUra="100" who="3" fromWho="0" sc="44,-52,347,0,222,0,377,62" owari="-8,-51.0,347,15.0,222,-18.0,439,54.0" /></mjloggm>