<mjloggm ver="2.3"><GO type="225" lobby="0"/><UN n0="%E5%8B%95%E7%89%A9%E5%9C%92%E3%81%AE%E3%81%8F%E3%82%8D" n1="%E8%A8%88%E7%AE%97%E6%A9%9F%E8%87%AA%E7%84%B6" n2="%E3%83%8F%E3%82%AC%E3%82%BF%E3%82%AB%E3%81%AE%E3%81%88%E3%81%98%E3%81%8D" n3="%E5%B2%B8%E6%98%8E%E6%97%A5%E9%A6%99" dan="16,17,17,16" rate="2155.88,2204.73,2184.80,2155.57" sx="M,M,M,M"/><TAIKYOKU oya="0"/><INIT seed="0,0,0,3,1,37" ten="250,250,250,250" oya="0" hai0="93,94,122,85,51,62,65,75,100,106,113,71,17" hai1="38,119,92,105,69,95,74,88,21,5,47,89,102" hai2="28,103,16,109,90,8,110,52,126,91,78,118,0" hai3="22,99,30,131,55,128,58,73,116,117,49,123,6"/><T3/><D3/><U10/><E119/><N who="3" m="45642" /><G73/><T40/><D75/><U20/><E69/><V53/><F118/><W127/><G123/><T29/><D113/><U42/><E105/><V36/><F126/><W4/><G127/><T32/><D122/><U68/><E68/><V114/><F114/><W11/><G99/><T27/><D17/><U112/><E74/><V97/><F78/><W13/><G22/><T48/><D85/><U121/><E112/><V39/><F28/><W12/><G30/><T2/><D2/><U19/><E121/><V70/><F70/><W79/><G79/><T15/><D15/><N who="3" m="5705" /><G11/><T26/><D26/><U34/><E34/><V54/><F0/><W25/><G25/><T81/><D81/><U82/><E102/><V57/><F8/><W66/><G66/><T24/><D24/><U87/><E19/><V43/><F16/><W64/><G64/><T14/><D14/><U115/><E115/><V133/><F57/><W59/><G59/><T134/><D134/><U107/><E107/><V104/><F133/><W50/><G50/><T101/><D101/><U67/><E67/><V86/><F91/><W7/><G7/><T124/><D51/><U60/><E60/><V132/><F132/><W18/><G18/><T130/><D124/><U135/><E135/><V125/><F125/><W35/><G35/><T46/><REACH who="0" step="1"/><D130/><REACH who="0" ten="240,250,250,250" step="2"/><N who="3" m="49705" /><G6/><T83/><D83/><U96/><E82/><N who="2" m="49495" /><F36/><W76/><G4/><T44/><D44/><U61/><E61/><V56/><F56/><W120/><G120/><T41/><D41/><U63/><E63/><V45/><AGARI ba="0,1" hai="39,43,45,52,53,54,97,103,104,109,110" m="49495" machi="45" ten="30,4000,0" yaku="5,1,52,1,54,1" doraHai="37" who="2" fromWho="2" sc="240,-20,250,-10,250,50,250,-10" /><INIT seed="1,0,0,0,2,29" ten="220,240,300,240" oya="1" hai0="71,45,132,21,94,2,82,122,41,58,43,32,52" hai1="24,93,37,3,49,30,40,90,11,81,17,67,22" hai2="25,104,39,119,38,1,77,134,28,60,99,34,63" hai3="111,20,84,12,113,78,51,26,70,61,35,88,50"/><U68/><E37/><V46/><F119/><W9/><G113/><T126/><D71/><U42/><E81/><V105/><F134/><W53/><G78/><T125/><D132/><U96/><E68/><V112/><F112/><W59/><G111/><T80/><D122/><U121/><E67/><V133/><F133/><W98/><G98/><T14/><D2/><U13/><E121/><V65/><F63/><W103/><G103/><T95/><D32/><U108/><E108/><V55/><F77/><W130/><G130/><T62/><D21/><U66/><E66/><V79/><F1/><W86/><G35/><T23/><D23/><U128/><E128/><V72/><F55/><W102/><G102/><T135/><D14/><U19/><E3/><V31/><F31/><N who="3" m="17863" /><G86/><T115/><D41/><U124/><E124/><N who="0" m="47721" /><D115/><U75/><E75/><V118/><F118/><W6/><G70/><T110/><D110/><U114/><E114/><V8/><F104/><W69/><G69/><T73/><D135/><U87/><E96/><V56/><F105/><W4/><G4/><T116/><D116/><U0/><E0/><V97/><F97/><W54/><G53/><T120/><D120/><U85/><E85/><V5/><F99/><W57/><G57/><T33/><D33/><U44/><REACH who="1" step="1"/><E40/><REACH who="1" ten="220,230,300,240" step="2"/><N who="2" m="22807" /><F39/><W10/><G10/><T18/><D73/><U117/><E117/><V15/><F72/><W127/><G127/><T123/><D123/><U74/><E74/><V64/><F79/><W101/><G101/><T83/><D43/><U27/><E27/><V131/><F131/><W47/><G47/><RYUUKYOKU ba="0,1" sc="220,-30,230,10,300,10,240,10" hai1="11,13,17,19,22,24,30,42,44,49,87,90,93" hai2="5,8,15,25,28,34,56,60,64,65" hai3="6,9,12,50,51,54,59,61,84,88" /><INIT seed="1,1,1,3,0,70" ten="190,240,310,250" oya="1" hai0="100,106,116,132,123,126,6,91,101,9,97,26,42" hai1="122,21,107,65,120,114,29,74,117,90,75,135,83" hai2="129,55,124,59,81,102,28,63,12,95,17,47,50" hai3="80,113,46,66,15,8,115,103,121,0,67,134,131"/><U94/><E65/><V61/><F124/><W32/><G121/><N who="1" m="46698" /><E21/><V57/><F129/><W112/><G131/><T35/><D126/><U48/><E48/><V69/><F69/><W23/><G32/><T79/><D116/><U72/><E29/><V130/><F130/><W25/><G134/><T125/><D123/><U39/><E39/><V86/><F28/><W44/><G0/><T20/><D125/><U111/><E114/><V119/><F95/><W2/><G2/><T71/><D35/><U43/><E43/><V45/><F102/><W108/><G108/><T22/><D132/><U89/><E107/><V77/><F119/><W96/><G80/><T99/><D71/><U36/><E36/><V30/><F30/><W92/><G66/><T33/><D42/><U76/><E117/><V64/><F63/><W62/><G23/><AGARI ba="1,1" hai="12,17,23,45,47,50,55,57,59,61,64,77,81,86" machi="23" ten="30,2000,0" yaku="7,1,8,1" doraHai="70" who="2" fromWho="3" sc="190,0,240,0,310,33,250,-23" /><INIT seed="2,0,0,2,2,68" ten="190,240,343,227" oya="2" hai0="110,93,81,38,125,83,111,90,62,18,94,124,70" hai1="107,69,112,122,85,103,63,21,5,27,65,28,20" hai2="7,108,95,135,54,118,96,134,55,91,61,9,67" hai3="86,114,119,34,129,80,17,12,1,33,79,35,44"/><V4/><F118/><W19/><G119/><T29/><D29/><U116/><E116/><V13/><F108/><N who="0" m="41514" /><D18/><U47/><E112/><V10/><F134/><W40/><G129/><T64/><D38/><U45/><E122/><V117/><F135/><W3/><G114/><T104/><D104/><U53/><E5/><V88/><F91/><W43/><G19/><T49/><D49/><N who="1" m="28847" /><E85/><V98/><F98/><W109/><G109/><T16/><D16/><U66/><E28/><V113/><F113/><W106/><G106/><T76/><D83/><U11/><E27/><V15/><F117/><W82/><G82/><T51/><D51/><U23/><E23/><V130/><F130/><W127/><G127/><N who="0" m="48715" /><D90/><U58/><E20/><V92/><F92/><W32/><G32/><T78/><D78/><U87/><E21/><V71/><AGARI ba="0,0" hai="4,7,9,10,13,15,54,55,61,67,71,88,95,96" machi="71" ten="20,7800,0" yaku="0,1,7,1,9,1,54,1" doraHai="68" who="2" fromWho="2" sc="190,-26,240,-26,343,78,227,-26" /><INIT seed="2,1,0,5,0,34" ten="164,214,421,201" oya="2" hai0="93,91,120,113,37,75,6,95,90,43,4,63,19" hai1="126,92,112,57,103,55,60,40,12,14,96,102,117" hai2="0,48,110,97,38,76,69,7,9,17,114,29,50" hai3="53,47,131,2,118,68,11,130,42,128,26,115,132"/><V24/><F69/><W51/><G118/><T31/><D113/><U109/><E112/><V79/><F114/><W27/><G115/><T127/><D75/><U44/><E117/><V72/><F38/><N who="3" m="21975" /><G68/><T101/><D120/><U134/><E109/><V135/><F110/><W133/><G11/><T73/><D73/><U85/><E126/><V105/><F135/><N who="3" m="51787" /><G2/><T88/><D127/><U125/><E125/><V3/><F3/><W36/><G36/><T52/><D31/><U65/><E103/><V71/><F17/><W124/><G124/><T121/><D121/><U21/><E134/><V81/><F76/><W10/><G10/><T30/><D30/><U28/><E55/><V59/><F59/><AGARI ba="1,0" hai="26,27,51,53,59,128,130,131" m="51787,21975" machi="59" ten="40,2600,0" yaku="19,1,20,1" doraHai="34" who="3" fromWho="2" sc="164,0,214,0,421,-29,201,29" /><INIT seed="3,0,0,0,3,87" ten="164,214,392,230" oya="3" hai0="67,125,111,72,98,20,74,23,32,11,123,35,101" hai1="36,94,128,47,102,121,88,116,15,135,17,0,21" hai2="51,75,100,30,85,44,110,80,78,118,48,7,31" hai3="126,4,16,112,108,105,79,66,124,39,58,41,84"/><W113/><G105/><T22/><D123/><U77/><E121/><V95/><F110/><W8/><G108/><T90/><D111/><U38/><E0/><V127/><F127/><N who="3" m="48683" /><G41/><T82/><D125/><U59/><E77/><V86/><F118/><W33/><G33/><T25/><D67/><U99/><E128/><V93/><F7/><W54/><G39/><T129/><D129/><U14/><E135/><V29/><F75/><W18/><G66/><T46/><D46/><U91/><E116/><V122/><F122/><W70/><G70/><T24/><D11/><U37/><E47/><V83/><F100/><W89/><G79/><T133/><D133/><U92/><E59/><V19/><F19/><N who="3" m="7211" /><G8/><T81/><D35/><U6/><E102/><V56/><F56/><W109/><G4/><T45/><D45/><U132/><E132/><V52/><F48/><N who="3" m="31047" /><G109/><T63/><D63/><U57/><E57/><V65/><F65/><W131/><G131/><T13/><D13/><U96/><E6/><V103/><F103/><W10/><G10/><T43/><D43/><U62/><E62/><V61/><F61/><W5/><G5/><T107/><D32/><U1/><E1/><V76/><AGARI ba="0,0" hai="29,30,31,44,51,52,76,78,80,83,85,86,93,95" machi="76" ten="30,7900,0" yaku="0,1,9,1,8,1,54,1" doraHai="87" who="2" fromWho="2" sc="164,-20,214,-20,392,79,230,-39" owari="144,-36.0,194,-1.0,471,58.0,191,-21.0" /></mjloggm>