<mjloggm ver="2.3"><GO type="225" lobby="0"/><UN n0="%E5%B2%B8%E6%98%8E%E6%97%A5%E9%A6%99" n1="%E3%82%BC%E3%83%AB%E3%83%80%E3%81%AE%E4%BC%9D%E8%AA%AC" n2="%E8%A8%88%E7%AE%97%E6%A9%9F%E8%87%AA%E7%84%B6" n3="%E6%81%AC%E6%B7%A1%E5%AF%82%E5%AF%9E" dan="16,17,17,16" rate="2173.38,2239.25,2186.41,2195.88" sx="M,M,M,F"/><TAIKYOKU oya="0"/><INIT seed="0,0,0,4,2,24" ten="250,250,250,250" oya="0" hai0="4,82,121,89,22,2,125,112,44,10,85,133,46" hai1="127,102,21,101,41,94,55,95,26,96,122,115,126" hai2="12,51,39,43,91,134,36,124,77,13,40,66,57" hai3="34,83,42,63,104,99,64,67,129,19,56,118,28"/><T111/><D112/><U62/><E122/><V87/><F134/><W38/><G118/><T25/><D121/><U5/><E115/><V9/><F124/><N who="1" m="47657" /><E41/><V117/><F117/><W97/><G129/><T53/><D125/><U37/><E37/><V60/><F12/><W65/><G19/><T18/><D133/><U116/><E5/><V3/><F3/><W17/><G17/><T29/><D111/><U33/><E33/><V8/><F8/><W86/><G104/><T88/><D89/><N who="1" m="55375" /><E95/><V128/><F128/><W81/><G42/><T0/><D2/><U92/><E92/><V71/><F40/><W78/><G38/><T23/><REACH who="0" step="1"/><D53/><REACH who="0" ten="240,250,250,250" step="2"/><U45/><E116/><V47/><F91/><W75/><G99/><T120/><D120/><U131/><E131/><V98/><F98/><W80/><G97/><T59/><D59/><N who="1" m="35199" /><E45/><V132/><F132/><W119/><G119/><T61/><D61/><U49/><E49/><V48/><F48/><W108/><G108/><T76/><D76/><U50/><E50/><V90/><F57/><W106/><G106/><T54/><D54/><U27/><E102/><V113/><F113/><W68/><G56/><T74/><D74/><U16/><E101/><V100/><F100/><W103/><G103/><T7/><D7/><U93/><E93/><N who="2" m="54495" /><F77/><N who="3" m="46447" /><G81/><T52/><D52/><U32/><E32/><V135/><F135/><W20/><G34/><T14/><AGARI ba="0,1" hai="0,4,10,14,18,22,23,25,29,44,46,82,85,88" machi="14" ten="20,12000,1" yaku="1,1,0,1,7,1,52,1,54,1,53,0" doraHai="24" doraHaiUra="105" who="0" fromWho="0" sc="240,130,250,-40,250,-40,250,-40" /><INIT seed="0,1,0,0,2,106" ten="370,210,210,210" oya="0" hai0="30,65,56,63,68,100,84,61,75,47,98,129,15" hai1="7,130,6,20,43,128,23,90,118,112,1,10,39" hai2="5,93,16,66,13,102,50,54,44,114,17,79,3" hai3="33,40,126,121,82,95,9,2,0,42,78,135,29"/><T116/><D116/><U77/><E118/><V18/><F114/><W55/><G126/><T133/><D133/><U87/><E77/><V107/><F107/><W71/><G71/><T46/><D129/><N who="1" m="49771" /><E112/><V109/><F109/><W14/><G135/><T12/><D75/><U36/><E7/><V21/><F3/><W108/><G108/><T122/><D122/><U86/><E86/><V117/><F117/><W59/><G95/><T41/><D30/><U64/><E64/><V94/><F66/><W76/><G76/><T31/><D31/><U104/><E104/><V83/><F5/><W25/><G0/><T24/><D24/><U105/><E105/><V123/><F123/><W115/><G2/><T96/><D84/><U67/><E67/><V91/><F102/><W35/><G35/><T60/><D100/><U53/><E53/><V69/><F69/><W97/><G97/><T88/><D96/><U113/><E113/><V132/><F132/><W70/><G70/><T92/><D68/><U11/><E11/><V26/><F91/><W72/><G121/><T19/><D41/><U48/><E48/><V119/><F119/><W22/><G33/><T110/><D110/><U101/><E101/><V62/><F62/><N who="0" m="24170" /><D12/><U32/><E32/><V45/><F13/><W103/><G103/><T52/><D65/><U58/><E58/><V49/><F50/><N who="3" m="31223" /><G115/><T131/><D131/><U34/><E34/><V125/><F45/><W38/><G38/><N who="1" m="14378" /><E43/><N who="3" m="16426" /><G14/><T80/><D80/><AGARI ba="1,0" hai="1,6,10,20,23,80,87,90" m="14378,49771" machi="80" ten="30,1000,0" yaku="19,1" doraHai="106" who="1" fromWho="0" sc="370,-13,210,13,210,0,210,0" /><INIT seed="1,0,0,3,0,99" ten="357,223,210,210" oya="1" hai0="1,124,58,3,48,126,11,72,68,73,65,85,113" hai1="129,66,128,104,13,75,37,52,8,117,0,77,114" hai2="108,42,105,118,12,34,56,17,88,26,80,115,101" hai3="41,49,84,9,29,39,98,28,43,19,92,135,35"/><U102/><E114/><V121/><F118/><W32/><G39/><T97/><D113/><U112/><E112/><V76/><F115/><W122/><G122/><T94/><D68/><U111/><E117/><V107/><F121/><W93/><G135/><T123/><D85/><U95/><E37/><V103/><F42/><W4/><G19/><T90/><D123/><U67/><E0/><V78/><F108/><W24/><G84/><T23/><D23/><U71/><E111/><V46/><F46/><W27/><G49/><T60/><D48/><U106/><E77/><V100/><F107/><W59/><G59/><T33/><D33/><U14/><E75/><N who="0" m="28745" /><D11/><U86/><E86/><N who="2" m="50247" /><F105/><W7/><G98/><T62/><D60/><U54/><E95/><V50/><F34/><W130/><REACH who="3" step="1"/><G9/><REACH who="3" ten="357,223,210,200" step="2"/><T20/><D58/><U96/><E8/><N who="2" m="6279" /><F26/><W120/><G120/><T119/><D119/><U81/><E71/><V110/><F110/><W51/><G51/><T6/><D6/><U133/><E133/><V125/><F125/><W109/><G109/><T45/><D126/><U57/><E57/><V5/><F5/><W16/><G16/><T132/><D124/><U21/><E96/><V63/><F50/><W127/><G127/><T116/><D132/><U55/><E129/><AGARI ba="0,1" hai="4,7,24,27,28,29,32,35,41,43,92,93,129,130" machi="129" ten="25,3200,0" yaku="1,1,22,2,53,0" doraHai="99" doraHaiUra="82" who="3" fromWho="1" sc="357,0,223,-32,210,0,200,42" /><INIT seed="2,0,0,3,2,123" ten="357,191,210,242" oya="2" hai0="113,22,109,11,3,99,35,52,119,63,50,47,32" hai1="111,69,53,30,45,79,89,129,82,92,74,108,81" hai2="16,88,77,41,14,6,51,49,43,1,25,103,44" hai3="23,118,10,31,62,73,42,70,128,93,4,40,0"/><V7/><F1/><W64/><G73/><T95/><D113/><U36/><E129/><V96/><F77/><W134/><G118/><T17/><D119/><U20/><E69/><V71/><F71/><W104/><G104/><T68/><D109/><N who="1" m="42059" /><E81/><V126/><F126/><W8/><G8/><T66/><D11/><U107/><E107/><V18/><F25/><W98/><G134/><T91/><D3/><U48/><E36/><V132/><F132/><W100/><G128/><T29/><D29/><U67/><E67/><V101/><F88/><W115/><G115/><T19/><D19/><U105/><E105/><V55/><F96/><W84/><G84/><T112/><D112/><U56/><E56/><V72/><F72/><W15/><G0/><T28/><D28/><U75/><E75/><V127/><F127/><W117/><G117/><T110/><D110/><U24/><E89/><V120/><F120/><W26/><AGARI ba="0,0" hai="4,10,15,23,26,31,40,42,62,64,70,93,98,100" machi="26" ten="30,1100,0" yaku="0,1" doraHai="123" who="3" fromWho="3" sc="357,-3,191,-3,210,-5,242,11" /><INIT seed="3,0,0,5,2,1" ten="354,188,205,253" oya="3" hai0="69,4,128,120,115,63,25,44,73,118,27,64,18" hai1="121,12,7,79,72,51,110,0,97,17,71,85,30" hai2="74,106,112,129,34,32,83,61,29,135,39,101,107" hai3="80,16,111,42,87,3,11,60,125,127,15,131,132"/><W28/><G131/><T47/><D73/><U19/><E121/><V46/><F112/><W70/><G132/><T116/><D120/><U56/><E71/><V66/><F129/><W105/><G105/><N who="2" m="39945" /><F101/><W126/><G42/><T93/><D128/><U78/><E110/><V88/><F88/><N who="3" m="51303" /><G3/><T90/><D115/><U20/><E72/><V103/><F103/><W77/><G77/><N who="1" m="29194" /><E0/><V104/><N who="2" m="39953" /><V50/><DORA hai="89" /><F50/><W119/><G119/><T100/><D100/><U2/><E2/><V5/><F5/><W99/><G99/><T98/><D4/><U31/><E97/><V48/><F48/><W53/><G28/><N who="1" m="10794" /><E85/><V9/><F29/><W54/><G111/><T62/><D62/><U41/><E20/><V68/><F9/><W13/><G13/><T108/><D108/><U94/><E94/><V65/><F135/><W6/><G6/><T22/><D69/><U102/><E102/><V52/><F83/><W95/><G95/><T40/><D93/><U58/><E58/><N who="2" m="35015" /><F74/><W23/><G23/><T75/><D75/><U33/><E33/><N who="2" m="12907" /><F68/><W114/><G114/><T134/><D134/><U14/><E14/><V67/><F39/><W96/><G96/><T91/><D98/><U21/><E21/><V36/><F36/><W76/><G76/><T82/><D22/><U117/><E117/><V130/><F130/><W38/><G38/><T124/><D82/><U57/><E57/><V92/><F92/><W123/><G123/><T81/><D81/><U24/><E24/><V49/><F46/><W133/><G70/><T86/><D25/><U109/><E109/><RYUUKYOKU ba="0,0" sc="354,-10,188,-10,205,30,253,-10" hai2="49,65,66,67" owari="344,44.0,178,-32.0,235,-16.0,243,4.0" /></mjloggm>