<mjloggm ver="2.3"><GO type="169" lobby="0"/><UN n0="%68%7A%63" n1="%E3%81%82%E3%81%95%E3%81%B4%E3%82%93%EF%BC%A0%EF%BD%8D%EF%BD%8A" n2="%7A%6F%6F%31%39%36%34" n3="%33%30%63%6D%33%30%63%6D" dan="17,17,16,16" rate="2135.93,2153.69,2146.16,2148.85" sx="F,M,M,M"/><TAIKYOKU oya="0"/><INIT seed="0,0,0,3,0,97" ten="250,250,250,250" oya="0" hai0="56,59,83,74,69,129,134,133,78,61,108,51,70" hai1="58,57,23,107,24,7,19,4,121,55,42,117,80" hai2="114,1,115,32,119,53,93,131,16,76,86,102,52" hai3="116,120,66,72,109,26,99,25,22,110,92,28,43"/><T39/><D39/><U50/><E117/><V124/><F32/><W37/><G116/><T62/><D129/><U49/><E121/><V40/><F1/><W87/><G72/><T63/><D108/><U96/><E80/><V29/><F29/><W60/><G120/><T100/><D51/><U48/><E42/><V20/><F119/><W36/><G26/><T84/><D74/><U81/><E81/><V95/><F40/><W94/><G92/><T111/><D111/><N who="3" m="42505" /><G87/><T132/><REACH who="0" step="1"/><D100/><REACH who="0" ten="240,250,250,250" step="2"/><U123/><E123/><V2/><F102/><N who="3" m="60791" /><G43/><T104/><D104/><U101/><REACH who="1" step="1"/><E58/><AGARI ba="0,1" hai="22,25,28,36,37,58,60,66" m="60791,42505" machi="58" ten="30,3900,0" yaku="25,1,14,1,52,1" doraHai="97" who="3" fromWho="1" sc="240,0,250,-39,250,0,250,49" /><AGARI ba="0,0" hai="56,58,59,61,62,63,69,70,78,83,84,132,133,134" machi="58" ten="50,4800,0" yaku="1,1,20,1,53,0" doraHai="97" doraHaiUra="91" who="0" fromWho="1" sc="240,48,211,-48,250,0,299,0" /><INIT seed="0,1,0,4,2,19" ten="288,163,250,299" oya="0" hai0="10,117,102,98,47,135,103,131,96,37,126,78,81" hai1="27,40,9,109,97,12,38,2,74,62,134,18,34" hai2="128,22,1,87,119,82,56,120,69,93,101,108,54" hai3="127,94,13,83,35,15,84,105,32,60,79,66,121"/><T48/><D117/><U64/><E74/><V50/><F120/><W14/><G105/><T17/><D37/><U80/><E109/><V33/><F33/><W130/><G121/><T95/><D131/><U11/><E134/><V104/><F104/><W70/><G130/><T61/><D135/><U92/><E80/><V21/><F1/><W59/><G70/><T3/><D61/><U114/><E114/><V5/><F5/><W76/><G76/><T41/><D126/><U113/><E113/><V118/><F69/><W29/><G29/><T65/><D65/><U91/><E40/><V115/><F115/><W99/><REACH who="3" step="1"/><G127/><REACH who="3" ten="288,163,250,289" step="2"/><T36/><D36/><U25/><E38/><V90/><F128/><W0/><G0/><T6/><D17/><U71/><E34/><V75/><F118/><W123/><G123/><T77/><REACH who="0" step="1"/><D81/><REACH who="0" ten="278,163,250,289" step="2"/><U73/><E18/><V7/><F119/><W31/><G31/><T132/><D132/><U110/><E71/><V28/><F28/><W55/><G55/><T16/><D16/><U111/><E111/><V58/><F108/><W63/><G63/><T88/><D88/><AGARI ba="1,2" hai="13,14,15,32,35,59,60,66,79,83,84,88,94,99" machi="88" ten="40,2600,0" yaku="1,1,54,1,53,0" doraHai="19" doraHaiUra="107" who="3" fromWho="0" sc="278,-29,163,0,250,0,289,49" /><INIT seed="1,0,0,0,1,30" ten="249,163,250,338" oya="1" hai0="106,75,95,39,79,132,70,135,14,23,50,11,101" hai1="78,97,129,113,88,104,33,65,64,124,37,99,8" hai2="76,103,57,22,42,119,9,98,66,40,72,107,130" hai3="13,112,45,67,48,41,28,27,0,29,59,18,12"/><U90/><E113/><V111/><F119/><W60/><G0/><T10/><D39/><U17/><E37/><V44/><F111/><W5/><G112/><T69/><D106/><U35/><E78/><V73/><F130/><W82/><G27/><T63/><D23/><U122/><E122/><V94/><F42/><W81/><G13/><T16/><D10/><U74/><E74/><V92/><F9/><W34/><G5/><T20/><D50/><U15/><E129/><V6/><F6/><W56/><G34/><T83/><D11/><U89/><E124/><V25/><F57/><W43/><G43/><T71/><REACH who="0" step="1"/><D63/><REACH who="0" ten="239,163,250,338" step="2"/><U38/><E38/><V2/><F107/><W55/><G29/><T54/><D54/><U47/><E47/><V116/><F22/><N who="3" m="11591" /><G28/><T91/><D91/><U86/><E104/><V19/><F40/><W58/><G55/><T7/><D7/><U115/><E115/><V31/><F31/><W128/><G128/><T68/><N who="0" m="17408" /><DORA hai="1" /><T51/><D51/><U62/><E62/><V134/><F44/><W77/><G60/><T100/><D100/><U108/><E108/><V96/><F103/><W36/><G36/><T131/><D131/><U93/><E89/><V84/><F66/><W120/><G67/><N who="1" m="25674" /><E90/><V52/><F52/><W123/><G123/><T102/><D102/><U46/><E46/><V32/><F76/><W127/><G120/><T4/><D4/><U110/><E110/><V133/><F2/><W87/><G127/><T125/><D125/><U24/><E35/><V85/><F32/><W114/><G114/><T3/><D3/><RYUUKYOKU ba="0,1" sc="239,10,163,10,250,-30,338,10" hai0="14,16,20,75,79,83,95,101,132,135" hai1="8,15,17,24,33,86,88,93,97,99" hai3="41,45,48,56,58,59,77,81,82,87" /><INIT seed="1,1,1,2,5,48" ten="249,173,220,348" oya="1" hai0="39,100,92,43,112,108,50,82,90,99,71,80,59" hai1="62,25,125,33,96,2,84,94,49,15,129,115,93" hai2="111,103,74,109,34,24,87,85,26,117,95,60,22" hai3="4,14,52,113,0,89,41,31,124,73,127,46,55"/><U104/><E115/><V1/><F117/><W81/><G113/><T98/><D108/><N who="2" m="41546" /><F74/><W101/><G101/><T10/><D71/><U29/><E2/><V54/><F1/><W114/><G114/><T45/><D112/><U130/><E125/><N who="3" m="48202" /><G31/><T128/><D128/><N who="1" m="49259" /><E62/><V42/><F42/><W110/><G110/><T6/><D59/><U121/><E121/><V9/><F9/><N who="3" m="4391" /><G0/><T28/><D28/><U70/><E70/><V51/><F60/><W7/><G7/><T67/><D67/><U5/><E49/><V35/><F103/><W64/><G64/><T131/><D39/><U102/><E84/><N who="2" m="32331" /><F95/><W23/><G89/><T86/><D131/><U56/><E94/><V122/><F122/><W21/><G23/><T38/><D38/><U19/><E93/><V69/><F69/><W30/><G21/><T120/><D120/><U18/><E5/><V47/><F26/><W32/><G30/><AGARI ba="1,1" hai="22,24,30,34,35,47,51,54" m="32331,41546" machi="30" ten="30,2000,0" yaku="14,1,52,1" doraHai="48" who="2" fromWho="3" sc="249,0,173,0,220,33,348,-23" /><INIT seed="2,0,0,3,0,105" ten="249,173,253,325" oya="2" hai0="18,27,81,75,89,116,104,120,119,53,67,43,61" hai1="103,64,129,1,114,132,62,40,76,98,51,28,45" hai2="39,52,20,95,25,126,70,48,100,124,134,29,17" hai3="33,96,93,13,4,101,19,102,122,42,55,41,7"/><V113/><F39/><W26/><G122/><T34/><D120/><U130/><E1/><V32/><F70/><W60/><G101/><T65/><D43/><N who="3" m="16393" /><G33/><T5/><D5/><U23/><E114/><V80/><F113/><W84/><G26/><T57/><D104/><U91/><E91/><V71/><F71/><W115/><G115/><T66/><D89/><U47/><E47/><V83/><F134/><W69/><G84/><T109/><D109/><U73/><E132/><V35/><F100/><W86/><G86/><T6/><D6/><U117/><E117/><N who="0" m="45129" /><D18/><U36/><E36/><V111/><F95/><W21/><G69/><T46/><D46/><U11/><E11/><V0/><F0/><W54/><G54/><T63/><D63/><U85/><E85/><V58/><F111/><W87/><G87/><T118/><N who="0" m="45137" /><T123/><DORA hai="106" /><D123/><U9/><E62/><V24/><REACH who="2" step="1"/><F35/><REACH who="2" ten="249,173,243,325" step="2"/><W10/><G93/><T49/><D34/><U3/><E3/><V16/><F16/><W56/><G4/><T127/><D127/><AGARI ba="0,1" hai="17,20,24,25,29,32,48,52,58,80,83,124,126,127" machi="127" ten="40,7700,0" yaku="1,1,18,1,54,1,53,0" doraHai="105,106" doraHaiUra="121,112" who="2" fromWho="0" sc="249,-77,173,0,243,87,325,0" /><INIT seed="2,1,0,2,5,76" ten="172,173,330,325" oya="2" hai0="128,68,51,127,31,18,81,60,33,19,101,29,32" hai1="28,34,130,39,24,91,85,124,8,92,88,23,42" hai2="113,40,109,52,74,45,102,35,11,87,55,111,95" hai3="10,94,57,26,38,64,112,132,114,1,126,0,66"/><V30/><F74/><W121/><G121/><T134/><D128/><U123/><E130/><V3/><F113/><N who="3" m="43627" /><G126/><T14/><D134/><U63/><E124/><V129/><F129/><W12/><G38/><T77/><D127/><U103/><E123/><V107/><F107/><W36/><G36/><T98/><D51/><U20/><E103/><V90/><F102/><W22/><G94/><T115/><D115/><U125/><E125/><V79/><F79/><W48/><G48/><T65/><D31/><U13/><E63/><V2/><F40/><W67/><G57/><T46/><D46/><U86/><E39/><V120/><F120/><W80/><G80/><T50/><D50/><U110/><E110/><N who="2" m="41995" /><F45/><W105/><G105/><T58/><D58/><U135/><E135/><V96/><F96/><W104/><G104/><T93/><D29/><U89/><E42/><V4/><F2/><W59/><G59/><T16/><REACH who="0" step="1"/><D14/><REACH who="0" ten="162,173,330,325" step="2"/><U17/><E34/><V62/><F62/><W53/><G132/><T71/><D71/><U122/><E122/><V83/><F35/><W7/><G53/><N who="2" m="20553" /><F30/><AGARI ba="1,1" hai="0,1,7,10,12,22,26,30,64,66,67" m="43627" machi="30" ten="30,1000,0" yaku="11,1" doraHai="76" who="3" fromWho="2" sc="162,0,173,0,330,-13,325,23" /><INIT seed="3,0,0,1,1,17" ten="162,173,317,348" oya="3" hai0="119,133,8,86,84,5,53,3,106,26,18,69,103" hai1="107,4,100,15,77,75,10,13,81,104,6,57,111" hai2="91,127,76,102,0,28,22,7,79,21,83,122,88" hai3="2,39,108,115,36,68,45,1,99,71,80,29,51"/><W134/><G80/><T54/><D119/><U65/><E111/><V74/><F127/><W50/><G99/><T19/><D133/><U14/><E100/><V87/><F0/><W89/><G29/><T20/><D69/><U40/><E40/><V35/><F7/><W128/><G89/><T44/><D18/><U112/><E112/><V116/><F116/><W97/><G97/><T61/><D103/><U58/><E4/><V126/><F126/><W30/><G30/><T82/><D106/><U59/><REACH who="1" step="1"/><E65/><REACH who="1" ten="162,163,317,348" step="2"/><V63/><F102/><W130/><G108/><T123/><D123/><U70/><E70/><V135/><F135/><W52/><G134/><T121/><D121/><U95/><E95/><V27/><F122/><W129/><G115/><T113/><D113/><U101/><E101/><V46/><F83/><W33/><G68/><T12/><D82/><U55/><E55/><V9/><F91/><W110/><G71/><T132/><D132/><U85/><E85/><V43/><F88/><W32/><G110/><T114/><D114/><U11/><E11/><V38/><F9/><W23/><G128/><T37/><D54/><U34/><E34/><V125/><F87/><W96/><G52/><T118/><D118/><U120/><E120/><V62/><F125/><W93/><G96/><T105/><D86/><U24/><E24/><V41/><F43/><W117/><G117/><T16/><D84/><U47/><E47/><V64/><F64/><W98/><G98/><T66/><D66/><U60/><E60/><N who="2" m="23083" /><F79/><W25/><G93/><T31/><D61/><U92/><E92/><RYUUKYOKU ba="0,1" sc="162,-15,163,15,317,15,348,-15" hai1="6,10,13,14,15,57,58,59,75,77,81,104,107" hai2="21,22,27,28,35,38,41,46,74,76" /><INIT seed="4,1,1,1,2,126" ten="147,178,332,333" oya="0" hai0="107,72,68,48,105,14,119,54,125,0,64,79,4" hai1="114,129,40,106,89,43,28,47,85,51,117,130,75" hai2="123,86,45,110,78,135,73,46,113,109,128,127,101" hai3="122,16,50,131,61,53,22,77,96,44,115,100,41"/><T112/><D119/><U18/><E117/><V17/><F123/><W67/><G122/><T33/><D0/><U95/><E114/><V87/><F127/><W30/><G115/><T120/><D33/><U134/><E134/><V23/><F113/><W19/><G77/><T124/><D120/><U74/><E106/><V62/><F135/><W8/><G8/><T35/><D35/><U38/><E28/><V6/><F6/><W132/><G41/><T94/><D112/><U49/><E18/><V26/><F101/><W55/><G53/><T98/><D64/><U104/><E104/><N who="0" m="40009" /><D68/><U102/><E102/><V52/><F73/><N who="1" m="27657" /><E43/><V3/><F3/><W71/><G30/><T37/><D37/><U21/><E21/><V111/><F86/><W59/><G71/><T15/><D79/><U29/><E29/><V39/><F46/><W82/><G132/><T92/><D72/><U42/><E42/><N who="2" m="22751" /><F87/><W81/><G19/><T84/><D84/><U83/><E83/><V70/><F78/><W58/><G58/><N who="0" m="33095" /><D94/><U99/><E85/><V36/><F36/><W80/><G96/><T1/><D1/><U13/><E13/><N who="0" m="4617" /><D4/><U88/><E89/><V133/><F133/><W2/><G100/><T34/><D34/><U63/><E63/><V103/><F103/><W32/><G32/><T108/><D108/><U25/><E25/><V31/><F31/><W118/><G118/><T93/><D92/><U7/><E7/><V65/><F52/><W9/><G2/><T20/><D20/><U91/><E91/><V66/><F65/><W60/><G67/><T27/><D27/><RYUUKYOKU ba="1,1" sc="147,10,178,10,332,10,333,-30" hai0="93,98,124,125" hai1="38,40,47,49,51,88,95,99,129,130" hai2="17,23,26,62,66,70,109,110,111,128" /><INIT seed="4,2,1,4,2,108" ten="157,188,342,303" oya="0" hai0="98,9,38,122,135,100,94,40,43,95,29,112,19" hai1="87,81,48,128,17,82,13,62,77,27,126,120,25" hai2="7,104,26,88,131,61,125,50,28,42,53,102,83" hai3="90,119,67,118,127,0,75,6,2,114,124,36,92"/><T115/><D122/><U134/><E120/><V16/><F131/><W78/><G36/><T105/><D135/><U66/><E134/><V11/><F125/><N who="3" m="48203" /><G67/><T64/><D29/><U65/><E126/><V74/><F42/><N who="0" m="15914" /><D38/><U1/><E1/><N who="3" m="618" /><G6/><T49/><D49/><U54/><E81/><V109/><F61/><W32/><G32/><T121/><D64/><N who="1" m="24683" /><E62/><V117/><F109/><W80/><G114/><N who="0" m="43563" /><D121/><U129/><E129/><V113/><F113/><W52/><G52/><T23/><D9/><N who="1" m="6319" /><E128/><V69/><F50/><W47/><G47/><AGARI ba="2,1" hai="25,27,47,48,54,77,82,87" m="6319,24683" machi="47" ten="30,1000,0" yaku="8,1" doraHai="108" who="1" fromWho="3" sc="157,0,188,26,342,0,303,-16" /><INIT seed="5,0,0,1,4,7" ten="157,214,342,287" oya="1" hai0="124,29,123,72,37,106,125,76,98,24,12,86,82" hai1="31,130,47,118,93,129,63,51,127,64,36,109,43" hai2="23,115,89,45,121,15,6,9,54,97,2,39,20" hai3="116,50,1,70,134,56,111,79,17,114,46,42,40"/><U85/><E31/><V96/><F121/><W58/><G111/><T131/><D131/><N who="1" m="50187" /><E93/><V105/><F115/><W61/><G1/><T28/><D123/><U18/><E85/><V41/><F2/><W33/><G33/><T122/><D122/><U14/><E118/><V112/><F112/><W69/><G17/><T59/><D37/><U78/><E78/><V80/><F54/><W81/><G114/><T11/><D72/><U120/><E120/><V71/><F71/><W99/><G99/><T35/><D29/><U88/><E88/><V113/><F113/><W102/><G102/><T91/><D59/><N who="1" m="36991" /><E127/><N who="0" m="48713" /><D106/><U32/><E32/><V107/><F107/><W95/><G95/><N who="0" m="56703" /><D12/><U110/><E36/><V8/><F15/><W44/><G81/><T25/><D25/><U100/><E100/><V77/><F39/><W132/><G79/><T57/><D57/><U21/><AGARI ba="0,0" hai="14,18,21,43,47,51,109,110" m="36991,50187" machi="21" ten="30,1500,0" yaku="19,1" doraHai="7" who="1" fromWho="1" sc="157,-5,214,15,342,-5,287,-5" /><INIT seed="5,1,0,5,4,82" ten="152,229,337,282" oya="1" hai0="18,52,109,121,14,79,46,51,28,74,117,132,71" hai1="9,19,55,66,101,112,67,42,45,41,89,85,116" hai2="130,111,124,96,129,91,83,0,99,24,33,77,31" hai3="43,25,108,70,37,123,135,126,40,32,120,103,114"/><U100/><E116/><V47/><F111/><W34/><G108/><T60/><D117/><U118/><E118/><V73/><F124/><W4/><G126/><T59/><D109/><U102/><E112/><V75/><F0/><W65/><G114/><T53/><D132/><U26/><E55/><V38/><F75/><W69/><G103/><T58/><D121/><U12/><E26/><V128/><F91/><W29/><G4/><T27/><D74/><U127/><E127/><V16/><F16/><W36/><G65/><T8/><D79/><U125/><E125/><V113/><F113/><W13/><G13/><T3/><D3/><U80/><REACH who="1" step="1"/><E41/><AGARI ba="1,0" hai="24,31,33,38,41,47,73,77,83,96,99,128,129,130" machi="41" ten="40,1300,0" yaku="19,1" doraHai="82" who="2" fromWho="1" sc="152,0,229,-16,337,16,282,0" /><INIT seed="6,0,0,4,2,43" ten="152,213,353,282" oya="2" hai0="15,83,58,95,59,2,102,97,125,65,46,134,107" hai1="105,20,6,49,27,85,31,72,118,48,9,50,91" hai2="128,55,62,89,35,12,57,60,94,19,129,47,22" hai3="117,113,24,103,68,120,78,111,17,123,3,67,30"/><V39/><F35/><W32/><G111/><T84/><D134/><U53/><E72/><V87/><REACH who="2" step="1"/><F62/><REACH who="2" ten="152,213,343,282" step="2"/><N who="3" m="40055" /><G120/><T41/><D125/><U122/><E122/><V8/><F8/><W11/><G123/><T42/><D107/><U5/><E105/><V82/><F82/><W70/><G11/><T116/><D116/><U93/><E118/><V36/><F36/><W88/><G117/><T126/><D126/><U25/><E6/><V34/><F34/><W121/><G32/><T132/><D132/><U100/><E9/><V45/><F45/><W133/><G133/><T127/><D127/><U75/><E5/><V109/><F109/><W99/><G121/><T96/><D46/><U69/><E20/><V13/><F13/><W64/><G3/><T0/><D15/><U54/><E93/><V92/><F92/><W131/><G24/><T61/><D2/><U26/><E26/><V114/><F114/><W108/><G113/><T71/><D0/><U86/><E25/><V7/><F7/><W33/><G33/><T106/><D83/><U51/><E27/><V21/><F21/><W110/><G110/><T37/><D37/><U1/><E1/><V14/><F14/><W112/><G108/><T52/><D106/><U73/><E31/><V80/><F80/><W104/><G30/><T28/><D28/><U119/><E119/><V29/><F29/><W16/><G112/><T56/><D95/><U81/><E81/><V115/><F115/><W23/><G104/><T63/><D61/><U77/><E75/><V18/><F18/><W135/><G135/><T130/><D63/><RYUUKYOKU ba="0,1" sc="152,-10,213,-10,343,30,282,-10" hai2="12,19,22,39,47,55,57,60,87,89,94,128,129" /><INIT seed="6,1,1,2,1,1" ten="142,203,373,272" oya="2" hai0="87,81,12,55,27,18,58,25,56,128,44,46,133" hai1="74,124,112,117,39,69,20,80,126,123,64,65,106" hai2="76,66,23,35,134,38,110,107,122,84,118,62,57" hai3="77,92,71,96,15,42,86,105,31,33,98,49,41"/><V28/><F118/><W135/><G71/><T9/><D128/><U13/><E117/><V85/><F122/><W75/><G135/><T125/><D125/><N who="1" m="48235" /><E123/><V54/><F107/><W103/><G31/><T24/><D133/><U50/><E39/><V82/><F134/><W115/><G33/><T3/><D3/><U100/><E112/><V53/><F38/><W45/><G15/><T11/><D11/><U102/><E50/><V16/><F110/><W97/><G41/><T130/><D130/><U4/><E69/><V108/><F108/><W127/><G115/><T61/><REACH who="0" step="1"/><D56/><REACH who="0" ten="132,203,373,272" step="2"/><U68/><E68/><V93/><F57/><W2/><G2/><T113/><D113/><U17/><E4/><V91/><F35/><W114/><G114/><T48/><D48/><U60/><E60/><V131/><F131/><W26/><G127/><T88/><AGARI ba="1,2" hai="9,12,18,24,25,27,44,46,55,58,61,81,87,88" machi="88" ten="30,7900,0" yaku="1,1,0,1,8,1,54,1,53,0" doraHai="1" doraHaiUra="30" who="0" fromWho="0" sc="132,102,203,-21,373,-40,272,-21" /><INIT seed="7,0,0,4,1,17" ten="234,182,333,251" oya="3" hai0="66,107,40,105,49,124,65,94,91,50,43,102,9" hai1="74,26,77,87,53,60,108,68,70,48,132,97,32" hai2="129,112,22,120,118,114,131,46,34,35,83,4,27" hai3="125,110,42,134,90,7,119,55,61,24,20,54,36"/><W2/><G119/><T121/><D121/><U45/><E108/><V63/><F120/><W13/><G2/><T12/><D124/><U72/><E132/><V6/><F63/><W127/><G134/><T101/><D105/><U93/><E87/><V14/><F46/><W56/><G110/><T10/><D107/><U71/><E77/><V52/><F52/><N who="3" m="33927" /><G42/><T76/><D76/><U116/><E116/><V39/><F39/><W37/><G36/><T98/><D43/><U21/><E32/><N who="2" m="12331" /><F83/><W75/><G37/><T41/><D41/><U44/><E44/><V113/><F118/><W11/><G75/><T30/><D40/><U100/><REACH who="1" step="1"/><E60/><REACH who="1" ten="234,172,333,251" step="2"/><V38/><F38/><W19/><G127/><T99/><D99/><U86/><E86/><V106/><F113/><W64/><G125/><T8/><D98/><U84/><E84/><V1/><F114/><W59/><G64/><T67/><D67/><U81/><E81/><V47/><F112/><W128/><G55/><T25/><D66/><U18/><AGARI ba="0,1" hai="18,21,26,45,48,53,68,70,71,72,74,93,97,100" machi="18" ten="30,4000,0" yaku="1,1,0,1,52,1,53,0" doraHai="17" doraHaiUra="85" who="1" fromWho="1" sc="234,-10,172,50,333,-10,251,-20" owari="224,-18.0,222,-28.0,323,43.0,231,3.0" /></mjloggm>