<mjloggm ver="2.3"><GO type="169" lobby="0"/><UN n0="%E3%82%82%E3%82%93%E3%81%94%E3%82%8B%30%36%31%35" n1="%E3%81%88%E3%81%84%E3%81%8D%E3%81%A1%40%35%6D%66" n2="%E9%BD%8B%E8%97%A4%E9%A3%9B%E9%B3%A5%E4%B8%B6" n3="%E4%BF%BA%E3%81%A7%E3%81%99" dan="17,18,16,16" rate="2196.11,2240.19,2089.92,2064.46" sx="M,M,F,M"/><TAIKYOKU oya="0"/><INIT seed="0,0,0,3,1,102" ten="250,250,250,250" oya="0" hai0="110,124,15,12,32,87,112,78,51,8,115,24,117" hai1="91,126,71,121,94,61,123,131,9,46,2,49,113" hai2="18,108,13,26,36,70,52,39,77,66,53,42,89" hai3="16,129,60,85,118,104,56,84,41,134,116,81,47"/><T31/><D117/><U50/><E131/><V88/><F26/><W105/><G129/><T96/><D124/><U99/><E126/><V21/><F77/><W93/><G134/><T106/><D12/><U29/><E113/><V19/><F108/><W122/><G122/><T23/><D32/><U109/><E109/><V74/><F74/><W33/><G33/><T25/><D25/><U57/><E71/><V22/><F70/><W107/><G93/><T3/><D3/><U45/><E29/><V100/><F100/><W55/><G16/><T79/><D79/><U28/><E28/><V111/><F111/><W125/><G125/><T17/><D110/><U68/><E68/><V82/><F82/><W11/><G11/><T67/><D67/><U128/><E128/><V80/><F80/><W127/><G127/><T95/><D51/><U30/><E30/><V43/><F13/><W76/><REACH who="3" step="1"/><G85/><REACH who="3" ten="250,250,250,240" step="2"/><T59/><D87/><U135/><E135/><V27/><F27/><W1/><G1/><T75/><D95/><U37/><E9/><V54/><REACH who="2" step="1"/><F53/><REACH who="2" ten="250,250,240,240" step="2"/><W120/><G120/><T83/><D112/><U4/><E123/><V48/><F48/><AGARI ba="0,2" hai="41,47,48,55,56,60,76,81,84,104,105,107,116,118" machi="48" ten="40,12000,2" yaku="1,1,52,3,53,3" doraHai="102" doraHaiUra="101" who="3" fromWho="2" sc="250,0,250,0,240,-120,240,140" /><INIT seed="1,0,0,2,4,114" ten="250,250,120,380" oya="1" hai0="7,110,97,104,42,75,16,108,57,45,55,127,134" hai1="48,13,81,99,6,26,1,113,15,126,80,95,29" hai2="101,30,52,18,69,22,106,93,88,109,118,11,47" hai3="123,89,24,121,25,46,76,130,61,68,17,49,9"/><U35/><E113/><V94/><F109/><W71/><G130/><T78/><D75/><U135/><E126/><V58/><F69/><W38/><G38/><T60/><D78/><U132/><E1/><V51/><F106/><W133/><G133/><N who="1" m="51274" /><E48/><V5/><F101/><W84/><G76/><T4/><D134/><U128/><E128/><V124/><F124/><W70/><G61/><T82/><D82/><N who="1" m="31851" /><E6/><V3/><F30/><W92/><G25/><T125/><D125/><U87/><E87/><V116/><F47/><W0/><G0/><T115/><D115/><U67/><E67/><V59/><F59/><W102/><G24/><T54/><D127/><U122/><E122/><V107/><F107/><W100/><G123/><T44/><D104/><U64/><E64/><V112/><F112/><W117/><G121/><T27/><D108/><U77/><E77/><V53/><F53/><W90/><G117/><T105/><D54/><U85/><E85/><N who="2" m="52367" /><F94/><W37/><G37/><T31/><D45/><U74/><E74/><V86/><F86/><W91/><G84/><T72/><D72/><U33/><E33/><V119/><F119/><W96/><G92/><T21/><D110/><U63/><E63/><V66/><F66/><W40/><G96/><T41/><D41/><U83/><N who="1" m="31859" /><U43/><DORA hai="34" /><E43/><V65/><F65/><W10/><G40/><T36/><REACH who="0" step="1"/><D31/><REACH who="0" ten="240,250,120,380" step="2"/><U79/><E79/><V39/><F39/><W20/><G46/><T28/><D28/><U56/><E56/><V111/><F111/><W129/><G129/><T32/><D32/><U8/><E35/><RYUUKYOKU ba="0,1" sc="240,15,250,-15,120,15,380,-15" hai0="4,7,16,21,27,36,42,44,55,57,60,97,105" hai2="3,5,11,18,22,51,52,58,116,118" /><INIT seed="2,1,1,3,3,75" ten="255,235,135,365" oya="2" hai0="43,55,62,76,52,134,90,106,82,37,117,114,109" hai1="15,112,93,5,83,85,74,41,39,105,4,40,104" hai2="126,11,95,2,123,63,50,108,25,46,51,96,56" hai3="61,66,73,21,78,54,127,34,42,111,26,1,59"/><V31/><F123/><W99/><G111/><T9/><D109/><U113/><E74/><V22/><F126/><W65/><G127/><T20/><D106/><U128/><E128/><V28/><F108/><W58/><G1/><T32/><D32/><U16/><E93/><V17/><F2/><W84/><G34/><T19/><D114/><U71/><E71/><V14/><F46/><W44/><G73/><T79/><D37/><U86/><E39/><V64/><REACH who="2" step="1"/><F28/><REACH who="2" ten="255,235,125,365" step="2"/><N who="3" m="17487" /><G44/><T121/><D121/><U132/><E113/><V100/><AGARI ba="1,2" hai="11,14,17,22,25,31,50,51,56,63,64,95,96,100" machi="100" ten="20,18000,2" yaku="1,1,0,1,7,1,25,2,8,1,53,0" doraHai="75" doraHaiUra="29" who="2" fromWho="2" sc="255,-61,235,-61,125,203,365,-61" /><INIT seed="2,2,0,1,2,70" ten="194,174,328,304" oya="2" hai0="9,98,46,126,79,110,132,120,8,10,83,123,90" hai1="51,97,63,18,84,135,60,26,76,55,5,41,17" hai2="124,122,65,12,24,127,93,67,30,131,99,62,91" hai3="96,87,80,31,58,89,108,61,133,75,21,113,56"/><V42/><F122/><W117/><G117/><T112/><D110/><U45/><E135/><V119/><F119/><W4/><G133/><T16/><D126/><N who="2" m="48170" /><F131/><W68/><G108/><T94/><D132/><U3/><E3/><V101/><F12/><W13/><G68/><T100/><D112/><U77/><E5/><V59/><F42/><W15/><G75/><T129/><D129/><U7/><E7/><V82/><F82/><W103/><G113/><T74/><D46/><U69/><E97/><V105/><F105/><W2/><G2/><T106/><REACH who="0" step="1"/><D16/><REACH who="0" ten="184,174,328,304" step="2"/><U48/><E17/><V11/><F11/><W116/><G116/><T66/><D66/><U47/><E18/><V121/><F67/><W64/><G31/><T6/><D6/><U81/><E26/><V118/><F118/><W71/><G4/><T28/><D28/><U52/><E69/><V92/><F121/><W85/><G13/><T43/><D43/><U114/><E114/><V86/><F30/><W29/><G15/><T1/><D1/><U27/><E27/><AGARI ba="2,1" hai="24,27,59,62,65,86,91,92,93,99,101" m="48170" machi="27" ten="30,1500,0" yaku="18,1" doraHai="70" who="2" fromWho="1" sc="184,0,174,-21,328,31,304,0" /><INIT seed="2,3,0,1,5,76" ten="184,153,359,304" oya="2" hai0="2,91,16,103,36,9,80,93,131,30,40,39,42" hai1="34,66,60,73,90,82,79,43,92,87,126,14,15" hai2="130,63,10,3,74,56,47,22,107,64,61,127,124" hai3="135,113,94,33,23,17,12,102,62,117,26,55,27"/><V0/><F130/><W77/><G117/><T37/><D131/><U19/><E34/><V108/><F107/><W99/><G135/><T18/><D30/><U72/><E126/><N who="2" m="48171" /><F108/><W132/><G132/><T98/><D2/><U84/><E43/><V4/><F47/><W13/><G113/><T116/><D116/><U52/><E14/><V69/><F74/><W85/><G33/><T123/><D123/><U20/><REACH who="1" step="1"/><E52/><REACH who="1" ten="184,143,359,304" step="2"/><N who="2" m="33927" /><F22/><N who="3" m="11567" /><G12/><AGARI ba="3,1" hai="0,3,4,10,12,63,64,69" m="33927,48171" machi="12" ten="30,2900,0" yaku="18,1,54,1" doraHai="76" who="2" fromWho="3" sc="184,0,143,0,359,48,304,-38" /><INIT seed="2,4,0,3,0,113" ten="184,143,407,266" oya="2" hai0="38,24,53,59,69,68,70,39,48,73,81,107,8" hai1="87,15,131,98,94,4,67,127,91,1,44,6,92" hai2="97,11,5,115,32,135,117,10,64,108,14,72,126" hai3="75,105,43,95,16,85,45,71,17,112,101,103,47"/><V77/><F115/><W74/><G71/><T20/><D107/><U28/><E131/><V114/><F114/><W130/><G112/><T128/><D128/><U133/><E127/><V26/><F126/><W55/><G130/><T61/><D8/><U90/><E133/><V66/><F135/><W125/><G125/><T84/><D73/><U62/><E1/><V52/><F108/><W23/><G105/><T31/><REACH who="0" step="1"/><D61/><REACH who="0" ten="174,143,407,266" step="2"/><U82/><E62/><V124/><F72/><W76/><G75/><T96/><D96/><U12/><E98/><V0/><F97/><W42/><G74/><T110/><D110/><U122/><E122/><V134/><F124/><W57/><G103/><T35/><D35/><U93/><E4/><V79/><F5/><W106/><G101/><T78/><AGARI ba="4,1" hai="20,24,31,38,39,48,53,59,68,69,70,78,81,84" machi="78" ten="30,2000,0" yaku="1,1,0,1,53,0" doraHai="113" doraHaiUra="116" who="0" fromWho="0" sc="174,42,143,-9,407,-14,266,-9" /><INIT seed="3,0,0,5,5,1" ten="216,134,393,257" oya="3" hai0="125,99,97,6,131,118,37,72,134,36,52,129,55" hai1="85,30,117,12,46,15,123,50,35,135,61,116,63" hai2="108,4,111,42,38,93,31,67,3,94,70,51,33" hai3="107,16,41,60,96,78,21,65,26,20,14,76,66"/><W25/><G41/><T27/><D118/><N who="1" m="45675" /><E123/><V62/><F38/><W79/><G66/><T126/><D27/><N who="1" m="18911" /><E135/><V115/><F31/><W10/><G21/><T112/><D72/><U81/><E63/><V91/><F33/><W54/><G54/><N who="0" m="20523" /><D112/><U8/><E61/><V133/><F133/><W73/><G26/><T45/><D134/><U113/><E113/><V17/><F115/><W49/><G49/><T71/><D71/><U89/><E8/><N who="2" m="2079" /><F17/><W22/><G22/><T24/><D24/><U84/><E85/><V56/><F91/><W104/><G96/><N who="0" m="36939" /><D45/><U105/><E105/><V13/><F70/><W57/><REACH who="3" step="1"/><G73/><REACH who="3" ten="216,134,393,247" step="2"/><T87/><D87/><U18/><E84/><V7/><F42/><W39/><G39/><T86/><D86/><U23/><E50/><V106/><F51/><W121/><G121/><T5/><D36/><U53/><E53/><V44/><F44/><W28/><AGARI ba="0,1" hai="10,14,16,20,25,28,57,60,65,76,78,79,104,107" machi="28" ten="30,6000,0" yaku="1,1,0,1,54,1,53,0" doraHai="1" doraHaiUra="127" who="3" fromWho="3" sc="216,-20,134,-20,393,-20,247,70" /><INIT seed="3,1,0,1,1,98" ten="196,114,373,317" oya="3" hai0="74,32,118,51,28,89,107,77,27,134,22,72,106" hai1="39,42,58,109,65,25,24,62,23,129,75,31,26" hai2="83,60,50,52,9,11,5,94,2,135,35,96,63" hai3="126,21,121,48,34,95,84,76,80,130,43,44,66"/><W82/><G121/><T53/><D134/><U40/><E75/><V125/><F125/><W18/><G126/><T17/><D118/><U120/><E120/><V54/><F35/><W116/><G130/><T67/><D67/><U56/><E129/><V71/><F83/><W91/><G116/><T122/><D122/><U47/><E109/><V128/><F128/><W111/><G111/><T86/><D77/><U104/><E104/><V97/><F71/><W93/><G34/><T88/><D89/><U127/><E127/><V38/><F38/><W14/><REACH who="3" step="1"/><G66/><REACH who="3" ten="196,114,373,307" step="2"/><T100/><D74/><AGARI ba="1,1" hai="14,18,21,43,44,48,74,76,80,82,84,91,93,95" machi="74" ten="30,11600,0" yaku="1,1,2,1,7,1,53,1" doraHai="98" doraHaiUra="105" who="3" fromWho="0" sc="196,-119,114,0,373,0,307,129" /><INIT seed="3,2,0,5,1,11" ten="77,114,373,436" oya="3" hai0="16,104,127,35,7,79,28,117,48,74,36,67,4" hai1="32,106,25,22,94,128,125,51,57,30,132,76,52" hai2="124,131,31,118,112,89,38,3,105,103,87,135,80" hai3="91,122,9,19,0,46,20,61,12,58,133,129,1"/><W70/><G122/><T40/><D117/><U29/><E106/><V62/><F118/><W100/><G129/><T99/><D36/><U71/><E128/><V90/><F124/><W84/><G70/><T59/><D74/><U21/><E125/><V86/><F3/><W116/><G133/><T64/><D79/><U130/><E130/><V42/><F62/><W109/><G116/><T56/><D28/><U44/><E71/><V5/><F5/><W27/><G100/><T77/><D77/><U18/><E132/><V37/><F135/><W73/><G73/><T92/><D35/><U45/><E76/><V134/><F134/><W49/><G61/><T119/><D104/><U47/><E32/><V108/><F31/><N who="3" m="17895" /><G58/><T78/><D78/><U93/><REACH who="1" step="1"/><E30/><REACH who="1" ten="77,104,373,436" step="2"/><V63/><F105/><W88/><G109/><T34/><D34/><U66/><E66/><V50/><F131/><W33/><G33/><T121/><D127/><U14/><AGARI ba="2,1" hai="14,18,21,22,25,29,44,45,47,51,52,57,93,94" machi="14" ten="30,16000,3" yaku="1,1,0,1,8,1,52,1,54,1,53,3" doraHai="11" doraHaiUra="41" who="1" fromWho="1" sc="77,-42,104,176,373,-42,436,-82" /><INIT seed="4,0,0,5,5,10" ten="35,280,331,354" oya="0" hai0="94,50,115,16,134,112,86,53,44,89,24,30,65" hai1="114,54,91,43,116,129,75,93,104,74,0,124,9" hai2="110,81,38,120,83,90,27,103,4,33,67,117,18" hai3="102,20,45,82,133,25,131,58,55,97,72,1,66"/><T73/><D73/><U122/><E104/><V11/><F117/><W52/><G131/><T76/><D76/><U84/><E116/><V8/><F120/><W36/><G1/><T80/><D134/><U78/><E122/><V126/><F38/><W118/><G118/><T127/><D127/><U100/><E129/><V26/><F126/><W105/><G66/><T5/><D5/><U40/><E100/><V62/><F103/><W69/><G69/><T119/><D119/><U132/><E132/><V15/><F33/><W35/><G35/><T49/><D65/><U17/><E124/><V130/><F110/><W46/><G55/><T12/><D49/><U59/><E114/><V2/><F81/><W96/><G96/><T56/><D80/><U14/><E0/><V113/><F113/><W106/><G105/><T95/><D94/><U37/><E78/><V121/><F121/><W7/><G7/><T68/><D68/><U60/><REACH who="1" step="1"/><E37/><REACH who="1" ten="35,270,331,354" step="2"/><V22/><F130/><W21/><G36/><T123/><D123/><U87/><E87/><V79/><F79/><W29/><G133/><T23/><REACH who="0" step="1"/><D44/><REACH who="0" ten="25,270,331,354" step="2"/><U85/><E85/><V99/><F99/><W107/><G46/><T98/><D98/><U109/><E109/><V48/><F48/><N who="3" m="30983" /><G45/><T128/><D128/><U108/><E108/><V111/><F111/><W42/><G107/><T13/><D13/><U125/><E125/><V28/><F15/><W61/><G106/><T3/><D3/><U77/><E77/><V6/><F2/><W31/><G97/><T70/><D70/><U64/><E64/><V19/><F67/><RYUUKYOKU ba="0,2" sc="25,15,270,15,331,-15,354,-15" hai0="12,16,23,24,30,50,53,56,86,89,95,112,115" hai1="9,14,17,40,43,54,59,60,74,75,84,91,93" /><INIT seed="4,1,2,4,4,38" ten="40,285,316,339" oya="0" hai0="90,9,3,28,16,131,127,65,68,125,104,29,10" hai1="21,110,73,22,46,40,111,103,102,37,1,109,56" hai2="96,70,128,23,49,99,84,101,77,58,4,48,130" hai3="15,6,72,50,25,41,122,88,11,86,26,12,55"/><T17/><D104/><U76/><E1/><V0/><F70/><W80/><G122/><T81/><D68/><U108/><N who="1" m="27648" /><DORA hai="91" /><U60/><E76/><V133/><F133/><W51/><G72/><T31/><D65/><U47/><E73/><V94/><F0/><W8/><G41/><T97/><D81/><U18/><E46/><V63/><F4/><W113/><G113/><T107/><D107/><U33/><E33/><V121/><F121/><W134/><G134/><T57/><D57/><U71/><E71/><V13/><F13/><W115/><G115/><T62/><D62/><U39/><E39/><V89/><F23/><W45/><G51/><T92/><D131/><N who="2" m="50218" /><F77/><W118/><G118/><T36/><D36/><U66/><REACH who="1" step="1"/><E22/><REACH who="1" ten="40,275,316,339" step="2"/><V30/><F30/><W93/><REACH who="3" step="1"/><G80/><REACH who="3" ten="40,275,316,329" step="2"/><T85/><D3/><U35/><E35/><V116/><F116/><W83/><G83/><N who="0" m="49471" /><D125/><U82/><E82/><V53/><F48/><W24/><G24/><AGARI ba="1,4" hai="18,21,24,37,40,47,56,60,66,102,103" m="27648" machi="24" ten="70,8000,1" yaku="1,1,52,1,53,1" doraHai="38,91" doraHaiUra="42,135" who="1" fromWho="3" sc="40,0,275,123,316,0,329,-83" /><INIT seed="5,0,0,3,3,109" ten="40,398,316,246" oya="1" hai0="9,91,51,61,96,88,16,94,106,46,13,30,80" hai1="1,10,17,78,24,77,35,69,112,25,68,132,21" hai2="40,84,43,55,110,118,115,122,53,60,4,97,125" hai3="104,65,38,111,114,85,76,123,116,98,14,5,37"/><U63/><E132/><V67/><F84/><W81/><G111/><T117/><D117/><U86/><E112/><V54/><F4/><W20/><G114/><T131/><D131/><U73/><E73/><V93/><F118/><W99/><G123/><T57/><D106/><U56/><E1/><V108/><F115/><W72/><G65/><T49/><D30/><U6/><E35/><V120/><F97/><W66/><G66/><T39/><D39/><U92/><E25/><V79/><F79/><W48/><G116/><T105/><D105/><U36/><E36/><V90/><F90/><W3/><G3/><T134/><D134/><U28/><E28/><V62/><F93/><W130/><G130/><T113/><D113/><U59/><E69/><V47/><F54/><W18/><G5/><T95/><D80/><U12/><E68/><V45/><F67/><W64/><G64/><T124/><D124/><AGARI ba="0,0" hai="40,43,45,47,53,55,60,62,108,110,120,122,124,125" machi="124" ten="25,8000,1" yaku="22,2,34,3" doraHai="109" who="2" fromWho="0" sc="40,-80,398,0,316,80,246,0" owari="-40,-54.0,398,49.0,396,20.0,246,-15.0" /></mjloggm>