<mjloggm ver="2.3"><GO type="185" lobby="0"/><UN n0="%43%68%69%39%77%61" n1="%E3%81%88%E3%81%A0%E3%81%9D%E3%82%89%E3%81%B1%E3%82%93" n2="%6B%2D%70%6F%69%6E%74" n3="" dan="17,16,17,0" rate="2212.02,2169.62,2288.13,1500.00" sx="M,F,M,C"/><TAIKYOKU oya="0"/><INIT seed="0,0,0,2,1,122" ten="350,350,350,0" oya="0" hai0="48,74,109,92,53,36,83,129,78,111,132,133,125" hai1="57,75,62,104,32,120,34,126,79,72,55,49,54" hai2="96,66,56,43,0,119,127,35,39,88,41,134,117" hai3=""/><T65/><D36/><U94/><N who="1" m="30752" /><U52/><E104/><V47/><F0/><T135/><D125/><U70/><E126/><V128/><F127/><T93/><D65/><U123/><N who="1" m="31520" /><U71/><E94/><N who="0" m="36457" /><D129/><U106/><E106/><V80/><F96/><T86/><D74/><U46/><E55/><V90/><F128/><T130/><D130/><U110/><E110/><N who="0" m="41993" /><D135/><U112/><E112/><V33/><F134/><T2/><D2/><U67/><E71/><V38/><F66/><T84/><D84/><U44/><E75/><V99/><F38/><T95/><N who="0" m="36465" /><T115/><DORA hai="97" /><D115/><U87/><E72/><V45/><F39/><T64/><D64/><U1/><E1/><V50/><F33/><T59/><AGARI ba="0,0" hai="48,53,59,78,83,86,132,133" m="41993,36465" machi="59" ten="40,8000,1" yaku="14,1,10,1,52,3" doraHai="122,97" who="0" fromWho="0" sc="350,80,350,-40,350,-40,0,0" /><INIT seed="0,1,0,3,5,125" ten="430,310,310,0" oya="0" hai0="114,3,113,78,62,130,122,100,43,0,66,133,33" hai1="46,57,84,1,59,41,74,123,51,83,115,80,50" hai2="131,121,76,134,32,103,39,126,2,87,124,42,75" hai3=""/><T61/><N who="0" m="31264" /><T117/><D117/><U79/><N who="1" m="31520" /><U68/><E115/><V99/><N who="2" m="31008" /><V45/><F2/><T54/><D33/><U111/><E1/><V64/><F32/><T101/><D133/><U105/><E105/><V44/><F134/><T77/><D54/><U73/><E68/><V85/><F64/><T118/><D118/><U104/><E104/><V129/><F45/><T109/><D66/><U132/><E132/><V52/><F52/><T96/><D96/><U93/><E111/><V56/><F56/><T127/><D127/><N who="2" m="48682" /><F75/><T49/><D49/><U37/><E57/><V106/><F76/><T95/><D109/><U110/><E110/><V119/><F119/><T70/><D70/><U120/><N who="1" m="30752" /><U35/><E35/><V116/><F116/><T102/><D43/><U36/><E59/><V53/><F53/><T81/><D78/><U108/><E108/><V69/><F69/><T89/><D3/><U65/><E65/><V63/><F63/><T71/><D0/><U48/><E73/><V97/><F97/><T55/><D71/><U82/><E37/><V128/><AGARI ba="1,0" hai="39,42,44,85,87,99,103,106,128,129,131" m="48682,31008" machi="128" ten="40,9000,2" yaku="19,1,18,1,52,4" doraHai="125" who="2" fromWho="2" sc="430,-61,310,-31,310,92,0,0" /><INIT seed="1,0,0,0,3,96" ten="369,279,402,0" oya="1" hai0="67,65,102,100,77,43,105,103,133,72,59,101,38" hai1="71,33,110,58,75,117,114,78,80,107,57,135,74" hai2="108,70,51,119,34,60,81,84,123,104,73,66,42" hai3=""/><U112/><E33/><V61/><N who="2" m="31520" /><V128/><F34/><T54/><D133/><U55/><E135/><V52/><F119/><T131/><D131/><U79/><E117/><V115/><F73/><T127/><D127/><U98/><E71/><V76/><F128/><T0/><D0/><U89/><E110/><V111/><F115/><T41/><N who="0" m="25600" /><DORA hai="64" /><T62/><D105/><U116/><E116/><V44/><F104/><T49/><D38/><U88/><E107/><V121/><N who="2" m="31008" /><V95/><F95/><T124/><D124/><U46/><E46/><V106/><F106/><T120/><N who="0" m="30752" /><T36/><D36/><U91/><E98/><V2/><F2/><T134/><D134/><U90/><N who="1" m="22528" /><DORA hai="125" /><U1/><E1/><V126/><F126/><T3/><D67/><U97/><E97/><V37/><REACH who="2" step="1"/><F61/><REACH who="2" ten="369,279,392,0" step="2"/><T47/><REACH who="0" step="1"/><D3/><REACH who="0" ten="359,279,392,0" step="2"/><U132/><E132/><V50/><F50/><T68/><D68/><U45/><E112/><V85/><F85/><T92/><D92/><U130/><E114/><V63/><F63/><T39/><D39/><U40/><E130/><V118/><F118/><T53/><D53/><U32/><E32/><V35/><F35/><T109/><D109/><U83/><E55/><V129/><F129/><RYUUKYOKU ba="0,2" sc="359,0,279,0,392,0,0,0" hai0="41,43,47,49,54,59,62,65,72,77" hai1="40,45,57,58,74,75,78,79,80,83" hai2="37,42,44,51,52,60,66,70,76,81,84,108,111" /><INIT seed="1,1,2,2,4,68" ten="359,279,392,0" oya="1" hai0="115,127,57,46,33,75,111,135,78,70,83,53,89" hai1="117,69,130,90,97,88,103,36,122,100,77,3,62" hai2="126,0,59,54,98,131,87,80,124,49,106,2,85" hai3=""/><U66/><N who="1" m="31264" /><U109/><E3/><V71/><F71/><T45/><D115/><U73/><E117/><V114/><F114/><T32/><D70/><U61/><E130/><V129/><F106/><T95/><D111/><U34/><E34/><V128/><F98/><T105/><D105/><U112/><E112/><V92/><F92/><T107/><D107/><U118/><E118/><V96/><F96/><T74/><D74/><U133/><E109/><V110/><F110/><T51/><D127/><N who="2" m="48682" /><F87/><T104/><D104/><U113/><E113/><V65/><F65/><T50/><D33/><U47/><E73/><V67/><F67/><T79/><D32/><U81/><E69/><V1/><F1/><T101/><D101/><U48/><E66/><V58/><F58/><T84/><D57/><U52/><E97/><V93/><F93/><T134/><REACH who="0" step="1"/><D78/><AGARI ba="1,2" hai="0,2,49,54,59,78,80,85,128,129,131" m="48682" machi="78" ten="40,2600,0" yaku="19,1,18,1" doraHai="68" who="2" fromWho="0" sc="359,-28,279,0,392,48,0,0" /><INIT seed="2,0,0,5,5,132" ten="331,279,440,0" oya="2" hai0="35,96,60,69,63,105,71,70,53,107,113,86,99" hai1="133,118,110,93,127,44,36,112,57,134,109,48,52" hai2="51,3,1,62,114,131,117,58,95,104,101,79,46" hai3=""/><V66/><F114/><T54/><D113/><U72/><E112/><V98/><F117/><T50/><D86/><U92/><E72/><V73/><F131/><T135/><D135/><N who="1" m="51723" /><E118/><V124/><F73/><T121/><N who="0" m="31008" /><T80/><D80/><U125/><E92/><V85/><F124/><N who="1" m="47689" /><E93/><V91/><F79/><T65/><D96/><U126/><N who="1" m="47697" /><U47/><DORA hai="123" /><E36/><V81/><REACH who="2" step="1"/><F95/><REACH who="2" ten="331,279,430,0" step="2"/><T77/><D77/><U59/><E44/><V43/><AGARI ba="0,1" hai="1,3,43,46,51,58,62,66,81,85,91,98,101,104" machi="43" ten="20,12000,2" yaku="1,1,2,1,0,1,7,1,53,2" doraHai="132,123" doraHaiUra="45,37" who="2" fromWho="2" sc="331,-60,279,-60,430,130,0,0" /><INIT seed="2,1,0,3,1,52" ten="271,219,560,0" oya="2" hai0="101,36,3,72,70,59,133,83,38,63,66,100,111" hai1="121,135,32,78,49,110,48,55,126,116,37,93,68" hai2="35,112,107,96,105,118,91,46,41,102,69,97,123" hai3=""/><V113/><N who="2" m="31520" /><V45/><F118/><T95/><D3/><U2/><N who="1" m="31008" /><U77/><E2/><V33/><F69/><T71/><D111/><U109/><E32/><V0/><F0/><T98/><D133/><U75/><E135/><V42/><REACH who="2" step="1"/><F91/><REACH who="2" ten="271,219,550,0" step="2"/><T73/><D70/><U47/><E116/><V128/><F128/><T76/><D71/><U79/><E68/><V117/><F117/><T99/><REACH who="0" step="1"/><D73/><REACH who="0" ten="261,219,550,0" step="2"/><U58/><E75/><V50/><F50/><T40/><D40/><U44/><E110/><V134/><F134/><T1/><D1/><U74/><E109/><V80/><F80/><T90/><D90/><U60/><E74/><V34/><F34/><T67/><D67/><U92/><E48/><V127/><F127/><T82/><D82/><U119/><E126/><V43/><F43/><T62/><D62/><U53/><E119/><V89/><F89/><T84/><D84/><U115/><E60/><V65/><F65/><T61/><D61/><U120/><N who="1" m="30752" /><U131/><E49/><V129/><F129/><T51/><D51/><U132/><E131/><V56/><F56/><T108/><D108/><U124/><E124/><V88/><F88/><T103/><D103/><AGARI ba="1,2" hai="33,35,41,42,45,46,96,97,102,103,105,107,112,113" m="31520" machi="103" ten="25,9600,0" yaku="1,1,22,2,52,1,53,0" doraHai="52" doraHaiUra="64" who="2" fromWho="0" sc="261,-98,219,0,550,118,0,0" /><INIT seed="2,2,0,2,2,73" ten="163,219,668,0" oya="2" hai0="98,129,130,93,0,62,124,46,84,132,125,113,97" hai1="57,58,51,67,92,83,71,48,79,112,127,75,101" hai2="76,86,126,78,122,111,47,95,96,133,80,41,34" hai3=""/><V33/><N who="2" m="31264" /><V55/><F126/><N who="0" m="48746" /><D0/><U114/><E127/><V119/><F119/><T94/><D62/><U128/><E128/><N who="0" m="49257" /><D46/><U65/><E71/><V68/><F68/><T3/><D3/><U63/><E101/><V89/><F47/><T66/><D66/><U59/><E92/><N who="0" m="35433" /><D113/><U70/><REACH who="1" step="1"/><E67/><REACH who="1" ten="163,209,668,0" step="2"/><V135/><F33/><T100/><D100/><U2/><E2/><V1/><F34/><T106/><D106/><U90/><E90/><V32/><F89/><T87/><D132/><U131/><E131/><V116/><F1/><T53/><D53/><U60/><E60/><V105/><F32/><T40/><D40/><U102/><E102/><V120/><F55/><T42/><D42/><U39/><E39/><V115/><F41/><T88/><D88/><U49/><AGARI ba="2,1" hai="48,49,51,57,58,59,63,65,70,75,79,83,112,114" machi="49" ten="30,3000,0" yaku="1,1,0,1,52,1,53,0" doraHai="73" doraHaiUra="35" who="1" fromWho="1" sc="163,-12,209,44,668,-22,0,0" /><INIT seed="4,0,0,4,0,40" ten="151,253,646,0" oya="0" hai0="63,36,114,3,129,117,46,69,72,109,84,39,58" hai1="51,82,66,52,42,97,32,132,126,48,120,98,89" hai2="79,62,125,122,47,108,55,85,44,131,73,87,103" hai3=""/><T56/><D72/><U54/><N who="1" m="30752" /><U76/><E32/><V74/><N who="2" m="31264" /><V86/><F108/><T71/><D3/><U83/><E132/><V101/><F125/><T124/><D117/><U112/><E126/><V91/><F131/><T33/><D33/><U93/><E66/><V60/><F91/><T80/><D124/><U0/><E0/><V2/><F2/><T96/><D129/><U37/><E112/><V94/><F94/><T133/><D133/><U59/><E37/><V81/><F73/><T123/><D109/><U64/><E42/><V65/><F55/><T134/><D71/><U53/><E97/><V106/><F62/><T1/><D69/><U67/><E54/><V70/><REACH who="2" step="1"/><F106/><REACH who="2" ten="151,253,636,0" step="2"/><T61/><D1/><U90/><E90/><V115/><F115/><T110/><D114/><U107/><E107/><V57/><F57/><T113/><D113/><U78/><E78/><V75/><F75/><T50/><D110/><U38/><E76/><V128/><F128/><T130/><D130/><U100/><E89/><V68/><F68/><T49/><D134/><U102/><E93/><V95/><F95/><T41/><D123/><U92/><E92/><V121/><N who="2" m="31008" /><V35/><F35/><T105/><D105/><RYUUKYOKU type="nm" ba="0,1" sc="151,80,253,-40,636,-40,0,0" hai2="44,47,60,65,70,74,79,81,85,86,87,101,103" /><INIT seed="5,1,1,4,3,109" ten="231,213,596,0" oya="1" hai0="134,45,70,132,50,89,62,53,43,126,49,59,97" hai1="106,111,91,129,94,35,127,81,72,52,112,77,73" hai2="104,56,86,40,79,118,78,121,2,36,68,108,95" hai3=""/><U92/><E35/><V51/><F2/><T74/><D74/><U87/><E111/><V128/><N who="2" m="31008" /><V133/><F104/><T85/><D97/><U113/><E106/><V55/><F68/><T57/><D70/><U47/><E129/><V66/><F66/><T131/><D126/><U76/><E127/><V3/><F118/><T80/><REACH who="0" step="1"/><D131/><REACH who="0" ten="221,213,596,0" step="2"/><U67/><E67/><AGARI ba="1,2" hai="43,45,49,50,53,57,59,62,67,80,85,89,132,134" machi="67" ten="40,8000,1" yaku="1,1,2,1,53,2" doraHai="109" doraHaiUra="130" who="0" fromWho="1" sc="221,102,213,-82,596,0,0,0" /><INIT seed="6,0,0,5,4,70" ten="323,131,596,0" oya="2" hai0="35,0,41,117,63,118,1,128,82,121,74,91,58" hai1="126,65,49,119,131,39,85,36,75,130,104,108,114" hai2="56,42,33,67,59,134,34,72,90,76,115,2,83" hai3=""/><V109/><F42/><T71/><N who="0" m="31008" /><T3/><D128/><U102/><E85/><V50/><F115/><T86/><D71/><U106/><E102/><V89/><F50/><T122/><N who="0" m="31264" /><T55/><D35/><U57/><E49/><V51/><F51/><T37/><D74/><U123/><E57/><V61/><F2/><T60/><D60/><U84/><E84/><V100/><F100/><T53/><D53/><U129/><E65/><V135/><F56/><T48/><D63/><U103/><E103/><V47/><F72/><T127/><D127/><U105/><E106/><V45/><F61/><T62/><D62/><U101/><E101/><V77/><F67/><T66/><D66/><U133/><E105/><V54/><F54/><T38/><D41/><U110/><E131/><V79/><F59/><T96/><D48/><U97/><E129/><V46/><F45/><T132/><D58/><U69/><E39/><V113/><F47/><T73/><D38/><U68/><E68/><V81/><F46/><T44/><D37/><U40/><E97/><V111/><F81/><T112/><D82/><U52/><E52/><V99/><F83/><T32/><D55/><U120/><N who="1" m="30752" /><U98/><E40/><V94/><F99/><RYUUKYOKU ba="0,0" sc="323,0,131,0,596,0,0,0" owari="323,-8.0,131,-47.0,596,55.0,0,0.0" /></mjloggm>