<mjloggm ver="2.3"><GO type="185" lobby="0"/><UN n0="%79%61%73%73%61%6E" n1="%E9%B3%B4%E3%81%8D%E9%BA%BB%E9%9B%80" n2="%E3%83%8F%E3%83%94%E3%83%AA%E3%83%83%E3%83%88" n3="" dan="16,17,17,0" rate="2221.95,2265.13,2218.49,1500.00" sx="M,M,M,C"/><TAIKYOKU oya="0"/><INIT seed="0,0,0,3,0,131" ten="350,350,350,0" oya="0" hai0="58,56,64,40,42,77,37,43,101,134,121,80,50" hai1="47,127,104,90,66,97,57,71,70,74,55,75,32" hai2="49,125,63,107,54,62,36,106,116,69,0,94,96" hai3=""/><T45/><N who="0" m="31008" /><T100/><D134/><U67/><E32/><V128/><F0/><T133/><D133/><U33/><E33/><V85/><F128/><T126/><D126/><U65/><E127/><V61/><F36/><T44/><D42/><U102/><E47/><V51/><F69/><T89/><D89/><U41/><E41/><V91/><F125/><T92/><D92/><U1/><E1/><V73/><F73/><T46/><D46/><U79/><E90/><V72/><F72/><T114/><D114/><U110/><E75/><V123/><N who="2" m="31520" /><V53/><F116/><T68/><D68/><U83/><REACH who="1" step="1"/><E110/><REACH who="1" ten="350,340,350,0" step="2"/><V60/><F106/><T115/><D115/><U86/><E86/><V135/><F107/><T93/><D101/><U130/><E130/><V109/><F109/><T3/><D3/><U2/><E2/><V34/><F34/><T108/><D108/><U39/><E39/><V129/><F129/><T119/><D119/><U103/><E103/><V81/><F135/><T87/><REACH who="0" step="1"/><D64/><REACH who="0" ten="340,340,350,0" step="2"/><U111/><E111/><V117/><F117/><T122/><N who="0" m="31264" /><T120/><N who="0" m="30752" /><T105/><D105/><U98/><E98/><AGARI ba="0,2" hai="37,40,43,44,45,50,56,58,77,80,87,93,98,100" m="30752,31264,31008" machi="98" ten="40,12000,1" yaku="1,1,52,3,53,0" doraHai="131" doraHaiUra="84" who="0" fromWho="1" sc="340,140,340,-120,350,0,0,0" /><INIT seed="0,1,0,5,5,63" ten="480,220,350,0" oya="0" hai0="49,104,77,32,1,115,109,76,119,75,103,98,72" hai1="101,133,131,100,130,66,129,99,114,127,111,50,47" hai2="34,94,36,120,112,87,125,123,43,38,51,89,67" hai3=""/><T135/><D32/><U107/><E111/><V68/><N who="2" m="30752" /><V95/><N who="2" m="31520" /><V61/><F34/><T74/><D1/><U35/><E35/><V40/><F112/><T33/><D33/><U54/><E114/><V60/><F125/><T57/><D115/><U37/><E127/><V55/><F94/><T45/><D119/><U80/><E133/><V73/><F73/><T97/><D135/><U69/><E100/><V116/><F116/><T85/><D109/><U56/><E69/><V96/><F96/><T128/><D128/><U2/><E2/><V122/><N who="2" m="31264" /><V113/><F61/><T39/><D39/><U48/><E37/><V59/><F113/><T81/><D57/><U3/><E3/><V93/><F93/><T117/><D117/><U84/><E66/><V64/><F64/><T91/><REACH who="0" step="1"/><D98/><REACH who="0" ten="470,220,350,0" step="2"/><U42/><REACH who="1" step="1"/><E130/><REACH who="1" ten="470,210,350,0" step="2"/><V124/><F124/><T70/><D70/><U132/><E132/><V78/><F36/><T108/><D108/><U79/><AGARI ba="1,2" hai="42,47,48,50,54,56,79,80,84,99,101,107,129,131" machi="79" ten="30,1500,0" yaku="1,1,0,1,53,0" doraHai="63" doraHaiUra="88" who="1" fromWho="1" sc="470,-11,210,37,350,-6,0,0" /><INIT seed="1,0,0,2,5,98" ten="459,247,344,0" oya="1" hai0="57,128,54,89,130,107,105,129,133,78,101,127,108" hai1="1,104,95,63,56,92,119,55,87,122,46,73,117" hai2="61,88,109,62,42,53,49,67,48,64,75,65,115" hai3=""/><U126/><N who="1" m="31264" /><U96/><E1/><V106/><F75/><T94/><D108/><U0/><E0/><V50/><F106/><T60/><D127/><U97/><E73/><V52/><F109/><T37/><D37/><U132/><E132/><V77/><F77/><T123/><N who="0" m="31520" /><T70/><D133/><U110/><E126/><V111/><F111/><T80/><D70/><U72/><E72/><V113/><F88/><T47/><D47/><U79/><E110/><V32/><F42/><T74/><REACH who="0" step="1"/><D101/><REACH who="0" ten="449,247,344,0" step="2"/><U45/><E45/><V35/><F35/><T116/><D116/><U58/><E46/><V125/><F125/><T38/><D38/><U76/><E119/><V2/><F32/><T43/><D43/><U82/><E117/><V112/><F2/><T120/><N who="0" m="30752" /><T121/><N who="0" m="31008" /><T84/><AGARI ba="0,1" hai="54,57,60,74,78,80,84,89,94,105,107,128,129,130" m="31008,30752,31520" machi="84" ten="30,12000,3" yaku="1,1,4,1,0,1,19,1,52,3,53,2" doraHai="98" doraHaiUra="102" who="0" fromWho="0" sc="449,130,247,-80,344,-40,0,0" /><INIT seed="2,0,0,1,0,91" ten="579,167,304,0" oya="2" hai0="55,81,78,73,82,2,132,115,104,84,129,116,125" hai1="38,41,103,56,52,126,69,48,35,134,92,37,64" hai2="53,76,96,113,85,36,60,51,77,100,123,98,79" hai3=""/><V121/><N who="2" m="31008" /><V102/><N who="2" m="31520" /><V67/><F36/><T40/><D40/><U1/><E35/><V109/><F113/><T46/><D46/><U47/><E1/><V130/><F130/><T88/><D55/><U127/><E134/><V62/><F109/><T118/><D2/><U59/><E38/><V44/><F85/><T135/><D129/><U54/><E103/><N who="2" m="39467" /><F67/><T32/><D32/><U122/><N who="1" m="31264" /><U65/><E92/><V0/><F0/><T106/><D125/><N who="1" m="47627" /><E69/><V49/><F49/><AGARI ba="0,0" hai="37,41,47,48,49,52,54,56,59,64,65" m="47627,31264" machi="49" ten="30,8000,1" yaku="18,1,34,2,52,1,54,1" doraHai="91" who="1" fromWho="2" sc="579,0,167,80,304,-80,0,0" /><INIT seed="4,0,0,1,1,55" ten="579,247,224,0" oya="0" hai0="111,77,74,114,132,36,117,50,61,99,129,105,107" hai1="40,64,93,115,126,72,37,98,120,53,121,110,41" hai2="38,83,78,123,39,91,106,54,71,104,89,109,51" hai3=""/><T133/><D50/><U76/><N who="1" m="30752" /><U100/><N who="1" m="31008" /><U35/><E110/><V75/><N who="2" m="31520" /><V68/><F109/><T1/><D61/><U66/><E35/><V116/><F116/><T122/><D99/><U135/><E126/><V65/><F104/><T62/><D62/><U67/><E135/><V118/><F106/><T112/><D77/><U87/><E115/><V125/><F125/><T70/><D107/><U82/><E37/><V85/><F118/><T134/><D114/><U58/><E72/><V3/><F89/><T88/><D88/><U44/><E44/><V95/><F3/><T48/><D48/><AGARI ba="0,0" hai="40,41,48,53,58,64,66,67,76,82,87,93,98,100" m="31008,30752" machi="48" ten="40,8000,1" yaku="8,1,52,3" doraHai="55" who="1" fromWho="0" sc="579,-80,247,80,224,0,0,0" /><INIT seed="5,0,0,3,3,95" ten="499,327,224,0" oya="1" hai0="122,128,113,57,86,127,76,77,59,43,34,121,60" hai1="40,51,118,96,71,82,89,112,133,94,115,87,3" hai2="68,106,0,41,58,114,35,63,56,129,52,126,67" hai3=""/><U116/><E71/><V91/><F0/><T61/><N who="0" m="31008" /><T2/><N who="0" m="31264" /><T90/><D34/><U44/><E3/><V125/><F35/><T66/><D2/><U109/><E133/><V45/><F106/><T119/><D113/><N who="1" m="43595" /><E109/><V72/><F114/><T100/><D127/><N who="2" m="48650" /><F72/><T111/><D119/><U74/><E74/><V37/><F91/><AGARI ba="0,0" hai="40,44,51,82,87,89,91,94,96,116,118" m="43595" machi="91" ten="30,2900,0" yaku="15,1,52,1" doraHai="95" who="1" fromWho="2" sc="499,0,327,29,224,-29,0,0" /><INIT seed="5,1,0,0,2,100" ten="499,356,195,0" oya="1" hai0="77,52,49,66,96,56,57,87,54,51,89,83,117" hai1="118,58,119,67,101,36,88,2,93,86,79,41,35" hai2="80,74,39,94,84,53,62,42,61,102,37,40,76" hai3=""/><U72/><E35/><V130/><F130/><T109/><D109/><U134/><E2/><V48/><F40/><T46/><D117/><U85/><E134/><V115/><F115/><T0/><D0/><U59/><E72/><V106/><F106/><T73/><D96/><U103/><E36/><V124/><F124/><T123/><N who="0" m="31520" /><T63/><D73/><U91/><E41/><V128/><F128/><T98/><D98/><U132/><E132/><V112/><F112/><T121/><N who="0" m="31008" /><T99/><D99/><U81/><E67/><V116/><F116/><N who="1" m="44585" /><E59/><V97/><F74/><T135/><D135/><U43/><E58/><V38/><REACH who="2" step="1"/><F42/><REACH who="2" ten="499,356,185,0" step="2"/><T92/><D77/><U69/><E43/><V3/><F3/><T1/><D1/><U78/><E69/><V127/><F127/><T47/><D47/><AGARI ba="1,1" hai="37,38,39,47,48,53,61,62,76,80,84,94,97,102" machi="47" ten="40,1300,0" yaku="1,1,53,0" doraHai="100" doraHaiUra="111" who="2" fromWho="0" sc="499,-15,356,0,185,25,0,0" /><INIT seed="6,0,0,4,3,105" ten="484,356,210,0" oya="2" hai0="62,73,68,125,44,74,93,71,107,56,43,59,65" hai1="76,115,53,47,32,86,96,83,35,70,2,75,57" hai2="38,61,52,104,97,67,110,77,121,126,60,123,36" hai3=""/><V116/><N who="2" m="31008" /><V133/><N who="2" m="31520" /><V108/><F116/><T95/><D107/><U113/><E2/><V89/><F77/><T41/><D125/><U85/><E70/><V118/><F118/><T72/><D68/><U42/><E96/><V81/><F126/><T64/><D43/><U48/><E86/><V84/><F133/><T130/><D130/><U50/><REACH who="1" step="1"/><E85/><REACH who="1" ten="484,346,210,0" step="2"/><V117/><F117/><T103/><D71/><U124/><E124/><V51/><F97/><T58/><D103/><U87/><E87/><V128/><F128/><T79/><D79/><U92/><E92/><V111/><F104/><T54/><D93/><U66/><E66/><V102/><F102/><T135/><D95/><U101/><E101/><V46/><REACH who="2" step="1"/><F67/><REACH who="2" ten="484,346,200,0" step="2"/><T134/><D64/><U94/><E94/><V99/><F99/><T106/><D106/><U119/><E119/><V3/><F3/><T0/><D0/><U132/><E132/><N who="0" m="50729" /><D65/><U40/><E40/><V1/><F1/><T80/><D80/><U82/><E82/><V91/><F91/><T127/><D127/><U34/><AGARI ba="0,2" hai="32,34,35,42,47,48,50,53,57,75,76,83,113,115" machi="34" ten="40,6000,1" yaku="1,1,0,1,52,1,53,1" doraHai="105" doraHaiUra="55" who="1" fromWho="1" sc="484,-20,346,80,200,-40,0,0" owari="464,41.0,426,3.0,160,-44.0,0,0.0" /></mjloggm>