<mjloggm ver="2.3"><GO type="169" lobby="0"/><UN n0="%E3%81%8D%E3%82%88%E3%81%97%E3%81%BE%E3%82%8B" n1="%E6%B2%B3%E7%AB%A5%E3%81%AE%E3%83%AF%E3%82%AB%E3%83%9E%E3%83%84" n2="%E5%85%8E%E3%81%A8%E4%BA%80" n3="%4D%4C%5A%4E%55%2D%53%4B" dan="16,17,17,16" rate="2102.35,2185.15,2167.89,2119.43" sx="F,M,M,F"/><TAIKYOKU oya="0"/><INIT seed="0,0,0,3,1,91" ten="250,250,250,250" oya="0" hai0="124,47,24,48,78,72,6,23,60,53,0,122,70" hai1="100,15,59,114,113,57,64,102,115,17,103,80,112" hai2="36,44,73,33,61,77,10,12,49,107,1,109,14" hai3="94,22,87,9,11,37,134,67,7,71,32,105,28"/><T111/><D122/><U3/><N who="1" m="28672" /><DORA hai="31" /><U4/><E64/><V54/><F107/><W34/><G105/><T132/><D124/><U38/><E38/><V131/><F109/><W5/><G37/><T125/><D125/><U69/><E69/><V95/><F131/><W126/><G126/><T13/><D132/><U16/><E80/><V101/><F36/><W68/><G22/><T119/><D119/><U83/><E83/><V82/><F1/><W39/><G39/><T8/><D111/><U129/><E129/><V92/><F101/><W55/><G55/><T123/><D123/><U96/><E96/><V66/><F33/><W133/><G28/><T18/><D78/><U2/><E4/><V46/><F46/><W74/><G87/><T76/><D76/><U81/><E81/><V116/><F116/><W88/><G67/><T30/><D72/><U120/><E120/><V127/><F127/><W41/><G41/><T45/><D60/><U104/><E104/><V20/><F20/><W118/><G118/><T130/><D70/><U25/><E25/><V128/><F128/><W35/><G74/><T90/><D90/><U108/><E108/><V65/><F65/><W29/><G88/><T97/><D97/><U58/><E15/><V51/><F51/><W106/><G106/><T43/><D130/><U52/><E52/><V63/><F14/><W26/><G133/><T121/><D121/><U110/><E110/><V86/><F73/><W98/><G134/><T89/><D43/><U27/><E27/><V79/><F79/><W19/><G26/><T42/><D24/><RYUUKYOKU ba="0,0" sc="250,-10,250,30,250,-10,250,-10" hai1="2,3,16,17,57,58,59,100,102,103" /><INIT seed="1,1,0,0,1,115" ten="240,280,240,240" oya="1" hai0="131,121,27,93,57,20,34,0,1,63,56,23,65" hai1="16,76,38,46,123,18,87,12,82,48,104,8,127" hai2="118,35,28,17,62,109,73,64,114,92,67,37,19" hai3="88,132,41,47,49,31,66,3,4,33,68,99,50"/><U116/><E123/><V52/><F37/><W97/><G132/><T14/><D121/><U86/><E127/><V80/><F114/><W39/><G33/><T111/><D111/><U11/><E104/><V129/><F109/><W105/><G31/><T106/><D106/><U74/><E38/><V5/><F129/><W26/><G26/><T78/><D131/><U69/><E69/><V98/><F5/><W44/><G3/><T21/><D34/><U72/><E86/><V61/><F35/><W77/><G77/><T89/><D27/><U101/><E101/><V7/><F7/><W45/><G4/><T90/><D78/><U133/><E116/><V2/><F2/><W102/><G66/><T84/><D14/><U81/><E133/><V91/><F28/><W9/><G9/><T32/><D32/><U112/><E112/><V94/><F118/><W135/><G68/><T30/><D30/><U10/><E18/><V54/><F73/><W79/><G79/><T108/><D108/><U83/><E72/><V85/><F85/><W40/><G135/><T124/><D124/><U60/><E60/><V36/><F36/><W113/><G113/><T71/><D89/><N who="1" m="51439" /><E83/><V110/><F110/><W51/><REACH who="3" step="1"/><G39/><REACH who="3" ten="240,280,240,230" step="2"/><T25/><D25/><U53/><AGARI ba="1,1" hai="8,10,11,12,16,46,48,53,74,76,82" m="51439" machi="53" ten="30,3000,0" yaku="25,1,54,1" doraHai="115" who="1" fromWho="1" sc="240,-11,280,43,240,-11,230,-11" /><INIT seed="1,2,0,4,4,134" ten="229,323,229,219" oya="1" hai0="60,42,124,86,126,10,1,127,35,9,58,12,28" hai1="17,117,0,120,43,20,72,36,2,108,8,106,103" hai2="32,65,46,129,71,76,135,34,81,22,47,132,24" hai3="68,40,73,102,92,75,11,112,114,118,101,104,4"/><U14/><E72/><V41/><F129/><W109/><G68/><T38/><D1/><U74/><E74/><V128/><F128/><W3/><G40/><T93/><D35/><U125/><E117/><V80/><F71/><W26/><G104/><T89/><D28/><U44/><E120/><V64/><F22/><W87/><G109/><T48/><D38/><U39/><E108/><V96/><F96/><W13/><G26/><T105/><D105/><U51/><E125/><V55/><F24/><W119/><G3/><T62/><D9/><U91/><E91/><V82/><F55/><W98/><G87/><T63/><D42/><U116/><E116/><N who="3" m="44586" /><G101/><T61/><D48/><U69/><E69/><V99/><F99/><W29/><G29/><T79/><D79/><U67/><E67/><N who="2" m="25675" /><F76/><W78/><G78/><T94/><D94/><U83/><E83/><V107/><F107/><W7/><G7/><N who="0" m="3167" /><D63/><U113/><E106/><V19/><F19/><W37/><G37/><T23/><D23/><U97/><E39/><V27/><F41/><W66/><G66/><AGARI ba="2,0" hai="58,60,61,62,66,86,89,93,124,126,127" m="3167" machi="66" ten="30,7700,0" yaku="18,1,52,3" doraHai="134" who="0" fromWho="3" sc="229,83,323,0,229,0,219,-83" /><INIT seed="2,0,0,3,1,11" ten="312,323,229,136" oya="2" hai0="6,98,105,94,128,60,55,22,113,81,19,46,134" hai1="32,77,95,70,53,33,4,63,25,130,3,133,35" hai2="47,73,16,21,59,120,74,43,71,123,61,92,12" hai3="37,116,67,26,104,62,100,99,10,29,68,107,2"/><V93/><F71/><W131/><G131/><T78/><D113/><U49/><E130/><V83/><F123/><W20/><G116/><T135/><D105/><U14/><E133/><V52/><F120/><W125/><G125/><T30/><D6/><U118/><E118/><V126/><F126/><W42/><G42/><T64/><D128/><U127/><E127/><V38/><REACH who="2" step="1"/><F83/><REACH who="2" ten="312,323,219,136" step="2"/><W36/><G104/><T117/><D117/><U106/><E106/><V90/><F90/><W24/><G107/><T115/><D81/><U72/><E70/><V58/><F58/><W132/><G68/><T75/><D135/><U86/><E95/><AGARI ba="0,1" hai="12,16,21,38,43,47,52,59,61,73,74,92,93,95" machi="95" ten="40,12000,1" yaku="1,1,52,1,54,2,53,0" doraHai="11" doraHaiUra="85" who="2" fromWho="1" sc="312,0,323,-120,219,130,136,0" /><INIT seed="2,1,0,0,4,72" ten="312,203,349,136" oya="2" hai0="94,59,63,55,50,131,35,27,85,130,15,23,112" hai1="106,58,42,49,64,16,69,113,84,99,117,122,83" hai2="20,39,71,118,7,75,92,120,33,77,47,13,102" hai3="121,124,100,97,14,32,88,4,129,6,18,46,74"/><V128/><F33/><W96/><G121/><T134/><D112/><U87/><E113/><V38/><F120/><W110/><G32/><T56/><D134/><U2/><E122/><V43/><F118/><W108/><G74/><T29/><D15/><U12/><E117/><V11/><F71/><W61/><G129/><T98/><D85/><U91/><E2/><V62/><F128/><W115/><G115/><T66/><REACH who="0" step="1"/><D35/><REACH who="0" ten="302,203,349,136" step="2"/><U8/><E87/><V36/><F13/><W135/><G14/><T37/><D37/><U0/><E12/><V28/><F38/><W9/><G135/><T107/><D107/><U95/><E106/><V114/><F39/><W109/><G109/><T82/><D82/><U101/><E83/><V127/><F36/><W78/><G108/><T132/><D132/><U79/><E84/><V133/><F133/><W3/><G110/><T105/><D105/><U86/><E86/><V119/><F114/><W1/><G1/><T52/><D52/><U44/><E0/><V26/><F119/><W24/><G3/><T89/><AGARI ba="1,1" hai="23,27,29,50,55,56,59,63,66,89,94,98,130,131" machi="89" ten="30,4000,0" yaku="1,1,0,1,53,1" doraHai="72" doraHaiUra="45" who="0" fromWho="0" sc="302,53,203,-11,349,-21,136,-11" /><INIT seed="3,0,0,4,0,123" ten="355,192,328,125" oya="3" hai0="53,101,63,80,91,86,42,130,28,37,9,58,64" hai1="3,19,8,108,87,13,107,117,45,116,47,119,95" hai2="104,73,133,57,135,61,46,30,98,118,89,1,38" hai3="99,20,112,12,85,56,21,49,32,55,74,23,39"/><W10/><G112/><T69/><D130/><U102/><E107/><V83/><F118/><W59/><G74/><T81/><D28/><U100/><E3/><V31/><F1/><W105/><G32/><T2/><D101/><N who="1" m="39019" /><E108/><V14/><F104/><W51/><G39/><T6/><D42/><U82/><E95/><N who="2" m="56687" /><F14/><W111/><G111/><T33/><D37/><U121/><E121/><V120/><F120/><W70/><G70/><T126/><D126/><U22/><E8/><V50/><F38/><W115/><G115/><T67/><D33/><U36/><E36/><V71/><F71/><W96/><G85/><T44/><D44/><U0/><E0/><V90/><F73/><W72/><G72/><T34/><D34/><U4/><E4/><V52/><F135/><W40/><G105/><T65/><REACH who="0" step="1"/><D80/><REACH who="0" ten="345,192,328,125" step="2"/><U93/><E93/><V66/><F133/><W79/><G40/><T17/><D17/><U88/><AGARI ba="0,1" hai="13,19,22,45,47,82,87,88,116,117,119" m="39019" machi="88" ten="40,2700,0" yaku="12,1,54,1" doraHai="123" who="1" fromWho="1" sc="345,-7,192,37,328,-7,125,-13" /><INIT seed="4,0,0,2,0,87" ten="338,229,321,112" oya="0" hai0="27,79,2,115,135,122,111,81,21,112,56,7,88" hai1="134,17,133,73,117,34,82,58,128,48,28,64,6" hai2="8,127,29,54,38,63,104,130,3,52,96,105,98" hai3="123,53,103,76,37,23,68,129,119,86,16,97,77"/><T116/><D116/><U1/><E117/><V83/><F38/><W18/><G119/><T45/><D122/><U40/><E128/><V99/><F130/><W46/><G129/><T47/><D135/><N who="1" m="51723" /><E17/><V70/><F127/><W24/><G68/><T90/><D111/><U101/><E101/><V62/><F29/><W94/><G123/><T12/><D2/><U39/><E64/><V0/><F83/><W9/><G86/><N who="0" m="48447" /><D56/><U35/><E48/><V59/><F70/><W118/><G118/><T132/><D132/><U71/><E58/><V75/><F75/><W89/><G103/><T66/><D66/><U15/><E15/><V113/><F59/><W65/><G65/><T84/><D84/><U10/><E28/><V91/><F99/><W60/><G37/><T107/><D107/><U74/><E71/><V36/><F36/><W13/><REACH who="3" step="1"/><G60/><REACH who="3" ten="338,229,321,102" step="2"/><T57/><D115/><U108/><E74/><V41/><F63/><W31/><G31/><T102/><D102/><U26/><E108/><V61/><F113/><W4/><G4/><T114/><D114/><U30/><E35/><V67/><F67/><W121/><G121/><T95/><D112/><U110/><E110/><V43/><F8/><W32/><G32/><T25/><D7/><U69/><E69/><V33/><F33/><W19/><G19/><N who="0" m="10471" /><D57/><U92/><E73/><V106/><F106/><W51/><AGARI ba="0,1" hai="9,13,16,18,23,24,46,51,53,76,77,89,94,97" machi="51" ten="30,8000,1" yaku="1,1,0,1,8,1,52,1,54,1,53,0" doraHai="87" doraHaiUra="124" who="3" fromWho="3" sc="338,-40,229,-20,321,-20,102,90" /><INIT seed="5,0,0,0,1,117" ten="298,209,301,192" oya="1" hai0="16,71,126,21,28,85,43,94,1,39,134,118,58" hai1="131,15,67,81,113,52,115,27,125,19,66,55,106" hai2="6,82,9,11,84,128,132,78,74,42,56,36,79" hai3="34,35,5,65,10,77,80,3,45,23,111,112,68"/><U26/><E106/><V46/><F128/><W8/><G111/><T116/><D71/><U13/><E81/><V99/><F132/><W93/><G112/><T17/><D1/><U69/><E69/><V120/><F11/><W97/><G23/><T96/><D134/><U123/><E19/><V31/><F31/><W89/><G8/><T76/><D126/><U22/><E22/><V24/><F24/><W57/><G57/><T47/><D28/><U133/><E133/><V105/><F56/><W119/><G119/><T51/><D17/><U130/><REACH who="1" step="1"/><E123/><REACH who="1" ten="298,199,301,192" step="2"/><V107/><F120/><W63/><G45/><T61/><D118/><U40/><E40/><V25/><F82/><W29/><G29/><T12/><D116/><U129/><E129/><V83/><F83/><W49/><G49/><T121/><D121/><U75/><E75/><AGARI ba="0,1" hai="3,5,10,34,35,63,65,68,75,77,80,89,93,97" machi="75" ten="30,1000,0" yaku="7,1" doraHai="117" who="3" fromWho="1" sc="298,0,199,-10,301,0,192,20" /><INIT seed="6,0,0,0,1,122" ten="298,189,301,212" oya="2" hai0="75,70,16,130,89,99,128,112,83,43,38,94,96" hai1="47,17,5,42,127,54,95,26,33,1,21,36,69" hai2="0,74,57,92,71,81,109,61,85,115,62,65,73" hai3="119,82,124,52,86,101,68,117,55,13,53,18,30"/><V123/><F123/><W113/><G68/><T133/><D70/><U79/><E69/><V11/><F115/><W129/><G30/><T111/><D38/><U8/><E127/><V104/><F104/><W108/><G108/><T88/><D43/><U60/><E95/><V59/><F92/><W49/><G124/><T4/><D4/><U80/><E60/><V50/><F50/><W9/><G129/><N who="0" m="49771" /><D112/><U23/><E54/><V44/><F44/><W116/><G101/><T103/><D133/><U97/><E97/><V15/><F0/><W107/><G107/><N who="0" m="63975" /><D16/><U100/><E100/><V67/><F71/><W58/><REACH who="3" step="1"/><G113/><REACH who="3" ten="298,189,301,202" step="2"/><T134/><D111/><U78/><E33/><V19/><REACH who="2" step="1"/><F109/><REACH who="2" ten="298,189,291,202" step="2"/><W106/><G106/><T84/><D134/><U121/><E121/><V32/><F32/><W126/><G126/><T77/><D75/><U56/><E36/><V87/><F87/><W64/><G64/><T118/><D118/><U41/><E1/><V31/><F31/><W51/><G51/><T14/><D14/><U131/><E131/><V12/><F12/><W10/><G10/><T35/><D35/><U34/><E34/><V39/><F39/><W22/><G22/><T105/><D105/><U45/><E23/><V135/><F135/><W132/><G132/><T46/><D46/><U28/><E28/><V114/><F114/><W25/><G25/><T66/><D66/><U40/><E47/><V120/><F120/><W110/><G110/><T76/><AGARI ba="0,2" hai="76,77,83,84,88,89,94,99" m="63975,49771" machi="76" ten="30,7900,0" yaku="19,1,34,2,54,1" doraHai="122" who="0" fromWho="0" sc="298,99,189,-20,291,-39,202,-20" /><INIT seed="7,0,0,0,4,61" ten="397,169,252,182" oya="3" hai0="94,68,118,20,93,53,55,27,133,47,74,97,107" hai1="37,14,126,45,78,104,90,124,109,71,22,41,48" hai2="11,4,1,128,28,50,72,75,62,79,25,10,2" hai3="113,13,17,77,40,132,46,81,57,18,103,73,12"/><W32/><G32/><T95/><D118/><U76/><E109/><V98/><F128/><W115/><G103/><T106/><D74/><U21/><E104/><V117/><F117/><W0/><G0/><T8/><D68/><U96/><E71/><V119/><F119/><W89/><G89/><T120/><D120/><U38/><E96/><V58/><F50/><W122/><G57/><T56/><D47/><N who="1" m="23983" /><E38/><V130/><F130/><W108/><G122/><T51/><D55/><N who="1" m="30095" /><E90/><V121/><F121/><W66/><G66/><T33/><D8/><U105/><E105/><V23/><F79/><N who="1" m="30249" /><E14/><V26/><F98/><W29/><G29/><T42/><D20/><U112/><E112/><N who="3" m="43082" /><G108/><T114/><D33/><U54/><E54/><V88/><F88/><W99/><G99/><T31/><D56/><U52/><E52/><V102/><F102/><W69/><G69/><T92/><D97/><U36/><E36/><V82/><F82/><W87/><G73/><T116/><D114/><U86/><E86/><V125/><F75/><W39/><G12/><T101/><D101/><U129/><E129/><V43/><F72/><W15/><G13/><T3/><D3/><U34/><E34/><V123/><F123/><W6/><G6/><T70/><D70/><U100/><E100/><V134/><F1/><W67/><G67/><T19/><D31/><U9/><E9/><V44/><F23/><N who="3" m="11711" /><G18/><T84/><D19/><U49/><E49/><V110/><F11/><W91/><G77/><T135/><D107/><U85/><E85/><V35/><F35/><W64/><G64/><T5/><D116/><RYUUKYOKU ba="0,0" sc="397,-15,169,15,252,-15,182,15" hai1="21,22,124,126" hai3="39,40,46,81,87,91,132" /><INIT seed="7,1,0,5,0,5" ten="382,184,237,197" oya="3" hai0="95,21,93,122,16,72,116,104,22,43,132,87,24" hai1="113,10,92,111,83,9,94,126,121,26,127,37,109" hai2="134,114,27,30,25,32,84,103,56,3,39,123,48" hai3="91,44,52,85,36,47,66,101,88,31,59,117,18"/><W49/><G117/><T57/><D104/><U107/><E121/><V20/><F39/><W28/><G101/><T33/><D72/><U34/><E107/><V54/><F3/><W45/><G36/><T73/><D73/><U41/><E113/><V99/><F114/><W23/><G66/><T69/><D69/><U53/><E83/><V108/><F123/><W120/><G120/><T112/><D33/><U70/><E70/><V62/><F134/><W60/><G60/><T130/><D112/><U38/><E53/><V74/><F74/><W68/><G68/><T135/><D116/><U29/><E41/><V42/><F108/><N who="1" m="41545" /><E37/><V61/><F42/><W79/><G79/><T7/><D130/><U89/><E38/><V102/><F84/><W71/><G71/><T77/><D7/><U86/><E92/><V131/><F131/><W13/><G91/><T90/><D43/><U82/><E94/><AGARI ba="1,0" hai="13,18,23,28,31,44,45,47,49,52,59,85,88,94" machi="94" ten="40,12000,1" yaku="25,2,8,1,54,2" doraHai="5" who="3" fromWho="1" sc="382,0,184,-123,237,0,197,123" /><INIT seed="7,2,0,5,3,12" ten="382,61,237,320" oya="3" hai0="7,38,6,64,78,41,65,23,130,68,103,29,21" hai1="40,117,110,112,46,18,87,116,101,20,120,79,26" hai2="94,105,113,16,133,33,51,22,17,97,114,73,39" hai3="128,62,102,42,104,89,28,109,134,124,5,35,82"/><W31/><G134/><T47/><D130/><U24/><E120/><V13/><F39/><W52/><G128/><T27/><D78/><U92/><E110/><V135/><F33/><W85/><G124/><T58/><D68/><U129/><E129/><V126/><F73/><W57/><G109/><T127/><D127/><U2/><E2/><V121/><F105/><W90/><G5/><T9/><D103/><U54/><E112/><N who="2" m="43115" /><F126/><W96/><G42/><T115/><D115/><U14/><E116/><V0/><F0/><W10/><G10/><T111/><D111/><U48/><E117/><V72/><F72/><W99/><G35/><T43/><D43/><U88/><E101/><N who="2" m="60599" /><F121/><W125/><G125/><T106/><D106/><U36/><REACH who="1" step="1"/><E79/><REACH who="1" ten="382,51,237,320" step="2"/><V131/><F131/><W59/><G102/><T84/><D38/><U56/><AGARI ba="2,1" hai="14,18,20,24,26,36,40,46,48,54,56,87,88,92" machi="56" ten="20,16000,3" yaku="1,1,2,1,0,1,7,1,25,2,52,1,54,1,53,0" doraHai="12" doraHaiUra="32" who="1" fromWho="1" sc="382,-42,51,176,237,-42,320,-82" owari="340,43.0,227,-17.0,195,-30.0,238,4.0" /></mjloggm>