<mjloggm ver="2.3"><GO type="169" lobby="0"/><UN n0="%6B%6F%74%61%6B%6F%74%61" n1="%E3%81%98%E3%82%87%E3%81%AB%E3%81%8A%E3%82%93%EF%BC%81%EF%BC%81" n2="%E6%98%9F%E7%AB%B9%E8%82%89%E3%83%91%E3%82%BB%E3%83%AA" n3="%6D%61%74%6F%30%36%30%33" dan="16,17,16,17" rate="2113.25,2218.82,2154.07,2220.23" sx="M,M,M,M"/><TAIKYOKU oya="0"/><INIT seed="0,0,0,5,5,26" ten="250,250,250,250" oya="0" hai0="19,99,28,45,88,78,113,32,115,63,59,42,27" hai1="76,75,91,31,117,58,102,41,132,10,90,107,60" hai2="134,83,128,2,119,51,15,80,104,1,6,70,112" hai3="121,110,79,5,65,62,0,133,40,12,101,22,84"/><T97/><D78/><U48/><E117/><V69/><F104/><W93/><G110/><T106/><D19/><U21/><E132/><V14/><F51/><W34/><G133/><T39/><D99/><U73/><E10/><V131/><F134/><W116/><G116/><T57/><D57/><U43/><E102/><V44/><F119/><W86/><G34/><T111/><D111/><U18/><E107/><V81/><F44/><W74/><G40/><T124/><D124/><U87/><E76/><V55/><F55/><W17/><G121/><T130/><D130/><N who="2" m="49706" /><F6/><W96/><G0/><N who="2" m="105" /><F112/><W20/><G5/><T61/><D61/><U120/><E48/><V35/><F35/><W7/><G7/><T67/><REACH who="0" step="1"/><D106/><REACH who="0" ten="240,250,250,250" step="2"/><U49/><E60/><V89/><F89/><W47/><G79/><T30/><D30/><U82/><E31/><V11/><F11/><W24/><G47/><T123/><D123/><U77/><E90/><V56/><F56/><W125/><G125/><T68/><D68/><AGARI ba="0,1" hai="14,15,68,69,70,80,81,83" m="105,49706" machi="68" ten="40,5200,0" yaku="28,2,19,1" doraHai="26" who="2" fromWho="0" sc="240,-52,250,0,250,62,250,0" /><INIT seed="1,0,0,0,3,107" ten="188,250,312,250" oya="1" hai0="6,68,81,126,13,30,44,26,11,99,56,47,10" hai1="36,69,33,52,25,128,59,50,91,114,45,29,27" hai2="105,119,32,74,97,80,78,8,116,88,51,37,54" hai3="108,131,5,65,41,98,23,94,84,117,118,15,14"/><U102/><E114/><V109/><F37/><W16/><G108/><T0/><D68/><U125/><E69/><V100/><F32/><W66/><G41/><T21/><D126/><U89/><E125/><V122/><F122/><W20/><G84/><T71/><D71/><U7/><E128/><V101/><F100/><W64/><G131/><T38/><D38/><U92/><E7/><V40/><F40/><W60/><G60/><T76/><D56/><U55/><E25/><V106/><F105/><W82/><G82/><T112/><D99/><U42/><REACH who="1" step="1"/><E55/><REACH who="1" ten="188,240,312,250" step="2"/><V111/><F109/><W48/><G5/><T110/><D112/><U49/><E49/><V75/><F111/><W1/><G48/><T115/><D115/><U87/><E87/><V28/><F54/><W95/><G98/><AGARI ba="0,1" hai="27,29,33,36,42,45,50,52,59,89,91,92,98,102" machi="98" ten="40,3900,0" yaku="1,1,54,1,53,0" doraHai="107" doraHaiUra="83" who="1" fromWho="3" sc="188,0,240,49,312,0,250,-39" /><INIT seed="1,1,0,4,1,14" ten="188,289,312,211" oya="1" hai0="132,80,135,121,98,49,34,72,133,21,100,109,61" hai1="92,31,18,8,115,16,65,59,117,41,64,84,50" hai2="43,120,3,116,77,37,56,129,111,42,91,70,81" hai3="62,13,102,32,35,9,108,1,57,6,36,25,22"/><U29/><E115/><V52/><F116/><W86/><G108/><T82/><D34/><U105/><E105/><V55/><F120/><W106/><G36/><T126/><D126/><U75/><E75/><V90/><F70/><W104/><G86/><T11/><D109/><U68/><E68/><V5/><F55/><W107/><G102/><T63/><D121/><U103/><E117/><V125/><F129/><W40/><G40/><T60/><D72/><U101/><E101/><V94/><F125/><W33/><G1/><T19/><D11/><U24/><E8/><V124/><F124/><W96/><G96/><T17/><D49/><U15/><E15/><V28/><F28/><N who="1" m="10825" /><E24/><V113/><F113/><W123/><G123/><T39/><D39/><U58/><E58/><V114/><F114/><W95/><G95/><T4/><D4/><U53/><E41/><V130/><F130/><W73/><G73/><T74/><D74/><U99/><E84/><N who="2" m="48175" /><F5/><W10/><G10/><T2/><D2/><U0/><E0/><V89/><F111/><W30/><REACH who="3" step="1"/><G107/><REACH who="3" ten="188,289,312,201" step="2"/><T7/><D7/><U110/><E110/><V44/><F42/><W27/><G27/><T71/><D71/><U131/><E131/><V128/><F128/><W48/><G48/><T66/><D135/><U79/><E79/><V85/><F3/><W93/><G93/><N who="0" m="58447" /><D133/><U118/><E118/><V119/><F119/><W67/><AGARI ba="1,1" hai="6,9,13,22,25,30,32,33,35,57,62,67,104,106" machi="67" ten="30,2000,0" yaku="1,1,0,1,53,0" doraHai="14" doraHaiUra="127" who="3" fromWho="3" sc="188,-6,289,-11,312,-6,201,33" /><INIT seed="2,0,0,2,3,124" ten="182,278,306,234" oya="2" hai0="30,127,132,116,123,2,135,45,104,129,126,8,44" hai1="68,72,103,0,5,88,24,6,33,119,48,67,41" hai2="99,50,61,107,27,3,43,17,39,125,120,98,82" hai3="100,78,66,37,9,65,55,75,60,69,91,51,134"/><V86/><F120/><W93/><G134/><N who="0" m="51243" /><D123/><U113/><E113/><V4/><F39/><W36/><G66/><T74/><D104/><U13/><E72/><V56/><F3/><W64/><G64/><T34/><D74/><U21/><E103/><V81/><F4/><W111/><G100/><T11/><D2/><U16/><E119/><V47/><F125/><N who="0" m="47626" /><D116/><U58/><E0/><V85/><F107/><W117/><G111/><T10/><D30/><U131/><E68/><V92/><F27/><W109/><G109/><T53/><D53/><U20/><E24/><V89/><F17/><W59/><G117/><T122/><D122/><U84/><E16/><V76/><REACH who="2" step="1"/><F92/><REACH who="2" ten="182,278,296,234" step="2"/><W73/><G93/><T105/><D105/><U128/><E5/><V87/><F87/><W96/><G37/><T62/><D34/><U114/><E33/><V101/><F101/><W29/><G36/><T133/><D133/><U31/><E31/><V130/><F130/><W22/><G29/><T7/><D7/><U40/><E6/><V112/><F112/><W102/><G75/><T63/><D129/><U121/><E114/><V94/><F94/><W52/><G73/><T118/><D118/><U14/><E121/><V19/><F19/><W42/><G102/><T106/><D106/><U38/><E131/><V32/><F32/><W25/><G25/><T26/><D26/><U97/><E128/><V71/><F71/><W15/><G69/><T83/><D83/><U90/><E38/><V12/><F12/><W110/><G15/><T70/><D70/><U28/><E13/><V18/><F18/><RYUUKYOKU ba="0,1" sc="182,15,278,-15,296,15,234,-15" hai0="8,10,11,44,45,62,63" hai2="43,47,50,56,61,76,81,82,85,86,89,98,99" /><INIT seed="2,1,1,5,2,133" ten="197,263,311,219" oya="2" hai0="60,75,29,5,111,63,87,4,67,30,47,22,1" hai1="45,120,112,64,14,46,80,36,21,62,25,23,97" hai2="76,58,54,89,96,101,70,93,16,84,73,52,7" hai3="38,32,122,72,92,129,106,108,20,31,88,85,135"/><V127/><F70/><W2/><RYUUKYOKU type="yao9" ba="1,1" sc="197,0,263,0,311,0,219,0" hai3="2,20,31,32,38,72,85,88,92,106,108,122,129,135" /><INIT seed="2,2,1,1,1,97" ten="197,263,311,219" oya="2" hai0="35,79,37,78,129,124,57,29,115,109,70,105,85" hai1="17,135,101,55,21,43,107,128,50,114,133,63,73" hai2="132,58,26,92,81,42,106,30,62,83,122,8,130" hai3="39,68,56,7,91,103,28,113,69,22,14,84,93"/><V13/><F122/><W99/><G113/><T131/><D115/><U12/><E73/><V123/><F123/><W89/><G39/><T32/><D70/><U51/><E114/><V31/><F106/><W76/><G76/><N who="0" m="29227" /><D37/><U6/><E128/><N who="0" m="49225" /><D105/><U45/><E6/><V53/><F130/><W24/><G91/><T38/><D38/><U36/><E63/><V65/><F42/><W98/><G98/><T90/><D57/><U54/><E36/><V96/><F53/><W10/><REACH who="3" step="1"/><G56/><REACH who="3" ten="197,263,311,209" step="2"/><T49/><D90/><U82/><E135/><V72/><F132/><W11/><G11/><T20/><D35/><U59/><E133/><V74/><F72/><W127/><G127/><T66/><D32/><U87/><E59/><V2/><F74/><W111/><G111/><T112/><D109/><U118/><E118/><V80/><F96/><W86/><G86/><T46/><D85/><U64/><E87/><V75/><F75/><W0/><G0/><T48/><D124/><U40/><E82/><AGARI ba="2,2" hai="7,10,14,22,24,28,68,69,82,84,89,93,99,103" machi="82" ten="30,3900,0" yaku="1,1,7,1,52,1,53,0" doraHai="97" doraHaiUra="116" who="3" fromWho="1" sc="197,0,263,-45,311,0,209,65" /><INIT seed="3,0,0,4,5,119" ten="197,218,311,274" oya="3" hai0="39,54,98,123,50,111,99,104,91,59,66,108,23" hai1="86,109,13,11,96,7,94,9,22,35,118,56,4" hai2="126,43,34,93,60,130,110,0,135,113,107,134,103" hai3="95,10,75,72,15,120,80,1,49,16,18,17,100"/><W24/><G1/><T81/><D39/><U67/><E109/><N who="0" m="42057" /><D104/><U128/><E118/><V117/><F60/><W76/><G120/><T70/><D23/><U40/><E35/><V31/><F43/><W5/><G72/><T85/><D123/><U74/><E74/><V33/><F93/><W84/><G49/><T73/><D73/><U44/><E128/><V25/><F103/><W77/><G75/><T82/><D82/><U122/><E86/><V97/><F97/><N who="3" m="59455" /><G24/><T90/><D90/><AGARI ba="0,0" hai="5,10,15,16,17,18,76,77,80,84,90" m="59455" machi="90" ten="30,2900,0" yaku="8,1,54,1" doraHai="119" who="3" fromWho="0" sc="197,-29,218,0,311,0,274,29" /><INIT seed="3,1,0,0,1,3" ten="168,218,311,303" oya="3" hai0="4,102,10,118,11,134,37,119,30,51,110,24,131" hai1="133,7,54,111,135,84,88,6,105,2,127,129,66" hai2="99,106,73,98,57,97,81,17,93,124,94,29,89" hai3="120,44,56,36,109,32,75,61,74,107,20,31,8"/><W82/><G120/><T70/><D37/><U22/><E111/><V43/><F29/><W95/><G107/><T62/><D134/><N who="1" m="51211" /><E105/><V33/><F33/><W38/><G32/><T96/><D131/><U13/><E129/><V39/><F39/><W116/><G116/><T64/><D110/><U60/><E54/><V27/><F43/><W101/><G109/><T115/><D51/><U63/><E2/><V100/><F57/><W90/><G101/><T123/><D11/><U42/><E42/><V46/><F46/><W122/><G122/><T25/><D25/><U16/><E127/><V113/><F17/><W114/><G44/><T77/><D77/><U128/><E128/><V21/><F21/><W45/><G45/><T9/><D10/><U80/><E63/><V103/><F27/><W71/><G61/><T125/><D115/><U112/><E112/><V34/><F34/><W83/><G114/><T104/><D125/><U68/><AGARI ba="1,0" hai="6,7,13,16,22,60,66,68,80,84,88" m="51211" machi="68" ten="30,8000,1" yaku="20,1,52,2,54,2" doraHai="3" who="1" fromWho="1" sc="168,-21,218,83,311,-21,303,-41" /><INIT seed="4,0,0,3,1,93" ten="147,301,290,262" oya="0" hai0="52,83,25,19,86,77,109,124,82,18,119,81,135" hai1="38,78,45,6,20,31,108,84,69,13,115,67,17" hai2="49,74,88,21,64,100,99,11,94,3,28,22,112" hai3="0,2,116,62,91,105,104,131,4,55,56,47,51"/><T46/><D124/><U48/><E108/><V76/><F112/><W107/><G116/><T24/><D135/><U111/><E111/><V41/><F64/><W5/><G131/><T85/><D119/><U30/><E38/><V133/><F133/><W120/><G120/><T1/><D1/><U66/><E115/><V126/><F126/><W71/><G71/><T37/><D109/><U57/><E6/><V87/><F3/><W12/><G5/><T42/><D83/><N who="1" m="47223" /><E69/><V23/><F11/><W110/><G110/><T98/><D25/><U95/><E95/><V32/><F32/><W103/><G91/><T40/><D40/><N who="1" m="24615" /><E57/><V89/><F28/><AGARI ba="0,0" hai="13,17,20,28,30,31,66,67" m="24615,47223" machi="28" ten="30,1000,0" yaku="8,1" doraHai="93" who="1" fromWho="2" sc="147,0,301,10,290,-10,262,0" /><INIT seed="5,0,0,3,1,95" ten="147,311,280,262" oya="1" hai0="39,79,130,114,94,123,15,109,103,44,124,26,36" hai1="49,107,65,101,90,45,20,78,81,40,53,2,97" hai2="56,110,16,5,10,93,34,131,115,31,24,92,108" hai3="104,51,6,66,132,13,57,70,82,76,128,67,102"/><U60/><E2/><V91/><F131/><W37/><G37/><T28/><D114/><U8/><E8/><V29/><F29/><W35/><G35/><T30/><D124/><U22/><E90/><V4/><F93/><W106/><G132/><T61/><D109/><U43/><E43/><V0/><F4/><W113/><G113/><T58/><D123/><U32/><E32/><V50/><F115/><W59/><G70/><T42/><D39/><U83/><E40/><V116/><F116/><W118/><G128/><T133/><D133/><U41/><E41/><V111/><F50/><W96/><G106/><T68/><D130/><U86/><REACH who="1" step="1"/><E81/><REACH who="1" ten="147,301,280,262" step="2"/><V112/><F112/><W134/><G82/><T55/><D42/><U63/><E63/><V19/><REACH who="2" step="1"/><F56/><AGARI ba="0,1" hai="20,22,45,49,53,56,60,65,78,83,86,97,101,107" machi="56" ten="30,5800,0" yaku="1,1,7,1,52,1,53,0" doraHai="95" doraHaiUra="64" who="1" fromWho="2" sc="147,0,301,68,280,-58,262,0" /><INIT seed="5,1,0,0,3,50" ten="147,369,222,262" oya="1" hai0="85,104,100,91,113,114,45,5,70,119,11,69,98" hai1="24,64,68,130,35,40,9,129,53,82,109,118,57" hai2="84,43,19,1,42,72,51,46,94,127,97,120,115" hai3="56,135,26,65,37,75,3,123,41,99,117,116,112"/><U54/><E118/><V131/><F120/><W44/><G3/><T78/><D119/><N who="3" m="45641" /><G99/><T92/><D45/><U14/><E40/><V39/><F72/><W121/><G26/><T4/><D4/><U106/><E106/><V122/><F122/><N who="3" m="46603" /><G75/><T101/><D101/><U8/><E68/><V79/><F1/><W0/><G0/><T90/><D90/><U27/><E109/><V108/><F84/><W107/><G107/><T29/><D29/><U18/><E82/><V7/><F97/><W2/><G2/><T58/><D78/><U59/><E64/><V47/><F19/><W34/><G34/><T86/><D86/><U13/><E18/><V102/><F94/><W32/><G32/><AGARI ba="1,0" hai="8,9,13,14,24,27,32,35,53,54,57,59,129,130" machi="32" ten="25,9600,0" yaku="22,2,52,2" doraHai="50" who="1" fromWho="3" sc="147,0,369,99,222,0,262,-99" /><INIT seed="5,2,0,5,2,131" ten="147,468,222,163" oya="1" hai0="89,28,105,88,14,40,125,37,1,51,106,31,69" hai1="126,62,78,49,53,103,63,84,114,45,52,17,113" hai2="12,79,2,18,81,120,65,27,36,10,108,95,60" hai3="135,46,58,110,100,128,77,117,72,76,56,116,8"/><U11/><E126/><V102/><F120/><W68/><G68/><T134/><D1/><U6/><E103/><V61/><F108/><W119/><G110/><T39/><D69/><U96/><E96/><V86/><F36/><W109/><G109/><T129/><D129/><U50/><E17/><V70/><F2/><W91/><G128/><T19/><D51/><U22/><E22/><V115/><F115/><N who="1" m="44041" /><E84/><V67/><F27/><W4/><G100/><T9/><D125/><U26/><E26/><V133/><F95/><W121/><G46/><T99/><D134/><U42/><E78/><N who="3" m="30314" /><G72/><T5/><D5/><U3/><E42/><V13/><F102/><W75/><G75/><T66/><D40/><U93/><E93/><V98/><F98/><W83/><G121/><T71/><D99/><U124/><E124/><V29/><F29/><W16/><G16/><T48/><D105/><U122/><E122/><V73/><F86/><N who="3" m="50655" /><G135/><T80/><D106/><U54/><E54/><V7/><F133/><W97/><G97/><T118/><D31/><U87/><E87/><V64/><REACH who="2" step="1"/><F70/><REACH who="2" ten="147,468,212,163" step="2"/><W123/><G123/><T85/><D71/><U38/><E38/><V74/><F74/><W104/><G104/><T92/><D28/><U94/><E94/><V47/><F47/><AGARI ba="2,1" hai="3,6,11,45,47,49,50,52,53,62,63" m="44041" machi="47" ten="30,2900,0" yaku="15,1,54,1" doraHai="131" who="1" fromWho="2" sc="147,0,468,45,212,-35,163,0" /><INIT seed="5,3,0,3,2,41" ten="147,513,177,163" oya="1" hai0="65,126,55,78,19,53,54,58,60,110,106,71,31" hai1="104,16,18,90,125,73,64,88,98,30,39,52,84" hai2="105,119,29,123,130,35,26,121,72,96,45,15,86" hai3="122,117,48,97,42,5,127,109,74,25,135,67,68"/><U23/><E39/><V32/><F119/><W51/><G25/><T0/><D106/><U134/><E125/><V112/><F72/><W14/><G97/><T100/><D110/><U114/><E114/><V37/><F32/><W28/><G14/><T92/><D126/><U43/><E73/><V133/><F133/><W80/><G5/><T103/><D0/><U124/><E124/><V102/><F130/><W131/><G28/><T93/><D78/><U77/><E64/><V7/><F112/><W21/><G21/><T81/><D81/><N who="1" m="47151" /><E104/><V22/><F86/><W70/><G80/><T101/><D31/><U129/><E43/><V108/><F108/><W87/><G87/><T8/><D71/><N who="3" m="27177" /><G74/><T59/><D59/><U3/><E3/><V57/><F35/><W38/><G127/><T66/><REACH who="0" step="1"/><D66/><REACH who="0" ten="137,513,177,163" step="2"/><U10/><E30/><V116/><F57/><W47/><G109/><T94/><D94/><U49/><E134/><V69/><F69/><W95/><G95/><T91/><D91/><U40/><E88/><V56/><F56/><W118/><G135/><T24/><D24/><U120/><E90/><V61/><F26/><W76/><G76/><T34/><D34/><U13/><E129/><V113/><F29/><W50/><G131/><T111/><D111/><U36/><E13/><AGARI ba="3,1" hai="8,13,19,53,54,55,58,60,65,92,93,100,101,103" machi="13" ten="40,2600,0" yaku="1,1,8,1,53,0" doraHai="41" doraHaiUra="115" who="0" fromWho="1" sc="137,45,513,-35,177,0,163,0" /><INIT seed="6,0,0,5,0,116" ten="182,478,177,163" oya="2" hai0="27,70,65,130,89,104,101,60,100,41,38,122,61" hai1="106,10,35,114,58,32,45,19,1,74,17,73,48" hai2="3,11,14,75,127,94,15,102,43,117,40,78,112" hai3="88,54,26,46,121,118,111,57,36,42,37,31,5"/><V29/><F117/><W115/><G111/><T71/><D130/><U76/><E106/><V98/><F112/><W21/><G115/><T107/><D89/><U93/><E58/><V110/><F127/><W134/><G134/><T50/><D50/><U44/><E93/><V124/><F124/><W129/><G129/><T22/><D22/><U99/><E99/><V33/><F3/><W87/><G118/><T47/><D27/><U84/><E48/><V4/><F110/><W103/><G103/><T25/><D25/><U68/><E84/><V23/><F33/><W34/><G5/><T97/><D122/><U39/><E39/><V63/><F29/><W66/><G37/><T109/><D109/><U24/><E24/><V123/><F123/><W135/><G135/><T49/><D49/><U91/><E91/><V53/><F75/><W133/><G133/><T12/><D12/><U96/><E1/><V18/><REACH who="2" step="1"/><F78/><REACH who="2" ten="182,478,167,163" step="2"/><W52/><G121/><T0/><D0/><U85/><E76/><V16/><F16/><W6/><G34/><T62/><D71/><U82/><E68/><V120/><F120/><W7/><G7/><T131/><D131/><U125/><E17/><V55/><F55/><W77/><G6/><T95/><D70/><U30/><E19/><V51/><F51/><W119/><G77/><T126/><D126/><U8/><E125/><V69/><F69/><W59/><G119/><T81/><D65/><U105/><E30/><V113/><F113/><W2/><G2/><T132/><D132/><U83/><E114/><V13/><F13/><W128/><G128/><RYUUKYOKU ba="0,1" sc="182,-10,478,-10,167,30,163,-10" hai2="4,11,14,15,18,23,40,43,53,63,94,98,102" /><INIT seed="6,1,1,4,0,132" ten="172,468,197,153" oya="2" hai0="125,88,27,104,97,91,52,109,44,65,89,36,87" hai1="24,14,3,99,116,12,1,101,55,46,126,15,110" hai2="94,96,28,13,119,106,56,100,120,79,130,112,80" hai3="48,102,34,33,128,29,133,10,43,113,18,21,54"/><V58/><F119/><W40/><G128/><T83/><D109/><U111/><E116/><V47/><F120/><W75/><G133/><T78/><D125/><U122/><E126/><V42/><F112/><W129/><G75/><T8/><D65/><U32/><E122/><V0/><F0/><W4/><G129/><T84/><D27/><U131/><E131/><V72/><F28/><W134/><G102/><T86/><D8/><U135/><E135/><V93/><F130/><W118/><G118/><T73/><D36/><U35/><E55/><V25/><F25/><W98/><G98/><T95/><D52/><U124/><E46/><V63/><F13/><W66/><G66/><T115/><D44/><U17/><E124/><V108/><F108/><N who="1" m="41513" /><E99/><V57/><REACH who="2" step="1"/><F63/><REACH who="2" ten="172,468,187,153" step="2"/><W20/><G134/><T76/><D115/><U51/><E14/><V69/><F69/><W105/><G29/><T39/><D39/><AGARI ba="1,2" hai="39,42,47,56,57,58,72,79,80,93,94,96,100,106" machi="39" ten="40,2000,0" yaku="1,1,53,0" doraHai="132" doraHaiUra="67" who="2" fromWho="0" sc="172,-23,468,0,187,43,153,0" /><INIT seed="6,2,0,0,3,4" ten="149,468,230,153" oya="2" hai0="6,17,52,116,56,74,105,98,128,100,126,121,73" hai1="70,103,99,110,125,25,0,2,107,119,102,101,115" hai2="63,53,48,1,86,36,15,83,77,59,20,46,118" hai3="85,14,57,87,96,26,12,47,24,9,90,50,129"/><V132/><F132/><W71/><G129/><T123/><D128/><U117/><E110/><V39/><F1/><W122/><G71/><T22/><D126/><U67/><E125/><V62/><F118/><W60/><G96/><T64/><D116/><U29/><E115/><V69/><F69/><W27/><G122/><T43/><D64/><U112/><E112/><V51/><F36/><W42/><G90/><T106/><D106/><U95/><E0/><V81/><F39/><W19/><REACH who="3" step="1"/><G14/><REACH who="3" ten="149,468,230,143" step="2"/><T3/><D121/><U127/><E99/><V114/><F114/><W131/><G131/><T21/><D123/><U41/><E2/><V91/><F91/><W72/><G72/><T31/><D74/><U37/><E127/><V54/><F81/><W88/><G88/><T45/><D98/><U113/><E70/><V5/><F83/><W84/><G84/><T28/><D3/><U7/><E107/><V120/><F120/><W30/><G30/><T13/><D28/><U79/><E29/><V33/><F86/><W93/><G93/><T89/><D73/><U78/><E95/><V38/><F15/><W135/><G135/><T80/><D105/><U49/><E113/><V134/><F134/><W133/><G133/><T34/><D89/><U61/><E117/><V94/><F94/><W76/><G76/><T23/><D80/><U82/><E119/><V65/><F77/><W35/><G35/><T97/><D34/><U66/><E79/><V10/><F33/><W11/><G11/><T75/><D75/><U40/><E78/><V55/><F10/><W18/><G18/><RYUUKYOKU ba="2,1" sc="149,-10,468,-10,230,-10,143,30" hai3="9,12,19,24,26,27,42,47,50,57,60,85,87" /><INIT seed="7,3,1,5,4,21" ten="139,458,220,173" oya="3" hai0="35,8,91,106,31,109,51,25,95,108,129,44,84" hai1="30,132,105,77,81,123,41,32,104,79,135,50,101" hai2="23,45,46,66,112,16,75,67,15,128,116,49,10" hai3="1,20,107,130,121,63,26,38,124,98,99,53,37"/><W111/><G1/><T125/><D106/><U64/><E123/><V62/><F75/><W57/><G121/><T6/><D129/><U80/><E64/><V97/><F112/><W29/><G130/><T59/><D59/><U94/><E30/><V134/><F128/><W88/><G124/><T118/><D118/><U85/><E32/><V40/><F134/><N who="1" m="51241" /><E41/><V69/><F66/><W14/><G111/><T93/><D93/><U131/><E50/><V12/><F116/><W82/><G14/><T102/><D102/><U5/><E5/><V47/><F97/><W126/><G126/><T90/><D90/><U4/><E4/><AGARI ba="3,1" hai="4,10,12,15,16,23,40,45,46,47,49,62,67,69" machi="4" ten="30,2000,0" yaku="7,1,54,1" doraHai="21" who="2" fromWho="1" sc="139,0,458,-29,220,39,173,0" owari="139,-36.0,429,53.0,259,6.0,173,-23.0" /></mjloggm>