<mjloggm ver="2.3"><GO type="169" lobby="0"/><UN n0="%E6%BB%9D%E6%9C%AC%E3%81%B2%E3%81%B5%E3%81%BF%EF%BC%81" n1="%E5%BE%AE%E5%B7%AE%E3%81%AE%E4%BD%95%E5%88%87%E3%82%8B%EF%BC%9C%E9%81%8B" n2="%4B%69%74%61%6D%75%72%61" n3="%E3%83%9E%E3%83%AB%E3%83%9E%E3%83%AB%E3%81%A1%E3%82%83%E3%82%93" dan="17,16,17,16" rate="2196.36,2086.52,2147.27,2112.09" sx="M,M,F,M"/><TAIKYOKU oya="0"/><INIT seed="0,0,0,5,4,109" ten="250,250,250,250" oya="0" hai0="54,76,56,62,89,18,114,47,39,120,32,82,61" hai1="19,49,112,99,88,42,95,2,93,129,0,37,3" hai2="10,45,43,134,40,59,127,106,87,113,125,107,75" hai3="21,115,29,52,7,100,27,69,38,105,85,121,16"/><T94/><D120/><U64/><E37/><V65/><F75/><W73/><G73/><T91/><D32/><U97/><E129/><V68/><F68/><W25/><G115/><T119/><D119/><U117/><E117/><V46/><F134/><W104/><G121/><T34/><D34/><U13/><E64/><V90/><F10/><W8/><G38/><T130/><D130/><U1/><E112/><V108/><F108/><W128/><G69/><T98/><D114/><U116/><E116/><V26/><F26/><W14/><G128/><T84/><D61/><U79/><E79/><V133/><F133/><W23/><G100/><T78/><REACH who="0" step="1"/><D18/><REACH who="0" ten="240,250,250,250" step="2"/><U33/><E33/><V131/><F131/><W44/><REACH who="3" step="1"/><G85/><REACH who="3" ten="240,250,250,240" step="2"/><T66/><D66/><U51/><N who="1" m="0" /><DORA hai="103" /><U6/><E6/><V35/><F87/><W57/><G57/><T36/><D36/><U110/><E110/><V74/><F59/><W17/><G17/><T60/><D60/><U5/><E5/><V126/><F113/><W48/><AGARI ba="0,2" hai="7,8,14,16,21,23,25,27,29,44,48,52,104,105" machi="48" ten="30,12000,2" yaku="1,1,0,1,52,2,54,2,53,1" doraHai="109,103" doraHaiUra="24,31" who="3" fromWho="3" sc="240,-60,250,-30,250,-30,240,140" /><INIT seed="1,0,0,5,0,58" ten="180,220,220,380" oya="1" hai0="6,130,45,108,2,31,119,48,83,37,44,57,42" hai1="71,95,0,102,4,75,124,66,19,24,84,97,131" hai2="5,89,103,3,9,26,86,34,117,133,79,49,32" hai3="105,40,120,13,112,129,96,47,91,74,23,61,123"/><U116/><E75/><V114/><F117/><W69/><G112/><T110/><D119/><U16/><E116/><V135/><F114/><W63/><G74/><T94/><D31/><U17/><E124/><V53/><F79/><W99/><G69/><T73/><D94/><U106/><E131/><V81/><F103/><W101/><G129/><T52/><D130/><U128/><E128/><V12/><F3/><W125/><G125/><T50/><D6/><U8/><E84/><V18/><F5/><W127/><G127/><T30/><D30/><U20/><REACH who="1" step="1"/><E106/><REACH who="1" ten="180,210,220,380" step="2"/><V35/><REACH who="2" step="1"/><F26/><REACH who="2" ten="180,210,210,380" step="2"/><W82/><G123/><T78/><REACH who="0" step="1"/><D2/><REACH who="0" ten="170,210,210,380" step="2"/><U33/><E33/><V122/><BYE who="1" /><F122/><W27/><G120/><T93/><D93/><U54/><E54/><AGARI ba="0,3" hai="37,42,44,45,48,50,52,54,57,73,78,83,108,110" machi="54" ten="40,8000,1" yaku="1,1,54,1,53,2" doraHai="58" doraHaiUra="43" who="0" fromWho="1" sc="170,110,210,-80,210,0,380,0" /><UN n1="%E5%BE%AE%E5%B7%AE%E3%81%AE%E4%BD%95%E5%88%87%E3%82%8B%EF%BC%9C%E9%81%8B" /><INIT seed="2,0,0,0,2,23" ten="280,130,210,380" oya="2" hai0="91,82,33,135,126,45,127,65,113,81,38,111,110" hai1="21,63,103,30,130,15,7,61,68,9,73,3,93" hai2="36,83,118,12,67,66,121,47,69,88,31,37,20" hai3="76,79,16,70,108,11,26,14,59,46,25,51,48"/><V125/><F121/><W60/><G70/><T57/><D33/><U106/><E130/><V124/><F118/><W123/><G108/><N who="0" m="41515" /><D113/><U27/><E73/><V35/><F35/><W97/><G123/><T109/><N who="0" m="41523" /><T96/><DORA hai="89" /><D135/><U100/><E106/><V90/><F69/><W78/><G97/><T92/><D65/><N who="2" m="24586" /><F47/><W13/><G13/><T50/><D57/><U72/><E72/><V43/><F43/><N who="3" m="24671" /><G51/><T17/><D17/><U85/><E68/><V114/><F114/><W32/><G32/><T134/><D38/><N who="2" m="14954" /><F83/><N who="0" m="31754" /><D134/><U105/><E105/><V39/><N who="2" m="14962" /><V8/><DORA hai="6" /><F8/><W129/><G129/><T112/><D112/><U2/><E3/><V95/><F12/><W49/><G49/><T75/><D75/><U107/><E107/><V41/><F41/><AGARI ba="0,0" hai="41,45,50,91,92,96,126,127" m="31754,41523" machi="41" ten="40,2600,0" yaku="14,1,52,1" doraHai="23,89,6" who="0" fromWho="2" sc="280,26,130,0,210,-26,380,0" /><INIT seed="3,0,0,0,3,89" ten="306,130,184,380" oya="3" hai0="91,35,92,37,47,64,109,15,104,8,31,134,83" hai1="13,55,24,2,99,76,94,128,80,73,118,54,127" hai2="131,51,95,110,101,34,126,68,14,29,122,130,18" hai3="90,70,41,63,102,107,3,52,62,58,100,98,115"/><W56/><G115/><T66/><D104/><U11/><E2/><V84/><F68/><W97/><G3/><T103/><D109/><U81/><E127/><V39/><F39/><W129/><G129/><T50/><D134/><U88/><E128/><V49/><F110/><W57/><G90/><T5/><D37/><U75/><E118/><V10/><F126/><W1/><G1/><T25/><D103/><U114/><E114/><V69/><F69/><W60/><G41/><T48/><D83/><U125/><E125/><V28/><F122/><W120/><G70/><T96/><REACH who="0" step="1"/><D48/><REACH who="0" ten="296,130,184,380" step="2"/><U108/><E108/><V45/><F51/><W77/><G120/><T17/><D17/><U43/><E43/><AGARI ba="0,1" hai="5,8,15,25,31,35,43,47,50,64,66,91,92,96" machi="43" ten="30,3900,0" yaku="1,1,7,1,52,1,53,0" doraHai="89" doraHaiUra="72" who="0" fromWho="1" sc="296,49,130,-39,184,0,380,0" /><INIT seed="4,0,0,4,0,72" ten="345,91,184,380" oya="0" hai0="103,131,50,122,74,81,32,120,23,83,57,117,69" hai1="41,71,76,118,127,87,125,130,129,15,18,55,106" hai2="123,70,73,43,33,116,8,0,100,67,113,111,63" hai3="27,29,109,99,77,47,115,56,22,46,13,2,132"/><T124/><D117/><U91/><E71/><V37/><RYUUKYOKU type="yao9" ba="0,0" sc="345,0,91,0,184,0,380,0" hai2="0,8,33,37,43,63,67,70,73,100,111,113,116,123" /><INIT seed="4,1,0,3,2,111" ten="345,91,184,380" oya="0" hai0="51,124,55,104,114,77,53,30,3,5,132,119,21" hai1="95,125,120,118,92,73,36,18,40,109,117,115,9" hai2="113,59,83,12,101,106,31,88,17,94,102,107,27" hai3="24,63,135,127,48,10,130,87,19,49,39,74,84"/><T62/><D119/><U72/><E40/><V42/><F42/><W105/><G74/><T56/><D104/><U37/><E9/><V58/><F83/><W89/><G105/><T26/><D124/><U52/><E125/><V93/><F113/><W29/><G39/><T96/><D132/><U61/><E109/><V71/><F71/><W50/><G130/><T66/><D77/><U2/><E61/><V79/><F79/><W41/><G135/><T70/><D3/><U65/><E65/><V54/><F107/><W81/><G41/><T133/><D5/><U28/><E28/><V6/><F106/><W23/><G63/><T134/><D96/><U131/><E120/><V4/><F94/><N who="3" m="54567" /><G127/><T43/><D114/><U90/><E90/><V116/><F116/><W69/><G69/><T22/><D53/><U60/><E60/><N who="2" m="35927" /><F59/><W91/><G10/><T108/><D108/><U85/><E52/><V110/><F110/><W45/><G45/><T100/><D100/><U128/><E2/><V32/><F32/><W103/><G103/><T8/><D8/><U35/><E35/><V98/><F102/><W75/><G75/><T38/><REACH who="0" step="1"/><D22/><REACH who="0" ten="335,91,184,380" step="2"/><U33/><E33/><V15/><F101/><W47/><G47/><AGARI ba="1,1" hai="21,26,30,38,43,47,51,55,56,62,66,70,133,134" machi="47" ten="40,12000,1" yaku="1,1,2,1,24,2,53,0" doraHai="111" doraHaiUra="97" who="0" fromWho="3" sc="335,133,91,0,184,0,380,-123" /><INIT seed="4,2,0,5,4,72" ten="468,91,184,257" oya="0" hai0="4,82,61,20,77,114,57,125,66,91,121,27,111" hai1="130,98,1,49,124,25,108,64,95,42,109,96,115" hai2="18,113,58,79,56,123,127,28,23,93,31,107,129" hai3="71,44,52,7,69,41,81,17,97,3,34,94,22"/><T43/><D114/><U90/><E130/><V55/><F123/><W48/><G34/><T78/><D125/><U10/><E124/><V68/><F127/><W35/><G35/><T116/><D116/><U99/><E115/><V75/><F107/><W103/><G3/><T73/><D121/><U100/><E64/><V102/><F68/><W86/><G7/><T83/><D111/><U8/><E25/><V37/><F37/><W128/><G128/><T112/><D112/><U106/><E99/><V26/><F129/><W39/><G39/><T118/><D43/><U13/><E1/><V135/><F135/><W92/><G92/><T89/><D4/><U2/><E2/><V50/><F58/><W24/><REACH who="3" step="1"/><G41/><REACH who="3" ten="468,91,184,247" step="2"/><T80/><D118/><U33/><E33/><V74/><F93/><W40/><G40/><T45/><D45/><U132/><E132/><V131/><F131/><W47/><G47/><T32/><D32/><U54/><E42/><V119/><F113/><W88/><AGARI ba="2,1" hai="17,22,24,44,48,52,69,71,81,86,88,94,97,103" machi="88" ten="20,8000,1" yaku="1,1,0,1,7,1,54,2,53,0" doraHai="72" doraHaiUra="110" who="3" fromWho="3" sc="468,-42,91,-22,184,-22,247,96" /><INIT seed="5,0,0,0,0,17" ten="426,69,162,343" oya="1" hai0="22,31,27,21,56,88,127,32,102,25,86,49,115" hai1="29,106,13,45,62,37,105,48,19,98,36,87,55" hai2="33,68,97,108,82,50,113,58,2,40,90,20,28" hai3="5,43,95,47,131,117,126,44,3,71,124,92,52"/><U70/><E29/><V100/><F108/><W85/><G71/><T0/><D0/><U16/><E19/><V1/><F68/><W120/><G120/><T96/><D115/><U72/><E72/><V104/><F33/><W121/><G121/><T134/><D127/><N who="3" m="48681" /><G131/><T64/><D134/><U75/><E75/><V73/><F113/><W128/><G128/><T30/><D32/><U53/><E87/><V125/><F125/><W38/><G117/><T7/><D7/><U94/><E37/><V112/><F90/><W8/><G85/><T99/><D102/><U59/><E36/><V34/><F34/><W76/><G76/><T46/><D56/><U24/><E70/><V79/><F112/><W122/><G122/><T81/><D64/><U91/><REACH who="1" step="1"/><E24/><REACH who="1" ten="426,59,162,343" step="2"/><V116/><F28/><W77/><G77/><T114/><D114/><U35/><E35/><V110/><F79/><W118/><G118/><T84/><D84/><U14/><E14/><V109/><F116/><W101/><G38/><T111/><D111/><U133/><E133/><V80/><F73/><W39/><G39/><T135/><D135/><U57/><E57/><V129/><F129/><W10/><G3/><T67/><D67/><U78/><E78/><V89/><F2/><W15/><G15/><T132/><D132/><U103/><E103/><V6/><F100/><W4/><G101/><T23/><D23/><AGARI ba="0,1" hai="13,16,23,45,48,53,55,59,62,91,94,98,105,106" machi="23" ten="30,12000,1" yaku="1,1,7,1,52,1,54,1,53,1" doraHai="17" doraHaiUra="9" who="1" fromWho="0" sc="426,-120,59,130,162,0,343,0" /><INIT seed="5,1,0,3,3,83" ten="306,189,162,343" oya="1" hai0="79,94,34,8,30,39,70,82,46,91,88,51,66" hai1="89,96,133,128,24,11,85,14,64,131,6,109,69" hai2="76,58,48,49,122,19,68,54,134,26,114,80,95" hai3="132,12,62,120,125,28,36,73,60,37,57,112,135"/><U101/><E133/><N who="3" m="51274" /><G120/><T126/><D39/><U29/><E64/><V104/><F134/><W105/><G112/><T42/><D126/><U22/><E69/><V111/><F111/><W27/><G73/><T55/><D34/><U5/><E5/><V75/><F122/><W38/><G125/><T110/><D30/><U98/><E109/><V1/><F104/><W84/><G105/><T59/><D110/><U113/><E113/><V78/><F114/><W61/><G12/><T25/><D25/><U130/><REACH who="1" step="1"/><E101/><REACH who="1" ten="306,179,162,343" step="2"/><V33/><F68/><W16/><G37/><T13/><D66/><U41/><E41/><V52/><F1/><W44/><G36/><T87/><D70/><U108/><E108/><V15/><F54/><W129/><G38/><T56/><D55/><U21/><E21/><V77/><F49/><W10/><G10/><T107/><D107/><U119/><E119/><V103/><F33/><W53/><G53/><T35/><D35/><U127/><E127/><V74/><F74/><W23/><G23/><T102/><D102/><U117/><E117/><V93/><F103/><W0/><G0/><T47/><D8/><U50/><E50/><V7/><F7/><W81/><G61/><T123/><D51/><U115/><E115/><V63/><F63/><W43/><G60/><T97/><D42/><U18/><E18/><V17/><F17/><W9/><G62/><T99/><D123/><U92/><AGARI ba="1,1" hai="6,11,14,22,24,29,85,89,92,96,98,128,130,131" machi="92" ten="30,11700,0" yaku="1,1,0,1,19,1,52,1,53,0" doraHai="83" doraHaiUra="121" who="1" fromWho="1" sc="306,-40,179,130,162,-40,343,-40" /><INIT seed="5,2,0,0,1,76" ten="266,309,122,303" oya="1" hai0="130,24,4,29,134,133,117,135,16,39,9,40,31" hai1="96,79,3,43,49,103,111,62,0,125,35,70,86" hai2="10,126,20,8,109,114,54,71,91,131,52,98,100" hai3="102,116,18,132,115,128,63,107,51,21,88,124,2"/><U59/><E111/><V81/><F71/><W108/><G2/><T34/><D40/><U104/><E35/><V89/><F109/><W30/><G108/><T27/><D39/><U67/><E125/><V68/><F68/><W95/><G124/><T78/><D78/><U99/><E99/><V83/><F126/><W92/><G107/><T19/><D130/><U13/><E13/><V110/><F110/><W36/><G36/><T65/><D65/><U60/><E79/><V118/><F118/><W101/><G128/><T47/><D47/><U74/><E74/><V119/><F119/><W22/><G115/><T120/><D120/><U82/><E49/><V55/><F131/><W113/><G113/><T37/><D37/><U58/><E43/><V73/><F73/><W122/><G122/><T93/><D93/><U38/><E38/><V64/><F64/><W77/><G95/><T41/><D41/><U57/><REACH who="1" step="1"/><E62/><REACH who="1" ten="266,299,122,303" step="2"/><V97/><F114/><W66/><G77/><T127/><D127/><U45/><E45/><V69/><F98/><N who="3" m="57607" /><G51/><T84/><D117/><U48/><E48/><V85/><F97/><W46/><G46/><T121/><D121/><U75/><E75/><V26/><F100/><W11/><G116/><T15/><D84/><U106/><E106/><V105/><F105/><W33/><G102/><T14/><D14/><U25/><E25/><V23/><F26/><N who="3" m="18647" /><G101/><T123/><D123/><U72/><E72/><V6/><F85/><W7/><G63/><T42/><D42/><U80/><E80/><V44/><F44/><W56/><G7/><T1/><D15/><RYUUKYOKU ba="2,1" sc="266,15,299,15,122,-15,303,-15" hai0="1,4,9,16,19,24,27,29,31,34,133,134,135" hai1="0,3,57,58,59,60,67,70,82,86,96,103,104" /><INIT seed="5,3,1,0,5,41" ten="281,314,107,288" oya="1" hai0="113,72,93,71,26,106,131,97,42,12,34,76,133" hai1="88,10,107,7,57,5,65,102,66,77,29,103,92" hai2="24,43,73,3,121,23,135,39,35,62,14,81,27" hai3="36,130,118,134,18,99,53,119,0,6,116,25,105"/><U2/><E77/><V120/><F135/><W68/><G134/><T32/><D113/><U69/><E7/><V58/><F35/><W125/><G125/><T80/><D131/><U45/><E107/><V84/><F3/><W64/><G130/><T13/><D133/><U79/><E79/><V49/><F39/><W83/><G36/><T40/><D106/><U108/><E108/><V111/><F73/><W20/><G83/><T15/><D71/><U109/><E109/><V100/><F111/><W16/><G18/><T122/><D122/><U129/><E129/><V52/><F100/><N who="3" m="62623" /><G53/><T87/><D72/><U126/><E126/><V104/><F104/><W48/><G48/><T115/><D115/><U127/><E127/><V22/><F121/><W90/><G90/><T4/><D32/><U47/><E69/><V89/><F120/><W44/><G44/><N who="1" m="16970" /><E29/><V132/><F132/><W110/><G110/><T38/><D38/><U21/><E21/><V114/><F114/><W74/><G74/><T28/><REACH who="0" step="1"/><D4/><REACH who="0" ten="271,314,107,288" step="2"/><U59/><E5/><V37/><F37/><W94/><G6/><T9/><D9/><U128/><E10/><V17/><F23/><W56/><G68/><T8/><D8/><U11/><E11/><V54/><REACH who="2" step="1"/><F43/><REACH who="2" ten="271,314,97,288" step="2"/><W101/><G119/><T50/><D50/><U31/><E128/><V51/><F51/><W67/><G118/><T112/><D112/><U85/><E2/><V75/><F75/><W91/><G116/><T19/><D19/><U124/><E124/><V123/><F123/><W55/><G0/><T33/><D33/><U82/><E31/><RYUUKYOKU ba="3,3" sc="271,15,314,-15,97,15,288,-15" hai0="12,13,15,26,28,34,40,42,76,80,87,93,97" hai2="14,17,22,24,27,49,52,54,58,62,81,84,89" /><INIT seed="6,4,3,3,4,31" ten="286,299,112,273" oya="2" hai0="28,100,134,133,79,61,123,90,27,41,19,48,25" hai1="6,113,58,114,108,94,117,4,26,130,104,17,110" hai2="59,39,64,68,22,24,7,54,86,109,80,15,96" hai3="85,73,9,18,35,107,118,42,14,69,93,70,16"/><V88/><F39/><W67/><G73/><T43/><D123/><U127/><E104/><V122/><F122/><W53/><G118/><T8/><D79/><U131/><E117/><V71/><F109/><N who="1" m="42089" /><E58/><V62/><F96/><W125/><G107/><T128/><D100/><U36/><E94/><V82/><F82/><W29/><G125/><T115/><D115/><N who="1" m="44043" /><E36/><V83/><F83/><W32/><G42/><T119/><D61/><U116/><E127/><V20/><F24/><W72/><G72/><T102/><D102/><U98/><E98/><V89/><F89/><W75/><G75/><T91/><D128/><N who="1" m="49195" /><E116/><V30/><F30/><W105/><G105/><T60/><D60/><U111/><N who="1" m="42097" /><U23/><AGARI ba="4,3" hai="4,6,17,23,26" m="49195,44043,42097" machi="23" ten="50,8000,1" yaku="4,1,15,1,19,1,34,2" doraHai="31" who="1" fromWho="1" sc="286,-24,299,122,112,-44,273,-24" /><INIT seed="7,0,0,4,2,7" ten="262,421,68,249" oya="3" hai0="23,48,120,57,128,88,10,98,127,34,67,42,56" hai1="73,26,74,9,131,91,109,47,50,80,133,37,33" hai2="62,14,40,134,76,110,5,97,18,6,115,81,108" hai3="35,116,106,72,24,46,113,124,69,12,3,111,19"/><W85/><RYUUKYOKU type="yao9" ba="0,0" sc="262,0,421,0,68,0,249,0" hai3="3,12,19,24,35,46,69,72,85,106,111,113,116,124" /><INIT seed="7,1,0,3,1,79" ten="262,421,68,249" oya="3" hai0="93,121,67,104,125,95,128,66,126,99,110,58,8" hai1="48,15,133,77,90,27,25,1,112,53,37,51,114" hai2="130,134,0,102,71,34,96,105,113,89,132,92,11" hai3="60,33,31,120,30,9,75,7,86,14,5,106,101"/><W24/><G120/><T117/><D117/><U85/><E37/><V35/><F71/><W12/><G75/><T78/><D121/><U19/><E1/><V61/><F61/><W65/><G31/><T45/><D110/><U22/><E77/><V124/><F11/><W68/><G86/><T87/><D128/><U42/><E42/><V70/><F70/><W111/><G111/><T52/><D45/><U100/><E100/><V118/><F0/><W80/><G80/><N who="0" m="47511" /><D104/><U20/><E20/><V76/><BYE who="1" /><F35/><UN n1="%E5%BE%AE%E5%B7%AE%E3%81%AE%E4%BD%95%E5%88%87%E3%82%8B%EF%BC%9C%E9%81%8B" /><W26/><G26/><T44/><D44/><U36/><E36/><V109/><F34/><W115/><G115/><N who="1" m="44074" /><E51/><V18/><F18/><W49/><G49/><N who="0" m="30991" /><D8/><U6/><E6/><V81/><F113/><W46/><G46/><T103/><D93/><N who="1" m="54479" /><E133/><V55/><F109/><W135/><G135/><T119/><D119/><U54/><E54/><V73/><F55/><W69/><G69/><T47/><D47/><AGARI ba="1,0" hai="15,19,22,25,27,47,48,53" m="54479,44074" machi="47" ten="30,1000,0" yaku="15,1" doraHai="79" who="1" fromWho="0" sc="262,-13,421,13,68,0,249,0" owari="249,5.0,434,53.0,68,-43.0,249,-15.0" /></mjloggm>