<mjloggm ver="2.3"><GO type="169" lobby="0"/><UN n0="%43%E3%82%A8%E3%83%BC%E3%82%B8%E3%82%A7%E3%83%B3%E3%83%88" n1="%E6%98%8E%E6%97%A5%E3%81%AE%E3%82%86%E3%81%8F%E3%81%88" n2="%73%75%6E%72%69%67%68%74" n3="%E3%81%86%E3%81%95%E3%81%8E%E3%83%95%E3%82%A1%E3%83%B3%E3%82%B7%E3%83%BC" dan="17,17,16,17" rate="2230.03,2231.19,2105.16,2151.97" sx="M,M,M,M"/><TAIKYOKU oya="0"/><INIT seed="0,0,0,1,2,58" ten="250,250,250,250" oya="0" hai0="56,121,5,69,82,107,110,33,126,3,22,99,12" hai1="16,128,80,127,49,14,21,87,120,19,2,100,54" hai2="30,55,39,135,111,9,51,40,97,124,112,76,113" hai3="32,123,77,26,118,63,122,83,108,109,90,84,129"/><T27/><D69/><U41/><E128/><V46/><F111/><N who="3" m="42571" /><G129/><T20/><D110/><U67/><E127/><V48/><F124/><W29/><G118/><T53/><D121/><N who="3" m="46089" /><G63/><T34/><D126/><U70/><E120/><V91/><F76/><AGARI ba="0,0" hai="26,29,32,76,77,83,84,90" m="46089,42571" machi="76" ten="30,2000,0" yaku="14,1,13,1" doraHai="58" who="3" fromWho="2" sc="250,0,250,0,250,-20,250,20" /><INIT seed="1,0,0,0,5,66" ten="250,250,230,270" oya="1" hai0="72,30,135,74,1,77,2,52,108,83,76,63,98" hai1="61,107,34,39,27,26,6,17,12,116,86,9,49" hai2="93,21,120,48,92,10,101,85,118,11,75,16,115" hai3="37,68,105,33,119,111,130,103,23,124,79,24,60"/><U4/><E39/><V47/><F118/><W71/><G37/><T56/><D108/><U69/><E107/><V28/><F75/><W18/><G111/><T45/><D135/><U131/><E116/><V90/><F120/><W46/><G119/><T80/><D30/><U55/><E131/><V129/><F28/><W65/><G130/><T3/><D98/><U20/><E34/><V106/><F106/><W123/><G123/><T42/><REACH who="0" step="1"/><D1/><REACH who="0" ten="240,250,230,270" step="2"/><U40/><E40/><V128/><F129/><W112/><G112/><T7/><D7/><U0/><E4/><V89/><F115/><W96/><G124/><T126/><D126/><U22/><E86/><N who="2" m="52279" /><F128/><W50/><G33/><T102/><D102/><U104/><E104/><V41/><F101/><W100/><G100/><T57/><D57/><U113/><E113/><V32/><F32/><W114/><G114/><T82/><D82/><U117/><E117/><V44/><F47/><W84/><G84/><T25/><D25/><AGARI ba="0,1" hai="10,11,16,21,25,41,44,48,85,90,93" m="52279" machi="25" ten="30,2000,0" yaku="8,1,54,1" doraHai="66" who="2" fromWho="0" sc="240,-20,250,0,230,30,270,0" /><INIT seed="2,0,0,5,0,4" ten="220,250,260,270" oya="2" hai0="110,86,85,58,109,99,7,55,74,105,54,75,82" hai1="33,80,125,10,95,5,50,73,8,48,97,102,1" hai2="120,103,94,128,14,112,51,79,57,34,71,101,25" hai3="127,17,115,3,129,77,26,66,119,78,47,24,13"/><V18/><F71/><W89/><G119/><T59/><D7/><U63/><E33/><V121/><F112/><W53/><G115/><T84/><D82/><U9/><E125/><V11/><F128/><W98/><G3/><T61/><D99/><U93/><E1/><V123/><F79/><W108/><G108/><N who="0" m="41579" /><D105/><U91/><E5/><V39/><F39/><W96/><G129/><T106/><D106/><U113/><E113/><V104/><F104/><W64/><G127/><T135/><D135/><U36/><E36/><V31/><F94/><W23/><G89/><T16/><D16/><U38/><E38/><V0/><REACH who="2" step="1"/><F0/><REACH who="2" ten="220,250,250,270" step="2"/><W111/><G111/><T90/><D90/><U6/><E6/><V132/><F132/><W117/><G78/><T20/><D20/><U134/><E134/><V32/><F32/><W67/><G77/><T12/><D12/><U114/><E114/><V130/><F130/><W76/><G76/><T118/><D118/><U70/><E80/><V116/><F116/><W87/><G117/><T28/><D28/><U2/><E73/><V42/><F42/><W81/><G13/><T60/><AGARI ba="0,1" hai="54,55,58,59,60,61,74,75,84,85,86" m="41579" machi="60" ten="30,1100,0" yaku="14,1" doraHai="4" who="0" fromWho="0" sc="220,21,250,-3,250,-5,270,-3" /><INIT seed="3,0,0,5,2,24" ten="241,247,245,267" oya="3" hai0="115,87,80,32,129,48,23,114,61,11,118,33,90" hai1="72,105,109,135,60,128,52,63,45,0,20,55,117" hai2="121,107,2,49,17,130,43,127,99,85,44,59,39" hai3="132,62,101,21,93,8,112,41,134,88,86,13,74"/><W70/><G74/><T4/><D118/><U5/><E105/><V106/><F2/><W71/><G112/><N who="0" m="43051" /><D129/><U27/><E128/><V38/><F130/><W28/><G41/><T84/><D48/><U46/><E117/><V111/><F111/><W98/><G62/><N who="1" m="23594" /><E72/><V66/><F66/><W81/><G21/><T82/><D23/><U37/><E37/><V104/><F59/><W35/><G35/><T69/><D69/><U102/><E0/><V125/><F99/><W126/><G126/><N who="2" m="48137" /><F121/><W77/><G28/><T1/><D61/><U25/><E109/><V122/><F122/><W124/><G124/><T7/><D4/><U97/><E5/><V14/><F85/><W54/><G54/><N who="1" m="20522" /><E135/><N who="3" m="51754" /><G101/><T36/><D36/><U9/><E9/><AGARI ba="0,0" hai="9,14,17,38,39,43,44,49,104,106,107" m="48137" machi="9" ten="40,1300,0" yaku="18,1" doraHai="24" who="2" fromWho="1" sc="241,0,247,-13,245,13,267,0" /><INIT seed="4,0,0,4,5,0" ten="241,234,258,267" oya="0" hai0="106,88,58,40,63,44,97,131,84,108,65,127,91" hai1="125,68,74,4,10,86,107,43,41,11,128,55,122" hai2="98,67,6,64,129,87,33,105,72,29,57,17,16" hai3="115,95,82,120,27,71,59,49,135,99,70,46,110"/><T94/><D131/><U121/><E74/><V37/><F72/><W39/><G110/><T116/><D127/><U19/><E107/><V124/><F37/><W52/><G115/><T31/><D108/><U81/><E68/><V38/><F38/><W14/><G135/><T1/><D1/><U5/><E128/><V45/><F129/><W9/><G120/><T76/><D116/><U32/><E32/><V56/><F45/><W26/><G82/><T34/><D106/><U13/><E125/><V54/><F87/><W102/><G71/><T2/><D2/><U47/><E122/><V104/><F54/><W96/><G70/><T90/><D31/><U3/><E121/><V112/><F98/><W103/><G39/><T132/><D34/><U15/><E3/><V18/><F18/><W12/><G46/><T20/><D20/><U8/><E8/><V123/><F123/><W61/><G61/><T85/><D132/><U119/><E19/><V25/><F25/><W78/><G78/><T69/><D69/><U92/><E92/><V60/><F60/><W7/><REACH who="3" step="1"/><G14/><REACH who="3" ten="241,234,258,257" step="2"/><T50/><REACH who="0" step="1"/><D76/><REACH who="0" ten="231,234,258,257" step="2"/><N who="1" m="46375" /><E119/><V79/><F79/><W111/><G111/><T28/><D28/><U89/><E89/><AGARI ba="0,2" hai="40,44,50,58,63,65,84,85,88,89,90,91,94,97" machi="89" ten="40,7700,0" yaku="1,1,8,1,54,1,53,0" doraHai="0" doraHaiUra="109" who="0" fromWho="1" sc="231,97,234,-77,258,0,257,0" /><INIT seed="4,1,0,2,1,73" ten="328,157,258,257" oya="0" hai0="42,0,77,56,59,83,79,117,49,32,126,36,64" hai1="28,111,25,58,3,129,10,31,76,5,14,86,19" hai2="122,112,84,50,67,52,18,116,91,38,65,97,128" hai3="70,27,82,89,78,9,134,26,53,43,93,21,23"/><T130/><D32/><U62/><E111/><V8/><F122/><W22/><G70/><T11/><D117/><U7/><E129/><V113/><F128/><W85/><G134/><T41/><D126/><U131/><E131/><V71/><F38/><W15/><G43/><N who="0" m="16395" /><D0/><U80/><E3/><V125/><F97/><W104/><G104/><T92/><D36/><U63/><E63/><V127/><F116/><W46/><G46/><T135/><D83/><U119/><E119/><V106/><F18/><W20/><N who="3" m="5120" /><DORA hai="72" /><W60/><G60/><N who="0" m="37895" /><D130/><U29/><REACH who="1" step="1"/><E25/><REACH who="1" ten="328,147,258,257" step="2"/><V124/><F125/><W48/><G48/><T107/><D135/><U98/><E98/><V68/><F127/><W118/><G118/><T88/><D107/><U55/><AGARI ba="1,1" hai="5,7,10,14,19,28,29,31,55,58,62,76,80,86" machi="55" ten="30,8000,1" yaku="1,1,0,1,8,1,52,2,53,0" doraHai="73,72" doraHaiUra="34,102" who="1" fromWho="1" sc="328,-41,147,93,258,-21,257,-21" /><INIT seed="5,0,0,5,0,26" ten="287,240,237,236" oya="1" hai0="131,111,23,117,41,24,1,25,86,99,46,81,57" hai1="83,21,77,112,75,54,121,133,126,6,96,52,51" hai2="16,108,17,47,13,128,50,120,84,70,97,3,110" hai3="76,85,79,29,2,43,93,129,109,101,5,106,105"/><U119/><E119/><V42/><F120/><W88/><G109/><T4/><D111/><U56/><E121/><V69/><F3/><W103/><G43/><T127/><D127/><U62/><E126/><V94/><F128/><W65/><G65/><T135/><D135/><U95/><E133/><V35/><F35/><W98/><G129/><T14/><D117/><U37/><E112/><V123/><F123/><W44/><G44/><T20/><D57/><U28/><E6/><V8/><F70/><W125/><G125/><T107/><D1/><U27/><E37/><V122/><F69/><W7/><G29/><T49/><D107/><N who="3" m="40969" /><G7/><T100/><D100/><N who="3" m="38473" /><G5/><T12/><D99/><U22/><E96/><V118/><F118/><W31/><G31/><N who="0" m="17799" /><D4/><U82/><E82/><V34/><F34/><W87/><G2/><T124/><D124/><U0/><E95/><V36/><F36/><W130/><G130/><T10/><D10/><U55/><E0/><V89/><F122/><W67/><G67/><T40/><D40/><U66/><REACH who="1" step="1"/><E21/><REACH who="1" ten="287,230,237,236" step="2"/><V115/><F110/><W80/><G87/><T134/><D131/><U72/><E72/><V32/><F108/><W92/><G92/><T9/><D9/><U102/><E102/><AGARI ba="0,1" hai="76,79,80,85,88,93,98,102" m="38473,40969" machi="102" ten="30,12000,2" yaku="35,5,54,1" doraHai="26" who="3" fromWho="1" sc="287,0,230,-120,237,0,236,130" /><INIT seed="6,0,0,5,5,66" ten="287,110,237,366" oya="2" hai0="105,68,93,128,22,134,88,123,97,50,32,113,49" hai1="73,111,120,78,17,104,42,13,6,25,52,33,81" hai2="133,129,26,124,8,57,101,132,41,63,67,100,20" hai3="69,87,107,31,82,36,70,91,77,60,131,3,61"/><V72/><F72/><W5/><G36/><T54/><D32/><U21/><E120/><V35/><F35/><W1/><G131/><T115/><D134/><N who="2" m="51818" /><F41/><W46/><G31/><T58/><D128/><U23/><E111/><V62/><F129/><W110/><G110/><T108/><D108/><U98/><E33/><V75/><F75/><W0/><G5/><T48/><D123/><U45/><E104/><V119/><F119/><W14/><G107/><T109/><D109/><U126/><E126/><V9/><F62/><W89/><G46/><T79/><D79/><U30/><E98/><V53/><F53/><W39/><G39/><T106/><D22/><U95/><E95/><V18/><F124/><W71/><REACH who="3" step="1"/><G14/><REACH who="3" ten="287,110,237,356" step="2"/><T44/><D106/><U130/><E130/><V34/><F34/><W121/><G121/><T125/><D125/><U27/><E6/><V118/><F118/><W28/><G28/><T11/><D44/><U2/><E2/><V10/><AGARI ba="0,1" hai="8,9,10,18,20,26,57,63,67,100,101" m="51818" machi="10" ten="30,1500,0" yaku="20,1" doraHai="66" who="2" fromWho="2" sc="287,-5,110,-5,237,25,356,-5" /><INIT seed="6,1,0,5,2,80" ten="282,105,262,351" oya="2" hai0="3,5,70,98,40,59,50,38,53,60,9,73,119" hai1="54,23,11,108,129,132,83,135,62,41,61,37,4" hai2="30,6,91,8,92,79,18,106,33,125,78,10,27" hai3="118,90,42,32,7,63,12,120,102,109,0,128,123"/><V104/><F125/><W36/><G109/><T114/><D114/><U34/><E34/><V64/><F64/><W96/><G118/><T134/><D134/><U58/><E23/><V57/><F57/><W15/><G32/><T117/><D73/><U110/><E83/><V121/><F121/><W21/><G128/><T85/><D85/><U46/><E11/><V43/><F43/><W99/><G63/><T39/><D98/><U88/><E88/><V26/><F104/><W35/><G35/><T84/><D84/><U105/><E4/><V116/><F106/><W67/><G67/><N who="0" m="41319" /><D38/><U75/><E75/><V87/><F116/><W100/><G36/><T113/><D113/><U52/><E105/><V115/><F115/><W71/><G90/><T19/><D19/><U82/><E82/><V126/><F126/><W89/><G89/><T69/><D69/><U122/><E122/><V93/><F93/><W56/><G71/><T17/><D17/><U47/><E129/><V29/><F29/><W22/><G99/><T13/><D13/><U124/><E124/><V94/><F94/><W2/><G96/><T86/><D86/><U49/><REACH who="1" step="1"/><E62/><REACH who="1" ten="282,95,262,351" step="2"/><V111/><F6/><W65/><G7/><T25/><D25/><U130/><E130/><V48/><F26/><W133/><G123/><T103/><D103/><U16/><E16/><V1/><F18/><W127/><G120/><T24/><D24/><U112/><E112/><V31/><F27/><W74/><G74/><T55/><D119/><U76/><E76/><V107/><F78/><W77/><G77/><T97/><D117/><RYUUKYOKU ba="1,1" sc="282,-10,95,30,262,-10,351,-10" hai1="37,41,46,47,49,52,54,58,61,108,110,132,135" /><INIT seed="7,2,1,3,3,95" ten="272,125,252,341" oya="3" hai0="103,128,56,42,13,62,93,64,19,8,52,101,57" hai1="23,63,28,58,26,29,134,90,72,11,44,89,85" hai2="67,118,132,20,77,104,54,96,50,110,86,27,88" hai3="99,109,91,51,122,7,129,12,116,22,70,119,130"/><W100/><G122/><T71/><D128/><N who="3" m="49257" /><G109/><T33/><D33/><U126/><E126/><V17/><F110/><W69/><G91/><T65/><D42/><U14/><E134/><V113/><F118/><N who="3" m="45099" /><G51/><T81/><D81/><U78/><E72/><V98/><F113/><W75/><G75/><T47/><D47/><U38/><E29/><V92/><F104/><N who="3" m="63519" /><G22/><T131/><D131/><U112/><E112/><V24/><F132/><W117/><G117/><T40/><D40/><U114/><E114/><V87/><F67/><W125/><G125/><T6/><D65/><U60/><E44/><N who="2" m="27975" /><F27/><W1/><G1/><T106/><D106/><U123/><E38/><V121/><F121/><W61/><G61/><T34/><D34/><U3/><E3/><V135/><F135/><W124/><G124/><T0/><D71/><U41/><E41/><V39/><F39/><W76/><G76/><T84/><D84/><U53/><E123/><V5/><F5/><W97/><G97/><T80/><D80/><AGARI ba="2,1" hai="17,20,24,77,80,86,87,88,92,96,98" m="27975" machi="80" ten="30,7700,0" yaku="8,1,52,2,54,1" doraHai="95" who="2" fromWho="0" sc="272,-83,125,0,252,93,341,0" owari="189,-21.0,125,-37.0,345,44.0,341,14.0" /></mjloggm>