<mjloggm ver="2.3"><GO type="225" lobby="0"/><UN n0="%E5%B2%B8%E6%98%8E%E6%97%A5%E9%A6%99" n1="%E5%8D%A0%E3%81%84%E5%B8%AB%E8%A3%8F%E3%81%AA%E3%81%84%E3%81%97" n2="%E7%99%BD%E8%9B%87%E3%81%AE%E3%83%8A%E3%83%BC%E3%82%AC" n3="%6B%65%6E%6E%64%69" dan="16,16,16,16" rate="2128.75,2189.93,2096.94,2150.07" sx="M,M,M,M"/><TAIKYOKU oya="0"/><INIT seed="0,0,0,5,3,89" ten="250,250,250,250" oya="0" hai0="40,88,12,61,53,14,45,43,125,51,9,87,2" hai1="76,6,73,105,47,116,28,119,130,121,1,91,84" hai2="23,24,77,90,92,66,82,110,118,49,29,41,62" hai3="114,133,55,81,22,100,106,46,63,129,59,64,10"/><T104/><D125/><U27/><E121/><V124/><F124/><W99/><G114/><T18/><D104/><U109/><E109/><V85/><F110/><W20/><G129/><T67/><D2/><U19/><E130/><V26/><F118/><W69/><G133/><T111/><D12/><U4/><E105/><V21/><F49/><W112/><G112/><T25/><D25/><U0/><E19/><V117/><F117/><W86/><G46/><T102/><D102/><U79/><E47/><V36/><F36/><W37/><G10/><T83/><D111/><U122/><E122/><V48/><F48/><W11/><G11/><T103/><D103/><U50/><E50/><V108/><F41/><W68/><G37/><T72/><D72/><U38/><E38/><V33/><F108/><W123/><G123/><T30/><D30/><U17/><E17/><V70/><REACH who="2" step="1"/><F26/><REACH who="2" ten="250,250,240,250" step="2"/><W39/><G39/><T134/><D134/><U32/><E27/><V71/><F71/><AGARI ba="0,1" hai="9,14,18,40,43,45,51,53,61,67,71,83,87,88" machi="71" ten="30,11600,0" yaku="7,1,25,2,54,1" doraHai="89" who="0" fromWho="2" sc="250,126,250,0,240,-116,250,0" /><INIT seed="0,1,0,5,4,18" ten="376,250,124,250" oya="0" hai0="108,116,37,85,71,86,60,46,117,113,78,130,50" hai1="67,38,44,90,5,16,69,9,26,119,57,129,124" hai2="105,121,106,101,74,51,83,98,93,47,41,53,63" hai3="70,43,11,72,34,135,42,13,33,2,64,66,114"/><T76/><D113/><U133/><E119/><V73/><F121/><W61/><G114/><T120/><D120/><U112/><E112/><V39/><F63/><W94/><G72/><T92/><D37/><U107/><E69/><V56/><REACH who="2" step="1"/><F74/><REACH who="2" ten="376,250,114,250" step="2"/><W122/><G61/><T79/><D108/><U125/><E125/><V25/><F25/><W96/><G122/><T7/><D60/><U126/><E26/><V115/><F115/><W87/><G70/><T100/><D71/><U110/><E126/><V4/><F4/><W29/><G66/><T12/><D7/><U99/><E5/><V59/><F59/><W31/><G64/><T65/><D65/><U134/><E57/><V6/><F6/><W14/><G13/><T23/><D12/><U24/><E67/><V128/><F128/><W28/><G14/><T54/><D130/><U30/><E129/><V82/><F82/><W1/><G1/><T109/><D117/><U32/><E110/><V84/><F84/><W131/><G87/><T22/><D116/><U62/><E124/><V0/><F0/><W35/><G131/><T36/><D109/><U118/><E62/><V80/><F80/><W10/><G2/><T17/><D85/><U75/><E75/><V19/><F19/><W97/><G31/><T55/><D17/><U3/><E16/><V123/><F123/><W52/><G29/><T81/><D81/><U15/><E30/><V48/><F48/><W68/><G28/><T102/><D36/><U27/><E38/><V132/><F132/><W91/><G68/><T127/><D127/><U111/><E118/><RYUUKYOKU ba="1,1" sc="376,-10,250,-10,114,30,250,-10" hai2="39,41,47,51,53,56,73,83,93,98,101,105,106" /><INIT seed="1,2,1,4,2,20" ten="366,240,144,240" oya="1" hai0="13,88,55,127,129,120,32,132,46,92,98,2,79" hai1="109,43,97,101,113,0,135,28,54,70,114,107,21" hai2="29,34,72,131,38,87,61,110,44,49,71,52,75" hai3="12,1,124,64,63,35,68,62,121,69,47,99,4"/><U78/><E135/><V42/><F131/><W24/><G121/><T125/><D2/><U116/><E116/><V122/><F122/><W108/><G108/><T103/><D120/><U95/><E109/><V40/><F110/><W37/><G124/><N who="0" m="47691" /><D132/><U89/><E0/><V66/><F42/><N who="3" m="22991" /><G12/><T45/><D129/><U130/><E130/><V26/><F87/><W94/><G94/><N who="0" m="58839" /><D32/><U11/><E70/><V82/><REACH who="2" step="1"/><F82/><REACH who="2" ten="366,240,134,240" step="2"/><W111/><G111/><T27/><D79/><U90/><E78/><V106/><F106/><W118/><G118/><T60/><D92/><U104/><E43/><V48/><F48/><W134/><G134/><T9/><D60/><U91/><E104/><V15/><F15/><W100/><G62/><T102/><D13/><U39/><E107/><V73/><F73/><W31/><G63/><T58/><D46/><AGARI ba="2,2" hai="26,29,34,38,40,44,46,49,52,61,66,71,72,75" machi="46" ten="30,7700,0" yaku="1,1,7,1,52,1,54,1,53,0" doraHai="20" doraHaiUra="17" who="2" fromWho="0" sc="366,-83,240,0,134,103,240,0" /><INIT seed="2,0,0,1,4,63" ten="283,240,237,240" oya="2" hai0="61,135,128,132,52,14,21,55,103,50,23,53,6" hai1="75,20,22,68,96,95,18,85,94,45,35,65,74" hai2="97,66,82,28,127,123,31,48,51,56,25,30,26" hai3="15,58,92,62,64,106,13,89,9,49,33,120,3"/><V87/><F123/><W24/><G106/><T109/><D109/><U100/><E35/><V44/><F97/><W32/><G120/><T77/><D128/><U90/><E22/><N who="0" m="8201" /><D103/><U1/><E1/><V72/><F72/><W69/><G3/><T79/><D50/><U104/><E45/><V118/><F118/><W119/><G119/><T115/><D115/><U54/><E54/><V70/><F70/><W67/><G24/><N who="2" m="9321" /><F127/><W19/><G15/><T105/><D105/><U107/><E107/><V39/><F39/><W88/><G89/><T98/><D98/><U93/><E104/><V83/><F44/><W80/><G80/><N who="2" m="30761" /><F87/><W129/><G129/><T41/><D41/><U4/><E4/><V60/><AGARI ba="0,0" hai="28,30,31,48,51,56,60,66" m="30761,9321" machi="60" ten="40,3900,0" yaku="8,1,52,1" doraHai="63" who="2" fromWho="2" sc="283,-13,240,-13,237,39,240,-13" /><INIT seed="2,1,0,2,1,101" ten="270,227,276,227" oya="2" hai0="33,85,26,77,5,96,86,30,27,29,119,74,38" hai1="131,125,103,16,127,56,50,124,122,17,82,129,0" hai2="110,120,117,14,46,64,70,11,135,69,81,109,2" hai3="51,22,15,40,31,92,57,132,34,4,113,90,43"/><V36/><F120/><W28/><G132/><T48/><D38/><U32/><E122/><V134/><F117/><W71/><G71/><N who="2" m="27145" /><F64/><W1/><G1/><T12/><D119/><U83/><E32/><V99/><F99/><W55/><G34/><T115/><D115/><U126/><N who="1" m="31744" /><DORA hai="75" /><U45/><E0/><V88/><F14/><W68/><G68/><T107/><D74/><U6/><E6/><N who="2" m="1495" /><F88/><W121/><G113/><T84/><D48/><U93/><E56/><V61/><F61/><W104/><G121/><T116/><D116/><U106/><E93/><V20/><F20/><W53/><G53/><T65/><D65/><U128/><E83/><V52/><F81/><W39/><G104/><T76/><D12/><U41/><E82/><V3/><F3/><W44/><G40/><T62/><D62/><U108/><E108/><N who="2" m="41579" /><F52/><W130/><G4/><T118/><D118/><U63/><E63/><V73/><F73/><W19/><REACH who="3" step="1"/><G130/><REACH who="3" ten="270,227,276,217" step="2"/><T89/><D5/><U102/><E106/><V91/><F91/><W10/><G10/><T49/><D89/><U7/><E7/><V60/><F60/><W9/><G9/><T111/><D111/><U37/><E50/><V100/><F100/><AGARI ba="1,1" hai="16,17,37,41,45,100,102,103,128,129,131" m="31744" machi="100" ten="80,8000,1" yaku="19,1,18,1,54,1" doraHai="101,75" who="1" fromWho="2" sc="270,0,227,93,276,-83,217,0" /><INIT seed="3,0,0,5,0,92" ten="270,320,193,217" oya="3" hai0="135,102,118,59,12,104,36,85,5,41,14,97,119" hai1="114,113,19,130,115,31,46,74,27,9,8,128,103" hai2="99,49,64,93,84,32,17,75,50,1,81,30,134" hai3="83,98,37,43,132,112,80,82,106,60,42,95,73"/><W87/><G112/><T127/><D127/><U121/><E121/><V131/><F75/><W47/><G132/><T34/><D135/><U3/><E74/><V108/><F134/><W45/><G73/><T123/><D123/><U26/><E103/><N who="2" m="60911" /><F1/><W71/><G106/><T28/><D59/><U23/><E46/><V39/><F39/><W133/><G133/><T25/><D85/><U100/><E100/><V79/><F32/><W56/><G71/><T77/><D77/><U38/><E38/><V16/><F30/><W86/><G45/><T0/><D12/><U22/><E3/><V105/><F105/><W7/><G7/><T40/><D14/><U58/><E58/><V76/><F131/><AGARI ba="0,0" hai="8,9,19,22,23,26,27,31,113,114,115,128,130,131" machi="131" ten="50,8000,1" yaku="19,1,34,3" doraHai="92" who="1" fromWho="2" sc="270,0,320,80,193,-80,217,0" owari="270,7.0,400,50.0,113,-39.0,217,-18.0" /></mjloggm>