<mjloggm ver="2.3"><GO type="169" lobby="0"/><UN n0="%E3%81%95%E3%82%93%E3%81%A9%E3%81%BF%E3%82%93" n1="%E3%81%8B%E3%81%A5%E3%81%8D%EF%BC%B8%EF%BC%A9" n2="%E3%81%99%E3%81%B1%E3%81%B5%E3%81%87%E3%81%AB%E3%81%9F%E3%82%93" n3="%E5%8A%87%E5%9B%A3%E3%82%AA%E3%82%AE%E3%83%A3%E3%83%AA%E3%82%BA%E3%83%A0" dan="16,16,16,16" rate="2081.04,2115.13,2010.45,2087.60" sx="M,M,F,F"/><TAIKYOKU oya="0"/><INIT seed="0,0,0,2,5,120" ten="250,250,250,250" oya="0" hai0="92,5,124,113,104,85,30,71,51,125,9,27,81" hai1="79,87,65,22,18,58,119,75,59,93,105,74,132" hai2="67,94,78,14,131,68,36,33,63,45,23,20,121" hai3="17,106,126,77,98,19,130,26,122,70,28,57,50"/><T43/><D104/><U110/><E119/><V24/><F121/><W88/><G70/><T112/><D71/><U116/><E116/><V21/><F131/><W39/><G39/><T69/><D69/><U89/><E105/><V129/><F129/><W38/><G38/><T86/><D92/><U56/><E132/><V47/><F78/><W10/><G130/><T0/><D51/><U34/><E34/><V100/><F14/><W40/><G126/><N who="0" m="48747" /><D43/><U73/><E79/><V103/><F94/><N who="3" m="56647" /><G106/><T84/><D81/><U4/><E4/><V66/><F66/><W12/><G40/><T29/><D29/><U2/><E2/><V80/><F80/><W11/><G122/><T134/><D134/><U115/><E115/><V46/><F36/><W62/><G50/><T3/><D0/><U15/><REACH who="1" step="1"/><E65/><REACH who="1" ten="250,240,250,250" step="2"/><V91/><F33/><AGARI ba="0,1" hai="3,5,9,27,30,33,84,85,86,112,113" m="48747" machi="33" ten="30,1500,0" yaku="18,1" doraHai="120" who="0" fromWho="2" sc="250,25,240,0,250,-15,250,0" /><INIT seed="0,1,0,1,5,119" ten="275,240,235,250" oya="0" hai0="68,28,57,116,3,0,96,84,44,112,25,52,73" hai1="8,13,59,14,30,109,23,92,104,22,66,124,48" hai2="4,78,102,106,62,7,61,132,79,39,76,93,33" hai3="6,87,85,108,18,115,128,110,10,35,95,42,17"/><T27/><D68/><U125/><E104/><V99/><F39/><W129/><G42/><T46/><D73/><U12/><E66/><V86/><F132/><W29/><G95/><T55/><D96/><U31/><E92/><V36/><F33/><W58/><G58/><T64/><D64/><U98/><E98/><V49/><F36/><W97/><G97/><T20/><D116/><U117/><E117/><V69/><F49/><W53/><G53/><T122/><D112/><U113/><E113/><V9/><F69/><W71/><G85/><T88/><D55/><N who="1" m="32231" /><E109/><N who="3" m="42090" /><G87/><T81/><D27/><U114/><E114/><V105/><F105/><W120/><G71/><T54/><D54/><U111/><E111/><V91/><F7/><W37/><G37/><T135/><D135/><U127/><E8/><V63/><F106/><W134/><G134/><T16/><D28/><AGARI ba="1,0" hai="12,13,14,22,23,28,30,31,124,125,127" m="32231" machi="28" ten="40,1300,0" yaku="18,1" doraHai="119" who="1" fromWho="0" sc="275,-16,240,16,235,0,250,0" /><INIT seed="1,0,0,4,2,0" ten="259,256,235,250" oya="1" hai0="83,76,12,43,39,73,104,129,21,55,59,41,45" hai1="98,27,112,1,78,107,108,92,84,79,48,14,131" hai2="69,34,97,16,111,77,60,11,103,67,17,6,32" hai3="117,42,51,4,20,54,15,56,9,19,126,40,85"/><U37/><E37/><V86/><F111/><W125/><G117/><T80/><D129/><U50/><E107/><V75/><F86/><W35/><G35/><T53/><D104/><U135/><E131/><V28/><F77/><W63/><G125/><T61/><D43/><U121/><E121/><V65/><F67/><W46/><G126/><T95/><D83/><U44/><E1/><V23/><F75/><W49/><G85/><T7/><D95/><U3/><E3/><V106/><F28/><W33/><G33/><T62/><D21/><U26/><E112/><V100/><F17/><W101/><G101/><T115/><D115/><U36/><E36/><V124/><F100/><W22/><G22/><T114/><D114/><U89/><E108/><V52/><F52/><W38/><REACH who="3" step="1"/><G40/><REACH who="3" ten="259,256,235,240" step="2"/><T109/><D109/><U24/><E84/><V88/><F124/><W96/><G96/><T74/><D74/><U64/><E64/><V122/><F122/><W120/><G120/><T47/><D41/><U13/><E135/><V31/><F34/><W25/><AGARI ba="0,1" hai="4,9,15,19,20,25,38,42,46,49,51,54,56,63" machi="25" ten="20,5200,0" yaku="1,1,0,1,7,1,52,1,53,0" doraHai="0" doraHaiUra="72" who="3" fromWho="3" sc="259,-13,256,-26,235,-13,240,62" /><INIT seed="2,0,0,2,5,118" ten="246,230,222,302" oya="2" hai0="52,35,75,30,86,102,11,72,78,108,114,21,25" hai1="42,104,9,56,64,94,0,135,112,129,90,27,131" hai2="61,121,97,47,46,65,51,77,111,43,40,133,58" hai3="16,79,13,88,68,29,6,49,92,3,89,81,103"/><V93/><F133/><W130/><G68/><T67/><D114/><U80/><E104/><V119/><F119/><W33/><G130/><T54/><D67/><U50/><E80/><V8/><F111/><W18/><G3/><T66/><D66/><U74/><E74/><V132/><F132/><W36/><G36/><T15/><D102/><U126/><E112/><V45/><F77/><W128/><G6/><T34/><D86/><U127/><E27/><V10/><F121/><W69/><G69/><T19/><D108/><U96/><E9/><V105/><F105/><W95/><G33/><T71/><D71/><U113/><E113/><V87/><F87/><N who="3" m="48575" /><G29/><T110/><D110/><U120/><E0/><V116/><F116/><W24/><G49/><T14/><D35/><U59/><E64/><V101/><REACH who="2" step="1"/><F47/><REACH who="2" ten="246,230,212,302" step="2"/><W41/><G128/><T4/><REACH who="0" step="1"/><D78/><REACH who="0" ten="236,230,212,302" step="2"/><U17/><E131/><V57/><F57/><W5/><G95/><T98/><D98/><U28/><E129/><V115/><F115/><W70/><G92/><T62/><D62/><U73/><E56/><V106/><F106/><W100/><G70/><T107/><D107/><U39/><E59/><V31/><F31/><W12/><G100/><T91/><D91/><U134/><E135/><V83/><F83/><W117/><G103/><T22/><D22/><U48/><E134/><V122/><F122/><W125/><G117/><T82/><D82/><U109/><E109/><V7/><F7/><W26/><G89/><T20/><D20/><U38/><E28/><V99/><F99/><W53/><G88/><T2/><D2/><RYUUKYOKU ba="0,2" sc="236,15,230,-15,212,15,302,-15" hai0="4,11,14,15,19,21,25,30,34,52,54,72,75" hai2="8,10,40,43,45,46,51,58,61,65,93,97,101" /><INIT seed="2,1,2,5,4,125" ten="251,215,227,287" oya="2" hai0="128,15,61,39,45,124,100,47,21,29,4,127,73" hai1="87,44,2,104,91,122,34,50,117,133,51,120,18" hai2="109,81,1,96,86,110,71,62,98,63,25,12,55" hai3="82,95,113,32,54,66,107,36,118,105,31,69,17"/><V84/><F1/><W101/><G118/><T41/><D73/><U57/><E34/><V40/><F40/><W49/><G36/><T28/><D100/><U35/><E35/><V10/><F25/><W0/><G0/><T20/><D61/><N who="2" m="23050" /><F71/><W56/><G66/><T6/><D15/><U92/><E104/><V38/><F38/><W114/><G69/><T53/><D39/><U76/><E2/><V74/><F74/><W126/><G126/><T30/><D30/><U52/><E133/><V8/><F55/><W23/><G31/><T108/><D53/><U102/><E117/><V97/><F81/><W88/><G82/><T58/><D58/><U94/><E76/><V68/><F68/><W70/><G32/><T93/><D93/><U106/><E106/><V116/><F116/><W72/><G72/><T27/><D41/><U121/><E102/><V46/><F46/><W111/><G101/><T9/><D27/><U14/><E94/><V135/><F135/><W59/><G59/><T80/><D80/><U11/><REACH who="1" step="1"/><E122/><REACH who="1" ten="251,205,227,287" step="2"/><V33/><F33/><W37/><G105/><T129/><REACH who="0" step="1"/><D9/><REACH who="0" ten="241,205,227,287" step="2"/><U16/><E16/><N who="2" m="8199" /><F10/><W48/><G107/><T115/><D115/><U65/><E65/><V90/><F90/><W60/><G113/><T19/><D19/><U77/><E77/><V24/><F24/><W26/><G114/><T132/><D132/><U83/><E83/><V99/><N who="2" m="24576" /><DORA hai="134" /><V103/><F103/><W22/><G26/><T3/><D3/><U119/><E119/><V85/><F110/><AGARI ba="1,4" hai="4,6,20,21,28,29,45,47,108,110,124,127,128,129" machi="110" ten="25,12000,2" yaku="1,1,22,2,52,4,53,0" doraHai="125,134" doraHaiUra="13,67" who="0" fromWho="2" sc="241,163,205,0,227,-123,287,0" /><INIT seed="3,0,0,2,5,22" ten="404,205,104,287" oya="3" hai0="91,70,59,64,18,36,114,56,85,61,23,87,10" hai1="66,4,129,44,33,38,27,29,108,120,20,88,67" hai2="93,42,125,74,21,19,7,116,37,60,75,50,25" hai3="89,71,15,48,132,95,128,123,11,96,28,52,34"/><W40/><G123/><T78/><D36/><U63/><E108/><V98/><F116/><W133/><G71/><T92/><D114/><U30/><E120/><V47/><F125/><W131/><G40/><T17/><D10/><U115/><E115/><V31/><F7/><W119/><G119/><T57/><D78/><U46/><E4/><V84/><F84/><W118/><G118/><T62/><D17/><U106/><E106/><V135/><F135/><N who="3" m="51787" /><G28/><T97/><REACH who="0" step="1"/><D62/><REACH who="0" ten="394,205,104,287" step="2"/><U3/><E38/><V13/><F37/><W111/><G111/><T14/><AGARI ba="0,1" hai="14,18,23,56,57,59,61,64,70,85,87,91,92,97" machi="14" ten="30,4000,0" yaku="1,1,2,1,0,1,53,0" doraHai="22" doraHaiUra="35" who="0" fromWho="0" sc="394,50,205,-10,104,-10,287,-20" /><INIT seed="4,0,0,1,5,81" ten="444,195,94,267" oya="0" hai0="11,88,101,70,36,50,82,54,9,103,32,29,20" hai1="83,4,93,44,94,63,130,48,111,34,23,80,95" hai2="3,129,65,133,92,24,42,8,43,100,122,109,79" hai3="58,68,107,87,113,15,52,84,45,69,98,27,71"/><T30/><D70/><U5/><E111/><V28/><F109/><W102/><G113/><T76/><D36/><U112/><E34/><V26/><F122/><W134/><G134/><T123/><D32/><U120/><E120/><V22/><F129/><W59/><G27/><N who="0" m="16615" /><D30/><U33/><E33/><V104/><F104/><W124/><G124/><T18/><D76/><U7/><E130/><V66/><F8/><N who="0" m="3146" /><D18/><U77/><E77/><V37/><F3/><W72/><G72/><T127/><D127/><U78/><E78/><V85/><F100/><W131/><G131/><T2/><D2/><U64/><E112/><V97/><F26/><W21/><G15/><T1/><D1/><U61/><E23/><V108/><F133/><W60/><G21/><T75/><D75/><U117/><E117/><V25/><F25/><W16/><G16/><T96/><D96/><U62/><E64/><N who="2" m="24683" /><F37/><W46/><REACH who="3" step="1"/><G59/><REACH who="3" ten="444,195,94,257" step="2"/><N who="0" m="33239" /><D123/><U121/><E121/><V89/><F108/><W35/><G35/><T67/><D67/><U105/><E105/><V119/><F119/><W49/><G49/><T12/><D12/><U56/><E56/><V40/><F79/><W57/><G57/><T41/><D41/><AGARI ba="0,1" hai="4,5,7,41,44,48,61,62,63,80,83,93,94,95" machi="41" ten="50,6400,0" yaku="29,2,8,1" doraHai="81" who="1" fromWho="0" sc="444,-64,195,74,94,0,257,0" /><INIT seed="5,0,0,4,1,2" ten="380,269,94,257" oya="1" hai0="80,45,57,11,73,32,4,83,6,53,47,69,113" hai1="130,116,13,105,26,90,93,134,119,79,97,54,30" hai2="62,17,85,66,22,23,58,78,75,126,124,100,5" hai3="29,12,111,108,103,19,16,8,43,34,76,131,63"/><U117/><E130/><V14/><F75/><W56/><G131/><T7/><D69/><U44/><E134/><V60/><F124/><W21/><G43/><T135/><D32/><U15/><E105/><V87/><F126/><W51/><G51/><T112/><D11/><U35/><REACH who="1" step="1"/><E79/><REACH who="1" ten="380,259,94,257" step="2"/><V33/><F78/><W82/><G76/><N who="0" m="44047" /><D135/><U31/><E31/><V77/><F77/><W109/><G29/><T0/><D0/><U64/><E64/><V125/><F33/><W86/><G34/><T107/><D107/><U24/><E24/><V10/><F125/><W27/><G108/><T25/><D25/><U92/><E92/><V52/><F100/><W114/><G103/><T106/><D106/><U41/><E41/><V49/><F22/><W96/><G111/><T1/><D1/><U39/><E39/><V67/><F67/><W94/><G94/><T133/><D133/><U37/><E37/><V48/><F48/><AGARI ba="0,1" hai="13,15,26,30,35,44,48,54,90,93,97,116,117,119" machi="48" ten="40,2000,0" yaku="1,1,53,0" doraHai="2" doraHaiUra="55" who="1" fromWho="2" sc="380,0,259,30,94,-20,257,0" /><INIT seed="5,1,0,1,2,4" ten="380,289,74,257" oya="1" hai0="18,38,70,113,49,63,108,1,41,86,95,33,109" hai1="85,75,12,60,74,102,57,106,79,132,98,8,115" hai2="94,58,28,43,81,6,119,47,53,19,22,39,91" hai3="25,101,26,99,111,65,36,80,51,13,97,69,40"/><U62/><E115/><V135/><F119/><W50/><G111/><T104/><D104/><U126/><E132/><V122/><F122/><W20/><G36/><T3/><D33/><U134/><E134/><V7/><F135/><W67/><G80/><T127/><D18/><U96/><E96/><V72/><F81/><W128/><G128/><T129/><D38/><U46/><E46/><V64/><F28/><W68/><G13/><T125/><D95/><U23/><E23/><V66/><F64/><W59/><G59/><T114/><D86/><U0/><E0/><V110/><F72/><W100/><REACH who="3" step="1"/><G20/><REACH who="3" ten="380,289,74,247" step="2"/><T45/><D129/><U71/><E71/><V107/><F107/><W32/><G32/><T120/><D1/><U55/><E126/><N who="0" m="48137" /><D3/><U35/><E35/><V29/><F110/><N who="0" m="42602" /><D120/><U117/><E117/><V27/><F29/><W11/><G11/><T56/><D70/><U92/><E74/><V37/><F37/><W21/><G21/><T31/><D31/><U82/><E75/><V118/><F118/><W93/><G93/><T9/><D9/><U130/><E106/><V10/><F10/><W112/><G112/><T76/><D76/><U88/><E130/><V103/><F66/><AGARI ba="1,1" hai="41,45,49,56,63,66,113,114" m="42602,48137" machi="66" ten="30,3900,0" yaku="18,1,34,2" doraHai="4" who="0" fromWho="2" sc="380,52,289,0,74,-42,247,0" /><INIT seed="6,0,0,5,3,33" ten="432,289,32,247" oya="2" hai0="92,90,72,24,41,57,95,20,131,5,53,32,45" hai1="66,59,107,128,39,73,98,109,55,2,99,82,16" hai2="87,47,129,112,122,52,28,6,71,18,65,132,135" hai3="86,133,43,111,44,81,117,26,69,58,84,134,61"/><V23/><F122/><W4/><G111/><T19/><D72/><U80/><E39/><V1/><F28/><W103/><G117/><T106/><D106/><U130/><E73/><V108/><F112/><W123/><G123/><T64/><D5/><U121/><E109/><V30/><F129/><N who="1" m="49769" /><E66/><V13/><F30/><W74/><G69/><T88/><D32/><U22/><E121/><V104/><F104/><W15/><G103/><T105/><D64/><U120/><E120/><V75/><F87/><W76/><G26/><T11/><D11/><U36/><E2/><V3/><F75/><W38/><G15/><T85/><D105/><U31/><E31/><V100/><F100/><W124/><G4/><T93/><D90/><U40/><E40/><V35/><F35/><W102/><G102/><T10/><D10/><U50/><E36/><V101/><F6/><W21/><G21/><T97/><D85/><U119/><E107/><V9/><F9/><W60/><G60/><N who="0" m="35887" /><D131/><U114/><E114/><V25/><F108/><W68/><G68/><T79/><D79/><U127/><E119/><V46/><F101/><W49/><G38/><AGARI ba="0,0" hai="19,20,24,38,41,45,88,92,93,95,97" m="35887" machi="38" ten="30,2000,0" yaku="25,1,54,1" doraHai="33" who="0" fromWho="3" sc="432,20,289,0,32,0,247,-20" /><INIT seed="7,0,0,4,2,95" ten="452,289,32,227" oya="3" hai0="43,133,15,120,66,101,67,126,103,128,85,60,33" hai1="64,11,73,84,72,135,115,38,132,88,100,92,34" hai2="17,122,70,23,61,44,106,65,62,76,51,42,114" hai3="78,105,10,20,54,79,129,96,0,41,49,125,46"/><W48/><G129/><T74/><D43/><U53/><E34/><V29/><F114/><W86/><G125/><T94/><D15/><U134/><E38/><V121/><F76/><W3/><G20/><T13/><D67/><U14/><E64/><V8/><F17/><W47/><G10/><T89/><D74/><U102/><E53/><V18/><F23/><W5/><G5/><T112/><D120/><U22/><E22/><V97/><F18/><W71/><G71/><T69/><D112/><U124/><E124/><V39/><F8/><W59/><G59/><T57/><D57/><U45/><E45/><V99/><F29/><W6/><G6/><T32/><D13/><U40/><E40/><V116/><F106/><W90/><G3/><T63/><D63/><U127/><E127/><V117/><F117/><W111/><G111/><T4/><D4/><U24/><E24/><V130/><F116/><W108/><G0/><T87/><D87/><U9/><E9/><V21/><F21/><W58/><G58/><T91/><D91/><U104/><E115/><V19/><F19/><W25/><G25/><T37/><D37/><U98/><E102/><N who="0" m="38921" /><D126/><U12/><E12/><V50/><F130/><W123/><G108/><T113/><D113/><U80/><E104/><V55/><F61/><W75/><G75/><T131/><D131/><U110/><E110/><V7/><F7/><AGARI ba="0,0" hai="7,11,14,72,73,80,84,88,92,98,100,132,134,135" machi="7" ten="40,5200,0" yaku="20,1,52,1,54,1" doraHai="95" who="1" fromWho="2" sc="452,0,289,52,32,-52,227,0" owari="452,55.0,341,14.0,-20,-52.0,227,-17.0" /></mjloggm>