<mjloggm ver="2.3"><GO type="169" lobby="0"/><UN n0="%E3%83%A9%E3%82%B9%E3%82%8B%E3%81%8B%E3%81%AA" n1="%E9%98%BF%E9%83%A8%E5%AF%9B%EF%BC%A0%E9%B3%B3%E5%8D%93" n2="%E5%B8%B0%E3%82%8A%E3%81%9F%E3%81%84%E3%80%82" n3="%E3%81%8D%E3%82%83%E3%83%BC%E3%82%8D%E3%82%93" dan="16,16,18,16" rate="2190.59,2061.48,2170.39,2109.42" sx="M,M,M,M"/><TAIKYOKU oya="0"/><INIT seed="0,0,0,0,4,78" ten="250,250,250,250" oya="0" hai0="119,109,68,5,60,39,98,95,74,3,53,127,69" hai1="92,33,52,133,124,48,117,126,15,83,120,91,129" hai2="27,132,102,7,4,13,123,54,0,19,73,47,20" hai3="28,44,14,128,108,100,38,118,49,105,6,24,1"/><T113/><D113/><U55/><E117/><V57/><F123/><W99/><G118/><T71/><D119/><U35/><E120/><V90/><F132/><W101/><G108/><T61/><D74/><U11/><E133/><V111/><F111/><W43/><G128/><T107/><D107/><U72/><E129/><V87/><F73/><W96/><G14/><T86/><D39/><U18/><E72/><V30/><F102/><W67/><G67/><T122/><D122/><U21/><E11/><V106/><F47/><W16/><G16/><T131/><D131/><U32/><E83/><V65/><F65/><W23/><G6/><T80/><D127/><N who="1" m="48683" /><E48/><V56/><F56/><W42/><G1/><T104/><D104/><U17/><E18/><V77/><F77/><W37/><REACH who="3" step="1"/><G42/><REACH who="3" ten="250,250,250,240" step="2"/><T70/><D5/><U58/><E58/><V75/><F0/><W115/><G115/><T112/><D3/><U25/><E15/><V94/><F4/><W134/><G134/><T34/><D112/><U40/><E40/><V116/><F7/><W81/><G81/><T12/><D12/><U2/><E2/><V66/><F116/><W93/><AGARI ba="0,1" hai="23,24,28,37,38,43,44,49,93,96,99,100,101,105" machi="93" ten="20,2700,0" yaku="1,1,0,1,7,1,53,0" doraHai="78" doraHaiUra="62" who="3" fromWho="3" sc="250,-13,250,-7,250,-7,240,37" /><INIT seed="1,0,0,1,5,42" ten="237,243,243,277" oya="1" hai0="75,48,44,15,59,47,97,55,33,2,127,105,37" hai1="10,106,131,86,20,121,71,80,67,63,85,120,95" hai2="4,30,31,29,22,14,46,125,61,12,129,81,79" hai3="54,51,117,21,101,66,84,1,96,9,36,64,5"/><U34/><E34/><V19/><F125/><W68/><G117/><T104/><D2/><U103/><E106/><V115/><F129/><W111/><G111/><T82/><D33/><U60/><E131/><V18/><F115/><W113/><G36/><T11/><D127/><U89/><E103/><V74/><F4/><W109/><G109/><T70/><D70/><U77/><E20/><V128/><F128/><W52/><G68/><T27/><D27/><U25/><E25/><V41/><F61/><W17/><G84/><T119/><D119/><U76/><E63/><V16/><REACH who="2" step="1"/><F22/><REACH who="2" ten="237,243,233,277" step="2"/><W126/><G126/><T122/><D122/><U94/><E120/><V23/><F23/><W130/><G113/><T69/><D69/><U8/><E121/><V58/><F58/><W108/><G130/><T6/><D59/><U83/><REACH who="1" step="1"/><E95/><REACH who="1" ten="237,233,233,277" step="2"/><V132/><F132/><W38/><G108/><T49/><D105/><U87/><AGARI ba="0,2" hai="8,10,60,67,71,76,77,80,83,85,86,87,89,94" machi="87" ten="20,12000,1" yaku="1,1,2,1,0,1,7,1,9,1,53,0" doraHai="42" doraHaiUra="45" who="1" fromWho="1" sc="237,-40,233,140,233,-40,277,-40" /><INIT seed="1,1,0,0,0,11" ten="197,373,193,237" oya="1" hai0="78,111,88,117,24,52,18,9,33,131,87,48,107" hai1="56,42,41,91,123,36,17,61,121,81,72,54,132" hai2="30,43,49,108,58,25,120,62,29,55,26,119,80" hai3="76,90,83,128,92,19,21,69,12,129,84,68,39"/><U22/><E132/><V65/><F119/><W74/><REACH who="3" step="1"/><G39/><REACH who="3" ten="197,373,193,227" step="2"/><T20/><D117/><U100/><E123/><V34/><F120/><W16/><G16/><T85/><D111/><U106/><E121/><V130/><F108/><W95/><G95/><T112/><D107/><U124/><E36/><V110/><F110/><W0/><G0/><T93/><D112/><U13/><E124/><V118/><F118/><W101/><G101/><T126/><D126/><U70/><E70/><AGARI ba="1,1" hai="12,19,21,68,69,70,74,76,83,84,90,92,128,129" machi="70" ten="40,5200,0" yaku="21,2,52,1,53,0" doraHai="11" doraHaiUra="47" who="3" fromWho="1" sc="197,0,373,-55,193,0,227,65" /><INIT seed="2,0,0,2,2,30" ten="197,318,193,292" oya="2" hai0="102,128,32,124,68,7,99,22,66,80,6,31,63" hai1="48,127,120,41,44,131,40,93,1,28,85,26,86" hai2="5,129,52,108,79,104,47,39,51,35,101,37,14" hai3="73,135,95,54,3,70,45,92,13,61,57,119,111"/><V88/><F129/><W134/><G119/><T56/><D128/><U2/><E131/><V87/><F108/><W34/><G73/><T114/><D114/><U77/><E127/><V94/><F35/><W105/><G105/><T133/><D133/><N who="3" m="50697" /><G3/><T112/><D112/><U83/><E120/><V125/><F125/><W42/><G70/><T126/><D80/><U106/><E106/><V109/><F109/><W121/><G121/><T75/><D75/><U117/><E117/><V64/><F64/><W123/><G123/><T15/><D56/><U62/><E62/><V33/><F33/><W11/><G34/><T122/><D122/><U96/><E85/><V43/><F79/><W12/><G12/><T27/><D22/><U130/><E41/><V17/><F5/><N who="3" m="3311" /><G111/><T24/><D24/><U113/><E130/><V60/><F104/><W46/><G46/><T18/><D7/><U16/><E113/><V8/><REACH who="2" step="1"/><F101/><REACH who="2" ten="197,318,183,292" step="2"/><W81/><G81/><T97/><D6/><U103/><E103/><V50/><F50/><AGARI ba="0,1" hai="42,45,50,54,57,61,92,95" m="3311,50697" machi="50" ten="30,1000,0" yaku="20,1" doraHai="30" who="3" fromWho="2" sc="197,0,318,0,183,-10,292,20" /><INIT seed="3,0,0,3,2,57" ten="197,318,173,312" oya="3" hai0="95,30,89,93,23,124,42,13,63,116,134,31,105" hai1="62,128,26,53,133,79,48,14,35,40,45,70,8" hai2="94,39,65,76,110,47,66,22,52,103,1,12,92" hai3="33,15,21,108,9,121,111,131,90,38,77,115,17"/><W60/><G38/><T18/><D105/><U32/><E128/><V107/><F110/><N who="3" m="42027" /><G77/><T41/><D116/><U54/><E133/><V96/><F1/><W84/><G121/><T28/><D124/><U75/><E75/><V120/><F120/><W99/><G115/><T81/><D134/><U3/><E3/><V51/><F39/><W2/><G33/><T132/><D81/><U59/><E79/><V44/><F44/><W61/><G99/><T49/><D132/><U91/><E70/><V34/><F34/><W19/><G131/><T114/><D114/><U7/><E26/><V58/><F76/><W11/><G2/><T25/><D95/><U4/><E4/><V117/><F117/><W85/><G85/><T129/><D129/><U73/><E73/><V88/><F107/><W10/><G19/><T113/><D113/><U101/><E101/><V69/><F69/><W102/><G102/><T71/><D25/><U109/><E109/><V126/><F126/><W74/><G74/><T106/><D106/><U135/><E135/><V119/><F119/><W37/><G37/><T118/><D118/><U78/><E78/><V104/><F104/><W86/><G86/><T83/><D71/><U68/><E68/><V16/><F47/><W100/><G100/><T98/><D98/><AGARI ba="0,0" hai="12,16,22,51,52,58,65,66,88,92,94,96,98,103" machi="98" ten="30,8000,1" yaku="7,1,8,1,54,3" doraHai="57" who="2" fromWho="0" sc="197,-80,318,0,173,80,312,0" /><INIT seed="4,0,0,0,2,9" ten="117,318,253,312" oya="0" hai0="75,54,77,129,28,104,36,89,119,73,130,99,34" hai1="106,91,47,41,121,64,132,45,80,90,128,97,57" hai2="61,81,63,4,26,123,100,103,55,62,125,74,107" hai3="51,78,52,29,11,131,17,18,1,5,2,109,21"/><T39/><D119/><U115/><E121/><V53/><F123/><W127/><G78/><T37/><D54/><U65/><E128/><N who="0" m="49257" /><D77/><U60/><E132/><V118/><F125/><W13/><G131/><T110/><D110/><U112/><E106/><V120/><F120/><W44/><G109/><T124/><D124/><U79/><E64/><V19/><F4/><W56/><G127/><T58/><D58/><U101/><E101/><V96/><F103/><W31/><G2/><T6/><D6/><U0/><E0/><V135/><F135/><W102/><G102/><N who="0" m="62559" /><D89/><U72/><E47/><V35/><F55/><W126/><G126/><T42/><D42/><U93/><REACH who="1" step="1"/><E91/><REACH who="1" ten="117,308,253,312" step="2"/><V117/><F118/><W133/><G133/><T113/><D113/><U23/><E23/><V67/><F117/><W98/><G44/><T76/><D76/><U20/><E20/><V83/><F67/><W24/><G98/><T38/><N who="0" m="9216" /><DORA hai="43" /><T82/><D82/><U32/><E32/><V25/><F35/><W94/><G94/><T27/><AGARI ba="0,1" hai="27,28,34,73,75" m="9216,62559,49257" machi="27" ten="60,6000,0" yaku="19,1,23,1" doraHai="9,43" who="0" fromWho="0" sc="117,70,308,-20,253,-20,312,-20" /><INIT seed="4,1,0,3,1,116" ten="187,288,233,292" oya="0" hai0="77,66,34,111,72,78,100,52,43,110,16,80,108" hai1="59,70,1,4,27,87,74,20,97,11,22,112,117" hai2="75,15,130,123,71,50,98,39,126,47,68,118,76" hai3="120,57,114,124,125,103,128,106,135,3,53,62,58"/><T21/><D34/><U13/><E74/><V82/><F118/><W121/><G3/><T83/><D66/><U23/><E70/><V91/><F39/><W64/><G114/><T44/><D100/><U102/><E117/><V42/><F123/><N who="3" m="47179" /><G128/><T131/><D131/><U61/><E87/><V113/><F130/><W132/><G103/><T133/><D133/><N who="3" m="51273" /><G106/><T41/><D52/><U26/><E1/><V94/><F126/><W92/><G92/><T107/><D107/><U48/><E48/><AGARI ba="1,0" hai="48,53,57,58,62,64,124,125" m="51273,47179" machi="48" ten="30,12000,2" yaku="13,1,20,1,34,2,52,3" doraHai="116" who="3" fromWho="1" sc="187,0,288,-123,233,0,292,123" /><INIT seed="5,0,0,0,4,16" ten="187,165,233,415" oya="1" hai0="56,107,10,60,2,119,89,129,81,91,85,126,82" hai1="36,133,96,121,73,9,42,3,72,118,6,87,83" hai2="113,99,95,43,30,100,57,22,28,78,71,108,11" hai3="48,8,98,12,120,32,61,106,45,35,17,40,128"/><U76/><E118/><V80/><F108/><W34/><G128/><T63/><D107/><U21/><E121/><V49/><F71/><W14/><G120/><T111/><D111/><U124/><E124/><V41/><F113/><W46/><G61/><T134/><D119/><U37/><E133/><V70/><F70/><W18/><G46/><T130/><D126/><U135/><E135/><V110/><F110/><W90/><G90/><T44/><D44/><U50/><E37/><V112/><F112/><W66/><G66/><T26/><D134/><U33/><E33/><V62/><F11/><W27/><G98/><T93/><D26/><U13/><E36/><V131/><F49/><W84/><G84/><T7/><D63/><U116/><E116/><V25/><F30/><W103/><G103/><T122/><D122/><U94/><E42/><V86/><REACH who="2" step="1"/><F131/><REACH who="2" ten="187,165,223,415" step="2"/><N who="0" m="50186" /><D91/><U104/><E50/><V88/><F88/><W75/><G48/><T24/><D24/><U54/><E9/><V105/><F105/><W4/><G27/><T101/><D101/><U109/><E104/><V123/><F123/><W114/><G8/><T1/><D1/><U39/><E3/><V31/><F31/><W20/><G106/><T47/><D47/><U19/><E109/><V29/><F29/><W69/><G45/><T55/><AGARI ba="0,1" hai="2,7,10,55,56,60,81,82,85,89,93" m="50186" machi="55" ten="30,1100,0" yaku="19,1" doraHai="16" who="0" fromWho="0" sc="187,21,165,-5,223,-3,415,-3" /><INIT seed="6,0,0,0,3,134" ten="208,160,220,412" oya="2" hai0="117,8,83,15,97,102,42,58,34,59,5,44,90" hai1="53,118,81,133,12,87,120,124,20,2,96,111,131" hai2="85,135,74,122,119,123,76,47,121,49,32,69,29" hai3="48,60,39,37,91,50,72,4,86,11,45,115,109"/><V40/><F74/><W88/><G109/><T27/><D117/><U100/><E111/><V21/><F32/><W129/><G129/><T0/><D0/><U64/><E118/><V9/><F119/><W89/><G60/><T84/><D27/><U28/><E131/><V130/><F130/><W114/><G86/><T63/><D34/><U106/><E133/><V116/><F116/><W101/><G101/><T105/><REACH who="0" step="1"/><D63/><REACH who="0" ten="198,160,220,412" step="2"/><U78/><E2/><V3/><F3/><N who="3" m="415" /><G72/><T52/><D52/><U35/><E120/><V95/><F123/><W110/><G110/><T51/><AGARI ba="0,1" hai="5,8,15,42,44,51,58,59,83,84,90,97,102,105" machi="51" ten="20,2700,0" yaku="1,1,0,1,7,1,53,0" doraHai="134" doraHaiUra="61" who="0" fromWho="0" sc="198,37,160,-7,220,-13,412,-7" /><INIT seed="7,0,0,0,3,3" ten="235,153,207,405" oya="3" hai0="131,126,31,54,59,68,120,81,60,80,14,95,128" hai1="35,112,12,13,57,67,36,118,78,106,135,96,85" hai2="98,43,9,72,6,70,119,130,101,74,21,11,77" hai3="107,91,79,82,24,89,45,73,100,50,115,132,66"/><W2/><G2/><T41/><D120/><U113/><E36/><V0/><F119/><W108/><G66/><T37/><D31/><U58/><E118/><V64/><F130/><N who="0" m="49706" /><D68/><U121/><E121/><V122/><F122/><W134/><G24/><T42/><D126/><U17/><E35/><V63/><F11/><W133/><G115/><T39/><D95/><U56/><E135/><V61/><F61/><W15/><G108/><T114/><D14/><U94/><E67/><V75/><F21/><W20/><G100/><T86/><D81/><U97/><E106/><N who="2" m="63799" /><F43/><N who="0" m="16394" /><D114/><U46/><E112/><V52/><F52/><N who="3" m="29775" /><G107/><T111/><D111/><U27/><E113/><V90/><F90/><AGARI ba="0,0" hai="37,39,54,59,60,80,86,90" m="16394,49706" machi="90" ten="30,1000,0" yaku="19,1" doraHai="3" who="0" fromWho="2" sc="235,10,153,0,207,-10,405,0" owari="245,5.0,153,-35.0,197,-20.0,405,50.0" /></mjloggm>