<mjloggm ver="2.3"><GO type="169" lobby="0"/><UN n0="%6B%6F%74%61%6B%6F%74%61" n1="%79%6F%75%61%6C%70%68%61" n2="%E3%83%A4%E3%83%8A%E3%83%AA%E3%83%B3%E3%82%B9%E3%82%AD%E3%83%BC" n3="%E3%83%9E%E3%83%AB%E3%83%9E%E3%83%AB%E3%81%A1%E3%82%83%E3%82%93" dan="16,17,17,16" rate="2097.41,2165.93,2123.27,2110.21" sx="M,M,M,M"/><TAIKYOKU oya="0"/><INIT seed="0,0,0,4,2,96" ten="250,250,250,250" oya="0" hai0="24,115,5,103,47,61,41,35,73,90,93,40,43" hai1="113,119,64,50,82,99,26,128,54,117,77,109,55" hai2="133,27,86,112,78,8,51,108,17,67,1,106,104" hai3="94,29,23,87,9,116,32,28,38,52,75,3,98"/><T131/><D115/><U111/><E26/><V68/><F112/><W14/><G75/><T79/><D131/><U22/><E113/><V130/><F68/><W48/><G38/><T6/><D47/><U60/><E22/><V76/><F67/><W134/><G134/><T81/><D61/><U59/><E99/><V107/><F108/><N who="1" m="41545" /><E82/><V80/><F133/><W88/><G116/><N who="1" m="44618" /><E77/><V91/><F130/><W74/><G74/><T10/><D10/><U34/><E34/><V42/><F27/><W0/><G32/><T120/><D120/><U89/><E89/><V114/><F114/><W105/><G0/><T30/><REACH who="0" step="1"/><D103/><REACH who="0" ten="240,250,250,250" step="2"/><U25/><E128/><V36/><F8/><W62/><G9/><T31/><D31/><U126/><E126/><V2/><F2/><W100/><G3/><T12/><D12/><U110/><E110/><V53/><F1/><W124/><G62/><T20/><D20/><U135/><E135/><V63/><F63/><W45/><REACH who="3" step="1"/><G124/><REACH who="3" ten="240,250,250,240" step="2"/><T101/><D101/><U129/><E129/><V132/><F132/><W49/><G49/><T7/><D7/><U121/><E121/><V16/><F51/><W44/><G44/><T122/><D122/><U56/><E25/><V19/><F36/><W11/><G11/><T92/><D92/><U33/><E33/><V37/><F37/><W125/><G125/><T57/><D57/><U21/><E21/><V46/><F46/><W97/><G97/><AGARI ba="0,2" hai="5,6,24,30,35,40,41,43,73,79,81,90,93,97" machi="97" ten="40,2000,0" yaku="1,1,53,0" doraHai="96" doraHaiUra="71" who="0" fromWho="3" sc="240,40,250,0,250,0,240,-20" /><INIT seed="0,1,0,0,1,129" ten="280,250,250,220" oya="0" hai0="18,79,103,9,118,53,73,84,94,110,95,29,36" hai1="97,122,11,64,0,72,114,71,127,128,130,41,13" hai2="26,38,31,21,92,77,56,76,49,57,63,51,48" hai3="106,70,43,62,19,23,20,109,60,135,87,17,98"/><T6/><D118/><U7/><E72/><V91/><F38/><W133/><G43/><T85/><D29/><U8/><E41/><V1/><F1/><W120/><G87/><T78/><D36/><U100/><E122/><V99/><REACH who="2" step="1"/><F57/><REACH who="2" ten="280,250,240,220" step="2"/><W44/><G120/><T108/><D108/><U4/><E128/><V46/><F46/><W52/><G109/><T24/><D110/><U50/><E130/><V3/><F3/><W66/><G44/><T104/><D79/><U47/><E47/><V12/><F12/><W61/><G70/><T42/><D78/><U83/><E71/><V74/><F74/><W82/><G66/><AGARI ba="1,1" hai="21,26,31,48,49,51,56,63,66,76,77,91,92,99" machi="66" ten="40,2600,0" yaku="1,1,8,1,53,0" doraHai="129" doraHaiUra="68" who="2" fromWho="3" sc="280,0,250,0,240,39,220,-29" /><INIT seed="1,0,0,2,0,5" ten="280,250,279,191" oya="1" hai0="86,68,110,31,26,111,27,83,4,129,82,21,42" hai1="90,121,126,122,102,59,133,92,60,135,70,131,24" hai2="103,18,10,28,107,112,120,13,47,39,6,37,117" hai3="116,73,88,23,46,100,118,66,35,19,29,36,55"/><U44/><E24/><V34/><F117/><N who="3" m="45163" /><G73/><T128/><D68/><U76/><E70/><V114/><F120/><W84/><G100/><T49/><D42/><U43/><E102/><V89/><F28/><W106/><G66/><T3/><D49/><U75/><E76/><V38/><F34/><W15/><G106/><T108/><D83/><U72/><E72/><V58/><F89/><W2/><G2/><T79/><REACH who="0" step="1"/><D27/><REACH who="0" ten="270,250,279,191" step="2"/><U40/><E75/><V51/><F39/><W41/><G55/><T1/><D1/><U97/><E122/><V91/><F38/><W33/><G29/><T69/><D69/><U50/><E121/><V45/><F37/><W124/><G124/><T93/><D93/><AGARI ba="0,1" hai="15,19,23,33,35,36,41,46,84,88,93" m="45163" machi="93" ten="30,2000,0" yaku="12,1,54,1" doraHai="5" who="3" fromWho="0" sc="270,-20,250,0,279,0,191,30" /><INIT seed="2,0,0,4,5,97" ten="250,250,279,221" oya="2" hai0="55,120,11,111,61,103,82,42,129,31,40,72,34" hai1="39,102,96,71,74,93,67,60,76,86,9,85,37" hai2="88,35,38,52,36,107,77,54,81,18,80,27,5" hai3="63,123,25,6,56,125,51,0,116,45,131,15,3"/><V66/><F107/><W135/><G116/><T21/><D120/><U24/><E74/><V133/><F5/><W14/><G123/><T49/><D34/><U44/><E76/><V101/><F66/><W69/><G69/><T126/><D111/><U48/><E9/><V47/><F133/><W110/><G110/><T50/><D129/><U20/><E39/><V113/><F113/><W23/><G131/><T32/><D32/><U64/><E64/><V7/><F7/><W28/><G125/><T108/><D126/><U98/><E98/><V121/><F101/><W13/><G135/><T29/><D61/><U62/><E37/><V16/><F121/><W1/><G6/><T122/><D21/><U4/><E62/><V33/><F77/><W57/><REACH who="3" step="1"/><G63/><REACH who="3" ten="250,250,279,211" step="2"/><T104/><D108/><U130/><E4/><V30/><F35/><W87/><G87/><T94/><D72/><U92/><E130/><V132/><F132/><W75/><G75/><T53/><D122/><U112/><E112/><V41/><F36/><W127/><G127/><T105/><D42/><AGARI ba="0,1" hai="0,1,3,13,14,15,23,25,28,42,45,51,56,57" machi="42" ten="50,1600,0" yaku="1,1,53,0" doraHai="97" doraHaiUra="99" who="3" fromWho="0" sc="250,-16,250,0,279,0,211,26" /><INIT seed="3,0,0,3,3,61" ten="234,250,279,237" oya="3" hai0="37,98,96,94,50,12,51,60,92,75,6,99,125" hai1="8,31,121,9,93,1,15,117,112,55,122,3,90" hai2="57,114,64,46,91,113,39,88,126,65,68,5,13" hai3="123,84,25,77,40,135,89,107,103,80,53,74,106"/><W78/><G40/><T22/><D75/><U102/><E112/><V58/><F68/><W116/><G116/><T33/><D33/><U110/><E110/><V134/><F5/><W119/><G119/><T30/><D37/><U63/><E117/><V45/><F13/><W120/><G53/><T16/><D125/><U29/><E102/><V72/><F72/><W20/><G135/><T87/><D30/><U131/><E131/><V86/><F86/><W27/><G27/><T124/><D124/><U41/><E41/><V48/><F126/><W95/><G77/><T19/><D6/><U11/><E15/><V100/><F100/><W71/><G71/><T79/><D60/><U38/><E38/><V133/><F39/><W26/><G26/><N who="0" m="14663" /><D79/><U69/><E29/><V104/><REACH who="2" step="1"/><F48/><REACH who="2" ten="234,250,269,237" step="2"/><N who="0" m="18474" /><D87/><U36/><E36/><V128/><F128/><W62/><G107/><AGARI ba="0,1" hai="45,46,57,58,64,65,88,91,104,107,113,114,133,134" machi="107" ten="25,16000,3" yaku="1,1,22,2,52,2,54,1,53,2" doraHai="61" doraHaiUra="54" who="2" fromWho="3" sc="234,0,250,0,269,170,237,-160" /><INIT seed="4,0,0,5,4,101" ten="234,250,439,77" oya="0" hai0="39,105,81,41,35,22,11,90,2,70,16,110,37" hai1="62,120,42,92,116,114,134,29,17,26,38,100,109" hai2="135,23,108,79,68,127,33,75,34,106,112,13,91" hai3="52,99,15,67,113,103,60,19,73,84,126,45,94"/><T125/><D70/><U130/><E109/><V27/><F108/><W87/><G113/><T78/><D35/><U40/><E116/><V57/><F57/><W18/><G126/><T54/><D125/><U8/><E120/><V104/><F91/><W7/><G73/><T50/><D105/><N who="2" m="40554" /><F13/><W115/><G115/><T132/><D132/><U95/><E130/><V3/><F23/><W9/><G19/><T59/><D90/><U30/><E17/><V117/><F112/><W123/><G123/><T107/><D107/><U28/><E8/><V0/><F127/><W85/><G18/><T20/><D110/><U58/><E28/><N who="2" m="19615" /><F135/><W96/><G96/><T12/><D22/><U36/><E29/><V118/><F34/><W71/><REACH who="3" step="1"/><G45/><REACH who="3" ten="234,250,439,67" step="2"/><T43/><D16/><U61/><E114/><V129/><F129/><W49/><G49/><T48/><D48/><U97/><E134/><V93/><F118/><W55/><AGARI ba="0,1" hai="7,9,15,52,55,60,67,71,84,85,87,94,99,103" machi="55" ten="30,4000,0" yaku="1,1,0,1,54,1,53,0" doraHai="101" doraHaiUra="77" who="3" fromWho="3" sc="234,-20,250,-10,439,-10,67,50" /><INIT seed="5,0,0,3,5,107" ten="214,240,429,117" oya="1" hai0="109,121,0,101,25,126,33,66,35,42,32,73,125" hai1="80,94,63,27,18,49,71,82,91,50,98,31,38" hai2="133,40,96,110,115,20,17,84,72,39,132,54,9" hai3="103,22,93,113,16,87,68,62,36,19,106,111,34"/><U102/><E38/><V24/><F72/><W23/><G111/><T21/><D66/><U57/><E71/><V118/><F110/><W69/><G34/><T15/><D42/><U79/><E18/><V108/><F108/><W123/><G123/><T89/><D89/><U117/><E117/><V51/><F118/><W127/><G36/><T88/><D88/><U95/><E31/><V45/><F84/><W65/><G113/><T100/><D100/><U13/><E13/><V12/><F96/><W70/><G106/><T52/><D52/><N who="1" m="34215" /><E27/><V10/><F115/><W11/><G11/><T131/><D0/><U78/><E80/><V104/><F104/><W130/><G130/><T41/><D131/><U4/><E4/><V112/><F112/><W29/><G127/><T135/><D15/><U97/><E82/><V37/><F10/><W48/><G48/><AGARI ba="0,0" hai="48,49,50,78,79,91,94,95,97,98,102" m="34215" machi="48" ten="30,2900,0" yaku="8,1,54,1" doraHai="107" who="1" fromWho="3" sc="214,0,240,29,429,0,117,-29" /><INIT seed="5,1,0,0,0,65" ten="214,269,429,88" oya="1" hai0="20,3,135,119,16,13,24,73,127,42,100,40,11" hai1="1,115,75,56,107,124,71,113,55,4,130,52,96" hai2="47,14,61,18,108,105,120,22,98,87,126,80,97" hai3="46,10,44,117,60,133,54,67,78,116,82,8,94"/><U95/><E75/><V51/><F108/><W123/><G123/><T41/><D127/><U84/><E124/><V33/><F33/><W49/><G133/><T29/><D119/><N who="3" m="45641" /><G94/><T72/><D135/><U62/><E107/><V106/><F120/><W48/><G82/><T68/><D68/><U103/><E130/><V12/><F106/><W37/><G78/><T19/><D100/><U132/><E132/><V2/><F2/><W89/><G89/><T110/><D110/><U64/><E84/><V26/><F61/><W83/><G83/><T6/><REACH who="0" step="1"/><D19/><REACH who="0" ten="204,269,429,88" step="2"/><U77/><E71/><V63/><F18/><W90/><G90/><T17/><D17/><U32/><E77/><V112/><F126/><W15/><G37/><T109/><D109/><U70/><E70/><V30/><F105/><W118/><G118/><T5/><D5/><U38/><E38/><V125/><F125/><W31/><G31/><T45/><D45/><U99/><E4/><V92/><F47/><W101/><G101/><T39/><D39/><U0/><E103/><V79/><F30/><W69/><G15/><T21/><AGARI ba="1,1" hai="3,6,11,13,16,20,21,24,29,40,41,42,72,73" machi="21" ten="30,4000,0" yaku="1,1,0,1,54,1,53,0" doraHai="65" doraHaiUra="93" who="0" fromWho="0" sc="204,53,269,-21,429,-11,88,-11" /><INIT seed="6,0,0,2,5,9" ten="257,248,418,77" oya="2" hai0="39,78,49,129,105,50,14,63,125,27,47,3,51" hai1="15,88,25,68,21,40,67,54,89,80,55,35,69" hai2="70,79,90,34,85,95,123,99,126,127,130,26,110" hai3="37,33,118,64,81,48,22,46,111,5,101,62,92"/><V131/><F70/><W45/><G111/><T83/><D3/><U53/><E40/><V43/><F43/><W42/><G33/><T72/><D105/><U102/><E102/><V66/><F66/><W135/><G118/><T4/><D39/><U134/><E134/><V115/><F26/><W120/><G120/><T121/><D125/><N who="2" m="47626" /><F34/><W65/><G135/><T74/><D74/><U59/><E35/><V2/><F2/><W10/><G81/><T38/><D129/><N who="2" m="49162" /><F115/><W133/><G133/><T87/><D27/><U31/><E68/><V7/><F7/><W29/><G29/><T8/><D4/><U58/><E69/><V73/><F110/><W13/><G22/><T103/><D38/><U0/><E0/><V56/><F56/><W32/><G32/><T107/><D47/><U71/><E71/><V104/><F123/><W100/><G62/><T12/><D63/><N who="1" m="38391" /><E59/><V16/><F16/><W132/><G132/><T19/><D19/><U84/><E15/><V128/><F128/><W112/><G112/><T23/><D14/><U30/><E31/><V114/><F114/><W124/><G124/><T77/><D12/><U106/><E106/><V86/><F104/><W93/><G65/><T1/><D107/><U20/><E20/><V119/><F119/><W122/><G64/><T61/><D23/><U52/><N who="1" m="13312" /><DORA hai="41" /><U17/><E30/><V28/><F28/><W57/><G122/><T97/><D121/><U96/><E96/><V109/><F109/><W116/><G116/><T11/><D97/><U18/><E18/><V44/><F99/><W82/><G37/><RYUUKYOKU ba="0,0" sc="257,-10,248,30,418,-10,77,-10" hai1="17,21,25,80,84,88,89" /><INIT seed="7,1,0,3,2,124" ten="247,278,408,67" oya="3" hai0="113,18,32,7,12,108,33,116,44,82,131,120,37" hai1="41,69,1,128,110,130,4,123,75,21,100,46,29" hai2="15,122,50,30,112,86,39,27,31,106,23,114,42" hai3="79,107,118,49,121,28,24,81,17,96,2,126,103"/><W62/><G118/><T111/><D44/><U45/><E123/><V55/><F106/><W70/><G121/><T58/><D58/><U73/><E110/><V5/><F39/><W19/><G126/><T102/><D82/><U76/><E69/><V48/><F31/><W0/><G49/><T125/><D102/><U20/><E100/><V47/><F122/><W85/><G2/><T71/><D71/><U97/><E97/><V64/><F64/><W43/><G43/><T10/><D37/><U38/><E45/><V16/><F5/><W14/><G0/><T78/><D78/><U129/><E29/><V3/><F3/><W77/><G77/><T26/><D120/><U13/><E13/><V72/><F72/><N who="1" m="27721" /><E76/><V117/><F86/><W80/><G80/><T63/><D63/><U53/><E53/><V109/><F109/><W56/><G14/><T25/><D125/><U22/><E22/><V104/><F104/><W88/><G79/><T11/><D116/><U119/><E119/><V83/><F83/><W98/><G98/><T6/><D12/><U67/><E67/><V95/><F117/><W35/><REACH who="3" step="1"/><G70/><REACH who="3" ten="247,278,408,57" step="2"/><T87/><D111/><U68/><E68/><V132/><F15/><W92/><G92/><T94/><D94/><U134/><E1/><V60/><F95/><W59/><G59/><T115/><D108/><U65/><E41/><V99/><F99/><W90/><G90/><T8/><D6/><U133/><E4/><V101/><F42/><W54/><AGARI ba="1,1" hai="17,19,24,28,35,54,56,62,81,85,88,96,103,107" machi="54" ten="20,7800,0" yaku="1,1,0,1,7,1,54,1,53,0" doraHai="124" doraHaiUra="91" who="3" fromWho="3" sc="247,-27,278,-27,408,-27,57,91" /><INIT seed="7,2,0,5,2,120" ten="220,251,381,148" oya="3" hai0="4,74,130,105,0,132,86,3,91,134,56,47,50" hai1="11,24,93,1,108,38,8,107,70,20,65,118,5" hai2="7,45,110,26,25,60,13,14,88,81,69,52,10" hai3="57,113,133,6,80,73,40,96,63,39,30,66,98"/><W68/><G113/><T58/><D74/><U121/><E108/><V99/><F110/><W31/><G133/><N who="0" m="51307" /><D105/><U55/><E107/><V117/><F69/><W18/><G68/><T103/><D103/><U79/><E38/><V62/><F14/><W109/><G109/><T85/><D85/><U125/><E121/><V54/><F81/><W44/><G18/><T100/><D100/><U28/><E125/><V46/><F54/><W122/><G122/><T127/><D130/><U89/><E118/><V119/><F119/><W116/><G116/><T17/><D17/><U78/><E55/><V84/><F99/><W16/><G6/><T32/><D32/><U12/><E65/><V61/><F117/><W112/><G112/><T33/><D33/><U42/><E42/><V97/><F84/><W2/><G2/><N who="0" m="555" /><D4/><U111/><E70/><V19/><F52/><W21/><G73/><T29/><D29/><U87/><E111/><V129/><F129/><W101/><G80/><N who="0" m="49607" /><D127/><U95/><E95/><N who="2" m="56551" /><F19/><AGARI ba="2,0" hai="1,5,8,11,12,19,20,24,28,78,79,87,89,93" machi="19" ten="30,1000,0" yaku="7,1" doraHai="120" who="1" fromWho="2" sc="220,0,251,16,381,-16,148,0" owari="220,-18.0,267,7.0,365,46.0,148,-35.0" /></mjloggm>