<mjloggm ver="2.3"><GO type="169" lobby="0"/><UN n0="%E3%82%B1%E3%83%A2%E8%80%B3%E3%82%B4%E3%82%AD%E3%83%96%E3%83%AA" n1="%E3%82%A4%E3%82%AB%E3%81%AB%E3%82%82%E6%9D%B1%E5%8C%97" n2="%E6%9D%BE%E5%B1%8B%E3%81%8A%E3%81%98%E3%81%95%E3%82%93" n3="%E3%82%B7%E3%82%A7%E3%83%95%E3%83%81%E3%83%A7%E3%82%B3" dan="16,17,17,16" rate="2104.58,2135.96,2139.43,2178.60" sx="M,M,M,M"/><TAIKYOKU oya="0"/><INIT seed="0,0,0,5,3,131" ten="250,250,250,250" oya="0" hai0="122,53,48,91,69,87,74,45,59,11,108,27,99" hai1="104,13,12,4,29,94,97,5,79,100,35,47,78" hai2="70,105,113,15,21,134,72,18,19,60,103,128,50" hai3="66,126,64,102,110,77,73,43,25,62,83,117,124"/><T28/><D122/><U39/><E35/><V88/><F113/><W2/><G117/><T49/><D74/><U57/><E29/><V68/><F72/><W82/><G2/><T76/><D69/><U7/><E104/><V16/><F128/><W56/><G110/><T116/><D116/><U114/><E114/><V34/><F34/><W120/><G120/><T38/><D108/><U17/><E57/><V71/><F134/><W115/><G115/><T24/><D38/><U112/><E112/><V81/><F50/><W92/><G43/><T40/><D11/><U1/><E1/><V129/><F129/><W58/><G25/><T9/><D9/><U132/><E132/><V135/><F135/><W75/><G92/><N who="0" m="56735" /><D28/><U63/><E63/><V14/><F60/><W51/><G51/><T96/><D96/><U80/><E80/><AGARI ba="0,0" hai="24,27,40,45,48,49,53,59,76,80,87" m="56735" machi="80" ten="30,1500,0" yaku="8,1" doraHai="131" who="0" fromWho="1" sc="250,15,250,-15,250,0,250,0" /><INIT seed="0,1,0,1,2,57" ten="265,235,250,250" oya="0" hai0="45,98,115,81,63,30,40,88,58,4,53,24,46" hai1="102,29,120,17,93,61,95,12,31,84,113,103,110" hai2="124,134,108,89,65,80,72,41,33,35,109,68,25" hai3="60,70,6,7,77,99,131,66,13,94,50,32,54"/><T49/><D115/><U20/><E120/><V69/><F124/><W100/><G131/><T10/><D46/><U101/><E113/><V118/><F134/><W78/><G32/><T117/><D117/><U85/><E110/><V97/><F118/><W26/><G26/><T43/><D43/><U64/><E85/><V96/><F41/><W104/><G104/><T122/><D122/><U1/><E1/><V75/><F25/><W5/><REACH who="3" step="1"/><G13/><REACH who="3" ten="265,235,250,240" step="2"/><T8/><D4/><U39/><E12/><V11/><F35/><W91/><G91/><T16/><D30/><U36/><E31/><V38/><F33/><W73/><G73/><T126/><D126/><U125/><E29/><V92/><F72/><W19/><G19/><T119/><D119/><U51/><E125/><V129/><F75/><W114/><G114/><T59/><D16/><U67/><E17/><V34/><F129/><W76/><G76/><T82/><D24/><U133/><E103/><V56/><F34/><W48/><G48/><N who="0" m="26663" /><D10/><U42/><E51/><V111/><F11/><W23/><G23/><T3/><D8/><U87/><E20/><V135/><F108/><W47/><AGARI ba="1,1" hai="5,6,7,47,50,54,60,66,70,77,78,94,99,100" machi="47" ten="30,4000,0" yaku="1,1,0,1,52,1,53,0" doraHai="57" doraHaiUra="37" who="3" fromWho="3" sc="265,-21,235,-11,250,-11,240,53" /><INIT seed="1,0,0,2,5,62" ten="244,224,239,293" oya="1" hai0="11,118,105,74,60,104,123,115,21,23,0,131,113" hai1="15,101,68,85,18,95,32,43,53,90,110,97,63" hai2="107,112,58,100,133,124,132,121,1,73,70,67,29" hai3="80,81,88,78,45,48,46,9,114,41,8,5,19"/><U72/><E72/><V108/><RYUUKYOKU type="yao9" ba="0,0" sc="244,0,224,0,239,0,293,0" hai2="1,29,58,67,70,73,100,107,108,112,121,124,132,133" /><INIT seed="1,1,0,5,4,97" ten="244,224,239,293" oya="1" hai0="135,102,76,7,81,101,118,113,29,116,2,14,67" hai1="35,34,117,51,130,41,114,103,109,108,94,11,33" hai2="25,87,54,49,0,9,52,86,110,100,58,123,120" hai3="60,53,18,85,48,26,10,27,89,111,121,72,91"/><U125/><E114/><V134/><F110/><N who="1" m="42601" /><E117/><V38/><F38/><W73/><G121/><T47/><D113/><U59/><E130/><V88/><F134/><W128/><G111/><T13/><D2/><U64/><E125/><V96/><F87/><W30/><G128/><T104/><D104/><U8/><E64/><V16/><F54/><W129/><G129/><T28/><D67/><U105/><E105/><V122/><F0/><W115/><G60/><T21/><D135/><U82/><E82/><V19/><F9/><N who="1" m="3657" /><E41/><V6/><F25/><W43/><G43/><T74/><D81/><U77/><E77/><V23/><F23/><W44/><G115/><T65/><D65/><U75/><E75/><V66/><F6/><W40/><G40/><T80/><D80/><U70/><E70/><V62/><F86/><W119/><G119/><T39/><D21/><U1/><E1/><V12/><F12/><W45/><G85/><T69/><D69/><U124/><E124/><V61/><F88/><W99/><G89/><T55/><D76/><U17/><E17/><V112/><F112/><W4/><G18/><T127/><D127/><U57/><E51/><V71/><REACH who="2" step="1"/><F49/><REACH who="2" ten="244,224,229,293" step="2"/><N who="3" m="28839" /><G73/><T106/><D74/><U3/><E3/><V95/><AGARI ba="1,1" hai="16,19,52,58,61,62,66,71,95,96,100,120,122,123" machi="95" ten="30,8000,1" yaku="1,1,0,1,52,1,54,2,53,0" doraHai="97" doraHaiUra="107" who="2" fromWho="2" sc="244,-21,224,-41,229,93,293,-21" /><INIT seed="2,0,0,0,2,126" ten="223,183,322,272" oya="2" hai0="90,46,22,99,1,119,47,131,44,135,65,52,107" hai1="41,51,24,70,86,12,10,25,28,104,53,6,64" hai2="61,36,115,84,109,121,108,80,30,56,19,67,39" hai3="26,132,118,77,87,94,73,88,82,9,27,60,78"/><V20/><F30/><W95/><G118/><T42/><D1/><U89/><E104/><V7/><F7/><W112/><G132/><T71/><D119/><U5/><E41/><V101/><F101/><W55/><G112/><T93/><D135/><U45/><E6/><V23/><F121/><W32/><G9/><T105/><D42/><U124/><E124/><V50/><F23/><W85/><G32/><T120/><D120/><U59/><E70/><V34/><F34/><W134/><G134/><T76/><D76/><U133/><E133/><V75/><F75/><W48/><G60/><T68/><D68/><U79/><E79/><V110/><F50/><W16/><G16/><T57/><D22/><U127/><E127/><V17/><F17/><W130/><G130/><T43/><D43/><U103/><E103/><V83/><F115/><W114/><G114/><T74/><D74/><U8/><E8/><V33/><F33/><W100/><G100/><T29/><D29/><U98/><E98/><V102/><F102/><W2/><G2/><T11/><D11/><U123/><E123/><V18/><F18/><W128/><G128/><T21/><D21/><U96/><E96/><V35/><F35/><W37/><G37/><N who="2" m="14409" /><F84/><W66/><G66/><T97/><D131/><U31/><E31/><V62/><F62/><W117/><G117/><T63/><REACH who="0" step="1"/><D99/><REACH who="0" ten="213,183,322,272" step="2"/><U0/><E0/><V54/><F67/><W122/><G122/><T4/><D4/><U13/><E28/><V92/><F92/><W116/><G116/><T129/><D129/><U69/><E64/><V49/><F19/><RYUUKYOKU ba="0,1" sc="213,30,183,-10,322,-10,272,-10" hai0="44,46,47,52,57,63,65,71,90,93,97,105,107" /><INIT seed="3,1,1,5,2,60" ten="243,173,312,262" oya="3" hai0="41,106,12,19,70,99,14,55,8,118,122,59,92" hai1="36,78,107,109,49,121,71,1,96,102,11,91,16" hai2="75,105,130,110,37,51,13,34,68,23,56,126,85" hai3="6,117,134,45,40,22,127,21,88,114,7,52,17"/><W0/><G117/><T72/><D70/><U108/><E121/><V86/><F34/><W82/><G114/><T87/><D106/><U35/><E36/><V53/><F75/><W38/><G134/><T104/><D104/><U83/><E35/><V46/><F105/><W113/><G113/><T28/><D72/><U123/><E123/><V18/><F110/><N who="1" m="42601" /><E71/><V65/><F126/><W58/><G127/><T131/><D118/><U61/><E61/><N who="2" m="39983" /><F130/><W3/><G3/><T132/><D132/><U27/><E49/><V80/><F80/><W69/><G69/><T67/><D28/><U31/><E91/><V10/><F10/><W5/><G0/><T77/><D41/><AGARI ba="1,1" hai="13,18,23,37,41,46,51,53,56,85,86" m="39983" machi="41" ten="30,2000,0" yaku="24,1,52,1" doraHai="60" who="2" fromWho="0" sc="243,-23,173,0,312,33,262,0" /><INIT seed="4,0,0,1,3,99" ten="220,173,345,262" oya="0" hai0="120,83,62,115,49,4,3,59,109,64,5,1,103" hai1="51,48,107,75,81,123,8,43,132,108,22,42,54" hai2="92,50,53,130,87,0,82,16,17,116,55,9,128" hai3="85,31,18,88,14,2,78,76,90,80,6,11,60"/><T61/><D120/><U74/><E123/><V73/><F116/><W10/><G31/><T37/><D37/><U29/><E108/><V72/><F92/><W118/><G118/><T84/><D109/><U79/><E132/><V91/><F0/><W36/><G36/><T124/><D115/><U20/><E107/><V102/><F102/><W95/><REACH who="3" step="1"/><G60/><REACH who="3" ten="220,173,345,252" step="2"/><T98/><D124/><U47/><E29/><V12/><F128/><W94/><G94/><T119/><D119/><U35/><E35/><V24/><F130/><W27/><G27/><T68/><D49/><U127/><E127/><V39/><F39/><W69/><G69/><T117/><D117/><U126/><E126/><V111/><F111/><W33/><G33/><T57/><D68/><U56/><E48/><V100/><F24/><W34/><G34/><T134/><D134/><U96/><E51/><V44/><F50/><W113/><G113/><T40/><D40/><U135/><E42/><V13/><F44/><W131/><G131/><T23/><D3/><U67/><E43/><V58/><F58/><W104/><G104/><T38/><D38/><U114/><E47/><V46/><F46/><W112/><G112/><T93/><D1/><U63/><E114/><V106/><F106/><W41/><G41/><T45/><D45/><U122/><E135/><V97/><F13/><W89/><G89/><N who="0" m="51359" /><D23/><U77/><E20/><V7/><F91/><W15/><G15/><T70/><D70/><U105/><E22/><V25/><F12/><W28/><G28/><T52/><AGARI ba="0,1" hai="4,5,52,57,59,61,62,64,93,98,103" m="51359" machi="52" ten="30,6000,0" yaku="8,1,52,1,54,1" doraHai="99" who="0" fromWho="0" sc="220,70,173,-20,345,-20,252,-20" /><INIT seed="4,1,0,4,4,131" ten="290,153,325,232" oya="0" hai0="37,28,132,4,77,79,94,97,0,127,113,54,9" hai1="74,133,12,15,116,21,56,45,52,123,3,27,13" hai2="41,88,95,57,40,51,108,71,47,73,31,120,84" hai3="11,101,2,99,70,8,102,5,83,65,86,96,85"/><T75/><D37/><U129/><E116/><V125/><F120/><W32/><G32/><T115/><D127/><U49/><E123/><V10/><F108/><W7/><G65/><T6/><D6/><U119/><E119/><V91/><F71/><W109/><G70/><T1/><D1/><U126/><E3/><V103/><F73/><W17/><G17/><T25/><D54/><U135/><E129/><V66/><F125/><W78/><G109/><T72/><D72/><U50/><E74/><V67/><F103/><W36/><G36/><T34/><D132/><N who="1" m="50763" /><E126/><V63/><F31/><W124/><G124/><T48/><D48/><N who="1" m="30727" /><E45/><V118/><F118/><W111/><G111/><T62/><D62/><U100/><E100/><V35/><F47/><W30/><G30/><AGARI ba="1,0" hai="12,13,15,21,27,30,49,50" m="30727,50763" machi="30" ten="30,8000,1" yaku="20,1,52,3,54,1" doraHai="131" who="1" fromWho="3" sc="290,0,153,83,325,0,232,-83" /><INIT seed="5,0,0,3,4,52" ten="290,236,325,149" oya="1" hai0="60,35,13,99,33,115,107,47,128,25,8,73,98" hai1="67,121,56,119,102,36,100,106,37,0,20,96,16" hai2="83,21,111,86,80,133,90,122,44,92,58,17,130" hai3="112,123,55,110,27,109,117,81,42,45,72,6,70"/><U64/><E119/><V34/><F111/><W50/><G123/><T5/><D73/><U12/><E121/><V125/><F122/><W69/><G117/><T11/><D115/><U48/><E0/><V63/><F34/><W51/><G112/><T15/><D128/><U124/><E124/><V74/><F130/><W85/><G72/><T22/><D107/><U28/><E102/><V32/><F32/><W26/><G70/><T127/><D127/><U4/><E4/><V94/><F133/><W7/><G69/><T10/><D35/><U31/><E67/><V118/><F118/><W41/><G110/><T93/><D33/><U78/><E78/><V108/><F108/><W101/><G101/><T82/><D82/><U1/><E1/><V43/><F125/><W135/><G135/><T87/><D47/><U53/><REACH who="1" step="1"/><E64/><REACH who="1" ten="290,226,325,149" step="2"/><V134/><F134/><W113/><G109/><T77/><D5/><N who="3" m="1545" /><G113/><T18/><D60/><U88/><E88/><V2/><F90/><N who="3" m="51503" /><G41/><T129/><D129/><U91/><E91/><V84/><F43/><W71/><G71/><T39/><D77/><U89/><E89/><V54/><F2/><W30/><G30/><AGARI ba="0,1" hai="12,16,20,28,30,31,36,37,48,53,56,96,100,106" machi="30" ten="40,12000,1" yaku="1,1,52,1,54,1,53,1" doraHai="52" doraHaiUra="95" who="1" fromWho="3" sc="290,0,226,130,325,0,149,-120" /><INIT seed="5,1,0,4,1,116" ten="290,356,325,29" oya="1" hai0="126,16,86,121,60,93,31,11,125,64,95,135,34" hai1="32,112,38,20,77,80,109,133,117,114,41,127,61" hai2="99,85,97,1,106,12,103,120,83,4,123,18,22" hai3="100,96,101,134,124,81,78,30,19,35,129,53,47"/><U75/><E117/><V115/><F115/><N who="1" m="44073" /><E32/><V62/><F99/><W102/><G134/><T111/><D111/><U70/><E133/><V74/><F74/><W2/><G129/><T59/><D135/><U36/><E127/><N who="0" m="48649" /><D31/><U51/><E20/><V24/><F1/><W128/><G128/><T40/><D34/><U68/><E109/><V7/><F62/><W63/><G2/><T91/><D40/><U69/><E61/><V15/><F15/><W118/><G124/><T84/><D95/><U0/><E0/><V55/><F55/><W66/><G19/><T23/><D11/><U39/><E51/><V13/><F13/><W76/><G96/><N who="0" m="57407" /><D121/><U132/><E132/><V50/><F50/><W6/><G118/><T17/><D17/><U43/><AGARI ba="1,0" hai="36,38,39,41,43,68,69,70,75,77,80" m="44073" machi="43" ten="50,2400,0" yaku="15,1" doraHai="116" who="1" fromWho="1" sc="290,-9,356,27,325,-9,29,-9" /><INIT seed="5,2,0,3,0,75" ten="281,383,316,20" oya="1" hai0="119,44,111,64,117,33,41,42,122,6,32,20,61" hai1="108,80,65,95,54,52,58,105,63,38,62,31,101" hai2="120,56,28,126,118,69,35,5,60,78,11,57,46" hai3="36,40,125,12,79,10,121,3,131,2,7,15,59"/><U85/><E38/><V51/><F118/><W91/><G121/><T127/><D111/><U115/><E105/><V71/><F120/><W86/><G131/><T94/><D122/><U109/><E31/><V132/><F132/><W37/><G125/><T124/><D6/><U66/><E115/><V30/><F57/><W70/><G70/><T23/><D94/><U100/><E95/><V48/><F48/><W19/><G40/><T18/><D18/><U96/><E96/><V34/><F78/><W84/><G2/><T68/><D61/><U87/><E80/><V1/><F126/><W82/><G59/><AGARI ba="2,0" hai="52,54,58,59,62,63,65,66,85,87,100,101,108,109" machi="59" ten="25,4800,0" yaku="22,2,54,1" doraHai="75" who="1" fromWho="3" sc="281,0,383,54,316,0,20,-54" owari="281,-12.0,437,53.0,316,12.0,-34,-53.0" /></mjloggm>