<mjloggm ver="2.3"><GO type="169" lobby="0"/><UN n0="%4E%6F%2E%30%30%30%31" n1="%67%61%79%75%6E%79" n2="%64%65%63%61%64%65" n3="%43%6F%6D%65%64%69%61%6E" dan="18,16,16,16" rate="2281.54,2134.93,2091.80,2103.05" sx="F,M,F,M"/><TAIKYOKU oya="0"/><INIT seed="0,0,0,0,1,121" ten="250,250,250,250" oya="0" hai0="125,78,117,112,104,69,8,72,75,82,114,118,59" hai1="111,2,65,58,102,133,91,33,55,11,107,47,64" hai2="31,24,105,108,74,41,3,43,63,94,18,101,119" hai3="44,10,99,45,127,106,51,35,123,9,4,52,81"/><T42/><D69/><U20/><E33/><V86/><F3/><W38/><G35/><T97/><D42/><U87/><E133/><V50/><F74/><N who="0" m="28202" /><D59/><U19/><E47/><V36/><F119/><N who="0" m="45578" /><D8/><U25/><E102/><V80/><F18/><W100/><G127/><T68/><D68/><U120/><E107/><V83/><F36/><W49/><G123/><T17/><D17/><U54/><E120/><V62/><F105/><W37/><G81/><T29/><D29/><U5/><E55/><V124/><F124/><W129/><G129/><T34/><D34/><U60/><E111/><V16/><F108/><W1/><REACH who="3" step="1"/><G9/><REACH who="3" ten="250,250,250,240" step="2"/><T66/><D125/><U92/><AGARI ba="0,1" hai="2,5,11,19,20,25,54,58,60,64,65,87,91,92" machi="92" ten="20,1500,0" yaku="0,1,7,1" doraHai="121" who="1" fromWho="1" sc="250,-7,250,25,250,-4,240,-4" /><INIT seed="1,0,0,0,2,134" ten="243,275,246,236" oya="1" hai0="55,59,75,117,39,119,5,35,124,3,112,133,53" hai1="114,37,69,11,51,4,18,125,91,78,107,6,82" hai2="52,130,99,104,108,16,15,129,58,86,71,70,57" hai3="63,32,90,23,21,34,94,80,74,84,54,62,13"/><U45/><E69/><V65/><F108/><W66/><G54/><T81/><D112/><U26/><E107/><V101/><F86/><W28/><G63/><T89/><D35/><U105/><E105/><V135/><F135/><W115/><G115/><T41/><D133/><U2/><E4/><V0/><F0/><W38/><G38/><T111/><D89/><U12/><E114/><V60/><F58/><W47/><G47/><N who="0" m="23999" /><D111/><U122/><E37/><V8/><REACH who="2" step="1"/><F65/><REACH who="2" ten="243,275,236,236" step="2"/><W1/><G1/><T46/><D59/><U132/><E132/><V92/><F92/><W77/><G66/><T88/><D3/><U100/><E2/><V113/><F113/><W126/><G94/><T31/><D119/><U128/><E122/><V76/><F76/><W48/><G77/><T120/><D117/><U33/><E78/><V64/><F64/><W87/><G84/><T50/><D120/><U36/><E82/><V42/><F42/><W7/><G87/><T106/><D81/><U85/><E85/><V121/><F121/><W98/><G80/><T93/><D93/><U102/><E45/><V103/><F103/><W56/><G56/><T27/><D46/><U131/><E102/><V9/><F9/><W72/><G74/><T25/><D75/><U67/><E100/><V17/><F17/><W79/><G72/><T97/><D106/><U83/><E18/><V68/><AGARI ba="0,1" hai="8,15,16,52,57,60,68,70,71,99,101,104,129,130" machi="68" ten="40,8000,1" yaku="1,1,0,1,54,2,53,0" doraHai="134" doraHaiUra="30" who="2" fromWho="2" sc="243,-20,275,-40,236,90,236,-20" /><INIT seed="2,0,0,1,5,61" ten="223,235,326,216" oya="2" hai0="85,134,49,51,123,106,15,24,78,79,39,29,112" hai1="72,119,114,109,33,90,116,48,118,17,43,108,120" hai2="13,131,45,40,105,1,129,92,133,94,26,56,44" hai3="38,42,84,74,41,83,113,8,102,101,89,88,27"/><V2/><F105/><W58/><G74/><T66/><D112/><U19/><E72/><V80/><F133/><W69/><G69/><T12/><D123/><U104/><E104/><V132/><F132/><W6/><G113/><T54/><D39/><U37/><E37/><V62/><F80/><W28/><G89/><T55/><D106/><U86/><E114/><V125/><F125/><W76/><G76/><T14/><D85/><U96/><E96/><V23/><F13/><W68/><G68/><T60/><D49/><U7/><E7/><V10/><F10/><W127/><G127/><T124/><D134/><U4/><E4/><V59/><F23/><W64/><G38/><T126/><D126/><U110/><E33/><V36/><F26/><W122/><G122/><T71/><D55/><U31/><E31/><V47/><F47/><W63/><G42/><T22/><REACH who="0" step="1"/><D124/><REACH who="0" ten="213,235,326,216" step="2"/><U18/><E120/><V65/><F36/><W9/><G41/><T117/><D117/><U11/><E48/><V5/><F40/><W50/><G50/><T46/><AGARI ba="0,1" hai="12,14,15,22,24,29,46,51,54,60,66,71,78,79" machi="46" ten="30,7900,0" yaku="1,1,0,1,52,1,53,1" doraHai="61" doraHaiUra="25" who="0" fromWho="0" sc="213,89,235,-20,326,-39,216,-20" /><INIT seed="3,0,0,0,0,21" ten="302,215,287,196" oya="3" hai0="121,53,47,132,107,29,115,86,72,119,26,65,30" hai1="120,111,97,87,71,15,19,32,25,90,5,45,20" hai2="63,133,40,66,27,128,3,48,73,24,56,101,82" hai3="55,64,35,75,13,34,104,59,46,50,54,38,130"/><W41/><G130/><T16/><D72/><U105/><E120/><V109/><F3/><W36/><G75/><T129/><D107/><U39/><E111/><V17/><F109/><W92/><G104/><T10/><D119/><U52/><E71/><V31/><F128/><W76/><G76/><T88/><D121/><U123/><E123/><V12/><F133/><W125/><G125/><T85/><D129/><U84/><E39/><V58/><F73/><W126/><G126/><T8/><D85/><U100/><E87/><V99/><F82/><W112/><G112/><T127/><D65/><U83/><E5/><V118/><F118/><W106/><G106/><T124/><D132/><U74/><E74/><V103/><F31/><N who="0" m="11786" /><D115/><U4/><E4/><V131/><F131/><W22/><G38/><T114/><D114/><U91/><E91/><V95/><F101/><W49/><G64/><T116/><D116/><U134/><E134/><V0/><F0/><W117/><G117/><T77/><D77/><U89/><E89/><V57/><F40/><W102/><G102/><T1/><D1/><U93/><E32/><V23/><REACH who="2" step="1"/><F48/><REACH who="2" ten="302,215,277,196" step="2"/><W28/><G92/><N who="0" m="54295" /><D127/><U61/><E105/><V14/><F14/><W79/><G79/><T96/><D124/><U44/><E15/><V6/><F6/><W135/><G135/><T43/><D43/><U51/><E51/><V67/><F67/><W33/><G13/><T7/><D7/><U98/><E98/><V69/><AGARI ba="0,1" hai="12,17,23,24,27,56,57,58,63,66,69,95,99,103" machi="69" ten="30,7900,0" yaku="1,1,0,1,52,2,53,0" doraHai="21" doraHaiUra="2" who="2" fromWho="2" sc="302,-20,215,-20,277,89,196,-39" /><INIT seed="4,0,0,0,4,115" ten="282,195,366,157" oya="0" hai0="104,44,32,110,58,45,54,97,123,11,120,80,107" hai1="133,16,71,0,76,7,19,89,67,27,57,50,8" hai2="69,129,75,121,118,93,60,20,105,46,3,116,125" hai3="43,49,56,68,131,81,36,102,64,63,106,41,62"/><T74/><D32/><U73/><E133/><V48/><F121/><W124/><G81/><T31/><D31/><U96/><E71/><V79/><F105/><W61/><G102/><T51/><D110/><U109/><E109/><V119/><F3/><W135/><G106/><T42/><D44/><U128/><E128/><V30/><F129/><W78/><G78/><T112/><D112/><U23/><E76/><V98/><F125/><W72/><G72/><T94/><D104/><U15/><E73/><V132/><F132/><W126/><G135/><T101/><D11/><U40/><E40/><N who="3" m="15434" /><G36/><T33/><D33/><U21/><E67/><N who="2" m="41191" /><F20/><W88/><G88/><T53/><D53/><U99/><REACH who="1" step="1"/><E89/><REACH who="1" ten="282,185,366,157" step="2"/><N who="2" m="55599" /><F79/><W59/><G131/><T38/><D74/><U111/><E111/><V47/><F75/><W17/><G126/><T134/><D134/><U65/><E65/><V9/><F118/><W24/><G124/><T14/><D120/><U12/><E12/><V108/><F116/><W114/><G114/><T100/><D14/><U82/><E82/><V83/><F119/><W113/><G113/><T13/><D13/><U130/><E130/><V10/><F83/><W92/><G68/><T18/><D80/><U34/><E34/><V95/><F108/><W122/><G64/><T25/><D123/><U117/><E117/><V35/><F35/><W66/><G122/><T2/><D2/><U6/><E6/><V87/><F10/><W28/><G66/><T29/><D100/><U85/><E85/><V39/><F87/><W90/><G90/><T22/><D107/><U37/><E37/><RYUUKYOKU ba="0,1" sc="282,15,185,15,366,-15,157,-15" hai0="18,22,25,29,38,42,45,51,54,58,94,97,101" hai1="0,7,8,15,16,19,21,23,27,50,57,96,99" /><INIT seed="4,1,1,1,4,92" ten="297,200,351,142" oya="0" hai0="111,12,63,120,78,39,94,106,22,108,5,86,2" hai1="16,127,53,105,4,121,98,133,3,129,117,27,55" hai2="14,96,17,113,109,36,0,54,62,72,50,31,85" hai3="33,47,103,102,23,130,122,46,82,44,51,89,37"/><T107/><D120/><U97/><E121/><V29/><F0/><W87/><G33/><T67/><D39/><U90/><E117/><V32/><F32/><W93/><G122/><T70/><D2/><U112/><E129/><V15/><F36/><W95/><G130/><T6/><D22/><U34/><E4/><N who="0" m="1641" /><D12/><U128/><E3/><V7/><F72/><W131/><G37/><T20/><D20/><N who="1" m="13703" /><E34/><V59/><F109/><N who="0" m="42058" /><D78/><U56/><E128/><V30/><F7/><W11/><G131/><T73/><D73/><U101/><E127/><V35/><F35/><W61/><G61/><T126/><D126/><U99/><E133/><V123/><F123/><W26/><G51/><T88/><AGARI ba="1,1" hai="63,67,70,86,88,94,106,107" m="42058,1641" machi="88" ten="30,3000,0" yaku="10,1,54,1" doraHai="92" who="0" fromWho="0" sc="297,43,200,-11,351,-11,142,-11" /><INIT seed="4,2,0,1,4,86" ten="340,189,340,131" oya="0" hai0="40,101,47,22,100,71,4,85,12,60,87,63,126" hai1="128,31,111,25,59,53,20,125,110,46,82,14,54" hai2="90,107,135,21,95,44,78,94,34,105,42,33,19" hai3="45,131,52,48,30,26,117,7,134,36,41,104,81"/><T88/><D126/><U92/><E128/><V73/><F135/><W127/><G131/><T113/><D113/><U0/><E0/><V103/><F94/><W109/><G109/><T8/><D85/><U58/><E125/><V108/><F108/><W49/><G127/><T80/><D22/><U17/><E46/><V121/><F121/><W116/><G104/><T28/><D28/><U83/><E92/><V68/><F68/><W118/><G134/><T67/><REACH who="0" step="1"/><D60/><REACH who="0" ten="330,189,340,131" step="2"/><N who="1" m="35919" /><E111/><V102/><F34/><W29/><G29/><T75/><D75/><U24/><E110/><V5/><F33/><W9/><G116/><T97/><D97/><U112/><E112/><V89/><F21/><N who="3" m="15695" /><G118/><T2/><D2/><U66/><E31/><V51/><F73/><W114/><G117/><T106/><D106/><U32/><E32/><V115/><F115/><W3/><G114/><T120/><D120/><U77/><E20/><V43/><F105/><W56/><G3/><T99/><D99/><U18/><E25/><V98/><F98/><W74/><G74/><T23/><D23/><U57/><E24/><V79/><F107/><W10/><G9/><T124/><D124/><U70/><E14/><V119/><F119/><W133/><G10/><T39/><AGARI ba="2,1" hai="4,8,12,39,40,47,63,67,71,80,87,88,100,101" machi="39" ten="20,18000,2" yaku="1,1,0,1,7,1,52,1,54,1,53,1" doraHai="86" doraHaiUra="64" who="0" fromWho="0" sc="330,196,189,-62,340,-62,131,-62" /><INIT seed="4,3,0,4,5,2" ten="526,127,278,69" oya="0" hai0="35,50,95,66,34,36,94,60,38,96,63,123,109" hai1="115,124,33,135,25,85,44,73,101,125,93,16,30" hai2="120,29,27,56,77,88,6,17,119,75,131,62,51" hai3="15,113,59,65,68,127,39,58,91,114,12,129,116"/><T99/><D66/><U132/><E73/><V118/><F120/><W64/><G91/><T3/><D3/><U26/><E44/><V23/><F131/><W22/><G22/><T55/><D55/><U128/><E85/><V107/><F107/><W54/><G116/><N who="2" m="44585" /><F77/><W74/><G74/><T81/><D50/><U84/><E115/><N who="3" m="44042" /><G127/><N who="1" m="48714" /><E84/><V45/><F75/><W117/><G117/><T134/><D134/><N who="1" m="51243" /><E93/><V7/><F29/><W110/><G129/><T61/><D61/><U32/><E101/><V102/><F102/><W69/><G110/><T57/><D57/><N who="3" m="21513" /><G39/><T28/><D28/><N who="1" m="19471" /><E16/><V46/><F88/><W76/><G76/><T1/><D81/><U105/><E105/><V97/><F97/><W41/><G41/><T24/><D99/><U133/><N who="1" m="51251" /><U106/><DORA hai="111" /><E106/><V78/><F78/><W71/><G54/><T0/><D96/><U89/><E89/><V42/><F46/><W31/><G31/><T72/><D72/><U21/><E128/><V87/><F87/><W20/><G20/><AGARI ba="3,0" hai="20,21,26,30,33" m="19471,51251,48714" machi="20" ten="50,8000,1" yaku="18,1,20,1,34,2" doraHai="2,111" who="1" fromWho="3" sc="526,0,127,89,278,0,69,-89" owari="526,62.0,216,-18.0,278,8.0,-20,-52.0" /></mjloggm>