<mjloggm ver="2.3"><GO type="169" lobby="0"/><UN n0="%31%35%2E%31%35%63%6D" n1="%E3%81%9B%E3%81%A9%E3%81%AA%E3%82%8A%E3%81%82%E3%82%93" n2="%45%72%77%69%6E%52%64" n3="%6D%61%74%6F%30%36%30%33" dan="18,16,16,17" rate="2231.42,2091.80,2120.40,2198.42" sx="M,M,M,M"/><TAIKYOKU oya="0"/><INIT seed="0,0,0,4,2,19" ten="250,250,250,250" oya="0" hai0="17,80,120,85,117,40,47,32,15,97,119,91,74" hai1="112,94,14,66,70,77,65,29,64,67,30,90,23" hai2="5,88,41,9,31,61,37,28,11,58,3,0,96" hai3="72,110,83,79,2,131,128,56,123,36,116,62,78"/><T39/><D32/><U10/><E112/><V109/><F109/><W106/><G2/><T55/><D120/><U25/><E77/><V75/><F75/><W76/><G36/><T86/><D74/><U4/><N who="1" m="16384" /><DORA hai="104" /><U103/><E103/><V52/><F41/><W45/><G45/><T92/><D86/><U50/><E50/><V105/><F37/><W1/><G1/><T18/><D18/><U59/><E59/><V63/><F63/><W12/><G12/><T87/><D87/><U68/><REACH who="1" step="1"/><E29/><REACH who="1" ten="250,240,250,250" step="2"/><V124/><F105/><W81/><G56/><T53/><D119/><U100/><E100/><V26/><F124/><W60/><G79/><T42/><D117/><U44/><E44/><V57/><F58/><W118/><G72/><T95/><D42/><U133/><E133/><V126/><F126/><W35/><G106/><T107/><D107/><U82/><E82/><V134/><F134/><W38/><G38/><T129/><D95/><U98/><AGARI ba="0,1" hai="4,10,14,23,25,30,68,70,90,94,98" m="16384" machi="98" ten="40,5200,0" yaku="1,1,0,1,52,1,53,0" doraHai="19,104" doraHaiUra="135,48" who="1" fromWho="1" sc="250,-26,240,62,250,-13,250,-13" /><INIT seed="1,0,0,4,5,101" ten="224,302,237,237" oya="1" hai0="68,43,85,9,46,56,24,31,77,27,128,74,105" hai1="73,57,55,72,42,32,69,97,11,121,109,82,100" hai2="6,90,102,7,117,132,29,45,0,58,13,65,67" hai3="21,3,111,108,22,115,39,79,48,19,4,14,5"/><U75/><E121/><V122/><F117/><W33/><G79/><T41/><D68/><U118/><E118/><V59/><F0/><W26/><G48/><T96/><D74/><U40/><E69/><V20/><F122/><W50/><G50/><T95/><D128/><U47/><E32/><V84/><F102/><W38/><G38/><T124/><D124/><U87/><E11/><V23/><F132/><W18/><G39/><T120/><D105/><U89/><E47/><V62/><F45/><W12/><G115/><T15/><D56/><U52/><E109/><V127/><F127/><W60/><G60/><T35/><D27/><U114/><E114/><V70/><F70/><W17/><G33/><T91/><D120/><U98/><E98/><V112/><F112/><W16/><G3/><T28/><D28/><U76/><E76/><V113/><F29/><N who="3" m="17615" /><G12/><T61/><D61/><U53/><REACH who="1" step="1"/><E57/><REACH who="1" ten="224,292,237,237" step="2"/><V86/><F58/><W80/><G80/><T103/><D77/><U126/><E126/><V93/><F59/><W83/><G83/><T71/><D71/><U8/><E8/><V106/><F113/><W88/><G88/><T44/><D44/><U1/><E1/><V131/><F90/><W107/><G111/><T66/><D46/><U30/><E30/><V125/><F125/><W49/><G108/><T123/><D123/><U25/><E25/><V129/><F129/><W110/><G110/><T10/><D10/><U116/><E116/><V133/><F131/><W92/><G17/><N who="0" m="8431" /><D66/><U51/><E51/><V64/><F64/><W94/><G49/><T37/><D37/><RYUUKYOKU ba="0,1" sc="224,15,292,15,237,-15,237,-15" hai0="24,31,35,41,43,85,91,95,96,103" hai1="40,42,52,53,55,72,73,75,82,87,89,97,100" /><INIT seed="1,1,1,5,0,0" ten="239,307,222,222" oya="1" hai0="15,132,32,99,24,71,92,56,57,85,104,69,129" hai1="102,55,101,53,43,8,89,90,128,117,47,37,36" hai2="34,29,107,127,77,64,67,10,125,93,3,82,50" hai3="20,112,97,60,88,116,16,35,87,75,54,134,122"/><U2/><E117/><V70/><F107/><W123/><G112/><T100/><D129/><U105/><E128/><V79/><F79/><W66/><G75/><T115/><D115/><U51/><E37/><V19/><F93/><W25/><G134/><T76/><D132/><U91/><E105/><V58/><F70/><W111/><G111/><T26/><D71/><U74/><E74/><V5/><F19/><W110/><G110/><T120/><D120/><U42/><E42/><V113/><F113/><W86/><G116/><T11/><D69/><U72/><E72/><N who="2" m="43303" /><F29/><W27/><G54/><T18/><D32/><U65/><E65/><V52/><F34/><W126/><G126/><AGARI ba="1,1" hai="3,5,10,50,52,58,64,67,125,126,127" m="43303" machi="126" ten="30,3900,0" yaku="18,1,52,1,54,1" doraHai="0" who="2" fromWho="3" sc="239,0,307,0,222,52,222,-42" /><INIT seed="2,0,0,4,2,61" ten="239,307,274,180" oya="2" hai0="109,60,6,116,77,63,83,58,17,129,50,85,7" hai1="21,2,65,74,110,87,78,20,112,67,122,125,104" hai2="75,127,124,105,128,98,80,24,41,121,118,69,13" hai3="120,64,23,115,132,49,3,16,97,101,126,0,36"/><V22/><F118/><W114/><G36/><T89/><D109/><U39/><E112/><N who="3" m="43050" /><G120/><T103/><D129/><U99/><E74/><V30/><F121/><W56/><G132/><T76/><D103/><U38/><E122/><V95/><F128/><W130/><G130/><T111/><D111/><U42/><E110/><V31/><F105/><N who="3" m="63663" /><G49/><T1/><D63/><U55/><E2/><N who="3" m="554" /><G56/><T4/><D1/><U18/><E20/><V5/><F69/><W44/><G44/><T123/><D123/><U117/><E117/><V10/><F41/><W96/><G96/><T72/><D50/><U66/><E104/><V15/><F30/><W52/><G52/><N who="0" m="33863" /><D116/><U40/><E39/><V91/><REACH who="2" step="1"/><F15/><REACH who="2" ten="239,307,264,180" step="2"/><N who="3" m="9631" /><G126/><T92/><D72/><U8/><E125/><V81/><F81/><W43/><G43/><T9/><D83/><N who="1" m="47607" /><E38/><V107/><F107/><W34/><G34/><T68/><D68/><U35/><E35/><V28/><F28/><W94/><G94/><T90/><D90/><U73/><E73/><V135/><F135/><W84/><G84/><T48/><D85/><U71/><E71/><V12/><F12/><W106/><G106/><T70/><D70/><U26/><E99/><V57/><F57/><W86/><G86/><T82/><D82/><U14/><E55/><V131/><F131/><W53/><G53/><T25/><D89/><U93/><E93/><V27/><F27/><W54/><G54/><T79/><D92/><U102/><E102/><V134/><F134/><W29/><G29/><AGARI ba="0,1" hai="8,14,18,21,26,29,40,42,65,66,67" m="47607" machi="29" ten="30,7700,0" yaku="8,1,52,3" doraHai="61" who="1" fromWho="3" sc="239,0,307,87,264,0,180,-77" /><INIT seed="3,0,0,4,0,93" ten="239,394,264,103" oya="3" hai0="72,82,118,3,115,123,32,78,105,52,41,109,119" hai1="86,19,62,25,94,39,81,132,133,85,35,20,83" hai2="67,98,50,90,2,125,75,76,95,70,47,108,104" hai3="96,74,7,110,77,73,128,30,1,127,36,17,18"/><W24/><G36/><T91/><D32/><U23/><E35/><V134/><F2/><W131/><G127/><T55/><D123/><U45/><E94/><V12/><F125/><W101/><G7/><T97/><D3/><U28/><E62/><V113/><F113/><W117/><G117/><T21/><D109/><U14/><E39/><V121/><F108/><W135/><G135/><N who="1" m="51786" /><E45/><V92/><F134/><W106/><G1/><T27/><D41/><U65/><E65/><V43/><F121/><W59/><G59/><T87/><D115/><U100/><E100/><V54/><F67/><W15/><G110/><T102/><D118/><U31/><E31/><V107/><F70/><W13/><G30/><T103/><D103/><U37/><E37/><V33/><F33/><W53/><G53/><T5/><D119/><U8/><E23/><V114/><F114/><W6/><G6/><T61/><D61/><U40/><E40/><V68/><F68/><W126/><G24/><T88/><D5/><U16/><E19/><N who="3" m="7178" /><G126/><T46/><D55/><U89/><E89/><V69/><F69/><W51/><G51/><T49/><D72/><N who="3" m="27753" /><G77/><T64/><D64/><U129/><E85/><V4/><F76/><W58/><G58/><T9/><D9/><U112/><E112/><V120/><F75/><W29/><G29/><AGARI ba="0,0" hai="21,27,29,46,49,52,78,82,87,88,91,97,102,105" machi="29" ten="30,7700,0" yaku="7,1,52,1,54,2" doraHai="93" who="0" fromWho="3" sc="239,77,394,0,264,0,103,-77" /><INIT seed="4,0,0,4,4,59" ten="316,394,264,26" oya="0" hai0="53,90,18,47,72,103,76,64,34,132,130,68,35" hai1="55,110,9,97,33,112,46,118,109,105,133,37,75" hai2="25,31,79,102,94,111,69,123,36,73,16,62,99" hai3="135,50,92,17,87,45,88,100,5,82,117,131,2"/><T119/><BYE who="3" /><D119/><U125/><RYUUKYOKU type="yao9" ba="0,0" sc="316,0,394,0,264,0,26,0" hai1="9,33,37,46,55,75,97,105,109,110,112,118,125,133" /><INIT seed="4,1,0,5,4,128" ten="316,394,264,26" oya="0" hai0="53,100,54,127,49,5,134,91,45,122,88,75,17" hai1="81,59,85,6,94,19,71,119,109,117,37,120,25" hai2="28,72,106,51,68,35,58,102,97,7,64,107,118" hai3="46,93,105,84,34,9,79,21,29,110,132,32,47"/><T44/><D122/><UN n3="%6D%61%74%6F%30%36%30%33" /><U39/><E109/><V125/><F118/><W99/><G105/><T30/><D75/><U98/><E71/><V116/><F116/><W16/><G110/><T131/><D131/><U90/><E120/><V57/><F125/><W115/><G9/><T33/><D5/><U95/><E95/><V50/><F72/><W3/><G3/><T1/><D1/><U22/><E6/><V8/><F107/><W70/><G70/><T108/><D100/><U73/><E73/><V126/><F126/><W114/><G84/><T13/><D127/><U10/><E10/><V24/><F50/><W18/><G79/><T31/><D49/><U80/><E80/><V36/><F51/><W129/><G129/><T26/><D17/><U121/><E121/><V61/><REACH who="2" step="1"/><F36/><REACH who="2" ten="316,394,254,26" step="2"/><W76/><G16/><T55/><D108/><U2/><E39/><V56/><F56/><W11/><G21/><T82/><D45/><U83/><E37/><V96/><F96/><W112/><G132/><T113/><D44/><U124/><E124/><V78/><F78/><W15/><G76/><T66/><D134/><U135/><E135/><V65/><F65/><W27/><REACH who="3" step="1"/><G34/><REACH who="3" ten="316,394,254,16" step="2"/><T60/><D33/><U111/><E111/><V63/><F63/><W40/><G40/><T62/><D62/><U103/><E117/><V130/><F130/><W101/><AGARI ba="1,2" hai="11,15,18,27,29,32,46,47,93,99,101,112,114,115" machi="101" ten="30,4000,0" yaku="1,1,0,1,15,1,53,0" doraHai="128" doraHaiUra="48" who="3" fromWho="3" sc="316,-21,394,-11,254,-11,16,63" /><INIT seed="5,0,0,0,4,22" ten="295,383,243,79" oya="1" hai0="39,43,121,28,103,64,73,114,62,115,119,54,36" hai1="88,40,131,24,34,122,104,11,26,83,128,126,31" hai2="95,60,6,111,112,118,82,52,81,3,107,46,41" hai3="106,120,45,58,85,10,63,32,44,2,116,37,49"/><U89/><E126/><V8/><F118/><W123/><G116/><T71/><D119/><U69/><E122/><V78/><F107/><W0/><G37/><N who="0" m="14411" /><D73/><U101/><E40/><V12/><F111/><W35/><G106/><T127/><D103/><U18/><E69/><V59/><F112/><N who="0" m="43050" /><D28/><N who="1" m="19719" /><E83/><V29/><F29/><W19/><G85/><T4/><D4/><U5/><E18/><V94/><F81/><W72/><G72/><T90/><D90/><U14/><E101/><V16/><F46/><W97/><G97/><T48/><D127/><U67/><E67/><V17/><F41/><W86/><G86/><T100/><D100/><U80/><E80/><V79/><F79/><W7/><G2/><T77/><D77/><U33/><E104/><V38/><F38/><W66/><G19/><T130/><D43/><U65/><E65/><V57/><F57/><W87/><G87/><T129/><D121/><U56/><E56/><AGARI ba="0,0" hai="48,54,56,62,64,71,129,130" m="43050,14411" machi="56" ten="30,3900,0" yaku="15,1,34,2" doraHai="22" who="0" fromWho="1" sc="295,39,383,-39,243,0,79,0" /><INIT seed="6,0,0,4,4,85" ten="334,344,243,79" oya="2" hai0="115,34,110,99,69,116,31,101,133,53,42,113,114" hai1="86,22,27,104,20,105,123,109,33,112,120,13,125" hai2="57,131,100,92,36,130,21,19,37,38,129,90,108" hai3="135,111,60,10,11,97,14,122,134,72,30,88,59"/><V63/><F108/><W43/><G122/><N who="1" m="46634" /><E109/><V95/><F100/><W80/><G111/><T54/><D110/><U93/><E112/><V17/><F21/><N who="1" m="8297" /><E125/><V8/><F8/><W64/><G30/><T103/><D133/><U77/><E13/><V78/><F78/><W84/><G72/><T56/><D69/><U16/><E16/><V89/><F92/><W46/><G97/><T40/><D116/><U73/><E73/><V23/><F95/><W67/><G67/><T12/><D12/><U32/><E93/><V107/><F107/><N who="1" m="41033" /><E27/><N who="2" m="14831" /><F19/><W82/><G82/><AGARI ba="0,0" hai="32,33,77,82,86" m="41033,8297,46634" machi="82" ten="40,1300,0" yaku="13,1" doraHai="85" who="1" fromWho="3" sc="334,0,344,13,243,0,79,-13" /><INIT seed="7,0,0,4,5,27" ten="334,357,243,66" oya="3" hai0="66,33,128,36,116,76,67,38,57,65,11,112,135" hai1="126,46,62,39,43,86,17,77,132,133,19,0,55" hai2="16,3,123,95,44,29,125,47,114,48,90,60,70" hai3="68,9,61,15,53,130,58,35,80,109,121,69,118"/><W98/><G118/><T84/><D116/><U122/><E126/><V91/><F3/><W79/><G121/><T115/><D128/><U10/><E122/><V32/><F123/><W12/><G130/><T50/><D135/><N who="1" m="51787" /><E55/><V72/><F72/><W54/><G109/><T110/><D110/><U34/><E34/><V93/><F114/><N who="0" m="43562" /><D33/><U107/><E107/><V117/><F117/><W40/><G35/><T7/><D50/><U124/><E124/><V113/><F113/><W52/><G40/><T100/><D57/><U119/><E119/><V87/><F60/><W37/><G37/><N who="0" m="14443" /><D100/><U88/><E77/><V131/><F70/><W31/><G31/><T81/><D67/><U96/><E96/><V106/><F106/><W97/><G15/><T18/><D18/><U49/><E49/><V134/><F134/><W71/><G98/><T23/><D23/><U30/><E62/><V4/><F4/><W104/><G97/><T51/><D51/><U129/><E129/><V89/><F125/><W45/><G45/><T21/><D21/><U83/><E30/><V111/><F111/><W42/><G42/><T108/><D108/><U75/><E75/><V73/><F90/><W99/><G99/><T25/><D25/><U22/><E22/><V41/><F73/><W74/><REACH who="3" step="1"/><G104/><REACH who="3" ten="334,357,243,56" step="2"/><T63/><D63/><U103/><E103/><V8/><F29/><W56/><G56/><T82/><D82/><U64/><E83/><V28/><F131/><W127/><G127/><T1/><AGARI ba="0,1" hai="1,7,11,65,66,76,81,84" m="14443,43562" machi="1" ten="30,2000,0" yaku="15,1,11,1" doraHai="27" who="0" fromWho="0" sc="334,30,357,-5,243,-5,56,-10" owari="364,46.0,352,15.0,238,-16.0,46,-45.0" /></mjloggm>