<mjloggm ver="2.3"><GO type="185" lobby="0"/><UN n0="%50%42%33%2D%50" n1="%E6%B0%B4%E6%9B%9C%E4%BA%BA" n2="%43%72%65%2E%43" n3="" dan="17,16,18,0" rate="2252.38,2216.75,2335.19,1500.00" sx="M,M,F,C"/><TAIKYOKU oya="0"/><INIT seed="0,0,0,0,4,113" ten="350,350,350,0" oya="0" hai0="123,40,109,34,117,98,1,42,32,41,88,78,120" hai1="96,100,38,76,46,39,126,70,43,33,95,116,91" hai2="90,62,69,45,101,104,68,115,35,89,118,93,107" hai3=""/><T58/><N who="0" m="30752" /><T106/><N who="0" m="31520" /><T57/><D117/><U71/><E33/><V51/><F101/><T56/><D1/><U105/><E126/><V99/><F115/><T122/><N who="0" m="31264" /><T81/><D109/><U36/><E76/><V85/><F35/><T108/><D108/><U49/><REACH who="1" step="1"/><E116/><REACH who="1" ten="350,340,350,0" step="2"/><V64/><F118/><T128/><D128/><U3/><E3/><V77/><F77/><T129/><D129/><U79/><E79/><V124/><F124/><T44/><D44/><U66/><E66/><V37/><F64/><T131/><D131/><U130/><E130/><V87/><F45/><T125/><D125/><U48/><E48/><V110/><F51/><T65/><D65/><U2/><E2/><V114/><F114/><T50/><D50/><U52/><E52/><V55/><F55/><T61/><D61/><U74/><E74/><V47/><F62/><T112/><D112/><U60/><E60/><V54/><F54/><T135/><D135/><U121/><N who="1" m="31008" /><U53/><E53/><V94/><F110/><T102/><REACH who="0" step="1"/><D78/><REACH who="0" ten="340,340,350,0" step="2"/><U75/><E75/><V67/><F67/><T72/><D72/><U111/><E111/><V73/><F73/><T119/><D119/><U127/><E127/><V82/><F47/><RYUUKYOKU ba="0,2" sc="340,10,340,10,350,-20,0,0" hai0="32,34,40,41,42,56,57,58,81,88,98,102,106" hai1="36,38,39,43,46,49,70,71,91,95,96,100,105" /><INIT seed="0,1,2,0,3,96" ten="350,350,330,0" oya="0" hai0="94,101,38,125,58,120,76,43,129,50,36,57,106" hai1="53,63,35,54,78,98,110,60,112,99,84,67,33" hai2="65,32,132,116,104,66,79,48,108,113,41,0,133" hai3=""/><T75/><N who="0" m="30752" /><T73/><D106/><U39/><E39/><V124/><F113/><T123/><N who="0" m="31520" /><T56/><D129/><U61/><E67/><V102/><F0/><T71/><D71/><U97/><E112/><V64/><F32/><T105/><D105/><U46/><E110/><V44/><F108/><T118/><D118/><U128/><E128/><V111/><F111/><T52/><D125/><U117/><E117/><V72/><F116/><T2/><D2/><U103/><E46/><V1/><F1/><T93/><D93/><U74/><E74/><V122/><N who="2" m="31264" /><V49/><F124/><T68/><D68/><U3/><E3/><V70/><F70/><T37/><D43/><U77/><E103/><V100/><F104/><T121/><N who="0" m="31008" /><T59/><REACH who="0" step="1"/><D76/><REACH who="0" ten="340,350,330,0" step="2"/><U82/><E77/><V131/><F131/><T51/><D51/><U80/><E80/><V34/><F48/><T92/><D92/><U42/><E42/><V107/><F107/><T47/><D47/><U126/><E126/><V83/><REACH who="2" step="1"/><F34/><REACH who="2" ten="340,350,320,0" step="2"/><T119/><D119/><U81/><E33/><V86/><F86/><T89/><D89/><U130/><E35/><V109/><F109/><T69/><D69/><U135/><E130/><V45/><F45/><RYUUKYOKU ba="1,4" sc="340,10,350,-20,320,10,0,0" hai0="36,37,38,50,52,56,57,58,59,73,75,94,101" hai2="41,44,49,64,65,66,72,79,83,100,102,132,133" /><INIT seed="0,2,4,3,0,100" ten="350,330,330,0" oya="0" hai0="99,94,134,88,126,102,92,123,109,114,66,33,86" hai1="119,118,42,130,70,53,32,83,81,74,72,97,128" hai2="40,58,55,0,38,48,77,90,110,59,63,45,108" hai3=""/><T105/><N who="0" m="31520" /><T71/><D114/><U106/><E70/><V65/><F0/><T68/><D33/><U115/><E42/><V67/><F77/><T50/><D134/><U131/><E32/><V61/><REACH who="2" step="1"/><F90/><REACH who="2" ten="350,330,320,0" step="2"/><T107/><D68/><AGARI ba="2,5" hai="38,40,45,48,55,58,59,61,63,65,67,68,108,110" machi="68" ten="40,12000,2" yaku="1,1,2,1,24,2,34,3,53,0" doraHai="100" doraHaiUra="103" who="2" fromWho="0" sc="350,-124,330,0,320,174,0,0" /><INIT seed="1,0,0,3,3,99" ten="226,330,494,0" oya="1" hai0="117,51,116,48,63,110,47,96,71,60,44,83,119" hai1="95,1,102,107,100,123,56,75,59,118,35,129,36" hai2="86,84,78,91,66,133,120,34,125,52,45,32,49" hai3=""/><U65/><N who="1" m="31520" /><U81/><E118/><V101/><N who="2" m="30752" /><V106/><F125/><T92/><D110/><U105/><E35/><V67/><F133/><T127/><D127/><U97/><E1/><V50/><F78/><T76/><D71/><U70/><E36/><V74/><F74/><T87/><D47/><U104/><E129/><V132/><F132/><T134/><D134/><U33/><E33/><V69/><F84/><T3/><D3/><U41/><E41/><V112/><F112/><T130/><D48/><U37/><E37/><V62/><F67/><T122/><N who="0" m="31264" /><T40/><REACH who="0" step="1"/><D130/><REACH who="0" ten="216,330,494,0" step="2"/><U131/><E131/><V58/><F49/><T61/><D61/><U93/><E70/><V88/><F69/><T111/><D111/><U2/><E2/><V73/><F32/><T72/><D72/><U53/><E59/><V113/><F73/><T115/><D115/><U109/><E109/><V79/><F113/><T121/><N who="0" m="31008" /><T135/><D135/><U77/><E56/><V57/><F34/><T54/><D54/><U38/><E53/><V124/><F124/><T46/><D46/><U108/><E108/><V39/><F58/><T0/><D0/><U68/><E38/><V128/><F128/><T55/><D55/><RYUUKYOKU ba="0,1" sc="216,20,330,-10,494,-10,0,0" hai0="40,44,51,60,63,76,83,87,92,96,116,117,119" /><INIT seed="2,1,1,3,4,39" ten="236,320,484,0" oya="2" hai0="114,61,74,58,133,125,124,65,44,62,90,103,128" hai1="76,68,1,87,89,101,50,127,51,111,105,98,85" hai2="126,59,82,47,49,78,45,73,72,69,83,32,64" hai3=""/><V132/><F32/><T35/><D35/><U99/><E1/><V84/><F69/><T75/><D114/><U53/><E111/><V122/><N who="2" m="31264" /><V60/><F126/><N who="0" m="48746" /><D133/><U130/><E127/><V93/><F132/><T102/><D128/><U104/><E130/><V134/><F134/><T2/><D2/><U121/><N who="1" m="31008" /><U118/><E68/><V81/><F45/><T120/><N who="0" m="30752" /><T129/><D129/><U86/><E118/><V67/><F64/><T63/><D58/><U135/><E135/><V52/><REACH who="2" step="1"/><F93/><REACH who="2" ten="236,320,474,0" step="2"/><T97/><D65/><U117/><E117/><V38/><F38/><T88/><D44/><U55/><E105/><V116/><F116/><T92/><D103/><U66/><E66/><V33/><F33/><T112/><D112/><U79/><E101/><V110/><F110/><T34/><D34/><U43/><E104/><V77/><F77/><T95/><D102/><U91/><E79/><V41/><F41/><T94/><D92/><U42/><E76/><V56/><F56/><T115/><D115/><U100/><E100/><V131/><F131/><T123/><N who="0" m="31520" /><T109/><D109/><U113/><E113/><V37/><F37/><T0/><D0/><U107/><E107/><V48/><F48/><RYUUKYOKU ba="1,2" sc="236,10,320,-20,474,10,0,0" hai0="61,62,63,74,75,88,90,94,95,97" hai2="47,49,52,59,60,67,72,73,78,81,82,83,84" /><INIT seed="2,2,2,0,1,127" ten="246,300,484,0" oya="2" hai0="128,90,130,33,99,93,37,98,84,89,1,120,122" hai1="113,129,100,80,78,59,117,58,92,111,45,102,40" hai2="47,71,97,34,53,60,73,36,51,101,133,118,67" hai3=""/><V116/><F34/><T96/><D33/><U94/><E113/><V91/><F133/><T70/><D1/><U81/><E111/><V88/><F73/><T109/><D37/><U108/><E108/><V64/><F67/><T39/><D39/><U134/><E134/><V87/><F36/><T110/><D70/><U38/><E117/><V0/><F0/><T124/><D124/><U66/><E66/><V63/><F63/><T135/><D135/><U41/><E38/><V115/><F115/><T35/><D35/><U62/><E62/><V32/><F32/><T107/><D107/><U83/><E45/><V82/><REACH who="2" step="1"/><F91/><REACH who="2" ten="246,300,474,0" step="2"/><T85/><D99/><U75/><E75/><V95/><AGARI ba="2,3" hai="47,51,53,60,64,71,82,87,88,95,97,101,116,118" machi="95" ten="20,12000,2" yaku="1,1,2,1,0,1,7,1,54,1,53,1" doraHai="127" doraHaiUra="77" who="2" fromWho="2" sc="246,-62,300,-62,474,154,0,0" /><INIT seed="2,3,0,2,3,67" ten="184,238,628,0" oya="2" hai0="114,86,57,120,110,66,119,112,80,89,127,87,56" hai1="109,76,41,107,79,60,133,118,38,98,108,63,75" hai2="45,2,0,129,64,52,111,50,100,78,35,97,71" hai3=""/><V130/><F35/><T104/><N who="0" m="30752" /><T95/><D104/><U65/><E133/><V83/><F111/><T102/><D110/><U84/><E118/><V47/><F45/><T96/><D119/><U68/><E84/><V134/><F134/><T123/><N who="0" m="31520" /><T115/><D127/><U39/><E79/><V34/><F34/><T101/><D66/><U40/><E76/><V106/><F71/><T135/><D135/><U51/><E75/><V58/><F64/><T132/><D132/><U49/><E98/><V94/><F106/><T69/><D69/><U33/><E107/><V53/><F130/><T43/><D43/><U36/><E33/><V124/><F129/><T116/><D116/><U121/><N who="1" m="31008" /><U70/><E36/><V88/><F100/><N who="0" m="38506" /><D86/><U37/><E37/><V128/><F124/><T91/><AGARI ba="3,0" hai="56,57,80,87,89,91,95,96,112,114,115" m="38506,31520,30752" machi="91" ten="40,3900,0" yaku="11,1,52,2" doraHai="67" who="0" fromWho="0" sc="184,45,238,-16,628,-29,0,0" /><INIT seed="4,0,0,5,4,98" ten="229,222,599,0" oya="0" hai0="92,63,67,80,91,54,77,44,51,46,37,110,53" hai1="56,105,1,112,131,125,116,71,52,129,117,132,74" hai2="72,60,55,81,121,118,42,108,48,123,126,97,47" hai3=""/><T78/><D110/><U61/><E1/><V38/><N who="2" m="31008" /><V122/><N who="2" m="31264" /><V36/><N who="2" m="31520" /><V88/><F108/><T79/><D37/><U0/><E0/><V83/><F126/><T82/><D46/><U39/><E74/><V104/><F118/><N who="1" m="45673" /><E105/><V64/><F72/><T70/><REACH who="0" step="1"/><D54/><REACH who="0" ten="219,222,599,0" step="2"/><U127/><E39/><V40/><F36/><T100/><D100/><U32/><E32/><V103/><F42/><T50/><D50/><U59/><E112/><V66/><F55/><T133/><D133/><U106/><E132/><V107/><F48/><T76/><N who="0" m="19456" /><DORA hai="62" /><T93/><D93/><U3/><E3/><V94/><F107/><T84/><AGARI ba="0,1" hai="44,51,53,63,67,70,80,82,84,91,92" m="19456" machi="84" ten="40,5200,0" yaku="1,1,0,1,52,1,53,0" doraHai="98,62" doraHaiUra="113,2" who="0" fromWho="0" sc="219,62,222,-26,599,-26,0,0" /><INIT seed="4,1,0,0,2,98" ten="281,196,573,0" oya="0" hai0="125,2,85,44,68,92,100,56,41,59,104,95,66" hai1="61,128,52,130,1,88,90,118,97,39,134,43,51" hai2="122,64,48,65,108,117,40,75,3,58,80,132,74" hai3=""/><T42/><D2/><U105/><E1/><V103/><N who="2" m="31264" /><V126/><F108/><T96/><D125/><U71/><E118/><V89/><F3/><T73/><D73/><U60/><E134/><V62/><F132/><T33/><D33/><U114/><E114/><V45/><F117/><T49/><D42/><U112/><E112/><V76/><F126/><T120/><N who="0" m="30752" /><T35/><D35/><U84/><E39/><V0/><F0/><T129/><D129/><N who="1" m="49771" /><E43/><V69/><F103/><T46/><D46/><U67/><E61/><V123/><N who="2" m="31520" /><V38/><F89/><T111/><D111/><U81/><E81/><V57/><F64/><T115/><D115/><U107/><E84/><V50/><REACH who="2" step="1"/><F75/><REACH who="2" ten="281,196,563,0" step="2"/><T55/><D85/><U53/><E90/><V124/><F124/><T133/><D133/><U131/><E131/><V106/><F106/><T47/><D104/><U54/><E51/><AGARI ba="1,1" hai="38,40,45,48,50,51,57,58,62,65,69,74,76,80" m="31520,31264" machi="51" ten="40,5200,0" yaku="1,1,52,2,53,0" doraHai="98" doraHaiUra="102" who="2" fromWho="1" sc="281,0,196,-54,563,64,0,0" /><INIT seed="5,0,0,5,0,122" ten="281,142,627,0" oya="1" hai0="80,60,63,52,116,3,86,34,65,68,125,107,103" hai1="110,70,47,102,94,111,35,39,42,130,45,72,56" hai2="105,43,44,131,106,49,2,117,40,54,67,90,121" hai3=""/><U69/><E35/><V112/><F2/><T96/><D34/><U89/><E72/><V66/><N who="2" m="31008" /><V84/><F117/><T71/><D3/><U108/><E130/><V53/><F112/><T126/><D116/><U98/><E56/><V57/><F105/><T78/><D52/><U119/><E119/><V115/><F106/><T95/><D95/><U124/><E124/><V59/><F115/><T92/><D92/><U123/><N who="1" m="31520" /><U79/><E79/><V91/><F131/><T85/><D85/><U101/><E47/><V97/><F97/><T76/><D76/><U87/><E102/><V133/><F44/><T132/><D132/><U127/><E127/><N who="0" m="48649" /><D60/><U82/><AGARI ba="0,0" hai="39,42,45,69,70,82,87,89,94,98,101,108,110,111" m="31520" machi="82" ten="30,12000,2" yaku="0,1,10,1,52,4" doraHai="122" who="1" fromWho="1" sc="281,-60,142,120,627,-60,0,0" /><INIT seed="5,1,0,3,2,118" ten="221,262,567,0" oya="1" hai0="66,51,99,40,36,90,132,91,93,87,46,67,123" hai1="92,55,43,88,82,124,127,125,103,100,86,89,72" hai2="116,95,134,129,119,48,120,98,77,49,33,47,81" hai3=""/><U110/><E110/><V105/><N who="2" m="30752" /><V83/><F105/><T64/><N who="0" m="31520" /><T117/><D117/><U42/><E55/><V108/><F33/><T60/><D132/><U61/><E61/><V115/><F108/><T44/><D44/><U41/><REACH who="1" step="1"/><E72/><REACH who="1" ten="221,252,567,0" step="2"/><V107/><F119/><T59/><REACH who="0" step="1"/><D36/><REACH who="0" ten="211,252,567,0" step="2"/><U56/><E56/><V71/><F116/><T126/><D126/><U38/><E38/><V85/><F134/><T76/><D76/><U112/><E112/><V80/><F115/><T101/><D101/><U79/><E79/><V128/><F49/><T94/><AGARI ba="1,2" hai="40,46,51,59,60,64,66,67,87,90,91,93,94,99" m="31520" machi="94" ten="20,9000,2" yaku="1,1,0,1,7,1,8,1,52,2,53,1" doraHai="118" doraHaiUra="45" who="0" fromWho="0" sc="211,112,252,-61,567,-31,0,0" /><INIT seed="6,0,0,5,4,117" ten="323,191,536,0" oya="2" hai0="93,133,34,68,91,124,51,58,84,92,53,86,38" hai1="95,89,72,102,54,71,70,110,43,99,40,50,120" hai2="83,41,49,130,123,77,57,55,42,106,33,44,87" hai3=""/><V131/><N who="2" m="31520" /><V66/><F106/><T47/><D34/><U64/><N who="1" m="30752" /><U61/><E110/><V82/><F33/><T115/><D68/><U32/><E32/><V69/><F82/><T81/><D115/><U78/><E71/><V88/><F77/><T1/><D1/><U129/><E129/><V101/><F101/><T116/><D116/><U73/><E73/><V52/><F66/><T113/><D133/><U39/><E39/><V112/><F112/><T90/><D124/><U85/><E78/><V118/><F118/><T37/><D113/><U111/><E72/><V97/><F97/><T76/><D47/><U45/><E111/><V96/><F96/><AGARI ba="0,0" hai="37,38,51,53,58,76,81,84,86,90,91,92,93,96" machi="96" ten="30,1000,0" yaku="7,1" doraHai="117" who="0" fromWho="2" sc="323,10,191,0,536,-10,0,0" owari="333,-7.0,191,-41.0,526,48.0,0,0.0" /></mjloggm>