<mjloggm ver="2.3"><GO type="169" lobby="0"/><UN n0="%4D%4C%5A%4E%55%2D%53%4B" n1="%62%61%6B%75%72%61%30%38" n2="%E3%81%86%E3%81%AA%E3%81%8E%E9%BA%BA" n3="%E5%9B%BA%E3%82%86%E3%81%A7%E5%8D%B5" dan="16,17,16,16" rate="2120.74,2196.22,2057.81,2161.77" sx="F,M,M,M"/><TAIKYOKU oya="0"/><INIT seed="0,0,0,5,1,64" ten="250,250,250,250" oya="0" hai0="120,123,65,22,7,19,54,101,24,48,76,81,17" hai1="87,129,91,70,35,84,102,132,83,77,111,122,8" hai2="116,135,105,55,51,29,12,49,3,74,10,73,4" hai3="128,44,85,61,40,52,43,98,47,110,97,115,71"/><T121/><D7/><U42/><E35/><V14/><F105/><W0/><G115/><T2/><D2/><U16/><E122/><V125/><F29/><W112/><G112/><T79/><D101/><U28/><E111/><V75/><F135/><W92/><G0/><T107/><D107/><U9/><E129/><V104/><F104/><W89/><G110/><T67/><D19/><U18/><E132/><V25/><F125/><W59/><G128/><T38/><D38/><U46/><E70/><V95/><F25/><W27/><G27/><T37/><D37/><U20/><E102/><V90/><F51/><W130/><G130/><T31/><D31/><U106/><E106/><V68/><F68/><W62/><G62/><T103/><D103/><U80/><E28/><V127/><F127/><W108/><G108/><T126/><D76/><U30/><E30/><V93/><F93/><W50/><REACH who="3" step="1"/><G71/><REACH who="3" ten="250,250,250,240" step="2"/><T69/><D69/><U33/><E33/><V60/><F60/><W119/><G119/><T36/><D126/><U56/><E56/><V113/><F116/><W23/><G23/><T94/><D121/><U21/><E21/><V133/><F133/><W114/><G114/><T41/><D22/><U63/><E63/><V124/><F113/><W96/><G96/><T109/><D109/><U99/><E99/><V118/><F118/><W66/><G66/><T86/><D65/><U58/><E58/><N who="2" m="33135" /><F124/><W26/><G26/><T117/><D117/><U5/><E20/><V13/><F3/><W78/><G78/><T32/><D120/><U131/><E131/><V100/><F100/><RYUUKYOKU ba="0,1" sc="250,-15,250,-15,250,15,240,15" hai2="4,10,12,13,14,73,74,75,90,95" hai3="40,43,44,47,50,52,59,61,85,89,92,97,98" /><INIT seed="1,1,1,2,5,26" ten="235,235,265,255" oya="1" hai0="73,10,111,133,49,48,45,77,96,66,95,0,32" hai1="120,125,123,131,38,21,104,86,100,33,41,39,17" hai2="81,117,27,132,92,53,13,36,3,67,40,1,58" hai3="44,29,31,69,70,110,130,60,61,78,35,128,7"/><U87/><E33/><V119/><F67/><W15/><G35/><T105/><D111/><U64/><E64/><V47/><F132/><W85/><G110/><T135/><D105/><U76/><E125/><V75/><F13/><W107/><G107/><T84/><D32/><U82/><E131/><N who="3" m="50218" /><G44/><T90/><D66/><U109/><E109/><V50/><F92/><W14/><G85/><T62/><D62/><N who="3" m="24169" /><G78/><T4/><D84/><U91/><E41/><V114/><F114/><W8/><G14/><T93/><D93/><U28/><E120/><V16/><F1/><W63/><N who="3" m="24177" /><W23/><DORA hai="112" /><G23/><T43/><REACH who="0" step="1"/><D48/><REACH who="0" ten="225,235,265,255" step="2"/><U118/><E104/><V79/><REACH who="2" step="1"/><F3/><REACH who="2" ten="225,235,255,255" step="2"/><W65/><G65/><T134/><D134/><U2/><E2/><V9/><F9/><W106/><G106/><T12/><D12/><U127/><E123/><V5/><F5/><W42/><G42/><T121/><D121/><U34/><E127/><V98/><F98/><W6/><G6/><T18/><D18/><U55/><E17/><V122/><F122/><W103/><G70/><T126/><D126/><U20/><E82/><AGARI ba="1,3" hai="0,4,10,43,45,49,73,77,82,90,95,96,133,135" machi="82" ten="40,2600,0" yaku="1,1,53,1" doraHai="26,112" doraHaiUra="24,89" who="0" fromWho="1" sc="225,59,235,-29,255,0,255,0" /><INIT seed="2,0,0,3,4,70" ten="284,206,255,255" oya="2" hai0="8,2,20,121,9,55,134,24,123,29,86,132,117" hai1="83,13,93,96,14,57,68,56,48,103,49,61,45" hai2="72,23,111,39,129,75,35,37,104,113,30,84,69" hai3="44,22,100,16,110,90,109,10,34,115,28,18,53"/><V12/><F113/><W66/><G115/><T133/><D55/><U76/><E68/><V63/><F104/><W1/><G66/><T32/><D86/><U65/><E57/><V67/><F35/><W77/><G100/><T85/><D85/><U3/><E3/><V99/><F99/><W107/><G107/><T106/><D106/><U64/><E65/><V0/><F0/><W112/><G112/><T17/><D117/><U79/><E49/><V78/><F129/><W74/><G90/><T58/><D58/><U21/><E21/><V114/><F114/><W125/><G53/><T59/><D59/><U40/><REACH who="1" step="1"/><E79/><REACH who="1" ten="284,196,255,255" step="2"/><V47/><F23/><W97/><G77/><T81/><D2/><U91/><E91/><V98/><F78/><W71/><G1/><T31/><D20/><U95/><E95/><V41/><F69/><W33/><G22/><T118/><D132/><U51/><E51/><V15/><F63/><W88/><G71/><T82/><D32/><U19/><E19/><V54/><F67/><W60/><G16/><T101/><D17/><U92/><E92/><V52/><F30/><W94/><G18/><T38/><D29/><U7/><E7/><V6/><F6/><W128/><G28/><T46/><D31/><U50/><E50/><V116/><F12/><W102/><G94/><T124/><D133/><U89/><E89/><V126/><F15/><W73/><G88/><T25/><D134/><U43/><E43/><V4/><F41/><W122/><G33/><T11/><D24/><U119/><E119/><V36/><F116/><W130/><G34/><RYUUKYOKU ba="0,1" sc="284,-10,196,30,255,-10,255,-10" hai1="13,14,40,45,48,56,61,64,76,83,93,96,103" /><INIT seed="3,1,1,4,3,98" ten="274,226,245,245" oya="3" hai0="114,106,7,100,1,116,109,63,39,83,90,69,60" hai1="65,126,85,49,107,56,93,40,88,38,2,4,16" hai2="121,59,3,94,130,19,26,43,132,115,133,51,127" hai3="5,123,15,105,62,11,87,31,96,92,10,71,78"/><W20/><G123/><T34/><D63/><U81/><E38/><V50/><F3/><W79/><G105/><T41/><D90/><U103/><E2/><V8/><F121/><W6/><G71/><T70/><D60/><N who="1" m="38023" /><E107/><V67/><F115/><W101/><G62/><T120/><D83/><U102/><E4/><V53/><F67/><W27/><REACH who="3" step="1"/><G87/><REACH who="3" ten="274,226,245,235" step="2"/><T33/><D69/><U73/><E73/><V113/><F133/><W134/><G134/><T111/><D70/><U82/><E126/><V37/><F127/><W21/><G21/><T42/><D106/><U110/><E110/><V122/><F132/><W89/><G89/><T29/><D120/><U76/><E76/><V77/><F77/><W52/><G52/><T45/><D111/><U35/><E35/><V125/><F53/><W55/><G55/><T95/><D33/><U9/><E40/><V84/><F43/><W24/><G24/><T135/><D41/><U75/><E75/><V91/><F125/><W131/><G131/><T66/><D34/><U64/><E64/><V118/><F130/><W72/><G72/><T32/><D32/><U14/><E49/><V58/><F51/><W99/><G99/><T17/><D42/><U12/><E12/><AGARI ba="1,2" hai="5,6,10,11,12,15,20,27,31,78,79,92,96,101" machi="12" ten="30,12000,1" yaku="1,1,7,1,9,1,8,1,52,1,53,0" doraHai="98" doraHaiUra="44" who="3" fromWho="1" sc="274,0,226,-123,245,0,235,143" /><INIT seed="3,2,0,4,1,84" ten="274,103,245,378" oya="3" hai0="121,17,8,109,89,64,56,130,67,77,22,111,19" hai1="25,1,54,42,52,66,108,105,129,122,71,119,132" hai2="24,79,92,81,116,72,115,131,29,82,104,15,106" hai3="48,44,31,127,125,33,58,49,93,69,55,75,28"/><W38/><G75/><T114/><D77/><U112/><RYUUKYOKU type="yao9" ba="2,0" sc="274,0,103,0,245,0,378,0" hai1="1,25,42,52,54,66,71,105,108,112,119,122,129,132" /><INIT seed="3,3,0,1,4,76" ten="274,103,245,378" oya="3" hai0="80,96,70,54,122,127,128,40,98,101,73,23,52" hai1="4,93,77,126,107,9,120,48,27,24,116,75,117" hai2="58,115,25,124,39,32,91,65,103,72,92,31,0" hai3="44,41,20,110,79,109,97,102,74,28,21,89,16"/><W99/><G28/><T42/><D70/><U46/><E107/><V78/><F115/><W49/><G89/><T66/><D66/><U108/><E120/><V50/><F39/><W62/><G62/><T57/><D128/><U6/><E108/><N who="3" m="41578" /><G21/><T5/><D23/><U85/><E75/><V59/><F0/><W2/><G2/><T114/><D73/><U90/><E126/><V8/><F103/><W60/><G60/><T12/><D101/><U71/><E71/><V13/><F65/><W43/><G43/><T37/><D42/><U121/><E77/><V135/><F124/><W64/><G64/><T87/><D40/><N who="1" m="24647" /><E6/><V68/><F68/><W35/><G35/><T61/><D5/><U133/><E121/><V130/><F31/><W111/><G111/><T22/><D61/><U123/><E123/><V95/><F32/><W129/><G129/><T26/><D127/><U15/><E133/><V105/><F91/><W18/><G102/><T86/><D122/><U100/><E100/><V94/><F135/><W81/><G18/><T17/><D17/><U56/><E56/><V10/><F59/><W67/><G67/><T53/><D57/><U55/><E55/><V118/><F58/><W125/><G125/><T11/><D52/><U1/><E1/><V14/><F130/><W84/><G74/><T29/><D53/><U131/><E131/><V104/><F72/><W47/><G47/><T132/><D54/><U83/><E93/><V106/><F95/><W82/><G82/><T7/><D80/><U63/><E63/><V69/><F69/><W134/><G134/><RYUUKYOKU ba="3,0" sc="274,-15,103,15,245,-15,378,15" hai1="4,9,15,24,27,83,85,90,116,117" hai3="16,20,41,44,49,79,81,84,97,99" /><INIT seed="3,4,0,2,1,15" ten="259,118,230,393" oya="3" hai0="48,105,27,56,47,114,99,120,80,14,104,72,128" hai1="110,100,85,34,66,6,23,69,22,13,70,118,73" hai2="40,74,95,125,106,76,90,117,127,8,65,33,21" hai3="17,20,58,94,121,43,35,51,81,88,112,30,0"/><W1/><G121/><T59/><D120/><U11/><E73/><V16/><F106/><W25/><G112/><T31/><D128/><U75/><E75/><V62/><F33/><W102/><G81/><T107/><D99/><U135/><E100/><V124/><F40/><W10/><G102/><T133/><D133/><U63/><E110/><V77/><F8/><W84/><G10/><T71/><D71/><U101/><E135/><V60/><F117/><W54/><REACH who="3" step="1"/><G43/><REACH who="3" ten="259,118,230,383" step="2"/><T111/><D80/><U122/><E101/><V18/><F74/><W91/><G91/><T129/><D72/><U55/><E11/><V92/><F125/><W57/><G57/><T109/><D56/><U82/><E82/><V119/><F90/><W89/><G89/><T41/><D59/><U116/><E122/><V130/><F119/><W32/><G32/><T132/><D132/><U103/><E34/><V5/><F130/><W131/><G131/><T108/><D129/><U96/><E103/><V68/><F68/><W37/><G37/><T49/><D114/><U98/><E70/><V45/><F45/><W46/><G46/><T115/><D115/><U24/><E118/><V61/><F127/><W4/><G4/><T12/><D47/><U50/><E116/><V113/><F5/><W19/><G19/><T83/><D41/><U78/><E6/><V3/><F18/><W36/><G36/><T53/><D83/><U38/><E38/><V42/><F113/><W123/><G123/><T26/><D108/><U52/><E69/><V67/><F124/><W86/><G86/><T64/><D109/><RYUUKYOKU ba="4,1" sc="259,-10,118,-10,230,-10,383,30" hai3="0,1,17,20,25,30,35,51,54,58,84,88,94" /><INIT seed="3,5,1,3,5,21" ten="249,108,220,413" oya="3" hai0="26,54,9,111,78,130,117,93,115,60,133,17,70" hai1="81,24,135,57,102,27,25,72,12,30,113,106,66" hai2="37,118,52,39,35,46,116,85,55,40,1,131,67" hai3="124,99,42,119,77,34,120,43,15,61,51,5,62"/><W0/><G120/><T76/><D117/><U79/><E113/><V19/><F1/><W107/><G119/><T101/><D111/><U80/><E135/><V47/><F35/><W33/><G0/><T94/><D130/><U7/><E106/><V83/><F131/><W87/><G124/><T56/><D70/><U69/><E69/><V59/><F67/><W114/><G114/><T48/><D133/><U123/><E123/><V126/><F126/><W50/><G99/><T127/><D93/><U88/><E102/><V65/><F65/><W36/><G36/><T110/><D110/><U11/><E81/><V16/><F118/><W96/><G96/><T129/><D129/><U31/><REACH who="1" step="1"/><E88/><REACH who="1" ten="249,98,220,413" step="2"/><V74/><F116/><W86/><G107/><T92/><D115/><U8/><E8/><V13/><F74/><W44/><G77/><T4/><D92/><U23/><E23/><V84/><F84/><N who="3" m="32299" /><G33/><T45/><D94/><U6/><E6/><V53/><F59/><W97/><G34/><T95/><D56/><U29/><E29/><V103/><F103/><W64/><G97/><T112/><D101/><U49/><E49/><V71/><F71/><W68/><G50/><T89/><D48/><U82/><E82/><V14/><F39/><W75/><G75/><T10/><D112/><U91/><E91/><V90/><REACH who="2" step="1"/><F47/><REACH who="2" ten="249,98,210,413" step="2"/><W109/><G44/><T98/><D45/><U28/><E28/><V73/><F73/><W105/><G68/><T38/><D38/><U63/><AGARI ba="5,3" hai="7,11,12,24,25,27,30,31,57,63,66,72,79,80" machi="63" ten="30,8000,1" yaku="1,1,0,1,52,3,53,0" doraHai="21" doraHaiUra="41" who="1" fromWho="1" sc="249,-25,98,125,210,-25,413,-45" /><INIT seed="4,0,0,1,5,27" ten="224,223,185,368" oya="0" hai0="111,104,124,22,74,44,112,15,131,24,107,101,25" hai1="126,85,93,127,98,92,122,125,54,133,97,110,76" hai2="132,35,114,65,32,21,134,105,71,33,113,118,61" hai3="10,30,14,82,11,51,18,52,115,66,16,28,91"/><T55/><D74/><U60/><E60/><V84/><F84/><N who="3" m="50583" /><G115/><N who="2" m="44041" /><F21/><W43/><G66/><T41/><D112/><U23/><E23/><V12/><F12/><N who="3" m="7447" /><G43/><T68/><D68/><U90/><E54/><V64/><F64/><W128/><G128/><T62/><D131/><U57/><E57/><AGARI ba="0,0" hai="11,14,16,28,30,51,52,57" m="7447,50583" machi="57" ten="30,8000,1" yaku="8,1,52,2,54,2" doraHai="27" who="3" fromWho="1" sc="224,0,223,-80,185,0,368,80" /><INIT seed="5,0,0,5,3,45" ten="224,143,185,448" oya="1" hai0="2,86,76,3,55,80,51,40,46,113,64,69,7" hai1="28,132,1,117,6,128,50,133,131,68,122,81,44" hai2="20,56,29,98,61,57,114,125,26,49,104,91,54" hai3="38,103,75,108,124,4,0,135,116,126,112,129,71"/><U52/><E117/><V8/><F125/><W35/><G103/><T101/><D113/><U67/><E122/><V79/><F114/><W53/><G4/><T72/><D101/><U94/><E28/><V48/><F79/><W21/><G53/><T84/><D3/><U111/><E111/><V87/><F104/><W65/><G21/><T12/><D2/><U95/><E81/><V83/><F98/><W66/><G66/><T39/><D7/><U70/><E6/><V97/><F8/><W130/><G65/><T16/><D64/><U63/><E1/><V93/><REACH who="2" step="1"/><F57/><REACH who="2" ten="224,143,175,448" step="2"/><W110/><G126/><T100/><D69/><U118/><E70/><V30/><F30/><W121/><G110/><T36/><D100/><U115/><E115/><V89/><AGARI ba="0,1" hai="20,26,29,48,49,54,56,61,83,87,89,91,93,97" machi="89" ten="20,12000,2" yaku="1,1,0,1,7,1,8,1,52,2,53,1" doraHai="45" doraHaiUra="58" who="2" fromWho="2" sc="224,-30,143,-60,175,130,448,-30" /><INIT seed="6,0,0,4,1,17" ten="194,83,305,418" oya="2" hai0="0,5,77,105,37,108,74,110,7,45,2,48,13" hai1="66,83,41,114,96,47,22,73,4,86,69,80,113" hai2="60,118,92,104,76,42,63,107,97,129,94,82,98" hai3="29,132,128,126,10,112,32,101,26,12,43,88,6"/><V33/><F33/><W100/><G128/><T84/><D74/><U15/><E73/><V75/><F42/><W40/><G132/><T16/><D37/><U95/><E66/><V35/><F35/><W133/><G133/><T38/><D38/><U116/><E69/><V51/><F118/><W64/><G64/><T119/><D105/><U46/><E116/><V89/><F129/><W93/><G126/><T50/><D119/><U79/><E83/><V1/><F1/><W52/><G112/><T120/><D84/><U67/><E67/><V68/><F51/><W19/><G52/><T58/><D77/><U78/><E78/><V123/><F123/><W71/><G71/><T127/><D13/><U115/><E41/><V90/><F68/><W57/><G57/><T135/><D58/><U91/><REACH who="1" step="1"/><E4/><REACH who="1" ten="194,73,305,418" step="2"/><V21/><F107/><W130/><G40/><T81/><D135/><U103/><E103/><V36/><F104/><W61/><G43/><T72/><D5/><U18/><AGARI ba="0,1" hai="15,18,22,46,47,79,80,86,91,95,96,113,114,115" machi="18" ten="40,8000,1" yaku="1,1,0,1,15,1,52,1,53,0" doraHai="17" doraHaiUra="62" who="1" fromWho="1" sc="194,-20,73,90,305,-40,418,-20" /><INIT seed="7,0,0,1,4,86" ten="174,163,265,398" oya="3" hai0="29,104,1,58,39,102,133,36,33,93,105,88,66" hai1="42,70,71,15,84,72,18,122,74,92,134,27,76" hai2="101,19,126,44,125,129,90,98,57,123,64,55,131" hai3="65,47,100,41,38,135,11,3,62,45,75,106,48"/><W99/><G135/><T13/><D1/><U97/><E122/><V49/><F19/><W37/><G75/><T130/><D33/><U115/><E134/><V89/><F123/><W117/><G117/><T94/><D133/><U120/><E120/><V46/><F46/><W108/><G108/><T68/><D68/><U77/><E115/><V43/><F64/><W10/><G3/><T82/><D29/><U9/><E72/><V118/><F118/><W63/><G63/><N who="0" m="38263" /><D39/><U121/><E121/><V54/><F54/><W22/><G22/><T78/><D36/><U85/><E74/><V14/><F14/><W83/><G83/><T6/><D104/><U12/><E42/><V119/><F119/><W73/><G73/><T24/><D24/><U132/><E132/><V2/><F2/><W80/><G80/><T30/><D30/><U128/><E128/><N who="2" m="49227" /><F126/><W124/><G124/><T26/><D26/><U17/><E27/><V107/><F125/><W51/><G38/><AGARI ba="0,0" hai="38,43,44,49,55,57,89,90,98,101,107" m="49227" machi="38" ten="30,3900,0" yaku="19,1,52,2" doraHai="86" who="2" fromWho="3" sc="174,0,163,0,265,39,398,-39" owari="174,-23.0,163,-34.0,304,10.0,359,47.0" /></mjloggm>