<mjloggm ver="2.3"><GO type="225" lobby="0"/><UN n0="%E7%89%9B%E7%89%9B%E7%89%9B%E7%89%9B" n1="%E3%81%99%E3%81%84%E3%81%BE%E3%81%9B%E3%83%BC%E3%82%93" n2="%E3%83%AD%E3%83%83%E3%83%86%E9%9B%80%E7%90%83" n3="%E9%95%B7%E5%B3%B6%E3%83%B3%E3%82%AC%E3%83%B3" dan="16,17,18,17" rate="2126.12,2156.16,2262.93,2141.50" sx="M,M,F,M"/><TAIKYOKU oya="0"/><INIT seed="0,0,0,1,5,119" ten="250,250,250,250" oya="0" hai0="44,58,104,108,6,123,57,67,16,55,115,89,56" hai1="125,85,31,2,128,9,122,87,110,38,80,109,11" hai2="117,105,99,63,65,47,3,53,60,127,78,129,75" hai3="52,66,17,111,116,10,114,102,62,131,118,73,103"/><T33/><D104/><U39/><E125/><V126/><F3/><W13/><G114/><T35/><D115/><U72/><E128/><V132/><F99/><W69/><G131/><T90/><D123/><U46/><E122/><V59/><F78/><W29/><G73/><T22/><D6/><U43/><E39/><V12/><F12/><W100/><G111/><N who="1" m="42506" /><E31/><V134/><F75/><W15/><G29/><T14/><D108/><U4/><E11/><V121/><F105/><W64/><G64/><T36/><D67/><U112/><E112/><V45/><F121/><W23/><REACH who="3" step="1"/><G52/><REACH who="3" ten="250,250,250,240" step="2"/><T113/><D113/><U70/><E70/><N who="2" m="42279" /><F129/><W120/><G120/><T106/><D55/><U83/><E72/><V68/><F68/><W94/><G94/><T0/><D106/><U34/><E34/><V21/><F117/><W20/><G20/><T97/><D33/><U42/><E42/><V41/><F21/><W82/><G82/><AGARI ba="0,1" hai="2,4,9,38,43,46,80,82,83,85,87" m="42506" machi="82" ten="30,1000,0" yaku="14,1" doraHai="119" who="1" fromWho="3" sc="250,0,250,20,250,0,240,-10" /><INIT seed="1,0,0,2,4,12" ten="250,270,250,230" oya="1" hai0="60,108,32,122,106,24,117,56,67,46,15,72,22" hai1="42,78,134,68,48,58,16,11,63,105,49,55,86" hai2="40,34,130,116,125,51,79,109,85,112,9,25,53" hai3="28,47,123,69,129,127,73,132,61,96,74,65,2"/><U94/><E134/><V71/><F116/><W35/><G123/><T57/><D72/><U21/><E105/><V115/><F71/><W98/><G2/><T7/><D106/><U120/><E120/><V104/><F104/><W59/><G132/><T92/><D117/><U101/><E68/><V107/><F107/><W3/><G3/><T30/><D108/><U81/><E11/><V126/><F40/><W124/><G129/><T6/><D122/><U95/><E42/><V133/><F133/><W36/><G59/><T75/><D75/><N who="3" m="28681" /><G47/><T4/><D46/><U128/><E128/><V87/><F109/><W18/><G36/><T39/><D39/><U110/><E110/><V119/><F119/><W1/><G1/><T8/><D92/><N who="1" m="35371" /><E101/><V33/><F130/><W113/><G113/><T31/><REACH who="0" step="1"/><D56/><REACH who="0" ten="240,270,250,230" step="2"/><U37/><E37/><V82/><F115/><W41/><G69/><T20/><D20/><U135/><E135/><V76/><F112/><W103/><G35/><T50/><D50/><U100/><E100/><V93/><F51/><W5/><G103/><T89/><D89/><U62/><E49/><V23/><F34/><W0/><G124/><T102/><D102/><U111/><E111/><V121/><F33/><W77/><G127/><T88/><D88/><U26/><AGARI ba="0,1" hai="16,21,26,48,55,58,62,63,78,81,86" m="35371" machi="26" ten="30,6000,0" yaku="8,1,52,1,54,1" doraHai="12" who="1" fromWho="1" sc="240,-20,270,70,250,-20,230,-20" /><INIT seed="1,1,0,4,1,17" ten="220,340,230,210" oya="1" hai0="61,31,21,132,58,99,117,3,25,122,51,20,30" hai1="38,120,119,90,114,5,15,80,109,39,96,56,10" hai2="130,125,57,76,135,46,47,74,60,116,55,95,127" hai3="71,22,4,79,115,126,82,44,64,83,128,105,67"/><U78/><E114/><V32/><F32/><W103/><G115/><T40/><D3/><U102/><E119/><V68/><F95/><W11/><G71/><T9/><D117/><U24/><E120/><V27/><F27/><W72/><G126/><N who="2" m="48137" /><F76/><W121/><G121/><T65/><D132/><U107/><E90/><V66/><F74/><W93/><G105/><T45/><D122/><U108/><E24/><V97/><F97/><W131/><G83/><T75/><D75/><U89/><E89/><V43/><F116/><W28/><G44/><N who="2" m="16937" /><F43/><W13/><G103/><T94/><D9/><U118/><E118/><V133/><F130/><N who="3" m="49707" /><G93/><T86/><D86/><U73/><REACH who="1" step="1"/><E56/><REACH who="1" ten="220,330,230,210" step="2"/><V70/><F70/><W59/><G59/><T69/><D69/><U110/><AGARI ba="1,1" hai="5,10,15,38,39,73,78,80,96,102,107,108,109,110" machi="110" ten="30,18000,2" yaku="1,1,2,1,0,1,14,1,10,1,53,1" doraHai="17" doraHaiUra="104" who="1" fromWho="1" sc="220,-61,330,193,230,-61,210,-61" /><INIT seed="1,2,0,5,3,98" ten="159,523,169,149" oya="1" hai0="10,49,82,57,37,112,50,14,96,127,118,133,126" hai1="38,39,32,31,114,55,2,86,69,40,123,81,12" hai2="66,116,51,62,26,47,121,117,92,17,25,61,89" hai3="52,21,107,103,115,59,24,97,100,75,108,134,29"/><U104/><E114/><V78/><F121/><W87/><G115/><T130/><D37/><U18/><E123/><V77/><F117/><W3/><G75/><T106/><D112/><U9/><E104/><V124/><F124/><N who="0" m="47658" /><D118/><U76/><E69/><V43/><F116/><W101/><G108/><T129/><D133/><U74/><E2/><V56/><F62/><W4/><G134/><T67/><D82/><U119/><E40/><V131/><F131/><N who="0" m="50186" /><D67/><U11/><E119/><V48/><F48/><W35/><G35/><T65/><D65/><U111/><E39/><V28/><F17/><W83/><G4/><N who="0" m="3399" /><D57/><U13/><E38/><V54/><F66/><W42/><G42/><T23/><D23/><U135/><E135/><V53/><F43/><W68/><G68/><T90/><D90/><U58/><E74/><V5/><F5/><W6/><G6/><T94/><D94/><U27/><E111/><V110/><F110/><W63/><G3/><T22/><D22/><U71/><E71/><V132/><F132/><W45/><G45/><T46/><D46/><U70/><E70/><V99/><REACH who="2" step="1"/><F25/><REACH who="2" ten="159,523,159,149" step="2"/><W60/><G63/><T30/><D30/><U16/><E55/><V102/><F102/><AGARI ba="2,1" hai="49,50,96,102,106" m="3399,50186,47658" machi="102" ten="30,3900,0" yaku="18,1,19,1,52,1" doraHai="98" who="0" fromWho="2" sc="159,55,523,0,159,-45,149,0" /><INIT seed="2,0,0,2,3,3" ten="214,523,114,149" oya="2" hai0="22,11,106,73,130,97,14,67,34,30,69,118,65" hai1="44,103,102,90,134,77,12,13,61,109,80,87,55" hai2="83,120,38,9,56,25,82,114,27,5,46,105,28" hai3="75,51,35,24,31,45,53,124,41,70,72,104,16"/><V18/><F114/><W121/><G121/><T60/><D67/><U78/><E109/><V48/><F120/><W81/><G70/><T123/><D73/><U111/><E111/><V2/><F105/><W19/><G104/><T10/><D11/><U33/><E33/><V21/><F56/><W99/><G124/><T4/><D130/><U64/><E134/><V49/><F38/><W47/><G99/><T8/><D8/><U29/><E29/><V117/><F117/><W63/><G63/><T86/><D86/><U89/><E44/><V36/><F36/><W43/><G53/><T17/><D118/><U0/><E55/><V122/><F122/><W20/><G81/><T107/><D123/><U66/><E0/><V54/><REACH who="2" step="1"/><F49/><REACH who="2" ten="214,523,104,149" step="2"/><W59/><G59/><T52/><D106/><U95/><E61/><V76/><F76/><W91/><G51/><T62/><D107/><U68/><E78/><V98/><F98/><W26/><G72/><T6/><D97/><U92/><E77/><V88/><F88/><W112/><G75/><T132/><D132/><U40/><E68/><V110/><F110/><W42/><G112/><T129/><D69/><U94/><E90/><V127/><F127/><W116/><G116/><T108/><D108/><U101/><E89/><V79/><F79/><W71/><G71/><T113/><D113/><U32/><E103/><V131/><F131/><W50/><G91/><T7/><D129/><U119/><E102/><V93/><F93/><W133/><G133/><T85/><D62/><U1/><E101/><V39/><F39/><W135/><G135/><RYUUKYOKU ba="0,1" sc="214,-10,523,-10,104,30,149,-10" hai2="2,5,9,18,21,25,27,28,46,48,54,82,83" /><INIT seed="2,1,1,3,2,95" ten="204,513,134,139" oya="2" hai0="59,125,75,78,50,15,62,123,84,28,63,18,103" hai1="26,68,109,3,119,130,12,118,115,131,93,72,39" hai2="108,25,134,74,102,105,31,79,107,5,0,98,44" hai3="47,101,41,9,35,126,2,11,54,49,32,46,99"/><V36/><F134/><W117/><G117/><T55/><D75/><U70/><E93/><V20/><F108/><W110/><G110/><T116/><D116/><U61/><E26/><V129/><F129/><W23/><G126/><T87/><D125/><U34/><E12/><V96/><F0/><W38/><G23/><N who="0" m="11743" /><D28/><U19/><E19/><V85/><F5/><W132/><G132/><T97/><D123/><U69/><E61/><N who="0" m="23049" /><D78/><U114/><E70/><V24/><F74/><W30/><G30/><T8/><D8/><U113/><E115/><V10/><F10/><W89/><G89/><T65/><D65/><U33/><E3/><V40/><F25/><W92/><REACH who="3" step="1"/><G2/><REACH who="3" ten="204,513,134,129" step="2"/><T37/><D37/><U51/><E109/><V22/><F22/><W58/><G58/><T13/><D59/><U77/><E39/><V127/><F127/><W21/><G21/><T106/><D103/><U7/><E77/><V27/><F27/><W90/><G90/><T43/><D13/><U29/><E29/><V1/><F1/><W82/><G82/><T71/><D71/><U112/><E112/><V52/><F102/><W4/><G4/><T80/><D80/><U120/><E7/><V128/><F128/><W91/><G91/><T124/><D124/><U53/><E131/><V104/><REACH who="2" step="1"/><F52/><REACH who="2" ten="204,513,124,129" step="2"/><W48/><G48/><T111/><D50/><U17/><E53/><V121/><F121/><W16/><G16/><T57/><D55/><U100/><E130/><V14/><F14/><W83/><G83/><AGARI ba="1,3" hai="20,24,31,36,40,44,79,83,85,96,98,104,105,107" machi="83" ten="40,7700,0" yaku="1,1,52,2,53,0" doraHai="95" doraHaiUra="66" who="2" fromWho="3" sc="204,0,513,0,124,110,129,-80" /><INIT seed="2,2,0,5,0,9" ten="204,513,234,49" oya="2" hai0="89,6,102,116,124,78,48,114,41,72,55,96,28" hai1="49,118,91,100,26,76,45,56,80,33,83,62,132" hai2="65,113,123,42,61,57,14,59,3,47,64,66,109" hai3="11,1,92,43,71,39,90,22,67,25,104,12,53"/><V63/><F3/><W31/><G104/><T111/><D111/><U126/><E118/><V38/><F113/><W117/><G117/><T44/><D116/><U37/><E37/><V15/><F123/><W77/><G77/><T19/><D114/><U5/><E5/><V98/><F109/><W119/><G119/><T58/><D124/><U20/><E100/><V94/><F66/><W107/><G107/><T82/><D28/><U23/><E33/><V75/><F75/><W70/><G1/><T17/><D6/><U133/><E126/><V54/><F54/><W112/><G112/><T95/><REACH who="0" step="1"/><D102/><AGARI ba="2,0" hai="14,15,38,42,47,57,59,61,63,64,65,94,98,102" machi="102" ten="30,11600,0" yaku="7,1,9,1,52,2" doraHai="9" who="2" fromWho="0" sc="204,-122,513,0,234,122,49,0" /><INIT seed="2,3,0,5,2,9" ten="82,513,356,49" oya="2" hai0="85,35,95,49,27,52,78,22,123,103,88,26,30" hai1="11,97,16,23,120,126,24,28,74,71,12,46,99" hai2="34,105,116,14,122,8,32,51,128,125,56,41,31" hai3="18,45,118,135,94,75,117,89,96,48,36,6,119"/><V112/><F112/><W83/><G135/><T101/><D123/><U33/><E74/><V57/><F116/><W13/><G36/><T111/><D111/><U40/><E71/><V2/><F122/><W104/><G104/><T82/><D35/><U1/><E126/><V124/><F105/><W108/><G108/><T58/><D27/><U72/><E72/><AGARI ba="3,0" hai="22,26,30,49,52,58,72,78,82,85,88,95,101,103" machi="72" ten="30,3900,0" yaku="7,1,54,2" doraHai="9" who="0" fromWho="1" sc="82,48,513,-48,356,0,49,0" /><INIT seed="3,0,0,1,3,70" ten="130,465,356,49" oya="3" hai0="101,58,127,2,83,63,102,68,65,60,29,39,45" hai1="133,104,120,51,47,20,95,8,89,16,67,31,86" hai2="7,43,40,9,128,108,113,109,0,98,35,94,64" hai3="114,10,6,57,92,24,54,132,122,30,41,97,96"/><W90/><G132/><T33/><D2/><U56/><E120/><V99/><F113/><W5/><G114/><T111/><D127/><U107/><E133/><V12/><F35/><W22/><G122/><T81/><D111/><U15/><E107/><V135/><F135/><W25/><G41/><T28/><D33/><U36/><E104/><V84/><F128/><W93/><G24/><T125/><D125/><U32/><E32/><V66/><F0/><W11/><G5/><T123/><D123/><U48/><E36/><V14/><F84/><W71/><G6/><T119/><D39/><U80/><E95/><V79/><F94/><W73/><G71/><T27/><D45/><U78/><E78/><V69/><F69/><W61/><REACH who="3" step="1"/><G73/><REACH who="3" ten="130,465,356,39" step="2"/><T118/><D68/><U116/><E116/><V18/><F7/><W3/><G3/><T106/><D118/><U62/><E47/><V46/><F46/><W103/><AGARI ba="0,1" hai="10,11,22,25,30,54,57,61,90,92,93,96,97,103" machi="103" ten="20,7800,0" yaku="1,1,0,1,7,1,8,1,53,0" doraHai="70" doraHaiUra="130" who="3" fromWho="3" sc="130,-26,465,-26,356,-26,39,88" /><INIT seed="3,1,0,1,1,114" ten="104,439,330,127" oya="3" hai0="123,10,122,81,83,88,116,15,70,92,25,21,110" hai1="103,62,99,76,55,23,39,101,124,65,33,115,120" hai2="16,48,132,75,29,68,40,43,7,82,49,61,46" hai3="95,45,105,112,90,73,28,8,107,135,24,31,108"/><W56/><G112/><T51/><D70/><U100/><E115/><V14/><F132/><W117/><G117/><T11/><D116/><U85/><E120/><V134/><F134/><W72/><G135/><T78/><D110/><U128/><E33/><V0/><F29/><W66/><G45/><T6/><D10/><U129/><E39/><V63/><F68/><W30/><G24/><T97/><D51/><U130/><E124/><V53/><F7/><W121/><G121/><T1/><D1/><U18/><E55/><V35/><F0/><W104/><G8/><T9/><D9/><U52/><E52/><V98/><F35/><W42/><G42/><T58/><D58/><N who="1" m="37079" /><E85/><V54/><F98/><W131/><G131/><T84/><REACH who="0" step="1"/><D81/><REACH who="0" ten="94,439,330,127" step="2"/><U102/><E76/><V74/><F82/><W37/><G37/><T64/><D64/><U50/><E50/><V126/><F126/><W119/><G119/><T27/><D27/><N who="1" m="14839" /><E103/><V60/><F75/><W77/><G77/><T94/><D94/><AGARI ba="1,1" hai="94,99,100,101,102,128,129,130" m="14839,37079" machi="94" ten="30,1000,0" yaku="19,1" doraHai="114" who="1" fromWho="0" sc="94,-13,439,23,330,0,127,0" owari="81,-42.0,462,56.0,330,13.0,127,-27.0" /></mjloggm>