<mjloggm ver="2.3"><GO type="225" lobby="0"/><UN n0="%E3%81%99%E3%81%84%E3%81%BE%E3%81%9B%E3%83%BC%E3%82%93" n1="%E5%B2%B8%E6%98%8E%E6%97%A5%E9%A6%99" n2="%69%70%73%E6%88%A6%E5%A3%AB" n3="%E7%89%9B%E7%89%9B%E7%89%9B%E7%89%9B" dan="17,17,16,16" rate="2184.75,2131.80,2222.68,2128.45" sx="M,M,M,M"/><TAIKYOKU oya="0"/><INIT seed="0,0,0,3,5,40" ten="250,250,250,250" oya="0" hai0="85,88,44,24,106,0,81,9,62,99,116,64,93" hai1="87,19,65,69,50,104,12,107,83,135,35,112,21" hai2="111,71,33,51,68,55,131,134,101,120,34,114,52" hai3="128,115,92,76,74,91,16,45,84,4,25,118,95"/><T122/><D116/><U56/><E35/><V46/><F120/><W80/><G118/><T130/><D122/><U54/><E135/><V43/><F101/><W97/><G115/><T109/><D130/><U7/><E112/><V66/><F114/><W1/><G128/><T67/><D109/><U58/><E69/><V75/><F131/><W6/><G1/><T121/><D106/><U72/><E72/><V28/><F75/><W11/><G45/><T26/><D121/><U79/><REACH who="1" step="1"/><E7/><REACH who="1" ten="250,240,250,250" step="2"/><V82/><F134/><W61/><G4/><T32/><D32/><U133/><E133/><V29/><F34/><W15/><G6/><T10/><D0/><U20/><E20/><V14/><F33/><W49/><G11/><T94/><D9/><U23/><E23/><V129/><F68/><W47/><G15/><T8/><D10/><U132/><E132/><V63/><F129/><W126/><G25/><T117/><D8/><U22/><E22/><V96/><F111/><W127/><G16/><T113/><D113/><U119/><E119/><V124/><F14/><W90/><REACH who="3" step="1"/><G61/><AGARI ba="0,1" hai="12,19,21,50,54,56,58,61,65,79,83,87,104,107" machi="61" ten="40,2600,0" yaku="1,1,53,1" doraHai="40" doraHaiUra="48" who="1" fromWho="3" sc="250,0,240,36,250,0,250,-26" /><INIT seed="1,0,0,0,4,127" ten="250,276,250,224" oya="1" hai0="63,14,73,49,114,83,44,34,7,28,8,30,29" hai1="135,3,36,124,106,78,52,108,122,101,72,26,66" hai2="4,17,69,86,10,79,82,24,77,31,97,62,89" hai3="129,59,115,107,37,64,56,88,60,96,55,104,112"/><U87/><E122/><V71/><F17/><W102/><G37/><T16/><D114/><U19/><E3/><V126/><F126/><W5/><G5/><T11/><D63/><U99/><E36/><V33/><F97/><W50/><G107/><T90/><D34/><U39/><E39/><V93/><F62/><W58/><G58/><T47/><D49/><U119/><E119/><V84/><REACH who="2" step="1"/><F77/><REACH who="2" ten="250,276,240,224" step="2"/><W6/><G6/><T9/><D7/><U132/><E124/><V27/><F27/><W54/><G64/><T85/><REACH who="0" step="1"/><D73/><REACH who="0" ten="240,276,240,224" step="2"/><U128/><E72/><V1/><AGARI ba="0,2" hai="1,4,10,24,31,33,69,71,79,82,84,86,89,93" machi="1" ten="20,5200,0" yaku="1,1,0,1,7,1,53,1" doraHai="127" doraHaiUra="74" who="2" fromWho="2" sc="240,-13,276,-26,240,72,224,-13" /><INIT seed="2,0,0,3,0,82" ten="227,250,312,211" oya="2" hai0="39,128,134,57,114,9,42,112,95,27,98,13,94" hai1="6,130,104,88,46,120,25,115,105,70,58,81,35" hai2="90,52,69,73,107,8,4,124,40,126,37,78,65" hai3="55,3,18,77,89,135,101,76,61,109,100,60,93"/><V12/><F107/><W96/><G3/><T85/><D134/><U2/><E70/><V122/><F122/><W127/><G135/><T75/><D75/><U68/><E68/><V33/><F33/><W123/><G123/><T51/><D39/><U121/><E115/><V15/><F73/><W63/><G109/><T26/><D128/><U91/><E130/><V66/><F78/><W59/><G127/><N who="2" m="48681" /><F69/><W110/><G110/><T92/><D98/><U49/><E58/><V106/><F106/><W16/><G76/><T117/><D117/><U23/><E35/><V80/><F40/><W72/><G77/><T87/><D114/><U34/><E34/><V10/><F37/><W24/><G72/><T83/><D83/><U54/><E105/><V7/><F52/><W36/><G36/><T29/><D112/><U102/><E104/><V28/><F28/><W125/><G125/><T97/><D97/><U131/><E131/><V118/><F118/><W86/><G24/><N who="0" m="9259" /><D29/><U111/><E111/><V19/><F19/><N who="3" m="7211" /><G96/><T30/><D30/><U20/><E120/><V45/><F45/><W17/><N who="3" m="7219" /><W79/><DORA hai="50" /><G79/><T53/><D42/><U71/><E121/><V129/><F129/><W108/><G108/><T11/><D11/><U14/><E71/><V22/><F22/><W84/><G84/><AGARI ba="0,0" hai="4,7,8,10,12,15,65,66,80,84,90" m="48681" machi="84" ten="30,2900,0" yaku="18,1,52,1" doraHai="82,50" who="2" fromWho="3" sc="227,0,250,0,312,29,211,-29" /><INIT seed="2,1,0,1,2,54" ten="227,250,341,182" oya="2" hai0="36,97,84,103,29,8,53,59,57,33,68,115,23" hai1="81,28,91,119,56,1,61,79,89,9,19,67,111" hai2="48,0,43,47,121,51,65,17,76,77,64,80,122" hai3="52,78,26,101,85,74,38,14,113,129,102,40,27"/><V2/><F17/><W96/><G74/><T107/><D115/><U60/><E119/><V12/><F12/><W69/><G69/><T72/><D72/><U73/><E111/><V105/><F105/><W7/><G129/><T21/><D68/><U124/><E124/><V63/><F63/><W49/><G113/><T108/><D36/><U83/><E28/><V6/><F80/><W98/><G40/><T114/><D114/><U127/><E127/><V4/><F47/><W86/><G38/><T20/><D108/><U37/><E37/><V58/><F43/><W10/><G98/><T110/><D110/><U34/><E34/><V133/><F133/><W62/><G62/><T22/><D8/><U112/><E112/><V13/><F13/><W16/><G7/><T66/><D66/><U128/><E128/><V109/><F109/><W39/><G39/><T126/><D126/><U71/><E81/><V120/><F120/><W11/><G11/><T94/><D33/><U82/><E82/><V125/><F125/><W75/><G75/><T18/><D29/><U31/><E31/><V42/><F42/><W104/><G102/><T131/><D131/><U123/><E123/><V100/><F100/><W118/><G118/><T106/><D84/><N who="3" m="32361" /><G78/><T134/><D134/><U55/><E1/><V130/><F130/><W93/><G104/><N who="0" m="39979" /><D53/><U46/><E9/><V15/><F15/><W87/><N who="3" m="32369" /><W117/><DORA hai="41" /><G117/><T35/><D35/><U3/><E3/><V90/><F90/><N who="1" m="34313" /><E73/><V25/><F25/><W32/><G32/><T135/><D135/><U116/><E116/><RYUUKYOKU ba="1,0" sc="227,10,250,-30,341,10,182,10" hai0="18,20,21,22,23,57,59,94,97,103" hai2="0,2,4,6,48,51,58,64,65,76,77,121,122" hai3="10,14,16,26,27,49,52,93,96,101" /><INIT seed="2,2,0,4,2,35" ten="237,220,351,192" oya="2" hai0="90,43,104,128,123,85,81,121,15,29,45,51,16" hai1="120,8,4,91,131,111,33,79,54,0,9,5,105" hai2="100,42,58,20,56,92,103,118,72,63,48,32,28" hai3="129,6,47,18,94,40,44,50,84,77,110,37,126"/><V66/><F32/><W97/><G110/><T39/><D128/><U117/><E105/><V2/><F118/><W86/><G129/><T74/><D104/><U10/><E131/><V73/><F2/><W24/><G126/><T78/><D29/><U31/><E79/><V19/><F28/><W27/><G6/><T49/><D49/><U11/><E117/><V113/><F113/><W69/><G69/><T64/><D64/><U98/><E111/><V55/><F42/><W62/><G62/><T26/><D26/><U127/><E127/><V134/><F134/><W88/><G86/><T23/><REACH who="0" step="1"/><D39/><REACH who="0" ten="227,220,351,192" step="2"/><U52/><E120/><V70/><F48/><W30/><G30/><T65/><D65/><U71/><E5/><V89/><F66/><W17/><G24/><T83/><AGARI ba="2,1" hai="15,16,23,43,45,51,74,78,81,83,85,90,121,123" machi="83" ten="20,5200,0" yaku="1,1,0,1,7,1,54,1,53,0" doraHai="35" doraHaiUra="122" who="0" fromWho="0" sc="227,68,220,-15,351,-28,192,-15" /><INIT seed="3,0,0,2,0,84" ten="295,205,323,177" oya="3" hai0="124,15,59,110,52,17,16,106,5,21,100,90,97" hai1="22,76,61,50,49,42,29,66,73,24,46,122,115" hai2="125,91,103,130,98,74,132,93,0,25,94,2,58" hai3="113,88,39,85,107,86,82,12,19,105,80,83,102"/><W7/><G39/><T27/><D110/><U117/><E115/><V54/><F74/><W18/><G113/><T133/><D124/><U70/><E122/><V38/><F125/><W127/><G127/><T30/><D133/><U135/><E135/><V32/><F132/><W131/><G131/><T69/><D69/><U108/><E108/><V77/><F38/><W35/><G35/><T118/><D118/><U78/><E117/><V1/><F77/><N who="3" m="46223" /><G105/><T26/><D90/><U134/><E134/><V104/><F130/><W43/><G107/><T13/><D5/><U14/><E73/><V64/><F64/><W114/><G114/><T48/><D30/><U126/><E126/><V81/><F81/><N who="3" m="49231" /><G102/><T121/><D121/><U8/><E50/><V119/><F119/><W92/><G43/><T4/><D4/><AGARI ba="0,0" hai="4,8,14,22,24,29,42,46,49,61,66,70,76,78" machi="4" ten="30,1000,0" yaku="7,1" doraHai="84" who="1" fromWho="0" sc="295,-10,205,10,323,0,177,0" owari="285,9.0,215,-18.0,323,41.0,177,-32.0" /></mjloggm>