<mjloggm ver="2.3"><GO type="225" lobby="0"/><UN n0="%E3%83%AD%E3%83%83%E3%83%86%E9%9B%80%E7%90%83" n1="%E5%80%89%E6%95%B7%E4%B8%96%E7%BE%85" n2="%E7%99%BD%E8%89%B2%E3%81%AE%E6%B0%B4" n3="%70%68%65%6E%6F%6D%65" dan="18,16,16,17" rate="2202.32,2166.99,2097.67,2235.34" sx="F,F,M,M"/><TAIKYOKU oya="0"/><INIT seed="0,0,0,1,3,22" ten="250,250,250,250" oya="0" hai0="88,134,16,69,108,79,125,89,94,80,23,56,120" hai1="61,64,96,1,115,86,14,26,48,127,111,12,106" hai2="30,87,66,52,67,93,110,128,27,102,82,57,17" hai3="5,36,50,76,53,7,75,116,28,62,24,91,92"/><T35/><D120/><U43/><E1/><V97/><F128/><W73/><G36/><T74/><D69/><U2/><E2/><V29/><F110/><W68/><G116/><T109/><D35/><U132/><E111/><N who="0" m="42569" /><D125/><U32/><E115/><V33/><F17/><W46/><G68/><T124/><D124/><U95/><E127/><V37/><F30/><W13/><G62/><T20/><D134/><U90/><E132/><V60/><REACH who="2" step="1"/><F37/><REACH who="2" ten="250,250,240,250" step="2"/><W63/><G28/><T113/><D113/><U78/><E106/><V4/><F4/><W47/><G5/><T42/><D42/><U3/><E43/><V105/><F105/><W131/><G7/><T81/><D16/><U70/><E3/><V118/><F118/><W41/><G131/><T19/><D19/><U9/><E9/><V6/><F6/><W98/><G41/><T130/><D130/><U77/><E12/><V71/><F71/><W107/><G107/><T25/><D25/><U114/><E14/><V18/><F18/><W58/><G13/><T100/><D20/><U54/><E114/><V133/><F133/><W129/><G24/><T104/><D23/><U121/><E26/><V122/><F122/><W40/><G129/><T85/><D104/><U83/><E121/><V15/><F15/><W103/><G40/><T55/><D100/><N who="1" m="60447" /><E32/><V31/><F31/><W84/><G103/><T101/><D101/><U21/><E21/><V123/><F123/><W59/><G73/><T65/><D74/><U119/><E119/><V117/><F117/><W135/><G135/><T10/><D10/><U8/><E8/><RYUUKYOKU ba="0,1" sc="250,-15,250,15,240,15,250,-15" hai1="48,54,61,64,70,77,78,83,86,90" hai2="27,29,33,52,57,60,66,67,82,87,93,97,102" /><INIT seed="1,1,1,4,0,84" ten="235,265,255,235" oya="1" hai0="131,95,45,66,47,53,70,15,2,129,35,19,122" hai1="126,133,91,113,22,85,49,46,103,40,13,64,18" hai2="12,77,60,30,34,61,105,96,83,7,32,21,36" hai3="97,123,4,65,81,106,118,20,74,56,108,87,98"/><U132/><E113/><V82/><F36/><W125/><G123/><T63/><D2/><U58/><E126/><V57/><F61/><N who="3" m="38055" /><G74/><T73/><D35/><U86/><E103/><V109/><F109/><W0/><G0/><T14/><D73/><U127/><E127/><V44/><F44/><W79/><G106/><T51/><D122/><U110/><E110/><V62/><F62/><W72/><G72/><T90/><D47/><U88/><E64/><V48/><F48/><W43/><G108/><T92/><D92/><U120/><E120/><V89/><F7/><W128/><G128/><N who="0" m="49227" /><D19/><U93/><REACH who="1" step="1"/><E58/><REACH who="1" ten="235,255,255,235" step="2"/><V111/><F111/><W11/><G125/><T55/><D55/><U101/><E101/><V71/><F57/><W119/><G118/><T33/><D33/><U38/><E38/><V5/><F34/><W130/><G119/><T80/><D80/><AGARI ba="1,2" hai="13,18,22,40,46,49,80,85,86,88,91,93,132,133" machi="80" ten="40,12000,1" yaku="1,1,52,2,54,1,53,0" doraHai="84" doraHaiUra="59" who="1" fromWho="0" sc="235,-123,255,143,255,0,235,0" /><INIT seed="1,2,0,0,5,85" ten="112,398,255,235" oya="1" hai0="34,68,19,36,135,118,86,63,117,57,104,132,71" hai1="23,80,83,17,70,101,78,66,82,113,102,65,27" hai2="45,13,81,42,9,21,100,47,91,30,111,8,25" hai3="64,93,24,115,43,72,0,123,28,52,97,50,55"/><U41/><E113/><V3/><F111/><W48/><G123/><T89/><D34/><U112/><E112/><V105/><F3/><W90/><G115/><T73/><D73/><U7/><E70/><V29/><F29/><W6/><G72/><T33/><D33/><U110/><E110/><V103/><F105/><W125/><G125/><T88/><D104/><U67/><E78/><V114/><F114/><W106/><G106/><T69/><D36/><U131/><E131/><V20/><F20/><N who="3" m="15367" /><G0/><T119/><D19/><U56/><E7/><V58/><F58/><W122/><G122/><T16/><D16/><U4/><E4/><V74/><F9/><W107/><G107/><T94/><REACH who="0" step="1"/><D89/><REACH who="0" ten="102,398,255,235" step="2"/><U99/><E17/><V54/><F74/><W87/><G6/><T77/><D77/><U14/><E23/><V61/><F21/><W35/><G35/><T84/><D84/><U108/><E108/><V5/><F91/><W121/><G87/><T18/><D18/><U62/><E101/><V124/><F100/><W37/><G121/><T133/><D133/><U60/><E102/><V22/><F103/><W10/><G37/><T127/><D127/><U75/><E75/><V2/><F124/><W98/><G90/><T26/><D26/><U15/><E27/><V40/><F2/><W109/><G109/><T95/><D95/><U44/><E99/><V130/><F25/><W53/><G98/><T49/><D49/><N who="1" m="26767" /><E62/><V51/><F61/><W92/><G97/><T129/><D129/><U59/><E60/><V1/><F130/><W116/><G50/><T120/><D120/><RYUUKYOKU ba="2,1" sc="102,15,398,15,255,-15,235,-15" hai0="57,63,68,69,71,86,88,94,117,118,119,132,135" hai1="14,15,56,59,65,66,67,80,82,83" /><INIT seed="1,3,1,3,1,12" ten="117,413,240,220" oya="1" hai0="73,118,121,60,43,132,104,63,14,19,102,68,39" hai1="8,54,7,22,131,9,101,92,36,48,135,103,47" hai2="76,89,99,27,2,74,31,125,18,67,65,35,37" hai3="69,119,91,134,56,25,120,79,75,28,127,0,32"/><U111/><E135/><V116/><F116/><W128/><RYUUKYOKU type="yao9" ba="3,1" sc="117,0,413,0,240,0,220,0" hai3="0,25,28,32,56,69,75,79,91,119,120,127,128,134" /><INIT seed="1,4,1,4,2,60" ten="117,413,240,220" oya="1" hai0="48,98,13,99,41,38,68,56,61,9,14,34,110" hai1="6,94,128,115,45,117,52,118,0,62,91,75,121" hai2="27,132,16,23,127,28,90,81,134,65,80,42,71" hai3="67,111,96,66,21,130,55,18,10,40,32,103,20"/><U85/><E121/><V53/><F42/><W19/><G32/><T101/><D110/><U112/><E75/><V105/><F105/><W79/><G111/><T22/><D34/><U43/><E128/><V72/><F127/><W2/><G130/><T124/><D124/><U30/><E30/><V114/><F114/><W29/><G40/><T109/><D109/><U76/><E76/><V57/><F28/><W37/><G37/><T24/><D38/><U129/><E129/><V120/><F120/><W106/><G79/><T89/><D68/><U1/><E112/><V26/><F26/><W83/><G83/><T4/><D14/><U102/><E102/><V44/><F44/><W64/><G55/><T119/><D89/><U31/><E31/><V116/><F116/><W135/><G135/><N who="2" m="51753" /><F90/><W104/><G106/><T107/><D119/><U82/><E115/><V33/><F33/><W100/><G100/><T46/><D101/><U58/><E117/><V78/><F80/><W7/><REACH who="3" step="1"/><G29/><REACH who="3" ten="117,413,240,210" step="2"/><N who="0" m="17559" /><D107/><U12/><E118/><V15/><F53/><AGARI ba="4,2" hai="4,9,13,41,46,48,53,56,61,98,99" m="17559" machi="53" ten="30,1000,0" yaku="8,1" doraHai="60" who="0" fromWho="2" sc="117,42,413,0,240,-22,210,0" /><INIT seed="2,0,0,4,0,23" ten="159,413,218,210" oya="2" hai0="62,70,21,83,54,105,33,123,6,135,13,88,74" hai1="109,26,18,66,103,42,73,112,119,81,113,17,55" hai2="48,14,25,104,121,34,124,16,133,131,117,118,79" hai3="67,35,20,132,58,72,49,75,30,84,29,77,9"/><V107/><F121/><W63/><G35/><T94/><D135/><U114/><E119/><V125/><F79/><W19/><G132/><T53/><D105/><U27/><E109/><V2/><F133/><W130/><G130/><T106/><D106/><N who="2" m="40490" /><F2/><W78/><G9/><T37/><D33/><U120/><E120/><V24/><F48/><W15/><G75/><T38/><D123/><U126/><E126/><N who="2" m="48747" /><F118/><W57/><G72/><T92/><D74/><U82/><E73/><V86/><F131/><W41/><G78/><T98/><D83/><U76/><E76/><V7/><F117/><W32/><G32/><T101/><D38/><U46/><E112/><V50/><F7/><W36/><G36/><T60/><D37/><U64/><E113/><V128/><F34/><W56/><G49/><T0/><D0/><U47/><E114/><V80/><F50/><W43/><G41/><T11/><D21/><U51/><E42/><V4/><F4/><W122/><G43/><T127/><D127/><U40/><E40/><V97/><F97/><W90/><G77/><T69/><D69/><U1/><E1/><V85/><F128/><W61/><G122/><T8/><D8/><U39/><E39/><V129/><F129/><W59/><REACH who="3" step="1"/><G61/><REACH who="3" ten="159,413,218,200" step="2"/><N who="0" m="23659" /><D70/><U28/><E51/><V10/><F80/><AGARI ba="0,1" hai="15,19,20,29,30,56,57,58,59,63,67,80,84,90" machi="80" ten="40,2600,0" yaku="1,1,8,1,53,0" doraHai="23" doraHaiUra="44" who="3" fromWho="2" sc="159,0,413,0,218,-26,200,36" /><INIT seed="3,0,0,5,1,134" ten="159,413,192,236" oya="3" hai0="60,122,51,104,66,125,27,132,76,107,106,6,130" hai1="68,129,126,22,31,79,74,101,91,117,92,120,54" hai2="39,45,8,40,19,62,75,24,94,33,103,15,13" hai3="123,38,84,48,93,77,90,69,14,34,72,127,41"/><W85/><G123/><T42/><D132/><U63/><E120/><V9/><F75/><W18/><G38/><T36/><D122/><U64/><E126/><V131/><F131/><W1/><G127/><T67/><D130/><U20/><E129/><V28/><F62/><W83/><G1/><T30/><D125/><U82/><E117/><V89/><F103/><W128/><G128/><T124/><D124/><U108/><E108/><V102/><F102/><W111/><G111/><T71/><D67/><U119/><E119/><V80/><F80/><W50/><G34/><T99/><D51/><U12/><E31/><V43/><F43/><W135/><G69/><T47/><D76/><U25/><E25/><V133/><F133/><W29/><G29/><T98/><REACH who="0" step="1"/><D6/><REACH who="0" ten="149,413,192,236" step="2"/><U87/><E12/><V57/><F15/><W65/><G65/><T114/><D114/><U11/><E11/><V16/><F9/><W23/><G50/><T96/><D96/><U56/><E101/><V3/><F3/><W21/><G48/><AGARI ba="0,1" hai="20,22,48,54,56,63,64,68,74,79,82,87,91,92" machi="48" ten="30,1000,0" yaku="7,1" doraHai="134" who="1" fromWho="3" sc="149,0,413,20,192,0,236,-10" owari="149,-35.0,433,53.0,192,-21.0,226,3.0" /></mjloggm>