<mjloggm ver="2.3"><GO type="225" lobby="0"/><UN n0="%E8%A8%88%E7%AE%97%E6%A9%9F%E8%87%AA%E7%84%B6" n1="%69%70%73%E6%88%A6%E5%A3%AB" n2="%E3%81%AE%E3%81%AE%E3%81%BE%E3%81%99" n3="%E3%83%AD%E3%83%83%E3%83%86%E9%9B%80%E7%90%83" dan="17,16,16,18" rate="2206.97,2213.68,2106.86,2241.49" sx="M,M,F,F"/><TAIKYOKU oya="0"/><INIT seed="0,0,0,2,0,0" ten="250,250,250,250" oya="0" hai0="24,120,111,74,63,99,42,16,96,48,121,83,88" hai1="67,38,57,52,76,123,84,41,112,86,115,50,30" hai2="108,46,64,26,118,132,68,28,29,43,85,8,104" hai3="4,80,7,122,5,1,70,47,93,82,113,45,79"/><T20/><D111/><U110/><E123/><V17/><F108/><W109/><G113/><N who="1" m="43594" /><E110/><V44/><F85/><N who="1" m="32873" /><E30/><V11/><F28/><W125/><G70/><T95/><D99/><U134/><E67/><V91/><F104/><W39/><G1/><T18/><D18/><U15/><E76/><V105/><F105/><W55/><G39/><T129/><D129/><U32/><E32/><V117/><F29/><W2/><G2/><T97/><D97/><U69/><E69/><V131/><F68/><W89/><G125/><T25/><D25/><U61/><E134/><V56/><F132/><W73/><G122/><T51/><D63/><U60/><E15/><V13/><F64/><W23/><G109/><T10/><D10/><U124/><E124/><V72/><F8/><W12/><G55/><T66/><D66/><U116/><E116/><V19/><F11/><W9/><G23/><T31/><D31/><U126/><E126/><V3/><F3/><W98/><REACH who="3" step="1"/><G82/><REACH who="3" ten="250,250,250,240" step="2"/><T119/><D119/><U34/><E34/><V27/><F117/><W107/><G107/><T128/><D128/><U103/><E103/><V54/><F131/><W100/><G100/><T135/><D135/><U130/><E130/><V14/><F118/><W62/><G62/><T81/><D81/><U90/><E90/><V53/><F91/><W114/><G114/><T77/><REACH who="0" step="1"/><D51/><REACH who="0" ten="240,250,250,240" step="2"/><N who="1" m="30879" /><E38/><V22/><F22/><W127/><G127/><T92/><D92/><U59/><E61/><V33/><F33/><W58/><G58/><T102/><D102/><U36/><E60/><V65/><F56/><W75/><G75/><RYUUKYOKU ba="0,2" sc="240,15,250,-15,250,-15,240,15" hai0="16,20,24,42,48,74,77,83,88,95,96,120,121" hai3="4,5,7,9,12,45,47,73,79,80,89,93,98" /><INIT seed="0,1,2,4,1,116" ten="255,235,235,255" oya="0" hai0="25,111,11,66,117,87,70,71,63,101,35,45,29" hai1="49,104,68,123,5,129,12,67,69,60,30,83,75" hai2="0,36,94,82,47,96,10,88,6,119,55,57,4" hai3="86,44,51,77,89,103,61,42,53,80,58,121,33"/><T79/><D117/><U46/><E129/><V90/><F119/><W59/><G33/><T38/><D111/><U73/><E104/><V21/><F6/><W40/><G121/><T109/><D109/><U14/><E30/><V125/><F125/><W56/><G103/><T99/><D11/><U81/><E5/><V128/><F128/><W114/><G114/><T133/><D133/><U26/><E26/><V18/><F36/><W39/><G42/><N who="0" m="22743" /><D87/><U31/><E31/><V78/><F47/><W130/><G130/><T110/><D79/><U135/><E135/><V107/><F107/><W97/><G39/><T17/><D17/><U105/><E105/><V108/><F108/><W32/><G32/><T95/><D95/><AGARI ba="1,2" hai="40,44,51,53,56,58,59,61,77,80,86,89,95,97" machi="95" ten="40,1300,0" yaku="8,1" doraHai="116" who="3" fromWho="0" sc="255,-16,235,0,235,0,255,36" /><INIT seed="1,0,0,1,2,129" ten="239,235,235,291" oya="1" hai0="133,72,102,13,103,90,75,131,20,77,123,17,15" hai1="52,40,73,38,41,65,89,112,36,61,114,0,14" hai2="35,125,55,86,106,30,66,45,60,126,22,122,91" hai3="88,93,100,68,80,95,74,79,87,28,47,119,32"/><U6/><E0/><V110/><F106/><W57/><G68/><T94/><D131/><U53/><E73/><V58/><F122/><W120/><G120/><T42/><D123/><U111/><E89/><V83/><F35/><W26/><G119/><T21/><D42/><N who="1" m="16491" /><E14/><V49/><F110/><W18/><G47/><T34/><D34/><U2/><E2/><V107/><F107/><W70/><G70/><T64/><D64/><U27/><E27/><V85/><F85/><W116/><G116/><T82/><D75/><U46/><E6/><V43/><F43/><W96/><G57/><T23/><D133/><U37/><E111/><V127/><F30/><W7/><G18/><T62/><D62/><U33/><E33/><V48/><F48/><W135/><REACH who="3" step="1"/><G7/><REACH who="3" ten="239,235,235,281" step="2"/><T11/><REACH who="0" step="1"/><D13/><REACH who="0" ten="229,235,235,281" step="2"/><U108/><E108/><V109/><F109/><W59/><G59/><T8/><D8/><U78/><E46/><V134/><F22/><W31/><G31/><T51/><D51/><U44/><E44/><V130/><F130/><W56/><G56/><T25/><D25/><U5/><E37/><V71/><F58/><W98/><G98/><AGARI ba="0,2" hai="11,15,17,20,21,23,72,77,82,90,94,98,102,103" machi="98" ten="40,1300,0" yaku="1,1,53,0" doraHai="129" doraHaiUra="29" who="0" fromWho="3" sc="229,33,235,0,235,0,281,-13" /><INIT seed="2,0,0,0,5,79" ten="262,235,235,268" oya="2" hai0="121,120,108,35,123,124,17,122,78,36,87,106,8" hai1="33,14,110,30,93,104,49,131,74,132,84,46,73" hai2="6,109,42,53,90,91,28,12,61,44,69,9,37" hai3="3,41,130,43,11,34,96,23,29,13,68,10,102"/><V21/><F109/><W83/><G68/><T16/><D121/><U134/><E104/><V115/><F115/><W66/><G130/><T129/><D36/><U39/><E39/><V47/><F47/><W18/><G66/><T64/><D35/><U54/><E110/><V95/><F95/><W107/><G11/><T7/><D108/><U15/><E131/><V113/><F113/><W114/><G114/><T77/><D129/><U4/><E30/><V24/><REACH who="2" step="1"/><F53/><REACH who="2" ten="262,235,225,268" step="2"/><W55/><G55/><T32/><D120/><U51/><E134/><V1/><F1/><W65/><G3/><T92/><D92/><U62/><E132/><V25/><F25/><W99/><G107/><T70/><D106/><U52/><E93/><V117/><F117/><W98/><G43/><T133/><D133/><U19/><E46/><V97/><F97/><W58/><G41/><T40/><D40/><U82/><E54/><V67/><AGARI ba="0,1" hai="6,9,12,21,24,28,37,42,44,61,67,69,90,91" machi="67" ten="30,6000,0" yaku="1,1,0,1,53,1" doraHai="79" doraHaiUra="57" who="2" fromWho="2" sc="262,-20,235,-20,225,70,268,-20" /><INIT seed="2,1,0,4,4,6" ten="242,215,295,248" oya="2" hai0="8,93,38,100,5,72,0,132,33,54,96,92,68" hai1="80,27,124,111,125,105,15,16,103,14,101,79,10" hai2="78,90,85,20,95,114,65,113,11,122,87,129,49" hai3="59,74,41,40,46,118,39,35,2,97,30,37,24"/><V69/><F122/><W71/><G118/><T51/><D38/><U106/><E27/><V76/><F129/><W88/><G71/><T94/><D72/><U58/><E58/><V53/><F69/><W43/><G74/><T28/><D68/><U112/><E112/><V61/><F20/><W22/><G2/><T34/><D132/><U121/><E111/><V56/><F76/><W127/><G127/><N who="1" m="48714" /><E121/><V89/><F78/><W17/><G59/><T36/><D36/><U57/><E57/><V26/><F26/><W13/><REACH who="3" step="1"/><G46/><REACH who="3" ten="242,215,295,238" step="2"/><T52/><D54/><U32/><E32/><V134/><F134/><W25/><G25/><T108/><D108/><U119/><E119/><V12/><F61/><W128/><G128/><T104/><REACH who="0" step="1"/><D28/><REACH who="0" ten="232,215,295,238" step="2"/><U131/><E131/><V29/><F29/><W55/><G55/><T66/><D66/><U63/><E63/><V67/><F113/><W31/><G31/><T7/><D7/><U102/><E14/><V109/><F114/><W126/><G126/><T98/><D98/><U75/><AGARI ba="1,2" hai="10,15,16,75,79,80,101,102,103,105,106" m="48714" machi="75" ten="30,4000,0" yaku="18,1,52,1,54,1" doraHai="6" who="1" fromWho="1" sc="232,-11,215,63,295,-21,238,-11" /><INIT seed="3,0,0,5,3,78" ten="221,278,274,227" oya="3" hai0="42,15,68,8,122,133,90,12,64,21,47,24,96" hai1="61,116,55,105,34,72,88,120,67,82,3,110,31" hai2="18,118,84,5,22,36,108,20,10,4,19,26,30" hai3="106,102,123,75,130,131,25,13,11,83,52,28,129"/><W9/><G123/><T60/><D133/><U63/><E120/><V44/><F84/><W23/><G106/><T33/><D33/><U127/><E110/><V92/><F92/><W17/><G102/><T103/><D90/><U62/><E3/><N who="2" m="287" /><F44/><W27/><G27/><T40/><D122/><U38/><E105/><V56/><F56/><W114/><G114/><T134/><D134/><U51/><E38/><V107/><F107/><W85/><G52/><T53/><D53/><U86/><E116/><V95/><F95/><W112/><G112/><T125/><D125/><U99/><E127/><V7/><F36/><W74/><REACH who="3" step="1"/><G9/><REACH who="3" ten="221,278,274,217" step="2"/><T101/><D8/><U59/><E55/><V70/><F118/><W113/><G113/><T16/><D101/><U14/><E67/><V126/><F126/><W76/><AGARI ba="0,1" hai="11,13,17,23,25,28,74,75,76,83,85,129,130,131" machi="76" ten="30,11700,0" yaku="1,1,0,1,19,1,52,1,53,0" doraHai="78" doraHaiUra="111" who="3" fromWho="3" sc="221,-39,278,-39,274,-39,217,127" owari="182,-32.0,239,4.0,235,-16.0,344,44.0" /></mjloggm>