<mjloggm ver="2.3"><GO type="225" lobby="0"/><UN n0="%E5%80%89%E6%95%B7%E4%B8%96%E7%BE%85" n1="%E3%82%8C%E3%81%99%E3%81%93" n2="%E7%99%BD%E8%9B%87%E3%81%AE%E3%83%8A%E3%83%BC%E3%82%AC" n3="%E3%81%AF%E3%82%88%E3%81%8A%E3%81%98%E3%81%95%E3%82%93" dan="16,16,16,18" rate="2162.28,2125.35,2061.54,2274.07" sx="F,F,M,M"/><TAIKYOKU oya="0"/><INIT seed="0,0,0,0,2,130" ten="250,250,250,250" oya="0" hai0="71,52,112,37,48,61,1,26,122,125,100,34,59" hai1="24,28,27,9,108,67,32,92,20,42,55,89,56" hai2="90,50,124,68,80,45,66,16,133,31,131,116,41" hai3="63,82,33,25,49,134,96,46,62,115,98,57,83"/><T111/><D112/><U43/><E67/><V75/><F116/><W81/><G115/><T88/><D122/><U103/><E9/><V126/><F131/><W102/><G134/><T4/><D125/><N who="2" m="48234" /><F31/><W7/><G7/><T86/><D111/><U12/><E103/><V127/><F127/><W13/><G13/><T15/><D37/><U30/><E12/><V73/><F133/><W76/><G76/><T85/><D1/><U120/><E120/><V47/><F47/><W97/><G102/><T135/><D135/><U101/><E101/><V19/><F66/><W129/><G129/><T84/><D100/><U128/><E128/><V72/><F68/><W29/><REACH who="3" step="1"/><G57/><REACH who="3" ten="250,250,250,240" step="2"/><T114/><D114/><U58/><E58/><V35/><F35/><W64/><G64/><T99/><D15/><U113/><E113/><V132/><F132/><W51/><G51/><T69/><D4/><U10/><E108/><V91/><F91/><W6/><G6/><T94/><REACH who="0" step="1"/><D48/><REACH who="0" ten="240,250,250,240" step="2"/><U40/><E24/><V18/><F90/><W123/><G123/><T54/><D54/><AGARI ba="0,2" hai="25,29,33,46,49,54,62,63,81,82,83,96,97,98" machi="54" ten="40,8000,1" yaku="1,1,53,3" doraHai="130" doraHaiUra="77" who="3" fromWho="0" sc="240,-80,250,0,250,0,240,100" /><INIT seed="1,0,0,2,3,112" ten="160,250,250,340" oya="1" hai0="33,66,96,85,49,114,4,72,81,124,61,28,127" hai1="3,13,1,67,16,116,59,8,43,105,53,107,22" hai2="32,48,74,120,125,37,92,113,121,27,129,97,70" hai3="50,89,110,6,18,117,84,21,10,87,14,91,134"/><U106/><E116/><V35/><F37/><W29/><G110/><T123/><D114/><U64/><E43/><V104/><F70/><W71/><G71/><T93/><D123/><U47/><E47/><V25/><F74/><W98/><G134/><T31/><D72/><U76/><E76/><V44/><F113/><W90/><G117/><T80/><D4/><U118/><E118/><V69/><F104/><W82/><G29/><T126/><D49/><U109/><E109/><V103/><F69/><W2/><G98/><T19/><D19/><U5/><REACH who="1" step="1"/><E3/><REACH who="1" ten="160,240,250,340" step="2"/><V128/><F44/><W65/><G2/><T52/><D66/><U78/><E78/><V39/><F120/><W101/><G65/><T75/><D75/><U60/><AGARI ba="0,1" hai="1,5,8,13,16,22,53,59,60,64,67,105,106,107" machi="60" ten="30,6000,0" yaku="1,1,0,1,54,1,53,0" doraHai="112" doraHaiUra="94" who="1" fromWho="1" sc="160,-20,240,70,250,-20,340,-20" /><INIT seed="1,1,0,4,5,69" ten="140,310,230,320" oya="1" hai0="76,19,84,79,29,13,109,70,28,73,115,104,77" hai1="3,102,113,98,85,124,116,78,99,125,74,89,64" hai2="27,26,45,128,101,46,49,112,119,48,93,121,131" hai3="97,83,88,24,100,81,95,133,114,17,87,10,39"/><U65/><E3/><V66/><F121/><W110/><G114/><T103/><D115/><U52/><E113/><V60/><F112/><W12/><G110/><T25/><D109/><U67/><E116/><V34/><F119/><W57/><G133/><T75/><D70/><U7/><E7/><V21/><F34/><W94/><G39/><T90/><D103/><U134/><E134/><V61/><F101/><W58/><G24/><T31/><D25/><U127/><E78/><V6/><F6/><W14/><G14/><T36/><D104/><U135/><E74/><V15/><F15/><W51/><G51/><T37/><D75/><U132/><E99/><V111/><F111/><W92/><REACH who="3" step="1"/><G81/><REACH who="3" ten="140,310,230,310" step="2"/><T41/><D73/><U120/><E120/><V82/><F82/><W16/><G16/><T56/><D56/><AGARI ba="1,1" hai="10,12,17,56,57,58,83,87,88,92,94,95,97,100" machi="56" ten="40,8000,1" yaku="1,1,8,1,54,1,53,1" doraHai="69" doraHaiUra="86" who="3" fromWho="0" sc="140,-83,310,0,230,0,310,93" /><INIT seed="2,0,0,5,2,3" ten="57,310,230,403" oya="2" hai0="43,65,93,71,76,78,96,66,102,106,91,0,16" hai1="45,124,89,13,50,130,121,68,20,129,116,87,29" hai2="26,117,118,11,60,6,1,42,54,79,52,9,101" hai3="35,111,97,63,5,61,122,49,55,27,36,72,94"/><V33/><F79/><W70/><G122/><T90/><D0/><U69/><E116/><V108/><F42/><W125/><G36/><T114/><D114/><U135/><E121/><V8/><F101/><W107/><G72/><T37/><D37/><U14/><E124/><V47/><F108/><W83/><G107/><T128/><D43/><N who="1" m="24895" /><E135/><V7/><F60/><W115/><G83/><T59/><D128/><N who="1" m="49259" /><E29/><V134/><F134/><W41/><G41/><T17/><D71/><N who="1" m="27211" /><E20/><V110/><F110/><W25/><G35/><T12/><D17/><U53/><E53/><V127/><F127/><W23/><G23/><T133/><D133/><U85/><E85/><V120/><F120/><W104/><G55/><T95/><D106/><U34/><E34/><V40/><F117/><W119/><G104/><T113/><D113/><U30/><E30/><V82/><F118/><W32/><G32/><T64/><D59/><U123/><E123/><V86/><F33/><W38/><G70/><T99/><REACH who="0" step="1"/><D102/><REACH who="0" ten="47,310,230,403" step="2"/><U18/><E18/><V46/><F1/><W51/><G115/><T88/><D88/><U73/><E73/><V44/><F40/><W4/><G119/><T92/><D92/><AGARI ba="0,1" hai="13,14,87,89,92" m="27211,49259,24895" machi="92" ten="30,1000,0" yaku="19,1" doraHai="3" who="1" fromWho="0" sc="47,-10,310,20,230,0,403,0" /><INIT seed="3,0,0,3,1,79" ten="37,330,230,403" oya="3" hai0="19,52,74,47,36,21,25,120,87,100,64,119,32" hai1="18,113,128,103,131,77,110,42,58,0,13,84,69" hai2="33,29,76,107,50,53,81,40,60,95,37,67,9" hai3="94,8,97,1,116,15,10,54,65,105,31,70,5"/><W16/><G116/><T27/><D119/><U83/><E113/><V38/><F107/><W26/><G105/><T115/><D120/><U63/><E0/><V24/><F9/><W111/><G111/><T104/><D115/><U91/><E110/><V12/><F95/><W85/><G54/><T80/><D74/><U89/><E69/><V59/><F12/><W75/><G75/><T39/><D39/><U4/><E103/><V106/><F106/><W56/><G70/><T112/><D112/><U35/><E35/><V86/><F40/><W62/><G85/><T49/><D36/><U66/><E4/><V88/><REACH who="2" step="1"/><F76/><REACH who="2" ten="37,330,220,403" step="2"/><W125/><G8/><T20/><D104/><U123/><E123/><V82/><F82/><W121/><G10/><T99/><D32/><U127/><E42/><V28/><F28/><W34/><G15/><T114/><D114/><U96/><E83/><V129/><F129/><W41/><G31/><T134/><D134/><U126/><E77/><V130/><F130/><W46/><G41/><T93/><D64/><U108/><E13/><V43/><F43/><W98/><G65/><T45/><D45/><AGARI ba="0,1" hai="24,29,33,37,38,45,50,53,59,60,67,81,86,88" machi="45" ten="30,12000,2" yaku="1,1,7,1,52,1,54,1,53,2" doraHai="79" doraHaiUra="68" who="2" fromWho="0" sc="37,-120,330,0,220,130,403,0" owari="-83,-58.0,330,-7.0,350,15.0,403,50.0" /></mjloggm>