<mjloggm ver="2.3"><GO type="185" lobby="0"/><UN n0="%E3%81%97%E3%82%93%E3%81%97%E3%82%93%E3%81%97%E3%82%93" n1="%E2%91%A5%52%61%64%61%72" n2="%E5%A4%A9%E3%83%B6%E7%80%AC%E5%A5%88%E6%9C%88" n3="" dan="17,16,16,0" rate="2269.83,2276.90,2249.65,1500.00" sx="F,M,F,C"/><TAIKYOKU oya="0"/><INIT seed="0,0,0,0,3,113" ten="350,350,350,0" oya="0" hai0="104,78,99,118,53,133,83,74,35,85,51,49,130" hai1="0,97,135,39,92,120,73,75,65,91,89,123,124" hai2="68,115,110,2,108,129,79,103,61,70,66,96,125" hai3=""/><T33/><D118/><U52/><N who="1" m="30752" /><U40/><N who="1" m="31520" /><U59/><E0/><V63/><F2/><T67/><D130/><U50/><E124/><V87/><F115/><T122/><N who="0" m="31264" /><T54/><D133/><U102/><E135/><V101/><F129/><T107/><D67/><U121/><N who="1" m="31008" /><U109/><E109/><N who="2" m="42091" /><F125/><T105/><D99/><U48/><E39/><V88/><F79/><T127/><D127/><U3/><E3/><V126/><F126/><T69/><D69/><N who="2" m="26730" /><F66/><T94/><D94/><U134/><E134/><V46/><F46/><T111/><D74/><U131/><E131/><V42/><F42/><T45/><REACH who="0" step="1"/><D111/><REACH who="0" ten="340,350,350,0" step="2"/><U37/><E65/><V47/><F96/><T43/><D43/><U132/><E132/><V80/><F103/><T55/><D55/><U81/><E75/><V60/><F101/><T58/><AGARI ba="0,1" hai="33,35,45,49,51,53,54,58,78,83,85,104,105,107" m="31264" machi="58" ten="30,4000,0" yaku="1,1,0,1,52,1,53,0" doraHai="113" doraHaiUra="71" who="0" fromWho="0" sc="340,50,350,-20,350,-20,0,0" /><INIT seed="0,1,0,5,1,78" ten="390,330,330,0" oya="0" hai0="49,108,119,114,84,53,88,122,34,112,134,110,63" hai1="47,40,46,107,124,125,95,104,91,66,126,43,32" hai2="77,41,113,74,102,58,45,61,56,64,51,96,132" hai3=""/><T54/><N who="0" m="31264" /><T123/><N who="0" m="31520" /><T90/><D119/><U115/><E66/><V100/><F113/><T80/><D34/><U86/><E115/><V37/><F132/><T65/><D134/><U71/><E71/><V60/><F37/><T133/><D133/><U62/><E62/><V121/><N who="2" m="31008" /><V118/><F118/><T36/><D36/><U70/><E70/><V67/><REACH who="2" step="1"/><F96/><REACH who="2" ten="390,330,320,0" step="2"/><T87/><D112/><U69/><E32/><V50/><F50/><T85/><D114/><U127/><E126/><V103/><F103/><T94/><D49/><U2/><E127/><V73/><F73/><T93/><D108/><U89/><E125/><V55/><F55/><T98/><D110/><U120/><E124/><V44/><F44/><T79/><REACH who="0" step="1"/><D98/><REACH who="0" ten="380,330,320,0" step="2"/><U135/><E135/><V106/><F106/><T109/><D109/><U97/><E97/><V76/><F76/><T1/><D1/><U33/><E2/><V116/><F116/><T0/><D0/><U131/><E107/><V81/><AGARI ba="1,2" hai="41,45,51,56,58,60,61,64,67,74,77,81,100,102" m="31008" machi="81" ten="30,6000,1" yaku="1,1,0,1,9,1,52,2,53,0" doraHai="78" doraHaiUra="83" who="2" fromWho="2" sc="380,-41,330,-21,320,82,0,0" /><INIT seed="1,0,0,1,2,126" ten="339,309,402,0" oya="1" hai0="64,74,109,130,131,133,51,83,32,67,85,100,42" hai1="91,77,40,66,72,90,114,61,45,54,115,98,53" hai2="96,121,3,81,95,37,82,58,97,120,99,87,48" hai3=""/><U78/><E72/><V134/><N who="2" m="30752" /><V79/><N who="2" m="31008" /><V47/><F3/><T89/><D32/><U1/><E1/><V107/><F134/><T41/><D109/><U119/><E119/><V93/><F107/><T52/><D133/><U46/><E98/><V55/><F37/><T35/><D35/><U59/><E66/><N who="0" m="25129" /><D74/><U39/><E115/><V38/><F38/><T135/><D100/><U86/><E91/><V34/><F34/><T56/><D135/><U128/><E114/><V111/><F111/><T88/><D89/><U44/><E128/><AGARI ba="0,0" hai="41,42,51,52,56,83,85,88,128,130,131" m="25129" machi="128" ten="30,12000,2" yaku="19,1,52,3,54,2" doraHai="126" who="0" fromWho="1" sc="339,120,309,-120,402,0,0,0" /><INIT seed="2,0,0,2,5,82" ten="459,189,402,0" oya="2" hai0="3,57,80,122,34,87,120,55,108,129,43,70,2" hai1="56,39,50,53,93,107,78,109,106,38,0,99,69" hai2="125,52,49,103,48,85,54,92,83,59,135,117,110" hai3=""/><V133/><F117/><T64/><N who="0" m="30752" /><T114/><N who="0" m="31264" /><T121/><N who="0" m="31008" /><T67/><D34/><U96/><E0/><V72/><F125/><T42/><D108/><U126/><E109/><V113/><F113/><T33/><D33/><U88/><E126/><V47/><F110/><T75/><D75/><U112/><E112/><V76/><REACH who="2" step="1"/><F72/><REACH who="2" ten="459,189,392,0" step="2"/><T60/><D114/><U40/><E107/><V58/><F58/><T111/><D111/><U89/><E106/><V35/><F35/><T46/><D129/><U74/><E74/><V63/><F63/><T98/><D2/><U81/><E69/><V128/><F128/><T132/><D3/><U95/><E40/><V71/><F71/><T79/><D70/><U1/><E1/><V105/><F105/><T51/><D132/><U68/><E68/><V131/><F131/><T66/><D98/><AGARI ba="0,1" hai="47,48,49,52,54,59,76,83,85,92,98,103,133,135" machi="98" ten="40,12000,1" yaku="1,1,52,1,54,1,53,2" doraHai="82" doraHaiUra="130" who="2" fromWho="0" sc="459,-120,189,0,392,130,0,0" /><INIT seed="2,1,0,1,3,39" ten="339,189,522,0" oya="2" hai0="48,76,43,127,111,85,73,64,55,121,36,62,119" hai1="80,135,104,125,49,132,105,61,95,83,110,128,116" hai2="94,108,57,103,67,123,2,42,56,50,33,120,101" hai3=""/><V87/><N who="2" m="30752" /><V72/><N who="2" m="31520" /><V114/><F114/><T102/><N who="0" m="31008" /><T75/><D119/><U113/><E116/><V98/><F72/><T99/><D111/><U107/><E110/><V70/><F2/><T63/><D127/><U69/><E125/><V58/><F33/><T130/><D130/><U115/><E49/><V122/><N who="2" m="31264" /><V32/><F32/><T59/><D63/><U91/><E69/><V124/><F124/><T1/><D1/><U47/><E47/><V112/><F112/><N who="1" m="43081" /><E61/><V54/><F108/><T92/><D76/><U81/><E128/><V89/><F70/><T0/><D0/><U37/><E37/><V97/><F42/><T45/><REACH who="0" step="1"/><D85/><AGARI ba="1,0" hai="80,81,83,85,91,95,104,105,107,132,135" m="43081" machi="85" ten="40,2600,0" yaku="34,2" doraHai="39" who="1" fromWho="0" sc="339,-28,189,28,522,0,0,0" /><INIT seed="4,0,0,2,0,0" ten="311,217,522,0" oya="0" hai0="86,95,74,44,117,1,120,66,77,113,114,119,38" hai1="48,121,72,60,42,63,50,58,130,111,56,96,79" hai2="98,45,55,133,40,132,51,36,122,53,89,104,34" hai3=""/><T81/><N who="0" m="30752" /><T52/><D1/><U62/><N who="1" m="31008" /><U76/><E111/><V41/><N who="2" m="31264" /><V87/><F34/><T78/><D66/><U107/><E130/><V106/><F53/><T3/><D3/><U32/><E72/><V84/><F84/><T64/><D64/><U131/><E131/><V97/><F97/><T65/><D65/><U127/><E127/><V75/><F75/><T135/><D135/><N who="2" m="51786" /><F98/><T88/><D78/><U100/><E32/><V67/><F67/><T47/><D44/><U91/><E42/><N who="2" m="16491" /><F36/><T35/><D35/><U99/><E48/><V110/><F110/><T68/><D38/><U80/><E50/><V105/><F106/><T124/><D124/><U93/><REACH who="1" step="1"/><E80/><AGARI ba="0,0" hai="45,51,55,80,87,89,104,105" m="16491,51786,31264" machi="80" ten="30,2000,0" yaku="20,1,52,1" doraHai="0" who="2" fromWho="1" sc="311,0,217,-20,522,20,0,0" /><INIT seed="5,0,0,0,5,109" ten="311,197,542,0" oya="1" hai0="2,86,47,123,56,44,111,61,102,112,55,88,53" hai1="116,119,62,76,67,77,89,60,96,50,108,45,128" hai2="73,113,110,95,122,39,65,57,93,125,0,70,42" hai3=""/><U41/><E108/><V121/><N who="2" m="31008" /><V3/><N who="2" m="31264" /><V130/><F110/><T79/><N who="0" m="31520" /><T69/><D111/><U115/><E128/><V52/><F73/><T100/><D2/><U48/><E115/><V117/><F117/><T72/><D112/><U36/><E36/><V43/><F125/><T37/><D69/><U129/><E129/><V81/><F130/><T1/><D1/><U127/><E127/><V94/><F81/><T80/><D44/><U92/><E50/><V68/><F113/><T124/><D124/><U49/><E49/><V83/><F83/><T99/><D99/><U51/><E51/><V85/><F85/><T118/><D118/><U38/><E38/><V91/><F91/><T33/><D55/><U78/><REACH who="1" step="1"/><E62/><REACH who="1" ten="311,187,542,0" step="2"/><V103/><F0/><T104/><D61/><U75/><E75/><V54/><F3/><T46/><D37/><U74/><E74/><V82/><F39/><T101/><D72/><U126/><E126/><V35/><F42/><T58/><D46/><U134/><E134/><V34/><F43/><T84/><D47/><U120/><N who="1" m="30752" /><U107/><E107/><V87/><F35/><T66/><D33/><U135/><E135/><V32/><F34/><T64/><D104/><RYUUKYOKU ba="0,1" sc="311,-10,187,20,542,-10,0,0" hai1="41,45,48,60,67,76,77,78,89,92,96,116,119" /><INIT seed="5,1,1,3,5,54" ten="301,207,532,0" oya="1" hai0="121,116,101,100,77,50,63,93,61,44,117,41,68" hai1="62,80,89,102,114,132,95,56,67,112,109,91,78" hai2="71,38,74,94,134,90,97,65,128,115,105,131,119" hai3=""/><U120/><N who="1" m="30752" /><U59/><E132/><V45/><F119/><N who="0" m="45642" /><D68/><U76/><E109/><V69/><F134/><T32/><N who="0" m="31008" /><T124/><D32/><U106/><E106/><V122/><N who="2" m="31264" /><V70/><F115/><N who="1" m="44073" /><E102/><N who="0" m="39529" /><D124/><U135/><E135/><V47/><F70/><T113/><D113/><U60/><E95/><V75/><F94/><T43/><D43/><U96/><E96/><V130/><F97/><T118/><N who="0" m="45650" /><T2/><DORA hai="0" /><D2/><U42/><E42/><V33/><F33/><T35/><D35/><U40/><E40/><V88/><F130/><T82/><D93/><U34/><E34/><V73/><F128/><T125/><D125/><U108/><E108/><V36/><F131/><T99/><D99/><U107/><E107/><V83/><F105/><T129/><D129/><U79/><E80/><V126/><F83/><T51/><D51/><U66/><AGARI ba="1,1" hai="56,59,60,62,66,67,76,78,79,89,91" m="44073,30752" machi="66" ten="30,7800,0" yaku="15,1,52,3" doraHai="54,0" who="1" fromWho="1" sc="301,-40,207,90,532,-40,0,0" /><INIT seed="5,2,0,5,0,105" ten="261,297,492,0" oya="1" hai0="103,83,70,72,110,44,116,124,48,131,64,50,121" hai1="2,3,82,33,56,134,101,95,37,0,133,94,130" hai2="120,87,122,40,39,99,102,71,118,80,129,111,62" hai3=""/><U68/><E33/><V117/><N who="2" m="30752" /><V32/><N who="2" m="31264" /><V47/><F111/><T59/><N who="0" m="31008" /><T113/><D110/><U67/><E37/><V100/><F32/><T34/><D34/><U74/><E68/><V107/><F129/><T57/><D131/><U78/><E130/><V60/><F102/><T42/><D113/><U54/><E67/><V69/><F69/><T63/><D124/><U35/><E35/><V43/><F43/><T91/><D116/><U49/><REACH who="1" step="1"/><E101/><REACH who="1" ten="261,287,492,0" step="2"/><V92/><F71/><T89/><D103/><U46/><E46/><V98/><F118/><T73/><D70/><U84/><E84/><V38/><F38/><T65/><D44/><U112/><E112/><V97/><F117/><T135/><D64/><U77/><E77/><V123/><N who="2" m="31520" /><V1/><F98/><T36/><D65/><U115/><E115/><V55/><F99/><T128/><D36/><U114/><E114/><V51/><F100/><T93/><D128/><U81/><E81/><V96/><F80/><T108/><D83/><U104/><E104/><V79/><F107/><T119/><D119/><U45/><E45/><V109/><F39/><T90/><D108/><U61/><E61/><V88/><F109/><T85/><D63/><RYUUKYOKU ba="2,1" sc="261,-10,287,20,492,-10,0,0" hai1="0,2,3,49,54,56,74,78,82,94,95,133,134" /><INIT seed="5,3,1,3,4,61" ten="251,307,482,0" oya="1" hai0="107,74,97,104,116,92,47,71,63,68,37,94,67" hai1="60,110,101,70,124,64,75,108,32,52,100,89,73" hai2="62,49,96,91,131,66,36,45,109,111,127,114,125" hai3=""/><U57/><E32/><V135/><F135/><T53/><D74/><U58/><E124/><N who="2" m="47691" /><F131/><T65/><D116/><U42/><E42/><V82/><F36/><T113/><D113/><U134/><E89/><V79/><F114/><T93/><D97/><U72/><E70/><V120/><N who="2" m="30752" /><V81/><F96/><T69/><D67/><U50/><REACH who="1" step="1"/><E134/><REACH who="1" ten="251,297,482,0" step="2"/><V56/><F91/><T132/><D132/><U112/><E112/><V39/><F39/><T105/><REACH who="0" step="1"/><D37/><REACH who="0" ten="241,297,482,0" step="2"/><U128/><E128/><V78/><F111/><AGARI ba="3,3" hai="50,52,57,58,60,64,72,73,75,100,101,108,110,111" machi="111" ten="50,18000,2" yaku="1,1,10,1,52,1,54,1,53,3" doraHai="61" doraHaiUra="121" who="1" fromWho="2" sc="241,0,297,216,482,-186,0,0" /><INIT seed="5,4,0,1,0,132" ten="241,513,296,0" oya="1" hai0="0,75,123,109,97,1,74,83,33,41,82,36,59" hai1="105,32,96,34,115,110,114,69,121,78,61,120,80" hai2="134,81,106,107,99,62,38,94,102,55,84,124,128" hai3=""/><U91/><N who="1" m="30752" /><U119/><N who="1" m="31008" /><U35/><E119/><V60/><F134/><T129/><N who="0" m="31520" /><T89/><D33/><U108/><E69/><V100/><F38/><T56/><D109/><N who="1" m="42091" /><E61/><V37/><F37/><T70/><D129/><U67/><E67/><V103/><F128/><T73/><D70/><U101/><E91/><V2/><F2/><T113/><D89/><U52/><E52/><V135/><F55/><T45/><D0/><U39/><E39/><V49/><F60/><T131/><D1/><U65/><E65/><V50/><F62/><T125/><D131/><U3/><E3/><V53/><F53/><T130/><D130/><U51/><E51/><V118/><F49/><T86/><D36/><U90/><E90/><V79/><F50/><T72/><D56/><U76/><E76/><V68/><F68/><T95/><D59/><U92/><E92/><V44/><F118/><T40/><D95/><U88/><E88/><V122/><F94/><T85/><D40/><U104/><E105/><V66/><F106/><T127/><D41/><U71/><E71/><V46/><F107/><T57/><D57/><U98/><E34/><V111/><F111/><T93/><D93/><U112/><E32/><V48/><F122/><RYUUKYOKU ba="4,0" sc="241,0,513,0,296,0,0,0" /><INIT seed="6,5,0,5,1,118" ten="241,513,296,0" oya="2" hai0="112,135,83,94,122,89,114,58,40,95,46,77,113" hai1="0,100,45,75,105,65,130,87,107,72,44,60,2" hai2="131,125,81,51,104,97,82,96,116,103,76,54,121" hai3=""/><V38/><N who="2" m="31008" /><V47/><F125/><T43/><N who="0" m="31264" /><T86/><D135/><U74/><E130/><V63/><F131/><T36/><D43/><U109/><E109/><V53/><F116/><T32/><D32/><U52/><E87/><V50/><F38/><T99/><D58/><U68/><E45/><V71/><F97/><T42/><D42/><U123/><N who="1" m="31520" /><U120/><N who="1" m="30752" /><U80/><E80/><V133/><F133/><T62/><D62/><U106/><REACH who="1" step="1"/><E100/><REACH who="1" ten="241,503,296,0" step="2"/><V88/><F81/><T110/><D110/><U79/><E79/><V59/><F76/><T129/><D129/><U1/><E1/><V85/><REACH who="2" step="1"/><F71/><REACH who="2" ten="241,503,286,0" step="2"/><T111/><D111/><U67/><E67/><V132/><F132/><T126/><D126/><U124/><E124/><V78/><F78/><T119/><D119/><U69/><E69/><V115/><F115/><T41/><D41/><U134/><E134/><V128/><F128/><T70/><D70/><U61/><E61/><AGARI ba="5,2" hai="47,50,51,53,54,59,61,63,82,85,88,96,103,104" m="31008" machi="61" ten="40,12000,1" yaku="1,1,52,2,54,1,53,0" doraHai="118" doraHaiUra="127" who="2" fromWho="1" sc="241,0,503,-130,286,150,0,0" owari="241,-36.0,373,-3.0,436,39.0,0,0.0" /></mjloggm>