<mjloggm ver="2.3"><GO type="169" lobby="0"/><UN n0="%74%61%6B%65%33" n1="%E3%83%89%E3%83%A9%E3%82%B4%E3%83%B3%48%49%44%45" n2="%E5%8F%8B%E4%BA%BA%45" n3="%41%72%64%62%65%47" dan="16,16,16,16" rate="2172.29,2095.71,2104.19,2024.87" sx="M,M,F,M"/><TAIKYOKU oya="0"/><INIT seed="0,0,0,3,3,8" ten="250,250,250,250" oya="0" hai0="39,123,95,61,93,112,109,74,21,134,133,57,114" hai1="84,106,10,51,4,26,121,63,28,48,94,89,62" hai2="11,111,50,79,75,80,47,5,118,100,46,25,45" hai3="3,113,6,105,71,67,30,70,17,23,126,96,76"/><T19/><D123/><U41/><E121/><V119/><F111/><W44/><G113/><T101/><D39/><U127/><E106/><V129/><F129/><W88/><G76/><T98/><D74/><U107/><E107/><V53/><F100/><W20/><G3/><T59/><D95/><U27/><E127/><V38/><F25/><W15/><G6/><T78/><D78/><U0/><E27/><V130/><F130/><W110/><G105/><T90/><D101/><U77/><E77/><V122/><F122/><W66/><G110/><T69/><D69/><U13/><E0/><V33/><F33/><W125/><G44/><T40/><D40/><U73/><E73/><V128/><F128/><W55/><G55/><T120/><D59/><U49/><REACH who="1" step="1"/><E41/><REACH who="1" ten="250,240,250,250" step="2"/><V16/><F38/><W135/><G126/><T64/><D120/><U37/><E37/><V72/><F75/><W132/><G125/><T24/><REACH who="0" step="1"/><D109/><REACH who="0" ten="240,240,250,250" step="2"/><U43/><E43/><N who="2" m="24895" /><F79/><W52/><G135/><AGARI ba="0,2" hai="19,21,24,57,61,64,90,93,98,112,114,133,134,135" machi="135" ten="40,3900,0" yaku="1,1,20,1,53,0" doraHai="8" doraHaiUra="116" who="0" fromWho="3" sc="240,59,240,0,250,0,250,-39" /><INIT seed="0,1,0,4,4,123" ten="299,240,250,211" oya="0" hai0="127,88,13,61,34,2,112,101,57,78,118,115,70" hai1="4,48,126,117,47,71,82,103,15,130,102,31,81" hai2="86,38,17,62,1,39,75,80,134,72,5,111,94" hai3="109,20,69,66,83,65,135,68,6,33,67,23,84"/><T95/><D118/><U43/><E117/><V18/><F5/><W53/><G33/><T32/><D2/><U30/><E130/><V99/><F1/><W10/><G135/><T45/><D70/><U12/><E126/><V21/><F134/><W14/><G53/><T105/><D127/><U25/><E71/><V3/><F3/><W55/><G55/><T46/><D78/><U58/><E31/><V104/><F104/><W49/><G49/><T64/><D34/><U121/><E121/><V37/><F62/><W73/><G73/><T36/><D32/><U128/><E128/><V91/><F111/><W79/><G109/><T98/><D13/><U0/><E0/><V63/><F63/><W119/><G119/><T35/><D35/><U41/><E58/><V85/><F85/><W116/><G116/><T52/><D64/><U7/><E43/><V107/><F107/><W56/><G56/><T113/><REACH who="0" step="1"/><D36/><REACH who="0" ten="289,240,250,211" step="2"/><U50/><E15/><V93/><F39/><W108/><G68/><T11/><D11/><U59/><E12/><V132/><F38/><W40/><G69/><T125/><D125/><U90/><E4/><V28/><F37/><W42/><G23/><T89/><D89/><U27/><E90/><V19/><F132/><W76/><G20/><T120/><D120/><U16/><E7/><V96/><F91/><N who="3" m="51615" /><G108/><T114/><N who="0" m="28672" /><DORA hai="29" /><T122/><D122/><U60/><E27/><V100/><F21/><W26/><G26/><T87/><AGARI ba="1,1" hai="45,46,52,57,61,87,88,95,98,101,105" m="28672" machi="87" ten="60,12000,1" yaku="1,1,0,1,54,2,53,1" doraHai="123,29" doraHaiUra="92,131" who="0" fromWho="0" sc="289,133,240,-41,250,-41,211,-41" /><INIT seed="0,2,0,1,4,23" ten="422,199,209,170" oya="0" hai0="73,32,42,21,60,71,79,66,39,86,34,107,4" hai1="134,109,46,27,85,33,126,51,38,69,87,28,41" hai2="88,110,44,40,7,108,24,19,101,123,2,116,47" hai3="6,53,122,61,9,57,48,75,90,50,113,92,114"/><T65/><D86/><U54/><E109/><N who="2" m="42091" /><F123/><W52/><G75/><T49/><D66/><U77/><E126/><V67/><F101/><W98/><G122/><T29/><D21/><U117/><E134/><V8/><F67/><W36/><G36/><T121/><D121/><U64/><E117/><V31/><F19/><W14/><REACH who="3" step="1"/><G61/><REACH who="3" ten="422,199,209,160" step="2"/><T78/><D73/><U0/><E0/><V10/><F116/><W17/><G17/><T26/><D39/><U131/><E131/><V20/><F10/><W5/><G5/><T96/><D4/><U22/><E77/><V100/><F100/><W72/><G72/><T11/><D79/><U120/><E120/><V95/><F40/><W81/><G81/><T106/><D78/><U132/><E132/><V130/><F130/><W45/><AGARI ba="2,1" hai="6,9,14,45,48,50,52,53,57,90,92,98,113,114" machi="45" ten="20,5200,0" yaku="1,1,0,1,7,1,54,1,53,0" doraHai="23" doraHaiUra="58" who="3" fromWho="3" sc="422,-28,199,-15,209,-15,160,68" /><INIT seed="1,0,0,0,2,108" ten="394,184,194,228" oya="1" hai0="122,38,126,17,36,81,46,91,71,119,61,56,84" hai1="25,32,57,92,33,76,64,101,1,75,129,60,127" hai2="112,22,79,114,49,28,12,128,26,80,14,90,24" hai3="95,10,48,65,47,103,77,34,8,55,29,87,63"/><U135/><E1/><V45/><F128/><W41/><G34/><T51/><D119/><U11/><E129/><V19/><F90/><W3/><G29/><T83/><D126/><U124/><E135/><V58/><F58/><W53/><G3/><T93/><D71/><U18/><E75/><V105/><F105/><W134/><G134/><T116/><D116/><U20/><E76/><V111/><F111/><W5/><G5/><T59/><D59/><U43/><E43/><V9/><F14/><W107/><G107/><T113/><D38/><U66/><E66/><V74/><REACH who="2" step="1"/><F26/><REACH who="2" ten="394,184,184,228" step="2"/><W100/><G100/><T21/><D56/><U15/><E127/><V0/><F0/><W88/><G103/><T70/><D91/><U16/><REACH who="1" step="1"/><E124/><REACH who="1" ten="394,174,184,228" step="2"/><V96/><F96/><AGARI ba="0,2" hai="11,15,16,18,20,25,32,33,57,60,64,92,96,101" machi="96" ten="40,7700,0" yaku="1,1,2,1,54,1,53,0" doraHai="108" doraHaiUra="115" who="1" fromWho="2" sc="394,0,174,97,184,-77,228,0" /><INIT seed="1,1,0,1,4,22" ten="394,271,107,228" oya="1" hai0="48,79,110,10,77,121,50,70,56,112,39,59,41" hai1="83,113,24,109,29,17,4,120,94,124,12,19,54" hai2="58,11,119,89,81,107,99,131,125,23,1,80,9" hai3="30,26,93,98,65,97,35,60,42,57,20,78,49"/><U129/><E120/><V135/><F119/><W21/><G78/><T86/><D10/><U115/><E83/><V63/><F131/><W134/><G134/><T5/><D86/><U87/><E87/><V123/><F123/><W128/><G128/><T15/><D15/><U127/><E94/><V66/><F135/><W71/><G98/><T126/><D5/><U43/><E54/><V75/><F125/><N who="1" m="48201" /><E43/><V117/><F117/><W106/><G106/><T36/><D126/><U122/><E122/><V51/><F1/><W100/><G42/><T0/><D41/><U73/><E73/><V64/><F80/><W116/><G116/><T52/><D121/><U38/><E38/><V46/><F66/><W34/><G49/><T105/><D105/><U82/><E82/><V88/><F89/><W108/><G108/><T13/><D110/><U32/><E129/><V96/><F96/><W16/><REACH who="3" step="1"/><G71/><REACH who="3" ten="394,271,107,218" step="2"/><T6/><D70/><U45/><E109/><V91/><F107/><W111/><G111/><T62/><D50/><U3/><E45/><V72/><F99/><W132/><G132/><T7/><D48/><U92/><E92/><V114/><F75/><W104/><G104/><T95/><D95/><U33/><E33/><V90/><F72/><W84/><G84/><T40/><D40/><U76/><E76/><V14/><F81/><W133/><G133/><T103/><D79/><U18/><E3/><V55/><F114/><W67/><G67/><T74/><D112/><U130/><E130/><V37/><F37/><W101/><G101/><T118/><D103/><U44/><E44/><RYUUKYOKU ba="1,1" sc="394,-30,271,10,107,10,218,10" hai1="4,12,17,18,19,24,29,32,113,115" hai2="9,11,14,23,46,51,55,58,63,64,88,90,91" hai3="16,20,21,26,30,34,35,57,60,65,93,97,100" /><INIT seed="1,2,1,5,5,123" ten="364,281,117,228" oya="1" hai0="108,105,94,66,118,77,8,33,52,24,107,113,26" hai1="69,95,122,79,16,71,110,88,85,1,0,112,34" hai2="51,86,117,25,56,54,124,132,93,87,82,130,5" hai3="42,81,84,67,92,76,18,111,98,135,2,13,39"/><U44/><E122/><V121/><F117/><W21/><G2/><T28/><D113/><U60/><E112/><V70/><F121/><W22/><G135/><T134/><D118/><U68/><E34/><V103/><F132/><W120/><G120/><T83/><D66/><U35/><E35/><V50/><F70/><W6/><G6/><T99/><D26/><U133/><E133/><V91/><F124/><W9/><G67/><T4/><D108/><U53/><E110/><V72/><F130/><W40/><G111/><T30/><D30/><U116/><E116/><V97/><F72/><W59/><G59/><T41/><D41/><N who="3" m="15977" /><G39/><T37/><D37/><U127/><E127/><V96/><F5/><W7/><G18/><T129/><D129/><U57/><E79/><V75/><F75/><W78/><G78/><T27/><D27/><U32/><E32/><V31/><F51/><W102/><AGARI ba="2,1" hai="7,9,13,21,22,76,81,84,92,98,102" m="15977" machi="102" ten="30,1100,0" yaku="8,1" doraHai="123" who="3" fromWho="3" sc="364,-5,281,-7,117,-5,228,27" /><INIT seed="2,0,0,4,3,132" ten="359,274,112,255" oya="2" hai0="9,6,113,72,104,1,129,105,36,41,131,58,123" hai1="111,103,101,40,20,17,102,55,73,120,59,60,62" hai2="93,10,86,76,64,48,97,135,116,30,108,16,8" hai3="54,90,98,43,78,110,85,61,35,28,37,47,114"/><V11/><F116/><W18/><G110/><T22/><D123/><U124/><E111/><V79/><F108/><W87/><G98/><T84/><D113/><U14/><E120/><V80/><F135/><W39/><G39/><T68/><D84/><U7/><E73/><V31/><F64/><W13/><G78/><T34/><D22/><U71/><E40/><V122/><F122/><W106/><G106/><T127/><D58/><U5/><E124/><V25/><F76/><W133/><G133/><T49/><D49/><U63/><REACH who="1" step="1"/><E71/><REACH who="1" ten="359,264,112,255" step="2"/><V26/><F48/><AGARI ba="0,1" hai="5,7,14,17,20,48,55,59,60,62,63,101,102,103" machi="48" ten="40,8000,1" yaku="1,1,2,1,8,1,53,2" doraHai="132" doraHaiUra="3" who="1" fromWho="2" sc="359,0,264,90,112,-80,255,0" /><INIT seed="3,0,0,4,0,42" ten="359,354,32,255" oya="3" hai0="57,28,37,48,93,69,74,4,64,27,41,15,111" hai1="54,129,61,102,100,99,76,81,34,26,40,7,94" hai2="33,89,47,87,126,71,79,10,31,110,128,56,9" hai3="96,55,66,29,12,45,97,83,44,58,39,101,116"/><W123/><G123/><T112/><D74/><U108/><E108/><V68/><F79/><W115/><G115/><T0/><D0/><U50/><E129/><V17/><F110/><W119/><G39/><T11/><D111/><U131/><E131/><V2/><F128/><W16/><G116/><T3/><D69/><U117/><E117/><V106/><F56/><W86/><G119/><T77/><D77/><U24/><E40/><V95/><F106/><W127/><G29/><T1/><D37/><U98/><E61/><V122/><F122/><W18/><G66/><T121/><D112/><U82/><E7/><V35/><F126/><W130/><G127/><T43/><D43/><U53/><E34/><V85/><F31/><W63/><G130/><T60/><D93/><U21/><E54/><V107/><F107/><W38/><G38/><T36/><D36/><U62/><E62/><V80/><F17/><N who="3" m="6763" /><G12/><T113/><D113/><U133/><E133/><V104/><F104/><W72/><G72/><T105/><D105/><U19/><E26/><V125/><F125/><W5/><G5/><T25/><D25/><U51/><E51/><V109/><F109/><W65/><G65/><T84/><D121/><U67/><E67/><V78/><F33/><W134/><G134/><T14/><D1/><U20/><E20/><V103/><F35/><W8/><G8/><T13/><D3/><U124/><E124/><V49/><F103/><N who="1" m="39465" /><E76/><V23/><F23/><W91/><G101/><T132/><D132/><U88/><E99/><AGARI ba="0,0" hai="44,45,55,58,63,83,86,91,96,97,99" m="6763" machi="99" ten="30,11600,0" yaku="8,1,52,2,54,1" doraHai="42" who="3" fromWho="1" sc="359,0,354,-116,32,0,255,116" /><INIT seed="3,1,0,1,0,52" ten="359,238,32,371" oya="3" hai0="107,87,129,44,71,118,18,96,46,6,17,105,21" hai1="124,37,7,50,120,13,128,78,64,51,114,69,27" hai2="127,0,54,109,47,9,33,48,99,63,102,98,8" hai3="31,57,55,36,22,41,135,134,103,25,88,23,56"/><W29/><G103/><T38/><D71/><U72/><E120/><V65/><F109/><W80/><G36/><T59/><D118/><U49/><E114/><V53/><F127/><W45/><G41/><T16/><D129/><U74/><E128/><V68/><F33/><W104/><G104/><T132/><D132/><N who="3" m="50729" /><G88/><T125/><BYE who="3" /><D125/><UN n3="%41%72%64%62%65%47" /><U108/><E124/><V106/><F0/><W24/><G80/><T19/><D6/><U58/><E108/><V130/><F130/><W86/><G86/><T92/><D87/><U10/><E37/><V40/><F54/><W122/><G122/><T4/><D4/><U97/><E69/><V85/><F85/><W123/><G123/><T93/><D93/><U15/><E15/><V12/><F98/><W95/><G95/><T32/><D32/><U62/><E78/><V28/><F28/><W26/><G26/><T67/><D107/><U133/><E133/><V101/><F101/><W81/><G81/><T11/><D105/><U75/><E27/><V82/><F82/><W70/><G70/><T79/><D79/><U34/><E34/><V73/><F73/><W20/><G20/><T60/><D38/><U66/><REACH who="1" step="1"/><E97/><REACH who="1" ten="359,228,32,371" step="2"/><V94/><F12/><W119/><G119/><T77/><D77/><U110/><E110/><V100/><F106/><W14/><G14/><N who="0" m="7263" /><D21/><U89/><E89/><AGARI ba="1,1" hai="17,18,19,44,46,59,60,67,89,92,96" m="7263" machi="89" ten="30,3900,0" yaku="8,1,52,1,54,1" doraHai="52" who="0" fromWho="1" sc="359,52,228,-42,32,0,371,0" /><INIT seed="4,0,0,0,0,121" ten="411,186,32,371" oya="0" hai0="59,52,34,97,131,81,84,44,1,70,85,125,65" hai1="98,74,32,29,8,21,7,35,10,68,28,23,14" hai2="46,45,124,55,37,127,90,6,41,116,80,111,101" hai3="60,118,76,95,128,71,132,2,88,30,135,130,13"/><T36/><D1/><N who="1" m="111" /><E98/><V31/><F6/><W4/><G2/><T20/><D34/><N who="1" m="12843" /><E74/><V99/><F31/><N who="1" m="11849" /><E68/><V120/><F120/><W57/><G30/><T73/><D73/><U54/><E54/><V66/><F116/><W119/><G76/><T22/><D97/><U86/><E86/><V100/><F66/><W133/><G71/><T110/><D85/><U12/><E12/><V0/><F0/><W87/><G13/><T83/><D83/><U126/><E126/><N who="2" m="48171" /><F46/><W33/><G33/><T93/><D125/><U107/><E107/><V106/><F55/><N who="3" m="33855" /><G4/><AGARI ba="0,0" hai="4,10,14,21,23" m="11849,12843,111" machi="4" ten="30,8000,1" yaku="35,5" doraHai="121" who="1" fromWho="3" sc="411,0,186,80,32,0,371,-80" /><INIT seed="5,0,0,3,2,41" ten="411,266,32,291" oya="1" hai0="66,76,94,30,103,69,28,9,73,120,12,17,19" hai1="52,8,45,4,110,121,46,20,7,70,104,55,128" hai2="123,15,74,117,135,107,80,35,1,122,71,33,92" hai3="32,89,49,98,96,10,133,24,100,29,60,31,131"/><U34/><E121/><V132/><F92/><W57/><G133/><N who="2" m="51273" /><F15/><W47/><G131/><T2/><D2/><U48/><E128/><V0/><F117/><W90/><G31/><T109/><D69/><U43/><E34/><N who="2" m="12811" /><F80/><W68/><G68/><T67/><D73/><U101/><E110/><V85/><F85/><W78/><G78/><T25/><D76/><U21/><E70/><V38/><F71/><W114/><G114/><T134/><D109/><U26/><E104/><V93/><F93/><W75/><G10/><T83/><D83/><U82/><E101/><V130/><F130/><W54/><G75/><T125/><D120/><N who="2" m="46122" /><F74/><W40/><G98/><T91/><D103/><U88/><E43/><V95/><F95/><AGARI ba="0,0" hai="24,29,32,40,47,49,54,57,60,89,90,95,96,100" machi="95" ten="30,2000,0" yaku="7,1,52,1" doraHai="41" who="3" fromWho="2" sc="411,0,266,0,32,-20,291,20" /><INIT seed="6,0,0,4,1,95" ten="411,266,12,311" oya="2" hai0="51,132,56,124,66,110,23,12,15,105,130,83,120" hai1="79,38,92,117,116,41,73,84,107,13,109,11,30" hai2="77,52,28,10,29,108,133,101,20,82,40,100,68" hai3="131,74,25,78,7,125,69,80,34,2,36,8,53"/><V64/><F133/><W70/><G53/><T14/><D105/><U76/><E109/><V39/><F108/><W128/><G125/><T31/><D120/><U4/><E107/><V123/><F123/><W121/><G121/><T61/><D110/><U129/><E129/><N who="3" m="49738" /><G36/><T104/><D104/><U114/><E114/><V17/><F10/><W81/><G81/><T3/><D3/><U59/><E73/><V90/><F90/><W6/><G6/><T19/><D124/><U127/><E127/><V63/><F40/><W42/><G42/><T46/><D132/><U134/><E134/><V102/><F39/><W0/><G0/><T71/><D71/><U103/><E79/><V55/><F28/><AGARI ba="0,0" hai="2,7,8,25,28,34,69,70,74,78,80" m="49738" machi="28" ten="30,2000,0" yaku="19,1,23,1" doraHai="95" who="3" fromWho="2" sc="411,0,266,0,12,-20,311,20" owari="411,51.0,266,-13.0,-8,-51.0,331,13.0" /></mjloggm>