<mjloggm ver="2.3"><GO type="169" lobby="0"/><UN n0="%E9%9B%A3%E6%94%BB%E4%B8%8D%E8%90%BD%E3%81%AE%E9%89%84%E9%A8%8E%E5%85%B5" n1="%E3%83%AC%E3%82%AA%E3%83%B3%E3%83%8F%E3%83%AB%E3%83%88" n2="%4C%21%56%45" n3="%E3%81%95%E3%82%86" dan="16,16,16,16" rate="2136.67,2084.72,2130.70,2131.95" sx="M,M,M,F"/><TAIKYOKU oya="0"/><INIT seed="0,0,0,0,2,124" ten="250,250,250,250" oya="0" hai0="8,106,73,44,102,121,17,59,109,51,60,123,65" hai1="7,13,56,19,84,76,42,36,16,38,18,69,70" hai2="104,79,88,29,85,98,114,58,116,28,100,64,24" hai3="128,127,122,62,34,15,117,10,25,27,66,103,45"/><T5/><D73/><U130/><E42/><V99/><F114/><W48/><G127/><T35/><D35/><U9/><E56/><V134/><F134/><W105/><G117/><T75/><D75/><U71/><E130/><V72/><F98/><W129/><G122/><T83/><D109/><U14/><REACH who="1" step="1"/><E13/><REACH who="1" ten="250,240,250,250" step="2"/><V92/><F116/><W39/><G39/><T2/><D121/><U110/><E110/><V80/><F24/><W115/><G115/><T108/><D123/><U101/><E101/><V82/><F82/><AGARI ba="0,1" hai="7,9,14,16,18,19,36,38,69,70,71,76,82,84" machi="82" ten="50,3200,0" yaku="1,1,54,1,53,0" doraHai="124" doraHaiUra="46" who="1" fromWho="2" sc="250,0,240,42,250,-32,250,0" /><INIT seed="1,0,0,4,4,83" ten="250,282,218,250" oya="1" hai0="44,53,111,64,35,88,68,19,56,128,28,2,130" hai1="72,24,66,46,29,48,108,102,118,34,127,11,134" hai2="124,110,12,30,10,107,90,26,96,100,132,71,22" hai3="58,79,40,8,114,126,70,122,41,86,32,42,5"/><U109/><E118/><V69/><F110/><N who="1" m="42601" /><E72/><V104/><F132/><W120/><G70/><T61/><D2/><U131/><E134/><V94/><F124/><W99/><G126/><T14/><D111/><U125/><E131/><N who="0" m="50217" /><D44/><U55/><E66/><V39/><F39/><W74/><G32/><T3/><D3/><U103/><E102/><V0/><F0/><W115/><G99/><T50/><D28/><U135/><E135/><V65/><F65/><W20/><G20/><N who="0" m="11383" /><D35/><U123/><E123/><V87/><REACH who="2" step="1"/><F107/><REACH who="2" ten="250,282,208,250" step="2"/><W133/><G133/><T91/><AGARI ba="0,1" hai="50,53,56,61,64,68,88,91" m="11383,50217" machi="91" ten="30,2000,0" yaku="19,1,54,1" doraHai="83" who="0" fromWho="0" sc="250,30,282,-10,208,-5,250,-5" /><INIT seed="2,0,0,0,2,15" ten="280,272,203,245" oya="2" hai0="119,94,9,33,125,89,5,106,25,115,30,113,7" hai1="23,126,0,55,86,98,46,75,85,31,17,110,74" hai2="14,69,10,101,128,22,78,56,104,80,61,64,91" hai3="41,60,59,133,57,20,11,29,120,103,49,38,122"/><V63/><F128/><W81/><G38/><T112/><D106/><U130/><E110/><V27/><F104/><W84/><G133/><T28/><D119/><U45/><E0/><V97/><F91/><W123/><G103/><T54/><D125/><U37/><E31/><V21/><F97/><W44/><G11/><T52/><D30/><U6/><E6/><V51/><F51/><W87/><G87/><T134/><D134/><U66/><E126/><V131/><F101/><W12/><G60/><T42/><D42/><U111/><E111/><V2/><F2/><W50/><G50/><T77/><D77/><U90/><E66/><V13/><F13/><W24/><REACH who="3" step="1"/><G12/><REACH who="3" ten="280,272,203,235" step="2"/><T43/><D113/><U117/><E85/><V35/><F131/><W116/><G116/><T121/><D112/><U95/><E86/><V99/><F99/><W102/><G102/><T70/><D115/><U53/><E37/><V67/><F27/><W105/><G105/><T127/><D127/><U109/><E130/><V36/><F36/><W73/><G73/><T96/><D9/><U62/><E62/><V65/><F65/><W32/><G32/><T82/><D25/><N who="1" m="14575" /><E117/><V129/><F35/><W19/><G19/><T72/><D33/><U124/><E124/><V8/><F8/><W132/><G132/><T71/><D72/><U39/><E39/><V79/><F129/><W93/><G93/><T1/><D94/><U135/><E135/><V100/><F100/><W107/><G107/><T83/><D1/><U58/><E74/><N who="2" m="43095" /><F79/><AGARI ba="0,1" hai="20,24,29,41,44,49,57,59,79,81,84,120,122,123" machi="79" ten="40,1300,0" yaku="1,1,53,0" doraHai="15" doraHaiUra="3" who="3" fromWho="2" sc="280,0,272,0,203,-13,235,23" /><INIT seed="3,0,0,4,0,38" ten="280,272,190,258" oya="3" hai0="50,63,10,133,22,47,70,74,36,19,123,84,91" hai1="5,24,39,60,99,7,9,132,12,81,101,62,115" hai2="40,90,111,2,73,113,25,108,58,87,129,42,107" hai3="97,31,6,80,120,94,53,0,8,34,69,85,68"/><W71/><G120/><T122/><D133/><U112/><E39/><V1/><F73/><W33/><G53/><T21/><D36/><U72/><E132/><V89/><F107/><W93/><G31/><T26/><D74/><U66/><E5/><V75/><F75/><W109/><G109/><N who="2" m="42057" /><F113/><W106/><G106/><T27/><D10/><U51/><E51/><V20/><F58/><W65/><G65/><T121/><D63/><U64/><E24/><V13/><F13/><W83/><G97/><T23/><D70/><U128/><E128/><V92/><F90/><W55/><G55/><T118/><D118/><U48/><E48/><V102/><F102/><W37/><G37/><T77/><D77/><U110/><E110/><V88/><F89/><W14/><G0/><N who="2" m="105" /><F129/><W35/><REACH who="3" step="1"/><G83/><REACH who="3" ten="280,272,190,248" step="2"/><T43/><REACH who="0" step="1"/><D26/><REACH who="0" ten="270,272,190,248" step="2"/><U104/><E112/><V76/><F76/><AGARI ba="0,2" hai="6,8,14,33,34,35,68,69,71,76,80,85,93,94" machi="76" ten="50,12000,1" yaku="1,1,2,1,53,3" doraHai="38" doraHaiUra="28" who="3" fromWho="2" sc="270,0,272,0,190,-120,248,140" /><INIT seed="3,1,0,2,0,57" ten="270,272,70,388" oya="3" hai0="110,27,36,40,61,70,81,24,53,49,122,59,86" hai1="101,102,99,125,111,45,1,119,34,64,96,60,120" hai2="20,10,135,58,113,123,19,126,55,18,41,2,67" hai3="131,127,3,8,68,50,52,72,84,124,14,128,17"/><W77/><G72/><T114/><D110/><U43/><E120/><V6/><F113/><W104/><G104/><T42/><D122/><U12/><E1/><V71/><F135/><W133/><G68/><T35/><D114/><U129/><E34/><V4/><F126/><N who="3" m="48171" /><G3/><T63/><D35/><U11/><E125/><V62/><F123/><W92/><G133/><T78/><D70/><U115/><E115/><V83/><F41/><N who="0" m="15978" /><D36/><U51/><E129/><V26/><F83/><N who="3" m="47215" /><G92/><T93/><D93/><U9/><E111/><V79/><F79/><W44/><AGARI ba="1,0" hai="8,14,17,44,50,52,128,131" m="47215,48171" machi="44" ten="30,3000,0" yaku="18,1,54,1" doraHai="57" who="3" fromWho="3" sc="270,-11,272,-11,70,-11,388,33" /><INIT seed="3,2,0,1,4,90" ten="259,261,59,421" oya="3" hai0="125,100,50,102,23,99,77,68,16,132,95,74,27" hai1="65,1,56,53,26,81,45,79,62,39,33,72,108" hai2="7,38,105,4,130,78,17,20,36,73,28,123,89" hai3="80,85,29,54,113,115,127,97,51,34,120,112,76"/><W117/><G117/><T133/><D68/><U57/><E108/><V48/><F130/><W49/><G120/><T86/><D74/><U32/><E1/><V18/><F105/><W19/><G127/><T24/><D125/><U107/><E107/><V129/><F129/><W111/><G111/><T55/><D100/><U103/><E103/><V122/><F28/><W84/><G19/><T14/><D77/><U37/><E26/><V110/><F110/><W66/><G66/><T82/><D82/><U104/><E104/><V52/><F78/><W12/><G12/><T40/><D86/><U60/><REACH who="1" step="1"/><E45/><REACH who="1" ten="259,251,59,421" step="2"/><V69/><F69/><W109/><G109/><T96/><D133/><U13/><E13/><V128/><F128/><W131/><G131/><T75/><D132/><U43/><E43/><V25/><F123/><W67/><G115/><T121/><D121/><U8/><E8/><V3/><F122/><W44/><G113/><T87/><D40/><U71/><E71/><V31/><F3/><W61/><G44/><T63/><D27/><U58/><E58/><V30/><F30/><W93/><G29/><T114/><D24/><U94/><E94/><V106/><F106/><W92/><G93/><T41/><D114/><U64/><E64/><V135/><F135/><W11/><G67/><T46/><D41/><U21/><E21/><V83/><F38/><AGARI ba="2,1" hai="32,33,37,38,39,53,56,57,60,62,65,72,79,81" machi="38" ten="40,1300,0" yaku="1,1,53,0" doraHai="90" doraHaiUra="10" who="1" fromWho="2" sc="259,0,251,29,59,-19,421,0" /><INIT seed="4,0,0,5,5,28" ten="259,280,40,421" oya="0" hai0="36,93,53,85,54,107,57,130,20,32,24,79,39" hai1="56,51,43,75,116,66,64,82,89,12,103,118,129" hai2="84,74,95,19,78,16,87,108,9,121,81,33,62" hai3="61,117,4,60,2,69,124,101,135,7,15,92,125"/><T68/><D130/><U31/><E129/><V6/><F108/><W97/><G117/><T72/><D107/><U40/><E103/><V104/><F104/><W127/><G2/><T94/><D68/><U133/><E31/><V132/><F121/><W0/><G0/><T71/><D71/><U1/><E1/><V29/><F132/><W26/><G135/><T13/><D54/><U27/><E27/><V42/><F42/><W120/><G120/><T102/><D72/><U21/><E21/><V76/><F74/><W49/><G26/><T110/><D110/><U14/><E51/><V25/><F62/><N who="3" m="24171" /><G69/><T114/><D114/><U41/><E89/><V67/><F67/><W63/><G63/><N who="0" m="36271" /><D39/><U22/><E75/><V50/><F50/><W112/><G112/><T115/><D32/><U46/><E133/><V18/><F95/><N who="0" m="36362" /><D115/><U55/><E82/><V45/><F45/><W77/><G49/><T59/><D59/><U5/><E56/><V111/><F111/><W131/><G131/><T91/><D36/><U17/><E55/><V106/><F106/><W11/><G77/><T30/><D79/><U73/><E46/><V52/><F52/><W48/><G48/><T65/><D102/><U10/><E73/><V100/><F100/><W113/><G113/><T105/><D105/><U122/><E122/><V47/><F47/><W37/><G37/><T35/><D65/><U80/><E80/><N who="2" m="47111" /><F9/><W88/><G101/><T58/><D58/><U126/><E66/><V44/><F44/><W128/><G128/><T99/><D35/><U119/><E64/><V83/><F83/><RYUUKYOKU ba="0,0" sc="259,-30,280,10,40,10,421,10" hai1="5,10,12,14,17,22,40,41,43,116,118,119,126" hai2="6,16,18,19,25,29,33,78,81,87" hai3="4,7,11,15,88,92,97,124,125,127" /><INIT seed="5,1,0,1,5,106" ten="229,290,50,431" oya="1" hai0="102,11,8,70,80,2,51,91,45,47,107,83,13" hai1="120,73,121,9,95,50,17,65,101,38,113,127,133" hai2="35,103,37,123,4,75,74,40,32,5,105,100,69" hai3="6,62,104,76,46,112,88,87,77,118,36,63,42"/><U15/><E38/><V30/><F123/><W34/><G34/><N who="2" m="12841" /><F30/><W1/><G104/><T23/><D70/><U93/><E113/><V18/><F18/><W111/><G111/><T78/><D107/><U124/><E133/><V131/><F131/><W81/><G112/><T116/><D116/><U64/><E50/><V61/><F100/><W60/><REACH who="3" step="1"/><G118/><REACH who="3" ten="229,290,50,421" step="2"/><T14/><D2/><U3/><E3/><V29/><F29/><W43/><G43/><T109/><D109/><U96/><E121/><V132/><F132/><W114/><G114/><T68/><D68/><U117/><E120/><V7/><F7/><W27/><G27/><T44/><D14/><U126/><E117/><V110/><F110/><W67/><G67/><T129/><D129/><U20/><E64/><N who="2" m="41103" /><F5/><W82/><G82/><T10/><D80/><U98/><E65/><V94/><F94/><W89/><G89/><T59/><D91/><U52/><E95/><V12/><F12/><W57/><G57/><T56/><D56/><U21/><E93/><V66/><F66/><W48/><G48/><T128/><D128/><U0/><E0/><V90/><F90/><W55/><G55/><N who="0" m="32255" /><D102/><U92/><E52/><V130/><F4/><W84/><G84/><N who="0" m="48247" /><D47/><U33/><E33/><V24/><F24/><W16/><G16/><AGARI ba="1,1" hai="8,10,11,13,16,23,44,45" m="48247,32255" machi="16" ten="30,2000,0" yaku="8,1,54,1" doraHai="106" who="0" fromWho="3" sc="229,33,290,0,50,0,421,-23" /><INIT seed="6,0,0,1,2,34" ten="262,290,50,398" oya="2" hai0="56,98,75,39,29,69,78,15,114,88,58,36,51" hai1="37,92,11,93,41,71,17,33,128,52,135,115,117" hai2="81,126,112,110,38,132,134,124,116,91,109,14,2" hai3="90,107,99,40,76,97,31,54,7,23,120,106,121"/><V5/><F38/><W82/><G40/><T10/><D69/><U102/><E117/><V63/><F63/><W26/><G54/><T86/><D114/><U67/><E33/><V130/><F91/><W24/><G7/><T43/><D29/><U85/><E52/><V104/><F104/><W70/><G70/><T65/><D75/><U59/><E59/><V57/><F57/><W77/><G90/><T66/><D78/><U18/><E85/><V89/><F89/><W0/><G23/><T47/><D98/><U20/><E102/><V12/><F81/><W6/><G6/><N who="0" m="3543" /><D39/><U21/><E37/><V25/><F116/><W72/><G31/><T3/><D3/><U122/><E41/><V27/><F5/><W50/><G82/><N who="0" m="49239" /><D36/><U45/><E92/><V108/><F112/><W60/><G72/><T42/><D42/><U53/><E93/><V22/><F130/><W100/><G60/><T103/><D103/><U79/><E79/><V96/><F96/><W62/><G62/><T61/><D58/><U105/><E105/><V48/><F48/><W13/><G50/><T30/><D30/><U4/><E71/><V64/><F64/><AGARI ba="0,0" hai="43,47,51,56,61,64,65,66" m="49239,3543" machi="64" ten="30,2000,0" yaku="8,1,54,1" doraHai="34" who="0" fromWho="2" sc="262,20,290,0,50,-20,398,0" /><INIT seed="7,0,0,1,2,85" ten="282,290,30,398" oya="3" hai0="94,17,78,15,92,52,18,135,11,29,58,75,118" hai1="108,47,48,113,19,107,67,36,81,65,33,69,132" hai2="109,125,32,30,70,45,24,98,105,13,8,115,38" hai3="5,104,126,88,84,50,122,4,64,40,57,82,16"/><W41/><G104/><T120/><D118/><U134/><E108/><V25/><F45/><W79/><G126/><T97/><D120/><U31/><E107/><V27/><F98/><W86/><G122/><T116/><D116/><U72/><E113/><V76/><F76/><W28/><G28/><T121/><D121/><U131/><E131/><V2/><F2/><W62/><G16/><N who="0" m="8319" /><D75/><U20/><E36/><V44/><F44/><N who="3" m="25863" /><G41/><T95/><D135/><N who="1" m="51755" /><E69/><V90/><F90/><W6/><G4/><T87/><D29/><U23/><E33/><V112/><F105/><W22/><G22/><N who="1" m="8234" /><E19/><N who="0" m="7177" /><D78/><N who="1" m="44231" /><E31/><V124/><F70/><W80/><AGARI ba="0,0" hai="5,6,57,62,64,79,80,82,84,86,88" m="25863" machi="80" ten="30,6000,0" yaku="8,1,52,1,54,1" doraHai="85" who="3" fromWho="3" sc="282,-20,290,-20,30,-20,398,60" owari="262,-14.0,270,7.0,10,-49.0,458,56.0" /></mjloggm>