<mjloggm ver="2.3"><GO type="169" lobby="0"/><UN n0="%E4%BD%BF%E5%BE%92%E2%80%A0%E3%82%84%E3%82%93%E3%81%97%E3%81%97%E3%83%BC" n1="%E9%85%8D%E7%89%8C%E6%A0%BC%E5%B7%AE%E9%BA%BB%E9%9B%80" n2="%E4%B8%89%E6%9D%89%E3%81%8F%E3%82%93" n3="%E3%81%B2%E3%81%90%E3%81%A1" dan="16,16,16,17" rate="2073.30,2029.74,2045.56,2197.45" sx="F,M,M,M"/><TAIKYOKU oya="0"/><INIT seed="0,0,0,0,1,58" ten="250,250,250,250" oya="0" hai0="62,57,4,63,98,86,80,11,127,35,1,125,52" hai1="114,120,14,84,75,130,29,0,16,112,134,97,129" hai2="37,7,31,22,36,45,9,85,5,82,65,38,121" hai3="104,103,83,115,91,94,128,69,79,92,6,110,109"/><T67/><D35/><U44/><E75/><V53/><F121/><W81/><G69/><T23/><D98/><U33/><E120/><V123/><F123/><W27/><G6/><T21/><D21/><N who="1" m="11415" /><E0/><V133/><F133/><W48/><G48/><T96/><D96/><U119/><E84/><V26/><F65/><W20/><G27/><T72/><D23/><U41/><E97/><V101/><F101/><W64/><G64/><T2/><D72/><U42/><E134/><V93/><F93/><W8/><G8/><T18/><D18/><U73/><E73/><V71/><F71/><W13/><G13/><T55/><D1/><U95/><E95/><V28/><F28/><W68/><G68/><T117/><D117/><U76/><E76/><V43/><F53/><W122/><G20/><T88/><REACH who="0" step="1"/><D63/><REACH who="0" ten="240,250,250,250" step="2"/><U89/><E119/><V59/><F5/><W34/><G34/><T50/><D50/><N who="1" m="26895" /><E29/><V108/><F36/><W113/><G122/><T126/><AGARI ba="0,1" hai="2,4,11,52,55,57,62,67,80,86,88,125,126,127" machi="126" ten="30,18000,2" yaku="1,1,0,1,18,1,52,1,54,2,53,0" doraHai="58" doraHaiUra="111" who="0" fromWho="0" sc="240,190,250,-60,250,-60,250,-60" /><INIT seed="0,1,0,4,3,7" ten="430,190,190,190" oya="0" hai0="80,112,66,106,89,46,8,21,90,108,40,87,60" hai1="5,10,91,12,73,38,94,29,18,57,25,6,109" hai2="31,44,92,63,133,49,62,42,120,16,71,65,27" hai3="22,117,129,78,50,19,15,84,56,114,74,70,86"/><T0/><D112/><U131/><E109/><V47/><F120/><W32/><G114/><T64/><D108/><U82/><E131/><V85/><F133/><W127/><G117/><T36/><D106/><U67/><E38/><V132/><F132/><W115/><G115/><T113/><D113/><U118/><E118/><V68/><F92/><W26/><G70/><T116/><D116/><U1/><E73/><V102/><F102/><W122/><G129/><T77/><D21/><U104/><E82/><V9/><F85/><W111/><G111/><T123/><D123/><U125/><E125/><V72/><F72/><W107/><G107/><T97/><D97/><U75/><E75/><V52/><F63/><W119/><G127/><T61/><D61/><U11/><E6/><V34/><F71/><W95/><G122/><T13/><D0/><U98/><E104/><V83/><F83/><W121/><G32/><T51/><D36/><U23/><E57/><V41/><REACH who="2" step="1"/><F47/><REACH who="2" ten="430,190,180,190" step="2"/><W101/><G74/><T24/><D60/><U58/><E58/><V14/><AGARI ba="1,1" hai="9,14,16,27,31,34,41,42,44,49,52,62,65,68" machi="14" ten="30,12000,2" yaku="1,1,2,1,0,1,52,1,54,2,53,0" doraHai="7" doraHaiUra="110" who="2" fromWho="2" sc="430,-61,190,-31,180,133,190,-31" /><INIT seed="1,0,0,2,1,18" ten="369,159,313,159" oya="1" hai0="33,116,2,78,49,32,71,104,65,60,120,77,12" hai1="123,51,108,119,1,62,132,29,66,135,61,59,40" hai2="26,127,39,16,70,25,6,122,107,13,36,83,4" hai3="131,21,80,72,19,126,134,102,55,22,5,109,47"/><U9/><E119/><V113/><F70/><W111/><G126/><T57/><D2/><U128/><E123/><V67/><F107/><W7/><G131/><T42/><D116/><U52/><E128/><V89/><F67/><W53/><G102/><T82/><D104/><U15/><E1/><V34/><F89/><W76/><G134/><N who="1" m="51242" /><E108/><N who="3" m="41546" /><G19/><T48/><D120/><U88/><E29/><N who="2" m="19759" /><F83/><W130/><G130/><T38/><D33/><U54/><E40/><V50/><F50/><N who="3" m="28895" /><G55/><T95/><D48/><N who="1" m="31111" /><E88/><V85/><F85/><W100/><G100/><T10/><D42/><U24/><E24/><V117/><F36/><W125/><G125/><T79/><D38/><U81/><E81/><V101/><F39/><W87/><G87/><T8/><D82/><U56/><E66/><V90/><F26/><W124/><G124/><T91/><D65/><U64/><E64/><V93/><F127/><W68/><G68/><T133/><D71/><U30/><E30/><V129/><F122/><W115/><G115/><T73/><D133/><U74/><E74/><V63/><F117/><W11/><G5/><AGARI ba="0,0" hai="5,9,15,51,54,56,61,62" m="31111,51242" machi="5" ten="30,2900,0" yaku="20,1,54,1" doraHai="18" who="1" fromWho="3" sc="369,0,159,29,313,0,159,-29" /><INIT seed="1,1,0,2,1,46" ten="369,188,313,130" oya="1" hai0="131,106,68,65,2,6,59,40,18,88,121,27,12" hai1="90,64,44,47,69,19,56,43,51,1,54,81,42" hai2="122,3,107,125,104,37,10,112,31,25,116,97,133" hai3="111,39,132,99,130,13,45,4,84,89,118,66,109"/><U61/><E1/><V30/><F97/><W14/><G66/><T7/><D131/><U28/><E28/><V98/><F98/><W79/><G79/><T123/><D68/><U5/><E5/><V73/><F25/><W60/><G130/><T96/><D27/><U101/><E101/><V86/><F86/><W24/><G60/><T55/><D65/><U120/><E19/><V32/><F10/><W0/><G132/><T23/><D40/><N who="1" m="15403" /><E90/><V41/><F41/><N who="3" m="22719" /><G118/><T102/><D88/><U113/><E81/><V78/><F30/><W53/><G53/><T108/><D2/><U82/><E82/><V119/><F31/><W129/><G99/><T29/><D29/><U9/><E9/><V57/><F57/><W17/><G0/><T70/><D70/><U80/><E80/><V76/><F78/><W114/><G114/><T91/><D91/><U20/><E20/><V34/><F76/><W75/><G75/><T92/><D92/><U11/><E11/><V74/><F74/><W77/><G77/><T67/><D23/><U22/><E22/><V49/><F116/><W38/><G129/><T71/><D71/><U87/><E87/><V48/><F107/><W100/><G100/><T135/><D102/><U127/><E113/><V72/><F104/><W16/><G4/><T52/><D6/><U117/><E117/><V26/><F119/><W124/><G24/><T85/><D7/><U115/><E115/><V63/><F112/><W62/><G89/><T128/><D106/><U21/><E69/><V50/><F72/><W33/><G84/><T94/><D128/><RYUUKYOKU ba="1,0" sc="369,0,188,0,313,0,130,0" /><INIT seed="2,2,0,1,5,31" ten="369,188,313,130" oya="2" hai0="133,113,83,123,6,76,13,72,135,111,3,34,92" hai1="40,20,102,1,28,126,55,41,85,79,75,7,94" hai2="39,64,106,58,84,37,80,10,109,130,112,9,57" hai3="50,46,118,53,5,98,131,11,15,87,69,24,86"/><V66/><F112/><W82/><G118/><T125/><D113/><U89/><E126/><V0/><F106/><W100/><G131/><T18/><D123/><U42/><E1/><V105/><F105/><W12/><G69/><T78/><D111/><U132/><E7/><V77/><F130/><W68/><G68/><T129/><D129/><U101/><E132/><V74/><F109/><W110/><G110/><T81/><D125/><U29/><E55/><V115/><F115/><W61/><G61/><T114/><D114/><U128/><E79/><V14/><F0/><W25/><G15/><T35/><D92/><U43/><E75/><V2/><F2/><W108/><G108/><T47/><D47/><U91/><E128/><V59/><F74/><W65/><G65/><N who="2" m="25193" /><F37/><W124/><G86/><T44/><D44/><U88/><N who="1" m="10240" /><DORA hai="71" /><U122/><E122/><V63/><F39/><W27/><G124/><T99/><D99/><U127/><E127/><V30/><F30/><N who="1" m="11881" /><E20/><V95/><F95/><W60/><G60/><T16/><D3/><U45/><E45/><V4/><F10/><W48/><G48/><T17/><D135/><U36/><E36/><V97/><F97/><W26/><G26/><T67/><D67/><AGARI ba="2,0" hai="4,9,14,57,58,59,63,67,77,80,84" m="25193" machi="67" ten="30,1500,0" yaku="8,1" doraHai="31,71" who="2" fromWho="0" sc="369,-21,188,0,313,21,130,0" /><INIT seed="2,3,0,0,0,93" ten="348,188,334,130" oya="2" hai0="12,36,9,96,39,133,90,19,84,10,20,4,97" hai1="101,38,70,86,80,44,112,34,55,114,98,59,73" hai2="60,66,132,61,64,14,65,25,94,116,68,41,108" hai3="13,118,100,99,8,119,33,17,69,52,91,89,83"/><V42/><F116/><W122/><G122/><T128/><D128/><U58/><E70/><V87/><F132/><W30/><G69/><T102/><D133/><U29/><E73/><V3/><F3/><W57/><G33/><T110/><D110/><U129/><E129/><V50/><F108/><W85/><G30/><T74/><D74/><U107/><E59/><V92/><F14/><W6/><G91/><T0/><D10/><U51/><E29/><V78/><F25/><W120/><G6/><T67/><D67/><U23/><E23/><V22/><F22/><W131/><G120/><T26/><D0/><U126/><E126/><V1/><F1/><W117/><G131/><T7/><D7/><U103/><E103/><V37/><F37/><W24/><G24/><T32/><D32/><U75/><E75/><V47/><F41/><W115/><G115/><T54/><D54/><U124/><E124/><V125/><F125/><W109/><G109/><T18/><D18/><U104/><E104/><V27/><F27/><W63/><REACH who="3" step="1"/><G118/><REACH who="3" ten="348,188,334,120" step="2"/><T123/><D123/><U82/><E34/><V76/><F68/><W45/><G45/><T62/><D102/><U95/><E114/><V130/><F130/><W28/><G28/><T48/><D4/><U46/><E46/><V106/><F76/><W105/><AGARI ba="3,1" hai="8,13,17,52,57,63,83,85,89,99,100,105,117,119" machi="105" ten="20,8000,1" yaku="1,1,0,1,7,1,52,1,54,1,53,0" doraHai="93" doraHaiUra="88" who="3" fromWho="3" sc="348,-23,188,-23,334,-43,120,99" /><INIT seed="3,0,0,3,5,60" ten="325,165,291,219" oya="3" hai0="55,26,115,16,38,96,121,45,124,14,102,56,53" hai1="44,48,49,8,12,62,69,94,90,5,101,18,32" hai2="1,97,78,125,88,21,52,3,71,79,86,37,17" hai3="35,51,66,84,134,105,74,29,30,127,15,36,83"/><W114/><G36/><T46/><D121/><U106/><E32/><V128/><F37/><W9/><G74/><T92/><D124/><U104/><E49/><V131/><F71/><W28/><G105/><T42/><D115/><U107/><E101/><V61/><F97/><W117/><G117/><T73/><D73/><U130/><E130/><N who="2" m="49707" /><F125/><W91/><G114/><T13/><D46/><U11/><E69/><V63/><F78/><W31/><G127/><T110/><D110/><U123/><E62/><N who="2" m="23563" /><F52/><W64/><G134/><T2/><D55/><U65/><E123/><V19/><F79/><W40/><N who="3" m="7168" /><DORA hai="103" /><W22/><G22/><T75/><D75/><U24/><E65/><V67/><F67/><W80/><G83/><T81/><D81/><U77/><E77/><V72/><F19/><N who="3" m="8687" /><G35/><T39/><D39/><U129/><E24/><N who="2" m="14383" /><F72/><W135/><G135/><T54/><D38/><U7/><E8/><V82/><AGARI ba="0,0" hai="1,3,82,86,88" m="14383,23563,49707" machi="82" ten="30,2000,0" yaku="19,1,54,1" doraHai="60,103" who="2" fromWho="2" sc="325,-5,165,-5,291,20,219,-10" /><INIT seed="4,0,0,1,3,71" ten="320,160,311,209" oya="0" hai0="124,132,87,7,115,133,123,116,110,15,134,46,79" hai1="32,126,103,2,13,86,0,25,99,48,67,64,108" hai2="11,128,98,83,78,84,41,35,91,12,29,22,92" hai3="30,113,40,121,88,18,125,34,16,5,97,73,9"/><T60/><D116/><U49/><E86/><V6/><F128/><W51/><G73/><T135/><D123/><U31/><E13/><V127/><F127/><W85/><G113/><T58/><D115/><U54/><E49/><V76/><F35/><W4/><G125/><T50/><D124/><U105/><E67/><V8/><F41/><W117/><G117/><T1/><D110/><U101/><E101/><V44/><F44/><W55/><G121/><T111/><D111/><U53/><E53/><V109/><F109/><W33/><G40/><T106/><D106/><U89/><E89/><N who="2" m="55567" /><F11/><W112/><G112/><T69/><D69/><U81/><E81/><V94/><F94/><W59/><G97/><T70/><D70/><U45/><E108/><V96/><F96/><W37/><G37/><T27/><D1/><U57/><REACH who="1" step="1"/><E126/><REACH who="1" ten="320,150,311,209" step="2"/><V90/><F84/><W130/><G85/><T65/><D135/><U100/><E100/><V62/><F83/><W104/><G88/><T75/><D87/><U10/><E10/><V19/><F8/><W56/><G9/><N who="0" m="4543" /><D134/><U38/><E38/><V93/><F12/><W72/><G51/><T82/><D133/><U114/><E114/><V120/><F120/><W42/><G55/><N who="0" m="30167" /><D132/><U52/><E52/><V36/><F36/><W17/><G4/><T102/><D102/><U28/><E28/><V107/><F29/><W77/><G30/><T74/><D74/><U39/><E39/><V26/><F6/><W66/><G5/><T3/><D3/><U43/><E43/><V119/><F119/><W14/><G72/><T24/><AGARI ba="0,1" hai="24,27,58,60,65,75,79,82" m="30167,4543" machi="24" ten="30,1500,0" yaku="5,1" doraHai="71" who="0" fromWho="0" sc="320,25,150,-5,311,-5,209,-5" /><INIT seed="4,1,0,5,5,67" ten="345,145,306,204" oya="0" hai0="130,90,29,127,59,49,131,76,125,110,41,52,119" hai1="11,99,54,109,32,25,55,24,13,56,31,71,47" hai2="27,128,77,93,28,82,60,69,51,107,50,103,45" hai3="63,46,135,108,39,9,111,74,21,20,36,97,14"/><T64/><D119/><U17/><E109/><V122/><F122/><W129/><G74/><T80/><D110/><U6/><E71/><V73/><F93/><W113/><G108/><T1/><D1/><U114/><E114/><V38/><F128/><N who="0" m="49194" /><D29/><U40/><E99/><N who="2" m="61951" /><F45/><W57/><G46/><N who="0" m="25807" /><D90/><U95/><E95/><V34/><F38/><W66/><G21/><T117/><D117/><U48/><E56/><V68/><F68/><W19/><G57/><T102/><D102/><U81/><E81/><V89/><F89/><W118/><G20/><T116/><D116/><U79/><E79/><V126/><F126/><W42/><G118/><T121/><D121/><U16/><REACH who="1" step="1"/><E25/><REACH who="1" ten="345,135,306,204" step="2"/><V85/><F69/><W26/><G26/><T4/><D80/><U5/><E5/><V120/><F77/><W123/><G97/><T133/><D76/><U124/><E124/><V84/><F82/><W18/><G113/><T115/><D115/><U2/><E2/><V62/><F84/><W92/><G92/><T78/><D78/><U86/><E86/><V7/><F85/><W61/><G111/><T33/><D4/><U134/><E134/><V96/><F96/><W98/><G135/><T65/><D133/><U37/><E37/><V35/><F120/><W106/><G98/><T12/><D127/><U10/><E10/><V94/><F94/><W112/><G112/><T43/><D125/><U100/><E100/><V30/><F7/><N who="3" m="3391" /><G39/><T101/><D101/><U104/><E104/><V15/><F27/><W83/><G36/><T53/><D59/><U58/><E58/><V44/><F73/><RYUUKYOKU ba="1,1" sc="345,-10,135,30,306,-10,204,-10" hai1="6,11,13,16,17,24,31,32,40,47,48,54,55" /><INIT seed="5,2,1,4,1,129" ten="335,165,296,194" oya="1" hai0="131,85,117,49,62,26,3,32,76,123,134,100,5" hai1="40,94,14,130,43,36,67,120,132,46,99,23,18" hai2="71,96,125,52,54,68,72,91,118,45,75,2,80" hai3="107,58,64,133,81,111,17,73,11,0,59,51,19"/><U74/><E120/><V77/><F118/><W115/><G111/><T93/><D117/><U102/><E130/><V128/><F2/><W88/><G107/><T65/><D123/><U28/><E132/><V83/><F128/><W24/><G115/><T15/><D3/><U57/><E74/><V38/><F125/><W44/><G133/><T37/><D37/><U135/><E135/><V21/><F21/><W56/><G64/><T27/><D49/><U86/><E43/><V92/><F38/><W60/><G60/><T82/><D32/><U25/><E86/><V10/><F10/><W122/><G122/><T97/><D131/><U50/><E36/><V70/><REACH who="2" step="1"/><F45/><REACH who="2" ten="335,165,286,194" step="2"/><W41/><G0/><T1/><D1/><U112/><E112/><V121/><F121/><W9/><G11/><N who="0" m="4591" /><D134/><U126/><E126/><V103/><F103/><W109/><G9/><T48/><D100/><U34/><E57/><V98/><F98/><W42/><G58/><T4/><D97/><U55/><E67/><V7/><F7/><W119/><G44/><T12/><D4/><U33/><REACH who="1" step="1"/><E40/><REACH who="1" ten="335,155,286,194" step="2"/><V78/><AGARI ba="2,3" hai="52,54,68,70,71,72,75,77,78,80,83,91,92,96" machi="78" ten="40,8000,1" yaku="1,1,0,1,9,1,54,1,53,0" doraHai="129" doraHaiUra="61" who="2" fromWho="2" sc="335,-22,155,-42,286,116,194,-22" /><INIT seed="6,0,0,0,4,54" ten="313,113,402,172" oya="2" hai0="10,30,73,126,39,51,130,99,24,11,87,4,89" hai1="125,37,116,111,90,70,35,97,44,31,84,34,22" hai2="105,132,21,13,118,75,16,46,107,60,109,1,92" hai3="65,129,96,76,100,53,120,26,55,114,78,3,68"/><V66/><F118/><W57/><G120/><T64/><D39/><U45/><E70/><V28/><F1/><W115/><G3/><T81/><D130/><U94/><E35/><V7/><F75/><W82/><G129/><T63/><D126/><U77/><E34/><V33/><F7/><W61/><G26/><T131/><D131/><U117/><E37/><V23/><F33/><W121/><G121/><T62/><D73/><U103/><E111/><V110/><F92/><W106/><G76/><T108/><D108/><N who="2" m="41578" /><F46/><W80/><G82/><T15/><D10/><U5/><E5/><V128/><F132/><W18/><G18/><T112/><D112/><N who="3" m="43049" /><G68/><T29/><D29/><U88/><E125/><V86/><F86/><AGARI ba="0,0" hai="53,55,57,61,65,78,80,86,96,100,106" m="43049" machi="86" ten="30,3900,0" yaku="15,1,11,1,52,1" doraHai="54" who="3" fromWho="2" sc="313,0,113,0,402,-39,172,39" /><INIT seed="7,0,0,0,5,20" ten="313,113,363,211" oya="3" hai0="100,22,118,17,33,87,66,132,15,111,91,44,99" hai1="35,120,124,1,16,5,32,98,109,101,60,76,131" hai2="0,56,117,2,11,114,77,8,4,36,112,57,70" hai3="86,125,26,42,29,95,59,10,62,89,80,53,93"/><W115/><G115/><N who="2" m="44073" /><F70/><W13/><G125/><T105/><D111/><U46/><E131/><V51/><F36/><W30/><G42/><T6/><D132/><U75/><E124/><V94/><F117/><W121/><G121/><T134/><D134/><U113/><E109/><V74/><F51/><W37/><G37/><T18/><D33/><U65/><E120/><V106/><F106/><W25/><G30/><T97/><D6/><U7/><E1/><V129/><F129/><W49/><G62/><T85/><D66/><U110/><E110/><V39/><F39/><W21/><REACH who="3" step="1"/><G26/><REACH who="3" ten="313,113,363,201" step="2"/><T54/><D118/><U41/><E113/><V83/><F94/><W135/><G135/><T24/><D24/><U82/><E35/><V23/><F23/><W73/><G73/><T27/><D22/><U78/><E32/><V107/><F107/><W58/><G58/><T88/><D27/><U79/><E75/><V81/><F81/><W9/><G9/><T123/><D123/><U116/><E82/><V90/><F11/><W12/><G12/><T92/><D15/><U102/><E116/><V47/><F0/><W71/><G71/><T61/><D61/><U38/><E60/><V34/><F34/><W14/><G14/><T133/><D133/><U67/><E5/><AGARI ba="0,1" hai="5,10,13,21,25,29,49,53,59,80,86,89,93,95" machi="5" ten="30,12000,1" yaku="1,1,7,1,8,1,52,1,53,1" doraHai="20" doraHaiUra="3" who="3" fromWho="1" sc="313,0,113,-120,363,0,201,130" owari="313,-9.0,-7,-51.0,363,47.0,331,13.0" /></mjloggm>