<mjloggm ver="2.3"><GO type="169" lobby="0"/><UN n0="%E4%BB%95%E6%8E%9B%E3%81%91%E3%81%A6%33%E3%82%BB%E3%83%B3%E3%83%81" n1="%E3%83%90%E3%82%AD" n2="%E3%83%94%E3%83%B3%E3%82%B5%E3%83%AD%E5%BA%97%E5%93%A1" n3="%46%49%4E%48%E7%B4%A0%E9%9D%A2" dan="16,17,17,16" rate="2102.22,2207.11,2269.61,2111.50" sx="M,M,M,M"/><TAIKYOKU oya="0"/><INIT seed="0,0,0,3,3,91" ten="250,250,250,250" oya="0" hai0="126,62,24,112,40,15,113,10,98,36,37,124,132" hai1="66,32,23,69,29,30,33,57,43,84,123,65,75" hai2="41,125,5,86,106,45,120,13,20,100,103,102,51" hai3="101,59,118,134,133,83,89,47,80,49,11,17,28"/><T42/><D24/><U39/><E123/><V31/><F120/><W18/><G28/><T60/><D15/><U8/><E75/><V95/><F106/><W78/><G101/><T9/><REACH who="0" step="1"/><D98/><REACH who="0" ten="240,250,250,250" step="2"/><U0/><E0/><V38/><F13/><N who="3" m="7359" /><G134/><AGARI ba="0,1" hai="9,10,36,37,40,42,60,62,112,113,124,126,132,134" machi="134" ten="25,4800,0" yaku="1,1,22,2,53,0" doraHai="91" doraHaiUra="21" who="0" fromWho="3" sc="240,58,250,0,250,0,250,-48" /><INIT seed="0,1,0,3,0,112" ten="298,250,250,202" oya="0" hai0="39,116,120,62,76,1,124,64,106,18,5,115,101" hai1="58,51,38,4,54,30,47,27,92,79,13,97,127" hai2="61,45,81,75,105,66,78,52,99,70,113,25,82" hai3="57,111,55,80,23,0,88,118,44,59,135,83,109"/><T32/><D18/><U21/><E127/><V129/><F113/><W65/><G0/><T117/><D76/><U43/><E79/><V98/><F129/><W91/><G135/><T50/><D50/><U104/><E104/><V100/><F82/><W19/><G65/><T6/><D6/><U130/><E130/><V24/><REACH who="2" step="1"/><F99/><REACH who="2" ten="298,250,240,202" step="2"/><W107/><G80/><T7/><D115/><U12/><REACH who="1" step="1"/><E4/><REACH who="1" ten="298,240,240,202" step="2"/><V40/><F40/><W96/><G109/><T102/><D7/><U72/><E72/><V10/><F10/><W22/><G111/><T85/><D5/><U132/><E132/><V60/><F60/><W49/><G107/><T128/><D62/><U121/><E121/><V14/><F14/><W8/><G8/><T126/><D106/><U134/><E134/><V103/><F103/><AGARI ba="1,2" hai="12,13,21,27,30,38,43,47,51,54,58,92,97,103" machi="103" ten="30,3900,0" yaku="1,1,7,1,53,1" doraHai="112" doraHaiUra="20" who="1" fromWho="2" sc="298,0,240,62,240,-42,202,0" /><INIT seed="1,0,0,5,5,5" ten="298,302,198,202" oya="1" hai0="121,50,94,3,83,107,0,60,59,110,7,72,53" hai1="109,13,103,122,79,73,19,133,33,105,38,1,6" hai2="56,66,74,101,123,90,34,125,85,126,44,131,117" hai3="37,9,100,67,119,47,84,40,8,106,48,51,71"/><U129/><RYUUKYOKU type="yao9" ba="0,0" sc="298,0,302,0,198,0,202,0" hai1="1,6,13,19,33,38,73,79,103,105,109,122,129,133" /><INIT seed="1,1,0,4,3,28" ten="298,302,198,202" oya="1" hai0="102,75,34,115,118,117,23,6,89,122,97,44,111" hai1="66,52,12,126,43,71,15,19,64,106,39,2,13" hai2="78,85,67,0,105,30,124,21,10,3,25,37,49" hai3="70,9,14,112,98,130,33,68,53,31,123,59,103"/><U26/><E106/><V4/><F37/><W113/><G130/><T79/><D115/><U108/><E2/><V42/><F105/><W104/><G123/><T93/><D111/><U16/><E71/><V18/><F124/><W35/><G68/><T76/><D122/><U24/><E126/><V81/><F67/><N who="1" m="25641" /><E43/><V99/><F99/><W62/><G70/><T57/><D57/><U27/><E39/><V110/><F110/><W61/><G62/><T17/><D34/><U109/><E52/><V83/><F83/><W121/><G121/><T95/><D6/><U86/><E109/><V47/><REACH who="2" step="1"/><F30/><REACH who="2" ten="298,302,188,202" step="2"/><W135/><G31/><T107/><D107/><U1/><E108/><V120/><F120/><W72/><G135/><T20/><D117/><U80/><E1/><AGARI ba="1,1" hai="0,1,3,4,10,18,21,25,42,47,49,78,81,85" machi="1" ten="30,3900,0" yaku="1,1,7,1,53,1" doraHai="28" doraHaiUra="74" who="2" fromWho="1" sc="298,0,302,-42,188,52,202,0" /><INIT seed="2,0,0,0,1,58" ten="298,260,240,202" oya="2" hai0="108,29,38,18,126,97,122,72,31,54,134,49,63" hai1="33,69,65,40,78,105,99,92,23,118,48,120,14" hai2="9,123,8,128,89,107,56,55,62,1,39,116,124" hai3="57,114,51,30,103,86,115,129,132,36,46,32,106"/><V59/><F116/><W5/><G5/><T16/><D108/><U60/><E118/><V64/><F123/><W37/><G129/><T66/><D122/><U44/><E120/><V81/><F107/><W76/><G132/><T117/><D72/><U0/><E33/><V2/><F39/><W125/><G125/><T77/><D134/><U15/><E0/><V96/><F128/><W27/><G57/><N who="0" m="37231" /><D38/><U34/><E34/><V45/><F124/><W127/><G127/><T70/><D70/><U79/><E105/><V73/><F45/><W83/><G103/><T26/><D77/><U53/><E14/><V109/><F109/><W28/><G28/><N who="0" m="10827" /><D117/><U91/><REACH who="1" step="1"/><E40/><REACH who="1" ten="298,250,240,202" step="2"/><V130/><F130/><W100/><G106/><T35/><D35/><U131/><E131/><V47/><F1/><W88/><G114/><T95/><D26/><U4/><E4/><V20/><F2/><W104/><G115/><T74/><D126/><U7/><E7/><V12/><F12/><W93/><G104/><T3/><D3/><U25/><E25/><V98/><F8/><W82/><G82/><T10/><D10/><U133/><E133/><V67/><F9/><W71/><G71/><T50/><D74/><U101/><E101/><V41/><F73/><W85/><REACH who="3" step="1"/><G100/><REACH who="3" ten="298,250,240,192" step="2"/><N who="0" m="60479" /><D49/><U11/><E11/><V111/><F111/><W102/><G102/><T52/><D50/><U22/><E22/><V61/><F20/><W21/><G21/><T84/><D18/><AGARI ba="0,2" hai="15,18,23,44,48,53,60,65,69,78,79,91,92,99" machi="18" ten="40,2600,0" yaku="1,1,52,1,53,0" doraHai="58" doraHaiUra="24" who="1" fromWho="0" sc="298,-26,250,46,240,0,192,0" /><INIT seed="3,0,0,2,0,68" ten="272,296,240,192" oya="3" hai0="112,22,27,14,132,49,19,12,76,123,10,0,110" hai1="52,95,66,85,55,86,38,11,44,111,82,77,62" hai2="47,36,51,119,113,29,69,6,1,94,71,43,98" hai3="109,16,17,13,91,28,57,90,23,25,45,32,89"/><W3/><G45/><T2/><D76/><U78/><E111/><V127/><F113/><W84/><G109/><T8/><D49/><U9/><E95/><V97/><F119/><W40/><G40/><T124/><D110/><U54/><E38/><V115/><F115/><W56/><G84/><T128/><D123/><U59/><REACH who="1" step="1"/><E44/><REACH who="1" ten="272,286,240,192" step="2"/><V103/><F36/><W118/><G118/><T87/><D112/><U34/><E34/><V129/><F94/><W116/><G116/><T53/><D124/><U24/><E24/><V122/><F47/><W105/><G105/><T120/><D120/><U63/><E63/><V106/><F106/><W67/><G67/><T83/><D128/><U37/><E37/><V108/><F129/><W26/><REACH who="3" step="1"/><G3/><REACH who="3" ten="272,286,240,182" step="2"/><T42/><D0/><U64/><E64/><V39/><F1/><W74/><G74/><T58/><D2/><U104/><E104/><V93/><F108/><W35/><G35/><T61/><D42/><U99/><E99/><V92/><F98/><W7/><G7/><T134/><D132/><U18/><E18/><V65/><F6/><W96/><G96/><T102/><D134/><U60/><E60/><V114/><F97/><W79/><G79/><N who="0" m="46591" /><D102/><U4/><E4/><V88/><F103/><W133/><G133/><T81/><D19/><U126/><E126/><V30/><F127/><W48/><G48/><T50/><D50/><U131/><E131/><V100/><F122/><W20/><AGARI ba="0,2" hai="13,16,17,20,23,25,26,28,32,56,57,89,90,91" machi="20" ten="30,6000,0" yaku="1,1,0,1,54,1,53,0" doraHai="68" doraHaiUra="101" who="3" fromWho="3" sc="272,-20,286,-20,240,-20,182,80" /><INIT seed="3,1,0,2,4,85" ten="252,266,220,262" oya="3" hai0="72,39,76,89,79,122,70,73,11,128,34,108,93" hai1="112,91,110,119,90,31,124,18,125,56,97,64,38" hai2="10,52,55,133,30,134,48,6,62,82,127,78,47" hai3="69,41,132,4,5,42,50,94,61,84,43,68,109"/><W115/><G115/><T54/><D34/><U21/><E112/><V81/><F127/><N who="1" m="48713" /><E110/><V123/><F123/><W121/><G121/><T3/><D3/><U44/><E31/><V1/><F30/><W103/><G132/><N who="2" m="50793" /><F78/><W117/><G117/><T37/><D122/><U53/><E97/><V25/><F25/><W7/><G109/><T15/><D70/><U74/><E74/><V102/><F102/><W20/><G20/><T114/><D108/><U131/><E131/><V63/><F55/><W28/><G28/><T66/><D114/><U46/><E64/><V100/><F100/><W67/><G69/><T23/><D66/><U111/><E111/><V29/><F29/><W16/><G103/><T26/><D128/><U24/><E119/><V49/><F49/><W88/><REACH who="3" step="1"/><G16/><REACH who="3" ten="252,266,220,252" step="2"/><T120/><D23/><U40/><E44/><AGARI ba="1,1" hai="4,5,7,41,42,43,44,50,61,67,68,84,88,94" machi="44" ten="40,12000,1" yaku="1,1,2,1,52,1,54,1,53,0" doraHai="85" doraHaiUra="27" who="3" fromWho="1" sc="252,0,266,-123,220,0,252,133" /><INIT seed="3,2,0,5,1,101" ten="252,143,220,385" oya="3" hai0="130,89,117,31,60,79,35,119,53,118,92,54,96" hai1="128,120,127,94,80,124,18,14,13,91,21,69,4" hai2="125,122,68,51,102,109,40,36,1,52,81,3,45" hai3="33,56,133,26,134,11,123,62,47,110,86,72,0"/><W20/><G72/><T58/><D130/><U57/><E69/><V15/><F109/><W2/><G123/><T90/><D79/><U7/><E128/><V25/><F122/><W48/><G33/><T38/><D38/><U85/><E120/><V87/><F125/><W28/><G110/><T37/><D37/><U22/><E57/><V16/><F25/><W121/><G121/><T41/><D41/><U44/><E44/><V32/><F102/><W70/><G70/><T71/><D71/><U19/><REACH who="1" step="1"/><E94/><REACH who="1" ten="252,133,220,385" step="2"/><V9/><F32/><W61/><G56/><T112/><D112/><U83/><E83/><V84/><F68/><W114/><G114/><T78/><D35/><U55/><E55/><V111/><F111/><W129/><G129/><T104/><D54/><U108/><E108/><V135/><F135/><W65/><G134/><T29/><D104/><U34/><E34/><V100/><F100/><W97/><G133/><T10/><D78/><U76/><E76/><V77/><F87/><W50/><G86/><T8/><REACH who="0" step="1"/><D89/><REACH who="0" ten="242,133,220,385" step="2"/><U131/><E131/><V88/><REACH who="2" step="1"/><F77/><REACH who="2" ten="242,133,210,385" step="2"/><W43/><G65/><T126/><D126/><AGARI ba="2,3" hai="4,7,13,14,18,19,21,22,80,85,91,124,126,127" machi="126" ten="40,5200,0" yaku="1,1,9,1,18,1,53,0" doraHai="101" doraHaiUra="39" who="1" fromWho="0" sc="242,-58,133,88,210,0,385,0" /><INIT seed="4,0,0,2,2,94" ten="184,221,210,385" oya="0" hai0="128,90,56,83,101,34,126,99,117,133,123,59,102" hai1="121,109,22,31,85,81,40,32,43,42,108,125,20" hai2="55,65,3,75,41,113,15,72,120,82,60,115,25" hai3="122,103,131,79,23,11,96,18,66,0,24,70,91"/><T50/><D123/><U6/><E121/><V119/><F120/><W135/><G122/><RYUUKYOKU type="kaze4" ba="0,0" sc="184,0,221,0,210,0,385,0" /><INIT seed="4,1,0,1,2,52" ten="184,221,210,385" oya="0" hai0="119,11,61,67,84,103,38,63,42,100,49,13,130" hai1="36,78,37,19,18,27,120,93,82,45,90,89,114" hai2="134,92,98,39,66,107,10,110,43,20,111,29,87" hai3="26,5,99,102,23,76,123,46,80,109,135,25,70"/><T56/><D119/><U83/><E120/><V95/><F134/><W28/><G70/><T4/><D130/><U115/><E45/><V3/><F66/><W16/><G109/><T30/><D38/><N who="1" m="14955" /><E27/><V69/><F69/><W21/><G135/><T6/><D6/><U108/><E108/><V44/><F29/><W48/><G5/><T40/><D30/><U116/><E116/><V24/><F3/><W35/><G123/><T129/><D129/><U96/><E78/><V17/><F10/><W51/><G35/><T65/><D84/><U126/><E126/><V47/><F47/><W113/><G113/><N who="1" m="43018" /><E90/><V122/><F122/><W97/><G102/><N who="0" m="38955" /><D49/><U59/><E59/><AGARI ba="1,0" hai="4,11,13,40,42,56,59,61,63,65,67" m="38955" machi="59" ten="30,5800,0" yaku="8,1,52,2" doraHai="52" who="0" fromWho="1" sc="184,61,221,-61,210,0,385,0" /><INIT seed="4,2,0,3,4,123" ten="245,160,210,385" oya="0" hai0="108,25,87,7,20,86,79,101,75,96,115,82,22" hai1="83,131,116,37,51,73,38,98,8,107,132,57,130" hai2="55,4,118,35,18,49,60,26,15,135,134,81,5" hai3="103,27,120,42,17,74,76,13,41,69,12,56,128"/><T77/><D115/><U114/><E114/><V127/><F60/><W93/><G69/><T33/><D33/><U70/><E70/><V91/><F91/><W2/><G2/><T30/><D108/><U62/><E116/><V32/><F81/><W125/><G74/><T48/><D77/><N who="1" m="44463" /><E51/><V59/><F118/><W50/><G76/><T122/><D122/><U1/><E1/><V40/><F40/><W29/><G128/><N who="1" m="49194" /><E8/><V14/><F127/><W44/><G125/><T58/><D22/><U133/><E107/><V78/><F78/><W23/><G13/><T72/><D72/><U121/><E98/><V47/><F59/><W68/><G68/><T88/><D7/><N who="2" m="2634" /><F26/><W111/><G56/><T129/><D129/><U52/><E121/><V106/><F106/><W34/><G42/><T89/><D75/><U119/><E119/><V3/><F3/><W6/><G6/><T100/><D96/><U24/><E24/><V64/><F64/><W117/><G120/><T67/><D79/><U109/><E109/><V92/><F14/><W36/><G117/><T53/><REACH who="0" step="1"/><D67/><REACH who="0" ten="235,160,210,385" step="2"/><U16/><E16/><V10/><F32/><W43/><G111/><T90/><D90/><U80/><E80/><AGARI ba="2,1" hai="20,25,30,48,53,58,80,82,86,87,88,89,100,101" machi="80" ten="30,18000,2" yaku="1,1,7,1,9,1,8,1,54,1,53,2" doraHai="123" doraHaiUra="84" who="0" fromWho="1" sc="235,196,160,-186,210,0,385,0" owari="431,53.0,-26,-53.0,210,-19.0,385,19.0" /></mjloggm>