<mjloggm ver="2.3"><GO type="169" lobby="0"/><UN n0="%E3%83%8E%E3%82%AA%E3%83%81%E3%83%A3%E3%83%99%E3%82%B9" n1="%79%79%78%30%31%31%35" n2="%E6%BC%82%E3%81%86" n3="%E5%A4%A7%E6%B2%BB%E9%83%8E%23%37%34" dan="17,17,16,16" rate="2214.37,2199.97,2079.34,2128.96" sx="M,F,M,M"/><TAIKYOKU oya="0"/><INIT seed="0,0,0,1,2,116" ten="250,250,250,250" oya="0" hai0="36,90,61,89,39,85,56,19,122,71,75,22,83" hai1="103,113,63,135,69,58,1,127,125,23,52,131,98" hai2="104,96,67,30,76,111,65,24,70,4,57,18,112" hai3="95,48,12,9,77,11,49,84,13,51,72,45,107"/><T93/><D71/><U117/><E117/><V121/><F112/><W32/><G32/><T123/><D39/><U55/><E113/><V68/><F4/><W87/><G107/><T28/><D28/><U54/><E69/><V16/><F30/><W60/><G60/><T31/><D31/><U37/><E37/><V3/><F104/><W0/><G0/><T118/><D36/><U40/><E40/><V94/><F3/><W102/><G72/><T120/><D118/><U80/><E1/><V128/><F94/><W26/><G26/><T38/><D38/><U8/><E8/><V47/><F24/><W62/><G62/><T6/><D6/><U5/><E5/><V132/><F96/><W114/><G114/><T42/><D42/><U46/><E23/><V97/><F97/><W133/><G133/><T34/><D34/><U2/><E2/><V50/><F132/><W110/><G110/><T35/><D35/><U108/><E135/><V134/><F134/><W100/><G49/><T81/><D75/><U73/><E108/><V79/><F111/><W106/><G106/><T91/><D93/><N who="1" m="58831" /><E46/><V99/><F99/><W41/><G41/><T21/><D83/><U14/><E14/><V64/><F47/><W10/><G10/><T130/><D130/><U20/><E20/><V129/><F67/><W86/><G45/><T115/><D115/><U33/><E33/><V7/><F7/><W59/><G9/><T109/><D109/><U82/><E131/><V44/><F44/><W105/><G11/><T124/><D22/><U126/><E73/><V92/><F128/><RYUUKYOKU ba="0,0" sc="250,-10,250,30,250,-10,250,-10" hai1="52,54,55,58,63,80,82,125,126,127" /><INIT seed="1,1,0,5,2,111" ten="240,280,240,240" oya="1" hai0="2,65,54,31,91,34,58,129,19,26,70,97,51" hai1="105,81,122,29,38,121,25,130,33,40,118,53,52" hai2="135,18,63,96,15,108,17,110,80,1,115,46,128" hai3="75,117,134,86,56,74,35,76,92,67,24,99,27"/><U89/><E105/><V41/><F1/><W93/><G117/><T55/><D2/><U85/><E118/><V68/><F128/><W57/><G134/><T103/><D129/><U43/><E130/><V101/><F135/><W9/><G9/><T3/><D3/><U23/><E33/><V112/><F80/><W59/><G67/><T71/><D91/><U127/><E127/><V66/><F18/><W126/><G126/><T69/><D54/><U72/><E72/><V125/><F125/><W119/><G119/><T14/><D65/><U50/><E53/><V87/><F87/><W120/><G35/><T106/><REACH who="0" step="1"/><D69/><REACH who="0" ten="230,280,240,240" step="2"/><U132/><E132/><V79/><F110/><W116/><G116/><T95/><D95/><U49/><E43/><V7/><F108/><W42/><G42/><T62/><D62/><U22/><E40/><V124/><F124/><W90/><G76/><T36/><D36/><U107/><E38/><V94/><F79/><W28/><G92/><T100/><D100/><U88/><E50/><V113/><F7/><W109/><G109/><T123/><D123/><U4/><E89/><V48/><REACH who="2" step="1"/><F112/><REACH who="2" ten="230,280,230,240" step="2"/><W32/><G93/><T16/><D16/><U5/><E5/><V0/><F0/><W8/><G28/><T37/><D37/><U44/><E4/><V131/><F131/><W73/><G90/><T11/><AGARI ba="1,2" hai="11,14,19,26,31,34,51,55,58,70,71,97,103,106" machi="11" ten="20,2700,0" yaku="1,1,0,1,7,1,53,0" doraHai="111" doraHaiUra="104" who="0" fromWho="0" sc="230,50,280,-14,230,-8,240,-8" /><INIT seed="2,0,0,5,4,19" ten="280,266,222,232" oya="2" hai0="15,134,59,119,82,57,10,128,133,123,58,114,33" hai1="12,46,7,14,49,90,55,71,105,96,117,99,75" hai2="127,36,135,23,67,132,77,113,54,27,5,70,121" hai3="78,26,92,84,108,91,29,31,116,3,30,6,53"/><V17/><F36/><W98/><G116/><T47/><D33/><U94/><E75/><V107/><F113/><W88/><G108/><T87/><D123/><U34/><E34/><V22/><F121/><W122/><G122/><T69/><D69/><U9/><E71/><V43/><F43/><W126/><G126/><T25/><D114/><U72/><E72/><V21/><F127/><W129/><G129/><T48/><D128/><U35/><E35/><V80/><F107/><W124/><G124/><T110/><D110/><U16/><E117/><V89/><F89/><W76/><G3/><T64/><D25/><U61/><E61/><N who="2" m="40303" /><F54/><W42/><G6/><T95/><D95/><U66/><E66/><V85/><F5/><W37/><G37/><T68/><D68/><U112/><E112/><V39/><F39/><W28/><G42/><T97/><D97/><U100/><E14/><V32/><F32/><W45/><G45/><T102/><D102/><U60/><E60/><V103/><F103/><W125/><G53/><T73/><D73/><U20/><REACH who="1" step="1"/><E7/><REACH who="1" ten="280,256,222,232" step="2"/><V40/><F40/><W63/><G125/><T111/><D119/><U52/><E52/><V118/><F118/><W0/><G63/><T81/><D64/><U2/><E2/><V93/><F93/><W86/><G0/><T13/><D13/><U56/><E56/><V11/><F11/><AGARI ba="0,1" hai="9,11,12,16,20,46,49,55,90,94,96,99,100,105" machi="11" ten="40,5200,0" yaku="1,1,52,1,54,1,53,0" doraHai="19" doraHaiUra="109" who="1" fromWho="2" sc="280,0,256,62,222,-52,232,0" /><INIT seed="3,0,0,0,5,33" ten="280,318,170,232" oya="3" hai0="86,21,119,87,37,85,32,132,19,63,31,13,106" hai1="51,88,128,65,50,18,75,124,67,92,110,70,7" hai2="81,127,40,60,109,52,66,105,59,44,125,14,107" hai3="78,61,36,68,95,108,114,72,80,45,71,4,49"/><W57/><G114/><T56/><D119/><U16/><E75/><V58/><F14/><W116/><G116/><T123/><D123/><U64/><E70/><V102/><F81/><W46/><G36/><T24/><D37/><U73/><E73/><V90/><F90/><W111/><G95/><T62/><D106/><U101/><E101/><V11/><F11/><W9/><G57/><T53/><D132/><U135/><E110/><N who="3" m="42026" /><G61/><T83/><REACH who="0" step="1"/><D62/><REACH who="0" ten="270,318,170,232" step="2"/><U112/><E135/><V35/><F109/><W99/><G99/><T84/><D84/><U5/><E112/><V48/><F105/><W118/><G118/><T22/><D22/><U6/><E124/><V34/><F107/><W133/><G133/><T42/><D42/><U79/><E128/><V47/><F34/><W103/><G103/><T113/><D113/><U29/><E51/><N who="2" m="27015" /><F35/><W117/><G117/><T69/><D69/><N who="3" m="26697" /><G49/><T28/><D28/><U26/><E50/><N who="2" m="30999" /><F102/><W97/><G97/><T100/><D100/><U55/><E29/><V39/><F39/><W30/><G30/><T0/><D0/><AGARI ba="0,1" hai="0,4,9,45,46,72,78,80" m="26697,42026" machi="0" ten="30,5800,0" yaku="14,1,10,1,52,1" doraHai="33" who="3" fromWho="0" sc="270,-58,318,0,170,0,232,68" /><INIT seed="3,1,0,4,2,124" ten="212,318,170,300" oya="3" hai0="69,89,44,42,64,66,19,94,62,125,134,18,11" hai1="39,110,115,41,96,55,27,92,128,7,116,132,133" hai2="59,93,120,40,30,15,36,2,50,78,104,13,81" hai3="80,52,88,102,17,35,3,97,49,58,5,10,28"/><W90/><G35/><T33/><D125/><U8/><E115/><V6/><F104/><W24/><G28/><T109/><D33/><U1/><E110/><V38/><F30/><W106/><G24/><T108/><D66/><U112/><E112/><V75/><F120/><W122/><G122/><T12/><D134/><N who="1" m="51819" /><E116/><V14/><F93/><W72/><REACH who="3" step="1"/><G17/><REACH who="3" ten="212,318,170,290" step="2"/><T76/><D19/><U86/><E27/><V20/><F20/><W43/><G43/><T99/><REACH who="0" step="1"/><D76/><AGARI ba="1,1" hai="3,5,10,49,52,58,72,76,80,88,90,97,102,106" machi="76" ten="40,7700,0" yaku="1,1,54,2,53,0" doraHai="124" doraHaiUra="119" who="3" fromWho="0" sc="212,-80,318,0,170,0,290,90" /><INIT seed="3,2,0,4,3,38" ten="132,318,170,380" oya="3" hai0="126,123,62,74,114,47,96,99,134,27,89,102,65" hai1="31,49,10,108,97,113,45,129,76,3,112,94,33" hai2="77,86,55,133,106,18,69,91,130,9,85,135,16" hai3="22,64,48,131,132,61,0,51,116,1,92,59,12"/><W52/><G116/><T24/><D74/><U79/><E108/><V54/><F106/><W50/><G132/><N who="2" m="50761" /><F69/><W40/><G131/><T41/><D134/><U124/><E124/><V110/><F110/><W72/><G72/><T111/><D111/><U25/><E129/><V75/><F130/><W2/><G92/><T119/><D119/><U60/><E60/><V63/><F75/><W43/><REACH who="3" step="1"/><G64/><REACH who="3" ten="132,318,170,370" step="2"/><T7/><D65/><U87/><E113/><V29/><F86/><W44/><G44/><T121/><D114/><U57/><E112/><V81/><F85/><W125/><G125/><T15/><D126/><U34/><E87/><V35/><F81/><W14/><G14/><T118/><D118/><U56/><E94/><V105/><F105/><W66/><G66/><T104/><D24/><U19/><E25/><V8/><F77/><W90/><G90/><T88/><D27/><U101/><E79/><V78/><F78/><W120/><G120/><T83/><D83/><U117/><E76/><V39/><F91/><W67/><G67/><T58/><D121/><U71/><E117/><V68/><F68/><W127/><G127/><T13/><D123/><U17/><E71/><V37/><F35/><W98/><G98/><T42/><D96/><U46/><E97/><V4/><F29/><W36/><G36/><T30/><D30/><U84/><E31/><V107/><F107/><W5/><G5/><T20/><D7/><U82/><E84/><V53/><F4/><W28/><G28/><T21/><D99/><U100/><E82/><V80/><F80/><W95/><G95/><RYUUKYOKU ba="2,1" sc="132,-10,318,-10,170,-10,370,30" hai3="0,1,2,12,22,40,43,48,50,51,52,59,61" /><INIT seed="3,3,1,4,4,103" ten="122,308,160,400" oya="3" hai0="86,21,77,127,73,57,132,121,15,92,61,116,6" hai1="68,67,98,104,3,50,41,120,78,76,82,65,123" hai2="80,49,24,37,101,1,46,72,91,75,64,31,58" hai3="102,14,106,55,34,20,107,81,85,105,114,17,47"/><W10/><G114/><T18/><D73/><U51/><E3/><V118/><F1/><W111/><G34/><T112/><D116/><U12/><E12/><V128/><F118/><W130/><G130/><T60/><D121/><U35/><E35/><V94/><F128/><W19/><G111/><T126/><D112/><U134/><E98/><V26/><F26/><W27/><G102/><T13/><D132/><U88/><E82/><V4/><F4/><W115/><G115/><T29/><D29/><U56/><E56/><V0/><F0/><W89/><G107/><T43/><D43/><U62/><E62/><V66/><F37/><W131/><G131/><T87/><D61/><U135/><E41/><V110/><F110/><W38/><G38/><T83/><D92/><U28/><E28/><V113/><F75/><W59/><G59/><T79/><D87/><U11/><E11/><V125/><F125/><W5/><G5/><T36/><D36/><U100/><E100/><V129/><F129/><W108/><G108/><T30/><D30/><U74/><E74/><V63/><F64/><W8/><G8/><T39/><D39/><U119/><E119/><V45/><F113/><W71/><G71/><T7/><D79/><U70/><E88/><V40/><F101/><W32/><G32/><T54/><D15/><U133/><E133/><V9/><F9/><W53/><G53/><T96/><D96/><U109/><E109/><V48/><F72/><W84/><G85/><T25/><D13/><U99/><E99/><N who="2" m="57823" /><F80/><W2/><G2/><T22/><D22/><U33/><E33/><RYUUKYOKU ba="3,1" sc="122,10,308,10,160,-30,400,10" hai0="6,7,18,21,25,54,57,60,77,83,86,126,127" hai1="50,51,65,67,68,70,76,78,104,120,123,134,135" hai3="10,14,17,19,20,27,47,55,81,84,89,105,106" /><INIT seed="3,4,1,3,3,7" ten="132,318,130,410" oya="3" hai0="48,51,49,20,26,34,73,74,76,8,46,70,24" hai1="61,13,57,56,75,77,58,31,25,129,67,91,130" hai2="100,125,44,97,127,2,124,93,40,131,27,41,35" hai3="36,98,87,88,120,128,121,86,96,78,132,59,94"/><W105/><G36/><T71/><D46/><U37/><E37/><V95/><F131/><N who="1" m="50185" /><E91/><V23/><F35/><W43/><G128/><T42/><D42/><N who="2" m="16490" /><F44/><W29/><G43/><T119/><D119/><U5/><E77/><V64/><F64/><W69/><G69/><T17/><D76/><U114/><E75/><V90/><F2/><W122/><G29/><T15/><D34/><N who="1" m="20847" /><E114/><V54/><F54/><W60/><G132/><T79/><D26/><U80/><E80/><V47/><F47/><W14/><G14/><T9/><D9/><AGARI ba="4,1" hai="5,9,13,56,57,58,61,67" m="20847,50185" machi="9" ten="30,2000,0" yaku="19,1,52,1" doraHai="7" who="1" fromWho="0" sc="132,-32,318,42,130,0,410,0" /><INIT seed="4,0,0,0,5,64" ten="100,360,130,410" oya="0" hai0="72,119,95,132,135,37,62,21,83,90,66,117,16" hai1="44,76,126,105,46,7,34,84,94,108,8,13,53" hai2="41,104,101,120,22,111,99,48,89,122,71,130,15" hai3="124,114,73,106,109,113,3,27,79,129,25,96,32"/><T98/><D37/><U18/><E105/><V51/><F111/><W31/><G109/><T68/><D72/><U82/><E34/><V36/><F36/><W81/><G124/><T28/><D28/><U127/><E108/><V29/><F130/><W125/><G125/><N who="1" m="47626" /><E94/><V12/><F120/><W10/><G25/><T35/><D35/><U121/><E121/><V33/><F122/><W74/><G74/><T24/><REACH who="0" step="1"/><D83/><REACH who="0" ten="90,360,130,410" step="2"/><U40/><E40/><V87/><F33/><W110/><G110/><T77/><D77/><U43/><E43/><V60/><F41/><W80/><G80/><T133/><AGARI ba="0,1" hai="16,21,24,62,66,68,90,95,98,117,119,132,133,135" machi="133" ten="30,18000,2" yaku="1,1,0,1,20,1,52,1,54,1,53,1" doraHai="64" doraHaiUra="85" who="0" fromWho="0" sc="90,190,360,-60,130,-60,410,-60" /><INIT seed="4,1,0,3,5,84" ten="280,300,70,350" oya="0" hai0="15,109,40,4,43,99,45,81,21,117,130,86,76" hai1="110,42,91,88,79,38,118,51,71,98,11,10,126" hai2="119,3,134,100,66,87,132,49,22,36,67,102,44" hai3="70,120,26,60,103,0,34,133,62,37,123,85,125"/><T111/><D117/><U105/><E110/><V82/><F3/><W8/><G37/><T56/><D130/><U101/><E38/><V94/><F36/><W18/><G125/><T72/><D56/><U31/><E118/><V59/><F119/><W129/><G133/><T17/><D99/><U50/><E71/><V2/><F2/><W104/><G129/><T39/><D43/><U27/><E79/><V64/><F134/><W128/><G128/><T61/><D61/><U65/><E65/><V47/><F132/><W95/><G104/><T16/><D4/><U32/><E126/><V30/><F59/><W23/><G34/><T5/><D5/><U108/><E108/><N who="0" m="41545" /><D17/><U83/><E83/><V9/><F47/><W127/><G127/><T24/><D24/><U97/><E97/><V112/><F112/><W19/><G70/><T78/><D78/><U57/><E50/><V7/><F44/><W124/><G124/><T74/><AGARI ba="1,0" hai="15,16,21,39,40,45,72,74,76,81,86" m="41545" machi="74" ten="30,3000,0" yaku="10,1,54,1" doraHai="84" who="0" fromWho="0" sc="280,33,300,-11,70,-11,350,-11" /><INIT seed="4,2,0,5,1,31" ten="313,289,59,339" oya="0" hai0="74,20,1,97,43,50,121,61,126,27,72,53,7" hai1="14,4,123,62,90,98,68,86,112,63,10,41,96" hai2="9,17,67,52,135,111,58,45,18,44,132,71,82" hai3="107,106,120,127,80,48,99,36,22,131,133,19,130"/><T103/><D121/><U23/><E123/><V12/><F111/><W25/><G36/><T95/><D126/><U69/><E112/><V5/><F71/><W118/><G120/><T16/><D43/><U79/><E79/><V47/><F67/><W42/><G118/><T26/><D61/><U8/><E41/><V125/><F125/><W37/><G37/><T83/><D83/><U60/><E68/><V109/><F109/><W102/><G127/><T119/><D119/><U84/><E69/><V66/><F66/><W11/><G133/><T128/><D128/><N who="3" m="49193" /><G80/><T3/><D27/><U105/><E105/><V93/><F82/><W104/><G11/><T2/><REACH who="0" step="1"/><D7/><REACH who="0" ten="303,289,59,339" step="2"/><U46/><E4/><V134/><REACH who="2" step="1"/><F93/><REACH who="2" ten="303,289,49,339" step="2"/><W101/><G107/><T65/><D65/><U113/><E113/><V115/><F115/><W49/><G42/><T54/><D54/><U129/><E129/><V76/><F76/><W56/><G106/><T33/><D33/><U108/><E108/><V55/><F55/><W21/><G104/><T94/><D94/><U88/><E62/><AGARI ba="2,2" hai="5,9,12,17,18,44,45,47,52,58,62,132,134,135" machi="62" ten="50,6400,0" yaku="1,1,20,1,54,1,53,0" doraHai="31" doraHaiUra="73" who="2" fromWho="1" sc="303,0,289,-70,49,90,339,0" /><INIT seed="5,0,0,5,1,25" ten="303,219,139,339" oya="1" hai0="131,7,70,102,107,77,135,59,96,106,126,119,17" hai1="66,27,84,61,98,16,80,75,112,73,34,72,115" hai2="49,109,101,88,130,11,39,18,93,134,38,54,104" hai3="30,2,69,124,9,23,120,74,111,82,51,123,56"/><U57/><E98/><V33/><F109/><W132/><G69/><T20/><D70/><U68/><E68/><V83/><F104/><W86/><G74/><T133/><D7/><U8/><E8/><V64/><F101/><W3/><G124/><T97/><D126/><U53/><E53/><V92/><F64/><W81/><G111/><T42/><D119/><U24/><E24/><V4/><F130/><W108/><G108/><T122/><D131/><U71/><E71/><V78/><F134/><W47/><G132/><T13/><D122/><U127/><E127/><V129/><F129/><W94/><G94/><T89/><D77/><U65/><E65/><V103/><F103/><W45/><G56/><T91/><D42/><U44/><E44/><V95/><F33/><W99/><G99/><T37/><D37/><U60/><E60/><V5/><F39/><W6/><G2/><T41/><D41/><U79/><REACH who="1" step="1"/><E34/><REACH who="1" ten="303,209,139,339" step="2"/><V48/><F38/><W22/><G45/><T85/><D135/><U52/><E52/><V116/><F54/><W87/><G47/><T121/><D133/><U29/><E29/><V117/><F11/><W105/><G30/><T46/><D46/><U19/><E19/><V32/><F18/><W40/><G9/><T15/><D17/><U62/><E62/><V90/><F32/><W50/><G40/><T0/><D102/><U35/><E35/><V55/><F55/><W114/><G120/><T118/><D121/><U76/><E76/><V31/><F78/><W125/><G123/><T128/><D128/><U67/><E67/><V36/><F36/><RYUUKYOKU ba="0,1" sc="303,-10,209,30,139,-10,339,-10" hai1="16,27,57,61,66,72,73,75,79,80,84,112,115" /><INIT seed="5,1,1,2,5,70" ten="293,239,129,329" oya="1" hai0="78,53,130,50,75,109,73,18,47,7,100,42,56" hai1="64,133,24,25,97,102,9,16,72,99,76,30,103" hai2="40,67,22,23,54,14,59,74,111,37,57,45,119" hai3="101,28,26,20,118,79,27,66,122,85,96,51,55"/><U4/><E133/><V84/><F119/><W36/><G122/><T95/><D109/><U117/><E117/><V43/><F111/><W131/><G118/><T104/><D130/><U124/><E124/><V88/><F74/><W134/><G134/><T11/><D18/><U115/><E115/><V8/><F43/><W39/><G131/><T61/><D104/><U126/><E126/><V35/><F35/><W15/><G66/><T128/><D128/><U1/><E72/><V17/><F67/><W81/><G15/><T77/><D75/><U123/><E76/><V2/><F2/><W71/><G26/><T114/><D114/><U121/><E64/><V120/><F120/><W116/><G71/><T92/><D73/><U0/><E16/><V60/><REACH who="2" step="1"/><F57/><REACH who="2" ten="293,239,119,329" step="2"/><W90/><G116/><T48/><D56/><U58/><E58/><V41/><F41/><W98/><G55/><T127/><D53/><U110/><E110/><V68/><F68/><W80/><G51/><T69/><D50/><U108/><E108/><V34/><F34/><W52/><G52/><T86/><D48/><U93/><E0/><V31/><F31/><W89/><G28/><T87/><D42/><U113/><E113/><V132/><F132/><W107/><G36/><T13/><D69/><U19/><E30/><V49/><F49/><W38/><G39/><T32/><D32/><U135/><E135/><V12/><F12/><W33/><G38/><T105/><D13/><U6/><E1/><V63/><F63/><W65/><G33/><T129/><D129/><U125/><E121/><V106/><F106/><RYUUKYOKU ba="1,2" sc="293,-10,239,-10,119,30,329,-10" hai2="8,14,17,22,23,37,40,45,54,59,60,84,88" /><INIT seed="6,2,2,2,4,38" ten="283,229,149,319" oya="2" hai0="110,123,79,116,101,14,64,40,55,47,127,31,97" hai1="104,44,109,134,42,87,67,12,133,16,69,52,85" hai2="90,107,61,33,19,36,68,30,53,22,128,48,91" hai3="98,81,41,7,82,129,23,71,108,32,5,18,62"/><V49/><F128/><W122/><G122/><T51/><D123/><U77/><E104/><V13/><F107/><W63/><G32/><T24/><D110/><U60/><E109/><V74/><F36/><W95/><G108/><T11/><D127/><U57/><E77/><V34/><F74/><W76/><G129/><T84/><D64/><U50/><E133/><V0/><F0/><W58/><G71/><T54/><D116/><U66/><E134/><V25/><F33/><W117/><G41/><T21/><D97/><U73/><E73/><V39/><F39/><W83/><G76/><T65/><D65/><N who="1" m="24587" /><E69/><V99/><F68/><W92/><G117/><T132/><D101/><U131/><E131/><V94/><REACH who="2" step="1"/><F91/><REACH who="2" ten="283,229,139,319" step="2"/><W121/><G121/><T100/><D132/><U120/><E120/><V80/><F80/><W28/><G82/><N who="0" m="47199" /><D100/><U115/><E115/><V114/><F114/><W9/><G81/><T119/><D119/><U126/><E126/><V111/><F111/><W135/><G83/><T15/><D15/><U2/><E2/><V78/><F78/><W56/><G135/><T70/><D70/><U3/><E3/><V45/><F45/><W43/><G92/><T59/><D59/><AGARI ba="2,3" hai="13,19,22,25,30,34,48,49,53,59,61,90,94,99" machi="59" ten="40,3900,0" yaku="1,1,53,1" doraHai="38" doraHaiUra="88" who="2" fromWho="0" sc="283,-45,229,0,139,75,319,0" /><INIT seed="6,3,0,4,2,58" ten="238,229,214,319" oya="2" hai0="118,81,90,66,134,59,109,2,23,24,13,91,33" hai1="70,5,100,53,113,87,85,21,105,20,128,61,22" hai2="116,103,42,64,114,36,92,107,43,47,111,135,101" hai3="126,72,79,4,11,35,117,26,6,8,3,41,124"/><V27/><F116/><W31/><G117/><T82/><D118/><U34/><E113/><V55/><F114/><W69/><G41/><T1/><D33/><U73/><E73/><V50/><F107/><W45/><G45/><T12/><D2/><U30/><E128/><V106/><F106/><W115/><G69/><T10/><D1/><U38/><E38/><V29/><F135/><W119/><G119/><T71/><D71/><U40/><E40/><V93/><F43/><W52/><G52/><T127/><D134/><U104/><E5/><V15/><F111/><W39/><G39/><T67/><D127/><N who="3" m="48681" /><G79/><T129/><D129/><U83/><E104/><V7/><F64/><W130/><G72/><T110/><D59/><U132/><E132/><V18/><F7/><W62/><G62/><T9/><D23/><U125/><E125/><V98/><F36/><W68/><G68/><T123/><REACH who="0" step="1"/><D24/><REACH who="0" ten="228,229,214,319" step="2"/><U97/><E34/><V99/><F27/><W63/><G130/><T131/><D131/><U56/><E70/><V112/><F112/><W51/><G115/><T133/><D133/><U65/><E30/><V86/><F29/><W49/><G63/><T102/><D102/><U17/><E65/><V108/><F108/><W80/><G35/><T122/><AGARI ba="3,1" hai="9,10,12,13,66,67,81,82,90,91,109,110,122,123" machi="122" ten="25,6400,0" yaku="1,1,0,1,22,2,53,0" doraHai="58" doraHaiUra="54" who="0" fromWho="0" sc="228,83,229,-19,214,-35,319,-19" /><INIT seed="7,0,0,1,4,103" ten="311,210,179,300" oya="3" hai0="122,19,115,135,54,43,94,101,91,64,120,108,117" hai1="53,90,105,50,77,3,93,27,78,102,87,5,126" hai2="38,34,123,72,65,49,31,82,88,4,71,70,58" hai3="61,62,15,42,10,79,24,37,30,113,74,22,28"/><W32/><G113/><T2/><D2/><U47/><E126/><V66/><F38/><W99/><G37/><T114/><D108/><U16/><E3/><V33/><F49/><W121/><G42/><T56/><D101/><U17/><E5/><V18/><F4/><W110/><G121/><T92/><D64/><U124/><E124/><V23/><F123/><W97/><G30/><T46/><D94/><N who="1" m="54623" /><E105/><V21/><F31/><W98/><G32/><T45/><D19/><N who="1" m="7243" /><E27/><V8/><F18/><W36/><G36/><T9/><D9/><U84/><E84/><V76/><F8/><W57/><G110/><T133/><D122/><U59/><E47/><V73/><F88/><W68/><G68/><T116/><D120/><U89/><E89/><V95/><F95/><W111/><G111/><T51/><D91/><U1/><E1/><V29/><F29/><W52/><G74/><T100/><D100/><U39/><E39/><V41/><F58/><N who="3" m="35015" /><G79/><T134/><D92/><U85/><E85/><V83/><REACH who="2" step="1"/><F41/><REACH who="2" ten="311,210,169,300" step="2"/><W129/><G10/><T127/><D127/><U0/><E0/><V25/><F25/><W96/><G15/><T26/><D26/><U69/><E69/><V125/><F125/><W130/><G99/><AGARI ba="0,1" hai="50,53,59,77,78,93,99,102" m="7243,54623" machi="99" ten="30,2000,0" yaku="8,1,54,1" doraHai="103" who="1" fromWho="3" sc="311,0,210,30,169,0,300,-20" owari="311,41.0,240,-16.0,169,-33.0,280,8.0" /></mjloggm>