<mjloggm ver="2.3"><GO type="169" lobby="0"/><UN n0="%47%6F%77%6F" n1="%E5%9C%A8%E5%8E%9F%E4%B8%83%E6%B5%B7%E5%A4%A7%E5%A5%BD%E3%81%8D" n2="%E7%AD%89%E3%80%85%E5%8A%9B%E5%8A%87%E5%A0%B4" n3="%23%E6%97%A5%E6%9B%9C%E6%97%A5%E3%81%AE%E7%8C%AB" dan="17,17,17,16" rate="2247.83,2206.78,2123.22,2098.06" sx="M,M,M,M"/><TAIKYOKU oya="0"/><INIT seed="0,0,0,3,0,89" ten="250,250,250,250" oya="0" hai0="1,132,18,17,31,134,73,68,20,77,15,104,88" hai1="79,130,69,41,94,103,78,50,93,115,65,34,39" hai2="116,92,105,66,109,13,80,67,10,45,55,51,6" hai3="74,123,75,58,22,3,38,107,52,33,19,14,85"/><T127/><D1/><U25/><E39/><V40/><F105/><W98/><G33/><T64/><D104/><U84/><E130/><V95/><F109/><W49/><G38/><T43/><D43/><U60/><E115/><V91/><F116/><W47/><G3/><T133/><D127/><U29/><E103/><V5/><F5/><W111/><G111/><T9/><D31/><U62/><E62/><V32/><F32/><W28/><G28/><T99/><D64/><N who="2" m="24618" /><F40/><W21/><G123/><T7/><D68/><U106/><E106/><V61/><F61/><W125/><G125/><T23/><D77/><U119/><E119/><V96/><F96/><W30/><G47/><T135/><N who="0" m="33792" /><DORA hai="126" /><T72/><D20/><U120/><E79/><V87/><AGARI ba="0,0" hai="6,10,13,45,51,55,80,87,91,92,95" m="24618" machi="87" ten="30,4000,0" yaku="8,1,52,2" doraHai="89,126" who="2" fromWho="2" sc="250,-20,250,-10,250,40,250,-10" /><INIT seed="1,0,0,4,3,62" ten="230,240,290,240" oya="1" hai0="5,94,78,101,68,90,2,117,40,22,133,56,123" hai1="84,11,76,121,15,115,48,96,60,33,8,135,39" hai2="74,82,93,105,77,106,83,13,99,98,3,128,17" hai3="55,1,134,50,42,132,88,104,126,73,26,66,44"/><U24/><E121/><V100/><F3/><W89/><G104/><T113/><D113/><U27/><E115/><V119/><F128/><W58/><G73/><T20/><D68/><U130/><E39/><V86/><F119/><W52/><G1/><T35/><D35/><U9/><E135/><N who="3" m="51754" /><G126/><T41/><D101/><U111/><E130/><V43/><F43/><W112/><G26/><T12/><D78/><U29/><E96/><V45/><F45/><W110/><G110/><T108/><D12/><U118/><E27/><V97/><F97/><W92/><G112/><T95/><D56/><U31/><E31/><V79/><F99/><N who="3" m="57735" /><G89/><T34/><D90/><U4/><E111/><V80/><F80/><W49/><G49/><T38/><D2/><U16/><E48/><V81/><F81/><W54/><G66/><T127/><D133/><U51/><E51/><V14/><F14/><W53/><G53/><T102/><D127/><U32/><E32/><V21/><AGARI ba="0,0" hai="13,17,21,74,77,79,82,83,86,93,98,100,105,106" machi="21" ten="20,1500,0" yaku="0,1,7,1" doraHai="62" who="2" fromWho="2" sc="230,-4,240,-7,290,15,240,-4" /><INIT seed="2,0,0,1,4,92" ten="226,233,305,236" oya="2" hai0="38,88,81,12,61,125,105,28,35,118,57,36,77" hai1="49,100,9,74,1,70,32,31,4,85,121,56,44" hai2="128,133,78,75,7,41,37,67,16,124,112,42,64" hai3="50,126,29,59,97,40,107,93,3,135,46,89,63"/><V94/><F112/><W90/><G3/><T84/><D125/><U19/><E70/><V80/><F128/><W13/><G107/><T27/><D118/><U82/><E121/><V115/><F115/><W95/><G126/><T23/><D105/><U98/><E74/><V47/><F124/><W99/><G135/><T65/><D35/><U34/><E56/><V51/><F133/><W87/><G29/><T21/><D21/><U76/><E19/><V58/><F7/><W25/><G25/><T10/><REACH who="0" step="1"/><D77/><REACH who="0" ten="216,233,305,236" step="2"/><U130/><E130/><V5/><F78/><W68/><G68/><T120/><D120/><U111/><E111/><V0/><F75/><W131/><G131/><T129/><D129/><U113/><E113/><V54/><F37/><W104/><G104/><T108/><D108/><U83/><E34/><V14/><F0/><W53/><G13/><T86/><D86/><AGARI ba="0,1" hai="40,46,50,53,59,63,86,87,89,90,93,95,97,99" machi="86" ten="30,8000,1" yaku="7,1,9,1,8,1,52,2" doraHai="92" who="3" fromWho="0" sc="216,-80,233,0,305,0,236,90" /><INIT seed="3,0,0,0,5,69" ten="136,233,305,326" oya="3" hai0="103,39,60,52,132,65,58,9,83,30,127,33,14" hai1="79,126,105,59,24,76,27,54,108,40,25,90,12" hai2="35,19,95,62,57,41,87,67,50,107,71,66,3" hai3="89,81,99,114,13,29,15,86,48,23,104,68,130"/><W74/><G114/><T118/><D127/><U28/><E108/><V110/><F107/><W0/><G0/><T88/><D132/><U124/><E105/><V37/><F35/><W135/><G68/><T10/><D118/><U61/><E28/><V119/><F119/><W96/><G135/><T11/><D103/><U17/><E90/><V64/><F3/><W84/><G74/><T109/><D109/><U111/><E111/><V7/><F110/><W51/><G130/><T6/><D39/><U123/><E40/><V97/><F7/><W55/><G48/><T72/><D72/><U47/><E47/><N who="2" m="23983" /><F87/><W16/><G29/><T56/><D30/><U128/><E123/><V34/><F19/><W117/><G117/><T21/><D21/><U38/><E38/><V63/><F34/><W31/><G31/><T53/><D33/><U85/><E128/><V49/><F95/><W101/><G96/><T106/><D106/><U134/><E134/><V18/><F18/><W73/><G73/><T113/><D65/><N who="2" m="25194" /><F97/><W1/><G1/><T129/><D129/><U92/><E92/><V131/><F131/><W115/><G115/><T102/><D102/><U4/><E85/><V43/><F43/><W32/><G32/><T20/><D20/><N who="1" m="11303" /><E4/><V46/><F46/><N who="3" m="28151" /><G84/><N who="0" m="50207" /><D113/><U122/><E122/><V78/><F78/><N who="1" m="29737" /><E126/><V82/><F82/><W42/><G42/><T121/><D121/><U44/><E124/><V91/><F91/><W77/><G89/><T5/><D6/><U26/><E25/><V45/><F45/><W70/><G70/><T2/><D2/><U116/><E44/><RYUUKYOKU ba="0,0" sc="136,0,233,0,305,0,326,0" hai0="5,9,10,11,14,52,53,56,58,60" hai1="24,26,27,54,59,61,116" hai2="49,50,57,62,63,67,71" hai3="13,15,16,23,77,81,86,99,101,104" /><INIT seed="3,1,0,3,0,52" ten="136,233,305,326" oya="3" hai0="7,78,50,16,135,41,124,14,75,56,117,102,3" hai1="25,132,26,49,67,70,110,91,68,111,83,62,88" hai2="74,89,134,28,5,58,15,128,10,21,40,1,116" hai3="32,76,38,130,133,69,60,81,96,17,118,45,106"/><W59/><G118/><T114/><D117/><U51/><E132/><V46/><F116/><W36/><G133/><T48/><D135/><U121/><E121/><V30/><F134/><W20/><G32/><T120/><D120/><U90/><E83/><V122/><F122/><W98/><G69/><T13/><D3/><U71/><E62/><V95/><F74/><W92/><G106/><T77/><D75/><U63/><E63/><V66/><F128/><W29/><G29/><T80/><D102/><U103/><E67/><V0/><F0/><W31/><G31/><T33/><D33/><U19/><E103/><V79/><F79/><W22/><G22/><T27/><D27/><N who="1" m="10251" /><E19/><V87/><F1/><W84/><G45/><N who="0" m="25647" /><D80/><U82/><E82/><V108/><F21/><W104/><G104/><T35/><D124/><U2/><E2/><V11/><F11/><W43/><G43/><T37/><D37/><U9/><E9/><V54/><F66/><W4/><G4/><T97/><D35/><U42/><E42/><V8/><F8/><W127/><G127/><T99/><D7/><U85/><E85/><V100/><F100/><W12/><G98/><N who="0" m="37387" /><D13/><U73/><E73/><V115/><F28/><W105/><G105/><T53/><D114/><U113/><E113/><V61/><F30/><W131/><G131/><T125/><D125/><U86/><E86/><V123/><F115/><W107/><G130/><T101/><D101/><U126/><E126/><V47/><F123/><W72/><G107/><T55/><D55/><U119/><E119/><V23/><F40/><W64/><G72/><RYUUKYOKU ba="1,0" sc="136,10,233,10,305,-30,326,10" hai0="14,16,50,53,56,77,78" hai1="49,51,68,70,71,88,90,91,110,111" hai3="12,17,20,36,38,59,60,64,76,81,84,92,96" /><INIT seed="3,2,0,0,5,108" ten="146,243,275,336" oya="3" hai0="88,23,16,24,102,64,4,71,36,107,87,128,74" hai1="133,93,37,78,75,115,114,0,30,119,76,41,127" hai2="96,50,1,112,52,58,40,59,17,130,29,18,3" hai3="7,69,126,106,62,124,94,82,77,31,42,11,60"/><W32/><G106/><T25/><D128/><U110/><E0/><V48/><F29/><W27/><G42/><T56/><D74/><U63/><E110/><V19/><F130/><W22/><G94/><T103/><D71/><U66/><E30/><V73/><F73/><W83/><G22/><T57/><D36/><U35/><E35/><V97/><F40/><W51/><G51/><T134/><D134/><U38/><E133/><V116/><F116/><W104/><G104/><T6/><D25/><U21/><E21/><V70/><F70/><W92/><G92/><T15/><D107/><U45/><E37/><V28/><F28/><W109/><G109/><T99/><D99/><U14/><E14/><V117/><F117/><W86/><G82/><T120/><D120/><U34/><E34/><V65/><F65/><W111/><G111/><T33/><D33/><U105/><E105/><V55/><REACH who="2" step="1"/><F18/><REACH who="2" ten="146,243,265,336" step="2"/><W135/><G135/><T113/><D64/><U47/><E66/><V12/><F12/><W100/><G69/><T131/><D131/><U68/><E75/><V53/><F53/><W61/><REACH who="3" step="1"/><G100/><REACH who="3" ten="146,243,265,326" step="2"/><T39/><D103/><U81/><E68/><V121/><F121/><W85/><G85/><T122/><D102/><U79/><E41/><V129/><F129/><W10/><G10/><T84/><D84/><U26/><E119/><V8/><F8/><W118/><G118/><T43/><D122/><U49/><E38/><V20/><F20/><W46/><G46/><T72/><D87/><U9/><E47/><V2/><F2/><AGARI ba="2,2" hai="2,7,11,27,31,32,60,61,62,77,83,86,124,126" machi="2" ten="40,2000,0" yaku="1,1,53,0" doraHai="108" doraHaiUra="90" who="3" fromWho="2" sc="146,0,243,0,265,-26,326,46" /><INIT seed="3,3,0,0,2,18" ten="146,243,239,372" oya="3" hai0="109,83,94,79,65,55,25,95,14,29,28,96,53" hai1="126,24,86,19,22,98,39,46,23,81,75,112,45" hai2="124,11,57,70,115,131,51,58,80,48,38,32,50" hai3="114,30,36,15,37,67,78,103,111,87,10,13,54"/><W113/><G67/><T108/><D65/><U127/><E112/><V31/><F115/><W47/><G103/><T3/><D3/><U33/><E33/><V110/><F70/><W118/><G118/><T7/><D7/><U42/><E75/><V93/><F38/><W71/><G71/><T99/><D14/><U0/><E0/><V61/><F110/><W88/><G78/><T43/><D43/><U119/><E119/><V129/><F124/><W66/><G66/><T56/><D56/><U82/><E98/><V89/><F80/><N who="3" m="49255" /><G15/><T1/><D1/><U35/><E35/><V135/><F135/><W121/><G30/><T20/><D83/><U9/><E9/><V8/><F32/><W34/><G34/><T105/><D79/><U120/><E120/><V106/><F31/><W72/><G72/><T125/><D125/><N who="1" m="47627" /><E46/><V76/><F76/><W90/><G90/><T100/><D105/><U123/><E123/><V117/><F106/><W5/><G121/><T62/><D100/><U21/><E82/><V128/><F117/><W2/><G2/><T130/><D108/><U12/><E12/><V116/><F116/><W27/><G27/><T122/><D109/><U107/><E107/><V73/><F73/><W77/><G77/><AGARI ba="3,0" hai="19,21,22,23,24,39,42,45,77,81,86" m="47627" machi="77" ten="30,7700,0" yaku="18,1,52,3" doraHai="18" who="1" fromWho="3" sc="146,0,243,86,239,0,372,-86" /><INIT seed="4,0,0,2,3,84" ten="146,329,239,286" oya="0" hai0="54,19,21,130,59,125,120,97,101,124,85,80,123" hai1="20,112,92,63,115,39,65,135,95,49,7,121,30" hai2="47,102,82,127,88,104,79,98,114,51,5,44,74" hai3="23,129,16,52,32,96,78,48,119,66,56,58,13"/><T11/><D11/><U131/><E39/><V72/><F114/><N who="1" m="43561" /><E121/><V83/><F127/><N who="0" m="48714" /><D59/><U113/><E7/><V29/><F29/><W100/><G119/><T25/><D54/><U134/><E49/><V37/><F5/><W45/><G32/><T62/><D62/><U35/><E35/><V70/><F70/><W17/><G129/><T55/><D55/><U18/><E30/><V93/><F37/><W33/><G33/><T8/><D8/><U9/><E9/><V4/><F4/><W122/><G122/><T89/><D130/><U26/><E131/><V81/><F47/><W43/><G66/><T103/><D103/><U111/><E111/><V64/><F64/><W14/><G43/><T1/><D1/><U0/><E0/><V91/><F44/><W105/><REACH who="3" step="1"/><G78/><REACH who="3" ten="146,329,239,276" step="2"/><T53/><D53/><U38/><E113/><V109/><F109/><W87/><G87/><T31/><D31/><U40/><E40/><V76/><F51/><W90/><G90/><N who="2" m="34345" /><F104/><AGARI ba="0,1" hai="19,21,25,80,85,89,97,101,104,120,123" m="48714" machi="104" ten="30,2900,0" yaku="18,1,52,1" doraHai="84" who="0" fromWho="2" sc="146,39,329,0,239,-29,276,0" /><INIT seed="4,1,0,0,4,60" ten="185,329,210,276" oya="0" hai0="25,119,7,64,71,120,69,114,110,111,10,47,34" hai1="30,49,32,6,35,44,88,36,72,55,43,12,108" hai2="4,59,50,94,133,65,66,101,58,18,83,38,40" hai3="23,134,98,99,103,81,68,124,31,62,128,85,39"/><T74/><D74/><U15/><E108/><N who="0" m="41513" /><D119/><U127/><E72/><V109/><F109/><W46/><G39/><T70/><D120/><U53/><E127/><V87/><F38/><W5/><G5/><T52/><D114/><U57/><E30/><V28/><F133/><W102/><G46/><T116/><D116/><U33/><E6/><V3/><F28/><W42/><G42/><T86/><D86/><U13/><E55/><V41/><F3/><W2/><G2/><T121/><D121/><U92/><REACH who="1" step="1"/><E33/><REACH who="1" ten="185,319,210,276" step="2"/><V0/><F4/><W82/><G31/><N who="0" m="19823" /><D52/><U76/><E76/><V93/><F40/><W97/><G124/><T105/><D47/><U19/><E19/><V67/><F18/><W118/><G118/><T96/><D64/><U14/><N who="1" m="3072" /><DORA hai="132" /><U48/><E48/><V131/><F50/><W125/><G134/><T11/><D7/><U95/><E95/><V1/><F94/><W8/><G125/><T20/><D20/><U51/><E51/><V22/><F22/><W104/><G23/><T80/><D80/><U113/><E113/><V130/><F0/><W91/><G81/><T112/><D112/><U29/><E29/><V135/><F1/><W56/><G82/><T122/><D122/><U21/><E21/><V16/><F135/><W54/><G54/><T45/><D45/><U100/><E100/><AGARI ba="1,1" hai="10,11,69,70,71,96,100,105" m="19823,41513" machi="100" ten="40,2000,0" yaku="10,1" doraHai="60,132" who="0" fromWho="1" sc="185,33,319,-23,210,0,276,0" /><INIT seed="4,2,0,4,1,80" ten="218,296,210,276" oya="0" hai0="98,12,58,54,133,46,100,57,63,62,25,51,48" hai1="122,65,20,27,45,37,132,50,86,75,97,82,23" hai2="64,81,101,121,43,18,11,74,113,70,120,28,72" hai3="55,13,39,89,114,32,49,52,116,19,129,102,7"/><T16/><D133/><U107/><E122/><V0/><F113/><W5/><G116/><T78/><D78/><U87/><E37/><V41/><F28/><W35/><G39/><T131/><D131/><U124/><E132/><V61/><F101/><W105/><G114/><T135/><D25/><U22/><E124/><V60/><F60/><W44/><G102/><T53/><D135/><U125/><E125/><V128/><F128/><W106/><G129/><T104/><REACH who="0" step="1"/><D46/><REACH who="0" ten="208,296,210,276" step="2"/><U118/><E27/><V88/><F121/><W66/><G32/><T33/><D33/><U110/><E45/><V103/><F120/><W126/><G35/><T34/><D34/><U24/><E24/><V130/><F130/><W83/><G126/><T56/><D56/><U4/><E118/><V90/><F70/><W2/><G44/><T14/><D14/><U73/><E73/><V71/><F72/><W31/><G13/><T47/><D47/><U109/><E75/><V127/><F74/><W26/><G26/><T59/><D59/><U85/><E110/><V93/><F127/><W21/><G31/><T1/><D1/><U36/><E109/><V95/><F0/><W9/><G2/><T8/><AGARI ba="2,1" hai="8,12,16,48,51,53,54,57,58,62,63,98,100,104" machi="8" ten="20,12000,1" yaku="1,1,0,1,7,1,9,1,54,1,53,0" doraHai="80" doraHaiUra="112" who="0" fromWho="0" sc="208,136,296,-42,210,-42,276,-42" /><INIT seed="4,3,0,4,2,57" ten="344,254,168,234" oya="0" hai0="131,120,31,61,103,83,75,128,66,3,13,107,76" hai1="114,71,89,127,130,8,126,46,19,134,85,118,110" hai2="104,37,2,115,30,119,44,60,6,53,16,48,100" hai3="62,18,112,35,122,40,9,96,72,43,21,98,77"/><T97/><D120/><U17/><E110/><V133/><F115/><W84/><G72/><T90/><D3/><U123/><E118/><V1/><F133/><W10/><G35/><T70/><D13/><U32/><E32/><V69/><F119/><W33/><G33/><T125/><D31/><U91/><E123/><V41/><F30/><W117/><G117/><T105/><D125/><U101/><E101/><V93/><F104/><W52/><G112/><T39/><D39/><U58/><E71/><V7/><F1/><W99/><G122/><T86/><REACH who="0" step="1"/><D107/><REACH who="0" ten="334,254,168,234" step="2"/><U26/><E126/><V28/><F28/><W124/><G124/><T111/><D111/><U29/><E29/><V42/><F2/><W68/><G9/><T82/><AGARI ba="3,1" hai="61,66,70,75,76,82,83,86,90,97,103,105,128,131" machi="82" ten="30,6000,0" yaku="1,1,0,1,52,1,53,0" doraHai="57" doraHaiUra="38" who="0" fromWho="0" sc="334,79,254,-23,168,-23,234,-23" /><INIT seed="4,4,0,4,5,67" ten="413,231,145,211" oya="0" hai0="49,104,50,17,128,92,57,51,11,63,74,126,94" hai1="118,125,90,78,47,19,53,58,81,29,8,119,68" hai2="83,9,60,64,97,37,4,133,0,72,6,52,15" hai3="121,20,103,54,25,124,33,105,7,85,16,69,45"/><T112/><D104/><U24/><E125/><V79/><F133/><W1/><G33/><T21/><D74/><U113/><E113/><V32/><F32/><W12/><G124/><T99/><D126/><U91/><E47/><V28/><F37/><W127/><G127/><T108/><D128/><U62/><E119/><V44/><F28/><W129/><G129/><T96/><D112/><U116/><E118/><V86/><F97/><W22/><G121/><T131/><D11/><U88/><E68/><V31/><F31/><W39/><G103/><T59/><D108/><U93/><E116/><V109/><F109/><W27/><G105/><T65/><D131/><U61/><E19/><V55/><F72/><W100/><G100/><T84/><D59/><U10/><E62/><V18/><F44/><W41/><G69/><T107/><D107/><U114/><E93/><N who="0" m="35945" /><D84/><N who="1" m="48183" /><E114/><V46/><F46/><W36/><G85/><T76/><D76/><U101/><E101/><V106/><F106/><W110/><G110/><T14/><AGARI ba="4,0" hai="14,17,21,49,50,51,57,63,65,96,99" m="35945" machi="14" ten="30,1500,0" yaku="8,1" doraHai="67" who="0" fromWho="0" sc="413,27,231,-9,145,-9,211,-9" /><INIT seed="4,5,0,3,5,46" ten="440,222,136,202" oya="0" hai0="84,55,76,128,77,33,82,47,52,99,3,30,59" hai1="110,91,38,106,54,135,1,73,64,124,29,23,18" hai2="51,86,95,97,112,4,67,53,85,116,121,14,36" hai3="130,24,68,31,69,26,105,65,5,9,123,126,41"/><T2/><D128/><U132/><E110/><V101/><F121/><W32/><G130/><T56/><D47/><U58/><E38/><V115/><F36/><W57/><G126/><T15/><D15/><U7/><E106/><V22/><F67/><W119/><G119/><T49/><D77/><U107/><E107/><V80/><F116/><W125/><G125/><T88/><D30/><U17/><E73/><V83/><F86/><W103/><G24/><T63/><D33/><U102/><E102/><V45/><F83/><W27/><G27/><T131/><D131/><U61/><E29/><V71/><F71/><W104/><G104/><T79/><D2/><U21/><E91/><V25/><F4/><W28/><G28/><T122/><D122/><U60/><E7/><V20/><F14/><W78/><G78/><N who="0" m="46167" /><D3/><U134/><E1/><V81/><F81/><W90/><G90/><T8/><D8/><U19/><REACH who="1" step="1"/><E124/><REACH who="1" ten="440,212,136,202" step="2"/><V40/><F101/><W98/><G123/><T72/><D72/><U37/><E37/><V87/><F80/><W75/><G75/><T96/><D88/><U93/><E93/><V129/><F95/><W13/><REACH who="3" step="1"/><G41/><REACH who="3" ten="440,212,136,192" step="2"/><T10/><D79/><U109/><E109/><V100/><F40/><W42/><G42/><T6/><D76/><U50/><E50/><V117/><F51/><W66/><G66/><T62/><D49/><U118/><E118/><V39/><F117/><W44/><G44/><T12/><AGARI ba="5,2" hai="6,10,12,52,55,56,59,62,63,96,99" m="46167" machi="12" ten="30,3000,0" yaku="8,1,54,1" doraHai="46" who="0" fromWho="0" sc="440,65,212,-15,136,-15,192,-15" /><INIT seed="4,6,0,4,4,6" ten="505,197,121,177" oya="0" hai0="119,34,59,28,129,12,60,20,70,132,88,43,80" hai1="127,10,36,130,22,118,9,45,63,83,3,126,84" hai2="58,98,108,131,15,112,123,42,61,4,90,47,16" hai3="33,48,21,46,0,113,18,38,26,25,35,104,31"/><T77/><D119/><U103/><E118/><V29/><F108/><W125/><G38/><T102/><D102/><U19/><E3/><V95/><F123/><W13/><G104/><T69/><D34/><U50/><E36/><V82/><F112/><W74/><G74/><T62/><D43/><U122/><E103/><V124/><F124/><N who="1" m="47657" /><E63/><V78/><F131/><W117/><G125/><T100/><D100/><U64/><E64/><V7/><F29/><W66/><G117/><T105/><D105/><U23/><E130/><V91/><F91/><W51/><G66/><T111/><D132/><U71/><E71/><V93/><F93/><W27/><G0/><T55/><D69/><U97/><E97/><V115/><F115/><W73/><G73/><T37/><D37/><U1/><E1/><V54/><F47/><W79/><G113/><T110/><D70/><U109/><E23/><V32/><F42/><W106/><G106/><T107/><D107/><U86/><E109/><V67/><F67/><W134/><G134/><T11/><D62/><U30/><E30/><V128/><F32/><W135/><G135/><T57/><D129/><U17/><E83/><V101/><F101/><W94/><G35/><T81/><D81/><U116/><E122/><V114/><F128/><W2/><G2/><T120/><D120/><U24/><E116/><V68/><F68/><W87/><G48/><T39/><D39/><U40/><E19/><V14/><F114/><W96/><G96/><T41/><D111/><U56/><E56/><V53/><F58/><W8/><G33/><T76/><D110/><RYUUKYOKU ba="6,0" sc="505,-10,197,30,121,-10,177,-10" hai1="9,10,17,22,24,40,45,50,84,86" /><INIT seed="5,7,0,0,1,38" ten="495,227,111,167" oya="1" hai0="65,5,63,133,27,33,71,15,64,57,66,11,131" hai1="41,117,111,127,17,87,28,119,32,30,84,76,106" hai2="82,61,124,88,92,102,19,132,31,53,16,42,62" hai3="56,97,10,35,95,115,96,21,130,8,49,100,116"/><U125/><E106/><V85/><F132/><W109/><G109/><T128/><D133/><U91/><E111/><V24/><F124/><N who="1" m="47689" /><E76/><V7/><F7/><W20/><G35/><T113/><D113/><U103/><E103/><V70/><F70/><W45/><G115/><T135/><D135/><U59/><E59/><V123/><F123/><W26/><G130/><N who="0" m="49707" /><D71/><U47/><E17/><V83/><F42/><N who="3" m="24759" /><G116/><N who="1" m="44618" /><E32/><V44/><F102/><W4/><G4/><T51/><D51/><N who="1" m="27119" /><E87/><V110/><F110/><W14/><G96/><T77/><D77/><U52/><E52/><V121/><F121/><W122/><G122/><T68/><D68/><U93/><AGARI ba="7,0" hai="28,30,84,91,93" m="27119,44618,47689" machi="93" ten="30,3000,0" yaku="18,1,52,1" doraHai="38" who="1" fromWho="1" sc="495,-17,227,51,111,-17,167,-17" /><INIT seed="5,8,0,4,0,91" ten="478,278,94,150" oya="1" hai0="96,49,32,131,74,15,123,120,103,41,78,89,102" hai1="134,69,95,70,81,23,43,129,3,108,6,115,85" hai2="37,24,56,93,119,16,77,39,130,99,71,26,17" hai3="28,51,38,107,1,67,31,4,57,64,75,19,80"/><U59/><E115/><V22/><F71/><W47/><G107/><T7/><D32/><U50/><E134/><V94/><F119/><W53/><G19/><T48/><D74/><U27/><E129/><V63/><F130/><W92/><G92/><N who="0" m="56335" /><D78/><U90/><E108/><V68/><F68/><W109/><G109/><T83/><D83/><U33/><E33/><V12/><F77/><W76/><G28/><T116/><D116/><U29/><E3/><V98/><F39/><W124/><G31/><T61/><D61/><U128/><E6/><V114/><F37/><W104/><G104/><T62/><D62/><U10/><E10/><V112/><F99/><W30/><G30/><T106/><D106/><U55/><E43/><V79/><F79/><W125/><G67/><T34/><D34/><U126/><E126/><V127/><F127/><W88/><G88/><T82/><D82/><U73/><E73/><V121/><F121/><W0/><G0/><T9/><D131/><U45/><E128/><V8/><F26/><W14/><G14/><T66/><D66/><U84/><E84/><V35/><F35/><W36/><G36/><T101/><D41/><U25/><E81/><V18/><F18/><W72/><G64/><T133/><D133/><U54/><E27/><V118/><F118/><W20/><G72/><T44/><D44/><U110/><E110/><V105/><F105/><W11/><REACH who="3" step="1"/><G20/><REACH who="3" ten="478,278,94,140" step="2"/><T13/><D13/><U86/><E85/><V40/><F12/><W65/><G65/><T111/><D111/><U21/><E23/><V117/><F22/><W60/><G60/><AGARI ba="8,1" hai="21,25,29,45,50,54,55,59,60,69,70,86,90,95" machi="60" ten="30,5800,0" yaku="6,1,7,1,52,1" doraHai="91" who="1" fromWho="3" sc="478,0,278,92,94,0,140,-82" /><INIT seed="5,9,0,3,5,40" ten="478,370,94,58" oya="1" hai0="123,23,4,83,37,89,63,126,111,36,121,54,28" hai1="88,94,47,113,35,57,14,15,60,116,67,33,77" hai2="72,20,71,16,21,131,109,59,76,130,104,73,24" hai3="1,118,7,96,2,99,112,11,18,10,128,127,132"/><U84/><E116/><V62/><F109/><W70/><G70/><T61/><D111/><U65/><E113/><V74/><F71/><W48/><G112/><T122/><D126/><U17/><E67/><V114/><F104/><W45/><G118/><T51/><D4/><U44/><E33/><V134/><F114/><W100/><G127/><T135/><D135/><U125/><E35/><V110/><F110/><W0/><G132/><T41/><D28/><U133/><E133/><V101/><F101/><W97/><G128/><N who="2" m="49193" /><F21/><W53/><G100/><T55/><D23/><N who="1" m="11703" /><E125/><V91/><F91/><W27/><REACH who="3" step="1"/><G27/><REACH who="3" ten="478,370,94,48" step="2"/><T8/><D121/><U120/><E120/><V98/><F134/><W78/><G78/><T50/><D89/><U26/><E26/><V119/><F119/><W117/><G117/><T34/><D122/><U52/><E77/><V25/><F76/><W124/><G124/><T39/><D123/><U49/><E15/><AGARI ba="9,1" hai="0,1,2,7,10,11,15,18,45,48,53,96,97,99" machi="15" ten="40,2600,0" yaku="1,1,52,1,53,0" doraHai="40" doraHaiUra="115" who="3" fromWho="1" sc="478,0,370,-53,94,0,48,63" /><INIT seed="6,0,0,5,0,40" ten="478,317,94,111" oya="2" hai0="49,9,54,75,20,64,0,2,89,28,94,131,96" hai1="81,105,46,27,107,80,45,25,24,72,31,58,57" hai2="50,60,110,79,77,125,65,55,23,39,3,17,129" hai3="86,21,14,12,121,115,61,100,126,53,82,16,6"/><V133/><F39/><W5/><G121/><T7/><D75/><U36/><E36/><V90/><F3/><W116/><G116/><T51/><D131/><U83/><E31/><V63/><F133/><W22/><G126/><T104/><D64/><U41/><E41/><V78/><F129/><W128/><G100/><T38/><D38/><U95/><E95/><V19/><F125/><W93/><G93/><T18/><D28/><U85/><E85/><V32/><F32/><W99/><G99/><T124/><D124/><U34/><E72/><V122/><F122/><W43/><G43/><T67/><D67/><U56/><REACH who="1" step="1"/><E34/><REACH who="1" ten="478,307,94,111" step="2"/><V70/><F110/><W66/><G128/><T33/><D94/><U37/><E37/><V71/><F78/><W69/><G86/><T42/><D96/><U29/><E29/><V88/><F79/><W112/><G82/><T26/><D42/><U87/><E87/><V4/><F77/><W108/><G108/><T117/><D104/><AGARI ba="0,1" hai="24,25,27,45,46,56,57,58,80,81,83,104,105,107" machi="104" ten="50,12000,2" yaku="1,1,29,2,28,2,52,2,53,0" doraHai="40" doraHaiUra="62" who="1" fromWho="0" sc="478,-120,307,130,94,0,111,0" /><INIT seed="7,0,0,0,1,79" ten="358,437,94,111" oya="3" hai0="28,93,109,71,118,24,30,135,97,4,27,45,7" hai1="133,123,38,44,21,55,50,61,9,3,60,17,104" hai2="120,117,41,35,42,6,22,43,52,36,114,73,101" hai3="91,78,87,84,76,0,31,13,40,62,77,82,127"/><W98/><G0/><T49/><D109/><U20/><E123/><V107/><F35/><W125/><G31/><T85/><D135/><U66/><E104/><V106/><F117/><W134/><G134/><T89/><D71/><U67/><E38/><V90/><F114/><W83/><G40/><T2/><D2/><U8/><E133/><V96/><F120/><W102/><G13/><T18/><D18/><U129/><E129/><V58/><F73/><W70/><G62/><N who="1" m="24170" /><E21/><V124/><F124/><N who="3" m="47691" /><G70/><T47/><D118/><U32/><E32/><V39/><F107/><AGARI ba="0,0" hai="76,77,78,82,83,84,87,91,98,102,107" m="47691" machi="107" ten="30,12000,1" yaku="18,1,34,2,52,2" doraHai="79" who="3" fromWho="2" sc="358,0,437,0,94,-120,111,120" owari="358,16.0,437,54.0,-26,-53.0,231,-17.0" /></mjloggm>