<mjloggm ver="2.3"><GO type="225" lobby="0"/><UN n0="%E3%82%B7%E3%83%A5%E3%83%9E%E3%82%A4%E3%82%B1%E3%83%AB" n1="%E6%97%A5%E6%9B%9C%E6%97%A5%E3%82%88%E3%82%8A%E3%81%AE%E4%BD%BF%E8%80%85" n2="%E3%81%AA%E3%82%81%E3%81%93%E9%9B%80%E5%A3%AB" n3="%48%61%61%61%6C%61%6E%64" dan="17,16,16,17" rate="2236.59,2093.91,2067.86,2152.01" sx="M,M,M,M"/><TAIKYOKU oya="0"/><INIT seed="0,0,0,2,3,74" ten="250,250,250,250" oya="0" hai0="61,60,4,119,46,1,108,72,29,17,45,83,53" hai1="97,21,48,26,12,47,129,40,78,115,66,132,120" hai2="86,7,8,20,64,122,100,98,15,91,6,33,75" hai3="13,63,11,2,79,104,128,85,135,52,125,107,87"/><T55/><D119/><U54/><E120/><V34/><F75/><W24/><G125/><T81/><D1/><U89/><E129/><V5/><F122/><W110/><G128/><T102/><D72/><U42/><E132/><V130/><F64/><W32/><G2/><T131/><D131/><U16/><E115/><V43/><F43/><W96/><G135/><T90/><D102/><U65/><E78/><V92/><F20/><W70/><G110/><T68/><D68/><U19/><E40/><V94/><REACH who="2" step="1"/><F130/><REACH who="2" ten="250,250,240,250" step="2"/><W69/><G69/><T112/><D112/><U31/><E42/><V116/><F116/><W27/><G70/><T10/><D108/><U93/><REACH who="1" step="1"/><E19/><AGARI ba="0,1" hai="5,6,7,8,15,19,33,34,86,91,92,94,98,100" machi="19" ten="40,5200,0" yaku="1,1,53,2" doraHai="74" doraHaiUra="30" who="2" fromWho="1" sc="250,0,250,-52,240,62,250,0" /><INIT seed="1,0,0,1,4,116" ten="250,198,302,250" oya="1" hai0="62,2,19,67,119,111,63,18,103,44,100,24,113" hai1="74,1,129,79,69,133,17,3,53,134,42,99,88" hai2="33,83,23,121,25,94,112,59,128,56,6,11,73" hai3="90,118,71,101,10,4,110,57,21,13,15,86,81"/><U87/><E69/><V31/><F112/><W61/><G110/><T107/><D113/><U49/><E129/><V41/><F128/><W8/><G118/><T85/><D119/><U55/><E99/><V109/><F109/><W78/><G71/><T76/><D2/><N who="1" m="523" /><E79/><V48/><F94/><W40/><G40/><T26/><D107/><U68/><E74/><V131/><F33/><W122/><G122/><T65/><D111/><U132/><E68/><V114/><F121/><W39/><G39/><T34/><D34/><U123/><E17/><V77/><F131/><W64/><G21/><T52/><D76/><U124/><E124/><V54/><F41/><W36/><G36/><T27/><D85/><U29/><E29/><V35/><F35/><W58/><G58/><T91/><D91/><U93/><E123/><V43/><F43/><W9/><G101/><N who="0" m="38987" /><D44/><AGARI ba="0,0" hai="42,44,49,53,55,87,88,93,132,133,134" m="523" machi="44" ten="40,3900,0" yaku="20,1,54,1" doraHai="116" who="1" fromWho="0" sc="250,-39,198,39,302,0,250,0" /><INIT seed="1,1,0,5,1,30" ten="211,237,302,250" oya="1" hai0="112,115,110,58,71,133,51,35,45,131,24,9,53" hai1="42,130,76,114,16,44,8,106,57,103,7,66,55" hai2="79,82,21,121,28,98,32,11,95,62,73,56,5" hai3="92,80,107,100,40,111,10,85,25,26,83,19,120"/><U118/><E114/><V52/><F121/><W129/><G120/><T0/><D71/><U88/><E118/><V64/><F32/><W34/><G111/><T108/><D131/><U117/><E117/><V77/><F77/><W102/><G129/><T135/><D9/><U90/><E130/><V2/><F28/><W20/><G40/><T123/><D0/><U87/><E66/><V39/><F21/><W38/><G38/><T81/><D81/><U63/><E103/><V69/><F39/><W89/><G10/><T50/><D24/><U109/><E106/><V29/><F29/><W75/><G34/><T13/><D13/><N who="1" m="7207" /><E7/><V18/><F18/><W128/><G128/><T37/><D37/><U97/><E97/><V3/><F3/><W12/><G102/><T48/><D35/><U49/><E109/><N who="0" m="42089" /><D123/><U68/><E68/><V36/><F36/><W17/><G75/><T99/><D99/><U22/><E22/><V101/><F69/><W46/><G107/><T74/><D74/><U43/><E43/><V4/><F4/><W125/><G20/><T91/><D91/><U47/><E90/><V61/><F64/><W23/><G23/><T96/><D96/><U70/><E76/><V65/><F65/><W116/><G116/><T127/><D127/><U134/><E70/><V15/><F2/><W72/><G125/><T86/><D86/><U33/><E87/><V113/><F113/><N who="0" m="43594" /><D45/><U27/><E47/><V41/><F41/><W59/><G46/><T126/><D126/><U60/><E88/><V84/><F73/><W14/><G72/><T124/><D124/><RYUUKYOKU ba="1,0" sc="211,15,237,-15,302,15,250,-15" hai0="48,50,51,53,58,133,135" hai2="5,11,15,52,56,61,62,79,82,84,95,98,101" /><INIT seed="2,2,0,3,4,22" ten="226,222,317,235" oya="2" hai0="9,83,20,76,1,38,113,111,69,60,15,52,55" hai1="107,14,6,5,92,117,16,135,53,130,54,131,108" hai2="102,101,118,37,66,0,33,46,8,85,84,88,112" hai3="124,65,103,21,74,3,2,114,106,90,61,96,72"/><V134/><F112/><W121/><G121/><T132/><D113/><U99/><E107/><V91/><F33/><W19/><G114/><T23/><D38/><U59/><E117/><V24/><F118/><W126/><G90/><T48/><D1/><U11/><E108/><V56/><F46/><W10/><G72/><T81/><D111/><U26/><E135/><V79/><F79/><W80/><G80/><T18/><D83/><U42/><E42/><V95/><F37/><W89/><G89/><T50/><D132/><U29/><E131/><V78/><F78/><W57/><G74/><T109/><D60/><U34/><E130/><V98/><F8/><W97/><G97/><T125/><D69/><U12/><E12/><V120/><F0/><W27/><REACH who="3" step="1"/><G2/><REACH who="3" ten="226,222,317,225" step="2"/><T128/><D128/><U73/><E73/><V93/><F120/><W64/><G64/><T62/><D109/><U13/><E13/><V67/><F134/><W28/><G28/><T35/><D15/><U68/><E68/><V104/><F98/><W36/><G36/><T105/><D81/><U115/><E115/><V127/><F67/><W123/><G123/><T71/><D71/><U58/><E99/><V17/><F66/><W119/><G119/><T30/><D30/><U47/><E29/><V129/><F91/><W41/><G41/><T77/><D76/><U116/><E116/><V4/><F88/><W133/><G133/><T87/><D77/><U49/><E14/><V70/><F70/><W32/><G32/><T25/><D35/><U94/><E34/><V122/><F129/><W44/><G44/><RYUUKYOKU ba="2,1" sc="226,-10,222,-10,317,-10,225,30" hai3="3,10,19,21,27,57,61,65,96,103,106,124,126" /><INIT seed="3,3,1,0,2,15" ten="216,212,307,255" oya="3" hai0="18,105,84,74,3,24,86,75,108,20,68,54,90" hai1="7,110,81,16,33,133,30,76,21,113,65,52,43" hai2="109,97,122,78,57,8,55,87,82,129,1,130,63" hai3="35,64,89,112,106,71,96,12,94,132,61,45,126"/><W124/><G112/><T120/><D120/><U119/><E113/><V9/><F109/><W13/><G132/><T14/><D3/><U77/><E110/><V127/><F127/><N who="3" m="48683" /><G35/><T11/><D105/><U115/><E115/><V42/><F122/><W5/><G5/><T66/><D108/><U40/><E133/><V101/><F42/><N who="1" m="15913" /><E33/><V28/><F28/><W34/><G34/><T131/><D131/><N who="2" m="50186" /><F1/><W85/><G45/><T116/><D116/><U91/><E30/><V111/><F111/><W23/><G23/><T59/><D66/><U53/><E65/><V98/><F98/><W51/><G51/><T32/><D84/><N who="1" m="50575" /><E7/><V62/><F63/><W27/><G27/><T25/><D25/><N who="1" m="14503" /><E119/><V123/><F123/><W73/><G73/><T46/><D32/><U79/><AGARI ba="3,1" hai="52,53,76,77,79" m="14503,50575,15913" machi="79" ten="30,7900,0" yaku="8,1,52,1,54,2" doraHai="15" who="1" fromWho="1" sc="216,-23,212,98,307,-23,255,-42" owari="193,-31.0,310,42.0,284,8.0,213,-19.0" /></mjloggm>