<mjloggm ver="2.3"><GO type="225" lobby="0"/><UN n0="%E3%81%84%E3%81%A1%E3%81%9E%E3%81%86" n1="%6B%79%6F%6E%6B%6F%31%31" n2="%50%49%58%49" n3="%E3%82%B5%E3%83%AB%E3%82%B7%E3%83%B3" dan="17,16,16,16" rate="2116.74,2188.55,2122.97,2130.51" sx="M,M,F,M"/><TAIKYOKU oya="0"/><INIT seed="0,0,0,0,2,96" ten="250,250,250,250" oya="0" hai0="48,0,133,41,7,32,88,2,33,31,81,74,58" hai1="20,120,73,77,112,40,49,21,43,83,97,14,113" hai2="16,18,115,8,98,130,53,54,59,71,99,80,12" hai3="34,47,94,61,30,110,106,11,107,132,19,124,35"/><T116/><D116/><U29/><E120/><V26/><F115/><N who="1" m="44105" /><E29/><V125/><F130/><W87/><G110/><T134/><D31/><U104/><E49/><V82/><F71/><W65/><G124/><T36/><D36/><U37/><E37/><V45/><F125/><W128/><G128/><T102/><D102/><N who="1" m="62543" /><E14/><V105/><F45/><W91/><G47/><N who="0" m="25711" /><D58/><U1/><E1/><V108/><F108/><W90/><G30/><T38/><D38/><U103/><E43/><V50/><F54/><W56/><G34/><T27/><D2/><U76/><E40/><V51/><F51/><W111/><G35/><T109/><D27/><U42/><E42/><V57/><F57/><W129/><G129/><T67/><D109/><U126/><E126/><V10/><F105/><W119/><G107/><T92/><D0/><U123/><E123/><V121/><F121/><W75/><G106/><T46/><D46/><U66/><E66/><V3/><F3/><W68/><G65/><T79/><D67/><U60/><E60/><V28/><F98/><W24/><G61/><T64/><D64/><U39/><E39/><V17/><F99/><W70/><G56/><T127/><D127/><U4/><E4/><V131/><F131/><W114/><G68/><T117/><D7/><U118/><E118/><V55/><F55/><W78/><G119/><T5/><D5/><U23/><E103/><V85/><F10/><W69/><G70/><T101/><D101/><U135/><E135/><N who="0" m="51721" /><D117/><U9/><E9/><V63/><F63/><W6/><G69/><T25/><D25/><U100/><E100/><RYUUKYOKU ba="0,0" sc="250,15,250,15,250,-15,250,-15" hai0="32,33,74,79,81,88,92" hai1="20,21,23,73,76,77,83" /><INIT seed="0,1,0,2,3,113" ten="265,265,235,235" oya="0" hai0="69,39,116,53,36,68,27,45,6,8,31,126,93" hai1="102,78,90,61,66,99,89,98,115,114,101,129,100" hai2="3,2,63,133,106,112,10,51,44,131,59,81,23" hai3="33,107,117,5,60,26,80,7,95,58,37,21,135"/><T127/><D93/><U16/><E129/><V104/><F112/><N who="1" m="43049" /><E16/><V17/><F131/><W28/><G107/><T110/><D116/><U94/><E61/><V20/><F133/><W111/><G135/><T11/><D110/><U62/><E62/><V92/><F23/><W83/><G21/><T42/><D53/><U40/><E40/><V86/><F92/><W65/><G95/><T9/><D36/><U91/><E66/><V4/><F3/><W132/><G117/><T122/><D6/><U15/><E15/><V123/><F123/><W34/><G37/><T48/><D39/><U25/><E25/><V54/><F86/><W35/><G111/><T24/><D122/><U13/><E13/><V108/><F81/><W74/><G83/><T120/><D120/><U118/><E118/><V77/><F77/><W130/><G132/><T56/><D56/><U88/><E78/><V119/><F108/><W64/><G64/><T128/><D128/><U72/><E72/><V29/><F29/><W49/><G130/><T70/><REACH who="0" step="1"/><D24/><REACH who="0" ten="255,265,235,235" step="2"/><U71/><E71/><V46/><F119/><W97/><G5/><T121/><D121/><U18/><E18/><V57/><F59/><N who="3" m="37023" /><G7/><T19/><D19/><U41/><E41/><V105/><REACH who="2" step="1"/><F63/><REACH who="2" ten="255,265,225,235" step="2"/><W82/><G28/><T75/><D75/><U22/><E22/><AGARI ba="1,2" hai="8,9,11,22,27,31,42,45,48,68,69,70,126,127" machi="22" ten="50,2400,0" yaku="1,1,53,0" doraHai="113" doraHaiUra="55" who="0" fromWho="1" sc="255,47,265,-27,225,0,235,0" /><INIT seed="0,2,0,4,0,61" ten="302,238,225,235" oya="0" hai0="69,45,79,42,9,119,74,35,129,6,87,59,80" hai1="67,49,34,62,41,29,96,14,5,13,110,105,90" hai2="77,56,53,83,17,97,19,95,26,43,116,18,31" hai3="117,0,107,1,24,85,37,113,134,130,73,58,94"/><T118/><D59/><U54/><E110/><V48/><F116/><W46/><G24/><T40/><D40/><U68/><E41/><V21/><F43/><W98/><G58/><T22/><D22/><U23/><E5/><V84/><REACH who="2" step="1"/><F31/><REACH who="2" ten="302,238,215,235" step="2"/><W103/><G117/><T115/><D119/><U70/><E34/><V72/><F72/><W30/><G30/><T64/><D118/><U8/><E29/><V111/><F111/><W99/><G73/><T15/><D74/><U52/><E23/><V76/><F76/><W63/><G113/><T131/><D115/><U25/><E8/><V92/><F92/><W127/><G94/><T75/><D75/><U57/><E105/><V133/><F133/><W123/><G134/><T60/><REACH who="0" step="1"/><D35/><REACH who="0" ten="292,238,215,235" step="2"/><U91/><E25/><V88/><AGARI ba="2,2" hai="17,18,19,21,26,48,53,56,77,83,84,88,95,97" machi="88" ten="20,12000,2" yaku="1,1,0,1,7,1,8,1,54,1,53,1" doraHai="61" doraHaiUra="81" who="2" fromWho="2" sc="292,-62,238,-32,215,146,235,-32" /><INIT seed="1,0,0,3,4,18" ten="230,206,361,203" oya="1" hai0="77,66,114,71,40,41,65,13,102,12,83,29,27" hai1="101,58,120,57,17,35,121,92,73,106,80,135,107" hai2="72,28,53,6,111,78,74,81,15,125,132,36,100" hai3="8,49,9,117,104,50,124,126,45,130,26,119,116"/><U3/><E35/><V34/><F36/><W63/><G104/><T115/><D102/><U43/><E3/><V21/><F100/><W99/><G130/><T134/><D134/><U31/><E135/><V84/><F132/><W64/><G99/><T23/><D71/><U96/><E43/><N who="0" m="16457" /><D115/><U133/><E133/><V122/><F122/><W24/><G63/><T47/><D47/><U54/><E31/><V14/><F111/><W86/><G86/><N who="0" m="48495" /><D114/><U68/><E57/><V95/><F125/><N who="3" m="48235" /><G64/><AGARI ba="0,0" hai="12,13,23,27,29,64,65,66" m="48495,16457" machi="64" ten="30,2000,0" yaku="8,1,52,1" doraHai="18" who="0" fromWho="3" sc="230,20,206,0,361,0,203,-20" /><INIT seed="2,0,0,1,0,133" ten="250,206,361,183" oya="2" hai0="87,3,42,68,126,14,52,27,79,62,59,117,90" hai1="71,36,77,33,21,83,106,5,32,91,2,81,120" hai2="15,17,132,85,51,97,76,48,7,12,107,70,34" hai3="116,41,6,127,63,98,47,118,31,43,115,119,26"/><V16/><F34/><W28/><G115/><T95/><D3/><U113/><E113/><V124/><F70/><W53/><G6/><T35/><D117/><U112/><E112/><V111/><F111/><W13/><G127/><T9/><D126/><U73/><E106/><V69/><F69/><W123/><G123/><T93/><D79/><U130/><E71/><V74/><F7/><W58/><G13/><T105/><D42/><U89/><E36/><V8/><F74/><W72/><G72/><T94/><D105/><U38/><E38/><V75/><F75/><W29/><G98/><T19/><REACH who="0" step="1"/><D68/><REACH who="0" ten="240,206,361,183" step="2"/><U44/><E120/><V100/><F124/><W129/><G129/><T114/><D114/><U65/><E130/><V103/><F132/><W0/><G0/><T24/><D24/><U96/><E77/><V102/><F107/><W20/><REACH who="3" step="1"/><G43/><REACH who="3" ten="240,206,361,173" step="2"/><T121/><D121/><U30/><E2/><V128/><F128/><W60/><G60/><T125/><D125/><U101/><E73/><V23/><F97/><W4/><G4/><T11/><D11/><U61/><E5/><V54/><F8/><W82/><G82/><T92/><D92/><U66/><E83/><V78/><F85/><W80/><G80/><T49/><D49/><AGARI ba="0,2" hai="20,26,28,29,31,41,47,49,53,58,63,116,118,119" machi="49" ten="40,2600,0" yaku="1,1,53,1" doraHai="133" doraHaiUra="22" who="3" fromWho="0" sc="240,-26,206,0,361,0,173,46" /><INIT seed="3,0,0,4,2,94" ten="214,206,361,219" oya="3" hai0="7,39,36,77,43,9,79,67,17,74,101,65,33" hai1="106,10,132,125,100,50,123,80,13,109,119,66,19" hai2="107,129,113,134,25,95,38,16,14,60,68,53,63" hai3="82,128,46,26,52,24,6,23,130,110,29,11,112"/><W102/><G112/><T18/><D33/><U108/><E123/><V99/><F38/><W124/><G124/><T120/><D120/><U71/><E125/><V135/><F107/><W35/><G82/><T3/><D101/><U81/><E132/><N who="2" m="50731" /><F129/><N who="3" m="49771" /><G102/><T103/><D103/><U69/><E119/><V27/><F113/><W111/><G46/><N who="0" m="23911" /><D79/><U98/><E50/><V75/><F75/><W59/><G59/><T118/><D39/><U78/><E81/><V72/><F72/><W115/><G52/><T48/><D48/><U47/><E47/><V114/><F114/><W87/><G87/><T28/><D28/><U51/><E51/><V40/><F40/><W57/><G57/><T34/><D34/><U122/><E122/><V56/><F63/><W89/><G89/><T31/><D31/><U58/><E58/><V42/><F42/><W54/><G54/><T86/><D86/><N who="1" m="48407" /><E66/><N who="0" m="25097" /><D118/><U62/><E62/><V4/><F68/><W133/><G115/><T117/><D117/><U121/><E121/><V88/><F4/><W85/><G85/><T21/><D74/><U73/><E73/><V55/><F53/><W76/><G76/><T0/><D77/><U8/><E71/><V96/><F96/><W131/><N who="3" m="49779" /><W92/><DORA hai="90" /><G92/><T1/><D7/><U127/><E69/><V83/><F83/><W32/><G133/><T70/><D70/><U5/><E127/><V12/><F60/><W84/><G84/><T44/><D44/><U104/><E104/><V22/><F56/><W41/><G41/><T45/><D45/><U93/><E106/><V126/><F126/><RYUUKYOKU ba="0,0" sc="214,-10,206,30,361,-10,219,-10" hai1="5,8,10,13,19,93,98,100,108,109" owari="204,-30.0,236,4.0,351,45.0,209,-19.0" /></mjloggm>