<mjloggm ver="2.3"><GO type="225" lobby="0"/><UN n0="%E3%81%99%E3%81%84%E3%81%BE%E3%81%9B%E3%83%BC%E3%82%93" n1="%E7%89%9B%E7%89%9B%E7%89%9B%E7%89%9B" n2="%E9%B3%B4%E3%81%8D%E3%83%80%E3%83%AB%E3%83%9E" n3="%50%6F%6F%48%65%3F" dan="17,16,16,16" rate="2168.52,2129.98,2140.28,2178.10" sx="M,M,M,F"/><TAIKYOKU oya="0"/><INIT seed="0,0,0,0,2,20" ten="250,250,250,250" oya="0" hai0="104,73,79,9,66,27,46,126,19,53,55,87,134" hai1="71,4,64,59,50,122,12,100,38,37,39,34,11" hai2="36,74,128,23,1,22,103,45,129,43,110,90,113" hai3="88,60,15,119,24,41,56,94,127,101,95,99,7"/><T8/><D104/><U109/><E122/><V31/><F113/><W135/><G135/><T83/><D134/><U92/><E71/><V111/><F1/><W86/><G127/><T98/><D126/><U76/><E76/><V69/><F69/><W72/><G72/><T102/><D73/><U68/><E68/><V124/><F124/><W6/><G41/><T30/><D66/><U17/><E34/><V112/><F74/><W116/><G24/><T130/><D130/><N who="2" m="50282" /><F103/><W85/><G85/><T75/><D75/><U84/><E109/><N who="2" m="41483" /><F112/><W115/><G115/><T57/><D46/><U29/><E100/><V0/><F0/><W3/><G3/><T108/><D108/><U51/><E29/><V67/><F67/><W77/><G77/><T118/><D118/><U105/><E105/><V16/><F31/><W47/><G116/><T21/><D30/><U32/><E64/><V18/><F90/><W61/><G119/><T10/><REACH who="0" step="1"/><D57/><REACH who="0" ten="240,250,250,250" step="2"/><U78/><E59/><V40/><F40/><W2/><G47/><T48/><D48/><U54/><E50/><V131/><F131/><W63/><G56/><T89/><D89/><U96/><E51/><V62/><F62/><W42/><G42/><T81/><D81/><U26/><E37/><V125/><F125/><W123/><G123/><T132/><D132/><U35/><E38/><V133/><F133/><W25/><G60/><T80/><D80/><N who="1" m="47127" /><E39/><V117/><F117/><W49/><G49/><T93/><AGARI ba="0,1" hai="8,9,10,19,21,27,53,55,79,83,87,93,98,102" machi="93" ten="30,12000,1" yaku="1,1,0,1,8,1,52,1,53,1" doraHai="20" doraHaiUra="13" who="0" fromWho="0" sc="240,130,250,-40,250,-40,250,-40" /><INIT seed="0,1,0,3,2,11" ten="370,210,210,210" oya="0" hai0="130,17,59,95,12,101,71,87,92,3,47,134,6" hai1="103,83,48,91,80,52,57,69,108,56,72,0,20" hai2="53,126,111,135,115,129,31,63,76,55,18,109,62" hai3="32,88,89,45,97,77,40,82,22,39,61,84,117"/><T118/><D118/><U19/><E0/><V105/><F115/><W98/><G117/><T36/><D71/><U26/><E69/><V75/><F126/><W85/><G32/><T125/><D134/><U2/><E2/><V15/><F135/><W8/><G22/><T34/><D34/><U66/><E108/><N who="2" m="41547" /><F105/><W93/><G61/><N who="2" m="23049" /><F31/><W43/><G43/><T30/><D30/><U5/><E66/><V113/><F113/><W60/><G60/><T14/><D3/><U68/><E57/><V9/><F129/><W44/><G44/><T81/><D59/><U107/><E68/><V73/><F76/><W104/><G104/><T10/><D125/><U58/><E56/><V29/><F29/><W51/><G39/><T24/><D101/><U119/><E103/><V25/><F25/><W114/><G114/><T122/><D24/><U112/><E107/><V102/><F102/><W74/><REACH who="3" step="1"/><G8/><REACH who="3" ten="370,210,210,200" step="2"/><T121/><D47/><U16/><E112/><V65/><F65/><W79/><G79/><T41/><D36/><U123/><E119/><V86/><F55/><W38/><G38/><T27/><D41/><U35/><E52/><V133/><F133/><W106/><G106/><T23/><D130/><U37/><E37/><V96/><F53/><W50/><G50/><T78/><D122/><U100/><E48/><V99/><F9/><W132/><G132/><T67/><D121/><U1/><E123/><V131/><F131/><W42/><G42/><T46/><D46/><U90/><E35/><V124/><F124/><W120/><G120/><T64/><D27/><U110/><E110/><RYUUKYOKU ba="1,1" sc="370,15,210,-15,210,-15,200,15" hai0="6,10,12,14,17,23,64,67,78,81,87,92,95" hai3="40,45,51,74,77,82,84,85,88,89,93,97,98" /><INIT seed="0,2,1,2,1,79" ten="385,195,195,215" oya="0" hai0="72,74,117,97,113,39,91,85,87,62,3,14,131" hai1="37,92,54,21,93,123,44,89,57,94,18,55,70" hai2="15,132,46,105,23,1,9,106,25,56,96,64,11" hai3="4,34,48,125,24,129,59,38,50,20,22,88,61"/><T53/><D39/><U120/><E70/><V134/><F1/><W49/><G38/><T71/><D3/><U119/><E119/><V43/><F64/><W107/><G107/><T108/><D113/><U30/><E30/><V29/><F56/><W76/><G129/><T80/><D117/><U95/><E37/><V133/><F96/><W110/><G125/><T16/><D131/><U17/><E44/><V78/><F78/><W100/><G34/><T27/><D27/><U82/><E82/><V41/><F11/><W84/><G100/><T60/><D97/><U69/><E69/><V36/><REACH who="2" step="1"/><F43/><REACH who="2" ten="385,195,185,215" step="2"/><W121/><G76/><T90/><D71/><U42/><E42/><V7/><AGARI ba="2,2" hai="7,9,15,23,25,29,36,41,46,105,106,132,133,134" machi="7" ten="30,7900,0" yaku="1,1,2,1,0,1,20,1,53,0" doraHai="79" doraHaiUra="52" who="2" fromWho="2" sc="385,-41,195,-22,185,105,215,-22" /><INIT seed="1,0,0,4,0,40" ten="344,173,290,193" oya="1" hai0="79,115,0,131,120,61,85,42,92,65,25,8,31" hai1="102,132,56,34,51,1,89,11,52,101,105,16,17" hai2="29,111,57,27,84,130,69,98,87,117,83,128,36" hai3="50,122,109,112,30,104,58,119,43,14,67,75,64"/><U22/><E34/><V38/><F117/><W71/><G104/><T113/><D120/><U59/><E132/><V41/><F69/><W10/><G75/><T15/><D0/><U53/><E105/><V96/><F111/><W91/><G122/><T18/><D42/><U28/><E28/><V93/><F57/><W133/><G112/><T55/><D55/><U7/><E89/><V108/><F108/><W20/><G109/><T54/><D54/><U90/><E90/><V107/><F107/><W62/><G133/><T80/><D92/><U110/><E110/><V9/><F9/><W13/><G119/><T44/><D44/><U39/><E39/><V5/><F5/><W19/><G91/><T129/><D129/><N who="2" m="49770" /><F41/><W100/><G100/><T33/><REACH who="0" step="1"/><D131/><REACH who="0" ten="334,173,290,193" step="2"/><U95/><E95/><V127/><F93/><W76/><G67/><T32/><D32/><U94/><E94/><V134/><F134/><W99/><G43/><T45/><D45/><U88/><E101/><V82/><F38/><W24/><G64/><T47/><D47/><U78/><E102/><V2/><F36/><W26/><G99/><T12/><D12/><U106/><E106/><V46/><F2/><W60/><G14/><T3/><D3/><U135/><E135/><V35/><F46/><W97/><G97/><N who="2" m="37481" /><F127/><W118/><G118/><T68/><AGARI ba="0,1" hai="8,15,18,25,31,33,61,65,68,79,80,85,113,115" machi="68" ten="20,5200,0" yaku="1,1,0,1,7,1,53,1" doraHai="40" doraHaiUra="63" who="0" fromWho="0" sc="334,62,173,-26,290,-13,193,-13" /><INIT seed="2,0,0,3,2,50" ten="396,147,277,180" oya="2" hai0="36,109,4,16,95,67,119,41,81,97,115,27,71" hai1="110,100,39,56,17,98,90,105,86,117,18,64,72" hai2="88,60,134,91,112,38,11,58,48,19,55,120,106" hai3="30,63,22,125,62,87,3,21,132,111,75,135,53"/><V92/><F112/><W82/><G75/><T123/><D115/><U14/><E117/><V127/><F120/><W15/><G3/><T59/><D123/><U66/><E72/><V104/><F38/><W114/><G114/><T29/><D71/><U102/><E39/><V124/><F134/><N who="3" m="51243" /><G111/><T44/><D4/><U68/><E110/><V128/><F128/><W118/><G118/><T77/><D119/><U46/><E102/><V83/><F83/><W69/><G69/><T13/><D67/><U85/><E85/><V80/><F80/><W20/><G125/><N who="2" m="48201" /><F60/><W73/><G73/><T93/><D59/><U130/><E130/><V47/><F47/><W43/><G43/><T5/><D5/><U6/><E46/><V78/><F78/><W33/><G15/><T7/><D7/><U96/><E68/><V129/><F129/><W42/><G42/><T35/><D97/><U45/><E45/><V108/><F108/><W76/><G33/><T1/><D1/><U61/><E98/><N who="2" m="57607" /><F91/><W9/><G63/><T31/><D109/><U94/><REACH who="1" step="1"/><E66/><REACH who="1" ten="396,137,277,180" step="2"/><V116/><F116/><W24/><G9/><AGARI ba="0,1" hai="6,9,14,17,18,56,61,64,86,90,94,96,100,105" machi="9" ten="40,8000,1" yaku="1,1,2,1,53,2" doraHai="50" doraHaiUra="12" who="1" fromWho="3" sc="396,0,137,90,277,0,180,-80" /><INIT seed="3,0,0,4,3,78" ten="396,227,277,100" oya="3" hai0="64,21,80,28,7,37,11,25,74,87,61,22,68" hai1="90,98,128,39,30,9,131,60,129,91,40,73,81" hai2="124,35,14,94,76,95,84,5,135,75,62,45,52" hai3="26,13,70,69,125,31,107,103,0,42,121,101,109"/><W104/><G13/><T44/><D74/><U130/><E30/><V19/><F35/><W134/><G31/><T83/><D22/><U133/><E133/><V110/><F75/><W46/><G134/><T113/><D113/><U79/><E128/><V115/><F135/><W17/><G17/><T86/><D86/><U41/><E39/><V117/><F115/><W114/><G114/><T58/><D68/><U50/><E50/><N who="2" m="28751" /><F117/><W63/><G46/><T100/><D100/><U67/><E9/><V85/><F110/><W102/><G102/><T6/><D6/><U12/><E12/><V27/><F124/><W66/><G125/><T1/><D87/><N who="2" m="33354" /><F76/><W126/><G126/><T16/><D28/><U105/><E91/><V43/><F43/><W123/><G42/><T82/><D44/><U77/><E77/><V32/><F32/><W108/><G63/><T71/><D37/><U49/><E49/><V97/><F97/><W29/><G29/><T2/><D71/><N who="1" m="42471" /><E105/><V48/><F48/><W132/><G132/><T119/><D119/><U10/><E10/><N who="2" m="4431" /><F62/><W112/><G112/><T51/><D51/><U15/><E15/><V116/><F116/><W4/><G4/><T47/><D47/><U55/><E55/><V96/><F96/><W18/><G18/><T65/><D1/><U20/><E20/><AGARI ba="0,0" hai="19,20,27,94,95" m="4431,33354,28751" machi="20" ten="30,2000,0" yaku="8,1,54,1" doraHai="78" who="2" fromWho="1" sc="396,0,227,-20,277,20,100,0" owari="396,49.0,207,-19.0,297,10.0,100,-40.0" /></mjloggm>