<mjloggm ver="2.3"><GO type="185" lobby="0"/><UN n0="%E6%B8%AF%E5%8D%97%E3%83%9C%E3%83%BC%E3%82%A4" n1="%79%61%73%73%61%6E" n2="%74%2E%6F%2E%6F%2E%73" n3="" dan="16,17,18,0" rate="2124.90,2264.13,2313.39,1500.00" sx="M,M,M,C"/><TAIKYOKU oya="0"/><INIT seed="0,0,0,5,1,107" ten="350,350,350,0" oya="0" hai0="92,96,53,47,39,91,44,42,134,35,114,127,94" hai1="43,46,1,54,82,62,85,49,45,135,80,104,109" hai2="63,84,128,132,111,71,51,103,77,126,58,70,83" hai3=""/><T90/><D114/><U75/><E1/><V33/><F33/><T57/><D35/><U34/><E34/><V48/><F111/><T40/><D134/><U129/><E129/><V119/><F132/><T72/><D127/><U124/><E104/><V0/><F0/><T125/><D125/><U56/><E124/><V99/><F126/><T65/><D65/><U69/><E109/><V133/><F133/><T123/><N who="0" m="31520" /><T59/><D53/><U131/><E131/><V32/><F32/><T102/><D102/><U50/><E69/><V41/><F128/><T95/><D95/><U88/><E135/><V73/><F84/><T86/><D72/><U93/><REACH who="1" step="1"/><E75/><REACH who="1" ten="350,340,350,0" step="2"/><V108/><F108/><T74/><REACH who="0" step="1"/><D74/><REACH who="0" ten="340,340,350,0" step="2"/><U101/><E101/><V97/><F103/><T121/><N who="0" m="31008" /><T113/><D113/><U115/><E115/><V118/><F73/><T66/><D66/><AGARI ba="0,2" hai="43,45,46,49,50,54,56,62,66,80,82,85,88,93" machi="66" ten="30,7700,0" yaku="1,1,7,1,8,1,54,1,53,0" doraHai="107" doraHaiUra="117" who="1" fromWho="0" sc="340,-77,340,97,350,0,0,0" /><INIT seed="1,0,0,1,3,3" ten="263,437,350,0" oya="1" hai0="40,100,51,117,126,106,62,50,119,54,86,102,134" hai1="55,88,87,103,69,128,57,99,36,64,111,0,38" hai2="74,89,135,44,84,91,115,105,39,108,96,93,68" hai3=""/><U129/><E0/><V32/><F68/><T101/><D106/><U56/><E69/><V127/><F39/><T85/><D134/><U107/><E64/><V110/><F44/><T133/><D133/><U112/><E112/><V66/><F66/><T53/><D40/><U121/><N who="1" m="31008" /><U34/><E34/><V61/><F61/><T83/><D62/><U73/><E73/><V46/><F46/><T58/><D126/><U92/><E111/><V76/><F135/><T67/><D67/><U42/><E56/><V72/><F32/><T113/><D113/><U63/><REACH who="1" step="1"/><E42/><REACH who="1" ten="263,427,350,0" step="2"/><V33/><F33/><T78/><REACH who="0" step="1"/><D86/><REACH who="0" ten="253,427,350,0" step="2"/><U60/><E60/><V122/><N who="2" m="31264" /><V43/><F115/><T109/><D109/><U104/><E104/><V49/><F108/><T81/><D81/><U2/><E2/><V35/><F110/><T90/><D90/><U125/><E125/><V47/><F35/><T123/><N who="0" m="31520" /><T80/><D80/><U59/><E59/><AGARI ba="0,2" hai="50,51,53,54,58,59,78,83,85,100,101,102,117,119" m="31520" machi="59" ten="40,5200,0" yaku="1,1,9,1,52,1,53,0" doraHai="3" doraHaiUra="95" who="0" fromWho="1" sc="253,72,427,-52,350,0,0,0" /><INIT seed="2,0,0,5,1,116" ten="325,375,350,0" oya="2" hai0="111,118,89,63,130,33,45,56,54,100,47,39,86" hai1="81,73,132,134,59,99,1,114,109,115,102,37,117" hai2="75,40,95,112,66,43,91,36,41,92,49,83,48" hai3=""/><V123/><N who="2" m="31520" /><V125/><F112/><T72/><D118/><U42/><E1/><V85/><F36/><T71/><D33/><U68/><E68/><V44/><F125/><T128/><D111/><U129/><E59/><V65/><F75/><T94/><D72/><U82/><E42/><V105/><F105/><T76/><D76/><U64/><E64/><N who="2" m="24683" /><F48/><T80/><D71/><U124/><E37/><V113/><F113/><N who="1" m="43017" /><E109/><V127/><F127/><T90/><D100/><U67/><E67/><V106/><F106/><T96/><REACH who="0" step="1"/><D39/><REACH who="0" ten="315,375,350,0" step="2"/><U119/><E124/><V93/><AGARI ba="0,1" hai="40,41,43,44,49,83,85,91,92,93,95" m="24683,31520" machi="93" ten="30,4000,0" yaku="8,1,52,2" doraHai="116" who="2" fromWho="2" sc="315,-20,375,-20,350,50,0,0" /><INIT seed="2,1,0,0,5,135" ten="295,355,400,0" oya="2" hai0="133,68,37,45,36,112,53,69,108,82,117,83,131" hai1="64,0,90,72,129,92,50,103,48,116,51,41,35" hai2="77,113,38,55,56,75,84,101,93,80,78,97,100" hai3=""/><V115/><F38/><T119/><D133/><U33/><E0/><V34/><F34/><T107/><D108/><U102/><E72/><V114/><F56/><T79/><D107/><U109/><E116/><V91/><F55/><T125/><D53/><U43/><E129/><V124/><F124/><T62/><D45/><U130/><E130/><V59/><F59/><T2/><D131/><U74/><E74/><V105/><F100/><T106/><D106/><U66/><E109/><V98/><F78/><T85/><D79/><U57/><E33/><V47/><F47/><T110/><D110/><U49/><E35/><V123/><REACH who="2" step="1"/><F97/><REACH who="2" ten="295,355,390,0" step="2"/><T60/><D85/><U89/><E102/><V32/><F32/><T58/><D58/><U95/><E103/><V132/><F132/><T126/><REACH who="0" step="1"/><D112/><REACH who="0" ten="285,355,390,0" step="2"/><U111/><E111/><V71/><F71/><T63/><D63/><U127/><E57/><V122/><AGARI ba="1,2" hai="75,77,80,84,91,93,98,101,105,113,114,115,122,123" machi="122" ten="40,12000,2" yaku="1,1,0,1,24,2,34,3,53,0" doraHai="135" doraHaiUra="128" who="2" fromWho="2" sc="285,-61,355,-61,390,142,0,0" /><INIT seed="2,2,0,2,0,75" ten="224,294,532,0" oya="2" hai0="123,61,95,118,88,116,56,34,48,85,41,60,67" hai1="113,132,78,66,32,43,54,124,109,121,3,0,46" hai2="57,98,134,101,129,45,68,133,125,97,110,80,89" hai3=""/><V87/><F68/><T117/><N who="0" m="31520" /><T55/><D34/><U131/><N who="1" m="31008" /><U102/><E32/><V72/><F57/><T2/><D2/><U53/><E113/><V119/><F45/><T99/><D41/><U106/><E66/><V70/><F70/><T105/><D105/><U94/><E106/><V104/><F119/><T42/><D42/><U111/><E131/><V108/><F129/><T84/><REACH who="0" step="1"/><D61/><REACH who="0" ten="214,294,532,0" step="2"/><U79/><E3/><V58/><F104/><T44/><AGARI ba="2,1" hai="44,48,55,56,60,67,84,85,88,95,99,116,117,118" m="31520" machi="44" ten="30,6000,1" yaku="1,1,2,1,0,1,52,1,54,1,53,0" doraHai="75" doraHaiUra="37" who="0" fromWho="0" sc="214,74,294,-22,532,-42,0,0" /><INIT seed="4,0,0,1,2,46" ten="288,272,490,0" oya="0" hai0="90,49,85,109,135,134,47,106,125,113,96,89,103" hai1="69,76,133,115,84,102,119,127,48,97,45,53,54" hai2="122,60,37,101,126,0,61,74,105,70,104,52,58" hai3=""/><T38/><D38/><U2/><E2/><V100/><N who="2" m="31264" /><V1/><F74/><T95/><D125/><U72/><E119/><V80/><F37/><T36/><D36/><U82/><E127/><V39/><F39/><T67/><D67/><U118/><E118/><V88/><F126/><T73/><D73/><U123/><N who="1" m="31520" /><U110/><E110/><V32/><F32/><T62/><D62/><U66/><E133/><N who="0" m="50697" /><D89/><U59/><E115/><V131/><F1/><T107/><D113/><U116/><E116/><V128/><F0/><T71/><D109/><U75/><E66/><V117/><F117/><T41/><D71/><U86/><E69/><V94/><F61/><T77/><D77/><U51/><E75/><V87/><F70/><T112/><D112/><U68/><E68/><V120/><N who="2" m="30752" /><V92/><F101/><T50/><D50/><U124/><E124/><V64/><F100/><T65/><D65/><U111/><E111/><V121/><N who="2" m="31008" /><V130/><F64/><T83/><AGARI ba="0,0" hai="41,47,49,83,85,90,95,96,103,106,107" m="50697" machi="83" ten="30,2000,0" yaku="20,1,52,1" doraHai="46" who="0" fromWho="0" sc="288,20,272,-10,490,-10,0,0" /><INIT seed="4,1,0,0,3,67" ten="308,262,480,0" oya="0" hai0="107,63,57,130,39,94,32,51,66,125,71,132,99" hai1="96,62,46,127,58,128,78,74,124,83,34,1,95" hai2="129,70,59,92,90,37,40,93,111,121,56,48,84" hai3=""/><T118/><D118/><U91/><E34/><V45/><N who="2" m="31008" /><V81/><F111/><T110/><D32/><U105/><E1/><V133/><F133/><T50/><D110/><U42/><E128/><V77/><F129/><T89/><D132/><U33/><E33/><V100/><F70/><T79/><D130/><U106/><E58/><V3/><F3/><T86/><D125/><N who="1" m="48203" /><E62/><V52/><F100/><T68/><D39/><AGARI ba="1,0" hai="39,42,46,74,78,83,91,95,96,105,106" m="48203" machi="39" ten="30,1000,0" yaku="18,1" doraHai="67" who="1" fromWho="0" sc="308,-12,262,12,480,0,0,0" /><INIT seed="5,0,0,4,4,111" ten="296,274,480,0" oya="1" hai0="102,99,73,100,121,38,40,92,36,98,35,76,119" hai1="61,39,115,50,1,101,96,84,43,117,52,72,128" hai2="126,118,85,37,82,71,49,68,0,114,135,45,32" hai3=""/><U77/><E1/><V124/><F118/><T66/><N who="0" m="31008" /><T123/><N who="0" m="31520" /><T64/><D119/><U74/><E117/><V42/><F0/><T51/><D35/><U65/><E128/><V55/><F32/><T87/><D73/><U110/><E110/><V132/><F114/><T56/><D38/><U127/><E127/><N who="2" m="48683" /><F85/><T107/><D36/><U130/><E130/><V88/><F88/><T79/><D79/><U113/><E43/><V106/><F82/><T57/><D40/><U104/><E39/><V63/><F106/><T75/><D75/><U134/><E134/><N who="2" m="51243" /><F63/><T69/><D107/><U83/><E74/><V44/><AGARI ba="0,0" hai="37,42,44,45,49,55,68,71" m="51243,48683" machi="44" ten="40,6000,1" yaku="18,1,20,1,34,2" doraHai="111" who="2" fromWho="2" sc="296,-20,274,-40,480,60,0,0" /><INIT seed="6,0,0,3,5,82" ten="276,234,540,0" oya="2" hai0="95,2,1,40,60,49,59,62,131,114,110,128,68" hai1="37,127,72,52,48,92,93,63,71,43,51,94,44" hai2="58,75,111,42,50,0,96,87,74,133,47,118,105" hai3=""/><V97/><F118/><T65/><D110/><U121/><N who="1" m="31008" /><U99/><E72/><V66/><F0/><T78/><D78/><U54/><E127/><V100/><F133/><T33/><D33/><U73/><E73/><V57/><F111/><T112/><D95/><U98/><E37/><V45/><F97/><T134/><D134/><U55/><REACH who="1" step="1"/><E51/><REACH who="1" ten="276,224,540,0" step="2"/><V79/><F74/><T3/><D49/><U126/><E126/><V84/><F75/><T101/><D40/><U124/><E124/><V64/><F50/><T132/><D132/><U129/><E129/><N who="0" m="49737" /><D101/><U89/><E89/><V119/><F42/><T86/><D86/><U61/><E61/><V115/><F100/><T85/><D85/><U32/><E32/><V41/><F84/><T77/><D77/><U130/><E130/><V46/><F87/><T80/><D80/><U36/><E36/><V120/><F41/><T70/><D62/><U53/><N who="1" m="13312" /><DORA hai="38" /><U122/><N who="1" m="31264" /><U123/><N who="1" m="31520" /><U117/><E117/><V35/><F119/><T81/><D81/><U116/><E116/><V102/><F35/><T104/><D3/><U108/><E108/><V109/><F109/><T106/><D1/><U91/><E91/><V125/><F125/><T90/><D2/><RYUUKYOKU ba="0,1" sc="276,-10,224,20,540,-10,0,0" hai1="43,44,48,63,71,92,93,94,98,99" owari="266,-13.0,244,-36.0,540,49.0,0,0.0" /></mjloggm>