<mjloggm ver="2.3"><GO type="185" lobby="0"/><UN n0="%E3%82%B9%E3%83%88%E3%83%A9%EF%BC%81" n1="%E3%81%8A%E7%9F%A5%E3%82%89%E3%81%9B" n2="%E9%BE%8D%E5%B9%B3" n3="" dan="17,18,16,0" rate="2217.93,2381.97,2234.76,1500.00" sx="M,M,M,C"/><TAIKYOKU oya="0"/><INIT seed="0,0,0,2,1,92" ten="350,350,350,0" oya="0" hai0="120,3,56,77,99,76,134,59,67,42,37,111,72" hai1="2,52,35,54,115,78,93,127,129,32,60,61,98" hai2="116,95,106,57,50,80,110,51,43,109,79,102,96" hai3=""/><T125/><N who="0" m="30752" /><T84/><D3/><U105/><E2/><V71/><F71/><T41/><D72/><U124/><E105/><V135/><F135/><T91/><D134/><U83/><E129/><V58/><F116/><T121/><N who="0" m="31008" /><T40/><D125/><N who="1" m="48203" /><E115/><V97/><F51/><T112/><D112/><U53/><E32/><V68/><F68/><T1/><D1/><U62/><E35/><V85/><F43/><T131/><D37/><U122/><N who="1" m="31264" /><U49/><E83/><V66/><F50/><T103/><D131/><U64/><E78/><N who="0" m="30313" /><D111/><N who="2" m="42506" /><F66/><T65/><D65/><U100/><E64/><V114/><F114/><T0/><D0/><U132/><E132/><V133/><F133/><T33/><D33/><U69/><E69/><V88/><AGARI ba="0,0" hai="57,58,79,80,85,88,95,96,97,102,106" m="42506" machi="88" ten="30,5900,0" yaku="14,1,52,2,54,1" doraHai="92" who="2" fromWho="2" sc="350,-39,350,-20,350,59,0,0" /><INIT seed="1,0,0,4,1,47" ten="311,330,409,0" oya="1" hai0="2,105,64,49,110,125,34,38,107,68,71,37,121" hai1="54,80,55,46,69,118,70,97,74,79,98,99,51" hai2="40,35,81,83,3,134,111,89,41,72,123,77,90" hai3=""/><U122/><N who="1" m="31264" /><U60/><E118/><V66/><N who="2" m="31520" /><V88/><F3/><T100/><N who="0" m="31008" /><T73/><D110/><U129/><E129/><V44/><F35/><T103/><D64/><U128/><E128/><V43/><F111/><T116/><D116/><U133/><E133/><V119/><F119/><T126/><D49/><U93/><E93/><V102/><F134/><T101/><D73/><U108/><E108/><V75/><F66/><T132/><D132/><U1/><E1/><V135/><F102/><T115/><D115/><U86/><REACH who="1" step="1"/><E74/><REACH who="1" ten="311,320,409,0" step="2"/><V45/><F135/><T58/><D2/><U42/><E42/><V130/><F130/><T106/><D34/><U94/><E94/><V48/><F75/><T56/><D125/><U63/><E63/><V91/><F41/><T65/><D126/><U67/><E67/><V59/><F43/><T92/><D92/><U0/><E0/><V61/><F83/><T95/><D95/><U113/><E113/><V32/><F32/><T96/><D65/><U87/><E87/><V50/><N who="2" m="22528" /><DORA hai="85" /><V131/><F131/><T82/><D82/><U62/><E62/><V114/><F114/><T33/><D33/><U53/><E53/><V109/><F109/><T39/><D107/><RYUUKYOKU ba="0,1" sc="311,-10,320,20,409,-10,0,0" hai1="46,51,54,55,60,69,70,79,80,86,97,98,99" /><INIT seed="1,1,1,4,4,76" ten="301,340,399,0" oya="1" hai0="122,77,109,129,0,53,130,102,98,86,46,47,73" hai1="66,82,128,83,39,127,74,56,133,54,50,58,49" hai2="1,89,64,121,103,38,37,33,118,111,114,57,132" hai3=""/><U116/><E116/><V78/><N who="2" m="31008" /><V35/><F1/><T135/><N who="0" m="31264" /><T40/><D73/><U41/><E128/><N who="0" m="49257" /><D0/><U106/><E106/><V48/><F118/><T67/><D109/><U113/><E113/><V119/><F119/><T94/><D135/><U85/><E127/><V81/><F132/><T3/><D3/><U42/><E133/><V95/><F103/><T75/><D67/><U97/><E39/><V131/><F131/><T2/><D75/><U69/><E69/><V43/><F114/><T92/><D53/><U62/><E50/><V104/><F111/><T72/><D72/><U44/><E44/><V71/><F38/><T84/><D47/><U32/><E32/><V59/><F35/><T36/><D77/><U134/><E134/><V91/><F78/><T90/><D2/><U101/><E74/><V110/><F33/><T99/><AGARI ba="1,1" hai="36,40,46,84,86,90,92,94,98,99,102" m="49257,31264" machi="99" ten="30,1500,0" yaku="19,1,52,1" doraHai="76" who="0" fromWho="0" sc="301,27,340,-11,399,-6,0,0" /><INIT seed="2,0,0,4,2,128" ten="328,329,393,0" oya="2" hai0="81,32,99,108,67,75,76,104,45,112,58,102,122" hai1="131,114,41,69,109,33,74,125,103,94,40,124,38" hai2="35,64,93,47,73,2,111,3,44,130,119,59,48" hai3=""/><V56/><F35/><T126/><N who="0" m="31264" /><T132/><D108/><U55/><E74/><V68/><F119/><T0/><D32/><U49/><E33/><V106/><F106/><T63/><D0/><U123/><N who="1" m="31520" /><U91/><E114/><V39/><F73/><T135/><D112/><U96/><E131/><V72/><F72/><T87/><D126/><N who="1" m="48747" /><E69/><V54/><F130/><T110/><D110/><U36/><E109/><V90/><F111/><T61/><D45/><U43/><E103/><V60/><F59/><AGARI ba="0,0" hai="36,38,40,41,43,49,55,59,91,94,96" m="48747,31520" machi="59" ten="30,2000,0" yaku="18,1,52,1" doraHai="128" who="1" fromWho="2" sc="328,0,329,20,393,-20,0,0" /><INIT seed="4,0,0,2,4,34" ten="328,349,373,0" oya="0" hai0="97,84,53,89,3,40,1,90,107,57,91,77,103" hai1="81,102,105,134,61,46,44,86,38,133,100,71,68" hai2="33,37,49,93,56,131,39,80,0,122,88,48,78" hai3=""/><T50/><REACH who="0" step="1"/><D40/><REACH who="0" ten="318,349,373,0" step="2"/><U132/><E132/><V82/><N who="2" m="31264" /><V60/><F0/><T70/><D70/><U114/><E71/><V110/><F33/><T42/><D42/><U64/><E134/><V72/><F131/><T51/><D51/><U109/><E133/><V96/><F49/><T32/><D32/><U47/><E68/><V2/><F2/><T113/><D113/><U79/><E114/><V123/><N who="2" m="31520" /><V129/><F129/><T101/><D101/><U87/><E100/><V65/><F48/><T104/><D104/><U120/><E102/><V111/><REACH who="2" step="1"/><F82/><AGARI ba="0,1" hai="1,3,50,53,57,77,82,84,89,90,91,97,103,107" machi="82" ten="40,12000,1" yaku="21,2,52,2,53,0" doraHai="34" doraHaiUra="59" who="0" fromWho="2" sc="318,130,349,0,373,-120,0,0" /><INIT seed="4,1,0,0,4,48" ten="448,349,253,0" oya="0" hai0="62,36,45,71,113,74,78,129,75,133,128,50,92" hai1="3,99,134,73,87,34,94,38,98,51,70,135,64" hai2="66,35,130,122,120,59,93,43,77,37,47,42,67" hai3=""/><T65/><D113/><U109/><E73/><V53/><N who="2" m="30752" /><V44/><N who="2" m="31264" /><V112/><F35/><T131/><D133/><U0/><E38/><V114/><F77/><T127/><D127/><U1/><E109/><V97/><F130/><T117/><D117/><U56/><E34/><V39/><F93/><T61/><D36/><U40/><E70/><V58/><F97/><T104/><D104/><U83/><E64/><V81/><F81/><T86/><D62/><U49/><E49/><V72/><F72/><T108/><D108/><U76/><E99/><V55/><AGARI ba="1,0" hai="37,39,42,43,44,47,53,55,58,59,66,67,112,114" m="31264,30752" machi="55" ten="25,12000,3" yaku="0,1,22,2,34,3,52,4" doraHai="48" who="2" fromWho="2" sc="448,-81,349,-41,253,122,0,0" /><INIT seed="5,0,0,1,5,127" ten="367,308,375,0" oya="1" hai0="123,104,43,35,85,133,38,63,60,110,73,50,116" hai1="76,94,103,81,72,49,89,99,109,120,134,33,70" hai2="102,0,71,112,80,55,105,3,118,82,42,48,135" hai3=""/><U74/><N who="1" m="30752" /><U106/><E33/><V113/><F71/><T64/><N who="0" m="31520" /><T56/><D73/><U52/><E134/><V84/><F118/><T128/><D35/><U47/><E70/><V57/><F135/><T88/><D133/><U75/><REACH who="1" step="1"/><E109/><REACH who="1" ten="367,298,375,0" step="2"/><V86/><F3/><T119/><D110/><U54/><E54/><V107/><F0/><T96/><D116/><U67/><E67/><V130/><F55/><T131/><D119/><U129/><E129/><V90/><F130/><T58/><D128/><U41/><E41/><V91/><F42/><T45/><D131/><U111/><E111/><V37/><F112/><T124/><D64/><U125/><E125/><V66/><F66/><T2/><D2/><U93/><E93/><V65/><F65/><T95/><D124/><U126/><E126/><V114/><F114/><T97/><D43/><U108/><E108/><V83/><F113/><T40/><D95/><U98/><AGARI ba="0,1" hai="47,49,52,72,74,75,76,81,89,94,98,99,103,106" m="30752" machi="98" ten="20,8000,1" yaku="1,1,0,1,7,1,52,1,54,1,53,0" doraHai="127" doraHaiUra="121" who="1" fromWho="1" sc="367,-40,298,90,375,-40,0,0" /><INIT seed="5,1,0,4,1,109" ten="327,388,335,0" oya="1" hai0="40,36,41,111,82,56,120,79,35,114,57,37,123" hai1="45,113,69,53,95,133,78,105,117,87,34,75,32" hai2="61,116,92,64,33,43,128,90,77,84,101,83,48" hai3=""/><U122/><N who="1" m="31264" /><U102/><E117/><V68/><F116/><T99/><N who="0" m="30752" /><T107/><N who="0" m="31520" /><T42/><D35/><U115/><E69/><V129/><F33/><N who="1" m="12905" /><E53/><V96/><F43/><T2/><D2/><U119/><E45/><V55/><REACH who="2" step="1"/><F77/><REACH who="2" ten="327,388,325,0" step="2"/><T62/><D111/><U66/><E78/><V70/><F70/><T124/><D37/><U125/><E119/><V52/><F52/><T110/><D110/><U38/><E38/><V76/><F76/><T88/><D36/><U3/><E3/><V73/><F73/><T135/><D42/><U121/><E75/><V59/><AGARI ba="1,1" hai="48,55,59,61,64,68,83,84,90,92,96,101,128,129" machi="59" ten="30,1500,0" yaku="1,1,0,1,53,0" doraHai="109" doraHaiUra="132" who="2" fromWho="2" sc="327,-6,388,-11,325,27,0,0" /><INIT seed="6,0,0,4,4,42" ten="321,377,352,0" oya="2" hai0="94,82,91,55,119,33,65,109,106,47,135,50,70" hai1="35,77,98,69,88,63,89,40,99,58,130,76,87" hai2="46,67,56,39,96,85,60,43,34,54,37,51,103" hai3=""/><V53/><F34/><T111/><D119/><U59/><E69/><V1/><F1/><T73/><D33/><U62/><E35/><V102/><F102/><T133/><D106/><U78/><E40/><V112/><F112/><T86/><D65/><U117/><E130/><V79/><F79/><T101/><D70/><U104/><E104/><V71/><F85/><T93/><D73/><U110/><E110/><V125/><F125/><T81/><D94/><U105/><E105/><V48/><F96/><N who="1" m="36905" /><E117/><V131/><F103/><T126/><D126/><U64/><E87/><V74/><F74/><T49/><D101/><U127/><E127/><V118/><F118/><T84/><D93/><U45/><E45/><V83/><F83/><T52/><D91/><N who="1" m="34891" /><E64/><V128/><F37/><T95/><D95/><U72/><E72/><V123/><N who="2" m="31520" /><V36/><F39/><T92/><D92/><U80/><E80/><V41/><F41/><T124/><D124/><U97/><N who="1" m="36913" /><U132/><DORA hai="44" /><E132/><V129/><F129/><T113/><D47/><AGARI ba="0,0" hai="36,43,46,47,48,51,53,54,56,60,67,71,128,131" m="31520" machi="47" ten="40,24000,3" yaku="24,2,34,3,52,5" doraHai="42,44" who="2" fromWho="0" sc="321,-240,377,0,352,240,0,0" owari="81,-52.0,377,-2.0,592,54.0,0,0.0" /></mjloggm>