<mjloggm ver="2.3"><GO type="185" lobby="0"/><UN n0="%74%6F%6D%69%31%30%32%39" n1="%E3%81%84%E3%81%AC%E3%82%8F%E3%82%93" n2="%E3%81%98%E3%82%93%E3%81%8A%E3%82%8F" n3="" dan="16,16,18,0" rate="2100.69,2176.46,2293.34,1500.00" sx="M,M,M,C"/><TAIKYOKU oya="0"/><INIT seed="0,0,0,2,0,1" ten="350,350,350,0" oya="0" hai0="45,135,72,119,76,42,97,111,3,70,91,108,53" hai1="41,73,106,56,77,36,74,128,86,103,75,44,90" hai2="134,59,105,37,62,85,47,2,46,110,87,82,52" hai3=""/><T116/><D3/><U118/><E118/><V39/><F2/><T51/><D70/><U98/><E128/><V38/><F134/><T79/><D135/><U88/><E77/><N who="0" m="29769" /><D72/><U54/><REACH who="1" step="1"/><E86/><REACH who="1" ten="350,340,350,0" step="2"/><V102/><F87/><T125/><D119/><U49/><AGARI ba="0,1" hai="36,41,44,49,54,56,73,74,75,88,90,98,103,106" machi="49" ten="30,6000,1" yaku="1,1,2,1,0,1,54,1,53,1" doraHai="1" doraHaiUra="55" who="1" fromWho="1" sc="350,-40,340,70,350,-20,0,0" /><INIT seed="1,0,0,4,3,109" ten="310,410,330,0" oya="1" hai0="97,84,112,108,57,46,35,32,101,124,115,111,45" hai1="118,73,131,62,133,106,64,125,69,95,129,63,2" hai2="58,135,38,120,55,93,39,40,3,70,105,71,0" hai3=""/><U80/><E118/><V52/><N who="2" m="30752" /><V74/><F105/><T113/><D124/><U65/><E106/><V127/><F127/><T88/><D57/><U60/><E125/><V89/><F74/><T110/><D97/><U87/><E133/><V100/><F100/><T59/><D59/><U48/><E2/><V98/><F135/><T68/><D68/><U92/><E73/><V53/><F58/><T134/><D101/><U132/><E48/><V96/><F40/><T66/><D66/><N who="1" m="25707" /><E69/><N who="2" m="26123" /><F89/><T72/><D134/><U1/><E1/><N who="2" m="587" /><F93/><T86/><D72/><U43/><E43/><V78/><F78/><T91/><D112/><U42/><E42/><V76/><F76/><T37/><D111/><U51/><E132/><V123/><N who="2" m="31520" /><V83/><F83/><T114/><REACH who="0" step="1"/><D113/><REACH who="0" ten="300,410,330,0" step="2"/><U81/><E62/><V116/><F116/><T34/><D34/><U90/><E63/><V119/><F119/><T128/><D128/><U107/><E60/><V104/><F104/><T67/><D67/><U41/><E107/><V99/><AGARI ba="0,1" hai="38,39,52,53,55,96,98,99" m="31520,587,26123,30752" machi="99" ten="40,6000,1" yaku="28,2,52,2,54,1" doraHai="109" who="2" fromWho="2" sc="300,-20,410,-40,330,70,0,0" /><INIT seed="2,0,0,4,0,98" ten="280,370,400,0" oya="2" hai0="113,88,61,104,102,108,103,134,60,59,99,127,58" hai1="50,64,40,35,133,53,106,80,92,90,62,87,86" hai2="51,111,46,32,65,36,72,71,110,77,89,41,70" hai3=""/><V49/><F32/><T1/><D1/><U100/><E35/><V55/><F89/><T126/><D108/><N who="2" m="41514" /><F77/><T129/><D134/><U96/><E133/><V57/><F72/><T81/><D129/><U93/><E87/><V42/><F65/><T47/><D47/><AGARI ba="0,0" hai="36,41,42,46,47,49,51,55,57,70,71" m="41514" machi="47" ten="30,11600,0" yaku="14,1,10,1,34,2" doraHai="98" who="2" fromWho="0" sc="280,-116,370,0,400,116,0,0" /><INIT seed="2,1,0,1,3,71" ten="164,370,516,0" oya="2" hai0="57,38,69,86,54,55,122,127,2,51,124,130,108" hai1="42,102,110,112,53,61,66,125,121,92,75,34,52" hai2="91,119,85,99,113,115,76,128,50,48,109,114,100" hai3=""/><V104/><F50/><T3/><N who="0" m="31264" /><T70/><D108/><U60/><N who="1" m="31008" /><U58/><E110/><V79/><F109/><T88/><D130/><U1/><E112/><V94/><F128/><T36/><D70/><U106/><E75/><V81/><F48/><T93/><D69/><U40/><E125/><N who="0" m="48201" /><D54/><U73/><E73/><V83/><F119/><T59/><D59/><U101/><E106/><V74/><F115/><T62/><D51/><U63/><E34/><V82/><F82/><T103/><D103/><U32/><E102/><V78/><F78/><T35/><D35/><U89/><E101/><V0/><F0/><AGARI ba="1,0" hai="0,2,3,36,38,55,57,62,86,88,93" m="48201,31264" machi="0" ten="30,8000,1" yaku="18,1,52,3,54,1" doraHai="71" who="0" fromWho="2" sc="164,82,370,0,516,-82,0,0" /><INIT seed="4,0,0,3,2,53" ten="246,370,434,0" oya="0" hai0="73,45,114,52,126,88,80,130,62,63,129,56,123" hai1="83,49,72,92,86,103,33,47,89,69,131,109,0" hai2="77,116,97,35,78,121,125,58,135,87,68,50,128" hai3=""/><T102/><N who="0" m="31520" /><T79/><D114/><U43/><E109/><V122/><N who="2" m="31008" /><V42/><N who="2" m="31264" /><V38/><F35/><T71/><D126/><U132/><E0/><V99/><F68/><T67/><D102/><U85/><E33/><V124/><F135/><T76/><D76/><N who="2" m="29290" /><F38/><T61/><D88/><U108/><E131/><N who="0" m="50185" /><D45/><U57/><E69/><V95/><F128/><T115/><D115/><U98/><E72/><V91/><F125/><T104/><D104/><U70/><E70/><V107/><F107/><T64/><D71/><U112/><E112/><V118/><F124/><T93/><D93/><U117/><E108/><V32/><F32/><T100/><D100/><U34/><E34/><V101/><F101/><T90/><D90/><U48/><E132/><V82/><F82/><T65/><AGARI ba="0,0" hai="52,56,61,62,63,64,65,67,73,79,80" m="50185,31520" machi="65" ten="30,7800,0" yaku="19,1,52,2,54,1" doraHai="53" who="0" fromWho="0" sc="246,78,370,-39,434,-39,0,0" /><INIT seed="4,1,0,1,3,79" ten="324,331,395,0" oya="0" hai0="111,88,43,93,58,98,53,134,40,1,32,68,45" hai1="62,39,48,60,99,121,2,116,38,82,34,0,80" hai2="102,46,110,132,124,130,74,56,54,113,101,89,35" hai3=""/><T49/><D1/><U133/><N who="1" m="31008" /><U125/><E116/><V83/><F35/><T94/><D32/><U63/><E34/><V126/><F110/><T114/><D111/><U44/><E125/><N who="2" m="48235" /><F113/><T115/><D68/><U69/><E133/><V129/><F46/><T55/><D134/><U85/><E99/><V104/><F104/><T57/><D94/><U77/><E69/><V96/><F132/><T122/><N who="0" m="31264" /><T92/><D92/><U135/><E135/><V76/><F89/><T87/><D98/><U73/><E2/><V47/><F47/><T127/><D127/><U106/><E106/><V65/><F65/><T67/><D67/><U103/><E103/><N who="2" m="39435" /><F96/><T52/><REACH who="0" step="1"/><D40/><REACH who="0" ten="314,331,395,0" step="2"/><U107/><E0/><V112/><F112/><AGARI ba="1,1" hai="43,45,49,52,53,55,57,58,87,88,93,112,114,115" m="31264" machi="112" ten="40,24000,3" yaku="1,1,2,1,15,1,52,1,54,2,53,3" doraHai="79" doraHaiUra="51" who="0" fromWho="2" sc="314,252,331,0,395,-242,0,0" /><INIT seed="4,2,0,4,1,50" ten="566,331,153,0" oya="0" hai0="123,60,83,92,54,103,131,80,114,89,121,76,122" hai1="132,75,55,90,107,104,49,125,120,108,102,113,71" hai2="68,36,51,134,61,109,129,47,84,63,117,116,130" hai3=""/><T91/><N who="0" m="31008" /><T96/><N who="0" m="31264" /><T78/><N who="0" m="31520" /><T45/><D114/><U88/><N who="1" m="30752" /><U73/><E108/><V59/><F109/><T37/><D131/><N who="2" m="50186" /><F84/><T58/><D37/><U81/><E71/><V56/><F68/><T110/><D45/><U86/><E125/><V43/><F134/><T32/><D32/><U95/><E132/><V41/><F41/><T40/><D40/><U2/><E2/><V82/><F82/><N who="0" m="31274" /><D110/><U70/><E70/><V124/><F124/><T100/><D91/><U3/><E3/><V106/><F106/><T85/><D85/><U135/><E135/><V119/><F36/><T126/><D126/><U97/><E113/><V99/><F99/><T98/><D98/><U33/><E33/><V1/><F1/><T94/><D94/><U127/><E127/><V34/><F34/><T72/><D72/><U35/><E35/><V53/><F119/><T39/><D39/><U66/><E73/><V111/><F111/><T101/><AGARI ba="2,0" hai="54,58,60,76,78,89,92,96,100,101,103" m="31274,31520,31264,31008" machi="101" ten="30,8000,1" yaku="8,1,52,4" doraHai="50" who="0" fromWho="0" sc="566,84,331,-42,153,-42,0,0" /><INIT seed="4,3,0,1,4,49" ten="650,289,111,0" oya="0" hai0="1,79,44,46,106,108,96,48,60,114,77,69,47" hai1="55,102,45,39,130,34,128,50,110,40,54,103,80" hai2="36,89,85,73,119,72,35,91,75,0,125,116,88" hai3=""/><T64/><D114/><U124/><E110/><V87/><F36/><T41/><D1/><U94/><E34/><V98/><F0/><T51/><D108/><U81/><E124/><V82/><F35/><T70/><D106/><U122/><N who="1" m="31264" /><U118/><E118/><V97/><F125/><T33/><D96/><U132/><E132/><V56/><F56/><T99/><D99/><N who="2" m="37898" /><F82/><N who="1" m="31849" /><E94/><V76/><F76/><T3/><D79/><U95/><E95/><V123/><N who="2" m="31520" /><V93/><F93/><T2/><D77/><U32/><E32/><V78/><F78/><T71/><D33/><U107/><E107/><V101/><F101/><N who="1" m="38409" /><E39/><V74/><N who="2" m="18432" /><DORA hai="111" /><V126/><F126/><T117/><D117/><AGARI ba="3,0" hai="85,87,88,89,91,116,117,119" m="18432,31520,37898" machi="117" ten="70,12000,2" yaku="28,2,12,1,34,2,52,1,54,1" doraHai="49,111" who="2" fromWho="0" sc="650,-126,289,0,111,126,0,0" /><INIT seed="5,0,0,4,3,102" ten="524,289,237,0" oya="1" hai0="50,111,108,72,0,78,76,66,58,89,105,37,62" hai1="99,85,120,115,106,133,125,74,69,132,54,96,124" hai2="71,32,68,70,91,92,110,118,126,128,90,79,87" hai3=""/><U119/><N who="1" m="30752" /><U57/><E69/><V81/><F110/><T64/><D105/><U103/><E74/><V130/><F118/><T52/><D37/><U83/><E99/><V73/><F32/><T98/><D0/><U100/><E100/><V127/><REACH who="2" step="1"/><F91/><REACH who="2" ten="524,289,227,0" step="2"/><T63/><D89/><U35/><E35/><V55/><F55/><T42/><D52/><U88/><E119/><V67/><F67/><T123/><D64/><U1/><E1/><V75/><F75/><T60/><D66/><U131/><E131/><AGARI ba="0,1" hai="68,70,71,73,79,81,87,90,92,126,127,128,130,131" machi="131" ten="50,3200,0" yaku="1,1,19,1,53,0" doraHai="102" doraHaiUra="97" who="2" fromWho="1" sc="524,0,289,-32,227,42,0,0" /><INIT seed="6,0,0,4,4,51" ten="524,257,269,0" oya="2" hai0="67,47,99,108,92,96,79,111,57,74,113,124,42" hai1="132,121,43,94,34,84,40,77,89,97,65,133,135" hai2="76,59,50,102,75,101,122,134,64,78,116,129,54" hai3=""/><V119/><N who="2" m="31264" /><V71/><F134/><T81/><D124/><U88/><N who="1" m="31008" /><U49/><E34/><V104/><F104/><T100/><D113/><U53/><E65/><V60/><F129/><T91/><D57/><U56/><E77/><V127/><F127/><T110/><D67/><U82/><AGARI ba="0,0" hai="40,43,49,53,56,82,84,88,89,94,97,132,133,135" m="31008" machi="82" ten="30,6000,1" yaku="0,1,20,1,52,2,54,1" doraHai="51" who="1" fromWho="1" sc="524,-20,257,60,269,-40,0,0" owari="504,45.0,317,-8.0,229,-37.0,0,0.0" /></mjloggm>