<mjloggm ver="2.3"><GO type="169" lobby="0"/><UN n0="%E8%8D%92%E6%9C%A8%E6%AF%94%E5%A5%88" n1="%E3%81%BE%E3%81%81%E3%81%8C%E3%82%8A%E3%82%93" n2="%E3%83%AF%E3%82%A4%E3%83%AB%E3%83%89" n3="%E3%83%91%E3%83%91%E3%83%91%E3%83%91" dan="17,16,16,17" rate="2151.40,2113.97,2133.61,2175.34" sx="F,M,M,M"/><TAIKYOKU oya="0"/><INIT seed="0,0,0,3,0,53" ten="250,250,250,250" oya="0" hai0="77,54,69,88,66,46,31,97,64,19,81,111,110" hai1="103,5,121,105,75,44,9,28,23,36,98,80,56" hai2="26,120,58,109,11,45,61,17,133,20,39,116,48" hai3="27,131,25,93,29,8,126,124,70,73,57,95,130"/><T37/><D31/><U24/><E121/><V0/><F120/><W128/><G70/><T118/><D118/><U112/><E112/><V134/><F116/><W1/><G73/><T50/><D37/><U74/><E80/><V96/><F39/><W63/><G8/><T59/><D69/><U10/><E10/><V67/><F109/><N who="0" m="41482" /><D19/><U102/><E102/><V82/><F96/><W122/><G1/><T129/><D129/><U41/><REACH who="1" step="1"/><E56/><REACH who="1" ten="250,240,250,250" step="2"/><V55/><REACH who="2" step="1"/><F82/><REACH who="2" ten="250,240,240,250" step="2"/><W107/><G122/><T132/><D132/><U34/><E34/><V90/><F90/><W127/><G107/><T62/><D88/><U114/><E114/><V4/><AGARI ba="0,2" hai="0,4,11,17,20,26,45,48,55,58,61,67,133,134" machi="4" ten="30,4000,0" yaku="1,1,0,1,52,1,53,0" doraHai="53" doraHaiUra="30" who="2" fromWho="2" sc="250,-20,240,-10,240,60,250,-10" /><INIT seed="1,0,0,1,1,1" ten="230,230,300,240" oya="1" hai0="45,67,11,97,10,76,39,110,77,102,134,123,88" hai1="27,107,128,69,104,79,93,84,132,42,68,46,114" hai2="49,118,81,29,9,106,96,82,125,50,130,12,65" hai3="90,103,119,63,52,108,127,100,47,101,129,6,85"/><U43/><E114/><V57/><F118/><W54/><G108/><T111/><D67/><U0/><E132/><V95/><F130/><W16/><G129/><T2/><D134/><U48/><E128/><V21/><F106/><W94/><G127/><T109/><D123/><U17/><E104/><V66/><F125/><W32/><G32/><T23/><D23/><U135/><E107/><V19/><F82/><W22/><G119/><T53/><D102/><U99/><E43/><V56/><F81/><W33/><G33/><T98/><D98/><U62/><E84/><V86/><F86/><W40/><G6/><T64/><D64/><U74/><E79/><V58/><F65/><W126/><G63/><T91/><D11/><U28/><E62/><V72/><F72/><W120/><G120/><T30/><D30/><U24/><E0/><V78/><F78/><W26/><REACH who="3" step="1"/><G126/><REACH who="3" ten="230,230,300,230" step="2"/><T37/><D109/><U59/><E135/><V44/><F66/><W105/><G105/><T5/><D110/><U75/><E68/><V18/><F29/><W116/><G116/><T92/><D111/><U124/><E69/><V121/><F121/><W36/><AGARI ba="0,1" hai="16,22,26,36,40,47,52,54,85,90,94,100,101,103" machi="36" ten="30,7900,0" yaku="1,1,0,1,54,2,53,0" doraHai="1" doraHaiUra="73" who="3" fromWho="3" sc="230,-20,230,-39,300,-20,230,89" /><INIT seed="2,0,0,0,0,59" ten="210,191,280,319" oya="2" hai0="32,134,20,78,8,135,72,105,84,94,28,7,76" hai1="36,45,93,130,12,35,25,101,4,107,33,9,11" hai2="17,125,120,124,129,3,79,41,82,39,57,110,26" hai3="63,114,103,43,19,60,77,87,62,74,2,16,81"/><V102/><F120/><W100/><G2/><T37/><D105/><U119/><E107/><V122/><F122/><W111/><G111/><T133/><D32/><U31/><E119/><V13/><F3/><W67/><G114/><T38/><D72/><U48/><E36/><V70/><F70/><W50/><G74/><T73/><D73/><U58/><E130/><V34/><F129/><W89/><G67/><T6/><D76/><U97/><E11/><V27/><F110/><W115/><G77/><T10/><D10/><U123/><E58/><V113/><F113/><W71/><G71/><T112/><D112/><U49/><E123/><V54/><F102/><N who="3" m="38955" /><G115/><T47/><D47/><AGARI ba="0,0" hai="16,19,43,47,50,60,62,63,81,87,89" m="38955" machi="47" ten="30,8000,1" yaku="8,1,52,3,54,1" doraHai="59" who="3" fromWho="0" sc="210,-80,191,0,280,0,319,80" /><INIT seed="3,0,0,5,5,20" ten="130,191,280,399" oya="3" hai0="19,48,55,80,66,9,38,71,90,121,69,113,15" hai1="61,97,43,109,100,117,126,34,91,84,6,30,78" hai2="62,103,70,99,96,127,106,44,118,23,27,95,57" hai3="25,94,101,49,59,63,64,110,60,36,73,86,68"/><W115/><G73/><T107/><D107/><U46/><E109/><V42/><F118/><W72/><G72/><T1/><D121/><U104/><E126/><V133/><F127/><W77/><G36/><T114/><D38/><U52/><E6/><V88/><F133/><W37/><G37/><T98/><D1/><U13/><E78/><V76/><F76/><W3/><G3/><T123/><D123/><U129/><E13/><V119/><F119/><W130/><G115/><T58/><D66/><U53/><E61/><V17/><F70/><W87/><G130/><T120/><D120/><U134/><E129/><V89/><F89/><W124/><G124/><T111/><D111/><U33/><E134/><V12/><F12/><W8/><G49/><T82/><D82/><U39/><E117/><V83/><F83/><W79/><G8/><T75/><D75/><U93/><REACH who="1" step="1"/><E30/><REACH who="1" ten="130,181,280,399" step="2"/><V65/><F42/><W24/><G110/><T41/><D41/><U102/><E102/><V105/><F44/><W85/><G79/><T29/><D29/><U50/><E50/><V21/><F21/><W40/><G77/><T10/><D10/><U18/><E18/><V108/><F108/><W135/><G135/><T132/><D132/><U128/><E128/><V28/><F28/><W54/><REACH who="3" step="1"/><G40/><REACH who="3" ten="130,181,280,389" step="2"/><T51/><D51/><U31/><E31/><V112/><F112/><W67/><G67/><T45/><D113/><U125/><E125/><V5/><F5/><W32/><G32/><AGARI ba="0,2" hai="32,33,34,39,43,46,52,53,84,91,93,97,100,104" machi="32" ten="40,5200,0" yaku="1,1,54,1,53,1" doraHai="20" doraHaiUra="81" who="1" fromWho="3" sc="130,0,181,72,280,0,389,-52" /><INIT seed="4,0,0,5,3,25" ten="130,253,280,337" oya="0" hai0="42,132,36,88,60,102,119,105,53,78,44,99,4" hai1="7,108,112,91,121,30,38,83,5,104,71,46,89" hai2="23,61,29,55,90,64,14,70,22,68,128,39,75" hai3="73,118,27,134,79,82,65,45,26,84,117,120,94"/><T12/><D132/><U31/><E104/><V8/><F75/><W37/><G120/><T98/><D78/><U9/><E71/><V126/><F39/><W123/><G123/><T131/><D131/><U67/><E67/><V35/><F128/><W21/><G134/><T109/><D109/><U107/><E107/><V62/><F126/><W129/><G129/><T54/><D119/><U63/><E63/><V85/><F35/><W103/><G65/><T49/><D60/><U72/><E108/><V111/><F111/><W115/><G27/><T113/><D113/><U76/><E5/><V101/><F101/><W11/><G11/><T110/><D110/><U93/><E121/><V6/><F70/><W80/><G115/><T81/><D36/><U47/><E91/><V51/><F61/><W69/><G69/><T127/><D127/><U77/><E77/><V24/><F23/><W87/><G73/><T95/><REACH who="0" step="1"/><D81/><REACH who="0" ten="120,253,280,337" step="2"/><U125/><E38/><V52/><F51/><W0/><G79/><T2/><D2/><U114/><E125/><V59/><F68/><W56/><G0/><T124/><D124/><U13/><E114/><V92/><AGARI ba="0,1" hai="6,8,14,22,24,29,52,55,59,62,64,85,90,92" machi="92" ten="20,8000,1" yaku="0,1,7,1,8,1,52,1,54,1" doraHai="25" who="2" fromWho="2" sc="120,-40,253,-20,280,90,337,-20" /><INIT seed="5,0,0,5,4,46" ten="80,233,370,317" oya="1" hai0="41,75,77,94,64,7,84,74,132,131,70,49,105" hai1="15,73,125,83,42,60,116,33,87,100,103,126,129" hai2="59,55,5,85,9,58,82,119,53,109,130,110,40" hai3="127,37,72,133,86,30,114,97,54,14,11,101,22"/><U78/><E33/><V122/><F122/><W88/><G72/><T135/><D7/><U45/><E116/><V2/><F119/><W24/><G114/><T56/><D70/><U68/><E129/><V10/><F130/><W32/><G127/><N who="1" m="48650" /><E73/><V4/><F40/><W27/><G133/><T104/><D64/><N who="1" m="40967" /><E15/><V39/><F39/><AGARI ba="0,0" hai="39,42,45,78,83,87,100,103" m="40967,48650" machi="39" ten="30,1500,0" yaku="18,1" doraHai="46" who="1" fromWho="2" sc="80,0,233,15,370,-15,317,0" /><INIT seed="5,1,0,3,1,57" ten="80,248,355,317" oya="1" hai0="39,34,40,21,51,104,78,111,97,96,64,1,47" hai1="129,26,38,109,17,125,89,91,106,28,134,8,58" hai2="13,2,88,24,99,20,6,103,117,71,102,108,133" hai3="132,30,55,95,41,116,113,77,73,46,52,135,45"/><U101/><E38/><V87/><F108/><W81/><G113/><T14/><D34/><U56/><E109/><V59/><F71/><W70/><G70/><T7/><D111/><U16/><E134/><N who="3" m="51242" /><G116/><T130/><D130/><U11/><E125/><V72/><F72/><W5/><G5/><T107/><D107/><U69/><E69/><V12/><F133/><W0/><G0/><T119/><D104/><U76/><E76/><V48/><F103/><W31/><G95/><T49/><D119/><U65/><E106/><V19/><F117/><W54/><G46/><T105/><D105/><U44/><E101/><V10/><F102/><W50/><AGARI ba="1,0" hai="30,31,41,45,50,52,54,55,73,77,81" m="51242" machi="50" ten="30,2000,0" yaku="20,1,54,1" doraHai="57" who="3" fromWho="3" sc="80,-6,248,-11,355,-6,317,23" /><INIT seed="6,0,0,4,2,36" ten="74,237,349,340" oya="2" hai0="41,94,14,74,102,131,81,5,103,47,53,106,24" hai1="114,83,19,75,17,3,91,90,8,44,109,121,130" hai2="111,20,135,28,30,51,126,64,13,34,96,18,133" hai3="40,73,71,27,117,116,35,29,95,93,31,84,72"/><V49/><F111/><W21/><G71/><T105/><D131/><U1/><E114/><V68/><F126/><W65/><G65/><T82/><D105/><U85/><E109/><V101/><F51/><W115/><G35/><T26/><D106/><U59/><E75/><V125/><F125/><W76/><G76/><T78/><D81/><U110/><E110/><V119/><F119/><W77/><G77/><T57/><D24/><U86/><E130/><V54/><F34/><W46/><G31/><T69/><D26/><U89/><E121/><V9/><F64/><W92/><G84/><T15/><D69/><U25/><E59/><V58/><F68/><W113/><G116/><T88/><D15/><U12/><E89/><V100/><F100/><W48/><REACH who="3" step="1"/><G117/><REACH who="3" ten="74,237,349,330" step="2"/><T129/><D129/><U80/><REACH who="1" step="1"/><E44/><REACH who="1" ten="74,227,349,330" step="2"/><V0/><F58/><W37/><G37/><T6/><D102/><U42/><E42/><V22/><F101/><W2/><G2/><T55/><D103/><U70/><E70/><V122/><F0/><W87/><G87/><T134/><D57/><U16/><E16/><V7/><F18/><W62/><G62/><T124/><D124/><U50/><E50/><V33/><F49/><W45/><G45/><T123/><D123/><U120/><E120/><V11/><F122/><W97/><G97/><T79/><D79/><U112/><E112/><AGARI ba="0,2" hai="21,27,29,40,46,48,72,73,92,93,95,112,113,115" machi="112" ten="40,8000,1" yaku="1,1,15,1,11,1,52,1,53,0" doraHai="36" doraHaiUra="61" who="3" fromWho="1" sc="74,0,227,-80,349,0,330,100" /><INIT seed="7,0,0,3,4,106" ten="74,147,349,430" oya="3" hai0="41,12,129,100,3,126,89,124,107,1,62,133,38" hai1="8,59,90,13,110,44,111,60,10,108,74,23,35" hai2="96,18,30,116,85,79,131,101,0,71,72,113,29" hai3="81,37,25,31,50,48,66,127,2,99,19,112,120"/><W32/><G37/><T42/><D12/><U86/><E74/><V43/><F116/><W55/><G2/><T21/><D21/><U73/><E73/><V117/><F117/><W125/><G120/><T104/><D89/><U92/><E35/><V82/><F71/><W20/><G112/><T121/><D121/><U54/><E44/><V39/><F113/><W97/><G66/><T123/><D123/><U15/><E15/><V61/><F61/><W9/><G81/><T78/><D62/><U102/><E102/><V94/><F131/><W27/><G9/><T26/><D26/><U11/><E23/><V105/><F0/><W47/><G50/><T64/><D64/><U28/><E28/><V6/><F6/><W51/><G51/><T68/><D129/><U33/><E33/><V53/><F53/><W40/><G40/><T4/><D4/><U88/><E90/><V14/><F43/><W49/><G49/><T67/><D67/><U91/><E91/><V7/><F7/><W87/><G87/><T77/><D100/><U103/><E103/><V56/><F39/><W24/><G24/><T52/><D38/><U34/><E34/><V57/><F30/><W65/><G65/><T46/><D52/><U76/><E76/><V132/><F132/><W36/><G36/><T45/><REACH who="0" step="1"/><D68/><REACH who="0" ten="64,147,349,430" step="2"/><U58/><E13/><V118/><F118/><W135/><G55/><T115/><D115/><U69/><E69/><V70/><F70/><W114/><G114/><T84/><D84/><N who="1" m="52231" /><E54/><V5/><F5/><W130/><G130/><T95/><D95/><U75/><E108/><RYUUKYOKU ba="0,1" sc="64,30,147,-10,349,-10,430,-10" hai0="1,3,41,42,45,46,77,78,104,107,124,126,133" owari="94,-41.0,137,-26.0,339,14.0,430,53.0" /></mjloggm>