<mjloggm ver="2.3"><GO type="169" lobby="0"/><UN n0="%28%E6%A0%97%E7%94%B0%E6%81%AD%E5%AE%8F%29" n1="%E9%AB%AD%E9%AF%A8" n2="%59%4D" n3="%E3%81%84%E3%81%AC%E3%82%8F%E3%82%93" dan="17,16,16,16" rate="2177.41,2113.97,2170.59,2192.84" sx="F,M,M,M"/><TAIKYOKU oya="0"/><INIT seed="0,0,0,2,2,43" ten="250,250,250,250" oya="0" hai0="67,90,110,87,8,11,95,33,66,82,125,111,113" hai1="59,20,60,63,89,68,48,107,30,83,78,56,86" hai2="120,98,54,134,129,35,1,51,39,77,22,18,40" hai3="2,58,79,47,44,41,93,133,128,13,122,21,25"/><T88/><D113/><U45/><E107/><V24/><F120/><W71/><G2/><T31/><D125/><U10/><E10/><N who="0" m="3625" /><D33/><U62/><E68/><V76/><F134/><W109/><G71/><T126/><D31/><U75/><E75/><V84/><F1/><W70/><G70/><T65/><D126/><U17/><E30/><V80/><F129/><W37/><G128/><T115/><D115/><U28/><E78/><V36/><F35/><W49/><G133/><T114/><D114/><U23/><E23/><V100/><F40/><W69/><G69/><T46/><D46/><U117/><E117/><V97/><F77/><W52/><G122/><T91/><D95/><U124/><E124/><V64/><F64/><W53/><G109/><AGARI ba="0,0" hai="65,66,67,82,87,88,90,91,109,110,111" m="3625" machi="109" ten="30,5800,0" yaku="14,1,10,1,54,1" doraHai="43" who="0" fromWho="3" sc="250,58,250,0,250,0,250,-58" /><INIT seed="0,1,0,1,1,46" ten="308,250,250,192" oya="0" hai0="104,41,3,74,133,118,95,61,25,83,122,68,85" hai1="99,60,98,96,16,45,42,37,69,2,82,14,103" hai2="10,44,64,78,53,11,56,31,134,108,94,90,30" hai3="75,93,12,54,101,1,126,8,91,125,70,5,131"/><T52/><D118/><U97/><E2/><V21/><F108/><W9/><G75/><T36/><D122/><U88/><E69/><V29/><F134/><W81/><G131/><T107/><D133/><U13/><E60/><V35/><F35/><W100/><G81/><T111/><D111/><U20/><E82/><V47/><F78/><W89/><G70/><T38/><D3/><U4/><E88/><V123/><F64/><W58/><G91/><T124/><D74/><U130/><E130/><V24/><F123/><W76/><G76/><T48/><D95/><U6/><REACH who="1" step="1"/><E14/><REACH who="1" ten="308,240,250,192" step="2"/><V63/><F47/><W7/><G126/><T33/><D124/><U127/><E127/><V40/><F44/><W17/><G125/><T72/><D61/><U110/><E110/><V39/><F40/><W32/><G5/><T26/><D41/><U135/><E135/><V109/><F109/><W27/><G32/><T129/><D68/><U87/><E87/><N who="2" m="52575" /><F39/><W114/><G114/><T55/><D36/><U19/><E19/><AGARI ba="1,1" hai="10,11,19,21,24,29,30,31,53,56,63" m="52575" machi="19" ten="30,1000,0" yaku="8,1" doraHai="46" who="2" fromWho="1" sc="308,0,240,-13,250,23,192,0" /><INIT seed="1,0,0,1,0,13" ten="308,227,273,192" oya="1" hai0="2,58,42,126,104,46,32,133,99,50,69,130,52" hai1="59,66,106,1,61,12,117,16,85,24,84,65,43" hai2="23,14,78,72,19,34,123,79,28,49,70,129,37" hai3="83,67,0,25,71,91,5,11,31,94,101,121,64"/><U131/><E117/><V89/><F123/><W119/><G121/><T63/><D126/><U93/><E106/><V95/><F37/><W100/><G119/><T125/><D125/><U15/><E1/><V115/><F70/><W40/><G40/><T44/><D133/><U77/><E131/><V80/><F129/><W102/><G83/><T92/><D130/><U7/><E43/><V124/><F124/><W45/><G45/><T26/><D2/><U81/><E66/><V75/><F115/><W55/><G55/><T87/><D104/><U8/><E24/><V56/><F28/><W88/><G91/><T39/><D87/><U41/><E41/><V113/><F113/><W54/><G54/><T112/><D112/><U128/><E128/><V109/><F34/><W6/><G6/><T103/><D32/><U110/><E110/><V82/><F109/><W53/><G53/><T51/><D26/><U36/><E36/><V118/><F118/><W135/><G135/><T38/><D69/><U62/><E62/><V134/><F134/><W60/><G67/><AGARI ba="0,0" hai="38,39,42,44,46,50,51,52,58,63,67,92,99,103" machi="67" ten="30,2000,0" yaku="7,1,54,1" doraHai="13" who="0" fromWho="3" sc="308,20,227,0,273,0,192,-20" /><INIT seed="2,0,0,5,5,17" ten="328,227,273,172" oya="2" hai0="113,60,21,0,84,125,28,116,107,135,33,59,8" hai1="61,93,52,77,18,92,10,24,64,69,5,41,82" hai2="6,98,115,130,15,89,34,12,101,22,35,128,57" hai3="43,58,16,11,65,129,56,27,100,44,110,29,71"/><V67/><F115/><W75/><G110/><T103/><D113/><U45/><E24/><V118/><F89/><W94/><G75/><T99/><D125/><U109/><E18/><N who="2" m="10567" /><F118/><W131/><G71/><T47/><D135/><U9/><E9/><N who="2" m="4535" /><F57/><W123/><G123/><T49/><D33/><U76/><E76/><V50/><F50/><W46/><G11/><T48/><D116/><U53/><E109/><V54/><F54/><W2/><G2/><T39/><D39/><U112/><E93/><V127/><F67/><W91/><G100/><T87/><D8/><U97/><E92/><N who="2" m="58567" /><F127/><W120/><G120/><T37/><D0/><U31/><E112/><V26/><F26/><W106/><G106/><T68/><D37/><U85/><E97/><V102/><F102/><W121/><G121/><T124/><D68/><U36/><REACH who="1" step="1"/><E31/><REACH who="1" ten="328,217,273,172" step="2"/><V63/><F35/><W90/><G29/><T117/><D117/><U80/><E80/><V23/><F34/><W14/><G27/><T108/><D108/><U25/><E25/><V83/><F83/><W38/><G94/><N who="0" m="58871" /><D124/><U74/><E74/><V134/><F134/><W114/><G114/><T4/><D107/><U119/><E119/><V19/><F19/><W95/><G95/><T132/><D132/><U51/><E51/><V126/><F126/><W88/><G91/><T73/><D73/><U40/><E40/><V3/><F63/><W81/><G88/><T78/><D78/><U133/><E133/><V111/><F111/><W55/><G90/><T20/><D28/><U86/><E86/><V30/><F3/><AGARI ba="0,1" hai="3,5,10,36,41,45,52,53,61,64,69,77,82,85" machi="3" ten="30,3900,0" yaku="1,1,7,1,54,1,53,0" doraHai="17" doraHaiUra="96" who="1" fromWho="2" sc="328,0,217,49,273,-39,172,0" /><INIT seed="3,0,0,4,0,11" ten="328,266,234,172" oya="3" hai0="85,131,55,60,36,103,80,6,97,74,69,112,135" hai1="58,10,95,79,76,134,75,47,13,88,48,87,72" hai2="44,91,14,133,27,7,104,130,81,118,5,107,105" hai3="98,28,129,62,100,53,52,17,43,99,102,92,111"/><W109/><G129/><T119/><D119/><U78/><E58/><V114/><F118/><W22/><G28/><T29/><D135/><U123/><E134/><V128/><F133/><W8/><G8/><T26/><D131/><N who="2" m="50218" /><F114/><W66/><G43/><T38/><D112/><U9/><E9/><N who="2" m="4399" /><F7/><W70/><G99/><T113/><D74/><U41/><REACH who="1" step="1"/><E123/><REACH who="1" ten="328,256,234,172" step="2"/><V65/><F65/><W116/><G116/><T110/><D113/><U35/><E35/><V39/><F44/><W122/><G122/><T25/><D69/><U1/><E1/><V4/><F4/><AGARI ba="0,1" hai="4,10,13,41,47,48,72,75,76,78,79,87,88,95" machi="4" ten="40,5200,0" yaku="1,1,52,1,54,1,53,0" doraHai="11" doraHaiUra="115" who="1" fromWho="2" sc="328,0,256,62,234,-52,172,0" /><INIT seed="4,0,0,0,5,80" ten="328,318,182,172" oya="0" hai0="89,119,69,82,96,123,111,30,91,64,25,120,5" hai1="52,79,104,108,58,53,121,135,4,24,23,51,55" hai2="92,19,90,73,118,103,56,81,42,44,8,50,125" hai3="3,21,60,131,74,110,78,99,71,6,10,22,94"/><T59/><D119/><U34/><E121/><V130/><F118/><W85/><G110/><T26/><D69/><U14/><E108/><V63/><F130/><W65/><G131/><T84/><D111/><U127/><E135/><V17/><F125/><W124/><G74/><T2/><D2/><U88/><E104/><V1/><F103/><W109/><G109/><T57/><D5/><U15/><E79/><V66/><F1/><W37/><G37/><T106/><D106/><U117/><E117/><V29/><F29/><W38/><G38/><T102/><D102/><U100/><E100/><V86/><F8/><W75/><G75/><T40/><D40/><U20/><E34/><V97/><REACH who="2" step="1"/><F73/><REACH who="2" ten="328,318,172,172" step="2"/><W98/><G124/><T114/><D30/><U87/><E127/><V9/><F9/><W133/><G133/><T62/><D123/><U129/><E129/><V13/><F13/><N who="1" m="4617" /><E4/><V39/><F39/><W83/><REACH who="3" step="1"/><G99/><REACH who="3" ten="328,318,172,162" step="2"/><T105/><D120/><U132/><E132/><V36/><F36/><W67/><G67/><T12/><D96/><U101/><E101/><AGARI ba="0,2" hai="3,6,10,21,22,60,65,71,78,83,85,94,98,101" machi="101" ten="30,7700,0" yaku="1,1,7,1,52,1,53,1" doraHai="80" doraHaiUra="32" who="3" fromWho="1" sc="328,0,318,-77,172,0,162,97" /><INIT seed="5,0,0,2,2,60" ten="328,241,172,259" oya="1" hai0="15,116,110,33,40,63,86,115,69,96,76,102,26" hai1="44,71,113,13,11,114,5,88,94,133,17,132,72" hai2="19,87,120,101,75,2,46,130,16,45,52,49,41" hai3="91,134,127,65,77,79,82,57,99,66,74,106,12"/><U104/><E104/><V1/><F120/><W58/><G134/><N who="1" m="51818" /><E71/><V39/><F75/><W67/><G127/><T70/><D110/><U6/><E72/><V43/><F130/><W97/><G106/><T47/><D116/><U9/><E44/><V21/><F101/><W32/><G32/><T81/><D115/><N who="1" m="44043" /><E9/><V55/><F87/><AGARI ba="0,0" hai="5,6,11,13,17,87,88,94" m="44043,51818" machi="87" ten="30,5800,0" yaku="20,1,15,1,54,1" doraHai="60" who="1" fromWho="2" sc="328,0,241,58,172,-58,259,0" /><INIT seed="5,1,0,1,0,64" ten="328,299,114,259" oya="1" hai0="75,51,107,44,24,31,103,36,79,22,130,5,112" hai1="43,87,54,67,88,1,78,16,69,40,61,76,12" hai2="4,114,68,56,104,32,3,60,119,100,21,108,27" hai3="121,106,77,49,133,45,9,131,89,41,93,99,126"/><U74/><E1/><V101/><F119/><W98/><G121/><T73/><D112/><U11/><E54/><V90/><F108/><W42/><G126/><T15/><D130/><U109/><E109/><V118/><F118/><W120/><G133/><T13/><D36/><U6/><E6/><V33/><F114/><W66/><G131/><T29/><D107/><U81/><E78/><V37/><F37/><W128/><G120/><T123/><D123/><U39/><E39/><V8/><F104/><W82/><G42/><T70/><D70/><U10/><E10/><V83/><F33/><W23/><G66/><T47/><D103/><U71/><E71/><V25/><F32/><W48/><G9/><T58/><D79/><U105/><E105/><V113/><F25/><W18/><G49/><T116/><D116/><U132/><E132/><V92/><F83/><AGARI ba="1,0" hai="11,12,16,40,43,61,67,69,74,76,81,83,87,88" machi="83" ten="30,11600,0" yaku="7,1,52,1,54,2" doraHai="64" who="1" fromWho="2" sc="328,0,299,119,114,-119,259,0" owari="328,13.0,418,52.0,-5,-51.0,259,-14.0" /></mjloggm>