<mjloggm ver="2.3"><GO type="225" lobby="0"/><UN n0="%E6%97%A5%E6%9B%9C%E6%97%A5%E3%82%88%E3%82%8A%E3%81%AE%E4%BD%BF%E8%80%85" n1="%E3%83%A9%E3%82%B9%E7%8E%87%EF%BC%93%E5%89%B2" n2="%E3%83%AF%E3%82%A4%E3%83%AB%E3%83%89" n3="%E8%A8%88%E7%AE%97%E6%A9%9F%E8%87%AA%E7%84%B6" dan="16,16,16,17" rate="2098.35,2152.66,2116.85,2223.31" sx="M,F,M,M"/><TAIKYOKU oya="0"/><INIT seed="0,0,0,2,0,50" ten="250,250,250,250" oya="0" hai0="100,133,129,45,83,135,43,108,35,87,22,70,58" hai1="42,66,131,6,101,3,110,0,107,62,132,12,99" hai2="88,51,17,126,59,28,41,26,16,73,36,77,125" hai3="25,33,128,75,56,114,115,76,127,65,18,20,90"/><T49/><D35/><U39/><E110/><V52/><F77/><W97/><G127/><T9/><D70/><U55/><E131/><V21/><F73/><W67/><G128/><T86/><D129/><U104/><E132/><N who="0" m="50761" /><D108/><U96/><E42/><V54/><F36/><W38/><G38/><N who="0" m="21751" /><D100/><U95/><E39/><V32/><F41/><W94/><G33/><T15/><D22/><U30/><E30/><V37/><F37/><W120/><G120/><T85/><D83/><U47/><E66/><V14/><F88/><W57/><G67/><T121/><D121/><U48/><E62/><V8/><REACH who="2" step="1"/><F54/><REACH who="2" ten="250,250,240,250" step="2"/><W2/><G76/><T4/><D86/><U106/><REACH who="1" step="1"/><E99/><REACH who="1" ten="250,240,240,250" step="2"/><V44/><F44/><W74/><G97/><T119/><D119/><U130/><E130/><V98/><F98/><W84/><G114/><T89/><D89/><U78/><E78/><V93/><F93/><W113/><G115/><T105/><D105/><U116/><E116/><V69/><F69/><W102/><G113/><T64/><D64/><U61/><E61/><V5/><F5/><W24/><G65/><T118/><D118/><U122/><E122/><V11/><F11/><AGARI ba="0,2" hai="0,3,6,11,12,47,48,55,95,96,101,104,106,107" machi="11" ten="40,8000,1" yaku="1,1,52,1,53,3" doraHai="50" doraHaiUra="103" who="1" fromWho="2" sc="250,0,240,100,240,-80,250,0" /><INIT seed="1,0,0,2,1,44" ten="250,340,160,250" oya="1" hai0="94,20,102,120,119,7,134,90,19,130,82,131,53" hai1="100,4,43,46,116,37,54,48,41,74,66,112,65" hai2="91,26,132,71,133,10,111,85,39,6,113,107,9" hai3="117,63,34,45,103,70,105,108,55,11,2,33,126"/><U77/><E100/><V104/><F71/><W25/><G108/><T5/><D119/><U125/><E4/><V14/><F39/><W22/><G126/><T96/><D134/><U16/><E116/><V0/><F111/><W92/><G105/><T99/><D120/><U80/><E125/><V83/><F113/><W110/><G110/><T129/><D53/><U109/><E112/><V115/><F115/><W17/><G117/><T42/><D42/><U118/><E118/><V58/><F58/><W93/><G70/><T13/><REACH who="0" step="1"/><D82/><REACH who="0" ten="240,340,160,250" step="2"/><U73/><E43/><V27/><F133/><W95/><G55/><T40/><D40/><U23/><E109/><V60/><F132/><W15/><G34/><T97/><D97/><U62/><E62/><V28/><F60/><W49/><G33/><T38/><D38/><U32/><E32/><V12/><F0/><W36/><G36/><T69/><D69/><U121/><E121/><V68/><F68/><W3/><G63/><T1/><D1/><U30/><E41/><V122/><F122/><W101/><G2/><T35/><D35/><U81/><E37/><V29/><F107/><AGARI ba="0,1" hai="5,7,13,19,20,90,94,96,99,102,107,129,130,131" machi="107" ten="40,5200,0" yaku="1,1,19,1,53,1" doraHai="44" doraHaiUra="87" who="0" fromWho="2" sc="240,62,340,0,160,-52,250,0" /><INIT seed="2,0,0,0,2,95" ten="302,340,108,250" oya="2" hai0="93,29,97,127,11,69,56,119,59,94,25,43,106" hai1="1,23,105,66,84,113,50,108,100,22,77,26,58" hai2="40,5,9,0,89,85,51,3,90,130,103,16,87" hai3="98,15,120,99,14,91,86,96,55,104,39,92,79"/><V71/><F71/><W32/><G120/><T63/><D127/><U122/><E1/><V31/><F130/><W134/><G32/><N who="0" m="20527" /><D43/><U68/><E68/><V75/><F75/><W126/><G104/><T54/><D11/><U2/><E2/><V128/><F128/><W46/><G126/><T88/><D119/><U78/><E113/><V36/><F36/><W83/><G134/><T67/><D54/><U70/><E70/><V109/><F109/><W64/><G64/><T131/><D131/><U33/><E33/><V112/><F112/><W12/><G39/><T107/><D107/><U47/><E108/><V81/><F31/><W74/><G74/><T111/><D93/><U57/><E23/><V62/><F62/><W80/><G80/><T45/><D45/><U102/><E66/><V61/><F61/><W110/><G110/><T7/><D7/><U125/><E122/><V65/><F65/><W37/><G37/><T44/><D44/><U20/><E20/><V21/><F103/><N who="1" m="39465" /><E105/><V101/><F101/><W52/><G55/><T133/><D133/><U132/><E84/><V135/><F135/><W117/><G117/><T10/><D111/><U118/><E118/><V18/><F3/><W24/><G24/><T35/><D35/><U116/><E116/><V60/><F60/><W123/><G123/><T73/><D73/><U41/><E132/><V30/><F30/><W49/><AGARI ba="0,0" hai="12,14,15,46,49,52,79,83,86,91,92,96,98,99" machi="49" ten="30,12000,2" yaku="0,1,8,1,52,3,54,1" doraHai="95" who="3" fromWho="3" sc="302,-30,340,-30,108,-60,250,120" /><INIT seed="3,0,0,5,4,111" ten="272,310,48,370" oya="3" hai0="62,64,81,107,53,57,112,113,99,80,82,41,21" hai1="86,108,121,89,91,77,76,37,58,87,109,72,0" hai2="85,124,104,122,67,40,131,10,83,8,23,43,98" hai3="100,17,6,63,127,101,30,27,18,3,135,66,32"/><W90/><G127/><T97/><D41/><U130/><E37/><V95/><F124/><W44/><G135/><T20/><D64/><U31/><E58/><V84/><F104/><W71/><G90/><T15/><D107/><U128/><E31/><V50/><F122/><W106/><G100/><T134/><D134/><U129/><E0/><V114/><F114/><N who="0" m="44138" /><D15/><U70/><E70/><V117/><F117/><W118/><G118/><T132/><D132/><U60/><E60/><V46/><F131/><W103/><G103/><T133/><D133/><U13/><E13/><V7/><F40/><W69/><G69/><T110/><D110/><N who="1" m="42603" /><E121/><V35/><F35/><W96/><G44/><T116/><D116/><U65/><E65/><V29/><F67/><W49/><G49/><T2/><D2/><U4/><E4/><V56/><F56/><W38/><G38/><T47/><D47/><U73/><E91/><V25/><F84/><N who="1" m="32297" /><E89/><V94/><F10/><AGARI ba="0,0" hai="3,6,10,17,18,27,30,32,63,66,71,96,101,106" machi="10" ten="40,3900,0" yaku="25,2" doraHai="111" who="3" fromWho="2" sc="272,0,310,0,48,-39,370,39" owari="272,-13.0,310,11.0,9,-49.0,409,51.0" /></mjloggm>