<mjloggm ver="2.3"><GO type="169" lobby="0"/><UN n0="%E6%A1%9C%E5%B0%8F%E8%B7%AF%E6%89%8D%E8%8F%AF" n1="%E7%B4%AB%E3%81%AE%E9%8F%A1" n2="%E9%9B%B7%E8%94%B5" n3="%E3%82%84%E3%83%BC%E3%82%84" dan="16,18,16,16" rate="2074.53,2264.17,2069.89,2036.72" sx="M,M,M,M"/><TAIKYOKU oya="0"/><INIT seed="0,0,0,5,1,124" ten="250,250,250,250" oya="0" hai0="129,57,113,11,26,127,41,42,85,74,49,134,119" hai1="4,104,132,93,121,45,67,131,133,32,92,87,60" hai2="19,27,39,71,59,105,33,31,68,38,109,97,64" hai3="86,14,115,48,54,3,79,69,120,25,78,76,101"/><T102/><D113/><U53/><E104/><V8/><F109/><W94/><G69/><T24/><D119/><U47/><E32/><V18/><F59/><W58/><G3/><T63/><D74/><U91/><E121/><V88/><F71/><W82/><G120/><T56/><D134/><N who="1" m="51819" /><E4/><V10/><F10/><W12/><G115/><T55/><D127/><U100/><E53/><V117/><F117/><W22/><G101/><T13/><D102/><U73/><E73/><V96/><F96/><W89/><REACH who="3" step="1"/><G82/><REACH who="3" ten="250,250,250,240" step="2"/><T70/><D70/><N who="1" m="42343" /><E131/><V99/><F68/><W40/><G40/><T125/><D125/><U6/><E6/><V116/><F116/><W122/><G122/><T51/><D129/><U0/><E0/><V80/><F80/><W81/><G81/><T29/><D42/><U114/><E114/><V108/><F105/><W46/><G46/><T128/><D128/><U77/><E77/><V110/><F110/><W112/><G112/><T135/><D135/><U84/><E100/><V36/><F108/><W75/><G75/><T111/><D111/><U72/><E72/><V65/><F39/><W66/><G66/><T35/><D41/><U23/><E87/><V107/><F107/><W43/><G43/><T34/><D85/><U126/><E126/><V130/><F130/><W44/><G44/><N who="1" m="16970" /><E93/><V37/><F37/><W118/><G118/><T123/><D123/><U95/><E92/><V83/><F38/><W50/><G50/><T61/><D51/><U28/><E95/><V9/><F36/><W30/><AGARI ba="0,1" hai="12,14,22,25,30,48,54,58,76,78,79,86,89,94" machi="30" ten="30,4000,0" yaku="1,1,0,1,8,1,53,0" doraHai="124" doraHaiUra="98" who="3" fromWho="3" sc="250,-20,250,-10,250,-10,240,50" /><INIT seed="1,0,0,2,3,56" ten="230,240,240,290" oya="1" hai0="64,30,20,85,92,113,96,123,39,60,12,132,134" hai1="87,24,95,109,32,51,105,17,106,90,1,36,41" hai2="71,2,65,116,117,79,7,0,52,47,99,97,21" hai3="11,37,50,5,49,78,15,93,91,23,104,25,18"/><U54/><E1/><V102/><F79/><W8/><G104/><T111/><D113/><U34/><E109/><V35/><F35/><W61/><G37/><T45/><D111/><U124/><E124/><V76/><F76/><W115/><G115/><T122/><D85/><U88/><E36/><V84/><F84/><W4/><G78/><T10/><D39/><U6/><E41/><V86/><F86/><W68/><G68/><T98/><D45/><U81/><E6/><V3/><F21/><W44/><G44/><T128/><D128/><U31/><E32/><V74/><F7/><W107/><G107/><T48/><D48/><U125/><E125/><V42/><F42/><W110/><G110/><T89/><D96/><N who="2" m="36938" /><F102/><W121/><G121/><N who="0" m="46091" /><D20/><U57/><E90/><V43/><F43/><W26/><G26/><T101/><D30/><U135/><E81/><V133/><F74/><W46/><G46/><T83/><D83/><U80/><E80/><V118/><F118/><W9/><G9/><T103/><D103/><U130/><E130/><V131/><F131/><W69/><G91/><T53/><D101/><U62/><E17/><V100/><F100/><W72/><G93/><T129/><D129/><U40/><REACH who="1" step="1"/><E135/><REACH who="1" ten="230,230,240,290" step="2"/><V75/><F133/><W58/><G72/><T108/><D108/><U38/><E38/><V33/><F75/><W77/><G77/><T70/><D134/><U29/><E29/><V14/><F33/><W22/><G4/><N who="0" m="3143" /><D132/><U27/><E27/><V73/><F73/><W13/><G5/><T120/><D120/><U114/><E114/><V82/><F82/><RYUUKYOKU ba="0,1" sc="230,15,230,15,240,-15,290,-15" hai0="53,60,64,70,89,92,98" hai1="24,31,34,40,51,54,57,62,87,88,95,105,106" /><INIT seed="1,1,1,1,2,46" ten="245,245,225,275" oya="1" hai0="44,104,103,56,63,16,97,98,42,83,32,66,129" hai1="65,86,114,91,20,70,117,74,14,133,124,22,105" hai2="21,96,78,2,100,5,62,18,4,59,102,43,57" hai3="12,101,87,11,25,26,88,75,122,38,118,6,84"/><U47/><E114/><V33/><F33/><W55/><G122/><T52/><D129/><U36/><E117/><V89/><F78/><W17/><G75/><T112/><D112/><U113/><E113/><V37/><F2/><W82/><G38/><T80/><D32/><U51/><E74/><V72/><F72/><W109/><G109/><T79/><D79/><U27/><E105/><V116/><F43/><W45/><G118/><T135/><D135/><U49/><E133/><V35/><F37/><W40/><G101/><N who="2" m="39017" /><F35/><W106/><G106/><T23/><D66/><U127/><E36/><V61/><F116/><W115/><G115/><T93/><D98/><U13/><E70/><V76/><F76/><N who="3" m="46151" /><G40/><T94/><D94/><N who="1" m="54647" /><E65/><N who="2" m="39087" /><F89/><W121/><G6/><T50/><D104/><U123/><E123/><V8/><F8/><W81/><G121/><T107/><D107/><U99/><E99/><V60/><F96/><W68/><G68/><T34/><D34/><U108/><E108/><V128/><F62/><W77/><G77/><T92/><D92/><U90/><E90/><V24/><F128/><W58/><G45/><T30/><D30/><N who="1" m="17767" /><E47/><V41/><F41/><W120/><G120/><T54/><D42/><U69/><E69/><V126/><F126/><N who="1" m="48169" /><E22/><V134/><F134/><W132/><G132/><T85/><D85/><U0/><E0/><V67/><AGARI ba="1,1" hai="4,5,18,21,24,59,60,67" m="39087,39017" machi="67" ten="30,1100,0" yaku="8,1" doraHai="46" who="2" fromWho="2" sc="245,-4,245,-6,225,24,275,-4" /><INIT seed="2,0,0,2,4,45" ten="241,239,249,271" oya="2" hai0="40,43,123,94,1,110,116,54,7,113,114,31,58" hai1="96,41,12,38,49,69,78,27,131,22,8,55,81" hai2="15,39,133,52,76,14,47,82,20,117,17,75,93" hai3="99,109,85,59,119,101,122,102,44,70,53,10,104"/><V128/><F128/><W67/><G119/><T91/><D123/><U3/><E69/><V71/><F133/><W107/><G122/><T51/><D116/><U16/><E3/><V118/><F71/><W18/><G109/><T84/><D110/><U73/><E131/><V103/><F39/><W21/><G10/><T63/><D31/><U32/><E32/><V92/><F14/><W0/><G0/><T13/><D1/><U46/><E96/><V95/><REACH who="2" step="1"/><F103/><REACH who="2" ten="241,239,239,271" step="2"/><W5/><G70/><T72/><D13/><U25/><REACH who="1" step="1"/><E8/><REACH who="1" ten="241,229,239,271" step="2"/><V79/><F79/><W34/><G102/><T129/><D129/><U35/><E35/><V42/><F42/><W111/><G34/><T56/><D40/><U23/><E23/><V86/><F86/><W9/><G21/><T48/><D43/><U125/><E125/><V65/><F65/><W74/><G67/><T89/><D84/><U127/><E127/><V24/><F24/><W4/><G101/><T132/><D132/><U64/><E64/><V62/><F62/><W50/><G85/><T60/><D63/><U120/><E120/><V28/><F28/><W37/><G111/><T29/><D60/><U112/><E112/><V66/><F66/><W88/><G74/><T26/><D72/><U2/><E2/><V106/><F106/><W121/><G107/><T130/><D130/><U115/><E115/><V98/><F98/><W105/><G105/><T87/><D114/><U90/><E90/><V57/><F57/><AGARI ba="0,2" hai="12,16,22,25,27,38,41,46,49,55,57,73,78,81" machi="57" ten="30,7700,0" yaku="1,1,7,1,52,1,54,1,53,0" doraHai="45" doraHaiUra="134" who="1" fromWho="2" sc="241,0,229,97,239,-77,271,0" /><INIT seed="3,0,0,1,3,71" ten="241,326,162,271" oya="3" hai0="88,39,87,91,120,63,23,79,0,1,89,26,48" hai1="98,84,22,8,2,76,130,18,30,103,95,37,80" hai2="102,44,28,24,106,47,132,135,68,104,43,92,115" hai3="134,56,64,116,9,41,128,58,74,126,109,60,78"/><W127/><G116/><T14/><D120/><U113/><E113/><V62/><F115/><W29/><G29/><T69/><D14/><U11/><E130/><V42/><F92/><W108/><G9/><T13/><D13/><U114/><E114/><V86/><F86/><W53/><G78/><T75/><D75/><U123/><E123/><V10/><F10/><W107/><G107/><N who="2" m="41001" /><F102/><W19/><G19/><T31/><D48/><U34/><E2/><V129/><F62/><W55/><G74/><T6/><D6/><U99/><E37/><N who="2" m="21583" /><F68/><W70/><G128/><T32/><D23/><U45/><E45/><V46/><F46/><W21/><G134/><N who="2" m="51241" /><F47/><W5/><G21/><T97/><D97/><U122/><E98/><V105/><N who="2" m="41009" /><V73/><DORA hai="93" /><F43/><W119/><G5/><T112/><D112/><U124/><E122/><V133/><N who="2" m="51249" /><V121/><DORA hai="96" /><F73/><W72/><G72/><T50/><D50/><U49/><E49/><V35/><F121/><W54/><G41/><T61/><D61/><U51/><E51/><V40/><F40/><W117/><G117/><T16/><D63/><U27/><REACH who="1" step="1"/><E124/><REACH who="1" ten="241,316,162,271" step="2"/><N who="3" m="47658" /><G119/><T118/><D118/><U15/><AGARI ba="0,1" hai="8,11,15,18,22,27,30,34,76,80,84,95,99,103" machi="15" ten="20,12000,2" yaku="1,1,0,1,7,1,52,2,53,1" doraHai="71,93,96" doraHaiUra="57,25,66" who="1" fromWho="1" sc="241,-30,316,130,162,-30,271,-60" /><INIT seed="4,0,0,5,0,122" ten="211,446,132,211" oya="0" hai0="111,108,2,116,91,131,38,13,96,25,71,17,102" hai1="101,132,115,94,112,28,85,63,128,103,87,49,45" hai2="14,88,62,110,46,9,21,37,118,74,24,4,15" hai3="34,61,29,93,66,82,90,54,65,23,117,119,35"/><T135/><D116/><U95/><E128/><V81/><F118/><W57/><G35/><T27/><D2/><U32/><E132/><V67/><F110/><N who="0" m="42026" /><D135/><U12/><E12/><V97/><F74/><W113/><G34/><T104/><D131/><U72/><E72/><V124/><F124/><W44/><G113/><N who="1" m="43594" /><E63/><V40/><F15/><W86/><G119/><T20/><D71/><U121/><E121/><V130/><F130/><W51/><G117/><T8/><D38/><U6/><E6/><V78/><F78/><W89/><G29/><T48/><D8/><U5/><E5/><V109/><F109/><W52/><REACH who="3" step="1"/><G23/><REACH who="3" ten="211,446,132,201" step="2"/><T10/><D20/><U125/><E28/><V126/><F126/><W36/><G36/><T59/><D91/><U98/><E32/><V69/><F88/><W3/><G3/><T22/><D22/><U58/><E125/><V60/><F21/><W106/><G106/><T39/><D39/><U123/><E123/><V1/><F37/><W114/><G114/><T133/><D133/><U92/><E103/><V80/><F1/><W19/><G19/><T73/><D73/><U129/><E101/><V127/><F127/><W55/><G55/><AGARI ba="0,1" hai="10,13,17,25,27,48,55,59,96,102,104" m="42026" machi="55" ten="30,11600,0" yaku="10,1,52,3" doraHai="122" who="0" fromWho="3" sc="211,126,446,0,132,0,201,-116" /><INIT seed="4,1,0,4,1,111" ten="337,446,132,85" oya="0" hai0="105,107,64,103,91,12,39,4,3,122,86,108,65" hai1="8,118,41,83,37,127,32,31,89,58,78,14,87" hai2="114,72,119,33,38,102,62,117,30,110,24,85,0" hai3="101,113,109,45,55,27,43,25,49,76,26,29,121"/><T63/><D122/><U61/><E118/><N who="2" m="45067" /><F72/><W98/><G109/><T112/><D108/><U77/><E127/><V34/><F110/><W94/><G121/><T7/><D3/><U81/><E37/><V40/><F102/><W48/><G76/><T5/><D39/><U95/><E41/><V131/><F0/><W88/><G113/><T99/><D107/><U92/><E31/><V16/><F62/><W134/><G134/><T2/><D2/><U19/><E32/><V42/><F131/><W71/><G71/><T60/><D12/><U69/><E69/><V18/><F34/><W96/><G96/><T126/><D126/><U53/><REACH who="1" step="1"/><E89/><REACH who="1" ten="337,436,132,85" step="2"/><V13/><F38/><W56/><REACH who="3" step="1"/><G101/><REACH who="3" ten="337,436,132,75" step="2"/><T75/><D103/><U132/><E132/><V90/><F114/><W115/><G115/><T50/><D112/><U74/><AGARI ba="1,2" hai="8,14,19,53,58,61,74,77,78,81,83,87,92,95" machi="74" ten="20,5200,0" yaku="1,1,0,1,7,1,53,1" doraHai="111" doraHaiUra="9" who="1" fromWho="1" sc="337,-27,436,75,132,-14,75,-14" /><INIT seed="5,0,0,0,0,134" ten="310,511,118,61" oya="1" hai0="127,109,32,113,93,95,94,18,79,56,97,103,1" hai1="66,108,47,36,55,86,4,17,80,52,117,19,12" hai2="83,67,89,124,20,76,35,102,48,31,40,90,84" hai3="6,75,39,92,49,99,29,25,10,16,133,126,96"/><U131/><E117/><V85/><F35/><W46/><G39/><T64/><D109/><U5/><E108/><V58/><F102/><W34/><G75/><T120/><D1/><U23/><E131/><V53/><F124/><W91/><G133/><T2/><D2/><U68/><E68/><V60/><F40/><W62/><G126/><T81/><D127/><U8/><E66/><V87/><F31/><W78/><G78/><T22/><D32/><U69/><E69/><V14/><F20/><W106/><G62/><T121/><D113/><U33/><E33/><V27/><F27/><W65/><G65/><T71/><D56/><U112/><E112/><V24/><F24/><W37/><G37/><T115/><D115/><U7/><E47/><V0/><F0/><W70/><G70/><T51/><D51/><U13/><REACH who="1" step="1"/><E36/><REACH who="1" ten="310,501,118,61" step="2"/><V45/><REACH who="2" step="1"/><F14/><REACH who="2" ten="310,501,108,61" step="2"/><W26/><G34/><T41/><D121/><U130/><E130/><V72/><AGARI ba="0,2" hai="45,48,53,58,60,67,72,76,83,84,85,87,89,90" machi="72" ten="30,4000,0" yaku="1,1,2,1,0,1,53,0" doraHai="134" doraHaiUra="132" who="2" fromWho="2" sc="310,-10,501,-20,108,60,61,-10" /><INIT seed="6,0,0,2,3,110" ten="300,481,168,51" oya="2" hai0="72,57,47,38,84,128,114,100,52,36,135,46,90" hai1="118,91,49,129,71,56,4,44,120,119,50,21,69" hai2="34,121,6,134,88,97,35,25,81,117,0,113,79" hai3="3,126,125,15,75,77,127,109,106,80,2,87,85"/><V122/><F117/><W9/><G109/><T48/><D72/><U60/><E4/><V83/><F134/><W82/><G106/><T67/><D135/><U13/><E129/><V116/><F116/><W58/><G58/><T130/><D100/><U42/><E91/><V39/><F39/><N who="0" m="14890" /><D90/><U73/><E73/><V40/><F40/><W101/><G101/><T99/><D84/><U43/><E21/><V41/><F41/><W45/><G45/><N who="0" m="16907" /><D99/><U105/><E13/><V10/><F34/><W53/><G53/><T132/><D132/><U28/><E28/><V94/><F83/><W12/><G75/><T29/><D29/><U112/><E105/><V103/><F25/><W20/><G20/><T78/><D78/><U11/><E11/><V31/><F31/><W27/><G27/><T74/><D74/><U22/><E22/><V32/><F103/><W108/><G108/><T26/><D26/><U18/><E18/><V30/><F30/><W124/><N who="3" m="31744" /><DORA hai="17" /><W89/><REACH who="3" step="1"/><G15/><REACH who="3" ten="300,481,168,41" step="2"/><T133/><D133/><U8/><E119/><V68/><F32/><W70/><G70/><T107/><D107/><U65/><E71/><V93/><F68/><W115/><G115/><T98/><D114/><U16/><E112/><V123/><F113/><W96/><G96/><T111/><D111/><U92/><E118/><V104/><F35/><W14/><G14/><T7/><D98/><U61/><E69/><V37/><F104/><W102/><G102/><T5/><D67/><U23/><E65/><V1/><F97/><W62/><G62/><T55/><D55/><U54/><E54/><RYUUKYOKU ba="0,1" sc="300,15,481,-15,168,-15,41,15" hai0="5,7,48,52,57,128,130" hai3="2,3,9,12,77,80,82,85,87,89" /><INIT seed="7,1,1,2,3,125" ten="315,466,153,56" oya="3" hai0="114,35,110,19,57,15,6,49,109,120,45,105,90" hai1="94,61,64,130,123,48,17,42,37,82,30,127,24" hai2="108,103,128,83,116,124,34,93,40,101,22,33,20" hai3="13,78,23,73,67,41,9,91,12,4,84,129,63"/><W100/><G100/><T18/><D120/><U81/><E37/><V106/><F106/><W117/><G117/><T39/><D35/><U56/><E123/><V32/><F116/><W118/><G118/><T53/><D105/><U52/><E42/><V47/><F83/><W96/><G96/><T25/><D114/><U133/><E127/><V98/><F103/><W60/><G41/><T44/><D90/><U97/><E17/><V70/><F70/><W62/><G73/><T121/><D121/><U66/><E130/><V126/><F128/><W2/><G78/><T0/><D0/><U14/><E14/><V36/><F20/><W5/><G129/><T115/><D115/><U51/><E51/><V8/><F8/><W69/><G2/><T38/><D38/><U46/><E66/><V58/><F22/><W112/><G112/><T43/><D45/><U95/><E95/><V132/><F126/><W77/><G77/><T31/><D6/><U86/><E86/><V11/><F124/><W79/><G79/><T55/><D55/><U113/><E113/><V104/><F104/><W89/><G89/><T111/><D15/><U68/><E68/><V1/><F98/><W135/><G135/><T54/><D54/><U65/><E65/><V102/><F132/><W99/><G99/><T85/><D85/><U131/><E133/><V107/><F107/><W75/><G75/><T27/><D27/><U71/><E71/><V122/><F40/><W16/><REACH who="3" step="1"/><G4/><REACH who="3" ten="315,466,153,46" step="2"/><T29/><D110/><U134/><E131/><V21/><F108/><N who="0" m="41546" /><D43/><U28/><E134/><V92/><F122/><RYUUKYOKU ba="1,2" sc="315,-10,466,-10,153,-10,46,30" hai3="5,9,12,13,16,23,60,62,63,67,69,84,91" /><INIT seed="7,2,2,2,5,80" ten="305,456,143,76" oya="3" hai0="124,13,4,32,3,68,27,20,61,12,58,22,132" hai1="72,126,47,122,96,107,71,86,78,70,31,24,74" hai2="90,92,128,8,79,66,28,99,30,94,44,11,120" hai3="87,42,127,53,129,39,62,45,2,77,100,98,10"/><W121/><G121/><T67/><D132/><U88/><E126/><V19/><F128/><W116/><G116/><T37/><D37/><U1/><E1/><V26/><F120/><W6/><G127/><T82/><D124/><U60/><E60/><V65/><F79/><W110/><G129/><T54/><D82/><N who="1" m="45383" /><E74/><V81/><F81/><W56/><G110/><T34/><D3/><U112/><E47/><V21/><F44/><W41/><G41/><T134/><D134/><U51/><E51/><V23/><F94/><W7/><G7/><T135/><D22/><N who="1" m="15767" /><E112/><V49/><F49/><W85/><REACH who="3" step="1"/><G77/><REACH who="3" ten="305,456,143,66" step="2"/><T18/><D135/><U123/><E123/><V84/><F30/><W0/><G0/><T83/><D4/><U25/><E122/><V40/><F40/><W5/><G5/><T38/><D38/><U117/><E117/><V33/><F33/><W16/><G16/><T9/><D34/><U103/><E25/><N who="2" m="14527" /><F99/><W89/><G89/><T91/><D32/><U125/><E125/><V29/><F29/><W52/><G52/><T50/><D27/><U106/><E88/><V14/><F14/><W46/><G46/><T36/><D36/><U55/><E55/><V114/><F114/><W102/><G102/><T64/><D13/><U115/><E115/><V105/><F105/><AGARI ba="2,3" hai="2,6,10,39,42,45,53,56,62,85,87,98,100,105" machi="105" ten="30,11600,0" yaku="1,1,7,1,52,2,53,0" doraHai="80" doraHaiUra="111" who="3" fromWho="2" sc="305,0,456,0,143,-122,66,152" /><INIT seed="7,3,0,5,0,107" ten="305,456,21,218" oya="3" hai0="101,49,6,85,68,43,62,59,44,116,14,130,38" hai1="132,21,135,33,65,123,118,22,114,64,12,40,67" hai2="24,127,115,128,99,111,8,37,5,9,66,93,80" hai3="23,95,79,82,134,90,112,89,42,45,54,117,106"/><W60/><G117/><T113/><D116/><U83/><E123/><V55/><F128/><W71/><G106/><T91/><D130/><U35/><E114/><V63/><F127/><W50/><G112/><T98/><D113/><U133/><E118/><V81/><F111/><W110/><G134/><T28/><D28/><U29/><E40/><V19/><F37/><W3/><G3/><T125/><D125/><U92/><E92/><V124/><F66/><W131/><G131/><T30/><D30/><U121/><E121/><V78/><F124/><W57/><G110/><T122/><D122/><U36/><E36/><V73/><F115/><W87/><G71/><T94/><D68/><U96/><E96/><V20/><F5/><W61/><G61/><T46/><D6/><U13/><E83/><V7/><F7/><W97/><REACH who="3" step="1"/><G23/><REACH who="3" ten="305,456,21,208" step="2"/><T126/><D126/><U48/><E21/><V103/><REACH who="2" step="1"/><F81/><REACH who="2" ten="305,456,11,208" step="2"/><W102/><AGARI ba="3,2" hai="42,45,50,54,57,60,79,82,87,89,90,95,97,102" machi="102" ten="20,18000,2" yaku="1,1,2,1,0,1,7,1,8,1,53,1" doraHai="107" doraHaiUra="77" who="3" fromWho="3" sc="305,-63,456,-63,11,-63,208,209" owari="242,-16.0,393,19.0,-52,-55.0,417,52.0" /></mjloggm>