<mjloggm ver="2.3"><GO type="169" lobby="0"/><UN n0="%E6%98%AF%E6%94%BF%E3%81%AE%E5%A4%95%E9%99%BD" n1="%6B%6F%6D%69" n2="%E6%BC%82%E3%81%86" n3="%E3%81%8D%E3%82%88%E3%81%97%E3%81%BE%E3%82%8B" dan="16,16,16,16" rate="2139.63,2146.03,2031.52,2102.94" sx="M,M,M,F"/><TAIKYOKU oya="0"/><INIT seed="0,0,0,4,0,48" ten="250,250,250,250" oya="0" hai0="14,135,23,61,51,125,31,50,53,74,13,84,58" hai1="9,39,67,93,64,83,4,78,26,41,133,126,95" hai2="116,8,28,49,117,24,103,113,114,30,27,60,87" hai3="129,25,104,118,70,15,40,82,127,52,66,132,63"/><T124/><D74/><U56/><E133/><V92/><F60/><W0/><G0/><T37/><D37/><U121/><E121/><V94/><F49/><W90/><G118/><N who="2" m="45673" /><F8/><W54/><G104/><T115/><D115/><N who="2" m="44042" /><F87/><N who="3" m="50551" /><G40/><T12/><D135/><U38/><E126/><N who="0" m="48745" /><D84/><U120/><E120/><V85/><F85/><W69/><G69/><T34/><D34/><U3/><E26/><AGARI ba="0,0" hai="12,13,14,23,26,31,50,51,53,58,61" m="48745" machi="26" ten="30,2900,0" yaku="18,1,52,1" doraHai="48" who="0" fromWho="1" sc="250,29,250,-29,250,0,250,0" /><INIT seed="0,1,0,2,2,76" ten="279,221,250,250" oya="0" hai0="126,27,58,59,33,112,18,53,79,134,91,114,90" hai1="65,71,51,94,83,4,0,122,124,130,77,133,52" hai2="39,85,98,82,119,20,88,41,132,64,93,107,40" hai3="113,74,63,32,80,60,120,16,22,97,115,9,5"/><T106/><D106/><U84/><E122/><V3/><F3/><W135/><G120/><T54/><D126/><U105/><E105/><V121/><F121/><W29/><G135/><T19/><D33/><U87/><E133/><V25/><F132/><W46/><G97/><T24/><D134/><U103/><E124/><V102/><F119/><W48/><G29/><T116/><REACH who="0" step="1"/><D79/><REACH who="0" ten="269,221,250,250" step="2"/><U2/><E77/><V23/><F39/><W31/><G32/><T13/><D13/><U38/><E38/><V95/><F107/><W70/><G115/><T81/><D81/><U37/><E83/><V109/><F109/><W43/><G80/><T36/><D36/><U8/><E37/><V47/><F95/><W45/><G113/><T14/><D14/><U35/><E35/><V128/><F128/><W100/><G74/><T30/><D30/><U68/><E94/><V96/><F96/><W1/><G31/><T111/><D111/><U108/><E108/><V78/><F78/><W125/><G125/><T62/><D62/><U127/><E130/><V15/><F15/><W21/><G63/><T7/><D7/><U72/><E4/><V17/><F25/><W67/><G60/><T12/><D12/><U50/><E127/><V61/><F17/><W110/><G16/><T10/><D10/><U57/><E72/><V104/><F104/><W44/><G110/><T11/><D11/><U66/><E8/><V34/><F34/><W117/><G9/><T28/><D28/><U123/><E123/><V99/><F99/><W73/><G5/><T26/><D26/><U86/><E2/><RYUUKYOKU ba="1,1" sc="269,30,221,-10,250,-10,250,-10" hai0="18,19,24,27,53,54,58,59,90,91,112,114,116" /><INIT seed="0,2,1,5,4,56" ten="299,211,240,240" oya="0" hai0="63,91,25,55,96,99,124,134,81,117,110,10,50" hai1="52,106,86,36,69,112,19,109,28,38,108,100,4" hai2="18,48,120,53,129,12,22,88,14,122,83,11,37" hai3="54,70,92,103,77,1,21,6,9,59,75,16,130"/><T115/><D117/><U93/><E112/><V128/><F37/><W97/><G70/><T51/><D115/><U24/><E69/><V3/><F3/><W74/><G77/><T2/><D124/><U44/><E4/><V27/><F120/><W45/><G45/><T80/><D134/><U62/><E19/><V49/><F122/><W107/><G107/><T13/><D2/><U131/><E131/><N who="2" m="50251" /><F53/><W121/><G121/><T15/><D25/><U104/><E104/><V65/><F65/><W60/><REACH who="3" step="1"/><G130/><REACH who="3" ten="299,211,240,230" step="2"/><T33/><D110/><U17/><E106/><V58/><F58/><W116/><G116/><T32/><D10/><U66/><E44/><V29/><F14/><AGARI ba="2,2" hai="1,6,9,14,16,21,54,59,60,74,75,92,97,103" machi="14" ten="30,7700,0" yaku="1,1,7,1,52,1,54,1,53,0" doraHai="56" doraHaiUra="133" who="3" fromWho="2" sc="299,0,211,0,240,-83,230,103" /><INIT seed="1,0,0,2,2,53" ten="299,211,157,333" oya="1" hai0="57,108,59,83,114,7,111,98,2,66,11,71,12" hai1="103,36,25,86,70,29,75,16,67,42,0,41,58" hai2="92,123,15,49,13,120,5,99,69,116,124,127,60" hai3="107,37,82,113,28,52,106,17,128,6,95,88,56"/><U85/><E75/><V87/><F116/><W18/><G113/><T110/><D114/><U84/><E70/><V20/><F87/><W27/><G37/><T105/><D83/><U34/><E0/><V46/><F120/><W129/><G82/><T23/><D71/><U115/><E115/><V62/><F123/><W4/><G18/><N who="0" m="10695" /><D66/><U21/><E103/><AGARI ba="0,0" hai="2,7,11,57,59,98,103,105,108,110,111" m="10695" machi="103" ten="30,3900,0" yaku="14,1,52,2" doraHai="53" who="0" fromWho="1" sc="299,39,211,-39,157,0,333,0" /><INIT seed="2,0,0,0,5,86" ten="338,172,157,333" oya="2" hai0="13,109,74,126,42,78,88,48,6,73,131,135,127" hai1="56,103,70,128,121,107,122,26,87,17,93,39,63" hai2="4,98,14,100,8,43,114,29,52,9,89,40,60" hai3="120,102,72,124,27,119,76,99,95,55,32,133,71"/><V11/><F114/><W80/><G71/><T106/><D78/><U10/><E70/><V82/><F29/><W66/><G66/><T97/><D109/><U77/><E39/><V59/><F11/><W47/><G119/><T90/><D131/><U65/><E128/><V68/><F68/><W101/><G120/><N who="1" m="46186" /><E107/><V84/><REACH who="2" step="1"/><F9/><REACH who="2" ten="338,172,147,333" step="2"/><W108/><G32/><T15/><D135/><U115/><E115/><V125/><F125/><N who="0" m="47626" /><D6/><U37/><E10/><V35/><F35/><W64/><G133/><T44/><D74/><U22/><E37/><V75/><F75/><W33/><G124/><T134/><D73/><U50/><E50/><V96/><F96/><W123/><G99/><T111/><D111/><U113/><E113/><V0/><F0/><W19/><G33/><T54/><D134/><U31/><E31/><V117/><F117/><W3/><G3/><T45/><D97/><N who="1" m="59823" /><E87/><V41/><F41/><W112/><G72/><T92/><D106/><AGARI ba="0,1" hai="4,8,14,40,43,52,59,60,82,84,89,98,100,106" machi="106" ten="30,11600,0" yaku="1,1,7,1,52,1,54,1,53,0" doraHai="86" doraHaiUra="91" who="2" fromWho="0" sc="338,-116,172,0,147,126,333,0" /><INIT seed="2,1,0,3,1,30" ten="222,172,273,333" oya="2" hai0="6,132,48,104,86,50,135,32,74,27,59,67,99" hai1="96,111,52,131,126,78,134,0,75,25,63,21,110" hai2="17,31,56,112,1,83,130,4,77,133,101,35,8" hai3="72,2,84,90,53,106,41,19,82,57,15,68,76"/><V73/><F112/><W10/><G68/><T124/><D74/><U62/><E0/><V61/><F133/><N who="0" m="51274" /><D124/><U3/><E134/><V34/><F130/><W45/><G106/><T24/><D27/><U11/><E131/><V5/><F5/><W60/><G2/><T91/><D6/><N who="1" m="1503" /><E96/><V43/><F31/><W123/><G123/><T29/><D67/><U38/><E38/><V97/><F17/><W7/><G72/><T127/><D59/><U98/><E98/><V69/><F43/><W85/><G85/><T22/><D22/><U107/><E126/><V118/><F118/><W121/><G121/><T115/><D127/><U12/><E25/><V42/><F42/><W64/><G19/><T55/><D55/><U103/><E52/><V119/><F119/><W95/><G64/><T40/><D40/><U105/><E21/><V114/><F114/><W120/><G120/><T54/><D54/><U46/><E46/><V108/><F108/><W39/><REACH who="3" step="1"/><G95/><REACH who="3" ten="222,172,273,323" step="2"/><N who="0" m="54775" /><D115/><U93/><E75/><V100/><F69/><W128/><G128/><T70/><D70/><U81/><E110/><V71/><F71/><W109/><G109/><T20/><D20/><U23/><E111/><V13/><F1/><W113/><G113/><T37/><D37/><U65/><E23/><V47/><F73/><W49/><G49/><T36/><D36/><U88/><E65/><V87/><F8/><W117/><G117/><T33/><D33/><U79/><E105/><V18/><F34/><W51/><G51/><N who="0" m="19499" /><D104/><U80/><E107/><V89/><F35/><W129/><G129/><T14/><D99/><RYUUKYOKU ba="1,1" sc="222,15,172,-15,273,-15,323,15" hai0="14,24,29,32" hai3="7,10,15,39,41,45,53,57,60,76,82,84,90" /><INIT seed="3,2,1,5,4,49" ten="237,157,258,338" oya="3" hai0="31,20,7,54,67,38,22,17,41,50,69,65,58" hai1="132,10,134,60,115,48,109,3,8,85,76,128,110" hai2="108,86,32,2,123,30,117,81,57,103,1,91,120" hai3="126,125,98,127,131,4,99,39,111,29,97,106,9"/><W61/><G39/><T94/><D69/><U105/><E115/><V118/><F108/><N who="1" m="41577" /><E105/><V5/><F103/><W51/><G111/><T42/><D7/><U37/><E37/><V23/><F32/><W34/><G131/><T84/><D22/><U47/><E128/><V78/><F5/><W0/><G61/><T129/><D31/><U40/><E60/><V21/><F91/><W116/><G116/><T102/><D129/><U28/><E28/><V18/><F30/><W53/><G29/><T72/><D72/><U95/><E3/><V52/><F1/><W6/><G6/><T87/><D38/><U112/><E112/><V64/><F64/><W27/><G27/><T113/><D113/><U90/><E76/><V59/><F59/><N who="3" m="33215" /><G34/><T124/><D124/><N who="3" m="31745" /><W63/><DORA hai="135" /><G63/><T71/><D71/><U119/><E119/><V11/><F118/><W107/><AGARI ba="2,1" hai="0,4,9,97,98,99,106,107" m="31745,33215" machi="107" ten="50,18000,2" yaku="18,1,52,5" doraHai="49,135" who="3" fromWho="3" sc="237,-62,157,-62,258,-62,338,196" /><INIT seed="3,3,0,0,4,29" ten="175,95,196,534" oya="3" hai0="89,53,74,95,108,71,54,120,73,8,88,94,58" hai1="79,12,33,117,17,69,77,35,101,135,56,113,82" hai2="107,14,41,111,130,18,96,59,131,50,1,67,5" hai3="83,45,110,133,30,102,39,0,46,104,15,123,129"/><W49/><G0/><T19/><D71/><U26/><E113/><V114/><F114/><W62/><G123/><T32/><D120/><U20/><E69/><V92/><F107/><W122/><G122/><T2/><D108/><U43/><E135/><V121/><F121/><W112/><G83/><T31/><D2/><U16/><E117/><V25/><F111/><W60/><G15/><T10/><D19/><U64/><E101/><V115/><F115/><W132/><G30/><T23/><D31/><U87/><E43/><V13/><F1/><W99/><G112/><T27/><D58/><U124/><E124/><V40/><F130/><W116/><G129/><T37/><D23/><U65/><E79/><V78/><F78/><W44/><G116/><T21/><D21/><U47/><E47/><N who="3" m="17994" /><G39/><T134/><D37/><U6/><E6/><V105/><F105/><W125/><G125/><T103/><D103/><U76/><E76/><V38/><F38/><W84/><G84/><T91/><D91/><U109/><E109/><V128/><F128/><W63/><G110/><T48/><D27/><U106/><E106/><V4/><F25/><W51/><G46/><T70/><D70/><U66/><REACH who="1" step="1"/><E56/><REACH who="1" ten="175,85,196,534" step="2"/><V98/><F59/><W9/><G132/><T127/><D127/><U93/><E93/><V34/><F131/><W61/><G133/><T55/><D134/><U90/><E90/><V11/><F92/><W72/><G102/><T97/><D89/><U86/><E86/><V22/><F4/><W68/><G104/><T80/><D95/><U24/><E24/><V118/><F118/><RYUUKYOKU ba="3,1" sc="175,-10,85,30,196,-10,534,-10" hai1="12,16,17,20,26,33,35,64,65,66,77,82,87" /><INIT seed="4,4,1,0,1,79" ten="165,115,186,524" oya="0" hai0="126,18,102,99,64,58,77,101,4,48,60,7,57" hai1="35,112,113,31,86,122,40,55,22,96,73,97,111" hai2="93,114,10,69,16,38,6,129,71,94,3,44,78" hai3="76,52,25,85,106,42,56,61,74,45,30,127,104"/><T62/><D126/><U105/><E122/><V80/><F114/><N who="1" m="44137" /><E111/><V49/><F129/><W26/><G74/><T29/><D29/><U125/><E73/><V123/><F123/><W84/><G127/><T108/><D108/><U100/><E125/><V15/><F38/><W23/><G106/><T51/><D18/><U66/><E35/><V118/><F118/><W134/><G104/><T19/><D19/><U135/><E135/><V110/><F71/><W65/><G134/><T70/><D70/><U12/><E66/><V124/><F69/><W46/><G65/><T27/><D27/><N who="1" m="16887" /><E40/><V36/><F110/><W88/><G26/><T115/><D115/><U2/><E2/><V87/><F124/><W54/><G54/><T67/><D77/><U53/><E97/><AGARI ba="4,1" hai="4,7,48,51,57,58,60,62,64,67,97,99,101,102" machi="97" ten="25,4800,0" yaku="22,2,8,1" doraHai="79" who="0" fromWho="1" sc="165,70,115,-60,186,0,524,0" /><INIT seed="4,5,0,1,2,58" ten="235,55,186,524" oya="0" hai0="40,22,11,21,103,74,24,102,128,95,3,119,61" hai1="78,33,76,46,87,42,79,82,131,45,89,108,60" hai2="31,123,126,25,50,6,28,35,53,36,62,113,0" hai3="77,26,94,97,124,19,17,16,23,12,15,101,92"/><T49/><D74/><U14/><E108/><V127/><F36/><W39/><G39/><T9/><D119/><U7/><E33/><V67/><F123/><W100/><G124/><N who="2" m="47657" /><F31/><N who="3" m="17887" /><G77/><T27/><D128/><U32/><E32/><V30/><F30/><W57/><G57/><T90/><D3/><U1/><E1/><V5/><F0/><W29/><G29/><T37/><D37/><U54/><E131/><V107/><F107/><W105/><G105/><T69/><D49/><U106/><E106/><V38/><F38/><W99/><AGARI ba="5,0" hai="12,15,16,17,19,92,94,97,99,100,101" m="17887" machi="99" ten="30,2000,0" yaku="8,1,54,1" doraHai="58" who="3" fromWho="3" sc="235,-15,55,-10,186,-10,524,35" /><INIT seed="5,0,0,3,2,30" ten="220,45,176,559" oya="1" hai0="126,82,103,73,110,93,4,56,111,104,51,9,12" hai1="11,15,8,31,78,123,107,20,2,118,35,5,52" hai2="128,34,64,130,33,117,40,23,98,114,95,108,25" hai3="122,120,70,29,28,94,131,44,38,61,45,53,60"/><U106/><E78/><V24/><F117/><W72/><G72/><T59/><D104/><U46/><E118/><V50/><F108/><W41/><G94/><T113/><D73/><U32/><E123/><V92/><F64/><N who="3" m="41223" /><G28/><T83/><D113/><U87/><E87/><V1/><F1/><W115/><G29/><T80/><D126/><U16/><E20/><V134/><F134/><W19/><G19/><T67/><D110/><U63/><E31/><V96/><F114/><W3/><G3/><T6/><D6/><U18/><E18/><V75/><F75/><W112/><G131/><N who="2" m="50217" /><F50/><N who="3" m="28871" /><G61/><N who="0" m="38311" /><D111/><U89/><E89/><V105/><F105/><W69/><G69/><T76/><D76/><U91/><E91/><V22/><F22/><W68/><G68/><T102/><D93/><U81/><E81/><V100/><F23/><W88/><G88/><T77/><D77/><U27/><E63/><V48/><F24/><W97/><G97/><T7/><D7/><U36/><E27/><V116/><F116/><W42/><G42/><T129/><D129/><U14/><E2/><V10/><F25/><W109/><G109/><T21/><D21/><U121/><E121/><AGARI ba="0,0" hai="38,41,45,112,115,120,121,122" m="28871,41223" machi="121" ten="30,2000,0" yaku="34,2" doraHai="30" who="3" fromWho="1" sc="220,0,45,-20,176,0,559,20" /><INIT seed="6,0,0,1,1,15" ten="220,25,176,579" oya="2" hai0="92,42,131,9,33,62,118,88,57,29,121,53,106" hai1="104,119,36,34,28,64,27,96,63,14,6,124,73" hai2="3,87,114,89,1,54,23,78,107,112,71,120,105" hai3="16,135,80,59,85,48,32,43,67,79,55,109,125"/><V95/><F71/><W115/><G32/><T117/><D106/><U68/><E119/><N who="0" m="45577" /><D131/><U60/><E124/><V40/><F120/><W81/><G85/><N who="0" m="52239" /><D121/><U58/><E36/><V128/><F128/><W8/><G55/><T47/><D9/><U90/><E73/><V98/><F40/><W45/><G48/><N who="0" m="26743" /><D29/><U12/><E6/><V39/><F39/><W66/><G80/><T38/><D38/><U56/><E90/><V70/><F54/><W69/><G59/><T17/><D17/><U108/><E108/><V75/><F70/><W76/><G66/><T24/><D24/><U51/><E51/><V61/><F61/><W122/><G67/><T26/><D26/><U127/><E127/><V41/><F41/><W133/><G43/><T19/><D19/><U22/><E63/><V30/><F30/><W72/><G69/><T52/><D53/><U5/><E5/><V46/><F105/><W111/><G109/><T91/><D91/><U0/><E0/><V82/><F46/><W11/><G111/><T101/><D101/><U84/><E84/><V77/><F77/><W83/><G79/><T86/><D86/><U37/><E37/><V31/><F31/><W100/><G76/><T25/><D25/><U99/><E99/><V65/><F65/><W94/><G72/><T134/><D134/><U21/><E21/><V7/><F23/><W126/><G122/><T50/><D62/><U44/><E44/><V35/><F35/><AGARI ba="0,0" hai="33,35,50,52,57" m="26743,52239,45577" machi="35" ten="30,3900,0" yaku="12,1,54,2" doraHai="15" who="0" fromWho="2" sc="220,39,25,0,176,-39,579,0" /><INIT seed="7,0,0,4,3,51" ten="259,25,137,579" oya="3" hai0="49,57,52,101,97,90,130,106,7,112,80,13,22" hai1="119,41,23,82,126,76,0,124,129,28,109,67,61" hai2="96,77,55,58,102,46,4,118,14,103,100,72,110" hai3="34,71,74,114,54,85,2,122,44,73,36,30,24"/><W1/><G44/><T121/><D130/><U116/><E0/><V98/><F118/><N who="1" m="45097" /><E28/><V20/><F110/><W48/><G85/><T108/><D108/><U50/><E23/><V78/><F72/><W38/><G48/><T60/><D121/><U104/><E109/><V105/><F46/><W133/><G24/><T21/><D112/><U81/><E104/><V92/><F103/><W94/><G94/><T115/><D115/><U95/><E95/><V59/><F59/><W29/><G30/><T53/><D80/><U56/><E76/><V107/><F92/><W9/><G29/><T17/><D90/><U27/><E27/><V120/><F120/><W68/><G9/><T70/><D70/><U47/><E81/><V65/><F65/><W127/><G71/><T40/><D40/><U5/><E5/><V39/><F39/><W75/><G68/><T125/><D7/><U12/><E12/><V111/><F111/><W86/><G38/><T18/><D125/><N who="1" m="48235" /><E82/><V31/><F31/><W99/><G36/><T83/><D83/><U25/><E25/><V3/><F3/><W11/><G1/><T131/><D18/><U89/><E89/><V15/><F15/><W26/><G2/><T87/><D22/><U128/><E129/><V66/><F4/><W88/><G74/><T79/><D131/><U33/><E128/><V8/><F20/><W63/><G75/><T132/><D79/><U16/><E33/><V135/><F77/><W62/><G73/><T35/><D87/><U91/><E91/><V45/><F78/><W84/><G127/><T117/><D35/><RYUUKYOKU ba="0,0" sc="259,-10,25,30,137,-10,579,-10" hai1="16,41,47,50,56,61,67" owari="249,5.0,55,-44.0,127,-27.0,569,66.0" /></mjloggm>