<mjloggm ver="2.3"><GO type="169" lobby="0"/><UN n0="%E9%98%BF%E9%83%A8%E5%AF%9B%EF%BC%A0%E9%B3%B3%E5%8D%93" n1="%E5%B1%B1%E6%9C%AC%E6%83%A3%E4%B8%80%E6%9C%97" n2="%E3%82%B4%E3%83%AA%E3%83%91%E3%83%A9" n3="%33%6E%6F%6D%79%5F%64%73" dan="16,17,16,16" rate="2079.45,2177.32,2116.37,2125.23" sx="F,M,M,M"/><TAIKYOKU oya="0"/><INIT seed="0,0,0,2,0,4" ten="250,250,250,250" oya="0" hai0="47,10,129,50,95,58,126,1,18,113,26,93,15" hai1="124,130,5,14,86,46,80,90,6,116,57,133,55" hai2="74,20,56,96,65,110,118,31,29,34,32,8,114" hai3="131,16,52,119,76,70,0,25,97,105,99,66,51"/><T100/><D113/><U87/><E116/><V19/><F74/><W72/><G119/><T84/><D126/><U67/><E124/><V2/><F96/><W117/><G117/><T22/><D129/><U64/><E130/><V45/><F45/><W108/><G131/><T111/><D111/><U23/><E133/><V94/><F94/><W61/><G0/><T36/><D36/><U38/><E38/><V59/><F65/><W68/><G68/><T89/><D1/><U102/><E102/><V17/><F56/><W115/><G108/><T120/><D120/><U24/><E46/><V104/><F59/><W53/><G115/><T135/><D135/><U112/><E86/><V11/><F104/><W103/><G99/><N who="0" m="59519" /><D58/><U125/><E125/><V75/><F75/><W12/><G25/><T48/><D47/><U77/><E77/><V78/><F78/><W132/><G132/><T88/><D89/><U13/><E5/><AGARI ba="0,0" hai="5,10,15,18,22,26,48,50,84,88,93" m="59519" machi="5" ten="30,5800,0" yaku="8,1,52,1,54,1" doraHai="4" who="0" fromWho="1" sc="250,58,250,-58,250,0,250,0" /><INIT seed="0,1,0,1,2,18" ten="308,192,250,250" oya="0" hai0="85,41,72,29,71,35,90,28,38,39,118,50,56" hai1="7,58,106,124,17,25,47,80,101,54,16,12,91" hai2="65,105,134,117,83,37,129,103,107,1,45,23,78" hai3="93,20,119,5,109,111,84,132,67,98,82,21,79"/><T110/><D118/><U114/><E114/><V3/><F129/><W10/><G119/><T14/><D72/><U135/><E124/><V121/><F134/><W24/><G67/><T102/><D71/><U15/><E135/><V48/><F121/><W26/><G24/><T49/><D102/><U32/><E106/><V8/><F37/><W74/><G74/><T113/><D113/><U94/><E32/><V75/><F65/><W46/><G46/><T100/><D100/><U6/><E47/><V43/><F117/><W127/><G127/><T59/><D14/><U62/><E80/><V108/><F108/><N who="3" m="41547" /><G26/><T122/><D110/><U104/><E101/><V9/><F103/><N who="3" m="60879" /><G132/><T112/><D112/><U19/><E25/><V33/><F33/><W53/><G53/><T63/><D35/><U31/><E31/><V61/><F105/><W128/><G128/><T99/><D28/><U55/><E55/><V81/><F107/><W51/><G51/><T69/><D29/><U73/><E73/><V27/><F61/><W96/><G96/><T87/><D99/><N who="1" m="57823" /><E104/><V0/><REACH who="2" step="1"/><F81/><REACH who="2" ten="308,192,240,250" step="2"/><W60/><G60/><T86/><D122/><U76/><E76/><V52/><F52/><W126/><G126/><T120/><D120/><U42/><E42/><V13/><F13/><AGARI ba="1,1" hai="5,10,13,20,21,79,82,84" m="60879,41547" machi="13" ten="30,3900,0" yaku="14,1,52,2" doraHai="18" who="3" fromWho="2" sc="308,0,192,0,240,-42,250,52" /><AGARI ba="1,0" hai="6,7,12,13,15,16,17,19,54,58,62" m="57823" machi="13" ten="30,2000,0" yaku="8,1,54,1" doraHai="18" who="1" fromWho="2" sc="308,0,192,20,198,-20,302,0" /><INIT seed="1,0,0,3,0,8" ten="308,212,178,302" oya="1" hai0="0,3,118,54,57,101,104,9,59,19,135,112,42" hai1="67,119,51,5,15,53,11,86,134,129,110,44,82" hai2="46,133,20,33,125,102,109,62,17,115,98,52,92" hai3="94,61,89,74,76,40,127,10,87,41,2,128,37"/><U49/><E129/><V39/><F109/><W65/><G128/><T130/><D130/><U91/><E134/><V122/><F122/><W107/><G107/><T16/><D112/><U28/><E110/><V108/><F108/><W22/><G127/><T47/><D118/><U4/><E119/><V34/><F125/><W23/><G74/><T32/><D32/><U14/><E67/><V131/><F133/><W79/><G37/><T35/><D35/><U121/><E121/><V75/><F75/><W97/><G2/><T68/><D68/><U36/><E36/><V25/><F131/><W78/><G10/><T123/><D59/><U38/><E38/><V85/><F115/><W93/><G41/><T7/><D0/><U69/><E69/><V48/><F39/><W58/><REACH who="3" step="1"/><G40/><REACH who="3" ten="308,212,178,292" step="2"/><T64/><D135/><U1/><E4/><V71/><F71/><W132/><G132/><T13/><D3/><U84/><E28/><V106/><F106/><W88/><AGARI ba="0,1" hai="22,23,58,61,65,76,78,79,87,88,89,93,94,97" machi="88" ten="30,7900,0" yaku="1,1,0,1,8,1,54,1,53,0" doraHai="8" doraHaiUra="116" who="3" fromWho="3" sc="308,-20,212,-39,178,-20,292,89" /><INIT seed="2,0,0,0,4,13" ten="288,173,158,381" oya="2" hai0="124,95,121,8,75,52,41,130,84,61,32,20,24" hai1="23,93,34,18,128,96,26,105,134,27,28,107,127" hai2="118,113,6,123,47,71,97,89,80,70,12,81,125" hai3="30,110,114,111,15,83,14,0,91,4,3,100,132"/><V36/><F123/><W69/><G69/><T103/><D121/><U106/><E128/><V22/><F118/><W88/><G132/><T133/><D133/><U51/><E134/><V53/><F125/><W5/><G100/><T66/><D75/><U126/><REACH who="1" step="1"/><E51/><REACH who="1" ten="288,163,158,381" step="2"/><V115/><F115/><W64/><G114/><T48/><D130/><U58/><E58/><V44/><F113/><W85/><G111/><T92/><D48/><U86/><E86/><V29/><F70/><W119/><G110/><T55/><D84/><U72/><E72/><V102/><F71/><W77/><G85/><T108/><D108/><U2/><E2/><V35/><F36/><W40/><G0/><T117/><D117/><U38/><E38/><V94/><F44/><W98/><G3/><T54/><D124/><U46/><E46/><V73/><F73/><W37/><G37/><T76/><D61/><U45/><E45/><V112/><F112/><W78/><G119/><T7/><D41/><U62/><E62/><V57/><F47/><W101/><G40/><T25/><D54/><U63/><E63/><V67/><F53/><W19/><G64/><T33/><D66/><U59/><E59/><V49/><F49/><W99/><G78/><T120/><D52/><U17/><E17/><N who="2" m="10535" /><F57/><W50/><G77/><T122/><D55/><U82/><E82/><V116/><F67/><W135/><G83/><T131/><D131/><U11/><E11/><V42/><F42/><W90/><G50/><T129/><D129/><U39/><E39/><V104/><F116/><W43/><G135/><T109/><D120/><RYUUKYOKU ba="0,1" sc="288,-10,163,30,158,-10,381,-10" hai1="18,23,26,27,28,34,93,96,105,106,107,126,127" /><INIT seed="3,1,1,3,2,5" ten="278,193,148,371" oya="3" hai0="131,112,56,19,114,127,69,13,16,84,4,31,83" hai1="60,75,132,8,116,21,28,22,107,61,58,106,128" hai2="12,57,97,3,120,125,18,108,65,76,35,94,49" hai3="81,39,11,90,82,135,133,130,126,77,66,91,33"/><W105/><G33/><T43/><D131/><U117/><E128/><V26/><F108/><W32/><G130/><T37/><D69/><U23/><E75/><V111/><F111/><W54/><G32/><T52/><D31/><U123/><E123/><V25/><F125/><W59/><G39/><T46/><D127/><U2/><E28/><V63/><F3/><W48/><G105/><T101/><D101/><U124/><E124/><V14/><F35/><W41/><G41/><T47/><D47/><U45/><E45/><V7/><F76/><W74/><G126/><T6/><D19/><U95/><E95/><V1/><F1/><W103/><G103/><T87/><D4/><U129/><E129/><V10/><F49/><W93/><G66/><T88/><D84/><U134/><E22/><V100/><REACH who="2" step="1"/><F120/><REACH who="2" ten="278,193,138,371" step="2"/><W104/><G77/><T98/><D6/><U86/><E2/><V115/><F115/><W113/><G113/><T44/><D44/><U55/><E117/><V96/><F96/><W15/><G135/><T36/><D98/><U78/><E116/><V27/><F27/><W102/><G133/><T62/><REACH who="0" step="1"/><D37/><REACH who="0" ten="268,193,138,371" step="2"/><U122/><E122/><V29/><F29/><W20/><G102/><T73/><D73/><U119/><E134/><V68/><F68/><W92/><G74/><T70/><D70/><U50/><E119/><V85/><F85/><W42/><G104/><T71/><D71/><U34/><E106/><V72/><F72/><W109/><G109/><T110/><D110/><U118/><E132/><V0/><F0/><W17/><G42/><T80/><D80/><RYUUKYOKU ba="1,3" sc="268,15,193,-15,138,15,371,-15" hai0="13,16,36,43,46,52,56,62,83,87,88,112,114" hai2="7,10,12,14,18,25,26,57,63,65,94,97,100" /><INIT seed="4,2,3,4,2,55" ten="283,178,153,356" oya="0" hai0="99,91,97,88,114,0,107,38,4,58,1,92,89" hai1="135,7,33,111,131,10,60,101,34,49,12,29,104" hai2="23,18,41,65,6,133,116,8,74,43,48,66,121" hai3="30,124,82,35,28,84,63,26,25,96,22,81,50"/><T39/><D114/><U69/><E111/><V90/><F133/><W125/><G96/><T40/><D107/><U54/><E135/><V108/><F108/><W93/><G50/><T36/><D40/><U83/><E131/><V11/><F74/><W120/><G120/><T64/><D4/><U32/><E104/><V45/><F121/><W9/><G9/><N who="2" m="3657" /><F6/><W126/><G63/><T95/><REACH who="0" step="1"/><D89/><AGARI ba="2,3" hai="22,25,26,28,30,35,81,82,84,89,93,124,125,126" machi="89" ten="40,1300,0" yaku="18,1" doraHai="55" who="3" fromWho="0" sc="283,-19,178,0,153,0,356,49" /><INIT seed="5,0,0,1,2,107" ten="264,178,153,405" oya="1" hai0="103,52,15,16,77,124,115,117,112,63,101,13,128" hai1="110,27,37,133,35,127,72,80,74,65,25,33,18" hai2="3,81,24,75,22,116,113,64,56,119,129,62,94" hai3="21,69,111,19,14,73,68,120,36,61,50,30,20"/><U76/><E37/><V0/><F129/><W46/><G111/><T6/><D117/><U34/><E110/><V78/><F113/><N who="0" m="43594" /><D128/><U26/><E127/><V1/><REACH who="2" step="1"/><F94/><REACH who="2" ten="264,178,143,405" step="2"/><W108/><G108/><T123/><D124/><U96/><E133/><V60/><F60/><W12/><G61/><T51/><D63/><U47/><E65/><V132/><F132/><W7/><G69/><T104/><D104/><U79/><E47/><V114/><F114/><W90/><G46/><T39/><D123/><U4/><E4/><V122/><F122/><W49/><G7/><T23/><D39/><U8/><E96/><V45/><F45/><W118/><G68/><T100/><D77/><U131/><E131/><V121/><F121/><W48/><G36/><T31/><D6/><U9/><E18/><AGARI ba="0,1" hai="0,1,3,18,22,24,56,62,64,75,78,81,116,119" machi="18" ten="40,2600,0" yaku="1,1,52,1,53,0" doraHai="107" doraHaiUra="41" who="2" fromWho="1" sc="264,0,178,-26,143,36,405,0" /><INIT seed="6,0,0,1,2,81" ten="264,152,179,405" oya="2" hai0="32,89,101,106,124,121,2,62,16,1,90,52,116" hai1="43,11,3,102,112,30,92,125,73,114,4,133,17" hai2="68,95,59,66,115,23,135,49,47,77,27,35,79" hai3="86,45,76,83,64,20,14,28,19,40,61,53,82"/><V128/><F115/><N who="1" m="44073" /><E73/><V39/><F128/><W9/><G53/><T31/><D121/><U21/><E43/><V109/><F135/><W26/><G82/><T8/><D124/><U38/><E38/><V5/><F35/><W55/><G55/><T126/><D126/><U129/><E92/><V44/><F5/><W96/><G96/><T46/><D31/><U88/><E102/><V29/><F68/><W131/><G131/><T93/><D32/><U13/><E125/><V105/><F105/><W85/><G83/><T25/><D25/><N who="1" m="16687" /><E88/><V108/><F39/><W65/><G76/><N who="2" m="29257" /><F95/><W58/><G65/><T130/><D62/><U122/><E129/><V6/><F6/><W91/><G91/><T67/><D46/><U36/><E36/><AGARI ba="0,0" hai="9,14,19,20,26,28,36,40,45,58,61,64,85,86" machi="36" ten="30,3900,0" yaku="7,1,52,2" doraHai="81" who="3" fromWho="1" sc="264,0,152,-39,179,0,405,39" /><INIT seed="7,0,0,5,5,55" ten="264,113,179,444" oya="3" hai0="64,49,129,60,75,28,127,94,95,97,78,66,134" hai1="70,99,65,58,16,126,122,4,12,74,14,130,111" hai2="123,112,21,3,62,84,35,5,92,44,71,0,72" hai3="86,91,132,20,57,73,34,41,105,22,1,69,103"/><W33/><G1/><T87/><D75/><U104/><E111/><V90/><F35/><W63/><G41/><T43/><D127/><U45/><E126/><V7/><F72/><W32/><G69/><T29/><D129/><U46/><E130/><V131/><F131/><W40/><G40/><T76/><D134/><U11/><E74/><V51/><F112/><W31/><G31/><T80/><D78/><U36/><E70/><V27/><F123/><W50/><G50/><T61/><D49/><U26/><E26/><V89/><F3/><W119/><G119/><T53/><D43/><U100/><E36/><V121/><F0/><W15/><G15/><T124/><D53/><U82/><E122/><V52/><F121/><W24/><G24/><T13/><D13/><U116/><E116/><V79/><F79/><W117/><G33/><T93/><D97/><U128/><E128/><V109/><F109/><W98/><G98/><T101/><D101/><U88/><E82/><N who="2" m="49303" /><F62/><W110/><G32/><T68/><D124/><U102/><E88/><V30/><F71/><AGARI ba="0,0" hai="28,29,60,61,64,66,68,71,76,80,87,93,94,95" machi="71" ten="40,1300,0" yaku="9,1" doraHai="55" who="0" fromWho="2" sc="264,13,113,0,179,-13,444,0" owari="277,8.0,113,-39.0,166,-23.0,444,54.0" /></mjloggm>