<mjloggm ver="2.3"><GO type="169" lobby="0"/><UN n0="%E3%83%88%E3%82%B7%E3%83%95%E3%83%BC%E3%83%8B" n1="%E3%83%8E%E3%82%AA%E3%83%81%E3%83%A3%E3%83%99%E3%82%B9" n2="%E3%81%A8%E3%81%A9%E3%81%AF%E3%82%8B" n3="%6F%75%74%E7%A5%AD%E3%82%8A" dan="16,17,16,16" rate="2139.91,2203.47,2065.68,2188.30" sx="M,M,M,M"/><TAIKYOKU oya="0"/><INIT seed="0,0,0,1,5,83" ten="250,250,250,250" oya="0" hai0="92,45,113,108,43,7,93,9,40,38,130,101,3" hai1="71,66,56,73,10,127,30,11,86,76,79,126,122" hai2="53,94,48,90,39,36,116,28,59,50,6,114,14" hai3="80,129,15,84,5,100,35,119,81,25,67,12,107"/><T55/><D113/><U97/><E71/><V41/><F114/><W77/><G119/><T125/><D130/><U105/><E122/><V72/><F72/><W8/><G129/><T34/><D34/><U37/><E37/><V120/><F120/><W112/><G112/><T0/><D125/><U121/><E73/><V132/><F132/><W17/><G67/><T33/><D33/><U58/><E121/><V78/><F78/><W22/><G107/><T18/><D3/><U106/><E66/><V49/><F28/><W104/><G104/><T24/><D108/><U103/><E30/><V118/><F6/><W89/><G35/><T32/><D43/><U31/><E31/><V74/><F74/><W61/><G61/><T65/><D65/><U51/><E97/><V135/><F14/><W63/><G63/><T23/><D101/><U87/><E51/><N who="2" m="31167" /><F135/><W1/><REACH who="3" step="1"/><G100/><AGARI ba="0,0" hai="10,11,56,58,76,79,86,87,100,103,105,106,126,127" machi="100" ten="25,6400,0" yaku="22,2,52,2" doraHai="83" who="1" fromWho="3" sc="250,0,250,64,250,0,250,-64" /><INIT seed="1,0,0,4,2,123" ten="250,314,250,186" oya="1" hai0="124,96,90,7,98,30,25,108,27,62,112,81,42" hai1="59,47,11,34,133,63,58,125,56,73,3,69,126" hai2="120,20,82,68,70,115,0,134,8,61,106,4,44" hai3="38,76,97,1,105,79,17,86,49,37,77,65,23"/><U39/><E34/><V53/><F120/><W35/><G35/><T28/><D112/><U95/><E95/><V85/><F106/><W2/><G86/><T50/><D7/><U118/><E73/><V10/><F134/><W80/><G80/><T101/><D124/><N who="1" m="47723" /><E11/><V135/><F135/><W103/><G49/><T60/><D81/><U75/><E3/><V111/><F20/><W66/><G2/><T78/><D78/><U24/><E24/><V33/><F33/><W92/><G105/><T129/><D90/><U102/><E102/><V18/><F115/><W40/><G1/><T72/><D72/><U6/><E6/><V117/><F117/><W74/><G74/><T48/><D101/><U89/><E89/><V93/><F93/><W119/><G119/><T15/><D15/><U67/><E75/><V22/><F8/><W26/><REACH who="3" step="1"/><G40/><REACH who="3" ten="250,314,250,176" step="2"/><T107/><D107/><U122/><E118/><V100/><F85/><W130/><G130/><T114/><D114/><U46/><E133/><V16/><F82/><W87/><G87/><T94/><D129/><U43/><E122/><V5/><F0/><W13/><G13/><T83/><D83/><U131/><E131/><V12/><F12/><W91/><G91/><T21/><D94/><U116/><E116/><V71/><F100/><W54/><G54/><T113/><D113/><U121/><E121/><V110/><F53/><W64/><AGARI ba="0,1" hai="17,23,26,37,38,64,65,66,76,77,79,92,97,103" machi="64" ten="30,2000,0" yaku="1,1,0,1,53,0" doraHai="123" doraHaiUra="109" who="3" fromWho="3" sc="250,-5,314,-10,250,-5,176,30" /><INIT seed="2,0,0,1,5,106" ten="245,304,245,206" oya="2" hai0="44,49,76,61,100,96,111,73,83,54,5,11,10" hai1="19,32,95,58,63,29,85,65,127,91,87,36,130" hai2="128,0,16,116,99,51,71,68,23,28,134,41,3" hai3="129,14,90,92,8,62,52,47,101,79,98,12,37"/><V108/><F116/><W24/><G129/><T38/><D111/><U89/><E36/><V75/><F128/><W109/><G109/><T122/><D122/><U88/><E130/><V2/><F108/><W117/><G117/><T56/><D38/><U43/><E43/><V120/><F120/><W18/><G37/><T9/><D5/><U7/><E7/><V31/><F99/><W72/><G24/><T59/><REACH who="0" step="1"/><D61/><REACH who="0" ten="235,304,245,206" step="2"/><U74/><E127/><V110/><F110/><W4/><G62/><T119/><D119/><U104/><E63/><V118/><F118/><W13/><G101/><T81/><D81/><U53/><E65/><V82/><F134/><W135/><G135/><T26/><D26/><U20/><E32/><V94/><F82/><W48/><G4/><T133/><D133/><U42/><E29/><V45/><F31/><W80/><AGARI ba="0,1" hai="8,12,13,14,18,47,48,52,72,79,80,90,92,98" machi="80" ten="30,4000,0" yaku="0,1,52,1,54,1" doraHai="106" who="3" fromWho="3" sc="235,-10,304,-10,245,-20,206,50" /><INIT seed="3,0,0,0,3,67" ten="225,294,225,256" oya="3" hai0="115,121,3,69,112,24,54,85,123,84,104,116,58" hai1="126,99,133,86,103,8,27,97,10,17,52,107,109" hai2="118,40,51,135,38,79,7,108,5,127,42,2,49" hai3="106,26,41,6,74,30,73,90,47,105,48,36,111"/><W55/><G6/><T62/><D3/><U12/><E109/><V132/><F118/><W102/><G111/><T32/><D104/><U75/><E75/><V34/><F108/><W87/><G74/><T0/><D0/><U101/><E133/><N who="2" m="51275" /><F34/><W89/><G73/><T113/><D116/><U61/><E126/><V100/><F100/><W63/><G102/><T66/><D24/><U125/><E125/><V65/><F79/><W96/><G96/><T35/><D35/><U98/><E86/><N who="0" m="33385" /><D32/><U53/><E97/><V57/><F2/><W95/><G90/><T81/><D81/><U120/><E120/><V50/><F127/><W18/><G30/><T77/><D77/><U71/><E27/><V91/><F91/><W46/><G26/><T78/><D78/><U20/><E71/><V130/><F130/><W37/><G18/><T15/><D15/><U119/><E119/><V122/><F122/><W31/><G31/><T9/><D9/><U80/><E80/><V83/><F83/><W93/><G93/><T129/><D129/><U110/><E110/><V16/><F16/><W11/><G11/><T21/><D21/><U70/><E70/><V19/><F19/><W59/><G36/><T25/><D25/><U82/><E82/><V1/><F1/><W39/><G37/><T13/><D13/><U56/><REACH who="1" step="1"/><E53/><AGARI ba="0,0" hai="39,41,46,47,48,53,55,59,63,87,89,95,105,106" machi="53" ten="30,1500,0" yaku="7,1" doraHai="67" who="3" fromWho="1" sc="225,0,294,-15,225,0,256,15" /><INIT seed="3,1,0,0,0,96" ten="225,279,225,271" oya="3" hai0="24,48,94,12,118,108,32,10,37,49,35,27,90" hai1="57,15,84,89,91,83,85,104,82,62,45,47,127" hai2="63,92,34,20,126,77,43,31,65,125,128,93,40" hai3="102,72,76,46,60,25,21,33,16,36,66,107,78"/><W3/><G3/><T131/><D37/><U129/><E127/><N who="2" m="48651" /><F34/><W115/><G115/><T41/><D118/><U22/><E129/><V55/><F77/><W74/><G76/><T122/><D122/><U64/><E104/><V133/><F55/><W11/><G78/><T71/><D71/><U56/><E56/><N who="2" m="37095" /><F128/><W0/><G46/><T50/><D108/><U28/><REACH who="1" step="1"/><E15/><REACH who="1" ten="225,269,225,271" step="2"/><V75/><F133/><W86/><G107/><T38/><D131/><U135/><E135/><V23/><F75/><W8/><G74/><T6/><D35/><U114/><E114/><V110/><F110/><W87/><G72/><T5/><D32/><U130/><E130/><V30/><F30/><W119/><G33/><T14/><D14/><U79/><E79/><V1/><F1/><W113/><G0/><T4/><D41/><N who="2" m="15946" /><F31/><W105/><G113/><T67/><D12/><U42/><E42/><V100/><F93/><W109/><G105/><T80/><D94/><U68/><E68/><V132/><F132/><W103/><G109/><T73/><D73/><U58/><E58/><V39/><F39/><W99/><G36/><T13/><D38/><U97/><E97/><AGARI ba="1,1" hai="20,23,92,97,100" m="15946,37095,48651" machi="97" ten="30,2000,0" yaku="18,1,52,1" doraHai="96" who="2" fromWho="1" sc="225,0,269,-23,225,33,271,0" /><INIT seed="4,0,0,2,1,84" ten="225,246,258,271" oya="0" hai0="123,16,126,9,62,37,109,59,111,82,51,88,68" hai1="5,117,134,65,99,32,95,129,105,47,54,21,24" hai2="120,67,114,36,58,87,38,110,77,13,107,122,73" hai3="63,20,101,26,86,34,45,74,14,102,1,30,93"/><T6/><D123/><U94/><E32/><V83/><F110/><N who="0" m="41994" /><D37/><U106/><E117/><V89/><F107/><W7/><G74/><T79/><D126/><U50/><E129/><V80/><F114/><W61/><G1/><T69/><D51/><U15/><E134/><V78/><F78/><W121/><G102/><T49/><D49/><U56/><E95/><V76/><F76/><W11/><G34/><T127/><D127/><U23/><E65/><V48/><F13/><W29/><G30/><T42/><D42/><U116/><E116/><V75/><F75/><W135/><G135/><T133/><D133/><U108/><E108/><V60/><REACH who="2" step="1"/><F48/><REACH who="2" ten="225,246,248,271" step="2"/><W27/><G14/><N who="0" m="7247" /><D79/><U104/><E47/><V28/><F28/><W2/><G29/><T10/><D6/><U52/><E24/><V3/><F3/><W66/><G27/><T64/><D10/><U124/><E124/><V132/><F132/><W100/><G11/><T31/><D31/><U113/><E5/><V0/><F0/><W119/><G2/><T91/><D82/><U90/><E15/><V18/><F18/><W103/><G26/><T39/><D39/><AGARI ba="0,1" hai="36,38,39,58,60,67,73,77,80,83,87,89,120,122" machi="39" ten="40,2600,0" yaku="1,1,52,1,53,0" doraHai="84" doraHaiUra="128" who="2" fromWho="0" sc="225,-26,246,0,248,36,271,0" /><INIT seed="5,0,0,0,0,67" ten="199,246,284,271" oya="1" hai0="101,0,87,76,24,60,124,45,39,88,79,52,30" hai1="43,68,56,32,5,1,93,73,65,71,99,100,96" hai2="94,92,63,104,48,89,121,98,38,57,102,118,4" hai3="34,16,83,134,125,51,123,13,41,77,42,78,19"/><U49/><E73/><V7/><F118/><W26/><G123/><T132/><D0/><U97/><E32/><V22/><F38/><W84/><G134/><T6/><D132/><U131/><E131/><V37/><F37/><W75/><G125/><T72/><D72/><U114/><E114/><V82/><F82/><W119/><G119/><T130/><D124/><U85/><E100/><V66/><F121/><W2/><G2/><T122/><D122/><U116/><E116/><V91/><F104/><W128/><G128/><T81/><D130/><U86/><E5/><V106/><F106/><W109/><G109/><T135/><D135/><U120/><E1/><V108/><F108/><W35/><G75/><T129/><D129/><U17/><E120/><V110/><F110/><W70/><G13/><T18/><D6/><U14/><E65/><V31/><F48/><W12/><G51/><N who="0" m="28783" /><D39/><U50/><E50/><V112/><F112/><W117/><G12/><T15/><D60/><U95/><E95/><V27/><F91/><W21/><G83/><T28/><D101/><U47/><E56/><V113/><F113/><W103/><G103/><T74/><D74/><U46/><E46/><V9/><F9/><W44/><G44/><T53/><D53/><U115/><E115/><V25/><F27/><W105/><G26/><T107/><D107/><U80/><E93/><V29/><F29/><N who="0" m="11370" /><D24/><U90/><REACH who="1" step="1"/><E85/><AGARI ba="0,0" hai="4,7,22,25,31,57,63,66,85,89,92,94,98,102" machi="85" ten="30,7700,0" yaku="7,1,25,2,8,1" doraHai="67" who="2" fromWho="1" sc="199,0,246,-77,284,77,271,0" /><INIT seed="6,0,0,1,5,88" ten="199,169,361,271" oya="2" hai0="78,12,111,39,65,25,107,15,84,35,97,16,20" hai1="130,121,69,74,29,3,73,57,110,28,104,109,98" hai2="79,44,2,67,47,14,101,83,33,87,85,36,42" hai3="5,91,131,120,10,32,132,37,122,116,61,53,119"/><V103/><F2/><W49/><G37/><T8/><D39/><U52/><E69/><V11/><F33/><W96/><G32/><T38/><D38/><U82/><E3/><V18/><F47/><W63/><G10/><T66/><D111/><U26/><E121/><V89/><REACH who="2" step="1"/><F67/><REACH who="2" ten="199,169,351,271" step="2"/><W59/><G122/><T90/><D35/><U77/><E130/><V50/><F50/><W62/><G120/><T81/><D66/><U21/><E74/><V40/><F40/><W7/><G49/><T72/><D65/><U113/><E113/><V105/><F105/><W134/><G131/><T45/><D45/><U93/><E104/><V51/><F51/><W80/><G63/><T19/><D107/><U115/><E115/><V31/><F31/><W86/><G62/><T27/><REACH who="0" step="1"/><D97/><REACH who="0" ten="189,169,351,271" step="2"/><U99/><E99/><V43/><F43/><W13/><G96/><T76/><D76/><U55/><E29/><V102/><F102/><W135/><G119/><T94/><AGARI ba="0,2" hai="8,12,15,16,19,20,25,27,72,78,81,84,90,94" machi="94" ten="20,8000,1" yaku="1,1,0,1,7,1,52,1,54,1,53,0" doraHai="88" doraHaiUra="46" who="0" fromWho="0" sc="189,100,169,-20,351,-40,271,-20" /><INIT seed="7,0,0,0,4,6" ten="289,149,311,251" oya="3" hai0="100,10,48,28,75,103,14,32,73,70,84,117,38" hai1="96,63,120,54,41,118,67,90,81,26,30,0,34" hai2="53,9,89,82,7,76,24,12,124,79,27,130,74" hai3="44,110,125,42,5,134,93,55,78,131,98,91,127"/><W8/><G131/><T2/><D2/><U71/><E120/><V105/><F130/><W15/><G134/><T13/><D38/><U52/><E0/><V95/><F105/><W17/><G78/><T126/><D70/><U65/><E118/><V128/><F128/><W18/><G55/><T129/><D129/><U99/><E41/><V4/><F4/><W58/><G58/><T36/><D36/><U77/><E67/><V45/><F79/><W37/><REACH who="3" step="1"/><G110/><REACH who="3" ten="289,149,311,241" step="2"/><T94/><D117/><U132/><E132/><V57/><F124/><AGARI ba="0,1" hai="5,8,15,17,18,37,42,44,91,93,98,124,125,127" machi="124" ten="40,12000,1" yaku="1,1,2,1,18,1,52,1,53,0" doraHai="6" doraHaiUra="106" who="3" fromWho="2" sc="289,0,149,0,311,-120,241,130" owari="289,9.0,149,-35.0,191,-21.0,371,47.0" /></mjloggm>