<mjloggm ver="2.3"><GO type="169" lobby="0"/><UN n0="%E5%9C%9C%E7%94%B0%E6%B5%81%E7%89%8C%E6%89%8B" n1="%E3%81%82%E3%81%84%E3%81%82%E3%81%8A%E3%81%84" n2="%E3%81%9D%E3%82%93%E3%81%97%E6%A7%98" n3="%73%6F%63%63%68%79" dan="16,17,19,18" rate="2090.00,2243.59,2235.03,2239.01" sx="M,M,M,M"/><TAIKYOKU oya="0"/><INIT seed="0,0,0,1,2,63" ten="250,250,250,250" oya="0" hai0="18,126,4,52,85,100,75,43,93,45,76,34,111" hai1="15,29,21,16,10,35,86,17,56,112,54,82,79" hai2="24,37,129,115,87,40,110,97,132,130,105,71,13" hai3="94,0,74,26,89,46,59,114,134,107,11,68,90"/><T51/><D126/><U91/><E112/><V127/><F13/><W33/><G68/><T25/><D75/><U80/><E35/><V27/><F87/><W14/><G107/><T125/><D125/><U60/><E29/><V53/><F53/><W3/><G74/><T22/><D34/><U99/><E99/><V81/><F81/><W131/><G90/><T36/><D111/><U2/><E2/><V9/><F9/><W128/><G46/><T61/><D4/><U66/><E54/><V69/><F110/><W124/><G59/><N who="0" m="35047" /><D36/><U58/><E58/><V104/><F115/><W92/><G124/><T28/><D76/><U120/><E120/><V95/><F127/><W23/><G33/><T41/><D41/><U67/><E67/><V7/><F40/><W49/><G49/><T20/><D100/><U106/><E106/><V55/><F7/><W103/><G94/><T65/><D65/><U73/><REACH who="1" step="1"/><E21/><REACH who="1" ten="250,240,250,250" step="2"/><V6/><F55/><W109/><G114/><T117/><D22/><U121/><E121/><V5/><F105/><W123/><G123/><T39/><D39/><U48/><E48/><V30/><F37/><W78/><G109/><T102/><D117/><U44/><E44/><V122/><F104/><W70/><G3/><T101/><D28/><U72/><E72/><V31/><F122/><W116/><G0/><T64/><D64/><U118/><E118/><V32/><F32/><W119/><G116/><T133/><D133/><U98/><E98/><V8/><F132/><W47/><G134/><T38/><D38/><U50/><E50/><V57/><F97/><RYUUKYOKU ba="0,1" sc="250,15,240,15,250,-15,250,-15" hai0="18,20,25,43,45,51,85,93,101,102" hai1="10,15,16,17,56,60,66,73,79,80,82,86,91" /><INIT seed="0,1,1,2,3,75" ten="265,255,235,235" oya="0" hai0="112,10,36,34,57,73,85,32,20,130,72,47,39" hai1="23,107,55,9,118,113,58,64,40,132,0,33,106" hai2="51,16,70,122,60,104,11,91,50,41,116,79,90" hai3="46,108,110,54,66,117,68,7,131,22,93,83,111"/><T92/><D112/><U3/><E33/><V128/><F122/><W98/><G117/><T129/><D57/><U13/><E118/><V42/><F104/><W44/><G131/><N who="0" m="50187" /><D10/><U89/><E132/><V62/><F128/><W30/><G7/><T105/><D20/><U4/><E113/><V1/><F1/><W27/><G54/><T63/><D63/><U31/><E64/><V17/><F116/><W19/><G83/><T87/><D47/><U56/><E40/><V38/><F11/><W82/><G82/><T67/><D67/><U8/><E3/><V101/><F101/><W35/><G68/><T120/><D92/><U114/><E56/><V15/><F15/><W81/><G81/><T133/><D105/><U53/><E114/><V125/><F125/><W95/><G66/><T2/><D2/><U6/><E55/><V12/><F12/><W25/><REACH who="3" step="1"/><G95/><REACH who="3" ten="265,255,235,225" step="2"/><T134/><D120/><U24/><REACH who="1" step="1"/><E89/><AGARI ba="1,2" hai="19,22,25,27,30,35,44,46,89,93,98,108,110,111" machi="89" ten="40,8000,1" yaku="1,1,2,1,14,1,53,1" doraHai="75" doraHaiUra="84" who="3" fromWho="1" sc="265,0,255,-83,235,0,225,103" /><INIT seed="1,0,0,3,2,52" ten="265,172,235,328" oya="1" hai0="8,26,129,41,115,14,70,89,113,53,49,45,4" hai1="103,111,133,73,108,87,119,23,1,63,69,15,82" hai2="85,7,67,33,19,57,20,48,98,126,24,118,77" hai3="9,102,132,34,91,42,21,101,12,110,120,65,68"/><U40/><E1/><V18/><F118/><W79/><G34/><T47/><D70/><U93/><E119/><V107/><F126/><W121/><G42/><T39/><D129/><U62/><E73/><V88/><F7/><W16/><G79/><T32/><D32/><U0/><E0/><V11/><F33/><W80/><G110/><N who="1" m="42026" /><E40/><V86/><F77/><W6/><G132/><T17/><D4/><U123/><E123/><V46/><F107/><W38/><G38/><T134/><D26/><U78/><E69/><V112/><F112/><W44/><G44/><T30/><D30/><U128/><E133/><V92/><F46/><W5/><G5/><T64/><D64/><U25/><E15/><N who="2" m="7551" /><F48/><W51/><G51/><T74/><D74/><U60/><E128/><V55/><F55/><W54/><G54/><T13/><D13/><U36/><E36/><V31/><F31/><W66/><G66/><T125/><D134/><U99/><E63/><AGARI ba="0,0" hai="19,20,24,57,63,67,85,86,88,92,98" m="7551" machi="63" ten="30,3900,0" yaku="8,1,52,1,54,1" doraHai="52" who="2" fromWho="1" sc="265,0,172,-39,235,39,328,0" /><INIT seed="2,0,0,1,2,131" ten="265,133,274,328" oya="2" hai0="28,3,15,114,99,123,87,104,56,93,105,48,95" hai1="117,134,89,64,37,88,120,39,86,13,25,94,112" hai2="45,6,111,58,110,61,80,5,9,24,122,7,41" hai3="82,85,77,30,83,38,16,109,43,102,76,115,60"/><V17/><F80/><W40/><G109/><N who="2" m="41481" /><F122/><W31/><G115/><T84/><D3/><U73/><E112/><V11/><F24/><W90/><G102/><T65/><D28/><U81/><E117/><V22/><F22/><W27/><G60/><T36/><D36/><U44/><E120/><V52/><F17/><W8/><G90/><T126/><D65/><U116/><E116/><V63/><F63/><W75/><G38/><AGARI ba="0,0" hai="5,6,7,9,11,38,41,45,52,58,61" m="41481" machi="38" ten="30,5800,0" yaku="14,1,10,1,54,1" doraHai="131" who="2" fromWho="3" sc="265,0,133,0,274,58,328,-58" /><INIT seed="2,1,0,0,3,90" ten="265,133,332,270" oya="2" hai0="3,123,39,114,84,22,11,92,130,15,81,100,16" hai1="29,80,111,88,14,78,1,31,20,27,54,108,129" hai2="96,53,43,5,41,26,6,28,67,97,99,17,37" hai3="60,106,32,85,110,30,94,0,56,40,112,120,104"/><V103/><F17/><W74/><G74/><T98/><D123/><U118/><E1/><V132/><F132/><W35/><G0/><T48/><D39/><U47/><E118/><V9/><F67/><W2/><G2/><T113/><D130/><U128/><E47/><V86/><F103/><W69/><G69/><T55/><D3/><U33/><E54/><V91/><F53/><W133/><G40/><T59/><REACH who="0" step="1"/><D11/><REACH who="0" ten="255,133,332,270" step="2"/><U51/><E128/><V124/><F37/><W116/><G120/><T61/><D61/><U107/><E129/><V34/><F124/><W95/><G60/><T50/><D50/><U119/><E51/><V115/><F115/><W46/><G112/><T19/><D19/><U122/><E122/><V68/><F68/><W44/><G116/><T42/><D42/><U4/><E119/><V102/><F9/><W135/><G133/><T65/><D65/><U18/><E18/><V109/><F43/><W45/><G135/><T127/><D127/><U75/><E4/><V12/><F41/><W76/><G30/><T131/><D131/><U79/><E29/><V62/><F6/><W23/><G110/><T125/><D125/><U21/><E31/><V36/><F109/><W105/><G23/><T89/><AGARI ba="1,1" hai="15,16,22,48,55,59,81,84,89,92,98,100,113,114" machi="89" ten="20,8000,1" yaku="1,1,0,1,7,1,52,1,54,1,53,0" doraHai="90" doraHaiUra="117" who="0" fromWho="0" sc="255,93,133,-21,332,-41,270,-21" /><INIT seed="3,0,0,0,4,106" ten="348,112,291,249" oya="3" hai0="39,63,93,83,61,90,11,32,66,110,80,88,37" hai1="45,78,56,91,76,92,41,19,18,117,114,111,55" hai2="124,30,70,119,25,94,21,99,115,122,31,82,65" hai3="116,75,112,133,125,28,73,57,29,60,87,118,113"/><W126/><G87/><T42/><D32/><U59/><E114/><N who="3" m="44138" /><G57/><T69/><D11/><U53/><E111/><V101/><F119/><N who="3" m="45611" /><G60/><T129/><D110/><U98/><E117/><V130/><F115/><W71/><G71/><T85/><D129/><U64/><E64/><V12/><F130/><W48/><G48/><T8/><D8/><U67/><E67/><V44/><F44/><W40/><G40/><T128/><D128/><U16/><E45/><V51/><F51/><W9/><G9/><T24/><D42/><U22/><E41/><V33/><F65/><W84/><G84/><T96/><D63/><U100/><E100/><V17/><F70/><W120/><G120/><T95/><REACH who="0" step="1"/><D24/><REACH who="0" ten="338,112,291,249" step="2"/><U15/><E78/><V36/><F25/><W135/><G126/><T79/><D79/><U13/><E76/><V27/><F124/><W43/><G43/><T52/><D52/><N who="1" m="20043" /><E18/><V35/><F17/><W102/><G125/><T38/><AGARI ba="0,1" hai="37,38,39,61,66,69,80,83,85,88,90,93,95,96" machi="38" ten="30,8000,1" yaku="1,1,0,1,54,1,53,2" doraHai="106" doraHaiUra="77" who="0" fromWho="0" sc="338,90,112,-20,291,-20,249,-40" /><INIT seed="4,0,0,2,4,70" ten="428,92,271,209" oya="0" hai0="69,36,44,87,46,68,9,135,54,106,123,122,6" hai1="27,37,55,77,59,39,43,129,103,133,12,90,76" hai2="66,128,42,57,45,100,38,52,124,31,65,116,40" hai3="79,8,49,0,50,61,118,72,104,120,71,92,96"/><T107/><D87/><U119/><E119/><V29/><F116/><W93/><G104/><N who="0" m="39979" /><D54/><U85/><E103/><V131/><F124/><W91/><G120/><N who="0" m="46123" /><D135/><U30/><E133/><V115/><F115/><W14/><G0/><N who="0" m="199" /><D46/><U73/><E129/><N who="2" m="49739" /><F100/><W56/><G93/><T28/><D28/><N who="2" m="10826" /><F42/><AGARI ba="0,0" hai="36,42,44,68,69" m="199,46123,39979" machi="42" ten="30,2900,0" yaku="23,1,52,1" doraHai="70" who="0" fromWho="2" sc="428,29,92,0,271,-29,209,0" /><INIT seed="4,1,0,3,5,102" ten="457,92,242,209" oya="0" hai0="131,106,12,72,86,127,97,16,79,1,57,81,41" hai1="74,134,70,44,36,6,135,65,9,96,88,123,7" hai2="110,85,59,8,66,133,68,116,114,14,43,113,25" hai3="35,104,2,40,119,46,82,55,10,92,3,98,13"/><T78/><D1/><U109/><E109/><V90/><F110/><W118/><G35/><T31/><D31/><U77/><E123/><V124/><F124/><W73/><G55/><T129/><D127/><U17/><E17/><V99/><F133/><W100/><G92/><T122/><D41/><N who="1" m="22567" /><E65/><V45/><F68/><W120/><G120/><T80/><D122/><U58/><E58/><V83/><F116/><W5/><G13/><T42/><D42/><U26/><E26/><V101/><F25/><W22/><G22/><T105/><D57/><U18/><E18/><V89/><F89/><W84/><G3/><T48/><D48/><U126/><E70/><V19/><F66/><W62/><G62/><T54/><D54/><U21/><E21/><V50/><REACH who="2" step="1"/><F59/><REACH who="2" ten="457,92,232,209" step="2"/><W67/><G67/><T107/><REACH who="0" step="1"/><D97/><REACH who="0" ten="447,92,232,209" step="2"/><U121/><E126/><V115/><F115/><W30/><G98/><T11/><AGARI ba="1,2" hai="11,12,16,72,78,79,80,81,86,105,106,107,129,131" machi="11" ten="40,18000,2" yaku="1,1,2,1,0,1,52,3,54,1,53,0" doraHai="102" doraHaiUra="28" who="0" fromWho="0" sc="447,203,92,-61,232,-61,209,-61" /><INIT seed="4,2,0,2,0,72" ten="650,31,171,148" oya="0" hai0="95,35,1,89,78,75,33,9,59,11,36,25,102" hai1="43,105,52,50,46,96,131,14,109,27,53,114,51" hai2="8,122,98,42,70,117,110,111,74,76,40,101,30" hai3="82,55,129,49,28,6,29,127,104,92,38,135,106"/><T84/><D36/><U113/><E109/><V2/><F122/><W63/><G38/><T23/><D102/><U4/><E27/><V37/><F70/><W67/><G6/><T121/><D121/><U7/><E43/><V3/><F30/><W107/><G135/><T83/><D59/><U34/><E34/><V26/><F26/><W19/><G129/><T77/><D77/><U61/><E61/><V12/><F12/><W120/><G92/><T103/><D103/><U80/><E131/><V81/><F117/><W21/><G127/><T85/><D75/><U32/><E32/><V73/><F73/><W18/><G18/><T133/><D133/><U5/><E14/><V86/><F86/><W60/><G82/><T91/><D11/><U15/><E15/><V66/><F66/><W20/><G20/><T10/><D10/><U64/><E64/><V62/><F62/><W39/><G39/><T123/><D123/><U65/><E65/><V126/><F126/><W124/><G63/><T48/><D48/><U88/><E105/><N who="2" m="63671" /><F40/><W16/><G19/><T68/><D68/><U116/><E116/><V132/><F132/><W56/><G124/><T119/><D119/><U71/><E71/><V125/><F125/><W58/><REACH who="3" step="1"/><G120/><REACH who="3" ten="650,31,171,138" step="2"/><T134/><D134/><U99/><E80/><V100/><F37/><W115/><G115/><N who="1" m="44042" /><E88/><V57/><F81/><W31/><G31/><N who="0" m="17855" /><D91/><U94/><E94/><V112/><F112/><W118/><G118/><T79/><D35/><U44/><AGARI ba="2,1" hai="4,5,7,44,46,50,51,52,53,96,99" m="44042" machi="44" ten="30,4000,0" yaku="15,1,11,1,54,1" doraHai="72" who="1" fromWho="1" sc="650,-22,31,56,171,-12,138,-12" /><INIT seed="5,0,0,4,3,7" ten="628,87,159,126" oya="1" hai0="0,90,99,100,52,123,83,59,27,32,77,133,63" hai1="72,57,120,122,68,62,38,14,91,67,118,60,81" hai2="15,61,23,35,45,2,50,48,76,108,66,49,3" hai3="44,119,92,121,51,88,78,85,115,1,65,25,21"/><U5/><E38/><V70/><F108/><W12/><G121/><T98/><D0/><U127/><E118/><V53/><F35/><W43/><G1/><T9/><D133/><U80/><E127/><V114/><F114/><W132/><G132/><T11/><D32/><U111/><E111/><V47/><F76/><W33/><G115/><T87/><D27/><U124/><E124/><V36/><F36/><W79/><G33/><T31/><D31/><U97/><E97/><V13/><F49/><W22/><G119/><T46/><D123/><U64/><E91/><V17/><F15/><W40/><G65/><T19/><D19/><U94/><E94/><V101/><F101/><W26/><G43/><AGARI ba="0,0" hai="2,3,13,17,23,43,45,47,48,50,53,61,66,70" machi="43" ten="30,1000,0" yaku="7,1" doraHai="7" who="2" fromWho="3" sc="628,0,87,0,159,10,126,-10" /><INIT seed="6,0,0,4,4,124" ten="628,87,169,116" oya="2" hai0="106,115,121,23,28,120,27,76,24,26,36,99,13" hai1="2,133,82,53,110,40,73,93,85,4,65,12,48" hai2="15,74,30,6,10,102,97,59,58,66,105,75,125" hai3="103,114,101,61,112,78,111,129,64,84,119,55,17"/><V109/><F125/><W122/><G119/><T57/><D36/><U29/><E110/><V90/><F109/><W11/><G111/><T131/><D76/><U31/><E2/><V42/><F42/><W70/><G122/><T21/><D106/><U77/><E133/><V98/><F30/><W54/><G78/><T91/><D57/><U25/><E40/><V69/><F69/><W45/><G84/><T108/><D99/><U88/><E65/><V116/><F116/><W94/><G129/><T100/><D131/><U83/><E93/><V87/><F97/><N who="3" m="59575" /><G103/><T41/><D100/><U38/><E38/><V8/><F8/><W126/><G45/><T16/><D41/><U47/><REACH who="1" step="1"/><E25/><REACH who="1" ten="628,77,169,116" step="2"/><V5/><F66/><W71/><G126/><T49/><D108/><U86/><E86/><V52/><F87/><W113/><G71/><T43/><D91/><U18/><E18/><V72/><F90/><W118/><G118/><T95/><D95/><U123/><E123/><V39/><F39/><W68/><G68/><T32/><D115/><U7/><E7/><V63/><F5/><W0/><G17/><N who="0" m="10415" /><D43/><U46/><E46/><V19/><F6/><AGARI ba="0,1" hai="0,6,11,54,55,61,64,70,112,113,114" m="59575" machi="6" ten="30,2000,0" yaku="15,1,11,1" doraHai="124" who="3" fromWho="2" sc="628,0,77,0,169,-20,116,30" /><INIT seed="7,0,0,0,3,133" ten="628,77,149,146" oya="3" hai0="1,85,27,119,89,100,3,86,113,95,5,106,107" hai1="127,70,56,104,54,128,74,87,135,25,73,122,108" hai2="40,81,12,55,61,29,96,0,91,105,4,102,48" hai3="131,19,7,11,6,51,42,80,93,118,114,53,130"/><W79/><G118/><T18/><D119/><U22/><E108/><V38/><F29/><W46/><G114/><T83/><D5/><U39/><E122/><V57/><F0/><W59/><G19/><T58/><D58/><U78/><E104/><V21/><F38/><W64/><G93/><N who="0" m="54455" /><D27/><U35/><E35/><V16/><F4/><W82/><G64/><T117/><D1/><U116/><E116/><V68/><F68/><W37/><G82/><T28/><D3/><U49/><E135/><V20/><F20/><W14/><REACH who="3" step="1"/><G7/><REACH who="3" ten="628,77,149,136" step="2"/><T24/><D18/><U63/><E128/><V77/><F81/><W112/><G112/><T71/><D117/><U43/><E70/><V15/><F16/><W47/><G47/><T115/><D71/><U132/><E132/><V98/><F105/><W75/><AGARI ba="0,1" hai="6,11,14,37,42,46,51,53,59,75,79,80,130,131" machi="75" ten="30,6000,0" yaku="1,1,0,1,53,1" doraHai="133" doraHaiUra="36" who="3" fromWho="3" sc="628,-20,77,-20,149,-20,136,70" /><INIT seed="7,1,0,3,5,52" ten="608,57,129,206" oya="3" hai0="82,45,114,83,48,15,76,116,26,85,99,43,109" hai1="93,8,78,53,62,91,70,35,115,95,28,9,31" hai2="110,36,119,2,104,59,113,1,127,112,107,133,34" hai3="25,50,126,37,41,103,19,64,49,57,12,111,58"/><W77/><G126/><T40/><D109/><U120/><E120/><V46/><RYUUKYOKU type="yao9" ba="1,0" sc="608,0,57,0,129,0,206,0" hai2="1,2,34,36,46,59,104,107,110,112,113,119,127,133" /><INIT seed="7,2,0,3,5,52" ten="608,57,129,206" oya="3" hai0="29,108,99,131,50,47,68,94,101,120,112,98,32" hai1="38,59,48,37,54,33,60,63,79,135,24,30,64" hai2="115,103,13,9,36,75,21,17,45,78,124,107,130" hai3="27,69,109,89,18,77,25,57,114,58,86,51,71"/><W67/><G77/><T84/><D108/><U14/><E135/><V122/><F115/><W56/><G114/><T43/><D68/><U85/><E14/><V118/><F118/><W88/><G71/><T7/><D131/><U35/><E35/><V42/><F124/><W76/><G69/><T53/><D32/><U113/><E113/><V111/><F111/><W44/><G67/><T4/><D29/><U116/><E116/><V61/><F130/><W5/><G5/><T121/><D112/><U72/><E72/><V93/><F107/><W65/><G65/><T8/><D121/><U81/><REACH who="1" step="1"/><E60/><REACH who="1" ten="608,47,129,206" step="2"/><V55/><F61/><W133/><G133/><T28/><D120/><U11/><E11/><V2/><F122/><W15/><G15/><T106/><D28/><U80/><E80/><V134/><F134/><W83/><G83/><T1/><D7/><U22/><E22/><V129/><F129/><W95/><G109/><T132/><D132/><U126/><E126/><V92/><F21/><W104/><G27/><T26/><D26/><U20/><E20/><V23/><F23/><W105/><G25/><T34/><D34/><U66/><E66/><V100/><F13/><W74/><G74/><T16/><D16/><U123/><E123/><V87/><F17/><W119/><G119/><T90/><D99/><U91/><E91/><V6/><F9/><W12/><G89/><T96/><D98/><U125/><E125/><V102/><F6/><W10/><G18/><T3/><D43/><U49/><E49/><V117/><F117/><W73/><G12/><AGARI ba="2,1" hai="1,3,4,8,12,47,50,53,84,90,94,96,101,106" machi="12" ten="30,1000,0" yaku="7,1" doraHai="52" who="0" fromWho="3" sc="608,26,47,0,129,0,206,-16" owari="634,73.0,47,-45.0,129,-27.0,190,-1.0" /></mjloggm>