<mjloggm ver="2.3"><GO type="185" lobby="0"/><UN n0="%E6%84%9B%E3%81%A8%E6%AD%A3%E7%BE%A9" n1="%61%6E%64%6F%35%35" n2="%79%61%73%73%61%6E" n3="" dan="17,16,16,0" rate="2273.95,2170.09,2237.99,1500.00" sx="F,M,M,C"/><TAIKYOKU oya="0"/><INIT seed="0,0,0,3,5,62" ten="350,350,350,0" oya="0" hai0="57,87,67,115,78,105,112,52,74,56,107,69,38" hai1="75,97,60,43,44,70,63,85,126,109,80,61,121" hai2="76,124,46,68,123,59,130,127,36,92,116,45,104" hai3=""/><T122/><N who="0" m="31264" /><T39/><D74/><U135/><N who="1" m="31008" /><U42/><E75/><V89/><N who="2" m="31520" /><V119/><F104/><T79/><D87/><U86/><E109/><V40/><F68/><T108/><D108/><U33/><E33/><V98/><F130/><T94/><D94/><U128/><E128/><V3/><F76/><T1/><D1/><U96/><E126/><N who="2" m="48171" /><F3/><T93/><D93/><U64/><E135/><V71/><F71/><T53/><D69/><U55/><E85/><V90/><F59/><T101/><D101/><U125/><E55/><V47/><F90/><T91/><D91/><U129/><E43/><V66/><F66/><AGARI ba="0,0" hai="38,39,52,53,56,57,66,67,78,79,105,107,112,115" m="31264" machi="66" ten="25,18000,2" yaku="22,2,52,3,54,1" doraHai="62" who="0" fromWho="2" sc="350,180,350,0,350,-180,0,0" /><INIT seed="0,1,0,5,4,59" ten="530,350,170,0" oya="0" hai0="118,76,39,116,120,47,67,90,98,126,127,85,72" hai1="36,91,101,40,86,35,105,128,45,38,106,42,130" hai2="55,102,110,96,37,74,33,73,83,129,133,134,3" hai3=""/><T88/><N who="0" m="30752" /><T57/><D72/><U65/><E35/><V79/><F33/><T49/><D76/><U104/><E101/><V119/><F3/><T75/><D75/><U43/><E65/><V51/><F37/><T2/><D2/><U117/><E117/><V61/><F119/><T93/><D39/><U97/><E97/><V32/><F32/><T60/><D116/><U125/><E125/><N who="0" m="47625" /><D118/><U80/><REACH who="1" step="1"/><E45/><REACH who="1" ten="530,340,170,0" step="2"/><V95/><F74/><T69/><D69/><U46/><E46/><V115/><F73/><T135/><D135/><U100/><E100/><V77/><F102/><T114/><D114/><U56/><E56/><V58/><F134/><T62/><D57/><U112/><E112/><V113/><F115/><T122/><N who="0" m="31264" /><T71/><D67/><U89/><E89/><V48/><F113/><T103/><D71/><U87/><E87/><V54/><F133/><T44/><D44/><U124/><E124/><V94/><F58/><T81/><D103/><U0/><E0/><V131/><F96/><T63/><D63/><U121/><N who="1" m="31008" /><U92/><E92/><V50/><F61/><T108/><D108/><U84/><E84/><V82/><F110/><T123/><N who="0" m="31520" /><T109/><D109/><U66/><E66/><RYUUKYOKU ba="1,1" sc="530,10,340,10,170,-20,0,0" hai0="47,49,60,62,81,85,88,90,93,98" hai1="36,38,40,42,43,80,86,91,104,105,106,128,130" /><INIT seed="0,2,1,5,3,2" ten="540,350,150,0" oya="0" hai0="79,64,3,50,116,110,84,38,103,132,109,78,57" hai1="83,72,106,53,120,44,99,87,35,98,117,75,126" hai2="114,40,76,105,135,46,41,104,112,1,67,100,54" hai3=""/><T58/><D116/><U133/><N who="1" m="30752" /><U129/><E117/><V47/><F67/><T37/><D3/><U88/><E133/><V70/><F1/><T80/><D132/><U42/><E126/><V68/><F135/><T48/><D103/><U74/><E129/><V101/><REACH who="2" step="1"/><F54/><REACH who="2" ten="540,350,140,0" step="2"/><T60/><D64/><U92/><E53/><V131/><F131/><T85/><D80/><U61/><E35/><V82/><F82/><T127/><REACH who="0" step="1"/><D60/><REACH who="0" ten="530,350,140,0" step="2"/><U81/><E61/><V0/><F0/><T95/><D95/><U71/><E81/><V90/><F90/><T51/><D51/><U36/><E83/><V96/><F96/><T86/><D86/><U111/><E99/><V62/><F62/><T134/><D134/><U73/><E98/><V130/><F130/><T63/><D63/><U97/><E74/><V119/><F119/><T113/><D113/><U69/><E97/><V52/><F52/><T118/><D118/><U43/><E87/><V33/><F33/><T115/><D115/><U77/><E73/><V128/><F128/><T121/><N who="0" m="31008" /><T66/><D66/><U93/><E75/><V108/><F108/><T34/><D34/><U123/><E111/><V107/><F107/><T39/><D39/><U45/><E106/><RYUUKYOKU ba="2,3" sc="530,10,350,-20,140,10,0,0" hai0="37,38,48,50,57,58,78,79,84,85,109,110,127" hai2="40,41,46,47,68,70,76,100,101,104,105,112,114" /><INIT seed="0,3,3,3,4,40" ten="540,330,150,0" oya="0" hai0="65,76,128,134,39,68,37,85,70,89,50,106,32" hai1="58,101,47,74,119,115,112,52,127,110,117,82,107" hai2="1,129,46,81,35,77,80,98,83,114,88,105,118" hai3=""/><T99/><D32/><U67/><E107/><V125/><F35/><T78/><D134/><U90/><E101/><V95/><F1/><T43/><D128/><U96/><E110/><V79/><F114/><N who="1" m="43561" /><E127/><V84/><F125/><T104/><D99/><U113/><E67/><V111/><F111/><T3/><D65/><U69/><E69/><V42/><F129/><T63/><D3/><U33/><E33/><V124/><F124/><T62/><D89/><U123/><N who="1" m="31520" /><U38/><E113/><V49/><REACH who="2" step="1"/><F118/><REACH who="2" ten="540,330,140,0" step="2"/><T60/><D70/><U122/><N who="1" m="31264" /><U57/><E119/><V92/><F92/><T102/><D68/><U126/><E126/><V2/><F2/><T100/><D106/><U87/><E117/><V0/><F0/><T55/><D104/><U86/><E74/><V93/><F93/><T36/><D102/><AGARI ba="3,4" hai="42,46,49,77,79,80,81,83,84,88,95,98,102,105" machi="102" ten="40,5200,0" yaku="1,1,52,1,54,1,53,0" doraHai="40" doraHaiUra="132" who="2" fromWho="0" sc="540,-58,330,0,140,98,0,0" /><INIT seed="1,0,0,4,5,61" ten="482,330,238,0" oya="1" hai0="79,68,54,115,82,120,113,3,128,65,76,133,43" hai1="69,127,119,40,51,91,88,46,66,131,126,124,74" hai2="32,72,87,78,64,112,75,59,107,98,121,81,71" hai3=""/><U101/><E119/><V45/><N who="2" m="31008" /><V110/><F32/><T132/><N who="0" m="30752" /><T86/><D3/><U125/><N who="1" m="31744" /><DORA hai="104" /><U123/><N who="1" m="31520" /><U47/><E131/><V92/><F71/><T122/><N who="0" m="31264" /><T117/><D128/><U105/><E74/><V49/><F110/><T73/><D43/><U33/><E33/><V135/><F107/><T39/><D39/><U58/><E69/><V102/><F135/><N who="0" m="51786" /><D117/><U111/><E111/><V93/><F93/><T60/><D54/><U67/><E58/><V37/><F37/><T62/><D62/><U100/><E47/><V55/><F112/><N who="0" m="43082" /><D79/><U103/><E105/><V44/><F44/><T134/><D134/><U48/><E48/><V109/><F109/><T80/><D80/><U83/><E83/><V99/><F45/><T35/><D35/><U85/><E85/><AGARI ba="0,0" hai="60,65,68,73,76,82,85,86" m="43082,51786,31264,30752" machi="85" ten="30,8000,1" yaku="20,1,52,4" doraHai="61,104" who="0" fromWho="1" sc="482,80,330,-80,238,0,0,0" /><INIT seed="2,0,0,0,4,43" ten="562,250,238,0" oya="2" hai0="96,50,85,93,2,36,1,130,99,48,60,119,65" hai1="120,123,56,116,92,88,70,127,61,55,97,45,115" hai2="101,40,3,79,126,62,34,103,44,68,102,58,57" hai3=""/><V114/><F114/><T47/><D119/><U133/><N who="1" m="30752" /><U91/><N who="1" m="31520" /><U106/><E115/><V75/><F34/><T111/><D111/><U38/><E133/><V109/><F3/><T117/><D117/><U87/><E116/><V81/><F109/><T135/><D36/><U80/><E127/><V52/><F126/><T59/><D135/><U95/><E70/><V78/><F78/><T84/><D50/><U46/><E38/><V113/><F113/><T49/><D49/><U104/><REACH who="1" step="1"/><E92/><REACH who="1" ten="562,240,238,0" step="2"/><V131/><F68/><T33/><D93/><U86/><E86/><V0/><F0/><T98/><D33/><U64/><E64/><V110/><F110/><T82/><D85/><U112/><E112/><V53/><F131/><T134/><D130/><U67/><E67/><V89/><F75/><T108/><D134/><U129/><E129/><V100/><F81/><T74/><D74/><U124/><E124/><V71/><F71/><T41/><REACH who="0" step="1"/><D108/><REACH who="0" ten="552,240,238,0" step="2"/><U35/><E35/><V132/><F132/><T63/><D63/><U72/><E72/><V107/><F62/><T76/><AGARI ba="0,2" hai="1,2,41,47,48,59,60,65,76,82,84,96,98,99" machi="76" ten="30,5900,0" yaku="1,1,0,1,52,1,53,1" doraHai="43" doraHaiUra="54" who="0" fromWho="0" sc="552,79,240,-20,238,-39,0,0" /><INIT seed="4,0,0,2,1,73" ten="631,220,199,0" oya="0" hai0="93,76,0,63,92,45,97,101,123,67,61,94,124" hai1="68,87,70,81,32,88,54,121,85,65,107,62,86" hai2="96,95,43,78,98,38,33,131,110,117,58,47,1" hai3=""/><T52/><N who="0" m="31520" /><T108/><D0/><U134/><N who="1" m="31008" /><U114/><E32/><V41/><F110/><T105/><D108/><U34/><E34/><V128/><F1/><T80/><D124/><U113/><E107/><V111/><F111/><T118/><D118/><U84/><E134/><V135/><F135/><T99/><D99/><U72/><E72/><V91/><F117/><T36/><D67/><U89/><E68/><V53/><F43/><T50/><REACH who="0" step="1"/><D36/><REACH who="0" ten="621,220,199,0" step="2"/><U102/><E65/><V127/><F127/><T79/><D79/><U74/><E114/><V132/><F33/><T83/><D83/><U106/><E113/><V103/><F132/><T77/><D77/><U55/><E81/><V2/><F2/><T129/><D129/><U71/><E71/><V82/><F98/><T42/><D42/><U125/><E70/><V115/><F115/><T57/><D57/><U120/><E125/><V59/><F59/><T112/><D112/><U66/><E66/><V3/><F3/><T60/><D60/><U69/><E69/><V119/><F119/><T46/><D46/><U49/><E62/><V56/><F78/><T75/><AGARI ba="0,1" hai="45,50,52,61,63,75,76,80,92,93,94,97,101,105" m="31520" machi="75" ten="30,8000,1" yaku="1,1,0,1,52,2,54,1,53,0" doraHai="73" doraHaiUra="64" who="0" fromWho="0" sc="621,90,220,-40,199,-40,0,0" /><INIT seed="4,1,0,5,1,99" ten="711,180,159,0" oya="0" hai0="127,85,109,125,80,47,108,42,105,57,70,52,40" hai1="100,78,103,112,114,133,94,0,77,63,130,107,56" hai2="111,36,81,95,62,61,120,55,32,110,124,71,102" hai3=""/><T46/><D70/><U65/><E0/><V121/><N who="2" m="30752" /><V49/><N who="2" m="31008" /><V48/><F32/><T51/><D105/><U66/><E107/><V83/><F36/><T119/><D119/><U118/><E118/><V58/><F124/><N who="0" m="47690" /><D85/><U82/><E133/><V84/><F49/><T96/><D96/><U86/><E130/><V122/><N who="2" m="31264" /><V132/><F132/><T69/><D69/><U93/><E77/><V39/><F39/><T33/><D80/><U87/><E66/><V2/><F2/><T101/><D101/><N who="1" m="38987" /><E86/><V72/><F72/><T131/><D131/><U123/><N who="1" m="31520" /><U50/><E50/><V98/><F83/><T37/><D33/><U44/><E44/><V68/><F68/><T117/><D117/><U60/><E63/><AGARI ba="1,0" hai="37,40,42,46,47,51,52,57,63,108,109" m="47690" machi="63" ten="30,11600,0" yaku="18,1,34,2,54,1" doraHai="99" who="0" fromWho="1" sc="711,118,180,-118,159,0,0,0" /><INIT seed="4,2,0,0,4,58" ten="829,62,159,0" oya="0" hai0="100,98,134,34,45,66,43,35,73,113,56,120,75" hai1="86,57,117,123,33,41,69,79,60,52,1,119,116" hai2="111,133,32,106,72,124,90,3,37,127,64,126,46" hai3=""/><T110/><N who="0" m="30752" /><T118/><D118/><U130/><N who="1" m="31520" /><U80/><E33/><V2/><F111/><T67/><D110/><U103/><E1/><V114/><F32/><T87/><D113/><U92/><E69/><V88/><F114/><T121/><N who="0" m="31008" /><T62/><D134/><U39/><E130/><V83/><F106/><T108/><D108/><U70/><E70/><V115/><F64/><T0/><D0/><N who="2" m="42" /><F115/><T135/><D135/><U50/><E39/><V53/><F133/><T61/><D87/><U68/><E68/><V109/><F109/><T44/><D98/><U54/><E41/><V94/><F94/><T78/><D100/><U36/><E36/><V128/><F128/><T71/><D44/><U105/><E105/><V55/><F37/><T48/><D75/><U125/><E125/><V112/><F112/><T49/><D49/><U38/><E38/><V82/><F46/><T102/><D102/><U76/><E76/><V74/><F74/><T97/><D97/><U77/><E77/><V84/><F72/><T93/><D93/><U89/><E103/><V107/><F107/><T91/><D91/><N who="2" m="34858" /><F84/><T47/><D47/><U51/><REACH who="1" step="1"/><E54/><AGARI ba="2,0" hai="53,54,55,82,83,124,126,127" m="34858,42" machi="54" ten="40,8000,1" yaku="28,2,18,1,54,1" doraHai="58" who="2" fromWho="1" sc="829,0,62,-84,159,84,0,0" owari="829,78.0,-22,-62.0,243,-16.0,0,0.0" /></mjloggm>