<mjloggm ver="2.3"><GO type="185" lobby="0"/><UN n0="%E3%83%8F%E3%83%94%E3%83%AA%E3%83%83%E3%83%88" n1="%E3%81%84%E3%81%AC%E3%82%8F%E3%82%93" n2="%E5%A4%A7%E5%9B%9B%E5%96%9C%E6%B8%85%E8%80%81%E9%A0%AD" n3="" dan="17,16,16,0" rate="2227.45,2229.71,2165.12,1500.00" sx="M,M,M,C"/><TAIKYOKU oya="0"/><INIT seed="0,0,0,2,5,36" ten="350,350,350,0" oya="0" hai0="121,119,47,123,129,101,50,91,63,79,113,128,97" hai1="2,107,64,90,84,76,94,96,67,46,117,77,126" hai2="124,55,65,98,122,127,80,110,72,42,43,1,61" hai3=""/><T87/><N who="0" m="31008" /><T35/><N who="0" m="31520" /><T51/><D35/><U83/><E117/><V54/><N who="2" m="31264" /><V75/><F1/><T93/><D119/><U34/><E34/><V71/><F98/><T57/><D79/><U48/><E126/><N who="2" m="48171" /><F110/><T106/><D113/><U81/><E107/><V86/><F55/><T74/><D74/><N who="2" m="28202" /><F54/><T44/><D51/><U49/><E49/><V82/><F82/><T102/><D102/><U134/><E134/><V100/><F100/><T120/><N who="0" m="30752" /><T115/><D115/><U53/><REACH who="1" step="1"/><E2/><REACH who="1" ten="350,340,350,0" step="2"/><V108/><F108/><T41/><REACH who="0" step="1"/><D47/><REACH who="0" ten="340,340,350,0" step="2"/><U69/><E69/><V52/><F52/><AGARI ba="0,2" hai="41,44,50,52,57,63,87,91,93,97,101,106,128,129" m="30752,31520,31008" machi="52" ten="40,18000,2" yaku="1,1,2,1,52,4,54,1,53,0" doraHai="36" doraHaiUra="78" who="0" fromWho="2" sc="340,200,340,0,350,-180,0,0" /><INIT seed="0,1,0,3,4,86" ten="540,340,170,0" oya="0" hai0="54,115,74,56,95,129,104,135,81,102,65,133,67" hai1="128,103,90,120,37,82,32,71,109,72,131,52,132" hai2="75,42,59,93,112,40,78,76,43,123,44,39,3" hai3=""/><T57/><D104/><U119/><RYUUKYOKU type="yao9" ba="1,0" sc="540,0,340,0,170,0,0,0" hai1="32,37,52,71,72,82,90,103,109,119,120,128,131,132" /><INIT seed="0,2,0,5,0,38" ten="540,340,170,0" oya="0" hai0="90,88,106,64,91,65,0,33,107,35,128,99,130" hai1="120,96,134,119,135,41,51,53,114,40,63,82,60" hai2="42,121,50,68,71,78,122,133,81,129,34,95,83" hai3=""/><T108/><D0/><U103/><N who="1" m="30752" /><U79/><E119/><V115/><N who="2" m="31008" /><V73/><N who="2" m="31264" /><V49/><F34/><N who="0" m="12810" /><D99/><U45/><E114/><V112/><F95/><T2/><D2/><U70/><E70/><V109/><F78/><T93/><D93/><U104/><E63/><V57/><F57/><T125/><D125/><U76/><E60/><V66/><F66/><N who="0" m="25706" /><D108/><U56/><E56/><V116/><F109/><T132/><D132/><N who="1" m="50731" /><E79/><V32/><F133/><T52/><D52/><U59/><E59/><V124/><F112/><T54/><D54/><U3/><E3/><V74/><F115/><T102/><D102/><U62/><E62/><V110/><F110/><T126/><D126/><U113/><E113/><V86/><F124/><T55/><D55/><U77/><E77/><V123/><F32/><T39/><D39/><U118/><E118/><V84/><F116/><T44/><D44/><U127/><E127/><V105/><F123/><T1/><D1/><U100/><E103/><V97/><F71/><T61/><D61/><U101/><E100/><V69/><F68/><T131/><AGARI ba="2,0" hai="88,90,91,106,107,128,130,131" m="25706,12810" machi="131" ten="40,8000,1" yaku="28,2,19,1,54,1" doraHai="38" who="0" fromWho="0" sc="540,84,340,-42,170,-42,0,0" /><INIT seed="0,3,0,5,2,61" ten="624,298,128,0" oya="0" hai0="47,119,134,79,91,120,59,65,68,33,35,58,89" hai1="67,56,111,78,92,133,93,81,64,121,110,100,98" hai2="124,1,113,45,114,128,62,94,103,0,60,66,80" hai3=""/><T3/><N who="0" m="30752" /><T96/><D3/><U82/><N who="1" m="31008" /><U115/><E133/><V54/><F124/><T50/><D119/><U32/><E32/><V77/><F128/><T102/><D134/><U71/><E115/><V125/><F125/><T36/><D36/><U44/><E71/><V95/><F45/><T112/><D112/><U107/><E44/><V85/><F1/><T73/><D68/><U76/><E56/><V86/><F0/><T83/><D33/><U43/><E43/><V129/><F54/><T106/><D35/><U72/><E67/><V87/><F60/><T49/><D59/><U135/><E64/><V74/><F95/><N who="1" m="36425" /><E135/><V117/><F117/><T46/><D46/><U105/><E105/><V39/><F39/><T130/><D130/><U75/><AGARI ba="3,0" hai="72,75,76,78,81,82,98,100,107,110,111" m="36425,31008" machi="75" ten="30,3000,0" yaku="34,2,52,1" doraHai="61" who="1" fromWho="1" sc="624,-23,298,36,128,-13,0,0" /><INIT seed="1,0,0,4,5,3" ten="601,334,115,0" oya="1" hai0="75,34,96,129,72,60,73,82,108,86,103,114,116" hai1="84,62,41,121,120,123,79,130,64,48,49,125,100" hai2="95,94,83,112,65,99,77,40,43,32,85,35,36" hai3=""/><U63/><N who="1" m="30752" /><U118/><N who="1" m="31008" /><U42/><N who="1" m="31520" /><U87/><E118/><V55/><F112/><T110/><D34/><U92/><E125/><V101/><F65/><T70/><D70/><U81/><E130/><V90/><F55/><T1/><D1/><U58/><E63/><V0/><F0/><T47/><D47/><U127/><E127/><V71/><F71/><T61/><D114/><U2/><E2/><V126/><F126/><T135/><D129/><U105/><E105/><V91/><F91/><T119/><D135/><U117/><E117/><N who="0" m="45129" /><D60/><U51/><E87/><V33/><REACH who="2" step="1"/><F36/><REACH who="2" ten="601,334,105,0" step="2"/><T50/><D50/><U109/><E109/><N who="0" m="42089" /><D61/><U68/><REACH who="1" step="1"/><E68/><REACH who="1" ten="601,324,105,0" step="2"/><V98/><AGARI ba="0,2" hai="32,33,35,40,43,77,83,85,90,94,95,98,99,101" machi="98" ten="40,6000,1" yaku="1,1,0,1,52,3,53,0" doraHai="3" doraHaiUra="59" who="2" fromWho="2" sc="601,-20,324,-40,105,80,0,0" /><INIT seed="2,0,0,2,0,114" ten="581,284,185,0" oya="2" hai0="60,52,131,123,54,132,94,104,55,92,100,69,45" hai1="97,66,84,124,49,128,102,95,3,42,130,90,74" hai2="121,122,96,62,91,39,70,129,105,86,135,32,85" hai3=""/><V116/><N who="2" m="31008" /><V56/><N who="2" m="31264" /><V78/><F32/><T112/><N who="0" m="31520" /><T34/><D34/><U110/><E74/><V119/><F70/><T88/><D112/><U73/><E73/><V81/><F39/><T127/><D127/><U57/><E110/><V108/><F108/><T98/><D132/><U48/><E124/><V106/><F135/><T133/><D133/><U101/><E101/><V72/><F129/><N who="1" m="49769" /><E42/><V41/><F41/><T61/><D131/><U1/><E66/><V80/><F72/><T103/><D69/><U75/><E57/><V44/><F44/><T43/><D104/><N who="2" m="40042" /><F62/><T120/><N who="0" m="30752" /><T67/><D67/><U77/><E77/><V51/><F51/><N who="1" m="19529" /><E75/><V126/><F56/><T68/><D68/><U35/><E35/><V115/><F126/><T59/><D59/><U50/><N who="1" m="19537" /><U65/><DORA hai="71" /><E65/><V109/><F109/><T118/><D43/><U33/><E33/><V83/><F115/><T40/><D40/><U93/><AGARI ba="0,0" hai="1,3,84,90,93,95,97,102" m="19537,49769" machi="93" ten="40,1100,0" yaku="19,1" doraHai="114,71" who="1" fromWho="1" sc="581,-4,284,11,185,-7,0,0" /><INIT seed="4,0,0,0,4,55" ten="577,295,178,0" oya="0" hai0="54,97,34,36,104,92,134,42,107,105,47,115,89" hai1="95,120,49,64,125,100,72,98,48,103,129,43,106" hai2="127,58,41,124,44,63,56,110,65,117,85,57,88" hai3=""/><T119/><D119/><U126/><N who="1" m="30752" /><U132/><E72/><V94/><F110/><T133/><D34/><U38/><E129/><V61/><F117/><T74/><D74/><U2/><E132/><N who="0" m="50793" /><D115/><U99/><E2/><V77/><F77/><T71/><D54/><U39/><E64/><V0/><F0/><T66/><D66/><U40/><REACH who="1" step="1"/><E95/><REACH who="1" ten="577,285,178,0" step="2"/><V86/><F65/><T113/><D113/><U73/><E73/><V112/><F112/><T111/><D111/><U84/><E84/><V83/><F85/><T116/><D116/><U118/><E118/><V52/><F94/><T37/><D92/><U87/><E87/><V130/><F130/><T51/><D105/><AGARI ba="0,1" hai="38,39,40,43,48,49,98,99,100,103,105,106,125,126" m="30752" machi="105" ten="25,6400,0" yaku="1,1,22,2,52,1,53,0" doraHai="55" doraHaiUra="62" who="1" fromWho="0" sc="577,-64,285,74,178,0,0,0" /><INIT seed="5,0,0,0,0,65" ten="513,359,178,0" oya="1" hai0="98,112,88,89,56,41,3,117,81,1,54,106,48" hai1="113,104,121,32,35,84,58,97,70,34,47,105,2" hai2="33,116,115,52,37,125,107,124,74,82,93,120,43" hai3=""/><U122/><N who="1" m="31008" /><U126/><N who="1" m="31264" /><U0/><E70/><V109/><F93/><T102/><D112/><U85/><E113/><V53/><F82/><T42/><D117/><U51/><E58/><V129/><F52/><T61/><D42/><U39/><E39/><V40/><F53/><T55/><D41/><U114/><E114/><V133/><F43/><T72/><D72/><U76/><E126/><V130/><F40/><T44/><REACH who="0" step="1"/><D88/><REACH who="0" ten="503,359,178,0" step="2"/><U90/><E90/><V79/><F125/><T49/><D49/><U86/><E76/><V57/><F79/><T92/><D92/><U96/><E51/><V87/><F87/><AGARI ba="0,1" hai="1,3,44,48,54,55,56,61,81,87,89,98,102,106" machi="87" ten="40,1300,0" yaku="1,1,53,0" doraHai="65" doraHaiUra="64" who="0" fromWho="2" sc="503,23,359,0,178,-13,0,0" /><INIT seed="6,0,0,0,1,117" ten="526,359,165,0" oya="2" hai0="111,99,127,65,131,36,67,135,71,47,110,57,54" hai1="89,92,119,63,66,122,56,64,118,115,38,130,46" hai2="44,108,2,84,102,94,74,104,72,123,80,35,39" hai3=""/><V53/><N who="2" m="31520" /><V41/><F2/><T68/><D99/><U86/><N who="1" m="31264" /><U62/><E115/><V0/><F0/><T134/><D47/><U100/><E130/><V101/><F35/><T132/><D36/><U109/><E109/><N who="0" m="41481" /><D127/><U82/><E100/><V128/><F128/><T43/><D43/><U33/><E33/><V125/><F108/><T124/><D124/><U81/><E46/><V105/><F125/><T49/><D131/><U126/><E38/><V48/><F102/><T1/><D1/><U93/><E93/><V87/><F104/><T32/><D32/><U69/><REACH who="1" step="1"/><E126/><REACH who="1" ten="526,349,165,0" step="2"/><V45/><F105/><T103/><D103/><U95/><E95/><V70/><F70/><AGARI ba="0,1" hai="49,54,57,65,67,68,70,71,132,134,135" m="41481" machi="70" ten="40,5200,0" yaku="20,1,34,2" doraHai="117" who="0" fromWho="2" sc="526,62,349,0,165,-52,0,0" owari="588,54.0,349,-5.0,113,-49.0,0,0.0" /></mjloggm>