<mjloggm ver="2.3"><GO type="185" lobby="0"/><UN n0="%E5%B8%AB%E5%8C%A0%2F%E9%9B%80%E9%AC%BC" n1="%74%2E%6F%2E%6F%2E%73" n2="%79%61%73%73%61%6E" n3="" dan="17,18,17,0" rate="2218.79,2327.97,2220.80,1500.00" sx="M,M,M,C"/><TAIKYOKU oya="0"/><INIT seed="0,0,0,5,1,124" ten="350,350,350,0" oya="0" hai0="39,43,87,70,104,79,38,134,0,34,102,125,83" hai1="118,62,1,85,47,64,119,126,90,68,108,88,67" hai2="115,112,121,58,127,107,40,76,78,129,61,44,82" hai3=""/><T91/><D34/><U99/><E1/><V100/><N who="2" m="31008" /><V66/><F127/><T131/><D0/><U54/><E126/><V116/><F116/><T109/><D125/><U122/><N who="1" m="31264" /><U133/><E108/><V35/><F35/><T111/><D134/><U110/><E110/><N who="0" m="41993" /><D70/><U52/><E133/><V114/><F129/><T46/><D131/><U2/><E2/><V36/><REACH who="2" step="1"/><F82/><REACH who="2" ten="350,350,340,0" step="2"/><T50/><D79/><U95/><E118/><V98/><AGARI ba="0,1" hai="36,40,44,58,61,66,76,78,98,100,107,112,114,115" m="31008" machi="98" ten="40,6000,1" yaku="1,1,2,1,0,1,52,1,53,1" doraHai="124" doraHaiUra="92" who="2" fromWho="2" sc="350,-40,350,-20,340,70,0,0" /><INIT seed="1,0,0,1,0,114" ten="310,330,410,0" oya="1" hai0="104,74,77,80,84,118,57,106,32,33,44,75,93" hai1="126,107,102,71,105,46,49,113,90,94,124,42,120" hai2="50,129,88,115,47,109,38,121,36,87,40,48,66" hai3=""/><U103/><N who="1" m="30752" /><U78/><E113/><V2/><N who="2" m="31008" /><V134/><F115/><T60/><D44/><U119/><E71/><V131/><F2/><T72/><D93/><U135/><E78/><V79/><F79/><T34/><REACH who="0" step="1"/><D118/><REACH who="0" ten="300,330,410,0" step="2"/><U100/><E119/><V39/><F39/><T69/><D69/><U51/><E107/><V70/><F36/><T68/><D68/><U63/><E105/><V52/><F70/><T62/><D62/><U35/><E63/><V82/><F38/><T117/><D117/><U45/><E35/><V125/><F48/><T101/><D101/><U41/><REACH who="1" step="1"/><E135/><REACH who="1" ten="300,320,410,0" step="2"/><V123/><F134/><T56/><D56/><U54/><E54/><AGARI ba="0,2" hai="32,33,34,54,57,60,72,74,75,77,80,84,104,106" machi="54" ten="50,3200,0" yaku="1,1,53,1" doraHai="114" doraHaiUra="73" who="0" fromWho="1" sc="300,52,320,-32,410,0,0,0" /><INIT seed="2,0,0,0,0,121" ten="352,288,410,0" oya="2" hai0="0,35,109,77,65,32,83,123,73,69,1,132,43" hai1="50,44,127,124,74,75,125,63,88,95,53,133,2" hai2="41,54,85,39,62,34,79,99,126,46,89,67,90" hai3=""/><V61/><F34/><T128/><N who="0" m="31520" /><T55/><D132/><U33/><E33/><V135/><F135/><T45/><D128/><U49/><E133/><V57/><F126/><T91/><D55/><U47/><E63/><V104/><F79/><T100/><D91/><U37/><E37/><V36/><F36/><T76/><D100/><U40/><REACH who="1" step="1"/><E2/><REACH who="1" ten="352,278,410,0" step="2"/><V70/><REACH who="2" step="1"/><F85/><AGARI ba="0,1" hai="40,44,47,49,50,53,74,75,85,88,95,124,125,127" machi="85" ten="40,8000,1" yaku="1,1,2,1,18,1,54,1,53,0" doraHai="121" doraHaiUra="108" who="1" fromWho="2" sc="352,0,278,90,410,-80,0,0" /><INIT seed="4,0,0,3,5,78" ten="352,368,330,0" oya="0" hai0="47,69,110,3,38,89,42,32,33,73,114,79,97" hai1="37,128,80,102,75,125,112,36,105,48,96,120,51" hai2="57,82,87,111,52,93,118,85,131,35,117,53,116" hai3=""/><T126/><D3/><U132/><N who="1" m="30752" /><U98/><E128/><V119/><F35/><T50/><D114/><U67/><E125/><V72/><F131/><T40/><D126/><U61/><E132/><V91/><F111/><T77/><D69/><U76/><E112/><V95/><F72/><T129/><D129/><U71/><E51/><V44/><N who="2" m="29696" /><DORA hai="88" /><V60/><F85/><T56/><D110/><U135/><E135/><V39/><REACH who="2" step="1"/><F53/><REACH who="2" ten="352,368,320,0" step="2"/><T122/><N who="0" m="31264" /><T41/><D73/><U124/><E124/><V83/><F83/><T127/><D33/><U104/><E80/><V49/><F49/><T90/><D32/><U130/><E48/><V100/><F100/><T92/><D127/><U45/><E130/><V62/><F62/><T108/><D108/><U55/><E75/><V58/><F58/><T46/><D50/><U99/><E55/><V43/><AGARI ba="0,1" hai="39,43,44,52,57,60,82,87,91,93,95" m="29696" machi="43" ten="60,18000,4" yaku="1,1,0,1,12,1,52,3,54,1,53,4" doraHai="78,88" doraHaiUra="113,65" who="2" fromWho="2" sc="352,-120,368,-60,320,190,0,0" /><INIT seed="5,0,0,4,1,75" ten="232,308,510,0" oya="1" hai0="56,70,49,109,72,68,79,59,45,105,43,32,103" hai1="39,38,96,121,135,134,55,130,116,133,54,128,63" hai2="88,52,78,61,95,117,102,60,2,83,89,111,80" hai3=""/><U33/><N who="1" m="31008" /><U42/><E33/><V129/><F111/><T132/><D32/><U51/><E96/><V118/><F2/><T64/><D109/><U50/><E63/><V1/><F1/><T123/><N who="0" m="31520" /><T40/><D132/><U58/><E42/><V91/><F129/><N who="1" m="49769" /><E116/><V112/><F112/><T47/><D105/><U125/><E125/><V77/><F102/><T100/><D49/><U57/><AGARI ba="0,0" hai="38,39,50,51,54,55,57,58,133,134,135" m="49769,31008" machi="57" ten="40,8000,1" yaku="20,1,19,1,34,2,52,1" doraHai="75" who="1" fromWho="1" sc="232,-40,308,80,510,-40,0,0" /><INIT seed="5,1,0,2,5,120" ten="192,388,470,0" oya="1" hai0="123,86,72,40,134,98,43,78,67,103,132,89,81" hai1="41,108,85,109,51,65,135,79,100,97,105,60,53" hai2="119,121,77,32,113,64,106,91,95,104,42,107,128" hai3=""/><U56/><E41/><V63/><N who="2" m="31008" /><V112/><F32/><T61/><N who="0" m="31520" /><T58/><D132/><U45/><REACH who="1" step="1"/><E135/><REACH who="1" ten="192,378,470,0" step="2"/><V131/><F42/><T84/><D134/><U82/><AGARI ba="1,1" hai="45,51,53,56,60,65,79,82,85,97,100,105,108,109" machi="82" ten="30,8000,1" yaku="1,1,2,1,0,1,52,2,53,0" doraHai="120" doraHaiUra="124" who="1" fromWho="1" sc="192,-41,378,92,470,-41,0,0" /><INIT seed="5,2,0,4,4,53" ten="151,470,429,0" oya="1" hai0="99,89,125,38,93,76,122,77,78,81,133,58,80" hai1="101,66,104,65,103,33,90,59,95,75,0,41,63" hai2="117,74,120,61,109,124,123,129,126,73,56,48,50" hai3=""/><U83/><E0/><V121/><N who="2" m="30752" /><V128/><N who="2" m="31008" /><V57/><N who="2" m="31520" /><V62/><REACH who="2" step="1"/><F117/><REACH who="2" ten="151,470,419,0" step="2"/><T94/><N who="0" m="31264" /><T91/><D38/><U92/><E33/><V37/><F37/><T102/><D125/><U39/><E39/><V118/><F118/><T52/><D133/><U107/><E107/><V70/><F70/><T44/><D44/><U1/><E104/><V127/><F127/><T36/><D36/><U84/><E1/><V46/><F46/><T85/><REACH who="0" step="1"/><D102/><REACH who="0" ten="141,470,419,0" step="2"/><U112/><E103/><V69/><F69/><T68/><D68/><U45/><E101/><V111/><AGARI ba="2,2" hai="48,50,56,57,61,62,73,74,109,111,124,126,128,129" m="31520,31008,30752" machi="111" ten="25,12000,3" yaku="1,1,0,1,22,2,52,5,53,0" doraHai="53" doraHaiUra="64" who="2" fromWho="2" sc="141,-42,470,-82,419,144,0,0" /><INIT seed="6,0,0,0,3,111" ten="99,388,563,0" oya="2" hai0="126,87,117,67,129,112,74,35,57,118,134,54,106" hai1="56,84,34,125,82,132,46,66,48,119,91,122,98" hai2="77,33,0,40,86,42,36,68,128,61,113,64,92" hai3=""/><V76/><F113/><T3/><D57/><U47/><N who="1" m="31264" /><U124/><E34/><V85/><F0/><T37/><D87/><U90/><E132/><V70/><F128/><T65/><D54/><U41/><E119/><V2/><F2/><T100/><D65/><U58/><E124/><V44/><F40/><T135/><D100/><U94/><E125/><V89/><F33/><T51/><D51/><U71/><E71/><V88/><F68/><T95/><D95/><AGARI ba="0,0" hai="36,42,44,61,64,70,76,77,85,86,88,89,92,95" machi="95" ten="30,5800,0" yaku="7,1,9,1,54,1" doraHai="111" who="2" fromWho="0" sc="99,-58,388,0,563,58,0,0" owari="41,-56.0,388,-1.0,621,57.0,0,0.0" /></mjloggm>