<mjloggm ver="2.3"><GO type="169" lobby="0"/><UN n0="%4D%75%64%46%6C%6F%77" n1="%6C%69%65%62%65" n2="%E7%B4%AB%E3%81%AE%E9%8F%A1" n3="%6E%69%63%6B%6C%6F%77" dan="16,16,18,16" rate="2175.31,2031.66,2236.19,2116.08" sx="M,F,M,M"/><TAIKYOKU oya="0"/><INIT seed="0,0,0,1,0,128" ten="250,250,250,250" oya="0" hai0="79,41,16,61,104,48,0,89,103,102,94,84,31" hai1="23,42,17,66,57,13,86,29,19,123,122,105,18" hai2="133,14,11,87,92,24,114,25,74,6,65,109,132" hai3="43,101,62,4,96,28,32,64,127,52,50,82,76"/><T7/><D31/><U125/><E105/><V83/><F114/><W107/><G127/><T72/><D61/><U37/><E125/><V1/><F109/><W58/><G4/><T10/><D104/><U63/><E37/><V8/><F65/><W121/><G121/><T80/><D41/><U95/><E42/><V15/><F74/><W20/><G43/><T110/><D110/><U99/><E86/><V117/><F92/><W70/><G20/><T88/><D48/><U106/><E106/><V30/><F117/><W71/><G71/><T116/><D116/><U51/><E51/><V118/><F118/><W120/><G120/><T108/><D108/><U55/><E55/><V56/><F56/><W3/><G3/><T47/><D47/><U93/><E93/><V81/><F1/><W36/><G36/><T46/><D46/><U44/><E44/><V78/><F81/><W112/><G112/><T68/><D68/><U59/><E59/><V54/><F54/><W2/><G2/><T22/><REACH who="0" step="1"/><D89/><REACH who="0" ten="240,250,250,250" step="2"/><U134/><E122/><V39/><F39/><W77/><REACH who="3" step="1"/><G82/><REACH who="3" ten="240,250,250,240" step="2"/><T135/><D135/><N who="2" m="51786" /><F30/><W27/><AGARI ba="0,2" hai="27,28,32,50,52,58,62,64,70,76,77,96,101,107" machi="27" ten="30,8000,1" yaku="1,1,0,1,25,2,54,1,53,0" doraHai="128" doraHaiUra="129" who="3" fromWho="3" sc="240,-40,250,-20,250,-20,240,100" /><INIT seed="1,0,0,5,0,74" ten="200,230,230,340" oya="1" hai0="46,118,47,109,20,22,13,110,129,133,3,7,100" hai1="130,57,1,8,62,122,15,17,82,102,6,96,81" hai2="58,99,105,119,115,60,70,83,101,65,123,25,40" hai3="31,116,42,0,124,86,114,80,61,4,66,18,49"/><U48/><E130/><V120/><F119/><W32/><G114/><T78/><D118/><U89/><E122/><V112/><F40/><W28/><G32/><T45/><D129/><U108/><E108/><N who="0" m="41577" /><D100/><U98/><E48/><V75/><F58/><W90/><G124/><T2/><D133/><U87/><E82/><V94/><F25/><W29/><G116/><T34/><D34/><U59/><E102/><V37/><F94/><W126/><G18/><N who="0" m="10319" /><D7/><U95/><E95/><V84/><F37/><W12/><G0/><N who="0" m="43" /><D22/><U27/><E59/><V71/><F71/><W55/><G42/><T134/><D134/><U132/><E132/><V111/><F111/><W36/><G36/><T16/><D16/><U107/><E107/><V41/><F41/><W69/><G126/><T53/><D53/><N who="1" m="34095" /><E1/><V26/><F26/><W135/><G135/><T103/><D103/><U91/><E91/><V77/><F84/><W68/><G69/><T113/><D113/><AGARI ba="0,0" hai="60,65,70,75,77,83,99,101,105,112,113,115,120,123" machi="113" ten="40,8000,1" yaku="11,1,23,2,52,1" doraHai="74" who="2" fromWho="0" sc="200,-80,230,0,230,80,340,0" /><INIT seed="2,0,0,3,0,36" ten="120,230,310,340" oya="2" hai0="24,56,79,101,8,42,35,40,17,102,54,117,25" hai1="39,48,123,26,109,110,116,14,96,134,114,68,132" hai2="93,23,78,67,0,46,74,106,51,91,94,107,27" hai3="6,80,83,97,11,113,28,130,76,108,50,31,47"/><V65/><F0/><W34/><G108/><N who="1" m="41578" /><E116/><V72/><F106/><W12/><G130/><T29/><D117/><U129/><E114/><V84/><F107/><W86/><G34/><T66/><D66/><U18/><E39/><V88/><F78/><W33/><G33/><T87/><D79/><U85/><E68/><V127/><F127/><W124/><G124/><T105/><D87/><U52/><E129/><V133/><F133/><N who="1" m="51305" /><E85/><N who="2" m="52367" /><F74/><W77/><G97/><T64/><D64/><U69/><E69/><V95/><F95/><W75/><REACH who="3" step="1"/><G113/><REACH who="3" ten="120,230,310,330" step="2"/><T126/><D126/><U98/><E123/><V32/><F32/><W15/><G15/><T30/><D105/><U115/><E26/><V135/><F135/><W125/><G125/><T70/><D25/><U122/><E115/><V128/><F128/><W92/><G92/><T71/><D24/><U100/><E122/><V9/><F72/><W53/><AGARI ba="0,1" hai="6,11,12,28,31,47,50,53,75,76,77,80,83,86" machi="53" ten="20,2700,0" yaku="1,1,0,1,7,1,53,0" doraHai="36" doraHaiUra="22" who="3" fromWho="3" sc="120,-7,230,-7,310,-13,330,37" /><INIT seed="3,0,0,5,1,57" ten="113,223,297,367" oya="3" hai0="4,95,39,59,123,15,132,6,75,38,129,43,20" hai1="69,63,111,74,126,40,133,50,26,36,90,48,2" hai2="128,88,68,61,121,105,58,34,49,91,17,23,53" hai3="31,72,131,12,112,113,24,86,66,119,0,122,45"/><W62/><G119/><T103/><D75/><U130/><E74/><V5/><F34/><W52/><G122/><T114/><D123/><U117/><E2/><V92/><F105/><W96/><G0/><T44/><D39/><U60/><E117/><V110/><F121/><W73/><G73/><T1/><D129/><U13/><E130/><V118/><F118/><W83/><G72/><T46/><D132/><U21/><E69/><V124/><F128/><W14/><G96/><T120/><D120/><U99/><E133/><V25/><F110/><W80/><G80/><T9/><D46/><N who="1" m="25671" /><E36/><V108/><F108/><W115/><G131/><T71/><D71/><U65/><E65/><N who="2" m="39095" /><F68/><W30/><G30/><T87/><D114/><U47/><E13/><V98/><F124/><W85/><G66/><T11/><D20/><U94/><E126/><V127/><F5/><W37/><G37/><T8/><D8/><U29/><E111/><V3/><F3/><W76/><G86/><T82/><D103/><U16/><E29/><V101/><F127/><W10/><G10/><T135/><D135/><U7/><E7/><V51/><F51/><W41/><G41/><AGARI ba="0,0" hai="16,21,26,41,47,50,60,63,90,94,99" m="25671" machi="41" ten="30,7700,0" yaku="8,1,52,2,54,1" doraHai="57" who="1" fromWho="3" sc="113,0,223,77,297,0,367,-77" /><INIT seed="4,0,0,4,5,12" ten="113,300,297,290" oya="0" hai0="57,11,126,125,4,34,35,48,9,27,85,15,87" hai1="8,50,120,69,121,36,66,63,31,60,129,37,78" hai2="16,109,56,6,72,40,19,24,42,45,64,73,59" hai3="95,131,86,130,118,108,115,70,84,135,76,2,51"/><T110/><D110/><U62/><E78/><V32/><F109/><W92/><G70/><T119/><D119/><U14/><E31/><V33/><F45/><W0/><G108/><T94/><D27/><U26/><E26/><V90/><F24/><W20/><G118/><T77/><D77/><U102/><E102/><V81/><F64/><W128/><G76/><T1/><D48/><U116/><E116/><V41/><F6/><W88/><G115/><T82/><D57/><N who="2" m="22090" /><F81/><W107/><G51/><T52/><D52/><U22/><E50/><V100/><F90/><N who="3" m="53319" /><G107/><T123/><D123/><U101/><E121/><V55/><F100/><W91/><G135/><T75/><D75/><N who="2" m="28746" /><F55/><W67/><G67/><T117/><D117/><U83/><E66/><V17/><AGARI ba="0,0" hai="16,17,19,32,33,40,41,42" m="28746,22090" machi="17" ten="40,12000,2" yaku="28,2,52,3,54,1" doraHai="12" who="2" fromWho="2" sc="113,-60,300,-30,297,120,290,-30" /><INIT seed="5,0,0,1,4,76" ten="53,270,417,260" oya="1" hai0="62,103,100,9,101,95,132,113,67,54,41,87,117" hai1="45,2,66,44,69,91,80,89,35,52,21,56,128" hai2="61,42,122,119,74,27,75,23,60,124,47,12,110" hai3="0,53,50,51,22,92,97,36,120,90,94,4,20"/><U14/><E35/><V64/><F110/><W93/><G36/><T65/><D117/><U63/><E2/><V102/><F122/><W58/><G120/><T81/><D113/><U131/><E14/><V33/><F33/><W127/><G127/><T32/><D32/><U34/><E21/><V46/><F119/><W28/><G0/><T72/><D72/><U3/><E3/><V57/><F124/><W6/><G20/><T39/><D132/><U17/><E17/><V104/><F12/><W59/><G92/><T19/><D39/><U85/><E91/><V24/><F24/><W15/><G93/><T77/><D41/><U115/><E115/><V55/><F46/><W13/><G13/><T125/><D125/><U10/><E10/><V135/><F104/><W26/><G15/><T133/><D133/><U111/><E111/><V68/><F102/><W112/><G112/><T40/><D40/><U18/><E18/><V48/><F135/><W99/><G97/><T73/><D19/><AGARI ba="0,0" hai="19,23,27,42,47,48,55,57,60,61,64,68,74,75" machi="19" ten="30,1000,0" yaku="7,1" doraHai="76" who="2" fromWho="0" sc="53,-10,270,0,417,10,260,0" /><INIT seed="6,0,0,0,2,69" ten="43,270,427,260" oya="2" hai0="2,41,22,59,27,99,107,81,52,110,122,127,86" hai1="130,32,33,4,123,125,14,28,44,37,54,51,1" hai2="121,131,10,38,106,116,117,135,124,87,132,46,47" hai3="26,66,64,96,97,43,70,17,129,29,25,118,13"/><V15/><F121/><W102/><G118/><T3/><D110/><U91/><E123/><V80/><F106/><W113/><G96/><T84/><D122/><U16/><E130/><V60/><F124/><W112/><G129/><T7/><D127/><U98/><E125/><V42/><F60/><W93/><G43/><T31/><D7/><U21/><E37/><V89/><F46/><W6/><G6/><T120/><D120/><U67/><E67/><V119/><REACH who="2" step="1"/><F131/><REACH who="2" ten="43,270,417,260" step="2"/><W12/><G70/><T88/><D41/><U65/><E44/><V53/><F53/><W58/><G66/><T83/><D107/><U11/><E65/><V61/><F61/><W134/><G64/><T20/><D99/><U39/><E54/><V19/><AGARI ba="0,1" hai="10,15,19,38,42,47,80,87,89,116,117,119,132,135" machi="19" ten="40,12000,1" yaku="1,1,0,1,52,1,53,1" doraHai="69" doraHaiUra="76" who="2" fromWho="2" sc="43,-40,270,-40,417,130,260,-40" /><INIT seed="6,1,0,1,3,97" ten="3,230,547,220" oya="2" hai0="58,116,72,62,115,86,92,105,70,41,126,38,52" hai1="135,84,17,77,75,29,120,78,7,49,134,101,35" hai2="91,55,14,119,79,124,125,1,26,60,18,85,82" hai3="21,71,65,10,118,31,108,46,33,4,36,68,59"/><V57/><F119/><W87/><G118/><T23/><D105/><U112/><E112/><V66/><F1/><W76/><G33/><T80/><D72/><U121/><E7/><V9/><F26/><W43/><G108/><T34/><D34/><U83/><E101/><V95/><REACH who="2" step="1"/><F66/><REACH who="2" ten="3,230,537,220" step="2"/><W0/><G65/><T39/><D116/><U107/><E121/><V67/><F67/><W132/><G0/><T90/><D70/><U129/><E120/><V100/><F100/><W5/><G68/><T12/><D115/><U45/><E135/><V122/><F122/><W6/><G71/><T111/><D111/><U88/><E134/><V102/><F102/><W56/><G132/><T42/><D126/><U104/><E129/><V131/><F131/><W133/><G133/><T19/><D39/><U98/><E107/><V130/><F130/><W89/><G36/><T74/><D38/><U61/><E104/><V47/><F47/><W53/><G46/><T99/><D74/><AGARI ba="1,1" hai="9,14,18,55,57,60,74,79,82,85,91,95,124,125" machi="74" ten="40,2000,0" yaku="1,1,53,0" doraHai="97" doraHaiUra="63" who="2" fromWho="0" sc="3,-23,230,0,537,33,220,0" owari="-20,-52.0,230,3.0,570,67.0,220,-18.0" /></mjloggm>