<mjloggm ver="2.3"><GO type="169" lobby="0"/><UN n0="%E3%81%AE%E3%81%AE%E3%81%BE%E3%81%99" n1="%E6%99%82%E9%9B%A8%E8%92%BC%E7%87%95%E6%B5%81" n2="%E3%81%94%E3%82%8B%E3%81%A3" n3="%E3%82%82%E3%82%8A%E3%82%82%E3%82%8A%E3%81%8A%E3%81%AB%E3%81%8E%E3%82%8A" dan="16,16,16,16" rate="2108.89,2132.12,2153.02,2148.79" sx="F,M,M,M"/><TAIKYOKU oya="0"/><INIT seed="0,0,0,1,0,85" ten="250,250,250,250" oya="0" hai0="0,94,38,24,54,95,68,37,106,69,56,101,3" hai1="108,7,55,120,29,91,61,98,122,103,99,33,39" hai2="113,79,109,83,80,110,16,32,127,9,28,27,6" hai3="22,42,64,96,100,49,77,81,118,12,123,34,97"/><T1/><D106/><U111/><E39/><V48/><F113/><W36/><G118/><T35/><D101/><U57/><E7/><V26/><F127/><W131/><G34/><T128/><D128/><U82/><E33/><V115/><F115/><W76/><G36/><T84/><D35/><U73/><E29/><V46/><F80/><W121/><G131/><T93/><D24/><U124/><E124/><V19/><F26/><W102/><G64/><T70/><D84/><N who="1" m="50583" /><E73/><V44/><F44/><W21/><G49/><AGARI ba="0,0" hai="0,1,3,37,38,49,54,56,68,69,70,93,94,95" machi="49" ten="50,4800,0" yaku="29,2" doraHai="85" who="0" fromWho="3" sc="250,48,250,0,250,0,250,-48" /><INIT seed="0,1,0,3,0,98" ten="298,250,250,202" oya="0" hai0="78,26,50,16,109,54,69,0,80,10,126,104,40" hai1="19,97,64,24,59,115,122,34,101,66,63,130,111" hai2="39,23,65,93,121,7,92,114,49,120,35,6,38" hai3="48,127,28,46,58,124,53,29,2,87,90,31,88"/><T22/><D126/><U71/><E122/><V9/><F23/><W21/><G2/><T84/><D109/><U118/><E111/><V20/><F20/><W17/><G46/><T89/><D69/><U123/><E123/><V125/><F49/><W68/><G68/><T135/><D135/><U70/><E118/><V43/><F43/><W72/><G72/><T133/><D133/><U27/><E130/><V128/><F65/><W36/><G36/><T134/><D134/><U117/><E117/><V37/><F37/><W119/><G119/><T75/><D40/><U110/><E110/><V85/><F85/><W60/><G60/><T102/><D0/><U25/><E115/><V5/><F9/><W79/><G79/><T94/><D10/><U131/><E131/><V15/><F7/><W116/><G116/><T30/><D30/><U56/><E34/><V95/><F114/><W96/><G96/><N who="0" m="61511" /><D50/><U11/><E71/><V44/><F128/><W12/><REACH who="3" step="1"/><G90/><REACH who="3" ten="298,250,250,192" step="2"/><T42/><D42/><U91/><E91/><V32/><F120/><W45/><G45/><T8/><D54/><U52/><E70/><V129/><F44/><W86/><G86/><T14/><D8/><U82/><E64/><V100/><F121/><W3/><G3/><T83/><D83/><AGARI ba="1,1" hai="12,17,21,28,29,31,48,53,58,83,87,88,124,127" machi="83" ten="40,5200,0" yaku="1,1,54,1,53,1" doraHai="98" doraHaiUra="76" who="3" fromWho="0" sc="298,-55,250,0,250,0,192,65" /><INIT seed="1,0,0,5,5,83" ten="243,250,250,257" oya="1" hai0="131,127,3,22,74,124,24,109,23,116,54,135,104" hai1="99,96,113,16,105,21,84,69,91,5,12,18,41" hai2="122,34,118,29,110,31,120,68,92,114,26,95,36" hai3="100,25,70,62,98,89,86,97,112,82,102,2,123"/><U58/><E69/><V39/><F118/><W17/><G123/><T38/><D54/><U88/><E113/><V106/><F106/><W52/><G112/><T66/><D66/><U1/><E105/><V60/><F114/><W63/><G2/><T67/><D67/><U20/><E41/><V10/><F110/><W61/><G70/><T13/><D13/><N who="1" m="9359" /><E5/><V43/><F43/><W85/><G25/><T27/><D27/><U4/><E4/><V111/><F111/><W11/><G17/><T6/><D23/><U129/><E129/><V57/><F68/><W32/><G11/><T103/><D22/><U30/><E1/><V55/><F10/><W77/><G32/><T90/><D24/><U15/><E58/><V78/><F31/><W79/><G52/><T8/><D8/><N who="1" m="6503" /><E91/><V0/><F0/><W132/><G132/><T117/><D90/><U119/><E119/><V7/><F7/><W56/><G56/><T49/><D103/><N who="3" m="39465" /><G77/><T126/><D126/><U50/><E50/><V93/><F78/><W87/><G89/><T53/><D49/><U101/><E30/><V40/><F40/><W28/><G28/><T64/><D6/><U72/><E20/><V33/><F33/><W76/><G76/><T45/><D124/><U44/><E12/><V128/><F128/><W130/><G130/><T51/><D131/><U35/><E35/><V46/><REACH who="2" step="1"/><F46/><REACH who="2" ten="243,250,240,257" step="2"/><W48/><G48/><N who="0" m="28815" /><D117/><U19/><E44/><V121/><AGARI ba="0,1" hai="26,29,34,36,39,55,57,60,92,93,95,120,121,122" machi="121" ten="40,2700,0" yaku="1,1,0,1,53,0" doraHai="83" doraHaiUra="107" who="2" fromWho="2" sc="243,-7,250,-13,240,37,257,-7" /><INIT seed="2,0,0,3,1,135" ten="236,237,277,250" oya="2" hai0="49,93,54,69,99,2,103,16,0,31,35,9,100" hai1="110,114,50,30,96,36,134,47,107,76,4,78,43" hai2="41,112,132,128,109,131,120,37,1,125,105,19,86" hai3="111,130,34,72,18,83,116,8,26,95,84,88,63"/><V42/><RYUUKYOKU type="yao9" ba="0,0" sc="236,0,237,0,277,0,250,0" hai2="1,19,37,41,42,86,105,109,112,120,125,128,131,132" /><INIT seed="2,1,0,2,2,97" ten="236,237,277,250" oya="2" hai0="118,84,24,43,91,127,32,107,8,46,26,73,7" hai1="75,134,9,29,51,20,133,109,69,80,125,119,65" hai2="41,112,39,78,122,66,54,38,110,60,108,123,13" hai3="92,14,114,117,135,93,22,6,12,72,121,67,87"/><V28/><F28/><W88/><G121/><N who="2" m="46089" /><F13/><W50/><G117/><T17/><D127/><U106/><E125/><V128/><F78/><W90/><G72/><T120/><D120/><U45/><E106/><V101/><F101/><W55/><G135/><T76/><D118/><U10/><E119/><V34/><F34/><W82/><G114/><T124/><D124/><U94/><E29/><V19/><F19/><W21/><G67/><T18/><D107/><U71/><E20/><N who="3" m="7786" /><G6/><T31/><D26/><U104/><E104/><V130/><F112/><W16/><G82/><T36/><D76/><U42/><E80/><V100/><F100/><W1/><G1/><T5/><D5/><U11/><E94/><V113/><F54/><W25/><G25/><T35/><D35/><U115/><E115/><V63/><F113/><W70/><G70/><T74/><D74/><U64/><E75/><V61/><F66/><W37/><G16/><T85/><D73/><U53/><E65/><V2/><F2/><W0/><G0/><T56/><D32/><U57/><E64/><V132/><F132/><W96/><G37/><N who="2" m="13833" /><F41/><W47/><AGARI ba="1,0" hai="12,14,47,50,55,87,88,90,92,93,96" m="7786" machi="47" ten="30,2000,0" yaku="8,1,54,1" doraHai="97" who="3" fromWho="3" sc="236,-6,237,-6,277,-11,250,23" /><INIT seed="3,0,0,2,1,40" ten="230,231,266,273" oya="3" hai0="79,101,128,62,105,92,115,88,69,19,9,130,0" hai1="31,29,58,67,2,70,56,117,18,73,89,5,12" hai2="46,104,126,49,112,39,51,87,100,78,26,30,20" hai3="53,86,36,108,123,74,16,37,32,82,103,113,41"/><W119/><G119/><T17/><D79/><U125/><E73/><V57/><F112/><W85/><G123/><T8/><D105/><U23/><E117/><V10/><F126/><W72/><G32/><T132/><D101/><U134/><E134/><V66/><F104/><W118/><G118/><T60/><D132/><U68/><E125/><V11/><F100/><W27/><G103/><T25/><D115/><U61/><E89/><V7/><F39/><W120/><G120/><T43/><D43/><U129/><E129/><N who="0" m="49769" /><D25/><U71/><E58/><V95/><F7/><W22/><G113/><T135/><D135/><U106/><E106/><V38/><F38/><W64/><G36/><T44/><D44/><U33/><E33/><V65/><F65/><W24/><G64/><N who="0" m="41095" /><D62/><U59/><REACH who="1" step="1"/><E56/><REACH who="1" ten="230,221,266,273" step="2"/><V76/><F57/><W14/><G74/><T75/><D75/><U116/><E116/><V121/><F121/><W50/><G72/><T84/><D0/><U133/><E133/><V110/><F76/><W15/><G108/><T124/><D124/><U91/><E91/><N who="2" m="53759" /><F78/><W107/><G107/><T13/><D8/><AGARI ba="0,1" hai="2,5,8,12,18,23,29,31,59,61,67,68,70,71" machi="8" ten="40,1300,0" yaku="1,1,53,0" doraHai="40" doraHaiUra="97" who="1" fromWho="0" sc="230,-13,221,23,266,0,273,0" /><INIT seed="4,0,0,1,3,30" ten="217,244,266,273" oya="0" hai0="40,72,59,24,83,26,121,2,86,104,135,55,117" hai1="36,53,54,78,98,62,133,27,131,103,15,10,125" hai2="88,102,22,32,29,61,122,44,94,84,110,14,65" hai3="80,0,64,91,47,71,73,123,128,107,33,99,87"/><T116/><D121/><U17/><E36/><V45/><F110/><W81/><G0/><T9/><D135/><U127/><E133/><V43/><F122/><W38/><G123/><T25/><D104/><U34/><E131/><V12/><F102/><W119/><G119/><T120/><D120/><U8/><E78/><V79/><F79/><W85/><G73/><T92/><D72/><U19/><E62/><V42/><F32/><W111/><G111/><T76/><D40/><U66/><E66/><V89/><F44/><W97/><G64/><T132/><D132/><U28/><E17/><V63/><F63/><W46/><G71/><T39/><D39/><U16/><E19/><V58/><F43/><W11/><G11/><T93/><D116/><U118/><E8/><V4/><F4/><W105/><G38/><T50/><REACH who="0" step="1"/><D117/><REACH who="0" ten="207,244,266,273" step="2"/><U57/><E118/><V68/><F42/><W20/><G107/><T130/><D130/><U101/><E127/><V77/><F68/><W74/><G105/><T112/><D112/><U113/><E113/><V6/><F65/><W31/><G74/><T5/><AGARI ba="0,1" hai="2,5,9,24,25,26,50,55,59,76,83,86,92,93" machi="5" ten="30,12000,1" yaku="1,1,0,1,53,3" doraHai="30" doraHaiUra="23" who="0" fromWho="0" sc="207,130,244,-40,266,-40,273,-40" /><INIT seed="4,1,0,4,3,128" ten="337,204,226,233" oya="0" hai0="125,20,131,86,15,49,46,56,5,68,42,39,51" hai1="98,119,28,72,133,120,25,114,88,3,21,52,124" hai2="100,1,29,117,36,122,99,90,134,64,40,8,92" hai3="43,38,112,53,47,50,74,7,80,2,14,111,62"/><T31/><D125/><U16/><E119/><V104/><F122/><W91/><G111/><T37/><D131/><U87/><E72/><V116/><F64/><W71/><G112/><T69/><D86/><U106/><E3/><V65/><F65/><W85/><G2/><T26/><D5/><U109/><E109/><V23/><F36/><W89/><G74/><T129/><D15/><U108/><E108/><V96/><F40/><W44/><G71/><T61/><D129/><U34/><E120/><V0/><F8/><W67/><G7/><T102/><D49/><U33/><E114/><V79/><F79/><W97/><G14/><T113/><D113/><U95/><E124/><V60/><F60/><W84/><G97/><T48/><D48/><U30/><E133/><V76/><F76/><W55/><G67/><T54/><REACH who="0" step="1"/><D102/><REACH who="0" ten="327,204,226,233" step="2"/><U82/><E33/><V81/><F0/><W118/><G85/><T41/><D41/><U35/><E35/><V58/><F1/><W18/><G84/><T59/><D59/><U135/><E34/><V93/><F58/><W126/><G50/><T103/><D103/><N who="1" m="60895" /><E135/><V45/><F134/><W19/><G43/><T110/><D110/><U77/><E77/><V83/><F116/><W78/><G118/><T12/><D12/><U32/><E32/><V94/><F117/><W75/><G126/><T9/><D9/><U57/><E106/><V101/><F104/><W105/><G105/><T17/><D17/><U13/><E13/><V6/><F6/><W70/><G78/><T27/><D27/><U121/><E121/><V66/><F100/><RYUUKYOKU ba="1,1" sc="327,15,204,15,226,-15,233,-15" hai0="20,26,31,37,39,42,46,51,54,56,61,68,69" hai1="16,21,25,28,30,52,57,82,87,88" /><INIT seed="4,2,1,2,1,100" ten="342,219,211,218" oya="0" hai0="129,41,7,13,56,102,109,24,32,50,29,73,108" hai1="48,115,52,125,71,76,83,45,60,11,51,116,39" hai2="8,131,67,47,124,105,95,4,21,17,18,35,87" hai3="133,84,118,91,82,130,22,96,106,89,54,61,0"/><T94/><D73/><U74/><E116/><V112/><F112/><W58/><G118/><T55/><D129/><U134/><E134/><V2/><F131/><W123/><G130/><T42/><D7/><U81/><E125/><V68/><F124/><W46/><G133/><T19/><D94/><U43/><E115/><V57/><F35/><W88/><G123/><T27/><D27/><U135/><E135/><V40/><F68/><W85/><G0/><T1/><D102/><U62/><E83/><V34/><F34/><W3/><G3/><T75/><D75/><U44/><E71/><V103/><F57/><W64/><G106/><T10/><REACH who="0" step="1"/><D1/><REACH who="0" ten="332,219,211,218" step="2"/><U63/><REACH who="1" step="1"/><E11/><REACH who="1" ten="332,209,211,218" step="2"/><V114/><F8/><W31/><G82/><T70/><D70/><U86/><E86/><V9/><F87/><W33/><G85/><T65/><D65/><U111/><E111/><AGARI ba="2,3" hai="10,13,19,24,29,32,41,42,50,55,56,108,109,111" machi="111" ten="40,7700,0" yaku="1,1,10,1,53,1" doraHai="100" doraHaiUra="49" who="0" fromWho="1" sc="332,113,209,-83,211,0,218,0" /><INIT seed="4,3,0,2,3,69" ten="445,126,211,218" oya="0" hai0="77,76,5,67,116,132,34,45,37,90,109,123,12" hai1="3,50,47,17,75,113,32,15,119,115,21,106,6" hai2="27,64,129,48,44,63,10,11,112,131,68,96,127" hai3="49,62,14,65,104,108,1,42,85,59,70,18,134"/><T133/><D116/><U53/><E119/><V74/><F74/><W23/><G108/><T43/><D123/><U122/><E122/><V22/><F112/><N who="1" m="43081" /><E106/><V9/><F96/><W58/><G134/><N who="0" m="51819" /><D34/><U19/><E75/><V4/><F127/><W94/><G104/><T29/><D29/><U7/><E3/><V35/><F35/><W56/><G1/><T84/><D67/><U80/><E32/><V40/><REACH who="2" step="1"/><F4/><REACH who="2" ten="445,126,201,218" step="2"/><W66/><G66/><T33/><D33/><U61/><E6/><V110/><F110/><W54/><REACH who="3" step="1"/><G42/><REACH who="3" ten="445,126,201,208" step="2"/><T20/><D109/><U60/><E7/><V130/><F130/><W30/><G30/><AGARI ba="3,2" hai="9,10,11,22,27,30,40,44,48,63,64,68,129,131" machi="30" ten="40,2600,0" yaku="1,1,53,1" doraHai="69" doraHaiUra="24" who="2" fromWho="3" sc="445,0,126,0,201,55,208,-35" /><INIT seed="5,0,0,0,4,134" ten="445,126,256,173" oya="1" hai0="80,54,51,121,123,46,13,87,3,69,21,7,75" hai1="76,122,36,125,62,68,92,6,84,55,11,52,117" hai2="42,60,49,100,59,48,22,132,110,31,114,79,58" hai3="90,30,89,44,116,71,28,128,8,37,63,57,56"/><U95/><E117/><V81/><F110/><W86/><G116/><T112/><D112/><U129/><E122/><N who="0" m="46601" /><D69/><U50/><E129/><V131/><F132/><W19/><G71/><T108/><D108/><U135/><E36/><V5/><F131/><W130/><G44/><T72/><D3/><U74/><E135/><V9/><F100/><W27/><G27/><T82/><D7/><U24/><E125/><V20/><F114/><W111/><G86/><T77/><D82/><U93/><E74/><V94/><F94/><W73/><G63/><T14/><D21/><U78/><E24/><V85/><F58/><W0/><G56/><T38/><D38/><U105/><E105/><V41/><F48/><W124/><G90/><T39/><D39/><U17/><E6/><V47/><F41/><W12/><G37/><T32/><D32/><U83/><E78/><V25/><F31/><W118/><G30/><T101/><D101/><U53/><E62/><V107/><F107/><W133/><G73/><AGARI ba="0,0" hai="13,14,46,51,54,72,73,75,77,80,87" m="46601" machi="73" ten="30,1000,0" yaku="13,1" doraHai="134" who="0" fromWho="3" sc="445,10,126,0,256,0,173,-10" /><INIT seed="6,0,0,2,2,86" ten="455,126,256,163" oya="2" hai0="43,15,67,81,115,27,28,96,48,31,104,39,45" hai1="40,107,41,29,8,42,77,129,97,123,80,119,63" hai2="121,0,47,23,88,78,83,85,66,125,113,117,70" hai3="75,120,95,21,7,94,102,135,56,98,14,55,131"/><V11/><F117/><W72/><G120/><T124/><D67/><U22/><E119/><V99/><F121/><W73/><G135/><T118/><D118/><U105/><E123/><V110/><F113/><W128/><G94/><T87/><D115/><U51/><E129/><N who="3" m="49738" /><G7/><T33/><D31/><U38/><E38/><V18/><F125/><W127/><G127/><T76/><D124/><U92/><E8/><V2/><F110/><W9/><G9/><T13/><D39/><U69/><E69/><V60/><F11/><W49/><G14/><T26/><D26/><N who="1" m="16599" /><E63/><V79/><F47/><W126/><G126/><T12/><D104/><U100/><E107/><V74/><F99/><W132/><G21/><T16/><REACH who="0" step="1"/><D96/><REACH who="0" ten="445,126,256,163" step="2"/><U84/><E105/><V52/><F74/><W36/><G36/><T17/><AGARI ba="0,1" hai="12,13,15,16,17,27,28,33,43,45,48,76,81,87" machi="17" ten="30,7900,0" yaku="1,1,2,1,0,1,54,1,53,0" doraHai="86" doraHaiUra="130" who="0" fromWho="0" sc="445,89,126,-20,256,-39,163,-20" /><INIT seed="7,0,0,0,2,89" ten="534,106,217,143" oya="3" hai0="36,64,46,80,95,69,106,124,115,54,81,6,122" hai1="47,114,103,119,24,135,52,123,97,75,73,33,112" hai2="51,55,125,60,0,49,118,4,71,108,25,74,45" hai3="62,134,102,127,9,23,5,8,84,120,72,21,110"/><W57/><G72/><T104/><D95/><U26/><E123/><V126/><F108/><W28/><G120/><T15/><D54/><U70/><E70/><V53/><F74/><N who="1" m="28169" /><E135/><V79/><F79/><W94/><G110/><T2/><D81/><U30/><E119/><V90/><F118/><W44/><G134/><T98/><D98/><U42/><E42/><V43/><F25/><W29/><G44/><T59/><D15/><U68/><E68/><V100/><F100/><W61/><G127/><T109/><D59/><U3/><E3/><V111/><F111/><W35/><G102/><T1/><D115/><N who="1" m="44075" /><E33/><V14/><F0/><W38/><G35/><T11/><D124/><U31/><E24/><V86/><F71/><W91/><G38/><T67/><D67/><U22/><E22/><N who="3" m="8202" /><G62/><T132/><D2/><U27/><E27/><V96/><F60/><W12/><G9/><T88/><D122/><U40/><E26/><V77/><F125/><W87/><G87/><N who="0" m="50279" /><D109/><U50/><E40/><V113/><F126/><W39/><G39/><T66/><D132/><U121/><E121/><V16/><F113/><W58/><G58/><T105/><D69/><U83/><E83/><V93/><F49/><W131/><G131/><T133/><D133/><U18/><E18/><V99/><F16/><W128/><G128/><T63/><D63/><U76/><E76/><V92/><F77/><W48/><G48/><T101/><D101/><U37/><E37/><V116/><F116/><W20/><N who="3" m="8210" /><W85/><DORA hai="41" /><G85/><T130/><D130/><U65/><E65/><AGARI ba="0,0" hai="5,8,12,28,29,57,61,65,84,91,94" m="8210" machi="65" ten="30,2900,0" yaku="8,1,52,1" doraHai="89,41" who="3" fromWho="1" sc="534,0,106,-29,217,0,143,29" /><INIT seed="7,1,0,5,3,70" ten="534,77,217,172" oya="3" hai0="28,104,99,94,126,55,127,64,30,124,1,24,79" hai1="134,128,76,74,53,43,54,48,88,110,19,58,63" hai2="52,125,100,46,77,27,66,120,51,109,114,83,65" hai3="0,5,62,117,75,57,37,101,12,29,8,130,80"/><W22/><G117/><T92/><D1/><U97/><E110/><V6/><F109/><W118/><G118/><T20/><D64/><U42/><E74/><V90/><F114/><W16/><G130/><T67/><D67/><U131/><E76/><V85/><F125/><W44/><G101/><N who="0" m="62527" /><D79/><U68/><E134/><V119/><F119/><W91/><G29/><N who="0" m="17543" /><D55/><U39/><E19/><V84/><F6/><W72/><G80/><T71/><D71/><U89/><E97/><V122/><F100/><W105/><G105/><T50/><D50/><U15/><E15/><V49/><F49/><W81/><G81/><T103/><D103/><U7/><E7/><V116/><F27/><W21/><G91/><T82/><D82/><U87/><E87/><V25/><F25/><W33/><G33/><T56/><D56/><N who="1" m="32807" /><E89/><V61/><F116/><W11/><G72/><T102/><D102/><U38/><E88/><V9/><F66/><W59/><G75/><T26/><D28/><U73/><E73/><V111/><F111/><W112/><G11/><T31/><D31/><U47/><E68/><N who="2" m="42031" /><F9/><W32/><G32/><AGARI ba="1,0" hai="26,30,32,92,94,124,126,127" m="17543,62527" machi="32" ten="30,1000,0" yaku="18,1" doraHai="70" who="0" fromWho="3" sc="534,13,77,0,217,0,172,-13" owari="547,64.0,77,-42.0,217,2.0,159,-24.0" /></mjloggm>