<mjloggm ver="2.3"><GO type="185" lobby="0"/><UN n0="%E6%A8%BD%E3%81%AA%E3%81%AE%E5%A3%8A%E3%81%95%E3%81%AA%E3%81%84%E3%81%A7" n1="%63%6C%75%74%63%68%37%33" n2="%E9%B3%B4%E3%81%8D%E3%83%80%E3%83%AB%E3%83%9E" n3="" dan="18,17,18,0" rate="2329.80,2183.66,2270.18,1500.00" sx="M,M,M,C"/><TAIKYOKU oya="0"/><INIT seed="0,0,0,1,2,105" ten="350,350,350,0" oya="0" hai0="36,123,0,106,82,114,69,52,70,109,81,53,89" hai1="66,78,104,86,76,83,39,113,46,44,101,38,41" hai2="40,126,112,48,99,110,67,47,72,127,63,134,124" hai3=""/><T84/><N who="0" m="31520" /><T62/><D0/><U91/><E113/><V3/><F3/><T107/><D114/><U65/><E104/><V34/><F112/><T130/><D130/><U32/><E101/><V61/><F34/><T133/><D133/><U77/><REACH who="1" step="1"/><E32/><REACH who="1" ten="350,340,350,0" step="2"/><V120/><N who="2" m="30752" /><V119/><F134/><T95/><D107/><U132/><E132/><V98/><F119/><T42/><D106/><U121/><N who="1" m="31008" /><U1/><E1/><V71/><F110/><T58/><D109/><U79/><N who="1" m="19456" /><DORA hai="33" /><U102/><E102/><V59/><REACH who="2" step="1"/><F72/><REACH who="2" ten="350,340,340,0" step="2"/><T49/><D70/><U45/><E45/><V96/><F96/><T73/><D73/><U56/><E56/><V125/><N who="2" m="31744" /><DORA hai="90" /><V64/><AGARI ba="0,2" hai="40,47,48,59,61,63,64,67,71,98,99" m="31744,30752" machi="64" ten="60,12000,3" yaku="1,1,4,1,0,1,18,1,52,1,53,3" doraHai="105,33,90" doraHaiUra="118,116,43" who="2" fromWho="2" sc="350,-80,340,-40,340,140,0,0" /><INIT seed="1,0,0,4,5,47" ten="270,300,480,0" oya="1" hai0="65,79,133,71,37,111,130,48,117,134,54,91,43" hai1="106,110,123,120,33,2,75,67,87,78,95,121,46" hai2="118,103,39,89,125,45,107,131,129,124,90,116,55" hai3=""/><U102/><N who="1" m="30752" /><U98/><N who="1" m="31008" /><U63/><N who="1" m="31520" /><U114/><E2/><V40/><F55/><T80/><D117/><N who="2" m="45162" /><F103/><T35/><D130/><N who="2" m="49674" /><F107/><T69/><D35/><U59/><E33/><V58/><F58/><T135/><D65/><U81/><E110/><V38/><F38/><T60/><D111/><U83/><E114/><V101/><F101/><T85/><D60/><U49/><E106/><V36/><F36/><T51/><D37/><U119/><E119/><V72/><F72/><T88/><D43/><U82/><E75/><V100/><F100/><T105/><D105/><U32/><E32/><V92/><F90/><N who="0" m="34346" /><D54/><AGARI ba="0,0" hai="46,49,54,59,63,67,78,81,82,83,87,95,98,102" m="31520,31008,30752" machi="54" ten="30,18000,2" yaku="7,1,8,1,52,4" doraHai="47" who="1" fromWho="0" sc="270,-180,300,180,480,0,0,0" /><INIT seed="1,1,0,0,5,86" ten="90,480,480,0" oya="1" hai0="54,132,70,122,37,59,75,64,51,33,77,62,85" hai1="78,109,105,98,135,39,110,90,103,80,130,101,106" hai2="52,79,3,84,68,61,55,46,65,133,36,71,56" hai3=""/><U123/><N who="1" m="31520" /><U128/><E39/><V113/><F3/><T0/><N who="0" m="31264" /><T97/><D0/><U32/><E32/><V42/><F79/><T44/><D33/><U48/><E48/><V53/><F84/><T45/><D132/><U121/><N who="1" m="31008" /><U125/><E135/><V67/><F133/><T108/><D108/><N who="1" m="41579" /><E90/><V66/><F113/><T2/><D2/><U92/><E125/><V35/><F35/><T72/><D97/><U40/><E40/><V34/><F34/><T63/><D37/><U95/><E95/><V1/><F1/><T87/><D77/><U124/><E124/><V118/><F118/><T107/><D107/><N who="1" m="40971" /><E103/><V47/><F47/><T116/><D44/><U41/><E41/><V117/><F117/><T99/><D116/><U96/><E96/><V131/><F131/><T57/><D99/><U43/><E43/><V104/><F104/><T38/><D38/><U119/><E119/><V134/><F134/><T111/><D111/><U73/><AGARI ba="1,0" hai="73,78,80,92,98,101,128,130" m="40971,41579,31008,31520" machi="73" ten="40,12000,2" yaku="14,1,10,1,34,2,52,2" doraHai="86" who="1" fromWho="1" sc="90,-61,480,122,480,-61,0,0" /><INIT seed="1,2,0,5,4,73" ten="29,602,419,0" oya="1" hai0="104,2,67,115,69,81,125,80,32,96,49,39,53" hai1="92,74,128,121,106,103,84,97,88,129,35,101,64" hai2="75,58,122,102,76,86,36,87,105,99,111,95,90" hai3=""/><U33/><N who="1" m="31008" /><U59/><E74/><V34/><N who="2" m="31264" /><V85/><F36/><T130/><D2/><U1/><E1/><V47/><F47/><T51/><D32/><U113/><E113/><V41/><F41/><T135/><D115/><U123/><N who="1" m="31520" /><U119/><E119/><V61/><F34/><T44/><D135/><U89/><E103/><V108/><F75/><T77/><D130/><N who="1" m="50283" /><E89/><V78/><F58/><T48/><D125/><U83/><E106/><V72/><F61/><AGARI ba="2,0" hai="33,35,59,61,64,83,84,88,92,97,101" m="50283,31520,31008" machi="61" ten="30,11600,0" yaku="19,1,52,2,54,1" doraHai="73" who="1" fromWho="2" sc="29,0,602,120,419,-120,0,0" /><INIT seed="1,3,0,2,3,103" ten="29,722,299,0" oya="1" hai0="33,63,38,74,104,0,134,61,58,108,53,42,86" hai1="75,131,36,117,129,37,114,90,32,69,96,49,34" hai2="79,46,101,50,112,72,122,2,120,73,123,119,126" hai3=""/><U45/><E117/><V111/><N who="2" m="30752" /><V1/><N who="2" m="31264" /><V100/><N who="2" m="31520" /><V54/><F119/><T118/><D0/><U60/><E75/><V57/><F111/><T102/><D33/><U130/><E114/><V40/><F112/><T71/><D74/><U85/><E96/><V82/><F126/><T107/><D118/><U93/><E60/><V51/><REACH who="2" step="1"/><F72/><REACH who="2" ten="29,722,289,0" step="2"/><T62/><D108/><U99/><E34/><V70/><F70/><T105/><D134/><U128/><E69/><V91/><F91/><T106/><D71/><U67/><E32/><V59/><F59/><T76/><N who="0" m="26624" /><DORA hai="83" /><T43/><D102/><AGARI ba="3,1" hai="1,2,40,46,50,51,54,57,73,79,82,100,101,102" m="31520,31264,30752" machi="102" ten="40,8000,1" yaku="1,1,52,3,53,0" doraHai="103,83" doraHaiUra="66,64" who="2" fromWho="0" sc="29,-86,722,0,289,96,0,0" owari="-57,-66.0,722,67.0,385,-1.0,0,0.0" /></mjloggm>