<mjloggm ver="2.3"><GO type="185" lobby="0"/><UN n0="%E9%BA%BB%E9%9B%80%E6%95%99%E5%AE%A4" n1="%65%6C%75%6C%75" n2="%4B%6F%4B%4B%4F" n3="" dan="17,16,16,0" rate="2179.24,2252.91,2210.67,1500.00" sx="M,M,M,C"/><TAIKYOKU oya="0"/><INIT seed="0,0,0,3,3,90" ten="350,350,350,0" oya="0" hai0="124,96,98,57,92,104,67,118,110,121,76,91,48" hai1="59,102,99,122,47,42,101,51,78,44,65,70,82" hai2="107,95,53,116,36,103,32,69,1,125,117,41,58" hai3=""/><T106/><N who="0" m="31008" /><T129/><D118/><U83/><N who="1" m="31264" /><U60/><E102/><V109/><F53/><T135/><D124/><U63/><E47/><V54/><F54/><T100/><D129/><U93/><REACH who="1" step="1"/><E78/><REACH who="1" ten="350,340,350,0" step="2"/><V84/><F103/><T74/><D76/><U3/><E3/><V49/><F1/><T120/><N who="0" m="30752" /><T113/><D113/><U131/><E131/><V43/><F116/><T130/><D130/><U119/><E119/><V52/><F117/><T46/><D135/><U133/><E133/><V89/><F125/><T88/><D110/><U86/><E86/><V73/><F84/><T115/><D115/><U105/><E105/><V39/><F107/><T81/><D74/><U50/><E50/><V64/><F49/><T75/><D75/><U111/><E111/><V37/><F73/><T79/><D79/><U0/><E0/><V62/><F109/><T114/><D114/><U68/><E68/><V128/><F128/><T71/><D71/><U87/><E87/><V97/><F69/><T112/><D112/><U108/><E108/><V38/><F38/><T77/><D106/><U94/><E94/><V33/><F39/><T56/><D77/><U2/><E2/><V123/><N who="2" m="31520" /><V126/><F126/><RYUUKYOKU ba="0,1" sc="350,-10,340,20,350,-10,0,0" hai1="42,44,51,59,60,63,65,70,82,83,93,99,101" /><INIT seed="1,1,1,4,2,105" ten="340,360,340,0" oya="1" hai0="103,121,96,77,37,93,119,35,88,61,117,48,128" hai1="3,0,52,42,101,82,116,135,47,87,72,130,36" hai2="118,65,108,122,60,46,51,106,134,75,127,120,79" hai3=""/><U102/><E116/><N who="0" m="44617" /><D37/><U81/><E135/><V132/><N who="2" m="30752" /><V56/><N who="2" m="31264" /><V54/><F118/><T38/><N who="0" m="31008" /><T114/><D38/><U76/><E130/><V125/><F106/><T129/><D35/><U112/><E112/><V74/><F108/><T44/><D114/><U69/><E69/><V55/><F79/><T66/><D77/><U91/><REACH who="1" step="1"/><E52/><REACH who="1" ten="340,350,340,0" step="2"/><V115/><F54/><T62/><D66/><U90/><E90/><V124/><F115/><T34/><D34/><U100/><AGARI ba="1,2" hai="0,3,36,42,47,72,76,81,82,87,91,100,101,102" machi="100" ten="30,4000,0" yaku="1,1,0,1,52,1,53,0" doraHai="105" doraHaiUra="64" who="1" fromWho="1" sc="340,-21,350,62,340,-21,0,0" /><INIT seed="1,2,0,3,0,116" ten="319,412,319,0" oya="1" hai0="70,114,62,38,130,54,42,122,60,74,99,2,71" hai1="95,121,43,90,97,107,117,84,118,113,134,46,98" hai2="68,125,102,112,76,91,72,58,92,67,83,64,124" hai3=""/><U126/><N who="1" m="31008" /><U39/><E113/><V32/><F32/><T40/><N who="0" m="31264" /><T86/><D74/><U89/><E126/><N who="2" m="48747" /><F112/><T59/><D2/><U65/><E134/><V81/><F68/><T132/><D114/><U93/><E65/><N who="2" m="25163" /><F102/><T53/><D132/><U129/><E129/><V103/><F103/><T120/><N who="0" m="30752" /><T56/><D99/><U82/><REACH who="1" step="1"/><E107/><REACH who="1" ten="319,402,319,0" step="2"/><V108/><F108/><T79/><D130/><U133/><E133/><V115/><F115/><T110/><D110/><U87/><E87/><V135/><F135/><T34/><D34/><U85/><E85/><V123/><F123/><T66/><D66/><U37/><E37/><V69/><F72/><T36/><D86/><U101/><AGARI ba="2,1" hai="39,43,46,82,84,89,90,93,95,97,98,101,117,118" m="31008" machi="101" ten="20,8000,1" yaku="1,1,0,1,7,1,52,2,53,0" doraHai="116" doraHaiUra="109" who="1" fromWho="1" sc="319,-42,402,94,319,-42,0,0" /><INIT seed="1,3,0,4,1,48" ten="277,496,277,0" oya="1" hai0="96,41,44,115,102,76,95,3,135,37,54,90,34" hai1="59,99,58,84,131,68,114,91,45,63,103,39,123" hai2="1,110,56,42,36,118,88,86,121,122,82,49,55" hai3=""/><U62/><N who="1" m="31520" /><U65/><E114/><V53/><N who="2" m="31008" /><V92/><N who="2" m="31264" /><V70/><F1/><T51/><D115/><U40/><E131/><V126/><F70/><T0/><D34/><U127/><E127/><V80/><F118/><T93/><D76/><U134/><E134/><V69/><F69/><T104/><D135/><U111/><E111/><V46/><F126/><T124/><D124/><U106/><REACH who="1" step="1"/><E62/><REACH who="1" ten="277,486,277,0" step="2"/><V113/><F110/><T132/><D132/><U72/><E72/><V64/><F113/><T128/><D128/><U109/><E109/><V67/><REACH who="2" step="1"/><F53/><REACH who="2" ten="277,486,267,0" step="2"/><T47/><REACH who="0" step="1"/><D104/><REACH who="0" ten="267,486,267,0" step="2"/><U2/><E2/><V57/><F57/><T116/><D116/><U75/><E75/><V73/><F73/><T38/><D38/><U81/><AGARI ba="3,3" hai="39,40,45,58,59,63,65,68,81,84,91,99,103,106" m="31520" machi="81" ten="20,8000,1" yaku="1,1,0,1,7,1,52,1,53,1" doraHai="48" doraHaiUra="77" who="1" fromWho="1" sc="267,-43,486,116,267,-43,0,0" /><INIT seed="1,4,0,2,1,88" ten="224,602,224,0" oya="1" hai0="71,52,132,118,98,104,84,57,131,58,123,40,85" hai1="91,62,34,133,59,100,113,60,3,96,97,72,135" hai2="33,125,112,103,0,54,63,70,76,111,45,53,130" hai3=""/><U61/><E3/><V77/><F33/><T102/><N who="0" m="31520" /><T105/><D71/><U38/><E34/><V128/><F111/><T51/><D118/><U108/><E38/><V117/><F117/><T74/><D74/><U86/><E72/><V87/><F125/><T32/><D32/><U65/><E113/><V43/><F103/><T39/><D131/><N who="2" m="50218" /><F0/><T56/><D132/><N who="1" m="50763" /><E108/><V82/><F76/><T48/><D105/><U92/><E97/><V49/><F112/><T79/><D39/><U42/><E42/><V89/><F77/><T127/><D127/><U81/><AGARI ba="4,0" hai="59,60,61,62,65,81,86,91,92,96,100" m="50763" machi="81" ten="30,2000,0" yaku="20,1,52,1" doraHai="88" who="1" fromWho="1" sc="224,-14,602,28,224,-14,0,0" /><INIT seed="1,5,0,3,3,98" ten="210,630,210,0" oya="1" hai0="37,75,56,77,57,95,83,93,70,47,65,101,117" hai1="121,39,41,52,91,68,107,58,43,49,100,60,34" hai2="1,54,87,113,40,81,135,102,131,66,129,127,33" hai3=""/><U85/><N who="1" m="31008" /><U2/><E2/><V45/><F1/><T38/><D117/><U74/><E74/><V69/><F33/><T71/><D65/><U133/><E34/><V64/><F127/><T61/><D47/><U0/><E133/><V92/><F135/><T55/><D56/><U63/><E0/><V90/><F54/><T89/><D95/><U80/><E39/><V73/><F113/><T94/><D94/><U86/><E86/><V128/><F69/><T118/><D118/><U79/><E79/><V114/><F114/><T130/><D130/><U88/><E91/><V32/><F32/><T103/><D38/><U72/><E72/><V115/><F115/><T51/><D37/><U97/><REACH who="1" step="1"/><E68/><REACH who="1" ten="210,620,210,0" step="2"/><V36/><F73/><T125/><D71/><U46/><E46/><V62/><F131/><T110/><D103/><U119/><E119/><V67/><F129/><T76/><D101/><U108/><E108/><V99/><F128/><T105/><D77/><U122/><N who="1" m="31264" /><U96/><E96/><V84/><F84/><T111/><D110/><U126/><E126/><V109/><F109/><T112/><D111/><U82/><E82/><V134/><F134/><T59/><D61/><AGARI ba="5,1" hai="41,43,49,52,58,60,61,63,80,85,88,97,100,107" m="31264,31008" machi="61" ten="40,18000,2" yaku="1,1,52,3,54,2,53,1" doraHai="98" doraHaiUra="78" who="1" fromWho="0" sc="210,-190,620,200,210,0,0,0" /><INIT seed="1,6,0,1,1,100" ten="20,820,210,0" oya="1" hai0="0,75,94,72,61,118,44,68,38,32,43,64,89" hai1="77,134,50,127,46,36,76,104,41,39,133,130,35" hai2="120,2,60,112,73,48,116,74,129,86,62,106,1" hai3=""/><U69/><E35/><V114/><N who="2" m="30752" /><V47/><F116/><T40/><D118/><U97/><E69/><V108/><F108/><T85/><D32/><U110/><E110/><V84/><F129/><T111/><D111/><U79/><E130/><V78/><F78/><T49/><D0/><U37/><REACH who="1" step="1"/><E127/><REACH who="1" ten="20,810,210,0" step="2"/><V135/><F1/><T121/><N who="0" m="31008" /><T126/><D126/><U65/><E65/><V71/><F2/><T102/><D43/><U52/><E52/><V107/><F71/><T87/><D38/><U59/><E59/><V88/><F112/><T113/><D113/><U42/><E42/><V66/><F66/><T109/><D109/><U123/><N who="1" m="31520" /><U99/><E99/><V117/><F114/><T80/><REACH who="0" step="1"/><D102/><AGARI ba="6,1" hai="36,37,39,41,46,50,76,77,79,97,102,104,133,134" m="31520" machi="102" ten="50,9600,0" yaku="1,1,52,2,53,0" doraHai="100" doraHaiUra="33" who="1" fromWho="0" sc="20,-108,810,118,210,0,0,0" owari="-88,-69.0,928,88.0,210,-19.0,0,0.0" /></mjloggm>