<mjloggm ver="2.3"><GO type="185" lobby="0"/><UN n0="%E3%81%97%E3%82%93%E3%81%97%E3%82%93%E3%81%97%E3%82%93" n1="%E3%81%93%E3%81%8A%E3%81%9F" n2="%E3%81%8A%E7%9F%A5%E3%82%89%E3%81%9B" n3="" dan="17,16,18,0" rate="2268.45,2093.15,2357.45,1500.00" sx="F,M,M,C"/><TAIKYOKU oya="0"/><INIT seed="0,0,0,3,2,84" ten="350,350,350,0" oya="0" hai0="57,92,37,111,79,99,118,38,1,68,120,56,100" hai1="78,96,122,90,55,33,83,32,102,75,64,132,135" hai2="67,3,74,124,113,104,119,103,89,128,88,49,66" hai3=""/><T130/><N who="0" m="30752" /><T115/><D118/><U81/><N who="1" m="31264" /><U125/><E125/><V105/><F113/><T133/><D115/><U129/><E129/><V117/><F74/><T35/><D68/><U40/><E40/><V0/><F49/><T114/><D133/><N who="1" m="51275" /><E64/><V108/><F108/><T43/><D35/><U63/><E63/><V109/><F109/><T86/><D1/><U52/><E83/><V39/><F39/><T82/><D37/><U51/><E90/><V59/><F103/><T123/><N who="0" m="31520" /><T2/><D2/><U60/><E60/><V98/><F124/><T50/><D38/><U94/><E55/><V97/><REACH who="2" step="1"/><F59/><AGARI ba="0,0" hai="32,33,51,52,59,75,78,81,94,96,102" m="51275,31264" machi="59" ten="30,3900,0" yaku="20,1,52,1,54,1" doraHai="84" who="1" fromWho="2" sc="350,0,350,39,350,-39,0,0" /><INIT seed="1,0,0,4,1,102" ten="350,389,311,0" oya="1" hai0="82,134,116,92,32,120,78,39,119,52,40,66,94" hai1="87,70,109,68,90,121,127,62,76,1,43,58,33" hai2="132,106,63,107,36,65,42,91,56,99,83,129,128" hai3=""/><U97/><N who="1" m="31008" /><U48/><E33/><V49/><F36/><T60/><N who="0" m="30752" /><T34/><D134/><U135/><E1/><V59/><F132/><T113/><D113/><U57/><E135/><V130/><F99/><T37/><D92/><U73/><E127/><V85/><REACH who="2" step="1"/><F59/><REACH who="2" ten="350,389,301,0" step="2"/><T71/><D32/><U81/><E97/><V2/><F2/><T96/><D34/><U51/><E109/><V80/><F80/><T79/><D82/><U45/><E57/><V72/><F72/><T47/><D37/><U123/><N who="1" m="31520" /><U44/><E44/><AGARI ba="0,1" hai="42,44,49,56,63,65,83,85,91,106,107,128,129,130" machi="44" ten="40,8000,1" yaku="1,1,19,1,52,2,53,1" doraHai="102" doraHaiUra="61" who="2" fromWho="1" sc="350,0,389,-80,301,90,0,0" /><INIT seed="2,0,0,4,4,131" ten="350,309,391,0" oya="2" hai0="0,76,95,83,120,63,92,48,79,125,110,82,42" hai1="3,116,2,108,127,84,91,100,61,44,135,117,130" hai2="85,67,64,119,35,98,32,88,71,33,97,39,102" hai3=""/><V118/><F39/><T36/><N who="0" m="30752" /><T56/><D0/><U93/><E130/><V54/><F54/><T113/><D110/><U52/><E108/><V65/><F71/><T128/><D36/><U90/><E127/><V105/><REACH who="2" step="1"/><F98/><REACH who="2" ten="350,309,381,0" step="2"/><T109/><D109/><U86/><E2/><V68/><F68/><T112/><D128/><U94/><E3/><V34/><N who="2" m="8192" /><DORA hai="74" /><V49/><F49/><T47/><D48/><U111/><E111/><V41/><F41/><T114/><D42/><U66/><E116/><V106/><F106/><T57/><D113/><U134/><E117/><V78/><F78/><T38/><D76/><U107/><E107/><V129/><F129/><T70/><D79/><U75/><E52/><V53/><F53/><T103/><D70/><U99/><E44/><V80/><AGARI ba="0,1" hai="64,65,67,80,85,88,97,102,105,118,119" m="8192" machi="80" ten="60,7800,0" yaku="1,1,0,1,54,1,53,0" doraHai="131,74" doraHaiUra="50,46" who="2" fromWho="2" sc="350,-39,309,-39,381,88,0,0" /><INIT seed="2,1,0,5,5,134" ten="311,270,469,0" oya="2" hai0="35,105,80,111,76,124,125,117,110,75,39,53,118" hai1="82,58,55,120,107,130,123,42,77,86,54,129,104" hai2="106,50,73,92,49,79,127,84,67,0,128,43,100" hai3=""/><V1/><F128/><T40/><D53/><U121/><N who="1" m="30752" /><U101/><N who="1" m="31008" /><U33/><N who="1" m="31520" /><U113/><E33/><V102/><F67/><T45/><D105/><U135/><E113/><V37/><F37/><T95/><D95/><U60/><E135/><V89/><F100/><T119/><D35/><U38/><E104/><V94/><F94/><T47/><D45/><U90/><E77/><V65/><F65/><T3/><D3/><U88/><E90/><V51/><F43/><T114/><D114/><U63/><E42/><V87/><F87/><T64/><D64/><U78/><E78/><V44/><F44/><T85/><D85/><U36/><E101/><V70/><F70/><T112/><D112/><U116/><E107/><V74/><F74/><T93/><D93/><U96/><E116/><V61/><F61/><T48/><D48/><U132/><E96/><V68/><F0/><T108/><AGARI ba="1,0" hai="39,40,47,75,76,80,108,110,111,117,118,119,124,125" machi="108" ten="40,9000,2" yaku="0,1,14,1,23,2,52,2" doraHai="134" who="0" fromWho="0" sc="311,92,270,-31,469,-61,0,0" /><INIT seed="4,0,0,4,3,69" ten="403,239,408,0" oya="0" hai0="118,60,86,67,108,36,81,65,77,95,98,135,92" hai1="63,134,132,126,123,120,131,72,101,78,1,89,0" hai2="75,40,53,71,106,109,88,96,52,45,99,87,80" hai3=""/><T129/><D118/><U68/><N who="1" m="30752" /><U128/><N who="1" m="31520" /><U46/><E101/><V32/><F109/><T56/><D135/><N who="1" m="51755" /><E89/><V37/><F32/><T59/><D129/><N who="1" m="49739" /><E46/><V73/><F71/><T111/><D108/><U70/><E70/><V49/><F53/><T85/><D111/><U47/><E47/><V119/><F119/><T133/><D133/><U113/><E113/><V125/><F125/><T34/><D34/><U33/><E33/><V84/><F106/><T3/><D3/><U102/><E102/><V93/><F99/><T124/><D124/><U35/><E35/><V76/><F96/><T83/><D98/><U39/><E39/><V103/><F103/><T100/><D36/><U82/><E126/><V62/><F62/><T94/><D100/><U74/><E74/><V43/><F43/><T127/><D127/><U55/><E55/><V121/><N who="2" m="31008" /><V38/><F37/><T79/><D95/><U116/><E116/><V54/><F54/><T66/><D66/><AGARI ba="0,0" hai="0,1,63,66,68,72,78,82" m="49739,51755,31520,30752" machi="66" ten="30,8000,1" yaku="20,1,19,1,23,1,52,2" doraHai="69" who="1" fromWho="0" sc="403,-80,239,80,408,0,0,0" /><INIT seed="5,0,0,4,5,57" ten="323,319,408,0" oya="1" hai0="131,90,64,50,103,34,98,48,88,84,87,60,106" hai1="68,3,67,134,128,80,83,70,74,62,121,2,32" hai2="49,130,101,111,54,63,99,100,94,72,133,105,61" hai3=""/><U108/><N who="1" m="31008" /><U110/><E32/><V59/><F111/><N who="1" m="42537" /><E134/><V65/><F133/><T104/><D131/><U114/><E128/><V125/><F130/><T91/><D34/><U47/><E114/><V73/><F125/><T118/><D118/><U102/><E102/><V78/><F78/><T81/><D104/><U97/><E97/><V42/><F101/><T58/><REACH who="0" step="1"/><D91/><REACH who="0" ten="313,319,408,0" step="2"/><U115/><E115/><V126/><F105/><T135/><D135/><U45/><E70/><V132/><F132/><T113/><D113/><U95/><E95/><AGARI ba="0,1" hai="48,50,58,60,64,81,84,87,88,90,95,98,103,106" machi="95" ten="30,7700,0" yaku="1,1,7,1,52,1,54,1,53,0" doraHai="57" doraHaiUra="109" who="0" fromWho="1" sc="313,87,319,-77,408,0,0,0" /><INIT seed="6,0,0,2,4,80" ten="400,242,408,0" oya="2" hai0="104,93,47,111,130,66,125,119,128,100,1,96,132" hai1="33,41,49,90,82,97,133,88,107,75,37,76,77" hai2="114,108,71,103,118,91,92,122,83,109,85,39,115" hai3=""/><V58/><N who="2" m="31264" /><V87/><F118/><T2/><D119/><U84/><E33/><V54/><F71/><T57/><D111/><N who="2" m="42570" /><F39/><T40/><D125/><U129/><E37/><V34/><F34/><T127/><D127/><U60/><E133/><V59/><F103/><T52/><D66/><U79/><E129/><N who="0" m="49769" /><D104/><U134/><E134/><V86/><F59/><T35/><D35/><U78/><E60/><V3/><F3/><T89/><D100/><U67/><E67/><V62/><F83/><T45/><D132/><U73/><E49/><V43/><F43/><T50/><D47/><U94/><E41/><V0/><F0/><T81/><D81/><U113/><E113/><AGARI ba="0,0" hai="54,58,62,85,86,87,91,92,113,114,115" m="42570,31264" machi="113" ten="30,18000,2" yaku="15,1,10,1,52,4" doraHai="80" who="2" fromWho="1" sc="400,0,242,-180,408,180,0,0" owari="400,0.0,62,-54.0,588,54.0,0,0.0" /></mjloggm>