<mjloggm ver="2.3"><GO type="185" lobby="0"/><UN n0="%79%61%73%73%61%6E" n1="%E9%BA%BB%E9%9B%80%E6%95%99%E5%AE%A4" n2="%E5%A4%A9%E3%83%B6%E7%80%AC%E5%A5%88%E6%9C%88" n3="" dan="16,16,16,0" rate="2232.42,2167.63,2255.88,1500.00" sx="M,M,M,C"/><TAIKYOKU oya="0"/><INIT seed="0,0,0,1,0,132" ten="350,350,350,0" oya="0" hai0="51,112,90,111,68,103,104,54,127,107,91,119,113" hai1="34,105,118,101,109,60,100,42,106,44,95,79,70" hai2="97,93,88,125,58,41,76,96,124,92,43,114,0" hai3=""/><T67/><D119/><U84/><E118/><V63/><F114/><T128/><D67/><U121/><N who="1" m="31008" /><U78/><E34/><V36/><F0/><T59/><D68/><U50/><E109/><V32/><F76/><T87/><D111/><U46/><E70/><V86/><F32/><T71/><D71/><U38/><E60/><V33/><F33/><T56/><D128/><U52/><E79/><V69/><F69/><T53/><D103/><U129/><E129/><V81/><F97/><T102/><D102/><U72/><E72/><V1/><F1/><T47/><D47/><U49/><E38/><V120/><N who="2" m="30752" /><V116/><F116/><T39/><D39/><U108/><E108/><V77/><F93/><T85/><REACH who="0" step="1"/><D51/><REACH who="0" ten="340,350,350,0" step="2"/><U83/><E100/><V37/><F37/><T117/><D117/><U99/><AGARI ba="0,1" hai="42,44,46,49,50,52,78,83,84,95,99,101,105,106" m="31008" machi="99" ten="30,3000,0" yaku="0,1,52,1,54,1" doraHai="132" who="1" fromWho="1" sc="340,-20,350,40,350,-10,0,0" /><INIT seed="1,0,0,2,0,62" ten="320,390,340,0" oya="1" hai0="43,123,60,84,48,38,134,126,93,94,85,130,67" hai1="0,105,77,106,63,98,34,39,107,97,53,69,61" hai2="52,88,50,128,114,135,100,35,111,117,83,91,116" hai3=""/><U55/><E0/><V92/><F35/><T127/><N who="0" m="31520" /><T71/><D38/><U79/><E39/><V115/><F111/><T132/><D85/><U2/><E105/><V86/><F100/><T110/><D110/><U72/><E69/><V49/><F49/><T66/><D84/><U108/><E108/><V57/><F135/><N who="0" m="51754" /><D67/><U68/><E68/><V47/><F47/><T76/><D76/><U89/><E89/><V109/><F128/><T44/><D130/><U51/><E51/><V129/><F129/><T78/><D78/><U96/><E97/><V103/><F103/><T46/><D46/><U101/><E101/><V73/><F109/><T56/><D71/><U40/><E72/><V121/><N who="2" m="31008" /><V58/><F58/><T102/><D102/><U3/><REACH who="1" step="1"/><E40/><REACH who="1" ten="320,380,340,0" step="2"/><V32/><F73/><T99/><D99/><U112/><E112/><N who="2" m="43051" /><F32/><AGARI ba="0,1" hai="2,3,32,34,53,55,61,63,77,79,96,98,106,107" machi="32" ten="25,4800,0" yaku="1,1,22,2,53,0" doraHai="62" doraHaiUra="36" who="1" fromWho="2" sc="320,0,380,58,340,-48,0,0" /><INIT seed="1,1,0,2,2,126" ten="320,438,292,0" oya="1" hai0="0,125,75,124,51,42,127,117,59,36,83,55,76" hai1="46,113,109,35,72,2,74,62,97,119,93,32,89" hai2="131,122,90,108,53,132,63,44,1,34,52,128,39" hai3=""/><U87/><E113/><V37/><N who="2" m="31264" /><V81/><F1/><T45/><REACH who="0" step="1"/><D0/><REACH who="0" ten="310,438,292,0" step="2"/><U77/><E2/><V82/><F34/><T71/><D71/><U114/><E32/><V107/><F108/><T70/><D70/><U73/><E35/><V84/><F132/><T129/><D129/><N who="2" m="49738" /><F107/><T49/><D49/><U88/><E109/><V69/><F82/><T112/><D112/><U95/><E114/><V85/><F85/><T111/><D111/><U38/><E87/><V101/><F101/><T103/><D103/><U135/><E72/><V58/><F69/><T65/><D65/><U56/><E135/><V99/><F99/><T92/><D92/><U66/><E74/><V33/><F33/><T115/><D115/><U130/><E130/><V96/><F96/><T67/><D67/><U98/><E73/><V78/><F78/><T118/><AGARI ba="1,1" hai="36,42,45,51,55,59,75,76,83,117,118,124,125,127" machi="118" ten="40,6000,1" yaku="1,1,0,1,18,1,53,1" doraHai="126" doraHaiUra="50" who="0" fromWho="0" sc="310,72,438,-41,292,-21,0,0" /><INIT seed="2,0,0,0,3,130" ten="382,397,271,0" oya="2" hai0="70,114,55,86,128,94,102,67,57,3,59,91,93" hai1="132,115,78,97,96,62,53,135,77,124,58,33,80" hai2="64,76,0,74,126,40,1,65,87,131,120,82,133" hai3=""/><V107/><N who="2" m="30752" /><V99/><F131/><T39/><D3/><U117/><E115/><V36/><F126/><T79/><D39/><U45/><E33/><V38/><F87/><T110/><D114/><U134/><E124/><V89/><F89/><T106/><D128/><U116/><E45/><V111/><F111/><T92/><D110/><U42/><E42/><V72/><F99/><N who="1" m="37961" /><E77/><V46/><F107/><T43/><D43/><U52/><E53/><V95/><F95/><T122/><N who="0" m="31264" /><T37/><D37/><U50/><E50/><V105/><F105/><T103/><D70/><U75/><AGARI ba="0,0" hai="52,58,62,75,78,80,116,117,132,134,135" m="37961" machi="75" ten="40,6000,1" yaku="20,1,52,3,54,1" doraHai="130" who="1" fromWho="1" sc="382,-20,397,60,271,-40,0,0" /><INIT seed="4,0,0,2,2,70" ten="362,457,231,0" oya="0" hai0="37,32,113,119,77,74,122,55,133,0,73,132,44" hai1="67,98,40,48,114,121,104,42,109,97,108,1,86" hai2="66,69,115,68,103,57,102,84,51,93,128,117,125" hai3=""/><T88/><N who="0" m="31264" /><T36/><D119/><U81/><N who="1" m="31008" /><U106/><E1/><V60/><F117/><T101/><D0/><U110/><E67/><V118/><F118/><T111/><D32/><U3/><E3/><V61/><F115/><T100/><D111/><U38/><E48/><V45/><F128/><T56/><D113/><U79/><E114/><V107/><F107/><T131/><D131/><U135/><E135/><N who="0" m="51785" /><D88/><U43/><REACH who="1" step="1"/><E38/><REACH who="1" ten="362,447,231,0" step="2"/><N who="0" m="14953" /><D44/><U75/><E75/><N who="0" m="28681" /><D77/><U64/><E64/><V130/><F66/><T90/><D90/><U76/><E76/><V53/><F45/><T50/><AGARI ba="0,1" hai="50,55,56,100,101" m="28681,14953,51785,31264" machi="50" ten="40,8000,1" yaku="20,1,52,4" doraHai="70" who="0" fromWho="0" sc="362,90,447,-40,231,-40,0,0" /><INIT seed="4,1,0,4,5,100" ten="452,407,191,0" oya="0" hai0="64,76,109,70,55,41,74,3,103,116,44,72,0" hai1="62,53,92,71,111,118,48,99,36,113,58,39,46" hai2="43,108,84,130,104,121,115,89,93,117,131,52,105" hai3=""/><T125/><D116/><U129/><E118/><V106/><N who="2" m="31008" /><V101/><F117/><T32/><D32/><U133/><E111/><V2/><F2/><T77/><D103/><U122/><N who="1" m="31264" /><U34/><E34/><V83/><F108/><T50/><D125/><U102/><E129/><N who="2" m="49163" /><F43/><T69/><D109/><U110/><E110/><V63/><F115/><T82/><D55/><U91/><E113/><V128/><N who="2" m="49171" /><V1/><DORA hai="132" /><F1/><T120/><N who="0" m="30752" /><T49/><D49/><U78/><E78/><V97/><F63/><T65/><D65/><U135/><E71/><V96/><F52/><T134/><D134/><N who="1" m="51211" /><E91/><AGARI ba="1,0" hai="83,84,89,91,93,96,97,101,104,105,106" m="49171,31008" machi="91" ten="40,12000,2" yaku="19,1,34,2,52,4" doraHai="100,132" who="2" fromWho="1" sc="452,0,407,-122,191,122,0,0" /><INIT seed="5,0,0,0,3,52" ten="452,285,313,0" oya="1" hai0="70,83,109,121,102,41,80,79,103,33,56,3,58" hai1="45,123,68,54,120,55,50,106,74,81,114,85,0" hai2="133,126,94,48,96,72,71,104,132,61,76,128,95" hai3=""/><U97/><N who="1" m="30752" /><U75/><N who="1" m="31520" /><U135/><E0/><V2/><F2/><T105/><N who="0" m="31008" /><T42/><D70/><U100/><E68/><V78/><F128/><T32/><D79/><N who="2" m="30250" /><F48/><T43/><D3/><U115/><E55/><V88/><F61/><T131/><D105/><U49/><E49/><V101/><F71/><T35/><D109/><U36/><E36/><V125/><F72/><T39/><D39/><U119/><E119/><V92/><F88/><T59/><D131/><U53/><E53/><V62/><F62/><T113/><D113/><N who="1" m="43019" /><E135/><AGARI ba="0,0" hai="92,94,95,96,101,104,125,126,132,133,135" m="30250" machi="135" ten="40,5200,0" yaku="20,1,34,2" doraHai="52" who="2" fromWho="1" sc="452,0,285,-52,313,52,0,0" /><INIT seed="6,0,0,4,1,102" ten="452,233,365,0" oya="2" hai0="47,70,94,50,127,43,96,128,34,91,104,78,93" hai1="69,48,113,107,108,129,55,122,114,123,82,89,39" hai2="110,100,45,56,42,130,90,120,2,3,58,77,33" hai3=""/><V99/><N who="2" m="30752" /><V54/><F33/><T35/><D104/><U51/><N who="1" m="31264" /><U126/><N who="1" m="31520" /><U117/><E108/><V60/><F130/><T67/><D128/><U1/><E129/><V64/><F110/><T72/><D127/><U41/><E1/><V124/><F90/><T92/><D92/><U63/><E126/><V40/><F77/><T0/><D0/><U119/><E82/><V101/><F101/><T95/><D95/><U103/><E89/><V61/><F42/><T44/><D67/><U68/><E39/><V106/><REACH who="2" step="1"/><F124/><REACH who="2" ten="452,233,355,0" step="2"/><T88/><D78/><U59/><E103/><V87/><F87/><T116/><D35/><U49/><E41/><V125/><F125/><T36/><D34/><U57/><E107/><V80/><F80/><T46/><D91/><U112/><REACH who="1" step="1"/><E59/><REACH who="1" ten="452,223,355,0" step="2"/><V132/><F132/><T65/><D88/><U75/><E75/><V109/><F109/><T84/><D72/><U118/><AGARI ba="0,2" hai="48,49,51,55,57,63,68,69,112,113,114,117,118,119" m="31520,31264" machi="118" ten="50,18000,4" yaku="1,1,0,1,29,2,15,1,12,1,34,3,52,2,53,0" doraHai="102" doraHaiUra="135" who="1" fromWho="1" sc="452,-60,223,200,355,-120,0,0" owari="392,-1.0,423,37.0,235,-36.0,0,0.0" /></mjloggm>