<mjloggm ver="2.3"><GO type="169" lobby="0"/><UN n0="%31%74%61" n1="%E3%82%B5%E3%83%B3%26%E3%83%A0%E3%83%BC%E3%83%B3" n2="%E3%83%AF%E3%83%B3%E3%83%81%E3%83%A3%E3%83%B3" n3="%74%6F%72%69%30%36%31%32" dan="16,17,16,17" rate="2072.51,2141.94,2132.54,2144.77" sx="M,M,M,M"/><TAIKYOKU oya="0"/><INIT seed="0,0,0,2,2,46" ten="250,250,250,250" oya="0" hai0="38,125,117,33,34,90,54,114,78,113,111,107,44" hai1="80,81,7,79,96,27,56,52,60,32,89,101,73" hai2="110,131,50,71,2,8,75,29,94,133,43,61,12" hai3="4,9,45,5,102,51,118,49,98,18,70,74,48"/><T47/><D117/><U134/><E134/><V42/><F75/><W55/><G74/><T127/><D107/><U132/><E132/><V86/><F2/><W106/><G70/><T77/><D90/><U95/><E7/><V13/><F29/><W120/><G118/><T28/><D28/><U72/><E32/><N who="0" m="12393" /><D54/><U84/><REACH who="1" step="1"/><E27/><REACH who="1" ten="250,240,250,250" step="2"/><V122/><F133/><W69/><G5/><T24/><D24/><U100/><E100/><V64/><F13/><W35/><G35/><T57/><D113/><U97/><E97/><V59/><F12/><W108/><G120/><T17/><D114/><U92/><E92/><V36/><F94/><N who="3" m="58711" /><G69/><T40/><D127/><U126/><E126/><V37/><F71/><W93/><G106/><T124/><D124/><U67/><E67/><V99/><F64/><W123/><G123/><T11/><D125/><U6/><E6/><V82/><F99/><W65/><G4/><T87/><D111/><U85/><AGARI ba="0,1" hai="52,56,60,72,73,79,80,81,84,85,89,95,96,101" machi="85" ten="20,12000,2" yaku="1,1,0,1,7,1,54,1,53,2" doraHai="46" doraHaiUra="104" who="1" fromWho="1" sc="250,-60,240,130,250,-30,250,-30" /><INIT seed="1,0,0,2,3,27" ten="190,370,220,220" oya="1" hai0="75,3,103,86,91,73,18,24,124,68,119,108,106" hai1="34,118,54,109,57,130,58,22,7,23,56,117,122" hai2="10,100,112,17,43,74,92,38,53,113,107,89,48" hai3="94,98,135,66,52,102,14,126,60,125,35,115,40"/><U1/><E122/><V8/><F74/><W46/><G115/><T88/><D3/><U104/><E104/><V85/><F43/><W90/><G35/><T9/><D119/><U20/><E34/><V0/><F38/><W105/><G14/><T64/><D108/><U70/><E70/><V97/><F0/><W129/><G52/><T12/><D124/><N who="3" m="47721" /><G135/><T11/><D11/><U121/><E121/><V93/><F107/><W5/><G5/><T95/><D91/><U128/><E7/><V41/><F41/><W133/><G129/><N who="1" m="49770" /><E1/><V101/><F101/><W51/><G133/><T99/><REACH who="0" step="1"/><D24/><REACH who="0" ten="180,370,220,220" step="2"/><U131/><E131/><V49/><F10/><W42/><G90/><T123/><D123/><U13/><E13/><N who="2" m="7335" /><F113/><W63/><G102/><T62/><AGARI ba="0,1" hai="9,12,18,62,64,68,73,75,86,88,95,99,103,106" machi="62" ten="30,4000,0" yaku="1,1,0,1,54,1,53,0" doraHai="27" doraHaiUra="31" who="0" fromWho="0" sc="180,50,370,-20,220,-10,220,-10" /><INIT seed="2,0,0,4,0,72" ten="230,350,210,210" oya="2" hai0="89,125,128,28,131,85,46,60,114,79,76,55,91" hai1="18,62,65,51,2,43,53,15,126,36,83,108,63" hai2="11,78,38,58,29,20,35,134,112,84,13,5,119" hai3="104,16,133,45,54,127,30,120,130,10,121,90,110"/><V118/><F112/><W33/><G104/><T67/><D114/><U66/><E2/><V132/><F38/><W82/><G30/><T17/><D125/><U98/><E126/><V116/><F58/><W95/><G33/><T129/><D28/><U3/><E3/><V122/><F122/><W7/><G127/><T48/><D17/><U47/><E108/><V105/><F105/><W44/><G110/><T19/><D19/><U37/><E98/><V12/><F84/><N who="3" m="50455" /><G7/><T68/><REACH who="0" step="1"/><D89/><REACH who="0" ten="220,350,210,210" step="2"/><U50/><E18/><N who="2" m="10311" /><F78/><W22/><G121/><T101/><D101/><U99/><E15/><V31/><F31/><W97/><G120/><T34/><D34/><U81/><E99/><V94/><F94/><AGARI ba="0,1" hai="46,48,55,60,67,68,76,79,85,91,94,128,129,131" machi="94" ten="40,8000,1" yaku="1,1,19,1,52,2,53,1" doraHai="72" doraHaiUra="57" who="0" fromWho="2" sc="220,90,350,0,210,-80,210,0" /><INIT seed="3,0,0,3,5,55" ten="310,350,130,210" oya="3" hai0="56,9,8,123,6,119,107,121,105,115,19,5,85" hai1="74,76,124,67,126,27,68,95,99,14,36,87,21" hai2="70,110,117,61,104,84,112,108,18,45,102,54,59" hai3="131,64,48,71,11,7,106,0,118,79,57,38,130"/><W83/><G106/><T24/><D119/><U30/><E36/><V113/><F102/><W77/><G38/><T62/><D115/><U90/><E74/><V23/><F104/><W94/><G118/><T53/><D85/><U35/><E68/><V75/><F117/><W81/><G71/><T3/><D105/><U41/><E41/><V22/><F75/><W15/><G94/><T43/><D107/><U13/><E67/><V116/><F116/><W78/><G0/><T10/><D43/><U98/><E98/><V37/><F84/><W72/><G48/><T122/><REACH who="0" step="1"/><D3/><REACH who="0" ten="300,350,130,210" step="2"/><U12/><E87/><V63/><F113/><W2/><G2/><T32/><D32/><U103/><E76/><V91/><F112/><W96/><G72/><T65/><D65/><U29/><E35/><V49/><F37/><W33/><G33/><T111/><D111/><U93/><E124/><V127/><F127/><W60/><REACH who="3" step="1"/><G96/><REACH who="3" ten="300,350,130,200" step="2"/><T17/><D17/><U31/><E126/><V1/><F18/><W25/><G25/><T47/><D47/><U129/><E31/><V133/><F1/><W73/><G73/><T97/><D97/><U86/><E30/><V44/><F110/><W69/><G69/><T20/><AGARI ba="0,2" hai="5,6,8,9,10,19,20,24,53,56,62,121,122,123" machi="20" ten="40,12000,2" yaku="1,1,0,1,52,1,53,3" doraHai="55" doraHaiUra="4" who="0" fromWho="0" sc="300,140,350,-30,130,-30,200,-60" /><INIT seed="4,0,0,5,3,51" ten="440,320,100,140" oya="0" hai0="82,22,91,71,56,102,113,90,16,6,69,73,135" hai1="14,9,40,118,13,57,29,100,80,101,119,94,114" hai2="107,30,108,0,104,33,49,74,37,77,36,21,25" hai3="39,43,79,11,46,84,20,64,1,12,92,106,124"/><T70/><D113/><U126/><E126/><V63/><F21/><W55/><G106/><T31/><D135/><U116/><E114/><V52/><F108/><W95/><G124/><T35/><D102/><U47/><E29/><V26/><F26/><W81/><G64/><T89/><D6/><U7/><E94/><V98/><F0/><W45/><G20/><T127/><D127/><U103/><E80/><V111/><F111/><W121/><G1/><T60/><D31/><U125/><E125/><V62/><F107/><W15/><G15/><T2/><D2/><U50/><E14/><V85/><F74/><W97/><G121/><T53/><D35/><U66/><REACH who="1" step="1"/><E116/><REACH who="1" ten="440,310,100,140" step="2"/><V120/><F120/><W110/><G110/><T24/><REACH who="0" step="1"/><D73/><REACH who="0" ten="430,310,100,140" step="2"/><U34/><E34/><V131/><F33/><W19/><G97/><T75/><D75/><U38/><E38/><V41/><F30/><W123/><G123/><T4/><D4/><U93/><E93/><V112/><F98/><W83/><G83/><AGARI ba="0,2" hai="16,22,24,53,56,60,69,70,71,82,83,89,90,91" machi="83" ten="50,9600,0" yaku="1,1,52,1,54,1,53,0" doraHai="51" doraHaiUra="42" who="0" fromWho="3" sc="430,116,310,0,100,0,140,-96" /><INIT seed="4,1,0,5,5,101" ten="546,310,100,44" oya="0" hai0="112,119,28,33,123,46,128,56,109,58,49,117,82" hai1="94,55,34,48,100,2,111,78,9,105,83,86,57" hai2="63,64,60,95,135,89,126,12,75,124,87,0,104" hai3="132,62,13,67,110,70,25,42,76,122,130,45,19"/><T38/><D123/><U35/><E111/><V134/><F0/><W43/><G110/><T24/><D109/><U79/><E79/><V102/><F12/><W11/><G122/><T98/><D112/><U22/><E22/><V7/><F7/><W26/><G130/><T106/><D128/><U17/><E17/><V90/><F75/><W91/><G132/><N who="2" m="50729" /><F63/><W85/><G76/><T115/><D115/><U36/><E36/><V88/><F60/><W107/><G107/><T18/><D38/><U114/><E114/><V39/><F39/><W125/><G125/><N who="2" m="48233" /><F64/><W8/><G8/><T1/><D1/><U10/><E10/><V118/><F118/><W53/><G26/><T15/><D82/><U133/><E133/><V31/><F31/><W32/><G25/><T116/><D18/><U5/><E105/><V65/><F65/><W4/><G4/><T74/><D15/><U44/><E57/><V20/><F20/><W21/><G32/><T77/><D77/><U37/><E37/><V51/><F51/><N who="3" m="28911" /><G21/><T23/><D74/><U14/><E2/><V129/><F129/><W108/><G108/><T71/><D71/><U93/><E34/><V27/><F27/><W103/><G103/><N who="0" m="62839" /><D33/><U99/><E35/><V6/><F6/><W80/><AGARI ba="1,0" hai="11,13,19,42,43,62,67,70,80,85,91" m="28911" machi="80" ten="30,1100,0" yaku="25,1" doraHai="101" who="3" fromWho="3" sc="546,-6,310,-4,100,-4,44,14" /><INIT seed="5,0,0,0,5,7" ten="540,306,96,58" oya="1" hai0="20,95,94,62,53,4,75,111,2,40,24,48,116" hai1="89,14,55,42,86,107,8,30,99,121,93,88,12" hai2="22,132,72,102,32,28,120,90,17,21,100,23,61" hai3="52,63,59,1,49,77,126,56,81,87,127,82,135"/><U13/><E121/><V119/><F72/><W50/><G1/><T71/><D111/><U79/><E79/><V133/><F119/><W19/><G135/><N who="2" m="51785" /><F120/><W35/><G35/><T18/><D40/><U105/><E105/><V104/><F61/><W80/><G19/><T29/><D75/><U134/><E134/><V64/><F64/><W15/><G15/><T106/><D106/><U98/><E42/><V67/><F67/><W108/><G108/><T113/><D113/><U83/><E30/><V11/><F90/><W47/><G59/><T74/><D74/><U41/><E41/><V31/><F102/><W114/><G114/><T0/><D0/><U3/><E3/><V112/><F100/><W117/><G50/><T91/><D71/><U97/><E107/><V103/><F103/><W58/><G58/><T33/><D62/><U96/><REACH who="1" step="1"/><E55/><REACH who="1" ten="540,296,96,58" step="2"/><V46/><F104/><W128/><G117/><T26/><D116/><U57/><E57/><V124/><F112/><W25/><G56/><T109/><D53/><U66/><E66/><V44/><F31/><W43/><G43/><T10/><D109/><U73/><E73/><V34/><F28/><W123/><G123/><T5/><D2/><U45/><E45/><V68/><F68/><W38/><G63/><T118/><D118/><U76/><E76/><V131/><F46/><W16/><G47/><T92/><D29/><U115/><E115/><V130/><F44/><W36/><G77/><T125/><D33/><N who="2" m="12906" /><F124/><W101/><G126/><T54/><D54/><U122/><E122/><V60/><F60/><W37/><G127/><RYUUKYOKU ba="0,1" sc="540,-15,296,15,96,15,58,-15" hai1="8,12,13,14,83,86,88,89,93,96,97,98,99" hai2="11,17,21,22,23,130,131" /><INIT seed="5,1,1,4,2,46" ten="525,311,111,43" oya="1" hai0="9,39,28,92,1,25,0,36,29,82,6,52,69" hai1="34,99,121,20,50,110,68,2,134,111,94,125,16" hai2="101,15,48,102,30,38,126,74,53,76,22,63,103" hai3="45,128,108,85,47,79,72,17,54,119,73,118,123"/><U41/><E121/><V88/><F38/><W131/><G123/><T91/><D69/><U65/><E34/><V98/><F74/><N who="3" m="28779" /><G108/><N who="1" m="41514" /><E2/><V59/><F76/><W58/><G17/><T115/><D115/><U97/><E125/><V55/><F126/><W12/><G12/><T42/><D82/><U124/><E134/><V37/><F37/><W8/><G8/><T78/><D78/><U64/><E124/><V67/><F15/><W83/><G47/><T4/><D4/><U127/><E127/><V66/><F22/><W95/><G45/><T7/><D7/><U57/><E68/><V109/><F30/><W135/><G135/><T105/><D1/><U10/><E10/><V21/><F21/><W84/><G58/><T60/><D9/><U32/><E32/><V80/><F109/><W129/><G54/><T106/><D6/><U61/><E50/><V35/><F35/><W122/><G122/><T93/><D0/><U114/><E114/><V33/><F33/><W77/><G95/><T19/><D39/><U40/><E65/><V23/><F23/><W86/><G79/><T18/><D36/><U62/><E62/><V27/><F27/><W107/><G107/><T43/><D60/><U81/><E81/><V31/><F31/><W26/><G26/><T70/><D70/><U49/><E49/><V116/><F80/><W11/><G11/><T90/><D25/><N who="1" m="14471" /><E94/><N who="2" m="56647" /><F67/><W132/><G132/><T104/><D104/><U112/><E112/><V89/><F66/><W75/><AGARI ba="1,1" hai="75,77,83,84,85,86,118,119,128,129,131" m="28779" machi="75" ten="40,5200,0" yaku="19,1,34,2" doraHai="46" who="3" fromWho="3" sc="525,-14,311,-27,111,-14,43,65" /><INIT seed="6,0,0,5,1,124" ten="511,284,97,108" oya="2" hai0="95,55,110,72,59,126,132,43,26,2,20,10,25" hai1="121,31,11,102,75,103,82,45,67,51,85,96,115" hai2="57,100,35,12,22,112,73,41,28,36,93,77,97" hai3="8,0,19,123,80,50,56,130,131,133,114,83,60"/><V53/><F112/><W86/><G123/><T81/><D110/><U90/><E121/><V47/><F35/><W62/><G83/><T119/><D126/><U94/><E115/><V30/><F73/><W16/><G50/><T76/><D132/><U101/><E75/><V15/><F77/><W113/><G133/><T17/><D95/><U1/><E31/><V74/><F74/><W46/><G46/><T79/><D79/><U107/><E67/><V129/><F129/><N who="3" m="49163" /><G62/><T44/><D119/><U116/><E116/><V18/><REACH who="2" step="1"/><F12/><REACH who="2" ten="511,284,87,108" step="2"/><N who="3" m="7175" /><G0/><T118/><D2/><U65/><E1/><V4/><F4/><W52/><G19/><T38/><D17/><U42/><E107/><V29/><F29/><W134/><G134/><T14/><D72/><U111/><E111/><V117/><F117/><W135/><G135/><T99/><D76/><AGARI ba="0,1" hai="52,56,60,76,80,86,113,114" m="7175,49163" machi="76" ten="30,12000,2" yaku="19,1,52,3,54,2" doraHai="124" who="3" fromWho="0" sc="511,-120,284,0,87,0,108,130" /><INIT seed="7,0,0,1,0,36" ten="391,284,87,238" oya="3" hai0="104,77,117,57,94,122,14,118,0,2,102,133,61" hai1="35,27,46,71,100,39,67,131,8,134,6,73,16" hai2="33,68,1,128,60,107,113,11,121,53,91,34,109" hai3="130,106,119,81,63,95,59,52,125,112,21,69,51"/><W76/><G106/><T9/><D122/><U89/><E73/><V25/><F91/><W23/><G119/><T101/><D133/><U88/><E134/><V19/><F53/><W38/><G125/><T31/><D77/><U32/><E131/><V120/><F60/><W50/><G130/><T41/><D41/><U111/><E111/><V108/><F128/><W116/><G116/><T132/><D31/><U80/><E89/><V79/><F79/><W13/><G38/><T7/><D132/><U20/><E100/><V135/><F68/><W10/><G95/><T93/><D104/><U127/><E127/><V115/><F107/><W90/><G90/><T30/><D30/><U29/><E71/><V18/><F135/><W22/><G69/><T58/><D14/><U28/><E67/><V55/><F55/><W17/><REACH who="3" step="1"/><G112/><REACH who="3" ten="391,284,87,228" step="2"/><T64/><D94/><U75/><E88/><V5/><F25/><W65/><G65/><T37/><D93/><U42/><E32/><V96/><F96/><W26/><G26/><T86/><D37/><U110/><E35/><V56/><F56/><W84/><AGARI ba="0,1" hai="10,13,17,21,22,23,50,51,52,59,63,76,81,84" machi="84" ten="30,12000,1" yaku="1,1,0,1,8,1,54,1,53,1" doraHai="36" doraHaiUra="12" who="3" fromWho="3" sc="391,-40,284,-40,87,-40,228,130" owari="351,15.0,244,-16.0,47,-45.0,358,46.0" /></mjloggm>