<mjloggm ver="2.3"><GO type="169" lobby="0"/><UN n0="%45%6D%69%75" n1="%43%6F%6D%65%64%69%61%6E" n2="%EF%BC%98%EF%BC%90%EF%BC%90%EF%BC%98" n3="%E3%83%90%E3%83%AA%E3%83%88%E3%83%B3" dan="18,16,17,16" rate="2295.56,2144.65,2178.27,2185.60" sx="M,M,M,M"/><TAIKYOKU oya="0"/><INIT seed="0,0,0,1,4,123" ten="250,250,250,250" oya="0" hai0="114,77,49,27,4,109,129,56,14,89,99,133,73" hai1="122,101,65,1,91,48,79,47,111,81,40,50,105" hai2="6,52,10,115,35,64,59,87,85,15,82,107,71" hai3="70,63,92,112,120,96,108,43,128,30,36,103,33"/><T20/><D114/><U45/><E122/><V60/><F115/><W74/><G112/><T78/><D129/><U72/><E1/><V53/><F107/><W46/><G120/><T67/><D133/><U34/><E34/><V2/><F35/><W28/><G74/><T69/><D69/><U17/><E65/><V117/><F117/><W44/><G128/><T29/><D73/><U131/><E131/><V121/><F121/><W0/><G0/><T88/><D109/><U38/><E111/><V113/><F113/><W126/><G126/><T24/><D24/><U68/><E68/><V54/><F2/><W8/><G8/><N who="0" m="4359" /><D49/><U25/><E91/><N who="0" m="34889" /><D99/><U62/><E62/><AGARI ba="0,0" hai="20,27,29,56,62,67,77,78" m="34889,4359" machi="62" ten="30,2900,0" yaku="8,1,54,1" doraHai="123" who="0" fromWho="1" sc="250,29,250,-29,250,0,250,0" /><INIT seed="0,1,0,4,2,118" ten="279,221,250,250" oya="0" hai0="7,84,54,87,38,14,35,128,63,108,74,117,119" hai1="52,66,126,123,24,12,57,115,32,71,30,33,76" hai2="135,129,105,28,62,64,4,16,9,94,89,45,77" hai3="86,58,70,10,96,107,133,75,122,95,41,56,92"/><T112/><D74/><U53/><E126/><V0/><F105/><W110/><G75/><T102/><D35/><U37/><E37/><V100/><F100/><W82/><G70/><T59/><D112/><U120/><E33/><V50/><F135/><W19/><G107/><T20/><D38/><U40/><E115/><V121/><F28/><W116/><G116/><T42/><D128/><U51/><E76/><V46/><F77/><W114/><G114/><T93/><D42/><U106/><E106/><V97/><F129/><W85/><G110/><T131/><D131/><U3/><E3/><V83/><F83/><W130/><G41/><T104/><D104/><U17/><E40/><V72/><F72/><W61/><G133/><T78/><D108/><U15/><E15/><V23/><F50/><W18/><G130/><T111/><D111/><U101/><E101/><V67/><F121/><W127/><G127/><T88/><D102/><U125/><E125/><V11/><F11/><W22/><G122/><T29/><D7/><U132/><E132/><V44/><REACH who="2" step="1"/><F62/><REACH who="2" ten="279,221,240,250" step="2"/><W113/><G10/><T8/><D8/><U5/><E5/><V1/><F1/><W60/><G113/><T99/><D78/><U91/><E91/><V48/><F48/><W69/><G82/><T39/><D39/><U31/><E31/><V81/><F81/><W36/><G36/><T109/><D109/><U103/><E103/><V27/><AGARI ba="1,1" hai="0,4,9,16,23,27,44,45,46,64,67,89,94,97" machi="27" ten="30,7900,0" yaku="1,1,0,1,54,1,53,1" doraHai="118" doraHaiUra="90" who="2" fromWho="2" sc="279,-40,221,-21,240,92,250,-21" /><INIT seed="1,0,0,4,2,14" ten="239,200,332,229" oya="1" hai0="80,120,78,119,1,62,70,125,81,54,133,21,5" hai1="60,7,19,67,30,26,11,25,71,28,65,15,64" hai2="123,110,59,105,116,75,95,88,107,84,57,122,66" hai3="44,112,27,46,117,77,135,121,22,41,118,47,17"/><U36/><E36/><V68/><F116/><N who="3" m="44651" /><G112/><T102/><D119/><U8/><E71/><V98/><F110/><W13/><G121/><T93/><D120/><U10/><E60/><V132/><F68/><W56/><G77/><T103/><D125/><U72/><E72/><V53/><F132/><W114/><G114/><T23/><D133/><U79/><E79/><V74/><F66/><W97/><G135/><T128/><D5/><U89/><E89/><V131/><F131/><W42/><G97/><T63/><D1/><U29/><E7/><V111/><F111/><W24/><G56/><T9/><D78/><U40/><E40/><AGARI ba="0,0" hai="13,17,22,24,27,40,41,42,44,46,47" m="44651" machi="40" ten="30,2000,0" yaku="12,1,52,1" doraHai="14" who="3" fromWho="1" sc="239,0,200,-20,332,0,229,20" /><INIT seed="2,0,0,1,3,109" ten="239,180,332,249" oya="2" hai0="25,28,106,135,98,121,75,26,20,92,96,64,54" hai1="130,76,113,126,86,118,17,22,111,8,52,70,11" hai2="30,101,46,66,131,41,105,102,79,62,73,114,110" hai3="81,12,125,38,94,132,60,72,117,43,103,6,91"/><V107/><F110/><W133/><G117/><T31/><D121/><U65/><E118/><V68/><F131/><W9/><G125/><T69/><D135/><U3/><E111/><V37/><F102/><W61/><G103/><T74/><D106/><U95/><E130/><V48/><F114/><W57/><G38/><T88/><D96/><U116/><E116/><V90/><F90/><W119/><G43/><T0/><D0/><U1/><E126/><V29/><F79/><W36/><G36/><T100/><D100/><U15/><E113/><V49/><F73/><W10/><G119/><T112/><D112/><U18/><E65/><V59/><F49/><W4/><G81/><T7/><D7/><U83/><E70/><V71/><F71/><W99/><G72/><T42/><D42/><U14/><E22/><V51/><F51/><W40/><G40/><T27/><D27/><U93/><E3/><V129/><F129/><W55/><REACH who="3" step="1"/><G61/><REACH who="3" ten="239,180,332,239" step="2"/><T115/><D75/><U21/><E1/><AGARI ba="0,1" hai="1,4,6,9,10,12,55,57,60,91,94,99,132,133" machi="1" ten="40,2600,0" yaku="1,1,2,1,53,0" doraHai="109" doraHaiUra="47" who="3" fromWho="1" sc="239,0,180,-26,332,0,239,36" /><INIT seed="3,0,0,5,2,48" ten="239,154,332,275" oya="3" hai0="78,91,90,12,85,101,119,46,3,18,39,1,8" hai1="88,133,129,56,112,49,0,57,34,15,29,38,93" hai2="45,111,2,120,118,80,37,96,32,95,42,110,58" hai3="72,105,86,132,68,53,52,124,5,75,71,17,25"/><W74/><G105/><T66/><D119/><U9/><E38/><V116/><F2/><W24/><G5/><T22/><D101/><U20/><E0/><V76/><F32/><W64/><G132/><T99/><D66/><U115/><E34/><V103/><F120/><W13/><G124/><T23/><D78/><U36/><E36/><V89/><F103/><W41/><G41/><T19/><D99/><U100/><E100/><V117/><REACH who="2" step="1"/><F58/><REACH who="2" ten="239,154,322,275" step="2"/><W104/><G71/><T69/><D69/><U28/><E57/><V67/><F67/><W79/><G104/><T81/><D3/><U127/><E56/><V114/><F114/><W106/><G106/><T123/><D1/><U122/><E115/><V27/><F27/><W31/><G25/><T73/><D123/><U16/><E112/><V83/><F83/><W109/><G64/><T84/><D81/><U50/><E122/><V128/><F128/><W54/><G68/><T121/><D121/><U60/><E129/><V44/><F44/><W10/><G109/><T47/><D46/><U35/><E35/><V59/><F59/><W40/><G40/><T77/><D47/><U107/><E60/><V87/><AGARI ba="0,1" hai="37,42,45,76,80,87,89,95,96,110,111,116,117,118" machi="87" ten="40,5200,0" yaku="1,1,0,1,53,1" doraHai="48" doraHaiUra="94" who="2" fromWho="2" sc="239,-13,154,-13,322,62,275,-26" /><INIT seed="4,0,0,5,1,92" ten="226,141,384,249" oya="0" hai0="91,29,17,42,73,12,122,8,111,74,130,40,37" hai1="107,43,105,15,53,103,14,54,106,118,46,59,38" hai2="30,34,80,41,27,76,65,36,77,87,114,102,51" hai3="79,58,119,45,117,61,134,44,26,68,3,121,62"/><T93/><D122/><U47/><E118/><V95/><F114/><W115/><G3/><T99/><D130/><U112/><E112/><V90/><F36/><W32/><G115/><T31/><D111/><U113/><E113/><V10/><F65/><W89/><G79/><T0/><D0/><U88/><E47/><V98/><F41/><W126/><G89/><T63/><D73/><U22/><E103/><V64/><F51/><W21/><G32/><T82/><D74/><U16/><E15/><V109/><F109/><W35/><G35/><T66/><D82/><U101/><E101/><V97/><F64/><W110/><G110/><T127/><D127/><U7/><E7/><V108/><F108/><W4/><G4/><T133/><D133/><U135/><E135/><V50/><F50/><W11/><G11/><T96/><D96/><U67/><E67/><V120/><F120/><W100/><G121/><T86/><D86/><U9/><E9/><V116/><F116/><W48/><G126/><T57/><REACH who="0" step="1"/><D37/><REACH who="0" ten="216,141,384,249" step="2"/><U72/><E72/><V71/><F98/><W78/><G134/><T49/><D49/><U39/><E39/><V13/><F71/><W19/><G48/><T52/><D52/><U124/><E124/><V123/><F123/><W24/><G68/><T25/><D25/><U84/><REACH who="1" step="1"/><E59/><REACH who="1" ten="216,131,384,249" step="2"/><V81/><F81/><AGARI ba="0,2" hai="14,16,22,38,43,46,53,54,81,84,88,105,106,107" machi="81" ten="40,8000,1" yaku="1,1,2,1,54,2,53,0" doraHai="92" doraHaiUra="56" who="1" fromWho="2" sc="216,0,131,100,384,-80,249,0" /><INIT seed="5,0,0,0,4,63" ten="216,231,304,249" oya="1" hai0="57,95,69,108,13,131,36,115,93,135,98,53,86" hai1="38,125,24,90,27,110,65,14,102,119,35,71,94" hai2="1,54,32,45,50,89,118,133,79,51,47,114,49" hai3="106,122,25,87,111,100,81,62,15,127,91,29,72"/><U23/><E119/><V30/><F118/><W39/><G111/><T70/><D108/><U82/><E110/><V21/><F1/><W75/><G122/><T132/><D36/><U60/><E38/><V121/><F121/><W104/><G127/><T99/><D115/><U22/><E125/><V116/><F116/><W109/><G39/><T12/><D86/><U17/><E35/><V55/><F32/><W46/><G46/><T40/><D40/><U3/><E3/><V134/><F79/><W16/><G109/><T124/><D124/><U9/><E102/><V117/><F117/><W26/><G26/><T80/><D80/><U0/><E82/><V123/><F123/><W34/><G62/><T112/><D112/><U97/><E0/><V5/><F5/><W83/><G100/><T59/><REACH who="0" step="1"/><D53/><REACH who="0" ten="206,231,304,249" step="2"/><U18/><REACH who="1" step="1"/><E9/><REACH who="1" ten="206,221,304,249" step="2"/><V43/><F114/><W48/><G83/><T11/><D11/><U10/><E10/><V37/><F37/><W19/><G75/><T56/><D56/><U101/><E101/><V4/><F47/><W64/><G72/><T44/><D44/><U33/><E33/><V2/><F45/><W52/><G81/><T126/><D126/><U20/><E20/><V42/><F42/><W107/><G34/><T68/><D68/><U76/><E76/><V66/><F43/><W129/><G91/><T28/><D28/><U73/><E73/><V8/><F89/><W67/><G29/><T113/><D113/><U130/><E130/><AGARI ba="0,2" hai="12,13,57,59,69,70,93,95,98,99,130,131,132,135" machi="130" ten="25,3200,0" yaku="1,1,22,2,53,0" doraHai="63" doraHaiUra="85" who="0" fromWho="1" sc="206,52,221,-32,304,0,249,0" /><INIT seed="6,0,0,2,1,69" ten="258,189,304,249" oya="2" hai0="131,123,117,81,61,119,34,33,99,9,44,47,91" hai1="127,71,76,7,13,66,35,64,4,25,102,14,22" hai2="134,124,50,125,30,24,51,109,67,20,56,126,92" hai3="107,49,122,2,23,98,21,17,121,106,112,55,132"/><V78/><F134/><W70/><G132/><T95/><D123/><U11/><E35/><V0/><F0/><W48/><G70/><T83/><D131/><U57/><E71/><V19/><F109/><W74/><G74/><T8/><D61/><U42/><E127/><V6/><F6/><W111/><G2/><T16/><D34/><U80/><E102/><V29/><F78/><W97/><G55/><T103/><D33/><U38/><E57/><V31/><REACH who="2" step="1"/><F92/><REACH who="2" ten="258,189,294,249" step="2"/><W73/><G111/><T114/><D95/><U128/><E128/><V39/><F39/><W104/><G104/><T53/><D117/><U88/><E76/><V32/><F32/><W100/><G73/><T116/><D119/><U118/><E118/><V62/><AGARI ba="0,1" hai="19,20,24,29,30,31,50,51,56,62,67,124,125,126" machi="62" ten="40,7800,0" yaku="1,1,0,1,18,1,53,0" doraHai="69" doraHaiUra="129" who="2" fromWho="2" sc="258,-26,189,-26,294,88,249,-26" /><INIT seed="6,1,0,5,2,16" ten="232,163,382,223" oya="2" hai0="21,55,19,24,81,128,101,89,80,34,75,29,115" hai1="67,40,105,84,71,43,118,14,42,73,95,110,18" hai2="26,130,65,60,122,23,66,31,97,93,51,79,48" hai3="52,28,108,41,78,54,0,46,2,112,120,33,121"/><V113/><F122/><W8/><G108/><T27/><D115/><U7/><E110/><V124/><F113/><W30/><G112/><T72/><D128/><U45/><E73/><V9/><F124/><W11/><G78/><T92/><D101/><U126/><E105/><V132/><F132/><W38/><G46/><T117/><D117/><U10/><E118/><V86/><F9/><W17/><G17/><T96/><D75/><U20/><E126/><V87/><F66/><W116/><G116/><T53/><D72/><U39/><E71/><V61/><F61/><W90/><G90/><T114/><D114/><U82/><E95/><V109/><F130/><W111/><G111/><T5/><D5/><U58/><E58/><N who="2" m="37015" /><F109/><W13/><G13/><T104/><D104/><U88/><REACH who="1" step="1"/><E67/><REACH who="1" ten="232,153,382,223" step="2"/><V57/><F57/><W3/><G121/><T62/><D55/><U123/><E123/><V12/><F93/><W131/><G120/><T37/><D53/><U69/><E69/><V1/><F87/><W49/><G54/><T25/><D92/><U133/><E133/><V135/><F86/><W50/><G52/><T76/><D81/><U44/><E44/><V74/><F74/><W83/><G131/><T127/><D127/><U59/><E59/><V77/><F135/><W103/><G83/><T94/><D80/><U70/><E70/><V129/><F129/><W98/><G98/><T22/><D96/><U134/><E134/><V107/><F97/><W32/><G41/><T6/><D94/><U4/><E4/><V35/><F107/><W68/><G68/><T63/><D6/><RYUUKYOKU ba="1,1" sc="232,-10,153,30,382,-10,223,-10" hai1="7,10,14,18,20,39,40,42,43,45,82,84,88" /><INIT seed="7,2,1,2,2,108" ten="222,183,372,213" oya="3" hai0="124,125,130,27,99,114,78,110,67,76,4,14,57" hai1="62,119,112,32,55,95,84,18,103,46,128,72,45" hai2="105,43,22,63,109,94,24,127,81,29,48,17,92" hai3="10,61,98,44,115,9,58,59,68,1,82,131,89"/><W83/><G131/><T42/><D110/><U3/><E72/><V41/><F105/><W30/><G68/><T23/><D130/><U16/><E32/><V12/><F127/><N who="0" m="48714" /><D114/><U126/><E3/><V64/><F81/><N who="3" m="30731" /><G1/><T31/><D42/><N who="2" m="15882" /><F48/><W21/><G44/><N who="1" m="17002" /><E126/><V74/><F74/><W0/><G0/><T34/><D99/><N who="1" m="59903" /><E128/><V73/><F73/><W5/><G115/><T20/><D34/><U70/><E119/><V97/><F97/><W26/><G5/><T121/><D121/><U38/><E38/><V77/><F77/><W118/><G118/><T85/><D85/><U13/><E70/><V53/><F64/><N who="3" m="38967" /><G59/><T39/><D39/><U8/><E112/><V135/><F109/><W66/><G66/><T49/><D4/><N who="1" m="3207" /><E84/><V93/><F135/><W51/><G51/><T120/><D120/><U134/><E134/><V35/><F35/><W86/><G98/><T11/><D49/><U33/><E33/><V133/><F133/><W80/><AGARI ba="2,1" hai="9,10,21,26,30,80,86,89" m="38967,30731" machi="80" ten="30,1500,0" yaku="8,1" doraHai="108" who="3" fromWho="3" sc="222,-7,183,-7,372,-7,213,31" /><INIT seed="7,3,0,5,2,124" ten="215,176,365,244" oya="3" hai0="130,90,127,39,83,31,15,62,97,115,16,121,122" hai1="129,78,52,93,68,28,14,81,82,70,35,134,44" hai2="112,1,89,25,60,63,85,18,118,109,7,20,33" hai3="94,36,128,67,29,119,92,74,107,72,47,38,9"/><W56/><G107/><T84/><D39/><U45/><E134/><V113/><F109/><W133/><G119/><T0/><D0/><U86/><E129/><V103/><F103/><W64/><G29/><T46/><D127/><U61/><E35/><V99/><F99/><W51/><G9/><T73/><D130/><U55/><E28/><V111/><F111/><W71/><G56/><T58/><D115/><N who="2" m="44106" /><F33/><W21/><G21/><T79/><D46/><U12/><E93/><N who="2" m="54447" /><F118/><W123/><G128/><T96/><D96/><U19/><E61/><V88/><F88/><W120/><G51/><T76/><D97/><U117/><E117/><V102/><F102/><W57/><G57/><T53/><D76/><U5/><E5/><V26/><F26/><W98/><G98/><T37/><D79/><U65/><E78/><V105/><F105/><W42/><G47/><T91/><D91/><U126/><E126/><V3/><F7/><W10/><G10/><T34/><D37/><U17/><REACH who="1" step="1"/><E86/><REACH who="1" ten="215,166,365,244" step="2"/><V6/><F6/><W116/><G116/><T101/><D31/><U2/><E2/><AGARI ba="3,1" hai="1,2,3,18,20,25,60,63" m="54447,44106" machi="2" ten="30,1000,0" yaku="15,1" doraHai="124" who="2" fromWho="1" sc="215,0,166,-19,365,29,244,0" owari="215,-18.0,147,-35.0,394,49.0,244,4.0" /></mjloggm>