<mjloggm ver="2.3"><GO type="169" lobby="0"/><UN n0="%E3%81%86%E3%81%91%E3%81%AA%E3%81%8C%E3%81%97%E3%81%BE%E3%81%9B%E3%82%93" n1="%64%72%61%65%74%63" n2="%E6%97%A5%E9%99%B0%E3%81%95%E3%82%93" n3="%E3%82%A4%E3%82%AB%E3%81%AB%E3%82%82%E6%9D%B1%E5%8C%97" dan="16,16,16,17" rate="2127.07,2057.05,2094.45,2167.17" sx="F,M,F,M"/><TAIKYOKU oya="0"/><INIT seed="0,0,0,5,2,28" ten="250,250,250,250" oya="0" hai0="73,106,45,105,69,76,19,55,61,129,3,65,24" hai1="34,126,64,44,71,1,18,79,23,131,33,109,20" hai2="130,53,27,132,47,134,93,12,13,133,82,40,11" hai3="62,74,63,56,2,4,96,72,92,111,97,104,107"/><T37/><D19/><U127/><E1/><V70/><F70/><W46/><G111/><T7/><D55/><U102/><E109/><V38/><F130/><W51/><G2/><T128/><D24/><U89/><E131/><V39/><F39/><W88/><G4/><T22/><D22/><U52/><E79/><V35/><F82/><W98/><G63/><T120/><D120/><U75/><E75/><V32/><F12/><W42/><G104/><T112/><D112/><U90/><E102/><V5/><F27/><W31/><G31/><T119/><D119/><U30/><E64/><V100/><F53/><W118/><G118/><T84/><D84/><U80/><E71/><V81/><F81/><W115/><G115/><T68/><D69/><U8/><E8/><V91/><F100/><W135/><G135/><T66/><D65/><U121/><E121/><V25/><F25/><W9/><G9/><N who="0" m="2303" /><D129/><U122/><E122/><V0/><F0/><W57/><G57/><T14/><D14/><U86/><E90/><V95/><F95/><W87/><REACH who="3" step="1"/><G107/><REACH who="3" ten="250,250,250,240" step="2"/><T49/><D128/><U67/><E67/><AGARI ba="0,1" hai="42,46,51,56,62,67,72,74,87,88,92,96,97,98" machi="67" ten="40,5200,0" yaku="1,1,2,1,54,1,53,0" doraHai="28" doraHaiUra="21" who="3" fromWho="1" sc="250,0,250,-52,250,0,240,62" /><INIT seed="1,0,0,5,1,116" ten="250,198,250,302" oya="1" hai0="26,70,110,126,90,8,17,63,1,62,14,118,38" hai1="117,94,7,10,98,25,39,106,100,97,45,12,82" hai2="111,129,59,99,102,3,35,107,95,4,92,115,42" hai3="130,83,22,21,84,103,134,81,19,79,135,132,76"/><U68/><E117/><V13/><F3/><W109/><G109/><T91/><D118/><U6/><E68/><V89/><F111/><W105/><G130/><T0/><D110/><U46/><E6/><V31/><F129/><W15/><G103/><T5/><D38/><U78/><E25/><V67/><F115/><W69/><G105/><T112/><D112/><U44/><E39/><V64/><F42/><W30/><G69/><T51/><D1/><U128/><E128/><V54/><F31/><W24/><REACH who="3" step="1"/><G83/><REACH who="3" ten="250,198,250,292" step="2"/><T34/><D70/><U88/><REACH who="1" step="1"/><E46/><REACH who="1" ten="250,188,250,292" step="2"/><V50/><F107/><W87/><G87/><AGARI ba="0,2" hai="7,10,12,44,45,78,82,87,88,94,97,98,100,106" machi="87" ten="30,12000,1" yaku="1,1,2,1,7,1,54,1,53,1" doraHai="116" doraHaiUra="73" who="1" fromWho="3" sc="250,0,188,140,250,0,292,-120" /><INIT seed="1,1,0,0,1,52" ten="250,328,250,172" oya="1" hai0="60,59,67,108,23,125,106,116,94,126,53,127,5" hai1="1,10,9,120,86,113,76,123,101,109,79,83,75" hai2="81,22,61,133,47,87,128,66,72,121,95,100,6" hai3="71,131,62,49,110,88,58,82,84,99,103,107,29"/><U90/><E113/><V7/><F121/><W30/><G110/><T24/><D108/><U20/><E109/><V42/><F72/><W119/><G131/><T124/><D116/><U102/><E20/><V65/><F128/><W130/><G130/><T3/><D106/><U55/><E1/><V77/><F133/><W56/><G119/><T2/><D5/><U15/><E9/><V97/><F22/><W122/><G122/><T26/><D26/><U78/><E75/><V25/><F25/><W114/><G114/><T57/><D94/><U43/><E43/><V51/><REACH who="2" step="1"/><F66/><REACH who="2" ten="250,328,240,172" step="2"/><W50/><G30/><N who="0" m="17695" /><D127/><U21/><E21/><V31/><F31/><W70/><G29/><T92/><D92/><U85/><E120/><V105/><F105/><W64/><REACH who="3" step="1"/><G71/><AGARI ba="1,1" hai="6,7,42,47,51,61,65,71,77,81,87,95,97,100" machi="71" ten="30,2000,0" yaku="1,1,7,1,53,0" doraHai="52" doraHaiUra="11" who="2" fromWho="3" sc="250,0,328,0,240,33,172,-23" /><INIT seed="2,0,0,4,0,123" ten="250,328,273,149" oya="2" hai0="133,18,108,113,91,86,104,46,54,82,52,12,6" hai1="100,71,11,94,47,101,26,96,42,116,41,55,130" hai2="111,13,69,74,53,98,106,79,22,50,107,75,43" hai3="90,21,89,20,5,62,119,35,120,3,17,58,0"/><V39/><F69/><W19/><G119/><T25/><D113/><U2/><E71/><V70/><F70/><W32/><G120/><T31/><D104/><U37/><E116/><V93/><F43/><W99/><G5/><T135/><D6/><U44/><E130/><V66/><F66/><W92/><G90/><T124/><D124/><U63/><E26/><V122/><F39/><W15/><G0/><T102/><D102/><U109/><E109/><V10/><F106/><W88/><G89/><T36/><D36/><U72/><E72/><V27/><F107/><W8/><G3/><T85/><D85/><U40/><E101/><V128/><F111/><W68/><G68/><T134/><D108/><U80/><E80/><V49/><F49/><W29/><G29/><T131/><D131/><U1/><E11/><V38/><F38/><W118/><G118/><T14/><D46/><U16/><E1/><V56/><F79/><W81/><G81/><T24/><D24/><U84/><E2/><V117/><F128/><W67/><REACH who="3" step="1"/><G8/><REACH who="3" ten="250,328,273,139" step="2"/><T97/><D31/><U114/><E37/><V33/><F117/><W132/><G132/><T103/><D135/><U115/><E115/><V126/><F122/><W73/><G73/><T30/><D134/><U112/><E112/><V7/><F126/><W57/><G57/><T127/><D133/><U87/><E114/><V34/><F74/><W61/><G61/><T64/><D30/><U95/><E63/><V105/><F75/><W45/><G45/><T110/><D127/><U59/><E44/><V9/><F10/><W65/><G65/><RYUUKYOKU ba="0,1" sc="250,-10,328,-10,273,-10,139,30" hai3="15,17,19,20,21,32,35,58,62,67,88,92,99" /><INIT seed="3,1,1,3,2,5" ten="240,318,263,169" oya="3" hai0="36,8,88,25,83,134,110,6,91,9,84,130,105" hai1="40,34,104,17,86,80,31,72,114,117,56,119,133" hai2="89,15,59,100,53,98,35,115,71,65,101,12,128" hai3="39,87,129,41,14,0,63,51,52,67,64,22,11"/><W132/><G129/><T68/><D68/><U21/><E72/><V57/><F71/><W135/><G0/><T96/><D36/><U69/><E104/><V19/><F35/><W1/><G1/><T43/><D130/><U44/><E69/><V20/><F115/><W10/><G87/><N who="0" m="50687" /><D105/><U113/><E56/><V103/><F128/><W102/><G102/><T112/><D6/><U74/><E31/><V32/><F32/><W123/><G123/><T2/><D2/><U90/><E74/><V107/><F89/><W127/><G127/><T50/><D112/><U94/><E80/><V81/><F81/><W45/><G22/><T131/><D131/><U85/><E85/><V108/><F108/><W106/><G106/><T42/><D96/><U49/><E133/><N who="3" m="51274" /><G14/><T126/><D134/><U125/><E125/><V121/><F121/><W29/><G29/><T18/><D110/><U79/><E79/><V54/><F65/><N who="3" m="25163" /><G63/><T82/><D126/><U111/><E111/><V118/><F15/><W27/><G27/><T4/><D4/><U28/><E28/><V47/><F118/><N who="1" m="45065" /><E34/><V60/><REACH who="2" step="1"/><F47/><AGARI ba="1,1" hai="10,11,39,41,45,47,51,52" m="25163,51274" machi="47" ten="30,11600,0" yaku="20,1,52,2,54,1" doraHai="5" who="3" fromWho="2" sc="240,0,318,0,263,-119,169,129" /><INIT seed="3,2,0,3,2,101" ten="240,318,144,298" oya="3" hai0="97,108,62,12,83,60,63,2,10,123,98,80,35" hai1="34,105,19,45,42,82,117,11,0,90,130,94,118" hai2="131,124,47,57,39,31,38,54,106,49,88,121,126" hai3="50,69,61,96,25,16,5,72,76,3,37,109,7"/><W43/><G37/><T41/><D123/><U65/><E34/><V74/><F74/><W1/><G109/><T129/><D108/><U51/><E130/><V28/><F121/><W22/><G72/><T48/><D35/><U85/><E65/><V99/><F131/><W135/><G76/><T26/><D2/><U56/><E56/><V116/><F116/><W20/><G135/><T15/><D26/><U71/><E71/><V23/><F23/><W133/><G133/><T114/><D129/><U4/><E105/><V44/><F39/><W132/><G132/><T127/><D127/><N who="2" m="48682" /><F38/><W107/><G22/><T59/><D114/><U73/><E19/><V119/><F119/><N who="1" m="45577" /><E73/><V64/><F64/><W89/><G1/><T77/><D59/><U103/><E103/><N who="2" m="62847" /><F88/><W95/><G107/><T27/><D77/><U134/><E134/><V21/><F21/><W78/><G78/><T18/><D98/><U110/><E110/><V52/><F47/><W125/><G125/><T24/><D97/><U84/><E82/><V104/><F104/><W87/><G96/><AGARI ba="2,0" hai="0,4,11,42,45,51,84,85,90,94,96" m="45577" machi="96" ten="30,1000,0" yaku="12,1" doraHai="101" who="1" fromWho="3" sc="240,0,318,16,144,0,298,-16" /><INIT seed="4,0,0,2,1,2" ten="240,334,144,282" oya="0" hai0="126,107,116,123,13,40,117,90,96,45,103,59,106" hai1="108,133,98,129,19,82,31,134,79,135,68,49,125" hai2="63,124,67,64,37,30,42,36,72,35,20,7,8" hai3="29,114,62,74,21,75,33,113,73,92,32,66,104"/><T122/><D107/><U1/><E108/><V127/><F35/><W130/><G104/><T43/><D126/><N who="2" m="48170" /><F72/><W78/><G78/><T115/><D115/><N who="3" m="44041" /><G92/><T84/><D43/><U97/><E1/><N who="2" m="111" /><F42/><W15/><G130/><T50/><D13/><U77/><E68/><N who="2" m="42015" /><F67/><W69/><G15/><T10/><D10/><U34/><E34/><V16/><F30/><W48/><G48/><T5/><D5/><U112/><E49/><V58/><F58/><W88/><G29/><T41/><D59/><U120/><E31/><V56/><F56/><W46/><G46/><T70/><D70/><U28/><E28/><V86/><F86/><W65/><G65/><T44/><D44/><U38/><E38/><V93/><F93/><W23/><G33/><T27/><D40/><U14/><E129/><V4/><F4/><W18/><G32/><T39/><D39/><U76/><E125/><V128/><F128/><W52/><G74/><T111/><D111/><U26/><E112/><V3/><F3/><W89/><G73/><T105/><D106/><U47/><E47/><V12/><AGARI ba="0,0" hai="12,16,20,36,37" m="42015,111,48170" machi="12" ten="30,4000,0" yaku="18,1,52,1,54,1" doraHai="2" who="2" fromWho="2" sc="240,-20,334,-10,144,40,282,-10" /><INIT seed="5,0,0,3,3,89" ten="220,324,184,272" oya="1" hai0="37,9,113,135,7,14,83,46,126,74,51,75,110" hai1="107,111,69,8,2,129,21,86,32,134,26,12,93" hai2="92,53,90,85,23,63,62,70,119,52,42,100,118" hai3="81,27,43,117,44,128,41,115,108,33,78,76,36"/><U88/><E107/><V61/><F70/><W6/><G108/><T125/><D110/><U77/><E69/><V56/><F42/><W17/><G115/><T34/><D113/><U116/><E111/><V124/><F124/><W65/><G128/><T127/><D34/><U25/><E2/><V1/><F1/><W67/><G117/><T99/><D135/><U19/><E134/><V54/><F23/><W94/><G6/><T29/><D29/><U5/><E129/><V121/><F121/><W72/><G78/><T84/><D99/><U59/><E116/><V71/><F71/><W131/><G41/><T102/><D102/><U18/><E77/><V73/><F73/><W31/><G131/><T120/><D37/><U50/><E32/><V22/><F100/><W35/><G35/><T10/><D10/><U106/><E106/><V122/><F122/><W104/><G104/><T40/><REACH who="0" step="1"/><D120/><REACH who="0" ten="210,324,184,272" step="2"/><U3/><E19/><V64/><F118/><W82/><G17/><T47/><D47/><U38/><E38/><V55/><F119/><W45/><G44/><T68/><D68/><U30/><E30/><V13/><N who="2" m="13312" /><DORA hai="15" /><V57/><REACH who="2" step="1"/><F64/><REACH who="2" ten="210,324,174,272" step="2"/><W130/><G67/><T114/><D114/><U87/><E21/><V4/><F4/><W11/><G65/><T80/><D80/><U91/><E5/><V98/><F98/><W123/><G81/><T95/><D95/><U60/><E93/><V112/><F112/><W103/><G123/><T39/><D39/><U28/><E8/><V109/><F109/><W96/><G130/><T66/><D66/><U105/><E105/><RYUUKYOKU ba="0,2" sc="210,10,324,-30,174,10,272,10" hai0="7,9,14,40,46,51,74,75,83,84,125,126,127" hai2="13,22,56,57,61,62,63,85,90,92" hai3="11,27,31,33,36,43,45,72,76,82,94,96,103" /><INIT seed="6,1,2,2,4,61" ten="220,294,184,282" oya="2" hai0="50,7,73,16,57,70,44,34,94,123,116,66,17" hai1="1,63,33,15,11,32,106,79,115,133,96,41,0" hai2="118,54,99,22,29,18,134,23,42,98,40,19,74" hai3="6,80,101,100,24,130,56,38,60,97,88,91,131"/><V31/><F74/><W27/><G38/><T111/><D111/><U81/><E115/><V48/><F134/><W78/><G6/><T76/><D123/><U2/><E133/><V12/><F118/><W114/><G24/><T72/><D34/><U45/><E63/><V59/><F98/><W37/><G27/><T125/><D70/><U58/><E58/><V120/><F120/><W75/><G37/><T83/><D73/><U13/><E13/><V129/><F129/><N who="3" m="49163" /><G114/><T51/><D116/><U122/><E122/><V43/><REACH who="2" step="1"/><F99/><REACH who="2" ten="220,294,174,282" step="2"/><W84/><G97/><T126/><D72/><U3/><E96/><V113/><F113/><W108/><G75/><T21/><D126/><U71/><E33/><V62/><F62/><W93/><G101/><T39/><D125/><U107/><E32/><V65/><F65/><W25/><G100/><T104/><D66/><U64/><E64/><V128/><F128/><W82/><G60/><T105/><D105/><U49/><E107/><V110/><F110/><W109/><G109/><T127/><D104/><U87/><E106/><V103/><F103/><W112/><G108/><T9/><D127/><U55/><E71/><V95/><F95/><W69/><G93/><T89/><D94/><U77/><E81/><V117/><F117/><W90/><G69/><T52/><D83/><U85/><E85/><V14/><AGARI ba="1,3" hai="12,14,18,19,22,23,29,31,40,42,43,48,54,59" machi="14" ten="30,11700,0" yaku="1,1,0,1,9,1,8,1,53,0" doraHai="61" doraHaiUra="28" who="2" fromWho="2" sc="220,-40,294,-40,174,150,282,-40" /><INIT seed="6,2,0,2,5,18" ten="180,254,324,242" oya="2" hai0="45,110,66,94,33,105,60,40,129,90,43,37,125" hai1="99,24,14,69,48,124,133,32,74,3,49,64,100" hai2="134,123,75,21,132,50,59,106,52,27,84,118,127" hai3="23,135,44,122,71,13,55,115,107,34,10,53,11"/><V16/><F75/><W63/><G122/><T103/><D110/><U91/><E3/><V70/><F123/><W102/><G34/><T7/><D129/><U36/><E36/><V83/><F70/><W35/><G35/><T88/><D125/><U120/><E74/><V25/><F127/><W2/><G135/><N who="2" m="51753" /><F106/><W78/><G78/><T101/><D33/><U72/><E72/><V19/><F118/><W26/><G2/><T113/><D113/><U58/><E91/><N who="2" m="51615" /><F19/><W96/><G115/><T8/><D43/><U4/><E69/><V86/><F86/><W9/><G71/><T97/><D103/><U119/><E100/><V51/><F50/><W112/><G112/><T76/><D76/><U126/><E49/><V131/><F131/><W22/><G63/><T93/><D93/><U54/><E48/><V6/><F6/><W95/><G107/><T114/><D105/><U57/><E4/><V67/><F67/><W121/><G121/><T56/><REACH who="0" step="1"/><D114/><REACH who="0" ten="170,254,324,242" step="2"/><U104/><E124/><V128/><F128/><W80/><G102/><T31/><D31/><U17/><E126/><V108/><F108/><W38/><G95/><T62/><D62/><U65/><E104/><V15/><AGARI ba="2,1" hai="15,16,21,25,27,51,52,59" m="51615,51753" machi="15" ten="30,11700,0" yaku="20,1,52,1,54,2" doraHai="18" who="2" fromWho="2" sc="170,-41,254,-41,324,133,242,-41" /><INIT seed="6,3,0,2,3,24" ten="129,213,457,201" oya="2" hai0="85,20,84,91,109,50,98,52,61,23,62,89,6" hai1="123,115,103,72,74,9,87,99,10,94,22,34,127" hai2="43,63,71,67,36,133,135,76,134,37,17,12,64" hai3="78,28,124,97,90,56,2,51,122,131,1,48,81"/><V29/><F67/><W113/><G122/><T39/><D39/><U121/><E34/><V95/><F43/><W79/><G131/><T125/><D125/><U92/><E127/><V102/><F76/><W111/><G111/><T69/><D6/><U3/><E22/><V82/><F82/><W129/><G124/><T49/><D98/><U45/><E45/><V4/><F4/><W53/><G129/><T15/><D69/><U106/><E10/><N who="2" m="6295" /><F29/><W114/><G28/><T80/><D109/><U55/><E9/><V16/><F16/><W59/><G81/><T7/><D7/><U33/><E3/><V21/><F21/><W47/><G53/><T110/><D110/><U38/><E55/><V44/><F44/><W46/><G97/><AGARI ba="3,0" hai="36,37,63,64,71,95,97,102,133,134,135" m="6295" machi="97" ten="30,1500,0" yaku="20,1" doraHai="24" who="2" fromWho="3" sc="129,0,213,0,457,24,201,-24" /><INIT seed="6,4,0,5,4,105" ten="129,213,481,177" oya="2" hai0="33,9,44,6,28,76,42,40,24,25,51,8,36" hai1="106,107,93,122,91,117,61,2,85,0,38,10,110" hai2="114,127,73,120,56,135,34,32,18,68,88,98,80" hai3="133,4,112,29,54,97,53,75,59,26,21,79,43"/><V71/><F120/><W81/><G133/><T126/><D126/><U113/><E38/><V67/><F127/><W3/><G112/><T72/><D42/><U14/><E110/><V111/><F32/><W49/><G97/><T58/><D25/><U52/><E117/><V27/><F34/><W95/><G95/><T103/><D103/><U1/><E113/><V74/><F27/><W104/><G104/><T82/><D51/><U128/><E128/><V63/><F114/><W31/><G43/><T86/><D58/><U101/><E101/><V57/><F18/><W119/><G119/><T13/><REACH who="0" step="1"/><D9/><REACH who="0" ten="119,213,481,177" step="2"/><U48/><E48/><V16/><F56/><W37/><G37/><T124/><D124/><U132/><E10/><V99/><F57/><W62/><G31/><T94/><D94/><U69/><E93/><V83/><F68/><W5/><G3/><T118/><D118/><U60/><E0/><V30/><F71/><W96/><G96/><T129/><D129/><U70/><E1/><V12/><F98/><W23/><G23/><T65/><D65/><U89/><E2/><V90/><F67/><W17/><G29/><T84/><AGARI ba="4,1" hai="6,8,13,24,28,33,36,40,44,72,76,82,84,86" machi="84" ten="30,4000,0" yaku="1,1,0,1,52,1,53,0" doraHai="105" doraHaiUra="15" who="0" fromWho="0" sc="119,62,213,-14,481,-24,177,-14" /><INIT seed="7,0,0,2,0,101" ten="181,199,457,163" oya="3" hai0="11,10,86,47,125,56,7,87,5,3,46,65,97" hai1="112,53,118,59,51,28,113,102,109,32,93,104,60" hai2="20,12,99,117,78,119,23,133,80,30,92,81,58" hai3="77,84,74,105,89,121,39,13,110,90,43,83,106"/><W33/><G33/><T73/><D73/><U72/><E109/><V44/><F133/><W82/><G110/><T24/><D125/><U9/><E72/><V123/><F80/><W91/><G121/><T67/><D97/><U22/><E104/><N who="3" m="40042" /><G13/><T116/><D24/><U71/><E102/><V36/><F12/><W88/><G43/><T54/><D116/><U2/><E71/><V25/><F20/><W41/><G41/><T62/><D47/><U70/><E70/><V115/><F123/><W103/><G39/><T64/><REACH who="0" step="1"/><D46/><REACH who="0" ten="171,199,457,163" step="2"/><U108/><E118/><V76/><F44/><W4/><G4/><T29/><D29/><U55/><E28/><V14/><F36/><W85/><G103/><T8/><D8/><U0/><E9/><V63/><F14/><AGARI ba="0,1" hai="3,5,7,10,11,14,54,56,62,64,65,67,86,87" machi="14" ten="40,1300,0" yaku="1,1,53,0" doraHai="101" doraHaiUra="31" who="0" fromWho="2" sc="171,23,199,0,457,-13,163,0" owari="194,-21.0,199,0.0,444,55.0,163,-34.0" /></mjloggm>