<mjloggm ver="2.3"><GO type="185" lobby="0"/><UN n0="%E7%A9%BA%E3%81%AB%E8%8A%B1%E7%81%AB" n1="%50%42%33%2D%50" n2="%E3%82%8C%E3%81%99%E3%81%93" n3="" dan="17,16,17,0" rate="2211.70,2206.12,2266.78,1500.00" sx="M,M,F,C"/><TAIKYOKU oya="0"/><INIT seed="0,0,0,2,1,89" ten="350,350,350,0" oya="0" hai0="37,98,102,72,100,2,74,132,103,92,131,33,99" hai1="129,42,123,88,35,119,56,122,120,73,117,113,46" hai2="109,76,96,81,86,115,60,82,48,61,50,121,133" hai3=""/><T77/><D2/><U44/><N who="1" m="30752" /><U105/><N who="1" m="31264" /><U97/><N who="1" m="31520" /><U130/><E35/><V134/><N who="2" m="31008" /><V75/><F115/><T106/><D37/><U43/><E73/><N who="0" m="28265" /><D33/><U58/><E88/><V127/><F127/><T55/><D55/><U67/><E97/><N who="0" m="36873" /><D132/><U101/><E101/><V69/><F134/><T53/><D53/><U68/><E105/><V64/><F133/><T52/><D52/><U83/><E83/><V90/><F61/><T107/><D131/><U63/><E113/><V41/><F60/><T3/><D3/><U0/><E0/><V126/><F64/><T114/><D114/><U40/><E68/><V32/><F69/><T71/><D71/><U65/><E43/><V47/><F41/><T118/><D118/><U87/><REACH who="1" step="1"/><E63/><REACH who="1" ten="350,340,350,0" step="2"/><V79/><F32/><T104/><D77/><U1/><E1/><V111/><F79/><T110/><D110/><U93/><E93/><AGARI ba="0,1" hai="92,93,100,102,103,104,106,107" m="36873,28265" machi="93" ten="40,24000,3" yaku="28,2,35,5,52,2" doraHai="89" who="0" fromWho="1" sc="350,250,340,-240,350,0,0,0" /><INIT seed="0,1,0,2,1,59" ten="600,100,350,0" oya="0" hai0="135,100,74,43,58,118,47,41,133,73,109,117,56" hai1="91,110,37,66,115,35,64,102,2,65,89,51,98" hai2="34,57,129,52,82,81,86,128,80,45,55,0,126" hai3=""/><T106/><D106/><U79/><E2/><V62/><F0/><T38/><D100/><U97/><E35/><V53/><F34/><T83/><D109/><U60/><E110/><V78/><F126/><T69/><D69/><U49/><E37/><V107/><F107/><T113/><D113/><U77/><E115/><V111/><F111/><T42/><D83/><U39/><E39/><V94/><F45/><T92/><D92/><U88/><E60/><V120/><N who="2" m="30752" /><V40/><F40/><N who="0" m="15466" /><D74/><U104/><REACH who="1" step="1"/><E98/><REACH who="1" ten="600,90,350,0" step="2"/><V112/><F112/><T132/><D73/><U44/><E44/><V127/><F127/><T1/><D1/><U103/><E103/><V101/><F129/><T134/><D135/><U125/><E125/><V95/><F128/><T71/><D71/><U75/><E75/><V124/><F124/><T72/><D72/><U61/><E61/><V96/><F95/><T116/><AGARI ba="1,1" hai="38,43,47,56,58,116,117,118,132,133,134" m="15466" machi="116" ten="40,5200,0" yaku="20,1,34,2" doraHai="59" who="0" fromWho="0" sc="600,64,90,-27,350,-27,0,0" /><INIT seed="0,2,0,0,1,71" ten="664,63,323,0" oya="0" hai0="118,130,133,41,113,90,73,109,68,39,56,95,51" hai1="66,36,105,52,87,97,61,135,132,81,80,82,54" hai2="2,53,108,3,65,85,1,98,117,83,104,72,63" hai3=""/><T69/><D118/><U112/><E112/><V116/><F72/><T57/><D113/><U43/><E87/><V91/><F108/><T111/><D73/><U92/><E105/><V128/><F128/><T74/><D74/><U119/><E119/><V38/><F53/><T114/><D114/><U78/><E78/><V129/><F129/><T44/><D130/><U106/><E106/><V32/><F32/><T62/><D133/><N who="1" m="51275" /><E43/><V77/><F38/><T102/><D102/><U123/><N who="1" m="31520" /><U103/><E36/><V67/><F67/><T58/><D51/><U34/><E34/><V46/><F46/><T75/><D75/><U55/><E66/><V42/><F42/><T76/><D76/><U121/><N who="1" m="31008" /><U59/><AGARI ba="2,0" hai="52,54,55,59,61,80,81,82,92,97,103" m="31008,31520,51275" machi="59" ten="40,6000,1" yaku="4,1,20,1,52,2,54,1" doraHai="71" who="1" fromWho="1" sc="664,-42,63,64,323,-22,0,0" /><INIT seed="1,0,0,0,5,59" ten="622,127,301,0" oya="1" hai0="73,67,74,56,42,107,111,131,62,57,116,39,117" hai1="123,77,92,3,87,80,126,99,113,122,63,121,45" hai2="72,103,110,134,109,40,51,93,124,70,119,120,58" hai3=""/><U52/><N who="1" m="31008" /><U32/><N who="1" m="31264" /><U38/><N who="1" m="31520" /><U66/><E3/><V85/><N who="2" m="30752" /><V68/><F119/><N who="0" m="45642" /><D131/><U89/><E32/><V53/><F72/><T35/><D35/><U36/><E113/><V88/><F134/><T79/><D111/><N who="2" m="42506" /><F124/><T48/><D107/><U127/><E52/><V65/><F40/><T94/><D94/><U112/><E112/><V61/><F103/><T106/><D106/><U55/><E55/><V54/><F54/><T47/><D79/><U69/><REACH who="1" step="1"/><E45/><AGARI ba="0,0" hai="45,51,53,58,61,65,68,70,85,88,93" m="42506,30752" machi="45" ten="30,7700,0" yaku="14,1,52,2,54,1" doraHai="59" who="2" fromWho="1" sc="622,0,127,-77,301,77,0,0" /><INIT seed="2,0,0,4,1,2" ten="622,50,378,0" oya="2" hai0="113,94,104,42,36,69,95,131,92,109,81,107,70" hai1="62,73,38,132,37,1,55,34,50,98,56,49,84" hai2="88,110,53,75,103,127,41,129,123,45,48,118,79" hai3=""/><V58/><N who="2" m="31520" /><V106/><F118/><T97/><D113/><U46/><E1/><V3/><F3/><T47/><D131/><U51/><E73/><V82/><F129/><T96/><D109/><U32/><E98/><V35/><F35/><T126/><D126/><U125/><E125/><V57/><F127/><T43/><D81/><U39/><E132/><V74/><F110/><T133/><D133/><U134/><E134/><V63/><F88/><T121/><N who="0" m="31008" /><T91/><D94/><U87/><REACH who="1" step="1"/><E46/><REACH who="1" ten="622,40,378,0" step="2"/><V85/><F103/><T105/><REACH who="0" step="1"/><D43/><REACH who="0" ten="612,40,378,0" step="2"/><U128/><E128/><V114/><F114/><T40/><D40/><U116/><E116/><V122/><N who="2" m="31264" /><V124/><F124/><T112/><D112/><U66/><E66/><V61/><REACH who="2" step="1"/><F106/><REACH who="2" ten="612,40,368,0" step="2"/><T59/><D59/><U71/><E71/><V80/><F80/><T111/><D111/><U115/><E115/><V100/><F100/><AGARI ba="0,3" hai="36,42,47,69,70,91,92,95,96,97,100,104,105,107" m="31008" machi="100" ten="40,8000,1" yaku="1,1,52,1,53,2" doraHai="2" doraHaiUra="89" who="0" fromWho="2" sc="612,110,40,0,368,-80,0,0" /><INIT seed="4,0,0,5,0,117" ten="722,40,288,0" oya="0" hai0="69,120,88,115,84,43,53,92,87,102,71,100,129" hai1="79,130,50,132,37,72,75,80,134,85,93,90,103" hai2="2,32,122,116,34,133,52,109,35,94,55,66,127" hai3=""/><T54/><N who="0" m="30752" /><T101/><D115/><U46/><E37/><V39/><N who="2" m="31264" /><V111/><F2/><T77/><D129/><U0/><E0/><V123/><N who="2" m="31520" /><V1/><F1/><T62/><D43/><U36/><E36/><V91/><F39/><T106/><D106/><U76/><E46/><V51/><F116/><T70/><D62/><U121/><N who="1" m="31008" /><U61/><E61/><V95/><F133/><N who="1" m="51305" /><E50/><V41/><F66/><T104/><D104/><U78/><E130/><V86/><F127/><T126/><D126/><U68/><E68/><V107/><F107/><T125/><REACH who="0" step="1"/><D125/><REACH who="0" ten="712,40,288,0" step="2"/><U63/><E63/><V124/><F124/><T59/><D59/><U135/><N who="1" m="51313" /><U131/><DORA hai="105" /><E131/><V58/><F41/><T56/><D56/><U99/><AGARI ba="0,1" hai="72,75,76,78,79,80,85,90,93,99,103" m="51313,31008" machi="99" ten="50,9000,2" yaku="20,1,34,2,52,4" doraHai="117,105" who="1" fromWho="1" sc="712,-60,40,100,288,-30,0,0" /><INIT seed="5,0,0,1,5,130" ten="652,140,258,0" oya="1" hai0="133,34,117,103,129,118,55,64,2,58,95,105,40" hai1="35,45,70,56,106,53,119,82,33,79,101,102,127" hai2="109,110,49,42,50,122,80,41,121,128,114,59,91" hai3=""/><U71/><E119/><N who="0" m="45577" /><D34/><U62/><E127/><V123/><N who="2" m="31008" /><V131/><F80/><T125/><D105/><U126/><E126/><V67/><F91/><T135/><D125/><U93/><E106/><V92/><F92/><T134/><D129/><U81/><E81/><V73/><F73/><T85/><D2/><U36/><E101/><V72/><F72/><T65/><D40/><U51/><E36/><V61/><F114/><T111/><D111/><U32/><E93/><V98/><F98/><T69/><D69/><U66/><REACH who="1" step="1"/><E102/><REACH who="1" ten="652,130,258,0" step="2"/><V38/><F38/><T84/><D103/><U94/><E94/><V86/><F131/><T74/><D95/><U100/><E100/><V57/><F128/><T78/><D74/><AGARI ba="0,1" hai="32,33,35,45,51,53,56,62,66,70,71,74,79,82" machi="74" ten="40,3900,0" yaku="1,1,53,1" doraHai="130" doraHaiUra="54" who="1" fromWho="0" sc="652,-39,130,49,258,0,0,0" /><INIT seed="5,1,0,1,5,80" ten="613,179,258,0" oya="1" hai0="123,42,67,34,94,113,101,97,79,92,104,105,115" hai1="117,107,89,41,53,65,2,50,122,71,131,100,130" hai2="98,63,102,108,126,121,83,96,118,110,73,47,33" hai3=""/><U124/><N who="1" m="31264" /><U77/><E2/><V49/><N who="2" m="31008" /><V46/><F33/><T51/><N who="0" m="31520" /><T81/><D34/><U37/><E117/><V52/><F118/><T35/><D67/><U1/><E1/><V72/><F126/><T119/><D35/><U39/><E77/><V61/><F83/><T44/><D119/><U75/><E75/><V109/><F46/><T43/><D94/><U56/><E124/><V58/><F63/><T59/><D42/><U128/><E41/><V85/><F85/><T64/><D59/><U129/><E129/><V78/><F78/><T132/><D64/><U82/><E65/><V3/><F3/><T57/><D57/><U55/><E71/><V125/><F125/><T116/><D116/><U74/><E55/><V90/><F90/><T111/><D132/><U32/><E32/><V88/><F88/><T106/><D111/><U120/><N who="1" m="30752" /><U0/><E0/><V66/><REACH who="2" step="1"/><F98/><REACH who="2" ten="613,179,248,0" step="2"/><T54/><D81/><U95/><E74/><V40/><F40/><T36/><D79/><U45/><E45/><V135/><F135/><T48/><D44/><U84/><E82/><V69/><F69/><T62/><D43/><U114/><E89/><V134/><F134/><T127/><D127/><RYUUKYOKU ba="1,1" sc="613,-10,179,-10,248,20,0,0" hai2="47,49,52,58,61,66,72,73,96,102,108,109,110" /><INIT seed="6,2,1,4,4,39" ten="603,169,268,0" oya="2" hai0="40,54,124,122,104,127,120,42,95,63,106,32,62" hai1="52,1,55,43,85,125,59,79,49,66,45,118,117" hai2="115,116,64,37,97,88,91,101,92,84,61,77,107" hai3=""/><V126/><F116/><N who="1" m="44649" /><E1/><V135/><F135/><T105/><N who="0" m="30752" /><T121/><N who="0" m="31008" /><T99/><N who="0" m="31264" /><T74/><D74/><U46/><E85/><V3/><F3/><T90/><D32/><U71/><E79/><V98/><F126/><N who="0" m="48170" /><D54/><N who="1" m="20523" /><E125/><V133/><F133/><T80/><D80/><U123/><N who="1" m="31520" /><U34/><E34/><V70/><F115/><T81/><D81/><U93/><E93/><V83/><REACH who="2" step="1"/><F37/><REACH who="2" ten="603,169,258,0" step="2"/><T50/><D50/><U38/><E45/><V86/><F86/><T44/><D44/><U58/><E38/><V2/><F2/><T119/><D119/><U69/><E69/><V111/><F111/><T36/><D36/><U109/><E109/><V72/><F72/><T78/><D78/><AGARI ba="2,2" hai="61,64,70,77,78,83,84,88,91,92,97,98,101,107" machi="78" ten="40,3900,0" yaku="1,1,54,1,53,0" doraHai="39" doraHaiUra="129" who="2" fromWho="0" sc="603,-43,169,0,258,63,0,0" /><INIT seed="6,3,0,1,4,67" ten="560,169,321,0" oya="2" hai0="63,71,64,99,1,128,35,88,116,69,70,85,66" hai1="124,56,96,130,48,120,57,108,110,40,42,49,77" hai2="2,135,92,36,119,78,115,50,3,46,68,98,59" hai3=""/><V47/><F119/><T34/><D116/><U126/><E96/><V73/><F135/><T41/><D1/><U91/><E91/><V134/><F134/><T127/><D128/><U87/><E87/><V97/><F115/><T90/><D127/><U132/><E77/><V118/><F118/><T51/><D99/><U95/><E95/><V104/><F104/><T37/><D90/><U131/><E132/><V82/><F68/><T114/><D114/><U113/><E113/><V44/><F36/><T65/><D37/><U122/><AGARI ba="3,0" hai="40,42,48,49,56,57,108,110,120,122,124,126,130,131" machi="122" ten="25,9000,2" yaku="0,1,22,2,34,3" doraHai="67" who="1" fromWho="1" sc="560,-33,169,96,321,-63,0,0" owari="527,47.0,265,-13.0,258,-34.0,0,0.0" /></mjloggm>