<mjloggm ver="2.3"><GO type="225" lobby="0"/><UN n0="%E6%80%AA%E3%81%97%E3%81%99%E3%81%8E%E3%82%8B%E3%83%81%E3%83%BC" n1="%E5%B2%B8%E6%98%8E%E6%97%A5%E9%A6%99" n2="%E3%81%99%E3%81%84%E3%81%BE%E3%81%9B%E3%83%BC%E3%82%93" n3="%E3%83%80%E3%83%B3%E3%83%86" dan="16,16,17,17" rate="2136.97,2138.81,2149.57,2246.80" sx="M,M,M,M"/><TAIKYOKU oya="0"/><INIT seed="0,0,0,5,2,88" ten="250,250,250,250" oya="0" hai0="38,47,107,1,54,131,81,31,41,57,11,32,20" hai1="51,36,112,105,23,35,28,85,135,83,68,50,24" hai2="77,29,118,84,46,133,82,18,72,97,15,10,9" hai3="34,98,66,3,75,37,121,104,113,48,2,86,130"/><T117/><D117/><U30/><E36/><V49/><F133/><W7/><G48/><T43/><D131/><U99/><E135/><V111/><F111/><W128/><G66/><T8/><D107/><U33/><E68/><V124/><F124/><W14/><G37/><T12/><D43/><U65/><E65/><V116/><F29/><W70/><G70/><T6/><D32/><U64/><E64/><V110/><F110/><W61/><G61/><T93/><D81/><U60/><E60/><V73/><F97/><W127/><G75/><T76/><D76/><U62/><E62/><V58/><F58/><W21/><G34/><T16/><D93/><U94/><E23/><V67/><F9/><W13/><G121/><T132/><D132/><U26/><E105/><V19/><F19/><W78/><G113/><T114/><D114/><U115/><E115/><V122/><F67/><W80/><G127/><T103/><D103/><U55/><E55/><V40/><REACH who="2" step="1"/><F122/><REACH who="2" ten="250,250,240,250" step="2"/><W25/><G130/><T45/><D31/><U0/><E112/><V17/><F17/><N who="3" m="12463" /><G128/><T102/><D11/><U91/><REACH who="1" step="1"/><E0/><REACH who="1" ten="250,240,240,250" step="2"/><V126/><F126/><W74/><G2/><T95/><D1/><U4/><E4/><V79/><F79/><AGARI ba="0,2" hai="24,26,28,30,33,35,50,51,79,83,85,91,94,99" machi="79" ten="30,7700,0" yaku="1,1,7,1,9,1,52,1,53,0" doraHai="88" doraHaiUra="56" who="1" fromWho="2" sc="250,0,240,97,240,-77,250,0" /><INIT seed="1,0,0,3,4,121" ten="250,337,163,250" oya="1" hai0="64,58,118,125,60,72,40,10,66,45,14,113,61" hai1="94,78,79,74,77,134,103,30,105,21,17,108,67" hai2="57,20,127,100,109,62,93,91,39,52,29,15,6" hai3="111,120,5,12,63,75,25,126,59,46,43,114,7"/><U95/><E30/><V128/><F127/><W55/><G114/><T65/><D113/><U42/><E42/><V3/><F128/><W48/><G120/><T102/><D118/><U80/><E67/><V123/><F39/><W89/><G75/><T69/><D125/><U97/><E134/><V73/><F73/><W50/><G126/><T71/><D72/><U112/><E112/><V33/><F123/><W38/><G111/><T44/><D102/><U23/><E23/><V4/><F100/><W131/><G131/><T18/><REACH who="0" step="1"/><D40/><REACH who="0" ten="240,337,163,250" step="2"/><U90/><E108/><V82/><F109/><W53/><G43/><T16/><D16/><U31/><E31/><V32/><F29/><W22/><G7/><T119/><D119/><U110/><E110/><V49/><F6/><W116/><G116/><T135/><D135/><U81/><E74/><V54/><F4/><W107/><G5/><T130/><D130/><U84/><REACH who="1" step="1"/><E105/><REACH who="1" ten="240,327,163,250" step="2"/><V106/><F106/><W98/><G107/><T13/><D13/><AGARI ba="0,2" hai="13,17,21,77,78,79,80,81,84,90,94,95,97,103" machi="13" ten="40,7700,0" yaku="1,1,2,1,8,1,53,0" doraHai="121" doraHaiUra="1" who="1" fromWho="0" sc="240,-77,327,97,163,0,250,0" /><INIT seed="1,1,0,0,3,116" ten="163,424,163,250" oya="1" hai0="68,34,112,114,101,105,125,77,17,49,59,8,118" hai1="33,64,93,50,72,67,135,113,102,23,35,3,96" hai2="62,79,82,26,90,89,71,111,87,57,45,97,42" hai3="122,124,84,55,30,69,61,70,6,66,128,100,47"/><U24/><E113/><V119/><F111/><W44/><G30/><T31/><D118/><U85/><E72/><V25/><F71/><W129/><G6/><T75/><D125/><U54/><E3/><V0/><F0/><W27/><G27/><T51/><D68/><U22/><E135/><V2/><F2/><W130/><G70/><T37/><D37/><U60/><E85/><V92/><F119/><W83/><G100/><T63/><D31/><U109/><E109/><V18/><F18/><W76/><G124/><T43/><D34/><U104/><E104/><V88/><F89/><W95/><G95/><T36/><D36/><U14/><E14/><V19/><F19/><W56/><REACH who="3" step="1"/><G122/><REACH who="3" ten="163,424,163,240" step="2"/><T74/><D101/><U52/><E93/><V115/><F115/><W94/><G94/><T12/><D112/><U15/><E102/><V21/><F25/><W126/><G126/><T127/><D114/><U53/><E24/><V40/><F26/><W106/><G106/><T1/><D105/><U20/><E33/><V4/><F4/><W39/><G39/><T132/><D127/><U16/><E35/><V131/><F92/><W11/><G11/><T103/><D103/><U80/><E22/><V81/><F21/><W91/><G91/><T110/><D8/><U73/><E23/><V41/><F90/><W121/><G121/><T38/><D38/><U28/><E28/><V123/><F88/><W29/><G29/><T58/><D17/><U13/><E16/><V9/><F9/><W10/><G10/><T48/><D12/><U5/><E13/><V32/><F32/><RYUUKYOKU ba="1,1" sc="163,-10,424,-10,163,-10,240,30" hai3="44,47,55,56,61,66,69,76,83,84,128,129,130" /><INIT seed="2,2,1,0,3,43" ten="153,414,153,270" oya="2" hai0="7,87,52,89,84,105,59,121,78,5,26,123,19" hai1="1,125,77,88,40,39,36,37,49,122,60,53,57" hai2="51,55,11,112,93,76,114,110,50,20,64,25,67" hai3="24,3,86,96,58,128,103,131,132,106,46,22,63"/><V32/><F32/><W18/><G3/><T94/><D105/><U98/><E1/><V133/><F133/><W104/><G132/><T27/><D121/><U75/><E122/><V45/><F110/><W54/><G106/><T13/><D123/><U33/><E33/><V28/><F76/><W115/><G115/><T65/><D65/><U73/><E125/><V0/><F93/><W127/><G127/><T95/><D78/><U62/><E77/><V47/><F114/><W68/><G68/><T29/><D87/><U97/><E97/><V44/><F112/><W61/><G61/><N who="0" m="36071" /><D94/><U23/><E62/><V102/><F102/><W56/><G56/><T74/><D74/><U35/><E35/><V41/><REACH who="2" step="1"/><F47/><REACH who="2" ten="153,414,143,270" step="2"/><W48/><REACH who="3" step="1"/><G86/><REACH who="3" ten="153,414,143,260" step="2"/><T8/><D84/><U91/><E75/><V70/><F70/><W4/><G4/><AGARI ba="2,3" hai="0,4,11,20,25,28,41,44,45,50,51,55,64,67" machi="4" ten="40,7700,0" yaku="1,1,52,2,53,0" doraHai="43" doraHaiUra="100" who="2" fromWho="3" sc="153,0,414,0,143,113,260,-83" /><INIT seed="2,3,0,4,1,125" ten="153,414,256,177" oya="2" hai0="46,7,3,38,10,65,119,94,100,110,25,79,31" hai1="34,127,4,108,22,35,96,131,77,90,54,47,76" hai2="64,60,30,55,45,126,85,89,56,86,37,84,32" hai3="8,88,122,57,66,113,93,97,128,123,24,133,43"/><V42/><F126/><W2/><G133/><T18/><D110/><U111/><E127/><V63/><F30/><W103/><G43/><T74/><D119/><U106/><E4/><V114/><F32/><W1/><G113/><T95/><D100/><U68/><E68/><V116/><F114/><W61/><G128/><T12/><D65/><U21/><E131/><V72/><F72/><W19/><G103/><T0/><D0/><U17/><E54/><V82/><REACH who="2" step="1"/><F116/><REACH who="2" ten="153,414,246,177" step="2"/><W120/><G120/><T29/><D29/><U40/><E34/><V107/><F107/><W13/><G123/><T121/><D121/><U124/><E35/><V70/><AGARI ba="3,1" hai="37,42,45,55,56,60,63,64,70,82,84,85,86,89" machi="70" ten="20,3900,0" yaku="1,1,0,1,7,1,53,0" doraHai="125" doraHaiUra="99" who="2" fromWho="2" sc="153,-16,414,-16,246,58,177,-16" /><INIT seed="2,4,0,0,1,124" ten="137,398,304,161" oya="2" hai0="101,22,99,51,133,74,80,72,36,57,130,2,102" hai1="117,125,82,61,20,69,10,56,119,35,45,129,100" hai2="11,34,32,105,30,114,5,43,44,48,68,95,131" hai3="93,17,1,77,49,103,31,104,55,107,135,127,113"/><V0/><F114/><W18/><G127/><T111/><D36/><U89/><E35/><V86/><F105/><W14/><G1/><T63/><D2/><U65/><E125/><V54/><F68/><W123/><G123/><T40/><D111/><U128/><E100/><V97/><F131/><N who="1" m="50249" /><E20/><V122/><F122/><W70/><G70/><T42/><D130/><U79/><E10/><V7/><F7/><W46/><G77/><T53/><D133/><U78/><E45/><V9/><F9/><W15/><G31/><T85/><D22/><U96/><E69/><V112/><F112/><W91/><G135/><T106/><D101/><U19/><E19/><V118/><F30/><W132/><G103/><T62/><D42/><U47/><E47/><V126/><F126/><W92/><G132/><T90/><REACH who="0" step="1"/><D40/><REACH who="0" ten="127,398,304,161" step="2"/><U64/><E119/><V52/><F118/><W121/><G113/><T120/><D120/><U41/><E41/><V28/><F34/><W115/><G115/><T24/><D24/><U73/><E117/><V116/><F116/><W75/><G121/><T3/><D3/><U94/><E78/><V4/><F32/><W25/><G25/><T83/><D83/><U38/><E38/><V88/><F43/><W67/><G107/><T87/><D87/><U12/><E12/><V98/><F86/><W134/><G104/><T13/><D13/><U37/><E37/><V66/><F0/><W8/><G134/><T81/><D81/><U33/><E33/><V29/><F11/><W50/><G8/><T60/><AGARI ba="4,1" hai="51,53,57,60,62,63,72,74,80,85,90,99,102,106" machi="60" ten="30,2000,0" yaku="1,1,0,1,53,0" doraHai="124" doraHaiUra="39" who="0" fromWho="0" sc="127,42,398,-9,304,-14,161,-9" /><INIT seed="3,0,0,3,0,42" ten="169,389,290,152" oya="3" hai0="32,105,117,95,24,11,17,91,72,81,59,16,58" hai1="135,36,88,64,19,110,21,133,5,31,118,33,51" hai2="74,80,107,37,10,114,49,100,84,78,82,56,120" hai3="112,93,2,67,94,75,50,96,127,30,99,76,61"/><W85/><G112/><T130/><D117/><U108/><E36/><V29/><F37/><W66/><G75/><T62/><D105/><U109/><E118/><V106/><F114/><W0/><G127/><T79/><D130/><U48/><E5/><V34/><F29/><W126/><G126/><T52/><D32/><U38/><E38/><V104/><F34/><W13/><G30/><T116/><D116/><U53/><E64/><V83/><F10/><W122/><G122/><T70/><D70/><U113/><E113/><V3/><F3/><W7/><G2/><T124/><D124/><U26/><E88/><N who="2" m="51207" /><F56/><N who="3" m="37159" /><G0/><T89/><D58/><N who="1" m="33063" /><E51/><V111/><F49/><W129/><G129/><T35/><D11/><U44/><E44/><V71/><F71/><W60/><G50/><T131/><D131/><U73/><E73/><N who="2" m="43343" /><F120/><W128/><G128/><T125/><D125/><U98/><E33/><V46/><F46/><W54/><G67/><T77/><D77/><U45/><E45/><V55/><F55/><W28/><G28/><T68/><D68/><U39/><E39/><V8/><F8/><N who="3" m="4255" /><G76/><T25/><D91/><U41/><E31/><V9/><F9/><W69/><G69/><T65/><D35/><U86/><E41/><V43/><F43/><W132/><G132/><T87/><REACH who="0" step="1"/><D65/><REACH who="0" ten="159,389,290,152" step="2"/><U6/><E135/><V1/><F107/><W92/><G85/><T119/><D119/><U134/><E86/><V121/><F106/><W57/><AGARI ba="0,1" hai="54,57,60,92,93,94,96,99" m="4255,37159" machi="57" ten="30,1500,0" yaku="8,1" doraHai="42" who="3" fromWho="3" sc="159,-5,389,-5,290,-5,152,25" /><INIT seed="3,1,0,0,2,40" ten="154,384,285,177" oya="3" hai0="36,129,53,25,21,30,99,97,0,18,66,5,76" hai1="61,117,103,63,101,125,74,59,22,75,9,11,87" hai2="85,23,60,109,70,128,82,65,114,26,28,4,110" hai3="79,81,119,13,67,91,56,126,120,121,100,132,62"/><W88/><G119/><T55/><D129/><U93/><E117/><V118/><F128/><W122/><G126/><T69/><D36/><U15/><E125/><V8/><F114/><W54/><G132/><T92/><D76/><U12/><E22/><V47/><F47/><W52/><G100/><T89/><D97/><U102/><E59/><V72/><F72/><W38/><G38/><T64/><D69/><U50/><E50/><V112/><F112/><W133/><G13/><T49/><D55/><U104/><E104/><V107/><F107/><W6/><G6/><T46/><REACH who="0" step="1"/><D18/><REACH who="0" ten="144,384,285,177" step="2"/><U115/><E115/><V131/><F131/><W51/><G133/><T2/><D2/><U44/><E75/><V57/><F70/><W58/><REACH who="3" step="1"/><G54/><REACH who="3" ten="144,384,285,167" step="2"/><T78/><D78/><U45/><E15/><N who="2" m="5511" /><F118/><W33/><G33/><T83/><D83/><U34/><E34/><V19/><F82/><W130/><G130/><T96/><D96/><U43/><E12/><V17/><F26/><W71/><G71/><T41/><D41/><U7/><E43/><V95/><F110/><W80/><G80/><T14/><D14/><U124/><E124/><V90/><F109/><W48/><G48/><T39/><D39/><U1/><E103/><V123/><F123/><W32/><G32/><T27/><D27/><U98/><E102/><V31/><F60/><W105/><G105/><T16/><D16/><U77/><E63/><N who="2" m="38127" /><F17/><W113/><G113/><T111/><D111/><U42/><E61/><V20/><F19/><W68/><G68/><T108/><D108/><U106/><E106/><V35/><F35/><RYUUKYOKU ba="1,2" sc="144,10,384,-30,285,10,167,10" hai0="0,5,21,25,30,46,49,53,64,66,89,92,99" hai2="20,23,28,31,85,90,95" hai3="51,52,56,58,62,67,79,81,88,91,120,121,122" /><INIT seed="3,2,2,3,2,76" ten="154,354,295,177" oya="3" hai0="78,18,89,97,134,125,91,13,6,93,85,22,51" hai1="121,114,94,23,19,55,58,70,46,82,53,20,16" hai2="27,88,105,99,112,103,124,17,32,108,113,115,8" hai3="81,52,73,48,102,57,131,65,47,68,0,80,3"/><W45/><G73/><T34/><D125/><U109/><E121/><V119/><F119/><W98/><G131/><T21/><D134/><U126/><E70/><V10/><F124/><W75/><G75/><T111/><D111/><U15/><E126/><V74/><F74/><W107/><G68/><T39/><D39/><U37/><E114/><V14/><F108/><W63/><REACH who="3" step="1"/><G45/><REACH who="3" ten="154,354,295,167" step="2"/><T128/><D128/><U71/><E71/><V4/><F115/><W61/><G61/><T127/><D127/><U69/><E69/><V64/><F113/><W11/><G11/><N who="0" m="4343" /><D34/><U133/><E46/><V77/><F112/><W132/><G132/><T96/><D78/><U33/><E33/><V66/><F32/><W54/><G54/><T90/><D51/><U36/><E55/><V40/><F77/><W59/><G59/><T38/><D38/><U1/><E37/><V83/><F10/><W67/><G67/><T41/><D41/><U122/><E36/><V123/><F40/><W87/><G87/><N who="0" m="52415" /><D22/><U92/><E58/><V9/><F66/><W117/><G117/><T130/><D130/><U28/><E53/><V2/><F64/><W44/><G44/><T72/><D72/><U24/><E23/><V120/><F120/><W129/><G129/><T30/><D30/><U42/><E42/><V60/><F123/><W118/><G118/><T12/><D85/><U35/><E122/><V84/><F60/><W7/><G7/><T95/><D97/><U31/><E109/><V106/><F9/><W110/><G110/><T135/><D135/><U5/><E28/><V49/><F49/><RYUUKYOKU ba="2,3" sc="154,15,354,-15,295,-15,167,15" hai0="12,18,21,90,91,95,96" hai3="0,3,47,48,52,57,63,65,80,81,98,102,107" /><INIT seed="3,3,3,3,0,62" ten="169,339,280,182" oya="3" hai0="32,66,122,6,68,44,69,18,92,70,112,63,40" hai1="72,81,114,31,16,35,78,134,45,132,53,4,56" hai2="23,38,133,123,20,8,95,57,67,109,50,55,42" hai3="33,121,99,107,5,29,119,131,85,115,101,104,125"/><W135/><G115/><T100/><D122/><U43/><E114/><V116/><F116/><W113/><G113/><T14/><D112/><U13/><E4/><V11/><F123/><W28/><G121/><T15/><D32/><U17/><E31/><V71/><F133/><N who="1" m="51305" /><E35/><V25/><F109/><W73/><G73/><T117/><D117/><U106/><E106/><V24/><F95/><W30/><G119/><T34/><D34/><U48/><E13/><V64/><F71/><W108/><G135/><T130/><D130/><U97/><E97/><V51/><F38/><AGARI ba="3,3" hai="16,17,38,43,45,48,53,56,72,78,81" m="51305" machi="38" ten="30,2000,0" yaku="20,1,54,1" doraHai="62" who="1" fromWho="2" sc="169,0,339,59,280,-29,182,0" owari="169,-33.0,398,50.0,251,5.0,182,-22.0" /></mjloggm>