<mjloggm ver="2.3"><GO type="225" lobby="0"/><UN n0="%E3%83%AD%E3%83%83%E3%83%86%E9%9B%80%E7%90%83" n1="%E6%80%AA%E3%81%97%E3%81%99%E3%81%8E%E3%82%8B%E3%83%81%E3%83%BC" n2="%E8%A8%88%E7%AE%97%E6%A9%9F%E8%87%AA%E7%84%B6" n3="%E3%81%95%E3%81%8F%E3%82%89%E3%81%93" dan="18,16,17,16" rate="2239.76,2121.20,2209.08,2170.60" sx="F,M,M,M"/><TAIKYOKU oya="0"/><INIT seed="0,0,0,2,1,37" ten="250,250,250,250" oya="0" hai0="52,98,35,81,11,23,0,64,60,42,66,2,77" hai1="80,63,121,32,90,130,62,36,57,65,114,102,107" hai2="19,67,129,38,22,87,61,41,3,133,21,29,91" hai3="123,127,15,93,26,117,50,48,118,71,76,39,100"/><T135/><D35/><U9/><E121/><V25/><F133/><W112/><G112/><T132/><D23/><U85/><E114/><V128/><F3/><W122/><G39/><T27/><D27/><U88/><E130/><N who="2" m="50283" /><F38/><W82/><G71/><T54/><D98/><U43/><E32/><N who="2" m="20527" /><F19/><W72/><G26/><T124/><D124/><U99/><E9/><V109/><F109/><W83/><G15/><T31/><D31/><U113/><E113/><V134/><F41/><W5/><G5/><T49/><D11/><U8/><E8/><V58/><F134/><N who="0" m="51242" /><D0/><U10/><E10/><V104/><F104/><W45/><G50/><T56/><D2/><U97/><E63/><V84/><F84/><W13/><G13/><T73/><D42/><U55/><E65/><V108/><F108/><W74/><G127/><T101/><D101/><U110/><E110/><V105/><F105/><W120/><G100/><T28/><D28/><U12/><E12/><V18/><F18/><W96/><G96/><T1/><D1/><U115/><E115/><V89/><F89/><W47/><G118/><T17/><D17/><U68/><E99/><V131/><N who="2" m="50291" /><V70/><DORA hai="4" /><F70/><W20/><G117/><T116/><D116/><U86/><E68/><V79/><F79/><N who="3" m="44391" /><G20/><T44/><AGARI ba="0,0" hai="44,49,52,54,56,60,64,66,73,77,81" m="51242" machi="44" ten="30,3000,0" yaku="20,1,54,1" doraHai="37,4" who="0" fromWho="0" sc="250,30,250,-10,250,-10,250,-10" /><INIT seed="0,1,0,4,3,33" ten="280,240,240,240" oya="0" hai0="107,90,54,68,46,18,117,32,78,61,2,130,45" hai1="52,120,132,56,51,119,85,83,57,104,72,44,86" hai2="98,9,49,84,21,125,43,17,131,92,40,8,81" hai3="5,99,23,101,118,0,12,38,128,3,103,133,48"/><T124/><D117/><U91/><E119/><V121/><F121/><W116/><G38/><T24/><D124/><U4/><E120/><V42/><F131/><W6/><G128/><T64/><D107/><U134/><E104/><V29/><F29/><W27/><G99/><T79/><D130/><U94/><E72/><V96/><F49/><W30/><G48/><T35/><D2/><N who="3" m="553" /><G101/><T108/><D90/><U111/><E111/><V62/><F62/><W41/><G41/><T31/><D108/><U102/><E4/><N who="3" m="1642" /><G103/><T114/><D35/><U47/><E102/><N who="2" m="60679" /><F125/><W80/><G80/><T66/><D18/><U89/><REACH who="1" step="1"/><E56/><REACH who="1" ten="280,230,240,240" step="2"/><V59/><F59/><W50/><G50/><T19/><D61/><U13/><E13/><N who="2" m="9391" /><F98/><W28/><G133/><AGARI ba="1,1" hai="44,47,51,52,57,83,85,86,89,91,94,132,133,134" machi="133" ten="40,5200,0" yaku="1,1,20,1,54,1,53,0" doraHai="33" doraHaiUra="36" who="1" fromWho="3" sc="280,0,230,65,240,0,240,-55" /><INIT seed="1,0,0,2,4,98" ten="280,295,240,185" oya="1" hai0="65,75,41,19,126,70,61,69,71,135,8,72,64" hai1="103,18,95,123,125,80,63,43,29,67,32,97,52" hai2="111,51,132,15,10,110,55,31,116,49,38,50,27" hai3="28,44,107,53,76,34,48,7,0,134,106,45,16"/><U35/><E123/><V62/><F38/><W100/><G134/><T2/><D135/><U54/><E125/><V47/><F116/><W94/><G76/><T117/><D117/><U6/><E6/><V118/><F118/><W85/><G7/><T58/><D126/><U130/><E130/><V9/><F132/><W87/><G0/><T39/><D19/><U91/><E43/><V121/><F121/><W42/><G28/><T122/><D122/><U114/><E114/><V56/><F47/><W119/><G34/><T88/><D88/><U99/><E18/><V36/><F36/><W11/><G119/><T46/><D58/><U3/><E3/><V86/><F86/><W93/><G107/><T124/><D124/><U112/><E112/><V30/><F30/><W92/><G106/><T25/><D25/><N who="1" m="18479" /><E80/><V109/><REACH who="2" step="1"/><F15/><REACH who="2" ten="280,295,230,185" step="2"/><N who="3" m="7295" /><G100/><T127/><D127/><U89/><E103/><V73/><F73/><W96/><G96/><T83/><D75/><U129/><E99/><V133/><F133/><W33/><G33/><AGARI ba="0,1" hai="9,10,27,31,33,49,50,51,55,56,62,109,110,111" machi="33" ten="50,3200,0" yaku="1,1,14,1,53,0" doraHai="98" doraHaiUra="74" who="2" fromWho="3" sc="280,0,295,0,230,42,185,-32" /><INIT seed="2,0,0,1,4,31" ten="280,295,272,153" oya="2" hai0="92,124,12,133,9,120,84,4,99,93,81,16,35" hai1="36,69,25,2,118,59,122,61,57,83,89,14,109" hai2="98,68,44,95,67,132,47,18,106,37,76,113,96" hai3="64,117,24,101,71,52,134,116,115,46,58,48,90"/><V86/><F113/><W79/><G79/><T114/><D124/><U130/><E2/><V21/><F132/><W108/><G134/><T112/><D120/><U38/><E118/><V29/><F29/><W50/><G101/><T80/><D133/><U70/><E14/><V6/><F6/><W42/><G24/><T0/><D35/><U56/><E25/><V91/><F37/><N who="1" m="14441" /><E89/><V128/><F128/><W104/><G90/><N who="0" m="53319" /><D0/><U15/><E15/><V66/><F68/><N who="1" m="26217" /><E83/><N who="0" m="31817" /><D114/><U60/><E130/><V55/><F106/><W13/><G13/><T85/><D85/><U40/><E109/><V73/><F73/><W87/><G87/><T72/><D72/><U63/><E122/><V7/><F7/><W65/><G104/><T97/><D112/><U135/><E135/><V94/><F76/><W22/><G22/><T3/><D3/><U10/><E10/><V107/><F107/><W131/><G131/><T45/><D4/><U103/><E103/><V43/><F86/><W110/><G115/><T19/><D19/><U102/><E102/><N who="2" m="60695" /><F18/><W111/><G71/><T32/><D32/><U28/><E28/><V88/><F21/><W82/><G82/><T121/><D121/><U8/><E8/><V62/><F91/><W41/><G42/><AGARI ba="0,0" hai="40,42,56,57,59,60,61,63" m="26217,14441" machi="42" ten="40,12000,2" yaku="28,2,35,5" doraHai="31" who="1" fromWho="3" sc="280,0,295,120,272,0,153,-120" /><INIT seed="3,0,0,2,1,6" ten="280,415,272,33" oya="3" hai0="60,0,95,121,22,50,98,49,36,110,5,65,30" hai1="100,58,66,84,103,53,18,23,37,28,17,31,14" hai2="82,38,51,86,76,11,61,4,7,94,116,1,128" hai3="111,26,34,90,118,102,39,35,91,54,88,120,131"/><W99/><G118/><T24/><D121/><U127/><E37/><V62/><F38/><W55/><G120/><T13/><D110/><U77/><E127/><V46/><F116/><W108/><G39/><T101/><D0/><U85/><E66/><V125/><F125/><W21/><G131/><T19/><D5/><N who="2" m="2122" /><F1/><W63/><G63/><T107/><D36/><U25/><E18/><V32/><F32/><W8/><G8/><T68/><D95/><U81/><E84/><N who="2" m="48199" /><F11/><AGARI ba="0,0" hai="11,13,19,22,24,30,49,50,60,65,68,98,101,107" machi="11" ten="30,2000,0" yaku="7,1,52,1" doraHai="6" who="0" fromWho="2" sc="280,20,415,0,272,-20,33,0" owari="300,10.0,415,52.0,252,-15.0,33,-47.0" /></mjloggm>