<mjloggm ver="2.3"><GO type="185" lobby="0"/><UN n0="%E9%95%B7%E5%85%89%E9%BA%BB%E5%A4%9C" n1="%E3%82%B5%E3%83%89%E3%82%A5%E3%83%BC" n2="%E3%81%A8%E3%82%8A%E3%81%82%E3%81%88%E3%81%9A%E5%9B%9B%E6%AE%B5" n3="" dan="18,18,16,0" rate="2308.93,2345.53,2142.61,1500.00" sx="M,M,M,C"/><TAIKYOKU oya="0"/><INIT seed="0,0,0,4,3,55" ten="350,350,350,0" oya="0" hai0="3,46,34,64,94,61,96,122,106,83,111,108,59" hai1="82,62,66,118,48,54,131,113,91,73,129,88,99" hai2="33,63,112,1,85,78,43,56,38,105,37,134,107" hai3=""/><T39/><N who="0" m="31264" /><T104/><D34/><U69/><E118/><V67/><F112/><T81/><D3/><U89/><E113/><V95/><F33/><T87/><D39/><U119/><E119/><V51/><F134/><T77/><D83/><U60/><E60/><V57/><F1/><T128/><D46/><U130/><E99/><V86/><F95/><T120/><N who="0" m="30752" /><T103/><D128/><U126/><E126/><V36/><F43/><T132/><REACH who="0" step="1"/><D132/><REACH who="0" ten="340,350,350,0" step="2"/><U116/><E116/><V80/><F36/><T101/><D101/><U70/><E82/><V92/><F37/><T45/><D45/><U58/><E73/><V40/><F38/><T68/><D68/><AGARI ba="0,1" hai="48,54,58,62,66,68,69,70,88,89,91,129,130,131" machi="68" ten="50,6400,0" yaku="19,1,52,1,54,1" doraHai="55" who="1" fromWho="0" sc="340,-64,350,74,350,0,0,0" /><INIT seed="1,0,0,5,2,3" ten="276,424,350,0" oya="1" hai0="44,74,112,62,83,123,52,121,49,135,96,60,131" hai1="65,2,104,34,71,79,86,46,88,114,41,93,66" hai2="38,118,57,133,43,40,51,110,125,80,69,132,111" hai3=""/><U61/><E114/><V85/><F118/><T128/><N who="0" m="31008" /><T129/><N who="0" m="31520" /><T53/><D112/><U1/><E104/><V72/><F72/><T63/><D96/><U124/><E124/><V116/><F116/><T50/><D74/><U130/><E130/><V87/><F69/><T82/><D135/><N who="2" m="51786" /><F125/><T134/><D134/><U70/><E34/><V39/><F85/><T108/><D108/><N who="2" m="41514" /><F57/><AGARI ba="0,0" hai="44,49,50,52,53,57,60,62,63,82,83,128,129,131" m="31520,31008" machi="57" ten="50,8000,1" yaku="19,1,52,2,54,1" doraHai="3" who="0" fromWho="2" sc="276,80,424,0,350,-80,0,0" /><INIT seed="2,0,0,4,3,90" ten="356,424,270,0" oya="2" hai0="100,73,69,41,134,78,115,58,32,1,87,43,48" hai1="101,47,50,64,109,111,118,68,35,96,116,92,80" hai2="104,130,57,40,120,91,84,126,128,129,127,71,77" hai3=""/><V112/><N who="2" m="30752" /><V45/><F112/><T105/><D32/><U72/><E35/><V74/><F71/><T122/><N who="0" m="31264" /><T55/><D1/><U86/><E64/><V65/><F104/><T56/><D69/><U98/><E68/><V133/><F77/><T36/><D134/><U79/><E72/><V117/><F117/><N who="1" m="45161" /><E50/><V131/><F74/><T132/><D132/><U3/><E47/><V63/><N who="2" m="32768" /><DORA hai="52" /><V107/><F107/><T38/><D73/><U33/><E3/><V89/><F133/><T2/><D2/><U113/><E33/><V44/><F44/><T54/><D100/><U49/><E49/><V59/><F59/><T135/><D135/><U0/><E0/><V76/><F76/><T110/><D48/><U99/><E113/><V67/><F65/><T123/><N who="0" m="31520" /><T95/><D115/><U70/><E70/><V60/><F60/><T125/><D58/><U53/><E53/><V106/><F106/><T124/><D105/><U81/><E79/><V37/><F89/><T66/><D66/><U75/><E75/><V61/><F61/><T114/><D114/><U85/><E101/><V108/><F108/><T119/><D110/><U97/><E109/><V42/><F42/><T93/><D78/><RYUUKYOKU ba="0,0" sc="356,-10,424,-10,270,20,0,0" hai2="37,40,45,57,63,67,84,91,126,127" /><INIT seed="2,1,0,1,5,123" ten="346,414,290,0" oya="2" hai0="87,52,42,40,36,132,133,61,84,62,85,91,58" hai1="38,101,86,82,128,72,120,100,107,110,67,106,2" hai2="46,0,118,57,95,74,41,105,50,117,68,135,69" hai3=""/><V127/><F105/><T89/><D36/><U60/><N who="1" m="30752" /><U98/><E38/><V73/><F0/><T64/><D89/><U49/><E2/><V51/><F73/><T34/><D91/><U35/><E35/><V130/><F74/><T54/><D34/><U125/><E128/><V59/><F95/><T88/><D88/><U77/><E49/><V47/><F130/><T96/><D96/><U39/><E39/><V93/><F93/><T66/><D85/><U121/><N who="1" m="31008" /><U71/><E86/><V48/><F127/><T1/><D58/><N who="2" m="22026" /><F135/><T109/><D1/><U94/><E125/><V97/><F97/><T102/><REACH who="0" step="1"/><D109/><REACH who="0" ten="336,414,290,0" step="2"/><U112/><E110/><V92/><F92/><T116/><D116/><N who="2" m="44650" /><F41/><T99/><D99/><U56/><E94/><V32/><F32/><T131/><D131/><U129/><E129/><V115/><F115/><T103/><AGARI ba="1,1" hai="40,42,52,54,61,62,64,66,84,87,102,103,132,133" machi="103" ten="25,6000,1" yaku="1,1,0,1,22,2,54,1,53,0" doraHai="123" doraHaiUra="55" who="0" fromWho="0" sc="336,72,414,-21,290,-41,0,0" /><INIT seed="4,0,0,4,3,57" ten="408,393,249,0" oya="0" hai0="2,98,48,94,55,80,50,70,39,38,133,86,92" hai1="112,43,91,82,84,128,111,35,64,42,132,134,113" hai2="125,114,77,51,79,106,3,122,104,115,83,99,120" hai3=""/><T119/><D119/><U59/><E111/><V47/><N who="2" m="30752" /><V85/><N who="2" m="31264" /><V96/><F125/><T54/><D70/><U65/><E128/><V108/><F108/><T131/><D131/><U110/><E110/><V101/><F3/><T109/><D109/><U107/><E107/><V124/><F124/><T116/><D116/><U129/><E35/><V69/><F69/><T123/><N who="0" m="31520" /><T46/><D133/><N who="1" m="51307" /><E129/><V130/><F130/><T78/><D2/><U67/><E59/><V87/><F51/><T34/><D34/><U73/><E73/><V62/><F62/><T53/><D94/><U102/><E102/><V105/><F47/><T90/><REACH who="0" step="1"/><D54/><REACH who="0" ten="398,393,249,0" step="2"/><U40/><AGARI ba="0,1" hai="40,42,43,64,65,67,82,84,91,112,113" m="51307" machi="40" ten="40,1100,0" yaku="20,1" doraHai="57" who="1" fromWho="1" sc="398,-7,393,21,249,-4,0,0" /><INIT seed="5,0,0,4,2,104" ten="391,414,245,0" oya="1" hai0="106,91,123,121,114,130,55,72,85,66,90,71,96" hai1="0,112,97,60,99,2,134,51,95,34,69,115,38" hai2="61,129,128,32,46,105,89,78,37,88,54,40,76" hai3=""/><U125/><E34/><V83/><F105/><T65/><N who="0" m="31008" /><T87/><N who="0" m="31520" /><T108/><D108/><U124/><E38/><V36/><F32/><T111/><D111/><U98/><E134/><V81/><F81/><T84/><D72/><U110/><E110/><V43/><F61/><T103/><D114/><N who="1" m="43563" /><E51/><V131/><F54/><T79/><D79/><N who="2" m="30250" /><F83/><T135/><D135/><U74/><E95/><V45/><AGARI ba="0,0" hai="36,37,40,43,45,46,88,89,128,129,131" m="30250" machi="45" ten="40,2000,0" yaku="19,1,54,1" doraHai="104" who="2" fromWho="2" sc="391,-7,414,-13,245,20,0,0" /><INIT seed="6,0,0,0,4,46" ten="384,401,265,0" oya="2" hai0="78,110,120,94,37,67,53,73,131,56,72,3,51" hai1="133,38,44,115,134,124,111,69,81,75,55,84,100" hai2="58,91,62,119,79,60,109,130,82,64,104,125,103" hai3=""/><V35/><F119/><T123/><N who="0" m="30752" /><T99/><N who="0" m="31520" /><T113/><D110/><U1/><E115/><V41/><F35/><T89/><D3/><U106/><E111/><V122/><N who="2" m="31264" /><V117/><F117/><T66/><D113/><U52/><E1/><V90/><F109/><T128/><D37/><U57/><E69/><V98/><F130/><N who="0" m="49706" /><D78/><U59/><E75/><AGARI ba="0,0" hai="51,53,56,66,67,72,73,75,89,94,99" m="49706,31520,30752" machi="75" ten="30,7700,0" yaku="19,1,52,3" doraHai="46" who="0" fromWho="1" sc="384,77,401,-77,265,0,0,0" owari="461,41.0,324,-8.0,265,-33.0,0,0.0" /></mjloggm>