<mjloggm ver="2.3"><GO type="169" lobby="0"/><UN n0="%E3%81%B6%E3%83%BC%E3%81%95%E3%82%93%E3%81%AE%E4%BC%91%E6%81%AF%E2%99%AA" n1="%6F%6B%62%6F%6B%62" n2="%33%6E%6F%6D%79%5F%64%73" n3="%64%72%61%65%74%63" dan="17,16,16,16" rate="2206.47,2042.08,2104.73,2084.27" sx="M,M,M,M"/><TAIKYOKU oya="0"/><INIT seed="0,0,0,2,5,53" ten="250,250,250,250" oya="0" hai0="105,120,135,96,15,99,114,117,93,56,71,33,49" hai1="36,81,132,44,70,94,104,75,40,69,45,90,109" hai2="1,7,31,107,24,23,102,108,30,87,98,25,86" hai3="47,122,106,100,116,21,27,41,119,42,76,29,68"/><T16/><D114/><U48/><E109/><V32/><REACH who="2" step="1"/><F108/><REACH who="2" ten="250,250,240,250" step="2"/><W5/><G119/><T52/><D117/><U20/><E132/><V57/><F57/><W50/><G116/><T46/><D135/><U62/><E69/><V101/><F101/><W123/><G68/><T88/><D71/><U89/><E70/><V78/><F78/><W80/><G100/><T14/><D120/><U134/><E134/><V128/><F128/><W55/><G106/><T8/><D33/><U58/><E58/><V10/><AGARI ba="0,1" hai="1,7,10,23,24,25,30,31,32,86,87,98,102,107" machi="10" ten="30,7900,0" yaku="21,2,0,1,53,1" doraHai="53" doraHaiUra="4" who="2" fromWho="2" sc="250,-39,250,-20,240,89,250,-20" /><INIT seed="1,0,0,4,0,60" ten="211,230,329,230" oya="1" hai0="63,121,38,80,75,8,81,131,133,49,65,116,64" hai1="22,4,83,53,33,37,130,93,32,21,7,19,15" hai2="14,134,79,92,67,120,6,48,30,101,90,23,52" hai3="106,94,132,11,95,129,117,123,46,0,25,2,105"/><U31/><E37/><V44/><F134/><W108/><G123/><T97/><D38/><U118/><E118/><V68/><F120/><W110/><G132/><T77/><D116/><U135/><E135/><V82/><F101/><W40/><G117/><T115/><D115/><U1/><E83/><V70/><F30/><W3/><G11/><T128/><D121/><U85/><E85/><V56/><F44/><W113/><G25/><T74/><D133/><U10/><E53/><V107/><F107/><N who="3" m="40971" /><G113/><T39/><D39/><U78/><E93/><N who="3" m="35338" /><G46/><T104/><D8/><N who="1" m="2063" /><E78/><V114/><F114/><W91/><G91/><T17/><D104/><U58/><E58/><V13/><F13/><W45/><G45/><T18/><D97/><U29/><E130/><V28/><F28/><N who="1" m="10825" /><E21/><V102/><F23/><W61/><G61/><T73/><D63/><U126/><E126/><V12/><F79/><W84/><G84/><T51/><D73/><U55/><E55/><V9/><F52/><W5/><G40/><T43/><REACH who="0" step="1"/><D77/><REACH who="0" ten="201,230,329,230" step="2"/><U119/><E119/><V50/><F70/><W124/><G124/><T34/><D34/><U99/><E99/><V96/><F68/><W111/><G129/><T100/><D100/><U54/><E54/><V57/><F102/><W20/><G20/><T66/><D66/><U62/><E62/><V89/><F67/><W42/><G42/><AGARI ba="0,1" hai="17,18,42,43,49,51,64,65,74,75,80,81,128,131" machi="42" ten="25,8000,1" yaku="1,1,22,2,52,2,53,0" doraHai="60" doraHaiUra="86" who="0" fromWho="3" sc="201,90,230,0,329,0,230,-80" /><INIT seed="2,0,0,3,0,14" ten="291,230,329,150" oya="2" hai0="78,122,44,134,4,91,97,46,57,98,25,41,72" hai1="127,66,83,43,53,92,82,107,130,65,56,102,61" hai2="105,113,32,100,119,81,35,60,95,116,117,15,47" hai3="85,123,1,77,12,70,54,110,42,36,28,7,73"/><V29/><F113/><W126/><G123/><T23/><D134/><U2/><E107/><V94/><F105/><W87/><G70/><T3/><D78/><U21/><E2/><V79/><F47/><W5/><G28/><T99/><D72/><U84/><E130/><V18/><F60/><W67/><G67/><T106/><D4/><U115/><E115/><V125/><F125/><W114/><G54/><T63/><D3/><U34/><E34/><V17/><F29/><W129/><G129/><T24/><D24/><U58/><E43/><V71/><F71/><W8/><G110/><T93/><D106/><U69/><E69/><V49/><F49/><W101/><G101/><T86/><D41/><U27/><E127/><V59/><F59/><W128/><G128/><T45/><D122/><U88/><E65/><V52/><F52/><W26/><G26/><T62/><REACH who="0" step="1"/><D57/><REACH who="0" ten="281,230,329,150" step="2"/><U135/><E135/><V90/><F79/><W50/><G42/><T80/><D80/><U103/><E82/><V112/><F112/><W16/><G77/><T51/><D51/><N who="1" m="30783" /><E83/><V96/><F81/><W132/><G73/><T30/><AGARI ba="0,1" hai="23,25,30,44,45,46,62,63,86,91,93,97,98,99" machi="30" ten="30,4000,0" yaku="1,1,0,1,8,1,53,0" doraHai="14" doraHaiUra="33" who="0" fromWho="0" sc="281,50,230,-10,329,-20,150,-10" /><INIT seed="3,0,0,2,4,67" ten="331,220,309,140" oya="3" hai0="14,113,33,111,59,43,70,120,92,26,62,22,82" hai1="42,3,35,16,99,74,18,71,46,10,103,60,15" hai2="47,64,48,97,107,79,132,56,90,9,98,135,2" hai3="32,102,30,87,112,119,96,36,8,121,37,95,108"/><W81/><G112/><T109/><D120/><U7/><E74/><V45/><F79/><W83/><G121/><T24/><D113/><U115/><E115/><V69/><F56/><W40/><G119/><T19/><D43/><U44/><E35/><V28/><F28/><W104/><G108/><T49/><D49/><U29/><E29/><V11/><F90/><W68/><G68/><T117/><D117/><U25/><E25/><V1/><F48/><W39/><G40/><T65/><D59/><U58/><E71/><V41/><F41/><W63/><G63/><T17/><D33/><U27/><E27/><V66/><F107/><W72/><G8/><T129/><D129/><U130/><E130/><V23/><F23/><W106/><G81/><T100/><D82/><U134/><E134/><V86/><F86/><W13/><G13/><T0/><D0/><U128/><E128/><V51/><F51/><W77/><REACH who="3" step="1"/><G72/><REACH who="3" ten="331,220,309,130" step="2"/><T80/><D80/><U118/><E118/><V75/><F75/><W12/><G12/><T76/><D111/><U20/><E42/><V122/><F122/><W116/><G116/><T55/><D14/><U101/><E3/><V53/><F69/><W89/><G89/><T6/><D70/><U131/><E131/><V73/><F73/><W5/><G5/><T54/><D6/><U91/><E7/><V85/><F2/><W61/><G61/><T93/><D62/><U133/><E91/><V126/><F1/><W57/><G57/><T21/><D109/><U52/><E15/><V124/><F11/><W38/><N who="3" m="9216" /><DORA hai="110" /><W127/><G127/><RYUUKYOKU ba="0,1" sc="331,-10,220,-10,309,-10,130,30" hai3="30,32,77,83,87,95,96,102,104,106" /><INIT seed="3,1,1,5,3,129" ten="321,210,299,160" oya="3" hai0="55,132,3,8,84,116,15,74,134,46,26,32,73" hai1="120,69,64,90,0,18,36,59,83,63,13,85,125" hai2="111,113,109,75,2,12,106,56,92,51,135,35,37" hai3="49,119,4,60,27,19,94,93,7,100,117,87,110"/><W24/><G60/><T6/><D116/><U104/><E125/><V80/><F37/><W39/><G39/><T76/><D84/><U102/><E36/><V95/><F2/><W1/><G1/><T28/><D3/><U127/><E0/><V126/><F35/><W14/><G110/><T115/><D115/><U52/><E127/><V98/><F12/><W71/><G71/><T105/><D105/><U103/><E104/><V45/><F126/><W29/><G29/><T61/><D76/><U33/><E33/><V96/><F56/><W9/><G117/><T89/><D89/><U62/><REACH who="1" step="1"/><E120/><REACH who="1" ten="321,200,299,160" step="2"/><V101/><F106/><W67/><G119/><T88/><D32/><U133/><E133/><V107/><F135/><W114/><G114/><T124/><D124/><U41/><E41/><V65/><F107/><W40/><G40/><T10/><D134/><U99/><E99/><V16/><F96/><W22/><G100/><T48/><D132/><U130/><E130/><V44/><F101/><W17/><G67/><T53/><D53/><U21/><AGARI ba="1,2" hai="13,18,21,52,59,62,63,64,69,83,85,90,102,103" machi="21" ten="20,12000,2" yaku="1,1,0,1,7,1,54,1,53,2" doraHai="129" doraHaiUra="58" who="1" fromWho="1" sc="321,-31,200,143,299,-31,160,-61" /><INIT seed="4,0,0,0,1,30" ten="290,343,268,99" oya="0" hai0="112,130,76,49,57,70,18,19,84,132,77,109,126" hai1="110,78,113,73,83,15,105,107,44,79,0,81,52" hai2="103,68,34,12,129,9,80,127,25,20,82,13,39" hai3="93,72,37,74,135,24,46,64,120,111,114,35,104"/><T47/><D70/><U17/><E0/><V58/><F68/><W32/><G93/><T89/><D112/><U43/><E110/><V96/><F39/><W27/><G111/><T21/><D109/><U118/><E118/><V54/><F129/><W63/><G114/><T36/><D132/><U134/><E134/><V71/><F71/><N who="3" m="42399" /><G135/><T6/><D6/><U125/><E125/><V128/><F128/><W60/><G60/><T2/><D126/><U98/><E98/><V55/><F55/><W61/><G61/><T122/><D2/><U116/><E116/><V87/><F20/><W51/><G51/><T115/><D36/><U99/><E99/><V95/><F127/><W92/><G92/><T94/><D122/><U16/><E113/><V102/><F102/><W41/><G24/><T48/><D130/><U119/><E119/><V7/><F13/><W88/><G88/><T50/><D18/><U65/><E65/><V40/><F40/><W75/><G27/><T38/><D38/><U100/><E100/><V90/><F82/><W14/><G14/><N who="0" m="9463" /><D115/><U33/><E43/><V1/><F1/><W45/><G45/><T4/><D4/><U85/><E15/><V31/><F54/><W22/><G22/><T69/><D69/><U5/><E5/><V117/><F117/><W29/><G29/><T42/><D50/><U8/><E17/><V97/><F97/><W101/><G120/><T59/><D57/><U133/><E16/><V23/><F58/><W67/><G67/><T124/><D124/><U11/><E133/><V26/><F26/><W10/><G10/><RYUUKYOKU ba="0,0" sc="290,10,343,-30,268,10,99,10" hai0="42,47,48,49,59,76,77,84,89,94" hai2="7,9,12,23,25,31,34,80,87,90,95,96,103" hai3="32,35,37,41,46,72,74,75,101,104" /><INIT seed="4,1,0,2,4,57" ten="300,313,278,109" oya="0" hai0="63,132,107,91,125,100,17,127,82,32,10,121,8" hai1="81,116,76,95,9,33,20,13,6,134,79,62,103" hai2="26,101,19,120,96,70,131,98,64,92,53,54,43" hai3="112,18,38,74,86,23,30,1,27,106,55,21,59"/><T99/><D121/><U129/><E116/><V44/><F120/><W52/><G74/><T75/><D132/><U28/><E134/><V102/><F131/><W93/><G106/><T0/><D32/><U37/><E37/><V15/><F26/><W124/><G1/><T78/><D0/><U67/><E33/><V90/><F90/><W73/><G73/><T14/><D8/><U88/><E103/><V69/><F69/><W135/><G38/><T7/><D7/><U109/><E109/><V65/><F65/><W29/><G112/><T77/><D77/><U3/><E129/><V25/><F25/><W61/><G124/><T89/><REACH who="0" step="1"/><D63/><REACH who="0" ten="290,313,278,109" step="2"/><U117/><E3/><V115/><F115/><W119/><G135/><T40/><D40/><U16/><E117/><V87/><F43/><W35/><G119/><T110/><D110/><U123/><E123/><V49/><F53/><W133/><G133/><T58/><D58/><N who="1" m="37335" /><E6/><V104/><F70/><W50/><G35/><T4/><D4/><U118/><E118/><V36/><F54/><W2/><G2/><T22/><D22/><U42/><E42/><V39/><F64/><W105/><G105/><T56/><D56/><U48/><E9/><V71/><F71/><W94/><G23/><T12/><D12/><U114/><E114/><V80/><F15/><W83/><G30/><T11/><D11/><U47/><E28/><V111/><F111/><W66/><G29/><T97/><D97/><U34/><E34/><V31/><F31/><W72/><G66/><T122/><D122/><U5/><E5/><V41/><F19/><RYUUKYOKU ba="1,1" sc="290,15,313,-15,278,15,109,-15" hai0="10,14,17,75,78,82,89,91,99,100,107,125,127" hai2="36,39,41,44,49,80,87,92,96,98,101,102,104" /><INIT seed="4,2,1,5,5,90" ten="305,298,293,94" oya="0" hai0="127,58,94,96,124,54,9,43,21,77,130,33,37" hai1="16,121,78,62,135,65,132,128,67,50,46,129,63" hai2="84,53,57,104,119,134,8,120,26,86,7,123,28" hai3="19,102,29,45,133,103,85,27,66,60,118,110,61"/><T117/><D117/><U39/><E39/><V81/><F104/><W100/><G110/><T106/><D33/><U1/><E1/><V5/><F134/><N who="1" m="51241" /><E121/><V36/><F36/><W17/><G133/><T48/><D130/><N who="1" m="50283" /><E78/><V97/><F119/><W6/><G118/><T40/><D106/><U71/><E16/><V59/><F97/><W70/><G6/><T44/><D77/><U38/><E38/><V105/><F105/><W74/><G74/><T20/><D9/><U23/><E23/><V131/><F131/><W109/><G109/><T111/><D111/><U22/><E22/><V89/><F7/><W24/><G45/><T92/><D43/><N who="1" m="24927" /><E71/><V25/><F8/><W114/><G24/><T56/><D56/><U42/><E42/><V2/><F25/><W72/><G17/><T99/><D20/><U47/><E47/><V32/><F57/><W125/><G19/><T80/><D21/><U10/><E10/><V41/><F41/><W18/><G18/><T68/><D68/><U122/><E122/><V0/><F5/><W88/><G27/><T30/><D30/><U87/><E87/><V107/><F2/><W82/><G29/><T13/><D13/><U64/><AGARI ba="2,1" hai="62,63,64,65,67" m="24927,50283,51241" machi="64" ten="40,8000,1" yaku="20,1,19,1,34,2" doraHai="90" who="1" fromWho="1" sc="305,-42,298,96,293,-22,94,-22" /><INIT seed="5,0,0,3,2,130" ten="263,394,271,72" oya="1" hai0="9,18,84,11,80,64,5,56,98,17,128,0,21" hai1="52,121,67,26,108,114,70,8,20,79,16,127,37" hai2="97,77,100,55,33,59,105,25,75,36,109,38,92" hai3="131,81,44,41,63,66,23,123,61,96,30,83,106"/><U104/><E121/><V14/><F109/><W45/><G131/><T39/><D39/><U76/><E108/><V7/><F75/><W48/><G123/><T126/><D126/><U6/><E104/><V47/><F77/><W85/><G106/><T40/><D40/><U102/><E102/><V22/><F33/><W15/><G96/><T90/><D11/><U73/><E37/><V4/><F105/><W132/><G45/><T111/><D128/><U10/><E127/><V28/><F14/><W74/><G74/><T122/><D122/><U32/><E114/><V19/><F28/><W119/><G119/><T72/><D72/><U110/><E110/><V1/><F1/><W31/><G83/><T99/><D18/><U82/><E76/><V115/><F115/><W113/><G63/><T46/><D46/><U88/><E67/><V58/><F58/><W112/><G31/><T65/><D65/><U117/><E70/><V94/><F94/><W3/><G3/><T43/><D43/><U50/><E117/><V93/><F93/><W71/><G30/><T78/><D78/><U54/><E32/><V68/><F68/><W116/><G116/><T118/><D111/><U13/><E50/><V29/><F29/><W135/><G112/><T89/><D118/><U95/><E8/><V129/><F129/><W2/><G2/><T91/><D99/><AGARI ba="0,0" hai="6,10,13,16,20,26,52,54,73,79,82,88,95,99" machi="99" ten="30,11600,0" yaku="7,1,54,3" doraHai="130" who="1" fromWho="0" sc="263,-116,394,116,271,0,72,0" /><INIT seed="5,1,0,0,1,120" ten="147,510,271,72" oya="1" hai0="128,94,99,89,33,114,23,58,60,40,0,97,85" hai1="104,133,30,98,73,86,83,26,111,12,25,15,116" hai2="130,44,20,87,81,115,71,53,10,135,123,118,38" hai3="113,112,122,90,88,39,125,59,52,127,67,108,46"/><U22/><E116/><V103/><F118/><W17/><G67/><T76/><D33/><U19/><E73/><V41/><F123/><W109/><G46/><T78/><D0/><U63/><E133/><V124/><F135/><W54/><G17/><T68/><D68/><U36/><E36/><V13/><F71/><W64/><G64/><T16/><D114/><N who="3" m="44137" /><G39/><T117/><D117/><U28/><E63/><V82/><F115/><W37/><G37/><T80/><D40/><U55/><E55/><N who="3" m="21034" /><G59/><T84/><D128/><U3/><E3/><V96/><F130/><W91/><G122/><T93/><D58/><U27/><E15/><V61/><F53/><W74/><G74/><T5/><D60/><U31/><E104/><V21/><F61/><W11/><G11/><T7/><D76/><U101/><E101/><V51/><F10/><W102/><G102/><N who="0" m="60719" /><D84/><U70/><E98/><V9/><F87/><W107/><G107/><T34/><D34/><U1/><E70/><V75/><F75/><W66/><G66/><T42/><D42/><U48/><E48/><V72/><F51/><W132/><G132/><T29/><D29/><U77/><REACH who="1" step="1"/><E1/><REACH who="1" ten="147,500,271,72" step="2"/><V45/><F72/><W65/><G65/><T110/><D99/><U8/><E8/><V18/><F96/><W129/><G129/><T43/><D43/><U49/><E49/><V56/><F41/><W126/><AGARI ba="1,1" hai="88,90,91,108,109,125,126,127" m="21034,44137" machi="126" ten="40,16000,3" yaku="28,2,18,1,15,1,52,2,54,2" doraHai="120" who="3" fromWho="3" sc="147,-41,500,-81,271,-41,72,173" /><INIT seed="6,0,0,5,2,100" ten="106,419,230,245" oya="2" hai0="57,133,19,27,15,89,113,109,17,77,97,48,44" hai1="72,13,37,107,18,50,59,102,93,135,130,87,76" hai2="83,84,42,28,123,9,32,52,81,126,78,1,117" hai3="29,24,60,20,90,74,105,118,31,46,70,114,56"/><V112/><F117/><W121/><G74/><T127/><D109/><U10/><E135/><V104/><F123/><W54/><G121/><T67/><D77/><U49/><E37/><V36/><F112/><W43/><G118/><T98/><D113/><U111/><E111/><V30/><F126/><W103/><G70/><T134/><D127/><U33/><E33/><V68/><F68/><W129/><G129/><T66/><D27/><U47/><E59/><V22/><F32/><W25/><G90/><T51/><D57/><U63/><E63/><V62/><F104/><W65/><G54/><T69/><D69/><U55/><E49/><V91/><F22/><W86/><G86/><T128/><D15/><U40/><E40/><V106/><F42/><W58/><G58/><T2/><D2/><U92/><E72/><V7/><F36/><W75/><G75/><T6/><D6/><U38/><E38/><V61/><F62/><W101/><G105/><T14/><D14/><U4/><E4/><V35/><F106/><W119/><G119/><T115/><D115/><U16/><E18/><V94/><F35/><W8/><G8/><T45/><REACH who="0" step="1"/><D89/><REACH who="0" ten="96,419,230,245" step="2"/><U96/><E130/><AGARI ba="0,1" hai="17,19,44,45,48,51,66,67,97,98,128,130,133,134" machi="130" ten="25,6400,0" yaku="1,1,2,1,22,2,53,0" doraHai="100" doraHaiUra="64" who="0" fromWho="1" sc="96,74,419,-64,230,0,245,0" /><INIT seed="7,0,0,1,3,41" ten="170,355,230,245" oya="3" hai0="90,66,10,32,26,118,96,135,31,77,12,128,91" hai1="15,50,34,30,27,61,39,51,44,23,57,14,69" hai2="95,104,107,43,56,16,117,121,122,79,73,100,93" hai3="60,87,58,76,116,75,0,119,17,86,78,132,112"/><W124/><G0/><T109/><D109/><U130/><E130/><V65/><F117/><W40/><G75/><T11/><D135/><U125/><E125/><V59/><F43/><W33/><G33/><T25/><D118/><U82/><E69/><V129/><F129/><W85/><G124/><T5/><D128/><U36/><E82/><N who="2" m="45423" /><F16/><W120/><G120/><N who="2" m="46185" /><F100/><W108/><G108/><T47/><D77/><U102/><E102/><V89/><F95/><W29/><G29/><T115/><D115/><U64/><E50/><V53/><F65/><W19/><G40/><T74/><D74/><U2/><E2/><V98/><F59/><W92/><G92/><T99/><D66/><U84/><E84/><V7/><F7/><W24/><G112/><T134/><D134/><U106/><E106/><V35/><F35/><W72/><G72/><T81/><D25/><U38/><E34/><V6/><F6/><W94/><G94/><T62/><D11/><U49/><E49/><V83/><F83/><W113/><G113/><T123/><D123/><U114/><E114/><V13/><F13/><W42/><G132/><T105/><D105/><U97/><E97/><V133/><F133/><W63/><G116/><T4/><D4/><U20/><E20/><V88/><F89/><N who="0" m="33802" /><D81/><U103/><E103/><V68/><F68/><W9/><G78/><T21/><D32/><U54/><AGARI ba="0,0" hai="14,15,23,27,30,36,38,39,44,51,54,57,61,64" machi="54" ten="30,2000,0" yaku="0,1,52,1" doraHai="41" who="1" fromWho="1" sc="170,-5,355,20,230,-5,245,-10" owari="165,-33.0,375,46.0,225,-17.0,235,4.0" /></mjloggm>