<mjloggm ver="2.3"><GO type="169" lobby="0"/><UN n0="%E5%A4%9A%E6%91%A9%E3%82%BD%E3%83%BC%E3%82%B8" n1="%E3%82%B1%E3%83%AB%E3%83%B4%E3%82%A3%E3%83%B3" n2="%E7%AD%89%E3%80%85%E5%8A%9B%E5%8A%87%E5%A0%B4" n3="%31%74%61" dan="16,17,17,16" rate="2066.17,2151.73,2152.57,2051.73" sx="M,M,M,M"/><TAIKYOKU oya="0"/><INIT seed="0,0,0,3,2,4" ten="250,250,250,250" oya="0" hai0="108,25,27,82,33,73,8,47,101,26,24,44,109" hai1="96,117,52,19,90,121,48,130,5,71,110,103,29" hai2="36,68,133,97,31,51,32,122,100,119,1,49,89" hai3="114,59,60,131,14,85,43,111,74,69,104,41,99"/><T83/><D101/><U76/><E121/><V16/><F122/><W87/><G74/><T15/><D33/><U55/><E71/><V115/><F115/><W34/><G34/><T78/><N who="0" m="6144" /><DORA hai="30" /><T92/><D92/><U46/><E76/><V63/><F31/><W132/><G69/><T93/><D93/><U62/><E5/><V12/><F32/><W77/><G87/><T13/><D83/><U126/><E90/><V40/><F1/><W91/><G77/><T127/><D127/><U61/><E130/><V94/><F133/><W64/><G132/><T113/><D15/><U35/><E35/><V125/><F125/><W112/><G111/><N who="0" m="42571" /><D113/><U123/><E123/><V45/><F119/><W53/><G131/><T88/><D88/><U79/><E29/><V72/><F72/><W66/><G14/><T54/><D54/><U105/><E79/><V20/><REACH who="2" step="1"/><F100/><REACH who="2" ten="250,250,240,250" step="2"/><W58/><G114/><T80/><D80/><U81/><E126/><V95/><F95/><W116/><G112/><T37/><D37/><U18/><E117/><V39/><F39/><W129/><G116/><T6/><AGARI ba="0,1" hai="6,8,13,44,47,73,78,82" m="42571,6144" machi="6" ten="50,9600,0" yaku="14,1,10,1,52,1" doraHai="4,30" who="0" fromWho="0" sc="250,106,250,-32,240,-32,250,-32" /><INIT seed="0,1,0,0,1,109" ten="356,218,208,218" oya="0" hai0="12,103,26,31,4,96,59,135,110,36,53,114,129" hai1="113,118,116,38,45,125,2,50,104,97,79,123,72" hai2="99,62,74,58,13,25,39,120,115,100,112,80,128" hai3="124,61,131,78,133,55,0,71,130,47,85,5,89"/><T87/><D36/><U70/><RYUUKYOKU type="yao9" ba="1,0" sc="356,0,218,0,208,0,218,0" hai1="2,38,45,50,70,72,79,97,104,113,116,118,123,125" /><INIT seed="0,2,0,4,5,90" ten="356,218,208,218" oya="0" hai0="26,18,129,13,103,59,65,98,88,20,128,47,8" hai1="91,117,41,120,126,16,17,37,77,53,76,1,14" hai2="38,29,4,125,101,75,122,71,42,60,86,7,64" hai3="82,69,84,39,85,97,110,67,6,107,113,15,34"/><T55/><D65/><U118/><E1/><V63/><F75/><W80/><G39/><T74/><D74/><U5/><E120/><V24/><F122/><W99/><G34/><T89/><D47/><U11/><E126/><V121/><F121/><W112/><G15/><T10/><D10/><U87/><E37/><V109/><F109/><W130/><G6/><T72/><D72/><U25/><E41/><V104/><F125/><W115/><G110/><T135/><D135/><U33/><E117/><V61/><F61/><W123/><G123/><T116/><D116/><U12/><E118/><V50/><F38/><W57/><G57/><T73/><D73/><U58/><E33/><V40/><F63/><W94/><G67/><T93/><D129/><U36/><E25/><V102/><F7/><W100/><G69/><T114/><D114/><U54/><E54/><V23/><F4/><W2/><G130/><T124/><D124/><U78/><E36/><V106/><F104/><W108/><G2/><T132/><D132/><U35/><E35/><V30/><F30/><W133/><G108/><T134/><D134/><U95/><E14/><V43/><F106/><W52/><G52/><T49/><D128/><U28/><E28/><AGARI ba="2,0" hai="8,13,18,20,26,28,49,55,59,88,89,93,98,103" machi="28" ten="30,11600,0" yaku="7,1,8,1,52,1,54,1" doraHai="90" who="0" fromWho="1" sc="356,122,218,-122,208,0,218,0" /><INIT seed="0,3,0,2,4,72" ten="478,96,208,218" oya="0" hai0="114,12,2,41,93,73,5,133,118,117,104,59,102" hai1="105,27,13,45,86,130,116,25,106,91,134,82,90" hai2="81,113,125,3,1,100,61,88,126,101,123,60,32" hai3="21,112,22,77,10,67,84,9,4,19,69,63,39"/><T24/><D114/><U58/><E116/><V54/><F32/><W119/><G39/><T109/><D104/><U35/><E134/><V43/><F43/><W96/><G112/><T33/><D133/><U38/><E130/><V85/><F113/><W23/><G119/><T48/><D2/><U55/><E91/><V47/><F123/><W56/><G96/><T71/><D71/><U108/><E108/><V74/><F74/><W128/><G128/><T107/><D107/><U127/><E127/><N who="2" m="48651" /><F47/><W121/><G121/><T70/><D70/><U36/><E105/><V131/><F131/><W53/><G19/><T30/><D73/><U94/><E106/><V62/><F54/><W52/><G4/><T83/><D109/><U111/><E111/><V80/><F81/><N who="3" m="47151" /><G69/><T120/><D120/><U8/><E35/><V49/><F49/><W11/><AGARI ba="3,0" hai="9,10,11,21,22,23,52,53,56,63,67" m="47151" machi="11" ten="30,4000,0" yaku="8,1,52,1,54,1" doraHai="72" who="3" fromWho="3" sc="478,-23,96,-13,208,-13,218,49" /><INIT seed="1,0,0,2,5,38" ten="455,83,195,267" oya="1" hai0="111,22,71,93,132,44,2,116,94,113,109,53,55" hai1="13,1,124,125,56,62,16,28,102,103,21,107,87" hai2="61,105,112,64,10,86,101,90,58,3,108,73,100" hai3="88,130,115,11,30,9,121,78,95,80,122,43,120"/><U104/><E1/><V118/><F118/><W70/><G70/><T117/><D71/><U126/><E28/><V47/><F73/><W33/><G115/><T35/><D35/><U131/><E131/><V27/><F108/><N who="0" m="41546" /><D113/><U18/><E87/><V84/><F112/><W128/><G43/><T8/><D22/><U37/><E37/><V66/><F86/><N who="3" m="48407" /><G30/><T17/><D132/><U31/><E31/><V98/><F101/><W119/><G33/><T23/><D8/><U76/><E76/><V67/><F27/><W99/><G119/><N who="0" m="45643" /><D2/><U32/><E32/><V15/><F3/><W92/><G9/><T72/><D72/><U75/><E75/><V40/><F15/><W91/><G11/><T5/><D5/><U127/><N who="1" m="31744" /><DORA hai="114" /><U29/><E29/><V69/><F10/><W49/><G49/><N who="0" m="28839" /><D55/><U60/><E18/><V79/><F69/><W57/><G57/><T96/><D96/><AGARI ba="0,0" hai="88,91,92,95,96,99,120,121,122,128,130" m="48407" machi="96" ten="30,3900,0" yaku="34,2,54,1" doraHai="38,114" who="3" fromWho="0" sc="455,-39,83,0,195,0,267,39" /><INIT seed="2,0,0,3,2,50" ten="416,83,195,306" oya="2" hai0="36,53,113,34,0,11,27,6,48,122,133,117,18" hai1="3,72,65,87,2,67,121,135,93,24,92,10,15" hai2="35,106,129,32,86,76,55,69,107,23,47,118,104" hai3="54,8,14,96,124,12,89,25,97,21,4,5,73"/><V79/><F118/><W91/><G73/><T114/><D122/><U46/><E72/><V83/><F69/><W29/><G124/><T26/><D36/><U30/><E121/><V60/><F129/><W33/><G33/><T62/><D117/><U88/><E135/><V70/><F79/><W57/><G91/><T98/><D133/><U134/><E134/><V95/><F70/><W109/><G109/><T112/><D34/><U132/><E132/><V99/><F23/><W128/><G128/><T64/><D18/><U125/><E125/><V123/><F123/><W59/><G59/><T22/><D22/><U56/><E93/><V75/><F75/><W102/><G89/><T42/><D42/><U40/><E56/><V45/><F47/><W78/><G78/><T37/><D37/><U58/><E58/><V68/><F68/><W101/><G12/><T71/><REACH who="0" step="1"/><D98/><REACH who="0" ten="406,83,195,306" step="2"/><N who="3" m="37993" /><G5/><T77/><D77/><U1/><E30/><V13/><F32/><W20/><G21/><T115/><N who="0" m="28672" /><DORA hai="17" /><T41/><D41/><U66/><E24/><V51/><F35/><W43/><G43/><T44/><AGARI ba="0,1" hai="0,6,11,26,27,44,48,53,62,64,71" m="28672" machi="44" ten="60,7900,0" yaku="1,1,0,1,52,1,53,0" doraHai="50,17" doraHaiUra="52,127" who="0" fromWho="0" sc="406,89,83,-20,195,-39,306,-20" /><INIT seed="3,0,0,0,3,41" ten="495,63,156,286" oya="3" hai0="104,84,61,2,54,97,123,64,67,62,88,36,22" hai1="128,102,9,90,119,25,56,103,75,110,125,80,33" hai2="10,58,129,134,115,101,73,91,18,71,7,83,43" hai3="39,114,6,57,117,52,132,35,87,28,4,3,31"/><W50/><G114/><T113/><D123/><U130/><E110/><V40/><F71/><W24/><G117/><T77/><D2/><U15/><E119/><V20/><F115/><W81/><G132/><T85/><D113/><U82/><E125/><V69/><F69/><W133/><G133/><T29/><D36/><U111/><E111/><V42/><F134/><W26/><G39/><T17/><D29/><U116/><E116/><V78/><F129/><W112/><G3/><T49/><D104/><U55/><E25/><V63/><F101/><W13/><G13/><T131/><D131/><N who="1" m="50219" /><E33/><V109/><F109/><W99/><G99/><T127/><D127/><U16/><E90/><V108/><F108/><W94/><G94/><N who="0" m="56519" /><D62/><N who="1" m="36127" /><E82/><V23/><F91/><W65/><G65/><N who="0" m="25163" /><D61/><U95/><E95/><V92/><F92/><W76/><REACH who="3" step="1"/><G112/><REACH who="3" ten="495,63,156,276" step="2"/><T120/><D120/><U74/><E80/><V47/><F83/><W14/><G14/><N who="0" m="9527" /><D77/><U59/><E102/><V48/><F78/><W19/><G19/><T70/><D70/><U124/><E103/><V135/><F18/><W98/><G98/><T46/><AGARI ba="0,1" hai="46,49,54,84,85" m="9527,25163,56519" machi="46" ten="30,4000,0" yaku="8,1,52,1,54,1" doraHai="41" who="0" fromWho="0" sc="495,50,63,-10,156,-10,276,-20" /><INIT seed="4,0,0,3,5,64" ten="545,53,146,256" oya="0" hai0="124,58,99,82,101,3,55,103,5,86,13,135,97" hai1="79,7,20,46,66,119,17,122,48,12,108,45,117" hai2="43,8,51,75,118,104,29,100,26,6,76,90,87" hai3="9,4,94,23,128,28,130,112,73,120,15,1,68"/><T123/><D123/><U53/><E122/><V36/><F36/><W127/><G73/><T49/><D3/><U52/><E108/><V83/><F118/><W42/><G120/><T25/><D135/><U16/><E79/><V77/><F43/><W133/><G112/><T85/><D124/><U72/><E72/><V126/><F126/><W22/><G127/><T19/><D5/><U37/><E66/><V33/><F51/><W95/><G42/><T70/><D25/><U47/><E7/><V59/><F59/><W121/><G121/><T41/><D70/><U21/><E37/><V125/><F125/><W84/><G68/><T91/><D41/><U14/><E47/><V35/><F35/><W65/><G65/><T132/><D132/><U71/><E71/><V74/><F75/><W2/><G133/><T0/><D0/><N who="3" m="105" /><G84/><T40/><D40/><U63/><E63/><V31/><F87/><W131/><G28/><T67/><D67/><U44/><REACH who="1" step="1"/><E46/><REACH who="1" ten="545,43,146,256" step="2"/><V10/><F74/><W129/><G129/><T54/><D82/><U38/><E38/><V62/><F83/><W27/><G4/><T134/><D134/><U78/><E78/><V107/><F76/><W80/><G80/><T18/><D58/><U98/><E98/><V50/><F77/><W114/><G130/><T110/><D110/><U56/><E56/><V88/><F6/><W102/><G131/><T39/><D39/><U81/><E81/><V111/><F111/><W96/><G96/><T105/><D99/><U24/><E24/><V30/><F26/><W57/><G128/><T61/><D97/><RYUUKYOKU ba="0,1" sc="545,-10,43,30,146,-10,256,-10" hai1="12,14,16,17,20,21,44,45,48,52,53,117,119" /><INIT seed="5,1,1,1,0,131" ten="535,73,136,246" oya="1" hai0="105,49,47,128,33,101,118,127,48,129,7,94,78" hai1="43,46,17,15,112,21,91,54,23,98,70,89,85" hai2="102,114,72,119,81,36,133,38,19,2,66,124,93" hai3="130,57,61,82,44,132,100,95,68,83,41,14,125"/><U90/><E70/><V59/><F119/><W42/><G130/><N who="0" m="50283" /><D118/><U126/><E112/><V20/><F2/><W0/><G14/><T67/><D33/><U16/><E126/><V71/><F71/><W45/><G45/><T73/><D105/><U52/><E98/><V103/><F124/><W28/><G61/><T8/><D67/><U56/><E56/><V29/><F114/><W74/><G95/><T107/><D107/><U84/><E84/><V134/><F29/><W64/><G100/><N who="2" m="38441" /><F93/><W37/><G57/><T32/><D32/><U106/><E106/><V65/><F81/><W35/><G28/><T110/><D110/><U5/><E85/><V92/><F92/><W115/><G0/><T113/><D113/><U40/><E5/><V9/><F9/><W51/><G51/><T12/><D127/><U75/><E75/><V30/><F30/><W86/><G74/><T109/><D109/><U120/><E120/><V79/><F72/><W6/><G86/><T60/><D60/><U76/><E76/><V24/><F79/><W116/><G116/><T13/><D78/><U50/><REACH who="1" step="1"/><E40/><REACH who="1" ten="535,63,136,246" step="2"/><V135/><F59/><W99/><G42/><T27/><D73/><U25/><AGARI ba="1,2" hai="15,16,17,21,23,25,43,46,50,52,54,89,90,91" machi="25" ten="30,18000,2" yaku="1,1,2,1,0,1,8,1,54,2,53,1" doraHai="131" doraHaiUra="10" who="1" fromWho="1" sc="535,-61,63,203,136,-61,246,-61" /><INIT seed="5,2,0,3,5,67" ten="474,266,75,185" oya="1" hai0="24,72,27,71,40,59,20,50,130,69,117,36,100" hai1="22,63,128,49,5,125,70,1,124,55,122,81,80" hai2="45,46,11,26,35,82,88,75,119,91,123,107,61" hai3="19,43,73,25,12,48,14,6,16,108,33,77,17"/><U74/><E122/><V3/><F119/><W42/><G108/><T103/><D117/><U2/><E128/><V56/><F123/><W113/><G73/><T37/><D72/><U15/><E22/><V112/><F107/><W38/><G77/><T131/><D59/><U84/><E15/><V129/><F129/><N who="0" m="49162" /><D50/><U90/><E5/><V110/><F110/><W134/><G38/><N who="0" m="14955" /><D40/><U97/><E97/><V52/><F112/><W31/><G134/><T57/><D57/><U10/><E10/><V76/><F11/><W60/><G113/><T54/><D54/><U102/><E102/><N who="0" m="38953" /><D27/><U8/><E8/><V23/><F3/><W30/><G60/><T95/><D95/><U44/><E74/><V114/><F114/><W21/><G48/><T120/><D120/><U9/><E80/><V135/><F135/><W28/><G43/><T115/><D115/><U101/><E101/><V39/><F39/><W111/><G42/><T79/><D79/><U4/><REACH who="1" step="1"/><E1/><REACH who="1" ten="474,256,75,185" step="2"/><V89/><REACH who="2" step="1"/><F35/><REACH who="2" ten="474,256,65,185" step="2"/><W116/><G111/><T87/><D87/><U62/><E62/><V34/><F34/><W78/><G116/><T96/><D96/><U7/><E7/><V118/><F118/><W0/><G33/><T65/><D20/><U98/><E98/><V85/><F85/><W133/><G133/><T121/><D121/><U109/><E109/><V47/><F47/><W64/><G0/><T106/><D106/><U29/><E29/><AGARI ba="2,2" hai="23,26,29,45,46,52,56,61,75,76,82,88,89,91" machi="29" ten="40,8000,1" yaku="1,1,54,2,53,1" doraHai="67" doraHaiUra="18" who="2" fromWho="1" sc="474,0,256,-86,65,106,185,0" /><INIT seed="6,0,0,4,1,124" ten="474,170,171,185" oya="2" hai0="25,12,94,80,29,23,51,41,68,0,49,133,103" hai1="56,93,81,52,116,131,102,92,132,61,86,74,27" hai2="14,19,110,44,120,10,76,57,11,45,35,21,126" hai3="125,117,17,1,108,38,97,62,42,2,96,75,32"/><V115/><F120/><W7/><G117/><T119/><D0/><U70/><E116/><V78/><F126/><W87/><G75/><T15/><D119/><U8/><E70/><V43/><F35/><W85/><G32/><T28/><D68/><U121/><E121/><V84/><F115/><W58/><G108/><T129/><D133/><U18/><E132/><V66/><F110/><W54/><G125/><T22/><D80/><U71/><E71/><V48/><F45/><W100/><G2/><T5/><D129/><U88/><E74/><V24/><F10/><W83/><G1/><T127/><D127/><U53/><E131/><V112/><F112/><W30/><G30/><T63/><D63/><U33/><E33/><V13/><F13/><W50/><G7/><T104/><D104/><U130/><E130/><V109/><F109/><W26/><G38/><T6/><D94/><U77/><E102/><V55/><F66/><N who="3" m="39255" /><G42/><T134/><D103/><U46/><E77/><V3/><F84/><N who="3" m="32331" /><G100/><T122/><D122/><U60/><E60/><V31/><REACH who="2" step="1"/><F3/><REACH who="2" ten="474,170,161,185" step="2"/><W40/><G40/><T37/><D41/><U34/><E34/><V72/><F72/><W107/><G107/><T99/><D15/><N who="1" m="7527" /><E27/><V39/><AGARI ba="0,1" hai="11,14,19,21,24,31,39,43,44,48,55,57,76,78" machi="39" ten="20,7800,0" yaku="1,1,0,1,7,1,53,1" doraHai="124" doraHaiUra="4" who="2" fromWho="2" sc="474,-26,170,-26,161,88,185,-26" /><INIT seed="6,1,0,4,3,37" ten="448,144,249,159" oya="2" hai0="120,9,17,48,5,126,71,58,35,108,63,33,122" hai1="25,124,109,114,115,134,55,6,132,27,61,100,113" hai2="65,51,106,60,92,10,45,14,102,32,73,86,129" hai3="64,93,123,57,119,81,84,26,56,0,83,20,29"/><V130/><F73/><W78/><G123/><T127/><D108/><U36/><E100/><V95/><F32/><N who="0" m="12362" /><D17/><U133/><E36/><V8/><F106/><W112/><G112/><T67/><D48/><U110/><E55/><V4/><F10/><W118/><G0/><N who="0" m="167" /><D58/><U42/><E61/><V3/><F3/><W41/><G57/><T72/><D72/><U23/><E42/><V80/><F102/><W34/><G93/><T11/><D11/><U47/><E47/><V128/><F65/><W107/><G107/><T111/><D111/><N who="1" m="42507" /><E6/><V94/><F60/><W104/><G104/><T131/><D131/><U13/><E13/><V116/><F116/><W70/><G70/><T74/><D74/><U90/><E90/><V135/><F135/><W97/><G97/><T22/><D22/><U52/><E52/><N who="2" m="29807" /><F95/><W15/><G41/><T54/><D54/><U79/><E79/><AGARI ba="1,0" hai="4,8,14,79,80,86,92,94,128,129,130" m="29807" machi="79" ten="30,2900,0" yaku="19,1,54,1" doraHai="37" who="2" fromWho="1" sc="448,0,144,-32,249,32,159,0" /><INIT seed="6,2,0,4,0,38" ten="448,112,281,159" oya="2" hai0="134,39,3,6,58,113,106,82,16,93,102,67,131" hai1="101,104,53,119,27,100,57,52,23,5,2,130,109" hai2="97,0,81,44,129,51,34,92,94,24,20,70,72" hai3="123,78,135,40,98,118,42,1,115,73,29,85,21"/><V108/><F34/><W62/><G123/><T46/><D106/><U77/><E119/><V117/><F117/><W61/><G118/><T80/><D67/><U13/><E109/><V7/><F70/><W116/><G116/><T122/><D122/><U103/><E130/><V45/><F129/><W63/><G1/><T28/><D58/><U105/><E2/><V35/><F35/><W125/><G73/><T128/><D28/><U41/><E77/><V14/><F0/><W68/><G125/><T76/><D82/><U126/><E53/><V65/><F65/><W9/><G135/><T133/><D113/><U43/><E126/><V90/><F108/><W127/><G127/><T99/><D16/><N who="1" m="12775" /><E104/><V84/><F72/><W107/><G68/><T91/><D91/><U69/><E69/><V86/><F45/><W121/><G121/><T49/><D39/><U87/><E87/><V15/><F86/><W96/><G9/><N who="0" m="2271" /><D80/><U89/><E89/><V56/><F56/><W83/><G115/><T88/><D102/><N who="1" m="26115" /><U50/><DORA hai="36" /><E105/><V120/><F120/><W75/><G75/><T71/><D76/><U4/><E13/><V25/><F15/><W32/><G32/><T12/><D12/><U55/><E55/><V111/><F14/><W11/><G11/><T74/><D74/><U26/><E26/><V10/><F25/><N who="3" m="16559" /><G107/><T60/><D71/><U8/><E8/><V110/><F10/><W30/><G30/><T17/><D131/><U18/><E18/><N who="2" m="12311" /><F111/><W79/><G78/><T33/><D128/><U31/><E31/><V37/><F110/><W59/><G59/><RYUUKYOKU ba="2,0" sc="448,-15,112,15,281,-15,159,15" hai1="4,5,41,43,50,52,57" hai3="40,42,61,62,63,79,83,85,96,98" /><INIT seed="7,3,0,3,4,41" ten="433,127,266,174" oya="3" hai0="117,34,40,61,65,84,9,37,80,54,46,29,92" hai1="122,59,87,24,90,18,114,8,93,98,82,21,95" hai2="49,74,63,38,86,33,27,96,57,17,1,107,30" hai3="102,7,73,109,121,48,116,14,23,94,50,42,0"/><W47/><G116/><T120/><D120/><U32/><E122/><V69/><F74/><W15/><G121/><T44/><D117/><U115/><E32/><V76/><F38/><W68/><G68/><T28/><D92/><U72/><E72/><V45/><F1/><W66/><G66/><T88/><D34/><U112/><E8/><V113/><F113/><W111/><G73/><T6/><D46/><U101/><REACH who="1" step="1"/><E59/><REACH who="1" ten="433,117,266,174" step="2"/><V70/><F57/><W85/><G23/><T22/><D22/><U125/><E125/><V83/><F33/><W53/><G0/><T52/><D54/><U78/><E78/><V39/><F76/><W131/><G131/><T91/><D52/><U75/><E75/><V128/><F128/><W105/><G111/><T58/><D91/><U2/><E2/><AGARI ba="3,1" hai="2,6,9,28,29,37,40,44,58,61,65,80,84,88" machi="2" ten="30,3900,0" yaku="7,1,52,1,54,1" doraHai="41" who="0" fromWho="1" sc="433,58,117,-48,266,0,174,0" owari="491,59.0,69,-43.0,266,7.0,174,-23.0" /></mjloggm>