<mjloggm ver="2.3"><GO type="169" lobby="0"/><UN n0="%E3%81%9F%E3%81%BE%E5%AD%90" n1="%E3%83%8F%E3%82%AC%E3%82%BF%E3%82%AB%E3%81%AE%E3%81%88%E3%81%98%E3%81%8D" n2="%69%71%31%38%30%E7%9C%9F%E5%89%A3%E6%A7%98" n3="%39%2D%62%61%79" dan="17,17,16,16" rate="2155.30,2199.41,2065.57,2100.67" sx="M,M,M,M"/><TAIKYOKU oya="0"/><INIT seed="0,0,0,5,1,23" ten="250,250,250,250" oya="0" hai0="52,86,64,34,98,30,56,63,123,125,19,45,124" hai1="100,127,95,67,12,91,112,20,130,50,49,70,58" hai2="65,76,126,44,82,36,92,31,129,43,121,54,24" hai3="62,119,32,84,5,78,26,88,94,132,105,21,39"/><T69/><D123/><U27/><E70/><V59/><F126/><N who="0" m="48746" /><D19/><U13/><E127/><V133/><F129/><W3/><G132/><T107/><D86/><U29/><E130/><V16/><F133/><W113/><G119/><T135/><D135/><U97/><E112/><V42/><F121/><W8/><G113/><T102/><D45/><U61/><E91/><V83/><F65/><W17/><G39/><T116/><D116/><U72/><E72/><V18/><F92/><W96/><G32/><T117/><D117/><U93/><E93/><V134/><F42/><W71/><G78/><T120/><D120/><U106/><E106/><V1/><F1/><W104/><REACH who="3" step="1"/><G84/><REACH who="3" ten="250,250,250,240" step="2"/><T37/><D37/><U28/><E28/><V9/><F134/><W60/><G60/><N who="0" m="40071" /><D30/><U128/><E128/><V14/><F76/><W40/><G40/><T35/><AGARI ba="0,1" hai="34,35,52,56,63,98,102,107" m="40071,48746" machi="35" ten="30,3000,0" yaku="18,1,54,1" doraHai="23" who="0" fromWho="0" sc="250,40,250,-10,250,-10,240,-10" /><INIT seed="0,1,0,5,4,116" ten="290,240,240,230" oya="0" hai0="84,122,90,111,24,63,47,76,109,65,55,38,106" hai1="30,23,27,34,72,2,51,129,5,100,36,71,62" hai2="98,33,14,52,21,89,10,99,119,50,94,43,16" hai3="117,115,4,124,48,132,96,125,7,44,79,97,29"/><T112/><D112/><U91/><E91/><V28/><F119/><W118/><G115/><T80/><D106/><U78/><E51/><V105/><F43/><W81/><G29/><T35/><D55/><U19/><E129/><V74/><F74/><W8/><G132/><T68/><D90/><U82/><E36/><V108/><F108/><N who="0" m="41546" /><D47/><U9/><E100/><V67/><F67/><W6/><G8/><T114/><D38/><U40/><E40/><V110/><F110/><W121/><G121/><T93/><D93/><U64/><REACH who="1" step="1"/><E19/><REACH who="1" ten="290,230,240,230" step="2"/><V57/><F105/><W49/><G118/><T92/><D114/><U126/><E126/><N who="3" m="48746" /><G117/><T22/><D92/><U37/><E37/><V101/><F101/><W66/><G49/><T86/><D35/><AGARI ba="1,1" hai="2,5,9,23,27,30,34,35,62,64,71,72,78,82" machi="35" ten="40,1300,0" yaku="1,1,53,0" doraHai="116" doraHaiUra="15" who="1" fromWho="0" sc="290,-16,230,26,240,0,230,0" /><INIT seed="1,0,0,5,3,45" ten="274,256,240,230" oya="1" hai0="106,52,118,74,59,30,125,1,53,77,122,127,113" hai1="14,95,88,20,123,65,56,43,48,112,83,89,132" hai2="135,93,84,6,69,121,35,25,23,73,2,37,115" hai3="133,131,9,27,105,82,58,110,33,3,51,92,29"/><U108/><E112/><V78/><F121/><W46/><G105/><T26/><D113/><U87/><E123/><V75/><F69/><W15/><G133/><T4/><D122/><U79/><E132/><V100/><F115/><W98/><G131/><T7/><D118/><U49/><E43/><V94/><F135/><W31/><G110/><T18/><D106/><U60/><E108/><V116/><F37/><W72/><G31/><T8/><D7/><U39/><E39/><V104/><F35/><W55/><G3/><T47/><D18/><N who="1" m="10327" /><E79/><V86/><F23/><W101/><G82/><N who="0" m="45367" /><D47/><U13/><E13/><V97/><F25/><W16/><G72/><N who="2" m="27721" /><F6/><W76/><G76/><T57/><D57/><U34/><E34/><V130/><F2/><W21/><G33/><N who="0" m="20695" /><D59/><AGARI ba="0,0" hai="9,15,16,21,27,29,46,51,55,58,59,92,98,101" machi="59" ten="40,5200,0" yaku="8,1,52,1,54,1" doraHai="45" who="3" fromWho="0" sc="274,-52,256,0,240,0,230,52" /><INIT seed="2,0,0,4,3,127" ten="222,256,240,282" oya="2" hai0="38,26,51,72,90,99,82,92,70,135,1,24,112" hai1="54,2,86,52,28,98,12,3,101,43,120,80,23" hai2="15,34,49,19,95,84,128,66,87,96,6,10,106" hai3="39,134,94,109,81,89,104,67,45,9,5,27,50"/><V78/><F106/><W108/><G104/><T35/><D38/><U132/><E43/><V107/><F107/><W20/><G134/><T65/><D112/><U46/><E132/><V115/><F115/><W53/><G67/><T47/><D135/><U113/><E113/><V44/><F34/><W105/><G81/><T29/><D1/><U125/><E125/><V63/><F19/><W14/><G39/><T31/><D65/><U91/><E120/><V58/><F78/><W40/><G53/><T88/><D70/><U41/><E2/><V123/><F128/><W75/><G75/><T25/><D72/><U97/><E3/><V48/><F123/><W22/><G105/><T83/><D90/><U76/><E76/><V77/><F77/><W18/><REACH who="3" step="1"/><G22/><REACH who="3" ten="222,256,240,272" step="2"/><T85/><D35/><U131/><E54/><V100/><F48/><W68/><G68/><T74/><D74/><U126/><E52/><AGARI ba="0,1" hai="6,10,15,44,49,52,58,63,66,84,87,95,96,100" machi="52" ten="30,5800,0" yaku="7,1,8,1,54,1" doraHai="127" who="2" fromWho="1" sc="222,0,256,-58,240,68,272,0" /><INIT seed="2,1,0,3,3,45" ten="222,198,308,272" oya="2" hai0="90,4,78,60,35,12,67,33,21,81,111,83,96" hai1="84,85,61,58,16,73,134,28,69,74,50,13,42" hai2="103,94,100,135,131,116,6,32,124,54,15,70,76" hai3="43,86,119,65,64,22,14,26,126,122,97,72,29"/><V95/><F32/><W2/><G2/><T20/><D111/><U71/><E134/><V108/><F70/><W44/><G72/><T57/><D35/><U36/><E36/><V130/><F54/><W125/><G122/><T118/><D33/><U5/><E5/><V107/><F15/><W18/><G97/><T92/><D118/><U129/><E28/><V80/><F6/><W30/><G86/><N who="0" m="48439" /><D83/><U121/><E121/><V82/><F116/><W101/><G101/><N who="2" m="38985" /><F107/><W11/><G30/><T19/><D4/><U88/><E71/><V66/><F66/><W87/><G87/><T133/><D133/><U37/><E69/><V128/><F135/><W39/><G119/><T34/><D34/><U48/><E37/><V38/><F38/><W105/><G105/><T117/><D117/><U93/><E85/><N who="2" m="48263" /><F124/><AGARI ba="1,0" hai="11,14,18,22,26,29,39,43,44,64,65,124,125,126" machi="124" ten="40,1300,0" yaku="18,1" doraHai="45" who="3" fromWho="2" sc="222,0,198,0,308,-16,272,16" /><INIT seed="3,0,0,2,1,132" ten="222,198,292,288" oya="3" hai0="115,8,28,29,45,73,60,50,75,96,100,18,114" hai1="12,131,61,25,92,103,108,88,102,113,123,97,98" hai2="128,11,38,34,42,5,70,33,104,127,30,130,57" hai3="68,4,14,27,22,56,49,118,69,65,85,44,19"/><W77/><G118/><T17/><D60/><U54/><E123/><V121/><F121/><W133/><G133/><T107/><D75/><U126/><E113/><N who="0" m="43017" /><D73/><U7/><E131/><N who="2" m="50219" /><F57/><W99/><G99/><T63/><D63/><U117/><E108/><V119/><F119/><W26/><G68/><T47/><D47/><U120/><E120/><V52/><F52/><N who="3" m="31759" /><G69/><T94/><D107/><U71/><E117/><V66/><F104/><W81/><G65/><T109/><D109/><U79/><E79/><V135/><F135/><W122/><G122/><T43/><D8/><U112/><E112/><V62/><F30/><AGARI ba="0,0" hai="17,18,28,29,30,43,45,50,94,96,100" m="43017" machi="30" ten="30,1000,0" yaku="11,1" doraHai="132" who="0" fromWho="2" sc="222,10,198,0,292,-10,288,0" /><INIT seed="4,0,0,5,5,42" ten="232,198,282,288" oya="0" hai0="113,92,97,91,61,122,35,28,108,18,109,50,70" hai1="64,13,60,105,123,126,134,1,66,77,53,20,10" hai2="89,38,48,90,129,94,27,8,82,119,46,40,83" hai3="32,93,100,65,23,15,45,63,117,41,133,112,26"/><T130/><D122/><U62/><E123/><V103/><F129/><W124/><G117/><T37/><D37/><U59/><E105/><V106/><F119/><W72/><G72/><T71/><D130/><U110/><E110/><N who="0" m="42601" /><D113/><U58/><E126/><V39/><F106/><W104/><G104/><T2/><D2/><U75/><E134/><V5/><F103/><W76/><G76/><T34/><D18/><U3/><E20/><V114/><F114/><W16/><G32/><N who="0" m="12331" /><D28/><U96/><E96/><V43/><F27/><W79/><G79/><T67/><D50/><U69/><E77/><V99/><F48/><W54/><G133/><T107/><D107/><U44/><E75/><V7/><F5/><W86/><G124/><T95/><D95/><U102/><E102/><V4/><F7/><W21/><G112/><T131/><D131/><U22/><E22/><V29/><F29/><W116/><G116/><T115/><D115/><U87/><E87/><V81/><F90/><W57/><G100/><T14/><D14/><U101/><E101/><V25/><F25/><W85/><G93/><T56/><AGARI ba="0,0" hai="56,61,67,70,71,91,92,97" m="12331,42601" machi="56" ten="30,1500,0" yaku="10,1" doraHai="42" who="0" fromWho="0" sc="232,15,198,-5,282,-5,288,-5" /><INIT seed="4,1,0,2,0,38" ten="247,193,277,283" oya="0" hai0="133,52,120,44,110,66,124,65,25,91,22,125,82" hai1="131,98,62,111,79,32,105,33,16,118,50,46,123" hai2="87,71,74,28,48,106,42,1,45,122,89,69,63" hai3="31,56,35,92,115,40,95,27,117,84,37,58,61"/><T68/><D120/><U109/><E123/><V55/><F122/><W114/><G117/><T99/><D133/><U6/><E6/><V60/><F74/><W121/><G121/><T132/><D132/><U97/><E131/><V88/><F1/><W72/><G72/><T102/><D110/><U49/><E118/><V90/><F106/><W10/><G10/><T93/><D68/><U135/><E79/><V70/><F28/><W34/><G34/><T3/><D3/><U47/><E135/><V80/><REACH who="2" step="1"/><F55/><REACH who="2" ten="247,193,267,283" step="2"/><W18/><G31/><N who="0" m="17847" /><D124/><U57/><E105/><V21/><F21/><W64/><G35/><T19/><D125/><U127/><E127/><V116/><F116/><W78/><G115/><T9/><D9/><U17/><E33/><V83/><F83/><W112/><G112/><T108/><D108/><U86/><E32/><V107/><F107/><W0/><G0/><T7/><D82/><U4/><E111/><V113/><F113/><W59/><G114/><T85/><D52/><U67/><E109/><V101/><F101/><W51/><G95/><T36/><D102/><U23/><E23/><V13/><F13/><W119/><G92/><T54/><D54/><U128/><E128/><V8/><F8/><W2/><G2/><T53/><D53/><U96/><E4/><V41/><F41/><W5/><G40/><N who="0" m="22535" /><D7/><U30/><E30/><V94/><F94/><W77/><G5/><T75/><D75/><U29/><E29/><V134/><F134/><W104/><G104/><T43/><D43/><U24/><E17/><V26/><F26/><W129/><G27/><RYUUKYOKU ba="1,1" sc="247,-10,193,-10,267,30,283,-10" hai2="42,45,48,60,63,69,70,71,80,87,88,89,90" /><INIT seed="5,2,1,3,0,104" ten="237,183,297,273" oya="1" hai0="6,90,73,65,9,39,84,119,19,118,74,56,111" hai1="100,55,10,1,120,87,115,23,93,132,43,29,103" hai2="72,121,31,81,131,123,18,91,135,13,51,114,59" hai3="30,15,70,32,83,113,54,27,68,16,86,126,128"/><U108/><E120/><V58/><F131/><W92/><G128/><T127/><D111/><U107/><E108/><V109/><F109/><W11/><G126/><T106/><D127/><U112/><E43/><V22/><F135/><W48/><G92/><T53/><D39/><U82/><E107/><V49/><F114/><N who="1" m="43561" /><E93/><V35/><F123/><W97/><G97/><T4/><D106/><U79/><E132/><V0/><F0/><W66/><G66/><T5/><D65/><U52/><E29/><V41/><F121/><W20/><G32/><T12/><D118/><U105/><E23/><V8/><F35/><W95/><G95/><T50/><REACH who="0" step="1"/><D119/><REACH who="0" ten="227,183,297,273" step="2"/><U125/><E125/><V46/><F41/><W34/><G113/><T57/><D57/><U62/><E105/><V71/><F59/><N who="3" m="33223" /><G70/><T67/><D67/><U101/><E62/><V28/><F71/><W3/><G68/><T102/><D102/><U110/><E110/><V33/><F58/><W89/><G34/><T61/><D61/><U77/><E77/><N who="2" m="44199" /><F33/><W26/><G3/><T76/><D76/><U2/><E1/><V130/><F130/><W122/><G122/><T88/><D88/><U99/><E99/><V24/><F91/><W44/><G44/><T60/><D60/><U45/><E45/><V17/><F46/><W38/><G38/><T7/><N who="0" m="1024" /><DORA hai="129" /><T134/><D134/><U124/><E124/><V98/><F98/><W133/><G133/><T14/><D14/><U47/><E47/><V75/><F13/><W94/><G15/><T37/><D37/><U117/><E117/><V63/><F63/><RYUUKYOKU ba="2,2" sc="227,15,183,15,297,-15,273,-15" hai0="9,12,19,50,53,56,73,74,84,90" hai1="2,10,52,55,79,82,87,100,101,103" /><INIT seed="5,3,2,2,4,132" ten="242,198,282,258" oya="1" hai0="29,14,127,109,34,75,16,42,78,113,123,41,110" hai1="67,93,133,92,54,89,84,79,117,60,66,130,70" hai2="88,73,81,43,11,38,96,17,104,107,116,13,39" hai3="87,2,135,48,10,24,74,53,18,91,32,12,86"/><U118/><E133/><V95/><F116/><W101/><G74/><T23/><D113/><U80/><E130/><V125/><F125/><W30/><G135/><T105/><D105/><U8/><E67/><V45/><REACH who="2" step="1"/><F38/><REACH who="2" ten="242,198,272,258" step="2"/><W15/><G101/><T1/><D127/><U119/><E119/><V19/><F19/><W47/><G2/><T115/><D1/><U129/><E129/><V5/><F5/><W21/><G91/><T103/><D115/><U122/><E122/><V98/><F98/><W56/><G47/><T33/><D123/><U134/><E134/><V121/><F121/><W25/><REACH who="3" step="1"/><G15/><REACH who="3" ten="242,198,272,248" step="2"/><T112/><D112/><U55/><E118/><V0/><F0/><W51/><G51/><T69/><D14/><U9/><E117/><V27/><F27/><W120/><G120/><T36/><D36/><U114/><E114/><V44/><F44/><W83/><G83/><T49/><D49/><U22/><E89/><V77/><AGARI ba="3,4" hai="11,13,17,39,43,45,73,77,81,88,95,96,104,107" machi="77" ten="30,7900,0" yaku="1,1,0,1,54,1,53,1" doraHai="132" doraHaiUra="37" who="2" fromWho="2" sc="242,-23,198,-42,272,128,248,-23" /><INIT seed="6,0,0,5,0,51" ten="219,156,400,225" oya="2" hai0="31,79,12,0,75,24,76,100,87,92,80,101,122" hai1="18,11,38,59,64,25,28,17,71,114,84,27,23" hai2="3,116,98,13,120,115,20,105,36,5,108,43,45" hai3="6,48,95,104,52,69,57,35,93,97,34,91,96"/><V65/><F120/><W121/><G121/><T126/><D122/><U89/><E114/><V39/><F116/><W61/><G104/><T74/><D0/><U50/><E38/><V102/><F115/><W63/><G6/><T10/><D126/><U42/><E71/><V99/><F108/><W73/><G73/><T111/><D111/><U128/><E128/><V127/><F3/><W103/><G69/><T67/><D67/><U4/><E42/><V8/><F127/><W130/><G130/><T133/><D133/><U62/><E50/><V14/><F65/><W9/><G9/><T110/><D110/><U49/><E49/><V33/><F98/><W135/><G135/><T131/><D131/><U119/><E119/><V41/><F33/><W15/><G15/><T107/><D107/><U60/><E60/><V81/><F81/><W22/><G22/><T16/><D76/><U113/><E113/><V55/><F20/><W32/><AGARI ba="0,0" hai="32,34,35,48,52,57,61,63,91,93,95,96,97,103" machi="32" ten="30,4000,0" yaku="0,1,52,1,54,1" doraHai="51" who="3" fromWho="3" sc="219,-10,156,-10,400,-20,225,40" /><INIT seed="7,0,0,0,0,20" ten="209,146,380,265" oya="3" hai0="44,119,17,116,40,64,41,88,0,122,95,98,78" hai1="36,85,38,30,8,129,102,2,49,91,124,114,55" hai2="125,126,60,45,105,50,32,90,132,99,68,18,43" hai3="127,65,31,5,6,37,46,27,54,14,133,63,24"/><W89/><G133/><T86/><D122/><U47/><E114/><V92/><F132/><W81/><G127/><N who="2" m="48649" /><F105/><W82/><G37/><T26/><D0/><U9/><E124/><V121/><F121/><W112/><G112/><T28/><D64/><U80/><E129/><V87/><F32/><W108/><G108/><T12/><D116/><U111/><E111/><V70/><F18/><W33/><G33/><T96/><D78/><U103/><E38/><V118/><F118/><W76/><G31/><T56/><D56/><U75/><E36/><V123/><F123/><W52/><G76/><T39/><D41/><U100/><E75/><V62/><F99/><W83/><G89/><T25/><D119/><U23/><REACH who="1" step="1"/><E2/><REACH who="1" ten="209,136,380,265" step="2"/><V21/><F68/><W3/><G3/><T57/><D39/><U34/><E34/><V93/><F70/><W117/><G117/><T115/><D115/><U61/><E61/><V106/><F62/><W72/><G72/><T120/><D120/><U134/><E134/><V131/><F60/><W101/><G63/><T79/><D57/><U110/><E110/><V128/><F131/><W109/><G65/><T59/><D59/><U53/><E53/><V66/><F128/><W7/><G109/><T35/><D35/><U130/><E130/><V58/><F66/><W104/><G54/><T51/><D40/><U11/><E11/><V16/><F43/><W48/><G52/><T15/><D51/><U74/><E74/><V13/><F50/><W113/><G113/><T42/><D42/><U77/><E77/><V94/><F58/><W67/><G48/><RYUUKYOKU ba="0,1" sc="209,-10,136,30,380,-10,265,-10" hai1="8,9,23,30,47,49,55,80,85,91,100,102,103" owari="199,-20.0,166,-33.0,380,47.0,255,6.0" /></mjloggm>