<mjloggm ver="2.3"><GO type="169" lobby="0"/><UN n0="%70%72%6F%6E%61%72%69" n1="%E3%81%A1%E3%82%87%E3%82%8A%E3%81%8A" n2="%E3%81%8B%E3%81%A5%E3%81%8D%EF%BC%B8%EF%BC%A9" n3="%E7%84%A1%E7%AD%8B%E9%96%8B%E6%8B%93%E3%83%9E%E3%82%B7%E3%83%BC%E3%83%B3" dan="16,16,16,16" rate="2089.07,2087.46,2108.34,2102.58" sx="M,M,M,M"/><TAIKYOKU oya="0"/><INIT seed="0,0,0,3,4,129" ten="250,250,250,250" oya="0" hai0="82,66,92,38,50,32,81,51,114,134,33,5,45" hai1="36,42,85,98,47,10,118,68,20,60,123,2,7" hai2="130,0,109,80,111,108,15,26,41,57,121,95,49" hai3="86,96,13,104,58,3,119,105,53,99,17,25,91"/><T14/><D114/><U78/><E123/><V124/><F0/><W19/><G3/><T28/><D38/><U112/><E118/><V122/><F80/><W52/><G119/><T135/><D66/><U59/><E68/><V73/><F73/><W29/><G104/><T75/><D92/><U101/><E112/><V65/><F95/><W56/><G105/><T97/><D97/><U107/><E20/><V16/><F26/><W1/><G1/><T64/><D64/><U40/><E40/><V131/><F41/><W35/><G19/><T125/><D125/><U110/><E110/><V34/><F34/><W43/><G43/><T90/><D51/><U55/><E85/><V39/><F39/><W6/><G6/><T46/><D46/><U44/><E78/><V27/><F27/><W23/><G56/><T132/><D90/><U37/><E47/><V21/><F124/><W70/><G53/><N who="0" m="29903" /><D28/><U127/><E37/><V71/><F71/><W116/><G70/><T18/><D5/><U128/><E127/><V62/><REACH who="2" step="1"/><F49/><REACH who="2" ten="250,250,240,250" step="2"/><W79/><G116/><T103/><D103/><U72/><E72/><V94/><F94/><W22/><G35/><N who="0" m="13387" /><D75/><U30/><E30/><V120/><AGARI ba="0,1" hai="15,16,21,57,62,65,108,109,111,120,121,122,130,131" machi="120" ten="40,12000,2" yaku="1,1,0,1,14,1,54,1,53,2" doraHai="129" doraHaiUra="126" who="2" fromWho="2" sc="250,-60,250,-30,240,130,250,-30" /><INIT seed="1,0,0,5,4,99" ten="190,220,370,220" oya="1" hai0="45,19,37,122,128,76,103,113,46,66,107,17,10" hai1="134,89,51,61,48,130,77,5,126,96,53,0,1" hai2="55,93,6,86,108,54,94,31,123,92,90,98,32" hai3="67,43,52,60,18,87,68,101,29,35,124,81,27"/><U62/><E130/><V97/><F108/><W40/><G124/><T79/><D113/><U102/><E134/><V127/><F127/><W114/><G114/><T34/><D34/><U30/><E126/><V16/><F123/><W106/><G18/><T78/><D128/><U14/><E77/><V33/><F6/><W64/><G64/><T42/><D122/><U133/><E30/><V59/><F31/><W117/><G117/><T65/><D10/><U84/><E48/><V110/><F110/><W120/><G120/><T44/><D42/><U85/><E85/><V88/><F55/><W105/><G105/><T38/><D103/><U41/><E41/><V8/><F32/><W91/><REACH who="3" step="1"/><G52/><REACH who="3" ten="190,220,370,210" step="2"/><T109/><D107/><U25/><E62/><N who="2" m="36215" /><F33/><W118/><G118/><T125/><D125/><U71/><E61/><V69/><F69/><W57/><G57/><T36/><REACH who="0" step="1"/><D109/><REACH who="0" ten="180,220,370,210" step="2"/><U121/><E121/><V13/><F98/><AGARI ba="0,2" hai="27,29,35,40,43,60,67,68,81,87,91,98,101,106" machi="98" ten="40,8000,1" yaku="1,1,25,2,52,1,53,0" doraHai="99" doraHaiUra="111" who="3" fromWho="2" sc="180,0,220,0,370,-80,210,100" /><INIT seed="2,0,0,3,2,15" ten="180,220,290,310" oya="2" hai0="131,82,121,97,129,42,2,107,72,83,127,105,132" hai1="66,23,70,75,122,56,64,98,25,4,38,48,76" hai2="26,71,30,39,21,109,90,108,46,119,91,54,49" hai3="33,9,7,17,125,134,80,19,130,62,24,28,110"/><V88/><F71/><W12/><G62/><T35/><D2/><U36/><E4/><V20/><F39/><W8/><G80/><T3/><D3/><U85/><E75/><V124/><F119/><W40/><G40/><T52/><D35/><U55/><E122/><V53/><F124/><W57/><G57/><T31/><D31/><U117/><E117/><V96/><F21/><W65/><G65/><T118/><D42/><U94/><E38/><V67/><F67/><W10/><G125/><T93/><D52/><U78/><E36/><V32/><F54/><W106/><G106/><N who="0" m="40459" /><D127/><U79/><E85/><V114/><F114/><W104/><G104/><T128/><D118/><U77/><N who="1" m="19456" /><DORA hai="123" /><U37/><E37/><V101/><REACH who="2" step="1"/><F32/><REACH who="2" ten="180,220,280,310" step="2"/><W34/><G34/><T99/><D121/><U44/><E70/><V102/><F102/><W47/><G9/><T112/><D112/><U6/><E44/><V113/><F113/><W115/><G47/><T0/><D132/><U116/><E116/><V84/><F84/><W16/><G115/><T89/><D0/><U95/><E64/><V22/><F22/><W1/><G134/><T92/><D72/><U60/><E98/><N who="0" m="37385" /><D89/><U135/><E135/><V74/><F74/><W103/><G103/><T61/><D61/><U133/><E133/><V73/><F73/><W68/><G68/><T11/><D11/><U87/><E66/><V29/><F29/><W43/><G43/><T126/><D126/><U18/><E60/><V63/><F63/><W45/><G45/><T69/><D69/><U5/><E87/><V27/><F27/><RYUUKYOKU ba="0,1" sc="180,10,220,10,280,10,310,-30" hai0="82,83,92,93,128,129,131" hai1="5,6,18,23,25,48,55,56,94,95" hai2="20,26,30,46,49,53,88,90,91,96,101,108,109" /><INIT seed="2,1,1,0,1,54" ten="190,230,290,280" oya="2" hai0="19,85,66,96,56,1,94,60,55,86,92,97,43" hai1="59,69,111,71,79,99,87,37,117,70,18,44,64" hai2="21,134,95,63,35,103,27,5,61,11,16,3,121" hai3="24,74,133,123,47,39,13,41,38,91,0,116,76"/><V104/><F104/><W65/><G133/><T82/><D1/><U14/><E117/><V125/><F121/><W45/><G91/><T34/><D34/><U132/><E132/><V33/><F134/><W51/><G13/><T84/><D43/><U30/><E30/><V131/><F125/><W7/><G51/><T90/><D19/><U62/><E111/><V48/><F131/><W53/><G53/><T52/><REACH who="0" step="1"/><D82/><REACH who="0" ten="180,230,290,280" step="2"/><U40/><E99/><N who="2" m="59903" /><F35/><W23/><G41/><T98/><D98/><U110/><E110/><V36/><F33/><W112/><G0/><T135/><D135/><U25/><E25/><V42/><F3/><W124/><G24/><T88/><AGARI ba="1,2" hai="52,55,56,60,66,84,85,86,88,90,92,94,96,97" machi="88" ten="30,12000,2" yaku="1,1,0,1,9,1,8,1,52,1,54,2,53,0" doraHai="54" doraHaiUra="32" who="0" fromWho="0" sc="180,143,230,-31,290,-61,280,-31" /><INIT seed="3,0,0,3,0,54" ten="323,199,229,249" oya="3" hai0="92,79,62,104,3,119,85,60,116,41,64,20,120" hai1="133,13,45,50,73,97,128,48,129,61,110,33,46" hai2="94,96,106,19,51,47,87,31,21,17,72,113,26" hai3="71,44,67,2,107,103,102,74,123,78,18,15,118"/><W93/><G2/><T83/><D120/><U132/><E73/><V117/><F72/><W57/><G71/><T11/><D104/><U43/><E33/><V130/><F113/><W63/><G118/><T76/><D76/><U22/><E22/><V86/><F106/><W5/><G5/><T8/><D41/><U66/><E13/><V12/><F130/><N who="1" m="50281" /><E97/><V95/><F95/><W24/><G123/><T100/><D20/><U65/><E110/><V115/><F115/><W127/><G44/><T6/><D11/><U55/><E66/><V114/><F117/><W37/><G37/><T10/><D10/><U82/><E82/><V16/><F12/><W135/><G107/><T68/><D119/><U125/><E125/><V112/><F112/><W91/><G127/><T89/><D116/><U111/><E111/><V34/><F34/><W126/><G126/><T14/><D3/><U29/><E29/><V32/><F32/><W1/><G1/><T28/><D28/><U42/><E42/><N who="2" m="25079" /><F114/><W40/><G40/><T124/><D124/><U25/><E25/><V39/><F39/><W59/><G24/><T9/><D14/><U121/><E121/><V36/><F36/><W105/><G105/><T109/><D92/><U52/><E43/><V7/><F7/><W49/><G78/><T4/><D6/><U101/><E101/><AGARI ba="0,0" hai="16,17,19,21,26,31,86,87,94,96,101" m="25079" machi="101" ten="30,2000,0" yaku="8,1,54,1" doraHai="54" who="2" fromWho="1" sc="323,0,199,-20,229,20,249,0" /><INIT seed="4,0,0,4,3,1" ten="323,179,249,249" oya="0" hai0="52,77,109,131,30,91,49,110,57,33,37,98,66" hai1="61,79,10,32,73,100,7,42,97,56,128,45,55" hai2="18,130,107,115,0,58,65,38,35,5,20,95,75" hai3="93,63,67,62,69,99,25,54,34,114,106,132,21"/><T15/><D37/><U48/><E32/><V122/><F107/><W64/><G114/><T31/><D77/><U126/><E128/><V3/><F75/><W24/><G132/><T16/><D66/><U41/><E126/><V59/><F38/><W13/><G106/><T72/><D72/><U86/><E73/><V43/><F35/><W12/><G34/><T96/><D131/><U17/><E17/><V71/><F43/><W129/><G25/><T78/><D78/><U28/><E28/><N who="0" m="10793" /><D91/><U81/><E97/><V103/><F115/><W19/><G129/><T40/><D40/><U26/><E26/><V118/><F122/><W6/><G54/><T2/><D2/><U104/><E104/><V112/><F0/><W8/><G12/><T94/><D94/><U14/><E42/><V116/><F3/><W53/><G53/><T102/><D102/><AGARI ba="0,0" hai="7,10,14,41,45,48,55,56,61,79,81,86,100,102" machi="102" ten="40,8000,1" yaku="25,2,8,1,52,1" doraHai="1" who="1" fromWho="0" sc="323,-80,179,80,249,0,249,0" /><INIT seed="5,0,0,3,0,106" ten="243,259,249,249" oya="1" hai0="27,90,131,95,119,21,123,121,105,97,63,37,113" hai1="72,23,89,91,86,100,111,53,45,93,79,10,6" hai2="47,98,84,57,76,54,3,18,48,108,96,56,49" hai3="81,125,109,34,83,40,58,8,16,133,60,62,42"/><U65/><E65/><V70/><F3/><W117/><G34/><T64/><D119/><U132/><E132/><V94/><F70/><W17/><G109/><T11/><D113/><U14/><E111/><V30/><F30/><W124/><G133/><T129/><D37/><U44/><E72/><V31/><F31/><W85/><G117/><T36/><D11/><U55/><E79/><V9/><F56/><W88/><G83/><T52/><D36/><U61/><E100/><V32/><F32/><W73/><G73/><T80/><D80/><N who="1" m="49351" /><E23/><V118/><F118/><W82/><G82/><T134/><D105/><U13/><E14/><N who="2" m="7503" /><F108/><W120/><G120/><T12/><D12/><U4/><E4/><V35/><F35/><W126/><G8/><T0/><D0/><U67/><E67/><V114/><F114/><W28/><G28/><T69/><D134/><U130/><E130/><V78/><F78/><W59/><G59/><N who="0" m="35303" /><D69/><U68/><E68/><V115/><F115/><W41/><REACH who="3" step="1"/><G62/><REACH who="3" ten="243,259,249,239" step="2"/><T104/><D123/><U5/><E61/><V127/><F57/><W43/><N who="3" m="10240" /><DORA hai="7" /><W25/><G25/><T103/><D121/><U46/><E6/><V110/><F110/><W38/><G38/><T116/><D116/><U66/><E66/><AGARI ba="0,1" hai="16,17,58,60,66,81,85,88,124,125,126" m="10240" machi="66" ten="60,8000,1" yaku="1,1,18,1,54,2,53,0" doraHai="106,7" doraHaiUra="92,122" who="3" fromWho="1" sc="243,0,259,-80,249,0,239,90" /><INIT seed="6,0,0,5,0,105" ten="243,179,249,329" oya="2" hai0="58,55,54,112,82,18,95,66,45,14,93,86,67" hai1="31,78,61,40,111,4,110,116,134,101,50,87,15" hai2="85,62,106,122,2,121,36,8,69,100,96,52,29" hai3="65,7,131,16,108,11,59,68,76,53,128,34,48"/><V94/><F36/><W30/><G108/><T51/><D112/><U91/><E116/><V124/><F124/><W41/><G76/><T47/><D93/><U103/><E31/><V46/><F29/><W118/><G118/><T63/><D47/><U6/><E61/><V133/><F133/><W123/><G123/><T49/><D63/><U120/><E134/><V98/><F85/><W38/><G16/><T88/><REACH who="0" step="1"/><D95/><REACH who="0" ten="233,179,249,329" step="2"/><U127/><E120/><V77/><F46/><W75/><G128/><T130/><D130/><U73/><E127/><V39/><F122/><W27/><G131/><T72/><D72/><U24/><E73/><V70/><F94/><W26/><G75/><T114/><D114/><U113/><E113/><V126/><F126/><W3/><G38/><T90/><D90/><U109/><E101/><V57/><F39/><W89/><G89/><T97/><D97/><U84/><E103/><V99/><F121/><W71/><G41/><T117/><D117/><U32/><E87/><V129/><F129/><W102/><G102/><T74/><D74/><U19/><E91/><V21/><F77/><W80/><G80/><T37/><D37/><U119/><E119/><V17/><F100/><W92/><G92/><T9/><AGARI ba="0,1" hai="9,14,18,45,49,51,54,55,58,66,67,82,86,88" machi="9" ten="20,12000,2" yaku="1,1,0,1,7,1,25,2,8,1,54,1,53,0" doraHai="105" doraHaiUra="28" who="0" fromWho="0" sc="233,130,179,-30,249,-60,329,-30" /><INIT seed="7,0,0,5,4,90" ten="363,149,189,299" oya="3" hai0="64,135,65,34,91,63,71,49,53,70,12,20,66" hai1="116,126,130,14,103,55,1,26,9,109,47,51,83" hai2="86,2,98,54,74,29,22,0,92,41,32,79,128" hai3="80,82,108,78,60,112,18,5,95,19,33,124,4"/><W77/><G112/><T122/><D34/><U89/><E109/><V24/><F74/><W129/><G33/><T119/><D119/><U113/><E113/><V50/><F41/><W121/><G121/><T16/><D122/><U42/><E1/><V94/><F32/><W23/><G129/><T131/><D131/><U87/><E130/><V115/><F115/><W46/><G124/><T61/><D91/><U100/><E126/><V15/><F128/><W43/><G60/><T38/><D38/><U105/><E105/><V21/><F2/><W11/><G108/><T69/><REACH who="0" step="1"/><D135/><REACH who="0" ten="353,149,189,299" step="2"/><U68/><E116/><V102/><F102/><W120/><G120/><T35/><D35/><U133/><E133/><V117/><F117/><W76/><G95/><T107/><D107/><U85/><E68/><V96/><F94/><W10/><G80/><T8/><D8/><N who="3" m="3113" /><G82/><T67/><N who="0" m="16384" /><DORA hai="110" /><T125/><D125/><U30/><E87/><V132/><F132/><W88/><G88/><T48/><D48/><U17/><E42/><V99/><F86/><W25/><G19/><T58/><AGARI ba="0,1" hai="12,16,20,49,53,58,61,63,69,70,71" m="16384" machi="58" ten="50,6400,0" yaku="1,1,0,1,54,1,53,0" doraHai="90,110" doraHaiUra="27,111" who="0" fromWho="0" sc="353,74,149,-16,189,-16,299,-32" owari="427,53.0,133,-37.0,173,-23.0,267,7.0" /></mjloggm>