<mjloggm ver="2.3"><GO type="169" lobby="0"/><UN n0="%4B%6F%74%61%38%31%36" n1="%45%6D%69%75" n2="%33%6E%6F%6D%79%5F%64%73" n3="%50%49%58%49" dan="16,18,16,16" rate="2163.94,2250.57,2125.18,2201.40" sx="M,M,M,F"/><TAIKYOKU oya="0"/><INIT seed="0,0,0,0,0,97" ten="250,250,250,250" oya="0" hai0="101,71,48,49,133,87,27,72,134,102,62,80,41" hai1="47,43,34,113,90,96,76,73,77,58,26,126,106" hai2="63,50,66,79,4,81,112,108,67,24,1,111,100" hai3="10,3,85,5,130,30,64,129,95,44,28,121,120"/><T6/><D72/><U20/><E126/><V45/><F112/><W131/><G64/><T17/><D6/><U99/><E34/><V124/><F124/><W94/><G44/><T59/><D71/><U115/><E58/><V103/><F24/><W56/><G56/><T15/><D27/><U16/><E99/><V23/><F23/><W39/><G39/><T65/><D133/><U22/><E22/><V116/><F116/><W117/><G117/><T42/><D134/><U84/><E73/><V36/><F36/><W37/><G37/><T9/><D48/><U61/><E61/><V18/><F18/><W89/><REACH who="3" step="1"/><G95/><REACH who="3" ten="250,250,250,240" step="2"/><T8/><D8/><U86/><E113/><V54/><F66/><W78/><G78/><N who="0" m="46487" /><D42/><U14/><E115/><V60/><F67/><W104/><G104/><T109/><D109/><N who="2" m="42058" /><F60/><W35/><G35/><T29/><D29/><AGARI ba="0,1" hai="3,5,10,28,29,30,85,89,94,120,121,129,130,131" machi="29" ten="50,6400,0" yaku="1,1,19,1,53,1" doraHai="97" doraHaiUra="32" who="3" fromWho="0" sc="250,-64,250,0,250,0,240,74" /><INIT seed="1,0,0,4,4,71" ten="186,250,250,314" oya="1" hai0="76,104,113,95,130,112,15,47,115,44,29,40,133" hai1="11,72,124,33,135,122,19,48,118,85,53,127,7" hai2="110,117,14,128,98,59,12,16,73,92,17,88,24" hai3="26,105,86,21,57,13,56,109,99,6,94,36,64"/><U1/><E72/><V126/><F117/><W103/><G109/><T91/><D104/><U70/><E70/><V38/><F110/><W9/><G36/><T31/><D133/><U102/><E118/><V114/><F73/><W93/><G105/><T35/><D76/><U39/><E122/><V61/><F128/><W132/><G132/><T10/><D130/><U87/><E135/><V129/><F129/><W108/><G108/><T42/><D44/><U51/><E33/><V28/><F126/><N who="1" m="48169" /><E102/><V121/><F121/><W2/><G2/><T84/><D40/><U41/><E39/><V106/><F106/><W60/><G57/><T131/><D35/><U52/><E19/><N who="2" m="7243" /><F38/><W83/><G93/><T125/><D131/><U134/><E134/><V8/><F114/><W0/><G0/><T55/><D55/><N who="1" m="21067" /><E41/><V69/><F69/><W30/><G86/><AGARI ba="0,0" hai="1,7,11,48,51,85,86,87" m="21067,48169" machi="86" ten="30,2900,0" yaku="18,1,54,1" doraHai="71" who="1" fromWho="3" sc="186,0,250,29,250,0,314,-29" /><INIT seed="1,1,0,2,5,103" ten="186,279,250,285" oya="1" hai0="59,20,98,115,56,92,94,14,76,85,53,95,75" hai1="48,63,90,2,89,24,72,39,68,133,117,40,97" hai2="42,73,54,9,49,130,106,45,91,1,25,15,62" hai3="57,123,77,80,107,116,84,52,35,104,23,8,30"/><U43/><E117/><V99/><F130/><W69/><G123/><T21/><D115/><U122/><E122/><V93/><F73/><W66/><G116/><T22/><D75/><U55/><E133/><V83/><F1/><W100/><G100/><T110/><D110/><U38/><E72/><V16/><F25/><W11/><G35/><T28/><D56/><U135/><E2/><V37/><F62/><W124/><G66/><T60/><D28/><U108/><E135/><V71/><F71/><W82/><G69/><T44/><D44/><U70/><E97/><V109/><F109/><W79/><G124/><T67/><D53/><U112/><E24/><V13/><F13/><W121/><G121/><T64/><D64/><U58/><E108/><V4/><F83/><W10/><G23/><T7/><D7/><U131/><E63/><V65/><F65/><W6/><G30/><T5/><D5/><U126/><E58/><V86/><F4/><W129/><G129/><T46/><D46/><U119/><E131/><V114/><F114/><W29/><G29/><T125/><D125/><U88/><E119/><V12/><F12/><W105/><G6/><T33/><D33/><U32/><E32/><V41/><F37/><N who="1" m="13833" /><E126/><V19/><REACH who="2" step="1"/><F19/><REACH who="2" ten="186,279,240,285" step="2"/><W27/><G27/><T128/><D128/><U78/><E112/><V50/><F50/><W87/><G8/><T96/><D14/><U81/><E70/><V51/><F51/><AGARI ba="1,1" hai="10,11,51,52,57,77,79,80,82,84,87,104,105,107" machi="51" ten="40,8000,1" yaku="9,1,52,3,54,1" doraHai="103" who="3" fromWho="2" sc="186,0,279,0,240,-83,285,93" /><INIT seed="2,0,0,2,4,81" ten="186,279,157,378" oya="2" hai0="100,59,69,42,45,49,51,52,43,61,67,116,22" hai1="107,112,39,46,108,70,119,62,128,99,17,20,93" hai2="97,109,3,25,60,131,123,44,76,47,126,5,114" hai3="10,87,110,89,24,135,88,35,63,71,0,8,91"/><V77/><F123/><W98/><G110/><T28/><D100/><U78/><E112/><V7/><F114/><W33/><G135/><T75/><D75/><U117/><E107/><V130/><F109/><W113/><G113/><T72/><D72/><U15/><E108/><V9/><F126/><W6/><G10/><T57/><D22/><U74/><E128/><N who="2" m="49195" /><F7/><W18/><G98/><T133/><D28/><U48/><E39/><V66/><F25/><W111/><G111/><T132/><D116/><U36/><E36/><V53/><F97/><W85/><G35/><T56/><D42/><U80/><E70/><N who="2" m="42311" /><F53/><W127/><G127/><T65/><REACH who="0" step="1"/><D67/><REACH who="0" ten="176,279,157,378" step="2"/><U40/><E62/><V122/><F122/><W103/><G103/><AGARI ba="0,1" hai="15,17,20,40,46,48,74,78,80,93,99,103,117,119" machi="103" ten="30,1000,0" yaku="7,1" doraHai="81" who="1" fromWho="3" sc="176,0,279,20,157,0,378,-10" /><INIT seed="3,0,0,5,1,19" ten="176,299,157,368" oya="3" hai0="13,77,7,21,65,26,127,24,11,18,94,99,58" hai1="101,79,135,129,75,80,14,73,66,25,67,41,110" hai2="121,133,29,0,126,62,78,30,70,113,123,36,48" hai3="12,38,6,15,109,124,131,102,39,104,22,53,128"/><W63/><G124/><T60/><D127/><U106/><E110/><V46/><F126/><W89/><G104/><T42/><D77/><U83/><E129/><N who="3" m="49738" /><G102/><T103/><REACH who="0" step="1"/><D42/><REACH who="0" ten="166,299,157,368" step="2"/><U8/><E41/><V120/><F133/><W69/><G109/><T44/><D44/><U35/><E79/><V84/><F113/><W50/><G39/><T74/><D74/><U34/><E75/><V37/><F36/><W95/><G38/><T32/><D32/><U1/><E73/><V59/><F37/><W93/><G6/><T119/><D119/><U86/><E34/><V98/><F46/><N who="3" m="27863" /><G89/><T4/><D4/><U16/><E135/><V85/><F123/><W130/><G130/><T23/><D23/><U47/><E35/><V88/><F121/><W57/><G22/><T112/><D112/><U125/><E125/><V92/><F120/><W114/><G114/><T82/><D82/><U49/><E80/><V40/><F78/><W71/><G69/><T116/><D116/><U115/><E115/><V17/><F70/><W108/><G71/><T2/><AGARI ba="0,1" hai="2,7,11,13,18,21,24,26,58,60,65,94,99,103" machi="2" ten="20,5200,0" yaku="1,1,0,1,7,1,52,1,53,0" doraHai="19" doraHaiUra="81" who="0" fromWho="0" sc="166,62,299,-13,157,-13,368,-26" /><INIT seed="4,0,0,3,5,10" ten="228,286,144,342" oya="0" hai0="22,123,62,15,119,79,51,106,73,69,77,9,128" hai1="85,18,97,72,23,78,114,4,65,58,53,88,100" hai2="29,125,1,12,2,126,13,81,116,90,54,105,124" hai3="3,60,46,121,38,14,36,99,19,56,104,84,93"/><T0/><D119/><U130/><E130/><V127/><N who="2" m="31744" /><DORA hai="94" /><V25/><F105/><W108/><G108/><T35/><D123/><U28/><E28/><V111/><F111/><W71/><G3/><N who="2" m="1033" /><F54/><W98/><G71/><T42/><D128/><U64/><E4/><V5/><F5/><W95/><G104/><T132/><D132/><U89/><E114/><V8/><F8/><W39/><G121/><T7/><D106/><U27/><E72/><V59/><F59/><W55/><G46/><T31/><D73/><U24/><E78/><V82/><F116/><W122/><G122/><T66/><D51/><U120/><E120/><V76/><F90/><W75/><G75/><T48/><D48/><U118/><E89/><V44/><F44/><W86/><G38/><T70/><D42/><U45/><E45/><V74/><F82/><W112/><G112/><T21/><D69/><U113/><E113/><V117/><F117/><W37/><G37/><T47/><D47/><U61/><E118/><V92/><F92/><N who="3" m="35403" /><G39/><T26/><REACH who="0" step="1"/><D0/><REACH who="0" ten="218,286,144,342" step="2"/><U57/><E100/><V133/><F133/><W109/><G109/><T40/><D40/><U16/><E58/><V68/><F68/><W49/><G36/><T63/><D63/><U52/><E61/><V135/><F135/><W110/><G110/><T50/><D50/><U129/><E57/><V87/><F74/><W41/><G41/><T83/><D83/><U6/><E129/><V33/><AGARI ba="0,1" hai="12,13,25,29,33,76,81,87" m="1033,31744" machi="33" ten="60,7900,0" yaku="18,1,52,2" doraHai="10,94" who="2" fromWho="2" sc="218,-39,286,-20,144,89,342,-20" /><INIT seed="5,0,0,2,2,75" ten="179,266,233,322" oya="1" hai0="40,37,127,108,52,91,133,45,110,88,97,34,4" hai1="109,107,16,71,27,29,95,3,7,30,47,41,116" hai2="104,69,125,79,18,70,112,87,0,24,123,20,126" hai3="111,2,128,84,74,35,62,102,121,17,5,135,26"/><U48/><E107/><V36/><F123/><W25/><G102/><T60/><D34/><U131/><E116/><V11/><F104/><W51/><G74/><T46/><D127/><N who="2" m="48650" /><F36/><W42/><G62/><T129/><D129/><U58/><E71/><V77/><F112/><W119/><G84/><T132/><D4/><U1/><E131/><V93/><F93/><W56/><G56/><N who="0" m="34823" /><D46/><U78/><E109/><N who="0" m="42089" /><D97/><U99/><E3/><V82/><F79/><W113/><G2/><T122/><D122/><U90/><E58/><V66/><F66/><W94/><G94/><T59/><D59/><U101/><E101/><V64/><F64/><W53/><G121/><T50/><D37/><U43/><E43/><V57/><F57/><W55/><G128/><T54/><D40/><U9/><REACH who="1" step="1"/><E78/><REACH who="1" ten="179,256,233,322" step="2"/><V92/><F69/><W32/><G42/><T72/><D72/><U86/><E86/><V89/><F70/><W21/><G119/><T76/><D76/><U63/><E63/><V44/><F44/><W98/><G111/><T65/><D65/><U10/><E10/><V115/><F0/><W28/><G55/><T118/><D118/><U134/><E134/><AGARI ba="0,1" hai="45,50,54,88,91,132,133,134" m="42089,34823" machi="134" ten="30,3900,0" yaku="20,1,54,2" doraHai="75" who="0" fromWho="1" sc="179,49,256,-39,233,0,322,0" /><INIT seed="6,0,0,3,1,113" ten="228,217,233,322" oya="2" hai0="101,51,7,71,129,25,58,48,9,0,98,125,117" hai1="17,33,43,22,69,105,36,19,115,37,41,31,15" hai2="95,110,126,66,12,13,135,44,107,103,45,61,132" hai3="96,106,32,39,85,89,63,49,14,50,60,131,75"/><V68/><F107/><W93/><G39/><T2/><D71/><U114/><E69/><V109/><F126/><W59/><G32/><T127/><D0/><U67/><E105/><V26/><F26/><W134/><G134/><N who="2" m="51241" /><F95/><W11/><G75/><T104/><D129/><U122/><E122/><V92/><F92/><W120/><G131/><T1/><D1/><U77/><E67/><V4/><F103/><W80/><G106/><T74/><D74/><U52/><E77/><V56/><F68/><W86/><G86/><T83/><D83/><U23/><E31/><V84/><F84/><W10/><G10/><T130/><D25/><U90/><E90/><V124/><F124/><N who="0" m="47690" /><D130/><U88/><E88/><V21/><F21/><W35/><G35/><T87/><D87/><U8/><E8/><N who="2" m="4103" /><F13/><W47/><G120/><T42/><D98/><U54/><REACH who="1" step="1"/><E15/><REACH who="1" ten="228,207,233,322" step="2"/><V112/><F112/><W18/><G93/><T111/><D104/><U20/><E20/><V30/><F30/><W53/><G96/><T119/><D101/><U70/><E70/><V100/><F100/><W57/><G57/><T123/><D58/><U38/><E38/><V82/><F82/><W108/><G108/><AGARI ba="0,1" hai="44,45,56,61,66,108,109,110" m="4103,51241" machi="108" ten="30,2900,0" yaku="10,1,20,1" doraHai="113" who="2" fromWho="3" sc="228,0,207,0,233,39,322,-29" /><INIT seed="6,1,0,4,5,89" ten="228,207,272,293" oya="2" hai0="92,27,77,80,65,59,6,20,134,91,39,71,1" hai1="122,74,41,51,67,8,73,101,40,5,81,93,121" hai2="123,44,47,62,99,118,31,113,21,56,46,23,78" hai3="45,61,17,53,116,50,19,115,103,34,35,4,36"/><V104/><F118/><W133/><G116/><T58/><D39/><U49/><E67/><V96/><F123/><N who="1" m="47113" /><E49/><V125/><F113/><W102/><G36/><T82/><D71/><U107/><E107/><V18/><F125/><W3/><G133/><T90/><D65/><U131/><E131/><V30/><F78/><W33/><G115/><T86/><D134/><U120/><N who="1" m="47121" /><U64/><DORA hai="105" /><E64/><V75/><F75/><N who="1" m="28681" /><E81/><V37/><F37/><W48/><G61/><T135/><D135/><U68/><E68/><V25/><F104/><W2/><G50/><T52/><D59/><U70/><E70/><V100/><F100/><W55/><G102/><T87/><D77/><U106/><E106/><V119/><F119/><W110/><G103/><T85/><D80/><U127/><E127/><V63/><F63/><W94/><G48/><T24/><D82/><U109/><E109/><V22/><F56/><W111/><G45/><T129/><D90/><U32/><E32/><V84/><F62/><W43/><G35/><T7/><D129/><U128/><E128/><V69/><F69/><W15/><G43/><N who="1" m="16458" /><E51/><V38/><F38/><W124/><G124/><T114/><D114/><U79/><E79/><V14/><F47/><W11/><G110/><T12/><D58/><U54/><E54/><N who="3" m="20490" /><G111/><T97/><D52/><U29/><E29/><V28/><F46/><W88/><G34/><T26/><D1/><N who="3" m="9" /><G33/><T60/><D60/><U0/><E101/><V130/><F130/><W13/><G13/><T95/><D95/><AGARI ba="1,0" hai="0,5,8,93,95" m="16458,28681,47121" machi="95" ten="50,12000,2" yaku="13,1,52,5" doraHai="89,105" who="1" fromWho="0" sc="228,-123,207,123,272,0,293,0" /><INIT seed="7,0,0,4,0,124" ten="105,330,272,293" oya="3" hai0="125,48,128,80,64,4,69,54,98,43,41,90,40" hai1="135,30,73,75,23,13,99,0,101,111,10,103,113" hai2="76,44,115,16,5,60,109,82,91,65,50,70,132" hai3="94,112,17,12,61,74,34,121,53,118,59,2,127"/><W100/><G118/><T11/><D125/><U89/><E111/><V57/><F109/><W56/><G127/><T7/><D69/><U85/><E0/><V134/><F115/><W37/><G121/><T15/><D64/><U104/><E103/><V49/><F5/><W117/><G117/><T26/><D26/><U27/><E135/><N who="2" m="51755" /><F91/><W63/><G74/><T21/><D21/><U126/><E113/><V1/><F1/><W67/><G112/><T97/><D7/><U92/><E126/><V105/><F105/><W83/><G2/><T36/><D36/><U106/><E104/><V93/><F93/><W24/><G37/><T31/><D31/><U18/><AGARI ba="0,0" hai="10,13,18,23,27,30,73,75,85,89,92,99,101,106" machi="18" ten="20,1500,0" yaku="0,1,7,1" doraHai="124" who="1" fromWho="1" sc="105,-4,330,15,272,-4,293,-7" owari="101,-40.0,345,44.0,268,-13.0,286,9.0" /></mjloggm>