<mjloggm ver="2.3"><GO type="169" lobby="0"/><UN n0="%73%6F%63%63%68%79" n1="%E3%81%8D%E3%82%83%E3%83%BC%E3%82%8D%E3%82%93" n2="%E3%81%86%E3%81%83%E3%82%93%E3%81%A7%E3%81%83" n3="%74%61%6E%61%4B%61" dan="18,16,16,17" rate="2244.18,2108.38,2061.06,2149.55" sx="M,M,M,M"/><TAIKYOKU oya="0"/><INIT seed="0,0,0,0,1,65" ten="250,250,250,250" oya="0" hai0="42,21,115,79,38,4,82,84,112,8,109,90,130" hai1="85,116,110,50,16,58,70,39,75,11,77,105,96" hai2="37,127,81,7,68,17,23,69,53,15,5,61,73" hai3="46,29,59,28,51,135,99,119,87,83,74,57,102"/><T49/><D130/><U43/><E116/><V117/><F37/><W56/><G74/><T86/><D38/><U1/><E110/><V120/><F120/><W121/><G119/><T95/><D109/><U34/><E85/><V40/><F40/><W113/><G135/><T55/><D21/><U35/><E16/><V19/><F127/><W52/><G113/><T100/><D100/><N who="1" m="62599" /><E50/><V6/><F117/><W24/><G24/><T60/><D60/><U54/><E54/><V107/><F107/><W31/><G121/><T20/><D20/><U124/><E58/><V14/><F53/><W111/><G111/><T25/><D25/><U93/><E93/><V27/><F61/><W10/><G10/><T48/><D48/><U13/><E13/><V103/><F103/><W3/><G3/><T104/><D104/><U0/><E124/><V114/><F114/><W36/><G36/><T128/><D128/><U122/><E122/><V45/><F45/><W94/><REACH who="3" step="1"/><G46/><REACH who="3" ten="250,250,250,240" step="2"/><T18/><D115/><U78/><E1/><V62/><F27/><W32/><G32/><T72/><D112/><U88/><E0/><V2/><F2/><W106/><G106/><T76/><D8/><U118/><E75/><V101/><F73/><W91/><AGARI ba="0,1" hai="28,29,31,51,52,56,57,59,83,87,91,94,99,102" machi="91" ten="30,8000,1" yaku="1,1,0,1,8,1,54,1,53,1" doraHai="65" doraHaiUra="92" who="3" fromWho="3" sc="250,-40,250,-20,250,-20,240,90" /><INIT seed="1,0,0,5,5,113" ten="210,230,230,330" oya="1" hai0="5,108,17,14,70,78,97,93,41,131,25,19,73" hai1="83,51,16,10,75,15,35,58,54,68,37,87,71" hai2="61,0,67,74,18,59,56,31,6,130,40,60,62" hai3="88,119,91,36,103,28,110,42,50,80,116,120,34"/><U85/><E37/><V114/><F74/><W48/><G120/><T45/><D70/><U95/><E35/><V4/><F130/><W66/><G103/><T32/><D131/><U132/><E132/><V24/><F114/><W69/><G110/><T124/><D108/><U105/><E105/><V123/><F123/><W115/><G115/><T64/><D64/><U2/><E2/><V99/><F40/><W21/><G34/><T112/><D124/><U47/><E75/><V79/><F79/><W29/><G66/><T134/><D134/><U49/><E95/><V7/><F18/><W55/><G69/><T118/><D78/><U92/><E92/><V117/><F117/><N who="3" m="45131" /><G36/><T8/><D32/><U109/><E109/><V82/><F82/><W121/><G121/><T27/><D73/><U20/><E87/><V128/><F128/><W38/><G21/><T102/><D112/><U26/><E58/><V57/><F0/><W133/><G133/><T100/><D100/><U125/><E125/><V84/><F67/><W39/><G39/><T3/><D118/><U43/><E68/><V23/><F84/><N who="3" m="50183" /><G91/><T106/><D106/><U9/><E71/><V63/><N who="2" m="15360" /><DORA hai="98" /><V12/><REACH who="2" step="1"/><F99/><REACH who="2" ten="210,230,220,330" step="2"/><W107/><G42/><T126/><D126/><U77/><REACH who="1" step="1"/><E15/><AGARI ba="0,1" hai="4,6,7,12,15,23,24,31,56,57,59" m="15360" machi="15" ten="60,8000,1" yaku="1,1,2,1,29,2,8,1,53,0" doraHai="113,98" doraHaiUra="122,135" who="2" fromWho="1" sc="210,0,230,-80,220,90,330,0" /><INIT seed="2,0,0,2,3,53" ten="210,150,310,330" oya="2" hai0="26,2,83,79,97,40,25,59,89,61,1,62,8" hai1="69,7,52,46,43,32,0,124,50,35,5,120,45" hai2="107,28,56,131,42,17,133,123,9,117,49,58,23" hai3="85,13,134,129,119,101,37,127,34,87,10,74,3"/><V92/><F107/><W14/><G74/><T88/><D40/><U99/><E69/><V63/><F117/><W86/><G37/><T29/><D62/><U38/><E124/><V81/><F123/><W19/><G119/><T73/><D26/><U135/><E120/><V21/><F131/><W132/><G34/><T109/><D109/><U22/><E135/><N who="3" m="51754" /><G127/><T80/><D83/><U106/><E7/><V55/><F42/><W111/><G111/><T31/><D31/><U44/><E44/><V108/><F108/><W77/><G3/><T47/><D47/><U60/><E60/><V27/><F81/><W15/><G101/><T114/><D114/><U112/><E112/><V95/><F9/><N who="3" m="6575" /><G129/><T115/><D115/><U39/><E39/><V90/><F90/><W102/><G102/><T98/><D89/><U122/><E122/><V64/><F133/><W70/><G70/><T72/><D72/><U94/><E106/><V71/><F71/><W33/><G33/><T20/><D8/><U24/><E0/><V118/><F118/><W110/><G110/><T51/><D88/><U67/><E5/><V54/><F64/><W103/><G103/><T84/><D73/><U113/><E67/><V36/><F36/><W126/><G126/><T11/><D2/><U6/><E6/><V121/><F121/><W93/><G77/><T105/><D105/><U57/><E113/><V4/><F4/><N who="3" m="3399" /><G93/><T12/><D1/><U128/><E128/><V104/><F104/><W100/><G100/><T30/><D79/><U16/><E46/><V68/><F68/><W130/><G130/><RYUUKYOKU ba="0,0" sc="210,-30,150,10,310,10,330,10" hai1="16,22,24,32,35,38,43,45,50,52,57,94,99" hai2="17,21,23,27,28,49,54,55,56,58,63,92,95" hai3="15,85,86,87" /><INIT seed="2,1,0,1,3,62" ten="180,160,320,340" oya="2" hai0="2,24,135,124,26,82,43,64,3,90,112,4,128" hai1="110,97,63,69,104,108,107,29,52,25,67,0,119" hai2="14,77,39,21,11,114,16,115,88,8,95,44,17" hai3="32,78,36,85,116,132,122,84,129,75,41,59,111"/><V18/><F77/><W12/><G111/><N who="1" m="42538" /><E0/><V54/><F11/><W37/><G122/><T50/><D90/><U23/><E119/><V94/><F94/><W6/><G32/><T123/><D82/><U134/><E134/><V1/><F1/><W60/><G116/><T10/><D50/><U91/><E52/><V9/><F9/><W15/><G75/><T120/><D43/><U80/><E97/><V126/><F126/><W57/><G60/><T55/><D55/><U35/><E35/><V38/><F38/><W70/><G70/><T83/><D124/><U121/><E121/><V79/><F79/><W40/><G78/><T125/><D135/><U48/><E48/><V113/><F21/><W31/><G31/><T42/><D42/><U13/><E13/><V106/><F106/><W102/><G102/><T28/><D28/><U96/><E96/><V92/><F92/><W86/><G132/><T49/><D49/><U51/><E51/><V27/><F27/><W34/><G34/><T74/><D26/><U66/><E66/><V133/><F133/><W100/><G100/><T98/><D64/><U109/><N who="1" m="42546" /><U68/><DORA hai="30" /><E68/><V105/><F105/><W117/><G117/><T22/><D22/><U7/><E7/><V46/><F54/><W101/><G6/><T61/><D24/><U87/><AGARI ba="1,0" hai="23,25,29,63,67,69,80,87,91,104,107" m="42546" machi="87" ten="40,2700,0" yaku="14,1,52,1" doraHai="62,30" who="1" fromWho="1" sc="180,-8,160,30,320,-14,340,-8" /><INIT seed="3,0,0,5,3,82" ten="172,190,306,332" oya="3" hai0="120,1,132,135,39,10,6,129,124,27,55,66,115" hai1="123,78,119,24,23,134,94,25,44,8,89,2,63" hai2="12,109,45,106,116,46,111,42,32,37,35,110,100" hai3="13,5,67,14,88,50,75,77,93,101,54,11,43"/><W90/><G75/><T34/><D55/><U64/><E123/><V38/><F116/><W28/><G77/><T91/><D91/><U62/><E134/><N who="0" m="51241" /><D66/><U0/><E119/><V53/><F12/><W58/><G28/><N who="0" m="19743" /><D39/><U125/><E78/><V60/><F60/><W15/><G67/><T97/><D97/><U69/><E44/><V70/><F70/><W16/><G43/><T22/><D120/><U33/><E33/><N who="2" m="12875" /><F53/><W96/><G14/><T121/><D121/><U80/><E80/><V7/><F7/><W127/><G127/><T49/><D49/><U92/><E125/><V95/><F95/><W9/><AGARI ba="0,0" hai="5,9,11,13,15,16,50,54,58,88,90,93,96,101" machi="9" ten="20,12000,1" yaku="0,1,7,1,8,1,54,2" doraHai="82" who="3" fromWho="3" sc="172,-40,190,-40,306,-40,332,120" /><INIT seed="3,1,0,3,4,113" ten="132,150,266,452" oya="3" hai0="39,95,124,34,111,11,24,62,9,75,27,63,30" hai1="74,86,42,73,106,58,3,48,120,97,21,112,68" hai2="44,131,132,109,57,56,84,126,110,123,28,71,118" hai3="13,69,59,134,20,29,22,116,81,10,76,98,4"/><W43/><G69/><T2/><D111/><U37/><E3/><V80/><F123/><W67/><G134/><T55/><D75/><U92/><E120/><V102/><F71/><W60/><G116/><T16/><D39/><U8/><E112/><V105/><F132/><W103/><G43/><T114/><D114/><U108/><E68/><V104/><F118/><W96/><G29/><T66/><D124/><U51/><E108/><N who="2" m="41579" /><F131/><W19/><G103/><T125/><D125/><U90/><E37/><V70/><F70/><W5/><G20/><T32/><D66/><U25/><E8/><V88/><F126/><W15/><REACH who="3" step="1"/><G4/><REACH who="3" ten="132,150,266,442" step="2"/><T46/><D30/><U100/><E42/><V115/><F28/><W52/><G52/><T91/><D55/><U61/><E21/><V23/><F23/><W47/><G47/><T40/><D46/><U133/><E133/><V130/><F115/><W119/><G119/><T72/><D40/><U26/><E26/><V35/><F130/><W87/><AGARI ba="1,1" hai="5,10,13,15,19,22,59,60,67,76,81,87,96,98" machi="87" ten="20,7800,0" yaku="1,1,0,1,7,1,8,1,53,0" doraHai="113" doraHaiUra="127" who="3" fromWho="3" sc="132,-27,150,-27,266,-27,442,91" /><INIT seed="3,2,0,4,1,90" ten="105,123,239,533" oya="3" hai0="26,19,100,132,134,135,127,35,120,123,87,0,128" hai1="103,24,4,122,42,22,96,116,31,47,88,8,29" hai2="61,115,114,27,86,57,68,92,70,54,73,2,81" hai3="102,59,7,131,112,3,98,104,16,1,41,124,44"/><W51/><G112/><T84/><D100/><U32/><E116/><V52/><F2/><W62/><G124/><T63/><D63/><U60/><E122/><N who="0" m="46633" /><D87/><U48/><E60/><V40/><F73/><W111/><G131/><T110/><D84/><U94/><E32/><V78/><F40/><W23/><G7/><T80/><D80/><U20/><E103/><V6/><F6/><W58/><G58/><T107/><D107/><U129/><E129/><V71/><F27/><W99/><G99/><T67/><D67/><U95/><E95/><V5/><F5/><W108/><G59/><T66/><D66/><U12/><E22/><V21/><F21/><W117/><G117/><T121/><D121/><U14/><E14/><V69/><N who="2" m="17408" /><DORA hai="9" /><V30/><F30/><AGARI ba="2,0" hai="4,8,12,20,24,29,30,31,42,47,48,88,94,96" machi="30" ten="30,8000,1" yaku="7,1,8,1,52,2,54,1" doraHai="90,9" who="1" fromWho="2" sc="105,0,123,86,239,-86,533,0" /><INIT seed="4,0,0,2,4,94" ten="105,209,153,533" oya="0" hai0="16,35,49,78,20,45,107,123,112,50,7,42,95" hai1="33,132,48,106,103,84,37,1,61,122,27,6,89" hai2="77,63,120,58,11,60,117,53,12,59,24,39,2" hai3="82,74,108,66,119,92,10,131,38,134,96,87,46"/><T41/><D107/><U80/><E122/><V73/><F120/><W8/><G108/><T0/><D123/><U25/><E132/><V118/><F39/><W13/><G119/><N who="2" m="45577" /><F2/><W65/><G74/><T133/><D35/><U98/><E37/><V126/><F126/><W4/><G131/><T114/><D78/><U40/><E33/><V105/><F24/><W90/><G134/><T125/><D133/><U79/><E6/><N who="2" m="3191" /><F105/><W81/><G81/><T128/><D128/><U31/><E1/><V17/><F17/><W71/><G71/><T26/><D125/><U83/><E27/><V127/><F127/><W43/><G8/><T14/><D0/><U104/><E104/><V56/><F53/><W22/><G22/><T135/><D135/><U85/><E61/><V68/><F68/><W76/><AGARI ba="0,0" hai="4,10,13,38,43,46,65,66,76,82,87,90,92,96" machi="76" ten="20,2700,0" yaku="0,1,7,1,52,1" doraHai="94" who="3" fromWho="3" sc="105,-13,209,-7,153,-7,533,27" /><INIT seed="5,0,0,5,1,38" ten="92,202,146,560" oya="1" hai0="99,35,43,66,129,54,114,65,90,7,10,8,23" hai1="122,95,55,126,24,56,131,61,46,85,37,50,52" hai2="82,77,98,97,45,125,6,102,84,81,76,60,40" hai3="16,135,117,71,22,86,87,109,91,69,41,110,17"/><U34/><E122/><V25/><F125/><W19/><G22/><T57/><D35/><U44/><E126/><V31/><F6/><W68/><G135/><T1/><D114/><U72/><E72/><V2/><F60/><W119/><G41/><T21/><D129/><U121/><E131/><V115/><F2/><W0/><G0/><T32/><D32/><U39/><E121/><V112/><F112/><W42/><G42/><T128/><D128/><U64/><E85/><N who="3" m="32266" /><G91/><T83/><D83/><N who="2" m="31754" /><F84/><W103/><G103/><T33/><D33/><U96/><E24/><V134/><F134/><W15/><G15/><T67/><D10/><U18/><E34/><V11/><F11/><W36/><G36/><T113/><D113/><U75/><E75/><V104/><F104/><W118/><AGARI ba="0,0" hai="16,17,19,68,69,71,109,110,117,118,119" m="32266" machi="118" ten="50,12000,2" yaku="29,2,28,2,12,1,54,1" doraHai="38" who="3" fromWho="3" sc="92,-30,202,-60,146,-30,560,120" /><INIT seed="6,0,0,1,2,57" ten="62,142,116,680" oya="2" hai0="94,112,19,46,101,114,20,10,72,40,79,74,125" hai1="133,85,43,91,41,14,76,34,25,82,21,47,87" hai2="52,7,80,126,75,63,39,134,6,111,96,110,28" hai3="130,122,53,49,116,78,64,17,103,120,99,13,81"/><V26/><F39/><W113/><G64/><T100/><D10/><U95/><E133/><V129/><F134/><W65/><G65/><T45/><D20/><U83/><E34/><V50/><F129/><W70/><G70/><T124/><D19/><U86/><E14/><V71/><F126/><N who="0" m="48746" /><D40/><U128/><E47/><N who="0" m="17929" /><D94/><U123/><E123/><V42/><F42/><W102/><G102/><N who="0" m="39531" /><D79/><N who="1" m="46303" /><E128/><V135/><F135/><W15/><G81/><T2/><D2/><U66/><E66/><N who="2" m="41439" /><F96/><W77/><G53/><T109/><D109/><N who="2" m="41482" /><F80/><W30/><G130/><T97/><D97/><U27/><E27/><V121/><F121/><W33/><G99/><T118/><D118/><U105/><E105/><V4/><F75/><AGARI ba="0,0" hai="72,74,75,112,114" m="39531,17929,48746" machi="75" ten="40,5200,0" yaku="28,2,18,1" doraHai="57" who="0" fromWho="2" sc="62,52,142,0,116,-52,680,0" /><INIT seed="7,0,0,2,4,131" ten="114,142,64,680" oya="3" hai0="0,109,2,71,31,108,121,115,39,37,16,24,119" hai1="120,127,34,61,27,102,60,70,13,48,59,29,92" hai2="47,44,18,25,21,42,110,123,128,65,126,85,26" hai3="1,52,3,79,93,132,45,118,87,67,91,134,114"/><W9/><G118/><T122/><D71/><U89/><E120/><N who="0" m="46185" /><D39/><U105/><E127/><V49/><F110/><N who="0" m="42602" /><D37/><U66/><E48/><V76/><F128/><W73/><G67/><T117/><D16/><U58/><E102/><V40/><F126/><W35/><G35/><N who="0" m="20967" /><D115/><U41/><E105/><V83/><F123/><W22/><G22/><T23/><D23/><U129/><E129/><V38/><REACH who="2" step="1"/><F65/><REACH who="2" ten="114,142,54,680" step="2"/><W63/><G114/><T5/><D2/><U94/><E66/><V7/><F7/><W72/><G1/><T30/><D30/><U10/><E29/><V54/><F54/><W98/><G3/><T62/><D62/><U135/><E61/><V56/><F56/><W104/><G63/><T90/><D90/><U69/><E89/><V51/><F51/><W112/><G52/><T111/><D111/><U97/><E59/><V124/><F124/><W80/><G112/><T99/><D99/><U17/><E97/><V32/><F32/><W107/><G45/><T64/><D64/><U106/><E58/><V125/><F125/><W130/><G130/><T77/><D77/><U19/><E60/><V6/><F6/><W36/><G36/><T75/><D5/><U88/><E34/><V96/><F96/><W50/><G50/><T133/><D0/><U84/><E88/><V46/><F46/><W113/><G113/><T55/><D55/><U14/><E70/><V20/><F20/><W68/><G68/><T15/><D119/><U116/><E69/><V57/><F57/><W95/><G98/><T28/><D117/><U11/><E116/><V100/><F100/><RYUUKYOKU ba="0,1" sc="114,-10,142,-10,54,30,680,-10" hai2="18,21,25,26,38,40,42,44,47,49,76,83,85" owari="104,-30.0,132,-7.0,84,-42.0,680,79.0" /></mjloggm>