<mjloggm ver="2.3"><GO type="169" lobby="0"/><UN n0="%E3%82%8A%E3%82%87%E3%81%91%E3%81%99" n1="%E3%82%A8%E3%83%AB%E3%82%B2%E3%83%AB%E3%83%BC%E3%82%B8" n2="%E3%83%AC%E3%82%AA%E3%83%B3%E3%83%8F%E3%83%AB%E3%83%88" n3="%E3%81%95%E3%82%86" dan="17,17,16,16" rate="2171.66,2214.41,2039.09,2098.30" sx="M,M,M,F"/><TAIKYOKU oya="0"/><INIT seed="0,0,0,0,4,93" ten="250,250,250,250" oya="0" hai0="80,59,132,63,78,81,65,25,74,75,2,23,30" hai1="77,72,124,21,104,18,99,3,94,42,73,79,88" hai2="114,67,13,5,89,48,91,70,1,135,115,100,39" hai3="57,33,32,27,20,58,8,97,92,116,85,37,127"/><T29/><D132/><U111/><E3/><V118/><F39/><W9/><G116/><T0/><REACH who="0" step="1"/><D30/><REACH who="0" ten="240,250,250,250" step="2"/><U117/><E117/><V10/><F135/><W54/><G127/><T102/><D102/><U123/><E124/><V46/><F100/><W125/><G125/><T31/><D31/><U6/><E73/><V109/><F118/><W43/><G33/><T82/><D82/><U41/><E72/><V122/><F115/><W19/><G32/><T84/><D84/><U45/><E123/><V36/><F114/><W4/><G85/><T40/><D40/><U47/><E42/><V16/><F122/><W110/><G110/><T134/><D134/><U38/><E111/><V66/><F109/><W106/><G106/><T69/><D69/><U126/><E104/><V113/><F113/><W52/><G43/><T24/><D24/><U56/><E126/><V35/><F70/><W49/><G37/><T28/><D28/><U11/><E41/><V112/><F35/><W90/><REACH who="3" step="1"/><G4/><REACH who="3" ten="240,250,250,240" step="2"/><T83/><D83/><U64/><E38/><V61/><F36/><W129/><G129/><T50/><D50/><AGARI ba="0,2" hai="8,9,19,20,27,49,50,52,54,57,58,90,92,97" machi="50" ten="30,16000,3" yaku="1,1,7,1,9,1,8,1,52,1,54,1,53,2" doraHai="93" doraHaiUra="51" who="3" fromWho="0" sc="240,-160,250,0,250,0,240,180" /><INIT seed="1,0,0,1,5,80" ten="80,250,250,420" oya="1" hai0="100,10,104,27,42,11,23,29,34,61,60,83,85" hai1="46,131,124,62,121,123,133,35,69,117,107,36,55" hai2="110,9,52,89,109,73,119,81,75,15,32,40,45" hai3="48,125,2,12,22,6,112,37,17,127,68,31,84"/><U76/><RYUUKYOKU type="yao9" ba="0,0" sc="80,0,250,0,250,0,420,0" hai1="35,36,46,55,62,69,76,107,117,121,123,124,131,133" /><INIT seed="1,1,0,5,4,79" ten="80,250,250,420" oya="1" hai0="113,85,92,59,124,26,125,47,96,64,54,118,40" hai1="100,82,70,111,28,94,12,88,58,17,97,90,108" hai2="77,74,0,46,8,56,52,105,9,19,18,131,126" hai3="48,135,1,24,44,67,127,23,134,81,11,53,36"/><U30/><E70/><V107/><F131/><W102/><G127/><N who="0" m="48715" /><D113/><U27/><E58/><V60/><F126/><W71/><G102/><T72/><D72/><U91/><E82/><V14/><F77/><W7/><G36/><T133/><D118/><U76/><E76/><V112/><F74/><W20/><G81/><T2/><D2/><U42/><E42/><V43/><F112/><W104/><G104/><T115/><D115/><U41/><E41/><V50/><REACH who="2" step="1"/><F19/><REACH who="2" ten="80,250,240,420" step="2"/><W22/><G135/><T16/><D133/><U132/><E132/><V61/><F61/><W119/><G134/><T21/><D64/><U73/><E73/><V106/><F106/><W80/><G119/><T4/><D4/><AGARI ba="1,1" hai="0,4,8,9,14,18,43,46,50,52,56,60,105,107" machi="4" ten="40,2600,0" yaku="1,1,54,1,53,0" doraHai="79" doraHaiUra="121" who="2" fromWho="0" sc="80,-29,250,0,240,39,420,0" /><INIT seed="2,0,0,4,3,54" ten="51,250,279,420" oya="2" hai0="111,70,122,67,36,91,99,2,125,61,97,69,124" hai1="74,118,103,10,81,47,3,60,52,98,18,62,128" hai2="96,77,40,88,13,12,75,34,89,9,39,25,22" hai3="32,92,86,83,5,120,21,133,27,79,38,43,42"/><V58/><F34/><W102/><G32/><T132/><D122/><U95/><E118/><V114/><F114/><W15/><G133/><T76/><D2/><U26/><E128/><V51/><F39/><W117/><G38/><T73/><D36/><U30/><E3/><V105/><F75/><W68/><G68/><T85/><D111/><U135/><E135/><V37/><F37/><W106/><G106/><T104/><D70/><U63/><E74/><V78/><F105/><W112/><G117/><T29/><D29/><U31/><E81/><V116/><F13/><W80/><G80/><N who="0" m="45071" /><D132/><U57/><E47/><V119/><F119/><W64/><G64/><T4/><D4/><U16/><E10/><V59/><F40/><W134/><G112/><T23/><D23/><N who="1" m="13671" /><E18/><N who="2" m="12503" /><F51/><AGARI ba="0,0" hai="30,31,51,52,57,60,62,63,95,98,103" m="13671" machi="51" ten="30,7700,0" yaku="8,1,52,1,54,2" doraHai="54" who="1" fromWho="2" sc="51,0,250,77,279,-77,420,0" /><INIT seed="3,0,0,3,0,10" ten="51,327,202,420" oya="3" hai0="76,86,120,63,52,81,48,129,128,37,46,107,24" hai1="53,90,15,16,3,124,125,111,66,2,122,91,54" hai2="133,69,89,127,77,28,47,30,1,22,64,5,132" hai3="108,134,45,72,73,109,79,117,103,40,21,85,55"/><W42/><G117/><T41/><D120/><U6/><E66/><V62/><F127/><N who="1" m="48713" /><E122/><V65/><F65/><W7/><G134/><T35/><D107/><U27/><E27/><V18/><F77/><W71/><G71/><T13/><D63/><U130/><E111/><N who="3" m="42570" /><G103/><T131/><D24/><U135/><E135/><V98/><F5/><W58/><G21/><T118/><D35/><U59/><E130/><V56/><F1/><N who="1" m="9" /><E6/><V33/><F33/><W43/><G7/><T100/><D100/><U29/><E29/><V105/><F69/><W26/><G26/><T20/><D118/><U101/><E101/><V121/><F105/><W99/><G99/><T9/><D20/><N who="1" m="11295" /><E54/><V104/><F104/><W75/><G85/><T36/><REACH who="0" step="1"/><D52/><REACH who="0" ten="41,327,202,420" step="2"/><U119/><E119/><V4/><F121/><W106/><G106/><T25/><D25/><U116/><E116/><V114/><F133/><W8/><G8/><T96/><D96/><U38/><E38/><V31/><F132/><W95/><G55/><T126/><D126/><U94/><E94/><V88/><F31/><W78/><G95/><T14/><D14/><U51/><AGARI ba="0,1" hai="51,53,59,90,91" m="11295,9,48713" machi="51" ten="30,4000,0" yaku="18,1,52,1,54,1" doraHai="10" who="1" fromWho="1" sc="41,-10,327,50,202,-10,420,-20" /><INIT seed="4,0,0,0,5,73" ten="31,377,192,400" oya="0" hai0="93,9,12,65,99,54,128,39,7,74,16,58,2" hai1="59,94,91,68,32,42,80,83,120,33,45,87,22" hai2="102,20,29,55,17,35,89,131,48,101,119,19,118" hai3="66,61,114,6,10,116,111,95,130,30,49,5,129"/><T134/><D134/><U1/><E120/><V0/><F0/><W11/><G111/><T76/><D128/><N who="3" m="49257" /><G116/><N who="2" m="44585" /><F35/><W107/><G107/><T26/><D39/><U115/><E68/><V46/><F131/><W40/><G114/><T8/><D65/><U18/><E1/><V15/><F29/><W71/><G30/><T78/><D74/><U108/><E108/><V97/><F19/><W36/><G36/><T86/><D86/><U135/><E135/><V123/><F123/><W67/><G67/><T133/><D26/><U82/><E115/><V88/><F102/><W57/><G95/><AGARI ba="0,0" hai="15,17,20,46,48,55,88,89,95,97,101" m="44585" machi="95" ten="30,2000,0" yaku="12,1,54,1" doraHai="73" who="2" fromWho="3" sc="31,0,377,0,192,20,400,-20" /><INIT seed="5,0,0,5,1,98" ten="31,377,212,380" oya="1" hai0="51,87,116,19,7,54,65,123,1,55,3,27,13" hai1="43,23,9,62,106,39,88,95,0,96,101,71,135" hai2="111,64,115,82,52,107,48,92,61,110,53,108,31" hai3="117,119,44,85,78,6,17,120,132,24,22,134,130"/><U68/><E135/><N who="3" m="51754" /><G120/><T128/><D128/><U33/><E33/><V99/><F107/><W97/><G130/><T73/><D73/><U5/><E23/><V32/><F115/><W66/><G66/><T131/><D131/><U30/><E30/><V58/><F82/><N who="3" m="47319" /><G6/><T72/><D72/><U20/><E20/><V26/><REACH who="2" step="1"/><F48/><REACH who="2" ten="31,377,202,380" step="2"/><W59/><G119/><T56/><D116/><U105/><E105/><V113/><F113/><W45/><G117/><T102/><D123/><U90/><E106/><V100/><AGARI ba="0,1" hai="26,31,32,52,53,58,61,64,92,99,100,108,110,111" machi="100" ten="30,7900,0" yaku="1,1,0,1,52,1,54,1,53,0" doraHai="98" doraHaiUra="18" who="2" fromWho="2" sc="31,-20,377,-39,202,89,380,-20" /><INIT seed="6,0,0,3,1,51" ten="11,338,291,360" oya="2" hai0="22,45,80,109,29,85,42,93,89,26,55,5,133" hai1="56,1,3,134,14,58,39,94,127,81,78,83,60" hai2="12,100,38,21,113,108,4,54,20,122,47,82,25" hai3="101,76,132,44,99,8,2,98,35,116,70,120,121"/><V27/><F122/><W92/><G116/><T106/><D133/><U50/><E39/><V114/><F108/><W36/><G132/><T123/><D123/><U119/><E134/><V77/><F100/><W102/><G70/><T90/><D109/><U96/><E119/><V46/><F4/><W79/><G35/><T65/><D106/><U73/><E83/><V118/><F12/><W112/><G112/><N who="2" m="43113" /><F38/><W104/><G2/><T59/><D65/><U32/><E32/><V131/><F131/><W124/><G124/><T61/><D5/><U71/><E127/><V115/><F118/><W31/><G31/><T95/><REACH who="0" step="1"/><D89/><REACH who="0" ten="1,338,291,360" step="2"/><U125/><E125/><V33/><F115/><W130/><G130/><T74/><D74/><U68/><E68/><V66/><F66/><W41/><G121/><T53/><D53/><N who="1" m="31799" /><E71/><V18/><F54/><W23/><G120/><T103/><D103/><N who="1" m="60823" /><E73/><N who="2" m="43311" /><F33/><W15/><G102/><T7/><D7/><U110/><E110/><V72/><F72/><W117/><G101/><T0/><D0/><U6/><E3/><V11/><F11/><W107/><G8/><T43/><D43/><U105/><E1/><V34/><F34/><W9/><G9/><T126/><D126/><U97/><E6/><V84/><F84/><W64/><G64/><T28/><D28/><U128/><E128/><V129/><F129/><W86/><G41/><T88/><D88/><U40/><E40/><V24/><F21/><W16/><G23/><T67/><D67/><N who="1" m="39319" /><E105/><V111/><F111/><W91/><G107/><T69/><D69/><U63/><E78/><V30/><F30/><RYUUKYOKU ba="0,1" sc="1,15,338,-15,291,15,360,-15" hai0="22,26,29,42,45,55,59,61,80,85,90,93,95" hai2="18,20,24,25,27,46,47" /><INIT seed="6,1,1,4,2,95" ten="16,323,306,345" oya="2" hai0="82,68,46,71,130,24,75,100,26,73,80,120,42" hai1="23,39,51,60,31,92,121,67,94,91,135,48,19" hai2="111,88,83,69,122,55,107,106,77,90,43,105,53" hai3="113,78,103,12,59,129,25,28,45,33,5,7,20"/><V70/><F122/><W66/><G129/><T112/><D46/><U8/><E39/><V123/><F123/><W57/><G113/><T87/><D120/><U49/><E121/><V86/><F43/><W41/><G78/><T64/><D87/><U0/><E135/><V2/><F2/><W76/><G76/><T109/><D100/><U11/><E31/><V18/><F18/><W3/><G3/><T29/><D64/><U127/><E127/><V10/><F10/><W62/><G103/><T6/><D29/><U36/><E36/><V116/><F116/><W27/><G12/><T9/><D9/><U104/><E104/><V133/><F133/><W81/><G59/><T47/><D47/><U84/><E94/><V114/><F114/><W22/><G81/><T132/><D132/><U118/><E0/><V115/><F115/><W50/><G33/><T97/><D112/><U93/><E93/><V13/><F13/><W108/><G108/><T17/><D17/><AGARI ba="1,1" hai="5,7,17,20,22,25,27,28,41,45,50,57,62,66" machi="17" ten="30,2000,0" yaku="7,1,8,1" doraHai="95" who="3" fromWho="0" sc="16,-23,323,0,306,0,345,33" owari="-7,-51.0,323,12.0,306,-9.0,378,48.0" /></mjloggm>