<mjloggm ver="2.3"><GO type="169" lobby="0"/><UN n0="%4B%6F%74%61%38%31%36" n1="%E3%81%86%E3%81%AA%E3%81%8E%E9%BA%BA" n2="%E7%9C%9F%E4%B8%80" n3="%54%61%6B%33%45%34%73%79" dan="16,16,16,17" rate="2141.19,2043.32,2149.85,2179.06" sx="M,M,M,M"/><TAIKYOKU oya="0"/><INIT seed="0,0,0,4,4,88" ten="250,250,250,250" oya="0" hai0="64,127,129,27,13,49,92,99,50,83,104,7,118" hai1="96,61,35,94,71,22,79,14,47,72,102,116,34" hai2="59,62,4,98,125,31,114,123,119,6,74,17,60" hai3="108,51,68,58,28,89,78,55,15,130,36,111,73"/><T81/><D118/><U40/><E116/><V8/><F119/><W128/><G28/><T93/><D104/><U124/><E124/><V53/><F123/><W101/><G101/><T70/><D127/><U91/><E72/><V120/><F120/><W133/><G78/><T82/><D129/><U46/><E79/><V30/><F125/><W105/><G73/><T37/><D37/><U115/><E115/><V23/><F74/><W57/><G15/><T87/><D70/><U48/><E47/><V29/><F114/><W11/><G11/><N who="0" m="4351" /><D64/><U112/><E112/><V5/><F98/><W113/><G105/><T86/><D27/><U52/><E102/><V121/><F121/><W75/><G75/><T134/><D134/><U69/><E69/><V19/><F19/><W43/><G113/><T16/><D16/><U66/><REACH who="1" step="1"/><E40/><REACH who="1" ten="250,240,250,250" step="2"/><V67/><F8/><W1/><G68/><T9/><D9/><U63/><E63/><N who="2" m="36335" /><F67/><W100/><G130/><T97/><D49/><U18/><AGARI ba="0,1" hai="14,18,22,34,35,46,48,52,61,66,71,91,94,96" machi="18" ten="30,7900,0" yaku="1,1,0,1,52,1,54,1,53,0" doraHai="88" doraHaiUra="2" who="1" fromWho="1" sc="250,-39,240,89,250,-20,250,-20" /><INIT seed="1,0,0,3,5,58" ten="211,329,230,230" oya="1" hai0="49,130,125,2,43,93,56,32,79,52,3,82,18" hai1="66,98,48,105,106,13,41,118,68,76,15,84,47" hai2="85,78,103,26,75,109,90,70,71,92,19,74,10" hai3="36,16,121,128,87,34,1,108,42,21,60,95,120"/><U113/><E113/><V119/><F119/><W22/><G34/><T4/><D130/><U51/><E51/><V110/><F103/><W122/><G128/><T100/><D32/><U135/><E118/><V123/><F123/><W81/><G1/><T28/><D28/><U112/><E112/><V33/><F33/><W132/><G108/><N who="2" m="41577" /><F78/><W6/><G6/><T91/><D43/><U67/><E135/><V40/><F40/><W129/><G129/><T45/><D45/><U55/><E55/><V25/><F10/><W37/><G22/><T38/><D100/><U73/><E73/><N who="2" m="27659" /><F19/><W30/><G30/><T5/><D18/><U46/><E46/><V102/><F102/><W53/><G132/><T31/><D31/><U115/><E98/><V54/><F54/><W9/><G9/><T96/><D38/><U61/><E67/><V126/><F126/><W89/><G42/><T29/><D29/><U35/><E35/><V99/><F99/><W59/><REACH who="3" step="1"/><G81/><REACH who="3" ten="211,329,230,220" step="2"/><T14/><D4/><U12/><REACH who="1" step="1"/><E115/><REACH who="1" ten="211,319,230,220" step="2"/><V111/><F111/><W7/><G7/><T8/><D125/><U39/><E39/><V114/><F114/><W131/><G131/><T94/><D2/><U101/><E101/><V64/><F64/><W50/><G50/><T24/><D3/><U88/><E88/><V69/><AGARI ba="0,2" hai="25,26,69,70,71,85,90,92" m="27659,41577" machi="69" ten="40,1500,0" yaku="14,1" doraHai="58" who="2" fromWho="2" sc="211,-4,319,-7,230,35,220,-4" /><INIT seed="2,0,0,5,4,104" ten="207,312,265,216" oya="2" hai0="117,1,32,111,103,25,64,7,108,93,95,9,44" hai1="91,8,57,123,70,39,79,62,58,5,16,3,107" hai2="56,114,6,23,71,15,112,42,19,59,53,65,12" hai3="28,129,75,130,132,128,113,67,96,109,98,60,63"/><V81/><F71/><W92/><G109/><T88/><D117/><U97/><E123/><V34/><F34/><W24/><G132/><T131/><D131/><U37/><E70/><V51/><F42/><W50/><G113/><T14/><D64/><U90/><E79/><V21/><F81/><W85/><G50/><T106/><D93/><U30/><E30/><V121/><F121/><W86/><G98/><T49/><D103/><U119/><E58/><V118/><F118/><W29/><G29/><T94/><D94/><U134/><E134/><V0/><F0/><W110/><G110/><T10/><D106/><U72/><E72/><V124/><F124/><W122/><G122/><T102/><D25/><U31/><E31/><V126/><F126/><W80/><G75/><T11/><D102/><U69/><E69/><V82/><F82/><W66/><G66/><T40/><D11/><U17/><E119/><V116/><F116/><W99/><G85/><T47/><D47/><U105/><E105/><V43/><F43/><W120/><G92/><T61/><D61/><N who="3" m="23625" /><G67/><T38/><D38/><N who="1" m="14347" /><E107/><V41/><F41/><W35/><G120/><T46/><D46/><U4/><E4/><V133/><F133/><W83/><G83/><T74/><D74/><U68/><E68/><V20/><F65/><W27/><G24/><T45/><D45/><U55/><E97/><V22/><F59/><W13/><G13/><T135/><D32/><U77/><E77/><AGARI ba="0,0" hai="27,28,35,77,80,86,96,99,128,129,130" m="23625" machi="77" ten="30,1000,0" yaku="19,1" doraHai="104" who="3" fromWho="1" sc="207,0,312,-10,265,0,216,10" /><INIT seed="3,0,0,1,0,31" ten="207,302,265,226" oya="3" hai0="47,128,129,80,4,85,50,104,111,58,59,70,93" hai1="101,56,68,52,17,16,13,21,33,9,3,126,71" hai2="117,42,127,99,28,2,36,44,5,98,19,18,12" hai3="66,125,130,108,79,37,118,65,114,77,69,15,110"/><W107/><G107/><T119/><D119/><U131/><E131/><V43/><F117/><W29/><G118/><T40/><D104/><U35/><E126/><V67/><F127/><W22/><G37/><T6/><D70/><U90/><E101/><V1/><F67/><N who="3" m="25611" /><G114/><T63/><D93/><U25/><E3/><V92/><F28/><W60/><G60/><T134/><D111/><N who="3" m="42537" /><G69/><T48/><D48/><U120/><E120/><V26/><F36/><W75/><G75/><T84/><D63/><U124/><E124/><V97/><F92/><W100/><G100/><T113/><D50/><U55/><E71/><V95/><F95/><W30/><G125/><T11/><D113/><U106/><E68/><V86/><F86/><W123/><G123/><T20/><D84/><U122/><E122/><V133/><F99/><W38/><G38/><T61/><D85/><U27/><E106/><V105/><F105/><W73/><G73/><T132/><D61/><U76/><E90/><V103/><F103/><W83/><G130/><T121/><D121/><U57/><E27/><V94/><F94/><W62/><G62/><T51/><D51/><U41/><E25/><V23/><F98/><W87/><G79/><T32/><D128/><U14/><E76/><V81/><F97/><W135/><G135/><T88/><D132/><U72/><E72/><V89/><F133/><W115/><G115/><T78/><D134/><U74/><E74/><V54/><F81/><W96/><G96/><T24/><D80/><U8/><E41/><N who="2" m="15371" /><F89/><W91/><G91/><T10/><D129/><U46/><E46/><RYUUKYOKU ba="0,0" sc="207,-15,302,15,265,-15,226,15" hai1="8,9,13,14,16,17,21,33,35,52,55,56,57" hai3="15,22,29,30,77,83,87" /><INIT seed="3,1,0,5,0,65" ten="192,317,250,241" oya="3" hai0="108,78,135,29,51,62,121,85,49,3,75,106,22" hai1="28,39,1,105,116,32,17,46,48,19,33,94,53" hai2="118,26,74,102,86,20,37,77,27,44,111,93,126" hai3="5,122,2,100,104,70,7,79,125,35,24,10,58"/><W134/><G122/><T103/><D121/><U131/><E105/><V52/><F118/><W115/><G115/><T61/><D3/><U95/><E1/><V89/><F111/><W112/><G112/><T47/><D75/><U71/><E71/><V90/><F126/><W114/><G114/><T40/><D108/><U82/><E131/><V56/><F102/><W15/><G58/><T38/><D106/><U11/><E39/><V25/><F90/><W127/><G79/><T73/><D73/><U41/><E28/><V57/><F20/><W55/><G55/><T98/><D49/><U45/><E82/><V101/><F101/><W129/><G129/><T63/><D135/><U113/><E11/><V124/><F124/><W109/><G109/><T6/><D6/><U9/><E9/><V83/><REACH who="2" step="1"/><F52/><REACH who="2" ten="192,317,240,241" step="2"/><W21/><G125/><T64/><D103/><U120/><E53/><V117/><F117/><W23/><G100/><T68/><D22/><U36/><E116/><V34/><F34/><W18/><G127/><T60/><D78/><U130/><E113/><V107/><F107/><W0/><G104/><T123/><D123/><U132/><E120/><V13/><F13/><W99/><G35/><T97/><D97/><U50/><E130/><V87/><F87/><W59/><G99/><T96/><D96/><U67/><E33/><V30/><F30/><W119/><G119/><T76/><D98/><U133/><E32/><V43/><AGARI ba="1,1" hai="25,26,27,37,43,44,56,57,74,77,83,86,89,93" machi="43" ten="30,4000,0" yaku="1,1,0,1,53,1" doraHai="65" doraHaiUra="88" who="2" fromWho="2" sc="192,-11,317,-11,240,53,241,-21" /><INIT seed="4,0,0,0,5,130" ten="181,306,293,220" oya="0" hai0="59,73,78,93,10,83,131,103,112,52,57,54,91" hai1="101,79,121,118,43,135,50,1,76,17,31,110,20" hai2="29,44,70,106,58,108,11,75,51,90,27,8,19" hai3="36,116,37,32,30,95,62,81,33,104,24,109,45"/><T86/><D131/><U65/><E1/><V13/><F70/><W111/><G104/><T120/><D120/><U55/><E43/><V28/><F108/><W134/><G116/><T7/><D112/><U124/><E31/><V92/><F106/><W82/><G95/><T107/><D59/><U132/><E118/><V48/><F75/><W9/><G9/><T85/><D85/><U39/><E39/><V80/><F80/><W35/><G62/><T53/><D57/><U67/><E110/><V77/><F77/><N who="1" m="29769" /><E101/><V94/><F8/><W60/><G60/><T21/><D21/><U69/><E121/><V98/><F94/><W119/><G119/><T114/><D114/><U127/><E69/><V105/><F105/><W5/><G35/><T4/><REACH who="0" step="1"/><D10/><REACH who="0" ten="171,306,293,220" step="2"/><U42/><E67/><V133/><F58/><W18/><G109/><T100/><D100/><U25/><E65/><V122/><F122/><W84/><G111/><T113/><D113/><U117/><E117/><V88/><F98/><AGARI ba="0,1" hai="4,7,52,53,54,73,78,83,86,91,93,98,103,107" machi="98" ten="40,12000,1" yaku="1,1,24,2,54,1,53,1" doraHai="130" doraHaiUra="72" who="0" fromWho="2" sc="171,130,306,0,293,-120,220,0" /><INIT seed="4,1,0,1,1,47" ten="301,306,173,220" oya="0" hai0="91,124,72,35,74,46,34,81,75,135,92,107,14" hai1="55,17,65,26,85,40,125,2,4,11,93,33,0" hai2="32,76,9,23,37,53,95,102,60,41,10,44,121" hai3="83,111,104,36,62,24,52,48,66,30,69,5,113"/><T99/><D135/><U27/><E125/><V38/><F121/><W120/><G111/><T86/><D124/><U67/><E0/><V15/><F32/><W19/><G120/><T42/><D14/><U63/><E40/><V132/><F132/><W118/><G118/><T39/><REACH who="0" step="1"/><D107/><REACH who="0" ten="291,306,173,220" step="2"/><U127/><E127/><V131/><F15/><W18/><G104/><T49/><D49/><U45/><E27/><V110/><F37/><W8/><G36/><T129/><D129/><U68/><E26/><V57/><F131/><W123/><G123/><T133/><D133/><U70/><E2/><V89/><F110/><W88/><G113/><T29/><D29/><U82/><E63/><V117/><F117/><W13/><G30/><T50/><D50/><U96/><E70/><V7/><F38/><W31/><G31/><T58/><D58/><U12/><E12/><V112/><F112/><W78/><G24/><T122/><D122/><U79/><E68/><V54/><F57/><W43/><G69/><T25/><D25/><U3/><E3/><V119/><F119/><W100/><G62/><T77/><AGARI ba="1,1" hai="34,35,39,42,46,72,74,75,77,81,86,91,92,99" machi="77" ten="30,3000,0" yaku="1,1,0,1,53,0" doraHai="47" doraHaiUra="51" who="0" fromWho="0" sc="291,43,306,-11,173,-11,220,-11" /><INIT seed="4,2,0,2,4,81" ten="334,295,162,209" oya="0" hai0="119,48,104,14,79,100,43,103,102,92,131,112,68" hai1="46,1,62,49,31,91,24,21,135,15,88,37,18" hai2="33,4,105,86,115,3,17,45,35,116,10,114,0" hai3="77,93,98,66,58,78,12,128,71,65,69,55,99"/><T122/><D68/><U108/><E108/><V134/><F105/><W25/><G128/><T47/><D119/><U75/><E135/><V70/><F70/><W101/><G71/><T82/><D122/><U16/><E37/><V51/><F134/><W90/><G69/><T110/><D104/><U67/><E75/><V64/><F64/><W111/><G111/><T133/><D133/><U19/><E1/><V106/><F106/><W13/><G77/><T83/><D131/><U5/><E62/><V39/><F39/><W29/><G78/><T72/><D82/><U85/><E67/><V20/><F0/><W23/><G65/><T89/><D110/><U109/><E109/><V30/><F116/><W118/><G118/><T11/><D112/><N who="2" m="43050" /><F30/><W9/><G9/><T34/><D34/><U44/><E44/><V120/><F86/><W53/><G66/><T96/><D100/><U60/><E60/><V56/><F56/><W125/><G125/><T123/><D123/><U7/><E91/><V40/><F120/><W132/><G132/><T36/><D36/><U57/><E57/><V80/><F80/><W2/><G2/><T22/><D22/><U129/><E129/><V117/><F117/><W6/><G58/><T126/><D126/><U107/><E107/><V113/><N who="2" m="43058" /><V74/><DORA hai="63" /><F74/><W26/><G29/><T27/><REACH who="0" step="1"/><D27/><AGARI ba="2,0" hai="3,4,10,17,20,27,33,35,40,45,51" m="43058" machi="27" ten="40,1300,0" yaku="15,1" doraHai="81,63" who="2" fromWho="0" sc="334,-19,295,0,162,19,209,0" /><INIT seed="5,0,0,2,0,40" ten="315,295,181,209" oya="1" hai0="122,92,85,4,84,25,131,57,49,83,51,70,65" hai1="9,130,54,75,5,24,128,56,74,53,34,107,82" hai2="37,98,119,135,67,36,113,126,116,23,120,16,1" hai3="38,47,66,100,132,127,86,103,72,19,87,2,104"/><U58/><E107/><V22/><F120/><W35/><G66/><T125/><D70/><U99/><E99/><V109/><F109/><W0/><G19/><T94/><D125/><U43/><E43/><V48/><F1/><W89/><G35/><T108/><D108/><U30/><E58/><V90/><F126/><W31/><G31/><T114/><D114/><U41/><E41/><V44/><F67/><W62/><G62/><T11/><D131/><U111/><E111/><V28/><F113/><W71/><G71/><T6/><D122/><U129/><E82/><V42/><F135/><W81/><G81/><T96/><D4/><U39/><E39/><V7/><F7/><W134/><G104/><T78/><D85/><U101/><E101/><V52/><F36/><W76/><G76/><T17/><D96/><U133/><E133/><V15/><F28/><W124/><G38/><T46/><D51/><U60/><REACH who="1" step="1"/><E54/><REACH who="1" ten="315,285,181,209" step="2"/><V27/><F98/><W115/><G115/><T63/><D57/><U26/><E26/><V112/><F112/><W8/><G127/><T21/><D65/><U106/><E106/><V3/><F90/><W55/><G124/><T121/><D121/><U10/><E10/><V12/><F3/><AGARI ba="0,1" hai="3,5,9,24,30,34,53,56,60,74,75,128,129,130" machi="3" ten="40,3900,0" yaku="1,1,19,1,53,0" doraHai="40" doraHaiUra="79" who="1" fromWho="2" sc="315,0,285,49,181,-39,209,0" /><INIT seed="5,1,0,5,3,116" ten="315,334,142,209" oya="1" hai0="25,85,32,19,30,65,125,60,114,10,21,55,41" hai1="53,57,70,50,56,59,16,102,28,89,91,34,45" hai2="72,69,112,134,73,101,26,68,66,92,78,67,9" hai3="109,12,104,94,29,37,126,47,64,75,27,131,110"/><U105/><E70/><V74/><F78/><W23/><G104/><T39/><D114/><U24/><E105/><V107/><F107/><W79/><G75/><T113/><D113/><U44/><E102/><V20/><F112/><W86/><G131/><T124/><D55/><U1/><E1/><V115/><F115/><W4/><G64/><T18/><D85/><U14/><REACH who="1" step="1"/><E45/><REACH who="1" ten="315,324,142,209" step="2"/><V132/><F69/><W63/><G47/><T6/><D124/><U31/><E31/><V35/><F68/><W133/><G126/><T48/><D30/><U98/><E98/><N who="2" m="59591" /><F35/><W58/><G29/><T135/><D32/><U100/><E100/><V95/><F134/><W40/><G133/><T15/><D125/><U62/><E62/><V52/><F132/><W103/><G103/><T71/><D135/><U88/><E88/><V11/><F74/><W80/><G63/><T46/><D39/><U17/><E17/><N who="2" m="12559" /><F73/><W120/><G37/><T3/><D19/><U84/><E84/><V127/><F72/><W97/><G86/><T121/><D3/><U81/><E81/><V118/><F118/><W82/><G82/><T90/><D90/><U61/><E61/><V123/><F127/><W106/><G106/><T76/><D76/><U87/><E87/><V42/><F95/><W5/><G79/><T36/><D36/><U128/><E128/><V7/><F67/><W38/><G38/><T77/><D77/><U99/><E99/><V108/><F66/><W111/><G97/><T0/><D0/><U54/><E54/><V2/><F52/><W130/><G94/><T129/><D129/><RYUUKYOKU ba="1,1" sc="315,15,324,15,142,-15,209,-15" hai0="6,10,15,18,21,25,41,46,48,60,65,71,121" hai1="14,16,24,28,34,44,50,53,56,57,59,89,91" /><INIT seed="5,2,1,3,2,91" ten="330,339,127,194" oya="1" hai0="100,104,96,35,48,55,9,90,80,134,61,129,50" hai1="64,36,86,87,126,76,54,89,56,103,41,15,106" hai2="44,0,98,127,7,107,88,1,75,131,27,46,53" hai3="108,5,112,92,65,24,38,33,3,128,30,71,69"/><U84/><E126/><V68/><F68/><W17/><G38/><T97/><D35/><U116/><E116/><V133/><F75/><W51/><G108/><T10/><D134/><U40/><E64/><V122/><F122/><W85/><G112/><T115/><D115/><U67/><E67/><V109/><F109/><W83/><G5/><T94/><D129/><U77/><E103/><V25/><F131/><W79/><G3/><T119/><D119/><U125/><E106/><V124/><F133/><W6/><G6/><T118/><D118/><U37/><E37/><V81/><F107/><W120/><G120/><T18/><D80/><U58/><E58/><V78/><F78/><N who="1" m="30313" /><E36/><V47/><F53/><W111/><G111/><T135/><D135/><U22/><E125/><N who="2" m="48203" /><F7/><W13/><G51/><T21/><D61/><N who="1" m="35991" /><E89/><V130/><F130/><W19/><G128/><T117/><D50/><U93/><E93/><N who="2" m="56615" /><F81/><W123/><G123/><T63/><D117/><U99/><E99/><V11/><F0/><W20/><G65/><T113/><D113/><U8/><E22/><V74/><F74/><W62/><G71/><T132/><D132/><U32/><E32/><V29/><F1/><W66/><G33/><T110/><D110/><U70/><E70/><V45/><N who="2" m="11264" /><DORA hai="16" /><V102/><F102/><W82/><G82/><T72/><D72/><U14/><E41/><V39/><F39/><W60/><G92/><T57/><REACH who="0" step="1"/><D48/><REACH who="0" ten="320,339,127,194" step="2"/><U4/><E40/><V114/><F114/><W34/><G62/><T52/><D52/><U101/><E101/><V23/><F11/><N who="3" m="6335" /><G34/><T105/><D105/><RYUUKYOKU ba="2,2" sc="320,0,339,0,127,0,194,0" hai0="9,10,18,21,55,57,63,90,94,96,97,100,104" hai1="4,8,14,15,84,86,87" hai2="23,25,27,29" hai3="19,20,24,30,60,66,69,79,83,85" /><INIT seed="5,3,2,2,1,123" ten="320,339,127,194" oya="1" hai0="15,84,41,91,58,64,49,118,108,70,122,9,43" hai1="92,63,76,37,115,127,2,79,129,83,101,27,103" hai2="97,131,11,47,68,3,94,21,57,116,32,44,53" hai3="61,60,99,77,26,110,22,17,132,23,80,78,1"/><U24/><E2/><V114/><F116/><W134/><G1/><T111/><D118/><U104/><E104/><V5/><F32/><W105/><G110/><T86/><D70/><U31/><E37/><V112/><F68/><W90/><G105/><T45/><D43/><U56/><E115/><N who="2" m="44075" /><F21/><W133/><G23/><T89/><D122/><U29/><E129/><V4/><F4/><W113/><G113/><T38/><D64/><U135/><E135/><V106/><F106/><W33/><G33/><T107/><D107/><U82/><E127/><V13/><F3/><W98/><G78/><T12/><D12/><U75/><E27/><V52/><F131/><W30/><G30/><T102/><D102/><U85/><E92/><V46/><F57/><W7/><G7/><T119/><D119/><U96/><E96/><N who="3" m="36906" /><G90/><AGARI ba="3,2" hai="5,11,13,44,46,47,52,53,90,94,97" m="44075" machi="90" ten="30,3900,0" yaku="15,1,11,1,54,1" doraHai="123" who="2" fromWho="3" sc="320,0,339,0,127,68,194,-48" /><INIT seed="6,0,0,2,0,5" ten="320,339,195,146" oya="2" hai0="35,90,47,100,118,78,3,67,59,69,115,71,92" hai1="29,21,66,27,135,132,2,45,130,109,101,50,44" hai2="39,105,73,58,60,9,51,6,62,12,36,17,24" hai3="28,48,22,43,97,41,77,13,119,96,129,121,53"/><V112/><F105/><W95/><G119/><T87/><D3/><U113/><E109/><V116/><F116/><W74/><G121/><T38/><D35/><U4/><E113/><V117/><F117/><W63/><G129/><T61/><D118/><U7/><E130/><V131/><F112/><W8/><G63/><T23/><D78/><U30/><E66/><V133/><F131/><W125/><G125/><T82/><D38/><U102/><E50/><V94/><F73/><W104/><G104/><T89/><D47/><U25/><E21/><V0/><F133/><W32/><G32/><T124/><D100/><U80/><E80/><V106/><F106/><W16/><G77/><T37/><D37/><U108/><E108/><V18/><F51/><W120/><G74/><T91/><D124/><U83/><E83/><V33/><F62/><W85/><G85/><T93/><D23/><U11/><E11/><V134/><F94/><W86/><G86/><T64/><D115/><U128/><E128/><V1/><F1/><AGARI ba="0,0" hai="1,2,4,7,25,27,29,30,44,45,101,102,132,135" machi="1" ten="25,1600,0" yaku="22,2" doraHai="5" who="1" fromWho="2" sc="320,0,339,16,195,-16,146,0" /><INIT seed="7,0,0,1,3,127" ten="320,355,179,146" oya="3" hai0="120,1,17,70,131,6,134,83,5,34,30,41,38" hai1="64,126,42,0,78,101,76,93,26,50,135,55,16" hai2="71,118,21,98,90,32,112,84,102,45,44,92,40" hai3="72,110,8,111,116,53,67,62,10,129,68,82,105"/><W43/><G116/><T121/><D70/><U79/><E0/><V65/><F32/><W22/><G105/><T61/><D61/><U18/><E126/><V132/><F118/><W48/><G22/><T14/><D38/><U80/><E64/><V107/><F132/><W108/><G43/><T23/><D83/><U100/><E42/><V75/><F112/><W113/><G113/><T117/><D41/><U2/><E2/><V87/><F75/><W123/><G123/><T13/><D117/><U89/><E80/><V63/><F21/><W25/><G25/><N who="0" m="18767" /><D134/><U115/><E115/><V74/><F74/><W85/><G72/><T3/><D131/><U46/><E135/><V114/><F114/><W94/><G94/><T58/><D58/><U54/><E54/><V106/><F106/><W88/><REACH who="3" step="1"/><G129/><REACH who="3" ten="320,355,179,136" step="2"/><T24/><D120/><U20/><E26/><V11/><F11/><W96/><G96/><T39/><D121/><U37/><E20/><V12/><F12/><N who="0" m="4714" /><D39/><U56/><E37/><V4/><F4/><AGARI ba="0,1" hai="1,3,4,5,6,17,23,24" m="4714,18767" machi="4" ten="30,8000,1" yaku="35,5" doraHai="127" who="0" fromWho="2" sc="320,90,355,0,179,-80,136,0" owari="410,50.0,355,16.0,99,-40.0,136,-26.0" /></mjloggm>