<mjloggm ver="2.3"><GO type="169" lobby="0"/><UN n0="%E3%83%80%E3%83%8B%E3%83%90%E3%83%81%E3%83%A7%E3%83%95" n1="%59%54%39%38%39%39" n2="%53%63%61%6E%64%61%6C" n3="%4A%4F%4A%4F%31%39%38%35" dan="16,17,17,17" rate="2108.96,2185.60,2234.09,2126.10" sx="M,M,M,M"/><TAIKYOKU oya="0"/><INIT seed="0,0,0,3,2,114" ten="250,250,250,250" oya="0" hai0="11,77,133,26,112,18,85,40,9,70,84,33,63" hai1="98,37,97,8,120,118,74,104,122,24,17,134,62" hai2="52,0,29,130,125,53,28,75,115,124,23,57,48" hai3="82,78,72,128,10,34,1,96,113,127,100,121,126"/><T43/><D112/><U27/><E37/><V12/><F115/><W65/><G113/><T89/><D133/><U93/><E74/><V50/><F0/><W116/><G34/><T129/><D129/><U101/><E134/><V55/><F75/><W46/><G65/><T73/><D73/><U66/><E27/><V90/><F130/><W35/><G35/><T132/><D132/><U83/><E83/><V81/><F12/><W44/><G128/><T19/><D70/><U107/><E107/><V79/><F90/><W59/><G59/><T25/><D33/><U13/><E24/><N who="2" m="16415" /><F29/><W4/><G121/><T76/><REACH who="0" step="1"/><D63/><REACH who="0" ten="240,250,250,250" step="2"/><U103/><E118/><V64/><F125/><N who="3" m="47627" /><G116/><T106/><D106/><AGARI ba="0,1" hai="1,4,10,44,46,72,78,82,96,100,106" m="47627" machi="106" ten="30,1000,0" yaku="18,1" doraHai="114" who="3" fromWho="0" sc="240,-10,250,0,250,0,250,20" /><INIT seed="1,0,0,1,2,82" ten="230,250,250,270" oya="1" hai0="45,90,53,44,51,20,127,100,88,41,75,59,83" hai1="48,89,3,67,58,5,28,115,24,71,42,15,91" hai2="104,96,23,32,108,21,56,8,27,18,122,68,97" hai3="55,77,132,125,93,72,17,102,101,37,135,1,95"/><U113/><E3/><V69/><F108/><W60/><G37/><T110/><D110/><U134/><E71/><V65/><F122/><W130/><G1/><T119/><D119/><U25/><E42/><V29/><F8/><W7/><G7/><T31/><D127/><U34/><E25/><V30/><F56/><W52/><G125/><T129/><D129/><U19/><E5/><V57/><F57/><N who="3" m="34855" /><G55/><T13/><D100/><N who="3" m="38505" /><G17/><T131/><D131/><U11/><E134/><N who="3" m="51242" /><G130/><T35/><D35/><U36/><E36/><V87/><F32/><W46/><G46/><T38/><D45/><U6/><E115/><V121/><F18/><W114/><G114/><T10/><D20/><U78/><E113/><V39/><F39/><W92/><G72/><T94/><D31/><U111/><E6/><V120/><F27/><W112/><G112/><T47/><D47/><U66/><E67/><V74/><F65/><W64/><G77/><T33/><D33/><U81/><E111/><V118/><F74/><W99/><G64/><T49/><D38/><U116/><E116/><V84/><REACH who="2" step="1"/><F104/><REACH who="2" ten="230,250,240,270" step="2"/><W62/><G62/><T126/><D126/><U40/><E66/><V2/><F2/><W63/><G63/><T106/><D106/><U86/><E58/><V4/><F4/><W54/><G54/><T123/><D75/><U79/><E40/><V76/><F76/><W128/><G128/><T107/><D107/><U12/><E78/><V43/><F43/><W9/><G9/><T133/><D133/><U80/><E79/><V14/><F14/><W0/><G0/><T22/><D41/><RYUUKYOKU ba="0,1" sc="230,-15,250,-15,240,15,270,15" hai2="21,23,29,30,68,69,84,87,96,97,118,120,121" hai3="92,93,95,99" /><INIT seed="2,1,1,5,3,23" ten="215,235,255,285" oya="2" hai0="112,98,37,16,115,79,33,88,51,93,17,52,59" hai1="50,24,44,103,99,42,135,8,78,95,27,118,55" hai2="11,38,89,6,22,130,128,5,53,49,101,41,121" hai3="31,85,69,9,32,123,60,10,126,19,83,40,67"/><V62/><F121/><W74/><G123/><T81/><D37/><U90/><E118/><V47/><F101/><W48/><G74/><T82/><D33/><U14/><E78/><V61/><F89/><W13/><G126/><T86/><REACH who="0" step="1"/><D81/><REACH who="0" ten="205,235,255,285" step="2"/><U107/><E135/><V58/><F128/><W131/><G131/><T111/><D111/><U4/><REACH who="1" step="1"/><E42/><REACH who="1" ten="205,225,255,285" step="2"/><V39/><F41/><W122/><G40/><T120/><D120/><U124/><E124/><V12/><F130/><W73/><G122/><T54/><D54/><U70/><E70/><V132/><F132/><W57/><G69/><T77/><D77/><U26/><E26/><V84/><F53/><W129/><G129/><T45/><D45/><U43/><E43/><V92/><F47/><W91/><G83/><T119/><D119/><U29/><E29/><V65/><F38/><W134/><G31/><T2/><D2/><U113/><E113/><AGARI ba="1,3" hai="16,17,51,52,59,79,82,86,88,93,98,112,113,115" machi="113" ten="40,8000,1" yaku="1,1,54,3,53,0" doraHai="23" doraHaiUra="7" who="0" fromWho="1" sc="205,113,225,-83,255,0,285,0" /><INIT seed="3,0,0,5,4,57" ten="318,142,255,285" oya="3" hai0="102,96,89,98,54,28,51,6,97,91,58,53,73" hai1="108,3,132,71,127,101,14,5,112,56,79,20,85" hai2="13,99,90,123,109,130,23,77,67,1,107,61,62" hai3="111,124,29,55,7,100,119,44,47,70,48,45,49"/><W12/><G119/><T11/><D73/><U32/><E56/><V8/><F123/><W94/><G124/><T115/><D115/><U39/><E101/><V2/><F130/><W66/><G29/><T43/><D43/><U118/><E85/><V81/><F109/><W84/><G111/><T60/><D28/><U78/><E79/><V69/><F23/><W95/><G70/><T86/><D102/><U72/><E78/><V103/><F90/><N who="3" m="53575" /><G66/><T4/><D11/><U104/><E14/><V21/><F21/><W30/><G30/><T65/><D91/><U68/><E20/><V116/><F116/><W122/><G122/><T37/><D37/><U88/><E88/><V26/><F26/><W19/><G7/><N who="0" m="2603" /><D51/><U76/><E76/><V40/><F40/><W93/><G100/><T18/><D18/><U114/><E5/><V0/><F67/><W110/><G110/><T120/><D120/><U121/><E114/><V41/><F69/><W15/><G15/><T25/><D25/><U87/><E87/><V117/><F41/><N who="3" m="24591" /><G45/><T129/><D129/><AGARI ba="0,0" hai="3,32,39,68,71,72,104,108,112,118,121,127,129,132" machi="129" ten="0,32000,5" yakuman="47" doraHai="57" who="1" fromWho="0" sc="318,-320,142,320,255,0,285,0" owari="-2,-50.0,462,55.0,255,-14.0,285,9.0" /></mjloggm>