<mjloggm ver="2.3"><GO type="169" lobby="0"/><UN n0="%E3%82%B7%E3%83%A3%E3%82%AD%E3%82%AA%E3%83%8B" n1="%E3%83%8E%E3%82%A8%E3%83%A9" n2="%E3%82%82%E3%82%8A%E3%81%9E%E3%83%BC%33%38" n3="%74%79%61%73%6F" dan="17,16,17,17" rate="2150.08,2097.27,2203.07,2198.98" sx="M,M,M,M"/><TAIKYOKU oya="0"/><INIT seed="0,0,0,3,1,126" ten="250,250,250,250" oya="0" hai0="63,81,112,31,5,61,60,15,52,28,119,22,54" hai1="71,25,132,97,78,7,3,47,77,34,46,105,21" hai2="4,67,18,45,55,69,2,76,23,6,66,14,79" hai3="123,84,80,83,96,110,92,87,53,90,17,10,122"/><T30/><D112/><U20/><E71/><V135/><F135/><W134/><G134/><T99/><D119/><U50/><E34/><V117/><F117/><W12/><G110/><T41/><D41/><U64/><E64/><N who="2" m="24619" /><F2/><W27/><G27/><T70/><D70/><U127/><E132/><V68/><F68/><W1/><G1/><T72/><D99/><U93/><E105/><V111/><F111/><W36/><G36/><T73/><D22/><U59/><E3/><V100/><F100/><W133/><G133/><T38/><D38/><U37/><E20/><V0/><F0/><W62/><G84/><T103/><D103/><U82/><E7/><N who="2" m="2603" /><F69/><W129/><G80/><T113/><D113/><U24/><E82/><V124/><F124/><W89/><G123/><T49/><D81/><U98/><E93/><V8/><F8/><W114/><G114/><T130/><D130/><U107/><E21/><V19/><F19/><W65/><G122/><T42/><D73/><U26/><E107/><V118/><F118/><W57/><REACH who="3" step="1"/><G65/><REACH who="3" ten="250,250,250,240" step="2"/><T44/><REACH who="0" step="1"/><D72/><REACH who="0" ten="240,250,250,240" step="2"/><U109/><E37/><V56/><F76/><W115/><G115/><T16/><D16/><U58/><E78/><V102/><F79/><W121/><G121/><T11/><AGARI ba="0,2" hai="5,11,15,28,30,31,42,44,49,52,54,60,61,63" machi="11" ten="40,12000,1" yaku="1,1,0,1,8,1,54,1,53,0" doraHai="126" doraHaiUra="106" who="0" fromWho="0" sc="240,140,250,-40,250,-40,240,-40" /><INIT seed="0,1,0,3,3,130" ten="380,210,210,200" oya="0" hai0="99,107,127,71,17,87,65,33,66,82,34,38,123" hai1="9,60,98,6,132,119,128,88,135,104,83,58,80" hai2="121,111,15,77,5,117,116,24,105,19,93,115,78" hai3="30,79,101,36,47,70,108,52,62,35,45,8,69"/><T59/><D123/><U46/><E119/><N who="2" m="45643" /><F105/><W37/><G101/><T53/><D38/><N who="3" m="14953" /><G8/><T129/><D129/><U113/><E46/><N who="3" m="17418" /><G79/><N who="2" m="30217" /><F121/><W133/><G30/><T14/><D71/><N who="3" m="27145" /><G35/><T2/><D2/><U118/><E118/><V90/><F111/><W122/><G122/><T84/><D34/><U120/><E128/><V85/><F115/><W57/><G108/><T27/><D33/><U56/><E113/><V75/><F75/><W18/><G18/><T92/><D17/><U55/><E104/><V54/><F54/><W25/><G25/><T49/><D27/><U112/><E112/><V28/><F5/><W43/><G133/><N who="1" m="51274" /><E120/><V134/><F134/><W31/><G31/><T96/><D107/><U1/><E98/><V48/><F28/><W44/><G44/><T50/><D99/><U0/><E0/><V23/><F24/><W94/><G94/><T64/><D92/><U110/><E110/><V106/><F106/><W29/><G29/><T40/><D96/><U68/><E88/><V125/><F125/><W91/><G91/><T74/><D127/><U67/><E68/><V7/><F7/><W41/><AGARI ba="1,0" hai="41,43,52,57,62" m="27145,17418,14953" machi="41" ten="40,12000,2" yaku="35,5,54,1" doraHai="130" who="3" fromWho="3" sc="380,-61,210,-31,210,-31,200,123" /><INIT seed="1,0,0,0,1,124" ten="319,179,179,323" oya="1" hai0="123,97,53,71,10,76,57,4,45,115,131,50,62" hai1="17,41,86,87,36,104,107,73,23,128,72,118,46" hai2="103,77,89,94,0,28,27,14,11,84,54,33,30" hai3="29,15,125,122,3,44,34,18,20,60,98,90,127"/><U61/><E118/><V92/><F0/><W93/><G122/><T67/><D115/><U42/><E61/><V32/><F77/><W109/><G109/><T1/><D123/><U110/><E110/><V68/><F103/><W13/><G3/><T75/><D97/><U31/><E31/><V12/><F68/><W9/><G60/><T69/><D76/><U119/><E119/><V2/><F2/><W135/><G135/><T130/><REACH who="0" step="1"/><D75/><REACH who="0" ten="309,179,179,323" step="2"/><U133/><E72/><V49/><F33/><W80/><G34/><T51/><D51/><U35/><E73/><V112/><F112/><W38/><G98/><T85/><D85/><U78/><E78/><V59/><F30/><W83/><G29/><T52/><D52/><U5/><E87/><V66/><F66/><W96/><G127/><T24/><D24/><U65/><E86/><V114/><F114/><W25/><G25/><T43/><D43/><U117/><E41/><V58/><F14/><W101/><G125/><T116/><D116/><U106/><E117/><V19/><REACH who="2" step="1"/><F94/><REACH who="2" ten="309,179,169,323" step="2"/><W113/><G113/><T132/><D132/><U21/><E133/><V99/><F99/><W88/><G15/><T102/><D102/><U22/><E65/><V8/><F8/><W126/><G9/><T70/><AGARI ba="0,2" hai="1,4,10,45,50,53,57,62,67,69,70,71,130,131" machi="70" ten="40,8000,1" yaku="1,1,0,1,52,2,53,0" doraHai="124" doraHaiUra="129" who="0" fromWho="0" sc="309,100,179,-40,169,-20,323,-20" /><INIT seed="2,0,0,0,4,63" ten="409,139,149,303" oya="2" hai0="47,70,124,83,31,101,106,55,62,86,56,26,27" hai1="24,115,127,34,30,80,73,102,36,95,98,28,51" hai2="68,100,111,130,121,59,105,5,25,19,7,117,91" hai3="38,85,135,20,108,22,50,132,97,53,61,110,29"/><V23/><F117/><W122/><G122/><T71/><D124/><U6/><E127/><V87/><F121/><W60/><G38/><T10/><D26/><U93/><E36/><V90/><F130/><W58/><G97/><T72/><D72/><U49/><E115/><V0/><F68/><W17/><G29/><T126/><D126/><U129/><E30/><V14/><F0/><W114/><G85/><T76/><D106/><U42/><E42/><V107/><F111/><N who="3" m="42539" /><G20/><T4/><D101/><U134/><E134/><N who="3" m="51242" /><G114/><T133/><D47/><U44/><E44/><V15/><F105/><W119/><G119/><T67/><D55/><U52/><E73/><V3/><F3/><W43/><G43/><T109/><D133/><U128/><E80/><V75/><F75/><W69/><G69/><T99/><D99/><U118/><E118/><V46/><F100/><W84/><G84/><T57/><D71/><U113/><E113/><V65/><F107/><W116/><G116/><T89/><D109/><U79/><E93/><V131/><F131/><N who="1" m="50249" /><E79/><V35/><F35/><W11/><G11/><T54/><D76/><U104/><E104/><V33/><F33/><W92/><G92/><T96/><D96/><U81/><E81/><N who="2" m="49519" /><F91/><W103/><G103/><T82/><D82/><U45/><E51/><V13/><F46/><W12/><AGARI ba="0,0" hai="12,17,22,50,53,58,60,61" m="51242,42539" machi="12" ten="30,2000,0" yaku="14,1,20,1" doraHai="63" who="3" fromWho="3" sc="409,-5,139,-5,149,-10,303,20" /><INIT seed="3,0,0,2,3,30" ten="404,134,139,323" oya="3" hai0="46,128,91,113,73,119,97,37,5,61,122,92,1" hai1="84,63,101,11,31,78,75,102,124,39,66,12,95" hai2="26,22,114,36,120,69,65,53,24,14,100,88,17" hai3="104,115,121,56,129,54,6,96,16,76,9,29,62"/><W60/><G115/><T93/><D119/><U85/><E124/><V40/><F114/><W132/><G121/><T7/><D122/><U34/><E39/><V10/><F120/><W107/><G129/><T68/><D73/><U135/><E75/><V48/><F100/><W18/><G132/><T27/><D1/><U55/><E55/><V51/><F36/><W77/><G29/><T117/><D117/><U131/><E135/><V15/><F65/><W19/><G62/><T134/><D134/><U49/><E49/><V90/><F69/><W112/><G112/><T108/><D108/><U64/><E64/><V23/><F40/><W3/><REACH who="3" step="1"/><G96/><REACH who="3" ten="404,134,139,313" step="2"/><T89/><D61/><U45/><E63/><V71/><F71/><W98/><G98/><T109/><D128/><U35/><E31/><V106/><F106/><AGARI ba="0,1" hai="3,6,9,16,18,19,54,56,60,76,77,104,106,107" machi="106" ten="40,7700,0" yaku="1,1,54,1,53,1" doraHai="30" doraHaiUra="0" who="3" fromWho="2" sc="404,0,134,0,139,-77,313,87" /><INIT seed="3,1,0,3,0,73" ten="404,134,62,400" oya="3" hai0="116,82,49,77,55,16,36,85,33,113,37,24,102" hai1="13,122,128,64,25,31,19,92,106,45,4,78,2" hai2="11,26,112,72,118,89,86,17,28,62,133,42,9" hai3="115,27,96,51,3,35,38,60,71,41,123,63,21"/><W1/><G115/><T132/><D116/><U32/><E106/><V129/><F118/><W70/><G123/><T56/><D132/><U53/><E128/><V10/><F129/><W121/><G121/><T74/><D113/><U94/><E64/><V39/><F133/><W29/><G21/><T111/><D111/><U52/><E122/><V40/><F112/><W87/><G87/><T93/><D16/><U95/><E45/><V103/><F72/><W76/><G51/><T84/><D84/><U91/><E91/><V44/><F40/><W98/><G41/><T79/><D102/><U100/><E100/><V68/><F103/><W43/><G43/><T101/><D101/><U46/><E46/><V105/><F105/><W58/><G38/><T50/><D50/><U18/><E18/><V7/><F17/><W8/><G76/><T126/><D126/><U59/><E59/><V66/><F26/><W14/><G98/><T117/><D117/><U119/><E78/><V5/><REACH who="2" step="1"/><F28/><REACH who="2" ten="404,134,52,400" step="2"/><W22/><G27/><T97/><D24/><U135/><E135/><V34/><F34/><W81/><G35/><T110/><D33/><U80/><E119/><V131/><F131/><W83/><G29/><T65/><D74/><U54/><E32/><V69/><F69/><W0/><G71/><T15/><D110/><U20/><E31/><V12/><F12/><W23/><G70/><T130/><D15/><U114/><E114/><V134/><F134/><W47/><G14/><T99/><D130/><U67/><E25/><V109/><F109/><W30/><G30/><T6/><D6/><RYUUKYOKU ba="1,1" sc="404,-10,134,-10,52,30,400,-10" hai2="5,7,9,10,11,39,42,44,62,66,68,86,89" /><INIT seed="4,2,1,2,4,129" ten="394,124,82,390" oya="0" hai0="59,55,23,80,57,134,67,3,7,47,91,72,85" hai1="125,17,36,93,38,112,37,68,11,110,109,76,34" hai2="78,69,10,107,22,103,88,28,62,26,83,12,113" hai3="100,9,98,118,95,86,25,96,63,73,127,42,102"/><T49/><D134/><U41/><E34/><V13/><F113/><W20/><G73/><T58/><D72/><U94/><E41/><V120/><F120/><W82/><G127/><T4/><D3/><U121/><E121/><V64/><F103/><W108/><G108/><T24/><REACH who="0" step="1"/><D67/><REACH who="0" ten="384,124,82,390" step="2"/><U39/><E110/><V87/><F107/><W44/><G118/><T8/><D8/><U116/><E11/><V52/><F10/><W56/><G9/><T60/><D60/><U81/><E109/><V40/><F40/><W117/><G117/><T61/><D61/><U71/><E116/><V33/><F33/><W132/><G132/><T84/><D84/><U30/><E125/><V111/><F111/><W27/><G63/><T105/><D105/><U14/><E112/><V65/><F65/><W74/><G74/><T45/><D45/><U0/><E0/><V104/><F104/><W131/><G44/><T46/><D46/><U5/><E5/><V21/><F52/><W32/><G32/><T123/><D123/><U128/><E36/><V6/><F6/><W90/><G86/><T18/><AGARI ba="2,2" hai="4,7,18,23,24,47,49,55,57,58,59,80,85,91" machi="18" ten="30,6000,0" yaku="1,1,0,1,8,1,53,0" doraHai="129" doraHaiUra="29" who="0" fromWho="0" sc="384,86,124,-22,82,-22,390,-22" /><INIT seed="4,3,0,1,4,44" ten="470,102,60,368" oya="0" hai0="23,41,95,93,120,61,68,26,110,134,97,126,50" hai1="29,81,52,6,47,56,7,59,40,17,111,9,114" hai2="127,1,119,76,5,39,4,79,91,115,108,84,12" hai3="101,15,112,121,116,20,57,22,77,69,72,10,85"/><T48/><D120/><U34/><E111/><V21/><F108/><W99/><G69/><T62/><D110/><U100/><E100/><V70/><F70/><W107/><G116/><T25/><D126/><U88/><E34/><V122/><F122/><W117/><G117/><T90/><D134/><U24/><E29/><V27/><F119/><W38/><G38/><T53/><D68/><U49/><E114/><V82/><F115/><W46/><G121/><T132/><D132/><U83/><E83/><V35/><F39/><W102/><G46/><N who="0" m="25679" /><D95/><U45/><E45/><V78/><F127/><W51/><G72/><T86/><D97/><U92/><E81/><V43/><F35/><W89/><G112/><T124/><D124/><U37/><E59/><V130/><F43/><W3/><G3/><T87/><D87/><U123/><E123/><V118/><F130/><W135/><G135/><T106/><D106/><U103/><E103/><V63/><F1/><W16/><G102/><T54/><D54/><U58/><E58/><V14/><F63/><N who="0" m="24074" /><D23/><U75/><E75/><V18/><REACH who="2" step="1"/><F118/><REACH who="2" ten="470,102,50,368" step="2"/><W98/><G107/><T128/><D128/><U11/><E37/><V104/><F104/><W71/><G71/><T73/><D73/><U19/><E40/><V42/><F42/><W74/><G74/><T109/><D109/><U8/><E6/><AGARI ba="3,1" hai="4,5,6,12,14,18,21,27,76,78,79,82,84,91" machi="6" ten="40,2600,0" yaku="1,1,8,1,53,0" doraHai="44" doraHaiUra="66" who="2" fromWho="1" sc="470,0,102,-35,50,45,368,0" /><INIT seed="5,0,0,5,1,46" ten="470,67,95,368" oya="1" hai0="70,99,40,119,127,130,32,84,86,56,45,22,95" hai1="62,93,16,124,63,42,98,94,85,118,87,79,51" hai2="3,33,23,1,66,89,111,76,116,58,2,90,80" hai3="21,77,44,131,82,67,125,123,81,28,75,11,61"/><U35/><E124/><V50/><F111/><W30/><G123/><T10/><D32/><U14/><E35/><V24/><F33/><W113/><G125/><T72/><D72/><U29/><E29/><V0/><F116/><W100/><G113/><T117/><D70/><U126/><E118/><V109/><F109/><W12/><G131/><T92/><D56/><U108/><E126/><V83/><N who="2" m="0" /><DORA hai="54" /><V18/><F80/><W73/><G100/><T64/><D64/><U59/><E108/><V65/><F65/><W110/><G44/><T91/><D10/><N who="1" m="6231" /><E42/><V133/><F133/><W134/><G21/><T71/><D71/><U107/><E107/><V9/><F9/><W34/><G134/><T122/><D40/><U13/><E13/><V120/><F120/><W27/><G30/><T74/><D74/><U19/><E19/><V20/><F20/><W68/><G110/><T52/><D122/><U132/><E132/><V55/><REACH who="2" step="1"/><F66/><REACH who="2" ten="470,67,85,368" step="2"/><W69/><G69/><T103/><D127/><U25/><E25/><V135/><F135/><W115/><G27/><T106/><D119/><U7/><E7/><V121/><F121/><W105/><G34/><T36/><D117/><U26/><E26/><V39/><F39/><W128/><G68/><T47/><D36/><U102/><E93/><V49/><F49/><W60/><G11/><T104/><D95/><U101/><E101/><V41/><F41/><W37/><G37/><T57/><D103/><U38/><E38/><V8/><F8/><W6/><G67/><T112/><D92/><U88/><E102/><V5/><F5/><RYUUKYOKU ba="0,1" sc="470,-10,67,-10,85,30,368,-10" hai2="18,23,24,50,55,58,76,83,89,90" /><INIT seed="6,1,1,0,4,89" ten="460,57,115,358" oya="2" hai0="126,125,40,43,37,58,64,78,120,90,124,3,72" hai1="135,50,38,4,1,53,96,129,67,21,10,115,95" hai2="48,63,69,57,29,118,56,30,70,15,101,28,112" hai3="18,73,9,134,71,127,86,54,111,34,47,76,110"/><V130/><F118/><W113/><G34/><T46/><D120/><U44/><E129/><V26/><F130/><W102/><G71/><T13/><D3/><U20/><E135/><V31/><F112/><W8/><G54/><T12/><D43/><U92/><E115/><V14/><F101/><W11/><G47/><T99/><D78/><U100/><E38/><V119/><F119/><W33/><G18/><T97/><D72/><U94/><REACH who="1" step="1"/><E67/><REACH who="1" ten="460,47,115,358" step="2"/><V116/><F116/><W128/><G134/><T109/><D64/><U117/><E117/><V25/><F70/><W98/><G113/><T106/><D37/><U49/><E49/><V133/><F69/><W52/><G128/><T82/><D125/><U75/><E75/><V45/><F133/><W107/><G127/><T114/><D114/><U60/><E60/><V87/><F63/><W122/><G73/><T132/><D132/><U61/><E61/><V27/><F87/><W84/><G84/><T108/><D126/><U105/><AGARI ba="1,2" hai="1,4,10,20,21,44,50,53,92,94,95,96,100,105" machi="105" ten="30,8000,1" yaku="1,1,0,1,52,3,53,0" doraHai="89" doraHaiUra="36" who="1" fromWho="1" sc="460,-21,47,103,115,-41,358,-21" /><INIT seed="7,0,0,0,5,66" ten="439,150,74,337" oya="3" hai0="100,41,15,29,134,101,12,55,114,24,4,126,133" hai1="65,106,30,53,47,10,46,60,92,36,81,78,115" hai2="129,131,85,116,14,86,52,91,11,98,26,28,68" hai3="104,128,45,69,67,50,49,25,83,1,38,27,82"/><W23/><G104/><T130/><D114/><U0/><E106/><V21/><F116/><W79/><G1/><T16/><D126/><U108/><E108/><V34/><F34/><W3/><G3/><T118/><D118/><U59/><E30/><V112/><F112/><W8/><G8/><N who="0" m="4103" /><D41/><U121/><E121/><V80/><F98/><W62/><G128/><T123/><D123/><U17/><E36/><V63/><F86/><W57/><G69/><T51/><D130/><U96/><E115/><V109/><F109/><W97/><G97/><T58/><D29/><U54/><E54/><V22/><F22/><W93/><G93/><T124/><D24/><N who="3" m="9289" /><G38/><T73/><D73/><U42/><E65/><V9/><F9/><W111/><G111/><T20/><D124/><U94/><E94/><V84/><F84/><N who="3" m="48223" /><G83/><T119/><D119/><U7/><E42/><V40/><F40/><N who="3" m="24743" /><G50/><T64/><D64/><U75/><E17/><V76/><F76/><W43/><G43/><T120/><D120/><U99/><E99/><V37/><F37/><W6/><G6/><T32/><D32/><U39/><E39/><V117/><F117/><W88/><G23/><T74/><D74/><U122/><E122/><V107/><F107/><W5/><G5/><T87/><D87/><U48/><E60/><V71/><F131/><W102/><G102/><AGARI ba="0,0" hai="0,7,10,46,47,48,53,59,75,78,81,92,96,102" machi="102" ten="30,1000,0" yaku="7,1" doraHai="66" who="1" fromWho="3" sc="439,0,150,10,74,0,337,-10" owari="439,54.0,160,-24.0,74,-43.0,327,13.0" /></mjloggm>