<mjloggm ver="2.3"><GO type="169" lobby="0"/><UN n0="%E3%83%95%E3%82%AF%E3%83%80%E3%83%B3%E3%83%81%E3%83%A7" n1="%E3%81%9F%E3%81%84%E3%81%9B" n2="%E5%9B%BD%E7%8E%8B" n3="%64%75%72%72%72%72%72" dan="16,17,17,19" rate="2204.60,2194.96,2146.13,2260.48" sx="M,F,M,M"/><TAIKYOKU oya="0"/><INIT seed="0,0,0,2,2,95" ten="250,250,250,250" oya="0" hai0="135,40,87,46,20,13,10,41,48,8,76,131,11" hai1="77,88,98,57,60,18,33,70,112,125,55,108,59" hai2="66,12,134,117,119,71,80,84,65,23,62,49,5" hai3="51,30,123,19,75,100,128,28,96,120,101,43,44"/><T68/><D68/><U61/><E70/><V4/><F134/><W114/><G75/><T56/><D131/><U45/><E33/><V52/><F66/><W93/><G114/><T22/><D135/><U0/><E0/><V54/><F54/><W106/><G128/><T50/><D13/><U121/><E121/><N who="3" m="46666" /><G19/><T69/><D69/><U127/><E112/><V109/><F23/><N who="0" m="8746" /><D56/><U32/><E32/><V115/><F109/><W9/><G9/><T126/><D126/><N who="1" m="48139" /><E77/><V116/><F12/><W26/><G26/><T86/><D76/><U35/><E35/><V34/><F34/><W29/><G106/><T81/><D81/><U53/><E108/><V74/><F74/><W89/><AGARI ba="0,0" hai="28,29,30,43,44,51,89,93,96,100,101" m="46666" machi="89" ten="30,2000,0" yaku="13,1,52,1" doraHai="95" who="3" fromWho="3" sc="250,-10,250,-5,250,-5,250,20" /><INIT seed="1,0,0,1,2,9" ten="240,245,245,270" oya="1" hai0="61,52,37,115,108,135,94,103,35,34,110,78,31" hai1="16,129,130,59,30,47,112,13,117,113,71,84,0" hai2="118,55,80,133,46,41,33,97,77,62,2,6,7" hai3="122,3,23,44,89,19,49,51,120,121,109,101,105"/><U98/><E71/><V124/><F33/><W95/><G3/><T85/><D37/><U128/><E117/><V60/><F118/><W25/><G109/><N who="0" m="42091" /><D115/><N who="1" m="44107" /><E84/><V96/><F133/><W64/><G64/><T57/><D31/><U38/><E59/><V114/><F124/><W88/><G105/><T56/><D135/><U87/><E87/><V81/><F114/><W123/><N who="3" m="30720" /><DORA hai="28" /><W5/><G5/><T83/><D56/><U45/><E38/><V70/><F70/><W48/><REACH who="3" step="1"/><G44/><REACH who="3" ten="240,245,245,260" step="2"/><T26/><D26/><U75/><E0/><V58/><F2/><W73/><G73/><T27/><D27/><U134/><E75/><V39/><F46/><W68/><G68/><T65/><D65/><U15/><E134/><V91/><F7/><W29/><G29/><T116/><D116/><U131/><E30/><V42/><F6/><W86/><G86/><T107/><D107/><U11/><E128/><V127/><F58/><W92/><G92/><T102/><D94/><U69/><E69/><V79/><F127/><W99/><AGARI ba="0,1" hai="19,23,25,48,49,51,88,89,95,99,101" m="30720" machi="99" ten="60,7900,0" yaku="1,1,0,1,54,1,53,0" doraHai="9,28" doraHaiUra="54,53" who="3" fromWho="3" sc="240,-20,245,-39,245,-20,260,89" /><INIT seed="2,0,0,5,3,70" ten="220,206,225,349" oya="2" hai0="123,25,94,106,99,27,21,18,82,116,14,101,73" hai1="74,95,120,22,24,2,41,100,97,37,35,61,4" hai2="1,39,86,133,135,49,79,132,64,111,69,53,83" hai3="54,98,84,80,78,85,47,119,38,130,52,10,46"/><V128/><F1/><W103/><G119/><T30/><D116/><U9/><E120/><V45/><F128/><W65/><G130/><T126/><D126/><U105/><E35/><V55/><F111/><W129/><G129/><T66/><D123/><U17/><E74/><V15/><F15/><W90/><G65/><T5/><D5/><U113/><E113/><V110/><F110/><W33/><G33/><T93/><D27/><U108/><E108/><V75/><F55/><W42/><G46/><T31/><D31/><U51/><E61/><N who="2" m="40079" /><F75/><W59/><G10/><T0/><D0/><U58/><E105/><V124/><F124/><W16/><G16/><T32/><D73/><U44/><REACH who="1" step="1"/><E58/><REACH who="1" ten="220,196,225,349" step="2"/><V26/><F26/><W134/><G59/><T67/><D106/><U107/><E107/><V72/><F72/><W102/><G134/><T36/><D32/><U127/><E127/><V20/><F20/><W43/><G103/><T121/><D101/><U92/><E92/><V48/><F53/><W122/><G122/><T131/><D93/><U71/><E71/><V117/><F117/><W89/><G102/><T125/><D125/><U12/><E12/><V23/><F23/><W91/><G54/><T104/><D21/><U115/><E115/><V40/><AGARI ba="0,1" hai="39,40,45,48,49,79,83,86,132,133,135" m="40079" machi="40" ten="40,3900,0" yaku="20,1,52,1" doraHai="70" who="2" fromWho="2" sc="220,-13,196,-13,225,49,349,-13" /><INIT seed="2,1,0,4,1,110" ten="207,183,274,336" oya="2" hai0="102,72,112,22,20,64,3,98,103,68,4,63,69" hai1="113,118,12,67,29,11,44,73,0,116,96,16,27" hai2="47,46,5,34,109,111,131,121,130,135,126,124,33" hai3="88,129,59,15,123,125,75,26,55,132,78,95,104"/><V105/><F105/><W17/><G123/><T77/><D102/><U134/><E73/><V87/><F87/><W36/><G36/><T101/><D101/><U56/><E44/><N who="2" m="16939" /><F5/><W28/><G104/><T2/><D112/><U119/><E56/><V89/><F89/><W100/><G100/><T99/><D99/><U58/><E58/><V70/><F70/><W57/><G132/><T85/><D72/><U60/><E60/><V52/><F52/><W107/><G107/><T54/><D54/><U49/><E49/><V21/><F21/><W41/><G41/><T35/><D35/><N who="2" m="13322" /><F135/><W13/><G55/><T76/><D69/><U82/><E82/><V7/><F7/><W93/><G88/><T66/><D85/><U120/><E96/><V79/><F79/><W32/><G32/><T61/><D4/><U6/><E134/><V106/><F106/><W24/><G78/><T80/><D103/><U62/><E62/><V97/><F97/><W71/><G75/><T40/><D98/><U1/><E67/><V25/><F25/><W122/><G71/><T74/><D68/><U8/><E120/><V115/><F121/><W42/><G122/><T65/><D65/><U114/><E1/><V133/><F115/><N who="1" m="44041" /><E116/><V10/><F10/><W48/><G57/><T86/><D74/><U30/><E29/><V127/><F133/><W45/><G28/><T14/><D80/><U18/><E30/><V108/><AGARI ba="1,0" hai="108,109,111,124,126,127,130,131" m="13322,16939" machi="108" ten="50,12000,1" yaku="28,2,14,1,10,1,18,1" doraHai="110" who="2" fromWho="2" sc="207,-41,183,-41,274,123,336,-41" /><INIT seed="2,2,0,5,4,102" ten="166,142,397,295" oya="2" hai0="52,1,4,57,124,56,15,78,86,95,71,89,39" hai1="131,58,109,13,43,121,69,59,29,91,40,42,72" hai2="74,28,2,55,98,80,20,73,99,87,49,115,11" hai3="108,105,110,120,106,5,126,60,48,33,97,67,21"/><V46/><F115/><W26/><G120/><T27/><D39/><U30/><E69/><V92/><F2/><W9/><G48/><T18/><D71/><U35/><E72/><V119/><F119/><W54/><G54/><T23/><D124/><U127/><E127/><V84/><F84/><W70/><G126/><T65/><D1/><U88/><E13/><V135/><F135/><W19/><G33/><T17/><D4/><U107/><E35/><V85/><F85/><W62/><G62/><T38/><D38/><U96/><E121/><V76/><F11/><W83/><G83/><T116/><D116/><U24/><E24/><V22/><F99/><W101/><REACH who="3" step="1"/><G106/><REACH who="3" ten="166,142,397,285" step="2"/><T68/><D65/><U129/><E107/><V0/><F55/><W132/><G132/><T7/><D52/><U128/><E109/><V94/><F49/><W104/><G104/><T6/><D68/><U47/><E47/><V117/><F117/><W81/><G81/><T44/><D44/><U37/><E37/><V130/><F46/><W93/><G93/><T14/><D78/><U75/><E75/><V53/><F94/><W8/><G8/><N who="0" m="6343" /><D57/><N who="1" m="21515" /><E96/><V118/><F73/><W123/><G123/><T10/><D56/><U133/><E133/><V111/><F74/><W41/><G41/><T103/><D6/><U3/><E3/><AGARI ba="2,1" hai="3,5,9,19,21,26,60,67,70,97,101,105,108,110" machi="3" ten="40,8000,1" yaku="1,1,52,1,53,2" doraHai="102" doraHaiUra="122" who="3" fromWho="1" sc="166,0,142,-86,397,0,285,96" /><INIT seed="3,0,0,0,1,14" ten="166,56,397,381" oya="3" hai0="111,56,17,34,120,38,37,116,45,83,32,26,5" hai1="71,30,53,114,73,60,65,6,77,105,76,128,57" hai2="31,81,134,112,135,104,79,119,80,127,67,23,62" hai3="20,8,35,58,98,2,22,63,93,19,11,101,96"/><W95/><G35/><T84/><D111/><U70/><E114/><V85/><F112/><W124/><G124/><T107/><D107/><U89/><E128/><V41/><F104/><W61/><G2/><T68/><D68/><U115/><E115/><V87/><F41/><W88/><G22/><T118/><D120/><U13/><E105/><V49/><F49/><W92/><G92/><T99/><D99/><U42/><E30/><V28/><F119/><W39/><G39/><T40/><D37/><U110/><E110/><V50/><F50/><W103/><G103/><T131/><D131/><U75/><E89/><V16/><F127/><W97/><G97/><T55/><D5/><U15/><E42/><V132/><F85/><W12/><G63/><T29/><D34/><U43/><E43/><V125/><F81/><W36/><G36/><T122/><D17/><U78/><E6/><V46/><F46/><W18/><G18/><T33/><D33/><U69/><REACH who="1" step="1"/><E65/><AGARI ba="0,0" hai="8,11,12,19,20,58,61,65,88,93,95,96,98,101" machi="65" ten="30,11600,0" yaku="7,1,8,1,52,1,54,1" doraHai="14" who="3" fromWho="1" sc="166,0,56,-116,397,0,381,116" owari="166,-23.0,-60,-56.0,397,20.0,497,59.0" /></mjloggm>