<mjloggm ver="2.3"><GO type="185" lobby="0"/><UN n0="%E3%81%8A%E7%9F%A5%E3%82%89%E3%81%9B" n1="%63%73%74%31%34%38" n2="%74%2E%6F%2E%6F%2E%73" n3="" dan="18,17,18,0" rate="2355.32,2236.73,2335.18,1500.00" sx="M,M,M,C"/><TAIKYOKU oya="0"/><INIT seed="0,0,0,5,4,105" ten="350,350,350,0" oya="0" hai0="57,116,54,2,131,124,43,39,107,68,77,109,81" hai1="87,110,111,121,102,3,108,96,118,98,48,61,50" hai2="129,0,35,65,80,104,59,117,126,62,85,88,45" hai3=""/><T42/><D2/><U58/><N who="1" m="31008" /><U73/><E3/><V83/><F0/><T79/><D116/><U70/><E70/><V112/><F112/><T51/><D124/><U40/><E118/><V127/><F117/><T34/><D34/><U37/><E73/><V55/><F35/><T99/><D131/><U63/><E87/><V32/><F32/><T75/><D68/><U36/><E40/><V41/><F104/><T74/><D39/><N who="1" m="14923" /><E102/><V132/><F132/><T93/><D107/><U95/><E95/><V128/><F80/><T84/><D109/><U113/><E113/><V114/><F114/><T90/><D84/><U33/><E33/><V49/><REACH who="2" step="1"/><F41/><REACH who="2" ten="350,350,340,0" step="2"/><T67/><D67/><U56/><E98/><V69/><F69/><T135/><D135/><U125/><E96/><V86/><F86/><T92/><D92/><U101/><E125/><AGARI ba="0,1" hai="45,49,55,59,62,65,83,85,88,125,126,127,128,129" machi="125" ten="40,8000,1" yaku="1,1,18,1,54,1,53,1" doraHai="105" doraHaiUra="46" who="2" fromWho="1" sc="350,0,350,-80,340,90,0,0" /><INIT seed="1,0,0,2,2,63" ten="350,270,430,0" oya="1" hai0="76,71,50,77,98,122,59,114,117,56,80,86,61" hai1="38,90,74,96,0,100,111,37,87,130,127,39,36" hai2="88,101,65,92,2,91,57,121,82,42,118,119,102" hai3=""/><U53/><E0/><V123/><N who="2" m="31008" /><V33/><N who="2" m="31520" /><V52/><F2/><T43/><N who="0" m="31264" /><T64/><D114/><U70/><E127/><V67/><F33/><T3/><D3/><U78/><E130/><V75/><F42/><T44/><D117/><U54/><E111/><V120/><N who="2" m="30752" /><V124/><F124/><T55/><D98/><U69/><E78/><V116/><F101/><T47/><REACH who="0" step="1"/><D77/><REACH who="0" ten="340,270,430,0" step="2"/><U84/><E96/><V62/><F102/><T60/><D60/><U109/><E100/><V72/><F91/><T81/><D81/><U49/><E90/><V126/><F126/><T34/><D34/><U66/><E74/><V129/><F129/><T79/><D79/><U105/><E87/><V51/><F82/><T89/><D89/><U103/><E84/><V48/><F72/><T110/><D110/><U104/><E103/><V1/><F75/><T133/><D133/><U108/><E108/><V107/><F1/><T73/><D73/><U132/><E132/><V112/><F112/><T94/><D94/><U93/><E93/><V128/><F128/><T40/><D40/><U58/><E109/><V134/><F134/><T97/><D97/><U99/><N who="1" m="9216" /><DORA hai="113" /><U115/><E115/><V131/><F131/><RYUUKYOKU ba="0,1" sc="340,20,270,-10,430,-10,0,0" hai0="43,44,47,50,55,56,59,61,64,71,76,80,86" /><INIT seed="2,1,1,3,0,32" ten="360,260,420,0" oya="2" hai0="103,37,83,102,56,36,69,43,62,108,33,125,72" hai1="51,117,114,57,85,55,35,91,96,0,42,64,63" hai2="135,50,93,100,59,68,67,101,122,90,105,104,115" hai3=""/><V39/><N who="2" m="31264" /><V99/><F115/><T79/><D33/><U127/><E114/><V38/><F68/><T134/><D108/><U84/><E35/><V133/><F67/><T48/><D134/><U98/><E127/><V89/><F59/><T74/><D74/><U121/><N who="1" m="31008" /><U45/><E117/><V131/><F50/><T109/><D109/><U86/><E0/><V73/><F73/><T130/><D130/><U70/><REACH who="1" step="1"/><E91/><REACH who="1" ten="360,250,420,0" step="2"/><V54/><F89/><T107/><D125/><U34/><E34/><V49/><F90/><T111/><D111/><U71/><E71/><V106/><F133/><T1/><D1/><U92/><E92/><V76/><F135/><T129/><D69/><U47/><E47/><V88/><F88/><T53/><D129/><U132/><E132/><V119/><F119/><T80/><D103/><U52/><E52/><V40/><F131/><T116/><D102/><U97/><E97/><V2/><F2/><T87/><D116/><U65/><E65/><V82/><F101/><T46/><D107/><U60/><AGARI ba="1,2" hai="42,45,51,55,57,60,63,64,70,84,85,86,96,98" m="31008" machi="60" ten="30,3000,0" yaku="1,1,0,1,52,1,53,0" doraHai="32" doraHaiUra="3" who="1" fromWho="1" sc="360,-11,250,52,420,-21,0,0" /><INIT seed="4,0,0,1,5,42" ten="349,302,399,0" oya="0" hai0="92,33,56,1,73,126,60,69,34,133,53,132,61" hai1="52,100,32,39,127,121,89,43,58,78,88,128,118" hai2="36,49,63,85,93,75,103,2,120,115,37,106,81" hai3=""/><T40/><D1/><U130/><N who="1" m="31008" /><U102/><E32/><V3/><N who="2" m="30752" /><V87/><F115/><T66/><D73/><U65/><E118/><V91/><F63/><T90/><D126/><U57/><E127/><V134/><F134/><N who="0" m="51818" /><D40/><U117/><E78/><V51/><F36/><T48/><D61/><U113/><E117/><V76/><F37/><T67/><D67/><U104/><E39/><V41/><F85/><AGARI ba="0,0" hai="33,34,48,53,56,60,66,69,85,90,92" m="51818" machi="85" ten="30,1500,0" yaku="20,1" doraHai="42" who="0" fromWho="2" sc="349,15,302,0,399,-15,0,0" /><INIT seed="4,1,0,0,2,124" ten="364,302,384,0" oya="0" hai0="48,43,108,114,104,81,60,71,67,36,35,116,95" hai1="123,42,73,40,120,3,46,65,97,110,96,122,111" hai2="52,76,94,83,89,102,101,58,100,130,121,63,77" hai3=""/><T0/><D116/><U82/><N who="1" m="30752" /><U64/><N who="1" m="31264" /><U74/><N who="1" m="31520" /><U61/><E3/><V92/><N who="2" m="31008" /><V34/><F34/><T135/><D104/><U103/><E82/><V75/><F130/><T37/><D114/><U127/><E127/><V62/><F77/><T57/><D135/><U53/><E53/><V133/><F133/><T132/><D132/><U131/><E131/><V90/><F92/><T79/><D0/><U84/><E84/><V33/><F33/><T106/><D106/><U78/><E78/><V32/><F32/><T86/><D35/><U68/><E103/><V87/><REACH who="2" step="1"/><F90/><REACH who="2" ten="364,302,374,0" step="2"/><T2/><D2/><U93/><E93/><V115/><F115/><T117/><D95/><U47/><REACH who="1" step="1"/><E61/><AGARI ba="1,1" hai="52,58,61,62,63,75,76,83,87,89,94,100,101,102" m="31008" machi="61" ten="40,5200,0" yaku="1,1,52,1,54,1,53,0" doraHai="124" doraHaiUra="129" who="2" fromWho="1" sc="364,0,302,-54,374,64,0,0" /><INIT seed="5,0,0,3,5,47" ten="364,248,438,0" oya="1" hai0="36,39,40,72,74,93,104,41,114,135,79,87,49" hai1="37,116,82,32,69,60,96,134,95,97,1,3,122" hai2="51,111,113,98,94,123,38,112,92,56,54,52,105" hai3=""/><U125/><N who="1" m="31264" /><U45/><E32/><V132/><N who="2" m="31520" /><V34/><F111/><T130/><D104/><U90/><E116/><V71/><F34/><T85/><D114/><N who="2" m="44138" /><F38/><T127/><D127/><U35/><E35/><V108/><F71/><T91/><D130/><U83/><E125/><V124/><F108/><T120/><N who="0" m="30752" /><T107/><D107/><U68/><E37/><V102/><F124/><T103/><D103/><U42/><E42/><V73/><F73/><T89/><D79/><U78/><E45/><V48/><F132/><T106/><D106/><U126/><E134/><V50/><F54/><T131/><D131/><U65/><E126/><V128/><F128/><T80/><D135/><U76/><E68/><V81/><F81/><T100/><D100/><U109/><E109/><V53/><F53/><T117/><D117/><U133/><E133/><V129/><F129/><T75/><D40/><U0/><E83/><V64/><F64/><T58/><D41/><U77/><REACH who="1" step="1"/><E82/><REACH who="1" ten="364,238,438,0" step="2"/><V57/><F57/><T43/><D58/><U46/><E46/><V88/><F105/><T59/><D43/><U2/><N who="1" m="0" /><DORA hai="119" /><U44/><E44/><V66/><F66/><T99/><D74/><U101/><E101/><V63/><F102/><RYUUKYOKU ba="0,1" sc="364,-20,238,10,438,10,0,0" hai1="60,65,69,76,77,78,90,95,96,97" hai2="48,50,51,52,56,63,88,92,94,98" /><INIT seed="5,1,1,5,1,3" ten="344,248,448,0" oya="1" hai0="104,55,96,46,122,99,86,80,58,132,57,1,93" hai1="133,98,38,123,63,91,39,83,131,117,2,49,32" hai2="0,35,76,105,121,70,127,73,62,126,90,111,36" hai3=""/><U108/><N who="1" m="31520" /><U41/><E117/><V61/><N who="2" m="31008" /><V37/><F111/><T79/><N who="0" m="31264" /><T66/><D1/><U48/><E2/><V85/><F0/><T50/><D132/><U130/><E133/><V42/><F105/><T65/><D104/><U102/><E108/><V120/><N who="2" m="30752" /><V82/><F35/><T100/><D99/><U78/><E91/><V92/><F42/><T72/><D72/><U60/><E32/><V54/><F54/><T43/><REACH who="0" step="1"/><D58/><REACH who="0" ten="334,248,448,0" step="2"/><U44/><E98/><V53/><F73/><T89/><D89/><U47/><E102/><V103/><F103/><T119/><D119/><U34/><E34/><V69/><F90/><T109/><D109/><U116/><E116/><V81/><F76/><T94/><D94/><U77/><REACH who="1" step="1"/><E83/><REACH who="1" ten="334,238,448,0" step="2"/><V115/><F81/><T75/><D75/><U59/><E59/><V101/><F82/><T56/><D56/><U128/><E128/><V64/><F101/><T118/><D118/><U51/><E51/><AGARI ba="1,3" hai="43,46,50,51,55,57,65,66,79,80,86,93,96,100" m="31264" machi="51" ten="30,7700,0" yaku="1,1,7,1,8,1,52,1,53,0" doraHai="3" doraHaiUra="87" who="0" fromWho="1" sc="334,109,238,-79,448,0,0,0" /><INIT seed="6,0,0,4,4,62" ten="443,159,448,0" oya="2" hai0="35,79,0,73,125,63,53,88,91,114,48,44,51" hai1="74,103,57,120,134,65,60,109,99,124,49,69,97" hai2="41,95,112,110,121,94,81,1,3,108,67,90,122" hai3=""/><V83/><N who="2" m="31008" /><V54/><N who="2" m="31264" /><V105/><F112/><T52/><D0/><N who="2" m="74" /><F105/><T86/><D35/><U75/><N who="1" m="30752" /><U32/><E32/><V135/><F135/><T37/><D114/><U55/><E134/><V34/><F34/><T96/><D125/><U72/><E124/><V61/><F54/><T117/><D117/><U84/><E109/><N who="2" m="42091" /><F41/><T36/><D63/><U128/><E128/><V85/><F81/><T116/><D116/><U130/><E130/><V127/><F127/><T78/><D96/><U58/><E97/><V115/><F115/><T87/><D44/><U113/><E113/><V107/><F107/><T50/><D50/><U39/><E99/><V38/><F38/><T93/><D93/><U42/><E103/><V70/><AGARI ba="0,0" hai="61,67,70,83,85,90,94,95" m="42091,74,31264,31008" machi="70" ten="30,7800,0" yaku="10,1,52,3" doraHai="62" who="2" fromWho="2" sc="443,-39,159,-39,448,78,0,0" owari="404,0.0,120,-48.0,526,48.0,0,0.0" /></mjloggm>