<mjloggm ver="2.3"><GO type="185" lobby="0"/><UN n0="%E9%BE%8D%E5%B9%B3" n1="%E8%B5%A4%E3%81%AE%E3%83%A9%E3%82%B0%E3%83%8A%E3%83%AB" n2="%E9%BA%BB%E9%9B%80%E6%95%99%E5%AE%A4" n3="" dan="16,16,16,0" rate="2225.23,2175.71,2198.99,1500.00" sx="M,M,M,C"/><TAIKYOKU oya="0"/><INIT seed="0,0,0,4,4,87" ten="350,350,350,0" oya="0" hai0="33,68,112,47,133,44,101,102,82,85,42,129,123" hai1="126,121,55,106,128,95,35,46,76,58,32,114,96" hai2="131,49,119,39,56,113,37,125,60,110,107,109,80" hai3=""/><T53/><N who="0" m="31520" /><T120/><N who="0" m="30752" /><T111/><D33/><U92/><N who="1" m="31008" /><U81/><E128/><V78/><F107/><T1/><D1/><U40/><E126/><V105/><F105/><T71/><D112/><U50/><E106/><V132/><F113/><T124/><D124/><U116/><E116/><V54/><F125/><T52/><D129/><U97/><E97/><V135/><F131/><T2/><D2/><U90/><E95/><V88/><F119/><T72/><D72/><U94/><E94/><V79/><F79/><T84/><D42/><U70/><E70/><V61/><F78/><T75/><D75/><U127/><E127/><V98/><F39/><T41/><D41/><U34/><E114/><V122/><N who="2" m="31264" /><V59/><F37/><T48/><D111/><N who="2" m="42506" /><F80/><T0/><D0/><U66/><E66/><V45/><F98/><T89/><D133/><N who="2" m="51274" /><F88/><T77/><D102/><U83/><REACH who="1" step="1"/><E76/><REACH who="1" ten="350,340,350,0" step="2"/><V91/><F91/><T73/><D101/><U51/><AGARI ba="0,1" hai="32,34,35,40,46,50,51,55,58,81,83,90,92,96" m="31008" machi="51" ten="30,6000,1" yaku="1,1,2,1,0,1,52,2,53,0" doraHai="87" doraHaiUra="67" who="1" fromWho="1" sc="350,-40,340,70,350,-20,0,0" /><INIT seed="1,0,0,4,2,63" ten="310,410,330,0" oya="1" hai0="47,66,36,90,93,134,3,110,130,84,124,129,113" hai1="99,109,72,117,32,50,70,42,118,79,35,0,2" hai2="77,111,83,106,85,62,104,97,68,128,65,103,96" hai3=""/><U52/><E42/><V54/><F111/><T102/><D3/><U108/><E70/><V40/><F128/><T132/><D113/><U135/><E135/><N who="0" m="51753" /><D110/><N who="1" m="42603" /><E99/><V127/><F127/><T126/><D66/><U78/><E0/><V105/><F40/><T45/><D102/><U56/><E2/><V69/><F69/><T49/><D49/><U112/><E112/><V74/><F54/><T123/><N who="0" m="31520" /><T122/><N who="0" m="31264" /><T59/><D59/><U98/><E98/><V53/><F53/><T107/><D107/><U55/><E55/><V116/><F116/><N who="1" m="44649" /><E72/><V101/><F106/><T81/><D36/><U58/><E58/><V115/><F85/><T48/><D48/><U60/><E50/><V94/><F94/><T92/><D45/><U114/><E114/><AGARI ba="0,0" hai="62,65,68,74,77,83,96,97,101,103,104,105,114,115" machi="114" ten="40,8000,1" yaku="9,1,23,2,52,1" doraHai="63" who="2" fromWho="1" sc="310,0,410,-80,330,80,0,0" /><INIT seed="2,0,0,1,0,50" ten="310,330,410,0" oya="2" hai0="127,101,129,34,57,96,119,112,48,122,124,76,134" hai1="66,43,61,72,104,97,56,60,109,54,100,80,125" hai2="120,94,64,78,91,102,45,121,52,1,126,67,114" hai3=""/><V93/><N who="2" m="30752" /><V103/><N who="2" m="31008" /><V3/><F114/><T79/><N who="0" m="31264" /><T44/><D34/><U35/><E35/><V2/><F78/><T110/><D119/><U55/><E109/><V128/><F126/><T113/><D110/><U107/><E125/><N who="0" m="48201" /><D134/><U117/><E117/><V33/><F33/><T81/><D57/><U133/><E133/><V36/><F36/><T83/><D129/><U69/><E43/><V70/><F128/><T49/><D49/><U111/><E111/><V86/><F70/><T62/><D62/><U105/><E72/><V38/><F38/><T63/><D63/><U82/><REACH who="1" step="1"/><E55/><REACH who="1" ten="310,320,410,0" step="2"/><V132/><F132/><T116/><D116/><U108/><E108/><V39/><F39/><T92/><D112/><U73/><E73/><V123/><N who="2" m="31520" /><V37/><F37/><T0/><D113/><U98/><E98/><V115/><F115/><T75/><D0/><U40/><E40/><V42/><F42/><T71/><D71/><U74/><E74/><V89/><F2/><T85/><D48/><U58/><E58/><V84/><F45/><AGARI ba="0,1" hai="44,45,75,76,79,81,83,85,92,96,101" m="48201,31264" machi="45" ten="30,2000,0" yaku="18,1,52,1" doraHai="50" who="0" fromWho="2" sc="310,30,320,0,410,-20,0,0" /><INIT seed="4,0,0,5,3,88" ten="340,320,390,0" oya="0" hai0="111,48,92,108,118,36,110,114,126,78,66,89,50" hai1="107,109,91,46,61,117,65,41,33,80,79,39,104" hai2="71,47,38,129,45,94,60,130,115,2,124,105,82" hai3=""/><T123/><N who="0" m="31520" /><T119/><D36/><U131/><E33/><V53/><F105/><T63/><D114/><U49/><E109/><V133/><F2/><T120/><N who="0" m="30752" /><T97/><D78/><U99/><E117/><N who="0" m="44553" /><D126/><U34/><E34/><V77/><F124/><T3/><D3/><U132/><E132/><V0/><F133/><T127/><D127/><U69/><E131/><V74/><F0/><T64/><D64/><U86/><E39/><V58/><F115/><T83/><D83/><U37/><E37/><V52/><F38/><T102/><D102/><U135/><E135/><V57/><F71/><AGARI ba="0,0" hai="48,50,63,66,71,89,92,97,108,110,111" m="44553,30752,31520" machi="71" ten="40,12000,1" yaku="10,1,52,3" doraHai="88" who="0" fromWho="2" sc="340,120,320,0,390,-120,0,0" /><INIT seed="4,1,0,5,5,125" ten="460,320,270,0" oya="0" hai0="78,131,109,54,56,105,76,120,33,132,69,99,77" hai1="134,126,1,110,45,46,97,111,129,73,50,106,72" hai2="59,38,64,90,95,121,39,103,83,122,66,108,124" hai3=""/><T35/><N who="0" m="30752" /><T133/><D69/><U58/><E1/><V41/><N who="2" m="31008" /><V34/><N who="2" m="31264" /><V32/><F124/><T70/><D70/><U67/><E126/><V107/><F107/><T36/><D36/><U135/><E106/><V116/><F108/><T49/><D109/><U48/><E97/><V55/><F103/><T81/><D81/><U63/><E63/><V52/><F83/><T91/><D131/><U2/><E58/><V89/><F59/><T85/><D99/><U37/><E37/><V68/><F68/><T42/><D105/><U61/><E61/><V88/><F90/><T123/><N who="0" m="31520" /><T102/><D102/><U87/><E87/><V94/><F41/><T117/><D42/><U0/><REACH who="1" step="1"/><E67/><REACH who="1" ten="460,310,270,0" step="2"/><V92/><F94/><T113/><D85/><U112/><E112/><V86/><F86/><T118/><D113/><U71/><E71/><V75/><F116/><T114/><D114/><U115/><E115/><V3/><F75/><T119/><D33/><U96/><E96/><V53/><F55/><T93/><D35/><U84/><E84/><V79/><F79/><T51/><D118/><U40/><E40/><V128/><F3/><T47/><D117/><U57/><E57/><V127/><F127/><RYUUKYOKU ba="1,1" sc="460,-20,310,10,270,10,0,0" hai1="0,2,45,46,48,50,72,73,110,111,129,134,135" hai2="32,34,38,39,52,53,64,66,88,89,92,95,128" /><INIT seed="5,2,1,1,3,102" ten="440,320,280,0" oya="1" hai0="42,87,86,40,125,33,1,118,36,105,79,53,107" hai1="57,63,69,2,46,108,133,126,0,129,88,35,98" hai2="104,124,120,55,111,115,99,60,52,58,48,84,117" hai3=""/><U64/><E35/><V77/><N who="2" m="30752" /><V92/><F117/><T101/><D1/><U50/><E133/><V49/><F111/><T95/><D33/><U32/><E32/><V130/><F130/><T112/><D118/><U61/><E129/><V44/><F124/><T97/><D125/><U85/><E126/><V45/><F115/><T67/><D112/><U41/><E98/><V72/><F72/><T39/><D67/><U123/><N who="1" m="31520" /><U83/><REACH who="1" step="1"/><E108/><REACH who="1" ten="440,310,280,0" step="2"/><V38/><F38/><T96/><D39/><U94/><E94/><V37/><F37/><T90/><D36/><U73/><E73/><V119/><F119/><T59/><D97/><U62/><E62/><V76/><F84/><T91/><D86/><U113/><E113/><V3/><F3/><T131/><D131/><U34/><E34/><V122/><N who="2" m="31264" /><V71/><F71/><T81/><D96/><U43/><E43/><V132/><F132/><T127/><D42/><U103/><E103/><V70/><F70/><T93/><D40/><U106/><E106/><V56/><F104/><T78/><D127/><U89/><E89/><V65/><F99/><T109/><D109/><U80/><E80/><V82/><F92/><T54/><D105/><U116/><E116/><RYUUKYOKU ba="2,2" sc="440,-10,310,20,280,-10,0,0" hai1="0,2,41,46,50,57,61,63,64,69,83,85,88" /><INIT seed="5,3,2,2,5,80" ten="430,330,270,0" oya="1" hai0="55,130,109,89,58,121,36,107,54,82,68,118,53" hai1="76,123,61,90,131,60,87,50,110,78,92,46,127" hai2="45,111,39,135,0,97,108,57,129,32,70,96,104" hai3=""/><U83/><N who="1" m="31520" /><U86/><E131/><V85/><F70/><T75/><N who="0" m="31008" /><T73/><D107/><U67/><E127/><V113/><F32/><T64/><D36/><U124/><E124/><V117/><F0/><T100/><D100/><U134/><E134/><V94/><F117/><T3/><D3/><U63/><E110/><V114/><F135/><T125/><D125/><U35/><E35/><V66/><F129/><T112/><D68/><U126/><E126/><V71/><F71/><T77/><D130/><U122/><N who="1" m="31264" /><U72/><E72/><V65/><F104/><T52/><D64/><U2/><E2/><V40/><F111/><T103/><D118/><U133/><E133/><V115/><F108/><T59/><D103/><U44/><E44/><V95/><F85/><T33/><D33/><U120/><N who="1" m="30752" /><U34/><E34/><V69/><F69/><T88/><D109/><U47/><E47/><V1/><F1/><T38/><D75/><U42/><E76/><V49/><F39/><T99/><D38/><U105/><E105/><V48/><F97/><T93/><N who="0" m="13312" /><DORA hai="91" /><T98/><D112/><U84/><E84/><V106/><F49/><T132/><D132/><U56/><AGARI ba="3,2" hai="42,46,50,56,60,61,63,67,78,83,86,87,90,92" m="30752,31264,31520" machi="56" ten="20,16000,3" yaku="0,1,7,1,8,1,52,6" doraHai="80,91" who="1" fromWho="1" sc="430,-83,330,186,270,-83,0,0" /><INIT seed="5,4,0,1,2,55" ten="347,516,187,0" oya="1" hai0="33,49,95,76,85,113,121,42,50,83,100,68,71" hai1="52,53,90,65,32,132,126,86,66,108,114,97,133" hai2="102,127,54,93,64,116,61,104,75,122,130,82,43" hai3=""/><U91/><E32/><V107/><N who="2" m="31264" /><V77/><F116/><T36/><N who="0" m="31008" /><T84/><D113/><U134/><E114/><V34/><F34/><T62/><D33/><U88/><E126/><V96/><F127/><T51/><D62/><U47/><E108/><V69/><F130/><T110/><D110/><U67/><E97/><V89/><F43/><T124/><D124/><U106/><E106/><V87/><F54/><N who="1" m="21097" /><E47/><V39/><F39/><T123/><N who="0" m="31520" /><T45/><REACH who="0" step="1"/><D84/><AGARI ba="4,0" hai="65,66,67,84,86,88,90,91,132,133,134" m="21097" machi="84" ten="40,18000,2" yaku="29,2,28,2,20,1,54,2" doraHai="55" who="1" fromWho="0" sc="347,-188,516,188,187,0,0,0" /><INIT seed="5,5,0,1,4,2" ten="159,704,187,0" oya="1" hai0="70,32,103,69,108,109,132,129,119,88,82,33,118" hai1="80,120,84,58,77,105,122,99,47,90,101,114,34" hai2="86,78,43,45,76,87,38,81,98,92,125,102,131" hai3=""/><U112/><N who="1" m="30752" /><U37/><N who="1" m="31264" /><U36/><E58/><V85/><F125/><T123/><N who="0" m="31520" /><T54/><D103/><U62/><E62/><V111/><F111/><T57/><D129/><U59/><E59/><V40/><F131/><T48/><D132/><U72/><E34/><V91/><F40/><T106/><D106/><U66/><E66/><V61/><F61/><T134/><D134/><U93/><E47/><V44/><F44/><T133/><D133/><U107/><E107/><V128/><F128/><T130/><D130/><U56/><E56/><V0/><F0/><T52/><D57/><U35/><E35/><V67/><F67/><T121/><N who="0" m="31008" /><T68/><D48/><U83/><E83/><V1/><F1/><T73/><D73/><U115/><AGARI ba="5,0" hai="36,37,72,77,80,84,90,93,99,101,105,112,114,115" m="31264,30752" machi="115" ten="30,12000,2" yaku="0,1,24,2,15,1,52,2" doraHai="2" who="1" fromWho="1" sc="159,-65,704,130,187,-65,0,0" /><INIT seed="5,6,0,5,2,73" ten="94,834,122,0" oya="1" hai0="50,124,108,100,113,64,119,68,34,74,36,0,106" hai1="92,101,132,47,94,123,121,118,71,91,102,105,49" hai2="112,65,54,61,93,38,133,127,70,40,135,62,55" hai3=""/><U42/><N who="1" m="31008" /><U69/><N who="1" m="31520" /><U90/><E118/><V83/><F93/><T80/><D80/><U97/><E132/><N who="2" m="50763" /><F127/><T45/><D100/><U117/><E117/><V98/><F98/><T1/><D50/><U103/><REACH who="1" step="1"/><E105/><REACH who="1" ten="94,824,122,0" step="2"/><V87/><F112/><T52/><D119/><U84/><AGARI ba="6,1" hai="42,47,49,69,71,84,90,91,92,94,97,101,102,103" m="31520,31008" machi="84" ten="30,12000,2" yaku="1,1,2,1,0,1,52,2,53,1" doraHai="73" doraHaiUra="81" who="1" fromWho="1" sc="94,-66,824,142,122,-66,0,0" /><INIT seed="5,7,0,5,4,120" ten="28,966,56,0" oya="1" hai0="68,101,54,34,49,104,71,59,92,47,99,100,58" hai1="73,72,60,134,118,1,55,96,130,128,45,135,107" hai2="61,75,117,80,41,109,63,125,64,78,39,66,112" hai3=""/><U46/><E1/><V111/><F117/><T119/><D119/><U2/><E2/><V76/><F125/><T122/><N who="0" m="31264" /><T116/><D116/><U48/><E118/><V113/><F41/><T77/><D34/><U91/><E60/><V36/><F80/><T129/><D129/><N who="1" m="49771" /><E45/><V42/><F42/><T97/><D77/><U84/><E107/><V115/><F115/><T87/><D87/><U53/><E53/><V126/><F126/><T35/><D35/><U131/><N who="1" m="49779" /><U62/><DORA hai="88" /><E62/><V0/><F75/><N who="1" m="28745" /><E96/><V83/><F83/><AGARI ba="7,0" hai="46,48,55,83,84,91,134,135" m="28745,49779" machi="83" ten="50,2400,0" yaku="19,1" doraHai="120,88" who="1" fromWho="2" sc="28,0,966,38,56,-38,0,0" /><INIT seed="5,8,0,1,4,114" ten="28,1004,18,0" oya="1" hai0="81,65,76,128,37,127,102,98,54,42,0,60,119" hai1="84,132,90,2,61,104,107,103,89,115,83,126,32" hai2="47,33,63,110,106,50,44,123,78,57,49,129,75" hai3=""/><U51/><E2/><V108/><N who="2" m="31520" /><V43/><F106/><T41/><D0/><U73/><E32/><V95/><F95/><T85/><D128/><U68/><E115/><V133/><F33/><T46/><D127/><U39/><E39/><V36/><F78/><T1/><D1/><U87/><E73/><V52/><F75/><T111/><D111/><N who="2" m="42538" /><F129/><T124/><D124/><U69/><E126/><V59/><F133/><T93/><D119/><U113/><E132/><V131/><F131/><T67/><D42/><U121/><E113/><V118/><F118/><T97/><D97/><U45/><E107/><V77/><F77/><T48/><D60/><U88/><E104/><V117/><F117/><T40/><D40/><U55/><E121/><V80/><F80/><T101/><REACH who="0" step="1"/><D102/><REACH who="0" ten="18,1004,18,0" step="2"/><U120/><E103/><V58/><F63/><T134/><D134/><U100/><E61/><V53/><AGARI ba="8,1" hai="36,43,44,47,49,50,52,53,57,58,59" m="42538,31520" machi="53" ten="30,5900,0" yaku="34,2,52,1,54,1" doraHai="114" who="2" fromWho="2" sc="18,-28,1004,-47,18,85,0,0" owari="-10,-61.0,957,91.0,103,-30.0,0,0.0" /></mjloggm>