<mjloggm ver="2.3"><GO type="169" lobby="0"/><UN n0="%63%6C%75%74%63%68%37%33" n1="%E3%81%BF%E3%83%BC%E3%81%94%E3%81%BE" n2="%E6%AF%94%E5%98%89%E6%84%9B%E6%9C%AA" n3="%6D%75%66%66%69%6E" dan="17,17,16,17" rate="2194.24,2163.94,2165.75,2180.71" sx="M,M,F,F"/><TAIKYOKU oya="0"/><INIT seed="0,0,0,1,2,105" ten="250,250,250,250" oya="0" hai0="29,88,52,128,91,19,55,83,49,89,94,44,65" hai1="21,36,18,45,73,64,119,121,134,72,124,1,46" hai2="51,112,3,81,114,6,13,53,93,107,101,82,26" hai3="95,127,123,5,30,80,9,24,2,125,130,7,57"/><T96/><D128/><U38/><E121/><V129/><F107/><W135/><G130/><T87/><D29/><U100/><E119/><V59/><F3/><W50/><G123/><T66/><D55/><U116/><E116/><V54/><F129/><W90/><G135/><T20/><REACH who="0" step="1"/><D91/><REACH who="0" ten="240,250,250,250" step="2"/><U99/><E134/><V98/><F54/><W61/><G90/><T69/><D69/><U40/><E124/><V79/><F112/><W35/><G30/><T78/><D78/><U31/><E31/><V77/><F114/><W76/><G125/><T111/><D111/><U126/><E126/><V86/><F79/><W48/><G76/><T75/><D75/><U102/><E72/><V56/><F77/><W97/><G127/><T33/><D33/><U60/><E73/><V47/><F53/><W58/><G35/><T110/><D110/><U62/><E102/><V11/><F101/><W41/><G7/><T133/><D133/><U10/><E100/><V118/><F6/><W113/><G5/><T34/><D34/><U117/><E117/><V63/><F118/><W71/><G71/><T32/><D32/><U43/><E99/><V103/><F98/><W25/><G97/><T70/><D70/><U68/><E68/><V0/><F103/><W120/><G113/><T92/><D92/><U37/><E64/><V74/><F74/><W17/><G95/><T42/><D42/><U23/><E40/><V131/><F93/><W16/><G41/><T132/><D132/><U22/><E43/><V14/><F131/><W106/><G120/><T12/><AGARI ba="0,1" hai="12,19,20,44,49,52,65,66,83,87,88,89,94,96" machi="12" ten="20,18000,2" yaku="1,1,0,1,7,1,8,1,54,2,53,0" doraHai="105" doraHaiUra="104" who="0" fromWho="0" sc="240,190,250,-60,250,-60,250,-60" /><INIT seed="0,1,0,1,5,135" ten="430,190,190,190" oya="0" hai0="66,25,123,54,130,115,0,68,109,16,122,58,94" hai1="35,120,117,21,107,97,72,70,118,131,62,40,121" hai2="2,99,112,10,119,81,3,45,57,20,89,63,124" hai3="23,65,100,98,71,44,31,48,7,129,1,110,95"/><T78/><D115/><U32/><E40/><V83/><F112/><W5/><G110/><T53/><D0/><U74/><E21/><V90/><F119/><N who="1" m="45577" /><E62/><V60/><F20/><W11/><G129/><T19/><D130/><U67/><E67/><V46/><F99/><W92/><G71/><T50/><D109/><U106/><E97/><V47/><F10/><W52/><G65/><T33/><D66/><U91/><E91/><V134/><F46/><W80/><G80/><T15/><D68/><U128/><E70/><V18/><F18/><W101/><G7/><T73/><D94/><U37/><E37/><V85/><F57/><W36/><G36/><T93/><D93/><U104/><E131/><V55/><F55/><W75/><G75/><N who="1" m="28714" /><E128/><V39/><F39/><W30/><REACH who="3" step="1"/><G23/><REACH who="3" ten="430,190,190,180" step="2"/><T12/><D73/><U105/><N who="1" m="26624" /><DORA hai="9" /><U114/><E114/><V17/><F83/><W26/><G26/><T56/><D25/><U51/><E51/><V8/><F81/><W43/><G43/><T76/><D50/><U29/><E29/><V84/><F60/><W127/><G127/><T28/><D28/><U64/><E64/><V111/><F63/><W86/><G86/><T22/><D22/><U108/><E108/><V77/><F111/><W38/><G38/><T126/><D126/><U88/><E32/><AGARI ba="1,1" hai="12,15,16,19,32,33,53,54,56,58,76,78,122,123" machi="32" ten="25,12000,1" yaku="22,2,52,2,54,1" doraHai="135,9" who="0" fromWho="1" sc="430,133,190,-123,190,0,180,0" /><INIT seed="0,2,0,1,4,77" ten="563,67,190,180" oya="0" hai0="54,106,47,70,15,120,110,49,59,66,132,28,86" hai1="118,117,25,96,74,113,22,84,82,119,48,101,71" hai2="121,79,14,21,122,72,23,24,17,39,83,115,123" hai3="95,27,40,55,30,94,76,41,102,85,93,1,60"/><T62/><D106/><U135/><E135/><V19/><REACH who="2" step="1"/><F39/><REACH who="2" ten="563,67,180,180" step="2"/><W63/><G1/><T52/><D132/><U11/><E119/><V107/><F107/><W56/><G102/><T87/><D120/><U97/><E118/><V9/><F9/><W8/><G8/><T43/><D110/><U104/><E11/><V32/><F32/><W7/><G7/><T89/><D15/><U112/><E117/><V124/><F124/><W103/><G103/><T58/><D28/><U68/><E101/><V38/><F38/><W111/><G111/><T51/><D89/><U36/><E104/><V130/><F130/><W131/><G131/><T35/><D35/><U10/><E36/><AGARI ba="2,1" hai="36,43,47,49,51,52,54,58,59,62,66,70,86,87" machi="36" ten="30,12000,1" yaku="7,1,9,1,24,2,54,1" doraHai="77" who="0" fromWho="1" sc="563,136,67,-126,180,0,180,0" owari="699,80.0,-59,-56.0,180,-2.0,180,-22.0" /></mjloggm>