<mjloggm ver="2.3"><GO type="169" lobby="0"/><UN n0="%4A%4F%4A%4F%31%39%38%35" n1="%E3%81%B8%E3%81%9D%E3%81%AA%E3%82%81%E3%81%9F%E3%81%84" n2="%E6%A5%93%E7%9C%9F" n3="%E3%81%A4%E3%81%A3%E3%81%8D%EF%BD%9E%32%6E%64" dan="16,17,16,16" rate="2090.73,2220.81,2062.21,2041.20" sx="M,M,M,M"/><TAIKYOKU oya="0"/><INIT seed="0,0,0,5,4,3" ten="250,250,250,250" oya="0" hai0="115,100,84,18,13,66,109,6,120,67,59,111,64" hai1="68,89,19,41,21,125,7,117,56,105,46,57,32" hai2="2,81,60,80,65,91,92,99,106,94,49,30,75" hai3="113,135,37,39,17,43,40,35,69,77,72,131,118"/><T9/><D115/><U82/><E68/><V103/><F2/><W78/><G35/><T134/><D120/><U85/><E32/><V87/><F49/><W101/><G113/><T5/><D134/><U15/><E117/><V4/><F30/><W52/><G118/><T27/><D100/><U128/><E105/><V1/><F1/><W53/><G69/><T71/><D71/><U42/><E125/><V48/><F48/><W74/><G131/><T95/><D27/><U127/><E128/><V12/><F12/><W119/><G119/><T79/><D59/><N who="1" m="22603" /><E127/><V20/><F20/><W26/><G101/><T23/><D23/><U122/><E122/><V31/><F31/><W61/><G61/><T90/><REACH who="0" step="1"/><D79/><REACH who="0" ten="240,250,250,250" step="2"/><U55/><E46/><V50/><F103/><W54/><G135/><T123/><D123/><U0/><E21/><V11/><F106/><W28/><G26/><T93/><D93/><U86/><E82/><V110/><F92/><W10/><G77/><T58/><D58/><U130/><E89/><V133/><F81/><W98/><G78/><T126/><D126/><U102/><E102/><V107/><F133/><W44/><G44/><T51/><D51/><U47/><E47/><V25/><F50/><W114/><G114/><T132/><D132/><U45/><E45/><V62/><F107/><W124/><G124/><T63/><D63/><U73/><E41/><V14/><F62/><W70/><G40/><T108/><AGARI ba="0,1" hai="5,6,9,13,18,64,66,67,84,90,95,108,109,111" machi="108" ten="40,18000,2" yaku="1,1,0,1,14,1,10,1,52,2,53,0" doraHai="3" doraHaiUra="116" who="0" fromWho="0" sc="240,190,250,-60,250,-60,250,-60" /><INIT seed="0,1,0,1,2,35" ten="430,190,190,190" oya="0" hai0="129,15,28,31,93,18,21,92,123,14,9,132,102" hai1="122,134,84,110,78,66,116,34,47,100,58,6,65" hai2="86,96,135,74,49,125,33,48,32,1,50,117,22" hai3="40,62,61,90,39,133,37,85,20,99,98,76,80"/><T88/><D123/><U0/><E116/><V130/><F74/><W23/><G133/><T51/><D129/><U10/><E122/><V41/><F130/><W114/><G114/><T105/><D132/><U124/><E34/><V2/><F135/><W64/><G61/><T27/><D105/><U55/><E134/><V77/><F41/><W109/><G109/><T119/><D119/><U126/><E110/><V120/><F120/><W91/><G37/><T113/><D113/><U3/><E100/><V106/><F125/><N who="1" m="48233" /><E47/><V111/><F111/><W38/><G38/><T81/><D81/><N who="1" m="47159" /><E3/><V75/><F32/><W121/><G121/><T30/><D102/><U24/><E24/><V71/><F33/><W87/><G76/><T11/><D51/><AGARI ba="1,0" hai="0,6,10,51,55,58,65,66" m="47159,48233" machi="51" ten="30,2000,0" yaku="18,1,52,1" doraHai="35" who="1" fromWho="0" sc="430,-23,190,23,190,0,190,0" /><INIT seed="1,0,0,4,2,77" ten="407,213,190,190" oya="1" hai0="48,116,94,73,32,30,122,85,52,113,14,119,115" hai1="39,86,78,102,131,11,93,114,58,66,120,65,64" hai2="90,98,20,135,126,50,108,106,110,95,36,100,87" hai3="88,12,38,96,61,45,55,10,59,1,17,4,111"/><U99/><E114/><V54/><F36/><W67/><G111/><T97/><D73/><U84/><E120/><V75/><F135/><W104/><G104/><T40/><D40/><U37/><E131/><V74/><F20/><W69/><G38/><T6/><D32/><U3/><E86/><V112/><F112/><W28/><G28/><T82/><D30/><U130/><E130/><V56/><REACH who="2" step="1"/><F126/><REACH who="2" ten="407,213,180,190" step="2"/><W89/><G45/><T128/><D113/><U132/><E132/><V60/><F60/><W22/><REACH who="3" step="1"/><G96/><REACH who="3" ten="407,213,180,180" step="2"/><T134/><D97/><U21/><E37/><V124/><F124/><W121/><G121/><T80/><D122/><U31/><E39/><V33/><F33/><W13/><G13/><T129/><D115/><U27/><E3/><V43/><F43/><W2/><G2/><T101/><D128/><U79/><E11/><V5/><F5/><W46/><G46/><T103/><D6/><U0/><E0/><V42/><F42/><W47/><G47/><T7/><D7/><U15/><E15/><V105/><F105/><W62/><AGARI ba="0,2" hai="1,4,10,12,17,22,55,59,61,62,67,69,88,89" machi="62" ten="20,5200,0" yaku="1,1,0,1,7,1,54,1,53,0" doraHai="77" doraHaiUra="71" who="3" fromWho="3" sc="407,-13,213,-26,180,-13,180,72" /><INIT seed="2,0,0,2,0,38" ten="394,187,167,252" oya="2" hai0="3,109,41,91,34,56,62,64,99,25,85,59,88" hai1="28,44,54,74,115,84,103,110,112,111,60,90,22" hai2="79,70,67,104,119,2,72,102,52,7,39,83,134" hai3="29,131,128,113,106,48,127,108,93,129,11,13,19"/><V92/><F119/><W126/><G106/><T23/><D3/><U133/><E74/><V68/><F134/><W51/><G108/><N who="1" m="41514" /><E103/><V31/><F31/><W117/><G117/><T101/><D109/><U26/><E133/><V98/><F67/><W118/><G118/><T81/><D34/><U42/><E54/><V46/><F92/><W120/><G120/><T86/><D41/><U50/><E60/><V69/><F52/><W94/><G113/><T53/><D101/><U75/><E75/><V40/><F70/><W87/><G29/><T0/><D0/><U35/><E35/><V135/><F135/><W15/><G15/><T125/><D125/><N who="3" m="47625" /><G87/><T43/><D43/><U9/><E9/><AGARI ba="0,0" hai="2,7,9,39,40,46,68,69,72,79,83,98,102,104" machi="9" ten="40,18000,2" yaku="25,2,33,3,52,1" doraHai="38" who="2" fromWho="1" sc="394,0,187,-180,167,180,252,0" /><INIT seed="2,1,0,2,1,113" ten="394,7,347,252" oya="2" hai0="122,59,76,128,51,2,95,117,56,118,21,79,72" hai1="17,23,19,54,84,115,80,88,11,102,55,123,38" hai2="39,32,101,66,13,40,5,45,103,64,10,14,97" hai3="26,41,61,36,20,69,106,46,53,93,82,37,112"/><V3/><F32/><W1/><G106/><T105/><D122/><U119/><E38/><V104/><F103/><W63/><G1/><T92/><D105/><U22/><E115/><V70/><F70/><W127/><G112/><T68/><D68/><U77/><E119/><N who="0" m="45577" /><D2/><U33/><E33/><V96/><F96/><W81/><G127/><T125/><D128/><U109/><E109/><V124/><F124/><W131/><G131/><T43/><D125/><U111/><E102/><V4/><REACH who="2" step="1"/><F3/><REACH who="2" ten="394,7,337,252" step="2"/><W27/><G69/><T65/><D72/><U86/><E111/><V31/><F31/><W85/><G85/><T34/><D34/><U94/><E123/><V116/><F116/><W129/><G129/><T120/><D120/><U130/><E130/><V6/><F6/><W8/><G37/><T110/><D110/><U60/><E19/><V48/><F48/><W78/><G36/><T134/><D51/><U75/><E75/><V30/><F30/><W16/><G16/><T52/><D76/><U62/><E62/><V44/><F44/><W132/><G46/><T91/><D79/><U49/><E60/><V28/><F28/><W87/><G78/><T98/><D98/><U18/><E18/><V74/><F74/><W67/><G87/><T71/><D71/><U47/><E11/><AGARI ba="1,1" hai="4,5,10,11,13,14,39,40,45,64,66,97,101,104" machi="11" ten="40,7700,0" yaku="1,1,9,1,53,1" doraHai="113" doraHaiUra="42" who="2" fromWho="1" sc="394,0,7,-80,337,90,252,0" owari="394,19.0,-73,-57.0,427,53.0,252,-15.0" /></mjloggm>