<mjloggm ver="2.3"><GO type="169" lobby="0"/><UN n0="%E3%81%82%E3%83%BC%E3%82%8B%E3%81%97%E3%81%A6%E3%83%BC" n1="%33%30%63%6D%33%30%63%6D" n2="%E3%81%8A%E3%81%98%E3%81%95%E3%82%93" n3="%E8%B1%9A%E3%81%AE%E7%8E%8B" dan="16,16,16,16" rate="2048.82,2153.74,2176.19,2172.00" sx="M,M,M,M"/><TAIKYOKU oya="0"/><INIT seed="0,0,0,4,4,50" ten="250,250,250,250" oya="0" hai0="84,30,102,93,22,54,14,12,24,68,76,101,62" hai1="2,27,48,77,87,117,46,121,31,119,103,129,18" hai2="23,82,67,55,35,20,106,8,91,41,123,88,131" hai3="96,99,60,104,86,59,53,74,4,64,125,134,75"/><T79/><D68/><U110/><E121/><V108/><F123/><W94/><G134/><T89/><D79/><U52/><E110/><V43/><F106/><W120/><G125/><T19/><D76/><U98/><E2/><V111/><F35/><W16/><G120/><T29/><D29/><U133/><E133/><V95/><F67/><W113/><G113/><T70/><D70/><U83/><E129/><V9/><F95/><W36/><G36/><T61/><D61/><U51/><E48/><V39/><F82/><W1/><G86/><T107/><D107/><U10/><E10/><V26/><F26/><W127/><G127/><T58/><REACH who="0" step="1"/><D12/><REACH who="0" ten="240,250,250,250" step="2"/><U114/><E114/><V100/><F131/><W15/><G104/><T118/><D118/><U13/><E13/><V132/><F132/><W3/><G3/><T63/><D63/><U71/><E71/><V44/><F111/><W109/><G109/><T122/><D122/><U21/><REACH who="1" step="1"/><E31/><REACH who="1" ten="240,240,250,250" step="2"/><V116/><F108/><W7/><G1/><T130/><D130/><U11/><E11/><AGARI ba="0,2" hai="11,14,19,22,24,30,54,58,62,84,89,93,101,102" machi="11" ten="30,12000,1" yaku="1,1,7,1,8,1,52,1,53,1" doraHai="50" doraHaiUra="81" who="0" fromWho="1" sc="240,140,240,-120,250,0,250,0" /><INIT seed="0,1,0,2,1,103" ten="380,120,250,250" oya="0" hai0="116,114,17,60,97,34,14,65,45,51,67,46,20" hai1="10,118,23,134,91,87,47,99,29,82,55,32,100" hai2="7,113,6,54,11,94,61,85,25,74,105,59,89" hai3="43,93,80,41,95,122,72,5,98,57,66,106,75"/><T132/><D132/><U48/><E134/><V37/><F113/><W3/><G122/><T38/><D114/><U101/><E32/><V133/><F133/><W124/><G124/><T58/><D116/><U121/><E121/><V123/><F123/><W53/><G66/><T131/><D131/><U8/><E118/><V104/><F37/><W15/><G3/><T0/><D0/><U130/><E130/><V44/><F74/><W127/><G127/><T12/><D34/><U119/><E119/><V92/><F44/><W90/><G106/><T111/><D111/><U24/><REACH who="1" step="1"/><E100/><REACH who="1" ten="380,110,250,250" step="2"/><V71/><F71/><W69/><G69/><T4/><D38/><U56/><E56/><V135/><F135/><W112/><G112/><T117/><D117/><U19/><E19/><V63/><F6/><W120/><G120/><T102/><D46/><U21/><E21/><V42/><F7/><W96/><G57/><T79/><D4/><U35/><E35/><V107/><F63/><W1/><G5/><T86/><D17/><U88/><E88/><V115/><F115/><W125/><G90/><T9/><D20/><U49/><E49/><V40/><F11/><W78/><G125/><T52/><D9/><U126/><E126/><V2/><F2/><W81/><G1/><T31/><D31/><U16/><E16/><V39/><F39/><W27/><G78/><T68/><D68/><U129/><E129/><V22/><REACH who="2" step="1"/><F94/><AGARI ba="1,1" hai="8,10,23,24,29,47,48,55,82,87,91,94,99,101" machi="94" ten="30,7700,0" yaku="1,1,7,1,8,1,53,1" doraHai="103" doraHaiUra="77" who="1" fromWho="2" sc="380,0,110,90,250,-80,250,0" /><INIT seed="1,0,0,5,1,17" ten="380,200,170,250" oya="1" hai0="37,118,88,107,62,130,65,117,6,2,23,113,66" hai1="134,44,72,122,4,20,123,11,85,73,13,98,110" hai2="63,15,52,121,12,126,100,93,112,131,94,111,79" hai3="83,70,0,43,7,56,129,89,68,135,34,132,54"/><U32/><E32/><V97/><F121/><W48/><G34/><T90/><D107/><U92/><E134/><N who="3" m="51242" /><G129/><T77/><D130/><U50/><E110/><V18/><F131/><W3/><G43/><T16/><D113/><U51/><E51/><V31/><F112/><W75/><G89/><T127/><D37/><U24/><E85/><V46/><F111/><W40/><G40/><T91/><D77/><U26/><E24/><V5/><F79/><N who="3" m="44543" /><G7/><T84/><D84/><U128/><E128/><V104/><F126/><W60/><G60/><T14/><D127/><U53/><E122/><V133/><F133/><W49/><G49/><T22/><D22/><U116/><E116/><V96/><F46/><W19/><G19/><T99/><D99/><U67/><E67/><V119/><F119/><W69/><AGARI ba="0,0" hai="0,3,48,54,56,68,69,70" m="44543,51242" machi="69" ten="40,1500,0" yaku="20,1" doraHai="17" who="3" fromWho="3" sc="380,-4,200,-7,170,-4,250,15" /><INIT seed="2,0,0,5,0,122" ten="376,193,166,265" oya="2" hai0="68,88,21,40,129,127,72,35,117,37,15,80,66" hai1="46,32,70,45,28,48,131,10,16,133,27,95,73" hai2="135,93,11,54,109,12,114,43,116,126,55,26,4" hai3="90,85,56,3,125,84,101,124,119,98,87,108,30"/><V130/><F114/><W78/><G56/><T44/><D35/><U24/><E45/><V63/><F116/><W118/><G30/><T18/><D117/><N who="3" m="44553" /><G3/><T104/><D104/><U89/><E73/><V42/><F126/><N who="3" m="48747" /><G78/><T47/><D127/><U123/><E123/><V92/><F130/><W39/><G39/><T132/><D129/><U36/><E36/><V13/><F135/><W111/><G90/><T29/><D132/><U7/><E70/><V105/><F26/><W76/><G76/><T86/><D44/><U81/><E131/><V33/><F33/><W6/><G6/><T121/><D121/><U51/><E133/><V49/><F63/><W97/><G97/><T20/><D72/><U67/><E67/><V53/><F49/><W61/><G61/><T79/><D66/><U2/><E48/><V106/><F55/><W60/><G60/><T113/><D68/><U75/><E75/><V96/><F96/><W65/><G65/><T103/><D79/><U1/><E1/><V64/><F64/><W71/><G71/><T5/><D5/><U57/><E57/><V14/><F14/><W128/><G128/><T52/><D52/><U62/><E62/><V134/><F134/><W31/><G31/><T8/><D29/><U107/><E51/><V17/><F4/><W83/><G83/><T112/><D103/><U99/><E46/><V0/><F0/><W74/><G74/><T25/><D25/><U82/><E27/><V38/><F38/><W120/><G120/><T59/><D59/><U19/><E24/><V23/><F53/><W77/><G77/><RYUUKYOKU ba="0,0" sc="376,15,193,-15,166,-15,265,15" hai0="8,15,18,20,21,37,40,47,80,86,88,112,113" hai3="84,85,87,98,101,108,111" /><INIT seed="3,1,0,4,5,94" ten="391,178,151,280" oya="3" hai0="5,113,13,18,77,0,10,78,54,29,4,85,103" hai1="87,53,49,112,81,82,72,93,89,2,23,116,14" hai2="91,69,28,36,123,124,61,39,66,95,92,17,22" hai3="15,111,27,99,59,121,68,106,1,118,16,84,57"/><W25/><G121/><T63/><D113/><U31/><E112/><V107/><F107/><W19/><G118/><T97/><D29/><U50/><E2/><V3/><F123/><W43/><G68/><T79/><D85/><U7/><E72/><V8/><F124/><W88/><G1/><T104/><D4/><U131/><E131/><V102/><F28/><W98/><G43/><T135/><D135/><U26/><E49/><V55/><F55/><W90/><G106/><T75/><D75/><U101/><E101/><V30/><F30/><W38/><G38/><T48/><D63/><U119/><E119/><V100/><F100/><W114/><G114/><T86/><D86/><U83/><E116/><V80/><F80/><W117/><G117/><T60/><D60/><U20/><E7/><V133/><F133/><W42/><G42/><T35/><D35/><U70/><E70/><V122/><F122/><W32/><G32/><T74/><D74/><U96/><E14/><V51/><F51/><W132/><G132/><T47/><D77/><U41/><E23/><AGARI ba="1,0" hai="0,5,10,13,18,23,47,48,54,78,79,97,103,104" machi="23" ten="30,2000,0" yaku="7,1,52,1" doraHai="94" who="0" fromWho="1" sc="391,23,178,-23,151,0,280,0" /><INIT seed="4,0,0,3,5,65" ten="414,155,151,280" oya="0" hai0="130,20,82,70,61,90,59,98,23,108,71,128,126" hai1="46,58,64,21,91,110,34,77,42,68,9,74,22" hai2="73,118,100,6,53,24,26,123,87,45,76,57,81" hai3="50,72,11,35,96,97,124,17,116,14,104,41,134"/><T36/><D36/><U13/><E110/><V86/><F123/><W18/><G116/><T48/><D48/><U69/><E34/><V55/><F118/><W135/><G72/><T129/><D108/><U39/><E91/><V119/><F119/><W113/><G35/><T125/><D82/><U85/><E74/><V47/><F100/><W101/><G124/><N who="0" m="47723" /><D90/><U25/><E22/><N who="0" m="8233" /><D98/><U132/><E132/><N who="3" m="50730" /><G97/><T2/><D2/><U28/><E64/><AGARI ba="0,0" hai="59,61,64,70,71,128,129,130" m="8233,47723" machi="64" ten="40,12000,1" yaku="19,1,18,1,52,2" doraHai="65" who="0" fromWho="1" sc="414,120,155,-120,151,0,280,0" /><INIT seed="4,1,0,1,2,27" ten="534,35,151,280" oya="0" hai0="32,34,52,28,95,130,36,76,122,121,111,132,126" hai1="10,21,89,54,78,43,125,102,120,108,92,81,110" hai2="16,25,2,96,33,80,128,0,14,113,9,24,18" hai3="51,60,3,57,65,83,31,79,82,39,67,59,103"/><T63/><D36/><U77/><E120/><V90/><F113/><W119/><G3/><N who="2" m="1065" /><F80/><W41/><G119/><T133/><D111/><U40/><E102/><V118/><F90/><W53/><G103/><T116/><D116/><U49/><E77/><V7/><F96/><W94/><G94/><T106/><D106/><U97/><E108/><V29/><F118/><W70/><G31/><T55/><D126/><U124/><E110/><V42/><F42/><W26/><G26/><N who="0" m="18455" /><D34/><U4/><E4/><V38/><F38/><W35/><G35/><T135/><D130/><U87/><E10/><V44/><F44/><N who="3" m="23615" /><G83/><T86/><D63/><U73/><E73/><V5/><F128/><W129/><G82/><N who="0" m="47431" /><D95/><U61/><E61/><V22/><AGARI ba="1,0" hai="5,7,9,14,16,18,22,24,25,29,33" m="1065" machi="22" ten="30,12000,2" yaku="35,5,52,1,54,1" doraHai="27" who="2" fromWho="2" sc="534,-61,35,-31,151,123,280,-31" /><INIT seed="5,0,0,5,2,113" ten="473,4,274,249" oya="1" hai0="77,120,107,82,127,8,112,78,99,62,7,59,46" hai1="3,11,84,75,123,124,19,80,111,63,90,49,121" hai2="47,98,29,69,122,37,17,38,2,24,28,13,103" hai3="18,48,97,71,32,0,14,50,70,74,33,86,100"/><U34/><E34/><V35/><F122/><W135/><G74/><T129/><D127/><U25/><E124/><V133/><F133/><W68/><G0/><T85/><D112/><U93/><E111/><V1/><F29/><W116/><G135/><T56/><D120/><U58/><E49/><V91/><F69/><W76/><G116/><T108/><D108/><U52/><E3/><V57/><F57/><W83/><G33/><T119/><D119/><U15/><E25/><V105/><F91/><W89/><G32/><T125/><D125/><U12/><E75/><V31/><F31/><W104/><REACH who="3" step="1"/><G89/><REACH who="3" ten="473,4,274,239" step="2"/><T5/><D78/><U109/><E109/><V79/><F79/><W66/><G66/><T131/><D77/><U23/><E80/><V88/><F88/><W41/><G41/><T16/><D82/><U30/><E30/><V6/><F6/><AGARI ba="0,1" hai="6,11,12,15,19,23,52,58,63,84,90,93,121,123" machi="6" ten="30,2900,0" yaku="7,1,54,1" doraHai="113" who="1" fromWho="2" sc="473,0,4,39,274,-29,239,0" /><INIT seed="5,1,0,4,0,58" ten="473,43,245,239" oya="1" hai0="44,66,118,20,92,91,100,42,87,21,90,19,35" hai1="115,80,107,134,86,15,82,10,109,129,104,73,120" hai2="108,111,29,95,30,96,25,48,62,11,114,4,46" hai3="2,36,85,132,34,54,78,83,113,7,17,16,40"/><U68/><E120/><V57/><F114/><W6/><G34/><T60/><D35/><U39/><E39/><V76/><F76/><W135/><G113/><T127/><D127/><U28/><E115/><V61/><F111/><W69/><G69/><T3/><D3/><U5/><E109/><V116/><F116/><W50/><G40/><T18/><D100/><U75/><E68/><V9/><F108/><W70/><G36/><T102/><D102/><U51/><E28/><N who="2" m="10859" /><F25/><W32/><G32/><T52/><D91/><U97/><E75/><V37/><F37/><W22/><G70/><T45/><D42/><U119/><E119/><V99/><F57/><N who="3" m="32983" /><G2/><T47/><D66/><U122/><E122/><V110/><F110/><W43/><G43/><T33/><D33/><U125/><E125/><V23/><F23/><N who="0" m="8778" /><D118/><U130/><E134/><N who="3" m="51242" /><G17/><T93/><D93/><U124/><E124/><V101/><F96/><W24/><AGARI ba="1,0" hai="6,7,16,22,24,78,83,85" m="51242,32983" machi="24" ten="30,2000,0" yaku="20,1,54,1" doraHai="58" who="3" fromWho="3" sc="473,-6,43,-11,245,-6,239,23" /><INIT seed="6,0,0,0,3,33" ten="467,32,239,262" oya="2" hai0="28,62,20,32,97,83,36,52,135,18,0,42,80" hai1="82,31,49,73,50,11,94,116,60,95,86,132,91" hai2="71,55,41,45,47,14,3,38,12,59,22,118,70" hai3="129,123,124,16,107,100,15,117,134,46,48,66,121"/><V90/><F118/><W87/><G117/><T9/><D36/><U68/><E116/><V96/><F47/><W34/><G34/><T29/><D42/><U77/><E132/><V111/><F111/><W122/><G124/><T61/><D97/><U74/><E31/><V98/><F3/><W81/><G129/><T10/><D135/><U93/><E68/><V56/><F56/><W108/><G108/><T67/><D67/><U113/><E60/><V39/><F39/><W109/><G109/><T64/><D64/><U102/><E49/><V6/><F14/><W101/><G66/><T5/><D9/><U27/><E50/><V99/><F90/><N who="3" m="51567" /><G107/><T92/><D92/><N who="1" m="35435" /><E27/><V23/><F6/><W133/><G133/><T110/><D110/><U25/><E11/><V131/><F131/><W7/><G134/><T103/><D103/><U106/><E25/><V1/><F1/><W89/><G89/><T30/><D32/><U88/><E113/><V65/><F12/><W72/><G7/><T19/><D61/><U105/><E73/><V84/><F65/><W58/><G72/><T69/><D69/><N who="2" m="26122" /><F22/><W26/><G26/><T119/><D119/><U104/><E91/><V126/><F23/><W125/><G58/><N who="0" m="35143" /><D20/><U53/><E53/><V120/><F55/><N who="3" m="30103" /><G125/><T130/><D130/><U128/><E128/><V57/><F126/><W76/><G101/><AGARI ba="0,0" hai="74,77,82,86,88,95,101,102,104,105,106" m="35435" machi="101" ten="40,12000,2" yaku="35,5,54,1" doraHai="33" who="1" fromWho="3" sc="467,0,32,120,239,0,262,-120" /><INIT seed="7,0,0,3,0,117" ten="467,152,239,142" oya="3" hai0="94,5,32,79,127,64,84,134,4,27,122,3,105" hai1="123,109,128,23,60,47,83,46,80,89,135,8,73" hai2="33,1,68,100,45,12,97,95,54,126,87,0,93" hai3="43,26,67,116,48,34,106,124,35,42,29,17,81"/><W71/><G116/><T57/><D105/><U101/><E123/><V111/><F68/><W41/><G124/><T76/><D122/><U56/><E109/><V24/><F111/><W18/><G35/><T13/><D3/><U22/><E73/><V58/><F45/><N who="1" m="16905" /><E128/><V119/><F0/><W49/><G81/><N who="1" m="31306" /><E135/><V61/><F1/><W78/><G78/><T37/><D94/><U131/><E131/><V132/><F93/><W72/><G72/><T82/><D13/><U86/><E8/><V110/><F95/><W52/><G106/><T121/><D5/><U102/><E89/><V98/><F33/><W16/><REACH who="3" step="1"/><G52/><REACH who="3" ten="467,152,239,132" step="2"/><T7/><D76/><U59/><E86/><V50/><F54/><W99/><G99/><T88/><D79/><U104/><E104/><V25/><F87/><W21/><G21/><N who="1" m="7690" /><E60/><AGARI ba="0,1" hai="16,17,18,26,29,34,41,42,43,48,49,60,67,71" machi="60" ten="40,12000,1" yaku="1,1,54,1,53,3" doraHai="117" doraHaiUra="15" who="3" fromWho="1" sc="467,0,152,-120,239,0,132,130" /><INIT seed="7,1,0,1,5,52" ten="467,32,239,262" oya="3" hai0="26,129,111,87,55,7,88,104,45,124,110,31,85" hai1="120,107,121,90,10,130,43,50,72,51,79,132,69" hai2="6,82,70,35,80,48,67,33,15,83,63,57,114" hai3="119,108,71,113,24,99,91,127,30,125,19,134,100"/><W38/><G38/><T8/><D104/><U101/><E69/><V39/><F114/><W65/><G113/><T73/><D73/><U78/><E10/><V4/><F39/><W2/><G91/><T59/><D45/><U86/><E90/><V94/><F94/><W44/><G19/><T61/><D87/><U47/><E86/><V49/><F4/><W118/><G44/><T131/><D124/><N who="3" m="47689" /><G2/><T122/><D122/><U56/><E47/><V76/><F76/><W116/><G134/><T60/><D60/><U36/><E36/><V53/><REACH who="2" step="1"/><F49/><REACH who="2" ten="467,32,229,262" step="2"/><W42/><G108/><T9/><D111/><U115/><E132/><V12/><F12/><W34/><G42/><T58/><D110/><U68/><E115/><V17/><F17/><W40/><G40/><T98/><D129/><U0/><E0/><V29/><F29/><W77/><G77/><T92/><D131/><U37/><E130/><V3/><F3/><W22/><G22/><T89/><D7/><U112/><E112/><V5/><F5/><W62/><G119/><T75/><D8/><AGARI ba="1,1" hai="6,8,15,33,35,48,53,57,63,67,70,80,82,83" machi="8" ten="40,2600,0" yaku="1,1,52,1,53,0" doraHai="52" doraHaiUra="14" who="2" fromWho="0" sc="467,-29,32,0,229,39,262,0" owari="438,54.0,32,-47.0,268,7.0,262,-14.0" /></mjloggm>