<mjloggm ver="2.3"><GO type="169" lobby="0"/><UN n0="%E3%82%8F%E3%81%A3%E3%81%97%E3%82%87%E3%81%84%E5%90%9B%32%E5%8F%B7" n1="%70%72%6F%6E%61%72%69" n2="%E3%83%93%E3%83%81%E3%83%A3%E5%B1%B1%E3%83%93%E3%83%81%E3%83%A3%E7%94%B7" n3="%E7%B5%B5%E7%AD%86%E3%81%A8%E5%B8%8C%E6%9C%9B%E3%81%AE%E5%94%84" dan="19,16,16,16" rate="2301.04,2085.11,2032.72,2058.32" sx="M,M,M,F"/><TAIKYOKU oya="0"/><INIT seed="0,0,0,0,4,120" ten="250,250,250,250" oya="0" hai0="92,94,109,130,91,49,36,12,128,33,78,43,87" hai1="124,32,90,119,57,122,8,37,82,121,45,96,95" hai2="93,116,135,54,23,101,52,24,14,60,20,9,44" hai3="127,118,81,39,15,131,99,5,55,105,4,34,46"/><T132/><D33/><U63/><E119/><V68/><F135/><W28/><G118/><T50/><D132/><U19/><E32/><V13/><F116/><W112/><G112/><T76/><D36/><U66/><E124/><V111/><F111/><W35/><G131/><N who="0" m="50219" /><D109/><U88/><E8/><V61/><F68/><W64/><G39/><T84/><D12/><U22/><E45/><V59/><F14/><W6/><G15/><T103/><D43/><U21/><E21/><V67/><F67/><W29/><G35/><T53/><D50/><U3/><E3/><V42/><F101/><W85/><G34/><T30/><D30/><U102/><E37/><V65/><F93/><N who="0" m="35946" /><D103/><U56/><E102/><V100/><F100/><W133/><G28/><T31/><D31/><U16/><E19/><V126/><F126/><W74/><G29/><T73/><D73/><U83/><E57/><V70/><F24/><W2/><G74/><T26/><D26/><N who="1" m="14663" /><E122/><V11/><F42/><W86/><G133/><T107/><D107/><U97/><E121/><V25/><F25/><W79/><G105/><T17/><D17/><U41/><E41/><V113/><F11/><W110/><G110/><T58/><D91/><N who="1" m="34859" /><E95/><V72/><F72/><W62/><G127/><T18/><D18/><U125/><E125/><V1/><F1/><W47/><G2/><T27/><D27/><U114/><E114/><V115/><F9/><W106/><G106/><T129/><D129/><U71/><E71/><V89/><F13/><W117/><G117/><T0/><D0/><U69/><E69/><V134/><F134/><RYUUKYOKU ba="0,0" sc="250,15,250,15,250,-15,250,-15" hai0="49,53,58,76,78,84,87" hai1="56,63,66,82,83,96,97" /><INIT seed="0,1,0,1,4,11" ten="265,265,235,235" oya="0" hai0="18,74,87,110,81,108,126,60,128,62,103,135,91" hai1="100,106,3,123,24,105,125,107,44,26,119,14,6" hai2="41,36,38,12,133,112,131,8,78,43,16,79,109" hai3="51,97,77,96,102,35,58,90,54,134,15,55,59"/><T42/><D126/><U65/><E119/><V63/><F112/><W13/><G35/><T95/><D128/><U115/><E123/><V83/><F131/><W9/><G134/><T67/><D135/><U132/><E132/><V61/><F133/><W116/><G116/><T49/><D103/><U37/><E125/><V124/><F124/><W85/><G77/><T2/><D2/><U66/><E3/><V28/><F28/><W76/><G76/><T48/><D60/><U7/><E100/><V33/><F33/><W40/><G40/><T64/><D67/><U127/><E115/><V118/><F109/><N who="0" m="42090" /><D42/><U99/><E66/><V53/><F118/><W39/><G39/><T5/><D5/><U122/><E65/><V69/><F69/><W75/><G75/><T70/><D18/><U120/><E7/><V92/><F38/><W29/><G29/><T98/><D74/><U34/><E127/><V101/><F78/><W86/><G102/><T21/><D21/><U52/><E37/><V114/><F114/><W4/><G85/><T129/><D129/><U71/><E122/><V113/><F113/><W1/><G97/><T46/><D46/><U31/><E99/><N who="2" m="59623" /><F36/><W121/><G96/><T10/><D10/><U80/><E120/><V130/><F130/><W68/><G68/><T84/><D98/><U111/><E71/><V94/><F43/><W0/><G121/><T56/><D70/><U17/><E111/><V50/><F41/><W25/><G0/><T73/><D73/><U88/><E34/><V89/><F50/><W93/><G1/><T72/><D72/><RYUUKYOKU ba="1,0" sc="265,30,265,-10,235,-10,235,-10" hai0="48,49,56,62,64,81,84,87,91,95" /><INIT seed="0,2,0,0,5,126" ten="295,255,225,225" oya="0" hai0="19,33,93,50,83,76,11,60,122,90,26,0,105" hai1="41,86,58,74,69,32,17,96,29,51,134,125,59" hai2="63,104,12,40,123,67,8,6,101,75,37,103,61" hai3="100,68,23,71,111,45,127,36,109,82,128,92,25"/><T13/><D105/><U7/><E74/><V31/><F123/><W85/><G127/><T77/><D122/><U2/><E69/><V118/><F75/><W3/><G3/><T28/><D60/><U15/><E96/><V21/><F118/><W116/><G116/><T20/><D83/><U119/><E86/><V124/><F124/><W47/><G92/><T62/><D62/><U108/><E108/><N who="3" m="41546" /><G100/><T72/><D72/><U57/><E2/><V70/><F63/><W24/><G128/><T35/><D50/><U56/><E51/><V129/><F104/><W107/><G107/><T121/><D121/><U43/><E125/><V106/><F106/><W87/><G87/><T4/><REACH who="0" step="1"/><D33/><REACH who="0" ten="285,255,225,225" step="2"/><U95/><E32/><V91/><F61/><W49/><G49/><T89/><D89/><U9/><E119/><V34/><F34/><W66/><G82/><T5/><D5/><U133/><E7/><V30/><F70/><W65/><G71/><T113/><D113/><U80/><E80/><V135/><F91/><W117/><G68/><T53/><D53/><U54/><E134/><V39/><F135/><W1/><G117/><T73/><D73/><U78/><E54/><V10/><F6/><W99/><G66/><T98/><AGARI ba="2,1" hai="0,4,11,13,19,20,26,28,35,76,77,90,93,98" machi="98" ten="20,12000,1" yaku="1,1,0,1,7,1,24,2,53,0" doraHai="126" doraHaiUra="112" who="0" fromWho="0" sc="285,136,255,-42,225,-42,225,-42" /><INIT seed="0,3,0,5,2,129" ten="421,213,183,183" oya="0" hai0="16,87,34,2,92,14,56,130,18,36,99,70,121" hai1="22,88,104,113,0,77,46,35,7,4,52,115,51" hai2="96,38,71,133,3,101,117,95,91,54,27,100,89" hai3="19,114,15,98,47,8,33,23,74,25,31,61,93"/><T112/><D70/><U60/><E35/><V49/><F38/><W105/><G114/><N who="1" m="43530" /><E104/><V90/><F3/><W82/><G105/><T128/><D121/><U81/><E0/><V30/><F71/><W124/><G124/><T62/><D2/><U9/><E9/><V69/><F69/><W21/><G61/><T84/><D36/><U119/><E119/><V122/><F122/><W13/><G47/><T126/><D34/><U132/><E132/><V103/><F117/><W37/><G37/><T83/><D112/><U55/><E22/><V131/><F131/><N who="0" m="50218" /><D126/><U109/><E109/><V43/><F43/><W50/><G50/><T66/><D83/><U120/><E77/><V125/><F125/><W75/><G82/><T97/><D18/><U80/><E80/><V123/><F123/><W10/><G33/><T85/><D92/><U29/><E29/><V106/><F106/><W28/><G28/><T64/><D64/><U76/><E76/><V65/><F65/><W86/><G23/><AGARI ba="3,0" hai="14,16,23,56,62,66,84,85,87,97,99" m="50218" machi="23" ten="30,2900,0" yaku="19,1,54,1" doraHai="129" who="0" fromWho="3" sc="421,38,213,0,183,0,183,-38" /><INIT seed="0,4,0,5,5,122" ten="459,213,183,145" oya="0" hai0="42,43,6,89,84,110,37,120,66,98,28,49,63" hai1="54,22,117,95,32,30,56,27,109,104,15,38,31" hai2="105,46,35,123,24,47,67,34,9,91,132,93,130" hai3="3,8,81,100,33,65,121,48,111,101,60,61,106"/><T11/><D120/><U53/><E117/><V119/><F123/><W18/><G121/><T4/><D37/><U85/><E104/><V23/><F105/><W29/><G48/><T13/><D98/><U39/><E39/><V57/><F34/><W26/><G81/><T44/><D28/><U74/><E74/><V25/><F35/><W125/><G125/><T129/><D129/><U64/><E38/><V7/><F25/><W99/><G101/><T112/><D112/><U51/><E64/><V2/><F132/><W97/><G97/><T108/><D4/><U21/><E15/><V72/><F72/><W40/><G40/><T79/><D43/><U124/><E124/><V55/><F67/><W115/><G61/><T19/><D19/><U90/><E31/><V73/><F73/><W62/><G60/><T133/><D133/><U86/><E109/><V41/><F41/><W92/><G92/><T114/><D114/><U16/><E86/><V94/><F94/><W127/><G127/><T75/><D75/><U87/><E87/><V20/><F130/><W70/><G115/><T128/><D128/><U59/><REACH who="1" step="1"/><E16/><REACH who="1" ten="459,203,183,145" step="2"/><V113/><F119/><W82/><G82/><N who="0" m="47199" /><D89/><U12/><E12/><V131/><F131/><W50/><G18/><T68/><AGARI ba="4,1" hai="6,11,13,42,44,49,63,66,68,108,110" m="47199" machi="68" ten="30,6000,0" yaku="25,1,52,2" doraHai="122" who="0" fromWho="0" sc="459,82,203,-24,183,-24,145,-24" /><INIT seed="0,5,0,0,3,7" ten="541,179,159,121" oya="0" hai0="44,97,3,65,102,15,41,73,119,95,133,8,105" hai1="63,40,68,98,84,18,54,100,23,51,5,87,13" hai2="24,10,4,43,96,86,114,122,117,14,57,49,89" hai3="48,120,134,106,32,72,2,30,75,61,17,36,90"/><T74/><D119/><U1/><E40/><V76/><F122/><W80/><G36/><T66/><D3/><U71/><E1/><V56/><F114/><W124/><G106/><T113/><D113/><U25/><E68/><V131/><F131/><W9/><G124/><T42/><D133/><U27/><E63/><V64/><F117/><W35/><G134/><T69/><D42/><U92/><E71/><V28/><F96/><W129/><G129/><T59/><D69/><U62/><E62/><V104/><F104/><W50/><G61/><T26/><D59/><U12/><E12/><V60/><F76/><W39/><G39/><T128/><D128/><U116/><E116/><V118/><F118/><W20/><G120/><T108/><D108/><U38/><E38/><V67/><F57/><W83/><G30/><T53/><D53/><U94/><E94/><V47/><F28/><W11/><G2/><T110/><D110/><U0/><E0/><V101/><F101/><W93/><G93/><T45/><D105/><U127/><E127/><V121/><F24/><N who="1" m="9289" /><E5/><V107/><F107/><W103/><G17/><N who="0" m="8423" /><D73/><U22/><E23/><V112/><F112/><W111/><G20/><T126/><D74/><U78/><E78/><V135/><F135/><W81/><G111/><T52/><D126/><U33/><E33/><V88/><F121/><W34/><G35/><T77/><D77/><U46/><AGARI ba="5,0" hai="13,18,22,46,51,54,84,87,92,98,100" m="9289" machi="46" ten="30,1100,0" yaku="8,1" doraHai="7" who="1" fromWho="1" sc="541,-10,179,26,159,-8,121,-8" /><INIT seed="1,0,0,3,4,23" ten="531,205,151,113" oya="1" hai0="62,113,105,21,63,54,3,26,12,40,66,50,71" hai1="104,84,27,4,2,47,24,56,69,37,96,81,94" hai2="108,132,125,28,90,109,114,18,103,119,97,121,77" hai3="111,11,17,120,110,53,29,118,129,73,36,130,31"/><U32/><E69/><V52/><F121/><W72/><G53/><T55/><D113/><U61/><E104/><V127/><F28/><N who="3" m="10827" /><G36/><T91/><D3/><U59/><E32/><V74/><F18/><W115/><G73/><T42/><D105/><U51/><E4/><V14/><F14/><N who="3" m="7391" /><G72/><T1/><D1/><U99/><E2/><V135/><F119/><W89/><G89/><T34/><D34/><U101/><E96/><V92/><F52/><W15/><G115/><T76/><D12/><U131/><E131/><N who="3" m="50186" /><G120/><T68/><D76/><N who="1" m="46119" /><E37/><V48/><F48/><W7/><G118/><T20/><D91/><U82/><E82/><N who="2" m="45367" /><F114/><W85/><G85/><T10/><D68/><U58/><E61/><V9/><F9/><AGARI ba="0,0" hai="7,9,15,110,111" m="50186,7391,10827" machi="9" ten="30,3900,0" yaku="19,1,34,2" doraHai="23" who="3" fromWho="2" sc="531,0,205,0,151,-39,113,39" /><INIT seed="2,0,0,1,3,7" ten="531,205,112,152" oya="2" hai0="135,61,39,79,108,124,105,126,0,104,60,20,99" hai1="72,129,115,131,118,27,73,68,134,109,9,49,96" hai2="83,19,87,111,26,2,13,57,75,80,114,76,4" hai3="42,54,51,37,29,50,53,132,120,33,65,14,55"/><V84/><F114/><W28/><G120/><T93/><D39/><U23/><E115/><V121/><F121/><W74/><G74/><T77/><D0/><U25/><E118/><V47/><F2/><W35/><G65/><T21/><D99/><U56/><E68/><V15/><F111/><W12/><G42/><T89/><D89/><U40/><E109/><V17/><F57/><W103/><G103/><T81/><D108/><U18/><E96/><V30/><F75/><W67/><G67/><T86/><D86/><U119/><E119/><V36/><F47/><W3/><G3/><T94/><D81/><U69/><E69/><V52/><F36/><W48/><G37/><T43/><D43/><U31/><E134/><AGARI ba="0,0" hai="20,21,60,61,77,79,93,94,104,105,124,126,134,135" machi="134" ten="25,1600,0" yaku="22,2" doraHai="7" who="0" fromWho="1" sc="531,16,205,-16,112,0,152,0" /><INIT seed="3,0,0,0,4,1" ten="547,189,112,152" oya="3" hai0="85,63,56,12,106,121,115,20,14,68,77,76,123" hai1="111,30,83,33,10,134,135,124,109,91,19,38,9" hai2="42,60,39,61,5,86,116,80,102,48,71,69,49" hai3="31,6,66,88,16,26,15,34,47,100,126,8,41"/><W55/><G126/><T51/><D106/><U74/><E38/><V104/><F104/><W70/><G100/><T129/><D129/><U103/><E103/><V119/><F102/><W96/><G55/><T13/><D115/><U37/><E37/><V105/><F105/><W112/><G112/><T120/><D68/><U59/><E59/><V57/><F86/><W32/><G66/><T113/><D113/><U72/><E91/><V117/><F5/><W24/><G70/><T62/><D20/><U107/><E107/><V78/><F80/><W79/><G79/><T40/><D85/><U18/><E124/><V97/><F97/><W114/><G114/><T64/><REACH who="0" step="1"/><D62/><REACH who="0" ten="537,189,112,152" step="2"/><U28/><E33/><V132/><F61/><W29/><G96/><T131/><D131/><U44/><E74/><V2/><F69/><W22/><G34/><T84/><D84/><U54/><E72/><V122/><F71/><W127/><G127/><T73/><D73/><U75/><E75/><V94/><F60/><W46/><G32/><T81/><D81/><U98/><E83/><V128/><F128/><W65/><G22/><T89/><D89/><U7/><E111/><V25/><F78/><W17/><G88/><T35/><D35/><U125/><E109/><V11/><F94/><W27/><G31/><T133/><D133/><U110/><E125/><V0/><F132/><W118/><G29/><T67/><D67/><U92/><E110/><V108/><F108/><W95/><G65/><T130/><D130/><U45/><E134/><V4/><F119/><W90/><G118/><T53/><D53/><RYUUKYOKU ba="0,1" sc="537,30,189,-10,112,-10,152,-10" hai0="12,13,14,40,51,56,63,64,76,77,120,121,123" /><INIT seed="4,1,1,1,4,114" ten="567,179,102,142" oya="0" hai0="115,78,21,95,86,106,117,71,48,132,9,92,29" hai1="1,134,5,77,131,67,130,85,46,54,89,34,81" hai2="100,55,7,51,60,122,59,110,30,73,33,61,35" hai3="16,124,43,58,8,101,15,91,62,32,42,119,25"/><T105/><D71/><U28/><E134/><V104/><F122/><W24/><G124/><T97/><D9/><N who="1" m="2223" /><E67/><V23/><F110/><W0/><G119/><T126/><D21/><U20/><E34/><V103/><F73/><W37/><G101/><T57/><D29/><U64/><E64/><V96/><F7/><W2/><G25/><T70/><D70/><U12/><E77/><V102/><F35/><W53/><G91/><T13/><D13/><U11/><E20/><V47/><F60/><W72/><G72/><T94/><D57/><U56/><E56/><V44/><F33/><W74/><G74/><T31/><D48/><N who="1" m="28951" /><E28/><V112/><F112/><W135/><G135/><T66/><D66/><U41/><E41/><V3/><F3/><W113/><G113/><T125/><D31/><U27/><E27/><V10/><F10/><W129/><G32/><T80/><D115/><U109/><E109/><V116/><F47/><W14/><G24/><T22/><D22/><U18/><AGARI ba="1,1" hai="11,12,18,81,85,89,130,131" m="28951,2223" machi="18" ten="30,1100,0" yaku="25,1" doraHai="114" who="1" fromWho="1" sc="567,-6,179,24,102,-4,142,-4" /><INIT seed="5,0,0,1,1,34" ten="561,203,98,138" oya="1" hai0="85,24,123,51,33,65,42,35,44,2,8,63,75" hai1="13,54,67,114,29,92,110,39,96,125,18,118,133" hai2="131,117,132,112,48,130,127,66,25,10,7,104,14" hai3="16,88,93,47,37,72,86,122,15,58,98,100,17"/><U121/><E118/><V45/><F117/><W119/><G122/><T77/><D75/><U64/><E121/><V94/><F104/><W1/><G119/><T95/><D123/><U22/><E39/><V70/><F127/><W57/><G1/><T41/><D42/><U126/><E114/><V31/><F132/><W23/><G72/><T80/><D95/><U101/><E110/><V129/><F112/><W107/><REACH who="3" step="1"/><G17/><REACH who="3" ten="561,203,98,128" step="2"/><T20/><D2/><U60/><E133/><V87/><F70/><W120/><G120/><T115/><D115/><U83/><E126/><V61/><F130/><W128/><G128/><T116/><D116/><U113/><E113/><V108/><F108/><W71/><G71/><T21/><D8/><U38/><E18/><V26/><F129/><W36/><G36/><T49/><D21/><U97/><E38/><V135/><F135/><W106/><G106/><T0/><D0/><U40/><E22/><V27/><F131/><W59/><G59/><T53/><D20/><U109/><E125/><V4/><F4/><W46/><G46/><T5/><D5/><U50/><E109/><V28/><F28/><W90/><G90/><T43/><D33/><U91/><E29/><V105/><F105/><W111/><G111/><T32/><D35/><U76/><E91/><N who="2" m="53631" /><F31/><W82/><G82/><T73/><D73/><U11/><E83/><V6/><F6/><W62/><G62/><T30/><D49/><U74/><E60/><V56/><F48/><W89/><G89/><T99/><D63/><U134/><E50/><V102/><F45/><W103/><G103/><AGARI ba="0,1" hai="7,10,14,25,26,27,56,61,66,102,103" m="53631" machi="103" ten="30,2000,0" yaku="6,1,8,1" doraHai="34" who="2" fromWho="3" sc="561,0,203,0,98,30,128,-20" /><INIT seed="6,0,0,1,1,18" ten="561,203,128,108" oya="2" hai0="13,44,86,9,72,21,79,56,96,111,94,126,112" hai1="47,54,1,40,50,20,60,76,12,22,8,35,36" hai2="127,34,61,87,32,97,49,67,103,102,16,14,83" hai3="133,48,75,3,46,27,95,121,80,130,132,37,11"/><V38/><F127/><W131/><G121/><T74/><D111/><U119/><E119/><V92/><F103/><W81/><G37/><T29/><D126/><U25/><E1/><V113/><F113/><W4/><G95/><T90/><D112/><U62/><E35/><V65/><F38/><W55/><G27/><T0/><D0/><U7/><E76/><V24/><F49/><W116/><G116/><T123/><D123/><U15/><E15/><V64/><F61/><W2/><G2/><T106/><D44/><U5/><E5/><V109/><F109/><W88/><G75/><T78/><D56/><U58/><REACH who="1" step="1"/><E20/><REACH who="1" ten="561,193,128,108" step="2"/><V114/><F114/><W134/><REACH who="3" step="1"/><G88/><REACH who="3" ten="561,193,128,98" step="2"/><T108/><D90/><U68/><E68/><V120/><F120/><W43/><G43/><T33/><D108/><U101/><E101/><V17/><F24/><W63/><G63/><T31/><D79/><U98/><E98/><V122/><F122/><W73/><G73/><T77/><D74/><U66/><E66/><V84/><F14/><W19/><G19/><BYE who="3" /><AGARI ba="0,2" hai="7,8,12,19,22,25,36,40,47,50,54,58,60,62" machi="19" ten="30,3900,0" yaku="1,1,7,1,52,1,53,0" doraHai="18" doraHaiUra="125" who="1" fromWho="3" sc="561,0,193,59,128,0,98,-39" /><UN n3="%E7%B5%B5%E7%AD%86%E3%81%A8%E5%B8%8C%E6%9C%9B%E3%81%AE%E5%94%84" /><INIT seed="7,0,0,2,3,0" ten="561,252,128,59" oya="3" hai0="69,55,104,91,86,100,108,23,77,5,128,4,84" hai1="42,63,122,11,87,126,18,40,71,58,98,7,3" hai2="47,106,50,9,19,31,79,67,131,112,51,59,29" hai3="110,15,33,16,89,72,28,123,119,96,125,111,78"/><W46/><G119/><T92/><D108/><N who="3" m="41513" /><G123/><T113/><D69/><U105/><E122/><V103/><F112/><W65/><G125/><T53/><D113/><U80/><E71/><V32/><F32/><W75/><G78/><T130/><D23/><U36/><E36/><V20/><F79/><W127/><G127/><T118/><D118/><U21/><E98/><V115/><F115/><W116/><G116/><T27/><D27/><U76/><E105/><V61/><F131/><N who="0" m="50218" /><D100/><U73/><E73/><V83/><F106/><W101/><G65/><T132/><D104/><U97/><E97/><V41/><F103/><W107/><G89/><N who="0" m="53287" /><D132/><U6/><E126/><V49/><F67/><W37/><G28/><T109/><D77/><U48/><E76/><V43/><F83/><W117/><G33/><T81/><D109/><U90/><E80/><V66/><F47/><W30/><G30/><N who="2" m="11273" /><F9/><N who="3" m="6255" /><G117/><T22/><D22/><U124/><E21/><V38/><F38/><W95/><G107/><T24/><D24/><AGARI ba="0,0" hai="19,20,24,41,43,49,50,51,59,61,66" m="11273" machi="24" ten="30,1000,0" yaku="8,1" doraHai="0" who="2" fromWho="0" sc="561,-10,252,0,128,10,59,0" owari="551,65.0,252,5.0,138,-26.0,59,-44.0" /></mjloggm>