<mjloggm ver="2.3"><GO type="169" lobby="0"/><UN n0="%39%2D%62%61%79" n1="%E9%BA%BB%E9%9B%80%49%51%31%32%30" n2="%6D%61%72%63%68%61%6F%7A" n3="%79%6F%73%68%69%72%65%64" dan="17,17,17,16" rate="2110.34,2225.33,2149.07,2148.40" sx="M,M,M,M"/><TAIKYOKU oya="0"/><INIT seed="0,0,0,2,1,13" ten="250,250,250,250" oya="0" hai0="83,79,133,56,16,101,31,65,37,115,72,5,12" hai1="121,86,92,127,135,73,21,15,131,26,122,3,97" hai2="120,128,48,14,33,43,89,106,78,113,17,64,40" hai3="81,129,52,105,58,80,24,100,54,71,8,84,19"/><T35/><D115/><U32/><E73/><V61/><F33/><W110/><G71/><T132/><D37/><U22/><E3/><V67/><F106/><W116/><G116/><T44/><D44/><U46/><E127/><V1/><F1/><W4/><G110/><T42/><D42/><U88/><E131/><V126/><F126/><W82/><G129/><T130/><D130/><U96/><E135/><N who="0" m="51785" /><D101/><U7/><E32/><V99/><F120/><W20/><G84/><T119/><D119/><U29/><E122/><V50/><F78/><W36/><G36/><T104/><D104/><U45/><E121/><V77/><F77/><W10/><G4/><T38/><D38/><U107/><E107/><V0/><F0/><W114/><G114/><T95/><D95/><U70/><E70/><V109/><F109/><W98/><REACH who="3" step="1"/><G54/><REACH who="3" ten="250,250,250,240" step="2"/><T87/><D5/><U75/><E7/><V68/><F128/><W41/><G41/><T74/><D65/><U55/><E55/><V59/><F113/><W125/><G125/><T103/><D103/><U53/><E75/><V102/><F43/><W123/><G123/><T30/><D35/><U62/><E86/><V93/><F102/><W57/><G57/><T34/><D56/><N who="1" m="35087" /><E97/><V66/><F40/><W23/><G23/><N who="0" m="11655" /><D34/><U76/><E45/><V112/><F112/><W18/><G18/><T49/><D49/><AGARI ba="0,1" hai="8,10,19,20,24,49,52,58,80,81,82,98,100,105" machi="49" ten="40,8000,1" yaku="1,1,52,1,54,1,53,2" doraHai="13" doraHaiUra="6" who="3" fromWho="0" sc="250,-80,250,0,250,0,240,90" /><INIT seed="1,0,0,3,4,65" ten="170,250,250,330" oya="1" hai0="98,103,47,48,66,115,131,2,36,102,113,3,46" hai1="37,76,63,105,128,97,122,40,52,112,12,84,109" hai2="25,51,6,4,114,126,43,133,39,89,91,20,135" hai3="116,132,8,81,57,134,85,72,10,61,100,125,38"/><U0/><E0/><V54/><F114/><W118/><G38/><T18/><D131/><U108/><E112/><V99/><F43/><W130/><G100/><T62/><D36/><U79/><E122/><V55/><F39/><W45/><G45/><T70/><D3/><U71/><E128/><V101/><F126/><W41/><G41/><T32/><D2/><U87/><E12/><V34/><F34/><W35/><G35/><T95/><D32/><U17/><E17/><V33/><F33/><W13/><G72/><T67/><D18/><U16/><E16/><N who="2" m="12423" /><F55/><W121/><G121/><T73/><D73/><U104/><E40/><V30/><F30/><W82/><G125/><T80/><D80/><U19/><E19/><V29/><F29/><W111/><G130/><T88/><D113/><U120/><E37/><V27/><F27/><W92/><G92/><T119/><D119/><N who="3" m="45609" /><G111/><T26/><D26/><U49/><E120/><V7/><F101/><W86/><G57/><T75/><D75/><U110/><E104/><V23/><F99/><W127/><G61/><T5/><D5/><U31/><E97/><V90/><F23/><W77/><G127/><T94/><D115/><U22/><E22/><V14/><F14/><W69/><G13/><T60/><D48/><U83/><E105/><V53/><F53/><W9/><G69/><N who="0" m="42183" /><D103/><U1/><E1/><V28/><F28/><W123/><G123/><T15/><D15/><U44/><E31/><V56/><F7/><W124/><G124/><T58/><D58/><U107/><E107/><V78/><F78/><AGARI ba="0,0" hai="8,9,10,77,78,81,82,85,86,132,134" m="45609" machi="78" ten="30,1000,0" yaku="12,1" doraHai="65" who="3" fromWho="2" sc="170,0,250,0,250,-10,330,10" /><INIT seed="2,0,0,5,2,37" ten="170,250,240,340" oya="2" hai0="52,31,3,63,20,100,60,76,8,28,39,122,12" hai1="65,90,80,0,48,107,127,4,36,121,98,82,126" hai2="41,13,10,11,123,88,79,91,34,73,1,44,59" hai3="54,40,92,116,61,108,16,85,130,113,19,97,27"/><V32/><F123/><W111/><G116/><T9/><D122/><U131/><E36/><N who="2" m="21543" /><F11/><W99/><G85/><T29/><D39/><U45/><E121/><V89/><F13/><W57/><G113/><T64/><D76/><U120/><E4/><N who="2" m="1295" /><F59/><W132/><G132/><T83/><D83/><AGARI ba="0,0" hai="32,34,73,79,83,88,89,91" m="1295,21543" machi="83" ten="30,5800,0" yaku="25,1,52,1,54,1" doraHai="37" who="2" fromWho="0" sc="170,-58,250,0,240,58,340,0" /><INIT seed="2,1,0,1,3,103" ten="112,250,298,340" oya="2" hai0="111,24,99,55,44,32,69,96,125,135,106,85,89" hai1="68,21,64,48,123,102,62,126,20,78,17,88,86" hai2="42,1,58,130,80,128,43,118,95,22,28,81,108" hai3="114,3,49,71,52,119,26,35,6,76,104,30,79"/><V40/><F118/><W50/><G71/><T124/><D69/><U54/><E126/><N who="0" m="48745" /><D111/><U129/><E129/><N who="2" m="49771" /><F1/><W101/><G119/><T73/><D73/><U45/><E123/><V107/><F95/><W19/><G50/><N who="0" m="29127" /><D135/><U41/><E78/><V67/><F107/><W131/><G114/><T15/><D15/><U65/><E102/><V18/><F28/><W84/><G84/><T91/><D85/><U10/><E65/><V31/><F31/><W7/><G3/><T38/><D38/><U34/><E34/><V25/><F108/><W46/><G131/><T51/><D51/><U113/><E113/><V12/><F12/><W39/><G39/><T94/><D106/><U47/><E10/><V9/><F9/><W93/><G104/><T115/><D115/><U13/><E20/><V127/><F127/><W92/><G6/><T105/><D105/><U33/><E33/><V5/><F5/><W2/><G7/><T134/><D134/><U27/><E27/><V16/><F18/><W23/><G2/><T60/><D24/><U112/><E112/><V29/><F29/><W57/><G101/><N who="0" m="60567" /><D32/><U109/><E109/><V59/><F59/><W63/><G76/><T72/><D72/><U110/><E110/><V8/><F8/><W37/><G79/><T36/><D99/><U132/><E132/><V66/><F58/><W75/><G75/><T56/><D91/><U83/><E41/><V82/><AGARI ba="1,0" hai="16,22,25,40,42,43,66,67,80,81,82" m="49771" machi="82" ten="40,3900,0" yaku="19,1,54,1" doraHai="103" who="2" fromWho="2" sc="112,-14,250,-14,298,42,340,-14" /><INIT seed="2,2,0,0,2,135" ten="98,236,340,326" oya="2" hai0="28,81,70,2,99,46,56,18,134,73,6,78,87" hai1="25,110,31,38,34,112,9,113,20,41,15,17,123" hai2="60,111,120,95,50,22,48,16,116,80,75,64,93" hai3="54,39,91,55,125,114,108,8,21,72,82,49,128"/><V98/><F116/><W42/><G114/><T0/><D134/><U131/><E38/><V129/><F120/><W1/><G128/><T24/><D70/><U79/><E41/><V57/><F129/><W84/><G108/><T65/><D6/><U92/><E131/><V35/><F35/><W118/><G118/><T107/><D73/><U117/><E117/><V115/><F115/><W85/><G72/><T53/><D18/><U19/><E79/><V109/><F80/><W127/><G39/><T13/><D13/><U12/><E92/><N who="2" m="35403" /><F98/><W124/><G85/><T86/><D65/><U71/><E71/><V106/><F106/><W77/><G21/><T23/><D46/><U5/><E110/><N who="2" m="41995" /><F75/><W33/><G33/><T104/><D87/><U4/><E123/><V133/><F133/><W36/><G77/><T7/><D7/><AGARI ba="2,0" hai="4,5,7,9,12,15,17,19,20,25,31,34,112,113" machi="7" ten="40,5200,0" yaku="34,3" doraHai="135" who="1" fromWho="0" sc="98,-58,236,58,340,0,326,0" /><INIT seed="3,0,0,5,5,70" ten="40,294,340,326" oya="3" hai0="59,15,64,52,131,88,58,121,82,92,3,2,41" hai1="47,132,76,9,23,22,103,43,75,73,36,126,113" hai2="8,91,85,122,89,108,134,105,67,65,44,12,42" hai3="25,71,50,61,77,17,84,33,11,114,5,127,55"/><W90/><G114/><T87/><D121/><U124/><E113/><V19/><F105/><W63/><G127/><N who="1" m="48682" /><E132/><V128/><F134/><W129/><G129/><T18/><D131/><U119/><E119/><V69/><F108/><W86/><G71/><T40/><D3/><U21/><E76/><V51/><F122/><W49/><G33/><T72/><D2/><U7/><E103/><V20/><F69/><W56/><G77/><T62/><D72/><U123/><E123/><V45/><F89/><W135/><G135/><T74/><D74/><U112/><E112/><V46/><F128/><W34/><G34/><T102/><D102/><U109/><E109/><V110/><F110/><W29/><G17/><T31/><D31/><U130/><E130/><V16/><F65/><W35/><G63/><N who="0" m="38015" /><D82/><U120/><E120/><V116/><F67/><W68/><G68/><T95/><D92/><U48/><E48/><V98/><F98/><W96/><G96/><T78/><D78/><U27/><E27/><N who="2" m="14751" /><F116/><W24/><G24/><T101/><D101/><U93/><E93/><AGARI ba="0,0" hai="8,12,16,42,44,45,46,51,85,91,93" m="14751" machi="93" ten="30,2000,0" yaku="8,1,54,1" doraHai="70" who="2" fromWho="1" sc="40,0,294,-20,340,20,326,0" /><INIT seed="4,0,0,5,1,126" ten="40,274,360,326" oya="0" hai0="56,96,35,128,50,39,103,33,95,77,132,55,3" hai1="133,131,85,63,19,14,66,94,107,6,0,5,7" hai2="57,42,113,127,125,36,135,90,89,111,11,87,62" hai3="4,54,12,84,27,92,45,10,2,60,23,108,76"/><T115/><D39/><U119/><E119/><V73/><F73/><W20/><G108/><T41/><D41/><U26/><E107/><V15/><F111/><W105/><G105/><T97/><D3/><U53/><E133/><V118/><F135/><W16/><G45/><T114/><D132/><U99/><E0/><V80/><F113/><N who="0" m="43018" /><D77/><U37/><E85/><V25/><F25/><W28/><G60/><T34/><D97/><U81/><E81/><V61/><F61/><W86/><G54/><T18/><D18/><U43/><E26/><V24/><F24/><W82/><REACH who="3" step="1"/><G92/><REACH who="3" ten="40,274,360,316" step="2"/><T130/><AGARI ba="0,1" hai="33,34,35,50,55,56,95,96,103,128,130" m="43018" machi="130" ten="40,7800,0" yaku="15,1,52,2" doraHai="126" who="0" fromWho="0" sc="40,88,274,-26,360,-26,316,-26" /><INIT seed="4,1,0,1,3,26" ten="128,248,334,290" oya="0" hai0="68,89,46,106,35,21,32,130,78,44,80,53,88" hai1="96,60,95,126,55,71,67,100,56,10,112,31,41" hai2="120,63,115,27,45,54,123,127,13,82,128,11,79" hai3="37,34,48,108,116,87,84,93,122,103,50,49,64"/><T39/><D68/><U12/><E126/><V91/><F115/><W58/><G37/><T4/><D106/><U99/><E112/><V40/><F128/><W25/><G116/><T57/><D130/><U107/><E41/><V3/><F127/><W133/><G108/><T75/><D35/><U77/><E77/><V135/><F135/><W76/><G76/><T113/><D32/><U104/><E31/><V83/><F63/><W111/><G133/><T121/><D121/><U110/><E110/><V14/><F14/><W18/><G122/><T92/><D113/><U94/><E71/><V15/><F15/><W90/><G103/><T8/><D21/><U117/><E67/><V51/><F27/><W73/><G73/><T7/><D7/><U5/><REACH who="1" step="1"/><E117/><REACH who="1" ten="128,238,334,290" step="2"/><V134/><F134/><W81/><G64/><T97/><D39/><U62/><E62/><V42/><F79/><W119/><G119/><T85/><D75/><U6/><E6/><V101/><F40/><W132/><G132/><T28/><D28/><U74/><E74/><V98/><F42/><W36/><G111/><T124/><D124/><U9/><E9/><V72/><F72/><W19/><G34/><T43/><D43/><U0/><E0/><V22/><F3/><W86/><G36/><T29/><D29/><U131/><E131/><V69/><F69/><W30/><G30/><T109/><D109/><U61/><E61/><V1/><F1/><W23/><G19/><T52/><D78/><U59/><E59/><N who="2" m="33247" /><F120/><W24/><G58/><T105/><D57/><U16/><E16/><V125/><F123/><RYUUKYOKU ba="1,1" sc="128,-10,238,30,334,-10,290,-10" hai1="5,10,12,55,56,60,94,95,96,99,100,104,107" /><INIT seed="5,2,1,3,4,2" ten="118,268,324,280" oya="1" hai0="115,93,24,68,118,5,107,125,0,72,3,18,10" hai1="123,130,110,55,19,73,39,9,111,63,127,6,95" hai2="46,13,48,85,22,51,82,81,131,70,129,35,114" hai3="26,126,133,62,37,120,71,12,32,89,106,98,122"/><U49/><E123/><V30/><F70/><W100/><G12/><T34/><D107/><U14/><E39/><V50/><F35/><W67/><G89/><T61/><D118/><U86/><E73/><V17/><F30/><W40/><G133/><T16/><D72/><U74/><E74/><V66/><F66/><W99/><G99/><T27/><D115/><U23/><E63/><V96/><F96/><W113/><G113/><T31/><D125/><U52/><E127/><V87/><F114/><W7/><G7/><N who="0" m="1383" /><D93/><U88/><E130/><N who="2" m="49675" /><F46/><W77/><G77/><T60/><D60/><U121/><E121/><V116/><F116/><W117/><G117/><T109/><D61/><U119/><E119/><V25/><F25/><W91/><G91/><T4/><D68/><U80/><E80/><AGARI ba="2,1" hai="13,17,22,48,50,51,80,81,82,85,87" m="49675" machi="80" ten="30,1000,0" yaku="19,1" doraHai="2" who="2" fromWho="1" sc="118,0,268,-16,324,26,280,0" /><INIT seed="6,0,0,4,5,28" ten="118,252,350,280" oya="2" hai0="58,111,61,94,56,9,100,0,12,135,8,1,128" hai1="63,44,134,95,23,55,110,59,76,106,69,120,64" hai2="3,82,27,124,89,2,71,48,60,36,81,72,86" hai3="53,121,21,98,37,101,92,74,14,77,96,103,97"/><V34/><F124/><W132/><G37/><T87/><D111/><U49/><E106/><V65/><F36/><W50/><G121/><T24/><D135/><U131/><E110/><V90/><F48/><W6/><G132/><T47/><D128/><U43/><E134/><V41/><F41/><W129/><G129/><T30/><D47/><U7/><E131/><V45/><F45/><W119/><G119/><T13/><D12/><U54/><E120/><V70/><F70/><W127/><G127/><T91/><D58/><U19/><E7/><V107/><F107/><W38/><G38/><T75/><D75/><U42/><E76/><V114/><F114/><W46/><G74/><T62/><D62/><U4/><E4/><V112/><F112/><W126/><G77/><T68/><D68/><U35/><E35/><V33/><F27/><W113/><G113/><T15/><D15/><U122/><E122/><V67/><F67/><W133/><G133/><T105/><D100/><U109/><E109/><V18/><F18/><N who="3" m="10455" /><G6/><T83/><D105/><U85/><E69/><V123/><F123/><W57/><G126/><T79/><D13/><N who="1" m="9711" /><E42/><V31/><F31/><W102/><G46/><T125/><D0/><U88/><AGARI ba="0,0" hai="43,44,49,54,55,59,63,64,85,88,95" m="9711" machi="88" ten="30,2000,0" yaku="8,1,54,1" doraHai="28" who="1" fromWho="1" sc="118,-5,252,20,350,-10,280,-5" /><INIT seed="7,0,0,0,0,62" ten="113,272,340,275" oya="3" hai0="79,75,22,18,66,24,104,56,78,36,130,15,127" hai1="96,117,92,17,114,113,54,13,40,49,89,71,2" hai2="102,12,38,19,8,59,69,67,16,31,68,109,29" hai3="14,124,34,132,128,107,33,125,121,126,133,70,51"/><W48/><G107/><T86/><D130/><U28/><E2/><V44/><F109/><W46/><G121/><T0/><D127/><U99/><E71/><V50/><F102/><W64/><G14/><T53/><D0/><U110/><E110/><V11/><F68/><W10/><G10/><T82/><D104/><U91/><E28/><V74/><F74/><W25/><G128/><T39/><D75/><U4/><E40/><V111/><F111/><W115/><G115/><N who="1" m="44042" /><E4/><V26/><F69/><W81/><G81/><T97/><D39/><U101/><E99/><V27/><F38/><W108/><G108/><T88/><D36/><U123/><E117/><V47/><F50/><N who="3" m="18987" /><G46/><N who="2" m="17449" /><F11/><W80/><G80/><T7/><D53/><U135/><E123/><V23/><F27/><W129/><G129/><T95/><D7/><U85/><E85/><V1/><F1/><W63/><G25/><T37/><D37/><U73/><E73/><V105/><F105/><W77/><G77/><T76/><REACH who="0" step="1"/><D24/><REACH who="0" ten="103,272,340,275" step="2"/><U9/><E135/><AGARI ba="0,1" hai="33,34,63,64,70,124,125,126,132,133,135" m="18987" machi="135" ten="40,7700,0" yaku="18,1,20,1,52,1" doraHai="62" who="3" fromWho="1" sc="103,0,272,-77,340,0,275,87" owari="103,-40.0,195,-20.0,340,14.0,362,46.0" /></mjloggm>