<mjloggm ver="2.3"><GO type="185" lobby="0"/><UN n0="%E3%83%84%E3%83%BC%E3%82%A2%E3%82%A6%E3%83%88" n1="%E9%A0%88%E7%94%B0%E3%83%9F%E3%83%BC%E3%82%B3" n2="%E2%99%AA%E5%A4%A2%E5%85%88%E6%A1%88%E5%86%85%E4%BA%BA" n3="" dan="16,16,16,0" rate="2197.93,2171.85,2229.57,1500.00" sx="M,M,F,C"/><TAIKYOKU oya="0"/><INIT seed="0,0,0,3,1,67" ten="350,350,350,0" oya="0" hai0="3,78,55,49,57,0,64,42,122,99,81,48,106" hai1="91,109,83,89,90,129,41,112,88,111,84,97,71" hai2="110,39,100,33,72,104,75,92,43,61,114,74,133" hai3=""/><T62/><N who="0" m="31264" /><T69/><D106/><U2/><E2/><V82/><F114/><T66/><D99/><U46/><E112/><V73/><F110/><N who="1" m="41993" /><E129/><V47/><F133/><T120/><N who="0" m="30752" /><T35/><D35/><U105/><E71/><V86/><F33/><T118/><D118/><U134/><E134/><V58/><F104/><T121/><N who="0" m="31008" /><T1/><D66/><U63/><E63/><V32/><F74/><T108/><D108/><U76/><N who="1" m="22528" /><DORA hai="36" /><U131/><E131/><V85/><F82/><T128/><D128/><U95/><E105/><V113/><F113/><T98/><D98/><U123/><N who="1" m="31520" /><U116/><E116/><V130/><F32/><T115/><D115/><U50/><E97/><V52/><F130/><T135/><D135/><U44/><E44/><V77/><F77/><T93/><D93/><AGARI ba="0,0" hai="41,46,50,76,83,84,93,95" m="31520,22528,41993" machi="93" ten="50,8000,1" yaku="14,1,52,2,54,1" doraHai="67,36" who="1" fromWho="0" sc="350,-80,350,80,350,0,0,0" /><INIT seed="1,0,0,5,3,101" ten="270,430,350,0" oya="1" hai0="71,53,33,35,109,134,131,119,113,37,116,48,0" hai1="92,54,104,40,105,57,56,2,85,59,87,117,98" hai2="39,106,43,84,110,97,58,89,47,81,86,125,111" hai3=""/><U108/><E117/><V66/><F125/><T55/><RYUUKYOKU type="yao9" ba="0,0" sc="270,0,430,0,350,0,0,0" hai0="0,33,35,37,48,53,55,71,109,113,116,119,131,134" /><INIT seed="1,1,0,5,4,88" ten="270,430,350,0" oya="1" hai0="58,129,127,60,112,70,92,119,75,76,64,94,71" hai1="135,35,33,103,53,99,93,39,32,55,82,81,62" hai2="77,42,49,115,66,114,50,120,47,121,69,122,68" hai3=""/><U111/><E39/><V105/><N who="2" m="30752" /><V48/><N who="2" m="31008" /><V43/><N who="2" m="31264" /><V113/><F105/><T3/><D112/><U104/><E135/><V1/><F1/><T80/><D3/><U95/><E111/><V83/><F66/><T40/><D119/><U57/><REACH who="1" step="1"/><E53/><REACH who="1" ten="270,420,350,0" step="2"/><V128/><F128/><T84/><D129/><U134/><E134/><V117/><F117/><T78/><D40/><N who="2" m="15402" /><F47/><T46/><D46/><U132/><E132/><V61/><F61/><T118/><D118/><U44/><E44/><V34/><F34/><T36/><D36/><U65/><E65/><V56/><F56/><T96/><D58/><U87/><E87/><AGARI ba="1,1" hai="48,49,50,68,69,77,83,87,113,114,115" m="15402,31264,31008,30752" machi="87" ten="40,8000,1" yaku="11,1,52,3" doraHai="88" who="2" fromWho="1" sc="270,0,420,-82,350,92,0,0" /><INIT seed="2,0,0,2,5,106" ten="270,338,442,0" oya="2" hai0="132,68,59,94,87,36,125,2,66,84,50,72,92" hai1="53,119,130,35,116,129,95,97,96,67,109,89,52" hai2="61,62,37,74,60,102,46,83,115,108,131,58,101" hai3=""/><V98/><F115/><T120/><N who="0" m="30752" /><T82/><D36/><U114/><E109/><V40/><F108/><T104/><D104/><U56/><E114/><V64/><F131/><N who="1" m="50185" /><E97/><V39/><F39/><T65/><D2/><U110/><E110/><V77/><REACH who="2" step="1"/><F102/><REACH who="2" ten="270,338,432,0" step="2"/><T134/><D134/><U32/><E32/><V54/><F54/><N who="1" m="21097" /><E35/><V81/><F81/><T33/><D82/><U103/><E103/><V42/><F42/><T73/><D33/><U118/><E67/><V38/><F38/><T133/><D132/><U127/><E127/><V100/><F100/><T123/><N who="0" m="31520" /><T135/><D125/><U63/><E63/><V0/><F0/><T85/><D135/><U126/><E126/><V117/><F117/><T99/><D133/><U76/><E56/><V48/><F48/><T128/><D50/><U121/><N who="1" m="31008" /><U3/><E3/><V71/><F71/><T111/><D128/><U88/><E118/><V90/><F90/><T49/><D111/><U107/><E89/><V86/><F86/><T112/><D112/><U93/><E116/><V91/><F91/><T69/><D87/><U78/><E119/><V75/><F75/><T43/><D49/><U41/><E41/><V47/><F47/><T70/><D43/><RYUUKYOKU ba="0,1" sc="270,-10,338,-10,432,20,0,0" hai2="37,40,46,58,60,61,62,64,74,77,83,98,101" /><INIT seed="2,1,1,3,5,64" ten="260,328,452,0" oya="2" hai0="100,121,108,111,135,85,106,47,3,101,97,33,116" hai1="125,110,113,93,69,91,61,50,46,127,77,123,57" hai2="94,36,115,74,88,83,112,122,0,51,32,52,99" hai3=""/><V49/><N who="2" m="31264" /><V75/><F36/><T129/><N who="0" m="31008" /><T62/><D3/><U98/><N who="1" m="31520" /><U54/><E110/><N who="0" m="42025" /><D33/><U72/><E113/><V80/><F32/><T35/><D35/><U96/><E96/><V87/><F0/><T40/><D116/><U81/><REACH who="1" step="1"/><E69/><REACH who="1" ten="260,318,452,0" step="2"/><V105/><F115/><T119/><D119/><U53/><AGARI ba="1,2" hai="46,50,53,54,57,61,72,77,81,91,93,98,125,127" m="31520" machi="53" ten="30,6000,1" yaku="1,1,2,1,0,1,52,1,53,1" doraHai="64" doraHaiUra="76" who="1" fromWho="1" sc="260,-21,318,82,452,-41,0,0" /><INIT seed="4,0,0,2,2,67" ten="239,400,411,0" oya="0" hai0="33,74,40,69,49,116,32,59,100,50,60,99,97" hai1="109,94,115,90,48,42,63,56,0,1,88,3,82" hai2="123,95,41,120,113,34,37,106,133,91,65,53,135" hai3=""/><T71/><D74/><U66/><E109/><V111/><F111/><T43/><D59/><U102/><E115/><V47/><F34/><T117/><D100/><U72/><E102/><V70/><F113/><T76/><D60/><U126/><E126/><V46/><N who="2" m="30752" /><V112/><N who="2" m="31520" /><V75/><F75/><T131/><REACH who="0" step="1"/><D76/><REACH who="0" ten="229,400,411,0" step="2"/><U77/><REACH who="1" step="1"/><E94/><REACH who="1" ten="229,390,411,0" step="2"/><V119/><F95/><T108/><D108/><U54/><E54/><V103/><F53/><T62/><D62/><U124/><E124/><V61/><F112/><T39/><D39/><U38/><E38/><V83/><F103/><T86/><D86/><U122/><N who="1" m="31264" /><U81/><E81/><V80/><F80/><T58/><D58/><U68/><E68/><V89/><F83/><T127/><D127/><U35/><E35/><V64/><F37/><T130/><AGARI ba="0,2" hai="32,33,40,43,49,50,69,71,97,99,116,117,130,131" machi="130" ten="25,12000,2" yaku="1,1,0,1,22,2,52,2,53,0" doraHai="67" doraHaiUra="78" who="0" fromWho="0" sc="229,140,390,-60,411,-60,0,0" /><INIT seed="4,1,0,1,5,38" ten="369,330,351,0" oya="0" hai0="130,70,111,36,51,46,96,87,133,115,67,88,63" hai1="129,44,43,126,127,32,60,55,78,66,117,42,49" hai2="109,90,41,84,102,48,81,39,85,132,79,108,52" hai3=""/><T112/><D111/><U3/><E3/><V110/><F132/><T98/><D130/><U125/><E78/><V1/><F1/><T99/><D36/><U34/><E117/><V114/><F114/><N who="0" m="43562" /><D133/><U134/><E134/><V62/><F102/><T116/><D116/><U104/><E104/><V131/><F62/><T105/><D105/><U83/><E83/><V119/><F131/><T68/><D68/><U120/><N who="1" m="30752" /><U45/><E129/><V121/><N who="2" m="31008" /><V47/><F119/><T91/><D87/><U123/><N who="1" m="31520" /><U76/><E76/><V80/><REACH who="2" step="1"/><F110/><REACH who="2" ten="369,330,341,0" step="2"/><T58/><D70/><U40/><REACH who="1" step="1"/><E45/><AGARI ba="1,1" hai="39,41,45,47,48,52,79,80,81,84,85,90,108,109" m="31008" machi="45" ten="30,12000,2" yaku="1,1,2,1,7,1,52,2,54,1,53,0" doraHai="38" doraHaiUra="94" who="2" fromWho="1" sc="369,0,330,-122,341,132,0,0" /><INIT seed="5,0,0,3,3,58" ten="369,208,473,0" oya="1" hai0="101,37,122,81,66,104,52,84,34,46,50,1,65" hai1="115,98,111,82,74,54,32,126,47,90,107,80,64" hai2="62,127,36,41,91,77,102,119,121,73,53,40,49" hai3=""/><U60/><E32/><V55/><N who="2" m="31008" /><V124/><F119/><T96/><N who="0" m="31264" /><T59/><D1/><U38/><E115/><V61/><F102/><T125/><D34/><U93/><E126/><V118/><F118/><T120/><N who="0" m="30752" /><T69/><D125/><U39/><E111/><V72/><F91/><T99/><D99/><U94/><E107/><V97/><F49/><T131/><D131/><U67/><E67/><V51/><F51/><T130/><D130/><U78/><E80/><V68/><F68/><T110/><D110/><U45/><E94/><V71/><F71/><T132/><D132/><U0/><E0/><V117/><F36/><T43/><REACH who="0" step="1"/><D69/><REACH who="0" ten="359,208,473,0" step="2"/><U88/><E90/><AGARI ba="0,1" hai="37,43,46,50,52,59,65,66,81,84,90,96,101,104" m="30752,31264" machi="90" ten="30,12000,2" yaku="1,1,2,1,7,1,52,2,54,1,53,0" doraHai="58" doraHaiUra="57" who="0" fromWho="1" sc="359,130,208,-120,473,0,0,0" /><INIT seed="6,0,0,0,3,128" ten="489,88,473,0" oya="2" hai0="46,76,42,51,112,123,126,58,125,53,98,130,63" hai1="92,97,33,104,70,119,84,94,95,43,120,115,77" hai2="47,48,122,121,117,59,80,61,91,65,82,135,32" hai3=""/><V56/><N who="2" m="31008" /><V85/><N who="2" m="31264" /><V88/><F135/><T103/><N who="0" m="31520" /><T62/><D130/><U38/><N who="1" m="30752" /><U66/><E66/><V83/><F117/><T89/><D112/><U39/><E70/><V45/><F32/><T0/><D0/><U54/><E54/><V81/><F91/><T72/><D89/><U90/><E43/><V40/><REACH who="2" step="1"/><F45/><REACH who="2" ten="489,88,463,0" step="2"/><T67/><D76/><U100/><E33/><V116/><F116/><T93/><REACH who="0" step="1"/><D72/><REACH who="0" ten="479,88,463,0" step="2"/><U71/><E119/><V118/><F118/><T75/><D75/><U127/><E115/><V52/><F52/><T44/><D44/><U68/><E68/><AGARI ba="0,2" hai="40,47,48,56,59,61,65,68,80,81,82,83,85,88" m="31264,31008" machi="68" ten="40,12000,1" yaku="1,1,52,2,54,1,53,0" doraHai="128" doraHaiUra="108" who="2" fromWho="1" sc="479,0,88,-120,463,140,0,0" /><AGARI ba="0,0" hai="42,46,51,53,58,62,63,67,68,93,98,103,125,126" m="31520" machi="68" ten="40,2600,0" yaku="1,1,52,1,53,0" doraHai="128" doraHaiUra="108" who="0" fromWho="1" sc="479,26,-32,-26,603,0,0,0" owari="505,11.0,-58,-66.0,603,55.0,0,0.0" /></mjloggm>