<mjloggm ver="2.3"><GO type="225" lobby="0"/><UN n0="%E9%B3%B4%E3%81%8D%E3%83%80%E3%83%AB%E3%83%9E" n1="%50%49%58%49" n2="%E3%81%AF%E3%82%88%E3%81%8A%E3%81%98%E3%81%95%E3%82%93" n3="%E3%83%AC%E3%82%A4%E3%83%88%E3%83%B3%E5%87%86%E6%95%99%E6%8E%88" dan="16,16,18,18" rate="2150.73,2127.16,2292.39,2332.67" sx="M,F,M,M"/><TAIKYOKU oya="0"/><INIT seed="0,0,0,2,2,118" ten="250,250,250,250" oya="0" hai0="89,7,75,132,79,44,126,12,45,123,83,9,104" hai1="37,33,43,0,40,59,13,97,100,54,91,96,115" hai2="10,92,72,62,58,87,88,95,23,65,122,3,120" hai3="133,27,11,134,25,84,90,102,36,112,46,29,135"/><T78/><D126/><U38/><E115/><V117/><F72/><W53/><G112/><T17/><D132/><U14/><E0/><V73/><F73/><W28/><G102/><T67/><D104/><U106/><E33/><V16/><F117/><W51/><G36/><T55/><D123/><U39/><E96/><V42/><F42/><W77/><G77/><T69/><D79/><U22/><E91/><V8/><F92/><N who="3" m="54343" /><G11/><T18/><D89/><U6/><E14/><V15/><REACH who="2" step="1"/><F10/><REACH who="2" ten="250,250,240,250" step="2"/><W56/><G46/><T108/><D45/><U63/><REACH who="1" step="1"/><E22/><REACH who="1" ten="250,240,240,250" step="2"/><V26/><F26/><AGARI ba="0,2" hai="25,26,27,28,29,51,53,56,133,134,135" m="54343" machi="26" ten="30,1000,0" yaku="20,1" doraHai="118" who="3" fromWho="2" sc="250,0,240,0,240,-10,250,30" /><INIT seed="1,0,0,1,3,43" ten="250,240,230,280" oya="1" hai0="89,70,29,38,31,60,81,9,25,36,55,5,27" hai1="79,69,16,115,82,92,121,62,37,64,106,101,133" hai2="48,124,84,44,83,85,45,102,122,130,4,49,26" hai3="125,135,66,30,19,110,123,73,117,46,103,61,76"/><U80/><E115/><V58/><F122/><W93/><G123/><T56/><D70/><U57/><E121/><V97/><F124/><W13/><G110/><T15/><D27/><U10/><E133/><V134/><F134/><W99/><G135/><T95/><D81/><U94/><E37/><V109/><F109/><W42/><G30/><T129/><D129/><U78/><E69/><V8/><F130/><W113/><G113/><T40/><D40/><U128/><E128/><V24/><F58/><W131/><G117/><T51/><D60/><U28/><E28/><V6/><F97/><W63/><G125/><T68/><D29/><U35/><E35/><V54/><F102/><W90/><G103/><T118/><D68/><U7/><E106/><V34/><F34/><W111/><G111/><T23/><REACH who="0" step="1"/><D118/><REACH who="0" ten="240,240,230,280" step="2"/><U96/><E94/><V41/><F41/><W132/><G42/><T1/><D1/><U74/><E82/><V71/><F71/><W100/><G132/><T50/><D50/><U20/><E79/><V98/><F83/><W67/><G76/><T114/><D114/><U107/><E107/><V0/><F0/><W22/><G131/><T127/><D127/><U120/><E120/><V91/><F49/><W53/><G73/><T14/><D14/><U47/><E80/><V88/><F48/><N who="3" m="28823" /><G61/><T21/><D21/><U108/><E108/><V105/><F105/><N who="3" m="63647" /><G63/><T65/><D65/><U18/><E74/><V52/><F8/><W75/><G75/><T12/><D12/><N who="1" m="5215" /><E78/><V33/><F33/><W116/><G116/><T119/><D119/><U59/><E20/><RYUUKYOKU ba="0,1" sc="240,10,240,-30,230,10,280,10" hai0="5,9,15,23,25,31,36,38,51,55,56,89,95" hai2="4,6,24,26,44,45,52,54,84,85,88,91,98" hai3="13,19,22,66,67,90,93" /><INIT seed="2,1,1,1,1,107" ten="250,210,240,290" oya="2" hai0="61,127,0,94,70,47,109,64,116,71,101,105,78" hai1="77,50,33,17,35,29,91,55,124,54,30,121,2" hai2="42,83,46,14,126,26,60,31,133,131,72,87,38" hai3="43,66,27,125,99,92,56,93,96,41,106,57,36"/><V34/><F126/><W80/><G125/><T45/><D127/><U58/><E124/><V89/><F131/><W18/><G106/><T40/><D109/><U20/><E121/><V102/><F133/><W100/><G80/><T5/><D116/><U25/><E2/><V62/><F102/><W120/><G120/><T85/><D105/><U84/><E77/><V21/><F72/><W88/><G36/><T123/><D123/><U13/><E55/><V12/><F34/><W95/><G95/><T37/><D45/><U68/><E68/><V15/><AGARI ba="1,1" hai="12,14,15,21,26,31,38,42,46,60,62,83,87,89" machi="15" ten="30,1500,0" yaku="0,1" doraHai="107" who="2" fromWho="2" sc="250,-6,210,-6,240,28,290,-6" /><INIT seed="2,2,0,1,0,64" ten="244,204,268,284" oya="2" hai0="93,98,33,26,56,70,63,20,22,105,36,108,32" hai1="39,120,127,12,49,28,101,104,125,80,54,90,37" hai2="34,62,107,97,109,100,65,115,1,21,96,103,58" hai3="86,79,130,74,53,25,81,9,95,14,129,114,68"/><V135/><F115/><W76/><G114/><T94/><D108/><U122/><E28/><V17/><F109/><W38/><G38/><N who="1" m="14346" /><E12/><V71/><F135/><W69/><G25/><T23/><D36/><U128/><E101/><V75/><F75/><W119/><G53/><T51/><D105/><U112/><E104/><V10/><F34/><W61/><G61/><T126/><D126/><N who="1" m="48139" /><E80/><V46/><F46/><W59/><G59/><T102/><D26/><U35/><E90/><V43/><F43/><W83/><G95/><T13/><D13/><U123/><E35/><V18/><F58/><W99/><G119/><T47/><D70/><U5/><E5/><V15/><F1/><W52/><G52/><T55/><REACH who="0" step="1"/><D94/><REACH who="0" ten="234,204,268,284" step="2"/><U42/><E112/><V50/><F107/><W82/><G69/><T44/><D44/><N who="1" m="27943" /><E42/><AGARI ba="2,1" hai="20,22,23,32,33,42,47,51,55,56,63,93,98,102" machi="42" ten="40,1300,0" yaku="1,1,53,0" doraHai="64" doraHaiUra="110" who="0" fromWho="1" sc="234,29,204,-19,268,0,284,0" /><INIT seed="3,0,0,0,0,33" ten="263,185,268,284" oya="3" hai0="17,121,117,99,8,76,6,93,113,88,23,86,70" hai1="127,129,73,15,43,112,24,114,18,55,72,92,75" hai2="7,37,118,42,5,94,115,4,57,20,47,84,34" hai3="68,80,9,81,135,35,104,40,100,103,39,59,52"/><W108/><G68/><T28/><D117/><U69/><E127/><V13/><F115/><W107/><G35/><T109/><D121/><U27/><E129/><V64/><F34/><W79/><G108/><T78/><D70/><U11/><E69/><V30/><F118/><W95/><G135/><T65/><D109/><U90/><E43/><V132/><F132/><W2/><G95/><N who="0" m="54679" /><D65/><U45/><E45/><V58/><F64/><W133/><G80/><T26/><D6/><U51/><E112/><V48/><F37/><W14/><G107/><T74/><D74/><U97/><REACH who="1" step="1"/><E114/><REACH who="1" ten="263,175,268,284" step="2"/><V111/><F111/><W67/><G40/><T62/><D113/><U31/><E31/><V29/><F29/><W54/><G133/><T101/><D62/><U50/><E50/><V83/><F30/><W130/><G130/><T106/><D106/><U46/><AGARI ba="0,1" hai="11,15,18,24,27,46,51,55,72,73,75,90,92,97" machi="46" ten="30,2000,0" yaku="1,1,0,1,53,0" doraHai="33" doraHaiUra="16" who="1" fromWho="1" sc="263,-5,175,30,268,-5,284,-10" /><INIT seed="4,0,0,3,4,109" ten="258,205,263,274" oya="0" hai0="85,46,33,117,126,34,62,9,25,84,11,83,18" hai1="125,133,13,76,104,56,130,134,3,1,113,92,39" hai2="24,89,124,86,105,23,17,116,52,135,32,123,99" hai3="14,82,51,26,19,0,106,87,41,57,98,67,78"/><T95/><D117/><U28/><E104/><V42/><F123/><W120/><G0/><N who="1" m="74" /><E39/><V49/><F32/><W20/><G120/><T79/><D126/><U114/><E76/><V35/><F124/><W59/><G67/><T96/><D84/><U16/><E125/><V31/><F135/><N who="1" m="51721" /><E130/><V61/><F116/><W21/><G106/><T80/><D80/><U103/><E56/><V115/><F42/><W72/><G72/><T7/><D46/><U91/><E103/><V36/><F36/><W81/><G98/><T131/><D131/><U108/><E108/><V8/><F105/><W50/><G82/><T111/><D111/><U77/><E77/><V97/><F61/><W58/><REACH who="3" step="1"/><G41/><REACH who="3" ten="258,205,263,264" step="2"/><T128/><D128/><U10/><E28/><AGARI ba="0,1" hai="14,19,20,21,26,28,50,51,57,58,59,78,81,87" machi="28" ten="40,8000,1" yaku="1,1,2,1,8,1,53,2" doraHai="109" doraHaiUra="47" who="3" fromWho="1" sc="258,0,205,-80,263,0,264,90" owari="258,-14.0,125,-37.0,263,6.0,354,45.0" /></mjloggm>