<mjloggm ver="2.3"><GO type="169" lobby="0"/><UN n0="%E3%81%8B%E3%81%B6%E8%8C%B6" n1="%53%50%E3%81%95%E3%81%AF%E3%82%89" n2="%E9%BB%92%E9%9B%BB%E8%A9%B1" n3="%45%72%77%69%6E%52%64" dan="16,16,17,17" rate="2170.46,2144.18,2192.91,2154.73" sx="M,M,M,M"/><TAIKYOKU oya="0"/><INIT seed="0,0,0,3,1,47" ten="250,250,250,250" oya="0" hai0="121,75,104,38,123,44,66,56,9,89,70,82,51" hai1="12,124,25,65,18,129,72,110,73,119,62,52,132" hai2="57,131,37,63,32,102,90,88,127,55,49,105,4" hai3="103,101,13,0,93,118,21,17,84,22,41,92,71"/><T113/><D113/><U115/><E115/><V109/><F32/><W3/><G71/><T91/><D104/><U6/><E119/><V125/><F37/><W36/><G118/><T45/><D70/><U116/><E116/><V74/><F74/><W33/><G33/><T126/><D126/><N who="2" m="48138" /><F109/><W7/><G36/><T77/><D45/><U106/><E65/><N who="2" m="39151" /><F4/><W64/><G41/><T83/><D38/><U16/><E6/><V111/><F111/><W81/><G64/><T117/><D117/><U68/><E68/><V43/><F43/><W67/><G67/><T134/><D9/><U122/><E73/><V76/><F76/><W78/><G0/><T53/><D83/><U31/><E72/><V100/><F131/><W24/><G3/><T114/><D114/><U120/><E110/><V60/><F60/><W14/><G7/><T97/><D75/><U28/><E62/><V30/><F30/><N who="3" m="17679" /><G13/><T58/><D66/><U40/><E12/><V95/><F105/><W61/><G61/><T2/><D2/><U15/><E106/><V107/><F107/><W128/><G128/><T112/><D112/><U50/><E15/><V99/><F102/><AGARI ba="0,0" hai="14,17,22,78,81,84,92,93,101,102,103" m="17679" machi="102" ten="30,1000,0" yaku="8,1" doraHai="47" who="3" fromWho="2" sc="250,0,250,0,250,-10,250,10" /><INIT seed="1,0,0,3,3,16" ten="250,250,240,260" oya="1" hai0="122,72,118,113,51,66,59,69,58,3,49,9,53" hai1="35,46,45,100,102,5,38,67,0,60,87,15,83" hai2="73,99,81,88,18,12,37,135,41,82,21,8,101" hai3="24,78,47,25,44,28,50,108,80,120,106,93,32"/><U109/><E35/><V34/><F34/><W14/><G120/><T65/><D72/><U64/><E0/><V132/><F73/><W42/><G106/><T90/><D113/><U26/><E109/><V57/><F37/><W74/><G108/><T70/><D90/><U33/><E33/><V1/><F41/><W7/><G24/><T111/><D9/><U39/><E26/><V40/><F40/><W125/><G125/><T105/><D105/><U61/><E5/><V23/><F1/><W129/><G129/><T11/><D11/><U55/><E15/><V71/><F71/><N who="0" m="27146" /><D3/><U104/><E104/><V97/><F57/><N who="0" m="21514" /><D111/><U76/><E87/><V84/><F82/><W17/><G7/><T56/><D122/><U6/><E6/><V112/><F112/><W98/><G44/><N who="0" m="27815" /><D118/><U110/><E110/><V52/><F99/><W29/><G25/><T89/><D89/><U117/><E117/><V92/><REACH who="2" step="1"/><F52/><AGARI ba="0,0" hai="51,52,56,65,66" m="27815,21514,27146" machi="52" ten="30,12000,2" yaku="35,5,54,1" doraHai="16" who="0" fromWho="2" sc="250,120,250,0,240,-120,260,0" /><INIT seed="2,0,0,3,1,83" ten="370,250,120,260" oya="2" hai0="130,31,19,30,62,70,14,116,74,120,2,125,84" hai1="67,101,47,94,33,54,88,127,58,13,93,63,124" hai2="8,27,107,4,1,103,128,20,35,65,7,5,57" hai3="66,53,108,122,106,129,115,46,29,48,64,81,82"/><V87/><F107/><W85/><G106/><T50/><D74/><U78/><E33/><V123/><F103/><W23/><G122/><T60/><D2/><U26/><E78/><V37/><F37/><W80/><G108/><T118/><D120/><U73/><E73/><V36/><F36/><W135/><G129/><T102/><D102/><U133/><E133/><V77/><F35/><W89/><G115/><T9/><D125/><N who="1" m="48203" /><E26/><V132/><F123/><W49/><G135/><T51/><D130/><U112/><E13/><V121/><F121/><W0/><G0/><T39/><D39/><U72/><E72/><V56/><F132/><W90/><G90/><T55/><D51/><N who="1" m="29055" /><E112/><V61/><F56/><N who="3" m="32807" /><G23/><T44/><D84/><N who="1" m="52359" /><E94/><V32/><F32/><W100/><G100/><AGARI ba="0,0" hai="58,63,67,100,101" m="52359,29055,48203" machi="100" ten="30,3900,0" yaku="18,1,52,1,54,1" doraHai="83" who="1" fromWho="3" sc="370,0,250,39,120,0,260,-39" /><INIT seed="3,0,0,2,2,36" ten="370,289,120,221" oya="3" hai0="112,66,30,106,122,97,62,123,32,94,25,14,127" hai1="44,17,119,26,43,10,129,126,80,35,24,85,61" hai2="37,52,64,117,86,22,58,98,27,33,34,130,96" hai3="70,128,51,124,41,72,63,4,7,23,88,100,60"/><W19/><G72/><T105/><D127/><U55/><E126/><V6/><F37/><W131/><G124/><T2/><D2/><U104/><E104/><V110/><F117/><W15/><G100/><T89/><D112/><U74/><E74/><V18/><F110/><W39/><G39/><T54/><D54/><U109/><E109/><V28/><F130/><N who="3" m="49707" /><G70/><T16/><D106/><U121/><E129/><V71/><F34/><W9/><G4/><T95/><D95/><U11/><E26/><V59/><F71/><W45/><G88/><T91/><D91/><U50/><E121/><V21/><F33/><W46/><G45/><T118/><D105/><U113/><E113/><V20/><F6/><W38/><G38/><T8/><D118/><U75/><E75/><V12/><F86/><W125/><G125/><T65/><D65/><U13/><E35/><V103/><F103/><W78/><G78/><T82/><D82/><U114/><E80/><V3/><F3/><AGARI ba="0,0" hai="3,7,9,15,19,23,41,46,51,60,63" m="49707" machi="3" ten="30,2900,0" yaku="19,1,52,1" doraHai="36" who="3" fromWho="2" sc="370,0,289,0,120,-29,221,29" /><INIT seed="3,1,0,5,1,96" ten="370,289,91,250" oya="3" hai0="4,104,61,30,25,60,106,10,99,43,12,78,36" hai1="123,112,82,16,105,95,98,94,85,90,121,6,87" hai2="33,115,34,51,68,27,93,132,126,1,31,102,35" hai3="101,62,5,86,9,69,113,2,89,114,41,48,32"/><W92/><G32/><T80/><D36/><U17/><E6/><V100/><F115/><W22/><G22/><T131/><D43/><U134/><E112/><V7/><F68/><W130/><G130/><T54/><D131/><U97/><E134/><V77/><F132/><W19/><G19/><T76/><D76/><N who="1" m="46279" /><E16/><V110/><F110/><W73/><G73/><T14/><D14/><U42/><E17/><V15/><F77/><W117/><G117/><T44/><D61/><U39/><E42/><V120/><F126/><W49/><G49/><T119/><D119/><U88/><E39/><V84/><F1/><W103/><G113/><T37/><D37/><U28/><E28/><V79/><F120/><W72/><G72/><T23/><D60/><U122/><E87/><V65/><F65/><W0/><G0/><T129/><D54/><U45/><E45/><V8/><F51/><W124/><G124/><T55/><D55/><U133/><E133/><V58/><F58/><W83/><G114/><T57/><D57/><U70/><E70/><V109/><F109/><W63/><G62/><T75/><D44/><U91/><E105/><V71/><F71/><W21/><G21/><T116/><D116/><U127/><E127/><V118/><F118/><W46/><G63/><T135/><D135/><U56/><E56/><V66/><F66/><W24/><G24/><T128/><D106/><U29/><E29/><V40/><F40/><W64/><G64/><T50/><D50/><U13/><E13/><V3/><F3/><W74/><G69/><T38/><D38/><U108/><E108/><RYUUKYOKU ba="1,0" sc="370,10,289,10,91,-30,250,10" hai0="4,10,12,23,25,30,75,78,80,99,104,128,129" hai1="88,90,91,94,95,97,98,121,122,123" hai3="2,5,9,41,46,48,74,83,86,89,92,101,103" /><INIT seed="3,2,0,0,0,82" ten="380,299,61,260" oya="3" hai0="84,62,17,34,109,96,108,115,94,28,118,60,95" hai1="80,107,64,13,76,99,72,86,81,125,45,77,119" hai2="134,102,117,16,58,78,4,21,103,22,90,88,127" hai3="40,48,61,36,110,51,111,133,14,104,39,53,106"/><W43/><G14/><T121/><D121/><U0/><E0/><V128/><F117/><W98/><G98/><T91/><D118/><U25/><E119/><V37/><F37/><N who="3" m="14411" /><G61/><T49/><D115/><U112/><E112/><V20/><F128/><W31/><G31/><T132/><D17/><U10/><E64/><V85/><F127/><W116/><G116/><T131/><D131/><U29/><E125/><V18/><F134/><W5/><G5/><T56/><D132/><U79/><E45/><V52/><F4/><W24/><G24/><T35/><D49/><N who="3" m="19017" /><G53/><T11/><D62/><U7/><E72/><V23/><F78/><W30/><G30/><T120/><D11/><U100/><REACH who="1" step="1"/><E80/><REACH who="1" ten="380,289,61,260" step="2"/><N who="2" m="49191" /><F90/><W135/><G135/><T55/><D91/><U38/><E38/><V83/><F83/><W27/><G133/><T122/><D122/><U12/><E12/><N who="2" m="9223" /><F18/><W44/><G27/><T130/><D120/><U59/><E59/><V3/><F3/><W26/><G26/><T9/><D130/><U97/><E97/><V126/><F126/><W47/><G47/><T33/><D96/><U2/><E2/><V41/><F41/><N who="3" m="15947" /><G44/><T114/><D114/><U32/><AGARI ba="2,1" hai="7,10,13,25,29,32,76,77,79,81,86,99,100,107" machi="32" ten="20,8000,1" yaku="1,1,0,1,7,1,52,1,53,1" doraHai="82" doraHaiUra="93" who="1" fromWho="1" sc="380,-22,289,96,61,-22,260,-42" /><INIT seed="4,0,0,0,0,42" ten="358,385,39,218" oya="0" hai0="22,63,87,53,2,65,128,4,123,72,43,127,121" hai1="1,90,109,110,16,78,35,84,95,6,14,3,50" hai2="73,20,62,7,117,64,40,17,70,107,89,100,94" hai3="102,38,37,19,13,30,26,5,126,99,92,52,28"/><T21/><D72/><U83/><E35/><V27/><F117/><W115/><G115/><T34/><D34/><U88/><E6/><V104/><F73/><W56/><G126/><T33/><D33/><U18/><E90/><V132/><F7/><W113/><G113/><T118/><D118/><U12/><E3/><V55/><F100/><W119/><G119/><T112/><D87/><U134/><E1/><V80/><F80/><W41/><G37/><T67/><D2/><U45/><E134/><V23/><F132/><W101/><G101/><T66/><D22/><U31/><E31/><V10/><F10/><W96/><G96/><T81/><D21/><N who="1" m="11415" /><E110/><V103/><F103/><W49/><G26/><T77/><D77/><U133/><E109/><V15/><F40/><W79/><G5/><T124/><D81/><U135/><E135/><V125/><F125/><W36/><G36/><T24/><D24/><U11/><E133/><V131/><F131/><W48/><G38/><T39/><D128/><U93/><E78/><V76/><F76/><W51/><G79/><T97/><D4/><U60/><E60/><V85/><REACH who="2" step="1"/><F55/><AGARI ba="0,0" hai="11,12,18,45,50,55,83,84,88,93,95" m="11415" machi="55" ten="30,8000,1" yaku="25,1,8,1,52,1,54,2" doraHai="42" who="1" fromWho="2" sc="358,0,385,80,39,-80,218,0" owari="358,16.0,465,56.0,-41,-54.0,218,-18.0" /></mjloggm>