<mjloggm ver="2.3"><GO type="169" lobby="0"/><UN n0="%6E%69%6B%6B%61%31%31%38" n1="%E4%BF%BA%E3%81%A7%E3%81%99" n2="%E8%BC%9D%E6%B5%B7" n3="%E6%99%82%E9%9B%A8%E8%92%BC%E7%87%95%E6%B5%81" dan="16,16,17,16" rate="2045.84,2064.01,2169.36,2108.37" sx="M,M,M,M"/><TAIKYOKU oya="0"/><INIT seed="0,0,0,1,0,23" ten="250,250,250,250" oya="0" hai0="84,131,132,125,48,52,43,25,2,31,14,113,17" hai1="56,7,10,63,44,27,135,49,62,130,30,119,72" hai2="28,22,108,69,35,110,13,70,15,1,67,34,78" hai3="122,65,71,88,77,116,75,36,32,8,107,16,92"/><T38/><D2/><U96/><E119/><V5/><F78/><W57/><G116/><T46/><D125/><U82/><E135/><V83/><F83/><W9/><G107/><T115/><D131/><U95/><E130/><V124/><F67/><W102/><G102/><T59/><D132/><U66/><E63/><V60/><F60/><W121/><G36/><T123/><D84/><U33/><E82/><V73/><F73/><W98/><G32/><N who="2" m="12329" /><F70/><W101/><G71/><T4/><D4/><U53/><E72/><V117/><F69/><W109/><G109/><N who="2" m="42089" /><F124/><W26/><G101/><T91/><D123/><N who="3" m="47113" /><G57/><T68/><D91/><U37/><E37/><V45/><F45/><W61/><G61/><T29/><D29/><U58/><E96/><V47/><F47/><W89/><G89/><T97/><D97/><U104/><E95/><V50/><F50/><W20/><G65/><T127/><D68/><U0/><E104/><V86/><F86/><W39/><G39/><T90/><D90/><U87/><E87/><V24/><F117/><W51/><G51/><T76/><D76/><U80/><E80/><AGARI ba="0,0" hai="8,9,16,20,26,75,77,80,88,92,98" m="47113" machi="80" ten="30,7700,0" yaku="13,1,52,1,54,2" doraHai="23" who="3" fromWho="1" sc="250,0,250,-77,250,0,250,77" /><INIT seed="1,0,0,1,5,67" ten="250,173,250,327" oya="1" hai0="98,82,30,110,88,123,84,42,45,104,9,73,18" hai1="20,32,37,75,39,44,83,48,112,24,28,62,11" hai2="111,74,69,89,29,6,34,124,102,14,101,3,103" hai3="78,59,97,109,114,76,46,55,71,126,2,25,50"/><U94/><E112/><V51/><F74/><W61/><G114/><T131/><D131/><U130/><E130/><V33/><F3/><W22/><G109/><T77/><D110/><U23/><E62/><V47/><F111/><W41/><G126/><T38/><D30/><U135/><E135/><V40/><F124/><W35/><G35/><T26/><D123/><U115/><E115/><V27/><F34/><W64/><G2/><T10/><D26/><U1/><E94/><V68/><REACH who="2" step="1"/><F89/><REACH who="2" ten="250,173,240,327" step="2"/><W86/><G97/><T53/><D18/><U120/><E120/><V85/><F85/><W99/><G99/><T70/><D73/><U5/><E32/><V7/><F7/><W17/><REACH who="3" step="1"/><G86/><REACH who="3" ten="250,173,240,317" step="2"/><T129/><D98/><U117/><E75/><V4/><F4/><W19/><G19/><T106/><D129/><U107/><E1/><V54/><F54/><W36/><AGARI ba="0,2" hai="17,22,25,36,41,46,50,55,59,61,64,71,76,78" machi="36" ten="20,12000,2" yaku="1,1,0,1,7,1,24,2,52,1,53,0" doraHai="67" doraHaiUra="87" who="3" fromWho="3" sc="250,-30,173,-60,240,-30,317,140" /><INIT seed="2,0,0,1,2,19" ten="220,113,210,457" oya="2" hai0="33,123,17,44,112,70,20,126,54,134,65,111,115" hai1="127,8,103,62,113,56,133,117,94,87,21,80,28" hai2="129,5,9,29,59,66,58,76,22,107,26,120,135" hai3="53,97,10,16,46,4,55,47,132,36,89,32,50"/><V79/><F120/><W106/><G32/><T25/><D111/><U68/><E113/><V90/><F129/><W84/><G132/><T119/><D126/><U48/><E117/><V7/><F107/><W72/><G72/><T11/><D123/><U52/><E133/><V109/><F135/><W116/><G116/><T122/><D122/><U78/><E127/><V45/><F109/><W12/><G36/><T35/><D119/><U14/><E68/><V102/><F102/><W128/><G128/><T49/><D134/><U61/><E94/><V0/><F7/><W96/><G106/><T40/><D33/><U124/><E103/><V73/><F73/><W42/><G4/><T38/><D35/><U104/><E104/><V23/><F45/><W82/><G42/><T57/><REACH who="0" step="1"/><D11/><REACH who="0" ten="210,113,210,457" step="2"/><U101/><E124/><V18/><F9/><W64/><G64/><T93/><D93/><U74/><E74/><V98/><F66/><W108/><G108/><T95/><D95/><U71/><E71/><V85/><F98/><W131/><G131/><T27/><D27/><N who="1" m="16495" /><E101/><V15/><F0/><W34/><G34/><T83/><D83/><U67/><E67/><V31/><F26/><W1/><G1/><T110/><D110/><U121/><E121/><V86/><F15/><W13/><G13/><T2/><D2/><U105/><E105/><V81/><F81/><W92/><G92/><T69/><D69/><U88/><E78/><V51/><F79/><W43/><G43/><T130/><D130/><U60/><E14/><V39/><F76/><W37/><G53/><T91/><D91/><RYUUKYOKU ba="0,1" sc="210,10,113,10,210,-30,457,10" hai0="17,20,25,38,40,44,49,54,57,65,70,112,115" hai1="8,48,52,56,60,61,62,80,87,88" hai3="10,12,16,37,46,47,50,55,82,84,89,96,97" /><INIT seed="3,1,1,3,2,42" ten="220,123,180,467" oya="3" hai0="87,46,1,7,131,89,44,82,30,105,92,51,58" hai1="85,50,63,15,121,72,90,9,75,95,117,84,53" hai2="38,3,21,119,114,99,93,102,135,39,70,77,48" hai3="91,14,49,59,11,37,65,0,113,29,122,110,56"/><W128/><G113/><T133/><D105/><U115/><E121/><V132/><F70/><W24/><G122/><T103/><D131/><U28/><E115/><V61/><F3/><W45/><G128/><T71/><D71/><U67/><E117/><V76/><F114/><W2/><G37/><T107/><D107/><U78/><E28/><V40/><F119/><W94/><G110/><T55/><D133/><N who="2" m="51274" /><F48/><W74/><G74/><T23/><D1/><U127/><E127/><V81/><F61/><W17/><G65/><T12/><D7/><U129/><E84/><N who="2" m="48167" /><F77/><W8/><G8/><T36/><D36/><U5/><E78/><V34/><F34/><W20/><G0/><T54/><D54/><U86/><E86/><V69/><F69/><W98/><G2/><T31/><D31/><U108/><E108/><V116/><F116/><W118/><G118/><T57/><D57/><U80/><E129/><V47/><F21/><W10/><G10/><T18/><D30/><U96/><E63/><V60/><F60/><W125/><G125/><T68/><D68/><U123/><E67/><V111/><F38/><W13/><G13/><T97/><AGARI ba="1,1" hai="12,18,23,44,46,51,55,58,82,87,89,92,97,103" machi="97" ten="30,7900,0" yaku="0,1,8,1,52,2" doraHai="42" who="0" fromWho="0" sc="220,92,123,-21,180,-21,467,-40" /><INIT seed="4,0,0,2,2,87" ten="312,102,159,427" oya="0" hai0="83,44,30,29,5,35,41,123,76,68,40,98,106" hai1="77,134,63,124,88,52,126,62,48,36,104,119,121" hai2="21,42,9,15,66,60,108,11,13,61,78,79,70" hai3="118,133,117,64,31,94,12,18,34,135,39,127,27"/><T96/><D68/><U7/><E121/><V111/><F21/><W73/><G39/><T59/><D5/><U89/><E119/><N who="3" m="45578" /><G64/><T116/><D116/><U50/><E104/><V105/><F105/><W17/><G73/><T85/><D35/><U69/><E77/><V131/><F66/><W81/><G81/><T23/><D59/><N who="1" m="35175" /><E36/><V6/><F42/><W57/><G57/><T45/><D83/><U82/><E7/><V3/><F6/><W122/><G94/><T91/><D76/><U0/><E0/><V46/><F46/><W1/><G1/><T43/><D106/><U32/><E32/><V114/><F3/><W125/><G122/><T51/><D43/><U101/><E101/><V10/><F70/><W75/><G75/><T37/><D123/><U55/><E82/><V113/><F11/><N who="3" m="6303" /><G18/><T28/><D23/><U74/><E74/><V14/><REACH who="2" step="1"/><F14/><REACH who="2" ten="312,102,149,427" step="2"/><W102/><G102/><T16/><D16/><U129/><E69/><V4/><F4/><W93/><G93/><T107/><D107/><U25/><E25/><V100/><F100/><W58/><G58/><T65/><D65/><U33/><E33/><V8/><F8/><W26/><G26/><T90/><REACH who="0" step="1"/><D85/><REACH who="0" ten="302,102,149,427" step="2"/><U128/><E55/><V99/><F99/><AGARI ba="0,2" hai="28,29,30,37,40,41,44,45,51,90,91,96,98,99" machi="99" ten="40,18000,2" yaku="1,1,2,1,52,2,53,3" doraHai="87" doraHaiUra="24" who="0" fromWho="2" sc="302,200,102,0,149,-180,427,0" owari="502,60.0,102,-30.0,-31,-53.0,427,23.0" /></mjloggm>