<mjloggm ver="2.3"><GO type="169" lobby="0"/><UN n0="%E8%BC%9D%E6%B5%B7" n1="%E3%82%B1%E3%83%A2%E8%80%B3%E3%82%B4%E3%82%AD%E3%83%96%E3%83%AA" n2="%43%68%69%39%77%61" n3="%EF%BC%A0%E6%AC%A1%E7%94%B7" dan="17,16,17,16" rate="2161.83,2102.76,2149.02,2085.21" sx="M,M,M,M"/><TAIKYOKU oya="0"/><INIT seed="0,0,0,3,2,5" ten="250,250,250,250" oya="0" hai0="36,39,135,103,60,99,48,59,23,76,101,105,30" hai1="72,35,4,121,1,69,134,108,84,90,125,29,18" hai2="15,45,54,57,89,93,110,96,119,61,67,42,129" hai3="122,12,97,73,80,115,85,14,86,124,112,7,65"/><T50/><D135/><U21/><E121/><V130/><F110/><W51/><G122/><T117/><D117/><U28/><E72/><V55/><F119/><W95/><G124/><T11/><D76/><U77/><E69/><V63/><F15/><W88/><G65/><T132/><D132/><U87/><E134/><V66/><F129/><W52/><G73/><T123/><D123/><U109/><E125/><V62/><F130/><W118/><G86/><T107/><D30/><U81/><E4/><V25/><F25/><W37/><G37/><T0/><D23/><U74/><E1/><V92/><F92/><W58/><G118/><T113/><D113/><U46/><E46/><V44/><F62/><W127/><G127/><T133/><D133/><U71/><E71/><V17/><F17/><W56/><G56/><T53/><D39/><U83/><E74/><V10/><F10/><W32/><G32/><T27/><D27/><U104/><E104/><V9/><F9/><W102/><REACH who="3" step="1"/><G7/><REACH who="3" ten="250,250,250,240" step="2"/><T2/><D36/><U6/><E6/><V100/><F66/><W126/><G126/><T70/><D70/><U34/><E34/><V49/><F67/><W68/><G68/><T13/><D2/><U111/><REACH who="1" step="1"/><E35/><REACH who="1" ten="250,240,250,240" step="2"/><V43/><F57/><W16/><G16/><N who="0" m="8255" /><D0/><U106/><E106/><V31/><F31/><W131/><G131/><T128/><D128/><U40/><E40/><V26/><F42/><W38/><G38/><T19/><D19/><U114/><E114/><AGARI ba="0,2" hai="12,14,51,52,58,80,85,88,95,97,102,112,114,115" machi="114" ten="40,8000,1" yaku="1,1,54,2,53,1" doraHai="5" doraHaiUra="82" who="3" fromWho="1" sc="250,0,240,-80,250,0,240,100" /><INIT seed="1,0,0,3,3,87" ten="250,160,250,340" oya="1" hai0="26,99,106,76,23,120,57,10,89,125,95,56,52" hai1="111,31,68,73,108,20,78,85,47,30,130,24,14" hai2="80,7,19,28,33,133,107,69,41,81,59,124,103" hai3="115,8,74,79,109,38,21,104,50,67,72,11,129"/><U94/><E68/><V0/><F69/><W9/><G38/><T116/><D116/><U70/><E70/><V117/><F117/><W37/><G37/><T93/><D106/><U132/><E132/><V62/><F133/><W128/><G104/><T127/><D120/><U97/><E73/><V51/><F124/><W84/><G67/><T82/><D57/><U17/><E47/><V119/><F119/><W53/><G115/><T40/><D10/><U135/><E135/><V64/><F0/><W90/><G21/><T39/><D95/><U4/><E4/><V44/><F7/><W43/><G43/><T46/><D82/><N who="1" m="47319" /><E130/><N who="3" m="50282" /><G79/><T29/><REACH who="0" step="1"/><D76/><REACH who="0" ten="240,160,250,340" step="2"/><U102/><E24/><V5/><F107/><W92/><G109/><AGARI ba="0,1" hai="14,17,20,30,31,94,97,102,108,109,111" m="47319" machi="109" ten="30,2900,0" yaku="14,1,10,1" doraHai="87" who="1" fromWho="3" sc="240,0,160,39,250,0,340,-29" /><INIT seed="1,1,0,5,5,73" ten="240,199,250,311" oya="1" hai0="71,108,41,43,52,77,34,72,28,4,107,129,92" hai1="37,94,121,104,1,99,102,16,5,10,91,30,40" hai2="46,57,38,130,17,39,97,66,63,51,95,59,35" hai3="29,135,54,131,11,112,115,13,3,55,36,133,25"/><U62/><E121/><V76/><F130/><W123/><G36/><T88/><D107/><U47/><E30/><V60/><F35/><W14/><G123/><T48/><D71/><U83/><E62/><V117/><F117/><W120/><G120/><T31/><D129/><U22/><E83/><V67/><F17/><W69/><G69/><T110/><D4/><U15/><REACH who="1" step="1"/><E91/><REACH who="1" ten="240,189,250,311" step="2"/><V21/><F76/><W68/><G131/><T75/><D31/><U9/><E9/><V8/><F8/><W122/><G122/><T44/><D28/><U126/><E126/><V74/><F21/><W56/><G11/><T2/><D34/><U65/><E65/><V27/><F66/><W64/><G64/><T119/><D77/><U93/><AGARI ba="1,1" hai="1,5,10,15,16,22,37,40,47,93,94,99,102,104" machi="93" ten="30,6000,0" yaku="1,1,0,1,54,1,53,0" doraHai="73" doraHaiUra="128" who="1" fromWho="1" sc="240,-21,189,73,250,-21,311,-21" /><INIT seed="1,2,0,2,5,46" ten="219,262,229,290" oya="1" hai0="100,87,89,109,93,117,13,68,76,79,1,121,82" hai1="24,86,31,125,78,62,11,80,130,95,0,23,32" hai2="84,49,55,44,122,104,4,85,17,133,67,131,42" hai3="132,126,16,63,59,37,20,92,18,70,3,43,73"/><U113/><E113/><V10/><F122/><W9/><G73/><T21/><D1/><U112/><E112/><V123/><F123/><W26/><G70/><T7/><D68/><U15/><E130/><V116/><F116/><W114/><G114/><T119/><D121/><U33/><E125/><V50/><F131/><W2/><G132/><T97/><D7/><U36/><E36/><V118/><F118/><N who="0" m="45066" /><D13/><U74/><E0/><V111/><F111/><W34/><G126/><T96/><D21/><U103/><E62/><V45/><F104/><W110/><G110/><T27/><D27/><U25/><E25/><V83/><F133/><W40/><G34/><T88/><D109/><U69/><E69/><V60/><F83/><W6/><G2/><T48/><D48/><U8/><E8/><V90/><F90/><W99/><G18/><T120/><D120/><U53/><E53/><V30/><F30/><W105/><G105/><AGARI ba="2,0" hai="76,79,82,87,88,89,93,96,97,100,105" m="45066" machi="105" ten="30,3900,0" yaku="34,2,54,1" doraHai="46" who="0" fromWho="3" sc="219,45,262,0,229,0,290,-45" /><INIT seed="2,0,0,5,4,16" ten="264,262,229,245" oya="2" hai0="75,66,74,135,108,96,128,63,44,121,134,95,84" hai1="31,2,87,90,64,102,61,51,68,91,132,32,107" hai2="17,0,20,113,8,129,4,116,106,49,65,131,1" hai3="83,37,40,71,105,76,26,30,5,21,14,62,82"/><V46/><F113/><W120/><G105/><T48/><D84/><U59/><E132/><N who="0" m="50729" /><D121/><U72/><E72/><V35/><F106/><W109/><G109/><T34/><D34/><U69/><E2/><V55/><F116/><W114/><G120/><T88/><D128/><N who="2" m="49226" /><F35/><W9/><G114/><T7/><D7/><U13/><E13/><N who="2" m="5255" /><F65/><W43/><G37/><T93/><D93/><U103/><E69/><V23/><F23/><W29/><G29/><T28/><D28/><U73/><E73/><V101/><F101/><W104/><G104/><T50/><D50/><U60/><E51/><V124/><F124/><W89/><G89/><T33/><D33/><U24/><E87/><V79/><F79/><W42/><REACH who="3" step="1"/><G76/><REACH who="3" ten="264,262,229,235" step="2"/><T98/><D108/><U53/><REACH who="1" step="1"/><E103/><REACH who="1" ten="264,252,229,235" step="2"/><V3/><F0/><W56/><G56/><N who="0" m="37223" /><D98/><AGARI ba="0,2" hai="24,31,32,53,59,60,61,64,68,90,91,98,102,107" machi="98" ten="40,5200,0" yaku="1,1,25,2,53,0" doraHai="16" doraHaiUra="122" who="1" fromWho="0" sc="264,-52,252,72,229,0,235,0" /><INIT seed="3,0,0,3,2,33" ten="212,324,229,235" oya="3" hai0="69,107,57,43,32,112,135,54,16,49,124,53,129" hai1="31,82,83,72,98,100,20,106,50,13,133,10,24" hai2="113,26,37,29,62,51,18,111,134,90,121,117,122" hai3="19,132,48,91,127,123,38,118,92,60,80,66,14"/><W70/><G118/><T93/><D107/><U23/><E72/><V40/><F117/><W81/><G123/><T120/><D32/><U114/><E114/><V21/><F113/><W65/><G38/><T115/><D120/><N who="2" m="46186" /><F111/><W68/><G132/><T67/><D135/><U30/><E133/><V7/><F134/><W77/><G127/><T22/><D124/><U101/><E101/><V55/><F7/><W130/><G130/><T46/><D129/><U6/><E50/><V1/><F37/><W110/><G110/><T131/><D54/><U39/><E39/><V95/><F62/><W42/><G66/><T99/><D69/><U71/><E71/><V76/><F76/><W61/><G61/><T41/><D131/><U15/><REACH who="1" step="1"/><E13/><REACH who="1" ten="212,314,229,235" step="2"/><V34/><F51/><W109/><G70/><T17/><D115/><U44/><E44/><V87/><F40/><W102/><G102/><T56/><D112/><U2/><E2/><V0/><F55/><W75/><G109/><T36/><D43/><U59/><E59/><V104/><F104/><W63/><G63/><T105/><D105/><U84/><E84/><V12/><AGARI ba="0,1" hai="0,1,12,18,21,26,29,34,87,90,95" m="46186" machi="12" ten="30,4000,0" yaku="13,1,52,2" doraHai="33" who="2" fromWho="2" sc="212,-10,314,-10,229,50,235,-20" /><INIT seed="4,0,0,2,3,131" ten="202,304,279,215" oya="0" hai0="98,77,0,113,99,43,102,125,94,58,25,15,122" hai1="10,55,16,30,105,101,11,130,75,76,103,33,129" hai2="48,89,83,61,63,112,39,29,114,85,20,6,72" hai3="52,7,4,66,84,104,51,111,119,41,18,47,106"/><T100/><D0/><U133/><E76/><V118/><F39/><W46/><G111/><T93/><D122/><U90/><E75/><V65/><F118/><W40/><G119/><T91/><D113/><N who="2" m="43626" /><F72/><W109/><G109/><T92/><D125/><U73/><E73/><V44/><F6/><W87/><G66/><T116/><D116/><U17/><E30/><V53/><F65/><W13/><G106/><T120/><D120/><U26/><E26/><AGARI ba="0,0" hai="20,26,29,44,48,53,61,63,83,85,89" m="43626" machi="26" ten="30,1000,0" yaku="15,1" doraHai="131" who="2" fromWho="1" sc="202,0,304,-10,279,10,215,0" /><INIT seed="5,0,0,2,1,82" ten="202,294,289,215" oya="1" hai0="71,90,77,38,119,39,113,22,17,130,21,1,84" hai1="0,115,105,108,26,110,85,36,24,10,67,5,56" hai2="51,122,65,101,78,29,80,14,94,55,8,89,99" hai3="83,30,3,79,28,114,54,16,18,20,70,72,37"/><U42/><E105/><V95/><F122/><W86/><G114/><T117/><D71/><U27/><E115/><V129/><F129/><W47/><G70/><T25/><D1/><U69/><E69/><V46/><F29/><W128/><G128/><T9/><D130/><U87/><E42/><V41/><F65/><W104/><G104/><T131/><D131/><U58/><E36/><V6/><F94/><W116/><G3/><T118/><D77/><U109/><E67/><V135/><F135/><W40/><G116/><T123/><D113/><U111/><N who="1" m="27648" /><DORA hai="31" /><U61/><E61/><V88/><REACH who="2" step="1"/><F55/><REACH who="2" ten="202,294,279,215" step="2"/><W96/><G54/><T134/><D123/><U91/><REACH who="1" step="1"/><E87/><AGARI ba="0,1" hai="6,8,14,41,46,51,78,80,87,88,89,95,99,101" machi="87" ten="30,16000,3" yaku="1,1,2,1,7,1,25,2,8,1,52,1,54,1,53,1" doraHai="82,31" doraHaiUra="74,106" who="2" fromWho="1" sc="202,0,294,-160,279,170,215,0" /><INIT seed="6,0,0,2,2,94" ten="202,134,449,215" oya="2" hai0="110,85,62,100,15,74,38,98,55,7,18,69,107" hai1="84,34,127,37,50,122,113,12,92,89,132,77,118" hai2="28,83,4,71,31,109,65,115,8,128,133,23,134" hai3="63,58,82,14,26,32,0,11,13,75,131,6,130"/><V125/><F83/><W101/><G101/><T27/><D74/><U21/><E34/><V97/><F115/><W104/><G104/><T41/><D110/><U33/><E33/><V3/><F109/><W103/><G103/><T46/><D7/><U120/><E37/><V123/><F123/><N who="1" m="47145" /><E50/><V42/><F42/><W66/><G26/><T129/><D27/><U49/><E49/><V106/><F125/><W47/><G32/><T111/><D111/><U2/><E2/><V72/><F72/><W40/><G14/><T16/><D129/><U81/><E12/><V51/><F128/><W53/><G13/><T24/><D15/><U91/><E21/><V135/><F51/><W43/><G43/><T56/><D85/><N who="1" m="48303" /><E118/><V96/><F23/><W17/><G17/><T30/><D69/><U5/><E5/><V60/><F106/><W73/><G66/><T9/><D9/><U90/><E113/><V1/><F3/><W80/><G130/><T78/><D78/><U102/><E127/><V108/><F108/><W44/><G131/><T126/><D126/><U19/><E19/><V48/><F48/><N who="3" m="26631" /><G47/><T86/><D86/><U68/><E68/><V117/><F117/><W35/><G35/><AGARI ba="0,0" hai="16,18,24,30,35,38,41,46,55,56,62,98,100,107" machi="35" ten="30,3900,0" yaku="7,1,52,1,54,1" doraHai="94" who="0" fromWho="3" sc="202,39,134,0,449,0,215,-39" /><INIT seed="7,0,0,2,5,50" ten="241,134,449,176" oya="3" hai0="122,70,80,27,113,49,66,20,84,87,30,46,10" hai1="3,111,73,36,132,90,101,40,68,14,22,15,51" hai2="88,116,4,86,23,65,47,0,44,38,8,67,83" hai3="91,117,98,16,89,69,43,29,94,48,128,58,64"/><W63/><G117/><T57/><D122/><U82/><E111/><V102/><F116/><W121/><G121/><T115/><D70/><U5/><E68/><V55/><F102/><W106/><G128/><T126/><D126/><U28/><E132/><V105/><F105/><W118/><G118/><T39/><D39/><U75/><E101/><V37/><F23/><W81/><G29/><T61/><D10/><U120/><E120/><V34/><F34/><W85/><G106/><T107/><D107/><U45/><E28/><V127/><F127/><W62/><G43/><N who="0" m="24799" /><D80/><U21/><E75/><V77/><F38/><W54/><REACH who="3" step="1"/><G63/><REACH who="3" ten="241,134,449,166" step="2"/><T124/><D124/><U32/><E32/><V93/><F37/><W110/><G110/><T134/><D134/><U17/><E51/><V79/><F65/><W129/><G129/><T112/><AGARI ba="0,1" hai="20,27,30,57,61,66,84,87,112,113,115" m="24799" machi="112" ten="30,2000,0" yaku="15,1,11,1" doraHai="50" who="0" fromWho="0" sc="241,30,134,-5,449,-5,166,-10" owari="271,7.0,129,-37.0,444,54.0,156,-24.0" /></mjloggm>