<mjloggm ver="2.3"><GO type="185" lobby="0"/><UN n0="%6D%61%77%69%6C%65" n1="%4C%61%69%74%79" n2="%E6%98%9F%E7%AB%B9%E8%82%89%E3%83%91%E3%82%BB%E3%83%AA" n3="" dan="16,16,18,0" rate="2064.60,2125.43,2368.42,1500.00" sx="M,M,M,C"/><TAIKYOKU oya="0"/><INIT seed="0,0,0,0,5,57" ten="350,350,350,0" oya="0" hai0="44,54,95,106,56,88,58,121,0,130,79,48,84" hai1="32,129,115,108,41,38,104,90,112,59,62,85,100" hai2="46,107,103,35,83,122,91,36,96,53,51,40,98" hai3=""/><T55/><N who="0" m="31008" /><T120/><N who="0" m="30752" /><T99/><D0/><U92/><E32/><V49/><N who="2" m="31264" /><V77/><F35/><T124/><D124/><U65/><E108/><V81/><F36/><T113/><D113/><U47/><REACH who="1" step="1"/><E129/><REACH who="1" ten="350,340,350,0" step="2"/><V109/><F109/><T61/><D130/><U71/><E71/><V110/><F110/><T80/><D106/><U93/><E93/><V131/><F131/><T127/><D127/><U89/><E89/><V52/><F91/><T117/><D117/><U43/><E43/><V70/><F70/><T125/><D125/><U105/><E105/><V86/><F40/><T101/><D44/><U87/><E87/><V33/><F33/><T123/><N who="0" m="31520" /><T132/><D132/><U134/><E134/><V76/><F96/><AGARI ba="0,1" hai="38,41,47,59,62,65,85,90,92,96,100,104,112,115" machi="96" ten="40,2600,0" yaku="1,1,52,1,53,0" doraHai="57" doraHaiUra="75" who="1" fromWho="2" sc="350,0,340,36,350,-26,0,0" /><INIT seed="1,0,0,0,5,100" ten="350,376,324,0" oya="1" hai0="85,88,99,42,131,133,40,80,71,49,39,32,62" hai1="61,1,44,45,125,38,87,94,51,78,63,103,109" hai2="50,84,77,93,106,36,124,72,74,56,117,82,105" hai3=""/><U83/><E1/><V123/><N who="2" m="31520" /><V108/><F36/><T59/><D32/><U79/><E125/><V54/><F117/><T75/><D71/><U52/><E109/><V112/><F124/><T33/><D33/><U98/><REACH who="1" step="1"/><E78/><REACH who="1" ten="350,366,324,0" step="2"/><V118/><F108/><T35/><D35/><U111/><E111/><V47/><F118/><T129/><D129/><U66/><E66/><V97/><F112/><T126/><D131/><U90/><E90/><V67/><F67/><T70/><D126/><U65/><E65/><V46/><F72/><T104/><D75/><U53/><E53/><V95/><F74/><T68/><D88/><U3/><E3/><V121/><N who="2" m="31008" /><V107/><REACH who="2" step="1"/><F97/><REACH who="2" ten="350,366,314,0" step="2"/><T91/><D99/><U43/><AGARI ba="0,2" hai="38,43,44,45,51,52,61,63,79,83,87,94,98,103" machi="43" ten="30,4000,0" yaku="1,1,0,1,54,1,53,0" doraHai="100" doraHaiUra="101" who="1" fromWho="1" sc="350,-20,366,60,314,-20,0,0" /><INIT seed="1,1,0,5,0,54" ten="330,426,294,0" oya="1" hai0="38,51,112,63,97,101,1,74,36,44,71,76,77" hai1="135,128,68,93,116,95,34,90,87,57,42,134,84" hai2="70,85,121,43,45,50,49,94,2,105,100,62,126" hai3=""/><U118/><E34/><V102/><N who="2" m="31008" /><V58/><F2/><T79/><D1/><U130/><E68/><V127/><F70/><T72/><D112/><U61/><E42/><V88/><F49/><T110/><D110/><U39/><E39/><V83/><F105/><T103/><D36/><U92/><E61/><V109/><F109/><T113/><D38/><U132/><E57/><V124/><REACH who="2" step="1"/><F83/><REACH who="2" ten="330,426,284,0" step="2"/><T46/><D71/><U91/><REACH who="1" step="1"/><E93/><REACH who="1" ten="330,416,284,0" step="2"/><V52/><AGARI ba="1,2" hai="43,45,50,52,58,62,85,88,94,100,102,124,126,127" m="31008" machi="52" ten="30,12000,3" yaku="1,1,2,1,0,1,18,1,52,2,54,2,53,1" doraHai="54" doraHaiUra="81" who="2" fromWho="2" sc="330,-41,416,-81,284,142,0,0" /><INIT seed="2,0,0,0,0,121" ten="289,335,426,0" oya="2" hai0="79,1,135,48,131,50,33,114,42,85,122,88,3" hai1="55,128,105,72,63,118,95,41,89,127,74,117,37" hai2="92,107,56,45,91,86,38,40,57,126,43,101,123" hai3=""/><V100/><N who="2" m="31520" /><V67/><F126/><T65/><N who="0" m="31264" /><T111/><D33/><U44/><E127/><V58/><F40/><T0/><D135/><U54/><E105/><V87/><F67/><T99/><D131/><U34/><E34/><V80/><REACH who="2" step="1"/><F107/><REACH who="2" ten="289,335,416,0" step="2"/><T70/><D42/><U113/><E128/><V84/><F84/><T132/><D85/><U109/><E74/><V83/><F83/><T68/><D65/><U120/><E72/><V71/><F71/><T69/><D69/><U104/><E104/><V119/><F119/><T47/><D70/><U35/><E117/><V73/><F73/><T77/><D68/><U49/><E118/><V81/><F81/><T66/><D66/><U90/><E120/><V103/><F103/><T53/><D0/><U39/><E35/><V46/><F46/><T125/><D47/><U124/><E124/><V106/><F106/><T36/><D125/><U96/><E37/><V52/><F52/><T61/><D36/><U51/><E39/><V94/><F94/><T64/><D1/><U97/><E95/><V115/><F115/><T134/><D114/><U32/><E113/><V93/><F93/><T60/><D3/><U75/><E32/><V98/><F98/><T130/><D99/><RYUUKYOKU ba="0,1" sc="289,-10,335,-10,416,20,0,0" hai2="38,43,45,56,57,58,80,86,87,91,92,100,101" /><INIT seed="2,1,1,3,1,118" ten="279,325,436,0" oya="2" hai0="133,50,125,115,135,65,53,69,98,41,95,64,77" hai1="97,116,32,110,119,122,71,107,80,63,33,38,94" hai2="109,1,34,49,61,47,3,82,99,106,75,128,56" hai3=""/><V68/><F34/><T114/><D125/><U87/><N who="1" m="31264" /><U91/><E38/><V40/><F128/><T92/><D77/><U102/><E110/><V130/><F130/><T59/><D41/><U51/><E51/><V36/><F109/><T85/><D85/><U131/><E131/><V79/><F49/><T83/><D83/><U132/><E132/><N who="0" m="50761" /><D92/><U81/><E81/><V117/><F117/><N who="1" m="45129" /><E80/><V55/><F1/><T103/><D69/><U42/><E42/><V58/><F68/><T93/><D95/><U54/><E71/><V108/><F3/><T84/><D84/><U45/><E32/><V48/><F108/><T44/><D59/><U89/><E33/><V105/><REACH who="2" step="1"/><F99/><REACH who="2" ten="279,325,426,0" step="2"/><T60/><D60/><U72/><E63/><V134/><F134/><T74/><D50/><U129/><E129/><V112/><F112/><T104/><D115/><U86/><E97/><V127/><F127/><T121/><D98/><U113/><E113/><V46/><F46/><T88/><D44/><U120/><E45/><V123/><N who="2" m="31520" /><V0/><F0/><T39/><D114/><U96/><E96/><V76/><F76/><T100/><D121/><U43/><E120/><V126/><F126/><T111/><D111/><U73/><E73/><RYUUKYOKU ba="1,2" sc="279,-10,325,-10,426,20,0,0" hai2="36,40,47,48,55,56,58,61,75,79,82,105,106" /><INIT seed="2,2,2,5,3,1" ten="269,315,446,0" oya="2" hai0="113,97,54,117,42,61,57,100,50,108,96,124,131" hai1="109,134,105,65,33,93,102,48,104,114,122,58,103" hai2="112,75,80,45,106,111,32,81,82,43,126,66,51" hai3=""/><V116/><F112/><T76/><D117/><U115/><N who="1" m="31264" /><U39/><E39/><V69/><F116/><T74/><D113/><U132/><E33/><V59/><F126/><T128/><D124/><U55/><E109/><V118/><F118/><T135/><D108/><U63/><E115/><V91/><F106/><N who="1" m="41065" /><E93/><V89/><F111/><T78/><D135/><N who="1" m="51755" /><E114/><V119/><F32/><T133/><D133/><U123/><N who="1" m="31520" /><U44/><AGARI ba="2,2" hai="44,48,55,58,63,65,102,103" m="31520,51755,41065,31264" machi="44" ten="30,5900,0" yaku="4,1,20,1,52,2" doraHai="1" who="1" fromWho="1" sc="269,-22,315,83,446,-41,0,0" /><INIT seed="4,0,0,2,3,97" ten="247,398,405,0" oya="0" hai0="78,129,53,45,65,58,56,131,115,117,55,36,110" hai1="90,40,69,134,103,122,63,101,41,86,79,106,54" hai2="42,95,98,118,82,52,94,116,107,1,81,120,60" hai3=""/><T121/><N who="0" m="31008" /><T89/><D117/><N who="2" m="45162" /><F1/><T126/><D78/><U92/><N who="1" m="31264" /><U44/><E134/><V59/><N who="2" m="30752" /><V109/><F109/><T3/><D3/><U46/><E106/><V67/><F42/><N who="1" m="16489" /><E69/><V104/><F94/><T38/><D89/><U77/><E63/><V48/><F104/><T111/><D45/><N who="1" m="17515" /><E54/><V127/><F107/><T128/><D128/><U85/><E77/><V49/><F49/><T70/><D70/><U57/><E57/><V102/><F127/><T135/><D126/><U34/><E34/><V99/><F99/><T124/><D124/><U88/><E79/><V96/><F96/><T0/><D0/><U73/><E73/><V47/><AGARI ba="0,0" hai="47,48,52,59,60,67,81,82,95,98,102" m="30752,45162" machi="47" ten="30,5900,0" yaku="12,1,52,2,54,1" doraHai="97" who="2" fromWho="2" sc="247,-39,398,-20,405,59,0,0" /><INIT seed="5,0,0,3,3,38" ten="208,378,464,0" oya="1" hai0="94,81,64,102,104,120,134,100,76,50,66,125,42" hai1="95,60,46,56,108,74,69,82,110,58,109,132,97" hai2="112,129,98,36,101,126,39,80,113,44,54,89,45" hai3=""/><U96/><E132/><V85/><F126/><T48/><N who="0" m="30752" /><T63/><D134/><U68/><E46/><N who="2" m="18027" /><F54/><T119/><D125/><U40/><E40/><V117/><F129/><T123/><N who="0" m="31520" /><T128/><D128/><U135/><E135/><V130/><F117/><T87/><D119/><U78/><E97/><V2/><F2/><T49/><D104/><U106/><E106/><V73/><F73/><T62/><D42/><U34/><E34/><V47/><F47/><T33/><D33/><U116/><E116/><V84/><F85/><T86/><D102/><U122/><N who="1" m="31264" /><U52/><E56/><V61/><F130/><T124/><D124/><U111/><N who="1" m="27648" /><DORA hai="127" /><U57/><REACH who="1" step="1"/><E58/><REACH who="1" ten="208,368,464,0" step="2"/><V70/><F98/><T75/><D100/><AGARI ba="0,1" hai="52,57,60,68,69,74,78,82,95,96,100" m="27648,31264" machi="100" ten="70,18000,2" yaku="1,1,2,1,10,1,52,1,54,1,53,2" doraHai="38,127" doraHaiUra="77,90" who="1" fromWho="0" sc="208,-180,368,190,464,0,0,0" /><INIT seed="5,1,0,0,2,48" ten="28,558,464,0" oya="1" hai0="44,70,62,129,120,65,61,89,32,85,109,1,52" hai1="58,115,66,100,123,71,39,135,43,45,122,105,119" hai2="83,92,36,35,57,110,67,63,42,111,128,68,96" hai3=""/><U76/><N who="1" m="31264" /><U46/><N who="1" m="31520" /><U124/><E119/><V55/><F35/><T3/><N who="0" m="30752" /><T113/><D32/><U64/><E76/><V95/><F128/><T117/><D129/><U97/><E115/><V98/><F83/><T102/><D113/><U77/><E77/><V75/><F75/><T40/><D117/><U50/><E71/><V33/><F33/><T108/><D102/><U99/><E99/><V101/><F42/><T132/><D132/><U34/><E34/><V131/><F36/><T81/><D108/><U112/><E112/><V114/><F131/><T54/><D109/><U74/><E74/><V134/><F134/><T80/><D80/><U73/><E73/><V84/><F84/><T69/><D69/><U127/><E135/><V59/><F114/><T51/><REACH who="0" step="1"/><D62/><REACH who="0" ten="18,558,464,0" step="2"/><U107/><E105/><V2/><F68/><T90/><D90/><U133/><E133/><V79/><F79/><T91/><D91/><U37/><E107/><V130/><F130/><T104/><D104/><U49/><E100/><V118/><F118/><T126/><D126/><U86/><E124/><V87/><F110/><T56/><D56/><U106/><E58/><V38/><F111/><T60/><D60/><U47/><E127/><RYUUKYOKU ba="1,1" sc="18,20,558,-10,464,-10,0,0" hai0="1,3,40,44,51,52,54,61,65,70,81,85,89" /><INIT seed="6,2,1,3,2,69" ten="38,548,454,0" oya="2" hai0="42,43,50,59,99,127,111,41,70,3,109,94,121" hai1="114,115,35,107,49,56,68,120,77,113,128,48,78" hai2="130,53,126,45,83,108,65,64,52,81,119,37,63" hai3=""/><V67/><F119/><T102/><N who="0" m="31008" /><T134/><D3/><U46/><N who="1" m="30752" /><U125/><E128/><V58/><F130/><T39/><D70/><U98/><E68/><V106/><F126/><T36/><D127/><U1/><E125/><V80/><F108/><T135/><D94/><U82/><E1/><V132/><F106/><T72/><D72/><U74/><E78/><V122/><N who="2" m="31264" /><V101/><F132/><T32/><D99/><U103/><E35/><V131/><F131/><T93/><D93/><U105/><E105/><V34/><F101/><T90/><D90/><U96/><E96/><V62/><F34/><T116/><D102/><U118/><E118/><V88/><F88/><T40/><N who="0" m="10240" /><DORA hai="84" /><T75/><D75/><U92/><E107/><V2/><F37/><T38/><D116/><U57/><E46/><V61/><F2/><T44/><D32/><U60/><E57/><V129/><F129/><T73/><D59/><U0/><E0/><V100/><REACH who="2" step="1"/><F100/><REACH who="2" ten="38,548,444,0" step="2"/><T66/><D73/><U133/><E133/><V54/><F54/><AGARI ba="2,2" hai="48,49,54,56,60,74,77,82,92,98,103,113,114,115" m="30752" machi="54" ten="40,2600,0" yaku="15,1,52,1" doraHai="69,84" who="1" fromWho="2" sc="38,0,548,50,444,-30,0,0" owari="38,-56.0,598,55.0,414,1.0,0,0.0" /></mjloggm>