<mjloggm ver="2.3"><GO type="169" lobby="0"/><UN n0="%E5%85%AD%E9%83%A8%E5%9C%AD" n1="%E6%A4%9B%E5%8D%97" n2="%69%54%65%6E%68%6F%75" n3="%E3%81%AA%E3%82%80%E3%81%82%E3%82%8C" dan="16,16,16,16" rate="2131.38,2096.22,2062.44,2039.47" sx="M,F,M,M"/><TAIKYOKU oya="0"/><INIT seed="0,0,0,3,0,32" ten="250,250,250,250" oya="0" hai0="82,67,60,25,11,15,46,51,132,28,112,47,98" hai1="101,63,26,7,29,52,97,123,1,53,93,71,85" hai2="104,43,95,73,41,115,134,55,116,21,48,17,119" hai3="31,23,110,4,103,120,9,49,126,70,89,61,74"/><T102/><D112/><U130/><E123/><V54/><F115/><W122/><G74/><T79/><D132/><U20/><E130/><V18/><F104/><W35/><G126/><T81/><D79/><U86/><E71/><V94/><F73/><W19/><G49/><T107/><D15/><U33/><E33/><V44/><F134/><W108/><G89/><T56/><D11/><U34/><E34/><V118/><F55/><W113/><G103/><T75/><D75/><U90/><E63/><V88/><F95/><W68/><G61/><T66/><D66/><U76/><E76/><V64/><F64/><W30/><G68/><T14/><D14/><U12/><E85/><V16/><REACH who="2" step="1"/><F21/><REACH who="2" ten="250,250,240,250" step="2"/><W135/><G113/><T62/><D67/><U45/><E53/><V77/><F77/><W59/><G135/><T22/><D107/><U106/><E52/><V109/><F109/><N who="3" m="42091" /><G35/><T37/><D22/><U40/><E106/><V105/><F105/><W69/><G69/><T8/><D60/><U111/><E111/><V2/><F2/><N who="3" m="151" /><G59/><T99/><D56/><U92/><E1/><V84/><AGARI ba="0,1" hai="16,17,18,41,43,44,48,54,84,88,94,116,118,119" machi="84" ten="40,8000,1" yaku="1,1,0,1,12,1,54,2,53,0" doraHai="32" doraHaiUra="125" who="2" fromWho="2" sc="250,-40,250,-20,240,90,250,-20" /><INIT seed="1,0,0,1,1,27" ten="210,230,330,230" oya="1" hai0="114,65,46,51,33,9,62,15,44,59,19,76,40" hai1="50,89,102,66,92,86,84,70,57,29,31,103,100" hai2="97,106,108,78,107,104,94,130,17,63,123,12,125" hai3="67,96,122,82,41,49,23,39,43,109,2,75,91"/><U55/><REACH who="1" step="1"/><E86/><REACH who="1" ten="210,220,330,230" step="2"/><V119/><F123/><W38/><G122/><T120/><D120/><U8/><E8/><V7/><F119/><W47/><G109/><T85/><D114/><U115/><E115/><V127/><F108/><W116/><G116/><T83/><D33/><U135/><E135/><V53/><F127/><W48/><G2/><T3/><D3/><U45/><E45/><AGARI ba="0,1" hai="9,15,19,40,44,45,46,51,59,62,65,76,83,85" machi="45" ten="40,1300,0" yaku="8,1" doraHai="27" who="0" fromWho="1" sc="210,23,220,-13,330,0,230,0" /><INIT seed="2,0,0,4,1,97" ten="233,207,330,230" oya="2" hai0="24,116,22,37,41,20,47,66,16,14,58,84,120" hai1="134,28,34,65,125,96,78,39,25,35,127,75,126" hai2="52,132,102,108,13,1,67,11,118,90,93,5,9" hai3="49,15,54,85,72,109,135,110,57,12,23,63,33"/><V8/><F118/><W76/><G33/><T106/><D120/><U92/><E134/><V26/><F132/><W82/><G135/><T130/><D106/><U48/><E39/><V91/><F67/><W124/><G124/><T95/><D116/><U18/><E65/><V114/><F114/><W70/><G70/><T60/><D130/><U77/><E35/><V40/><F40/><W42/><G23/><T53/><D84/><U104/><E104/><V59/><F108/><W111/><REACH who="3" step="1"/><G72/><REACH who="3" ten="233,207,330,220" step="2"/><T105/><D105/><U113/><E75/><V122/><F122/><W17/><G17/><T27/><D22/><U3/><E113/><V81/><F1/><W62/><G62/><T87/><D66/><U2/><E18/><V64/><F5/><W100/><G100/><T133/><D133/><U88/><E2/><V128/><F102/><W99/><G99/><T103/><D87/><U51/><E3/><V115/><F64/><W117/><G117/><T94/><D103/><U55/><REACH who="1" step="1"/><E48/><REACH who="1" ten="233,197,330,220" step="2"/><N who="2" m="31111" /><F115/><W129/><G129/><T131/><D131/><U36/><E36/><V74/><F128/><W43/><G43/><T80/><D37/><U50/><E50/><V4/><F74/><W10/><G10/><T45/><D41/><U112/><E112/><V31/><F9/><W119/><G119/><T68/><D16/><U69/><E69/><V79/><F11/><W32/><G32/><T71/><D71/><U61/><E61/><V73/><F8/><W121/><G121/><T83/><D60/><U44/><AGARI ba="0,2" hai="25,28,34,44,51,55,77,78,88,92,96,125,126,127" machi="44" ten="30,8000,1" yaku="1,1,0,1,18,1,54,1,53,1" doraHai="97" doraHaiUra="29" who="1" fromWho="1" sc="233,-20,197,100,330,-40,220,-20" /><INIT seed="3,0,0,1,1,37" ten="213,297,290,200" oya="3" hai0="11,92,113,25,130,115,96,2,125,109,82,71,8" hai1="65,31,133,56,134,5,127,40,94,18,10,110,54" hai2="14,47,51,23,76,41,22,38,87,102,7,60,77" hai3="1,3,42,107,98,15,81,129,116,78,120,62,97"/><W101/><G120/><T49/><D71/><U114/><E114/><N who="0" m="43529" /><D109/><U72/><E110/><V16/><F102/><W106/><G129/><T85/><D130/><U75/><E31/><V122/><F122/><W52/><G116/><T128/><D128/><U99/><E65/><V74/><F74/><W103/><G15/><T55/><D125/><U70/><E70/><V111/><F111/><W27/><G27/><T19/><D2/><U84/><E84/><V46/><F7/><W35/><G35/><T66/><D66/><U9/><E127/><V86/><F60/><W126/><G126/><T80/><D25/><U48/><E18/><V117/><F117/><W121/><G121/><T59/><D19/><U123/><E10/><N who="0" m="3625" /><D85/><U64/><E64/><V43/><REACH who="2" step="1"/><F23/><REACH who="2" ten="213,297,280,200" step="2"/><W50/><G62/><T67/><D67/><U24/><E123/><V131/><F131/><W13/><G13/><T28/><D28/><U135/><E75/><V45/><F45/><W83/><G1/><T68/><D68/><U44/><E72/><V100/><F100/><AGARI ba="0,1" hai="49,55,59,80,82,92,96,100" m="3625,43529" machi="100" ten="30,1000,0" yaku="11,1" doraHai="37" who="0" fromWho="2" sc="213,20,297,0,280,-10,200,0" /><INIT seed="4,0,0,2,5,92" ten="233,297,270,200" oya="0" hai0="21,22,107,123,83,12,62,119,53,115,108,25,23" hai1="59,104,116,135,73,121,51,66,28,109,102,80,32" hai2="106,10,54,38,103,60,118,29,52,61,8,0,1" hai3="113,114,19,69,40,132,46,88,110,134,7,4,68"/><T14/><D115/><N who="3" m="44041" /><G19/><T86/><D119/><U9/><E116/><V33/><F38/><N who="3" m="21783" /><G4/><T91/><D123/><U111/><E121/><V89/><F118/><W98/><G7/><T130/><D107/><U101/><E135/><N who="3" m="51754" /><G110/><T42/><D108/><U84/><E9/><V5/><F89/><W125/><G125/><T133/><D133/><U65/><E104/><V13/><F29/><W3/><G3/><T94/><D25/><U90/><E28/><V24/><F24/><W64/><G64/><T11/><D14/><U50/><E32/><V48/><F33/><W120/><G120/><T87/><D12/><U43/><E66/><V47/><F103/><W78/><G78/><T74/><D11/><U70/><E102/><V30/><F30/><W16/><G16/><T93/><D23/><U99/><E65/><V81/><F81/><W100/><G88/><T127/><D91/><U41/><E111/><V6/><F13/><W44/><G44/><T126/><D22/><U105/><E109/><V37/><F0/><W97/><G100/><T56/><D21/><U20/><E20/><V34/><F34/><W95/><G95/><T96/><D93/><U76/><E90/><V124/><F124/><W77/><G77/><N who="0" m="44471" /><D126/><U79/><E79/><V35/><F106/><W112/><N who="3" m="44049" /><W75/><DORA hai="117" /><G75/><T67/><D67/><U58/><E73/><V15/><F35/><W27/><G27/><T82/><D94/><U129/><E105/><V26/><F26/><W63/><G63/><N who="0" m="36239" /><D127/><U45/><E101/><V49/><F37/><W85/><G85/><T18/><D87/><RYUUKYOKU ba="0,0" sc="233,-15,297,-15,270,15,200,15" hai2="1,5,6,8,10,15,47,48,49,52,54,60,61" hai3="68,69,97,98" /><INIT seed="5,1,0,3,2,76" ten="218,282,285,215" oya="1" hai0="128,110,107,133,96,108,71,127,57,102,45,119,68" hai1="124,98,75,17,46,15,93,131,11,16,18,94,58" hai2="54,113,87,109,1,43,86,44,34,24,116,95,69" hai3="81,129,111,106,63,134,23,67,26,82,89,55,56"/><U121/><E131/><V115/><F116/><W59/><G111/><T19/><D119/><U97/><E124/><V35/><F109/><W36/><G36/><T135/><D108/><U53/><E75/><V62/><F1/><W21/><G134/><N who="0" m="51211" /><D110/><U83/><E46/><V78/><F95/><W100/><G129/><T103/><D128/><U7/><E121/><V22/><F87/><W104/><G104/><T117/><D117/><U27/><E27/><V123/><F123/><W14/><G106/><T122/><D122/><U32/><E32/><V70/><F70/><W13/><G100/><T112/><D112/><N who="2" m="43082" /><F69/><W80/><G89/><T38/><D127/><U92/><REACH who="1" step="1"/><E83/><REACH who="1" ten="218,272,285,215" step="2"/><N who="2" m="47479" /><F44/><W49/><REACH who="3" step="1"/><G23/><REACH who="3" ten="218,272,285,205" step="2"/><T25/><D107/><U12/><E12/><V4/><F22/><W73/><G73/><T90/><D25/><U41/><E41/><V10/><F24/><W66/><G66/><T88/><D45/><U42/><E42/><V37/><F43/><W79/><G79/><T50/><D38/><U0/><E0/><N who="2" m="263" /><F37/><W101/><G101/><T85/><D102/><U77/><E77/><V91/><F91/><W64/><G64/><T126/><D90/><U84/><E84/><V65/><F65/><W39/><G39/><T9/><D126/><U74/><E74/><V120/><F120/><W28/><AGARI ba="1,2" hai="13,14,21,26,28,49,55,56,59,63,67,80,81,82" machi="28" ten="30,12000,2" yaku="1,1,0,1,8,1,52,3,53,0" doraHai="76" doraHaiUra="6" who="3" fromWho="3" sc="218,-31,272,-61,285,-31,205,143" /><INIT seed="6,0,0,0,0,35" ten="187,211,254,348" oya="2" hai0="131,62,108,97,105,24,29,94,107,20,77,70,23" hai1="57,98,114,69,99,132,120,93,76,124,19,116,125" hai2="40,34,85,89,1,30,115,43,72,60,16,48,118" hai3="87,17,130,80,91,55,63,103,134,52,53,71,112"/><V42/><F118/><W135/><G130/><T127/><D108/><U90/><E69/><V117/><F117/><W44/><G112/><T75/><D131/><U58/><E114/><V5/><F115/><W36/><G103/><T81/><D127/><N who="1" m="48715" /><E132/><N who="3" m="50730" /><G17/><T102/><D23/><U4/><E4/><V82/><F72/><W128/><G128/><T38/><D38/><U123/><E76/><V49/><F60/><W2/><G2/><T113/><D113/><U26/><E99/><V133/><F133/><W111/><G111/><T86/><REACH who="0" step="1"/><D75/><REACH who="0" ten="177,211,254,348" step="2"/><U78/><E116/><V109/><F109/><W83/><G36/><T68/><D68/><U9/><E123/><V45/><F34/><W18/><G71/><T73/><D73/><U28/><E120/><V84/><F30/><W31/><G31/><T100/><D100/><U65/><E28/><V64/><F49/><W10/><G63/><T119/><D119/><U74/><E74/><V22/><F48/><N who="3" m="28679" /><G80/><T37/><D37/><U0/><E26/><V32/><F32/><W33/><G33/><T25/><D25/><U126/><E126/><V12/><F82/><W39/><G39/><T13/><D13/><AGARI ba="0,1" hai="10,13,18,53,55,83,87,91" m="28679,50730" machi="13" ten="30,3900,0" yaku="25,1,20,1,54,1" doraHai="35" who="3" fromWho="0" sc="177,-39,211,0,254,0,348,49" /><INIT seed="7,0,0,3,1,65" ten="138,211,254,397" oya="3" hai0="104,44,109,88,103,55,1,83,110,120,24,0,17" hai1="35,108,125,114,69,28,23,51,49,81,89,4,45" hai2="68,80,97,39,64,56,112,98,8,48,76,111,50" hai3="9,92,61,128,94,73,14,34,106,122,7,70,31"/><W58/><G106/><T6/><D120/><U2/><E108/><V124/><F39/><W12/><G92/><T63/><D103/><U66/><E35/><V77/><F111/><W38/><G94/><T53/><D104/><U67/><E2/><V87/><F112/><W82/><G58/><T72/><D109/><U74/><E4/><V105/><F105/><W131/><G14/><T5/><D110/><U33/><E33/><V79/><F124/><W134/><G12/><T90/><D72/><U86/><E74/><V11/><F68/><W135/><G61/><T46/><D63/><U118/><E69/><V22/><F22/><W96/><G96/><N who="2" m="36969" /><F64/><W93/><G70/><T121/><D121/><U37/><E114/><V15/><F56/><W75/><G122/><T19/><REACH who="0" step="1"/><D24/><REACH who="0" ten="128,211,254,397" step="2"/><U25/><E25/><V16/><F8/><W123/><G9/><T54/><D54/><U20/><E67/><V57/><F11/><W119/><G123/><T117/><D117/><U100/><E66/><V59/><F76/><W10/><G10/><T27/><D27/><U95/><E118/><V113/><F77/><W40/><G73/><T71/><D71/><U107/><E107/><V101/><F101/><W47/><G75/><T130/><D130/><U60/><E100/><V32/><F113/><W13/><G128/><T52/><D52/><U29/><E60/><V115/><F115/><W129/><G131/><T30/><D30/><U84/><E29/><V18/><F79/><W133/><G129/><T36/><D36/><U3/><E28/><V126/><F50/><W21/><G31/><RYUUKYOKU ba="0,1" sc="128,30,211,-10,254,-10,397,-10" hai0="0,1,5,6,17,19,44,46,53,55,83,88,90" owari="158,-34.0,201,-20.0,244,4.0,397,50.0" /></mjloggm>