<mjloggm ver="2.3"><GO type="169" lobby="0"/><UN n0="%E9%87%A3%E3%82%8A%E6%97%A5%E5%92%8C" n1="%E6%98%AF%E6%94%BF%E3%81%AE%E5%A4%95%E9%99%BD" n2="%E5%AF%BF%E4%BA%BA%E6%B5%81%E7%89%8C%E6%89%8B" n3="%E3%81%AA%E3%81%88%E3%81%A8%E3%82%8B" dan="17,16,16,17" rate="2196.52,2147.22,2087.83,2185.25" sx="M,M,M,M"/><TAIKYOKU oya="0"/><INIT seed="0,0,0,0,4,37" ten="250,250,250,250" oya="0" hai0="120,109,123,95,126,110,50,107,122,129,31,43,27" hai1="18,3,65,58,23,21,64,60,55,100,9,63,82" hai2="67,97,62,15,115,77,40,83,46,45,105,72,94" hai3="28,128,19,25,135,130,84,108,127,44,6,11,8"/><T24/><D107/><U71/><E71/><V93/><F115/><W81/><G108/><N who="0" m="41579" /><D129/><N who="3" m="49769" /><G127/><T125/><D95/><U79/><E100/><V70/><F46/><W106/><G106/><T59/><D59/><U133/><E133/><V2/><F2/><W1/><G135/><T7/><D7/><U91/><E91/><V121/><F121/><W53/><G19/><T132/><D132/><U10/><E23/><V36/><REACH who="2" step="1"/><F15/><REACH who="2" ten="250,250,240,250" step="2"/><W99/><G44/><N who="0" m="25887" /><D27/><U118/><E3/><V17/><F17/><W52/><G1/><T34/><AGARI ba="0,1" hai="24,31,34,120,122,123,125,126" m="25887,41579" machi="34" ten="40,7800,0" yaku="14,1,10,1,52,1" doraHai="37" who="0" fromWho="0" sc="250,88,250,-26,240,-26,250,-26" /><INIT seed="0,1,0,3,4,120" ten="338,224,214,224" oya="0" hai0="23,114,67,115,82,108,109,132,3,83,54,11,73" hai1="25,119,125,86,135,38,12,84,98,6,21,124,2" hai2="60,117,8,77,56,118,87,42,64,27,113,103,52" hai3="65,0,62,1,80,14,13,44,72,74,49,16,75"/><T110/><D132/><U18/><E38/><V15/><F113/><N who="0" m="43018" /><D73/><U37/><E37/><V99/><F42/><W90/><G80/><T7/><D67/><U48/><E48/><V107/><F27/><W116/><G116/><N who="2" m="44649" /><F77/><W122/><G90/><T96/><D96/><U106/><E119/><V88/><F8/><W101/><G101/><T112/><D112/><U66/><E66/><V17/><F15/><W128/><G14/><T58/><D23/><U24/><E86/><V34/><F34/><W97/><G97/><T43/><D43/><U46/><E84/><V70/><F17/><W51/><G122/><T39/><D39/><U36/><E46/><V63/><F87/><W126/><G44/><T30/><D30/><U69/><E69/><V100/><F107/><W111/><G65/><T130/><D130/><U53/><E53/><V29/><F29/><W61/><G128/><T31/><D31/><U89/><E36/><V4/><F4/><W45/><G45/><T76/><D76/><U55/><E55/><V59/><F70/><W68/><G68/><T79/><D79/><U95/><E135/><V22/><F22/><W9/><G74/><T134/><D134/><U19/><E106/><V127/><F127/><N who="1" m="48713" /><E19/><V32/><F32/><W81/><G126/><T93/><D93/><AGARI ba="1,0" hai="52,56,59,60,63,64,88,93,99,100,103" m="44649" machi="93" ten="30,3900,0" yaku="12,1,54,2" doraHai="120" who="2" fromWho="0" sc="338,-42,224,0,214,42,224,0" /><INIT seed="1,0,0,2,1,93" ten="296,224,256,224" oya="1" hai0="8,130,88,13,68,21,14,41,16,114,4,132,36" hai1="51,73,26,110,9,43,106,78,1,80,129,116,101" hai2="135,39,112,97,31,95,62,134,40,48,98,86,77" hai3="50,69,75,34,33,63,122,49,115,56,87,55,76"/><U84/><E116/><V89/><F39/><W28/><G122/><T0/><D68/><U126/><E126/><V133/><F112/><W5/><G115/><T12/><D114/><U100/><E129/><V118/><F118/><W103/><G75/><T7/><D36/><U71/><E71/><V61/><F31/><W117/><G117/><T18/><D41/><U20/><E110/><V57/><F77/><W128/><G128/><T109/><D130/><U11/><E73/><V53/><F40/><W66/><G5/><T85/><D109/><U17/><E1/><V32/><F32/><W42/><G28/><T72/><D72/><U124/><E124/><V44/><F44/><W92/><G76/><T37/><D37/><U107/><E107/><V67/><F48/><W120/><G120/><T125/><D125/><U65/><E65/><V64/><F53/><W52/><G42/><T19/><D4/><U10/><REACH who="1" step="1"/><E106/><REACH who="1" ten="296,214,256,224" step="2"/><V47/><F47/><AGARI ba="0,1" hai="9,10,11,17,20,26,43,47,51,78,80,84,100,101" machi="47" ten="40,7700,0" yaku="1,1,2,1,8,1,53,0" doraHai="93" doraHaiUra="30" who="1" fromWho="2" sc="296,0,214,87,256,-77,224,0" /><INIT seed="1,1,0,1,0,42" ten="296,301,179,224" oya="1" hai0="50,129,29,48,124,96,45,44,15,65,128,55,5" hai1="60,6,90,125,30,134,47,110,19,109,118,12,120" hai2="95,112,131,78,13,115,32,53,43,79,75,119,102" hai3="39,123,8,113,28,25,31,24,26,58,68,92,100"/><U67/><E120/><V46/><F119/><W2/><G68/><T70/><D124/><U86/><E118/><V23/><F32/><W72/><G72/><T21/><D96/><U37/><E30/><V103/><F53/><W27/><G39/><T88/><D70/><U122/><E6/><V105/><F105/><W3/><G58/><T49/><D65/><U126/><E134/><V7/><F131/><N who="0" m="50250" /><D55/><U89/><E122/><V0/><F0/><N who="3" m="43" /><G92/><T41/><D41/><N who="1" m="22959" /><E19/><N who="2" m="10735" /><F7/><W57/><G57/><T66/><D66/><U99/><E12/><V93/><F95/><W17/><G100/><N who="2" m="38441" /><F93/><W34/><G113/><N who="2" m="43593" /><F75/><W59/><G123/><T61/><D61/><U14/><E14/><V4/><F4/><W64/><G64/><T101/><D101/><U51/><E51/><AGARI ba="1,0" hai="43,46,51,78,79" m="43593,38441,10735" machi="51" ten="30,2000,0" yaku="11,1,52,1" doraHai="42" who="2" fromWho="1" sc="296,0,301,-23,179,23,224,0" /><INIT seed="2,0,0,1,0,9" ten="296,278,202,224" oya="2" hai0="52,77,108,7,39,128,18,127,8,88,61,35,107" hai1="68,40,99,129,56,66,117,43,97,118,126,80,20" hai2="11,57,78,19,26,41,131,14,130,4,132,89,63" hai3="119,113,96,105,112,82,93,31,83,33,92,23,71"/><V123/><F123/><W37/><G33/><T59/><D35/><U30/><E68/><V3/><F132/><W100/><G37/><T70/><D39/><U36/><E126/><V72/><F41/><W17/><G71/><T1/><D107/><U98/><E129/><N who="2" m="49163" /><F89/><W54/><G31/><T55/><D70/><U115/><E115/><N who="3" m="44106" /><G119/><T76/><D128/><U102/><E102/><V25/><F78/><W94/><G54/><T60/><D108/><U65/><E36/><V38/><F72/><W75/><G75/><T13/><D127/><U110/><E110/><V87/><F87/><W106/><G105/><T104/><D104/><U67/><E56/><V116/><F116/><W48/><G48/><T16/><D55/><U103/><E103/><V124/><F124/><W84/><G84/><T122/><D61/><U49/><E49/><V12/><F38/><W62/><G62/><T109/><D109/><U81/><E20/><N who="2" m="11383" /><F3/><W28/><G28/><T51/><D1/><U64/><N who="1" m="16384" /><DORA hai="46" /><U85/><E30/><V44/><F44/><W133/><G133/><T45/><D45/><U134/><E134/><V73/><F73/><W47/><G47/><T95/><D60/><U114/><E85/><V27/><F63/><W86/><G86/><N who="0" m="52631" /><D122/><U91/><E114/><V125/><F125/><W24/><AGARI ba="0,0" hai="17,23,24,82,83,92,93,94,96,100,106" m="44106" machi="24" ten="30,1100,0" yaku="11,1" doraHai="9,46" who="3" fromWho="3" sc="296,-3,278,-3,202,-5,224,11" /><INIT seed="3,0,0,2,4,37" ten="293,275,197,235" oya="3" hai0="66,22,24,11,99,57,6,123,58,90,119,13,132" hai1="112,82,72,104,0,52,40,62,44,133,87,107,45" hai2="47,9,27,95,25,3,14,12,125,130,128,32,23" hai3="122,100,118,126,131,54,65,98,26,105,93,77,76"/><W111/><G118/><T21/><D123/><U46/><E112/><V78/><F78/><W42/><G122/><T129/><D119/><U91/><E133/><V113/><F95/><W8/><G126/><T103/><D132/><U81/><E0/><V71/><F71/><W29/><G131/><N who="2" m="50217" /><F47/><W120/><G120/><T60/><D22/><U117/><E117/><V7/><F113/><W106/><G65/><T19/><D129/><U64/><E104/><V101/><F101/><W89/><G106/><T63/><D90/><U55/><E107/><V85/><F85/><W115/><G115/><T67/><D99/><U74/><E40/><V97/><F97/><W34/><G54/><T31/><REACH who="0" step="1"/><D103/><REACH who="0" ten="283,275,197,235" step="2"/><U5/><E5/><AGARI ba="0,1" hai="5,6,11,13,19,21,24,31,57,58,60,63,66,67" machi="5" ten="40,8000,1" yaku="1,1,2,1,9,1,8,1,53,0" doraHai="37" doraHaiUra="96" who="0" fromWho="1" sc="283,90,275,-80,197,0,235,0" /><INIT seed="4,0,0,0,0,68" ten="373,195,197,235" oya="0" hai0="69,126,13,67,78,121,35,56,6,4,111,77,20" hai1="106,0,7,48,34,118,108,33,99,3,124,63,66" hai2="59,27,65,125,11,44,30,53,38,91,36,70,84" hai3="60,43,73,129,133,64,103,52,102,101,8,61,10"/><T55/><D35/><U16/><E118/><V24/><F125/><W128/><G73/><T85/><D121/><U28/><E124/><V74/><F74/><W23/><G133/><T122/><D122/><U123/><E123/><V113/><F113/><W130/><G43/><T94/><D126/><U112/><E108/><V119/><F119/><W110/><G110/><T105/><D105/><U31/><E112/><V93/><F44/><W42/><G42/><T82/><D77/><U41/><E7/><V95/><F27/><W109/><G109/><T37/><D37/><U116/><E116/><V90/><F11/><W71/><G23/><T57/><D69/><U81/><E81/><V9/><F9/><W5/><G5/><T18/><D94/><U98/><E48/><V115/><F65/><W76/><G76/><T83/><D83/><U131/><E41/><V46/><F46/><W75/><G75/><T88/><D78/><U17/><E63/><V134/><F70/><W114/><G114/><T22/><D22/><U127/><E127/><V58/><F134/><W72/><G72/><T45/><D45/><U39/><E66/><V50/><F59/><AGARI ba="0,0" hai="8,10,52,59,60,61,64,71,101,102,103,128,129,130" machi="59" ten="50,3200,0" yaku="19,1,54,1" doraHai="68" who="3" fromWho="2" sc="373,0,195,0,197,-32,235,32" /><INIT seed="5,0,0,2,4,64" ten="373,195,165,267" oya="1" hai0="13,93,8,109,102,103,121,83,28,15,104,52,131" hai1="72,44,107,9,4,133,36,46,22,78,20,60,3" hai2="75,59,45,11,82,108,33,68,47,99,27,134,5" hai3="23,92,100,91,119,116,10,21,70,79,89,42,26"/><U66/><E133/><V127/><F108/><W118/><G79/><T97/><D109/><U12/><E107/><V63/><F127/><W115/><G115/><T18/><D131/><U117/><E117/><V32/><F134/><W122/><G122/><T81/><D121/><U2/><E44/><V39/><F45/><W85/><G42/><T132/><D132/><U135/><E12/><V41/><F59/><W49/><G49/><T40/><D28/><U48/><E3/><N who="2" m="447" /><F99/><W65/><G100/><T113/><D113/><U114/><E114/><V19/><F19/><W105/><G105/><T110/><D40/><N who="1" m="22791" /><E135/><V128/><F27/><W69/><G65/><T124/><D124/><U76/><E76/><N who="2" m="44319" /><F128/><W84/><G10/><T86/><D15/><U71/><E48/><V51/><F51/><W88/><G91/><T17/><D18/><U94/><E94/><V56/><F56/><W1/><G1/><T106/><D110/><U130/><E130/><V98/><F98/><W101/><G101/><T57/><D102/><U31/><E31/><V54/><F54/><W95/><G21/><T61/><D83/><AGARI ba="0,0" hai="2,4,9,20,22,60,66,71,72,78,83" m="22791" machi="83" ten="30,2900,0" yaku="25,1,52,1" doraHai="64" who="1" fromWho="0" sc="373,-29,195,29,165,0,267,0" /><INIT seed="5,1,0,1,0,59" ten="344,224,165,267" oya="1" hai0="8,84,17,33,93,87,21,42,49,80,107,20,53" hai1="28,22,103,24,90,56,31,12,55,79,67,32,30" hai2="7,102,52,132,2,89,48,97,72,109,19,108,18" hai3="96,88,105,63,1,124,29,135,13,129,118,76,75"/><U134/><E134/><V54/><F72/><W10/><G1/><T16/><D107/><U81/><E67/><V65/><F132/><W104/><G135/><T115/><D33/><U85/><E32/><V130/><F130/><W41/><G29/><T126/><D42/><U46/><E46/><V117/><F117/><W36/><G129/><T26/><D115/><U5/><E103/><V57/><F65/><W114/><G114/><T106/><D106/><U120/><E120/><V64/><F64/><W45/><G124/><T128/><D8/><U100/><E100/><V112/><F112/><W60/><G118/><T82/><D126/><U74/><E5/><V113/><F113/><W9/><G9/><T11/><D11/><U34/><E12/><V70/><F70/><W0/><G0/><T131/><D131/><U111/><E111/><V68/><F68/><W71/><G71/><T66/><D66/><U122/><E34/><V39/><F39/><W38/><G38/><T51/><D51/><U69/><E69/><V119/><F119/><W101/><G104/><T86/><D93/><N who="1" m="54479" /><E122/><V43/><F7/><W91/><G76/><T121/><D121/><U123/><E123/><V98/><F2/><W15/><G15/><N who="0" m="9247" /><D128/><U116/><E116/><V77/><F77/><W73/><G75/><T37/><D37/><U44/><E44/><AGARI ba="1,0" hai="17,21,26,44,49,53,80,82,84,86,87" m="9247" machi="44" ten="30,2000,0" yaku="8,1,54,1" doraHai="59" who="0" fromWho="1" sc="344,23,224,-23,165,0,267,0" /><INIT seed="6,0,0,4,4,51" ten="367,201,165,267" oya="2" hai0="115,96,22,57,58,109,118,49,120,62,119,101,71" hai1="12,52,110,41,31,21,129,13,5,87,10,75,15" hai2="55,105,127,131,37,83,9,124,70,99,32,92,82" hai3="107,112,61,35,36,122,84,81,132,60,29,45,65"/><V74/><F37/><W123/><G107/><T104/><D109/><U64/><E75/><V121/><F70/><W24/><G132/><T98/><D120/><U39/><E129/><V76/><F32/><W4/><G112/><T8/><D115/><U59/><E110/><V117/><F121/><W116/><G116/><N who="0" m="44587" /><D96/><U91/><E41/><V77/><F117/><W102/><G4/><T1/><D22/><U69/><E39/><V94/><F9/><W34/><G61/><T85/><D85/><U33/><E64/><V7/><F7/><W20/><G102/><T78/><D78/><U56/><E56/><V67/><F67/><W95/><G95/><N who="2" m="36393" /><F55/><W19/><G45/><T133/><D71/><U126/><E126/><N who="2" m="48171" /><F131/><W103/><G36/><T53/><D8/><U128/><E128/><V93/><F105/><W89/><G35/><T3/><D133/><U54/><E69/><V26/><F26/><W135/><G135/><T80/><D80/><N who="2" m="30762" /><F74/><W47/><G47/><T97/><D97/><U16/><E33/><V18/><F18/><W2/><G122/><T43/><D43/><U79/><E31/><V88/><AGARI ba="0,0" hai="76,77,88,93,99" m="30762,48171,36393" machi="88" ten="30,11700,0" yaku="18,1,34,2,54,1" doraHai="51" who="2" fromWho="2" sc="367,-39,201,-39,165,117,267,-39" /><INIT seed="6,1,0,4,5,72" ten="328,162,282,228" oya="2" hai0="71,53,4,57,91,28,135,70,15,124,73,27,89" hai1="56,68,74,106,49,120,127,16,7,125,60,30,134" hai2="6,52,80,132,88,31,102,103,111,126,9,10,75" hai3="29,98,33,122,59,25,67,22,93,69,118,35,116"/><V48/><F132/><W77/><G122/><T11/><D73/><U32/><E106/><V105/><F126/><W83/><G69/><T39/><D39/><U19/><E68/><V121/><F121/><W23/><G23/><T5/><D5/><U38/><E38/><V87/><F75/><W41/><G41/><T66/><D135/><U78/><E49/><V113/><F113/><W100/><G35/><T133/><D133/><U85/><E74/><V17/><F105/><W61/><G33/><T44/><D44/><U82/><E120/><V104/><F31/><W92/><G93/><T1/><D1/><U90/><E134/><V110/><F104/><W26/><G26/><T128/><D128/><U108/><E108/><N who="2" m="41515" /><F17/><N who="1" m="6729" /><E7/><V96/><F96/><W46/><G46/><T81/><D124/><N who="1" m="47691" /><E30/><V37/><F37/><W130/><G130/><T3/><D4/><U62/><E32/><V51/><F48/><W64/><G67/><T114/><D66/><N who="1" m="39175" /><E62/><V40/><F40/><W42/><G42/><T12/><D28/><U14/><E14/><N who="2" m="5431" /><F10/><W18/><G18/><T129/><D11/><U65/><E65/><V45/><AGARI ba="1,0" hai="45,51,52,80,87,88,102,103" m="5431,41515" machi="45" ten="30,6000,0" yaku="10,1,54,2" doraHai="72" who="2" fromWho="2" sc="328,-21,162,-21,282,63,228,-21" /><INIT seed="6,2,0,0,0,135" ten="307,141,345,207" oya="2" hai0="122,36,134,58,14,106,92,69,66,61,87,44,121" hai1="80,98,56,15,19,105,79,49,32,25,67,29,59" hai2="42,72,1,37,70,2,102,73,0,18,33,128,78" hai3="47,55,22,4,54,103,16,39,115,117,100,63,5"/><V107/><F18/><W40/><G117/><T45/><D106/><U9/><E67/><V104/><F128/><W51/><G115/><T126/><D14/><U131/><E131/><V118/><F118/><W114/><G114/><T124/><D134/><U31/><E31/><V130/><F130/><W74/><G74/><N who="2" m="28777" /><F78/><W38/><G38/><T62/><D92/><U50/><E105/><N who="2" m="40523" /><F102/><N who="3" m="38955" /><G39/><T41/><D87/><U119/><E98/><V28/><F70/><W99/><G99/><T81/><D81/><U127/><E119/><V23/><F23/><W96/><G96/><T132/><D44/><U84/><E50/><V120/><F120/><N who="0" m="46186" /><D132/><U85/><E85/><V125/><F42/><W71/><G71/><T53/><AGARI ba="2,0" hai="36,41,45,53,58,61,62,66,69,124,126" m="46186" machi="53" ten="30,7900,0" yaku="34,2,52,2" doraHai="135" who="0" fromWho="0" sc="307,85,141,-22,345,-41,207,-22" /><INIT seed="7,0,0,1,2,14" ten="392,119,304,185" oya="3" hai0="72,122,107,67,60,32,83,123,39,71,111,56,4" hai1="131,78,118,77,12,41,116,125,121,57,100,29,23" hai2="102,81,7,19,99,52,117,105,16,108,61,112,37" hai3="5,66,129,33,54,27,124,49,11,88,95,3,90"/><W13/><G124/><T135/><D111/><U34/><E34/><V97/><F108/><W84/><G129/><T53/><D107/><U92/><E121/><V82/><F117/><W47/><G66/><T24/><D135/><U132/><E41/><V26/><F37/><W2/><G33/><T75/><D39/><U110/><E110/><V21/><F7/><W119/><G119/><N who="1" m="45610" /><E57/><N who="2" m="34983" /><F112/><W58/><G27/><T62/><D4/><U35/><E35/><V44/><F44/><W42/><REACH who="3" step="1"/><G90/><REACH who="3" ten="392,119,304,175" step="2"/><T15/><D24/><N who="1" m="16543" /><E125/><V64/><F64/><W85/><G85/><T104/><D67/><U18/><E131/><V109/><F109/><W6/><G6/><T73/><D32/><U36/><E132/><V50/><F102/><W46/><G46/><T45/><D73/><U98/><E36/><AGARI ba="0,1" hai="2,3,5,11,13,36,42,47,49,54,58,84,88,95" machi="36" ten="30,11600,0" yaku="1,1,7,1,54,1,53,1" doraHai="14" doraHaiUra="51" who="3" fromWho="1" sc="392,0,119,-116,304,0,175,126" /><INIT seed="7,1,0,2,5,12" ten="392,3,304,301" oya="3" hai0="103,16,36,6,68,28,23,69,74,107,109,51,79" hai1="125,77,34,119,66,42,86,22,45,48,63,4,97" hai2="3,53,132,129,38,32,47,123,88,20,46,135,24" hai3="58,81,35,133,102,2,99,90,118,13,80,39,112"/><W122/><G122/><T60/><D109/><U37/><E22/><V7/><F129/><W106/><G118/><T116/><D36/><U25/><E4/><V71/><F32/><W62/><G2/><T33/><D6/><U56/><E97/><V87/><F71/><W73/><G39/><T92/><D116/><U84/><E25/><V65/><F65/><W0/><G0/><T98/><D51/><U110/><E84/><V95/><F123/><W127/><G35/><T59/><D79/><U104/><E86/><V1/><F46/><W29/><G29/><T8/><D74/><U30/><E30/><N who="2" m="17671" /><F7/><W52/><G112/><T15/><D107/><U41/><E77/><V27/><F27/><W43/><G73/><T130/><D130/><U11/><E11/><V61/><F61/><W5/><G127/><T115/><D115/><U72/><E42/><N who="2" m="22999" /><F53/><W126/><G126/><T49/><D33/><U120/><E56/><V100/><F100/><W54/><G43/><T26/><D49/><U114/><E63/><V40/><F40/><W55/><G133/><AGARI ba="1,0" hai="1,3,87,88,95,132,133,135" m="22999,17671" machi="133" ten="30,2000,0" yaku="20,1,54,1" doraHai="12" who="2" fromWho="3" sc="392,0,3,0,304,23,301,-23" owari="392,49.0,3,-50.0,327,13.0,278,-12.0" /></mjloggm>