<mjloggm ver="2.3"><GO type="169" lobby="0"/><UN n0="%E3%81%82%E3%81%95%E3%81%B4%E3%82%93%EF%BC%A0%EF%BD%8D%EF%BD%8A" n1="%70%72%6F%6E%61%72%69" n2="%E3%81%97%E3%82%89%E3%81%99%EF%BC%A1" n3="%E3%81%82%E3%82%89%E3%81%B0%E3%81%97%E3%82%8A" dan="17,16,16,16" rate="2157.59,2063.74,2089.50,2143.17" sx="M,M,M,M"/><TAIKYOKU oya="0"/><INIT seed="0,0,0,5,5,122" ten="250,250,250,250" oya="0" hai0="16,36,60,59,54,26,133,101,87,21,106,44,118" hai1="115,46,73,35,1,93,65,113,111,40,4,29,68" hai2="134,34,56,72,45,83,6,132,38,94,86,14,48" hai3="98,125,50,63,61,2,89,5,126,116,120,135,22"/><T33/><D118/><U130/><E73/><V92/><F34/><W58/><G120/><T15/><D133/><N who="2" m="51306" /><F56/><W31/><G116/><T90/><D106/><U69/><E93/><V62/><F38/><W43/><G135/><T117/><D117/><U78/><E78/><N who="2" m="46455" /><F62/><W97/><G2/><T127/><D127/><U84/><E65/><V3/><F72/><W80/><G5/><T129/><D129/><U18/><E130/><V77/><F77/><W102/><G63/><T70/><D101/><U103/><E29/><V17/><F3/><W23/><G43/><T121/><D121/><U76/><E40/><N who="2" m="24615" /><F6/><W7/><G7/><T79/><D79/><U55/><E76/><V95/><F94/><W51/><G80/><T20/><D33/><U37/><E4/><V67/><F67/><W41/><G41/><T105/><D105/><U12/><E37/><V30/><F30/><W128/><G128/><T85/><D70/><U0/><E69/><V124/><F124/><W28/><G28/><T71/><D71/><U47/><E35/><V100/><F100/><W49/><G31/><N who="0" m="17863" /><D36/><U8/><E103/><V96/><F96/><W110/><G126/><T66/><D90/><U64/><E68/><V99/><F99/><N who="3" m="37899" /><G89/><T32/><D32/><U108/><E0/><V114/><F114/><W25/><G102/><T11/><D11/><AGARI ba="0,0" hai="11,14,17,92,95" m="24615,46455,51306" machi="11" ten="30,1000,0" yaku="20,1" doraHai="122" who="2" fromWho="0" sc="250,-10,250,0,250,10,250,0" /><INIT seed="1,0,0,4,1,99" ten="240,250,260,250" oya="1" hai0="33,94,25,85,92,93,10,51,118,17,111,47,98" hai1="36,119,129,7,81,0,126,5,60,100,1,117,61" hai2="69,77,74,64,23,132,32,133,41,89,65,55,115" hai3="109,105,54,8,121,84,75,28,58,103,12,42,34"/><U53/><E36/><V87/><F32/><W30/><G75/><T76/><D118/><U70/><E129/><V13/><F41/><W96/><G109/><T44/><D111/><U134/><E134/><V128/><F77/><W123/><G42/><T56/><D33/><U49/><E126/><V73/><F55/><W4/><G84/><T135/><D135/><N who="2" m="51786" /><F128/><W90/><G90/><T43/><D47/><U63/><E81/><N who="2" m="49391" /><F69/><W108/><G108/><T79/><D56/><U40/><E70/><V14/><F14/><W59/><G59/><T19/><D98/><U78/><E78/><V113/><F13/><W83/><G83/><T15/><REACH who="0" step="1"/><D85/><REACH who="0" ten="230,250,260,250" step="2"/><U45/><E119/><V21/><F74/><W110/><G110/><T6/><D6/><U71/><E71/><V91/><F73/><W82/><G34/><T27/><D27/><U120/><E117/><V3/><F115/><W2/><G4/><T86/><D86/><U124/><E7/><V104/><F113/><W24/><G24/><T67/><D67/><U39/><E5/><V125/><F65/><W114/><G114/><T46/><D46/><U127/><E120/><V29/><F64/><W20/><G58/><T112/><D112/><U131/><E131/><V57/><F57/><W68/><G68/><T101/><D101/><U122/><E122/><V62/><F62/><W88/><G123/><T130/><D130/><U52/><E100/><V50/><F91/><W97/><G88/><T95/><N who="0" m="23552" /><DORA hai="72" /><T106/><D106/><U26/><E26/><V80/><F104/><W48/><G105/><T116/><D116/><RYUUKYOKU ba="0,1" sc="230,30,250,-10,260,-10,250,-10" hai0="10,15,17,19,25,43,44,51,76,79" /><INIT seed="2,1,1,2,5,93" ten="260,240,250,240" oya="2" hai0="102,69,86,70,20,45,52,62,68,128,126,60,1" hai1="110,58,113,98,79,87,83,59,74,105,11,88,77" hai2="6,75,42,15,63,16,107,114,51,40,3,28,17" hai3="130,35,84,36,0,92,19,99,108,135,53,117,32"/><V97/><F75/><W21/><G117/><T80/><D1/><U89/><E113/><V100/><F114/><W125/><G108/><T47/><D128/><U91/><E110/><V106/><F3/><W103/><G130/><T55/><D126/><U111/><E111/><V27/><F106/><W96/><G135/><T115/><D115/><U10/><E59/><V38/><F38/><W57/><G125/><T25/><D102/><N who="1" m="62679" /><E58/><V90/><F90/><N who="1" m="34313" /><E11/><V43/><F51/><W118/><G36/><T65/><D47/><U132/><E10/><V85/><F85/><W9/><G84/><T73/><D73/><U30/><E30/><V8/><REACH who="2" step="1"/><F63/><REACH who="2" ten="260,240,240,240" step="2"/><W78/><G0/><T29/><D60/><U76/><E132/><V14/><F14/><W48/><G118/><T94/><D94/><AGARI ba="1,2" hai="74,76,77,79,83,87,88,94" m="34313,62679" machi="94" ten="30,16000,3" yaku="24,1,35,5,52,1,54,1" doraHai="93" who="1" fromWho="0" sc="260,-163,240,183,240,0,240,0" /><INIT seed="3,0,0,5,3,79" ten="97,423,240,240" oya="3" hai0="90,20,119,73,25,18,112,104,133,101,17,26,28" hai1="129,125,63,44,88,85,2,12,97,54,109,113,58" hai2="123,72,38,14,6,59,67,124,103,70,42,53,110" hai3="93,86,95,77,69,24,81,82,108,16,61,105,55"/><W36/><G105/><T121/><D119/><U120/><E113/><V66/><F110/><W40/><G108/><T21/><D121/><U56/><E2/><V94/><F72/><W135/><G135/><T68/><D68/><U76/><E120/><V127/><F103/><W64/><G36/><T10/><D112/><U117/><E117/><V34/><F34/><W31/><G40/><T50/><D133/><U4/><E129/><V80/><F94/><W98/><G55/><T3/><D73/><U116/><E116/><V96/><F96/><W74/><G98/><T39/><D39/><U107/><E125/><V106/><F106/><W91/><REACH who="3" step="1"/><G16/><REACH who="3" ten="97,423,240,230" step="2"/><T128/><D104/><U5/><E107/><V65/><F42/><W92/><G92/><T30/><D128/><U89/><E97/><V9/><F38/><W130/><G130/><T13/><D101/><U122/><E54/><V87/><F123/><W15/><G15/><T45/><D3/><U51/><E12/><V37/><F37/><W84/><G84/><T46/><D17/><U131/><E122/><V48/><F127/><W115/><G115/><T100/><D100/><U57/><E131/><V134/><F124/><W29/><G29/><T132/><D132/><U71/><E85/><V62/><REACH who="2" step="1"/><F134/><REACH who="2" ten="97,423,230,230" step="2"/><W41/><G41/><T27/><D30/><U118/><E109/><V43/><F43/><W7/><G7/><T78/><D28/><U8/><E4/><V102/><F102/><W114/><G114/><T0/><D18/><U22/><E5/><V23/><F23/><AGARI ba="0,2" hai="23,24,31,61,64,69,74,77,81,82,86,91,93,95" machi="23" ten="30,11600,0" yaku="1,1,7,1,52,2,53,0" doraHai="79" doraHaiUra="99" who="3" fromWho="2" sc="97,0,423,0,230,-116,230,136" /><INIT seed="3,1,0,1,5,120" ten="97,423,114,366" oya="3" hai0="68,43,51,33,97,84,5,41,60,47,96,39,42" hai1="110,32,83,116,88,30,61,27,77,56,90,49,95" hai2="85,131,122,44,93,20,105,23,4,72,113,126,134" hai3="18,76,125,66,106,98,127,133,114,59,34,89,102"/><W135/><G34/><T100/><D33/><U92/><E116/><V55/><F113/><W48/><G114/><T52/><D5/><U73/><E49/><V119/><F119/><W24/><G76/><T70/><D96/><U1/><E1/><V129/><F72/><W109/><G89/><T3/><D3/><U104/><E104/><V63/><F105/><W25/><G18/><T15/><D15/><U69/><E69/><N who="0" m="26729" /><D84/><U80/><E110/><V7/><F85/><W21/><G109/><T78/><D100/><U71/><E71/><V40/><F93/><W10/><G10/><T22/><D22/><U128/><E128/><V14/><F14/><W13/><G13/><T82/><D97/><U75/><E92/><V53/><F122/><W31/><G25/><T87/><D87/><U103/><E103/><V64/><F23/><W115/><G115/><T0/><D78/><U45/><E95/><V91/><F20/><W81/><G81/><T19/><D19/><U123/><E123/><V132/><F91/><W36/><G36/><T86/><D86/><U28/><E77/><V74/><F74/><W16/><G31/><T107/><D107/><U111/><E32/><V67/><F4/><W9/><G9/><T37/><D82/><U57/><E27/><V17/><F17/><W54/><G66/><T124/><D0/><U79/><E79/><V118/><F7/><W62/><G48/><T108/><D108/><U8/><E111/><V58/><F118/><W101/><G101/><T29/><D29/><U11/><E61/><V99/><F63/><W26/><G26/><RYUUKYOKU ba="1,0" sc="97,-15,423,15,114,-15,366,15" hai1="8,11,28,30,45,56,57,73,75,80,83,88,90" hai3="16,21,24,54,59,62,98,102,106,125,127,133,135" /><INIT seed="3,2,0,3,0,18" ten="82,438,99,381" oya="3" hai0="8,72,29,2,60,12,27,59,67,4,19,108,99" hai1="69,100,0,89,3,17,109,77,7,127,46,56,106" hai2="129,34,57,52,22,30,70,58,114,96,98,76,28" hai3="13,11,37,102,135,31,75,113,45,93,117,16,55"/><W15/><G117/><T20/><D72/><U66/><E69/><V124/><F114/><W126/><G113/><T130/><D130/><U103/><E77/><V36/><F36/><W90/><G75/><T85/><D108/><U132/><E46/><V88/><F34/><W123/><G123/><T92/><D85/><U43/><E43/><V1/><F70/><W87/><G135/><T5/><REACH who="0" step="1"/><D2/><REACH who="0" ten="72,438,99,381" step="2"/><U10/><E3/><V6/><F129/><W39/><G126/><T47/><D47/><U91/><E0/><V131/><F131/><W82/><G45/><T35/><D35/><U9/><E127/><V122/><F122/><W24/><G55/><T121/><D121/><U78/><E109/><V71/><F124/><W38/><G102/><AGARI ba="2,1" hai="4,5,8,12,19,20,27,29,59,60,67,92,99,102" machi="102" ten="30,12000,2" yaku="1,1,7,1,25,2,8,1,52,1,53,0" doraHai="18" doraHaiUra="86" who="0" fromWho="3" sc="72,136,438,0,99,0,381,-126" /><INIT seed="4,0,0,0,4,38" ten="208,438,99,255" oya="0" hai0="90,120,15,93,124,100,104,87,66,11,14,39,51" hai1="61,17,24,1,56,41,5,101,84,52,3,65,48" hai2="22,107,86,72,34,6,36,77,53,67,132,111,125" hai3="12,74,126,110,58,63,10,102,60,31,105,92,109"/><T37/><D120/><U82/><E3/><V54/><F111/><W118/><G74/><T135/><D135/><U62/><E1/><V76/><F34/><W46/><G118/><T68/><D124/><U108/><E108/><V133/><F72/><W44/><G105/><T8/><D68/><U20/><E101/><V127/><F6/><W122/><G122/><T116/><D66/><U59/><E5/><V25/><F86/><W0/><G0/><T30/><D30/><U123/><E123/><V89/><F89/><W23/><G126/><N who="2" m="48137" /><F67/><W28/><G63/><T79/><D116/><U70/><E70/><V103/><F36/><W130/><G130/><T18/><D79/><N who="2" m="30282" /><F103/><W7/><G31/><T73/><D73/><U114/><E65/><V26/><F22/><W9/><G110/><T80/><D104/><U33/><E84/><V40/><F107/><W32/><G32/><T112/><D112/><U119/><E114/><V134/><F40/><W69/><G9/><T78/><D100/><U55/><E41/><V115/><F115/><W2/><G2/><T50/><D37/><U4/><E4/><V49/><F49/><W35/><G35/><T85/><REACH who="0" step="1"/><D39/><REACH who="0" ten="198,438,99,255" step="2"/><U88/><E119/><V71/><F71/><W91/><G69/><T27/><D27/><AGARI ba="0,1" hai="25,26,27,53,54,132,133,134" m="30282,48137" machi="27" ten="40,8000,1" yaku="28,2,20,1,18,1" doraHai="38" who="2" fromWho="0" sc="198,-80,438,0,99,90,255,0" /><INIT seed="5,0,0,3,0,125" ten="118,438,189,255" oya="1" hai0="11,130,43,84,87,24,45,0,100,28,62,58,134" hai1="129,97,6,14,22,37,27,50,3,83,86,122,30" hai2="33,89,66,106,34,51,98,2,25,72,85,60,19" hai3="61,12,110,77,120,128,115,46,36,104,123,48,54"/><U74/><E37/><V10/><F72/><W13/><G104/><T119/><D119/><U88/><E74/><V63/><F51/><W131/><G110/><T79/><D134/><U40/><E3/><V67/><F98/><W112/><G77/><T111/><D111/><U95/><E122/><N who="3" m="46634" /><G13/><T92/><D0/><U57/><E129/><N who="3" m="49738" /><G12/><T71/><D11/><U5/><E14/><V53/><F10/><W81/><G81/><T127/><D79/><U52/><E40/><V31/><F106/><W1/><G1/><T69/><D130/><U59/><E59/><V78/><F78/><AGARI ba="0,0" hai="5,6,22,27,30,50,52,57,78,83,86,88,95,97" machi="78" ten="30,11600,0" yaku="7,1,8,1,54,2" doraHai="125" who="1" fromWho="2" sc="118,0,438,116,189,-116,255,0" /><INIT seed="5,1,0,2,3,57" ten="118,554,73,255" oya="1" hai0="113,97,71,126,3,122,81,52,14,134,68,48,46" hai1="23,6,99,95,61,4,50,76,34,84,20,87,94" hai2="44,32,90,51,63,31,131,29,111,47,2,45,69" hai3="36,41,21,123,129,27,124,67,133,93,66,108,85"/><U127/><E34/><V72/><F111/><W117/><G108/><T91/><D3/><U103/><E127/><V73/><F2/><W89/><G123/><T40/><D122/><U107/><E107/><V62/><F69/><W100/><G124/><T112/><D126/><U9/><E50/><V18/><F32/><W58/><G133/><T1/><D1/><U30/><E87/><V53/><F131/><W86/><G129/><T74/><D134/><U77/><E77/><V16/><F90/><W96/><G67/><T15/><D68/><U105/><E105/><V135/><F135/><W5/><G5/><T64/><D64/><U119/><E119/><V92/><F92/><W35/><G35/><T128/><D71/><U78/><E6/><V38/><F38/><W24/><G117/><T22/><D128/><U56/><E78/><V7/><F7/><W110/><G86/><N who="0" m="50639" /><D74/><N who="2" m="28778" /><F53/><W60/><G110/><T121/><D121/><U26/><E23/><V13/><F51/><W28/><G36/><N who="0" m="21767" /><D97/><U88/><E76/><V8/><F8/><W102/><G41/><T70/><D70/><U130/><E130/><V17/><F13/><W11/><G11/><T10/><D22/><U42/><E42/><V132/><F132/><W49/><G49/><T109/><D109/><U59/><REACH who="1" step="1"/><E61/><AGARI ba="1,0" hai="16,17,18,29,31,44,45,47,61,62,63" m="28778" machi="61" ten="40,12000,2" yaku="28,2,52,3,54,1" doraHai="57" who="2" fromWho="1" sc="118,0,554,-123,73,123,255,0" /><INIT seed="6,0,0,4,5,79" ten="118,431,196,255" oya="2" hai0="119,92,13,51,111,67,25,3,39,16,11,122,124" hai1="77,10,6,5,72,104,54,18,115,7,26,86,114" hai2="76,75,31,125,95,50,132,133,108,34,32,64,59" hai3="30,44,123,49,65,128,87,33,81,100,47,88,40"/><V93/><F125/><W1/><G123/><T22/><D122/><U131/><E104/><V103/><F108/><W8/><G128/><T98/><D111/><U62/><E72/><V41/><F41/><W43/><G100/><T20/><D39/><U74/><E74/><V120/><F120/><W78/><G65/><T15/><D124/><U56/><E131/><V21/><F76/><W61/><G61/><T66/><D119/><U106/><E106/><V48/><F75/><W82/><G33/><T134/><D134/><N who="2" m="51818" /><F21/><W73/><G30/><T94/><D3/><U53/><E115/><V110/><F103/><W42/><REACH who="3" step="1"/><G47/><REACH who="3" ten="118,431,196,245" step="2"/><T17/><D51/><U19/><E114/><V85/><F31/><W90/><G90/><T35/><D35/><U24/><E62/><N who="2" m="37983" /><F110/><W107/><G107/><T105/><D105/><U37/><E56/><V45/><F50/><W83/><G83/><T28/><REACH who="0" step="1"/><D92/><REACH who="0" ten="108,431,196,245" step="2"/><U4/><E37/><V71/><F95/><W113/><G113/><T101/><AGARI ba="0,2" hai="11,13,15,16,17,20,22,25,28,66,67,94,98,101" machi="101" ten="20,16000,3" yaku="1,1,2,1,0,1,7,1,8,1,54,1,53,2" doraHai="79" doraHaiUra="12" who="0" fromWho="0" sc="108,180,431,-40,196,-80,245,-40" /><INIT seed="7,0,0,2,3,96" ten="288,391,116,205" oya="3" hai0="131,118,117,127,34,134,111,2,12,114,54,32,85" hai1="129,52,123,11,14,26,95,16,49,40,86,27,30" hai2="120,66,100,5,42,110,125,82,33,71,23,78,73" hai3="18,103,58,135,84,97,47,98,101,67,55,62,102"/><W92/><G135/><T60/><D85/><U44/><E123/><V57/><F110/><W124/><G124/><T29/><D54/><U38/><E129/><V65/><F125/><W119/><G119/><T113/><D60/><U53/><E38/><V133/><F133/><W128/><G128/><T17/><D127/><U15/><E15/><V69/><F120/><W43/><G18/><T130/><D2/><U76/><E27/><V109/><F109/><W4/><G4/><T126/><D126/><U8/><E8/><V7/><F33/><W132/><G132/><T81/><D81/><U63/><E63/><V48/><F69/><W122/><G122/><T108/><D134/><U50/><E50/><V3/><F71/><W46/><G67/><T28/><D12/><U77/><E77/><V10/><F7/><W74/><G74/><T83/><D83/><U37/><E37/><V24/><F42/><W6/><G6/><T112/><D112/><U13/><E13/><V68/><F68/><W25/><G25/><T61/><D61/><U116/><E116/><V91/><F91/><N who="3" m="53351" /><G43/><T9/><D17/><U121/><E121/><V36/><F36/><W93/><G97/><T51/><D51/><U99/><E99/><V21/><F21/><W56/><G58/><T104/><D104/><U31/><E26/><V79/><F79/><W41/><G41/><T72/><D72/><U115/><E76/><V107/><F57/><W80/><G80/><T75/><D75/><U64/><E64/><V39/><F39/><W105/><G105/><T1/><D1/><U20/><E40/><RYUUKYOKU ba="0,0" sc="288,15,391,-15,116,-15,205,15" hai0="9,28,29,32,34,108,111,113,114,117,118,130,131" hai3="46,47,55,56,62,93,98,101,102,103" /><INIT seed="7,1,0,4,1,26" ten="303,376,101,220" oya="3" hai0="24,81,89,125,106,53,76,130,19,36,29,60,71" hai1="123,38,108,46,94,44,61,57,5,33,83,98,116" hai2="0,84,75,55,69,102,77,96,113,59,107,85,50" hai3="118,21,114,1,72,51,78,35,9,87,22,40,99"/><W86/><G118/><T43/><D130/><U30/><E108/><V62/><F0/><W2/><G35/><T90/><D125/><U88/><E123/><V68/><F113/><W54/><G72/><T129/><D129/><U135/><E38/><V12/><F84/><W3/><G40/><T42/><D106/><U11/><E116/><V93/><F62/><W122/><G122/><T17/><D42/><U27/><E83/><V64/><F64/><W16/><G114/><T120/><D120/><U91/><E91/><V31/><F31/><W127/><G127/><T105/><D105/><U32/><E135/><V121/><F121/><W131/><G131/><T80/><D43/><U112/><E33/><V56/><F56/><W10/><G99/><T34/><D36/><U119/><E119/><V95/><F95/><W65/><G22/><T13/><D80/><U82/><E82/><V97/><F97/><W45/><G65/><T109/><D19/><U48/><E48/><V117/><F117/><W41/><G78/><T101/><D101/><U67/><E112/><V73/><F73/><W132/><G132/><T92/><D92/><U25/><E25/><V66/><F66/><W4/><G41/><T39/><D109/><U100/><E100/><V47/><F47/><W134/><G134/><T18/><D39/><U104/><E104/><V20/><F75/><W6/><G1/><AGARI ba="1,0" hai="1,5,11,27,30,32,44,46,57,61,67,88,94,98" machi="1" ten="30,3900,0" yaku="7,1,52,1,54,1" doraHai="26" who="1" fromWho="3" sc="303,0,376,42,101,0,220,-42" owari="303,10.0,418,52.0,101,-40.0,178,-22.0" /></mjloggm>