<mjloggm ver="2.3"><GO type="169" lobby="0"/><UN n0="%E9%87%A3%E3%82%8A%E6%97%A5%E5%92%8C" n1="%E7%A5%9E%E5%91%AA%E9%AD%94%E5%A5%B3" n2="%E3%81%9B%E3%81%A9%E3%81%AA%E3%82%8A%E3%81%82%E3%82%93" n3="%4C%21%56%45" dan="17,16,16,16" rate="2183.47,2211.76,2082.90,2112.73" sx="M,F,M,M"/><TAIKYOKU oya="0"/><INIT seed="0,0,0,2,1,20" ten="250,250,250,250" oya="0" hai0="104,78,60,55,128,67,5,63,61,100,89,16,51" hai1="120,92,26,68,33,117,130,47,125,64,80,116,111" hai2="32,98,69,6,112,122,48,2,38,135,30,81,73" hai3="54,3,43,94,101,40,37,71,13,70,42,35,24"/><T109/><D5/><U56/><E120/><V110/><RYUUKYOKU type="yao9" ba="0,0" sc="250,0,250,0,250,0,250,0" hai2="2,6,30,32,38,48,69,73,81,98,110,112,122,135" /><INIT seed="0,1,0,5,3,67" ten="250,250,250,250" oya="0" hai0="86,108,26,121,62,72,46,30,1,104,64,15,61" hai1="10,34,107,112,47,24,74,106,132,87,129,52,0" hai2="21,73,27,117,96,60,125,69,134,63,133,122,54" hai3="126,130,55,92,110,81,83,33,36,114,118,105,58"/><T123/><D72/><U89/><E74/><V13/><F122/><W44/><G33/><T119/><D119/><U101/><E101/><V116/><F125/><W124/><G105/><T32/><D1/><U43/><E129/><V88/><F13/><W4/><G92/><T68/><D108/><U94/><E132/><N who="2" m="50795" /><F73/><W39/><G4/><T16/><D104/><U71/><E71/><V22/><F22/><W56/><G83/><T84/><D61/><N who="2" m="23626" /><F54/><W2/><G81/><T79/><D46/><U5/><E112/><V45/><F45/><W11/><G11/><T37/><D37/><U97/><E97/><V120/><F120/><W77/><G2/><T66/><D66/><U35/><E35/><V40/><F40/><W41/><G114/><T51/><D51/><U50/><REACH who="1" step="1"/><E43/><REACH who="1" ten="250,240,250,250" step="2"/><V135/><F69/><W109/><G130/><T95/><D121/><U93/><E93/><N who="2" m="56359" /><F135/><W70/><G70/><T57/><D123/><U9/><E9/><V85/><F85/><W14/><G126/><T75/><D84/><U23/><E23/><V29/><AGARI ba="1,1" hai="21,27,29,116,117" m="56359,23626,50795" machi="29" ten="30,2000,0" yaku="20,1,54,1" doraHai="67" who="2" fromWho="2" sc="250,-11,240,-6,250,33,250,-6" /><INIT seed="1,0,0,0,0,76" ten="239,234,283,244" oya="1" hai0="118,58,25,128,113,93,1,9,40,33,100,17,38" hai1="130,30,35,122,26,86,108,81,72,132,74,103,57" hai2="48,85,98,20,59,102,50,16,49,2,27,37,126" hai3="41,60,52,7,106,94,42,34,21,112,99,121,56"/><U84/><E122/><V66/><F126/><W61/><G112/><T90/><D113/><U63/><E130/><V77/><F2/><W45/><G106/><T5/><D118/><U89/><E132/><V73/><F73/><W46/><G34/><T47/><D128/><U10/><E103/><V19/><F37/><W15/><G121/><T68/><D68/><U65/><E108/><V69/><F69/><W115/><G115/><T44/><D100/><U124/><E124/><V11/><F66/><W31/><G61/><T110/><D110/><U32/><E32/><V62/><F77/><W131/><G131/><T70/><D70/><U51/><E51/><V23/><F85/><W135/><G135/><T117/><D117/><U101/><E101/><V53/><F11/><W18/><G31/><T12/><D58/><U6/><REACH who="1" step="1"/><E84/><REACH who="1" ten="239,224,283,244" step="2"/><V28/><REACH who="2" step="1"/><F23/><REACH who="2" ten="239,224,273,244" step="2"/><W55/><G21/><T0/><D33/><U134/><E134/><V88/><F88/><W8/><G99/><T29/><D90/><U80/><E80/><V116/><F116/><W54/><G94/><AGARI ba="0,2" hai="16,19,20,27,28,48,49,50,53,59,62,94,98,102" machi="94" ten="40,5200,0" yaku="1,1,8,1,54,1,53,0" doraHai="76" doraHaiUra="111" who="2" fromWho="3" sc="239,0,224,0,273,72,244,-52" /><INIT seed="2,0,0,5,3,17" ten="239,224,345,192" oya="2" hai0="127,97,47,73,100,57,53,113,24,132,108,55,120" hai1="0,68,103,89,76,109,38,118,25,98,84,128,131" hai2="46,23,9,6,29,32,69,36,40,18,95,121,33" hai3="11,124,52,16,117,83,64,92,30,54,10,63,119"/><V93/><F121/><W91/><G124/><T106/><D73/><U79/><E38/><V21/><F69/><W58/><G119/><T133/><D113/><U88/><E0/><V1/><F32/><W70/><G117/><T15/><D120/><U45/><E68/><V42/><F42/><W90/><G83/><T123/><D123/><U129/><E45/><V82/><F33/><W67/><G30/><T111/><D127/><U48/><E48/><V115/><F115/><W50/><G54/><T34/><D15/><U81/><E118/><V31/><F31/><W107/><G67/><T39/><D53/><U134/><E134/><N who="0" m="51817" /><D47/><U74/><E25/><V125/><F125/><W59/><G107/><T12/><D12/><U135/><E109/><V60/><F60/><W85/><G70/><T87/><D87/><U35/><E35/><V116/><F116/><W78/><G78/><N who="1" m="29738" /><E135/><V22/><F29/><W105/><G105/><T27/><D39/><U62/><E62/><V71/><F71/><W86/><REACH who="3" step="1"/><G16/><REACH who="3" ten="239,224,345,182" step="2"/><T41/><D34/><U8/><E8/><V43/><F18/><W13/><G13/><T26/><D41/><U65/><E65/><V94/><F43/><W126/><G126/><T51/><AGARI ba="0,1" hai="24,26,27,51,55,57,97,100,106,108,111" m="51817" machi="51" ten="40,1500,0" yaku="20,1" doraHai="17" who="0" fromWho="0" sc="239,25,224,-4,345,-7,182,-4" /><INIT seed="3,0,0,2,5,45" ten="264,220,338,178" oya="3" hai0="90,93,66,89,132,106,118,81,38,84,42,102,114" hai1="8,107,111,126,129,62,78,46,82,0,100,87,86" hai2="117,72,39,9,101,47,17,29,104,55,115,24,50" hai3="76,96,6,51,69,135,88,32,43,14,30,22,79"/><W113/><G113/><T63/><D118/><U70/><E111/><V57/><F72/><W2/><G69/><T98/><D38/><U16/><E129/><V112/><F117/><W10/><G135/><T83/><D42/><U67/><E126/><V19/><F104/><W13/><G32/><T95/><D132/><U28/><E28/><V97/><F39/><W122/><G122/><T23/><D23/><U40/><E100/><V64/><F17/><N who="3" m="10543" /><G30/><T68/><REACH who="0" step="1"/><D114/><REACH who="0" ten="254,220,338,178" step="2"/><U33/><E33/><V35/><F115/><W27/><G2/><T128/><D128/><U94/><E0/><V123/><F112/><W116/><G116/><T44/><D44/><U49/><E107/><V18/><F123/><W131/><G131/><T99/><AGARI ba="0,1" hai="63,66,68,81,83,84,89,90,93,95,98,99,102,106" machi="99" ten="20,2700,0" yaku="1,1,0,1,7,1,53,0" doraHai="45" doraHaiUra="7" who="0" fromWho="0" sc="254,37,220,-7,338,-7,178,-13" /><INIT seed="4,0,0,0,1,43" ten="291,213,331,165" oya="0" hai0="50,23,51,42,55,110,1,100,29,118,130,25,45" hai1="97,61,112,12,63,119,117,66,4,8,36,85,2" hai2="59,19,9,91,34,82,80,121,6,113,17,67,56" hai3="10,83,57,54,129,108,89,101,26,94,84,131,53"/><T30/><D118/><U32/><E32/><V133/><F121/><W39/><G108/><T58/><D1/><U99/><E112/><V81/><F34/><W20/><G39/><T13/><D110/><U78/><E63/><V60/><F113/><W68/><G68/><T86/><D130/><N who="3" m="49673" /><G10/><T102/><D30/><U14/><E36/><V3/><F133/><W75/><G101/><T16/><REACH who="0" step="1"/><D86/><REACH who="0" ten="281,213,331,165" step="2"/><U111/><E85/><V116/><F116/><W128/><N who="3" m="49681" /><W95/><DORA hai="79" /><G75/><T124/><D124/><U52/><E111/><V38/><F38/><W135/><G135/><T46/><D46/><U74/><E117/><V11/><F3/><W126/><G126/><T33/><AGARI ba="0,1" hai="13,16,23,25,29,33,42,45,50,51,55,58,100,102" machi="33" ten="20,12000,1" yaku="1,1,0,1,7,1,52,1,54,1,53,0" doraHai="43,79" doraHaiUra="92,5" who="0" fromWho="0" sc="281,130,213,-40,331,-40,165,-40" /><INIT seed="4,1,0,3,3,10" ten="411,173,291,125" oya="0" hai0="24,2,99,93,116,45,36,25,87,88,78,57,81" hai1="124,76,38,71,67,43,44,77,118,14,117,35,125" hai2="18,131,12,104,64,0,135,55,101,23,31,86,83" hai3="61,70,111,39,106,132,50,100,1,20,72,48,129"/><T22/><D116/><N who="1" m="44651" /><E35/><V102/><F0/><W63/><G111/><T109/><D2/><U42/><E76/><V26/><F104/><W58/><G72/><T134/><D134/><U5/><E77/><V33/><F135/><W16/><G132/><T73/><D109/><U21/><E5/><V90/><F131/><W121/><G39/><T110/><D110/><U69/><E21/><V92/><F64/><W130/><G1/><T37/><D24/><U53/><E14/><V113/><F113/><W119/><G119/><T49/><D57/><U56/><E42/><V15/><F55/><W79/><G79/><T7/><D7/><U3/><E3/><V4/><REACH who="2" step="1"/><F83/><REACH who="2" ten="411,173,281,125" step="2"/><W13/><G106/><T82/><D81/><U62/><E71/><V85/><F85/><W52/><G70/><T97/><D87/><U105/><E105/><V8/><AGARI ba="1,1" hai="4,8,12,15,18,23,26,31,33,86,90,92,101,102" machi="8" ten="30,8000,1" yaku="1,1,0,1,52,2,53,1" doraHai="10" doraHaiUra="80" who="2" fromWho="2" sc="411,-41,173,-21,281,93,125,-21" /><INIT seed="5,0,0,1,3,24" ten="370,152,374,104" oya="1" hai0="68,120,23,112,51,91,37,31,22,98,100,0,99" hai1="93,83,106,12,108,79,76,75,28,15,4,88,18" hai2="115,105,111,1,86,71,62,131,40,113,123,55,119" hai3="48,8,126,44,34,50,121,16,49,21,102,124,85"/><U132/><E106/><V116/><F1/><W72/><G72/><T135/><D37/><U47/><E132/><V53/><F105/><W69/><G69/><T5/><D68/><U117/><E117/><N who="2" m="45131" /><F86/><W56/><G121/><T65/><D65/><U32/><E79/><V66/><F123/><W6/><G34/><T59/><D0/><U60/><E108/><V35/><F35/><W96/><G56/><T42/><D5/><U38/><E4/><V78/><F78/><W3/><G85/><T29/><D91/><U129/><E129/><V54/><F111/><W90/><G90/><T87/><D87/><U57/><E12/><V43/><F131/><W94/><REACH who="3" step="1"/><G44/><REACH who="3" ten="370,152,374,94" step="2"/><N who="0" m="26007" /><D59/><U122/><E122/><V101/><F101/><W70/><G70/><T58/><D58/><U127/><E57/><V128/><F128/><W45/><G45/><T104/><D120/><U36/><E47/><V7/><F7/><W130/><G130/><T67/><D100/><U11/><E60/><V64/><F64/><W114/><G114/><AGARI ba="0,1" hai="40,43,53,54,55,62,66,71,113,114,115" m="45131" machi="114" ten="40,8000,1" yaku="15,1,11,1,34,2" doraHai="24" who="2" fromWho="3" sc="370,0,152,0,374,90,94,-80" /><INIT seed="6,0,0,1,5,129" ten="370,152,464,14" oya="2" hai0="36,33,19,102,90,50,72,130,116,51,55,87,7" hai1="46,17,135,108,111,76,41,34,39,38,115,106,93" hai2="125,79,91,78,16,104,20,121,77,15,61,42,122" hai3="131,53,73,28,60,65,4,123,109,0,43,107,22"/><V24/><F125/><W98/><G109/><T74/><D36/><U25/><E93/><V44/><F104/><W29/><G123/><T18/><D33/><U101/><E76/><V10/><F61/><W6/><G73/><T132/><D132/><U13/><E115/><V118/><F91/><W3/><G43/><T117/><D130/><U96/><E38/><V32/><F32/><W134/><G53/><T110/><D7/><U40/><E40/><V12/><F12/><W71/><G131/><T21/><D102/><U99/><E99/><V9/><F9/><W27/><G134/><T124/><D124/><U49/><E49/><V94/><F94/><W31/><G6/><T103/><D103/><U54/><E54/><V69/><F69/><W56/><G71/><T70/><D70/><U35/><E35/><V120/><F118/><W127/><G127/><T85/><D55/><U14/><E14/><V119/><F119/><W114/><G114/><T62/><D62/><U82/><E135/><V112/><F112/><W59/><G59/><T57/><D57/><U52/><E52/><V68/><F68/><W75/><G75/><T97/><D74/><U48/><E48/><V126/><F126/><W80/><G80/><T5/><D72/><U88/><E34/><V100/><F100/><N who="3" m="62871" /><G4/><T105/><D51/><U45/><E45/><V92/><F92/><W30/><G3/><T67/><D50/><U84/><E25/><V8/><REACH who="2" step="1"/><F24/><REACH who="2" ten="370,152,454,14" step="2"/><W113/><G0/><T1/><D1/><U11/><AGARI ba="0,1" hai="11,13,17,39,41,46,82,84,88,96,101,106,108,111" machi="11" ten="20,2700,0" yaku="0,1,7,1,54,1" doraHai="129" who="1" fromWho="1" sc="370,-7,152,37,454,-13,14,-7" /><INIT seed="7,0,0,4,0,25" ten="363,189,441,7" oya="3" hai0="126,61,44,68,10,42,72,117,90,49,99,73,22" hai1="113,50,13,101,79,51,128,47,132,91,114,109,11" hai2="20,89,62,98,18,74,16,125,107,48,110,12,24" hai3="2,88,27,70,106,39,83,123,127,94,8,105,122"/><W80/><G70/><T36/><D126/><U119/><E109/><V67/><F74/><W92/><G39/><T60/><D117/><U112/><E119/><V93/><F107/><N who="3" m="40971" /><G27/><T121/><D121/><N who="3" m="46089" /><G8/><T76/><D76/><U17/><E101/><V54/><F125/><W75/><G2/><T41/><D60/><U57/><E79/><V7/><F7/><W108/><G127/><T0/><D41/><U23/><E91/><V102/><F102/><W30/><G30/><T63/><D63/><U85/><E85/><V6/><F6/><W86/><G108/><T56/><D10/><U116/><E116/><V111/><F54/><W3/><G3/><T19/><D0/><U32/><E32/><V40/><F48/><W4/><G4/><T131/><D131/><U31/><E128/><V29/><F18/><W45/><G45/><T115/><D115/><U96/><E57/><V104/><F40/><W71/><G71/><T124/><D124/><U52/><E50/><V78/><F104/><W53/><G53/><N who="0" m="33935" /><D68/><U46/><E46/><V69/><F78/><AGARI ba="0,0" hai="75,78,80,83,86,88,92,94" m="46089,40971" machi="78" ten="30,5800,0" yaku="34,2,54,1" doraHai="25" who="3" fromWho="2" sc="363,0,189,0,441,-58,7,58" /><INIT seed="7,1,0,3,0,109" ten="363,189,383,65" oya="3" hai0="88,57,41,40,22,103,55,26,95,0,60,117,52" hai1="124,129,101,54,16,9,73,104,83,47,1,86,119" hai2="24,61,66,23,122,18,63,21,13,132,123,53,89" hai3="82,116,121,78,49,6,20,11,100,46,110,32,48"/><W51/><G116/><T2/><D117/><U98/><E129/><V79/><F132/><W134/><G121/><N who="2" m="46089" /><F79/><W17/><G134/><T74/><D74/><U75/><E119/><V105/><F105/><W85/><G100/><T77/><D77/><U113/><E124/><V92/><F53/><W68/><G68/><T37/><D103/><U130/><E130/><V96/><F66/><W29/><G29/><AGARI ba="1,0" hai="13,18,21,23,24,29,61,63,89,92,96" m="46089" machi="29" ten="30,1000,0" yaku="13,1" doraHai="109" who="2" fromWho="3" sc="363,0,189,0,383,13,65,-13" owari="363,16.0,189,-21.0,396,50.0,52,-45.0" /></mjloggm>