<mjloggm ver="2.3"><GO type="169" lobby="0"/><UN n0="%E3%82%89%E3%81%84%E3%81%82%30%32%30%36" n1="%43%E3%82%A8%E3%83%BC%E3%82%B8%E3%82%A7%E3%83%B3%E3%83%88" n2="%E8%B1%86%E3%83%80%E3%83%9E%E8%AD%A6%E5%AF%9F" n3="%E3%82%A4%E3%82%AB%E3%81%AB%E3%82%82%E6%9D%B1%E5%8C%97" dan="16,17,16,17" rate="2185.84,2218.54,2100.14,2208.59" sx="F,M,M,M"/><TAIKYOKU oya="0"/><INIT seed="0,0,0,4,5,7" ten="250,250,250,250" oya="0" hai0="91,118,51,15,42,108,47,134,65,112,82,67,135" hai1="43,31,105,116,29,103,39,13,73,52,120,119,50" hai2="44,131,113,80,59,41,104,109,117,75,12,23,78" hai3="68,64,86,3,102,110,115,114,33,126,35,53,62"/><T22/><D112/><U45/><E73/><V123/><F123/><W76/><G3/><T84/><D118/><U69/><E120/><V93/><F113/><W98/><G110/><T56/><D108/><U111/><E111/><V18/><F109/><W19/><G126/><T32/><D32/><U77/><E77/><V101/><F131/><W55/><G35/><T48/><D48/><U2/><E2/><V132/><F132/><N who="0" m="50730" /><D56/><U5/><E103/><V30/><F117/><W89/><G76/><T58/><D58/><U11/><E105/><V74/><F104/><W36/><G36/><T9/><D22/><U17/><E69/><V1/><F1/><W66/><G33/><T61/><D61/><U38/><E38/><V0/><F0/><W100/><G114/><T90/><D90/><U94/><E119/><V83/><F59/><W16/><G89/><T25/><D25/><U130/><E130/><V6/><F101/><W4/><G102/><T124/><D124/><U49/><E39/><V96/><F78/><W34/><G100/><T92/><D92/><U57/><E94/><V10/><F93/><W37/><G34/><T85/><D85/><U106/><E106/><V88/><F75/><W127/><G86/><T60/><D60/><U21/><E116/><V81/><F74/><W20/><G62/><T46/><D46/><U24/><AGARI ba="0,0" hai="5,11,13,17,21,24,29,31,43,45,49,50,52,57" machi="24" ten="20,8000,1" yaku="0,1,7,1,8,1,52,1,54,1" doraHai="7" who="1" fromWho="1" sc="250,-40,250,80,250,-20,250,-20" /><INIT seed="1,0,0,4,1,99" ten="210,330,230,230" oya="1" hai0="11,19,24,100,7,123,44,25,30,20,115,22,128" hai1="63,1,78,42,59,9,69,10,64,40,105,49,135" hai2="16,120,33,62,119,13,5,35,6,97,89,127,117" hai3="51,45,110,106,4,8,54,39,15,53,34,90,76"/><U87/><E135/><V79/><F79/><W101/><G110/><T94/><D115/><U68/><E105/><V126/><F62/><W92/><G34/><N who="2" m="12809" /><F89/><W70/><G70/><T74/><D128/><U37/><E69/><V114/><F97/><W71/><G71/><T96/><D123/><U103/><E103/><V58/><F58/><W112/><G112/><T80/><D44/><U67/><E67/><V43/><F43/><W77/><G39/><T26/><D74/><U84/><E1/><V75/><F75/><W38/><G38/><T132/><D132/><U56/><E56/><V85/><F85/><W41/><G101/><T21/><D80/><N who="1" m="47127" /><E87/><V14/><F120/><W131/><G131/><T46/><D46/><N who="1" m="23823" /><E42/><V113/><F113/><W36/><G106/><T50/><D50/><U93/><E93/><V3/><F114/><W72/><G72/><T130/><D130/><U107/><E107/><V118/><F3/><W32/><G53/><AGARI ba="0,0" hai="9,10,49,53,59,63,64,68" m="23823,47127" machi="53" ten="30,1500,0" yaku="24,1" doraHai="99" who="1" fromWho="3" sc="210,0,330,15,230,0,230,-15" /><INIT seed="1,1,0,4,0,33" ten="210,345,230,215" oya="1" hai0="60,75,54,123,63,81,0,46,95,57,122,77,90" hai1="31,66,51,29,10,13,21,52,73,6,20,18,36" hai2="19,45,14,27,44,12,86,22,105,11,132,49,111" hai3="55,87,109,56,24,102,28,119,76,25,88,130,84"/><U93/><E36/><V125/><F111/><W3/><G109/><T70/><D46/><U43/><E73/><V104/><F132/><W58/><G130/><T108/><D108/><U47/><E66/><V91/><F125/><W115/><G115/><T15/><D15/><U42/><E93/><V16/><F27/><W117/><G102/><T131/><D131/><U101/><E101/><V8/><F22/><W107/><G107/><T116/><D116/><N who="3" m="44617" /><G3/><T79/><D79/><U35/><E21/><V94/><REACH who="2" step="1"/><F45/><REACH who="2" ten="210,345,220,215" step="2"/><W121/><G25/><T5/><D122/><U59/><E35/><V127/><F127/><W65/><G24/><T134/><D123/><U34/><E34/><V48/><F48/><W32/><G32/><T110/><D110/><U26/><E47/><V23/><F23/><W120/><G120/><T1/><D134/><U99/><E99/><V103/><F103/><W68/><G121/><T38/><D38/><U61/><E51/><V4/><F4/><W80/><G28/><AGARI ba="1,1" hai="6,10,13,18,20,26,28,29,31,42,43,52,59,61" machi="28" ten="40,3900,0" yaku="8,1,54,1" doraHai="33" who="1" fromWho="3" sc="210,0,345,52,220,0,215,-42" /><INIT seed="1,2,0,1,4,74" ten="210,397,220,173" oya="1" hai0="41,42,76,107,95,116,34,56,16,112,2,106,84" hai1="7,124,132,10,115,109,70,122,4,28,128,11,60" hai2="32,79,120,104,101,44,55,65,119,113,87,21,93" hai3="29,100,27,80,123,18,26,88,40,53,91,24,135"/><U102/><E115/><V63/><F119/><W92/><G123/><T37/><D112/><U36/><E36/><V30/><F120/><W25/><G135/><T64/><D116/><U72/><E72/><V35/><F113/><W31/><G40/><T47/><D34/><U8/><E122/><V133/><F133/><W111/><G111/><T14/><D2/><U61/><E132/><V54/><F104/><W39/><G39/><T15/><D42/><U5/><E124/><V86/><F35/><W81/><G53/><T75/><D14/><U97/><E128/><V67/><F32/><W6/><G6/><T48/><D75/><U0/><E109/><V121/><F67/><W52/><G100/><T105/><D95/><U50/><E28/><V62/><F62/><W108/><G108/><T99/><D99/><U57/><E70/><V118/><F118/><W98/><G52/><T68/><D68/><U73/><E73/><V19/><F30/><N who="3" m="11275" /><G91/><T127/><D127/><U45/><E57/><V12/><F44/><W85/><G98/><T17/><D15/><U13/><E13/><V130/><F130/><W1/><G1/><T23/><D23/><AGARI ba="2,0" hai="18,23,24,25,26,27,80,81,85,88,92" m="11275" machi="23" ten="30,2000,0" yaku="8,1,54,1" doraHai="74" who="3" fromWho="0" sc="210,-26,397,0,220,0,173,26" /><INIT seed="2,0,0,4,5,29" ten="184,397,220,199" oya="2" hai0="81,4,67,99,34,59,50,0,44,126,84,12,74" hai1="116,117,10,61,65,13,94,11,122,27,63,9,32" hai2="90,55,127,18,16,25,75,24,49,41,8,86,42" hai3="28,97,1,135,105,31,102,76,62,38,107,56,134"/><V48/><F75/><W58/><G105/><T52/><D74/><U112/><E112/><V119/><F119/><W128/><G1/><T7/><D126/><U15/><E122/><V93/><F127/><W87/><G38/><T51/><D0/><U14/><E94/><V6/><F42/><W22/><G128/><T103/><D34/><U111/><E111/><V57/><F25/><W17/><G76/><T66/><D66/><U21/><E32/><V43/><F43/><W46/><G87/><T68/><D68/><U37/><E37/><V124/><F124/><W130/><G130/><T123/><D12/><U73/><E73/><V120/><F120/><W70/><G46/><T106/><D123/><U45/><E45/><N who="2" m="25647" /><F24/><N who="3" m="14415" /><G58/><T100/><D100/><U118/><REACH who="1" step="1"/><E65/><REACH who="1" ten="184,387,220,199" step="2"/><V79/><F79/><W108/><G108/><T96/><D67/><U78/><E78/><V88/><F90/><W83/><G107/><T19/><D106/><U89/><E89/><V104/><F104/><W125/><G125/><T82/><D103/><U113/><E113/><V131/><F131/><W129/><G102/><T23/><D82/><U121/><E121/><V85/><F85/><W92/><G83/><T71/><D84/><U40/><E40/><V91/><F91/><W109/><G109/><T110/><D81/><U36/><E36/><V26/><F26/><W20/><G129/><T95/><D110/><U98/><E98/><V30/><F30/><AGARI ba="0,1" hai="9,10,11,13,14,15,21,27,30,61,63,116,117,118" machi="30" ten="50,6400,0" yaku="1,1,29,2,53,0" doraHai="29" doraHaiUra="39" who="1" fromWho="2" sc="184,0,387,74,220,-64,199,0" /><INIT seed="3,0,0,4,0,101" ten="184,461,156,199" oya="3" hai0="131,119,103,84,2,68,15,13,120,92,124,7,41" hai1="23,62,34,71,69,123,6,1,19,14,86,127,16" hai2="28,113,37,9,22,93,121,88,70,78,73,47,27" hai3="89,99,110,40,108,112,30,76,130,29,65,8,114"/><W43/><G76/><T42/><D119/><U3/><E123/><V53/><F113/><N who="3" m="43627" /><G65/><T58/><D120/><U102/><E34/><V39/><F121/><W87/><G99/><T54/><D68/><U44/><E102/><V79/><F70/><W98/><G98/><T134/><D124/><U126/><E86/><V122/><F122/><W25/><G8/><T72/><D72/><U128/><E44/><V95/><F9/><W133/><G130/><T10/><D131/><U115/><E115/><V106/><F106/><W31/><G25/><T67/><D67/><U105/><E105/><V11/><F11/><W132/><G89/><T52/><D134/><N who="3" m="51817" /><G87/><T97/><D84/><U94/><E128/><V100/><F100/><W20/><G20/><T18/><D2/><U33/><E23/><V63/><F95/><W96/><G96/><T5/><D54/><U46/><E94/><V91/><F91/><W74/><G74/><T45/><D45/><U21/><E21/><V50/><F73/><W111/><AGARI ba="0,0" hai="29,30,31,40,43,108,110,111" m="51817,43627" machi="111" ten="50,12000,1" yaku="28,2,14,1,10,1,20,1" doraHai="101" who="3" fromWho="3" sc="184,-40,461,-40,156,-40,199,120" /><INIT seed="3,1,0,1,3,56" ten="144,421,116,319" oya="3" hai0="120,128,93,59,81,129,118,127,23,121,27,79,108" hai1="67,114,42,113,58,82,25,36,84,87,54,80,5" hai2="65,89,30,77,40,105,98,104,69,135,48,95,122" hai3="57,46,17,16,38,96,52,61,71,18,10,63,37"/><W35/><G35/><T1/><D1/><U49/><E5/><V2/><F135/><W109/><G109/><T107/><D118/><U111/><E111/><V6/><F122/><W78/><G78/><T91/><D108/><U106/><E106/><V130/><F130/><N who="0" m="50282" /><D59/><U94/><E94/><V112/><F112/><W92/><G46/><T41/><D41/><U55/><E25/><V11/><F30/><W29/><G29/><N who="0" m="17663" /><D107/><U132/><E132/><V0/><F0/><W4/><G4/><T14/><D14/><U103/><E67/><V134/><F134/><W119/><G119/><T39/><D39/><U13/><E13/><V117/><F117/><W8/><G38/><T115/><D127/><U70/><E70/><V116/><F116/><W60/><G37/><T110/><D115/><U131/><E131/><V24/><F24/><W12/><G71/><T15/><D15/><U126/><E126/><V124/><F124/><W74/><G74/><N who="0" m="43255" /><D110/><U21/><E42/><V101/><F77/><W64/><G64/><T33/><D33/><U19/><E36/><V88/><F105/><W53/><G53/><T22/><D22/><U45/><E55/><V97/><F69/><W20/><G10/><T43/><D43/><U75/><E75/><V32/><F32/><W9/><G9/><T73/><D73/><U3/><E3/><V47/><REACH who="2" step="1"/><F65/><REACH who="2" ten="144,421,106,319" step="2"/><W133/><G133/><T99/><AGARI ba="1,1" hai="91,93,99,120,121" m="43255,17663,50282" machi="99" ten="30,1100,0" yaku="19,1" doraHai="56" who="0" fromWho="0" sc="144,24,421,-4,106,-4,319,-6" /><INIT seed="4,0,0,4,4,18" ten="168,417,102,313" oya="0" hai0="55,47,13,111,75,37,2,118,59,120,130,126,28" hai1="8,115,19,29,101,58,64,52,50,31,109,0,90" hai2="135,132,11,24,46,67,36,10,79,95,62,103,3" hai3="45,6,108,76,85,43,124,40,93,5,74,87,107"/><T70/><RYUUKYOKU type="yao9" ba="0,0" sc="168,0,417,0,102,0,313,0" hai0="2,13,28,37,47,55,59,70,75,111,118,120,126,130" /><INIT seed="4,1,0,2,2,90" ten="168,417,102,313" oya="0" hai0="44,67,25,28,134,91,105,95,92,19,51,3,34" hai1="43,76,36,5,54,80,133,63,73,93,82,41,42" hai2="16,9,58,29,22,68,6,48,87,65,52,13,60" hai3="123,61,109,20,15,119,108,74,99,18,106,12,100"/><T40/><D134/><U107/><E107/><V88/><F29/><W125/><G119/><T122/><D122/><U130/><E130/><V78/><F78/><W81/><G123/><T4/><D105/><U57/><E133/><V37/><F37/><W103/><G103/><T70/><D19/><U49/><E5/><V115/><F115/><W75/><G125/><T62/><REACH who="0" step="1"/><D91/><REACH who="0" ten="158,417,102,313" step="2"/><U45/><E36/><V26/><F6/><W35/><G18/><T31/><D31/><U84/><E82/><V102/><F102/><W7/><G81/><T53/><D53/><U94/><E73/><V77/><F77/><W32/><G75/><T55/><D55/><AGARI ba="1,1" hai="41,42,43,45,49,54,55,57,63,76,80,84,93,94" machi="55" ten="40,5200,0" yaku="8,1,52,2" doraHai="90" who="1" fromWho="0" sc="158,-55,417,65,102,0,313,0" /><INIT seed="5,0,0,0,0,78" ten="103,482,102,313" oya="1" hai0="23,114,18,30,66,89,15,100,59,99,61,56,71" hai1="86,25,29,65,32,121,93,54,43,104,52,36,10" hai2="5,9,111,109,17,85,120,105,44,135,113,67,33" hai3="37,57,7,69,51,8,60,102,126,31,83,133,119"/><U74/><E104/><V108/><F105/><W6/><G37/><T62/><D114/><U87/><E74/><V115/><F67/><W64/><G133/><T73/><D73/><U24/><E65/><V84/><F33/><W1/><G126/><T127/><D127/><U4/><E24/><V58/><F58/><W103/><G119/><T106/><D89/><U63/><E121/><V76/><F120/><W96/><G31/><T112/><D112/><N who="2" m="43082" /><F44/><W116/><G7/><T118/><D118/><U122/><E122/><V45/><F45/><W123/><G116/><T38/><D38/><U98/><E43/><V94/><F17/><W132/><G132/><T12/><D62/><U39/><E36/><V55/><F55/><W46/><G57/><T134/><D134/><U3/><E39/><V0/><F135/><W35/><G35/><T27/><D15/><U20/><E32/><AGARI ba="0,0" hai="12,18,23,27,30,32,56,59,61,66,71,99,100,106" machi="32" ten="30,3900,0" yaku="7,1,25,2" doraHai="78" who="0" fromWho="1" sc="103,39,482,-39,102,0,313,0" /><INIT seed="6,0,0,2,1,34" ten="142,443,102,313" oya="2" hai0="106,70,130,90,5,0,45,73,84,59,88,96,16" hai1="114,27,48,3,53,66,52,118,115,2,125,129,87" hai2="56,119,68,116,38,78,55,18,58,93,97,91,12" hai3="99,77,94,51,109,4,10,35,54,13,81,103,75"/><V100/><F68/><W71/><G71/><T60/><D73/><U134/><E118/><V33/><F33/><W6/><G35/><T63/><D130/><U28/><E125/><V32/><F32/><W132/><G132/><T74/><D74/><U44/><E134/><V72/><F38/><W83/><G83/><T76/><D45/><U8/><E8/><V86/><F58/><W65/><G65/><T89/><D70/><U121/><E66/><V112/><F112/><N who="1" m="43049" /><E53/><V29/><F29/><W82/><G82/><T25/><D63/><U39/><E39/><V110/><F110/><W37/><G37/><T20/><D76/><U105/><E105/><V42/><F42/><W135/><G109/><T92/><D106/><U102/><E102/><V14/><F78/><W67/><G67/><T126/><D126/><U101/><E101/><V85/><F72/><W50/><G135/><T46/><D46/><U31/><E27/><V131/><F131/><W104/><G104/><T22/><D22/><U15/><E15/><V133/><F12/><W36/><G36/><T120/><D84/><U57/><E44/><V9/><F133/><W107/><G107/><T69/><D69/><U19/><E121/><V128/><F128/><W98/><G98/><T30/><D120/><U79/><E19/><V62/><REACH who="2" step="1"/><F86/><REACH who="2" ten="142,443,92,313" step="2"/><W108/><G108/><T123/><D123/><U24/><E129/><V95/><AGARI ba="0,1" hai="9,14,18,55,56,62,85,91,93,95,97,100,116,119" machi="95" ten="20,7800,0" yaku="1,1,2,1,0,1,7,1,53,0" doraHai="34" doraHaiUra="117" who="2" fromWho="2" sc="142,-26,443,-26,92,88,313,-26" /><INIT seed="6,1,0,5,1,31" ten="116,417,180,287" oya="2" hai0="107,4,122,132,17,24,106,102,88,115,15,98,27" hai1="112,16,124,133,50,91,94,104,21,42,10,69,45" hai2="58,12,44,123,125,61,47,33,22,113,32,86,127" hai3="128,70,81,118,116,111,105,3,54,96,119,11,80"/><V79/><F123/><W93/><G111/><T114/><D122/><U40/><E104/><V26/><F113/><N who="0" m="43018" /><D4/><U92/><E69/><V53/><F12/><W59/><G70/><T131/><D107/><U52/><E133/><V82/><F44/><W101/><G128/><T25/><D132/><U89/><E124/><N who="2" m="47691" /><F47/><W56/><G105/><T23/><D131/><U41/><E10/><V135/><F135/><W37/><G37/><T13/><D13/><N who="1" m="9359" /><E112/><V67/><F67/><W55/><G3/><T28/><D88/><AGARI ba="1,0" hai="40,41,42,45,50,52,88,89,91,92,94" m="9359" machi="88" ten="30,7700,0" yaku="8,1,54,3" doraHai="31" who="1" fromWho="0" sc="116,-80,417,80,180,0,287,0" /><INIT seed="7,0,0,0,3,118" ten="36,497,180,287" oya="3" hai0="100,7,85,22,27,4,72,64,31,8,75,10,106" hai1="23,28,122,35,128,125,132,119,95,89,55,32,50" hai2="13,53,65,59,30,51,102,88,103,82,38,73,126" hai3="97,123,17,16,54,120,6,84,70,80,25,104,34"/><W74/><G74/><T69/><D85/><U14/><E132/><V93/><F38/><W90/><G6/><T68/><D22/><U2/><E2/><V71/><F30/><W46/><G70/><T20/><D20/><U78/><E78/><V15/><F126/><W113/><G113/><T41/><D41/><U116/><E128/><V130/><F130/><W135/><G135/><T114/><D31/><U96/><E122/><V79/><F13/><W37/><G37/><T87/><D87/><U9/><E125/><V134/><F134/><W56/><G46/><T117/><D100/><U124/><E124/><V47/><F47/><W111/><G17/><T67/><D106/><U105/><E105/><V110/><F110/><W92/><G104/><T43/><D43/><U133/><E23/><V44/><F44/><W83/><G83/><T42/><D42/><U0/><E0/><V60/><F15/><W115/><G115/><T26/><REACH who="0" step="1"/><D114/><REACH who="0" ten="26,497,180,287" step="2"/><U5/><E28/><V101/><F101/><W11/><G84/><AGARI ba="0,1" hai="51,53,59,60,65,71,73,79,82,84,88,93,102,103" machi="84" ten="30,2000,0" yaku="7,1,54,1" doraHai="118" who="2" fromWho="3" sc="26,0,497,0,180,30,287,-20" owari="26,-47.0,497,59.0,210,-19.0,267,7.0" /></mjloggm>