<mjloggm ver="2.3"><GO type="185" lobby="0"/><UN n0="%E3%81%8D%E3%82%8A%E3%82%93%E3%81%AB%E3%81%92%E3%81%9F" n1="%E3%83%8F%E3%83%81%E3%82%B5%E3%83%B3" n2="%E5%B8%AB%E5%8C%A0%2F%E9%9B%80%E9%AC%BC" n3="" dan="16,16,17,0" rate="2182.40,2115.99,2247.90,1500.00" sx="M,M,M,C"/><TAIKYOKU oya="0"/><INIT seed="0,0,0,1,1,37" ten="350,350,350,0" oya="0" hai0="125,131,57,95,107,38,80,98,91,73,101,79,46" hai1="61,117,39,89,96,133,120,52,44,0,102,134,109" hai2="86,56,1,2,93,118,58,132,43,116,111,87,114" hai3=""/><T70/><D70/><U45/><N who="1" m="30752" /><U123/><N who="1" m="31520" /><U50/><E117/><V130/><F111/><T71/><D71/><U110/><E0/><V33/><F93/><T54/><D131/><U108/><E89/><V59/><F59/><T83/><D125/><U76/><E76/><V72/><F72/><T121/><N who="0" m="31008" /><T67/><D67/><U88/><E88/><V77/><F77/><T41/><D80/><U47/><E61/><V51/><F51/><T62/><REACH who="0" step="1"/><D91/><REACH who="0" ten="340,350,350,0" step="2"/><U103/><E103/><V63/><F130/><T74/><D74/><U65/><E65/><V69/><F118/><T127/><D127/><U68/><E68/><V124/><F69/><T36/><D36/><U113/><E113/><V105/><F114/><T84/><D84/><U94/><E39/><V129/><F87/><T66/><D66/><U75/><REACH who="1" step="1"/><E75/><REACH who="1" ten="340,340,350,0" step="2"/><V35/><F86/><T85/><D85/><U128/><E128/><V3/><F129/><T34/><D34/><U104/><E104/><AGARI ba="0,2" hai="38,41,46,54,57,62,73,79,83,95,98,101,104,107" m="31008" machi="104" ten="40,7700,0" yaku="1,1,52,2,53,0" doraHai="37" doraHaiUra="81" who="0" fromWho="1" sc="340,97,340,-77,350,0,0,0" /><INIT seed="0,1,0,5,0,65" ten="437,263,350,0" oya="0" hai0="46,59,68,82,47,66,81,44,58,97,56,108,106" hai1="99,60,71,131,98,0,37,41,78,61,132,63,76" hai2="92,40,49,104,100,116,36,95,88,50,94,51,112" hai3=""/><T118/><D118/><U121/><N who="1" m="31008" /><U70/><E0/><V87/><F112/><T130/><D130/><U86/><E41/><V110/><F116/><T107/><D97/><N who="1" m="36875" /><E86/><V85/><F110/><T34/><D34/><U119/><E119/><V32/><F32/><T67/><D68/><N who="1" m="26155" /><E131/><V43/><F104/><N who="0" m="39978" /><D108/><U75/><E75/><V113/><F113/><T53/><D53/><U74/><E74/><V103/><F36/><T79/><D79/><N who="1" m="30251" /><E132/><V105/><F105/><T135/><D135/><U96/><N who="1" m="36883" /><U101/><DORA hai="48" /><E37/><V102/><REACH who="2" step="1"/><F87/><REACH who="2" ten="437,263,340,0" step="2"/><T83/><AGARI ba="1,1" hai="44,46,47,56,58,59,66,67,81,82,83" m="39978" machi="83" ten="40,8000,1" yaku="29,2,28,2" doraHai="65,48" who="0" fromWho="0" sc="437,92,263,-41,340,-41,0,0" /><INIT seed="0,2,0,3,5,108" ten="529,222,299,0" oya="0" hai0="117,93,75,63,119,81,106,45,107,1,129,104,35" hai1="67,111,42,83,60,99,134,43,88,133,39,56,130" hai2="46,84,116,94,103,2,78,100,113,61,73,101,89" hai3=""/><T40/><D35/><U123/><N who="1" m="31520" /><U57/><E111/><V55/><F2/><T77/><D1/><U68/><E130/><V105/><F116/><T98/><D129/><U66/><E39/><V92/><F46/><T58/><D45/><U3/><E3/><V69/><F55/><T62/><D40/><U79/><E79/><V126/><F61/><T53/><REACH who="0" step="1"/><D63/><REACH who="0" ten="519,222,299,0" step="2"/><U32/><E32/><V120/><F120/><T86/><D86/><U90/><E60/><V131/><F84/><T51/><D51/><U49/><E49/><V65/><F131/><T115/><D115/><U114/><E114/><V76/><F113/><T97/><D97/><U124/><E42/><V122/><F122/><T109/><D109/><U0/><E43/><V38/><F38/><T54/><D54/><U64/><E0/><V135/><F73/><T36/><D36/><U82/><E67/><V85/><F65/><T48/><D48/><U121/><N who="1" m="31008" /><U44/><E44/><V87/><F87/><T132/><D132/><U34/><E34/><V112/><F85/><T128/><D128/><U41/><E41/><V80/><F112/><T127/><D127/><U102/><E124/><V125/><F126/><T37/><D37/><U72/><E99/><RYUUKYOKU ba="2,1" sc="519,20,222,-10,299,-10,0,0" hai0="53,58,62,75,77,81,93,98,104,106,107,117,119" /><INIT seed="0,3,1,2,1,116" ten="539,212,289,0" oya="0" hai0="126,94,90,34,92,83,56,37,50,119,64,36,98" hai1="80,128,130,63,75,131,54,42,135,62,45,111,40" hai2="47,103,35,53,44,121,0,102,69,38,2,82,59" hai3=""/><T65/><D119/><U91/><E111/><V76/><N who="2" m="31008" /><V109/><F35/><T123/><N who="0" m="31520" /><T61/><D126/><U43/><E135/><V66/><F109/><T88/><D34/><U79/><E91/><V33/><F33/><T133/><D133/><U1/><E1/><V48/><F103/><T114/><D114/><U89/><E89/><V72/><F102/><T39/><D50/><AGARI ba="3,1" hai="40,42,43,45,50,54,62,63,75,79,80,128,130,131" machi="50" ten="50,1600,0" yaku="19,1" doraHai="116" who="1" fromWho="0" sc="539,-22,212,32,289,0,0,0" /><INIT seed="1,0,0,5,3,118" ten="517,244,289,0" oya="1" hai0="114,2,103,125,1,43,50,102,3,127,93,70,106" hai1="126,109,95,51,92,131,54,58,86,89,42,108,135" hai2="84,105,129,47,60,113,67,80,38,0,101,73,100" hai3=""/><U78/><E135/><V88/><F0/><T46/><D114/><U57/><E131/><V34/><F34/><T111/><D70/><U124/><E78/><V117/><F117/><T87/><D106/><U97/><E42/><V61/><F129/><T37/><D111/><N who="1" m="42571" /><E58/><V40/><F113/><T52/><D87/><U110/><N who="1" m="42579" /><U133/><DORA hai="119" /><E133/><V112/><F112/><T116/><D116/><U62/><E62/><V53/><F73/><T45/><REACH who="0" step="1"/><D93/><REACH who="0" ten="507,244,289,0" step="2"/><U41/><E41/><V72/><F105/><T94/><D94/><U59/><E59/><V130/><F130/><T99/><D99/><U115/><E115/><V96/><F96/><T134/><D134/><U77/><E77/><V36/><F72/><T81/><D81/><U85/><E85/><V83/><F83/><T65/><D65/><U39/><E39/><V63/><F38/><T35/><D35/><U79/><E79/><V121/><N who="2" m="31008" /><V132/><F132/><T123/><N who="0" m="31520" /><T64/><D64/><U33/><E33/><V69/><F69/><T91/><D91/><AGARI ba="0,1" hai="51,54,57,86,89,91,92,95,97,124,126" m="42579" machi="91" ten="40,3900,0" yaku="14,1,10,1" doraHai="118,119" who="1" fromWho="0" sc="507,-39,244,49,289,0,0,0" /><INIT seed="1,1,0,2,1,106" ten="468,293,289,0" oya="1" hai0="34,66,105,119,57,77,40,54,48,64,58,97,135" hai1="128,110,73,52,102,65,56,45,123,49,63,122,113" hai2="103,68,134,44,1,71,125,108,133,121,84,33,60" hai3=""/><U80/><N who="1" m="31264" /><U70/><N who="1" m="31520" /><U93/><E113/><V47/><N who="2" m="31008" /><V115/><F33/><T117/><D34/><U81/><E128/><V92/><F1/><T0/><D0/><U107/><E107/><V39/><F115/><T127/><D77/><U37/><E110/><V94/><F108/><T90/><D135/><U124/><E124/><V91/><F125/><T98/><D40/><U112/><E112/><V69/><F60/><T51/><D127/><U78/><E81/><V114/><F114/><T95/><D105/><U50/><E37/><V74/><F74/><T109/><D109/><U67/><E67/><V53/><F53/><T76/><D76/><U79/><E78/><V99/><REACH who="2" step="1"/><F39/><REACH who="2" ten="468,293,279,0" step="2"/><T72/><D72/><U83/><E83/><V46/><AGARI ba="1,1" hai="44,46,47,68,69,71,84,91,92,94,99,103,133,134" m="31008" machi="46" ten="40,6000,1" yaku="1,1,2,1,0,1,52,1,53,0" doraHai="106" doraHaiUra="2" who="2" fromWho="2" sc="468,-21,293,-41,279,72,0,0" /><INIT seed="2,0,0,3,2,51" ten="447,252,351,0" oya="2" hai0="32,72,60,120,33,101,2,127,67,95,48,39,81" hai1="94,82,117,122,75,74,43,59,69,0,128,104,114" hai2="76,85,103,91,58,52,45,64,84,35,124,56,57" hai3=""/><V119/><F119/><T42/><N who="0" m="30752" /><T66/><D2/><U133/><N who="1" m="31264" /><U107/><E69/><V93/><F35/><T83/><D39/><U41/><E0/><V50/><F124/><T65/><D60/><U125/><E125/><V86/><F103/><T97/><D127/><U96/><E117/><V121/><N who="2" m="31008" /><V40/><F64/><T135/><D135/><U47/><E133/><V109/><F109/><T71/><D71/><U123/><N who="1" m="31520" /><U80/><E96/><V77/><REACH who="2" step="1"/><F40/><REACH who="2" ten="447,252,341,0" step="2"/><T129/><D42/><U53/><E41/><V1/><F1/><T63/><D66/><U78/><E43/><V70/><F70/><T87/><D65/><U3/><E3/><V110/><F110/><T55/><D67/><U68/><E68/><V113/><F113/><T46/><D33/><U44/><E114/><V88/><F88/><T99/><D101/><U108/><E108/><V118/><F118/><T106/><D32/><U131/><E78/><AGARI ba="0,1" hai="45,50,52,56,57,58,76,77,78,84,85,86,91,93" m="31008" machi="78" ten="40,12000,1" yaku="1,1,8,1,52,2,54,1,53,0" doraHai="51" doraHaiUra="102" who="2" fromWho="1" sc="447,0,252,-120,341,130,0,0" /><INIT seed="2,1,0,0,5,46" ten="447,132,471,0" oya="2" hai0="58,120,69,48,41,108,134,61,44,96,32,57,37" hai1="59,107,79,2,51,117,1,54,100,87,110,115,102" hai2="75,83,82,62,35,78,76,91,40,84,124,63,125" hai3=""/><V118/><F118/><T3/><N who="0" m="30752" /><T109/><D32/><U66/><E110/><N who="0" m="42601" /><D3/><U99/><E115/><V111/><F111/><T103/><D134/><U74/><E117/><V50/><F35/><T119/><D119/><U105/><E74/><V42/><F91/><T43/><D43/><U34/><E34/><V114/><F114/><T77/><D77/><U47/><E102/><V122/><N who="2" m="31264" /><V73/><REACH who="2" step="1"/><F84/><REACH who="2" ten="447,132,461,0" step="2"/><T33/><D33/><U95/><E1/><V93/><F93/><T85/><D85/><U113/><E2/><V135/><F135/><T123/><N who="0" m="31520" /><T52/><D96/><U56/><E113/><V38/><F38/><T53/><D103/><U72/><E107/><V89/><F89/><T55/><D69/><U49/><E105/><V92/><F92/><T130/><D130/><U67/><E95/><V128/><F128/><T121/><N who="0" m="31008" /><T129/><D129/><U112/><E99/><V133/><F133/><T0/><D0/><U97/><E100/><V101/><F101/><T45/><D58/><U132/><E97/><V86/><F86/><T131/><D131/><U127/><E132/><V106/><F106/><T88/><D88/><U65/><E87/><V126/><F126/><T98/><D98/><RYUUKYOKU ba="1,1" sc="447,10,132,-20,461,10,0,0" hai0="37,41,44,45,48,52,53,55,57,61" hai2="40,42,50,62,63,73,75,76,78,82,83,124,125" /><INIT seed="2,2,1,1,2,3" ten="457,112,471,0" oya="2" hai0="74,60,77,127,53,66,103,88,36,75,113,111,100" hai1="121,108,124,1,73,94,46,135,133,44,50,101,42" hai2="58,110,64,71,35,72,132,45,41,117,123,114,56" hai3=""/><V90/><N who="2" m="31520" /><V119/><F114/><T107/><D36/><U59/><N who="1" m="31008" /><U2/><E108/><V81/><F110/><T96/><D111/><U102/><E73/><V80/><F132/><N who="1" m="50761" /><E124/><V33/><F71/><T70/><D113/><U54/><E46/><V104/><F104/><T63/><D127/><U106/><E106/><V62/><F56/><T126/><D100/><N who="1" m="38507" /><E94/><V125/><F125/><T47/><D126/><U87/><E87/><V34/><F72/><T116/><D77/><U83/><E83/><V39/><REACH who="2" step="1"/><F90/><REACH who="2" ten="457,112,461,0" step="2"/><T82/><D75/><U55/><E55/><V122/><N who="2" m="31264" /><V69/><F69/><T92/><D74/><U91/><E91/><V109/><F109/><T112/><D112/><U130/><E130/><V120/><N who="2" m="30752" /><V79/><F79/><T61/><D70/><U65/><E65/><V49/><F49/><AGARI ba="2,2" hai="1,2,42,44,49,50,54,59" m="38507,50761,31008" machi="49" ten="30,2000,0" yaku="20,1,52,1" doraHai="3" who="1" fromWho="2" sc="457,0,112,44,461,-24,0,0" /><INIT seed="4,0,0,4,3,3" ten="457,156,437,0" oya="0" hai0="47,122,99,60,77,84,134,56,39,89,48,62,120" hai1="118,133,46,52,108,91,115,107,73,86,54,95,79" hai2="132,70,68,125,34,128,103,65,49,85,57,67,44" hai3=""/><T135/><N who="0" m="30752" /><T53/><N who="0" m="31264" /><T97/><D77/><U58/><E108/><V83/><F125/><T69/><D39/><U32/><E118/><V119/><F119/><T0/><D0/><U51/><E107/><V82/><F132/><N who="0" m="50730" /><D69/><U2/><E133/><V130/><F103/><T131/><D131/><U42/><E2/><V105/><F105/><T36/><D36/><U87/><E73/><V106/><F106/><T109/><D109/><U129/><E129/><V37/><F37/><T110/><D110/><U92/><E115/><V112/><F57/><T55/><D60/><U66/><E32/><V64/><F112/><T94/><AGARI ba="0,0" hai="47,48,53,55,56,62,84,89,94,97,99" m="50730,31264,30752" machi="94" ten="30,4000,0" yaku="20,1,52,2" doraHai="3" who="0" fromWho="0" sc="457,40,156,-20,437,-20,0,0" /><INIT seed="4,1,0,4,4,56" ten="497,136,417,0" oya="0" hai0="58,97,48,43,44,72,88,92,111,75,68,70,85" hai1="57,104,125,1,120,36,114,40,101,133,67,134,71" hai2="126,53,108,87,112,90,89,47,81,55,0,52,129" hai3=""/><T76/><D111/><U45/><N who="1" m="30752" /><U41/><E1/><V96/><F108/><T32/><D32/><U135/><E101/><V109/><F109/><T117/><D117/><U95/><E104/><V73/><F0/><T128/><D128/><U91/><E41/><V35/><F35/><T77/><D72/><U132/><N who="1" m="33792" /><DORA hai="102" /><U131/><E131/><V78/><F129/><T64/><D75/><U105/><E105/><V34/><F34/><T82/><D76/><U103/><E103/><V123/><F126/><T46/><D46/><U63/><E125/><V86/><F47/><T122/><N who="0" m="31264" /><T59/><D59/><U84/><REACH who="1" step="1"/><E114/><REACH who="1" ten="497,126,417,0" step="2"/><V2/><F112/><T62/><AGARI ba="1,1" hai="43,44,48,58,62,64,68,70,77,82,85,88,92,97" m="31264" machi="62" ten="30,7800,0" yaku="0,1,52,2,54,1" doraHai="56,102" who="0" fromWho="0" sc="497,90,126,-40,417,-40,0,0" /><INIT seed="4,2,0,1,5,128" ten="587,86,377,0" oya="0" hai0="117,60,77,50,121,67,56,59,116,103,3,104,39" hai1="35,96,37,40,38,106,79,45,47,131,48,94,84" hai2="127,1,0,55,99,54,52,57,89,2,58,91,93" hai3=""/><T51/><N who="0" m="31008" /><T113/><D3/><U87/><E131/><V61/><F127/><T115/><D77/><U43/><E35/><V133/><F133/><T105/><D103/><U118/><E118/><N who="0" m="45673" /><D39/><U111/><E106/><V120/><N who="2" m="30752" /><V73/><F73/><T44/><D104/><U124/><E124/><V108/><F108/><T122/><N who="0" m="31264" /><T78/><D78/><U130/><E111/><V114/><F114/><N who="0" m="43530" /><D105/><U81/><E81/><V119/><F119/><T90/><D90/><U32/><E130/><V125/><F125/><T41/><D51/><U42/><E32/><V69/><F89/><T34/><D34/><U102/><E79/><V65/><AGARI ba="2,0" hai="0,1,2,52,54,55,57,58,61,65,69,91,93,99" m="30752" machi="65" ten="40,3900,0" yaku="0,1,52,1,54,1" doraHai="128" who="2" fromWho="2" sc="587,-28,86,-15,377,43,0,0" /><INIT seed="5,0,0,4,4,71" ten="559,71,420,0" oya="1" hai0="51,50,128,49,65,108,46,95,2,120,1,96,117" hai1="83,86,115,43,58,35,54,78,70,118,55,62,114" hai2="119,63,124,53,93,57,38,44,89,33,45,64,59" hai3=""/><U99/><E118/><V75/><F33/><T37/><N who="0" m="30752" /><T125/><D108/><U127/><E35/><V107/><F119/><T32/><D32/><U98/><E127/><V87/><F124/><T121/><N who="0" m="31008" /><T61/><D125/><U81/><E70/><V109/><F109/><T0/><D117/><U42/><E55/><V76/><F107/><T40/><D128/><U130/><E130/><V68/><F68/><T110/><D110/><U116/><E116/><V104/><F104/><T105/><D105/><U69/><E69/><V123/><N who="2" m="31520" /><V85/><F75/><T134/><D134/><U101/><E83/><V3/><F38/><T102/><D61/><U77/><E77/><V74/><F74/><T84/><D65/><U48/><E99/><V133/><F3/><T131/><D131/><U112/><E62/><V129/><F133/><T73/><D73/><U91/><E78/><V126/><F129/><T80/><REACH who="0" step="1"/><D1/><REACH who="0" ten="549,71,420,0" step="2"/><U39/><REACH who="1" step="1"/><E39/><REACH who="1" ten="549,61,420,0" step="2"/><V52/><F126/><T90/><AGARI ba="0,2" hai="0,2,37,40,46,49,50,51,80,84,90,95,96,102" m="31008,30752" machi="90" ten="30,9000,2" yaku="1,1,2,1,0,1,52,3,53,0" doraHai="71" doraHaiUra="132" who="0" fromWho="0" sc="549,110,61,-60,420,-30,0,0" /><INIT seed="6,0,0,1,2,82" ten="659,1,390,0" oya="2" hai0="57,76,119,111,53,102,33,71,58,95,129,90,63" hai1="59,89,34,114,49,77,42,2,104,70,106,135,93" hai2="88,127,108,116,41,38,81,109,134,48,55,67,122" hai3=""/><V56/><N who="2" m="31264" /><V75/><F116/><T43/><D71/><U61/><E89/><V100/><F100/><T112/><D76/><U40/><E61/><V72/><F127/><T83/><D119/><U78/><E93/><V69/><F134/><T87/><D111/><N who="2" m="42570" /><F38/><T47/><D102/><U101/><E59/><V32/><F41/><T132/><D132/><U126/><E49/><V35/><F88/><T51/><D33/><N who="2" m="12874" /><F81/><T74/><D83/><U39/><E78/><V66/><F69/><T86/><D90/><U44/><E42/><V120/><N who="2" m="30752" /><V131/><F131/><T52/><D129/><U46/><E40/><V118/><F118/><T123/><D123/><U94/><E77/><V62/><F62/><T85/><D63/><U79/><E79/><V117/><F117/><T105/><D51/><U125/><E101/><V97/><F97/><T64/><D43/><U92/><E135/><V130/><F130/><T0/><D53/><U80/><E126/><V65/><AGARI ba="0,0" hai="48,55,56,65,66,67,72,75" m="30752,12874,42570,31264" machi="65" ten="40,5200,0" yaku="10,1,52,2" doraHai="82" who="2" fromWho="2" sc="659,-26,1,-26,390,52,0,0" owari="633,59.0,-25,-63.0,442,4.0,0,0.0" /></mjloggm>