<mjloggm ver="2.3"><GO type="169" lobby="0"/><UN n0="%E3%83%AA%E3%83%BC%E3%83%95%E3%82%A3%E3%82%A2" n1="%E3%83%97%E3%83%AC%E3%82%AF%E3%83%A9%E3%82%B9%E3%83%8B%E3%83%BC" n2="%E3%81%94%E3%82%8B%E3%81%AF%E3%82%80%33%30" n3="%E3%81%99%E3%81%B1%E3%81%B5%E3%81%87%E3%81%AB%E3%81%9F%E3%82%93" dan="16,17,17,16" rate="2126.84,2179.26,2160.28,2067.00" sx="F,M,F,F"/><TAIKYOKU oya="0"/><INIT seed="0,0,0,3,5,109" ten="250,250,250,250" oya="0" hai0="131,85,33,52,24,107,0,114,43,27,2,19,55" hai1="78,3,92,23,94,59,64,6,28,93,111,126,60" hai2="11,68,12,73,135,57,42,117,87,69,132,20,53" hai3="38,31,83,127,74,102,30,81,90,1,36,106,88"/><T103/><D85/><U76/><E111/><V110/><F73/><W48/><G1/><T21/><D43/><U125/><E3/><V13/><F110/><W86/><G38/><T100/><D19/><U14/><E28/><V104/><F104/><W22/><G36/><T47/><D107/><U16/><REACH who="1" step="1"/><E6/><REACH who="1" ten="250,240,250,250" step="2"/><V34/><F132/><W122/><G31/><T26/><D0/><U134/><E134/><V5/><F135/><W45/><G30/><T32/><D2/><U130/><E130/><V65/><F5/><W15/><G122/><T9/><D131/><U77/><AGARI ba="0,1" hai="14,16,23,59,60,64,76,77,78,92,93,94,125,126" machi="77" ten="40,12000,2" yaku="1,1,0,1,54,1,53,3" doraHai="109" doraHaiUra="72" who="1" fromWho="1" sc="250,-60,240,130,250,-30,250,-30" /><INIT seed="1,0,0,1,5,41" ten="190,370,220,220" oya="1" hai0="75,87,4,88,135,116,14,70,48,13,37,85,64" hai1="67,101,43,89,112,133,20,5,83,69,51,111,105" hai2="76,127,82,66,6,30,132,129,53,102,113,39,10" hai3="50,90,72,24,93,40,119,22,124,79,65,27,56"/><U58/><E112/><V122/><F122/><W78/><G72/><T19/><D37/><U32/><E32/><V134/><F113/><W33/><G124/><T46/><D75/><U21/><E133/><V61/><F127/><W97/><G33/><T25/><D116/><U49/><E69/><V103/><F129/><W109/><G109/><T11/><D25/><U115/><E111/><V55/><F30/><W34/><G34/><T28/><D28/><U60/><E115/><V126/><F39/><W68/><G27/><T23/><D135/><N who="2" m="51754" /><F102/><W52/><G119/><T86/><D64/><U3/><E101/><V1/><F103/><W45/><G65/><T54/><D70/><U114/><E105/><V77/><F77/><W12/><G12/><T74/><D74/><U104/><E104/><V95/><F95/><AGARI ba="0,0" hai="4,11,13,14,19,23,46,48,54,85,86,87,88,95" machi="95" ten="30,7700,0" yaku="7,1,8,1,52,1,54,1" doraHai="41" who="0" fromWho="2" sc="190,77,370,0,220,-77,220,0" /><INIT seed="2,0,0,1,1,88" ten="267,370,143,220" oya="2" hai0="2,122,24,70,36,13,93,47,121,132,0,55,19" hai1="7,90,80,110,84,79,35,18,12,30,107,117,32" hai2="23,46,73,10,125,25,3,124,27,68,5,38,85" hai3="102,115,130,34,104,96,109,78,94,42,33,129,63"/><V67/><F68/><W98/><G109/><T50/><D70/><U28/><E110/><V57/><F73/><W26/><G42/><T31/><D132/><U58/><E117/><V91/><F38/><W16/><G63/><T119/><D119/><U75/><E107/><V83/><F46/><W81/><G34/><T39/><D0/><U101/><E7/><V74/><F74/><W11/><G33/><T8/><D2/><U133/><E101/><V111/><F111/><W44/><G44/><T45/><D45/><U72/><E72/><V134/><F134/><W135/><G115/><T69/><D69/><U76/><E35/><V61/><REACH who="2" step="1"/><F27/><REACH who="2" ten="267,370,133,220" step="2"/><W54/><G135/><T17/><D39/><U65/><E133/><V82/><F82/><W99/><G26/><T56/><D36/><U113/><E113/><V14/><F14/><N who="3" m="7263" /><G129/><T49/><D24/><U62/><E75/><V89/><F89/><W22/><G81/><T48/><D47/><U116/><E116/><V77/><F77/><W114/><G78/><T131/><D131/><U59/><E76/><V105/><F105/><W15/><G104/><T92/><D122/><U64/><E79/><V106/><F106/><W43/><G43/><T97/><D121/><U53/><E90/><V71/><F71/><W6/><G130/><T108/><D108/><U126/><E80/><V87/><F87/><W29/><G114/><T1/><D13/><U66/><E12/><V21/><F21/><W4/><G102/><T86/><D86/><U118/><E84/><V20/><F20/><W120/><G15/><N who="0" m="7399" /><D1/><U128/><E128/><RYUUKYOKU ba="0,1" sc="267,-10,370,-10,133,30,220,-10" hai2="3,5,10,23,25,57,61,67,83,85,91,124,125" /><INIT seed="2,1,1,0,4,92" ten="257,360,163,210" oya="2" hai0="87,14,99,82,62,111,130,123,119,120,81,31,17" hai1="4,56,33,61,91,16,37,50,124,73,117,110,54" hai2="125,10,102,42,18,27,74,107,2,23,129,49,38" hai3="57,98,103,52,106,88,9,45,122,104,60,72,53"/><V115/><F115/><W127/><G127/><T46/><D111/><U86/><E124/><V32/><F125/><W48/><G72/><T40/><D130/><U66/><E73/><V59/><F129/><W114/><G114/><T13/><D119/><U134/><E110/><V69/><F69/><W47/><G9/><T85/><D31/><U34/><E37/><V97/><F74/><W5/><G5/><T36/><D62/><U71/><E4/><V118/><F118/><W112/><G122/><T64/><D64/><U12/><E134/><V68/><F68/><W108/><G108/><T26/><D26/><U100/><E100/><V94/><F38/><W133/><G104/><T24/><D24/><U70/><E70/><V15/><F2/><W6/><G6/><T0/><D0/><U83/><REACH who="1" step="1"/><E117/><REACH who="1" ten="257,350,163,210" step="2"/><V84/><F102/><W135/><G112/><T75/><D75/><U93/><E93/><V121/><F107/><W128/><G128/><T90/><D123/><U80/><E80/><V41/><F121/><W63/><G133/><T78/><D120/><U29/><E29/><V19/><F94/><N who="3" m="56647" /><G103/><T96/><REACH who="0" step="1"/><D13/><REACH who="0" ten="247,350,163,210" step="2"/><U65/><E65/><V43/><F15/><W25/><G25/><T77/><D77/><U109/><E109/><V22/><F27/><W116/><G116/><T55/><D55/><U28/><E28/><V131/><F131/><W113/><G135/><T132/><D132/><U44/><E44/><N who="3" m="16970" /><G113/><T30/><D30/><U20/><AGARI ba="1,3" hai="12,16,20,33,34,50,54,56,61,66,71,83,86,91" machi="20" ten="20,8000,1" yaku="1,1,0,1,7,1,54,1,53,1" doraHai="92" doraHaiUra="76" who="1" fromWho="1" sc="247,-21,350,113,163,-41,210,-21" /><INIT seed="3,0,0,4,1,76" ten="226,463,122,189" oya="3" hai0="135,4,58,126,48,45,131,90,31,97,89,42,98" hai1="62,82,92,30,0,134,15,83,107,115,127,121,69" hai2="129,25,32,36,114,94,24,60,88,81,122,109,67" hai3="113,9,112,87,99,49,80,123,11,96,40,106,132"/><W53/><G123/><T51/><D135/><U17/><E121/><V65/><F122/><W118/><G118/><T117/><D117/><U111/><E107/><V71/><F114/><W2/><G132/><T79/><D131/><U3/><E134/><V78/><F36/><W116/><G40/><T27/><D126/><U56/><E127/><V12/><F109/><W64/><G64/><T41/><D4/><U21/><E111/><V72/><F129/><W10/><G2/><T1/><D1/><U130/><E69/><V29/><F65/><W68/><G68/><T120/><D79/><U125/><E125/><V55/><F12/><W33/><G33/><T7/><D7/><U84/><E130/><V85/><F24/><W14/><G116/><T16/><D31/><U13/><E0/><V110/><F55/><W61/><G61/><T50/><D50/><U44/><E3/><V133/><F110/><W108/><G108/><T19/><D27/><U73/><E73/><V128/><F128/><W95/><G106/><T54/><D120/><U102/><E30/><V119/><F119/><W91/><G99/><N who="0" m="37899" /><D41/><U101/><E101/><V103/><REACH who="2" step="1"/><F133/><REACH who="2" ten="226,463,112,189" step="2"/><W18/><G113/><T6/><D54/><N who="1" m="34071" /><E13/><V47/><F47/><N who="3" m="27839" /><G112/><T46/><D46/><U20/><E115/><V100/><AGARI ba="0,1" hai="25,29,32,60,67,71,72,78,81,85,88,94,100,103" machi="100" ten="30,8000,1" yaku="1,1,0,1,52,1,54,1,53,1" doraHai="76" doraHaiUra="66" who="2" fromWho="2" sc="226,-20,463,-20,112,90,189,-40" /><INIT seed="4,0,0,1,0,116" ten="206,443,202,149" oya="0" hai0="18,5,58,92,8,6,32,130,76,21,47,108,66" hai1="11,69,87,74,1,120,70,30,62,122,97,39,12" hai2="129,55,118,105,128,26,49,110,117,59,64,113,22" hai3="109,51,124,104,121,82,3,135,7,10,15,17,9"/><T96/><D32/><U0/><E74/><V25/><F110/><W111/><G104/><T88/><D108/><U50/><E39/><V89/><F105/><W13/><G82/><T63/><D130/><N who="2" m="50282" /><F113/><W77/><G51/><T125/><D125/><U20/><E97/><V73/><F73/><W28/><G77/><T94/><D76/><U2/><E50/><V24/><F64/><W131/><G135/><T37/><D8/><U35/><E35/><V100/><F100/><W19/><G131/><T40/><REACH who="0" step="1"/><D94/><REACH who="0" ten="196,443,202,149" step="2"/><U53/><E11/><V91/><F22/><N who="3" m="11567" /><G124/><T85/><D85/><U99/><E87/><V95/><F95/><W133/><G111/><T27/><AGARI ba="0,1" hai="5,6,18,21,27,37,40,47,58,63,66,88,92,96" machi="27" ten="20,7800,0" yaku="1,1,0,1,7,1,54,1,53,0" doraHai="116" doraHaiUra="45" who="0" fromWho="0" sc="196,88,443,-26,202,-26,149,-26" /><INIT seed="4,1,0,3,5,39" ten="284,417,176,123" oya="0" hai0="67,77,14,90,29,133,34,30,108,69,18,127,0" hai1="25,110,19,81,32,64,49,131,36,114,120,68,74" hai2="75,40,132,61,71,66,92,78,123,80,46,22,112" hai3="96,4,12,106,45,118,3,91,109,100,79,72,86"/><T76/><D0/><U95/><E120/><V83/><F123/><W20/><G118/><T6/><D6/><U1/><E110/><V62/><F112/><W27/><G12/><T50/><D108/><U13/><E36/><V88/><F132/><W93/><G109/><T113/><D113/><U17/><E1/><V24/><F83/><W11/><G45/><T42/><D127/><U97/><E131/><V70/><F70/><W117/><G117/><T5/><D5/><U26/><E32/><V134/><F134/><W126/><G126/><T94/><D69/><U60/><E49/><V84/><F66/><W2/><G2/><T48/><D67/><U115/><E114/><V37/><REACH who="2" step="1"/><F71/><REACH who="2" ten="284,417,166,123" step="2"/><W128/><G128/><T52/><D133/><U116/><E64/><V82/><F82/><W107/><G72/><T103/><D34/><U89/><E81/><V55/><F55/><W124/><G124/><T28/><D52/><U21/><E68/><V125/><F125/><W105/><REACH who="3" step="1"/><G79/><REACH who="3" ten="284,417,166,113" step="2"/><T44/><D77/><U8/><E74/><V53/><F53/><W23/><G23/><T73/><D76/><U7/><E115/><V58/><F58/><W47/><G47/><T102/><D73/><U135/><E116/><V119/><F119/><W10/><G10/><N who="0" m="6487" /><D44/><U85/><E135/><V9/><F9/><W129/><G129/><T87/><D42/><U99/><E21/><V35/><F35/><W15/><G15/><T122/><D122/><U98/><E7/><V16/><AGARI ba="1,2" hai="16,22,24,37,40,46,61,62,75,78,80,84,88,92" machi="16" ten="20,16000,3" yaku="1,1,0,1,7,1,52,1,54,2,53,2" doraHai="39" doraHaiUra="57" who="2" fromWho="2" sc="284,-81,417,-41,166,183,113,-41" /><INIT seed="5,0,0,4,1,12" ten="203,376,349,72" oya="1" hai0="89,119,85,0,122,9,54,38,105,106,124,73,68" hai1="98,70,31,95,77,66,132,131,87,86,111,42,39" hai2="36,22,45,30,8,6,92,117,51,48,50,90,126" hai3="35,56,62,7,53,115,108,99,13,112,55,52,61"/><U97/><E111/><V59/><F117/><W81/><G35/><T113/><RYUUKYOKU type="yao9" ba="0,0" sc="203,0,376,0,349,0,72,0" hai0="0,9,38,54,68,73,85,89,105,106,113,119,122,124" /><INIT seed="5,1,0,0,0,82" ten="203,376,349,72" oya="1" hai0="27,135,109,133,15,36,24,81,14,33,56,127,132" hai1="16,77,66,11,55,65,17,91,32,37,39,78,93" hai2="25,123,84,92,68,44,88,114,99,130,129,49,118" hai3="120,122,134,131,124,43,119,7,100,67,57,116,83"/><U110/><E32/><V62/><F118/><N who="3" m="45099" /><G7/><T96/><D36/><U113/><E113/><V6/><F123/><N who="3" m="47147" /><G43/><T94/><D109/><U21/><E110/><V90/><F114/><W26/><G26/><N who="0" m="9771" /><D33/><U86/><E37/><V13/><F25/><W107/><G57/><T35/><D127/><U42/><E39/><V60/><F6/><W22/><G22/><T5/><D35/><U38/><E38/><V10/><F68/><W23/><G23/><T70/><D70/><U80/><E42/><V103/><F13/><N who="0" m="4618" /><D5/><U117/><E21/><V20/><F10/><W51/><G51/><T115/><D56/><U0/><E117/><V48/><F20/><W53/><G53/><T106/><D115/><U111/><E111/><V28/><F28/><W85/><G67/><N who="1" m="25610" /><E0/><V40/><F49/><W54/><G54/><T59/><D59/><U73/><E55/><V9/><F9/><W128/><G134/><T72/><D135/><U76/><E11/><V18/><F18/><N who="1" m="7273" /><E73/><V61/><REACH who="2" step="1"/><F90/><REACH who="2" ten="203,376,339,72" step="2"/><N who="3" m="51519" /><G124/><T30/><D30/><U125/><E125/><V64/><F64/><W71/><G71/><T74/><D133/><U52/><E52/><V1/><F1/><W4/><G4/><T102/><D132/><U97/><AGARI ba="1,1" hai="76,77,78,80,86,91,93,97" m="7273,25610" machi="97" ten="30,6000,0" yaku="8,1,52,1,54,1" doraHai="82" who="1" fromWho="1" sc="203,-21,376,73,339,-21,72,-21" /><INIT seed="5,2,0,4,3,104" ten="182,449,318,51" oya="1" hai0="20,100,30,121,23,40,66,46,43,70,98,80,10" hai1="135,36,115,3,110,85,112,9,25,86,48,114,39" hai2="89,124,61,24,95,77,53,22,126,129,101,127,41" hai3="130,118,96,76,37,4,14,92,15,97,125,7,88"/><U16/><E110/><V6/><F129/><W60/><G125/><T58/><D70/><U19/><E135/><V18/><F41/><W83/><G130/><T51/><D121/><U90/><E48/><V109/><F109/><W72/><G37/><N who="1" m="14410" /><E25/><V123/><F123/><W73/><G60/><T49/><D10/><U65/><E65/><V102/><F6/><W132/><G118/><T13/><D80/><N who="1" m="49447" /><E86/><V99/><REACH who="2" step="1"/><F77/><REACH who="2" ten="182,449,308,51" step="2"/><W64/><G132/><T28/><D43/><U91/><E91/><V106/><F106/><W133/><G133/><T56/><D40/><U2/><E2/><V128/><F128/><W68/><G88/><T57/><D66/><U34/><E3/><V94/><F94/><W17/><G92/><T27/><D100/><U93/><E93/><V113/><F113/><W11/><G83/><T108/><D108/><U134/><E134/><V5/><F5/><W111/><G76/><T74/><D98/><U1/><E1/><V32/><F32/><W120/><G111/><T131/><D131/><U122/><E34/><V82/><F82/><W84/><G120/><T62/><D62/><U107/><E107/><V54/><F54/><W52/><G52/><T0/><D0/><U67/><E122/><V8/><F8/><W21/><G11/><T69/><D23/><U71/><E9/><V35/><F35/><W105/><G21/><T116/><D20/><U50/><E114/><V44/><F44/><W119/><G105/><T63/><D46/><U38/><E115/><V81/><F81/><W26/><G97/><T42/><D42/><U31/><E112/><RYUUKYOKU ba="2,1" sc="182,-10,449,-10,308,30,51,-10" hai2="18,22,24,53,61,89,95,99,101,102,124,126,127" /><INIT seed="6,3,1,0,1,121" ten="172,439,338,41" oya="2" hai0="55,70,14,7,128,74,95,60,77,119,113,117,54" hai1="4,127,72,28,44,65,96,5,115,27,22,118,23" hai2="80,35,131,125,51,110,84,116,33,85,9,103,68" hai3="92,120,111,104,112,19,56,42,133,87,53,91,76"/><V50/><F68/><W123/><G133/><T8/><D113/><U94/><E115/><V6/><F116/><W12/><G112/><T89/><D128/><U100/><E118/><N who="0" m="45065" /><D74/><U99/><E72/><V11/><F103/><W93/><G104/><T37/><D77/><U98/><E127/><V124/><F6/><W16/><G42/><T107/><D37/><U30/><E44/><V18/><F18/><W24/><G120/><T57/><D70/><U47/><E47/><V105/><F105/><W106/><G106/><T41/><D41/><U45/><E45/><V82/><F131/><W3/><G3/><T83/><D83/><U26/><E65/><V67/><F67/><W21/><G123/><T64/><D107/><U135/><E135/><V36/><F36/><W129/><G129/><T79/><D79/><U59/><E59/><V15/><F15/><W10/><G111/><AGARI ba="3,1" hai="9,11,33,35,50,51,80,82,84,85,110,111,124,125" machi="111" ten="25,9600,0" yaku="22,2,52,2" doraHai="121" who="2" fromWho="3" sc="172,0,439,0,338,115,41,-105" owari="172,-23.0,439,24.0,453,55.0,-64,-56.0" /></mjloggm>