<mjloggm ver="2.3"><GO type="225" lobby="0"/><UN n0="%E3%81%97%E3%82%85%E3%81%BF%E3%82%8C" n1="%E4%BC%BD%E8%97%8D%E5%A0%82%E7%B4%97%E7%BE%85" n2="%E3%83%AC%E3%82%A4%E3%83%88%E3%83%B3%E5%87%86%E6%95%99%E6%8E%88" n3="%E9%B3%B4%E3%81%8D%E3%83%80%E3%83%AB%E3%83%9E" dan="16,16,18,16" rate="2115.66,2229.08,2319.69,2128.83" sx="F,F,M,M"/><TAIKYOKU oya="0"/><INIT seed="0,0,0,1,5,41" ten="250,250,250,250" oya="0" hai0="116,78,24,72,91,22,101,53,50,9,114,96,104" hai1="124,44,3,130,94,86,85,48,63,13,7,35,37" hai2="108,39,34,126,89,40,49,90,132,38,112,27,120" hai3="109,79,69,107,97,93,76,61,33,58,87,81,133"/><T88/><D114/><U123/><E123/><V36/><F112/><W28/><G109/><T47/><D116/><U110/><E35/><V45/><F120/><W122/><G122/><T26/><D26/><U11/><E110/><V127/><F108/><W5/><G133/><T21/><D21/><U70/><E37/><V54/><F132/><W71/><G107/><T2/><D78/><U23/><E130/><V98/><F40/><W77/><G5/><T16/><REACH who="0" step="1"/><D72/><REACH who="0" ten="240,250,250,250" step="2"/><U46/><E23/><V99/><F27/><W95/><G33/><T62/><D62/><U65/><E124/><N who="2" m="47659" /><F34/><W42/><G77/><T102/><D102/><U131/><E131/><V32/><F32/><W19/><G76/><T67/><D67/><U84/><E3/><V25/><F25/><W30/><G79/><T55/><D55/><U135/><E135/><V17/><F17/><W12/><G28/><T60/><D60/><U83/><E63/><V18/><F18/><W56/><G30/><T92/><D92/><U134/><E134/><V0/><F0/><W111/><G95/><T20/><D20/><U75/><E94/><V29/><F29/><W57/><G61/><T51/><D51/><U100/><E100/><V105/><F105/><W129/><G129/><T52/><D52/><N who="1" m="29703" /><E75/><V113/><F113/><W106/><G106/><T6/><AGARI ba="0,1" hai="2,6,9,16,22,24,47,50,53,88,91,96,101,104" machi="6" ten="30,12000,1" yaku="1,1,0,1,52,1,54,2,53,0" doraHai="41" doraHaiUra="66" who="0" fromWho="0" sc="240,130,250,-40,250,-40,250,-40" /><INIT seed="0,1,0,0,5,133" ten="370,210,210,210" oya="0" hai0="123,98,85,121,130,111,104,73,112,15,8,52,118" hai1="60,78,16,124,105,89,131,84,14,110,116,100,39" hai2="79,13,48,17,41,56,125,25,63,45,21,55,58" hai3="134,35,75,67,40,38,3,62,72,107,117,69,91"/><T83/><D118/><U92/><E116/><V1/><F1/><W6/><G117/><T66/><D112/><U132/><E39/><V49/><F79/><W99/><G91/><T20/><D73/><N who="3" m="28233" /><G134/><T24/><D66/><U77/><E132/><V95/><F95/><W46/><G35/><T86/><D86/><U74/><E131/><V108/><F108/><W9/><G99/><T128/><D111/><U42/><E42/><V57/><F125/><W47/><G46/><T71/><D71/><U115/><E110/><V120/><F120/><W28/><G28/><T29/><D98/><N who="1" m="61591" /><E60/><V80/><F80/><W18/><G18/><T44/><D104/><AGARI ba="1,0" hai="3,6,9,38,40,47,62,67,69,104,107" m="28233" machi="104" ten="30,2000,0" yaku="33,2" doraHai="133" who="3" fromWho="0" sc="370,-23,210,0,210,0,210,23" /><INIT seed="1,0,0,2,3,112" ten="347,210,210,233" oya="1" hai0="13,31,71,80,2,50,1,85,45,51,86,16,5" hai1="119,118,63,103,54,58,15,18,22,40,3,7,127" hai2="60,19,115,39,110,117,28,24,52,57,120,92,56" hai3="79,114,43,10,102,48,20,32,131,116,109,97,90"/><U126/><E40/><V76/><F110/><W14/><G32/><T23/><D71/><U87/><E103/><V95/><F120/><W42/><G114/><T66/><D66/><U26/><E3/><V107/><F39/><W129/><G109/><T72/><D31/><U135/><E135/><V94/><F107/><W29/><G79/><T82/><D72/><U93/><E93/><V9/><F76/><W99/><G90/><T46/><D5/><U77/><E87/><V111/><F111/><W73/><G73/><T81/><D2/><U96/><E96/><V61/><F115/><W34/><G34/><T121/><D1/><U130/><E130/><N who="3" m="49674" /><G116/><T122/><D121/><U64/><E77/><V91/><F117/><W101/><G20/><T123/><D122/><U6/><E64/><V84/><F9/><W8/><G29/><T0/><D0/><U33/><E6/><V104/><F19/><N who="3" m="8647" /><G10/><T128/><D123/><U17/><E7/><V83/><F104/><N who="3" m="63535" /><G48/><T70/><D70/><U21/><REACH who="1" step="1"/><E33/><REACH who="1" ten="347,200,210,233" step="2"/><V78/><F78/><W88/><G88/><T134/><D134/><U37/><E37/><V11/><F94/><AGARI ba="0,1" hai="42,43,94,99,102" m="63535,8647,49674" machi="94" ten="30,1000,0" yaku="19,1" doraHai="112" who="3" fromWho="2" sc="347,0,200,0,210,-10,233,20" /><INIT seed="2,0,0,3,4,78" ten="347,200,200,253" oya="2" hai0="11,55,49,79,107,15,30,1,10,87,73,9,76" hai1="111,28,130,24,109,36,128,65,31,66,47,131,135" hai2="88,86,110,119,104,94,0,122,63,6,74,7,84" hai3="71,38,85,39,2,18,123,32,81,97,14,80,27"/><V59/><F119/><W75/><G123/><T37/><D37/><U44/><E135/><V61/><F122/><W118/><G2/><T64/><D73/><U50/><E24/><V34/><F74/><W116/><G71/><T105/><D1/><U41/><E28/><V23/><F34/><W67/><G67/><N who="1" m="25610" /><E31/><V8/><F110/><N who="1" m="41993" /><E47/><V4/><F104/><W117/><G27/><T95/><D64/><U93/><E93/><V22/><F0/><W33/><G75/><T45/><D30/><U113/><E113/><V120/><F120/><W20/><G97/><T72/><D72/><U35/><E35/><V69/><F69/><W51/><G33/><T98/><D105/><U12/><E12/><V82/><F8/><N who="0" m="3178" /><D87/><U19/><E19/><V103/><F59/><W57/><G85/><T42/><D55/><U106/><E106/><V126/><F126/><W124/><G32/><T68/><D107/><U102/><E102/><V129/><F129/><W70/><G124/><T91/><D68/><U54/><E54/><V53/><F53/><W112/><G112/><T114/><D114/><U115/><E115/><V133/><F103/><W100/><G100/><T43/><D43/><U40/><E40/><V92/><F133/><W134/><G134/><T99/><D98/><U16/><E16/><AGARI ba="0,0" hai="11,15,16,42,45,49,76,79,91,95,99" m="3178" machi="16" ten="30,2000,0" yaku="8,1,54,1" doraHai="78" who="0" fromWho="1" sc="347,20,200,-20,200,0,253,0" /><INIT seed="3,0,0,1,1,68" ten="367,180,200,253" oya="3" hai0="27,47,58,106,63,79,94,15,128,6,65,3,40" hai1="134,7,45,23,82,132,127,74,110,16,92,59,126" hai2="43,118,22,130,99,35,1,28,116,64,62,71,38" hai3="2,17,102,95,86,0,119,85,83,67,135,19,61"/><W89/><G119/><T107/><D128/><U108/><E7/><V66/><F130/><W100/><G135/><N who="1" m="51754" /><E92/><V91/><F22/><W88/><G0/><T72/><D3/><U33/><E33/><V70/><F91/><W30/><G30/><T97/><D27/><N who="1" m="14823" /><E59/><V50/><F99/><W115/><G2/><T112/><D79/><N who="1" m="44407" /><E45/><N who="2" m="23799" /><F1/><W25/><G115/><T124/><D72/><U12/><E12/><V14/><F14/><W114/><G114/><T78/><D78/><U98/><E98/><V26/><F50/><W125/><G25/><T87/><D87/><U41/><E41/><V103/><F103/><W34/><G34/><T42/><D42/><U37/><E37/><V101/><F101/><W36/><G36/><T56/><D56/><U13/><E13/><V46/><F46/><W80/><G95/><T9/><D112/><U113/><E113/><V24/><F24/><W69/><G100/><T20/><D20/><U122/><E122/><V109/><F109/><AGARI ba="0,0" hai="108,109,110,126,127" m="44407,14823,51754" machi="109" ten="30,3900,0" yaku="14,1,20,1,54,1" doraHai="68" who="1" fromWho="2" sc="367,0,180,39,200,-39,253,0" owari="367,47.0,219,-18.0,161,-34.0,253,5.0" /></mjloggm>