<mjloggm ver="2.3"><GO type="169" lobby="0"/><UN n0="%E8%91%B5%E3%81%A1%E3%82%83%E3%82%93" n1="%6F%6B%62%6F%6B%62" n2="%50%49%58%49" n3="%E3%81%95%E3%82%93%E3%81%A9%E3%81%BF%E3%82%93" dan="16,16,16,16" rate="2197.79,2045.99,2122.33,2100.59" sx="M,M,F,M"/><TAIKYOKU oya="0"/><INIT seed="0,0,0,1,4,31" ten="250,250,250,250" oya="0" hai0="111,124,70,117,52,10,27,76,97,48,119,9,58" hai1="67,135,110,108,81,91,47,118,132,20,86,37,121" hai2="73,56,46,13,51,24,65,88,41,75,39,22,105" hai3="129,80,38,71,43,93,15,89,30,53,28,99,42"/><T115/><D115/><U85/><E67/><V33/><F105/><W95/><G129/><T66/><D124/><U32/><E20/><V82/><F13/><W126/><G71/><T36/><D36/><U6/><E6/><V3/><F3/><W84/><G126/><T21/><D76/><U120/><E47/><V1/><F1/><W45/><G43/><T26/><D111/><N who="1" m="42539" /><E37/><V49/><F33/><W7/><G93/><T68/><D27/><U116/><E85/><V128/><F128/><W4/><G53/><T55/><D55/><U63/><E63/><V125/><F125/><W127/><G127/><T25/><D25/><U40/><E32/><V69/><F51/><W14/><G14/><T83/><D68/><U131/><E131/><V78/><F73/><W87/><G87/><T106/><D70/><U107/><E107/><V16/><F69/><W112/><G112/><T44/><D66/><U8/><E8/><V79/><F75/><W59/><G59/><T77/><D58/><U96/><E96/><V64/><F39/><W102/><REACH who="3" step="1"/><G4/><REACH who="3" ten="250,250,250,240" step="2"/><T62/><D52/><U61/><E40/><V35/><F64/><W98/><G98/><T113/><D97/><U114/><E114/><V130/><F130/><W12/><G12/><T133/><D113/><U92/><E92/><V5/><F5/><W19/><G19/><T2/><D106/><U109/><E109/><V104/><F104/><W50/><G50/><T101/><D48/><U103/><E61/><V11/><F65/><W90/><G90/><T74/><D62/><U60/><E60/><V17/><F88/><RYUUKYOKU ba="0,1" sc="250,-10,250,-10,250,-10,240,30" hai3="7,15,28,30,38,42,45,80,84,89,95,99,102" /><INIT seed="1,1,1,3,2,89" ten="240,240,240,270" oya="1" hai0="66,22,42,63,52,34,102,84,94,70,75,69,108" hai1="35,49,44,7,57,4,17,43,85,40,36,74,101" hai2="122,59,103,90,19,120,96,53,77,8,87,132,38" hai3="124,72,78,99,10,111,65,98,16,95,11,14,73"/><U67/><E74/><V115/><F38/><W58/><G111/><T60/><D34/><U25/><E101/><V117/><F117/><W106/><G124/><T61/><D75/><U134/><E134/><V116/><F116/><W91/><G10/><T0/><D0/><U129/><E129/><V41/><F41/><W81/><G73/><T27/><D42/><U83/><E40/><V112/><F77/><W119/><G119/><T28/><D108/><U6/><E35/><V51/><F132/><W80/><G80/><T20/><D20/><U64/><E36/><V86/><F8/><W114/><G114/><N who="2" m="43561" /><F19/><W21/><G58/><T128/><D128/><U5/><N who="1" m="1024" /><DORA hai="79" /><U30/><E57/><V9/><F9/><W82/><G65/><T127/><D127/><U33/><REACH who="1" step="1"/><E17/><REACH who="1" ten="240,230,240,270" step="2"/><V93/><F87/><W1/><G1/><T125/><D84/><U13/><E13/><V18/><F18/><W32/><G32/><T29/><D125/><U105/><E105/><AGARI ba="1,2" hai="51,53,59,86,90,93,96,103,105,120,122" m="43561" machi="105" ten="30,2000,0" yaku="11,1,52,1" doraHai="89,79" who="2" fromWho="1" sc="240,0,230,-23,240,43,270,0" /><INIT seed="2,0,0,1,4,29" ten="240,207,283,270" oya="2" hai0="62,39,13,38,118,8,90,121,42,103,80,66,73" hai1="56,45,69,28,88,108,37,1,68,22,74,30,86" hai2="25,122,101,70,96,128,5,72,92,110,11,24,26" hai3="77,84,119,99,63,65,114,104,52,41,105,61,7"/><V53/><F122/><W59/><G119/><T116/><D121/><U32/><E1/><V19/><F128/><W102/><G114/><T76/><D103/><U93/><E108/><V130/><F72/><W27/><G41/><T40/><D90/><U106/><E106/><V131/><F70/><W94/><G7/><T21/><D21/><U115/><E115/><V50/><F110/><W112/><G112/><T98/><D98/><U89/><E74/><V46/><REACH who="2" step="1"/><F19/><REACH who="2" ten="240,207,273,270" step="2"/><W75/><G75/><T87/><D73/><U125/><E68/><V3/><AGARI ba="0,1" hai="3,5,11,24,25,26,46,50,53,92,96,101,130,131" machi="3" ten="30,12000,1" yaku="1,1,2,1,0,1,53,2" doraHai="29" doraHaiUra="126" who="2" fromWho="2" sc="240,-40,207,-40,273,130,270,-40" /><INIT seed="2,1,0,3,0,26" ten="200,167,403,230" oya="2" hai0="97,18,69,49,66,135,1,103,106,8,129,121,110" hai1="112,60,100,94,4,122,71,7,118,48,41,59,22" hai2="37,91,105,114,78,73,35,36,95,67,133,38,5" hai3="86,124,107,29,80,28,68,99,125,131,65,34,108"/><V132/><F114/><W63/><G108/><T64/><D121/><U14/><E118/><V31/><F105/><W96/><G131/><T111/><D129/><U50/><E112/><V98/><F5/><W104/><G104/><T52/><D135/><N who="2" m="51786" /><F67/><W92/><G34/><T79/><D79/><U130/><E130/><V83/><F35/><W47/><G47/><T51/><D51/><U109/><E109/><N who="0" m="41481" /><D69/><U127/><E127/><N who="3" m="48714" /><G107/><T44/><D18/><U84/><E71/><V40/><F31/><N who="3" m="11851" /><G92/><T23/><D23/><U93/><E93/><V88/><F91/><AGARI ba="1,0" hai="63,65,68,80,86,91,96,99" m="11851,48714" machi="91" ten="30,7700,0" yaku="18,1,52,3" doraHai="26" who="3" fromWho="2" sc="200,0,167,0,403,-80,230,80" /><INIT seed="3,0,0,5,2,127" ten="200,167,323,310" oya="3" hai0="23,129,69,88,44,59,1,5,26,117,120,92,42" hai1="116,52,98,27,103,49,101,89,105,11,77,61,3" hai2="133,119,28,15,40,36,16,79,124,60,10,84,80" hai3="17,87,106,95,4,71,46,65,33,31,114,75,21"/><W13/><G75/><T64/><D117/><U78/><E116/><V112/><F119/><W128/><G106/><T53/><D120/><U62/><E103/><V54/><F112/><W30/><G114/><T125/><D125/><U93/><E78/><V6/><F124/><W72/><G72/><T100/><D100/><U67/><E77/><V58/><F133/><W38/><G4/><T2/><D64/><U63/><E27/><V7/><F28/><W99/><G87/><T66/><D66/><U37/><E37/><V12/><F36/><W113/><G33/><T48/><D69/><U76/><E76/><V123/><F123/><W18/><G18/><T86/><D5/><U45/><E11/><V32/><F32/><W35/><G35/><T118/><D129/><U34/><E34/><V14/><F40/><W56/><G56/><T8/><D8/><U121/><E121/><V115/><F115/><W41/><G113/><T0/><D118/><U20/><E20/><V19/><F15/><W68/><G128/><T81/><D81/><U43/><E3/><V50/><F60/><W94/><G94/><T47/><REACH who="0" step="1"/><D42/><REACH who="0" ten="190,167,323,310" step="2"/><U74/><E74/><V29/><F29/><AGARI ba="0,1" hai="0,1,2,23,26,29,44,47,48,53,59,86,88,92" machi="29" ten="40,5200,0" yaku="1,1,2,1,54,1,53,0" doraHai="127" doraHaiUra="107" who="0" fromWho="2" sc="190,62,167,0,323,-52,310,0" /><INIT seed="4,0,0,1,5,66" ten="252,167,271,310" oya="0" hai0="15,50,24,89,104,14,30,56,79,47,131,94,43" hai1="18,93,12,97,8,117,41,107,7,101,132,63,106" hai2="57,119,32,67,54,114,26,19,28,37,4,58,99" hai3="74,68,130,6,5,133,95,124,72,115,3,0,121"/><T17/><D104/><U44/><E132/><V22/><F114/><W91/><G115/><T2/><D2/><U11/><E117/><V120/><F120/><W61/><G133/><T46/><D131/><U127/><E63/><V75/><F37/><W81/><G130/><T59/><D79/><U96/><E96/><V80/><F119/><W102/><G102/><T33/><D47/><U13/><REACH who="1" step="1"/><E127/><REACH who="1" ten="252,157,271,310" step="2"/><V27/><F99/><W100/><G61/><T76/><D76/><U10/><E10/><V87/><F75/><W51/><G74/><T35/><D33/><U53/><E53/><V45/><F67/><W25/><G72/><T39/><D39/><AGARI ba="0,1" hai="7,8,11,12,13,18,39,41,44,93,97,101,106,107" machi="39" ten="30,2000,0" yaku="1,1,7,1,53,0" doraHai="66" doraHaiUra="64" who="1" fromWho="0" sc="252,-20,157,30,271,0,310,0" /><INIT seed="5,0,0,3,0,46" ten="232,187,271,310" oya="1" hai0="115,113,42,101,78,112,19,20,11,58,104,62,129" hai1="47,33,24,40,51,28,87,96,83,111,100,74,56" hai2="66,134,107,15,120,41,36,77,7,114,82,52,54" hai3="64,135,88,69,37,48,128,2,124,130,117,59,55"/><U17/><E111/><V67/><F120/><W127/><G2/><T12/><D129/><N who="3" m="49769" /><G37/><T57/><D78/><U6/><E6/><V38/><F107/><W5/><G5/><T63/><D42/><U99/><E74/><V125/><F125/><N who="3" m="48203" /><G88/><T43/><D43/><U94/><E99/><V0/><F0/><W50/><G117/><T90/><D90/><U27/><E27/><V123/><F41/><W14/><G14/><T118/><D118/><U65/><E65/><V25/><F7/><W31/><G31/><T32/><D101/><U23/><E56/><V106/><F15/><W26/><G26/><T44/><D12/><U105/><E105/><V13/><F106/><W34/><G34/><T92/><D104/><U73/><E73/><V76/><F13/><W16/><G16/><T49/><D19/><U86/><E33/><V30/><F25/><W84/><G84/><N who="1" m="32298" /><E83/><V132/><F30/><AGARI ba="0,0" hai="17,23,24,28,30,40,47,51,94,96,100" m="32298" machi="30" ten="30,2900,0" yaku="8,1,52,1" doraHai="46" who="1" fromWho="2" sc="232,0,187,29,271,-29,310,0" /><INIT seed="5,1,0,2,1,129" ten="232,216,242,310" oya="1" hai0="82,28,110,41,16,107,76,48,36,75,60,1,32" hai1="54,77,53,72,85,101,91,90,113,56,31,58,119" hai2="10,127,116,13,9,118,45,115,52,29,112,131,83" hai3="61,108,23,93,99,3,67,24,0,11,96,87,26"/><U126/><E119/><N who="2" m="45611" /><F83/><W95/><G108/><T17/><D110/><U2/><E2/><V39/><F39/><W55/><G87/><T120/><D107/><U106/><E126/><V63/><F131/><W37/><G37/><T34/><D36/><U14/><E113/><N who="2" m="43595" /><F127/><W68/><G55/><T103/><D1/><U47/><E31/><V69/><F69/><W43/><G43/><T78/><D76/><U51/><E72/><V15/><F29/><W121/><G68/><T12/><D28/><U109/><E109/><V6/><F45/><W92/><G0/><T111/><D82/><N who="1" m="47311" /><E106/><V114/><N who="2" m="43603" /><V98/><DORA hai="4" /><F98/><W35/><G3/><T38/><D78/><U44/><E101/><V71/><F71/><W104/><G104/><T40/><D103/><U33/><E33/><V50/><F63/><W89/><G61/><T25/><D75/><U128/><E128/><V66/><F66/><W123/><G35/><T27/><D111/><U73/><E73/><V30/><F30/><W94/><G67/><T62/><D38/><U18/><E47/><N who="2" m="27743" /><F10/><W49/><G11/><T59/><D34/><U88/><E53/><V133/><F15/><W22/><G99/><T64/><D32/><U84/><E84/><V8/><F8/><AGARI ba="1,0" hai="8,14,18,44,51,54,56,58,88,90,91" m="47311" machi="8" ten="30,5800,0" yaku="8,1,52,1,54,1" doraHai="129,4" who="1" fromWho="2" sc="232,0,216,61,242,-61,310,0" /><INIT seed="5,2,0,5,2,23" ten="232,277,181,310" oya="1" hai0="56,125,96,20,66,42,105,57,2,59,95,106,58" hai1="104,28,51,71,1,19,45,52,98,21,108,69,117" hai2="50,4,12,17,114,82,134,84,35,78,102,47,63" hai3="130,131,64,40,86,18,85,135,49,132,30,128,76"/><U74/><E74/><V54/><F134/><N who="3" m="51243" /><G64/><T46/><D2/><U11/><E117/><V8/><F35/><W22/><G30/><T48/><D125/><U55/><E28/><V94/><F114/><W72/><G72/><T109/><D109/><U99/><E108/><V10/><F63/><W6/><G6/><T91/><REACH who="0" step="1"/><D20/><REACH who="0" ten="222,277,181,310" step="2"/><U44/><E1/><V31/><F31/><W93/><G22/><T16/><D16/><U110/><E110/><V24/><F10/><W26/><G18/><T113/><D113/><U121/><E11/><V112/><F112/><W115/><G115/><T39/><D39/><U65/><E121/><V124/><F124/><W103/><G130/><T0/><D0/><U70/><E104/><V61/><F61/><AGARI ba="2,1" hai="42,46,48,56,57,58,59,61,66,91,95,96,105,106" machi="61" ten="40,1300,0" yaku="1,1,53,0" doraHai="23" doraHaiUra="79" who="0" fromWho="2" sc="222,29,277,0,181,-19,310,0" /><INIT seed="6,0,0,3,0,33" ten="251,277,162,310" oya="2" hai0="110,124,40,48,119,16,126,72,93,123,90,102,70" hai1="53,19,78,6,58,57,9,3,62,67,50,131,98" hai2="46,92,120,43,29,115,82,83,89,81,26,76,106" hai3="54,20,38,88,77,32,134,56,49,96,22,13,87"/><V31/><F120/><W51/><G32/><T59/><D110/><U44/><E131/><V35/><F115/><W39/><G77/><T125/><D70/><U64/><E78/><V61/><F106/><W42/><G96/><T68/><D68/><U75/><E75/><V8/><F31/><W71/><G71/><T129/><D72/><U66/><E19/><V63/><F76/><W0/><G0/><T128/><D123/><U85/><E85/><V97/><REACH who="2" step="1"/><F8/><REACH who="2" ten="251,277,152,310" step="2"/><W91/><G134/><T24/><D125/><U23/><E9/><V17/><F17/><W55/><G22/><T1/><D126/><U4/><E23/><V100/><F100/><W12/><G20/><T73/><D102/><U15/><E3/><V118/><F118/><W84/><G91/><T94/><D1/><U117/><E117/><V133/><F133/><W5/><G88/><T69/><D90/><U36/><E4/><V121/><F121/><W79/><G79/><T101/><D119/><U60/><E6/><V109/><F109/><W45/><G5/><T2/><D101/><U113/><E113/><V108/><F108/><W37/><G87/><T7/><D2/><U107/><E107/><V47/><F47/><W135/><G84/><T86/><D7/><U95/><E98/><V65/><F65/><N who="1" m="25193" /><E95/><N who="0" m="36361" /><D86/><U105/><E105/><V114/><F114/><W34/><G135/><T80/><D124/><U122/><E122/><V30/><F30/><W18/><G34/><T116/><D73/><U104/><E104/><V11/><F11/><W10/><G10/><T21/><D116/><U103/><E103/><RYUUKYOKU ba="0,1" sc="251,-10,277,-10,152,30,310,-10" hai2="26,29,35,43,46,61,63,81,82,83,89,92,97" /><INIT seed="6,1,1,3,4,76" ten="241,267,182,300" oya="2" hai0="29,101,133,20,103,84,16,122,53,0,130,13,115" hai1="111,88,26,30,67,120,117,43,70,1,22,129,125" hai2="81,17,21,104,48,60,3,14,4,105,62,116,68" hai3="73,37,38,78,11,72,131,51,24,6,58,71,12"/><V77/><F116/><W56/><G71/><T80/><D122/><U106/><E117/><V69/><F3/><W95/><G131/><T33/><D0/><U99/><E111/><V15/><F68/><W9/><G24/><N who="0" m="16519" /><D33/><U54/><E129/><V97/><F48/><W100/><G11/><T2/><D2/><U46/><E1/><V18/><F4/><W83/><G72/><T114/><D53/><U89/><E125/><V109/><F109/><W121/><G121/><T49/><D49/><U127/><E127/><V61/><F69/><W55/><REACH who="3" step="1"/><G58/><REACH who="3" ten="241,267,182,290" step="2"/><T90/><D130/><U5/><E70/><V57/><F57/><W74/><G74/><T32/><D115/><U64/><E120/><V23/><REACH who="2" step="1"/><F97/><AGARI ba="1,2" hai="6,9,12,37,38,51,55,56,73,78,83,95,97,100" machi="97" ten="40,5200,0" yaku="1,1,52,1,53,1" doraHai="76" doraHaiUra="94" who="3" fromWho="2" sc="241,0,267,0,182,-55,290,75" /><INIT seed="7,0,0,1,1,68" ten="241,267,127,365" oya="3" hai0="85,99,61,9,41,74,73,87,26,31,97,89,23" hai1="65,5,103,2,58,27,110,28,24,91,56,76,46" hai2="88,40,42,92,78,18,4,69,71,75,112,108,10" hai3="53,111,11,32,60,128,63,15,134,44,22,47,21"/><W17/><G32/><T83/><D74/><U118/><E110/><V13/><F108/><W12/><G128/><T29/><D73/><U102/><E76/><V39/><F112/><W43/><G134/><T90/><D31/><U117/><E2/><V130/><F130/><W115/><G115/><T77/><D77/><U37/><E5/><V114/><F114/><W55/><G22/><T36/><D61/><N who="3" m="23625" /><G111/><T38/><D9/><U86/><E65/><V19/><F75/><W131/><G131/><T109/><D109/><U70/><E70/><V59/><F78/><W8/><G8/><T135/><D135/><U33/><E24/><V125/><F125/><W62/><G62/><T122/><D122/><U101/><E117/><V129/><F129/><W25/><G15/><T35/><D35/><U104/><E104/><V106/><F106/><W98/><G98/><T66/><D66/><U126/><E126/><V120/><F120/><W100/><G100/><T52/><D52/><N who="3" m="20041" /><G43/><T67/><D67/><U6/><E118/><V79/><F79/><W123/><G123/><T3/><D3/><U30/><E30/><AGARI ba="0,0" hai="11,12,17,21,25,30,44,47" m="20041,23625" machi="30" ten="30,2900,0" yaku="8,1,54,1" doraHai="68" who="3" fromWho="1" sc="241,0,267,-29,127,0,365,29" owari="241,4.0,238,-16.0,127,-37.0,394,49.0" /></mjloggm>