<mjloggm ver="2.3"><GO type="169" lobby="0"/><UN n0="%E8%87%B3%E9%AB%98%E3%81%AE%E3%81%A0%E3%81%A0%E3%81%A1%E3%82%83%E8%B1%86" n1="%41%6D%61%79%62%65" n2="%6B%75%73%73%79" n3="%4B%69%74%61%6D%75%72%61" dan="16,17,16,17" rate="2069.19,2189.89,2122.86,2167.37" sx="M,M,M,F"/><TAIKYOKU oya="0"/><INIT seed="0,0,0,5,2,91" ten="250,250,250,250" oya="0" hai0="93,135,131,117,70,40,25,103,17,2,64,35,126" hai1="12,34,43,87,3,11,79,82,84,31,94,90,42" hai2="44,115,38,49,65,63,19,83,27,15,68,77,102" hai3="1,18,36,106,26,101,46,22,32,110,113,74,10"/><T98/><D117/><U45/><E3/><V0/><F0/><W99/><G113/><T129/><D2/><U57/><E34/><V47/><F115/><W112/><G112/><T104/><D40/><U128/><E128/><N who="0" m="49225" /><D17/><U52/><E31/><V9/><F38/><W39/><G110/><T111/><D111/><U119/><E45/><V88/><F102/><W6/><G74/><T81/><D81/><U125/><E125/><V58/><F27/><W24/><REACH who="3" step="1"/><G46/><REACH who="3" ten="250,250,250,240" step="2"/><T124/><D35/><U97/><E119/><V76/><F47/><W48/><G48/><T95/><D25/><U108/><E108/><V73/><F73/><W107/><G107/><T55/><D55/><U13/><E13/><V23/><F44/><W59/><G59/><T67/><D70/><U130/><E130/><V54/><REACH who="2" step="1"/><F9/><REACH who="2" ten="250,250,240,240" step="2"/><W133/><G133/><T121/><D135/><U71/><E11/><V114/><F114/><W109/><G109/><T92/><D121/><U62/><E42/><V123/><F123/><W20/><G20/><T86/><D86/><AGARI ba="0,2" hai="15,19,23,49,54,58,63,65,68,76,77,83,86,88" machi="86" ten="40,2600,0" yaku="1,1,54,1,53,0" doraHai="91" doraHaiUra="127" who="2" fromWho="0" sc="250,-26,250,0,240,46,240,0" /><INIT seed="1,0,0,4,2,14" ten="224,250,286,240" oya="1" hai0="89,100,73,55,91,103,51,45,81,56,64,15,85" hai1="86,44,12,13,33,113,83,54,43,3,58,29,48" hai2="104,63,135,99,26,124,2,128,75,127,67,62,79" hai3="105,118,74,126,1,17,5,32,10,125,87,101,112"/><U21/><E3/><V39/><F2/><W132/><G87/><T82/><D73/><U96/><E33/><V71/><F128/><W133/><G74/><T121/><D121/><U80/><E113/><V78/><F135/><N who="3" m="51787" /><G101/><T76/><D91/><U106/><E106/><V19/><F39/><W38/><G38/><T4/><D81/><U27/><E96/><V52/><F99/><W50/><G50/><T16/><D4/><U92/><E92/><V41/><F41/><W49/><G49/><T93/><D76/><U31/><E31/><V25/><F75/><W22/><G105/><T60/><D93/><U47/><E80/><V130/><F130/><W102/><G102/><T53/><D64/><U72/><E72/><V134/><F134/><W20/><G112/><T94/><D94/><U111/><E111/><V40/><F40/><W84/><G84/><T116/><D116/><U68/><E68/><V129/><F129/><W0/><G118/><T114/><D114/><U110/><E110/><V65/><F104/><W57/><G57/><T59/><D59/><U9/><E43/><V18/><F71/><W108/><G108/><T77/><D77/><N who="1" m="46447" /><E12/><V109/><F109/><W61/><G32/><T123/><D123/><U90/><E90/><V7/><F7/><AGARI ba="0,0" hai="7,9,13,21,27,29,44,47,48,54,58" m="46447" machi="7" ten="30,1500,0" yaku="8,1" doraHai="14" who="1" fromWho="2" sc="224,0,250,15,286,-15,240,0" /><INIT seed="1,1,0,3,1,107" ten="224,265,271,240" oya="1" hai0="135,65,21,70,128,10,38,0,49,115,19,110,79" hai1="12,75,47,130,77,18,53,68,44,42,93,31,17" hai2="4,34,133,15,46,24,103,33,67,55,89,22,126" hai3="86,104,81,71,109,96,52,23,32,91,108,99,37"/><U92/><E68/><V105/><F126/><W7/><G32/><T29/><D115/><U50/><E130/><V30/><F133/><W122/><G122/><T116/><D116/><U1/><E1/><V13/><F67/><W129/><G37/><T61/><D110/><U106/><E106/><V114/><F114/><W9/><G71/><T95/><D38/><U80/><E31/><V3/><F89/><W125/><G125/><T69/><D69/><U73/><E73/><V111/><F103/><W36/><G36/><T64/><D64/><U60/><E17/><V8/><F105/><W118/><G129/><T98/><D128/><U48/><REACH who="1" step="1"/><E60/><REACH who="1" ten="224,255,271,240" step="2"/><V63/><F63/><W28/><G104/><T132/><D29/><U56/><E56/><V57/><F57/><W45/><G28/><T51/><D132/><U40/><E40/><V25/><F111/><W112/><G109/><T59/><D70/><U54/><E54/><V124/><F124/><W16/><G108/><T123/><D135/><U35/><E35/><V2/><F55/><W5/><G112/><T76/><D123/><U85/><E85/><V117/><F2/><W6/><G118/><T88/><D0/><U82/><E82/><V127/><F117/><W134/><G134/><T84/><D84/><U27/><E27/><V113/><F113/><W121/><G121/><T101/><D59/><U20/><AGARI ba="1,1" hai="12,18,20,42,44,47,48,50,53,75,77,80,92,93" machi="20" ten="20,7800,0" yaku="1,1,0,1,7,1,52,1,53,0" doraHai="107" doraHaiUra="26" who="1" fromWho="1" sc="224,-27,255,91,271,-27,240,-27" /><INIT seed="1,2,0,5,5,80" ten="197,346,244,213" oya="1" hai0="62,0,12,26,117,67,13,71,72,3,135,30,114" hai1="68,113,43,89,94,86,65,127,88,110,20,108,28" hai2="105,32,49,29,58,22,97,54,106,85,112,50,56" hai3="81,70,131,82,4,64,102,21,46,83,92,124,75"/><U104/><E113/><V78/><F112/><W25/><G131/><T38/><D114/><U77/><E104/><V66/><F32/><W44/><G75/><T7/><D72/><U93/><E127/><V9/><F9/><W52/><G124/><T90/><D117/><U42/><E77/><V55/><F66/><W36/><G4/><T16/><D38/><U31/><E65/><V18/><F29/><W1/><G1/><T116/><D135/><U61/><E61/><V34/><F34/><W5/><G5/><T53/><D13/><U118/><E68/><V132/><F132/><W111/><G111/><N who="1" m="42538" /><E118/><V100/><F105/><W17/><G36/><T24/><D7/><U2/><E2/><V103/><F103/><W129/><G129/><T11/><D0/><U59/><E59/><V119/><F119/><W69/><G69/><T14/><D14/><U33/><E33/><V120/><F120/><W19/><G70/><T63/><D30/><N who="1" m="11307" /><E20/><V98/><F100/><W74/><G64/><T134/><D3/><U51/><E51/><V128/><F106/><W10/><G21/><T40/><D134/><U8/><E8/><V109/><F128/><W39/><G10/><T76/><D116/><U99/><AGARI ba="2,0" hai="42,43,86,88,89,93,94,99" m="11307,42538" machi="99" ten="30,11700,0" yaku="14,1,10,1,52,1,54,1" doraHai="80" who="1" fromWho="1" sc="197,-41,346,123,244,-41,213,-41" /><INIT seed="1,3,0,5,4,131" ten="156,469,203,172" oya="1" hai0="72,76,17,81,126,83,47,10,39,5,1,21,124" hai1="24,109,2,120,121,117,115,9,33,74,18,59,50" hai2="71,44,134,65,57,123,0,112,36,11,35,8,55" hai3="118,46,4,3,111,7,69,53,79,73,38,16,113"/><U29/><E115/><V88/><F123/><W84/><G113/><T114/><D114/><U23/><E74/><V127/><F112/><W54/><G69/><T34/><D34/><U91/><E117/><V125/><F35/><W133/><G111/><T102/><D102/><U77/><E77/><V20/><F20/><W56/><G118/><T40/><REACH who="0" step="1"/><D83/><REACH who="0" ten="146,469,203,172" step="2"/><U97/><E120/><V31/><F125/><W105/><G105/><T106/><D106/><U6/><E121/><V58/><F127/><W25/><G73/><T48/><D48/><U122/><E122/><V87/><F36/><W49/><G38/><T103/><D103/><U67/><E50/><V32/><F32/><W43/><G43/><T101/><D101/><U12/><E109/><V130/><F130/><W28/><G49/><T61/><D61/><U110/><E110/><V99/><F44/><W128/><G46/><T14/><AGARI ba="3,1" hai="1,5,10,14,17,21,39,40,47,72,76,81,124,126" machi="14" ten="30,7900,0" yaku="1,1,0,1,25,2,53,0" doraHai="131" doraHaiUra="129" who="0" fromWho="0" sc="146,98,469,-42,203,-23,172,-23" /><INIT seed="2,0,0,5,3,17" ten="244,427,180,149" oya="2" hai0="21,32,81,57,63,16,51,36,10,93,121,84,13" hai1="62,59,130,20,34,27,74,69,65,88,124,35,134" hai2="132,109,120,119,70,61,5,42,11,103,67,4,53" hai3="66,79,52,75,68,64,54,24,117,23,49,128,105"/><V97/><F119/><W92/><G117/><T102/><D36/><U0/><E74/><V133/><F120/><W118/><G118/><T87/><D32/><U3/><E130/><V95/><F42/><W78/><G105/><T129/><D129/><U82/><E124/><V83/><F109/><W127/><G128/><T113/><D113/><U7/><E134/><N who="2" m="51819" /><F11/><W31/><G127/><T112/><D112/><U131/><E131/><V14/><F14/><W8/><G8/><T116/><D116/><U58/><E34/><V76/><F53/><W56/><G75/><AGARI ba="0,0" hai="4,5,61,67,70,75,76,83,95,97,103" m="51819" machi="75" ten="30,1500,0" yaku="20,1" doraHai="17" who="2" fromWho="3" sc="244,0,427,0,180,15,149,-15" /><INIT seed="2,1,0,2,0,106" ten="244,427,195,134" oya="2" hai0="70,29,14,103,21,60,121,3,58,9,94,18,114" hai1="75,126,117,95,67,4,69,80,99,40,45,89,83" hai2="56,64,61,46,65,10,76,84,108,68,0,122,59" hai3="50,115,12,119,1,88,11,28,128,15,92,97,16"/><V79/><F122/><W20/><G119/><T32/><D114/><U73/><E117/><V109/><F46/><W25/><G115/><T81/><D70/><U131/><E4/><V78/><F84/><W120/><G128/><T48/><D121/><U26/><E131/><V123/><F123/><W132/><G120/><T133/><D133/><U101/><E126/><V66/><F68/><W85/><G132/><T13/><D48/><U107/><E69/><V86/><F86/><W27/><G1/><T38/><D38/><U127/><E67/><V8/><F0/><W54/><G97/><T116/><D81/><U57/><E57/><N who="2" m="22091" /><F61/><W125/><G125/><T31/><D32/><U62/><E62/><V44/><F44/><N who="3" m="27975" /><G28/><T33/><D33/><U55/><E55/><V90/><F90/><W98/><G98/><N who="0" m="59863" /><D3/><U24/><E127/><V30/><F30/><W129/><G129/><T104/><D104/><U49/><E83/><V6/><F6/><AGARI ba="1,0" hai="6,11,12,15,16,20,25,27,85,88,92" m="27975" machi="6" ten="30,3900,0" yaku="8,1,54,2" doraHai="106" who="3" fromWho="2" sc="244,0,427,0,195,-42,134,42" /><INIT seed="3,0,0,0,4,69" ten="244,427,153,176" oya="3" hai0="123,82,56,107,99,29,44,20,53,80,34,64,126" hai1="24,46,41,5,47,45,42,78,40,65,129,30,128" hai2="88,83,76,134,26,1,117,57,13,58,54,116,48" hai3="27,32,97,132,119,75,109,92,91,38,7,131,21"/><W112/><G112/><T4/><D123/><U72/><E5/><V23/><F1/><W98/><G119/><T103/><D126/><U3/><E3/><V73/><F134/><W22/><G132/><T6/><D4/><U84/><E72/><V108/><F108/><W59/><G75/><T110/><D6/><U111/><E65/><V127/><F13/><W81/><G131/><N who="1" m="50250" /><E111/><V85/><F57/><W14/><G109/><T67/><D34/><N who="1" m="20807" /><E84/><V36/><F36/><W61/><G38/><T49/><D110/><U90/><E90/><V95/><REACH who="2" step="1"/><F127/><REACH who="2" ten="244,427,143,176" step="2"/><W70/><G59/><T86/><D56/><U77/><AGARI ba="0,1" hai="40,41,42,45,46,47,77,78" m="20807,50250" machi="77" ten="40,1500,0" yaku="19,1" doraHai="69" who="1" fromWho="1" sc="244,-4,427,25,143,-4,176,-7" /><INIT seed="4,0,0,5,1,4" ten="240,452,139,169" oya="0" hai0="115,47,125,118,61,112,33,41,74,99,121,107,29" hai1="13,124,122,21,59,19,127,111,57,20,26,88,126" hai2="110,73,38,3,128,54,133,14,66,101,113,86,49" hai3="96,28,31,46,130,87,53,58,92,11,105,108,134"/><T93/><D74/><U77/><E111/><V36/><F73/><W30/><G108/><T35/><D118/><U52/><E122/><V76/><F110/><W12/><G134/><T27/><D121/><U7/><E77/><V114/><F3/><W55/><G130/><T91/><D125/><U109/><E109/><V106/><F128/><W72/><G72/><T103/><D35/><U37/><E37/><V132/><F66/><W17/><G105/><T70/><D91/><U68/><E68/><V135/><F101/><W80/><G46/><T95/><D93/><U51/><E88/><V104/><F14/><W8/><G8/><T97/><D95/><U71/><E71/><V102/><F86/><W1/><G1/><T2/><D99/><U129/><E129/><V18/><F18/><W42/><G42/><T67/><D2/><U85/><E85/><V48/><F76/><N who="3" m="46471" /><G58/><T63/><D63/><U94/><E94/><V24/><F102/><AGARI ba="0,0" hai="11,12,17,28,30,31,53,55,92,96,102" m="46471" machi="102" ten="30,2000,0" yaku="8,1,52,1" doraHai="4" who="3" fromWho="2" sc="240,0,452,0,139,-20,169,20" /><INIT seed="5,0,0,2,1,65" ten="240,452,119,189" oya="1" hai0="47,43,78,134,34,118,115,48,92,85,110,113,31" hai1="17,49,44,28,26,56,123,37,13,101,79,98,133" hai2="131,21,60,23,52,130,59,6,86,117,125,135,33" hai3="81,69,70,8,55,121,27,12,1,7,53,3,96"/><U50/><E79/><V5/><F117/><W67/><G121/><T62/><D118/><U64/><E123/><V14/><F33/><W91/><G27/><T119/><D119/><U72/><E72/><V46/><F125/><W35/><G35/><T126/><D110/><U19/><E133/><V122/><F122/><W24/><G24/><N who="0" m="18791" /><D62/><U38/><E64/><V80/><F135/><W18/><G3/><T100/><D78/><U104/><E56/><V66/><F131/><W116/><G116/><T95/><D85/><U129/><E49/><V9/><F5/><W22/><G67/><T57/><D57/><U127/><E127/><V114/><F114/><N who="0" m="43530" /><D134/><U0/><E0/><V36/><F130/><W84/><REACH who="3" step="1"/><G96/><REACH who="3" ten="240,452,119,179" step="2"/><T11/><D126/><U32/><E129/><V30/><F30/><W63/><G63/><T20/><D20/><U54/><E19/><V4/><F4/><W68/><AGARI ba="0,1" hai="1,7,8,12,18,22,53,55,68,69,70,81,84,91" machi="68" ten="30,8000,1" yaku="1,1,0,1,52,3,53,0" doraHai="65" doraHaiUra="25" who="3" fromWho="3" sc="240,-20,452,-40,119,-20,179,90" /><INIT seed="6,0,0,3,3,115" ten="220,412,99,269" oya="2" hai0="120,133,107,0,2,58,51,15,78,16,116,38,56" hai1="134,81,114,127,104,71,36,95,88,18,123,79,1" hai2="41,61,25,30,27,121,54,43,66,128,135,103,19" hai3="94,69,47,17,106,65,105,91,28,100,80,112,21"/><V75/><F121/><W8/><G112/><T109/><D109/><U129/><RYUUKYOKU type="yao9" ba="0,0" sc="220,0,412,0,99,0,269,0" hai1="1,18,36,71,79,81,88,95,104,114,123,127,129,134" /><INIT seed="6,1,0,3,5,90" ten="220,412,99,269" oya="2" hai0="91,4,111,102,26,54,40,88,29,16,110,35,25" hai1="112,65,1,52,5,131,119,57,41,121,73,45,23" hai2="96,104,32,34,30,13,10,83,3,114,120,63,50" hai3="43,6,7,89,0,133,81,100,20,101,59,78,75"/><V124/><F120/><W8/><G133/><T72/><D72/><U36/><E119/><V19/><F114/><W94/><G7/><T134/><D134/><U27/><E112/><V116/><F116/><W80/><G80/><T87/><D40/><U58/><E121/><V38/><F38/><W47/><G59/><T24/><D4/><U62/><E73/><V71/><F124/><W66/><G66/><T125/><D125/><U113/><E113/><V99/><F3/><W118/><G20/><T56/><D102/><U126/><E126/><V82/><F50/><W44/><G44/><T60/><D91/><U21/><E131/><V92/><F104/><W123/><G123/><T132/><D132/><U107/><E107/><V18/><F18/><W129/><G129/><T128/><D128/><U55/><E65/><V108/><F108/><W117/><G117/><T109/><REACH who="0" step="1"/><D16/><REACH who="0" ten="210,412,99,269" step="2"/><U2/><E5/><V85/><F99/><N who="3" m="57807" /><G118/><T14/><D14/><U76/><E76/><V95/><F30/><W67/><G67/><T79/><D79/><U53/><E1/><V22/><F10/><W130/><G130/><T97/><D97/><U48/><E2/><V127/><F127/><W33/><G101/><T9/><D9/><U115/><E115/><V68/><F83/><AGARI ba="1,1" hai="24,25,26,29,35,54,56,60,83,87,88,109,110,111" machi="83" ten="40,8000,1" yaku="1,1,54,1,53,3" doraHai="90" doraHaiUra="122" who="0" fromWho="2" sc="210,93,412,0,99,-83,269,0" /><INIT seed="7,0,0,1,0,133" ten="303,412,16,269" oya="3" hai0="24,101,40,70,118,52,87,80,23,31,64,127,125" hai1="37,92,71,59,0,131,54,111,16,28,17,62,69" hai2="122,68,135,9,61,14,115,114,76,124,107,86,6" hai3="50,78,109,117,85,99,120,73,22,15,63,27,108"/><W90/><G120/><T58/><D40/><U134/><E111/><V77/><F61/><W5/><G117/><T128/><D118/><U29/><E0/><V57/><F57/><W126/><G73/><T74/><D74/><U19/><E37/><V1/><F14/><W79/><G99/><T51/><D101/><U35/><E134/><V112/><F9/><N who="3" m="4527" /><G63/><T7/><D7/><U10/><E10/><V93/><F6/><W67/><G67/><T53/><D53/><U105/><E105/><V121/><F68/><W39/><G39/><T106/><D106/><U65/><E131/><V4/><F4/><W21/><G126/><N who="0" m="48139" /><D64/><U96/><E35/><V34/><F124/><W88/><G109/><T26/><D26/><U41/><E41/><V104/><F135/><W98/><G108/><T72/><D72/><U129/><E129/><V119/><F119/><W95/><G50/><T48/><D48/><U49/><E69/><V55/><F55/><W12/><G12/><T91/><D70/><U46/><E71/><V132/><F132/><W60/><G60/><T84/><D84/><U97/><E97/><V47/><F1/><W3/><G3/><T2/><D128/><U82/><E96/><V89/><F34/><W13/><G13/><T103/><D2/><U11/><E65/><V110/><F110/><W42/><G42/><T44/><D103/><U83/><E49/><V18/><F47/><AGARI ba="0,0" hai="23,24,31,44,47,51,52,58,80,87,91" m="48139" machi="47" ten="30,8000,1" yaku="18,1,52,3,54,1" doraHai="133" who="0" fromWho="2" sc="303,80,412,0,16,-80,269,0" owari="383,18.0,412,51.0,-64,-56.0,269,-13.0" /></mjloggm>