<mjloggm ver="2.3"><GO type="185" lobby="0"/><UN n0="%E5%A4%A9%E3%83%B6%E7%80%AC%E5%A5%88%E6%9C%88" n1="%E5%85%A5%E5%B7%A3%E6%9F%9A%E5%AE%9F" n2="%50%42%33%2D%50" n3="" dan="16,17,17,0" rate="2207.03,2230.81,2261.87,1500.00" sx="F,F,M,C"/><TAIKYOKU oya="0"/><INIT seed="0,0,0,5,3,55" ten="350,350,350,0" oya="0" hai0="126,106,89,32,40,78,61,101,2,117,33,108,83" hai1="76,86,73,90,103,93,57,123,111,94,116,127,109" hai2="97,58,0,74,63,62,133,69,50,130,92,128,100" hai3=""/><T46/><D2/><U44/><N who="1" m="31520" /><U42/><E116/><V47/><F0/><T72/><D117/><U64/><E127/><V125/><F74/><T35/><D126/><U121/><N who="1" m="31008" /><U66/><E76/><V134/><F125/><T77/><D108/><N who="1" m="41547" /><E73/><V52/><F69/><T87/><D61/><N who="2" m="23050" /><F47/><T88/><D77/><U56/><E103/><V99/><F99/><T85/><D106/><U112/><E94/><V95/><F95/><T110/><D101/><U54/><E54/><V45/><F45/><T1/><D1/><U118/><E112/><V91/><F91/><T34/><D110/><U68/><E68/><V65/><F65/><N who="1" m="25193" /><E118/><V67/><F67/><T135/><D32/><U79/><E79/><V39/><F39/><AGARI ba="0,0" hai="39,42,44,56,57,86,90,93" m="25193,41547,31008,31520" machi="39" ten="30,8000,1" yaku="14,1,52,4" doraHai="55" who="1" fromWho="2" sc="350,0,350,80,350,-80,0,0" /><INIT seed="1,0,0,2,3,41" ten="350,430,270,0" oya="1" hai0="55,94,75,111,62,47,39,132,109,51,3,54,36" hai1="129,96,63,58,32,80,57,89,35,69,71,70,66" hai2="100,78,88,135,133,37,49,92,38,105,93,99,72" hai3=""/><U34/><E129/><V83/><F49/><T95/><D75/><U1/><E1/><V108/><F108/><N who="0" m="41546" /><D3/><U61/><E80/><V82/><F37/><N who="0" m="14410" /><D132/><N who="2" m="50762" /><F38/><T68/><D55/><U98/><E89/><V121/><N who="2" m="31008" /><V59/><F59/><T114/><D114/><U77/><E77/><V56/><F56/><T67/><AGARI ba="0,0" hai="47,51,54,62,67,68,94,95" m="14410,41546" machi="67" ten="40,2000,0" yaku="14,1,52,1" doraHai="41" who="0" fromWho="0" sc="350,20,430,-13,270,-7,0,0" /><INIT seed="2,0,0,2,1,87" ten="370,417,263,0" oya="2" hai0="53,116,104,121,56,34,3,127,46,132,68,91,63" hai1="40,93,95,97,90,135,72,39,32,92,126,73,64" hai2="54,124,71,69,99,125,65,85,38,119,41,57,111" hai3=""/><V130/><F99/><T33/><N who="0" m="31008" /><T131/><D3/><U2/><E32/><V120/><N who="2" m="30752" /><V48/><F85/><T101/><D116/><U103/><E64/><V122/><N who="2" m="31264" /><V110/><F119/><T112/><D132/><U66/><E66/><V115/><F115/><T133/><D133/><U47/><E2/><V98/><F98/><T36/><D131/><U59/><E59/><V106/><F106/><T0/><D0/><U83/><E126/><N who="2" m="48747" /><F130/><T37/><D127/><U43/><E43/><V96/><F96/><T35/><D104/><U79/><E135/><V78/><F78/><T134/><D134/><U55/><E55/><V100/><F100/><T113/><D101/><U94/><REACH who="1" step="1"/><E72/><REACH who="1" ten="370,407,263,0" step="2"/><V114/><F114/><T58/><D33/><U70/><E70/><N who="2" m="26635" /><F65/><T42/><D34/><U44/><E44/><AGARI ba="0,1" hai="38,41,44,48,54,57,110,111" m="26635,48747,31264,30752" machi="44" ten="40,12000,1" yaku="18,1,34,2,52,2" doraHai="87" who="2" fromWho="1" sc="370,0,407,-120,263,130,0,0" /><INIT seed="2,1,0,3,4,93" ten="370,287,393,0" oya="2" hai0="36,104,72,3,69,67,103,60,0,82,35,100,85" hai1="73,109,108,128,110,52,79,113,39,80,112,105,129" hai2="84,51,2,124,118,46,63,71,66,99,49,135,107" hai3=""/><V94/><F2/><T115/><D35/><U122/><N who="1" m="31264" /><U106/><E39/><V83/><F118/><T42/><D115/><U64/><E64/><V87/><F135/><T47/><D72/><U57/><E57/><V38/><F107/><N who="1" m="40969" /><E52/><V55/><F124/><T116/><D116/><U127/><E127/><V125/><F125/><T56/><D69/><U34/><E34/><V43/><F83/><T45/><D45/><U68/><E68/><V117/><F117/><T1/><REACH who="0" step="1"/><D104/><REACH who="0" ten="360,287,393,0" step="2"/><U32/><E32/><V86/><REACH who="2" step="1"/><F55/><REACH who="2" ten="360,287,383,0" step="2"/><T50/><D50/><U119/><E119/><V44/><F44/><T120/><N who="0" m="30752" /><T48/><D48/><U78/><E78/><AGARI ba="1,2" hai="0,1,3,36,42,47,56,60,67,78,82,85,100,103" m="30752" machi="78" ten="40,2600,0" yaku="1,1,52,1,53,0" doraHai="93" doraHaiUra="95" who="0" fromWho="1" sc="360,48,287,-28,383,0,0,0" /><INIT seed="4,0,0,0,3,44" ten="408,259,383,0" oya="0" hai0="132,112,85,127,99,135,110,82,111,45,78,33,119" hai1="130,80,131,72,86,117,64,120,60,40,101,125,114" hai2="115,47,88,133,3,51,100,73,41,58,46,71,93" hai3=""/><T65/><D33/><U126/><N who="1" m="30752" /><U94/><E117/><V0/><F71/><T95/><D65/><U102/><E40/><V124/><F73/><T35/><D35/><U134/><E72/><V103/><F3/><T90/><D119/><U83/><E114/><V84/><F0/><T106/><D112/><U89/><E60/><V91/><F115/><T32/><D32/><U37/><E37/><V61/><F133/><N who="0" m="51274" /><D45/><U66/><E66/><V68/><F68/><T50/><D50/><U118/><E64/><V108/><F46/><T55/><D55/><U98/><E118/><V70/><F70/><T53/><D53/><U109/><E109/><N who="0" m="41481" /><D106/><U77/><E134/><V69/><F69/><T92/><D92/><U59/><E59/><V62/><F62/><T43/><D43/><U79/><E83/><V57/><F57/><T39/><D39/><U104/><E104/><V67/><F108/><T96/><D127/><N who="1" m="48651" /><E101/><V2/><F124/><T34/><D34/><U113/><E113/><V121/><F41/><T36/><D36/><U81/><E81/><V107/><F107/><T122/><N who="0" m="31264" /><T54/><D54/><U105/><E105/><V75/><F67/><T123/><N who="0" m="31520" /><T38/><D38/><U74/><E74/><AGARI ba="0,0" hai="74,78,82,85,90,95,96,99" m="31520,31264,41481,51274" machi="74" ten="30,18000,2" yaku="6,1,20,1,10,1,34,2,52,2" doraHai="44" who="0" fromWho="1" sc="408,180,259,-180,383,0,0,0" /><INIT seed="4,1,0,1,3,103" ten="588,79,383,0" oya="0" hai0="65,2,52,132,107,79,67,86,120,127,77,50,114" hai1="56,73,80,0,69,35,84,102,129,112,44,33,41" hai2="76,128,115,39,95,34,109,81,122,55,62,51,1" hai3=""/><T124/><N who="0" m="30752" /><T47/><D2/><U135/><E102/><V113/><N who="2" m="31264" /><V123/><N who="2" m="31520" /><V45/><F1/><T66/><D114/><N who="2" m="43530" /><F34/><T59/><D132/><U53/><E84/><V42/><F109/><T131/><D131/><U108/><E80/><V117/><F117/><T101/><D47/><U116/><E53/><V72/><F128/><T64/><N who="0" m="16384" /><DORA hai="92" /><T83/><REACH who="0" step="1"/><D79/><REACH who="0" ten="578,79,383,0" step="2"/><U75/><E44/><V40/><F39/><T111/><D111/><U119/><E108/><V85/><F62/><T87/><D87/><U54/><E129/><V94/><F85/><T100/><D100/><U78/><E78/><V70/><F70/><T106/><D106/><U61/><E69/><V134/><F134/><T32/><D32/><U90/><E135/><V133/><F133/><T104/><D104/><U74/><E0/><V68/><F68/><T105/><D105/><U63/><E35/><V71/><F71/><T43/><D43/><AGARI ba="1,1" hai="40,42,43,45,51,55,72,76,81,94,95" m="43530,31520,31264" machi="43" ten="30,3900,0" yaku="15,1,52,2" doraHai="103,92" who="2" fromWho="0" sc="578,-41,79,0,383,51,0,0" /><INIT seed="5,0,0,4,4,90" ten="537,79,434,0" oya="1" hai0="111,80,96,47,93,99,64,104,107,132,37,41,92" hai1="122,131,123,62,87,60,43,51,72,38,46,102,53" hai2="133,70,44,82,81,45,109,69,78,77,57,76,118" hai3=""/><U120/><N who="1" m="30752" /><U75/><N who="1" m="31264" /><U105/><N who="1" m="31520" /><U114/><E114/><V86/><F118/><T71/><D111/><U124/><E131/><V119/><F119/><T115/><D115/><U135/><E124/><V113/><F109/><T84/><D132/><U68/><E135/><V117/><F117/><T85/><D64/><U112/><E112/><V66/><F76/><T35/><D71/><U65/><E62/><V58/><F66/><T134/><D35/><U121/><N who="1" m="31008" /><U106/><E87/><V56/><F113/><T0/><D0/><U39/><E39/><V74/><F133/><T126/><D126/><U1/><E1/><V95/><F70/><T101/><D134/><U130/><E130/><V127/><F69/><T89/><REACH who="0" step="1"/><D84/><REACH who="0" ten="527,79,434,0" step="2"/><U42/><E42/><V129/><F129/><T97/><D97/><U110/><E110/><V61/><F61/><T88/><AGARI ba="0,1" hai="37,41,47,80,85,88,89,92,93,96,99,101,104,107" machi="88" ten="20,12000,3" yaku="1,1,0,1,7,1,52,2,54,1,53,2" doraHai="90" doraHaiUra="91" who="0" fromWho="0" sc="527,130,79,-80,434,-40,0,0" owari="657,61.0,-1,-60.0,394,-1.0,0,0.0" /></mjloggm>