<mjloggm ver="2.3"><GO type="169" lobby="0"/><UN n0="%72%65%72%65%6D%61%72%75" n1="%E6%98%AF%E6%94%BF%E3%81%AE%E5%A4%95%E9%99%BD" n2="%E3%81%A1%E3%82%87%E3%82%8A%E3%81%8A" n3="%E7%88%86%E5%BC%BE%E4%BA%94%E9%83%8E%EF%BC%92" dan="16,16,16,16" rate="2117.02,2145.60,2077.51,2110.89" sx="M,M,M,M"/><TAIKYOKU oya="0"/><INIT seed="0,0,0,1,2,15" ten="250,250,250,250" oya="0" hai0="14,135,38,34,129,132,117,115,68,104,0,107,74" hai1="25,88,70,128,60,18,57,3,12,90,112,17,1" hai2="87,94,65,96,37,73,62,51,125,28,31,36,32" hai3="105,89,69,123,39,2,26,116,20,79,64,5,29"/><T52/><D14/><U118/><E118/><V9/><F73/><W103/><G39/><T121/><D52/><U24/><E70/><V35/><F51/><W80/><G123/><T98/><D135/><U55/><E128/><V72/><F72/><W71/><G116/><T59/><D59/><U131/><E131/><V61/><F87/><W76/><G89/><T63/><D63/><U75/><E75/><V49/><F49/><W99/><G64/><T124/><D98/><U45/><E112/><V119/><F119/><W43/><G43/><T27/><D27/><N who="1" m="10315" /><E3/><V83/><F125/><W58/><G58/><T100/><D100/><U16/><E1/><V53/><F9/><W108/><G108/><AGARI ba="0,0" hai="0,34,38,68,74,104,107,108,115,117,121,124,129,132" machi="108" ten="0,48000,5" yakuman="47" doraHai="15" who="0" fromWho="3" sc="250,480,250,0,250,0,250,-480" owari="730,83.0,250,5.0,250,-15.0,-230,-73.0" /></mjloggm>