<mjloggm ver="2.3"><GO type="185" lobby="0"/><UN n0="%74%6F%6D%69%31%30%32%39" n1="%E6%A5%A1%42%41%4E" n2="%E9%B3%B4%E3%81%8D%E3%83%80%E3%83%AB%E3%83%9E" n3="" dan="16,16,17,0" rate="2106.88,2193.61,2257.78,1500.00" sx="M,M,M,C"/><TAIKYOKU oya="0"/><INIT seed="0,0,0,5,3,106" ten="350,350,350,0" oya="0" hai0="68,46,118,115,98,66,0,92,93,77,102,48,100" hai1="114,78,128,96,73,101,123,105,76,58,38,42,82" hai2="112,65,72,64,52,61,62,127,88,90,32,71,3" hai3=""/><T75/><D118/><U84/><N who="1" m="31520" /><U95/><E128/><V133/><F3/><T124/><D0/><U33/><E33/><V97/><F32/><T109/><D115/><U130/><E130/><V85/><F112/><T54/><D124/><U69/><E69/><V35/><F35/><T81/><D109/><U119/><E119/><V49/><F127/><T135/><D135/><U43/><E38/><V125/><F125/><T91/><REACH who="0" step="1"/><D92/><REACH who="0" ten="340,350,350,0" step="2"/><U89/><E114/><V56/><F133/><T131/><D131/><U53/><REACH who="1" step="1"/><E78/><REACH who="1" ten="340,340,350,0" step="2"/><V117/><F117/><T47/><D47/><U94/><E94/><V45/><F45/><T86/><D86/><U34/><E34/><V57/><F72/><T70/><D70/><U79/><E79/><V37/><F85/><T122/><N who="0" m="31264" /><T134/><D134/><U103/><E103/><V1/><F1/><T126/><D126/><U36/><E36/><V50/><F37/><T63/><AGARI ba="0,2" hai="46,48,54,63,66,68,75,77,81,91,93,98,100,102" m="31264" machi="63" ten="30,7800,0" yaku="1,1,0,1,52,2,53,0" doraHai="106" doraHaiUra="2" who="0" fromWho="0" sc="340,98,340,-39,350,-39,0,0" /><INIT seed="0,1,0,0,1,70" ten="438,301,311,0" oya="0" hai0="119,101,63,73,37,94,53,51,112,39,65,33,82" hai1="64,111,117,71,66,58,35,134,135,54,40,57,78" hai2="87,133,49,42,127,89,47,122,55,100,74,125,60" hai3=""/><T95/><D33/><U121/><N who="1" m="31008" /><U45/><E35/><V97/><N who="2" m="31264" /><V103/><F74/><T76/><D112/><U115/><E78/><V69/><F133/><T131/><D119/><U102/><E102/><V41/><F103/><T118/><D118/><U79/><E79/><V124/><F69/><T44/><D131/><U52/><E117/><V48/><F60/><T91/><D101/><U0/><E0/><V105/><REACH who="2" step="1"/><F48/><REACH who="2" ten="438,301,301,0" step="2"/><T130/><D130/><U1/><E1/><V106/><F106/><T84/><D95/><AGARI ba="1,1" hai="41,42,47,49,55,87,89,95,97,100,105,124,125,127" m="31264" machi="95" ten="40,8000,1" yaku="1,1,18,1,52,1,53,1" doraHai="70" doraHaiUra="81" who="2" fromWho="0" sc="438,-82,301,0,301,92,0,0" /><INIT seed="1,0,0,0,3,128" ten="356,301,393,0" oya="1" hai0="38,103,132,77,113,131,53,114,108,60,33,82,95" hai1="92,129,65,0,116,41,74,34,104,81,43,72,101" hai2="69,94,45,85,112,97,49,46,59,109,91,93,130" hai3=""/><U36/><E0/><V75/><F130/><T96/><D131/><U105/><E129/><V57/><F109/><T87/><D108/><U99/><E34/><V63/><F75/><T90/><D38/><U55/><E116/><V135/><F112/><T3/><D3/><U76/><E72/><V106/><F106/><T122/><N who="0" m="31264" /><T111/><D111/><U83/><E65/><V61/><F69/><T68/><D33/><U118/><E118/><V62/><F135/><T47/><D132/><U115/><E115/><V1/><F1/><T117/><D117/><U54/><E83/><V32/><F32/><T56/><D47/><N who="2" m="17930" /><F49/><T64/><D77/><U51/><E36/><V39/><F39/><T107/><REACH who="0" step="1"/><D107/><REACH who="0" ten="346,301,393,0" step="2"/><U119/><E119/><V84/><F84/><T70/><D70/><U102/><E105/><V120/><N who="2" m="30752" /><V78/><F78/><T73/><D73/><U42/><E104/><V37/><F37/><T89/><D89/><AGARI ba="0,1" hai="57,59,61,62,63,85,89,91,93,94,97" m="30752,17930" machi="89" ten="30,2000,0" yaku="8,1,52,1" doraHai="128" who="2" fromWho="0" sc="346,-20,301,0,393,30,0,0" /><INIT seed="2,0,0,5,1,2" ten="326,301,423,0" oya="2" hai0="65,36,61,33,86,83,43,100,52,107,96,56,125" hai1="127,72,82,99,38,51,39,129,35,59,109,49,50" hai2="1,101,116,106,94,70,75,79,130,135,80,81,77" hai3=""/><V0/><F116/><T44/><D125/><U120/><N who="1" m="30752" /><U58/><E127/><V113/><F113/><T71/><D33/><U95/><E109/><V78/><F70/><T64/><REACH who="0" step="1"/><D71/><REACH who="0" ten="316,301,423,0" step="2"/><U69/><E35/><V103/><F0/><T126/><D126/><U46/><E69/><V90/><F1/><T91/><AGARI ba="0,1" hai="36,43,44,52,56,61,64,65,83,86,91,96,100,107" machi="91" ten="20,6000,1" yaku="1,1,0,1,7,1,54,1,53,1" doraHai="2" doraHaiUra="85" who="0" fromWho="0" sc="316,70,301,-20,423,-40,0,0" /><INIT seed="4,0,0,0,1,118" ten="386,281,383,0" oya="0" hai0="70,90,135,121,89,43,42,44,59,85,98,79,127" hai1="66,0,84,32,82,120,132,76,73,37,103,97,51" hai2="75,63,88,108,33,86,40,62,57,36,119,100,41" hai3=""/><T56/><N who="0" m="31008" /><T83/><D70/><U87/><N who="1" m="30752" /><U65/><E0/><V125/><F108/><T61/><D127/><U69/><E32/><V107/><F33/><T95/><D135/><U96/><E37/><V123/><N who="2" m="31520" /><V45/><F125/><T92/><D44/><U77/><E132/><V54/><F75/><T74/><D56/><U58/><E69/><V134/><F134/><T1/><D1/><U3/><E3/><V105/><F119/><T47/><REACH who="0" step="1"/><D47/><REACH who="0" ten="376,281,383,0" step="2"/><U35/><E58/><V93/><F41/><T102/><D102/><U116/><E103/><V129/><F129/><T38/><D38/><U50/><E35/><V94/><F100/><T101/><D101/><U71/><E71/><V117/><F117/><T48/><D48/><U130/><E116/><V68/><REACH who="2" step="1"/><F93/><REACH who="2" ten="376,281,373,0" step="2"/><T133/><D133/><U49/><E130/><V72/><F72/><T34/><D34/><U99/><E73/><V60/><F60/><T81/><D81/><AGARI ba="0,2" hai="49,50,51,65,66,76,77,81,82,84,87,96,97,99" m="30752" machi="81" ten="40,8000,1" yaku="9,1,8,1,52,2" doraHai="118" who="1" fromWho="0" sc="376,-80,281,100,373,0,0,0" /><INIT seed="5,0,0,0,1,87" ten="296,381,373,0" oya="1" hai0="62,53,81,45,117,127,67,69,77,111,64,125,2" hai1="95,114,92,39,32,107,88,112,78,75,115,49,40" hai2="48,44,80,51,66,59,65,36,82,110,101,98,0" hai3=""/><U57/><E32/><V83/><F0/><T106/><D111/><U129/><E107/><V108/><F36/><T130/><D106/><U99/><E129/><V122/><N who="2" m="31264" /><V100/><F59/><T109/><D109/><U128/><E128/><V58/><F58/><T76/><D117/><U90/><E39/><V105/><F82/><T60/><D130/><U93/><E99/><V43/><F105/><T46/><D81/><U85/><E75/><V50/><F50/><T33/><D69/><U61/><E78/><V132/><F98/><T118/><D118/><U63/><E85/><V96/><F96/><T3/><REACH who="0" step="1"/><D53/><REACH who="0" ten="286,381,373,0" step="2"/><U103/><E115/><V126/><F108/><T124/><D124/><U54/><E54/><V102/><F126/><T97/><D97/><U135/><E114/><V1/><F83/><T41/><D41/><U116/><E40/><V37/><F43/><T84/><D84/><U121/><E112/><V56/><F80/><T134/><D134/><U120/><E135/><V74/><F132/><T123/><N who="0" m="31520" /><T73/><D73/><U68/><E68/><V72/><F74/><T119/><D119/><U91/><E116/><V79/><F72/><T133/><D133/><U35/><E121/><V47/><F110/><RYUUKYOKU ba="0,1" sc="286,20,381,-10,373,-10,0,0" hai0="2,3,33,45,46,60,62,64,67,76,77,125,127" /><INIT seed="6,1,1,4,2,1" ten="306,371,363,0" oya="2" hai0="92,33,57,94,108,114,74,39,71,86,49,54,65" hai1="42,101,112,66,123,58,84,115,67,47,128,78,130" hai2="85,34,76,102,113,36,116,117,50,55,35,135,97" hai3=""/><V56/><F113/><N who="1" m="43593" /><E101/><V88/><F135/><T0/><D0/><U126/><N who="1" m="31520" /><U60/><E126/><V45/><F76/><T68/><D74/><U110/><E67/><V118/><F36/><T53/><D108/><U91/><E78/><V120/><N who="2" m="30752" /><V98/><F45/><T63/><D114/><U129/><E110/><V100/><F100/><T103/><D33/><U95/><E130/><V106/><REACH who="2" step="1"/><F98/><REACH who="2" ten="306,371,353,0" step="2"/><T119/><D39/><AGARI ba="1,2" hai="39,42,47,58,60,66,84,91,95,128,129" m="31520,43593" machi="39" ten="30,2000,0" yaku="15,1,52,1" doraHai="1" who="1" fromWho="0" sc="306,-22,371,42,353,0,0,0" owari="284,-32.0,413,37.0,353,-5.0,0,0.0" /></mjloggm>