<mjloggm ver="2.3"><GO type="169" lobby="0"/><UN n0="%50%65%74%65%72%50%61%6E" n1="%E3%81%8D%E3%82%88%E3%81%97%E3%81%BE%E3%82%8B" n2="%E6%BB%9D%E6%9C%AC%E3%81%B2%E3%81%B5%E3%81%BF%EF%BC%81" n3="%E3%81%97%E3%82%89%E3%81%84%E3%81%97%E3%81%BE%E3%81%84" dan="16,16,17,17" rate="2113.93,2089.66,2204.98,2290.24" sx="M,F,M,M"/><TAIKYOKU oya="0"/><INIT seed="0,0,0,4,5,71" ten="250,250,250,250" oya="0" hai0="116,31,92,77,33,133,101,85,47,94,96,118,32" hai1="103,104,113,15,7,10,34,29,126,30,61,124,109" hai2="65,59,122,82,12,42,75,8,45,18,44,105,58" hai3="81,60,123,37,112,121,79,86,129,132,48,38,26"/><T87/><D133/><U27/><E104/><V22/><F122/><N who="3" m="46603" /><G112/><T130/><D130/><U108/><E103/><V70/><F105/><W28/><G132/><T107/><D47/><U74/><E61/><V20/><F70/><W100/><G129/><T76/><D31/><N who="1" m="19839" /><E74/><V35/><F35/><N who="3" m="20887" /><G100/><T46/><D46/><U69/><E69/><V73/><F44/><W62/><G48/><T2/><D2/><U119/><E119/><N who="0" m="45609" /><D32/><U128/><E113/><V55/><F65/><W95/><G95/><N who="0" m="36395" /><D33/><U43/><E43/><V134/><F58/><W6/><G6/><T91/><D87/><U111/><E128/><V39/><F134/><W89/><G79/><T125/><D125/><AGARI ba="0,0" hai="7,10,15,29,30,108,109,111,124,125,126" m="19839" machi="125" ten="40,8000,1" yaku="14,1,18,1,34,2" doraHai="71" who="1" fromWho="0" sc="250,-80,250,80,250,0,250,0" /><INIT seed="1,0,0,2,2,135" ten="170,330,250,250" oya="1" hai0="65,12,117,35,32,72,58,33,1,15,9,0,104" hai1="125,76,122,95,48,70,49,112,40,118,101,50,134" hai2="37,99,97,11,45,10,7,69,79,131,42,98,39" hai3="59,60,26,21,66,8,68,67,77,113,80,130,82"/><U93/><E112/><V64/><F131/><W91/><G113/><T46/><D104/><U84/><E118/><V61/><F79/><W75/><G130/><T124/><D72/><U119/><E119/><V22/><F37/><W34/><G34/><T90/><D117/><U83/><E122/><V25/><REACH who="2" step="1"/><F7/><REACH who="2" ten="170,330,240,250" step="2"/><W78/><G78/><T103/><D35/><U73/><E134/><V111/><F111/><W53/><G77/><T41/><D33/><U92/><E73/><V86/><F86/><W105/><G75/><T106/><D32/><U109/><E109/><V63/><F63/><W128/><G60/><T108/><D108/><U43/><E101/><V47/><F47/><W96/><G128/><T5/><D46/><U19/><E70/><V30/><AGARI ba="0,1" hai="10,11,22,25,30,39,42,45,61,64,69,97,98,99" machi="30" ten="30,2000,0" yaku="1,1,0,1,53,0" doraHai="135" doraHaiUra="107" who="2" fromWho="2" sc="170,-5,330,-10,240,30,250,-5" /><INIT seed="2,0,0,0,0,18" ten="165,320,270,245" oya="2" hai0="66,91,24,132,51,69,4,128,60,21,8,119,44" hai1="48,131,33,65,42,133,57,31,96,63,92,3,70" hai2="17,55,61,77,27,12,41,125,32,1,134,15,59" hai3="90,76,94,108,43,5,89,16,80,53,121,38,28"/><V101/><F1/><W11/><G121/><T97/><D132/><U103/><E3/><V67/><F125/><W124/><G124/><T19/><D128/><U93/><E133/><V130/><F134/><W115/><G108/><T88/><D97/><U10/><E131/><V45/><F130/><W52/><G90/><T86/><D119/><U87/><E33/><V123/><F123/><W109/><G109/><T20/><D86/><U58/><E31/><V9/><F77/><W117/><G28/><T81/><D81/><U68/><E10/><V129/><F129/><W64/><G64/><T40/><REACH who="0" step="1"/><D21/><REACH who="0" ten="155,320,270,245" step="2"/><U7/><E87/><V127/><F127/><W49/><G80/><T50/><D50/><U135/><E48/><V83/><F83/><W22/><G49/><T35/><D35/><U2/><E96/><V0/><F32/><W79/><G117/><T113/><D113/><U126/><E135/><V105/><F105/><W98/><G115/><T14/><AGARI ba="0,1" hai="4,8,14,19,20,24,40,44,51,60,66,69,88,91" machi="14" ten="20,12000,2" yaku="1,1,0,1,7,1,52,1,54,1,53,1" doraHai="18" doraHaiUra="23" who="0" fromWho="0" sc="155,130,320,-30,270,-60,245,-30" /><INIT seed="3,0,0,3,0,47" ten="285,290,210,215" oya="3" hai0="94,106,95,113,38,77,93,120,43,14,54,84,33" hai1="56,109,53,31,12,2,5,9,118,81,58,0,22" hai2="130,66,128,18,3,117,75,115,123,45,133,51,23" hai3="67,50,55,135,79,78,119,13,86,87,4,11,71"/><W116/><G135/><T91/><D120/><U21/><E58/><V44/><F115/><W129/><G129/><T40/><D106/><U49/><E109/><V108/><F117/><W64/><G71/><T69/><D33/><U30/><E118/><V124/><F75/><W34/><G34/><T90/><D69/><U110/><E110/><V27/><F3/><W112/><G112/><T15/><D113/><U26/><REACH who="1" step="1"/><E81/><REACH who="1" ten="285,280,210,215" step="2"/><V17/><F108/><W28/><G119/><T82/><D82/><U105/><E105/><V24/><F128/><W107/><G107/><T19/><D94/><U6/><E6/><V62/><F130/><W41/><G116/><T92/><D92/><U111/><E111/><V57/><F123/><W35/><G67/><T63/><D95/><U74/><E74/><V96/><F133/><W99/><G64/><T70/><D93/><U134/><E134/><V7/><F7/><W65/><G65/><T101/><D70/><U73/><E73/><V46/><F124/><W32/><G99/><T60/><D84/><U1/><E1/><V100/><F96/><W52/><G87/><T37/><D101/><U61/><E61/><V131/><F100/><W36/><G86/><T48/><D60/><U42/><E42/><N who="2" m="24983" /><F131/><W72/><G72/><T10/><D63/><U126/><E126/><V39/><F39/><W127/><G36/><T98/><D38/><U89/><E89/><V114/><F114/><W125/><G125/><T104/><D37/><U132/><E132/><V29/><F17/><N who="3" m="8383" /><G127/><T88/><D98/><U102/><E102/><V59/><F59/><RYUUKYOKU ba="0,1" sc="285,-15,280,15,210,15,215,-15" hai1="0,2,5,9,12,21,22,26,30,31,49,53,56" hai2="18,23,24,27,29,45,46,57,62,66" /><INIT seed="4,1,1,5,0,57" ten="270,295,225,200" oya="0" hai0="101,20,103,12,91,109,76,126,88,107,73,114,29" hai1="23,65,10,105,86,67,60,74,115,27,120,98,61" hai2="22,112,33,110,44,43,39,130,42,99,95,54,28" hai3="53,64,123,62,30,36,0,68,81,124,131,51,94"/><T92/><D114/><U133/><E120/><V56/><F130/><W24/><G131/><T127/><D29/><U111/><E111/><V108/><F33/><W82/><G124/><N who="0" m="47659" /><D12/><U80/><E74/><V118/><F42/><W132/><G132/><T59/><D59/><U19/><E133/><V63/><F112/><W79/><G123/><T117/><D20/><U84/><E115/><V89/><REACH who="2" step="1"/><F118/><REACH who="2" ten="270,295,215,200" step="2"/><W48/><G36/><T70/><D117/><U18/><E105/><V11/><F11/><W31/><G0/><T13/><D109/><U134/><E134/><V55/><F55/><W90/><G53/><T5/><D107/><U2/><E2/><V45/><F45/><W46/><G46/><T14/><D14/><U8/><E23/><V83/><F83/><W9/><G82/><T16/><D13/><U26/><E80/><V69/><F69/><W122/><G9/><T119/><D70/><U3/><E3/><V106/><F106/><W66/><G122/><T35/><D35/><U93/><E93/><V85/><F85/><W47/><G47/><T102/><D92/><U129/><E129/><V17/><F17/><W128/><G128/><T104/><D104/><U113/><E113/><V75/><F75/><N who="3" m="43263" /><G64/><T41/><D119/><U87/><E84/><V7/><F7/><W34/><G31/><T100/><D5/><U116/><E116/><V38/><F38/><W40/><G40/><T72/><D41/><U37/><E37/><V78/><F78/><W97/><G68/><T15/><D76/><U121/><E121/><V125/><F125/><W4/><G4/><RYUUKYOKU ba="1,2" sc="270,-30,295,10,215,10,200,10" hai1="8,10,18,19,26,27,60,61,65,67,86,87,98" hai2="22,28,39,43,44,54,56,63,89,95,99,108,110" hai3="24,30,34,48,51,62,66,90,94,97" /><INIT seed="5,2,2,3,1,119" ten="240,305,225,210" oya="1" hai0="23,37,1,71,25,128,59,43,30,65,38,6,34" hai1="115,133,44,49,129,123,127,17,68,62,99,2,83" hai2="39,96,109,78,22,3,40,92,55,132,113,88,114" hai3="20,91,32,86,85,15,60,16,126,81,10,121,69"/><U80/><E2/><V108/><F3/><W73/><G126/><T130/><D59/><U21/><E127/><V82/><F39/><W33/><G73/><T111/><D111/><N who="2" m="42570" /><F40/><W79/><G121/><T50/><D50/><U125/><E62/><V56/><F22/><W29/><G29/><T61/><D23/><U74/><E49/><V118/><F55/><W12/><G69/><T124/><D124/><U95/><E44/><V28/><F28/><W89/><G60/><T110/><D110/><U54/><E54/><V77/><F56/><W97/><G97/><T90/><D90/><U18/><E21/><V5/><F5/><W112/><G89/><T94/><D94/><U63/><E63/><V93/><F118/><W117/><G112/><N who="2" m="43113" /><F132/><W66/><G66/><T45/><REACH who="0" step="1"/><D38/><REACH who="0" ten="230,305,225,210" step="2"/><U36/><E36/><V103/><F82/><W35/><G117/><T75/><D75/><U64/><E83/><V120/><F120/><W9/><REACH who="3" step="1"/><G12/><REACH who="3" ten="230,305,225,200" step="2"/><T135/><D135/><U107/><E123/><V27/><F27/><W70/><G70/><T42/><D42/><U72/><E68/><V0/><F0/><W31/><G31/><T131/><D131/><U47/><E129/><V14/><F14/><W11/><G11/><AGARI ba="2,4" hai="1,6,11,25,30,34,37,43,45,61,65,71,128,130" machi="11" ten="40,5200,0" yaku="1,1,23,2,53,0" doraHai="119" doraHaiUra="98" who="0" fromWho="3" sc="230,98,305,0,225,0,200,-58" /><INIT seed="6,0,0,1,4,69" ten="328,305,225,142" oya="2" hai0="8,47,31,77,40,111,7,46,132,116,76,24,118" hai1="61,104,72,27,53,35,55,16,122,98,95,112,121" hai2="68,135,86,62,52,85,38,88,51,91,107,34,99" hai3="90,1,130,84,30,134,0,94,49,87,103,92,22"/><V81/><F34/><W33/><G33/><T119/><D111/><U21/><E72/><V17/><F135/><W93/><G134/><T20/><D132/><U60/><E104/><V43/><F43/><W29/><G130/><T80/><D80/><U66/><E35/><V78/><F38/><W4/><G103/><T126/><D126/><U114/><E61/><V74/><F17/><W113/><G113/><N who="1" m="43626" /><E66/><V39/><F39/><W100/><G100/><T96/><D96/><U37/><E37/><V41/><F41/><W14/><G49/><N who="0" m="26823" /><D47/><U83/><E83/><V28/><F28/><W123/><G123/><N who="1" m="47114" /><E60/><V23/><F62/><W75/><G75/><T128/><D128/><U70/><E70/><V89/><F68/><W19/><G4/><T18/><D31/><U15/><E15/><AGARI ba="0,0" hai="7,8,15,18,20,24,76,77,116,118,119" m="26823" machi="15" ten="30,1000,0" yaku="12,1" doraHai="69" who="0" fromWho="1" sc="328,10,305,-10,225,0,142,0" /><INIT seed="7,0,0,3,0,41" ten="338,295,225,142" oya="3" hai0="22,35,7,131,8,0,53,78,33,74,88,25,125" hai1="57,19,83,17,75,108,82,44,123,43,36,134,28" hai2="46,71,102,48,129,12,29,50,3,113,96,87,111" hai3="130,26,65,9,122,31,54,6,42,2,67,92,72"/><W21/><G122/><T124/><D131/><U51/><E123/><V80/><F3/><W68/><G130/><T89/><D53/><U100/><E108/><V5/><F71/><W32/><G72/><T23/><D23/><U98/><E134/><V59/><F129/><W13/><G68/><T135/><D135/><U93/><E28/><V94/><F113/><W58/><G92/><T128/><D128/><U52/><REACH who="1" step="1"/><E75/><REACH who="1" ten="338,285,225,142" step="2"/><V55/><F111/><W120/><G120/><T18/><D35/><U121/><E121/><V63/><F29/><W39/><G42/><T4/><D33/><U73/><E73/><V1/><F1/><W64/><G39/><T118/><D74/><U86/><E86/><V99/><F99/><W62/><G2/><T97/><D97/><U38/><E38/><V30/><F30/><W66/><G32/><T16/><D0/><U34/><E34/><V49/><F5/><W11/><G11/><T112/><D8/><U10/><E10/><V20/><F20/><W119/><N who="3" m="16384" /><DORA hai="85" /><W117/><AGARI ba="0,1" hai="6,9,13,21,26,31,54,58,62,117,119" m="16384" machi="117" ten="40,3900,0" yaku="4,1,0,1" doraHai="41,85" who="3" fromWho="3" sc="338,-13,285,-13,225,-13,142,49" /><INIT seed="7,1,0,3,1,45" ten="325,272,212,191" oya="3" hai0="14,70,22,67,121,47,82,126,128,65,3,48,86" hai1="23,115,17,134,74,31,93,36,78,68,7,131,41" hai2="101,49,100,105,16,21,4,28,10,112,34,2,76" hai3="64,103,20,87,57,66,5,52,15,77,84,53,97"/><W13/><G53/><N who="0" m="29855" /><D70/><U125/><E93/><V39/><F39/><W72/><G72/><T63/><D3/><U30/><E41/><V120/><F112/><W85/><G77/><N who="0" m="46415" /><D121/><U89/><E89/><V119/><F105/><W71/><G71/><T88/><D128/><U51/><E78/><V61/><F76/><W108/><G108/><T8/><D22/><U109/><E17/><V59/><F16/><N who="3" m="10255" /><G97/><T124/><D63/><U130/><E23/><V33/><F34/><W94/><G103/><T35/><D35/><U26/><E7/><V80/><F33/><W102/><G102/><T6/><D88/><U0/><E68/><V38/><F100/><W25/><G25/><T24/><D24/><U18/><E26/><V27/><F27/><W12/><G94/><T118/><D118/><U29/><E31/><V132/><F119/><W62/><G15/><T40/><D40/><U60/><E30/><V11/><F28/><W127/><G127/><AGARI ba="1,0" hai="6,8,14,65,67,124,126,127" m="46415,29855" machi="127" ten="30,2000,0" yaku="18,1,52,1" doraHai="45" who="0" fromWho="3" sc="325,23,272,0,212,0,191,-23" owari="348,45.0,272,7.0,212,-19.0,168,-33.0" /></mjloggm>