<mjloggm ver="2.3"><GO type="169" lobby="0"/><UN n0="%52%6F%6E%E6%B0%8F" n1="%E3%83%AC%E3%82%AA%E3%83%B3%E3%83%8F%E3%83%AB%E3%83%88" n2="%28%E9%83%A8%E9%95%B7%29" n3="%E9%AB%98%E6%A9%8B%E6%B7%B3" dan="16,16,16,16" rate="2157.53,2053.63,2167.93,2141.63" sx="M,M,M,M"/><TAIKYOKU oya="0"/><INIT seed="0,0,0,1,3,18" ten="250,250,250,250" oya="0" hai0="134,101,84,68,115,108,8,15,64,102,78,34,41" hai1="100,131,37,120,26,94,76,92,28,67,27,48,79" hai2="89,1,33,17,53,7,46,85,88,43,123,31,61" hai3="107,60,56,22,99,21,63,129,127,96,40,3,32"/><T47/><D115/><U110/><E37/><V81/><F123/><W103/><G3/><T66/><D34/><U62/><E120/><V77/><F1/><W52/><G32/><T90/><D78/><U93/><E110/><V54/><F7/><W0/><G0/><T87/><D87/><U13/><E131/><V51/><F17/><W111/><G111/><T128/><D128/><U75/><E75/><V109/><F109/><W71/><G129/><T116/><D116/><U12/><E48/><V86/><F33/><W19/><G127/><T97/><D108/><U42/><E42/><V59/><F31/><W73/><G73/><T121/><D121/><U98/><E79/><V125/><F125/><W58/><G71/><T130/><D130/><U74/><E76/><V69/><F69/><W91/><G19/><T72/><D72/><U35/><E26/><V29/><F29/><W5/><G5/><T39/><D68/><U135/><E135/><V113/><F113/><W10/><G10/><T57/><D134/><U50/><E50/><V132/><F132/><W36/><G91/><N who="2" m="34889" /><F85/><W70/><G99/><T9/><D97/><U16/><E74/><V105/><F105/><W38/><G70/><T49/><D39/><U4/><E4/><V65/><AGARI ba="0,0" hai="43,46,51,53,54,59,61,65,77,81,86" m="34889" machi="65" ten="30,2000,0" yaku="8,1,54,1" doraHai="18" who="2" fromWho="2" sc="250,-10,250,-5,250,20,250,-5" /><INIT seed="1,0,0,0,5,21" ten="240,245,270,245" oya="1" hai0="103,132,109,35,114,31,27,30,130,55,92,71,94" hai1="93,32,40,28,104,3,97,34,58,100,13,117,6" hai2="33,39,124,107,135,86,59,129,82,61,105,111,0" hai3="134,88,15,2,66,108,10,63,102,118,131,24,23"/><U123/><E117/><V121/><RYUUKYOKU type="yao9" ba="0,0" sc="240,0,245,0,270,0,245,0" hai2="0,33,39,59,61,82,86,105,107,111,121,124,129,135" /><INIT seed="1,1,0,0,1,48" ten="240,245,270,245" oya="1" hai0="49,62,70,6,31,37,135,114,64,120,38,75,42" hai1="32,13,40,71,67,78,74,72,23,94,126,95,82" hai2="89,17,133,61,14,125,98,54,12,106,105,34,11" hai3="24,7,46,117,52,36,88,59,45,66,16,129,58"/><U65/><E32/><V104/><F125/><W99/><G129/><T56/><D114/><U101/><E126/><V18/><F133/><W130/><G130/><T122/><D75/><U57/><E71/><V51/><F34/><W111/><G111/><T87/><D87/><U103/><E72/><V20/><F61/><N who="3" m="38199" /><G7/><T43/><D31/><U108/><E108/><V134/><F134/><W131/><G36/><N who="0" m="13931" /><D6/><U115/><E40/><N who="0" m="15401" /><D135/><U83/><E83/><V1/><F1/><W5/><G5/><T35/><D35/><U84/><E115/><V127/><F127/><W81/><G117/><T102/><D102/><U10/><E23/><V3/><F3/><W27/><G131/><T121/><D49/><U15/><E15/><V85/><F98/><W63/><G81/><T92/><D92/><U73/><E95/><V93/><REACH who="2" step="1"/><F105/><REACH who="2" ten="240,245,260,245" step="2"/><W128/><G128/><T28/><D28/><U69/><E73/><V91/><F91/><W109/><G109/><T22/><D22/><U44/><E74/><V119/><F119/><W110/><G110/><T118/><D118/><U100/><E103/><V55/><F55/><W53/><G53/><T132/><D132/><U29/><E101/><V19/><F19/><W80/><G16/><T123/><D123/><U30/><E100/><V96/><F96/><W0/><G0/><T60/><D122/><U112/><E29/><V33/><F33/><W2/><G2/><T124/><D124/><U79/><E30/><V39/><F39/><W97/><G97/><T25/><D25/><N who="3" m="9801" /><G99/><T8/><D8/><U107/><E10/><V116/><F116/><RYUUKYOKU ba="1,1" sc="240,10,245,-30,260,10,245,10" hai0="56,60,62,64,70,120,121" hai2="11,12,14,17,18,20,51,54,85,89,93,104,106" hai3="45,46,52,59,63,80,88" /><INIT seed="2,2,1,0,4,12" ten="250,215,270,255" oya="2" hai0="95,16,125,131,40,55,67,107,84,73,92,44,70" hai1="133,11,9,83,26,25,69,116,54,110,105,121,4" hai2="30,97,109,5,17,42,98,77,31,119,33,113,93" hai3="100,117,94,38,62,60,23,49,106,104,37,122,24"/><V32/><F113/><W81/><G117/><T61/><D107/><U19/><E116/><V99/><F119/><W80/><G49/><T112/><D73/><U29/><E110/><V13/><F5/><W39/><G94/><T82/><D112/><U50/><E105/><V126/><F126/><W27/><G38/><T72/><D72/><U2/><E69/><V46/><F77/><W43/><G23/><T22/><D55/><U127/><E133/><V132/><F132/><W86/><G86/><T8/><D8/><U7/><E127/><V115/><F115/><W63/><G63/><T35/><D35/><U21/><E83/><V59/><F59/><W118/><G118/><T111/><D111/><U76/><E76/><V48/><F93/><W10/><G10/><T47/><D47/><U101/><E101/><V87/><F87/><W102/><REACH who="3" step="1"/><G43/><REACH who="3" ten="250,215,270,245" step="2"/><T34/><D125/><U135/><E50/><V14/><F109/><W68/><G68/><T108/><D108/><U90/><E9/><N who="2" m="6319" /><F32/><W45/><G45/><T66/><D34/><U36/><E11/><V20/><F33/><W6/><G6/><T75/><D70/><U74/><E4/><V120/><F120/><AGARI ba="2,2" hai="24,27,37,39,60,62,80,81,100,102,104,106,120,122" machi="120" ten="25,8000,1" yaku="1,1,22,2,53,2" doraHai="12" doraHaiUra="58" who="3" fromWho="2" sc="250,0,215,0,270,-86,245,106" /><INIT seed="3,0,0,0,3,121" ten="250,215,184,351" oya="3" hai0="116,18,99,69,42,68,122,49,74,8,39,54,89" hai1="3,91,133,120,77,37,0,102,38,57,78,67,66" hai2="26,92,34,108,81,11,71,119,84,131,53,105,76" hai3="23,21,117,40,70,73,47,13,130,114,59,88,58"/><W28/><G114/><T27/><D74/><U44/><E102/><V123/><F105/><W125/><G117/><T10/><D122/><U128/><E120/><V4/><F123/><W98/><G70/><T61/><D116/><U93/><E57/><V5/><F71/><W22/><G73/><T129/><D129/><U127/><E44/><V62/><F119/><W83/><G125/><T65/><D69/><U6/><E6/><V106/><F106/><W41/><G130/><T118/><D118/><U2/><E128/><V126/><F4/><W95/><G83/><T17/><D17/><U75/><E75/><V32/><F126/><W80/><G80/><T124/><D124/><U100/><E100/><V36/><F36/><W90/><G90/><T51/><D51/><U115/><E0/><V82/><F26/><W134/><G134/><T109/><D27/><U29/><E29/><V135/><F135/><W85/><G98/><T7/><D99/><U35/><E127/><V132/><F132/><W107/><G107/><T14/><D89/><U72/><E72/><V24/><F24/><W86/><G86/><T45/><D7/><U56/><E91/><V112/><F112/><W15/><G28/><T48/><D48/><U111/><E37/><V55/><F82/><W79/><G79/><T113/><D113/><U16/><E38/><V63/><F92/><W52/><G59/><N who="0" m="33231" /><D8/><U87/><E77/><V43/><F131/><W64/><G64/><T94/><D94/><U103/><E133/><V9/><F76/><W46/><G95/><T33/><D33/><U12/><E35/><RYUUKYOKU ba="0,0" sc="250,30,215,-10,184,-10,351,-10" hai0="10,14,18,39,42,45,61,65,68,109" /><INIT seed="4,1,0,5,4,108" ten="280,205,174,341" oya="0" hai0="96,34,103,48,59,109,123,98,92,71,12,35,26" hai1="69,132,121,5,127,11,44,116,77,38,84,36,130" hai2="50,61,133,20,111,7,93,110,129,134,68,54,78" hai3="91,62,6,17,58,125,70,22,4,21,16,119,30"/><T2/><D2/><U63/><E116/><V124/><F7/><W117/><G70/><T24/><D71/><U90/><E121/><V81/><F20/><W79/><G79/><T53/><D123/><U46/><E77/><V23/><F23/><W104/><G104/><T19/><D109/><N who="2" m="41482" /><F93/><W135/><G135/><N who="2" m="51721" /><F81/><W87/><G125/><T75/><D75/><U126/><E90/><V9/><F9/><W88/><G58/><T56/><D56/><U73/><E84/><V85/><F85/><W39/><G62/><T66/><D66/><U31/><E11/><V131/><F78/><W32/><G39/><T128/><D128/><N who="2" m="49226" /><F61/><W72/><G87/><T27/><D96/><U95/><E5/><V86/><F86/><W106/><G106/><T25/><D25/><U14/><E95/><V15/><F15/><W100/><G100/><T28/><D34/><U10/><E14/><V37/><F37/><W83/><G83/><T29/><D35/><U52/><E36/><V41/><F41/><W8/><G8/><AGARI ba="1,0" hai="8,12,19,24,26,27,28,29,48,53,59,92,98,103" machi="8" ten="40,2000,0" yaku="8,1" doraHai="108" who="0" fromWho="3" sc="280,23,205,0,174,0,341,-23" /><INIT seed="4,2,0,2,0,10" ten="303,205,174,318" oya="0" hai0="65,28,62,30,24,121,57,63,42,4,120,13,70" hai1="98,135,123,101,3,32,50,95,112,9,130,29,51" hai2="19,105,115,106,88,73,108,94,55,17,128,125,91" hai3="34,45,15,35,31,110,80,124,77,119,126,23,11"/><T22/><D42/><U99/><E123/><V122/><F108/><W131/><G110/><T89/><D30/><U134/><E130/><V113/><F122/><W102/><G102/><T64/><REACH who="0" step="1"/><D89/><REACH who="0" ten="293,205,174,318" step="2"/><U78/><E29/><V49/><F91/><W83/><G31/><T111/><D111/><U44/><E135/><V2/><F128/><W93/><G131/><T71/><D71/><U39/><E134/><V36/><F36/><W117/><G119/><T43/><D43/><U107/><E39/><V7/><F88/><W47/><G117/><T104/><D104/><U54/><E107/><V116/><F105/><W66/><G124/><T60/><D60/><U68/><E68/><V21/><F106/><W8/><G126/><T41/><D41/><U100/><E101/><V72/><F125/><W75/><G35/><T84/><D84/><U129/><E32/><V85/><F116/><W40/><G34/><T132/><D132/><U33/><E33/><V114/><F85/><W14/><G40/><T74/><D74/><U61/><E61/><V25/><F72/><W69/><G75/><T103/><D103/><U48/><E100/><V59/><F73/><W20/><G69/><T90/><D90/><U5/><E129/><V86/><F86/><W52/><G93/><T109/><D109/><U46/><E95/><V96/><F94/><W18/><G80/><T27/><D27/><U67/><E48/><V97/><F49/><W133/><G83/><T6/><D6/><U81/><E50/><N who="2" m="31223" /><F19/><W38/><G18/><T92/><D92/><U76/><E51/><V0/><F7/><RYUUKYOKU ba="2,1" sc="293,15,205,-15,174,15,318,-15" hai0="4,13,22,24,28,57,62,63,64,65,70,120,121" hai2="0,2,17,21,25,96,97,113,114,115" /><INIT seed="4,3,1,3,1,38" ten="308,190,189,303" oya="0" hai0="66,95,80,71,6,132,90,51,32,124,76,117,94" hai1="82,62,108,4,50,100,81,111,44,101,22,91,112" hai2="125,93,49,103,37,107,134,7,88,98,70,99,114" hai3="2,42,105,72,102,14,58,30,130,10,21,85,73"/><T123/><D117/><U40/><E112/><V46/><F70/><W77/><G2/><T122/><D32/><U116/><E116/><V1/><F125/><W119/><G119/><T129/><D124/><U25/><E4/><V109/><F109/><W8/><G8/><T63/><D129/><U127/><E127/><V33/><F33/><W9/><G9/><T34/><D34/><U27/><E111/><V89/><F37/><W67/><G102/><T59/><D132/><U86/><E86/><BYE who="1" /><V75/><F75/><W74/><G105/><T106/><D106/><U54/><E54/><V43/><F134/><W52/><G67/><T41/><D6/><U31/><E31/><V45/><F114/><W18/><G42/><T121/><D90/><UN n1="%E3%83%AC%E3%82%AA%E3%83%B3%E3%83%8F%E3%83%AB%E3%83%88" /><U133/><E133/><V17/><F17/><W3/><G85/><T47/><REACH who="0" step="1"/><D71/><REACH who="0" ten="298,190,189,303" step="2"/><U56/><E91/><V5/><F89/><W79/><G130/><T61/><D61/><U120/><E108/><V0/><F5/><W65/><G77/><T48/><D48/><U19/><E50/><V53/><F7/><W60/><G79/><T57/><D57/><U135/><E56/><V16/><F0/><W23/><G3/><T11/><D11/><U84/><E62/><V78/><F1/><W26/><G10/><T83/><D83/><U55/><E81/><V113/><F78/><W92/><G92/><T13/><D13/><U126/><E82/><V12/><F113/><W20/><G20/><T28/><D28/><U96/><E126/><V131/><F131/><W64/><AGARI ba="3,2" hai="14,18,21,23,26,30,52,58,60,64,65,72,73,74" machi="64" ten="40,2700,0" yaku="0,1,54,1" doraHai="38" who="3" fromWho="3" sc="298,-16,190,-10,189,-10,303,56" /><INIT seed="5,0,0,1,5,83" ten="282,180,179,359" oya="1" hai0="131,84,93,23,61,47,135,2,71,88,126,117,77" hai1="30,101,25,46,78,75,87,114,82,1,91,51,107" hai2="44,66,54,96,62,100,41,127,73,104,48,108,18" hai3="120,90,81,0,68,55,17,57,56,34,103,133,86"/><U50/><E114/><V37/><F108/><W9/><G68/><T14/><D2/><U122/><E122/><V35/><F127/><W98/><G34/><T118/><D126/><U20/><E1/><V45/><F73/><W16/><G133/><T59/><D71/><U19/><E30/><V123/><F35/><W99/><G120/><T125/><D125/><U70/><E70/><V26/><F123/><W29/><G29/><T115/><D115/><U42/><E51/><V129/><F129/><W7/><G98/><T53/><D131/><U10/><E10/><V38/><F38/><W5/><G5/><T13/><D77/><U116/><E116/><V36/><F36/><W111/><G56/><T40/><D135/><U27/><E27/><V31/><F31/><W52/><G55/><T60/><D60/><U80/><REACH who="1" step="1"/><E101/><REACH who="1" ten="282,170,179,359" step="2"/><V102/><F102/><W49/><G111/><T94/><D117/><U43/><E43/><V132/><F132/><W33/><G33/><T79/><D118/><U89/><E89/><V63/><F26/><W134/><G134/><T124/><D124/><U95/><E95/><AGARI ba="0,1" hai="0,7,9,16,17,49,52,57,81,86,90,95,99,103" machi="95" ten="30,7700,0" yaku="7,1,52,1,54,2" doraHai="83" who="3" fromWho="1" sc="282,0,170,-77,179,0,359,87" /><INIT seed="6,0,0,4,4,120" ten="282,93,179,446" oya="2" hai0="80,61,35,111,86,21,113,36,98,59,87,67,66" hai1="18,60,114,3,93,112,23,42,30,110,57,33,45" hai2="10,116,71,101,39,77,82,65,54,94,9,37,119" hai3="11,106,27,29,19,76,74,84,131,92,1,5,38"/><V46/><F71/><W72/><G106/><T58/><D111/><U108/><E3/><V128/><F65/><W88/><G38/><T40/><D35/><U135/><E135/><V69/><F69/><W118/><G131/><T130/><D113/><N who="1" m="43627" /><E93/><V2/><F37/><W95/><G76/><T52/><D98/><U31/><E33/><V126/><F10/><W48/><G19/><T20/><D87/><U78/><E78/><V7/><F126/><W115/><G118/><T50/><D130/><U53/><E18/><V100/><F128/><W73/><G48/><T122/><D122/><U107/><E107/><V134/><F134/><W129/><G129/><T109/><D109/><N who="1" m="42091" /><E23/><V121/><F121/><W25/><G95/><T15/><D20/><U127/><E127/><V132/><F132/><W97/><G92/><T91/><D21/><U55/><E55/><V90/><F54/><W12/><G1/><T16/><D67/><U124/><E124/><V99/><F116/><W96/><G115/><T17/><D17/><U68/><E68/><V13/><F119/><W4/><G4/><T70/><D70/><U44/><E44/><V34/><F34/><W81/><G5/><T103/><D52/><U6/><E6/><V123/><F123/><W51/><G74/><T43/><D66/><U28/><E28/><V49/><F2/><W75/><G73/><T89/><D16/><U41/><E41/><N who="2" m="24783" /><F101/><W22/><G75/><T32/><D40/><U0/><E0/><V63/><F100/><W105/><G72/><T117/><D43/><U133/><E133/><V24/><F7/><RYUUKYOKU ba="0,0" sc="282,-10,93,30,179,-10,446,-10" hai1="30,31,42,45,53,57,60" /><INIT seed="7,1,0,3,0,66" ten="272,123,169,436" oya="3" hai0="31,126,29,83,74,23,28,7,54,128,94,75,98" hai1="50,44,65,130,39,124,107,135,120,70,26,123,10" hai2="100,69,68,37,131,40,63,18,87,108,88,11,78" hai3="82,38,84,109,49,25,127,22,103,81,27,117,67"/><W104/><G38/><T118/><D23/><U46/><E107/><V62/><F108/><W52/><G127/><T96/><D28/><U5/><E26/><V42/><F78/><W85/><G67/><T47/><D98/><U71/><E10/><V115/><F100/><W90/><G117/><T101/><D29/><U129/><E5/><V60/><F115/><W1/><G1/><T116/><D54/><N who="1" m="30023" /><E124/><V43/><F37/><W48/><G48/><T3/><D31/><U64/><E135/><V58/><F58/><W15/><G103/><T110/><D94/><U36/><E64/><V35/><F35/><W97/><G97/><T41/><D83/><U20/><E20/><V91/><F18/><W21/><G104/><T61/><D96/><U17/><E17/><V121/><F11/><W106/><G106/><T53/><D7/><U111/><E111/><V51/><F91/><W99/><G99/><T55/><D126/><U92/><E92/><V16/><F16/><N who="3" m="10399" /><G22/><T0/><D101/><U13/><E13/><V12/><F12/><W57/><G109/><T72/><D0/><U24/><E24/><V14/><F14/><W45/><G81/><T134/><D134/><U86/><E86/><V93/><F87/><W8/><G84/><T30/><D72/><U33/><E33/><V34/><F34/><W79/><G8/><T19/><D74/><U105/><E105/><V113/><F93/><W112/><G27/><T4/><D75/><U76/><E76/><V77/><F77/><W89/><G79/><T95/><D3/><U125/><E125/><V80/><F80/><RYUUKYOKU ba="1,0" sc="272,0,123,0,169,0,436,0" owari="272,7.0,123,-38.0,169,-23.0,436,54.0" /></mjloggm>