<mjloggm ver="2.3"><GO type="169" lobby="0"/><UN n0="%28%E6%A0%97%E7%94%B0%E6%81%AD%E5%AE%8F%29" n1="%E7%9C%9F%E4%B8%80" n2="%6B%6F%74%61%6B%6F%74%61" n3="%E3%82%B7%E3%83%B3%E3%83%97%E3%83%AB%E3%81%AA%E3%83%AF%E3%82%AD%E3%82%AC" dan="16,16,16,17" rate="2169.07,2172.73,2094.00,2195.66" sx="F,M,M,M"/><TAIKYOKU oya="0"/><INIT seed="0,0,0,4,0,28" ten="250,250,250,250" oya="0" hai0="24,66,68,8,26,42,33,118,3,32,17,11,67" hai1="77,79,99,101,48,97,30,122,40,111,64,120,90" hai2="35,47,103,119,14,34,50,78,54,51,55,38,126" hai3="1,70,86,134,13,20,12,15,93,31,121,100,83"/><T81/><D118/><U4/><E111/><V53/><F126/><W104/><G1/><T10/><D42/><U46/><E64/><N who="0" m="24617" /><D3/><U108/><E108/><V73/><F119/><W45/><G70/><T23/><D68/><U117/><E117/><V107/><F38/><W91/><G134/><T115/><D81/><U89/><E4/><V98/><F73/><W82/><G121/><T65/><D65/><U135/><E30/><V116/><F116/><W39/><G104/><T6/><D6/><U37/><E37/><V16/><F78/><W127/><G127/><T102/><D23/><U92/><E135/><V133/><F133/><W130/><G130/><T18/><D102/><U124/><E124/><V21/><F55/><W74/><G74/><T106/><D106/><U110/><E110/><V85/><F85/><W76/><G100/><T36/><D36/><U123/><REACH who="1" step="1"/><E89/><REACH who="1" ten="250,240,250,250" step="2"/><V5/><REACH who="2" step="1"/><F5/><REACH who="2" ten="250,240,240,250" step="2"/><W109/><G109/><T49/><D115/><U129/><E129/><V19/><F19/><N who="0" m="7178" /><D49/><U59/><E59/><AGARI ba="0,2" hai="14,16,21,34,35,47,50,51,53,54,59,98,103,107" machi="59" ten="30,12000,2" yaku="1,1,7,1,52,2,54,1,53,1" doraHai="28" doraHaiUra="95" who="2" fromWho="1" sc="250,0,240,-120,240,140,250,0" /><INIT seed="1,0,0,4,0,0" ten="250,120,380,250" oya="1" hai0="70,47,60,88,1,34,115,12,7,109,126,73,24" hai1="3,68,116,97,80,32,14,83,82,49,89,40,55" hai2="128,103,65,69,9,71,106,113,20,28,120,10,42" hai3="134,19,78,64,62,35,54,85,57,130,38,67,41"/><U18/><BYE who="3" /><E116/><UN n3="%E3%82%B7%E3%83%B3%E3%83%97%E3%83%AB%E3%81%AA%E3%83%AF%E3%82%AD%E3%82%AC" /><V29/><F120/><W132/><G35/><T94/><D115/><U108/><E68/><V46/><F113/><W5/><G19/><T15/><D73/><U21/><E32/><V76/><F76/><W95/><G78/><T114/><D114/><U104/><E3/><V90/><F103/><W133/><G85/><T117/><D117/><U121/><E121/><V72/><F106/><W86/><G86/><T43/><D109/><U135/><E135/><V51/><F128/><W16/><G95/><T125/><D70/><U53/><E108/><V102/><F102/><W119/><G119/><T124/><D60/><U98/><E104/><V63/><F72/><W131/><G5/><T56/><D56/><U118/><E118/><V52/><F71/><W58/><G16/><T50/><D34/><U96/><REACH who="1" step="1"/><E89/><REACH who="1" ten="250,110,380,250" step="2"/><V84/><F90/><W81/><G131/><T99/><D24/><U101/><E101/><V13/><F69/><W107/><G130/><T105/><D105/><U37/><E37/><V33/><F33/><W66/><G107/><T122/><D122/><U36/><E36/><V129/><F129/><W61/><G81/><T74/><D74/><U123/><E123/><V92/><F92/><W48/><G38/><T31/><D31/><U8/><E8/><AGARI ba="0,1" hai="1,7,8,12,15,43,47,50,88,94,99,124,125,126" machi="8" ten="40,5200,0" yaku="18,1,52,1,54,1" doraHai="0" who="0" fromWho="1" sc="250,62,110,-52,380,0,250,0" /><INIT seed="2,0,0,4,0,11" ten="312,58,380,250" oya="2" hai0="16,32,87,97,46,89,96,75,20,88,122,43,45" hai1="100,42,36,0,105,94,12,93,47,1,107,73,99" hai2="37,30,95,48,116,109,128,118,56,91,21,6,103" hai3="130,18,104,127,86,3,57,51,10,5,92,31,81"/><V121/><F121/><W50/><G104/><T49/><D122/><U26/><E73/><V70/><F37/><W125/><G130/><T85/><D75/><U58/><E107/><V34/><F70/><W84/><G31/><T55/><D32/><U98/><E105/><V74/><F128/><W2/><G2/><T63/><D85/><U113/><E113/><V17/><F74/><W108/><G108/><T59/><D45/><U53/><E26/><V110/><F6/><W44/><G18/><T66/><D66/><U52/><E53/><N who="2" m="31783" /><F103/><W123/><G123/><T62/><D62/><U25/><E25/><N who="2" m="14511" /><F30/><W28/><G28/><T19/><D19/><U40/><E40/><V72/><F72/><W33/><G33/><T22/><D22/><U67/><E67/><V114/><F114/><W79/><G57/><T90/><D87/><U135/><E135/><V8/><F8/><W7/><G7/><T124/><D124/><N who="3" m="47689" /><G44/><T29/><D29/><U38/><E38/><V64/><F34/><W133/><G133/><T111/><D111/><N who="2" m="42506" /><F64/><W134/><G134/><T106/><D106/><U27/><E27/><AGARI ba="0,0" hai="16,20,27,43,46,49,55,59,63,88,89,90,96,97" machi="27" ten="40,5200,0" yaku="8,1,54,2" doraHai="11" who="0" fromWho="1" sc="312,52,58,-52,380,0,250,0" /><INIT seed="3,0,0,2,1,36" ten="364,6,380,250" oya="3" hai0="127,10,98,116,37,125,46,71,65,99,62,105,4" hai1="97,77,33,5,11,0,78,132,88,57,31,26,59" hai2="81,129,94,101,68,128,45,120,54,104,8,22,38" hai3="124,122,103,48,7,13,90,12,58,34,56,14,69"/><W3/><G122/><T84/><D116/><U23/><E132/><V89/><F68/><W117/><G117/><T80/><D105/><U91/><E33/><V87/><F120/><W19/><G69/><T112/><D112/><U39/><E39/><V115/><F115/><W70/><G70/><T49/><D37/><U25/><E25/><V16/><F8/><W109/><G34/><T50/><D50/><U2/><E2/><V43/><F54/><W53/><G124/><N who="0" m="47691" /><D10/><U126/><E126/><V107/><F81/><W44/><G3/><T82/><D4/><U75/><E75/><V29/><F29/><W64/><G7/><T9/><D9/><U102/><E59/><V113/><F113/><W18/><G109/><T30/><D30/><U35/><E35/><V72/><F72/><W111/><G111/><T66/><D66/><U61/><E78/><V131/><F101/><W123/><G123/><T85/><D80/><U114/><E77/><V79/><F79/><W92/><G103/><T1/><D1/><U51/><E51/><V121/><F121/><W52/><G64/><T83/><D83/><U20/><E20/><V93/><F93/><W96/><REACH who="3" step="1"/><G44/><REACH who="3" ten="364,6,380,240" step="2"/><T28/><D46/><U118/><E118/><V133/><F133/><W130/><G130/><T24/><D65/><N who="1" m="39087" /><E114/><V63/><F63/><AGARI ba="0,1" hai="12,13,14,18,19,48,52,53,56,58,63,90,92,96" machi="63" ten="40,7700,0" yaku="1,1,8,1,54,1,53,0" doraHai="36" doraHaiUra="67" who="3" fromWho="2" sc="364,0,6,0,380,-77,240,87" /><INIT seed="3,1,0,1,3,88" ten="364,6,303,327" oya="3" hai0="48,108,59,63,74,61,80,27,47,15,9,33,66" hai1="125,0,35,133,82,105,5,13,122,95,109,32,39" hai2="123,24,104,1,85,17,38,103,130,98,100,25,34" hai3="75,50,28,37,51,110,113,114,89,102,111,18,99"/><W77/><G37/><T129/><D108/><N who="3" m="41513" /><G28/><T68/><D129/><U57/><E57/><V131/><F123/><W132/><G132/><T8/><D33/><U3/><E82/><V107/><F38/><W69/><G69/><T93/><D27/><U10/><E39/><V43/><F1/><W70/><G70/><T56/><D68/><U62/><E62/><V31/><F85/><W84/><G77/><T41/><D74/><U81/><E81/><V55/><F55/><W6/><G6/><T120/><D120/><U45/><E45/><V124/><F124/><W44/><G18/><T7/><D80/><U2/><E105/><V83/><F83/><N who="3" m="49311" /><G75/><T64/><D9/><U117/><E109/><V30/><F17/><W115/><G44/><T118/><D118/><U112/><E112/><V72/><F72/><W91/><G91/><T97/><D97/><U49/><E49/><V73/><F73/><W116/><G116/><T135/><D135/><U128/><E133/><V101/><F101/><W40/><G40/><T42/><REACH who="0" step="1"/><D93/><AGARI ba="1,0" hai="50,51,93,99,102,113,114,115" m="49311,41513" machi="93" ten="40,7700,0" yaku="14,1,10,1,52,1" doraHai="88" who="3" fromWho="0" sc="364,-80,6,0,303,0,327,80" /><INIT seed="3,2,0,2,0,70" ten="284,6,303,407" oya="3" hai0="134,47,101,42,117,83,107,31,100,0,106,59,11" hai1="6,78,124,90,9,62,89,14,115,21,81,114,50" hai2="127,67,65,55,5,80,29,10,73,32,122,91,86" hai3="8,28,20,49,79,60,17,103,116,56,72,26,7"/><W12/><G116/><T16/><D117/><U3/><E124/><V133/><F133/><W88/><G103/><T22/><D134/><U84/><E115/><V57/><F122/><W35/><G72/><T61/><D107/><U69/><E114/><V93/><F127/><W51/><G79/><T102/><D106/><U15/><E3/><V121/><F121/><W68/><G68/><T53/><D31/><U66/><E50/><V74/><F32/><W41/><G41/><T119/><D119/><U76/><E76/><V44/><F29/><W36/><G36/><T135/><D135/><U45/><E45/><V109/><F109/><W94/><G35/><T52/><D83/><U37/><E37/><V33/><F33/><W111/><G7/><T126/><D126/><U18/><AGARI ba="2,0" hai="6,9,14,15,18,21,62,66,69,78,81,84,89,90" machi="18" ten="30,1100,0" yaku="0,1" doraHai="70" who="1" fromWho="1" sc="284,-5,6,17,303,-5,407,-7" /><INIT seed="4,0,0,5,5,63" ten="279,23,298,400" oya="0" hai0="62,106,21,54,41,132,37,58,103,135,42,85,129" hai1="134,8,60,128,71,74,5,87,102,19,104,27,93" hai2="23,61,114,111,22,130,35,10,126,49,39,2,81" hai3="34,40,79,122,46,133,123,24,51,113,100,30,110"/><T95/><D129/><U112/><E74/><V73/><F111/><W14/><G110/><T69/><D106/><U36/><E36/><V91/><F35/><W121/><G113/><T68/><D21/><U6/><E112/><V67/><F126/><W86/><G133/><N who="0" m="51275" /><D103/><U83/><E128/><V98/><F130/><W82/><G100/><T17/><D17/><U45/><E104/><V78/><F49/><W77/><REACH who="3" step="1"/><G14/><REACH who="3" ten="279,23,298,390" step="2"/><T116/><D116/><U12/><E134/><V107/><F114/><W127/><G127/><T25/><D25/><U32/><E45/><V38/><F2/><W33/><G33/><T1/><D1/><U115/><E115/><V43/><F107/><W119/><G119/><T11/><D11/><U15/><E102/><V66/><F10/><W118/><G118/><T56/><D95/><U26/><E93/><V13/><F13/><W47/><G47/><N who="0" m="23983" /><D85/><U31/><E27/><V7/><F23/><W28/><G28/><T96/><D96/><U109/><E109/><V57/><F22/><W131/><G131/><T64/><D42/><U55/><E15/><V70/><F43/><W125/><G125/><T59/><D68/><U18/><E18/><V50/><F70/><W92/><G92/><T16/><D16/><U108/><E108/><V76/><F98/><W99/><G99/><T44/><D44/><U9/><E9/><V0/><F0/><W84/><G84/><T29/><D29/><U105/><E105/><V65/><F73/><W48/><G48/><AGARI ba="0,1" hai="48,54,56,58,59,62,64,69" m="23983,51275" machi="48" ten="30,12000,1" yaku="24,1,20,1,34,2,52,1" doraHai="63" who="0" fromWho="3" sc="279,130,23,0,298,0,390,-120" /><INIT seed="4,1,0,3,2,6" ten="409,23,298,270" oya="0" hai0="38,13,83,111,104,69,66,40,50,24,75,51,54" hai1="65,126,11,45,127,15,33,8,97,0,7,20,16" hai2="37,61,88,29,23,42,79,48,98,74,4,39,73" hai3="19,35,117,22,113,105,60,28,96,109,122,116,57"/><T134/><D104/><U67/><E97/><V90/><F61/><W124/><G109/><T92/><D134/><U106/><E106/><V64/><F64/><W94/><G105/><T132/><D132/><U84/><E33/><V9/><F48/><W52/><G113/><T46/><D111/><U30/><E30/><V110/><F110/><W125/><G28/><T63/><D24/><U133/><E133/><V59/><F59/><W93/><G35/><T14/><D50/><U56/><E20/><V87/><F98/><W27/><G93/><T26/><D26/><U119/><E119/><V123/><F123/><W81/><G81/><T36/><D36/><U78/><E45/><V44/><F37/><W80/><G80/><T1/><D1/><U41/><E41/><V129/><F129/><W31/><G31/><T76/><REACH who="0" step="1"/><D92/><REACH who="0" ten="399,23,298,270" step="2"/><U82/><REACH who="1" step="1"/><E56/><AGARI ba="1,1" hai="13,14,38,40,46,51,54,56,63,66,69,75,76,83" machi="56" ten="30,12000,1" yaku="1,1,2,1,7,1,24,2,53,0" doraHai="6" doraHaiUra="3" who="0" fromWho="1" sc="399,133,23,-123,298,0,270,0" owari="532,63.0,-100,-60.0,298,10.0,270,-13.0" /></mjloggm>