<mjloggm ver="2.3"><GO type="169" lobby="0"/><UN n0="%E6%88%91%E5%8F%AF%E4%BB%A5" n1="%E3%81%88%E3%81%99%E3%81%9F%E3%81%BE%E3%82%8B" n2="%E3%81%86%E3%82%8C%E3%81%9F%E3%82%93%E6%9E%95" n3="%E7%94%9F%E5%BE%92%E4%BC%9A%E3%80%90%E5%BA%8F%E3%80%91" dan="17,17,16,16" rate="2155.71,2253.88,2103.29,2141.25" sx="M,M,F,M"/><TAIKYOKU oya="0"/><INIT seed="0,0,0,5,0,25" ten="250,250,250,250" oya="0" hai0="71,44,27,99,133,93,18,45,102,23,11,39,8" hai1="119,104,118,129,14,24,126,83,79,53,58,134,66" hai2="86,31,67,120,64,88,132,42,135,81,37,121,19" hai3="10,75,56,62,98,69,41,32,124,115,91,94,17"/><T103/><D133/><N who="2" m="51274" /><F37/><W9/><G124/><T70/><D102/><U52/><E134/><V2/><F42/><W95/><G75/><T101/><D101/><U21/><E104/><V112/><F112/><W26/><G69/><T110/><D110/><U13/><E126/><V106/><F106/><W77/><G77/><T47/><REACH who="0" step="1"/><D39/><REACH who="0" ten="240,250,250,250" step="2"/><U33/><E119/><V109/><F109/><W97/><G115/><T92/><D92/><U127/><E118/><V76/><F120/><W49/><G95/><T1/><D1/><U111/><E111/><V89/><F2/><W34/><G97/><T61/><D61/><U82/><E127/><V29/><F121/><W113/><G113/><T35/><D35/><U30/><E33/><V100/><F100/><W131/><G32/><T74/><D74/><U5/><E83/><V22/><F89/><W68/><G34/><T16/><D16/><U130/><E82/><N who="2" m="49239" /><F19/><W72/><G72/><T51/><D51/><U105/><E105/><V108/><F108/><W15/><G91/><T85/><D85/><U63/><E79/><V0/><F0/><W28/><G94/><T90/><D90/><U114/><E114/><V80/><F80/><W36/><G98/><T84/><D84/><U73/><E73/><N who="2" m="43151" /><F29/><W48/><G28/><T87/><D87/><U60/><E30/><V12/><F31/><W117/><G36/><T116/><D116/><U55/><E63/><V78/><F78/><W128/><G117/><T123/><D123/><U57/><E60/><V50/><F50/><W6/><G49/><T38/><D38/><U3/><E3/><RYUUKYOKU ba="0,1" sc="240,15,250,-15,250,15,250,-15" hai0="8,11,18,23,27,44,45,47,70,71,93,99,103" hai2="12,22,64,67" /><INIT seed="0,1,1,1,5,127" ten="255,235,265,235" oya="0" hai0="8,107,128,39,51,34,16,81,40,72,18,33,99" hai1="50,4,37,129,92,0,21,32,1,5,43,54,84" hai2="82,25,62,102,126,2,132,87,90,59,118,101,15" hai3="110,117,85,7,53,58,71,105,108,12,24,97,19"/><T55/><D39/><U98/><E32/><V69/><F126/><W49/><G71/><T103/><D40/><U95/><E37/><V26/><F132/><W91/><G117/><T120/><D120/><U111/><E43/><V11/><F118/><W30/><G7/><T35/><D128/><U104/><E104/><V9/><F2/><W112/><G112/><T93/><D107/><U79/><E111/><V60/><F69/><W130/><G130/><T134/><D134/><U75/><E75/><V67/><F62/><W44/><G105/><T61/><D61/><U46/><E129/><V20/><F25/><W88/><G97/><T45/><REACH who="0" step="1"/><D8/><REACH who="0" ten="245,235,265,235" step="2"/><U38/><E38/><V64/><F9/><W17/><G110/><T28/><D28/><U96/><E50/><V123/><F123/><W66/><G30/><T36/><D36/><U124/><E124/><V109/><F109/><W89/><G108/><T10/><D10/><U100/><E100/><V70/><F70/><W63/><G24/><T68/><D68/><U119/><E119/><V133/><F133/><W74/><G74/><T57/><D57/><U52/><E46/><V106/><F106/><W29/><G29/><T41/><D41/><U131/><E131/><V47/><F101/><W94/><G19/><T23/><D23/><AGARI ba="1,2" hai="12,17,23,44,49,53,58,63,66,85,88,89,91,94" machi="23" ten="30,3900,0" yaku="7,1,8,1,54,1" doraHai="127" who="3" fromWho="0" sc="245,-42,235,0,265,0,235,62" /><INIT seed="1,0,0,0,0,39" ten="203,235,265,297" oya="1" hai0="111,34,3,1,5,41,67,15,23,16,114,127,130" hai1="131,17,24,104,29,88,60,78,91,56,81,49,71" hai2="126,118,2,14,25,48,74,116,92,89,58,95,4" hai3="35,27,38,98,107,122,62,42,100,43,99,85,59"/><U82/><E131/><V90/><F126/><W97/><G122/><T75/><D75/><U30/><E104/><V101/><F74/><W50/><G38/><T124/><D130/><U20/><E71/><V79/><F2/><N who="0" m="522" /><D67/><U18/><E49/><V66/><F79/><W105/><G105/><T120/><D114/><U8/><E18/><V33/><F33/><W112/><G112/><T46/><D120/><U61/><E61/><V125/><F101/><W110/><G110/><T31/><D111/><U57/><E56/><V32/><F32/><W7/><G7/><T93/><D93/><U51/><E51/><V133/><F4/><W6/><G6/><T11/><D41/><U65/><E82/><V63/><F48/><W12/><G12/><N who="0" m="9607" /><D46/><U80/><E81/><V40/><F92/><W68/><G85/><T22/><D34/><U108/><E108/><V69/><F95/><W52/><G99/><T73/><D73/><U77/><E77/><V26/><F69/><W123/><G98/><T10/><D10/><U28/><REACH who="1" step="1"/><E8/><REACH who="1" ten="203,225,265,297" step="2"/><V134/><F58/><W135/><G68/><T45/><D45/><U117/><E117/><V121/><F63/><W72/><G62/><T96/><D124/><U113/><E113/><V106/><F125/><W87/><G107/><T83/><D83/><U128/><E128/><V119/><F106/><W54/><G50/><T53/><D127/><U9/><E9/><V0/><F116/><W44/><G59/><T36/><D36/><U70/><E70/><V129/><F118/><W47/><G47/><T115/><D115/><U109/><E109/><RYUUKYOKU ba="0,1" sc="203,-10,225,30,265,-10,297,-10" hai1="17,20,24,28,29,30,57,60,65,78,80,88,91" /><INIT seed="1,1,1,4,3,100" ten="193,255,255,287" oya="1" hai0="84,9,76,101,113,130,6,53,23,60,70,92,121" hai1="13,124,37,94,90,39,43,4,72,56,125,132,19" hai2="2,112,104,116,111,96,50,73,29,16,135,126,44" hai3="5,75,80,10,33,82,88,110,48,61,108,21,115"/><U93/><E72/><V85/><F116/><W45/><G115/><T15/><D113/><U34/><E34/><V134/><F112/><W83/><G33/><T66/><D130/><U49/><E4/><V65/><F73/><W77/><G61/><T11/><D121/><U69/><E69/><V109/><F2/><W103/><G103/><T35/><D35/><U99/><E132/><N who="2" m="50731" /><F29/><W25/><G88/><T52/><D23/><U78/><E78/><V107/><F65/><W71/><G71/><T42/><D42/><U106/><E106/><N who="2" m="40491" /><F96/><W81/><G110/><N who="2" m="41993" /><F85/><W102/><G108/><T128/><D128/><U98/><E98/><V119/><F119/><W12/><G102/><T120/><D101/><U87/><E87/><V118/><F118/><W79/><G75/><T41/><D120/><U63/><E99/><V51/><F126/><W129/><N who="3" m="20480" /><DORA hai="17" /><W54/><G129/><T55/><D76/><U62/><E125/><V117/><F117/><W68/><G68/><T97/><D84/><U127/><E127/><V8/><F44/><W32/><G32/><T105/><D105/><U0/><E0/><V3/><F3/><W46/><G46/><T58/><D70/><U20/><E124/><V38/><F38/><W26/><G79/><T67/><D67/><U18/><E39/><V95/><F95/><W1/><G77/><T24/><D92/><U91/><E37/><V47/><F47/><W31/><G1/><T133/><D133/><U22/><E94/><V89/><F89/><W59/><G45/><T131/><D97/><U64/><E93/><V86/><F86/><RYUUKYOKU ba="1,1" sc="193,-15,255,-15,255,15,287,15" hai2="8,16,50,51" hai3="5,10,12,21,25,26,31,48,54,59" /><INIT seed="2,2,1,4,0,44" ten="178,240,270,302" oya="2" hai0="37,62,40,85,90,121,77,129,106,21,4,3,61" hai1="72,101,117,104,31,115,23,79,53,60,83,17,128" hai2="98,59,51,18,120,52,91,13,102,87,64,86,32" hai3="70,58,114,15,89,27,39,110,66,65,99,48,76"/><V100/><F120/><W95/><G39/><T94/><D121/><U11/><E115/><V54/><F32/><W49/><G110/><T112/><D112/><U30/><E117/><V103/><F64/><W105/><G105/><T116/><D106/><U9/><E128/><V0/><F0/><W42/><G70/><T67/><D129/><U126/><E126/><V107/><F54/><W14/><G76/><T35/><D35/><U82/><E82/><V69/><F69/><W96/><G27/><T113/><D116/><U71/><E101/><V22/><REACH who="2" step="1"/><F86/><REACH who="2" ten="178,240,260,302" step="2"/><W7/><G114/><T38/><D67/><U97/><E71/><V34/><F34/><W134/><G66/><T57/><D3/><U46/><E53/><V6/><F6/><W8/><G65/><T75/><D4/><U127/><E72/><V124/><F124/><W81/><G7/><T130/><D113/><U36/><E127/><V119/><F119/><W47/><G42/><T133/><D130/><U1/><E1/><V88/><F88/><W109/><G89/><T84/><D84/><U28/><E79/><V19/><F19/><W12/><G109/><T80/><D40/><U20/><E17/><V16/><F16/><W29/><G29/><T33/><D33/><U135/><E30/><V50/><F50/><W5/><G49/><T74/><D74/><U2/><E31/><V55/><F55/><W111/><G48/><T45/><D75/><U26/><E28/><V123/><F123/><W93/><G111/><T108/><D108/><U63/><E2/><V73/><F73/><W25/><G5/><RYUUKYOKU ba="2,2" sc="178,-10,240,-10,260,30,302,-10" hai2="13,18,22,51,52,59,87,91,98,100,102,103,107" /><INIT seed="2,3,2,2,2,19" ten="168,230,290,292" oya="2" hai0="36,134,72,33,86,28,27,100,39,31,62,75,82" hai1="46,133,34,104,120,99,83,11,117,96,95,7,54" hai2="126,127,63,80,49,92,44,84,5,42,98,90,40" hai3="14,37,122,107,102,77,20,78,53,55,68,123,2"/><V64/><F5/><W81/><G2/><T0/><D0/><U74/><E117/><V4/><F4/><W67/><G37/><T121/><D121/><U128/><E128/><V26/><F26/><W124/><G68/><T10/><D10/><U109/><E109/><V114/><F114/><W110/><G67/><T21/><D134/><U131/><E131/><V56/><REACH who="2" step="1"/><F40/><REACH who="2" ten="168,230,280,292" step="2"/><W25/><G123/><T13/><D27/><U105/><E7/><V115/><F115/><W8/><G25/><T79/><D33/><U9/><E34/><V32/><F32/><W113/><G122/><T45/><D31/><U60/><E120/><V51/><F51/><W89/><G113/><T58/><D28/><U43/><E43/><V24/><F24/><W103/><G14/><T66/><D39/><U57/><E133/><V23/><F23/><W91/><G20/><T38/><D38/><U35/><E35/><V118/><F118/><W97/><G8/><T6/><D6/><U116/><E116/><V47/><F47/><W12/><G12/><T108/><D36/><U76/><E46/><V22/><F22/><W48/><G48/><T93/><D45/><U135/><E135/><V16/><F16/><W129/><G129/><T111/><D21/><U88/><REACH who="1" step="1"/><E105/><REACH who="1" ten="168,220,280,292" step="2"/><V65/><F65/><W87/><G107/><T71/><D108/><U41/><E41/><V69/><F69/><W101/><G110/><T130/><D111/><U15/><E15/><V50/><F50/><W73/><G55/><T30/><D130/><U61/><E61/><V85/><F85/><W125/><G87/><RYUUKYOKU ba="3,4" sc="168,-15,220,15,280,15,292,-15" hai1="9,11,54,57,60,74,76,83,88,95,96,99,104" hai2="42,44,49,56,63,64,80,84,90,92,98,126,127" /><INIT seed="2,4,4,0,5,88" ten="153,235,295,277" oya="2" hai0="41,40,83,53,11,10,25,103,30,44,123,130,70" hai1="118,72,112,74,35,48,18,49,5,120,134,24,37" hai2="121,57,31,90,78,19,80,61,64,131,2,65,20" hai3="129,135,46,42,26,38,124,58,94,21,102,97,128"/><V87/><F121/><W9/><G135/><T55/><D123/><U93/><E120/><V96/><F2/><W1/><G124/><T6/><D70/><U73/><E112/><V22/><F131/><N who="3" m="50251" /><G58/><T67/><D67/><U84/><E118/><V69/><F31/><N who="3" m="17871" /><G9/><T79/><D130/><U43/><E134/><V108/><F108/><W27/><G27/><T98/><D11/><U60/><E37/><V101/><F69/><W39/><G1/><T132/><D132/><U122/><E122/><V47/><F47/><W4/><G4/><T63/><D63/><U23/><E5/><V109/><F65/><W13/><G13/><T28/><D25/><U8/><E8/><V100/><F109/><W52/><G52/><T76/><D10/><U110/><E110/><V75/><F19/><W117/><G117/><T14/><D14/><U45/><E35/><V0/><F0/><W89/><G102/><T133/><D6/><U104/><E60/><V119/><F101/><W91/><G91/><T106/><D133/><U71/><E71/><V34/><F34/><W33/><G33/><T36/><D41/><U86/><E104/><N who="2" m="63495" /><F119/><W105/><G38/><T62/><D62/><U3/><E3/><V92/><AGARI ba="4,4" hai="20,22,57,61,64,75,78,80,87,90,92" m="63495" machi="92" ten="30,3000,0" yaku="24,1,52,1" doraHai="88" who="2" fromWho="2" sc="153,-14,235,-14,295,82,277,-14" /><INIT seed="2,5,0,2,1,128" ten="139,221,377,263" oya="2" hai0="126,135,127,132,133,44,28,27,124,63,97,6,73" hai1="110,79,65,99,86,8,21,49,64,42,129,40,25" hai2="53,108,1,34,4,35,47,131,123,106,88,98,82" hai3="74,111,39,77,80,7,69,93,48,120,61,112,83"/><V50/><F131/><W104/><G39/><T113/><D73/><U70/><E129/><V85/><F123/><W66/><G120/><T125/><N who="0" m="31744" /><DORA hai="9" /><T96/><D113/><U59/><E70/><V12/><F1/><W18/><G104/><T57/><D44/><N who="1" m="25735" /><E110/><V43/><F108/><W0/><G7/><T84/><D84/><U102/><E42/><V45/><F4/><W107/><G107/><T67/><REACH who="0" step="1"/><D6/><REACH who="0" ten="129,221,377,263" step="2"/><U54/><E86/><V29/><F85/><N who="3" m="48271" /><G112/><T90/><D90/><U56/><E79/><V76/><F88/><W30/><G74/><T117/><D117/><U118/><E118/><V52/><F76/><W122/><G111/><T130/><D130/><U19/><E102/><V103/><F45/><W51/><G122/><T78/><D78/><U116/><E116/><V94/><F103/><W31/><G0/><T11/><D11/><U105/><E99/><V91/><F98/><W38/><G38/><T95/><D95/><U81/><E105/><V60/><F106/><W101/><G101/><T10/><D10/><U68/><E81/><V75/><F82/><W115/><G93/><T33/><AGARI ba="5,1" hai="27,28,33,57,63,67,96,97,132,133,135" m="31744" machi="33" ten="70,16000,3" yaku="1,1,0,1,20,1,18,1,52,3,53,2" doraHai="128,9" doraHaiUra="22,26" who="0" fromWho="0" sc="129,185,221,-45,377,-85,263,-45" /><INIT seed="3,0,0,1,4,60" ten="314,176,292,218" oya="3" hai0="113,20,56,55,71,76,94,27,3,107,110,35,1" hai1="43,108,58,36,59,9,104,112,111,121,5,65,41" hai2="52,80,54,40,19,89,29,128,22,28,67,12,45" hai3="34,83,120,102,18,23,30,11,116,73,129,101,8"/><W95/><G120/><T106/><D110/><N who="1" m="42027" /><E104/><V92/><F128/><W25/><G116/><T4/><D35/><U68/><E121/><V78/><F67/><W126/><G129/><T123/><D71/><U61/><E112/><V37/><F28/><W86/><G126/><T131/><D131/><U63/><E36/><V105/><F29/><W74/><G74/><T10/><D1/><U14/><E68/><V17/><F105/><W48/><G73/><T31/><D113/><U100/><E100/><V82/><F19/><W85/><G48/><T15/><D123/><U114/><E114/><V134/><F134/><W133/><G133/><T42/><D3/><U69/><E69/><V132/><F132/><W93/><G101/><T62/><D76/><U97/><E97/><V72/><REACH who="2" step="1"/><F82/><REACH who="2" ten="314,176,282,218" step="2"/><W90/><G34/><T115/><D115/><U16/><E5/><V24/><F24/><W91/><G30/><T127/><D107/><U32/><E32/><V26/><F26/><W51/><G95/><T125/><D106/><U44/><E44/><V79/><F79/><W66/><G83/><T87/><D94/><U124/><E124/><V99/><AGARI ba="0,1" hai="12,17,22,37,40,45,52,54,72,78,80,89,92,99" machi="99" ten="20,8000,1" yaku="1,1,0,1,7,1,54,1,53,1" doraHai="60" doraHaiUra="39" who="2" fromWho="2" sc="314,-20,176,-20,282,90,218,-40" /><INIT seed="4,0,0,4,2,128" ten="294,156,372,178" oya="0" hai0="125,26,110,85,28,66,58,131,1,51,38,101,127" hai1="100,25,102,74,95,118,120,133,109,40,135,50,41" hai2="33,70,59,130,43,114,11,93,90,68,96,4,91" hai3="82,107,73,3,81,17,57,14,99,39,134,60,34"/><T94/><D38/><U10/><E109/><V86/><F114/><W117/><G117/><T9/><D131/><U61/><E118/><V92/><F130/><W103/><G39/><T62/><D110/><U53/><E120/><V78/><F33/><W105/><G105/><T132/><D51/><U21/><E74/><V16/><F43/><W23/><G34/><T30/><D30/><U84/><E10/><V65/><F78/><W116/><G116/><T97/><D85/><U5/><E5/><V55/><F65/><W54/><G3/><T123/><D123/><U122/><E61/><V106/><F106/><W72/><G81/><T108/><D108/><U44/><E122/><V52/><F55/><W20/><G82/><T119/><D119/><U19/><E84/><V80/><F80/><W45/><G45/><T15/><D1/><U12/><E25/><V32/><F32/><W2/><G2/><T104/><D104/><U24/><E24/><V36/><F36/><W88/><G88/><T56/><D56/><U7/><E7/><V37/><F37/><W69/><G69/><T18/><D125/><U8/><E8/><V71/><F4/><W112/><G112/><T129/><D127/><U22/><E21/><V89/><F90/><W31/><G134/><N who="1" m="51210" /><E102/><V46/><F11/><W49/><G60/><T63/><D63/><U47/><E44/><V121/><F46/><W29/><G23/><N who="0" m="15455" /><D132/><U83/><E83/><V0/><F121/><W67/><G67/><T76/><D129/><U35/><E35/><V75/><F75/><W124/><G124/><T79/><AGARI ba="0,0" hai="9,15,18,58,62,66,76,79,94,97,101" m="15455" machi="79" ten="30,6000,0" yaku="5,1,25,1,8,1" doraHai="128" who="0" fromWho="0" sc="294,60,156,-20,372,-20,178,-20" /><INIT seed="4,1,0,4,2,88" ten="354,136,352,158" oya="0" hai0="81,1,95,114,86,49,43,110,40,12,108,83,84" hai1="67,68,135,8,13,80,131,66,89,19,46,65,56" hai2="119,126,42,47,79,115,61,17,90,62,112,4,5" hai3="52,16,58,120,44,39,54,105,109,75,18,127,97"/><T37/><D1/><U35/><E135/><V113/><F119/><W74/><G109/><T107/><D107/><U57/><E131/><V14/><F126/><W94/><G127/><T93/><D49/><U77/><E68/><V51/><F79/><W45/><G105/><T21/><D114/><U76/><E35/><V25/><F90/><W92/><G39/><T41/><D37/><U87/><E46/><N who="3" m="18026" /><G75/><T100/><D100/><U15/><E77/><V134/><F134/><W34/><G34/><T102/><D102/><U123/><E123/><V117/><F117/><W69/><G69/><T129/><D129/><U71/><E71/><V70/><F25/><W63/><G74/><T132/><D132/><U78/><E78/><V106/><F106/><W32/><G32/><T3/><D3/><U7/><REACH who="1" step="1"/><E76/><REACH who="1" ten="354,126,352,158" step="2"/><V59/><F70/><W22/><G120/><T53/><D108/><U0/><E0/><V20/><F113/><W121/><G121/><T111/><D111/><U2/><E2/><V38/><F115/><W124/><G124/><T6/><D110/><U101/><E101/><V103/><F103/><N who="3" m="60839" /><G94/><T130/><D130/><U48/><E48/><N who="2" m="26743" /><F112/><W24/><G54/><T10/><D53/><U55/><E55/><N who="2" m="32255" /><F38/><W23/><G23/><AGARI ba="1,1" hai="7,8,13,15,19,23,56,57,65,66,67,80,87,89" machi="23" ten="40,2600,0" yaku="1,1,8,1,53,0" doraHai="88" doraHaiUra="30" who="1" fromWho="3" sc="354,0,126,39,352,0,158,-29" /><INIT seed="5,0,0,2,1,59" ten="354,165,352,129" oya="1" hai0="14,13,52,85,118,80,53,1,69,51,8,102,91" hai1="68,74,15,101,77,19,71,70,29,26,124,92,16" hai2="111,22,37,99,119,56,50,7,5,6,81,125,58" hai3="122,57,112,63,67,95,106,120,48,47,49,114,39"/><U83/><E124/><V97/><F111/><W40/><G106/><T21/><D118/><U126/><E126/><V90/><F119/><W135/><G95/><T104/><D69/><U46/><E46/><V54/><F37/><W128/><G128/><T31/><D1/><U42/><E42/><V25/><F125/><W73/><G73/><T115/><D115/><N who="3" m="44073" /><G135/><T96/><D51/><AGARI ba="0,0" hai="39,40,47,48,49,51,57,63,67,120,122" m="44073" machi="51" ten="30,7700,0" yaku="15,1,34,2,52,1" doraHai="59" who="3" fromWho="0" sc="354,-77,165,0,352,0,129,77" /><INIT seed="6,0,0,2,0,126" ten="277,165,352,206" oya="2" hai0="22,51,62,30,116,32,29,87,1,104,2,65,38" hai1="99,41,91,132,83,50,123,4,124,47,74,134,107" hai2="125,58,68,135,98,122,73,88,54,108,92,76,85" hai3="7,35,18,17,44,127,84,95,71,129,128,86,79"/><V25/><F135/><W10/><G71/><T12/><D38/><U23/><E124/><V93/><F125/><W80/><G35/><T21/><D104/><U63/><E123/><V109/><F122/><W115/><G127/><T105/><D105/><U46/><E107/><V75/><F68/><W13/><G115/><T67/><D51/><U114/><E114/><V36/><F36/><W60/><G60/><T130/><D87/><U42/><E74/><V33/><F25/><W133/><G133/><T121/><D62/><U77/><E77/><V55/><F33/><W8/><G44/><T39/><D39/><U72/><E72/><V61/><F54/><W19/><G10/><T40/><D32/><U70/><E4/><V24/><F24/><W0/><G0/><T100/><D12/><U6/><E6/><V82/><F75/><W112/><G112/><T113/><D113/><U11/><E11/><V52/><REACH who="2" step="1"/><F55/><REACH who="2" ten="277,165,342,206" step="2"/><W81/><REACH who="3" step="1"/><G95/><REACH who="3" ten="277,165,342,196" step="2"/><T111/><D121/><U78/><E134/><V15/><F15/><W117/><G117/><T89/><D2/><U45/><E132/><V103/><AGARI ba="0,2" hai="52,58,61,73,76,82,85,88,92,93,98,103,108,109" machi="103" ten="30,18000,2" yaku="1,1,0,1,54,2,53,2" doraHai="126" doraHaiUra="90" who="2" fromWho="2" sc="277,-60,165,-60,342,200,196,-60" /><INIT seed="6,1,0,5,3,42" ten="217,105,542,136" oya="2" hai0="95,15,66,80,6,129,82,84,40,61,112,31,17" hai1="28,90,99,4,101,47,29,72,44,134,25,111,93" hai2="74,131,20,19,5,49,126,55,87,10,83,13,23" hai3="56,69,125,133,9,78,48,11,3,12,86,85,41"/><V81/><F131/><W79/><G69/><T116/><D129/><U117/><E117/><V92/><F126/><W75/><G75/><T119/><D112/><U63/><E111/><V96/><F74/><W21/><G133/><T34/><D6/><U110/><E110/><V7/><F7/><W130/><G3/><T71/><D40/><U14/><E72/><V97/><F97/><W39/><G39/><T107/><D107/><U59/><E134/><V64/><F64/><W123/><G123/><T76/><D95/><U127/><E127/><V65/><F65/><W103/><G103/><T53/><D80/><U89/><E4/><V124/><F124/><W2/><G2/><T46/><D31/><N who="1" m="11851" /><E14/><N who="2" m="5455" /><F20/><W30/><G21/><T26/><D34/><U105/><E25/><V43/><F43/><W121/><G41/><T62/><D26/><U35/><E35/><V70/><F87/><N who="3" m="33291" /><G121/><T18/><D116/><U0/><E0/><V1/><F70/><W88/><G130/><T32/><D32/><U8/><E8/><N who="3" m="3146" /><G125/><T98/><D71/><U128/><E128/><V16/><F1/><W100/><G30/><T38/><D119/><U102/><E105/><V115/><F115/><W27/><G27/><T109/><D109/><U122/><E122/><V45/><F19/><W91/><G12/><T51/><D15/><U36/><E36/><V52/><F83/><W108/><G108/><T60/><D38/><U113/><E113/><V50/><F81/><W120/><G120/><T33/><D33/><U68/><E68/><V132/><F13/><W58/><G79/><T24/><D76/><RYUUKYOKU ba="1,0" sc="217,0,105,0,542,0,136,0" /><INIT seed="7,2,0,0,4,94" ten="217,105,542,136" oya="3" hai0="121,30,116,89,45,74,101,49,15,13,9,134,104" hai1="118,83,78,127,10,43,7,35,64,62,61,93,133" hai2="21,14,81,126,28,129,128,119,69,103,84,100,1" hai3="31,113,105,87,107,125,57,86,34,27,63,5,42"/><W29/><G42/><T75/><D116/><U47/><E133/><V79/><F69/><W38/><G38/><T90/><D15/><U106/><E127/><V8/><F1/><W99/><G5/><T2/><D2/><U123/><E106/><V36/><F36/><W80/><G125/><T17/><D121/><U58/><E123/><V18/><F119/><W130/><G29/><T20/><D75/><U56/><E35/><V22/><F126/><W40/><G40/><T59/><D74/><U55/><E118/><V12/><F28/><W91/><G113/><T72/><D72/><U32/><E32/><V53/><F53/><W102/><G87/><T124/><D134/><U66/><E55/><V88/><F22/><W44/><G44/><T26/><D59/><U132/><E132/><V37/><F37/><W95/><REACH who="3" step="1"/><G130/><REACH who="3" ten="217,105,542,126" step="2"/><N who="2" m="50281" /><F79/><W98/><G98/><T16/><D30/><U60/><E43/><V71/><F71/><W51/><G51/><T46/><D45/><U3/><E47/><V11/><F11/><W39/><G39/><T76/><D76/><U65/><REACH who="1" step="1"/><E93/><REACH who="1" ten="217,95,542,126" step="2"/><V115/><F115/><W120/><G120/><T135/><D124/><U0/><E0/><V33/><F33/><W23/><G23/><T54/><D135/><U6/><E6/><AGARI ba="2,2" hai="6,8,12,14,18,21,81,84,88,100,103" m="50281" machi="6" ten="30,2000,0" yaku="19,1,54,1" doraHai="94" who="2" fromWho="1" sc="217,0,95,-26,542,46,126,0" owari="217,2.0,69,-43.0,588,68.0,126,-27.0" /></mjloggm>