<mjloggm ver="2.3"><GO type="225" lobby="0"/><UN n0="%E6%80%AA%E3%81%97%E3%81%99%E3%81%8E%E3%82%8B%E3%83%81%E3%83%BC" n1="%70%68%65%6E%6F%6D%65" n2="%50%6F%6F%48%65%3F" n3="%E3%82%B8%E3%83%A3%E3%83%9E%E3%83%BC%E3%83%AB%E3%83%9E%E3%83%AC%E3%83%BC" dan="16,17,16,17" rate="2098.85,2202.20,2141.57,2187.95" sx="M,M,F,M"/><TAIKYOKU oya="0"/><INIT seed="0,0,0,1,1,133" ten="250,250,250,250" oya="0" hai0="131,39,29,0,70,42,95,99,77,92,33,84,61" hai1="14,126,81,6,21,128,49,51,125,57,60,25,22" hai2="54,117,76,43,79,127,1,69,44,31,56,101,34" hai3="41,72,26,113,17,106,123,71,45,12,74,63,30"/><T85/><D131/><U24/><E128/><V37/><F117/><W78/><G113/><T11/><D39/><U110/><E81/><V46/><F1/><W28/><G106/><T120/><D120/><U124/><E110/><V68/><F101/><W134/><G134/><T73/><D42/><U97/><E97/><V64/><F46/><W88/><G78/><T10/><D73/><U114/><E114/><V129/><F129/><W15/><G15/><T20/><D33/><U80/><E80/><V107/><F107/><W16/><G17/><T100/><D0/><U2/><E2/><V32/><F69/><W27/><G63/><T67/><D77/><N who="2" m="29770" /><F31/><N who="3" m="11819" /><G71/><T50/><D50/><N who="1" m="18955" /><E6/><V5/><F5/><W82/><G74/><T55/><D55/><N who="1" m="33855" /><E14/><V7/><F7/><W111/><G111/><T13/><D13/><U121/><E121/><V3/><F3/><W118/><G118/><T93/><D99/><U8/><E8/><V135/><F135/><W102/><G102/><T116/><D100/><U105/><E105/><V53/><F32/><W103/><G103/><T47/><D116/><U90/><E90/><V35/><F35/><W62/><G72/><T130/><D130/><U66/><E66/><V19/><F34/><W108/><G108/><T75/><D75/><U87/><E87/><N who="0" m="33353" /><D47/><U112/><E112/><V18/><F44/><W98/><G98/><T109/><D109/><U122/><E122/><V23/><F64/><W58/><G123/><T91/><D91/><U36/><E36/><V83/><F37/><N who="3" m="21679" /><G88/><T96/><D96/><U52/><E52/><V132/><F132/><RYUUKYOKU ba="0,0" sc="250,15,250,15,250,-15,250,-15" hai0="10,11,20,29,61,67,70,92,93,95" hai1="21,22,24,25,124,125,126" /><INIT seed="0,1,0,5,0,97" ten="265,265,235,235" oya="0" hai0="44,1,42,105,38,124,6,87,77,92,20,66,41" hai1="130,43,69,70,80,9,117,113,37,56,30,16,128" hai2="85,83,53,96,21,17,68,31,55,28,110,73,79" hai3="101,76,93,14,72,82,60,98,24,52,99,48,126"/><T65/><D105/><U134/><E117/><V29/><F110/><W74/><G126/><T84/><D124/><U57/><E134/><V75/><F68/><N who="1" m="26217" /><E30/><V116/><F116/><W108/><G108/><T122/><D122/><U125/><E125/><V46/><F96/><W100/><G24/><T104/><D104/><U133/><E133/><V81/><F46/><W90/><G60/><T59/><D41/><U89/><E37/><V33/><F33/><W8/><G99/><T50/><D20/><U40/><E56/><V109/><F109/><W3/><G74/><T13/><D1/><U45/><E57/><V22/><F75/><W135/><G3/><T102/><D38/><U36/><E43/><V25/><REACH who="2" step="1"/><F21/><REACH who="2" ten="265,265,225,235" step="2"/><W54/><G135/><T32/><D32/><U35/><E35/><V132/><F132/><W64/><G64/><T11/><D66/><U106/><E45/><V62/><F62/><W67/><G67/><T49/><D65/><U86/><E130/><V23/><F23/><W115/><G115/><T47/><D47/><U39/><E128/><V111/><F111/><W78/><G54/><N who="0" m="32207" /><D87/><U112/><E40/><V95/><F95/><W7/><G76/><AGARI ba="1,1" hai="17,22,25,28,29,31,53,55,73,76,79,81,83,85" machi="76" ten="40,1300,0" yaku="1,1,53,0" doraHai="97" doraHaiUra="4" who="2" fromWho="3" sc="265,0,265,0,225,26,235,-16" /><INIT seed="1,0,0,4,5,41" ten="265,265,251,219" oya="1" hai0="105,108,69,134,46,28,10,27,107,71,102,125,61" hai1="31,109,62,86,0,106,129,32,2,19,37,35,6" hai2="11,14,9,93,127,45,74,119,21,54,88,96,65" hai3="72,78,29,66,25,123,49,30,17,73,82,42,52"/><U77/><E106/><V101/><F119/><W126/><G123/><T94/><D108/><U43/><E109/><V60/><F74/><W124/><G72/><T100/><D125/><N who="3" m="48233" /><G42/><T63/><D134/><U81/><E129/><V121/><F121/><W44/><G66/><T12/><D94/><U91/><E31/><V115/><F127/><W5/><G5/><T56/><D46/><U68/><E19/><N who="2" m="10487" /><F115/><W80/><G80/><T97/><D102/><U75/><E62/><V16/><F101/><W3/><G3/><T64/><D105/><U104/><E68/><V131/><F131/><W113/><G113/><T26/><D63/><U58/><E104/><V122/><F122/><W38/><G38/><T90/><D90/><U76/><E76/><V110/><F110/><W67/><G67/><T4/><REACH who="0" step="1"/><D27/><REACH who="0" ten="255,265,251,219" step="2"/><U1/><E91/><V36/><F60/><W130/><G130/><T33/><AGARI ba="0,1" hai="4,10,12,26,28,33,56,61,64,69,71,97,100,107" machi="33" ten="20,5200,0" yaku="1,1,2,1,0,1,7,1,53,0" doraHai="41" doraHaiUra="15" who="0" fromWho="0" sc="255,62,265,-26,251,-13,219,-13" /><INIT seed="2,0,0,1,5,31" ten="317,239,238,206" oya="2" hai0="131,99,85,8,59,116,105,53,32,40,64,54,47" hai1="2,33,55,90,6,61,80,58,106,36,41,84,37" hai2="88,49,50,44,98,128,63,18,3,78,79,93,126" hai3="100,114,43,111,132,28,15,39,104,81,20,130,22"/><V75/><F128/><W67/><G130/><T24/><D131/><U82/><E106/><V102/><F126/><W71/><G111/><T134/><D134/><U89/><E41/><N who="2" m="24719" /><F75/><W109/><G109/><T27/><D32/><U74/><E33/><V5/><F3/><W101/><G132/><T14/><D105/><U117/><E117/><V107/><F5/><W62/><G114/><T23/><D99/><U118/><E118/><V108/><F107/><W135/><G135/><T103/><D103/><U94/><E74/><V10/><F102/><W38/><G81/><T69/><D69/><U95/><E2/><V133/><F133/><W70/><G104/><T19/><D85/><U77/><E6/><V83/><F63/><W73/><G73/><T57/><D24/><U68/><E68/><V34/><F34/><W120/><G62/><N who="0" m="37967" /><D59/><U26/><E26/><V122/><F122/><W124/><G120/><T51/><D116/><U87/><REACH who="1" step="1"/><E77/><REACH who="1" ten="317,229,238,206" step="2"/><V92/><F108/><W56/><G71/><T7/><AGARI ba="0,1" hai="7,8,14,19,23,27,40,47,51,53,54" m="37967" machi="7" ten="30,1100,0" yaku="8,1" doraHai="31" who="0" fromWho="0" sc="317,21,229,-3,238,-5,206,-3" /><INIT seed="3,0,0,1,5,55" ten="338,226,233,203" oya="3" hai0="93,8,53,56,48,14,72,123,116,7,19,120,41" hai1="124,51,112,47,57,66,5,82,35,92,18,87,64" hai2="73,30,76,91,17,43,115,62,108,54,70,96,117" hai3="122,105,3,103,31,63,106,28,95,102,6,61,107"/><W130/><G122/><T50/><D116/><U86/><E112/><V84/><F117/><W39/><G39/><T12/><D72/><U119/><E35/><V126/><F115/><W65/><G130/><T97/><D41/><N who="1" m="25071" /><E124/><V24/><F43/><W40/><G40/><T32/><D48/><U110/><E110/><V23/><F108/><W27/><G95/><T0/><D14/><U80/><E119/><V133/><F133/><W121/><G121/><T118/><D32/><U15/><E5/><V10/><F96/><W88/><G88/><T38/><D38/><U29/><E29/><N who="3" m="11338" /><G27/><T104/><D104/><N who="3" m="26625" /><W109/><DORA hai="100" /><G109/><T9/><D118/><U90/><E57/><V26/><F76/><W89/><G89/><AGARI ba="0,0" hai="0,7,8,9,12,19,50,53,56,89,93,97,120,123" machi="89" ten="30,2000,0" yaku="7,1,52,1" doraHai="55,100" who="0" fromWho="3" sc="338,20,226,0,233,0,203,-20" owari="358,46.0,226,-17.0,233,3.0,183,-32.0" /></mjloggm>