<mjloggm ver="2.3"><GO type="225" lobby="0"/><UN n0="%E2%98%86%41%64%72%69%61%6E" n1="%50%49%58%49" n2="%E7%B4%AB%E3%81%AE%E9%8F%A1" n3="%E3%83%A9%E3%82%B9%E7%8E%87%EF%BC%93%E5%89%B2" dan="17,16,18,16" rate="2178.31,2204.07,2236.20,2155.48" sx="M,F,M,F"/><TAIKYOKU oya="0"/><INIT seed="0,0,0,3,4,74" ten="250,250,250,250" oya="0" hai0="4,81,133,87,40,95,43,125,67,8,15,123,105" hai1="34,100,60,58,16,97,48,56,118,14,28,65,39" hai2="54,36,80,20,126,37,85,26,55,62,93,57,111" hai3="92,86,131,129,13,124,49,103,69,11,116,38,2"/><T113/><D105/><U5/><E118/><V45/><F111/><W94/><G38/><T59/><D113/><U101/><E39/><V108/><F108/><W66/><G2/><T19/><D123/><U107/><E100/><V7/><F126/><W73/><G73/><T78/><D125/><U109/><E109/><V64/><F93/><W44/><G116/><T70/><D70/><U29/><E5/><V46/><F7/><W132/><G132/><T3/><D133/><U17/><E17/><V25/><F36/><W102/><G66/><T135/><D135/><U6/><E6/><V134/><F134/><W77/><G69/><T50/><D95/><N who="3" m="36393" /><G124/><T112/><D112/><U52/><REACH who="1" step="1"/><E34/><REACH who="1" ten="250,240,250,250" step="2"/><V120/><F37/><W72/><G103/><T84/><D3/><U98/><E98/><V115/><F115/><W35/><G35/><T21/><D4/><U53/><E53/><V41/><F54/><W119/><G102/><T30/><D67/><U63/><E63/><V127/><F62/><W128/><G119/><T89/><D40/><U47/><E47/><V122/><F45/><W18/><G44/><N who="0" m="25887" /><D59/><U114/><E114/><V24/><F57/><W104/><G104/><T121/><D121/><U10/><AGARI ba="0,1" hai="10,14,16,28,29,48,52,56,58,60,65,97,101,107" machi="10" ten="20,12000,2" yaku="1,1,0,1,7,1,54,2,53,1" doraHai="74" doraHaiUra="96" who="1" fromWho="1" sc="250,-60,240,130,250,-30,250,-30" /><INIT seed="1,0,0,0,2,21" ten="190,370,220,220" oya="1" hai0="97,8,113,22,74,33,43,114,131,106,52,123,85" hai1="103,5,79,7,4,72,57,40,82,12,27,44,54" hai2="64,34,51,104,135,50,0,110,24,49,87,38,126" hai3="14,53,59,120,89,125,105,80,13,26,65,29,9"/><U41/><E103/><V60/><F38/><W47/><G125/><T31/><D74/><U10/><E40/><V23/><F104/><W37/><G120/><T61/><D43/><U94/><E94/><V15/><F0/><W20/><G105/><T111/><D33/><U16/><E57/><V75/><F75/><W35/><G35/><T98/><D123/><U69/><E54/><V66/><F126/><W48/><G9/><T28/><D106/><U91/><E91/><V133/><F110/><W95/><G80/><T3/><D111/><U63/><E63/><V127/><F127/><W58/><G37/><T2/><D131/><U132/><E69/><V84/><F15/><N who="3" m="5643" /><G65/><N who="2" m="25193" /><F60/><W55/><G55/><T56/><D2/><U71/><E71/><V118/><F34/><W42/><G42/><T109/><D109/><U1/><E132/><N who="2" m="50763" /><F118/><W124/><G124/><T100/><D3/><U68/><E68/><V18/><AGARI ba="0,0" hai="18,23,24,49,50,51,84,87" m="50763,25193" machi="18" ten="40,2700,0" yaku="20,1,52,1" doraHai="21" who="2" fromWho="2" sc="190,-7,370,-13,220,27,220,-7" /><INIT seed="2,0,0,3,2,125" ten="183,357,247,213" oya="2" hai0="102,33,19,106,15,115,63,83,97,13,92,57,73" hai1="18,101,109,131,51,5,3,123,46,11,78,62,12" hai2="66,116,88,121,111,67,94,108,4,49,69,42,122" hai3="0,31,85,53,126,113,58,21,59,118,48,50,34"/><V124/><F116/><W23/><G118/><T107/><D115/><U127/><E127/><V54/><F42/><W32/><G0/><T22/><D33/><U105/><E109/><N who="2" m="42059" /><F4/><W24/><G126/><T103/><D103/><U112/><E78/><V20/><F20/><W36/><G36/><T82/><D73/><U74/><E11/><V89/><F89/><W2/><G2/><T77/><D77/><U93/><E101/><V44/><F124/><W98/><G98/><T71/><D71/><U52/><E5/><V6/><F6/><W40/><G113/><T1/><D1/><U133/><E112/><V120/><F69/><W65/><G40/><T38/><D38/><U99/><E99/><AGARI ba="0,0" hai="44,49,54,66,67,88,94,99,120,121,122" m="42059" machi="99" ten="40,7700,0" yaku="14,1,10,1,54,1" doraHai="125" who="2" fromWho="1" sc="183,0,357,-77,247,77,213,0" /><INIT seed="2,1,0,3,1,23" ten="183,280,324,213" oya="2" hai0="83,42,91,108,128,98,100,4,89,16,82,45,14" hai1="121,38,2,132,78,133,51,53,46,5,11,32,9" hai2="130,119,109,1,13,19,95,129,47,22,10,55,8" hai3="110,107,27,80,37,67,35,30,117,68,63,40,122"/><V90/><F119/><W70/><G117/><T33/><D33/><U84/><E32/><V113/><F113/><W60/><G122/><T73/><D108/><U101/><E121/><V49/><F109/><W28/><G28/><T102/><D4/><U79/><E101/><V3/><F3/><W93/><G110/><T112/><D128/><N who="2" m="49258" /><F1/><W12/><G107/><T118/><D102/><U64/><E11/><V85/><AGARI ba="1,0" hai="8,10,13,19,22,47,49,55,85,90,95" m="49258" machi="85" ten="30,1500,0" yaku="19,1" doraHai="23" who="2" fromWho="2" sc="183,-6,280,-6,324,18,213,-6" /><INIT seed="2,2,0,5,5,97" ten="177,274,342,207" oya="2" hai0="78,39,63,103,98,9,7,13,47,59,134,14,96" hai1="82,126,10,73,112,50,75,128,99,42,115,30,104" hai2="113,72,68,110,118,26,20,77,60,81,52,0,64" hai3="16,85,108,125,54,65,94,95,55,105,70,121,53"/><V2/><F113/><W122/><G105/><T80/><D134/><U19/><E30/><V33/><F118/><W93/><G108/><T23/><D98/><U101/><E126/><V132/><F132/><W12/><G125/><T111/><D111/><U67/><E128/><V117/><F117/><W37/><G37/><T100/><D96/><U90/><E67/><V127/><F127/><W21/><REACH who="3" step="1"/><G85/><REACH who="3" ten="177,274,342,197" step="2"/><N who="0" m="48279" /><D39/><U45/><E112/><V57/><F110/><W56/><G56/><T44/><D47/><U62/><E115/><V8/><F57/><W49/><G49/><T22/><D44/><U32/><E75/><V116/><F72/><W86/><G86/><T48/><D48/><U46/><E46/><V123/><F116/><W91/><G91/><T106/><D106/><U25/><E73/><V3/><F68/><W31/><G31/><T71/><D71/><U124/><E124/><V6/><F123/><W129/><G129/><T18/><D23/><U130/><E130/><V102/><F20/><W69/><G69/><T11/><D22/><U89/><E89/><V27/><F33/><W120/><G120/><T92/><D92/><U74/><E90/><V66/><F60/><AGARI ba="2,1" hai="12,16,21,53,54,55,60,65,70,93,94,95,121,122" machi="60" ten="40,2600,0" yaku="1,1,54,1,53,0" doraHai="97" doraHaiUra="84" who="3" fromWho="2" sc="177,0,274,0,342,-32,197,42" /><INIT seed="3,0,0,3,2,64" ten="177,274,310,239" oya="3" hai0="100,69,107,135,36,109,82,28,113,20,43,116,122" hai1="91,77,75,29,108,38,102,12,23,32,126,6,117" hai2="80,21,76,55,56,86,97,67,92,39,84,51,66" hai3="19,53,133,1,45,110,58,13,35,63,118,34,130"/><W61/><G1/><T40/><D122/><U93/><E108/><V94/><F39/><W8/><G118/><T96/><D116/><U111/><E117/><V119/><F119/><W27/><G110/><T87/><D109/><U42/><E111/><V15/><F86/><W106/><G130/><T65/><D113/><U17/><E126/><V115/><F115/><W46/><G133/><T47/><D135/><U3/><E102/><N who="2" m="60711" /><F94/><W81/><G106/><T16/><D28/><U90/><E93/><V33/><F33/><W31/><G35/><T95/><D107/><U7/><E7/><V48/><F48/><W104/><G104/><T120/><D120/><U98/><E98/><V10/><F21/><W134/><G134/><T72/><D72/><U105/><E105/><V11/><F11/><W25/><G25/><T101/><D43/><U124/><E124/><V71/><F71/><W99/><G99/><T59/><D59/><U83/><E29/><V22/><F22/><W50/><G81/><T57/><D57/><U54/><E54/><V68/><F68/><W103/><G103/><T49/><D101/><U132/><E32/><V62/><F62/><W73/><G73/><T129/><D129/><U5/><E5/><AGARI ba="0,0" hai="5,10,15,51,55,56,66,67,76,80,84" m="60711" machi="5" ten="30,1000,0" yaku="8,1" doraHai="64" who="2" fromWho="1" sc="177,0,274,-10,310,10,239,0" owari="177,-32.0,264,6.0,320,42.0,239,-16.0" /></mjloggm>