<mjloggm ver="2.3"><GO type="169" lobby="0"/><UN n0="%E8%B1%86%E3%83%80%E3%83%9E%E8%AD%A6%E5%AF%9F" n1="%4D%61%74%75%75%72%61" n2="%E3%83%94%E3%83%B3%E3%82%B5%E3%83%AD%E5%BA%97%E5%93%A1" n3="%E7%88%86%E7%89%8C%E3%82%A6%E3%82%B7%E3%82%B8%E3%83%9E%E3%81%8F%E3%82%93" dan="16,16,17,17" rate="2097.94,2089.97,2274.44,2168.99" sx="M,M,M,M"/><TAIKYOKU oya="0"/><INIT seed="0,0,0,5,4,11" ten="250,250,250,250" oya="0" hai0="9,112,88,13,23,69,134,57,107,119,50,84,124" hai1="5,35,10,118,40,37,104,65,4,24,115,100,103" hai2="17,52,92,41,66,108,28,120,44,42,130,127,6" hai3="123,46,27,49,32,97,18,131,96,71,70,75,133"/><T132/><D112/><U87/><E118/><V1/><F120/><W31/><G75/><T128/><D119/><U2/><E115/><V110/><F66/><W121/><G131/><T14/><D69/><N who="3" m="26121" /><G18/><N who="0" m="10703" /><D107/><U135/><E65/><V33/><F127/><W51/><G51/><T3/><D3/><U94/><E104/><V56/><F130/><W12/><G12/><T7/><D128/><U113/><E5/><V91/><F17/><W38/><G38/><T86/><D124/><U90/><E113/><V68/><F68/><W109/><G133/><N who="0" m="51307" /><D88/><U83/><E135/><V89/><F89/><W125/><G125/><T25/><D25/><U30/><E37/><V85/><F28/><W77/><G31/><T48/><D48/><U106/><E106/><V81/><F92/><W21/><G27/><T99/><D99/><U36/><E36/><V98/><F98/><W76/><G97/><T78/><D78/><U117/><E117/><V20/><F91/><W59/><G77/><T58/><D58/><U19/><E94/><V80/><F56/><W16/><G59/><T26/><D26/><U62/><E100/><V47/><F81/><W129/><G76/><T111/><D111/><U105/><E103/><V22/><F80/><W101/><G129/><T64/><D64/><U0/><E0/><V73/><F1/><W122/><G122/><T53/><AGARI ba="0,0" hai="7,9,14,50,53,57,84,86" m="51307,10703" machi="53" ten="30,6000,0" yaku="20,1,52,2" doraHai="11" who="0" fromWho="0" sc="250,60,250,-20,250,-20,250,-20" /><INIT seed="0,1,0,2,1,86" ten="310,230,230,230" oya="0" hai0="79,57,50,53,40,132,22,129,71,64,87,7,12" hai1="130,101,96,30,107,5,78,103,49,63,90,125,42" hai2="19,126,9,0,81,69,68,55,92,52,85,121,95" hai3="33,58,80,13,108,34,28,21,48,51,97,47,72"/><T37/><D129/><U112/><E130/><V73/><F121/><W66/><G108/><T93/><D132/><U41/><E112/><V123/><F123/><W135/><G135/><T60/><D79/><U14/><E78/><V54/><F126/><W39/><G39/><T109/><D109/><U27/><E125/><V44/><F73/><W124/><G124/><T61/><D61/><U62/><E101/><V134/><F134/><W99/><G72/><T2/><D2/><U38/><E38/><V11/><F44/><W105/><G80/><T56/><D56/><U67/><E49/><V122/><F122/><W131/><G13/><T76/><D76/><U114/><E63/><V1/><F81/><W6/><G6/><T10/><D22/><U113/><E113/><V82/><F82/><W127/><G21/><T32/><D32/><U118/><E118/><V24/><F19/><W25/><G47/><N who="0" m="23951" /><D87/><U8/><E90/><V133/><F85/><W110/><G127/><T100/><D93/><N who="2" m="35914" /><F24/><W16/><G25/><T111/><D111/><U89/><E89/><V45/><F45/><W117/><G110/><T15/><D15/><U18/><E18/><V94/><F94/><W119/><G119/><T83/><D83/><U75/><E75/><V98/><F98/><W35/><G35/><T17/><D17/><U46/><E46/><V65/><F65/><W43/><G34/><T26/><D26/><U104/><E114/><V116/><F116/><W36/><G16/><T128/><D128/><U102/><E27/><V106/><F133/><W23/><G131/><T4/><D4/><RYUUKYOKU ba="1,0" sc="310,30,230,-10,230,-10,230,-10" hai0="7,10,12,50,53,57,60,64,71,100" /><INIT seed="0,2,0,4,2,50" ten="340,220,220,220" oya="0" hai0="34,79,112,65,90,45,89,131,96,6,26,108,52" hai1="44,100,18,58,128,13,29,116,27,87,97,126,114" hai2="134,12,62,9,25,122,104,88,1,53,63,110,4" hai3="66,57,21,69,40,85,47,113,111,129,135,36,10"/><T91/><D112/><U101/><E114/><V82/><F122/><W86/><G113/><T77/><D6/><U48/><E116/><V132/><F104/><W51/><G111/><T24/><D108/><U60/><E126/><V119/><F110/><W127/><G127/><T118/><D118/><U95/><E128/><V120/><F120/><W55/><G129/><T8/><D131/><U105/><E87/><N who="2" m="50295" /><F119/><W37/><G135/><N who="2" m="51753" /><F25/><N who="0" m="9834" /><D34/><U78/><E78/><N who="0" m="29705" /><D65/><U124/><E124/><V2/><F62/><N who="3" m="40151" /><G36/><T0/><D0/><U74/><E74/><V43/><F43/><W93/><G21/><T56/><D8/><U107/><E27/><V23/><F23/><W16/><G93/><N who="0" m="56367" /><D45/><U39/><E39/><V70/><F70/><W20/><G20/><T102/><D102/><U103/><E105/><V15/><F1/><W3/><G3/><T38/><D38/><U14/><E107/><V11/><F11/><W46/><G46/><T28/><D28/><U30/><E30/><V94/><F94/><W59/><G59/><AGARI ba="2,0" hai="2,4,9,12,15,53,59,63" m="51753,50295" machi="59" ten="30,3900,0" yaku="20,1,52,1,54,1" doraHai="50" who="2" fromWho="3" sc="340,0,220,0,220,45,220,-45" /><INIT seed="1,0,0,4,0,34" ten="340,220,265,175" oya="1" hai0="41,101,4,125,55,120,16,13,0,25,132,7,58" hai1="61,81,89,86,91,48,54,83,36,113,40,135,11" hai2="53,133,85,80,30,99,108,78,76,29,35,82,1" hai3="17,94,130,15,21,44,123,63,60,31,68,23,105"/><U2/><E113/><V106/><F108/><W24/><G105/><T115/><D115/><U107/><E107/><V119/><F119/><W18/><G123/><T42/><D132/><U95/><E135/><V43/><F133/><W127/><G127/><T64/><D125/><U118/><E118/><V45/><F35/><W62/><G130/><T5/><D120/><U98/><E36/><V9/><F53/><W124/><G124/><T110/><D110/><U22/><E61/><V96/><F106/><W134/><G134/><T79/><D79/><U10/><E40/><V46/><F9/><W87/><G68/><T27/><D101/><U14/><E2/><V84/><F43/><N who="0" m="16394" /><D64/><U49/><E49/><V26/><F26/><N who="0" m="9738" /><D0/><AGARI ba="0,0" hai="0,1,29,30,45,46,76,78,80,82,84,85,96,99" machi="0" ten="25,6400,0" yaku="22,2,52,2" doraHai="34" who="2" fromWho="0" sc="340,-64,220,0,265,64,175,0" /><INIT seed="2,0,0,1,3,47" ten="276,220,329,175" oya="2" hai0="81,9,45,114,125,22,66,20,79,25,92,26,85" hai1="119,61,104,118,35,19,88,103,27,80,97,105,128" hai2="95,83,4,121,8,78,42,129,115,40,67,132,96" hai3="0,10,48,7,70,44,65,131,100,38,58,94,59"/><V90/><F115/><W54/><G131/><T6/><D114/><U43/><E105/><V117/><F117/><W134/><G134/><T87/><D66/><U89/><E128/><V74/><F129/><W86/><G38/><T49/><D125/><U15/><E43/><V98/><F121/><W41/><G70/><T120/><D120/><U34/><E34/><V108/><F132/><W63/><G100/><T69/><D69/><U76/><E61/><V57/><F108/><W64/><REACH who="3" step="1"/><G59/><REACH who="3" ten="276,220,329,165" step="2"/><T101/><D101/><U32/><E118/><V5/><F5/><W109/><G109/><T17/><D92/><U50/><E103/><V60/><REACH who="2" step="1"/><F98/><REACH who="2" ten="276,220,319,165" step="2"/><W93/><G93/><T2/><D87/><U133/><E97/><V126/><F126/><W124/><G124/><T55/><REACH who="0" step="1"/><D22/><REACH who="0" ten="266,220,319,165" step="2"/><U73/><E133/><V71/><F71/><W56/><G56/><T91/><D91/><AGARI ba="0,3" hai="0,7,10,41,44,48,54,58,63,64,65,86,91,94" machi="91" ten="40,2600,0" yaku="1,1,52,1,53,0" doraHai="47" doraHaiUra="110" who="3" fromWho="0" sc="266,-26,220,0,319,0,165,56" /><INIT seed="3,0,0,0,4,44" ten="240,220,319,221" oya="3" hai0="6,39,86,35,20,81,96,105,32,135,102,13,85" hai1="33,126,47,23,114,21,91,79,83,75,43,34,16" hai2="17,58,73,109,49,10,120,78,4,122,11,54,90" hai3="131,74,113,12,134,128,76,99,42,1,115,63,5"/><W132/><G42/><T98/><D135/><N who="3" m="51753" /><G63/><T55/><D39/><U8/><E114/><N who="3" m="43530" /><G99/><T46/><D86/><U119/><E119/><V118/><F109/><W89/><G89/><T100/><D6/><U64/><E64/><V104/><F104/><W27/><G76/><T50/><D20/><U130/><E130/><N who="3" m="49706" /><G74/><T41/><D13/><U133/><E133/><V53/><F90/><W103/><G103/><T124/><D124/><U97/><E126/><V45/><F78/><W29/><G1/><T77/><REACH who="0" step="1"/><D41/><REACH who="0" ten="230,220,319,221" step="2"/><U71/><E43/><V57/><F73/><W7/><G12/><T112/><D112/><U22/><E75/><V92/><F118/><W69/><G69/><T19/><D19/><U60/><E16/><V88/><F17/><W9/><G9/><T117/><D117/><U87/><E8/><V125/><F11/><W51/><G51/><T123/><D123/><U0/><E71/><V129/><F125/><W18/><G18/><T82/><D82/><U111/><E87/><N who="2" m="52255" /><F129/><W110/><G110/><T84/><D84/><U101/><E111/><V80/><F80/><W25/><G25/><T38/><D38/><U68/><E68/><V61/><F122/><W108/><G108/><T14/><D14/><U36/><E36/><V65/><F120/><W48/><G48/><T24/><D24/><U107/><E83/><V94/><F10/><W93/><G93/><AGARI ba="0,1" hai="32,35,46,50,55,77,81,85,93,96,98,100,102,105" machi="93" ten="30,3900,0" yaku="1,1,7,1,52,1,53,0" doraHai="44" doraHaiUra="59" who="0" fromWho="3" sc="230,49,220,0,319,0,221,-39" /><INIT seed="4,0,0,4,4,14" ten="279,220,319,182" oya="0" hai0="45,115,60,86,108,109,127,78,49,0,132,99,76" hai1="89,90,13,38,29,112,69,106,93,25,21,103,80" hai2="123,23,41,82,10,77,46,87,118,33,11,35,113" hai3="95,104,32,98,119,92,117,6,17,88,37,39,1"/><T61/><D0/><U63/><E38/><V91/><F123/><W34/><G104/><T101/><D115/><U54/><E112/><V67/><F113/><W126/><G126/><T30/><D127/><U64/><E106/><V40/><F118/><W47/><G1/><T70/><D30/><U8/><E54/><V4/><F67/><W114/><G6/><T26/><D26/><U62/><E62/><V130/><F130/><W94/><G114/><T125/><D132/><U22/><E103/><V116/><F116/><W12/><G117/><T100/><D125/><U79/><E22/><V44/><F23/><W27/><G119/><T111/><D101/><U122/><E93/><V68/><F68/><W24/><G94/><T120/><D120/><U56/><E69/><V83/><F91/><W96/><G12/><T129/><D129/><U5/><REACH who="1" step="1"/><E122/><REACH who="1" ten="279,210,319,182" step="2"/><V75/><F33/><W84/><G32/><T48/><D70/><U124/><E124/><V50/><F35/><W135/><G34/><T74/><D61/><U110/><E110/><V16/><F40/><W15/><G39/><T105/><D60/><U107/><E107/><V102/><F41/><W65/><G37/><T73/><D49/><U81/><E81/><V72/><F83/><W36/><G36/><T128/><D128/><U28/><E28/><V85/><F82/><W3/><G92/><T43/><D43/><U31/><E31/><V18/><F50/><W66/><G95/><N who="0" m="58495" /><D48/><U133/><E133/><V55/><F102/><W53/><G135/><T51/><D51/><U42/><E42/><V59/><F44/><RYUUKYOKU ba="0,1" sc="279,-10,210,30,319,-10,182,-10" hai1="5,8,13,21,25,29,56,63,64,79,80,89,90" /><INIT seed="5,1,1,3,4,46" ten="269,240,309,172" oya="1" hai0="15,99,96,126,20,121,42,95,59,104,29,77,52" hai1="1,128,55,106,72,116,5,85,16,125,80,8,51" hai2="73,134,66,91,133,67,36,70,12,2,93,100,88" hai3="68,97,62,45,56,33,64,79,118,86,92,14,105"/><U57/><E116/><V129/><F2/><W111/><G111/><T19/><D126/><U65/><E106/><V7/><F36/><W39/><G118/><T23/><D121/><U94/><E125/><V26/><F73/><W130/><G130/><T135/><D135/><N who="2" m="51722" /><F129/><W4/><G33/><T103/><D77/><U54/><E128/><V50/><F26/><W61/><G105/><T24/><D42/><U107/><E107/><V101/><F50/><W48/><G39/><T123/><D123/><U71/><E72/><V108/><F91/><W10/><G86/><T41/><D41/><U40/><E94/><V119/><F108/><W102/><G79/><T22/><D99/><U117/><E117/><V76/><F76/><W44/><REACH who="3" step="1"/><G48/><REACH who="3" ten="269,240,309,162" step="2"/><N who="0" m="31111" /><D104/><U21/><E85/><N who="2" m="52367" /><F119/><W113/><G113/><T18/><D29/><U13/><E51/><V35/><F35/><W31/><G31/><T32/><D32/><U75/><E75/><V34/><F34/><W38/><G38/><T69/><D69/><U112/><E71/><V0/><F70/><W25/><G25/><T9/><AGARI ba="1,2" hai="9,15,18,19,20,22,23,24,95,96,103" m="31111" machi="9" ten="30,4000,0" yaku="8,1,52,1,54,1" doraHai="46" who="0" fromWho="0" sc="269,63,240,-21,309,-11,162,-11" /><INIT seed="6,0,0,1,2,21" ten="332,219,298,151" oya="2" hai0="44,74,130,59,32,67,60,42,47,55,102,2,134" hai1="35,109,50,27,70,112,111,10,65,77,52,87,133" hai2="13,91,23,25,106,81,3,9,120,49,18,132,99" hai3="125,131,122,100,108,28,34,110,5,76,12,82,22"/><V57/><F132/><W51/><G122/><T33/><D74/><U88/><E133/><V92/><F120/><W72/><G125/><T8/><D134/><U7/><E77/><V6/><F106/><W126/><G126/><T97/><D130/><U89/><E89/><V94/><F81/><W93/><G131/><T124/><D124/><U4/><E4/><V1/><F49/><W61/><G34/><T73/><D73/><U45/><E65/><V20/><F57/><W31/><G51/><T127/><D127/><U95/><E70/><V105/><F105/><W113/><G113/><T36/><D2/><U62/><E62/><V96/><REACH who="2" step="1"/><F23/><REACH who="2" ten="332,219,288,151" step="2"/><W118/><G22/><T103/><D47/><U37/><E112/><V41/><F41/><W14/><G82/><T39/><D33/><U117/><E117/><V83/><F83/><W11/><G118/><T98/><D32/><U71/><E71/><V19/><F19/><W48/><G48/><T38/><D44/><U43/><E43/><V75/><F75/><W68/><G72/><T114/><D42/><U90/><E109/><V128/><F128/><W16/><G108/><T46/><D114/><U63/><E111/><V24/><F24/><W0/><G110/><T119/><D119/><U26/><E35/><V123/><F123/><W56/><G16/><T79/><D46/><U129/><E129/><V115/><F115/><W58/><G58/><T135/><D135/><U66/><E50/><V64/><F64/><W69/><G69/><T30/><D67/><U80/><E66/><V53/><F53/><W104/><G68/><RYUUKYOKU ba="0,1" sc="332,-10,219,-10,288,30,151,-10" hai2="1,3,6,9,13,18,20,25,91,92,94,96,99" /><INIT seed="6,1,1,5,1,11" ten="322,209,318,141" oya="2" hai0="8,116,117,45,87,23,49,114,51,96,15,64,131" hai1="94,133,35,0,58,119,70,25,92,111,128,66,118" hai2="33,124,99,48,14,27,46,95,38,110,54,21,2" hai3="69,83,57,89,126,125,134,132,98,24,135,47,22"/><V61/><F124/><N who="3" m="47723" /><G69/><T88/><D114/><U74/><E70/><V56/><F2/><W10/><G47/><T106/><D131/><U75/><E0/><V7/><F110/><W130/><G57/><T108/><D64/><U67/><E58/><V9/><F33/><W121/><G121/><T127/><D108/><U65/><E35/><V1/><F1/><W5/><G98/><T90/><D23/><U52/><E25/><V63/><F38/><W59/><G59/><T102/><D127/><U101/><E101/><V120/><F120/><W44/><G44/><T32/><D32/><U3/><E3/><V78/><F78/><W39/><G39/><T37/><D51/><U12/><E111/><V109/><F109/><W81/><G10/><T50/><D50/><U86/><E66/><V68/><F68/><W105/><G105/><T93/><D37/><U79/><E79/><V20/><F27/><W123/><G5/><T18/><REACH who="0" step="1"/><D90/><REACH who="0" ten="312,209,318,141" step="2"/><U17/><E67/><N who="2" m="39335" /><F63/><W13/><G123/><T6/><D6/><U112/><E65/><V77/><F77/><W100/><G130/><T72/><D72/><U115/><E75/><V29/><F29/><N who="3" m="17559" /><G89/><AGARI ba="1,2" hai="7,9,14,20,21,46,48,54,89,95,99" m="39335" machi="89" ten="30,2900,0" yaku="8,1,52,1" doraHai="11" who="2" fromWho="3" sc="312,0,209,0,318,52,141,-32" /><INIT seed="6,2,0,2,3,9" ten="312,209,370,109" oya="2" hai0="116,68,64,51,12,123,49,103,65,58,25,57,134" hai1="55,77,60,26,50,47,10,38,45,124,18,14,88" hai2="79,34,114,63,46,92,70,109,118,5,106,16,20" hai3="133,98,8,117,13,82,85,128,19,107,120,91,23"/><V0/><F106/><W97/><G117/><T66/><D103/><U78/><E124/><V100/><F34/><W131/><G120/><T33/><D123/><U30/><E38/><V74/><F114/><W52/><G133/><T37/><D33/><U69/><E47/><V56/><F70/><W4/><G107/><T122/><D25/><U121/><E121/><V39/><F109/><W59/><G128/><T86/><D122/><U127/><E127/><V104/><F104/><W61/><REACH who="3" step="1"/><G131/><REACH who="3" ten="312,209,370,99" step="2"/><T54/><D134/><U44/><E69/><V76/><F118/><W35/><G35/><T95/><D116/><U29/><E60/><V22/><F63/><W112/><G112/><T73/><D68/><U101/><E50/><V84/><F39/><W126/><G126/><T83/><D37/><U67/><E67/><V72/><F72/><W42/><G42/><T27/><D73/><U113/><E113/><V81/><F74/><W135/><G135/><T115/><D115/><U102/><E55/><V111/><F111/><W53/><G53/><T129/><D129/><U11/><E26/><AGARI ba="2,1" hai="4,8,13,19,23,26,52,59,61,82,85,91,97,98" machi="26" ten="30,8000,1" yaku="1,1,7,1,8,1,52,1,54,1,53,0" doraHai="9" doraHaiUra="75" who="3" fromWho="1" sc="312,0,209,-86,370,0,99,96" /><INIT seed="7,0,0,4,0,74" ten="312,123,370,195" oya="3" hai0="54,52,106,119,82,21,96,64,117,135,0,72,14" hai1="98,128,73,65,45,58,49,71,92,24,89,111,103" hai2="113,47,23,112,34,86,12,133,51,55,62,37,78" hai3="81,10,77,22,32,116,66,68,48,95,125,101,110"/><W16/><G116/><T30/><D0/><U60/><E111/><V43/><F34/><W132/><G32/><T107/><D135/><U127/><E128/><V99/><F133/><W91/><G125/><T63/><D107/><U33/><E127/><V87/><F62/><W105/><G132/><T70/><D106/><U100/><E73/><V19/><F99/><W41/><G10/><T93/><D117/><U50/><E50/><V129/><F129/><W126/><G126/><T5/><D30/><U1/><E1/><V26/><F26/><W42/><G48/><T76/><D119/><U84/><E33/><V67/><F67/><W11/><G11/><T102/><REACH who="0" step="1"/><D5/><REACH who="0" ten="302,123,370,195" step="2"/><U53/><E24/><V17/><F17/><AGARI ba="0,1" hai="14,17,21,52,54,63,64,70,72,76,82,93,96,102" machi="17" ten="40,8000,1" yaku="1,1,2,1,52,1,54,1,53,0" doraHai="74" doraHaiUra="123" who="0" fromWho="2" sc="302,90,123,0,370,-80,195,0" owari="392,49.0,123,-38.0,290,9.0,195,-20.0" /></mjloggm>