<mjloggm ver="2.3"><GO type="169" lobby="0"/><UN n0="%78%78%62%6D%6D" n1="%73%61%6E%64%69%72%69%73" n2="%6B%6F%74%61%6B%6F%74%61" n3="%E3%83%9E%E3%83%AD%E3%81%A8%E3%82%B8%E3%83%BC%E3%83%8E" dan="17,17,16,16" rate="2167.56,2209.73,2093.59,2114.10" sx="M,M,M,M"/><TAIKYOKU oya="0"/><INIT seed="0,0,0,3,1,128" ten="250,250,250,250" oya="0" hai0="120,38,31,126,88,121,43,81,14,70,47,30,114" hai1="13,131,3,129,135,9,104,10,35,12,61,130,89" hai2="64,87,112,40,122,105,101,99,57,15,119,66,51" hai3="28,41,58,118,36,22,44,83,76,16,63,46,127"/><T82/><D114/><U79/><E104/><V72/><F122/><W78/><G118/><T37/><D126/><U4/><E79/><V108/><F112/><W124/><G28/><T56/><D70/><U123/><E61/><V32/><F119/><W20/><G20/><T50/><D81/><U86/><E123/><V93/><F32/><W102/><G46/><T17/><D121/><U107/><E107/><V125/><F125/><N who="3" m="48203" /><G102/><T98/><D37/><U75/><E75/><V132/><F72/><W109/><G83/><T74/><D74/><U85/><E35/><V84/><F105/><W91/><G91/><T77/><D77/><U95/><E86/><V42/><F87/><W80/><G80/><T26/><D82/><U34/><E34/><V0/><F84/><W111/><G78/><T113/><D113/><U2/><REACH who="1" step="1"/><E135/><REACH who="1" ten="250,240,250,250" step="2"/><V21/><F132/><W90/><G76/><T52/><D120/><U54/><E54/><V18/><F64/><N who="3" m="39031" /><G90/><T11/><REACH who="0" step="1"/><D26/><AGARI ba="0,1" hai="16,22,26,36,41,44,109,111" m="39031,48203" machi="26" ten="30,2000,0" yaku="18,1,54,1" doraHai="128" who="3" fromWho="0" sc="250,-20,240,0,250,0,250,30" /><INIT seed="1,0,0,0,3,31" ten="230,240,250,280" oya="1" hai0="38,117,82,47,109,33,7,37,39,35,10,80,63" hai1="13,53,94,12,125,84,44,95,56,115,124,29,100" hai2="106,67,55,2,76,93,26,68,42,6,121,96,51" hai3="103,114,71,122,22,91,131,11,61,119,5,21,74"/><U97/><E115/><V48/><F121/><W66/><G114/><T73/><D117/><U18/><E29/><V30/><F76/><W89/><G122/><T57/><D47/><U62/><E44/><V111/><F42/><W98/><G131/><T54/><D109/><U126/><REACH who="1" step="1"/><E18/><REACH who="1" ten="230,230,250,280" step="2"/><V64/><F30/><W59/><G119/><T81/><REACH who="0" step="1"/><D73/><REACH who="0" ten="220,230,250,280" step="2"/><U112/><E112/><V129/><F111/><W3/><G74/><T85/><D85/><U27/><E27/><V86/><F86/><W116/><G116/><T134/><D134/><U50/><E50/><V49/><F26/><W135/><G135/><T40/><D40/><U132/><E132/><V128/><F51/><W70/><G70/><T87/><D87/><U9/><E9/><V25/><F49/><W127/><G71/><T46/><D46/><U133/><E133/><V102/><F68/><W65/><G11/><T130/><D130/><U0/><E0/><AGARI ba="0,2" hai="0,7,10,33,35,37,38,39,54,57,63,80,81,82" machi="0" ten="50,12000,2" yaku="1,1,52,2,53,3" doraHai="31" doraHaiUra="78" who="0" fromWho="1" sc="220,140,230,-120,250,0,280,0" /><INIT seed="2,0,0,5,4,119" ten="360,110,250,280" oya="2" hai0="3,35,18,73,21,40,27,17,110,87,95,42,108" hai1="93,54,16,28,128,134,120,26,24,8,129,6,88" hai2="71,5,91,103,66,85,58,86,122,121,84,83,37" hai3="63,90,81,49,68,132,53,13,106,7,1,117,15"/><V20/><F37/><W70/><G117/><T78/><D3/><U44/><E134/><V12/><F103/><W23/><G106/><T55/><D73/><U31/><E54/><V60/><F71/><W59/><G1/><T46/><D35/><U67/><E44/><V29/><F29/><W61/><G132/><T105/><D105/><U22/><E67/><V124/><F124/><W127/><G127/><T115/><D115/><U14/><E120/><V36/><F36/><W79/><G90/><T89/><D78/><U101/><E101/><V30/><F30/><W133/><G133/><T96/><D87/><U74/><E74/><V19/><F85/><N who="3" m="48319" /><G70/><T77/><D77/><U72/><E72/><V92/><F5/><W131/><G131/><N who="1" m="50250" /><E26/><V80/><F92/><W98/><G98/><AGARI ba="0,0" hai="6,8,14,16,22,24,28,31,88,93,98" m="50250" machi="98" ten="30,3900,0" yaku="19,1,54,2" doraHai="119" who="1" fromWho="3" sc="360,0,110,39,250,0,280,-39" /><INIT seed="3,0,0,3,4,1" ten="360,149,250,241" oya="3" hai0="78,80,88,83,94,56,63,76,36,118,4,53,108" hai1="79,27,50,55,51,120,91,135,42,24,132,25,8" hai2="16,110,129,124,29,98,99,131,6,28,52,90,64" hai3="69,58,43,121,2,82,41,123,109,73,127,14,49"/><W89/><G2/><T111/><D118/><U9/><E120/><V119/><F119/><W19/><G127/><T38/><D4/><U22/><E79/><N who="0" m="30249" /><D38/><U33/><E33/><V60/><F110/><N who="0" m="42026" /><D36/><U17/><E42/><V100/><F124/><W77/><G109/><T5/><D5/><U44/><E51/><V15/><F6/><W81/><G69/><T54/><D53/><U114/><E114/><V85/><F52/><W67/><G49/><T35/><D35/><U97/><E97/><AGARI ba="0,0" hai="54,56,63,80,83,88,94,97" m="42026,30249" machi="97" ten="30,2000,0" yaku="14,1,54,1" doraHai="1" who="0" fromWho="1" sc="360,20,149,-20,250,0,241,0" /><INIT seed="4,0,0,3,4,64" ten="380,129,250,241" oya="0" hai0="124,6,54,10,40,129,36,51,133,13,130,25,12" hai1="77,34,32,74,79,88,66,38,11,28,80,134,107" hai2="116,111,105,121,7,41,117,132,99,97,24,50,131" hai3="26,58,31,5,8,72,86,44,47,67,120,125,75"/><T101/><D101/><U128/><E107/><V92/><F7/><W114/><G114/><T39/><D124/><U49/><E38/><V68/><F111/><W14/><G120/><T89/><D133/><U19/><E134/><V71/><F132/><W22/><G125/><T3/><D25/><U110/><E110/><V84/><F121/><W53/><G67/><T15/><D89/><U127/><E128/><N who="0" m="49257" /><D40/><U83/><E28/><V30/><F131/><W81/><G75/><T59/><AGARI ba="0,0" hai="3,6,10,12,13,15,36,39,51,54,59" m="49257" machi="59" ten="30,1500,0" yaku="19,1" doraHai="64" who="0" fromWho="0" sc="380,15,129,-5,250,-5,241,-5" /><INIT seed="4,1,0,0,2,69" ten="395,124,245,236" oya="0" hai0="120,40,106,46,44,22,115,37,71,114,112,62,73" hai1="65,45,75,103,68,119,50,100,76,11,89,78,91" hai2="54,124,26,0,16,107,123,110,79,25,88,125,7" hai3="90,5,101,30,41,64,126,18,72,36,134,117,32"/><T2/><D106/><U99/><E119/><V57/><F123/><W82/><G18/><T43/><D73/><U130/><E130/><V3/><F110/><W129/><G64/><N who="0" m="41367" /><D22/><U83/><E78/><V17/><F107/><W102/><G90/><T116/><D2/><U55/><E65/><V94/><F79/><W49/><G101/><T13/><D13/><U135/><E68/><V96/><F25/><W9/><G9/><T98/><D98/><U58/><E135/><V121/><F121/><W108/><G82/><T27/><D27/><U1/><E100/><V47/><F47/><W48/><G5/><T24/><D24/><U59/><E59/><V84/><F84/><W14/><G14/><T104/><D104/><U95/><REACH who="1" step="1"/><E58/><REACH who="1" ten="395,114,245,236" step="2"/><V15/><F57/><W53/><G129/><T19/><D120/><U122/><E122/><V111/><F88/><W113/><G102/><T74/><D116/><U51/><E51/><V87/><F111/><W4/><G49/><T10/><D114/><U6/><AGARI ba="1,1" hai="1,6,11,45,50,55,75,76,83,89,91,95,99,103" machi="6" ten="30,2000,0" yaku="1,1,0,1,53,0" doraHai="69" doraHaiUra="31" who="1" fromWho="1" sc="395,-11,114,33,245,-6,236,-6" /><INIT seed="5,0,0,3,0,111" ten="384,147,239,230" oya="1" hai0="37,92,39,20,102,40,44,133,3,49,15,48,2" hai1="122,10,129,71,55,130,30,127,66,86,75,74,25" hai2="5,117,29,46,70,54,59,98,104,91,88,38,77" hai3="100,23,51,28,105,18,0,63,113,115,62,24,47"/><U73/><E122/><V116/><F77/><W78/><G0/><T31/><D133/><U26/><E127/><V4/><F70/><W109/><G109/><T52/><D49/><U87/><E55/><V1/><F29/><W96/><G78/><T42/><D39/><U33/><E26/><V97/><F1/><W114/><REACH who="3" step="1"/><G28/><REACH who="3" ten="384,147,239,220" step="2"/><T41/><D31/><U80/><E129/><V79/><F79/><W61/><G61/><T27/><D3/><U12/><E130/><V60/><F60/><W126/><G126/><T125/><D2/><U94/><E30/><V135/><F117/><W132/><G132/><T76/><D76/><U22/><E74/><V72/><F116/><W103/><G103/><T13/><D125/><U43/><E75/><V53/><F72/><W90/><G90/><T17/><D37/><U120/><E73/><V45/><F38/><W95/><G95/><T67/><D67/><U58/><E94/><V83/><F135/><W81/><G81/><T69/><D69/><U50/><E80/><V8/><F83/><W121/><G121/><T14/><D92/><U101/><E101/><AGARI ba="0,1" hai="13,14,15,17,20,27,40,41,42,44,48,52,101,102" machi="101" ten="40,2600,0" yaku="8,1,54,1" doraHai="111" who="0" fromWho="1" sc="384,36,147,-26,239,0,220,0" /><INIT seed="6,0,0,0,3,47" ten="420,121,239,220" oya="2" hai0="54,86,116,66,44,69,105,34,51,103,104,107,39" hai1="60,120,4,41,55,130,128,67,32,72,127,125,27" hai2="26,81,25,93,16,94,113,111,65,6,96,122,3" hai3="132,89,134,115,49,88,10,53,92,102,7,33,48"/><V126/><F122/><W73/><G33/><T18/><D34/><U108/><E72/><V28/><F113/><W62/><G73/><T61/><D116/><U15/><E41/><V85/><F126/><N who="1" m="48137" /><E55/><V52/><F111/><W78/><G78/><T117/><D117/><U68/><E15/><V46/><F65/><W40/><G115/><T17/><D103/><U2/><E108/><V114/><F114/><W79/><G79/><T87/><D39/><U118/><E4/><V23/><F6/><W99/><G62/><T35/><D35/><U110/><E2/><V58/><F46/><N who="3" m="25671" /><G10/><T12/><REACH who="0" step="1"/><D18/><REACH who="0" ten="410,121,239,220" step="2"/><U112/><E118/><V22/><F16/><W106/><G7/><T20/><AGARI ba="0,1" hai="12,17,20,44,51,54,61,66,69,86,87,104,105,107" machi="20" ten="30,7900,0" yaku="1,1,2,1,0,1,52,1,53,0" doraHai="47" doraHaiUra="71" who="0" fromWho="0" sc="410,89,121,-20,239,-39,220,-20" /><INIT seed="7,0,0,5,1,49" ten="499,101,200,200" oya="3" hai0="70,40,103,135,116,59,6,52,50,113,106,122,125" hai1="124,0,132,10,76,62,19,54,37,108,100,34,57" hai2="104,107,3,96,79,35,131,91,117,13,41,14,102" hai3="114,42,101,38,120,68,2,83,87,12,84,30,111"/><W53/><G120/><T93/><D93/><U110/><E34/><V82/><F3/><W51/><G2/><T112/><D6/><U109/><E37/><V88/><F35/><W127/><G68/><T133/><D116/><U128/><E76/><V71/><F71/><W130/><G130/><T58/><D103/><U105/><E105/><V8/><F107/><W121/><G30/><T92/><D106/><U60/><E100/><V77/><F77/><W7/><G121/><T20/><D92/><U5/><E128/><V85/><F117/><W1/><G1/><T55/><D70/><U29/><E29/><V73/><F131/><W75/><G114/><N who="0" m="44139" /><D40/><U67/><E132/><V16/><F41/><W17/><G7/><T47/><D47/><U78/><E124/><V18/><F73/><W74/><G111/><T11/><D11/><AGARI ba="0,0" hai="8,11,13,14,16,18,79,82,85,88,91,96,102,104" machi="11" ten="30,7700,0" yaku="7,1,9,1,54,2" doraHai="49" who="2" fromWho="0" sc="499,-77,101,0,200,77,200,0" owari="422,52.0,101,-40.0,277,8.0,200,-20.0" /></mjloggm>