<mjloggm ver="2.3"><GO type="169" lobby="0"/><UN n0="%6D%61%74%6F%30%36%30%33" n1="%E7%81%AB%E9%9C%8A%E5%A4%A2" n2="%E3%82%88%E3%81%97%E3%81%A0%E3%81%84%E3%81%9F%E3%82%8B" n3="%50%65%74%65%72%50%61%6E" dan="17,17,17,16" rate="2198.50,2269.81,2175.88,2115.20" sx="M,M,M,M"/><TAIKYOKU oya="0"/><INIT seed="0,0,0,1,3,109" ten="250,250,250,250" oya="0" hai0="134,48,125,126,25,91,85,67,37,121,98,132,40" hai1="42,90,76,39,127,30,27,69,117,9,61,87,110" hai2="2,129,22,107,58,38,89,53,33,70,6,36,80" hai3="45,102,10,5,96,130,32,62,16,3,86,122,131"/><T19/><D121/><U50/><E117/><V17/><F70/><W78/><G122/><T4/><D4/><U64/><E110/><V20/><F107/><W47/><G32/><T21/><D37/><U15/><E127/><N who="0" m="48649" /><D98/><U49/><E76/><V65/><F65/><W124/><G124/><T83/><D67/><U44/><E87/><V92/><F33/><W41/><G62/><T79/><D79/><U111/><E111/><V18/><F80/><W135/><G135/><N who="0" m="51755" /><D48/><U82/><E50/><V59/><F6/><W128/><G78/><T57/><D57/><U74/><E39/><V108/><F108/><W71/><G71/><T100/><D100/><U35/><E74/><V8/><F38/><W63/><G96/><T43/><AGARI ba="0,0" hai="19,21,25,40,43,83,85,91" m="51755,48649" machi="43" ten="40,3900,0" yaku="18,1,20,1" doraHai="109" who="0" fromWho="0" sc="250,39,250,-13,250,-13,250,-13" /><INIT seed="0,1,0,1,4,9" ten="289,237,237,237" oya="0" hai0="93,97,54,111,8,40,51,68,99,78,67,102,63" hai1="106,83,120,31,38,76,87,15,64,79,59,37,135" hai2="119,2,127,107,62,89,88,66,0,96,46,52,42" hai3="101,92,17,132,82,133,84,36,128,18,35,114,28"/><T103/><D111/><U3/><E120/><V75/><F75/><W26/><G114/><T74/><D40/><U22/><E3/><V29/><F127/><W53/><G36/><T58/><D8/><U117/><E117/><V56/><F119/><W130/><G53/><T6/><D6/><U112/><E106/><V12/><F29/><W50/><G50/><T43/><D43/><U110/><E110/><V69/><F107/><W85/><G85/><T23/><D23/><U124/><E124/><V60/><F12/><W72/><G72/><T45/><D78/><U81/><E135/><N who="3" m="51786" /><G92/><T98/><D74/><U70/><E70/><V90/><REACH who="2" step="1"/><F96/><REACH who="2" ten="289,237,227,237" step="2"/><W33/><G33/><T48/><D98/><U73/><E31/><V20/><F20/><W129/><G101/><T95/><REACH who="0" step="1"/><D45/><REACH who="0" ten="279,237,227,237" step="2"/><U39/><E22/><V94/><F94/><W16/><G82/><T65/><D65/><U5/><E64/><V4/><F4/><W1/><G84/><T77/><D77/><U19/><E5/><V134/><F134/><W13/><G1/><T44/><D44/><U71/><E87/><V11/><F11/><AGARI ba="1,2" hai="11,13,16,17,18,26,28,35,128,129,130" m="51786" machi="11" ten="40,12000,2" yaku="19,1,20,1,34,2,52,1,54,1" doraHai="9" who="3" fromWho="2" sc="279,0,237,0,227,-123,237,143" /><INIT seed="1,0,0,0,1,96" ten="279,237,104,380" oya="1" hai0="41,75,92,3,15,32,51,98,61,110,125,95,44" hai1="11,132,35,28,58,112,81,133,93,48,8,73,16" hai2="5,56,26,108,89,27,34,123,97,21,127,135,19" hai3="118,76,59,37,57,111,10,128,1,49,53,122,86"/><U104/><E104/><V69/><F69/><W130/><G122/><T124/><D3/><U65/><E112/><V36/><F123/><W82/><G37/><T23/><D32/><U60/><E48/><V106/><F36/><W80/><G111/><T4/><D75/><U54/><E65/><V33/><F108/><W90/><G118/><T25/><D110/><U31/><E35/><V47/><F135/><N who="1" m="51785" /><E93/><V71/><F71/><W91/><G59/><T114/><D114/><U18/><E11/><V87/><F127/><N who="0" m="48714" /><D61/><U55/><E55/><V107/><F5/><N who="3" m="1327" /><G82/><T79/><D79/><N who="1" m="44271" /><E8/><V129/><F33/><W64/><G64/><T62/><D62/><U2/><E2/><V77/><F34/><W134/><G134/><T52/><D4/><U126/><E126/><V43/><F77/><W70/><G70/><T74/><D95/><U63/><E63/><V101/><F107/><W9/><G9/><T115/><D115/><U88/><E88/><V100/><F89/><W30/><G91/><N who="0" m="55583" /><D74/><U121/><E121/><V6/><F6/><W103/><G76/><T117/><D117/><U116/><E116/><V119/><F119/><W14/><G90/><T120/><D120/><U17/><AGARI ba="0,0" hai="16,17,18,28,31,54,58,60" m="44271,51785" machi="17" ten="30,3000,0" yaku="20,1,54,1" doraHai="96" who="1" fromWho="1" sc="279,-10,237,30,104,-10,380,-10" /><INIT seed="1,1,0,1,2,81" ten="269,267,94,370" oya="1" hai0="97,2,122,66,7,98,42,15,19,39,11,41,105" hai1="26,32,23,5,90,117,74,16,54,132,25,75,135" hai2="91,113,33,87,64,118,99,52,84,114,51,95,125" hai3="133,22,104,128,4,17,115,1,49,126,55,24,57"/><U89/><E117/><V78/><F33/><W85/><G115/><N who="2" m="44041" /><F118/><W48/><G104/><T96/><D105/><U86/><E5/><V10/><F125/><W73/><G73/><T111/><D111/><U103/><E103/><V38/><F38/><W120/><G120/><T20/><D122/><U58/><E90/><V71/><F78/><W37/><G37/><T82/><D39/><U44/><E44/><N who="2" m="27751" /><F10/><W18/><G126/><T13/><D2/><U30/><E135/><V50/><F50/><W61/><G133/><T79/><REACH who="0" step="1"/><D66/><REACH who="0" ten="259,267,94,370" step="2"/><U123/><E123/><V40/><F40/><W83/><G1/><T0/><D0/><U131/><E132/><V107/><F107/><W34/><G128/><T35/><D35/><U93/><REACH who="1" step="1"/><E131/><REACH who="1" ten="259,257,94,370" step="2"/><V121/><F121/><W88/><G4/><T59/><D59/><U70/><E70/><V110/><F110/><W76/><G57/><T124/><D124/><U109/><E109/><V62/><AGARI ba="1,2" hai="62,64,71,84,87,91,95,99" m="27751,44041" machi="62" ten="30,7900,0" yaku="11,1,52,2,54,1" doraHai="81" who="2" fromWho="2" sc="259,-21,257,-40,94,102,370,-21" /><INIT seed="2,0,0,5,4,47" ten="238,217,196,349" oya="2" hai0="96,3,18,103,91,37,80,14,5,23,129,118,59" hai1="7,45,94,36,52,111,114,76,10,4,125,115,120" hai2="104,24,121,61,85,69,122,105,93,73,29,128,132" hai3="70,99,9,31,1,67,42,25,68,8,101,32,28"/><V124/><F132/><W49/><G31/><T130/><D37/><U126/><E36/><V113/><F113/><W66/><G68/><T33/><D118/><U48/><E76/><V51/><F128/><W0/><G0/><T56/><D33/><U54/><E111/><V2/><F73/><W116/><G67/><T86/><D3/><U106/><E106/><V107/><F2/><W39/><G39/><T79/><D5/><U20/><E120/><V35/><F124/><N who="1" m="47721" /><E20/><V127/><F127/><W58/><G1/><T78/><D78/><U21/><E21/><V87/><F51/><W6/><G6/><N who="1" m="2090" /><E10/><V65/><REACH who="2" step="1"/><F93/><REACH who="2" ten="238,217,186,349" step="2"/><W117/><G117/><T62/><D130/><U134/><E134/><V19/><F19/><W43/><G116/><T50/><D129/><U100/><E114/><V95/><F95/><W40/><G49/><T119/><D50/><U133/><E115/><V131/><F131/><W75/><G75/><T12/><D119/><U90/><E133/><V38/><F38/><W46/><G28/><T60/><D18/><U82/><E48/><V13/><F13/><W84/><G42/><T16/><D12/><U15/><E15/><V44/><F44/><W57/><G43/><T88/><D62/><U22/><E45/><V55/><F55/><W27/><G40/><T71/><D60/><U110/><E110/><V108/><F108/><W53/><G46/><T135/><D135/><U98/><E54/><V89/><F89/><W123/><G53/><T97/><D14/><U83/><E52/><V41/><F41/><W112/><G112/><T34/><D91/><RYUUKYOKU ba="0,1" sc="238,-10,217,-10,186,30,349,-10" hai2="24,29,35,61,65,69,85,87,104,105,107,121,122" /><INIT seed="2,1,1,1,2,20" ten="228,207,216,339" oya="2" hai0="117,24,96,46,88,34,80,105,54,67,29,118,113" hai1="84,63,18,49,77,7,114,22,76,48,23,16,26" hai2="30,123,81,6,104,111,128,98,132,94,72,89,62" hai3="9,116,68,122,100,61,101,124,90,92,11,108,40"/><V28/><F123/><W93/><G122/><T43/><D113/><U31/><E114/><V130/><F132/><W70/><G116/><N who="0" m="44651" /><D67/><U33/><E7/><V83/><F6/><W27/><G40/><T47/><D43/><U41/><E63/><V37/><F37/><W82/><G82/><N who="2" m="31241" /><F72/><W10/><G108/><T91/><D80/><N who="1" m="47111" /><E33/><V71/><F104/><W19/><G124/><T57/><D105/><U87/><E41/><V42/><F42/><W126/><G126/><T95/><D91/><U3/><E3/><V134/><F134/><W78/><G78/><T112/><D112/><U99/><E87/><V133/><F133/><W1/><G1/><T39/><D39/><U53/><E77/><V107/><F107/><W35/><G92/><T119/><N who="0" m="44659" /><T106/><DORA hai="66" /><D106/><U102/><E53/><V60/><F111/><W5/><G5/><T8/><D8/><U120/><E120/><V59/><F59/><W109/><G109/><T0/><D0/><U51/><E23/><V125/><F125/><W56/><G35/><T75/><D75/><U50/><N who="1" m="12288" /><DORA hai="17" /><U97/><E102/><V4/><F4/><W131/><G100/><T58/><D54/><U103/><E103/><V21/><F21/><N who="3" m="13759" /><G101/><T2/><D2/><U36/><E36/><V52/><F52/><W121/><G121/><T135/><D135/><U12/><E12/><V127/><F127/><W110/><G110/><T45/><AGARI ba="1,1" hai="24,29,34,45,46,47,57,58,88,95,96" m="44659" machi="45" ten="50,6400,0" yaku="12,1,52,1,54,1" doraHai="20,66,17" who="0" fromWho="0" sc="228,77,207,-17,216,-33,339,-17" /><INIT seed="3,0,0,5,1,90" ten="305,190,183,322" oya="3" hai0="100,109,54,52,41,101,135,81,98,133,50,12,18" hai1="63,110,96,76,21,40,115,49,24,27,99,14,120" hai2="129,127,103,71,117,94,2,124,60,35,45,25,82" hai3="47,36,122,22,87,61,107,72,106,11,80,26,53"/><W65/><G72/><T0/><D0/><U6/><E115/><V69/><F117/><W42/><G11/><T123/><D123/><U15/><E120/><V1/><F82/><W9/><G9/><T112/><D112/><U97/><E110/><V83/><F83/><W75/><G53/><T38/><D109/><U86/><E6/><V3/><F45/><W108/><G75/><T66/><D66/><U59/><E27/><V104/><F104/><W118/><G118/><T68/><D68/><U7/><E7/><V128/><F60/><W8/><G8/><T70/><D70/><N who="2" m="26634" /><F25/><W44/><G44/><T92/><D38/><U131/><E86/><V105/><F35/><W84/><G84/><T28/><D81/><U125/><E76/><V43/><F43/><W88/><G108/><T62/><D41/><U126/><E49/><V55/><F55/><W67/><G67/><T91/><D28/><U78/><E78/><V116/><F116/><W13/><G122/><T95/><D62/><U31/><E40/><V16/><F16/><N who="3" m="10511" /><G26/><T102/><D50/><U23/><E23/><V114/><F105/><W79/><G79/><T30/><D30/><U56/><E14/><V64/><F64/><W46/><G46/><T77/><D77/><U10/><E15/><V5/><F5/><W93/><G80/><T113/><D113/><U48/><E24/><V20/><F20/><W132/><G106/><T58/><D95/><U121/><E21/><V34/><F34/><W29/><G107/><T51/><D54/><U19/><E31/><V17/><F114/><W73/><G29/><RYUUKYOKU ba="0,0" sc="305,30,190,-10,183,-10,322,-10" hai0="12,18,51,52,58,91,92,98,100,101,102,133,135" /><INIT seed="4,1,0,2,5,65" ten="335,180,173,312" oya="0" hai0="77,45,53,12,10,80,96,54,24,37,57,11,112" hai1="107,97,86,28,31,117,14,42,132,40,108,68,66" hai2="87,123,36,60,91,5,25,47,35,67,101,0,118" hai3="113,128,93,18,52,103,69,116,32,72,34,74,7"/><T134/><D112/><U133/><E108/><V26/><F123/><W78/><G116/><T30/><D134/><N who="1" m="51819" /><E117/><V127/><F127/><W100/><G113/><T84/><D96/><U114/><E114/><V130/><F130/><W33/><G7/><T50/><D12/><U79/><E14/><V94/><F118/><W75/><G78/><T122/><D122/><U13/><E13/><V51/><F36/><W21/><G128/><T46/><D37/><U90/><E79/><V105/><F35/><W6/><G6/><T121/><D121/><U109/><E109/><V56/><F105/><W82/><G82/><T55/><D45/><U3/><E3/><V88/><F101/><W76/><G76/><T106/><D106/><U119/><E119/><V135/><F135/><W38/><G38/><T61/><REACH who="0" step="1"/><D55/><REACH who="0" ten="325,180,173,312" step="2"/><U22/><E97/><V27/><F0/><W41/><G52/><T110/><D110/><U43/><E107/><V83/><F5/><W73/><G41/><T49/><D49/><U98/><E98/><N who="2" m="57671" /><F26/><W8/><G103/><T62/><D62/><N who="1" m="40023" /><E22/><AGARI ba="1,1" hai="10,11,22,24,30,46,50,53,54,57,61,77,80,84" machi="22" ten="30,12000,1" yaku="1,1,7,1,8,1,53,2" doraHai="65" doraHaiUra="4" who="0" fromWho="1" sc="325,133,180,-123,173,0,312,0" /><INIT seed="4,2,0,3,0,50" ten="458,57,173,312" oya="0" hai0="35,102,64,19,49,56,118,4,89,3,31,62,15" hai1="133,116,54,18,103,45,65,86,72,100,47,111,14" hai2="10,117,51,48,46,33,127,39,101,17,63,120,26" hai3="122,77,24,132,80,11,96,13,52,16,131,79,43"/><T12/><D118/><U59/><E72/><V112/><F120/><W55/><G122/><T73/><D73/><U67/><E116/><V115/><F117/><W123/><G123/><T113/><D113/><U119/><E119/><V57/><F127/><W66/><G132/><T42/><D102/><N who="1" m="38955" /><E111/><V121/><F121/><W20/><G131/><T78/><D78/><N who="3" m="29705" /><G43/><T124/><D15/><U28/><E133/><V84/><F84/><W7/><G66/><N who="1" m="25098" /><E86/><V37/><F101/><W8/><G80/><T107/><D49/><N who="1" m="31183" /><E28/><V30/><F39/><W93/><G11/><AGARI ba="2,0" hai="11,14,18,45,47" m="31183,25098,38955" machi="11" ten="30,2000,0" yaku="8,1,52,1" doraHai="50" who="1" fromWho="3" sc="458,0,57,26,173,0,312,-26" /><INIT seed="5,0,0,1,0,109" ten="458,83,173,286" oya="1" hai0="100,48,46,73,126,135,34,66,11,85,32,96,131" hai1="114,106,118,2,133,54,86,98,82,59,20,3,97" hai2="29,67,9,19,77,90,1,44,68,17,51,31,15" hai3="70,57,56,92,103,121,102,79,22,38,119,116,23"/><U76/><E118/><V43/><F1/><W108/><G70/><T33/><D73/><U122/><E122/><V107/><F107/><W113/><G38/><T117/><D117/><U104/><E133/><V55/><F77/><W99/><G79/><T112/><D112/><U37/><E37/><V87/><F19/><W8/><G8/><T58/><D135/><U39/><E39/><V26/><F26/><W14/><G14/><T69/><D69/><U128/><E128/><V93/><F68/><W52/><G121/><T129/><D126/><U125/><E125/><V27/><F67/><W5/><G5/><T12/><D85/><U83/><E20/><N who="2" m="15591" /><F31/><W91/><G108/><T120/><D120/><U0/><E114/><V81/><F93/><W111/><G111/><T53/><D66/><U21/><E21/><V72/><F72/><W45/><G113/><T41/><D12/><U7/><E83/><V124/><F124/><W78/><G78/><T47/><D11/><U16/><E7/><V74/><F74/><W36/><G36/><T134/><D134/><U62/><REACH who="1" step="1"/><E16/><REACH who="1" ten="458,73,173,286" step="2"/><V60/><F81/><W28/><G22/><T42/><D131/><U50/><E50/><V132/><F132/><W13/><G116/><T49/><D129/><U105/><AGARI ba="0,1" hai="0,2,3,54,59,62,76,82,86,97,98,104,105,106" machi="105" ten="40,3900,0" yaku="1,1,0,1,53,0" doraHai="109" doraHaiUra="123" who="1" fromWho="1" sc="458,-13,73,49,173,-13,286,-13" /><INIT seed="5,1,0,2,3,90" ten="445,122,160,273" oya="1" hai0="133,26,16,24,53,14,27,118,39,87,80,100,32" hai1="66,86,97,123,38,46,126,45,57,8,77,134,20" hai2="50,10,1,36,72,62,94,129,40,41,85,11,6" hai3="60,125,70,99,44,31,15,83,102,19,51,25,35"/><U76/><E123/><V91/><F129/><W65/><G83/><T71/><D118/><U107/><E126/><V79/><F11/><W88/><G88/><T12/><D39/><U17/><E38/><V59/><F50/><W48/><G44/><N who="1" m="17002" /><E107/><V23/><F36/><W52/><G52/><T135/><D71/><U28/><E134/><V112/><F112/><W131/><G131/><T43/><D43/><U4/><E28/><V47/><F47/><W124/><G124/><T130/><D130/><U132/><E97/><V75/><F23/><W109/><G109/><T63/><D32/><U3/><E132/><V67/><REACH who="2" step="1"/><F79/><REACH who="2" ten="445,122,150,273" step="2"/><W22/><REACH who="3" step="1"/><G125/><REACH who="3" ten="445,122,150,263" step="2"/><T92/><D135/><U114/><E77/><V29/><F29/><W93/><AGARI ba="1,2" hai="15,19,22,25,31,35,48,51,60,65,70,93,99,102" machi="93" ten="20,8000,1" yaku="1,1,2,1,0,1,7,1,52,1,53,0" doraHai="90" doraHaiUra="103" who="3" fromWho="3" sc="445,-21,122,-41,150,-21,263,103" /><INIT seed="6,0,0,5,4,121" ten="424,81,129,366" oya="2" hai0="90,31,25,41,111,33,28,118,119,55,104,54,102" hai1="68,13,62,132,56,92,72,47,103,123,18,26,79" hai2="30,94,63,106,4,133,60,93,59,19,73,40,86" hai3="126,97,32,127,135,76,12,129,96,69,35,87,101"/><V122/><F122/><W2/><G2/><T43/><D90/><U38/><E123/><V131/><F106/><W8/><G69/><T125/><D125/><N who="3" m="47625" /><G135/><T75/><D75/><U20/><E68/><V24/><F73/><W36/><G36/><T48/><D55/><U114/><E132/><V39/><F133/><W128/><G87/><T82/><D82/><U58/><E114/><V70/><F131/><N who="3" m="50251" /><G76/><T88/><D118/><U50/><E38/><V11/><F86/><W49/><G49/><T51/><D51/><U83/><E103/><V7/><F63/><W105/><G96/><T16/><D48/><U27/><E92/><V89/><F94/><W45/><G45/><T52/><D119/><U124/><E124/><V112/><F93/><W15/><G15/><T17/><D104/><U57/><REACH who="1" step="1"/><E62/><REACH who="1" ten="424,71,129,366" step="2"/><V65/><F70/><W14/><G14/><T3/><D3/><U84/><E84/><V6/><F39/><W100/><G101/><T10/><D102/><U22/><E22/><V0/><F60/><W109/><G32/><T108/><D33/><U61/><E61/><V95/><F65/><W67/><G35/><T99/><D99/><U5/><E5/><V78/><F6/><N who="3" m="3095" /><G67/><T34/><D34/><U53/><AGARI ba="0,1" hai="13,18,20,26,27,47,50,53,56,57,58,72,79,83" machi="53" ten="30,2000,0" yaku="1,1,0,1,53,0" doraHai="121" doraHaiUra="66" who="1" fromWho="1" sc="424,-5,71,30,129,-10,366,-5" /><INIT seed="7,0,0,3,4,9" ten="419,101,119,361" oya="3" hai0="77,76,51,32,91,45,7,90,28,3,134,20,104" hai1="80,16,0,60,40,4,83,48,46,128,50,6,108" hai2="125,132,64,41,78,111,116,70,65,82,130,35,29" hai3="107,86,119,98,13,133,131,109,30,23,2,127,118"/><W74/><G2/><T99/><D32/><U19/><E108/><V55/><F111/><W115/><G109/><T95/><D3/><U94/><E128/><V36/><F116/><W102/><G131/><T92/><D104/><U106/><E106/><V43/><F130/><W93/><G115/><T129/><D134/><U53/><E0/><V87/><F132/><W123/><G123/><T25/><D7/><N who="1" m="2603" /><E60/><V75/><F125/><W12/><G133/><T58/><D58/><N who="1" m="33063" /><E94/><V54/><F75/><W61/><G74/><T135/><D129/><U15/><E19/><V89/><F70/><W39/><G39/><T66/><D66/><N who="2" m="25706" /><F29/><W8/><G61/><T52/><D135/><U120/><E120/><V11/><F35/><W44/><G44/><T114/><D114/><U126/><E126/><V85/><F11/><AGARI ba="0,0" hai="11,15,16,40,46,50,80,83" m="33063,2603" machi="11" ten="30,3900,0" yaku="8,1,52,1,54,1" doraHai="9" who="1" fromWho="2" sc="419,0,101,39,119,-39,361,0" owari="419,52.0,140,-26.0,80,-42.0,361,16.0" /></mjloggm>