<mjloggm ver="2.3"><GO type="185" lobby="0"/><UN n0="%E5%A4%A7%E5%92%8C%E6%A1%9C" n1="%E5%85%A5%E5%B7%A3%E6%9F%9A%E5%AE%9F" n2="%E3%82%B9%E3%83%88%E3%83%A9%EF%BC%81" n3="" dan="18,17,17,0" rate="2338.93,2207.48,2242.07,1500.00" sx="F,F,M,C"/><TAIKYOKU oya="0"/><INIT seed="0,0,0,0,5,44" ten="350,350,350,0" oya="0" hai0="88,58,111,64,51,49,54,63,104,75,115,116,76" hai1="120,86,132,77,68,113,129,45,34,48,122,109,108" hai2="52,92,121,39,131,70,101,32,40,100,80,130,124" hai3=""/><T69/><D115/><U43/><N who="1" m="30752" /><U74/><N who="1" m="31264" /><U93/><E34/><V134/><N who="2" m="31008" /><V35/><F70/><T110/><D104/><U117/><E117/><V103/><F124/><T123/><N who="0" m="31520" /><T3/><D116/><U94/><E132/><V83/><F134/><T56/><D3/><U2/><E129/><N who="2" m="49163" /><F92/><T127/><D127/><U41/><E68/><V79/><F52/><T55/><REACH who="0" step="1"/><D88/><REACH who="0" ten="340,350,350,0" step="2"/><U60/><E2/><V50/><F32/><T99/><D99/><U97/><E113/><V53/><F35/><T82/><AGARI ba="0,1" hai="49,51,54,55,56,58,63,64,69,75,76,82,110,111" m="31520" machi="82" ten="30,12000,2" yaku="1,1,0,1,9,1,52,3,53,1" doraHai="44" doraHaiUra="105" who="0" fromWho="0" sc="340,130,350,-60,350,-60,0,0" /><INIT seed="0,1,0,4,5,129" ten="470,290,290,0" oya="0" hai0="126,99,128,80,62,103,76,123,77,56,109,100,104" hai1="133,41,60,108,124,69,1,58,2,38,74,46,71" hai2="114,64,40,72,86,131,37,111,35,89,116,92,121" hai3=""/><T54/><N who="0" m="31520" /><T61/><D128/><U45/><E74/><V130/><N who="2" m="31008" /><V78/><F35/><T94/><D126/><U84/><E124/><V134/><F64/><T87/><D109/><U50/><E108/><V47/><F111/><T75/><D103/><U73/><E73/><V127/><F114/><T97/><D97/><U57/><E84/><V122/><N who="2" m="31264" /><V52/><F127/><T101/><D101/><U59/><E1/><V112/><F112/><T119/><D119/><U51/><E2/><V81/><F116/><T65/><D76/><U107/><E107/><V82/><F134/><T0/><D0/><U55/><E133/><V106/><F106/><T125/><D125/><U53/><E59/><V85/><REACH who="2" step="1"/><F52/><AGARI ba="1,0" hai="38,41,45,46,50,51,52,53,55,57,58,60,69,71" machi="52" ten="30,16000,3" yaku="7,1,35,6,54,1" doraHai="129" who="1" fromWho="2" sc="470,0,290,162,290,-162,0,0" /><INIT seed="1,0,0,4,0,129" ten="470,452,128,0" oya="1" hai0="89,111,74,94,32,92,68,66,132,42,116,72,122" hai1="112,105,61,38,113,43,125,123,1,58,115,33,99" hai2="71,51,79,117,107,100,48,69,134,106,108,35,3" hai3=""/><U60/><N who="1" m="31520" /><U83/><E1/><V120/><N who="2" m="30752" /><V87/><F3/><T119/><N who="0" m="31264" /><T84/><D32/><U49/><E33/><V131/><F35/><T85/><D42/><U65/><E125/><V121/><N who="2" m="31008" /><V45/><F117/><N who="0" m="45130" /><D111/><U90/><E38/><V75/><F108/><T133/><D66/><U97/><E105/><V126/><F75/><N who="0" m="28714" /><D68/><U124/><E124/><V95/><F126/><T76/><D94/><U101/><E43/><V36/><F95/><T64/><D64/><U118/><E118/><V70/><F70/><T88/><D89/><U103/><E49/><V128/><F36/><T86/><D76/><U39/><E39/><V109/><F79/><T37/><D37/><U96/><E60/><V130/><F130/><T62/><D62/><U55/><E65/><V41/><F41/><T110/><D110/><U78/><E90/><V80/><F109/><T81/><D81/><U73/><AGARI ba="0,0" hai="55,58,61,73,78,83,96,97,99,101,103,112,113,115" m="31520" machi="73" ten="40,2600,0" yaku="0,1,52,1" doraHai="129" who="1" fromWho="1" sc="470,-13,452,26,128,-13,0,0" /><INIT seed="1,1,0,3,1,118" ten="457,478,115,0" oya="1" hai0="88,60,63,64,89,105,112,101,128,135,83,90,42" hai1="121,100,57,62,32,125,33,71,47,82,38,106,94" hai2="73,122,116,59,104,134,68,78,79,114,55,87,130" hai3=""/><U80/><N who="1" m="31008" /><U70/><E106/><V54/><N who="2" m="31264" /><V76/><F116/><T0/><D112/><U34/><E125/><V129/><F73/><T45/><D0/><U117/><E117/><V65/><F104/><T124/><D124/><U92/><E82/><V50/><F114/><T72/><D135/><U77/><E47/><V95/><F134/><T41/><D128/><N who="2" m="49258" /><F68/><T2/><D2/><U108/><E38/><V69/><F69/><T120/><N who="0" m="30752" /><T81/><D41/><U96/><E94/><V36/><F65/><T52/><D52/><U98/><E98/><V85/><F36/><T119/><D119/><U37/><E37/><V99/><F55/><T84/><D72/><U48/><E71/><V61/><F50/><T39/><D81/><U110/><E48/><V123/><N who="2" m="31520" /><V102/><AGARI ba="1,0" hai="54,59,61,76,78,79,85,87,95,99,102" m="31520,49258,31264" machi="102" ten="30,9000,2" yaku="4,1,19,1,52,4" doraHai="118" who="2" fromWho="2" sc="457,-31,478,-61,115,92,0,0" /><INIT seed="2,0,0,2,3,50" ten="426,417,207,0" oya="2" hai0="62,122,0,134,45,37,104,40,73,41,124,44,32" hai1="43,54,131,2,48,34,49,33,99,3,67,114,52" hai2="75,90,76,129,66,46,110,118,132,39,68,53,38" hai3=""/><V80/><F118/><T42/><N who="0" m="31264" /><T120/><N who="0" m="30752" /><T87/><D32/><U116/><E99/><V128/><F132/><T98/><D73/><U115/><E67/><V109/><F68/><T89/><D0/><U92/><E92/><V117/><F66/><T78/><D78/><U1/><E43/><V82/><F117/><T84/><D134/><U60/><E116/><V100/><F100/><T96/><D41/><U57/><E131/><N who="2" m="50251" /><F53/><T61/><D124/><U112/><REACH who="1" step="1"/><E60/><REACH who="1" ten="426,407,207,0" step="2"/><V95/><F82/><T133/><D133/><U56/><AGARI ba="0,1" hai="1,2,3,33,34,48,49,52,54,56,57,112,114,115" machi="56" ten="40,9000,2" yaku="1,1,2,1,0,1,9,1,52,2,54,1,53,0" doraHai="50" doraHaiUra="86" who="1" fromWho="1" sc="426,-30,407,100,207,-60,0,0" /><INIT seed="4,0,0,5,4,101" ten="396,507,147,0" oya="0" hai0="80,64,48,72,99,121,88,87,119,115,32,125,56" hai1="77,114,55,63,117,44,54,111,71,73,38,106,39" hai2="86,46,0,47,37,122,124,109,2,61,123,66,89" hai3=""/><T97/><N who="0" m="31008" /><T3/><D119/><U90/><E111/><V1/><N who="2" m="31264" /><V50/><N who="2" m="31520" /><V108/><F124/><T78/><D3/><U68/><E117/><V65/><F37/><T82/><D32/><U36/><E106/><V112/><F112/><T91/><D125/><U69/><E90/><V110/><F61/><T98/><D115/><U96/><E96/><V113/><F113/><T120/><N who="0" m="30752" /><T105/><D64/><U75/><E77/><V118/><F118/><T129/><D129/><U53/><E114/><V45/><F50/><T83/><D56/><U135/><E63/><V128/><F128/><T94/><D48/><U57/><E57/><V49/><F49/><T85/><D105/><U127/><E127/><V79/><F79/><AGARI ba="0,0" hai="72,78,79,80,82,83,85,87,88,91,94,97,98,99" m="30752,31008" machi="79" ten="30,24000,3" yaku="7,1,35,6,52,2,54,1" doraHai="101" who="0" fromWho="2" sc="396,240,507,0,147,-240,0,0" owari="636,58.0,507,11.0,-93,-69.0,0,0.0" /></mjloggm>