<mjloggm ver="2.3"><GO type="185" lobby="0"/><UN n0="%E6%98%9F%E7%AB%B9%E8%82%89%E3%83%91%E3%82%BB%E3%83%AA" n1="%E3%82%8C%E3%81%99%E3%81%93" n2="%E8%8A%B1%E3%81%A1%E3%82%83%E3%82%93%E3%81%9A" n3="" dan="18,17,16,0" rate="2328.55,2238.06,2119.16,1500.00" sx="M,F,F,C"/><TAIKYOKU oya="0"/><INIT seed="0,0,0,3,1,37" ten="350,350,350,0" oya="0" hai0="133,45,98,79,134,122,34,47,121,46,0,104,40" hai1="76,114,41,70,35,72,42,62,126,84,32,61,96" hai2="120,69,89,105,119,115,49,123,117,71,108,74,64" hai3=""/><T131/><N who="0" m="31008" /><T44/><N who="0" m="31264" /><T63/><D0/><U75/><E126/><V50/><N who="2" m="30752" /><V65/><N who="2" m="31520" /><V77/><F105/><T78/><D34/><U128/><E128/><V57/><F115/><T58/><D131/><U102/><E84/><V135/><F89/><T54/><D98/><U51/><E114/><V85/><F85/><T90/><D90/><U132/><E132/><N who="0" m="50793" /><D104/><U107/><E32/><V111/><F135/><T97/><D97/><U116/><E35/><V103/><F103/><T87/><D87/><U118/><E96/><V60/><F77/><N who="0" m="29194" /><D45/><U125/><E76/><V1/><F1/><T94/><D94/><U2/><E107/><V55/><F74/><T81/><D81/><U109/><E2/><V39/><F39/><AGARI ba="0,0" hai="39,40,44,46,47,54,58,63" m="29194,50793,31264,31008" machi="39" ten="30,11600,0" yaku="20,1,52,3" doraHai="37" who="0" fromWho="2" sc="350,116,350,0,350,-116,0,0" /><INIT seed="0,1,0,2,0,55" ten="466,350,234,0" oya="0" hai0="99,90,50,121,91,33,127,69,41,53,134,2,129" hai1="132,97,40,61,76,75,65,120,112,107,45,39,103" hai2="95,74,105,49,115,125,94,93,64,87,86,82,89" hai3=""/><T48/><N who="0" m="31008" /><T108/><D33/><U46/><N who="1" m="30752" /><U70/><E132/><V117/><F115/><T62/><D2/><U66/><E46/><V52/><F117/><T37/><D129/><U100/><E100/><V80/><F105/><T59/><D134/><U35/><E66/><V51/><F125/><T119/><D119/><U122/><N who="1" m="31264" /><U124/><E124/><V57/><F64/><T73/><D73/><U54/><E54/><V118/><F74/><T111/><D127/><U67/><E67/><V71/><F118/><T43/><D43/><U109/><BYE who="0" /><E109/><UN n0="%E6%98%9F%E7%AB%B9%E8%82%89%E3%83%91%E3%82%BB%E3%83%AA" /><V47/><F71/><T79/><D69/><U130/><E112/><V72/><F72/><T114/><D37/><U128/><E35/><V83/><REACH who="2" step="1"/><F89/><REACH who="2" ten="466,350,224,0" step="2"/><T34/><D90/><U63/><E130/><V38/><F38/><T3/><D114/><U56/><E128/><V106/><F106/><T60/><D34/><U113/><E113/><V77/><F77/><T44/><D79/><U101/><E76/><V85/><F85/><T1/><D1/><U68/><E75/><V78/><F78/><T96/><D3/><U133/><E39/><V32/><F32/><T92/><D96/><U131/><E97/><V98/><F98/><T102/><D91/><RYUUKYOKU ba="1,1" sc="466,10,350,-20,224,10,0,0" hai0="41,44,48,50,53,59,60,62,92,99,102,108,111" hai2="47,49,51,52,57,80,82,83,86,87,93,94,95" /><INIT seed="0,2,1,1,5,89" ten="476,330,234,0" oya="0" hai0="101,42,94,134,1,73,75,85,39,96,2,111,104" hai1="54,133,55,135,99,76,62,46,43,58,52,83,34" hai2="0,60,72,57,80,130,105,129,50,106,82,109,79" hai3=""/><T128/><D134/><N who="1" m="51211" /><E34/><V91/><F0/><T123/><N who="0" m="31520" /><T114/><D114/><U63/><E99/><V47/><F109/><T131/><D111/><U102/><E102/><V117/><F82/><T45/><D1/><U107/><E107/><V61/><F91/><T48/><D2/><U113/><E113/><V38/><F38/><T125/><D125/><U81/><E63/><V108/><F108/><T53/><D85/><U95/><E95/><V71/><F71/><T69/><D69/><U121/><N who="1" m="31008" /><U118/><E118/><V87/><F72/><T49/><D104/><U98/><E98/><V120/><N who="2" m="30752" /><V119/><F61/><T97/><D96/><U112/><E112/><V3/><F3/><T35/><D35/><U41/><E41/><V90/><F106/><T36/><D73/><U124/><E124/><V33/><F105/><T84/><D84/><U51/><E76/><V64/><F79/><T93/><D94/><U67/><AGARI ba="2,1" hai="43,46,51,52,54,55,58,62,67,81,83" m="31008,51211" machi="67" ten="30,3000,0" yaku="20,1,52,1,54,1" doraHai="89" who="1" fromWho="1" sc="476,-22,330,44,234,-12,0,0" /><INIT seed="1,0,0,1,3,100" ten="454,374,222,0" oya="1" hai0="99,123,47,102,34,118,1,3,90,37,83,124,112" hai1="36,129,135,41,122,35,130,97,60,51,117,75,113" hai2="62,54,73,46,42,70,120,56,77,66,68,80,52" hai3=""/><U107/><RYUUKYOKU type="yao9" ba="0,0" sc="454,0,374,0,222,0,0,0" hai1="35,36,41,51,60,75,97,107,113,117,122,129,130,135" /><INIT seed="1,1,0,4,1,95" ten="454,374,222,0" oya="1" hai0="99,132,40,33,77,104,112,96,92,84,2,50,35" hai1="116,130,36,68,83,128,135,117,71,93,75,45,48" hai2="42,60,61,78,119,76,49,37,115,57,43,89,81" hai3=""/><U129/><E135/><V85/><F119/><N who="1" m="45641" /><E36/><V55/><F115/><T69/><D2/><U62/><E62/><V123/><N who="2" m="31520" /><V103/><F37/><T125/><D69/><U1/><E1/><V100/><F61/><T91/><D112/><U63/><E63/><V124/><F124/><T67/><D67/><U39/><E39/><V133/><F133/><T65/><D65/><U105/><E105/><V126/><F126/><T98/><D104/><U53/><E93/><V113/><F113/><T131/><D125/><U111/><E111/><V82/><F82/><T118/><D118/><U34/><E34/><V107/><F107/><T110/><D110/><U109/><E109/><V46/><REACH who="2" step="1"/><F42/><REACH who="2" ten="454,374,212,0" step="2"/><T52/><D40/><U47/><E83/><V90/><F90/><T66/><D132/><U127/><E127/><V102/><AGARI ba="1,1" hai="43,46,49,55,57,60,76,78,81,85,89,100,102,103" m="31520" machi="102" ten="30,9000,2" yaku="1,1,0,1,8,1,52,1,53,2" doraHai="95" doraHaiUra="74" who="2" fromWho="2" sc="454,-31,374,-61,212,102,0,0" /><INIT seed="2,0,0,5,2,63" ten="423,313,314,0" oya="2" hai0="78,133,36,110,104,115,93,56,100,99,71,51,77" hai1="107,55,86,101,66,72,3,131,74,47,119,118,109" hai2="124,87,128,73,117,44,94,122,129,34,58,97,114" hai3=""/><V105/><N who="2" m="31264" /><V67/><F34/><T79/><D36/><U0/><E109/><V123/><N who="2" m="31520" /><V60/><F117/><N who="1" m="44553" /><E131/><N who="2" m="50251" /><F114/><T61/><D110/><U102/><E86/><V81/><F73/><N who="1" m="28265" /><E66/><V42/><F124/><T85/><D85/><U127/><E127/><V40/><F44/><T37/><D78/><U113/><E113/><V70/><F70/><T108/><D77/><U59/><E47/><V132/><F105/><T52/><D104/><U50/><E107/><V98/><F132/><T90/><D133/><U65/><E65/><V1/><F1/><AGARI ba="0,0" hai="0,1,3,50,55,59,101,102" m="28265,44553" machi="1" ten="40,1300,0" yaku="12,1" doraHai="63" who="1" fromWho="2" sc="423,0,313,13,314,-13,0,0" /><INIT seed="4,0,0,0,2,76" ten="423,326,301,0" oya="0" hai0="66,124,98,90,53,58,71,121,40,72,100,82,43" hai1="67,92,102,1,112,133,97,129,78,32,115,50,81" hai2="95,118,126,41,57,45,120,63,3,49,42,122,127" hai3=""/><T75/><N who="0" m="31008" /><T110/><D124/><N who="2" m="47658" /><F3/><T135/><D135/><U0/><E32/><V79/><N who="2" m="30752" /><V91/><N who="2" m="31264" /><V56/><F79/><T113/><D113/><N who="1" m="43595" /><E133/><V89/><F118/><T60/><D110/><U2/><E129/><V46/><F95/><T116/><D116/><U64/><E50/><V123/><N who="2" m="31520" /><V84/><F84/><AGARI ba="0,0" hai="0,1,2,64,67,78,81,84,92,97,102" m="43595" machi="84" ten="40,5200,0" yaku="15,1,11,1,52,1" doraHai="76" who="1" fromWho="2" sc="423,0,326,52,301,-52,0,0" /><INIT seed="5,0,0,5,0,37" ten="423,378,249,0" oya="1" hai0="48,49,132,97,52,85,1,75,51,91,104,98,71" hai1="92,38,81,39,135,126,80,103,61,50,76,88,47" hai2="109,86,89,55,122,60,43,2,101,110,114,44,128" hai3=""/><U82/><E135/><V99/><N who="2" m="31264" /><V120/><N who="2" m="30752" /><V96/><F2/><T64/><D1/><U32/><E32/><V124/><F124/><T129/><D75/><U100/><E126/><V65/><F128/><T73/><D73/><U72/><E61/><V33/><F55/><T41/><D129/><U54/><E76/><V117/><F117/><T119/><D71/><U0/><E72/><V66/><F33/><T131/><D64/><U87/><REACH who="1" step="1"/><E0/><REACH who="1" ten="423,368,249,0" step="2"/><V93/><F66/><T102/><D132/><U78/><E78/><V105/><F114/><T63/><D63/><U34/><E34/><V90/><F60/><T58/><D131/><U113/><E113/><V70/><F65/><T57/><D119/><U59/><E59/><V69/><F69/><T107/><D57/><U134/><E134/><V94/><REACH who="2" step="1"/><F70/><REACH who="2" ten="423,368,239,0" step="2"/><T112/><D112/><U74/><E74/><V123/><N who="2" m="31520" /><V83/><F83/><T62/><D62/><U116/><E116/><V108/><F108/><T46/><D58/><U95/><E95/><V121/><N who="2" m="31008" /><V79/><F79/><T36/><D104/><U115/><E115/><V56/><F56/><T127/><D127/><U3/><E3/><V67/><F67/><T111/><D111/><RYUUKYOKU ba="0,2" sc="423,-20,368,10,239,10,0,0" hai1="38,39,47,50,54,80,81,82,87,88,92,100,103" hai2="43,44,86,89,90,93,94,96,99,101,105,109,110" /><INIT seed="5,1,2,5,0,77" ten="403,378,249,0" oya="1" hai0="133,129,60,71,66,82,76,70,55,125,75,54,103" hai1="47,42,100,62,65,34,58,122,86,89,127,94,63" hai2="113,32,72,123,1,85,64,101,93,61,49,57,121" hai3=""/><U112/><N who="1" m="31264" /><U132/><E34/><V109/><N who="2" m="31008" /><V98/><N who="2" m="31520" /><V74/><F109/><T96/><D125/><U102/><E127/><V80/><F32/><T67/><D133/><U78/><E132/><V50/><F1/><T45/><D129/><U108/><E112/><V130/><F130/><T105/><D45/><U38/><E108/><V104/><F104/><T46/><D46/><U41/><E41/><V134/><F134/><T110/><D110/><U111/><E111/><V81/><F81/><T128/><D128/><U3/><E3/><V92/><F92/><T126/><D126/><U79/><E79/><V44/><F50/><T40/><D40/><U53/><REACH who="1" step="1"/><E78/><REACH who="1" ten="403,368,249,0" step="2"/><V56/><F113/><T37/><D76/><U135/><E135/><V131/><F131/><T116/><D75/><U118/><E118/><V39/><F74/><T33/><D116/><U91/><E91/><V43/><F72/><T2/><D33/><U95/><E95/><V83/><REACH who="2" step="1"/><F85/><REACH who="2" ten="403,368,239,0" step="2"/><T36/><D2/><U59/><AGARI ba="1,4" hai="38,42,47,53,58,59,62,63,65,86,89,94,100,102" m="31264" machi="59" ten="20,5200,0" yaku="1,1,0,1,7,1,52,1,53,0" doraHai="77" doraHaiUra="35" who="1" fromWho="1" sc="403,-27,368,94,239,-27,0,0" /><INIT seed="5,2,0,2,1,68" ten="376,462,212,0" oya="1" hai0="131,3,46,79,116,88,64,76,100,93,103,59,90" hai1="110,114,122,35,54,108,65,101,123,98,39,34,80" hai2="99,121,43,0,95,53,60,129,78,62,51,77,32" hai3=""/><U82/><N who="1" m="31264" /><U91/><N who="1" m="31520" /><U81/><E114/><V97/><N who="2" m="31008" /><V119/><F0/><T2/><D131/><U52/><E39/><V56/><F32/><T133/><D133/><U132/><E132/><V71/><F119/><T126/><D126/><U83/><E65/><V120/><N who="2" m="30752" /><V130/><F71/><T55/><D46/><U106/><E91/><V86/><F43/><T41/><D41/><U94/><E106/><V67/><F99/><T42/><D64/><U75/><E34/><V115/><F115/><T111/><D116/><U49/><E35/><V44/><F62/><T45/><D111/><N who="1" m="42539" /><E49/><V61/><F61/><T92/><D2/><U63/><E63/><V69/><F69/><T102/><D3/><U125/><E125/><V112/><F112/><T105/><D105/><U135/><E135/><V124/><F124/><T84/><D100/><U58/><E58/><V37/><F37/><T134/><D102/><U72/><E72/><V40/><F67/><T36/><D134/><U85/><E85/><V104/><F104/><T117/><D117/><U109/><E109/><V128/><F86/><T47/><D36/><U127/><E127/><V87/><F87/><T48/><D84/><U118/><E98/><RYUUKYOKU ba="2,0" sc="376,-10,462,-10,212,20,0,0" hai2="40,44,51,53,56,60,77,78,95,97,128,129,130" /><INIT seed="6,3,0,1,4,90" ten="366,452,232,0" oya="2" hai0="64,112,102,122,81,35,120,39,127,53,63,83,43" hai1="34,123,33,131,62,125,100,135,92,116,132,82,68" hai2="65,45,75,49,67,113,70,74,32,66,88,71,103" hai3=""/><V52/><F32/><T91/><N who="0" m="30752" /><T109/><N who="0" m="31264" /><T85/><D109/><U86/><N who="1" m="31520" /><U108/><E108/><V94/><F103/><T115/><D35/><U72/><E72/><V93/><F113/><N who="0" m="43594" /><D127/><U117/><E125/><V101/><F101/><T77/><D53/><U55/><E131/><V128/><F128/><T0/><D0/><U56/><E68/><V2/><F2/><T76/><D102/><U60/><E60/><V40/><F40/><T110/><D110/><U107/><E107/><V78/><F78/><T118/><D118/><N who="1" m="45675" /><E34/><V97/><REACH who="2" step="1"/><F94/><REACH who="2" ten="366,452,222,0" step="2"/><T119/><D119/><U57/><E33/><V126/><F126/><T124/><D124/><U129/><E129/><V44/><F44/><T84/><D43/><U96/><E57/><V80/><F80/><T134/><D76/><AGARI ba="3,1" hai="55,56,62,76,82,86,92,96,100,132,135" m="45675,31520" machi="76" ten="30,3900,0" yaku="12,1,52,2" doraHai="90" who="1" fromWho="0" sc="366,-45,452,55,222,0,0,0" owari="321,-8.0,507,46.0,222,-38.0,0,0.0" /></mjloggm>