<mjloggm ver="2.3"><GO type="185" lobby="0"/><UN n0="%E2%99%AA%E5%A4%A2%E5%85%88%E6%A1%88%E5%86%85%E4%BA%BA" n1="%E4%BD%90%E8%97%A4%E3%82%AB%E3%82%A4%E3%82%B8" n2="%E3%83%8F%E3%83%94%E3%83%AA%E3%83%83%E3%83%88" n3="" dan="16,16,17,0" rate="2223.75,2182.97,2250.75,1500.00" sx="F,F,M,C"/><TAIKYOKU oya="0"/><INIT seed="0,0,0,3,0,135" ten="350,350,350,0" oya="0" hai0="96,43,49,104,40,58,120,106,116,57,132,95,67" hai1="110,85,77,90,3,122,82,2,79,81,37,99,56" hai2="127,72,133,88,66,62,60,105,134,115,113,47,70" hai3=""/><T112/><N who="0" m="30752" /><T55/><D112/><U117/><N who="1" m="31264" /><U74/><E117/><V52/><F105/><T78/><D116/><U129/><E129/><V109/><F72/><T123/><N who="0" m="31520" /><T108/><D132/><U83/><E37/><V54/><F133/><T87/><D108/><U35/><E35/><V103/><F109/><T84/><D87/><U68/><E68/><V121/><F134/><T111/><D111/><U36/><E36/><V80/><F115/><T59/><D106/><U86/><E110/><V71/><F113/><T125/><D104/><U1/><E56/><N who="0" m="21609" /><D125/><U75/><E99/><V64/><F127/><T38/><D38/><U51/><E51/><V0/><F0/><T46/><N who="0" m="21617" /><T114/><DORA hai="94" /><D67/><U92/><REACH who="1" step="1"/><E86/><REACH who="1" ten="350,340,350,0" step="2"/><V89/><F71/><T34/><D34/><U91/><E91/><V102/><F70/><T76/><D114/><U124/><E124/><V100/><F121/><T98/><D98/><U130/><E130/><V118/><F118/><T41/><D84/><U48/><E48/><V119/><F119/><T128/><D128/><U61/><E61/><V32/><F32/><T93/><D96/><U65/><E65/><V33/><F33/><T107/><D107/><U73/><AGARI ba="0,1" hai="1,2,3,73,74,75,77,79,81,82,83,85,90,92" m="31264" machi="73" ten="50,9000,2" yaku="1,1,5,1,0,1,29,2,52,1,53,0" doraHai="135,94" doraHaiUra="63,126" who="1" fromWho="1" sc="350,-60,340,100,350,-30,0,0" /><INIT seed="1,0,0,2,0,132" ten="290,440,320,0" oya="1" hai0="35,69,58,89,107,122,63,96,117,102,37,103,115" hai1="80,97,44,59,75,129,108,123,40,77,92,106,61" hai2="74,48,94,41,127,120,109,79,93,128,43,121,100" hai3=""/><U111/><N who="1" m="31520" /><U54/><E129/><V87/><N who="2" m="30752" /><V105/><N who="2" m="31008" /><V1/><F1/><T78/><N who="0" m="31264" /><T118/><D115/><U72/><E106/><V67/><F128/><T0/><D0/><U52/><E72/><V33/><F33/><T47/><D35/><U70/><E70/><V125/><F109/><N who="1" m="42057" /><E59/><V90/><F67/><T113/><D113/><U39/><E61/><V71/><F71/><T112/><D78/><U126/><E126/><N who="2" m="48139" /><F105/><T99/><D112/><U88/><AGARI ba="0,0" hai="39,40,44,52,54,75,77,80,88,92,97" m="42057,31520" machi="88" ten="30,8000,1" yaku="14,1,10,1,52,1,54,2" doraHai="132" who="1" fromWho="1" sc="290,-40,440,80,320,-40,0,0" /><INIT seed="1,1,0,4,5,57" ten="250,520,280,0" oya="1" hai0="36,56,77,54,63,135,80,128,87,126,100,107,43" hai1="44,74,72,0,125,66,45,134,110,93,61,122,85" hai2="34,112,118,113,69,78,94,65,59,58,64,109,108" hai3=""/><U106/><N who="1" m="31264" /><U133/><E106/><V51/><F78/><T102/><D126/><U88/><E0/><V127/><F34/><T60/><D128/><U47/><E125/><V121/><N who="2" m="31008" /><V46/><F127/><T33/><D135/><N who="1" m="51723" /><E110/><N who="2" m="42603" /><F94/><T42/><D33/><U131/><E131/><V71/><F118/><T67/><D36/><U123/><N who="1" m="31520" /><U81/><E93/><V115/><F59/><AGARI ba="1,0" hai="44,45,47,59,61,66,72,74,81,85,88" m="31520,51723,31264" machi="59" ten="30,12000,1" yaku="20,1,52,3,54,1" doraHai="57" who="1" fromWho="2" sc="250,0,520,122,280,-122,0,0" /><INIT seed="1,2,0,2,4,56" ten="250,642,158,0" oya="1" hai0="35,51,2,84,36,57,32,42,54,37,110,77,79" hai1="68,89,61,43,33,124,49,125,39,63,114,118,71" hai2="82,75,108,134,85,83,65,94,62,53,122,116,126" hai3=""/><U111/><E33/><V41/><N who="2" m="31264" /><V132/><F116/><T3/><D110/><U103/><E103/><V106/><F106/><T99/><D99/><U123/><N who="1" m="31520" /><U117/><E39/><V58/><F108/><T130/><D130/><U66/><E89/><V105/><F105/><T50/><D57/><U60/><E114/><V44/><F126/><N who="1" m="48745" /><E111/><V96/><F75/><T45/><D36/><U90/><E90/><V70/><F85/><T128/><D37/><U98/><E98/><V81/><F41/><T74/><D84/><U88/><E88/><V131/><F131/><T34/><D128/><U121/><N who="1" m="31008" /><U73/><E73/><V67/><F44/><T0/><D74/><U107/><E107/><V48/><REACH who="2" step="1"/><F67/><REACH who="2" ten="250,642,148,0" step="2"/><T133/><D34/><U109/><E109/><V92/><F92/><T80/><D32/><U112/><E112/><V95/><F95/><T93/><D35/><U101/><E66/><V55/><F55/><T69/><D54/><U40/><E40/><V119/><F119/><N who="1" m="45577" /><E101/><AGARI ba="2,1" hai="48,53,58,62,65,70,81,82,83,94,96,101,132,134" m="31264" machi="101" ten="40,8000,1" yaku="1,1,52,2,53,1" doraHai="56" doraHaiUra="46" who="2" fromWho="1" sc="250,0,642,-84,148,94,0,0" /><INIT seed="2,0,0,2,4,56" ten="250,558,242,0" oya="2" hai0="69,123,114,104,93,58,47,109,128,70,113,62,60" hai1="124,97,96,89,134,94,122,110,34,78,81,67,53" hai2="100,83,54,1,117,85,76,2,120,88,50,64,32" hai3=""/><V74/><N who="2" m="30752" /><V49/><F32/><T55/><N who="0" m="31520" /><T129/><D104/><U45/><N who="1" m="31264" /><U106/><E34/><V36/><F117/><T3/><D3/><U87/><E110/><V61/><F36/><T66/><D93/><U131/><E134/><V101/><F1/><T107/><D107/><U73/><E131/><N who="0" m="50249" /><D109/><U108/><E108/><V37/><F37/><T59/><D47/><U63/><E124/><V77/><F2/><T102/><D102/><U92/><E106/><V95/><F76/><T132/><D132/><U33/><E33/><V42/><F42/><T103/><D103/><U82/><E94/><V105/><F105/><T0/><D0/><U52/><E45/><V90/><F90/><T119/><D119/><U112/><E97/><V130/><F130/><T38/><D38/><U57/><E112/><AGARI ba="0,0" hai="55,58,59,60,62,66,69,70,112,113,114" m="50249,31520" machi="112" ten="30,12000,2" yaku="11,1,19,1,34,2,52,3" doraHai="56" who="0" fromWho="1" sc="250,120,558,-120,242,0,0,0" /><INIT seed="4,0,0,3,5,85" ten="370,438,242,0" oya="0" hai0="52,95,74,55,59,102,75,104,53,41,45,124,103" hai1="56,78,127,122,87,46,79,36,92,77,101,83,120" hai2="86,107,113,0,60,119,133,132,38,82,110,70,34" hai3=""/><T89/><D124/><U88/><N who="1" m="30752" /><U131/><N who="1" m="31264" /><U112/><E127/><V121/><F86/><T117/><D117/><U123/><N who="1" m="31520" /><U67/><E131/><V135/><F82/><T58/><D74/><U40/><E112/><V1/><F60/><T96/><D75/><U100/><REACH who="1" step="1"/><E83/><REACH who="1" ten="370,428,242,0" step="2"/><V68/><F133/><T106/><D106/><U3/><E3/><V98/><F135/><T108/><D108/><U54/><E54/><V49/><F0/><T94/><D104/><U32/><E32/><V62/><F34/><T73/><D73/><U97/><E97/><V64/><F98/><T126/><D126/><U130/><E130/><V111/><F113/><T61/><D55/><U80/><E80/><V105/><F111/><T115/><D115/><U99/><E99/><V134/><F107/><T35/><D35/><U2/><E2/><V47/><F132/><T43/><D95/><U81/><E81/><V93/><F93/><T129/><D129/><U76/><N who="1" m="19456" /><DORA hai="71" /><U48/><E48/><V128/><F49/><T37/><D41/><U109/><E109/><V66/><F110/><T69/><D53/><U39/><E39/><V91/><F38/><T90/><D52/><U118/><E118/><V65/><F119/><RYUUKYOKU ba="0,1" sc="370,-10,428,20,242,-10,0,0" hai1="36,40,46,56,67,87,88,92,100,101" /><INIT seed="5,1,1,4,3,98" ten="360,448,232,0" oya="1" hai0="70,135,84,45,46,65,64,118,95,57,127,39,101" hai1="51,47,66,125,76,132,128,130,85,63,75,102,58" hai2="2,1,61,99,41,82,3,90,110,112,38,113,0" hai3=""/><U114/><E114/><N who="2" m="44139" /><F110/><T109/><D109/><U86/><E132/><V133/><N who="2" m="0" /><DORA hai="116" /><V74/><F133/><T120/><N who="0" m="30752" /><T115/><D127/><U119/><E119/><V62/><F41/><T108/><D70/><U49/><E49/><V111/><F38/><T67/><D118/><U43/><E125/><V53/><F111/><T104/><D108/><U80/><REACH who="1" step="1"/><E102/><REACH who="1" ten="360,438,232,0" step="2"/><V42/><F99/><T34/><D115/><U103/><E103/><V32/><F32/><T77/><D101/><U33/><E33/><V72/><F42/><T56/><D34/><U87/><AGARI ba="1,2" hai="43,47,51,58,63,66,75,76,80,85,86,87,128,130" machi="87" ten="30,2000,0" yaku="1,1,0,1,53,0" doraHai="98,116" doraHaiUra="48,134" who="1" fromWho="1" sc="360,-11,438,42,232,-11,0,0" /><INIT seed="5,2,0,2,5,62" ten="349,480,221,0" oya="1" hai0="122,133,94,3,2,42,38,100,1,33,116,87,70" hai1="108,37,89,66,51,111,88,78,63,60,36,121,65" hai2="105,61,118,91,86,119,32,47,54,103,126,134,57" hai3=""/><U64/><N who="1" m="31008" /><U125/><E125/><V80/><F32/><T69/><N who="0" m="31264" /><T106/><D33/><U49/><E65/><V115/><F126/><T95/><D133/><U84/><E84/><V81/><F134/><T112/><D112/><U110/><E110/><V68/><F115/><T90/><D106/><U73/><E78/><V123/><N who="2" m="31520" /><V59/><F68/><T132/><D116/><U109/><REACH who="1" step="1"/><E111/><REACH who="1" ten="349,470,221,0" step="2"/><V124/><F124/><T72/><D132/><U102/><E102/><V83/><F119/><T135/><D135/><U79/><E79/><V82/><F118/><T97/><D72/><AGARI ba="2,1" hai="36,37,49,51,60,63,64,66,72,73,88,89,108,109" m="31008" machi="72" ten="25,18000,2" yaku="1,1,22,2,52,3,54,1,53,0" doraHai="62" doraHaiUra="53" who="1" fromWho="0" sc="349,-184,470,194,221,0,0,0" /><INIT seed="5,3,0,4,0,55" ten="165,664,221,0" oya="1" hai0="133,72,102,57,93,114,84,96,54,101,51,33,47" hai1="66,88,48,97,94,38,103,128,46,39,85,115,52" hai2="90,42,135,0,112,98,122,32,106,127,83,76,34" hai3=""/><U56/><E115/><V50/><N who="2" m="31264" /><V1/><F112/><T69/><D114/><U107/><E128/><V134/><F127/><T53/><D72/><U117/><E117/><V74/><F42/><T121/><N who="0" m="31008" /><T70/><D33/><N who="2" m="12906" /><F50/><T91/><D133/><N who="2" m="50698" /><F90/><T89/><D89/><U49/><E66/><V132/><N who="2" m="50706" /><V58/><DORA hai="68" /><F58/><T87/><D84/><U95/><E107/><V60/><F60/><T120/><N who="0" m="30752" /><T118/><D118/><U41/><AGARI ba="3,0" hai="38,39,41,46,48,49,52,56,85,88,94,95,97,103" machi="41" ten="20,12000,2" yaku="0,1,7,1,52,3,54,2" doraHai="55,68" who="1" fromWho="1" sc="165,-63,664,126,221,-63,0,0" /><INIT seed="5,4,0,4,3,131" ten="102,790,158,0" oya="1" hai0="68,123,37,102,122,67,105,93,47,134,92,33,86" hai1="73,90,114,125,58,76,133,128,46,118,113,120,40" hai2="77,32,135,69,94,112,80,48,121,61,126,50,101" hai3=""/><U57/><N who="1" m="30752" /><U89/><E118/><V1/><N who="2" m="31008" /><V34/><F1/><T129/><N who="0" m="31264" /><T43/><N who="0" m="31520" /><T97/><D33/><U132/><E128/><V49/><F126/><T72/><D72/><U56/><E125/><V111/><F111/><T87/><D129/><U64/><E64/><V75/><F112/><N who="1" m="43113" /><E76/><V85/><F135/><N who="1" m="51785" /><E73/><V55/><F75/><T119/><D119/><U78/><E78/><V52/><F77/><T100/><D134/><U109/><E109/><V35/><F32/><T110/><D110/><U0/><E0/><V63/><F34/><T84/><D102/><U3/><E3/><V70/><F101/><T96/><D96/><U104/><E104/><V45/><F35/><T65/><D65/><U39/><AGARI ba="4,0" hai="39,40,46,56,57,58,89,90" m="51785,43113,30752" machi="39" ten="40,12000,2" yaku="15,1,20,1,52,4" doraHai="131" who="1" fromWho="1" sc="102,-64,790,128,158,-64,0,0" /><INIT seed="5,5,0,2,2,74" ten="38,918,94,0" oya="1" hai0="91,130,39,33,82,85,92,80,36,112,97,61,83" hai1="37,99,122,40,35,79,113,86,53,133,62,109,132" hai2="129,126,57,1,106,81,104,98,123,56,34,103,43" hai3=""/><U76/><N who="1" m="31264" /><U54/><E113/><V88/><N who="2" m="31520" /><V116/><F116/><T135/><D33/><U102/><E35/><V50/><F1/><T114/><D130/><U32/><E32/><V125/><F129/><T0/><D0/><U60/><E109/><V108/><F106/><T66/><D135/><N who="1" m="51787" /><E40/><V64/><F43/><T119/><D119/><U131/><E37/><V87/><F108/><T134/><D134/><U84/><E131/><V65/><F125/><T67/><D67/><U75/><E75/><V101/><F64/><T44/><D36/><U128/><E128/><V110/><F65/><T115/><D39/><U59/><E86/><V46/><F87/><T96/><REACH who="0" step="1"/><D44/><REACH who="0" ten="28,918,94,0" step="2"/><U105/><E84/><V118/><F118/><T3/><D3/><U38/><E38/><V52/><F34/><T51/><D51/><U121/><N who="1" m="31008" /><U107/><E107/><V90/><F104/><T93/><D93/><U78/><E59/><AGARI ba="5,1" hai="59,61,66,80,82,83,85,91,92,96,97,112,114,115" machi="59" ten="50,3200,0" yaku="1,1,15,1,53,0" doraHai="74" doraHaiUra="48" who="0" fromWho="1" sc="28,52,918,-42,94,0,0,0" /><INIT seed="6,0,0,1,2,104" ten="80,876,94,0" oya="2" hai0="62,122,121,94,118,112,100,46,92,77,59,98,34" hai1="97,89,84,81,55,37,133,70,79,123,48,132,101" hai2="51,124,32,134,73,61,127,120,103,115,35,82,80" hai3=""/><V36/><N who="2" m="30752" /><V106/><F36/><T52/><N who="0" m="31008" /><T91/><N who="0" m="31264" /><T88/><D118/><U96/><N who="1" m="31520" /><U117/><E37/><V111/><F115/><T44/><D34/><U33/><E33/><V38/><F38/><T66/><D112/><U129/><E70/><V41/><F111/><T68/><D77/><U74/><E117/><V69/><F134/><N who="1" m="51817" /><E101/><V43/><F32/><T83/><D83/><U135/><E129/><V130/><F130/><T72/><D72/><U75/><E135/><V50/><F35/><T105/><D105/><U57/><E75/><V131/><F73/><T90/><REACH who="0" step="1"/><D94/><AGARI ba="0,0" hai="48,55,57,74,79,81,84,89,94,96,97" m="51817,31520" machi="94" ten="30,3900,0" yaku="20,1,52,2" doraHai="104" who="1" fromWho="0" sc="80,-39,876,39,94,0,0,0" owari="41,-56.0,915,87.0,94,-31.0,0,0.0" /></mjloggm>