<mjloggm ver="2.3"><GO type="225" lobby="0"/><UN n0="%E9%B3%B3%E6%9D%B1%E3%81%AE%E3%81%86%E3%81%95%E3%81%8E%E3%81%95%E3%82%93" n1="%E4%BA%95%E5%B8%AF" n2="%E5%B2%B8%E6%98%8E%E6%97%A5%E9%A6%99" n3="%E3%82%A2%E3%83%9E%E3%83%9D%EF%BD%9E%EF%BD%9E%E3%83%A9" dan="17,16,16,16" rate="2171.25,2150.81,2151.55,2111.14" sx="M,M,M,M"/><TAIKYOKU oya="0"/><INIT seed="0,0,0,1,1,133" ten="250,250,250,250" oya="0" hai0="53,118,126,38,11,54,47,105,106,17,90,0,92" hai1="123,125,131,1,134,21,41,8,55,27,76,15,122" hai2="50,44,88,121,67,10,107,65,48,119,80,129,16" hai3="68,102,51,87,81,130,73,28,89,98,86,2,30"/><T99/><D118/><U83/><E134/><V57/><F121/><W31/><G130/><T112/><D112/><U109/><E131/><V69/><F129/><W91/><G2/><T58/><D126/><U40/><E125/><V35/><F107/><W4/><G4/><T43/><D53/><U46/><E1/><V74/><F35/><W62/><G51/><T101/><D101/><U115/><E55/><N who="2" m="31975" /><F74/><W84/><G68/><T104/><D17/><U19/><E109/><V120/><F69/><W29/><N who="3" m="7168" /><DORA hai="71" /><W14/><G14/><T37/><D37/><U6/><E41/><N who="2" m="24847" /><F120/><W110/><G62/><T22/><D22/><U96/><E96/><V93/><F80/><W75/><G110/><T36/><D36/><U82/><E82/><V60/><F60/><W39/><G39/><T56/><REACH who="0" step="1"/><D54/><REACH who="0" ten="240,250,250,250" step="2"/><U103/><E115/><V113/><F113/><W72/><REACH who="3" step="1"/><G81/><REACH who="3" ten="240,250,250,240" step="2"/><T108/><D108/><U70/><E83/><V23/><F119/><W135/><G135/><T116/><D116/><U9/><E123/><V13/><F10/><W7/><G7/><AGARI ba="0,2" hai="0,7,11,38,43,47,56,58,90,92,99,104,105,106" machi="7" ten="40,12000,1" yaku="1,1,52,1,53,2" doraHai="133,71" doraHaiUra="94,42" who="0" fromWho="3" sc="240,140,250,0,250,0,240,-120" /><INIT seed="0,1,0,5,2,72" ten="380,250,250,120" oya="0" hai0="32,81,45,111,76,53,3,14,113,19,0,1,37" hai1="80,57,101,85,97,42,107,12,86,125,50,106,30" hai2="93,67,112,133,84,96,35,23,48,98,130,77,63" hai3="109,131,39,49,66,87,31,94,44,47,43,99,124"/><T13/><D113/><U68/><E68/><V82/><F112/><W70/><G109/><T36/><D32/><U108/><E125/><V7/><F130/><W24/><G124/><T9/><D111/><U115/><E115/><V121/><F121/><W119/><G131/><T83/><D83/><U62/><E30/><V59/><F35/><W60/><G119/><T116/><D116/><U17/><E107/><V104/><F133/><W29/><G87/><T61/><D13/><U91/><E108/><V11/><F104/><W88/><REACH who="3" step="1"/><G24/><REACH who="3" ten="380,250,250,110" step="2"/><T73/><REACH who="0" step="1"/><D45/><REACH who="0" ten="370,250,250,110" step="2"/><U28/><E80/><V92/><F82/><W90/><G90/><T18/><D18/><U135/><E91/><V74/><F74/><W103/><G103/><T20/><D20/><U34/><E17/><V56/><F23/><W75/><G75/><T123/><D123/><U8/><E101/><V71/><F77/><W79/><G79/><T58/><AGARI ba="1,2" hai="0,1,3,9,14,19,36,37,53,58,61,73,76,81" machi="58" ten="40,7800,0" yaku="1,1,0,1,52,1,53,0" doraHai="72" doraHaiUra="129" who="0" fromWho="0" sc="370,101,250,-27,250,-27,110,-27" /><INIT seed="0,2,0,3,0,82" ten="471,223,223,83" oya="0" hai0="135,100,83,93,86,7,64,130,61,1,55,91,45" hai1="127,44,5,70,124,60,92,129,41,62,11,95,15" hai2="32,49,14,3,33,108,12,115,72,43,120,30,89" hai3="48,111,97,71,67,87,53,13,26,134,47,74,68"/><T81/><D130/><U76/><E76/><V77/><F115/><W118/><G74/><T84/><D135/><U104/><E104/><V27/><F3/><W65/><G118/><T103/><D7/><U2/><E2/><V54/><F120/><W119/><G119/><T59/><D1/><U20/><E20/><V39/><F77/><W28/><G134/><T75/><D75/><U18/><E5/><V34/><F43/><W105/><G111/><T99/><D103/><U132/><E129/><V113/><F39/><W107/><G13/><T35/><D35/><U66/><E62/><V63/><F72/><W110/><G110/><T16/><D16/><U116/><E116/><V36/><F36/><W37/><G37/><T51/><REACH who="0" step="1"/><D84/><REACH who="0" ten="461,223,223,83" step="2"/><U50/><E132/><V78/><F32/><W6/><G6/><T52/><D52/><U42/><E42/><V90/><F54/><W125/><G87/><T123/><D123/><U117/><E117/><V38/><F33/><W85/><G85/><T8/><D8/><U133/><E133/><V88/><F34/><W46/><G53/><T121/><D121/><U19/><E18/><V22/><F108/><W21/><G28/><T112/><D112/><U73/><E73/><V24/><F113/><W31/><G31/><T114/><D114/><U126/><AGARI ba="2,1" hai="11,15,19,41,44,50,60,66,70,92,95,124,126,127" machi="126" ten="30,2000,0" yaku="0,1,18,1" doraHai="82" who="1" fromWho="1" sc="461,-12,223,36,223,-7,83,-7" /><INIT seed="1,0,0,3,5,58" ten="449,259,216,76" oya="1" hai0="82,81,13,84,44,91,22,46,15,12,8,62,53" hai1="64,18,16,112,134,37,43,47,124,126,1,73,100" hai2="49,31,95,3,65,90,120,6,103,108,21,132,119" hai3="122,27,56,60,131,51,41,70,9,61,78,92,2"/><U74/><E112/><V72/><F119/><W96/><G122/><T48/><D22/><U24/><E134/><V118/><F118/><W29/><G131/><T59/><D81/><U105/><E1/><V85/><F120/><W107/><G107/><T115/><D115/><U30/><E64/><V36/><F36/><W83/><G70/><T50/><D8/><U11/><E100/><V28/><F72/><W17/><G83/><T116/><D116/><U52/><E105/><V121/><F65/><W98/><G78/><T113/><D113/><U69/><E69/><V23/><F6/><W111/><G111/><T14/><D14/><N who="1" m="7263" /><E18/><V79/><F3/><W97/><G92/><T88/><D91/><U80/><E80/><V129/><F90/><W114/><G114/><T10/><D10/><U89/><E89/><V34/><F34/><W33/><G56/><T127/><D127/><N who="1" m="48683" /><E52/><V40/><F103/><W94/><G94/><T135/><D135/><U66/><E66/><V25/><F132/><W101/><G101/><T4/><D4/><U63/><E63/><V20/><F121/><W99/><N who="3" m="24576" /><DORA hai="76" /><W109/><G109/><T57/><D62/><U93/><E93/><V110/><F108/><W54/><G54/><AGARI ba="0,0" hai="12,13,15,44,46,48,50,53,54,57,59,82,84,88" machi="54" ten="40,8000,1" yaku="9,1,8,1,52,1,54,1" doraHai="58,76" who="0" fromWho="3" sc="449,80,259,0,216,0,76,-80" owari="529,62.0,259,6.0,216,-18.0,-4,-50.0" /></mjloggm>