<mjloggm ver="2.3"><GO type="169" lobby="0"/><UN n0="%E3%81%88%E3%81%84%E3%81%BF" n1="%E9%AB%98%E6%A9%8B%E6%B7%B3" n2="%E5%A4%A9%E5%A5%B3%E3%81%A1%E3%82%83%E3%82%93%2A%E2%8C%92%E2%98%86" n3="%45%7A%61%6B%69" dan="16,16,16,16" rate="2126.94,2114.27,2117.62,2035.31" sx="F,M,F,M"/><TAIKYOKU oya="0"/><INIT seed="0,0,0,4,5,67" ten="250,250,250,250" oya="0" hai0="79,72,68,45,0,125,53,78,6,63,115,90,101" hai1="113,114,99,15,95,23,38,51,42,102,5,1,111" hai2="84,21,30,47,43,22,62,135,19,50,37,9,25" hai3="85,119,97,64,41,28,71,81,88,20,130,36,70"/><T80/><D115/><U46/><E111/><V105/><F135/><W2/><G119/><T52/><D125/><U83/><E1/><V54/><F105/><W33/><G2/><T44/><D101/><U75/><E38/><V8/><F62/><W82/><G33/><T31/><D31/><U100/><E100/><V134/><F134/><W73/><G64/><T57/><D79/><U48/><E48/><V55/><F84/><W18/><G28/><T11/><D68/><U35/><E35/><V69/><F69/><W24/><G130/><T16/><D90/><U92/><E92/><V120/><F120/><W121/><G121/><T10/><REACH who="0" step="1"/><D53/><REACH who="0" ten="240,250,250,250" step="2"/><U108/><E102/><V107/><F55/><W110/><G110/><T49/><D49/><U124/><E51/><V58/><REACH who="2" step="1"/><F107/><REACH who="2" ten="240,250,240,250" step="2"/><W76/><REACH who="3" step="1"/><G97/><REACH who="3" ten="240,250,240,240" step="2"/><T104/><D104/><U127/><E99/><V40/><F40/><W59/><G59/><T126/><D126/><U60/><E42/><V13/><AGARI ba="0,3" hai="8,9,13,19,21,22,25,30,37,43,47,50,54,58" machi="13" ten="20,2700,0" yaku="1,1,0,1,7,1,53,0" doraHai="67" doraHaiUra="133" who="2" fromWho="2" sc="240,-13,250,-7,240,57,240,-7" /><INIT seed="1,0,0,0,4,134" ten="227,243,297,233" oya="1" hai0="90,98,34,107,28,82,25,38,23,2,72,117,33" hai1="8,4,127,49,31,73,57,26,3,36,81,121,97" hai2="59,89,48,87,51,10,114,5,24,95,54,100,35" hai3="63,93,113,84,77,65,58,132,15,116,22,78,16"/><U0/><E121/><V29/><F114/><W21/><G113/><T108/><D117/><U85/><E36/><V130/><F130/><W124/><G132/><T122/><D108/><U17/><E73/><V71/><F71/><W80/><G116/><T40/><D122/><U125/><E97/><V74/><F100/><W14/><G124/><N who="1" m="47690" /><E17/><V62/><REACH who="2" step="1"/><F74/><REACH who="2" ten="227,243,287,233" step="2"/><W27/><G93/><T106/><D72/><U47/><E57/><V129/><F129/><W91/><REACH who="3" step="1"/><G14/><AGARI ba="0,1" hai="5,10,14,24,29,35,48,51,54,59,62,87,89,95" machi="14" ten="30,2000,0" yaku="1,1,7,1,53,0" doraHai="134" doraHaiUra="126" who="2" fromWho="3" sc="227,0,243,0,287,30,233,-20" /><INIT seed="2,0,0,2,4,131" ten="227,243,317,213" oya="2" hai0="79,106,75,99,77,72,71,27,105,116,107,56,4" hai1="90,1,118,68,21,29,14,82,62,89,46,80,8" hai2="25,130,102,35,34,86,45,48,9,37,33,129,92" hai3="113,126,16,73,42,134,88,6,0,114,51,53,94"/><V63/><F37/><W128/><G128/><N who="2" m="49257" /><F63/><W117/><G117/><T17/><D71/><U124/><E118/><V66/><F66/><W31/><G126/><T127/><D4/><U91/><E124/><V78/><F9/><N who="3" m="2247" /><G73/><N who="0" m="28235" /><D56/><U41/><E1/><V87/><F78/><N who="0" m="29706" /><D17/><U61/><E61/><V52/><F25/><W108/><G31/><T20/><D20/><U15/><E62/><V132/><F132/><W50/><G42/><T104/><D27/><N who="1" m="16623" /><E68/><V109/><F109/><W110/><G134/><T69/><D69/><U38/><E38/><V100/><F92/><W95/><G16/><T97/><D127/><U133/><E133/><V81/><F87/><N who="3" m="52511" /><G95/><T19/><D19/><U115/><E15/><V85/><F85/><W13/><G13/><T101/><D116/><U135/><E14/><V5/><F5/><W65/><G65/><T103/><AGARI ba="0,0" hai="97,99,101,103,104,105,106,107" m="29706,28235" machi="103" ten="30,8000,1" yaku="35,5" doraHai="131" who="0" fromWho="0" sc="227,80,243,-20,317,-40,213,-20" /><INIT seed="3,0,0,3,5,55" ten="307,223,277,193" oya="3" hai0="11,133,24,63,132,62,70,3,78,81,38,68,16" hai1="114,65,53,92,113,104,126,64,4,117,10,109,35" hai2="124,58,50,100,106,59,0,122,107,77,91,22,86" hai3="102,12,21,79,116,105,27,119,112,60,40,14,121"/><W2/><G121/><T93/><D38/><U69/><E104/><V103/><F124/><W85/><G112/><T98/><D3/><U110/><E35/><V96/><F0/><W30/><G2/><T1/><D1/><U95/><E10/><V7/><F7/><W34/><G40/><T51/><D51/><U36/><E4/><V129/><F129/><W47/><G47/><T75/><D68/><U131/><E69/><V108/><F108/><W48/><G48/><T94/><D94/><U115/><E92/><V80/><F122/><W111/><G111/><N who="1" m="42506" /><E95/><V134/><F134/><N who="0" m="51818" /><D70/><U45/><E126/><V83/><F50/><W61/><G116/><T135/><N who="0" m="51826" /><T74/><DORA hai="73" /><D74/><U101/><E117/><V52/><F22/><W33/><G119/><T29/><D11/><U43/><E101/><V127/><F127/><W128/><G128/><T97/><D97/><U26/><E131/><V118/><F118/><W31/><G34/><N who="0" m="20775" /><D16/><U23/><E23/><V9/><F9/><W87/><G31/><T18/><D18/><U67/><E26/><V71/><F71/><W49/><G49/><T72/><D72/><U32/><E32/><V120/><F120/><W66/><G33/><T84/><D75/><U28/><E28/><V99/><F77/><W39/><G39/><T130/><D130/><U41/><E41/><V20/><F20/><W25/><G25/><T57/><D57/><U37/><E37/><V88/><F86/><N who="3" m="32779" /><G79/><T19/><D19/><U44/><E44/><V15/><F15/><N who="3" m="5675" /><G66/><T54/><D54/><AGARI ba="0,0" hai="36,43,45,53,54,64,65,67,113,114,115" m="42506" machi="54" ten="40,5200,0" yaku="14,1,34,2" doraHai="55,73" who="1" fromWho="0" sc="307,-52,223,52,277,0,193,0" /><AGARI ba="0,0" hai="52,54,58,59,80,83,88,91,96,99,100,103,106,107" machi="54" ten="25,12000,2" yaku="22,2,52,2,54,2" doraHai="55,73" who="2" fromWho="0" sc="255,-120,275,0,277,120,193,0" /><INIT seed="4,0,0,5,0,76" ten="135,275,397,193" oya="0" hai0="96,127,27,73,52,120,44,65,109,122,91,101,103" hai1="21,128,61,133,47,95,62,4,119,67,118,123,23" hai2="63,131,29,77,92,79,113,48,132,39,59,20,25" hai3="106,51,116,66,82,13,111,68,83,80,129,41,2"/><T34/><D73/><U124/><E123/><V5/><F113/><W8/><G116/><T107/><D127/><U12/><E124/><V99/><F131/><W72/><G111/><T135/><D135/><U16/><E128/><V126/><F132/><W90/><G129/><T88/><D109/><U1/><E133/><V70/><F39/><W86/><G2/><T74/><D74/><U100/><E61/><V114/><F114/><W58/><G106/><T46/><D103/><U60/><E62/><V85/><F5/><W71/><G72/><T115/><D115/><U117/><E47/><V125/><F48/><W105/><G105/><T31/><D65/><U54/><E54/><V6/><F6/><N who="3" m="3223" /><G71/><T130/><D130/><U33/><E33/><V81/><F77/><W110/><G68/><T57/><D44/><U89/><E4/><V112/><F70/><W104/><G104/><T121/><REACH who="0" step="1"/><D46/><REACH who="0" ten="125,275,397,193" step="2"/><U45/><E45/><V108/><F108/><W35/><G110/><T55/><D55/><U37/><E100/><N who="2" m="60519" /><F112/><W78/><G66/><AGARI ba="0,1" hai="20,25,29,59,63,66,79,81,85,125,126" m="60519" machi="66" ten="30,2000,0" yaku="25,1,52,1" doraHai="76" who="2" fromWho="3" sc="125,0,275,0,397,30,193,-20" /><INIT seed="5,0,0,0,2,16" ten="125,275,427,173" oya="1" hai0="133,122,109,82,95,106,113,69,6,114,4,67,17" hai1="79,89,73,68,101,38,87,34,108,116,77,57,10" hai2="31,115,40,13,24,110,94,129,59,18,60,97,41" hai3="88,135,126,78,0,66,63,131,11,90,75,76,105"/><U30/><E68/><V8/><F110/><W49/><G105/><T119/><D106/><U112/><E38/><V56/><F129/><W51/><G135/><T15/><D109/><U111/><E112/><V23/><F115/><W7/><G131/><T48/><D119/><U52/><E116/><V104/><F104/><W81/><G126/><T72/><D133/><U91/><E101/><N who="2" m="60599" /><F56/><W54/><G78/><T19/><D95/><U125/><E89/><V107/><F107/><W118/><G118/><T46/><D82/><U43/><E43/><V100/><F100/><W103/><G103/><T9/><D72/><U1/><E30/><V26/><F24/><W64/><G64/><AGARI ba="0,0" hai="8,13,18,23,26,31,40,41,59,60,64" m="60599" machi="64" ten="30,3900,0" yaku="25,1,8,1,52,1" doraHai="16" who="2" fromWho="3" sc="125,0,275,0,427,39,173,-39" /><INIT seed="6,0,0,0,4,26" ten="125,275,466,134" oya="2" hai0="94,23,1,131,68,48,45,121,128,71,20,126,79" hai1="133,24,43,87,100,75,69,117,34,104,5,85,115" hai2="125,98,41,88,111,89,2,11,95,134,67,38,50" hai3="83,105,29,57,123,106,17,93,27,49,32,109,59"/><V70/><F125/><W40/><G123/><T127/><D121/><U129/><E24/><V46/><F134/><W101/><G109/><T114/><D1/><U132/><E43/><V65/><F111/><W54/><G40/><T13/><D114/><U99/><E5/><V14/><F2/><W92/><G83/><T18/><D79/><U91/><E87/><V124/><F124/><N who="0" m="47658" /><D94/><U16/><E16/><V39/><F89/><W90/><G59/><T108/><D108/><U107/><E34/><V103/><F103/><W53/><G53/><N who="0" m="29839" /><D23/><U0/><E0/><V96/><F96/><W47/><G57/><T56/><D56/><U118/><E99/><V97/><F97/><W72/><G72/><T8/><D8/><U7/><E75/><V44/><F70/><AGARI ba="0,0" hai="13,18,20,68,70,71,128,131" m="29839,47658" machi="70" ten="30,1000,0" yaku="18,1" doraHai="26" who="0" fromWho="2" sc="125,10,275,0,466,-10,134,0" /><INIT seed="7,0,0,3,4,119" ten="135,275,456,134" oya="3" hai0="109,78,105,52,124,5,133,28,112,95,32,115,40" hai1="35,94,120,49,58,86,82,71,100,43,110,21,90" hai2="30,127,80,101,53,131,36,87,93,72,85,84,44" hai3="33,61,125,8,66,67,128,50,55,114,69,45,104"/><W37/><G33/><T2/><D109/><U41/><E120/><V76/><F131/><W38/><G104/><T16/><D105/><U64/><E71/><V24/><F127/><W89/><G125/><T74/><D124/><U20/><E21/><V92/><F101/><W126/><G126/><T23/><D133/><U10/><E20/><V68/><F68/><W15/><G128/><T51/><D40/><U117/><E100/><V3/><F3/><W18/><G114/><N who="0" m="43563" /><D95/><U26/><E94/><V7/><F7/><W111/><G111/><T108/><D108/><U62/><E10/><V81/><F81/><W113/><G113/><T19/><D32/><U60/><E41/><V56/><F44/><W11/><G67/><T48/><D48/><U31/><E49/><V116/><F116/><W46/><G46/><N who="0" m="27767" /><D78/><U123/><E64/><V42/><F42/><W0/><REACH who="3" step="1"/><G89/><REACH who="3" ten="135,275,456,124" step="2"/><T99/><D74/><U122/><E90/><V106/><F106/><W97/><G97/><T98/><D98/><U107/><E107/><V54/><F72/><W22/><G22/><T34/><D99/><U65/><E65/><V91/><F91/><W39/><G39/><T121/><D34/><U57/><E35/><V130/><F36/><W6/><AGARI ba="0,1" hai="0,6,8,11,15,18,37,38,45,50,55,61,66,69" machi="6" ten="30,3000,0" yaku="1,1,0,1,53,0" doraHai="119" doraHaiUra="17" who="3" fromWho="3" sc="135,-10,275,-10,456,-10,124,40" /><INIT seed="7,1,0,1,1,127" ten="125,265,446,164" oya="3" hai0="13,42,134,124,64,107,40,83,56,14,114,81,59" hai1="5,128,58,32,15,11,24,41,112,70,46,123,2" hai2="28,129,135,122,1,37,63,76,38,7,86,89,20" hai3="45,120,71,77,43,101,69,51,119,78,12,132,33"/><W36/><G120/><T16/><D124/><U18/><E70/><V131/><F135/><W87/><G119/><T125/><D125/><U4/><E58/><V22/><F122/><W115/><G33/><T118/><D118/><U3/><E46/><V34/><F76/><W90/><G132/><T98/><D134/><U65/><E18/><V74/><F74/><W133/><G133/><T113/><D98/><U66/><E15/><V111/><F111/><W25/><G101/><T82/><D107/><U52/><E52/><V54/><F7/><W84/><G36/><T95/><D95/><U8/><E24/><V79/><F79/><W62/><G25/><T99/><D99/><U6/><E6/><V93/><F1/><W92/><G115/><N who="0" m="44043" /><D13/><U44/><E32/><V55/><F34/><W116/><G116/><T100/><D100/><U31/><E123/><V94/><F28/><W21/><G84/><T30/><D30/><U17/><E31/><V60/><F86/><W50/><G12/><T53/><D64/><U35/><E65/><V73/><F73/><W106/><G106/><T88/><D88/><AGARI ba="1,0" hai="20,22,37,38,54,55,60,63,88,89,93,94,129,131" machi="88" ten="25,8000,1" yaku="22,2,52,2,54,1" doraHai="127" who="2" fromWho="0" sc="125,-83,265,0,446,83,164,0" owari="42,-46.0,265,7.0,529,63.0,164,-24.0" /></mjloggm>