<mjloggm ver="2.3"><GO type="169" lobby="0"/><UN n0="%E3%81%86%E3%81%95%E3%81%8E%E3%83%95%E3%82%A1%E3%83%B3%E3%82%B7%E3%83%BC" n1="%E7%88%86%E7%89%8C%E3%82%A6%E3%82%B7%E3%82%B8%E3%83%9E%E3%81%8F%E3%82%93" n2="%E9%AB%98%E6%A9%8B%E8%89%AF%E5%A4%AA" n3="%E4%B8%89%E6%9D%89%E3%81%8F%E3%82%93" dan="16,17,16,16" rate="2150.72,2172.53,2189.51,2069.85" sx="M,M,M,M"/><TAIKYOKU oya="0"/><INIT seed="0,0,0,1,5,76" ten="250,250,250,250" oya="0" hai0="3,38,39,62,126,117,32,25,65,111,122,55,107" hai1="66,118,83,125,81,101,60,27,42,88,24,2,28" hai2="119,50,91,99,30,104,100,72,63,90,134,21,19" hai3="49,54,6,18,114,71,14,115,47,89,36,94,92"/><T48/><D3/><U121/><E2/><V133/><F63/><W103/><G71/><T8/><D117/><U108/><E118/><V105/><F119/><W29/><G29/><T97/><D122/><U43/><E121/><V33/><F105/><W59/><G6/><T68/><D126/><U80/><E125/><V85/><F72/><W10/><G94/><T34/><D8/><U132/><E108/><V123/><F123/><W35/><G103/><N who="0" m="62959" /><D34/><U93/><E132/><V78/><F30/><W4/><G35/><T44/><D111/><U82/><E101/><V120/><F33/><W61/><G36/><T56/><D44/><U79/><E82/><V87/><F50/><W37/><G18/><T58/><D58/><N who="1" m="37143" /><E79/><V16/><F78/><W46/><G46/><T131/><D131/><U98/><E28/><AGARI ba="0,0" hai="25,28,32,38,39,48,55,56,62,65,68" m="62959" machi="28" ten="30,1500,0" yaku="25,1" doraHai="76" who="0" fromWho="1" sc="250,15,250,-15,250,0,250,0" /><INIT seed="0,1,0,1,4,124" ten="265,235,250,250" oya="0" hai0="129,65,115,28,71,105,101,112,46,100,47,40,106" hai1="125,55,74,27,14,132,30,87,43,53,135,70,23" hai2="73,117,79,64,41,31,2,119,38,66,97,126,99" hai3="102,33,29,20,120,3,58,130,93,75,49,82,39"/><T98/><D28/><U122/><E74/><V54/><F31/><W0/><G49/><T86/><D86/><U85/><E70/><V42/><F73/><W44/><G58/><T103/><D129/><U128/><E122/><V26/><F26/><W21/><G93/><T69/><D65/><N who="2" m="25194" /><F2/><W6/><G102/><T83/><D83/><U94/><E43/><N who="2" m="16395" /><F79/><W134/><G44/><N who="0" m="16939" /><D40/><U19/><E125/><V11/><F11/><W118/><G130/><T63/><D63/><U7/><E128/><V10/><F10/><W72/><G39/><T116/><D98/><N who="2" m="37386" /><F126/><W96/><G96/><T133/><D133/><U104/><E132/><V9/><F9/><W81/><G134/><T121/><D121/><U59/><E135/><V109/><F38/><W60/><G120/><T89/><D89/><U4/><E85/><V34/><F34/><W25/><G29/><T50/><D50/><U36/><E36/><V62/><F62/><W92/><G60/><T68/><D116/><N who="2" m="44618" /><F54/><W78/><G118/><T5/><D5/><U110/><E53/><V91/><F91/><W35/><G78/><T51/><D51/><U67/><E55/><V61/><F61/><W48/><G48/><T77/><D77/><U90/><E30/><V37/><F37/><W18/><G6/><T1/><D1/><U22/><E4/><V57/><F57/><W95/><G18/><T24/><D24/><AGARI ba="1,0" hai="0,3,20,21,24,25,33,35,72,75,81,82,92,95" machi="24" ten="25,1600,0" yaku="22,2" doraHai="124" who="3" fromWho="0" sc="265,-19,235,0,250,0,250,19" /><INIT seed="1,0,0,4,3,74" ten="246,235,250,269" oya="1" hai0="101,7,0,69,10,117,34,105,118,57,88,27,127" hai1="87,92,97,66,28,30,119,116,68,104,16,123,13" hai2="52,82,19,96,102,54,67,49,55,75,86,11,26" hai3="42,83,131,18,1,14,22,130,103,129,39,46,61"/><U111/><E123/><V124/><F124/><W63/><G1/><T45/><D127/><U3/><E3/><V71/><F75/><W21/><G103/><T98/><D57/><U100/><E111/><V106/><F67/><W84/><REACH who="3" step="1"/><G22/><REACH who="3" ten="246,235,250,259" step="2"/><T48/><D118/><U80/><E116/><V65/><F71/><W73/><G73/><T107/><D117/><U43/><E119/><V35/><F35/><W51/><G51/><T44/><D69/><U36/><E68/><V128/><F49/><W135/><G135/><T133/><D133/><U9/><E66/><V114/><F65/><W110/><G110/><T90/><D107/><U78/><REACH who="1" step="1"/><E104/><REACH who="1" ten="246,225,250,259" step="2"/><V29/><F106/><W121/><G121/><T134/><D134/><U59/><E59/><V122/><F122/><W79/><AGARI ba="0,2" hai="14,18,21,39,42,46,61,63,79,83,84,129,130,131" machi="79" ten="30,7900,0" yaku="1,1,0,1,19,1,52,1,53,0" doraHai="74" doraHaiUra="120" who="3" fromWho="3" sc="246,-20,225,-39,250,-20,259,99" /><INIT seed="2,0,0,3,0,76" ten="226,186,230,358" oya="2" hai0="0,12,15,13,92,9,90,47,3,107,25,123,20" hai1="7,51,115,98,71,11,46,135,75,133,80,103,53" hai2="10,97,105,112,18,44,58,27,74,121,5,50,70" hai3="83,100,65,94,21,89,125,43,54,77,59,37,17"/><V114/><F70/><W23/><G125/><T2/><D107/><U122/><E71/><V19/><F121/><W28/><G100/><T91/><D123/><U26/><E122/><V111/><F74/><W108/><G65/><T1/><D47/><U130/><E115/><V117/><F105/><W85/><G108/><T84/><D91/><U60/><E60/><V57/><F97/><W81/><G28/><T40/><D40/><U120/><E120/><V66/><F66/><W124/><G124/><T127/><N who="0" m="0" /><DORA hai="36" /><T29/><REACH who="0" step="1"/><D127/><REACH who="0" ten="216,186,230,358" step="2"/><U128/><E46/><V42/><F42/><W30/><G43/><T109/><D109/><U49/><E133/><V31/><F44/><W16/><G37/><T38/><D38/><U119/><E135/><V126/><F126/><W116/><G116/><T104/><D104/><U41/><E41/><V95/><F117/><W96/><G30/><T93/><D93/><U82/><E119/><V64/><F95/><W118/><G118/><T62/><D62/><U79/><E103/><V14/><F31/><W6/><G83/><T72/><D72/><U129/><E82/><V33/><F111/><W32/><G89/><T52/><D52/><U67/><E53/><V88/><F88/><W101/><G54/><T68/><D68/><U87/><E75/><V35/><F114/><W131/><G94/><T134/><D134/><U73/><E73/><V63/><F112/><W99/><G81/><T34/><D34/><U22/><E80/><V56/><F35/><W55/><G32/><T45/><D45/><U86/><E129/><V39/><F39/><RYUUKYOKU ba="0,1" sc="216,30,186,-10,230,-10,358,-10" hai0="9,12,13,15,20,25,29,84,90,92" /><INIT seed="3,1,1,4,5,60" ten="246,176,220,348" oya="3" hai0="62,80,112,40,24,105,66,111,36,56,3,93,32" hai1="31,70,134,53,59,119,114,0,54,84,87,77,4" hai2="58,125,101,69,15,129,91,35,98,45,108,29,109" hai3="49,116,52,47,1,67,42,97,100,133,117,106,120"/><W82/><G120/><T68/><D111/><U12/><E114/><V85/><F69/><W63/><G133/><T10/><D112/><U76/><E70/><V130/><F35/><W44/><G1/><T48/><D105/><U127/><E0/><V86/><F29/><W90/><G90/><T20/><D32/><U79/><E134/><V95/><F45/><W14/><G14/><T75/><D93/><U89/><E127/><V28/><F28/><W118/><G82/><T8/><D3/><U26/><E119/><V43/><F43/><W115/><G115/><T131/><D131/><N who="2" m="50186" /><F58/><W88/><G88/><T27/><D75/><U21/><E59/><V5/><F5/><W61/><REACH who="3" step="1"/><G67/><REACH who="3" ten="246,176,220,338" step="2"/><T55/><D80/><N who="1" m="49383" /><E84/><N who="2" m="32363" /><F15/><W9/><G9/><AGARI ba="1,2" hai="4,9,12,21,26,31,53,54,76,77,79" m="49383" machi="9" ten="30,1000,0" yaku="8,1" doraHai="60" who="1" fromWho="3" sc="246,0,176,33,220,0,338,-13" /><INIT seed="4,0,0,4,4,128" ten="246,209,220,325" oya="0" hai0="111,22,68,93,108,43,104,131,32,129,60,7,0" hai1="132,80,50,18,34,9,84,124,114,16,125,11,21" hai2="115,117,121,30,74,82,79,70,38,15,95,96,2" hai3="47,46,57,106,89,61,10,87,36,44,94,101,76"/><T127/><D104/><U33/><E50/><V130/><F2/><W107/><G36/><T51/><D32/><N who="1" m="12395" /><E84/><V12/><F38/><W27/><G76/><T23/><D127/><N who="1" m="48715" /><E80/><V113/><F70/><W97/><G27/><T88/><D68/><U134/><E114/><V1/><F1/><W135/><G10/><N who="1" m="3594" /><E18/><V73/><F73/><W77/><G77/><T3/><D60/><U54/><E54/><V118/><F82/><W126/><G126/><T69/><D69/><U110/><E110/><N who="0" m="42025" /><D43/><U120/><E120/><V45/><F79/><W49/><G49/><T62/><D62/><U28/><E28/><V48/><F30/><W99/><G106/><T39/><D39/><U13/><AGARI ba="0,0" hai="13,16,21,132,134" m="3594,48715,12395" machi="13" ten="40,12000,2" yaku="18,1,34,2,52,2,54,1" doraHai="128" who="1" fromWho="1" sc="246,-60,209,120,220,-30,325,-30" /><INIT seed="5,0,0,2,4,32" ten="186,329,190,295" oya="1" hai0="49,121,42,51,17,52,62,134,125,25,81,119,130" hai1="10,0,77,126,87,108,40,14,94,38,112,30,98" hai2="36,22,111,35,58,113,54,11,6,110,74,44,76" hai3="59,104,16,4,37,79,57,93,8,29,109,45,72"/><U21/><E112/><V118/><F35/><W55/><G109/><T67/><D119/><U33/><E108/><V99/><F118/><W115/><G104/><T19/><D134/><U70/><E70/><V53/><F99/><W66/><G29/><T107/><D107/><U124/><E33/><V90/><F90/><W101/><G66/><T127/><D130/><U63/><E63/><V78/><F78/><W117/><G16/><N who="0" m="6219" /><D121/><U96/><E40/><V75/><F75/><W3/><G55/><T61/><D25/><U9/><E38/><V86/><F36/><W116/><G57/><N who="0" m="32927" /><D67/><U120/><E120/><V34/><F74/><W89/><G115/><T102/><D102/><U23/><E0/><V83/><F34/><W13/><G101/><T41/><D81/><U50/><E14/><V88/><F113/><W68/><G72/><T84/><D84/><U47/><E87/><V39/><F39/><W133/><G3/><T103/><D103/><U82/><E82/><V18/><F111/><W80/><G68/><T122/><D122/><U100/><E100/><V95/><F110/><W2/><G2/><T85/><D85/><U132/><E132/><V20/><F83/><W27/><G133/><T7/><D7/><U56/><E98/><V46/><F6/><W5/><G4/><T135/><D135/><U1/><E96/><V65/><F65/><W91/><G37/><T92/><D92/><U123/><E94/><V131/><F131/><W128/><G116/><T12/><D12/><U73/><E1/><V69/><F69/><W60/><G117/><T26/><D26/><RYUUKYOKU ba="0,0" sc="186,0,329,0,190,0,295,0" /><INIT seed="6,1,0,3,5,90" ten="186,329,190,295" oya="2" hai0="72,76,108,33,37,35,117,133,79,27,123,87,118" hai1="115,30,53,40,84,86,127,3,122,23,54,97,7" hai2="11,49,99,74,128,113,71,18,95,47,85,20,93" hai3="52,89,28,24,75,100,65,132,103,19,12,0,26"/><V102/><F71/><W81/><G0/><T34/><D108/><U82/><E115/><V96/><F113/><W77/><G132/><T129/><D123/><U64/><E127/><V73/><F85/><W134/><G65/><T4/><D37/><U94/><E122/><V124/><F124/><W5/><G5/><T56/><D133/><U80/><E40/><V83/><F83/><W130/><G130/><T109/><D109/><U61/><E7/><V46/><F11/><W98/><G134/><T119/><D129/><U29/><E3/><V88/><F128/><W22/><G26/><T43/><D72/><U14/><E14/><V1/><F1/><W45/><G89/><T106/><D106/><U135/><E135/><V16/><F46/><W107/><G100/><T63/><D35/><U105/><E84/><V36/><F36/><W116/><G116/><T121/><D34/><U39/><E82/><V2/><F2/><W78/><G78/><T67/><D121/><U70/><E39/><V25/><F18/><W69/><G69/><T31/><D33/><U60/><E30/><V91/><F102/><W92/><G52/><AGARI ba="1,0" hai="16,20,25,47,49,52,73,74,88,91,93,95,96,99" machi="52" ten="30,18000,2" yaku="7,1,9,1,52,2,54,3" doraHai="90" who="2" fromWho="3" sc="186,0,329,0,190,183,295,-183" /><INIT seed="6,2,0,4,0,72" ten="186,329,373,112" oya="2" hai0="3,28,78,129,87,10,90,69,82,24,123,36,120" hai1="40,43,35,85,86,14,65,108,26,29,122,20,109" hai2="27,52,84,53,80,133,38,88,59,58,100,18,92" hai3="117,119,110,12,63,81,62,32,30,102,0,97,71"/><V2/><F2/><W7/><G110/><T128/><D69/><U135/><E65/><V1/><F1/><W55/><G12/><T127/><D36/><U106/><E106/><V4/><F38/><W23/><G23/><T9/><D127/><U104/><E104/><V91/><F133/><W125/><G55/><T107/><D107/><U42/><E135/><V66/><F66/><W93/><G125/><T45/><D45/><U79/><E122/><V47/><F47/><W8/><G62/><T50/><D50/><U17/><REACH who="1" step="1"/><E79/><REACH who="1" ten="186,319,373,112" step="2"/><N who="2" m="46111" /><F4/><W49/><G71/><T96/><D123/><U37/><E37/><V41/><F41/><W126/><G126/><T116/><D116/><BYE who="0" /><U64/><E64/><V103/><F91/><UN n0="%E3%81%86%E3%81%95%E3%81%8E%E3%83%95%E3%82%A1%E3%83%B3%E3%82%B7%E3%83%BC" /><W60/><G117/><T73/><D120/><U121/><E121/><V19/><F103/><W5/><G119/><T89/><D89/><U132/><E132/><V44/><F100/><W22/><G102/><T56/><D56/><BYE who="0" /><UN n0="%E3%81%86%E3%81%95%E3%81%8E%E3%83%95%E3%82%A1%E3%83%B3%E3%82%B7%E3%83%BC" /><U57/><E57/><V105/><F105/><W16/><G0/><T112/><D3/><U68/><E68/><V118/><F118/><W77/><G77/><T34/><D78/><U46/><E46/><V124/><F44/><W21/><G60/><T31/><D90/><U74/><E74/><V54/><F124/><W48/><G63/><T61/><D73/><U70/><E70/><V33/><F58/><W111/><G48/><T83/><D61/><U115/><E115/><V6/><F59/><W75/><G49/><T94/><D112/><U67/><E67/><V114/><F114/><W25/><G75/><T99/><D129/><RYUUKYOKU ba="2,1" sc="186,-10,319,30,373,-10,112,-10" hai1="14,17,20,26,29,35,40,42,43,85,86,108,109" /><INIT seed="7,3,1,2,5,38" ten="176,349,363,102" oya="3" hai0="60,71,17,103,112,106,39,79,8,109,5,28,132" hai1="33,44,90,10,47,50,19,4,13,117,31,46,35" hai2="52,125,36,81,40,66,129,26,57,86,54,85,58" hai3="63,14,41,92,115,99,95,6,2,121,74,84,11"/><W64/><G121/><T69/><D109/><U65/><E117/><V126/><F129/><W111/><G111/><T42/><D17/><U75/><E75/><V24/><F66/><W122/><G122/><T87/><D28/><U55/><E65/><V82/><F36/><W34/><G74/><T53/><D112/><U127/><E127/><V118/><F40/><W113/><G34/><T135/><D42/><U131/><E131/><V83/><F83/><W59/><G41/><T120/><D39/><U72/><E72/><V76/><F76/><W77/><G2/><T43/><D43/><U32/><E31/><V49/><F49/><W78/><G95/><T3/><D120/><U51/><E51/><V104/><F104/><W133/><G133/><N who="0" m="51275" /><D103/><U98/><E4/><V108/><F108/><W128/><G128/><T7/><D7/><U88/><REACH who="1" step="1"/><E98/><REACH who="1" ten="176,339,363,102" step="2"/><V30/><F30/><W21/><G21/><T68/><D5/><U107/><E107/><V91/><F91/><AGARI ba="3,2" hai="10,13,19,32,33,35,44,46,47,50,55,88,90,91" machi="91" ten="40,2600,0" yaku="1,1,54,1,53,0" doraHai="38" doraHaiUra="97" who="1" fromWho="2" sc="176,0,339,55,363,-35,102,0" owari="176,-22.0,394,49.0,328,13.0,102,-40.0" /></mjloggm>