<mjloggm ver="2.3"><GO type="169" lobby="0"/><UN n0="%E3%83%A9%E3%82%B9%E3%82%8B%E3%81%8B%E3%81%AA" n1="%E3%81%8A%E3%81%98%E3%81%95%E3%82%93" n2="%E6%AD%A6%E7%94%B0%E8%88%9E%E5%BD%A9" n3="%E3%81%8D%E3%82%88%E3%81%97%E3%81%BE%E3%82%8B" dan="16,16,18,16" rate="2148.05,2181.86,2255.17,2090.68" sx="M,M,M,F"/><TAIKYOKU oya="0"/><INIT seed="0,0,0,1,1,5" ten="250,250,250,250" oya="0" hai0="121,68,44,37,42,22,61,58,14,105,35,76,51" hai1="30,18,82,28,71,116,103,10,95,134,120,65,117" hai2="131,2,54,57,7,98,111,23,50,112,100,4,89" hai3="3,132,33,119,60,124,129,0,9,97,127,122,79"/><T16/><D121/><U56/><E120/><V86/><F112/><W31/><G122/><T78/><D105/><U125/><E71/><V133/><F111/><W47/><G119/><T32/><D32/><U93/><E125/><V12/><F131/><W27/><G79/><T39/><D35/><U62/><E134/><V87/><F2/><W21/><G47/><T63/><D39/><U113/><E113/><V69/><F69/><W77/><G77/><T96/><D96/><U59/><E117/><V102/><F86/><W123/><G123/><T43/><D43/><U13/><E116/><V126/><F126/><N who="3" m="48171" /><G97/><T53/><D61/><N who="1" m="38055" /><E82/><V114/><F133/><W118/><G60/><T38/><D37/><U55/><E103/><V64/><F64/><AGARI ba="0,0" hai="14,16,22,38,42,44,51,53,58,63,64,68,76,78" machi="64" ten="40,7700,0" yaku="24,2,54,1" doraHai="5" who="0" fromWho="2" sc="250,77,250,0,250,-77,250,0" /><INIT seed="0,1,0,2,0,63" ten="327,250,173,250" oya="0" hai0="78,109,28,79,95,134,111,52,42,18,120,72,124" hai1="33,8,92,56,39,24,60,87,38,101,34,30,36" hai2="15,58,104,93,86,35,43,94,31,53,88,76,29" hai3="48,22,62,1,83,55,102,64,0,116,5,44,123"/><T100/><D120/><U129/><E129/><V69/><F104/><W75/><G116/><T105/><D42/><U41/><E8/><V45/><F69/><W71/><G123/><T91/><D28/><U12/><E12/><V115/><F115/><W85/><G75/><T65/><D18/><U21/><E41/><V126/><F126/><W6/><G102/><T84/><D65/><U106/><E106/><V130/><F130/><W122/><G122/><T113/><D113/><U128/><E128/><V96/><F15/><W54/><G54/><T67/><D67/><U127/><E127/><V135/><F135/><W23/><G6/><T80/><D124/><U77/><E77/><V14/><F14/><W40/><G55/><T119/><D119/><U27/><E27/><V97/><F35/><W49/><G49/><T66/><D66/><N who="1" m="39175" /><E87/><V51/><F76/><W11/><REACH who="3" step="1"/><G0/><REACH who="3" ten="327,250,173,240" step="2"/><T73/><D52/><U125/><E125/><V132/><F132/><W10/><G10/><T117/><D134/><U118/><E118/><V25/><F25/><W17/><G17/><T13/><D117/><U50/><E50/><V4/><F4/><W133/><G133/><T46/><D72/><U81/><E81/><V3/><F3/><W26/><G26/><T32/><D73/><U110/><E110/><V90/><REACH who="2" step="1"/><F86/><REACH who="2" ten="327,250,163,240" step="2"/><W99/><G99/><AGARI ba="1,2" hai="21,24,30,33,34,36,38,39,92,99,101" m="39175" machi="99" ten="30,2000,0" yaku="25,1,52,1" doraHai="63" who="1" fromWho="3" sc="327,0,250,43,163,0,240,-23" /><INIT seed="1,0,0,2,4,127" ten="327,293,163,217" oya="1" hai0="51,59,117,122,98,94,43,83,85,128,47,38,48" hai1="124,135,77,72,70,82,81,118,92,60,27,26,4" hai2="3,33,76,56,80,89,71,67,130,19,131,46,57" hai3="88,36,63,0,14,115,110,126,42,116,13,105,79"/><U28/><E118/><V22/><F33/><W37/><G115/><T24/><D117/><U133/><E124/><V61/><F3/><W90/><G116/><T100/><D122/><U113/><E113/><V31/><F31/><W91/><G0/><T109/><D109/><U21/><E4/><V66/><F89/><W99/><G126/><T104/><D104/><U132/><E82/><V1/><F1/><W8/><G110/><T102/><D102/><U86/><E27/><V16/><F46/><W39/><G79/><T12/><D59/><U11/><E11/><V125/><F125/><W2/><G42/><T78/><D128/><N who="2" m="49194" /><F67/><W44/><G44/><T15/><D24/><U7/><E7/><V107/><F19/><W30/><G30/><T53/><D38/><U108/><E108/><V103/><F103/><W73/><G2/><T87/><D53/><U9/><E9/><V18/><F18/><W25/><G8/><T95/><D51/><U129/><E129/><V52/><F52/><W69/><G88/><AGARI ba="0,0" hai="12,15,43,47,48,78,83,85,87,88,94,95,98,100" machi="88" ten="40,2600,0" yaku="8,1,54,1" doraHai="127" who="0" fromWho="3" sc="327,26,293,0,163,0,217,-26" /><INIT seed="2,0,0,1,1,71" ten="353,293,163,191" oya="2" hai0="125,66,41,84,72,6,119,67,5,50,82,4,92" hai1="9,135,124,85,75,62,128,39,78,20,131,88,40" hai2="54,28,115,73,58,17,33,52,13,21,132,48,23" hai3="25,117,100,8,93,61,31,113,94,76,38,69,45"/><V59/><F115/><W68/><G117/><T80/><D125/><U91/><E124/><V102/><F73/><W34/><G113/><T101/><D119/><U70/><E135/><V53/><F132/><W107/><G69/><T37/><D37/><U112/><E112/><V118/><F118/><W36/><G76/><T1/><D1/><U11/><E75/><V14/><F102/><W51/><G8/><N who="1" m="3146" /><E20/><V114/><F114/><W79/><G79/><T16/><D72/><U47/><E78/><V19/><REACH who="2" step="1"/><F48/><REACH who="2" ten="353,293,153,191" step="2"/><W89/><G51/><T29/><D50/><U134/><E134/><V103/><F103/><W35/><G100/><T0/><D0/><U26/><E39/><V65/><F65/><W30/><G107/><T126/><D67/><U44/><E131/><V77/><F77/><W87/><G38/><T95/><D66/><U130/><E128/><V81/><F81/><W64/><G94/><T43/><D92/><U10/><E130/><V116/><F116/><W22/><REACH who="3" step="1"/><G31/><REACH who="3" ten="353,293,153,181" step="2"/><T24/><D126/><U3/><E91/><V7/><F7/><W2/><G2/><T74/><D5/><U129/><E129/><V133/><F133/><W15/><G15/><T86/><D4/><U98/><E88/><V120/><F120/><W104/><G104/><T105/><D6/><U83/><E3/><V122/><F122/><W123/><G123/><T32/><D105/><U97/><E83/><V111/><F111/><W57/><G57/><T55/><D82/><U106/><E106/><V18/><F18/><W99/><G99/><T60/><D80/><U42/><E98/><RYUUKYOKU ba="0,2" sc="353,-15,293,-15,153,15,181,15" hai2="13,14,17,19,21,23,28,33,52,53,54,58,59" hai3="22,25,30,34,35,36,45,61,64,68,87,89,93" /><INIT seed="2,1,2,4,2,95" ten="338,278,168,196" oya="2" hai0="59,63,111,122,24,16,26,39,48,131,96,68,18" hai1="8,60,31,58,94,80,12,61,110,44,46,7,116" hai2="85,102,49,66,93,19,103,99,125,87,82,84,135" hai3="83,20,124,127,1,34,71,128,117,55,98,53,36"/><V62/><F135/><W129/><G34/><T33/><D39/><U86/><E110/><V75/><F125/><N who="3" m="48203" /><G36/><T25/><D122/><U81/><E116/><V134/><F134/><W6/><G71/><T77/><D33/><U101/><E31/><V109/><F109/><W130/><G117/><T89/><D111/><U72/><E72/><V9/><F49/><W79/><G20/><T126/><D126/><U105/><E105/><V69/><F103/><W54/><G6/><T121/><D121/><U32/><E32/><V108/><F108/><W5/><G5/><T38/><D38/><U57/><E57/><V133/><F133/><W64/><G64/><T91/><D77/><U43/><E43/><V97/><F97/><W0/><G98/><T76/><D76/><U56/><E101/><V115/><F115/><W78/><G78/><T28/><D68/><U29/><E29/><V113/><F113/><W51/><G51/><T119/><D96/><U92/><E7/><V14/><REACH who="2" step="1"/><F75/><AGARI ba="1,2" hai="0,1,53,54,55,75,79,83,128,129,130" m="48203" machi="75" ten="40,2600,0" yaku="19,1,18,1" doraHai="95" who="3" fromWho="2" sc="338,0,278,0,168,-29,196,49" /><INIT seed="3,0,0,5,2,14" ten="338,278,139,245" oya="3" hai0="110,128,100,120,12,126,117,1,30,13,118,19,60" hai1="36,47,21,102,76,68,40,105,58,106,61,86,27" hai2="5,48,75,114,130,22,87,124,111,33,11,95,98" hai3="85,0,135,56,97,84,77,80,101,125,35,25,32"/><W45/><G0/><T31/><D120/><U69/><E86/><V89/><F33/><W43/><G125/><T9/><D100/><U82/><E69/><V44/><F75/><W8/><G135/><T108/><D60/><U23/><E23/><V92/><F114/><W93/><G25/><T18/><D128/><U99/><E68/><V10/><F111/><N who="0" m="42538" /><D1/><U134/><E134/><V131/><F124/><W4/><G85/><T104/><D104/><U88/><E76/><V28/><F28/><N who="0" m="10794" /><D126/><U112/><E112/><V122/><F122/><W119/><G119/><T72/><D72/><U73/><E73/><V59/><F130/><W107/><G56/><T63/><D63/><U67/><E106/><V113/><F59/><W50/><REACH who="3" step="1"/><G107/><REACH who="3" ten="338,278,139,235" step="2"/><T65/><D65/><U6/><E105/><V115/><F131/><W79/><G79/><T34/><D34/><U42/><E67/><V132/><F132/><W81/><G81/><T66/><D66/><U20/><E82/><V90/><F115/><W46/><G46/><T53/><D118/><U123/><E47/><V91/><F113/><W83/><G83/><T133/><D117/><U94/><E58/><V51/><F44/><W52/><G52/><T62/><D133/><U38/><E123/><V29/><F87/><W41/><G41/><T57/><D12/><U17/><E42/><V55/><F55/><W121/><G121/><T54/><D53/><U64/><E40/><V39/><F29/><W37/><G37/><T7/><AGARI ba="0,1" hai="7,9,13,18,19,54,57,62" m="10794,42538" machi="7" ten="30,4000,0" yaku="14,1,52,2" doraHai="14" who="0" fromWho="0" sc="338,50,278,-10,139,-10,235,-20" /><INIT seed="4,0,0,3,3,2" ten="388,268,129,215" oya="0" hai0="7,38,46,114,53,58,113,21,45,134,135,71,1" hai1="10,131,99,66,111,121,18,130,61,13,128,14,105" hai2="65,20,22,17,9,92,103,36,74,126,123,110,76" hai3="94,67,70,127,16,26,28,5,48,12,125,52,23"/><T35/><D35/><U43/><E111/><V132/><F110/><W49/><G49/><T11/><D71/><U41/><E121/><V59/><F123/><W100/><G70/><T64/><D64/><U54/><E54/><V102/><F36/><W55/><G67/><T77/><D77/><U8/><E99/><V91/><F132/><N who="0" m="50730" /><D21/><U90/><E90/><V88/><F126/><N who="3" m="48139" /><G48/><N who="0" m="31015" /><D38/><U62/><E105/><V108/><F108/><W106/><G106/><T98/><D98/><U69/><REACH who="1" step="1"/><E62/><REACH who="1" ten="388,258,129,215" step="2"/><V112/><F91/><W83/><G83/><T93/><D93/><U40/><E40/><V122/><F88/><W82/><G82/><T19/><D46/><U86/><E86/><V4/><F92/><W6/><G94/><T50/><D45/><U80/><E80/><V30/><F122/><W57/><G100/><T47/><D19/><AGARI ba="0,1" hai="8,10,13,14,18,19,41,43,61,66,69,128,130,131" machi="19" ten="40,8000,1" yaku="1,1,9,1,19,1,53,1" doraHai="2" doraHaiUra="60" who="1" fromWho="0" sc="388,-80,258,90,129,0,215,0" /><INIT seed="5,0,0,4,3,97" ten="308,348,129,215" oya="1" hai0="95,25,9,24,96,32,122,40,72,79,99,77,1" hai1="83,62,106,81,18,11,0,54,90,94,51,134,41" hai2="2,37,49,101,10,5,108,92,58,124,120,104,115" hai3="38,20,121,128,109,80,68,100,35,43,14,66,29"/><U110/><E134/><V102/><F120/><W26/><G109/><T85/><D72/><U135/><E135/><V15/><F108/><W76/><G121/><T69/><D69/><U36/><E106/><V125/><F37/><W111/><G111/><T13/><D1/><U112/><E112/><V45/><F115/><W84/><G128/><T107/><D122/><U8/><E62/><V50/><F104/><W59/><G68/><T47/><D107/><U105/><E105/><V34/><F34/><W86/><G38/><T30/><D25/><U78/><E41/><V98/><F2/><W42/><G84/><T71/><D71/><U130/><E36/><V123/><F123/><W16/><REACH who="3" step="1"/><G100/><REACH who="3" ten="308,348,129,205" step="2"/><T33/><D85/><U53/><E130/><V3/><F102/><W57/><G57/><T28/><D96/><U114/><E110/><V91/><F101/><W126/><G126/><N who="2" m="48745" /><F58/><W52/><G52/><T113/><D113/><U21/><E54/><V103/><F103/><W82/><G82/><T61/><D99/><N who="1" m="57815" /><E83/><V55/><F55/><W65/><G65/><T87/><D87/><U129/><E114/><V75/><F75/><W64/><G64/><T7/><D95/><U56/><E129/><V17/><F45/><W39/><G39/><T4/><D47/><U46/><E46/><V22/><AGARI ba="0,1" hai="3,5,10,15,17,22,49,50,91,92,98" m="48745" machi="22" ten="30,1100,0" yaku="18,1" doraHai="97" who="2" fromWho="2" sc="308,-3,348,-5,129,21,205,-3" /><INIT seed="6,0,0,4,3,35" ten="305,343,150,202" oya="2" hai0="115,116,41,56,133,24,58,30,53,4,98,46,128" hai1="48,94,97,67,18,135,122,121,62,100,57,42,90" hai2="63,91,27,14,93,96,119,13,89,38,54,85,127" hai3="21,45,5,52,26,43,25,120,23,118,68,44,59"/><V111/><F119/><W106/><G118/><T79/><D116/><U71/><E135/><V104/><F38/><W80/><G120/><N who="1" m="46186" /><E18/><V7/><F127/><W2/><G106/><T28/><D133/><U36/><E36/><V123/><F123/><W130/><G68/><T82/><D115/><U34/><E34/><V126/><F126/><W88/><G130/><T61/><D128/><U114/><E114/><V81/><F111/><W132/><G132/><T84/><D24/><N who="3" m="9321" /><G2/><T64/><D98/><N who="1" m="57687" /><E42/><V113/><F113/><W10/><G10/><T74/><D74/><U9/><E9/><V8/><F104/><W17/><G5/><T112/><D112/><U29/><E48/><V99/><F27/><N who="3" m="14767" /><G23/><T15/><D4/><U3/><E3/><V75/><F75/><W86/><G43/><T83/><D15/><U95/><E71/><V87/><REACH who="2" step="1"/><F13/><REACH who="2" ten="305,343,140,202" step="2"/><W107/><G107/><T92/><D28/><AGARI ba="0,1" hai="28,29,57,62,67,95,97,100" m="57687,46186" machi="28" ten="30,1000,0" yaku="13,1" doraHai="35" who="1" fromWho="0" sc="305,-10,343,20,140,0,202,0" /><INIT seed="7,0,0,1,5,107" ten="295,363,140,202" oya="3" hai0="79,12,92,82,101,70,113,124,0,42,40,17,30" hai1="110,41,65,121,94,71,37,16,97,33,108,48,20" hai2="35,7,43,109,23,72,45,4,29,83,99,80,89" hai3="28,26,3,115,81,15,38,120,5,44,98,130,84"/><W134/><G120/><T95/><D0/><U25/><E37/><V10/><F109/><W135/><G3/><T14/><D70/><U102/><E121/><V125/><F125/><W131/><G98/><T93/><D124/><U60/><REACH who="1" step="1"/><E33/><REACH who="1" ten="295,353,140,202" step="2"/><V54/><F35/><W34/><G34/><T87/><D113/><U116/><E116/><V100/><F54/><W47/><G38/><T24/><D101/><U49/><E49/><V63/><F63/><W32/><G115/><T126/><D126/><U85/><E85/><V46/><F89/><W51/><G51/><T1/><D1/><U122/><E122/><V76/><F80/><W57/><G84/><T56/><D12/><U91/><E91/><V8/><F4/><W129/><G81/><T88/><D79/><U22/><E22/><V133/><F133/><W86/><G86/><T96/><D96/><U103/><E103/><V53/><F53/><W132/><G15/><T55/><D24/><U127/><E127/><V64/><F64/><W112/><G5/><T6/><D6/><U9/><E9/><V73/><F73/><W90/><G90/><T31/><D40/><U62/><E62/><V2/><F8/><W78/><G78/><T13/><D42/><U105/><E105/><V119/><F119/><W58/><G112/><T18/><D13/><U66/><E66/><V123/><F123/><W74/><G74/><T104/><D104/><U111/><E111/><V117/><F117/><W67/><G67/><T50/><REACH who="0" step="1"/><D14/><REACH who="0" ten="285,353,140,202" step="2"/><U75/><E75/><V59/><F43/><W11/><G134/><T114/><D114/><RYUUKYOKU ba="0,2" sc="285,15,353,15,140,-15,202,-15" hai0="17,18,30,31,50,55,56,82,87,88,92,93,95" hai1="16,20,25,41,48,60,65,71,94,97,102,108,110" owari="300,10.0,388,48.0,125,-37.0,187,-21.0" /></mjloggm>