<mjloggm ver="2.3"><GO type="185" lobby="0"/><UN n0="%59%61%6E%67%6E%75%6D" n1="%3E%5F%30%40%E6%9D%8F%E6%9D%8F%E8%BB%8D%E5%9C%98" n2="%4B%6F%4B%4B%4F" n3="" dan="16,16,16,0" rate="2231.23,2191.41,2200.98,1500.00" sx="M,F,M,C"/><TAIKYOKU oya="0"/><INIT seed="0,0,0,4,2,84" ten="350,350,350,0" oya="0" hai0="62,52,47,73,83,123,103,97,70,122,68,67,114" hai1="110,32,2,43,118,131,104,107,135,63,51,89,124" hai2="132,99,134,59,55,116,133,76,105,98,95,3,128" hai3=""/><T113/><N who="0" m="31264" /><T60/><N who="0" m="31520" /><T46/><D73/><U130/><E63/><V56/><F3/><T65/><D83/><U71/><E51/><V87/><F128/><T44/><REACH who="0" step="1"/><D52/><REACH who="0" ten="340,350,350,0" step="2"/><U49/><E130/><V86/><F116/><T82/><D82/><U33/><E131/><V81/><F55/><T108/><D108/><U101/><E110/><V117/><F117/><T74/><D74/><U111/><E118/><V94/><F134/><T36/><D36/><U102/><E111/><V88/><F81/><T115/><D115/><U79/><E135/><V106/><REACH who="2" step="1"/><F76/><REACH who="2" ten="340,350,340,0" step="2"/><T37/><D37/><U48/><E79/><V112/><F112/><T0/><D0/><U93/><E2/><V45/><F45/><T58/><D58/><U54/><E54/><V35/><F35/><T61/><D61/><U1/><E1/><V125/><F125/><T77/><D77/><U57/><E124/><V126/><F126/><T129/><D129/><U64/><E57/><V121/><N who="2" m="31008" /><V42/><F42/><T85/><D85/><U109/><E43/><V120/><N who="2" m="30752" /><V72/><F72/><T91/><D91/><AGARI ba="0,2" hai="56,59,86,87,88,91,94,95,98,99,105,106,132,133" m="30752,31008" machi="91" ten="25,16000,3" yaku="1,1,22,2,52,4,54,1,53,0" doraHai="84" doraHaiUra="66" who="2" fromWho="0" sc="340,-160,350,0,340,180,0,0" /><INIT seed="1,0,0,1,4,127" ten="180,350,520,0" oya="1" hai0="95,130,61,122,112,117,77,92,0,46,79,96,83" hai1="82,62,121,74,67,47,129,89,60,101,97,104,118" hai2="65,128,90,87,105,125,33,52,51,57,38,64,48" hai3=""/><U41/><N who="1" m="31008" /><U99/><E129/><V119/><F33/><T54/><N who="0" m="31264" /><T109/><D112/><U84/><E118/><V40/><F119/><T86/><D117/><U110/><E110/><V76/><F125/><T88/><D109/><U133/><E133/><V50/><F105/><T103/><D0/><U91/><E74/><V108/><F108/><T75/><D130/><U44/><E44/><V69/><F69/><T94/><D61/><U81/><E67/><V100/><F100/><T42/><D54/><U135/><E135/><V107/><F107/><T102/><D79/><U68/><E68/><V55/><F76/><T115/><D115/><U53/><E53/><V111/><F38/><T63/><D63/><U80/><E97/><V123/><N who="2" m="31520" /><V126/><F126/><T34/><D34/><U131/><E131/><V116/><F116/><T1/><D1/><U85/><REACH who="1" step="1"/><E81/><REACH who="1" ten="180,340,520,0" step="2"/><V72/><F72/><T45/><D42/><U49/><AGARI ba="0,1" hai="41,47,49,60,62,80,82,84,85,89,91,99,101,104" m="31008" machi="49" ten="20,16000,3" yaku="1,1,2,1,0,1,7,1,9,1,52,1,53,2" doraHai="127" doraHaiUra="56" who="1" fromWho="1" sc="180,-80,340,170,520,-80,0,0" /><INIT seed="1,1,0,1,5,117" ten="100,510,440,0" oya="1" hai0="105,72,70,39,49,128,53,108,51,35,83,118,73" hai1="50,1,40,33,36,103,67,52,90,106,34,109,37" hai2="96,99,61,88,59,41,87,89,129,56,84,92,80" hai3=""/><U42/><E1/><V111/><F111/><T85/><D53/><U97/><E109/><V66/><F129/><T71/><D51/><U76/><E67/><V119/><F119/><T46/><D49/><U135/><E135/><V116/><F116/><T75/><D46/><U62/><E62/><V64/><F41/><T133/><D85/><U95/><E76/><V58/><REACH who="2" step="1"/><F66/><REACH who="2" ten="100,510,430,0" step="2"/><T0/><D73/><U63/><E42/><V47/><F47/><T115/><D72/><U69/><E40/><V131/><F131/><T123/><D83/><U74/><E74/><V121/><N who="2" m="31008" /><V113/><F113/><T132/><D133/><U98/><E34/><V124/><F124/><AGARI ba="1,1" hai="0,35,39,70,71,75,105,108,115,118,123,124,128,132" machi="124" ten="0,32000,5" yakuman="47" doraHai="117" who="0" fromWho="2" sc="100,332,510,0,430,-322,0,0" /><INIT seed="2,0,0,1,2,71" ten="432,510,108,0" oya="2" hai0="89,83,119,91,101,127,120,59,32,68,121,122,133" hai1="45,108,63,105,65,0,54,67,3,84,52,81,51" hai2="102,40,36,126,114,33,87,88,117,58,48,35,79" hai3=""/><V135/><F117/><T113/><N who="0" m="30752" /><T73/><N who="0" m="31008" /><T39/><N who="0" m="31264" /><T37/><D119/><U107/><E108/><V77/><F114/><T130/><D32/><U92/><E65/><V62/><F126/><T50/><D68/><U103/><E54/><V106/><F135/><T41/><D133/><U134/><E134/><V90/><F36/><T78/><D127/><U72/><E72/><V111/><F111/><T47/><D113/><U95/><E92/><V44/><F106/><T82/><D101/><U55/><E55/><V74/><F74/><T56/><D130/><U97/><E3/><V46/><F46/><T109/><D109/><U123/><N who="1" m="31520" /><U49/><E49/><V75/><F75/><T2/><D2/><U76/><REACH who="1" step="1"/><E0/><REACH who="1" ten="432,500,108,0" step="2"/><V116/><F116/><T57/><REACH who="0" step="1"/><D83/><REACH who="0" ten="422,500,108,0" step="2"/><U100/><E100/><V94/><F102/><T129/><D129/><U80/><E80/><V131/><F131/><T1/><D1/><U99/><E99/><V86/><F33/><T93/><D93/><U38/><E38/><AGARI ba="0,2" hai="37,38,39,41,47,50,56,57,59,73,78,82,89,91" m="31264,31008,30752" machi="38" ten="40,16000,3" yaku="1,1,52,6,53,3" doraHai="71" doraHaiUra="53" who="0" fromWho="1" sc="422,180,500,-160,108,0,0,0" /><INIT seed="4,0,0,4,0,127" ten="602,340,108,0" oya="0" hai0="119,104,82,125,129,50,115,64,68,69,92,35,94" hai1="117,101,80,45,44,133,74,65,38,72,113,90,67" hai2="59,39,71,57,103,77,100,46,0,34,43,51,95" hai3=""/><T32/><D129/><U53/><E117/><V79/><F34/><T123/><N who="0" m="31520" /><T41/><D115/><U105/><E113/><V86/><F0/><T52/><D125/><U87/><E133/><V40/><F71/><T33/><D104/><U85/><E105/><V102/><F39/><T111/><D41/><U58/><E101/><V112/><F112/><T114/><D119/><U78/><E38/><V88/><F40/><T128/><D111/><U81/><E74/><V63/><REACH who="2" step="1"/><F57/><REACH who="2" ten="602,340,98,0" step="2"/><T84/><D68/><U132/><E132/><V73/><F73/><T70/><D69/><U110/><E72/><V91/><F91/><T75/><D70/><U54/><E110/><V55/><AGARI ba="0,1" hai="43,46,51,55,59,63,77,79,86,88,95,100,102,103" machi="55" ten="30,6000,1" yaku="1,1,0,1,8,1,54,1,53,1" doraHai="127" doraHaiUra="49" who="2" fromWho="2" sc="602,-40,340,-20,98,70,0,0" /><INIT seed="5,0,0,1,2,123" ten="562,320,168,0" oya="1" hai0="86,83,40,80,63,118,54,39,56,73,79,43,48" hai1="117,37,3,90,81,65,57,119,92,46,47,100,128" hai2="109,42,53,99,36,76,93,88,60,107,133,41,113" hai3=""/><U95/><E3/><V33/><F33/><T103/><D118/><U112/><E128/><V70/><F133/><T132/><D132/><U67/><E112/><V91/><F113/><T82/><D103/><U34/><E34/><V69/><F107/><T96/><D96/><U50/><E81/><V32/><F32/><T44/><D73/><U116/><E37/><V68/><F76/><T102/><D102/><U84/><E57/><V110/><F91/><T77/><D77/><U38/><E38/><V135/><F135/><T105/><D105/><U45/><REACH who="1" step="1"/><E50/><REACH who="1" ten="562,310,168,0" step="2"/><V35/><F35/><T111/><D82/><U75/><E75/><V51/><F60/><T58/><D83/><U62/><E62/><V122/><N who="2" m="31264" /><V89/><F36/><T98/><D56/><U78/><E78/><V114/><F114/><T124/><D58/><U55/><E55/><V71/><N who="2" m="17408" /><DORA hai="126" /><V0/><F0/><T130/><D54/><U127/><E127/><V104/><F53/><T115/><D124/><U61/><E61/><V85/><F51/><T134/><D63/><U120/><N who="1" m="30752" /><U121/><N who="1" m="31008" /><U74/><E74/><V106/><F41/><T129/><D79/><U125/><E125/><V66/><F42/><T108/><D39/><RYUUKYOKU ba="0,1" sc="562,-10,310,20,168,-10,0,0" hai1="45,46,47,65,67,84,90,92,95,100,116,117,119" /><INIT seed="5,1,1,1,3,46" ten="552,330,158,0" oya="1" hai0="42,32,126,95,124,41,82,35,132,104,50,70,1" hai1="116,49,102,66,58,34,125,87,61,73,76,86,39" hai2="3,40,97,84,100,81,111,130,75,2,48,57,55" hai3=""/><U69/><E34/><V71/><F75/><T113/><D104/><U44/><E116/><V118/><F118/><T115/><D1/><U123/><N who="1" m="31520" /><U98/><E125/><V112/><F111/><T103/><D70/><U74/><E86/><V94/><F130/><T89/><D103/><U54/><E87/><V72/><F72/><T114/><D82/><U79/><E74/><V131/><F131/><T37/><D37/><U133/><E133/><V83/><F71/><T91/><D91/><U119/><E73/><V80/><F112/><T51/><D132/><U96/><E119/><V65/><F65/><T59/><D59/><U47/><E47/><V105/><F40/><N who="0" m="15466" /><D32/><U38/><E98/><V108/><F108/><T107/><D107/><U52/><E39/><V109/><F109/><T88/><D89/><U127/><E127/><N who="0" m="48681" /><D35/><U134/><E134/><V92/><REACH who="2" step="1"/><F84/><AGARI ba="1,1" hai="50,51,84,88,95,113,114,115" m="48681,15466" machi="84" ten="40,8000,1" yaku="15,1,18,1,52,2,54,1" doraHai="46" who="0" fromWho="2" sc="552,92,330,0,158,-82,0,0" /><INIT seed="6,0,0,4,5,117" ten="644,330,76,0" oya="2" hai0="99,51,48,45,54,106,57,78,55,110,74,0,87" hai1="95,129,70,134,77,40,86,124,58,73,119,56,64" hai2="89,71,66,130,133,50,122,38,41,103,108,59,69" hai3=""/><V121/><N who="2" m="31008" /><V92/><N who="2" m="31264" /><V46/><F130/><T72/><D110/><U33/><E95/><V61/><F108/><T123/><N who="0" m="31520" /><T49/><D0/><U109/><E86/><V44/><F133/><T60/><D72/><U131/><E77/><V84/><REACH who="2" step="1"/><F103/><REACH who="2" ten="644,330,66,0" step="2"/><T83/><D74/><U75/><E131/><V94/><F94/><T101/><AGARI ba="0,1" hai="45,48,49,51,54,55,57,60,78,83,87,99,101,106" m="31520" machi="101" ten="30,3000,0" yaku="0,1,52,2" doraHai="117" who="0" fromWho="0" sc="644,40,330,-10,66,-20,0,0" owari="684,63.0,320,-8.0,46,-55.0,0,0.0" /></mjloggm>