<mjloggm ver="2.3"><GO type="169" lobby="0"/><UN n0="%E3%81%9F%E3%81%84%E3%81%9B" n1="%E3%81%8B%E3%81%A5%E3%81%8D%EF%BC%B8%EF%BC%A9" n2="%6F%75%74%E7%A5%AD%E3%82%8A" n3="%E4%B8%89%E6%9D%89%E3%81%8F%E3%82%93" dan="17,16,16,16" rate="2197.28,2100.23,2177.37,2054.79" sx="F,M,M,M"/><TAIKYOKU oya="0"/><INIT seed="0,0,0,3,4,38" ten="250,250,250,250" oya="0" hai0="20,75,49,84,121,31,44,34,109,119,7,3,24" hai1="33,58,96,67,77,66,135,118,35,107,18,19,95" hai2="71,65,48,43,1,92,45,112,93,73,130,74,40" hai3="79,28,54,81,102,122,60,55,50,116,41,105,110"/><T64/><D75/><U4/><E107/><V99/><F112/><W10/><G110/><T94/><D121/><U127/><E4/><V63/><F1/><W124/><G116/><T120/><D120/><U132/><E77/><V111/><F111/><W23/><G124/><T22/><D109/><U125/><E58/><V68/><F130/><W5/><G105/><T42/><D119/><U115/><E95/><V103/><F71/><W131/><G102/><T8/><REACH who="0" step="1"/><D64/><REACH who="0" ten="240,250,250,250" step="2"/><U88/><E118/><V76/><F74/><W126/><G122/><T123/><D123/><U129/><E115/><V117/><F117/><W27/><G131/><T57/><D57/><U25/><E129/><V30/><F73/><W104/><G126/><T98/><D98/><U85/><E96/><V9/><F99/><W133/><G133/><T100/><D100/><U12/><E67/><V113/><F103/><W114/><G114/><T21/><D21/><N who="1" m="13495" /><E66/><V97/><F65/><W108/><G108/><T37/><D37/><U6/><E127/><V78/><F97/><W17/><G104/><T32/><D32/><U101/><E125/><V80/><F113/><W47/><G23/><T51/><D51/><U69/><E101/><V26/><F48/><W72/><G50/><T46/><D46/><U90/><E135/><V16/><F45/><W86/><G47/><T128/><D128/><U14/><E35/><V62/><F62/><W106/><G60/><T15/><D15/><U134/><E134/><V82/><F63/><W13/><G106/><T87/><D87/><U36/><E132/><V91/><F68/><RYUUKYOKU ba="0,1" sc="240,30,250,-10,250,-10,250,-10" hai0="3,7,8,20,22,24,31,34,42,44,49,84,94" /><INIT seed="0,1,1,5,4,76" ten="270,240,240,240" oya="0" hai0="122,18,107,129,86,83,56,4,23,110,26,106,13" hai1="35,33,0,7,15,101,87,123,100,10,131,55,80" hai2="68,64,11,98,78,89,31,125,60,29,12,45,96" hai3="16,21,9,127,114,39,41,52,30,95,66,82,8"/><T120/><D129/><U79/><E123/><V105/><F125/><W28/><G114/><T54/><D110/><U77/><E131/><V1/><F1/><W121/><G121/><T133/><D133/><U62/><E0/><V57/><F45/><W34/><G127/><T50/><D120/><U61/><E79/><V91/><F68/><W37/><G66/><T14/><D122/><U99/><E101/><V58/><F78/><W67/><G67/><T25/><D107/><U92/><REACH who="1" step="1"/><E55/><REACH who="1" ten="270,230,240,240" step="2"/><V128/><F128/><W2/><G52/><N who="0" m="31767" /><D106/><U93/><E93/><V72/><F105/><W42/><G2/><T65/><D65/><U118/><E118/><V124/><F124/><W90/><G37/><T71/><D71/><U117/><E117/><V119/><F64/><W74/><G39/><T40/><D54/><U134/><E134/><V43/><F119/><W22/><G95/><T81/><D40/><U19/><E19/><V102/><F43/><W103/><G16/><N who="0" m="10639" /><D4/><U130/><E130/><V84/><F102/><W6/><G6/><T94/><D94/><U51/><E51/><V88/><F60/><AGARI ba="1,2" hai="7,10,15,33,35,60,61,62,77,80,87,92,99,100" machi="60" ten="40,2600,0" yaku="1,1,52,1,53,0" doraHai="76" doraHaiUra="24" who="1" fromWho="2" sc="270,0,230,49,240,-29,240,0" /><INIT seed="1,0,0,4,3,81" ten="270,279,211,240" oya="1" hai0="46,88,124,109,53,135,3,67,43,104,82,111,72" hai1="23,25,97,93,20,84,77,115,62,15,39,37,55" hai2="50,80,129,103,96,16,64,79,58,38,1,75,34" hai3="63,126,13,133,31,11,66,6,130,10,87,5,71"/><U28/><E115/><V7/><F38/><W45/><G126/><T131/><D104/><U36/><E62/><V48/><F34/><W18/><G130/><T33/><D3/><U113/><E113/><V2/><F129/><W86/><G133/><T134/><D131/><U123/><E55/><V12/><F7/><W100/><G31/><T99/><D33/><U128/><E123/><V70/><F70/><W57/><G100/><T73/><D53/><U8/><E128/><V122/><F122/><W49/><G71/><T56/><D56/><U101/><E23/><V125/><F125/><W118/><G118/><T94/><D67/><U108/><E108/><N who="0" m="41545" /><D124/><U26/><E26/><V59/><F58/><W52/><G18/><T35/><D35/><U83/><REACH who="1" step="1"/><E39/><REACH who="1" ten="270,269,211,240" step="2"/><V22/><F64/><W114/><REACH who="3" step="1"/><G114/><REACH who="3" ten="270,269,211,230" step="2"/><T32/><D32/><U65/><E65/><V30/><F30/><W121/><G121/><T119/><D119/><U85/><E85/><V90/><F75/><W116/><G116/><T106/><D72/><U21/><E21/><V27/><F22/><W29/><G29/><T19/><D73/><U110/><E110/><V76/><F59/><W120/><G120/><T42/><D134/><U69/><E69/><V98/><F96/><W41/><G41/><T112/><D112/><U107/><E107/><V14/><F98/><W105/><G105/><T47/><D106/><U91/><E91/><V74/><F90/><W95/><G95/><T60/><D135/><U4/><AGARI ba="0,2" hai="4,8,15,20,25,28,36,37,77,83,84,93,97,101" machi="4" ten="20,12000,1" yaku="1,1,0,1,7,1,52,1,53,1" doraHai="81" doraHaiUra="0" who="1" fromWho="1" sc="270,-40,269,140,211,-40,230,-40" /><INIT seed="1,1,0,4,1,18" ten="230,409,171,190" oya="1" hai0="118,21,78,11,102,24,57,69,89,127,17,30,8" hai1="5,46,19,104,77,111,54,1,97,39,40,134,65" hai2="130,55,48,128,15,7,95,35,28,94,22,45,3" hai3="133,117,96,70,107,50,86,38,131,31,27,44,67"/><U20/><E134/><V56/><F35/><W123/><G38/><T82/><D69/><U13/><E65/><V135/><F135/><W29/><G123/><T61/><D118/><U43/><E111/><V59/><F3/><W125/><G131/><N who="2" m="50217" /><F7/><W81/><G125/><T132/><D127/><U92/><E104/><V72/><F72/><W60/><G133/><T101/><D89/><U112/><E112/><V80/><F80/><W42/><G117/><T10/><D30/><U64/><E64/><V84/><F84/><W93/><G107/><T25/><D25/><U37/><E77/><V51/><F59/><W33/><G31/><T4/><D4/><U73/><E73/><V26/><F15/><W34/><G34/><T109/><D109/><U41/><E5/><V9/><F9/><W108/><G108/><T71/><D71/><U0/><E1/><V49/><F49/><W74/><G74/><T14/><D24/><U124/><E0/><V119/><F119/><W66/><G66/><N who="0" m="39215" /><D132/><U83/><E124/><V87/><F87/><AGARI ba="1,0" hai="8,10,11,14,17,21,78,82,87,101,102" m="39215" machi="87" ten="30,2000,0" yaku="8,1,52,1" doraHai="18" who="0" fromWho="2" sc="230,23,409,0,171,-23,190,0" /><INIT seed="2,0,0,1,3,87" ten="253,409,148,190" oya="2" hai0="15,104,93,10,54,19,25,21,64,89,113,123,107" hai1="20,27,18,70,66,105,14,57,120,97,8,131,26" hai2="51,85,75,83,1,43,23,13,61,24,135,77,12" hai3="112,49,22,41,68,2,108,73,47,30,118,63,78"/><V56/><F1/><W9/><G108/><T98/><D113/><U28/><E57/><V60/><F135/><W33/><G112/><T122/><D64/><U0/><E131/><V88/><F43/><W71/><G22/><T103/><D54/><U48/><E120/><V94/><F51/><W80/><G118/><T100/><D103/><U11/><E27/><V32/><F32/><W65/><G33/><T46/><D46/><U72/><E72/><V67/><REACH who="2" step="1"/><F61/><REACH who="2" ten="253,409,138,190" step="2"/><W111/><G111/><T134/><D134/><U53/><E0/><V35/><F35/><W29/><REACH who="3" step="1"/><G71/><REACH who="3" ten="253,409,138,180" step="2"/><T84/><REACH who="0" step="1"/><D104/><REACH who="0" ten="243,409,138,180" step="2"/><U37/><E105/><V3/><F3/><W101/><G101/><T86/><D86/><U115/><E115/><V6/><F6/><AGARI ba="0,3" hai="2,6,9,29,30,41,47,49,63,65,68,73,78,80" machi="6" ten="40,1300,0" yaku="1,1,53,0" doraHai="87" doraHaiUra="82" who="3" fromWho="2" sc="243,0,409,0,138,-13,180,43" /><AGARI ba="0,0" hai="6,10,15,19,21,25,84,89,93,98,100,107,122,123" machi="6" ten="30,7700,0" yaku="1,1,7,1,52,1,53,1" doraHai="87" doraHaiUra="82" who="0" fromWho="2" sc="243,77,409,0,125,-77,223,0" /><INIT seed="3,0,0,5,5,98" ten="320,409,48,223" oya="3" hai0="90,69,24,103,13,68,9,5,18,28,4,12,111" hai1="64,54,84,132,118,43,67,82,110,94,78,32,113" hai2="53,117,86,57,58,87,21,30,114,0,74,35,29" hai3="120,1,2,134,109,127,112,46,130,91,63,50,23"/><W101/><G120/><T85/><D111/><U106/><E32/><V66/><F74/><W45/><G112/><T27/><D103/><U33/><E33/><V36/><F0/><W108/><G127/><T97/><D97/><U65/><E106/><V125/><F35/><W10/><G130/><T62/><D5/><U128/><E110/><N who="3" m="42602" /><G134/><T123/><D123/><U72/><E132/><V80/><F36/><W88/><G101/><T75/><D75/><U70/><E113/><V20/><F117/><W25/><G63/><T104/><D104/><U31/><E118/><V135/><F114/><W121/><G46/><T16/><D4/><U107/><E128/><V42/><F80/><W56/><G56/><T93/><D62/><U81/><E70/><V48/><F135/><W129/><G129/><T99/><D85/><U100/><E84/><V37/><F87/><W52/><G121/><T83/><D83/><U47/><E82/><V59/><F86/><W122/><G122/><T77/><D77/><U119/><E81/><V11/><F125/><W14/><G14/><T76/><D76/><U40/><E78/><V17/><F59/><W34/><G34/><T102/><D102/><U22/><E100/><V73/><F58/><W15/><G15/><T60/><D60/><U6/><E119/><V55/><F57/><W26/><G26/><T95/><D95/><U131/><E94/><V133/><F73/><W38/><G38/><T44/><D44/><U41/><E47/><V89/><F37/><W61/><G61/><T49/><D68/><U79/><E131/><V3/><F133/><RYUUKYOKU ba="0,0" sc="320,0,409,0,48,0,223,0" /><INIT seed="4,1,0,2,5,63" ten="320,409,48,223" oya="0" hai0="116,31,54,92,120,89,96,17,132,14,6,59,101" hai1="79,9,44,7,121,80,130,103,110,57,23,74,38" hai2="115,60,104,84,61,49,97,111,135,78,113,28,1" hai3="25,50,109,72,56,5,112,100,73,125,21,3,18"/><T93/><D120/><U83/><E110/><V133/><F111/><W91/><G109/><T11/><D116/><U102/><E121/><V58/><F1/><W128/><G112/><N who="2" m="43081" /><F28/><W123/><G123/><T77/><D132/><N who="2" m="50762" /><F78/><W26/><G125/><T65/><D31/><U95/><E79/><V85/><F49/><W76/><G128/><T88/><D77/><U127/><E38/><V67/><F61/><W81/><G100/><AGARI ba="1,0" hai="58,60,67,84,85,97,100,104" m="50762,43081" machi="100" ten="30,3900,0" yaku="15,1,20,1,52,1" doraHai="63" who="2" fromWho="3" sc="320,0,409,0,48,42,223,-42" /><INIT seed="5,0,0,5,2,92" ten="320,409,90,181" oya="1" hai0="125,32,72,21,109,111,61,121,117,118,24,96,13" hai1="40,6,55,98,128,114,59,132,38,100,25,105,50" hai2="91,26,107,126,15,86,127,27,69,17,45,135,119" hai3="73,58,88,19,76,79,95,101,113,77,3,42,35"/><U66/><E114/><V46/><F119/><W5/><G113/><T49/><D72/><U8/><E128/><V71/><F135/><W82/><G35/><T29/><D49/><U120/><E120/><V12/><F107/><W80/><G42/><T124/><D61/><U23/><E132/><V78/><F78/><N who="3" m="44111" /><G19/><N who="0" m="10479" /><D96/><U94/><E66/><V131/><F17/><W37/><G58/><T41/><D41/><U43/><E38/><V87/><REACH who="2" step="1"/><F91/><REACH who="2" ten="320,409,80,181" step="2"/><W20/><G76/><T56/><D118/><U129/><E105/><V54/><F54/><W31/><G77/><T62/><D117/><U30/><E129/><AGARI ba="0,1" hai="12,15,26,27,45,46,69,71,86,87,126,127,129,131" machi="129" ten="25,3200,0" yaku="1,1,22,2,53,0" doraHai="92" doraHaiUra="0" who="2" fromWho="1" sc="320,0,409,-32,80,42,181,0" /><INIT seed="6,0,0,5,4,66" ten="320,377,122,181" oya="2" hai0="91,89,28,80,131,99,49,41,15,2,40,11,114" hai1="117,115,123,23,33,24,1,75,56,121,108,73,31" hai2="102,7,20,83,100,48,107,34,78,130,18,63,38" hai3="19,46,71,68,30,96,72,43,120,3,124,65,122"/><V26/><F38/><N who="3" m="21879" /><G19/><T13/><D114/><U22/><E75/><V25/><F130/><W62/><G124/><T135/><D131/><U94/><E73/><V129/><F129/><W126/><G126/><T86/><D135/><U105/><E105/><V134/><F134/><W10/><G30/><T106/><D28/><U64/><E108/><V67/><F7/><N who="3" m="1407" /><G72/><T125/><D2/><U127/><E127/><V85/><F34/><W95/><G95/><T132/><D132/><U52/><E1/><V79/><F26/><W133/><G133/><T104/><D104/><U76/><E31/><V81/><F48/><W88/><G88/><T116/><D116/><U90/><E33/><V70/><REACH who="2" step="1"/><F107/><REACH who="2" ten="320,377,112,181" step="2"/><W36/><G36/><T101/><D125/><U60/><E117/><V6/><F6/><W82/><G120/><T119/><D119/><U27/><E123/><V17/><F17/><W50/><G50/><T61/><D49/><U110/><E121/><V103/><F103/><W45/><G122/><T111/><D111/><U51/><E27/><V112/><F112/><W32/><G32/><T59/><D106/><U57/><E24/><V87/><AGARI ba="0,1" hai="18,20,25,63,67,70,78,79,81,83,85,87,100,102" machi="87" ten="20,12000,1" yaku="1,1,0,1,7,1,9,1,52,1,53,0" doraHai="66" doraHaiUra="4" who="2" fromWho="2" sc="320,-40,377,-40,112,130,181,-40" /><INIT seed="6,1,0,5,5,32" ten="280,337,242,141" oya="2" hai0="12,9,52,2,46,47,64,31,116,5,3,84,15" hai1="16,83,89,73,36,40,10,29,50,60,125,22,98" hai2="91,124,24,44,79,121,75,18,41,33,113,133,49" hai3="93,30,135,23,21,25,6,85,109,80,39,86,62"/><V122/><F113/><W106/><G106/><T112/><D64/><U87/><E36/><V11/><F133/><W13/><G135/><T105/><D105/><U77/><E125/><V28/><F124/><W76/><G109/><T129/><D112/><U119/><E119/><V82/><F18/><W45/><G39/><T27/><D116/><U55/><E73/><V120/><F91/><W37/><G37/><T20/><D129/><U134/><E29/><V123/><F123/><W71/><G71/><T92/><D15/><U59/><E134/><V66/><F66/><W128/><G128/><T117/><D117/><U97/><E10/><V0/><REACH who="2" step="1"/><F120/><REACH who="2" ten="280,337,232,141" step="2"/><W65/><G30/><T111/><D31/><U53/><E89/><V19/><F19/><W103/><G65/><T63/><D111/><U14/><E40/><V132/><F132/><W26/><G103/><T107/><D52/><U78/><E77/><V95/><F95/><W115/><G93/><T34/><D107/><U48/><E60/><V81/><F81/><W101/><G115/><T58/><D92/><U67/><E67/><V118/><F118/><W61/><G101/><T127/><D63/><U70/><E70/><V94/><F94/><W90/><G61/><T43/><D43/><U68/><E68/><V7/><AGARI ba="1,1" hai="0,7,11,24,28,33,41,44,49,75,79,82,121,122" machi="7" ten="30,6000,0" yaku="1,1,0,1,52,1,53,0" doraHai="32" doraHaiUra="69" who="2" fromWho="2" sc="280,-21,337,-21,232,73,141,-21" /><INIT seed="6,2,0,4,2,15" ten="259,316,305,120" oya="2" hai0="115,129,49,91,99,72,133,19,73,2,69,111,57" hai1="28,17,0,24,89,53,78,59,22,68,125,47,124" hai2="62,48,8,107,119,37,25,46,85,41,45,90,114" hai3="110,11,71,16,84,61,109,38,70,100,82,20,105"/><V106/><F119/><W87/><G38/><T93/><D111/><U51/><E68/><V67/><F114/><W44/><G71/><T31/><D69/><U6/><E78/><V55/><F25/><W94/><G105/><T39/><D39/><U63/><E0/><V14/><F62/><W65/><G44/><T96/><D2/><U34/><E6/><V13/><F13/><W126/><G126/><N who="1" m="48746" /><E89/><V79/><F67/><W3/><G11/><T102/><D31/><U95/><E95/><V50/><F37/><W121/><G3/><T40/><D40/><N who="1" m="25063" /><E34/><V56/><F56/><W36/><G36/><T7/><D7/><U128/><E128/><V29/><F29/><AGARI ba="2,0" hai="17,22,24,28,29,53,59,63" m="25063,48746" machi="29" ten="30,2000,0" yaku="18,1,52,1" doraHai="15" who="1" fromWho="2" sc="259,0,316,26,305,-26,120,0" /><INIT seed="7,0,0,0,2,127" ten="259,342,279,120" oya="3" hai0="79,92,3,14,108,125,70,39,64,119,78,94,4" hai1="28,89,98,75,103,21,9,93,36,44,55,35,52" hai2="133,48,126,99,118,101,96,112,22,90,68,31,51" hai3="1,71,129,107,5,56,124,45,26,105,40,34,10"/><W114/><G124/><T97/><D125/><U49/><E75/><V50/><F68/><W81/><G114/><T29/><D108/><U83/><E35/><V33/><F33/><W47/><G47/><T135/><D119/><U46/><E36/><V132/><F90/><W65/><G56/><T27/><D39/><U117/><E117/><V37/><F37/><N who="3" m="21647" /><G81/><T24/><D3/><U43/><E9/><V104/><F126/><W7/><G7/><T63/><D92/><U6/><E6/><V19/><F112/><W18/><G18/><T130/><D14/><U25/><E46/><V53/><F19/><W23/><G23/><T11/><D11/><U128/><E83/><V74/><F53/><W16/><G16/><T77/><D4/><U134/><E55/><V0/><F22/><W88/><G88/><T106/><D24/><U12/><E89/><V120/><F51/><W109/><G109/><T121/><D27/><U113/><E52/><V82/><F50/><W38/><G38/><T20/><D20/><U58/><E21/><V17/><F48/><W41/><G41/><T85/><D29/><U15/><E25/><V73/><F17/><W76/><G76/><T2/><D79/><U111/><E28/><V115/><F82/><W131/><G26/><T84/><D78/><U95/><E111/><V91/><F91/><W66/><G34/><T69/><D77/><U13/><E43/><V60/><F115/><W30/><G30/><T123/><D70/><U57/><E113/><V116/><F31/><W62/><G66/><T67/><D69/><U32/><E32/><RYUUKYOKU ba="0,0" sc="259,-10,342,-10,279,-10,120,30" hai3="1,5,10,62,65,71,105,107,129,131" /><INIT seed="7,1,0,2,4,94" ten="249,332,269,150" oya="3" hai0="131,113,97,95,31,7,121,92,125,62,96,132,90" hai1="63,120,82,88,107,80,14,98,51,83,116,65,21" hai2="69,81,48,70,134,17,1,40,91,75,119,30,77" hai3="117,126,43,118,29,0,89,67,8,72,103,76,32"/><W66/><G89/><N who="0" m="55311" /><D121/><U55/><E120/><V101/><F134/><W12/><G43/><T39/><D39/><U42/><E42/><V6/><F30/><W34/><G0/><T133/><D125/><U111/><E111/><V22/><F91/><W79/><G126/><T106/><D131/><U114/><E114/><V85/><F101/><W33/><G103/><N who="0" m="62831" /><D62/><U56/><E116/><N who="3" m="44650" /><G72/><T86/><D31/><U26/><E107/><V61/><F75/><W28/><G29/><T57/><D57/><N who="1" m="37103" /><E14/><V87/><F1/><W52/><G28/><T27/><D27/><U35/><E35/><N who="3" m="8962" /><W54/><DORA hai="127" /><G12/><T15/><D15/><U11/><E11/><V37/><F70/><W5/><G5/><T60/><D60/><U3/><E3/><V45/><F6/><W2/><G8/><T64/><D64/><N who="3" m="24617" /><G2/><T58/><D58/><U10/><E10/><V73/><F73/><W25/><G25/><T16/><D7/><U104/><E26/><V50/><F40/><W93/><G93/><T24/><D24/><U36/><E56/><V128/><F61/><W84/><G84/><T38/><D86/><U44/><E21/><V46/><F87/><W59/><G59/><T102/><D102/><U108/><E36/><V68/><F85/><W122/><G122/><T130/><D38/><U105/><E44/><V41/><F37/><W19/><G19/><T71/><D16/><U129/><E51/><V110/><F17/><W100/><G100/><T18/><D18/><U4/><E4/><V78/><F119/><W123/><G123/><T109/><D90/><U74/><E88/><RYUUKYOKU ba="1,0" sc="249,-10,332,-10,269,-10,150,30" hai3="52,54,76,79" /><INIT seed="7,2,0,2,2,76" ten="239,322,259,180" oya="3" hai0="60,129,22,134,25,23,115,44,91,10,18,43,120" hai1="130,15,64,8,37,20,90,112,5,41,101,54,28" hai2="40,17,39,63,48,19,14,7,47,30,82,102,11" hai3="95,116,57,62,45,113,70,33,125,80,61,21,99"/><W94/><G116/><T13/><D120/><U93/><E112/><V128/><F128/><W111/><G33/><T84/><D129/><U68/><E130/><V1/><F102/><W110/><G113/><T86/><D115/><U59/><E101/><V73/><F30/><W89/><G125/><T74/><D74/><U132/><E132/><V123/><F123/><W85/><G45/><T117/><D134/><U118/><E118/><V121/><F48/><W114/><G114/><T97/><D60/><U55/><E68/><V50/><F50/><W38/><G38/><T65/><D65/><U75/><E75/><V29/><F29/><W49/><G95/><N who="0" m="56575" /><D117/><U32/><E32/><V35/><F35/><W42/><G21/><N who="0" m="7691" /><D25/><N who="1" m="16423" /><E41/><V98/><F14/><W12/><G12/><T26/><D26/><U127/><E127/><V4/><F63/><N who="3" m="24075" /><G70/><T126/><D126/><U52/><E37/><V122/><F39/><W34/><G34/><T105/><D105/><U103/><E64/><V108/><F122/><W56/><G42/><T106/><D106/><U81/><E59/><N who="3" m="22602" /><G49/><AGARI ba="2,0" hai="10,13,18,43,44,49,84,86" m="7691,56575" machi="49" ten="30,1000,0" yaku="8,1" doraHai="76" who="0" fromWho="3" sc="239,16,322,0,259,0,180,-16" owari="255,-14.0,322,42.0,259,6.0,164,-34.0" /></mjloggm>