<mjloggm ver="2.3"><GO type="169" lobby="0"/><UN n0="%E3%83%95%E3%83%AA%E3%83%86%E3%83%B3" n1="%E3%81%97%E3%81%BE%E3%81%A0%E3%81%BE%32" n2="%E3%81%A4%E3%81%A3%E3%81%8D%EF%BD%9E%32%6E%64" n3="%E3%81%8B%E3%81%A4%E3%81%BF%E3%82%93%E3%81%94%EF%BC%81" dan="18,16,16,17" rate="2198.72,2053.38,2035.12,2166.50" sx="M,M,M,M"/><TAIKYOKU oya="0"/><INIT seed="0,0,0,0,5,87" ten="250,250,250,250" oya="0" hai0="92,123,53,36,56,21,72,11,110,126,40,99,70" hai1="55,13,5,86,97,98,122,63,31,12,133,88,116" hai2="1,49,62,46,25,79,107,67,16,8,117,115,35" hai3="27,19,34,2,125,23,61,121,50,37,95,81,101"/><T9/><D123/><U119/><E122/><V6/><F115/><W4/><G121/><T105/><D126/><U113/><E133/><V104/><F117/><W14/><G37/><T42/><D70/><U80/><E113/><V132/><F132/><W129/><G129/><T84/><D72/><U96/><E31/><V114/><F79/><W43/><G125/><T75/><D75/><U26/><E26/><V109/><F109/><W45/><G61/><T89/><D110/><U0/><E0/><V90/><F114/><W118/><G81/><T76/><D105/><U74/><E74/><V58/><F90/><W30/><G118/><T127/><D127/><U66/><E13/><V128/><F128/><W69/><G101/><T52/><D53/><U93/><E55/><V17/><F35/><W22/><G22/><T3/><D21/><U77/><E116/><V131/><F131/><W65/><G95/><T28/><D28/><U73/><E119/><V64/><F64/><W78/><G78/><T20/><D20/><U130/><E130/><V83/><F83/><W24/><G24/><T54/><D54/><U108/><E108/><V18/><REACH who="2" step="1"/><F25/><REACH who="2" ten="250,250,240,250" step="2"/><W60/><G34/><T10/><D76/><U111/><E111/><V57/><F57/><W7/><G30/><T124/><D124/><U47/><E47/><V103/><F103/><W68/><G69/><T32/><D32/><U102/><E102/><V94/><F94/><W41/><G27/><T91/><D92/><U106/><E106/><V29/><F29/><W39/><G2/><T85/><D3/><U48/><E77/><RYUUKYOKU ba="0,1" sc="250,-15,250,-15,240,15,250,15" hai2="1,6,8,16,17,18,46,49,58,62,67,104,107" hai3="4,7,14,19,23,39,41,43,45,50,60,65,68" /><INIT seed="1,1,1,5,4,21" ten="235,235,255,265" oya="1" hai0="121,9,37,110,55,86,30,135,36,41,15,3,113" hai1="20,89,97,108,88,124,129,75,45,90,32,131,115" hai2="92,27,60,5,122,83,43,77,78,133,12,39,65" hai3="117,0,128,130,104,11,64,73,70,112,42,7,87"/><U18/><E115/><V94/><F122/><W44/><G112/><T40/><D113/><U101/><E32/><V46/><F133/><W74/><G117/><T126/><D135/><U52/><E75/><N who="3" m="28682" /><G87/><T14/><D3/><U17/><E124/><V53/><F53/><W72/><G104/><T34/><D126/><U25/><E108/><V98/><F27/><W49/><N who="3" m="28690" /><W23/><DORA hai="99" /><G23/><T118/><D118/><U10/><E45/><V96/><F83/><W47/><G47/><T24/><D121/><U16/><E52/><V58/><F12/><W38/><G49/><T51/><D110/><U67/><E67/><V48/><F5/><W132/><G132/><T102/><D102/><U71/><E71/><V134/><F39/><W103/><G103/><T22/><D86/><U26/><E10/><V95/><REACH who="2" step="1"/><F134/><REACH who="2" ten="235,235,245,265" step="2"/><W35/><G35/><T76/><D37/><U105/><REACH who="1" step="1"/><E25/><REACH who="1" ten="235,225,245,265" step="2"/><V31/><F31/><AGARI ba="1,3" hai="16,17,18,20,26,31,88,89,90,97,101,105,129,131" machi="31" ten="40,18000,2" yaku="1,1,2,1,52,2,54,2,53,0" doraHai="21,99" doraHaiUra="120,63" who="1" fromWho="2" sc="235,0,225,213,245,-183,265,0" /><INIT seed="1,2,0,5,0,78" ten="235,438,62,265" oya="1" hai0="16,110,109,79,32,84,25,23,93,30,119,22,50" hai1="46,81,44,61,114,103,64,56,90,98,10,53,77" hai2="39,31,96,105,123,129,100,51,118,112,127,115,69" hai3="130,101,47,76,86,134,19,48,71,125,83,37,65"/><U74/><E114/><N who="2" m="43563" /><F39/><W135/><G37/><T29/><D119/><U92/><E10/><V72/><F69/><W94/><G130/><T33/><D50/><U85/><E64/><V132/><F31/><N who="0" m="11786" /><D93/><U4/><E4/><V17/><F17/><W66/><G125/><T111/><D84/><U58/><E58/><V68/><F51/><W108/><G108/><T3/><D79/><U21/><E21/><N who="0" m="7689" /><D3/><U99/><E99/><V27/><F68/><W35/><G71/><T62/><D62/><U9/><E9/><V34/><F118/><W49/><G49/><T113/><D113/><U75/><E75/><V104/><F127/><W36/><G36/><T24/><D16/><U26/><E26/><AGARI ba="2,0" hai="24,25,26,32,33,109,110,111" m="7689,11786" machi="26" ten="40,8000,1" yaku="28,2,14,1,34,2" doraHai="78" who="0" fromWho="1" sc="235,86,438,-86,62,0,265,0" /><INIT seed="2,0,0,1,0,8" ten="321,352,62,265" oya="2" hai0="47,39,12,65,116,14,113,61,109,92,95,96,13" hai1="90,131,112,0,107,79,74,71,29,82,130,11,106" hai2="86,63,76,98,49,33,124,26,101,66,22,62,135" hai3="10,6,59,97,27,115,35,121,24,84,75,69,93"/><V31/><F124/><W104/><G121/><T120/><D120/><U134/><E112/><V67/><F135/><W117/><G117/><T45/><D113/><U89/><E71/><V60/><F33/><W36/><G69/><T19/><D116/><U58/><E29/><V88/><F76/><W44/><G75/><T126/><D126/><U50/><E50/><V3/><F3/><W105/><G115/><T99/><D109/><U5/><E58/><V100/><F49/><W73/><G73/><T46/><D39/><U102/><E134/><V91/><F91/><N who="1" m="34825" /><E102/><V114/><F114/><W122/><G122/><T32/><D32/><U108/><E108/><V103/><REACH who="2" step="1"/><F98/><REACH who="2" ten="321,352,52,265" step="2"/><W7/><G97/><T43/><D99/><U41/><E41/><V48/><F48/><W127/><G35/><T129/><D43/><U94/><E79/><V52/><F52/><W87/><G127/><T54/><D54/><U42/><E42/><V37/><F37/><W55/><G36/><T17/><D95/><AGARI ba="0,1" hai="22,26,31,60,62,63,66,67,86,88,95,100,101,103" machi="95" ten="40,7700,0" yaku="1,1,8,1,54,1,53,0" doraHai="8" doraHaiUra="132" who="2" fromWho="0" sc="321,-77,352,0,52,87,265,0" /><INIT seed="2,1,0,3,5,116" ten="244,352,139,265" oya="2" hai0="34,29,15,57,94,91,18,52,134,39,115,16,82" hai1="83,111,8,33,79,72,109,4,119,90,7,112,132" hai2="41,123,9,133,108,130,11,45,102,22,66,106,63" hai3="24,44,64,25,81,6,12,120,5,129,122,74,32"/><V95/><F106/><W84/><G74/><T99/><D115/><U2/><E119/><V117/><F117/><W65/><G44/><T55/><D134/><U97/><E132/><V107/><F107/><W75/><G75/><T46/><D34/><U14/><E33/><V13/><F133/><W27/><G32/><T51/><D29/><U28/><E28/><V31/><F123/><N who="3" m="47147" /><G12/><T80/><D39/><U73/><E112/><V86/><F130/><W121/><N who="3" m="47155" /><W20/><DORA hai="127" /><G20/><T59/><D46/><U19/><E72/><V35/><F35/><W101/><G84/><T100/><D100/><U47/><E47/><V40/><F40/><W113/><G113/><T125/><D125/><U1/><E7/><N who="3" m="2570" /><G101/><T53/><D18/><U67/><E4/><V96/><F86/><W10/><G81/><N who="0" m="31339" /><D51/><U38/><E38/><V56/><F13/><W3/><G129/><T23/><AGARI ba="1,0" hai="15,16,23,52,53,55,57,59,91,94,99" m="31339" machi="23" ten="30,4000,0" yaku="8,1,54,2" doraHai="116,127" who="0" fromWho="0" sc="244,43,352,-11,139,-21,265,-11" /><INIT seed="3,0,0,0,3,127" ten="287,341,118,254" oya="3" hai0="49,70,23,16,44,7,86,4,13,18,68,57,20" hai1="38,128,59,25,129,24,113,107,53,71,82,122,135" hai2="109,40,115,19,79,52,8,14,102,9,85,50,121" hai3="114,100,123,41,125,6,1,84,93,117,80,5,88"/><W91/><G114/><T94/><D57/><U32/><E71/><V106/><F115/><W33/><G125/><T48/><D94/><U87/><E122/><V42/><F109/><W118/><G123/><T98/><D86/><U29/><E113/><V83/><F121/><W104/><G33/><T81/><D81/><U64/><E135/><V61/><F61/><W134/><G134/><T55/><D98/><U131/><E107/><V35/><F35/><W101/><G41/><T2/><D49/><U65/><E25/><V74/><F74/><W133/><G133/><T54/><D54/><U97/><E97/><V39/><F39/><W36/><G36/><T17/><D17/><U3/><E38/><V11/><F102/><W10/><G6/><T103/><D103/><U15/><E15/><V58/><REACH who="2" step="1"/><F106/><REACH who="2" ten="287,341,108,254" step="2"/><W0/><G101/><T105/><D105/><U46/><E3/><V34/><F34/><W56/><G0/><T111/><D111/><U73/><E73/><V75/><F75/><W92/><G104/><T76/><D2/><U89/><E46/><V78/><F78/><W12/><G1/><T99/><D44/><U69/><E69/><V31/><F31/><W60/><G100/><T22/><D68/><U112/><E112/><V37/><F37/><W45/><G45/><T108/><D70/><U67/><E67/><V63/><F63/><AGARI ba="0,1" hai="24,29,32,53,59,63,64,65,82,87,89,128,129,131" machi="63" ten="40,8000,1" yaku="19,1,52,3" doraHai="127" who="1" fromWho="2" sc="287,0,341,90,108,-80,254,0" /><INIT seed="4,0,0,0,3,111" ten="287,431,28,254" oya="0" hai0="17,37,106,73,114,15,117,72,82,45,133,87,99" hai1="57,101,103,59,27,112,21,77,20,67,108,80,58" hai2="30,104,121,94,88,28,131,7,35,83,129,12,75" hai3="126,134,105,49,76,24,54,110,55,4,125,53,109"/><T124/><D117/><U5/><E108/><N who="3" m="41578" /><G24/><T74/><D133/><U2/><E67/><V62/><F121/><W48/><G4/><T78/><D124/><N who="3" m="47721" /><G76/><T66/><D66/><U0/><E5/><V11/><F104/><W46/><G105/><T68/><D68/><U33/><E33/><V130/><F35/><W69/><G69/><T44/><D37/><U113/><E77/><N who="2" m="44479" /><F62/><W63/><G63/><T32/><D32/><U8/><E80/><V18/><F7/><W107/><G107/><T71/><D71/><U128/><E8/><V13/><F13/><W31/><G31/><T41/><D106/><U65/><E65/><V70/><F70/><W34/><G34/><T3/><D3/><U79/><E79/><V43/><F43/><N who="3" m="24671" /><G134/><T115/><D99/><AGARI ba="0,0" hai="11,12,18,28,30,88,94,99,129,130,131" m="44479" machi="99" ten="30,2000,0" yaku="19,1,54,1" doraHai="111" who="2" fromWho="0" sc="287,-20,431,0,28,20,254,0" /><INIT seed="5,0,0,0,3,83" ten="267,431,48,254" oya="1" hai0="114,109,15,20,79,16,29,98,4,85,25,40,45" hai1="129,130,61,68,123,2,124,38,34,92,44,32,67" hai2="64,102,91,27,118,115,56,60,19,7,74,37,9" hai3="0,82,107,77,22,78,1,90,126,48,125,52,53"/><U30/><E123/><V108/><F108/><W112/><G112/><T51/><D114/><U94/><E2/><N who="3" m="1130" /><G107/><T116/><D116/><U59/><E124/><N who="3" m="47722" /><G22/><T55/><D109/><U134/><E134/><V127/><F127/><W113/><G113/><T122/><D122/><U41/><E68/><V31/><F118/><W120/><G120/><T33/><D98/><U36/><E36/><V8/><F37/><W12/><G12/><T110/><D110/><U95/><E30/><V97/><F115/><W46/><G53/><T133/><D133/><U131/><AGARI ba="0,0" hai="32,34,38,41,44,59,61,67,92,94,95,129,130,131" machi="131" ten="40,3900,0" yaku="0,1,19,1" doraHai="83" who="1" fromWho="1" sc="267,-13,431,39,48,-13,254,-13" /><INIT seed="5,1,0,0,2,29" ten="254,470,35,241" oya="1" hai0="128,111,70,51,84,47,62,4,31,42,90,96,80" hai1="86,2,119,0,49,12,18,8,94,113,36,7,35" hai2="26,13,9,43,112,58,32,118,125,15,65,57,56" hai3="38,64,53,50,39,87,54,71,121,101,130,122,77"/><U11/><E36/><N who="3" m="13866" /><G87/><T83/><D128/><U76/><E35/><V19/><F118/><W108/><G101/><T91/><D111/><U60/><E119/><V123/><F123/><N who="3" m="47115" /><G77/><T104/><D4/><U79/><E60/><V10/><F125/><W102/><G102/><T48/><D48/><U135/><E2/><V33/><F112/><W66/><G108/><T127/><D127/><U68/><E113/><V85/><F43/><W6/><G6/><T100/><D62/><U74/><E74/><V78/><F26/><W115/><G115/><T109/><D70/><U97/><E68/><V14/><F65/><N who="3" m="25195" /><G130/><T1/><D1/><U28/><E28/><V3/><F3/><W16/><G16/><T59/><D109/><U114/><E114/><V103/><F103/><W95/><G95/><T92/><D31/><U110/><E110/><V23/><F23/><W41/><G71/><T52/><D91/><U107/><E86/><V82/><REACH who="2" step="1"/><F19/><REACH who="2" ten="254,470,25,241" step="2"/><W120/><G120/><T124/><D124/><U116/><E18/><V61/><F61/><W81/><G41/><T89/><D100/><U93/><E116/><V117/><F117/><W67/><G67/><T46/><D42/><U63/><E63/><V69/><F69/><W44/><G54/><T20/><D20/><U75/><E0/><V72/><F72/><W37/><G37/><T129/><D52/><U5/><E75/><V34/><AGARI ba="1,1" hai="9,10,13,14,15,32,33,34,56,57,58,78,82,85" machi="34" ten="40,12000,2" yaku="1,1,0,1,29,2,52,3,53,0" doraHai="29" doraHaiUra="106" who="2" fromWho="2" sc="254,-31,470,-61,25,133,241,-31" /><INIT seed="6,0,0,1,5,37" ten="223,409,158,210" oya="2" hai0="93,39,129,88,73,62,75,101,26,48,76,68,104" hai1="77,21,70,82,86,6,125,94,20,65,92,7,52" hai2="87,105,43,132,15,54,41,114,61,95,0,32,11" hai3="29,90,23,28,133,17,97,35,98,19,115,27,60"/><V110/><F105/><W107/><G133/><T58/><D39/><U78/><E65/><V64/><F0/><W13/><G107/><T116/><D76/><U102/><E70/><V53/><F32/><W45/><G35/><T96/><D129/><U50/><E78/><V1/><F1/><W83/><G115/><T42/><D116/><U4/><E125/><V12/><F132/><W111/><G111/><T36/><D36/><U33/><E33/><V69/><F114/><W74/><G74/><T57/><D68/><U22/><E102/><V49/><F110/><W46/><G60/><T85/><D26/><U80/><E80/><V71/><F71/><W14/><G83/><T9/><D9/><U44/><AGARI ba="0,0" hai="4,6,7,20,21,22,44,50,52,77,82,86,92,94" machi="44" ten="30,4000,0" yaku="0,1,8,1,54,1" doraHai="37" who="1" fromWho="1" sc="223,-10,409,40,158,-20,210,-10" /><INIT seed="7,0,0,0,0,21" ten="213,449,138,200" oya="3" hai0="130,64,4,120,50,30,11,38,59,126,80,25,32" hai1="47,135,98,67,119,9,86,43,103,0,121,70,97" hai2="8,52,12,82,92,2,57,7,134,72,104,14,19" hai3="116,76,83,26,40,45,101,108,31,23,58,69,3"/><W27/><G116/><T55/><D126/><U73/><E121/><V74/><F134/><W68/><G3/><T71/><D130/><U79/><E86/><V53/><F104/><W66/><G108/><T88/><D38/><U115/><E115/><V42/><F42/><W22/><G101/><T109/><D120/><U18/><E18/><V106/><F106/><W107/><G107/><T118/><D118/><U15/><E15/><V54/><F57/><W127/><G127/><T5/><D5/><U111/><E67/><V114/><F114/><W20/><G58/><T34/><D88/><U61/><E43/><V56/><F56/><W75/><G66/><T36/><D80/><U84/><E84/><V13/><F82/><W28/><G22/><T17/><D17/><U94/><E47/><V46/><F46/><W60/><G60/><T112/><D36/><AGARI ba="0,0" hai="20,23,26,27,28,31,36,40,45,68,69,75,76,83" machi="36" ten="30,11600,0" yaku="7,1,9,1,52,2" doraHai="21" who="3" fromWho="0" sc="213,-116,449,0,138,0,200,116" /><INIT seed="7,1,0,0,1,57" ten="97,449,138,316" oya="3" hai0="51,130,78,4,28,115,119,109,13,98,126,97,123" hai1="5,95,111,21,24,118,54,84,58,56,96,7,30" hai2="9,15,59,104,16,135,85,102,129,77,72,81,17" hai3="132,92,125,20,80,0,6,106,94,79,134,91,55"/><W127/><G0/><T18/><D119/><U65/><E111/><V43/><F129/><W2/><G2/><T100/><D123/><U26/><E118/><V64/><F135/><N who="3" m="51755" /><G6/><N who="1" m="2058" /><E65/><V49/><F72/><N who="3" m="43111" /><G20/><T71/><D130/><U12/><E26/><V66/><F17/><W47/><G55/><T122/><D122/><U39/><E39/><V67/><F104/><W22/><G47/><T23/><D126/><N who="3" m="48137" /><G22/><T45/><D71/><U44/><E12/><V19/><F19/><W62/><G62/><T68/><D68/><U83/><E44/><N who="2" m="25759" /><F102/><W112/><G112/><T90/><D100/><N who="1" m="60447" /><E54/><V76/><F59/><W10/><G10/><T48/><D115/><U14/><E14/><V70/><F70/><W36/><G36/><T27/><D4/><U25/><E25/><V11/><F11/><W107/><G92/><T108/><D45/><U75/><E75/><V33/><F33/><W133/><N who="3" m="51763" /><W40/><DORA hai="60" /><G40/><T35/><D109/><U82/><E56/><V8/><F8/><W116/><G116/><T101/><D108/><U117/><E58/><V63/><F63/><W1/><G1/><T31/><D51/><U131/><E21/><V3/><F3/><W114/><G114/><T52/><D48/><U41/><E24/><V73/><F73/><W105/><G106/><T121/><D27/><U87/><E41/><V38/><F38/><W93/><G94/><T113/><D23/><U86/><E117/><V61/><F61/><W88/><G91/><AGARI ba="1,0" hai="9,15,16,64,66,67,76,77,81,85,91" m="25759" machi="91" ten="30,8000,1" yaku="8,1,52,3,54,1" doraHai="57,60" who="2" fromWho="3" sc="97,0,449,0,138,83,316,-83" owari="97,-40.0,449,55.0,221,-18.0,233,3.0" /></mjloggm>