<mjloggm ver="2.3"><GO type="225" lobby="0"/><UN n0="%E5%85%94%E6%96%AF%E5%9F%BA" n1="%6D%61%6A%69%6B%75%7A%75" n2="%E5%B2%B8%E6%98%8E%E6%97%A5%E9%A6%99" n3="%E3%82%B5%E3%83%AB%E3%82%B7%E3%83%B3" dan="17,16,16,16" rate="2199.21,2180.17,2188.71,2169.01" sx="M,M,M,M"/><TAIKYOKU oya="0"/><INIT seed="0,0,0,0,1,129" ten="250,250,250,250" oya="0" hai0="73,68,132,92,56,71,102,65,116,5,112,133,10" hai1="23,85,76,24,134,25,117,36,0,100,96,113,13" hai2="12,98,77,34,38,87,39,2,42,124,125,135,119" hai3="110,40,50,19,41,101,59,120,81,26,97,66,27"/><T4/><D73/><U54/><E0/><V72/><F2/><W47/><G110/><T8/><D112/><U86/><E117/><V33/><F72/><W61/><G120/><T88/><D102/><U3/><E3/><V84/><F119/><W70/><G70/><T43/><D43/><U82/><E36/><N who="2" m="13867" /><F42/><W49/><G81/><T75/><D75/><U115/><E85/><N who="2" m="32843" /><F77/><W103/><G19/><T52/><D65/><U111/><E111/><V123/><F12/><W108/><G108/><T126/><D116/><U121/><E121/><V31/><F31/><W79/><G79/><T14/><D71/><U6/><E54/><V51/><F51/><W67/><G67/><T109/><D68/><U45/><E45/><V95/><F123/><W57/><G40/><T94/><D109/><U18/><E6/><V90/><F135/><N who="0" m="51786" /><D88/><U20/><E134/><V107/><F107/><W130/><G103/><T9/><D126/><AGARI ba="0,0" hai="33,34,90,95,98,124,125,126" m="32843,13867" machi="126" ten="30,1000,0" yaku="18,1" doraHai="129" who="2" fromWho="0" sc="250,-10,250,0,250,10,250,0" /><INIT seed="1,0,0,1,0,78" ten="240,250,260,250" oya="1" hai0="101,21,90,45,31,77,11,12,85,60,64,9,70" hai1="132,133,130,26,3,27,88,17,48,100,135,5,84" hai2="94,54,119,107,114,41,71,123,128,92,115,96,28" hai3="131,55,47,43,104,22,18,8,7,112,103,82,99"/><U36/><E36/><V20/><F71/><W4/><G131/><T14/><D101/><U109/><E130/><V98/><F128/><W53/><G112/><N who="2" m="43049" /><F41/><W57/><G57/><T16/><D77/><U6/><E100/><N who="2" m="62871" /><F119/><W89/><G22/><T118/><D118/><U58/><E109/><V125/><F123/><W19/><G7/><N who="1" m="2570" /><E17/><V50/><F96/><W72/><G53/><T120/><D31/><U117/><E3/><V129/><F129/><W40/><G55/><T30/><D30/><U67/><E117/><V75/><F75/><W37/><G43/><T116/><D116/><U108/><E108/><V66/><F66/><W86/><REACH who="3" step="1"/><G72/><REACH who="3" ten="240,250,260,240" step="2"/><T49/><D120/><U95/><E67/><V74/><F74/><W113/><G113/><T39/><D64/><U79/><E79/><V23/><F125/><W25/><G25/><T2/><D70/><U122/><E122/><V15/><F23/><W10/><G10/><T68/><D21/><U1/><E1/><AGARI ba="0,1" hai="1,4,8,18,19,37,40,47,82,86,89,99,103,104" machi="1" ten="30,7700,0" yaku="1,1,7,1,52,1,53,1" doraHai="78" doraHaiUra="83" who="3" fromWho="1" sc="240,0,250,-77,260,0,240,87" /><INIT seed="2,0,0,2,5,16" ten="240,173,260,327" oya="2" hai0="0,71,21,39,113,2,82,97,86,93,54,17,38" hai1="66,55,132,56,18,119,49,102,131,117,44,15,40" hai2="124,22,53,52,46,122,69,65,25,31,105,90,96" hai3="64,50,125,14,10,1,99,43,6,128,11,112,48"/><V36/><F122/><W41/><G128/><T74/><D71/><U23/><E131/><V98/><F124/><W70/><G125/><T104/><D113/><U35/><E132/><V28/><F28/><W73/><G73/><T88/><D54/><U67/><E35/><V7/><F7/><W27/><G112/><T77/><D0/><U120/><E120/><V85/><F36/><W68/><G99/><T121/><D2/><U63/><E102/><V109/><F109/><W62/><G27/><N who="0" m="14767" /><D121/><U83/><E66/><V127/><F127/><W133/><G70/><T3/><D3/><U129/><E129/><V24/><F24/><W101/><G101/><AGARI ba="0,0" hai="38,39,74,77,82,86,88,93,97,101,104" m="14767" machi="101" ten="30,3900,0" yaku="24,1,52,1,54,1" doraHai="16" who="0" fromWho="3" sc="240,39,173,0,260,0,327,-39" /><INIT seed="3,0,0,2,3,27" ten="279,173,260,288" oya="3" hai0="6,82,126,132,25,131,57,104,94,119,112,100,17" hai1="67,81,40,15,91,46,59,108,127,18,70,45,10" hai2="90,122,76,64,37,114,123,69,50,55,72,118,107" hai3="48,74,47,89,103,13,80,113,77,88,60,32,52"/><W110/><G113/><T2/><D112/><U35/><E108/><V121/><F114/><W9/><G32/><T128/><D104/><U23/><E127/><V135/><F107/><W79/><G110/><T99/><D119/><U28/><E70/><V1/><F1/><W125/><G125/><T98/><D98/><U84/><E35/><V78/><F118/><W42/><G103/><T43/><D126/><U66/><E59/><V102/><F102/><W36/><G60/><T65/><D43/><U124/><E124/><V49/><F37/><W16/><G79/><T22/><D82/><U133/><E133/><V41/><F135/><W19/><G19/><T71/><D71/><U3/><E3/><V20/><F20/><W29/><G29/><N who="0" m="17591" /><D132/><U0/><E0/><V130/><F72/><W97/><G97/><T105/><D17/><U115/><E115/><V58/><F90/><W63/><G63/><N who="0" m="38127" /><D105/><U33/><E33/><V21/><F69/><W106/><G106/><T7/><D2/><U86/><E86/><V51/><F64/><N who="1" m="24617" /><E40/><V116/><F116/><W117/><G117/><T101/><D101/><U73/><E73/><V85/><F41/><W54/><G54/><T31/><D31/><U34/><E34/><V5/><F123/><W68/><G68/><T75/><D75/><U134/><E134/><V11/><F121/><W56/><AGARI ba="0,0" hai="9,13,16,36,42,47,48,52,56,74,77,80,88,89" machi="56" ten="20,12000,1" yaku="0,1,7,1,54,3" doraHai="27" who="3" fromWho="3" sc="279,-40,173,-40,260,-40,288,120" owari="239,4.0,133,-37.0,220,-18.0,408,51.0" /></mjloggm>