<mjloggm ver="2.3"><GO type="169" lobby="0"/><UN n0="%E3%82%88%E3%81%97%E3%81%A0%E3%81%84%E3%81%9F%E3%82%8B" n1="%E3%83%93%E3%83%81%E3%83%A3%E5%B1%B1%E3%83%93%E3%83%81%E3%83%A3%E7%94%B7" n2="%E3%83%9E%E3%83%AB%E3%83%9E%E3%83%AB%E3%81%A1%E3%82%83%E3%82%93" n3="%E5%9C%A8%E5%8E%9F%E4%B8%83%E6%B5%B7%E5%A4%A7%E5%A5%BD%E3%81%8D" dan="17,16,16,17" rate="2161.99,2018.80,2109.43,2209.78" sx="M,M,M,M"/><TAIKYOKU oya="0"/><INIT seed="0,0,0,0,2,107" ten="250,250,250,250" oya="0" hai0="46,124,68,125,84,117,73,33,10,29,87,8,109" hai1="135,58,31,131,32,113,24,65,119,115,126,47,130" hai2="52,4,26,127,44,20,12,36,40,120,2,19,22" hai3="70,25,105,61,102,89,108,96,81,49,18,122,74"/><T16/><D117/><U67/><E119/><V34/><F127/><N who="0" m="48714" /><D68/><U121/><E126/><V100/><F120/><W37/><G37/><T38/><D33/><U21/><E47/><V95/><F34/><W114/><G114/><N who="1" m="43530" /><E58/><V60/><F2/><W39/><G39/><T54/><D29/><U45/><E45/><V71/><F4/><W48/><G48/><N who="0" m="28951" /><D38/><U3/><E121/><V106/><F106/><W53/><G105/><T123/><D123/><U94/><E3/><V79/><F79/><W28/><G28/><T15/><D109/><U72/><E32/><V41/><F41/><W91/><G108/><T77/><D10/><U9/><E9/><V7/><F7/><W57/><G70/><T116/><D116/><U6/><E6/><V104/><F104/><W64/><G18/><T17/><D17/><U66/><E135/><V111/><F111/><W56/><G122/><T43/><D43/><U83/><E94/><V99/><F71/><W97/><G57/><T118/><D118/><U35/><E35/><V14/><REACH who="2" step="1"/><F20/><REACH who="2" ten="250,250,240,250" step="2"/><W82/><G56/><AGARI ba="0,1" hai="12,14,19,22,26,36,40,44,52,56,60,95,99,100" machi="56" ten="40,5200,0" yaku="1,1,2,1,54,1,53,0" doraHai="107" doraHaiUra="63" who="2" fromWho="3" sc="250,0,250,0,240,62,250,-52" /><INIT seed="1,0,0,5,3,5" ten="250,250,302,198" oya="1" hai0="45,8,13,28,66,80,112,83,44,115,1,75,68" hai1="2,135,25,116,18,11,96,23,10,21,86,67,104" hai2="0,37,7,99,100,31,32,101,58,111,17,57,70" hai3="76,128,60,110,132,102,15,36,88,125,94,108,27"/><U85/><E116/><V92/><F37/><W3/><G3/><T56/><D1/><U59/><E135/><V107/><F70/><W123/><G123/><T33/><D68/><U133/><E133/><V117/><F117/><W49/><G36/><T35/><D66/><U43/><E43/><V72/><F72/><W4/><G132/><T54/><D28/><U127/><E127/><V126/><F111/><W12/><G128/><T34/><D44/><U41/><E41/><V74/><F74/><W46/><G46/><T55/><D45/><U39/><E39/><V87/><F126/><W84/><G49/><T98/><D98/><U47/><E47/><V64/><F31/><W81/><G27/><T97/><D97/><U89/><E23/><V119/><F32/><W118/><G118/><T19/><D55/><U20/><E20/><V78/><F101/><W121/><G102/><T82/><REACH who="0" step="1"/><D75/><REACH who="0" ten="240,250,302,198" step="2"/><U95/><E2/><V103/><F64/><W9/><G125/><T26/><D26/><U93/><E104/><V71/><F71/><W29/><G29/><T50/><AGARI ba="0,1" hai="8,13,19,33,34,35,50,54,56,80,82,83,112,115" machi="50" ten="40,5200,0" yaku="1,1,0,1,52,1,53,0" doraHai="5" doraHaiUra="22" who="0" fromWho="0" sc="240,62,250,-26,302,-13,198,-13" /><INIT seed="2,0,0,3,3,44" ten="302,224,289,185" oya="2" hai0="68,11,69,12,38,122,27,101,85,90,77,104,111" hai1="32,41,34,133,37,124,83,115,73,82,52,127,23" hai2="110,100,25,105,42,13,116,118,86,130,80,95,5" hai3="28,94,125,129,61,66,99,54,22,107,14,6,102"/><V7/><F130/><W75/><G75/><T26/><D122/><U112/><E23/><V1/><F1/><W0/><G125/><N who="1" m="48202" /><E73/><V15/><F105/><W81/><G129/><T43/><D111/><U31/><E31/><V98/><F110/><W123/><G123/><T20/><D77/><U46/><E133/><V70/><F70/><W71/><G0/><T113/><D113/><N who="1" m="43595" /><E52/><V50/><F25/><W64/><G28/><T88/><D20/><U39/><E39/><V121/><F121/><W93/><G54/><T51/><D38/><U132/><E132/><V96/><F96/><W30/><G30/><T8/><D43/><U17/><E17/><V48/><F118/><W36/><G22/><T53/><D12/><N who="2" m="4682" /><F42/><W103/><G36/><T91/><D85/><U128/><E128/><V117/><F117/><W74/><G74/><T24/><D104/><U4/><E4/><N who="2" m="1611" /><F116/><W92/><G6/><T2/><D2/><U3/><E3/><V135/><F135/><W84/><G14/><T97/><D97/><U119/><E119/><V78/><AGARI ba="0,0" hai="48,50,78,80,86,95,98,100" m="1611,4682" machi="78" ten="30,6000,0" yaku="8,1,52,2" doraHai="44" who="2" fromWho="2" sc="302,-20,224,-20,289,60,185,-20" /><INIT seed="2,1,0,5,3,98" ten="282,204,349,165" oya="2" hai0="70,57,111,69,30,105,94,108,66,96,62,55,87" hai1="44,82,12,102,86,85,128,83,103,134,1,20,84" hai2="45,65,29,122,51,11,31,26,71,110,36,109,22" hai3="23,67,93,54,72,77,15,6,114,78,43,99,118"/><V49/><F122/><W75/><G118/><T16/><D30/><U73/><E1/><V63/><F29/><W79/><G114/><T53/><D105/><U60/><E73/><V21/><F36/><W125/><G125/><T74/><D74/><U7/><E134/><V32/><F11/><W19/><G67/><T17/><D87/><U133/><E133/><V8/><F8/><W91/><G43/><T101/><D69/><U89/><E128/><V80/><F80/><N who="1" m="30761" /><E44/><V40/><REACH who="2" step="1"/><F51/><REACH who="2" ten="282,204,339,165" step="2"/><W0/><G0/><T97/><D108/><AGARI ba="1,1" hai="21,22,26,31,32,40,45,49,63,65,71,108,109,110" machi="108" ten="40,12000,1" yaku="1,1,2,1,14,1,10,1,53,1" doraHai="98" doraHaiUra="28" who="2" fromWho="0" sc="282,-123,204,0,339,133,165,0" /><INIT seed="2,2,0,1,5,83" ten="159,204,472,165" oya="2" hai0="9,52,8,32,18,60,135,62,2,112,131,0,79" hai1="6,105,4,103,134,82,87,68,64,23,7,114,97" hai2="109,26,27,100,11,65,111,81,99,80,10,108,132" hai3="102,89,123,120,3,127,93,22,104,124,70,71,19"/><V48/><F132/><W36/><G36/><T20/><D112/><U61/><E134/><V88/><F65/><W56/><G3/><T84/><D135/><U129/><E129/><V76/><F48/><W43/><G43/><T47/><D32/><U49/><E114/><V75/><F27/><W107/><G102/><T95/><D131/><U50/><REACH who="1" step="1"/><E23/><REACH who="1" ten="159,194,472,165" step="2"/><V91/><F26/><W40/><G123/><T21/><D21/><U16/><E16/><V90/><REACH who="2" step="1"/><F80/><REACH who="2" ten="159,194,462,165" step="2"/><W118/><G120/><T117/><D117/><U86/><E86/><V53/><F53/><W59/><G118/><T96/><D52/><U116/><E116/><V34/><F34/><W85/><G85/><T74/><D84/><U98/><E98/><V13/><F13/><W30/><G127/><T12/><D96/><U39/><E39/><V41/><F41/><W113/><G40/><T33/><D12/><U67/><E67/><V110/><F110/><W58/><G124/><T54/><D54/><U42/><E42/><V57/><F57/><W46/><G59/><T14/><D14/><U106/><E106/><AGARI ba="2,2" hai="10,11,75,76,81,88,90,91,99,100,106,108,109,111" machi="106" ten="50,12000,1" yaku="1,1,14,1,10,1,54,1,53,0" doraHai="83" doraHaiUra="35" who="2" fromWho="1" sc="159,0,194,-126,462,146,165,0" /><INIT seed="2,3,0,5,4,69" ten="159,68,608,165" oya="2" hai0="130,15,66,22,81,34,114,44,70,51,49,79,32" hai1="125,58,17,7,25,46,126,108,84,57,76,110,20" hai2="105,62,122,72,5,50,64,2,78,115,53,119,16" hai3="100,129,9,4,95,36,123,121,63,133,27,19,71"/><V134/><F115/><W107/><G107/><T0/><D114/><U11/><E84/><V82/><F105/><W33/><G133/><T68/><D0/><U103/><E103/><V21/><F119/><W127/><G129/><T8/><D130/><U37/><E76/><V77/><F77/><W43/><G127/><N who="1" m="48650" /><E57/><V74/><F122/><W14/><G63/><T28/><D66/><U41/><E58/><V83/><F134/><W132/><G71/><T93/><D93/><U59/><E59/><V12/><F82/><W106/><G106/><T104/><D104/><U88/><E88/><V13/><F2/><AGARI ba="3,0" hai="2,7,11,17,20,25,37,41,46,108,110" m="48650" machi="2" ten="30,2000,0" yaku="18,1,52,1" doraHai="69" who="1" fromWho="2" sc="159,0,68,29,608,-29,165,0" /><INIT seed="3,0,0,4,1,82" ten="159,97,579,165" oya="3" hai0="89,118,41,12,53,120,83,110,23,14,102,60,132" hai1="47,1,61,19,81,7,104,117,93,74,90,3,79" hai2="22,116,31,114,64,44,54,33,99,97,103,131,113" hai3="17,134,107,21,50,123,95,73,38,29,70,78,126"/><W72/><G107/><T40/><D118/><U2/><E117/><V30/><F116/><W65/><G123/><T101/><D120/><U49/><E104/><V10/><F33/><W11/><G38/><T63/><D132/><U32/><E32/><V106/><F131/><W100/><G126/><T28/><D110/><U13/><E61/><V77/><F77/><W128/><G29/><T127/><D127/><U4/><E49/><V69/><F99/><W96/><G128/><T111/><D111/><U115/><E47/><V52/><F10/><W75/><G50/><T45/><D53/><U76/><E76/><V94/><F106/><W55/><G55/><T58/><D58/><U9/><REACH who="1" step="1"/><E115/><REACH who="1" ten="159,87,579,165" step="2"/><V27/><F44/><W26/><G78/><T68/><D45/><U20/><E20/><V37/><F22/><W5/><G134/><T122/><D63/><U125/><E125/><V124/><F124/><W62/><REACH who="3" step="1"/><G72/><REACH who="3" ten="159,87,579,155" step="2"/><T43/><D60/><U105/><E105/><V24/><F114/><W15/><AGARI ba="0,2" hai="5,11,15,17,21,26,62,65,70,73,75,95,96,100" machi="15" ten="20,7800,0" yaku="1,1,2,1,0,1,7,1,53,0" doraHai="82" doraHaiUra="35" who="3" fromWho="3" sc="159,-26,87,-26,579,-26,155,98" /><INIT seed="3,1,0,0,0,94" ten="133,61,553,253" oya="3" hai0="82,64,68,35,28,109,81,70,2,91,59,27,112" hai1="111,42,108,11,48,34,96,132,18,12,20,103,8" hai2="33,3,15,26,55,62,119,46,32,77,95,29,17" hai3="25,128,58,126,72,60,100,98,41,130,97,131,54"/><W80/><G126/><T113/><D109/><N who="1" m="42059" /><E34/><V135/><F119/><W7/><G7/><T114/><D2/><U57/><E132/><V52/><F135/><W37/><G37/><T38/><D38/><U83/><E83/><N who="0" m="31753" /><D91/><U99/><E103/><V84/><F3/><W90/><G41/><T116/><D116/><U61/><E20/><V115/><F33/><W134/><G134/><T19/><D19/><U14/><E48/><V86/><F115/><N who="0" m="29442" /><T76/><DORA hai="105" /><D76/><U30/><E42/><V6/><F77/><N who="3" m="44071" /><G100/><T66/><D59/><U67/><E30/><V22/><F6/><AGARI ba="1,0" hai="6,8,11,12,14,18,57,61,67,96,99" m="42059" machi="6" ten="30,3900,0" yaku="14,1,52,2" doraHai="94,105" who="1" fromWho="2" sc="133,0,61,42,553,-42,253,0" /><INIT seed="4,0,0,3,2,102" ten="133,103,511,253" oya="0" hai0="37,20,5,81,54,66,89,117,126,111,17,85,55" hai1="118,31,90,128,94,23,47,109,103,129,78,43,123" hai2="25,92,104,30,34,11,134,97,27,105,51,39,75" hai3="133,35,69,16,132,0,65,74,125,8,135,116,80"/><T45/><D117/><U9/><E118/><V84/><F39/><W106/><G116/><T26/><D126/><U7/><E109/><V52/><F75/><W96/><G35/><T70/><D111/><U114/><E123/><V10/><F134/><W98/><G125/><T58/><D70/><U61/><E61/><V131/><F131/><W91/><G65/><T107/><D107/><U113/><E78/><V2/><F84/><W59/><G59/><T60/><REACH who="0" step="1"/><D5/><REACH who="0" ten="123,103,511,253" step="2"/><U6/><E6/><V42/><F105/><W3/><G106/><T130/><D130/><U44/><E128/><V101/><F104/><W13/><G69/><T83/><D83/><U86/><E129/><V33/><F2/><W50/><G0/><T124/><D124/><U24/><E7/><V71/><F71/><W4/><G4/><T122/><D122/><U18/><E113/><V38/><F92/><W22/><G3/><T127/><D127/><U62/><E114/><V95/><F95/><W121/><G121/><T68/><D68/><U115/><E115/><V93/><F93/><W73/><G80/><T100/><D100/><U119/><E103/><V79/><F101/><W48/><G135/><T41/><AGARI ba="0,1" hai="17,20,26,37,41,45,54,55,58,60,66,81,85,89" machi="41" ten="30,3000,0" yaku="1,1,0,1,53,0" doraHai="102" doraHaiUra="67" who="0" fromWho="0" sc="123,40,103,-10,511,-10,253,-10" /><INIT seed="4,1,0,2,2,59" ten="163,93,501,243" oya="0" hai0="119,86,131,71,107,68,23,101,73,118,72,64,30" hai1="95,89,54,124,50,79,4,69,31,127,53,11,82" hai2="21,22,113,45,117,106,108,52,5,102,111,61,56" hai3="99,94,104,40,25,76,120,112,51,28,9,66,87"/><T44/><D44/><U128/><E31/><V98/><F113/><W43/><G104/><T26/><D131/><U8/><E69/><V105/><F105/><W132/><G132/><T47/><D47/><U126/><E128/><V100/><F100/><W29/><G120/><T38/><D38/><U115/><E115/><V32/><F32/><W42/><G66/><T97/><D86/><U80/><E11/><V70/><F117/><W83/><G9/><T14/><D14/><U20/><E20/><V33/><F33/><W16/><G51/><T96/><D97/><U3/><E79/><V60/><F5/><W35/><G112/><T121/><D121/><U27/><E27/><V75/><F75/><W48/><G48/><T114/><D114/><U39/><E39/><V18/><F21/><N who="3" m="13479" /><G35/><T81/><D81/><U67/><E67/><V41/><F61/><W10/><G10/><T65/><D65/><U49/><E49/><V12/><F70/><W85/><G85/><T90/><D71/><U7/><E7/><V24/><F24/><W92/><G92/><T125/><D125/><U34/><E34/><V122/><F122/><W63/><G63/><N who="0" m="39967" /><D90/><AGARI ba="1,0" hai="28,29,40,42,43,76,83,87,90,94,99" m="13479" machi="90" ten="30,2000,0" yaku="8,1,54,1" doraHai="59" who="3" fromWho="0" sc="163,-23,93,0,501,0,243,23" /><INIT seed="5,0,0,3,1,124" ten="140,93,501,266" oya="1" hai0="67,110,57,80,29,14,63,101,34,55,66,5,20" hai1="109,107,68,49,126,12,114,58,82,40,0,85,71" hai2="43,25,69,103,93,53,2,99,61,116,87,31,76" hai3="54,73,115,86,35,33,11,16,70,96,48,19,15"/><U4/><E0/><V72/><F116/><W95/><G73/><T130/><D110/><U127/><E107/><V50/><F2/><W60/><G115/><T133/><D34/><U9/><E114/><V51/><F72/><W22/><G86/><T81/><D133/><U125/><E109/><V52/><F43/><W117/><G117/><T59/><D101/><U91/><E58/><V132/><F132/><W56/><G48/><T26/><D130/><U74/><REACH who="1" step="1"/><E74/><REACH who="1" ten="140,83,501,266" step="2"/><V23/><F69/><W135/><G70/><T131/><D131/><U83/><E83/><N who="0" m="31817" /><D59/><U7/><E7/><V75/><F75/><W44/><G135/><T122/><D122/><U134/><E134/><V123/><F123/><W30/><G56/><T108/><D108/><U121/><E121/><V27/><F61/><W98/><G60/><T46/><D46/><AGARI ba="0,1" hai="4,9,12,40,46,49,68,71,82,85,91,125,126,127" machi="46" ten="40,7700,0" yaku="1,1,18,1,53,1" doraHai="124" doraHaiUra="6" who="1" fromWho="0" sc="140,-77,83,87,501,0,266,0" /><INIT seed="5,1,0,4,2,87" ten="63,170,501,266" oya="1" hai0="5,81,16,6,44,121,98,64,9,26,78,130,0" hai1="22,107,56,63,68,120,125,105,19,92,11,69,131" hai2="95,109,129,29,108,104,102,89,10,27,55,40,122" hai3="24,116,82,90,36,17,25,38,28,99,33,72,62"/><U1/><E120/><V117/><F117/><W103/><G116/><T18/><D130/><U110/><E131/><V123/><F40/><W73/><G62/><T97/><D121/><U50/><E50/><V34/><F129/><W43/><G24/><T21/><D6/><U65/><E125/><V79/><F109/><W58/><G58/><T35/><D64/><U106/><E110/><V54/><F79/><W23/><G43/><T101/><D35/><U111/><E111/><V88/><F104/><W60/><G60/><T61/><D61/><U86/><E11/><V12/><F102/><W8/><G8/><T114/><D114/><U80/><E92/><V100/><F100/><W46/><G46/><T135/><D135/><U128/><E1/><V94/><F108/><W132/><G36/><T45/><D18/><U77/><REACH who="1" step="1"/><E128/><REACH who="1" ten="63,160,501,266" step="2"/><V41/><F123/><W93/><G93/><T118/><D118/><U85/><E85/><V15/><F122/><W57/><G72/><T115/><D115/><U47/><E47/><V70/><F10/><W4/><G73/><T52/><D44/><U2/><E2/><V7/><F95/><W13/><G38/><T91/><D45/><U66/><E66/><V134/><F94/><W53/><G53/><T119/><D52/><U76/><E76/><V42/><F55/><W67/><G67/><T48/><D119/><U14/><AGARI ba="1,1" hai="14,19,22,56,63,65,68,69,77,80,86,105,106,107" machi="14" ten="30,6000,0" yaku="1,1,0,1,53,1" doraHai="87" doraHaiUra="75" who="1" fromWho="1" sc="63,-21,160,73,501,-21,266,-21" /><INIT seed="5,2,0,3,0,101" ten="42,233,480,245" oya="1" hai0="16,30,105,18,69,72,44,12,52,24,62,47,129" hai1="91,28,70,87,100,13,88,128,59,95,126,120,21" hai2="54,81,80,31,102,27,106,92,46,133,117,118,85" hai3="115,124,36,20,53,121,68,45,11,114,90,0,108"/><U103/><E120/><V93/><F54/><W130/><G108/><T32/><D72/><U123/><E70/><V132/><F46/><W29/><G68/><T50/><D129/><U15/><E123/><V86/><F27/><N who="3" m="16615" /><G121/><T109/><D109/><U6/><E126/><V42/><F31/><W14/><G0/><T76/><D76/><U23/><E128/><V25/><F25/><W113/><G130/><T134/><D134/><N who="2" m="51818" /><F42/><N who="3" m="22727" /><G90/><T75/><D75/><U10/><E59/><V7/><F7/><N who="3" m="3455" /><G53/><T48/><D105/><U37/><E37/><V38/><F38/><W111/><G111/><T61/><D69/><U55/><E55/><V79/><F106/><W84/><G84/><T94/><D94/><N who="2" m="36458" /><F102/><W122/><G122/><T19/><REACH who="0" step="1"/><D12/><REACH who="0" ten="32,233,480,245" step="2"/><U89/><E15/><V71/><F71/><W67/><G114/><T57/><D57/><U97/><E100/><V35/><F35/><W43/><G115/><T17/><N who="0" m="4096" /><DORA hai="107" /><T99/><D99/><U49/><E28/><V64/><F79/><W119/><G113/><T51/><D51/><U131/><E49/><V73/><F73/><W56/><G56/><T2/><D2/><U127/><E131/><V60/><F118/><W125/><G119/><T74/><D74/><U26/><E13/><V66/><F117/><W83/><G125/><T33/><D33/><U1/><E127/><V96/><F96/><W58/><G124/><T82/><D82/><N who="1" m="49271" /><E26/><V3/><F3/><W9/><G83/><N who="2" m="31817" /><F60/><N who="3" m="38295" /><G9/><T22/><D22/><U78/><E78/><V65/><AGARI ba="2,1" hai="64,65,66,85,86" m="31817,36458,51818" machi="65" ten="40,5200,0" yaku="28,2,20,1" doraHai="101,107" who="2" fromWho="2" sc="32,-15,233,-28,480,68,245,-15" /><INIT seed="6,0,0,2,2,17" ten="17,205,548,230" oya="2" hai0="89,3,100,123,34,107,78,46,11,128,19,44,97" hai1="113,103,9,54,129,7,0,91,126,64,72,77,69" hai2="29,111,56,47,104,102,133,28,16,23,87,49,117" hai3="66,39,68,94,42,82,24,115,99,108,27,109,75"/><V1/><F1/><W60/><G115/><T76/><D123/><U90/><E113/><V55/><F117/><W33/><G24/><T31/><D128/><U43/><E54/><V32/><F32/><W67/><G67/><T127/><D127/><U30/><E103/><V8/><F133/><W62/><G62/><T98/><D34/><U120/><E30/><V51/><F104/><W37/><G94/><T50/><D31/><U81/><E126/><V52/><F102/><W45/><G99/><T65/><D65/><U58/><E69/><V92/><F8/><W40/><G27/><T105/><D46/><U6/><E6/><V14/><F111/><W20/><G20/><T26/><D3/><U122/><E129/><V96/><F96/><W84/><G84/><T48/><D48/><U118/><E118/><V86/><F86/><W79/><G33/><T73/><D73/><U125/><E125/><V70/><F70/><W112/><G112/><T110/><D110/><U5/><E5/><V59/><F47/><AGARI ba="0,0" hai="37,39,40,42,45,47,60,66,68,75,79,82,108,109" machi="47" ten="40,5200,0" yaku="9,1,23,2" doraHai="17" who="3" fromWho="2" sc="17,0,205,0,548,-52,230,52" /><INIT seed="7,0,0,1,3,71" ten="17,205,496,282" oya="3" hai0="118,117,123,127,38,113,87,99,111,66,58,19,25" hai1="121,3,2,76,47,72,114,101,82,46,0,110,69" hai2="96,60,12,54,67,30,51,135,90,80,79,20,7" hai3="43,77,88,13,41,34,1,107,6,17,98,31,78"/><W37/><G1/><T49/><D99/><U28/><E110/><V33/><F33/><W36/><G6/><T44/><D87/><U68/><E121/><V130/><F130/><W89/><G31/><T29/><D19/><U134/><E114/><V10/><F135/><W122/><G34/><T22/><D111/><U104/><E134/><V103/><F90/><W100/><G122/><T57/><D123/><U81/><E28/><V105/><F20/><W50/><G50/><T109/><D109/><U94/><E94/><V11/><F11/><W131/><G131/><T86/><D86/><U132/><E132/><V26/><F26/><W85/><G43/><T8/><D8/><U92/><E92/><V27/><F27/><W95/><G89/><T108/><D108/><U97/><E47/><V129/><F129/><W70/><G70/><T133/><D133/><U14/><E14/><V5/><F30/><W23/><REACH who="3" step="1"/><G41/><REACH who="3" ten="17,205,496,272" step="2"/><N who="0" m="22583" /><D127/><U102/><E102/><V4/><F51/><W52/><G52/><N who="0" m="31887" /><D113/><U62/><E3/><V75/><F54/><W45/><G45/><T32/><D32/><U93/><E2/><V39/><F39/><AGARI ba="0,1" hai="13,17,23,36,37,39,77,78,85,88,95,98,100,107" machi="39" ten="40,12000,1" yaku="1,1,52,3,54,1,53,0" doraHai="71" doraHaiUra="42" who="3" fromWho="2" sc="17,0,205,0,496,-120,272,130" owari="17,-48.0,205,-19.0,376,18.0,402,49.0" /></mjloggm>