<mjloggm ver="2.3"><GO type="169" lobby="0"/><UN n0="%E3%81%AF%E3%83%BC%E3%81%B4%E3%82%87%E3%82%93" n1="%4E%6F%2E%30%30%30%31" n2="%E3%81%8B%E3%81%A5%E3%81%8D%EF%BC%B8%EF%BC%A9" n3="%E9%98%BF%E9%83%A8%E5%AF%9B%EF%BC%A0%E9%B3%B3%E5%8D%93" dan="17,18,16,16" rate="2238.23,2293.14,2090.50,2084.99" sx="F,F,M,F"/><TAIKYOKU oya="0"/><INIT seed="0,0,0,3,0,79" ten="250,250,250,250" oya="0" hai0="77,113,101,126,3,94,12,134,45,59,31,5,57" hai1="78,108,106,9,86,90,68,47,132,18,44,93,56" hai2="37,22,14,8,30,70,25,82,38,60,33,23,42" hai3="35,15,34,72,4,36,58,110,114,123,95,87,100"/><T21/><D113/><U122/><E122/><V103/><F42/><W75/><G114/><T41/><D134/><U105/><E68/><V13/><F38/><W64/><G36/><T120/><D120/><U61/><E108/><V43/><F43/><W111/><G123/><T133/><D133/><U117/><E117/><V116/><F37/><W99/><G87/><T66/><D126/><U76/><E105/><V98/><F82/><W10/><G64/><T27/><D3/><U127/><E106/><V29/><F29/><W28/><G58/><T50/><D66/><U26/><E127/><V109/><F109/><N who="3" m="41483" /><G28/><T19/><D5/><U80/><E76/><V40/><F40/><W130/><G130/><T69/><D69/><U7/><E132/><V89/><F89/><W129/><G129/><T104/><D104/><U85/><E26/><V92/><F116/><W96/><G96/><N who="0" m="59543" /><D77/><U0/><REACH who="1" step="1"/><E18/><REACH who="1" ten="250,240,250,250" step="2"/><V84/><F25/><W97/><G97/><T11/><AGARI ba="0,1" hai="11,12,19,21,27,31,41,45,50,57,59" m="59543" machi="11" ten="30,1500,0" yaku="8,1" doraHai="79" who="0" fromWho="0" sc="250,25,240,-5,250,-5,250,-5" /><INIT seed="0,1,0,1,1,35" ten="275,235,245,245" oya="0" hai0="10,129,68,1,53,100,70,91,17,13,49,33,74" hai1="115,132,19,86,60,62,59,45,15,94,120,105,0" hai2="72,27,84,78,67,122,32,106,112,125,26,57,80" hai3="61,95,90,99,40,42,113,28,30,64,11,92,104"/><T43/><D129/><U39/><E105/><V127/><F112/><W66/><G104/><T2/><D33/><U89/><E120/><V81/><F106/><W131/><G113/><T36/><D100/><U98/><E115/><V128/><F122/><W16/><G131/><T7/><D74/><U124/><E132/><V117/><F117/><W6/><G95/><T88/><D43/><N who="3" m="16425" /><G6/><T69/><D36/><U103/><E39/><V44/><F44/><W85/><G61/><T65/><D65/><N who="3" m="25193" /><G99/><T8/><REACH who="0" step="1"/><D2/><REACH who="0" ten="265,235,245,245" step="2"/><U134/><E0/><V121/><F128/><W51/><G51/><T133/><D133/><U5/><E134/><V47/><F32/><W31/><G31/><T77/><D77/><U135/><E135/><V73/><F73/><W96/><G85/><T3/><D3/><U119/><E86/><V87/><F121/><W48/><G48/><T118/><D118/><U75/><E119/><V50/><F72/><W109/><G109/><T22/><D22/><U38/><E75/><V54/><F87/><W76/><G76/><T41/><D41/><U71/><E38/><V46/><F81/><W93/><G93/><T116/><D116/><U79/><E94/><V23/><F23/><W29/><G30/><T56/><AGARI ba="1,1" hai="1,7,8,10,13,17,49,53,56,68,69,70,88,91" machi="56" ten="30,11700,0" yaku="1,1,0,1,52,1,54,1,53,0" doraHai="35" doraHaiUra="58" who="0" fromWho="0" sc="265,130,235,-40,245,-40,245,-40" /><INIT seed="0,2,0,2,2,41" ten="395,195,205,205" oya="0" hai0="124,14,117,89,15,68,17,125,87,135,71,107,10" hai1="120,63,27,101,3,99,121,39,46,9,48,129,12" hai2="93,1,28,32,13,74,97,134,119,40,53,16,42" hai3="51,130,58,85,115,91,70,132,11,29,76,90,50"/><T30/><D107/><U33/><E129/><V45/><F74/><W43/><G115/><T6/><D117/><U114/><E114/><V88/><F1/><W77/><G70/><T22/><D30/><U44/><E3/><V55/><F134/><W59/><G130/><T105/><D105/><U49/><E39/><V67/><F119/><W131/><G131/><T78/><D78/><U5/><E63/><V66/><F28/><W86/><G132/><T65/><D135/><U56/><E56/><N who="3" m="21546" /><G11/><T118/><D118/><U20/><E33/><V36/><F32/><W112/><G29/><T18/><D6/><U128/><E128/><V52/><REACH who="2" step="1"/><F42/><REACH who="2" ten="395,195,195,205" step="2"/><W21/><G112/><T7/><D71/><U82/><E121/><V73/><F73/><W8/><G43/><T95/><D68/><U113/><E120/><V25/><F25/><W38/><G38/><T54/><D14/><U31/><E113/><V106/><F106/><W100/><G50/><N who="1" m="19562" /><E82/><V133/><F133/><W102/><G51/><T62/><D15/><U109/><E109/><V26/><F26/><W2/><G2/><T123/><D123/><U104/><E104/><V98/><F98/><W108/><G108/><T34/><D34/><U127/><E127/><V57/><F57/><W126/><G126/><T61/><D125/><U84/><E84/><V23/><AGARI ba="2,1" hai="13,16,23,36,40,45,52,53,55,66,67,88,93,97" machi="23" ten="30,12000,2" yaku="1,1,0,1,52,1,54,3,53,0" doraHai="41" doraHaiUra="79" who="2" fromWho="2" sc="395,-62,195,-32,195,136,205,-32" /><INIT seed="1,0,0,3,4,4" ten="333,163,331,173" oya="1" hai0="33,20,106,26,92,2,53,81,126,68,67,0,54" hai1="109,130,16,119,8,82,25,55,63,64,40,72,78" hai2="113,99,131,29,98,94,12,23,30,89,17,66,34" hai3="48,41,124,10,123,6,73,100,35,118,110,117,133"/><U102/><E119/><N who="3" m="45578" /><G123/><T39/><D126/><U77/><E130/><V24/><F131/><W47/><G124/><T13/><D106/><U95/><E40/><V76/><F76/><W88/><G110/><T122/><D122/><U3/><E109/><V90/><F29/><W86/><G73/><T60/><D39/><U71/><E78/><V114/><F66/><W27/><G100/><T121/><D121/><U38/><E38/><V120/><F120/><W91/><G133/><T19/><D81/><U45/><E102/><V83/><F83/><N who="3" m="49247" /><G91/><T87/><D87/><U65/><E95/><AGARI ba="0,0" hai="12,17,23,24,30,34,89,90,94,95,98,99,113,114" machi="95" ten="40,1300,0" yaku="9,1" doraHai="4" who="2" fromWho="1" sc="333,0,163,-13,331,13,173,0" /><INIT seed="2,0,0,4,5,96" ten="333,150,344,173" oya="2" hai0="92,18,7,14,68,135,88,74,129,120,52,53,125" hai1="37,73,34,9,126,76,130,27,58,26,19,49,61" hai2="89,85,45,59,5,32,6,24,16,25,77,12,82" hai3="79,67,132,41,70,80,21,71,28,134,10,11,40"/><V95/><F45/><W78/><G21/><N who="0" m="11479" /><D120/><U51/><E37/><V128/><F128/><W62/><G28/><T38/><D38/><U44/><E130/><V117/><F117/><W23/><G23/><T1/><D129/><U111/><E111/><V131/><F131/><W35/><G35/><T94/><D74/><U87/><E73/><V127/><F127/><W54/><G54/><N who="0" m="21099" /><D68/><U43/><E34/><V13/><F59/><W110/><G110/><T81/><D1/><U29/><E51/><V123/><F123/><W64/><REACH who="3" step="1"/><G80/><REACH who="3" ten="333,150,344,163" step="2"/><T8/><D125/><U55/><E126/><V102/><F32/><W98/><G98/><T42/><D42/><U3/><E29/><V39/><F39/><W86/><G86/><N who="0" m="50255" /><D135/><U106/><E87/><V66/><F6/><W105/><G105/><T133/><D133/><U50/><E106/><V116/><F5/><W36/><G36/><T20/><D20/><U48/><E43/><V115/><F85/><W22/><G22/><T69/><D69/><U84/><E84/><V103/><F82/><W31/><G31/><T15/><AGARI ba="0,1" hai="7,8,15,92,94" m="50255,21099,11479" machi="15" ten="30,4000,0" yaku="8,1,54,2" doraHai="96" who="0" fromWho="0" sc="333,50,150,-10,344,-20,163,-10" /><INIT seed="3,0,0,3,2,41" ten="383,140,324,153" oya="3" hai0="17,50,79,43,13,89,55,128,26,135,112,95,84" hai1="12,19,39,97,24,57,53,36,72,32,52,88,70" hai2="133,104,0,107,99,11,3,113,60,63,117,75,25" hai3="83,116,48,10,40,103,59,22,114,132,6,94,46"/><W118/><G114/><T82/><D128/><U123/><E70/><V73/><F113/><W111/><G132/><T65/><D112/><U21/><E72/><V51/><F25/><W1/><G111/><T130/><D130/><U62/><E123/><V129/><F117/><W2/><G2/><T74/><D135/><U98/><E32/><V124/><F129/><W78/><G22/><T4/><D43/><U34/><E34/><V115/><F115/><W121/><G121/><T90/><D65/><U127/><E127/><V18/><F133/><W101/><G59/><T42/><D42/><U69/><E69/><V110/><F124/><W71/><G71/><T119/><D26/><U35/><E53/><V14/><F0/><W47/><G46/><T58/><D90/><U109/><E109/><V64/><F3/><W120/><G120/><T27/><D27/><U106/><E98/><V76/><F64/><W33/><G33/><T15/><D15/><U93/><REACH who="1" step="1"/><E106/><REACH who="1" ten="383,130,324,153" step="2"/><V31/><F107/><W5/><G116/><T105/><D105/><U8/><E8/><V122/><F104/><W126/><G118/><T28/><D119/><U20/><E20/><V134/><F122/><W81/><G126/><T54/><D54/><U44/><E44/><V9/><F110/><W80/><G10/><N who="0" m="6327" /><D28/><AGARI ba="0,1" hai="12,19,21,24,28,35,36,39,52,57,62,88,93,97" machi="28" ten="40,5200,0" yaku="1,1,54,2,53,0" doraHai="41" doraHaiUra="37" who="1" fromWho="0" sc="383,-52,130,62,324,0,153,0" /><INIT seed="4,0,0,3,1,75" ten="331,192,324,153" oya="0" hai0="27,72,46,26,127,38,15,97,84,130,122,133,126" hai1="108,95,42,66,44,85,110,51,25,56,34,112,67" hai2="103,11,58,70,101,64,109,83,102,14,28,5,118" hai3="89,74,1,21,6,111,131,115,116,78,90,53,33"/><T20/><D72/><U105/><E105/><V32/><F109/><W135/><G21/><T71/><D71/><U22/><E34/><V50/><F70/><W4/><G53/><T0/><D0/><U77/><E110/><V119/><F28/><W96/><G6/><T124/><D122/><U104/><E104/><V52/><F32/><W49/><G49/><T99/><D133/><U41/><E108/><V114/><F64/><W39/><G4/><T128/><D15/><U94/><E41/><V82/><REACH who="2" step="1"/><F114/><REACH who="2" ten="331,192,314,153" step="2"/><W91/><G33/><T23/><D126/><U123/><E112/><V55/><F55/><W12/><G115/><T65/><D65/><U117/><E67/><V24/><F24/><W40/><G111/><T9/><D127/><U36/><E66/><V45/><F45/><W37/><G135/><T107/><D124/><U98/><E44/><V35/><F35/><W59/><G59/><T100/><D46/><U92/><E56/><V93/><F93/><W17/><G40/><T121/><D107/><U61/><E42/><V48/><F48/><W62/><G37/><T7/><D38/><U69/><E51/><V88/><F88/><W16/><G89/><T54/><D54/><U63/><E36/><V31/><F31/><W120/><G91/><T76/><D26/><U134/><E69/><V2/><F2/><W106/><G1/><T129/><D27/><U79/><E134/><V125/><F125/><W81/><G39/><T86/><D129/><U30/><E25/><V8/><F8/><W87/><G131/><T19/><D130/><U113/><E113/><RYUUKYOKU ba="0,1" sc="331,-10,192,-10,314,30,153,-10" hai2="5,11,14,50,52,58,82,83,101,102,103,118,119" /><INIT seed="5,1,1,1,0,16" ten="321,182,344,143" oya="1" hai0="113,79,122,34,98,84,134,108,114,75,123,126,46" hai1="78,17,24,4,51,109,33,85,71,23,60,82,35" hai2="77,127,10,6,92,69,110,18,55,72,125,83,58" hai3="7,124,96,1,50,132,26,9,52,32,5,104,29"/><U129/><E129/><V59/><F69/><W94/><G124/><N who="2" m="47689" /><F110/><W61/><G132/><T67/><D126/><U54/><E109/><V131/><F131/><W30/><G104/><T73/><D34/><U106/><E106/><V89/><F18/><W70/><G7/><T45/><D67/><U133/><E133/><V2/><F55/><W117/><G117/><T103/><D45/><U97/><E4/><V87/><AGARI ba="1,1" hai="2,6,10,58,59,72,77,83,87,89,92" m="47689" machi="87" ten="30,1100,0" yaku="18,1" doraHai="16" who="2" fromWho="2" sc="321,-4,182,-6,344,24,143,-4" /><INIT seed="6,0,0,1,5,52" ten="317,176,368,139" oya="2" hai0="128,90,116,122,110,120,91,9,101,15,64,94,77" hai1="133,99,24,121,78,129,74,126,107,20,7,57,55" hai2="21,30,48,84,46,36,71,96,18,81,8,2,22" hai3="32,82,68,67,105,135,130,61,62,118,123,106,58"/><V76/><F71/><W115/><G123/><T3/><D110/><U56/><E129/><V29/><F36/><W125/><G118/><T83/><D116/><U131/><E131/><V92/><F2/><W117/><G117/><T65/><D128/><U109/><E109/><V87/><F87/><W34/><G130/><T25/><D3/><U103/><E133/><V14/><F29/><W124/><G135/><T75/><D101/><U39/><E39/><V43/><REACH who="2" step="1"/><F30/><REACH who="2" ten="317,176,358,139" step="2"/><W38/><G38/><T80/><D122/><U31/><E121/><V79/><F79/><W119/><G119/><T13/><D120/><U27/><E78/><V95/><F95/><W73/><G68/><T86/><D25/><U88/><E27/><V4/><F4/><W70/><G70/><T132/><D132/><U60/><E7/><V134/><F134/><W72/><G106/><T63/><D15/><U50/><E74/><V12/><F12/><W53/><G105/><T89/><D94/><U98/><E98/><V108/><F108/><W54/><G73/><T5/><REACH who="0" step="1"/><D64/><REACH who="0" ten="307,176,358,139" step="2"/><U41/><E24/><V26/><F26/><W1/><G1/><T16/><D16/><U100/><E107/><V49/><F49/><W40/><G125/><T19/><D19/><U37/><E126/><V45/><F45/><W47/><G124/><T10/><D10/><U44/><E31/><V35/><F35/><W127/><G127/><T33/><D33/><U85/><E50/><V23/><F23/><W28/><G32/><T11/><D11/><U42/><E20/><V104/><F104/><W113/><G34/><RYUUKYOKU type="nm" ba="0,2" sc="307,-20,176,-20,358,-40,139,80" hai0="5,9,13,63,65,75,77,80,83,86,89,90,91" hai2="8,14,18,21,22,43,46,48,76,81,84,92,96" /><INIT seed="6,1,2,0,2,5" ten="287,156,318,219" oya="2" hai0="97,78,31,47,58,124,130,34,70,36,131,90,56" hai1="81,48,19,93,75,15,63,23,80,71,83,109,45" hai2="95,60,67,35,8,91,125,4,128,76,103,59,18" hai3="22,57,122,133,39,100,112,68,72,0,1,24,12"/><V25/><F125/><W114/><G122/><T64/><D124/><U9/><E109/><V121/><F121/><W10/><G68/><T30/><D78/><U135/><E135/><V62/><F128/><N who="0" m="49194" /><D70/><U50/><E75/><V92/><F35/><W13/><G72/><T40/><D64/><U82/><N who="1" m="20480" /><DORA hai="115" /><U16/><E93/><V37/><F37/><W134/><G39/><T89/><D97/><U104/><E104/><V111/><F76/><W49/><G100/><T85/><D85/><U61/><E71/><V108/><F103/><W26/><G57/><N who="0" m="22123" /><D30/><U101/><E101/><V66/><F111/><W98/><G98/><T116/><D116/><U84/><E84/><V51/><F108/><W41/><G49/><N who="1" m="19050" /><E45/><V6/><F51/><W102/><G102/><T28/><D28/><U27/><AGARI ba="1,2" hai="9,15,16,19,23,27,61,63" m="19050,20480" machi="27" ten="40,5200,0" yaku="8,1,52,1,54,1" doraHai="5,115" who="1" fromWho="1" sc="287,-14,156,75,318,-27,219,-14" /><INIT seed="7,0,0,1,2,83" ten="273,231,291,205" oya="3" hai0="126,129,95,56,85,3,119,54,77,42,134,57,87" hai1="52,102,72,37,114,86,127,17,44,84,97,11,19" hai2="89,78,125,16,46,79,14,88,73,30,21,115,48" hai3="120,128,103,28,109,93,55,58,34,35,133,51,8"/><W90/><G120/><T105/><D105/><U82/><E114/><V40/><F115/><W53/><G133/><T135/><D119/><U10/><E127/><V26/><F125/><W66/><G128/><T118/><D118/><U65/><E65/><V107/><F107/><W41/><G109/><T100/><D126/><U38/><E72/><V99/><F73/><W60/><G103/><T69/><D69/><U63/><E37/><V64/><F64/><W2/><G41/><T76/><D129/><U1/><E38/><V4/><F4/><W23/><G2/><T116/><D3/><U45/><E1/><V130/><F130/><W117/><G117/><T123/><D42/><U22/><E17/><V33/><F99/><W25/><G8/><N who="1" m="3114" /><E97/><V71/><F71/><W67/><G35/><T91/><D116/><U6/><E6/><V122/><F122/><W61/><G34/><T7/><D7/><U49/><E102/><V80/><F79/><N who="0" m="30282" /><D100/><U31/><E82/><V132/><F132/><N who="0" m="50730" /><D123/><U18/><E63/><V74/><AGARI ba="0,0" hai="14,16,21,26,30,33,40,46,48,74,78,80,88,89" machi="74" ten="20,5200,0" yaku="0,1,7,1,54,2" doraHai="83" who="2" fromWho="2" sc="273,-13,231,-13,291,52,205,-26" owari="260,6.0,218,-18.0,343,44.0,179,-32.0" /></mjloggm>