<mjloggm ver="2.3"><GO type="169" lobby="0"/><UN n0="%E5%BF%83%E6%BB%85%E7%8D%A3%E8%BA%AB" n1="%E7%B4%AB%E3%81%AE%E9%8F%A1" n2="%49%4D%41%49" n3="%E3%82%82%E3%82%8A%E3%82%82%E3%82%8A%E3%81%8A%E3%81%AB%E3%81%8E%E3%82%8A" dan="17,18,16,16" rate="2187.32,2322.05,2020.63,2133.73" sx="M,M,M,M"/><TAIKYOKU oya="0"/><INIT seed="0,0,0,0,0,52" ten="250,250,250,250" oya="0" hai0="100,59,93,30,63,3,77,1,89,9,74,92,8" hai1="125,110,41,27,70,114,120,51,121,129,34,47,48" hai2="6,82,122,128,85,38,49,124,98,28,99,97,7" hai3="19,58,116,17,23,111,26,31,65,130,88,61,135"/><T79/><D30/><U53/><E27/><V29/><F38/><W13/><G116/><T39/><D39/><U64/><E34/><V20/><F122/><N who="1" m="47209" /><E110/><V68/><F68/><W117/><G117/><T133/><D133/><U44/><E129/><V87/><F128/><W55/><G130/><T50/><D50/><U11/><E11/><N who="0" m="4169" /><D1/><U62/><E125/><V103/><F124/><W112/><G112/><AGARI ba="0,0" hai="41,44,47,48,51,53,62,64,70,112,114" m="47209" machi="112" ten="30,2000,0" yaku="34,2" doraHai="52" who="1" fromWho="3" sc="250,0,250,20,250,0,250,-20" /><INIT seed="1,0,0,2,4,104" ten="250,270,250,230" oya="1" hai0="67,58,22,94,60,14,34,115,59,65,1,6,79" hai1="56,68,66,95,135,5,81,101,11,63,13,98,86" hai2="36,133,116,131,69,64,50,41,84,107,48,83,54" hai3="24,119,61,33,110,111,53,30,27,39,10,25,32"/><U20/><E135/><V134/><F107/><W62/><G39/><T109/><D115/><U132/><E132/><N who="2" m="50795" /><F84/><W2/><G53/><T77/><D34/><N who="3" m="13417" /><G62/><T130/><D1/><U42/><E42/><V121/><F83/><W7/><G61/><T0/><D0/><U73/><E20/><V23/><F23/><N who="3" m="15647" /><G119/><T4/><D109/><AGARI ba="0,0" hai="2,7,10,25,27,109,110,111" m="15647,13417" machi="109" ten="30,3900,0" yaku="14,1,34,2" doraHai="104" who="3" fromWho="0" sc="250,-39,270,0,250,0,230,39" /><INIT seed="2,0,0,3,2,55" ten="211,270,250,269" oya="2" hai0="97,88,132,21,58,10,46,33,43,52,135,84,64" hai1="70,26,0,115,29,98,127,81,15,110,103,76,51" hai2="56,61,2,118,42,57,63,75,53,125,65,128,67" hai3="36,90,3,120,4,109,45,40,105,80,44,69,112"/><V28/><F2/><W34/><G120/><T126/><D33/><U17/><E115/><V49/><F75/><W85/><G112/><T89/><D126/><U122/><E0/><V54/><F125/><W13/><G109/><T9/><D21/><U117/><E117/><V133/><F118/><W71/><G34/><T129/><D64/><N who="2" m="24650" /><F133/><N who="0" m="51274" /><D97/><U66/><E127/><V25/><F25/><W8/><G105/><T50/><D129/><U7/><E110/><V60/><F28/><W18/><REACH who="3" step="1"/><G45/><REACH who="3" ten="211,270,250,259" step="2"/><T37/><D89/><U113/><E113/><V93/><F128/><W91/><G91/><T102/><D102/><U121/><E103/><V30/><F30/><W24/><G24/><T119/><D119/><U68/><E26/><V134/><F134/><W100/><G100/><T12/><D12/><U31/><E15/><V39/><F93/><AGARI ba="0,1" hai="9,10,37,43,46,50,52,58,84,88,93" m="51274" machi="93" ten="30,7700,0" yaku="20,1,52,1,54,2" doraHai="55" who="0" fromWho="2" sc="211,87,270,0,250,-77,259,0" /><INIT seed="3,0,0,5,3,74" ten="298,270,173,259" oya="3" hai0="129,49,21,107,123,117,50,40,41,105,82,130,76" hai1="94,133,53,67,11,56,95,90,66,1,91,87,104" hai2="120,79,22,26,84,72,46,33,55,30,2,64,121" hai3="128,98,0,36,109,23,132,39,48,116,89,81,85"/><W71/><G116/><T68/><D68/><U125/><E104/><N who="0" m="40009" /><D21/><U86/><E133/><V17/><F72/><W108/><G132/><T100/><D100/><U78/><E125/><V24/><F2/><W77/><G128/><N who="0" m="49259" /><D123/><U106/><E106/><V44/><F64/><W25/><G71/><T5/><D5/><U9/><E78/><V65/><F65/><N who="1" m="24585" /><E1/><V19/><F19/><N who="3" m="12543" /><G0/><T122/><D122/><N who="2" m="47210" /><F55/><W32/><G32/><T113/><D113/><U124/><E124/><V14/><F26/><W7/><G7/><T88/><D88/><U57/><E57/><V27/><F24/><W13/><G13/><T37/><D117/><U75/><E75/><V28/><F28/><W3/><G3/><T83/><D83/><AGARI ba="0,0" hai="14,17,22,27,30,33,44,46,79,83,84" m="47210" machi="83" ten="30,2000,0" yaku="13,1,52,1" doraHai="74" who="2" fromWho="0" sc="298,-20,270,0,173,20,259,0" /><INIT seed="4,0,0,2,3,55" ten="278,270,193,259" oya="0" hai0="73,56,92,69,2,68,27,35,97,67,46,39,111" hai1="71,129,52,104,9,60,123,122,84,53,128,134,32" hai2="120,106,133,7,98,109,64,103,62,130,88,93,95" hai3="49,44,96,86,12,18,21,75,79,99,6,13,19"/><T34/><D73/><U8/><E104/><V127/><F109/><W76/><G75/><T78/><D2/><U118/><E32/><V74/><F74/><W126/><G126/><T29/><D35/><U119/><E84/><V65/><F120/><N who="1" m="46121" /><E8/><V113/><F127/><W83/><G79/><T31/><D31/><U90/><E90/><V51/><F113/><W77/><G77/><T89/><D78/><U100/><E9/><V11/><F133/><W26/><G6/><T124/><D111/><U16/><E16/><V10/><F130/><N who="1" m="50281" /><E100/><V72/><F72/><W94/><G19/><T41/><REACH who="0" step="1"/><D124/><REACH who="0" ten="268,270,193,259" step="2"/><U57/><E134/><V28/><F28/><W114/><G114/><T101/><D101/><U132/><E132/><V110/><F103/><N who="3" m="60823" /><G99/><T54/><D54/><AGARI ba="0,1" hai="12,13,18,21,26,44,49,54,76,83,86" m="60823" machi="54" ten="30,1000,0" yaku="8,1" doraHai="55" who="3" fromWho="0" sc="268,-10,270,0,193,0,259,20" /><INIT seed="5,0,0,3,0,14" ten="258,270,193,279" oya="1" hai0="85,2,42,67,87,132,107,73,20,3,74,58,70" hai1="131,83,129,54,60,128,57,48,117,76,10,116,52" hai2="86,112,28,50,9,98,84,134,40,7,123,37,110" hai3="115,29,17,35,51,104,99,8,95,49,39,15,43"/><U53/><E10/><V79/><F110/><W31/><G104/><T94/><D107/><U121/><E121/><V16/><F123/><W89/><G115/><T135/><D70/><U4/><E4/><V41/><F134/><N who="0" m="51242" /><D20/><U11/><E11/><V19/><F37/><W55/><G35/><T113/><D42/><N who="2" m="16490" /><F112/><W45/><REACH who="3" step="1"/><G39/><REACH who="3" ten="258,270,193,269" step="2"/><T91/><D113/><U101/><E101/><V130/><F130/><W64/><G64/><T27/><D67/><N who="1" m="39311" /><E48/><V56/><F50/><W120/><G120/><T46/><D46/><AGARI ba="0,1" hai="8,15,17,29,31,43,45,46,49,51,55,89,95,99" machi="46" ten="30,7700,0" yaku="1,1,7,1,8,1,52,1,53,0" doraHai="14" doraHaiUra="1" who="3" fromWho="0" sc="258,-77,270,0,193,0,269,87" /><INIT seed="6,0,0,2,4,121" ten="181,270,193,356" oya="2" hai0="60,102,66,62,41,35,116,82,51,80,34,32,38" hai1="0,92,63,57,19,64,74,68,134,135,98,33,42" hai2="59,128,65,119,131,118,87,85,132,88,48,12,125" hai3="36,56,94,112,76,117,95,6,53,113,115,129,90"/><V84/><F12/><W2/><G117/><N who="2" m="44553" /><F48/><W101/><G129/><N who="2" m="49737" /><F59/><W99/><G36/><T3/><D38/><U91/><E74/><V106/><F65/><W7/><G76/><T40/><D3/><U109/><E109/><V1/><F1/><W25/><G25/><T70/><D116/><U16/><E33/><V72/><F125/><W8/><G6/><T73/><D102/><U120/><E0/><V18/><F18/><N who="1" m="6697" /><E120/><V45/><F45/><W127/><G127/><T105/><D105/><U43/><E57/><V89/><F132/><AGARI ba="0,0" hai="42,43,63,64,68,91,92,98,132,134,135" m="6697" machi="132" ten="30,2000,0" yaku="20,1,54,1" doraHai="121" who="1" fromWho="2" sc="181,0,270,20,193,-20,356,0" /><INIT seed="7,0,0,1,4,64" ten="181,290,173,356" oya="3" hai0="96,14,113,44,85,101,2,40,68,43,79,39,118" hai1="73,97,115,75,41,51,128,105,124,134,93,9,52" hai2="23,0,59,69,66,45,32,25,92,11,81,104,3" hai3="8,123,63,15,5,114,34,91,103,121,67,116,89"/><W19/><G116/><T57/><D118/><U56/><E115/><V95/><F104/><W22/><G34/><T37/><D2/><U36/><E128/><V102/><F32/><W119/><G119/><T18/><D113/><U120/><E120/><V65/><F69/><W10/><G114/><T27/><D27/><U49/><E134/><V42/><F81/><W50/><G103/><T21/><D68/><U122/><E122/><V94/><F102/><W112/><G112/><T126/><D126/><U55/><E105/><V135/><F135/><W30/><G30/><T77/><D57/><U71/><E124/><V54/><F11/><W61/><G10/><T127/><D85/><U87/><E71/><V78/><F78/><W29/><G89/><T46/><D127/><U100/><E87/><V106/><F106/><AGARI ba="0,0" hai="14,18,21,37,39,40,43,44,46,77,79,96,101,106" machi="106" ten="30,2000,0" yaku="7,1,9,1" doraHai="64" who="0" fromWho="2" sc="181,20,290,0,173,-20,356,0" owari="201,-20.0,290,9.0,153,-35.0,356,46.0" /></mjloggm>