<mjloggm ver="2.3"><GO type="169" lobby="0"/><UN n0="%E6%97%A5%E9%99%B0%E3%81%95%E3%82%93" n1="%E7%88%86%E7%89%8C%E3%82%A6%E3%82%B7%E3%82%B8%E3%83%9E%E3%81%8F%E3%82%93" n2="%E3%82%B5%E3%83%96%E3%82%A2%E3%83%A9%E3%83%89" n3="%E3%81%A8%E3%81%B3%E3%81%BE%E3%81%93" dan="16,17,16,17" rate="2066.88,2178.98,2063.79,2192.15" sx="F,M,M,M"/><TAIKYOKU oya="0"/><INIT seed="0,0,0,1,3,27" ten="250,250,250,250" oya="0" hai0="15,97,126,56,132,89,2,105,3,29,128,17,35" hai1="104,0,34,61,30,122,84,87,79,127,129,47,19" hai2="123,33,119,58,41,51,38,43,12,103,85,8,53" hai3="94,99,118,44,111,48,121,6,63,133,7,13,1"/><T26/><D126/><U101/><E122/><V70/><F123/><W76/><G121/><T124/><D124/><U78/><E127/><V90/><F119/><W54/><G1/><T134/><D128/><U109/><E0/><V77/><F70/><W73/><G118/><T14/><D56/><U114/><E109/><V22/><F33/><W67/><G111/><T131/><D131/><U92/><E47/><V39/><F103/><W83/><G13/><N who="0" m="4619" /><D17/><U68/><E19/><V23/><F77/><W32/><G133/><N who="0" m="51307" /><D89/><U65/><E129/><V88/><F90/><W95/><G32/><T106/><D106/><U86/><E114/><V57/><F57/><W40/><G94/><T113/><D113/><U28/><E92/><N who="2" m="54287" /><F39/><W36/><G95/><T116/><D116/><U66/><E66/><V102/><F102/><AGARI ba="0,0" hai="2,3,26,29,35,97,102,105" m="51307,4619" machi="102" ten="30,2900,0" yaku="20,1,52,1" doraHai="27" who="0" fromWho="2" sc="250,29,250,0,250,-29,250,0" /><INIT seed="0,1,0,4,2,1" ten="279,250,221,250" oya="0" hai0="116,105,54,34,80,56,83,36,111,90,2,41,5" hai1="125,50,4,78,35,126,61,43,9,120,134,48,32" hai2="47,49,87,18,23,0,19,118,123,38,107,79,121" hai3="96,40,71,106,45,104,31,68,12,89,3,60,77"/><T114/><D116/><U29/><E120/><V103/><F118/><W132/><G3/><T44/><D105/><U86/><E61/><V88/><F38/><W119/><G119/><T91/><D114/><U84/><E134/><V67/><F79/><W16/><G31/><T135/><D135/><U92/><E92/><V30/><F0/><W130/><G77/><T81/><D34/><U51/><E43/><V25/><F67/><W46/><G130/><T124/><D124/><N who="1" m="47723" /><E29/><V108/><F108/><W33/><G33/><N who="1" m="12874" /><E78/><V94/><F123/><W42/><G60/><T100/><D100/><U69/><E69/><V52/><REACH who="2" step="1"/><F121/><REACH who="2" ten="279,250,211,250" step="2"/><W75/><G132/><T101/><D111/><U128/><E128/><V65/><F65/><W17/><G75/><T39/><D39/><U76/><E76/><V10/><F10/><W66/><G66/><T15/><D2/><AGARI ba="1,1" hai="2,4,9,48,50,51,84,86" m="12874,47723" machi="2" ten="40,2600,0" yaku="18,1,52,1" doraHai="1" who="1" fromWho="0" sc="279,-29,250,39,211,0,250,0" /><INIT seed="1,0,0,4,0,90" ten="250,289,211,250" oya="1" hai0="31,59,8,106,107,74,125,114,124,73,128,40,45" hai1="130,39,63,108,22,48,95,81,87,75,61,19,35" hai2="16,92,44,68,109,9,4,54,88,37,46,91,10" hai3="14,55,77,49,118,133,47,134,76,105,111,11,38"/><U18/><E39/><V1/><F68/><W64/><G111/><T89/><D31/><U132/><E35/><V103/><F109/><W53/><G105/><N who="0" m="39947" /><D59/><U96/><E108/><V51/><F37/><W30/><G118/><T41/><D8/><U12/><E130/><V33/><F33/><W34/><G64/><T24/><D89/><U27/><E75/><N who="0" m="28681" /><D24/><U122/><E132/><N who="3" m="50794" /><G38/><T65/><D65/><U94/><E122/><V123/><F123/><W58/><G34/><T121/><D45/><U43/><E96/><V67/><F67/><W6/><G30/><T126/><D121/><U25/><E48/><AGARI ba="0,0" hai="6,11,14,47,48,49,53,55,58,76,77" m="50794" machi="48" ten="30,1000,0" yaku="20,1" doraHai="90" who="3" fromWho="1" sc="250,0,289,-10,211,0,250,10" /><INIT seed="2,0,0,5,3,119" ten="250,279,211,260" oya="2" hai0="111,90,40,104,9,47,102,94,73,37,87,77,69" hai1="61,107,112,0,20,96,128,132,48,88,24,28,32" hai2="109,100,114,103,65,89,134,33,21,110,49,55,25" hai3="46,68,18,98,97,35,123,16,63,44,64,60,43"/><V54/><F114/><W84/><G35/><T7/><D111/><N who="2" m="42506" /><F134/><W101/><G84/><T135/><D135/><U71/><E132/><V133/><F33/><W14/><G123/><T45/><D69/><U74/><E74/><V125/><F133/><W10/><G60/><T86/><D47/><U3/><E112/><V80/><F65/><W105/><G97/><T17/><D17/><U106/><E128/><V130/><F130/><W78/><G78/><T113/><D113/><U95/><E32/><V91/><F80/><W70/><G70/><T6/><D87/><U4/><E4/><V118/><F118/><W36/><REACH who="3" step="1"/><G46/><REACH who="3" ten="250,279,211,250" step="2"/><T82/><D9/><U108/><E108/><V93/><F125/><W1/><G1/><T122/><REACH who="0" step="1"/><D122/><REACH who="0" ten="240,279,211,250" step="2"/><U79/><E71/><V120/><F120/><W76/><G76/><T42/><D42/><U127/><E79/><V67/><F67/><W31/><G31/><T2/><D2/><U131/><E3/><V72/><F72/><W59/><G59/><T53/><D53/><U13/><E0/><V85/><F55/><W19/><AGARI ba="0,2" hai="10,14,16,18,19,36,43,44,63,64,68,98,101,105" machi="19" ten="20,5200,0" yaku="1,1,0,1,7,1,54,1,53,0" doraHai="119" doraHaiUra="27" who="3" fromWho="3" sc="240,-13,279,-13,211,-26,250,72" /><INIT seed="3,0,0,1,1,118" ten="227,266,185,322" oya="3" hai0="32,30,74,124,16,0,94,125,91,18,14,129,71" hai1="9,21,117,80,65,127,73,52,2,93,50,134,103" hai2="31,100,111,19,60,42,62,59,78,120,51,72,25" hai3="37,98,96,110,20,132,90,119,86,57,27,64,116"/><W54/><G37/><T123/><D74/><U4/><E127/><N who="0" m="48713" /><D71/><U56/><E134/><V8/><F111/><W105/><G132/><T12/><D0/><U121/><E121/><V33/><F120/><W58/><G110/><T38/><D38/><U6/><E117/><V28/><F100/><W61/><G105/><T104/><D104/><U26/><E65/><V23/><F31/><W63/><G119/><T11/><D123/><U95/><E103/><V115/><F115/><W1/><G1/><T45/><D45/><U77/><REACH who="1" step="1"/><E4/><REACH who="1" ten="227,256,185,322" step="2"/><V67/><F67/><W97/><G116/><T83/><D129/><U135/><E135/><V82/><F8/><W3/><G3/><T102/><D102/><U40/><E40/><V7/><F7/><W79/><G79/><T41/><D41/><U22/><E22/><V108/><F108/><W85/><REACH who="3" step="1"/><G90/><REACH who="3" ten="227,256,185,312" step="2"/><T88/><D91/><U53/><E53/><V114/><F114/><W101/><G101/><T46/><D88/><U107/><E107/><V112/><F112/><W128/><G128/><T34/><D34/><U106/><E106/><V130/><F130/><W44/><G44/><T89/><D46/><U81/><E81/><V113/><F113/><W55/><G55/><T122/><D83/><U69/><E69/><V68/><F68/><W109/><G109/><T87/><D122/><U47/><E47/><N who="2" m="26103" /><F59/><W39/><G39/><T92/><D32/><U10/><E10/><V133/><F133/><W13/><G13/><T36/><D36/><U70/><E70/><V35/><F35/><W66/><G66/><T99/><D11/><RYUUKYOKU ba="0,2" sc="227,-30,256,10,185,10,312,10" hai1="2,6,9,21,26,50,52,56,73,77,80,93,95" hai2="19,23,25,28,33,60,62,72,78,82" hai3="20,27,54,57,58,61,63,64,85,86,96,97,98" /><INIT seed="3,1,2,1,3,25" ten="197,266,195,322" oya="3" hai0="83,104,59,115,108,130,9,52,100,119,55,81,61" hai1="72,73,87,92,2,107,71,91,86,58,79,51,124" hai2="26,47,36,129,90,40,35,135,20,122,98,21,33" hai3="82,93,67,19,29,37,133,128,12,62,44,111,5"/><W22/><G128/><T31/><D130/><U50/><E71/><V18/><F129/><W94/><G133/><T0/><D108/><U4/><E107/><V7/><F135/><W85/><G111/><T75/><D115/><U34/><E34/><V16/><F122/><W17/><G5/><T3/><D119/><U126/><E4/><V117/><F7/><W13/><G29/><T49/><D31/><U77/><E2/><V121/><F121/><W56/><G44/><T42/><D42/><U76/><E58/><V68/><F68/><W125/><G37/><T120/><D9/><U103/><E103/><V41/><F41/><W113/><G125/><N who="1" m="48234" /><E51/><V112/><F112/><W45/><G45/><T14/><D14/><U1/><E50/><V6/><F6/><W78/><REACH who="3" step="1"/><G113/><REACH who="3" ten="197,266,195,312" step="2"/><T110/><D110/><U96/><E1/><V118/><F118/><W46/><G46/><T123/><D0/><U101/><E101/><V84/><F117/><W63/><G63/><T134/><D3/><U28/><E28/><V65/><F47/><W106/><G106/><T11/><D134/><U99/><E99/><V88/><F36/><W131/><G131/><T66/><D104/><U24/><E24/><V8/><F98/><W32/><G32/><T64/><D100/><U70/><E70/><V15/><F35/><W57/><G57/><T23/><D59/><U97/><E97/><V43/><F33/><W105/><G105/><T53/><D120/><U114/><E114/><V54/><F43/><W10/><AGARI ba="1,3" hai="10,12,13,17,19,22,56,62,67,78,82,85,93,94" machi="10" ten="20,7800,0" yaku="1,1,0,1,7,1,8,1,53,0" doraHai="25" doraHaiUra="132" who="3" fromWho="3" sc="197,-27,266,-27,195,-27,312,111" /><INIT seed="3,2,0,4,1,84" ten="170,239,168,423" oya="3" hai0="111,41,72,131,104,106,80,114,121,62,124,118,99" hai1="112,77,74,130,24,97,22,11,89,122,123,49,107" hai2="71,4,59,10,51,133,116,33,53,6,132,14,100" hai3="21,40,93,45,78,13,135,43,73,50,126,88,85"/><W105/><G105/><T117/><D41/><U91/><E112/><V3/><F116/><N who="0" m="44650" /><D62/><U8/><E130/><V57/><F71/><W44/><G126/><T83/><D121/><U15/><E74/><V75/><F75/><W17/><G135/><N who="2" m="51785" /><F33/><W0/><G0/><T25/><D25/><U23/><E77/><V94/><F6/><W63/><G63/><T28/><D28/><U9/><E107/><V52/><F3/><W35/><G35/><T86/><D114/><U46/><E97/><N who="2" m="59447" /><F53/><W67/><G67/><T60/><D72/><U54/><E122/><V95/><F95/><W98/><G73/><T47/><D124/><U69/><E69/><V7/><F7/><W2/><G2/><T34/><D34/><U39/><E39/><V103/><F103/><W37/><REACH who="3" step="1"/><G78/><REACH who="3" ten="170,239,168,413" step="2"/><T101/><D104/><U90/><E123/><V68/><F68/><W18/><G18/><T36/><D106/><U30/><REACH who="1" step="1"/><E23/><REACH who="1" ten="170,229,168,413" step="2"/><V38/><F38/><W48/><G48/><T110/><D131/><U96/><E96/><AGARI ba="2,2" hai="13,17,21,37,40,43,44,45,50,85,88,93,96,98" machi="96" ten="40,7700,0" yaku="1,1,52,1,54,1,53,0" doraHai="84" doraHaiUra="134" who="3" fromWho="1" sc="170,0,229,-83,168,0,413,103" /><INIT seed="3,3,0,5,4,94" ten="170,146,168,516" oya="3" hai0="133,123,110,80,73,48,119,53,85,126,99,59,122" hai1="121,36,113,111,102,40,115,69,74,65,91,23,25" hai2="26,30,8,131,60,32,10,0,56,27,128,84,5" hai3="45,46,9,21,72,37,38,132,79,22,12,28,43"/><W3/><G132/><T58/><D110/><U130/><E121/><V20/><F84/><W81/><G28/><T18/><D133/><U41/><E111/><V100/><F100/><W77/><G77/><T82/><D126/><U88/><E74/><V105/><F105/><W52/><G3/><T35/><D119/><U75/><E75/><V2/><F56/><W50/><REACH who="3" step="1"/><G38/><REACH who="3" ten="170,146,168,506" step="2"/><T14/><D123/><U87/><E36/><V4/><F60/><W89/><G89/><T104/><D122/><U19/><E91/><V63/><F63/><W93/><G93/><T54/><D104/><U83/><E115/><V24/><F24/><W95/><G95/><T29/><D29/><AGARI ba="3,1" hai="0,2,4,5,8,10,20,26,27,29,30,32,128,131" machi="29" ten="40,8000,1" yaku="9,1,34,3" doraHai="94" who="2" fromWho="0" sc="170,-89,146,0,168,99,506,0" /><INIT seed="4,0,0,3,3,89" ten="81,146,267,506" oya="0" hai0="65,7,27,16,22,6,4,123,128,98,60,129,37" hai1="77,118,122,24,42,33,67,80,30,79,28,11,130" hai2="10,26,111,0,126,46,69,54,131,64,127,85,48" hai3="115,38,9,110,120,113,109,81,90,25,43,14,66"/><T119/><D37/><U5/><E118/><V62/><F111/><W57/><G43/><T96/><D119/><U36/><E122/><V78/><F131/><W105/><G38/><T39/><D39/><U34/><E130/><N who="0" m="50281" /><D123/><U63/><E36/><V91/><F78/><W125/><G125/><N who="2" m="47625" /><F26/><W44/><G120/><T55/><D55/><U88/><E42/><V106/><F106/><W47/><G110/><T52/><D52/><U29/><E79/><V94/><F10/><W134/><G47/><T21/><D21/><U13/><E88/><V84/><F84/><W35/><G44/><T20/><D20/><U117/><E34/><V45/><F45/><W74/><G134/><T61/><D61/><U101/><E101/><V108/><F108/><W2/><G109/><T121/><D121/><U49/><E117/><V53/><F53/><W15/><G35/><T23/><D23/><U58/><REACH who="1" step="1"/><E49/><REACH who="1" ten="81,136,267,506" step="2"/><V95/><F0/><W73/><G73/><AGARI ba="0,1" hai="5,11,13,24,28,29,30,33,58,63,67,73,77,80" machi="73" ten="30,3900,0" yaku="1,1,2,1,7,1,53,0" doraHai="89" doraHaiUra="87" who="1" fromWho="3" sc="81,0,136,49,267,0,506,-39" /><INIT seed="5,0,0,0,4,77" ten="81,185,267,467" oya="1" hai0="120,45,62,66,47,3,46,97,125,40,30,18,11" hai1="116,69,4,105,41,20,124,129,115,75,54,16,81" hai2="110,121,21,31,22,2,65,68,111,74,12,112,67" hai3="95,33,39,26,100,113,108,70,38,25,61,8,87"/><U130/><E116/><V6/><F74/><W29/><G95/><T27/><D125/><U90/><E105/><V72/><F72/><W37/><G100/><T23/><D120/><U101/><E101/><V51/><F121/><W102/><G102/><T96/><D40/><U132/><E69/><V9/><F51/><W82/><G108/><T119/><D119/><U114/><E41/><V50/><F50/><W59/><G70/><T122/><D122/><U98/><E4/><V104/><F104/><W93/><G93/><T32/><D62/><U35/><E35/><V60/><F67/><W0/><G26/><T34/><D66/><U86/><E124/><V83/><F112/><N who="1" m="43049" /><E132/><V99/><F99/><W49/><G49/><T63/><D34/><U135/><E135/><V71/><F71/><W80/><G87/><T7/><REACH who="0" step="1"/><D63/><REACH who="0" ten="71,185,267,467" step="2"/><U76/><E54/><V57/><F60/><W13/><G113/><T52/><D52/><U131/><E131/><V126/><F65/><W106/><G61/><T48/><D48/><U24/><E98/><V109/><F126/><W5/><G33/><T15/><AGARI ba="0,1" hai="3,7,11,15,18,23,27,30,32,45,46,47,96,97" machi="15" ten="30,7900,0" yaku="1,1,0,1,24,2,53,0" doraHai="77" doraHaiUra="118" who="0" fromWho="0" sc="71,89,185,-39,267,-20,467,-20" /><INIT seed="6,0,0,0,5,59" ten="160,146,247,447" oya="2" hai0="77,70,127,107,54,47,43,94,58,121,96,116,69" hai1="135,84,23,101,92,2,76,33,63,71,129,19,119" hai2="39,93,25,104,11,75,120,67,28,130,45,32,65" hai3="95,37,88,68,40,52,46,17,123,91,125,57,82"/><V113/><F120/><W111/><G111/><T41/><D121/><U98/><E119/><V124/><F104/><W126/><G68/><T114/><D107/><U50/><E2/><V18/><F124/><N who="3" m="47723" /><G123/><T31/><D116/><U74/><E33/><V131/><F75/><W24/><G82/><T26/><D114/><U27/><E129/><N who="2" m="49163" /><F113/><W4/><G4/><T72/><D127/><U8/><E135/><V6/><F18/><W106/><G106/><T102/><D77/><U134/><E134/><V62/><F62/><N who="3" m="36135" /><G95/><T108/><D72/><U109/><E74/><V7/><F93/><W42/><G42/><T12/><D43/><U81/><E109/><V21/><F6/><W73/><G73/><T51/><D108/><U87/><E50/><V79/><F79/><W132/><G132/><T112/><D112/><U44/><E76/><V16/><F45/><W86/><G86/><T118/><D118/><U15/><E44/><V64/><F39/><W55/><G55/><T38/><D69/><U0/><E81/><V115/><F115/><W133/><G133/><T1/><D70/><U22/><E0/><N who="2" m="487" /><F67/><W128/><G128/><T10/><D1/><U103/><E71/><V35/><F35/><W122/><G122/><T60/><D38/><U49/><E92/><V80/><F80/><W85/><G85/><T34/><D94/><U89/><E87/><V48/><F48/><W110/><G110/><T78/><D78/><U97/><E49/><V9/><F9/><W14/><G24/><AGARI ba="0,0" hai="16,21,24,25,28,32,64,65" m="487,49163" machi="24" ten="30,2900,0" yaku="19,1,54,1" doraHai="59" who="2" fromWho="3" sc="160,0,146,0,247,29,447,-29" /><INIT seed="6,1,0,4,0,95" ten="160,146,276,418" oya="2" hai0="61,80,120,37,98,87,114,101,63,116,36,135,45" hai1="78,112,33,88,109,134,99,103,46,64,76,28,115" hai2="126,73,86,72,113,14,105,122,55,60,119,43,30" hai3="127,48,77,21,100,11,53,85,19,62,18,104,17"/><V39/><F122/><W111/><G111/><T96/><D120/><U89/><E109/><V124/><F119/><W5/><G104/><T49/><D114/><N who="1" m="43563" /><E64/><V7/><F113/><W0/><G100/><T38/><D116/><U1/><E1/><V65/><F105/><W3/><G3/><T117/><D117/><U2/><E2/><V68/><F30/><W129/><G129/><T94/><D135/><U81/><E134/><V91/><F55/><W52/><G62/><T69/><D69/><U121/><E121/><V4/><F43/><W93/><G53/><T128/><D128/><U82/><E46/><V132/><F132/><W107/><G107/><T90/><REACH who="0" step="1"/><D98/><REACH who="0" ten="150,146,276,418" step="2"/><U10/><E33/><V51/><F68/><W108/><G108/><T56/><D56/><U16/><E28/><V25/><F126/><W26/><G127/><T71/><D71/><U9/><E82/><V22/><F124/><W23/><G26/><T102/><D102/><U13/><E9/><V84/><F39/><W24/><G24/><T27/><D27/><U59/><E59/><V31/><F25/><W32/><G11/><T66/><D66/><U67/><E67/><V70/><F65/><W110/><G110/><T106/><D106/><N who="1" m="63871" /><E81/><V125/><F125/><W29/><G29/><T92/><D92/><U20/><E10/><V133/><F31/><W35/><G93/><T40/><AGARI ba="1,1" hai="36,37,38,40,45,49,61,63,80,87,90,94,96,101" machi="40" ten="30,4000,0" yaku="1,1,0,1,52,1,53,0" doraHai="95" doraHaiUra="130" who="0" fromWho="0" sc="150,53,146,-11,276,-21,418,-11" /><INIT seed="7,0,0,2,2,132" ten="203,135,255,407" oya="3" hai0="28,26,93,76,61,126,78,21,107,63,14,6,119" hai1="109,4,24,58,5,30,35,101,133,25,13,45,129" hai2="17,44,92,113,36,96,64,77,8,125,23,11,71" hai3="15,94,80,16,62,51,111,83,50,100,87,106,69"/><W31/><G106/><T22/><D107/><U68/><E68/><V73/><F125/><W43/><G31/><T48/><D119/><U82/><E109/><V95/><F113/><W79/><G111/><T10/><D126/><U60/><E133/><V20/><F77/><N who="0" m="29802" /><D48/><U37/><E129/><V88/><F73/><W123/><G80/><T102/><D22/><U47/><E101/><V127/><F127/><W70/><G43/><T131/><D131/><U53/><E82/><V40/><F64/><W121/><G51/><T32/><D32/><U67/><E37/><V75/><F71/><W91/><G50/><T124/><D124/><U135/><E135/><V117/><F75/><W99/><G91/><T55/><D55/><U86/><E86/><V115/><F115/><W89/><G89/><T74/><D74/><U90/><E90/><V56/><F117/><W65/><G70/><T59/><D59/><U38/><E25/><V84/><F56/><W42/><G42/><T2/><D2/><U1/><E1/><V0/><F0/><W66/><G65/><T39/><D39/><U7/><E38/><V19/><F95/><W33/><G33/><T108/><D108/><U122/><E122/><V57/><F57/><W97/><G97/><AGARI ba="0,0" hai="6,10,14,21,26,28,61,63,93,97,102" m="29802" machi="97" ten="30,1000,0" yaku="8,1" doraHai="132" who="0" fromWho="3" sc="203,10,135,0,255,0,407,-10" owari="213,-19.0,135,-36.0,255,6.0,397,49.0" /></mjloggm>