<mjloggm ver="2.3"><GO type="169" lobby="0"/><UN n0="%E3%82%B7%E3%83%B3%E3%83%97%E3%83%AB%E3%81%AA%E3%83%AF%E3%82%AD%E3%82%AC" n1="%E6%B2%B3%E7%AB%A5%E3%81%AE%E3%83%AF%E3%82%AB%E3%83%9E%E3%83%84" n2="%70%6F%6E%5F%6B%61%73%75" n3="%77%61%77%61%33%30%33%30" dan="17,17,17,16" rate="2206.16,2174.58,2154.59,2113.61" sx="M,M,M,M"/><TAIKYOKU oya="0"/><INIT seed="0,0,0,0,2,119" ten="250,250,250,250" oya="0" hai0="134,96,65,37,121,79,66,21,41,10,33,6,4" hai1="81,15,19,40,51,24,62,60,17,77,27,23,67" hai2="115,18,47,123,126,101,87,36,5,122,76,124,7" hai3="116,95,78,49,44,110,54,103,35,13,117,125,75"/><T105/><D134/><U128/><E128/><V3/><F115/><W133/><G35/><T20/><D33/><U43/><E51/><V42/><F101/><W39/><G39/><T12/><D79/><U86/><E60/><V14/><F76/><W52/><G125/><N who="2" m="48233" /><F87/><W63/><G110/><T130/><D130/><U88/><E77/><V82/><F82/><W97/><G133/><T89/><D4/><N who="2" m="1610" /><F3/><W127/><G13/><T25/><D105/><U46/><E46/><V29/><F29/><W64/><G54/><T71/><D96/><U9/><REACH who="1" step="1"/><E27/><REACH who="1" ten="250,240,250,250" step="2"/><V107/><F107/><W58/><G127/><T57/><D25/><U98/><E98/><V22/><AGARI ba="0,1" hai="14,18,22,36,42,47,122,123" m="1610,48233" machi="22" ten="30,4000,0" yaku="18,1,52,2" doraHai="119" who="2" fromWho="2" sc="250,-20,240,-10,250,50,250,-10" /><INIT seed="1,0,0,3,1,132" ten="230,230,300,240" oya="1" hai0="13,56,43,99,34,126,12,10,125,28,15,103,3" hai1="16,81,107,68,38,21,119,113,73,23,96,110,131" hai2="41,24,102,80,111,33,106,79,39,72,75,104,86" hai3="31,109,85,117,58,1,120,98,7,135,6,11,40"/><U101/><E113/><V115/><F111/><W59/><G109/><T114/><D114/><U54/><E110/><V118/><F115/><W2/><G135/><T62/><D43/><U105/><E119/><V42/><F42/><W20/><G120/><T78/><D78/><U30/><E38/><V57/><F57/><W128/><G128/><T90/><D90/><U8/><E131/><V5/><F86/><W129/><G129/><T19/><D28/><U112/><E112/><V47/><F118/><W49/><G98/><T36/><D34/><U26/><E68/><V48/><F48/><W46/><G117/><T64/><D36/><U134/><E134/><V37/><F102/><W116/><G116/><T14/><REACH who="0" step="1"/><D3/><REACH who="0" ten="220,230,300,240" step="2"/><U44/><E101/><V35/><F39/><W92/><G31/><T83/><D83/><U124/><E81/><V108/><F108/><W71/><G1/><T95/><AGARI ba="0,1" hai="10,12,13,14,15,19,56,62,64,95,99,103,125,126" machi="95" ten="30,7900,0" yaku="1,1,0,1,52,2,53,0" doraHai="132" doraHaiUra="74" who="0" fromWho="0" sc="220,89,230,-39,300,-20,240,-20" /><INIT seed="2,0,0,4,1,127" ten="309,191,280,220" oya="2" hai0="78,124,71,3,33,54,85,14,59,58,102,72,103" hai1="130,28,131,53,96,7,116,80,52,133,101,61,57" hai2="15,89,65,38,67,84,118,10,73,126,92,22,108" hai3="132,64,87,11,111,49,77,16,19,135,37,39,51"/><V26/><F126/><W119/><G119/><T68/><D3/><U70/><E116/><V21/><F118/><W4/><G64/><T41/><D33/><U109/><E109/><V45/><F73/><W90/><G77/><T25/><D41/><U50/><E133/><N who="3" m="51274" /><G111/><T104/><D25/><U95/><E28/><V17/><F108/><W115/><G51/><T128/><D85/><U44/><E70/><V134/><F134/><W94/><G49/><T29/><D54/><U83/><REACH who="1" step="1"/><E7/><REACH who="1" ten="309,181,280,220" step="2"/><V0/><F0/><N who="3" m="391" /><G115/><T99/><D124/><U43/><E43/><V20/><F38/><AGARI ba="0,1" hai="16,19,37,38,39,87,90,94" m="391,51274" machi="38" ten="30,2000,0" yaku="20,1,54,1" doraHai="127" who="3" fromWho="2" sc="309,0,181,0,280,-20,220,30" /><INIT seed="3,0,0,3,5,43" ten="309,181,260,250" oya="3" hai0="14,101,76,121,126,32,90,99,105,92,17,15,42" hai1="21,44,109,52,9,88,116,74,79,50,22,27,91" hai2="120,29,18,73,55,2,81,95,51,8,23,130,77" hai3="49,104,123,54,94,134,114,58,33,28,68,26,135"/><W37/><G114/><T10/><D121/><U93/><E109/><V61/><F130/><W78/><G123/><T13/><D126/><U128/><E128/><V62/><F120/><W30/><G104/><T111/><D32/><U122/><E122/><V70/><F70/><W46/><G68/><T20/><D111/><U87/><E116/><V64/><F64/><W115/><G115/><T6/><D76/><U72/><E79/><V41/><F41/><W38/><G30/><T63/><D63/><U125/><E125/><V31/><F95/><W34/><G34/><T53/><D53/><U12/><E91/><V65/><F65/><W60/><G78/><T108/><D42/><U96/><E96/><V45/><F61/><W133/><REACH who="3" step="1"/><G94/><REACH who="3" ten="309,181,260,240" step="2"/><T118/><D108/><U102/><E102/><V119/><F31/><W82/><G82/><T117/><D105/><U48/><E93/><V0/><F81/><W25/><G25/><T59/><D101/><U132/><E27/><V67/><F29/><W127/><G127/><T3/><D118/><U75/><E132/><V84/><F77/><W124/><G124/><T100/><D117/><U110/><E110/><V24/><F119/><W89/><G89/><T36/><D100/><U4/><E88/><V47/><F24/><W16/><G16/><T106/><D106/><U107/><E107/><V1/><F18/><W40/><AGARI ba="0,1" hai="26,28,33,37,38,40,46,49,54,58,60,133,134,135" machi="40" ten="30,11700,0" yaku="1,1,0,1,20,1,52,1,53,0" doraHai="43" doraHaiUra="80" who="3" fromWho="3" sc="309,-39,181,-39,260,-39,240,127" /><INIT seed="3,1,0,1,2,46" ten="270,142,221,367" oya="3" hai0="36,33,104,21,114,115,99,113,10,91,74,112,69" hai1="118,59,108,101,111,117,30,1,4,18,26,42,97" hai2="90,65,54,95,31,19,89,40,50,133,70,20,67" hai3="119,72,62,11,103,25,37,77,35,63,85,93,92"/><W98/><G119/><N who="1" m="45578" /><E42/><V48/><F133/><W110/><G72/><T66/><D33/><N who="1" m="20695" /><E59/><N who="2" m="33239" /><F31/><W123/><G123/><T51/><D36/><U64/><E64/><N who="2" m="24651" /><F70/><W116/><G116/><T125/><D74/><U49/><E49/><V134/><F134/><W71/><G71/><T16/><D125/><U105/><E18/><V17/><F17/><W76/><G37/><T39/><D39/><U132/><E132/><V100/><F100/><W24/><G35/><T94/><D10/><AGARI ba="1,0" hai="1,4,10,97,101,105,108,111" m="20695,45578" machi="10" ten="30,2000,0" yaku="12,1,23,1" doraHai="46" who="1" fromWho="0" sc="270,-23,142,23,221,0,367,0" /><INIT seed="4,0,0,4,1,22" ten="247,165,221,367" oya="0" hai0="44,122,68,56,35,126,76,49,99,70,86,97,24" hai1="115,14,103,29,65,118,113,87,102,74,91,131,111" hai2="43,25,15,61,37,52,42,135,53,107,50,128,39" hai3="82,51,90,18,13,66,41,3,101,58,21,8,75"/><T55/><D122/><U83/><E65/><V17/><F107/><W60/><G101/><N who="1" m="38410" /><E14/><V96/><F96/><W47/><G3/><T1/><D1/><U72/><E29/><V57/><F128/><W73/><G82/><T40/><D126/><U20/><E20/><N who="2" m="13455" /><F39/><W84/><G84/><T10/><D10/><U92/><E118/><V93/><F93/><W26/><REACH who="3" step="1"/><G90/><REACH who="3" ten="247,165,221,357" step="2"/><T110/><D86/><N who="1" m="52343" /><E131/><V28/><F135/><W132/><G132/><T81/><D99/><U19/><E111/><V98/><F98/><W4/><AGARI ba="0,1" hai="4,8,13,18,21,26,41,47,51,58,60,66,73,75" machi="4" ten="20,8000,1" yaku="1,1,0,1,7,1,52,1,53,1" doraHai="22" doraHaiUra="5" who="3" fromWho="3" sc="247,-40,165,-20,221,-20,357,90" /><INIT seed="5,0,0,5,4,40" ten="207,145,201,447" oya="1" hai0="125,110,56,106,35,80,70,13,99,1,96,105,121" hai1="101,58,62,107,31,130,94,52,71,3,51,89,103" hai2="64,32,34,53,79,116,39,9,132,6,57,44,95" hai3="37,114,0,20,74,84,47,119,14,104,93,108,88"/><U65/><E130/><V36/><F116/><W59/><G0/><T98/><D70/><U61/><E107/><V92/><F132/><W75/><G108/><T15/><D1/><U54/><E31/><V23/><F64/><W83/><G104/><T77/><D35/><U49/><E3/><V115/><F79/><W43/><G114/><T2/><D2/><U81/><E81/><V102/><F95/><W48/><G119/><T85/><D110/><U28/><E28/><V91/><F102/><W134/><G134/><T90/><D125/><U24/><E24/><V117/><F23/><W113/><G113/><T86/><D121/><U33/><E62/><V112/><F117/><W17/><G83/><N who="0" m="49471" /><D106/><U87/><REACH who="1" step="1"/><E33/><REACH who="1" ten="207,135,201,447" step="2"/><V11/><F34/><W128/><G128/><T55/><D105/><U12/><E12/><V129/><F32/><W25/><G25/><T135/><D135/><U100/><E100/><V60/><F129/><W76/><G76/><T72/><D72/><U4/><E4/><V30/><F6/><W27/><G27/><T18/><D18/><U124/><E124/><V26/><F115/><W42/><G74/><T38/><D38/><U8/><E8/><V66/><F39/><W118/><G75/><T10/><D10/><U21/><E21/><N who="2" m="15695" /><F112/><W22/><G118/><T133/><D133/><U127/><E127/><V50/><F36/><W120/><G14/><T46/><D13/><U126/><E126/><V131/><F131/><W123/><G17/><T122/><D15/><U97/><E97/><AGARI ba="0,1" hai="9,11,44,50,53,57,60,66,91,92,97" m="15695" machi="97" ten="30,2000,0" yaku="8,1,52,1" doraHai="40" who="2" fromWho="1" sc="207,0,135,-20,201,30,447,0" /><INIT seed="6,0,0,1,1,126" ten="207,115,231,447" oya="2" hai0="124,52,23,129,87,21,48,118,108,105,70,54,11" hai1="61,47,66,22,64,79,107,78,15,1,49,109,19" hai2="59,51,134,24,3,67,80,71,18,96,86,83,85" hai3="72,4,130,27,114,16,2,102,133,35,44,55,60"/><V128/><F128/><W38/><G102/><T53/><D108/><U36/><E109/><V14/><F134/><W28/><G72/><T10/><D105/><U17/><E107/><V123/><F123/><W82/><G82/><T73/><D73/><U37/><E1/><V75/><F71/><W65/><G133/><T45/><D70/><U31/><E31/><V92/><F24/><W39/><G114/><T132/><D132/><U84/><E37/><V58/><F75/><W20/><G130/><T57/><D124/><U26/><E36/><V77/><F51/><W104/><G104/><T42/><D129/><U9/><E84/><V50/><F50/><W8/><G55/><N who="0" m="21067" /><D87/><U88/><E88/><N who="2" m="55303" /><F67/><W103/><G103/><T127/><D127/><U93/><E93/><V41/><F41/><W34/><G44/><T125/><D118/><U89/><E89/><N who="2" m="51367" /><F3/><W6/><G35/><T100/><D100/><U12/><E26/><V98/><F98/><W29/><G29/><T90/><D125/><U0/><E0/><V63/><F63/><W81/><G39/><T97/><D97/><U95/><E95/><V46/><F46/><W111/><G38/><T121/><D121/><U91/><E91/><V5/><F5/><N who="3" m="1079" /><G81/><T7/><D90/><U110/><E110/><V25/><F25/><W122/><G122/><T13/><D45/><U43/><REACH who="1" step="1"/><E66/><REACH who="1" ten="207,105,231,447" step="2"/><V99/><F99/><W33/><G111/><T32/><D48/><U69/><AGARI ba="0,1" hai="9,12,15,17,19,22,43,47,49,61,64,69,78,79" machi="69" ten="20,5200,0" yaku="1,1,2,1,0,1,7,1,53,0" doraHai="126" doraHaiUra="115" who="1" fromWho="1" sc="207,-13,105,62,231,-26,447,-13" /><INIT seed="7,0,0,0,5,62" ten="194,167,205,434" oya="3" hai0="2,84,73,1,10,109,130,46,21,65,82,79,88" hai1="12,8,53,36,69,37,11,125,17,3,119,49,54" hai2="129,77,51,66,33,92,134,47,87,131,68,45,30" hai3="116,26,128,41,74,32,42,122,34,93,22,86,43"/><W67/><G74/><T110/><D130/><N who="2" m="49674" /><F66/><W123/><G67/><T52/><D65/><U13/><E69/><V72/><F134/><W89/><G128/><T31/><D31/><U4/><E125/><V35/><F30/><W85/><G116/><T14/><D21/><U9/><E119/><V120/><F120/><W55/><G55/><T103/><D103/><U121/><E121/><V81/><F68/><W111/><G111/><T102/><D102/><U133/><E133/><V63/><F63/><W28/><G122/><T112/><D112/><U95/><E95/><V124/><F124/><W59/><G123/><T106/><D106/><U7/><REACH who="1" step="1"/><E54/><REACH who="1" ten="194,157,205,434" step="2"/><V58/><F92/><W70/><G70/><T44/><D110/><U135/><E135/><V57/><F81/><W39/><G39/><T6/><D109/><U113/><E113/><V104/><F104/><W101/><G101/><T97/><D97/><U60/><E60/><V75/><F33/><W0/><G34/><T126/><D126/><U118/><E118/><V56/><F35/><W16/><G32/><T83/><D52/><U61/><E61/><V38/><F38/><W71/><G93/><T64/><D64/><U40/><E40/><V114/><F114/><W91/><G43/><T27/><D27/><U132/><E132/><V19/><F51/><W24/><G42/><T90/><D90/><U15/><E15/><V115/><F115/><W108/><G41/><T23/><D1/><U76/><E76/><V48/><F77/><W18/><G71/><T99/><D99/><U96/><E96/><V107/><F107/><RYUUKYOKU ba="0,1" sc="194,15,157,15,205,-15,434,-15" hai0="2,6,10,14,23,44,46,73,79,82,83,84,88" hai1="3,4,7,8,9,11,12,13,17,36,37,49,53" owari="209,1.0,172,-33.0,190,-21.0,429,53.0" /></mjloggm>