<mjloggm ver="2.3"><GO type="169" lobby="0"/><UN n0="%E3%81%86%E3%82%8C%E3%81%9F%E3%82%93%E6%9E%95" n1="%E4%B8%8A%E6%B5%B7%E3%83%8B%E3%83%83%E3%82%AF" n2="%E3%81%82%E3%81%9F%E3%81%8B%E3%81%AA" n3="%E4%B8%83%E7%94%9F%E5%A4%95" dan="16,17,17,16" rate="2088.70,2200.37,2147.18,2116.45" sx="F,M,M,M"/><TAIKYOKU oya="0"/><INIT seed="0,0,0,1,4,91" ten="250,250,250,250" oya="0" hai0="60,66,48,112,27,51,69,76,21,13,132,129,37" hai1="14,83,6,45,29,131,98,133,49,72,118,4,90" hai2="65,8,93,126,125,130,103,75,70,38,110,63,39" hai3="42,105,124,50,18,102,10,106,52,25,61,109,9"/><T7/><D112/><U33/><E118/><V16/><F75/><W84/><G109/><T5/><D129/><U23/><E131/><V11/><F130/><W82/><G124/><N who="2" m="47721" /><F110/><W41/><G61/><T87/><D132/><U34/><E133/><V107/><F107/><W36/><G36/><N who="2" m="13865" /><F16/><W71/><G71/><T0/><D37/><U67/><E34/><V94/><F103/><W97/><G105/><T40/><D0/><U28/><E33/><V101/><F101/><W22/><G9/><AGARI ba="0,0" hai="8,9,11,63,65,70,93,94" m="13865,47721" machi="9" ten="30,3900,0" yaku="18,1,52,2" doraHai="91" who="2" fromWho="3" sc="250,0,250,0,250,39,250,-39" /><INIT seed="1,0,0,4,0,50" ten="250,250,289,211" oya="1" hai0="78,20,72,118,109,46,6,104,70,12,15,125,126" hai1="42,66,32,123,122,58,63,92,22,48,71,52,90" hai2="3,4,35,65,31,27,7,36,37,17,74,13,53" hai3="54,95,1,124,29,100,116,93,76,19,16,112,105"/><U101/><E32/><V130/><F74/><W113/><G124/><N who="0" m="47723" /><D118/><U33/><E33/><V0/><F65/><W115/><G116/><T120/><D104/><U41/><E101/><V14/><F130/><W108/><G108/><T44/><D70/><U102/><E102/><V59/><F14/><N who="0" m="5162" /><D6/><U131/><E131/><V30/><F30/><W51/><G1/><T91/><D109/><U64/><E22/><V134/><F134/><W106/><G29/><T24/><D120/><U87/><REACH who="1" step="1"/><E64/><REACH who="1" ten="250,240,289,211" step="2"/><V97/><F35/><W96/><G106/><T40/><D20/><U21/><E21/><V133/><F133/><W23/><G23/><T45/><D24/><U114/><E114/><V2/><F27/><W49/><G105/><T88/><D40/><AGARI ba="0,1" hai="40,41,42,48,52,58,63,66,71,87,90,92,122,123" machi="40" ten="40,7700,0" yaku="1,1,52,1,54,1,53,0" doraHai="50" doraHaiUra="10" who="1" fromWho="0" sc="250,-77,240,87,289,0,211,0" /><INIT seed="1,1,0,4,0,29" ten="173,327,289,211" oya="1" hai0="94,28,52,14,47,127,92,19,26,122,130,101,33" hai1="115,77,95,91,124,109,96,80,89,24,129,13,51" hai2="104,42,135,23,123,68,55,83,82,38,21,6,59" hai3="133,125,103,61,27,97,119,85,8,90,106,131,72"/><U108/><E13/><V40/><F123/><W58/><G72/><T100/><D130/><U74/><E24/><V50/><F104/><W44/><G131/><T54/><D127/><U43/><E129/><V45/><F135/><W126/><G133/><T75/><D122/><U98/><E124/><V78/><F83/><W88/><G119/><T53/><D75/><U112/><E51/><V79/><F79/><W56/><G44/><T66/><D66/><U76/><E43/><V41/><F68/><W57/><G8/><T46/><D94/><N who="1" m="56399" /><E77/><V2/><F42/><W10/><G61/><T128/><D128/><U16/><E16/><V4/><F41/><W36/><G36/><T3/><D3/><U1/><E1/><V87/><F2/><W39/><G39/><T93/><D93/><U81/><E81/><V12/><F6/><W113/><G113/><AGARI ba="1,0" hai="74,76,80,91,95,98,108,109,112,113,115" m="56399" machi="113" ten="30,2900,0" yaku="34,2" doraHai="29" who="1" fromWho="3" sc="173,0,327,32,289,0,211,-32" /><INIT seed="1,2,0,0,4,32" ten="173,359,289,179" oya="1" hai0="52,9,12,56,50,75,121,113,72,33,21,6,131" hai1="27,63,126,107,14,53,42,73,43,19,74,54,134" hai2="101,1,100,71,77,135,129,44,67,96,92,57,89" hai3="18,41,29,11,102,120,118,30,117,106,97,123,48"/><U26/><E134/><V2/><F71/><W83/><G83/><T60/><D113/><U23/><E107/><V28/><F28/><W86/><G86/><T49/><D33/><U59/><E126/><V130/><F77/><W40/><G18/><T104/><D104/><U88/><E74/><V5/><F5/><W62/><G62/><T76/><D131/><N who="2" m="50186" /><F135/><W16/><G30/><T10/><D121/><U47/><E73/><V85/><F44/><N who="3" m="25607" /><G29/><T69/><D69/><U87/><E54/><V17/><F17/><W84/><G84/><T51/><D76/><U110/><E110/><V37/><F37/><W66/><G66/><T20/><D75/><U78/><E78/><V91/><F57/><W115/><G41/><N who="1" m="15370" /><E47/><V82/><F67/><W61/><G61/><T111/><D72/><U55/><E55/><V38/><F38/><W58/><G58/><T99/><D111/><U8/><E8/><V127/><F127/><W31/><G31/><T114/><D114/><U45/><E45/><V109/><F109/><W36/><G36/><T103/><REACH who="0" step="1"/><D10/><REACH who="0" ten="163,359,289,179" step="2"/><U105/><E105/><V34/><F34/><W132/><G115/><T68/><D68/><U22/><E23/><V0/><AGARI ba="2,1" hai="0,1,2,82,85,89,91,92,96,100,101" m="50186" machi="0" ten="40,8000,1" yaku="19,1,52,3" doraHai="32" who="2" fromWho="2" sc="163,-22,359,-42,289,96,179,-22" /><INIT seed="2,0,0,4,3,35" ten="141,317,385,157" oya="2" hai0="127,6,95,81,61,101,31,47,67,106,96,51,69" hai1="99,66,60,116,32,28,135,20,18,121,13,71,54" hai2="53,84,91,27,63,40,45,37,124,112,64,9,86" hai3="57,17,72,11,24,90,34,4,123,126,87,30,133"/><V21/><F112/><W118/><G126/><T73/><D127/><U125/><E125/><V22/><F124/><W89/><G133/><T58/><D6/><U119/><E135/><V5/><F53/><W10/><G72/><T25/><D73/><U131/><E131/><V97/><F97/><W14/><G118/><T56/><D81/><U98/><E121/><V43/><F43/><W102/><G102/><T1/><D1/><U115/><E115/><V132/><F132/><W7/><G123/><T80/><D80/><U3/><E99/><V108/><F108/><W94/><G11/><T48/><D95/><U59/><E98/><V74/><F22/><W130/><G130/><T111/><D111/><U122/><E3/><V85/><F74/><W107/><G107/><T68/><D68/><U134/><E122/><V26/><F21/><W79/><G79/><T88/><D88/><U19/><E19/><V109/><F91/><W92/><G57/><T49/><REACH who="0" step="1"/><D47/><REACH who="0" ten="131,317,385,157" step="2"/><U105/><E134/><V93/><F93/><W103/><G103/><T38/><D38/><U46/><E46/><V82/><F82/><W77/><G77/><T12/><D12/><U117/><E105/><V0/><REACH who="2" step="1"/><F109/><REACH who="2" ten="131,317,375,157" step="2"/><W100/><G100/><T110/><D110/><U78/><E78/><V113/><F113/><W75/><G75/><T41/><D41/><U104/><E104/><V2/><F2/><W8/><G90/><T129/><D129/><U52/><E119/><V50/><F50/><W23/><G92/><T83/><D83/><U62/><E54/><V55/><F55/><W65/><G94/><RYUUKYOKU ba="0,2" sc="131,10,317,10,375,10,157,-30" hai0="25,31,48,49,51,56,58,61,67,69,96,101,106" hai1="13,18,20,28,32,52,59,60,62,66,71,116,117" hai2="0,5,9,26,27,37,40,45,63,64,84,85,86" /><INIT seed="2,1,2,2,4,34" ten="141,327,385,127" oya="2" hai0="54,109,43,4,92,6,112,73,58,110,46,96,37" hai1="59,78,125,60,1,87,47,101,111,134,117,71,39" hai2="128,63,74,80,82,26,38,72,56,23,70,103,22" hai3="127,132,85,129,24,25,2,81,122,28,8,115,57"/><V84/><F128/><W42/><G122/><T16/><D112/><U29/><E117/><V93/><F38/><W65/><G129/><T90/><D73/><U100/><E71/><V98/><F70/><W48/><G115/><T135/><D135/><U76/><E111/><N who="0" m="42505" /><D16/><U99/><E125/><V67/><F22/><W131/><G127/><T69/><D69/><U106/><E101/><V13/><F13/><W35/><G132/><T113/><D113/><U33/><E1/><V121/><F82/><W104/><G104/><T36/><D36/><U0/><E0/><V64/><F67/><W27/><G131/><T68/><D68/><U3/><E3/><V32/><F32/><W130/><G130/><T7/><D7/><U133/><E33/><V49/><F49/><AGARI ba="1,2" hai="4,6,37,43,46,49,54,58,90,92,96" m="42505" machi="49" ten="30,1000,0" yaku="14,1" doraHai="34" who="0" fromWho="2" sc="141,33,327,0,385,-13,127,0" /><INIT seed="3,0,0,5,5,74" ten="174,327,372,127" oya="3" hai0="35,91,120,103,112,46,113,101,121,2,5,54,68" hai1="78,24,39,7,30,14,51,129,65,114,55,15,49" hai2="56,79,135,124,86,31,17,119,75,132,13,27,52" hai3="3,26,111,125,70,87,58,28,123,133,102,43,130"/><W77/><G123/><N who="0" m="47179" /><D68/><U57/><E114/><N who="0" m="44137" /><D35/><U122/><E129/><V115/><F119/><W11/><G70/><T105/><D91/><U116/><E39/><V90/><F124/><W107/><G130/><T4/><D105/><U16/><E116/><V118/><F118/><W60/><G125/><T44/><D2/><U88/><E65/><V69/><F69/><W45/><G133/><N who="2" m="51273" /><F115/><W131/><G131/><T109/><D109/><U84/><E7/><N who="0" m="2633" /><D54/><U19/><E122/><V6/><F6/><W47/><G111/><T117/><D117/><U59/><E88/><V25/><F31/><W71/><G71/><T21/><D21/><U97/><E30/><V80/><F90/><W36/><G3/><T20/><D20/><U72/><E55/><V8/><F75/><W92/><G11/><T95/><D95/><U50/><E72/><V104/><F104/><W85/><G107/><T134/><D134/><U98/><E50/><AGARI ba="0,0" hai="8,13,17,25,27,50,52,56,79,80,86" m="51273" machi="50" ten="30,3900,0" yaku="20,1,52,1,54,1" doraHai="74" who="2" fromWho="1" sc="174,0,327,-39,372,39,127,0" /><INIT seed="4,0,0,3,0,98" ten="174,288,411,127" oya="0" hai0="118,113,9,2,87,114,82,26,55,126,131,13,132" hai1="23,112,59,37,50,27,51,3,81,105,67,75,45" hai2="19,100,8,115,125,93,47,124,52,6,15,53,43" hai3="69,91,104,0,94,61,85,92,130,48,60,102,38"/><T109/><D118/><U107/><E3/><V25/><F115/><W95/><G38/><T11/><D109/><U12/><E37/><V72/><F72/><W117/><G0/><T121/><D121/><U21/><E112/><V66/><F66/><W30/><G117/><T86/><D131/><U116/><E116/><V7/><F93/><W110/><G110/><T5/><D132/><U129/><E129/><V99/><F99/><W28/><G130/><T63/><D126/><N who="2" m="48746" /><F100/><W80/><G69/><T41/><D26/><U10/><E75/><V16/><F19/><W89/><G104/><T74/><D41/><U96/><E81/><V128/><F128/><W90/><G48/><T24/><D24/><U57/><E96/><V32/><F32/><W40/><G40/><T68/><D74/><U133/><E67/><V62/><F62/><W4/><G102/><T123/><D123/><U73/><E73/><V33/><F33/><W31/><REACH who="3" step="1"/><G4/><REACH who="3" ten="174,288,411,117" step="2"/><N who="0" m="3303" /><D113/><U76/><E51/><N who="2" m="27135" /><F7/><W17/><G17/><T39/><D114/><U29/><E50/><V77/><F6/><W42/><G42/><T84/><D39/><U1/><E107/><V18/><F18/><W79/><AGARI ba="0,1" hai="28,30,31,60,61,79,80,85,89,90,91,92,94,95" machi="79" ten="40,8000,1" yaku="1,1,0,1,29,2,8,1,53,0" doraHai="98" doraHaiUra="35" who="3" fromWho="3" sc="174,-40,288,-20,411,-20,117,90" /><INIT seed="5,0,0,5,3,35" ten="134,268,391,207" oya="1" hai0="60,52,12,111,46,28,78,87,108,53,73,86,29" hai1="133,36,11,9,8,10,58,99,84,68,19,71,40" hai2="45,74,16,101,102,124,62,95,17,42,93,66,83" hai3="34,115,61,15,13,123,4,132,126,131,25,81,3"/><U7/><E133/><V128/><F124/><W70/><G81/><T107/><D107/><U56/><E19/><V44/><F128/><W103/><G103/><T14/><D73/><U130/><E130/><V6/><F6/><W135/><G61/><T118/><D60/><U129/><E129/><V79/><F45/><W48/><G48/><T114/><D46/><U63/><E40/><V109/><F109/><W122/><G70/><T92/><D114/><U117/><E117/><V94/><F101/><W72/><G72/><T80/><D92/><U100/><E84/><V64/><F64/><W134/><G131/><T104/><D104/><U54/><E58/><V89/><F89/><W75/><G75/><T27/><D118/><U50/><E63/><V120/><F102/><W91/><G91/><T90/><D90/><U106/><REACH who="1" step="1"/><E36/><REACH who="1" ten="134,258,391,207" step="2"/><V67/><F67/><W51/><G115/><T0/><D80/><U26/><E26/><V5/><F16/><W23/><G126/><T32/><D27/><U113/><E113/><V47/><F17/><N who="3" m="12527" /><G34/><T49/><D32/><U20/><E20/><V125/><F42/><W30/><G30/><T2/><REACH who="0" step="1"/><D49/><REACH who="0" ten="124,258,391,207" step="2"/><U96/><E96/><V121/><F62/><W38/><G51/><T77/><AGARI ba="0,2" hai="0,2,12,14,28,29,52,53,77,78,86,87,108,111" machi="77" ten="25,16000,3" yaku="1,1,2,1,0,1,22,2,52,2,54,1,53,0" doraHai="35" doraHaiUra="43" who="0" fromWho="0" sc="124,180,258,-80,391,-40,207,-40" /><INIT seed="6,0,0,2,2,85" ten="304,178,351,167" oya="2" hai0="91,67,68,63,84,25,123,120,46,95,74,50,43" hai1="102,122,128,6,130,59,22,3,42,60,7,56,14" hai2="35,126,11,110,55,127,23,20,124,48,54,119,64" hai3="61,112,77,10,93,100,38,45,118,113,82,30,69"/><V13/><F119/><W78/><G118/><T99/><D74/><U105/><E122/><V31/><F110/><W57/><G69/><T104/><D104/><U131/><E3/><V90/><F64/><W76/><G30/><T28/><REACH who="0" step="1"/><D99/><REACH who="0" ten="294,178,351,167" step="2"/><U53/><E105/><V2/><F124/><W16/><G112/><T135/><D135/><U133/><E133/><V17/><F126/><W73/><G113/><T87/><D87/><U72/><E72/><V62/><F127/><W117/><G117/><T101/><D101/><U97/><E97/><V107/><F107/><W52/><G100/><T26/><D26/><U58/><E102/><V116/><F116/><W103/><G73/><T19/><D19/><N who="1" m="10615" /><E6/><V86/><F17/><W83/><G103/><T80/><D80/><U18/><E7/><V88/><F86/><W37/><G93/><T47/><D47/><U34/><E18/><V44/><F44/><W98/><G98/><T115/><D115/><U9/><E131/><V32/><F31/><W33/><G45/><T75/><D75/><U96/><E96/><V121/><F121/><W92/><G92/><T24/><D24/><U129/><E130/><V109/><F109/><W108/><G108/><T125/><D125/><U132/><E129/><V39/><F32/><AGARI ba="0,1" hai="25,28,32,43,46,50,63,67,68,84,91,95,120,123" machi="32" ten="30,7700,0" yaku="1,1,7,1,52,1,53,1" doraHai="85" doraHaiUra="89" who="0" fromWho="2" sc="294,87,178,0,351,-77,167,0" /><INIT seed="7,0,0,0,5,133" ten="381,178,274,167" oya="3" hai0="20,108,125,72,99,4,45,34,98,54,0,131,120" hai1="43,84,64,77,2,9,74,127,87,119,52,60,38" hai2="8,57,48,130,80,117,93,3,107,32,58,11,26" hai3="122,55,22,90,7,63,49,70,23,25,104,17,86"/><W19/><G122/><T103/><D108/><U95/><E119/><V121/><F107/><W16/><G104/><T116/><D34/><U88/><E127/><V89/><F117/><W101/><G101/><T50/><D20/><U15/><E2/><V128/><F80/><W81/><G7/><T91/><D125/><U114/><E114/><V96/><F121/><W115/><G115/><T69/><D131/><N who="2" m="50218" /><F48/><W94/><G81/><T68/><D72/><U5/><E52/><V47/><F47/><W62/><G70/><T106/><D120/><U135/><E135/><V1/><F11/><W33/><G33/><T46/><D46/><U100/><E38/><V85/><F85/><W110/><G110/><T53/><D116/><U73/><E43/><V36/><F36/><W35/><G35/><T105/><D105/><U28/><E84/><V40/><F40/><W65/><G65/><T21/><D54/><U124/><E124/><V24/><F3/><W41/><G41/><T42/><D0/><U44/><E44/><V59/><F32/><W129/><G129/><T39/><D68/><N who="1" m="41991" /><E77/><V10/><F10/><W109/><G109/><T134/><D69/><U75/><E75/><V97/><F97/><W118/><G118/><T27/><D134/><U6/><E6/><AGARI ba="0,0" hai="1,6,8,24,26,57,58,59,89,93,96" m="50218" machi="6" ten="30,1000,0" yaku="19,1" doraHai="133" who="2" fromWho="1" sc="381,0,178,-10,274,10,167,0" owari="381,48.0,168,-23.0,284,8.0,167,-33.0" /></mjloggm>