<mjloggm ver="2.3"><GO type="185" lobby="0"/><UN n0="%E5%A4%A7%E5%92%8C%E6%A1%9C" n1="%E3%81%BE%E3%81%9F%E3%81%BE%E3%82%8B%E3%81%8F%E3%82%93" n2="%6B%6C%6F%6E%64%69%6B%65" n3="" dan="18,17,16,0" rate="2331.76,2268.20,2193.20,1500.00" sx="F,M,M,C"/><TAIKYOKU oya="0"/><INIT seed="0,0,0,3,3,120" ten="350,350,350,0" oya="0" hai0="38,60,109,99,121,71,36,101,110,0,32,88,73" hai1="112,77,102,2,33,131,92,105,118,49,69,62,95" hai2="79,78,53,116,103,123,59,66,3,52,35,44,81" hai3=""/><T107/><N who="0" m="31008" /><T84/><D73/><U57/><E2/><V83/><N who="2" m="31520" /><V130/><F3/><T87/><D0/><U80/><E131/><V127/><F35/><T63/><D32/><U40/><E118/><V51/><F130/><T128/><D128/><U98/><E112/><V50/><F127/><T135/><D135/><U108/><E69/><V75/><F103/><T126/><D126/><U111/><E33/><V48/><F116/><T41/><D87/><U68/><E68/><V100/><F100/><T132/><D132/><U124/><E124/><V134/><F134/><T82/><D41/><U70/><E70/><V125/><F125/><T74/><D74/><U119/><E119/><V94/><F94/><T114/><D114/><U46/><E95/><V104/><F104/><T1/><D1/><U129/><E105/><V85/><REACH who="2" step="1"/><F66/><REACH who="2" ten="350,350,340,0" step="2"/><T55/><D36/><U91/><E102/><V76/><F76/><T65/><REACH who="0" step="1"/><D38/><REACH who="0" ten="340,350,340,0" step="2"/><U56/><E129/><V86/><F86/><T117/><D117/><U93/><E98/><V61/><AGARI ba="0,2" hai="44,48,50,51,52,53,59,61,75,78,79,81,83,85" m="31520" machi="61" ten="20,6000,1" yaku="1,1,0,1,7,1,52,1,54,1,53,0" doraHai="120" doraHaiUra="67" who="2" fromWho="2" sc="340,-40,350,-20,340,80,0,0" /><INIT seed="1,0,0,0,5,115" ten="300,330,420,0" oya="1" hai0="42,78,105,86,126,135,32,51,101,109,83,73,92" hai1="120,65,84,48,134,95,123,110,70,131,57,68,46" hai2="64,132,0,85,90,91,77,40,79,35,130,116,98" hai3=""/><U112/><N who="1" m="30752" /><U74/><N who="1" m="31520" /><U58/><E74/><V33/><F0/><T88/><D32/><U41/><E112/><V118/><F64/><T93/><D109/><U94/><E110/><V3/><F40/><T100/><D135/><U69/><E134/><V62/><F132/><T125/><D51/><U59/><E131/><V127/><F62/><T66/><D42/><U106/><E106/><V75/><F85/><T129/><D66/><U1/><E1/><V113/><F3/><T55/><D55/><U39/><E65/><V63/><F63/><T96/><D129/><U124/><E124/><N who="0" m="47721" /><D101/><U87/><REACH who="1" step="1"/><E48/><REACH who="1" ten="300,320,420,0" step="2"/><V103/><F127/><T89/><D89/><U47/><E47/><V119/><F130/><T111/><D111/><U2/><E2/><V60/><F35/><T34/><D34/><U133/><E133/><V37/><F33/><T56/><D56/><U104/><E104/><AGARI ba="0,1" hai="73,78,83,86,88,92,93,96,100,104,105" m="47721" machi="104" ten="30,7700,0" yaku="18,1,34,2,54,1" doraHai="115" who="0" fromWho="1" sc="300,87,320,-77,420,0,0,0" /><INIT seed="2,0,0,0,5,59" ten="387,243,420,0" oya="2" hai0="89,95,39,79,114,35,126,122,42,70,2,58,64" hai1="44,53,37,105,36,43,77,112,67,0,82,107,102" hai2="120,91,69,84,56,104,97,86,61,54,47,51,132" hai3=""/><V62/><N who="2" m="30752" /><V106/><F132/><T60/><N who="0" m="31264" /><T34/><D2/><U115/><E0/><V75/><F75/><T80/><D126/><U48/><E67/><V49/><F84/><T50/><D114/><U88/><E36/><V100/><F106/><T66/><D39/><U108/><E108/><V72/><F72/><T65/><D50/><U32/><E32/><V46/><F69/><T119/><D42/><U116/><E116/><V71/><F71/><T129/><D129/><U98/><E107/><V93/><F46/><T99/><D119/><U1/><E1/><V131/><F131/><T38/><D38/><U85/><REACH who="1" step="1"/><E77/><REACH who="1" ten="387,233,420,0" step="2"/><V128/><F128/><T87/><REACH who="0" step="1"/><D66/><REACH who="0" ten="377,233,420,0" step="2"/><U57/><AGARI ba="0,2" hai="37,43,44,48,53,57,82,85,88,98,102,105,112,115" machi="57" ten="20,6000,1" yaku="1,1,2,1,0,1,7,1,54,1,53,0" doraHai="59" doraHaiUra="117" who="1" fromWho="1" sc="377,-20,233,80,420,-40,0,0" /><INIT seed="4,0,0,1,4,75" ten="357,313,380,0" oya="0" hai0="54,118,131,73,37,53,70,55,135,119,86,77,128" hai1="85,43,34,45,33,81,111,114,72,113,89,58,65" hai2="39,60,100,130,129,108,2,49,79,94,110,106,133" hai3=""/><T107/><D107/><U80/><E111/><V122/><N who="2" m="31264" /><V125/><F2/><T62/><D37/><U66/><E66/><V95/><F39/><T104/><D104/><U82/><E65/><V35/><F35/><T96/><D73/><U103/><E103/><V115/><F60/><T102/><D135/><U121/><N who="1" m="31008" /><U67/><E33/><V92/><F49/><T36/><D36/><U109/><E109/><N who="2" m="42091" /><F133/><T98/><D70/><U132/><E34/><V63/><F63/><T32/><D62/><U59/><E132/><V57/><F57/><T112/><D32/><U88/><E67/><V116/><F116/><T71/><D71/><U99/><E59/><V124/><F115/><N who="1" m="44041" /><E72/><V51/><F79/><T38/><D112/><U126/><E58/><V91/><F91/><T134/><D134/><U117/><E117/><V0/><F51/><T44/><D38/><U123/><N who="1" m="31520" /><U120/><N who="1" m="30752" /><U61/><E61/><V1/><F0/><T90/><D118/><U50/><E89/><V48/><F48/><T105/><D119/><U56/><E56/><V127/><F1/><T69/><D69/><U74/><E74/><V64/><F64/><T52/><N who="0" m="13312" /><DORA hai="78" /><T42/><D90/><U87/><E88/><RYUUKYOKU ba="0,0" sc="357,-10,313,-10,380,20,0,0" hai2="92,94,95,100,106,124,125,127,129,130" /><INIT seed="5,1,0,2,0,91" ten="347,303,400,0" oya="1" hai0="32,123,122,83,75,104,90,134,111,108,110,61,89" hai1="44,113,87,69,54,58,98,37,117,129,100,93,48" hai2="62,116,42,72,64,33,36,41,43,107,67,86,105" hai3=""/><U0/><E0/><V109/><F36/><T49/><N who="0" m="31264" /><T51/><N who="0" m="31520" /><T102/><D32/><U125/><E113/><V124/><F116/><T131/><D134/><U57/><E117/><V70/><F33/><T1/><D1/><U46/><E69/><V68/><F109/><T132/><D132/><U59/><E125/><V77/><F72/><T71/><D131/><U120/><N who="1" m="30752" /><U80/><E129/><V35/><F124/><T45/><D51/><U127/><E127/><V115/><F115/><T118/><D118/><U106/><E44/><V135/><F135/><T66/><D102/><U56/><N who="1" m="14336" /><DORA hai="74" /><U55/><E37/><V121/><N who="2" m="31008" /><V112/><F112/><T47/><D104/><U133/><E133/><V99/><F99/><T34/><D34/><U76/><REACH who="1" step="1"/><E106/><REACH who="1" ten="347,293,400,0" step="2"/><V78/><F35/><T101/><D45/><U53/><AGARI ba="1,1" hai="46,48,53,54,55,76,80,87,93,98,100" m="14336,30752" machi="53" ten="40,16000,3" yaku="1,1,2,1,0,1,8,1,52,3,53,2" doraHai="91,74" doraHaiUra="79,95" who="1" fromWho="1" sc="347,-81,293,172,400,-81,0,0" /><INIT seed="5,2,0,5,1,129" ten="266,465,319,0" oya="1" hai0="93,42,40,119,3,41,86,45,107,85,61,50,59" hai1="70,92,74,120,113,47,39,1,134,112,116,105,44" hai2="0,109,106,49,68,64,98,90,38,114,69,73,101" hai3=""/><U83/><RYUUKYOKU type="yao9" ba="2,0" sc="266,0,465,0,319,0,0,0" hai1="1,39,44,47,70,74,83,92,105,112,113,116,120,134" /><INIT seed="5,3,0,0,5,134" ten="266,465,319,0" oya="1" hai0="107,59,57,104,127,60,132,36,81,135,75,45,46" hai1="118,96,34,43,53,80,85,131,55,72,67,83,47" hai2="66,70,116,102,109,105,37,91,44,51,73,106,58" hai3=""/><U84/><E131/><V88/><F116/><T41/><D81/><U78/><E34/><V95/><F109/><T113/><D75/><U64/><E72/><V128/><F128/><T114/><D60/><U119/><E96/><V90/><F73/><T93/><D93/><U56/><E43/><V124/><F70/><T50/><D50/><U133/><E133/><V115/><F124/><T112/><D112/><U49/><E119/><V122/><N who="2" m="31264" /><V69/><F69/><T68/><D68/><U61/><REACH who="1" step="1"/><E118/><REACH who="1" ten="266,455,319,0" step="2"/><V123/><N who="2" m="31520" /><V2/><F115/><T1/><D41/><U35/><E35/><V87/><F2/><T120/><N who="0" m="30752" /><T76/><D1/><U82/><E82/><V92/><F37/><T86/><D36/><U130/><E130/><V98/><F106/><T48/><D86/><U71/><E71/><V108/><F105/><T33/><D33/><U110/><E110/><V54/><F108/><T99/><D99/><U126/><E126/><V79/><F79/><AGARI ba="3,1" hai="47,49,53,55,56,61,64,67,78,79,80,83,84,85" machi="79" ten="30,12000,1" yaku="1,1,7,1,9,1,8,1,53,1" doraHai="134" doraHaiUra="42" who="1" fromWho="2" sc="266,0,455,136,319,-126,0,0" /><INIT seed="5,4,0,1,2,42" ten="266,591,193,0" oya="1" hai0="39,81,106,76,71,36,129,43,91,94,127,135,86" hai1="93,134,2,74,125,117,79,80,105,34,46,96,123" hai2="78,1,0,62,88,82,61,75,38,37,102,133,64" hai3=""/><U110/><N who="1" m="31520" /><U73/><E2/><V131/><F133/><T83/><D135/><U60/><E110/><V84/><F131/><T119/><D129/><U68/><E34/><V67/><F1/><T54/><D106/><U44/><E125/><V53/><F0/><T47/><D71/><U63/><E73/><V103/><F53/><T128/><D128/><U104/><E117/><V100/><F62/><T69/><D69/><U90/><E134/><V70/><REACH who="2" step="1"/><F64/><REACH who="2" ten="266,591,183,0" step="2"/><T97/><D119/><U121/><N who="1" m="31008" /><U32/><E32/><V95/><AGARI ba="4,1" hai="37,38,61,67,70,75,78,82,84,88,95,100,102,103" machi="95" ten="30,3000,0" yaku="1,1,0,1,54,1,53,0" doraHai="42" doraHaiUra="118" who="2" fromWho="2" sc="266,-14,591,-24,183,48,0,0" /><INIT seed="6,0,0,1,0,71" ten="252,567,231,0" oya="2" hai0="110,106,70,74,50,126,68,35,128,66,84,53,99" hai1="43,131,59,127,118,48,60,78,116,87,3,97,107" hai2="52,91,93,113,36,94,90,133,86,65,77,75,125" hai3=""/><V34/><F113/><T49/><D110/><U135/><E3/><V41/><F133/><T103/><D74/><U45/><E127/><V55/><F125/><T42/><D35/><U64/><E131/><V119/><F119/><T76/><D128/><U134/><E78/><V38/><F34/><T2/><D2/><U33/><E87/><V79/><F41/><T51/><D126/><U72/><E72/><V61/><F86/><T83/><D66/><U88/><E33/><V69/><F75/><T63/><REACH who="0" step="1"/><D42/><REACH who="0" ten="242,567,231,0" step="2"/><U67/><E67/><V102/><F65/><T73/><D73/><U57/><E57/><AGARI ba="0,1" hai="49,50,51,53,57,63,68,70,76,83,84,99,103,106" machi="57" ten="40,8000,1" yaku="1,1,53,3" doraHai="71" doraHaiUra="47" who="0" fromWho="1" sc="242,90,567,-80,231,0,0,0" owari="332,-7.0,487,44.0,231,-37.0,0,0.0" /></mjloggm>