<mjloggm ver="2.3"><GO type="185" lobby="0"/><UN n0="%E3%81%82%E3%81%99%E3%81%AA%E3%82%8D%E3%83%A9%E3%82%A4%E3%83%80%E3%83%BC" n1="%E3%81%B1%E3%82%93%E3%81%A0%E3%81%AE%E3%81%8A%E9%83%A8%E5%B1%8B" n2="%4B%6F%4B%4B%4F" n3="" dan="16,16,16,0" rate="2185.94,2147.77,2204.37,1500.00" sx="M,M,M,C"/><TAIKYOKU oya="0"/><INIT seed="0,0,0,2,5,98" ten="350,350,350,0" oya="0" hai0="3,116,95,89,120,37,75,112,117,93,42,132,106" hai1="101,121,62,35,103,46,53,91,102,33,124,61,90" hai2="48,43,92,2,111,114,40,38,52,86,76,135,134" hai3=""/><T59/><N who="0" m="30752" /><T110/><D112/><U78/><N who="1" m="31008" /><U99/><E124/><V79/><F2/><T130/><D3/><U0/><E0/><V129/><F114/><T100/><D130/><U49/><E78/><V85/><F129/><T44/><D132/><N who="2" m="50730" /><F111/><T128/><D128/><U58/><E62/><V70/><F70/><T56/><D110/><U126/><E126/><V80/><F38/><T69/><D69/><U83/><E99/><V123/><N who="2" m="31520" /><V51/><F51/><T66/><D75/><U108/><E108/><V104/><F104/><T65/><D106/><U82/><E33/><V1/><F1/><T54/><D117/><U131/><E131/><V122/><N who="2" m="31264" /><V41/><F92/><T88/><D95/><U94/><E35/><V105/><F105/><T34/><D116/><U45/><E94/><V74/><F76/><T118/><D118/><U63/><E61/><V84/><F74/><T64/><D34/><U60/><E60/><V36/><F36/><T115/><D115/><U77/><E77/><V96/><F96/><T71/><D71/><U73/><E73/><V72/><F72/><T47/><D37/><U32/><E32/><V50/><F50/><T68/><D68/><U81/><E49/><RYUUKYOKU ba="0,0" sc="350,-20,350,10,350,10,0,0" hai1="45,46,53,58,63,81,82,83,90,91,101,102,103" hai2="40,41,43,48,52,79,80,84,85,86" /><INIT seed="1,1,0,2,0,135" ten="330,360,360,0" oya="1" hai0="42,39,115,133,95,118,117,130,112,68,57,109,104" hai1="90,37,79,49,116,2,114,40,93,52,72,119,113" hai2="66,123,56,106,85,107,77,120,43,75,48,1,33" hai3=""/><U35/><E35/><V102/><N who="2" m="30752" /><V131/><N who="2" m="31520" /><V103/><F33/><T89/><D133/><U61/><E2/><V71/><F71/><T88/><D68/><U124/><E61/><V36/><F36/><T0/><D0/><U44/><E79/><V67/><F75/><T92/><D104/><U97/><E72/><V121/><N who="2" m="31008" /><V99/><F1/><T64/><D42/><U129/><E129/><V101/><F101/><T69/><D69/><U122/><N who="1" m="31264" /><U105/><E105/><V63/><F67/><T46/><D46/><U83/><E83/><V55/><F43/><T132/><D132/><U54/><E54/><V80/><F131/><T108/><D39/><U70/><E70/><V45/><F103/><T82/><D64/><U91/><E40/><V86/><F86/><T126/><D57/><U34/><E34/><V134/><F134/><T51/><D130/><U60/><E37/><V65/><F65/><T96/><D51/><U50/><E49/><V41/><F41/><T127/><D96/><U98/><E97/><V47/><F47/><T62/><D62/><U38/><E60/><V3/><F3/><T59/><D59/><U74/><E38/><V87/><F87/><T110/><D109/><RYUUKYOKU ba="1,0" sc="330,10,360,-20,360,10,0,0" hai0="82,88,89,92,95,108,110,112,115,117,118,126,127" hai2="45,48,55,56,63,66,77,80,85,99,102,106,107" /><INIT seed="2,2,0,2,3,100" ten="340,340,370,0" oya="2" hai0="75,37,77,91,40,32,66,90,59,131,35,58,60" hai1="132,44,113,81,36,116,62,125,112,107,128,45,69" hai2="72,102,106,61,38,99,39,114,97,129,43,76,124" hai3=""/><V98/><F114/><T121/><N who="0" m="31008" /><T120/><N who="0" m="30752" /><T57/><D131/><U0/><E62/><V117/><F117/><T70/><D77/><U48/><E48/><V104/><F129/><T74/><D40/><U46/><E81/><V135/><F135/><T41/><D41/><U71/><E46/><V111/><F111/><T133/><D37/><U95/><E95/><V96/><F124/><T2/><D2/><U127/><E128/><V42/><F106/><T84/><D133/><U118/><E132/><V93/><F93/><T101/><D101/><U3/><E36/><V134/><F134/><T119/><D119/><U50/><E50/><V1/><F1/><T88/><REACH who="0" step="1"/><D84/><REACH who="0" ten="330,340,370,0" step="2"/><U54/><E54/><V83/><F38/><T123/><N who="0" m="31520" /><T85/><D85/><U105/><AGARI ba="2,1" hai="0,3,44,45,69,71,105,107,112,113,116,118,125,127" machi="105" ten="25,6000,1" yaku="0,1,22,2,52,2" doraHai="100" who="1" fromWho="1" sc="330,-22,340,74,370,-42,0,0" /><INIT seed="4,0,0,1,0,74" ten="308,414,328,0" oya="0" hai0="66,123,114,135,42,69,41,75,58,35,33,53,51" hai1="122,120,32,78,57,68,117,3,118,62,105,121,0" hai2="70,39,93,67,34,106,108,130,91,2,119,131,82" hai3=""/><T61/><N who="0" m="31520" /><T92/><D114/><U37/><N who="1" m="30752" /><U98/><N who="1" m="31008" /><U85/><N who="1" m="31264" /><U81/><E32/><V46/><F106/><T73/><D135/><U72/><E37/><V96/><F2/><T116/><D116/><U54/><E72/><V103/><F108/><T86/><D75/><U110/><E110/><V63/><F34/><T48/><D73/><U90/><E68/><V128/><F119/><T95/><D95/><U60/><E60/><V84/><F39/><T87/><D42/><U109/><E109/><V52/><F46/><T127/><D127/><U38/><E38/><V101/><REACH who="2" step="1"/><F52/><REACH who="2" ten="308,414,318,0" step="2"/><T89/><REACH who="0" step="1"/><D86/><REACH who="0" ten="298,414,318,0" step="2"/><U124/><E118/><V50/><F50/><T40/><D40/><U80/><E117/><V107/><F107/><T79/><D79/><AGARI ba="0,2" hai="63,67,70,79,82,84,91,93,96,101,103,128,130,131" machi="79" ten="40,5200,0" yaku="1,1,19,1,52,1,53,0" doraHai="74" doraHaiUra="36" who="2" fromWho="0" sc="298,-52,414,0,318,72,0,0" /><INIT seed="5,0,0,3,1,76" ten="246,414,390,0" oya="1" hai0="103,105,101,95,107,49,67,1,125,108,0,78,88" hai1="68,109,114,82,94,96,111,66,64,110,63,45,127" hai2="52,90,129,84,33,128,43,53,55,123,133,32,40" hai3=""/><U134/><E114/><V60/><N who="2" m="31520" /><V126/><F126/><T87/><D125/><U39/><E127/><V104/><F104/><T97/><D108/><U48/><E134/><V41/><F60/><T80/><D67/><U34/><E66/><V37/><F37/><T117/><D117/><U36/><E34/><V135/><F32/><T44/><D103/><U79/><E94/><V74/><F74/><T102/><D101/><U51/><E96/><V81/><REACH who="2" step="1"/><F33/><REACH who="2" ten="246,414,380,0" step="2"/><T50/><D107/><U120/><N who="1" m="30752" /><U86/><REACH who="1" step="1"/><E51/><REACH who="1" ten="246,404,380,0" step="2"/><V75/><F75/><T116/><D116/><U47/><E47/><V62/><F62/><T73/><REACH who="0" step="1"/><D50/><REACH who="0" ten="236,404,380,0" step="2"/><U89/><E89/><V3/><F3/><T57/><D57/><U132/><E132/><AGARI ba="0,3" hai="40,41,43,52,53,55,81,84,90,128,129,132,133,135" m="31520" machi="132" ten="50,8000,1" yaku="1,1,20,1,52,2,54,1,53,0" doraHai="76" doraHaiUra="72" who="2" fromWho="1" sc="236,0,404,-80,380,110,0,0" /><INIT seed="6,0,0,3,3,1" ten="236,324,490,0" oya="2" hai0="43,38,118,107,53,66,106,94,36,114,70,3,120" hai1="105,78,74,87,39,108,132,130,2,96,45,93,85" hai2="113,104,109,40,124,135,91,126,79,42,46,57,111" hai3=""/><V112/><F104/><T84/><N who="0" m="30752" /><T61/><D3/><U122/><N who="1" m="31264" /><U59/><E2/><V47/><F79/><T123/><N who="0" m="31520" /><T90/><D118/><U51/><E108/><N who="2" m="41547" /><F91/><T75/><D75/><U34/><E59/><V134/><F57/><T101/><D114/><N who="2" m="44138" /><F47/><T50/><D43/><N who="2" m="16426" /><F46/><T33/><D33/><U41/><E45/><V73/><F73/><T95/><D107/><U44/><E105/><V116/><F116/><T128/><D128/><U58/><E130/><V86/><F86/><T121/><N who="0" m="31008" /><T98/><REACH who="0" step="1"/><D106/><REACH who="0" ten="226,324,490,0" step="2"/><U63/><E74/><V82/><F135/><T60/><D60/><U81/><E132/><V117/><F117/><T99/><D99/><U80/><E96/><V32/><F32/><T76/><D76/><U64/><E34/><V131/><F131/><T133/><D133/><U35/><E35/><V119/><F119/><T72/><D72/><U54/><E78/><V52/><F134/><T88/><D88/><U69/><E87/><V55/><F126/><T67/><D67/><U68/><E64/><V92/><F124/><T110/><D110/><U100/><E63/><V129/><F129/><T49/><D49/><U77/><E51/><V71/><F55/><T115/><D115/><RYUUKYOKU ba="0,1" sc="226,20,324,-10,490,-10,0,0" hai0="36,38,50,53,61,66,70,84,90,94,95,98,101" owari="246,-35.0,314,-9.0,490,44.0,0,0.0" /></mjloggm>