<mjloggm ver="2.3"><GO type="169" lobby="0"/><UN n0="%E7%88%86%E7%89%8C%E3%82%A6%E3%82%B7%E3%82%B8%E3%83%9E%E3%81%8F%E3%82%93" n1="%50%65%74%65%72%50%61%6E" n2="%7A%6F%6F%31%39%36%34" n3="%E3%83%8E%E3%82%AA%E3%83%81%E3%83%A3%E3%83%99%E3%82%B9" dan="17,16,16,16" rate="2171.46,2074.54,2128.77,2175.68" sx="M,M,M,M"/><TAIKYOKU oya="0"/><INIT seed="0,0,0,0,2,18" ten="250,250,250,250" oya="0" hai0="63,105,11,40,8,27,51,60,41,113,2,22,76" hai1="115,90,12,1,56,0,45,95,29,4,14,112,122" hai2="111,58,25,24,93,57,9,26,73,135,36,110,92" hai3="107,129,5,117,82,28,48,114,61,89,17,102,78"/><T64/><D113/><N who="1" m="43595" /><E122/><V98/><F73/><W68/><G5/><T10/><D105/><U47/><E29/><V126/><F36/><W7/><G7/><T103/><D2/><N who="1" m="1131" /><E56/><N who="2" m="21611" /><F9/><W80/><G48/><T79/><D103/><U69/><E69/><V77/><F77/><N who="0" m="29770" /><D64/><U75/><E75/><V119/><F98/><W118/><G102/><T85/><D85/><N who="1" m="52687" /><E4/><V65/><F65/><W94/><G107/><T55/><D55/><U21/><E14/><V49/><F49/><W53/><G53/><T125/><D51/><U74/><E74/><V43/><F43/><N who="0" m="16458" /><D125/><U62/><E62/><V97/><F126/><W37/><G61/><T104/><D104/><U109/><E109/><N who="2" m="41483" /><F97/><W35/><G37/><T130/><D130/><U131/><E131/><V88/><F119/><W120/><G129/><T46/><D46/><U13/><E13/><V124/><F124/><W16/><G114/><T54/><D54/><U71/><E71/><V100/><F100/><W87/><G68/><T96/><D96/><U83/><E83/><V33/><F33/><W19/><G80/><T108/><D108/><U42/><E42/><V121/><F121/><W116/><G120/><T50/><D50/><U123/><E123/><V39/><F39/><W66/><G66/><T132/><D132/><U6/><E47/><V84/><F93/><W134/><G134/><AGARI ba="0,0" hai="24,25,26,84,88,92,134,135" m="41483,21611" machi="134" ten="40,2600,0" yaku="14,1,54,1" doraHai="18" who="2" fromWho="3" sc="250,0,250,0,250,26,250,-26" /><INIT seed="1,0,0,3,3,133" ten="250,250,276,224" oya="1" hai0="15,107,34,125,56,25,65,11,80,38,93,41,44" hai1="46,67,122,100,71,86,66,95,135,47,121,9,52" hai2="23,126,109,3,108,18,12,27,21,40,13,82,106" hai3="85,35,50,127,5,88,96,116,115,97,32,53,0"/><U61/><E135/><V29/><F106/><W112/><G116/><T72/><D107/><U2/><E67/><V7/><F40/><W59/><G5/><T51/><D93/><U105/><E105/><V103/><F103/><W1/><G1/><T129/><D129/><U123/><E100/><V87/><F87/><W90/><G0/><T48/><D34/><U57/><E2/><V58/><F58/><W130/><G130/><T73/><D25/><U92/><E9/><N who="2" m="2303" /><F82/><W42/><G42/><T30/><D30/><U19/><E19/><N who="2" m="10479" /><F126/><W91/><G85/><T113/><D125/><U20/><E20/><AGARI ba="0,0" hai="12,18,20,23,27,29,108,109" m="10479,2303" machi="20" ten="30,2000,0" yaku="34,2" doraHai="133" who="2" fromWho="1" sc="250,0,250,-20,276,20,224,0" /><INIT seed="2,0,0,2,3,41" ten="250,230,296,224" oya="2" hai0="85,24,8,30,34,27,110,22,102,76,83,47,42" hai1="19,84,55,128,119,65,18,115,15,46,112,135,130" hai2="122,63,100,81,125,101,131,78,104,35,38,45,16" hai3="93,23,6,121,48,74,21,58,91,20,114,99,105"/><V56/><F122/><W68/><G68/><T106/><D110/><U3/><E3/><V32/><F131/><N who="1" m="50217" /><E119/><V29/><F125/><W14/><G121/><T0/><D106/><U61/><E135/><V77/><F77/><W67/><G74/><T9/><D102/><U54/><E84/><V28/><F35/><W82/><G105/><T108/><D0/><U116/><E116/><V96/><F101/><W117/><G114/><N who="1" m="43562" /><E19/><V118/><F32/><W11/><G117/><T51/><REACH who="0" step="1"/><D108/><REACH who="0" ten="240,230,296,224" step="2"/><U87/><E87/><V124/><F118/><W4/><G82/><T95/><D95/><U43/><E18/><AGARI ba="0,1" hai="8,9,18,22,24,27,30,34,42,47,51,76,83,85" machi="18" ten="30,3900,0" yaku="1,1,7,1,52,1,53,0" doraHai="41" doraHaiUra="50" who="0" fromWho="1" sc="240,49,230,-39,296,0,224,0" /><INIT seed="3,0,0,5,5,37" ten="289,191,296,224" oya="3" hai0="94,34,115,25,106,49,108,33,91,66,50,73,90" hai1="112,131,67,89,133,63,15,41,99,59,121,38,61" hai2="36,98,120,78,68,102,18,57,39,10,62,23,119" hai3="32,93,58,20,76,132,40,2,125,117,82,86,134"/><W103/><G32/><T97/><D108/><U128/><E112/><V28/><F119/><W130/><G2/><T54/><D73/><U81/><E121/><V70/><F78/><W60/><G117/><T14/><D115/><U126/><E126/><V24/><F120/><W3/><G3/><T79/><D106/><U7/><E133/><V69/><F10/><W21/><G125/><T109/><D79/><U77/><E99/><V11/><F11/><W31/><G130/><T107/><D107/><U114/><E89/><V85/><F85/><W84/><G40/><T80/><D66/><U123/><E123/><V75/><F18/><W30/><G132/><T100/><D49/><U105/><E105/><V127/><F75/><W52/><G134/><T17/><D109/><U35/><E35/><V129/><F129/><W27/><G103/><T113/><D25/><U135/><E135/><V44/><F44/><W1/><G1/><T53/><D53/><U110/><E114/><V83/><F83/><W42/><G42/><T48/><D48/><U47/><E110/><V118/><F118/><W4/><G4/><T8/><D100/><U26/><E26/><V12/><F12/><W122/><G122/><T13/><D13/><U6/><E61/><V5/><F5/><N who="1" m="1545" /><E15/><V46/><F127/><W71/><G71/><T22/><D113/><U51/><E38/><N who="2" m="14379" /><F98/><W92/><G86/><N who="0" m="50503" /><D8/><U101/><E101/><V88/><F102/><W72/><G72/><T116/><D116/><U124/><E124/><V111/><F111/><W87/><G87/><T65/><D65/><U96/><E96/><RYUUKYOKU ba="0,0" sc="289,10,191,10,296,-30,224,10" hai0="14,17,22,33,34,50,54,91,94,97" hai1="41,47,51,59,63,67,77,81,128,131" hai3="20,21,27,30,31,52,58,60,76,82,84,92,93" /><INIT seed="3,1,0,3,1,117" ten="299,201,266,234" oya="3" hai0="38,123,103,89,105,128,77,83,15,97,120,8,85" hai1="64,29,102,31,118,35,17,111,46,59,90,127,65" hai2="22,19,16,109,50,99,121,76,115,80,91,49,53" hai3="20,69,124,114,84,41,51,100,68,7,98,9,3"/><W10/><G114/><T34/><D38/><U11/><E111/><V21/><F109/><W24/><G10/><T75/><D34/><U63/><E127/><V27/><F115/><W131/><G124/><T54/><D54/><U18/><E118/><V58/><F121/><W39/><G39/><T23/><D23/><U52/><E102/><V25/><F99/><W101/><G101/><T78/><D128/><U44/><E35/><V12/><F91/><W108/><G84/><T113/><D113/><U104/><E104/><V88/><F88/><W95/><G131/><T48/><D48/><U132/><E132/><V79/><F80/><W28/><G41/><T119/><D119/><U14/><E17/><V135/><F135/><W93/><G108/><T110/><D78/><U133/><E90/><V1/><F1/><W106/><REACH who="3" step="1"/><G51/><REACH who="3" ten="299,201,266,224" step="2"/><T6/><REACH who="0" step="1"/><D110/><REACH who="0" ten="289,201,266,224" step="2"/><U57/><E133/><V5/><F50/><W66/><G66/><T107/><D107/><U40/><E65/><V130/><F130/><W36/><G36/><T60/><D60/><N who="1" m="35879" /><E40/><V73/><F73/><W42/><G42/><T4/><D4/><U74/><E74/><V55/><F55/><W13/><G13/><T112/><D112/><U87/><E87/><V2/><F2/><W30/><G30/><AGARI ba="1,2" hai="11,14,18,29,30,31,44,46,59,63,64" m="35879" machi="30" ten="30,2000,0" yaku="8,1,54,1" doraHai="117" who="1" fromWho="3" sc="289,0,201,43,266,0,224,-23" /><INIT seed="4,0,0,3,3,59" ten="289,244,266,201" oya="0" hai0="105,73,3,9,70,99,42,44,113,77,40,67,110" hai1="95,4,63,115,78,102,1,46,17,51,18,55,92" hai2="80,22,54,98,90,96,30,56,21,81,86,20,101" hai3="35,2,108,69,24,10,123,121,19,132,27,49,127"/><T25/><D113/><U87/><E115/><V26/><F81/><W64/><G49/><T39/><D42/><U117/><E117/><V120/><F120/><N who="3" m="46155" /><G69/><T100/><D25/><N who="3" m="9801" /><G64/><T68/><D110/><U45/><E45/><V8/><F8/><W82/><G82/><N who="0" m="45359" /><D67/><U47/><E47/><V13/><F13/><N who="3" m="7607" /><G108/><T28/><D28/><U36/><E36/><V34/><REACH who="2" step="1"/><F101/><REACH who="2" ten="289,244,256,201" step="2"/><W33/><G2/><T119/><D119/><U85/><E102/><V91/><F91/><W65/><G65/><T53/><D53/><U130/><E1/><V89/><F89/><W23/><G127/><T71/><D71/><U75/><E55/><V133/><F133/><W57/><G132/><T58/><D58/><U84/><E78/><V41/><F41/><W11/><G57/><T74/><D74/><U88/><E75/><V38/><F38/><W125/><G125/><T7/><AGARI ba="0,1" hai="3,7,9,39,40,44,68,70,99,100,105" m="45359" machi="7" ten="30,6000,0" yaku="25,1,33,2" doraHai="59" who="0" fromWho="0" sc="289,70,244,-20,256,-20,201,-20" /><INIT seed="4,1,0,1,0,76" ten="359,224,236,181" oya="0" hai0="120,1,131,107,18,81,53,19,117,68,2,52,71" hai1="72,106,56,29,4,58,41,109,78,115,15,95,111" hai2="70,113,108,75,79,101,14,11,47,43,5,92,125" hai3="112,97,20,88,118,127,94,16,102,8,12,24,122"/><T99/><D117/><U126/><E106/><V22/><F108/><W110/><G110/><T31/><D31/><U23/><E41/><V84/><F70/><W121/><G118/><T82/><D99/><U114/><E126/><V83/><F125/><W133/><G127/><T13/><D13/><U25/><E95/><V100/><F113/><N who="1" m="43017" /><E56/><V49/><F75/><W61/><G112/><T98/><D98/><U73/><E58/><V27/><REACH who="2" step="1"/><F92/><REACH who="2" ten="359,224,226,181" step="2"/><W46/><G133/><T74/><D74/><N who="1" m="28779" /><E78/><V6/><F6/><W134/><G134/><T67/><D107/><U69/><E69/><V3/><F3/><W60/><G102/><T132/><D132/><U63/><E63/><V17/><AGARI ba="1,1" hai="5,11,14,17,22,27,43,47,49,79,83,84,100,101" machi="17" ten="20,12000,2" yaku="1,1,0,1,7,1,25,2,8,1,52,1,53,0" doraHai="76" doraHaiUra="55" who="2" fromWho="2" sc="359,-61,224,-31,226,133,181,-31" /><INIT seed="5,0,0,0,3,68" ten="298,193,359,150" oya="1" hai0="10,2,79,15,22,19,26,129,116,97,72,82,132" hai1="14,25,115,18,58,44,9,33,117,130,61,125,90" hai2="96,34,99,47,40,43,4,133,134,126,32,1,53" hai3="88,111,98,8,78,27,0,119,114,81,38,104,35"/><U84/><E117/><V21/><F126/><W89/><G111/><T41/><D116/><U49/><E115/><V93/><F53/><W112/><G119/><T13/><D129/><U3/><E130/><V70/><F70/><W23/><G35/><T135/><D41/><U29/><E125/><V48/><F43/><W42/><G104/><T121/><D121/><U113/><E113/><N who="3" m="43626" /><G98/><T128/><D128/><U109/><E109/><V20/><F4/><N who="3" m="1031" /><G42/><T54/><D54/><U31/><E31/><V60/><F60/><W80/><G38/><T101/><D2/><U46/><E3/><V65/><F65/><W107/><G107/><N who="0" m="63919" /><D10/><U16/><E18/><V37/><F99/><W86/><G81/><T62/><D62/><U24/><E24/><V102/><F48/><W51/><G51/><T12/><D26/><U57/><E61/><V95/><F95/><W106/><G106/><T67/><D67/><U17/><E17/><AGARI ba="0,0" hai="17,23,27,78,80,86,88,89" m="1031,43626" machi="17" ten="30,2000,0" yaku="15,1,54,1" doraHai="68" who="3" fromWho="1" sc="298,0,193,-20,359,0,150,20" /><INIT seed="6,0,0,3,2,73" ten="298,173,359,170" oya="2" hai0="44,20,25,6,77,85,105,76,56,60,41,107,59" hai1="68,108,53,86,12,15,110,100,69,133,27,112,120" hai2="129,33,104,84,67,87,103,4,135,16,45,24,63" hai3="94,93,34,106,95,132,55,38,62,72,13,130,14"/><V64/><F135/><W11/><G34/><T49/><D6/><U114/><E133/><V124/><F129/><W118/><G132/><T91/><D105/><U66/><E120/><V122/><F122/><W17/><G118/><T128/><D107/><U71/><E66/><V43/><F4/><W47/><G106/><T88/><D91/><U35/><E100/><V3/><F3/><W26/><G130/><T131/><D131/><U0/><E0/><V125/><F67/><W52/><G72/><T113/><D113/><N who="1" m="43627" /><E86/><V21/><F33/><W111/><G111/><N who="1" m="42538" /><E53/><V28/><F103/><W30/><G62/><T96/><D96/><U1/><E1/><V5/><F63/><W116/><G116/><T78/><D60/><U89/><E89/><V22/><F64/><W81/><G14/><N who="1" m="5162" /><E35/><V134/><F134/><W74/><G38/><T79/><D79/><U75/><E75/><V126/><F104/><W46/><G74/><T115/><D128/><U58/><E58/><V32/><F32/><W99/><G99/><T127/><D115/><U2/><E2/><V102/><F102/><W121/><G121/><T80/><D127/><U61/><E61/><V119/><F119/><W54/><REACH who="3" step="1"/><G81/><REACH who="3" ten="298,173,359,160" step="2"/><T48/><D48/><U123/><E123/><V23/><F126/><W31/><G31/><AGARI ba="0,1" hai="20,25,31,41,44,49,56,59,76,77,78,80,85,88" machi="31" ten="40,8000,1" yaku="8,1,52,3,54,1" doraHai="73" who="0" fromWho="3" sc="298,90,173,0,359,0,160,-80" /><INIT seed="7,0,0,2,0,68" ten="388,173,359,80" oya="3" hai0="44,112,65,77,98,16,25,105,74,135,129,63,4" hai1="24,21,52,59,5,29,17,61,92,38,67,124,1" hai2="132,6,28,97,32,11,79,45,13,49,96,123,40" hai3="99,9,12,91,86,50,35,37,47,39,131,56,109"/><W10/><G35/><T66/><D129/><U75/><E75/><V69/><F132/><W54/><G131/><T115/><D135/><U128/><E128/><V80/><F69/><W19/><G109/><T71/><D4/><U20/><E38/><V42/><F123/><W107/><G10/><T111/><D111/><U88/><E124/><V100/><F42/><W83/><REACH who="3" step="1"/><G56/><REACH who="3" ten="388,173,359,70" step="2"/><T73/><D71/><U94/><E1/><V23/><F32/><W8/><G8/><T87/><D112/><U18/><E5/><V125/><F125/><W104/><G104/><T51/><D105/><U114/><E114/><V116/><F116/><W122/><G122/><T81/><D115/><U102/><E21/><V130/><F130/><W27/><G27/><T64/><D25/><U72/><E72/><V34/><F34/><W133/><G133/><T120/><D74/><U60/><E20/><V119/><F119/><W118/><G118/><T33/><D73/><U36/><E24/><V14/><F14/><W26/><G26/><T58/><D58/><U62/><E59/><V78/><F23/><W93/><G93/><T84/><D120/><U2/><E94/><N who="2" m="58391" /><F28/><W89/><G89/><T108/><D108/><U113/><E29/><V103/><F103/><AGARI ba="0,1" hai="9,12,19,37,39,47,50,54,83,86,91,99,103,107" machi="103" ten="40,18000,2" yaku="1,1,25,2,52,2,53,1" doraHai="68" doraHaiUra="43" who="3" fromWho="2" sc="388,0,173,0,359,-180,70,190" /><INIT seed="7,1,0,5,1,63" ten="388,173,179,260" oya="3" hai0="8,104,32,123,38,103,5,108,66,115,112,116,74" hai1="28,113,97,55,48,41,61,121,19,7,73,33,119" hai2="50,9,79,37,68,69,96,122,77,46,58,75,71" hai3="36,129,134,11,127,80,135,1,13,23,118,105,76"/><W124/><G36/><T43/><D32/><U67/><E121/><V4/><F122/><W94/><G105/><T102/><D123/><U40/><E73/><V132/><F132/><N who="3" m="50731" /><G94/><T120/><D120/><U57/><E113/><V29/><F29/><W87/><G118/><T39/><D108/><U78/><E119/><V6/><F37/><W45/><G45/><T72/><D66/><U84/><E7/><V47/><F96/><W16/><G129/><T95/><D95/><U106/><E33/><V83/><F79/><W130/><G130/><T99/><D116/><U131/><E28/><V15/><F4/><AGARI ba="1,0" hai="1,4,11,13,16,23,76,80,87,124,127" m="50731" machi="4" ten="30,2900,0" yaku="20,1,54,1" doraHai="63" who="3" fromWho="2" sc="388,0,173,0,179,-32,260,32" /><INIT seed="7,2,0,3,0,2" ten="388,173,147,292" oya="3" hai0="103,115,132,110,21,69,102,76,44,118,0,107,40" hai1="15,90,51,11,83,106,58,54,1,108,97,34,5" hai2="4,73,31,25,70,28,29,32,53,104,135,63,128" hai3="9,79,100,98,80,43,117,60,18,61,57,84,96"/><W119/><G43/><T75/><D21/><U41/><E108/><V124/><F73/><W55/><G98/><T33/><D103/><U129/><E129/><V122/><F128/><W120/><G120/><T67/><D102/><U72/><E34/><V94/><F122/><W10/><G61/><T38/><D107/><U82/><E72/><V81/><F81/><W123/><G123/><T19/><D76/><U23/><E106/><V89/><F104/><W46/><G46/><T12/><D12/><U30/><E41/><V85/><F135/><W87/><G87/><T126/><D40/><U71/><E71/><V42/><F124/><W13/><REACH who="3" step="1"/><G10/><REACH who="3" ten="388,173,147,282" step="2"/><T56/><D44/><U27/><E97/><V59/><F42/><W26/><G26/><T74/><D74/><U39/><E27/><V50/><F70/><W112/><G112/><T36/><D75/><U45/><E11/><V3/><REACH who="2" step="1"/><F63/><REACH who="2" ten="388,173,137,282" step="2"/><W99/><G99/><T24/><D115/><U121/><E121/><V20/><F20/><W95/><AGARI ba="2,2" hai="9,13,18,55,57,60,79,80,84,95,96,100,117,119" machi="95" ten="20,7800,0" yaku="1,1,0,1,7,1,53,1" doraHai="2" doraHaiUra="91" who="3" fromWho="3" sc="388,-28,173,-28,137,-28,282,104" owari="360,16.0,145,-25.0,109,-39.0,386,48.0" /></mjloggm>