<mjloggm ver="2.3"><GO type="169" lobby="0"/><UN n0="%E3%81%9F%E3%81%8B%E3%81%A3%E3%81%A6%E3%81%83%E3%83%BC" n1="%50%65%74%65%72%50%61%6E" n2="%E5%9B%BA%E3%82%86%E3%81%A7%E5%8D%B5" n3="%E8%88%B9%E8%B6%8A%E8%8B%B1%E4%B8%80%E9%83%8E" dan="18,16,16,18" rate="2242.12,2105.65,2153.11,2223.10" sx="F,M,M,M"/><TAIKYOKU oya="0"/><INIT seed="0,0,0,2,5,45" ten="250,250,250,250" oya="0" hai0="34,114,29,110,77,3,30,20,60,13,132,15,122" hai1="33,47,50,57,72,46,41,10,86,98,21,32,17" hai2="111,65,96,22,135,64,125,107,0,113,59,108,76" hai3="4,2,63,49,71,130,44,78,66,133,102,55,88"/><T37/><D114/><U6/><E72/><V36/><F113/><W27/><G133/><T69/><D122/><U104/><E57/><V99/><F135/><W131/><G78/><T118/><D118/><U25/><E86/><V87/><F36/><W123/><G123/><T35/><D3/><U90/><E47/><V109/><F125/><W51/><G102/><T11/><D37/><U74/><E74/><V54/><F0/><W42/><G27/><T19/><D132/><U112/><E112/><V23/><F76/><W79/><G79/><T1/><D60/><U28/><E28/><N who="0" m="10857" /><D69/><U70/><E70/><V81/><F81/><W67/><G67/><N who="2" m="25673" /><F87/><W85/><G4/><N who="0" m="1423" /><D77/><U56/><E56/><V128/><F128/><N who="3" m="49195" /><G2/><T92/><D92/><U83/><E83/><V38/><F38/><N who="3" m="21591" /><G55/><T68/><D68/><U18/><E104/><V120/><F120/><W103/><G103/><T26/><D110/><U12/><E90/><V126/><F126/><W117/><G117/><T115/><D115/><U58/><E98/><N who="2" m="37419" /><F107/><W82/><AGARI ba="0,0" hai="49,51,63,66,71,82,85,88" m="21591,49195" machi="82" ten="30,7900,0" yaku="19,1,52,2,54,1" doraHai="45" who="3" fromWho="3" sc="250,-39,250,-20,250,-20,250,79" /><INIT seed="1,0,0,1,4,47" ten="211,230,230,329" oya="1" hai0="83,120,3,44,117,112,87,124,99,60,125,106,104" hai1="114,85,9,2,40,66,82,105,73,33,10,5,78" hai2="50,31,22,57,27,94,1,61,51,52,20,77,62" hai3="34,86,98,24,96,55,129,131,90,80,63,6,43"/><U97/><E114/><V123/><F1/><W100/><G43/><T14/><D3/><U103/><E66/><V102/><F123/><W38/><G38/><T70/><D112/><U92/><E10/><V42/><F77/><W56/><G6/><T19/><D117/><U58/><E33/><V121/><F121/><W74/><G74/><T45/><D120/><U18/><E18/><V30/><F42/><W15/><G15/><T64/><D45/><U127/><E127/><N who="0" m="48713" /><D99/><U49/><E40/><V67/><F61/><W84/><G84/><T107/><D44/><U68/><E68/><V29/><F67/><W21/><G34/><T122/><D122/><U126/><E126/><V35/><F35/><W133/><G133/><T116/><D116/><U81/><E58/><V134/><F134/><W119/><G119/><T65/><D65/><U109/><E109/><V88/><F102/><W16/><REACH who="3" step="1"/><G98/><REACH who="3" ten="211,230,230,319" step="2"/><T72/><D72/><U135/><E135/><V26/><F31/><W41/><G41/><T48/><D14/><U12/><E12/><V69/><F69/><W8/><G8/><T25/><D70/><U11/><E9/><V59/><F57/><W53/><G53/><T128/><D64/><U89/><E82/><V23/><F23/><W39/><G39/><T13/><D83/><U28/><E28/><V115/><F115/><W75/><G75/><T111/><D13/><U91/><E91/><V36/><F36/><W118/><G118/><T46/><D87/><AGARI ba="0,1" hai="20,22,26,27,29,30,50,51,52,59,62,87,88,94" machi="87" ten="30,12000,2" yaku="7,1,9,1,8,1,52,2,54,2" doraHai="47" who="2" fromWho="0" sc="211,-120,230,0,230,130,319,0" /><INIT seed="2,0,0,4,2,32" ten="91,230,360,319" oya="2" hai0="108,79,81,97,117,80,102,3,51,73,43,132,111" hai1="37,60,104,125,54,47,15,0,72,4,8,23,63" hai2="59,89,45,36,42,25,29,19,2,66,88,28,133" hai3="16,56,64,92,57,40,101,90,106,103,24,115,86"/><V109/><F133/><W99/><G115/><T31/><D132/><U85/><E72/><V100/><F100/><W127/><G127/><T77/><D31/><U116/><E104/><V38/><F38/><W114/><G114/><T53/><D43/><U14/><E116/><V135/><F135/><W131/><G131/><T78/><D3/><U129/><E129/><V30/><F109/><N who="0" m="42058" /><D117/><U120/><E120/><V35/><F2/><W70/><G40/><T58/><D73/><U39/><E125/><V18/><F35/><W74/><G101/><T87/><D87/><U27/><E39/><V83/><F83/><W62/><REACH who="3" step="1"/><G74/><REACH who="3" ten="91,230,360,309" step="2"/><T48/><D48/><U68/><E37/><V7/><F36/><W52/><G52/><T22/><D22/><AGARI ba="0,1" hai="16,22,24,56,57,62,64,70,86,90,92,99,103,106" machi="22" ten="40,2600,0" yaku="1,1,54,1,53,0" doraHai="32" doraHaiUra="105" who="3" fromWho="0" sc="91,-26,230,0,360,0,309,36" /><INIT seed="3,0,0,5,3,76" ten="65,230,360,345" oya="3" hai0="90,120,11,88,29,116,24,119,89,134,117,102,36" hai1="12,15,77,40,32,57,95,74,20,97,93,132,115" hai2="18,75,64,67,111,41,92,80,7,5,1,72,30" hai3="44,133,31,28,68,25,100,38,10,22,9,39,6"/><W130/><G68/><T34/><D120/><U106/><E32/><V60/><F41/><W37/><G133/><T42/><D134/><U79/><E115/><V124/><F30/><W91/><G130/><T78/><D102/><U70/><E70/><V55/><F92/><W71/><G71/><T108/><D108/><U58/><E106/><V23/><F124/><W131/><G131/><T2/><D78/><U33/><E33/><V66/><F111/><W63/><G100/><T54/><D54/><U3/><E3/><V46/><F75/><W19/><G63/><T27/><D27/><U112/><E20/><V86/><F72/><W45/><G91/><T126/><D126/><U99/><E74/><V56/><F46/><W53/><G10/><T59/><D59/><U61/><E61/><V52/><F55/><W17/><G31/><T21/><D34/><U129/><E40/><V84/><F1/><W113/><G113/><T4/><D42/><U35/><E35/><V48/><F86/><W123/><G123/><T101/><D101/><U104/><E112/><V118/><F118/><W51/><REACH who="3" step="1"/><G45/><REACH who="3" ten="65,230,360,335" step="2"/><T127/><D127/><U98/><E129/><V69/><F60/><W49/><G49/><T81/><REACH who="0" step="1"/><D36/><REACH who="0" ten="55,230,360,335" step="2"/><U83/><E132/><V82/><F69/><W43/><G43/><T85/><AGARI ba="0,2" hai="2,4,11,21,24,29,81,85,88,89,90,116,117,119" machi="85" ten="40,8000,1" yaku="1,1,2,1,0,1,52,1,54,1,53,0" doraHai="76" doraHaiUra="125" who="0" fromWho="0" sc="55,100,230,-20,360,-20,335,-40" /><INIT seed="4,0,0,4,5,133" ten="155,210,340,295" oya="0" hai0="37,17,50,30,4,32,94,58,66,91,2,22,86" hai1="116,14,31,120,114,0,6,125,73,103,126,53,89" hai2="85,84,100,124,7,49,3,69,127,75,1,87,43" hai3="54,9,78,33,104,24,18,98,51,118,5,129,128"/><T82/><D37/><U79/><E116/><V92/><F69/><W8/><G118/><T52/><D66/><U99/><E120/><V112/><F75/><W21/><G33/><T35/><D30/><U10/><E114/><V106/><F112/><W117/><G78/><T48/><D48/><U132/><E132/><V65/><F65/><W123/><G117/><T74/><D74/><U19/><E31/><V72/><F72/><W27/><G27/><T70/><D70/><U90/><E53/><V26/><F106/><W25/><G25/><T28/><D28/><U131/><E131/><N who="3" m="50250" /><G5/><T88/><D4/><U83/><E89/><V110/><F26/><W107/><G123/><T101/><D101/><U109/><E90/><V34/><F34/><W111/><G111/><T11/><D11/><N who="3" m="4169" /><G98/><T80/><D2/><U16/><E109/><V97/><F110/><W42/><G42/><T45/><D45/><AGARI ba="0,0" hai="18,21,24,45,51,54,104,107" m="4169,50250" machi="45" ten="30,1000,0" yaku="19,1" doraHai="133" who="3" fromWho="0" sc="155,-10,210,0,340,0,295,10" /><INIT seed="5,0,0,4,3,104" ten="145,210,340,305" oya="1" hai0="134,78,32,37,14,29,133,120,127,130,101,115,24" hai1="39,54,16,108,88,49,23,77,44,76,61,12,119" hai2="99,48,103,116,71,1,126,63,102,56,69,82,3" hai3="67,26,60,46,50,83,64,95,30,20,59,92,66"/><U113/><E119/><V33/><F116/><W34/><G34/><T73/><D37/><U96/><E113/><V93/><F126/><W45/><G45/><T117/><D117/><U85/><E108/><V121/><F121/><W27/><G27/><T122/><D101/><U6/><E96/><V31/><F48/><W114/><G83/><N who="0" m="45519" /><D115/><U105/><E105/><V90/><F103/><W112/><G112/><T97/><D97/><U0/><E39/><V128/><F128/><W51/><G51/><T19/><D127/><U58/><E6/><V100/><F100/><W25/><G25/><T70/><D70/><U106/><E0/><V86/><F71/><W74/><G74/><T38/><D38/><U11/><E23/><V52/><REACH who="2" step="1"/><F69/><REACH who="2" ten="145,210,330,305" step="2"/><W9/><G114/><T80/><D130/><U5/><E106/><V8/><F8/><W10/><G9/><N who="0" m="6607" /><D80/><N who="1" m="49191" /><E5/><V107/><F107/><W4/><G4/><T55/><D122/><U7/><E7/><V40/><F40/><AGARI ba="0,1" hai="11,12,16,40,44,49,54,58,61,76,77" m="49191" machi="40" ten="30,5800,0" yaku="8,1,54,2" doraHai="104" who="1" fromWho="2" sc="145,0,210,68,330,-58,305,0" /><INIT seed="5,1,0,5,0,21" ten="145,278,272,305" oya="1" hai0="62,10,36,49,107,75,41,127,133,63,26,114,121" hai1="103,76,109,119,83,100,42,14,47,44,59,98,30" hai2="23,93,92,74,132,58,130,46,129,115,108,106,48" hai3="12,57,102,72,94,73,6,99,16,8,2,28,104"/><U70/><E70/><V88/><F108/><W54/><G104/><T79/><D114/><U117/><E109/><V35/><F74/><W135/><G135/><T131/><D133/><U13/><E30/><V29/><F132/><W31/><G72/><T27/><D107/><U80/><E59/><V56/><F115/><W4/><G73/><T3/><D131/><N who="2" m="50186" /><F35/><W17/><G17/><T51/><D127/><U82/><E76/><V125/><F106/><W40/><G40/><T37/><D121/><U5/><E5/><V68/><F68/><W71/><G71/><T77/><D75/><U89/><E89/><V122/><F125/><W134/><G134/><T67/><D10/><U39/><E98/><N who="2" m="57607" /><F93/><W7/><REACH who="3" step="1"/><G2/><REACH who="3" ten="145,278,272,295" step="2"/><T65/><D41/><U25/><E42/><N who="2" m="24663" /><F122/><W0/><G0/><AGARI ba="1,1" hai="0,3,26,27,36,37,49,51,62,63,65,67,77,79" machi="0" ten="25,6400,0" yaku="22,2,52,2" doraHai="21" who="0" fromWho="3" sc="145,77,278,0,272,0,295,-67" /><INIT seed="6,0,0,3,1,59" ten="222,278,272,228" oya="2" hai0="52,131,106,113,71,43,117,40,14,65,58,111,114" hai1="121,31,70,53,93,10,77,122,100,135,15,118,95" hai2="45,5,60,2,66,29,124,25,88,19,16,22,102" hai3="7,75,50,104,21,44,86,72,24,134,94,12,97"/><V8/><F124/><W126/><G134/><T119/><D106/><U6/><E118/><N who="0" m="45065" /><D111/><U0/><E135/><V76/><F76/><W120/><G120/><T115/><D131/><U41/><E77/><V130/><F130/><W132/><G126/><T55/><D14/><U101/><E41/><N who="0" m="15945" /><D71/><U108/><E108/><V112/><F112/><W79/><G132/><T99/><D99/><U9/><E31/><V30/><F45/><W57/><G104/><T35/><D35/><U46/><E70/><V96/><F29/><W18/><G57/><T84/><D84/><U63/><E46/><V85/><F96/><W17/><G7/><T67/><D55/><U74/><E74/><V64/><F102/><W62/><G86/><T13/><D13/><U73/><E73/><V81/><F64/><W3/><G3/><T129/><D129/><U92/><E100/><V54/><F54/><N who="3" m="30023" /><G75/><T82/><D82/><U91/><E101/><V27/><F27/><W51/><G72/><T36/><D36/><U90/><E122/><V26/><F26/><W28/><G12/><T34/><D34/><U87/><E121/><V107/><F107/><W123/><G123/><T116/><N who="0" m="45073" /><T125/><DORA hai="110" /><D125/><U128/><E128/><V48/><F48/><AGARI ba="0,0" hai="48,52,58,65,67,113,114,115" m="15945,45073" machi="48" ten="50,16000,3" yaku="15,1,12,1,34,2,52,3,54,1" doraHai="59,110" who="0" fromWho="2" sc="222,160,278,0,272,-160,228,0" /><INIT seed="7,0,0,1,0,85" ten="382,278,112,228" oya="3" hai0="72,117,105,35,128,64,12,58,54,98,2,69,112" hai1="73,110,102,60,119,115,95,55,6,15,94,3,101" hai2="40,8,45,61,82,25,53,62,93,43,132,103,1" hai3="24,74,16,18,56,124,59,71,111,68,51,127,126"/><W7/><G74/><T5/><D72/><U130/><E73/><V116/><F116/><W86/><G7/><T63/><D117/><U134/><E119/><V4/><F132/><W133/><G133/><T13/><D35/><U47/><E134/><V41/><F82/><W129/><G129/><T49/><D128/><U52/><E3/><V121/><F121/><W34/><G111/><T65/><D112/><U19/><E6/><V42/><N who="2" m="10240" /><DORA hai="80" /><V36/><F36/><W14/><G86/><T9/><D65/><U131/><E115/><V30/><F103/><W27/><G34/><T44/><D69/><N who="3" m="26697" /><G51/><T89/><D105/><U97/><E110/><V99/><F99/><W11/><G18/><T29/><D29/><U70/><E70/><V23/><REACH who="2" step="1"/><F93/><REACH who="2" ten="382,278,102,228" step="2"/><W87/><G87/><T0/><D98/><N who="1" m="59607" /><E131/><V125/><F125/><W67/><G127/><T39/><D39/><U79/><E130/><V120/><F120/><W107/><G126/><T21/><D0/><U38/><E38/><V104/><F104/><W32/><G107/><T90/><D2/><U50/><E102/><V114/><F114/><W88/><G124/><T113/><D113/><U22/><E95/><V92/><F92/><W83/><G83/><T106/><D106/><U28/><E97/><V108/><F108/><W77/><G77/><T118/><D118/><U96/><E96/><V76/><F76/><W48/><G88/><T33/><D90/><U66/><E79/><V10/><F10/><W26/><G11/><T123/><D123/><U91/><E91/><V135/><F135/><W75/><G75/><RYUUKYOKU ba="0,1" sc="382,-10,278,-10,102,30,228,-10" hai2="1,4,8,23,25,30,45,53,61,62" owari="382,48.0,268,7.0,132,-37.0,218,-18.0" /></mjloggm>