<mjloggm ver="2.3"><GO type="185" lobby="0"/><UN n0="%E3%82%B0%E3%83%A9%E3%83%B3%E3%83%84%39%30" n1="%50%42%33%2D%50" n2="%E7%A9%BA%E3%81%AB%E8%8A%B1%E7%81%AB" n3="" dan="16,17,17,0" rate="2139.80,2250.10,2207.45,1500.00" sx="M,M,M,C"/><TAIKYOKU oya="0"/><INIT seed="0,0,0,3,4,121" ten="350,350,350,0" oya="0" hai0="67,128,125,82,34,88,114,131,2,38,84,92,119" hai1="33,87,89,130,43,86,73,60,116,105,50,111,69" hai2="35,115,47,52,117,56,75,108,127,83,42,98,66" hai3=""/><T72/><D2/><U76/><E33/><V46/><F35/><T45/><D34/><U118/><E105/><V123/><N who="2" m="31520" /><V112/><F117/><T41/><D119/><U36/><E36/><V68/><F127/><T44/><D125/><U132/><E73/><V100/><F83/><T110/><D114/><U96/><E96/><V134/><F75/><T129/><D67/><U99/><E99/><V37/><F134/><T81/><D110/><U57/><E111/><V113/><F108/><T91/><D72/><U107/><E69/><V106/><F47/><T32/><D32/><U55/><E107/><V104/><F104/><T101/><D101/><U103/><E103/><V97/><F98/><T90/><D45/><U120/><E132/><V65/><REACH who="2" step="1"/><F68/><REACH who="2" ten="350,350,340,0" step="2"/><T48/><D38/><U122/><N who="1" m="30752" /><U109/><E109/><V53/><F53/><T133/><D133/><U78/><E55/><V58/><F58/><T63/><D82/><U102/><E116/><V124/><F124/><T39/><D39/><U71/><E118/><V61/><AGARI ba="0,1" hai="37,42,46,52,56,61,65,66,97,100,106,112,113,115" m="31520" machi="61" ten="30,6000,1" yaku="1,1,0,1,52,1,54,1,53,1" doraHai="121" doraHaiUra="54" who="2" fromWho="2" sc="350,-40,350,-20,340,70,0,0" /><INIT seed="1,0,0,4,2,114" ten="310,330,410,0" oya="1" hai0="123,42,88,86,72,48,67,130,45,77,121,39,131" hai1="46,124,118,70,80,87,111,94,44,128,129,96,115" hai2="61,117,92,95,108,71,66,68,113,59,125,54,133" hai3=""/><U41/><E115/><V57/><F113/><T55/><N who="0" m="31008" /><T36/><N who="0" m="31520" /><T91/><D67/><U73/><E70/><V103/><F133/><T112/><D112/><U50/><E73/><V63/><F125/><T74/><D39/><U104/><E104/><V105/><F108/><T69/><D69/><U99/><E124/><V33/><F33/><T32/><D32/><U1/><E1/><V75/><F75/><T76/><D74/><U52/><E111/><V102/><F117/><T119/><D91/><U101/><E99/><V47/><F47/><T106/><D106/><U84/><E118/><V2/><F2/><T38/><D38/><U97/><E97/><V81/><F105/><T127/><D127/><U64/><E64/><V93/><F71/><T89/><D89/><U120/><N who="1" m="30752" /><U60/><E84/><V62/><F81/><T56/><D119/><U83/><E83/><V100/><F68/><T122/><N who="0" m="31264" /><T79/><REACH who="0" step="1"/><D72/><REACH who="0" ten="300,330,410,0" step="2"/><U82/><E101/><V134/><F134/><T135/><D135/><U3/><E3/><V65/><F66/><T109/><D109/><U132/><E132/><V0/><F0/><T43/><D43/><U85/><E41/><V40/><F40/><T107/><D107/><RYUUKYOKU ba="0,1" sc="300,10,330,-20,410,10,0,0" hai0="36,42,45,48,55,56,76,77,79,86,88,130,131" hai2="54,57,59,61,62,63,65,92,93,95,100,102,103" /><INIT seed="2,1,1,5,2,89" ten="310,310,420,0" oya="2" hai0="47,80,123,118,90,124,59,86,50,82,54,135,117" hai1="46,112,60,65,108,58,94,110,79,38,48,101,134" hai2="114,106,81,68,133,116,73,77,96,102,107,39,70" hai3=""/><V1/><F1/><T34/><N who="0" m="31520" /><T122/><N who="0" m="31264" /><T33/><D124/><U91/><E112/><V95/><F116/><T41/><D135/><U92/><E134/><V104/><F114/><T67/><D67/><U113/><E113/><V131/><F133/><T100/><D100/><U36/><E79/><V0/><F0/><T45/><D45/><U43/><E101/><V35/><F35/><T64/><D64/><U40/><E40/><V83/><F131/><T85/><D118/><U98/><REACH who="1" step="1"/><E92/><REACH who="1" ten="310,300,420,0" step="2"/><V32/><F32/><T71/><D117/><U3/><E3/><V97/><F95/><T109/><D109/><AGARI ba="1,2" hai="36,38,43,46,48,58,60,65,91,94,98,108,109,110" machi="109" ten="40,5200,0" yaku="1,1,14,1,52,1,53,0" doraHai="89" doraHaiUra="103" who="1" fromWho="0" sc="310,-54,300,74,420,0,0,0" /><INIT seed="4,0,0,2,4,128" ten="256,374,420,0" oya="0" hai0="46,127,121,0,57,110,76,132,117,95,94,115,133" hai1="80,38,96,88,116,39,82,54,61,1,109,122,68" hai2="123,37,93,74,98,47,106,134,3,33,64,70,87" hai3=""/><T90/><N who="0" m="31008" /><T104/><D0/><U102/><N who="1" m="31264" /><U51/><E1/><V91/><N who="2" m="31520" /><V99/><F3/><T108/><D117/><U50/><E116/><V113/><F33/><T130/><D104/><U81/><E109/><N who="0" m="42089" /><D130/><U55/><E68/><V100/><F113/><T131/><D131/><U66/><E66/><V45/><F70/><T53/><D115/><U59/><E61/><V49/><F64/><T75/><D127/><U42/><E42/><V77/><F106/><T105/><D105/><U56/><E102/><V112/><F100/><T44/><D94/><AGARI ba="0,0" hai="38,39,50,51,54,55,56,59,80,81,82,88,94,96" m="31264" machi="94" ten="40,5200,0" yaku="9,1,52,1,54,1" doraHai="128" who="1" fromWho="0" sc="256,-52,374,52,420,0,0,0" /><INIT seed="5,0,0,3,0,63" ten="204,426,420,0" oya="1" hai0="122,119,47,135,98,71,70,115,49,38,59,125,80" hai1="48,40,111,133,33,73,91,74,118,58,114,56,36" hai2="43,86,93,65,85,104,99,66,105,52,94,123,106" hai3=""/><U57/><E33/><V69/><N who="2" m="31520" /><V46/><F69/><T129/><N who="0" m="31264" /><T77/><D115/><U84/><E118/><V72/><F72/><T62/><D119/><U134/><E36/><V107/><F106/><T68/><D129/><U55/><E40/><V75/><F75/><N who="1" m="28681" /><E111/><V81/><F52/><T3/><D3/><U96/><E96/><V95/><F99/><T37/><D98/><U32/><E32/><V102/><F102/><T126/><D80/><U54/><E54/><V83/><F83/><T132/><D77/><U41/><E41/><V113/><F113/><T0/><D0/><U51/><E55/><V50/><REACH who="2" step="1"/><F85/><REACH who="2" ten="204,426,410,0" step="2"/><T103/><D103/><U89/><E84/><V35/><F35/><T60/><D68/><U112/><E112/><V87/><F87/><T117/><D117/><U130/><E114/><V82/><F82/><T101/><D101/><U42/><E57/><V109/><F109/><T124/><D124/><U128/><E58/><V64/><F64/><T39/><D39/><U78/><E56/><V120/><N who="2" m="30752" /><V121/><N who="2" m="31008" /><V45/><F45/><T127/><D127/><U100/><E100/><V53/><F53/><T108/><D59/><U44/><E44/><V97/><F97/><RYUUKYOKU ba="0,1" sc="204,-10,426,-10,410,20,0,0" hai2="43,46,50,65,66,81,86,93,94,95,104,105,107" /><INIT seed="6,1,1,4,2,131" ten="194,416,430,0" oya="2" hai0="122,37,73,1,88,40,121,82,93,43,45,126,110" hai1="48,56,81,86,33,75,76,55,115,50,39,35,101" hai2="74,47,96,58,94,59,79,95,135,72,97,117,132" hai3=""/><V111/><F117/><T65/><N who="0" m="31008" /><T38/><N who="0" m="31264" /><T41/><D1/><U102/><E39/><V113/><F113/><T100/><D110/><U98/><E115/><V84/><F84/><T90/><D126/><U68/><E68/><V70/><F70/><T85/><D65/><U64/><E64/><V61/><F47/><T107/><D38/><U3/><E3/><V52/><F111/><T116/><D116/><U69/><E69/><V133/><F59/><T91/><D91/><U128/><E128/><V66/><F66/><T109/><D109/><U123/><N who="1" m="31520" /><U80/><E50/><V104/><F104/><T32/><D32/><U67/><E67/><V125/><F125/><T42/><D42/><U112/><E102/><V49/><F49/><T92/><D92/><N who="2" m="35370" /><F79/><T130/><D130/><U60/><E48/><V2/><F2/><T105/><D105/><U114/><E114/><V99/><AGARI ba="1,1" hai="52,58,61,72,74,96,97,99,132,133,135" m="35370" machi="99" ten="40,8000,1" yaku="20,1,52,3,54,1" doraHai="131" who="2" fromWho="2" sc="194,-41,416,-41,430,92,0,0" owari="153,-45.0,375,-2.0,522,47.0,0,0.0" /></mjloggm>