<mjloggm ver="2.3"><GO type="185" lobby="0"/><UN n0="%E2%99%AA%E5%A4%A2%E5%85%88%E6%A1%88%E5%86%85%E4%BA%BA" n1="%E9%A0%88%E7%94%B0%E3%83%9F%E3%83%BC%E3%82%B3" n2="%E3%83%8F%E3%83%94%E3%83%AA%E3%83%83%E3%83%88" n3="" dan="16,16,17,0" rate="2223.98,2158.78,2242.11,1500.00" sx="F,M,M,C"/><TAIKYOKU oya="0"/><INIT seed="0,0,0,1,5,133" ten="350,350,350,0" oya="0" hai0="84,135,61,49,93,129,112,70,38,106,101,71,34" hai1="115,54,50,48,36,126,122,74,79,56,69,57,100" hai2="113,88,119,95,0,99,98,110,40,42,131,62,86" hai3=""/><T97/><D112/><U118/><N who="1" m="31264" /><U81/><E118/><V105/><F113/><T111/><D135/><U63/><E115/><V127/><F0/><T3/><D3/><U68/><E36/><V39/><F119/><T91/><D34/><U107/><E126/><V103/><F110/><T134/><D134/><U108/><E108/><V35/><F35/><T52/><D129/><U130/><E130/><V109/><F109/><T66/><D111/><U51/><REACH who="1" step="1"/><E57/><REACH who="1" ten="350,340,350,0" step="2"/><V41/><F131/><T123/><N who="0" m="31520" /><T116/><D38/><U89/><E89/><V65/><F127/><T32/><D116/><U80/><E80/><V78/><F39/><T83/><D32/><U33/><E33/><V43/><F78/><T2/><D2/><U55/><E55/><V117/><F117/><T46/><REACH who="0" step="1"/><D70/><REACH who="0" ten="340,340,350,0" step="2"/><U1/><E1/><V58/><N who="2" m="10240" /><DORA hai="72" /><V124/><REACH who="2" step="1"/><F124/><REACH who="2" ten="340,340,340,0" step="2"/><T77/><D77/><U94/><E94/><AGARI ba="0,3" hai="46,49,52,61,66,71,83,84,91,93,94,97,101,106" m="31520" machi="94" ten="40,12000,1" yaku="1,1,52,1,54,1,53,2" doraHai="133,72" doraHaiUra="90,128" who="0" fromWho="1" sc="340,150,340,-120,340,0,0,0" /><INIT seed="0,1,0,0,4,38" ten="490,220,340,0" oya="0" hai0="127,124,66,131,121,65,69,1,98,132,115,116,51" hai1="54,73,40,55,80,118,117,63,82,106,84,128,97" hai2="108,75,123,61,77,104,93,76,39,70,41,44,99" hai3=""/><T35/><RYUUKYOKU type="yao9" ba="1,0" sc="490,0,220,0,340,0,0,0" hai0="1,35,51,65,66,69,98,115,116,121,124,127,131,132" /><INIT seed="0,2,0,3,3,109" ten="490,220,340,0" oya="0" hai0="84,46,41,99,53,70,115,54,82,108,76,49,34" hai1="52,103,97,83,32,36,71,62,80,77,39,43,100" hai2="88,67,72,1,79,85,132,89,47,87,66,44,106" hai3=""/><T63/><D34/><U86/><E32/><V65/><F106/><T105/><D108/><U93/><E43/><V101/><F1/><T68/><D115/><U102/><E80/><V55/><F132/><T57/><REACH who="0" step="1"/><D41/><REACH who="0" ten="480,220,340,0" step="2"/><U81/><E81/><V119/><F119/><T38/><D38/><U75/><E36/><V56/><F44/><T35/><D35/><U116/><E39/><V127/><F47/><T94/><D94/><U61/><E116/><V33/><F33/><T74/><D74/><U124/><E75/><V0/><F72/><T51/><D51/><U92/><E124/><V91/><F127/><T129/><D129/><U73/><E73/><V114/><F114/><T125/><D125/><U122/><N who="1" m="31264" /><U2/><E93/><V128/><F128/><T78/><D78/><U50/><E92/><V118/><F79/><T112/><D112/><U64/><E77/><V113/><F113/><T120/><N who="0" m="30752" /><T110/><D110/><U40/><E40/><V69/><F118/><T48/><D48/><U117/><E117/><V45/><F45/><T37/><D37/><U123/><E123/><V135/><F135/><T42/><D42/><U133/><E133/><V131/><F131/><T104/><D104/><U3/><E3/><RYUUKYOKU ba="2,1" sc="480,20,220,-10,340,-10,0,0" hai0="46,49,53,54,57,63,68,70,76,82,84,99,105" /><INIT seed="0,3,1,2,5,113" ten="500,210,330,0" oya="0" hai0="66,37,67,58,99,111,109,108,94,130,60,56,84" hai1="120,77,36,135,93,44,107,101,131,122,49,70,78" hai2="48,43,51,102,81,87,126,62,73,91,117,50,63" hai3=""/><T64/><D130/><U52/><N who="1" m="30752" /><U106/><N who="1" m="31264" /><U104/><E131/><V59/><F126/><T79/><D37/><U42/><E70/><V90/><F102/><T134/><D134/><U54/><E135/><V38/><F38/><T46/><D46/><U74/><E74/><V35/><F35/><T39/><D39/><U86/><E54/><V47/><F73/><T103/><REACH who="0" step="1"/><D60/><REACH who="0" ten="490,210,330,0" step="2"/><U118/><E118/><V92/><F117/><T34/><D34/><U121/><N who="1" m="31008" /><U123/><N who="1" m="31520" /><U65/><E36/><V105/><F62/><T97/><D97/><U76/><E42/><V98/><F105/><T96/><D96/><U124/><E124/><V68/><F68/><T128/><D128/><U71/><E71/><V69/><F69/><T0/><D0/><U57/><E44/><V55/><AGARI ba="3,2" hai="43,47,48,50,51,55,59,63,81,87,90,91,92,98" machi="55" ten="20,2000,0" yaku="0,1,7,1,8,1" doraHai="113" who="2" fromWho="2" sc="490,-16,210,-10,330,46,0,0" /><INIT seed="1,0,0,3,3,118" ten="474,200,376,0" oya="1" hai0="65,59,60,109,131,37,96,2,132,68,120,126,111" hai1="123,115,101,113,133,125,46,98,66,99,1,55,35" hai2="94,85,89,116,100,58,72,71,124,67,114,75,64" hai3=""/><U57/><N who="1" m="31520" /><U39/><E35/><V32/><F116/><T43/><N who="0" m="30752" /><T103/><D2/><U122/><N who="1" m="31264" /><U90/><E1/><V92/><F32/><T97/><D126/><U48/><E125/><V54/><F124/><T88/><D131/><U76/><E133/><V74/><F114/><T105/><D132/><U127/><E127/><V128/><F71/><T77/><D77/><U80/><E90/><V83/><F128/><T91/><D96/><U121/><N who="1" m="31008" /><U38/><E99/><V110/><F110/><T112/><D112/><U44/><E44/><V108/><F108/><N who="0" m="41546" /><D43/><U95/><E66/><V84/><F100/><T104/><D37/><U86/><REACH who="1" step="1"/><E38/><REACH who="1" ten="474,190,376,0" step="2"/><V78/><F67/><T102/><D88/><U49/><E49/><V107/><F64/><T81/><D91/><U51/><E51/><V40/><F89/><T82/><D68/><U47/><E47/><V129/><F129/><T62/><D97/><U42/><AGARI ba="0,1" hai="39,42,46,48,55,57,76,80,86,95,98,101,113,115" m="31008,31264,31520" machi="42" ten="30,16000,3" yaku="1,1,0,1,52,6,53,0" doraHai="118" doraHaiUra="106" who="1" fromWho="1" sc="474,-80,190,170,376,-80,0,0" /><INIT seed="1,1,0,3,4,34" ten="394,360,296,0" oya="1" hai0="110,33,118,116,106,37,111,40,99,69,71,131,77" hai1="1,54,92,74,113,55,63,128,122,91,120,66,121" hai2="50,43,133,64,104,112,115,35,100,56,125,61,58" hai3=""/><U86/><N who="1" m="30752" /><U32/><N who="1" m="31008" /><U78/><N who="1" m="31264" /><U53/><E32/><V70/><F35/><T72/><D33/><U39/><E113/><N who="2" m="43595" /><F100/><T123/><N who="0" m="31520" /><T90/><D131/><U41/><E128/><V117/><F104/><T98/><D40/><U85/><E1/><V60/><F117/><N who="0" m="45162" /><D37/><U57/><E74/><V81/><F81/><T2/><D2/><U65/><E65/><V82/><F82/><T107/><D77/><U135/><E135/><V126/><F133/><T79/><D79/><U124/><E124/><N who="2" m="47723" /><F60/><T105/><D72/><U0/><E0/><V67/><F64/><T73/><D73/><U51/><E78/><V119/><F119/><T36/><D36/><U75/><E75/><V47/><AGARI ba="1,0" hai="43,47,50,56,58,61,67,70" m="47723,43595" machi="47" ten="40,6000,1" yaku="11,1,18,1,34,2" doraHai="34" who="2" fromWho="2" sc="394,-21,360,-41,296,62,0,0" /><INIT seed="2,0,0,0,2,77" ten="373,319,358,0" oya="2" hai0="3,42,64,76,98,80,32,99,0,85,114,131,106" hai1="128,34,74,121,107,36,51,117,53,78,2,46,123" hai2="91,49,93,132,122,44,125,126,66,63,129,97,113" hai3=""/><V101/><N who="2" m="31264" /><V38/><F113/><T100/><D32/><U133/><E78/><V79/><F38/><T127/><D127/><U56/><E46/><V89/><F79/><T62/><D131/><U130/><E56/><V45/><F132/><T135/><D135/><U124/><E53/><V58/><F44/><T35/><D35/><U61/><N who="1" m="31008" /><U73/><E51/><V71/><F71/><T48/><D114/><U95/><E95/><V50/><F50/><T82/><D82/><U55/><E55/><V110/><F129/><T33/><D33/><U70/><E61/><V104/><F110/><T92/><D42/><U81/><E81/><V108/><F108/><T105/><D48/><U69/><E69/><V1/><F1/><T120/><N who="0" m="30752" /><T90/><REACH who="0" step="1"/><D106/><REACH who="0" ten="363,319,358,0" step="2"/><U59/><E128/><V37/><F37/><T134/><D134/><U111/><E59/><AGARI ba="0,1" hai="0,3,59,62,64,76,80,85,90,92,98,99,100,105" m="30752" machi="59" ten="30,8000,1" yaku="1,1,7,1,52,2,53,1" doraHai="77" doraHaiUra="118" who="0" fromWho="1" sc="363,90,319,-80,358,0,0,0" /><INIT seed="4,0,0,4,3,94" ten="453,239,358,0" oya="0" hai0="48,112,111,3,114,131,99,42,49,121,135,124,56" hai1="69,134,45,128,101,39,68,86,79,88,73,72,75" hai2="38,51,66,57,133,35,67,33,70,41,46,130,108" hai3=""/><T85/><N who="0" m="31008" /><T105/><D3/><U71/><E128/><V65/><F108/><T83/><D131/><U37/><E134/><V47/><F130/><T50/><D135/><U32/><E79/><V40/><F133/><T76/><D111/><U122/><N who="1" m="31264" /><U125/><E125/><V100/><F100/><T55/><D124/><U102/><E32/><V36/><F33/><T80/><D80/><U44/><E86/><V58/><F35/><T1/><D1/><U84/><E84/><V127/><F127/><T126/><D126/><U2/><E2/><V106/><F106/><T77/><D76/><U107/><E88/><V129/><F129/><T91/><D42/><U116/><E116/><V34/><F34/><T132/><D132/><U109/><E109/><V110/><F110/><T87/><D85/><U118/><E118/><V82/><F82/><T92/><REACH who="0" step="1"/><D105/><REACH who="0" ten="443,239,358,0" step="2"/><U90/><E107/><V113/><F113/><AGARI ba="0,1" hai="48,49,50,55,56,77,83,87,91,92,99,112,113,114" m="31008" machi="113" ten="40,18000,2" yaku="1,1,2,1,15,1,52,2,53,1" doraHai="94" doraHaiUra="74" who="0" fromWho="2" sc="443,190,239,0,358,-180,0,0" /><INIT seed="4,1,0,0,1,94" ten="633,239,178,0" oya="0" hai0="128,44,83,45,95,125,119,62,69,74,120,84,105" hai1="118,133,67,55,64,61,104,77,85,53,33,81,35" hai2="50,66,108,73,47,132,98,38,3,87,86,92,70" hai3=""/><T78/><N who="0" m="30752" /><T127/><D119/><U93/><E118/><V32/><F108/><T101/><D128/><U115/><E104/><V90/><F32/><T43/><D69/><U124/><E124/><N who="0" m="47689" /><D62/><U111/><E133/><V97/><F3/><T40/><D105/><U79/><E111/><V130/><F73/><T76/><D76/><U99/><E79/><V36/><F130/><T34/><D34/><U89/><E115/><V54/><F132/><T112/><D112/><U41/><E41/><N who="0" m="15945" /><D74/><U56/><E33/><V75/><F75/><T117/><D117/><U135/><E135/><V96/><REACH who="2" step="1"/><F87/><REACH who="2" ten="633,239,168,0" step="2"/><T42/><D42/><U57/><REACH who="1" step="1"/><E35/><REACH who="1" ten="633,229,168,0" step="2"/><V103/><F103/><T116/><D116/><U49/><AGARI ba="1,2" hai="49,53,55,56,57,61,64,67,77,81,85,89,93,99" machi="49" ten="20,9000,2" yaku="1,1,2,1,0,1,7,1,8,1,52,1,53,1" doraHai="94" doraHaiUra="72" who="1" fromWho="1" sc="633,-61,229,112,168,-31,0,0" /><INIT seed="5,0,0,5,5,123" ten="572,341,137,0" oya="1" hai0="48,129,0,114,60,79,32,51,116,80,120,36,126" hai1="61,117,88,64,99,125,38,132,110,74,83,78,122" hai2="50,100,81,128,130,112,52,119,105,87,55,35,76" hai3=""/><U54/><N who="1" m="31264" /><U109/><E117/><V67/><F119/><T68/><D60/><U102/><E125/><V72/><F35/><T39/><D0/><U49/><E38/><V53/><F112/><T56/><D32/><U46/><E132/><V84/><F67/><T66/><D68/><U103/><E88/><V96/><REACH who="2" step="1"/><F50/><REACH who="2" ten="572,341,127,0" step="2"/><T106/><N who="0" m="30752" /><T77/><D48/><U70/><REACH who="1" step="1"/><E103/><REACH who="1" ten="572,331,127,0" step="2"/><V91/><F91/><T33/><D36/><U131/><E131/><AGARI ba="0,2" hai="52,53,55,72,76,81,84,87,96,100,105,128,130,131" machi="131" ten="40,12000,2" yaku="1,1,19,1,54,1,53,3" doraHai="123" doraHaiUra="127" who="2" fromWho="1" sc="572,0,331,-120,127,140,0,0" /><INIT seed="6,0,0,5,5,79" ten="572,211,267,0" oya="2" hai0="121,41,125,49,120,3,72,135,84,89,132,46,37" hai1="96,56,39,73,35,76,2,118,78,58,97,32,105" hai2="74,62,111,87,104,42,36,115,123,119,47,71,134" hai3=""/><V48/><RYUUKYOKU type="yao9" ba="0,0" sc="572,0,211,0,267,0,0,0" hai2="36,42,47,48,62,71,74,87,104,111,115,119,123,134" /><INIT seed="6,1,0,1,3,41" ten="572,211,267,0" oya="2" hai0="54,127,133,92,78,87,1,43,65,2,3,99,33" hai1="93,115,89,76,45,128,130,101,55,98,42,129,73" hai2="125,120,46,64,36,114,60,53,90,80,119,44,103" hai3=""/><V66/><N who="2" m="30752" /><V48/><F119/><T82/><D33/><U69/><E115/><V104/><F114/><T70/><D127/><U121/><N who="1" m="31008" /><U88/><E69/><V57/><F125/><T83/><D133/><U126/><E126/><V95/><F104/><T135/><D43/><U77/><E55/><V56/><F103/><T0/><D0/><U79/><E73/><V86/><F36/><AGARI ba="1,0" hai="36,42,45,76,77,79,88,89,93,98,101,128,129,130" m="31008" machi="36" ten="50,8000,1" yaku="19,1,52,2,54,1" doraHai="41" who="1" fromWho="2" sc="572,0,211,82,267,-82,0,0" owari="572,52.0,293,-11.0,185,-41.0,0,0.0" /></mjloggm>