<mjloggm ver="2.3"><GO type="169" lobby="0"/><UN n0="%43%68%69%39%77%61" n1="%4D%E6%9C%AC" n2="%6F%73%72%67" n3="%E5%A4%A7%E6%B2%BB%E9%83%8E%23%37%34" dan="17,17,17,16" rate="2144.64,2193.86,2195.29,2137.27" sx="M,M,M,M"/><TAIKYOKU oya="0"/><INIT seed="0,0,0,3,5,113" ten="250,250,250,250" oya="0" hai0="24,124,95,3,25,34,78,76,86,64,19,74,71" hai1="1,100,91,112,15,126,27,77,60,22,21,43,123" hai2="105,80,31,107,47,82,6,120,104,18,49,93,50" hai3="89,41,54,116,23,135,4,131,42,85,72,10,7"/><T38/><D38/><U40/><E123/><V57/><F120/><W66/><G72/><T127/><D3/><U90/><E1/><V103/><F6/><W35/><G35/><T44/><D44/><U106/><E126/><N who="0" m="48169" /><D74/><U79/><E112/><V96/><F31/><W101/><G135/><T73/><D73/><U117/><E117/><V29/><F29/><W108/><G108/><T52/><D52/><U61/><E106/><V81/><F47/><W51/><G116/><T132/><D132/><U62/><E100/><V119/><F57/><W111/><G111/><T56/><D56/><U53/><E53/><V92/><F119/><W97/><G66/><T125/><D125/><U75/><E75/><V20/><REACH who="2" step="1"/><F92/><REACH who="2" ten="250,250,240,250" step="2"/><W133/><G133/><T12/><D95/><U58/><E58/><V70/><F70/><W48/><G4/><T9/><D71/><U16/><E62/><V69/><F69/><W114/><G114/><T11/><D19/><U67/><E61/><V5/><F5/><W36/><G7/><T88/><D34/><U94/><E94/><V37/><F37/><W8/><G36/><T134/><D134/><U59/><E59/><V13/><AGARI ba="0,1" hai="13,18,20,49,50,80,81,82,93,96,103,104,105,107" machi="13" ten="40,8000,1" yaku="1,1,0,1,53,2" doraHai="113" doraHaiUra="46" who="2" fromWho="2" sc="250,-40,250,-20,240,90,250,-20" /><INIT seed="1,0,0,1,5,23" ten="210,230,330,230" oya="1" hai0="48,125,123,36,56,85,84,71,39,98,75,5,26" hai1="57,135,60,109,24,18,122,102,130,59,106,91,77" hai2="11,110,89,58,127,46,16,42,116,8,62,118,1" hai3="76,87,68,12,22,78,3,29,86,131,19,80,2"/><U9/><E122/><V124/><F110/><W47/><G68/><T21/><D71/><U73/><E135/><V99/><F1/><W94/><G131/><T95/><D75/><U6/><E130/><V107/><F107/><W61/><G61/><T104/><D104/><U74/><E77/><V117/><F99/><W112/><G112/><T14/><D125/><U43/><E43/><V129/><F89/><W4/><G4/><T120/><D39/><U65/><E109/><V20/><F129/><W49/><G29/><T115/><D36/><U113/><E113/><V52/><F8/><W45/><G45/><T90/><D115/><U126/><E126/><V32/><F11/><W40/><REACH who="3" step="1"/><G94/><REACH who="3" ten="210,230,330,220" step="2"/><T133/><D120/><U88/><E60/><V15/><REACH who="2" step="1"/><F32/><REACH who="2" ten="210,230,320,220" step="2"/><W50/><G50/><AGARI ba="0,2" hai="15,16,20,42,46,50,52,58,62,116,117,118,124,127" machi="50" ten="40,8000,1" yaku="1,1,2,1,54,2,53,1" doraHai="23" doraHaiUra="53" who="2" fromWho="3" sc="210,0,230,0,320,100,220,-80" /><INIT seed="2,0,0,5,1,97" ten="210,230,420,140" oya="2" hai0="78,14,96,116,95,47,125,77,66,80,73,32,119" hai1="18,0,15,106,30,83,50,22,9,128,21,33,4" hai2="24,126,120,39,74,8,45,12,67,44,108,81,127" hai3="123,72,105,48,65,40,82,38,99,107,28,111,104"/><V70/><F120/><W132/><G123/><T34/><D125/><U98/><E128/><V113/><F113/><W89/><G38/><T37/><D66/><U62/><E83/><V53/><F67/><W90/><G65/><T130/><D78/><U10/><E62/><V134/><F70/><W87/><G28/><T46/><D130/><U122/><E50/><V102/><F24/><W1/><G1/><T94/><D94/><U13/><E122/><V79/><F134/><W20/><G20/><N who="1" m="7786" /><E98/><V16/><F39/><W19/><G19/><T84/><D73/><U109/><E106/><N who="3" m="41066" /><G48/><T51/><D37/><U121/><E109/><V7/><F7/><W60/><G60/><T49/><D49/><U100/><E100/><V2/><F2/><W91/><G40/><T93/><D47/><N who="2" m="17994" /><F53/><W110/><G132/><T88/><D46/><U11/><E121/><V27/><F27/><W26/><G26/><T86/><D51/><U25/><E15/><V5/><F108/><N who="3" m="41515" /><G72/><T31/><D14/><U112/><E112/><V3/><F127/><W129/><G129/><T118/><D118/><U103/><E103/><AGARI ba="0,0" hai="82,87,89,90,91,99,103,107" m="41515,41066" machi="103" ten="30,7700,0" yaku="14,1,34,2,52,1" doraHai="97" who="3" fromWho="1" sc="210,0,230,-77,420,0,140,77" /><INIT seed="3,0,0,0,1,106" ten="210,153,420,217" oya="3" hai0="130,80,77,11,125,54,12,48,16,117,1,103,65" hai1="85,13,74,95,45,88,120,64,96,121,135,105,71" hai2="53,3,49,14,44,15,4,25,61,99,90,81,107" hai3="100,114,43,51,35,84,57,115,50,83,63,89,98"/><W128/><G35/><T70/><D117/><U72/><E64/><V6/><F3/><W86/><G128/><T66/><D130/><U7/><E71/><V27/><F107/><W79/><G114/><T38/><D38/><U28/><E28/><V21/><F61/><W17/><G115/><T10/><D125/><U110/><E45/><V62/><F27/><W129/><G129/><T78/><D103/><N who="1" m="62695" /><E13/><N who="2" m="4619" /><F62/><W18/><G98/><T37/><D37/><U87/><E7/><V46/><F46/><N who="3" m="25951" /><G51/><T34/><D34/><U108/><E135/><V131/><F131/><W104/><G100/><T122/><D70/><U132/><E132/><V92/><F81/><N who="3" m="47167" /><G104/><T119/><D1/><U39/><E39/><V93/><F93/><W29/><G29/><AGARI ba="0,0" hai="4,6,21,25,29,44,49,53,90,92,99" m="4619" machi="29" ten="30,1000,0" yaku="8,1" doraHai="106" who="2" fromWho="3" sc="210,0,153,0,420,10,217,-10" /><INIT seed="4,0,0,5,1,45" ten="210,153,430,207" oya="0" hai0="61,109,75,35,23,92,126,63,122,66,0,4,26" hai1="64,77,101,60,50,80,18,93,81,49,69,98,27" hai2="105,70,103,134,14,41,29,31,1,51,83,73,59" hai3="17,42,86,115,53,19,133,33,68,22,112,117,104"/><T95/><D122/><U108/><E108/><V54/><F1/><W38/><G117/><T114/><D35/><U96/><E81/><V20/><F70/><W21/><G104/><T52/><D114/><U123/><E123/><V113/><F113/><W91/><G68/><T62/><D126/><U74/><E18/><V97/><F41/><W67/><G67/><T57/><D75/><U124/><E124/><V79/><F134/><W132/><G33/><T76/><D76/><U30/><REACH who="1" step="1"/><E96/><REACH who="1" ten="210,143,430,207" step="2"/><V130/><F130/><W39/><G112/><T9/><D109/><U40/><E40/><V65/><F83/><W131/><G115/><T89/><D66/><U118/><E118/><V43/><F65/><W78/><G42/><T7/><D4/><U58/><E58/><V16/><F43/><W48/><G17/><T88/><D57/><U11/><E11/><V24/><F73/><W37/><G78/><T82/><D82/><U90/><E90/><V28/><REACH who="2" step="1"/><F79/><REACH who="2" ten="210,143,420,207" step="2"/><W56/><G39/><T94/><REACH who="0" step="1"/><D52/><REACH who="0" ten="200,143,420,207" step="2"/><U128/><E128/><V119/><F119/><W99/><G131/><T110/><D110/><U71/><E71/><V135/><F135/><W116/><G132/><T100/><D100/><U8/><E8/><AGARI ba="0,3" hai="8,14,16,20,24,28,29,31,51,54,59,97,103,105" machi="8" ten="30,8000,1" yaku="1,1,7,1,52,1,54,1,53,1" doraHai="45" doraHaiUra="55" who="2" fromWho="1" sc="200,0,143,-80,420,110,207,0" /><INIT seed="5,0,0,5,1,112" ten="200,63,530,207" oya="1" hai0="61,126,111,10,92,34,33,36,53,115,31,107,9" hai1="65,64,59,0,120,123,88,86,98,68,27,73,56" hai2="101,72,26,114,24,95,125,83,40,42,135,32,41" hai3="38,28,87,3,54,18,49,43,113,106,108,79,44"/><U133/><E73/><V5/><F114/><W25/><G113/><T13/><D107/><U47/><E0/><V51/><F5/><W15/><G106/><T48/><D36/><U46/><E98/><V21/><F32/><W58/><G3/><T121/><D111/><U99/><E99/><V71/><F71/><W35/><G108/><T1/><D126/><U52/><E68/><V117/><F125/><W96/><G96/><T89/><D61/><U78/><E78/><V130/><F95/><W97/><G97/><T76/><D76/><U109/><E109/><V105/><F101/><W84/><G79/><T66/><D66/><U63/><E133/><V74/><F135/><W60/><G38/><T131/><D1/><U2/><E2/><V104/><F83/><W4/><G4/><T118/><D89/><U39/><E27/><V122/><F42/><W19/><G19/><T102/><D102/><U90/><E39/><V57/><F51/><W14/><G14/><T129/><D48/><U55/><REACH who="1" step="1"/><E63/><REACH who="1" ten="200,53,530,207" step="2"/><V100/><F105/><W94/><G60/><T7/><D115/><U22/><E22/><V93/><F104/><W16/><G25/><T103/><D103/><U116/><E116/><V127/><F100/><W80/><G35/><T17/><D33/><U128/><E128/><V110/><F130/><W81/><G28/><T29/><D34/><U134/><E134/><V91/><F26/><W124/><G124/><T119/><D129/><U132/><E132/><V37/><F24/><W62/><G15/><N who="0" m="7407" /><D131/><U85/><AGARI ba="0,1" hai="46,47,52,55,56,59,64,65,85,86,88,90,120,123" machi="85" ten="25,18000,2" yaku="1,1,0,1,22,2,54,2,53,0" doraHai="112" doraHaiUra="23" who="1" fromWho="1" sc="200,-60,53,190,530,-60,207,-60" /><INIT seed="5,1,0,5,4,101" ten="140,243,470,147" oya="1" hai0="38,10,48,100,103,114,6,96,7,60,94,66,72" hai1="35,135,110,29,127,49,34,73,98,71,33,105,44" hai2="120,83,70,13,28,134,91,124,113,111,15,19,21" hai3="67,25,23,40,92,125,89,52,61,102,9,32,108"/><U77/><E135/><V116/><F70/><W1/><G32/><T87/><D72/><U122/><E122/><V68/><F68/><W17/><G108/><T45/><D114/><U130/><E127/><V84/><F111/><W39/><G125/><T74/><D74/><U0/><E0/><V54/><F124/><W51/><G102/><T63/><D38/><U123/><E123/><V47/><F120/><W58/><G1/><T26/><D26/><U59/><E71/><V75/><F75/><W50/><G9/><T4/><D100/><U42/><E110/><V14/><F113/><W46/><REACH who="3" step="1"/><G67/><REACH who="3" ten="140,243,470,137" step="2"/><T126/><D126/><U69/><E35/><V56/><F134/><W12/><G12/><T41/><D66/><U78/><E34/><V36/><F15/><W62/><G62/><T20/><D10/><U79/><E33/><V97/><F14/><W16/><G16/><T131/><D20/><U90/><E29/><V106/><F13/><W81/><G81/><T11/><D11/><U128/><E73/><V30/><F19/><W64/><G64/><T119/><D63/><U18/><E18/><V104/><F83/><W24/><G24/><T2/><D60/><U88/><E130/><V86/><F21/><W132/><G132/><T95/><D131/><U80/><E80/><V5/><F28/><W115/><G115/><T112/><D112/><U76/><E128/><V27/><F27/><W8/><G8/><N who="0" m="2071" /><D119/><U99/><E69/><V85/><F116/><W65/><G65/><T57/><D6/><U133/><N who="1" m="19456" /><DORA hai="117" /><U37/><E133/><V3/><F5/><RYUUKYOKU ba="1,1" sc="140,-10,243,-10,470,-10,137,30" hai3="17,23,25,39,40,46,50,51,52,58,61,89,92" /><INIT seed="6,2,1,5,5,16" ten="130,233,460,167" oya="2" hai0="102,38,19,82,32,53,0,67,27,131,15,42,113" hai1="56,8,103,24,111,128,9,115,95,23,78,46,61" hai2="87,99,134,18,98,112,7,43,48,120,129,104,94" hai3="47,66,81,2,71,133,17,22,74,118,122,110,114"/><V88/><F120/><W63/><G122/><T55/><D0/><U62/><E111/><V31/><F112/><W54/><G2/><T132/><D113/><U5/><E128/><V41/><F129/><W105/><G114/><T109/><D109/><U25/><E25/><V29/><F7/><W84/><G110/><T65/><D131/><U44/><E78/><V117/><F117/><W26/><G74/><T135/><D102/><U52/><E62/><V30/><F134/><N who="0" m="51242" /><D82/><U14/><E9/><V68/><F68/><W12/><G133/><T75/><D75/><U33/><E33/><V80/><F104/><W4/><G105/><T39/><D53/><U91/><E103/><V69/><F69/><W70/><G118/><T124/><D124/><U108/><E108/><V119/><F119/><W92/><G92/><T35/><D55/><U20/><E115/><V123/><F99/><W125/><G125/><T126/><D126/><U60/><E60/><V97/><F97/><W13/><G71/><T72/><D72/><U116/><E116/><V57/><F57/><W83/><G4/><T49/><D49/><U79/><E79/><V90/><F48/><W73/><G73/><T130/><D130/><U45/><E24/><V28/><F123/><W11/><G70/><T50/><D50/><U106/><E106/><V89/><F89/><W85/><G54/><T64/><D27/><U37/><E37/><N who="0" m="13833" /><D42/><U51/><E51/><V58/><F58/><N who="3" m="37239" /><G26/><T101/><D101/><U100/><E100/><V3/><F43/><W34/><G34/><T59/><D59/><U121/><E121/><RYUUKYOKU ba="2,1" sc="130,15,233,15,460,-15,167,-15" hai0="15,19,32,35,64,65,67" hai1="5,8,14,20,23,44,45,46,52,56,61,91,95" /><INIT seed="7,3,1,4,0,103" ten="145,248,445,152" oya="3" hai0="127,86,39,32,19,128,5,37,43,96,31,6,78" hai1="73,88,135,20,66,107,48,38,82,53,72,0,68" hai2="41,131,30,46,69,11,87,133,112,62,45,42,10" hai3="59,28,91,80,129,36,98,90,115,117,57,106,94"/><W111/><G36/><T122/><D122/><U47/><E0/><V104/><F30/><W121/><G121/><T63/><D127/><U70/><E107/><V12/><F104/><W29/><G117/><T16/><D63/><U21/><E135/><V61/><F112/><W114/><G106/><T132/><D132/><U119/><E119/><V14/><F87/><N who="3" m="50535" /><G111/><T35/><D96/><U84/><E38/><N who="0" m="14345" /><D43/><U27/><E21/><V58/><F69/><W74/><G74/><T83/><D31/><N who="3" m="11849" /><G129/><T52/><D128/><U92/><E73/><V13/><F133/><W8/><G8/><T1/><D1/><U3/><E3/><V110/><F110/><W108/><G108/><T34/><D34/><U116/><E116/><V4/><F131/><W75/><G75/><T67/><D35/><U33/><E33/><V123/><F123/><W79/><G79/><T100/><D32/><U95/><E72/><V64/><F11/><W40/><G40/><T93/><D78/><U51/><E70/><V97/><F42/><W77/><G77/><T22/><D83/><U49/><E82/><V109/><F41/><W17/><G17/><T81/><D19/><N who="1" m="12703" /><E95/><V130/><F109/><W56/><G115/><T23/><D16/><U102/><E102/><V50/><F130/><W120/><G120/><T118/><D118/><U101/><E101/><V9/><F9/><W134/><G134/><T125/><D125/><U18/><E18/><V71/><F10/><W126/><G126/><T60/><D93/><U2/><E2/><V99/><F71/><W44/><G114/><T85/><D100/><RYUUKYOKU ba="3,1" sc="145,-15,248,15,445,-15,152,15" hai1="47,48,49,51,53,66,68,84,88,92" hai3="44,56,57,59,91,94,98" /><INIT seed="7,4,1,1,2,119" ten="130,263,430,167" oya="3" hai0="72,24,9,36,65,26,55,82,63,76,124,61,20" hai1="10,121,44,102,132,54,12,19,101,113,70,81,69" hai2="99,41,5,123,37,95,67,90,48,42,109,100,22" hai3="47,133,128,127,52,0,14,15,96,33,131,4,18"/><W59/><G33/><T85/><D36/><U134/><E121/><V103/><F37/><W38/><G127/><T49/><D124/><U71/><E113/><V79/><F109/><W112/><G112/><T28/><D9/><U110/><E110/><V93/><F67/><W104/><G133/><N who="1" m="51306" /><E81/><V46/><F79/><W105/><G0/><T97/><D97/><U80/><E80/><V32/><F32/><W122/><G4/><T111/><D111/><U77/><E77/><V73/><F73/><W64/><G64/><T117/><D117/><U13/><E13/><V23/><F123/><W7/><G7/><T17/><D72/><U107/><E107/><V114/><F114/><W35/><G35/><T125/><D125/><U50/><AGARI ba="4,1" hai="10,12,19,44,50,54,69,70,71,101,102" m="51306" machi="50" ten="40,1500,0" yaku="20,1" doraHai="119" who="1" fromWho="1" sc="130,-8,263,37,430,-8,167,-11" owari="122,-38.0,300,10.0,422,52.0,156,-24.0" /></mjloggm>