<mjloggm ver="2.3"><GO type="169" lobby="0"/><UN n0="%E3%81%86%E3%81%95%E3%81%8E%E3%83%95%E3%82%A1%E3%83%B3%E3%82%B7%E3%83%BC" n1="%E3%81%86%E3%81%9A%E3%82%89%E5%8D%B5%E3%83%95%E3%83%A9%E3%82%A4" n2="%74%61%6E%61%4B%61" n3="%4B%69%74%61%6D%75%72%61" dan="16,16,17,17" rate="2150.84,2029.79,2158.54,2153.42" sx="M,M,M,F"/><TAIKYOKU oya="0"/><INIT seed="0,0,0,1,0,116" ten="250,250,250,250" oya="0" hai0="65,75,62,74,48,76,80,115,59,50,56,133,1" hai1="99,8,30,83,17,130,93,28,95,122,104,110,53" hai2="91,58,18,123,125,73,3,42,100,78,86,61,89" hai3="44,67,69,66,96,45,0,57,94,38,55,35,71"/><T126/><D115/><U111/><E130/><V21/><F3/><W23/><G0/><T107/><D1/><U11/><E104/><V15/><F125/><W32/><G23/><T70/><D107/><U84/><E93/><V34/><F34/><W2/><G2/><T117/><D117/><U63/><E53/><V92/><F42/><N who="3" m="22615" /><G94/><T113/><D113/><U6/><E63/><V24/><F100/><W101/><G96/><T79/><D126/><U33/><E17/><V60/><F60/><N who="3" m="35903" /><G35/><T135/><D75/><U36/><E95/><V85/><F78/><W41/><G32/><T131/><D131/><U77/><E99/><V120/><F15/><W46/><G101/><T134/><D76/><U51/><E11/><V9/><F9/><W119/><G119/><T127/><D127/><U37/><E30/><V103/><F103/><W129/><G129/><T114/><D114/><U118/><E118/><V97/><F73/><W12/><G12/><T90/><D90/><U4/><E8/><V108/><F108/><W128/><G128/><T82/><D82/><U52/><E83/><N who="2" m="49375" /><F85/><W54/><G54/><AGARI ba="0,0" hai="18,21,24,54,58,61,91,92,97,120,123" m="49375" machi="54" ten="30,3900,0" yaku="25,1,52,2" doraHai="116" who="2" fromWho="3" sc="250,0,250,0,250,39,250,-39" /><INIT seed="1,0,0,5,0,102" ten="250,250,289,211" oya="1" hai0="126,90,125,42,33,114,113,84,118,110,30,75,112" hai1="66,17,3,124,23,134,60,52,61,18,1,99,31" hai2="86,0,11,122,36,49,69,80,4,128,53,25,96" hai3="64,44,115,72,83,47,10,50,6,129,35,116,97"/><U2/><E134/><V43/><F69/><W111/><G115/><T51/><D33/><U48/><E124/><N who="0" m="47721" /><D30/><U94/><E31/><V65/><F65/><W91/><G35/><T34/><D34/><U22/><E22/><V27/><F122/><W92/><G111/><T8/><D118/><U133/><E133/><V101/><F36/><W15/><G129/><T28/><D28/><U100/><E17/><V9/><F43/><W121/><G121/><T12/><D75/><U117/><E117/><V46/><F9/><W123/><G123/><T14/><D110/><U70/><E60/><V107/><REACH who="2" step="1"/><F128/><REACH who="2" ten="250,250,279,211" step="2"/><W5/><G116/><T77/><D8/><U56/><REACH who="1" step="1"/><E1/><REACH who="1" ten="250,240,279,211" step="2"/><V57/><F57/><W67/><G10/><T40/><D114/><U76/><E76/><AGARI ba="0,2" hai="0,4,11,25,27,46,49,53,76,80,86,96,101,107" machi="76" ten="30,7700,0" yaku="1,1,7,1,52,1,53,1" doraHai="102" doraHaiUra="32" who="2" fromWho="1" sc="250,0,240,-77,279,97,211,0" /><INIT seed="2,0,0,4,3,101" ten="250,163,376,211" oya="2" hai0="103,36,50,82,16,79,59,17,6,106,87,85,58" hai1="92,27,44,122,63,64,65,110,8,40,49,23,66" hai2="4,77,80,61,18,78,94,96,53,28,21,107,123" hai3="39,99,73,19,120,20,132,3,47,83,34,12,67"/><V109/><F123/><W81/><G120/><T30/><D36/><U31/><E122/><V69/><F4/><W25/><G132/><T10/><D30/><U42/><E110/><V72/><F78/><W131/><G131/><T121/><D121/><U37/><E8/><V100/><F28/><W2/><G67/><T22/><D87/><U57/><E42/><V104/><F109/><W35/><G99/><T86/><D86/><U38/><E38/><V105/><F53/><W68/><G68/><T13/><D17/><U5/><E5/><V14/><REACH who="2" step="1"/><F94/><REACH who="2" ten="250,163,366,211" step="2"/><W60/><G3/><T7/><D7/><U133/><E133/><V71/><F71/><W51/><G2/><T117/><D6/><U112/><E112/><V75/><F75/><W130/><G73/><T108/><D108/><U91/><REACH who="1" step="1"/><E37/><REACH who="1" ten="250,153,366,211" step="2"/><V90/><F90/><W54/><G39/><T88/><D88/><U102/><E102/><V135/><F135/><W127/><G130/><T43/><D103/><U33/><E33/><V93/><F93/><W115/><G115/><T125/><D79/><U114/><E114/><V0/><F0/><W24/><G35/><T62/><D43/><U119/><E119/><V41/><F41/><W26/><G34/><T48/><D117/><U32/><E32/><V11/><F11/><W128/><G128/><T52/><D10/><U15/><E15/><V29/><F29/><W124/><G12/><T95/><D95/><U118/><E118/><V98/><F98/><AGARI ba="0,2" hai="23,27,31,40,44,49,57,63,64,65,66,91,92,98" machi="98" ten="30,3900,0" yaku="1,1,7,1,8,1,53,0" doraHai="101" doraHaiUra="74" who="1" fromWho="2" sc="250,0,153,59,366,-39,211,0" /><INIT seed="3,0,0,3,2,36" ten="250,212,327,211" oya="3" hai0="123,24,64,12,29,91,113,131,92,35,112,63,93" hai1="6,101,73,59,4,104,42,72,10,102,19,129,28" hai2="39,31,84,16,81,100,52,108,133,17,88,45,87" hai3="119,69,11,15,85,1,124,56,83,44,127,20,95"/><W82/><G69/><T65/><D123/><U96/><E28/><V38/><F108/><W77/><G119/><T71/><D131/><U0/><E6/><V5/><F31/><W134/><G134/><T98/><D64/><U111/><E101/><V9/><F100/><W26/><G1/><T54/><D54/><U40/><E111/><V99/><F99/><W75/><G95/><T23/><D92/><U25/><E129/><V97/><F97/><W32/><G32/><T103/><D91/><U67/><E25/><V53/><F133/><W89/><G56/><T18/><AGARI ba="0,0" hai="12,18,23,24,29,35,63,65,71,93,98,103,112,113" machi="18" ten="30,1100,0" yaku="0,1" doraHai="36" who="0" fromWho="0" sc="250,11,212,-3,327,-3,211,-5" /><INIT seed="4,0,0,4,1,25" ten="261,209,324,206" oya="0" hai0="16,12,97,111,99,10,103,14,37,81,127,125,60" hai1="116,64,76,115,46,62,51,95,36,48,92,98,28" hai2="93,121,40,108,30,1,22,90,68,85,21,8,96" hai3="33,100,59,130,11,49,50,9,128,83,134,74,70"/><T61/><D37/><U56/><E116/><V53/><F108/><W133/><G70/><T69/><D111/><U131/><E131/><N who="3" m="50218" /><G33/><T113/><D113/><U26/><E115/><V7/><F121/><W94/><G100/><T41/><D41/><U58/><E76/><V91/><F68/><W82/><G94/><T87/><D97/><U15/><E15/><V102/><F40/><W57/><G74/><T13/><D69/><U84/><E36/><V29/><F53/><W31/><G31/><T32/><D32/><U44/><E84/><V66/><F66/><W109/><G109/><T117/><D117/><U72/><E72/><V89/><REACH who="2" step="1"/><F85/><REACH who="2" ten="261,209,314,206" step="2"/><W55/><G55/><T110/><D110/><U88/><E56/><V43/><F43/><W20/><G59/><T135/><D127/><U73/><E73/><V107/><F107/><W35/><G57/><T52/><D125/><U3/><E46/><V122/><F122/><W132/><G132/><T39/><D135/><U0/><E44/><V78/><F78/><W118/><G134/><T120/><D120/><U112/><E112/><V126/><F126/><W19/><G133/><T5/><D52/><U105/><E105/><V123/><F123/><W114/><G114/><T67/><D67/><U45/><E45/><V42/><F42/><W34/><G118/><T47/><D47/><U124/><E124/><V129/><F129/><W38/><G38/><T65/><D39/><U101/><E51/><V119/><F119/><W86/><G50/><T27/><D65/><U17/><E48/><V24/><F24/><N who="3" m="14367" /><G49/><T104/><D104/><RYUUKYOKU ba="0,1" sc="261,-10,209,-10,314,30,206,-10" hai2="1,7,8,21,22,29,30,89,90,91,93,96,102" /><INIT seed="5,1,1,1,4,40" ten="251,199,344,196" oya="1" hai0="74,51,112,54,4,77,103,85,133,62,57,5,76" hai1="60,70,8,126,98,63,93,125,131,7,27,73,129" hai2="107,75,92,33,25,17,119,9,24,109,110,14,80" hai3="61,29,128,71,101,121,52,28,64,39,79,65,30"/><U13/><E73/><V23/><F107/><W83/><G121/><T0/><D112/><U81/><E81/><V10/><F75/><W89/><G128/><N who="1" m="49226" /><E27/><V58/><F58/><N who="3" m="35015" /><G39/><T96/><D133/><U50/><E50/><V105/><F105/><W120/><G71/><T114/><D114/><U2/><E2/><V123/><F92/><W95/><G120/><T106/><D0/><U19/><E7/><N who="2" m="3391" /><F80/><W3/><G101/><T6/><D74/><U41/><E41/><V21/><F119/><W42/><G42/><T43/><REACH who="0" step="1"/><D85/><REACH who="0" ten="241,199,344,196" step="2"/><U84/><E84/><V130/><F130/><W82/><G3/><T56/><D56/><U53/><E70/><V69/><F69/><W127/><G79/><T104/><D104/><U31/><E126/><V55/><F123/><W134/><G127/><T45/><AGARI ba="1,2" hai="4,5,6,43,45,51,54,57,62,76,77,96,103,106" machi="45" ten="30,4000,0" yaku="1,1,0,1,52,1,53,0" doraHai="40" doraHaiUra="116" who="0" fromWho="0" sc="241,63,199,-21,344,-11,196,-11" /><INIT seed="6,0,0,1,1,77" ten="304,178,333,185" oya="2" hai0="26,60,101,48,51,62,67,99,129,127,29,34,14" hai1="31,27,2,45,30,23,117,63,107,87,119,118,114" hai2="9,91,56,38,41,122,4,81,130,132,53,80,85" hai3="82,83,120,61,106,24,76,135,35,95,105,128,110"/><V25/><F122/><W73/><G120/><T52/><D129/><U17/><E107/><V37/><F132/><W47/><G110/><T43/><D127/><U102/><E102/><V18/><F41/><W126/><G126/><T8/><D43/><U16/><E45/><V88/><F130/><W116/><G116/><T64/><D62/><U100/><E100/><V11/><F25/><W7/><G128/><T109/><D109/><U68/><E87/><V65/><F18/><N who="1" m="7273" /><E63/><V3/><F9/><W97/><G135/><T92/><D60/><U78/><E78/><V125/><F65/><W59/><G7/><T96/><D51/><U50/><E50/><V0/><F0/><W133/><G47/><T75/><D75/><U104/><E104/><V33/><F33/><W40/><G133/><T121/><D121/><U55/><E55/><V49/><F125/><W36/><G36/><T13/><D99/><U22/><E68/><V57/><F57/><W115/><G40/><T46/><REACH who="0" step="1"/><D14/><REACH who="0" ten="294,178,333,185" step="2"/><U6/><E114/><V32/><F32/><W1/><G97/><T74/><D74/><U28/><E22/><V84/><AGARI ba="0,1" hai="3,4,11,37,38,49,53,56,80,81,84,85,88,91" machi="84" ten="30,12000,1" yaku="0,1,9,1,52,2,54,1" doraHai="77" who="2" fromWho="2" sc="294,-40,178,-40,333,130,185,-40" /><INIT seed="6,1,0,1,1,21" ten="254,138,463,145" oya="2" hai0="22,35,27,30,111,50,43,73,127,44,38,37,72" hai1="1,18,62,104,106,64,121,40,95,55,49,51,123" hai2="97,67,26,114,6,2,134,131,77,81,112,17,24" hai3="0,63,33,132,12,116,31,59,39,56,101,65,109"/><V46/><F131/><W91/><G116/><T99/><D111/><U68/><E1/><V113/><F134/><W92/><G109/><T76/><D127/><U118/><E118/><V94/><F17/><W103/><G0/><T117/><D117/><U13/><E95/><V129/><F129/><W88/><G39/><T34/><D99/><U75/><E75/><V105/><F105/><W4/><G132/><T8/><D8/><U93/><E93/><V57/><F46/><W126/><G126/><T102/><D102/><U7/><E7/><V48/><F6/><W29/><G59/><T71/><D71/><U85/><E85/><N who="2" m="48303" /><F2/><W124/><G124/><T115/><D115/><U135/><E135/><V84/><F84/><W122/><G122/><N who="1" m="46602" /><E40/><V42/><F42/><W82/><G82/><T89/><D73/><U80/><E80/><V78/><F78/><W61/><G61/><T60/><D76/><U20/><E51/><V52/><F67/><W10/><G91/><AGARI ba="1,0" hai="24,26,48,52,57,91,94,97,112,113,114" m="48303" machi="91" ten="30,11600,0" yaku="15,1,52,2,54,1" doraHai="21" who="2" fromWho="3" sc="254,0,138,0,463,119,145,-119" /><INIT seed="6,2,0,3,2,52" ten="254,138,582,26" oya="2" hai0="32,101,60,67,1,31,57,127,133,123,45,90,63" hai1="23,98,121,18,39,27,59,53,104,103,19,9,2" hai2="44,24,38,111,54,81,118,29,117,71,96,119,58" hai3="116,50,21,7,134,107,3,100,131,30,0,95,33"/><V130/><F71/><W14/><G116/><T106/><D123/><U128/><E128/><V34/><F130/><W97/><G131/><T11/><D127/><U114/><E114/><V12/><F111/><W8/><G134/><T74/><D74/><U42/><E121/><V41/><F96/><W56/><G33/><T43/><D133/><U69/><E69/><V64/><F64/><W88/><G30/><T72/><D72/><U6/><E42/><V94/><F94/><W135/><G135/><T70/><D90/><U77/><E77/><V83/><REACH who="2" step="1"/><F12/><REACH who="2" ten="254,138,572,26" step="2"/><W25/><G25/><T109/><D70/><U110/><E110/><V66/><F66/><W51/><G14/><T46/><D67/><U92/><E92/><V93/><F93/><W35/><G3/><T79/><D1/><U15/><E98/><V75/><F75/><W13/><G13/><T125/><D109/><U122/><E122/><V89/><F89/><W113/><G113/><T102/><D125/><U86/><E15/><V84/><F84/><W112/><G112/><T132/><D132/><U76/><E86/><V48/><AGARI ba="2,1" hai="24,29,34,38,41,44,48,54,58,81,83,117,118,119" machi="48" ten="30,6000,0" yaku="1,1,0,1,52,1,53,0" doraHai="52" doraHaiUra="82" who="2" fromWho="2" sc="254,-22,138,-22,572,76,26,-22" /><INIT seed="6,3,0,5,2,112" ten="232,116,648,4" oya="2" hai0="0,77,79,116,20,88,28,66,13,122,83,89,131" hai1="56,63,105,121,119,87,55,50,91,113,127,5,102" hai2="104,31,16,135,41,12,18,49,43,126,17,84,21" hai3="80,132,62,69,101,65,99,125,8,109,37,68,115"/><V60/><F104/><W39/><G109/><T123/><D0/><U73/><E119/><V107/><F107/><W97/><G69/><T44/><D131/><U47/><E73/><V10/><F126/><W45/><G125/><T134/><D134/><U103/><E113/><V70/><F70/><W27/><G115/><T117/><D66/><U1/><E121/><V82/><F60/><W128/><G132/><T7/><D44/><U11/><E105/><V33/><F33/><W51/><G128/><T46/><D46/><U100/><E127/><V111/><F111/><W114/><G114/><T54/><D54/><U36/><E36/><V86/><F86/><W58/><G68/><T118/><D7/><U90/><REACH who="1" step="1"/><E87/><REACH who="1" ten="232,106,648,4" step="2"/><V71/><F135/><W75/><G39/><T24/><D123/><U38/><E38/><V32/><F84/><W61/><G37/><T26/><D122/><U3/><E3/><V110/><F110/><W19/><G62/><T67/><D118/><U59/><E59/><V93/><F71/><W85/><G75/><T22/><D117/><U108/><E108/><V78/><F49/><W94/><G99/><T15/><D116/><U35/><E35/><V57/><F32/><W106/><G106/><T29/><D67/><AGARI ba="3,1" hai="1,5,11,47,50,55,56,63,67,90,91,100,102,103" machi="67" ten="40,1300,0" yaku="1,1,53,0" doraHai="112" doraHaiUra="74" who="1" fromWho="0" sc="232,-22,106,32,648,0,4,0" /><INIT seed="7,0,0,1,0,110" ten="210,138,648,4" oya="3" hai0="46,12,56,103,20,32,62,24,105,85,17,116,132" hai1="23,123,27,57,44,1,52,22,77,113,33,92,99" hai2="67,124,47,51,58,55,126,21,25,83,61,66,127" hai3="90,13,125,69,115,74,42,15,63,73,2,37,98"/><W50/><G2/><T35/><D116/><U45/><E77/><V81/><F67/><W19/><G37/><T28/><D132/><U111/><E111/><V100/><F100/><W96/><G125/><T94/><D105/><U0/><E33/><V108/><F108/><W6/><G6/><T59/><D35/><U128/><E128/><V119/><F119/><W80/><G115/><T131/><D131/><U49/><E123/><V129/><F129/><W91/><G69/><T54/><D46/><U89/><E113/><V121/><F121/><W122/><G122/><T79/><D79/><U120/><E120/><V31/><AGARI ba="0,0" hai="21,25,31,47,51,55,58,61,66,81,83,124,126,127" machi="31" ten="30,2000,0" yaku="0,1,18,1" doraHai="110" who="2" fromWho="2" sc="210,-5,138,-5,648,20,4,-10" owari="205,1.0,133,-27.0,668,77.0,-6,-51.0" /></mjloggm>