<mjloggm ver="2.3"><GO type="185" lobby="0"/><UN n0="%6D%61%77%69%6C%65" n1="%E3%81%97%E3%82%93%E3%81%97%E3%82%93%E3%81%97%E3%82%93" n2="%74%2E%6F%2E%6F%2E%73" n3="" dan="16,17,18,0" rate="2072.97,2285.78,2329.68,1500.00" sx="M,F,M,C"/><TAIKYOKU oya="0"/><INIT seed="0,0,0,5,1,51" ten="350,350,350,0" oya="0" hai0="85,58,90,47,50,112,48,78,120,101,87,114,110" hai1="99,75,113,67,128,115,81,34,131,64,82,57,38" hai2="65,60,66,74,56,100,35,124,69,42,63,109,117" hai3=""/><T104/><N who="0" m="30752" /><T119/><D119/><U84/><E34/><V39/><F35/><T40/><D110/><U116/><E38/><V86/><F74/><T44/><D58/><U76/><E116/><V0/><F117/><T54/><D78/><U55/><E99/><V70/><F0/><T59/><D85/><U129/><E81/><V127/><F100/><T49/><D104/><U91/><E91/><V79/><F109/><T88/><D90/><U61/><E75/><V37/><F79/><T121/><N who="0" m="31008" /><T105/><D105/><U135/><E135/><V43/><F86/><T111/><D111/><U83/><E83/><V95/><F95/><T93/><D101/><U72/><E72/><V102/><F102/><T52/><AGARI ba="0,0" hai="40,44,47,48,49,50,52,54,59,87,88,93,112,114" m="31008,30752" machi="52" ten="20,16000,3" yaku="0,1,7,1,52,4,54,2" doraHai="51" who="0" fromWho="0" sc="350,160,350,-80,350,-80,0,0" /><INIT seed="0,1,0,2,3,52" ten="510,270,270,0" oya="0" hai0="70,68,76,98,63,50,109,95,65,57,89,84,72" hai1="93,90,111,120,97,51,122,118,41,92,107,102,45" hai2="56,32,55,124,54,119,39,104,62,78,73,2,83" hai3=""/><T69/><D109/><U66/><N who="1" m="30752" /><U106/><N who="1" m="31264" /><U48/><E118/><V108/><F2/><T1/><D1/><U101/><E111/><V125/><F108/><T37/><D37/><U127/><E127/><V133/><F32/><T105/><D50/><U135/><E135/><V113/><F113/><T60/><D72/><U117/><E117/><V80/><F104/><T49/><D49/><U64/><E51/><V103/><F103/><T112/><D112/><U3/><E3/><V74/><F119/><T47/><D47/><U132/><E132/><V79/><F133/><T115/><D115/><U87/><REACH who="1" step="1"/><E101/><REACH who="1" ten="510,260,270,0" step="2"/><V61/><REACH who="2" step="1"/><F39/><REACH who="2" ten="510,260,260,0" step="2"/><T99/><D105/><AGARI ba="1,2" hai="41,45,48,64,66,87,90,92,93,97,102,105,106,107" m="31264,30752" machi="105" ten="40,8000,1" yaku="1,1,2,1,52,2,53,0" doraHai="52" doraHaiUra="121" who="1" fromWho="0" sc="510,-82,260,102,260,0,0,0" /><INIT seed="1,0,0,4,3,50" ten="428,362,260,0" oya="1" hai0="103,32,77,75,114,42,108,124,90,49,73,135,46" hai1="97,3,98,61,34,66,35,65,41,102,57,55,60" hai2="111,112,52,100,44,88,109,89,47,134,67,129,54" hai3=""/><U117/><E3/><V106/><F129/><T56/><D114/><U83/><E117/><V104/><F67/><T107/><D32/><U93/><E41/><V58/><F134/><T79/><D135/><U43/><E43/><V96/><F112/><T45/><D108/><N who="2" m="41546" /><F106/><T37/><D124/><U63/><E83/><V69/><F69/><T72/><D56/><U121/><N who="1" m="31008" /><U85/><E85/><V128/><F128/><T78/><D90/><N who="2" m="34922" /><F54/><T105/><REACH who="0" step="1"/><D103/><REACH who="0" ten="418,362,260,0" step="2"/><U127/><E127/><V38/><F38/><T40/><AGARI ba="0,1" hai="37,40,42,45,46,49,72,73,75,77,78,79,105,107" machi="40" ten="40,3900,0" yaku="1,1,2,1,0,1,53,0" doraHai="50" doraHaiUra="94" who="0" fromWho="0" sc="418,49,362,-26,260,-13,0,0" /><INIT seed="2,0,0,3,1,94" ten="467,336,247,0" oya="2" hai0="109,102,61,132,77,60,38,68,72,120,107,100,86" hai1="78,89,46,81,45,63,80,98,66,105,130,116,64" hai2="103,110,91,79,123,57,2,0,56,133,37,3,127" hai3=""/><V69/><N who="2" m="31520" /><V74/><F69/><T85/><N who="0" m="30752" /><T118/><D118/><U93/><E130/><V129/><F37/><T97/><D38/><U70/><E116/><V82/><F129/><T55/><D109/><U41/><E64/><V36/><F36/><T65/><D132/><U44/><E105/><V99/><F133/><T115/><D115/><U54/><E54/><V108/><F91/><T125/><D125/><U58/><E70/><V101/><F101/><T34/><D34/><U113/><E113/><V117/><F127/><T83/><REACH who="0" step="1"/><D102/><REACH who="0" ten="457,336,247,0" step="2"/><U104/><E41/><V35/><F35/><T90/><D90/><U126/><E126/><V121/><N who="2" m="31008" /><V71/><F117/><T53/><D53/><U114/><E114/><V106/><REACH who="2" step="1"/><F71/><REACH who="2" ten="457,336,237,0" step="2"/><T67/><D67/><U135/><E66/><V87/><F87/><T48/><D48/><U42/><E135/><V52/><F52/><T111/><D111/><AGARI ba="0,2" hai="0,2,3,56,57,74,79,82,99,103,106,108,110,111" m="31008,31520" machi="111" ten="50,24000,3" yaku="1,1,14,1,10,1,52,3,53,3" doraHai="94" doraHaiUra="33" who="2" fromWho="0" sc="457,-240,336,0,237,260,0,0" /><INIT seed="2,1,0,4,3,0" ten="217,336,497,0" oya="2" hai0="92,70,37,55,129,130,116,86,62,93,104,78,57" hai1="132,77,54,60,42,74,90,119,75,51,58,118,52" hai2="67,95,121,99,34,38,120,101,103,35,88,47,65" hai3=""/><V85/><N who="2" m="30752" /><V105/><N who="2" m="31008" /><V61/><F103/><T115/><D116/><N who="1" m="44587" /><E132/><V128/><F128/><N who="0" m="49258" /><D104/><U91/><E42/><V125/><F125/><T102/><D37/><U49/><E60/><V89/><F67/><T114/><D70/><U112/><E112/><N who="0" m="43049" /><D102/><U64/><E64/><V122/><N who="2" m="31264" /><V97/><F47/><T82/><AGARI ba="1,0" hai="55,57,62,78,82,86,92,93" m="43049,49258" machi="82" ten="40,2000,0" yaku="19,1,11,1" doraHai="0" who="0" fromWho="0" sc="217,22,336,-8,497,-14,0,0" /><INIT seed="4,0,0,1,1,0" ten="239,328,483,0" oya="0" hai0="53,128,109,74,34,88,126,108,86,72,35,134,80" hai1="41,93,50,92,63,102,114,90,65,54,95,78,87" hai2="98,62,101,68,44,82,116,110,122,49,113,64,69" hai3=""/><T81/><D134/><U43/><E114/><V37/><N who="2" m="31264" /><V52/><F110/><N who="0" m="42602" /><D126/><U46/><E78/><V32/><F113/><T129/><D53/><U45/><E102/><V100/><F116/><T60/><D60/><U59/><REACH who="1" step="1"/><E46/><REACH who="1" ten="239,318,483,0" step="2"/><V112/><F100/><T79/><D72/><U103/><E103/><V91/><F101/><T111/><D111/><U120/><N who="1" m="30752" /><U123/><N who="1" m="31520" /><U47/><E47/><V127/><F44/><T124/><D124/><U89/><E89/><V96/><F91/><T48/><D48/><U105/><E105/><V42/><F127/><T97/><D97/><U119/><E119/><V104/><F104/><T125/><D125/><U130/><E130/><AGARI ba="0,1" hai="34,35,74,79,80,81,86,88,128,129,130" m="42602" machi="130" ten="30,12000,1" yaku="19,1,10,1,52,2,54,1" doraHai="0" who="0" fromWho="1" sc="239,130,318,-120,483,0,0,0" /><INIT seed="4,1,0,4,0,40" ten="369,198,483,0" oya="0" hai0="119,88,127,117,65,86,35,44,105,113,41,109,116" hai1="55,48,32,73,135,59,38,104,72,67,84,133,96" hai2="49,78,33,42,74,56,91,3,54,63,118,80,79" hai3=""/><T99/><D35/><U83/><E32/><V70/><F33/><T52/><D113/><U87/><E38/><V76/><F3/><T53/><D127/><U62/><E104/><V95/><F118/><T57/><D109/><U107/><E107/><V1/><F1/><T46/><D65/><U66/><E96/><V123/><N who="2" m="31520" /><V68/><F68/><T101/><D41/><U2/><E2/><V75/><F75/><T106/><D106/><U69/><E66/><V121/><N who="2" m="31008" /><V110/><F110/><T36/><D36/><U125/><E125/><V51/><F51/><T131/><D53/><U128/><E128/><V111/><F111/><T100/><D100/><U85/><REACH who="1" step="1"/><E83/><REACH who="1" ten="369,188,483,0" step="2"/><V61/><F80/><T43/><D131/><U124/><E124/><V39/><F39/><T71/><D71/><U64/><E64/><V126/><F126/><T37/><D37/><U129/><E129/><V97/><F97/><T81/><REACH who="0" step="1"/><D43/><REACH who="0" ten="359,188,483,0" step="2"/><U82/><E82/><V130/><F130/><T134/><D134/><AGARI ba="1,2" hai="48,55,59,62,67,69,72,73,84,85,87,133,134,135" machi="134" ten="40,2600,0" yaku="1,1,20,1,53,0" doraHai="40" doraHaiUra="120" who="1" fromWho="0" sc="359,-28,188,48,483,0,0,0" /><INIT seed="5,0,0,3,3,77" ten="331,236,483,0" oya="1" hai0="52,131,39,100,2,63,48,109,116,111,34,85,101" hai1="104,120,49,83,45,118,124,79,135,129,105,57,60" hai2="69,112,71,40,113,133,42,125,87,33,90,76,126" hai3=""/><U128/><N who="1" m="30752" /><U0/><E118/><V134/><F76/><T95/><D116/><U106/><E0/><V121/><N who="2" m="31008" /><V55/><F33/><T1/><D34/><U88/><E124/><N who="2" m="47723" /><F55/><T103/><D39/><U107/><N who="1" m="26624" /><DORA hai="117" /><U119/><E119/><V43/><F71/><T59/><D131/><U36/><E88/><V93/><F69/><T94/><D63/><U108/><E135/><AGARI ba="0,0" hai="40,42,43,87,90,93,112,113,133,134,135" m="47723,31008" machi="135" ten="40,8000,1" yaku="20,1,18,1,52,2" doraHai="77,117" who="2" fromWho="1" sc="331,0,236,-80,483,80,0,0" /><INIT seed="6,0,0,1,1,50" ten="331,156,563,0" oya="2" hai0="82,0,49,73,38,60,58,68,72,54,96,94,83" hai1="32,102,43,98,116,59,36,130,40,48,47,91,35" hai2="101,51,81,45,46,122,1,99,103,123,125,62,110" hai3=""/><V118/><N who="2" m="31264" /><V97/><N who="2" m="31520" /><V79/><F118/><T69/><D0/><U135/><E130/><V127/><F62/><T134/><D38/><U131/><E135/><V113/><F113/><T89/><D134/><U119/><E131/><V108/><F51/><T128/><D128/><U106/><E91/><V52/><F81/><T53/><D83/><U65/><E98/><V44/><F44/><T126/><D126/><U87/><E102/><V76/><F1/><T84/><D72/><U61/><E87/><V85/><F85/><T124/><D73/><U93/><E93/><V67/><F67/><T37/><D37/><U56/><E106/><V63/><F63/><T92/><D124/><U3/><E32/><V114/><F114/><T41/><D82/><U57/><E35/><V129/><F129/><T117/><D117/><U111/><E3/><V42/><F42/><T39/><D41/><U132/><E111/><V74/><F74/><T77/><D84/><U70/><E132/><V75/><F75/><T95/><D96/><U109/><E109/><V33/><F33/><T66/><D66/><U105/><E105/><V107/><F107/><T80/><D80/><U115/><E115/><V120/><N who="2" m="30752" /><V90/><F125/><RYUUKYOKU ba="0,0" sc="331,-10,156,20,563,-10,0,0" hai1="36,40,43,47,48,56,57,59,61,65,70,116,119" owari="321,-8.0,176,-42.0,553,50.0,0,0.0" /></mjloggm>