<mjloggm ver="2.3"><GO type="185" lobby="0"/><UN n0="%E5%85%A5%E5%B7%A3%E6%9F%9A%E5%AE%9F" n1="%6B%2D%70%6F%69%6E%74" n2="%E6%9D%B1%E9%B3%B3" n3="" dan="17,17,17,0" rate="2196.06,2277.59,2224.68,1500.00" sx="F,M,M,C"/><TAIKYOKU oya="0"/><INIT seed="0,0,0,2,1,33" ten="350,350,350,0" oya="0" hai0="126,2,104,106,55,117,89,56,53,71,65,58,90" hai1="91,111,118,72,134,107,87,102,50,61,54,81,95" hai2="63,116,0,47,86,39,84,70,96,38,80,49,101" hai3=""/><T3/><D65/><U52/><E118/><V88/><F116/><T74/><D117/><U43/><E111/><V59/><F70/><T130/><D71/><U42/><E134/><V45/><F0/><T98/><D98/><U36/><E36/><V83/><F38/><T105/><D105/><U37/><E37/><V57/><F39/><T93/><D93/><U60/><E107/><V69/><F69/><T94/><D94/><U77/><E102/><V132/><F132/><T131/><REACH who="0" step="1"/><D74/><REACH who="0" ten="340,350,350,0" step="2"/><U122/><N who="1" m="31264" /><U79/><E72/><V115/><F96/><T125/><AGARI ba="0,1" hai="2,3,53,55,56,58,89,90,104,106,125,126,130,131" machi="125" ten="25,16000,3" yaku="1,1,0,1,22,2,52,2,53,2" doraHai="33" doraHaiUra="100" who="0" fromWho="0" sc="340,170,350,-80,350,-80,0,0" /><INIT seed="0,1,0,3,2,109" ten="510,270,270,0" oya="0" hai0="125,130,48,83,44,88,52,113,100,133,68,98,74" hai1="54,53,43,41,71,129,127,69,79,126,33,106,123" hai2="80,118,37,55,46,1,61,134,75,122,67,36,85" hai3=""/><T0/><D0/><U102/><N who="1" m="31520" /><U97/><E33/><V57/><N who="2" m="31264" /><V117/><F75/><T2/><D2/><U49/><E129/><V34/><F34/><T108/><D130/><U3/><E79/><V114/><F1/><T99/><D133/><U90/><E90/><V112/><F134/><T38/><D125/><N who="1" m="47627" /><E54/><V103/><F103/><T65/><D38/><N who="2" m="14954" /><F85/><T60/><D108/><U92/><E92/><V131/><F80/><T89/><D113/><N who="2" m="43626" /><F131/><T50/><D50/><AGARI ba="1,0" hai="46,50,55,57,61,67,117,118" m="43626,14954,31264" machi="50" ten="40,12000,2" yaku="34,2,52,4" doraHai="109" who="2" fromWho="0" sc="510,-122,270,0,270,122,0,0" /><INIT seed="1,0,0,2,5,113" ten="388,270,392,0" oya="1" hai0="88,76,116,94,121,134,80,78,124,53,54,115,79" hai1="47,122,43,84,118,35,83,3,90,44,111,126,109" hai2="135,98,99,119,36,0,82,131,105,101,62,75,41" hai3=""/><U114/><N who="1" m="31264" /><U39/><E114/><V95/><F0/><T92/><N who="0" m="31008" /><T123/><N who="0" m="31520" /><T48/><D115/><U102/><E3/><V117/><F131/><T2/><D2/><U34/><E126/><V33/><F33/><T72/><D124/><U130/><E130/><V81/><F135/><T38/><D38/><U120/><N who="1" m="30752" /><U89/><E118/><V60/><F41/><T108/><D108/><N who="1" m="41547" /><E102/><V103/><F36/><T128/><D128/><U67/><E67/><V51/><F51/><T50/><D134/><U42/><E90/><V112/><F112/><T132/><D132/><U66/><E66/><V37/><F37/><AGARI ba="0,0" hai="34,35,37,39,42,43,44,47,83,84,89" m="41547,30752,31264" machi="37" ten="30,11600,0" yaku="14,1,10,1,52,2" doraHai="113" who="1" fromWho="2" sc="388,0,270,116,392,-116,0,0" /><INIT seed="1,1,0,0,5,66" ten="388,386,276,0" oya="1" hai0="93,57,99,92,129,81,80,127,104,96,108,48,131" hai1="39,62,47,78,35,115,34,114,113,119,117,89,67" hai2="120,105,128,102,79,50,83,77,37,74,53,61,82" hai3=""/><U134/><E134/><V107/><N who="2" m="30752" /><V111/><F37/><T84/><D108/><U118/><E89/><V38/><F38/><T106/><D57/><U110/><E78/><V103/><F111/><T123/><N who="0" m="31520" /><T0/><D48/><U60/><E110/><V98/><F128/><N who="0" m="49226" /><D0/><U33/><E67/><V76/><F61/><T91/><D127/><U52/><E39/><V3/><F3/><T54/><D54/><U69/><E69/><V112/><F112/><T133/><D133/><U64/><E64/><V97/><REACH who="2" step="1"/><F74/><REACH who="2" ten="388,386,266,0" step="2"/><T49/><D49/><AGARI ba="1,1" hai="33,34,35,47,49,52,60,62,113,114,115,117,118,119" machi="49" ten="60,11600,0" yaku="29,2,54,1" doraHai="66" who="1" fromWho="0" sc="388,-118,386,128,266,0,0,0" /><INIT seed="1,2,0,5,3,107" ten="270,514,266,0" oya="1" hai0="1,51,64,36,65,77,132,102,82,75,99,35,44" hai1="73,66,57,45,52,53,46,72,118,74,127,69,54" hai2="114,60,39,33,113,55,95,116,111,86,32,87,119" hai3=""/><U38/><E118/><V130/><F39/><T84/><D132/><U92/><E127/><V88/><F111/><T117/><D35/><N who="2" m="13386" /><F130/><T134/><D134/><U68/><E92/><V101/><F101/><T115/><D115/><N who="2" m="44042" /><F87/><T79/><D1/><U81/><E81/><V71/><F55/><T43/><D117/><U112/><E112/><V124/><F124/><T62/><D36/><U41/><REACH who="1" step="1"/><E46/><REACH who="1" ten="270,504,266,0" step="2"/><V109/><F109/><T129/><D129/><U133/><E133/><V70/><F119/><T59/><D79/><U110/><E110/><V128/><F116/><T105/><REACH who="0" step="1"/><D84/><REACH who="0" ten="260,504,266,0" step="2"/><U48/><E48/><V98/><F128/><T63/><D63/><AGARI ba="2,2" hai="38,41,45,52,53,54,57,63,66,68,69,72,73,74" machi="63" ten="50,12000,1" yaku="1,1,52,3,54,1,53,0" doraHai="107" doraHaiUra="83" who="1" fromWho="0" sc="260,-124,504,144,266,0,0,0" /><INIT seed="1,3,0,1,1,130" ten="136,648,266,0" oya="1" hai0="95,119,52,94,79,61,100,121,108,43,75,86,46" hai1="44,91,84,55,127,53,120,118,39,128,45,37,85" hai2="63,65,89,92,106,77,113,49,47,83,54,58,35" hai3=""/><U131/><N who="1" m="30752" /><U41/><E91/><V74/><F35/><T125/><N who="0" m="31008" /><T62/><D108/><U64/><E64/><V38/><F106/><T82/><D125/><U102/><E102/><V1/><F113/><T66/><D119/><U69/><E118/><V76/><F1/><T111/><D111/><U103/><E103/><V50/><F77/><T51/><D75/><U68/><E41/><V117/><F117/><T99/><D66/><U40/><E40/><V80/><F80/><T3/><D3/><U42/><E42/><V122/><N who="2" m="31264" /><V109/><F38/><T105/><REACH who="0" step="1"/><D43/><REACH who="0" ten="126,648,266,0" step="2"/><U70/><E127/><V59/><F109/><T93/><AGARI ba="3,1" hai="46,51,52,61,62,79,82,86,93,94,95,99,100,105" m="31008" machi="93" ten="30,6000,1" yaku="1,1,2,1,0,1,52,1,54,1,53,0" doraHai="130" doraHaiUra="36" who="0" fromWho="0" sc="126,76,648,-43,266,-23,0,0" /><INIT seed="2,0,0,4,0,93" ten="202,605,243,0" oya="2" hai0="85,49,61,2,97,92,69,129,48,56,37,103,0" hai1="102,45,66,120,126,91,90,62,51,41,111,58,32" hai2="54,108,86,33,100,78,122,80,39,105,127,67,98" hai3=""/><V96/><N who="2" m="31264" /><V132/><F33/><T109/><D37/><U79/><N who="1" m="30752" /><U53/><E111/><V44/><F108/><T46/><D109/><U36/><E126/><V47/><F127/><T89/><D69/><U88/><E32/><V40/><F132/><T43/><D129/><U81/><E102/><V107/><F67/><T63/><D49/><U83/><REACH who="1" step="1"/><E79/><REACH who="1" ten="202,595,243,0" step="2"/><V110/><F110/><T94/><REACH who="0" step="1"/><D63/><REACH who="0" ten="192,595,243,0" step="2"/><U121/><N who="1" m="31008" /><U124/><E124/><V73/><F39/><T84/><D84/><U50/><E50/><V75/><F86/><T1/><D1/><U101/><E101/><V3/><F100/><T38/><D38/><U57/><AGARI ba="0,2" hai="36,41,45,51,53,57,58,62,66,81,83,88,90,91" m="31008,30752" machi="57" ten="30,6000,1" yaku="1,1,0,1,52,2,54,1,53,0" doraHai="93" doraHaiUra="130" who="1" fromWho="1" sc="192,-20,595,80,243,-40,0,0" /><INIT seed="4,0,0,4,1,50" ten="172,675,203,0" oya="0" hai0="127,63,35,49,111,69,59,130,90,122,68,119,112" hai1="114,33,32,92,134,95,45,46,43,36,39,57,129" hai2="83,38,47,87,123,103,91,106,58,133,105,73,51" hai3=""/><T84/><N who="0" m="31264" /><T37/><D119/><U40/><E129/><V72/><N who="2" m="31520" /><V0/><F0/><T110/><D37/><U98/><E134/><V85/><F133/><T108/><D35/><U107/><E114/><V124/><F124/><T99/><D112/><U34/><E57/><V100/><F38/><T70/><D130/><U41/><E41/><V77/><F58/><T121/><N who="0" m="31008" /><T78/><D49/><U120/><N who="1" m="30752" /><U128/><E128/><V1/><F1/><T2/><D2/><U80/><E80/><V135/><F135/><T65/><D99/><U54/><E54/><V76/><F47/><T62/><D78/><U116/><E116/><V86/><F51/><T93/><REACH who="0" step="1"/><D127/><REACH who="0" ten="162,675,203,0" step="2"/><U42/><E36/><V79/><F79/><T64/><AGARI ba="0,1" hai="59,62,63,64,65,68,69,70,84,90,93,108,110,111" m="31008,31264" machi="64" ten="40,12000,2" yaku="1,1,2,1,0,1,10,1,52,2,53,1" doraHai="50" doraHaiUra="82" who="0" fromWho="0" sc="162,130,675,-60,203,-60,0,0" /><INIT seed="4,1,0,1,2,39" ten="292,615,143,0" oya="0" hai0="101,62,89,35,113,71,108,72,122,38,55,103,63" hai1="132,49,78,75,60,83,104,118,128,77,120,44,107" hai2="111,46,97,47,51,37,102,54,61,115,69,42,64" hai3=""/><T124/><D72/><U0/><N who="1" m="30752" /><U96/><E118/><V84/><F111/><T92/><N who="0" m="31264" /><T129/><D113/><U82/><E0/><V1/><F115/><T99/><D35/><U81/><E128/><V65/><F1/><T135/><D135/><U109/><E109/><V50/><F84/><T45/><D129/><U33/><E33/><V32/><F32/><T131/><D131/><U88/><E132/><V73/><F73/><T119/><D119/><U110/><E110/><V67/><REACH who="2" step="1"/><F37/><REACH who="2" ten="292,615,133,0" step="2"/><T94/><D108/><U56/><E75/><V80/><F80/><T40/><D124/><U117/><E81/><V59/><F59/><T43/><D71/><U133/><E82/><V90/><F90/><T100/><D38/><U121/><E77/><V70/><F70/><T3/><D3/><U116/><E56/><V79/><F79/><T2/><D2/><U130/><E130/><V126/><F126/><T112/><D112/><U53/><E78/><V123/><N who="2" m="31520" /><V85/><F85/><T52/><D89/><U134/><E88/><V34/><F34/><T41/><D99/><U95/><E96/><V58/><F58/><T66/><D101/><U105/><E117/><V91/><F91/><T93/><D103/><RYUUKYOKU ba="1,1" sc="292,-10,615,-10,133,20,0,0" hai2="42,46,47,50,51,54,61,64,65,67,69,97,102" /><INIT seed="5,2,1,1,5,57" ten="282,605,153,0" oya="1" hai0="73,90,86,89,71,36,105,101,56,124,117,114,125" hai1="80,104,55,53,41,64,74,111,119,37,33,40,88" hai2="99,134,42,135,121,81,84,85,75,69,131,108,129" hai3=""/><U51/><E119/><V61/><N who="2" m="31008" /><V62/><F108/><T133/><D56/><U76/><E33/><V127/><F75/><T122/><D86/><U98/><E111/><V92/><F42/><T102/><D90/><U120/><N who="1" m="30752" /><U0/><E0/><V52/><F127/><T63/><D89/><U100/><E37/><V97/><F92/><T79/><D63/><U116/><E116/><V82/><F52/><T77/><D77/><U115/><E55/><V60/><F62/><T94/><D79/><U34/><E64/><V96/><F97/><T59/><D59/><U130/><E34/><V35/><F69/><T49/><D125/><U132/><E40/><V128/><F129/><T3/><D94/><U95/><E41/><V91/><F91/><T1/><D101/><U113/><E100/><V45/><F45/><T123/><N who="0" m="31264" /><T67/><D102/><U38/><E95/><V39/><F39/><T44/><D44/><U68/><E38/><V58/><F58/><T83/><D67/><U54/><E88/><V32/><AGARI ba="2,1" hai="32,35,60,61,81,82,84,85,96,99,128,131,134,135" m="31008" machi="32" ten="25,9000,2" yaku="0,1,22,2,52,3" doraHai="57" who="2" fromWho="2" sc="282,-32,605,-62,153,104,0,0" /><INIT seed="6,0,0,0,4,62" ten="250,543,257,0" oya="2" hai0="45,133,119,65,50,63,74,56,48,125,101,42,38" hai1="128,80,68,131,114,32,100,126,61,39,103,67,87" hai2="66,57,81,92,72,54,46,120,135,84,51,36,64" hai3=""/><V94/><N who="2" m="30752" /><V111/><F135/><T33/><D119/><U117/><E32/><V109/><F72/><T132/><D33/><U37/><E117/><V75/><F75/><T52/><D125/><U113/><E126/><V60/><F36/><N who="1" m="13897" /><E103/><V88/><F66/><T0/><D0/><U35/><E100/><V107/><F107/><T112/><D74/><U85/><E85/><V55/><F55/><T102/><D112/><N who="1" m="43115" /><E35/><V41/><REACH who="2" step="1"/><F41/><REACH who="2" ten="250,543,247,0" step="2"/><T34/><D34/><U1/><E1/><V73/><F73/><T115/><D115/><U97/><E97/><V121/><N who="2" m="31008" /><V59/><F59/><T83/><D38/><U3/><E3/><V96/><F96/><T79/><D133/><U122/><E122/><V47/><F47/><T2/><D132/><U93/><E67/><V124/><F124/><T91/><D2/><U53/><E53/><V77/><F77/><T118/><D79/><U78/><E78/><V86/><F86/><T134/><D134/><U58/><E87/><V127/><F127/><T90/><D118/><U82/><E58/><V71/><F71/><T44/><D65/><U99/><E99/><V129/><F129/><T43/><D56/><U95/><E131/><V110/><AGARI ba="0,1" hai="46,51,54,57,60,64,81,84,88,92,94,109,110,111" m="31008,30752" machi="110" ten="30,16000,3" yaku="1,1,0,1,10,1,52,3,54,1,53,3" doraHai="62" doraHaiUra="123" who="2" fromWho="2" sc="250,-80,543,-80,247,170,0,0" /><INIT seed="6,1,0,5,1,118" ten="170,463,417,0" oya="2" hai0="128,32,85,74,103,98,47,113,33,114,123,57,124" hai1="125,50,127,75,129,134,53,130,83,89,68,101,100" hai2="77,59,115,105,120,69,2,70,102,49,64,34,107" hai3=""/><V92/><N who="2" m="30752" /><V121/><N who="2" m="31008" /><V43/><F2/><T94/><N who="0" m="31520" /><T79/><D128/><N who="1" m="49259" /><E134/><V131/><F131/><T51/><D124/><N who="1" m="47691" /><E68/><V0/><F0/><T104/><D57/><U135/><E135/><V84/><F34/><T61/><D61/><U71/><E71/><V73/><F73/><T132/><D132/><U62/><E62/><V56/><F115/><T90/><D51/><U44/><E89/><V106/><F70/><T58/><D58/><U116/><E116/><V99/><F69/><T54/><D54/><U122/><N who="1" m="31264" /><U48/><E83/><V95/><F64/><T60/><D47/><U110/><E75/><V66/><F66/><T38/><D38/><U39/><E110/><V76/><F76/><T1/><D60/><U117/><E117/><V97/><F77/><T78/><D1/><U119/><E119/><V87/><F87/><T81/><D33/><U42/><E39/><V80/><F80/><T36/><D36/><U3/><E3/><V133/><F84/><T41/><D41/><U112/><E112/><N who="0" m="43113" /><D32/><U96/><E42/><V93/><F133/><T35/><D35/><U86/><E44/><V82/><F82/><T72/><D79/><U111/><E53/><V109/><F43/><RYUUKYOKU ba="1,0" sc="170,20,463,-10,417,-10,0,0" hai0="72,74,78,81,85,90,94,98,103,104" owari="190,-41.0,453,40.0,407,1.0,0,0.0" /></mjloggm>