<mjloggm ver="2.3"><GO type="169" lobby="0"/><UN n0="%E3%82%8A%E3%82%87%E3%81%91%E3%81%99" n1="%E3%83%A1%E3%82%BF%E3%83%AB%E3%81%AF%E3%81%BE%E3%81%A3%E3%81%A1%E2%98%86" n2="%E9%81%8A%E8%B5%B0" n3="%E3%81%86%E3%81%AA%E3%81%8E%E9%BA%BA" dan="17,17,16,16" rate="2194.31,2169.27,2177.33,2097.40" sx="M,M,F,M"/><TAIKYOKU oya="0"/><INIT seed="0,0,0,1,0,134" ten="250,250,250,250" oya="0" hai0="18,53,121,115,101,56,76,71,93,124,95,123,19" hai1="129,63,41,109,77,46,78,21,37,117,28,114,73" hai2="86,13,47,91,116,52,84,40,81,27,104,0,7" hai3="90,43,17,22,3,29,62,16,105,133,126,60,2"/><T45/><D71/><U87/><E117/><V103/><F116/><W118/><G118/><T83/><D115/><U49/><E73/><V131/><F131/><W51/><G105/><T64/><D64/><U99/><E109/><V34/><F0/><W135/><G29/><T130/><D45/><U36/><E129/><V68/><F68/><W25/><G90/><T96/><D130/><U97/><E114/><V72/><F72/><W106/><G106/><T57/><D57/><U92/><E97/><V107/><F84/><W14/><G51/><T113/><D113/><U66/><E87/><V94/><F34/><W42/><G22/><T32/><D32/><U10/><E10/><V102/><F27/><W88/><G14/><T85/><D123/><U111/><E111/><V65/><F65/><W74/><G74/><T6/><D6/><U23/><E37/><V9/><F107/><W35/><G25/><T55/><D55/><U108/><E36/><V11/><F104/><W112/><G35/><T50/><D121/><U4/><E4/><V58/><F11/><W5/><G112/><T119/><D119/><U67/><E67/><V75/><F75/><W98/><G5/><T48/><D48/><U31/><E108/><V89/><F47/><W100/><G98/><T132/><D132/><U125/><E23/><V33/><F40/><W26/><G26/><T15/><D15/><U128/><E21/><V82/><F33/><W38/><G38/><T59/><D96/><U120/><E120/><V70/><F70/><W1/><G1/><T69/><D69/><U8/><E128/><RYUUKYOKU ba="0,0" sc="250,0,250,0,250,0,250,0" /><INIT seed="1,1,0,1,3,86" ten="250,250,250,250" oya="1" hai0="40,19,97,105,83,77,15,1,69,103,127,41,101" hai1="89,25,55,133,85,128,117,66,7,49,109,75,115" hai2="23,84,21,54,43,53,32,8,119,79,111,104,110" hai3="99,20,57,60,134,48,39,113,47,68,116,87,63"/><U126/><E115/><V62/><F119/><W80/><G113/><T36/><D1/><U70/><E117/><V91/><F104/><W14/><G39/><T71/><D103/><U0/><E75/><V124/><F32/><W51/><G68/><T13/><D13/><U100/><E100/><V123/><F123/><W59/><G116/><T37/><D37/><U114/><E114/><V96/><F124/><W2/><G2/><T29/><D29/><U132/><E126/><V52/><F43/><W64/><G99/><T108/><D108/><N who="2" m="41514" /><F8/><W118/><G134/><N who="1" m="51818" /><E109/><V78/><F96/><W22/><G118/><T88/><D127/><U18/><E128/><V27/><F62/><W10/><G22/><N who="2" m="8201" /><F27/><W130/><G20/><T82/><D40/><U121/><E18/><V61/><F61/><W73/><G130/><T26/><D41/><U9/><E121/><V76/><F78/><W65/><G73/><T107/><D107/><U45/><E25/><V74/><F74/><W44/><G51/><T17/><D26/><U6/><E6/><V16/><F16/><N who="3" m="8279" /><G48/><T50/><D50/><U12/><E0/><V33/><F33/><W35/><G35/><T120/><D36/><U112/><E112/><V4/><F4/><W24/><G24/><T28/><D19/><U129/><E129/><V67/><F67/><W3/><G3/><T98/><D17/><U94/><E66/><V34/><F34/><W46/><G46/><T30/><D105/><U56/><E70/><V102/><F102/><W122/><G122/><T93/><D120/><U125/><E125/><V31/><F31/><RYUUKYOKU ba="1,0" sc="250,-30,250,10,250,10,250,10" hai1="7,9,12,45,49,55,56,85,89,94" hai2="52,53,54,76,79,84,91" hai3="44,47,57,59,60,63,64,65,80,87" /><INIT seed="1,2,0,4,0,30" ten="220,260,260,260" oya="1" hai0="24,63,43,44,31,86,74,106,98,54,84,67,66" hai1="52,32,53,96,102,90,80,19,15,112,93,16,38" hai2="42,64,108,129,25,70,29,117,120,75,82,9,56" hai3="121,18,8,57,12,97,83,60,61,88,118,5,123"/><U72/><E112/><V99/><F120/><W11/><G118/><T81/><D74/><U89/><E38/><V26/><F117/><W55/><G61/><T130/><D130/><U128/><E128/><V40/><F108/><W17/><G17/><T104/><D54/><U134/><E134/><V3/><F129/><W22/><G11/><T21/><D66/><U47/><E32/><V14/><F70/><W101/><G83/><T76/><D86/><N who="1" m="50375" /><E72/><V126/><F99/><W69/><G69/><T39/><REACH who="0" step="1"/><D98/><REACH who="0" ten="210,260,260,260" step="2"/><U6/><E47/><V133/><F75/><W131/><G131/><T48/><D48/><U13/><E6/><V7/><F64/><W35/><G123/><T135/><D135/><U87/><E96/><V109/><F42/><W119/><G121/><T36/><D36/><U107/><E102/><V73/><F40/><W51/><G119/><T4/><D4/><U1/><E107/><V115/><F133/><W20/><G51/><T41/><D41/><U113/><E113/><V65/><F115/><W2/><G55/><N who="1" m="21066" /><E1/><V114/><F109/><W46/><G2/><T91/><D91/><U127/><E127/><V33/><F114/><W94/><G88/><T59/><AGARI ba="2,1" hai="21,24,31,39,43,44,59,63,67,76,81,84,104,106" machi="59" ten="20,2700,0" yaku="1,1,0,1,7,1,53,0" doraHai="30" doraHaiUra="0" who="0" fromWho="0" sc="210,43,260,-15,260,-9,260,-9" /><INIT seed="2,0,0,4,5,52" ten="253,245,251,251" oya="2" hai0="130,55,129,88,41,7,31,49,16,1,59,0,121" hai1="20,75,102,78,39,89,42,35,6,13,120,92,5" hai2="17,112,51,30,14,91,124,113,127,28,66,44,26" hai3="58,57,90,65,32,50,108,56,93,74,29,77,81"/><V118/><F91/><W45/><G108/><T27/><D121/><U9/><E35/><V99/><F99/><W79/><G79/><T110/><D110/><U23/><E120/><V117/><F66/><W34/><G65/><T71/><D71/><U103/><E6/><V40/><F51/><W21/><G21/><T2/><D7/><U104/><E104/><V63/><F63/><W11/><G11/><T105/><D105/><U87/><E39/><V25/><F44/><W133/><G29/><N who="2" m="11369" /><F40/><W107/><G133/><T38/><D16/><U15/><E42/><V116/><F14/><W98/><REACH who="3" step="1"/><G107/><REACH who="3" ten="253,245,251,241" step="2"/><T64/><D64/><U126/><E20/><N who="2" m="13455" /><F26/><W83/><G83/><T19/><D38/><U80/><E126/><AGARI ba="0,1" hai="112,113,116,117,118,124,126,127" m="13455,11369" machi="126" ten="40,7700,0" yaku="18,1,34,2" doraHai="52" who="2" fromWho="1" sc="253,0,245,-77,251,87,241,0" /><INIT seed="2,1,0,2,3,80" ten="253,168,338,241" oya="2" hai0="76,81,130,21,84,14,83,133,113,100,11,134,77" hai1="99,12,17,37,97,119,24,132,108,6,58,95,62" hai2="28,105,15,39,35,88,51,125,7,104,55,19,53" hai3="103,34,25,74,59,110,90,128,31,127,64,2,91"/><V115/><F39/><W94/><G74/><T56/><D113/><U82/><E119/><V30/><F115/><W40/><G2/><T43/><D130/><U8/><E37/><V54/><F7/><W116/><G116/><T93/><D43/><U63/><E108/><V46/><F125/><W120/><G120/><T102/><D21/><U5/><E132/><N who="0" m="50793" /><D56/><U42/><E42/><V72/><F72/><W10/><G127/><T106/><D106/><U92/><E82/><V135/><F135/><W13/><G40/><T73/><D93/><U47/><E47/><V48/><F35/><W22/><G110/><T101/><D14/><U89/><E24/><V3/><F3/><W33/><G103/><T0/><D11/><U98/><E63/><V4/><F4/><W60/><G91/><T85/><D0/><U26/><E95/><V44/><F54/><W129/><G129/><T117/><D117/><U23/><REACH who="1" step="1"/><E5/><REACH who="1" ten="253,158,338,241" step="2"/><V131/><F131/><W87/><G128/><T9/><D9/><U57/><E57/><V49/><F49/><W38/><G38/><T18/><D18/><AGARI ba="1,1" hai="10,13,18,22,25,31,33,34,59,60,64,87,90,94" machi="18" ten="30,2000,0" yaku="7,1,52,1" doraHai="80" who="3" fromWho="0" sc="253,-23,158,0,338,0,241,33" /><INIT seed="3,0,0,3,2,38" ten="230,158,338,274" oya="3" hai0="126,50,109,40,108,51,34,18,7,64,35,41,77" hai1="57,65,60,117,29,93,69,103,61,63,97,99,81" hai2="32,48,128,10,1,56,89,58,36,88,12,3,23" hai3="106,104,111,75,91,123,118,73,0,84,66,72,87"/><W22/><G0/><T43/><D126/><U62/><E117/><V25/><F36/><W127/><G66/><T130/><D130/><U133/><E133/><V113/><F113/><W70/><G70/><T78/><D64/><U17/><E69/><V14/><F128/><W86/><G22/><T112/><D18/><U31/><E81/><V100/><F100/><W53/><G118/><T54/><D54/><U135/><E135/><V119/><F119/><W102/><G53/><T129/><D129/><U27/><E97/><V74/><F74/><W44/><G123/><T24/><D24/><U30/><REACH who="1" step="1"/><E17/><REACH who="1" ten="230,148,338,274" step="2"/><V94/><F1/><W116/><G116/><T21/><D112/><U47/><E47/><V46/><F3/><W9/><G44/><T107/><D7/><U26/><AGARI ba="0,1" hai="26,27,29,30,31,57,60,61,62,63,65,93,99,103" machi="26" ten="40,5200,0" yaku="1,1,0,1,8,1,53,0" doraHai="38" doraHaiUra="45" who="1" fromWho="1" sc="230,-13,148,62,338,-13,274,-26" /><INIT seed="4,0,0,5,4,6" ten="217,210,325,248" oya="0" hai0="55,87,19,80,85,64,17,50,76,115,62,3,4" hai1="30,44,132,13,20,11,72,91,86,94,5,79,68" hai2="21,129,53,22,27,59,99,7,125,39,24,106,51" hai3="83,2,9,93,47,8,122,34,109,97,18,38,100"/><T126/><D115/><U135/><E68/><V16/><F129/><W42/><G109/><T119/><D126/><U98/><E72/><V57/><F125/><W32/><G2/><T69/><D119/><U25/><E44/><V70/><F70/><W117/><G117/><T37/><D37/><U111/><E111/><V130/><F39/><W0/><G122/><T127/><D127/><U120/><E120/><V101/><F130/><W95/><G95/><T124/><D124/><U52/><E79/><V61/><F7/><W82/><G18/><T12/><D3/><U113/><E113/><V14/><REACH who="2" step="1"/><F22/><REACH who="2" ten="217,210,315,248" step="2"/><W77/><G34/><T33/><D33/><U81/><E132/><V134/><F134/><W131/><G32/><T63/><D4/><U66/><E135/><V35/><F35/><W58/><G131/><T46/><D69/><U92/><E66/><AGARI ba="0,1" hai="14,16,21,24,27,51,53,57,59,61,66,99,101,106" machi="66" ten="30,7700,0" yaku="1,1,7,1,54,1,53,1" doraHai="6" doraHaiUra="48" who="2" fromWho="1" sc="217,0,210,-77,315,87,248,0" /><INIT seed="5,0,0,1,4,69" ten="217,133,402,248" oya="1" hai0="68,126,109,99,61,47,12,113,131,63,41,124,81" hai1="105,44,60,40,13,76,130,51,91,79,30,114,32" hai2="55,54,66,93,107,89,7,43,83,27,37,74,115" hai3="15,3,70,25,1,96,90,73,50,58,29,23,132"/><U129/><E105/><V110/><F107/><W133/><G70/><T35/><D35/><U88/><E13/><V123/><F123/><W21/><G73/><T42/><D109/><U34/><E60/><V94/><F110/><W5/><G58/><T85/><D113/><U118/><E118/><V49/><F115/><W102/><G90/><N who="1" m="34346" /><E114/><V71/><F37/><W121/><G121/><T16/><D99/><U22/><E22/><V75/><F71/><W10/><G50/><T112/><D112/><U38/><E51/><V95/><F66/><W119/><G119/><T104/><D104/><U31/><E34/><V106/><F106/><W87/><G87/><T36/><D41/><U19/><E19/><V108/><F108/><W77/><G77/><N who="1" m="29770" /><E32/><V11/><F27/><N who="3" m="16623" /><G96/><T64/><D63/><U101/><E101/><V4/><F75/><W52/><G52/><N who="2" m="20009" /><F74/><W127/><G102/><T72/><D72/><U9/><E9/><V48/><F11/><W26/><G26/><T111/><D111/><U82/><E82/><V65/><F65/><W84/><G1/><T14/><D81/><U128/><AGARI ba="0,0" hai="30,31,38,40,44,128,129,130" m="29770,34346" machi="128" ten="40,7800,0" yaku="19,1,52,1,54,1" doraHai="69" who="1" fromWho="1" sc="217,-26,133,78,402,-26,248,-26" /><INIT seed="5,1,0,5,2,132" ten="191,211,376,222" oya="1" hai0="19,115,106,48,15,101,80,125,129,35,60,36,95" hai1="84,50,0,119,112,90,81,47,108,134,123,21,17" hai2="9,93,16,109,98,135,34,31,22,131,72,114,20" hai3="1,11,14,124,55,51,57,83,29,94,78,56,74"/><U30/><E119/><V110/><F72/><W117/><G117/><T3/><D36/><U66/><E123/><V40/><F135/><W122/><G122/><T10/><D35/><U13/><E134/><V7/><F40/><W91/><G29/><T43/><D115/><U5/><E112/><V127/><F131/><W41/><G41/><T77/><D106/><U6/><E108/><V120/><F114/><W59/><G1/><T104/><D104/><U45/><E66/><V52/><F120/><W102/><G102/><T32/><D32/><U37/><E37/><V99/><F99/><W121/><G121/><T58/><D3/><U103/><E103/><V133/><F133/><W42/><G42/><T4/><D95/><U68/><E68/><V12/><F52/><W38/><G38/><T107/><D107/><U113/><E113/><V105/><F105/><W73/><G73/><T24/><D101/><U118/><E118/><V76/><F76/><W100/><G100/><T69/><D69/><U75/><E75/><V116/><F116/><W88/><G124/><T128/><D125/><U39/><E39/><V33/><BYE who="1" /><F127/><W8/><G8/><T87/><D129/><U65/><E65/><V70/><F70/><UN n1="%E3%83%A1%E3%82%BF%E3%83%AB%E3%81%AF%E3%81%BE%E3%81%A3%E3%81%A1%E2%98%86" /><W82/><G82/><T26/><D128/><U63/><E0/><N who="2" m="231" /><F22/><W27/><G27/><T53/><D19/><U61/><E30/><V54/><F54/><W111/><G111/><N who="2" m="42505" /><F31/><W71/><G71/><T2/><D2/><U79/><E79/><V23/><F23/><W126/><G126/><T49/><D43/><N who="1" m="24895" /><E47/><V92/><F93/><W28/><G94/><RYUUKYOKU ba="1,0" sc="191,10,211,10,376,10,222,-30" hai0="4,10,15,24,26,48,49,53,58,60,77,80,87" hai1="5,6,13,17,21,61,63,81,84,90" hai2="12,16,20,33,34,92,98" /><INIT seed="5,2,0,5,1,18" ten="201,221,386,192" oya="1" hai0="9,52,122,70,24,91,102,6,10,107,66,22,36" hai1="124,5,3,48,1,51,49,89,43,8,120,74,11" hai2="61,63,108,79,106,47,97,57,94,40,100,54,129" hai3="69,119,34,44,50,118,38,13,73,110,131,15,41"/><U58/><E120/><V105/><F108/><W35/><G110/><T132/><D36/><U0/><E74/><V12/><F129/><W60/><G73/><T2/><D132/><U26/><E124/><V86/><F63/><W87/><G131/><T133/><D133/><U68/><E68/><V45/><F45/><W28/><G38/><T32/><D32/><U114/><E114/><V113/><F113/><W77/><G77/><T21/><D122/><U19/><E43/><V55/><F55/><W84/><G84/><T135/><D135/><U90/><E58/><V16/><F79/><W25/><G35/><T83/><D10/><U56/><E56/><V92/><F105/><W121/><G87/><T98/><D24/><U53/><E53/><V65/><F54/><W75/><G75/><T14/><D2/><U116/><E116/><N who="3" m="44586" /><G121/><T20/><D91/><U4/><E3/><V23/><F86/><W104/><G104/><T71/><D83/><U78/><E78/><V46/><F46/><W88/><G88/><T111/><D111/><U134/><E134/><V42/><F42/><W76/><G76/><T82/><D82/><U101/><E101/><V39/><AGARI ba="2,0" hai="12,16,23,39,40,47,57,61,65,92,94,97,100,106" machi="39" ten="20,5200,0" yaku="0,1,7,1,52,1,54,1" doraHai="18" who="2" fromWho="2" sc="201,-15,221,-28,386,58,192,-15" /><INIT seed="6,0,0,1,1,94" ten="186,193,444,177" oya="2" hai0="132,23,131,54,26,36,127,20,10,0,75,12,76" hai1="31,81,72,93,60,88,118,21,9,95,96,44,83" hai2="133,128,123,3,99,27,37,103,82,41,55,89,13" hai3="79,46,73,50,63,134,28,42,74,80,1,11,86"/><V121/><F3/><W112/><G134/><T113/><D113/><U90/><E118/><V61/><F133/><W71/><G112/><T91/><D132/><U66/><E72/><V58/><F128/><W78/><G28/><T124/><D0/><U32/><E32/><V25/><F13/><W111/><G79/><T56/><D36/><U5/><E44/><V69/><F69/><W108/><G74/><T24/><D91/><U107/><E107/><V49/><F37/><W29/><G29/><T120/><D120/><U68/><E21/><N who="0" m="8265" /><D76/><U17/><E17/><V125/><F125/><N who="0" m="48202" /><D75/><U18/><E18/><V6/><F6/><W59/><G71/><T53/><D131/><U87/><E31/><V62/><F123/><W70/><G70/><T2/><D2/><AGARI ba="0,0" hai="2,5,9,60,66,68,81,83,87,88,90,93,95,96" machi="2" ten="30,3900,0" yaku="7,1,52,1,54,1" doraHai="94" who="1" fromWho="0" sc="186,-39,193,39,444,0,177,0" /><INIT seed="7,0,0,0,2,80" ten="147,232,444,177" oya="3" hai0="43,50,6,29,135,33,99,53,65,85,130,57,101" hai1="10,12,8,124,15,17,111,106,42,1,2,40,81" hai2="92,3,132,24,87,48,133,84,100,55,134,31,9" hai3="119,116,11,28,120,93,61,20,115,67,88,35,128"/><W49/><G120/><T129/><D135/><U25/><E106/><V104/><F104/><W125/><G35/><T46/><D6/><U47/><E111/><V103/><F9/><W71/><G115/><T59/><D33/><U83/><E124/><V54/><F3/><W75/><G125/><T34/><D34/><U19/><E47/><N who="2" m="27935" /><F55/><W79/><G128/><N who="0" m="49259" /><D29/><U36/><E36/><V110/><F110/><W112/><G112/><T18/><D18/><U131/><E131/><V44/><F44/><W114/><G114/><T66/><D99/><U58/><E58/><N who="0" m="22025" /><D101/><N who="2" m="38986" /><F92/><W26/><G49/><N who="0" m="26847" /><D85/><U122/><E25/><V22/><AGARI ba="0,0" hai="22,24,31,84,87,132,133,134" m="38986,27935" machi="22" ten="40,5200,0" yaku="20,1,52,2" doraHai="80" who="2" fromWho="2" sc="147,-13,232,-13,444,52,177,-26" owari="134,-37.0,219,2.0,496,60.0,151,-25.0" /></mjloggm>