<mjloggm ver="2.3"><GO type="185" lobby="0"/><UN n0="%65%6C%75%6C%75" n1="%50%42%33%2D%50" n2="%E5%A4%A7%E5%92%8C%E6%A1%9C" n3="" dan="16,17,17,0" rate="2209.53,2251.30,2301.91,1500.00" sx="M,M,F,C"/><TAIKYOKU oya="0"/><INIT seed="0,0,0,3,0,70" ten="350,350,350,0" oya="0" hai0="118,46,112,90,42,58,77,49,3,34,69,103,62" hai1="55,2,40,68,86,0,53,47,97,134,117,98,123" hai2="94,67,37,120,82,110,122,125,121,61,130,45,75" hai3=""/><T93/><D3/><U99/><N who="1" m="31520" /><U51/><E117/><V127/><N who="2" m="30752" /><V78/><N who="2" m="31008" /><V1/><N who="2" m="31264" /><V65/><F1/><T116/><D34/><U108/><E108/><V113/><F113/><T128/><D112/><U100/><E134/><V111/><F130/><T72/><D69/><U36/><E68/><V106/><F106/><T87/><D128/><U54/><E100/><V73/><F94/><T44/><D103/><U135/><E135/><V38/><F45/><T80/><REACH who="0" step="1"/><D46/><REACH who="0" ten="340,350,350,0" step="2"/><U107/><E107/><V33/><F33/><T85/><D85/><U48/><E0/><V88/><F73/><T43/><D43/><U101/><E2/><V60/><F75/><T133/><D133/><U76/><REACH who="1" step="1"/><E101/><REACH who="1" ten="340,340,350,0" step="2"/><V102/><F102/><T39/><D39/><U115/><E115/><V91/><F78/><T89/><D89/><U81/><AGARI ba="0,2" hai="36,40,47,48,51,53,54,55,76,81,86,97,98,99" m="31520" machi="81" ten="40,6000,1" yaku="1,1,0,1,52,2,53,1" doraHai="70" doraHaiUra="79" who="1" fromWho="1" sc="340,-40,340,80,350,-20,0,0" /><INIT seed="1,0,0,1,4,124" ten="300,420,330,0" oya="1" hai0="102,105,61,117,72,122,107,63,69,76,68,43,74" hai1="108,119,96,85,135,101,87,84,47,112,86,56,55" hai2="104,70,62,83,0,118,131,38,81,95,50,88,32" hai3=""/><U42/><E119/><V113/><F118/><T75/><N who="0" m="31264" /><T110/><D117/><U36/><E112/><V106/><F38/><T111/><D43/><U37/><E135/><V89/><F32/><T98/><D76/><U1/><E1/><V127/><F0/><T35/><D35/><U58/><E108/><N who="0" m="41513" /><D107/><U64/><E64/><V109/><F109/><T46/><D46/><U126/><E126/><V52/><F113/><T90/><D90/><U33/><E33/><V77/><F89/><T60/><AGARI ba="0,0" hai="60,61,63,68,69,72,74,75,98,102,105" m="41513,31264" machi="60" ten="40,2000,0" yaku="14,1,52,1" doraHai="124" who="0" fromWho="0" sc="300,20,420,-13,330,-7,0,0" /><INIT seed="2,0,0,5,0,90" ten="320,407,323,0" oya="2" hai0="33,124,41,49,121,75,65,115,99,123,108,116,36" hai1="55,38,100,78,64,105,44,66,47,118,68,110,109" hai2="43,46,134,42,102,103,72,0,85,98,79,132,131" hai3=""/><V51/><F0/><T62/><N who="0" m="31008" /><T53/><N who="0" m="31520" /><T58/><D33/><U60/><E78/><V107/><F131/><T34/><D34/><U101/><E101/><V56/><F102/><T111/><D75/><U83/><E83/><V69/><F69/><T70/><D116/><U82/><E82/><V130/><F130/><T39/><D124/><U54/><E100/><V87/><F42/><T97/><D115/><U126/><E105/><V76/><F76/><T37/><REACH who="0" step="1"/><D41/><REACH who="0" ten="310,407,323,0" step="2"/><U128/><E128/><V127/><F127/><T106/><D106/><U2/><E126/><V71/><F72/><T81/><D81/><U45/><E118/><V104/><F107/><T80/><D80/><U50/><E2/><V89/><F79/><T84/><D84/><U133/><E109/><AGARI ba="0,1" hai="36,37,39,49,53,58,62,65,70,97,99,108,109,111" m="31520,31008" machi="109" ten="50,8000,1" yaku="1,1,14,1,52,2,53,0" doraHai="90" doraHaiUra="114" who="0" fromWho="1" sc="310,90,407,-80,323,0,0,0" /><INIT seed="4,0,0,5,4,126" ten="400,327,323,0" oya="0" hai0="37,77,68,100,112,73,51,36,87,122,98,67,97" hai1="2,82,95,40,60,3,89,53,69,104,65,56,109" hai2="96,74,61,57,33,103,48,62,111,45,59,43,128" hai3=""/><T64/><N who="0" m="31264" /><T110/><D73/><U134/><E109/><V93/><F111/><T121/><N who="0" m="31008" /><T113/><D110/><U58/><E104/><V107/><F74/><T123/><N who="0" m="31520" /><T35/><D35/><U127/><E127/><V72/><F72/><T32/><D32/><U83/><E69/><V84/><F33/><T116/><D116/><U49/><E134/><V66/><F128/><T76/><D51/><U132/><E132/><V125/><F125/><T55/><D55/><U79/><E40/><V0/><F0/><T120/><N who="0" m="30752" /><T99/><D100/><U130/><E130/><V86/><REACH who="2" step="1"/><F107/><REACH who="2" ten="400,327,313,0" step="2"/><T92/><D68/><U124/><E124/><V114/><F114/><N who="0" m="44138" /><D36/><U81/><REACH who="1" step="1"/><E79/><REACH who="1" ten="400,317,313,0" step="2"/><N who="0" m="30281" /><D37/><U1/><E1/><V75/><F75/><T71/><D71/><U54/><E54/><AGARI ba="0,2" hai="43,45,48,54,57,59,61,62,66,84,86,93,96,103" machi="54" ten="30,3900,0" yaku="1,1,7,1,8,1,53,0" doraHai="126" doraHaiUra="34" who="2" fromWho="1" sc="400,0,317,-39,313,59,0,0" /><INIT seed="5,0,0,0,5,47" ten="400,278,372,0" oya="1" hai0="81,2,93,70,49,99,133,110,71,84,116,117,55" hai1="77,73,130,128,87,52,108,60,44,90,68,37,85" hai2="35,61,103,56,51,53,124,98,36,50,0,129,66" hai3=""/><U58/><E108/><V78/><F35/><T59/><D110/><U45/><E68/><V57/><F36/><T80/><D2/><U63/><E63/><V106/><F0/><T42/><D42/><U94/><E73/><V54/><F124/><T101/><D81/><U91/><E77/><V121/><N who="2" m="31008" /><V74/><F129/><T112/><D112/><U123/><N who="1" m="31520" /><U39/><E39/><V76/><REACH who="2" step="1"/><F74/><REACH who="2" ten="400,278,362,0" step="2"/><T72/><D72/><U135/><E135/><V132/><F132/><T105/><D133/><U64/><E37/><V67/><F67/><T69/><REACH who="0" step="1"/><D105/><REACH who="0" ten="390,278,362,0" step="2"/><U65/><E65/><V134/><F134/><T100/><D100/><U95/><REACH who="1" step="1"/><E64/><REACH who="1" ten="390,268,362,0" step="2"/><V92/><F92/><T109/><D109/><U1/><E1/><V43/><F43/><T127/><D127/><U75/><E75/><V41/><F41/><T34/><D34/><U88/><E88/><AGARI ba="0,3" hai="49,55,59,69,70,71,80,84,88,93,99,101,116,117" machi="88" ten="40,5200,0" yaku="1,1,52,1,54,1,53,0" doraHai="47" doraHaiUra="38" who="0" fromWho="1" sc="390,82,268,-52,362,0,0,0" /><INIT seed="6,0,0,1,0,108" ten="472,216,362,0" oya="2" hai0="95,50,115,79,128,90,117,127,109,106,107,45,56" hai1="48,38,120,44,124,77,118,36,83,88,87,114,96" hai2="66,76,67,133,78,35,41,121,33,3,42,119,99" hai3=""/><V89/><N who="2" m="31008" /><V62/><F119/><T65/><D109/><U39/><N who="1" m="30752" /><U73/><E118/><V68/><F3/><T131/><D79/><U130/><E130/><N who="0" m="49705" /><D115/><U75/><E124/><V116/><F116/><T84/><D127/><U57/><E57/><V103/><F133/><T58/><D117/><U43/><E96/><V51/><F67/><T104/><D65/><U86/><E86/><V113/><F113/><T134/><D134/><U105/><E105/><V46/><F42/><AGARI ba="0,0" hai="42,45,50,56,58,84,90,95,104,106,107" m="49705" machi="42" ten="40,1300,0" yaku="19,1" doraHai="108" who="0" fromWho="2" sc="472,13,216,0,362,-13,0,0" owari="485,43.0,216,-38.0,349,-5.0,0,0.0" /></mjloggm>