<mjloggm ver="2.3"><GO type="169" lobby="0"/><UN n0="%E3%83%AC%E3%82%AA%E3%83%B3%E3%83%8F%E3%83%AB%E3%83%88" n1="%4B%6F%74%61%38%31%36" n2="%79%6F%75%61%6C%70%68%61" n3="%33%39%E3%81%95%E3%82%93" dan="16,16,17,17" rate="2044.15,2168.01,2157.58,2170.55" sx="M,M,M,M"/><TAIKYOKU oya="0"/><INIT seed="0,0,0,0,0,129" ten="250,250,250,250" oya="0" hai0="97,16,86,22,62,7,94,46,11,65,19,79,71" hai1="5,99,32,14,89,96,54,125,0,21,118,117,85" hai2="102,74,38,120,103,31,114,20,53,8,90,128,123" hai3="41,93,134,4,98,66,23,130,132,3,58,24,95"/><T92/><D46/><U60/><E32/><V73/><F114/><W84/><G130/><T25/><D19/><U111/><E111/><V101/><F128/><W76/><G41/><T49/><D49/><U30/><E0/><V116/><F116/><W45/><G45/><T28/><D28/><U51/><E125/><V29/><F90/><W36/><G36/><T75/><D75/><U113/><E113/><V48/><F38/><W83/><G4/><T33/><D33/><U135/><E60/><V42/><F42/><W64/><G3/><T78/><D86/><U52/><E54/><V107/><F107/><W67/><G95/><T88/><REACH who="0" step="1"/><D92/><REACH who="0" ten="240,250,250,250" step="2"/><U9/><E117/><V131/><F131/><W61/><G93/><T127/><D127/><U26/><E118/><V91/><F73/><W43/><G98/><T57/><D57/><U39/><E39/><V72/><F74/><W80/><G80/><T27/><D27/><U13/><E96/><V121/><F72/><W77/><G43/><T81/><D81/><U18/><E99/><V109/><F29/><N who="3" m="17567" /><G76/><T124/><D124/><U63/><E30/><V47/><F31/><W34/><G34/><T68/><D68/><U44/><E26/><V1/><F121/><W69/><G69/><T6/><D6/><U133/><REACH who="1" step="1"/><E63/><REACH who="1" ten="240,240,250,250" step="2"/><V56/><F120/><W50/><G50/><T82/><D82/><AGARI ba="0,2" hai="5,9,13,14,18,21,44,51,52,82,85,89,133,135" machi="82" ten="40,8000,1" yaku="1,1,2,1,52,2,54,1,53,0" doraHai="129" doraHaiUra="35" who="1" fromWho="0" sc="240,-80,240,100,250,0,250,0" /><INIT seed="1,0,0,3,2,37" ten="160,340,250,250" oya="1" hai0="128,36,65,9,89,127,110,38,70,42,90,8,4" hai1="88,120,58,78,23,17,133,50,7,43,100,64,116" hai2="94,92,83,19,105,112,108,117,39,66,32,80,2" hai3="135,97,111,56,84,132,121,10,75,18,68,51,31"/><U72/><E116/><V53/><F117/><W71/><G75/><T41/><D70/><U82/><E120/><V85/><F2/><W73/><G73/><T5/><D65/><U48/><E7/><V74/><F32/><W102/><G121/><T109/><REACH who="0" step="1"/><D127/><REACH who="0" ten="150,340,250,250" step="2"/><U86/><E64/><V24/><F66/><W54/><G71/><T28/><D28/><U29/><E29/><V118/><F118/><W69/><G31/><T30/><D30/><U99/><E133/><V93/><F112/><W104/><G68/><T115/><D115/><U63/><E58/><V134/><F134/><W0/><G69/><T16/><D16/><U87/><E17/><V126/><F19/><W131/><G18/><T11/><D11/><U106/><E23/><V91/><F126/><W6/><G132/><T101/><D101/><U96/><E63/><V40/><F24/><W119/><G135/><T60/><D60/><U77/><E50/><V113/><F113/><W95/><G119/><T98/><D98/><U76/><E99/><V62/><F62/><W130/><G111/><T22/><D22/><U45/><REACH who="1" step="1"/><E87/><REACH who="1" ten="150,330,250,250" step="2"/><V52/><F85/><W14/><G84/><T125/><D125/><U123/><E123/><V81/><F74/><AGARI ba="0,2" hai="43,45,48,72,74,76,77,78,82,86,88,96,100,106" machi="74" ten="40,7700,0" yaku="1,1,52,1,54,1,53,0" doraHai="37" doraHaiUra="3" who="1" fromWho="2" sc="150,0,330,97,250,-77,250,0" /><INIT seed="1,1,0,5,0,24" ten="150,427,173,250" oya="1" hai0="1,99,128,49,53,62,10,44,116,51,107,26,3" hai1="108,127,109,4,98,118,33,83,8,0,38,95,101" hai2="58,92,114,105,59,77,106,12,133,55,112,122,100" hai3="20,81,129,134,40,54,76,22,86,46,89,28,19"/><U13/><E118/><V96/><F122/><W56/><G129/><T14/><D116/><U67/><E38/><V91/><F133/><W5/><G5/><T66/><D128/><U45/><E33/><V34/><F34/><W71/><G71/><T72/><D72/><U123/><E123/><V64/><F77/><W65/><G65/><T132/><D132/><U74/><E67/><V87/><F12/><W42/><G134/><T88/><D49/><U9/><E127/><V124/><F124/><W97/><G46/><T25/><D1/><U23/><E23/><V48/><F105/><W52/><G97/><T104/><D104/><U32/><E32/><V50/><REACH who="2" step="1"/><F64/><REACH who="2" ten="150,427,163,250" step="2"/><W29/><G76/><T6/><D3/><U84/><E13/><V31/><F31/><N who="3" m="11851" /><G22/><T70/><D107/><U2/><E0/><V7/><F7/><W90/><G90/><T111/><D88/><U16/><E2/><V57/><F57/><W130/><G130/><T102/><D70/><U18/><E45/><V63/><F63/><N who="3" m="36231" /><G54/><AGARI ba="1,1" hai="48,50,54,55,58,59,87,91,92,96,100,106,112,114" machi="54" ten="40,2600,0" yaku="1,1,9,1,53,0" doraHai="24" doraHaiUra="11" who="2" fromWho="3" sc="150,0,427,0,163,39,250,-29" /><INIT seed="2,0,0,2,5,30" ten="150,427,202,221" oya="2" hai0="32,35,22,95,81,27,20,107,100,3,48,84,8" hai1="14,74,132,76,94,46,90,5,127,130,128,59,34" hai2="69,103,60,26,50,54,7,109,135,116,10,99,118" hai3="65,114,23,105,57,70,75,56,12,68,96,53,98"/><V102/><F135/><W45/><G75/><T67/><D107/><U83/><E127/><V119/><F109/><W49/><G105/><T85/><D67/><U72/><E72/><V31/><F69/><N who="3" m="26731" /><G23/><T134/><D134/><U36/><E59/><V97/><F60/><N who="3" m="38023" /><G12/><T126/><D48/><U44/><E36/><V122/><F122/><W62/><G98/><T43/><D43/><U38/><E38/><V89/><F89/><W82/><G82/><T120/><D126/><U17/><E5/><V25/><F99/><W29/><G29/><T125/><D120/><U6/><E6/><V28/><F28/><W112/><G96/><T71/><D71/><U58/><E58/><V64/><F64/><AGARI ba="0,0" hai="45,49,53,57,62,64,112,114" m="38023,26731" machi="64" ten="30,2000,0" yaku="34,2" doraHai="30" who="3" fromWho="2" sc="150,0,427,0,202,-20,221,20" /><INIT seed="3,0,0,2,1,15" ten="150,427,182,241" oya="3" hai0="114,116,70,68,78,106,134,20,52,58,17,30,53" hai1="25,102,97,14,119,7,105,76,101,61,23,91,2" hai2="88,37,18,5,65,112,98,62,71,94,121,13,35" hai3="55,124,44,16,33,118,103,0,39,96,36,19,92"/><W126/><G118/><T8/><D116/><U100/><E2/><V107/><F112/><W132/><G33/><T89/><D114/><U104/><E76/><V56/><F37/><W54/><G0/><T47/><D134/><U50/><E104/><V135/><F135/><W109/><G132/><T64/><D106/><U51/><E61/><V60/><F121/><W80/><G109/><T128/><D128/><U45/><E91/><V120/><F120/><W87/><G39/><T74/><D64/><U59/><E59/><V129/><F35/><W93/><G93/><T1/><D30/><U4/><E51/><V84/><F129/><W99/><G99/><T9/><D47/><U90/><E119/><V115/><F5/><W127/><G54/><T123/><D53/><U133/><E133/><V117/><F115/><W83/><G83/><T72/><D89/><U21/><E21/><V130/><F130/><W38/><G38/><T22/><D22/><U75/><E75/><V3/><F3/><W122/><G122/><T26/><D123/><U24/><E24/><V27/><F27/><W110/><G110/><T43/><D43/><N who="1" m="24895" /><E14/><V34/><F34/><W32/><G32/><T85/><D72/><U49/><E49/><V95/><F117/><W46/><G55/><T6/><D74/><U31/><E105/><V77/><F107/><W113/><G113/><T29/><D1/><U66/><E66/><N who="2" m="39175" /><F77/><N who="3" m="46479" /><G44/><T40/><D78/><U86/><E97/><V82/><F98/><W48/><G48/><T131/><D131/><U28/><E28/><V11/><F71/><W57/><G57/><RYUUKYOKU ba="0,0" sc="150,-30,427,10,182,10,241,10" hai1="4,7,23,25,31,86,90,100,101,102" hai2="11,13,18,62,65,82,84,88,94,95" hai3="16,19,36,46,92,96,103,124,126,127" /><INIT seed="3,1,0,0,5,36" ten="120,437,192,251" oya="3" hai0="19,45,132,61,67,109,82,39,97,84,1,91,40" hai1="120,131,133,69,68,96,29,58,118,104,49,78,42" hai2="15,44,11,98,74,30,66,2,14,38,25,108,35" hai3="34,90,81,116,27,83,99,124,13,135,10,26,12"/><W63/><G135/><T41/><D109/><U114/><E120/><V16/><F108/><W5/><G124/><T75/><D132/><U76/><E114/><V56/><F74/><W65/><G116/><T24/><D1/><U33/><E133/><V20/><F98/><W117/><G117/><T51/><D75/><U3/><E3/><V130/><F130/><W121/><G121/><T43/><D39/><U32/><E131/><V17/><F66/><W80/><G34/><T134/><D134/><U107/><E96/><V88/><F56/><W113/><G113/><T59/><D97/><U126/><E58/><V31/><F88/><W71/><REACH who="3" step="1"/><G12/><REACH who="3" ten="120,437,192,241" step="2"/><T21/><AGARI ba="1,1" hai="19,21,24,40,41,43,45,51,59,61,67,82,84,91" machi="21" ten="30,8000,1" yaku="0,1,8,1,52,3" doraHai="36" who="0" fromWho="0" sc="120,93,437,-21,192,-21,241,-41" /><INIT seed="4,0,0,3,4,132" ten="213,416,171,200" oya="0" hai0="73,62,74,106,2,135,33,34,79,15,123,60,8" hai1="114,43,56,54,6,58,103,50,111,59,116,131,90" hai2="77,95,89,26,93,97,42,117,35,102,29,37,122" hai3="1,16,129,3,72,38,24,104,75,5,51,98,115"/><T125/><D123/><U36/><E111/><V11/><F122/><W52/><G38/><T85/><D106/><U12/><E116/><V40/><F117/><W91/><G129/><T13/><D2/><U112/><E103/><V88/><F77/><W76/><G115/><N who="1" m="44074" /><E90/><V31/><F31/><W10/><G1/><T96/><D96/><U68/><E68/><V4/><F37/><W105/><G105/><T134/><D8/><N who="1" m="4119" /><E131/><V0/><REACH who="2" step="1"/><F102/><REACH who="2" ten="213,416,161,200" step="2"/><W130/><G76/><T61/><D79/><U81/><E81/><V65/><F65/><W7/><G130/><T99/><D135/><U126/><E36/><V121/><F121/><W53/><G75/><T19/><D134/><U124/><E43/><V120/><F120/><W20/><G72/><T17/><D73/><U113/><E113/><V44/><F44/><AGARI ba="0,1" hai="44,50,54,56,58,59,124,126" m="4119,44074" machi="44" ten="30,7700,0" yaku="15,1,11,1,52,2" doraHai="132" who="1" fromWho="2" sc="213,0,416,87,161,-77,200,0" /><INIT seed="5,0,0,0,2,35" ten="213,503,84,200" oya="1" hai0="98,69,43,32,3,121,29,51,25,103,20,49,74" hai1="40,14,76,128,33,131,117,48,60,15,90,68,55" hai2="59,67,111,122,16,110,18,11,22,101,89,23,126" hai3="105,65,71,91,46,78,109,118,19,54,84,9,31"/><U129/><E117/><V97/><F122/><W37/><G105/><T83/><D69/><U82/><E33/><V130/><F130/><W24/><G109/><T102/><D121/><U36/><E90/><V85/><F126/><W94/><G78/><T125/><D125/><U133/><E133/><V17/><F110/><W116/><G65/><T92/><D103/><U77/><E77/><V56/><F111/><W50/><G71/><T38/><D74/><U113/><E113/><V27/><F11/><W0/><G37/><T115/><D83/><U75/><E40/><V99/><F67/><W104/><G104/><T88/><D102/><U45/><E36/><V28/><F22/><W2/><G19/><T39/><D115/><U26/><E26/><V61/><F61/><W66/><G66/><AGARI ba="0,0" hai="14,15,45,48,55,60,66,68,75,76,82,128,129,131" machi="66" ten="40,2000,0" yaku="19,1" doraHai="35" who="1" fromWho="3" sc="213,0,503,20,84,0,200,-20" /><INIT seed="5,1,0,2,0,31" ten="213,523,84,180" oya="1" hai0="115,135,1,107,38,77,27,84,46,125,61,124,10" hai1="14,53,48,73,134,92,11,78,132,69,12,113,4" hai2="87,21,54,110,40,19,128,68,98,66,109,57,85" hai3="133,63,25,108,74,70,67,91,24,8,111,2,5"/><U42/><E69/><V22/><F128/><W99/><G133/><T104/><D61/><U50/><E113/><V32/><F40/><W33/><G25/><T3/><D27/><U130/><E130/><V16/><F68/><W112/><G91/><T49/><D38/><U79/><E73/><V47/><F47/><W82/><G112/><T89/><D77/><U44/><E92/><V96/><F57/><W72/><G99/><T15/><D1/><U76/><REACH who="1" step="1"/><E14/><REACH who="1" ten="213,513,84,180" step="2"/><V62/><F109/><N who="3" m="42059" /><G82/><T30/><D115/><U120/><E120/><V118/><F110/><W45/><G45/><AGARI ba="1,1" hai="4,11,12,42,44,45,48,50,53,76,78,79,132,134" machi="45" ten="40,2000,0" yaku="1,1,53,0" doraHai="31" doraHaiUra="13" who="1" fromWho="3" sc="213,0,513,33,84,0,180,-23" /><INIT seed="5,2,0,1,4,54" ten="213,546,84,157" oya="1" hai0="70,78,19,13,20,95,28,37,1,33,126,35,86" hai1="60,38,121,104,2,40,118,94,29,84,124,31,91" hai2="68,80,109,58,50,81,66,44,12,87,82,24,116" hai3="102,23,9,69,11,45,26,106,92,15,125,105,46"/><U130/><E118/><V10/><F109/><W110/><G69/><T111/><D37/><U61/><E121/><V47/><F116/><W63/><G110/><T43/><D43/><U98/><E2/><V7/><F68/><W131/><G125/><T79/><D70/><U135/><E38/><V117/><F117/><W71/><G131/><T129/><D111/><U53/><E40/><V89/><F24/><W34/><G105/><T59/><D1/><U74/><E74/><V21/><F21/><W83/><G83/><T52/><D126/><U88/><E135/><V75/><F75/><W133/><G133/><T5/><D5/><U25/><E130/><V27/><F27/><W32/><G11/><T22/><D22/><U97/><E31/><V56/><F66/><W114/><G114/><T42/><D42/><U115/><E115/><V62/><F62/><W16/><G106/><T77/><D28/><U8/><E8/><V72/><F72/><W112/><G112/><T101/><D129/><U76/><E76/><V108/><F108/><W127/><G127/><T64/><D64/><U122/><E122/><V73/><F73/><W100/><G32/><T103/><D101/><U120/><E120/><V123/><F123/><W99/><G100/><T48/><D103/><U85/><E104/><V41/><REACH who="2" step="1"/><F44/><REACH who="2" ten="213,546,74,157" step="2"/><W6/><G71/><T57/><D35/><N who="1" m="20911" /><E61/><V49/><F49/><W132/><G132/><T96/><D33/><U36/><E36/><V18/><F18/><W3/><G63/><T14/><D19/><U65/><E124/><V17/><F17/><W134/><G134/><RYUUKYOKU ba="2,1" sc="213,-15,546,-15,74,15,157,15" hai2="7,10,12,41,47,50,56,58,80,81,82,87,89" hai3="3,6,9,15,16,23,26,34,45,46,92,99,102" /><INIT seed="6,3,1,1,4,51" ten="198,531,89,172" oya="2" hai0="93,0,39,87,103,41,63,47,130,68,46,57,97" hai1="90,128,32,99,113,114,127,109,8,120,20,64,55" hai2="101,111,70,40,100,37,7,29,116,81,26,19,89" hai3="56,11,50,13,66,53,1,4,67,73,52,119,10"/><V30/><F116/><W23/><G73/><T108/><D108/><U49/><E32/><V135/><F70/><W124/><G119/><T77/><D0/><U42/><E109/><V33/><F111/><W44/><G124/><T98/><D130/><U117/><E64/><V36/><F135/><W102/><G102/><T15/><D68/><U94/><E42/><V62/><F7/><W78/><G78/><T82/><D47/><U112/><E128/><V79/><F29/><W131/><G23/><T48/><D39/><U65/><E65/><V106/><F89/><W54/><G131/><T126/><D126/><U132/><E127/><V28/><F30/><W76/><G76/><T123/><D123/><U71/><E71/><V85/><F62/><W61/><G66/><T31/><D31/><U14/><E120/><V34/><F34/><W110/><G110/><T22/><D22/><U125/><E125/><V60/><F19/><AGARI ba="3,1" hai="1,4,10,11,13,19,44,50,52,53,54,56,61,67" machi="19" ten="30,8000,1" yaku="7,1,52,3,54,1" doraHai="51" who="3" fromWho="2" sc="198,0,531,0,89,-89,172,99" /><INIT seed="7,0,0,4,1,87" ten="198,531,0,271" oya="3" hai0="95,23,93,128,13,92,83,107,69,77,15,113,67" hai1="118,70,19,98,114,132,84,43,2,32,5,90,123" hai2="11,109,45,53,122,63,119,99,57,56,125,81,112" hai3="44,116,75,91,110,124,82,9,52,96,127,10,88"/><W117/><G96/><T73/><D107/><U108/><E32/><V131/><F11/><W78/><G110/><T47/><D128/><U89/><E123/><V102/><F81/><W17/><G116/><T76/><D76/><U27/><E118/><V62/><F99/><W54/><G117/><T30/><D69/><U129/><E129/><V135/><F102/><W71/><G71/><T134/><D134/><U3/><E70/><V49/><F119/><W60/><G60/><T40/><D67/><U126/><E126/><N who="3" m="48170" /><G44/><T85/><D113/><U94/><E114/><V104/><F125/><W106/><G106/><T18/><D30/><U66/><E132/><V24/><F104/><W103/><G103/><T36/><REACH who="0" step="1"/><D13/><REACH who="0" ten="188,531,0,271" step="2"/><U46/><E98/><V74/><F112/><W80/><G78/><T42/><D42/><U115/><E46/><V26/><F131/><W29/><G75/><AGARI ba="0,1" hai="15,18,23,36,40,47,73,75,77,83,85,92,93,95" machi="75" ten="40,1300,0" yaku="1,1,53,0" doraHai="87" doraHaiUra="0" who="0" fromWho="3" sc="188,23,531,0,0,0,271,-13" owari="211,-19.0,531,63.0,0,-50.0,258,6.0" /></mjloggm>