<mjloggm ver="2.3"><GO type="169" lobby="0"/><UN n0="%E3%82%AB%E3%82%B6%E3%83%A9%E3%82%AD" n1="%63%68%69%73%73" n2="%6D%61%72%63%68%61%6F%7A" n3="%E3%81%97%E3%82%89%E3%81%99%EF%BC%A1" dan="18,17,17,16" rate="2232.03,2102.25,2145.03,2090.58" sx="M,M,M,M"/><TAIKYOKU oya="0"/><INIT seed="0,0,0,4,2,58" ten="250,250,250,250" oya="0" hai0="16,92,81,106,55,28,57,107,86,0,104,73,44" hai1="125,52,31,109,37,2,127,6,101,49,99,4,21" hai2="35,8,32,59,41,39,112,102,91,23,133,62,54" hai3="60,71,15,9,3,64,110,116,5,134,121,63,105"/><T47/><D0/><U78/><E109/><V26/><F133/><W40/><G110/><T123/><D123/><U19/><E37/><V30/><F112/><W43/><G116/><T25/><D73/><U33/><E78/><V90/><F102/><W1/><G134/><T117/><D117/><U51/><E33/><V120/><F120/><W85/><G121/><T24/><D92/><U22/><E31/><V12/><F35/><W135/><G135/><T76/><D25/><U132/><E51/><V7/><F41/><W10/><G105/><T94/><D94/><U93/><E22/><V80/><F39/><W13/><G85/><T128/><D128/><U100/><E100/><V130/><F130/><W11/><G11/><T103/><D103/><U46/><E132/><V77/><REACH who="2" step="1"/><F32/><REACH who="2" ten="250,250,240,250" step="2"/><W84/><G40/><T118/><D118/><U108/><E108/><V98/><F98/><W38/><G43/><T131/><D131/><U114/><E114/><V20/><F20/><W68/><G38/><T82/><D107/><U67/><E2/><V61/><F61/><W42/><G42/><T115/><D106/><U75/><E21/><V66/><F66/><W96/><G96/><T45/><D104/><U79/><E67/><V29/><F29/><W97/><G97/><T129/><D129/><U95/><E99/><V14/><F14/><W87/><G64/><T69/><D28/><U119/><E101/><V56/><F56/><W53/><G53/><T48/><D115/><U88/><E119/><V70/><F70/><W27/><G27/><T72/><D69/><U36/><E36/><RYUUKYOKU ba="0,1" sc="250,-15,250,-15,240,15,250,15" hai2="7,8,12,23,26,30,54,59,62,77,80,90,91" hai3="1,3,5,9,10,13,15,60,63,68,71,84,87" /><INIT seed="1,1,1,0,3,84" ten="235,235,255,265" oya="1" hai0="131,25,3,75,71,73,112,119,77,79,57,133,39" hai1="0,105,65,64,1,60,135,31,37,129,51,63,98" hai2="50,54,14,99,83,12,81,58,90,70,6,108,68" hai3="117,21,78,67,97,95,8,18,106,16,94,113,43"/><U118/><E37/><V30/><F108/><W101/><G113/><T134/><D71/><U130/><E118/><V17/><F68/><W13/><G117/><T62/><D39/><U116/><E116/><V35/><F70/><W123/><G123/><T59/><D3/><N who="1" m="1099" /><E51/><V49/><F35/><W124/><G124/><T24/><D62/><N who="1" m="23595" /><E31/><V109/><F30/><W103/><G67/><N who="1" m="25674" /><E98/><V82/><F109/><W120/><G120/><T125/><D119/><U7/><E7/><V76/><F6/><W100/><G43/><T19/><D125/><U5/><E5/><V72/><F14/><W32/><G32/><T9/><D19/><U36/><E36/><V74/><F50/><W34/><G34/><T33/><D33/><U2/><N who="1" m="1107" /><U121/><DORA hai="66" /><E121/><V22/><REACH who="2" step="1"/><F74/><REACH who="2" ten="235,235,245,265" step="2"/><W86/><G13/><T96/><D75/><U27/><E27/><V88/><F88/><W4/><G4/><T45/><D73/><U87/><E135/><V132/><F132/><W111/><G18/><T53/><D25/><U38/><E38/><V122/><F122/><W15/><G15/><T104/><D24/><U46/><E130/><V41/><F41/><W89/><G16/><T11/><D131/><U110/><E129/><V55/><F55/><W114/><G111/><T102/><D134/><U107/><E110/><V128/><F128/><W44/><G114/><T127/><D112/><U85/><E46/><V92/><AGARI ba="1,2" hai="12,17,22,49,54,58,72,76,81,82,83,90,92,99" machi="92" ten="30,7900,0" yaku="1,1,0,1,52,1,53,1" doraHai="84,66" doraHaiUra="23,47" who="2" fromWho="2" sc="235,-21,235,-40,245,102,265,-21" /><INIT seed="2,0,0,0,2,31" ten="214,195,347,244" oya="2" hai0="107,14,53,9,43,51,97,11,6,15,8,13,106" hai1="98,116,38,109,2,23,82,66,69,39,0,88,133" hai2="64,135,122,118,115,63,19,113,90,49,87,26,1" hai3="104,4,134,119,62,83,55,10,120,5,54,33,79"/><V77/><F1/><W102/><G119/><T41/><D6/><U68/><E116/><V114/><F118/><W58/><G120/><T65/><D65/><U84/><E133/><V7/><F122/><W78/><G134/><T112/><D112/><U71/><E109/><V21/><F135/><W20/><G33/><T125/><D125/><U50/><E66/><V128/><F128/><W91/><G104/><T45/><REACH who="0" step="1"/><D97/><REACH who="0" ten="204,195,347,244" step="2"/><U67/><E67/><V72/><F7/><W105/><G5/><T32/><D32/><U131/><E131/><V46/><F113/><W70/><G4/><T123/><D123/><U42/><E98/><V92/><F72/><W18/><G70/><T121/><D121/><U17/><E2/><V61/><F64/><W117/><G117/><T28/><D28/><U75/><E0/><V48/><F115/><W57/><G18/><T24/><D24/><U99/><E99/><V127/><F127/><W27/><G27/><T103/><D103/><U126/><E126/><V95/><F19/><W3/><G102/><T56/><D56/><U80/><E75/><V129/><F26/><W35/><G58/><T110/><D110/><U37/><E71/><V89/><F114/><W52/><G57/><T76/><D76/><U74/><E69/><V60/><F77/><W124/><G79/><T34/><D34/><U94/><E68/><V16/><F129/><W73/><G35/><T40/><AGARI ba="0,1" hai="8,9,11,13,14,15,40,41,43,45,51,53,106,107" machi="40" ten="40,8000,1" yaku="1,1,0,1,29,2,53,0" doraHai="31" doraHaiUra="22" who="0" fromWho="0" sc="204,90,195,-20,347,-40,244,-20" /><INIT seed="3,0,0,2,4,16" ten="294,175,307,224" oya="3" hai0="30,12,119,40,108,117,71,88,106,43,1,102,74" hai1="62,56,87,66,125,53,122,38,131,27,2,57,47" hai2="0,14,60,69,28,31,94,76,21,104,126,100,127" hai3="91,13,55,22,65,33,46,96,84,26,124,79,32"/><W135/><G124/><N who="2" m="47657" /><F0/><W133/><G65/><T67/><D1/><U121/><E2/><V6/><F104/><W86/><G13/><T113/><D74/><U89/><E125/><V128/><F76/><W24/><G96/><T25/><D12/><U82/><E131/><V81/><F81/><W132/><G79/><T72/><D72/><U19/><E38/><V115/><F115/><W80/><G86/><T37/><D113/><U112/><E112/><V111/><F111/><W18/><REACH who="3" step="1"/><G24/><REACH who="3" ten="294,175,307,214" step="2"/><T98/><D25/><U17/><E121/><V54/><F14/><W123/><G123/><T97/><D67/><U73/><E122/><V11/><F69/><W116/><G116/><T42/><D71/><U92/><E73/><V120/><F120/><W63/><G63/><T15/><D15/><U77/><E27/><V61/><F60/><W107/><G107/><T50/><D98/><U130/><E130/><V44/><F61/><W34/><G34/><T93/><D119/><U51/><E77/><V68/><F68/><W8/><G8/><T109/><D117/><U105/><E105/><V58/><F11/><W39/><G39/><T64/><D37/><U36/><E36/><V9/><F9/><W70/><G70/><T114/><D64/><U103/><E66/><V29/><F128/><W95/><G95/><T78/><D78/><U35/><E62/><V59/><F94/><W3/><G3/><T101/><D114/><U85/><E35/><V90/><F6/><W134/><N who="3" m="33792" /><DORA hai="23" /><W48/><AGARI ba="0,1" hai="18,22,26,32,33,46,48,55,80,84,91" m="33792" machi="48" ten="60,18000,2" yaku="1,1,4,1,0,1,20,1,52,2,53,1" doraHai="16,23" doraHaiUra="41,52" who="3" fromWho="3" sc="294,-60,175,-60,307,-60,214,190" /><INIT seed="3,1,0,3,3,13" ten="234,115,247,404" oya="3" hai0="35,73,24,43,27,68,132,12,116,21,33,5,60" hai1="1,79,109,39,23,54,106,57,55,31,84,34,111" hai2="3,75,104,15,63,114,105,88,51,48,135,128,77" hai3="107,76,19,121,62,22,119,95,115,101,117,124,98"/><W2/><G115/><T126/><D73/><U81/><E106/><V16/><F3/><W127/><G121/><T47/><D116/><U120/><E120/><V82/><F114/><W28/><G2/><T108/><D108/><U131/><E131/><V64/><F128/><W94/><G28/><T46/><D126/><N who="3" m="48169" /><G76/><T83/><D132/><U99/><E34/><V71/><F135/><W118/><G62/><T41/><D83/><U36/><E1/><V65/><F65/><W70/><G70/><T113/><D113/><U90/><E55/><V92/><F105/><W26/><AGARI ba="1,0" hai="19,22,26,94,95,98,101,107,117,118,119" m="48169" machi="26" ten="40,3900,0" yaku="18,1,52,1" doraHai="13" who="3" fromWho="3" sc="234,-14,115,-14,247,-14,404,42" /><INIT seed="3,2,0,3,2,135" ten="220,101,233,446" oya="3" hai0="48,52,130,100,72,47,44,8,113,43,124,82,90" hai1="68,75,114,20,3,118,115,10,104,74,126,6,97" hai2="23,56,117,39,2,88,51,89,62,98,131,7,26" hai3="63,34,40,45,103,71,17,112,46,125,60,73,134"/><W77/><G112/><N who="1" m="43050" /><E20/><V96/><F39/><W49/><G134/><T14/><D113/><U92/><E92/><V29/><F117/><W30/><G17/><T109/><D109/><U36/><E118/><V128/><F7/><W35/><G103/><T122/><D130/><N who="2" m="49706" /><F51/><W24/><G35/><T91/><D100/><N who="1" m="62479" /><E36/><V53/><F2/><W94/><G94/><T31/><D31/><U87/><E87/><V80/><F80/><W42/><G71/><T1/><D1/><U28/><E28/><V55/><F55/><W37/><G77/><T16/><D122/><U58/><E58/><V5/><F5/><W33/><G33/><T61/><D72/><N who="1" m="27691" /><E68/><V41/><F41/><W79/><G79/><T65/><D82/><U11/><E11/><V70/><F70/><W133/><G73/><T4/><D4/><U119/><E119/><V120/><F120/><W110/><G133/><T0/><D0/><U19/><E19/><V102/><F98/><W101/><G37/><T78/><D78/><U83/><E83/><V54/><F53/><W121/><G121/><T108/><D108/><U116/><E116/><V123/><F123/><W127/><G110/><T22/><D8/><U50/><E50/><V57/><F57/><W18/><G18/><T32/><D32/><U129/><E129/><V76/><F76/><W106/><G49/><N who="0" m="28711" /><D90/><U67/><E67/><V86/><F86/><W66/><G101/><T64/><D91/><U21/><E21/><V111/><F111/><W84/><G34/><T38/><D38/><U132/><E132/><V59/><F59/><N who="3" m="37151" /><G63/><T99/><D61/><RYUUKYOKU ba="2,0" sc="220,-15,101,15,233,15,446,-15" hai1="3,6,10,126" hai2="23,26,29,54,56,62,88,89,96,102" /><INIT seed="4,3,0,4,1,9" ten="205,116,248,431" oya="0" hai0="30,44,111,63,56,43,95,90,76,83,47,36,126" hai1="102,120,34,128,98,6,87,31,110,33,77,37,116" hai2="88,11,57,65,122,84,80,115,46,93,91,107,41" hai3="81,1,13,10,99,106,60,52,12,129,61,73,7"/><T3/><D126/><U42/><E116/><V119/><F107/><W38/><G129/><T67/><D3/><U62/><E110/><V72/><F115/><W21/><G21/><T66/><D111/><U0/><E120/><V35/><F122/><W54/><G38/><T108/><D108/><U89/><E128/><V125/><F119/><W29/><G29/><T27/><D47/><U131/><E131/><V64/><F35/><W124/><G124/><T92/><D67/><U109/><E109/><V114/><F125/><W117/><G117/><T16/><D90/><U86/><E62/><V49/><F114/><W112/><G112/><T48/><D36/><U39/><E89/><V55/><F11/><W25/><G25/><T8/><D30/><U78/><E98/><V75/><F72/><W69/><G99/><T104/><D104/><U22/><E22/><V58/><F58/><W23/><G106/><T103/><D103/><U5/><E102/><V26/><F26/><W133/><G133/><T127/><D127/><U82/><E31/><V15/><F15/><N who="3" m="5707" /><G1/><T70/><D70/><U19/><E0/><V100/><F100/><W45/><G73/><T97/><D97/><U79/><E19/><V71/><F71/><W130/><G69/><T118/><D118/><U113/><E113/><V132/><F132/><W40/><G7/><N who="1" m="2570" /><E42/><V51/><REACH who="2" step="1"/><F75/><REACH who="2" ten="205,116,238,431" step="2"/><W53/><G130/><T101/><D101/><U50/><E34/><V14/><F14/><W17/><G10/><T24/><D8/><U134/><E33/><V2/><F2/><W105/><G105/><T74/><D27/><RYUUKYOKU ba="3,1" sc="205,15,116,-15,238,15,431,-15" hai0="16,24,43,44,48,56,63,66,74,76,83,92,95" hai2="41,46,49,51,55,57,64,65,80,84,88,91,93" /><INIT seed="4,4,1,4,2,84" ten="220,101,253,416" oya="0" hai0="61,89,21,132,46,104,27,106,28,48,112,85,67" hai1="123,12,3,18,83,33,62,110,47,128,8,131,19" hai2="100,127,68,30,94,98,42,93,109,129,10,36,96" hai3="80,77,86,82,14,20,17,105,69,2,81,71,23"/><T41/><D112/><U24/><E123/><V101/><F109/><W99/><G2/><T113/><D113/><U43/><E110/><V90/><F68/><W72/><G82/><T63/><D132/><U38/><E3/><V135/><F135/><W34/><G34/><T97/><D97/><U115/><E115/><V35/><F127/><W121/><G121/><T122/><D122/><U87/><E62/><V111/><F129/><W65/><G65/><T130/><D130/><U32/><E32/><V133/><F133/><W73/><G73/><T124/><D124/><U117/><E117/><V16/><F30/><W54/><G54/><T76/><D76/><U45/><E45/><V25/><F35/><W88/><REACH who="3" step="1"/><G20/><REACH who="3" ten="220,101,253,406" step="2"/><T60/><REACH who="0" step="1"/><D67/><REACH who="0" ten="210,101,253,406" step="2"/><U108/><E108/><V37/><F111/><W118/><G118/><T1/><D1/><U103/><E128/><V134/><F134/><W26/><G26/><T58/><D58/><U56/><E131/><V5/><F25/><W11/><G11/><T66/><D66/><U51/><E56/><V119/><F119/><W53/><G53/><T92/><AGARI ba="4,3" hai="21,27,28,41,46,48,60,61,63,85,89,92,104,106" machi="92" ten="30,6000,0" yaku="1,1,0,1,52,1,53,0" doraHai="84" doraHaiUra="70" who="0" fromWho="0" sc="210,102,101,-24,253,-24,406,-24" /><INIT seed="4,5,0,0,1,135" ten="312,77,229,382" oya="0" hai0="84,35,33,22,23,57,133,68,75,64,97,56,103" hai1="130,77,121,65,26,62,60,13,27,66,18,42,76" hai2="82,38,63,39,96,7,43,134,46,55,24,125,104" hai3="6,71,122,90,123,128,72,48,131,109,83,12,14"/><T80/><D75/><U32/><E121/><N who="3" m="46090" /><G109/><T124/><D133/><U129/><E42/><V79/><F134/><W49/><G71/><T59/><D68/><U95/><E95/><V30/><F39/><W67/><G67/><T102/><D64/><U51/><E13/><N who="3" m="5226" /><G6/><T20/><D124/><U100/><E100/><N who="2" m="62471" /><F55/><W112/><G112/><T28/><D28/><U17/><E32/><N who="2" m="20551" /><F63/><W21/><G21/><T93/><REACH who="0" step="1"/><D103/><REACH who="0" ten="302,77,229,382" step="2"/><U25/><E25/><V29/><F29/><W3/><G72/><T10/><D10/><U105/><REACH who="1" step="1"/><E105/><REACH who="1" ten="302,67,229,382" step="2"/><V118/><F118/><W107/><G107/><T45/><D45/><U4/><E4/><V87/><F7/><W89/><G131/><T116/><D116/><U111/><E111/><V106/><F106/><W40/><G128/><T70/><D70/><U34/><E34/><V15/><F46/><W11/><G11/><T115/><D115/><U73/><E73/><V78/><F38/><W9/><G9/><T110/><D110/><U88/><E88/><AGARI ba="5,2" hai="20,22,23,33,35,56,57,59,80,84,88,93,97,102" machi="88" ten="40,3900,0" yaku="1,1,54,1,53,0" doraHai="135" doraHaiUra="61" who="0" fromWho="1" sc="302,74,67,-54,229,0,382,0" /><INIT seed="4,6,0,4,0,28" ten="376,13,229,382" oya="0" hai0="92,17,105,72,14,113,33,96,62,81,129,20,19" hai1="123,103,13,93,127,67,29,82,32,100,40,5,120" hai2="84,2,1,97,27,95,116,9,15,115,8,74,106" hai3="98,42,126,46,34,76,63,43,47,36,83,99,53"/><T54/><D105/><U38/><E127/><V89/><F74/><W132/><G132/><T23/><D113/><U56/><E38/><V35/><F115/><W48/><G126/><T112/><D112/><U75/><E40/><V37/><F37/><W110/><G110/><T26/><D129/><U77/><E5/><V131/><F131/><W117/><G117/><T24/><D72/><U133/><E133/><V55/><F116/><W108/><G108/><T0/><D0/><U79/><E79/><V51/><F9/><W49/><G34/><T94/><D81/><U16/><E67/><V7/><F35/><W135/><G135/><T52/><D62/><U69/><E56/><V30/><F106/><W64/><G53/><T50/><D54/><U107/><E93/><V101/><F27/><W68/><REACH who="3" step="1"/><G36/><REACH who="3" ten="376,13,229,372" step="2"/><T6/><D33/><U73/><E120/><V78/><F30/><W44/><G44/><N who="0" m="27719" /><D96/><N who="1" m="61831" /><E123/><V128/><F128/><W4/><G4/><T22/><D6/><U87/><E32/><V18/><F7/><W104/><G104/><T58/><D58/><U12/><E29/><AGARI ba="6,1" hai="14,17,19,20,22,23,24,26,29,92,94" m="27719" machi="29" ten="30,2900,0" yaku="8,1,54,1" doraHai="28" who="0" fromWho="1" sc="376,57,13,-47,229,0,372,0" owari="433,53.0,-34,-53.0,229,-17.0,372,17.0" /></mjloggm>