<mjloggm ver="2.3"><GO type="169" lobby="0"/><UN n0="%E3%83%97%E3%83%AC%E3%82%AF%E3%83%A9%E3%82%B9%E3%83%8B%E3%83%BC" n1="%EF%BC%98%EF%BC%90%EF%BC%90%EF%BC%98" n2="%46%69%72%73%74" n3="%43%6F%6D%65%64%69%61%6E" dan="16,17,17,16" rate="2192.52,2179.88,2178.04,2122.35" sx="M,M,M,M"/><TAIKYOKU oya="0"/><INIT seed="0,0,0,0,0,75" ten="250,250,250,250" oya="0" hai0="120,79,121,122,74,132,78,63,20,90,70,112,21" hai1="72,80,41,128,22,3,66,129,118,114,117,62,94" hai2="91,99,89,73,28,60,17,56,40,50,24,69,19" hai3="54,85,2,134,97,84,35,77,25,131,53,126,36"/><T55/><D112/><U34/><E34/><V81/><F69/><W18/><G36/><T92/><D132/><U48/><E3/><V71/><F71/><W123/><G134/><T113/><D113/><U13/><E94/><V127/><F127/><W88/><G2/><T61/><D74/><U103/><E103/><V93/><F40/><W52/><G126/><T106/><D106/><U116/><E114/><V42/><F42/><W26/><G131/><N who="1" m="50250" /><E48/><V8/><F50/><W64/><G64/><T49/><D70/><U58/><E41/><V133/><F133/><W135/><G135/><T111/><D111/><U65/><E65/><V115/><F8/><W43/><G43/><T37/><D37/><U0/><E0/><V104/><F104/><W9/><G123/><T6/><D6/><U14/><E22/><N who="0" m="8809" /><D49/><U15/><E80/><V59/><F115/><W46/><G46/><T39/><D39/><U105/><E72/><V27/><F73/><W68/><G68/><T108/><D108/><U100/><E100/><V67/><F59/><W16/><G35/><T29/><D29/><U32/><E32/><V130/><F28/><W109/><G109/><T51/><D51/><U11/><E105/><V5/><F130/><W107/><G107/><T125/><D125/><U82/><E82/><V102/><F102/><W33/><G33/><T44/><D44/><U95/><E95/><V83/><F83/><N who="3" m="47215" /><G97/><N who="0" m="57495" /><D55/><N who="3" m="14081" /><W76/><DORA hai="23" /><G18/><AGARI ba="0,0" hai="11,13,14,15,18,58,62,66,116,117,118" m="50250" machi="18" ten="40,1300,0" yaku="19,1" doraHai="75,23" who="1" fromWho="3" sc="250,0,250,13,250,0,250,-13" /><INIT seed="1,0,0,4,2,126" ten="250,263,250,237" oya="1" hai0="109,82,30,116,48,73,71,131,103,53,129,128,114" hai1="68,57,65,45,43,47,121,9,69,26,22,75,101" hai2="56,52,14,105,49,59,85,117,113,90,40,15,88" hai3="89,70,1,106,2,63,108,4,78,95,79,29,23"/><U27/><E121/><V64/><F117/><W74/><G106/><T98/><D116/><U83/><E101/><V5/><F105/><W107/><G107/><T41/><D71/><U125/><E125/><V61/><F113/><W72/><G108/><T6/><D109/><U58/><E9/><V55/><F40/><W44/><G44/><T42/><D114/><U110/><E110/><V111/><F111/><W60/><G29/><T99/><D30/><U13/><E13/><V77/><F5/><W28/><G28/><T12/><D12/><N who="2" m="4650" /><F64/><W62/><G23/><T127/><D6/><U7/><E7/><V124/><F124/><W54/><G54/><T16/><D16/><U66/><E83/><AGARI ba="0,0" hai="49,52,55,56,59,61,77,83,85,88,90" m="4650" machi="83" ten="30,3900,0" yaku="8,1,54,2" doraHai="126" who="2" fromWho="1" sc="250,0,263,-39,250,39,237,0" /><INIT seed="2,0,0,1,3,13" ten="250,224,289,237" oya="2" hai0="96,34,111,35,120,42,114,129,23,55,100,81,40" hai1="67,89,4,115,33,77,54,59,25,45,71,20,41" hai2="6,74,112,80,103,108,122,29,51,56,60,7,50" hai3="130,5,92,126,24,87,37,84,98,113,1,104,58"/><V105/><F112/><W26/><G113/><T22/><D114/><U117/><E115/><RYUUKYOKU type="kaze4" ba="0,0" sc="250,0,224,0,289,0,237,0" /><INIT seed="2,1,0,5,4,23" ten="250,224,289,237" oya="2" hai0="70,35,65,1,19,25,48,43,87,14,94,118,96" hai1="28,5,124,128,62,34,3,114,92,44,52,15,91" hai2="134,84,117,37,76,79,4,54,53,110,127,116,83" hai3="32,133,85,119,50,51,82,66,39,9,80,95,8"/><V100/><F37/><W0/><G39/><T89/><D118/><U61/><E114/><V115/><F115/><W13/><G119/><T38/><D38/><U68/><E3/><V131/><F131/><W73/><G133/><T72/><D1/><U98/><E124/><V12/><F134/><W120/><G120/><T122/><D72/><U125/><E125/><V93/><F127/><W30/><G73/><T10/><D122/><U18/><E68/><V135/><F135/><W26/><G66/><T99/><D65/><U7/><E28/><V2/><F2/><W46/><G0/><T86/><D70/><U108/><E34/><V11/><F110/><W33/><G33/><T97/><D86/><U64/><E128/><V113/><F113/><W20/><G32/><T58/><D35/><U129/><E108/><V71/><F71/><W121/><G9/><T24/><D58/><N who="1" m="36919" /><E129/><V130/><F130/><W56/><G121/><T17/><REACH who="0" step="1"/><D19/><REACH who="0" ten="240,224,289,237" step="2"/><U40/><E7/><V6/><F117/><W104/><G56/><T29/><D29/><U31/><E31/><V69/><F69/><W60/><G85/><T22/><D22/><U49/><E5/><V27/><F116/><W107/><G20/><T132/><D132/><U59/><E18/><V78/><F4/><W126/><G30/><T67/><D67/><N who="1" m="39391" /><E15/><V75/><F75/><W63/><G13/><T105/><D105/><U81/><E81/><V123/><F123/><W16/><G107/><T111/><D111/><U36/><E36/><V77/><F6/><W45/><G126/><T106/><D106/><U90/><E92/><RYUUKYOKU ba="1,1" sc="240,30,224,-10,289,-10,237,-10" hai0="10,14,17,24,25,43,48,87,89,94,96,97,99" /><INIT seed="3,2,1,4,3,122" ten="270,214,279,227" oya="3" hai0="26,101,42,7,22,88,131,107,53,28,79,12,43" hai1="36,57,52,102,127,112,94,74,77,96,100,114,99" hai2="109,119,73,14,83,46,50,21,108,51,62,3,91" hai3="110,54,116,128,10,1,121,5,93,13,19,69,72"/><W63/><G121/><T40/><D131/><U31/><E36/><V15/><F119/><W33/><G116/><T45/><D79/><U41/><E41/><V134/><F3/><W9/><G128/><T80/><D107/><U25/><E127/><V4/><F134/><W125/><G125/><T8/><D101/><U24/><E77/><V20/><F62/><W103/><G72/><T11/><D11/><U65/><E65/><V55/><F51/><W68/><G33/><T118/><D118/><U16/><E74/><V126/><F126/><W76/><G76/><T34/><D53/><U47/><E47/><V70/><F70/><W59/><REACH who="3" step="1"/><G110/><REACH who="3" ten="270,214,279,217" step="2"/><N who="2" m="42601" /><F73/><W60/><G60/><T113/><D34/><U71/><E112/><V95/><F83/><W84/><G84/><N who="0" m="50183" /><D113/><U120/><E114/><V49/><F49/><AGARI ba="2,2" hai="7,8,12,22,26,28,40,42,43,45,49" m="50183" machi="49" ten="30,2000,0" yaku="8,1,54,1" doraHai="122" who="0" fromWho="2" sc="270,46,214,0,279,-26,217,0" /><INIT seed="4,0,0,1,2,14" ten="316,214,253,217" oya="0" hai0="108,27,87,114,106,123,64,40,58,45,131,85,17" hai1="41,65,67,59,57,9,61,83,6,80,36,104,125" hai2="31,124,102,24,2,117,70,126,82,115,73,37,118" hai3="13,88,32,127,25,23,10,94,60,72,122,129,33"/><T135/><D123/><U51/><E125/><N who="2" m="48235" /><F70/><W107/><G107/><T116/><D114/><U63/><E104/><V39/><F102/><W28/><G127/><T75/><D106/><U105/><E105/><V77/><F2/><W68/><G72/><T90/><D75/><U21/><E36/><N who="2" m="13899" /><F115/><W20/><G129/><T100/><D131/><U69/><E21/><AGARI ba="0,0" hai="21,24,31,73,77,82,117,118" m="13899,48235" machi="21" ten="30,1000,0" yaku="18,1" doraHai="14" who="2" fromWho="1" sc="316,0,214,-10,253,10,217,0" /><INIT seed="5,0,0,0,0,110" ten="316,204,263,217" oya="1" hai0="54,118,119,66,72,109,133,46,125,16,113,99,29" hai1="61,95,55,60,115,101,11,26,96,106,131,90,35" hai2="87,3,13,76,77,40,59,86,79,69,24,74,41" hai3="9,75,68,27,82,111,36,112,63,39,33,103,132"/><U62/><E131/><V98/><F69/><W83/><G83/><T8/><D109/><U94/><E115/><V80/><F3/><W81/><G81/><T42/><D72/><U117/><E117/><V123/><F123/><W104/><G111/><T100/><D113/><U45/><E11/><V48/><F74/><W2/><G132/><T32/><D133/><U23/><E35/><V6/><F98/><N who="3" m="61559" /><G112/><T134/><D134/><U67/><E67/><V93/><F24/><W30/><G9/><T21/><D66/><U50/><REACH who="1" step="1"/><E90/><REACH who="1" ten="316,194,263,217" step="2"/><V92/><F76/><N who="3" m="44319" /><G2/><T128/><D8/><U47/><E47/><V51/><F77/><W88/><G88/><T70/><D46/><U64/><E64/><AGARI ba="0,1" hai="27,30,33,36,39,63,64,68" m="44319,61559" machi="64" ten="30,3900,0" yaku="25,1,33,2" doraHai="110" who="3" fromWho="1" sc="316,0,194,-39,263,0,217,49" /><INIT seed="6,0,0,3,3,135" ten="316,155,263,266" oya="2" hai0="62,3,67,82,113,95,10,68,45,46,96,8,35" hai1="19,92,69,110,59,14,65,125,106,98,0,134,114" hai2="101,105,73,43,91,99,42,127,131,53,118,4,24" hai3="133,129,81,63,2,44,55,104,64,77,54,26,31"/><V70/><F118/><W11/><G104/><T97/><D113/><U116/><E116/><V84/><F131/><W94/><G133/><T120/><D35/><U22/><E134/><V103/><F103/><W76/><G129/><T130/><D130/><U23/><E69/><V86/><F70/><W27/><G77/><T33/><D33/><U48/><E0/><V87/><F127/><W117/><G117/><T49/><D82/><U126/><E106/><V79/><F4/><W119/><G44/><T115/><D115/><U56/><E110/><V124/><F124/><N who="1" m="47721" /><E114/><V60/><F24/><W109/><G94/><T78/><D3/><U12/><E65/><V123/><F123/><W32/><G109/><T83/><D120/><U121/><E121/><V47/><F60/><W13/><G2/><T6/><D62/><U7/><E48/><V51/><F73/><W29/><G63/><T80/><D67/><U30/><E30/><V25/><F79/><W15/><G64/><T36/><D78/><U16/><E7/><V122/><F122/><W41/><G76/><T38/><D49/><U88/><AGARI ba="0,0" hai="12,14,16,19,22,23,56,59,88,92,98" m="47721" machi="88" ten="30,12000,2" yaku="18,1,52,3,54,2" doraHai="135" who="1" fromWho="1" sc="316,-30,155,120,263,-60,266,-30" /><INIT seed="7,0,0,4,4,61" ten="286,275,203,236" oya="3" hai0="14,49,50,45,67,53,12,31,19,121,85,117,101" hai1="129,52,4,2,86,63,88,131,46,90,106,28,10" hai2="94,18,56,113,118,64,84,16,96,119,126,6,130" hai3="74,80,72,122,107,114,82,124,25,20,65,40,97"/><W23/><G114/><T68/><D121/><U48/><E106/><V1/><F113/><W5/><G122/><T83/><D117/><U11/><E28/><V8/><F130/><N who="1" m="49673" /><E86/><V71/><F71/><W62/><G124/><T104/><D31/><U44/><E63/><V76/><F126/><W102/><G40/><T54/><D101/><U89/><E11/><V66/><F119/><W13/><G74/><T55/><D104/><U112/><E112/><V42/><F118/><W81/><G72/><T110/><D110/><U30/><E30/><V17/><F42/><W125/><G125/><T111/><D111/><U120/><E120/><V60/><F66/><W128/><G128/><T100/><D100/><U123/><E123/><V99/><REACH who="2" step="1"/><F94/><REACH who="2" ten="286,275,193,236" step="2"/><W133/><G133/><T21/><D67/><U24/><E24/><V39/><F39/><W38/><G38/><T51/><D68/><U92/><E92/><V105/><F105/><W73/><G25/><N who="0" m="14527" /><D45/><AGARI ba="0,1" hai="2,4,10,44,45,46,48,52,88,89,90" m="49673" machi="45" ten="30,3900,0" yaku="19,1,54,2" doraHai="61" who="1" fromWho="0" sc="286,-39,275,49,193,0,236,0" owari="247,5.0,324,42.0,193,-31.0,236,-16.0" /></mjloggm>