<mjloggm ver="2.3"><GO type="185" lobby="0"/><UN n0="%E9%87%8E%E3%80%85%E5%AE%AE%E8%97%8D" n1="%E5%A4%A7%E5%92%8C%E6%A1%9C" n2="%59%61%6E%67%6E%75%6D" n3="" dan="16,17,16,0" rate="2204.93,2335.49,2243.68,1500.00" sx="F,F,M,C"/><TAIKYOKU oya="0"/><INIT seed="0,0,0,3,3,61" ten="350,350,350,0" oya="0" hai0="111,96,50,105,3,58,118,127,82,42,106,131,37" hai1="78,46,59,68,114,88,130,73,101,129,84,121,133" hai2="55,35,102,1,48,44,53,104,54,75,32,107,36" hai3=""/><T99/><D3/><U79/><N who="1" m="31008" /><U108/><E68/><V67/><F1/><T100/><D118/><U124/><E108/><V71/><F36/><T56/><D111/><U132/><E114/><V117/><F75/><T95/><D127/><U93/><E124/><V122/><N who="2" m="31264" /><V92/><F117/><T66/><D131/><N who="1" m="50187" /><E101/><V125/><F125/><T2/><D2/><U81/><E79/><V62/><F92/><T65/><D37/><U128/><N who="1" m="50195" /><U120/><N who="1" m="30752" /><DORA hai="45" /><U60/><E46/><V103/><F103/><T63/><D82/><U83/><E81/><V126/><F126/><T80/><D80/><U89/><E89/><V123/><N who="2" m="31520" /><V40/><REACH who="2" step="1"/><F102/><REACH who="2" ten="350,350,340,0" step="2"/><T57/><D106/><AGARI ba="0,1" hai="32,35,40,44,48,53,54,55,62,67,71,104,106,107" m="31520,31264" machi="106" ten="40,12000,2" yaku="1,1,2,1,52,4,53,0" doraHai="61,45" doraHaiUra="113,112" who="2" fromWho="0" sc="350,-120,350,0,340,130,0,0" /><INIT seed="1,0,0,5,1,109" ten="230,350,470,0" oya="1" hai0="38,93,2,87,107,65,3,108,40,49,118,47,32" hai1="70,34,62,81,130,66,50,54,83,129,64,39,103" hai2="119,113,85,89,71,84,43,1,42,58,82,112,125" hai3=""/><U132/><E34/><V104/><F119/><T102/><D32/><U77/><E132/><V37/><F71/><T115/><D118/><U51/><E39/><V74/><F74/><T131/><D108/><U57/><E103/><V52/><F104/><T35/><D35/><U124/><E124/><V122/><N who="2" m="31264" /><V110/><F125/><T101/><D131/><N who="1" m="50187" /><E83/><V92/><F1/><T123/><N who="0" m="31520" /><T33/><D33/><U45/><E70/><V48/><F110/><T128/><D128/><U73/><E50/><V121/><N who="2" m="31008" /><V106/><F106/><T36/><D115/><N who="2" m="44106" /><F37/><T96/><D65/><AGARI ba="0,0" hai="45,51,54,57,62,64,65,66,73,77,81" m="50187" machi="65" ten="30,1500,0" yaku="19,1" doraHai="109" who="1" fromWho="0" sc="230,-15,350,15,470,0,0,0" /><INIT seed="1,1,0,3,0,93" ten="215,365,470,0" oya="1" hai0="57,51,112,83,98,94,75,60,88,123,89,126,84" hai1="33,124,95,71,58,86,35,81,127,117,40,121,109" hai2="48,108,106,79,115,46,1,56,55,39,47,37,128" hai3=""/><U73/><N who="1" m="31008" /><U64/><E71/><V34/><F34/><T91/><N who="0" m="31520" /><T118/><D112/><U3/><E3/><V120/><N who="2" m="30752" /><V125/><F1/><T63/><D126/><N who="1" m="48171" /><E117/><V76/><F125/><T2/><D2/><U82/><E109/><V90/><F108/><T113/><D113/><U62/><E40/><V78/><F115/><T77/><D118/><U107/><E107/><V44/><F128/><T80/><REACH who="0" step="1"/><D91/><REACH who="0" ten="205,365,470,0" step="2"/><U100/><E33/><V116/><F116/><T50/><D50/><U66/><E35/><V69/><F37/><T104/><D104/><U49/><E49/><V131/><F39/><T38/><D38/><U36/><E36/><V99/><F131/><T133/><D133/><U42/><E42/><V0/><F0/><T43/><D43/><U130/><E130/><V72/><F106/><T111/><D111/><U110/><E110/><V52/><F48/><T54/><AGARI ba="1,1" hai="51,54,57,60,63,75,77,80,83,84,88,89,94,98" m="31520" machi="54" ten="30,9000,2" yaku="1,1,0,1,52,2,54,1,53,2" doraHai="93" doraHaiUra="59" who="0" fromWho="0" sc="205,102,365,-61,470,-31,0,0" /><INIT seed="2,0,0,4,2,134" ten="307,304,439,0" oya="2" hai0="45,90,77,100,120,99,123,73,133,93,85,3,54" hai1="103,42,69,58,94,75,128,47,104,56,46,118,102" hai2="129,64,52,121,131,67,66,89,43,79,50,37,57" hai3=""/><V36/><N who="2" m="31008" /><V38/><F79/><T80/><N who="0" m="30752" /><T74/><N who="0" m="31520" /><T39/><D133/><U107/><E69/><V88/><REACH who="2" step="1"/><F43/><REACH who="2" ten="307,304,429,0" step="2"/><T59/><D3/><U87/><E42/><V113/><F113/><T63/><D39/><U2/><E2/><V70/><F70/><T111/><D111/><U116/><E116/><V110/><F110/><T35/><D35/><U84/><E118/><V34/><F34/><T71/><D71/><U117/><E117/><V0/><F0/><T115/><D115/><U126/><E128/><AGARI ba="0,1" hai="36,37,38,50,52,57,64,66,67,88,89,128,129,131" m="31008" machi="128" ten="50,12000,1" yaku="1,1,19,1,52,1,54,2,53,0" doraHai="134" doraHaiUra="40" who="2" fromWho="1" sc="307,0,304,-120,429,130,0,0" /><INIT seed="2,1,0,4,3,53" ten="307,184,559,0" oya="2" hai0="2,47,45,121,41,40,90,99,48,93,80,68,3" hai1="36,115,98,64,127,96,117,114,67,105,129,125,55" hai2="61,76,58,120,103,123,97,88,75,107,81,106,124" hai3=""/><V87/><N who="2" m="30752" /><V113/><N who="2" m="31520" /><V32/><F124/><T70/><N who="0" m="31008" /><T134/><D134/><U59/><E36/><V71/><F113/><T66/><D80/><U33/><E33/><V130/><F130/><T77/><D77/><U0/><E0/><V42/><F42/><T89/><D66/><U108/><E108/><V1/><F32/><T133/><D133/><U112/><E129/><V44/><F44/><T56/><D56/><U78/><E78/><V92/><F71/><T84/><D3/><U135/><E135/><V49/><F49/><T54/><D2/><U82/><E82/><V128/><F128/><T52/><D70/><U94/><E117/><V101/><F101/><T102/><D68/><U74/><E74/><V39/><F39/><T38/><REACH who="0" step="1"/><D89/><REACH who="0" ten="297,184,559,0" step="2"/><U85/><E67/><V116/><F1/><T57/><D57/><U35/><E59/><V109/><F116/><T63/><D63/><U69/><E69/><V91/><F91/><T46/><D46/><U51/><E114/><V83/><F109/><T43/><D43/><U122/><E115/><V110/><F110/><T60/><D60/><U72/><E112/><V132/><F132/><T86/><D86/><U65/><N who="1" m="31264" /><U118/><E85/><RYUUKYOKU ba="1,1" sc="297,10,184,-20,559,10,0,0" hai0="38,40,41,45,47,48,52,54,84,90,93,99,102" hai2="58,61,75,76,81,83,87,88,92,97,103,106,107" /><INIT seed="2,2,1,3,3,114" ten="307,164,569,0" oya="2" hai0="117,56,116,118,107,101,66,37,134,65,97,119,48" hai1="113,39,0,94,121,128,81,62,46,126,99,122,86" hai2="54,82,100,42,64,52,74,112,73,90,115,95,111" hai3=""/><V133/><F42/><T69/><N who="0" m="29696" /><DORA hai="34" /><T57/><D37/><U76/><N who="1" m="31008" /><U75/><N who="1" m="31264" /><U45/><E113/><V33/><F33/><T102/><D134/><U83/><E126/><V70/><F133/><T93/><D69/><U72/><E128/><V2/><F2/><T40/><D102/><U98/><E0/><V130/><F130/><T92/><D57/><U38/><E62/><V120/><N who="2" m="30752" /><V78/><F73/><T47/><REACH who="0" step="1"/><D56/><REACH who="0" ten="297,164,569,0" step="2"/><U67/><E38/><V50/><F100/><T61/><D61/><U53/><E39/><V110/><F112/><T96/><D96/><U125/><E99/><V129/><F129/><T77/><D77/><U3/><E98/><V43/><F115/><T105/><D105/><U91/><E76/><V135/><F135/><T60/><D60/><U127/><E127/><V104/><F104/><T88/><D88/><U123/><E91/><V59/><F59/><T87/><D87/><U103/><E86/><V55/><F70/><T35/><D35/><U131/><E125/><V68/><F78/><T79/><D79/><U132/><E131/><V49/><F90/><T51/><D51/><U124/><E103/><V85/><F85/><T58/><D58/><U32/><E32/><RYUUKYOKU ba="2,2" sc="297,20,164,-10,569,-10,0,0" hai0="40,47,48,65,66,92,93,97,101,107" /><INIT seed="4,3,2,5,2,134" ten="317,154,559,0" oya="0" hai0="103,87,60,122,102,104,71,41,125,2,35,126,69" hai1="70,118,129,62,106,55,52,124,80,119,91,107,89" hai2="97,67,58,99,79,47,130,57,0,42,131,132,53" hai3=""/><T133/><N who="0" m="31264" /><T49/><D35/><U54/><E129/><N who="2" m="49163" /><F132/><T93/><D133/><U110/><E110/><V40/><F0/><T76/><D2/><U56/><E70/><N who="0" m="26633" /><D104/><U90/><E80/><V84/><F67/><T63/><D76/><U73/><E73/><V86/><F57/><T92/><D49/><U38/><E38/><V68/><F68/><T116/><D41/><N who="2" m="15978" /><F47/><T34/><D34/><U121/><N who="1" m="31008" /><U95/><E95/><N who="0" m="36425" /><D87/><N who="2" m="33322" /><F79/><T45/><D45/><U72/><E72/><V98/><F98/><T37/><D116/><U114/><E118/><V109/><F109/><T101/><D37/><U36/><E36/><V59/><F59/><T1/><D1/><U128/><E119/><V46/><F46/><T96/><D96/><U82/><E128/><V61/><AGARI ba="3,2" hai="53,58,61,97,99" m="33322,15978,49163" machi="61" ten="30,800,0" yaku="19,1" doraHai="134" who="2" fromWho="2" sc="317,-8,154,-6,559,34,0,0" /><INIT seed="5,0,0,5,1,107" ten="309,148,593,0" oya="1" hai0="65,40,127,58,90,125,88,66,83,92,113,89,94" hai1="63,122,46,128,119,106,79,41,112,47,48,62,121" hai2="37,52,70,49,132,44,60,126,86,103,56,135,53" hai3=""/><U75/><N who="1" m="31008" /><U95/><N who="1" m="31264" /><U101/><E119/><V114/><F103/><T110/><D110/><U130/><E106/><V84/><F126/><N who="0" m="48138" /><D113/><U3/><E3/><V115/><F70/><T85/><D40/><U118/><E118/><V129/><F37/><T76/><D58/><U67/><E112/><N who="2" m="43051" /><F129/><N who="1" m="49769" /><E47/><V0/><F0/><T116/><D116/><U42/><E42/><V111/><F111/><T134/><D134/><AGARI ba="0,0" hai="44,49,52,53,56,60,84,86,132,134,135" m="43051" machi="134" ten="30,7700,0" yaku="20,1,15,1,11,1,54,1" doraHai="107" who="2" fromWho="0" sc="309,-77,148,0,593,77,0,0" /><INIT seed="6,0,0,4,4,91" ten="232,148,670,0" oya="2" hai0="62,32,3,72,2,56,77,94,98,59,84,103,114" hai1="107,92,42,112,1,127,63,120,119,69,40,80,35" hai2="0,125,36,93,101,50,135,68,117,49,99,115,116" hai3=""/><V70/><F0/><T73/><D32/><U54/><N who="1" m="30752" /><U82/><E1/><V121/><N who="2" m="31008" /><V126/><F36/><T104/><D2/><U74/><E35/><V87/><F87/><T95/><D3/><U79/><E107/><V51/><F115/><T85/><D114/><U78/><E112/><V129/><F135/><T133/><D133/><U55/><E127/><N who="2" m="48651" /><F129/><T34/><D34/><U53/><E119/><AGARI ba="0,0" hai="49,50,51,68,70,93,99,101,116,117,119" m="48651,31008" machi="119" ten="40,7700,0" yaku="18,1,52,2" doraHai="91" who="2" fromWho="1" sc="232,0,148,-77,670,77,0,0" owari="232,-17.0,71,-53.0,747,70.0,0,0.0" /></mjloggm>