<mjloggm ver="2.3"><GO type="185" lobby="0"/><UN n0="%E9%B3%B4%E3%81%8D%E9%BA%BB%E9%9B%80" n1="%E3%83%8F%E3%83%94%E3%83%AA%E3%83%83%E3%83%88" n2="%E3%83%84%E3%83%BC%E3%82%A2%E3%82%A6%E3%83%88" n3="" dan="17,17,16,0" rate="2265.86,2218.14,2216.31,1500.00" sx="M,M,M,C"/><TAIKYOKU oya="0"/><INIT seed="0,0,0,1,4,42" ten="350,350,350,0" oya="0" hai0="94,133,128,92,89,75,47,93,113,132,116,60,114" hai1="96,80,83,46,32,79,73,78,64,40,107,97,2" hai2="77,68,121,65,76,3,125,122,35,66,50,118,51" hai3=""/><T33/><D33/><U85/><E32/><V108/><N who="2" m="31008" /><V134/><N who="2" m="31264" /><V103/><F3/><T87/><D116/><U81/><E2/><V88/><F35/><T37/><D128/><U43/><E107/><V109/><F118/><T59/><D75/><U61/><E81/><V126/><F68/><T72/><D72/><U82/><E82/><V124/><F103/><T100/><D114/><U84/><E73/><V34/><F34/><T105/><D113/><U48/><REACH who="1" step="1"/><E43/><REACH who="1" ten="350,340,350,0" step="2"/><V131/><F131/><T41/><D105/><U127/><E127/><V98/><F77/><T45/><D94/><U90/><E90/><V74/><F76/><T102/><D93/><U57/><AGARI ba="0,1" hai="40,46,48,57,61,64,78,79,80,83,84,85,96,97" machi="57" ten="20,9000,2" yaku="1,1,0,1,7,1,9,1,8,1,52,1,53,0" doraHai="42" doraHaiUra="117" who="1" fromWho="1" sc="350,-60,340,100,350,-30,0,0" /><INIT seed="1,0,0,4,4,120" ten="290,440,320,0" oya="1" hai0="34,110,76,102,106,119,66,59,48,135,35,122,127" hai1="129,109,33,1,51,111,0,81,133,32,80,43,74" hai2="65,47,61,101,116,42,37,132,56,85,113,131,71" hai3=""/><U124/><E124/><V87/><F131/><T2/><N who="0" m="31264" /><T50/><D2/><N who="1" m="1131" /><E74/><V70/><F132/><T46/><D127/><U73/><E73/><V100/><F116/><T84/><D135/><U72/><E72/><V69/><REACH who="2" step="1"/><F113/><REACH who="2" ten="290,440,310,0" step="2"/><T52/><D119/><U125/><E133/><V117/><F117/><T57/><D35/><U97/><E32/><V126/><F126/><T92/><D34/><U91/><E33/><V90/><F90/><T41/><D110/><N who="1" m="41995" /><E125/><V58/><F58/><T95/><D59/><U67/><E129/><V60/><F60/><T78/><D66/><U36/><E67/><V86/><AGARI ba="0,1" hai="37,42,47,56,61,65,69,70,71,85,86,87,100,101" machi="86" ten="40,2000,0" yaku="1,1,0,1,53,0" doraHai="120" doraHaiUra="94" who="2" fromWho="2" sc="290,-7,440,-13,310,30,0,0" /><INIT seed="2,0,0,0,5,108" ten="283,427,340,0" oya="2" hai0="117,111,42,92,48,35,96,32,76,84,119,52,50" hai1="49,106,61,40,36,120,90,79,66,94,47,64,62" hai2="135,104,56,78,73,107,85,123,102,97,38,130,69" hai3=""/><V68/><N who="2" m="31520" /><V65/><F38/><T126/><D126/><U99/><N who="1" m="30752" /><U103/><E79/><V51/><F130/><T82/><D111/><U39/><E62/><V70/><F135/><T118/><D48/><U91/><E66/><V83/><F107/><T2/><D42/><U75/><E75/><V34/><F34/><T127/><D2/><U89/><REACH who="1" step="1"/><E106/><REACH who="1" ten="283,417,340,0" step="2"/><V101/><F73/><T46/><REACH who="0" step="1"/><D127/><REACH who="0" ten="273,417,340,0" step="2"/><U98/><E98/><V132/><F97/><T57/><D57/><AGARI ba="0,2" hai="36,39,40,47,49,57,61,64,89,90,91,94,99,103" m="30752" machi="57" ten="40,2600,0" yaku="1,1,52,1,53,0" doraHai="108" doraHaiUra="109" who="1" fromWho="0" sc="273,-26,417,46,340,0,0,0" /><INIT seed="4,0,0,2,3,2" ten="247,463,340,0" oya="0" hai0="43,0,109,120,122,53,80,32,79,90,121,62,103" hai1="39,77,76,107,114,128,72,68,130,74,73,45,59" hai2="108,71,50,38,133,126,101,96,110,135,118,84,57" hai3=""/><T99/><N who="0" m="30752" /><T70/><N who="0" m="31008" /><T83/><N who="0" m="31264" /><T124/><D0/><U63/><E68/><V93/><F71/><T89/><D124/><U132/><E107/><V131/><F38/><T95/><D32/><U35/><E35/><V1/><F1/><T75/><D109/><N who="2" m="42090" /><F57/><T47/><D83/><U92/><E132/><N who="2" m="50763" /><F50/><T3/><D3/><U51/><E39/><V134/><N who="2" m="50771" /><V40/><DORA hai="102" /><F40/><T54/><D54/><U123/><N who="1" m="31520" /><U86/><E114/><V125/><F118/><T127/><D127/><N who="2" m="48650" /><F84/><T56/><REACH who="0" step="1"/><D70/><REACH who="0" ten="237,463,340,0" step="2"/><U55/><E55/><V41/><F41/><T34/><D34/><U69/><E69/><V87/><F87/><T97/><D97/><U52/><E86/><V116/><F116/><T37/><AGARI ba="0,1" hai="37,43,47,53,56,62,75,79,80,89,90,95,99,103" m="31264,31008,30752" machi="37" ten="20,12000,2" yaku="1,1,0,1,7,1,52,3,53,1" doraHai="2,102" doraHaiUra="58,64" who="0" fromWho="0" sc="237,130,463,-60,340,-60,0,0" /><INIT seed="4,1,0,5,1,73" ten="367,403,280,0" oya="0" hai0="122,88,111,71,107,112,41,51,89,64,115,1,87" hai1="42,38,119,79,95,53,50,49,45,46,37,133,102" hai2="118,126,52,101,127,65,60,48,77,110,117,61,129" hai3=""/><T76/><N who="0" m="31264" /><T2/><D107/><U55/><E119/><N who="2" m="45579" /><F101/><T103/><D103/><U62/><E133/><V121/><N who="2" m="31008" /><V82/><F110/><T58/><D111/><U109/><E109/><V74/><F129/><T72/><D71/><U68/><E79/><V98/><F98/><T80/><D64/><U47/><E95/><V120/><N who="2" m="30752" /><V130/><F130/><T124/><D89/><U85/><E85/><V39/><F39/><T35/><D35/><U36/><E102/><V114/><F114/><T33/><D33/><U116/><E116/><V86/><F74/><T135/><D135/><U100/><E100/><V34/><F34/><T113/><D124/><N who="2" m="47658" /><F65/><AGARI ba="1,0" hai="36,37,38,42,45,46,47,49,50,53,55,62,65,68" machi="65" ten="40,12000,2" yaku="9,1,35,6" doraHai="73" who="1" fromWho="2" sc="367,0,403,122,280,-122,0,0" /><INIT seed="5,0,0,0,5,94" ten="367,525,158,0" oya="1" hai0="78,96,84,88,119,67,82,71,79,0,60,89,123" hai1="73,97,126,95,118,128,53,48,38,83,104,120,55" hai2="129,37,76,33,43,102,135,72,124,131,50,91,133" hai3=""/><U63/><N who="1" m="30752" /><U35/><E118/><V125/><F37/><T42/><N who="0" m="31520" /><T64/><D0/><U40/><E35/><V1/><F1/><T116/><D42/><U110/><E104/><V100/><F33/><T70/><D89/><U109/><E126/><N who="2" m="48747" /><F43/><T61/><REACH who="0" step="1"/><D96/><REACH who="0" ten="357,525,158,0" step="2"/><U114/><E97/><V117/><F117/><AGARI ba="0,1" hai="60,61,64,67,70,71,78,79,82,84,88,116,117,119" m="31520" machi="117" ten="40,16000,3" yaku="1,1,2,1,9,1,12,1,52,1,54,1,53,2" doraHai="94" doraHaiUra="75" who="0" fromWho="2" sc="357,170,525,0,158,-160,0,0" owari="527,47.0,525,13.0,-2,-60.0,0,0.0" /></mjloggm>