<mjloggm ver="2.3"><GO type="169" lobby="0"/><UN n0="%E3%83%AC%E3%82%A4%E3%83%88%E3%83%B3%E5%87%86%E6%95%99%E6%8E%88" n1="%E3%81%97%E3%82%89%E3%81%99%EF%BC%A1" n2="%68%69%6A%69%68%69%6A%69" n3="%40%6B%6B%6B" dan="18,16,16,17" rate="2309.58,2105.72,2039.41,2212.59" sx="M,M,F,M"/><TAIKYOKU oya="0"/><INIT seed="0,0,0,3,1,107" ten="250,250,250,250" oya="0" hai0="11,47,119,114,126,52,2,6,91,102,122,24,49" hai1="60,26,36,29,28,37,69,111,120,104,59,30,20" hai2="43,45,74,121,129,31,21,40,87,79,73,125,61" hai3="83,128,97,42,98,70,51,65,109,101,134,44,84"/><T123/><D114/><U7/><E111/><V105/><F121/><W41/><G109/><T96/><D119/><U127/><E120/><V108/><F105/><W58/><G70/><T133/><D133/><U100/><E127/><V17/><F108/><W15/><G128/><T8/><D126/><U115/><E7/><V3/><F125/><W124/><G134/><T54/><D91/><U116/><E116/><V95/><F3/><W27/><G42/><T72/><D72/><U4/><E4/><V64/><F129/><W0/><G0/><T66/><D66/><U55/><E69/><V92/><F31/><W18/><G27/><T12/><D24/><U110/><E110/><V88/><F95/><W22/><G124/><T25/><D54/><U23/><E23/><V75/><F79/><W50/><G101/><T56/><D47/><U1/><E1/><V93/><F93/><W48/><G65/><T13/><D25/><U80/><E115/><V82/><F92/><W130/><G130/><T16/><REACH who="0" step="1"/><D2/><REACH who="0" ten="240,250,250,250" step="2"/><U76/><E29/><V113/><F113/><W46/><G46/><T32/><D32/><U117/><E30/><V94/><F45/><W103/><G103/><T106/><AGARI ba="0,1" hai="6,8,11,12,13,16,49,52,56,96,102,106,122,123" machi="106" ten="20,12000,1" yaku="1,1,0,1,7,1,54,2,53,0" doraHai="107" doraHaiUra="85" who="0" fromWho="0" sc="240,130,250,-40,250,-40,250,-40" /><INIT seed="0,1,0,0,2,78" ten="370,210,210,210" oya="0" hai0="83,106,4,79,63,7,31,25,74,44,27,49,108" hai1="28,85,13,10,60,99,71,41,26,96,62,97,133" hai2="33,86,59,43,107,12,34,22,120,9,36,20,101" hai3="5,6,123,91,116,23,18,40,122,119,102,88,104"/><T64/><D106/><U30/><E133/><V92/><F120/><N who="3" m="46123" /><G40/><T55/><D108/><U130/><E130/><V70/><F70/><W45/><G45/><T134/><D134/><U75/><E75/><V47/><F107/><W67/><G67/><T53/><D53/><U121/><E121/><V129/><F129/><W58/><G58/><T32/><REACH who="0" step="1"/><D27/><REACH who="0" ten="360,210,210,210" step="2"/><U16/><E26/><V68/><F43/><W132/><G132/><T90/><D90/><U87/><E41/><V117/><F117/><W94/><G91/><T126/><D126/><U73/><E71/><AGARI ba="1,1" hai="4,7,25,31,32,44,49,55,63,64,71,74,79,83" machi="71" ten="30,5800,0" yaku="1,1,7,1,52,1,53,0" doraHai="78" doraHaiUra="11" who="0" fromWho="1" sc="360,71,210,-61,210,0,210,0" /><INIT seed="0,2,0,0,2,92" ten="431,149,210,210" oya="0" hai0="49,57,127,108,12,82,94,33,30,20,26,100,45" hai1="78,0,44,76,120,69,116,83,77,36,70,7,130" hai2="58,75,118,47,48,73,39,113,5,131,61,10,14" hai3="88,64,95,29,128,63,102,23,132,62,72,124,16"/><T126/><D108/><U101/><E116/><V109/><F113/><W121/><G124/><N who="0" m="47659" /><D82/><U27/><E130/><V32/><F39/><W3/><G132/><T106/><D57/><U84/><E120/><V42/><F32/><W56/><G3/><T37/><D37/><U96/><E27/><V74/><F109/><W122/><G72/><T21/><D106/><U97/><E0/><V85/><F131/><W133/><G133/><T65/><D65/><U53/><E7/><V17/><F118/><W90/><G29/><T46/><D12/><U104/><E53/><V99/><F85/><W59/><G128/><T41/><D45/><U81/><E96/><AGARI ba="2,0" hai="20,21,26,30,33,41,46,49,94,96,100" m="47659" machi="96" ten="30,2900,0" yaku="18,1,52,1" doraHai="92" who="0" fromWho="1" sc="431,35,149,-35,210,0,210,0" /><INIT seed="0,3,0,3,3,41" ten="466,114,210,210" oya="0" hai0="78,31,85,44,60,89,34,8,4,70,134,7,21" hai1="110,59,83,126,105,107,122,77,47,50,40,128,1" hai2="0,69,86,97,46,133,42,54,125,16,6,30,81" hai3="9,82,124,75,99,53,91,12,43,79,3,130,117"/><T71/><D34/><U32/><E110/><V45/><F69/><W127/><G3/><T90/><D134/><U65/><E122/><V18/><F30/><W100/><G53/><T56/><D7/><U73/><E128/><V74/><F74/><W37/><G91/><T48/><D31/><U102/><E126/><V98/><F125/><W106/><G117/><T22/><D70/><U95/><E32/><V63/><F133/><W26/><G26/><T104/><D104/><U80/><E80/><V38/><F6/><W88/><G130/><T36/><D36/><U10/><E95/><V62/><F0/><W17/><REACH who="3" step="1"/><G88/><REACH who="3" ten="466,114,210,200" step="2"/><T55/><D89/><U112/><E112/><V108/><F108/><W61/><G61/><T5/><D90/><U103/><E103/><V116/><F116/><W129/><G129/><T57/><D78/><U135/><E102/><V111/><F111/><W33/><G33/><T94/><D60/><U121/><E121/><V114/><F114/><W131/><G131/><T29/><D55/><U109/><E109/><V101/><F101/><W115/><G115/><T118/><D118/><U13/><E1/><V25/><F63/><W66/><G66/><T92/><D92/><U64/><E135/><V23/><F62/><W39/><G39/><T14/><D94/><U132/><E132/><V123/><F123/><W2/><G2/><T67/><D67/><N who="1" m="25675" /><E59/><V93/><F93/><W11/><G11/><T84/><D56/><U27/><E27/><V113/><F113/><W120/><G120/><T49/><D57/><U19/><E77/><N who="2" m="46383" /><F18/><W76/><G76/><RYUUKYOKU ba="3,1" sc="466,-30,114,10,210,10,200,10" hai1="10,13,19,40,47,50,73,83,105,107" hai2="16,23,25,38,42,45,46,54,97,98" hai3="9,12,17,37,43,75,79,82,99,100,106,124,127" /><INIT seed="1,4,1,0,2,73" ten="436,124,220,210" oya="1" hai0="61,3,130,119,0,9,120,118,53,125,81,77,71" hai1="100,34,106,135,1,86,55,103,50,134,67,23,122" hai2="63,131,93,2,104,113,117,38,95,41,132,102,42" hai3="32,59,105,20,101,6,39,129,75,83,48,128,92"/><U97/><E122/><V107/><F117/><W99/><G32/><T30/><D120/><U96/><E34/><V10/><F63/><W65/><G39/><T58/><D125/><U87/><E1/><V8/><F2/><W84/><G6/><T80/><D130/><N who="3" m="50281" /><G20/><T91/><D3/><U45/><E67/><V18/><F131/><W90/><G48/><T57/><D71/><U133/><REACH who="1" step="1"/><E23/><REACH who="1" ten="436,114,220,210" step="2"/><V115/><F115/><W43/><G65/><T79/><D0/><U12/><E12/><V66/><F66/><W47/><G59/><T54/><D118/><U21/><E21/><V126/><F113/><W15/><G15/><T112/><D112/><U78/><E78/><V114/><F114/><W111/><G47/><T31/><D119/><U56/><E56/><V44/><F44/><W4/><G43/><T110/><D61/><U64/><E64/><V60/><F42/><W124/><G124/><T17/><D57/><U109/><E109/><V19/><F60/><W33/><G33/><T25/><D58/><U28/><E28/><V98/><F41/><W62/><G62/><T82/><D110/><U37/><E37/><V116/><F38/><W88/><G111/><T14/><D77/><U24/><E24/><V16/><F116/><W29/><G29/><T27/><D79/><U69/><E69/><V26/><F26/><N who="0" m="9738" /><D30/><U108/><E108/><V121/><F121/><W52/><G52/><N who="0" m="20075" /><D31/><U74/><E74/><V40/><F126/><W127/><G127/><T89/><AGARI ba="4,2" hai="9,14,17,80,81,82,89,91" m="20075,9738" machi="89" ten="40,2700,0" yaku="8,1,54,1" doraHai="73" who="0" fromWho="0" sc="436,59,114,-17,220,-11,210,-11" /><INIT seed="2,0,0,2,5,97" ten="495,97,209,199" oya="2" hai0="77,124,45,84,7,122,85,123,38,19,95,44,16" hai1="128,23,93,69,101,132,5,67,116,1,46,130,131" hai2="117,76,91,105,70,63,80,10,56,48,17,42,114" hai3="74,29,11,54,22,3,129,21,110,111,113,109,88"/><V26/><F114/><W57/><G74/><T81/><D124/><U75/><E116/><V28/><F117/><W32/><G113/><T52/><D7/><U39/><E75/><V53/><F105/><W40/><G40/><T134/><D134/><U120/><E132/><V13/><F91/><W61/><G129/><T30/><D30/><U36/><E120/><V9/><F9/><W43/><G43/><T0/><D0/><U41/><E23/><V66/><F42/><W34/><G29/><T112/><D112/><U107/><E93/><V27/><REACH who="2" step="1"/><F28/><REACH who="2" ten="495,97,199,199" step="2"/><W37/><G11/><T62/><D122/><U71/><E36/><V82/><F82/><W50/><G37/><T25/><D123/><U68/><E1/><V108/><F108/><W15/><G3/><T94/><D38/><U86/><E5/><V96/><F96/><W104/><G104/><T119/><D119/><U90/><E107/><V115/><F115/><W103/><G88/><T79/><D81/><N who="1" m="49487" /><E101/><V20/><F20/><N who="3" m="7787" /><G103/><T64/><D77/><U87/><E41/><V58/><F58/><W35/><G15/><T102/><D79/><U99/><E99/><V6/><F6/><W92/><G92/><T126/><D95/><U60/><E39/><V59/><F59/><W73/><G110/><T33/><D94/><U106/><E106/><V89/><F89/><W121/><G121/><T18/><D102/><U24/><E46/><V127/><F127/><W65/><G111/><T133/><D126/><U49/><E130/><V8/><F8/><W100/><G109/><T118/><D118/><U2/><E131/><RYUUKYOKU ba="0,1" sc="495,-10,97,-10,199,30,199,-10" hai2="10,13,17,26,27,48,53,56,63,66,70,76,80" /><INIT seed="2,1,1,2,1,127" ten="485,87,229,189" oya="2" hai0="112,47,37,78,133,130,19,105,58,21,42,121,75" hai1="66,129,77,62,29,104,102,52,4,13,82,14,27" hai2="108,90,2,97,56,25,126,93,33,99,48,135,59" hai3="85,101,100,118,23,5,84,72,74,0,44,76,26"/><V9/><F126/><W32/><G32/><T67/><D112/><U120/><E120/><V41/><F135/><W34/><G34/><T1/><D121/><U57/><E129/><V110/><F99/><W28/><G0/><T70/><D105/><U45/><E4/><N who="2" m="1175" /><F41/><W8/><G118/><T122/><D130/><U31/><E102/><V124/><F48/><W64/><G64/><T131/><D131/><U88/><E104/><V109/><F124/><W123/><G123/><T6/><D133/><U96/><E77/><V22/><F33/><W111/><G44/><T51/><D51/><N who="1" m="28783" /><E27/><V68/><F68/><W128/><G76/><T81/><D70/><U61/><E62/><V89/><F89/><W12/><G128/><T119/><D122/><U116/><E116/><V132/><F132/><W91/><G91/><T86/><D119/><U46/><E46/><V65/><F65/><W125/><G125/><T43/><D67/><U117/><E117/><V113/><F113/><W95/><G101/><T38/><D58/><U20/><E96/><V92/><F92/><W71/><G71/><T103/><D103/><U3/><E3/><V49/><F49/><W30/><G100/><T16/><D43/><U115/><E115/><V40/><F40/><W15/><G95/><T18/><D37/><U7/><E7/><V80/><F80/><W11/><G5/><T106/><D106/><U73/><E73/><V54/><F54/><W24/><G23/><T134/><D134/><U98/><E20/><V35/><F35/><W36/><G36/><T87/><D21/><U114/><E114/><RYUUKYOKU ba="1,1" sc="485,10,87,-30,229,10,189,10" hai0="1,6,16,18,19,38,42,47,75,78,81,86,87" hai2="22,25,56,59,90,93,97,108,109,110" hai3="8,11,12,15,24,26,28,30,72,74,84,85,111" /><INIT seed="2,2,1,5,2,14" ten="495,57,239,199" oya="2" hai0="5,16,31,87,80,54,27,35,89,3,25,131,98" hai1="74,123,59,6,85,116,79,106,0,21,75,81,93" hai2="124,17,43,50,113,112,19,96,57,99,32,36,78" hai3="15,62,97,65,115,114,73,71,88,49,45,72,129"/><V18/><F32/><W1/><G1/><T76/><D131/><U4/><E116/><V100/><F124/><W111/><G111/><T69/><D69/><U60/><E106/><V119/><F119/><W92/><G129/><T42/><D42/><U47/><E123/><V61/><F36/><W103/><G103/><T9/><D54/><U64/><E47/><N who="2" m="25983" /><F113/><N who="3" m="43019" /><G15/><T120/><D120/><U26/><E0/><V8/><F112/><W53/><AGARI ba="2,1" hai="45,49,53,62,65,71,72,73,88,92,97" m="43019" machi="53" ten="30,2000,0" yaku="11,1,54,1" doraHai="14" who="3" fromWho="3" sc="495,-7,57,-7,239,-12,199,36" /><INIT seed="3,0,0,1,1,86" ten="488,50,227,235" oya="3" hai0="57,4,23,69,30,125,104,120,67,64,62,105,134" hai1="110,14,16,115,25,48,40,111,0,129,54,95,112" hai2="83,20,10,55,43,94,92,72,52,132,29,135,2" hai3="45,12,126,9,79,119,106,41,49,89,90,114,6"/><W84/><G106/><T99/><D120/><U98/><E0/><V7/><F43/><W36/><G119/><T26/><D134/><N who="2" m="51242" /><F72/><W82/><G126/><T60/><D125/><U33/><E40/><V108/><F108/><N who="1" m="41513" /><E129/><V91/><F83/><W113/><REACH who="3" step="1"/><G36/><REACH who="3" ten="488,50,227,225" step="2"/><T34/><D104/><U71/><E115/><AGARI ba="0,1" hai="6,9,12,41,45,49,79,82,84,89,90,113,114,115" machi="115" ten="40,18000,2" yaku="1,1,2,1,25,2,52,2,53,0" doraHai="86" doraHaiUra="100" who="3" fromWho="1" sc="488,0,50,-180,227,0,225,190" owari="488,58.0,-130,-63.0,227,-17.0,415,22.0" /></mjloggm>