<mjloggm ver="2.3"><GO type="169" lobby="0"/><UN n0="%E3%81%8B%E3%81%B6%E8%8C%B6" n1="%E3%81%8F%E3%82%89%E3%81%92%E3%81%92" n2="%33%30%63%6D%33%30%63%6D" n3="%E3%81%BD%E3%81%A3%E3%81%91%E3%81%95%E3%82%93" dan="16,16,16,16" rate="2164.61,2091.91,2168.70,2109.62" sx="M,M,M,M"/><TAIKYOKU oya="0"/><INIT seed="0,0,0,4,1,26" ten="250,250,250,250" oya="0" hai0="6,15,36,5,61,71,131,66,100,22,133,91,99" hai1="49,35,64,125,32,52,104,47,76,112,17,69,95" hai2="14,134,56,111,124,9,12,34,60,21,38,96,70" hai3="59,50,37,57,127,102,10,90,118,117,129,115,31"/><T126/><D36/><U108/><E108/><V33/><F38/><W67/><G37/><T101/><D131/><U8/><E125/><V88/><F70/><W98/><G115/><T27/><D133/><U24/><E104/><V81/><F111/><W48/><G90/><T72/><D72/><U54/><E112/><V45/><F45/><W123/><G10/><T62/><D62/><U135/><E135/><V65/><F124/><W20/><G127/><T86/><D15/><U4/><E76/><V130/><F130/><W97/><G20/><T73/><D73/><U78/><E78/><V110/><F110/><W116/><G116/><T40/><D40/><U120/><E64/><V109/><F109/><W103/><G129/><T84/><D84/><U121/><E54/><V92/><F134/><W132/><G67/><T7/><D99/><U75/><E69/><V3/><F3/><W29/><G132/><T94/><REACH who="0" step="1"/><D126/><REACH who="0" ten="240,250,250,250" step="2"/><U63/><E75/><V19/><REACH who="2" step="1"/><F81/><REACH who="2" ten="240,250,240,250" step="2"/><W30/><G98/><T18/><AGARI ba="0,2" hai="5,6,7,18,22,27,61,66,71,86,91,94,100,101" machi="18" ten="30,6000,0" yaku="1,1,2,1,0,1,53,0" doraHai="26" doraHaiUra="74" who="0" fromWho="0" sc="240,80,250,-20,240,-20,250,-20" /><INIT seed="0,1,0,2,5,5" ten="320,230,220,230" oya="0" hai0="116,59,25,103,106,55,129,22,40,133,86,58,121" hai1="52,28,84,49,67,72,8,31,21,89,61,101,82" hai2="48,19,23,81,1,113,71,130,88,4,18,70,80" hai3="24,118,76,92,114,119,117,111,17,53,134,109,125"/><T33/><D116/><U43/><E43/><V32/><F32/><W127/><G53/><T96/><D121/><U15/><E72/><V46/><F113/><W2/><G114/><T77/><D129/><U93/><E101/><V128/><F4/><W30/><G92/><T135/><D33/><U29/><E21/><V60/><F1/><W115/><G2/><T37/><D37/><U69/><E93/><V6/><F6/><W9/><G76/><T14/><D14/><U13/><E13/><V132/><F132/><N who="0" m="50762" /><D55/><U12/><REACH who="1" step="1"/><E8/><REACH who="1" ten="320,220,220,230" step="2"/><V105/><F23/><N who="3" m="15647" /><G134/><T42/><D42/><U47/><AGARI ba="1,1" hai="12,15,28,29,31,47,49,52,61,67,69,82,84,89" machi="47" ten="30,4000,0" yaku="1,1,0,1,54,1,53,0" doraHai="5" doraHaiUra="74" who="1" fromWho="1" sc="320,-21,220,53,220,-11,230,-11" /><INIT seed="1,0,0,2,3,1" ten="299,273,209,219" oya="1" hai0="47,76,94,45,90,130,84,57,77,122,40,126,113" hai1="99,13,121,132,48,60,134,119,25,67,29,64,5" hai2="49,27,103,85,51,109,110,21,28,80,69,66,82" hai3="117,46,59,91,78,11,15,127,58,102,133,9,135"/><U14/><E119/><V23/><F103/><W75/><G102/><T54/><D113/><U38/><E121/><V2/><F2/><W83/><G11/><T88/><D130/><U55/><E55/><V129/><F129/><W63/><G127/><T92/><D126/><U79/><E38/><V35/><F66/><W108/><G108/><N who="2" m="41577" /><F69/><W8/><G8/><T50/><D122/><U86/><E48/><N who="2" m="18507" /><F80/><W44/><G117/><T17/><D17/><U124/><E124/><V32/><F21/><W43/><G91/><AGARI ba="0,0" hai="23,27,28,32,35,82,85,91" m="18507,41577" machi="91" ten="30,1000,0" yaku="14,1" doraHai="1" who="2" fromWho="3" sc="299,0,273,0,209,10,219,-10" /><INIT seed="2,0,0,5,3,25" ten="299,273,219,209" oya="2" hai0="98,108,99,133,61,78,7,105,8,106,87,103,82" hai1="127,65,2,118,110,6,115,24,113,135,44,17,60" hai2="92,75,63,36,100,84,16,126,39,62,123,28,42" hai3="77,85,40,96,4,21,114,38,12,80,32,125,90"/><V31/><F75/><W102/><G32/><T35/><D35/><U129/><E110/><V91/><F123/><W64/><G125/><T130/><D108/><U46/><E127/><V30/><F126/><W23/><G114/><T122/><D122/><U47/><E135/><V56/><F63/><W134/><G64/><T55/><D130/><U18/><E118/><V57/><F57/><W120/><G134/><T93/><D133/><U20/><E129/><V101/><F39/><W79/><G120/><T83/><D83/><U48/><E48/><V88/><F16/><W52/><G40/><T94/><D55/><U116/><E116/><V119/><F119/><W70/><G70/><T27/><D27/><U9/><REACH who="1" step="1"/><E18/><REACH who="1" ten="299,263,219,209" step="2"/><V29/><N who="2" m="7168" /><DORA hai="49" /><V26/><F26/><W3/><G38/><T124/><D124/><U69/><AGARI ba="0,1" hai="2,6,9,17,20,24,44,46,47,60,65,69,113,115" machi="69" ten="30,2000,0" yaku="1,1,0,1,53,0" doraHai="25,49" doraHaiUra="73,54" who="1" fromWho="1" sc="299,-5,263,30,219,-10,209,-5" /><INIT seed="3,0,0,4,1,87" ten="294,293,209,204" oya="3" hai0="108,122,20,92,76,2,49,75,101,117,72,4,97" hai1="126,59,110,80,27,51,21,39,118,88,93,25,26" hai2="103,116,68,13,133,33,29,90,23,77,19,70,131" hai3="71,42,125,121,38,8,1,102,11,98,24,129,82"/><W94/><G121/><T128/><D2/><U6/><E110/><V63/><F116/><W123/><G123/><T112/><D122/><U17/><E126/><V67/><F131/><W114/><G114/><T47/><D4/><U7/><E118/><V60/><F133/><W55/><G71/><T56/><D117/><U120/><E80/><V28/><F77/><W119/><G119/><T14/><D108/><U105/><E105/><V95/><F103/><W135/><G1/><T15/><D128/><U79/><E79/><V5/><BYE who="1" /><F33/><W130/><G42/><T109/><D112/><UN n1="%E3%81%8F%E3%82%89%E3%81%92%E3%81%92" /><U45/><E39/><V44/><F44/><W35/><G38/><T84/><D56/><U61/><E120/><V10/><F63/><W66/><G66/><T86/><D86/><U36/><E36/><V18/><F68/><W30/><G82/><T16/><D14/><U89/><E7/><V57/><F70/><W134/><G125/><T65/><D65/><N who="1" m="39103" /><E6/><V31/><REACH who="2" step="1"/><F23/><REACH who="2" ten="294,293,199,204" step="2"/><W22/><G22/><T62/><D62/><U50/><E50/><V73/><F73/><W43/><G130/><T37/><D37/><U34/><E34/><V124/><F124/><W100/><G129/><T9/><D109/><U99/><E89/><V107/><F107/><W106/><G106/><T3/><D75/><U54/><AGARI ba="0,1" hai="17,21,25,26,27,45,51,54,88,93,99" m="39103" machi="54" ten="30,4000,0" yaku="8,1,52,1,54,1" doraHai="87" who="1" fromWho="1" sc="294,-10,293,50,199,-10,204,-20" /><INIT seed="4,0,0,0,3,48" ten="284,343,189,184" oya="0" hai0="37,100,55,65,92,71,67,69,61,97,42,88,63" hai1="38,95,73,113,4,86,94,1,35,59,50,58,11" hai2="53,62,25,130,89,110,132,16,120,121,106,81,114" hai3="8,70,57,21,52,83,133,51,101,39,104,68,116"/><T127/><D127/><U74/><E38/><V78/><F110/><W60/><G116/><T30/><D30/><U41/><E113/><V98/><F114/><W5/><G39/><T109/><D109/><U19/><E35/><V123/><F130/><W36/><G36/><T93/><D55/><U2/><E19/><V119/><F119/><W18/><G133/><T111/><D111/><U80/><E2/><V47/><F132/><W96/><G83/><T103/><REACH who="0" step="1"/><D92/><REACH who="0" ten="274,343,189,184" step="2"/><U34/><E95/><V90/><F120/><W135/><G135/><T75/><D75/><U31/><E94/><V17/><F121/><W107/><G104/><T29/><D29/><U122/><E122/><V112/><F112/><W117/><G117/><T12/><D12/><U43/><E31/><V118/><F118/><W91/><G60/><T115/><D115/><U129/><E34/><V20/><F123/><W10/><G10/><T7/><D7/><U24/><E24/><V82/><F17/><W32/><G32/><T40/><D40/><U66/><E43/><V9/><F9/><W102/><G8/><T87/><D87/><U15/><E1/><V105/><F105/><W0/><G5/><T131/><D131/><U84/><E129/><V99/><F106/><W26/><G0/><T33/><D33/><U124/><E86/><V46/><F62/><W77/><G107/><T56/><D56/><N who="1" m="21547" /><E124/><V54/><F25/><W45/><G26/><T108/><D108/><U3/><E3/><V49/><F54/><W76/><G52/><T126/><D126/><U85/><E74/><V13/><F53/><RYUUKYOKU ba="0,1" sc="274,30,343,-10,189,-10,184,-10" hai0="37,42,61,63,65,67,69,71,88,93,97,100,103" /><INIT seed="4,1,1,3,0,26" ten="304,333,179,174" oya="0" hai0="38,107,87,59,36,18,2,28,64,34,50,70,0" hai1="80,121,45,117,9,23,72,57,24,89,109,15,42" hai2="68,14,128,79,120,63,71,60,100,95,40,129,13" hai3="5,113,39,66,77,47,94,103,118,54,12,4,3"/><T119/><D119/><U101/><E109/><V116/><F120/><W52/><G118/><T51/><D18/><U127/><E127/><V44/><F79/><W58/><G3/><T30/><D59/><U65/><E117/><V131/><F116/><W41/><G113/><T61/><D87/><U29/><E121/><V96/><F71/><W32/><G32/><T88/><D34/><U83/><E101/><V91/><F91/><W122/><G77/><T11/><D88/><U19/><E72/><V102/><F102/><W10/><G5/><T74/><D61/><N who="2" m="23626" /><F68/><W33/><G66/><T123/><D70/><U99/><E57/><V114/><F114/><W106/><G106/><T93/><D11/><U134/><E65/><V135/><F135/><W35/><G122/><T112/><D93/><U105/><E134/><V84/><F84/><W75/><G75/><T126/><D123/><U48/><E105/><V92/><F92/><AGARI ba="1,1" hai="9,15,19,23,24,29,42,45,48,80,83,89,92,99" machi="92" ten="40,2600,0" yaku="8,1,52,1" doraHai="26" who="1" fromWho="2" sc="304,0,333,39,179,-29,174,0" /><INIT seed="5,0,0,0,2,79" ten="304,372,150,174" oya="1" hai0="57,54,108,26,25,91,17,77,123,46,115,22,59" hai1="45,96,76,83,116,8,125,14,18,24,48,21,40" hai2="58,72,56,106,66,70,7,74,130,101,92,15,97" hai3="117,127,60,38,63,30,80,87,122,129,34,2,132"/><U133/><E125/><V41/><F130/><W35/><G122/><T128/><D108/><U1/><E133/><V53/><F41/><W109/><G109/><T71/><D71/><U82/><E116/><V19/><F7/><W69/><G2/><T64/><D115/><U86/><E96/><V85/><F70/><W73/><G73/><T126/><D126/><U99/><E99/><V68/><F58/><W31/><G127/><T78/><D46/><U13/><E1/><V131/><F131/><W112/><G38/><T42/><D42/><U32/><E32/><V36/><F36/><W111/><G111/><T0/><D0/><U67/><E67/><V124/><F124/><W27/><G112/><T16/><D64/><U107/><E107/><V55/><F55/><W52/><G132/><T114/><D114/><U134/><E134/><V119/><F119/><W135/><G35/><T121/><D91/><U20/><E14/><V44/><F44/><W102/><G34/><T100/><D54/><U103/><E103/><V89/><F66/><W90/><G135/><T47/><D47/><U37/><E37/><V94/><F106/><W110/><G69/><T81/><D128/><U10/><E83/><V11/><REACH who="2" step="1"/><F68/><REACH who="2" ten="304,372,140,174" step="2"/><W23/><G129/><T3/><D59/><U104/><E104/><V62/><AGARI ba="0,1" hai="11,15,19,53,56,62,72,74,85,89,92,94,97,101" machi="62" ten="20,5200,0" yaku="1,1,2,1,0,1,7,1,53,0" doraHai="79" doraHaiUra="118" who="2" fromWho="2" sc="304,-13,372,-26,140,62,174,-13" /><INIT seed="6,0,0,2,1,38" ten="291,346,202,161" oya="2" hai0="97,69,1,102,99,98,125,75,49,135,87,95,86" hai1="11,26,15,57,31,65,0,123,50,107,19,28,13" hai2="48,115,117,94,116,109,82,18,59,10,63,118,112" hai3="67,74,21,66,4,30,17,122,42,6,79,91,114"/><V12/><F109/><W93/><G122/><T100/><D69/><U35/><E107/><V54/><F82/><W22/><G74/><T44/><D1/><U127/><E65/><V73/><F73/><W89/><G93/><N who="0" m="58447" /><D49/><U55/><E127/><V85/><F63/><W29/><G17/><T41/><D44/><U61/><E123/><V81/><REACH who="2" step="1"/><F94/><REACH who="2" ten="291,346,192,161" step="2"/><W121/><G79/><AGARI ba="0,1" hai="10,12,18,48,54,59,79,81,85,112,115,116,117,118" machi="79" ten="40,3900,0" yaku="1,1,2,1,53,0" doraHai="38" doraHaiUra="33" who="2" fromWho="3" sc="291,0,346,0,192,49,161,-39" /><INIT seed="6,1,0,2,1,124" ten="291,346,241,122" oya="2" hai0="108,48,80,28,29,133,95,125,25,16,113,58,85" hai1="40,47,46,31,32,122,101,21,79,106,87,39,63" hai2="82,8,132,90,98,104,88,119,18,45,81,69,5" hai3="53,74,49,118,128,109,19,23,112,105,12,7,86"/><V94/><F119/><W102/><G74/><T27/><D108/><U24/><E122/><V117/><F117/><W114/><G118/><T73/><D113/><N who="3" m="43625" /><G109/><T22/><D133/><U35/><E63/><V62/><F104/><W34/><G34/><T2/><D2/><U120/><E120/><V42/><F132/><W75/><G75/><T107/><D107/><U33/><E47/><V130/><F18/><W44/><G7/><T91/><D125/><U65/><E65/><V60/><F69/><W66/><G66/><T9/><D9/><U110/><E110/><V11/><F5/><W135/><G135/><T43/><D73/><U59/><E59/><V55/><F55/><W10/><G86/><N who="0" m="52727" /><D25/><U15/><E106/><V84/><F81/><W103/><G10/><T52/><D43/><U3/><E101/><N who="3" m="38410" /><G105/><T38/><D38/><U37/><E3/><V50/><F8/><W78/><G78/><AGARI ba="1,0" hai="16,22,27,28,29,48,52,58,78,80,85" m="52727" machi="78" ten="30,3900,0" yaku="8,1,54,2" doraHai="124" who="0" fromWho="3" sc="291,42,346,0,241,0,122,-42" /><INIT seed="7,0,0,0,5,135" ten="333,346,241,80" oya="3" hai0="124,131,7,54,116,75,61,71,83,58,39,107,46" hai1="17,31,6,68,128,88,30,92,98,20,53,67,115" hai2="33,78,45,111,96,36,120,13,22,65,16,134,34" hai3="8,5,123,112,97,51,93,114,3,104,26,44,2"/><W121/><G104/><T52/><D107/><U0/><E115/><N who="3" m="44074" /><G3/><T4/><D116/><U50/><E128/><V37/><F78/><W28/><G51/><T95/><D71/><U87/><E68/><V48/><F37/><W25/><G44/><T73/><D124/><U91/><E67/><V15/><F36/><W59/><G59/><T1/><D95/><N who="1" m="54687" /><E6/><V85/><F120/><N who="3" m="46155" /><G28/><T72/><D54/><U109/><E109/><V108/><F108/><W74/><G74/><T56/><D56/><N who="1" m="32823" /><E0/><V86/><F111/><W127/><G127/><T9/><D7/><U101/><E101/><AGARI ba="0,0" hai="2,5,8,25,26,93,97,101" m="46155,44074" machi="101" ten="30,1500,0" yaku="15,1" doraHai="135" who="3" fromWho="1" sc="333,0,346,-15,241,0,80,15" /><INIT seed="7,1,0,4,5,73" ten="333,331,241,95" oya="3" hai0="94,90,51,22,48,122,34,29,36,77,130,92,79" hai1="0,124,72,113,75,109,100,10,110,2,15,14,112" hai2="55,125,44,91,131,28,7,74,97,123,65,8,108" hai3="47,99,30,4,17,35,39,71,68,60,84,119,76"/><W11/><G119/><T27/><D36/><U50/><E50/><N who="0" m="18985" /><D34/><U126/><E100/><V107/><F74/><W23/><G99/><N who="0" m="57751" /><D122/><U59/><E59/><V118/><F107/><W116/><G116/><T26/><D130/><U62/><E10/><V101/><F131/><W135/><G135/><T49/><D27/><U69/><E62/><V19/><F28/><W46/><G35/><T127/><D127/><U78/><E78/><V21/><F125/><W42/><G30/><T33/><D33/><U45/><E45/><V18/><F21/><W6/><G47/><T115/><D115/><U67/><E67/><V13/><F123/><W103/><G103/><T25/><D25/><U89/><E89/><V66/><F18/><W95/><G60/><T1/><D1/><U40/><E69/><V58/><F101/><W117/><G117/><T88/><D49/><U121/><E121/><V93/><F58/><W83/><G95/><T70/><D70/><U98/><E98/><AGARI ba="1,0" hai="22,26,29,77,79,88,94,98" m="57751,18985" machi="98" ten="30,7700,0" yaku="8,1,52,2,54,1" doraHai="73" who="0" fromWho="1" sc="333,80,331,-80,241,0,95,0" owari="413,51.0,251,5.0,241,-16.0,95,-40.0" /></mjloggm>