<mjloggm ver="2.3"><GO type="169" lobby="0"/><UN n0="%45%6D%69%75" n1="%E3%81%A6%E3%82%8A%E3%81%86%E3%82%80" n2="%E6%BB%9D%E6%9C%AC%E3%81%B2%E3%81%B5%E3%81%BF%EF%BC%81" n3="%E3%83%94%E3%83%B3%E3%82%B5%E3%83%AD%E5%BA%97%E5%93%A1" dan="18,16,17,17" rate="2273.46,2071.99,2193.78,2271.23" sx="M,M,M,M"/><TAIKYOKU oya="0"/><INIT seed="0,0,0,0,4,7" ten="250,250,250,250" oya="0" hai0="37,77,81,58,16,54,25,66,17,20,72,10,34" hai1="82,98,84,91,35,102,108,83,104,33,95,18,85" hai2="39,116,30,13,125,93,9,134,120,65,12,114,74" hai3="71,78,43,44,45,94,41,69,21,131,55,29,86"/><T14/><D37/><U92/><E33/><V2/><F65/><W47/><G131/><T126/><D126/><U22/><E108/><V105/><F93/><W31/><G55/><T127/><D127/><U88/><REACH who="1" step="1"/><E35/><REACH who="1" ten="250,240,250,250" step="2"/><V23/><F125/><W107/><G41/><T28/><D66/><U46/><E46/><V97/><F120/><W90/><G44/><T103/><D103/><U112/><E112/><V36/><F114/><W122/><G45/><T60/><REACH who="0" step="1"/><D34/><REACH who="0" ten="240,240,250,250" step="2"/><U27/><AGARI ba="0,2" hai="18,22,27,82,83,84,85,88,91,92,95,98,102,104" machi="27" ten="20,12000,2" yaku="1,1,0,1,7,1,9,1,54,1,53,2" doraHai="7" doraHaiUra="87" who="1" fromWho="1" sc="240,-60,240,140,250,-30,250,-30" /><INIT seed="1,0,0,0,5,78" ten="180,380,220,220" oya="1" hai0="89,97,87,73,61,57,95,110,106,103,119,16,6" hai1="76,3,79,28,23,50,48,122,68,62,94,2,124" hai2="92,107,17,22,88,58,65,26,111,13,81,35,135" hai3="133,109,112,80,49,15,20,12,120,72,34,44,46"/><U40/><E122/><V39/><F107/><W59/><G34/><T96/><D110/><U100/><E124/><V45/><F135/><W9/><G112/><T21/><D119/><U91/><E100/><V116/><F111/><W5/><G109/><T55/><D73/><U18/><E28/><V71/><F71/><W129/><G120/><T114/><D114/><U14/><E3/><V52/><F116/><W54/><G129/><T8/><D97/><U102/><E2/><V123/><F123/><W38/><G133/><T10/><REACH who="0" step="1"/><D6/><REACH who="0" ten="170,380,220,220" step="2"/><U98/><E102/><V11/><F35/><W130/><G130/><T101/><D101/><U63/><E68/><V27/><F39/><W7/><G38/><T24/><AGARI ba="0,1" hai="8,10,16,21,24,55,57,61,87,89,95,96,103,106" machi="24" ten="20,5200,0" yaku="1,1,0,1,7,1,54,1,53,0" doraHai="78" doraHaiUra="77" who="0" fromWho="0" sc="170,62,380,-26,220,-13,220,-13" /><INIT seed="2,0,0,0,1,2" ten="232,354,207,207" oya="2" hai0="47,121,72,108,99,13,91,29,42,50,56,122,49" hai1="39,110,81,83,28,67,120,100,64,14,74,23,70" hai2="114,52,68,25,38,20,94,85,31,113,16,79,32" hai3="88,6,97,15,133,34,123,46,95,53,131,59,104"/><V5/><F68/><W126/><G123/><T105/><D72/><U96/><E39/><V107/><F107/><W78/><G131/><T54/><D108/><U109/><E120/><V24/><F38/><W89/><G133/><T98/><D29/><U92/><E74/><V84/><F84/><W55/><G34/><T40/><D99/><U103/><E103/><V43/><F43/><W51/><G126/><T58/><D13/><U132/><E132/><V80/><F94/><W11/><G78/><T48/><D91/><U10/><E81/><V86/><F86/><W115/><G115/><T75/><D75/><U8/><E8/><V135/><F135/><W128/><G128/><T101/><REACH who="0" step="1"/><D58/><REACH who="0" ten="222,354,207,207" step="2"/><U117/><E28/><V116/><F116/><W73/><G73/><T82/><D82/><U44/><E83/><V65/><F65/><W62/><G104/><T45/><AGARI ba="0,1" hai="40,42,45,47,48,49,50,54,56,98,101,105,121,122" machi="45" ten="30,8000,1" yaku="1,1,0,1,9,1,53,2" doraHai="2" doraHaiUra="37" who="0" fromWho="0" sc="222,90,354,-20,207,-40,207,-20" /><INIT seed="3,0,0,3,5,25" ten="312,334,167,187" oya="3" hai0="106,14,101,131,75,3,23,69,93,67,134,4,84" hai1="95,118,132,32,79,43,117,30,76,52,18,49,36" hai2="77,24,29,112,100,17,78,102,125,68,122,11,40" hai3="99,53,6,107,1,71,115,90,34,48,64,130,91"/><W59/><G115/><T57/><D75/><U109/><E109/><V127/><F68/><W51/><G130/><T123/><D123/><U81/><E132/><V35/><F112/><W88/><G48/><T96/><D69/><U80/><E18/><V56/><F40/><W103/><G34/><T135/><D3/><U27/><E95/><V22/><F11/><W38/><G38/><T8/><D131/><U97/><E97/><V41/><F41/><W86/><G6/><T120/><D120/><U70/><E70/><V12/><F56/><W42/><G42/><T62/><D84/><U66/><E66/><V82/><F122/><W58/><G1/><T83/><D83/><N who="1" m="31819" /><E43/><V10/><F35/><W60/><REACH who="3" step="1"/><G71/><REACH who="3" ten="312,334,167,177" step="2"/><T7/><D4/><U61/><E36/><V94/><F77/><W54/><G54/><T124/><D134/><U116/><E61/><V85/><REACH who="2" step="1"/><F94/><AGARI ba="0,1" hai="51,53,58,59,60,64,86,88,90,91,94,99,103,107" machi="94" ten="30,11600,0" yaku="1,1,7,1,54,1,53,1" doraHai="25" doraHaiUra="46" who="3" fromWho="2" sc="312,0,334,0,167,-116,177,126" /><INIT seed="3,1,0,2,2,85" ten="312,334,51,303" oya="3" hai0="103,124,115,32,117,62,94,14,31,37,2,91,39" hai1="127,57,90,105,131,86,30,98,66,8,133,125,65" hai2="5,34,80,33,79,60,74,116,78,47,24,113,16" hai3="35,92,12,70,28,21,107,114,26,108,81,6,97"/><W55/><G114/><T87/><D117/><U11/><E133/><V64/><F113/><W122/><G122/><T130/><D2/><U17/><E30/><V38/><F116/><W123/><G123/><T44/><D124/><N who="1" m="47691" /><E131/><V7/><F78/><W129/><G129/><T15/><D115/><U61/><E66/><V46/><F33/><W25/><G70/><T102/><D130/><U110/><E110/><V71/><F34/><W40/><G108/><T48/><D62/><U82/><E17/><V73/><F73/><W132/><G107/><T22/><D32/><U112/><E112/><V49/><F38/><W68/><G68/><T100/><D39/><U10/><E10/><V19/><F46/><W3/><G40/><T41/><REACH who="0" step="1"/><D37/><REACH who="0" ten="302,334,51,303" step="2"/><U121/><E121/><V59/><F71/><W134/><G3/><T52/><D52/><U45/><E45/><V72/><F72/><W126/><G126/><T120/><D120/><U106/><E106/><V67/><F67/><W128/><G128/><T93/><D93/><N who="1" m="56631" /><E105/><V53/><REACH who="2" step="1"/><F24/><AGARI ba="1,1" hai="14,15,22,24,31,41,44,48,87,91,94,100,102,103" machi="24" ten="40,5200,0" yaku="1,1,8,1,52,1,53,0" doraHai="85" doraHaiUra="0" who="0" fromWho="2" sc="302,65,334,0,51,-55,303,0" owari="367,47.0,334,13.0,-4,-50.0,303,-10.0" /></mjloggm>