<mjloggm ver="2.3"><GO type="185" lobby="0"/><UN n0="%6B%6F%7A" n1="%E3%81%9D%E3%81%86%E3%81%A1%E3%82%87" n2="%E5%85%A5%E5%B7%A3%E6%9F%9A%E5%AE%9F" n3="" dan="17,17,16,0" rate="2138.30,2222.93,2200.35,1500.00" sx="M,F,F,C"/><TAIKYOKU oya="0"/><INIT seed="0,0,0,0,5,39" ten="350,350,350,0" oya="0" hai0="40,130,37,67,33,92,94,109,125,131,118,0,123" hai1="76,36,100,95,102,89,108,79,3,72,104,129,75" hai2="133,85,60,49,120,44,135,132,80,134,86,71,74" hai3=""/><T47/><N who="0" m="31520" /><T1/><D118/><U91/><E36/><V46/><N who="2" m="30752" /><V77/><N who="2" m="33792" /><DORA hai="81" /><V41/><F46/><T2/><D33/><U101/><E3/><V117/><F117/><T62/><D125/><U127/><E127/><V90/><F90/><N who="1" m="34313" /><E108/><V126/><F126/><T59/><REACH who="0" step="1"/><D109/><REACH who="0" ten="340,350,350,0" step="2"/><U42/><E129/><AGARI ba="0,1" hai="0,1,2,37,40,47,59,62,67,92,94,129,130,131" m="31520" machi="129" ten="50,12000,1" yaku="1,1,2,1,19,1,52,2,53,0" doraHai="39,81" doraHaiUra="112,65" who="0" fromWho="1" sc="340,130,350,-120,350,0,0,0" /><INIT seed="0,1,0,0,1,65" ten="470,230,350,0" oya="0" hai0="82,128,0,71,48,54,107,119,81,55,134,39,44" hai1="78,52,73,123,124,96,125,49,67,41,120,88,102" hai2="97,37,60,56,98,46,86,75,42,113,104,59,108" hai3=""/><T83/><D119/><U127/><N who="1" m="30752" /><U84/><N who="1" m="31520" /><U50/><E67/><V94/><F113/><T1/><D128/><U101/><E78/><V117/><F75/><T35/><D35/><U47/><E73/><V95/><F108/><T111/><D111/><U114/><E96/><V33/><F33/><T66/><D134/><U130/><E130/><V70/><F104/><T110/><D110/><U69/><E69/><V51/><F37/><T68/><D107/><U93/><REACH who="1" step="1"/><E114/><REACH who="1" ten="470,220,350,0" step="2"/><V80/><F97/><T58/><D66/><U115/><E115/><V112/><F112/><T76/><D76/><U53/><E53/><V2/><F98/><T131/><D131/><U3/><E3/><V74/><F2/><T89/><D1/><U132/><E132/><V40/><F74/><T91/><D0/><U103/><E103/><V90/><F42/><T133/><D133/><U32/><E32/><V57/><F70/><T87/><D71/><U64/><E64/><V109/><F109/><T63/><D68/><U79/><E79/><V72/><F72/><T92/><D89/><U122/><N who="1" m="31264" /><U105/><E105/><V106/><F106/><T118/><D91/><U116/><E116/><V61/><F117/><T62/><D118/><RYUUKYOKU ba="1,1" sc="470,-20,220,10,350,10,0,0" hai1="41,47,49,50,52,84,88,93,101,102,124,125,127" hai2="40,46,51,56,57,59,60,61,80,86,90,94,95" /><INIT seed="1,2,1,0,5,0" ten="450,230,360,0" oya="1" hai0="67,97,135,116,70,98,111,118,91,1,43,34,84" hai1="78,112,120,81,66,76,132,36,100,122,119,90,131" hai2="83,74,94,54,51,73,99,45,56,102,114,68,92" hai3=""/><U50/><N who="1" m="30752" /><U58/><N who="1" m="31264" /><U46/><E112/><V3/><F68/><T48/><D1/><U71/><E119/><V52/><F3/><T126/><D111/><U117/><E117/><V101/><F114/><T115/><D67/><U77/><E131/><V124/><F124/><T103/><D70/><U79/><E132/><V55/><F83/><T35/><D135/><U88/><E100/><V121/><N who="2" m="31008" /><V62/><REACH who="2" step="1"/><F55/><REACH who="2" ten="450,230,350,0" step="2"/><T59/><D126/><U105/><E71/><V63/><F63/><T38/><D115/><U82/><E82/><V44/><F44/><T69/><D69/><U109/><E109/><V134/><F134/><T33/><D116/><U65/><E65/><V47/><F47/><T113/><D118/><U125/><E125/><V42/><F42/><T2/><D43/><U72/><E66/><V64/><F64/><T93/><D2/><U40/><REACH who="1" step="1"/><E105/><REACH who="1" ten="450,220,350,0" step="2"/><V128/><F128/><T123/><D113/><U37/><E37/><V89/><F89/><T95/><D38/><U110/><E110/><V87/><F87/><T32/><D32/><U39/><E39/><V127/><F127/><T108/><D108/><U60/><E60/><V130/><F130/><T49/><N who="0" m="31520" /><T41/><D35/><RYUUKYOKU ba="2,3" sc="450,-20,220,10,350,10,0,0" hai1="36,40,46,50,58,72,76,77,78,79,81,88,90" hai2="45,51,52,54,56,62,73,74,92,94,99,101,102" /><INIT seed="1,3,3,0,4,74" ten="430,230,360,0" oya="1" hai0="87,131,3,126,102,133,0,134,37,113,66,101,104" hai1="68,135,89,53,98,124,79,58,71,33,90,49,50" hai2="38,48,61,112,128,119,2,88,132,78,84,105,45" hai3=""/><U39/><E33/><V32/><F119/><T56/><D113/><U129/><E39/><V96/><F2/><T1/><D131/><U46/><E129/><V67/><F128/><T59/><D126/><U76/><E135/><N who="0" m="51721" /><D37/><U103/><E124/><V52/><F32/><T75/><D75/><U91/><E68/><V106/><F112/><T116/><D116/><U114/><E71/><V54/><F54/><T81/><D104/><U123/><N who="1" m="31520" /><U64/><E114/><V86/><F132/><T65/><D59/><U120/><N who="1" m="30752" /><U42/><REACH who="1" step="1"/><E64/><REACH who="1" ten="430,220,360,0" step="2"/><N who="0" m="24681" /><D56/><U62/><E62/><V121/><F38/><T99/><D99/><U40/><E40/><V51/><F96/><T43/><D43/><U35/><E35/><V41/><F61/><T111/><D111/><U72/><E72/><V85/><F67/><T95/><D3/><U70/><E70/><V80/><N who="2" m="31008" /><V109/><F109/><T57/><D57/><U34/><E34/><V130/><F130/><T122/><D1/><U97/><E97/><V125/><F125/><T127/><D0/><U47/><E47/><V110/><F110/><T117/><D127/><U69/><E69/><V36/><F36/><T73/><D122/><U55/><E55/><V82/><F52/><RYUUKYOKU ba="3,4" sc="430,-10,220,20,360,-10,0,0" hai1="42,46,49,50,53,58,76,79,89,90,91,98,103" /><INIT seed="1,4,4,1,3,67" ten="420,240,350,0" oya="1" hai0="59,106,72,122,87,0,44,88,39,133,94,132,99" hai1="86,63,85,121,48,92,43,58,107,123,81,74,66" hai2="101,119,53,125,77,60,57,90,45,130,120,97,40" hai3=""/><U104/><N who="1" m="31008" /><U110/><N who="1" m="31520" /><U127/><E127/><V114/><N who="2" m="30752" /><V111/><F119/><T96/><N who="0" m="31264" /><T47/><D0/><U83/><E110/><V3/><F111/><T89/><D72/><U46/><E92/><V93/><F130/><T105/><D59/><U71/><E74/><V38/><F125/><T64/><D64/><U112/><E112/><V126/><F114/><T61/><D61/><U79/><E58/><V100/><F126/><T76/><D76/><AGARI ba="4,4" hai="43,46,48,63,66,71,76,79,81,83,85,86,104,107" m="31520,31008" machi="76" ten="30,12000,1" yaku="7,1,9,1,52,3" doraHai="67" who="1" fromWho="0" sc="420,-128,240,168,350,0,0,0" /><INIT seed="1,5,0,3,2,39" ten="292,408,350,0" oya="1" hai0="57,88,46,40,64,45,47,34,51,42,129,102,98" hai1="97,118,54,65,106,69,50,108,117,96,68,110,35" hai2="112,107,86,101,48,80,75,67,79,105,87,94,61" hai3=""/><U66/><E50/><V93/><F112/><T92/><D129/><U104/><REACH who="1" step="1"/><E54/><REACH who="1" ten="292,398,350,0" step="2"/><V90/><F48/><T100/><D34/><AGARI ba="5,1" hai="34,35,65,66,68,69,96,97,104,106,108,110,117,118" machi="34" ten="25,9600,0" yaku="1,1,2,1,22,2,53,0" doraHai="39" doraHaiUra="127" who="1" fromWho="0" sc="292,-106,398,116,350,0,0,0" /><INIT seed="1,6,0,4,3,127" ten="186,514,350,0" oya="1" hai0="33,94,122,78,115,69,58,97,72,110,81,54,52" hai1="45,42,86,95,114,87,83,41,67,111,71,126,68" hai2="102,0,44,120,61,123,35,113,119,104,48,89,38" hai3=""/><U134/><E114/><V88/><N who="2" m="30752" /><V60/><N who="2" m="31520" /><V46/><F119/><T135/><N who="0" m="31264" /><T2/><D33/><U121/><N who="1" m="31008" /><U59/><E126/><V64/><F0/><T40/><D2/><U79/><E134/><V82/><F35/><T80/><D115/><U108/><E59/><V49/><F38/><T132/><D110/><N who="1" m="42027" /><E67/><V117/><F117/><T96/><D69/><N who="1" m="26699" /><E45/><V93/><F64/><T32/><D32/><U131/><E131/><V43/><F113/><T129/><D58/><U77/><E95/><V124/><F93/><T90/><D129/><U63/><E63/><V3/><F3/><T103/><D80/><AGARI ba="6,0" hai="41,42,77,79,80,83,86,87" m="26699,42027,31008" machi="80" ten="30,5800,0" yaku="14,1,10,1,52,1" doraHai="127" who="1" fromWho="0" sc="186,-70,514,70,350,0,0,0" /><INIT seed="1,7,0,5,5,65" ten="116,584,350,0" oya="1" hai0="61,87,73,44,92,79,108,45,77,59,41,107,114" hai1="58,43,57,56,120,95,51,118,1,35,75,99,84" hai2="66,127,119,47,85,38,39,124,67,69,112,72,134" hai3=""/><U86/><N who="1" m="30752" /><U128/><E118/><V74/><F119/><T110/><D114/><U94/><E35/><V115/><F85/><T135/><D107/><U46/><E1/><V133/><REACH who="2" step="1"/><F47/><REACH who="2" ten="116,584,340,0" step="2"/><T130/><D87/><U101/><E128/><V96/><F96/><T125/><D45/><U97/><REACH who="1" step="1"/><E75/><REACH who="1" ten="116,574,340,0" step="2"/><V55/><F55/><T36/><D130/><U60/><E60/><V71/><AGARI ba="7,2" hai="38,39,66,67,69,71,72,74,112,115,124,127,133,134" machi="71" ten="25,9000,2" yaku="1,1,0,1,22,2,52,2,53,0" doraHai="65" doraHaiUra="93" who="2" fromWho="2" sc="116,-37,574,-67,340,124,0,0" /><INIT seed="2,0,0,2,5,32" ten="79,507,464,0" oya="2" hai0="54,97,91,101,78,80,121,119,98,127,76,65,126" hai1="61,74,131,46,3,133,128,60,100,35,37,107,109" hai2="135,41,84,71,40,73,122,134,104,2,53,114,36" hai3=""/><V55/><N who="2" m="31264" /><V108/><F73/><T132/><N who="0" m="31008" /><T44/><D65/><U1/><E35/><V83/><F114/><T105/><D54/><U129/><E109/><V93/><F104/><T111/><D44/><U0/><E133/><V110/><F71/><T95/><D111/><N who="2" m="42538" /><F93/><T117/><D132/><N who="2" m="50730" /><F2/><T48/><D48/><U88/><E74/><V69/><F69/><T106/><D106/><U67/><E88/><V81/><F81/><T103/><D91/><U86/><E67/><V42/><F36/><T115/><D115/><U66/><E107/><V123/><N who="2" m="31520" /><V77/><AGARI ba="0,0" hai="40,41,42,53,55,77,83,84" m="31520,50730,42538,31264" machi="77" ten="40,12000,2" yaku="4,1,14,1,10,1,20,1,52,2" doraHai="32" who="2" fromWho="2" sc="79,-60,507,-60,464,120,0,0" /><INIT seed="2,1,0,3,1,108" ten="19,447,584,0" oya="2" hai0="132,56,50,34,52,79,33,91,95,117,133,96,119" hai1="45,102,55,64,39,80,0,67,81,86,63,92,134" hai2="84,43,40,135,85,65,76,51,113,120,124,72,115" hai3=""/><V68/><N who="2" m="30752" /><V57/><F72/><T126/><D79/><U54/><E134/><N who="0" m="51817" /><D126/><U130/><E130/><V106/><F106/><T49/><D49/><U125/><E125/><V36/><F40/><T61/><D61/><U105/><E63/><V94/><F36/><T107/><D107/><U71/><E105/><V42/><F42/><T103/><D103/><U66/><E102/><V62/><F124/><T83/><D83/><U69/><E39/><V60/><F76/><T32/><AGARI ba="1,0" hai="32,33,34,50,52,56,91,95,96,117,119" m="51817" machi="32" ten="40,2000,0" yaku="20,1,54,1" doraHai="108" who="0" fromWho="0" sc="19,22,447,-8,584,-14,0,0" /><INIT seed="4,0,0,2,4,118" ten="41,439,570,0" oya="0" hai0="96,41,134,83,120,104,68,112,48,76,47,1,45" hai1="121,88,38,57,78,92,84,113,90,67,77,111,55" hai2="44,51,80,126,99,70,42,119,3,85,97,93,74" hai3=""/><T53/><N who="0" m="30752" /><T127/><D1/><U91/><N who="1" m="31008" /><U86/><E111/><V109/><F126/><T59/><D127/><U49/><E113/><V114/><F109/><T108/><D108/><U106/><E106/><V40/><F114/><T124/><D124/><U0/><E0/><V56/><F70/><T115/><D134/><U60/><E38/><V87/><F74/><T125/><D68/><U103/><E103/><V130/><F130/><T2/><D2/><U95/><E91/><V62/><F42/><T79/><D47/><U32/><E32/><V71/><F71/><AGARI ba="0,0" hai="49,55,57,60,67,71,77,78,84,86,88,90,92,95" m="31008" machi="71" ten="30,8000,1" yaku="7,1,9,1,52,2,54,1" doraHai="118" who="1" fromWho="2" sc="41,0,439,80,570,-80,0,0" /><INIT seed="5,0,0,4,0,41" ten="41,519,490,0" oya="1" hai0="132,84,121,97,61,131,86,48,74,1,68,101,47" hai1="124,79,115,99,45,125,53,72,112,73,96,127,64" hai2="100,67,65,82,130,54,35,40,32,49,43,111,44" hai3=""/><U2/><E2/><V0/><F111/><T133/><D97/><N who="1" m="37451" /><E64/><V107/><F0/><T51/><D101/><U123/><N who="1" m="31520" /><U46/><E79/><V114/><F100/><T77/><D77/><U66/><E66/><V128/><F107/><T58/><D58/><U57/><E73/><V103/><F103/><T42/><N who="0" m="31008" /><T134/><D1/><U50/><E72/><V59/><F67/><T90/><D74/><U135/><E135/><V70/><F114/><AGARI ba="0,0" hai="45,46,50,53,57,112,114,115,124,125,127" m="31520,37451" machi="114" ten="40,12000,1" yaku="15,1,18,1,52,3" doraHai="41" who="1" fromWho="2" sc="41,0,519,120,490,-120,0,0" /><INIT seed="5,1,0,3,4,45" ten="41,639,370,0" oya="1" hai0="87,95,128,113,78,88,127,74,35,111,51,59,62" hai1="57,3,89,129,75,130,134,40,116,132,133,84,115" hai2="69,121,94,81,131,86,102,123,122,33,41,91,61" hai3=""/><U43/><E116/><V76/><N who="2" m="31008" /><V42/><N who="2" m="31264" /><V107/><N who="2" m="31520" /><V104/><F33/><T52/><D111/><U77/><E115/><V93/><F131/><N who="1" m="50185" /><E3/><V2/><F2/><T1/><D1/><U48/><E77/><V70/><F94/><T103/><D128/><U66/><E75/><V55/><F70/><T38/><D38/><U34/><E34/><V39/><F39/><T101/><D35/><U105/><E105/><V46/><F107/><T117/><D113/><U47/><E40/><V56/><F69/><T92/><D127/><U98/><E98/><V126/><F46/><T71/><D117/><U50/><E50/><V36/><F36/><T44/><D71/><U73/><E73/><V67/><F67/><T112/><D112/><U68/><E68/><V100/><F126/><T32/><D32/><U119/><E119/><V37/><F37/><T49/><D92/><U85/><E66/><V79/><F79/><T53/><REACH who="0" step="1"/><D62/><REACH who="0" ten="31,639,370,0" step="2"/><U109/><E109/><V99/><F104/><T135/><D135/><U64/><E134/><V80/><F61/><T60/><D60/><U96/><E133/><V114/><F93/><T120/><N who="0" m="30752" /><T83/><AGARI ba="1,1" hai="44,49,51,52,53,59,74,78,83,87,88,95,101,103" m="30752" machi="83" ten="30,12000,3" yaku="1,1,4,1,0,1,52,3,54,2,53,1" doraHai="45" doraHaiUra="54" who="0" fromWho="0" sc="31,132,639,-81,370,-41,0,0" /><INIT seed="6,0,0,3,0,132" ten="163,558,329,0" oya="2" hai0="73,126,106,111,80,108,47,115,35,96,98,66,52" hai1="57,74,87,42,2,85,93,36,130,71,114,65,56" hai2="133,79,84,61,121,69,62,44,125,77,135,68,33" hai3=""/><V58/><N who="2" m="31008" /><V102/><F33/><T82/><D66/><U64/><E74/><V99/><F44/><T43/><D47/><U81/><E2/><V104/><F125/><T72/><D43/><U100/><E130/><V122/><N who="2" m="31264" /><V88/><F79/><T46/><D46/><U76/><E114/><V63/><F77/><T123/><N who="0" m="31520" /><T120/><N who="0" m="30752" /><T32/><D52/><U105/><E36/><V109/><F109/><T40/><D40/><U60/><E65/><V110/><F110/><T134/><D134/><N who="2" m="51210" /><F58/><T119/><D119/><U107/><E42/><V118/><F118/><T113/><REACH who="0" step="1"/><D106/><REACH who="0" ten="153,558,329,0" step="2"/><U39/><E107/><V55/><F55/><T103/><D103/><U34/><E100/><V37/><F37/><T38/><D38/><U131/><E105/><V70/><F62/><T127/><AGARI ba="0,1" hai="32,35,72,73,80,82,96,98,108,111,113,115,126,127" m="30752,31520" machi="127" ten="25,12000,3" yaku="1,1,0,1,22,2,52,4,53,0" doraHai="132" doraHaiUra="90" who="0" fromWho="0" sc="153,130,558,-40,329,-80,0,0" owari="283,-12.0,518,47.0,249,-35.0,0,0.0" /></mjloggm>