<mjloggm ver="2.3"><GO type="169" lobby="0"/><UN n0="%E3%81%AE%E3%81%B3%E3%81%97%E3%82%8D%E2%99%82" n1="%E8%BC%9D%E5%A4%9C%E6%9C%88" n2="%E3%82%89%E3%81%8F%E3%81%8C%E3%82%93" n3="%E3%81%BE%E3%83%BC%E3%81%86" dan="16,18,17,16" rate="2138.80,2207.00,2152.70,2108.26" sx="M,F,M,M"/><TAIKYOKU oya="0"/><INIT seed="0,0,0,5,0,22" ten="250,250,250,250" oya="0" hai0="9,131,134,86,77,66,111,56,91,17,58,107,35" hai1="104,125,90,53,24,116,18,61,94,44,78,74,38" hai2="37,3,122,65,112,73,33,31,99,130,23,127,126" hai3="45,82,85,100,79,10,92,129,29,71,25,105,64"/><T36/><D134/><U89/><E116/><V60/><F112/><W70/><G129/><T75/><D131/><U21/><E104/><V34/><F130/><W19/><G45/><T109/><D107/><U98/><E125/><N who="2" m="47627" /><F122/><W128/><G105/><T67/><D36/><U54/><E74/><V4/><F37/><W62/><G128/><T118/><D118/><U39/><E78/><V32/><F73/><W108/><G108/><N who="0" m="41547" /><D35/><U16/><E38/><V46/><F46/><W40/><G40/><T50/><D77/><U119/><E119/><V1/><F99/><W57/><G10/><T59/><D75/><U0/><E0/><V52/><F4/><W121/><G19/><T96/><D96/><U120/><E120/><V88/><F88/><N who="1" m="33897" /><E39/><V115/><F115/><W15/><G15/><N who="0" m="7407" /><D50/><N who="1" m="28871" /><E18/><V83/><F83/><AGARI ba="0,0" hai="56,58,59,66,67,83,86,91" m="7407,41547" machi="83" ten="30,2900,0" yaku="14,1,10,1" doraHai="22" who="0" fromWho="2" sc="250,29,250,0,250,-29,250,0" /><INIT seed="0,1,0,0,0,56" ten="279,250,221,250" oya="0" hai0="5,17,117,33,126,11,88,37,52,72,112,32,42" hai1="134,123,118,48,111,27,81,2,132,14,29,54,125" hai2="21,90,100,113,105,84,78,128,10,77,63,67,80" hai3="41,57,101,102,35,129,131,16,91,85,25,62,73"/><T49/><D126/><U0/><E118/><V23/><F113/><W107/><G73/><T74/><D117/><U19/><E123/><V39/><F39/><W45/><G107/><T95/><D112/><U64/><E81/><V9/><F128/><W51/><G35/><T82/><D42/><U76/><E76/><V3/><F78/><W97/><G131/><T6/><D37/><U28/><E64/><V89/><F105/><W104/><G129/><T15/><D33/><U127/><E48/><V94/><F100/><W26/><G16/><T103/><D32/><N who="1" m="20511" /><E54/><V30/><F90/><W86/><G86/><T69/><D69/><U87/><E87/><V47/><F47/><W75/><G102/><T20/><D103/><U36/><E29/><V135/><F135/><N who="1" m="51753" /><E111/><V133/><F133/><W83/><REACH who="3" step="1"/><G75/><REACH who="3" ten="279,250,221,240" step="2"/><T59/><D82/><U24/><E24/><V60/><F84/><W61/><G61/><T130/><D130/><U92/><E92/><V98/><F63/><W122/><G122/><T55/><D74/><U121/><E121/><V70/><F60/><W99/><G99/><N who="0" m="57831" /><D72/><U1/><E36/><V114/><F114/><W58/><G58/><N who="0" m="33039" /><D11/><AGARI ba="1,1" hai="0,1,2,11,14,19,125,127" m="51753,20511" machi="11" ten="40,5200,0" yaku="20,1,34,2" doraHai="56" who="1" fromWho="0" sc="279,-55,250,65,221,0,240,0" /><INIT seed="1,0,0,5,5,26" ten="224,315,221,240" oya="1" hai0="127,37,68,47,104,87,65,49,41,28,103,79,58" hai1="20,16,84,1,2,108,52,86,89,25,51,31,109" hai2="9,112,113,120,36,17,134,102,11,110,60,91,135" hai3="105,22,117,15,72,80,116,123,115,100,40,132,90"/><U130/><E130/><V38/><F120/><W19/><G115/><N who="2" m="44105" /><F110/><N who="1" m="42601" /><E31/><V3/><F102/><W34/><G123/><T73/><D127/><U48/><E48/><V42/><F91/><W59/><G34/><T114/><D114/><U23/><E23/><V98/><F98/><W7/><G100/><T129/><D129/><U70/><E70/><V93/><F93/><W82/><G105/><T106/><D73/><U126/><E126/><V4/><F60/><W71/><G71/><T83/><D103/><U39/><E39/><N who="2" m="14891" /><F42/><W88/><G40/><T10/><D10/><U76/><E76/><V125/><F125/><W5/><G59/><T121/><D121/><U101/><E101/><V97/><F97/><W12/><G72/><T30/><D68/><U61/><E61/><V27/><F11/><W133/><G22/><AGARI ba="0,0" hai="3,4,9,17,22,27,134,135" m="14891,44105" machi="22" ten="40,1300,0" yaku="11,1" doraHai="26" who="2" fromWho="3" sc="224,0,315,0,221,13,240,-13" /><INIT seed="2,0,0,3,3,104" ten="224,315,234,227" oya="2" hai0="9,64,116,82,7,34,122,23,18,3,99,133,70" hai1="124,78,61,66,22,120,65,33,117,12,130,29,89" hai2="134,109,2,45,14,0,114,40,21,19,73,100,123" hai3="132,81,57,115,54,135,88,43,28,4,50,13,36"/><V126/><F123/><W108/><G108/><T131/><D133/><U118/><E120/><V84/><F114/><W69/><G115/><T129/><D122/><U105/><E66/><V51/><F134/><W87/><G69/><T42/><D116/><U128/><E124/><V95/><F126/><W8/><REACH who="3" step="1"/><G28/><REACH who="3" ten="224,315,234,217" step="2"/><T91/><D70/><U77/><E29/><V80/><F109/><W44/><AGARI ba="0,1" hai="4,8,13,36,43,44,50,54,57,81,87,88,132,135" machi="44" ten="30,8000,1" yaku="1,1,2,1,0,1,54,1,53,1" doraHai="104" doraHaiUra="47" who="3" fromWho="3" sc="224,-20,315,-20,234,-40,217,90" /><INIT seed="3,0,0,0,5,38" ten="204,295,194,307" oya="3" hai0="18,29,128,100,90,25,46,84,97,91,133,94,127" hai1="23,104,24,33,92,36,1,93,7,52,98,48,9" hai2="101,47,26,115,2,85,131,89,134,63,19,80,113" hai3="4,78,114,108,0,112,116,58,109,14,13,86,57"/><W65/><G78/><T30/><D133/><U103/><E36/><V122/><F134/><W121/><G86/><T99/><D128/><U69/><E33/><V56/><F131/><W95/><G95/><T21/><D127/><U60/><E60/><V28/><F122/><W6/><G121/><T51/><D91/><U135/><E69/><V118/><F118/><W129/><G129/><T119/><D99/><U110/><E110/><V43/><F2/><W53/><G53/><T79/><D79/><U20/><E20/><V8/><F101/><W17/><G0/><T117/><D117/><U16/><REACH who="1" step="1"/><E135/><REACH who="1" ten="204,285,194,307" step="2"/><V35/><F8/><W75/><G116/><T125/><D119/><U72/><E72/><V34/><F34/><W55/><G75/><T71/><D71/><U105/><E105/><V44/><F19/><W32/><G32/><T31/><D125/><U106/><E106/><V45/><REACH who="2" step="1"/><F43/><REACH who="2" ten="204,285,184,307" step="2"/><W66/><G17/><T59/><D18/><U102/><E102/><V88/><F88/><W132/><G132/><T74/><D100/><U130/><E130/><V5/><F5/><W111/><G108/><T42/><D90/><U37/><E37/><V107/><F107/><W3/><G3/><T123/><D123/><U124/><E124/><V120/><F120/><W27/><G109/><T39/><D39/><U87/><E87/><V40/><F40/><W76/><G111/><T96/><D84/><U15/><E15/><V49/><F49/><W83/><G14/><T50/><D51/><U126/><E126/><V68/><F68/><W81/><G13/><T77/><D42/><RYUUKYOKU ba="0,2" sc="204,-15,285,15,184,15,307,-15" hai1="1,7,9,16,23,24,48,52,92,93,98,103,104" hai2="26,28,35,44,45,47,56,63,80,85,89,113,115" /><INIT seed="4,1,2,1,5,93" ten="189,300,199,292" oya="0" hai0="116,75,35,92,97,67,15,69,3,90,64,48,110" hai1="130,96,24,4,32,117,6,43,132,31,81,28,18" hai2="20,82,60,102,40,47,120,61,86,106,70,121,19" hai3="51,98,80,29,25,73,65,133,76,89,46,115,42"/><T95/><D116/><U54/><E117/><V135/><F135/><W13/><G133/><T119/><D119/><U84/><E132/><V111/><F111/><W41/><G115/><T88/><D110/><U113/><E113/><V68/><F106/><W56/><G13/><T57/><D3/><U127/><E130/><V39/><F102/><W129/><G129/><T71/><D35/><U7/><E127/><V66/><F61/><W105/><G65/><T122/><D75/><U49/><E43/><V26/><REACH who="2" step="1"/><F68/><REACH who="2" ten="189,300,189,292" step="2"/><W2/><G105/><T118/><D118/><U37/><E32/><V131/><F131/><W30/><G30/><T36/><D71/><U55/><E31/><V16/><F16/><W58/><G29/><T107/><D69/><U126/><E18/><V17/><F17/><W94/><G25/><T77/><D107/><U59/><E24/><V125/><F125/><W85/><G2/><T72/><D122/><U22/><E28/><V100/><F100/><W83/><REACH who="3" step="1"/><G41/><REACH who="3" ten="189,300,189,282" step="2"/><T38/><D67/><U74/><E126/><V99/><F99/><W21/><G21/><T112/><D64/><U5/><E22/><V27/><F27/><W104/><G104/><T45/><D112/><U91/><E96/><V79/><AGARI ba="1,4" hai="19,20,26,39,40,47,60,66,70,79,82,86,120,121" machi="79" ten="20,2700,0" yaku="1,1,0,1,7,1,53,0" doraHai="93" doraHaiUra="8" who="2" fromWho="2" sc="189,-14,300,-8,189,70,282,-8" /><INIT seed="5,0,0,3,5,131" ten="175,292,259,274" oya="1" hai0="29,122,11,80,108,48,128,103,46,64,112,95,105" hai1="59,88,32,18,68,78,134,16,53,49,72,73,90" hai2="47,14,81,135,69,74,102,124,123,67,65,25,8" hai3="111,21,26,101,6,126,115,117,118,42,22,113,66"/><U87/><E134/><V114/><F123/><W20/><G42/><T0/><D112/><U129/><E129/><V30/><F69/><W121/><G101/><T1/><D128/><U55/><E32/><V106/><F124/><W104/><G104/><T9/><D122/><U120/><E68/><V7/><F114/><N who="3" m="43531" /><G66/><T58/><D108/><U97/><E120/><V89/><F135/><W71/><G71/><T96/><D11/><U86/><E97/><V119/><F119/><N who="3" m="45579" /><G121/><T92/><D29/><U130/><E130/><V23/><F102/><W40/><G40/><T100/><D80/><N who="1" m="47383" /><E73/><V63/><F106/><W3/><G126/><T75/><D75/><U61/><E72/><V45/><F63/><W98/><G98/><T4/><D0/><U91/><E87/><N who="2" m="50415" /><F74/><W85/><G85/><T19/><D19/><U82/><E82/><V52/><F47/><AGARI ba="0,0" hai="16,18,47,49,53,55,59,61,88,90,91" m="47383" machi="47" ten="30,5800,0" yaku="8,1,54,2" doraHai="131" who="1" fromWho="2" sc="175,0,292,58,259,-58,274,0" /><INIT seed="5,1,0,3,1,109" ten="175,350,201,274" oya="1" hai0="2,12,102,28,15,7,58,11,25,8,50,132,65" hai1="86,75,53,124,36,121,77,84,0,16,43,54,133" hai2="91,41,37,6,45,44,122,128,101,90,103,131,61" hai3="31,1,23,32,55,83,87,14,113,88,108,63,39"/><U51/><E121/><V10/><F122/><W20/><G39/><T89/><D132/><U93/><E0/><V35/><F35/><W69/><G1/><T76/><D102/><U114/><E133/><V110/><F110/><W134/><G108/><T125/><D125/><U135/><E135/><V34/><F34/><W5/><G32/><T123/><D123/><U116/><E75/><V3/><F61/><W52/><G69/><T24/><D76/><U18/><E36/><V19/><F19/><W40/><G40/><T118/><D118/><U129/><E116/><V57/><F57/><W105/><G105/><T106/><D106/><U27/><E129/><N who="2" m="49739" /><F45/><W17/><G5/><T97/><D2/><U72/><E18/><V112/><F112/><W111/><G113/><T119/><D119/><U99/><E114/><V85/><F91/><W64/><G111/><T70/><D70/><U42/><E16/><V46/><F46/><W80/><G83/><AGARI ba="1,0" hai="3,6,10,37,41,44,83,85,90,101,103" m="49739" machi="83" ten="30,1000,0" yaku="19,1" doraHai="109" who="2" fromWho="3" sc="175,0,350,0,201,13,274,-13" /><INIT seed="6,0,0,5,1,118" ten="175,350,214,261" oya="2" hai0="71,0,64,7,46,51,47,38,32,107,100,30,40" hai1="5,96,77,97,59,23,67,108,63,50,73,79,81" hai2="91,37,105,110,35,17,42,131,6,125,112,10,62" hai3="20,88,58,41,39,29,128,102,86,56,87,16,134"/><V54/><F112/><W60/><G128/><T99/><D71/><U92/><E108/><V133/><F131/><W135/><G102/><T80/><D64/><U69/><E5/><V4/><F133/><N who="3" m="50699" /><G29/><T70/><D70/><U76/><E97/><V132/><F132/><W126/><G126/><T24/><D80/><U109/><E109/><V78/><F110/><W53/><G41/><T66/><D66/><U90/><E23/><V124/><F35/><W101/><G101/><T57/><D57/><U82/><E73/><V95/><F105/><W55/><G39/><T61/><D61/><U27/><E27/><V8/><F78/><W14/><G88/><T31/><D31/><U117/><E117/><V11/><F17/><W114/><G114/><T44/><REACH who="0" step="1"/><D38/><REACH who="0" ten="165,350,214,261" step="2"/><U45/><E69/><V52/><F125/><W1/><G1/><T48/><D48/><AGARI ba="0,1" hai="14,16,20,48,53,55,56,58,60,86,87" m="50699" machi="48" ten="30,2000,0" yaku="20,1,54,1" doraHai="118" who="3" fromWho="0" sc="165,-20,350,0,214,0,261,30" /><INIT seed="7,0,0,5,3,128" ten="145,350,214,291" oya="3" hai0="29,127,62,124,56,47,17,28,26,39,134,93,94" hai1="51,7,118,120,11,13,36,50,110,95,14,15,91" hai2="87,81,21,135,30,3,74,46,116,71,34,35,76" hai3="27,131,38,23,53,8,70,132,10,98,119,54,89"/><W102/><G119/><T68/><D68/><U16/><E110/><V66/><F116/><W22/><G70/><T103/><D17/><U2/><E36/><V44/><F3/><W75/><G38/><T63/><D103/><U117/><E120/><V69/><F21/><W88/><G131/><T113/><D113/><U97/><E118/><V65/><F74/><W133/><G75/><T85/><D85/><U107/><E117/><V41/><F30/><W49/><G49/><N who="1" m="18442" /><E107/><V92/><F92/><W129/><G129/><T100/><D100/><U25/><E2/><V99/><F99/><W82/><G102/><T125/><D134/><U122/><E122/><V73/><F135/><W77/><G98/><T59/><D39/><U32/><E32/><V20/><F20/><AGARI ba="0,0" hai="7,11,13,14,15,16,20,25,91,95,97" m="18442" machi="20" ten="30,2000,0" yaku="8,1,54,1" doraHai="128" who="1" fromWho="2" sc="145,0,350,20,214,-20,291,0" owari="145,-35.0,370,47.0,194,-21.0,291,9.0" /></mjloggm>