<mjloggm ver="2.3"><GO type="185" lobby="0"/><UN n0="%E5%A4%A7%E5%92%8C%E6%A1%9C" n1="%65%6C%75%6C%75" n2="%61%6E%64%6F%35%35" n3="" dan="18,16,16,0" rate="2365.70,2263.18,2163.14,1500.00" sx="F,M,M,C"/><TAIKYOKU oya="0"/><INIT seed="0,0,0,4,4,110" ten="350,350,350,0" oya="0" hai0="119,66,40,51,114,107,98,97,127,47,76,41,102" hai1="82,72,118,61,112,99,39,124,74,2,65,96,122" hai2="36,91,44,111,108,77,62,53,32,37,131,71,63" hai3=""/><T83/><D119/><U129/><N who="1" m="31264" /><U60/><E39/><N who="2" m="14923" /><F32/><T128/><D127/><U78/><E124/><V73/><F91/><T69/><D128/><U34/><E129/><V100/><F100/><T42/><D97/><U86/><E118/><V135/><F77/><T68/><D114/><U115/><E2/><V134/><F73/><T125/><D125/><U0/><E0/><V33/><F33/><T79/><D79/><U133/><E34/><V70/><F131/><T123/><N who="0" m="31520" /><T89/><D89/><U58/><E61/><N who="2" m="23051" /><F53/><T1/><D1/><U75/><E99/><V132/><F44/><T46/><D66/><U101/><E101/><V54/><F54/><T45/><REACH who="0" step="1"/><D51/><REACH who="0" ten="340,350,350,0" step="2"/><U95/><E96/><V117/><F117/><T116/><D116/><U106/><E78/><V109/><AGARI ba="0,1" hai="70,71,108,109,111,132,134,135" m="23051,14923" machi="109" ten="50,9000,2" yaku="28,2,14,1,20,1,34,2" doraHai="110" who="2" fromWho="2" sc="340,-60,350,-30,350,100,0,0" /><INIT seed="1,0,0,2,0,32" ten="280,320,450,0" oya="1" hai0="64,52,83,57,38,69,84,127,75,117,43,0,88" hai1="56,87,51,92,107,70,89,68,113,125,105,47,104" hai2="35,126,129,110,78,76,55,44,3,61,1,65,123" hai3=""/><U100/><E113/><V114/><N who="2" m="31520" /><V63/><F35/><T48/><D127/><U37/><E125/><V124/><F110/><T2/><D117/><U54/><E100/><V86/><F129/><T80/><D75/><U50/><REACH who="1" step="1"/><E37/><REACH who="1" ten="280,310,450,0" step="2"/><V72/><F114/><T131/><D131/><U40/><AGARI ba="0,1" hai="40,47,50,51,54,56,68,70,87,89,92,104,105,107" machi="40" ten="30,7800,0" yaku="1,1,2,1,0,1,53,1" doraHai="32" doraHaiUra="53" who="1" fromWho="1" sc="280,-39,310,88,450,-39,0,0" /><INIT seed="1,1,0,5,0,102" ten="241,398,411,0" oya="1" hai0="40,49,103,121,112,87,59,61,108,82,91,48,76" hai1="129,90,67,0,126,36,125,32,52,39,80,1,104" hai2="86,77,60,88,116,128,135,53,89,72,56,134,95" hai3=""/><U118/><E118/><V113/><F116/><T2/><N who="0" m="31008" /><T110/><D112/><U94/><E32/><V109/><F109/><T114/><D114/><U74/><E67/><V63/><F113/><T120/><N who="0" m="30752" /><T100/><D2/><U106/><E129/><V58/><F128/><T127/><D127/><N who="1" m="48651" /><E36/><V54/><F72/><T111/><D91/><U57/><E39/><V50/><F77/><T107/><D40/><U132/><E132/><V101/><F101/><N who="0" m="38986" /><D107/><N who="1" m="41003" /><E80/><V78/><F78/><T70/><D70/><U115/><E74/><V34/><F34/><T81/><D82/><U51/><E115/><V47/><REACH who="2" step="1"/><F89/><REACH who="2" ten="241,398,401,0" step="2"/><T38/><D38/><U71/><E71/><V84/><F84/><AGARI ba="1,1" hai="0,1,51,52,57,84,90,94" m="41003,48651" machi="84" ten="30,12000,1" yaku="18,1,52,3,54,1" doraHai="102" who="1" fromWho="2" sc="241,0,398,132,401,-122,0,0" /><INIT seed="1,2,0,5,0,116" ten="241,530,279,0" oya="1" hai0="77,128,89,85,93,78,40,101,34,92,72,45,87" hai1="102,66,0,57,49,73,53,110,74,115,125,1,127" hai2="130,58,63,88,76,120,109,56,86,64,96,48,103" hai3=""/><U108/><E115/><V124/><N who="2" m="30752" /><V119/><F119/><T61/><D34/><U104/><E66/><V67/><F109/><N who="1" m="42089" /><E102/><V94/><F124/><N who="1" m="47689" /><E104/><V90/><F130/><T122/><N who="0" m="31264" /><T68/><D128/><U117/><E117/><V46/><F76/><T75/><D68/><U32/><E32/><V60/><REACH who="2" step="1"/><F86/><REACH who="2" ten="241,530,269,0" step="2"/><T50/><D78/><U131/><E131/><V70/><F70/><T44/><D77/><U52/><E73/><V91/><F91/><T51/><D61/><U114/><E74/><V84/><F84/><T121/><N who="0" m="31008" /><T111/><D111/><U69/><E69/><V82/><F82/><T113/><D113/><U95/><E114/><V79/><F79/><T65/><D65/><U98/><E0/><V39/><F39/><T112/><D112/><U118/><E1/><V126/><F126/><T105/><D87/><U47/><E118/><V123/><N who="2" m="31520" /><V33/><F33/><T134/><D75/><U99/><E95/><V133/><F133/><T54/><D134/><U83/><E83/><V80/><F80/><T2/><D72/><U97/><E57/><V62/><F62/><T100/><D2/><U132/><E132/><V37/><F37/><T42/><D92/><U35/><E35/><RYUUKYOKU ba="2,1" sc="241,-20,530,10,269,10,0,0" hai1="47,49,52,53,97,98,99" hai2="46,48,56,58,60,63,64,67,88,90,94,96,103" /><INIT seed="1,3,1,0,4,2" ten="221,540,279,0" oya="1" hai0="114,94,115,35,53,107,67,34,119,44,78,38,42" hai1="45,37,73,121,101,85,81,46,33,77,113,105,43" hai2="134,128,98,106,129,126,111,123,80,52,54,135,56" hai3=""/><U118/><N who="1" m="31008" /><U71/><E118/><V117/><N who="2" m="31520" /><V122/><N who="2" m="31264" /><V68/><F117/><T109/><D119/><U108/><E113/><V49/><F68/><T0/><D107/><U58/><E71/><V57/><F111/><T60/><D0/><U61/><E108/><V103/><F80/><T76/><D109/><U112/><E112/><V102/><F102/><T131/><D131/><N who="2" m="50250" /><F126/><T36/><D36/><U116/><E116/><V65/><F65/><T127/><D127/><U32/><E46/><V99/><F99/><T132/><D115/><U89/><E101/><V90/><F90/><T3/><D3/><U51/><E105/><V50/><AGARI ba="3,1" hai="49,50,52,54,56,57,98,103,106,134,135" m="50250,31264,31520" machi="50" ten="30,5900,0" yaku="19,1,52,2,54,1" doraHai="2" who="2" fromWho="2" sc="221,-23,540,-42,279,75,0,0" /><INIT seed="2,0,0,4,1,0" ten="198,498,354,0" oya="2" hai0="121,55,1,76,94,95,87,107,111,90,77,93,49" hai1="100,32,123,73,33,50,130,132,110,125,66,83,120" hai2="103,109,105,38,117,108,64,106,84,126,67,72,2" hai3=""/><V133/><F117/><T122/><N who="0" m="31008" /><T124/><N who="0" m="31264" /><T40/><D1/><U53/><N who="1" m="30752" /><U81/><N who="1" m="31520" /><U112/><E112/><V51/><F72/><T59/><D107/><U71/><E100/><V52/><F38/><T3/><D3/><U99/><E99/><V45/><F2/><T97/><D111/><N who="2" m="42570" /><F133/><T56/><D124/><U89/><E110/><V78/><F126/><T62/><D40/><U119/><E119/><V46/><F46/><T57/><D57/><U41/><E41/><V79/><F103/><T69/><D69/><U104/><E132/><V63/><F67/><T113/><D113/><U127/><E66/><V58/><F78/><N who="0" m="30314" /><D97/><U134/><E134/><V68/><F68/><T128/><D128/><U48/><E130/><V36/><F36/><T115/><D115/><U47/><E71/><V91/><F79/><T61/><D49/><U102/><E48/><V88/><F91/><T114/><D114/><U96/><E127/><V70/><F70/><T101/><D101/><U54/><E125/><V86/><F86/><T75/><D75/><U82/><E73/><V135/><F135/><T37/><D37/><U43/><E89/><V44/><F44/><T98/><D87/><U34/><AGARI ba="0,0" hai="32,33,34,43,47,50,53,54,81,82,83,96,102,104" m="31520,30752" machi="34" ten="40,9000,2" yaku="5,1,0,1,52,5" doraHai="0" who="1" fromWho="1" sc="198,-30,498,90,354,-60,0,0" /><INIT seed="4,0,0,1,3,121" ten="168,588,294,0" oya="0" hai0="72,117,71,103,87,79,34,3,73,78,106,48,54" hai1="127,40,76,83,100,130,35,114,61,82,125,91,94" hai2="66,59,58,55,64,38,50,112,135,134,45,108,90" hai3=""/><T118/><D34/><U102/><E35/><V132/><F90/><T75/><D71/><U129/><E61/><V44/><F112/><T47/><D3/><U33/><E40/><V111/><F38/><T104/><D87/><U0/><E114/><V2/><F2/><T57/><D57/><N who="2" m="21514" /><F44/><T126/><D126/><N who="1" m="48139" /><E33/><V32/><F32/><T69/><D69/><U49/><E49/><V37/><F37/><T133/><D133/><U39/><E39/><V70/><F70/><T123/><N who="0" m="31520" /><T68/><D68/><U81/><E76/><V119/><F119/><T116/><REACH who="0" step="1"/><D103/><REACH who="0" ten="158,588,294,0" step="2"/><N who="1" m="39467" /><E0/><V52/><F55/><T89/><D89/><U95/><E91/><V85/><F85/><T131/><D131/><AGARI ba="0,1" hai="81,82,83,94,95,129,130,131" m="39467,48139" machi="131" ten="40,12000,2" yaku="28,2,19,1,18,1,34,2" doraHai="121" who="1" fromWho="0" sc="158,-120,588,130,294,0,0,0" /><INIT seed="5,0,0,4,1,110" ten="38,718,294,0" oya="1" hai0="37,118,78,82,119,71,93,129,2,54,104,109,40" hai1="65,114,64,125,50,124,81,44,88,32,83,45,130" hai2="51,67,126,100,53,96,38,74,134,41,132,57,3" hai3=""/><U73/><E114/><V121/><N who="2" m="31008" /><V33/><F33/><T58/><D109/><U39/><E130/><V60/><F74/><T47/><D2/><U61/><E32/><V76/><F76/><T91/><D104/><U113/><E113/><V107/><F3/><T101/><D71/><U92/><E39/><V117/><F117/><T34/><D101/><U106/><E106/><V36/><F126/><T49/><D129/><U115/><E115/><V68/><F38/><T1/><D1/><U77/><E83/><V87/><F87/><T70/><D70/><U35/><E35/><V0/><F0/><T90/><D34/><U66/><E61/><V43/><F43/><T52/><D54/><U84/><REACH who="1" step="1"/><E45/><AGARI ba="0,0" hai="36,41,45,51,53,57,60,67,68,96,100,107,132,134" m="31008" machi="45" ten="40,5200,0" yaku="24,2,52,1" doraHai="110" who="2" fromWho="1" sc="38,0,718,-52,294,52,0,0" /><INIT seed="6,0,0,3,2,71" ten="38,666,346,0" oya="2" hai0="87,77,72,35,60,92,115,110,54,103,114,65,117" hai1="116,102,86,126,51,88,2,94,113,109,131,125,1" hai2="80,34,121,49,42,69,134,132,124,56,50,58,85" hai3=""/><V74/><N who="2" m="31008" /><V127/><F34/><T104/><D35/><U47/><E109/><V93/><F74/><T68/><D110/><U33/><E33/><V57/><F93/><T76/><D117/><U61/><E116/><V55/><F69/><T70/><D70/><U90/><E102/><V64/><F85/><T101/><D54/><U99/><E61/><V44/><F80/><T130/><D60/><U89/><E89/><V112/><F112/><T111/><D65/><U107/><E113/><V73/><F73/><T128/><D68/><U81/><E107/><V133/><F64/><T62/><D62/><U108/><E108/><V53/><F42/><T41/><D41/><U37/><E81/><V98/><F98/><T100/><D111/><U91/><E99/><V97/><F97/><T105/><D100/><U106/><E1/><V0/><F0/><T135/><D87/><U96/><E86/><V84/><F84/><T67/><D67/><U82/><E2/><V3/><F3/><T39/><D92/><U40/><E94/><V59/><F50/><T38/><REACH who="0" step="1"/><D135/><REACH who="0" ten="28,666,346,0" step="2"/><U43/><E43/><V66/><F66/><T119/><D119/><U32/><E40/><V129/><F55/><T46/><D46/><U75/><E47/><RYUUKYOKU ba="0,1" sc="28,20,666,-10,346,-10,0,0" hai0="38,39,72,76,77,101,103,104,105,114,115,128,130" owari="48,-55.0,666,61.0,336,-6.0,0,0.0" /></mjloggm>