<mjloggm ver="2.3"><GO type="185" lobby="0"/><UN n0="%E5%A4%A9%E3%83%B6%E7%80%AC%E5%A5%88%E6%9C%88" n1="%E5%85%A5%E5%B7%A3%E6%9F%9A%E5%AE%9F" n2="%E3%81%9D%E3%81%86%E3%81%A1%E3%82%87" n3="" dan="16,16,17,0" rate="2214.53,2190.27,2227.89,1500.00" sx="F,F,F,C"/><TAIKYOKU oya="0"/><INIT seed="0,0,0,0,0,128" ten="350,350,350,0" oya="0" hai0="71,36,102,52,88,101,122,113,56,69,77,63,93" hai1="74,78,68,119,99,33,96,84,112,50,53,106,82" hai2="108,81,134,97,125,110,80,48,66,95,89,124,130" hai3=""/><T86/><N who="0" m="31264" /><T41/><D113/><U43/><E119/><V116/><F66/><T38/><D77/><U126/><E126/><N who="2" m="48747" /><F130/><T132/><D132/><U76/><E33/><V67/><F67/><T1/><D1/><U62/><E43/><V55/><F116/><T32/><D32/><U39/><E39/><V114/><F114/><T45/><REACH who="0" step="1"/><D38/><REACH who="0" ten="340,350,350,0" step="2"/><U73/><E112/><V47/><F134/><T91/><D91/><U100/><E78/><V64/><F64/><T60/><D60/><U87/><E62/><V83/><AGARI ba="0,1" hai="47,48,55,80,81,83,89,95,97,108,110" m="48747" machi="83" ten="40,1100,0" yaku="18,1" doraHai="128" who="2" fromWho="2" sc="340,-7,350,-4,350,21,0,0" /><INIT seed="1,0,0,0,3,107" ten="333,346,371,0" oya="1" hai0="127,117,72,79,63,108,57,2,91,43,92,100,3" hai1="75,93,71,56,82,34,46,113,64,69,40,81,74" hai2="90,135,104,80,73,77,86,66,39,129,38,94,33" hai3=""/><U131/><E113/><V89/><F33/><T97/><D108/><U51/><E34/><V103/><F129/><T126/><D117/><U116/><E116/><V55/><F135/><T58/><D43/><U123/><N who="1" m="31520" /><U35/><E35/><V44/><F66/><T49/><D49/><U125/><E125/><N who="0" m="47625" /><D100/><U96/><E56/><N who="0" m="21609" /><D63/><U95/><E131/><V122/><N who="2" m="31264" /><V36/><F55/><T112/><D112/><U120/><N who="1" m="30752" /><U42/><E42/><V128/><F128/><T67/><D67/><U32/><E32/><V85/><F44/><T59/><N who="0" m="21617" /><T65/><DORA hai="109" /><D65/><U54/><E40/><V37/><F37/><T83/><AGARI ba="0,0" hai="2,3,72,79,83,91,92,97" m="21617,47625" machi="83" ten="40,2000,0" yaku="18,1,52,1" doraHai="107,109" who="0" fromWho="0" sc="333,20,346,-13,371,-7,0,0" /><INIT seed="2,0,0,2,3,87" ten="353,333,364,0" oya="2" hai0="67,64,103,91,126,88,121,95,46,59,112,85,32" hai1="84,65,80,86,71,39,101,51,33,111,114,42,37" hai2="119,98,61,129,117,38,76,96,34,110,44,78,109" hai3=""/><V53/><F34/><T131/><N who="0" m="31008" /><T69/><D32/><U127/><E114/><V52/><F61/><T2/><D2/><U50/><E33/><V107/><F44/><T83/><D112/><U89/><E111/><V93/><F93/><T135/><D69/><U49/><E127/><V36/><REACH who="2" step="1"/><F129/><REACH who="2" ten="353,333,354,0" step="2"/><T48/><D131/><U106/><E42/><V55/><F55/><T124/><D124/><U81/><E65/><V77/><F77/><T130/><D126/><U99/><REACH who="1" step="1"/><E71/><REACH who="1" ten="353,323,354,0" step="2"/><V43/><F43/><T113/><D67/><U100/><E100/><V62/><F62/><T56/><D103/><U116/><E116/><V118/><F118/><T79/><D64/><U1/><E1/><V104/><AGARI ba="0,2" hai="36,38,52,53,76,78,96,98,104,107,109,110,117,119" machi="104" ten="25,8000,1" yaku="1,1,0,1,22,2,54,1,53,0" doraHai="87" doraHaiUra="3" who="2" fromWho="2" sc="353,-40,323,-40,354,100,0,0" /><INIT seed="2,1,0,2,1,96" ten="313,283,454,0" oya="2" hai0="57,105,104,98,91,99,97,3,1,125,135,44,121" hai1="51,68,86,85,124,78,34,59,87,73,134,50,130" hai2="92,67,37,71,65,45,77,0,46,43,110,129,2" hai3=""/><V107/><F107/><T56/><N who="0" m="31008" /><T116/><D116/><U133/><E68/><V41/><F129/><T114/><D44/><U100/><E34/><V111/><F77/><T93/><D125/><U66/><E124/><V72/><F92/><T55/><D135/><U117/><E117/><V49/><F72/><T81/><D114/><U75/><E130/><V83/><F83/><T101/><D81/><U82/><E75/><V60/><REACH who="2" step="1"/><F65/><REACH who="2" ten="313,283,444,0" step="2"/><T48/><REACH who="0" step="1"/><D57/><REACH who="0" ten="303,283,444,0" step="2"/><U54/><E134/><V63/><F63/><T118/><D118/><U119/><E133/><V42/><F42/><T47/><D47/><U89/><E119/><V95/><F95/><T122/><N who="0" m="31264" /><T32/><D32/><U115/><E115/><V40/><F40/><T113/><D113/><U102/><E66/><V76/><F76/><T69/><D69/><U131/><E131/><V90/><F90/><T103/><AGARI ba="1,2" hai="1,3,48,55,56,91,93,97,98,99,101,103,104,105" m="31264,31008" machi="103" ten="30,9000,2" yaku="1,1,0,1,9,1,52,4,53,0" doraHai="96" doraHaiUra="70" who="0" fromWho="0" sc="303,112,283,-31,444,-61,0,0" /><INIT seed="4,0,0,0,1,133" ten="415,252,383,0" oya="0" hai0="104,109,51,57,112,59,48,96,123,127,113,43,98" hai1="108,125,61,135,52,77,93,85,100,79,63,102,46" hai2="122,53,73,82,97,55,50,69,103,134,33,121,119" hai3=""/><T2/><N who="0" m="31520" /><T75/><D75/><U106/><E108/><V124/><N who="2" m="31008" /><V111/><N who="2" m="31264" /><V49/><F69/><T94/><D2/><U47/><E135/><V89/><F111/><T42/><D109/><U126/><E85/><V88/><F33/><T84/><D84/><U129/><E129/><V95/><F119/><T118/><D104/><U35/><E93/><V65/><F65/><T81/><D94/><U130/><E130/><V64/><F64/><T56/><D56/><U58/><E58/><V34/><F34/><T37/><D37/><U72/><E35/><V114/><F134/><T86/><D86/><U87/><E87/><V0/><F0/><T117/><REACH who="0" step="1"/><D127/><REACH who="0" ten="405,252,383,0" step="2"/><U44/><E72/><V67/><F124/><N who="1" m="47721" /><E106/><V101/><F73/><T71/><D71/><U116/><E116/><V132/><F132/><T120/><N who="0" m="30752" /><T32/><D32/><U54/><E79/><V115/><F95/><T83/><AGARI ba="0,1" hai="42,43,48,51,57,59,81,83,96,98,112,113,117,118" m="30752,31520" machi="83" ten="25,16000,3" yaku="1,1,0,1,22,2,52,2,53,2" doraHai="133" doraHaiUra="78" who="0" fromWho="0" sc="405,170,252,-80,383,-80,0,0" /><INIT seed="4,1,0,3,0,77" ten="575,172,303,0" oya="0" hai0="76,106,111,85,127,71,58,53,64,62,110,93,104" hai1="52,34,43,32,98,116,69,42,39,125,121,40,94" hai2="97,67,61,100,102,68,47,92,95,60,109,123,79" hai3=""/><T78/><D127/><U46/><N who="1" m="31008" /><U74/><E116/><V73/><N who="2" m="31520" /><V84/><F109/><N who="0" m="41482" /><D93/><U86/><E74/><V55/><F73/><T118/><D118/><U124/><E69/><V128/><F128/><T107/><D85/><U0/><E0/><V33/><F33/><T108/><N who="0" m="41490" /><T48/><AGARI ba="1,0" hai="48,53,58,62,64,71,76,78,104,106,107" m="41490" machi="48" ten="50,3200,0" yaku="4,1,10,1" doraHai="77" who="0" fromWho="0" sc="575,34,172,-17,303,-17,0,0" /><INIT seed="4,2,0,4,2,106" ten="609,155,286,0" oya="0" hai0="91,131,113,67,58,59,63,64,128,49,125,0,60" hai1="117,83,44,81,115,88,45,98,89,50,96,84,93" hai2="61,38,71,70,87,94,54,1,76,68,95,134,2" hai3=""/><T116/><D0/><U123/><N who="1" m="31520" /><U85/><E117/><V69/><F38/><T100/><D100/><U90/><E115/><V99/><F134/><T56/><D91/><U77/><E50/><V3/><N who="2" m="17408" /><DORA hai="103" /><V135/><F135/><T126/><D116/><U92/><E44/><V53/><F61/><T110/><D113/><U122/><N who="1" m="31264" /><U72/><E45/><V57/><F57/><T62/><D110/><U46/><E46/><V37/><F37/><T32/><D32/><U105/><E105/><V109/><F109/><T124/><D49/><U47/><E47/><V55/><REACH who="2" step="1"/><F99/><AGARI ba="2,0" hai="72,77,81,83,84,85,88,89,90,92,93,96,98,99" m="31264,31520" machi="99" ten="30,24000,4" yaku="7,1,35,6,52,3,54,1" doraHai="106,103" who="1" fromWho="2" sc="609,0,155,244,286,-244,0,0" /><INIT seed="5,0,0,4,3,52" ten="609,399,42,0" oya="1" hai0="119,129,41,45,3,50,94,117,106,112,110,127,71" hai1="32,101,104,120,66,85,115,67,69,33,63,54,100" hai2="113,109,134,0,132,91,118,126,90,53,130,65,72" hai3=""/><U99/><N who="1" m="30752" /><U49/><E115/><V64/><F0/><T102/><D3/><U83/><E67/><V114/><F72/><T70/><D112/><N who="2" m="43114" /><F109/><T60/><D110/><U1/><E101/><V121/><N who="2" m="31008" /><V46/><F118/><N who="0" m="45066" /><D106/><U59/><REACH who="1" step="1"/><E1/><REACH who="1" ten="609,389,42,0" step="2"/><V40/><F64/><T92/><D102/><U73/><E73/><V107/><F65/><T38/><D71/><U2/><E2/><V116/><F116/><T84/><D70/><U35/><E35/><V98/><F132/><T128/><D128/><U95/><E95/><V36/><F134/><T103/><D94/><U34/><E34/><V93/><F130/><T123/><D92/><U57/><E57/><V81/><F107/><T133/><D129/><U122/><N who="1" m="31264" /><U76/><AGARI ba="0,1" hai="32,33,49,54,59,63,66,69,76,83,85,99,100,104" m="31264,30752" machi="76" ten="20,12000,2" yaku="1,1,4,1,0,1,7,1,52,3,53,0" doraHai="52" doraHaiUra="42" who="1" fromWho="1" sc="609,-60,389,130,42,-60,0,0" owari="549,50.0,519,12.0,-18,-62.0,0,0.0" /></mjloggm>