<mjloggm ver="2.3"><GO type="225" lobby="0"/><UN n0="%E3%82%B7%E3%83%B3%E3%83%95%E3%82%A9%E3%83%8B%E3%82%A2" n1="%E9%95%B7%E5%B3%B6%E3%83%B3%E3%82%AC%E3%83%B3" n2="%73%75%7A%75%72%61%6E%65" n3="%E3%81%B8%E3%82%80%E3%81%B8%E3%82%80%EF%BC%92%E5%8F%B7" dan="17,17,16,16" rate="2125.58,2148.57,2081.59,2132.62" sx="M,M,M,M"/><TAIKYOKU oya="0"/><INIT seed="0,0,0,0,2,34" ten="250,250,250,250" oya="0" hai0="62,108,37,120,101,114,51,49,99,113,18,5,46" hai1="53,29,107,61,47,129,131,106,85,109,54,69,0" hai2="94,33,24,127,58,35,128,32,3,132,11,98,9" hai3="105,81,55,6,10,73,67,1,42,59,83,63,4"/><T133/><D120/><U8/><E109/><V50/><F128/><N who="1" m="49225" /><E29/><V56/><F127/><W25/><G105/><N who="1" m="39946" /><E85/><V121/><F132/><W57/><G42/><T15/><D108/><U82/><E82/><V16/><F121/><W39/><G39/><T110/><D133/><U71/><E47/><V72/><F72/><W60/><G73/><T41/><D110/><U79/><E79/><V38/><F38/><W125/><G125/><T19/><D62/><U30/><E30/><V27/><F50/><W90/><G6/><T26/><D5/><N who="1" m="1063" /><E61/><V135/><F135/><W134/><G134/><T87/><D87/><U123/><E123/><V75/><F75/><W7/><G7/><T93/><D26/><U92/><E92/><V74/><F74/><W116/><G116/><T64/><D19/><U20/><E20/><V65/><F27/><W78/><G78/><T17/><D17/><U97/><E97/><V70/><F24/><W86/><G25/><T76/><D76/><U118/><E118/><V112/><F35/><W45/><G45/><T52/><D37/><U122/><E122/><V23/><F33/><W117/><G117/><T22/><D49/><U28/><E28/><V36/><F32/><W13/><G13/><T66/><REACH who="0" step="1"/><D41/><REACH who="0" ten="240,250,250,250" step="2"/><U80/><E80/><AGARI ba="0,1" hai="1,4,10,55,57,59,60,63,67,80,81,83,86,90" machi="80" ten="30,2000,0" yaku="7,1,52,1" doraHai="34" who="3" fromWho="1" sc="240,0,250,-20,250,0,250,30" /><INIT seed="1,0,0,3,0,97" ten="240,230,250,280" oya="1" hai0="56,7,5,11,25,73,92,44,0,133,66,35,77" hai1="65,99,108,59,29,112,91,3,6,130,111,119,42" hai2="14,61,68,124,15,13,10,103,98,54,39,132,79" hai3="84,118,90,95,105,129,128,106,16,125,41,30,134"/><U76/><E112/><V27/><F39/><W2/><G2/><T101/><D133/><U51/><E119/><V123/><F123/><W9/><G134/><T116/><D116/><U23/><E76/><V126/><F79/><W113/><G113/><T88/><D44/><N who="1" m="26007" /><E3/><V17/><F27/><W114/><G114/><T36/><D36/><U18/><E6/><V107/><F132/><W93/><G118/><T94/><D7/><U21/><E29/><V83/><F83/><W45/><G30/><T121/><D121/><U63/><E130/><N who="3" m="50282" /><G95/><T47/><D47/><U72/><E72/><V127/><REACH who="2" step="1"/><F54/><REACH who="2" ten="240,230,240,280" step="2"/><W96/><G125/><T117/><D25/><U87/><E108/><V12/><F12/><N who="3" m="7183" /><G96/><T104/><D0/><U69/><E111/><V62/><F62/><W22/><G22/><T48/><D117/><U70/><E99/><V71/><F71/><W55/><G55/><T49/><D35/><U46/><E23/><V28/><F28/><W67/><G67/><AGARI ba="0,1" hai="10,13,14,15,17,61,67,68,98,103,107,124,126,127" machi="67" ten="40,5200,0" yaku="1,1,18,1,52,1,53,0" doraHai="97" doraHaiUra="26" who="2" fromWho="3" sc="240,0,230,0,240,62,280,-52" /><INIT seed="2,0,0,5,1,99" ten="240,230,302,228" oya="2" hai0="121,94,37,98,4,92,65,22,39,62,41,78,36" hai1="43,28,81,51,96,60,105,48,13,64,75,1,100" hai2="24,52,108,71,16,132,123,68,12,34,84,87,104" hai3="112,32,118,67,70,114,97,82,3,61,46,47,63"/><V93/><F123/><W17/><G32/><T14/><D121/><U91/><E1/><V73/><F73/><W113/><G3/><T133/><D133/><U72/><E28/><V127/><F104/><W135/><G135/><T85/><D41/><U58/><E13/><V134/><F127/><W5/><G5/><T18/><D4/><U86/><REACH who="1" step="1"/><E51/><REACH who="1" ten="240,220,302,228" step="2"/><V45/><F12/><W31/><G31/><T44/><D14/><U2/><E2/><V76/><F134/><W50/><G118/><T74/><D37/><U55/><E55/><V53/><F52/><W115/><G115/><T57/><D39/><U116/><E116/><V69/><F53/><W33/><G33/><T6/><D36/><U102/><E102/><V89/><F132/><W88/><G17/><T126/><D18/><U109/><E109/><V19/><F108/><W42/><G61/><T21/><D62/><U124/><E124/><V54/><F54/><W15/><G15/><T130/><D126/><U117/><E117/><V35/><F35/><W40/><G47/><AGARI ba="0,1" hai="43,47,48,58,60,64,72,75,81,86,91,96,100,105" machi="47" ten="40,5200,0" yaku="1,1,52,1,53,1" doraHai="99" doraHaiUra="83" who="1" fromWho="3" sc="240,0,220,62,302,0,228,-52" /><INIT seed="3,0,0,4,4,52" ten="240,282,302,176" oya="3" hai0="131,104,66,50,43,84,101,33,83,28,98,7,102" hai1="105,30,75,127,130,0,59,37,11,34,22,65,87" hai2="21,49,86,110,79,81,124,3,54,96,61,9,74" hai3="132,45,116,89,25,97,133,35,64,126,123,44,73"/><W1/><G116/><T56/><D131/><U16/><E75/><V115/><F115/><W119/><G123/><T53/><D7/><U111/><E37/><V68/><F110/><W29/><G119/><T85/><D101/><U128/><E105/><V72/><F21/><W90/><G126/><T19/><D43/><U58/><E111/><V23/><F23/><W27/><G73/><T122/><D122/><U6/><E127/><V32/><F32/><W20/><G1/><T117/><D19/><U55/><E65/><V118/><F118/><W40/><G64/><T113/><D117/><U39/><E39/><V12/><F3/><W48/><G45/><T103/><D103/><U41/><E41/><V36/><F36/><W14/><G14/><T46/><D113/><U135/><E135/><V99/><F72/><W129/><G129/><N who="1" m="49770" /><E55/><V109/><F74/><W82/><G82/><T2/><D2/><U120/><E120/><V125/><F109/><W100/><G132/><T24/><D83/><U47/><E47/><N who="2" m="27967" /><F125/><W8/><G8/><T112/><D112/><U92/><E34/><V106/><F106/><W4/><G4/><T88/><D66/><U91/><E30/><V18/><F124/><W60/><G60/><T62/><D62/><U13/><AGARI ba="0,0" hai="0,6,11,13,16,22,58,59,87,91,92" m="49770" machi="13" ten="30,7900,0" yaku="19,1,52,2,54,1" doraHai="52" who="1" fromWho="1" sc="240,-20,282,79,302,-20,176,-39" owari="220,-18.0,361,46.0,282,8.0,137,-36.0" /></mjloggm>