<mjloggm ver="2.3"><GO type="169" lobby="0"/><UN n0="%6B%72%62" n1="%74%61%6E%61%4B%61" n2="%E3%83%9E%E3%83%BC%E3%83%9C%E3%82%A6" n3="%6C%67%64%47%6F%64%76" dan="16,17,17,16" rate="2119.37,2141.88,2209.62,2098.96" sx="F,M,M,M"/><TAIKYOKU oya="0"/><INIT seed="0,0,0,4,3,48" ten="250,250,250,250" oya="0" hai0="27,92,64,80,107,38,66,97,29,71,95,87,110" hai1="17,105,36,20,118,119,51,26,18,74,13,101,54" hai2="44,43,106,126,30,35,37,112,75,83,62,0,90" hai3="99,23,15,47,115,65,129,59,11,57,61,85,46"/><T34/><D38/><U6/><E36/><V33/><F112/><W16/><G115/><T73/><D73/><U56/><E74/><V63/><F106/><W40/><G129/><T111/><D107/><U121/><E121/><V89/><F126/><W94/><G85/><T55/><D55/><U50/><E6/><V132/><F132/><W84/><G84/><T131/><D131/><U70/><E70/><V7/><F89/><W67/><G40/><T81/><D81/><U125/><E125/><V77/><F90/><W96/><G96/><T102/><D95/><U122/><E122/><V4/><F4/><W113/><G113/><T19/><D71/><U2/><E2/><V5/><F5/><W69/><G69/><T3/><D19/><U32/><E50/><V135/><F135/><W82/><G11/><T103/><D103/><U58/><E58/><V49/><F49/><W124/><G82/><T108/><REACH who="0" step="1"/><D3/><REACH who="0" ten="240,250,250,250" step="2"/><U114/><E101/><V12/><F0/><W22/><G124/><T76/><AGARI ba="0,1" hai="27,29,34,64,66,76,80,87,92,97,102,108,110,111" machi="76" ten="30,12000,1" yaku="1,1,2,1,0,1,14,1,10,1,53,0" doraHai="48" doraHaiUra="100" who="0" fromWho="0" sc="240,130,250,-40,250,-40,250,-40" /><INIT seed="0,1,0,0,1,126" ten="370,210,210,210" oya="0" hai0="65,10,53,40,31,56,45,47,120,81,130,14,98" hai1="22,93,90,18,57,32,3,119,61,107,92,80,89" hai2="41,85,76,50,132,94,105,88,60,58,63,117,71" hai3="30,46,27,97,13,21,8,134,54,36,0,118,33"/><T106/><D120/><U86/><E32/><V104/><F132/><W133/><G118/><T124/><D124/><U2/><E107/><V15/><F117/><W87/><G97/><T112/><D112/><U44/><E44/><V82/><F71/><W115/><G115/><T83/><D31/><U37/><E37/><V77/><F77/><W4/><G87/><T129/><D65/><U69/><E69/><V73/><F15/><W91/><G91/><T62/><D98/><U19/><E119/><V34/><F34/><W102/><G102/><T42/><D106/><U7/><E80/><V5/><F5/><W84/><G84/><T128/><D45/><U35/><E35/><V6/><F6/><W78/><G78/><T67/><D67/><U68/><E68/><V51/><F105/><W135/><G54/><T28/><D28/><U38/><E7/><V1/><F1/><W125/><G125/><T74/><D74/><U29/><E38/><V113/><F104/><W79/><G79/><T23/><D23/><U12/><E19/><V11/><F11/><W49/><G36/><N who="0" m="21895" /><D42/><U72/><E29/><V131/><F113/><W25/><G46/><T70/><D70/><U26/><E12/><V16/><F41/><W100/><G133/><T24/><D24/><U111/><E72/><V17/><F73/><W103/><G135/><T20/><D20/><U9/><E22/><V127/><F127/><W66/><G134/><T64/><D64/><U101/><E26/><V48/><F85/><W123/><G25/><T116/><D116/><U59/><E86/><V95/><F58/><RYUUKYOKU ba="1,0" sc="370,30,210,-10,210,-10,210,-10" hai0="10,14,53,56,62,81,83,128,129,130" /><INIT seed="0,2,0,1,1,41" ten="400,200,200,200" oya="0" hai0="8,48,0,112,133,102,97,120,130,66,1,118,107" hai1="121,84,125,43,32,71,30,79,74,110,113,124,17" hai2="115,103,134,132,22,29,27,25,123,18,20,38,122" hai3="67,70,58,95,83,109,114,73,92,78,59,50,26"/><T56/><D120/><N who="2" m="46122" /><F103/><W86/><G114/><T135/><D118/><U4/><E121/><V93/><F93/><W76/><G109/><T99/><D112/><U63/><E110/><V39/><F39/><W69/><G69/><T42/><D130/><U131/><E84/><V7/><F38/><W81/><G70/><T9/><D0/><U55/><E131/><V64/><F64/><W61/><G26/><T126/><D1/><U111/><E111/><V94/><F94/><W100/><G100/><T21/><D21/><U119/><E119/><V129/><F129/><W16/><G16/><T5/><D5/><U127/><E113/><V98/><F98/><W68/><G68/><T36/><D126/><U40/><E55/><V46/><F115/><W101/><G101/><T33/><D33/><U10/><E79/><V75/><F75/><W49/><G49/><T28/><D28/><U52/><E74/><V116/><F116/><W19/><G19/><T128/><D128/><U106/><E106/><V91/><F91/><W14/><G14/><T3/><D3/><N who="1" m="287" /><E17/><V117/><F117/><W35/><G73/><T11/><D99/><U47/><E71/><V34/><F7/><W87/><G35/><T80/><D80/><U90/><E90/><V104/><F104/><W13/><G13/><T15/><D15/><U96/><E96/><V45/><F34/><W89/><G89/><T62/><D36/><U53/><E63/><V72/><F72/><W57/><G57/><T105/><D105/><U31/><E32/><V77/><F77/><W54/><AGARI ba="2,0" hai="50,54,58,59,61,67,76,78,81,83,86,87,92,95" machi="54" ten="30,4000,0" yaku="0,1,9,1,8,1" doraHai="41" who="3" fromWho="3" sc="400,-22,200,-12,200,-12,200,46" /><INIT seed="1,0,0,1,1,38" ten="378,188,188,246" oya="1" hai0="107,126,56,116,16,121,71,89,29,99,15,114,91" hai1="87,51,41,50,13,1,134,64,59,47,57,21,48" hai2="86,98,82,34,68,127,3,49,100,95,129,43,105" hai3="12,110,31,45,62,122,131,35,40,84,117,54,67"/><U81/><E1/><V37/><F37/><W61/><G122/><T60/><D116/><U24/><E134/><V111/><F68/><W113/><G113/><T104/><D114/><U72/><E72/><V2/><F34/><W106/><G110/><T0/><D0/><U130/><E130/><V14/><F111/><W70/><G131/><T32/><D71/><U44/><E13/><V18/><F127/><W25/><G117/><T77/><D126/><U8/><E8/><V93/><F105/><W102/><G84/><T80/><D29/><U55/><E50/><V88/><F95/><W115/><G12/><T133/><D32/><U9/><E9/><V94/><F94/><W109/><G109/><T101/><D107/><U65/><E65/><V5/><F5/><W36/><G115/><T19/><D19/><U97/><E64/><V123/><F123/><W90/><G90/><T53/><D133/><U30/><REACH who="1" step="1"/><E97/><REACH who="1" ten="378,178,188,246" step="2"/><V75/><F75/><W22/><G67/><T108/><D121/><U79/><AGARI ba="0,1" hai="21,24,30,41,44,47,48,51,55,57,59,79,81,87" machi="79" ten="20,18000,2" yaku="1,1,2,1,0,1,7,1,8,1,52,1,53,0" doraHai="38" doraHaiUra="125" who="1" fromWho="1" sc="378,-60,178,190,188,-60,246,-60" /><INIT seed="1,1,0,5,3,36" ten="318,368,128,186" oya="1" hai0="54,89,88,104,68,122,116,73,107,37,12,53,18" hai1="127,65,87,98,133,34,8,132,44,119,7,111,57" hai2="13,124,62,85,56,26,31,109,46,66,3,49,48" hai3="128,22,32,86,103,130,106,108,25,5,112,110,91"/><U92/><E34/><V101/><F3/><W99/><G32/><T75/><D116/><U60/><E119/><V72/><F72/><W35/><G5/><T20/><D37/><U77/><E127/><V70/><F109/><N who="3" m="42091" /><G35/><T115/><D115/><U16/><E111/><V90/><F124/><W1/><G1/><T93/><D68/><U42/><E77/><V71/><F13/><W30/><G112/><T69/><D69/><U129/><E87/><V118/><F101/><W94/><AGARI ba="1,0" hai="22,25,30,86,91,94,99,103,106,128,130" m="42091" machi="94" ten="30,1100,0" yaku="14,1" doraHai="36" who="3" fromWho="3" sc="318,-4,368,-6,128,-4,186,14" /><INIT seed="2,0,0,3,1,64" ten="314,362,124,200" oya="2" hai0="82,120,89,102,72,58,86,24,35,71,113,85,53" hai1="37,21,31,111,106,81,42,40,34,63,98,14,87" hai2="112,84,105,134,74,46,47,80,17,48,7,33,12" hai3="9,127,49,108,50,97,131,60,110,18,96,27,117"/><V126/><F112/><W8/><G117/><T73/><D113/><U0/><E0/><V114/><F114/><W99/><G131/><T70/><D120/><U75/><E75/><V93/><F105/><W57/><G127/><T19/><D102/><U41/><E111/><N who="3" m="42538" /><G27/><T28/><D19/><U55/><E34/><V38/><F33/><W62/><G18/><T88/><D72/><U26/><E14/><V123/><F123/><W25/><G25/><T29/><D29/><U22/><E22/><V3/><F126/><W67/><G62/><T6/><D6/><U104/><E37/><V36/><F74/><W15/><G15/><T10/><D10/><AGARI ba="0,0" hai="8,9,10,49,50,57,60,67,96,97,99" m="42538" machi="10" ten="30,1000,0" yaku="14,1" doraHai="64" who="3" fromWho="0" sc="314,-10,362,0,124,0,200,10" /><INIT seed="3,0,0,3,3,79" ten="304,362,124,210" oya="3" hai0="45,103,27,9,38,84,122,95,97,96,80,106,48" hai1="76,4,105,13,132,87,34,100,74,65,128,21,17" hai2="3,40,31,19,98,42,109,53,58,37,63,20,115" hai3="134,66,121,71,130,86,0,25,16,125,72,43,116"/><W32/><RYUUKYOKU type="yao9" ba="0,0" sc="304,0,362,0,124,0,210,0" hai3="0,16,25,32,43,66,71,72,86,116,121,125,130,134" /><INIT seed="3,1,0,4,3,88" ten="304,362,124,210" oya="3" hai0="44,33,13,121,28,100,65,104,102,122,105,81,77" hai1="53,98,26,75,74,114,12,110,111,70,76,7,101" hai2="71,95,25,0,103,73,69,93,14,66,118,31,58" hai3="4,108,57,83,107,96,112,62,72,91,27,61,106"/><W113/><G62/><T42/><D65/><U29/><E70/><V119/><F0/><W131/><G4/><T117/><D117/><U84/><E114/><V97/><F73/><W52/><G131/><T64/><D64/><U68/><E68/><V133/><F14/><W78/><G108/><N who="1" m="41514" /><E53/><V5/><F5/><W22/><G107/><T80/><D13/><U132/><E132/><V63/><F133/><W125/><G125/><T6/><D6/><U20/><E84/><V120/><F120/><W2/><G2/><T43/><D44/><U128/><E76/><V32/><F69/><W127/><G127/><T36/><D28/><U126/><E128/><V46/><F46/><W79/><G79/><T39/><D77/><U49/><E49/><V40/><F40/><W60/><G60/><T134/><D33/><U3/><E3/><V23/><F71/><W37/><G37/><T123/><D123/><U115/><E115/><V35/><F95/><N who="3" m="56447" /><G106/><T130/><D130/><U94/><E126/><V50/><REACH who="2" step="1"/><F50/><REACH who="2" ten="304,362,114,210" step="2"/><W67/><G67/><T135/><AGARI ba="1,1" hai="36,39,42,43,80,81,100,102,104,105,121,122,134,135" machi="135" ten="25,3200,0" yaku="0,1,22,2" doraHai="88" who="0" fromWho="0" sc="304,45,362,-9,114,-9,210,-17" /><INIT seed="4,0,0,3,4,11" ten="349,353,105,193" oya="0" hai0="90,102,28,53,111,24,115,67,127,97,23,35,75" hai1="131,105,83,44,6,95,72,86,55,126,61,98,84" hai2="48,26,104,19,77,12,81,20,66,79,36,60,128" hai3="64,135,13,18,22,49,94,30,39,85,92,63,47"/><T82/><D115/><U113/><E126/><V76/><F128/><W112/><G39/><T56/><D127/><U31/><E131/><V50/><F104/><W124/><G112/><T99/><D111/><U80/><E105/><V133/><F133/><W132/><G124/><T40/><D40/><U37/><E31/><V65/><F36/><W2/><G2/><T87/><D67/><U109/><E109/><V110/><F110/><W0/><G0/><T89/><D75/><U122/><E122/><V134/><F134/><N who="3" m="51243" /><G85/><T108/><D108/><U73/><E37/><V101/><F101/><W4/><G4/><T123/><D123/><U120/><E6/><V51/><F81/><W114/><G30/><T15/><D90/><U125/><E125/><V3/><F3/><W117/><G117/><T100/><D100/><U45/><E120/><V71/><REACH who="2" step="1"/><F66/><REACH who="2" ten="349,353,95,193" step="2"/><W29/><G114/><T21/><D102/><U69/><E80/><V8/><F8/><W16/><G29/><T96/><D35/><U57/><E83/><V74/><F74/><W14/><G64/><T32/><D32/><U118/><E73/><V25/><AGARI ba="0,1" hai="12,19,20,25,26,48,50,51,60,65,71,76,77,79" machi="25" ten="40,8000,1" yaku="1,1,0,1,52,1,53,1" doraHai="11" doraHaiUra="10" who="2" fromWho="2" sc="349,-40,353,-20,95,90,193,-20" /><INIT seed="5,0,0,0,0,127" ten="309,333,185,173" oya="1" hai0="105,49,15,13,67,69,94,3,132,107,106,109,130" hai1="64,84,27,19,29,55,18,108,126,100,134,98,39" hai2="17,11,133,99,1,96,35,16,37,113,121,77,7" hai3="89,30,124,52,44,65,80,38,0,111,122,22,51"/><U61/><E39/><V56/><F121/><W123/><G111/><T102/><D109/><U32/><E108/><V20/><F37/><W90/><G124/><T129/><D3/><U117/><E117/><V66/><F35/><W48/><G38/><T82/><D132/><U112/><E112/><V114/><F77/><W63/><G0/><T28/><D28/><U116/><E116/><V74/><F74/><W83/><G51/><T104/><D82/><U53/><E134/><V72/><F72/><W36/><G36/><T120/><D120/><U70/><E84/><V125/><F125/><W91/><G123/><T42/><D69/><U79/><E79/><V92/><F17/><W81/><G122/><T10/><D67/><U2/><E2/><V73/><F73/><W12/><G12/><T86/><D107/><N who="1" m="63895" /><E126/><V131/><F133/><W128/><G128/><N who="0" m="49259" /><D10/><U41/><E41/><V78/><F131/><W76/><G76/><T24/><D24/><U8/><E8/><V60/><F78/><W97/><G30/><T34/><D34/><U50/><E53/><V118/><F118/><W85/><G22/><T87/><D87/><U47/><AGARI ba="0,0" hai="18,19,27,29,32,47,50,55,61,64,70" m="63895" machi="47" ten="30,1500,0" yaku="25,1" doraHai="127" who="1" fromWho="1" sc="309,-5,333,15,185,-5,173,-5" /><INIT seed="5,1,0,1,4,61" ten="304,348,180,168" oya="1" hai0="93,71,102,22,95,20,101,1,56,6,18,88,99" hai1="109,42,13,24,34,55,81,44,96,120,126,32,66" hai2="118,37,74,23,110,68,107,9,111,54,10,76,117" hai3="116,0,29,97,112,51,72,12,43,131,98,113,70"/><U35/><E120/><V84/><F37/><W89/><G0/><T36/><D36/><U73/><E126/><V69/><F74/><W45/><G131/><T119/><D119/><U26/><E55/><V77/><F84/><W114/><G72/><T3/><D71/><U27/><E13/><V48/><F54/><W104/><G116/><T78/><D78/><U47/><E73/><V108/><F23/><W90/><G29/><T133/><D133/><U33/><E33/><V15/><F110/><W85/><G70/><T5/><D56/><U123/><E123/><V125/><F15/><W122/><G122/><T63/><D63/><U67/><E81/><V2/><F48/><W75/><G75/><T49/><D49/><U21/><E21/><V25/><F107/><W41/><G41/><T128/><D99/><N who="3" m="37897" /><G104/><T30/><D30/><U19/><E19/><V7/><F2/><W86/><G12/><T39/><D39/><U82/><E96/><V8/><F7/><W121/><G121/><T57/><D57/><U132/><E82/><V124/><REACH who="2" step="1"/><F8/><REACH who="2" ten="304,348,170,168" step="2"/><W87/><AGARI ba="1,1" hai="43,45,51,85,86,87,89,90,112,113,114" m="37897" machi="87" ten="40,1500,0" yaku="15,1" doraHai="61" who="3" fromWho="3" sc="304,-5,348,-8,170,-5,168,28" /><INIT seed="6,0,0,5,5,113" ten="299,340,165,196" oya="2" hai0="89,68,7,96,11,122,39,29,109,20,84,57,23" hai1="8,58,119,33,81,5,94,125,133,67,69,59,82" hai2="25,15,60,16,90,34,107,103,80,45,123,128,72" hai3="132,22,9,130,99,3,1,108,31,44,14,102,40"/><V124/><F123/><W54/><G108/><T114/><D122/><U112/><E112/><V105/><F124/><W110/><G110/><T87/><D114/><U47/><E33/><V6/><F128/><W53/><G132/><T32/><D68/><U12/><E119/><V85/><F6/><W63/><G130/><T0/><D39/><U92/><E69/><V73/><F45/><W27/><G63/><T70/><D70/><U10/><E67/><V134/><F134/><W111/><G111/><T21/><D109/><U49/><E125/><V62/><F62/><W74/><G74/><T28/><D57/><U75/><E75/><V37/><F37/><W13/><G3/><T52/><D52/><U46/><E12/><V127/><F127/><W48/><G1/><T61/><D61/><U51/><E5/><V18/><F60/><W19/><REACH who="3" step="1"/><G14/><REACH who="3" ten="299,340,165,186" step="2"/><T77/><D0/><U65/><E65/><V117/><F72/><W41/><G41/><T71/><D71/><U126/><E126/><V64/><F73/><W24/><G24/><T50/><D50/><U97/><E133/><V86/><F64/><W101/><G101/><T78/><D28/><U4/><E51/><V2/><F2/><W56/><G56/><T55/><D29/><U36/><E49/><V95/><F103/><W66/><G66/><T116/><D55/><U120/><E58/><V121/><F121/><W100/><G100/><T30/><D30/><U17/><E120/><V38/><F38/><W26/><G26/><T106/><D7/><U115/><E36/><V118/><F15/><W79/><G79/><RYUUKYOKU ba="0,1" sc="299,-10,340,-10,165,-10,186,30" hai3="9,13,19,22,27,31,40,44,48,53,54,99,102" /><INIT seed="7,1,1,3,1,29" ten="289,330,155,216" oya="3" hai0="27,83,46,132,102,74,133,124,39,105,104,85,65" hai1="96,111,50,44,34,110,94,23,61,131,45,87,70" hai2="37,14,8,73,86,98,15,115,40,62,129,82,28" hai3="56,47,135,9,114,58,1,51,80,77,13,128,127"/><W5/><G114/><T79/><D65/><U113/><E44/><V90/><F115/><W122/><G122/><T30/><D124/><U103/><E34/><V31/><F129/><W101/><G127/><T38/><D85/><U26/><E131/><V76/><F40/><W92/><G135/><N who="0" m="51787" /><D46/><U41/><E113/><V35/><F37/><N who="0" m="13834" /><D102/><U117/><E87/><V78/><F78/><W89/><G1/><T12/><D12/><U130/><E117/><V42/><F42/><N who="3" m="25079" /><G101/><T52/><D52/><U91/><E103/><V95/><F62/><W68/><G68/><T107/><D107/><U64/><E130/><V118/><F118/><W43/><G43/><T21/><AGARI ba="1,1" hai="21,27,30,74,79,83,104,105" m="13834,51787" machi="21" ten="30,1100,0" yaku="20,1" doraHai="29" who="0" fromWho="0" sc="289,24,330,-4,155,-4,216,-6" owari="313,11.0,326,43.0,151,-35.0,210,-19.0" /></mjloggm>