<mjloggm ver="2.3"><GO type="185" lobby="0"/><UN n0="%E3%82%84%E3%81%B6%E3%81%84%E3%81%97%E3%82%83" n1="%61%6E%64%6F%35%35" n2="%4B%6F%4B%4B%4F" n3="" dan="17,16,16,0" rate="2209.89,2212.96,2204.50,1500.00" sx="M,M,M,C"/><TAIKYOKU oya="0"/><INIT seed="0,0,0,1,3,43" ten="350,350,350,0" oya="0" hai0="2,81,47,75,134,107,115,3,88,123,57,54,101" hai1="106,79,66,70,118,80,46,103,87,64,108,100,52" hai2="102,92,98,34,63,62,121,117,94,65,110,112,69" hai3=""/><T91/><N who="0" m="31520" /><T78/><D115/><U119/><E108/><V0/><N who="2" m="31008" /><V67/><F110/><T124/><D134/><U59/><E70/><V40/><F117/><T56/><D124/><U135/><E135/><V96/><F112/><T125/><D125/><U71/><E71/><V37/><F34/><T32/><D32/><U83/><E118/><V76/><F76/><T42/><D101/><U68/><E68/><V116/><F116/><T36/><D107/><U55/><E119/><V38/><F0/><T111/><D111/><U41/><E55/><V130/><F130/><T1/><REACH who="0" step="1"/><D57/><REACH who="0" ten="340,350,350,0" step="2"/><U85/><E106/><V35/><F35/><T109/><D109/><U61/><E103/><V131/><F69/><T44/><D44/><U86/><E100/><V39/><F102/><T50/><AGARI ba="0,1" hai="1,2,3,36,42,47,50,54,56,75,78,81,88,91" m="31520" machi="50" ten="30,8000,1" yaku="1,1,0,1,52,2,54,1,53,0" doraHai="43" doraHaiUra="132" who="0" fromWho="0" sc="340,90,350,-40,350,-40,0,0" /><INIT seed="0,1,0,0,1,40" ten="430,310,310,0" oya="0" hai0="85,110,104,135,108,88,94,115,105,74,129,98,111" hai1="107,91,67,69,127,56,122,121,36,99,78,101,92" hai2="96,52,118,1,86,133,112,72,44,97,82,109,61" hai3=""/><T50/><D50/><U33/><N who="1" m="31008" /><U53/><N who="1" m="31264" /><U124/><E33/><V55/><F72/><T134/><D115/><U65/><E36/><V113/><F1/><T103/><D129/><U68/><E78/><V125/><F109/><T37/><D37/><U106/><E65/><V58/><F133/><N who="0" m="50698" /><D74/><U89/><E89/><V119/><F125/><N who="1" m="48201" /><E67/><V128/><F128/><T60/><D60/><U57/><E57/><V76/><F113/><T116/><D116/><N who="2" m="44586" /><F112/><T39/><D39/><U49/><E106/><AGARI ba="1,0" hai="85,88,94,98,103,104,105,106,108,110,111" m="50698" machi="106" ten="40,18000,2" yaku="14,1,10,1,20,1,34,2,54,1" doraHai="40" who="0" fromWho="1" sc="430,182,310,-182,310,0,0,0" /><INIT seed="0,2,0,2,1,131" ten="612,128,310,0" oya="0" hai0="68,100,106,66,64,121,65,50,103,51,92,61,120" hai1="55,39,81,88,89,63,80,75,113,114,125,46,108" hai2="123,62,47,82,42,84,60,93,57,97,91,3,67" hai3=""/><T122/><N who="0" m="30752" /><T79/><N who="0" m="31008" /><T72/><N who="0" m="31264" /><T71/><D106/><U129/><E129/><V0/><N who="2" m="31520" /><V77/><REACH who="2" step="1"/><F62/><REACH who="2" ten="612,128,300,0" step="2"/><T33/><D61/><U70/><E63/><V132/><F132/><T69/><D33/><U48/><E113/><V86/><F86/><T34/><D34/><U104/><E114/><V53/><F53/><T83/><REACH who="0" step="1"/><D92/><REACH who="0" ten="602,128,300,0" step="2"/><U115/><E115/><V102/><F102/><AGARI ba="2,2" hai="50,51,64,65,66,68,69,71,72,79,83,100,102,103" m="31264,31008,30752" machi="102" ten="50,12000,1" yaku="1,1,2,1,52,3,53,0" doraHai="131" doraHaiUra="56" who="0" fromWho="2" sc="602,144,128,0,300,-124,0,0" /><INIT seed="0,3,0,4,5,118" ten="746,128,176,0" oya="0" hai0="95,36,131,51,128,50,40,66,94,113,97,54,96" hai1="123,33,105,102,60,130,53,63,32,111,99,103,127" hai2="100,58,52,72,117,134,93,64,59,109,107,49,44" hai3=""/><T79/><D113/><U121/><N who="1" m="31008" /><U45/><N who="1" m="31520" /><U83/><E111/><V110/><F72/><T132/><D132/><U76/><E127/><V71/><F117/><T108/><D108/><N who="2" m="41578" /><F107/><T68/><D79/><U37/><E103/><V89/><F100/><T35/><D36/><U57/><E130/><V39/><F134/><T78/><D78/><U135/><E135/><V77/><F77/><T34/><D40/><U84/><REACH who="1" step="1"/><E63/><REACH who="1" ten="746,118,176,0" step="2"/><V126/><F126/><T87/><D128/><U122/><N who="1" m="31264" /><U43/><AGARI ba="3,1" hai="32,33,37,43,45,53,57,60,76,83,84,99,102,105" m="31264,31520,31008" machi="43" ten="30,12000,3" yaku="1,1,4,1,0,1,52,6,53,0" doraHai="118" doraHaiUra="46" who="1" fromWho="1" sc="746,-83,118,136,176,-43,0,0" /><INIT seed="1,0,0,3,3,1" ten="663,254,133,0" oya="1" hai0="76,101,133,106,41,2,72,132,56,49,42,124,120" hai1="114,71,100,69,118,84,54,59,51,81,55,130,61" hai2="65,66,77,131,78,134,122,92,107,47,40,105,60" hai3=""/><U38/><E114/><V39/><N who="2" m="31264" /><V43/><F131/><T50/><N who="0" m="30752" /><T93/><D2/><U3/><E118/><V35/><F134/><T135/><D106/><U110/><E3/><V125/><F35/><T99/><D124/><U115/><E115/><V70/><F125/><T52/><D50/><U97/><E130/><V129/><F129/><T32/><D32/><U103/><E38/><V63/><F40/><N who="0" m="15466" /><D76/><U127/><E110/><V74/><F92/><T45/><D45/><U83/><E83/><V108/><F108/><T75/><AGARI ba="0,0" hai="49,52,56,72,75,93,99,101,132,133,135" m="15466,30752" machi="75" ten="40,3900,0" yaku="20,1,52,1,54,1" doraHai="1" who="0" fromWho="0" sc="663,39,254,-26,133,-13,0,0" /><INIT seed="2,0,0,1,3,117" ten="702,228,120,0" oya="2" hai0="85,80,55,107,125,45,35,36,2,123,60,67,41" hai1="129,74,97,122,73,111,130,119,79,112,131,0,94" hai2="105,104,38,75,52,64,44,90,77,32,83,93,58" hai3=""/><V124/><F32/><T3/><N who="0" m="31520" /><T134/><D107/><U72/><N who="1" m="31264" /><U109/><E0/><V70/><F124/><T54/><D35/><U65/><E65/><V120/><N who="2" m="30752" /><V110/><F110/><N who="1" m="41993" /><E112/><V39/><F64/><T103/><D103/><U78/><E119/><V51/><F70/><T46/><D134/><U49/><E49/><V114/><F114/><T108/><D108/><U69/><E69/><V42/><REACH who="2" step="1"/><F38/><REACH who="2" ten="702,228,110,0" step="2"/><T33/><D125/><U101/><AGARI ba="0,1" hai="72,73,74,78,79,94,97,101,129,130,131" m="41993,31264" machi="101" ten="50,9000,2" yaku="19,1,14,1,34,2,52,2" doraHai="117" who="1" fromWho="1" sc="702,-30,228,100,110,-60,0,0" /><INIT seed="4,0,0,4,1,48" ten="672,328,50,0" oya="0" hai0="76,127,105,95,36,77,89,121,79,42,64,87,112" hai1="101,37,66,108,35,126,103,60,71,88,129,3,72" hai2="83,90,118,132,39,119,96,135,92,69,45,124,84" hai3=""/><T78/><N who="0" m="31008" /><T100/><D36/><U86/><E3/><V51/><F69/><T102/><D42/><U114/><E35/><V106/><F39/><T131/><D64/><U133/><E72/><V125/><F106/><T70/><D70/><U109/><E37/><V1/><F51/><T113/><D127/><N who="2" m="48714" /><F45/><T41/><D41/><U44/><E126/><V67/><F67/><T49/><D49/><U111/><E133/><N who="2" m="51275" /><F1/><T82/><D105/><U50/><E50/><V34/><F34/><T120/><N who="0" m="30752" /><T68/><D68/><U57/><E44/><V62/><F62/><T81/><D81/><U56/><E71/><V93/><F93/><T85/><D112/><U61/><E66/><V55/><F55/><T0/><D113/><U98/><E114/><V115/><F115/><T128/><D0/><U46/><E46/><V97/><F97/><T107/><D107/><U94/><E98/><V122/><N who="2" m="31264" /><V2/><F2/><T33/><D33/><U130/><E57/><V91/><AGARI ba="0,0" hai="83,84,90,91,92,96,118,119" m="31264,51275,48714" machi="91" ten="40,6000,1" yaku="18,1,20,1,34,2,52,1" doraHai="48" who="2" fromWho="2" sc="672,-40,328,-20,50,60,0,0" /><INIT seed="5,0,0,5,4,133" ten="632,308,110,0" oya="1" hai0="116,3,117,40,107,62,57,123,118,89,54,34,56" hai1="83,84,50,95,60,105,120,92,36,109,103,79,41" hai2="48,121,122,100,126,33,64,125,44,113,94,43,81" hai3=""/><U1/><N who="1" m="30752" /><U78/><E1/><V85/><N who="2" m="31008" /><V49/><N who="2" m="31264" /><V97/><F33/><T70/><N who="0" m="31520" /><T112/><D34/><U73/><E36/><V96/><F113/><T68/><D107/><U106/><E60/><V129/><F129/><T132/><D3/><U98/><E41/><V86/><F64/><T134/><D89/><U93/><E50/><V114/><F114/><T110/><D112/><U35/><E35/><V61/><F61/><T52/><D40/><U124/><E109/><V77/><F49/><T59/><D110/><U71/><E71/><N who="0" m="27177" /><D62/><U72/><E124/><N who="2" m="47723" /><F97/><T53/><AGARI ba="0,0" hai="52,53,54,56,57,59,116,117,118,132,134" m="27177,31520" machi="53" ten="50,12000,3" yaku="29,2,28,2,12,1,34,2,52,1,54,1" doraHai="133" who="0" fromWho="0" sc="632,120,308,-80,110,-40,0,0" /><INIT seed="6,0,0,5,0,69" ten="752,228,70,0" oya="2" hai0="112,50,94,0,56,80,33,134,36,110,78,45,122" hai1="114,118,40,123,87,129,125,51,58,61,75,41,126" hai2="77,67,73,42,107,46,52,38,128,116,100,34,101" hai3=""/><V97/><F34/><T35/><D0/><U133/><N who="1" m="31520" /><U105/><E75/><V60/><F116/><T108/><D112/><U66/><E105/><V37/><F128/><T131/><D134/><U124/><E129/><V71/><F101/><T85/><D131/><U103/><E103/><V96/><F96/><T135/><D135/><U82/><E133/><V98/><F98/><T70/><D70/><U84/><E114/><V104/><F104/><T92/><D36/><U99/><E99/><V55/><REACH who="2" step="1"/><F37/><REACH who="2" ten="752,228,60,0" step="2"/><T48/><N who="0" m="31264" /><T3/><D33/><U76/><E118/><V2/><F2/><T102/><D35/><U120/><E120/><V127/><F127/><T59/><D3/><U86/><E125/><V121/><N who="2" m="31008" /><V49/><F49/><T68/><D102/><U57/><E124/><V130/><F130/><T54/><D50/><U95/><E126/><V81/><AGARI ba="0,1" hai="38,42,46,52,55,60,67,71,73,77,81,97,100,107" m="31008" machi="81" ten="30,12000,2" yaku="1,1,0,1,52,2,54,1,53,1" doraHai="69" doraHaiUra="64" who="2" fromWho="2" sc="752,-60,228,-60,60,130,0,0" /><INIT seed="6,1,0,0,2,129" ten="692,168,190,0" oya="2" hai0="116,37,41,127,82,99,105,104,106,56,85,80,101" hai1="55,92,126,61,72,42,1,81,113,120,63,86,123" hai2="94,46,74,115,114,83,77,60,58,71,36,117,73" hai3=""/><V110/><F71/><T97/><D116/><U68/><N who="1" m="30752" /><U88/><N who="1" m="31520" /><U103/><E1/><V109/><F117/><T121/><N who="0" m="31008" /><T128/><D127/><U125/><E113/><N who="2" m="43019" /><F73/><T84/><D128/><U119/><E119/><V40/><F94/><T107/><D56/><U43/><E55/><AGARI ba="1,0" hai="36,40,46,55,58,60,74,77,83,109,110" m="43019" machi="55" ten="30,1500,0" yaku="15,1" doraHai="129" who="2" fromWho="1" sc="692,0,168,-17,190,17,0,0" /><INIT seed="6,2,0,5,0,50" ten="692,151,207,0" oya="2" hai0="133,109,121,60,2,106,62,89,34,3,82,48,113" hai1="97,92,54,44,74,130,104,38,131,125,127,72,1" hai2="84,52,90,98,93,49,40,108,83,71,107,119,79" hai3=""/><V99/><F119/><T55/><N who="0" m="31008" /><T120/><N who="0" m="30752" /><T116/><D109/><U65/><E1/><V33/><F33/><T134/><D34/><U118/><E104/><V85/><F108/><T32/><D32/><U76/><E65/><V36/><F71/><T124/><D106/><U91/><E38/><V37/><F107/><T43/><D113/><U75/><E44/><V59/><REACH who="2" step="1"/><F40/><REACH who="2" ten="692,151,197,0" step="2"/><T56/><D116/><U0/><E118/><V70/><F70/><T47/><D2/><U35/><E0/><V128/><F128/><N who="1" m="49193" /><E35/><V135/><F135/><T126/><D3/><U57/><E76/><V122/><N who="2" m="31264" /><V81/><F81/><T105/><D105/><U117/><E117/><V86/><F86/><T42/><D42/><U66/><E66/><V78/><F78/><T95/><D82/><U80/><E80/><V39/><AGARI ba="2,1" hai="36,37,39,49,52,59,79,83,84,85,90,93,98,99" m="31264" machi="39" ten="30,8000,1" yaku="1,1,0,1,52,2,54,1,53,0" doraHai="50" doraHaiUra="64" who="2" fromWho="2" sc="692,-42,151,-42,197,94,0,0" /><INIT seed="6,3,0,0,3,93" ten="650,109,291,0" oya="2" hai0="81,38,67,97,84,116,119,104,133,59,80,88,68" hai1="41,115,49,114,131,123,1,95,35,105,73,109,94" hai2="53,130,48,33,78,106,83,76,117,77,79,127,32" hai3=""/><V56/><F117/><T92/><D38/><U58/><E41/><V103/><F127/><T61/><D133/><U98/><E98/><V120/><N who="2" m="30752" /><V69/><F69/><T65/><D80/><U100/><E95/><V125/><F125/><T82/><D82/><U57/><E94/><V90/><F130/><T66/><D104/><U110/><E58/><V64/><F64/><T70/><D70/><U44/><E100/><V129/><F129/><T55/><REACH who="0" step="1"/><D68/><REACH who="0" ten="640,109,291,0" step="2"/><U62/><E62/><V86/><F106/><T121/><N who="0" m="31008" /><T47/><D47/><U108/><E44/><V132/><F83/><T85/><D85/><U107/><E57/><V72/><F86/><T101/><AGARI ba="3,1" hai="55,59,61,65,66,67,81,84,88,92,97,101,116,119" m="31008" machi="101" ten="30,6000,1" yaku="1,1,0,1,52,2,54,1,53,0" doraHai="93" doraHaiUra="71" who="0" fromWho="0" sc="640,76,109,-23,291,-43,0,0" owari="716,66.0,86,-51.0,248,-15.0,0,0.0" /></mjloggm>