<mjloggm ver="2.3"><GO type="169" lobby="0"/><UN n0="%E3%82%B5%E3%83%B3%26%E3%83%A0%E3%83%BC%E3%83%B3" n1="%78%78%62%6D%6D" n2="%E3%81%A1%E3%82%87%E3%82%8A%E3%81%8A" n3="%E2%80%A0%E7%99%BD%E5%85%8E%E2%80%A0" dan="17,17,16,19" rate="2126.19,2148.63,2075.69,2250.82" sx="M,M,M,M"/><TAIKYOKU oya="0"/><INIT seed="0,0,0,3,0,116" ten="250,250,250,250" oya="0" hai0="115,102,70,99,15,64,13,85,76,22,128,107,67" hai1="52,59,12,58,5,113,2,48,135,42,26,31,49" hai2="39,87,118,100,114,66,18,91,124,122,33,25,97" hai3="117,57,93,60,120,130,61,69,109,0,108,126,131"/><T14/><D115/><U89/><E135/><V17/><F114/><W90/><G0/><T53/><D128/><N who="3" m="49193" /><G117/><T37/><D37/><U19/><E113/><V125/><F39/><W46/><G93/><T21/><D53/><U78/><E78/><V110/><F66/><N who="3" m="41159" /><G90/><T24/><D70/><U1/><E5/><V80/><F33/><W35/><G35/><T79/><D79/><U95/><E42/><V101/><F25/><W104/><G104/><T98/><D98/><U29/><E1/><V8/><F8/><W129/><N who="3" m="49201" /><W119/><DORA hai="68" /><G119/><T88/><D76/><U112/><E2/><V55/><F18/><W16/><G16/><T50/><D50/><U105/><E105/><V44/><F17/><W82/><G82/><T62/><D62/><U71/><E71/><V36/><F101/><W81/><G81/><T27/><D27/><U92/><E26/><V28/><F28/><W63/><G63/><T94/><REACH who="0" step="1"/><D22/><REACH who="0" ten="240,250,250,250" step="2"/><U111/><E112/><V75/><F97/><W132/><G132/><T10/><D10/><U45/><E49/><V56/><F36/><W86/><G61/><T41/><D41/><U3/><E48/><V47/><F118/><W4/><G86/><T96/><D96/><U34/><E34/><V43/><F87/><W51/><G51/><T65/><D65/><U32/><E32/><V127/><F127/><W121/><G126/><T7/><D7/><U54/><E54/><V83/><F125/><W40/><G4/><T30/><AGARI ba="0,1" hai="13,14,15,21,24,30,64,67,85,88,94,99,102,107" machi="30" ten="30,11700,0" yaku="1,1,0,1,54,1,53,1" doraHai="116,68" doraHaiUra="123,103" who="0" fromWho="0" sc="240,127,250,-39,250,-39,250,-39" /><INIT seed="0,1,0,1,0,36" ten="367,211,211,211" oya="0" hai0="46,116,22,99,132,128,26,4,68,72,23,57,37" hai1="123,13,131,104,45,122,25,9,77,130,105,55,21" hai2="74,27,91,96,19,89,12,41,10,125,49,51,83" hai3="103,107,135,50,69,29,14,106,97,34,44,81,65"/><T52/><D116/><U33/><E77/><V39/><F125/><W75/><G135/><T92/><D132/><U67/><E67/><V17/><F96/><W100/><G14/><T1/><D72/><U133/><E133/><V6/><F39/><W47/><G29/><T95/><D68/><U16/><E105/><V53/><F74/><W79/><G34/><T64/><D64/><U0/><E55/><V7/><F19/><W3/><G3/><T101/><D128/><N who="1" m="49195" /><E104/><V113/><F113/><W88/><G44/><T30/><D92/><U126/><E45/><N who="2" m="25775" /><F27/><W108/><G108/><T2/><D4/><N who="2" m="1578" /><F83/><W31/><G31/><T119/><D22/><U111/><E126/><V58/><AGARI ba="1,0" hai="10,12,17,51,53,58,89,91" m="1578,25775" machi="58" ten="30,2000,0" yaku="8,1,52,1" doraHai="36" who="2" fromWho="2" sc="367,-11,211,-6,211,23,211,-6" /><INIT seed="1,0,0,5,0,122" ten="356,205,234,205" oya="1" hai0="65,46,125,76,10,35,57,69,71,25,8,4,105" hai1="99,102,68,92,117,17,91,124,127,55,32,7,36" hai2="103,134,61,113,22,84,63,118,62,59,100,28,5" hai3="51,87,12,79,3,9,1,70,133,85,20,27,128"/><U129/><E117/><V15/><F118/><W49/><G70/><T42/><D105/><U37/><E32/><V83/><F134/><W67/><G67/><T31/><D125/><U120/><E120/><V45/><F113/><W74/><G74/><T110/><D10/><U115/><E115/><V72/><F72/><W43/><G128/><T19/><D76/><U94/><E68/><V29/><F45/><W109/><G133/><T21/><D57/><U18/><E7/><V53/><F5/><W131/><G131/><T82/><D82/><U126/><E55/><V64/><F64/><W33/><G33/><T108/><D65/><U130/><E130/><V52/><F53/><W66/><G66/><T101/><D101/><N who="2" m="38986" /><F15/><W6/><G1/><T40/><D40/><U44/><E129/><V73/><F73/><W77/><G3/><T86/><D86/><U39/><REACH who="1" step="1"/><E44/><REACH who="1" ten="356,195,234,205" step="2"/><V11/><F52/><W2/><G6/><T90/><D69/><U38/><N who="1" m="9216" /><DORA hai="114" /><U97/><AGARI ba="0,1" hai="17,18,91,92,94,97,99,102,124,126,127" m="9216" machi="97" ten="70,24000,3" yaku="1,1,4,1,0,1,18,1,53,4" doraHai="122,114" doraHaiUra="95,93" who="1" fromWho="1" sc="356,-80,195,250,234,-80,205,-80" /><INIT seed="1,1,0,1,2,54" ten="276,445,154,125" oya="1" hai0="0,89,51,3,57,132,19,60,1,90,116,77,84" hai1="65,135,68,120,44,66,86,40,53,123,110,67,115" hai2="22,121,97,55,31,85,37,79,99,119,36,47,83" hai3="134,76,106,24,41,29,61,9,62,125,69,113,21"/><U43/><E86/><V72/><F121/><N who="1" m="46665" /><E115/><V49/><F119/><W128/><G113/><T7/><D116/><U88/><E88/><V8/><F8/><W124/><G128/><T58/><D7/><U27/><E27/><V102/><F97/><W95/><G134/><T118/><D132/><U129/><E135/><V64/><F64/><W92/><G106/><T63/><D118/><U34/><E34/><V39/><F31/><W25/><G41/><N who="1" m="15946" /><E129/><V94/><REACH who="2" step="1"/><F22/><REACH who="2" ten="276,445,144,125" step="2"/><W114/><G9/><T15/><D0/><U50/><E110/><V133/><F133/><W100/><G21/><T81/><D1/><U4/><E4/><V130/><F130/><W59/><G29/><T10/><D3/><U103/><E103/><V104/><F104/><W105/><G100/><T70/><D70/><AGARI ba="1,1" hai="44,50,53,65,66,67,68,70" m="15946,46665" machi="70" ten="40,3900,0" yaku="34,2" doraHai="54" who="1" fromWho="0" sc="276,-42,445,52,144,0,125,0" /><INIT seed="1,2,0,3,3,108" ten="234,497,144,125" oya="1" hai0="91,120,82,68,60,12,0,3,104,117,26,2,54" hai1="109,133,42,103,113,100,24,129,5,10,67,97,39" hai2="130,105,88,73,34,132,50,95,15,19,36,90,114" hai3="93,119,49,31,118,21,115,30,85,55,131,87,20"/><U94/><E129/><V70/><F36/><W52/><G131/><T57/><D117/><U112/><E109/><V96/><F70/><W65/><G65/><T59/><D120/><U37/><E67/><V123/><F123/><W76/><G76/><T25/><D104/><U77/><E133/><V126/><F73/><W111/><G111/><T125/><D125/><U79/><E24/><V27/><F126/><W98/><G98/><T128/><D128/><U124/><E124/><V53/><F130/><W83/><G93/><T8/><D68/><U46/><E37/><V11/><F105/><W13/><G13/><T1/><N who="0" m="0" /><DORA hai="51" /><T23/><D23/><U127/><E100/><V89/><F114/><W16/><G49/><T134/><D134/><U99/><E99/><V14/><F14/><N who="3" m="9239" /><G115/><T92/><D82/><U84/><E77/><V75/><F75/><W71/><G71/><T107/><D59/><U9/><E127/><V28/><REACH who="2" step="1"/><F132/><REACH who="2" ten="234,497,134,125" step="2"/><W63/><G119/><T17/><REACH who="0" step="1"/><D107/><REACH who="0" ten="224,497,134,125" step="2"/><N who="1" m="63983" /><E113/><V66/><F66/><W56/><G118/><T121/><D121/><U116/><E112/><V110/><F110/><W35/><G35/><T47/><D47/><AGARI ba="2,2" hai="11,15,19,27,28,34,47,50,53,88,89,90,95,96" machi="47" ten="30,8000,1" yaku="1,1,7,1,52,1,54,1,53,1" doraHai="108,51" doraHaiUra="48,32" who="2" fromWho="0" sc="224,-86,497,0,134,106,125,0" /><INIT seed="2,0,0,2,0,115" ten="138,497,240,125" oya="2" hai0="127,108,34,12,70,15,86,117,64,122,121,78,29" hai1="131,118,35,7,91,133,46,75,134,50,71,4,8" hai2="123,101,56,55,69,5,68,45,126,102,99,17,65" hai3="119,18,67,16,22,40,32,13,90,96,25,81,95"/><V89/><F123/><W44/><G119/><T83/><D108/><U6/><E118/><V61/><F5/><W63/><G81/><T10/><D117/><U2/><E71/><V33/><F33/><W129/><G129/><T74/><D127/><U109/><E75/><V42/><F126/><W125/><G125/><T28/><D74/><U110/><E131/><V51/><F69/><W41/><G44/><T93/><D93/><U3/><E35/><V26/><F26/><W77/><G77/><T128/><D128/><U124/><E91/><V48/><F17/><W100/><G90/><T85/><D85/><U60/><E60/><V57/><F68/><W14/><G14/><T120/><D15/><U73/><E73/><V36/><F36/><W87/><G87/><T113/><D113/><U24/><E24/><V80/><F80/><W111/><G111/><N who="1" m="42506" /><E124/><V107/><F107/><W39/><G39/><T132/><D132/><N who="1" m="50795" /><E8/><V1/><REACH who="2" step="1"/><F1/><REACH who="2" ten="138,497,230,125" step="2"/><W0/><G0/><T20/><D34/><U52/><AGARI ba="0,1" hai="2,3,4,6,7,46,50,52" m="50795,42506" machi="52" ten="40,5200,0" yaku="14,1,20,1,54,1" doraHai="115" who="1" fromWho="1" sc="138,-13,497,62,230,-26,125,-13" /><INIT seed="3,0,0,4,1,88" ten="125,559,204,112" oya="3" hai0="22,45,134,32,49,20,94,71,111,91,78,121,112" hai1="38,90,120,33,118,16,31,80,52,2,109,69,1" hai2="84,133,123,54,124,63,129,87,48,86,7,119,106" hai3="15,98,130,74,13,18,10,99,117,81,3,131,113"/><W75/><G113/><T105/><D121/><U60/><E38/><V101/><F119/><W77/><G117/><T29/><D112/><U26/><E109/><V79/><F7/><W14/><G74/><T125/><D111/><U39/><E39/><V103/><F63/><W70/><G70/><T58/><D71/><U17/><E120/><V65/><F65/><W57/><G57/><T110/><D105/><U37/><E37/><V83/><F54/><W59/><G59/><T115/><D115/><U34/><E34/><V82/><F48/><W67/><G67/><T89/><D78/><U44/><E118/><V102/><F129/><N who="3" m="49163" /><G3/><T68/><D68/><U132/><E1/><V72/><F133/><W30/><G30/><T35/><D134/><U21/><E2/><V100/><F124/><W76/><G76/><T24/><D125/><U66/><E33/><V64/><F64/><W95/><G99/><T50/><D58/><U23/><E31/><V122/><F83/><W135/><G135/><T96/><D110/><U27/><E132/><V36/><F36/><W56/><G56/><T116/><D116/><U108/><E108/><V25/><F25/><W42/><G42/><T97/><D35/><U12/><E27/><V46/><F46/><W19/><G10/><T4/><D49/><U6/><E44/><V85/><N who="2" m="21504" /><DORA hai="43" /><V8/><F8/><W92/><G18/><T40/><D4/><U62/><E6/><V41/><F41/><W107/><G19/><T11/><D11/><U5/><E5/><V127/><F127/><W47/><G47/><T114/><D114/><RYUUKYOKU ba="0,0" sc="125,10,559,-30,204,10,112,10" hai0="20,22,24,29,32,40,45,50,89,91,94,96,97" hai2="72,79,82,100,101,102,103,106,122,123" hai3="13,14,15,75,77,81,92,95,98,107" /><INIT seed="3,1,0,4,0,1" ten="135,529,214,122" oya="3" hai0="111,45,100,119,80,54,76,78,128,112,65,29,48" hai1="129,32,135,115,42,15,67,105,66,14,131,47,64" hai2="17,37,75,60,70,113,110,106,50,41,94,21,93" hai3="59,114,130,91,34,92,0,104,10,31,81,85,98"/><W22/><G114/><T3/><D111/><U12/><E115/><V49/><F113/><W121/><G121/><T133/><D112/><U35/><E105/><V38/><F106/><W83/><G130/><N who="1" m="49674" /><E135/><V74/><F110/><W88/><G34/><T11/><D119/><U18/><E18/><V43/><F21/><W107/><G59/><T5/><D133/><U95/><E95/><V33/><F60/><W86/><G22/><T53/><D128/><U69/><E69/><V72/><F74/><W79/><REACH who="3" step="1"/><G31/><REACH who="3" ten="135,529,214,112" step="2"/><T71/><D29/><U124/><E124/><V40/><F33/><W8/><G8/><T63/><D11/><U101/><E101/><V52/><F70/><W89/><G89/><T126/><D100/><U117/><E117/><V62/><F38/><AGARI ba="1,1" hai="12,14,15,32,35,38,42,47,64,66,67" m="49674" machi="38" ten="40,1300,0" yaku="19,1" doraHai="1" who="1" fromWho="2" sc="135,0,529,26,214,-16,112,0" /><INIT seed="4,0,0,4,4,66" ten="135,555,198,112" oya="0" hai0="12,77,117,119,13,51,74,50,109,33,5,10,11" hai1="134,82,78,52,0,96,115,71,55,97,94,86,104" hai2="21,98,43,111,38,95,113,60,116,36,14,62,25" hai3="70,6,120,48,1,84,101,54,118,105,110,42,53"/><T121/><D121/><U2/><E71/><V59/><F111/><W64/><G110/><T127/><D109/><U130/><E130/><V83/><F113/><W131/><G118/><T7/><D33/><U76/><E115/><V79/><F116/><W129/><G120/><T91/><D91/><U114/><E114/><V46/><F36/><W85/><G42/><T80/><D127/><U63/><E104/><V100/><F14/><W19/><G19/><T124/><D124/><U23/><E97/><V56/><F60/><N who="3" m="40199" /><G105/><T125/><D125/><U112/><E78/><V72/><F62/><W35/><G35/><T32/><D32/><U107/><E134/><V9/><F9/><N who="3" m="2255" /><G54/><T47/><REACH who="0" step="1"/><D51/><REACH who="0" ten="125,555,198,112" step="2"/><U44/><E112/><V39/><F39/><W45/><G101/><T28/><D28/><AGARI ba="0,1" hai="21,25,28,38,43,46,56,59,72,79,83,95,98,100" machi="28" ten="30,1000,0" yaku="7,1" doraHai="66" who="2" fromWho="0" sc="125,-10,555,0,198,20,112,0" /><INIT seed="5,0,0,0,1,78" ten="115,555,218,112" oya="1" hai0="20,31,76,24,92,124,28,57,33,91,79,45,81" hai1="5,50,12,18,110,77,85,2,130,51,88,8,69" hai2="27,72,104,26,94,97,30,61,0,83,132,80,47" hai3="131,102,126,123,128,32,64,43,122,38,54,135,63"/><U86/><E69/><V75/><F0/><W56/><G32/><T17/><D124/><U22/><E130/><N who="3" m="49706" /><G102/><T65/><D45/><U60/><E110/><V115/><F104/><W71/><G126/><T46/><D46/><U29/><E60/><V89/><F132/><W107/><G107/><T10/><D10/><U100/><E100/><V34/><F115/><W116/><G116/><T44/><D44/><U82/><REACH who="1" step="1"/><E29/><REACH who="1" ten="115,545,218,112" step="2"/><V49/><F61/><N who="3" m="35991" /><G135/><T103/><D103/><U99/><E99/><V52/><REACH who="2" step="1"/><F27/><REACH who="2" ten="115,545,208,112" step="2"/><W11/><G63/><T4/><D24/><U105/><E105/><V114/><F114/><W39/><G71/><T111/><D111/><U120/><E120/><V40/><F40/><W19/><G43/><T7/><D33/><U9/><E9/><V87/><F87/><W6/><G11/><T66/><D20/><U23/><E23/><V101/><F101/><W121/><G121/><T133/><D133/><U67/><E67/><V70/><F70/><W48/><G64/><T21/><D65/><U74/><E74/><AGARI ba="0,2" hai="26,30,34,47,49,52,72,74,75,80,83,89,94,97" machi="74" ten="40,8000,1" yaku="1,1,52,2,54,1,53,0" doraHai="78" doraHaiUra="112" who="2" fromWho="1" sc="115,0,545,-80,208,100,112,0" /><INIT seed="6,0,0,3,1,93" ten="115,465,308,112" oya="2" hai0="63,75,98,47,8,134,127,68,110,100,78,121,117" hai1="83,77,49,14,130,7,20,128,106,133,102,17,64" hai2="87,81,46,108,18,42,28,10,19,101,16,43,105" hai3="53,95,89,66,118,58,123,34,107,104,9,96,27"/><V1/><F28/><W12/><G118/><T88/><D117/><U30/><E133/><V25/><F108/><W125/><G125/><T61/><D110/><U39/><E39/><V80/><F1/><W22/><G66/><T73/><D121/><U90/><E64/><V35/><F35/><W54/><G34/><T120/><D120/><U31/><E90/><V62/><F62/><W79/><G79/><T45/><D127/><U60/><E60/><V38/><F43/><W85/><G54/><T59/><D68/><U51/><E7/><V4/><F25/><W113/><G85/><T65/><D134/><U126/><E126/><V32/><F32/><W11/><G11/><T56/><D8/><U24/><E102/><V72/><F81/><W91/><G91/><T132/><D88/><U115/><E106/><V97/><F87/><W74/><G74/><T29/><D29/><U111/><E111/><V69/><F69/><W3/><G3/><T36/><D132/><U109/><E31/><V129/><F129/><N who="1" m="49769" /><E115/><V41/><F41/><W131/><G113/><T40/><D78/><U48/><E109/><V103/><F103/><W122/><G131/><T50/><D61/><U84/><E30/><V37/><F37/><W44/><G123/><T71/><D73/><U114/><E114/><V23/><F23/><W6/><G122/><T67/><D75/><U119/><E119/><V15/><REACH who="2" step="1"/><F4/><REACH who="2" ten="115,465,298,112" step="2"/><W94/><G22/><T70/><D71/><U55/><E24/><V99/><F99/><W0/><G6/><T52/><D67/><U13/><E20/><V57/><F57/><RYUUKYOKU ba="0,1" sc="115,15,465,-15,298,15,112,-15" hai0="36,40,45,47,50,52,56,59,63,65,70,98,100" hai2="10,15,16,18,19,38,42,46,72,80,97,101,105" /><INIT seed="6,1,1,0,5,4" ten="130,450,313,97" oya="2" hai0="64,9,127,125,130,80,118,61,30,131,109,62,49" hai1="70,45,101,113,24,89,48,16,124,108,20,28,43" hai2="44,90,77,66,60,117,67,38,102,123,75,56,35" hai3="132,86,54,52,69,65,87,40,26,76,47,79,3"/><V39/><F123/><W129/><G3/><T2/><D109/><U58/><E70/><V122/><F122/><W5/><G129/><N who="0" m="49163" /><D118/><U116/><E116/><V1/><F117/><W42/><G132/><T7/><D30/><U93/><E108/><V8/><F35/><W19/><G5/><T41/><D80/><U73/><E113/><V53/><F102/><W33/><G65/><T92/><D92/><U135/><E124/><N who="0" m="47689" /><D64/><U57/><E73/><V82/><F90/><W50/><G69/><T10/><D10/><U72/><E72/><V13/><F38/><W84/><G33/><T100/><D100/><U63/><E28/><V133/><F1/><W78/><G54/><T96/><D96/><U134/><E101/><V114/><F114/><W46/><G46/><AGARI ba="1,1" hai="2,7,9,41,46,49,61,62" m="47689,49163" machi="46" ten="30,3900,0" yaku="19,1,18,1,52,1" doraHai="4" who="0" fromWho="3" sc="130,52,450,0,313,0,97,-42" /><INIT seed="7,0,0,2,1,102" ten="182,450,313,55" oya="3" hai0="50,121,78,95,44,2,27,37,120,70,82,67,12" hai1="128,108,124,107,72,65,112,59,9,66,89,71,18" hai2="57,30,46,74,36,96,77,20,132,98,87,88,83" hai3="35,56,22,111,122,103,126,68,45,118,7,32,14"/><W29/><G118/><T53/><D2/><U134/><E89/><V0/><F0/><W31/><G68/><T8/><D37/><U42/><E59/><V40/><F132/><W84/><G122/><T115/><D115/><U11/><E42/><V130/><F130/><W25/><G103/><T85/><D95/><U129/><E18/><V63/><F30/><N who="3" m="17719" /><G56/><T17/><D27/><U91/><E91/><V113/><F113/><W105/><G105/><T100/><REACH who="0" step="1"/><D100/><REACH who="0" ten="172,450,313,55" step="2"/><U43/><E112/><V76/><F36/><W34/><G84/><T116/><D116/><U135/><E72/><V3/><F3/><W52/><G45/><T39/><D39/><U92/><E71/><V58/><F46/><W48/><G48/><T123/><D123/><U41/><E107/><V69/><F69/><W106/><G106/><T119/><D119/><U54/><E129/><V117/><F117/><W114/><G114/><T133/><D133/><U110/><E128/><V5/><F74/><W26/><G111/><T61/><AGARI ba="0,1" hai="8,12,17,44,50,53,61,67,70,78,82,85,120,121" machi="61" ten="30,2000,0" yaku="1,1,0,1,53,0" doraHai="102" doraHaiUra="33" who="0" fromWho="0" sc="172,30,450,-5,313,-5,55,-10" owari="202,-20.0,445,54.0,308,11.0,45,-45.0" /></mjloggm>