<mjloggm ver="2.3"><GO type="185" lobby="0"/><UN n0="%E8%83%A1%E6%A4%92%E5%B0%91%E3%80%85" n1="%E7%B6%BE%E7%80%AC%E5%B8%82%E6%B0%91" n2="%E8%92%94%E7%B5%B5" n3="" dan="17,16,16,0" rate="2269.44,2148.47,2084.07,1500.00" sx="F,M,F,C"/><TAIKYOKU oya="0"/><INIT seed="0,0,0,4,1,40" ten="350,350,350,0" oya="0" hai0="47,112,81,45,93,78,66,101,37,98,38,111,105" hai1="124,74,53,95,127,132,128,84,90,99,126,107,109" hai2="102,70,36,129,75,62,0,72,41,65,106,67,2" hai3=""/><T89/><D112/><U54/><E74/><V61/><F129/><T73/><D66/><U131/><E109/><V103/><F41/><T123/><N who="0" m="31520" /><T104/><D111/><U80/><E107/><V49/><F49/><T97/><REACH who="0" step="1"/><D104/><REACH who="0" ten="340,350,350,0" step="2"/><U76/><REACH who="1" step="1"/><E132/><REACH who="1" ten="340,340,350,0" step="2"/><V118/><F106/><T39/><AGARI ba="0,2" hai="37,38,39,45,47,73,78,81,89,93,97,98,101,105" m="31520" machi="39" ten="30,12000,2" yaku="1,1,2,1,0,1,52,3,53,0" doraHai="40" doraHaiUra="52" who="0" fromWho="0" sc="340,140,340,-60,350,-60,0,0" /><INIT seed="0,1,0,2,3,64" ten="480,280,290,0" oya="0" hai0="104,54,126,106,60,77,93,100,49,103,91,32,125" hai1="95,102,0,74,92,52,124,53,83,135,114,108,132" hai2="61,101,86,37,107,46,120,38,33,63,3,48,80" hai3=""/><T68/><D32/><U36/><E0/><V109/><N who="2" m="30752" /><V40/><F3/><T112/><D112/><U57/><E36/><V88/><F33/><T116/><D116/><U82/><E108/><V105/><F109/><T76/><D60/><U41/><E41/><V94/><F38/><T118/><D68/><U79/><E124/><N who="0" m="47721" /><D49/><U42/><E42/><V134/><F134/><N who="1" m="51241" /><E114/><V127/><F127/><T75/><D54/><N who="1" m="21099" /><E102/><N who="0" m="38953" /><D118/><U39/><E39/><V90/><F37/><T78/><D75/><U129/><E129/><V62/><REACH who="2" step="1"/><F101/><REACH who="2" ten="480,280,280,0" step="2"/><T34/><D34/><U73/><E57/><V130/><F130/><T44/><D44/><U99/><E99/><AGARI ba="1,1" hai="40,46,48,61,62,63,80,86,88,90,94,99,105,107" m="30752" machi="99" ten="40,8000,1" yaku="1,1,52,1,54,1,53,2" doraHai="64" doraHaiUra="85" who="2" fromWho="1" sc="480,0,280,-82,280,92,0,0" /><AGARI ba="1,0" hai="76,77,78,91,93,99,104,106" m="38953,47721" machi="99" ten="30,5800,0" yaku="18,1,34,2" doraHai="64" who="0" fromWho="1" sc="480,58,198,-58,372,0,0,0" /><INIT seed="0,2,0,2,3,56" ten="538,140,372,0" oya="0" hai0="126,60,109,135,115,106,49,104,94,96,48,41,91" hai1="101,80,0,130,100,83,44,54,116,102,40,105,42" hai2="79,53,1,129,64,88,132,95,59,50,93,57,34" hai3=""/><T117/><D117/><U73/><E116/><V128/><F1/><T39/><D115/><U32/><E0/><V61/><F34/><T108/><D126/><U46/><E32/><V69/><F132/><T52/><D135/><U38/><E105/><N who="0" m="40553" /><D41/><U72/><E54/><V111/><F79/><T89/><D89/><U134/><E134/><V2/><F2/><T99/><D99/><U127/><E127/><V86/><F95/><T74/><D74/><U62/><E62/><V90/><F90/><T76/><D76/><U107/><E107/><V36/><F36/><T113/><D39/><U82/><E130/><N who="2" m="50283" /><F111/><N who="0" m="42570" /><D113/><U77/><E77/><V84/><F84/><T112/><D112/><U114/><E114/><V110/><F110/><T58/><AGARI ba="2,0" hai="48,49,52,58,60,91,94,96" m="42570,40553" machi="58" ten="40,8000,1" yaku="14,1,10,1,52,1,54,1" doraHai="56" who="0" fromWho="0" sc="538,84,140,-42,372,-42,0,0" /><INIT seed="0,3,0,3,1,122" ten="622,98,330,0" oya="0" hai0="129,60,34,65,61,56,69,107,35,32,135,39,100" hai1="132,121,111,97,105,49,78,72,3,66,81,89,106" hai2="74,93,86,125,82,133,113,84,90,116,64,123,87" hai3=""/><T53/><D135/><U37/><N who="1" m="31008" /><U95/><E3/><V118/><N who="2" m="31520" /><V104/><F64/><T68/><D129/><U130/><E37/><V33/><F33/><T2/><D2/><U99/><E132/><V48/><F133/><T36/><D69/><U124/><E130/><V103/><F48/><T75/><D75/><U126/><E66/><V43/><F43/><T73/><D73/><U38/><E38/><V85/><F113/><T58/><D68/><U62/><E62/><V71/><F71/><T54/><D65/><U70/><E70/><V77/><F125/><N who="1" m="48233" /><E49/><V80/><F80/><T59/><D59/><U119/><E119/><V112/><F112/><T101/><D35/><U88/><E111/><V57/><F57/><T128/><D128/><U127/><N who="1" m="48241" /><U41/><DORA hai="46" /><E41/><V108/><F108/><T83/><D34/><U52/><E52/><V1/><F1/><T134/><D32/><U67/><E67/><V96/><AGARI ba="3,0" hai="74,77,82,84,85,86,87,90,93,96,103,104,116,118" m="31520" machi="96" ten="30,9000,2" yaku="0,1,24,2,34,3,52,1" doraHai="122,46" who="2" fromWho="2" sc="622,-63,98,-33,330,96,0,0" /><INIT seed="1,0,0,1,0,39" ten="559,65,426,0" oya="1" hai0="59,129,101,124,32,71,38,51,113,49,57,135,37" hai1="126,36,119,127,122,55,84,72,116,106,42,112,107" hai2="131,65,77,63,133,110,46,81,109,0,79,61,114" hai3=""/><U45/><N who="1" m="31264" /><U34/><E112/><V60/><F0/><T132/><D101/><U123/><N who="1" m="31520" /><U74/><E34/><V100/><F114/><T89/><D89/><U80/><E55/><V99/><F133/><T117/><D32/><U41/><E84/><V64/><F131/><T134/><D113/><U90/><E90/><V78/><F46/><T62/><D129/><U56/><E56/><N who="0" m="21577" /><D124/><N who="1" m="47659" /><E42/><V82/><F65/><T58/><D117/><N who="1" m="45131" /><E80/><V47/><F64/><T115/><D115/><U98/><E98/><V50/><F82/><T76/><D76/><U33/><E33/><V1/><F81/><T128/><D128/><U104/><AGARI ba="0,0" hai="36,41,45,72,74,104,106,107" m="45131,47659,31520,31264" machi="104" ten="40,8000,1" yaku="18,1,23,1,52,3" doraHai="39" who="1" fromWho="1" sc="559,-40,65,80,426,-40,0,0" /><INIT seed="1,1,0,5,5,43" ten="519,145,386,0" oya="1" hai0="121,74,1,44,62,73,114,56,106,40,89,49,81" hai1="45,105,131,53,34,101,60,46,128,100,65,82,83" hai2="70,111,122,113,124,78,91,116,93,58,67,85,134" hai3=""/><U63/><E34/><V77/><N who="2" m="31264" /><V108/><F116/><T2/><N who="0" m="31008" /><T42/><D114/><U133/><E53/><V87/><F70/><T94/><D106/><U107/><REACH who="1" step="1"/><E133/><REACH who="1" ten="519,135,386,0" step="2"/><V69/><F134/><T125/><D2/><U38/><E38/><V123/><N who="2" m="31520" /><V117/><F117/><T127/><D1/><U75/><E75/><V120/><N who="2" m="30752" /><V102/><F113/><T115/><D115/><U59/><E59/><V88/><F58/><T96/><D42/><U109/><E109/><N who="2" m="42059" /><F67/><AGARI ba="1,1" hai="45,46,60,63,65,67,82,83,100,101,105,107,128,131" machi="67" ten="25,12000,1" yaku="1,1,22,2,52,2,53,0" doraHai="43" doraHaiUra="130" who="1" fromWho="2" sc="519,0,135,132,386,-122,0,0" /><INIT seed="1,2,0,4,3,3" ten="519,267,264,0" oya="1" hai0="39,34,102,67,89,68,101,0,64,112,118,94,1" hai1="53,87,91,59,106,52,90,40,2,110,79,96,134" hai2="105,71,60,88,114,122,121,119,132,55,44,50,77" hai3=""/><U120/><N who="1" m="30752" /><U56/><E2/><V41/><N who="2" m="31008" /><V54/><N who="2" m="31264" /><V107/><F77/><T61/><D112/><U131/><E131/><V85/><F119/><T93/><D118/><U84/><E134/><V99/><F114/><T70/><D89/><U111/><E79/><V66/><F132/><T57/><D57/><U58/><E40/><V62/><F99/><T46/><D61/><U65/><E65/><V78/><F78/><T48/><D48/><U115/><E115/><V45/><F62/><T98/><D98/><U95/><E106/><V42/><F107/><T74/><D74/><U33/><E33/><V43/><F105/><T36/><D46/><U38/><E38/><V108/><F108/><N who="1" m="41513" /><E96/><V73/><F73/><T80/><D34/><U51/><E51/><V37/><F43/><T109/><D109/><U81/><AGARI ba="2,0" hai="52,53,56,58,59,81,84,87,90,91,95" m="41513,30752" machi="81" ten="30,7800,0" yaku="14,1,10,1,52,1,54,1" doraHai="3" who="1" fromWho="1" sc="519,-41,267,82,264,-41,0,0" /><INIT seed="1,3,0,0,2,77" ten="478,349,223,0" oya="1" hai0="2,35,79,118,96,135,133,90,126,33,34,103,56" hai1="54,81,110,132,73,112,93,76,82,116,89,71,117" hai2="53,91,114,94,43,128,66,52,131,122,100,78,134" hai3=""/><U64/><E112/><V1/><N who="2" m="31264" /><V87/><F1/><T115/><D2/><U119/><E132/><V49/><F114/><T123/><N who="0" m="31520" /><T121/><N who="0" m="31008" /><T59/><D115/><U70/><E64/><V58/><F134/><N who="0" m="51210" /><D126/><U83/><E110/><V44/><F100/><T105/><D118/><U80/><REACH who="1" step="1"/><E54/><REACH who="1" ten="478,339,223,0" step="2"/><V104/><F53/><T111/><D111/><U3/><E3/><V129/><F66/><T45/><D35/><U63/><E63/><V65/><F65/><T57/><D34/><U36/><E36/><V62/><F78/><T55/><D79/><U106/><E106/><AGARI ba="3,1" hai="43,44,49,52,58,62,87,91,94,104,106,128,129,131" m="31264" machi="106" ten="40,5200,0" yaku="19,1,52,1,54,1" doraHai="77" who="2" fromWho="1" sc="478,0,339,-58,223,68,0,0" /><INIT seed="2,0,0,3,5,130" ten="478,281,291,0" oya="2" hai0="112,66,115,122,87,42,116,101,119,121,43,111,58" hai1="55,134,69,65,77,78,40,46,51,74,67,107,81" hai2="70,125,83,127,91,120,50,71,45,48,37,60,59" hai3=""/><V117/><N who="2" m="30752" /><V3/><F3/><T54/><D101/><U100/><E134/><V95/><F83/><T89/><N who="0" m="31008" /><T124/><N who="0" m="31264" /><T41/><D111/><U62/><E78/><V126/><F117/><T92/><D66/><U133/><E133/><V2/><F2/><T102/><D102/><U0/><E0/><V104/><F104/><T32/><D32/><U131/><E131/><V106/><F106/><T64/><D64/><U118/><E118/><V61/><F37/><T35/><D35/><U52/><REACH who="1" step="1"/><E65/><REACH who="1" ten="478,271,291,0" step="2"/><V53/><F71/><T79/><D79/><U103/><E103/><V72/><F70/><T63/><D124/><U49/><E49/><V82/><F72/><T90/><D90/><U80/><E80/><V33/><F82/><T84/><D119/><U34/><E34/><V105/><F33/><T114/><D116/><U57/><E57/><V88/><F105/><T38/><D38/><U129/><E129/><V56/><F56/><T108/><D108/><U39/><E39/><V99/><REACH who="2" step="1"/><F91/><REACH who="2" ten="478,271,281,0" step="2"/><T132/><D132/><U93/><E93/><V47/><F47/><T75/><D75/><U44/><E44/><V36/><F36/><T96/><AGARI ba="0,2" hai="41,42,43,54,58,63,84,87,89,92,96,112,114,115" m="31264,31008" machi="96" ten="40,6000,1" yaku="0,1,11,1,52,2" doraHai="130" who="0" fromWho="0" sc="478,80,271,-20,281,-40,0,0" /><INIT seed="4,0,0,4,5,122" ten="558,251,241,0" oya="0" hai0="99,113,124,71,77,131,75,118,74,97,52,101,134" hai1="135,36,41,57,32,86,68,1,116,133,33,47,95" hai2="91,103,46,60,2,83,102,117,73,85,130,80,112" hai3=""/><T110/><D52/><U3/><E116/><V119/><F2/><N who="1" m="521" /><E57/><V88/><F46/><T123/><D77/><U48/><E48/><V78/><F60/><T100/><N who="0" m="31520" /><T62/><D62/><U51/><E51/><V53/><F53/><T66/><D66/><U92/><E68/><V129/><F112/><T0/><D0/><U84/><E95/><V61/><F61/><T64/><D64/><U126/><E126/><V42/><F42/><T132/><D71/><U90/><E86/><V104/><F104/><T69/><D69/><U70/><E70/><V107/><F107/><T93/><D118/><N who="2" m="45066" /><F91/><T54/><D54/><U94/><E94/><V35/><F35/><T72/><D113/><U40/><E40/><V125/><F125/><T44/><D44/><U79/><E79/><V38/><F38/><T58/><D58/><U82/><E92/><V111/><F111/><T37/><D37/><U105/><E105/><V76/><F76/><T87/><D110/><U39/><E39/><V96/><F96/><T121/><N who="0" m="31008" /><T49/><D49/><U55/><E55/><V59/><F59/><T114/><D124/><U109/><E109/><V63/><F63/><T127/><D127/><U89/><E89/><V56/><F56/><RYUUKYOKU ba="0,0" sc="558,-20,251,10,241,10,0,0" hai1="32,33,36,41,47,82,84,90,133,135" hai2="73,78,80,83,85,88,102,103,129,130" /><INIT seed="5,1,0,4,5,36" ten="538,261,251,0" oya="1" hai0="69,104,106,59,127,85,57,34,86,49,46,75,55" hai1="95,114,116,3,122,47,56,48,1,39,71,72,91" hai2="66,45,77,81,133,134,105,112,88,37,108,70,109" hai3=""/><U93/><N who="1" m="31264" /><U44/><E116/><V79/><F105/><T63/><D85/><U78/><E71/><V35/><F35/><T126/><D75/><U80/><E114/><V128/><F112/><T92/><D69/><U107/><E107/><N who="0" m="41001" /><D34/><U120/><N who="1" m="30752" /><U87/><E93/><V103/><F103/><T65/><D92/><U61/><E39/><V67/><F128/><T99/><D86/><U113/><E113/><V73/><F79/><T135/><D99/><U132/><E132/><N who="2" m="50795" /><F88/><T110/><D135/><U129/><E129/><V124/><F124/><N who="0" m="47658" /><D59/><U43/><REACH who="1" step="1"/><E47/><REACH who="1" ten="538,251,251,0" step="2"/><V58/><F70/><T50/><D110/><N who="2" m="42602" /><F58/><T62/><D46/><U89/><E89/><V121/><N who="2" m="31008" /><V115/><F115/><T38/><D38/><U130/><E130/><V0/><F0/><T40/><D57/><U125/><E125/><V33/><F33/><T51/><D65/><AGARI ba="1,1" hai="1,3,43,44,48,56,61,65,72,78,80,87,91,95" m="30752,31264" machi="65" ten="30,12000,1" yaku="1,1,7,1,52,3,53,0" doraHai="36" doraHaiUra="97" who="1" fromWho="0" sc="538,-122,251,132,251,0,0,0" /><INIT seed="5,2,0,4,4,59" ten="416,383,251,0" oya="1" hai0="122,106,92,77,81,118,108,130,65,86,120,84,132" hai1="62,58,91,61,39,44,74,51,110,135,63,85,2" hai2="0,126,66,89,104,127,95,117,96,79,124,131,111" hai3=""/><U41/><E2/><V80/><F0/><T90/><N who="0" m="30752" /><T43/><N who="0" m="31264" /><T35/><D35/><U125/><E125/><V93/><F66/><T116/><D108/><U115/><E115/><V46/><F46/><T67/><D132/><U76/><E135/><V64/><F64/><T88/><D106/><U83/><E110/><V105/><F111/><T73/><D43/><U57/><REACH who="1" step="1"/><E39/><REACH who="1" ten="416,373,251,0" step="2"/><V107/><F117/><N who="0" m="45162" /><D130/><U128/><E128/><V60/><F131/><T97/><D73/><U133/><E133/><V102/><F124/><T68/><D68/><U94/><AGARI ba="2,1" hai="41,44,51,57,58,61,62,63,74,76,83,85,91,94" machi="94" ten="30,8000,1" yaku="1,1,0,1,52,3,53,0" doraHai="59" doraHaiUra="32" who="1" fromWho="1" sc="416,-42,373,94,251,-42,0,0" /><INIT seed="5,3,0,5,0,134" ten="374,467,209,0" oya="1" hai0="32,44,65,49,2,99,39,69,72,54,45,90,33" hai1="68,131,133,47,48,63,105,123,109,96,79,71,107" hai2="1,37,117,35,124,121,112,46,114,38,88,78,104" hai3=""/><U89/><N who="1" m="31520" /><U125/><E133/><V110/><N who="2" m="31008" /><V129/><F1/><T53/><D72/><U91/><E131/><V108/><F35/><T70/><D2/><U127/><E109/><N who="2" m="42091" /><F104/><T130/><D130/><U102/><E79/><V118/><F129/><T103/><D90/><N who="1" m="34315" /><E63/><V60/><F78/><T93/><D39/><N who="2" m="14858" /><F46/><T77/><D77/><U81/><E81/><V0/><F88/><T57/><D33/><U128/><E107/><V64/><F0/><T97/><D32/><U62/><E62/><V85/><F85/><T83/><D83/><U113/><E128/><V36/><N who="2" m="14866" /><V74/><DORA hai="95" /><F74/><T115/><D97/><U42/><E96/><V76/><F76/><T75/><D75/><U94/><E94/><V120/><N who="2" m="30752" /><V56/><F124/><N who="1" m="47689" /><E102/><V122/><N who="2" m="31264" /><V59/><F59/><T55/><D57/><U87/><E87/><V111/><N who="2" m="42099" /><V3/><DORA hai="86" /><F3/><T119/><D93/><U92/><E92/><V66/><F66/><T50/><D65/><U106/><E105/><V51/><F51/><T61/><D99/><U58/><E106/><V43/><F43/><T73/><D103/><U84/><E84/><V101/><F101/><T82/><D73/><U98/><E58/><RYUUKYOKU ba="3,0" sc="374,-10,467,-10,209,20,0,0" hai2="56,60,64,112,114,117,118" /><INIT seed="6,4,0,2,5,69" ten="364,457,229,0" oya="2" hai0="111,40,106,34,51,43,61,118,91,60,132,125,68" hai1="71,47,88,39,89,86,109,112,94,95,114,99,49" hai2="135,77,102,67,117,119,115,96,72,123,128,50,3" hai3=""/><V129/><N who="2" m="31520" /><V66/><F3/><T113/><D106/><U80/><E109/><V85/><F50/><T58/><D91/><U130/><E130/><N who="2" m="50283" /><F115/><N who="1" m="44073" /><E39/><V92/><F72/><T124/><D34/><U75/><E71/><V46/><F46/><T79/><D79/><U78/><E49/><V74/><F74/><T70/><D113/><U56/><E56/><V97/><F97/><T55/><D111/><U48/><E48/><V63/><F135/><T127/><D132/><U53/><E53/><V116/><F63/><N who="0" m="24138" /><D118/><N who="2" m="30210" /><V42/><DORA hai="45" /><F42/><AGARI ba="4,0" hai="40,42,43,51,55,58,68,70,124,125,127" m="24138" machi="42" ten="40,8000,1" yaku="18,1,34,2,52,1" doraHai="69,45" who="0" fromWho="2" sc="364,88,457,0,229,-88,0,0" owari="452,5.0,457,41.0,141,-46.0,0,0.0" /></mjloggm>