<mjloggm ver="2.3"><GO type="185" lobby="0"/><UN n0="%E3%82%B5%E3%83%89%E3%82%A5%E3%83%BC" n1="%E5%B8%AB%E5%8C%A0%2F%E9%9B%80%E9%AC%BC" n2="%E3%82%A2%E3%82%B9%E3%82%BF%E3%83%AD%E3%83%88%E3%81%AE%E5%AE%A3%E5%91%8A" n3="" dan="18,17,17,0" rate="2345.14,2279.40,2226.87,1500.00" sx="M,M,M,C"/><TAIKYOKU oya="0"/><INIT seed="0,0,0,1,5,91" ten="350,350,350,0" oya="0" hai0="41,89,111,50,55,120,86,114,64,45,92,96,102" hai1="112,43,68,101,135,90,38,80,93,54,117,127,85" hai2="74,34,81,113,37,67,99,2,98,73,130,119,62" hai3=""/><T58/><N who="0" m="30752" /><T95/><D111/><U49/><E117/><V63/><F113/><T48/><D114/><U52/><E112/><V76/><F130/><T128/><D128/><U88/><E127/><V107/><F34/><T78/><D78/><U94/><E135/><V106/><F2/><T108/><D108/><U122/><N who="1" m="31264" /><U134/><E134/><V125/><F37/><T0/><D0/><U33/><E68/><V46/><F125/><T121/><N who="0" m="31008" /><T100/><D64/><U40/><E33/><V47/><F81/><T115/><D115/><U53/><E38/><V60/><F76/><T79/><D79/><U84/><E49/><V97/><F67/><T57/><D100/><U32/><E32/><V66/><F66/><T118/><D118/><U69/><E69/><V123/><N who="2" m="31520" /><V116/><F116/><T132/><D132/><U77/><REACH who="1" step="1"/><E101/><REACH who="1" ten="350,340,350,0" step="2"/><V110/><F119/><T1/><REACH who="0" step="1"/><D1/><REACH who="0" ten="340,340,350,0" step="2"/><U103/><E103/><V105/><F110/><T104/><D104/><U65/><E65/><V3/><F3/><T71/><D71/><U36/><E36/><V75/><AGARI ba="0,2" hai="46,47,60,62,63,73,74,75,97,98,99,105,106,107" m="31520" machi="75" ten="50,24000,5" yakuman="40" doraHai="91" who="2" fromWho="2" sc="340,-160,340,-80,350,260,0,0" /><INIT seed="1,0,0,4,1,72" ten="180,260,610,0" oya="1" hai0="92,91,104,61,54,55,122,52,43,62,50,73,71" hai1="119,112,48,66,90,75,117,2,34,102,135,41,115" hai2="74,124,96,133,118,105,87,130,51,59,83,79,114" hai3=""/><U109/><E2/><V120/><N who="2" m="30752" /><V88/><F118/><N who="1" m="45065" /><E34/><V97/><F124/><T57/><N who="0" m="31264" /><T46/><D104/><U108/><E66/><V100/><F130/><T113/><D73/><U103/><E48/><V116/><F116/><T64/><REACH who="0" step="1"/><D113/><REACH who="0" ten="170,260,610,0" step="2"/><N who="1" m="43595" /><E41/><V77/><F114/><T0/><D0/><U80/><E135/><V33/><F133/><T84/><AGARI ba="0,1" hai="43,46,50,52,54,55,57,61,62,64,71,84,91,92" m="31264" machi="84" ten="20,9000,2" yaku="1,1,0,1,7,1,52,1,54,1,53,1" doraHai="72" doraHaiUra="89" who="0" fromWho="0" sc="170,100,260,-60,610,-30,0,0" /><INIT seed="2,0,0,1,2,135" ten="270,200,580,0" oya="2" hai0="117,80,131,42,52,125,96,2,59,1,92,112,100" hai1="133,90,84,120,33,37,44,113,43,130,124,79,126" hai2="103,98,38,41,72,109,104,55,99,50,70,60,102" hai3=""/><V62/><F72/><T119/><D131/><U105/><N who="1" m="30752" /><U67/><E33/><V110/><F41/><T32/><D32/><U118/><E113/><V123/><N who="2" m="31520" /><V93/><F38/><T114/><D42/><U111/><E133/><V47/><REACH who="2" step="1"/><F70/><REACH who="2" ten="270,200,570,0" step="2"/><T53/><D112/><U85/><E118/><V54/><F54/><T3/><D114/><U45/><E37/><V87/><F87/><T78/><D53/><U61/><E43/><V89/><F89/><T76/><D117/><U57/><E79/><V34/><F34/><T51/><D119/><U35/><E35/><V0/><F0/><T48/><D78/><U49/><E85/><V132/><F132/><T69/><D69/><U101/><E130/><V39/><F39/><T129/><D129/><U65/><E84/><V56/><F56/><T127/><D76/><U74/><E90/><V82/><F82/><T128/><D80/><U75/><E57/><V73/><F73/><T108/><D128/><U36/><E36/><V106/><F106/><T40/><D40/><U91/><E105/><V122/><N who="2" m="31264" /><V46/><F46/><T134/><D134/><U63/><E91/><V86/><F86/><T88/><D88/><U95/><E75/><V58/><F58/><RYUUKYOKU ba="0,1" sc="270,-10,200,-10,570,20,0,0" hai2="47,50,55,60,62,93,98,99,102,103,104,109,110" /><INIT seed="2,1,1,3,1,75" ten="260,190,590,0" oya="2" hai0="40,2,57,48,61,109,101,49,118,71,92,69,44" hai1="107,116,53,111,132,85,135,43,113,86,91,62,121" hai2="115,55,89,81,79,33,127,73,88,133,39,105,126" hai3=""/><V37/><F115/><T67/><D109/><U36/><N who="1" m="31008" /><U96/><E113/><V72/><F33/><T52/><D118/><U47/><E111/><V82/><F105/><T63/><D2/><U46/><E116/><V84/><F133/><N who="1" m="51273" /><E107/><V108/><F108/><T102/><D92/><U110/><E110/><V56/><F89/><T50/><REACH who="0" step="1"/><D69/><REACH who="0" ten="250,190,590,0" step="2"/><U90/><E96/><V114/><F114/><T112/><D112/><U98/><E98/><V122/><F122/><T120/><N who="0" m="30752" /><T64/><D64/><U100/><E100/><AGARI ba="1,2" hai="40,44,48,49,50,52,57,61,63,67,71,100,101,102" m="30752" machi="100" ten="40,5200,0" yaku="1,1,52,1,54,1,53,0" doraHai="75" doraHaiUra="123" who="0" fromWho="1" sc="250,74,190,-54,590,0,0,0" /><INIT seed="4,0,0,5,0,132" ten="324,136,590,0" oya="0" hai0="54,62,41,90,120,73,72,124,131,67,0,38,75" hai1="125,58,127,121,102,69,44,117,84,135,45,64,81" hai2="83,113,86,68,123,32,107,46,48,106,71,40,36" hai3=""/><T35/><N who="0" m="30752" /><T74/><D0/><U47/><N who="1" m="31008" /><U43/><E117/><V59/><N who="2" m="31520" /><V101/><F32/><T77/><D35/><U37/><E135/><V55/><F113/><T42/><D131/><U91/><E102/><V126/><F126/><N who="1" m="48137" /><E69/><V133/><F133/><T93/><D124/><U39/><E43/><V119/><F119/><T34/><D34/><U105/><E105/><V108/><F108/><T57/><D38/><U76/><E76/><V98/><F107/><T110/><D110/><U97/><E97/><V61/><F36/><T60/><N who="0" m="18432" /><DORA hai="80" /><T78/><D77/><AGARI ba="0,0" hai="40,46,48,55,59,61,68,71,77,83,86,98,101,106" m="31520" machi="77" ten="30,3900,0" yaku="7,1,52,2" doraHai="132,80" who="2" fromWho="0" sc="324,-39,136,0,590,39,0,0" /><INIT seed="5,0,0,5,2,100" ten="285,136,629,0" oya="1" hai0="102,90,60,1,108,104,115,93,52,33,41,116,122" hai1="3,71,113,80,57,103,127,109,78,120,37,34,51" hai2="125,126,53,132,39,105,70,64,45,55,112,77,65" hai3=""/><U50/><N who="1" m="30752" /><U114/><E3/><V44/><F105/><T98/><N who="0" m="31264" /><T101/><D108/><U62/><E34/><V107/><F107/><T92/><D1/><U86/><E109/><V0/><F0/><T117/><D33/><U134/><E127/><V87/><F132/><T83/><D115/><N who="1" m="44043" /><E134/><V97/><F97/><T81/><D41/><U36/><E71/><V99/><F99/><T121/><N who="0" m="31008" /><T96/><D52/><U131/><E103/><V59/><F70/><T82/><D60/><U88/><E78/><V69/><F69/><T128/><D128/><U89/><E89/><V67/><F77/><T84/><AGARI ba="0,0" hai="81,82,83,84,90,92,93,96,98,101,102,104,116,117" m="31008,31264" machi="84" ten="30,9000,2" yaku="0,1,34,3,52,3" doraHai="100" who="0" fromWho="0" sc="285,90,136,-60,629,-30,0,0" /><INIT seed="6,0,0,4,3,2" ten="375,76,599,0" oya="2" hai0="79,131,64,34,134,123,84,88,107,111,113,81,80" hai1="54,89,122,61,65,110,68,124,133,96,99,100,97" hai2="104,43,40,121,129,92,44,35,98,36,108,3,47" hai3=""/><V52/><F35/><T33/><N who="0" m="31520" /><T69/><D111/><U51/><N who="1" m="31264" /><U83/><E110/><V86/><F129/><T74/><D131/><U58/><E83/><V106/><F3/><T127/><D107/><U38/><E89/><V76/><F52/><T126/><D134/><U135/><E100/><V118/><F118/><T63/><D113/><U75/><E75/><V53/><F53/><T42/><D42/><U37/><E96/><V72/><F72/><T67/><D67/><U56/><E97/><V77/><F77/><T93/><D80/><U45/><E99/><V39/><F98/><T94/><D93/><U125/><E38/><V82/><F39/><T87/><D74/><U49/><E49/><V1/><F36/><T73/><D73/><U55/><E56/><V109/><F82/><T62/><D81/><U105/><E55/><V85/><F92/><T41/><D94/><U0/><E0/><V71/><F106/><T119/><D88/><U102/><E102/><V50/><F104/><T78/><D79/><U116/><E116/><V115/><F76/><T48/><D78/><U66/><E66/><V130/><F109/><T95/><D119/><U128/><E128/><V114/><N who="2" m="31008" /><V59/><F108/><RYUUKYOKU ba="0,0" sc="375,0,76,0,599,0,0,0" owari="375,-2.0,76,-52.0,599,54.0,0,0.0" /></mjloggm>