<mjloggm ver="2.3"><GO type="169" lobby="0"/><UN n0="%E3%81%A8%E3%81%B3%E3%81%BE%E3%81%93" n1="%E3%81%8B%E3%82%81%E3%81%98%E3%82%8D%E3%81%86" n2="%E5%A4%A9%E5%A5%B3%E3%81%A1%E3%82%83%E3%82%93%2A%E2%8C%92%E2%98%86" n3="%E3%81%86%E3%81%A9%E3%82%93%E3%81%93" dan="17,16,16,16" rate="2191.82,2147.54,2141.85,2169.28" sx="M,M,F,M"/><TAIKYOKU oya="0"/><INIT seed="0,0,0,0,3,69" ten="250,250,250,250" oya="0" hai0="42,7,117,79,123,15,52,17,55,13,104,95,19" hai1="36,135,96,97,2,54,56,90,63,121,6,127,51" hai2="50,100,118,65,85,22,33,109,116,122,41,8,38" hai3="108,124,113,11,29,80,103,71,30,10,64,28,83"/><T111/><D104/><U59/><E121/><V24/><F122/><W76/><G113/><T20/><D117/><U1/><E127/><V62/><F109/><W48/><G108/><T9/><D123/><U110/><E110/><V26/><F38/><W16/><G124/><T126/><D126/><U114/><E114/><V88/><F100/><W44/><G103/><T132/><D111/><U82/><E135/><V49/><F8/><W91/><G91/><T27/><D132/><U89/><E6/><V12/><F12/><W133/><G133/><T130/><D130/><U35/><E35/><V18/><F26/><W128/><G128/><T84/><D42/><U40/><E36/><V101/><F101/><W87/><G83/><N who="0" m="47231" /><D95/><U120/><E120/><V25/><F25/><W53/><G71/><T99/><D99/><N who="1" m="37963" /><E2/><V60/><F33/><W92/><G92/><T39/><D39/><U115/><E115/><V112/><F112/><W78/><G78/><T61/><D61/><U77/><E1/><V105/><F62/><W94/><G94/><T5/><D5/><U4/><E4/><V14/><F105/><W75/><G75/><T43/><D43/><U73/><E40/><V93/><F41/><W32/><G32/><T34/><D34/><U37/><E37/><V66/><F60/><W102/><G102/><T70/><D70/><U134/><E134/><V58/><F116/><W21/><REACH who="3" step="1"/><G64/><REACH who="3" ten="250,250,250,240" step="2"/><T125/><D125/><U119/><E119/><V31/><F66/><W81/><G81/><T57/><D57/><U46/><E59/><V98/><F118/><W3/><G3/><RYUUKYOKU ba="0,1" sc="250,10,250,10,250,-30,240,10" hai0="7,9,13,15,17,19,20,27,52,55" hai1="46,51,54,56,63,73,77,82,89,90" hai3="10,11,16,21,28,29,30,44,48,53,76,80,87" /><INIT seed="0,1,1,3,2,104" ten="260,260,220,250" oya="0" hai0="71,111,49,134,21,44,117,18,3,59,69,135,48" hai1="102,118,23,81,11,42,26,95,22,119,53,113,101" hai2="77,106,82,40,128,129,31,51,90,132,97,36,54" hai3="34,93,2,70,99,76,94,32,55,25,74,98,72"/><T114/><D3/><U105/><E113/><V75/><F132/><N who="0" m="50730" /><D114/><U68/><E68/><N who="0" m="26185" /><D21/><U8/><E42/><V29/><F40/><W87/><G2/><T4/><D4/><U6/><E105/><V131/><F36/><W66/><G87/><T121/><D18/><U41/><E41/><V130/><N who="2" m="32768" /><DORA hai="100" /><V39/><F39/><W88/><G76/><T79/><D79/><U61/><E81/><V112/><F112/><W73/><G55/><N who="0" m="32231" /><D117/><U58/><E23/><V64/><F64/><W19/><G66/><T10/><D10/><U126/><E11/><V109/><F90/><W80/><G70/><T56/><D111/><U123/><E8/><V107/><F109/><W63/><G63/><T52/><D121/><U15/><E15/><V120/><F120/><W9/><G80/><T5/><D5/><U84/><E6/><V122/><F122/><W7/><G25/><T83/><D83/><U46/><E26/><V30/><REACH who="2" step="1"/><F97/><REACH who="2" ten="260,260,210,250" step="2"/><W38/><G38/><T50/><D50/><N who="1" m="28887" /><E123/><V91/><F91/><W65/><G65/><T110/><D110/><U85/><E118/><V1/><F1/><W0/><REACH who="3" step="1"/><G19/><REACH who="3" ten="260,260,210,240" step="2"/><T86/><D86/><U16/><E119/><V35/><F35/><W12/><G12/><T115/><D115/><U28/><E16/><V43/><F43/><W45/><G45/><AGARI ba="1,3" hai="44,45,49,52,56" m="32231,26185,50730" machi="45" ten="30,11600,0" yaku="20,1,34,2,54,1" doraHai="104,100" who="0" fromWho="3" sc="260,149,260,0,210,0,240,-119" /><AGARI ba="1,0" hai="29,30,31,45,51,54,75,77,82,106,107" m="32768" machi="45" ten="70,8000,1" yaku="1,1,19,1,52,3,53,0" doraHai="104,100" doraHaiUra="17,33" who="2" fromWho="3" sc="409,0,260,0,210,80,121,-80" /><INIT seed="0,2,0,0,3,117" ten="409,260,290,41" oya="0" hai0="107,53,134,7,3,13,76,67,6,77,91,97,5" hai1="99,72,57,51,59,28,37,41,106,87,123,46,88" hai2="71,105,21,129,98,9,47,2,84,75,93,29,95" hai3="81,15,86,74,49,80,55,90,12,101,135,54,38"/><T124/><D3/><U10/><E72/><V14/><F129/><W39/><G135/><T109/><D134/><U114/><E114/><V60/><F75/><W22/><G101/><T0/><D0/><U4/><E28/><V34/><F34/><W44/><G22/><T63/><D124/><U83/><E123/><V70/><F2/><W110/><G110/><T64/><D109/><U120/><E120/><V1/><F1/><W78/><G12/><T58/><D13/><U30/><E10/><V11/><F47/><W65/><G65/><N who="0" m="25163" /><D107/><U89/><E4/><N who="0" m="1025" /><T132/><DORA hai="50" /><D132/><U126/><E126/><V66/><F71/><W19/><REACH who="3" step="1"/><G55/><REACH who="3" ten="409,260,290,31" step="2"/><T82/><D82/><U23/><E106/><V48/><F105/><W100/><G100/><T116/><D116/><U18/><E30/><V35/><F29/><W115/><G115/><T26/><D26/><U33/><E33/><V61/><F35/><W24/><G24/><T31/><D31/><U92/><E37/><V17/><F14/><AGARI ba="2,1" hai="14,18,23,41,46,51,57,59,83,87,88,89,92,99" machi="14" ten="30,3900,0" yaku="7,1,8,1,54,1" doraHai="117,50" who="1" fromWho="2" sc="409,0,260,55,290,-45,31,0" /><INIT seed="1,0,0,0,5,85" ten="409,315,245,31" oya="1" hai0="82,14,119,97,111,18,17,131,89,6,116,25,48" hai1="59,102,33,9,115,54,20,86,127,123,4,80,13" hai2="96,98,44,24,99,8,7,21,74,23,40,5,11" hai3="93,106,94,128,55,90,130,109,62,124,1,110,114"/><U2/><E127/><V41/><F74/><W64/><G1/><T19/><D111/><N who="3" m="42505" /><G106/><T66/><D131/><N who="3" m="50217" /><G114/><T75/><D66/><U67/><E115/><V126/><F126/><W120/><G124/><T26/><D75/><U61/><E123/><V72/><F72/><W50/><G120/><T117/><D48/><U121/><E121/><V79/><F79/><W70/><G90/><T31/><D82/><U107/><E33/><V81/><F81/><W69/><G94/><T68/><D97/><U29/><E102/><V76/><F76/><W125/><G93/><T122/><D68/><U108/><E107/><V132/><F132/><W58/><G125/><T27/><D89/><N who="1" m="51399" /><E2/><V101/><F101/><W16/><G16/><T45/><D45/><AGARI ba="0,0" hai="45,50,55,58,62,64,69,70" m="50217,42505" machi="45" ten="30,7700,0" yaku="14,1,19,1,34,2" doraHai="85" who="3" fromWho="0" sc="409,-77,315,0,245,0,31,77" /><INIT seed="2,0,0,0,2,4" ten="332,315,245,108" oya="2" hai0="127,27,62,117,39,95,34,100,102,20,28,22,126" hai1="26,134,63,125,35,52,29,87,124,78,106,80,51" hai2="24,97,96,1,73,15,11,49,19,43,25,108,41" hai3="120,111,45,68,48,50,40,57,93,7,99,109,132"/><V74/><F108/><N who="3" m="41547" /><G120/><T115/><D39/><U36/><E36/><V90/><F1/><W77/><G68/><T9/><D115/><U119/><E119/><V65/><F65/><W55/><G77/><T58/><D117/><U10/><E106/><V123/><F123/><W31/><G31/><T69/><D69/><U129/><E134/><V17/><F49/><W38/><G7/><T135/><D135/><U118/><E118/><V107/><F107/><W2/><G2/><T23/><D9/><U133/><E133/><V32/><F32/><W104/><G132/><T71/><D71/><U64/><E129/><V21/><F25/><W94/><G50/><T56/><D56/><U84/><E84/><V72/><REACH who="2" step="1"/><F90/><REACH who="2" ten="332,315,235,108" step="2"/><W114/><G114/><T61/><D27/><U8/><E64/><V128/><F128/><W70/><G70/><T30/><D34/><U112/><E112/><V14/><F14/><W12/><G12/><T79/><D126/><N who="1" m="48747" /><E63/><V116/><F116/><W98/><G104/><T60/><D127/><U5/><E5/><V54/><F54/><W18/><G18/><T101/><D58/><AGARI ba="0,1" hai="8,10,26,29,35,51,52,58,78,80,87" m="48747" machi="58" ten="30,7700,0" yaku="18,1,52,2,54,1" doraHai="4" who="1" fromWho="0" sc="332,-77,315,87,235,0,108,0" /><INIT seed="3,0,0,5,2,8" ten="255,402,235,108" oya="3" hai0="73,3,36,51,115,33,66,22,79,81,7,111,67" hai1="85,11,134,47,23,52,1,57,12,92,91,16,135" hai2="133,117,62,101,83,124,42,120,106,29,112,72,95" hai3="63,78,126,41,46,18,100,13,5,26,55,89,129"/><W20/><G129/><T28/><D33/><U127/><E127/><V60/><F112/><W90/><G126/><T76/><D36/><U122/><E122/><V4/><F124/><W121/><G121/><T118/><D118/><U98/><E47/><V77/><F117/><W9/><G100/><T38/><D115/><U58/><E98/><V104/><F133/><W125/><G125/><T75/><D38/><U10/><E58/><V43/><F120/><W128/><G128/><T70/><D51/><N who="1" m="30879" /><E1/><V86/><F29/><W65/><G55/><T61/><D67/><U71/><E71/><V132/><F132/><AGARI ba="0,0" hai="10,11,12,16,23,85,91,92,132,134,135" m="30879" machi="132" ten="30,8000,1" yaku="25,1,20,1,52,1,54,2" doraHai="8" who="1" fromWho="2" sc="255,0,402,80,235,-80,108,0" /><INIT seed="4,0,0,4,0,114" ten="255,482,155,108" oya="0" hai0="53,134,100,70,132,124,88,72,37,61,21,117,9" hai1="123,94,32,125,118,68,89,33,31,40,64,102,28" hai2="63,111,78,71,30,12,45,133,11,120,83,101,113" hai3="26,93,49,103,1,86,60,107,119,92,36,48,41"/><T18/><D72/><U22/><E123/><V77/><F120/><W81/><G1/><T51/><D37/><U116/><E40/><V96/><F111/><W42/><G119/><N who="1" m="45610" /><E64/><V54/><F113/><W87/><G107/><T62/><D124/><U80/><E68/><V15/><F133/><N who="0" m="51306" /><D100/><U85/><E22/><V128/><F128/><W75/><G75/><T108/><D108/><U66/><E66/><V67/><F30/><W5/><G5/><T16/><D70/><U90/><E28/><V14/><F11/><W127/><G36/><T44/><D117/><U84/><E31/><V91/><F54/><W23/><G103/><T105/><D105/><U35/><E32/><V95/><F45/><W4/><G4/><T97/><D9/><U122/><E33/><V98/><REACH who="2" step="1"/><F83/><REACH who="2" ten="255,482,145,108" step="2"/><W131/><G131/><T43/><D53/><U104/><E35/><V74/><F74/><W57/><G127/><T126/><D126/><U10/><E10/><V7/><F7/><W50/><G42/><T34/><D34/><U55/><E55/><V29/><F29/><N who="3" m="17631" /><G41/><T121/><D121/><U56/><E125/><V79/><F79/><N who="3" m="46399" /><G87/><T112/><D112/><U59/><E122/><V3/><F3/><W27/><G27/><N who="0" m="14759" /><D18/><U39/><E80/><V38/><F38/><W69/><G69/><T19/><D19/><U109/><E39/><V106/><AGARI ba="0,1" hai="12,14,15,63,67,71,77,78,91,95,96,98,101,106" machi="106" ten="30,7900,0" yaku="1,1,0,1,53,2" doraHai="114" doraHaiUra="73" who="2" fromWho="2" sc="255,-39,482,-20,145,89,108,-20" /><INIT seed="5,0,0,4,2,15" ten="216,462,234,88" oya="1" hai0="83,102,51,5,62,123,108,110,35,117,94,48,58" hai1="75,34,52,3,49,33,2,128,45,38,17,19,111" hai2="135,116,85,115,31,132,119,134,101,60,73,121,77" hai3="126,120,61,96,130,98,63,127,71,59,0,93,103"/><U76/><E38/><V74/><F60/><W28/><G0/><N who="1" m="42" /><E76/><V14/><F14/><W16/><G120/><T64/><D5/><U6/><E75/><N who="2" m="28683" /><F31/><W26/><G130/><T36/><D35/><N who="1" m="13323" /><E6/><V57/><F57/><W129/><G129/><T104/><D36/><U65/><E65/><V53/><F53/><W9/><G28/><T25/><D25/><U39/><E39/><V88/><F121/><W131/><G131/><T13/><D123/><U54/><E128/><V95/><F115/><W67/><G98/><T11/><D117/><N who="2" m="45130" /><F77/><W97/><G97/><T90/><D110/><U27/><E27/><V42/><F42/><W30/><G30/><T91/><D108/><U112/><E111/><V107/><F101/><W20/><REACH who="3" step="1"/><G9/><REACH who="3" ten="216,462,234,78" step="2"/><T37/><D11/><U87/><E112/><V40/><F132/><W66/><AGARI ba="0,1" hai="16,20,26,59,61,63,66,67,71,93,96,103,126,127" machi="66" ten="30,12000,2" yaku="1,1,2,1,0,1,52,1,54,1,53,1" doraHai="15" doraHaiUra="99" who="3" fromWho="3" sc="216,-30,462,-60,234,-30,78,130" /><INIT seed="6,0,0,3,0,45" ten="186,402,204,208" oya="2" hai0="69,6,75,118,113,90,107,30,128,4,106,50,15" hai1="7,61,9,87,89,114,25,135,104,26,12,71,13" hai2="109,101,35,100,131,62,23,129,132,73,64,66,1" hai3="19,76,80,60,49,122,115,44,72,116,47,112,83"/><V46/><F132/><W98/><G116/><T86/><D75/><U52/><E135/><V16/><F35/><W68/><G122/><T58/><D69/><U42/><E104/><V108/><F73/><W21/><G83/><T102/><D118/><U18/><E114/><N who="3" m="43562" /><G98/><T111/><D113/><U41/><E71/><N who="2" m="42391" /><F66/><N who="3" m="41031" /><G49/><T14/><D102/><N who="2" m="39530" /><F46/><W133/><G133/><T39/><D106/><U55/><E42/><V5/><F5/><W8/><G8/><T130/><D107/><U124/><E41/><V63/><F63/><W10/><G10/><T126/><D39/><U53/><E61/><V56/><F56/><W121/><G121/><T95/><D6/><U65/><E65/><V37/><F37/><W43/><G43/><T84/><D4/><U94/><E124/><V92/><F92/><W127/><G127/><T70/><D126/><U123/><E123/><V34/><F34/><W105/><G105/><T38/><D38/><U99/><E99/><V103/><F103/><W79/><G76/><T11/><D70/><U27/><E55/><V67/><F67/><W28/><G28/><T24/><D58/><U59/><E59/><V120/><F120/><W48/><G48/><T96/><D50/><U77/><E77/><V134/><F134/><W54/><G54/><T17/><D96/><U3/><E3/><V51/><F1/><W22/><G22/><AGARI ba="0,0" hai="7,9,12,13,18,22,25,26,27,52,53,87,89,94" machi="22" ten="40,2600,0" yaku="8,1,54,1" doraHai="45" who="1" fromWho="3" sc="186,0,402,26,204,0,208,-26" /><INIT seed="7,0,0,5,0,31" ten="186,428,204,182" oya="3" hai0="29,93,38,48,13,61,131,69,97,56,52,110,54" hai1="103,71,88,9,130,43,63,35,117,57,17,40,114" hai2="129,84,33,5,1,67,82,127,98,26,19,78,101" hai3="132,39,81,108,109,30,68,72,133,46,73,135,94"/><W70/><G30/><T53/><D110/><N who="3" m="42601" /><G94/><T65/><D131/><U41/><E130/><V22/><F129/><W96/><G96/><T66/><D38/><U8/><E71/><N who="3" m="27178" /><G81/><T104/><D65/><U0/><E0/><V80/><F127/><W111/><N who="3" m="42609" /><W123/><DORA hai="125" /><G123/><T45/><D69/><U20/><E117/><V7/><F1/><W25/><G25/><T16/><D29/><U27/><E114/><V89/><F33/><W107/><G107/><T76/><D76/><U21/><E35/><V74/><F67/><W95/><G95/><AGARI ba="0,0" hai="5,7,19,22,26,74,78,80,82,84,89,95,98,101" machi="95" ten="30,1000,0" yaku="7,1" doraHai="31,125" who="2" fromWho="3" sc="186,0,428,0,204,10,182,-10" owari="186,-21.0,428,53.0,214,1.0,172,-33.0" /></mjloggm>