<mjloggm ver="2.3"><GO type="169" lobby="0"/><UN n0="%68%69%6A%69%68%69%6A%69" n1="%E3%81%8A%E3%82%93%E3%81%A8%E3%81%82" n2="%E3%81%BC%E3%81%AE" n3="%50%6F%6F%48%65%3F" dan="16,17,16,16" rate="2063.01,2242.08,2115.15,2167.96" sx="F,M,M,F"/><TAIKYOKU oya="0"/><INIT seed="0,0,0,5,5,127" ten="250,250,250,250" oya="0" hai0="102,14,126,129,20,135,112,61,17,117,19,65,68" hai1="121,92,82,39,49,90,50,8,115,57,78,97,58" hai2="23,132,116,98,41,16,24,51,125,46,109,18,5" hai3="4,38,119,10,45,79,104,9,56,59,3,47,106"/><T103/><D117/><U37/><E121/><V91/><F125/><W110/><G110/><T133/><D112/><U87/><E115/><V86/><F109/><W107/><G119/><T84/><D126/><U120/><E120/><V122/><F122/><W25/><G25/><T123/><D123/><U54/><REACH who="1" step="1"/><E8/><REACH who="1" ten="250,240,250,250" step="2"/><V22/><F116/><W29/><G10/><T66/><D135/><U64/><E64/><V85/><F132/><W53/><G29/><T26/><D66/><U101/><E101/><V100/><F5/><W40/><G47/><T42/><D133/><U2/><E2/><V130/><F100/><W93/><G53/><AGARI ba="0,1" hai="37,39,49,50,53,54,57,58,78,82,87,90,92,97" machi="53" ten="40,2600,0" yaku="1,1,9,1,53,0" doraHai="127" doraHaiUra="105" who="1" fromWho="3" sc="250,0,240,36,250,0,250,-26" /><INIT seed="1,0,0,5,3,99" ten="250,276,250,224" oya="1" hai0="81,39,36,100,68,34,79,44,132,21,74,50,19" hai1="33,43,123,16,3,57,114,75,47,30,14,13,89" hai2="24,67,83,54,93,20,53,96,5,1,113,119,56" hai3="110,42,121,72,101,108,92,58,94,117,66,112,133"/><U70/><E114/><V37/><F119/><W23/><G117/><T128/><D34/><U103/><E70/><V17/><F37/><W63/><G112/><T65/><D132/><U22/><E75/><V9/><F113/><W107/><G121/><T52/><D128/><U12/><E123/><V77/><F67/><W95/><G72/><T116/><D116/><U28/><E3/><V64/><F64/><W27/><G42/><T122/><D122/><U91/><E57/><V71/><F71/><W78/><G78/><T120/><D120/><U31/><E33/><V38/><F38/><W6/><G6/><T106/><D65/><U105/><E105/><V109/><F109/><N who="3" m="42091" /><G133/><T97/><REACH who="0" step="1"/><D68/><REACH who="0" ten="240,276,250,224" step="2"/><U115/><E115/><V87/><REACH who="2" step="1"/><F56/><REACH who="2" ten="240,276,240,224" step="2"/><W86/><G66/><T60/><D60/><U46/><E46/><V76/><F76/><W73/><G63/><T8/><D8/><U88/><REACH who="1" step="1"/><E103/><AGARI ba="0,2" hai="1,5,9,17,20,24,53,54,77,83,87,93,96,103" machi="103" ten="30,3900,0" yaku="1,1,7,1,52,1,53,0" doraHai="99" doraHaiUra="127" who="2" fromWho="1" sc="240,0,276,-39,240,59,224,0" /><INIT seed="2,0,0,3,2,98" ten="240,237,299,224" oya="2" hai0="54,53,95,82,13,24,38,90,39,37,10,50,117" hai1="79,18,2,94,49,122,118,12,96,47,44,57,119" hai2="25,110,80,45,36,78,21,101,34,92,4,71,56" hai3="85,126,124,134,20,67,62,128,106,121,89,3,66"/><V68/><F34/><W132/><G121/><T22/><D117/><U103/><E2/><V75/><F110/><W32/><G3/><T107/><D107/><U123/><E79/><V129/><F129/><W65/><G32/><T16/><D82/><U74/><E74/><V130/><F130/><W30/><G106/><T72/><D72/><U84/><E84/><V113/><F113/><W111/><G111/><T19/><REACH who="0" step="1"/><D50/><REACH who="0" ten="230,237,299,224" step="2"/><U93/><E118/><V55/><F80/><N who="3" m="49319" /><G128/><T104/><D104/><U1/><E119/><V7/><F75/><W59/><G126/><T15/><D15/><U91/><E1/><V35/><F92/><W109/><G109/><T52/><D52/><N who="1" m="31887" /><E123/><V5/><F55/><W76/><G124/><T73/><D73/><U133/><E122/><V116/><F116/><W88/><G132/><T26/><D26/><U0/><E0/><V112/><F25/><N who="3" m="16679" /><G134/><T60/><D60/><U17/><E133/><V125/><F125/><W8/><G67/><T46/><D46/><U100/><E94/><V51/><F45/><N who="1" m="17481" /><E12/><V43/><F112/><W40/><G66/><T114/><D114/><U63/><E63/><V29/><F51/><W23/><G65/><T33/><D33/><U31/><E31/><V64/><F29/><W102/><G62/><T6/><D6/><U58/><E58/><V97/><F64/><W87/><G59/><T115/><D115/><U27/><E27/><V61/><F56/><W120/><G120/><T77/><D77/><U41/><E41/><V9/><F61/><W127/><G127/><T28/><D28/><U42/><E42/><RYUUKYOKU ba="0,1" sc="230,15,237,15,299,-15,224,-15" hai0="10,13,16,19,22,24,37,38,39,53,54,90,95" hai1="17,18,91,93,96,100,103" /><INIT seed="3,1,1,3,0,87" ten="245,252,284,209" oya="3" hai0="23,119,19,82,4,129,85,130,114,26,104,125,48" hai1="53,6,115,78,17,117,35,55,22,128,29,92,90" hai2="110,14,106,134,63,80,58,5,32,30,94,1,24" hai3="31,33,46,10,95,41,133,59,91,86,21,75,27"/><W122/><G122/><T37/><D119/><U77/><E115/><V13/><F106/><W98/><G75/><T20/><D37/><U28/><E6/><V71/><F71/><W65/><G133/><T7/><D104/><U113/><E128/><N who="0" m="49257" /><D114/><U99/><E117/><V54/><F134/><W72/><G72/><T11/><D125/><U135/><E135/><V56/><F110/><W123/><G123/><T61/><D61/><U40/><E40/><V64/><F80/><W9/><G33/><T81/><D48/><U51/><E35/><V42/><F42/><W44/><G44/><T69/><D69/><U49/><E113/><V124/><F124/><W74/><G74/><T34/><D34/><U62/><E62/><V68/><F68/><W25/><G65/><T76/><D11/><U38/><E38/><V96/><F5/><W93/><G59/><T105/><D105/><U60/><E60/><V111/><F1/><W70/><G27/><N who="0" m="14751" /><D82/><U2/><E51/><V89/><F111/><W121/><G70/><T120/><D120/><U103/><E2/><V50/><AGARI ba="1,1" hai="13,14,24,30,32,50,54,56,58,63,64,89,94,96" machi="50" ten="20,2700,0" yaku="0,1,7,1,52,1" doraHai="87" who="2" fromWho="2" sc="245,-8,252,-8,284,40,209,-14" /><INIT seed="4,0,0,1,0,121" ten="237,244,324,195" oya="0" hai0="59,57,83,32,11,65,101,58,12,23,33,106,66" hai1="27,26,48,90,111,14,94,38,104,70,55,3,21" hai2="15,130,68,54,0,36,119,41,37,103,28,24,97" hai3="113,89,4,84,91,124,109,133,108,19,88,50,67"/><T75/><D23/><U17/><E70/><V64/><F0/><W46/><G133/><T85/><D75/><U100/><E38/><V62/><F130/><W127/><G113/><T31/><D106/><U35/><E111/><V116/><F15/><W78/><G67/><T129/><D101/><U10/><E104/><N who="2" m="63599" /><F54/><N who="3" m="30039" /><G4/><T105/><D105/><U22/><E100/><V34/><F41/><W120/><G120/><T71/><D129/><U63/><E63/><V81/><F81/><N who="3" m="47159" /><G19/><T25/><D33/><U112/><E112/><V82/><F82/><W115/><G115/><T47/><D47/><U132/><E132/><V80/><F80/><W29/><G29/><T51/><D51/><U45/><E3/><V39/><AGARI ba="0,0" hai="24,28,34,36,37,39,62,64,68,116,119" m="63599" machi="39" ten="40,2700,0" yaku="25,1,23,1" doraHai="121" who="2" fromWho="2" sc="237,-13,244,-7,324,27,195,-7" /><INIT seed="5,0,0,0,0,28" ten="224,237,351,188" oya="1" hai0="105,77,81,15,50,36,98,40,76,45,35,2,39" hai1="79,60,7,19,17,126,85,48,116,96,74,22,10" hai2="104,108,135,115,13,29,127,129,32,83,34,110,33" hai3="62,101,1,91,14,86,63,16,38,87,3,118,44"/><U70/><E116/><V128/><F104/><W103/><G118/><T27/><D2/><U25/><E126/><V120/><F120/><W49/><G38/><T26/><D15/><U125/><E125/><V113/><F127/><W94/><G86/><T72/><D77/><U46/><E74/><V67/><F135/><W9/><G1/><T71/><D71/><U95/><E70/><V133/><F133/><W99/><G3/><T8/><D8/><U54/><E60/><V112/><F67/><W64/><G64/><T123/><D123/><U117/><E117/><V84/><F13/><W11/><G11/><T100/><D26/><U4/><E19/><V107/><F107/><W52/><REACH who="3" step="1"/><G101/><REACH who="3" ten="224,237,351,178" step="2"/><T65/><D65/><U111/><E10/><V0/><F0/><W89/><G89/><T97/><D97/><U57/><E111/><N who="2" m="42539" /><F29/><W56/><G56/><T80/><D39/><U102/><E57/><V12/><F12/><W42/><G42/><T53/><D36/><U88/><REACH who="1" step="1"/><E79/><AGARI ba="0,1" hai="32,33,34,79,83,84,112,113,115,128,129" m="42539" machi="79" ten="50,8000,1" yaku="15,1,11,1,52,3" doraHai="28" who="2" fromWho="1" sc="224,0,237,-80,351,90,178,0" /><INIT seed="6,0,0,1,5,65" ten="224,157,441,178" oya="2" hai0="2,53,135,69,90,120,128,115,74,21,119,117,54" hai1="70,33,1,84,89,133,17,110,96,44,6,11,134" hai2="43,7,18,40,114,111,48,123,85,46,47,126,76" hai3="66,56,55,87,109,101,82,20,59,108,122,58,27"/><V93/><F123/><W9/><G122/><T107/><RYUUKYOKU type="yao9" ba="0,0" sc="224,0,157,0,441,0,178,0" hai0="2,21,53,54,69,74,90,107,115,117,119,120,128,135" /><INIT seed="6,1,0,0,3,118" ten="224,157,441,178" oya="2" hai0="102,0,70,134,59,38,87,18,44,34,90,19,135" hai1="20,25,128,14,50,39,8,54,33,115,1,113,101" hai2="62,11,22,107,64,43,65,92,4,110,124,12,119" hai3="108,111,99,79,100,10,72,83,23,58,86,3,17"/><V68/><F107/><W15/><G58/><T55/><D70/><U97/><E39/><V105/><F105/><W42/><G42/><N who="0" m="22615" /><D34/><U2/><E128/><V121/><F124/><W26/><G3/><N who="1" m="1034" /><E97/><V104/><F104/><W82/><G99/><T76/><D0/><U132/><E101/><V114/><F114/><N who="1" m="43529" /><E50/><V96/><F62/><W32/><G32/><T112/><D76/><U45/><E45/><V120/><F119/><W53/><G53/><T117/><D102/><U46/><E46/><V116/><F110/><W80/><G100/><T73/><D73/><U27/><E54/><V126/><F126/><W75/><G75/><T41/><D117/><U103/><E103/><V36/><F36/><W71/><G71/><T89/><D41/><U131/><E131/><V35/><F43/><W69/><G69/><T57/><D90/><U77/><E77/><V9/><F96/><W91/><REACH who="3" step="1"/><G82/><REACH who="3" ten="224,157,441,168" step="2"/><N who="0" m="49399" /><D59/><U133/><E33/><V122/><F35/><W78/><G78/><T93/><D112/><U28/><E27/><V31/><F68/><W123/><G123/><T16/><D93/><U60/><E60/><V30/><F92/><W109/><G109/><T67/><D55/><U66/><E66/><V52/><F52/><W95/><G95/><T21/><D67/><U74/><E74/><V94/><F64/><W98/><G98/><T61/><D61/><U127/><E127/><V37/><F65/><W84/><G84/><T7/><D57/><U85/><E85/><V63/><F63/><W56/><G56/><T81/><D81/><U29/><E29/><AGARI ba="1,1" hai="10,15,17,23,26,29,72,79,80,83,86,91,108,111" machi="29" ten="30,2000,0" yaku="1,1,7,1,53,0" doraHai="118" doraHaiUra="129" who="3" fromWho="1" sc="224,0,157,-23,441,0,168,33" /><INIT seed="7,0,0,5,0,94" ten="224,134,441,201" oya="3" hai0="8,7,38,59,31,21,68,4,112,71,132,2,134" hai1="123,88,135,5,129,121,62,92,23,28,15,47,130" hai2="127,17,95,106,13,67,32,19,114,65,128,66,105" hai3="22,64,60,90,55,63,45,122,74,56,91,82,101"/><W36/><G122/><T120/><D120/><U126/><E121/><V35/><F114/><W20/><G101/><T46/><D112/><U41/><E123/><V69/><F69/><W131/><G131/><T72/><D72/><U85/><E126/><V42/><F42/><W18/><G74/><T78/><D78/><U97/><E135/><N who="0" m="51753" /><D7/><U99/><E62/><V111/><F111/><W75/><G75/><T100/><D100/><U76/><E28/><V49/><F49/><W86/><G36/><T89/><D89/><U124/><E124/><V30/><F95/><W25/><G45/><T50/><D59/><U125/><E125/><V44/><F44/><W58/><G22/><T27/><D38/><U108/><E108/><V83/><F66/><W119/><G119/><T53/><AGARI ba="0,0" hai="2,4,8,21,27,31,46,50,53,68,71" m="51753" machi="53" ten="30,1100,0" yaku="20,1" doraHai="94" who="0" fromWho="0" sc="224,11,134,-3,441,-3,201,-5" owari="235,4.0,131,-37.0,438,53.0,196,-20.0" /></mjloggm>