<mjloggm ver="2.3"><GO type="169" lobby="0"/><UN n0="%E6%98%8E%E6%97%A5%E3%81%AE%E3%82%86%E3%81%8F%E3%81%88" n1="%6D%61%74%74%75%61%6E" n2="%E9%A7%92%E5%B8%AB%E6%97%A5%E5%90%91" n3="%E3%81%8A%E3%81%98%E3%81%95%E3%82%93" dan="17,16,16,16" rate="2239.26,2207.15,2051.08,2173.91" sx="F,M,M,M"/><TAIKYOKU oya="0"/><INIT seed="0,0,0,2,4,14" ten="250,250,250,250" oya="0" hai0="134,130,49,29,120,91,106,117,20,56,19,94,108" hai1="105,25,37,70,88,31,121,58,2,35,59,4,63" hai2="34,126,78,50,85,32,60,18,84,8,9,26,39" hai3="5,123,93,65,72,71,30,61,83,129,24,55,48"/><T87/><D117/><U74/><E121/><V28/><F39/><W57/><G123/><T99/><D120/><U52/><E37/><V21/><F126/><W118/><G118/><T38/><D38/><U100/><E74/><V36/><F36/><W113/><G113/><T112/><D112/><U6/><E70/><V27/><F34/><W12/><G129/><T109/><D130/><U124/><E2/><V131/><F131/><W86/><G93/><T40/><D134/><U90/><E100/><V107/><F107/><W67/><G72/><T15/><D29/><U53/><E105/><V97/><F97/><W111/><G111/><N who="0" m="42571" /><D106/><U101/><E101/><V33/><F33/><W1/><G1/><T0/><D0/><U16/><E6/><V62/><F50/><W76/><G67/><T64/><D64/><U68/><E4/><V92/><F92/><W128/><G128/><T75/><D75/><U54/><E68/><V133/><F133/><W41/><G41/><T46/><D56/><U11/><E124/><V43/><F43/><W45/><G71/><T89/><D89/><U127/><E127/><V122/><F122/><W44/><G44/><T23/><D23/><N who="1" m="15807" /><E54/><V104/><F104/><W10/><G30/><T82/><D82/><U95/><E35/><V116/><F116/><W51/><G51/><T115/><D115/><U96/><E95/><V22/><F32/><W47/><G47/><T135/><D135/><U119/><E119/><V13/><F62/><W7/><G7/><T3/><D3/><U80/><E80/><V132/><F132/><W17/><G5/><RYUUKYOKU ba="0,0" sc="250,15,250,-15,250,-15,250,15" hai0="15,19,20,40,46,49,87,91,94,99" hai3="10,12,17,24,45,48,55,57,61,65,76,83,86" /><INIT seed="0,1,0,4,4,29" ten="265,235,235,265" oya="0" hai0="114,44,15,118,24,72,73,70,93,30,105,115,42" hai1="25,106,132,54,9,116,109,23,55,35,80,53,98" hai2="28,112,57,10,3,58,34,59,64,49,120,68,133" hai3="63,82,83,107,89,91,0,20,5,48,126,88,17"/><T16/><D105/><U40/><E116/><V84/><F112/><W121/><G107/><T134/><D118/><U22/><E109/><V31/><F120/><W124/><G121/><T85/><D70/><U56/><E132/><V135/><F28/><W123/><G123/><T45/><D134/><N who="2" m="51210" /><F84/><W61/><G48/><T13/><D13/><U4/><E40/><V92/><F92/><W97/><G97/><T131/><D131/><U47/><E47/><V75/><F75/><W102/><G102/><T99/><D85/><U130/><E130/><V104/><F68/><W36/><G36/><T76/><D114/><U19/><E23/><V11/><F104/><W2/><G20/><T95/><D95/><U62/><E80/><N who="3" m="30762" /><G17/><T14/><D44/><U43/><E43/><V127/><F127/><N who="3" m="48683" /><G5/><T66/><D14/><U79/><E79/><V87/><F87/><W12/><G12/><T94/><D76/><U46/><E46/><V7/><F11/><W81/><G81/><T113/><D113/><U103/><E35/><V86/><F86/><W65/><G65/><T50/><D66/><U27/><E25/><N who="2" m="18799" /><F49/><W37/><G37/><T100/><D93/><U96/><REACH who="1" step="1"/><E98/><REACH who="1" ten="265,225,235,265" step="2"/><V90/><F64/><W101/><G101/><T41/><D41/><U6/><E6/><V74/><F74/><W71/><G71/><T77/><D115/><U26/><E26/><V38/><F38/><W110/><G110/><T67/><D77/><U125/><E125/><V122/><F122/><W1/><AGARI ba="1,1" hai="0,1,2,61,63,88,89,91" m="48683,30762" machi="1" ten="40,8000,1" yaku="28,2,18,1,54,1" doraHai="29" who="3" fromWho="3" sc="265,-41,225,-21,235,-21,265,93" /><INIT seed="1,0,0,2,3,119" ten="224,204,214,358" oya="1" hai0="124,79,84,121,62,23,59,21,120,60,46,96,24" hai1="107,95,66,3,115,80,45,117,22,40,6,56,94" hai2="51,52,81,86,82,111,54,114,93,29,83,109,7" hai3="30,73,65,135,28,49,76,98,118,11,75,105,26"/><U25/><E117/><V39/><F39/><W99/><G118/><T97/><D124/><U14/><E115/><V27/><F7/><W44/><G135/><T72/><D72/><U87/><E107/><V5/><F5/><W67/><G11/><T18/><D46/><U2/><E2/><V1/><F1/><W129/><G44/><T16/><D79/><U43/><E3/><V133/><F133/><W8/><G8/><T88/><D84/><U58/><E14/><V57/><F54/><W55/><G49/><T12/><D60/><N who="1" m="38151" /><E58/><V64/><F64/><W78/><G26/><T31/><D31/><N who="1" m="17847" /><E6/><V122/><F93/><N who="1" m="35337" /><E45/><V37/><F37/><W112/><G55/><N who="0" m="34175" /><D88/><AGARI ba="0,0" hai="40,43,80,87,88" m="35337,17847,38151" machi="88" ten="30,2900,0" yaku="8,1,54,1" doraHai="119" who="1" fromWho="0" sc="224,-29,204,29,214,0,358,0" /><INIT seed="1,1,0,1,4,132" ten="195,233,214,358" oya="1" hai0="9,46,23,33,4,55,95,110,60,107,48,12,113" hai1="92,32,50,69,26,72,22,64,123,44,78,13,45" hai2="88,119,104,128,96,6,11,53,111,40,31,56,49" hai3="89,51,19,116,16,36,112,125,83,2,103,67,101"/><U68/><E123/><V79/><F119/><W134/><G36/><T108/><D107/><U75/><E32/><V62/><F111/><N who="0" m="42538" /><D33/><U47/><E50/><V58/><F128/><W24/><G2/><T15/><D113/><U70/><E13/><V74/><F31/><W25/><G67/><T57/><D95/><U99/><E64/><V100/><F79/><W1/><G1/><N who="0" m="143" /><D23/><U59/><E59/><V121/><F74/><W117/><G51/><T87/><D87/><U73/><E78/><V91/><F121/><W98/><G98/><T7/><D7/><U21/><REACH who="1" step="1"/><E26/><REACH who="1" ten="195,223,214,358" step="2"/><V135/><F135/><W105/><G134/><T8/><D8/><U42/><E42/><AGARI ba="1,1" hai="12,15,42,46,48,55,57,60" m="143,42538" machi="42" ten="30,1000,0" yaku="14,1" doraHai="132" who="0" fromWho="1" sc="195,23,223,-13,214,0,358,0" /><INIT seed="2,0,0,2,5,65" ten="218,210,214,358" oya="2" hai0="73,49,44,124,62,10,95,107,111,48,26,125,4" hai1="41,57,129,135,94,115,19,61,81,52,74,84,119" hai2="90,39,14,127,97,34,5,133,116,35,126,45,56" hai3="27,0,76,68,17,104,89,79,131,120,102,33,106"/><V42/><F116/><W100/><G0/><T108/><D107/><U36/><E115/><V54/><F133/><W117/><G120/><T38/><D73/><U69/><E119/><V53/><F5/><W77/><G117/><T2/><D26/><U51/><E135/><V114/><F114/><W59/><G131/><T1/><D1/><U70/><E129/><V93/><F14/><W75/><G75/><T20/><D20/><U83/><E74/><V86/><F54/><W128/><G68/><T60/><D95/><U132/><E132/><V98/><F98/><W130/><G77/><T22/><D22/><U6/><E6/><V13/><F13/><W25/><G59/><T3/><D10/><U21/><E94/><V134/><F97/><W8/><G89/><T7/><D44/><U18/><E36/><AGARI ba="0,0" hai="2,3,4,7,36,38,48,49,60,62,108,111,124,125" machi="36" ten="25,1600,0" yaku="22,2" doraHai="65" who="0" fromWho="1" sc="218,16,210,-16,214,0,358,0" /><INIT seed="3,0,0,4,1,68" ten="234,194,214,358" oya="3" hai0="135,44,31,30,89,53,11,62,94,123,69,122,42" hai1="124,26,60,7,75,46,36,28,133,132,83,6,17" hai2="74,130,67,72,126,2,114,116,95,84,99,14,18" hai3="113,117,90,45,38,12,128,35,129,50,48,96,32"/><W108/><G113/><T63/><D135/><N who="1" m="51787" /><E60/><V27/><F116/><W85/><G117/><T70/><D11/><U71/><E71/><N who="0" m="27145" /><D89/><U102/><E102/><V119/><F2/><W33/><G96/><T103/><D94/><U5/><E124/><V115/><F67/><W21/><G108/><T106/><D103/><U58/><E58/><V34/><F126/><W15/><G21/><T120/><D106/><U10/><E17/><V43/><F43/><N who="3" m="22775" /><G12/><T82/><D82/><U81/><E75/><V87/><F27/><W52/><G52/><T51/><D30/><U65/><E65/><V0/><F74/><W134/><G15/><T4/><D4/><U25/><E10/><V39/><F72/><W9/><G9/><T1/><D31/><U54/><E54/><V88/><F14/><W121/><G121/><N who="0" m="30979" /><T86/><DORA hai="41" /><D86/><U59/><E59/><V100/><F84/><W3/><G3/><T80/><D80/><N who="1" m="30795" /><E28/><V20/><F87/><W105/><G105/><T23/><D1/><U107/><E107/><V98/><F0/><W76/><G134/><T29/><D29/><U91/><E91/><V111/><F88/><W78/><G90/><T61/><D23/><U24/><E24/><V66/><F20/><W16/><G16/><T8/><D8/><U104/><E104/><V40/><F100/><W93/><G85/><T125/><D125/><U97/><E97/><V47/><F99/><W73/><G93/><T118/><D118/><U57/><E57/><AGARI ba="0,0" hai="42,44,51,53,57,61,62,63" m="30979,27145" machi="57" ten="50,6400,0" yaku="34,2,52,1" doraHai="68,41" who="0" fromWho="1" sc="234,64,194,-64,214,0,358,0" /><INIT seed="4,0,0,3,5,127" ten="298,130,214,358" oya="0" hai0="71,23,86,36,32,61,52,95,93,129,4,16,126" hai1="118,28,125,97,9,35,46,21,99,59,110,92,5" hai2="48,55,132,67,10,41,72,19,105,103,81,58,112" hai3="39,82,69,54,128,94,108,62,64,50,34,1,116"/><T44/><D32/><U7/><E110/><V106/><F132/><W49/><G1/><T42/><D126/><U20/><E125/><V14/><F112/><W117/><G34/><T91/><D129/><U3/><E118/><V104/><F41/><W111/><G94/><T131/><D131/><U30/><E46/><V115/><F115/><W40/><G82/><T11/><D71/><U13/><E59/><V26/><F67/><W119/><G128/><T77/><D77/><U88/><E99/><V96/><F72/><W0/><G0/><T75/><D75/><U12/><E3/><V113/><F113/><W63/><G63/><T90/><D4/><U31/><REACH who="1" step="1"/><E35/><REACH who="1" ten="298,120,214,358" step="2"/><V85/><REACH who="2" step="1"/><F26/><REACH who="2" ten="298,120,204,358" step="2"/><W84/><G119/><T107/><D42/><U121/><E121/><V8/><F8/><AGARI ba="0,2" hai="5,7,8,9,12,13,20,21,28,30,31,88,92,97" machi="8" ten="40,8000,1" yaku="1,1,9,1,8,1,54,1,53,0" doraHai="127" doraHaiUra="135" who="1" fromWho="2" sc="298,0,120,100,204,-80,358,0" /><INIT seed="5,0,0,2,3,88" ten="298,220,124,358" oya="1" hai0="104,100,75,97,40,13,73,83,60,4,127,57,120" hai1="39,134,91,29,2,34,78,72,135,70,18,94,95" hai2="42,99,27,65,93,76,7,102,46,24,41,33,64" hai3="109,20,114,90,47,56,122,126,48,79,38,0,81"/><U16/><E2/><V1/><F76/><W133/><G0/><T63/><D127/><U21/><E70/><V61/><F64/><W110/><G122/><T121/><D40/><U115/><E39/><V6/><F1/><W36/><G114/><T112/><D112/><U11/><E115/><V5/><F33/><W71/><G71/><T10/><D63/><U37/><E37/><V74/><F74/><W108/><G133/><N who="1" m="50698" /><E91/><V132/><F132/><W128/><G90/><T84/><D84/><U62/><E62/><V22/><F46/><W53/><G128/><T52/><REACH who="0" step="1"/><D83/><REACH who="0" ten="288,220,124,358" step="2"/><N who="1" m="45511" /><E11/><V59/><REACH who="2" step="1"/><F27/><REACH who="2" ten="288,220,114,358" step="2"/><W92/><G108/><T12/><D12/><U55/><E34/><V51/><F51/><W25/><G109/><T87/><D87/><U82/><E82/><V106/><F106/><W17/><G110/><T101/><D101/><U30/><E55/><V9/><F9/><W26/><G53/><T89/><D89/><U113/><E113/><V118/><F118/><W85/><G36/><T54/><D54/><U111/><E111/><V130/><F130/><W77/><G38/><T119/><D119/><U67/><E67/><V124/><F124/><W105/><G126/><T80/><D80/><U19/><E21/><V129/><F129/><W14/><G20/><T66/><D66/><U31/><AGARI ba="0,2" hai="16,18,19,29,30,31,94,95" m="45511,50698" machi="31" ten="40,12000,1" yaku="20,1,52,2,54,1" doraHai="88" who="1" fromWho="1" sc="288,-40,220,140,114,-40,358,-40" /><INIT seed="5,1,0,1,1,67" ten="248,360,74,318" oya="1" hai0="5,49,97,120,82,85,108,119,55,34,36,114,61" hai1="37,134,70,51,21,107,50,20,7,91,73,18,128" hai2="17,23,79,127,62,132,9,60,113,41,122,3,68" hai3="31,116,109,115,27,35,1,124,76,38,39,77,74"/><U104/><E37/><V126/><F122/><W53/><G109/><T110/><D36/><U105/><E73/><V58/><F132/><W65/><G115/><T33/><D119/><U0/><E134/><V133/><F133/><W16/><G1/><T2/><D114/><U88/><E128/><V14/><F113/><W46/><G124/><T66/><D120/><U11/><E70/><V72/><F41/><W57/><G65/><T86/><D86/><U40/><E21/><V121/><F121/><W117/><G38/><T102/><D33/><U24/><REACH who="1" step="1"/><E51/><REACH who="1" ten="248,350,74,318" step="2"/><V130/><F130/><W25/><G39/><T111/><D34/><U28/><E28/><V87/><F72/><W52/><G74/><T83/><D110/><U80/><E80/><V135/><F135/><W118/><G118/><T15/><D83/><U131/><E131/><V112/><F112/><W98/><G117/><T99/><D111/><U44/><AGARI ba="1,1" hai="0,7,11,18,20,24,40,44,50,88,91,104,105,107" machi="44" ten="40,7800,0" yaku="1,1,0,1,54,1,53,0" doraHai="67" doraHaiUra="94" who="1" fromWho="1" sc="248,-27,350,91,74,-27,318,-27" /><INIT seed="5,2,0,2,4,91" ten="221,441,47,291" oya="1" hai0="90,1,123,130,44,92,5,37,133,41,56,17,106" hai1="105,118,25,54,81,120,83,114,107,94,30,26,11" hai2="74,101,48,8,27,129,102,16,0,18,86,43,9" hai3="97,59,89,29,79,10,72,31,45,131,99,80,21"/><U57/><E114/><V96/><F129/><W67/><G131/><T3/><D130/><U119/><E120/><V128/><F128/><W20/><G10/><T104/><D133/><U93/><E11/><V82/><F74/><W19/><G45/><T110/><D110/><U24/><E57/><V38/><F38/><W65/><G59/><T22/><D123/><U88/><E54/><V35/><F102/><W115/><G115/><T4/><D4/><U116/><E88/><V23/><F35/><W71/><G71/><T84/><D5/><U66/><E66/><V33/><F33/><W98/><G89/><T127/><D127/><U50/><E50/><V2/><F8/><W53/><G53/><T63/><D106/><N who="1" m="40459" /><E30/><V58/><F58/><W109/><G109/><T14/><REACH who="0" step="1"/><D104/><REACH who="0" ten="211,441,47,291" step="2"/><U112/><E112/><V78/><F2/><W28/><REACH who="3" step="1"/><G21/><REACH who="3" ten="211,441,47,281" step="2"/><T70/><D70/><U111/><E111/><V61/><F0/><W132/><G132/><T40/><D40/><U69/><E69/><V60/><F9/><W39/><G39/><T47/><D47/><U125/><E125/><V108/><F108/><W134/><G134/><T7/><D7/><U103/><E119/><V121/><F121/><W100/><G100/><T34/><D34/><U113/><E103/><V6/><F6/><W135/><G135/><T76/><D76/><U46/><E113/><V51/><F101/><W62/><G62/><T15/><D15/><AGARI ba="2,2" hai="15,19,20,28,29,31,65,67,72,79,80,97,98,99" machi="15" ten="40,1300,0" yaku="1,1,53,0" doraHai="91" doraHaiUra="87" who="3" fromWho="0" sc="211,-19,441,0,47,0,281,39" /><INIT seed="6,0,0,2,1,111" ten="192,441,47,320" oya="2" hai0="16,117,50,96,6,113,126,43,2,24,90,99,135" hai1="91,25,93,62,20,122,52,116,133,1,125,127,104" hai2="102,27,85,31,112,21,46,87,83,108,79,47,41" hai3="64,128,70,121,95,61,129,114,42,57,72,12,38"/><V8/><F108/><W37/><G72/><T33/><D117/><U54/><E116/><V40/><F112/><W23/><G121/><T30/><D126/><U39/><E104/><V4/><F102/><W56/><G95/><T15/><D135/><U45/><E133/><V7/><F87/><W22/><G12/><T100/><D113/><U28/><E1/><V84/><F84/><W35/><G35/><T92/><D43/><N who="1" m="22783" /><E62/><V19/><F19/><W81/><G81/><T58/><D50/><U101/><E101/><V13/><REACH who="2" step="1"/><F7/><REACH who="2" ten="192,441,37,320" step="2"/><W97/><G114/><T53/><D6/><U71/><E122/><V89/><F89/><W5/><G5/><T36/><D100/><U76/><E76/><V134/><F134/><W60/><G97/><T78/><D78/><U94/><E91/><V44/><AGARI ba="0,1" hai="4,8,13,21,27,31,40,41,44,46,47,79,83,85" machi="44" ten="30,6000,0" yaku="1,1,0,1,8,1,53,0" doraHai="111" doraHaiUra="69" who="2" fromWho="2" sc="192,-20,441,-20,37,70,320,-20" /><INIT seed="6,1,0,5,2,23" ten="172,421,107,300" oya="2" hai0="46,113,88,20,62,16,100,28,107,57,103,125,19" hai1="76,41,6,58,128,48,75,104,131,79,82,67,130" hai2="25,43,127,84,51,68,37,81,61,111,15,108,22" hai3="69,33,0,86,77,38,14,10,123,59,126,8,60"/><V12/><F127/><W118/><G118/><T4/><D125/><U65/><E104/><V102/><F37/><W94/><G123/><T45/><D113/><U63/><E79/><V106/><F106/><W56/><G69/><T50/><D4/><U70/><E6/><V85/><F102/><W122/><G33/><T30/><D107/><U119/><E119/><V13/><F43/><W83/><G38/><T101/><D19/><U98/><E98/><V87/><F51/><W3/><G122/><T72/><D72/><U27/><E27/><V17/><REACH who="2" step="1"/><F81/><REACH who="2" ten="172,421,97,300" step="2"/><W112/><G83/><T66/><D46/><U92/><E41/><V9/><F9/><W73/><G10/><T32/><D32/><U109/><E48/><V80/><F80/><W52/><G8/><T116/><D116/><U40/><E40/><V24/><F24/><W36/><G36/><T49/><D49/><U18/><E82/><V47/><F47/><W42/><G42/><N who="0" m="24887" /><D88/><U134/><E130/><V74/><F74/><W99/><G73/><T124/><D124/><U2/><E75/><V54/><F54/><W26/><G126/><T133/><D133/><U34/><E134/><V114/><F114/><W29/><G52/><T95/><D95/><U135/><E135/><V55/><F55/><W78/><G94/><T64/><D64/><AGARI ba="1,1" hai="12,13,15,17,22,25,61,64,68,84,85,87,108,111" machi="64" ten="50,4800,0" yaku="1,1,52,1,53,0" doraHai="23" doraHaiUra="129" who="2" fromWho="0" sc="172,-51,421,0,97,61,300,0" /><INIT seed="6,2,0,3,0,119" ten="121,421,158,300" oya="2" hai0="104,131,87,22,52,26,31,112,45,17,42,19,98" hai1="1,105,15,43,83,51,114,132,72,6,5,126,115" hai2="78,36,24,135,124,106,63,25,90,12,121,108,127" hai3="57,134,66,75,99,125,77,21,14,20,53,62,4"/><V32/><F36/><W89/><G125/><N who="2" m="48201" /><F106/><W85/><G134/><T0/><D112/><N who="1" m="43051" /><E126/><V27/><F78/><W28/><G99/><T29/><D131/><U55/><E1/><V76/><F76/><W129/><G129/><T54/><D0/><U9/><E132/><V67/><F135/><W117/><G117/><T84/><D104/><U39/><E105/><V133/><F133/><W46/><G75/><T74/><D74/><U69/><E69/><N who="2" m="42239" /><F32/><W86/><G86/><T101/><D101/><U73/><E83/><V18/><F90/><W47/><G77/><T107/><D107/><U71/><E71/><V59/><F59/><W82/><G66/><T94/><D84/><U80/><E80/><V118/><F108/><W33/><G33/><T60/><D87/><U11/><E39/><V10/><F118/><W49/><G46/><T95/><D19/><U128/><E128/><V100/><F100/><W130/><G130/><T41/><D95/><U81/><E81/><V123/><AGARI ba="2,0" hai="10,12,18,24,25,27,121,123" m="42239,48201" machi="123" ten="40,7800,0" yaku="18,1,52,2" doraHai="119" who="2" fromWho="2" sc="121,-28,421,-28,158,84,300,-28" /><INIT seed="6,3,0,5,0,19" ten="93,393,242,272" oya="2" hai0="3,110,117,67,94,30,84,123,48,112,129,31,126" hai1="106,91,61,116,53,104,38,80,64,85,56,15,44" hai2="49,70,99,82,71,59,102,4,73,1,97,0,39" hai3="18,10,51,118,26,128,113,93,7,115,55,34,83"/><V47/><F99/><W20/><G118/><T43/><D117/><U45/><E116/><V63/><F39/><W24/><G128/><T87/><D110/><U25/><E45/><V35/><F35/><W111/><G111/><T121/><D3/><U72/><E72/><V127/><F127/><W22/><G34/><T74/><D74/><U89/><E91/><V96/><F96/><W5/><G93/><T135/><D129/><U100/><E100/><V68/><F4/><W28/><G83/><T75/><D75/><U17/><E25/><V101/><F101/><W36/><G36/><T95/><D126/><U133/><E133/><V119/><F119/><W77/><G77/><T14/><D135/><U42/><E53/><V109/><F109/><W88/><G88/><T37/><D37/><U78/><E89/><V32/><F32/><W105/><G105/><T90/><D112/><N who="3" m="43081" /><G10/><AGARI ba="3,0" hai="10,15,17,38,42,44,56,61,64,78,80,85,104,106" machi="10" ten="30,1000,0" yaku="7,1" doraHai="19" who="1" fromWho="3" sc="93,0,393,19,242,0,272,-19" /><INIT seed="7,0,0,1,5,81" ten="93,412,242,253" oya="3" hai0="40,82,75,102,17,7,31,107,112,114,61,79,80" hai1="119,135,125,9,0,14,105,126,26,53,16,30,4" hai2="29,67,95,19,85,1,131,22,58,72,59,109,3" hai3="48,47,84,35,118,83,20,8,76,42,68,27,32"/><W25/><G118/><T37/><D17/><U87/><E105/><V66/><F109/><W5/><G68/><T64/><D80/><U100/><E100/><V69/><F72/><W127/><G127/><N who="1" m="48650" /><E53/><V62/><F29/><W21/><G21/><T73/><D73/><U56/><E87/><V77/><F131/><W57/><G57/><T121/><D121/><U106/><E56/><V132/><F132/><W134/><G134/><T96/><D31/><U97/><E135/><V43/><F43/><W116/><G116/><T101/><D101/><N who="1" m="62767" /><E119/><V46/><F46/><W51/><G51/><T93/><D93/><U38/><E38/><V23/><F23/><W44/><G44/><T94/><D94/><U99/><E99/><V110/><F110/><W36/><G36/><T71/><REACH who="0" step="1"/><D7/><REACH who="0" ten="83,412,242,253" step="2"/><U55/><E16/><V98/><F19/><W15/><G27/><T11/><D11/><U34/><E14/><V70/><F95/><W41/><G41/><T89/><D89/><U115/><E9/><V18/><F18/><AGARI ba="0,1" hai="5,8,15,18,20,25,32,35,42,47,48,76,83,84" machi="18" ten="30,11600,0" yaku="7,1,25,2,52,1" doraHai="81" who="3" fromWho="2" sc="83,0,412,0,242,-116,253,126" /><INIT seed="7,1,0,2,3,23" ten="83,412,126,379" oya="3" hai0="26,43,42,112,107,100,62,93,19,115,122,39,40" hai1="84,7,109,56,11,46,70,85,41,6,68,133,89" hai2="38,32,82,129,67,108,87,52,71,51,36,130,132" hai3="9,54,103,29,61,80,12,92,77,94,3,35,47"/><W96/><G3/><T97/><D122/><U22/><E109/><V118/><F108/><W53/><G35/><T48/><D39/><U104/><E104/><V14/><F118/><W102/><G29/><T25/><D19/><U79/><E7/><V34/><F132/><W69/><G69/><T73/><D73/><U30/><E133/><V65/><F14/><W116/><G116/><T98/><D62/><U126/><E56/><V76/><F38/><W21/><G21/><T123/><D48/><U91/><E79/><V121/><F36/><W49/><G61/><T119/><D123/><U113/><E113/><N who="0" m="43593" /><D119/><U63/><E85/><V50/><F50/><W66/><G66/><N who="2" m="25097" /><F71/><W18/><G54/><T24/><D97/><U124/><E91/><V15/><F15/><W88/><REACH who="3" step="1"/><G94/><AGARI ba="1,0" hai="24,25,26,40,42,43,93,94,98,100,107" m="43593" machi="94" ten="40,8000,1" yaku="15,1,11,1,52,3" doraHai="23" who="0" fromWho="3" sc="83,83,412,0,126,0,379,-83" owari="166,-23.0,412,50.0,126,-37.0,296,10.0" /></mjloggm>