<mjloggm ver="2.3"><GO type="169" lobby="0"/><UN n0="%50%65%74%65%72%50%61%6E" n1="%E3%81%88%E3%81%84%E3%81%8D%E3%81%A1%40%35%6D%66" n2="%73%61%6E%64%69%72%69%73" n3="%E4%BF%BA%E3%81%A7%E3%81%99" dan="16,18,17,16" rate="2115.22,2249.63,2158.82,2085.79" sx="M,M,M,M"/><TAIKYOKU oya="0"/><INIT seed="0,0,0,5,1,108" ten="250,250,250,250" oya="0" hai0="120,19,14,68,2,27,41,22,89,110,57,25,48" hai1="130,127,123,133,43,83,131,80,36,97,84,95,8" hai2="99,73,105,111,134,46,67,51,101,96,29,90,20" hai3="100,92,126,35,54,69,24,82,17,31,49,94,76"/><T75/><D120/><U28/><E123/><V9/><F73/><W5/><G69/><T18/><D68/><U42/><E127/><V124/><F124/><W88/><G100/><T98/><D2/><U132/><E28/><V79/><F111/><W121/><G126/><T21/><D75/><U129/><E8/><V23/><F79/><W125/><G125/><T118/><D118/><U64/><E64/><V55/><F134/><N who="1" m="51817" /><E36/><V60/><F9/><W71/><G71/><T87/><D98/><U45/><E45/><V119/><F119/><W117/><G117/><T65/><D110/><U74/><E74/><V53/><F53/><W40/><G40/><N who="1" m="15402" /><E84/><V56/><F29/><W37/><G37/><T91/><D14/><U62/><E62/><V114/><F99/><W135/><G5/><T52/><D65/><U103/><AGARI ba="0,0" hai="80,83,95,97,103,129,130,131" m="15402,51817" machi="103" ten="40,2700,0" yaku="19,1,20,1" doraHai="108" who="1" fromWho="1" sc="250,-13,250,27,250,-7,250,-7" /><INIT seed="1,0,0,5,0,95" ten="237,277,243,243" oya="1" hai0="23,12,24,8,9,44,28,20,123,116,10,1,84" hai1="40,4,50,33,72,15,88,86,32,67,124,47,126" hai2="49,58,108,82,53,63,55,83,96,75,77,54,3" hai3="2,90,98,42,30,128,37,117,100,66,29,81,105"/><U56/><E72/><V99/><F3/><W135/><G2/><T127/><D116/><U60/><E4/><V133/><F108/><W39/><G128/><T94/><D127/><N who="1" m="48683" /><E15/><V14/><F133/><W110/><G110/><T91/><D1/><U11/><E11/><V18/><F83/><AGARI ba="0,0" hai="32,33,40,47,50,56,60,67,83,86,88" m="48683" machi="83" ten="30,2900,0" yaku="18,1,54,1" doraHai="95" who="1" fromWho="2" sc="237,0,277,29,243,-29,243,0" /><INIT seed="1,1,0,3,4,82" ten="237,306,214,243" oya="1" hai0="114,47,66,86,104,121,7,24,101,128,46,70,31" hai1="13,67,122,76,57,43,96,88,81,92,25,14,9" hai2="118,89,72,63,64,49,33,32,109,84,75,39,28" hai3="21,103,3,42,16,35,127,78,5,90,125,120,107"/><U117/><E117/><V56/><F118/><W102/><G120/><T133/><D114/><U58/><E122/><V27/><F39/><W54/><G42/><T1/><D121/><U111/><E111/><V36/><F36/><W97/><G35/><T98/><D133/><U129/><E129/><V83/><F109/><W73/><G103/><T59/><D59/><U94/><E43/><V6/><F33/><W23/><G23/><T10/><D86/><N who="1" m="48423" /><E25/><V131/><F131/><W15/><G90/><T79/><D79/><U48/><E48/><V60/><F6/><W69/><G69/><T124/><D124/><N who="3" m="47689" /><G54/><T99/><D99/><N who="1" m="57735" /><E67/><V105/><F105/><W38/><G38/><T108/><D108/><U18/><E13/><V80/><F49/><W119/><G119/><T34/><REACH who="0" step="1"/><D128/><REACH who="0" ten="227,306,214,243" step="2"/><U51/><E51/><V112/><F112/><W20/><G78/><T26/><D26/><U134/><E134/><V2/><F63/><AGARI ba="1,1" hai="1,7,10,24,31,34,46,47,63,66,70,98,101,104" machi="63" ten="40,5200,0" yaku="1,1,25,2,53,0" doraHai="82" doraHaiUra="106" who="0" fromWho="2" sc="227,65,306,0,214,-55,243,0" /><INIT seed="2,0,0,0,2,52" ten="292,306,159,243" oya="2" hai0="94,69,33,100,115,4,44,51,128,7,14,21,72" hai1="121,106,15,70,103,20,97,76,48,98,134,3,31" hai2="113,126,24,101,66,47,62,129,19,81,114,125,41" hai3="67,124,89,65,42,56,77,102,28,27,63,78,34"/><V79/><F101/><W38/><G124/><N who="2" m="47721" /><F24/><W116/><G116/><T13/><D33/><U49/><E3/><V50/><F19/><W64/><G102/><T91/><D69/><U30/><E70/><N who="2" m="42327" /><F81/><W120/><G120/><T75/><D115/><N who="2" m="44042" /><F79/><W54/><G89/><T74/><D128/><AGARI ba="0,0" hai="41,47,50,128,129" m="44042,42327,47721" machi="128" ten="40,7700,0" yaku="18,1,34,2" doraHai="52" who="2" fromWho="0" sc="292,-77,306,0,159,77,243,0" /><INIT seed="2,1,0,5,4,49" ten="215,306,236,243" oya="2" hai0="112,26,33,45,78,65,34,63,11,100,83,48,107" hai1="116,9,51,60,114,90,127,73,85,54,36,31,12" hai2="95,82,17,123,64,18,76,4,5,128,105,103,37" hai3="113,57,117,126,134,46,119,14,22,130,43,125,52"/><V106/><F123/><W23/><G113/><T121/><D112/><U98/><E36/><V61/><F37/><N who="3" m="21871" /><G14/><T80/><D80/><U72/><E116/><N who="3" m="44618" /><G23/><T0/><D121/><U10/><E127/><N who="3" m="48650" /><G22/><T131/><D131/><U97/><E31/><V6/><F128/><W1/><G1/><T88/><D26/><U94/><E114/><V110/><F110/><W21/><G21/><T7/><D100/><U124/><E124/><V27/><F95/><W122/><G122/><T92/><D107/><U87/><E87/><V135/><F135/><W69/><G130/><T35/><D83/><U47/><E10/><V84/><F27/><W133/><G69/><T99/><D78/><U24/><E24/><V115/><F115/><W50/><AGARI ba="1,0" hai="50,52,57,133,134" m="48650,44618,21871" machi="50" ten="40,8000,1" yaku="18,1,34,2,52,1,54,1" doraHai="49" who="3" fromWho="3" sc="215,-21,306,-21,236,-41,243,83" /><INIT seed="3,0,0,2,4,90" ten="194,285,195,326" oya="3" hai0="71,108,76,57,31,83,84,10,122,15,24,100,110" hai1="80,116,36,45,33,28,132,123,29,130,60,67,92" hai2="32,64,112,65,96,4,93,12,75,111,68,38,6" hai3="91,107,49,79,0,8,97,104,21,26,106,27,19"/><W78/><G49/><T50/><D71/><U25/><E123/><V114/><F75/><W109/><G109/><T39/><D39/><U20/><E130/><V133/><F32/><W37/><G37/><T55/><D122/><U86/><E132/><V73/><F73/><W69/><G69/><T53/><D100/><U72/><E72/><V51/><F38/><W18/><G0/><T70/><D70/><U113/><E113/><V131/><F131/><W102/><G91/><T126/><D53/><U1/><E1/><V89/><F133/><W118/><G118/><T77/><D126/><U59/><E116/><V124/><F124/><W40/><G40/><T115/><D115/><U74/><E74/><V34/><F34/><W81/><G79/><T30/><D77/><U46/><E92/><V61/><F111/><N who="0" m="42538" /><D24/><U43/><E45/><V3/><F114/><W135/><G135/><T23/><D23/><U98/><E33/><V82/><F112/><W87/><REACH who="3" step="1"/><G27/><REACH who="3" ten="194,285,195,316" step="2"/><T42/><D42/><U9/><E25/><V127/><F68/><W11/><G11/><T54/><D54/><U56/><E9/><V66/><F66/><W22/><G22/><T125/><D125/><U16/><E20/><V48/><F65/><W85/><G85/><T103/><D103/><U44/><E86/><V99/><F64/><W117/><G117/><T101/><D101/><U128/><E67/><V119/><F119/><W95/><G95/><T13/><D10/><U63/><E43/><V94/><F127/><W88/><G88/><T62/><D50/><N who="2" m="18986" /><F89/><W41/><G41/><T134/><D134/><RYUUKYOKU ba="0,1" sc="194,15,285,-15,195,-15,316,15" hai0="13,15,30,31,55,57,62,76,83,84" hai3="8,18,19,21,26,78,81,87,97,102,104,106,107" /><INIT seed="3,1,1,2,4,13" ten="209,270,180,331" oya="3" hai0="61,117,119,86,75,126,80,2,47,113,30,59,48" hai1="120,95,28,82,114,5,90,78,43,71,107,0,132" hai2="29,108,9,64,8,81,49,83,72,19,44,62,110" hai3="91,89,101,45,26,106,98,42,65,23,58,37,54"/><W112/><G112/><T104/><D75/><U123/><E107/><V41/><F29/><W133/><G133/><T55/><D126/><U67/><E114/><V1/><F1/><W51/><REACH who="3" step="1"/><G65/><REACH who="3" ten="209,270,180,321" step="2"/><T69/><D113/><U21/><E67/><V25/><F64/><W134/><G134/><T36/><D119/><U96/><E132/><V60/><F108/><W3/><G3/><T40/><D2/><U85/><E0/><V77/><F110/><W15/><G15/><T118/><D118/><U63/><E123/><V130/><F130/><W87/><G87/><T39/><D117/><U99/><E85/><V57/><F72/><W103/><G103/><T10/><D86/><U11/><E120/><V17/><F62/><W111/><G111/><T102/><D102/><U79/><E63/><V122/><F60/><W109/><G109/><T66/><D66/><U94/><E99/><V125/><F122/><W27/><G27/><T53/><D61/><U46/><E96/><V128/><F25/><W116/><G116/><T88/><D69/><U121/><E71/><V7/><F128/><W127/><G127/><T92/><D39/><U50/><E121/><V129/><F129/><W4/><G4/><T35/><D36/><U20/><E5/><V14/><F125/><W6/><G6/><T100/><D100/><U105/><E50/><V56/><F49/><W18/><AGARI ba="1,2" hai="18,23,26,37,42,45,51,54,58,89,91,98,101,106" machi="18" ten="20,7800,0" yaku="1,1,0,1,7,1,52,1,53,0" doraHai="13" doraHaiUra="32" who="3" fromWho="3" sc="209,-27,270,-27,180,-27,321,101" /><INIT seed="3,2,0,1,4,133" ten="182,243,153,422" oya="3" hai0="121,118,48,20,125,88,134,100,22,81,24,75,80" hai1="86,27,13,127,79,128,96,9,97,46,23,108,123" hai2="111,70,132,67,64,82,116,8,76,83,39,126,90" hai3="105,1,12,61,66,14,58,112,6,53,110,78,115"/><W74/><G105/><T40/><D118/><U34/><E123/><V103/><F116/><W73/><G110/><T117/><D117/><U93/><E34/><V59/><F39/><W65/><G1/><T26/><D121/><U43/><E108/><V119/><F111/><W77/><G6/><T54/><D40/><U52/><E128/><V87/><F70/><W71/><G71/><T62/><D62/><U0/><E0/><V30/><F132/><W129/><G61/><T60/><D60/><U15/><E127/><V3/><F126/><W7/><G7/><T33/><D33/><U38/><E52/><V42/><F42/><W85/><G85/><T41/><D41/><U91/><E79/><V89/><F103/><W21/><G21/><T49/><D100/><U107/><E107/><V57/><F30/><W51/><G51/><T106/><BYE who="1" /><D106/><UN n1="%E3%81%88%E3%81%84%E3%81%8D%E3%81%A1%40%35%6D%66" /><U18/><REACH who="1" step="1"/><E13/><REACH who="1" ten="182,233,153,422" step="2"/><V16/><F3/><W84/><G129/><T99/><D54/><U4/><AGARI ba="2,1" hai="4,9,15,18,23,27,38,43,46,86,91,93,96,97" machi="4" ten="20,5200,0" yaku="1,1,2,1,0,1,7,1,53,0" doraHai="133" doraHaiUra="56" who="1" fromWho="1" sc="182,-15,233,68,153,-15,422,-28" /><INIT seed="4,0,0,1,1,103" ten="167,301,138,394" oya="0" hai0="3,13,9,101,109,27,21,132,81,15,70,99,110" hai1="1,126,22,62,88,63,111,76,69,26,86,12,39" hai2="96,54,125,5,4,72,60,48,7,36,95,97,129" hai3="55,107,50,130,120,68,30,87,78,71,28,8,93"/><T40/><D70/><U114/><E1/><V84/><F36/><W89/><G130/><T135/><D40/><U73/><E111/><N who="0" m="42505" /><D81/><U119/><E119/><V19/><F72/><W49/><G49/><T14/><D99/><U18/><E39/><V52/><F129/><W106/><G78/><T85/><D85/><U32/><E69/><V100/><F125/><W105/><G71/><T79/><D101/><U59/><E126/><V98/><F19/><W16/><G68/><T35/><D35/><U112/><E76/><V29/><F29/><W34/><G34/><T6/><D79/><U65/><E73/><V83/><F60/><W41/><G41/><T94/><D94/><U20/><E63/><V124/><F124/><W47/><REACH who="3" step="1"/><G120/><REACH who="3" ten="167,301,138,384" step="2"/><T31/><AGARI ba="0,1" hai="3,6,9,13,14,15,21,27,31,132,135" m="42505" machi="31" ten="40,7800,0" yaku="10,1,34,2" doraHai="103" who="0" fromWho="0" sc="167,88,301,-26,138,-26,384,-26" /><INIT seed="4,1,0,2,2,15" ten="255,275,112,358" oya="0" hai0="45,119,51,103,11,87,77,123,37,55,4,65,122" hai1="42,72,56,64,6,96,12,29,124,79,94,125,82" hai2="13,20,116,81,113,67,102,43,59,111,38,86,135" hai3="114,47,52,70,130,112,129,62,83,25,104,31,40"/><T2/><D119/><U19/><E6/><V10/><F111/><W69/><G104/><T109/><D109/><U68/><E68/><N who="3" m="26218" /><G83/><T71/><D103/><U117/><E117/><V50/><F116/><W132/><G25/><T91/><D77/><U41/><E29/><V78/><F113/><N who="3" m="43627" /><G31/><T75/><D37/><U33/><E56/><V106/><F135/><W73/><G73/><T107/><D107/><U32/><E64/><V76/><F38/><N who="3" m="21911" /><G132/><T57/><D75/><U66/><E32/><V61/><F20/><W118/><G118/><T105/><D105/><U26/><E26/><V63/><F78/><W133/><G133/><T44/><D87/><U100/><E33/><V16/><F106/><W99/><G99/><T54/><D91/><U110/><E110/><V74/><F74/><W131/><G52/><T9/><D9/><U35/><E35/><V92/><F63/><AGARI ba="1,0" hai="62,63,129,130,131" m="21911,43627,26218" machi="63" ten="40,8000,1" yaku="19,1,15,1,34,2" doraHai="15" who="3" fromWho="2" sc="255,0,275,0,112,-83,358,83" /><INIT seed="5,0,0,5,1,55" ten="255,275,29,441" oya="1" hai0="49,125,108,26,66,4,22,54,94,24,85,65,77" hai1="51,70,6,11,80,69,38,14,40,79,128,67,134" hai2="131,63,113,99,39,90,92,46,132,129,116,68,106" hai3="12,96,76,56,83,104,44,43,45,71,72,35,135"/><U91/><E128/><V133/><F39/><W97/><G71/><T18/><D108/><U100/><E134/><N who="2" m="51819" /><F46/><W57/><G35/><T82/><D125/><U50/><E100/><N who="2" m="62751" /><F63/><W121/><G104/><T37/><D37/><U52/><E38/><V29/><F29/><W130/><G130/><N who="2" m="49673" /><F68/><W19/><G43/><T61/><D4/><U13/><E67/><V58/><F58/><W110/><G45/><T120/><D61/><U15/><E69/><V107/><F107/><W123/><G44/><T31/><D31/><U42/><E70/><V32/><F32/><W115/><G57/><N who="0" m="32975" /><D26/><U2/><E50/><V3/><F3/><W88/><G56/><T111/><D111/><U103/><E42/><V122/><F122/><W7/><G123/><T36/><D120/><U117/><E40/><V75/><F75/><W5/><G121/><T86/><D36/><U74/><E51/><V30/><F30/><W60/><G72/><T87/><D65/><U8/><E52/><V73/><F73/><W59/><G60/><T10/><D66/><U126/><E2/><V89/><F116/><W1/><G1/><T102/><D10/><U27/><E117/><V25/><F25/><W33/><G33/><T47/><D47/><U34/><E11/><V95/><F113/><W62/><G115/><T105/><D105/><U20/><E27/><V64/><F64/><W16/><G135/><T109/><D109/><U53/><E8/><V78/><F78/><W0/><G110/><T28/><D28/><U81/><E79/><V119/><F119/><W124/><G76/><T21/><D21/><RYUUKYOKU ba="0,0" sc="255,15,275,-15,29,15,441,-15" hai0="18,22,24,77,82,85,86,87,94,102" hai2="89,90,92,95" /><INIT seed="6,1,0,1,1,98" ten="270,260,44,426" oya="2" hai0="17,75,10,38,83,71,129,31,114,105,66,92,43" hai1="74,120,29,34,53,81,128,28,111,107,124,90,63" hai2="60,131,46,14,24,26,70,78,95,115,89,55,103" hai3="44,80,97,133,118,25,12,96,21,101,5,102,11"/><V36/><F115/><W99/><G118/><T126/><D105/><U27/><E111/><V67/><F131/><W57/><G133/><T54/><D114/><U94/><E107/><V122/><F122/><W7/><G80/><T123/><D123/><U58/><E120/><V1/><F1/><W135/><G135/><T65/><D31/><U117/><E117/><V110/><F110/><W30/><G57/><T132/><D71/><U35/><E124/><V62/><F78/><W77/><G77/><T51/><D43/><U18/><E18/><V23/><F36/><W8/><REACH who="3" step="1"/><G44/><REACH who="3" ten="270,260,44,416" step="2"/><T119/><D132/><U4/><E81/><V39/><F103/><W56/><G56/><T121/><D83/><U125/><E58/><V16/><F62/><W48/><G48/><T33/><D51/><U82/><E63/><V59/><F70/><W73/><G73/><T2/><D75/><U20/><E82/><V79/><F79/><W109/><G109/><T86/><D119/><U113/><E74/><V134/><F134/><W72/><G72/><T19/><D121/><U49/><E49/><N who="2" m="29111" /><F39/><W0/><AGARI ba="1,1" hai="0,5,7,8,11,12,21,25,30,96,97,99,101,102" machi="0" ten="30,7900,0" yaku="1,1,0,1,52,2,53,0" doraHai="98" doraHaiUra="47" who="3" fromWho="3" sc="270,-21,260,-21,44,-40,416,92" /><INIT seed="7,0,0,3,1,116" ten="249,239,4,508" oya="3" hai0="66,30,101,57,106,122,93,0,111,34,96,52,17" hai1="98,2,61,112,40,36,44,130,5,120,48,26,118" hai2="82,38,55,113,13,59,49,83,71,18,88,74,114" hai3="94,27,9,125,107,47,89,21,42,51,41,86,24"/><W87/><G125/><T1/><D122/><U85/><E120/><V65/><F88/><W7/><G107/><T58/><D111/><U135/><E118/><V105/><F18/><W68/><G68/><T92/><D34/><U128/><E112/><V115/><F13/><N who="3" m="5311" /><G42/><T123/><D123/><U31/><E135/><V25/><F25/><N who="3" m="9803" /><G21/><T133/><D30/><U97/><E85/><AGARI ba="0,0" hai="41,47,51,85,86,87,89,94" m="9803,5311" machi="85" ten="30,1500,0" yaku="8,1" doraHai="116" who="3" fromWho="1" sc="249,0,239,-15,4,0,508,15" owari="249,5.0,224,-18.0,4,-50.0,523,63.0" /></mjloggm>