<mjloggm ver="2.3"><GO type="225" lobby="0"/><UN n0="%E8%A8%88%E7%AE%97%E6%A9%9F%E8%87%AA%E7%84%B6" n1="%73%75%7A%75%72%61%6E%65" n2="%E3%82%8F%E3%81%A3%E3%81%97%E3%82%87%E3%81%84%E5%90%9B%32%E5%8F%B7" n3="%E4%BA%95%E5%B8%AF" dan="17,16,20,16" rate="2205.98,2082.15,2322.11,2157.79" sx="M,M,M,M"/><TAIKYOKU oya="0"/><INIT seed="0,0,0,0,3,11" ten="250,250,250,250" oya="0" hai0="118,27,51,99,41,78,85,57,6,19,3,86,5" hai1="43,48,125,121,71,18,22,59,132,54,75,25,73" hai2="87,21,102,39,83,1,114,72,130,124,133,63,88" hai3="122,60,97,129,34,64,92,104,47,110,109,46,79"/><T112/><D112/><U23/><E121/><V33/><F33/><W15/><G122/><T0/><D118/><U38/><E132/><V49/><F39/><W55/><G104/><T128/><D128/><U69/><E125/><V50/><F114/><W94/><G34/><T77/><D99/><U84/><E84/><N who="0" m="32361" /><D0/><U96/><E96/><V135/><F130/><W115/><G79/><N who="0" m="30219" /><D3/><U8/><E8/><V52/><F72/><W90/><G97/><T17/><D27/><U82/><E82/><V26/><F1/><W105/><G94/><T80/><D80/><U103/><E103/><V91/><F91/><W14/><G92/><T117/><D117/><U111/><E71/><V116/><F124/><W76/><G90/><T53/><D41/><U4/><E69/><V44/><F116/><W7/><G76/><T65/><D65/><U134/><E43/><V42/><F102/><W93/><G64/><T123/><D123/><U120/><E75/><V28/><REACH who="2" step="1"/><F63/><REACH who="2" ten="250,250,240,250" step="2"/><W31/><G60/><T40/><D40/><U113/><E73/><V68/><F68/><W35/><G115/><T30/><D30/><U67/><E120/><V56/><AGARI ba="0,1" hai="21,26,28,42,44,49,50,52,56,83,87,88,133,135" machi="56" ten="30,8000,1" yaku="1,1,0,1,54,2,53,1" doraHai="11" doraHaiUra="24" who="2" fromWho="2" sc="250,-40,250,-20,240,90,250,-20" /><INIT seed="1,0,0,5,1,90" ten="210,230,330,230" oya="1" hai0="116,132,121,108,2,35,69,100,74,59,133,47,101" hai1="128,114,52,93,11,118,8,110,97,64,49,56,27" hai2="125,20,53,44,41,96,54,30,99,43,84,21,129" hai3="123,0,63,75,79,17,13,117,3,68,26,124,39"/><U22/><E114/><V7/><F125/><W5/><G123/><T113/><RYUUKYOKU type="yao9" ba="0,0" sc="210,0,230,0,330,0,230,0" hai0="2,35,47,59,69,74,100,101,108,113,116,121,132,133" /><INIT seed="1,1,0,3,3,81" ten="210,230,330,230" oya="1" hai0="70,131,51,25,66,95,116,40,60,35,99,37,15" hai1="13,78,39,41,109,52,86,118,96,112,85,106,75" hai2="92,8,103,9,45,59,19,120,38,0,84,101,34" hai3="87,65,102,91,93,29,30,33,111,10,72,79,18"/><U115/><E118/><V67/><F34/><W1/><G111/><T133/><D116/><U22/><E39/><V90/><F120/><W100/><G65/><T134/><D37/><U27/><E41/><V44/><F0/><W132/><G132/><N who="0" m="50795" /><D131/><U71/><E71/><V56/><F38/><W28/><G33/><T77/><D15/><U105/><E13/><N who="2" m="7591" /><F9/><W74/><G18/><T57/><D77/><U110/><E52/><V21/><F21/><W98/><G79/><T61/><D35/><U4/><E4/><V31/><F31/><W113/><G113/><N who="1" m="43594" /><E22/><V122/><F122/><W123/><G123/><T68/><D25/><U128/><E27/><V32/><F32/><W135/><G135/><T124/><D124/><U17/><E17/><V126/><F126/><W16/><G16/><T3/><D3/><U55/><E128/><V12/><F12/><W129/><G129/><T130/><D130/><U88/><E106/><V114/><F114/><W47/><G1/><T2/><D2/><U24/><E24/><V104/><F104/><W26/><G10/><T43/><D70/><U97/><E105/><V89/><F67/><W125/><G26/><T53/><D61/><U108/><E75/><V64/><F64/><W82/><G125/><T6/><D6/><U63/><E63/><V80/><F56/><W62/><G74/><T42/><D42/><U14/><E14/><V11/><F59/><W119/><G119/><T127/><D127/><U50/><E109/><V36/><F11/><W5/><G72/><T73/><D73/><U69/><E69/><V121/><F121/><RYUUKYOKU ba="1,0" sc="210,30,230,-10,330,-10,230,-10" hai0="40,43,51,53,57,60,66,68,95,99" /><INIT seed="2,2,0,0,2,25" ten="240,220,320,220" oya="2" hai0="8,135,49,78,5,71,4,117,103,69,75,116,45" hai1="11,34,108,120,7,122,99,126,6,84,133,39,37" hai2="52,125,70,21,106,41,114,87,44,111,30,124,0" hai3="13,97,62,81,63,31,131,82,58,127,1,72,92"/><V36/><F114/><W56/><G1/><T65/><D135/><U76/><E108/><V77/><F106/><W33/><G127/><T16/><D103/><U67/><E34/><V104/><F104/><W83/><G131/><T22/><D78/><U98/><E133/><V68/><F0/><W17/><G72/><T91/><D91/><U89/><E67/><V123/><F123/><N who="1" m="47145" /><E126/><N who="2" m="48747" /><F111/><W110/><G110/><T113/><D75/><U128/><E128/><V100/><F100/><W43/><G43/><N who="0" m="24767" /><D65/><U96/><E76/><V15/><F52/><N who="3" m="34055" /><G33/><T61/><D61/><U119/><E119/><N who="0" m="45641" /><D113/><U14/><E6/><N who="0" m="2665" /><D8/><U60/><E60/><V95/><F77/><W18/><G63/><T29/><D29/><U101/><E101/><V130/><F30/><W3/><G31/><T9/><D9/><U105/><E105/><V38/><F38/><W46/><G18/><T90/><D90/><U73/><E73/><V10/><F130/><W66/><G17/><T47/><D47/><U2/><E2/><V121/><F10/><W94/><G46/><T12/><AGARI ba="2,0" hai="12,16,22,69,71" m="2665,45641,24767" machi="12" ten="30,2000,0" yaku="12,1,54,1" doraHai="25" who="0" fromWho="0" sc="240,26,220,-7,320,-12,220,-7" /><INIT seed="3,0,0,1,1,82" ten="266,213,308,213" oya="3" hai0="109,85,34,95,26,129,54,126,132,24,74,25,20" hai1="29,12,86,18,119,80,43,76,72,52,92,111,69" hai2="7,30,56,93,42,94,22,35,98,134,5,130,0" hai3="11,19,44,73,84,70,87,77,33,23,131,21,78"/><W47/><G33/><T120/><D74/><U81/><E69/><V32/><F56/><W116/><G70/><T91/><D120/><U64/><E64/><V100/><F42/><W68/><G68/><T31/><D109/><U96/><E43/><V1/><F22/><N who="3" m="8203" /><G73/><T14/><D129/><U50/><E29/><V39/><F30/><W6/><G6/><T36/><D36/><U123/><E111/><V118/><F134/><W58/><G58/><T114/><D126/><U53/><E119/><V66/><F66/><W38/><G38/><T40/><D40/><U59/><E123/><V101/><F39/><W41/><G131/><T62/><D114/><U97/><E92/><V37/><F37/><W27/><G116/><T65/><D54/><U105/><E105/><V106/><F106/><W4/><G4/><T8/><D132/><U110/><E53/><V88/><F118/><W17/><G17/><N who="0" m="8391" /><D34/><U45/><E110/><V48/><F130/><W99/><G99/><T135/><D135/><U46/><E97/><V49/><F98/><W104/><G104/><T57/><AGARI ba="0,0" hai="20,24,25,26,31,57,62,65,85,91,95" m="8391" machi="57" ten="30,2000,0" yaku="8,1,52,1" doraHai="82" who="0" fromWho="0" sc="266,20,213,-5,308,-5,213,-10" owari="286,9.0,208,-19.0,303,40.0,203,-30.0" /></mjloggm>