<mjloggm ver="2.3"><GO type="169" lobby="0"/><UN n0="%E3%83%A1%E3%82%BF%E3%83%93%E3%83%BC%E3%83%88" n1="%52%35" n2="%6B%75%72%6F%6E%6F%35%39" n3="%33%30%63%6D%33%30%63%6D" dan="18,17,16,16" rate="2285.95,2187.20,2074.84,2159.31" sx="M,M,M,M"/><TAIKYOKU oya="0"/><INIT seed="0,0,0,3,0,38" ten="250,250,250,250" oya="0" hai0="89,114,79,58,126,61,30,117,20,28,80,12,70" hai1="23,123,116,52,54,91,1,67,110,33,122,131,94" hai2="19,101,128,111,120,35,16,124,90,36,0,113,50" hai3="3,64,73,119,74,109,60,5,97,11,2,13,99"/><T81/><D114/><U29/><E116/><V62/><F36/><W27/><G109/><T7/><D117/><U51/><E1/><V68/><F111/><W37/><G119/><T100/><D70/><U41/><E110/><V10/><F120/><W43/><G2/><T105/><D126/><U14/><E33/><V63/><F124/><W86/><G86/><T47/><D89/><U108/><E108/><V45/><F128/><W72/><G27/><T18/><D7/><U107/><E107/><V88/><F35/><W15/><G13/><T44/><D100/><U98/><E131/><V40/><F113/><W48/><G37/><T59/><D105/><U103/><E67/><V8/><F101/><W92/><G3/><T4/><D4/><U95/><E122/><V24/><F68/><W31/><G31/><N who="0" m="11819" /><D59/><U83/><E83/><N who="0" m="31817" /><D79/><U71/><E71/><V115/><F115/><W127/><G127/><T53/><AGARI ba="0,0" hai="12,18,20,44,47,53,58,61" m="31817,11819" machi="53" ten="30,1500,0" yaku="8,1" doraHai="38" who="0" fromWho="0" sc="250,15,250,-5,250,-5,250,-5" /><INIT seed="0,1,0,5,4,101" ten="265,245,245,245" oya="0" hai0="74,92,123,100,131,129,38,13,115,43,25,126,16" hai1="113,47,1,17,116,62,108,46,104,112,5,30,117" hai2="130,88,68,7,49,67,24,23,29,111,128,50,132" hai3="37,81,79,103,57,33,45,83,60,8,64,98,133"/><T3/><D115/><N who="1" m="44107" /><E30/><V32/><F111/><W2/><G133/><T22/><D123/><U72/><E72/><V93/><F132/><W90/><G33/><T127/><D3/><U58/><E17/><V114/><F114/><W21/><G90/><T94/><D74/><U31/><E31/><V15/><F67/><W85/><G81/><T4/><D38/><U91/><E91/><V61/><F61/><W55/><G2/><T86/><D43/><U27/><E27/><V35/><F68/><W134/><G134/><T122/><D86/><U11/><E104/><V48/><F7/><W9/><G37/><T69/><D69/><U0/><E0/><V56/><F56/><W120/><G120/><T124/><D122/><U26/><E26/><V125/><F125/><W34/><G34/><T10/><REACH who="0" step="1"/><D92/><REACH who="0" ten="255,245,245,245" step="2"/><U14/><E1/><V63/><F93/><W44/><G85/><T71/><D71/><U36/><E36/><V80/><F80/><W6/><G83/><T82/><D82/><U76/><E108/><V105/><F105/><W28/><G79/><T66/><D66/><N who="1" m="39255" /><E76/><V54/><F54/><W107/><G55/><T121/><D121/><U89/><E117/><V84/><F84/><W53/><G53/><T95/><D95/><U110/><E116/><V106/><F106/><W51/><G107/><T87/><D87/><U73/><E110/><V102/><F35/><W99/><G98/><AGARI ba="1,1" hai="4,10,13,16,22,25,94,98,100,124,126,127,129,131" machi="98" ten="50,9600,0" yaku="1,1,18,1,54,1,53,0" doraHai="101" doraHaiUra="70" who="0" fromWho="3" sc="255,109,245,0,245,0,245,-99" /><INIT seed="0,2,0,5,3,123" ten="364,245,245,146" oya="0" hai0="68,20,36,16,88,56,11,2,122,100,124,27,45" hai1="61,6,112,128,40,17,80,26,106,37,0,24,110" hai2="131,114,82,13,14,130,3,69,28,89,90,127,81" hai3="23,48,77,46,8,50,5,79,78,30,113,74,65"/><T62/><D122/><U87/><E106/><V52/><F114/><W105/><G105/><T44/><D68/><U10/><E112/><V99/><F69/><W133/><G113/><T84/><D124/><U7/><E128/><N who="2" m="49195" /><F3/><W76/><G133/><T55/><D36/><U125/><E125/><V4/><F127/><W34/><G34/><T33/><D33/><U19/><E7/><V93/><F28/><W111/><G65/><T102/><D11/><U97/><E97/><V64/><F64/><W31/><G23/><T18/><D18/><U47/><E61/><V29/><F29/><W12/><G111/><T21/><D21/><U108/><E19/><V32/><F32/><W35/><G35/><T132/><D2/><U75/><E17/><V71/><F71/><W95/><G50/><T67/><D132/><U107/><E107/><V94/><F52/><W43/><G74/><T135/><D135/><U103/><E103/><N who="0" m="39465" /><D67/><U119/><E119/><V121/><F121/><W92/><N who="3" m="19456" /><DORA hai="63" /><W38/><REACH who="3" step="1"/><G38/><REACH who="3" ten="364,245,245,136" step="2"/><T58/><D58/><U98/><E75/><V1/><F1/><W53/><G53/><T116/><D116/><U41/><E37/><V120/><F120/><W49/><G49/><T86/><D86/><U25/><E87/><V104/><F104/><W96/><G96/><T60/><D60/><U22/><E98/><V57/><F99/><W59/><G59/><T85/><D85/><U70/><E70/><V91/><F57/><W134/><G134/><T54/><D54/><U39/><E39/><V118/><F118/><W15/><G15/><N who="2" m="5641" /><F4/><W42/><G42/><RYUUKYOKU ba="2,1" sc="364,10,245,-30,245,10,136,10" hai0="16,20,27,44,45,55,56,62,84,88" hai2="81,82,89,90,91,93,94" hai3="5,8,12,30,31,43,46,48,92,95" /><INIT seed="0,3,1,2,3,37" ten="374,215,255,146" oya="0" hai0="75,134,131,57,121,88,63,103,70,23,129,59,41" hai1="73,26,85,38,36,112,124,39,53,27,113,44,93" hai2="89,64,47,58,42,123,92,24,104,7,55,10,34" hai3="82,9,0,8,114,5,128,102,49,46,79,33,40"/><T21/><D121/><U86/><E73/><V107/><F123/><W43/><G114/><N who="1" m="44138" /><E124/><V109/><F109/><W98/><G128/><N who="0" m="49227" /><D75/><U110/><E110/><V6/><F64/><W54/><G9/><T117/><D117/><U17/><E17/><V72/><F72/><W77/><G33/><T60/><D103/><U130/><E130/><V12/><F7/><W87/><REACH who="3" step="1"/><G77/><REACH who="3" ten="374,215,255,136" step="2"/><T99/><D21/><U50/><E93/><AGARI ba="3,2" hai="0,5,8,40,43,46,49,54,79,82,87,93,98,102" machi="93" ten="30,12000,2" yaku="1,1,2,1,7,1,52,2,53,1" doraHai="37" doraHaiUra="90" who="3" fromWho="1" sc="374,0,215,-129,255,0,136,149" /><INIT seed="1,0,0,0,0,103" ten="374,86,255,285" oya="1" hai0="84,16,4,108,135,47,39,79,15,48,67,27,119" hai1="85,81,37,100,69,12,56,122,129,71,31,95,99" hai2="76,34,36,14,61,130,82,63,42,43,77,33,1" hai3="109,64,102,104,28,93,5,32,51,80,18,58,7"/><U90/><E122/><V78/><F1/><W60/><G109/><T107/><D108/><U66/><E129/><V118/><F130/><W44/><G104/><T45/><D119/><U97/><E37/><V112/><F118/><W20/><G32/><T24/><D135/><U121/><E121/><V0/><F0/><W105/><G105/><T55/><D107/><U101/><E31/><V111/><F111/><W86/><G102/><T53/><D67/><U25/><E25/><V133/><F133/><W22/><G93/><T8/><D39/><U52/><E66/><V3/><F3/><W115/><G115/><T41/><D47/><U10/><E99/><V74/><F112/><W46/><G22/><N who="0" m="13383" /><D27/><U91/><E71/><V57/><F74/><W113/><G46/><T120/><D120/><U29/><E29/><V106/><F106/><W131/><G28/><T89/><D79/><U72/><E69/><V59/><F82/><AGARI ba="0,0" hai="4,8,15,41,45,48,53,55,82,84,89" m="13383" machi="82" ten="30,2000,0" yaku="8,1,54,1" doraHai="103" who="0" fromWho="2" sc="374,20,86,0,255,-20,285,0" /><INIT seed="2,0,0,4,4,35" ten="394,86,235,285" oya="2" hai0="125,74,25,12,109,104,90,98,99,110,79,80,42" hai1="67,20,77,131,85,29,16,3,64,0,92,18,58" hai2="100,121,33,46,128,111,73,62,41,127,88,23,7" hai3="14,78,26,5,32,94,8,15,96,115,57,31,40"/><V123/><F33/><W63/><G115/><T81/><D42/><U133/><E131/><V60/><F128/><W48/><G78/><N who="0" m="44119" /><D12/><U95/><E133/><V107/><F73/><W120/><G120/><T52/><D52/><U97/><E29/><V135/><F135/><W70/><G70/><T132/><D25/><U45/><E45/><V126/><F100/><W113/><G113/><T53/><D53/><U2/><E58/><V106/><F111/><N who="0" m="42506" /><D132/><U47/><E47/><V118/><F23/><W56/><G48/><T130/><D130/><U19/><E20/><V55/><F55/><W93/><G93/><N who="0" m="56631" /><D125/><U9/><E9/><V112/><F46/><W44/><G15/><T37/><D37/><U34/><E34/><V68/><F41/><W61/><G57/><T101/><D81/><U105/><E105/><V89/><F7/><W11/><G11/><T108/><N who="0" m="42514" /><T91/><DORA hai="134" /><D91/><U83/><REACH who="1" step="1"/><E92/><REACH who="1" ten="394,76,235,285" step="2"/><V84/><F112/><W102/><G56/><T119/><D119/><U103/><AGARI ba="0,1" hai="0,2,3,16,18,19,64,67,77,83,85,95,97,103" machi="103" ten="40,12000,2" yaku="1,1,2,1,0,1,52,3,54,1,53,0" doraHai="35,134" doraHaiUra="10,54" who="1" fromWho="1" sc="394,-30,76,130,235,-60,285,-30" /><INIT seed="3,0,0,0,2,102" ten="364,206,175,255" oya="3" hai0="74,118,27,58,7,20,6,95,19,5,18,46,94" hai1="98,34,10,22,40,130,21,127,13,116,109,105,119" hai2="84,75,8,77,93,53,111,89,113,15,78,14,67" hai3="37,54,120,43,69,4,50,25,2,49,52,45,81"/><W106/><G120/><T73/><D118/><N who="1" m="45099" /><E40/><V128/><F111/><W68/><G106/><T117/><D117/><U62/><E34/><V57/><F113/><W114/><G114/><T129/><D129/><U71/><E109/><V96/><F128/><W124/><G124/><T63/><D73/><U83/><E130/><V135/><F135/><W76/><G25/><T3/><D74/><U24/><E83/><V110/><F110/><W115/><G115/><T132/><D3/><U126/><E71/><V29/><F75/><W70/><G49/><T122/><D132/><U51/><E62/><V30/><F67/><W87/><REACH who="3" step="1"/><G37/><REACH who="3" ten="364,206,175,245" step="2"/><T99/><D27/><U17/><E51/><V133/><F133/><W80/><G80/><T107/><D107/><U1/><E105/><V33/><F33/><W47/><G47/><T91/><D46/><U134/><E134/><V79/><F30/><W100/><G100/><T85/><D122/><U121/><E121/><V108/><F29/><W48/><G48/><T123/><D123/><U42/><E126/><V86/><F108/><W66/><G66/><N who="0" m="39287" /><D20/><U90/><E127/><V11/><F11/><AGARI ba="0,1" hai="2,4,11,43,45,50,52,54,68,69,70,76,81,87" machi="11" ten="40,7700,0" yaku="1,1,54,1,53,1" doraHai="102" doraHaiUra="82" who="3" fromWho="2" sc="364,0,206,0,175,-77,245,87" /><INIT seed="3,1,0,2,2,43" ten="364,206,98,332" oya="3" hai0="54,109,6,20,116,131,41,113,76,104,35,93,8" hai1="107,92,135,4,64,112,73,129,84,42,128,126,127" hai2="119,59,26,14,123,102,132,70,69,33,130,3,7" hai3="108,79,111,90,101,98,48,63,72,46,44,89,100"/><W105/><G100/><T103/><D104/><U32/><E32/><V96/><F119/><W38/><G63/><T12/><D35/><U16/><E4/><V75/><F132/><W34/><G34/><T21/><D116/><U134/><E73/><V99/><F130/><N who="1" m="50281" /><E107/><V67/><F123/><W121/><G121/><T40/><D109/><N who="3" m="42057" /><G38/><T71/><D54/><U13/><E112/><V47/><F75/><W95/><G48/><T52/><D41/><U58/><E42/><V114/><F114/><W115/><G115/><T80/><D40/><U83/><E92/><V120/><F3/><W65/><G65/><T91/><D71/><U125/><E58/><V15/><F120/><W68/><G68/><T133/><D103/><U29/><E29/><V51/><F59/><W28/><G28/><T50/><D133/><N who="1" m="50699" /><E64/><V62/><F70/><W24/><G105/><T30/><D30/><U17/><E13/><V61/><F61/><W110/><G24/><T60/><D113/><U66/><E66/><V94/><F7/><W45/><G110/><T2/><D60/><U74/><E74/><V77/><F77/><AGARI ba="1,0" hai="16,17,77,83,84,125,126,127" m="50699,50281" machi="77" ten="40,32000,5" yakuman="39" doraHai="43" who="1" fromWho="2" sc="364,0,206,323,98,-323,332,0" owari="364,16.0,529,64.0,-225,-73.0,332,-7.0" /></mjloggm>