<mjloggm ver="2.3"><GO type="169" lobby="0"/><UN n0="%E3%83%A1%E3%82%BF%E3%83%93%E3%83%BC%E3%83%88" n1="%E3%82%B7%E3%83%A5%E3%83%9E%E3%82%A4%E3%82%B1%E3%83%AB" n2="%E4%B8%83%E7%94%9F%E5%A4%95" n3="%E8%8D%92%E6%9C%A8%E6%AF%94%E5%A5%88" dan="18,17,16,17" rate="2315.12,2224.34,2119.61,2139.09" sx="M,M,M,F"/><TAIKYOKU oya="0"/><INIT seed="0,0,0,5,5,62" ten="250,250,250,250" oya="0" hai0="118,104,45,49,56,40,94,52,28,92,110,130,83" hai1="70,42,32,84,3,31,6,14,44,124,77,43,63" hai2="36,54,30,100,135,69,74,58,48,85,8,86,109" hai3="59,115,101,19,17,2,7,129,120,111,51,10,60"/><T105/><D118/><U46/><E3/><V98/><F74/><W12/><G115/><T24/><D130/><U57/><E70/><V122/><F36/><W65/><G129/><T93/><D110/><U114/><E32/><V73/><F73/><W132/><G132/><T128/><D83/><U123/><E31/><V75/><F75/><W13/><G120/><T15/><D15/><U88/><E77/><V68/><F109/><W29/><G29/><T76/><D76/><U99/><E99/><V37/><F37/><W23/><G111/><T96/><D96/><U39/><E124/><V113/><F113/><W125/><G125/><T106/><D128/><U22/><E123/><V71/><F135/><W97/><G51/><T26/><REACH who="0" step="1"/><D28/><REACH who="0" ten="240,250,250,250" step="2"/><U21/><E114/><V80/><F122/><W11/><G97/><T121/><D121/><U107/><E14/><V33/><F48/><AGARI ba="0,1" hai="24,26,40,45,48,49,52,56,92,93,94,104,105,106" machi="48" ten="50,4800,0" yaku="1,1,54,1,53,0" doraHai="62" doraHaiUra="131" who="0" fromWho="2" sc="240,58,250,0,250,-48,250,0" /><INIT seed="0,1,0,1,5,95" ten="298,250,202,250" oya="0" hai0="117,41,60,18,74,15,36,49,12,83,50,71,46" hai1="90,47,99,8,3,17,79,103,4,93,19,132,25" hai2="31,120,131,9,0,96,2,130,85,75,63,37,105" hai3="81,54,116,69,10,78,6,122,112,53,51,102,55"/><T11/><D117/><U124/><E132/><V133/><F75/><W87/><G112/><T44/><D74/><U13/><E124/><V100/><F120/><W1/><G122/><T128/><D128/><U39/><E79/><V82/><F37/><W109/><G109/><T70/><D83/><U127/><E127/><V23/><F133/><W65/><G102/><T43/><D36/><U97/><E25/><N who="2" m="16831" /><F63/><W67/><G116/><T32/><D32/><U115/><E115/><V123/><F9/><W94/><G69/><T92/><D60/><U114/><E114/><V66/><F66/><W22/><G94/><T48/><D48/><U88/><E90/><N who="2" m="51511" /><F123/><W62/><G62/><T59/><D59/><U33/><E33/><V98/><F98/><W64/><REACH who="3" step="1"/><G22/><REACH who="3" ten="298,250,202,240" step="2"/><T84/><D70/><U21/><E21/><V104/><F104/><W34/><G34/><T125/><D71/><U27/><E27/><V56/><F56/><AGARI ba="1,1" hai="1,6,10,51,53,54,55,56,64,65,67,78,81,87" machi="56" ten="40,1300,0" yaku="1,1,53,0" doraHai="95" doraHaiUra="16" who="3" fromWho="2" sc="298,0,250,0,202,-16,240,26" /><INIT seed="1,0,0,0,0,62" ten="298,250,186,266" oya="1" hai0="59,71,29,106,122,79,24,61,38,110,121,49,23" hai1="99,35,112,63,104,81,88,15,72,107,77,89,5" hai2="92,16,95,20,127,74,109,65,28,68,45,47,78" hai3="22,100,129,32,96,52,40,9,27,85,111,70,73"/><U0/><E0/><V80/><F109/><W120/><G73/><T123/><D38/><U128/><E35/><V125/><F28/><W90/><G111/><T21/><D110/><U46/><E112/><V44/><F68/><W130/><G70/><T69/><D106/><U103/><E128/><N who="3" m="49258" /><G120/><T105/><D105/><U1/><E107/><V39/><F39/><W26/><G40/><T86/><D49/><U66/><E1/><V82/><F82/><W34/><G9/><T19/><D86/><U84/><E46/><V131/><F131/><W115/><G52/><N who="0" m="34023" /><D79/><U101/><E101/><V87/><F65/><W37/><G37/><T57/><D57/><U119/><E119/><V13/><REACH who="2" step="1"/><F74/><REACH who="2" ten="298,250,176,266" step="2"/><W56/><G115/><T133/><D133/><U4/><E72/><V75/><F75/><W113/><G113/><T18/><D29/><U17/><E77/><V51/><F51/><W7/><G34/><T118/><D118/><U114/><E114/><V36/><F36/><W64/><G32/><T76/><D76/><U54/><E54/><V83/><F83/><W132/><G64/><T98/><D69/><U126/><E81/><V42/><F42/><W97/><G132/><T8/><D71/><U124/><E66/><V6/><F6/><W116/><G7/><N who="1" m="2634" /><E63/><V2/><F2/><W41/><G41/><T31/><D122/><U102/><E126/><AGARI ba="0,1" hai="13,16,20,44,45,47,78,80,87,92,95,125,126,127" machi="126" ten="40,12000,2" yaku="1,1,18,1,54,1,53,3" doraHai="62" doraHaiUra="135" who="2" fromWho="1" sc="298,0,250,-120,176,130,266,0" /><INIT seed="2,0,0,1,5,107" ten="298,130,306,266" oya="2" hai0="119,94,116,11,106,30,77,53,121,8,33,16,38" hai1="6,120,62,17,47,89,64,2,131,23,118,56,134" hai2="35,4,5,92,21,125,72,102,25,93,132,3,36" hai3="22,129,54,39,70,135,46,51,69,81,97,65,31"/><V58/><F36/><W61/><G129/><T103/><D106/><U79/><E118/><N who="0" m="45097" /><D121/><U49/><E120/><V18/><F35/><W114/><G135/><T109/><D109/><U98/><E131/><V80/><F132/><W9/><G114/><T78/><D38/><U10/><E134/><V73/><F125/><W84/><G97/><N who="0" m="59831" /><D53/><U45/><E79/><N who="0" m="30217" /><D16/><U48/><E48/><V113/><F113/><W40/><G9/><T20/><D20/><U83/><E49/><V87/><F4/><W74/><G22/><T19/><D19/><U115/><E115/><V24/><F5/><W67/><G31/><T13/><D13/><U14/><REACH who="1" step="1"/><E98/><REACH who="1" ten="298,120,306,266" step="2"/><V88/><F3/><W130/><G130/><T82/><D82/><U7/><E7/><V91/><F80/><W101/><G81/><T104/><D104/><U96/><E96/><V59/><F25/><AGARI ba="0,1" hai="8,11,25,30,33" m="30217,59831,45097" machi="25" ten="30,1000,0" yaku="12,1" doraHai="107" who="0" fromWho="2" sc="298,20,120,0,306,-10,266,0" /><INIT seed="3,0,0,5,3,66" ten="318,120,296,266" oya="3" hai0="39,134,53,87,67,50,112,82,59,62,108,20,23" hai1="93,2,56,132,89,118,133,58,73,104,110,105,128" hai2="61,21,37,64,101,76,19,88,38,130,18,33,15" hai3="30,8,80,29,44,49,1,28,70,131,75,97,120"/><W14/><G120/><T13/><D108/><U117/><E2/><V63/><F33/><W77/><G1/><T22/><D39/><U0/><E0/><V42/><F130/><W72/><G131/><T121/><D121/><U100/><E128/><V83/><F101/><W74/><G97/><T36/><D36/><U126/><E56/><V85/><F42/><W3/><G3/><T92/><D134/><N who="1" m="51819" /><E58/><V41/><F41/><W98/><G98/><T124/><D124/><U69/><E69/><V109/><F109/><W78/><G78/><N who="0" m="46551" /><D112/><U102/><E110/><V81/><F19/><W91/><G91/><T119/><D119/><N who="1" m="45579" /><E73/><V71/><F63/><W103/><G70/><T24/><D67/><U27/><E126/><V34/><F34/><W26/><G103/><N who="1" m="39466" /><E27/><V111/><F111/><W115/><G26/><T32/><D32/><U31/><E31/><V116/><F116/><W10/><G115/><T113/><D113/><U84/><AGARI ba="0,0" hai="84,89,93,104,105" m="39466,45579,51819" machi="84" ten="40,8000,1" yaku="20,1,12,1,34,2" doraHai="66" who="1" fromWho="1" sc="318,-20,120,80,296,-20,266,-40" /><INIT seed="4,0,0,4,3,85" ten="298,200,276,226" oya="0" hai0="32,78,27,23,51,95,101,26,129,81,125,8,102" hai1="60,134,83,74,77,0,79,115,100,44,84,42,1" hai2="119,64,70,121,41,92,127,72,104,76,46,6,130" hai3="49,71,9,80,40,68,82,91,25,14,5,17,50"/><T133/><D125/><U88/><E134/><V53/><F104/><W94/><G71/><T57/><D129/><U112/><E100/><V43/><F6/><W39/><G68/><T105/><D105/><U18/><E18/><V87/><F72/><W36/><G36/><T15/><D133/><U89/><E60/><V58/><F121/><W86/><G39/><T90/><D32/><U126/><E126/><V30/><F30/><W131/><G131/><T114/><D114/><N who="1" m="43563" /><E79/><V67/><F76/><W34/><G34/><T3/><D101/><U135/><E135/><V62/><F87/><W61/><G61/><T66/><D102/><U107/><E107/><V117/><F92/><W13/><G25/><T7/><D26/><U2/><E74/><V97/><F127/><W48/><REACH who="3" step="1"/><G40/><REACH who="3" ten="298,200,276,216" step="2"/><T123/><D27/><U65/><E65/><V33/><F130/><W132/><G132/><T52/><D66/><U28/><E28/><V55/><F67/><W4/><G4/><T96/><D123/><U24/><E24/><V45/><F64/><W10/><AGARI ba="0,1" hai="5,9,10,13,14,17,48,49,50,80,82,86,91,94" machi="10" ten="30,7900,0" yaku="1,1,0,1,8,1,52,1,53,0" doraHai="85" doraHaiUra="99" who="3" fromWho="3" sc="298,-39,200,-20,276,-20,216,89" /><INIT seed="5,0,0,0,3,15" ten="259,180,256,305" oya="1" hai0="41,0,87,130,8,107,37,105,124,96,25,38,54" hai1="18,120,43,55,42,63,27,20,28,74,51,75,9" hai2="126,121,40,67,110,89,118,116,80,35,68,14,94" hai3="13,50,111,86,36,131,46,98,44,123,1,76,100"/><U65/><E120/><V83/><F35/><W134/><G1/><T84/><D124/><U49/><E75/><V11/><F110/><W135/><G123/><T81/><D130/><U109/><E74/><V34/><F34/><W53/><G111/><T26/><D0/><U77/><E77/><V33/><F33/><W125/><G125/><T32/><D8/><U47/><E109/><V22/><F126/><W88/><G76/><T23/><D54/><U92/><E92/><V10/><F121/><W45/><G131/><T17/><D84/><U71/><E51/><V24/><F40/><W30/><G30/><T64/><D64/><U91/><E91/><V6/><F11/><W97/><G13/><T85/><D85/><U112/><E112/><V103/><F103/><W66/><G66/><T48/><D48/><U119/><E119/><V115/><F115/><W78/><G78/><T5/><D5/><U104/><E104/><V57/><F68/><W82/><G36/><T114/><D96/><U29/><REACH who="1" step="1"/><E9/><REACH who="1" ten="259,170,256,305" step="2"/><V19/><F116/><W101/><G101/><T127/><D114/><U59/><E59/><V60/><REACH who="2" step="1"/><F118/><REACH who="2" ten="259,170,246,305" step="2"/><W69/><G100/><T79/><D127/><U39/><E39/><V73/><F73/><W90/><G69/><T108/><D108/><U95/><E95/><V132/><F132/><W72/><G135/><T113/><D113/><U7/><E7/><V56/><F56/><N who="3" m="32823" /><G134/><T117/><D117/><U102/><E102/><V61/><F61/><W58/><G58/><T3/><D37/><U62/><E62/><V2/><F2/><W93/><G72/><RYUUKYOKU ba="0,2" sc="259,-30,170,10,246,10,305,10" hai1="18,20,27,28,29,42,43,47,49,55,63,65,71" hai2="6,10,14,19,22,24,57,60,67,80,83,89,94" hai3="44,45,46,82,86,88,90,93,97,98" /><INIT seed="5,1,2,1,5,55" ten="229,180,256,315" oya="1" hai0="49,14,84,85,65,41,133,34,95,52,33,6,26" hai1="82,86,21,15,76,30,105,40,113,57,88,71,123" hai2="111,75,56,102,47,18,87,60,2,22,46,104,121" hai3="98,72,90,31,134,8,106,27,131,20,109,126,36"/><U83/><E71/><V54/><F75/><W42/><G109/><T25/><D133/><U78/><E123/><V1/><F111/><W43/><G134/><T118/><D118/><U108/><E108/><V66/><F121/><W77/><G36/><T67/><D33/><U125/><E105/><V91/><F102/><W74/><G8/><N who="0" m="4375" /><D34/><U64/><E113/><V96/><F96/><W81/><G74/><T89/><D41/><U11/><E125/><V110/><F104/><W9/><G126/><T100/><D100/><U120/><E120/><V117/><F117/><W99/><G99/><T130/><D84/><U114/><E114/><V37/><F110/><W128/><G9/><T7/><D7/><N who="1" m="3583" /><E40/><V12/><F37/><W45/><G106/><T61/><D130/><N who="3" m="49705" /><G45/><N who="0" m="27695" /><D61/><N who="1" m="37935" /><E82/><V53/><F1/><W28/><G28/><T10/><D10/><U24/><AGARI ba="1,2" hai="21,24,30,76,78,83,86,88" m="37935,3583" machi="24" ten="30,6000,0" yaku="8,1,52,1,54,1" doraHai="55" who="1" fromWho="1" sc="229,-21,180,83,256,-21,315,-21" /><INIT seed="5,2,0,5,5,8" ten="208,263,235,294" oya="1" hai0="77,1,132,116,114,96,13,98,122,34,128,107,27" hai1="15,30,71,119,9,89,65,14,24,92,127,32,135" hai2="86,73,7,52,87,70,64,5,78,130,118,6,75" hai3="10,69,110,41,47,124,31,105,83,76,67,44,126"/><U120/><E119/><V72/><F118/><W125/><G110/><T80/><D116/><U21/><E120/><V62/><F130/><W63/><G105/><T111/><D1/><U4/><E135/><V60/><REACH who="2" step="1"/><F78/><REACH who="2" ten="208,263,225,294" step="2"/><W106/><G76/><T39/><D128/><U36/><E127/><V61/><F61/><W93/><G63/><T40/><D77/><U0/><E36/><V59/><AGARI ba="2,1" hai="5,6,7,52,59,60,62,64,70,72,73,75,86,87" machi="59" ten="40,12000,2" yaku="1,1,0,1,54,1,53,3" doraHai="8" doraHaiUra="2" who="2" fromWho="2" sc="208,-32,263,-62,225,136,294,-32" /><INIT seed="6,0,0,4,2,33" ten="176,201,361,262" oya="2" hai0="120,102,35,34,131,114,121,10,72,111,30,126,76" hai1="84,40,134,21,63,98,61,7,67,22,97,106,11" hai2="109,13,29,104,116,125,64,31,62,53,36,74,55" hai3="99,24,39,1,45,81,107,60,25,46,49,79,93"/><V57/><F116/><W3/><G107/><T87/><D72/><U12/><E134/><V6/><F104/><W38/><G60/><T132/><D102/><U5/><E40/><V65/><F74/><W100/><G45/><T96/><D96/><U118/><E118/><V86/><F36/><W82/><G82/><T2/><D87/><U58/><E5/><V47/><F125/><W90/><G100/><T77/><D76/><U16/><E106/><V51/><F65/><W56/><G56/><T15/><D77/><U68/><E84/><V42/><F109/><W122/><G122/><T59/><D132/><U14/><REACH who="1" step="1"/><E21/><REACH who="1" ten="176,191,361,262" step="2"/><V73/><F86/><W112/><G38/><T108/><D111/><U37/><E37/><V41/><F41/><W124/><G39/><T119/><D108/><U115/><E115/><V130/><F73/><W127/><G112/><T4/><D114/><U85/><E85/><V26/><F6/><W80/><G79/><T69/><D119/><U105/><E105/><V32/><F42/><W110/><G110/><T133/><D133/><U117/><E117/><V50/><F32/><W83/><G124/><T128/><D126/><U23/><E23/><V0/><F0/><W113/><G127/><T44/><D2/><U135/><E135/><V28/><F130/><W27/><G113/><T91/><D128/><U20/><E20/><V95/><F13/><W43/><AGARI ba="0,1" hai="1,3,24,25,27,43,46,49,80,81,83,90,93,99" machi="43" ten="30,4000,0" yaku="0,1,52,2" doraHai="33" who="3" fromWho="3" sc="176,-10,191,-10,361,-20,262,50" /><INIT seed="7,0,0,2,3,40" ten="166,181,341,312" oya="3" hai0="130,17,89,85,32,7,56,129,27,73,12,106,8" hai1="5,36,16,101,79,61,29,95,11,116,82,120,45" hai2="68,48,44,80,2,111,123,65,46,3,6,18,66" hai3="77,42,104,59,52,92,37,55,96,86,14,31,97"/><W114/><G114/><T64/><D73/><N who="1" m="43375" /><E120/><V33/><F111/><W122/><G122/><T34/><D106/><U133/><E29/><V131/><F131/><N who="0" m="50186" /><D64/><U9/><E133/><V118/><F46/><W91/><G37/><T127/><D56/><U105/><E105/><V10/><F118/><W76/><G42/><T128/><N who="0" m="50194" /><T102/><DORA hai="63" /><D102/><U99/><E116/><V49/><F68/><W24/><G104/><T121/><D121/><U22/><E61/><V28/><F2/><W19/><G55/><T69/><D69/><U57/><E57/><V115/><F3/><W23/><G76/><T119/><D119/><U125/><E11/><V30/><F115/><W113/><G77/><T90/><D127/><U107/><E107/><V54/><F10/><N who="3" m="6615" /><G113/><T78/><D78/><U94/><E94/><V15/><F33/><N who="0" m="12906" /><D85/><U83/><E83/><V4/><F54/><W71/><G71/><T51/><D51/><AGARI ba="0,0" hai="23,24,31,51,52,59,86,91,92,96,97" m="6615" machi="51" ten="30,2900,0" yaku="8,1,54,1" doraHai="40,63" who="3" fromWho="0" sc="166,-29,181,0,341,0,312,29" /><INIT seed="7,1,0,5,2,98" ten="137,181,341,341" oya="3" hai0="80,115,93,71,60,32,35,83,33,103,13,119,50" hai1="42,62,84,10,3,107,118,130,0,31,5,30,134" hai2="45,89,124,81,94,76,77,116,129,79,21,4,26" hai3="53,63,123,49,38,56,20,135,75,61,132,66,12"/><W57/><G123/><T95/><D119/><U113/><E118/><V108/><F108/><W9/><G38/><T69/><D60/><U97/><E0/><V99/><F116/><W39/><G39/><T25/><D25/><U73/><E73/><V46/><F124/><W90/><G75/><T41/><D13/><U37/><E130/><V128/><F4/><W87/><G20/><T127/><D127/><U102/><E134/><N who="3" m="51242" /><G12/><T104/><D50/><U117/><E117/><V47/><REACH who="2" step="1"/><F81/><REACH who="2" ten="137,181,331,341" step="2"/><N who="0" m="31306" /><D41/><U70/><E42/><V88/><F88/><W126/><G126/><T16/><D16/><AGARI ba="1,1" hai="16,21,26,45,46,47,76,77,79,89,94,99,128,129" machi="16" ten="40,2600,0" yaku="1,1,54,1,53,0" doraHai="98" doraHaiUra="110" who="2" fromWho="0" sc="137,-29,181,0,331,39,341,0" owari="108,-39.0,181,-22.0,370,47.0,341,14.0" /></mjloggm>