<mjloggm ver="2.3"><GO type="169" lobby="0"/><UN n0="%E6%BC%82%E3%81%86" n1="%E7%AD%89%E3%80%85%E5%8A%9B%E5%8A%87%E5%A0%B4" n2="%E6%BB%9D%E6%9C%AC%E3%81%B2%E3%81%B5%E3%81%BF%EF%BC%81" n3="%43%E3%82%A8%E3%83%BC%E3%82%B8%E3%82%A7%E3%83%B3%E3%83%88" dan="16,17,17,17" rate="2065.52,2162.60,2187.67,2181.86" sx="M,M,M,M"/><TAIKYOKU oya="0"/><INIT seed="0,0,0,1,3,100" ten="250,250,250,250" oya="0" hai0="27,57,111,85,49,69,125,80,99,9,18,46,119" hai1="63,120,133,94,101,43,1,52,11,82,62,106,55" hai2="88,73,25,116,5,105,0,14,35,86,13,22,40" hai3="67,123,135,19,8,12,112,104,103,114,10,89,4"/><T54/><D69/><U126/><E120/><V26/><F73/><W108/><G135/><T75/><D119/><U20/><E126/><V70/><F70/><W34/><G108/><T53/><D75/><U129/><E129/><V38/><F116/><W115/><G89/><T128/><D128/><U39/><E133/><V95/><F105/><W29/><G67/><T134/><D134/><U37/><E94/><V58/><F38/><W64/><G64/><T102/><D125/><U50/><E43/><V71/><F71/><W81/><G81/><T32/><D32/><U121/><E121/><V33/><F40/><W2/><G103/><T117/><D117/><U42/><E42/><V98/><F0/><W83/><G83/><T51/><D111/><U87/><E20/><V61/><F5/><W66/><G66/><T77/><D27/><U113/><E113/><V107/><F107/><W131/><G104/><T56/><D46/><U92/><E92/><V59/><F59/><W7/><G131/><T30/><D30/><U72/><E72/><V21/><F33/><W17/><G123/><T28/><D28/><U84/><E39/><V79/><F35/><W23/><G34/><T24/><D24/><AGARI ba="0,0" hai="2,4,7,8,10,12,17,19,23,24,29,112,114,115" machi="24" ten="40,5200,0" yaku="34,3" doraHai="100" who="3" fromWho="0" sc="250,-52,250,0,250,0,250,52" /><INIT seed="1,0,0,5,5,134" ten="198,250,250,302" oya="1" hai0="51,85,53,113,49,15,92,106,80,88,110,43,62" hai1="59,116,97,101,70,22,32,131,8,60,83,95,25" hai2="89,71,64,30,79,3,26,132,17,12,56,33,73" hai3="18,77,47,34,0,29,124,41,36,45,84,46,37"/><U40/><E131/><V58/><F132/><W99/><G0/><T104/><D113/><U126/><E116/><V112/><F3/><W13/><G99/><T2/><D2/><U19/><E70/><V7/><F7/><W50/><G29/><T133/><D133/><U108/><E32/><V130/><F130/><W31/><G31/><T82/><D110/><U67/><E108/><V72/><F112/><W24/><G24/><T114/><D114/><U109/><E109/><V68/><F89/><W10/><G34/><T119/><D119/><U127/><E40/><V98/><F98/><W44/><REACH who="3" step="1"/><G124/><REACH who="3" ten="198,250,250,292" step="2"/><T135/><D135/><U66/><E127/><V115/><F26/><W21/><G21/><T14/><D106/><U86/><E126/><V55/><F30/><W63/><G63/><T5/><D104/><U74/><E8/><V65/><F33/><W105/><G105/><T120/><D62/><U4/><E60/><V48/><F115/><W90/><G90/><T100/><D100/><U122/><E101/><V57/><F12/><W78/><G78/><T52/><D88/><U42/><E25/><V9/><F79/><W93/><G93/><T111/><D111/><U75/><E95/><V16/><F9/><W129/><G129/><T61/><D61/><U76/><E76/><V96/><F96/><W23/><G23/><T123/><D92/><U6/><E22/><V107/><F107/><W117/><G117/><T103/><D103/><U118/><E118/><V91/><F91/><W94/><G94/><T27/><D27/><U39/><E97/><V69/><F69/><RYUUKYOKU ba="0,1" sc="198,-10,250,-10,250,-10,292,30" hai3="10,13,18,36,37,41,44,45,46,47,50,77,84" /><INIT seed="2,1,1,3,4,13" ten="188,240,240,322" oya="2" hai0="128,14,115,61,113,102,129,98,50,38,4,106,78" hai1="83,103,76,0,75,120,27,111,122,9,31,8,97" hai2="58,126,121,65,108,131,91,105,47,37,16,21,68" hai3="114,10,12,135,72,81,36,99,77,118,79,74,19"/><V25/><F121/><N who="1" m="46697" /><E0/><V43/><F126/><W109/><G109/><T20/><D38/><U70/><E70/><V125/><F125/><W64/><G118/><T95/><D78/><U94/><E111/><V44/><F108/><W93/><G135/><T33/><D33/><AGARI ba="1,1" hai="8,9,27,31,33,75,76,83,94,97,103" m="46697" machi="33" ten="30,1000,0" yaku="13,1" doraHai="13" who="1" fromWho="0" sc="188,-13,240,23,240,0,322,0" /><INIT seed="3,0,0,0,5,135" ten="175,263,240,322" oya="3" hai0="121,24,78,89,68,106,82,1,9,115,120,0,42" hai1="103,119,84,63,85,77,116,76,129,10,122,6,21" hai2="90,109,33,36,8,87,125,38,74,130,16,31,107" hai3="62,20,29,5,66,4,73,81,110,44,17,86,7"/><W59/><G73/><T46/><D89/><U97/><E21/><V75/><F107/><W65/><G110/><T32/><D115/><U54/><E54/><V55/><F109/><W12/><G44/><T67/><D106/><U112/><E63/><V118/><F118/><N who="1" m="45097" /><E6/><V53/><F130/><W101/><G101/><T30/><D67/><U23/><E10/><V69/><F69/><W22/><G66/><T61/><D61/><U96/><E23/><V134/><F134/><W47/><G47/><T28/><D28/><U48/><E48/><V114/><F114/><W11/><REACH who="3" step="1"/><G29/><REACH who="3" ten="175,263,240,312" step="2"/><T60/><D120/><U88/><E122/><V40/><F74/><W19/><G19/><T102/><D121/><U27/><E103/><V95/><F75/><W39/><G39/><T79/><D102/><U117/><E117/><V99/><F36/><W2/><G2/><T13/><D1/><U64/><E64/><V126/><F38/><W71/><G71/><T80/><D0/><U92/><E112/><V50/><F31/><W41/><G41/><T34/><D46/><U113/><E113/><V26/><F40/><W70/><G70/><T49/><D42/><U52/><E52/><V100/><F53/><W3/><G3/><T56/><D68/><U72/><E72/><V15/><F55/><W105/><G105/><T35/><D35/><U93/><E129/><V127/><F50/><W131/><G131/><T124/><D32/><U123/><E123/><V51/><F51/><W91/><AGARI ba="0,1" hai="4,5,7,11,12,17,20,22,59,62,65,81,86,91" machi="91" ten="30,6000,0" yaku="1,1,0,1,8,1,53,0" doraHai="135" doraHaiUra="104" who="3" fromWho="3" sc="175,-20,263,-20,240,-20,312,70" /><INIT seed="3,1,0,4,3,110" ten="155,243,220,382" oya="3" hai0="3,130,76,60,15,121,79,61,80,82,78,119,19" hai1="114,22,8,115,25,16,104,118,63,74,12,49,42" hai2="92,24,13,55,117,91,56,20,52,0,98,116,87" hai3="65,134,83,112,81,133,109,17,39,64,129,108,85"/><W105/><G105/><T34/><D119/><U62/><E74/><V77/><F0/><W33/><G33/><T59/><D121/><U46/><E104/><V100/><F13/><W9/><G39/><T90/><D3/><U26/><E118/><V106/><F77/><W44/><G44/><T66/><D34/><U131/><E131/><V95/><F106/><W36/><G36/><T113/><D130/><U21/><E63/><V120/><F120/><W125/><G125/><T93/><D113/><U94/><E94/><V18/><REACH who="2" step="1"/><F55/><REACH who="2" ten="155,243,210,382" step="2"/><W67/><G129/><T32/><D79/><U103/><E115/><V71/><F71/><W122/><G112/><T10/><D78/><U123/><E114/><V23/><F23/><W54/><G54/><T31/><D76/><U37/><E123/><V51/><AGARI ba="1,1" hai="18,20,24,51,52,56,87,91,92,95,98,100,116,117" machi="51" ten="20,5200,0" yaku="1,1,0,1,7,1,54,1,53,0" doraHai="110" doraHaiUra="4" who="2" fromWho="2" sc="155,-14,243,-14,210,65,382,-27" /><INIT seed="4,0,0,5,5,123" ten="141,229,275,355" oya="0" hai0="114,45,76,38,80,39,9,105,55,95,2,59,60" hai1="77,79,35,10,98,100,67,23,112,71,110,69,54" hai2="33,52,21,56,85,90,14,16,15,83,5,47,120" hai3="3,6,133,115,24,68,31,87,117,17,103,119,99"/><T34/><D105/><U122/><E35/><V30/><F120/><W107/><G68/><T116/><D116/><U134/><E122/><V12/><F47/><W65/><G65/><T109/><D114/><U27/><E134/><V101/><F101/><W128/><G115/><T125/><D125/><U96/><E112/><V131/><F131/><W78/><G128/><T13/><D34/><U75/><E98/><V43/><F43/><W92/><G17/><T22/><D2/><U118/><E118/><V20/><F33/><W58/><G58/><T32/><D32/><U26/><E26/><N who="2" m="16711" /><F5/><W91/><G133/><T104/><D104/><U89/><E89/><V70/><F70/><W113/><G113/><T106/><D106/><U86/><E75/><V130/><F130/><W18/><G18/><T28/><D109/><U111/><E71/><V57/><F57/><W64/><G64/><T126/><D126/><U62/><E54/><V135/><F135/><W7/><G3/><T61/><D39/><U41/><E41/><V40/><F40/><W81/><G119/><T93/><D38/><U51/><E51/><AGARI ba="0,0" hai="12,14,15,16,21,51,52,56,83,85,90" m="16711" machi="51" ten="30,3900,0" yaku="8,1,54,2" doraHai="123" who="2" fromWho="1" sc="141,0,229,-39,275,39,355,0" /><INIT seed="5,0,0,2,2,24" ten="141,190,314,355" oya="1" hai0="126,112,32,132,67,123,15,135,60,10,96,46,101" hai1="73,115,31,49,113,99,114,104,41,43,124,93,26" hai2="89,125,128,106,130,92,42,34,81,59,121,134,21" hai3="111,69,17,5,107,85,28,109,27,37,83,22,23"/><U1/><E104/><V50/><F34/><W58/><G69/><T84/><D112/><U68/><E1/><V45/><F106/><W52/><G37/><T47/><D126/><U88/><E124/><V9/><F121/><W7/><G107/><T44/><D123/><U56/><E68/><V86/><F125/><W11/><G11/><T72/><D72/><U55/><REACH who="1" step="1"/><E73/><REACH who="1" ten="141,180,314,355" step="2"/><V78/><F134/><N who="0" m="51242" /><D32/><AGARI ba="0,1" hai="26,31,32,41,43,49,55,56,88,93,99,113,114,115" machi="32" ten="40,12000,1" yaku="1,1,15,1,52,1,54,1,53,1" doraHai="24" doraHaiUra="53" who="1" fromWho="0" sc="141,-120,180,130,314,0,355,0" /><INIT seed="5,1,0,2,5,5" ten="21,310,314,355" oya="1" hai0="129,119,97,100,53,64,107,59,11,27,83,51,16" hai1="103,17,67,115,35,134,131,23,106,81,68,91,113" hai2="101,36,94,33,78,73,43,9,10,34,50,126,87" hai3="37,15,90,133,105,57,47,128,109,22,72,98,49"/><U63/><E35/><V58/><F36/><W44/><G109/><T112/><D119/><U117/><E117/><V110/><F110/><W82/><G128/><T18/><D112/><U114/><E134/><V123/><F123/><W66/><G37/><T52/><D129/><U19/><E131/><V70/><F70/><W77/><G133/><T56/><D64/><U69/><E69/><V41/><F33/><W31/><G90/><T28/><D83/><U60/><E60/><V74/><F74/><W95/><G105/><T132/><D132/><U111/><E111/><V89/><F34/><W38/><G38/><T121/><D121/><U42/><E42/><N who="2" m="15883" /><F73/><W14/><G14/><T92/><D107/><U21/><E103/><V96/><F78/><W127/><G127/><T122/><D122/><U88/><E106/><V24/><F24/><W85/><G72/><T30/><D18/><N who="1" m="6667" /><E81/><N who="2" m="49391" /><F126/><W26/><G15/><T6/><D27/><U54/><E54/><AGARI ba="1,0" hai="9,10,50,54,58,94,96,101" m="49391,15883" machi="54" ten="30,3900,0" yaku="8,1,52,2" doraHai="5" who="2" fromWho="1" sc="21,0,310,-42,314,42,355,0" /><INIT seed="6,0,0,2,5,98" ten="21,268,356,355" oya="2" hai0="122,73,55,17,4,110,3,20,27,106,129,47,101" hai1="83,90,60,69,54,125,78,118,67,42,25,13,116" hai2="71,86,0,97,65,45,61,40,48,49,85,94,58" hai3="64,19,28,10,9,126,22,6,105,104,80,130,36"/><V72/><F0/><W15/><G36/><T16/><D122/><U92/><E125/><V109/><F72/><W26/><G130/><T1/><D73/><U134/><E134/><V53/><REACH who="2" step="1"/><F109/><REACH who="2" ten="21,268,346,355" step="2"/><W103/><G126/><T41/><D110/><U114/><E118/><V33/><F33/><W44/><G105/><T24/><D129/><U2/><E116/><V128/><F128/><W66/><G44/><T38/><D55/><U63/><E2/><V18/><F18/><W100/><G104/><T88/><D4/><U5/><E5/><V75/><F75/><W39/><G39/><T107/><D1/><U135/><E54/><V119/><F119/><W112/><G112/><T56/><D3/><U82/><E114/><V93/><F93/><W87/><G64/><T127/><D127/><U108/><E92/><V43/><F43/><W81/><G66/><T52/><D106/><U70/><E42/><V131/><F131/><W8/><G6/><T89/><D17/><U77/><E67/><V59/><F59/><W96/><G96/><T37/><D37/><U68/><E108/><V14/><F14/><W32/><REACH who="3" step="1"/><G81/><REACH who="3" ten="21,268,346,345" step="2"/><T91/><D24/><U29/><E82/><V57/><F57/><W11/><N who="3" m="2048" /><DORA hai="99" /><W31/><G31/><T62/><REACH who="0" step="1"/><D107/><REACH who="0" ten="11,268,346,345" step="2"/><U30/><E25/><V12/><F12/><W102/><G102/><AGARI ba="0,3" hai="16,20,27,38,41,47,52,56,62,88,89,91,101,102" machi="102" ten="40,16000,3" yaku="1,1,2,1,52,4,54,3,53,0" doraHai="98,99" doraHaiUra="34,121" who="0" fromWho="3" sc="11,190,268,0,346,0,345,-160" /><AGARI ba="0,0" hai="40,45,48,49,53,58,61,65,71,85,86,94,97,102" machi="102" ten="30,11600,0" yaku="1,1,7,1,52,2,53,0" doraHai="98,99" doraHaiUra="34,121" who="2" fromWho="3" sc="201,0,268,0,346,116,185,-116" /><INIT seed="6,1,0,3,5,7" ten="201,268,462,69" oya="2" hai0="66,78,68,56,57,79,8,126,25,27,9,42,108" hai1="104,85,15,116,16,63,18,38,22,134,50,29,83" hai2="43,125,120,81,106,95,1,102,101,86,67,133,13" hai3="99,124,2,98,74,6,5,109,110,52,100,55,10"/><V88/><F1/><W90/><G74/><T82/><D68/><U12/><E38/><V129/><F120/><W33/><G33/><T44/><D108/><U53/><E116/><V20/><F125/><W59/><G124/><T21/><D126/><U37/><E37/><V49/><F129/><W77/><G77/><T105/><D105/><U113/><E104/><V93/><F133/><W39/><G39/><T61/><D57/><U112/><E29/><V92/><F67/><W72/><G72/><T111/><D25/><U87/><E63/><V31/><F106/><W107/><G6/><T65/><D65/><U71/><E71/><V3/><F3/><W131/><G131/><T69/><D69/><U51/><E134/><V36/><F36/><W60/><REACH who="3" step="1"/><G55/><REACH who="3" ten="201,268,462,59" step="2"/><T119/><D111/><U26/><E53/><V62/><F43/><W47/><G47/><T84/><D119/><U11/><E113/><V64/><F64/><W103/><G103/><T132/><D132/><U117/><E112/><V122/><F101/><W23/><G23/><T114/><D114/><U30/><E117/><V121/><F102/><W4/><G4/><T46/><D79/><U14/><E22/><V45/><F45/><N who="0" m="17514" /><D42/><U0/><E0/><V40/><F40/><W73/><G73/><T70/><D70/><U76/><E76/><V118/><F20/><W89/><G89/><T41/><D41/><U24/><E30/><AGARI ba="1,1" hai="8,9,21,27,30,56,61,66,78,82,84" m="17514" machi="30" ten="30,3900,0" yaku="8,1,52,2" doraHai="7" who="0" fromWho="1" sc="201,52,268,-42,462,0,59,0" /><INIT seed="7,0,0,2,3,123" ten="253,226,462,59" oya="3" hai0="75,5,48,78,107,131,56,117,129,69,28,16,88" hai1="15,118,106,19,103,125,66,52,80,86,9,77,24" hai2="29,132,34,12,87,38,40,49,114,133,93,60,74" hai3="67,41,91,89,70,111,134,10,22,45,112,96,53"/><W128/><G112/><T121/><D69/><U71/><E125/><V120/><F60/><W58/><G128/><N who="0" m="49227" /><D107/><U46/><E118/><V92/><F12/><W6/><G134/><T116/><D121/><U54/><E106/><V85/><F92/><W55/><G22/><T113/><D113/><U126/><E126/><V23/><F85/><W105/><G111/><T25/><D5/><U83/><E103/><V30/><F93/><W99/><G105/><T35/><D16/><N who="1" m="8303" /><E71/><V73/><F49/><N who="3" m="31023" /><G55/><N who="1" m="21034" /><E83/><V50/><F114/><W14/><G99/><T33/><D33/><U98/><E66/><V100/><F120/><W37/><G96/><T1/><D1/><U36/><E36/><V8/><F38/><W101/><G101/><T124/><D124/><U102/><E102/><V127/><F23/><W95/><G95/><T63/><D48/><U17/><E98/><V44/><F127/><W57/><G57/><T11/><D11/><U82/><E24/><V27/><F100/><W110/><G110/><T72/><D117/><U119/><E119/><V94/><F94/><W2/><G2/><T20/><D116/><U108/><E108/><V47/><F132/><W51/><G51/><T76/><D35/><U64/><E64/><V135/><F135/><W13/><G13/><T26/><D26/><U7/><E46/><V43/><F133/><W90/><G90/><T122/><D122/><U4/><E82/><V59/><F50/><W109/><G109/><T21/><D21/><U18/><AGARI ba="0,0" hai="4,7,17,18,19,77,80,86" m="21034,8303" machi="18" ten="30,4000,0" yaku="8,1,54,2" doraHai="123" who="1" fromWho="1" sc="253,-10,226,40,462,-10,59,-20" owari="243,-16.0,266,7.0,452,55.0,39,-46.0" /></mjloggm>