<mjloggm ver="2.3"><GO type="185" lobby="0"/><UN n0="%E7%A9%BA%E3%81%AB%E8%8A%B1%E7%81%AB" n1="%54%72%61%76%69%53" n2="%E3%82%8A%E3%82%85%E3%81%99%E3%81%8F" n3="" dan="17,17,17,0" rate="2205.22,2185.15,2194.42,1500.00" sx="M,M,M,C"/><TAIKYOKU oya="0"/><INIT seed="0,0,0,2,3,124" ten="350,350,350,0" oya="0" hai0="99,46,67,3,48,73,85,82,0,33,70,36,76" hai1="56,94,49,121,59,41,52,114,1,110,123,91,89" hai2="129,107,53,84,78,60,98,120,34,43,118,80,75" hai3=""/><T101/><D33/><U95/><N who="1" m="31008" /><U92/><N who="1" m="31520" /><U72/><E1/><V108/><N who="2" m="30752" /><V44/><F108/><T122/><N who="0" m="31264" /><T81/><D36/><U63/><E72/><V109/><F109/><T40/><D67/><U38/><E110/><V57/><F118/><T88/><REACH who="0" step="1"/><D70/><REACH who="0" ten="340,350,350,0" step="2"/><U32/><E32/><V119/><F34/><T93/><AGARI ba="0,1" hai="0,3,40,46,48,73,76,81,82,85,88,93,99,101" m="31264" machi="93" ten="20,12000,2" yaku="1,1,2,1,0,1,7,1,52,1,54,1,53,0" doraHai="124" doraHaiUra="131" who="0" fromWho="0" sc="340,130,350,-60,350,-60,0,0" /><INIT seed="0,1,0,2,0,63" ten="470,290,290,0" oya="0" hai0="73,60,76,114,2,87,45,34,69,90,124,125,33" hai1="32,46,57,1,92,56,107,53,102,77,103,66,96" hai2="129,120,122,52,88,105,132,36,99,78,79,119,84" hai3=""/><T106/><D2/><U130/><E1/><V49/><N who="2" m="30752" /><V121/><N who="2" m="31008" /><V37/><N who="2" m="31264" /><V42/><F129/><T80/><D106/><U113/><E32/><V54/><F132/><T110/><D114/><U0/><E0/><V65/><F119/><T70/><D110/><U75/><E130/><V55/><F65/><T59/><D45/><U41/><E113/><V39/><F99/><T100/><D100/><U47/><E75/><V128/><F105/><T112/><D112/><U35/><E35/><V131/><F128/><T118/><D118/><U135/><E135/><V82/><REACH who="2" step="1"/><F131/><REACH who="2" ten="470,290,280,0" step="2"/><T48/><D33/><U86/><E107/><V127/><F127/><T109/><D34/><U95/><E66/><V126/><F126/><T83/><D125/><U50/><E103/><V62/><F62/><T51/><D124/><U43/><E43/><V111/><F111/><T117/><D109/><U68/><E68/><V67/><F67/><T98/><D117/><U94/><E102/><V93/><F93/><T44/><D98/><U91/><E96/><V74/><F74/><T3/><D3/><U115/><E115/><V123/><N who="2" m="31520" /><V81/><F81/><T38/><D80/><U89/><E95/><V72/><F72/><RYUUKYOKU ba="1,1" sc="470,-10,290,-10,280,20,0,0" hai2="36,37,39,42,49,52,54,55,78,79,82,84,88" /><INIT seed="1,2,1,5,1,123" ten="460,280,300,0" oya="1" hai0="79,128,92,33,103,58,36,81,94,115,62,50,73" hai1="96,56,130,120,134,66,101,97,46,47,111,132,114" hai2="0,43,60,108,3,34,78,76,64,65,135,133,95" hai3=""/><U99/><N who="1" m="30752" /><U87/><E114/><V82/><F34/><T117/><D33/><U116/><E116/><V40/><F95/><T70/><D115/><U61/><E130/><V63/><REACH who="2" step="1"/><F82/><REACH who="2" ten="460,280,290,0" step="2"/><T98/><D94/><U51/><E101/><V126/><F126/><T121/><D81/><U2/><E2/><V113/><F113/><T35/><D92/><U37/><E37/><V59/><F59/><T119/><D36/><U41/><E47/><V129/><F129/><T74/><D35/><U32/><E32/><V72/><F72/><T110/><D128/><U131/><E131/><V100/><F100/><T55/><D74/><U112/><E112/><V106/><F106/><T69/><D73/><U48/><E87/><V124/><F124/><T71/><N who="0" m="31008" /><T84/><D103/><U44/><REACH who="1" step="1"/><E111/><AGARI ba="2,2" hai="0,3,40,43,60,63,64,65,76,78,108,111,133,135" machi="111" ten="25,8000,1" yaku="1,1,22,2,52,2,53,0" doraHai="123" doraHaiUra="125" who="2" fromWho="1" sc="460,0,280,-84,290,104,0,0" /><INIT seed="2,0,0,2,2,63" ten="460,196,394,0" oya="2" hai0="83,126,70,119,51,76,85,68,78,91,132,40,125" hai1="58,123,45,96,3,127,69,129,39,88,34,128,49" hai2="56,52,1,101,122,82,44,89,77,37,120,42,93" hai3=""/><V0/><N who="2" m="30752" /><V57/><N who="2" m="31264" /><V75/><F101/><T41/><D119/><U50/><N who="1" m="31520" /><U43/><E3/><V124/><F124/><N who="0" m="47722" /><D132/><U133/><E127/><V38/><F38/><T33/><D33/><U98/><E34/><V67/><F67/><T109/><D109/><U108/><E69/><N who="0" m="26729" /><D51/><U117/><E133/><V100/><F100/><T35/><D35/><U90/><E108/><V64/><F64/><T54/><D54/><U66/><E117/><V55/><F55/><T80/><D91/><N who="1" m="34859" /><E39/><V47/><F1/><T104/><D104/><U71/><E71/><V32/><F0/><T97/><D97/><U130/><E49/><V87/><REACH who="2" step="1"/><F32/><REACH who="2" ten="460,196,384,0" step="2"/><T106/><D106/><U134/><E134/><V65/><F65/><T72/><AGARI ba="0,1" hai="40,41,72,76,78,80,83,85" m="26729,47722" machi="72" ten="30,800,0" yaku="18,1" doraHai="63" who="0" fromWho="0" sc="460,18,196,-3,384,-5,0,0" /><INIT seed="4,0,0,2,0,1" ten="478,193,379,0" oya="0" hai0="79,39,53,61,122,108,99,47,91,98,127,132,89" hai1="103,73,58,114,42,62,43,80,75,128,2,116,93" hai2="46,56,45,72,41,129,110,78,84,104,105,95,124" hai3=""/><T86/><N who="0" m="31264" /><T131/><D127/><U113/><E2/><V90/><F110/><T109/><D132/><U51/><E116/><V40/><F129/><T48/><D131/><U54/><E128/><V133/><F124/><T57/><D39/><U82/><E82/><V67/><F133/><T123/><N who="0" m="31520" /><T35/><D35/><U74/><E80/><V119/><F78/><T117/><D117/><U85/><E62/><V50/><F72/><T36/><D36/><U94/><E85/><V125/><F125/><T66/><D79/><U112/><REACH who="1" step="1"/><E93/><REACH who="1" ten="478,183,379,0" step="2"/><V135/><F119/><T77/><D86/><U59/><E59/><V118/><F118/><T130/><D130/><U97/><AGARI ba="0,1" hai="42,43,51,54,58,73,74,75,94,97,103,112,113,114" machi="97" ten="40,6000,1" yaku="1,1,0,1,15,1,11,1,53,1" doraHai="1" doraHaiUra="96" who="1" fromWho="1" sc="478,-40,183,70,379,-20,0,0" /><INIT seed="5,0,0,4,5,100" ten="438,253,359,0" oya="1" hai0="109,135,87,119,82,88,44,35,92,90,95,54,46" hai1="74,42,118,63,47,134,77,62,130,127,0,70,128" hai2="71,101,98,76,116,59,114,122,57,124,86,133,110" hai3=""/><U104/><E0/><V53/><N who="2" m="31264" /><V83/><F116/><T72/><D109/><U99/><E118/><V91/><F110/><T126/><D119/><U93/><E134/><V117/><F117/><T32/><D135/><U43/><E127/><V3/><F3/><T108/><D108/><U125/><E125/><V2/><F2/><T129/><D126/><U103/><E93/><V67/><F124/><T55/><D129/><N who="1" m="49771" /><E70/><V78/><F71/><T85/><D82/><U94/><E94/><V66/><F133/><T37/><D72/><U45/><E45/><V81/><F114/><T121/><N who="0" m="31008" /><T107/><D37/><U68/><E68/><V79/><F83/><T60/><D60/><N who="1" m="23083" /><E47/><V61/><REACH who="2" step="1"/><F59/><REACH who="2" ten="438,253,349,0" step="2"/><T131/><D131/><U102/><E102/><V105/><AGARI ba="0,1" hai="53,57,61,66,67,76,78,79,81,86,91,98,101,105" m="31264" machi="105" ten="30,6000,1" yaku="1,1,2,1,0,1,52,2,53,0" doraHai="100" doraHaiUra="89" who="2" fromWho="2" sc="438,-20,253,-40,349,70,0,0" /><INIT seed="6,0,0,4,4,75" ten="418,213,419,0" oya="2" hai0="57,43,52,84,82,80,126,98,73,121,123,130,102" hai1="120,53,55,39,112,71,89,92,104,93,34,107,100" hai2="124,87,117,135,45,116,41,132,35,65,133,0,110" hai3=""/><V64/><F35/><T69/><N who="0" m="31008" /><T122/><N who="0" m="31264" /><T134/><N who="0" m="31520" /><T128/><D69/><U36/><N who="1" m="30752" /><U91/><E71/><V105/><F0/><T106/><D134/><U115/><REACH who="1" step="1"/><E100/><REACH who="1" ten="418,203,419,0" step="2"/><V111/><F124/><T129/><D126/><U2/><E2/><V49/><F105/><T76/><D129/><U60/><E60/><V114/><F114/><T46/><D130/><U109/><E109/><N who="2" m="41483" /><F116/><T101/><D128/><U95/><E95/><V127/><F117/><T51/><D102/><U119/><E119/><V61/><F127/><T59/><D43/><U103/><E103/><V74/><F61/><T50/><D50/><U70/><E70/><V67/><F74/><T85/><D73/><U90/><E90/><AGARI ba="0,1" hai="46,51,52,57,59,76,80,82,84,85,90,98,101,106" m="31520,31264,31008" machi="90" ten="30,12000,2" yaku="7,1,52,4,54,1" doraHai="75" who="0" fromWho="1" sc="418,130,203,-120,419,0,0,0" owari="548,50.0,83,-52.0,419,2.0,0,0.0" /></mjloggm>