<mjloggm ver="2.3"><GO type="225" lobby="0"/><UN n0="%E3%81%99%E3%81%84%E3%81%BE%E3%81%9B%E3%83%BC%E3%82%93" n1="%E4%BF%BA%E3%81%A8%E5%A6%96%E5%A4%A2" n2="%E3%81%8A%E3%81%8A%E3%81%9E%E3%82%89%E3%82%92%E3%81%A8%E3%81%B6" n3="%E6%AF%9B%E8%8D%92%E3%82%8C%E3%83%BB%E3%82%B9%E3%83%9F%E3%82%B9" dan="17,17,16,16" rate="2190.92,2171.33,2155.64,2109.76" sx="M,F,M,F"/><TAIKYOKU oya="0"/><INIT seed="0,0,0,5,5,128" ten="250,250,250,250" oya="0" hai0="107,51,104,127,97,12,82,58,54,106,103,33,91" hai1="55,126,108,135,81,26,11,18,88,116,72,78,122" hai2="124,7,3,92,44,25,84,45,24,36,22,46,85" hai3="95,5,117,98,27,16,112,132,113,39,93,101,114"/><T89/><D127/><U73/><E116/><V83/><F124/><W105/><G132/><T120/><D33/><U13/><E126/><V23/><F36/><W28/><G117/><T75/><D120/><U40/><E122/><V79/><F3/><W99/><G39/><T86/><D75/><U76/><E108/><V29/><F7/><W111/><G111/><T69/><D69/><U57/><E40/><V20/><REACH who="2" step="1"/><F29/><REACH who="2" ten="250,250,240,250" step="2"/><W38/><G38/><T67/><D67/><U90/><E135/><V65/><F65/><W118/><G118/><T1/><D1/><U17/><E73/><V34/><F34/><W109/><G5/><T10/><REACH who="0" step="1"/><D91/><AGARI ba="0,1" hai="20,22,23,24,25,44,45,46,79,83,84,85,91,92" machi="91" ten="40,2600,0" yaku="1,1,8,1,53,0" doraHai="128" doraHaiUra="70" who="2" fromWho="0" sc="250,-26,250,0,240,36,250,0" /><INIT seed="1,0,0,4,1,46" ten="224,250,276,250" oya="1" hai0="19,39,33,99,134,71,57,43,53,133,37,1,87" hai1="9,44,112,30,49,120,69,122,116,16,80,32,51" hai2="104,24,41,70,121,103,36,35,26,111,76,7,85" hai3="4,29,101,102,114,18,92,125,45,91,127,27,107"/><U109/><E116/><V23/><F121/><W13/><G114/><T40/><D1/><U54/><E112/><V74/><F70/><W126/><G4/><T124/><D33/><U61/><E109/><V72/><F7/><W88/><G107/><T94/><D71/><U62/><E80/><V131/><F26/><W119/><G119/><T82/><D124/><U6/><E120/><V63/><F63/><W42/><G18/><T81/><D19/><U86/><E86/><V20/><F20/><N who="3" m="15591" /><G13/><T123/><D123/><U15/><E122/><V75/><F35/><W135/><G135/><N who="0" m="51723" /><D43/><U77/><E77/><V89/><F41/><W108/><G108/><T17/><D17/><U106/><E106/><V115/><F76/><W66/><G66/><T22/><D22/><U12/><E69/><V78/><F23/><W60/><G60/><N who="1" m="23146" /><E32/><V93/><F111/><W98/><G101/><N who="0" m="60663" /><D40/><U50/><E30/><V8/><F115/><W105/><G105/><T84/><D82/><U83/><E83/><V34/><F104/><W97/><G98/><T65/><D65/><U132/><E132/><V10/><F34/><W38/><AGARI ba="0,0" hai="38,42,45,88,91,92,97,102,125,126,127" m="15591" machi="38" ten="30,2000,0" yaku="18,1,54,1" doraHai="46" who="3" fromWho="3" sc="224,-5,250,-10,276,-5,250,20" /><INIT seed="2,0,0,4,2,110" ten="219,240,271,270" oya="2" hai0="44,115,8,78,20,95,35,18,108,63,25,15,85" hai1="30,114,68,88,116,99,2,27,72,90,22,62,16" hai2="31,33,57,103,130,66,24,0,58,56,106,19,23" hai3="129,113,105,10,125,107,112,59,55,14,81,17,89"/><V118/><F118/><W1/><G129/><T123/><D123/><U5/><E116/><V41/><F130/><W82/><G125/><T120/><D120/><U83/><E2/><V126/><F126/><W75/><G1/><T91/><D108/><U38/><E38/><V26/><F0/><W119/><G119/><T6/><D115/><N who="3" m="44105" /><G89/><T131/><D131/><U43/><E43/><V34/><F41/><W45/><G45/><T94/><D78/><U47/><E5/><V122/><F122/><W9/><G10/><T70/><D35/><U29/><E47/><V60/><F34/><W135/><G135/><T109/><D109/><U48/><E114/><V51/><F51/><N who="3" m="31231" /><G81/><T50/><D70/><U54/><E68/><V76/><F33/><W73/><G75/><T77/><D77/><AGARI ba="0,0" hai="9,14,17,73,77,82,105,107" m="31231,44105" machi="77" ten="30,7700,0" yaku="11,1,52,3" doraHai="110" who="3" fromWho="0" sc="219,-77,240,0,271,0,270,77" /><INIT seed="3,0,0,2,2,32" ten="142,240,271,347" oya="3" hai0="21,61,57,122,38,99,72,2,95,79,108,45,120" hai1="26,75,69,130,94,90,93,48,70,115,54,117,101" hai2="33,89,105,133,13,88,125,58,40,7,127,103,15" hai3="28,116,23,53,3,14,39,46,85,16,10,42,107"/><W112/><G112/><T80/><D108/><U91/><E115/><V82/><F33/><W62/><G116/><T114/><D114/><U118/><E75/><V68/><F68/><W111/><G107/><T51/><D38/><U100/><E26/><V19/><F133/><W4/><G111/><T35/><D35/><U81/><E81/><V65/><F40/><W129/><G129/><T60/><D60/><U92/><E48/><V1/><F58/><W31/><G85/><T64/><D45/><U66/><E54/><V126/><F65/><W25/><G3/><T0/><D51/><U17/><E17/><V63/><F63/><W98/><G98/><T52/><D64/><U27/><E27/><V67/><F67/><W50/><G62/><T96/><D96/><U104/><E66/><V29/><F29/><W73/><G73/><T135/><D135/><U30/><E30/><V71/><F71/><N who="1" m="27145" /><E104/><V124/><F124/><W55/><G55/><T43/><D43/><U109/><E130/><V76/><F105/><W84/><G84/><T78/><D78/><U132/><E132/><V44/><F44/><AGARI ba="0,0" hai="4,10,14,16,23,25,28,31,39,42,44,46,50,53" machi="44" ten="30,2900,0" yaku="7,1,54,1" doraHai="32" who="3" fromWho="2" sc="142,0,240,0,271,-29,347,29" owari="142,-36.0,240,-16.0,242,4.0,376,48.0" /></mjloggm>