<mjloggm ver="2.3"><GO type="169" lobby="0"/><UN n0="%4B%6F%74%61%38%31%36" n1="%6D%69%6B%65%69%6E%75" n2="%4D%61%74%75%75%72%61" n3="%E3%81%9F%E3%81%8B%31%34%31" dan="16,16,16,18" rate="2144.11,2163.55,2084.08,2267.47" sx="M,M,M,M"/><TAIKYOKU oya="0"/><INIT seed="0,0,0,1,3,0" ten="250,250,250,250" oya="0" hai0="60,81,65,96,109,95,12,67,33,69,64,23,6" hai1="25,44,82,37,2,107,133,5,101,47,104,127,130" hai2="83,55,135,51,8,59,86,92,119,39,42,74,26" hai3="53,106,22,89,54,105,111,19,3,48,99,79,128"/><T30/><D109/><U38/><E25/><V93/><F119/><W110/><G3/><T57/><D33/><U46/><E101/><V100/><F135/><W50/><G79/><T91/><D69/><U11/><E133/><V34/><F74/><W108/><G128/><T90/><D30/><U118/><E130/><V123/><F123/><W45/><G89/><T72/><D72/><U24/><E118/><V27/><F39/><W9/><G9/><N who="0" m="4151" /><D23/><U20/><E82/><V125/><F42/><W134/><G99/><T14/><D14/><U43/><E127/><V31/><F125/><W66/><G66/><T94/><D81/><U35/><E44/><V13/><F26/><N who="3" m="14687" /><G134/><T122/><D122/><U102/><E102/><V120/><F100/><W117/><G117/><T87/><AGARI ba="0,0" hai="57,60,64,65,67,87,90,91,94,95,96" m="4151" machi="87" ten="30,3000,0" yaku="8,1,52,1" doraHai="0" who="0" fromWho="0" sc="250,30,250,-10,250,-10,250,-10" /><INIT seed="0,1,0,1,4,121" ten="280,240,240,240" oya="0" hai0="66,15,21,67,95,62,12,57,107,93,82,41,50" hai1="27,8,116,74,55,33,99,34,109,102,124,32,17" hai2="30,88,36,44,20,134,70,94,64,3,131,76,73" hai3="46,25,122,83,100,47,85,133,108,105,106,29,86"/><T26/><D107/><U56/><E74/><V28/><F131/><W4/><G122/><T45/><D67/><U59/><E116/><V118/><F118/><W127/><G133/><T22/><D82/><U130/><E130/><V91/><F134/><W2/><G127/><T35/><D35/><U123/><E123/><V48/><F36/><W78/><G2/><T80/><D80/><U7/><E124/><V81/><F3/><W10/><G86/><T13/><REACH who="0" step="1"/><D22/><REACH who="0" ten="270,240,240,240" step="2"/><U98/><E33/><V11/><F20/><W18/><G106/><T115/><D115/><U96/><E34/><V77/><F64/><W40/><G105/><T19/><AGARI ba="1,1" hai="12,13,15,19,21,26,41,45,50,57,62,66,93,95" machi="19" ten="30,11700,0" yaku="1,1,0,1,8,1,53,1" doraHai="121" doraHaiUra="42" who="0" fromWho="0" sc="270,130,240,-40,240,-40,240,-40" /><INIT seed="0,2,0,0,5,114" ten="400,200,200,200" oya="0" hai0="28,51,39,14,50,79,12,21,125,85,55,104,67" hai1="15,103,43,89,82,22,20,119,48,56,52,92,120" hai2="83,18,40,60,54,71,66,10,109,86,88,26,38" hai3="101,129,13,81,132,46,1,64,94,0,110,127,130"/><T72/><D104/><U70/><E120/><V61/><F109/><W25/><G110/><T8/><D39/><U118/><E70/><V121/><F121/><W93/><G64/><T122/><D72/><U80/><E80/><V69/><F40/><W29/><G127/><T117/><D122/><U42/><E82/><V9/><F38/><W45/><G132/><T100/><D100/><U23/><E103/><V19/><F54/><W107/><G107/><T73/><D73/><U49/><E15/><V11/><REACH who="2" step="1"/><F26/><REACH who="2" ten="400,200,190,200" step="2"/><W33/><G25/><T6/><D55/><U111/><E111/><V34/><F34/><W58/><G33/><T27/><D27/><U65/><E65/><AGARI ba="2,1" hai="9,10,11,18,19,60,61,65,66,69,71,83,86,88" machi="65" ten="40,5200,0" yaku="1,1,9,1,54,1,53,0" doraHai="114" doraHaiUra="95" who="2" fromWho="1" sc="400,0,200,-58,190,68,200,0" /><INIT seed="1,0,0,5,5,89" ten="400,142,258,200" oya="1" hai0="64,3,58,51,125,121,13,36,22,11,130,54,100" hai1="116,110,25,95,31,45,90,92,107,119,34,83,18" hai2="78,84,93,108,127,65,81,17,44,104,26,50,49" hai3="72,112,27,122,12,10,123,57,42,129,128,2,134"/><U30/><E107/><V38/><F127/><W23/><G72/><T21/><D36/><U61/><E110/><V117/><F117/><W55/><G42/><T19/><D125/><U131/><E131/><N who="3" m="50250" /><G2/><T33/><D33/><U48/><E61/><V75/><F104/><W113/><G57/><T9/><D130/><U135/><E135/><V102/><F108/><W70/><G70/><T109/><D109/><U118/><E18/><V126/><F126/><W24/><G55/><T20/><D121/><N who="3" m="46089" /><G134/><T67/><D100/><U52/><REACH who="1" step="1"/><E31/><REACH who="1" ten="400,132,258,200" step="2"/><V28/><F17/><N who="3" m="12399" /><G27/><T103/><D19/><AGARI ba="0,1" hai="10,12,19,112,113" m="12399,46089,50250" machi="19" ten="30,3900,0" yaku="19,1,34,2" doraHai="89" who="3" fromWho="0" sc="400,-39,132,0,258,0,200,49" /><INIT seed="2,0,0,1,5,39" ten="361,132,258,249" oya="2" hai0="98,14,124,122,107,37,133,68,96,114,83,65,10" hai1="127,6,72,128,67,95,4,22,44,29,15,76,105" hai2="43,20,2,60,123,1,53,46,84,36,100,19,47" hai3="32,13,81,131,120,61,89,104,58,117,26,126,48"/><V49/><F123/><W111/><G120/><T74/><D114/><U17/><E105/><V86/><F100/><W102/><G117/><T18/><D124/><U115/><E127/><V7/><F60/><W55/><G126/><T109/><D109/><U130/><E67/><V135/><F135/><W118/><G118/><T54/><D133/><U75/><E115/><V64/><F64/><W92/><G111/><T50/><D37/><U121/><E121/><V80/><F7/><W31/><G131/><N who="1" m="50218" /><E29/><V71/><F71/><W90/><G104/><T3/><D3/><U5/><E76/><V59/><F59/><W70/><G13/><T21/><D107/><U88/><E44/><V0/><REACH who="2" step="1"/><F80/><REACH who="2" ten="361,132,248,249" step="2"/><W56/><G70/><T34/><D68/><U8/><E8/><V16/><F16/><W57/><G81/><T112/><D18/><U94/><E94/><V132/><F132/><W87/><G102/><T27/><D65/><U9/><E9/><V91/><F91/><W28/><G90/><T42/><D83/><U108/><E108/><V110/><F110/><W78/><G61/><T51/><D10/><U25/><E15/><AGARI ba="0,1" hai="0,1,2,15,19,20,36,43,46,47,49,53,84,86" machi="15" ten="40,3900,0" yaku="1,1,52,1,53,0" doraHai="39" doraHaiUra="73" who="2" fromWho="1" sc="361,0,132,-39,248,49,249,0" /><INIT seed="2,1,0,3,0,40" ten="361,93,297,249" oya="2" hai0="107,127,17,111,98,71,92,11,96,95,97,50,27" hai1="3,89,83,132,51,84,25,68,44,28,116,18,99" hai2="59,79,4,105,133,81,74,1,63,112,23,34,101" hai3="72,128,36,104,125,75,24,38,2,15,113,70,108"/><V5/><F112/><W45/><RYUUKYOKU type="yao9" ba="1,0" sc="361,0,93,0,297,0,249,0" hai3="2,15,24,36,38,45,70,72,75,104,108,113,125,128" /><INIT seed="2,2,0,4,5,20" ten="361,93,297,249" oya="2" hai0="40,122,39,73,43,77,85,28,133,94,0,48,70" hai1="120,16,23,108,130,127,14,109,4,75,119,62,35" hai2="12,134,71,101,17,49,99,15,80,10,124,11,113" hai3="103,86,42,56,19,47,21,81,87,121,123,51,41"/><V135/><F113/><W9/><G103/><T100/><D48/><U26/><E75/><V112/><F112/><W117/><G117/><T125/><D28/><N who="1" m="19863" /><E62/><V83/><F71/><W52/><G9/><T69/><D85/><U5/><E119/><V126/><F49/><W65/><G87/><T30/><D30/><U46/><E46/><V2/><F2/><W74/><G74/><T114/><D94/><U6/><E120/><V27/><F27/><N who="3" m="14783" /><G123/><T111/><D0/><U25/><E130/><V22/><F22/><W68/><G68/><T64/><D39/><U92/><E92/><V105/><F83/><W78/><G121/><T66/><D70/><U82/><E82/><V107/><F80/><W58/><G65/><T8/><D66/><U116/><E116/><V63/><F63/><W44/><G44/><T55/><D64/><U132/><E132/><N who="2" m="50731" /><F107/><W118/><G118/><T97/><D69/><U106/><E106/><V110/><F110/><N who="1" m="42601" /><E127/><V90/><F90/><W104/><G104/><T129/><D111/><U13/><AGARI ba="2,0" hai="4,5,6,13,14,16,23,25" m="42601,19863" machi="13" ten="40,12000,2" yaku="14,1,34,2,52,2,54,1" doraHai="20" who="1" fromWho="1" sc="361,-32,93,126,297,-62,249,-32" /><INIT seed="3,0,0,2,3,75" ten="329,219,235,217" oya="3" hai0="134,16,102,81,116,20,33,92,84,115,38,135,119" hai1="93,101,126,52,71,46,9,55,48,25,59,68,8" hai2="63,47,83,82,13,49,131,91,77,45,88,11,22" hai3="124,21,64,100,85,32,133,7,86,112,12,90,39"/><W66/><G32/><T111/><D38/><U113/><E113/><V26/><F131/><W130/><G112/><T42/><D33/><U73/><E73/><V36/><F36/><W4/><G130/><T95/><D115/><U97/><E126/><V70/><F63/><W121/><G121/><T14/><D42/><U54/><E25/><V1/><F70/><W41/><G100/><T114/><D114/><U128/><E128/><V19/><F1/><W34/><G34/><T50/><D50/><U123/><E123/><V118/><F118/><W94/><G124/><T58/><D58/><U96/><E71/><V104/><F104/><W57/><G133/><N who="0" m="50699" /><D111/><U0/><E0/><V29/><F82/><W125/><G125/><T3/><D3/><U30/><E30/><V51/><F51/><W80/><G41/><T78/><D102/><U40/><E68/><V24/><F24/><W60/><G66/><T109/><D109/><U5/><E5/><V43/><REACH who="2" step="1"/><F47/><REACH who="2" ten="329,219,225,217" step="2"/><W105/><G39/><T87/><D95/><N who="1" m="58527" /><E59/><V120/><F120/><W79/><G105/><T89/><AGARI ba="0,1" hai="14,16,20,78,81,84,87,89,92,116,119" m="50699" machi="89" ten="30,4000,0" yaku="20,1,52,1,54,1" doraHai="75" who="0" fromWho="0" sc="329,50,219,-10,225,-10,217,-20" /><INIT seed="4,0,0,5,0,107" ten="379,209,215,197" oya="0" hai0="47,9,77,79,112,30,78,88,93,60,109,105,10" hai1="12,26,122,23,86,128,111,54,126,73,50,7,95" hai2="20,115,52,65,48,110,19,24,13,90,55,117,25" hai3="96,99,3,49,22,6,8,11,69,46,118,130,1"/><T0/><D105/><U45/><E128/><V56/><F110/><W97/><G118/><T58/><D112/><U34/><E126/><V83/><F115/><W125/><G130/><T131/><D131/><U4/><E111/><V33/><F117/><W129/><G129/><T15/><D30/><U40/><E122/><V27/><F65/><W16/><G69/><T17/><D109/><U81/><E34/><V70/><F70/><W39/><G39/><T31/><D31/><U53/><E95/><V114/><F114/><W120/><G125/><T80/><D47/><U104/><E104/><V92/><F83/><W28/><G28/><T42/><D42/><U106/><E73/><V2/><F2/><W116/><G116/><T101/><D101/><U121/><E106/><V108/><F108/><W43/><G120/><T64/><D80/><U71/><E71/><V87/><F55/><N who="1" m="21001" /><E12/><V132/><F132/><W5/><REACH who="3" step="1"/><G99/><REACH who="3" ten="379,209,215,187" step="2"/><N who="0" m="57767" /><D0/><U62/><E121/><V66/><F66/><W134/><G134/><T135/><D135/><U127/><E127/><V59/><F33/><W29/><G29/><T123/><D123/><U98/><E98/><V37/><F37/><W113/><G113/><T85/><D85/><U51/><E86/><V102/><F59/><W119/><G119/><T18/><D18/><U36/><E36/><V103/><AGARI ba="0,1" hai="13,19,20,24,25,27,48,52,56,87,90,92,102,103" machi="103" ten="30,8000,1" yaku="0,1,25,2,8,1,54,1" doraHai="107" who="2" fromWho="2" sc="379,-40,209,-20,215,90,187,-20" /><INIT seed="5,0,0,5,2,134" ten="339,189,305,167" oya="1" hai0="97,91,111,124,101,126,11,3,133,92,45,96,109" hai1="70,4,125,33,85,106,108,40,53,29,117,112,129" hai2="105,69,22,76,43,128,35,100,121,89,120,110,123" hai3="99,93,56,59,36,51,21,66,114,103,14,39,118"/><U44/><E106/><V127/><F69/><W25/><G114/><T115/><D133/><U90/><E112/><V2/><F35/><W38/><G118/><T74/><D74/><U12/><E117/><V20/><F2/><W31/><G14/><T60/><D115/><U102/><E102/><V48/><F110/><W64/><G59/><T47/><D60/><U9/><E70/><V72/><F128/><W122/><G122/><T95/><D47/><U6/><E129/><V5/><F5/><W17/><G17/><T49/><D11/><U86/><E108/><V34/><F34/><W77/><G77/><T84/><D97/><U62/><E125/><N who="0" m="48233" /><D3/><U73/><E73/><V116/><F72/><W15/><G66/><T79/><D79/><U94/><E29/><V41/><F76/><W50/><REACH who="3" step="1"/><G15/><REACH who="3" ten="339,189,305,157" step="2"/><T83/><D83/><U107/><E4/><V8/><F120/><W88/><G88/><T46/><D46/><U119/><E119/><V52/><F89/><W1/><G1/><T13/><D13/><U18/><E6/><V135/><F116/><W71/><G71/><T63/><D63/><AGARI ba="0,1" hai="21,25,31,36,38,39,50,51,56,63,64,93,99,103" machi="63" ten="40,8000,1" yaku="1,1,25,2,53,1" doraHai="134" doraHaiUra="54" who="3" fromWho="0" sc="339,-80,189,0,305,0,157,90" /><INIT seed="6,0,0,5,5,75" ten="259,189,305,247" oya="2" hai0="86,4,71,62,74,7,47,10,88,17,127,128,117" hai1="24,46,134,28,105,3,72,68,23,92,20,124,109" hai2="70,33,97,9,15,114,30,89,91,42,43,36,106" hai3="73,120,41,87,58,107,6,65,129,123,8,112,38"/><V50/><F114/><W77/><G107/><T131/><D74/><U122/><E72/><V98/><F70/><W14/><G73/><T126/><D47/><U52/><E105/><V18/><F36/><W80/><G112/><T111/><D111/><U32/><E3/><V130/><F130/><N who="0" m="49706" /><D117/><U57/><E68/><V79/><F30/><W103/><G103/><T96/><D96/><U113/><E109/><V82/><F33/><W83/><G129/><T34/><D34/><U81/><E122/><V78/><F106/><W118/><G118/><T55/><D17/><U64/><E134/><V26/><F26/><W66/><G38/><T76/><D76/><N who="2" m="29226" /><F50/><W84/><G123/><T59/><D71/><U39/><E39/><V108/><F108/><W60/><G120/><T93/><D4/><U5/><E113/><V51/><F51/><W22/><G41/><N who="2" m="15369" /><F91/><W90/><REACH who="3" step="1"/><G22/><REACH who="3" ten="259,189,305,237" step="2"/><T110/><D110/><U132/><E23/><V102/><F102/><W49/><G49/><T104/><D104/><U95/><E20/><V67/><F67/><AGARI ba="0,1" hai="6,8,14,58,60,65,66,67,77,80,83,84,87,90" machi="67" ten="30,8000,1" yaku="1,1,7,1,8,1,52,1,53,1" doraHai="75" doraHaiUra="54" who="3" fromWho="2" sc="259,0,189,0,305,-80,237,90" /><INIT seed="7,0,0,4,3,48" ten="259,189,225,327" oya="3" hai0="0,38,35,11,62,113,134,126,100,24,88,91,129" hai1="33,125,47,118,17,2,31,81,76,120,40,43,19" hai2="97,70,22,27,57,109,130,73,116,80,23,71,99" hai3="105,56,104,60,75,7,50,53,14,39,89,83,94"/><W34/><G39/><T79/><D38/><U110/><E2/><V135/><F116/><W30/><G34/><T85/><D134/><U65/><E110/><V93/><F109/><W63/><G30/><T58/><D100/><U78/><E120/><V101/><F130/><W106/><G83/><T45/><D126/><U15/><E125/><V51/><F135/><W119/><G75/><T87/><D129/><U16/><E118/><V133/><F23/><W111/><G119/><T86/><D79/><U107/><E107/><V10/><F10/><W121/><G121/><T82/><D82/><U67/><E33/><V52/><F133/><W32/><G32/><T132/><D113/><U41/><E31/><V5/><F5/><W95/><G95/><T128/><D128/><U4/><E47/><V29/><REACH who="2" step="1"/><F99/><REACH who="2" ten="259,189,215,327" step="2"/><W84/><G111/><T64/><D11/><U102/><E102/><V68/><F68/><W26/><G7/><T77/><D132/><U108/><E108/><V59/><F59/><W42/><G56/><T92/><D58/><U98/><E98/><V72/><F72/><W46/><G84/><T18/><D85/><N who="1" m="48295" /><E78/><AGARI ba="0,1" hai="22,27,29,51,52,57,70,71,73,78,80,93,97,101" machi="78" ten="40,5200,0" yaku="1,1,52,1,54,1,53,0" doraHai="48" doraHaiUra="122" who="2" fromWho="1" sc="259,0,189,-52,215,62,327,0" owari="259,-14.0,137,-36.0,277,8.0,327,42.0" /></mjloggm>