<mjloggm ver="2.3"><GO type="185" lobby="0"/><UN n0="%E3%81%98%E3%82%93%E3%81%8A%E3%82%8F" n1="%E5%A4%A7%E5%92%8C%E6%A1%9C" n2="%6B%75%72%74" n3="" dan="18,18,16,0" rate="2302.98,2349.60,2123.12,1500.00" sx="M,F,M,C"/><TAIKYOKU oya="0"/><INIT seed="0,0,0,3,3,54" ten="350,350,350,0" oya="0" hai0="106,62,64,55,3,45,134,71,95,76,75,69,48" hai1="73,102,129,114,40,89,117,1,104,81,70,126,0" hai2="130,101,93,49,78,135,84,105,61,32,118,115,82" hai3=""/><T38/><D106/><U67/><E117/><V79/><F32/><T111/><D3/><U124/><E129/><V110/><F110/><T113/><D113/><U56/><E114/><V80/><F115/><T57/><D134/><U88/><E70/><V100/><F105/><T122/><N who="0" m="31264" /><T46/><D111/><U109/><E109/><V41/><F130/><T47/><D71/><U97/><E40/><V96/><F118/><T83/><REACH who="0" step="1"/><D95/><REACH who="0" ten="340,350,350,0" step="2"/><U133/><E133/><V121/><N who="2" m="31008" /><V35/><F135/><T85/><D85/><U43/><E0/><V42/><F35/><T119/><D119/><U125/><E1/><V58/><F100/><T86/><D86/><U94/><E104/><V92/><F93/><T66/><D66/><U123/><N who="1" m="31520" /><U98/><E98/><V87/><F49/><T63/><D63/><U131/><E131/><V50/><F50/><T108/><D108/><U90/><E102/><V52/><AGARI ba="0,1" hai="41,42,52,58,61,78,79,80,82,84,87,92,96,101" m="31008" machi="52" ten="20,9000,2" yaku="0,1,7,1,9,1,8,1,52,2,54,1" doraHai="54" who="2" fromWho="2" sc="340,-60,350,-30,350,100,0,0" /><INIT seed="1,0,0,4,3,99" ten="280,320,450,0" oya="1" hai0="40,2,37,49,1,45,132,97,33,134,101,44,42" hai1="100,92,86,107,114,48,79,125,116,58,120,111,88" hai2="133,43,123,130,106,118,62,78,94,47,59,52,69" hai3=""/><U91/><N who="1" m="30752" /><U66/><E114/><V54/><N who="2" m="31520" /><V36/><F106/><T38/><D49/><U105/><E116/><V46/><F118/><T56/><D56/><U70/><E125/><V55/><F130/><T71/><D71/><U83/><E111/><V41/><F78/><T63/><D63/><U121/><N who="1" m="31008" /><U50/><E91/><V87/><F133/><N who="0" m="51306" /><D33/><U122/><N who="1" m="31264" /><U61/><E100/><V57/><F87/><T98/><D98/><U84/><REACH who="1" step="1"/><E48/><REACH who="1" ten="280,310,450,0" step="2"/><V68/><F94/><AGARI ba="0,1" hai="1,2,37,38,40,42,44,45,94,97,101" m="51306" machi="94" ten="30,2000,0" yaku="20,1,52,1" doraHai="99" who="0" fromWho="2" sc="280,30,310,0,450,-20,0,0" /><INIT seed="2,0,0,5,4,116" ten="310,310,430,0" oya="2" hai0="66,71,98,124,38,92,70,100,37,115,65,50,63" hai1="58,119,111,84,127,113,2,90,120,125,64,103,118" hai2="34,99,51,40,129,82,78,68,55,105,60,95,3" hai3=""/><V121/><N who="2" m="31008" /><V35/><F3/><T79/><D124/><N who="1" m="47691" /><E2/><V128/><F105/><T62/><D115/><U135/><N who="1" m="30752" /><U75/><E75/><V110/><F60/><T49/><REACH who="0" step="1"/><D79/><REACH who="0" ten="300,310,430,0" step="2"/><U109/><E113/><V72/><F34/><T47/><D47/><U96/><E135/><V33/><F35/><T104/><D104/><U114/><E114/><V86/><F33/><T102/><D102/><U44/><E44/><V61/><F110/><T81/><D81/><U42/><E111/><V94/><F128/><T132/><D132/><U46/><E109/><V36/><F129/><T74/><D74/><U85/><E118/><V91/><F94/><T117/><D117/><U1/><E119/><V123/><N who="2" m="31520" /><V106/><F36/><AGARI ba="0,1" hai="36,37,38,49,50,62,63,65,66,70,71,92,98,100" machi="36" ten="40,8000,1" yaku="1,1,9,1,53,2" doraHai="116" doraHaiUra="45" who="0" fromWho="2" sc="300,90,310,0,430,-80,0,0" /><INIT seed="4,0,0,2,2,80" ten="390,310,350,0" oya="0" hai0="70,65,56,43,48,133,97,36,44,92,113,99,63" hai1="0,61,110,68,66,93,100,117,119,115,87,85,3" hai2="79,35,40,122,101,98,2,62,73,131,124,102,34" hai3=""/><T89/><D113/><U126/><E110/><V64/><N who="2" m="31264" /><V38/><F2/><T94/><D133/><U55/><E115/><V104/><F102/><T123/><N who="0" m="31520" /><T75/><D75/><U107/><E126/><V132/><F132/><T90/><REACH who="0" step="1"/><D70/><REACH who="0" ten="380,310,350,0" step="2"/><U77/><E0/><V47/><F124/><T42/><D42/><U1/><E3/><V86/><F131/><T74/><D74/><U88/><E1/><V114/><F114/><T46/><D46/><U58/><E68/><V103/><F73/><T37/><AGARI ba="0,1" hai="36,37,43,44,48,56,63,65,89,90,92,94,97,99" m="31520" machi="37" ten="30,7800,0" yaku="1,1,0,1,9,1,52,1,53,0" doraHai="80" doraHaiUra="112" who="0" fromWho="0" sc="380,88,310,-39,350,-39,0,0" /><INIT seed="4,1,0,3,4,49" ten="468,271,311,0" oya="0" hai0="74,106,118,37,95,108,85,67,82,102,50,94,33" hai1="119,66,61,84,58,112,107,124,87,93,92,0,80" hai2="45,55,53,128,78,91,76,113,127,117,59,44,114" hai3=""/><T110/><D118/><U54/><E119/><V133/><F117/><T43/><D37/><U75/><E0/><V134/><F127/><T62/><D33/><U42/><E107/><V48/><F128/><T103/><D74/><U111/><E111/><N who="0" m="42537" /><D50/><U64/><E124/><V1/><F1/><T47/><D47/><U98/><E112/><N who="2" m="43115" /><F91/><T40/><D103/><U122/><N who="1" m="31264" /><U71/><E42/><N who="0" m="15913" /><D106/><U52/><E75/><V77/><F45/><T3/><D102/><U69/><E98/><V2/><F2/><T109/><D109/><U123/><N who="1" m="31520" /><U132/><E61/><AGARI ba="1,0" hai="44,48,53,55,59,61,76,77,78,133,134" m="43115" machi="61" ten="30,3900,0" yaku="15,1,52,2" doraHai="49" who="2" fromWho="1" sc="468,0,271,-41,311,41,0,0" /><INIT seed="5,0,0,3,1,94" ten="468,230,352,0" oya="1" hai0="79,47,135,63,95,82,51,75,133,90,111,49,80" hai1="38,120,123,70,110,57,61,129,104,132,108,62,127" hai2="88,91,130,76,99,60,0,58,96,106,78,48,35" hai3=""/><U115/><RYUUKYOKU type="yao9" ba="0,0" sc="468,0,230,0,352,0,0,0" hai1="38,57,61,62,70,104,108,110,115,120,123,127,129,132" /><INIT seed="5,1,0,1,4,129" ten="468,230,352,0" oya="1" hai0="134,91,85,78,119,54,130,93,39,96,120,87,128" hai1="132,70,33,61,66,34,75,67,44,80,46,81,131" hai2="95,53,101,123,48,112,84,124,98,108,37,90,59" hai3=""/><U114/><E131/><N who="0" m="50217" /><D119/><U110/><E114/><V89/><N who="2" m="31520" /><V41/><F108/><T103/><N who="0" m="30752" /><T107/><D39/><U88/><E110/><V116/><F116/><T36/><D36/><U126/><E126/><V73/><F73/><T32/><D32/><U40/><E67/><V62/><F124/><T57/><D134/><U133/><E34/><V45/><F112/><T115/><D115/><U77/><E33/><V135/><F135/><N who="1" m="51785" /><E40/><V47/><F84/><AGARI ba="1,0" hai="44,46,61,66,70,75,77,80,81,84,88" m="51785" machi="84" ten="30,12000,1" yaku="20,1,52,3,54,1" doraHai="129" who="1" fromWho="2" sc="468,0,230,122,352,-122,0,0" /><INIT seed="5,2,0,2,3,80" ten="468,352,230,0" oya="1" hai0="124,60,1,106,114,90,50,100,108,117,41,3,66" hai1="118,70,58,33,93,78,69,47,110,55,125,79,91" hai2="62,119,121,92,56,115,57,68,86,75,32,109,53" hai3=""/><U77/><E118/><V63/><N who="2" m="31008" /><V65/><F75/><T133/><D108/><U126/><E33/><V71/><F32/><T107/><D114/><U129/><E110/><V98/><F109/><T128/><D117/><U64/><E129/><V49/><F119/><T52/><D128/><U39/><E47/><V36/><F36/><T74/><D74/><U84/><E39/><V43/><F115/><T131/><D131/><U102/><E102/><V44/><REACH who="2" step="1"/><F86/><REACH who="2" ten="468,352,220,0" step="2"/><T88/><D1/><U132/><E132/><V46/><F46/><T113/><D3/><U82/><E126/><V105/><F105/><T99/><D107/><U135/><E125/><V101/><AGARI ba="2,1" hai="43,44,49,53,56,57,62,63,65,68,71,92,98,101" m="31008" machi="101" ten="20,3900,0" yaku="1,1,0,1,7,1,52,1,53,0" doraHai="80" doraHaiUra="81" who="2" fromWho="2" sc="468,-15,352,-28,220,53,0,0" /><INIT seed="6,0,0,1,5,121" ten="453,324,273,0" oya="2" hai0="57,130,48,76,74,135,131,2,46,108,51,34,134" hai1="77,101,112,92,88,60,53,129,94,63,75,116,119" hai2="123,71,73,97,62,93,120,79,90,49,128,67,89" hai3=""/><V95/><N who="2" m="30752" /><V114/><N who="2" m="31520" /><V122/><N who="2" m="31264" /><V68/><F114/><T61/><D108/><U133/><E112/><V70/><F128/><N who="0" m="49194" /><D34/><U118/><E129/><V125/><F125/><T86/><D74/><U113/><E113/><V43/><F79/><T64/><D2/><U33/><E33/><V54/><F43/><T81/><D51/><U82/><E133/><V107/><F107/><T69/><D69/><U109/><E109/><V55/><F73/><T37/><D37/><U42/><E42/><AGARI ba="0,0" hai="42,46,48,57,61,64,76,81,86,134,135" m="49194" machi="42" ten="30,1000,0" yaku="19,1" doraHai="121" who="0" fromWho="1" sc="453,10,324,-10,273,0,0,0" owari="463,42.0,314,-9.0,273,-33.0,0,0.0" /></mjloggm>