<mjloggm ver="2.3"><GO type="185" lobby="0"/><UN n0="%6D%69%79%61%6E" n1="%4B%6F%4B%4B%4F" n2="%E7%8E%89%E6%A8%B9%E6%A1%9C" n3="" dan="16,16,16,0" rate="2094.32,2191.38,2273.72,1500.00" sx="F,M,F,C"/><TAIKYOKU oya="0"/><INIT seed="0,0,0,5,2,93" ten="350,350,350,0" oya="0" hai0="46,91,112,87,79,47,44,63,37,120,39,50,81" hai1="60,89,118,52,42,92,122,97,56,117,113,128,41" hai2="78,107,51,74,75,95,82,83,76,71,62,111,86" hai3=""/><T106/><N who="0" m="30752" /><T103/><D112/><U43/><N who="1" m="31264" /><U110/><E113/><V105/><F51/><T58/><D50/><U48/><E110/><V133/><F62/><T45/><N who="0" m="11264" /><DORA hai="70" /><T127/><D127/><U108/><E108/><V55/><F55/><T90/><D106/><N who="2" m="40458" /><F71/><T104/><D104/><U115/><E115/><V38/><F38/><T3/><D103/><U124/><E124/><V33/><F33/><T114/><D114/><U96/><E128/><V135/><F111/><T35/><D35/><U65/><REACH who="1" step="1"/><E96/><REACH who="1" ten="350,340,350,0" step="2"/><V125/><F125/><T66/><REACH who="0" step="1"/><D3/><REACH who="0" ten="340,340,350,0" step="2"/><U130/><E130/><V67/><F133/><T36/><AGARI ba="0,2" hai="36,37,39,58,63,66,79,81,87,90,91" m="11264,30752" machi="36" ten="50,12000,2" yaku="1,1,2,1,0,1,52,4,53,0" doraHai="93,70" doraHaiUra="131,98" who="0" fromWho="0" sc="340,140,340,-60,350,-60,0,0" /><INIT seed="0,1,0,4,5,122" ten="480,280,290,0" oya="0" hai0="3,46,115,117,105,72,110,53,135,121,96,112,32" hai1="128,119,35,34,109,100,74,66,60,1,45,78,73" hai2="113,61,87,120,134,124,70,118,47,107,129,102,50" hai3=""/><T108/><RYUUKYOKU type="yao9" ba="1,0" sc="480,0,280,0,290,0,0,0" hai0="3,32,46,53,72,96,105,108,110,112,115,117,121,135" /><INIT seed="0,2,0,1,2,58" ten="480,280,290,0" oya="0" hai0="32,93,60,50,105,48,46,134,98,129,81,0,99" hai1="1,104,101,35,89,52,66,117,119,107,64,123,103" hai2="2,110,106,71,135,57,72,122,56,88,132,38,120" hai3=""/><T80/><D0/><U128/><N who="1" m="31520" /><U118/><E1/><V131/><N who="2" m="30752" /><V43/><N who="2" m="31264" /><V75/><F2/><T34/><D134/><N who="2" m="51242" /><F131/><T40/><D129/><U45/><E35/><V96/><F71/><T61/><D105/><U108/><E128/><V124/><F124/><T133/><D133/><U74/><E74/><N who="2" m="28203" /><F110/><T70/><D70/><U111/><E89/><V83/><F106/><N who="1" m="40489" /><E45/><V113/><F113/><T115/><D115/><U87/><E87/><V51/><F38/><T77/><D77/><U116/><E52/><V85/><F96/><T102/><D50/><U55/><E55/><V73/><F73/><T39/><D98/><U65/><N who="1" m="29696" /><DORA hai="100" /><U112/><E112/><V94/><F83/><T68/><D68/><U92/><E92/><V130/><F130/><T86/><D39/><U59/><E59/><V90/><F90/><T97/><D97/><U44/><E44/><AGARI ba="2,0" hai="43,44,51,56,57,85,88,94" m="28203,51242,31264,30752" machi="44" ten="30,7700,0" yaku="20,1,52,2,54,1" doraHai="58,100" who="2" fromWho="1" sc="480,0,280,-81,290,81,0,0" /><INIT seed="1,0,0,1,2,85" ten="480,199,371,0" oya="1" hai0="110,60,130,67,113,61,43,117,101,124,126,114,111" hai1="80,112,108,121,51,79,99,106,104,33,71,123,46" hai2="93,88,0,91,118,83,125,34,44,100,42,94,37" hai3=""/><U134/><N who="1" m="31008" /><U133/><N who="1" m="31520" /><U57/><E112/><N who="0" m="43113" /><D101/><U127/><E71/><V97/><F0/><T35/><D35/><U65/><E33/><V77/><F34/><T105/><D105/><U45/><E127/><N who="0" m="48681" /><D117/><U92/><E108/><N who="0" m="41513" /><D130/><U96/><E106/><V75/><F125/><T69/><D61/><U41/><E104/><V55/><F118/><T52/><D52/><U129/><E129/><V3/><F3/><T89/><D89/><U66/><E45/><V63/><F63/><T72/><D72/><U87/><E57/><V122/><N who="2" m="31264" /><V36/><F55/><T76/><D76/><U58/><E58/><V86/><F100/><T40/><AGARI ba="0,0" hai="40,43,60,67,69" m="41513,48681,43113" machi="40" ten="40,6000,1" yaku="18,1,14,1,34,2" doraHai="85" who="0" fromWho="0" sc="480,60,199,-40,371,-20,0,0" /><INIT seed="2,0,0,0,4,92" ten="540,159,351,0" oya="2" hai0="69,3,74,88,87,89,91,57,113,58,134,49,81" hai1="61,121,66,47,128,46,93,77,68,105,98,115,131" hai2="36,70,84,135,122,108,118,114,102,126,133,0,124" hai3=""/><V112/><F84/><T48/><D69/><U107/><N who="1" m="31008" /><U120/><N who="1" m="30752" /><U73/><E115/><N who="2" m="44075" /><F102/><T34/><D34/><U85/><E73/><V101/><F101/><T109/><D3/><U76/><E107/><V35/><F36/><T2/><D113/><U37/><E105/><V95/><F95/><T63/><D2/><U41/><E47/><V123/><F70/><T106/><D106/><U71/><E71/><V96/><F96/><T42/><D74/><U54/><E54/><V103/><F103/><T38/><D38/><U32/><E32/><V52/><F52/><T51/><D42/><U127/><E127/><N who="2" m="48683" /><F0/><T43/><D43/><U56/><E68/><V86/><F86/><T129/><D63/><U82/><REACH who="1" step="1"/><E76/><REACH who="1" ten="540,149,351,0" step="2"/><V55/><F55/><T79/><D79/><U62/><E62/><V125/><F35/><T64/><D58/><U65/><E65/><V80/><F125/><T119/><D64/><U50/><E50/><V39/><F39/><T83/><D48/><U116/><E116/><V44/><F44/><T75/><D119/><U72/><E72/><V60/><F60/><T53/><D75/><U40/><E40/><V59/><N who="2" m="31264" /><V130/><N who="2" m="31520" /><V104/><F118/><T78/><D49/><RYUUKYOKU ba="0,1" sc="540,-10,149,20,351,-10,0,0" hai1="37,41,46,56,61,66,77,82,85,93,98,128,131" /><INIT seed="4,1,1,1,0,77" ten="530,169,341,0" oya="0" hai0="127,109,51,103,134,69,48,53,95,97,75,52,49" hai1="117,65,42,113,132,78,108,58,68,89,94,46,84" hai2="111,79,121,123,70,114,115,71,86,3,107,100,44" hai3=""/><T55/><D69/><U133/><E108/><V34/><N who="2" m="31008" /><V92/><N who="2" m="31520" /><V2/><F34/><T120/><N who="0" m="30752" /><T130/><D109/><U61/><E117/><V57/><F107/><T0/><D0/><U62/><E113/><N who="2" m="43019" /><F111/><T124/><D75/><U104/><E104/><V106/><F106/><T72/><D72/><U80/><E61/><V99/><F57/><T135/><REACH who="0" step="1"/><D130/><REACH who="0" ten="520,169,341,0" step="2"/><U122/><N who="1" m="31264" /><U105/><E68/><N who="2" m="26155" /><F44/><T116/><D116/><U119/><E119/><V81/><AGARI ba="1,2" hai="2,3,79,81,86,92,99,100" m="26155,43019,31520,31008" machi="81" ten="40,6000,1" yaku="15,1,52,3" doraHai="77" who="2" fromWho="2" sc="520,-41,169,-21,341,82,0,0" /><INIT seed="5,0,0,1,1,40" ten="479,148,423,0" oya="1" hai0="68,125,82,58,2,91,99,86,123,75,72,101,118" hai1="37,57,90,130,131,44,87,133,92,49,33,50,94" hai2="69,104,56,93,32,120,54,65,106,128,126,63,108" hai3=""/><U100/><E33/><V55/><N who="2" m="30752" /><V38/><F32/><T113/><N who="0" m="31520" /><T61/><D68/><U43/><E133/><V102/><F108/><T41/><D2/><U88/><E100/><V97/><F126/><T117/><D125/><U124/><E124/><V76/><F128/><T70/><D41/><U121/><N who="1" m="31008" /><U135/><E135/><V42/><F76/><T83/><D70/><U47/><E57/><V119/><F119/><N who="0" m="45578" /><D82/><U85/><REACH who="1" step="1"/><E37/><REACH who="1" ten="479,138,423,0" step="2"/><V34/><F34/><T48/><D113/><U116/><E116/><V71/><F71/><T62/><D62/><U114/><E114/><V103/><F102/><T81/><D48/><U77/><E77/><V0/><F0/><T52/><D81/><U67/><E67/><V122/><N who="2" m="31264" /><V45/><REACH who="2" step="1"/><F55/><AGARI ba="0,1" hai="43,44,47,49,50,55,85,87,88,90,92,94,130,131" m="31008" machi="55" ten="40,18000,2" yaku="1,1,9,1,52,3,54,1,53,1" doraHai="40" doraHaiUra="36" who="1" fromWho="2" sc="479,0,138,190,423,-180,0,0" /><INIT seed="5,1,0,2,2,84" ten="479,328,243,0" oya="1" hai0="134,125,36,123,33,110,0,72,37,58,86,46,87" hai1="121,57,38,60,106,94,69,79,55,81,68,65,70" hai2="103,127,120,41,2,92,109,114,82,99,32,101,98" hai3=""/><U128/><N who="1" m="31008" /><U39/><E106/><V104/><N who="2" m="30752" /><V52/><F2/><T93/><N who="0" m="31520" /><T43/><D72/><U3/><E3/><V66/><F32/><T102/><D110/><U42/><E128/><V85/><F109/><T122/><N who="0" m="31264" /><T133/><D37/><U112/><E112/><V118/><F114/><T56/><D0/><U78/><E78/><V126/><F41/><T90/><D102/><U62/><E94/><V48/><F66/><T34/><D125/><U89/><E89/><V130/><F130/><T77/><D87/><U113/><E113/><V105/><F92/><T75/><D75/><U119/><E119/><V47/><F118/><T50/><D77/><AGARI ba="1,0" hai="47,48,52,77,82,85,98,99,101,103,104,105,126,127" m="30752" machi="77" ten="40,5200,0" yaku="9,1,52,1,54,1" doraHai="84" who="2" fromWho="0" sc="479,-54,328,0,243,54,0,0" /><INIT seed="6,0,0,1,1,102" ten="425,328,297,0" oya="2" hai0="72,104,112,84,59,109,52,125,99,115,131,61,50" hai1="124,100,43,90,119,128,116,55,74,44,95,91,71" hai2="117,53,32,135,130,107,134,54,111,62,118,76,89" hai3=""/><V45/><F32/><T36/><D72/><U78/><E71/><V97/><F111/><T47/><D36/><U67/><E67/><V132/><F76/><T73/><D73/><U0/><E0/><V106/><F130/><T93/><D104/><N who="2" m="39978" /><F62/><T33/><D33/><U108/><E55/><N who="2" m="21003" /><F45/><T79/><D131/><U41/><E44/><V122/><N who="2" m="31264" /><V120/><N who="2" m="30752" /><V56/><F56/><T49/><D109/><U46/><E46/><V82/><F82/><T113/><D125/><U64/><E124/><V3/><F3/><T40/><D50/><U114/><E78/><V48/><F48/><T105/><D105/><U63/><E63/><V65/><F65/><T98/><D79/><U1/><E64/><V126/><F126/><T94/><D94/><AGARI ba="0,0" hai="89,94,97,117,118,132,134,135" m="30752,31264,21003,39978" machi="94" ten="40,18000,2" yaku="20,1,52,5" doraHai="102" who="2" fromWho="0" sc="425,-180,328,0,297,180,0,0" owari="245,-35.0,328,-7.0,477,42.0,0,0.0" /></mjloggm>