<mjloggm ver="2.3"><GO type="169" lobby="0"/><UN n0="%6B%75%72%6F%6E%6F%35%39" n1="%E6%97%A5%E9%99%B0%E3%81%95%E3%82%93" n2="%64%72%61%65%74%63" n3="%E3%81%84%E3%81%91%E3%81%A0%E3%81%9F%E3%81%99%E3%81%8F" dan="16,16,16,16" rate="2066.02,2100.56,2050.91,2092.08" sx="M,F,M,M"/><TAIKYOKU oya="0"/><INIT seed="0,0,0,2,0,76" ten="250,250,250,250" oya="0" hai0="133,68,0,23,26,62,130,123,19,64,102,48,121" hai1="98,22,33,50,24,70,58,44,51,17,28,119,47" hai2="13,21,56,128,112,32,74,81,52,103,25,66,54" hai3="135,84,116,39,14,7,118,8,87,85,114,132,108"/><T113/><D113/><U5/><E70/><V77/><F128/><W86/><G114/><T80/><D130/><U18/><E119/><V122/><F122/><W111/><N who="3" m="21504" /><DORA hai="79" /><W71/><G39/><T67/><D0/><U30/><E5/><V131/><F103/><W27/><G27/><T40/><D133/><N who="3" m="51273" /><G71/><T42/><D102/><U83/><E58/><V95/><F131/><W1/><G1/><T129/><D129/><U88/><E18/><V11/><F32/><W60/><G60/><T38/><D38/><U126/><E126/><V61/><F95/><W90/><G90/><T41/><D48/><U37/><E37/><V29/><REACH who="2" step="1"/><F112/><REACH who="2" ten="250,250,240,250" step="2"/><W72/><G72/><T10/><D123/><U65/><E33/><V75/><F75/><W124/><G124/><T73/><D121/><U106/><E106/><V53/><F53/><W12/><G116/><T89/><D67/><U100/><E65/><V57/><F57/><W82/><G118/><T134/><D134/><U109/><E100/><V6/><AGARI ba="0,1" hai="6,11,13,21,25,29,52,54,56,61,66,74,77,81" machi="6" ten="20,12000,2" yaku="1,1,0,1,7,1,52,2,54,1,53,0" doraHai="76,79" doraHaiUra="91,31" who="2" fromWho="2" sc="250,-60,250,-30,240,130,250,-30" /><INIT seed="1,0,0,2,0,39" ten="190,220,370,220" oya="1" hai0="28,99,117,84,97,92,105,23,110,58,122,29,40" hai1="129,16,107,103,19,78,24,94,27,104,80,17,61" hai2="37,87,131,6,64,123,52,11,90,55,70,32,35" hai3="95,65,118,115,126,96,111,7,4,113,69,77,81"/><U74/><E129/><V106/><F106/><W116/><G69/><T89/><D110/><U57/><E104/><V47/><F131/><W53/><G65/><T93/><D117/><N who="3" m="45161" /><G53/><T82/><D122/><U102/><E107/><V100/><F100/><N who="3" m="60447" /><G7/><T22/><D105/><U66/><REACH who="1" step="1"/><E103/><REACH who="1" ten="190,210,370,220" step="2"/><V76/><F123/><W31/><G111/><T135/><D135/><U36/><E36/><V2/><F37/><W108/><G108/><T133/><D133/><U60/><E60/><V21/><F35/><W59/><G126/><T0/><D0/><U9/><E9/><V62/><F32/><W86/><G4/><T112/><D112/><U125/><E125/><V128/><F128/><W10/><G10/><T85/><D58/><U30/><E30/><V26/><F11/><W51/><G31/><T119/><D119/><U25/><E25/><V13/><F26/><W38/><G38/><T44/><D29/><U50/><E50/><V41/><F6/><W120/><G120/><T127/><D127/><U54/><E54/><V134/><F52/><N who="3" m="32159" /><G115/><T114/><D114/><U8/><E8/><V91/><F55/><W12/><G113/><T43/><D28/><U18/><N who="1" m="4096" /><DORA hai="48" /><U33/><E33/><V130/><F2/><W101/><G101/><T88/><REACH who="0" step="1"/><D82/><REACH who="0" ten="180,210,370,220" step="2"/><U71/><E71/><V132/><F70/><W34/><G34/><T124/><D124/><U46/><E46/><AGARI ba="0,2" hai="22,23,40,43,44,46,84,85,88,89,92,93,97,99" machi="46" ten="25,12000,2" yaku="1,1,22,2,8,1,52,2,54,1,53,0" doraHai="39,48" doraHaiUra="45,109" who="0" fromWho="1" sc="180,140,210,-120,370,0,220,0" /><INIT seed="2,0,0,3,0,81" ten="320,90,370,220" oya="2" hai0="5,119,97,54,10,58,67,45,47,95,24,14,60" hai1="55,62,65,100,103,107,90,19,66,92,128,112,3" hai2="85,88,11,106,2,101,127,41,121,35,15,102,69" hai3="29,124,32,83,22,70,36,91,1,132,126,7,116"/><V108/><F121/><W133/><G116/><T75/><D119/><U64/><E3/><V89/><F35/><W39/><G70/><T84/><D75/><U99/><E112/><V12/><F69/><W0/><G32/><T57/><D24/><U6/><E128/><V76/><F2/><N who="3" m="1131" /><G7/><T44/><D84/><U27/><E6/><V18/><F106/><W110/><G110/><T9/><D9/><U56/><REACH who="1" step="1"/><E107/><REACH who="1" ten="320,80,370,220" step="2"/><V17/><F108/><W63/><G126/><T21/><D21/><AGARI ba="0,1" hai="19,21,27,55,56,62,64,65,66,90,92,99,100,103" machi="21" ten="40,8000,1" yaku="1,1,2,1,25,2,8,1,53,0" doraHai="81" doraHaiUra="72" who="1" fromWho="0" sc="320,-80,80,90,370,0,220,0" /><INIT seed="3,0,0,1,0,19" ten="240,170,370,220" oya="3" hai0="36,122,81,131,100,98,129,62,14,34,110,88,116" hai1="18,114,85,53,2,72,127,51,23,17,60,90,118" hai2="54,102,126,107,105,27,25,106,87,130,20,96,134" hai3="10,77,65,50,52,47,94,9,117,66,37,74,0"/><W58/><G117/><T73/><D34/><U78/><E118/><V57/><F126/><W35/><G35/><T22/><D36/><U82/><E2/><V69/><F69/><W13/><G0/><T113/><D116/><U28/><E127/><V93/><F130/><N who="0" m="49674" /><D110/><U41/><E114/><V42/><F42/><W92/><G74/><T43/><D43/><U119/><E41/><V80/><F134/><W3/><G77/><N who="0" m="44207" /><D122/><U120/><E120/><V121/><F121/><W99/><G37/><T108/><D108/><U125/><E125/><V124/><F124/><W104/><G3/><T71/><D113/><U109/><E119/><V38/><F38/><W135/><G104/><N who="0" m="63511" /><D62/><U83/><E60/><V132/><F132/><W56/><G135/><T8/><D71/><U29/><E109/><V112/><F112/><W79/><G79/><T70/><D70/><U101/><E101/><V128/><F128/><W59/><G9/><T67/><D67/><N who="3" m="25609" /><G99/><T5/><D88/><U68/><E68/><V40/><F40/><W45/><G45/><T39/><D39/><U48/><E48/><V123/><F123/><W31/><G31/><T26/><D26/><U21/><E51/><V4/><F27/><W86/><G86/><T55/><D55/><U76/><E53/><V12/><F54/><W11/><G11/><T49/><D49/><U97/><E97/><V111/><F96/><W24/><G24/><T7/><D7/><AGARI ba="0,0" hai="7,10,13,47,50,52,56,58,59,92,94" m="25609" machi="7" ten="30,2900,0" yaku="8,1,54,1" doraHai="19" who="3" fromWho="0" sc="240,-29,170,0,370,0,220,29" /><INIT seed="3,1,0,4,5,46" ten="211,170,370,249" oya="3" hai0="26,18,100,5,7,125,118,59,53,43,31,74,12" hai1="63,98,0,135,37,3,134,44,113,39,75,28,45" hai2="126,86,83,130,2,85,93,49,91,72,110,90,50" hai3="16,9,55,102,107,42,69,88,129,94,97,17,111"/><W89/><G129/><T105/><D118/><U57/><E75/><V48/><F2/><W121/><G121/><T71/><D125/><U13/><E28/><V66/><F72/><W34/><G34/><T127/><D127/><U116/><E98/><V25/><F126/><W103/><G69/><T52/><D71/><U54/><E13/><V51/><F130/><W27/><G111/><T73/><D43/><U77/><E77/><V87/><F110/><W119/><G119/><T20/><D100/><U82/><E82/><N who="2" m="49527" /><F25/><W11/><G42/><T35/><D105/><U62/><E116/><V10/><F10/><N who="3" m="3595" /><G107/><T14/><D53/><U131/><E131/><V128/><F128/><W23/><G103/><T1/><D14/><U61/><E113/><V122/><F122/><W68/><G68/><T106/><D106/><U41/><E3/><V29/><F29/><W117/><G117/><T70/><D70/><U32/><E32/><V78/><N who="2" m="12288" /><DORA hai="124" /><V115/><F115/><W95/><G55/><T21/><D21/><U22/><E0/><V81/><F66/><W8/><G95/><AGARI ba="1,0" hai="78,81,83,85,86,91,93,95" m="12288,49527" machi="95" ten="40,8000,1" yaku="8,1,52,4" doraHai="46,124" who="2" fromWho="3" sc="211,0,170,0,370,83,249,-83" /><INIT seed="4,0,0,1,3,37" ten="211,170,453,166" oya="0" hai0="122,19,7,49,20,112,8,81,126,94,47,35,6" hai1="59,27,0,24,123,134,135,22,52,78,92,114,39" hai2="62,86,56,107,25,57,87,44,1,124,131,63,60" hai3="65,45,34,104,23,64,48,72,103,5,9,125,111"/><T79/><D112/><U108/><E123/><V3/><F107/><W80/><G111/><T67/><D122/><U32/><E108/><V11/><F11/><W30/><G34/><T53/><D126/><U132/><E0/><V33/><F44/><W66/><G125/><T119/><D119/><U41/><E114/><V110/><F124/><W73/><G104/><T133/><D133/><U61/><E78/><V28/><F110/><W130/><G103/><T75/><D35/><U120/><E120/><V90/><F131/><W115/><G115/><T93/><D67/><U102/><E32/><V101/><F101/><W95/><G95/><T96/><D8/><U71/><E71/><V82/><F87/><W12/><G130/><T91/><REACH who="0" step="1"/><D94/><REACH who="0" ten="201,170,453,166" step="2"/><U105/><E105/><V16/><F33/><W113/><G113/><T127/><D127/><U109/><E109/><V51/><F1/><W2/><G80/><T13/><AGARI ba="0,1" hai="6,7,13,19,20,47,49,53,75,79,81,91,93,96" machi="13" ten="20,3900,0" yaku="1,1,0,1,7,1,53,0" doraHai="37" doraHaiUra="58" who="0" fromWho="0" sc="201,49,170,-13,453,-13,166,-13" /><INIT seed="4,1,0,1,1,30" ten="250,157,440,153" oya="0" hai0="37,44,28,55,98,14,115,135,109,1,26,71,36" hai1="20,16,108,63,58,100,126,67,111,17,104,8,43" hai2="91,12,133,128,21,97,116,62,34,131,129,25,125" hai3="93,32,83,56,24,112,90,40,65,127,114,27,119"/><T110/><D115/><N who="3" m="44073" /><G40/><T102/><D1/><U10/><E126/><V38/><F38/><W79/><G127/><T68/><D135/><U48/><E100/><V122/><F125/><W117/><G65/><T103/><D14/><U0/><E104/><V77/><F122/><W5/><G5/><T86/><D86/><U60/><E17/><V88/><F116/><N who="3" m="44619" /><G56/><T31/><D31/><U35/><E35/><V113/><F113/><W75/><G32/><N who="0" m="20503" /><D103/><U96/><E96/><AGARI ba="1,0" hai="24,27,75,79,83,90,93,96" m="44619,44073" machi="96" ten="30,1000,0" yaku="15,1" doraHai="30" who="3" fromWho="1" sc="250,0,157,-13,440,0,153,13" /><INIT seed="5,0,0,2,2,22" ten="250,144,440,166" oya="1" hai0="23,52,101,57,80,16,122,32,45,61,60,65,99" hai1="17,41,67,110,102,133,44,47,63,109,33,7,87" hai2="51,130,31,89,86,114,19,12,38,53,81,121,68" hai3="9,108,124,75,126,104,85,69,83,66,64,8,98"/><U35/><E133/><V119/><F38/><W129/><G108/><N who="1" m="41578" /><E7/><V62/><F119/><W48/><G75/><T107/><D122/><U117/><E117/><V59/><F130/><W91/><G129/><T111/><D111/><U78/><E102/><V28/><F114/><W134/><G134/><T74/><D32/><N who="1" m="12363" /><E17/><V20/><F121/><W100/><G48/><T1/><D1/><U93/><E41/><V118/><F118/><W71/><G66/><T90/><D45/><U112/><E112/><V105/><F105/><W42/><G42/><T13/><D74/><U36/><E36/><V24/><F12/><W94/><G104/><T103/><D103/><U54/><E54/><V40/><F68/><N who="3" m="26187" /><G64/><T58/><D90/><N who="1" m="53471" /><E78/><V127/><F127/><AGARI ba="0,0" hai="8,9,83,85,91,94,98,100,124,126,127" m="26187" machi="127" ten="30,1000,0" yaku="18,1" doraHai="22" who="3" fromWho="2" sc="250,0,144,0,440,-10,166,10" /><INIT seed="6,0,0,4,2,52" ten="250,144,430,176" oya="2" hai0="38,24,66,135,123,46,63,7,29,31,68,21,87" hai1="134,22,93,49,110,131,122,1,37,118,109,17,116" hai2="0,59,61,70,120,85,14,23,4,45,128,112,121" hai3="57,117,27,20,60,5,33,102,11,36,53,64,114"/><V80/><F70/><W10/><G117/><N who="1" m="45162" /><E37/><V51/><F112/><W28/><G36/><T56/><D135/><U67/><E67/><V127/><F128/><W78/><G114/><T126/><D126/><U96/><E1/><V62/><F62/><W83/><G102/><T26/><D123/><U6/><E6/><V47/><F47/><W103/><G103/><T125/><D125/><U81/><E49/><V99/><F99/><W86/><G33/><T35/><D7/><U106/><E17/><V115/><F0/><W111/><G111/><T101/><D101/><N who="1" m="62759" /><E22/><V34/><F34/><W100/><G100/><T108/><D87/><U55/><E55/><V89/><F115/><W105/><G105/><T92/><D92/><U58/><E58/><V69/><F69/><W48/><G5/><T9/><D9/><U42/><E42/><V18/><F4/><W19/><REACH who="3" step="1"/><G28/><REACH who="3" ten="250,144,430,166" step="2"/><T39/><D108/><U13/><E109/><V65/><F127/><W77/><G77/><T76/><D76/><U32/><E32/><V132/><F132/><W104/><G104/><T50/><D68/><AGARI ba="0,1" hai="10,11,19,20,27,48,53,57,60,64,68,78,83,86" machi="68" ten="30,7700,0" yaku="1,1,7,1,52,1,53,1" doraHai="52" doraHaiUra="75" who="3" fromWho="0" sc="250,-77,144,0,430,0,166,87" /><INIT seed="7,0,0,2,2,52" ten="173,144,430,253" oya="3" hai0="2,119,132,13,58,7,29,72,17,54,124,67,15" hai1="53,75,48,122,3,121,135,81,94,25,117,65,115" hai2="105,43,113,73,33,103,89,46,84,101,95,62,18" hai3="69,125,68,19,22,91,102,34,4,116,93,1,49"/><W128/><G116/><T83/><D119/><U106/><E117/><V11/><F73/><W40/><G34/><T10/><D132/><U35/><E106/><V32/><F105/><W63/><G128/><T8/><D124/><U21/><E35/><V5/><F113/><W42/><G102/><T44/><D29/><U27/><E115/><V90/><F18/><W74/><G74/><T70/><D44/><U123/><E3/><V28/><F62/><W56/><G4/><T77/><D67/><U71/><E135/><V129/><F129/><W92/><G92/><T96/><D96/><U80/><E75/><V133/><F133/><W79/><G79/><T110/><D70/><U47/><E27/><V16/><F16/><W127/><G1/><T107/><D107/><U66/><E94/><V55/><F55/><N who="3" m="34207" /><G49/><T86/><D110/><U9/><E9/><V82/><F103/><W12/><G69/><T114/><D114/><U85/><E71/><V20/><F101/><W120/><G68/><T97/><D97/><U38/><E38/><V36/><F90/><W61/><G61/><T98/><D98/><U24/><E81/><V108/><F95/><W14/><G14/><T50/><D2/><U112/><E112/><V37/><F37/><W134/><G120/><T111/><D111/><U104/><E104/><V78/><F78/><W87/><G134/><T39/><D39/><U31/><E25/><N who="2" m="16423" /><F108/><W126/><AGARI ba="0,0" hai="12,19,22,40,42,87,91,93,125,126,127" m="34207" machi="126" ten="30,3000,0" yaku="18,1,52,1" doraHai="52" who="3" fromWho="3" sc="173,-10,144,-10,430,-10,253,30" /><INIT seed="7,1,0,5,1,26" ten="163,134,420,283" oya="3" hai0="104,13,35,107,52,55,74,63,77,23,83,0,10" hai1="96,70,16,20,121,128,89,40,112,109,72,105,49" hai2="44,80,58,101,122,68,22,46,135,66,86,47,106" hai3="19,69,127,88,8,30,85,29,113,59,36,39,118"/><W134/><G118/><T12/><D35/><U73/><E121/><V87/><F68/><W100/><G69/><T33/><D33/><U132/><E109/><V38/><F38/><W119/><G119/><T131/><D131/><U2/><E2/><V25/><F135/><W64/><G134/><T97/><D0/><U114/><E132/><V129/><F129/><W48/><G113/><N who="1" m="43626" /><E70/><V42/><F106/><W15/><G127/><T11/><D23/><U34/><E34/><V133/><F101/><W116/><G116/><T3/><D3/><U115/><N who="1" m="43634" /><U81/><DORA hai="103" /><E128/><V65/><F42/><W9/><G100/><T61/><D97/><U123/><E123/><V17/><F133/><W84/><G84/><T50/><D74/><U1/><E1/><V82/><F122/><W92/><G39/><T95/><D95/><N who="1" m="56431" /><E81/><N who="2" m="31339" /><F66/><W53/><G36/><T41/><D83/><U6/><E6/><V78/><F78/><W93/><G64/><T117/><D117/><U108/><E108/><V125/><F125/><W56/><G92/><T7/><D7/><U91/><E91/><V99/><F99/><W111/><G111/><T45/><D77/><U28/><E28/><N who="3" m="10858" /><G8/><T126/><D126/><U102/><E102/><V32/><F32/><W60/><G60/><AGARI ba="1,0" hai="17,22,25,44,46,47,58,60,65,86,87" m="31339" machi="60" ten="30,1000,0" yaku="8,1" doraHai="26,103" who="2" fromWho="3" sc="163,0,134,0,420,13,283,-13" owari="163,-24.0,134,-37.0,433,54.0,270,7.0" /></mjloggm>