<mjloggm ver="2.3"><GO type="169" lobby="0"/><UN n0="%E4%B8%89%E6%9D%89%E3%81%8F%E3%82%93" n1="%E7%99%BE%E9%87%8E%E3%81%95%E3%82%93" n2="%E3%83%9E%E3%83%AD%E3%83%A2%E3%82%AF" n3="%E7%A0%94%E7%A9%B6%E5%AD%A6%E5%9C%92" dan="16,16,16,16" rate="2068.18,2148.46,2086.18,2144.77" sx="M,M,M,M"/><TAIKYOKU oya="0"/><INIT seed="0,0,0,3,0,25" ten="250,250,250,250" oya="0" hai0="103,60,10,99,37,67,63,77,115,62,118,1,19" hai1="45,61,55,42,68,38,0,8,97,58,11,105,102" hai2="83,87,30,53,107,111,122,26,76,129,46,81,126" hai3="71,49,96,100,121,7,22,34,117,109,125,135,32"/><T78/><D115/><U50/><REACH who="1" step="1"/><E0/><REACH who="1" ten="250,240,250,250" step="2"/><V70/><F122/><W101/><G121/><T93/><D1/><U90/><E90/><V36/><F126/><W4/><G125/><T40/><D118/><U72/><E72/><V66/><F129/><W21/><G117/><T123/><D123/><U79/><E79/><V17/><F76/><W92/><G101/><T124/><D124/><U41/><E41/><V31/><F111/><W130/><G100/><T5/><D77/><U132/><E132/><V39/><F39/><W33/><G135/><T12/><D78/><U88/><E88/><V28/><F36/><W57/><G109/><T116/><D116/><U18/><E18/><V108/><F108/><W128/><G128/><T119/><D119/><U64/><AGARI ba="0,1" hai="8,11,38,42,45,50,55,58,61,64,68,97,102,105" machi="64" ten="30,8000,1" yaku="21,2,0,1,24,2,53,0" doraHai="25" doraHaiUra="127" who="1" fromWho="1" sc="250,-40,240,90,250,-20,250,-20" /><INIT seed="1,0,0,0,1,0" ten="210,330,230,230" oya="1" hai0="101,75,17,104,80,119,114,99,9,129,82,91,88" hai1="52,110,121,34,39,56,102,125,41,122,105,77,85" hai2="84,71,32,93,95,26,20,25,90,40,118,97,86" hai3="65,54,15,83,61,5,45,117,70,92,115,47,19"/><U29/><E39/><V30/><F118/><W62/><G115/><T7/><D17/><U74/><E74/><V53/><F71/><W89/><G117/><T116/><D114/><U120/><E41/><V38/><F38/><W94/><G83/><T57/><D129/><U64/><E125/><V46/><F53/><W112/><G112/><T3/><D57/><U131/><E131/><V66/><F66/><W49/><G47/><T98/><D98/><U51/><E64/><V127/><F127/><W27/><G62/><T72/><D119/><U6/><E6/><V96/><F46/><W133/><G133/><T11/><D116/><U44/><E110/><V108/><F40/><W132/><G132/><T126/><D11/><U106/><E102/><V69/><F69/><W63/><G63/><T23/><D23/><U135/><E135/><V37/><F37/><W123/><G123/><T111/><D111/><U16/><E44/><V78/><F78/><W33/><G89/><T43/><D43/><U113/><E113/><V87/><F108/><W24/><G33/><T10/><D10/><U100/><E100/><V55/><F55/><W134/><G134/><T124/><D124/><U50/><E50/><V22/><REACH who="2" step="1"/><F25/><REACH who="2" ten="210,330,220,230" step="2"/><W103/><G24/><T36/><D36/><U130/><E120/><V107/><F107/><W109/><G109/><T60/><D126/><U48/><E105/><V58/><F58/><W128/><G128/><T35/><D60/><N who="1" m="35847" /><E106/><V18/><F18/><W59/><G70/><T12/><D104/><U14/><E130/><V76/><F76/><W79/><G79/><RYUUKYOKU ba="0,1" sc="210,-10,330,-10,220,30,230,-10" hai2="20,22,26,30,32,84,86,87,90,93,95,96,97" /><INIT seed="2,1,1,2,0,123" ten="200,320,250,220" oya="2" hai0="69,27,7,68,24,33,106,121,26,89,31,10,6" hai1="59,40,22,44,87,99,132,29,93,35,105,49,67" hai2="34,4,52,5,92,14,130,51,115,72,12,96,60" hai3="88,94,102,23,91,63,56,53,135,109,64,58,61"/><V85/><F72/><W129/><G129/><T45/><D106/><U76/><E35/><V116/><F115/><W108/><G135/><T13/><D121/><U9/><E105/><V19/><F116/><W118/><G118/><T103/><D103/><U42/><E9/><V47/><F130/><W120/><G120/><T101/><D101/><U36/><E36/><V28/><F85/><W127/><G127/><T54/><D33/><U110/><E110/><N who="3" m="42602" /><G23/><T112/><D6/><U71/><E71/><V32/><F60/><W73/><G73/><T15/><D68/><U21/><E132/><V37/><F37/><W55/><G64/><T79/><D69/><U82/><E40/><V50/><F32/><W2/><G2/><T95/><D112/><U3/><E29/><V100/><F14/><W66/><G66/><T83/><D15/><U124/><E3/><V75/><F75/><W43/><G43/><T77/><D31/><U17/><E124/><V62/><F34/><W39/><G39/><T104/><D24/><U48/><E22/><V84/><F28/><W38/><G38/><T98/><D26/><U86/><E67/><V111/><F111/><W90/><G102/><T0/><D0/><U80/><E21/><N who="2" m="11495" /><F62/><W97/><AGARI ba="1,1" hai="53,55,56,58,61,63,88,90,91,94,97" m="42602" machi="97" ten="30,8000,1" yaku="14,1,52,3,54,1" doraHai="123" who="3" fromWho="3" sc="200,-21,320,-21,250,-41,220,93" /><INIT seed="3,0,0,0,3,1" ten="179,299,209,313" oya="3" hai0="87,95,69,10,8,83,81,37,108,60,46,31,13" hai1="42,28,109,59,88,79,12,48,94,34,111,120,107" hai2="131,43,36,26,17,102,20,127,118,133,50,129,103" hai3="66,114,134,96,4,98,19,121,9,29,24,80,106"/><W23/><G121/><T11/><D108/><N who="1" m="41547" /><E107/><V104/><F36/><W122/><G122/><T65/><D31/><U38/><E79/><V64/><F118/><W5/><G114/><T40/><D95/><U25/><E38/><V132/><F64/><W85/><G134/><N who="2" m="51817" /><F104/><W7/><G66/><T78/><REACH who="0" step="1"/><D81/><REACH who="0" ten="169,299,209,313" step="2"/><U124/><E120/><V22/><F129/><W116/><G116/><T2/><D2/><U45/><E124/><V90/><F131/><W117/><G117/><T6/><AGARI ba="0,1" hai="6,8,10,11,13,37,40,46,60,65,69,78,83,87" machi="6" ten="20,8000,1" yaku="1,1,0,1,7,1,52,1,53,1" doraHai="1" doraHaiUra="72" who="0" fromWho="0" sc="169,90,299,-20,209,-20,313,-40" /><INIT seed="4,0,0,1,4,11" ten="259,279,189,273" oya="0" hai0="30,100,88,114,32,95,71,18,12,26,121,70,31" hai1="123,50,122,1,77,7,99,64,87,25,76,29,75" hai2="133,128,56,58,96,115,82,43,3,8,66,86,84" hai3="125,112,9,14,94,68,97,89,98,118,41,78,21"/><T48/><D121/><U44/><E75/><V20/><F115/><W51/><G118/><T54/><D114/><U63/><E99/><V93/><F128/><W79/><G112/><T47/><D31/><U111/><E111/><V52/><F133/><W127/><G68/><T85/><REACH who="0" step="1"/><D100/><REACH who="0" ten="249,279,189,273" step="2"/><U90/><E123/><V104/><F104/><W131/><G131/><T130/><D130/><U42/><E122/><V24/><F43/><W4/><G125/><T126/><D126/><U108/><E108/><V10/><F66/><W69/><G127/><T74/><D74/><U19/><E29/><V45/><F3/><W5/><G41/><T39/><D39/><U60/><E1/><V61/><F45/><W28/><G28/><T116/><D116/><U53/><E64/><V36/><F36/><W46/><G69/><T6/><D6/><U103/><E7/><V34/><F58/><W91/><G4/><T57/><D57/><U65/><E103/><V38/><F38/><W23/><G46/><T80/><D80/><U102/><E102/><V117/><F117/><W17/><G5/><T124/><D124/><U120/><E120/><V37/><F37/><W15/><G94/><T106/><D106/><U49/><E65/><V129/><F129/><W67/><G67/><T110/><D110/><U27/><E42/><V2/><F2/><W132/><G132/><T119/><D119/><U113/><E113/><V33/><F82/><W22/><G17/><T135/><D135/><U134/><E19/><V92/><F93/><W83/><G83/><T81/><D81/><N who="1" m="49519" /><E134/><V101/><F101/><RYUUKYOKU ba="0,1" sc="249,30,279,-10,189,-10,273,-10" hai0="12,18,26,30,32,47,48,54,70,71,85,88,95" /><INIT seed="4,1,1,2,5,125" ten="279,269,179,263" oya="0" hai0="19,55,111,126,115,12,1,83,100,35,69,135,6" hai1="107,32,71,90,91,67,74,29,134,64,11,52,87" hai2="46,118,54,99,56,51,73,86,109,53,28,123,41" hai3="66,132,43,31,101,127,36,70,48,81,16,58,75"/><T34/><D69/><U59/><E74/><V49/><F73/><W108/><G108/><T9/><D100/><U85/><E107/><V102/><F123/><W30/><G127/><T57/><D126/><U114/><E71/><V119/><F109/><W130/><G132/><T89/><D111/><U15/><E134/><V14/><F28/><W72/><G101/><T77/><D89/><U5/><E29/><V63/><F14/><W116/><G116/><T21/><D115/><U24/><E24/><V0/><F86/><W122/><G75/><T121/><D135/><U62/><E32/><V76/><F76/><W3/><G3/><T45/><D45/><U44/><E44/><V39/><F0/><W129/><G122/><T124/><D121/><U110/><E110/><V79/><F79/><W78/><G36/><T128/><D124/><U98/><E98/><V2/><F2/><W105/><G105/><T4/><D4/><U17/><E5/><V7/><F7/><W47/><G70/><T80/><D128/><N who="3" m="49257" /><G16/><T50/><REACH who="0" step="1"/><D83/><REACH who="0" ten="269,269,179,263" step="2"/><N who="1" m="49471" /><E114/><V97/><F102/><W92/><G92/><AGARI ba="1,2" hai="11,15,17,52,59,62,64,67,87,91,92" m="49471" machi="92" ten="30,2000,0" yaku="8,1,54,1" doraHai="125" who="1" fromWho="3" sc="269,0,269,43,179,0,263,-23" /><INIT seed="5,0,0,4,2,129" ten="269,312,179,240" oya="1" hai0="124,131,95,25,135,36,101,76,98,8,81,58,104" hai1="1,41,116,10,32,28,93,75,105,18,62,114,89" hai2="13,88,90,24,108,65,64,67,130,12,50,23,2" hai3="134,5,61,66,43,70,3,57,84,51,87,107,86"/><U16/><E116/><V117/><F108/><W73/><G73/><T110/><D36/><U127/><E105/><V33/><F117/><W19/><G107/><T74/><D110/><U40/><E75/><V125/><F130/><W38/><G19/><T133/><D131/><U53/><E127/><V22/><F2/><W44/><G3/><T77/><D124/><U21/><E114/><V48/><F125/><W132/><G5/><T123/><D77/><U80/><E80/><V60/><F60/><W68/><G68/><T17/><D123/><U106/><E106/><V69/><F69/><W7/><G7/><T6/><D58/><N who="1" m="35151" /><E32/><V0/><F0/><W121/><G121/><T83/><D81/><U59/><E1/><V63/><F63/><W78/><G78/><T27/><D6/><U9/><E59/><V119/><F33/><W20/><G20/><N who="2" m="7721" /><F24/><W42/><G42/><N who="1" m="16490" /><E28/><V92/><F119/><W29/><G29/><T91/><D27/><N who="1" m="14759" /><E18/><V54/><F54/><AGARI ba="0,0" hai="38,43,44,51,54,57,61,66,70,84,86,87,132,134" machi="54" ten="40,8000,1" yaku="24,2,52,2" doraHai="129" who="3" fromWho="2" sc="269,0,312,0,179,-80,240,80" /><INIT seed="6,0,0,1,0,105" ten="269,312,99,320" oya="2" hai0="102,26,25,113,75,17,110,114,134,10,100,36,84" hai1="1,96,49,106,6,83,7,130,127,80,132,98,118" hai2="89,48,133,15,53,3,121,5,119,18,93,39,62" hai3="31,129,52,45,46,58,59,22,120,111,128,66,29"/><V23/><F119/><W82/><G111/><T67/><D110/><U99/><E118/><V21/><F121/><W112/><G120/><T37/><D67/><U47/><E130/><N who="3" m="50282" /><G112/><N who="0" m="43115" /><D84/><U72/><E106/><V88/><F39/><N who="0" m="14922" /><D134/><U103/><E132/><V41/><F133/><W91/><G66/><T73/><D10/><U135/><E135/><V12/><F3/><W44/><G22/><N who="0" m="13519" /><D26/><U65/><E65/><V13/><F41/><W76/><G91/><N who="2" m="34889" /><F93/><W2/><G2/><T77/><D77/><U63/><E1/><V92/><F92/><W30/><G52/><T90/><D90/><U94/><E94/><V116/><F116/><W85/><AGARI ba="0,0" hai="29,30,31,44,45,46,58,59,76,82,85" m="50282" machi="85" ten="40,1500,0" yaku="19,1" doraHai="105" who="3" fromWho="3" sc="269,-4,312,-4,99,-7,320,15" /><INIT seed="7,0,0,4,2,11" ten="265,308,92,335" oya="3" hai0="124,22,121,86,70,56,45,31,27,51,130,116,135" hai1="69,90,102,66,117,65,7,62,134,42,110,104,4" hai2="76,81,91,119,37,40,78,106,32,43,88,123,36" hai3="67,12,75,80,30,115,53,107,16,77,83,24,52"/><W112/><G107/><T18/><D70/><U2/><E110/><V50/><F32/><N who="3" m="20551" /><G83/><T63/><D116/><U1/><E134/><V101/><F50/><W89/><G89/><T49/><D121/><U93/><E42/><V103/><F81/><W71/><G67/><T68/><D124/><U25/><E66/><V133/><F106/><W38/><G71/><T64/><D130/><U9/><E117/><V58/><F58/><W13/><G38/><T96/><D135/><U54/><E54/><N who="3" m="21098" /><G16/><T59/><D86/><U74/><E74/><V8/><F8/><W108/><G108/><T3/><D3/><U99/><E25/><V126/><F119/><W23/><G23/><T5/><D5/><U100/><E104/><V28/><F28/><W118/><G118/><T57/><D45/><U21/><E21/><V92/><F92/><W114/><AGARI ba="0,0" hai="12,13,75,77,80,112,114,115" m="21098,20551" machi="114" ten="40,12000,1" yaku="15,1,52,2,54,1" doraHai="11" who="3" fromWho="3" sc="265,-40,308,-40,92,-40,335,120" owari="225,-17.0,268,7.0,52,-45.0,455,55.0" /></mjloggm>