<mjloggm ver="2.3"><GO type="169" lobby="0"/><UN n0="%50%65%74%65%72%50%61%6E" n1="%E3%83%9E%E3%83%83%E3%82%AF%30%34" n2="%E3%82%B1%E3%83%A2%E8%80%B3%E3%82%B4%E3%82%AD%E3%83%96%E3%83%AA" n3="%7A%6B%75%72%74" dan="16,16,16,16" rate="2086.02,2135.57,2111.37,2179.01" sx="M,M,M,M"/><TAIKYOKU oya="0"/><INIT seed="0,0,0,4,2,107" ten="250,250,250,250" oya="0" hai0="75,21,95,25,3,62,31,114,11,2,36,125,43" hai1="32,66,109,90,133,84,24,42,33,48,78,58,124" hai2="93,85,12,99,57,98,113,105,118,59,82,28,19" hai3="129,87,92,52,30,1,5,27,55,34,86,41,7"/><T37/><D114/><U135/><E109/><V60/><F113/><W22/><G129/><T122/><D122/><U120/><E120/><V88/><F118/><W100/><G41/><T68/><D125/><U71/><E71/><V80/><F28/><W94/><G34/><T46/><D37/><U104/><E104/><V102/><F99/><N who="3" m="59511" /><G1/><T79/><D11/><U61/><E78/><V89/><F89/><N who="3" m="53303" /><G87/><T76/><D76/><U6/><E124/><V101/><F59/><W134/><G134/><N who="1" m="51210" /><E24/><V4/><F4/><AGARI ba="0,0" hai="4,5,7,22,27,30,52,55" m="53303,59511" machi="4" ten="30,2000,0" yaku="8,1,54,1" doraHai="107" who="3" fromWho="2" sc="250,0,250,0,250,-20,250,20" /><INIT seed="1,0,0,5,2,19" ten="250,250,230,270" oya="1" hai0="86,91,133,31,37,12,82,14,68,118,34,11,81" hai1="56,52,90,49,64,92,18,58,127,111,41,107,95" hai2="125,117,23,27,106,130,17,13,47,10,97,99,21" hai3="65,101,100,57,40,20,84,59,61,79,70,87,48"/><U60/><E127/><V3/><F117/><W73/><G73/><T85/><D118/><U126/><E126/><V54/><F125/><W104/><G70/><T119/><D119/><U116/><E116/><V22/><F106/><W94/><G104/><T2/><D37/><U55/><E107/><V15/><F3/><W50/><G48/><T16/><D133/><U113/><E113/><V63/><F130/><W25/><G79/><T44/><D68/><U76/><E76/><V77/><F77/><W32/><G32/><T6/><D44/><N who="1" m="25743" /><E111/><V45/><F15/><W43/><G43/><T38/><D38/><U83/><E18/><V5/><F5/><W96/><G101/><T122/><D122/><U28/><E28/><V134/><F27/><W9/><G9/><T128/><D128/><U78/><E78/><V35/><F35/><W74/><G74/><T8/><D31/><U102/><E102/><V135/><F135/><W131/><G131/><T72/><D72/><U67/><E83/><V75/><F75/><W7/><G7/><T53/><D34/><U69/><E69/><V103/><F134/><W105/><G105/><T80/><D2/><U0/><E0/><V129/><F129/><W88/><G100/><T93/><REACH who="0" step="1"/><D53/><REACH who="0" ten="240,250,230,270" step="2"/><N who="1" m="20555" /><E90/><AGARI ba="0,1" hai="6,8,11,12,14,16,80,81,82,85,86,90,91,93" machi="90" ten="30,7700,0" yaku="1,1,7,1,8,1,54,1,53,0" doraHai="19" doraHaiUra="112" who="0" fromWho="1" sc="240,87,250,-77,230,0,270,0" /><INIT seed="2,0,0,4,4,14" ten="327,173,230,270" oya="2" hai0="94,41,6,1,48,80,99,65,49,62,86,46,51" hai1="21,70,28,18,87,123,125,27,55,134,10,43,56" hai2="42,16,0,122,77,73,7,11,38,53,66,135,64" hai3="60,116,97,25,133,108,110,71,2,100,98,129,50"/><V78/><F122/><W15/><G2/><T35/><D35/><U45/><E70/><V96/><F135/><W52/><G116/><T112/><D112/><U104/><E134/><V76/><F96/><W130/><G133/><T9/><D94/><U75/><E123/><V128/><F128/><N who="3" m="49259" /><G25/><T59/><REACH who="0" step="1"/><D99/><REACH who="0" ten="317,173,230,270" step="2"/><U91/><E104/><V26/><F73/><W19/><G97/><T111/><D111/><U103/><E75/><V20/><REACH who="2" step="1"/><F53/><REACH who="2" ten="317,173,220,270" step="2"/><W63/><G108/><T85/><D85/><U117/><E55/><V84/><F84/><W126/><G110/><T92/><D92/><U68/><E87/><V23/><F23/><N who="3" m="11775" /><G126/><T74/><D74/><U88/><E125/><V33/><F33/><W34/><G34/><T124/><D124/><U30/><E21/><V90/><F90/><AGARI ba="0,2" hai="1,6,9,41,46,48,49,51,59,62,65,80,86,90" machi="90" ten="30,3900,0" yaku="1,1,7,1,53,1" doraHai="14" doraHaiUra="3" who="0" fromWho="2" sc="317,59,173,0,220,-39,270,0" /><INIT seed="3,0,0,3,4,58" ten="376,173,181,270" oya="3" hai0="134,57,28,115,32,13,45,106,62,63,43,111,27" hai1="108,119,39,55,50,126,26,48,40,66,101,113,74" hai2="11,81,25,86,105,0,69,23,59,24,70,121,16" hai3="61,31,41,72,90,125,17,93,5,38,20,91,85"/><W133/><G125/><T88/><D106/><U51/><E113/><V107/><F121/><W123/><G123/><T22/><D111/><U78/><E101/><V7/><F107/><W30/><G133/><T4/><D134/><U118/><E74/><V100/><F25/><W79/><G5/><T80/><D57/><N who="1" m="32999" /><E78/><V117/><F117/><N who="1" m="44553" /><E26/><V35/><F35/><W95/><G79/><T104/><D104/><U46/><E108/><V6/><F6/><W64/><G72/><T18/><D115/><U34/><E34/><V130/><F130/><W99/><G41/><T67/><D67/><U109/><E109/><V98/><REACH who="2" step="1"/><F59/><REACH who="2" ten="376,173,171,270" step="2"/><W53/><G31/><T9/><D32/><U122/><E122/><V110/><F110/><W21/><G30/><T54/><D4/><U129/><E129/><V71/><F71/><W83/><G17/><T42/><D28/><U84/><E126/><V116/><F116/><W68/><G38/><T10/><D27/><U52/><E84/><V103/><F103/><W14/><G14/><T19/><D19/><U114/><E114/><V102/><F102/><W15/><G15/><T29/><D29/><U47/><E66/><V73/><F73/><W112/><G112/><T127/><D127/><U12/><E12/><V75/><F75/><W97/><G64/><T131/><D131/><U37/><AGARI ba="0,1" hai="37,39,40,46,47,50,51,52" m="44553,32999" machi="37" ten="30,7900,0" yaku="12,1,34,2,54,1" doraHai="58" who="1" fromWho="1" sc="376,-20,173,89,171,-20,270,-39" /><INIT seed="4,0,0,2,2,90" ten="356,262,151,231" oya="0" hai0="42,106,29,6,61,72,27,10,46,74,80,33,60" hai1="133,82,26,45,4,40,9,99,113,73,37,78,25" hai2="102,7,0,101,88,67,30,103,95,56,83,16,59" hai3="5,55,66,123,70,127,1,12,89,116,54,31,35"/><T91/><D106/><U39/><E133/><V22/><F0/><W3/><G116/><T28/><D28/><U63/><E113/><V93/><F7/><W48/><G127/><T38/><D74/><U52/><E39/><V132/><F132/><W58/><G123/><T49/><D49/><U81/><E81/><V98/><F30/><W23/><G35/><T62/><D62/><U112/><E112/><V32/><F83/><W75/><G75/><T68/><D68/><U11/><E99/><N who="2" m="57767" /><F32/><W79/><G79/><T94/><D80/><U50/><E63/><N who="2" m="38375" /><F59/><W57/><G70/><T86/><REACH who="0" step="1"/><D72/><REACH who="0" ten="346,262,151,231" step="2"/><U121/><E121/><V71/><F71/><W128/><G31/><T77/><D77/><U131/><E73/><V117/><F117/><W129/><G48/><T110/><D110/><U107/><E107/><V20/><F20/><W47/><G23/><T69/><D69/><U13/><E78/><V105/><F105/><W118/><G118/><T36/><D36/><U51/><E82/><V43/><F43/><W104/><G104/><T100/><D100/><U44/><E37/><V120/><F120/><W8/><G89/><T53/><D53/><U87/><E40/><V65/><F65/><W19/><G66/><T76/><D76/><U18/><E52/><V85/><F85/><W125/><G55/><T122/><D122/><U114/><E87/><V14/><AGARI ba="0,1" hai="14,16,22,95,98,101,102,103" m="38375,57767" machi="14" ten="30,8000,1" yaku="8,1,52,2,54,2" doraHai="90" who="2" fromWho="2" sc="346,-40,262,-20,151,90,231,-20" /><INIT seed="5,0,0,4,4,103" ten="306,242,241,211" oya="1" hai0="8,47,71,89,19,17,93,2,58,59,12,134,126" hai1="105,118,120,61,42,43,24,119,133,83,135,51,127" hai2="64,27,9,101,15,121,94,109,97,85,20,21,57" hai3="80,11,66,81,0,132,99,69,78,13,106,26,36"/><U108/><E83/><V14/><F109/><W29/><G132/><N who="1" m="50762" /><E24/><V65/><F121/><W22/><G36/><T38/><D71/><U125/><E105/><V124/><F124/><N who="1" m="47689" /><E120/><V54/><F85/><W72/><G0/><T44/><D2/><U63/><E108/><V100/><F100/><W48/><G81/><T129/><D134/><U77/><E77/><V62/><F21/><W3/><G3/><T1/><D1/><U40/><E51/><V41/><F41/><W111/><G111/><T34/><D38/><U76/><E76/><V113/><F113/><W79/><G79/><T114/><D114/><U122/><E122/><V53/><F65/><W30/><G30/><T87/><D126/><U67/><E67/><V25/><F25/><W75/><G75/><T110/><D110/><U23/><E23/><V123/><F123/><W32/><G22/><T52/><D34/><U73/><E73/><V16/><REACH who="2" step="1"/><F14/><REACH who="2" ten="306,242,231,211" step="2"/><W102/><G13/><T84/><D12/><U28/><E28/><AGARI ba="0,1" hai="9,15,16,20,27,28,53,54,57,62,64,94,97,101" machi="28" ten="30,16000,3" yaku="1,1,2,1,7,1,25,2,8,1,54,1,53,1" doraHai="103" doraHaiUra="4" who="2" fromWho="1" sc="306,0,242,-160,231,170,211,0" /><INIT seed="6,0,0,4,1,98" ten="306,82,401,211" oya="2" hai0="5,62,101,34,112,47,22,55,16,2,133,116,115" hai1="126,125,38,12,106,0,72,32,102,39,26,24,36" hai2="44,127,40,120,54,89,131,23,49,91,74,58,134" hai3="52,30,21,28,48,65,86,70,19,18,121,78,20"/><V45/><F120/><W79/><G121/><T8/><D34/><U108/><E12/><V6/><F74/><W80/><G78/><T128/><D128/><U119/><E26/><V107/><F107/><W56/><G70/><T111/><D111/><U61/><E108/><V3/><F131/><W7/><G65/><T105/><D133/><U63/><E119/><V93/><F134/><W104/><G104/><T46/><D116/><U67/><E72/><V43/><F127/><N who="1" m="48649" /><E63/><V50/><F23/><N who="3" m="8779" /><G7/><T95/><D105/><U25/><E0/><V9/><REACH who="2" step="1"/><F93/><REACH who="2" ten="306,82,391,211" step="2"/><W66/><G66/><T59/><D112/><U129/><E129/><V15/><F15/><W73/><G73/><T132/><D115/><U69/><E32/><V71/><F71/><W122/><G122/><T64/><D132/><U88/><E25/><V83/><F83/><W96/><G96/><T53/><D95/><U87/><E24/><V14/><F14/><W81/><G80/><T75/><D75/><U130/><E130/><V117/><F117/><W1/><G1/><T51/><D2/><U97/><E39/><AGARI ba="0,1" hai="3,6,9,39,40,43,44,45,49,50,54,58,89,91" machi="39" ten="30,2900,0" yaku="1,1,7,1,53,0" doraHai="98" doraHaiUra="31" who="2" fromWho="1" sc="306,0,82,-29,391,39,211,0" /><INIT seed="6,1,0,4,5,41" ten="306,53,430,211" oya="2" hai0="56,64,105,128,17,47,119,110,135,115,9,98,60" hai1="6,53,133,90,78,93,62,80,127,46,28,10,103" hai2="102,109,77,11,82,134,43,37,52,13,91,58,44" hai3="36,123,112,65,18,49,95,76,69,15,24,55,124"/><V25/><F134/><W34/><G123/><T31/><D110/><U35/><E133/><V50/><F109/><W33/><G36/><T107/><D135/><U74/><E127/><V84/><F102/><W83/><G124/><T42/><D128/><U3/><E103/><V0/><F25/><W72/><G112/><T121/><D121/><U16/><E35/><V59/><F0/><W101/><G24/><T12/><D115/><U100/><E100/><V54/><F54/><W45/><G69/><T14/><D119/><U73/><E28/><V125/><F125/><W38/><G38/><T114/><D114/><U81/><E62/><V20/><F20/><W27/><G65/><T29/><D98/><U122/><E122/><V19/><F77/><W75/><G75/><T66/><D66/><U39/><E16/><V113/><F113/><W63/><G63/><T120/><D120/><U4/><E4/><V70/><F70/><W8/><REACH who="3" step="1"/><G27/><REACH who="3" ten="306,53,430,201" step="2"/><T89/><D64/><U104/><E104/><V106/><F106/><W132/><G132/><T48/><D107/><U99/><E53/><V1/><F1/><W79/><G79/><T67/><D105/><U71/><E71/><V57/><AGARI ba="1,1" hai="11,13,19,37,43,44,50,52,57,58,59,82,84,91" machi="57" ten="20,7800,0" yaku="0,1,7,1,52,1,54,1" doraHai="41" who="2" fromWho="2" sc="306,-27,53,-27,430,91,201,-27" /><INIT seed="6,2,0,1,4,128" ten="279,26,521,174" oya="2" hai0="30,135,84,88,48,100,23,117,121,39,61,44,92" hai1="68,91,3,114,86,24,71,60,123,76,69,118,82" hai2="47,106,79,38,105,20,55,124,43,2,115,50,42" hai3="57,104,127,67,19,94,13,130,77,80,33,35,17"/><V7/><F115/><W26/><G104/><T36/><D121/><U70/><E118/><V89/><F124/><W6/><G130/><T49/><D135/><U72/><E114/><V113/><F113/><W83/><G127/><T125/><D125/><U78/><E3/><V73/><F89/><W5/><G94/><T9/><D117/><U15/><E123/><V95/><F20/><W46/><G46/><T122/><D122/><U45/><E24/><V64/><F95/><W109/><G109/><T96/><D61/><U21/><E45/><N who="2" m="25911" /><F64/><W111/><G111/><T126/><D48/><U59/><N who="1" m="17408" /><DORA hai="63" /><U81/><E21/><V8/><F55/><W93/><G93/><T51/><D51/><U129/><E129/><V32/><F32/><W0/><G0/><T54/><D126/><U110/><E110/><V53/><F53/><W41/><G41/><T98/><D98/><U65/><REACH who="1" step="1"/><E15/><REACH who="1" ten="279,16,521,174" step="2"/><V107/><F107/><W27/><G13/><T116/><D116/><U90/><AGARI ba="2,1" hai="59,60,65,72,76,78,81,82,86,90,91" m="17408" machi="90" ten="60,8000,1" yaku="1,1,2,1,0,1,52,1,53,1" doraHai="128,63" doraHaiUra="1,58" who="1" fromWho="1" sc="279,-22,16,96,521,-42,174,-22" /><INIT seed="7,0,0,3,0,24" ten="257,112,479,152" oya="3" hai0="25,98,57,6,120,58,66,119,129,82,123,106,75" hai1="90,48,9,122,114,130,112,12,35,99,52,128,93" hai2="29,115,105,94,55,85,107,132,11,135,88,133,77" hai3="44,54,4,63,41,21,69,46,31,0,15,1,83"/><W73/><G69/><T26/><D119/><U56/><E122/><V74/><F115/><W8/><G73/><T28/><D129/><N who="1" m="49771" /><E35/><V97/><F29/><W117/><G117/><T40/><D40/><U65/><E65/><V10/><F55/><W47/><G83/><T72/><D6/><U78/><E78/><V125/><F125/><W27/><G0/><T43/><D43/><U81/><E81/><N who="2" m="45239" /><F97/><W49/><G1/><T37/><D37/><U45/><E45/><V51/><F51/><W14/><G14/><T13/><D13/><U104/><E104/><AGARI ba="0,0" hai="10,11,85,88,94,104,105,107,132,133,135" m="45239" machi="104" ten="40,2600,0" yaku="20,1,54,1" doraHai="24" who="2" fromWho="1" sc="257,0,112,-26,479,26,152,0" owari="257,6.0,86,-41.0,505,60.0,152,-25.0" /></mjloggm>