<mjloggm ver="2.3"><GO type="225" lobby="0"/><UN n0="%E5%85%94%E6%96%AF%E5%9F%BA" n1="%E3%81%8A%E3%81%8A%E3%81%9E%E3%82%89%E3%82%92%E3%81%A8%E3%81%B6" n2="%E9%95%B7%E5%B3%B6%E3%83%B3%E3%82%AC%E3%83%B3" n3="%E3%82%B5%E3%83%AB%E3%82%B7%E3%83%B3" dan="17,16,17,16" rate="2182.77,2163.66,2129.24,2150.45" sx="M,M,M,M"/><TAIKYOKU oya="0"/><INIT seed="0,0,0,2,5,109" ten="250,250,250,250" oya="0" hai0="27,84,68,32,0,90,29,4,69,46,100,114,104" hai1="13,98,120,63,21,55,15,20,95,124,129,111,40" hai2="87,7,28,132,125,11,38,56,54,37,62,44,86" hai3="107,113,22,131,48,88,103,14,116,128,18,119,94"/><T83/><D46/><U25/><E120/><V8/><F125/><W41/><G107/><T61/><D114/><U9/><E111/><V89/><F132/><W42/><G103/><T122/><D122/><U93/><E124/><V133/><F133/><W3/><G3/><T1/><D4/><U26/><E129/><N who="3" m="49738" /><G113/><T82/><D82/><U76/><E76/><V101/><F101/><W106/><G106/><T92/><D83/><U72/><E40/><N who="3" m="15466" /><G48/><T66/><REACH who="0" step="1"/><D69/><REACH who="0" ten="240,250,250,250" step="2"/><U58/><E72/><V99/><F44/><W45/><G45/><T6/><D6/><N who="1" m="3255" /><E15/><V67/><F7/><W17/><G17/><T70/><D70/><U91/><E95/><V12/><F12/><W52/><G119/><T36/><D36/><U79/><E79/><V105/><F38/><W85/><G116/><T121/><D121/><U127/><E127/><V49/><F37/><W60/><G18/><T75/><D75/><U5/><E5/><V10/><F105/><W64/><G14/><T57/><D57/><U130/><E130/><V135/><F135/><W65/><G22/><AGARI ba="0,1" hai="20,21,22,25,26,55,58,63,91,93,98" m="3255" machi="22" ten="30,1000,0" yaku="8,1" doraHai="109" who="1" fromWho="3" sc="240,0,250,20,250,0,250,-10" /><INIT seed="1,0,0,2,2,97" ten="240,270,250,240" oya="1" hai0="125,66,67,51,38,106,71,130,107,54,89,5,95" hai1="121,53,47,77,91,25,52,57,132,29,123,120,93" hai2="37,65,128,90,70,135,134,7,8,131,133,114,86" hai3="109,6,73,43,41,21,116,0,99,88,96,23,69"/><U75/><E132/><V74/><F74/><W60/><G73/><T30/><D38/><U105/><E105/><V122/><F37/><W64/><G109/><T46/><D130/><N who="2" m="49706" /><F122/><W102/><G116/><T34/><D5/><U112/><E112/><V80/><F114/><W22/><G6/><T39/><D39/><U14/><E14/><N who="2" m="5407" /><F65/><W62/><G0/><T124/><D30/><U20/><E47/><V103/><F70/><W44/><G44/><T68/><D34/><U2/><E2/><V98/><F98/><W84/><G96/><T9/><D67/><U17/><E29/><V12/><F12/><W92/><REACH who="3" step="1"/><G62/><REACH who="3" ten="240,270,250,230" step="2"/><T76/><D46/><U126/><E75/><V42/><F42/><W19/><G19/><T40/><D40/><U26/><E121/><V11/><F11/><W78/><G78/><T27/><D76/><U16/><E77/><V1/><F1/><W115/><G115/><T110/><D9/><U4/><E4/><V56/><F56/><W118/><G118/><T50/><D71/><U15/><E57/><V87/><F86/><W127/><G127/><T94/><D124/><U72/><E126/><V81/><F81/><AGARI ba="0,1" hai="21,22,23,41,43,60,64,69,81,84,88,92,99,102" machi="81" ten="40,5200,0" yaku="1,1,52,1,54,1,53,0" doraHai="97" doraHaiUra="129" who="3" fromWho="2" sc="240,0,270,0,250,-52,230,62" /><INIT seed="2,0,0,5,4,56" ten="240,270,198,292" oya="2" hai0="88,7,66,10,8,132,81,123,58,11,26,134,108" hai1="120,111,85,104,105,100,51,126,14,40,133,15,60" hai2="36,93,6,95,16,129,96,118,76,73,103,28,38" hai3="48,117,79,87,44,35,89,0,78,84,23,99,110"/><V80/><F118/><W30/><G117/><T124/><D123/><U1/><E1/><V17/><F129/><W5/><G35/><T33/><D7/><U20/><E120/><V59/><F6/><W25/><G110/><T114/><D114/><U69/><E111/><V53/><F28/><W32/><G32/><T131/><D108/><U77/><E126/><V45/><F95/><N who="3" m="56815" /><G5/><T75/><D124/><U49/><E133/><N who="0" m="51305" /><D75/><U64/><E100/><V83/><F83/><W18/><G18/><T43/><D43/><U2/><E2/><V65/><F65/><W86/><G0/><T119/><D131/><U121/><E51/><V72/><F72/><W3/><G3/><T71/><D71/><U94/><E94/><V102/><F102/><W12/><G12/><T91/><D81/><U116/><E14/><V19/><REACH who="2" step="1"/><F45/><REACH who="2" ten="240,270,188,292" step="2"/><W41/><AGARI ba="0,1" hai="23,25,30,41,44,48,78,79,84,86,87" m="56815" machi="41" ten="30,1100,0" yaku="8,1" doraHai="56" who="3" fromWho="3" sc="240,-3,270,-3,188,-5,292,21" /><INIT seed="3,0,0,3,2,45" ten="237,267,183,313" oya="3" hai0="54,48,43,129,80,2,11,126,118,120,75,16,26" hai1="44,92,18,72,68,86,108,73,31,62,42,83,81" hai2="85,61,23,116,107,46,55,131,82,28,19,77,22" hai3="33,84,34,111,40,21,122,114,91,87,1,96,71"/><W58/><G71/><T79/><D120/><U132/><E31/><V110/><F110/><W14/><G1/><T104/><D118/><U17/><E108/><V52/><F131/><W127/><G122/><T94/><D104/><U105/><E105/><V53/><F116/><W51/><G114/><T97/><D126/><U12/><E92/><V88/><F107/><W63/><G34/><T112/><D129/><U123/><E123/><V4/><F4/><W37/><G37/><T8/><D43/><U36/><E132/><V113/><F113/><W90/><G33/><T35/><D2/><U65/><E83/><V121/><F121/><W119/><G127/><T20/><D35/><U5/><E5/><V135/><F135/><W78/><G78/><T76/><D76/><U57/><E68/><V38/><F38/><W93/><G91/><T67/><D67/><U41/><E41/><V59/><F77/><W49/><G40/><T32/><D32/><U124/><E124/><V100/><F100/><W56/><G56/><T103/><D112/><U102/><E102/><V70/><F70/><W39/><G39/><T50/><REACH who="0" step="1"/><D50/><REACH who="0" ten="227,267,183,313" step="2"/><N who="3" m="18953" /><G119/><T89/><D89/><U27/><E36/><V66/><F46/><AGARI ba="0,1" hai="8,11,16,20,26,46,48,54,75,79,80,94,97,103" machi="46" ten="30,7700,0" yaku="1,1,7,1,52,1,54,1,53,0" doraHai="45" doraHaiUra="134" who="0" fromWho="2" sc="227,87,267,0,183,-77,313,0" owari="314,41.0,267,-13.0,106,-39.0,313,11.0" /></mjloggm>