<mjloggm ver="2.3"><GO type="169" lobby="0"/><UN n0="%E7%A5%9E%E5%91%AA%E9%AD%94%E5%A5%B3" n1="%E3%83%A9%E3%83%96%E3%83%AC%E3%83%BC" n2="%E7%81%AB%E9%9C%8A%E5%A4%A2" n3="%E6%BC%82%E3%81%86" dan="16,17,17,16" rate="2204.66,2233.37,2265.66,2057.46" sx="F,M,M,M"/><TAIKYOKU oya="0"/><INIT seed="0,0,0,0,5,34" ten="250,250,250,250" oya="0" hai0="99,13,9,18,106,4,60,37,129,21,42,120,77" hai1="124,8,130,56,2,59,14,89,46,70,29,1,68" hai2="12,121,36,95,5,16,79,35,6,53,80,62,65" hai3="105,23,112,87,43,78,51,134,108,74,33,55,26"/><T63/><D120/><U115/><E29/><V73/><F121/><W19/><G112/><T27/><D129/><U86/><E130/><V45/><F35/><W104/><G74/><T135/><D135/><U24/><E24/><V32/><F32/><W119/><G119/><T54/><D77/><U17/><E124/><V7/><F95/><W20/><G33/><T84/><D84/><U100/><E100/><V111/><F111/><W61/><G108/><T49/><D37/><U48/><E59/><V126/><F126/><W90/><G78/><T88/><D42/><U10/><E56/><V52/><F45/><W76/><G76/><T107/><D107/><U92/><E115/><V113/><F36/><W39/><G39/><T44/><D106/><U98/><E98/><V125/><F125/><W83/><G134/><T57/><D44/><U58/><E58/><V109/><F109/><W3/><G61/><T75/><D75/><U67/><E10/><V93/><F93/><AGARI ba="0,0" hai="4,9,13,18,21,27,49,54,57,60,63,88,93,99" machi="93" ten="40,3900,0" yaku="8,1,54,1" doraHai="34" who="0" fromWho="2" sc="250,39,250,0,250,-39,250,0" /><INIT seed="0,1,0,2,2,85" ten="289,250,211,250" oya="0" hai0="89,96,6,135,128,110,69,39,18,16,38,24,91" hai1="42,9,59,57,41,15,55,65,97,129,53,94,35" hai2="74,77,118,107,114,120,86,58,31,10,103,44,19" hai3="5,126,131,8,101,92,102,87,81,54,11,26,30"/><T75/><D75/><U84/><E35/><V50/><F114/><W25/><G131/><T99/><D69/><U51/><E84/><V1/><F120/><W124/><G54/><T116/><D116/><U0/><E65/><V7/><F74/><W79/><G11/><T80/><D80/><U48/><E0/><V70/><F70/><W23/><G26/><T27/><D6/><U108/><E108/><V56/><F31/><W119/><G119/><T37/><D135/><U13/><E129/><V46/><F46/><W60/><G60/><T40/><D40/><U93/><E9/><V29/><F29/><W67/><G67/><T63/><D63/><U111/><E111/><V121/><F121/><W83/><G83/><T127/><D127/><N who="3" m="48681" /><G92/><T122/><D122/><U106/><E106/><V90/><F77/><W98/><G98/><AGARI ba="1,0" hai="13,15,41,42,48,51,53,55,57,59,93,94,97,98" machi="98" ten="25,3200,0" yaku="22,2,8,1" doraHai="85" who="1" fromWho="3" sc="289,0,250,35,211,0,250,-35" /><INIT seed="1,0,0,4,4,48" ten="289,285,211,215" oya="1" hai0="55,97,133,53,13,95,9,68,121,5,12,74,1" hai1="20,61,124,110,94,26,106,44,65,59,92,3,113" hai2="114,89,103,107,77,29,80,47,50,15,33,36,82" hai3="18,98,100,105,25,8,58,122,88,38,134,6,116"/><U19/><E113/><V85/><F114/><W83/><G122/><T104/><D68/><U4/><E106/><V118/><F118/><W115/><G115/><T76/><D104/><U32/><E32/><V27/><F36/><W91/><G116/><T93/><D121/><U123/><E123/><V57/><F107/><W87/><G38/><T49/><D133/><U54/><E124/><V117/><F117/><W63/><G134/><T84/><D74/><U42/><E110/><V2/><F103/><W45/><G45/><T128/><D128/><U46/><E3/><V28/><F2/><W16/><G25/><T67/><D67/><U78/><E78/><V14/><F57/><W108/><G91/><N who="0" m="53479" /><D1/><U129/><E4/><V39/><F39/><W0/><REACH who="3" step="1"/><G108/><REACH who="3" ten="289,285,211,205" step="2"/><T127/><D127/><U125/><E125/><V96/><F29/><W101/><G101/><T43/><D76/><U112/><E112/><V120/><F120/><W52/><AGARI ba="0,1" hai="0,6,8,16,18,52,58,63,83,87,88,98,100,105" machi="52" ten="20,12000,2" yaku="1,1,0,1,7,1,52,1,54,3,53,0" doraHai="48" doraHaiUra="109" who="3" fromWho="3" sc="289,-30,285,-60,211,-30,205,130" /><INIT seed="2,0,0,4,0,80" ten="259,225,181,335" oya="2" hai0="17,134,84,41,54,67,131,135,43,4,26,56,33" hai1="15,8,34,14,122,133,22,20,60,30,114,118,0" hai2="92,94,112,31,35,83,86,96,62,91,97,85,32" hai3="13,23,73,21,125,98,36,7,104,40,90,74,57"/><V1/><F1/><W128/><G74/><T68/><D4/><N who="1" m="1031" /><E60/><V42/><F112/><W10/><G73/><T77/><D67/><U103/><E103/><V126/><F126/><W76/><G125/><T51/><D68/><U71/><E71/><V58/><F42/><W47/><G128/><T99/><D99/><U39/><E39/><V38/><F38/><W110/><G76/><T93/><D131/><U107/><E107/><V113/><F113/><W79/><G79/><T9/><D33/><U19/><E118/><V52/><F31/><W124/><G110/><T59/><D59/><U129/><E129/><V63/><F63/><W127/><G127/><T6/><D26/><N who="1" m="18775" /><E114/><V64/><F64/><W70/><G70/><T123/><D43/><U18/><E133/><V37/><F37/><W105/><G105/><T53/><D41/><U11/><E122/><V106/><F106/><W24/><G57/><T25/><D123/><U89/><E89/><N who="2" m="53295" /><F32/><W65/><G65/><T109/><D135/><U116/><E116/><V5/><F35/><W50/><G36/><T69/><D69/><U29/><E29/><V72/><F5/><W49/><G49/><T46/><D51/><U2/><E2/><V88/><F72/><W16/><G124/><T117/><D117/><U82/><E82/><V108/><F108/><W111/><G111/><T130/><D109/><U132/><E132/><V101/><F96/><W61/><G61/><T48/><D130/><U3/><E3/><V27/><F101/><N who="3" m="62519" /><G90/><T121/><D134/><U95/><E95/><V100/><F100/><W44/><G44/><RYUUKYOKU ba="0,0" sc="259,-30,225,10,181,10,335,10" hai1="11,14,15,18,19,20,22" hai2="27,52,58,62,83,86,88,91,94,97" hai3="7,10,13,16,21,23,24,40,47,50" /><INIT seed="2,1,0,1,5,68" ten="229,235,191,345" oya="2" hai0="109,113,105,20,96,77,55,99,62,61,132,44,115" hai1="73,85,56,63,84,38,43,49,102,107,27,8,98" hai2="31,131,95,14,5,92,72,45,15,90,12,88,114" hai3="16,28,135,58,127,52,119,80,7,117,3,2,83"/><V104/><F114/><W32/><G83/><T17/><D109/><U66/><E73/><V57/><F104/><W82/><G82/><T10/><D132/><U48/><E8/><V74/><F131/><W41/><G41/><T59/><D77/><U0/><E0/><V101/><F5/><W78/><G32/><T81/><D81/><U116/><E116/><V19/><F31/><W133/><G28/><T65/><D10/><U87/><REACH who="1" step="1"/><E27/><REACH who="1" ten="229,225,191,345" step="2"/><V22/><F72/><W94/><G119/><T40/><D115/><U4/><E4/><V103/><F74/><W36/><G117/><T118/><D113/><U9/><E9/><V100/><F57/><W89/><G2/><T54/><D118/><U97/><E97/><N who="2" m="57479" /><F45/><AGARI ba="1,1" hai="38,43,45,48,49,56,63,66,84,85,87,98,102,107" machi="45" ten="40,5200,0" yaku="1,1,52,1,53,1" doraHai="68" doraHaiUra="70" who="1" fromWho="2" sc="229,0,225,65,191,-55,345,0" /><INIT seed="3,0,0,0,2,62" ten="229,290,136,345" oya="3" hai0="70,37,130,131,97,25,29,96,8,12,15,16,99" hai1="79,41,65,0,38,20,134,105,117,104,74,89,82" hai2="2,133,71,43,22,119,91,42,28,14,23,126,80" hai3="27,1,113,24,106,58,46,9,110,45,68,21,57"/><W83/><G68/><T3/><D37/><U120/><E120/><V35/><F2/><W55/><G106/><T94/><D70/><U107/><E20/><V17/><F119/><W61/><G113/><T5/><D12/><U116/><E41/><V111/><F35/><W31/><G110/><T129/><D94/><U36/><E0/><V73/><F111/><W69/><G69/><T30/><REACH who="0" step="1"/><D25/><REACH who="0" ten="219,290,136,345" step="2"/><U95/><E36/><V4/><F71/><W135/><G1/><T54/><D54/><U50/><E38/><V78/><F14/><W33/><G135/><T51/><D51/><U115/><E50/><V56/><F133/><W63/><G9/><AGARI ba="0,1" hai="3,5,8,9,15,16,29,30,96,97,99,129,130,131" machi="9" ten="50,6400,0" yaku="1,1,19,1,54,1,53,0" doraHai="62" doraHaiUra="122" who="0" fromWho="3" sc="219,74,290,0,136,0,345,-64" /><INIT seed="4,0,0,3,4,0" ten="293,290,136,281" oya="0" hai0="115,22,135,23,35,50,95,94,116,62,37,64,122" hai1="82,21,86,79,44,12,125,25,98,24,9,109,117" hai2="93,104,4,101,128,134,74,8,84,118,119,1,19" hai3="28,7,47,83,103,13,20,75,73,59,72,55,3"/><T39/><D122/><U85/><E109/><V17/><F74/><W51/><G103/><T112/><D116/><N who="2" m="44586" /><F104/><W67/><G3/><T127/><D35/><U33/><E125/><V63/><F128/><W99/><G99/><T107/><D107/><U132/><E132/><V89/><F134/><W61/><G83/><T5/><D135/><U54/><E33/><V126/><F126/><W130/><G130/><T66/><D127/><U36/><E98/><N who="2" m="59599" /><F63/><W133/><G133/><T40/><D62/><U10/><E36/><V87/><F87/><W49/><G49/><T100/><D50/><N who="1" m="28999" /><E86/><V60/><F60/><W124/><G124/><T77/><D100/><U123/><E123/><V71/><F71/><W57/><G57/><T56/><D56/><U90/><E79/><V38/><F38/><W46/><G46/><T110/><D77/><U30/><E117/><V45/><F45/><W11/><REACH who="3" step="1"/><G72/><REACH who="3" ten="293,290,136,271" step="2"/><T58/><D58/><U113/><E82/><AGARI ba="0,1" hai="1,4,8,17,19,82,84,89" m="59599,44586" machi="82" ten="30,2000,0" yaku="12,1,52,1" doraHai="0" who="2" fromWho="1" sc="293,0,290,-20,136,30,271,0" /><INIT seed="5,0,0,0,5,47" ten="293,270,166,271" oya="1" hai0="122,95,35,11,15,105,131,14,2,28,115,102,91" hai1="104,107,8,54,86,87,59,68,111,62,109,134,77" hai2="85,96,9,0,32,36,53,64,3,74,7,52,114" hai3="125,117,120,17,22,119,18,106,76,12,82,39,100"/><U78/><E68/><V121/><F74/><W112/><G39/><T127/><D115/><U103/><E134/><V38/><F121/><W23/><G120/><T89/><D127/><U63/><E8/><V10/><F32/><W60/><G112/><T70/><D70/><U19/><E19/><V51/><F114/><W27/><G125/><T46/><D131/><U16/><E16/><V45/><F64/><W25/><G60/><T65/><D65/><U130/><E59/><V99/><F85/><W94/><G106/><T1/><D15/><U93/><E54/><V50/><F45/><W43/><G12/><T72/><D28/><U101/><REACH who="1" step="1"/><E93/><REACH who="1" ten="293,260,166,271" step="2"/><V67/><F67/><W33/><G117/><T83/><D95/><U31/><E31/><V34/><F34/><W132/><G33/><T128/><D35/><U41/><E41/><V71/><F71/><W40/><G119/><T129/><D14/><U123/><E123/><V126/><F126/><W113/><G132/><T66/><D66/><U6/><E6/><AGARI ba="0,1" hai="0,3,6,7,9,10,36,38,50,51,52,53,96,99" machi="6" ten="25,8000,1" yaku="22,2,52,2,54,1" doraHai="47" who="2" fromWho="1" sc="293,0,260,-80,166,90,271,0" /><INIT seed="6,0,0,5,0,86" ten="293,180,256,271" oya="2" hai0="96,18,85,116,134,28,19,46,102,122,84,67,10" hai1="63,42,59,25,37,76,44,45,1,94,23,110,119" hai2="106,15,103,2,104,95,79,49,71,35,57,7,41" hai3="83,51,52,6,34,125,120,27,40,17,29,121,90"/><V109/><F71/><W92/><G125/><T82/><D122/><U66/><E110/><V124/><F2/><W3/><G40/><T47/><D85/><U32/><E119/><V56/><F35/><W130/><G130/><T97/><D134/><U16/><E1/><V107/><F124/><W98/><G83/><T30/><D67/><U105/><E105/><V70/><F70/><W55/><G55/><T78/><D97/><U132/><E132/><V26/><F79/><W33/><G33/><T91/><D78/><U11/><E32/><V5/><F26/><W129/><G129/><T88/><D102/><U108/><E108/><V53/><F109/><W65/><G65/><T9/><D9/><U22/><E76/><V87/><F41/><W54/><G54/><T60/><D60/><U39/><E11/><V75/><F75/><W127/><G127/><T4/><D4/><U118/><E118/><V43/><F43/><W80/><G80/><T38/><D38/><U13/><E94/><V20/><F57/><W0/><G0/><T8/><D8/><U36/><REACH who="1" step="1"/><E44/><REACH who="1" ten="293,170,256,271" step="2"/><N who="0" m="16937" /><D10/><U24/><E24/><V81/><F81/><W69/><G3/><T101/><D116/><U112/><E112/><V111/><F111/><W93/><G6/><T21/><D21/><U31/><AGARI ba="0,1" hai="13,16,22,23,25,31,36,37,39,42,45,59,63,66" machi="31" ten="20,5200,0" yaku="1,1,0,1,7,1,54,1,53,0" doraHai="86" doraHaiUra="99" who="1" fromWho="1" sc="293,-13,170,62,256,-26,271,-13" /><INIT seed="7,0,0,4,1,0" ten="280,232,230,258" oya="3" hai0="13,124,46,26,65,112,3,5,135,25,6,98,2" hai1="18,7,118,88,90,74,64,115,29,105,53,27,40" hai2="81,42,63,43,111,95,72,116,35,19,38,54,130" hai3="37,125,30,12,126,24,10,110,32,134,15,56,117"/><W16/><G37/><T11/><D65/><U41/><E105/><V45/><F111/><W85/><G117/><T55/><D124/><N who="3" m="47721" /><G134/><T20/><D135/><U60/><E74/><V121/><F35/><W107/><G107/><T9/><D112/><U132/><E132/><V131/><F116/><W71/><G71/><T52/><D98/><U59/><E118/><V113/><F43/><N who="1" m="16457" /><E29/><V109/><F109/><W68/><G68/><T103/><D103/><U39/><E39/><V33/><F33/><W120/><G120/><T82/><D82/><U129/><E129/><N who="2" m="49163" /><F113/><W93/><G56/><T57/><D13/><U86/><E115/><V23/><F121/><W79/><G110/><T61/><D20/><N who="1" m="13719" /><E64/><V102/><F72/><W133/><G133/><T28/><D28/><U97/><E97/><N who="2" m="59711" /><F81/><N who="3" m="47295" /><G93/><T1/><D1/><U89/><E86/><V106/><F106/><W101/><G101/><T87/><D87/><U31/><E31/><V75/><F75/><W96/><G96/><T67/><D67/><U91/><E90/><V127/><F127/><W104/><G104/><T83/><D83/><U66/><E66/><V70/><F70/><W48/><G15/><T73/><D73/><U21/><E91/><V122/><F122/><W44/><G44/><T77/><D77/><U100/><E100/><V22/><F19/><W123/><G123/><T51/><AGARI ba="0,0" hai="2,3,5,6,9,11,25,26,46,51,52,55,57,61" machi="51" ten="30,8000,1" yaku="0,1,9,1,52,2,54,1" doraHai="0" who="0" fromWho="0" sc="280,80,232,-20,230,-20,258,-40" owari="360,46.0,212,-19.0,210,-29.0,218,2.0" /></mjloggm>