<mjloggm ver="2.3"><GO type="169" lobby="0"/><UN n0="%E3%81%86%E3%81%A3%E3%81%8B%E3%82%8A" n1="%E3%82%B7%E3%83%A3%E3%82%AD%E3%82%AA%E3%83%8B" n2="%E5%B1%B1%E6%9C%AC%E6%83%A3%E4%B8%80%E6%9C%97" n3="%E3%83%A1%E3%82%BF%E3%83%AB%E3%81%AF%E3%81%BE%E3%81%A3%E3%81%A1%E2%98%86" dan="16,17,17,17" rate="2075.58,2145.79,2139.33,2172.39" sx="M,M,M,M"/><TAIKYOKU oya="0"/><INIT seed="0,0,0,1,3,29" ten="250,250,250,250" oya="0" hai0="76,135,36,35,82,99,101,134,48,107,129,117,132" hai1="31,126,71,89,17,40,1,5,116,62,128,78,34" hai2="12,45,42,96,0,111,85,91,21,7,92,57,73" hai3="70,120,65,32,41,46,125,61,33,38,115,19,123"/><T66/><D36/><U87/><E116/><V22/><F111/><W55/><G115/><T58/><D117/><U131/><E40/><V59/><F73/><W114/><G114/><T27/><D129/><U52/><E78/><V119/><F119/><W9/><G125/><T68/><D68/><U67/><E126/><V74/><F74/><W95/><G95/><T56/><D66/><U53/><E17/><V98/><F0/><W79/><G79/><T4/><D4/><U121/><E5/><V60/><F98/><W122/><G55/><T77/><D48/><U47/><E1/><V81/><F7/><W84/><G84/><T110/><D110/><U97/><E97/><V14/><F14/><AGARI ba="0,0" hai="9,14,19,32,33,38,41,46,61,65,70,120,122,123" machi="14" ten="40,5200,0" yaku="13,1,52,2" doraHai="29" who="3" fromWho="2" sc="250,0,250,0,250,-52,250,52" /><INIT seed="1,0,0,3,4,79" ten="250,250,198,302" oya="1" hai0="55,101,59,78,94,107,36,115,1,133,16,127,73" hai1="32,50,121,77,129,61,43,2,131,57,62,15,18" hai2="6,27,105,24,23,110,75,120,12,29,111,22,92" hai3="106,9,38,30,82,53,88,125,64,76,33,108,116"/><U90/><E121/><V4/><F105/><W3/><G106/><T46/><D115/><U103/><E32/><V7/><F75/><W83/><G38/><T93/><D1/><U44/><E2/><V117/><F92/><W97/><G64/><T134/><D127/><U21/><E103/><V56/><F56/><W28/><G53/><T26/><D101/><U114/><E114/><V41/><F41/><W99/><G33/><T31/><D46/><U122/><E122/><V132/><F120/><W72/><G3/><T89/><D36/><U104/><E104/><V49/><F49/><W45/><G9/><T67/><D67/><U65/><E77/><V123/><F123/><W98/><G45/><T81/><D107/><U85/><REACH who="1" step="1"/><E62/><REACH who="1" ten="250,240,198,302" step="2"/><V63/><F63/><W128/><G125/><T66/><D78/><U100/><E100/><V11/><F117/><W58/><G116/><T118/><D89/><U54/><E54/><V20/><F132/><W130/><G108/><T19/><D55/><U112/><E112/><V91/><F91/><W96/><N who="3" m="24576" /><DORA hai="87" /><W86/><REACH who="3" step="1"/><G58/><REACH who="3" ten="250,240,198,292" step="2"/><T113/><D59/><U39/><E39/><V95/><F111/><W74/><G74/><T37/><D73/><U35/><E35/><V10/><F110/><W52/><G52/><T0/><D37/><U71/><E71/><V40/><F40/><W47/><G47/><T70/><D70/><U124/><E124/><V34/><F34/><W51/><G51/><T5/><D0/><U135/><E135/><V8/><F11/><W84/><G84/><T48/><D118/><U60/><E60/><RYUUKYOKU ba="0,2" sc="250,-15,240,15,198,-15,292,15" hai1="15,18,21,43,44,50,57,61,65,85,90,129,131" hai3="28,30,72,76,82,83,86,88,128,130" /><INIT seed="1,1,2,3,1,132" ten="235,255,183,307" oya="1" hai0="101,116,2,74,96,69,113,41,1,102,72,108,70" hai1="124,5,84,83,37,53,0,64,123,73,131,16,63" hai2="85,65,21,40,42,19,82,22,99,89,104,111,44" hai3="36,98,75,58,135,114,110,12,4,32,134,48,105"/><U79/><E123/><V59/><F111/><W15/><G114/><T31/><D113/><U120/><E120/><V11/><F104/><W125/><G36/><T112/><D112/><U133/><E133/><N who="3" m="50698" /><G110/><T23/><D108/><U34/><E34/><V129/><F129/><W93/><G75/><T122/><D41/><U81/><E131/><V9/><F99/><W28/><G105/><T57/><D57/><U109/><E37/><V20/><F19/><W61/><G48/><T29/><D96/><U87/><E109/><V130/><F130/><W97/><G4/><T103/><D23/><U95/><E53/><V60/><REACH who="2" step="1"/><F42/><REACH who="2" ten="235,255,173,307" step="2"/><W18/><G18/><T49/><D122/><U33/><E16/><V25/><F25/><N who="3" m="18447" /><G98/><T115/><D115/><U6/><E6/><V7/><F7/><W80/><G97/><T119/><D101/><U71/><E5/><V46/><F46/><W30/><G30/><T76/><D49/><AGARI ba="1,3" hai="9,11,20,21,22,40,44,49,59,60,65,82,85,89" machi="49" ten="40,2600,0" yaku="1,1,8,1,53,0" doraHai="132" doraHaiUra="126" who="2" fromWho="0" sc="235,-29,255,0,173,59,307,0" /><INIT seed="2,0,0,0,3,119" ten="206,255,232,307" oya="2" hai0="62,88,115,23,53,56,112,61,80,127,87,75,3" hai1="91,11,113,60,93,57,8,107,77,126,83,14,58" hai2="7,42,110,29,116,21,114,37,25,128,44,84,98" hai3="31,135,124,27,24,33,28,122,105,1,20,17,26"/><V120/><F114/><W55/><G105/><T65/><D3/><U45/><E107/><V71/><F116/><W48/><G124/><T63/><D127/><U13/><E126/><V16/><F128/><W5/><G135/><T59/><D75/><U68/><E68/><V2/><F71/><W106/><G106/><T132/><D132/><U36/><E36/><V43/><F43/><W101/><G101/><T66/><D23/><U19/><E45/><V32/><F110/><W70/><G70/><AGARI ba="0,0" hai="53,56,59,61,62,63,65,66,70,80,87,88,112,115" machi="70" ten="30,2000,0" yaku="7,1,54,1" doraHai="119" who="0" fromWho="3" sc="206,20,255,0,232,0,307,-20" /><INIT seed="3,0,0,2,1,24" ten="226,255,232,287" oya="3" hai0="29,87,124,51,8,89,59,107,32,27,106,97,86" hai1="13,79,25,125,28,91,112,17,111,71,1,120,72" hai2="26,126,129,93,130,31,74,14,118,131,60,65,122" hai3="41,84,132,58,69,3,11,121,75,5,73,82,44"/><W23/><G121/><T117/><D117/><U0/><E71/><V83/><F118/><W47/><G69/><T30/><D124/><U6/><E79/><V33/><F122/><W108/><G132/><T128/><D128/><U40/><E40/><V135/><F126/><W37/><G108/><T66/><D97/><U36/><E72/><V115/><F115/><W99/><G58/><T9/><D87/><U43/><E43/><V55/><F55/><W49/><G99/><T116/><D116/><U90/><E36/><V48/><F48/><W133/><G133/><T134/><D134/><U35/><E120/><V113/><F113/><W42/><REACH who="3" step="1"/><G23/><REACH who="3" ten="226,255,232,277" step="2"/><T15/><D106/><U67/><E111/><V20/><F135/><W2/><G2/><T123/><D107/><U54/><E0/><V62/><F20/><W88/><AGARI ba="0,1" hai="3,5,11,37,41,42,44,47,49,73,75,82,84,88" machi="88" ten="20,12000,1" yaku="1,1,0,1,7,1,54,1,53,1" doraHai="24" doraHaiUra="77" who="3" fromWho="3" sc="226,-40,255,-40,232,-40,277,130" /><INIT seed="3,1,0,4,1,96" ten="186,215,192,407" oya="3" hai0="132,83,56,119,43,86,129,89,88,77,76,118,41" hai1="60,62,20,0,126,19,74,34,71,107,27,67,114" hai2="44,40,64,22,120,112,85,4,110,108,39,21,2" hai3="38,135,30,81,78,127,130,100,35,109,82,121,46"/><W32/><G121/><T92/><D56/><U13/><E114/><V111/><F112/><W58/><G127/><T128/><D43/><U26/><E74/><V12/><F120/><W115/><G115/><T68/><D41/><U70/><E126/><V15/><F64/><W57/><G30/><T18/><D68/><U5/><E107/><V101/><F101/><W11/><G46/><T52/><D52/><U9/><E34/><V95/><F2/><W97/><G38/><T42/><D42/><U84/><E84/><V53/><F53/><W55/><G58/><T116/><D18/><U63/><E60/><V48/><F39/><W133/><G130/><N who="0" m="50283" /><D132/><N who="3" m="50761" /><G11/><T72/><D72/><U47/><E47/><V45/><F44/><W28/><G28/><T103/><D103/><U3/><E3/><V49/><F49/><N who="3" m="30959" /><G109/><T134/><D134/><U65/><AGARI ba="1,0" hai="0,5,9,13,19,20,26,27,62,63,65,67,70,71" machi="65" ten="30,2000,0" yaku="0,1,9,1" doraHai="96" who="1" fromWho="1" sc="186,-6,215,23,192,-6,407,-11" /><INIT seed="4,0,0,4,4,80" ten="180,238,186,396" oya="0" hai0="85,90,105,58,120,111,91,45,43,113,92,20,36" hai1="124,108,30,133,5,33,17,86,110,12,57,61,38" hai2="60,7,76,95,130,88,14,50,107,66,89,115,11" hai3="67,132,131,101,6,114,24,44,26,54,81,128,109"/><T3/><D113/><U28/><E38/><V102/><F130/><N who="3" m="49707" /><G109/><T4/><D111/><U53/><E124/><V123/><F115/><W97/><G114/><T75/><D75/><U69/><E133/><V87/><F123/><W22/><G132/><T46/><D105/><U41/><E41/><V112/><F112/><W100/><G67/><T21/><D120/><U104/><E104/><V99/><F50/><N who="3" m="28999" /><G6/><T9/><D46/><U1/><E69/><V49/><F49/><W48/><G48/><T18/><D58/><U74/><E5/><V83/><REACH who="2" step="1"/><F107/><REACH who="2" ten="180,238,176,396" step="2"/><N who="3" m="63887" /><G101/><T135/><D135/><U121/><E110/><V134/><F134/><W127/><G127/><T37/><D36/><U15/><E108/><V8/><F8/><W72/><G22/><T68/><D68/><AGARI ba="0,1" hai="7,11,14,60,66,68,76,83,87,88,89,95,99,102" machi="68" ten="30,7700,0" yaku="1,1,7,1,52,1,54,1,53,0" doraHai="80" doraHaiUra="51" who="2" fromWho="0" sc="180,-77,238,0,176,87,396,0" /><INIT seed="5,0,0,1,4,60" ten="103,238,263,396" oya="1" hai0="9,82,132,131,18,112,92,13,87,15,114,36,40" hai1="110,85,51,117,25,74,45,0,35,77,11,71,94" hai2="47,4,126,58,29,54,122,32,55,105,76,69,103" hai3="127,93,130,83,50,118,48,68,80,26,52,43,5"/><U14/><E117/><V57/><F122/><W16/><G118/><T30/><D132/><U7/><E71/><V90/><F4/><W44/><G130/><T97/><D131/><U111/><E74/><V46/><F126/><W115/><G127/><T98/><D30/><U61/><E0/><V34/><F69/><W3/><G115/><T72/><D72/><U22/><E35/><V6/><F6/><W116/><G116/><T119/><D119/><U128/><E128/><V64/><F76/><W95/><G68/><T104/><D104/><U28/><E61/><V91/><F105/><W24/><G5/><T1/><D1/><U70/><E70/><V8/><F8/><W124/><G26/><T129/><D129/><U65/><E65/><V59/><F103/><W102/><G102/><T23/><D40/><N who="1" m="24999" /><E94/><N who="3" m="35850" /><G3/><T21/><D36/><U17/><E28/><V20/><F64/><W78/><G78/><T79/><D92/><U133/><E133/><V27/><F34/><W63/><G63/><T56/><D23/><U86/><E86/><V12/><F32/><W81/><G124/><T109/><D114/><U120/><E120/><V33/><F33/><W31/><G31/><T106/><D106/><U134/><E134/><V41/><F12/><W39/><G39/><T67/><D112/><U88/><E88/><N who="2" m="33835" /><F41/><W123/><G123/><T38/><D38/><U10/><E10/><V42/><F42/><W99/><G99/><T37/><D37/><U84/><E84/><V107/><F107/><W66/><G43/><T49/><D98/><U75/><E75/><V73/><F73/><RYUUKYOKU ba="0,0" sc="103,-15,238,15,263,15,396,-15" hai1="7,11,14,17,22,25,77,85,110,111" hai2="20,27,29,46,47,54,55,57,58,59" /><INIT seed="5,1,0,4,4,89" ten="88,253,278,381" oya="1" hai0="20,81,71,91,15,82,59,48,41,2,85,80,52" hai1="100,102,110,58,88,120,44,38,51,36,1,27,122" hai2="8,117,49,42,77,43,65,16,45,0,33,103,111" hai3="70,107,131,24,32,19,10,98,104,66,94,53,29"/><U25/><E1/><V75/><F117/><W31/><G131/><T3/><D71/><U18/><E36/><V63/><F111/><W55/><G31/><T123/><D41/><N who="1" m="24975" /><E38/><V9/><F33/><W30/><G30/><T125/><D125/><U4/><E4/><V79/><F103/><N who="1" m="39465" /><E110/><V50/><F75/><W21/><G10/><T62/><D123/><U28/><E28/><V40/><F0/><W74/><G74/><T86/><D62/><U119/><E119/><V130/><F130/><W54/><G66/><T114/><D114/><U7/><E7/><V73/><F73/><W97/><G70/><T87/><REACH who="0" step="1"/><D91/><REACH who="0" ten="78,253,278,381" step="2"/><U112/><E112/><V61/><F61/><W72/><G107/><T133/><D133/><U105/><E105/><V64/><F63/><W47/><G104/><T128/><D128/><U99/><E122/><V84/><F65/><W39/><G55/><T135/><D135/><U132/><E132/><V78/><F64/><W17/><G54/><T6/><D6/><U118/><E118/><V26/><F42/><W67/><G53/><T108/><D108/><U124/><E124/><V13/><F43/><W127/><G67/><T37/><D37/><U109/><E109/><V35/><F50/><W95/><G127/><T11/><D11/><U5/><E5/><V115/><F115/><W34/><G39/><T83/><N who="0" m="20480" /><DORA hai="69" /><T92/><D92/><U129/><E120/><V121/><F121/><W14/><G72/><T106/><D106/><U134/><E129/><V126/><F126/><W60/><G60/><T96/><D96/><U116/><E99/><RYUUKYOKU ba="1,1" sc="78,30,253,-10,278,-10,381,-10" hai0="2,3,15,20,48,52,59,85,86,87" /><INIT seed="6,2,1,5,0,25" ten="108,243,268,371" oya="2" hai0="98,2,69,40,65,125,71,83,3,132,33,42,126" hai1="89,38,72,79,14,24,59,55,16,120,29,49,103" hai2="82,100,133,128,63,57,26,60,91,110,130,127,94" hai3="10,32,66,52,134,5,118,20,9,28,78,64,99"/><V117/><F117/><W36/><G118/><T48/><D98/><U4/><E38/><V43/><F43/><W124/><G36/><T39/><D39/><U75/><E79/><V23/><F110/><W46/><G32/><T87/><D48/><U88/><E4/><V68/><F68/><W37/><G10/><T0/><D33/><U8/><E120/><V6/><F6/><W96/><G78/><T80/><D87/><U129/><E129/><N who="2" m="49771" /><F133/><W101/><G99/><T135/><D3/><U77/><E103/><V54/><F127/><W76/><G76/><T119/><REACH who="0" step="1"/><D65/><REACH who="0" ten="98,243,268,371" step="2"/><U131/><E131/><V35/><F35/><W18/><G64/><T19/><D19/><U104/><E72/><V93/><F63/><W56/><G66/><T92/><D92/><U85/><E75/><V106/><F94/><W34/><G18/><T1/><D1/><U95/><E95/><V74/><F74/><W45/><G96/><T102/><D102/><U97/><E97/><V121/><F100/><W84/><G84/><T27/><D27/><U53/><E85/><V114/><F26/><W122/><G101/><T30/><D30/><U41/><E24/><V113/><F60/><W70/><G28/><T15/><D15/><U86/><E29/><V90/><F93/><W109/><G37/><T11/><D11/><U62/><E86/><V111/><F111/><W12/><G9/><T47/><D47/><U13/><E13/><V123/><F123/><W50/><G12/><T105/><D105/><U7/><E104/><V115/><F115/><W21/><G122/><T112/><D112/><RYUUKYOKU ba="2,2" sc="98,30,243,-10,268,-10,371,-10" hai0="0,2,40,42,69,71,80,83,119,125,126,132,135" /><INIT seed="7,3,2,3,1,108" ten="128,233,258,361" oya="3" hai0="37,87,36,97,98,43,85,12,106,76,89,70,122" hai1="0,53,4,125,51,56,107,81,114,123,92,74,29" hai2="65,3,96,61,1,63,120,18,7,48,128,26,109" hai3="11,34,104,132,75,15,27,124,31,60,59,33,117"/><W2/><G117/><T8/><D70/><U133/><E123/><V131/><F109/><W19/><G75/><T5/><D122/><U54/><E107/><V119/><F48/><W47/><G104/><T79/><D106/><U46/><E29/><V25/><F119/><W115/><G34/><T72/><D72/><U110/><E110/><V42/><F42/><W126/><G132/><T94/><D37/><U6/><E133/><V99/><F120/><W73/><G73/><T38/><D38/><U127/><E114/><V129/><F7/><N who="3" m="1527" /><G115/><T135/><D135/><U118/><E0/><V84/><F84/><W28/><G47/><T14/><D36/><U111/><E111/><V20/><F26/><N who="3" m="18583" /><G59/><T45/><D14/><U44/><E118/><V9/><F9/><N who="3" m="6639" /><G60/><N who="2" m="23113" /><F65/><W67/><G67/><T41/><D41/><U93/><E74/><V66/><F66/><W50/><G50/><T55/><D55/><U130/><E51/><V62/><F62/><W21/><AGARI ba="3,2" hai="21,27,31,124,126" m="6639,18583,1527" machi="21" ten="30,3000,0" yaku="34,2" doraHai="108" who="3" fromWho="3" sc="128,-13,233,-13,258,-13,361,59" owari="115,-38.0,220,-18.0,245,5.0,420,51.0" /></mjloggm>