<mjloggm ver="2.3"><GO type="169" lobby="0"/><UN n0="%67%2D%65%6E%6B%69" n1="%E3%81%86%E3%81%91%E3%81%AA%E3%81%8C%E3%81%97%E3%81%BE%E3%81%9B%E3%82%93" n2="%E7%A8%B2%E5%A6%BB%E3%81%A1%E3%82%83%E3%81%A3%E3%81%B4%E3%83%BC" n3="%E3%81%86%E3%81%95%E3%81%8E%E3%83%95%E3%82%A1%E3%83%B3%E3%82%B7%E3%83%BC" dan="17,16,16,16" rate="2204.84,2112.61,2107.20,2148.70" sx="M,F,M,M"/><TAIKYOKU oya="0"/><INIT seed="0,0,0,1,0,82" ten="250,250,250,250" oya="0" hai0="64,117,114,42,17,1,119,67,125,45,62,6,27" hai1="75,122,78,34,94,12,74,38,69,86,103,113,23" hai2="29,15,54,109,46,128,10,106,66,20,129,133,118" hai3="68,36,43,8,81,47,14,61,104,71,22,5,33"/><T0/><D114/><U91/><E122/><V70/><F106/><W32/><G104/><T39/><D125/><U111/><E34/><V25/><F109/><W3/><G61/><T126/><D126/><U115/><E69/><V97/><F133/><W41/><G41/><T55/><D55/><U49/><E38/><V130/><F118/><W83/><G71/><T135/><D67/><U72/><E111/><V108/><F108/><W93/><G68/><T9/><D0/><U4/><E103/><V123/><F123/><W105/><G105/><T90/><D90/><U13/><E78/><V116/><F116/><W28/><G93/><T35/><D135/><U60/><E60/><V131/><F97/><W57/><G57/><T2/><D2/><U48/><E23/><V37/><F70/><W73/><G83/><T26/><D26/><U110/><E110/><V132/><F66/><W89/><G89/><T120/><D120/><U31/><E31/><V77/><F77/><N who="3" m="44207" /><G28/><T102/><D102/><U107/><E107/><V51/><F132/><W40/><G40/><T121/><D121/><U63/><E63/><V92/><F92/><W58/><G58/><N who="0" m="36951" /><D17/><AGARI ba="0,0" hai="3,5,8,14,17,22,32,33,36,43,47" m="44207" machi="17" ten="30,1000,0" yaku="25,1" doraHai="82" who="3" fromWho="0" sc="250,-10,250,0,250,0,250,10" /><INIT seed="1,0,0,1,0,76" ten="240,250,250,260" oya="1" hai0="123,71,114,53,126,77,8,89,127,66,15,19,108" hai1="113,106,128,90,62,94,26,102,122,96,68,132,116" hai2="75,92,24,44,31,133,56,46,35,97,67,120,34" hai3="81,115,4,119,110,32,14,6,23,52,135,55,29"/><U104/><E122/><V49/><F133/><W22/><G115/><T57/><D114/><U48/><E113/><V9/><F120/><W84/><G135/><T16/><D123/><U60/><E132/><V69/><F75/><W82/><G110/><T12/><D108/><U39/><E39/><V131/><F131/><W54/><G119/><T63/><D89/><U38/><E38/><V30/><F69/><W33/><G29/><T20/><REACH who="0" step="1"/><D77/><REACH who="0" ten="230,250,250,260" step="2"/><U93/><E128/><V40/><F35/><W109/><G109/><T58/><D58/><U0/><E116/><V51/><F56/><W124/><G124/><T18/><D18/><U17/><E68/><V107/><F31/><W117/><G117/><T25/><D25/><U100/><E17/><V105/><F34/><N who="3" m="13419" /><G14/><T85/><D85/><U73/><E26/><V70/><F24/><W65/><G84/><T11/><D11/><U130/><E130/><V79/><F30/><W13/><G13/><T45/><D45/><U98/><E90/><V59/><F79/><W125/><G125/><T21/><D21/><N who="3" m="7689" /><G65/><T129/><D129/><U27/><E27/><V101/><F9/><W2/><G2/><T64/><D64/><U83/><E0/><V118/><F118/><W99/><G99/><T10/><D10/><U86/><E86/><V95/><F70/><W1/><G1/><T78/><D78/><U121/><E121/><V41/><F67/><W103/><G103/><T87/><D87/><U80/><E73/><V50/><F59/><W72/><G72/><T111/><D111/><U74/><E74/><V134/><F134/><RYUUKYOKU ba="0,1" sc="230,10,250,10,250,-30,260,10" hai0="8,12,15,16,19,20,53,57,63,66,71,126,127" hai1="48,60,62,80,83,93,94,96,98,100,102,104,106" hai3="4,6,52,54,55,81,82" /><INIT seed="1,1,1,3,1,88" ten="240,260,220,270" oya="1" hai0="53,67,83,26,19,17,69,113,24,30,3,66,134" hai1="84,0,96,130,131,91,119,72,75,70,31,22,89" hai2="107,135,8,52,80,100,129,54,37,43,44,121,64" hai3="90,118,111,35,7,94,34,77,33,114,42,78,12"/><U46/><E0/><V32/><F121/><W65/><G114/><T115/><D3/><U57/><E70/><V104/><F32/><W2/><G111/><T21/><D83/><U1/><E1/><V122/><F122/><W71/><G2/><T25/><D134/><U29/><E119/><V117/><F117/><W36/><G118/><T68/><D53/><U76/><E57/><V51/><F135/><W41/><G71/><T132/><D132/><U50/><E96/><V11/><F64/><W93/><G65/><T38/><D26/><U40/><E91/><V97/><F107/><W10/><G94/><T56/><D21/><U108/><E108/><V39/><F129/><N who="1" m="49161" /><E76/><V45/><F39/><W18/><G7/><T99/><D56/><U62/><E62/><V116/><F116/><W16/><G18/><T110/><D99/><U59/><E59/><V28/><F28/><N who="1" m="10825" /><E22/><V81/><F54/><W120/><G120/><T123/><D38/><U112/><E112/><V15/><REACH who="2" step="1"/><F8/><REACH who="2" ten="240,260,210,270" step="2"/><W125/><G36/><T127/><D123/><U49/><E49/><V124/><F124/><W79/><REACH who="3" step="1"/><G125/><REACH who="3" ten="240,260,210,260" step="2"/><T5/><D127/><U58/><E58/><V126/><F126/><W133/><G133/><T47/><D110/><U9/><E9/><V48/><F48/><W55/><G55/><T63/><D113/><U23/><E23/><V87/><F87/><AGARI ba="1,3" hai="10,12,16,33,34,35,41,42,77,78,79,87,90,93" machi="87" ten="50,12000,2" yaku="1,1,52,1,54,1,53,3" doraHai="88" doraHaiUra="74" who="3" fromWho="2" sc="240,0,260,0,210,-123,260,153" /><INIT seed="2,0,0,0,1,121" ten="240,260,87,413" oya="2" hai0="75,77,64,4,117,113,20,33,129,88,39,41,78" hai1="2,15,7,23,90,108,123,125,24,130,62,60,84" hai2="34,55,10,74,112,54,105,18,38,66,65,127,9" hai3="12,22,45,99,79,82,89,106,124,36,132,72,101"/><V85/><F74/><W81/><G132/><T103/><D33/><U93/><E123/><V27/><F112/><W97/><G124/><T126/><D103/><U107/><E125/><V35/><F127/><W14/><G22/><T135/><D126/><U134/><E134/><V115/><F115/><W102/><G89/><T30/><D75/><U91/><E107/><V98/><F38/><W128/><G128/><T111/><D113/><U6/><E130/><V44/><F85/><W53/><G82/><T73/><D73/><U31/><E2/><V109/><F44/><W80/><G80/><T42/><D64/><U131/><E131/><V17/><F27/><W104/><REACH who="3" step="1"/><G53/><REACH who="3" ten="240,260,87,403" step="2"/><T19/><D129/><U110/><E91/><V69/><F69/><W114/><G114/><T11/><D20/><U122/><E122/><V16/><F98/><W48/><G48/><T46/><D88/><U37/><E37/><V5/><F18/><W58/><G58/><T119/><D19/><U63/><REACH who="1" step="1"/><E15/><REACH who="1" ten="240,250,87,403" step="2"/><V28/><F5/><AGARI ba="0,2" hai="5,6,7,23,24,31,60,62,63,84,90,93,108,110" machi="5" ten="40,8000,1" yaku="1,1,2,1,52,2,53,1" doraHai="121" doraHaiUra="26" who="1" fromWho="2" sc="240,0,250,100,87,-80,403,0" /><INIT seed="3,0,0,4,2,61" ten="240,350,7,403" oya="3" hai0="66,31,123,96,114,112,67,56,51,133,69,32,19" hai1="5,135,71,10,27,77,84,107,72,65,13,43,124" hai2="93,113,81,9,1,130,94,80,106,128,118,53,18" hai3="0,47,134,90,82,64,125,14,22,122,11,92,26"/><W30/><G122/><T109/><D69/><U46/><E124/><V70/><F113/><N who="0" m="43626" /><D123/><U108/><E108/><V55/><F118/><W126/><G134/><T101/><D32/><U35/><E107/><V49/><F106/><W52/><G0/><T120/><D31/><U50/><E135/><V75/><F70/><W86/><G92/><N who="2" m="35433" /><F75/><W95/><G95/><N who="0" m="58527" /><D120/><U63/><E72/><V115/><F115/><W20/><G20/><T119/><D133/><U111/><E111/><V78/><F78/><W121/><G121/><T16/><D109/><U59/><E71/><V131/><F53/><W99/><G99/><T100/><D100/><U116/><E35/><V36/><F36/><W33/><G33/><T117/><D51/><U110/><E110/><V23/><F9/><W38/><G38/><T34/><D56/><U132/><E132/><V21/><F1/><W17/><G64/><N who="0" m="24619" /><D34/><U25/><E116/><AGARI ba="0,0" hai="16,19,116,117,119" m="24619,58527,43626" machi="116" ten="30,8000,1" yaku="11,1,52,3,54,1" doraHai="61" who="0" fromWho="1" sc="240,80,350,-80,7,0,403,0" /><INIT seed="4,0,0,4,0,8" ten="320,270,7,403" oya="0" hai0="106,104,125,2,68,71,85,79,120,17,7,134,1" hai1="119,33,89,90,92,72,74,26,34,43,77,14,75" hai2="99,44,129,124,86,69,98,27,18,38,82,64,97" hai3="111,56,32,135,30,94,84,109,132,57,65,81,60"/><T22/><D120/><U83/><E119/><V96/><N who="2" m="24576" /><DORA hai="105" /><V6/><F6/><W54/><G94/><T95/><D125/><U36/><E36/><V41/><F69/><W29/><G29/><T52/><D134/><N who="3" m="51241" /><G30/><T67/><D67/><U15/><E43/><V133/><F64/><W66/><G32/><T107/><D52/><U73/><E34/><V3/><F3/><W113/><G113/><T62/><D62/><U108/><E108/><N who="3" m="41546" /><G57/><T87/><D107/><U59/><E33/><V102/><F133/><W103/><G103/><T45/><D22/><U5/><E26/><V35/><F102/><W128/><G128/><T63/><D95/><U9/><E92/><V55/><F129/><W53/><G53/><T130/><D130/><U46/><E46/><V101/><F101/><W39/><G39/><T91/><D45/><U12/><REACH who="1" step="1"/><E59/><REACH who="1" ten="320,260,7,403" step="2"/><V80/><F124/><W50/><G56/><T126/><D126/><U78/><E78/><V20/><F35/><W37/><G37/><T0/><D79/><U61/><E61/><V131/><F131/><W13/><G60/><T10/><D63/><U28/><E28/><V48/><F86/><W4/><G84/><N who="0" m="32331" /><D71/><U76/><E76/><V112/><F112/><W88/><G66/><T16/><D68/><U42/><E42/><V47/><AGARI ba="0,1" hai="18,20,27,38,41,44,47,48,55,80,82" m="24576" machi="47" ten="40,1500,0" yaku="0,1" doraHai="8,105" who="2" fromWho="2" sc="320,-7,260,-4,7,25,403,-4" /><INIT seed="5,0,0,2,5,92" ten="313,256,32,399" oya="1" hai0="118,37,93,70,31,46,116,8,81,68,79,114,10" hai1="87,0,135,17,110,105,133,44,95,49,4,115,132" hai2="83,36,102,75,69,32,43,22,38,12,107,47,16" hai3="57,30,125,127,55,134,9,35,13,53,94,26,97"/><U80/><E115/><V76/><F69/><W6/><G134/><T66/><D31/><U120/><E120/><V91/><F32/><W108/><G108/><T62/><D114/><U24/><E110/><V42/><F91/><W106/><G106/><T96/><D70/><U123/><E123/><V14/><F14/><W61/><REACH who="3" step="1"/><G55/><REACH who="3" ten="313,256,32,389" step="2"/><T20/><D118/><U119/><E105/><V60/><F107/><W86/><G86/><T109/><D116/><U56/><E119/><V126/><F126/><W23/><G23/><T99/><D20/><N who="1" m="13327" /><E95/><V58/><F102/><AGARI ba="0,1" hai="6,9,13,26,30,35,53,57,61,94,97,102,125,127" machi="102" ten="40,2600,0" yaku="1,1,52,1,53,0" doraHai="92" doraHaiUra="64" who="3" fromWho="2" sc="313,0,256,0,32,-26,389,36" /><INIT seed="6,0,0,2,0,93" ten="313,256,6,425" oya="2" hai0="67,85,44,18,12,121,94,38,74,5,1,2,50" hai1="13,91,127,130,45,108,88,73,70,20,72,46,92" hai2="118,59,11,49,4,102,135,36,103,132,25,76,58" hai3="114,90,104,39,30,80,120,17,26,119,111,7,63"/><V84/><F36/><W35/><G119/><T29/><D121/><U8/><E108/><V9/><F118/><W86/><G111/><T115/><D38/><U19/><E70/><V124/><F124/><W41/><G7/><T71/><D74/><U78/><E127/><V14/><F25/><W16/><G120/><T77/><D29/><U57/><E130/><V54/><F59/><W128/><G104/><T22/><D67/><U112/><E112/><V126/><F126/><W83/><G128/><T61/><D61/><U27/><E91/><V51/><F51/><W6/><G6/><T15/><D71/><U133/><E133/><N who="2" m="51275" /><F11/><W40/><G39/><T107/><D107/><U123/><E123/><V68/><F68/><W125/><G63/><T117/><D115/><U28/><E57/><V33/><F33/><W34/><G34/><T37/><D37/><U106/><E106/><V81/><AGARI ba="0,0" hai="4,9,14,49,54,58,76,81,84,102,103" m="51275" machi="81" ten="30,1500,0" yaku="20,1" doraHai="93" who="2" fromWho="2" sc="313,-5,256,-5,6,15,425,-5" /><INIT seed="6,1,0,4,0,48" ten="308,251,21,420" oya="2" hai0="104,82,24,92,109,45,118,30,125,6,94,132,121" hai1="65,59,3,41,134,46,130,10,49,11,77,124,110" hai2="56,91,54,117,69,22,52,68,106,93,20,19,15" hai3="51,37,116,31,100,29,84,75,21,53,40,96,57"/><V120/><F117/><W55/><G75/><T13/><D109/><U111/><E124/><V0/><F0/><W61/><G116/><T105/><D118/><U129/><E134/><V73/><F120/><W7/><G7/><T115/><D82/><U26/><E26/><V99/><F73/><W81/><G40/><T85/><D13/><U78/><E11/><V133/><F133/><W34/><G37/><T14/><D14/><U79/><E65/><V60/><F106/><W1/><G34/><T97/><D6/><U126/><E126/><V58/><F22/><W88/><G21/><T50/><D85/><U16/><E59/><V119/><F119/><W23/><G23/><T80/><D80/><U131/><REACH who="1" step="1"/><E3/><REACH who="1" ten="308,241,21,420" step="2"/><V135/><REACH who="2" step="1"/><F135/><REACH who="2" ten="308,241,11,420" step="2"/><W76/><G1/><T8/><D132/><U43/><E43/><V35/><F35/><W39/><G31/><T123/><D125/><U67/><E67/><V44/><F44/><W102/><G29/><T114/><D45/><U86/><E86/><V113/><F113/><W103/><G84/><T89/><D115/><U42/><E42/><V47/><F47/><W71/><G57/><T2/><D114/><U12/><AGARI ba="1,2" hai="10,12,16,41,46,49,77,78,79,110,111,129,130,131" machi="12" ten="40,8000,1" yaku="1,1,0,1,19,1,54,1,53,0" doraHai="48" doraHaiUra="64" who="1" fromWho="1" sc="308,-21,241,103,11,-41,420,-21" owari="287,-11.0,344,14.0,-30,-53.0,399,50.0" /></mjloggm>