<mjloggm ver="2.3"><GO type="185" lobby="0"/><UN n0="%3E%5F%30%40%E6%9D%8F%E6%9D%8F%E8%BB%8D%E5%9C%98" n1="%E3%82%AC%E3%83%BC%E3%83%8D%E3%83%83%E3%83%88" n2="%E3%81%A8%E3%82%8A%E3%81%82%E3%81%88%E3%81%9A%E5%9B%9B%E6%AE%B5" n3="" dan="16,17,16,0" rate="2179.66,2258.92,2154.81,1500.00" sx="F,M,M,C"/><TAIKYOKU oya="0"/><INIT seed="0,0,0,3,3,111" ten="350,350,350,0" oya="0" hai0="90,115,101,127,74,98,120,114,122,38,72,100,102" hai1="123,39,57,113,132,3,105,94,125,68,2,128,37" hai2="117,35,61,119,40,124,48,103,0,95,44,104,59" hai3=""/><T58/><N who="0" m="30752" /><T62/><N who="0" m="31264" /><T106/><D127/><U88/><E57/><V53/><F35/><T126/><D38/><U107/><E94/><V50/><F104/><T76/><D126/><U73/><E88/><V32/><F0/><T134/><D134/><U78/><E78/><V84/><F124/><T55/><D106/><U112/><E39/><V121/><N who="2" m="31008" /><V96/><F32/><T66/><D76/><U79/><E79/><V89/><REACH who="2" step="1"/><F61/><REACH who="2" ten="350,350,340,0" step="2"/><T75/><REACH who="0" step="1"/><D66/><REACH who="0" ten="340,350,340,0" step="2"/><U118/><E107/><V110/><F110/><T91/><D91/><U93/><E3/><V97/><F97/><T34/><D34/><U41/><E2/><V69/><F69/><T130/><D130/><U85/><E68/><V70/><F70/><T86/><D86/><U65/><E85/><V51/><F51/><T71/><D71/><U43/><E128/><V80/><AGARI ba="0,2" hai="40,44,48,50,53,59,80,84,89,95,96,103,117,119" m="31008" machi="80" ten="30,3000,0" yaku="1,1,0,1,52,1,53,0" doraHai="111" doraHaiUra="1" who="2" fromWho="2" sc="340,-20,350,-10,340,50,0,0" /><INIT seed="1,0,0,3,2,88" ten="320,340,390,0" oya="1" hai0="3,44,123,61,1,75,56,80,127,115,45,122,73" hai1="52,77,54,130,48,36,104,51,118,82,58,55,89" hai2="43,37,67,2,59,74,128,102,116,47,72,132,112" hai3=""/><U49/><E118/><V40/><F116/><T94/><N who="0" m="31264" /><T92/><N who="0" m="31520" /><T68/><D68/><U96/><E130/><V84/><F2/><T98/><D115/><U129/><E129/><V117/><F117/><T124/><D80/><U97/><E36/><V87/><F128/><T103/><D3/><U113/><E113/><V119/><F119/><T83/><D1/><U85/><E104/><V120/><N who="2" m="30752" /><V121/><N who="2" m="31008" /><V95/><F132/><T64/><D92/><U0/><E0/><V71/><F71/><T131/><D131/><U50/><REACH who="1" step="1"/><E97/><REACH who="1" ten="320,330,390,0" step="2"/><V134/><F37/><T69/><D69/><U38/><E38/><V114/><F112/><T111/><D111/><U78/><E78/><V99/><F99/><T106/><D106/><U91/><E91/><V79/><F114/><T34/><D34/><U135/><E135/><V32/><F79/><T39/><D39/><U63/><E63/><V66/><F134/><T86/><D73/><U110/><E110/><V76/><F76/><T109/><D75/><U57/><E57/><V108/><F59/><T35/><D109/><U133/><E133/><V41/><F108/><T42/><D35/><U60/><E60/><V90/><F32/><T105/><D56/><RYUUKYOKU ba="0,1" sc="320,-10,330,20,390,-10,0,0" hai1="48,49,50,51,52,54,55,58,77,82,85,89,96" /><INIT seed="1,1,1,4,2,41" ten="310,350,380,0" oya="1" hai0="123,110,91,72,76,112,47,75,54,65,56,57,96" hai1="114,38,80,34,53,1,73,106,117,88,118,119,51" hai2="42,85,125,122,113,55,93,131,58,99,49,44,97" hai3=""/><U115/><E1/><V94/><N who="2" m="31264" /><V86/><F131/><T46/><N who="0" m="31520" /><T0/><D112/><U2/><E2/><V134/><F134/><T67/><D0/><U103/><E38/><V48/><F125/><T83/><D110/><U66/><E34/><V127/><F127/><T132/><D132/><U90/><E66/><V69/><F69/><T39/><D72/><U128/><E128/><V62/><F113/><N who="1" m="43017" /><E51/><V68/><F94/><T82/><D39/><U109/><E53/><V40/><F99/><T79/><D96/><U130/><E130/><V124/><F124/><T111/><D75/><U100/><E109/><V63/><F63/><T36/><D36/><U74/><E106/><V135/><F135/><T84/><D111/><U104/><E104/><V133/><F133/><T78/><D54/><U37/><E37/><V101/><F68/><T120/><N who="0" m="30752" /><T45/><D82/><U43/><E43/><V87/><F49/><T59/><AGARI ba="1,1" hai="45,46,47,56,57,59,65,67,76,78,79,83,84,91" m="30752,31520" machi="59" ten="40,12000,3" yaku="0,1,29,2,8,1,52,5" doraHai="41" who="0" fromWho="0" sc="310,132,350,-81,380,-41,0,0" /><INIT seed="2,0,0,5,5,95" ten="442,269,339,0" oya="2" hai0="70,38,82,113,66,135,77,3,133,32,54,129,69" hai1="42,108,134,62,126,39,36,49,91,117,56,34,80" hai2="132,93,125,72,122,59,35,50,92,98,107,105,65" hai3=""/><V99/><N who="2" m="31264" /><V101/><F72/><T97/><D32/><U67/><E34/><V48/><F35/><T73/><D3/><U100/><E117/><V41/><F125/><T55/><D38/><U64/><E126/><V84/><F84/><T79/><D113/><U90/><E134/><N who="0" m="51209" /><D79/><U40/><E108/><V33/><F33/><T128/><D97/><U120/><N who="1" m="30752" /><U51/><E100/><V87/><F87/><T53/><D66/><U68/><E80/><V102/><F132/><T1/><D1/><U44/><E90/><V131/><F131/><AGARI ba="0,0" hai="53,54,55,69,70,73,77,82,128,129,131" m="51209" machi="131" ten="40,2600,0" yaku="19,1,20,1" doraHai="95" who="0" fromWho="2" sc="442,26,269,0,339,-26,0,0" /><INIT seed="4,0,0,3,2,63" ten="468,269,313,0" oya="0" hai0="73,82,84,74,110,89,71,68,112,48,44,51,107" hai1="69,90,85,96,43,122,87,2,103,93,133,40,123" hai2="111,119,101,134,118,72,49,99,57,45,91,117,47" hai3=""/><T116/><D116/><U109/><N who="1" m="31264" /><U77/><N who="1" m="31520" /><U38/><E109/><V108/><F72/><T132/><D110/><N who="2" m="42026" /><F91/><T105/><D105/><U55/><E2/><V92/><F134/><T124/><D107/><U78/><E133/><V60/><F49/><T106/><D106/><U3/><E3/><V128/><F128/><T33/><D33/><U95/><E38/><V61/><F61/><T102/><D102/><U126/><E90/><V94/><F92/><T135/><D89/><U52/><E103/><V42/><F42/><T36/><D36/><U39/><E39/><V62/><F62/><T70/><D73/><U76/><E76/><V37/><F37/><T80/><D74/><U53/><E53/><AGARI ba="0,0" hai="45,47,53,57,60,94,99,101,117,118,119" m="42026" machi="53" ten="40,1300,0" yaku="12,1" doraHai="63" who="2" fromWho="1" sc="468,0,269,-13,313,13,0,0" /><INIT seed="5,0,0,1,1,84" ten="468,256,326,0" oya="1" hai0="43,65,112,130,82,88,3,58,61,116,135,114,115" hai1="134,42,122,86,79,120,67,97,81,74,63,50,73" hai2="111,2,49,89,72,119,105,92,96,32,85,101,128" hai3=""/><U78/><N who="1" m="30752" /><U34/><N who="1" m="31264" /><U125/><E34/><V117/><F2/><T55/><D3/><U1/><E1/><V33/><F111/><T36/><D130/><U83/><E134/><V64/><F128/><T95/><D135/><U93/><E125/><V53/><F64/><T91/><D116/><U37/><E37/><V100/><F100/><T39/><D43/><U48/><E86/><V121/><N who="2" m="31008" /><V45/><REACH who="2" step="1"/><F72/><REACH who="2" ten="468,256,316,0" step="2"/><T104/><D114/><U51/><E42/><V41/><F41/><T77/><D65/><U113/><E113/><V70/><F70/><T38/><D112/><U94/><REACH who="1" step="1"/><E97/><REACH who="1" ten="468,246,316,0" step="2"/><V68/><F68/><AGARI ba="0,2" hai="48,50,51,63,67,68,73,74,78,79,81,83,93,94" m="31264,30752" machi="68" ten="40,12000,1" yaku="1,1,2,1,9,1,52,2,53,0" doraHai="84" doraHaiUra="54" who="1" fromWho="2" sc="468,0,246,140,316,-120,0,0" /><INIT seed="5,1,0,0,0,120" ten="468,386,196,0" oya="1" hai0="72,94,96,79,101,86,85,105,95,119,53,133,67" hai1="78,114,68,43,98,128,61,71,92,76,111,49,80" hai2="32,103,60,131,90,115,107,64,65,73,69,113,83" hai3=""/><U66/><E114/><N who="2" m="43531" /><F32/><T129/><D133/><U0/><E128/><V93/><F131/><T63/><D129/><U38/><E38/><V91/><F64/><T127/><D127/><U88/><E0/><V36/><F36/><T89/><D119/><U132/><E132/><V110/><F107/><T59/><D72/><U37/><E37/><V87/><F103/><T117/><D117/><U52/><E43/><V34/><F34/><T124/><D124/><U40/><E40/><V1/><F1/><T134/><D134/><U130/><E130/><V102/><F102/><T106/><D67/><U51/><E51/><V2/><F2/><T125/><D125/><U45/><E111/><V100/><F100/><T46/><D46/><U126/><E126/><V41/><F41/><T109/><D109/><U108/><E108/><V39/><F39/><T122/><N who="0" m="31264" /><T42/><D42/><U81/><REACH who="1" step="1"/><E71/><REACH who="1" ten="468,376,196,0" step="2"/><V112/><N who="2" m="43539" /><V54/><DORA hai="77" /><F110/><T58/><D105/><U35/><E35/><V47/><F69/><T48/><D106/><U62/><E62/><V70/><F70/><T118/><D118/><U123/><N who="1" m="31520" /><U99/><E99/><V56/><F60/><T82/><D63/><U50/><E50/><V84/><F65/><RYUUKYOKU ba="1,1" sc="468,10,376,10,196,-20,0,0" hai0="48,53,58,59,79,82,85,86,89,94,95,96,101" hai1="45,49,52,61,66,68,76,78,80,81,88,92,98" /><INIT seed="5,2,1,5,5,0" ten="478,386,176,0" oya="1" hai0="112,82,38,2,57,72,94,63,61,65,3,79,54" hai1="70,68,87,59,81,78,108,35,47,48,89,37,109" hai2="76,84,32,132,101,55,128,111,134,43,99,123,85" hai3=""/><U103/><E37/><V129/><N who="2" m="31520" /><V120/><N who="2" m="30752" /><V93/><F43/><T1/><D112/><U58/><E103/><V86/><F55/><T52/><D38/><U116/><E116/><V39/><F39/><T102/><D102/><U46/><E78/><V90/><F32/><T42/><D42/><U74/><E74/><V115/><F111/><N who="1" m="42569" /><E35/><V118/><F118/><T113/><D113/><U77/><E77/><V104/><F76/><T45/><D94/><U56/><E47/><V34/><F34/><T114/><D114/><U107/><E107/><V33/><F33/><T130/><D45/><U106/><E106/><V69/><F115/><T135/><D2/><U73/><E73/><V40/><F40/><AGARI ba="2,1" hai="40,46,48,56,58,59,68,70,81,87,89" m="42569" machi="40" ten="30,1500,0" yaku="10,1" doraHai="0" who="1" fromWho="2" sc="478,0,386,29,176,-19,0,0" /><INIT seed="5,3,0,5,4,107" ten="478,415,157,0" oya="1" hai0="115,124,76,92,54,89,132,73,42,120,118,70,1" hai1="81,135,111,121,51,96,71,32,69,134,40,129,130" hai2="110,45,62,74,34,123,35,104,122,108,68,67,0" hai3=""/><U114/><N who="1" m="31008" /><U93/><E32/><V33/><N who="2" m="31264" /><V103/><N who="2" m="31520" /><V97/><F45/><T2/><N who="0" m="30752" /><T100/><D70/><N who="1" m="26635" /><E114/><V64/><F64/><T44/><D115/><U87/><E111/><N who="2" m="42539" /><F0/><T78/><D118/><U66/><E66/><V79/><F79/><T50/><D78/><U105/><E51/><V91/><F91/><T46/><D76/><U84/><E40/><V61/><F61/><T49/><D89/><U95/><E129/><V90/><F90/><T128/><D128/><U86/><E130/><V125/><F125/><T56/><D124/><U36/><E36/><V37/><F74/><T48/><D73/><U126/><E126/><V109/><N who="2" m="42547" /><V131/><DORA hai="85" /><F131/><T102/><D42/><U101/><E81/><V58/><F58/><T117/><D49/><U72/><E72/><V57/><F57/><T59/><D56/><U75/><E75/><V65/><F65/><T77/><D59/><U55/><E55/><V94/><F94/><T60/><D92/><U53/><E53/><V41/><F41/><T133/><D54/><U113/><E113/><V116/><F116/><T82/><D117/><U106/><E93/><V63/><F63/><T83/><D60/><U43/><E43/><RYUUKYOKU ba="3,0" sc="478,0,415,0,157,0,0,0" hai0="1,2,44,46,48,50,77,82,83,100,102,132,133" hai1="84,86,87,95,96,101,105,106,134,135" hai2="33,34,35,37,62,67,68,97,103,104" /><INIT seed="5,4,0,1,3,87" ten="478,415,157,0" oya="1" hai0="75,60,112,40,100,85,105,51,95,91,76,123,115" hai1="119,50,101,58,110,38,83,56,80,65,109,68,46" hai2="131,42,94,2,59,73,49,135,116,125,117,53,134" hai3=""/><U74/><E101/><V114/><F2/><T45/><N who="0" m="31520" /><T79/><D60/><U102/><E102/><V99/><F73/><T111/><D111/><N who="1" m="42507" /><E80/><V67/><F67/><T88/><D91/><U97/><E97/><V126/><F42/><T129/><D129/><U37/><E83/><V103/><F114/><N who="0" m="43562" /><D75/><U64/><E74/><V48/><F48/><T71/><D71/><U121/><N who="1" m="31008" /><U32/><E32/><V39/><F39/><N who="1" m="14857" /><E119/><N who="2" m="45643" /><F131/><T70/><D70/><U124/><E124/><AGARI ba="4,0" hai="49,53,59,94,99,103,124,125,126,134,135" m="45643" machi="124" ten="30,1000,0" yaku="18,1" doraHai="87" who="2" fromWho="1" sc="478,0,415,-18,157,18,0,0" /><INIT seed="6,0,0,0,3,61" ten="478,397,175,0" oya="2" hai0="36,132,35,81,91,38,60,129,69,71,42,109,119" hai1="59,43,34,44,118,50,46,55,56,87,83,33,120" hai2="127,79,104,84,51,53,78,106,107,68,39,111,48" hai3=""/><V86/><F39/><T65/><D35/><U100/><N who="1" m="30752" /><U97/><E118/><V52/><F68/><T2/><D2/><U85/><E46/><V103/><F103/><T117/><D109/><U98/><E98/><V115/><F115/><T67/><D132/><U40/><E40/><V130/><F127/><T133/><D133/><U37/><E59/><V57/><F111/><T75/><D129/><U134/><E87/><V114/><F114/><T88/><D42/><U101/><E101/><V108/><F130/><T95/><D75/><U47/><E47/><V94/><F108/><T96/><D38/><U89/><E134/><V125/><F125/><T123/><N who="0" m="31520" /><T76/><D36/><U93/><AGARI ba="0,0" hai="33,34,37,43,44,50,55,56,83,85,89,93,97,100" m="30752" machi="93" ten="20,2000,0" yaku="0,1,7,1,52,1" doraHai="61" who="1" fromWho="1" sc="478,-7,397,20,175,-13,0,0" owari="471,42.0,417,2.0,162,-44.0,0,0.0" /></mjloggm>