<mjloggm ver="2.3"><GO type="225" lobby="0"/><UN n0="%E3%81%B8%E3%82%80%E3%81%B8%E3%82%80%EF%BC%92%E5%8F%B7" n1="%E3%82%BC%E3%83%AB%E3%83%80%E3%81%AE%E4%BC%9D%E8%AA%AC" n2="%E5%B2%B8%E6%98%8E%E6%97%A5%E9%A6%99" n3="%E8%A8%88%E7%AE%97%E6%A9%9F%E8%87%AA%E7%84%B6" dan="16,17,16,17" rate="2138.26,2245.54,2171.30,2188.42" sx="M,M,M,M"/><TAIKYOKU oya="0"/><INIT seed="0,0,0,3,2,108" ten="250,250,250,250" oya="0" hai0="105,49,60,67,78,37,46,58,51,44,74,52,50" hai1="55,10,41,48,30,87,100,122,38,125,61,56,111" hai2="107,116,88,22,40,6,69,21,124,13,26,20,127" hai3="11,24,132,4,7,39,31,12,19,3,91,135,99"/><T71/><D105/><U63/><E122/><V110/><F69/><W103/><G91/><T66/><D78/><U9/><E111/><V42/><F110/><W36/><G39/><T123/><D74/><U83/><E125/><N who="2" m="48203" /><F107/><W64/><G64/><N who="0" m="41351" /><D123/><U134/><E134/><N who="3" m="51242" /><G36/><T62/><D37/><U18/><E38/><V113/><F116/><W0/><G99/><T53/><D50/><U120/><E120/><V92/><F26/><W75/><G103/><T23/><D23/><U73/><E30/><V95/><F95/><W68/><G75/><T2/><D2/><N who="3" m="553" /><G68/><T118/><D118/><U80/><E73/><V131/><F131/><W109/><G109/><T112/><D112/><U45/><E100/><V84/><F113/><W15/><G15/><T129/><D129/><U98/><E98/><V70/><F70/><W1/><N who="3" m="561" /><W76/><DORA hai="57" /><G76/><T54/><AGARI ba="0,0" hai="44,46,49,51,52,53,54,58,62,66,67" m="41351" machi="54" ten="30,24000,3" yaku="35,5,52,2,54,1" doraHai="108,57" who="0" fromWho="0" sc="250,240,250,-80,250,-80,250,-80" /><INIT seed="0,1,0,0,2,79" ten="490,170,170,170" oya="0" hai0="29,12,49,118,123,10,25,83,71,7,27,2,56" hai1="43,48,88,92,109,62,22,73,99,128,24,100,117" hai2="44,30,47,110,119,107,89,67,15,20,11,127,68" hai3="131,64,37,3,135,5,57,116,115,38,72,34,40"/><T125/><D118/><U54/><E117/><V132/><F119/><W33/><G116/><RYUUKYOKU type="kaze4" ba="1,0" sc="490,0,170,0,170,0,170,0" /><INIT seed="0,2,0,5,4,31" ten="490,170,170,170" oya="0" hai0="68,78,72,11,23,12,97,71,25,107,101,18,88" hai1="122,92,19,79,131,52,16,116,37,33,111,60,56" hai2="109,1,10,22,128,34,0,6,8,96,5,74,9" hai3="20,64,48,73,58,45,27,54,39,119,127,115,66"/><T50/><D72/><U120/><E116/><V82/><F96/><W103/><G119/><T123/><D78/><U108/><E37/><V67/><F74/><W80/><G115/><T30/><D123/><U133/><E133/><V113/><F82/><W93/><G127/><T105/><D105/><U90/><E79/><V17/><F67/><W42/><G73/><T53/><REACH who="0" step="1"/><D88/><REACH who="0" ten="480,170,170,170" step="2"/><U104/><E104/><V114/><F128/><W132/><G80/><T121/><D121/><U106/><E106/><V94/><F113/><W15/><G132/><T44/><AGARI ba="2,1" hai="11,12,18,23,25,30,44,50,53,68,71,97,101,107" machi="44" ten="20,7800,0" yaku="1,1,0,1,7,1,53,1" doraHai="31" doraHaiUra="46" who="0" fromWho="0" sc="480,94,170,-28,170,-28,170,-28" /><INIT seed="0,3,0,3,0,42" ten="574,142,142,142" oya="0" hai0="32,77,109,37,90,71,48,10,81,24,105,0,126" hai1="13,118,4,45,92,5,100,130,74,40,27,78,68" hai2="123,41,29,43,84,107,64,83,57,36,20,11,23" hai3="12,18,135,49,44,76,34,112,128,108,85,47,15"/><T2/><D37/><U73/><E118/><V6/><F123/><W113/><G34/><T131/><D71/><U25/><E68/><V38/><F107/><W55/><G108/><T80/><D105/><U59/><E130/><V111/><F111/><W94/><G128/><T86/><D109/><U96/><E59/><V35/><F35/><W72/><G72/><T116/><D131/><U54/><E54/><V129/><F129/><W39/><G135/><T91/><D126/><U93/><E93/><V115/><F115/><W103/><G12/><T122/><D122/><U101/><E101/><V19/><F29/><W58/><G39/><T51/><D116/><U104/><E104/><V119/><F20/><N who="3" m="11359" /><G113/><T134/><D134/><U82/><E73/><V65/><F38/><W30/><G30/><T69/><D69/><U1/><E13/><N who="2" m="5367" /><F36/><W102/><G112/><T28/><D10/><U125/><E125/><V89/><F119/><W98/><G102/><T62/><D0/><U8/><REACH who="1" step="1"/><E5/><REACH who="1" ten="574,132,142,142" step="2"/><V88/><F64/><W17/><G17/><T56/><D56/><U127/><E127/><V63/><F89/><N who="3" m="53551" /><G76/><T110/><D77/><U61/><E61/><V70/><F70/><W66/><G66/><T9/><D62/><U33/><E33/><V52/><F65/><W75/><G75/><T21/><D32/><U46/><E46/><V117/><F117/><W53/><G55/><T31/><D110/><U120/><E120/><V16/><F19/><W132/><G132/><T67/><D67/><U124/><E124/><V14/><AGARI ba="3,1" hai="14,16,23,41,43,52,57,63,83,84,88" m="5367" machi="14" ten="30,7900,0" yaku="8,1,54,3" doraHai="42" who="2" fromWho="2" sc="574,-42,132,-23,142,98,142,-23" /><INIT seed="1,0,0,5,1,78" ten="532,109,240,119" oya="1" hai0="38,97,10,87,102,35,107,58,54,31,65,67,25" hai1="80,27,3,74,34,70,48,91,29,135,125,90,126" hai2="33,98,12,133,6,99,62,36,86,110,117,85,64" hai3="113,15,81,132,13,18,130,89,122,14,134,5,43"/><U63/><E3/><V30/><F117/><W9/><G122/><T84/><D38/><U104/><E135/><N who="3" m="51754" /><G113/><T40/><D40/><U101/><E48/><V24/><F36/><W88/><G130/><T21/><D35/><U111/><E111/><V47/><F110/><W66/><G66/><T4/><D87/><N who="1" m="50535" /><E91/><N who="3" m="34890" /><G43/><T23/><D84/><U37/><E74/><V120/><F85/><W116/><G116/><T16/><D21/><U119/><E37/><V49/><F33/><W94/><G94/><T103/><D103/><U115/><E115/><V7/><F86/><W93/><G93/><T50/><D31/><U76/><E76/><V83/><F30/><W39/><G39/><T106/><D106/><U114/><E114/><V118/><F64/><W123/><G123/><T77/><D77/><U105/><E119/><V51/><F118/><W131/><G131/><T95/><D107/><U2/><E2/><AGARI ba="0,0" hai="2,4,10,16,23,25,50,54,58,65,67,95,97,102" machi="2" ten="30,2000,0" yaku="7,1,54,1" doraHai="78" who="0" fromWho="1" sc="532,20,109,-20,240,0,119,0" /><INIT seed="2,0,0,4,5,111" ten="552,89,240,119" oya="2" hai0="116,38,61,33,84,114,86,89,36,107,110,12,53" hai1="13,96,3,69,131,109,37,64,29,24,87,27,57" hai2="79,126,55,117,103,77,30,32,28,39,18,85,127" hai3="31,83,90,68,73,98,94,119,35,100,48,16,78"/><V42/><F117/><W75/><G68/><T43/><D114/><U8/><E109/><V101/><F18/><W104/><G119/><T102/><D33/><U130/><E37/><V106/><F55/><W51/><G75/><T4/><D116/><U108/><E108/><V82/><F39/><W46/><G46/><T56/><D110/><U45/><E69/><V67/><F42/><W81/><G81/><T1/><D1/><U120/><E3/><V50/><F50/><W128/><G128/><N who="1" m="49194" /><E120/><V63/><F77/><W118/><G118/><T34/><D34/><U122/><E122/><V15/><F15/><W125/><G125/><T65/><D84/><U113/><E113/><V124/><F106/><W49/><G16/><T60/><D4/><N who="1" m="3207" /><E45/><V52/><F32/><W99/><REACH who="3" step="1"/><G49/><REACH who="3" ten="552,89,240,109" step="2"/><T25/><D38/><U40/><E40/><V123/><F123/><W105/><G105/><T66/><D107/><U44/><E44/><V97/><F82/><W6/><G6/><T132/><D43/><U59/><E24/><AGARI ba="0,1" hai="24,31,35,48,51,73,78,83,90,94,98,99,100,104" machi="24" ten="40,1300,0" yaku="1,1,53,0" doraHai="111" doraHaiUra="62" who="3" fromWho="1" sc="552,0,89,-13,240,0,109,23" /><INIT seed="3,0,0,4,1,93" ten="552,76,240,132" oya="3" hai0="100,88,9,51,11,75,46,19,67,89,6,56,115" hai1="91,54,132,106,3,64,77,1,123,109,34,101,0" hai2="110,44,22,117,118,134,23,29,47,45,62,57,37" hai3="114,129,90,28,5,13,78,58,21,126,133,70,130"/><W42/><G70/><T27/><D75/><U107/><E109/><V92/><F37/><W30/><G114/><T83/><D100/><U55/><E132/><V20/><F110/><W36/><G78/><T52/><D115/><U43/><E123/><V94/><F29/><W69/><G69/><T81/><D27/><U8/><E34/><V122/><F134/><W48/><G36/><T40/><D19/><U108/><E108/><V17/><F17/><W125/><G90/><N who="0" m="34923" /><D67/><U121/><E121/><V53/><F122/><W120/><G48/><N who="0" m="26695" /><D6/><U4/><E77/><V135/><F57/><W72/><G58/><T25/><D25/><U113/><E113/><V39/><F53/><W18/><G42/><T96/><D96/><U61/><E43/><V12/><F62/><W68/><G68/><T80/><AGARI ba="0,0" hai="9,11,51,52,56,80,81,83" m="26695,34923" machi="80" ten="30,4000,0" yaku="8,1,54,2" doraHai="93" who="0" fromWho="0" sc="552,40,76,-10,240,-10,132,-20" owari="592,69.0,66,-43.0,230,3.0,112,-29.0" /></mjloggm>