<mjloggm ver="2.3"><GO type="169" lobby="0"/><UN n0="%4C%21%56%45" n1="%74%61%6E%61%4B%61" n2="%6F%75%74%E7%A5%AD%E3%82%8A" n3="%45%6D%69%75" dan="16,17,16,18" rate="2110.19,2134.95,2175.80,2282.40" sx="M,M,M,M"/><TAIKYOKU oya="0"/><INIT seed="0,0,0,2,4,94" ten="250,250,250,250" oya="0" hai0="133,113,88,69,13,56,26,117,103,106,22,57,59" hai1="37,44,58,101,95,110,31,29,82,60,41,16,28" hai2="21,33,75,53,132,18,30,65,20,86,119,74,19" hai3="107,72,23,100,68,131,89,83,40,12,71,122,67"/><T97/><D113/><U90/><E110/><V36/><F33/><W47/><G122/><T0/><D0/><U134/><E134/><V92/><F30/><W35/><G35/><T112/><D112/><U6/><E6/><V5/><F5/><W61/><G131/><T45/><D69/><U49/><E82/><V11/><F11/><W70/><G23/><T25/><D133/><U32/><E101/><V62/><F53/><W96/><G12/><T118/><D45/><U8/><E37/><V84/><F36/><W120/><G120/><T64/><D64/><U54/><E32/><V79/><F79/><W115/><G115/><T27/><REACH who="0" step="1"/><D88/><REACH who="0" ten="240,250,250,250" step="2"/><U93/><E90/><N who="2" m="53319" /><F65/><W77/><REACH who="3" step="1"/><G89/><REACH who="3" ten="240,250,250,240" step="2"/><T4/><D4/><U78/><E78/><V66/><F132/><W126/><G126/><T105/><D105/><U98/><E44/><V127/><F127/><W63/><G63/><T2/><D2/><U109/><E60/><V1/><F62/><W55/><G55/><T14/><D14/><U123/><E54/><V3/><F3/><W52/><G52/><T73/><D73/><U128/><E123/><V51/><F1/><W15/><G15/><T7/><D7/><U130/><E128/><V116/><F75/><W108/><G108/><T81/><D81/><U38/><E109/><V129/><F74/><W17/><G17/><AGARI ba="0,2" hai="13,17,22,25,26,27,56,57,59,97,103,106,117,118" machi="17" ten="40,12000,1" yaku="1,1,52,1,53,2" doraHai="94" doraHaiUra="114" who="0" fromWho="3" sc="240,140,250,0,250,0,240,-120" /><INIT seed="0,1,0,5,4,59" ten="380,250,250,120" oya="0" hai0="91,10,95,33,27,117,115,135,54,126,130,26,49" hai1="34,125,119,21,123,85,35,62,44,89,37,18,100" hai2="80,88,70,103,132,63,120,19,17,109,2,104,47" hai3="4,52,67,129,94,43,20,105,41,39,61,77,25"/><T75/><D115/><U50/><E123/><V46/><F120/><W83/><G105/><T36/><D36/><U56/><E37/><V118/><F109/><W84/><G129/><T28/><D117/><U106/><E119/><V90/><F2/><W116/><G116/><T38/><D38/><U48/><E48/><V51/><F118/><W101/><G4/><T15/><D130/><U30/><E30/><V9/><F47/><W23/><G39/><T81/><D135/><U112/><E125/><V99/><F132/><W22/><G25/><T98/><D27/><U29/><E29/><V110/><F110/><W87/><G52/><T86/><D75/><U71/><E71/><V74/><F74/><W11/><G11/><T93/><D126/><U121/><E121/><V57/><F70/><W131/><G131/><T124/><D98/><U64/><E100/><V42/><F80/><W97/><REACH who="3" step="1"/><G87/><REACH who="3" ten="380,250,250,110" step="2"/><T65/><D124/><U40/><E106/><V102/><F9/><W13/><G13/><T53/><D53/><U107/><E107/><V5/><F5/><W114/><G114/><T8/><D8/><U127/><E112/><V7/><F7/><W0/><G0/><T3/><D3/><U82/><E127/><V128/><F128/><W133/><G133/><T73/><D73/><U79/><E79/><V55/><REACH who="2" step="1"/><F103/><REACH who="2" ten="380,250,240,110" step="2"/><W24/><G24/><AGARI ba="1,2" hai="18,21,24,34,35,40,44,50,56,62,64,82,85,89" machi="24" ten="30,2000,0" yaku="7,1,52,1" doraHai="59" who="1" fromWho="3" sc="380,0,250,43,240,0,110,-23" /><INIT seed="1,0,0,5,2,79" ten="380,293,240,87" oya="1" hai0="11,135,30,15,70,26,122,6,83,19,42,84,69" hai1="28,46,123,39,86,25,133,87,128,36,90,12,67" hai2="105,24,52,111,45,34,132,71,55,50,10,134,116" hai3="76,27,41,37,99,89,54,102,60,53,124,115,32"/><U91/><E123/><V126/><F105/><W80/><G115/><T82/><D135/><N who="2" m="51754" /><F116/><W109/><G109/><T56/><D122/><U48/><E133/><V20/><F111/><W14/><G124/><T98/><D84/><U1/><E1/><V88/><F126/><W118/><G118/><T2/><D70/><U85/><E67/><V92/><F71/><W75/><G60/><T78/><D78/><U17/><E128/><V125/><F10/><W40/><G14/><T33/><D69/><U49/><E36/><V31/><F125/><W0/><G0/><T29/><D29/><U47/><E39/><V72/><F72/><W16/><G89/><N who="1" m="33802" /><E25/><V57/><F34/><W59/><G37/><T9/><D98/><U95/><E95/><V22/><F22/><W113/><G113/><T97/><D97/><U4/><E4/><V65/><F65/><W5/><G5/><T7/><D42/><U127/><E28/><V114/><F114/><W119/><G54/><T104/><D104/><U66/><E66/><V64/><F64/><W68/><G68/><T121/><D121/><U38/><E38/><V74/><F74/><W73/><G73/><T108/><D108/><U62/><E62/><V18/><F31/><W110/><G110/><T117/><D117/><U43/><E127/><V96/><F55/><W77/><G119/><T94/><D94/><U51/><E43/><V106/><F106/><W21/><G32/><T103/><D103/><U107/><E107/><V100/><F57/><W13/><G59/><T35/><D2/><U63/><E63/><V58/><F58/><RYUUKYOKU ba="0,0" sc="380,-15,293,15,240,15,87,-15" hai1="12,17,46,47,48,49,51,85,86,87" hai2="18,20,24,45,50,52,88,92,96,100" /><INIT seed="1,1,0,4,1,57" ten="365,308,255,72" oya="1" hai0="71,103,32,113,79,24,22,95,116,100,20,87,51" hai1="134,92,1,43,61,84,15,26,13,83,76,68,77" hai2="36,86,42,25,104,78,133,8,58,75,72,94,118" hai3="80,49,130,35,21,99,34,54,111,6,46,98,41"/><U16/><E1/><V101/><F118/><W29/><G130/><T128/><D113/><U122/><E122/><V62/><F133/><W85/><G111/><T82/><D71/><U135/><E43/><V37/><F104/><W74/><G74/><T126/><D116/><U65/><E76/><V64/><F8/><W45/><G6/><T12/><D32/><U10/><E26/><V27/><F75/><W108/><G108/><T18/><D126/><U96/><REACH who="1" step="1"/><E13/><REACH who="1" ten="365,298,255,72" step="2"/><V3/><F3/><W60/><G34/><T97/><D128/><U120/><E120/><V112/><F42/><W5/><G35/><T23/><D103/><AGARI ba="1,1" hai="10,15,16,61,65,68,77,83,84,92,96,103,134,135" machi="103" ten="40,7700,0" yaku="1,1,52,1,54,1,53,0" doraHai="57" doraHaiUra="19" who="1" fromWho="0" sc="365,-80,298,90,255,0,72,0" /><INIT seed="1,2,0,5,0,34" ten="285,388,255,72" oya="1" hai0="125,130,21,17,49,3,81,77,131,70,91,64,124" hai1="42,76,133,45,121,116,73,110,94,52,88,39,118" hai2="51,68,29,14,15,135,32,104,66,71,26,54,134" hai3="106,23,93,57,97,30,72,60,79,8,108,111,18"/><U78/><E121/><V38/><F38/><W90/><G30/><T55/><D91/><U107/><E107/><V56/><F104/><W102/><G8/><T2/><D64/><U74/><E133/><N who="2" m="50699" /><F66/><W5/><G5/><T83/><D70/><AGARI ba="2,0" hai="14,15,26,29,32,51,54,56,68,70,71" m="50699" machi="70" ten="30,1000,0" yaku="20,1" doraHai="34" who="2" fromWho="0" sc="285,-16,388,0,255,16,72,0" /><INIT seed="2,0,0,3,2,20" ten="269,388,271,72" oya="2" hai0="105,41,21,72,127,25,113,17,120,85,32,77,94" hai1="43,84,90,54,76,39,81,31,89,106,7,34,100" hai2="92,116,97,83,19,58,27,9,133,33,35,52,65" hai3="87,103,59,134,117,115,79,70,10,6,96,73,1"/><V62/><F116/><W125/><G117/><T122/><D113/><U37/><E7/><V68/><F133/><W91/><G70/><T71/><D71/><U99/><E54/><V121/><F121/><W69/><G69/><T110/><D110/><U50/><E50/><V82/><F33/><W16/><G125/><T15/><D105/><U0/><E0/><V46/><F9/><W55/><G134/><T49/><D72/><U2/><E2/><V36/><F36/><W38/><G38/><T66/><D66/><U111/><E111/><V119/><F119/><W63/><G115/><T40/><D127/><U86/><E43/><V64/><F35/><W118/><G118/><T26/><D32/><U131/><E131/><V88/><F46/><W132/><G132/><T93/><D122/><U53/><E53/><V24/><F68/><W112/><G112/><T23/><D15/><U60/><E60/><V78/><F83/><W101/><G96/><T11/><D11/><U22/><E34/><V18/><F18/><W30/><G30/><N who="0" m="17711" /><D120/><U95/><REACH who="1" step="1"/><E76/><REACH who="1" ten="269,378,271,72" step="2"/><V128/><F128/><W56/><G79/><T109/><D109/><U28/><E28/><V135/><F135/><W57/><G55/><T98/><D49/><U51/><E51/><V4/><F4/><W14/><G63/><T80/><D93/><U114/><E114/><V67/><REACH who="2" step="1"/><F19/><REACH who="2" ten="269,378,261,72" step="2"/><W44/><G16/><T104/><D104/><U12/><E12/><V8/><F8/><W102/><G14/><T107/><D107/><U61/><E61/><V42/><F42/><W74/><G44/><T13/><D13/><RYUUKYOKU ba="0,2" sc="269,0,378,0,261,0,72,0" hai0="17,23,26,40,41,77,80,85,94,98" hai1="22,31,37,39,81,84,86,89,90,95,99,100,106" hai2="24,27,52,58,62,64,65,67,78,82,88,92,97" hai3="1,6,10,56,57,59,73,74,87,91,101,102,103" /><INIT seed="2,1,2,2,3,112" ten="269,378,261,72" oya="2" hai0="11,48,103,0,100,45,106,127,27,101,73,104,56" hai1="133,86,67,88,74,59,33,70,95,30,14,109,62" hai2="117,52,8,79,22,84,37,44,25,105,69,9,99" hai3="68,31,121,13,128,2,97,42,132,115,113,50,114"/><V28/><F69/><W32/><G68/><T3/><D127/><U78/><E109/><V98/><F117/><W20/><G121/><T6/><D73/><U65/><E133/><V111/><F37/><W131/><G97/><N who="2" m="36873" /><F105/><W36/><G36/><T83/><D83/><U102/><E102/><V53/><F111/><W75/><G75/><T29/><D56/><U118/><E78/><V126/><F126/><W123/><G123/><T91/><D91/><U57/><E74/><V120/><F120/><W19/><G50/><T85/><D85/><U10/><E118/><V124/><F124/><W15/><G42/><T34/><REACH who="0" step="1"/><D0/><REACH who="0" ten="259,378,261,72" step="2"/><U130/><E70/><V23/><F44/><W107/><G2/><T58/><D58/><U122/><E122/><V12/><F79/><W71/><G71/><T46/><D46/><U41/><E57/><V96/><F84/><W63/><G107/><T49/><D49/><U108/><E108/><V4/><F96/><W40/><G63/><T87/><D87/><U81/><E81/><V18/><F8/><W90/><G90/><T60/><D60/><U72/><E59/><V35/><F35/><W1/><G1/><T82/><D82/><U17/><E62/><V24/><AGARI ba="1,3" hai="4,9,12,18,22,23,24,25,28,52,53" m="36873" machi="24" ten="30,3000,0" yaku="8,1,54,1" doraHai="112" who="2" fromWho="2" sc="259,-11,378,-11,261,63,72,-11" /><INIT seed="2,2,0,2,0,33" ten="248,367,324,61" oya="2" hai0="126,49,64,45,54,77,73,128,84,6,62,123,102" hai1="89,43,61,47,113,78,134,44,8,1,11,7,40" hai2="106,38,41,13,104,135,114,59,34,132,51,39,115" hai3="127,37,83,60,2,119,32,10,29,133,25,107,5"/><V0/><F34/><W3/><G119/><T124/><D123/><U31/><E113/><V42/><F13/><W109/><G109/><T88/><D102/><U92/><E78/><V76/><F76/><W46/><G127/><T19/><D128/><U12/><E31/><V14/><F14/><W26/><G133/><N who="2" m="51273" /><F51/><W99/><G26/><T85/><D85/><U72/><E72/><V4/><F59/><W117/><G117/><T67/><D77/><U24/><E24/><V71/><F71/><W94/><G83/><T108/><D73/><U57/><E134/><V70/><F70/><W63/><G107/><N who="2" m="41001" /><F42/><W48/><G37/><N who="2" m="13833" /><F41/><W21/><G32/><T125/><D108/><U80/><E43/><V52/><F52/><W93/><G93/><T17/><D67/><U96/><E80/><V75/><F75/><W120/><G120/><T100/><D64/><U65/><E40/><V66/><F66/><W16/><G3/><T56/><D56/><U98/><REACH who="1" step="1"/><E96/><REACH who="1" ten="248,357,324,61" step="2"/><V121/><F121/><W20/><G99/><T101/><D126/><U22/><E22/><V79/><F79/><W15/><REACH who="3" step="1"/><G94/><REACH who="3" ten="248,357,324,51" step="2"/><N who="0" m="54535" /><D125/><U129/><E129/><V68/><F68/><W116/><G116/><T82/><D82/><U36/><E36/><V91/><F115/><W28/><G28/><T130/><D130/><U18/><AGARI ba="2,2" hai="1,7,8,11,12,18,44,47,57,61,65,89,92,98" machi="18" ten="20,8000,1" yaku="1,1,0,1,7,1,52,1,53,1" doraHai="33" doraHaiUra="58" who="1" fromWho="1" sc="248,-22,357,106,324,-42,51,-22" /><INIT seed="3,0,0,5,5,82" ten="226,463,282,29" oya="3" hai0="95,112,62,109,72,128,68,117,22,118,29,63,89" hai1="115,124,31,78,85,58,74,94,129,75,91,24,23" hai2="27,57,30,32,50,37,127,125,61,45,126,88,51" hai3="105,56,9,86,79,114,69,34,70,97,10,104,6"/><W47/><G114/><T100/><D109/><U18/><E115/><V84/><F37/><W16/><G34/><T26/><D72/><U90/><E78/><V111/><F111/><W80/><G56/><T113/><D100/><U35/><E124/><V14/><F14/><W2/><G47/><T0/><D0/><U119/><E129/><V44/><F45/><W101/><REACH who="3" step="1"/><G105/><REACH who="3" ten="226,463,282,19" step="2"/><T48/><D113/><U120/><E58/><V107/><F107/><W8/><G8/><T92/><D112/><U133/><E120/><V67/><F44/><W132/><G132/><T17/><D128/><U106/><E106/><V96/><F32/><W134/><G134/><T33/><D68/><U15/><E133/><V12/><F126/><W25/><G25/><T83/><D118/><U7/><E119/><V87/><F27/><W3/><G3/><T122/><D122/><U102/><E35/><V28/><F57/><W42/><G42/><T121/><D121/><U76/><E24/><V73/><F127/><W43/><G43/><T108/><D108/><U19/><E23/><V81/><F125/><W65/><G65/><T110/><D110/><U54/><E54/><V71/><F67/><W77/><G77/><T13/><D117/><U38/><E76/><V64/><F64/><W130/><G130/><T98/><D48/><U49/><E49/><V116/><F71/><W103/><G103/><T40/><D40/><U53/><E102/><V55/><F51/><W123/><G123/><T5/><D33/><U60/><E53/><V1/><F55/><W21/><G21/><T41/><D22/><RYUUKYOKU ba="0,1" sc="226,-10,463,-10,282,-10,19,30" hai3="2,6,9,10,16,69,70,79,80,86,97,101,104" /><INIT seed="3,1,1,0,2,82" ten="216,453,272,49" oya="3" hai0="50,113,43,115,54,121,27,10,95,38,100,97,60" hai1="53,79,40,99,111,64,37,101,23,16,44,41,36" hai2="9,45,98,11,22,85,57,32,131,20,126,33,26" hai3="69,17,29,62,35,103,96,107,73,8,133,129,87"/><W70/><G73/><T116/><D116/><U19/><E111/><V89/><F131/><W30/><G129/><T18/><D121/><U93/><E64/><V88/><F126/><W104/><G133/><T78/><D78/><U122/><E122/><V24/><F45/><W39/><G39/><T2/><D60/><U109/><E109/><V51/><F33/><W52/><G104/><T119/><D119/><U90/><E79/><V91/><F32/><W13/><G35/><T0/><D43/><U77/><E77/><V105/><F105/><W55/><G30/><T124/><D38/><U76/><E76/><V80/><F57/><W56/><G29/><T67/><D67/><U86/><E53/><V83/><F51/><W134/><G134/><T127/><D27/><N who="2" m="10282" /><F98/><W49/><REACH who="3" step="1"/><G87/><REACH who="3" ten="216,453,272,39" step="2"/><T61/><D127/><U63/><E36/><V34/><F34/><W14/><G14/><T31/><D31/><U42/><E86/><V132/><F132/><W92/><G92/><T75/><D75/><U21/><E93/><V123/><F85/><W15/><G15/><N who="0" m="7543" /><D124/><U7/><E37/><V1/><F123/><W130/><G130/><T74/><D74/><U46/><E99/><V106/><F106/><W66/><G66/><T4/><D0/><U72/><E72/><V135/><F135/><W59/><AGARI ba="1,2" hai="8,13,17,49,52,55,56,59,62,69,70,96,103,107" machi="59" ten="20,18000,2" yaku="1,1,0,1,7,1,54,1,53,2" doraHai="82" doraHaiUra="65" who="3" fromWho="3" sc="216,-61,453,-61,272,-61,39,203" /><INIT seed="3,2,0,0,4,124" ten="155,392,211,242" oya="3" hai0="31,84,120,112,62,54,134,24,117,69,39,17,132" hai1="74,109,83,95,125,22,44,47,94,34,97,3,37" hai2="105,57,52,89,116,35,58,12,87,63,103,11,108" hai3="27,18,91,30,131,102,78,90,46,41,128,59,25"/><W28/><G102/><T80/><D120/><U106/><E34/><V50/><F108/><W49/><G78/><T82/><D117/><U67/><E109/><V68/><F116/><W7/><G7/><T20/><D39/><U64/><E3/><V5/><F35/><W113/><G113/><T13/><D112/><U4/><E4/><V85/><F68/><W86/><G59/><N who="0" m="35191" /><D69/><U100/><E125/><V26/><F26/><W99/><G99/><T23/><D84/><U60/><E67/><V75/><F75/><W92/><G90/><T70/><D70/><U55/><E44/><V43/><F87/><W115/><G115/><T1/><D1/><U123/><E123/><V93/><F105/><W61/><G61/><T56/><D56/><U127/><E127/><V110/><F110/><W122/><G122/><T65/><D65/><U6/><E64/><N who="2" m="39023" /><F43/><W21/><REACH who="3" step="1"/><G27/><REACH who="3" ten="155,392,211,232" step="2"/><T81/><D134/><U42/><E60/><V29/><F103/><W32/><G32/><T2/><D2/><U111/><E97/><V114/><F114/><W45/><G45/><T66/><D132/><U121/><E100/><V36/><F58/><W8/><G8/><N who="0" m="6311" /><D66/><U101/><E47/><N who="2" m="27743" /><F11/><W71/><G71/><T119/><D119/><U104/><E121/><V73/><F5/><W48/><G48/><T10/><D10/><U135/><E135/><V79/><F79/><W129/><AGARI ba="2,1" hai="18,21,25,28,30,41,46,49,86,91,92,128,129,131" machi="129" ten="30,18000,2" yaku="1,1,0,1,19,1,52,3,53,0" doraHai="124" doraHaiUra="98" who="3" fromWho="3" sc="155,-62,392,-62,211,-62,232,196" /><INIT seed="3,3,0,1,2,44" ten="93,330,149,428" oya="3" hai0="47,91,135,21,48,106,69,122,115,67,74,57,26" hai1="73,7,109,52,12,59,131,50,98,30,13,60,51" hai2="32,39,46,117,27,10,90,113,15,56,66,22,64" hai3="8,129,124,95,128,94,14,78,41,100,82,34,81"/><W108/><G34/><T63/><D122/><U70/><E109/><V49/><F32/><W123/><G123/><T16/><D135/><U77/><E30/><V88/><F113/><W72/><G108/><T33/><D106/><U29/><E29/><N who="2" m="17655" /><F39/><W24/><G24/><T97/><D74/><U25/><E25/><V62/><F66/><W80/><G41/><T20/><D33/><U134/><E134/><V132/><F117/><W28/><G28/><T2/><D2/><U92/><E70/><V133/><F133/><W120/><G120/><T75/><D75/><U68/><E68/><V58/><F58/><W61/><G61/><T55/><D115/><U45/><E131/><N who="3" m="50250" /><G14/><N who="1" m="5738" /><E73/><V38/><F38/><W43/><G8/><T0/><D0/><U118/><E118/><V85/><F132/><W125/><G43/><T93/><REACH who="0" step="1"/><D21/><REACH who="0" ten="83,330,149,428" step="2"/><U104/><E104/><V116/><F116/><W65/><G72/><T18/><D18/><U119/><E119/><V79/><F10/><W71/><G124/><T83/><D83/><U17/><E17/><V107/><F107/><W84/><G125/><T31/><D31/><U126/><E126/><V9/><F9/><W36/><G81/><T96/><D96/><U101/><E7/><V19/><F19/><W6/><G6/><T99/><D99/><U130/><E130/><V76/><F85/><W5/><G5/><T89/><D89/><U4/><E4/><V127/><F88/><W40/><G82/><T35/><D35/><U121/><E121/><V3/><F90/><W53/><G84/><T1/><D1/><U105/><E98/><RYUUKYOKU ba="3,1" sc="83,30,330,-10,149,-10,428,-10" hai0="16,20,26,47,48,55,57,63,67,69,91,93,97" /><INIT seed="4,4,1,1,0,15" ten="113,320,139,418" oya="0" hai0="113,77,85,89,2,58,53,11,14,55,5,82,90" hai1="98,71,95,65,107,69,35,33,40,44,73,48,28" hai2="26,75,23,67,99,93,110,120,133,135,16,66,49" hai3="21,131,9,129,125,134,119,30,42,87,17,37,126"/><T84/><D113/><U68/><E73/><V59/><F110/><W118/><G87/><T72/><D2/><U25/><E33/><V105/><F120/><W70/><G70/><T31/><D31/><U88/><REACH who="1" step="1"/><E107/><REACH who="1" ten="113,310,139,418" step="2"/><V132/><F105/><W4/><G118/><T8/><D72/><U123/><E123/><V128/><F75/><W92/><G119/><T109/><D109/><U32/><E32/><V50/><F128/><W64/><G129/><T63/><D77/><U103/><E103/><V106/><F106/><W114/><G131/><T27/><D27/><U43/><E43/><V79/><F79/><W116/><G42/><T57/><D14/><U111/><E111/><V36/><F26/><W0/><G116/><T121/><D121/><U101/><E101/><V108/><F108/><W91/><G0/><T78/><D78/><U80/><E80/><V47/><F133/><W20/><G114/><T100/><D100/><U19/><E19/><V124/><F16/><W86/><G17/><T52/><D5/><U1/><E1/><V29/><F135/><W10/><G4/><T60/><REACH who="0" step="1"/><D55/><REACH who="0" ten="103,310,139,418" step="2"/><U51/><E51/><V117/><F49/><W34/><G134/><T94/><AGARI ba="4,3" hai="8,11,52,53,57,58,60,63,82,84,85,89,90,94" machi="94" ten="20,18000,2" yaku="1,1,2,1,0,1,7,1,9,1,8,1,54,1,53,0" doraHai="15" doraHaiUra="18" who="0" fromWho="0" sc="103,222,310,-64,139,-64,418,-64" /><INIT seed="4,5,0,0,2,90" ten="325,246,75,354" oya="0" hai0="27,123,102,9,76,130,74,56,58,122,75,128,78" hai1="88,8,73,106,4,83,98,59,68,65,82,105,0" hai2="135,34,39,7,24,31,62,45,121,63,113,10,124" hai3="35,29,49,33,119,46,55,77,3,32,101,53,14"/><T20/><D9/><U15/><E68/><V89/><F121/><W112/><G119/><T107/><D20/><U120/><E120/><N who="0" m="46121" /><D27/><U132/><E132/><V116/><F135/><W79/><G3/><T37/><D37/><U86/><E0/><V64/><F116/><W117/><G117/><T11/><D11/><U1/><E1/><V126/><F113/><W80/><G112/><T28/><D28/><U60/><E73/><N who="0" m="27657" /><D107/><U99/><E106/><V21/><F34/><W115/><G29/><T100/><D58/><U67/><E105/><V104/><F104/><W54/><G115/><T69/><D56/><U71/><E71/><V66/><F39/><W26/><G26/><T96/><D69/><U97/><REACH who="1" step="1"/><E65/><REACH who="1" ten="325,236,75,354" step="2"/><V43/><F66/><W93/><G35/><T25/><D25/><U57/><E57/><V6/><F24/><W12/><G32/><T81/><D130/><U52/><E52/><V114/><F64/><W92/><G33/><T40/><D40/><U19/><E19/><V94/><F43/><W23/><G54/><T2/><D2/><U108/><E108/><V125/><F114/><W16/><G55/><T18/><D128/><U47/><E47/><V131/><F45/><W95/><G53/><T41/><D41/><U87/><E87/><V70/><F70/><W38/><G46/><T110/><D110/><U84/><E84/><V109/><F109/><W72/><G72/><N who="0" m="43143" /><D18/><U5/><E5/><V91/><F131/><W118/><G16/><T50/><D50/><U127/><E127/><V30/><F125/><W103/><G49/><T48/><D48/><RYUUKYOKU ba="5,1" sc="325,-10,236,30,75,-10,354,-10" hai1="4,8,15,59,60,67,82,83,86,88,97,98,99" /><INIT seed="5,6,1,3,4,51" ten="315,266,65,344" oya="1" hai0="98,102,35,7,31,8,57,96,34,25,0,17,103" hai1="12,58,21,55,117,85,60,78,40,87,65,38,91" hai2="126,54,14,68,99,16,36,125,4,116,83,93,49" hai3="44,110,97,69,56,53,118,48,130,109,5,71,46"/><U133/><E117/><V92/><F116/><W112/><G5/><T13/><D35/><U124/><E124/><N who="2" m="47723" /><F36/><W52/><G97/><T11/><D98/><U81/><E133/><V95/><F68/><N who="3" m="26187" /><G118/><T43/><D43/><U114/><E114/><V115/><F115/><W62/><G112/><T26/><D96/><U113/><E113/><V23/><F4/><W134/><G130/><T72/><D72/><U100/><E100/><N who="2" m="60519" /><F83/><W19/><G19/><T66/><D25/><U63/><E40/><V119/><F119/><W89/><G89/><T2/><D2/><U127/><E38/><V29/><F29/><W59/><G134/><T80/><D80/><N who="1" m="49639" /><E127/><V6/><F6/><W88/><G88/><T101/><D66/><U18/><E65/><V3/><F3/><W74/><G74/><T9/><REACH who="0" step="1"/><D57/><AGARI ba="6,1" hai="14,16,23,49,54,57,93,95" m="60519,47723" machi="57" ten="30,3900,0" yaku="18,1,52,1,54,1" doraHai="51" who="2" fromWho="0" sc="315,-57,266,0,65,67,344,0" /><INIT seed="6,0,0,2,4,78" ten="258,266,132,344" oya="2" hai0="4,73,38,46,115,63,116,110,129,77,13,130,54" hai1="51,41,37,70,24,122,1,33,117,16,21,134,3" hai2="62,60,125,107,31,124,114,22,126,75,29,80,132" hai3="52,108,32,42,5,83,89,47,98,103,76,112,68"/><V40/><F107/><W92/><G68/><T18/><D110/><U14/><E117/><V131/><F114/><W34/><G108/><T15/><D115/><U39/><E70/><V96/><F96/><W59/><G5/><T118/><D4/><U50/><E134/><V109/><F109/><W97/><G112/><T9/><D13/><U23/><E33/><V44/><F132/><W91/><G47/><T135/><D135/><U55/><E51/><V121/><F121/><W90/><G42/><N who="0" m="22871" /><D54/><U105/><E105/><V93/><F93/><W106/><G97/><T11/><D11/><U104/><E104/><V81/><F131/><N who="0" m="50186" /><D63/><N who="2" m="24106" /><F75/><W79/><G106/><T36/><D36/><U8/><E39/><N who="2" m="21535" /><F31/><W87/><G76/><T49/><D49/><U95/><E1/><V28/><F28/><W111/><G111/><T25/><D25/><AGARI ba="0,0" hai="22,25,29,80,81,124,125,126" m="21535,24106" machi="25" ten="40,7700,0" yaku="18,1,52,2" doraHai="78" who="2" fromWho="0" sc="258,-77,266,0,132,77,344,0" /><INIT seed="6,1,0,0,4,81" ten="181,266,209,344" oya="2" hai0="108,54,98,106,9,91,135,0,129,48,8,126,75" hai1="102,59,19,28,23,15,87,99,63,133,16,132,25" hai2="117,13,14,94,70,110,18,64,103,118,107,67,93" hai3="100,30,5,73,58,95,49,71,77,22,69,61,123"/><V20/><F110/><W11/><G123/><T85/><D108/><U127/><E127/><V46/><F107/><W120/><G120/><T6/><D135/><N who="1" m="51787" /><E87/><V55/><F70/><W39/><G39/><T17/><D129/><U42/><E42/><V124/><F124/><W130/><G49/><T116/><D116/><U33/><E15/><V24/><F117/><W29/><G77/><T96/><D75/><U90/><E90/><V125/><F118/><W12/><G73/><T104/><D126/><U89/><E89/><V82/><F82/><W74/><G74/><T84/><D98/><U86/><E86/><V32/><F125/><W52/><G130/><T128/><D128/><U65/><E33/><V78/><F78/><W111/><G111/><T37/><D37/><U88/><E88/><V105/><F105/><AGARI ba="1,0" hai="16,19,23,25,28,59,63,65,99,102,105" m="51787" machi="105" ten="30,2000,0" yaku="20,1,54,1" doraHai="81" who="1" fromWho="2" sc="181,0,266,23,209,-23,344,0" /><INIT seed="7,0,0,0,5,106" ten="181,289,186,344" oya="3" hai0="0,38,94,116,48,119,127,9,24,34,111,118,12" hai1="14,40,66,126,30,16,112,60,55,68,109,25,51" hai2="44,125,1,49,134,71,70,11,95,103,39,113,26" hai3="133,82,4,59,43,58,20,92,122,81,132,27,64"/><W75/><G122/><T22/><D38/><U15/><E109/><V129/><F39/><W56/><G64/><T100/><D111/><U110/><E110/><V131/><F113/><W67/><G67/><T84/><D127/><U107/><E112/><V69/><F125/><W77/><G43/><T93/><D34/><U13/><E107/><V47/><F47/><W72/><G4/><T101/><D0/><U36/><E126/><V23/><F134/><N who="3" m="51819" /><G92/><T87/><D48/><U8/><E40/><V115/><F11/><W35/><G35/><T104/><D104/><U42/><E42/><V57/><F1/><W5/><G5/><T53/><D53/><U31/><E31/><V3/><F3/><W6/><G6/><T74/><D9/><U65/><E65/><V85/><F115/><W86/><G82/><T98/><D12/><U17/><E17/><AGARI ba="0,0" hai="17,20,27,56,58,59,72,75,77,81,86" m="51819" machi="17" ten="30,5800,0" yaku="20,1,52,2" doraHai="106" who="3" fromWho="1" sc="181,0,289,-58,186,0,344,58" owari="181,-32.0,231,3.0,186,-21.0,402,50.0" /></mjloggm>