<mjloggm ver="2.3"><GO type="169" lobby="0"/><UN n0="%E9%98%BF%E9%83%A8%E5%AF%9B%EF%BC%A0%E9%B3%B3%E5%8D%93" n1="%E7%99%BD%E9%9C%8A%E5%A4%A2" n2="%6D%61%74%74%75%61%6E" n3="%62%6F%79%61%74%65%74%75" dan="16,16,16,16" rate="2083.28,2082.79,2205.52,2151.82" sx="F,F,M,M"/><TAIKYOKU oya="0"/><INIT seed="0,0,0,2,5,10" ten="250,250,250,250" oya="0" hai0="125,51,43,52,76,8,132,77,39,1,89,66,126" hai1="88,102,99,16,63,31,119,42,23,107,15,118,105" hai2="57,55,4,36,93,11,127,104,59,71,135,25,29" hai3="86,110,41,78,2,134,6,44,30,22,37,5,62"/><T120/><D120/><U69/><E42/><V74/><F71/><W97/><G110/><T115/><D115/><U13/><E105/><V129/><F104/><W94/><G134/><T85/><D66/><U117/><E31/><V27/><F74/><W108/><G108/><T103/><D103/><U21/><E69/><V56/><F36/><W32/><G32/><T124/><D43/><U128/><E63/><V131/><F27/><W46/><G46/><N who="0" m="27767" /><D39/><U12/><E128/><N who="2" m="49227" /><F93/><W112/><G112/><T24/><D132/><U75/><E75/><V67/><F127/><W101/><G2/><T3/><D24/><U58/><E58/><V109/><F109/><W100/><G100/><T48/><D48/><U50/><E50/><N who="2" m="30839" /><F135/><W47/><G47/><T122/><D122/><U61/><E61/><V54/><F54/><W82/><G62/><T45/><D45/><U130/><E130/><V72/><F72/><W35/><G35/><T9/><D1/><U84/><REACH who="1" step="1"/><E23/><REACH who="1" ten="250,240,250,250" step="2"/><N who="2" m="15551" /><F67/><W95/><G30/><T87/><D125/><U53/><E53/><V0/><AGARI ba="0,1" hai="0,4,11,57,59" m="15551,30839,49227" machi="0" ten="30,1100,0" yaku="19,1" doraHai="10" who="2" fromWho="2" sc="250,-5,240,-3,250,21,250,-3" /><INIT seed="1,0,0,1,4,114" ten="245,237,271,247" oya="1" hai0="23,57,121,78,120,125,63,43,117,84,122,135,123" hai1="27,91,47,48,129,61,124,32,46,34,44,50,132" hai2="2,16,3,22,56,110,87,75,134,72,17,95,60" hai3="100,119,58,35,85,133,76,86,88,6,5,131,45"/><U0/><E129/><V39/><F39/><W83/><G35/><T7/><N who="0" m="30720" /><DORA hai="94" /><T93/><D125/><U130/><E130/><V55/><F110/><W24/><G131/><T80/><D135/><U81/><E132/><V9/><F134/><W4/><G133/><T74/><D43/><U105/><E124/><V79/><F17/><W20/><G45/><T18/><D7/><U67/><E105/><V109/><F109/><W28/><G58/><T25/><D117/><U54/><E0/><V42/><F42/><W128/><G128/><T89/><D57/><N who="1" m="37295" /><E32/><V12/><F79/><W30/><G100/><T90/><D90/><U106/><E106/><V10/><F10/><W70/><G70/><T62/><REACH who="0" step="1"/><D74/><REACH who="0" ten="235,237,271,247" step="2"/><U112/><E112/><V92/><F75/><W126/><G126/><T1/><D1/><U21/><E34/><V15/><F72/><W52/><G119/><T69/><D69/><U68/><E68/><V11/><F3/><W127/><G127/><T115/><D115/><U107/><E46/><V73/><F73/><W96/><G4/><T8/><D8/><U33/><E47/><V26/><F2/><W104/><G5/><T49/><D49/><U118/><E48/><V97/><F11/><W13/><G6/><T98/><AGARI ba="0,1" hai="18,23,25,62,63,78,80,84,89,93,98" m="30720" machi="98" ten="60,8000,1" yaku="1,1,0,1,13,1,52,1,53,1" doraHai="114,94" doraHaiUra="53,14" who="0" fromWho="0" sc="235,90,237,-40,271,-20,247,-20" /><INIT seed="2,0,0,3,0,71" ten="325,197,251,227" oya="2" hai0="89,116,91,95,112,24,9,1,122,43,26,2,53" hai1="101,121,127,70,75,117,18,4,80,77,14,39,10" hai2="98,52,32,109,57,134,40,15,133,74,25,45,0" hai3="16,108,115,63,20,8,17,92,67,42,111,118,11"/><V93/><F0/><W84/><G118/><T72/><D72/><U66/><E117/><V37/><F74/><W102/><G115/><T61/><D116/><U132/><E127/><V47/><F47/><W46/><G102/><T106/><D106/><U38/><E132/><V126/><F126/><W23/><G92/><T5/><D122/><U86/><E121/><V41/><F41/><W35/><G84/><T85/><D112/><U28/><E101/><V22/><F15/><W68/><G35/><T33/><D1/><U44/><E28/><V3/><F3/><W31/><G31/><T79/><D79/><U69/><E44/><V110/><F32/><W30/><G30/><T49/><D33/><U113/><E113/><V36/><F22/><W94/><G94/><T82/><D61/><U58/><E75/><V50/><F25/><W87/><G87/><T131/><D43/><U107/><E107/><V55/><F55/><W19/><G20/><T99/><D131/><U51/><E4/><V29/><F36/><N who="3" m="21831" /><G23/><T135/><D135/><N who="2" m="51722" /><F29/><W123/><G123/><T105/><D105/><U27/><E27/><V119/><F119/><W83/><G83/><T88/><D89/><AGARI ba="0,0" hai="37,40,45,50,52,57,89,93,98,109,110" m="51722" machi="89" ten="30,5800,0" yaku="20,1,52,1,54,1" doraHai="71" who="2" fromWho="0" sc="325,-58,197,0,251,58,227,0" /><INIT seed="2,1,0,3,0,18" ten="267,197,309,227" oya="2" hai0="0,51,28,50,80,8,40,7,10,15,21,22,45" hai1="103,90,69,72,107,121,84,66,93,30,77,118,12" hai2="2,9,33,131,39,85,115,63,71,120,19,88,101" hai3="126,26,91,29,27,122,56,1,55,108,100,111,130"/><V38/><F115/><W37/><G122/><T41/><D28/><U62/><E121/><V54/><F120/><W117/><G117/><T5/><REACH who="0" step="1"/><D80/><REACH who="0" ten="257,197,309,227" step="2"/><U14/><E30/><V95/><F33/><W97/><G29/><T36/><D36/><U125/><E118/><V82/><F39/><W47/><G37/><T102/><D102/><U110/><E110/><V128/><F38/><W134/><G100/><T17/><D17/><U127/><E125/><V60/><F19/><W20/><G126/><T99/><D99/><N who="1" m="61951" /><E127/><V25/><F101/><W65/><G97/><T98/><D98/><U75/><E75/><V74/><F74/><W112/><G108/><T6/><D6/><U104/><E104/><V67/><F82/><AGARI ba="1,1" hai="12,14,62,66,69,72,77,82,84,90,93" m="61951" machi="82" ten="30,1000,0" yaku="24,1" doraHai="18" who="1" fromWho="2" sc="257,0,197,23,309,-13,227,0" /><INIT seed="3,0,0,3,2,0" ten="257,220,296,227" oya="3" hai0="35,3,81,59,20,67,29,63,8,9,43,93,12" hai1="62,13,15,16,74,122,125,25,124,121,131,21,78" hai2="5,101,38,134,7,96,100,95,84,92,27,90,103" hai3="44,91,98,34,70,129,55,60,80,10,133,112,41"/><W58/><G112/><T132/><D132/><U45/><E74/><V37/><F134/><W39/><G133/><T18/><D43/><U89/><E78/><V6/><REACH who="2" step="1"/><F27/><REACH who="2" ten="257,220,286,227" step="2"/><W128/><G128/><T51/><D81/><U83/><E131/><V97/><F97/><W47/><G129/><T19/><D93/><U75/><E83/><V48/><F48/><W109/><G80/><T135/><D135/><U86/><E62/><V30/><F30/><W57/><G39/><AGARI ba="0,1" hai="5,6,7,37,38,39,84,90,92,95,96,100,101,103" machi="39" ten="40,8000,1" yaku="1,1,52,3,53,0" doraHai="0" doraHaiUra="118" who="2" fromWho="3" sc="257,0,220,0,286,90,227,-80" /><INIT seed="4,0,0,5,1,98" ten="257,220,376,147" oya="0" hai0="35,21,128,30,134,58,102,73,51,19,99,80,31" hai1="61,16,108,133,131,67,81,129,76,27,126,36,112" hai2="10,86,46,12,117,54,53,41,84,34,25,119,23" hai3="72,104,14,59,105,78,45,96,60,93,42,63,82"/><T0/><D134/><U89/><E108/><V7/><F84/><W43/><G14/><T17/><D128/><N who="1" m="49227" /><E36/><V100/><F34/><W44/><G104/><T32/><D0/><U107/><E107/><V111/><F111/><W95/><G105/><T87/><D73/><U97/><E133/><V26/><F100/><W49/><G93/><N who="0" m="58735" /><D35/><U8/><E89/><V71/><F26/><W33/><G59/><T3/><D3/><U123/><E97/><V4/><F7/><W115/><G115/><T92/><D92/><U28/><E123/><V38/><F86/><W37/><REACH who="3" step="1"/><G33/><REACH who="3" ten="257,220,376,137" step="2"/><T13/><D32/><U109/><E112/><V68/><F71/><W2/><G2/><T110/><D110/><U69/><E109/><V9/><F68/><W88/><AGARI ba="0,1" hai="37,42,43,44,45,49,60,63,72,78,82,88,95,96" machi="88" ten="20,5200,0" yaku="1,1,0,1,7,1,54,1,53,0" doraHai="98" doraHaiUra="122" who="3" fromWho="3" sc="257,-26,220,-13,376,-13,137,62" /><INIT seed="5,0,0,2,1,75" ten="231,207,363,199" oya="1" hai0="39,62,132,122,97,114,55,1,135,53,70,106,76" hai1="89,83,74,104,123,127,110,15,107,35,125,124,64" hai2="32,21,24,131,9,98,54,65,30,92,58,90,26" hai3="111,108,47,67,101,17,27,79,63,29,78,113,105"/><U77/><E123/><V2/><F131/><W66/><G17/><T43/><D1/><U68/><E35/><V41/><F41/><W49/><G113/><T85/><D114/><U120/><E120/><V50/><F65/><W18/><G18/><T112/><D112/><U46/><E46/><V91/><F2/><W33/><G67/><N who="0" m="41335" /><D122/><U86/><E15/><V22/><F9/><W71/><G108/><T81/><D97/><U73/><E64/><V103/><F32/><W119/><G119/><T42/><D106/><N who="1" m="40491" /><E68/><V0/><F0/><W128/><G128/><T52/><D39/><U109/><E74/><V38/><F38/><W8/><G8/><T10/><D10/><U126/><N who="1" m="31744" /><DORA hai="118" /><U16/><E16/><AGARI ba="0,0" hai="16,21,22,24,26,30,50,54,58,90,91,92,98,103" machi="16" ten="30,3900,0" yaku="7,1,8,1,54,1" doraHai="75,118" who="2" fromWho="1" sc="231,0,207,-39,363,39,199,0" /><INIT seed="6,0,0,0,0,24" ten="231,168,402,199" oya="2" hai0="115,19,77,44,61,80,15,14,64,113,31,50,81" hai1="49,97,131,125,108,120,67,17,11,69,7,58,28" hai2="102,32,134,109,57,106,129,76,82,23,45,8,3" hai3="73,105,100,107,116,104,34,54,53,89,26,124,112"/><V63/><F32/><W46/><G116/><T13/><D19/><U2/><E108/><V128/><F134/><W126/><G112/><N who="0" m="43083" /><D31/><U20/><E125/><N who="3" m="48234" /><G73/><T29/><D29/><U5/><E131/><V16/><F109/><W56/><G89/><T71/><D77/><U79/><E120/><V88/><F45/><W122/><G122/><T43/><AGARI ba="0,0" hai="13,14,15,43,44,50,61,64,71,80,81" m="43083" machi="43" ten="30,1100,0" yaku="15,1" doraHai="24" who="0" fromWho="0" sc="231,11,168,-3,402,-5,199,-3" /><INIT seed="7,0,0,0,3,7" ten="242,165,397,196" oya="3" hai0="65,84,81,108,67,49,109,61,94,72,116,17,98" hai1="28,22,46,68,50,54,19,134,101,55,96,3,64" hai2="89,86,95,132,131,106,120,66,115,37,111,14,77" hai3="97,63,119,52,12,107,83,129,114,48,57,112,53"/><W126/><G119/><T104/><D104/><U93/><E134/><V60/><F37/><W90/><G126/><T103/><D72/><U34/><E3/><V21/><F106/><W74/><G129/><T24/><D116/><U0/><E0/><V16/><F115/><W15/><G74/><T30/><D17/><U20/><E34/><V133/><F111/><W27/><G27/><T38/><D38/><U135/><E135/><V45/><F131/><W123/><G123/><T88/><D49/><U59/><E28/><V51/><F77/><W127/><G127/><T25/><D67/><U69/><E64/><V70/><REACH who="2" step="1"/><F120/><REACH who="2" ten="242,165,387,196" step="2"/><W56/><G107/><T5/><D109/><U80/><E80/><V29/><F29/><W8/><G112/><T26/><D108/><U87/><E87/><V79/><F79/><W6/><G114/><T62/><D30/><U58/><E46/><V44/><F44/><W85/><REACH who="3" step="1"/><G97/><REACH who="3" ten="242,165,387,186" step="2"/><T39/><D98/><U100/><E100/><V102/><F102/><W117/><G117/><T78/><D103/><U31/><E31/><V10/><F10/><W99/><G99/><T124/><D124/><U47/><E20/><V2/><F2/><AGARI ba="0,2" hai="2,6,8,12,15,48,52,53,56,57,63,83,85,90" machi="2" ten="30,11600,0" yaku="1,1,7,1,52,1,54,1,53,0" doraHai="7" doraHaiUra="130" who="3" fromWho="2" sc="242,0,165,0,387,-116,186,136" owari="242,-16.0,165,-33.0,271,7.0,322,42.0" /></mjloggm>