<mjloggm ver="2.3"><GO type="225" lobby="0"/><UN n0="%62%6F%6E%6F%73%2E%2E" n1="%E3%82%B7%E3%83%B3%E3%83%95%E3%82%A9%E3%83%8B%E3%82%A2" n2="%E3%81%8A%E3%81%8A%E3%81%9E%E3%82%89%E3%82%92%E3%81%A8%E3%81%B6" n3="%E3%82%B8%E3%83%A3%E3%83%9E%E3%83%BC%E3%83%AB%E3%83%9E%E3%83%AC%E3%83%BC" dan="17,18,16,17" rate="2188.63,2195.63,2151.10,2173.62" sx="M,M,M,M"/><TAIKYOKU oya="0"/><INIT seed="0,0,0,5,4,15" ten="250,250,250,250" oya="0" hai0="49,114,9,75,0,59,98,102,54,80,35,46,95" hai1="11,5,124,17,65,133,108,3,41,68,118,27,48" hai2="113,78,110,134,120,109,25,33,4,104,132,77,111" hai3="91,34,71,99,70,123,131,44,8,128,88,96,22"/><T60/><D114/><U117/><E68/><N who="3" m="26154" /><G34/><T76/><D35/><U119/><E65/><V129/><F120/><W32/><G32/><T38/><D38/><U42/><E108/><V61/><F129/><N who="3" m="49739" /><G123/><T84/><D0/><U13/><E133/><N who="2" m="51307" /><F113/><W97/><G8/><T14/><D75/><U45/><E124/><V79/><F61/><W135/><G135/><T81/><D81/><U56/><E56/><V1/><F104/><W39/><G22/><T40/><D14/><U86/><E27/><V94/><F94/><W18/><G18/><T100/><REACH who="0" step="1"/><D9/><REACH who="0" ten="240,250,250,250" step="2"/><U87/><REACH who="1" step="1"/><E42/><AGARI ba="0,1" hai="39,42,44,88,91,96,97,99" m="49739,26154" machi="42" ten="40,2600,0" yaku="19,1,54,1" doraHai="15" who="3" fromWho="1" sc="240,0,250,-26,250,0,250,36" /><INIT seed="1,0,0,0,3,110" ten="240,224,250,286" oya="1" hai0="0,33,78,13,99,98,116,17,19,126,131,68,25" hai1="120,125,81,129,30,58,130,93,28,80,77,9,6" hai2="82,74,21,7,24,3,38,106,84,4,107,5,44" hai3="27,67,124,29,115,114,22,71,36,18,87,92,113"/><U69/><E69/><V75/><F3/><W1/><G1/><T85/><D0/><N who="1" m="199" /><E120/><V56/><F56/><W66/><G36/><T52/><D116/><U50/><E93/><V111/><F111/><W64/><G124/><T57/><D68/><U40/><E125/><V48/><F38/><W86/><G71/><T121/><D121/><U108/><E108/><V134/><F134/><W62/><G62/><T12/><D131/><N who="1" m="50187" /><E81/><V104/><F84/><W123/><G123/><T39/><D39/><U117/><E117/><V128/><F82/><W103/><REACH who="3" step="1"/><G29/><REACH who="3" ten="240,224,250,276" step="2"/><T122/><D126/><U97/><E28/><V46/><F128/><W59/><G59/><T15/><D57/><U132/><E30/><V89/><F46/><W109/><G109/><T37/><D37/><U63/><E132/><V35/><F44/><W26/><G26/><T51/><D25/><U11/><E63/><V72/><F24/><W45/><G45/><T55/><D122/><U112/><E58/><V91/><F48/><W49/><G49/><T8/><D51/><U127/><E127/><V135/><F135/><W53/><G53/><N who="0" m="20555" /><D13/><U34/><E50/><V118/><F118/><W83/><G83/><N who="0" m="47351" /><D33/><U65/><E34/><V119/><F35/><W60/><G60/><T16/><D12/><U96/><E65/><V14/><F119/><W79/><G79/><T76/><D76/><U20/><E77/><V105/><N who="2" m="26624" /><DORA hai="95" /><V32/><F32/><W102/><G102/><T31/><D31/><U133/><E133/><V73/><N who="2" m="18432" /><DORA hai="54" /><V41/><F41/><W42/><G42/><T61/><D61/><RYUUKYOKU ba="0,1" sc="240,10,224,-30,250,10,276,10" hai0="8,15,16,17,19,98,99" hai2="4,5,7,14,21,89,91" hai3="18,22,27,64,66,67,86,87,92,103,113,114,115" /><INIT seed="2,1,1,3,2,46" ten="250,194,260,286" oya="2" hai0="100,132,135,38,79,113,131,125,81,114,58,20,35" hai1="90,84,33,54,2,59,13,118,34,40,83,129,119" hai2="80,53,29,127,82,76,68,73,57,120,130,55,89" hai3="71,11,98,96,133,66,49,14,50,31,94,77,6"/><V39/><F120/><W19/><G133/><N who="0" m="51275" /><D35/><U99/><E129/><V69/><F130/><W1/><G77/><T70/><D70/><U97/><E2/><V93/><F39/><W115/><G115/><N who="0" m="44043" /><D131/><U47/><E33/><V15/><F127/><W110/><G110/><T4/><D38/><U91/><E34/><V9/><F29/><W75/><G75/><N who="0" m="43263" /><D4/><U12/><E118/><V8/><F82/><W104/><G31/><T21/><D125/><U63/><E119/><V108/><F108/><W37/><G37/><T10/><D10/><U17/><E91/><V92/><F8/><W30/><G30/><T60/><D100/><U121/><E121/><V112/><F112/><W122/><G71/><T51/><D51/><N who="1" m="27111" /><E17/><V26/><F69/><W44/><G19/><T106/><D106/><U102/><E102/><V0/><F68/><W56/><G104/><T48/><D48/><U123/><E123/><V74/><F9/><W61/><G50/><T42/><D42/><U36/><E36/><V24/><F0/><W117/><G122/><T86/><D86/><U67/><E67/><AGARI ba="1,1" hai="20,21,58,60,67" m="43263,44043,51275" machi="67" ten="30,1000,0" yaku="20,1" doraHai="46" who="0" fromWho="1" sc="250,23,194,-13,260,0,286,0" /><INIT seed="3,0,0,4,1,5" ten="273,181,260,286" oya="3" hai0="57,121,110,112,21,31,52,92,13,94,38,34,100" hai1="30,74,132,33,32,122,133,24,26,89,131,56,25" hai2="86,40,46,85,134,127,90,109,113,19,75,68,130" hai3="47,3,96,28,12,129,27,115,80,116,36,67,123"/><W97/><G3/><T101/><D121/><U48/><E74/><V126/><F113/><W61/><G123/><T42/><D34/><U51/><E122/><V15/><F75/><W76/><G115/><T39/><D112/><U2/><E2/><V60/><F109/><W124/><G116/><T69/><D69/><U118/><E131/><V49/><F130/><W104/><G124/><N who="2" m="47657" /><F134/><N who="1" m="51817" /><E118/><V105/><F105/><W54/><G104/><T55/><D110/><U35/><E30/><V87/><F60/><W120/><G120/><T84/><D39/><U23/><E23/><N who="2" m="11775" /><F68/><W41/><G54/><T50/><D42/><U17/><E17/><V0/><F0/><W95/><G12/><T78/><D38/><U114/><E114/><V6/><F6/><W81/><G129/><T135/><D135/><U93/><E56/><V107/><F107/><W66/><G61/><T9/><D55/><U91/><E93/><AGARI ba="0,0" hai="40,46,49,85,86,87,90,93" m="11775,47657" machi="93" ten="30,1000,0" yaku="18,1" doraHai="5" who="2" fromWho="1" sc="273,0,181,-10,260,10,286,0" /><INIT seed="4,0,0,4,5,98" ten="273,171,270,286" oya="0" hai0="30,89,80,82,126,123,4,38,14,90,129,64,6" hai1="27,59,81,60,70,54,25,52,5,127,88,18,46" hai2="53,118,26,44,134,131,96,114,111,132,110,12,10" hai3="43,40,102,128,85,117,32,97,68,15,122,20,50"/><T120/><D38/><U1/><E127/><V22/><F96/><W101/><G32/><T58/><D126/><U94/><E70/><V49/><F114/><W7/><G68/><T125/><D125/><U45/><E81/><N who="0" m="31337" /><D30/><U130/><E130/><V77/><F77/><W2/><G2/><T107/><D107/><U84/><E1/><V21/><F131/><W76/><G117/><T19/><D129/><U69/><E5/><N who="0" m="2153" /><D123/><U0/><E0/><V79/><F79/><W56/><G7/><T72/><D72/><U133/><E133/><N who="2" m="51307" /><F118/><W9/><G122/><T16/><D120/><U121/><E121/><V37/><F37/><W61/><G76/><T86/><D86/><U51/><E69/><V17/><F22/><W33/><G20/><N who="0" m="11287" /><D19/><AGARI ba="0,0" hai="10,12,17,19,21,26,44,49,53,110,111" m="51307" machi="19" ten="30,1000,0" yaku="20,1" doraHai="98" who="2" fromWho="0" sc="273,-10,171,0,270,10,286,0" /><INIT seed="5,0,0,5,4,117" ten="263,171,280,286" oya="1" hai0="11,124,78,19,17,105,15,59,66,73,128,3,56" hai1="24,120,116,12,14,125,41,46,106,112,103,122,62" hai2="53,123,102,130,68,76,40,113,47,97,2,108,29" hai3="98,10,49,69,72,43,93,35,79,67,132,110,111"/><U1/><E116/><V13/><F2/><W6/><G35/><T36/><D105/><U32/><E1/><V94/><F108/><W65/><G132/><T101/><D101/><U87/><E112/><V48/><F130/><W134/><G134/><T83/><D36/><U133/><E133/><V26/><F123/><W7/><G79/><T88/><D128/><U60/><E87/><V28/><F113/><W21/><G72/><T81/><D124/><U27/><E103/><V39/><F68/><W45/><G21/><T118/><D118/><U92/><E92/><V115/><F115/><W77/><G77/><T18/><D3/><U16/><E106/><V37/><F76/><W55/><G43/><T96/><D66/><N who="3" m="25097" /><G69/><T58/><REACH who="0" step="1"/><D96/><REACH who="0" ten="253,171,280,286" step="2"/><U95/><E95/><V129/><F129/><W63/><G111/><T38/><D38/><U127/><E32/><V22/><F29/><W89/><G110/><T114/><D114/><U51/><E16/><V31/><F31/><W44/><G98/><T23/><D23/><U25/><E62/><V121/><F121/><N who="1" m="46697" /><E60/><V50/><F13/><W90/><G63/><T42/><D42/><U34/><E34/><V64/><F64/><W8/><G93/><T30/><D30/><U0/><E0/><V100/><F100/><W80/><G6/><T91/><D91/><U85/><E85/><AGARI ba="0,1" hai="11,15,17,18,19,56,58,59,73,78,81,83,85,88" machi="85" ten="40,2600,0" yaku="1,1,54,1,53,0" doraHai="117" doraHaiUra="70" who="0" fromWho="1" sc="253,36,171,-26,280,0,286,0" /><INIT seed="6,0,0,1,2,20" ten="289,145,280,286" oya="2" hai0="100,51,12,3,59,121,43,19,83,129,105,39,28" hai1="34,107,134,99,2,27,47,69,110,0,1,67,10" hai2="14,58,22,79,75,46,32,40,5,65,112,108,86" hai3="97,132,6,113,62,88,104,123,73,9,44,15,56"/><V95/><F32/><W16/><G123/><T26/><D121/><U31/><E134/><V63/><F112/><W49/><G113/><T48/><D3/><U74/><E110/><V66/><F108/><W127/><G132/><T126/><D105/><U76/><E47/><V117/><F117/><W106/><G73/><T101/><D39/><U45/><E45/><V64/><F75/><W89/><G127/><T114/><D114/><U118/><E118/><V41/><F5/><W60/><G6/><T102/><D43/><N who="2" m="16458" /><F46/><W35/><G35/><T13/><D126/><U133/><E133/><V119/><F119/><W61/><G56/><T50/><D83/><N who="1" m="45463" /><E10/><V124/><F124/><W71/><G71/><T7/><D7/><U84/><E84/><V77/><F95/><W53/><REACH who="3" step="1"/><G106/><REACH who="3" ten="289,145,280,276" step="2"/><T68/><D68/><U55/><E55/><N who="2" m="34271" /><F86/><W8/><G8/><T120/><D120/><U91/><E91/><V116/><F116/><W90/><G90/><T30/><D101/><AGARI ba="0,1" hai="9,15,16,44,49,53,60,61,62,88,89,97,101,104" machi="101" ten="40,5200,0" yaku="1,1,54,2,53,0" doraHai="20" doraHaiUra="78" who="3" fromWho="0" sc="289,-52,145,0,280,0,276,62" owari="237,-16.0,145,-35.0,280,8.0,338,43.0" /></mjloggm>