<mjloggm ver="2.3"><GO type="169" lobby="0"/><UN n0="%E7%B7%92%E6%96%B9%E6%99%BA%E7%B5%B5%E9%87%8C%2B" n1="%61%72%6D%65%64" n2="%E3%81%AE%E3%81%B3%E3%81%97%E3%82%8D%E2%99%82" n3="%E3%81%8B%E3%81%A5%E3%81%8D%EF%BC%B8%EF%BC%A9" dan="17,16,16,16" rate="2189.66,2064.97,2106.09,2104.55" sx="M,M,M,M"/><TAIKYOKU oya="0"/><INIT seed="0,0,0,5,0,5" ten="250,250,250,250" oya="0" hai0="76,29,63,66,36,91,23,118,90,75,47,27,24" hai1="112,20,79,19,95,44,30,106,111,53,101,64,85" hai2="107,133,80,65,78,98,26,39,89,121,67,15,59" hai3="113,99,4,109,56,73,134,55,25,16,93,10,87"/><T28/><D118/><U58/><E111/><V122/><F133/><W132/><G73/><T13/><D75/><U110/><E110/><V127/><F127/><W131/><G87/><T38/><D76/><U108/><E112/><V51/><F39/><W35/><G109/><T120/><D120/><U68/><E68/><V46/><F67/><W97/><G113/><T82/><D13/><U17/><E106/><V8/><F26/><W48/><G35/><T37/><D47/><U42/><E64/><V105/><F105/><W31/><G31/><T96/><D96/><U104/><E104/><V2/><F2/><W11/><G4/><T84/><D91/><U81/><E30/><V9/><F59/><W52/><G55/><T61/><REACH who="0" step="1"/><D66/><REACH who="0" ten="240,250,250,250" step="2"/><U116/><E116/><V117/><F65/><W7/><G99/><T115/><D115/><U94/><E101/><V62/><F15/><W77/><G77/><T40/><D40/><U102/><E102/><V126/><F89/><N who="3" m="55471" /><G131/><T21/><AGARI ba="0,1" hai="21,23,24,27,28,29,36,37,38,61,63,82,84,90" machi="21" ten="30,6000,0" yaku="1,1,0,1,9,1,53,0" doraHai="5" doraHaiUra="43" who="0" fromWho="0" sc="240,70,250,-20,250,-20,250,-20" /><INIT seed="0,1,0,1,2,44" ten="310,230,230,230" oya="0" hai0="124,99,66,8,56,107,88,58,84,104,5,4,94" hai1="39,116,12,119,65,129,122,121,50,28,1,126,91" hai2="74,69,21,14,47,9,43,52,130,133,82,96,45" hai3="106,13,135,27,23,67,109,79,105,128,53,118,41"/><T38/><D38/><U34/><E1/><V68/><F133/><W89/><G109/><T115/><D115/><U59/><E39/><V7/><F130/><W71/><G118/><T123/><D124/><U26/><E129/><V57/><F96/><W20/><G128/><T101/><D123/><U10/><E126/><V117/><F117/><W37/><G53/><T2/><D4/><U85/><E116/><V51/><F45/><W93/><G79/><T25/><D66/><U54/><E65/><V103/><F103/><W30/><G135/><T127/><D127/><U100/><E100/><V114/><F114/><W62/><G13/><T55/><D58/><U19/><REACH who="1" step="1"/><E119/><REACH who="1" ten="310,220,230,230" step="2"/><V73/><F69/><W97/><G37/><T120/><D120/><U46/><E46/><V111/><F68/><W131/><G131/><T113/><D113/><U42/><E42/><V76/><F111/><W0/><G0/><T11/><D25/><U61/><E61/><V24/><F43/><W81/><G41/><T29/><D29/><U132/><E132/><V78/><F47/><W75/><G62/><T98/><D11/><U36/><E36/><V15/><F15/><W70/><G67/><T77/><D77/><U110/><E110/><V35/><F78/><W87/><G71/><T134/><D134/><U33/><E33/><V64/><F35/><N who="3" m="20959" /><G70/><T102/><D56/><U40/><E40/><V72/><REACH who="2" step="1"/><F64/><REACH who="2" ten="310,220,220,230" step="2"/><W63/><G75/><T86/><D55/><U112/><E112/><V125/><F125/><W48/><G106/><T90/><D107/><U49/><E49/><V83/><F83/><AGARI ba="1,2" hai="10,12,19,26,28,34,50,54,59,83,85,91,121,122" machi="83" ten="30,8000,1" yaku="1,1,6,1,7,1,52,1,53,1" doraHai="44" doraHaiUra="80" who="1" fromWho="2" sc="310,0,220,103,220,-83,230,0" /><INIT seed="1,0,0,1,1,115" ten="310,323,137,230" oya="1" hai0="96,112,58,59,45,17,132,35,131,75,87,64,20" hai1="126,2,15,10,48,127,13,81,3,42,129,90,47" hai2="43,76,25,104,108,29,94,31,125,16,116,119,114" hai3="106,111,19,62,24,11,6,117,44,99,36,121,86"/><U74/><E129/><V120/><F120/><W30/><G111/><T72/><D112/><U73/><E15/><V54/><F114/><W82/><G121/><T101/><D35/><U60/><E60/><V39/><F104/><W109/><G109/><T130/><D87/><U85/><E73/><V65/><F108/><W8/><G106/><T93/><D45/><U57/><E57/><N who="0" m="21513" /><D64/><U0/><REACH who="1" step="1"/><E74/><REACH who="1" ten="310,313,137,230" step="2"/><V97/><F65/><W9/><G62/><T102/><D75/><U63/><E63/><V51/><F25/><W79/><G24/><N who="0" m="14351" /><D72/><U41/><E41/><V1/><F43/><W71/><G117/><T21/><D131/><U67/><E67/><V95/><F116/><W100/><G71/><T55/><D130/><U77/><E77/><V50/><F76/><W52/><G79/><T4/><D55/><U26/><E26/><V40/><F54/><W83/><G52/><T133/><D133/><U56/><E56/><V69/><F40/><W135/><G135/><T110/><D132/><U14/><E14/><V49/><F69/><W23/><G44/><T18/><D110/><U80/><E80/><V12/><F119/><W34/><G83/><T84/><D4/><AGARI ba="0,1" hai="0,2,3,4,10,13,42,47,48,81,85,90,126,127" machi="4" ten="40,2000,0" yaku="1,1,53,0" doraHai="115" doraHaiUra="123" who="1" fromWho="0" sc="310,-20,313,30,137,0,230,0" /><INIT seed="1,1,0,4,4,28" ten="290,343,137,230" oya="1" hai0="100,120,114,64,41,92,70,86,8,32,133,63,131" hai1="112,24,121,3,0,75,89,47,106,6,39,91,60" hai2="14,15,26,58,111,124,69,25,97,20,95,56,66" hai3="31,108,110,57,94,74,55,71,81,115,125,38,2"/><U83/><E112/><V9/><F111/><W36/><G2/><T65/><D114/><U5/><E121/><V68/><F124/><W116/><G71/><T117/><D117/><U7/><E106/><V67/><F20/><W128/><G115/><T29/><D133/><U135/><E60/><V129/><F95/><W102/><G116/><T132/><D65/><U84/><E75/><V122/><F97/><N who="3" m="59703" /><G125/><T40/><D131/><U134/><E89/><V78/><F78/><N who="3" m="44247" /><G31/><T103/><D132/><N who="1" m="50731" /><E24/><V61/><F61/><N who="3" m="36031" /><G128/><T54/><D120/><U1/><E47/><V118/><F118/><W50/><G50/><T17/><D103/><U45/><E45/><V10/><REACH who="2" step="1"/><F129/><REACH who="2" ten="290,343,127,230" step="2"/><W62/><G62/><T113/><D63/><U87/><E87/><V35/><F35/><W90/><G90/><T21/><D32/><U19/><E39/><V12/><F12/><W93/><G93/><T126/><D86/><U23/><E23/><V107/><F107/><W4/><G38/><T44/><D21/><U30/><E30/><V119/><F119/><W76/><G36/><T53/><D29/><U96/><E96/><V16/><F16/><AGARI ba="1,1" hai="0,1,3,5,6,7,16,19,83,84,91" m="50731" machi="16" ten="40,3900,0" yaku="20,1,54,1" doraHai="28" who="1" fromWho="2" sc="290,0,343,52,127,-42,230,0" /><INIT seed="1,2,0,0,4,123" ten="290,395,85,230" oya="1" hai0="22,119,32,104,106,67,39,64,9,125,87,30,16" hai1="92,112,11,66,48,83,35,96,94,74,111,117,105" hai2="91,8,53,135,103,58,131,6,44,59,50,102,84" hai3="71,31,37,52,107,13,116,40,86,72,17,26,118"/><U93/><E112/><V0/><F135/><W88/><G72/><T57/><D39/><U36/><E117/><N who="3" m="45162" /><G71/><T95/><D125/><U47/><E35/><V69/><F69/><W85/><G107/><T61/><D119/><U15/><E36/><V12/><F131/><W133/><G133/><T10/><D30/><U108/><E66/><V129/><F129/><W56/><G86/><T89/><D32/><U24/><E24/><V110/><F110/><N who="1" m="42025" /><E83/><N who="2" m="49567" /><F0/><W68/><G68/><T60/><D106/><U82/><E82/><V76/><F76/><W79/><G79/><T81/><D104/><U2/><E2/><V33/><F33/><W132/><G132/><T97/><D60/><U25/><E25/><V46/><F59/><W113/><G113/><T115/><D67/><U55/><E74/><V38/><F38/><W70/><G70/><T114/><D114/><U19/><E105/><V4/><F4/><W75/><G75/><T122/><D115/><U34/><E34/><V109/><F109/><W101/><G26/><N who="0" m="14663" /><D122/><U90/><AGARI ba="2,0" hai="11,15,19,47,48,55,90,92,93,94,96" m="42025" machi="90" ten="30,12000,1" yaku="14,1,10,1,52,3" doraHai="123" who="1" fromWho="1" sc="290,-42,395,126,85,-42,230,-42" /><INIT seed="1,3,0,5,1,18" ten="248,521,43,188" oya="1" hai0="89,71,9,57,68,81,64,91,45,0,126,78,113" hai1="20,16,12,2,48,69,93,74,65,134,1,105,10" hai2="5,73,39,83,51,130,106,50,90,53,13,88,34" hai3="119,17,41,44,114,22,117,59,96,92,27,133,80"/><U47/><E105/><V84/><F130/><W62/><G114/><T86/><D113/><U87/><E74/><V108/><F108/><W6/><G133/><T19/><D126/><U26/><E134/><V66/><F39/><W112/><G6/><T52/><D64/><U121/><E121/><V79/><F106/><W77/><G112/><T35/><D35/><U72/><E72/><V109/><F109/><W127/><G127/><T38/><D71/><U42/><E69/><V25/><F51/><W36/><G80/><T11/><D68/><U123/><E123/><V128/><F128/><W125/><G77/><T82/><D0/><U116/><E116/><V103/><F103/><W3/><G3/><T132/><D45/><U129/><E65/><V23/><F66/><W104/><G104/><T31/><D31/><U15/><E15/><V94/><F34/><W100/><REACH who="3" step="1"/><G125/><REACH who="3" ten="248,521,43,178" step="2"/><T37/><D78/><U28/><E129/><V85/><F5/><W55/><AGARI ba="3,1" hai="17,22,27,36,41,44,55,59,62,92,96,100,117,119" machi="55" ten="30,8000,1" yaku="1,1,2,1,0,1,52,1,53,1" doraHai="18" doraHaiUra="14" who="3" fromWho="3" sc="248,-23,521,-43,43,-23,178,99" /><INIT seed="2,0,0,0,4,26" ten="225,478,20,277" oya="2" hai0="9,36,39,15,5,28,80,14,67,46,127,17,94" hai1="31,38,63,59,128,20,117,58,109,114,25,100,97" hai2="116,78,120,44,62,91,92,12,24,53,102,70,30" hai3="76,123,19,61,27,83,13,66,119,75,90,21,6"/><V88/><F120/><W47/><G123/><T42/><D127/><U3/><E114/><V86/><F116/><W33/><G119/><T60/><D80/><U41/><E117/><V130/><F130/><W110/><G47/><T87/><D87/><U37/><E109/><V118/><F118/><W7/><G110/><T65/><D94/><N who="1" m="58423" /><E3/><V113/><F113/><W79/><G90/><T103/><D103/><U16/><E58/><V125/><F125/><W51/><G51/><T107/><D107/><U35/><E35/><V112/><F112/><W93/><G93/><T74/><D74/><U43/><E128/><V124/><F124/><W111/><G76/><T132/><D132/><U11/><E37/><V52/><F12/><W54/><G54/><T81/><D81/><U1/><E38/><V121/><F121/><W68/><G111/><T55/><D55/><N who="1" m="34303" /><E1/><V18/><F18/><W2/><G2/><T133/><D133/><U106/><E106/><V134/><F134/><W126/><G126/><T82/><D17/><U73/><E73/><V84/><F78/><W23/><G33/><T101/><D36/><U71/><E71/><V40/><F102/><W45/><G45/><T50/><D46/><U48/><E48/><N who="2" m="26631" /><F70/><W4/><G4/><T108/><D5/><U8/><E8/><V99/><F62/><W49/><G49/><T77/><D60/><U34/><E34/><N who="2" m="20807" /><F99/><W89/><G89/><T115/><D101/><U122/><E122/><V29/><F29/><AGARI ba="0,0" hai="6,7,13,19,21,23,27,29,61,66,68,75,79,83" machi="29" ten="30,2000,0" yaku="7,1,52,1" doraHai="26" who="3" fromWho="2" sc="225,0,478,0,20,-20,277,20" /><INIT seed="3,0,0,2,0,42" ten="225,478,0,297" oya="3" hai0="22,79,95,65,97,56,70,94,37,26,123,108,74" hai1="32,53,38,21,101,116,121,27,25,8,10,51,77" hai2="55,60,66,105,93,80,30,18,19,117,91,73,12" hai3="76,58,67,61,54,127,64,87,41,113,31,59,62"/><W81/><G113/><T107/><D108/><U3/><E121/><V23/><F117/><W135/><G135/><T86/><D123/><U36/><E3/><V104/><F55/><W133/><G133/><T47/><D70/><U45/><E32/><V118/><F118/><W40/><G127/><T129/><D74/><U103/><E36/><V5/><F5/><W29/><G54/><T125/><D129/><U1/><E38/><V83/><F83/><W88/><REACH who="3" step="1"/><G76/><REACH who="3" ten="225,478,0,287" step="2"/><T63/><D79/><U114/><E77/><N who="2" m="44079" /><F30/><AGARI ba="0,1" hai="29,30,31,40,41,58,59,61,62,64,67,81,87,88" machi="30" ten="40,12000,1" yaku="1,1,9,1,8,1,54,1,53,0" doraHai="42" doraHaiUra="49" who="3" fromWho="2" sc="225,0,478,0,0,-120,287,130" owari="225,-17.0,478,57.0,-120,-62.0,417,22.0" /></mjloggm>