<mjloggm ver="2.3"><GO type="169" lobby="0"/><UN n0="%E7%B5%B5%E7%AD%86%E3%81%A8%E5%B8%8C%E6%9C%9B%E3%81%AE%E5%94%84" n1="%4C%21%56%45" n2="%E3%81%AE%E3%81%B3%E3%81%97%E3%82%8D%E2%99%82" n3="%43%6F%6D%65%64%69%61%6E" dan="16,16,16,16" rate="2059.19,2099.51,2113.54,2113.50" sx="F,M,M,M"/><TAIKYOKU oya="0"/><INIT seed="0,0,0,4,2,131" ten="250,250,250,250" oya="0" hai0="73,27,42,67,8,58,37,9,98,129,59,78,117" hai1="93,133,100,24,31,107,25,53,13,40,132,49,3" hai2="4,46,11,21,45,54,111,120,83,26,12,104,97" hai3="115,63,118,85,128,7,92,91,124,33,112,135,130"/><T125/><D117/><U35/><E3/><V29/><F111/><W14/><G33/><T90/><D129/><N who="3" m="49769" /><G63/><T6/><D125/><U47/><E107/><V94/><F120/><W89/><G7/><T74/><D27/><U43/><E24/><V86/><F104/><W116/><G14/><T1/><D9/><U96/><REACH who="1" step="1"/><E13/><REACH who="1" ten="250,240,250,250" step="2"/><V87/><F12/><W36/><G124/><T64/><D1/><U84/><E84/><V121/><F26/><W57/><G118/><T23/><D74/><U22/><E22/><V81/><F21/><W30/><G116/><T39/><D73/><U5/><E5/><V95/><F4/><W79/><G85/><T72/><D23/><U80/><E80/><V134/><F81/><W56/><G112/><T16/><D6/><U119/><E119/><V88/><F83/><W44/><G115/><T82/><D72/><U52/><E52/><V70/><F54/><W126/><G126/><T77/><D82/><U105/><E105/><V50/><F86/><W51/><G92/><T18/><D8/><U0/><E0/><V10/><F11/><W38/><G30/><T60/><D18/><U101/><E101/><V99/><F10/><W108/><G79/><T103/><D16/><U114/><E114/><V66/><F29/><W127/><G127/><T109/><D103/><U15/><E15/><V75/><F75/><W106/><G106/><T122/><D78/><U17/><E17/><V76/><F76/><W55/><G55/><T19/><D77/><U2/><E2/><V20/><F87/><W61/><G91/><T32/><D90/><RYUUKYOKU ba="0,1" sc="250,-10,240,30,250,-10,250,-10" hai1="25,31,35,40,43,47,49,53,93,96,100,132,133" /><INIT seed="1,1,1,5,1,8" ten="240,270,240,240" oya="1" hai0="46,70,124,130,47,57,27,24,113,131,38,60,63" hai1="132,118,99,14,96,35,89,54,103,3,26,32,133" hai2="112,68,51,58,101,128,104,108,102,50,15,36,4" hai3="80,53,9,82,94,23,92,7,13,98,2,52,85"/><U25/><E3/><V109/><F128/><N who="0" m="49194" /><D113/><U116/><E54/><N who="3" m="21098" /><G2/><T45/><D38/><U37/><E89/><V77/><F112/><W28/><G85/><T55/><D124/><U66/><E66/><AGARI ba="1,1" hai="24,27,45,46,47,55,57,60,63,66,70" m="49194" machi="66" ten="30,1000,0" yaku="19,1" doraHai="8" who="0" fromWho="1" sc="240,23,270,-13,240,0,240,0" /><INIT seed="2,0,0,3,3,9" ten="263,257,240,240" oya="2" hai0="76,48,27,84,45,46,117,118,73,89,13,21,121" hai1="79,26,102,133,15,103,90,97,87,37,36,40,1" hai2="75,31,17,57,123,112,125,28,32,124,54,41,128" hai3="64,105,4,85,65,18,92,129,43,71,83,127,78"/><V99/><F128/><W51/><G105/><T50/><D121/><U29/><E1/><V53/><F112/><W77/><G71/><T16/><D76/><U80/><E133/><V8/><F123/><W70/><G70/><T62/><D73/><U60/><E103/><V20/><F75/><W96/><G127/><T113/><D113/><U126/><E126/><V5/><F32/><W7/><G78/><T98/><D98/><U58/><E40/><V22/><F41/><W24/><G129/><T72/><D72/><U107/><E79/><V100/><F125/><W35/><G35/><T94/><D62/><U91/><E91/><V82/><F82/><W34/><G34/><T104/><D104/><U135/><E135/><V132/><F132/><W33/><G33/><T120/><D120/><U63/><E63/><V122/><F122/><W30/><G30/><T11/><D50/><U19/><E26/><V47/><F47/><N who="3" m="26111" /><G18/><T131/><D131/><U116/><E29/><V106/><F124/><W12/><G24/><T23/><D23/><U74/><E74/><V114/><F22/><W88/><G7/><T39/><D39/><U130/><E116/><N who="0" m="44649" /><D48/><U111/><E111/><V2/><F114/><W38/><G38/><T119/><N who="0" m="44657" /><T69/><DORA hai="115" /><D69/><U67/><REACH who="1" step="1"/><E130/><REACH who="1" ten="263,247,240,240" step="2"/><V0/><F106/><W3/><G3/><T55/><D55/><U25/><E25/><V68/><F54/><W42/><G42/><T10/><D10/><AGARI ba="0,1" hai="10,15,19,36,37,58,60,67,80,87,90,97,102,107" machi="10" ten="30,7700,0" yaku="1,1,7,1,52,1,53,1" doraHai="9,115" doraHaiUra="56,108" who="1" fromWho="0" sc="263,-77,247,87,240,0,240,0" /><AGARI ba="0,0" hai="4,10,12,64,65,77,83,85,88,92,96" m="26111" machi="10" ten="30,7700,0" yaku="25,1,8,1,52,1,54,1" doraHai="9,115" who="3" fromWho="0" sc="186,-77,334,0,240,0,240,77" /><INIT seed="3,0,0,5,0,93" ten="109,334,240,317" oya="3" hai0="71,8,87,114,3,22,86,110,32,69,96,36,103" hai1="133,83,135,11,107,113,40,70,84,68,79,15,97" hai2="39,42,102,48,59,17,119,123,37,95,13,53,67" hai3="62,109,112,124,7,131,16,46,90,4,27,130,30"/><W56/><G112/><T117/><D117/><U134/><E113/><V41/><F123/><W82/><G124/><T50/><D36/><U61/><E40/><V128/><F128/><N who="3" m="49195" /><G109/><T51/><D32/><U12/><E12/><V31/><F119/><W58/><G46/><T85/><D114/><U1/><E1/><V78/><F31/><W65/><G58/><T111/><D22/><U34/><E34/><V44/><F78/><W43/><G43/><T94/><D3/><U125/><E125/><V54/><F67/><W55/><G65/><T80/><D80/><U132/><E61/><V21/><F39/><W99/><G82/><T129/><D8/><U29/><E29/><V92/><F102/><W108/><G108/><N who="0" m="41515" /><D129/><U26/><E26/><V104/><F104/><W52/><G55/><T6/><D6/><N who="1" m="3575" /><E135/><V14/><F42/><W98/><G16/><T118/><D118/><U49/><E49/><AGARI ba="0,0" hai="49,50,51,69,71,85,86,87,94,96,103" m="41515" machi="49" ten="30,2000,0" yaku="14,1,52,1" doraHai="93" who="0" fromWho="1" sc="109,20,334,-20,240,0,317,0" /><INIT seed="4,0,0,0,1,97" ten="129,314,240,317" oya="0" hai0="19,103,10,59,128,119,87,110,42,44,96,111,11" hai1="130,0,116,102,14,115,31,72,101,133,18,23,39" hai2="129,83,118,100,57,104,92,98,49,131,27,38,93" hai3="84,117,5,95,9,99,135,48,70,67,26,79,71"/><T34/><D119/><U7/><E116/><V89/><F38/><W40/><G117/><T25/><D128/><N who="2" m="49226" /><F118/><W65/><G135/><T3/><D59/><U28/><E72/><V56/><F83/><N who="3" m="47231" /><G71/><T4/><D87/><U68/><E68/><V52/><F27/><W50/><G70/><T22/><D34/><U86/><E39/><V54/><F89/><W16/><G5/><T109/><D11/><N who="1" m="4479" /><E0/><V35/><F35/><W108/><G108/><T113/><D113/><U124/><E130/><V21/><F21/><N who="3" m="13607" /><G9/><T47/><REACH who="0" step="1"/><D42/><REACH who="0" ten="119,314,240,317" step="2"/><U122/><E122/><V82/><F82/><W125/><G40/><T127/><D127/><U78/><E124/><V20/><F20/><W13/><G125/><T76/><D76/><U2/><E115/><V105/><F57/><W51/><G13/><T90/><D90/><AGARI ba="0,1" hai="48,50,51,65,67,90,95,99" m="13607,47231" machi="90" ten="30,2000,0" yaku="8,1,54,1" doraHai="97" who="3" fromWho="0" sc="119,-20,314,0,240,0,317,30" /><INIT seed="5,0,0,4,2,85" ten="99,314,240,347" oya="1" hai0="57,43,64,80,6,132,92,9,72,103,95,24,48" hai1="70,84,15,52,36,74,118,100,41,46,71,124,94" hai2="18,112,135,26,126,22,8,29,79,66,93,121,73" hai3="7,87,99,23,25,10,114,67,122,54,131,35,27"/><U83/><E118/><V125/><F121/><W97/><G122/><T38/><D132/><U2/><E124/><V119/><F119/><W133/><G114/><T45/><D24/><U60/><E74/><V113/><F66/><W40/><G133/><T63/><D103/><U55/><E2/><V37/><F135/><W120/><G120/><T49/><D48/><U59/><E55/><V69/><F69/><W77/><G67/><T91/><D49/><U21/><E94/><V96/><F37/><W61/><G40/><T0/><REACH who="0" step="1"/><D91/><REACH who="0" ten="89,314,240,347" step="2"/><U56/><E100/><N who="2" m="60431" /><F26/><W116/><G27/><T44/><D44/><U19/><E59/><V13/><F126/><W53/><G25/><T1/><D1/><U28/><E28/><V11/><F29/><W104/><G116/><T98/><D98/><U129/><E129/><V65/><F125/><W110/><G99/><T76/><AGARI ba="0,1" hai="0,6,9,38,43,45,57,63,64,72,76,80,92,95" machi="76" ten="30,7900,0" yaku="1,1,0,1,25,2,53,0" doraHai="85" doraHaiUra="127" who="0" fromWho="0" sc="89,89,314,-39,240,-20,347,-20" /><INIT seed="6,0,0,2,5,82" ten="178,275,220,327" oya="2" hai0="130,35,131,7,38,74,29,135,89,16,9,71,115" hai1="41,40,127,56,122,45,124,42,69,33,125,118,3" hai2="44,70,24,50,91,101,17,108,63,111,100,105,54" hai3="1,11,13,113,119,12,39,10,49,67,128,60,22"/><V4/><F4/><W132/><G39/><T5/><D71/><U117/><E33/><V120/><F120/><W14/><G119/><N who="1" m="45578" /><E3/><V114/><F114/><W55/><G128/><N who="0" m="49195" /><D74/><U76/><E76/><V88/><F70/><W6/><G132/><T46/><D89/><N who="2" m="34378" /><F105/><W126/><G126/><T31/><D46/><U73/><E73/><V34/><F63/><W21/><G11/><T26/><D38/><N who="1" m="21655" /><E69/><V93/><F93/><W19/><G22/><N who="0" m="15575" /><D115/><U79/><E79/><V25/><F17/><W102/><G102/><N who="2" m="39529" /><F34/><W52/><G113/><T51/><D51/><U43/><E56/><V30/><F30/><W133/><G133/><T116/><D116/><U104/><E104/><V85/><F85/><W48/><G48/><T97/><D97/><U84/><E84/><V99/><F99/><W75/><G75/><T81/><D81/><U86/><E86/><V110/><AGARI ba="0,0" hai="24,25,44,50,54,108,110,111" m="39529,34378" machi="110" ten="40,3900,0" yaku="10,1,54,1" doraHai="82" who="2" fromWho="2" sc="178,-13,275,-13,220,39,327,-13" /><INIT seed="6,1,0,5,0,79" ten="165,262,259,314" oya="2" hai0="37,116,77,6,53,117,30,22,100,20,111,38,32" hai1="62,18,92,74,28,14,19,134,120,23,33,123,86" hai2="21,88,42,125,56,127,65,26,76,54,9,128,97" hai3="63,104,118,52,94,47,103,57,12,13,45,68,40"/><V102/><F128/><W16/><G104/><T64/><D111/><U24/><E74/><V91/><F65/><W48/><G118/><N who="0" m="45675" /><D64/><U109/><E62/><V110/><F42/><W101/><G68/><T29/><D100/><U107/><E107/><V119/><F119/><W72/><G72/><T39/><D32/><U115/><E92/><V4/><F76/><W67/><G94/><T78/><D6/><U41/><E41/><V129/><F129/><W5/><G5/><T114/><D53/><U98/><E98/><V124/><F110/><W69/><G13/><T90/><D90/><U2/><E86/><V133/><F133/><W122/><G122/><N who="1" m="46634" /><E109/><V66/><F66/><W96/><G96/><T85/><D114/><U105/><E105/><N who="2" m="63695" /><F21/><N who="0" m="8298" /><D85/><U27/><E115/><V84/><F26/><W17/><G69/><T112/><D112/><U43/><E43/><V3/><F84/><W82/><G12/><T113/><D113/><U0/><E134/><V132/><F132/><W59/><G103/><T15/><D15/><U93/><E93/><V108/><F108/><W126/><G101/><T49/><D49/><AGARI ba="1,0" hai="3,4,9,49,54,56,88,91,124,125,127" m="63695" machi="49" ten="30,2900,0" yaku="18,1,54,1" doraHai="79" who="2" fromWho="0" sc="165,-32,262,0,259,32,314,0" /><INIT seed="6,2,0,4,1,93" ten="133,262,291,314" oya="2" hai0="118,123,13,32,104,62,35,37,71,17,113,97,135" hai1="98,9,38,127,75,126,120,63,47,31,28,66,80" hai2="68,134,133,24,90,22,19,129,23,110,121,128,91" hai3="111,115,101,41,51,21,82,67,94,20,74,34,69"/><V26/><F68/><W95/><G34/><T109/><RYUUKYOKU type="yao9" ba="2,0" sc="133,0,262,0,291,0,314,0" hai0="13,17,32,35,37,62,71,97,104,109,113,118,123,135" /><INIT seed="6,3,0,0,2,65" ten="133,262,291,314" oya="2" hai0="12,84,90,132,69,75,2,105,93,54,59,91,13" hai1="76,111,61,133,81,73,71,14,129,102,17,101,52" hai2="4,7,58,20,48,57,50,130,121,38,43,31,29" hai3="42,3,15,89,1,21,45,11,23,24,53,113,107"/><V63/><F130/><W120/><G120/><T82/><D132/><U40/><E111/><V41/><F20/><W104/><G53/><T44/><D105/><U87/><E133/><V60/><REACH who="2" step="1"/><F38/><REACH who="2" ten="133,262,281,314" step="2"/><W85/><G23/><T118/><D118/><U83/><E129/><V36/><F36/><W122/><G21/><T34/><D34/><U64/><E40/><V19/><F19/><W47/><G42/><T9/><D9/><U72/><E17/><V88/><F88/><W96/><G11/><T68/><D91/><U127/><E102/><V124/><F124/><W49/><G89/><T103/><D103/><U37/><E101/><V55/><F55/><W126/><G126/><T0/><D54/><U32/><E32/><V77/><F77/><W25/><G122/><AGARI ba="3,1" hai="4,7,29,31,41,43,48,50,57,58,60,63,121,122" machi="122" ten="25,12000,1" yaku="1,1,22,2,53,2" doraHai="65" doraHaiUra="116" who="2" fromWho="3" sc="133,0,262,0,281,139,314,-129" /><INIT seed="6,4,0,2,3,23" ten="133,262,420,185" oya="2" hai0="73,49,37,66,16,108,111,4,116,69,125,30,88" hai1="103,42,6,40,115,64,35,79,1,65,93,43,98" hai2="114,99,11,63,59,101,29,83,47,100,67,32,31" hai3="104,135,8,85,22,52,89,118,24,25,119,91,27"/><V87/><F114/><W81/><G104/><T97/><D37/><U21/><E115/><V75/><F75/><W132/><G22/><T44/><D73/><U96/><E35/><V18/><F47/><W7/><G91/><T130/><D4/><U5/><E79/><V17/><F100/><W39/><G39/><T109/><D30/><U110/><E110/><V127/><F127/><W78/><G78/><T56/><D69/><U28/><E1/><V74/><F74/><W14/><REACH who="3" step="1"/><G52/><REACH who="3" ten="133,262,420,175" step="2"/><T90/><D125/><U26/><E98/><V70/><F99/><W72/><G72/><T128/><D116/><AGARI ba="4,1" hai="7,8,14,24,25,27,81,85,89,116,118,119,132,135" machi="116" ten="40,8000,1" yaku="1,1,52,3,53,0" doraHai="23" doraHaiUra="106" who="3" fromWho="0" sc="133,-92,262,0,420,0,175,102" /><INIT seed="7,0,0,5,4,40" ten="41,262,420,277" oya="3" hai0="18,63,27,79,83,53,123,74,102,15,103,126,9" hai1="67,109,65,127,64,112,80,118,90,88,77,68,113" hai2="78,23,36,10,135,110,66,32,47,48,16,8,49" hai3="124,43,21,44,29,31,115,134,104,28,96,71,58"/><W62/><G71/><T19/><D123/><U11/><E68/><V84/><F110/><W89/><G115/><N who="1" m="44106" /><E109/><V59/><F32/><W54/><G134/><T92/><D126/><U75/><E127/><V125/><F36/><W39/><G124/><T26/><D92/><U106/><E106/><V72/><F72/><W22/><REACH who="3" step="1"/><G89/><REACH who="3" ten="41,262,420,267" step="2"/><N who="1" m="34410" /><E11/><V94/><F135/><W120/><G120/><T111/><D111/><U46/><E46/><V85/><F125/><W86/><G86/><T101/><D101/><AGARI ba="0,1" hai="21,22,28,29,31,39,43,44,54,58,62,96,101,104" machi="101" ten="40,7700,0" yaku="1,1,52,1,53,1" doraHai="40" doraHaiUra="99" who="3" fromWho="0" sc="41,-77,262,0,420,0,267,87" owari="-36,-54.0,262,-14.0,420,53.0,354,15.0" /></mjloggm>