<mjloggm ver="2.3"><GO type="169" lobby="0"/><UN n0="%E8%97%A4%E4%BA%95%E8%81%A1%E5%A4%AA" n1="%E3%81%B5%E3%82%82%E3%81%82" n2="%E5%AE%88%E6%9D%91%E6%A1%9C%E5%BC%A5" n3="%E5%BA%83%E5%B3%B6%E3%81%AE%E7%A8%AE%E9%A6%AC" dan="20,17,16,17" rate="2275.39,2173.08,2132.27,2262.98" sx="M,M,M,M"/><TAIKYOKU oya="0"/><INIT seed="0,0,0,0,1,99" ten="250,250,250,250" oya="0" hai0="72,120,91,4,48,22,8,7,73,42,93,104,56" hai1="34,33,95,112,70,101,110,3,125,41,37,94,68" hai2="64,89,26,130,132,12,129,55,100,60,29,126,69" hai3="61,134,52,14,50,46,27,44,75,123,30,40,1"/><T58/><D120/><U54/><E54/><V36/><F36/><W127/><G1/><T97/><D4/><U51/><E51/><V45/><F132/><W43/><G127/><T62/><D104/><U20/><E20/><V32/><F126/><W53/><G134/><T59/><D22/><U113/><E125/><V35/><F35/><W118/><G118/><T21/><D21/><U57/><E57/><V19/><F89/><W133/><G75/><T18/><D18/><U5/><E5/><V111/><F111/><W49/><G123/><T67/><D42/><U85/><E85/><V24/><F24/><W2/><G2/><T65/><D48/><U82/><E82/><V28/><F28/><W0/><G0/><T71/><REACH who="0" step="1"/><D65/><REACH who="0" ten="240,250,250,250" step="2"/><U98/><E41/><V38/><F38/><W114/><G133/><T135/><D135/><U23/><E23/><V74/><F19/><W66/><G114/><T124/><D124/><U39/><E3/><AGARI ba="0,1" hai="3,7,8,56,58,59,62,67,71,72,73,91,93,97" machi="3" ten="40,3900,0" yaku="1,1,53,1" doraHai="99" doraHaiUra="84" who="0" fromWho="1" sc="240,49,250,-39,250,0,250,0" /><INIT seed="0,1,0,5,3,8" ten="289,211,250,250" oya="0" hai0="103,118,83,34,33,105,80,84,104,117,10,57,91" hai1="115,25,99,46,81,74,51,0,35,95,6,111,37" hai2="20,73,100,79,11,12,28,53,69,116,85,47,97" hai3="60,22,48,107,67,93,108,9,19,49,27,122,135"/><T130/><D130/><U2/><E111/><V23/><F116/><W70/><G108/><T127/><D127/><U5/><E115/><V129/><F73/><W98/><G135/><T89/><D10/><U92/><E37/><V43/><F69/><W31/><G107/><T29/><D57/><U119/><E119/><V42/><F53/><W61/><G61/><T113/><D84/><U32/><E81/><N who="2" m="47295" /><F129/><W75/><G122/><T65/><D29/><U77/><E77/><V56/><F56/><W72/><G72/><T106/><D106/><U126/><E74/><V121/><F121/><W59/><G70/><T88/><D91/><U90/><E126/><V66/><F66/><W133/><G133/><T120/><D65/><U131/><E131/><V87/><F87/><W30/><G30/><T52/><D120/><U78/><E0/><V94/><F47/><W14/><REACH who="3" step="1"/><G75/><REACH who="3" ten="289,211,250,240" step="2"/><T13/><D117/><U18/><E2/><V96/><F28/><W64/><G64/><T21/><D105/><U124/><E124/><V4/><F97/><W26/><G26/><T38/><D104/><U63/><E99/><V76/><F76/><W62/><G62/><T15/><D118/><U50/><E63/><V71/><F71/><W82/><G82/><T132/><D83/><U39/><E78/><V68/><F68/><W114/><G114/><T41/><D113/><U16/><E25/><V36/><F36/><W123/><G123/><T58/><D38/><U109/><E39/><V102/><F94/><W17/><G17/><T134/><D132/><U1/><E95/><V45/><F96/><RYUUKYOKU ba="1,1" sc="289,-10,211,-10,250,-10,240,30" hai3="9,14,19,22,27,31,48,49,59,60,67,93,98" /><INIT seed="1,2,1,2,5,125" ten="279,201,240,270" oya="1" hai0="70,81,30,11,129,51,63,57,50,34,88,83,132" hai1="2,123,117,5,91,32,93,61,42,66,1,64,56" hai2="124,10,113,55,90,118,105,54,115,102,79,40,14" hai3="126,53,119,80,98,107,71,122,95,99,97,133,121"/><U75/><E117/><V92/><F118/><W9/><G119/><T87/><D70/><U76/><E123/><V13/><F79/><W0/><G71/><T25/><D132/><U67/><E32/><V27/><F40/><W96/><G0/><T39/><D39/><U46/><E75/><V104/><F27/><W58/><G126/><T114/><D114/><N who="2" m="43530" /><F102/><W6/><G107/><N who="2" m="41033" /><F124/><W31/><G133/><T7/><D83/><U131/><E76/><V16/><F14/><W73/><G31/><T127/><D129/><U22/><E131/><V26/><F26/><W111/><G73/><T38/><D38/><U94/><E94/><V69/><F69/><W28/><G28/><T4/><D127/><U49/><E22/><V68/><F68/><W100/><G80/><T108/><D108/><U43/><E43/><V35/><F35/><W24/><G24/><T78/><D78/><U74/><E74/><V19/><F19/><W72/><G72/><T86/><D4/><U109/><E109/><V106/><N who="2" m="41041" /><V36/><DORA hai="62" /><F36/><W47/><G111/><T12/><REACH who="0" step="1"/><D86/><AGARI ba="2,1" hai="10,13,16,54,55,86,90,92" m="41041,43530" machi="86" ten="40,2600,0" yaku="11,1,54,1" doraHai="125,62" who="2" fromWho="0" sc="279,-32,201,0,240,42,270,0" /><INIT seed="2,0,0,2,4,31" ten="247,201,282,270" oya="2" hai0="10,84,14,55,29,69,36,87,24,97,46,67,88" hai1="73,41,33,100,38,68,30,22,15,3,116,47,4" hai2="109,91,64,121,126,102,128,37,1,85,83,96,123" hai3="25,21,82,118,43,135,76,9,34,65,56,5,11"/><V62/><F126/><W108/><G118/><T94/><D69/><U0/><E116/><V35/><F1/><W125/><G108/><T111/><D67/><U50/><E73/><V90/><F37/><W112/><G125/><T134/><D111/><U12/><E68/><V8/><F109/><W113/><G43/><T26/><D26/><U106/><E22/><V58/><F128/><W59/><G135/><T49/><D36/><U130/><E130/><V127/><F127/><W122/><G11/><T117/><D134/><U105/><E105/><V104/><F35/><W63/><G59/><T86/><D117/><U75/><E75/><V74/><F8/><W48/><G48/><T39/><D39/><U131/><E131/><V60/><F74/><W129/><G122/><T81/><D24/><U103/><E103/><V95/><REACH who="2" step="1"/><F62/><REACH who="2" ten="247,201,272,270" step="2"/><W77/><G34/><T6/><REACH who="0" step="1"/><D29/><REACH who="0" ten="237,201,272,270" step="2"/><U61/><E30/><V99/><AGARI ba="0,2" hai="58,60,64,83,85,90,91,95,96,99,102,104,121,123" machi="99" ten="20,7800,0" yaku="1,1,2,1,0,1,7,1,53,0" doraHai="31" doraHaiUra="133" who="2" fromWho="2" sc="237,-26,201,-26,272,98,270,-26" /><INIT seed="2,1,0,2,1,68" ten="211,175,370,244" oya="2" hai0="132,99,113,70,117,11,12,54,110,124,88,131,103" hai1="29,71,41,26,15,101,78,97,127,111,40,53,98" hai2="95,74,79,114,30,129,86,80,100,121,20,130,65" hai3="81,17,133,25,67,66,8,10,116,89,118,16,47"/><V34/><F34/><W52/><G133/><T44/><D113/><U63/><E111/><V21/><F114/><W64/><G116/><T57/><D70/><U58/><E127/><V106/><F121/><W36/><G118/><T104/><D117/><U19/><E78/><V83/><F30/><W123/><G123/><T93/><D131/><N who="2" m="50186" /><F65/><W7/><G25/><T120/><D110/><U109/><E109/><V5/><F5/><W48/><G36/><T1/><D1/><U51/><E97/><N who="2" m="61711" /><F95/><W2/><REACH who="3" step="1"/><G10/><REACH who="3" ten="211,175,370,234" step="2"/><T55/><D132/><U115/><E115/><V38/><F38/><W96/><G96/><T23/><D120/><U128/><E128/><V92/><F92/><W42/><G42/><T76/><D11/><U31/><E26/><V37/><F37/><W39/><G39/><T18/><D93/><U6/><E41/><V13/><F21/><W77/><G77/><T56/><D76/><U94/><E40/><V87/><F80/><W61/><G61/><T28/><D23/><U105/><E105/><V90/><F20/><W3/><G3/><T9/><D9/><U45/><E98/><V0/><F0/><W35/><G35/><T125/><D99/><U32/><E32/><V135/><F135/><W69/><G69/><T46/><D104/><U107/><E107/><V24/><F24/><W59/><G59/><T91/><D103/><U14/><E71/><V43/><F43/><W27/><G27/><T72/><D56/><U62/><E94/><N who="2" m="54623" /><F86/><AGARI ba="1,1" hai="2,7,8,16,17,47,48,52,64,66,67,81,86,89" machi="86" ten="40,12000,2" yaku="1,1,54,2,53,3" doraHai="68" doraHaiUra="60" who="3" fromWho="2" sc="211,0,175,0,370,-123,234,133" /><INIT seed="3,0,0,0,0,29" ten="211,175,247,367" oya="3" hai0="66,78,84,88,35,77,36,130,14,53,40,123,92" hai1="108,18,107,93,82,113,63,58,8,122,43,67,97" hai2="7,61,4,132,9,11,48,111,81,33,131,85,60" hai3="80,16,98,46,116,102,103,68,15,54,41,21,75"/><W47/><G116/><T25/><D123/><U91/><E113/><V129/><F111/><W124/><G68/><T59/><D130/><N who="2" m="49674" /><F132/><W128/><G124/><T0/><D0/><U86/><E108/><V22/><F22/><W31/><G128/><T115/><D66/><U135/><E135/><V79/><F48/><W72/><G31/><T100/><D115/><U94/><E122/><V19/><F19/><W118/><G118/><T30/><D100/><U110/><E110/><V1/><F33/><W3/><G3/><AGARI ba="0,0" hai="1,3,4,7,9,11,60,61,79,81,85" m="49674" machi="3" ten="30,1000,0" yaku="19,1" doraHai="29" who="2" fromWho="3" sc="211,0,175,0,247,10,367,-10" /><INIT seed="4,0,0,5,5,25" ten="211,175,257,357" oya="0" hai0="95,133,74,106,108,111,132,76,135,5,123,85,84" hai1="17,41,13,131,61,94,66,75,63,36,60,48,124" hai2="93,28,55,22,113,23,7,89,103,104,65,125,30" hai3="45,9,86,78,128,120,105,51,14,114,56,67,82"/><T4/><D4/><U88/><E75/><V100/><F104/><W112/><G105/><T49/><D5/><U1/><E1/><V97/><F65/><W116/><G116/><T34/><D106/><U18/><E131/><V70/><F70/><W15/><G128/><T46/><D123/><U12/><E124/><V121/><F113/><N who="3" m="43627" /><G120/><T73/><D34/><U119/><E36/><V27/><F121/><W40/><G9/><T47/><D76/><U39/><E39/><V126/><F7/><W96/><G96/><T79/><D79/><U64/><E48/><V127/><F55/><N who="3" m="31871" /><G67/><T53/><D47/><U32/><E32/><V44/><F44/><W62/><G62/><T99/><D84/><U109/><E41/><V10/><F10/><W19/><G19/><T92/><D85/><U38/><E38/><AGARI ba="0,0" hai="14,15,38,40,45,78,82,86" m="31871,43627" machi="38" ten="30,1000,0" yaku="15,1" doraHai="25" who="3" fromWho="1" sc="211,0,175,-10,257,0,357,10" /><INIT seed="5,0,0,5,5,91" ten="211,165,257,367" oya="1" hai0="21,6,115,114,41,1,135,22,82,62,63,126,121" hai1="20,68,13,16,71,74,133,56,129,75,122,125,29" hai2="84,87,38,69,97,60,99,18,39,120,86,73,48" hai3="33,47,32,67,34,124,61,108,72,77,66,83,15"/><U0/><E122/><V59/><F73/><W90/><G108/><T3/><D41/><U117/><E117/><V80/><F80/><W88/><G124/><T51/><D51/><U79/><E125/><V37/><F120/><W8/><G47/><T54/><D126/><U131/><E0/><V7/><F7/><W4/><REACH who="3" step="1"/><G67/><REACH who="3" ten="211,165,257,357" step="2"/><T27/><D121/><U10/><E133/><V12/><F38/><W118/><G118/><T128/><D135/><U55/><E79/><V130/><F39/><W78/><G78/><T52/><D128/><N who="1" m="49227" /><E75/><V43/><F37/><W98/><G98/><T70/><D114/><U2/><E74/><V101/><F99/><W45/><G45/><T19/><D115/><U104/><E104/><V57/><F97/><W110/><G110/><T103/><D54/><U26/><E2/><V95/><F43/><W111/><G111/><T58/><D1/><U89/><E89/><V46/><F46/><W40/><G40/><T53/><D53/><U93/><E93/><V92/><F92/><W49/><G49/><AGARI ba="0,1" hai="10,13,16,20,26,29,49,55,56,68,71" m="49227" machi="49" ten="30,2900,0" yaku="19,1,54,1" doraHai="91" who="1" fromWho="3" sc="211,0,165,39,257,0,357,-29" /><INIT seed="5,1,0,0,2,92" ten="211,204,257,328" oya="1" hai0="21,56,131,102,39,8,96,100,45,73,85,7,68" hai1="77,112,0,52,129,126,120,78,40,128,67,46,111" hai2="23,84,70,9,10,15,20,19,57,36,26,89,121" hai3="50,127,114,32,82,123,135,66,81,24,91,90,71"/><U130/><E120/><V94/><F70/><W2/><G2/><T12/><D73/><U118/><E118/><V25/><F36/><W83/><G123/><T43/><D68/><U4/><E112/><V134/><F134/><W108/><G108/><T116/><D131/><U99/><E126/><V27/><F121/><W5/><G5/><T28/><D116/><U31/><E111/><V133/><F133/><W79/><G79/><T97/><D85/><U74/><E67/><V87/><F87/><W61/><G135/><T3/><D56/><U62/><E31/><V1/><F1/><W119/><G119/><T22/><D28/><U122/><E74/><V34/><F34/><W41/><G24/><N who="2" m="9321" /><F57/><W80/><G32/><T13/><D3/><U95/><E122/><V88/><F89/><W110/><G90/><T117/><D117/><U98/><E4/><V60/><F60/><W115/><G110/><T47/><D47/><U16/><E0/><V11/><F23/><W18/><G91/><T72/><D72/><U109/><E109/><V42/><F42/><W107/><G107/><T55/><D55/><U51/><E16/><AGARI ba="1,0" hai="9,10,11,15,16,19,20,27,84,88,94" m="9321" machi="16" ten="30,3900,0" yaku="8,1,54,2" doraHai="92" who="2" fromWho="1" sc="211,0,204,-42,257,42,328,0" /><INIT seed="6,0,0,1,3,47" ten="211,162,299,328" oya="2" hai0="108,102,15,77,124,0,120,58,45,12,103,116,121" hai1="86,8,20,113,64,23,71,60,115,7,9,46,2" hai2="125,34,104,30,4,84,21,109,43,97,127,56,83" hai3="55,132,133,99,38,122,134,101,80,24,18,100,31"/><V94/><F109/><W54/><G122/><T68/><D68/><U126/><E126/><V129/><F129/><W5/><G38/><T67/><D0/><U40/><E86/><V35/><F104/><W27/><G5/><T14/><D108/><U1/><E23/><V96/><F4/><W82/><G18/><T61/><D124/><U73/><E20/><V75/><F75/><W85/><G80/><T128/><D128/><U50/><E9/><V66/><F43/><W74/><G74/><T16/><D77/><U69/><E73/><V130/><F34/><N who="3" m="20839" /><G27/><T48/><D116/><U131/><E131/><V10/><F10/><W88/><G101/><N who="0" m="38411" /><D121/><U41/><E1/><V51/><F35/><W42/><G42/><N who="0" m="24631" /><D120/><U81/><E81/><V37/><F83/><W105/><AGARI ba="0,0" hai="54,55,82,85,88,99,100,105,132,133,134" m="20839" machi="105" ten="30,2000,0" yaku="20,1,54,1" doraHai="47" who="3" fromWho="3" sc="211,-5,162,-5,299,-10,328,20" /><INIT seed="7,0,0,5,5,90" ten="206,157,289,348" oya="3" hai0="111,32,121,51,17,44,77,19,89,88,42,61,7" hai1="79,16,127,78,21,132,25,10,47,108,112,131,80" hai2="109,15,118,0,12,116,94,46,53,65,27,5,50" hai3="87,28,60,68,29,126,36,54,93,8,120,40,92"/><W69/><G120/><T114/><D121/><U124/><E108/><V83/><F109/><W57/><G36/><T9/><D32/><U104/><E104/><V91/><F0/><W45/><G126/><T66/><D77/><U48/><E112/><V105/><F105/><W3/><G68/><T13/><D111/><U134/><E10/><V30/><F83/><W122/><G69/><T125/><D125/><N who="1" m="48203" /><E80/><V76/><F65/><W55/><G55/><T52/><D114/><U102/><E102/><V85/><F76/><W73/><G54/><T86/><D42/><U56/><E56/><V110/><F110/><W49/><G57/><N who="0" m="37167" /><D89/><U101/><E101/><V106/><F106/><W70/><G8/><T71/><D71/><U26/><E26/><V82/><F82/><AGARI ba="0,0" hai="7,9,13,17,19,44,51,52,82,86,88" m="37167" machi="82" ten="30,3900,0" yaku="8,1,54,2" doraHai="90" who="0" fromWho="2" sc="206,39,157,0,289,-39,348,0" owari="245,-15.0,157,-34.0,250,5.0,348,44.0" /></mjloggm>