<mjloggm ver="2.3"><GO type="169" lobby="0"/><UN n0="%E5%B1%B1%E6%9C%AC%E6%83%A3%E4%B8%80%E6%9C%97" n1="%44%27%73%2D%E3%82%B9%E3%82%BF%E3%82%B8%E3%82%AA" n2="%E7%A5%9E%E4%BB%99%E9%85%B5%E6%AF%8D" n3="%E3%81%94%E3%82%8B%E3%81%A3" dan="17,16,19,16" rate="2172.54,2065.03,2283.77,2166.03" sx="M,M,M,M"/><TAIKYOKU oya="0"/><INIT seed="0,0,0,4,1,42" ten="250,250,250,250" oya="0" hai0="72,114,60,83,91,108,2,23,37,104,90,65,77" hai1="5,101,128,4,131,66,96,120,80,34,134,61,89" hai2="88,8,14,121,57,11,118,71,29,85,52,47,87" hai3="43,49,106,67,50,38,25,84,48,21,111,86,45"/><T31/><D2/><U12/><E120/><V16/><F121/><W32/><G111/><T100/><D114/><U15/><E34/><V58/><F71/><W30/><G106/><T102/><D37/><U27/><E27/><V127/><F127/><W40/><G40/><T13/><D108/><U19/><E134/><V81/><F29/><W0/><G0/><T44/><D104/><U79/><E89/><N who="2" m="51375" /><F11/><W97/><G67/><T1/><D1/><U94/><E61/><V74/><F74/><W99/><REACH who="3" step="1"/><G32/><REACH who="3" ten="250,250,250,240" step="2"/><T36/><D65/><U129/><E66/><V112/><F112/><W51/><N who="3" m="12288" /><DORA hai="117" /><W116/><G116/><T64/><D64/><U54/><E54/><V119/><F119/><W9/><G9/><T75/><D36/><U24/><E131/><V41/><F118/><W130/><G130/><T46/><D44/><U132/><E129/><V62/><F41/><W28/><G28/><T76/><D46/><U93/><E128/><V122/><F47/><W53/><G53/><T126/><D31/><U69/><E69/><V124/><F124/><W26/><G26/><T73/><D126/><U33/><E24/><V22/><F122/><W59/><G59/><T98/><D60/><U103/><E33/><V18/><F58/><W82/><G82/><T55/><D83/><U17/><E80/><N who="2" m="49255" /><F22/><W39/><G39/><T35/><D23/><U92/><E92/><V110/><F110/><W113/><G113/><T3/><D55/><U123/><E94/><V7/><AGARI ba="0,1" hai="7,8,14,16,18,52,57,62" m="49255,51375" machi="7" ten="30,7900,0" yaku="8,1,54,3" doraHai="42,117" who="2" fromWho="2" sc="250,-39,250,-20,250,89,240,-20" /><INIT seed="1,0,0,4,2,79" ten="211,230,339,220" oya="1" hai0="76,123,120,74,83,29,36,102,67,27,107,111,18" hai1="22,11,40,9,93,7,108,99,82,90,38,80,122" hai2="65,63,45,10,117,47,66,5,91,43,134,13,104" hai3="39,94,92,81,124,16,89,31,54,35,87,71,19"/><U0/><E122/><N who="0" m="46633" /><D36/><U26/><E108/><V103/><F117/><W115/><G115/><T30/><D67/><U127/><E127/><V42/><F134/><W24/><G124/><T105/><D111/><U68/><E68/><V126/><F126/><W57/><G71/><T110/><D110/><U132/><E132/><V95/><F103/><W73/><G39/><T135/><D135/><U113/><E113/><V41/><F104/><N who="0" m="40010" /><D102/><U52/><E11/><V112/><F112/><W75/><G92/><T97/><D97/><U61/><E40/><V51/><F63/><W118/><G118/><T28/><D18/><N who="1" m="12631" /><E0/><V101/><F101/><W34/><G34/><AGARI ba="0,0" hai="27,28,29,30,34,74,76,83" m="40010,46633" machi="34" ten="30,2000,0" yaku="13,1,52,1" doraHai="79" who="0" fromWho="3" sc="211,20,230,0,339,0,220,-20" /><INIT seed="2,0,0,0,4,28" ten="231,230,339,200" oya="2" hai0="135,120,16,64,129,10,117,88,99,92,65,19,83" hai1="66,26,108,23,74,89,85,81,3,71,127,109,59" hai2="8,15,73,31,20,94,124,36,9,103,113,48,1" hai3="47,87,105,118,25,97,76,75,80,17,106,21,56"/><V35/><F36/><W125/><G125/><T72/><D120/><U122/><E3/><V62/><F73/><W27/><G118/><T29/><D129/><U13/><E71/><V41/><F113/><W68/><G68/><T86/><D135/><U119/><E119/><V54/><F124/><W126/><G126/><T58/><D72/><U44/><E127/><V130/><F41/><W63/><G47/><T115/><D115/><U38/><E74/><V46/><F130/><W50/><G50/><T5/><D29/><U102/><E102/><V69/><F1/><W18/><G75/><T96/><D96/><U70/><E70/><V42/><F20/><W57/><G57/><T34/><D34/><U40/><E13/><V90/><F103/><W82/><G82/><T30/><D30/><U91/><E91/><V43/><F8/><W37/><G37/><T134/><D134/><U22/><E122/><V52/><F31/><W77/><G77/><T114/><D114/><U32/><E32/><V100/><F100/><W84/><G84/><T39/><D39/><U78/><E78/><V133/><F35/><W112/><G97/><T14/><D117/><U121/><E121/><V49/><F133/><W51/><G51/><T61/><D65/><U45/><E45/><N who="2" m="27663" /><F62/><W11/><G11/><T107/><REACH who="0" step="1"/><D107/><REACH who="0" ten="221,230,339,200" step="2"/><U101/><E38/><V12/><F69/><W55/><G112/><T111/><D111/><U131/><E109/><V95/><F43/><W67/><G67/><T93/><D93/><U116/><E40/><N who="2" m="24775" /><F95/><W98/><G98/><T6/><D6/><U4/><E4/><RYUUKYOKU ba="0,1" sc="221,15,230,-15,339,-15,200,15" hai0="5,10,14,16,19,58,61,64,83,86,88,92,99" hai3="17,18,21,25,27,55,56,63,76,80,87,105,106" /><INIT seed="3,1,1,1,3,20" ten="236,215,324,215" oya="3" hai0="65,49,129,48,132,72,2,100,46,32,68,44,7" hai1="94,66,16,11,38,81,23,115,118,42,110,97,103" hai2="79,121,102,126,51,3,71,77,123,0,8,116,105" hai3="112,33,106,69,50,15,125,62,78,98,61,1,30"/><W88/><G112/><T95/><D72/><U58/><E115/><V73/><F71/><W64/><G1/><T9/><D129/><U56/><E110/><V63/><F63/><W24/><G78/><T133/><D32/><U55/><E118/><V84/><F51/><W29/><G29/><T10/><D10/><U108/><E108/><V119/><F8/><W4/><G125/><T92/><D68/><U130/><E130/><V14/><F14/><W104/><G61/><T76/><D65/><U60/><E38/><V134/><F73/><W12/><G4/><T67/><D67/><U131/><E131/><V127/><F84/><W101/><G104/><T21/><D21/><U85/><E42/><V57/><F57/><W120/><G120/><N who="2" m="46153" /><F3/><W18/><G18/><T28/><D28/><U83/><E11/><V75/><F0/><W82/><G50/><T113/><D76/><N who="2" m="29258" /><F134/><N who="0" m="51818" /><D113/><U25/><E85/><AGARI ba="1,1" hai="12,15,24,30,33,62,64,69,82,85,88,98,101,106" machi="85" ten="40,12000,1" yaku="25,2,52,1,54,1" doraHai="20" who="3" fromWho="1" sc="236,0,215,-123,324,0,215,133" /><INIT seed="3,2,0,0,3,68" ten="236,92,324,348" oya="3" hai0="36,67,20,105,85,57,124,91,113,77,70,56,17" hai1="75,22,16,117,74,40,133,29,100,14,21,87,101" hai2="42,96,61,37,86,98,123,134,81,135,60,129,80" hai3="76,111,39,118,72,88,125,108,65,43,34,114,64"/><W109/><G114/><T95/><D36/><U10/><E133/><N who="2" m="50699" /><F129/><W107/><G118/><T106/><D124/><U48/><E117/><V35/><F35/><W25/><G107/><T84/><D113/><U131/><E131/><V7/><F7/><W69/><G125/><T59/><D106/><U19/><E29/><V99/><F123/><W28/><G69/><T71/><D105/><U126/><E126/><V15/><F15/><W41/><G76/><T110/><D110/><U66/><E66/><V2/><F2/><W1/><G72/><T45/><D45/><U52/><E40/><V4/><F4/><W78/><G78/><T13/><D71/><U62/><E62/><N who="2" m="24171" /><F86/><W24/><G24/><T102/><D70/><U58/><E10/><V6/><F6/><W12/><G12/><T27/><D102/><U120/><E120/><V5/><F5/><W55/><G55/><T31/><D67/><U132/><E132/><V116/><F116/><W103/><G103/><N who="1" m="39498" /><E74/><V79/><F79/><W128/><G128/><T121/><D121/><U8/><E75/><V3/><F3/><W92/><G1/><T9/><REACH who="0" step="1"/><D77/><REACH who="0" ten="226,92,324,348" step="2"/><U44/><E44/><AGARI ba="2,1" hai="37,42,44,80,81,96,98,99" m="24171,50699" machi="44" ten="40,2600,0" yaku="20,1,52,1" doraHai="68" who="2" fromWho="1" sc="226,0,92,-32,324,42,348,0" /><INIT seed="4,0,0,5,4,114" ten="226,60,366,348" oya="0" hai0="20,77,29,37,122,132,50,79,57,39,59,0,89" hai1="36,68,49,92,1,8,71,115,119,24,56,23,54" hai2="26,121,69,74,18,84,131,88,17,130,12,94,111" hai3="127,32,91,51,41,48,4,93,35,11,60,13,65"/><T15/><D0/><U117/><E36/><V62/><F111/><W53/><G127/><T129/><D122/><U82/><E82/><V101/><F121/><W96/><G41/><T118/><D118/><U116/><E115/><V126/><F126/><W33/><REACH who="3" step="1"/><G53/><REACH who="3" ten="226,60,366,338" step="2"/><T125/><D125/><U112/><E112/><V25/><F130/><W76/><G76/><T55/><D129/><U21/><E92/><V102/><F131/><W80/><G80/><T7/><D55/><U9/><E23/><V135/><F94/><W3/><G3/><T45/><D20/><U63/><E1/><V86/><F135/><W97/><G97/><T123/><D77/><U34/><E34/><V16/><F12/><W95/><G95/><T109/><D15/><U46/><E8/><V120/><F120/><W83/><G83/><T124/><D79/><U70/><E9/><V99/><F99/><W108/><G108/><T103/><D109/><U98/><E98/><V78/><F78/><W42/><G42/><T72/><D124/><U5/><E5/><V66/><F74/><W38/><G38/><T85/><D7/><U61/><REACH who="1" step="1"/><E46/><REACH who="1" ten="226,50,366,338" step="2"/><V52/><F84/><W100/><G100/><T75/><D85/><U44/><E44/><V104/><F102/><W90/><G90/><T2/><D45/><U30/><AGARI ba="0,2" hai="21,24,30,49,54,56,61,63,68,70,71,116,117,119" machi="30" ten="40,8000,1" yaku="1,1,0,1,52,3,53,0" doraHai="114" doraHaiUra="43" who="1" fromWho="1" sc="226,-40,50,100,366,-20,338,-20" /><INIT seed="5,0,0,5,2,55" ten="186,150,346,318" oya="1" hai0="35,68,11,111,19,20,64,83,110,8,77,0,66" hai1="29,114,33,123,115,59,5,81,36,120,18,132,32" hai2="125,14,90,46,129,98,106,104,45,76,71,102,74" hai3="42,39,93,118,62,63,70,69,135,23,30,37,53"/><U43/><E43/><V24/><F71/><N who="3" m="27147" /><G23/><T58/><D35/><N who="1" m="13387" /><E36/><N who="3" m="13898" /><G30/><T41/><D68/><U94/><E94/><V67/><F24/><W107/><G93/><T88/><D41/><U6/><E81/><V103/><F14/><W49/><G107/><T72/><D66/><U17/><E59/><V122/><F90/><W13/><G13/><T101/><D101/><U121/><E29/><V84/><F84/><W117/><G135/><T80/><D0/><U105/><E105/><V52/><F76/><W75/><G42/><T119/><D11/><U134/><E6/><V128/><F98/><W79/><G79/><T22/><D8/><U50/><E50/><V99/><F99/><W96/><G96/><T108/><D19/><N who="1" m="7179" /><E5/><V27/><F104/><W78/><G78/><T127/><D108/><U131/><E131/><V26/><F106/><W61/><G75/><T130/><D72/><U10/><E10/><V2/><F74/><W95/><G95/><T12/><D111/><U7/><E7/><V56/><F128/><W38/><N who="3" m="13906" /><W54/><DORA hai="92" /><G54/><T40/><D130/><U28/><E28/><V9/><F129/><W51/><G51/><T124/><D40/><U47/><E47/><AGARI ba="0,0" hai="47,49,53,61,62,63,117,118" m="13906,27147" machi="47" ten="50,3200,0" yaku="34,2" doraHai="55,92" who="3" fromWho="1" sc="186,0,150,-32,346,0,318,32" /><INIT seed="6,0,0,3,4,122" ten="186,118,346,350" oya="2" hai0="41,58,7,112,115,100,56,91,63,119,126,9,14" hai1="0,38,50,52,54,12,2,111,81,97,75,125,120" hai2="49,4,93,106,84,117,1,114,87,19,118,17,72" hai3="61,62,23,131,22,92,27,28,70,47,39,55,105"/><V90/><F72/><W124/><G105/><T76/><D126/><U109/><E38/><V95/><F106/><W66/><G124/><T88/><D119/><U130/><E125/><V101/><F114/><N who="0" m="43562" /><D100/><U77/><E12/><V51/><F101/><W30/><G131/><T8/><D41/><U73/><E130/><V85/><F4/><W104/><G104/><T59/><D76/><U43/><E43/><V21/><F1/><W94/><G39/><T128/><D128/><U80/><E97/><V98/><F95/><W123/><G123/><T64/><D8/><U121/><E50/><V11/><F117/><W48/><G61/><T29/><D29/><U103/><E103/><V57/><F118/><W83/><G83/><T127/><D127/><U6/><E6/><V15/><REACH who="2" step="1"/><F57/><AGARI ba="0,0" hai="7,9,14,56,57,58,59,63,64,88,91" m="43562" machi="57" ten="30,2000,0" yaku="15,1,54,1" doraHai="122" who="0" fromWho="2" sc="186,20,118,0,346,-20,350,0" /><INIT seed="7,0,0,3,3,6" ten="206,118,326,350" oya="3" hai0="97,84,52,102,37,62,66,93,76,71,103,105,18" hai1="11,3,21,106,81,38,49,58,57,30,135,25,68" hai2="92,55,31,118,88,82,90,41,127,35,67,123,22" hai3="132,24,124,42,69,117,125,75,0,15,100,74,107"/><W17/><G0/><T10/><D37/><U40/><E38/><V121/><F118/><W50/><G69/><T120/><D120/><N who="2" m="46154" /><F35/><W47/><G132/><T36/><D36/><U19/><E68/><V48/><F127/><N who="3" m="48715" /><G117/><T64/><D64/><U78/><E135/><V32/><F32/><W54/><G24/><T28/><D28/><U130/><E106/><V34/><F34/><W39/><G100/><T122/><D76/><U72/><E130/><V43/><F67/><W51/><G107/><T108/><D108/><U113/><E113/><V101/><F31/><W1/><G1/><T94/><D105/><U86/><E72/><N who="3" m="27690" /><G54/><T133/><D62/><U63/><E30/><V73/><F22/><AGARI ba="0,0" hai="15,17,22,39,42,47,50,51" m="27690,48715" machi="22" ten="30,1500,0" yaku="18,1" doraHai="6" who="3" fromWho="2" sc="206,0,118,0,326,-15,350,15" owari="206,-19.0,118,-38.0,311,11.0,365,46.0" /></mjloggm>