<mjloggm ver="2.3"><GO type="225" lobby="0"/><UN n0="%48%61%61%61%6C%61%6E%64" n1="%E7%99%BD%E8%9B%87%E3%81%AE%E3%83%8A%E3%83%BC%E3%82%AC" n2="%70%68%65%6E%6F%6D%65" n3="%E6%81%AC%E6%B7%A1%E5%AF%82%E5%AF%9E" dan="17,16,17,16" rate="2142.14,2098.16,2200.03,2188.49" sx="M,M,M,F"/><TAIKYOKU oya="0"/><INIT seed="0,0,0,3,2,48" ten="250,250,250,250" oya="0" hai0="109,126,78,34,63,74,93,30,61,13,77,15,47" hai1="29,23,52,108,40,0,44,92,33,8,128,125,56" hai2="135,120,51,98,20,32,55,19,27,106,97,72,73" hai3="41,7,53,121,104,12,26,94,71,50,81,84,36"/><T83/><D126/><U59/><E125/><V124/><F120/><W85/><G104/><T43/><D109/><U115/><E33/><V79/><F135/><W4/><G71/><T2/><D2/><U68/><E68/><V11/><F32/><W133/><G133/><T113/><D113/><U88/><E115/><V45/><F124/><W67/><G67/><T58/><D78/><U37/><E108/><V96/><F106/><W24/><G41/><T80/><D80/><U17/><E29/><V87/><REACH who="2" step="1"/><F11/><REACH who="2" ten="250,250,240,250" step="2"/><W35/><G35/><T101/><D34/><U28/><E8/><V89/><F89/><N who="3" m="53551" /><G121/><T110/><D110/><U117/><E117/><V95/><F95/><W21/><G21/><T90/><D101/><U42/><E128/><V134/><F134/><W5/><G12/><T130/><D130/><U18/><E0/><V57/><F57/><N who="1" m="22089" /><E37/><V69/><F69/><W112/><G36/><T111/><D111/><U127/><E127/><V25/><F25/><W60/><G24/><T86/><D61/><U114/><E114/><V9/><F9/><W122/><G60/><T132/><D132/><U129/><E129/><V10/><F10/><W22/><G112/><T131/><D131/><U116/><E116/><V14/><F14/><W16/><G122/><T1/><D1/><U46/><E23/><V100/><F100/><W49/><G4/><T107/><D107/><U64/><E92/><V99/><N who="2" m="24576" /><DORA hai="76" /><V70/><F70/><W62/><G5/><T103/><D103/><U118/><E118/><V102/><F102/><W123/><G7/><T6/><D6/><RYUUKYOKU ba="0,1" sc="250,-10,250,-10,240,30,250,-10" hai2="19,20,27,45,51,55,72,73,79,87" /><INIT seed="1,1,1,1,5,41" ten="240,240,270,240" oya="1" hai0="83,134,87,104,72,21,66,39,55,36,93,79,9" hai1="27,98,69,99,28,84,74,88,113,106,111,120,63" hai2="107,121,13,73,10,20,50,47,5,89,71,29,30" hai3="123,6,130,58,125,133,90,1,116,108,46,3,35"/><U94/><E113/><V65/><F121/><W16/><G123/><T54/><D104/><U81/><E120/><V118/><F118/><W100/><G35/><T102/><D134/><U122/><E122/><V52/><F73/><W103/><G6/><T11/><D66/><U51/><E111/><V68/><F107/><W7/><G7/><T49/><D21/><U128/><E128/><V31/><F65/><W117/><G58/><T23/><D23/><U109/><E109/><V70/><REACH who="2" step="1"/><F89/><REACH who="2" ten="240,240,260,240" step="2"/><W76/><G90/><T34/><D72/><U112/><E74/><V42/><F42/><W24/><G108/><T26/><D79/><U38/><E106/><V127/><F127/><W77/><G125/><T0/><D102/><U75/><E75/><V44/><F44/><W124/><G124/><T114/><D114/><U45/><E112/><V97/><F97/><W62/><G46/><T4/><D87/><U2/><E99/><V110/><F110/><W132/><G130/><T60/><D55/><U57/><E98/><V37/><F37/><W15/><G103/><T18/><D36/><U14/><E38/><V101/><F101/><W53/><G100/><T119/><D39/><U135/><E45/><V92/><F92/><W115/><G115/><T59/><D93/><U129/><E94/><V8/><F8/><W67/><G67/><T61/><D119/><U40/><E40/><V82/><F82/><W12/><G53/><T78/><D83/><U56/><E81/><V33/><F33/><W86/><G86/><T131/><D78/><N who="3" m="30313" /><G116/><T95/><D34/><U22/><E129/><RYUUKYOKU ba="1,2" sc="240,-10,240,-10,260,30,240,-10" hai2="5,10,13,20,29,30,31,47,50,52,68,70,71" /><INIT seed="2,2,2,0,2,25" ten="230,230,290,230" oya="2" hai0="33,4,117,40,106,18,23,133,131,65,71,24,73" hai1="27,29,88,48,132,9,99,97,109,7,124,45,5" hai2="60,35,30,44,42,134,37,43,78,100,85,91,98" hai3="6,14,103,126,67,82,13,80,52,112,127,28,50"/><V57/><F134/><W96/><G67/><T101/><D73/><U118/><E118/><V104/><F43/><W83/><G112/><T58/><D133/><U70/><E70/><V11/><F11/><W41/><G41/><T10/><D117/><U15/><E132/><V32/><F78/><W59/><G28/><T75/><D75/><U62/><E109/><V113/><F113/><W2/><G2/><T54/><D40/><U68/><E124/><N who="3" m="47658" /><G6/><T19/><D65/><U31/><E5/><V93/><F30/><N who="1" m="11273" /><E27/><V47/><F47/><W90/><G90/><T12/><D71/><U38/><E38/><V26/><F26/><W125/><N who="3" m="47666" /><W135/><DORA hai="120" /><G135/><T72/><D4/><U81/><E62/><V55/><AGARI ba="2,2" hai="32,35,37,42,44,55,57,60,85,91,93,98,100,104" machi="55" ten="20,2100,0" yaku="0,1,7,1" doraHai="25,120" who="2" fromWho="2" sc="230,-9,230,-9,290,47,230,-9" /><INIT seed="2,3,0,0,1,81" ten="221,221,337,221" oya="2" hai0="79,94,24,60,99,109,13,122,78,17,98,22,34" hai1="8,43,106,3,19,11,127,103,63,23,114,84,96" hai2="56,129,39,16,128,101,111,10,135,48,6,31,93" hai3="71,0,4,112,68,113,76,69,108,102,107,130,82"/><V54/><F135/><W100/><G108/><T32/><D122/><U105/><E114/><N who="3" m="44138" /><G130/><T9/><D109/><U77/><E127/><V53/><F31/><W87/><G107/><T26/><D99/><U29/><E29/><V90/><F39/><W124/><G124/><T97/><D98/><U66/><E43/><V49/><F101/><W36/><G36/><T117/><D117/><U121/><E106/><V55/><F111/><W132/><G132/><T1/><D60/><U67/><E121/><V85/><F16/><W52/><G52/><T123/><D123/><U126/><E126/><V86/><F54/><W75/><G75/><T38/><D38/><U65/><E63/><V45/><REACH who="2" step="1"/><F86/><REACH who="2" ten="221,221,327,221" step="2"/><W119/><G119/><T28/><D26/><U83/><REACH who="1" step="1"/><E3/><AGARI ba="3,1" hai="3,6,10,45,48,49,53,55,56,85,90,93,128,129" machi="3" ten="40,12000,1" yaku="1,1,2,1,52,1,53,2" doraHai="81" doraHaiUra="50" who="2" fromWho="1" sc="221,0,221,-129,327,139,221,0" /><INIT seed="2,4,0,0,3,29" ten="221,92,466,221" oya="2" hai0="108,8,126,82,44,74,129,94,104,99,51,41,9" hai1="62,90,67,37,42,1,102,93,71,5,135,86,23" hai2="125,120,28,0,7,117,30,3,121,60,40,69,81" hai3="109,133,114,16,127,106,70,39,118,32,21,100,76"/><V116/><F40/><W79/><RYUUKYOKU type="yao9" ba="4,0" sc="221,0,92,0,466,0,221,0" hai3="16,21,32,39,70,76,79,100,106,109,114,118,127,133" /><INIT seed="2,5,0,5,5,26" ten="221,92,466,221" oya="2" hai0="44,110,50,63,24,39,111,99,8,81,125,57,12" hai1="69,64,47,29,5,66,36,118,82,9,62,71,113" hai2="100,76,1,124,48,0,3,32,68,49,54,122,114" hai3="102,56,93,103,55,89,38,106,7,132,58,6,53"/><V116/><F114/><W83/><G38/><T20/><D125/><U10/><E113/><V23/><F32/><W86/><G106/><T14/><D39/><U96/><E118/><V97/><F116/><W33/><G33/><T70/><D70/><U78/><E29/><V41/><F68/><W115/><G132/><T73/><D99/><U34/><E34/><V40/><F76/><W25/><G25/><T15/><D73/><U120/><E120/><V37/><F37/><W65/><G65/><N who="0" m="39151" /><D81/><U17/><E96/><V61/><F124/><W77/><G115/><T67/><D67/><U112/><E112/><V27/><F61/><N who="3" m="35983" /><G77/><T101/><D101/><N who="3" m="38409" /><G83/><T28/><D111/><U95/><E95/><V4/><F122/><W105/><G105/><T123/><D110/><U13/><E66/><V109/><F109/><W22/><G22/><T74/><D74/><U75/><E62/><AGARI ba="5,0" hai="6,7,55,58,62,86,89,93" m="38409,35983" machi="62" ten="30,1000,0" yaku="8,1" doraHai="26" who="3" fromWho="1" sc="221,0,92,-25,466,0,221,25" /><INIT seed="3,0,0,4,2,19" ten="221,67,466,246" oya="3" hai0="81,12,3,4,27,56,44,13,42,123,115,40,127" hai1="16,28,96,58,66,83,125,86,108,31,49,63,132" hai2="70,14,50,129,94,47,110,10,29,113,53,74,119" hai3="105,48,114,133,52,54,33,124,117,36,82,126,116"/><W98/><G114/><T67/><D123/><U71/><E132/><V8/><F74/><W22/><G33/><T130/><D115/><U65/><E108/><V79/><F70/><W1/><G36/><T88/><D127/><N who="3" m="48681" /><G1/><T134/><D130/><U80/><E125/><V9/><F110/><W23/><G133/><T5/><D27/><U62/><E96/><V120/><F119/><N who="3" m="45643" /><G82/><T107/><D107/><U77/><E49/><V104/><F129/><W93/><G105/><T34/><D34/><U131/><E131/><V55/><F104/><W103/><G54/><T99/><D81/><U122/><E122/><V118/><F113/><W89/><G103/><T73/><D3/><U91/><E83/><V121/><F118/><W87/><G87/><T112/><D73/><U64/><E64/><V18/><F120/><W51/><G51/><N who="0" m="27015" /><D42/><U43/><E43/><V76/><F121/><W61/><G61/><N who="0" m="38311" /><D112/><U30/><E77/><V17/><F55/><W57/><AGARI ba="0,0" hai="22,23,48,52,57,89,93,98" m="45643,48681" machi="57" ten="30,11700,0" yaku="18,1,52,2,54,1" doraHai="19" who="3" fromWho="3" sc="221,-39,67,-39,466,-39,246,117" /><INIT seed="3,1,0,5,0,57" ten="182,28,427,363" oya="3" hai0="42,64,92,128,81,15,97,22,56,113,52,99,129" hai1="76,67,71,114,85,134,131,4,91,31,53,13,55" hai2="26,105,133,84,102,69,100,62,122,7,54,40,110" hai3="12,119,106,120,79,9,115,0,41,19,80,50,118"/><W68/><G115/><T108/><D113/><U17/><E114/><V23/><F105/><W116/><G120/><T32/><D32/><U123/><E123/><V30/><F122/><W25/><BYE who="1" /><G106/><T65/><D42/><UN n1="%E7%99%BD%E8%9B%87%E3%81%AE%E3%83%8A%E3%83%BC%E3%82%AC" /><U35/><E35/><BYE who="1" /><V37/><F7/><W66/><G0/><T11/><D108/><U18/><E18/><UN n1="%E7%99%BD%E8%9B%87%E3%81%AE%E3%83%8A%E3%83%BC%E3%82%AC" /><V89/><F110/><W36/><G36/><T121/><D121/><U125/><E125/><V10/><BYE who="1" /><F10/><W127/><G127/><T101/><D22/><U74/><E74/><V109/><F109/><W132/><G132/><T95/><D81/><U2/><E2/><V83/><F133/><W6/><G25/><T60/><D128/><U130/><E130/><V111/><F111/><W59/><G19/><T44/><D44/><U39/><E39/><V82/><F82/><W72/><G68/><T16/><REACH who="0" step="1"/><D129/><REACH who="0" ten="172,28,427,363" step="2"/><U8/><E8/><V112/><F112/><W27/><G41/><T90/><AGARI ba="1,1" hai="11,15,16,52,56,60,64,65,90,92,95,97,99,101" machi="90" ten="20,16000,3" yaku="1,1,2,1,0,1,7,1,8,1,52,1,54,2,53,0" doraHai="57" doraHaiUra="33" who="0" fromWho="0" sc="172,173,28,-41,427,-41,363,-81" owari="345,15.0,-13,-51.0,386,48.0,282,-12.0" /></mjloggm>