<mjloggm ver="2.3"><GO type="185" lobby="0"/><UN n0="%50%42%33%2D%50" n1="%6B%2D%70%6F%69%6E%74" n2="%E3%82%8C%E3%81%99%E3%81%93" n3="" dan="17,17,16,0" rate="2262.80,2271.85,2236.11,1500.00" sx="M,M,F,C"/><TAIKYOKU oya="0"/><INIT seed="0,0,0,4,5,117" ten="350,350,350,0" oya="0" hai0="127,84,74,108,35,132,34,93,44,3,113,46,64" hai1="87,47,0,94,68,60,82,100,120,110,134,91,95" hai2="106,101,55,107,123,111,121,66,128,75,115,96,50" hai3=""/><T37/><D64/><U105/><N who="1" m="30752" /><U2/><E110/><V63/><N who="2" m="31008" /><V135/><N who="2" m="31520" /><V71/><F115/><T92/><D93/><U126/><E126/><V76/><F111/><T130/><D92/><U77/><E134/><V131/><F135/><T124/><D84/><U36/><E105/><V89/><F106/><T98/><D98/><U119/><E119/><V53/><F89/><T61/><D46/><U65/><E100/><V118/><F118/><T39/><D127/><U72/><REACH who="1" step="1"/><E94/><REACH who="1" ten="350,340,350,0" step="2"/><V112/><F112/><T56/><D113/><U97/><E97/><V102/><F102/><T114/><D124/><U86/><E86/><V57/><F75/><T109/><D74/><U32/><E32/><V125/><F125/><T69/><D34/><U116/><E116/><V103/><F103/><T79/><D35/><U42/><AGARI ba="0,1" hai="0,2,36,42,47,60,65,68,72,77,82,87,91,95" m="30752" machi="42" ten="30,6000,1" yaku="1,1,0,1,52,2,53,1" doraHai="117" doraHaiUra="58" who="1" fromWho="1" sc="350,-40,340,70,350,-20,0,0" /><INIT seed="1,0,0,4,3,118" ten="310,410,330,0" oya="1" hai0="134,109,98,105,81,110,121,32,122,113,104,102,132" hai1="76,103,38,41,55,126,88,53,80,33,74,89,66" hai2="0,39,51,72,92,85,79,35,50,1,83,47,95" hai3=""/><U43/><E33/><V99/><F35/><T69/><D32/><U115/><E115/><V68/><F68/><T112/><D69/><U131/><E131/><V67/><F39/><T117/><D104/><U45/><E126/><V34/><F34/><T108/><D81/><U62/><E103/><V84/><F67/><T114/><D117/><U97/><E41/><V64/><F64/><T71/><D71/><U60/><E60/><V37/><F37/><T106/><REACH who="0" step="1"/><D105/><REACH who="0" ten="300,410,330,0" step="2"/><U46/><E46/><V73/><F73/><T127/><D127/><U125/><E125/><V111/><F111/><T77/><D77/><U61/><E61/><V87/><F95/><T56/><D56/><U86/><E74/><V2/><REACH who="2" step="1"/><F47/><REACH who="2" ten="300,410,320,0" step="2"/><T49/><D49/><U124/><E124/><V133/><F133/><AGARI ba="0,2" hai="98,102,106,108,109,110,112,113,114,121,122,132,133,134" machi="133" ten="50,32000,5" yaku="1,1,14,1,20,1,23,2,34,3,52,2,53,3" doraHai="118" doraHaiUra="129" who="0" fromWho="2" sc="300,340,410,0,320,-320,0,0" /><INIT seed="2,0,0,3,2,92" ten="640,410,0,0" oya="2" hai0="98,80,101,112,102,96,120,46,126,106,135,111,40" hai1="62,105,58,104,128,66,77,89,73,37,64,115,67" hai2="97,41,95,69,76,132,1,78,82,88,43,50,49" hai3=""/><V124/><F1/><T47/><N who="0" m="30752" /><T81/><D111/><U54/><E37/><V83/><F69/><T84/><D112/><U109/><E109/><V38/><F132/><T123/><N who="0" m="31520" /><T2/><D2/><U119/><E115/><V129/><F129/><T121/><N who="0" m="31008" /><T134/><D126/><U72/><E119/><V100/><F124/><T33/><D33/><U3/><E3/><V59/><F38/><T51/><D47/><U118/><E128/><V65/><F100/><T133/><D84/><U86/><E118/><V74/><F50/><T48/><D48/><U44/><E44/><V32/><F32/><T91/><D91/><U0/><E0/><V85/><F65/><T56/><D56/><U63/><E63/><V110/><F110/><T34/><D34/><U42/><E67/><V99/><F99/><T36/><D36/><U53/><E66/><V70/><F70/><T60/><D60/><U114/><E114/><V107/><F107/><AGARI ba="0,0" hai="40,46,51,80,81,96,98,101,102,106,107,133,134,135" m="31008,31520,30752" machi="107" ten="40,12000,2" yaku="9,1,20,1,52,5" doraHai="92" who="0" fromWho="2" sc="640,120,410,0,0,-120,0,0" owari="760,71.0,410,1.0,-120,-72.0,0,0.0" /></mjloggm>