<mjloggm ver="2.3"><GO type="169" lobby="0"/><UN n0="%E3%82%82%E3%82%8A%E3%81%9E%E3%83%BC%33%38" n1="%6B%6F%6D%69" n2="%E7%89%8C%E6%B5%81%E7%8A%B6%E6%85%8B%E9%BA%BB%E9%9B%80" n3="%61%7A%75%73%61%5F%6D%6A" dan="17,16,17,16" rate="2179.03,2139.83,2178.73,2043.26" sx="M,M,M,M"/><TAIKYOKU oya="0"/><INIT seed="0,0,0,2,3,62" ten="250,250,250,250" oya="0" hai0="35,125,23,21,86,28,17,42,112,69,56,26,89" hai1="34,5,105,38,108,126,39,104,93,111,2,15,9" hai2="51,20,13,79,31,76,43,8,119,65,37,120,4" hai3="10,74,87,1,99,132,88,82,52,134,44,98,11"/><T114/><D69/><U130/><E34/><V80/><F120/><W60/><G74/><T124/><D42/><U90/><E126/><N who="0" m="48745" /><D56/><U63/><E130/><V6/><F37/><W115/><G115/><N who="0" m="44075" /><D89/><U81/><E81/><V46/><F119/><W123/><G123/><T116/><D86/><U95/><E2/><V71/><F4/><N who="3" m="1295" /><G11/><T47/><D47/><U40/><E63/><V131/><F131/><W135/><G60/><T57/><D57/><U121/><E121/><V33/><F33/><W85/><G85/><T30/><D116/><U25/><E93/><V7/><F7/><W118/><G118/><T101/><D101/><U133/><E40/><V102/><F102/><W106/><G106/><T50/><D50/><AGARI ba="0,0" hai="44,50,52,82,87,88,98,99,132,134,135" m="1295" machi="50" ten="30,3900,0" yaku="20,1,54,2" doraHai="62" who="3" fromWho="0" sc="250,-39,250,0,250,0,250,39" /><INIT seed="1,0,0,5,5,4" ten="211,250,250,289" oya="1" hai0="23,40,3,88,94,130,14,119,132,6,27,35,98" hai1="121,51,105,5,78,113,54,63,43,16,38,127,46" hai2="37,97,134,22,65,116,68,8,74,102,13,34,115" hai3="44,101,92,19,69,0,111,12,9,133,62,85,57"/><U48/><E113/><V29/><F116/><W71/><G111/><T15/><D119/><U131/><E105/><V124/><F74/><W79/><G133/><T55/><D132/><U123/><E5/><V20/><F37/><W87/><G0/><T36/><D130/><U31/><E131/><V56/><F124/><W61/><G61/><T2/><D35/><U59/><E31/><V26/><F115/><W126/><G126/><T1/><D6/><U135/><E135/><V95/><F68/><W70/><G79/><T82/><D40/><U41/><E127/><V108/><F108/><W120/><G120/><N who="1" m="46154" /><E16/><V89/><F134/><W125/><G125/><T18/><D36/><N who="1" m="21799" /><E78/><V10/><F10/><W42/><G92/><T47/><REACH who="0" step="1"/><D82/><REACH who="0" ten="201,250,250,289" step="2"/><U75/><E75/><V128/><F128/><W33/><G33/><T110/><D110/><U129/><E129/><V106/><F34/><W114/><G114/><T49/><AGARI ba="0,1" hai="1,2,3,14,15,18,23,27,47,49,55,88,94,98" machi="49" ten="40,5200,0" yaku="1,1,0,1,54,1,53,0" doraHai="4" doraHaiUra="122" who="0" fromWho="0" sc="201,62,250,-26,250,-13,289,-13" /><INIT seed="2,0,0,2,3,85" ten="263,224,237,276" oya="2" hai0="97,117,30,15,16,105,79,104,2,102,5,56,69" hai1="11,36,88,120,34,77,90,76,128,50,58,100,87" hai2="0,60,119,52,116,45,80,10,93,130,62,63,70" hai3="8,44,49,33,113,57,107,121,131,127,122,13,89"/><V14/><F0/><W124/><G33/><T134/><D134/><U86/><E36/><V73/><F130/><W111/><G131/><T53/><D69/><U109/><E128/><V61/><F70/><W35/><G35/><T106/><D117/><U40/><E34/><V41/><F93/><W92/><G107/><T47/><D30/><U7/><E109/><V110/><F110/><W114/><G57/><T72/><D47/><N who="1" m="25959" /><E100/><V19/><N who="2" m="15360" /><DORA hai="108" /><V20/><F20/><W38/><G38/><T65/><D65/><U67/><E58/><V39/><REACH who="2" step="1"/><F52/><REACH who="2" ten="263,224,227,276" step="2"/><N who="3" m="29735" /><G111/><T4/><D2/><U91/><E120/><V54/><F54/><W68/><G68/><T125/><D53/><U18/><E67/><V9/><F9/><W23/><G23/><T31/><D106/><U118/><E118/><V112/><F112/><N who="3" m="43115" /><G121/><T25/><D105/><U55/><E55/><V133/><F133/><W71/><G71/><T32/><D56/><U94/><E94/><V95/><F95/><W74/><G122/><T3/><D3/><U82/><E11/><V123/><F123/><W37/><G37/><T26/><D32/><U66/><E66/><V59/><F59/><W51/><G51/><T75/><D104/><U64/><E64/><V135/><F135/><W99/><G74/><T42/><D75/><U1/><E1/><V46/><F46/><W98/><G98/><T28/><D97/><U78/><E86/><V129/><F129/><W132/><G132/><T12/><D72/><U22/><E87/><V6/><F6/><AGARI ba="0,1" hai="6,8,13,89,92,99,124,127" m="43115,29735" machi="6" ten="30,12000,2" yaku="11,1,52,4,54,1" doraHai="85,108" who="3" fromWho="2" sc="263,0,224,0,227,-120,276,130" /><INIT seed="3,0,0,3,4,25" ten="263,224,107,406" oya="3" hai0="72,54,2,41,43,82,3,38,113,21,90,44,26" hai1="55,12,35,5,57,56,109,20,106,7,22,40,77" hai2="92,9,4,116,14,78,60,48,31,123,105,132,30" hai3="127,46,103,33,28,62,65,93,32,114,128,10,89"/><W130/><G114/><T36/><D113/><U118/><E106/><V87/><F105/><W85/><G127/><T51/><D43/><U100/><E100/><V6/><F116/><W70/><G103/><T81/><D36/><U124/><E35/><V108/><F108/><W11/><G46/><T67/><D67/><U112/><E112/><V107/><F107/><W29/><G33/><T79/><D82/><U84/><E109/><V97/><F4/><W39/><G39/><T83/><D90/><U64/><E40/><V37/><F37/><W61/><G61/><T34/><D34/><U74/><E74/><V24/><F24/><W49/><G49/><T66/><D83/><N who="1" m="47215" /><E124/><V96/><F132/><W115/><G115/><T131/><D66/><U45/><E45/><V0/><F0/><W80/><G80/><T88/><D88/><U101/><E101/><V15/><F123/><W133/><G133/><T99/><D99/><N who="2" m="37962" /><F15/><W117/><G117/><T125/><D131/><N who="3" m="50217" /><G32/><T1/><D125/><U17/><E118/><V58/><F48/><W69/><G69/><T129/><D129/><U76/><E12/><V16/><F6/><W119/><G119/><T111/><D111/><U91/><E7/><V134/><F134/><W50/><G50/><T110/><D110/><U95/><E5/><V86/><F78/><W18/><G18/><N who="0" m="12599" /><D38/><U104/><E17/><V75/><F75/><W52/><G52/><T47/><D47/><U53/><E76/><V68/><F68/><W13/><G13/><T135/><D135/><U71/><E71/><V59/><F14/><W98/><G98/><RYUUKYOKU ba="0,0" sc="263,15,224,-15,107,-15,406,15" hai0="1,2,3,41,44,51,54,72,79,81" hai3="10,11,28,29,62,65,70,85,89,93" /><INIT seed="3,1,0,3,3,2" ten="278,209,92,421" oya="3" hai0="101,135,119,82,6,8,49,45,57,128,93,127,58" hai1="23,53,123,70,134,126,43,36,121,48,78,102,88" hai2="35,55,13,16,65,103,64,130,112,79,18,97,21" hai3="99,109,19,62,104,24,52,41,113,51,80,95,30"/><W38/><G113/><T4/><D119/><U98/><E78/><V118/><F112/><W96/><G104/><T129/><D127/><U17/><E126/><V105/><F118/><W106/><G106/><T60/><D135/><U91/><E70/><V120/><F130/><N who="0" m="50282" /><D8/><U14/><E134/><V92/><F120/><W125/><G125/><T133/><D133/><U73/><E73/><V44/><F35/><W54/><G19/><T20/><D20/><U83/><E43/><V34/><F34/><W71/><G109/><T77/><D93/><U111/><E36/><V74/><F105/><W28/><G80/><T1/><D1/><U114/><E111/><V11/><F79/><W89/><G99/><T107/><D101/><U122/><E83/><V42/><F55/><W69/><G54/><N who="0" m="29999" /><D107/><U66/><E114/><V7/><F74/><W110/><G110/><T67/><D57/><U100/><E66/><V56/><F56/><W76/><G28/><T87/><AGARI ba="1,0" hai="4,6,58,60,67,77,82,87" m="29999,50282" machi="87" ten="30,4000,0" yaku="19,1,52,2" doraHai="2" who="0" fromWho="0" sc="278,43,209,-11,92,-11,421,-21" /><INIT seed="4,0,0,5,0,12" ten="321,198,81,400" oya="0" hai0="113,37,68,17,6,70,3,81,73,44,72,130,91" hai1="16,98,9,80,26,52,103,58,43,59,34,54,92" hai2="29,111,69,128,0,123,38,88,129,42,20,84,60" hai3="94,101,96,65,86,55,121,13,48,104,74,109,8"/><T78/><D113/><U53/><E43/><V5/><F111/><W41/><G109/><T93/><D130/><U45/><E45/><V82/><F123/><W127/><G74/><T99/><D72/><U15/><REACH who="1" step="1"/><E80/><REACH who="1" ten="321,188,81,400" step="2"/><V115/><F42/><W14/><G41/><N who="0" m="22575" /><D17/><U24/><E24/><V51/><F82/><W119/><G121/><T90/><D90/><U97/><E97/><V118/><F88/><W49/><G96/><T83/><D83/><U61/><E61/><V106/><F60/><W40/><G40/><T116/><D116/><U85/><E85/><V33/><F84/><W32/><G86/><T1/><D1/><U21/><E21/><V102/><F20/><W110/><G119/><T108/><D108/><U133/><E133/><V125/><F0/><W18/><G110/><T100/><D91/><U27/><E27/><V28/><F118/><W19/><G18/><T35/><D35/><U71/><E71/><V117/><F69/><W10/><G32/><T107/><D93/><U126/><E126/><V39/><F125/><W50/><G94/><T62/><D62/><U122/><E122/><V22/><F33/><W75/><G127/><T30/><D30/><AGARI ba="0,1" hai="9,15,16,26,30,34,52,53,54,58,59,92,98,103" machi="30" ten="40,8000,1" yaku="1,1,52,1,54,2,53,0" doraHai="12" doraHaiUra="79" who="1" fromWho="0" sc="321,-80,188,90,81,0,400,0" /><INIT seed="5,0,0,4,5,62" ten="241,278,81,400" oya="1" hai0="23,111,84,2,54,24,26,19,85,41,46,107,73" hai1="13,11,83,109,134,100,61,106,65,135,64,114,16" hai2="52,112,43,105,133,48,29,126,121,42,36,130,125" hai3="25,124,74,120,63,15,8,51,89,58,59,53,104"/><U50/><E114/><V77/><F105/><W131/><G120/><T33/><D111/><U49/><E109/><V128/><F77/><W123/><G123/><T79/><D107/><U95/><E106/><V101/><F101/><W86/><G104/><T92/><D2/><U34/><E34/><V68/><F29/><W119/><G74/><T66/><D54/><U90/><E83/><V116/><F121/><W60/><G119/><T91/><D73/><U55/><E100/><V9/><F9/><W113/><G113/><T70/><D33/><U88/><E50/><V81/><F81/><N who="3" m="49359" /><G124/><N who="2" m="47721" /><F116/><W75/><G75/><T5/><D5/><U129/><E129/><N who="2" m="49771" /><F112/><W117/><G117/><T71/><D26/><U10/><E10/><V118/><F118/><W78/><G78/><T103/><D103/><U38/><E38/><V110/><F110/><W69/><G25/><T115/><D115/><U14/><E14/><V47/><F68/><W35/><G69/><T37/><D71/><U82/><E82/><V80/><F80/><W132/><G8/><T18/><D79/><U122/><E122/><V94/><F94/><W102/><G102/><T97/><D18/><U87/><E90/><V127/><N who="2" m="47729" /><V30/><DORA hai="99" /><F30/><W44/><G131/><T3/><D3/><U12/><E12/><V96/><F96/><W45/><G15/><T4/><D4/><U108/><E108/><V40/><F133/><W39/><G132/><T1/><D1/><U31/><E134/><V32/><F32/><W22/><G35/><T57/><D70/><N who="1" m="42255" /><E31/><V98/><F36/><W56/><G22/><RYUUKYOKU ba="0,0" sc="241,10,278,-30,81,10,400,10" hai0="19,23,24,37,41,46,57,66,84,85,91,92,97" hai2="40,42,43,47,48,52,98" hai3="39,44,45,51,53,56,58,59,60,63" /><INIT seed="6,1,0,4,0,105" ten="251,248,91,410" oya="2" hai0="19,90,47,80,56,94,49,108,5,31,25,112,85" hai1="74,81,121,83,128,51,18,30,93,46,57,127,33" hai2="42,63,28,123,117,96,114,120,58,130,1,40,72" hai3="88,111,0,15,95,69,62,97,78,43,122,12,84"/><V100/><F117/><W70/><G0/><T66/><D108/><U3/><E3/><V116/><F116/><W67/><G111/><T48/><D112/><U38/><E128/><V115/><F1/><W37/><G70/><T75/><D5/><U9/><E127/><V55/><F28/><W26/><G122/><N who="2" m="46633" /><F72/><W60/><G60/><N who="0" m="38151" /><D75/><U8/><E121/><V34/><F34/><W86/><G26/><T132/><D132/><U76/><E38/><V68/><F96/><W44/><G78/><N who="0" m="46231" /><D47/><U118/><E46/><V20/><F20/><W131/><G131/><T36/><D36/><U89/><E9/><V109/><F100/><W59/><REACH who="3" step="1"/><G69/><REACH who="3" ten="251,248,91,400" step="2"/><T110/><D110/><U13/><E76/><V104/><F109/><W16/><G16/><T129/><D129/><U14/><E18/><V98/><F130/><W53/><G53/><T52/><D52/><U61/><E61/><N who="2" m="36063" /><F104/><W24/><G24/><T21/><D19/><U92/><E118/><V107/><F107/><W103/><G103/><T54/><D54/><U10/><E33/><V27/><F27/><W134/><G134/><T126/><D126/><U41/><E14/><AGARI ba="1,1" hai="12,14,15,37,43,44,59,62,67,84,86,88,95,97" machi="14" ten="40,8000,1" yaku="1,1,54,1,53,2" doraHai="105" doraHaiUra="82" who="3" fromWho="1" sc="251,0,248,-83,91,0,400,93" /><INIT seed="7,0,0,2,0,132" ten="251,165,91,493" oya="3" hai0="102,114,97,85,27,74,35,122,116,66,108,7,8" hai1="78,0,67,96,117,4,47,75,40,5,3,36,33" hai2="11,18,118,58,91,20,86,100,77,131,34,101,73" hai3="124,6,15,127,103,31,98,71,92,130,107,30,29"/><W57/><G130/><T14/><D122/><U68/><E117/><V95/><F131/><W65/><G71/><T13/><D108/><U70/><E96/><V120/><F118/><W62/><G107/><T51/><D74/><U121/><E121/><V2/><F34/><W21/><G6/><T80/><D116/><U61/><E33/><V64/><F120/><W48/><G48/><T9/><D114/><U44/><E5/><V38/><F38/><W133/><G133/><T81/><D35/><U37/><E68/><V115/><F115/><W19/><AGARI ba="0,0" hai="15,19,21,29,30,31,57,62,65,92,98,103,124,127" machi="19" ten="30,6000,0" yaku="0,1,52,2" doraHai="132" who="3" fromWho="3" sc="251,-20,165,-20,91,-20,493,60" owari="231,3.0,145,-25.0,71,-43.0,553,65.0" /></mjloggm>