<mjloggm ver="2.3"><GO type="169" lobby="0"/><UN n0="%74%6F%69%72%6F" n1="%36%39%33" n2="%2D%E8%B1%8A%E5%8F%A3%E3%82%81%E3%81%90%E3%81%BF%2D" n3="%63%68%78%66%66" dan="16,16,17,18" rate="2155.42,2089.46,2226.17,2258.47" sx="F,M,F,M"/><TAIKYOKU oya="0"/><INIT seed="0,0,0,5,3,56" ten="250,250,250,250" oya="0" hai0="55,22,129,25,23,15,2,88,19,62,91,98,126" hai1="43,17,21,6,54,100,50,7,48,82,32,121,115" hai2="66,112,67,4,110,63,135,99,103,31,0,128,33" hai3="76,87,27,122,8,109,85,35,75,12,77,105,117"/><T64/><D2/><U133/><E32/><V84/><F112/><W92/><G109/><T119/><D119/><U74/><E121/><V81/><F110/><W16/><G105/><T65/><D129/><U130/><E133/><V73/><F135/><W57/><G75/><T58/><D126/><U104/><E130/><V30/><F73/><W97/><G117/><T9/><D23/><U11/><E48/><V47/><F128/><W90/><G122/><T10/><D10/><U101/><E43/><V60/><F47/><W132/><G132/><T106/><D106/><U42/><E42/><V1/><F4/><W124/><G124/><T13/><D13/><U114/><E82/><V59/><F33/><W72/><G72/><T68/><D98/><U125/><E74/><V34/><F34/><W127/><G127/><T71/><D71/><U40/><E40/><V107/><F0/><W39/><G39/><T86/><D68/><U134/><E134/><V5/><F5/><W120/><G120/><T70/><D70/><U46/><E125/><V45/><F45/><W26/><G35/><T95/><REACH who="0" step="1"/><D91/><REACH who="0" ten="240,250,250,250" step="2"/><U111/><E11/><V41/><F1/><W37/><G37/><T36/><D36/><U116/><E116/><V102/><F107/><W108/><G108/><T69/><D69/><U80/><E111/><V44/><F99/><W113/><G113/><T49/><D49/><U118/><E118/><V18/><F103/><N who="1" m="39497" /><E104/><V61/><F102/><W28/><G97/><T131/><D131/><U96/><E96/><V53/><F63/><W94/><G90/><T78/><D78/><RYUUKYOKU ba="0,1" sc="240,30,250,-10,250,-10,250,-10" hai0="9,15,19,22,25,55,58,62,64,65,86,88,95" /><INIT seed="0,1,1,4,1,24" ten="270,240,240,240" oya="0" hai0="32,6,88,77,96,47,75,43,73,57,58,92,66" hai1="112,84,9,37,20,23,30,5,106,97,78,59,81" hai2="100,132,85,79,87,67,105,93,74,118,55,117,65" hai3="104,126,1,60,36,133,22,61,113,116,54,17,76"/><T38/><D32/><U46/><E112/><V94/><F55/><W63/><G133/><T108/><D108/><U34/><E59/><V48/><F48/><W11/><G126/><T86/><D6/><U99/><E37/><V31/><F132/><W90/><G113/><T19/><D19/><U89/><E46/><V2/><F2/><W95/><G104/><T28/><D28/><U53/><E53/><V119/><F31/><W91/><G36/><T27/><D27/><U110/><E110/><V21/><F21/><W123/><G116/><T135/><D135/><U130/><E130/><V122/><F122/><W114/><G114/><T25/><D25/><U72/><E34/><V107/><F74/><W49/><G76/><T103/><D66/><N who="2" m="25098" /><F79/><W134/><G134/><T45/><D45/><U42/><E42/><V15/><F15/><W131/><G131/><T0/><D0/><U50/><E50/><V128/><F128/><W82/><G1/><T35/><D35/><U3/><E30/><V4/><F4/><W10/><G49/><T83/><REACH who="0" step="1"/><D73/><REACH who="0" ten="260,240,240,240" step="2"/><U16/><E5/><V71/><F119/><W115/><G115/><T29/><D29/><U102/><E3/><V68/><F118/><W64/><G64/><T52/><D52/><U120/><E72/><V44/><F44/><W26/><G123/><T109/><D109/><U18/><E18/><V8/><F117/><W129/><G129/><T39/><D39/><U121/><E120/><V62/><F68/><W127/><G54/><T14/><D14/><N who="1" m="7247" /><E121/><V111/><F71/><W124/><G17/><T125/><D125/><RYUUKYOKU ba="1,2" sc="260,15,240,15,240,-15,240,-15" hai0="38,43,47,57,58,75,77,83,86,88,92,96,103" hai1="20,23,78,81,84,89,97,99,102,106" /><INIT seed="0,2,2,5,2,45" ten="275,255,225,225" oya="0" hai0="106,44,8,125,23,84,69,96,28,90,86,17,54" hai1="70,72,116,32,85,134,9,64,53,12,101,63,109" hai2="66,108,124,11,38,82,31,110,65,19,41,104,112" hai3="29,42,111,115,57,132,80,3,102,39,88,100,36"/><T83/><D69/><U103/><E72/><V24/><F112/><W14/><G3/><T0/><D125/><U121/><E116/><V93/><F104/><W16/><G115/><T120/><D120/><U4/><E32/><V73/><F93/><W71/><G71/><T33/><D106/><U133/><E109/><N who="2" m="42091" /><F41/><W97/><G29/><T87/><D96/><U59/><E121/><V113/><F38/><W10/><G42/><T117/><D117/><U130/><E130/><V15/><F113/><W7/><G132/><N who="1" m="50794" /><E85/><V75/><F124/><W99/><G36/><T30/><D33/><U47/><E47/><V35/><F82/><W107/><G39/><T61/><D8/><U37/><E37/><V127/><F127/><W56/><G111/><T129/><D0/><U95/><E95/><V74/><AGARI ba="2,2" hai="11,15,19,24,31,35,65,66,73,74,75" m="42091" machi="74" ten="40,1500,0" yaku="14,1" doraHai="45" who="2" fromWho="2" sc="275,-9,255,-6,225,41,225,-6" /><INIT seed="1,0,0,1,5,35" ten="266,249,266,219" oya="1" hai0="40,56,113,18,52,77,133,7,68,116,111,105,62" hai1="69,28,67,129,89,120,46,117,131,73,16,59,128" hai2="135,54,78,13,109,2,48,108,93,65,53,96,122" hai3="47,86,42,92,4,3,114,110,90,63,22,83,126"/><U70/><E73/><V81/><F122/><W130/><G110/><N who="2" m="42601" /><F65/><W103/><G130/><T33/><D111/><U38/><E28/><V99/><F135/><W9/><G126/><T118/><D113/><U124/><E89/><V15/><F2/><W43/><G114/><T10/><D105/><U132/><E124/><V8/><F15/><W19/><G63/><T112/><D112/><U36/><E132/><V25/><F25/><W57/><G57/><T88/><D77/><U75/><E75/><N who="2" m="43231" /><F48/><W31/><G31/><T29/><D68/><N who="1" m="26219" /><E16/><N who="2" m="8231" /><F99/><W115/><G115/><T12/><D133/><U106/><E106/><V71/><F71/><W72/><G47/><T97/><D18/><U66/><E120/><V26/><F26/><W74/><G74/><T82/><D97/><U104/><E104/><V27/><F27/><W50/><G50/><T101/><D29/><U102/><E102/><AGARI ba="0,0" hai="53,54,93,96,102" m="8231,43231,42601" machi="102" ten="30,2000,0" yaku="14,1,54,1" doraHai="35" who="2" fromWho="1" sc="266,0,249,-20,266,20,219,0" /><INIT seed="2,0,0,1,0,10" ten="266,229,286,219" oya="2" hai0="6,97,86,32,114,132,124,33,12,130,98,80,61" hai1="88,107,24,22,118,65,134,121,90,46,127,56,104" hai2="94,82,108,17,84,35,78,129,4,30,14,100,72" hai3="49,57,15,16,96,62,120,42,122,119,101,27,55"/><V125/><F125/><W9/><G119/><T66/><D114/><U135/><E118/><V99/><F129/><W73/><G73/><T25/><D130/><U111/><E111/><V105/><F108/><W109/><G109/><T117/><D117/><U87/><E127/><V131/><F131/><W23/><G42/><T113/><D113/><U126/><E126/><V47/><F4/><W28/><REACH who="3" step="1"/><G49/><REACH who="3" ten="266,229,286,209" step="2"/><T13/><D124/><U54/><E134/><V37/><F37/><W69/><G69/><T71/><D132/><U7/><E135/><V60/><F60/><W59/><G59/><T74/><D74/><U44/><E56/><V20/><F47/><W76/><G76/><T36/><D36/><U112/><E46/><V43/><F43/><W48/><G48/><T41/><D41/><U53/><E44/><V92/><REACH who="2" step="1"/><F72/><REACH who="2" ten="266,229,276,209" step="2"/><W26/><G26/><AGARI ba="0,2" hai="14,17,20,26,30,35,78,82,84,92,94,99,100,105" machi="26" ten="40,12000,1" yaku="1,1,2,1,52,1,53,1" doraHai="10" doraHaiUra="93" who="2" fromWho="3" sc="266,0,229,0,276,140,209,-120" /><INIT seed="2,1,0,1,0,93" ten="266,229,416,89" oya="2" hai0="22,49,14,68,7,86,67,75,70,81,89,97,125" hai1="18,96,9,80,34,4,87,130,46,57,37,1,94" hai2="126,110,112,55,105,120,11,85,90,113,91,62,98" hai3="79,127,109,28,48,117,64,27,122,119,19,52,78"/><V31/><F120/><W63/><G109/><T0/><D125/><U128/><E34/><V23/><F126/><W133/><G122/><T100/><D67/><U38/><E18/><V39/><F39/><W123/><G123/><T25/><D0/><U30/><E30/><V5/><F110/><W135/><G19/><T47/><D75/><U131/><E46/><V3/><F55/><W116/><G27/><T44/><D14/><U65/><E57/><V54/><F54/><W111/><G28/><T104/><D7/><U114/><E114/><V66/><F91/><W84/><G84/><T95/><D104/><U106/><E106/><V132/><F132/><N who="3" m="50763" /><G111/><T36/><D36/><U60/><E60/><V58/><F23/><W69/><G78/><T41/><REACH who="0" step="1"/><D47/><REACH who="0" ten="256,229,416,89" step="2"/><U72/><E65/><V24/><F113/><W92/><G127/><T121/><D121/><U77/><REACH who="1" step="1"/><E72/><REACH who="1" ten="256,219,416,89" step="2"/><V6/><F112/><W32/><G117/><T42/><D42/><U61/><E61/><V50/><F62/><W56/><G119/><T101/><D101/><AGARI ba="1,2" hai="1,4,9,37,38,77,80,87,94,96,101,128,130,131" machi="101" ten="40,5200,0" yaku="1,1,19,1,52,1,53,0" doraHai="93" doraHaiUra="107" who="1" fromWho="0" sc="256,-55,219,75,416,0,89,0" /><INIT seed="3,0,0,4,3,101" ten="201,294,416,89" oya="3" hai0="100,127,117,92,31,45,83,5,120,106,60,42,9" hai1="114,103,97,129,57,1,35,90,75,96,22,41,93" hai2="78,81,26,56,30,49,48,124,51,13,94,16,43" hai3="65,126,68,59,66,88,119,73,10,4,85,33,76"/><W105/><G126/><T28/><D117/><U8/><E35/><V36/><F124/><W64/><G119/><T38/><D127/><U116/><E114/><V54/><F94/><W6/><G33/><T79/><D120/><U63/><E75/><V14/><F36/><W17/><G68/><T24/><D92/><U62/><E41/><V131/><F131/><W80/><G105/><T25/><D60/><U52/><E116/><V39/><F39/><W7/><G73/><N who="0" m="43503" /><D100/><U0/><E8/><V11/><F14/><W23/><G10/><T104/><D25/><U61/><E22/><V77/><F43/><W58/><REACH who="3" step="1"/><G76/><REACH who="3" ten="201,294,416,79" step="2"/><T110/><D110/><U55/><E129/><V86/><F78/><W121/><G121/><T102/><D102/><U29/><E103/><V128/><F128/><W44/><G44/><T111/><D111/><U132/><E57/><V133/><F133/><W87/><G87/><T47/><D45/><U118/><E132/><V18/><REACH who="2" step="1"/><F18/><REACH who="2" ten="201,294,406,79" step="2"/><W107/><G107/><T122/><D122/><U69/><E118/><V12/><F12/><AGARI ba="0,2" hai="4,6,7,12,17,23,58,59,64,65,66,80,85,88" machi="12" ten="40,12000,1" yaku="1,1,8,1,54,1,53,1" doraHai="101" doraHaiUra="19" who="3" fromWho="2" sc="201,0,294,0,406,-120,79,140" /><INIT seed="3,1,0,1,3,39" ten="201,294,286,219" oya="3" hai0="121,44,88,108,115,56,109,100,75,116,79,87,12" hai1="118,45,53,20,91,96,73,111,70,10,38,24,134" hai2="25,28,41,1,22,29,113,81,99,85,65,106,55" hai3="64,47,86,2,31,58,80,36,102,18,27,59,131"/><W76/><G131/><T8/><D116/><U95/><E111/><V120/><F113/><W30/><G2/><T78/><D121/><U51/><E134/><V123/><F1/><W4/><G4/><T125/><D115/><U93/><E70/><V35/><F65/><W128/><G128/><T26/><D125/><U52/><E38/><V43/><F55/><W105/><G105/><T66/><D26/><U11/><E73/><V90/><F29/><W49/><G102/><T21/><D21/><U7/><E53/><V42/><REACH who="2" step="1"/><F35/><REACH who="2" ten="201,294,276,219" step="2"/><W129/><G129/><T15/><D66/><U107/><E118/><V62/><F62/><W117/><G117/><T98/><D108/><U40/><E52/><V133/><F133/><W112/><G112/><T3/><D109/><U127/><E127/><V126/><F126/><W14/><G64/><T122/><D3/><U13/><E107/><V135/><F135/><W74/><G30/><T61/><D122/><U114/><E114/><V46/><F46/><W119/><G119/><T32/><D32/><U33/><E33/><V16/><F16/><W54/><G31/><T130/><D130/><U5/><E5/><V68/><F68/><W132/><G132/><T101/><D44/><U83/><E7/><V94/><F94/><W82/><G27/><T0/><D0/><U63/><E24/><V67/><F67/><W89/><REACH who="3" step="1"/><G36/><REACH who="3" ten="201,294,276,209" step="2"/><T6/><D6/><U34/><E34/><V50/><F50/><W77/><G77/><T37/><D37/><U69/><E51/><V60/><F60/><W17/><G17/><T72/><D61/><RYUUKYOKU ba="1,2" sc="201,-15,294,-15,276,15,209,15" hai2="22,25,28,41,42,43,81,85,90,99,106,120,123" hai3="14,18,47,49,54,58,59,74,76,80,82,86,89" /><INIT seed="3,2,2,4,3,91" ten="186,279,291,224" oya="3" hai0="13,37,74,34,27,44,45,85,110,61,127,128,56" hai1="67,18,21,120,82,43,75,20,112,17,35,80,26" hai2="33,83,135,70,76,87,109,92,63,31,30,64,125" hai3="16,39,55,78,105,129,94,2,126,48,116,66,47"/><W8/><G105/><T113/><D74/><U49/><E35/><V117/><F117/><W115/><G115/><T32/><D113/><U12/><E120/><V59/><F109/><W93/><G116/><T119/><D119/><U100/><E75/><V114/><F114/><W42/><G129/><T122/><D122/><U118/><E112/><V54/><F125/><W121/><G121/><T133/><D110/><U6/><E67/><V108/><F108/><W29/><G29/><T89/><D127/><U38/><E38/><V79/><F135/><W72/><G66/><T111/><D111/><U1/><E1/><V98/><F79/><W36/><G36/><T103/><D133/><U50/><E6/><V22/><F33/><W88/><G126/><T95/><D128/><U81/><E118/><V65/><F22/><W107/><G107/><T19/><D103/><U3/><E3/><V97/><F97/><W123/><G123/><T106/><D106/><U84/><E100/><V15/><F15/><N who="3" m="7271" /><G2/><T62/><D27/><U0/><E0/><V130/><F130/><W5/><G5/><T14/><D14/><U24/><E12/><V25/><F25/><W77/><G72/><T69/><D37/><U90/><E43/><V58/><F70/><W102/><G42/><T10/><D34/><U11/><E11/><V23/><F23/><W52/><G39/><T53/><D32/><U28/><E28/><N who="2" m="10795" /><F59/><W46/><G102/><AGARI ba="2,2" hai="54,58,63,64,65,76,83,87,92,98,102" m="10795" machi="102" ten="30,2000,0" yaku="8,1,52,1" doraHai="91" who="2" fromWho="3" sc="186,0,279,0,291,46,224,-26" /><INIT seed="4,0,0,4,3,77" ten="186,279,337,198" oya="0" hai0="97,95,128,81,71,115,49,63,27,45,0,78,66" hai1="85,122,90,50,23,44,132,73,7,121,89,106,43" hai2="58,108,113,34,105,80,9,3,56,59,54,21,4" hai3="6,103,48,29,112,39,92,111,82,69,14,117,96"/><T1/><D128/><U40/><E73/><V93/><F108/><W135/><G39/><T38/><D115/><U109/><E109/><V5/><F105/><W124/><G69/><T62/><D27/><U61/><E106/><V118/><F34/><W88/><G111/><T100/><D62/><U51/><E132/><V42/><F113/><W70/><G70/><T102/><D102/><U119/><E119/><V55/><F42/><W35/><G35/><T65/><D65/><U15/><E61/><V19/><F93/><W33/><G33/><T36/><D36/><U68/><E68/><V114/><F114/><W22/><G112/><T31/><D31/><U16/><E7/><V76/><F4/><W28/><G117/><T47/><D38/><U94/><E89/><V79/><F79/><W123/><G124/><T129/><D129/><U126/><E126/><V2/><F2/><W87/><G123/><T98/><D98/><U127/><E127/><V13/><REACH who="2" step="1"/><F118/><REACH who="2" ten="186,279,327,198" step="2"/><W10/><G135/><T125/><D125/><U120/><E120/><V60/><F60/><W84/><G48/><T24/><D49/><U37/><E37/><V12/><F12/><W26/><G87/><AGARI ba="0,1" hai="3,5,9,13,19,21,54,55,56,58,59,76,80,87" machi="87" ten="40,5200,0" yaku="1,1,52,1,53,1" doraHai="77" doraHaiUra="11" who="2" fromWho="3" sc="186,0,279,0,327,62,198,-52" /><INIT seed="5,0,0,5,2,115" ten="186,279,389,146" oya="1" hai0="10,68,134,36,60,61,53,84,14,47,133,102,11" hai1="43,28,65,80,125,74,0,89,59,123,128,27,96" hai2="111,15,103,12,58,97,41,70,98,30,91,3,135" hai3="8,50,99,81,29,94,124,88,69,86,48,33,129"/><U118/><E123/><V93/><F70/><W66/><G129/><T106/><D84/><U19/><E128/><V17/><F3/><W40/><G124/><T132/><D68/><U112/><E112/><V95/><F111/><W24/><G40/><N who="0" m="22919" /><D53/><U63/><E0/><V108/><F135/><W117/><G117/><T130/><D130/><U113/><E118/><V92/><F30/><W76/><REACH who="3" step="1"/><G8/><REACH who="3" ten="186,279,389,136" step="2"/><N who="0" m="3115" /><D14/><U71/><E125/><V54/><F15/><W7/><G7/><T44/><D44/><U4/><E4/><V46/><F108/><W75/><G75/><T20/><D20/><U55/><E43/><V72/><F72/><W126/><G126/><T120/><D120/><U119/><E119/><V56/><F46/><W107/><G107/><T131/><D131/><U82/><E74/><V83/><F41/><W52/><G52/><T62/><D106/><U105/><E113/><V104/><F104/><W77/><G77/><T64/><D64/><U49/><E105/><V45/><F45/><W35/><G35/><T1/><D1/><U2/><E2/><V109/><F109/><W122/><G122/><T5/><D5/><U101/><E65/><V25/><F54/><W9/><G9/><T31/><D31/><U57/><E28/><V116/><F116/><W21/><G21/><T110/><D110/><U121/><E121/><V87/><F12/><W34/><G34/><T32/><D32/><U79/><E79/><V18/><F18/><W127/><G127/><T67/><D67/><U114/><E114/><V51/><F17/><W42/><G42/><T38/><D38/><RYUUKYOKU ba="0,1" sc="186,15,279,-15,389,-15,136,15" hai0="60,61,62,102,132,133,134" hai3="24,29,33,48,50,66,69,76,81,86,88,94,99" /><INIT seed="6,1,1,1,3,58" ten="201,264,374,151" oya="2" hai0="130,56,36,52,76,121,47,79,42,15,14,135,117" hai1="133,26,113,64,89,74,107,124,12,72,103,66,116" hai2="75,105,65,99,90,55,46,33,88,21,132,34,32" hai3="62,57,70,71,68,127,131,95,101,67,77,100,118"/><V69/><F75/><W44/><G118/><T84/><D121/><U50/><E113/><V41/><F55/><W11/><G131/><T45/><D117/><U51/><E12/><N who="0" m="4649" /><D36/><U98/><E89/><V9/><F9/><W122/><G122/><T37/><D37/><U18/><E18/><V23/><F132/><W39/><G11/><T8/><D130/><U93/><E26/><V24/><F23/><W30/><G127/><T35/><D35/><U0/><E0/><V85/><F65/><W104/><G104/><T80/><D135/><U82/><E107/><V20/><F69/><W123/><G123/><T108/><D108/><U43/><E124/><V129/><F129/><W106/><G106/><T78/><D42/><U60/><E43/><V119/><F20/><W86/><G30/><T94/><D94/><U91/><E93/><V53/><F53/><W28/><G28/><T1/><D1/><U115/><E115/><V59/><F59/><W112/><G112/><T109/><D109/><U7/><E74/><V87/><F119/><W134/><G134/><T2/><D2/><U92/><E72/><V73/><F73/><W102/><G39/><T19/><D19/><U38/><E38/><V29/><F105/><W111/><G111/><T48/><D8/><U114/><E114/><V81/><F99/><N who="3" m="59519" /><G44/><AGARI ba="1,1" hai="44,45,47,48,52,56,76,78,79,80,84" m="4649" machi="44" ten="30,2000,0" yaku="8,1,54,1" doraHai="58" who="0" fromWho="3" sc="201,33,264,0,374,0,151,-23" /><INIT seed="7,0,0,2,3,109" ten="234,264,374,128" oya="3" hai0="56,53,20,132,92,126,40,123,112,125,79,134,33" hai1="78,37,130,81,24,28,82,1,49,63,7,48,61" hai2="17,23,124,121,74,117,131,57,16,128,29,66,102" hai3="72,122,99,58,10,34,75,35,84,15,51,118,113"/><W62/><G118/><T115/><D33/><U2/><E37/><V9/><F117/><W19/><G122/><T93/><D40/><U70/><E81/><V95/><F74/><W114/><G34/><T6/><D123/><U116/><E130/><V103/><F124/><N who="0" m="47722" /><D79/><U110/><E110/><V100/><F121/><W73/><G35/><T108/><D6/><U68/><E61/><N who="2" m="38191" /><F9/><W97/><G51/><N who="0" m="30783" /><D20/><U38/><E38/><V87/><F87/><W89/><G58/><T60/><D60/><U55/><E48/><V30/><F95/><N who="0" m="36426" /><D108/><U4/><E4/><V31/><F23/><W91/><G62/><T80/><D80/><U13/><E63/><V96/><F96/><N who="3" m="36939" /><G84/><T8/><D8/><U25/><E116/><V11/><F11/><W59/><G59/><T3/><D3/><U36/><E36/><V52/><F52/><W32/><G32/><T46/><D46/><U47/><E1/><V105/><F105/><W41/><G41/><T12/><D12/><U88/><E13/><V42/><F42/><W101/><G101/><T21/><D21/><U85/><E68/><V45/><F45/><W0/><G0/><T54/><D54/><U98/><E70/><V65/><F65/><W18/><G18/><T107/><D107/><U67/><E67/><V22/><F22/><W76/><G76/><T106/><D106/><U14/><E2/><V90/><F90/><W27/><G27/><T86/><D86/><U83/><E25/><V39/><F39/><W120/><G120/><T50/><D50/><U127/><E127/><V64/><F64/><W71/><G71/><RYUUKYOKU ba="0,0" sc="234,10,264,-30,374,10,128,10" hai0="112,115,132,134" hai2="16,17,29,30,31,100,102,103,128,131" hai3="10,15,19,72,73,75,89,91,113,114" /><INIT seed="7,1,0,4,4,74" ten="244,234,384,138" oya="3" hai0="14,54,115,31,91,52,12,83,10,24,63,98,131" hai1="33,25,79,0,130,27,111,21,35,97,40,120,119" hai2="16,37,75,72,58,93,66,105,70,82,104,4,106" hai3="110,59,48,56,109,29,50,133,6,86,94,118,87"/><W15/><G118/><T8/><D131/><U2/><E111/><V7/><F70/><W132/><G29/><T19/><D115/><U117/><E120/><V20/><F37/><W102/><G6/><T22/><D63/><U95/><E40/><V101/><F66/><W107/><G94/><N who="0" m="56671" /><D83/><U114/><E79/><V34/><F58/><N who="3" m="22059" /><G102/><T92/><D92/><U45/><E45/><V65/><F34/><W89/><G89/><T1/><D1/><U57/><E130/><V121/><F65/><W135/><G107/><T99/><D99/><U38/><E38/><V100/><F100/><W49/><G15/><T62/><D62/><U43/><E43/><V96/><F121/><W127/><G127/><T84/><D84/><AGARI ba="1,0" hai="48,49,50,84,86,87,109,110,132,133,135" m="22059" machi="84" ten="40,7700,0" yaku="28,2,20,1" doraHai="74" who="3" fromWho="0" sc="244,-80,234,0,384,0,138,80" /><INIT seed="7,2,0,4,1,86" ten="164,234,384,218" oya="3" hai0="31,50,97,93,22,54,26,100,120,79,19,7,83" hai1="49,84,82,66,61,16,9,56,78,55,102,119,2" hai2="118,40,46,117,68,29,90,18,0,14,23,63,21" hai3="130,106,28,113,38,32,45,10,129,92,42,108,89"/><W124/><G106/><T57/><D120/><U80/><E102/><V37/><F0/><W103/><G103/><T30/><REACH who="0" step="1"/><D7/><REACH who="0" ten="154,234,384,218" step="2"/><U39/><E119/><V81/><F118/><W132/><G108/><T98/><D98/><U53/><E2/><V24/><F117/><W41/><G132/><T135/><D135/><U35/><E39/><V72/><F37/><W12/><G124/><T87/><AGARI ba="2,1" hai="19,22,26,30,31,50,54,57,79,83,87,93,97,100" machi="87" ten="20,8000,1" yaku="1,1,0,1,7,1,8,1,53,1" doraHai="86" doraHaiUra="76" who="0" fromWho="0" sc="154,96,234,-22,384,-22,218,-42" owari="250,5.0,212,-19.0,362,46.0,176,-32.0" /></mjloggm>