<mjloggm ver="2.3"><GO type="169" lobby="0"/><UN n0="%50%65%74%65%72%50%61%6E" n1="%E7%94%9F%E5%BE%92%E4%BC%9A%E3%80%90%E5%BA%8F%E3%80%91" n2="%E3%81%99%E3%81%B1%E3%81%B5%E3%81%87%E3%81%AB%E3%81%9F%E3%82%93" n3="%E3%83%90%E3%82%AD" dan="16,16,16,17" rate="2122.47,2121.99,2002.33,2190.70" sx="M,M,F,M"/><TAIKYOKU oya="0"/><INIT seed="0,0,0,2,5,83" ten="250,250,250,250" oya="0" hai0="62,25,14,104,38,46,121,45,13,50,125,108,55" hai1="6,18,7,49,122,77,28,127,1,85,120,37,23" hai2="91,115,34,4,33,134,39,132,107,12,76,118,106" hai3="60,57,59,90,47,119,96,63,84,29,88,100,94"/><T32/><D121/><U133/><E37/><V9/><F115/><W0/><G119/><T44/><D104/><U78/><E28/><V5/><F39/><W86/><G0/><T117/><D117/><U35/><E35/><N who="2" m="13323" /><F76/><W92/><G47/><T20/><D32/><U65/><E65/><V72/><F72/><W66/><G29/><T130/><D130/><U67/><E67/><V116/><F91/><N who="3" m="34859" /><G94/><T26/><D125/><U2/><E127/><V98/><F98/><W40/><G40/><T17/><D108/><U99/><E99/><V128/><F128/><W111/><G111/><T95/><D95/><U109/><E109/><V54/><F106/><W113/><G113/><T89/><D89/><U56/><E78/><V80/><F80/><W87/><G87/><T135/><D135/><N who="2" m="51754" /><F107/><W103/><G103/><T129/><D129/><U30/><E133/><V36/><F36/><W61/><G61/><T69/><D38/><U126/><E126/><V42/><F42/><W22/><G22/><T112/><D112/><U102/><E102/><V68/><F68/><W53/><AGARI ba="0,0" hai="53,57,59,60,63,66,84,86,92,96,100" m="34859" machi="53" ten="30,7900,0" yaku="8,1,52,2,54,1" doraHai="83" who="3" fromWho="3" sc="250,-39,250,-20,250,-20,250,79" /><INIT seed="1,0,0,0,0,70" ten="211,230,230,329" oya="1" hai0="34,6,63,68,85,107,113,61,14,122,52,8,118" hai1="28,129,15,105,4,124,134,133,116,67,115,65,80" hai2="18,21,22,100,96,91,74,106,126,56,53,49,119" hai3="3,48,72,108,77,20,43,26,24,82,90,112,73"/><U98/><E116/><V54/><F126/><W60/><G112/><T40/><D113/><U57/><E115/><V7/><F119/><W135/><G3/><T110/><D118/><U33/><E124/><V93/><F74/><W42/><G108/><T50/><D110/><U75/><E129/><V102/><F7/><W30/><G73/><T19/><D107/><U9/><E33/><V99/><F102/><W89/><G135/><N who="1" m="51722" /><E28/><V45/><REACH who="2" step="1"/><F18/><REACH who="2" ten="211,230,220,329" step="2"/><W114/><G114/><T58/><D6/><U132/><E132/><V27/><F27/><W44/><G26/><T87/><D122/><U23/><E4/><V32/><F32/><W79/><G79/><T86/><D34/><U31/><E31/><V51/><AGARI ba="0,1" hai="21,22,45,49,51,53,54,56,91,93,96,99,100,106" machi="51" ten="20,8000,1" yaku="1,1,0,1,7,1,53,2" doraHai="70" doraHaiUra="92" who="2" fromWho="2" sc="211,-20,230,-40,220,90,329,-20" /><INIT seed="2,0,0,2,4,23" ten="191,190,310,309" oya="2" hai0="81,27,10,9,34,40,46,133,135,116,91,117,42" hai1="103,108,25,84,131,66,75,119,106,82,101,112,68" hai2="41,13,22,79,37,93,128,113,11,3,63,125,8" hai3="24,95,19,111,72,132,26,33,97,1,49,6,32"/><V65/><F113/><W36/><G36/><T134/><D81/><U130/><E119/><N who="0" m="45641" /><D91/><U64/><E112/><V57/><F37/><W60/><G72/><T122/><D122/><U114/><E114/><V14/><F41/><N who="0" m="15978" /><D46/><U89/><E108/><V118/><F125/><W4/><G111/><T51/><D51/><U90/><E75/><V21/><F128/><N who="1" m="49193" /><E90/><V16/><F3/><W88/><G49/><T121/><D121/><U86/><E86/><V38/><F38/><W92/><G1/><T73/><D73/><U44/><E44/><V126/><F126/><W52/><G132/><T43/><D43/><U96/><E103/><V54/><F79/><W100/><G33/><T0/><D0/><U30/><E68/><V29/><F118/><W87/><G32/><AGARI ba="0,0" hai="25,30,32,64,66,82,84,89,96,101,106" m="49193" machi="32" ten="30,2000,0" yaku="19,1,52,1" doraHai="23" who="1" fromWho="3" sc="191,0,190,20,310,0,309,-20" /><INIT seed="3,0,0,4,2,93" ten="191,210,310,289" oya="3" hai0="96,90,63,101,108,84,103,110,118,1,20,11,18" hai1="6,53,55,51,43,29,91,47,121,82,112,104,75" hai2="86,119,105,49,52,131,14,89,45,135,38,66,128" hai3="32,8,62,35,126,23,83,67,28,113,120,76,132"/><W40/><G120/><T12/><D118/><U85/><E112/><V88/><F119/><W125/><G113/><T37/><D37/><U48/><E121/><V4/><F105/><W130/><G130/><N who="2" m="49705" /><F135/><W78/><G132/><T9/><D103/><U74/><E104/><V72/><F72/><W7/><G40/><T60/><D1/><U97/><E29/><V73/><F89/><W54/><G54/><T134/><D134/><U133/><E133/><V100/><F100/><W46/><G46/><T92/><D60/><U114/><E114/><V116/><F73/><N who="3" m="43407" /><G23/><T94/><REACH who="0" step="1"/><D63/><REACH who="0" ten="181,210,310,289" step="2"/><U34/><E51/><V80/><F38/><W59/><G62/><T41/><D41/><U5/><E43/><V102/><F102/><W50/><G50/><T42/><D42/><U56/><E48/><V65/><F116/><W0/><G0/><T124/><D124/><U64/><E47/><V33/><F33/><W31/><G32/><T21/><D21/><U111/><E34/><V39/><F39/><W109/><G35/><T70/><D70/><U36/><E36/><V13/><F66/><W44/><G67/><T129/><D129/><U115/><E115/><V77/><F65/><W87/><G126/><T26/><D26/><U68/><E68/><V19/><F14/><W22/><G125/><T69/><D69/><U57/><E64/><V58/><F13/><W95/><G22/><T106/><D106/><U24/><E24/><V99/><F49/><W15/><G15/><T30/><D30/><U10/><E55/><V3/><F52/><W81/><G28/><T17/><D17/><RYUUKYOKU ba="0,1" sc="181,30,210,-10,310,-10,289,-10" hai0="9,11,12,18,20,84,90,92,94,96,101,108,110" /><INIT seed="4,1,1,0,1,39" ten="211,200,300,279" oya="0" hai0="4,121,105,109,14,54,49,134,56,52,23,16,60" hai1="0,87,81,1,102,122,94,80,3,2,30,11,76" hai2="13,75,93,106,47,34,99,15,41,101,59,82,97" hai3="48,43,110,69,85,44,95,125,70,108,63,42,32"/><T98/><D121/><U118/><E118/><V104/><F34/><W84/><G32/><T38/><D38/><U40/><E122/><V55/><F75/><W126/><G95/><T68/><D134/><U117/><E117/><V123/><F82/><W51/><G44/><T58/><D109/><U111/><E111/><V6/><F6/><W73/><G63/><T131/><D131/><U114/><E30/><V50/><F123/><W92/><G92/><T132/><D132/><U79/><E114/><V22/><F22/><W128/><G73/><T53/><D68/><U20/><E20/><V86/><F86/><W66/><G66/><T36/><D36/><U18/><E18/><V57/><F57/><W130/><AGARI ba="1,1" hai="42,43,48,51,69,70,84,85,108,110,125,126,128,130" machi="130" ten="25,8000,1" yaku="0,1,22,2,52,2" doraHai="39" who="3" fromWho="3" sc="211,-41,200,-21,300,-21,279,93" /><INIT seed="5,0,0,3,0,41" ten="170,179,279,372" oya="1" hai0="122,116,98,119,0,23,44,74,132,100,3,81,65" hai1="99,84,30,18,47,134,61,10,85,50,2,118,129" hai2="45,12,17,87,59,107,133,63,6,80,86,43,128" hai3="108,40,68,110,102,54,78,34,29,88,94,75,27"/><U15/><E118/><V1/><F107/><W4/><G102/><T56/><D132/><U66/><E134/><V58/><F133/><W9/><G68/><T20/><D122/><U11/><E129/><V76/><F128/><W131/><G131/><T55/><D20/><U62/><E30/><V35/><F6/><W101/><G101/><T93/><D0/><U39/><E39/><V5/><F5/><W49/><G40/><T51/><D3/><U123/><E123/><V32/><F86/><W42/><G42/><T121/><D121/><U83/><E99/><V130/><F59/><W114/><G78/><T8/><D8/><U73/><E73/><V16/><F17/><W52/><G75/><T91/><D23/><U103/><E103/><V28/><F28/><W113/><G108/><T127/><D127/><U37/><E37/><V95/><F1/><N who="3" m="143" /><G49/><T96/><D74/><U22/><E2/><V115/><F130/><W48/><G48/><T117/><D81/><U120/><E120/><V105/><F105/><W111/><G111/><T135/><D135/><U57/><E62/><V19/><F95/><W90/><G90/><T126/><D126/><U67/><E85/><V71/><F87/><N who="3" m="52511" /><G110/><T77/><D77/><N who="1" m="46191" /><E67/><V124/><F76/><W38/><G38/><T31/><D31/><U89/><E89/><V14/><F124/><W125/><G125/><T104/><REACH who="0" step="1"/><D65/><REACH who="0" ten="160,179,279,372" step="2"/><U25/><E25/><V69/><F12/><W72/><G72/><T33/><D33/><U64/><E64/><N who="2" m="39031" /><F14/><W53/><G34/><T21/><D21/><U92/><E92/><V26/><F35/><RYUUKYOKU ba="0,1" sc="160,10,179,10,279,-30,372,10" hai0="44,51,55,56,91,93,96,98,100,104,116,117,119" hai1="10,11,15,18,22,47,50,57,61,66" hai3="27,29,52,53,54,113,114" /><INIT seed="5,1,1,0,2,56" ten="170,189,249,382" oya="1" hai0="130,93,12,129,125,123,0,94,96,45,88,19,61" hai1="91,65,30,79,120,89,39,27,126,103,60,132,107" hai2="135,100,117,59,6,18,16,83,113,21,23,92,17" hai3="20,67,134,82,35,41,63,47,3,116,71,52,13"/><U111/><E120/><V110/><F117/><W58/><G3/><T101/><D0/><U5/><E39/><V114/><F110/><W106/><G106/><T133/><D123/><U80/><E111/><V34/><F34/><W95/><G35/><T51/><D133/><U43/><E43/><V10/><F83/><W115/><G134/><T50/><D125/><U40/><E40/><V97/><F135/><W121/><G121/><T86/><D61/><U102/><E126/><V1/><REACH who="2" step="1"/><F59/><REACH who="2" ten="170,189,239,382" step="2"/><N who="3" m="35303" /><G116/><T49/><REACH who="0" step="1"/><D45/><REACH who="0" ten="160,189,239,382" step="2"/><U109/><E132/><V128/><F128/><W7/><G47/><T28/><D28/><U33/><E109/><V8/><F8/><AGARI ba="1,3" hai="8,12,19,49,50,51,86,88,93,94,96,101,129,130" machi="8" ten="40,2600,0" yaku="1,1,54,1,53,0" doraHai="56" doraHaiUra="36" who="0" fromWho="2" sc="160,59,189,0,239,-29,382,0" /><INIT seed="6,0,0,2,3,80" ten="219,189,210,382" oya="2" hai0="7,88,132,98,77,131,70,31,87,25,89,104,114" hai1="24,126,1,28,82,41,18,121,119,59,46,30,32" hai2="10,16,99,8,122,96,13,115,120,12,51,84,62" hai3="21,65,134,117,102,91,40,78,69,74,23,113,19"/><V29/><F115/><W57/><G117/><T109/><D109/><U34/><E121/><V100/><F29/><W9/><G69/><T92/><D114/><U118/><E1/><V83/><F51/><W94/><G102/><T38/><D38/><U22/><E126/><V3/><F3/><W45/><G78/><T20/><D70/><U64/><E64/><V60/><F120/><W48/><G74/><T0/><D132/><U112/><E112/><V56/><F100/><W44/><G44/><T33/><D77/><U116/><E59/><V66/><F62/><N who="3" m="38095" /><G134/><T11/><D131/><U71/><E71/><V58/><F58/><W81/><G81/><T93/><REACH who="0" step="1"/><D104/><REACH who="0" ten="209,189,210,382" step="2"/><U75/><E34/><AGARI ba="0,1" hai="0,7,11,20,25,31,33,34,87,88,89,92,93,98" machi="34" ten="40,8000,1" yaku="1,1,2,1,52,1,54,1,53,0" doraHai="80" doraHaiUra="108" who="0" fromWho="1" sc="209,90,189,-80,210,0,382,0" /><INIT seed="7,0,0,2,1,67" ten="299,109,210,382" oya="3" hai0="23,128,75,64,20,84,79,130,16,66,65,134,38" hai1="87,120,60,126,119,43,93,61,122,22,115,81,110" hai2="52,86,32,90,132,108,92,26,57,127,70,114,36" hai3="69,124,98,83,12,14,112,1,56,47,19,55,41"/><W111/><G1/><T99/><D38/><U94/><E43/><V40/><F36/><W105/><G69/><T82/><D134/><U3/><E22/><V27/><F108/><W131/><G112/><T100/><D75/><U135/><E87/><V91/><F32/><W125/><G131/><T113/><D113/><U8/><E115/><V18/><F40/><W4/><G4/><T25/><REACH who="0" step="1"/><D23/><REACH who="0" ten="289,109,210,382" step="2"/><U24/><E135/><V59/><F132/><W88/><G111/><T104/><AGARI ba="0,1" hai="16,20,25,64,65,66,79,82,84,99,100,104,128,130" machi="104" ten="30,7900,0" yaku="1,1,2,1,0,1,54,1,53,0" doraHai="67" doraHaiUra="50" who="0" fromWho="0" sc="289,89,109,-20,210,-20,382,-39" owari="378,48.0,89,-41.0,190,-21.0,343,14.0" /></mjloggm>