<mjloggm ver="2.3"><GO type="185" lobby="0"/><UN n0="%E5%B8%AB%E5%8C%A0%2F%E9%9B%80%E9%AC%BC" n1="%E5%85%A5%E5%B7%A3%E6%9F%9A%E5%AE%9F" n2="%E5%A4%A7%E5%92%8C%E6%A1%9C" n3="" dan="16,16,18,0" rate="2199.87,2190.25,2350.11,1500.00" sx="M,F,F,C"/><TAIKYOKU oya="0"/><INIT seed="0,0,0,0,2,86" ten="350,350,350,0" oya="0" hai0="56,121,110,91,58,45,113,35,95,77,1,89,135" hai1="127,101,64,116,94,112,67,129,62,100,61,126,93" hai2="39,83,54,59,43,2,124,41,134,111,71,68,73" hai3=""/><T81/><N who="0" m="31008" /><T87/><D113/><U0/><E112/><V115/><F115/><T133/><D35/><U72/><E72/><V60/><F2/><T57/><D1/><U132/><E0/><V75/><F111/><T84/><D110/><U44/><E44/><V128/><F134/><N who="0" m="51210" /><D45/><U69/><E132/><V79/><F73/><T74/><D74/><U103/><E129/><V65/><F128/><T117/><D117/><U102/><E102/><V99/><F124/><T32/><D32/><U76/><E76/><AGARI ba="0,0" hai="56,57,58,76,77,81,84,87,89,91,95" m="51210,31008" machi="76" ten="30,11600,0" yaku="20,1,52,3" doraHai="86" who="0" fromWho="1" sc="350,116,350,-116,350,0,0,0" /><INIT seed="0,1,0,5,0,37" ten="466,234,350,0" oya="0" hai0="125,46,68,131,102,128,135,120,81,129,114,94,40" hai1="116,58,79,97,64,38,113,62,76,35,107,61,60" hai2="74,54,77,103,105,122,50,96,133,55,36,70,78" hai3=""/><T86/><N who="0" m="30752" /><T42/><D114/><U115/><E35/><V52/><N who="2" m="31264" /><V109/><F36/><T121/><N who="0" m="31008" /><T66/><D125/><U95/><E116/><V124/><F124/><T33/><D33/><U3/><E3/><V100/><F70/><T117/><D117/><U72/><E107/><V0/><F0/><T49/><D135/><U84/><E72/><V88/><F133/><T44/><D66/><U127/><E127/><V45/><F109/><T106/><D68/><U104/><E104/><V87/><F100/><T80/><D106/><U56/><E38/><V53/><REACH who="2" step="1"/><F74/><REACH who="2" ten="466,234,340,0" step="2"/><T91/><D102/><U67/><E115/><V98/><F98/><T71/><D71/><U69/><E113/><V63/><F63/><T93/><D81/><AGARI ba="1,1" hai="45,50,52,53,54,55,77,78,81,87,88,96,103,105" m="31264" machi="81" ten="40,8000,1" yaku="1,1,52,1,54,2,53,0" doraHai="37" doraHaiUra="132" who="2" fromWho="0" sc="466,-82,234,0,340,92,0,0" /><INIT seed="1,0,0,5,0,39" ten="384,234,432,0" oya="1" hai0="133,127,38,89,34,107,61,129,114,90,110,32,42" hai1="125,59,43,134,105,73,103,117,45,3,62,123,119" hai2="118,93,120,109,58,108,33,48,102,77,47,131,95" hai3=""/><U101/><N who="1" m="31520" /><U54/><E3/><V36/><N who="2" m="30752" /><V35/><F118/><T55/><D114/><U75/><E125/><V83/><F36/><T76/><D127/><U1/><E1/><V81/><F58/><T0/><D0/><U98/><E134/><V41/><F131/><T64/><D107/><U56/><E103/><V85/><F81/><T78/><D110/><N who="2" m="42602" /><F102/><T91/><D133/><U65/><E119/><V96/><F96/><T99/><D99/><U121/><N who="1" m="31008" /><U52/><E117/><V44/><F47/><T53/><D129/><U124/><E124/><V69/><F69/><T2/><D2/><U111/><E111/><V84/><F84/><T128/><D128/><U112/><E112/><V60/><F60/><T82/><D82/><U113/><E113/><V49/><F48/><T68/><D32/><AGARI ba="0,0" hai="32,33,35,41,44,49,77,83,85,93,95" m="42602,30752" machi="32" ten="30,3900,0" yaku="14,1,52,2" doraHai="39" who="2" fromWho="0" sc="384,-39,234,0,432,39,0,0" /><INIT seed="2,0,0,3,4,108" ten="345,234,471,0" oya="2" hai0="90,76,105,94,112,109,53,39,62,81,50,34,92" hai1="74,98,35,132,96,66,125,120,91,69,89,54,78" hai2="0,52,40,131,113,43,87,37,63,48,79,121,97" hai3=""/><V70/><N who="2" m="31008" /><V116/><F116/><T123/><N who="0" m="31520" /><T110/><D34/><U115/><N who="1" m="30752" /><U61/><E35/><V122/><N who="2" m="31264" /><V49/><F0/><T118/><D39/><U75/><E125/><V124/><F124/><T2/><D2/><U83/><E132/><V100/><F37/><T57/><D105/><U86/><E115/><V104/><F131/><T84/><D118/><U126/><E126/><V93/><F49/><T45/><D94/><U73/><REACH who="1" step="1"/><E54/><REACH who="1" ten="345,224,471,0" step="2"/><V107/><F113/><T117/><D117/><U85/><E85/><V59/><F40/><T88/><D112/><U56/><E56/><V36/><F36/><T32/><D32/><U130/><E130/><V106/><F43/><T47/><D47/><U80/><E80/><V42/><F42/><T65/><REACH who="0" step="1"/><D90/><AGARI ba="0,1" hai="61,66,69,73,74,75,78,83,86,89,90,91,96,98" m="30752" machi="90" ten="40,2600,0" yaku="1,1,52,1,53,0" doraHai="108" doraHaiUra="127" who="1" fromWho="0" sc="345,-26,224,36,471,0,0,0" /><INIT seed="4,0,0,5,5,96" ten="319,260,471,0" oya="0" hai0="39,127,106,34,37,58,93,83,47,80,134,101,108" hai1="86,122,64,73,125,40,84,81,65,55,74,91,32" hai2="36,126,72,102,62,41,113,124,51,57,53,109,129" hai3=""/><T33/><D127/><U130/><N who="1" m="31264" /><U52/><E32/><V87/><F72/><T100/><D106/><U46/><E125/><V119/><F109/><T78/><D108/><U95/><E130/><V98/><F129/><T77/><D93/><U67/><E74/><V45/><F113/><T68/><D58/><U70/><E73/><V133/><F133/><T105/><D105/><U48/><REACH who="1" step="1"/><E70/><REACH who="1" ten="319,250,471,0" step="2"/><V132/><F124/><T59/><D68/><U118/><E118/><V71/><F119/><T85/><D134/><U107/><E107/><V38/><F126/><T97/><D33/><U115/><E115/><V60/><F132/><T121/><N who="0" m="31008" /><T50/><D34/><U103/><E103/><V94/><F71/><T2/><D101/><U123/><N who="1" m="31520" /><U92/><E92/><V44/><F87/><T63/><D100/><U111/><E111/><V35/><F35/><T114/><D114/><U120/><N who="1" m="30752" /><U110/><E110/><V56/><F102/><T66/><D97/><U104/><E104/><V116/><F116/><T131/><D131/><U90/><AGARI ba="0,1" hai="40,46,48,52,55,64,65,67,81,84,86,90,91,95" m="30752,31520,31264" machi="90" ten="30,12000,3" yaku="1,1,0,1,8,1,52,3,54,1,53,1" doraHai="96" doraHaiUra="42" who="1" fromWho="1" sc="319,-80,250,130,471,-40,0,0" /><INIT seed="5,0,0,3,4,83" ten="239,380,431,0" oya="1" hai0="121,42,46,68,90,52,102,107,81,50,96,99,88" hai1="98,75,71,132,87,134,105,53,112,58,72,133,94" hai2="108,116,61,130,104,135,106,85,115,124,43,40,62" hai3=""/><U44/><E112/><V48/><F108/><T3/><N who="0" m="31008" /><T84/><D3/><U51/><E71/><V91/><F116/><T125/><D125/><U101/><E44/><V36/><F36/><T78/><D68/><U122/><N who="1" m="31264" /><U77/><E94/><V74/><F74/><T95/><REACH who="0" step="1"/><D42/><REACH who="0" ten="229,380,431,0" step="2"/><U76/><E76/><AGARI ba="0,1" hai="46,50,52,76,78,81,84,88,90,95,96,99,102,107" m="31008" machi="76" ten="40,12000,2" yaku="1,1,2,1,52,2,54,2,53,0" doraHai="83" doraHaiUra="39" who="0" fromWho="1" sc="229,130,380,-120,431,0,0,0" /><INIT seed="6,0,0,5,0,129" ten="359,260,431,0" oya="2" hai0="127,108,35,66,67,101,118,72,70,78,111,2,45" hai1="34,132,76,98,79,95,38,62,116,117,53,133,113" hai2="99,64,130,37,114,97,43,71,107,52,75,49,128" hai3=""/><V77/><F114/><T93/><D118/><N who="1" m="45675" /><E38/><V135/><F107/><T57/><D45/><U96/><E34/><V86/><F75/><T44/><D44/><U89/><E113/><V41/><F37/><T109/><D57/><U1/><E1/><V65/><F77/><N who="1" m="29769" /><E53/><V123/><N who="2" m="31520" /><V32/><F32/><T54/><D54/><U68/><E62/><V112/><F112/><T82/><D2/><U46/><E46/><V87/><F52/><T103/><D35/><U91/><E68/><V85/><F49/><T0/><D0/><U120/><N who="1" m="30752" /><U92/><AGARI ba="0,0" hai="89,91,92,95,96,98,132,133" m="30752,29769,45675" machi="92" ten="40,9000,2" yaku="4,1,12,1,34,2,52,3" doraHai="129" who="1" fromWho="1" sc="359,-30,260,90,431,-60,0,0" /><INIT seed="8,0,0,4,2,60" ten="329,350,371,0" oya="0" hai0="120,37,54,32,125,42,38,115,134,128,84,61,100" hai1="46,2,94,90,108,74,88,121,93,114,85,96,56" hai2="0,72,118,109,83,91,131,127,81,50,101,47,95" hai3=""/><T45/><N who="0" m="30752" /><T82/><D32/><U44/><N who="1" m="31008" /><U65/><E108/><V133/><F109/><T102/><D115/><U55/><E2/><V33/><F0/><T86/><D125/><U43/><E74/><V87/><F33/><T77/><D134/><U79/><E65/><V110/><F110/><T76/><D128/><U103/><E79/><V66/><F133/><T89/><D37/><U62/><E114/><V51/><F127/><T41/><D41/><U126/><E126/><V111/><F118/><T34/><D34/><U123/><N who="1" m="31520" /><U124/><E124/><V70/><F72/><T40/><D40/><U1/><E1/><V98/><F131/><T106/><D106/><U36/><REACH who="1" step="1"/><E46/><REACH who="1" ten="329,340,371,0" step="2"/><V105/><F111/><T78/><REACH who="0" step="1"/><D86/><REACH who="0" ten="319,340,371,0" step="2"/><U99/><E99/><V48/><F47/><T112/><D112/><U58/><E58/><AGARI ba="0,2" hai="38,42,45,54,58,61,76,77,78,82,84,89,100,102" m="30752" machi="58" ten="40,3900,0" yaku="1,1,52,1,53,0" doraHai="60" doraHaiUra="122" who="0" fromWho="1" sc="319,59,340,-39,371,0,0,0" /><INIT seed="8,1,0,2,0,2" ten="378,301,371,0" oya="0" hai0="122,39,114,0,53,84,34,77,93,123,131,43,107" hai1="88,129,58,44,3,95,82,104,72,64,32,57,128" hai2="108,66,87,37,62,54,47,120,117,1,100,112,85" hai3=""/><T36/><N who="0" m="31264" /><T121/><N who="0" m="31008" /><T61/><N who="0" m="31520" /><T130/><D0/><U116/><E3/><V75/><N who="2" m="30752" /><V38/><F108/><T113/><D34/><U78/><E104/><V73/><F112/><T81/><D107/><U127/><E116/><V90/><F1/><T45/><D39/><U115/><E115/><V35/><F35/><T103/><D114/><U132/><E132/><V119/><F100/><T60/><D113/><U109/><E109/><V74/><F85/><T63/><REACH who="0" step="1"/><D53/><REACH who="0" ten="368,301,371,0" step="2"/><U59/><E32/><V94/><F37/><T101/><D101/><U110/><E110/><V135/><F135/><T124/><D124/><U99/><E127/><V55/><F55/><T41/><D41/><U133/><E133/><V56/><F38/><T50/><D50/><U91/><E64/><V70/><F119/><T102/><D102/><U33/><E33/><V118/><F118/><T80/><D80/><U40/><REACH who="1" step="1"/><E91/><REACH who="1" ten="368,291,371,0" step="2"/><V97/><F117/><T125/><D125/><U42/><E42/><V86/><F66/><T96/><AGARI ba="1,2" hai="36,43,45,60,61,63,77,81,84,93,96,103,130,131" m="31520,31008,31264" machi="96" ten="30,12000,2" yaku="1,1,0,1,52,3,53,2" doraHai="2" doraHaiUra="126" who="0" fromWho="0" sc="368,142,291,-61,371,-61,0,0" owari="510,46.0,230,-37.0,310,-9.0,0,0.0" /></mjloggm>