<mjloggm ver="2.3"><GO type="225" lobby="0"/><UN n0="%50%49%58%49" n1="%E4%BF%BA%E3%81%A8%E5%A6%96%E5%A4%A2" n2="%E8%A8%88%E7%AE%97%E6%A9%9F%E8%87%AA%E7%84%B6" n3="%E3%82%B7%E3%83%B3%E3%83%95%E3%82%A9%E3%83%8B%E3%82%A2" dan="16,17,17,17" rate="2194.90,2167.82,2182.96,2106.94" sx="F,F,M,M"/><TAIKYOKU oya="0"/><INIT seed="0,0,0,2,3,63" ten="250,250,250,250" oya="0" hai0="38,129,17,82,111,16,45,49,79,80,89,31,132" hai1="2,96,9,109,117,126,135,120,68,130,83,78,116" hai2="71,23,70,40,5,60,98,6,1,95,27,74,37" hai3="102,106,84,62,48,115,15,22,4,123,118,12,28"/><T91/><D129/><U11/><E120/><V88/><F74/><W21/><G115/><T43/><D132/><U75/><E130/><V93/><F37/><W128/><G118/><T113/><D113/><U29/><E135/><V103/><F40/><W64/><G128/><T114/><D114/><U81/><E109/><V57/><F70/><W127/><G127/><T19/><D111/><U133/><E133/><V86/><F71/><W42/><G84/><T14/><D31/><U112/><E68/><V87/><F87/><W124/><G124/><T105/><D105/><U50/><E96/><V76/><F1/><W41/><G4/><T18/><D38/><U122/><E29/><N who="2" m="17663" /><F76/><W44/><G42/><T0/><D0/><U94/><E78/><V8/><F8/><W20/><G28/><T25/><D25/><U24/><E24/><V13/><F13/><W59/><REACH who="3" step="1"/><G123/><REACH who="3" ten="250,250,250,240" step="2"/><T54/><D43/><U56/><E122/><V46/><F46/><W77/><G77/><T51/><D51/><U97/><E50/><V119/><F119/><W26/><G26/><T61/><D61/><U99/><E126/><V92/><F92/><W65/><G65/><AGARI ba="0,1" hai="5,6,57,60,65,86,88,93,95,98,103" m="17663" machi="65" ten="30,7700,0" yaku="25,1,8,1,52,1,54,1" doraHai="63" who="2" fromWho="3" sc="250,0,250,0,250,87,240,-77" /><INIT seed="1,0,0,2,1,134" ten="250,250,337,163" oya="1" hai0="87,56,63,118,21,114,75,4,62,12,72,123,115" hai1="54,35,26,30,59,90,25,10,73,41,69,68,13" hai2="126,16,37,81,91,61,49,110,135,51,103,39,1" hai3="64,130,85,20,117,95,58,0,83,94,109,112,50"/><U27/><E73/><V31/><F1/><W23/><G109/><T131/><D118/><U71/><E41/><V84/><F135/><W8/><G130/><T122/><D87/><U45/><E45/><V29/><F110/><W44/><G112/><N who="0" m="43051" /><D21/><N who="3" m="8265" /><G0/><T124/><D131/><U125/><E90/><V77/><F103/><W132/><G132/><T3/><D3/><U32/><E30/><V17/><F61/><N who="0" m="23050" /><D56/><U111/><E111/><V79/><F91/><W105/><G105/><T100/><D100/><U82/><E82/><V119/><F84/><W93/><G117/><T102/><D102/><U2/><E2/><V7/><F119/><W74/><G74/><N who="0" m="28203" /><D12/><U104/><E104/><V99/><F81/><W108/><G108/><T19/><D19/><U97/><E97/><V80/><F80/><W92/><N who="3" m="23552" /><DORA hai="24" /><W60/><G85/><T33/><D4/><U121/><E68/><V65/><F7/><W88/><G83/><T129/><D129/><U46/><E69/><V116/><F116/><W52/><G8/><T28/><D28/><U89/><E71/><V76/><F76/><W11/><G11/><T6/><D6/><U107/><E107/><V34/><F29/><W43/><G88/><T128/><D128/><U55/><E89/><V18/><F31/><W22/><N who="3" m="8273" /><W14/><DORA hai="53" /><G14/><T98/><D98/><U113/><E113/><V120/><F99/><W38/><G38/><T36/><D36/><U40/><E10/><V127/><F18/><W15/><G15/><T133/><D33/><U106/><E32/><V70/><F34/><W42/><AGARI ba="0,0" hai="42,43,44,50,52,58,60,64" m="23552,8273" machi="42" ten="50,8000,1" yaku="5,1,8,1,52,1,54,1" doraHai="134,24,53" who="3" fromWho="3" sc="250,-20,250,-40,337,-20,163,80" /><INIT seed="2,0,0,3,2,120" ten="230,210,317,243" oya="2" hai0="121,37,82,44,108,122,128,53,34,1,106,58,64" hai1="131,126,51,74,65,105,83,6,50,102,73,0,60" hai2="30,57,35,72,80,16,7,75,92,85,94,20,69" hai3="5,95,127,90,86,76,116,8,66,70,125,115,87"/><V96/><F69/><W26/><G116/><T15/><D1/><U104/><E126/><N who="3" m="48138" /><G115/><T134/><D106/><N who="1" m="41067" /><E102/><V9/><F35/><W13/><G26/><T45/><D34/><U38/><E83/><V112/><F30/><W59/><G70/><T21/><D82/><U32/><E32/><V100/><F94/><W93/><G76/><T18/><D134/><U55/><E55/><V71/><F57/><W39/><G39/><T81/><D81/><U43/><E50/><V113/><F71/><W135/><G135/><T10/><D64/><U11/><E51/><V29/><F29/><W54/><G66/><T23/><D37/><U118/><E118/><V46/><F46/><W42/><G42/><T12/><D45/><N who="1" m="23799" /><E131/><V107/><F107/><W33/><G33/><T117/><D128/><U123/><E123/><V129/><F129/><W99/><G93/><T88/><D117/><U78/><E78/><V68/><F113/><W27/><G27/><T48/><D121/><U111/><E111/><V84/><F112/><W124/><N who="3" m="48146" /><W25/><DORA hai="2" /><G25/><T114/><D108/><U61/><E61/><AGARI ba="0,0" hai="5,8,13,54,59,61,86,87,90,95,99" m="48146" machi="61" ten="40,2600,0" yaku="18,1,52,1" doraHai="120,2" who="3" fromWho="1" sc="230,0,210,-26,317,0,243,26" /><INIT seed="3,0,0,5,0,10" ten="230,184,317,269" oya="3" hai0="26,128,99,32,27,83,33,46,39,69,58,11,86" hai1="72,2,43,47,108,109,93,91,28,107,52,15,97" hai2="100,102,67,92,8,134,125,122,53,37,130,38,89" hai3="71,64,129,66,41,126,90,54,56,19,132,42,115"/><W21/><G129/><T7/><D69/><U104/><E2/><V76/><F67/><N who="3" m="25643" /><G132/><T121/><D121/><U25/><E72/><V105/><F105/><W4/><G126/><T112/><D128/><U111/><E43/><V82/><F38/><W12/><G71/><T36/><D112/><U127/><E127/><V18/><F37/><W68/><G115/><T119/><D119/><U124/><E124/><V61/><F134/><W14/><G90/><T98/><D58/><U113/><E113/><V79/><F89/><W73/><G73/><T50/><D33/><U118/><E118/><V3/><F79/><W65/><G65/><T75/><D75/><U88/><E91/><V13/><F3/><W6/><G68/><T120/><D36/><U110/><N who="1" m="27648" /><DORA hai="60" /><U135/><E15/><V106/><F76/><W131/><G131/><T49/><D39/><U116/><E116/><V55/><F130/><W123/><G123/><T81/><D120/><U0/><E0/><V17/><F106/><W44/><G44/><T78/><D83/><U24/><E135/><V59/><F82/><W22/><G12/><N who="0" m="5247" /><D32/><N who="1" m="20487" /><E25/><N who="0" m="9225" /><D50/><AGARI ba="0,0" hai="47,50,52,88,93,97,104,107" m="20487,27648" machi="50" ten="60,7700,0" yaku="14,1,54,2" doraHai="10,60" who="1" fromWho="0" sc="230,-77,184,77,317,0,269,0" owari="153,-35.0,261,-14.0,317,42.0,269,7.0" /></mjloggm>