<mjloggm ver="2.3"><GO type="169" lobby="0"/><UN n0="%E3%83%A9%E3%83%96%E3%83%AC%E3%83%BC" n1="%4B%2E%32%2E%4B%2E" n2="%E6%BB%9D%E6%9C%AC%E3%81%B2%E3%81%B5%E3%81%BF%EF%BC%81" n3="%53%61%6F%2D%48%7A%78" dan="17,16,17,16" rate="2237.51,2063.76,2188.88,2079.80" sx="M,M,M,M"/><TAIKYOKU oya="0"/><INIT seed="0,0,0,1,3,83" ten="250,250,250,250" oya="0" hai0="56,106,54,22,23,110,27,74,92,100,90,29,75" hai1="12,97,3,45,79,76,38,116,44,51,17,10,34" hai2="14,72,107,126,68,65,16,49,52,7,46,86,122" hai3="18,93,42,133,26,104,88,81,96,82,109,58,64"/><T55/><D106/><U40/><E116/><V19/><F122/><W134/><G42/><T85/><D100/><U50/><E34/><V32/><F72/><W129/><G109/><T108/><D23/><U69/><E69/><V94/><F107/><W131/><G18/><N who="2" m="6697" /><F68/><W91/><G58/><T13/><D13/><U43/><E3/><V30/><F32/><W61/><G61/><T24/><D24/><U127/><E127/><V112/><F112/><W121/><G64/><T95/><D92/><U73/><E73/><V114/><F126/><W1/><G1/><T118/><D118/><U135/><E135/><N who="3" m="51722" /><G26/><T6/><D6/><U5/><E5/><V21/><F114/><W53/><G53/><N who="0" m="19979" /><D56/><U11/><E11/><N who="2" m="4479" /><F65/><W66/><G66/><T47/><D47/><U63/><E38/><V9/><F9/><W48/><G48/><T2/><D2/><U37/><E37/><V15/><F15/><W125/><G121/><T84/><D74/><U60/><REACH who="1" step="1"/><E97/><REACH who="1" ten="250,240,250,250" step="2"/><V31/><F21/><W70/><G70/><T20/><D75/><U115/><E115/><V98/><F98/><W57/><G125/><T80/><D20/><U132/><E132/><V89/><AGARI ba="0,1" hai="30,31,46,49,52,86,89,94" m="4479,6697" machi="89" ten="30,7900,0" yaku="8,1,52,1,54,2" doraHai="83" who="2" fromWho="2" sc="250,-39,240,-20,250,89,250,-20" /><INIT seed="1,0,0,2,2,57" ten="211,220,339,230" oya="1" hai0="58,18,49,70,115,48,95,23,16,96,80,20,112" hai1="33,76,122,13,85,52,116,40,131,114,98,110,134" hai2="104,9,21,39,130,73,47,3,118,55,135,65,12" hai3="125,32,117,69,119,120,108,19,107,101,72,109,59"/><U132/><E114/><V63/><F130/><W129/><RYUUKYOKU type="yao9" ba="0,0" sc="211,0,220,0,339,0,230,0" hai3="19,32,59,69,72,101,107,108,109,117,119,120,125,129" /><INIT seed="1,1,0,0,0,58" ten="211,220,339,230" oya="1" hai0="124,22,69,74,94,105,76,97,112,38,87,135,109" hai1="131,66,104,24,0,3,12,25,27,88,4,122,62" hai2="57,72,30,120,63,21,96,70,13,16,84,68,53" hai3="83,114,111,130,61,67,1,106,18,23,10,54,90"/><U37/><E122/><V132/><F72/><W50/><G114/><T31/><D31/><U95/><E131/><V127/><F120/><W107/><G111/><T71/><D22/><U59/><E37/><V33/><F127/><W103/><G130/><T65/><D65/><U128/><E104/><V56/><F132/><W133/><G133/><T9/><D9/><U46/><E128/><V119/><F119/><W81/><G1/><T45/><D45/><U55/><E3/><V101/><F84/><W100/><G10/><T60/><D60/><U8/><E0/><V126/><F126/><W75/><G75/><T42/><D42/><U26/><E26/><V49/><F33/><W82/><G90/><T17/><D17/><U19/><E46/><V125/><F30/><W77/><G77/><T11/><D11/><U118/><E118/><V39/><F39/><W20/><G20/><T29/><D29/><U15/><E66/><V99/><F125/><W116/><G116/><T91/><D38/><U121/><E121/><V86/><F86/><W44/><G100/><N who="0" m="62607" /><D124/><U28/><E28/><V85/><F85/><W34/><G103/><T14/><D14/><N who="1" m="7623" /><E4/><V43/><F96/><AGARI ba="1,0" hai="12,15,24,25,27,55,59,62,88,95,96" m="7623" machi="96" ten="30,5800,0" yaku="8,1,52,1,54,1" doraHai="58" who="1" fromWho="2" sc="211,0,220,61,339,-61,230,0" /><INIT seed="1,2,0,5,1,8" ten="211,281,278,230" oya="1" hai0="2,25,115,92,34,58,111,102,16,4,43,59,47" hai1="70,112,105,129,78,106,3,67,72,31,118,42,29" hai2="27,5,120,134,17,100,13,41,50,0,109,6,107" hai3="101,69,124,93,126,51,44,88,132,96,89,104,75"/><U114/><E3/><V64/><F120/><W123/><G69/><T83/><D115/><U9/><E42/><V22/><F109/><W46/><G123/><T80/><D111/><U71/><E129/><V113/><F134/><W79/><G44/><T103/><D2/><U18/><E118/><V76/><F113/><W108/><G108/><T14/><D4/><U95/><E95/><V61/><F0/><W122/><G122/><T1/><D1/><U90/><E67/><V28/><F76/><W48/><G48/><N who="0" m="26751" /><D25/><U63/><E63/><V68/><F50/><W77/><G51/><T32/><D32/><U15/><E78/><N who="3" m="29706" /><G46/><T66/><D34/><U33/><E33/><N who="2" m="20639" /><F41/><W94/><G132/><T60/><D59/><U35/><E72/><V97/><AGARI ba="2,0" hai="5,6,13,17,22,61,64,68,97,100,107" m="20639" machi="97" ten="30,2000,0" yaku="25,1,52,1" doraHai="8" who="2" fromWho="2" sc="211,-7,281,-12,278,26,230,-7" /><INIT seed="2,0,0,0,0,62" ten="204,269,304,223" oya="2" hai0="120,0,10,61,72,46,95,1,16,118,87,20,9" hai1="26,57,58,123,53,90,13,40,24,113,102,116,12" hai2="39,2,64,80,59,60,68,98,133,101,6,5,71" hai3="65,14,92,7,75,70,122,52,30,37,8,36,128"/><V132/><F39/><W112/><G122/><T73/><D120/><U35/><E35/><V43/><F43/><W17/><G75/><T129/><D129/><U134/><E113/><V91/><F91/><W47/><G112/><T28/><D28/><U66/><E116/><V84/><F84/><W115/><G115/><T77/><D118/><U93/><E102/><V34/><F80/><W69/><G128/><T29/><D29/><U25/><E134/><N who="2" m="51819" /><F34/><W110/><G110/><T88/><D73/><U32/><E32/><V117/><F117/><W31/><G70/><N who="2" m="26665" /><F2/><W79/><G79/><T114/><D114/><U4/><E40/><V96/><F96/><W94/><G36/><T74/><D74/><U100/><E100/><V103/><F103/><W67/><G69/><T107/><D0/><U104/><E123/><V125/><F125/><W81/><G37/><T99/><D1/><U127/><E127/><V105/><AGARI ba="0,0" hai="5,6,59,60,64,98,101,105" m="26665,51819" machi="105" ten="30,3000,0" yaku="20,1,52,1" doraHai="62" who="2" fromWho="2" sc="204,-10,269,-10,304,30,223,-10" /><INIT seed="2,1,0,1,3,75" ten="194,259,334,213" oya="2" hai0="61,133,109,112,7,116,56,50,99,76,23,45,4" hai1="122,74,18,52,33,111,90,27,107,30,17,85,110" hai2="123,134,62,58,31,94,98,19,117,106,8,40,104" hai3="73,78,34,95,32,16,129,10,114,72,21,68,54"/><V132/><F117/><W100/><G73/><T121/><D112/><U108/><E122/><V14/><F123/><W115/><G68/><T92/><D116/><U128/><E128/><V77/><F31/><W5/><G129/><T103/><D133/><N who="2" m="51306" /><F40/><W96/><G54/><T25/><D109/><U79/><E107/><V84/><F84/><W35/><G78/><T42/><D76/><U81/><REACH who="1" step="1"/><E52/><REACH who="1" ten="194,249,334,213" step="2"/><N who="2" m="34119" /><F77/><W91/><G72/><T82/><D121/><U93/><AGARI ba="1,1" hai="17,18,27,30,33,74,79,81,85,90,93,108,110,111" machi="93" ten="30,7900,0" yaku="1,1,0,1,14,1,52,1,53,0" doraHai="75" doraHaiUra="55" who="1" fromWho="1" sc="194,-21,249,92,334,-40,213,-21" /><INIT seed="3,0,0,3,0,73" ten="173,341,294,192" oya="3" hai0="118,125,63,50,35,67,87,79,91,32,55,135,102" hai1="23,58,15,51,80,42,10,109,123,119,94,105,21" hai2="14,112,98,39,22,66,93,86,29,27,131,26,83" hai3="101,89,82,99,3,107,70,74,95,114,11,24,84"/><W34/><G70/><T18/><D118/><U108/><E105/><V128/><F112/><W16/><G114/><T110/><D102/><U0/><E0/><V92/><F39/><W116/><G116/><T134/><D125/><U76/><E123/><V65/><F14/><W57/><G57/><N who="0" m="37359" /><D110/><N who="1" m="42603" /><E119/><V77/><F26/><W106/><G74/><T124/><D124/><U9/><E94/><V44/><F44/><W59/><G59/><N who="0" m="33271" /><D18/><N who="1" m="8559" /><E10/><V120/><F92/><W71/><G71/><T20/><D20/><U126/><E126/><V52/><F120/><W78/><G101/><T47/><D47/><N who="1" m="26103" /><E58/><V121/><F121/><W54/><G54/><T2/><D2/><U40/><E40/><V115/><F115/><W75/><G75/><AGARI ba="0,0" hai="21,23,75,76,80" m="26103,8559,42603" machi="75" ten="30,2000,0" yaku="14,1,52,1" doraHai="73" who="1" fromWho="3" sc="173,0,341,20,294,0,192,-20" /><INIT seed="4,0,0,4,2,3" ten="173,361,294,172" oya="0" hai0="12,122,31,24,47,96,43,114,135,21,107,11,38" hai1="60,25,59,118,84,27,111,29,32,9,13,19,98" hai2="72,126,131,95,4,90,62,104,53,128,52,48,67" hai3="75,87,120,0,88,78,82,106,64,125,79,18,112"/><T110/><D122/><U15/><E111/><V97/><F72/><W14/><G0/><T80/><D110/><U113/><E118/><V44/><F126/><W63/><G125/><T86/><D114/><U1/><E1/><V101/><F53/><W94/><G112/><T5/><D135/><U22/><E113/><V56/><REACH who="2" step="1"/><F4/><REACH who="2" ten="173,361,284,172" step="2"/><W100/><G120/><T91/><D107/><U66/><E84/><AGARI ba="0,1" hai="44,48,52,56,62,67,84,90,95,97,101,104,128,131" machi="84" ten="40,8000,1" yaku="1,1,2,1,54,1,53,2" doraHai="3" doraHaiUra="127" who="2" fromWho="1" sc="173,0,361,-80,284,90,172,0" /><INIT seed="5,0,0,4,2,18" ten="173,281,374,172" oya="1" hai0="69,22,115,132,36,9,87,24,8,92,128,51,19" hai1="131,46,58,26,59,134,121,39,93,130,123,73,116" hai2="85,79,108,3,7,91,81,66,109,97,43,41,33" hai3="50,88,16,75,100,89,72,80,6,30,14,23,5"/><U0/><E73/><V82/><F33/><W96/><G30/><T111/><D69/><U124/><E0/><V40/><F66/><W31/><G31/><T44/><D36/><U10/><E10/><V21/><F3/><W126/><G126/><T1/><D115/><U17/><E116/><V106/><F7/><W135/><G135/><T34/><D132/><U103/><E134/><V62/><F62/><W78/><G72/><T53/><D111/><U60/><E103/><V42/><F42/><W47/><G5/><T45/><D128/><N who="1" m="49195" /><E93/><V120/><F120/><N who="1" m="46153" /><E124/><V122/><F122/><W129/><G6/><T95/><D34/><U90/><E90/><V101/><REACH who="2" step="1"/><F21/><REACH who="2" ten="173,281,364,172" step="2"/><W104/><G129/><T77/><D1/><U49/><E60/><V119/><F119/><W32/><G32/><T25/><D8/><U27/><E39/><V38/><F38/><W56/><G56/><T4/><D4/><U105/><E59/><V127/><F127/><W55/><AGARI ba="0,1" hai="14,16,23,47,50,55,75,78,80,88,89,96,100,104" machi="55" ten="20,8000,1" yaku="0,1,7,1,52,1,54,2" doraHai="18" who="3" fromWho="3" sc="173,-20,281,-40,364,-20,172,90" /><INIT seed="6,0,0,0,4,26" ten="153,241,344,262" oya="2" hai0="3,123,119,43,49,6,71,94,50,10,44,73,101" hai1="105,39,14,91,74,87,117,69,32,37,51,68,133" hai2="16,65,22,129,0,61,103,11,108,116,53,34,47" hai3="67,38,134,113,77,96,75,85,81,122,109,18,46"/><V15/><F116/><W12/><G109/><T135/><D119/><U130/><E117/><V28/><F129/><W126/><G122/><T36/><D123/><U86/><E74/><V93/><F108/><W33/><G33/><T63/><D135/><U99/><E32/><V95/><F103/><W13/><G134/><T5/><D5/><U110/><E110/><V107/><F107/><W8/><G126/><T132/><D132/><U83/><E133/><V55/><F47/><W102/><G67/><T45/><D71/><U66/><E130/><V4/><F53/><W90/><G113/><T92/><D63/><U59/><E14/><V7/><F55/><W128/><G128/><T29/><D94/><U1/><E1/><V42/><F42/><W112/><G112/><T106/><D106/><U100/><E87/><V41/><F41/><W88/><G38/><T127/><D127/><U80/><E80/><V23/><F23/><W20/><G46/><T131/><D131/><U48/><E48/><N who="0" m="18537" /><D45/><U57/><E68/><N who="2" m="42031" /><F4/><W82/><G82/><T120/><D73/><U70/><E69/><V60/><F60/><W97/><G75/><T64/><D64/><U111/><E111/><V31/><F34/><W72/><G72/><T115/><D115/><U98/><E70/><V19/><F19/><N who="3" m="10343" /><G102/><T27/><D120/><U25/><E100/><V79/><F79/><W84/><G77/><T121/><D121/><U30/><E105/><V114/><F114/><W54/><G54/><T62/><D62/><N who="1" m="38223" /><E39/><V24/><F0/><W78/><G78/><T52/><D36/><U58/><E37/><RYUUKYOKU ba="0,0" sc="153,-15,241,-15,344,15,262,15" hai2="7,11,15,16,22,24,28,31,93,95" hai3="8,13,18,81,84,85,88,90,96,97" /><INIT seed="6,1,0,0,5,40" ten="138,226,359,277" oya="2" hai0="129,62,121,76,93,128,71,67,133,0,35,96,113" hai1="132,117,18,135,8,112,84,66,22,127,44,53,90" hai2="91,57,99,11,72,28,34,46,50,101,85,63,68" hai3="106,15,94,109,80,103,1,14,126,64,122,26,114"/><V87/><F72/><W2/><G106/><T95/><D121/><U27/><E117/><V118/><F68/><W7/><G64/><T119/><D0/><U73/><E73/><V82/><F118/><W74/><G109/><T6/><D119/><U100/><E100/><V55/><F34/><W92/><G122/><T105/><D6/><U54/><E112/><V23/><F11/><W43/><G114/><T79/><D113/><U124/><E66/><V69/><F69/><W56/><G56/><T107/><D35/><U61/><E61/><V3/><F3/><W70/><G70/><T58/><D71/><U104/><E104/><V25/><F85/><W48/><G26/><T102/><D107/><U116/><E116/><V52/><F99/><W97/><G92/><T81/><D79/><U75/><E75/><V31/><F101/><W17/><G126/><N who="1" m="48170" /><E8/><V10/><F10/><N who="3" m="4447" /><G74/><T39/><D39/><U125/><E125/><V36/><F36/><W83/><G1/><T98/><D133/><N who="1" m="51275" /><E44/><V110/><F110/><W5/><G2/><T88/><REACH who="0" step="1"/><D105/><REACH who="0" ten="128,226,359,277" step="2"/><U120/><E120/><V13/><F13/><W4/><G5/><T59/><D59/><U65/><E65/><V45/><F46/><N who="3" m="25695" /><G4/><T115/><D115/><U9/><E9/><AGARI ba="1,1" hai="9,15,17,80,83,94,97,103" m="25695,4447" machi="9" ten="30,2000,0" yaku="8,1,52,1" doraHai="40" who="3" fromWho="1" sc="128,0,226,-23,359,0,277,33" /><INIT seed="7,0,0,0,0,101" ten="128,203,359,310" oya="3" hai0="122,108,89,90,35,57,26,18,93,68,131,3,6" hai1="38,96,10,62,117,20,88,11,123,91,41,76,124" hai2="72,125,73,47,127,105,4,21,50,16,79,99,115" hai3="34,85,17,133,25,54,66,70,23,116,32,77,106"/><W98/><G116/><T45/><D68/><U64/><E76/><V51/><F4/><W100/><G133/><T53/><D122/><U119/><E123/><V75/><F79/><W81/><REACH who="3" step="1"/><G54/><REACH who="3" ten="128,203,359,300" step="2"/><T67/><D131/><U104/><E119/><V92/><F115/><W82/><G82/><T5/><D3/><U63/><E117/><V7/><F7/><W1/><G1/><T40/><D108/><U102/><E124/><N who="2" m="47691" /><F105/><W8/><G8/><T58/><D57/><U30/><E11/><V49/><F47/><W113/><G113/><T86/><D90/><U71/><E10/><V43/><F43/><W28/><G28/><T42/><D42/><U59/><E91/><N who="2" m="55711" /><F73/><W95/><G95/><T29/><D18/><U27/><E88/><V103/><F103/><W129/><G129/><T97/><D86/><U24/><E30/><V2/><F2/><W126/><G126/><T128/><D128/><U110/><E104/><V12/><AGARI ba="0,1" hai="12,16,21,49,50,51,72,75" m="55711,47691" machi="12" ten="30,2000,0" yaku="18,1,54,1" doraHai="101" who="2" fromWho="2" sc="128,-5,203,-5,359,30,300,-10" owari="123,-38.0,198,-20.0,389,49.0,290,9.0" /></mjloggm>