<mjloggm ver="2.3"><GO type="169" lobby="0"/><UN n0="%E6%BB%9D%E6%9C%AC%E3%81%B2%E3%81%B5%E3%81%BF%EF%BC%81" n1="%E3%82%8F%E3%81%A3%E3%81%97%E3%82%87%E3%81%84%E5%90%9B%32%E5%8F%B7" n2="%E3%82%B7%E3%83%BC%E3%82%BF" n3="%E6%97%A9%E7%A8%B2%E7%94%B0%E5%A4%A7%E5%AD%A6%34%E5%B9%B4" dan="17,19,16,17" rate="2161.12,2307.77,2039.38,2221.88" sx="M,M,M,F"/><TAIKYOKU oya="0"/><INIT seed="0,0,0,4,3,42" ten="250,250,250,250" oya="0" hai0="4,102,49,5,74,126,73,122,86,70,95,97,89" hai1="6,98,115,15,32,116,65,2,72,94,11,67,113" hai2="100,17,37,84,117,119,28,9,135,82,121,62,57" hai3="41,77,35,30,12,51,26,13,111,59,43,134,112"/><T106/><D122/><U52/><E116/><V104/><F37/><W68/><G112/><N who="1" m="43082" /><E72/><V33/><F135/><W81/><G68/><T56/><D70/><U22/><E32/><V110/><F110/><W1/><G1/><T133/><D126/><U88/><E52/><V118/><F121/><W114/><G114/><T31/><D133/><U80/><E80/><V131/><F131/><W127/><G111/><T24/><D73/><U125/><E125/><V76/><F100/><W38/><G134/><T129/><D74/><U128/><E128/><V105/><F28/><W27/><G127/><T132/><D129/><U14/><E22/><V92/><F92/><W130/><G130/><T54/><REACH who="0" step="1"/><D132/><REACH who="0" ten="240,250,250,250" step="2"/><U71/><E71/><V99/><F33/><AGARI ba="0,1" hai="4,5,24,31,33,49,54,56,86,89,95,97,102,106" machi="33" ten="30,5800,0" yaku="1,1,2,1,7,1,53,0" doraHai="42" doraHaiUra="19" who="0" fromWho="2" sc="240,68,250,0,250,-58,250,0" /><INIT seed="0,1,0,2,0,47" ten="308,250,192,250" oya="0" hai0="93,11,129,112,74,65,30,88,27,82,18,34,113" hai1="128,87,105,4,110,131,130,80,77,101,83,17,54" hai2="6,98,58,73,25,29,94,1,135,122,109,13,0" hai3="69,114,57,120,35,92,95,3,125,102,76,42,81"/><T78/><D129/><U41/><E110/><V5/><F122/><W49/><G69/><T103/><D103/><U7/><E41/><V46/><F73/><W72/><G114/><T84/><D65/><U16/><E80/><V62/><F135/><W33/><G120/><T36/><D36/><U38/><E38/><V89/><F109/><W99/><G125/><T107/><D107/><U108/><E108/><V55/><F1/><W118/><G118/><T26/><D18/><N who="1" m="7275" /><E54/><V121/><F0/><W50/><G3/><T100/><D11/><U67/><E67/><V90/><F13/><W116/><G116/><T52/><D100/><U51/><E51/><N who="2" m="29175" /><F89/><W9/><G9/><T8/><D8/><U37/><E37/><V111/><F111/><W91/><G42/><T123/><D123/><U68/><E68/><V44/><F44/><W124/><G124/><T97/><D74/><U61/><E61/><V63/><F63/><W15/><G15/><T134/><D134/><U45/><E45/><V119/><F119/><W19/><G19/><T40/><D40/><U39/><E39/><V132/><F132/><W2/><G2/><T23/><REACH who="0" step="1"/><D52/><REACH who="0" ten="298,250,192,250" step="2"/><U79/><E101/><V127/><F121/><W60/><G60/><T115/><D115/><U71/><E105/><V21/><F127/><W14/><G57/><T24/><D24/><U56/><E56/><V10/><F10/><W96/><REACH who="3" step="1"/><G14/><REACH who="3" ten="298,250,192,240" step="2"/><T64/><D64/><AGARI ba="1,2" hai="5,6,21,25,29,58,62,64,90,94,98" m="29175" machi="64" ten="30,2000,0" yaku="8,1,52,1" doraHai="47" who="2" fromWho="0" sc="298,-23,250,0,192,43,240,0" /><INIT seed="1,0,0,1,5,11" ten="275,250,235,240" oya="1" hai0="119,82,75,15,39,18,74,126,31,88,94,77,116" hai1="69,71,5,36,52,34,72,55,89,68,32,63,33" hai2="123,6,20,67,124,81,96,13,44,47,84,30,129" hai3="121,4,12,50,51,85,112,22,56,35,42,90,86"/><U111/><E111/><V1/><F123/><W95/><G121/><T135/><D74/><U107/><E72/><V73/><F73/><W8/><G112/><T40/><D126/><U118/><E118/><V7/><F1/><W26/><G35/><T27/><D135/><U114/><E114/><V130/><F124/><W87/><G42/><T19/><D19/><U23/><E36/><V46/><F67/><W57/><G51/><T127/><D127/><U17/><E5/><V117/><F96/><W58/><REACH who="3" step="1"/><G50/><REACH who="3" ten="275,250,235,230" step="2"/><T59/><D40/><U122/><E122/><V120/><F120/><W98/><G98/><T16/><D39/><U108/><E108/><V99/><F99/><W41/><G41/><T48/><D116/><U131/><E131/><V3/><F117/><W0/><G0/><T79/><D48/><U106/><E89/><N who="2" m="51343" /><F3/><W133/><G133/><T128/><D128/><U115/><E115/><V76/><F130/><W105/><G105/><N who="1" m="39946" /><E63/><V70/><F129/><W103/><G103/><T104/><D119/><U101/><E101/><V24/><F76/><W78/><G78/><T25/><D77/><U2/><E2/><V54/><F44/><W109/><G109/><T21/><D104/><U65/><E65/><V49/><F46/><W14/><G14/><AGARI ba="0,1" hai="14,17,23,32,33,34,52,55,68,69,71" m="39946" machi="14" ten="40,12000,1" yaku="26,2,52,1,54,1" doraHai="11" who="1" fromWho="3" sc="275,0,250,130,235,0,230,-120" /><INIT seed="1,1,0,3,2,59" ten="275,380,235,110" oya="1" hai0="95,135,96,133,61,49,11,58,33,44,131,108,125" hai1="42,92,85,106,67,94,57,126,134,2,63,8,117" hai2="41,98,97,43,27,4,80,21,83,132,68,121,103" hai3="9,7,112,35,99,40,65,51,55,111,77,82,93"/><U69/><E117/><V60/><F121/><W109/><G35/><T81/><D108/><N who="3" m="41545" /><G40/><N who="0" m="24711" /><D33/><U29/><E106/><V1/><F132/><N who="0" m="50762" /><D81/><U56/><E134/><V73/><F4/><W100/><G65/><N who="0" m="39095" /><D11/><U87/><E8/><V23/><F97/><W90/><G112/><T74/><D74/><U15/><E87/><V66/><F1/><N who="3" m="239" /><G77/><T46/><D46/><U45/><E45/><V30/><F23/><W91/><G82/><T26/><D26/><U78/><E85/><V10/><F10/><W105/><G105/><T18/><D18/><U19/><E92/><V62/><F83/><W28/><G28/><T54/><D125/><U88/><E126/><V130/><F80/><W34/><G34/><T38/><D38/><U24/><E78/><V122/><F73/><W70/><G70/><T127/><D127/><U50/><E2/><V75/><F75/><W25/><G25/><T113/><D113/><U48/><E24/><V120/><F68/><W36/><G36/><T20/><D20/><U14/><E29/><V22/><F27/><W3/><G3/><T71/><D71/><U52/><E69/><V37/><F30/><W84/><G84/><T31/><D31/><U53/><E19/><V47/><F37/><W64/><G64/><T102/><D54/><U115/><E115/><V79/><F79/><W107/><G107/><T129/><AGARI ba="1,0" hai="95,96,102,129,131" m="39095,50762,24711" machi="129" ten="30,2000,0" yaku="20,1,52,1" doraHai="59" who="0" fromWho="0" sc="275,23,380,-11,235,-6,110,-6" /><INIT seed="2,0,0,0,0,16" ten="298,369,229,104" oya="2" hai0="22,118,53,111,110,29,117,57,75,4,86,115,123" hai1="128,116,5,103,125,64,50,102,25,38,135,68,15" hai2="12,105,17,83,84,39,33,72,42,109,58,40,66" hai3="133,23,100,80,24,132,44,108,77,76,127,124,45"/><V89/><F105/><W6/><G100/><T112/><D75/><U95/><E38/><V51/><F33/><W10/><G45/><T47/><D47/><U37/><E37/><V26/><F39/><W107/><G107/><T43/><D4/><U134/><E116/><N who="0" m="44649" /><D43/><U106/><E106/><V21/><F109/><N who="0" m="41482" /><D86/><U2/><E2/><V87/><F72/><W65/><G65/><T62/><D22/><U52/><E5/><V56/><F66/><W3/><G44/><T104/><D29/><U74/><E64/><V78/><F26/><W18/><G108/><T122/><D104/><U82/><E25/><V93/><F58/><W101/><G101/><T8/><D8/><U49/><E102/><V130/><F130/><W63/><G63/><T61/><D62/><U32/><E103/><V94/><F94/><W13/><G77/><T54/><D54/><AGARI ba="0,0" hai="12,17,21,40,42,51,54,56,78,83,84,87,89,93" machi="54" ten="40,12000,1" yaku="25,2,8,1,52,1" doraHai="16" who="2" fromWho="0" sc="298,-120,369,0,229,120,104,0" /><INIT seed="2,1,0,1,3,99" ten="178,369,349,104" oya="2" hai0="83,104,111,47,87,86,94,71,95,44,84,2,49" hai1="41,55,129,108,37,88,0,107,50,61,29,8,68" hai2="21,121,116,52,33,42,91,64,67,125,7,76,81" hai3="102,30,18,23,66,70,124,74,59,100,130,110,120"/><V119/><F121/><W78/><G70/><T65/><D104/><U92/><E107/><V117/><F33/><W48/><G120/><T58/><D2/><U109/><E129/><V3/><F125/><W133/><G130/><T105/><D105/><U35/><E29/><V17/><F42/><W80/><G124/><T123/><D111/><N who="1" m="42571" /><E35/><V46/><F91/><W106/><G106/><T73/><D71/><U38/><E41/><V122/><F122/><W113/><G110/><T25/><D73/><U15/><E0/><V75/><F7/><W10/><G133/><T13/><D83/><U26/><E26/><V45/><F3/><W28/><G10/><T118/><D118/><U127/><E61/><V43/><F43/><W60/><G48/><T135/><D25/><U56/><E68/><V114/><F114/><W9/><G9/><T131/><D94/><U62/><E62/><V132/><F132/><W20/><G113/><T126/><D86/><N who="1" m="52247" /><E127/><V11/><F116/><W57/><G57/><T103/><D95/><U101/><E101/><V115/><F115/><W36/><G36/><T98/><D58/><U82/><E82/><V53/><F81/><W6/><G30/><T77/><D123/><U69/><E69/><V93/><F117/><W90/><G28/><T24/><D131/><U97/><E97/><V128/><F119/><W12/><G90/><T134/><D126/><U89/><E89/><V112/><F128/><W1/><G23/><T22/><D22/><U96/><E96/><V40/><F21/><W5/><G1/><T34/><D134/><U54/><E54/><RYUUKYOKU ba="1,0" sc="178,-15,369,15,349,-15,104,15" hai1="8,15,37,38,50,55,56" hai3="5,6,12,18,20,59,60,66,74,78,80,100,102" /><INIT seed="3,2,0,3,4,66" ten="163,384,334,119" oya="3" hai0="50,37,111,32,42,15,58,2,20,0,47,119,131" hai1="22,24,29,84,45,56,46,127,88,38,82,49,105" hai2="69,76,11,129,8,30,19,60,106,64,128,94,14" hai3="116,7,10,33,36,52,1,130,83,59,110,53,41"/><W99/><G116/><T4/><D32/><U73/><E127/><V55/><F106/><W92/><G130/><N who="2" m="50281" /><F76/><W113/><G113/><T79/><D131/><U98/><E73/><V43/><F43/><W80/><G33/><T97/><D111/><U6/><E6/><V132/><F132/><W40/><G110/><T25/><D119/><U90/><E38/><V35/><F94/><W81/><G36/><T95/><D79/><U9/><E9/><N who="2" m="6607" /><F55/><W103/><REACH who="3" step="1"/><G53/><REACH who="3" ten="163,384,334,109" step="2"/><T78/><D37/><U27/><E46/><V86/><F35/><W108/><G108/><T68/><D47/><U124/><E45/><V133/><F133/><W67/><G67/><T96/><D42/><U74/><E124/><V120/><F64/><W91/><G91/><T112/><D112/><U17/><E90/><V70/><F120/><W123/><G123/><T109/><D109/><U104/><E88/><V16/><F70/><W115/><G115/><T77/><D68/><U13/><E56/><V63/><F69/><W34/><G34/><T107/><D58/><U28/><E28/><V65/><F30/><W100/><G100/><T134/><D134/><U89/><E29/><V48/><F65/><W75/><G75/><T57/><D57/><U12/><E74/><V126/><F126/><W3/><G3/><T54/><D0/><U71/><E71/><V44/><F44/><W72/><G72/><T93/><D2/><U101/><E101/><V85/><F63/><AGARI ba="2,1" hai="1,7,10,40,41,52,59,63,80,81,83,92,99,103" machi="63" ten="40,3900,0" yaku="1,1,54,1,53,0" doraHai="66" doraHaiUra="21" who="3" fromWho="2" sc="163,0,384,0,334,-45,109,55" /><INIT seed="3,3,0,1,3,19" ten="163,384,289,164" oya="3" hai0="78,23,35,38,92,59,97,71,133,20,4,112,66" hai1="94,25,124,24,113,2,79,128,34,89,118,73,22" hai2="91,127,45,14,43,8,123,18,90,126,96,63,102" hai3="16,54,42,132,77,95,109,131,125,129,111,41,3"/><W5/><G125/><N who="2" m="47625" /><F63/><W120/><G120/><T27/><D71/><U98/><E113/><V87/><F87/><W6/><G132/><T30/><D38/><U32/><E128/><N who="3" m="49226" /><G77/><T49/><D133/><U57/><E118/><V26/><F26/><W39/><G54/><T36/><D36/><U117/><E117/><V121/><F121/><W107/><G107/><T53/><D112/><U67/><E2/><V11/><F11/><N who="3" m="2495" /><G6/><T85/><D66/><U44/><E124/><V88/><F123/><W21/><G95/><T74/><D74/><U40/><E79/><V31/><F31/><W80/><G80/><T46/><D4/><U28/><E73/><V100/><F96/><W81/><G81/><T75/><D75/><U122/><E122/><V83/><F83/><W61/><G61/><T82/><REACH who="0" step="1"/><D46/><REACH who="0" ten="153,384,289,164" step="2"/><U7/><E7/><V114/><F114/><W15/><G42/><T51/><D51/><AGARI ba="3,1" hai="8,14,18,43,45,51,88,90,91,100,102" m="47625" machi="51" ten="30,2000,0" yaku="18,1,54,1" doraHai="19" who="2" fromWho="0" sc="153,-29,384,0,289,39,164,0" /><INIT seed="4,0,0,0,2,62" ten="124,384,328,164" oya="0" hai0="127,22,88,47,132,79,2,58,11,35,60,96,39" hai1="33,9,18,113,104,118,93,101,42,81,43,77,135" hai2="59,95,83,126,10,48,94,102,128,41,26,13,122" hai3="55,63,15,114,131,4,23,76,7,123,103,80,117"/><T46/><D35/><U5/><E118/><V133/><F122/><W19/><G117/><T34/><D34/><U65/><E104/><V116/><F116/><W40/><G123/><T105/><D127/><U84/><E33/><V68/><F68/><W45/><G114/><T92/><D132/><U100/><E135/><V53/><F133/><W72/><G131/><T130/><D130/><U31/><E31/><V14/><F128/><W125/><G125/><T71/><D71/><U87/><E18/><V109/><F109/><W49/><G63/><T85/><D39/><U66/><E113/><V44/><F14/><W51/><REACH who="3" step="1"/><G103/><REACH who="3" ten="124,384,328,154" step="2"/><T32/><D32/><U108/><E108/><V3/><F102/><W99/><G99/><T74/><D74/><U73/><E100/><V56/><F126/><W52/><G52/><N who="0" m="33863" /><D105/><U6/><E73/><V61/><F53/><W129/><G129/><T134/><D134/><U64/><E87/><V25/><F61/><W69/><G69/><T12/><D2/><U50/><E42/><V27/><F41/><W78/><G78/><T8/><D79/><U67/><E67/><V20/><F44/><AGARI ba="0,1" hai="4,7,15,19,23,40,44,45,49,51,55,72,76,80" machi="44" ten="30,2000,0" yaku="1,1,7,1,53,0" doraHai="62" doraHaiUra="54" who="3" fromWho="2" sc="124,0,384,0,328,-20,154,30" /><INIT seed="5,0,0,2,2,61" ten="124,384,308,184" oya="1" hai0="72,70,18,53,129,116,102,21,36,91,27,31,38" hai1="42,75,22,16,73,69,132,78,9,98,135,59,134" hai2="26,63,103,84,128,3,33,71,87,14,4,50,108" hai3="112,79,96,94,24,54,83,126,19,86,125,49,120"/><U12/><E69/><V115/><F108/><W5/><G120/><T104/><D116/><U62/><E42/><V57/><F3/><W45/><G5/><T100/><D129/><U58/><E78/><V101/><F128/><W10/><G112/><T81/><D70/><U8/><E98/><V46/><F71/><W48/><G49/><T92/><D104/><U110/><E58/><V6/><F33/><W119/><G119/><T28/><D36/><U43/><E43/><N who="2" m="24927" /><F26/><W124/><G24/><T121/><D38/><U80/><E110/><V67/><F115/><W44/><G44/><T68/><D68/><U88/><E75/><V60/><F60/><W76/><G76/><T37/><D37/><U77/><REACH who="1" step="1"/><E88/><REACH who="1" ten="124,374,308,184" step="2"/><V23/><F103/><N who="0" m="39466" /><D72/><U34/><E34/><V107/><F101/><W127/><G127/><T2/><D121/><U97/><E97/><V17/><F107/><W56/><G56/><T74/><D74/><U55/><AGARI ba="0,1" hai="8,9,12,16,22,55,59,62,73,77,80,132,134,135" machi="55" ten="30,12000,1" yaku="1,1,0,1,20,1,54,1,53,1" doraHai="61" doraHaiUra="13" who="1" fromWho="1" sc="124,-40,374,130,308,-40,184,-40" /><INIT seed="5,1,0,4,5,5" ten="84,504,268,144" oya="1" hai0="22,109,104,73,89,35,74,77,24,102,132,61,70" hai1="41,93,101,87,50,11,55,117,107,60,94,2,38" hai2="84,66,135,3,116,68,90,124,69,51,8,91,126" hai3="88,106,76,56,54,79,86,18,119,128,80,30,26"/><U78/><E117/><V0/><F116/><W71/><G71/><N who="2" m="27209" /><F51/><W105/><G119/><T57/><D109/><U63/><E38/><V123/><F84/><W122/><G122/><T21/><D132/><U42/><E41/><V83/><F83/><W114/><G114/><T53/><D35/><U110/><E42/><V25/><F25/><W15/><G128/><T36/><D36/><U113/><E113/><V130/><F66/><W127/><G127/><N who="2" m="48681" /><F8/><N who="3" m="6503" /><G106/><T17/><D70/><U111/><E60/><V118/><F118/><W64/><G105/><T16/><D77/><U95/><E63/><V31/><F31/><W92/><G64/><T39/><D39/><U99/><E87/><V67/><F67/><W45/><G45/><T103/><D104/><U40/><E40/><V52/><F123/><W9/><G80/><T65/><D65/><U112/><E78/><V129/><F52/><W49/><G9/><T133/><D133/><U131/><E131/><N who="2" m="50187" /><F135/><W34/><G34/><T58/><D58/><U96/><E112/><V1/><AGARI ba="1,0" hai="0,1,3,90,91" m="50187,48681,27209" machi="1" ten="50,8000,1" yaku="28,2,18,1,19,1" doraHai="5" who="2" fromWho="2" sc="84,-21,504,-41,268,83,144,-21" /><INIT seed="6,0,0,1,4,120" ten="63,463,351,123" oya="2" hai0="61,112,43,100,69,34,65,93,66,74,84,51,42" hai1="62,132,111,21,1,130,15,48,83,116,47,60,124" hai2="114,109,39,70,98,77,12,14,29,79,44,67,63" hai3="75,32,91,2,101,30,96,72,94,113,110,82,64"/><V8/><F114/><W108/><G2/><T104/><D112/><U13/><E116/><V71/><F71/><W11/><G113/><T27/><D74/><N who="3" m="28201" /><G11/><T59/><D104/><U50/><E1/><V31/><F14/><W118/><G64/><T16/><D34/><U37/><E37/><V25/><F109/><N who="3" m="42091" /><G30/><T73/><D73/><U7/><E130/><V24/><F44/><W115/><G32/><T121/><D121/><U23/><E111/><V45/><F45/><W18/><G18/><T135/><D135/><U3/><E124/><V78/><F39/><W127/><G115/><T92/><D65/><U86/><E132/><V95/><F31/><W87/><G118/><T26/><D69/><U17/><E3/><V117/><F29/><W106/><G127/><T36/><D36/><U103/><E103/><V28/><F28/><W35/><G35/><T129/><D129/><U90/><E48/><V68/><F68/><W57/><G57/><T40/><D51/><U56/><E56/><N who="2" m="37351" /><F117/><W20/><G20/><N who="0" m="13575" /><D27/><U99/><E21/><V5/><F70/><W102/><G106/><T133/><D133/><U6/><E62/><V38/><F38/><W33/><G33/><T125/><D125/><U81/><E60/><V22/><F22/><W126/><G126/><T89/><D42/><U55/><E15/><V10/><F10/><W122/><G122/><T105/><D105/><U88/><E7/><V49/><F49/><W9/><G9/><T119/><D119/><U52/><E6/><V134/><F134/><W80/><G102/><AGARI ba="0,0" hai="5,8,12,24,25,77,78,79,95,98,102" m="37351" machi="102" ten="30,1500,0" yaku="8,1" doraHai="120" who="2" fromWho="3" sc="63,0,463,0,351,15,123,-15" /><INIT seed="6,1,0,1,4,63" ten="63,463,366,108" oya="2" hai0="79,34,32,87,122,133,41,88,28,92,13,44,94" hai1="131,20,129,51,115,33,4,97,83,127,6,19,50" hai2="101,119,121,107,90,45,36,105,48,93,132,9,15" hai3="55,130,14,30,17,42,106,59,29,102,71,43,0"/><V60/><F119/><W61/><G0/><T86/><D122/><U112/><E33/><V125/><F121/><W109/><G109/><T66/><D133/><U76/><E127/><V38/><F132/><W54/><G71/><T77/><D13/><N who="1" m="9327" /><E97/><V16/><F125/><W128/><G102/><T47/><D66/><U81/><E51/><V56/><F38/><W116/><G106/><T103/><D103/><U40/><E50/><V126/><F36/><W70/><G70/><T1/><D1/><U11/><E40/><N who="3" m="15402" /><G55/><T100/><D100/><U21/><E21/><V53/><F101/><W91/><G91/><T7/><D7/><N who="1" m="2603" /><E11/><V120/><F120/><W27/><G27/><T104/><D41/><U35/><E83/><V12/><F12/><W96/><G96/><T82/><D82/><U78/><E76/><V123/><F126/><W68/><G68/><T2/><D2/><U64/><E64/><V8/><F8/><N who="3" m="6343" /><G116/><T23/><D23/><U31/><E31/><V110/><F110/><W39/><G39/><T124/><D124/><U10/><E10/><V3/><F3/><W134/><G134/><T80/><D80/><U58/><E35/><V22/><F9/><W25/><G25/><T111/><D111/><U65/><E81/><V114/><F123/><W24/><G24/><T73/><D104/><U95/><E95/><V52/><F107/><W118/><G118/><T85/><D28/><N who="3" m="10857" /><G130/><N who="1" m="49674" /><E78/><V89/><F105/><W69/><G69/><T108/><D108/><U135/><E135/><V74/><F22/><W57/><G128/><T62/><D73/><U18/><E18/><RYUUKYOKU ba="1,0" sc="63,-15,463,15,366,-15,108,15" hai1="58,65,112,115" hai3="54,57,59,61" /><INIT seed="7,2,0,4,1,34" ten="48,478,351,123" oya="3" hai0="129,103,5,79,66,17,77,104,27,0,26,68,9" hai1="39,41,44,90,109,13,49,95,92,40,58,57,10" hai2="24,102,72,116,115,63,59,33,101,38,91,81,133" hai3="120,54,12,86,25,108,23,98,67,119,74,29,55"/><W52/><G74/><T82/><D129/><U117/><E109/><V4/><F116/><W87/><G119/><T126/><D126/><U18/><E117/><V56/><F38/><W47/><G120/><T83/><D104/><U65/><E39/><V35/><F4/><W36/><G108/><T105/><D105/><U11/><E41/><V130/><F130/><W78/><G67/><T46/><D103/><U37/><E37/><V94/><F59/><N who="1" m="22537" /><E65/><V106/><F115/><W118/><G118/><T28/><D46/><U53/><E53/><V32/><F133/><W89/><G78/><T71/><D66/><U123/><E123/><V97/><F24/><W70/><G70/><T16/><D9/><N who="1" m="6447" /><E95/><V1/><F91/><W43/><G98/><AGARI ba="2,0" hai="10,11,40,44,49,90,92,98" m="6447,22537" machi="98" ten="30,1000,0" yaku="8,1" doraHai="34" who="1" fromWho="3" sc="48,0,478,16,351,0,123,-16" owari="48,-45.0,494,59.0,351,15.0,107,-29.0" /></mjloggm>