<mjloggm ver="2.3"><GO type="169" lobby="0"/><UN n0="%74%6F%72%69%30%36%31%32" n1="%43%6F%6D%65%64%69%61%6E" n2="%6E%6F%6D%69%6F" n3="%68%69%6A%69%68%69%6A%69" dan="17,16,16,16" rate="2149.04,2106.34,2104.84,2057.23" sx="M,M,M,F"/><TAIKYOKU oya="0"/><INIT seed="0,0,0,3,4,70" ten="250,250,250,250" oya="0" hai0="10,81,83,86,47,133,37,32,73,51,62,125,36" hai1="41,30,129,34,39,124,14,26,100,118,31,9,55" hai2="54,122,131,12,93,80,38,69,59,134,49,20,107" hai3="67,64,112,72,113,63,53,97,74,115,28,50,18"/><T57/><D32/><U15/><E118/><V56/><F122/><W132/><G132/><T60/><D133/><U90/><E129/><V120/><F120/><W5/><G5/><T24/><D62/><U82/><E124/><V85/><F134/><W16/><G28/><T88/><D24/><U77/><E100/><V99/><F131/><W68/><G64/><T19/><D83/><U46/><E31/><V33/><F33/><W89/><G72/><T78/><D125/><U103/><E103/><V4/><F69/><W116/><G74/><T35/><D35/><U121/><E121/><V123/><F123/><W119/><G119/><T130/><D130/><U71/><E71/><V96/><F107/><W40/><G40/><T23/><D23/><U135/><E135/><V58/><F38/><W0/><G0/><T21/><D21/><U2/><E90/><V3/><F3/><W66/><G66/><N who="0" m="39183" /><D78/><U22/><E55/><V84/><F99/><W114/><G116/><T75/><D75/><U101/><E101/><V52/><F80/><W110/><G115/><T76/><D76/><U43/><E34/><V25/><F96/><W42/><G42/><N who="0" m="25079" /><D73/><N who="1" m="43311" /><E43/><V117/><F117/><W102/><G89/><T79/><D79/><U91/><E91/><N who="2" m="53479" /><F85/><W17/><G114/><T65/><D65/><U87/><E87/><V27/><F54/><W111/><G112/><T95/><D81/><U48/><E39/><V92/><F20/><W8/><G113/><T106/><D106/><U61/><E61/><V45/><F92/><W29/><G63/><T127/><D127/><U6/><AGARI ba="0,0" hai="2,6,9,14,15,22,26,30,41,46,48" m="43311" machi="6" ten="30,1100,0" yaku="5,1" doraHai="70" who="1" fromWho="1" sc="250,-5,250,11,250,-3,250,-3" /><INIT seed="1,0,0,0,0,104" ten="245,261,247,247" oya="1" hai0="46,36,66,51,38,16,121,71,48,113,99,21,83" hai1="15,31,72,30,52,22,114,60,13,26,42,116,63" hai2="107,18,53,115,44,125,64,70,73,129,90,79,67" hai3="93,78,65,110,50,17,11,20,109,134,102,123,95"/><U62/><E72/><V128/><F125/><W112/><G112/><T96/><D113/><U88/><E114/><V54/><F115/><W69/><G134/><T80/><D71/><U41/><E116/><V45/><F107/><W55/><G123/><T97/><D66/><N who="2" m="25130" /><F18/><W101/><G11/><T135/><D135/><U29/><E52/><N who="2" m="20075" /><F90/><W118/><G118/><T84/><D121/><U86/><E26/><V122/><F122/><W89/><G78/><T6/><D6/><U91/><E22/><V1/><F1/><W127/><G127/><T120/><D120/><U2/><E2/><V28/><F28/><W35/><G35/><T9/><D9/><U5/><E5/><V59/><F70/><W23/><G69/><T82/><D84/><U43/><REACH who="1" step="1"/><E86/><REACH who="1" ten="245,251,247,247" step="2"/><V92/><F73/><W7/><G23/><T85/><D85/><U27/><E27/><V126/><F126/><W19/><G20/><T47/><D21/><U108/><E108/><V57/><F79/><W117/><G110/><T87/><D87/><U106/><E106/><V124/><F124/><W131/><G109/><T61/><D16/><U12/><AGARI ba="0,1" hai="12,13,15,29,30,31,41,42,43,60,62,63,88,91" machi="12" ten="40,48000,5" yakuman="40" doraHai="104" doraHaiUra="4" who="1" fromWho="1" sc="245,-160,251,490,247,-160,247,-160" /><INIT seed="1,1,0,2,0,93" ten="85,741,87,87" oya="1" hai0="115,106,65,84,7,4,15,119,20,63,87,36,45" hai1="31,94,49,86,118,37,5,107,34,109,130,8,113" hai2="10,71,120,24,46,122,111,9,35,132,13,64,85" hai3="76,61,89,124,96,133,58,66,6,26,50,60,74"/><U108/><BYE who="0" /><E107/><V102/><F111/><N who="1" m="42569" /><E37/><UN n0="%74%6F%72%69%30%36%31%32" /><V32/><F132/><W91/><G133/><T78/><D106/><U81/><E113/><V40/><F102/><W1/><G124/><T11/><D115/><U99/><E118/><V41/><F85/><W112/><G112/><T92/><D119/><U33/><E49/><V23/><F71/><W0/><G50/><T59/><D7/><U97/><E130/><V69/><F69/><W18/><G74/><T75/><D20/><U72/><E72/><V79/><F64/><W114/><G76/><T67/><D67/><U51/><E51/><V131/><F79/><W54/><G114/><T83/><REACH who="0" step="1"/><D92/><REACH who="0" ten="75,741,87,87" step="2"/><U121/><E121/><V3/><F131/><W43/><G66/><T88/><D88/><N who="1" m="51279" /><E31/><V25/><F122/><W80/><G91/><T22/><D22/><U56/><E56/><V53/><F120/><W77/><G58/><T104/><D104/><U55/><E55/><V82/><F53/><W29/><G54/><T103/><D103/><U73/><E94/><V48/><F23/><W90/><G90/><T27/><D27/><U2/><E73/><V125/><F24/><W128/><G26/><T21/><D21/><U38/><E38/><V98/><F25/><W95/><G95/><T116/><D116/><U28/><E28/><V39/><F39/><W16/><G29/><T117/><D117/><U30/><E30/><V17/><F48/><W52/><G52/><T70/><D70/><U12/><E2/><V101/><F3/><W14/><G0/><T129/><D129/><U57/><E57/><V19/><F101/><RYUUKYOKU ba="1,1" sc="75,15,741,15,87,-15,87,-15" hai0="4,11,15,36,45,59,63,65,75,78,83,84,87" hai1="5,8,12,33,34,97,99" /><INIT seed="1,2,1,4,2,118" ten="90,756,72,72" oya="1" hai0="78,111,43,128,72,122,9,126,48,101,52,98,37" hai1="129,41,4,40,61,116,85,29,119,102,7,64,21" hai2="12,125,66,76,45,97,120,113,130,79,69,1,42" hai3="24,103,80,135,84,94,121,5,2,96,23,50,127"/><U88/><E129/><V15/><F125/><W26/><G127/><T100/><D100/><U75/><E75/><V25/><F130/><W67/><G135/><T34/><D34/><U20/><E102/><V93/><F1/><W90/><G67/><T39/><D43/><N who="1" m="16459" /><E119/><V14/><F113/><W6/><G2/><T123/><D111/><U86/><E86/><V91/><F120/><N who="0" m="46122" /><D126/><U109/><E109/><V107/><F107/><W17/><G121/><T27/><D27/><N who="1" m="16615" /><E21/><V87/><F25/><W22/><REACH who="3" step="1"/><G50/><REACH who="3" ten="90,756,72,62" step="2"/><T68/><D128/><U10/><E116/><V30/><F30/><AGARI ba="2,2" hai="5,6,17,22,23,24,26,30,80,84,90,94,96,103" machi="30" ten="30,12000,2" yaku="1,1,2,1,7,1,8,1,53,2" doraHai="118" doraHaiUra="19" who="3" fromWho="2" sc="90,0,756,0,72,-126,62,146" owari="90,-31.0,756,85.0,-54,-55.0,208,1.0" /></mjloggm>