<mjloggm ver="2.3"><GO type="169" lobby="0"/><UN n0="%E3%83%AD%E3%83%BC%E3%83%89%E3%82%AB%E3%83%8A%E3%83%AD%E3%82%A2" n1="%E3%83%9F%E3%83%83%E3%82%AD%E3%83%BC%30%37%31%30" n2="%53%50%E3%81%95%E3%81%AF%E3%82%89" n3="%E3%81%AA%E3%82%80%E3%81%82%E3%82%8C" dan="16,16,16,16" rate="2071.31,2092.09,2154.42,2058.88" sx="M,M,M,M"/><TAIKYOKU oya="0"/><INIT seed="0,0,0,1,0,57" ten="250,250,250,250" oya="0" hai0="126,31,46,0,40,38,70,127,53,68,10,29,62" hai1="35,14,132,58,6,101,9,90,102,103,75,81,8" hai2="124,12,37,104,76,1,83,96,92,47,52,3,107" hai3="128,20,13,51,16,134,119,32,133,110,100,120,79"/><T18/><D0/><U87/><E132/><N who="3" m="50794" /><G79/><T11/><D18/><U95/><E35/><V15/><F124/><N who="0" m="47658" /><D29/><U2/><E75/><V64/><F64/><W23/><G100/><T39/><D31/><U50/><E81/><V21/><F104/><W82/><G82/><T25/><D25/><U91/><E91/><V118/><F118/><W7/><G51/><N who="0" m="27079" /><D11/><U97/><E97/><V131/><F96/><W78/><G78/><T122/><D10/><U45/><E58/><V67/><F83/><W54/><G119/><T114/><D114/><U135/><E135/><V33/><F76/><W129/><G54/><T71/><D122/><U93/><E93/><V99/><F92/><W88/><G88/><T56/><AGARI ba="0,0" hai="38,39,53,56,62,68,70,71" m="27079,47658" machi="56" ten="40,12000,1" yaku="18,1,34,2,52,1" doraHai="57" who="0" fromWho="0" sc="250,120,250,-40,250,-40,250,-40" /><INIT seed="0,1,0,5,4,17" ten="370,210,210,210" oya="0" hai0="79,50,69,62,63,21,1,72,34,82,49,15,121" hai1="80,16,7,135,56,55,77,109,132,10,5,65,130" hai2="102,99,19,64,108,38,0,45,46,111,85,51,59" hai3="110,23,100,70,3,83,118,122,43,48,24,89,90"/><T12/><D121/><U134/><E109/><V26/><F0/><W96/><G70/><T126/><D126/><U133/><E130/><V74/><F74/><W123/><G3/><T53/><D1/><U113/><E113/><V88/><F38/><W47/><G110/><T107/><D34/><U104/><E104/><V97/><F111/><W25/><G25/><T31/><D107/><U114/><E114/><V95/><F108/><W94/><G118/><T120/><D120/><N who="3" m="46121" /><G83/><T127/><D127/><U73/><E65/><V41/><F46/><W60/><G60/><T44/><D69/><U93/><E93/><V14/><F26/><W28/><AGARI ba="1,0" hai="23,24,28,43,47,48,89,90,94,96,100" m="46121" machi="28" ten="30,2000,0" yaku="13,1,52,1" doraHai="17" who="3" fromWho="3" sc="370,-11,210,-6,210,-6,210,23" /><INIT seed="1,0,0,4,3,7" ten="359,204,204,233" oya="1" hai0="99,17,46,125,27,105,123,107,134,31,48,63,74" hai1="19,51,77,47,126,117,2,103,78,90,3,64,98" hai2="83,81,36,76,102,44,135,118,68,89,86,110,6" hai3="109,59,22,25,18,96,80,113,26,71,129,69,84"/><U87/><E117/><V29/><F68/><W128/><G113/><T61/><D134/><U100/><E126/><V38/><F135/><W106/><G109/><T119/><D119/><U52/><E64/><V15/><F118/><W112/><G112/><T41/><D125/><U82/><E19/><V20/><F102/><N who="3" m="62791" /><G59/><T42/><D123/><U72/><E100/><V32/><F110/><W124/><G25/><T95/><D74/><U11/><E11/><V58/><F32/><W93/><G93/><T45/><D17/><U21/><E21/><V56/><F29/><W10/><G10/><T53/><D107/><N who="1" m="63991" /><E77/><V65/><F56/><W104/><G104/><T67/><D105/><U73/><E73/><V85/><F44/><W88/><G124/><T33/><D67/><U0/><E0/><V13/><F13/><W23/><G23/><T66/><D66/><U34/><E34/><V116/><F116/><W121/><G121/><T8/><D8/><U101/><E101/><V57/><F6/><W14/><G26/><T37/><D53/><U94/><AGARI ba="0,0" hai="2,3,47,51,52,72,78,82,87,90,94" m="63991" machi="94" ten="30,3000,0" yaku="24,1,54,1" doraHai="7" who="1" fromWho="1" sc="359,-10,204,30,204,-10,233,-10" /><INIT seed="1,1,0,5,3,2" ten="349,234,194,223" oya="1" hai0="90,100,126,79,125,113,40,80,59,67,42,82,8" hai1="66,25,132,22,39,83,11,51,81,130,6,53,48" hai2="108,46,47,30,94,64,88,19,109,103,76,73,65" hai3="124,97,20,55,57,102,87,63,50,107,32,85,0"/><U93/><E39/><V92/><F103/><W120/><G124/><T110/><D110/><N who="2" m="42602" /><F30/><W14/><G0/><T58/><D113/><U60/><E130/><V29/><F29/><W133/><G133/><T12/><D100/><U118/><E132/><V69/><F19/><W54/><G32/><T9/><D90/><U28/><E118/><V77/><F73/><W34/><G34/><T128/><D67/><N who="2" m="25674" /><F88/><W119/><G120/><T127/><D128/><U131/><E131/><V1/><F1/><W75/><G75/><T35/><D35/><U17/><E93/><N who="2" m="35947" /><F69/><W117/><G119/><T7/><D9/><U112/><E28/><V44/><AGARI ba="1,0" hai="44,46,47,76,77" m="35947,25674,42602" machi="44" ten="40,5200,0" yaku="28,2,14,1" doraHai="2" who="2" fromWho="2" sc="349,-14,234,-27,194,55,223,-14" /><INIT seed="2,0,0,4,0,54" ten="335,207,249,209" oya="2" hai0="72,41,3,116,126,25,8,21,113,132,93,114,102" hai1="7,124,42,91,11,48,92,76,31,23,79,18,68" hai2="98,81,38,65,59,83,120,135,36,27,57,104,117" hai3="99,33,67,100,60,45,75,58,121,14,107,89,26"/><V9/><F120/><W80/><G121/><T10/><D126/><U109/><E68/><V134/><F117/><W1/><G1/><T88/><D116/><U2/><E109/><V106/><F27/><W128/><G128/><T5/><D72/><U43/><E31/><V82/><F9/><W119/><G119/><T29/><D132/><N who="2" m="50730" /><F65/><W28/><G45/><T123/><D123/><U12/><E124/><V111/><F111/><W0/><G0/><T66/><D102/><U129/><E129/><V16/><F16/><W56/><G14/><T118/><D118/><U110/><E110/><V39/><F98/><W112/><G112/><T30/><D30/><U40/><REACH who="1" step="1"/><E48/><REACH who="1" ten="335,197,249,209" step="2"/><V51/><F51/><W4/><G4/><T130/><D130/><U127/><E127/><V53/><F53/><W15/><G15/><T73/><D5/><U6/><E6/><V55/><F55/><W50/><G50/><T84/><D3/><U61/><E61/><V70/><F70/><N who="3" m="42343" /><G89/><T77/><D29/><U37/><E37/><V125/><F125/><W94/><G94/><T133/><D133/><U108/><E108/><V35/><F35/><W46/><G46/><T47/><D66/><U74/><E74/><V17/><F17/><W32/><G32/><T19/><D73/><U85/><AGARI ba="0,1" hai="2,7,11,12,18,23,40,42,43,76,79,85,91,92" machi="85" ten="30,2000,0" yaku="1,1,0,1,53,0" doraHai="54" doraHaiUra="101" who="1" fromWho="1" sc="335,-5,197,30,249,-10,209,-5" /><INIT seed="3,0,0,3,4,94" ten="330,227,239,204" oya="3" hai0="62,55,47,39,46,82,118,37,111,78,99,92,11" hai1="115,51,58,14,106,126,87,18,64,124,4,93,109" hai2="113,83,102,20,104,54,103,60,122,59,121,41,50" hai3="52,42,127,9,40,98,117,35,74,44,29,65,13"/><W63/><G74/><T56/><D118/><U16/><E106/><V100/><F113/><W6/><G127/><N who="1" m="48682" /><E115/><V33/><F33/><W21/><G117/><T66/><D111/><U3/><E109/><V116/><F116/><W110/><G35/><T131/><D131/><U125/><E3/><V108/><F108/><W61/><G110/><T77/><D11/><N who="1" m="4455" /><E125/><V24/><F83/><W23/><G63/><T90/><D78/><U76/><E76/><V107/><F41/><W114/><G114/><T36/><REACH who="0" step="1"/><D66/><REACH who="0" ten="320,227,239,204" step="2"/><U81/><E64/><V8/><F8/><W70/><G29/><T120/><D120/><U1/><E1/><V25/><F122/><W49/><G40/><T45/><D45/><U71/><E71/><V84/><F121/><W34/><G34/><T72/><AGARI ba="0,1" hai="36,37,39,46,47,55,56,62,72,77,82,90,92,99" machi="72" ten="30,4000,0" yaku="1,1,0,1,52,1,53,0" doraHai="94" doraHaiUra="112" who="0" fromWho="0" sc="320,50,227,-10,239,-10,204,-20" /><INIT seed="4,0,0,0,1,28" ten="370,217,229,184" oya="0" hai0="11,40,5,3,92,12,72,103,104,31,95,89,19" hai1="88,105,27,34,77,96,1,43,118,13,83,90,16" hai2="2,39,126,70,35,61,106,130,123,100,42,66,81" hai3="74,121,107,9,49,112,56,94,52,50,51,86,73"/><T6/><D72/><U125/><E1/><V98/><F123/><W122/><G107/><T17/><D104/><U59/><E118/><V67/><F67/><W82/><G112/><T101/><D31/><U15/><E125/><V37/><F126/><W21/><G94/><T132/><D132/><U62/><E43/><V7/><F130/><W58/><G9/><T128/><D128/><U87/><E34/><V116/><F116/><W0/><G0/><T79/><D79/><U38/><E38/><N who="2" m="14347" /><F81/><W85/><G21/><T115/><D115/><U26/><E15/><V4/><F42/><W129/><G129/><T55/><D40/><U135/><E135/><V33/><F7/><N who="0" m="2570" /><D3/><U120/><E120/><N who="3" m="46186" /><G82/><T10/><D55/><N who="1" m="34175" /><E105/><V119/><F119/><W131/><G131/><T47/><D47/><U102/><E102/><N who="0" m="38921" /><D89/><N who="1" m="34411" /><E96/><V93/><F93/><N who="0" m="35914" /><D12/><U45/><E45/><V114/><F114/><W75/><G52/><T134/><D134/><U48/><E48/><V78/><F78/><W54/><G54/><T109/><D109/><U30/><E30/><V68/><F68/><W8/><G8/><RYUUKYOKU type="ron3" ba="0,0" sc="370,0,217,0,229,0,184,0" hai0="10,11,17,19" hai1="13,16,26,27,77,83,87" hai2="2,4,33,35,61,66,70,98,100,106" /><INIT seed="4,1,0,1,3,85" ten="370,217,229,184" oya="0" hai0="108,98,62,46,109,135,10,128,100,18,48,97,52" hai1="111,55,76,93,103,51,38,37,17,31,61,12,78" hai2="81,106,99,87,24,4,68,8,47,67,20,69,43" hai3="14,50,134,15,71,119,6,77,121,58,83,34,133"/><T9/><D135/><N who="3" m="51721" /><G71/><T44/><D128/><U116/><E111/><N who="0" m="42569" /><D62/><U45/><E116/><V16/><F67/><W28/><G119/><T114/><D114/><U39/><E31/><V23/><F106/><W2/><G50/><N who="0" m="28743" /><D18/><U75/><E75/><V122/><F23/><W90/><G77/><T59/><D59/><U105/><E105/><V63/><F99/><N who="0" m="37898" /><D100/><U27/><E61/><V89/><F63/><W95/><G83/><T22/><D22/><U130/><E130/><V92/><F122/><W102/><G58/><T56/><D56/><U125/><E103/><V30/><F81/><W123/><G102/><T13/><D13/><U19/><E12/><V42/><F69/><W60/><G60/><T82/><D82/><U64/><E19/><V127/><F16/><W131/><G131/><T88/><D88/><U118/><E17/><V107/><F68/><W74/><G14/><T115/><D115/><U25/><E118/><V1/><F89/><W72/><G15/><T110/><N who="0" m="42577" /><T49/><DORA hai="101" /><D49/><U124/><E93/><V80/><F92/><W54/><G54/><AGARI ba="1,0" hai="9,10,46,48,54" m="37898,28743,42577" machi="54" ten="40,3900,0" yaku="10,1,54,1" doraHai="85,101" who="0" fromWho="3" sc="370,42,217,0,229,0,184,-42" /><INIT seed="4,2,0,1,3,49" ten="412,217,229,142" oya="0" hai0="99,92,83,125,132,135,29,75,126,117,97,36,94" hai1="68,90,70,64,106,63,80,24,104,93,72,43,62" hai2="89,4,55,39,95,54,96,20,114,53,6,50,61" hai3="102,17,98,59,33,119,116,71,22,46,118,113,87"/><T37/><D29/><U2/><E2/><V76/><F39/><N who="0" m="14922" /><D117/><U123/><E123/><V34/><F114/><W23/><G113/><T9/><D9/><U130/><E130/><V110/><F110/><W101/><G33/><T88/><D75/><U25/><E43/><V11/><F34/><W105/><G101/><N who="0" m="60583" /><D83/><U16/><E80/><V10/><F76/><W128/><G128/><T74/><D74/><U32/><E72/><V129/><F129/><W28/><G71/><T45/><D45/><U134/><E32/><V131/><F61/><W85/><G46/><T60/><D60/><U100/><E100/><V5/><F131/><W8/><G8/><N who="2" m="3113" /><F20/><W41/><G41/><T7/><D7/><U112/><E112/><V3/><F3/><W115/><G115/><T15/><D15/><U27/><E63/><V81/><F81/><W84/><G59/><AGARI ba="2,0" hai="4,5,6,50,53,54,55,59,89,95,96" m="3113" machi="59" ten="30,7700,0" yaku="8,1,52,3" doraHai="49" who="2" fromWho="3" sc="412,0,217,0,229,83,142,-83" /><INIT seed="5,0,0,2,0,105" ten="412,217,312,59" oya="1" hai0="60,10,108,106,20,127,50,42,86,34,33,31,135" hai1="52,35,69,120,122,37,22,99,111,87,118,100,30" hai2="46,91,76,134,116,90,93,40,4,61,27,25,77" hai3="19,32,117,47,36,83,74,97,73,44,68,94,9"/><U81/><E118/><V104/><F134/><W71/><G32/><T112/><D108/><U98/><E37/><V14/><F104/><W72/><G83/><T56/><D106/><U109/><E69/><V45/><F61/><W96/><G36/><T84/><D112/><U70/><E70/><N who="3" m="26666" /><G94/><T17/><D135/><U101/><E35/><V78/><F116/><W62/><G62/><T48/><D10/><U41/><E41/><V23/><F91/><W58/><G58/><T66/><D31/><U103/><E22/><V8/><F40/><W92/><G92/><T88/><D86/><U114/><E30/><N who="2" m="17727" /><F27/><W82/><G82/><T51/><D42/><U126/><E52/><V12/><F14/><W5/><G117/><T54/><D127/><U29/><E29/><V95/><F95/><W107/><G107/><T131/><D131/><U39/><E39/><V80/><F80/><W15/><G5/><T63/><D33/><U13/><E13/><V89/><F89/><W26/><G26/><N who="0" m="14607" /><D34/><U28/><E28/><V7/><F4/><W43/><G43/><T21/><D21/><U79/><E126/><V1/><F1/><W38/><G38/><T0/><D63/><U113/><E99/><AGARI ba="0,0" hai="7,8,12,45,46,76,77,78,90,93,99" m="17727" machi="99" ten="30,1000,0" yaku="8,1" doraHai="105" who="2" fromWho="1" sc="412,0,217,-10,312,10,59,0" /><INIT seed="6,0,0,1,1,128" ten="412,207,322,59" oya="2" hai0="5,26,43,87,37,48,83,29,66,77,24,27,42" hai1="81,53,126,18,33,61,115,116,132,39,23,89,63" hai2="7,125,131,129,28,114,40,12,90,64,78,95,70" hai3="93,44,19,30,51,56,135,50,38,92,45,130,3"/><V94/><F78/><W104/><G30/><T86/><D37/><U62/><E33/><V79/><F79/><W13/><G3/><T25/><D5/><U134/><E116/><V14/><F114/><W122/><G122/><T102/><D66/><U11/><E39/><V108/><F125/><W8/><G104/><T84/><D102/><U1/><E115/><V52/><F40/><W82/><G38/><T105/><D105/><U101/><E101/><V35/><F64/><W106/><G106/><T67/><D67/><U58/><E126/><V120/><F95/><W54/><G130/><T113/><D113/><U97/><E11/><N who="2" m="4223" /><F14/><W31/><G31/><T100/><D100/><U80/><E1/><V133/><F70/><W9/><G56/><T99/><D99/><U85/><E81/><V74/><F74/><W17/><G82/><T107/><D107/><U6/><E6/><V112/><F112/><W127/><G127/><T121/><D121/><U2/><E97/><N who="2" m="57559" /><F108/><W55/><REACH who="3" step="1"/><G13/><REACH who="3" ten="412,207,322,49" step="2"/><T10/><D83/><U15/><E2/><V111/><F120/><W0/><G0/><T72/><D29/><U68/><REACH who="1" step="1"/><E68/><REACH who="1" ten="412,197,322,49" step="2"/><V60/><F131/><W110/><G110/><T71/><D71/><U124/><E124/><V88/><F129/><W59/><G59/><T20/><D72/><U41/><E41/><V46/><F111/><W76/><G76/><T118/><D77/><U65/><E65/><V103/><F35/><W34/><G34/><T16/><D43/><U4/><E4/><V57/><F57/><W123/><G123/><T98/><D42/><U36/><E36/><RYUUKYOKU ba="0,2" sc="412,-15,197,15,322,-15,49,15" hai1="15,18,23,53,58,61,62,63,80,85,89,132,134" hai3="8,9,17,19,44,45,50,51,54,55,92,93,135" /><INIT seed="7,1,2,5,1,82" ten="397,212,307,64" oya="3" hai0="47,42,98,52,26,120,104,17,116,75,109,88,30" hai1="18,115,45,90,77,28,73,53,107,9,1,110,0" hai2="37,64,113,39,91,48,66,7,56,67,29,105,38" hai3="51,135,23,132,34,61,118,36,20,112,8,100,19"/><W2/><G36/><T94/><D109/><U16/><E110/><V101/><F7/><W87/><G118/><T92/><D120/><U40/><E107/><V49/><F29/><W127/><G100/><T121/><D104/><U31/><E53/><V81/><F113/><W55/><G112/><T108/><D75/><U14/><E115/><V5/><F5/><W11/><G34/><T6/><D52/><U68/><E68/><V119/><F119/><W33/><G33/><T59/><D121/><U114/><E18/><V63/><F105/><W122/><G122/><T117/><D108/><U62/><E62/><N who="2" m="37959" /><F91/><W57/><G127/><T95/><D59/><U10/><E90/><V129/><F81/><W83/><G61/><T133/><D17/><U86/><E73/><V44/><F101/><W58/><G57/><T54/><D54/><U41/><E41/><N who="2" m="24591" /><F129/><W32/><G32/><T24/><D6/><U97/><E97/><V78/><F78/><N who="3" m="46583" /><G20/><N who="0" m="15623" /><D26/><U79/><E114/><V70/><F67/><W125/><G125/><T72/><D72/><U35/><E10/><V25/><F25/><N who="3" m="14591" /><G2/><T96/><D116/><U130/><E35/><V15/><F15/><W13/><G13/><T134/><D117/><U131/><E0/><V102/><F102/><W4/><G4/><T60/><D98/><U99/><E99/><V126/><F126/><W69/><G69/><T111/><D111/><U74/><E1/><V50/><AGARI ba="1,2" hai="37,38,39,49,50,63,66,70" m="24591,37959" machi="50" ten="40,8000,1" yaku="35,5" doraHai="82" who="2" fromWho="2" sc="397,-21,212,-21,307,103,64,-41" owari="376,18.0,191,-21.0,410,51.0,23,-48.0" /></mjloggm>