<mjloggm ver="2.3"><GO type="169" lobby="0"/><UN n0="%E7%B4%AB%E3%81%AE%E9%8F%A1" n1="%EF%BC%93%E7%95%AA%E3%82%B7%E3%83%A7%E3%83%BC%E3%83%88%E5%9D%82%E7%94%B0" n2="%E7%AD%89%E3%80%85%E5%8A%9B%E5%8A%87%E5%A0%B4" n3="%E5%AF%BF%E4%BA%BA%E6%B5%81%E7%89%8C%E6%89%8B" dan="18,16,17,16" rate="2255.05,2130.91,2152.48,2088.72" sx="M,M,M,M"/><TAIKYOKU oya="0"/><INIT seed="0,0,0,3,5,72" ten="250,250,250,250" oya="0" hai0="122,31,119,127,126,3,83,91,117,55,13,26,52" hai1="40,96,63,25,60,48,27,93,38,32,84,86,97" hai2="101,111,81,107,103,98,28,9,66,22,51,2,14" hai3="15,82,61,50,79,130,135,44,80,30,69,20,70"/><T16/><D3/><U43/><E38/><V47/><F111/><W54/><G130/><T29/><D122/><U85/><E32/><V21/><F2/><W1/><G1/><T121/><D121/><U37/><E37/><V129/><F129/><W11/><G135/><T120/><D120/><U12/><E12/><V134/><F134/><W113/><G113/><T104/><D104/><U4/><E4/><V105/><F28/><N who="0" m="10826" /><D26/><N who="1" m="9739" /><E48/><V18/><F66/><W77/><G30/><T0/><D0/><U95/><E93/><V56/><F56/><W102/><G20/><N who="0" m="11279" /><D91/><U23/><E95/><V76/><F103/><W42/><G102/><T128/><D83/><N who="3" m="31785" /><G70/><T89/><D89/><U45/><E23/><V73/><REACH who="2" step="1"/><F107/><REACH who="2" ten="250,250,240,250" step="2"/><W106/><G106/><T123/><D128/><U88/><E45/><V65/><F65/><W100/><G100/><T131/><D131/><U19/><E96/><V49/><F49/><W17/><G69/><T68/><D68/><U90/><E97/><V108/><F108/><W112/><G112/><T39/><D123/><U125/><E125/><N who="0" m="47625" /><D39/><U132/><E132/><V57/><F57/><AGARI ba="0,1" hai="11,15,17,42,44,50,54,57,61,77,79" m="31785" machi="57" ten="30,3900,0" yaku="8,1,52,2" doraHai="72" who="3" fromWho="2" sc="250,0,250,0,240,-39,250,49" /><INIT seed="1,0,0,3,0,12" ten="250,250,201,299" oya="1" hai0="125,25,21,67,120,10,35,90,99,59,28,121,109" hai1="65,2,5,61,38,82,117,88,6,18,48,102,113" hai2="85,44,36,20,33,128,130,56,57,80,52,19,79" hai3="73,23,134,107,114,94,53,100,75,115,127,74,78"/><U32/><E113/><N who="3" m="43018" /><G53/><T40/><D109/><U43/><E117/><V126/><F33/><W129/><G23/><T92/><D125/><U97/><E38/><V39/><F57/><W132/><G127/><T47/><D10/><U111/><E111/><V110/><F126/><W118/><G118/><T131/><D131/><N who="2" m="50218" /><F44/><W29/><G29/><T72/><D72/><U51/><E32/><V15/><F110/><W84/><G129/><T104/><D104/><U83/><E2/><V89/><F79/><W112/><N who="3" m="43026" /><W124/><DORA hai="68" /><G124/><T58/><D35/><U96/><E43/><V70/><F70/><W42/><G42/><T14/><D14/><U26/><E65/><V116/><F116/><W37/><G37/><T13/><D13/><U46/><E61/><AGARI ba="0,0" hai="15,19,20,36,39,52,56,61,80,85,89" m="50218" machi="61" ten="30,8000,1" yaku="19,1,52,3,54,1" doraHai="12,68" who="2" fromWho="1" sc="250,0,250,-80,201,80,299,0" /><INIT seed="2,0,0,1,4,116" ten="250,170,281,299" oya="2" hai0="67,19,78,108,60,103,48,88,16,69,118,100,126" hai1="50,94,104,96,55,37,82,70,75,42,41,29,109" hai2="40,21,124,84,13,93,7,80,112,98,52,58,117" hai3="25,72,102,106,6,61,5,56,129,66,1,76,17"/><V128/><F117/><W64/><G129/><T34/><D118/><U35/><E109/><V113/><F124/><W44/><G106/><T87/><D34/><U63/><E104/><V107/><F107/><W125/><G102/><T4/><D126/><U97/><E97/><V28/><F128/><W54/><G72/><T74/><D4/><N who="3" m="1641" /><G1/><T33/><D33/><U62/><E35/><V24/><F40/><W134/><G76/><T20/><D108/><U73/><E29/><V132/><F132/><W27/><G134/><T133/><D133/><U12/><E12/><V68/><F68/><W121/><G121/><T9/><D9/><U130/><E130/><V22/><F7/><W45/><G27/><T115/><D115/><U90/><E37/><V14/><F22/><N who="3" m="13519" /><G125/><T99/><D74/><U101/><E73/><V32/><F32/><W2/><G2/><T57/><D78/><U105/><E70/><V127/><F127/><W91/><G91/><T123/><D123/><U39/><E39/><V85/><F113/><W111/><G111/><T53/><D99/><U11/><E11/><V114/><F112/><W15/><G15/><N who="2" m="5641" /><F80/><W0/><G0/><T135/><D135/><U71/><E71/><V51/><F114/><W23/><G23/><T10/><D10/><U89/><E75/><V47/><F47/><AGARI ba="0,0" hai="44,45,47,54,56,61,64,66" m="13519,1641" machi="47" ten="30,1000,0" yaku="8,1" doraHai="116" who="3" fromWho="2" sc="250,0,170,0,281,-10,299,10" /><INIT seed="3,0,0,2,5,17" ten="250,170,271,309" oya="3" hai0="57,48,102,128,4,37,7,68,20,27,40,79,35" hai1="21,58,100,44,74,105,82,29,9,18,120,67,84" hai2="91,123,52,33,24,126,19,3,111,124,69,2,81" hai3="64,38,83,51,0,131,43,46,132,42,45,87,135"/><W85/><G0/><T8/><D68/><U49/><E120/><V110/><F69/><W70/><G131/><T26/><D128/><U41/><E74/><V50/><F91/><W96/><G96/><T36/><D102/><U1/><E105/><V12/><F81/><W53/><G83/><T114/><D114/><U59/><E100/><V25/><F123/><W97/><G97/><T98/><D98/><U94/><E94/><V5/><F50/><N who="3" m="26943" /><G87/><T6/><D79/><U28/><E9/><N who="2" m="2231" /><F52/><W11/><G11/><T62/><D8/><U99/><E1/><V95/><F95/><W55/><G85/><T129/><D35/><U16/><E18/><V88/><F88/><W13/><G13/><T77/><D77/><N who="1" m="46159" /><E99/><V92/><F92/><W75/><G75/><T122/><D122/><U109/><E109/><N who="2" m="41483" /><F3/><W10/><G70/><T112/><D129/><U118/><E67/><V73/><F73/><W89/><G64/><T39/><D112/><U60/><E60/><V106/><F106/><W54/><G89/><T101/><D101/><U61/><E61/><V23/><F33/><W86/><G86/><T22/><D62/><U31/><E118/><V107/><F107/><W71/><G71/><T63/><D63/><U80/><E80/><V78/><F78/><W108/><G108/><T116/><D116/><U115/><E115/><V66/><F66/><W30/><G38/><T125/><D37/><U34/><E34/><V15/><F15/><AGARI ba="0,0" hai="15,16,21,28,29,31,41,44,49,58,59" m="46159" machi="15" ten="30,3900,0" yaku="8,1,52,1,54,1" doraHai="17" who="1" fromWho="2" sc="250,0,170,39,271,-39,309,0" /><INIT seed="4,0,0,5,1,35" ten="250,209,232,309" oya="0" hai0="88,109,104,40,59,7,1,94,14,84,95,50,79" hai1="77,4,89,98,10,26,122,65,100,115,21,134,87" hai2="69,92,38,60,111,113,34,86,3,120,116,70,73" hai3="103,12,41,124,42,66,90,68,83,135,32,6,101"/><T48/><D104/><U117/><E117/><V63/><RYUUKYOKU type="yao9" ba="0,0" sc="250,0,209,0,232,0,309,0" hai2="3,34,38,60,63,69,70,73,86,92,111,113,116,120" /><INIT seed="4,1,0,4,5,108" ten="250,209,232,309" oya="0" hai0="95,13,45,80,50,57,38,1,51,86,74,83,68" hai1="112,3,26,15,40,63,109,33,135,127,49,119,126" hai2="97,87,117,102,32,98,78,130,116,27,18,94,2" hai3="24,132,122,4,120,76,56,131,37,64,9,11,43"/><T100/><D1/><U22/><E119/><V19/><F2/><W82/><G131/><T73/><D68/><U113/><E109/><V35/><F130/><W66/><G132/><T14/><D38/><U8/><E135/><V85/><F78/><W134/><G134/><T91/><D73/><U60/><E33/><V111/><F94/><W30/><G43/><T79/><D57/><U67/><E3/><V101/><REACH who="2" step="1"/><F27/><REACH who="2" ten="250,209,222,309" step="2"/><W59/><G76/><T124/><D124/><U48/><E127/><V29/><F29/><W107/><G24/><T65/><D95/><U16/><E126/><V36/><F36/><W96/><G30/><T114/><D79/><U99/><E99/><V25/><F25/><W21/><G37/><T31/><D31/><U6/><E63/><V104/><F104/><W129/><G107/><T23/><D83/><U7/><E48/><V75/><F75/><W81/><G96/><T70/><D80/><U77/><E77/><V115/><F115/><N who="1" m="44105" /><E49/><V46/><F46/><W34/><G129/><T121/><D45/><U105/><E105/><V20/><F20/><W10/><G21/><T88/><D51/><U71/><E40/><V55/><F55/><W12/><G34/><T72/><D50/><U103/><E103/><V41/><F41/><W133/><G133/><T28/><D100/><U62/><E60/><V58/><F58/><W69/><G59/><T118/><D114/><U42/><E42/><V110/><AGARI ba="1,1" hai="18,19,32,35,85,87,97,98,101,102,110,111,116,117" machi="110" ten="25,6400,0" yaku="1,1,0,1,22,2,53,0" doraHai="108" doraHaiUra="17" who="2" fromWho="2" sc="250,-33,209,-17,222,77,309,-17" /><INIT seed="5,0,0,2,1,129" ten="217,192,299,292" oya="1" hai0="115,41,90,73,81,48,116,133,76,53,117,64,33" hai1="125,80,134,103,79,21,94,38,85,114,55,78,106" hai2="14,18,67,25,17,11,12,10,131,40,127,72,102" hai3="47,13,110,60,128,34,2,57,124,86,45,68,104"/><U52/><E38/><V6/><F72/><W99/><G110/><T58/><D33/><U96/><E125/><V37/><F131/><W35/><G2/><T132/><D115/><U16/><E114/><V0/><F102/><W65/><G128/><T24/><D41/><U28/><E134/><N who="0" m="51817" /><D64/><U29/><E79/><V93/><F127/><W120/><G120/><T92/><D24/><N who="1" m="14375" /><E106/><V87/><F67/><W23/><G124/><T100/><D100/><U61/><E61/><V63/><F63/><W51/><G68/><T26/><D26/><U122/><E122/><V83/><F25/><W4/><G35/><T98/><AGARI ba="0,0" hai="48,53,58,73,76,81,90,92,98,116,117" m="51817" machi="98" ten="30,7900,0" yaku="20,1,52,3" doraHai="129" who="0" fromWho="0" sc="217,79,192,-39,299,-20,292,-20" /><INIT seed="6,0,0,0,1,11" ten="296,153,279,272" oya="2" hai0="82,65,116,23,105,44,47,84,86,31,127,89,113" hai1="111,36,99,97,67,77,39,114,1,109,133,14,54" hai2="64,29,122,101,4,85,104,134,107,35,110,0,88" hai3="108,117,80,120,13,25,91,30,6,61,5,90,103"/><V49/><F122/><W71/><G120/><T119/><D105/><U95/><E1/><V3/><F134/><W93/><G108/><T55/><D113/><U22/><E133/><V94/><F110/><W98/><G117/><N who="0" m="45131" /><D127/><U129/><E114/><V92/><F64/><W87/><G71/><T28/><D65/><U34/><E34/><V96/><F107/><W15/><G61/><T125/><D125/><U58/><E129/><V17/><F104/><W40/><G40/><T53/><D84/><U75/><E67/><V76/><F76/><W100/><G5/><T46/><D23/><U126/><E126/><V123/><F123/><W38/><G38/><T16/><D16/><N who="1" m="10519" /><E36/><V135/><F135/><W118/><G118/><T102/><D102/><N who="3" m="38953" /><G6/><T69/><D69/><U59/><E39/><V74/><F74/><W72/><G72/><T33/><D33/><U18/><E75/><V121/><F121/><W63/><G63/><T81/><D81/><U12/><E111/><V68/><F68/><W9/><G9/><T50/><D55/><U79/><E109/><V21/><F4/><W7/><G7/><T62/><D62/><U26/><E54/><V42/><F35/><W41/><G41/><T131/><D131/><U32/><E32/><V130/><F130/><W57/><G57/><AGARI ba="0,0" hai="28,31,44,46,47,50,53,57,82,86,89" m="45131" machi="57" ten="30,1000,0" yaku="12,1" doraHai="11" who="0" fromWho="3" sc="296,10,153,0,279,0,272,-10" /><INIT seed="7,0,0,2,2,49" ten="306,153,279,262" oya="3" hai0="133,60,89,118,0,94,34,91,114,123,3,73,64" hai1="68,48,23,128,110,43,63,13,92,95,32,101,44" hai2="121,61,24,74,53,28,109,135,17,8,112,14,18" hai3="122,15,10,134,115,25,83,125,72,41,100,116,97"/><W93/><G122/><T88/><D118/><U77/><E110/><V90/><F74/><W130/><G116/><T84/><D73/><U39/><E128/><V98/><F112/><W75/><G115/><T82/><D34/><U131/><E131/><V81/><F135/><W16/><G130/><T33/><D33/><U6/><E32/><V105/><F105/><W78/><G125/><T65/><D123/><U70/><E77/><V99/><F18/><W29/><G134/><T71/><D133/><U57/><E39/><V59/><F109/><W42/><REACH who="3" step="1"/><G75/><REACH who="3" ten="306,153,279,252" step="2"/><T86/><D114/><U66/><E70/><V102/><F121/><W87/><G87/><T79/><D86/><U62/><E101/><V104/><F102/><W96/><G96/><T132/><D84/><U7/><E7/><V69/><F69/><W37/><G37/><T120/><D120/><U80/><E80/><V50/><F81/><W46/><G46/><T11/><D132/><U2/><E2/><V113/><F113/><W58/><G58/><T117/><D117/><U1/><E1/><V108/><F108/><W21/><AGARI ba="0,1" hai="10,15,16,21,25,29,41,42,72,78,83,93,97,100" machi="21" ten="20,7800,0" yaku="1,1,0,1,7,1,54,1,53,0" doraHai="49" doraHaiUra="126" who="3" fromWho="3" sc="306,-26,153,-26,279,-26,252,88" owari="280,8.0,127,-37.0,253,-15.0,340,44.0" /></mjloggm>