<mjloggm ver="2.3"><GO type="169" lobby="0"/><UN n0="%77%61%77%61%33%30%33%30" n1="%E3%81%A8%E3%81%B3%E3%81%BE%E3%81%93" n2="%E5%A4%A7%E6%B2%BB%E9%83%8E%23%37%34" n3="%E7%B4%AB%E3%81%AE%E9%8F%A1" dan="16,17,16,18" rate="2126.65,2185.49,2147.39,2247.88" sx="M,M,M,M"/><TAIKYOKU oya="0"/><INIT seed="0,0,0,1,0,3" ten="250,250,250,250" oya="0" hai0="60,38,5,91,36,14,87,59,18,55,43,110,121" hai1="58,29,26,44,51,7,100,61,122,78,21,105,68" hai2="101,98,48,0,34,126,22,106,40,11,8,57,13" hai3="131,41,102,119,86,33,84,66,27,85,114,79,120"/><T90/><D121/><U113/><E122/><V129/><F34/><W71/><G114/><T1/><D110/><U31/><E68/><V46/><F126/><W132/><G119/><T23/><D43/><U82/><E113/><V62/><F129/><W50/><G120/><T76/><D76/><U65/><E105/><V124/><F124/><W4/><G131/><T116/><D116/><U135/><E135/><V95/><F106/><W30/><G132/><T77/><D77/><U118/><E100/><V32/><F32/><W52/><G41/><T80/><REACH who="0" step="1"/><D90/><REACH who="0" ten="240,250,250,250" step="2"/><U108/><E108/><V109/><F109/><W97/><G79/><T99/><D99/><U103/><E118/><V74/><F74/><W28/><G97/><T72/><D72/><U107/><E78/><V47/><F40/><W81/><G86/><T6/><D6/><U56/><E7/><V70/><F98/><W111/><G84/><T24/><D24/><U89/><E26/><V15/><F0/><W9/><G85/><T123/><D123/><U133/><E89/><V35/><F13/><W12/><G4/><T53/><D53/><U63/><E133/><V115/><F15/><W92/><G12/><T117/><D117/><U94/><E65/><V130/><F115/><W49/><G52/><T45/><D45/><U25/><E44/><V112/><F46/><W83/><G66/><T69/><D69/><U16/><E25/><V2/><F70/><W20/><G71/><T93/><D93/><U134/><E94/><V88/><F112/><W67/><G92/><T127/><D127/><U128/><E134/><RYUUKYOKU ba="0,1" sc="240,30,250,-10,250,-10,250,-10" hai0="1,5,14,18,23,36,38,55,59,60,80,87,91" /><INIT seed="0,1,1,0,5,95" ten="270,240,240,240" oya="0" hai0="81,133,106,51,93,92,53,83,29,96,88,16,4" hai1="129,30,17,62,97,115,8,64,19,76,66,113,98" hai2="43,5,132,48,86,21,14,49,119,32,87,82,1" hai3="89,122,118,44,117,24,40,56,45,18,13,28,25"/><T77/><D106/><U111/><E111/><V58/><F119/><W84/><G122/><T73/><D133/><U61/><E30/><V104/><F32/><W127/><G127/><T135/><D135/><U134/><E134/><V108/><F132/><W130/><G130/><T39/><D39/><U22/><E8/><V20/><F1/><W36/><G56/><T31/><D4/><U38/><E76/><V23/><F108/><W107/><G107/><T55/><D55/><U46/><E46/><V50/><F104/><W41/><G13/><T37/><D37/><U0/><E38/><V65/><F43/><W15/><G44/><T78/><D93/><U123/><E22/><V80/><F5/><W7/><G40/><T126/><D16/><U33/><E33/><V10/><F10/><W79/><G7/><T110/><D126/><U9/><E9/><V52/><F14/><W74/><G117/><T11/><D11/><U63/><E0/><V54/><F65/><N who="1" m="25193" /><E129/><V3/><F3/><W71/><G118/><T42/><D42/><U59/><E59/><N who="2" m="33159" /><F49/><W90/><G36/><T109/><D110/><U124/><E123/><V75/><F75/><W99/><G74/><T120/><D120/><U47/><E47/><V27/><F27/><W91/><G45/><T112/><D112/><N who="1" m="43083" /><E124/><V12/><F12/><W131/><G15/><T94/><D109/><U102/><E102/><V100/><F100/><W57/><G131/><T114/><D114/><U35/><E35/><V72/><F72/><W6/><G6/><T60/><D73/><U34/><E34/><V85/><AGARI ba="1,1" hai="20,21,23,50,54,58,80,82,85,86,87" m="33159" machi="85" ten="30,4000,0" yaku="5,1,8,1,54,1" doraHai="95" who="2" fromWho="2" sc="270,-21,240,-11,240,53,240,-11" /><INIT seed="1,0,0,4,0,135" ten="249,229,293,229" oya="1" hai0="63,47,1,95,4,91,18,20,132,118,57,85,99" hai1="70,65,122,15,36,75,123,86,72,102,108,84,93" hai2="101,73,55,0,114,124,27,40,38,83,41,28,112" hai3="74,111,19,131,119,37,24,58,113,92,23,66,11"/><U21/><E36/><V26/><F0/><W127/><G113/><T14/><D132/><U79/><E21/><V90/><F101/><W43/><G74/><N who="1" m="28202" /><E15/><V117/><F117/><W60/><G119/><T98/><D118/><U2/><E65/><V31/><F55/><W68/><G68/><T48/><D4/><U35/><E70/><V39/><F73/><W130/><G92/><T71/><D71/><U106/><E35/><V16/><F83/><W104/><G104/><T34/><D34/><U49/><E49/><V51/><F90/><W6/><G37/><T46/><D1/><U32/><E32/><V10/><F51/><W64/><G64/><T103/><D103/><U52/><E52/><V107/><F107/><W76/><G66/><N who="0" m="39279" /><D47/><U134/><E2/><V13/><F13/><W128/><G43/><AGARI ba="0,0" hai="14,18,20,43,46,48,85,91,95,98,99" m="39279" machi="43" ten="30,1000,0" yaku="8,1" doraHai="135" who="0" fromWho="3" sc="249,10,229,0,293,0,229,-10" /><INIT seed="2,0,0,0,2,14" ten="259,229,293,219" oya="2" hai0="55,115,64,135,107,74,71,97,77,127,47,129,57" hai1="109,120,132,68,122,28,134,67,9,38,79,117,76" hai2="102,101,49,133,6,18,11,131,121,89,41,91,10" hai3="81,26,0,99,128,82,5,85,13,69,36,108,65"/><V45/><F121/><N who="1" m="46697" /><E28/><V123/><F123/><W4/><G36/><T78/><D115/><U56/><E9/><V95/><F133/><N who="1" m="51305" /><E76/><V42/><F131/><W37/><G37/><T60/><D127/><U104/><E79/><V66/><F66/><W44/><G0/><T19/><D129/><U30/><E30/><V59/><F59/><W63/><G4/><T29/><D74/><U90/><E90/><V2/><F42/><W110/><G5/><T58/><D71/><U114/><E104/><V1/><F91/><W73/><G69/><T83/><D29/><U96/><E96/><V24/><F1/><W27/><G99/><T34/><D34/><U124/><E68/><V112/><F112/><W25/><G128/><T7/><D7/><U31/><E31/><V35/><F35/><W72/><G72/><T103/><D78/><U43/><E114/><V16/><F10/><W80/><G73/><T111/><D83/><U3/><E3/><V98/><REACH who="2" step="1"/><F24/><REACH who="2" ten="259,229,283,219" step="2"/><W46/><G26/><T21/><D135/><U53/><E67/><V12/><F12/><W105/><G13/><T119/><D77/><U94/><E56/><V86/><F86/><W8/><G85/><T20/><D58/><U75/><E43/><V125/><F125/><W106/><G25/><T50/><D64/><U48/><E75/><V100/><AGARI ba="0,1" hai="2,6,11,16,18,41,45,49,89,95,98,100,101,102" machi="100" ten="30,12000,1" yaku="1,1,0,1,52,2,54,1,53,0" doraHai="14" doraHaiUra="62" who="2" fromWho="2" sc="259,-40,229,-40,283,130,219,-40" /><INIT seed="2,1,0,4,3,24" ten="219,189,413,179" oya="2" hai0="34,71,38,66,102,117,56,1,60,108,49,124,119" hai1="54,122,51,135,33,14,3,97,134,101,32,44,18" hai2="106,6,43,113,63,37,9,121,125,103,45,5,90" hai3="70,58,84,88,23,61,127,100,95,40,73,79,52"/><V92/><F121/><W133/><G133/><N who="1" m="50698" /><E3/><V39/><F39/><W105/><G127/><T115/><D1/><U36/><E36/><V47/><F113/><W74/><G40/><T53/><D34/><U99/><E122/><V11/><F125/><W12/><G70/><T81/><D102/><U28/><E28/><V94/><F106/><W129/><G129/><T83/><D124/><U19/><E99/><V62/><F103/><W76/><G100/><T55/><D115/><U22/><E19/><V116/><F37/><W17/><REACH who="3" step="1"/><G105/><AGARI ba="1,0" hai="14,18,22,32,33,44,51,54,97,101,105" m="50698" machi="105" ten="30,1000,0" yaku="20,1" doraHai="24" who="1" fromWho="3" sc="219,0,189,13,413,0,179,-13" /><INIT seed="3,0,0,5,5,43" ten="219,202,413,166" oya="3" hai0="49,92,86,110,58,19,64,119,38,123,121,109,20" hai1="96,15,117,124,57,98,60,50,23,88,69,112,10" hai2="44,32,89,101,115,11,65,53,1,118,14,24,78" hai3="107,105,90,111,28,129,72,18,39,67,34,56,42"/><W48/><G72/><T114/><D38/><U102/><E112/><V0/><F118/><W62/><G39/><T8/><D119/><U46/><E69/><V73/><F115/><W113/><G113/><T37/><D37/><U85/><E124/><V97/><F65/><W122/><G122/><T132/><D114/><U77/><E77/><V63/><F89/><W87/><G129/><T52/><D132/><U27/><E102/><V116/><F116/><W74/><G74/><T61/><D8/><U108/><E108/><N who="0" m="41577" /><D92/><N who="1" m="54287" /><E57/><V125/><F78/><W81/><G111/><T6/><D6/><N who="1" m="3543" /><E60/><V30/><F73/><W5/><G5/><T80/><D86/><U79/><E79/><V84/><F84/><W59/><G18/><T82/><D121/><U45/><E117/><V3/><F125/><W12/><G59/><N who="0" m="36927" /><D123/><U103/><E50/><V71/><F71/><W83/><G48/><T135/><D135/><U134/><E134/><V16/><F63/><W99/><G62/><T93/><D93/><N who="1" m="58767" /><E98/><V26/><F97/><W100/><G99/><T13/><AGARI ba="0,0" hai="13,19,20,49,52,58,80,82" m="36927,41577" machi="13" ten="30,2000,0" yaku="14,1,54,1" doraHai="43" who="0" fromWho="0" sc="219,20,202,-5,413,-5,166,-10" /><INIT seed="4,0,0,5,2,92" ten="239,197,408,156" oya="0" hai0="50,97,101,129,27,4,86,113,49,125,108,126,12" hai1="16,91,100,93,48,7,99,15,78,45,34,46,112" hai2="43,127,119,1,58,84,79,44,67,95,47,52,57" hai3="25,54,131,13,133,39,90,55,42,30,109,53,69"/><T123/><D123/><U118/><E34/><V114/><F1/><W61/><G109/><T75/><D75/><U130/><E118/><V121/><F121/><W89/><G131/><T37/><D37/><U63/><E130/><V5/><F5/><W128/><G128/><T98/><D129/><U29/><E29/><V17/><F119/><W0/><G0/><T70/><D70/><U68/><E78/><V62/><F114/><W83/><G133/><T82/><D113/><U94/><E7/><V32/><F32/><W116/><G116/><T6/><D27/><U135/><E135/><V102/><F127/><N who="0" m="48650" /><D101/><U74/><E74/><V111/><F111/><W106/><G39/><T87/><D86/><U24/><E24/><V103/><F17/><W18/><G69/><T36/><D36/><U41/><E46/><N who="2" m="17451" /><F43/><W105/><G18/><T85/><D85/><U9/><E112/><V66/><F79/><W56/><G42/><T80/><D80/><U96/><E68/><V115/><F115/><W33/><G25/><T22/><D108/><U14/><E14/><V104/><F104/><W19/><G106/><T26/><D6/><U31/><E31/><V21/><F103/><W35/><G30/><N who="0" m="17751" /><D12/><U88/><E63/><V2/><F2/><W124/><G13/><T65/><D65/><U20/><E100/><V8/><F102/><W72/><G124/><T77/><D4/><U132/><E132/><V117/><F117/><W120/><G120/><T73/><D73/><U71/><E71/><V3/><F3/><W64/><G72/><T76/><D77/><U60/><E9/><RYUUKYOKU ba="0,0" sc="239,15,197,15,408,-15,156,-15" hai0="49,50,76,82,87,97,98" hai1="15,16,20,41,45,48,60,88,91,93,94,96,99" /><INIT seed="4,1,0,0,4,103" ten="254,212,393,141" oya="0" hai0="10,24,9,33,47,15,125,107,85,67,128,55,119" hai1="35,122,66,1,115,109,45,127,135,80,68,28,48" hai2="126,39,34,99,65,132,111,73,76,113,120,57,86" hai3="22,51,62,124,102,78,121,31,61,83,114,88,58"/><T101/><D119/><U4/><E122/><V54/><F120/><W130/><G121/><T64/><D128/><U87/><E109/><V38/><F111/><W13/><G130/><T44/><D125/><U70/><E127/><V60/><F126/><W63/><G124/><T95/><D10/><U20/><E35/><V92/><F73/><W81/><G114/><T37/><D33/><U106/><E106/><V19/><F113/><W14/><G102/><T32/><D32/><U97/><E97/><V42/><F34/><W43/><G78/><T108/><D24/><U36/><E36/><V71/><F132/><W16/><G31/><T91/><D47/><U0/><E115/><V112/><F112/><W12/><G81/><T89/><D91/><U6/><E135/><V133/><F133/><W21/><G21/><T52/><D37/><U77/><E1/><V131/><F131/><W117/><G117/><T49/><D55/><U98/><E98/><V82/><F19/><W69/><G69/><N who="1" m="26730" /><E66/><V5/><F42/><W29/><G29/><T134/><D108/><U104/><E104/><V17/><F17/><W116/><G116/><T25/><D25/><N who="1" m="16423" /><E0/><V100/><F5/><W23/><G23/><T84/><D84/><U129/><E129/><V30/><F30/><W11/><G22/><T74/><D74/><U59/><E59/><V90/><F76/><W3/><G3/><T123/><D134/><U41/><E6/><V2/><F2/><W79/><G79/><T105/><D123/><U46/><E4/><V26/><F26/><W75/><G75/><T56/><D9/><RYUUKYOKU ba="1,0" sc="254,-15,212,15,393,15,141,-15" hai1="41,45,46,48,77,80,87" hai2="38,39,54,57,60,65,71,82,86,90,92,99,100" /><INIT seed="5,2,0,4,1,126" ten="239,227,408,126" oya="1" hai0="130,36,109,33,55,105,21,114,54,11,43,13,83" hai1="51,0,124,91,23,78,117,2,18,101,73,125,80" hai2="70,86,77,134,12,76,7,42,50,94,88,44,31" hai3="1,79,118,112,34,40,17,67,128,89,75,96,64"/><U27/><E117/><V24/><F70/><W62/><G1/><T85/><D33/><U4/><E101/><V98/><F134/><W122/><G122/><T3/><D105/><U14/><E91/><V69/><F69/><W65/><G34/><T120/><D109/><U82/><E82/><V35/><F7/><W135/><G135/><T22/><D3/><U53/><E14/><V68/><F68/><W119/><G112/><T19/><D114/><U6/><E2/><V107/><F12/><W87/><G40/><T81/><D43/><U123/><E123/><V47/><F107/><W29/><G29/><T115/><D36/><U113/><E113/><V129/><F129/><W39/><G39/><T26/><D22/><U32/><E32/><V20/><F35/><W132/><G132/><T60/><D130/><U99/><E99/><V66/><F66/><W133/><G133/><T127/><D127/><N who="1" m="48715" /><E0/><V72/><F72/><W28/><G96/><T95/><D120/><U121/><E121/><V71/><F71/><W97/><G128/><T5/><D115/><U59/><AGARI ba="2,0" hai="4,6,18,23,27,51,53,59,73,78,80" m="48715" machi="59" ten="30,1500,0" yaku="18,1" doraHai="126" who="1" fromWho="1" sc="239,-7,227,21,408,-7,126,-7" /><INIT seed="5,3,0,3,5,21" ten="232,248,401,119" oya="1" hai0="26,55,73,63,131,68,0,29,27,135,126,127,94" hai1="124,100,46,125,13,38,17,82,14,52,130,57,81" hai2="113,34,18,71,66,58,6,111,133,4,20,110,43" hai3="92,107,96,51,65,59,48,32,103,79,16,69,35"/><U117/><E117/><V47/><F71/><W105/><G69/><T134/><D0/><U36/><E100/><V37/><F34/><W15/><G79/><T33/><D73/><U120/><E120/><V54/><F66/><W9/><G32/><T30/><D94/><U91/><E130/><V3/><F133/><N who="0" m="50698" /><D131/><U104/><E104/><V8/><F6/><W22/><G35/><N who="0" m="20919" /><D55/><U31/><E31/><V132/><F132/><W109/><G109/><T128/><D128/><U62/><E14/><V115/><F110/><W45/><G9/><T86/><D86/><N who="1" m="50639" /><E46/><V90/><F90/><W93/><G107/><T49/><D49/><U12/><E82/><V80/><F80/><W87/><G87/><T44/><D44/><U102/><E102/><V76/><F76/><W28/><G28/><T129/><D129/><U25/><E38/><V40/><F111/><W119/><G119/><T61/><D61/><U84/><E36/><V101/><F101/><W56/><G51/><T83/><D83/><U106/><E84/><V1/><F1/><W7/><G7/><T19/><D19/><U53/><E53/><V24/><REACH who="2" step="1"/><F40/><REACH who="2" ten="232,248,391,119" step="2"/><W121/><G65/><AGARI ba="3,1" hai="27,30,33,63,65,68,126,127" m="20919,50698" machi="65" ten="30,7700,0" yaku="20,1,23,1,52,2" doraHai="21" who="0" fromWho="3" sc="232,96,248,0,391,0,119,-86" /><INIT seed="6,0,0,3,0,25" ten="328,248,391,33" oya="2" hai0="72,81,111,95,62,75,131,71,7,48,4,87,53" hai1="24,106,47,102,55,96,58,105,77,79,2,99,15" hai2="70,60,120,119,86,67,134,17,34,41,31,132,56" hai3="39,43,133,46,49,116,83,10,129,85,90,27,82"/><V40/><F120/><W126/><G116/><T117/><D111/><U127/><E2/><V64/><F119/><W108/><G108/><T11/><D117/><U23/><E15/><V124/><F17/><W38/><G129/><T88/><D131/><U36/><E127/><V65/><F86/><W44/><G126/><T118/><D118/><U30/><E47/><V113/><F124/><W69/><G69/><T121/><D121/><U80/><E36/><V92/><F92/><W74/><G133/><T1/><D4/><U35/><E35/><V104/><F104/><W28/><G10/><T59/><D71/><U52/><E55/><V115/><F31/><W3/><G3/><T94/><D95/><U33/><E33/><V135/><F34/><W61/><G61/><T128/><D128/><U22/><E22/><V63/><F67/><W6/><G6/><T112/><D112/><AGARI ba="0,0" hai="40,41,56,60,63,64,65,70,112,113,115,132,134,135" machi="112" ten="50,12000,1" yaku="15,1,20,1,34,3" doraHai="25" who="2" fromWho="0" sc="328,-120,248,0,391,120,33,0" /><INIT seed="6,1,0,1,4,3" ten="208,248,511,33" oya="2" hai0="71,33,39,97,58,125,101,36,87,72,92,117,19" hai1="6,0,81,42,12,51,109,114,10,24,22,102,28" hai2="26,57,4,54,53,127,108,14,48,45,107,69,131" hai3="90,61,17,128,130,31,25,96,70,74,121,38,119"/><V35/><F107/><W88/><G119/><T47/><D71/><U65/><E109/><V13/><F69/><W66/><G121/><T105/><D33/><U68/><E114/><V43/><F108/><W9/><G38/><T8/><D125/><U116/><E116/><V133/><F127/><W44/><G74/><T18/><D72/><U76/><E102/><V120/><F120/><W77/><G77/><T103/><D117/><U100/><E100/><V93/><F133/><W84/><G44/><T115/><D115/><U41/><E51/><V11/><F131/><N who="3" m="50219" /><G96/><T50/><D58/><U129/><E129/><V111/><F111/><W62/><G62/><T59/><D59/><U16/><E65/><V27/><F54/><W63/><G63/><T20/><D103/><U134/><E68/><V60/><F35/><N who="3" m="20975" /><G84/><T85/><D105/><U80/><E134/><V52/><F13/><AGARI ba="1,0" hai="9,13,17,61,66,70,88,90" m="20975,50219" machi="13" ten="30,2000,0" yaku="19,1,54,1" doraHai="3" who="3" fromWho="2" sc="208,0,248,0,511,-23,33,23" /><INIT seed="7,0,0,1,4,130" ten="208,248,488,56" oya="3" hai0="76,123,17,75,3,41,81,120,84,121,28,114,118" hai1="115,13,82,0,39,26,66,34,63,16,134,5,50" hai2="78,109,113,74,112,15,55,38,12,31,33,19,85" hai3="73,7,58,122,105,71,52,104,29,32,72,79,61"/><W1/><G122/><T25/><D118/><U8/><E39/><V128/><F38/><W91/><G71/><T65/><D3/><U106/><E106/><V107/><F107/><W131/><G131/><T93/><D41/><U110/><E115/><V2/><F128/><W88/><G104/><T46/><D114/><U119/><E110/><V54/><F2/><W35/><G105/><T127/><D46/><U103/><E103/><V60/><F109/><W92/><G91/><T126/><D17/><U86/><E50/><V36/><F36/><W11/><G29/><T62/><D93/><U96/><E96/><V45/><F74/><W21/><G21/><T14/><D14/><U20/><E119/><V87/><F31/><W6/><G6/><T69/><D84/><U124/><E124/><V90/><F33/><AGARI ba="0,0" hai="25,28,33,62,65,69,75,76,81,120,121,123,126,127" machi="33" ten="40,2600,0" yaku="23,2" doraHai="130" who="0" fromWho="2" sc="208,26,248,0,488,-26,56,0" owari="234,-17.0,248,5.0,462,56.0,56,-44.0" /></mjloggm>