<mjloggm ver="2.3"><GO type="169" lobby="0"/><UN n0="%74%6F%69%74%6F%69%34" n1="%E3%83%A2%E3%83%AD%E3%83%98%E3%82%A4%E3%83%A4" n2="%E7%AC%B9%E9%A4%85" n3="%E3%82%82%E3%82%8A%E3%82%82%E3%82%8A%E3%81%8A%E3%81%AB%E3%81%8E%E3%82%8A" dan="16,16,17,16" rate="2137.82,2116.09,2228.42,2128.57" sx="F,M,M,M"/><TAIKYOKU oya="0"/><INIT seed="0,0,0,2,0,59" ten="250,250,250,250" oya="0" hai0="116,66,73,22,74,65,109,43,8,119,26,108,1" hai1="135,44,55,94,72,49,10,79,70,18,77,62,34" hai2="33,106,58,52,17,117,130,3,53,132,32,54,6" hai3="24,131,25,56,112,89,114,13,110,9,87,37,27"/><T7/><D43/><U80/><E34/><V75/><F75/><W125/><G110/><N who="0" m="42603" /><D73/><U85/><E135/><V67/><F106/><W4/><G125/><T20/><D74/><U97/><E79/><V82/><F82/><W69/><G69/><T96/><D96/><U134/><E72/><V123/><F123/><W11/><G131/><T45/><D22/><U81/><E81/><V42/><F130/><W88/><G37/><T111/><N who="0" m="42611" /><T126/><DORA hai="99" /><D45/><U61/><E70/><V127/><F127/><W68/><G68/><T107/><D107/><U124/><E134/><V86/><F132/><W57/><G112/><T31/><D126/><U101/><E124/><V14/><F42/><W15/><G114/><T2/><D2/><U5/><E18/><V129/><F129/><W38/><G38/><T60/><D66/><U102/><E102/><V95/><F117/><W46/><G46/><T120/><D120/><U122/><E122/><V71/><F33/><W41/><G41/><T93/><D93/><U21/><E21/><V19/><F32/><W84/><G25/><T118/><D116/><U36/><E36/><V98/><F3/><AGARI ba="0,0" hai="3,5,10,44,49,55,61,62,77,80,85,94,97,101" machi="3" ten="30,7700,0" yaku="7,1,52,3" doraHai="59,99" who="1" fromWho="2" sc="250,0,250,77,250,-77,250,0" /><INIT seed="1,0,0,2,0,0" ten="250,327,173,250" oya="1" hai0="37,12,102,54,56,38,21,73,65,109,23,8,97" hai1="27,93,126,100,9,94,120,125,78,63,85,123,101" hai2="88,60,19,58,13,135,107,96,31,6,99,95,22" hai3="42,84,51,4,10,32,92,89,133,113,48,75,14"/><U53/><E27/><V67/><F135/><W98/><G113/><T114/><D114/><U91/><E63/><V117/><F117/><W131/><G133/><T5/><D73/><U52/><E9/><V116/><F116/><W127/><G127/><N who="1" m="48650" /><E78/><V79/><F79/><W74/><G131/><T45/><D109/><U80/><E53/><V49/><F31/><W26/><G32/><T103/><D103/><N who="1" m="39499" /><E52/><V110/><F110/><W68/><G68/><T18/><D65/><U3/><E3/><V71/><F71/><W36/><G26/><T105/><D45/><U61/><E61/><V132/><F132/><W28/><G28/><T17/><D23/><U43/><E43/><V35/><F35/><W55/><G55/><T69/><D69/><U118/><E118/><V124/><F124/><W15/><G15/><T130/><D130/><U39/><E39/><V83/><F49/><W104/><G36/><T64/><D64/><U11/><E11/><V50/><F50/><W1/><G1/><T119/><D119/><U20/><E20/><V129/><F129/><W121/><G51/><N who="0" m="30815" /><D21/><U112/><E112/><V111/><F111/><W86/><G48/><T34/><D34/><U33/><E33/><V134/><F134/><W30/><G42/><T62/><D62/><U47/><E47/><V29/><F29/><W106/><G30/><T46/><D46/><U82/><E94/><V41/><F41/><W66/><G66/><T16/><D38/><U128/><E128/><V77/><F67/><W40/><G40/><T108/><D37/><U7/><E7/><V59/><F60/><RYUUKYOKU ba="0,0" sc="250,15,327,15,173,-15,250,-15" hai0="5,8,12,16,17,18,97,102,105,108" hai1="80,82,85,91,93,120,123" /><INIT seed="1,1,0,1,2,20" ten="265,342,158,235" oya="1" hai0="51,119,86,63,33,111,43,130,55,134,65,95,66" hai1="37,64,131,10,90,96,127,106,62,29,97,1,0" hai2="133,54,35,122,9,91,74,73,59,67,3,105,44" hai3="80,24,82,30,123,26,46,45,36,40,12,28,121"/><U42/><E131/><V34/><F122/><W100/><G100/><T22/><D119/><U14/><E127/><V126/><F105/><W38/><G12/><T116/><D116/><U18/><E29/><V48/><F126/><W75/><REACH who="3" step="1"/><G40/><REACH who="3" ten="265,342,158,225" step="2"/><T104/><D43/><U58/><E42/><V52/><F133/><W93/><G93/><T15/><D95/><U87/><E106/><V78/><F67/><W2/><G2/><T13/><D15/><U79/><E37/><V39/><F39/><W60/><G60/><T83/><D13/><U23/><E1/><V49/><F91/><W70/><G70/><T76/><D63/><U17/><E79/><V85/><F85/><W115/><G115/><T98/><D86/><U114/><E114/><V41/><F41/><W25/><G25/><T7/><D66/><U124/><E124/><V135/><F135/><W31/><G31/><T77/><D65/><U107/><E107/><V108/><F108/><W6/><G6/><T53/><D7/><U50/><E50/><V101/><F101/><W4/><G4/><T99/><D51/><U129/><E0/><V118/><F118/><W81/><G81/><T89/><D77/><U128/><E128/><V103/><F103/><W88/><G88/><T102/><D76/><U57/><E129/><V94/><F94/><W8/><G8/><T21/><D104/><U5/><E5/><N who="2" m="1215" /><F78/><W109/><G109/><T69/><D111/><U112/><E112/><V11/><F11/><W132/><G132/><T19/><D134/><U72/><E10/><V84/><F84/><W32/><G32/><AGARI ba="1,1" hai="32,34,35,44,48,49,52,54,59,73,74" m="1215" machi="32" ten="30,2000,0" yaku="6,1,54,1" doraHai="20" who="2" fromWho="3" sc="265,0,342,0,158,33,225,-23" /><INIT seed="2,0,0,1,5,39" ten="265,342,191,202" oya="2" hai0="20,10,97,49,89,41,80,35,110,59,90,130,33" hai1="25,24,42,60,30,67,54,94,56,103,71,6,73" hai2="22,52,125,53,78,4,81,115,105,69,102,51,1" hai3="109,120,65,95,132,87,74,93,40,55,92,37,100"/><V70/><F115/><W76/><G120/><T111/><D130/><U23/><E73/><V127/><F22/><W12/><G109/><N who="0" m="41483" /><D20/><U131/><E131/><V19/><F19/><W99/><G132/><T96/><D10/><U79/><E79/><V31/><F31/><W84/><G65/><T62/><D97/><U106/><E106/><V114/><F114/><W124/><G124/><N who="2" m="47689" /><F102/><W29/><G29/><T134/><D134/><U75/><E75/><N who="2" m="43231" /><F105/><W7/><G74/><T123/><D123/><U32/><E6/><V129/><F129/><W108/><G108/><T3/><D3/><U27/><E32/><V107/><F107/><W57/><G7/><T121/><D121/><U117/><E117/><V82/><F82/><W26/><G99/><T15/><D80/><U63/><E94/><V126/><N who="2" m="47697" /><V86/><DORA hai="64" /><F86/><W38/><G84/><T9/><D96/><U48/><E103/><V36/><F36/><W112/><G37/><T17/><D35/><U101/><E101/><V14/><F14/><W119/><G100/><T43/><D33/><U50/><E30/><V11/><F53/><W113/><G113/><T98/><D98/><U21/><E21/><V83/><F83/><N who="3" m="47591" /><G12/><T47/><D90/><U72/><E72/><V77/><F77/><W34/><G112/><T118/><D89/><U44/><REACH who="1" step="1"/><E23/><REACH who="1" ten="265,332,191,202" step="2"/><V88/><F88/><W28/><G92/><T58/><D118/><U45/><E45/><AGARI ba="0,1" hai="1,4,11,45,51,52,69,70" m="43231,47697" machi="45" ten="40,12000,1" yaku="18,1,52,2,54,1" doraHai="39,64" who="2" fromWho="1" sc="265,0,332,-120,191,130,202,0" /><INIT seed="2,1,0,4,2,1" ten="265,212,321,202" oya="2" hai0="9,128,80,78,54,125,120,56,53,12,35,126,85" hai1="51,135,94,76,49,45,13,27,39,123,89,93,55" hai2="104,48,62,91,92,32,14,119,134,26,47,121,0" hai3="60,75,23,67,99,28,117,69,18,113,100,61,29"/><V21/><F119/><W65/><G75/><T59/><D120/><U33/><E39/><V10/><F121/><W81/><G81/><T102/><D35/><U82/><E123/><V111/><F104/><W50/><G50/><T107/><D128/><U132/><E13/><V34/><F0/><W97/><G113/><T68/><D68/><U116/><E116/><V110/><F62/><W90/><G90/><T8/><D102/><U57/><E27/><V41/><F134/><N who="1" m="51241" /><E89/><V71/><F71/><W15/><G117/><T103/><D103/><U38/><E38/><V131/><F131/><W122/><G122/><T36/><D36/><U105/><E33/><V25/><F32/><W24/><G15/><T16/><D107/><U20/><E20/><V86/><F34/><W66/><G99/><T88/><D78/><U101/><E101/><V129/><F129/><W127/><G127/><N who="0" m="48651" /><D9/><U3/><E3/><V106/><F106/><W58/><REACH who="3" step="1"/><G67/><REACH who="3" ten="265,212,321,192" step="2"/><T133/><D133/><U115/><E115/><V22/><F25/><W108/><G108/><N who="2" m="41513" /><F26/><W43/><G43/><T52/><AGARI ba="1,1" hai="8,12,16,52,53,54,56,59,80,85,88" m="48651" machi="52" ten="30,7900,0" yaku="18,1,54,3" doraHai="1" who="0" fromWho="0" sc="265,92,212,-21,321,-40,192,-21" /><INIT seed="3,0,0,0,5,28" ten="357,191,281,171" oya="3" hai0="109,122,30,11,54,93,67,39,131,110,57,31,53" hai1="13,55,89,38,47,135,22,61,130,107,75,88,4" hai2="72,84,106,24,121,91,105,108,50,42,96,56,12" hai3="98,18,127,85,58,10,48,2,59,73,19,101,21"/><W70/><G73/><T125/><D122/><U36/><E107/><V115/><F72/><W77/><G70/><T27/><D39/><U17/><E75/><V44/><F121/><W5/><G127/><T29/><D125/><U68/><E135/><V3/><F3/><W35/><G35/><T52/><D131/><U9/><E130/><V78/><F115/><W95/><G48/><T76/><D76/><U113/><E113/><V51/><F108/><N who="0" m="41578" /><D11/><U82/><E68/><V14/><F78/><W20/><G77/><T100/><D100/><U16/><E17/><V117/><F117/><W25/><REACH who="3" step="1"/><G85/><REACH who="3" ten="357,191,281,161" step="2"/><T23/><D93/><U123/><E123/><V69/><F69/><W40/><G40/><T33/><D33/><U60/><E38/><V128/><F42/><W94/><G94/><T81/><D81/><U92/><E36/><V129/><F129/><W74/><G74/><T71/><D71/><U1/><E82/><V0/><F128/><W132/><G132/><T104/><D104/><U6/><E89/><V62/><F91/><W86/><G86/><T34/><D34/><U7/><E61/><AGARI ba="0,1" hai="23,27,29,30,31,52,53,54,57,61,67" m="41578" machi="61" ten="30,2000,0" yaku="14,1,54,1" doraHai="28" who="0" fromWho="1" sc="357,30,191,-20,281,0,161,0" /><INIT seed="4,0,0,0,4,135" ten="387,171,281,161" oya="0" hai0="31,61,108,0,82,25,89,28,15,97,105,66,120" hai1="110,54,117,92,17,113,53,18,21,130,90,75,102" hai2="83,116,104,65,101,133,30,122,107,52,12,127,19" hai3="13,57,93,131,106,109,91,45,134,114,49,46,26"/><T29/><D120/><U60/><E75/><V95/><F122/><W124/><G109/><T103/><D0/><U63/><E110/><V58/><F133/><W14/><G106/><T94/><D108/><U7/><E117/><V23/><F116/><W126/><G134/><T69/><D82/><U132/><E132/><V68/><F30/><W44/><G114/><T115/><D15/><U79/><E79/><V6/><F6/><W87/><G131/><T123/><D123/><U42/><E42/><V76/><F65/><W27/><G49/><T98/><REACH who="0" step="1"/><D115/><REACH who="0" ten="377,171,281,161" step="2"/><U64/><E113/><V11/><F11/><W74/><G74/><T119/><D119/><U39/><E130/><V16/><F12/><W59/><G14/><T47/><D47/><U86/><E7/><V20/><F83/><W56/><REACH who="3" step="1"/><G13/><REACH who="3" ten="377,171,281,151" step="2"/><T1/><D1/><U33/><E39/><V121/><F121/><W51/><G51/><T70/><D70/><U125/><E63/><V3/><F68/><W48/><G48/><T37/><D37/><U67/><E60/><V88/><F3/><W118/><G118/><T9/><D9/><U78/><E78/><V41/><F104/><W5/><G5/><T34/><AGARI ba="0,2" hai="25,28,29,31,34,61,66,69,89,94,97,98,103,105" machi="34" ten="20,12000,1" yaku="1,1,0,1,7,1,25,2,53,0" doraHai="135" doraHaiUra="43" who="0" fromWho="0" sc="377,140,171,-40,281,-40,151,-40" /><INIT seed="4,1,0,0,5,125" ten="517,131,241,111" oya="0" hai0="93,62,35,66,12,102,2,63,90,77,55,75,53" hai1="122,108,118,21,80,52,57,78,109,123,23,82,34" hai2="95,51,5,100,116,6,26,70,126,14,111,114,105" hai3="124,128,54,88,96,9,17,127,89,115,38,74,106"/><T87/><D2/><U3/><E34/><V72/><F95/><W0/><G38/><T73/><D35/><U85/><E3/><V104/><F26/><W15/><G74/><T117/><D117/><U30/><E118/><V91/><F91/><W98/><G115/><T119/><D119/><U49/><E82/><V134/><F14/><W22/><G54/><T67/><D102/><U81/><E80/><V133/><F51/><W131/><G106/><T31/><D31/><U24/><REACH who="1" step="1"/><E23/><REACH who="1" ten="517,121,241,111" step="2"/><V37/><F116/><W45/><G0/><T86/><D77/><U69/><E69/><V11/><F70/><W84/><G22/><T71/><D71/><U41/><E41/><V33/><F33/><W65/><G124/><T56/><D75/><U48/><E48/><V135/><F126/><W120/><G127/><T32/><D73/><U16/><E16/><V25/><F72/><W113/><G113/><T20/><D20/><U4/><E4/><V42/><F6/><W59/><G120/><AGARI ba="1,1" hai="21,24,30,49,52,57,78,81,85,108,109,120,122,123" machi="120" ten="40,2600,0" yaku="1,1,54,1,53,0" doraHai="125" doraHaiUra="39" who="1" fromWho="3" sc="517,0,121,39,241,0,111,-29" /><INIT seed="5,0,0,2,1,81" ten="517,160,241,82" oya="1" hai0="45,41,116,18,34,74,103,118,62,87,85,21,79" hai1="43,63,2,102,86,106,133,132,111,122,72,57,94" hai2="59,13,124,29,113,33,98,19,56,112,100,27,58" hai3="50,68,92,80,3,40,69,30,91,96,42,90,127"/><U28/><E72/><V121/><F121/><W64/><G3/><T93/><D34/><U38/><E2/><V48/><F48/><W89/><G127/><T20/><D74/><U12/><E106/><V7/><F7/><W126/><G126/><T97/><D116/><U49/><E38/><V65/><F65/><W99/><G30/><T47/><D79/><U67/><E122/><V123/><F124/><W83/><G64/><T115/><D115/><N who="2" m="44106" /><F123/><W84/><G99/><T52/><D118/><U10/><E28/><V73/><F73/><W55/><G69/><T9/><D9/><U39/><E39/><V53/><F53/><W131/><G68/><T8/><D8/><U71/><E111/><V37/><F37/><W46/><G131/><T82/><D82/><U125/><E125/><V17/><F13/><W88/><REACH who="3" step="1"/><G83/><REACH who="3" ten="517,160,241,72" step="2"/><T54/><D97/><U4/><E71/><V76/><F98/><W15/><G15/><T35/><D35/><U32/><E32/><V128/><F29/><W135/><G135/><T22/><D103/><AGARI ba="0,1" hai="40,42,46,50,55,80,84,88,89,90,91,92,96,103" machi="103" ten="40,8000,1" yaku="1,1,8,1,52,1,54,1,53,0" doraHai="81" doraHaiUra="26" who="3" fromWho="0" sc="517,-80,160,0,241,0,72,90" /><INIT seed="6,0,0,0,2,125" ten="437,160,241,162" oya="2" hai0="63,71,46,19,120,27,108,59,6,30,72,34,84" hai1="51,54,22,112,91,97,56,14,1,127,75,133,12" hai2="101,42,118,39,85,126,41,55,17,131,88,3,40" hai3="11,124,29,99,92,74,90,94,31,116,82,78,81"/><V8/><F126/><W104/><G124/><T73/><D71/><U103/><E1/><V9/><F118/><W96/><G116/><T83/><D108/><U105/><E75/><V44/><F101/><N who="3" m="62527" /><G11/><T79/><D6/><U93/><E127/><V121/><F121/><W37/><G29/><T62/><D62/><U69/><E69/><V87/><F9/><W15/><G15/><T128/><D46/><U77/><E77/><V35/><F35/><W110/><G31/><T33/><D19/><U68/><E68/><V49/><F85/><N who="3" m="50487" /><G37/><T18/><D18/><U119/><E119/><V115/><F3/><W43/><G43/><T10/><D59/><U48/><E112/><V57/><F115/><W2/><G2/><T122/><D63/><U86/><E133/><V5/><F5/><W67/><G67/><T23/><D23/><U61/><E22/><V38/><F17/><W95/><G110/><T123/><D10/><U28/><E28/><V64/><F8/><W50/><G50/><T130/><D34/><U98/><E98/><AGARI ba="0,0" hai="74,78,81,92,94,95,96,98" m="50487,62527" machi="98" ten="30,8000,1" yaku="35,5" doraHai="125" who="3" fromWho="1" sc="437,0,160,-80,241,0,162,80" /><INIT seed="7,0,0,0,3,95" ten="437,80,241,242" oya="3" hai0="81,127,82,50,65,43,116,11,129,55,101,123,110" hai1="6,41,15,69,76,22,66,109,85,21,80,94,113" hai2="64,45,115,2,51,78,102,73,74,35,125,46,134" hai3="9,5,26,10,37,25,53,88,7,23,44,89,130"/><W111/><G130/><T122/><D110/><U13/><E113/><V103/><F2/><W17/><G111/><T4/><D116/><U135/><E135/><V57/><F35/><W28/><G37/><T112/><D43/><U96/><E109/><V77/><F115/><W14/><G44/><T31/><D31/><U83/><E69/><V19/><F134/><W98/><G53/><T63/><D127/><U128/><E128/><V24/><F125/><W114/><G114/><T117/><D117/><U108/><E108/><V100/><F74/><W86/><G86/><T1/><D101/><U3/><E3/><V75/><F75/><W131/><G131/><T18/><D112/><U120/><E120/><V90/><F90/><W8/><G98/><T91/><D91/><U56/><E41/><N who="2" m="25007" /><F46/><W121/><G121/><T106/><D65/><U60/><E83/><V61/><F73/><W20/><REACH who="3" step="1"/><G9/><REACH who="3" ten="437,80,241,232" step="2"/><N who="0" m="2191" /><D129/><U42/><E42/><V104/><F104/><W0/><AGARI ba="0,1" hai="0,5,7,8,10,14,17,20,23,25,26,28,88,89" machi="0" ten="20,7800,0" yaku="1,1,0,1,7,1,54,1,53,0" doraHai="95" doraHaiUra="54" who="3" fromWho="3" sc="437,-26,80,-26,241,-26,232,88" /><INIT seed="7,1,0,2,0,18" ten="411,54,215,320" oya="3" hai0="103,96,115,21,67,25,132,15,43,107,11,3,46" hai1="47,54,35,109,84,118,20,7,95,65,99,17,30" hai2="72,31,98,110,128,89,37,117,83,26,6,119,50" hai3="130,45,77,126,100,59,90,63,58,41,42,116,127"/><W86/><G116/><T104/><D3/><U4/><E118/><V135/><F37/><W53/><G77/><T24/><D115/><U82/><E109/><V57/><F110/><W39/><G130/><T73/><D73/><U28/><E35/><V49/><F128/><W97/><G42/><T56/><D132/><U69/><E69/><V81/><F135/><W62/><G86/><T5/><D107/><U51/><E65/><V9/><F72/><W34/><G90/><T105/><D105/><U44/><E44/><V22/><F117/><W32/><G127/><T61/><D21/><U33/><E33/><V12/><F119/><W91/><G91/><T131/><D131/><U14/><E4/><V88/><F98/><W92/><REACH who="3" step="1"/><G126/><REACH who="3" ten="411,54,215,310" step="2"/><T123/><D123/><U129/><E129/><V36/><F36/><AGARI ba="1,1" hai="5,11,15,24,25,36,43,46,56,61,67,96,103,104" machi="36" ten="30,1000,0" yaku="7,1" doraHai="18" who="0" fromWho="2" sc="411,23,54,0,215,-13,310,0" owari="434,54.0,54,-45.0,202,-20.0,310,11.0" /></mjloggm>