<mjloggm ver="2.3"><GO type="225" lobby="0"/><UN n0="%E9%B3%B4%E3%81%8D%E3%83%80%E3%83%AB%E3%83%9E" n1="%E3%83%9E%E3%83%83%E3%82%AF%30%34" n2="%E5%B2%B8%E6%98%8E%E6%97%A5%E9%A6%99" n3="%E6%AF%9B%E8%8D%92%E3%82%8C%E3%83%BB%E3%82%B9%E3%83%9F%E3%82%B9" dan="16,16,17,16" rate="2126.16,2128.89,2136.36,2118.74" sx="M,M,M,F"/><TAIKYOKU oya="0"/><INIT seed="0,0,0,2,2,23" ten="250,250,250,250" oya="0" hai0="19,127,72,109,105,15,94,47,125,110,104,89,97" hai1="132,53,9,12,79,70,101,100,61,2,92,8,68" hai2="3,117,33,18,123,71,111,91,1,31,116,63,74" hai3="57,75,10,106,76,77,131,133,135,129,81,134,69"/><T54/><D72/><U114/><E132/><V50/><F74/><W49/><G69/><T87/><D47/><U58/><E79/><V126/><F123/><W65/><G106/><N who="0" m="41067" /><D54/><U67/><E114/><V93/><F111/><N who="0" m="42506" /><D87/><U42/><E42/><V37/><F37/><W55/><G76/><T40/><D40/><U98/><E101/><V66/><F126/><N who="0" m="48138" /><D19/><U16/><REACH who="1" step="1"/><E67/><REACH who="1" ten="250,240,250,250" step="2"/><V122/><F66/><W25/><G65/><T44/><D44/><U95/><E95/><V35/><F93/><W34/><G135/><T46/><D46/><U119/><E119/><V52/><F117/><W84/><G134/><T7/><D7/><AGARI ba="0,1" hai="2,7,8,9,12,16,53,58,61,68,70,92,98,100" machi="7" ten="40,2600,0" yaku="1,1,54,1,53,0" doraHai="23" doraHaiUra="17" who="1" fromWho="0" sc="250,-26,240,36,250,0,250,0" /><INIT seed="1,0,0,4,3,57" ten="224,276,250,250" oya="1" hai0="101,129,73,75,4,108,2,32,110,20,117,80,97" hai1="87,86,134,54,49,67,124,35,8,37,30,14,122" hai2="41,104,84,76,16,55,46,24,114,128,31,19,70" hai3="34,58,78,71,65,88,106,63,126,64,45,102,48"/><U69/><E122/><V130/><F104/><W115/><G115/><T89/><D32/><U85/><E37/><V132/><F114/><W17/><G126/><T62/><D117/><U7/><E124/><V29/><F132/><W59/><G34/><T53/><D129/><N who="2" m="49770" /><F70/><W39/><G78/><T131/><D131/><U109/><E134/><V72/><F72/><W18/><G39/><T91/><D20/><U61/><E109/><N who="0" m="42089" /><D4/><U113/><E113/><V43/><F55/><W119/><G119/><T98/><D2/><U15/><E15/><V99/><F99/><N who="0" m="37898" /><D101/><U90/><E35/><N who="2" m="20903" /><F31/><W5/><G102/><T60/><D53/><U42/><E30/><V56/><F43/><W83/><G106/><T92/><D80/><U125/><E125/><V47/><F41/><N who="3" m="24623" /><G5/><T23/><D23/><U33/><E33/><V66/><F19/><W36/><G36/><T27/><D27/><U93/><REACH who="1" step="1"/><E42/><REACH who="1" ten="224,266,250,250" step="2"/><V100/><F16/><W120/><G120/><T22/><D22/><U13/><E13/><V123/><F123/><W44/><G17/><T50/><D50/><U133/><E133/><V9/><F9/><W38/><G18/><T121/><D121/><U107/><E107/><V96/><F100/><W111/><G38/><T6/><D6/><U135/><E135/><V118/><F118/><W103/><G103/><T40/><D40/><U51/><E51/><V52/><F96/><W116/><G116/><T82/><D73/><U0/><E0/><V68/><F84/><N who="3" m="50207" /><G111/><T25/><D75/><U1/><E1/><V21/><F21/><W105/><G105/><T74/><D74/><RYUUKYOKU ba="0,1" sc="224,-10,266,30,250,-10,250,-10" hai1="7,8,14,49,54,61,67,69,85,86,87,90,93" /><INIT seed="1,1,1,5,3,81" ten="214,296,240,240" oya="1" hai0="96,10,64,95,36,99,73,69,7,105,90,18,135" hai1="49,6,88,110,33,119,17,128,76,50,51,39,122" hai2="0,55,134,118,70,45,62,58,115,41,75,61,37" hai3="66,34,40,106,1,121,86,74,111,21,103,4,126"/><U72/><E119/><V125/><F75/><W52/><G121/><T19/><D36/><U8/><E122/><V35/><F35/><W117/><G74/><T3/><D73/><U5/><E128/><V53/><F0/><W68/><G34/><T79/><D135/><U12/><E39/><V28/><F28/><W20/><G40/><T25/><D79/><U83/><E33/><V124/><F118/><W129/><G117/><T26/><D69/><U44/><E110/><V91/><F134/><W30/><G30/><T87/><D64/><U54/><E88/><V113/><F91/><W82/><G129/><T11/><D11/><U42/><REACH who="1" step="1"/><E50/><REACH who="1" ten="214,286,240,240" step="2"/><V80/><F80/><W77/><G82/><T108/><D108/><U120/><E120/><V63/><F61/><W29/><G111/><T123/><D123/><U104/><E104/><V23/><F62/><W78/><G106/><T94/><D105/><U100/><E100/><V131/><F131/><W133/><G103/><T59/><D99/><U84/><E84/><V97/><F97/><W15/><G86/><T22/><D96/><U85/><E85/><V57/><F115/><W27/><G133/><T67/><D95/><U56/><AGARI ba="1,2" hai="5,6,8,12,17,42,44,49,51,54,56,72,76,83" machi="56" ten="20,7800,0" yaku="1,1,0,1,7,1,53,1" doraHai="81" doraHaiUra="38" who="1" fromWho="1" sc="214,-27,286,101,240,-27,240,-27" /><INIT seed="1,2,0,2,3,90" ten="187,387,213,213" oya="1" hai0="61,35,80,2,101,117,135,107,134,56,55,8,74" hai1="23,54,79,64,14,66,51,88,29,111,44,71,121" hai2="17,129,110,63,57,47,9,69,27,131,1,19,41" hai3="119,126,39,0,130,84,120,92,99,24,36,72,46"/><U43/><E121/><V11/><F69/><W4/><G120/><T7/><D117/><U62/><E111/><V33/><F110/><W122/><G72/><T91/><D35/><U70/><E79/><V118/><F118/><W38/><G122/><T75/><D91/><U50/><E66/><V114/><F114/><W52/><G119/><T103/><D103/><U21/><E71/><V86/><F86/><W22/><G126/><T28/><D28/><U123/><E123/><V87/><F87/><W125/><G125/><T3/><D3/><U5/><E29/><V98/><F98/><W113/><G113/><T42/><D42/><U68/><E88/><V112/><F33/><W67/><G67/><T59/><D59/><U31/><E31/><V77/><F77/><W26/><G130/><N who="2" m="49673" /><F27/><W105/><G84/><T16/><D16/><N who="2" m="6218" /><F1/><W53/><G24/><T83/><D75/><U25/><E70/><V133/><F133/><N who="0" m="50698" /><D74/><U48/><E25/><V13/><F13/><W76/><G76/><T78/><D78/><U94/><E14/><V116/><F116/><W6/><G0/><T128/><D128/><U49/><E43/><V115/><F115/><W40/><G4/><T60/><D60/><U30/><E5/><V58/><F58/><W65/><G6/><T81/><D83/><U96/><E30/><V95/><F112/><W124/><G124/><T20/><D20/><U106/><E68/><V15/><F15/><W127/><G22/><T45/><D45/><U12/><E21/><V32/><F32/><W100/><G127/><T37/><D37/><U102/><E23/><RYUUKYOKU ba="2,0" sc="187,30,387,-10,213,-10,213,-10" hai0="2,7,8,55,56,61,80,81,101,107" /><INIT seed="2,3,0,0,3,61" ten="217,377,203,203" oya="2" hai0="129,30,6,58,100,53,60,59,124,78,52,49,75" hai1="24,4,85,13,130,81,37,66,8,0,16,126,122" hai2="101,128,70,76,84,28,14,127,64,71,17,116,99" hai3="48,26,46,77,39,92,98,109,113,125,105,62,74"/><V112/><F112/><W10/><G39/><T2/><D124/><U5/><E130/><V56/><F116/><W97/><G125/><T111/><D111/><U79/><E37/><V44/><F127/><W22/><G109/><T103/><D129/><U51/><E122/><V54/><F128/><W131/><G131/><T45/><D30/><U7/><E126/><V102/><F28/><W35/><G35/><T118/><D118/><U108/><E108/><V88/><F76/><W36/><G36/><T68/><D68/><U123/><E123/><V9/><F44/><W83/><G113/><T50/><D2/><U80/><E24/><V12/><F12/><W27/><G10/><T121/><D6/><U38/><E38/><V29/><F29/><W91/><G62/><T133/><D133/><U3/><E66/><V107/><F102/><W95/><G105/><T132/><D132/><U31/><E31/><V96/><F96/><W134/><G134/><T55/><REACH who="0" step="1"/><D121/><REACH who="0" ten="207,377,203,203" step="2"/><U63/><E0/><V119/><F119/><W19/><G26/><T34/><D34/><U89/><E3/><V115/><F115/><W120/><G120/><T114/><D114/><U65/><E4/><V93/><REACH who="2" step="1"/><F64/><REACH who="2" ten="207,377,193,203" step="2"/><W21/><G27/><T23/><D23/><U11/><E65/><V20/><F20/><W104/><G21/><T18/><D18/><U1/><E1/><V117/><F117/><W82/><G22/><T33/><D33/><U86/><E16/><V15/><F15/><W43/><G19/><T41/><D41/><U69/><E13/><V87/><F87/><N who="3" m="50679" /><G104/><T94/><D94/><AGARI ba="3,2" hai="43,46,48,74,77,83,92,94,95,97,98" m="50679" machi="94" ten="30,1000,0" yaku="6,1" doraHai="61" who="3" fromWho="0" sc="207,-19,377,0,193,0,203,39" /><INIT seed="3,0,0,3,5,79" ten="188,377,193,242" oya="3" hai0="18,133,16,119,7,50,128,124,11,67,20,24,61" hai1="4,81,111,22,94,78,99,41,26,97,71,46,103" hai2="121,37,89,73,45,109,125,52,108,70,21,56,17" hai3="60,134,130,23,77,27,62,127,100,112,3,28,87"/><W123/><G112/><T115/><D119/><U39/><E111/><N who="2" m="42571" /><F125/><W74/><G123/><T44/><D124/><U63/><E4/><V0/><F70/><W51/><G74/><T110/><D110/><U31/><E99/><V107/><F107/><W86/><G3/><T96/><D115/><U68/><E63/><V25/><F73/><AGARI ba="0,0" hai="22,26,31,39,41,46,68,71,73,78,81,94,97,103" machi="73" ten="30,2000,0" yaku="7,1,52,1" doraHai="79" who="1" fromWho="2" sc="188,0,377,20,193,-20,242,0" owari="188,-21.0,397,50.0,173,-33.0,242,4.0" /></mjloggm>