<mjloggm ver="2.3"><GO type="169" lobby="0"/><UN n0="%E5%92%8C%E4%B9%85%E6%B4%A5%E6%99%B6" n1="%E3%82%8A%E3%81%88" n2="%4D%41%4B%30%31%30%34" n3="%E3%81%86%E3%81%98%E3%81%93" dan="17,16,17,16" rate="2173.75,2072.40,2186.06,2083.01" sx="F,F,M,M"/><TAIKYOKU oya="0"/><INIT seed="0,0,0,3,0,92" ten="250,250,250,250" oya="0" hai0="106,87,98,36,77,118,134,12,88,70,133,107,117" hai1="38,121,21,29,2,7,32,111,16,3,64,85,30" hai2="104,78,4,114,74,19,123,20,44,73,37,126,101" hai3="63,119,61,131,91,95,125,13,31,127,67,14,83"/><T57/><D70/><U27/><E38/><V33/><F33/><W22/><G119/><T43/><D36/><U97/><E64/><V26/><F114/><W80/><G131/><T116/><D43/><U65/><E65/><V135/><F123/><W79/><G31/><T23/><D57/><U42/><E42/><V10/><F126/><N who="3" m="48139" /><G22/><T8/><D23/><U115/><E121/><V28/><F135/><N who="0" m="51722" /><D77/><U103/><E111/><V108/><F108/><W59/><G61/><T110/><D110/><U24/><E85/><V86/><F28/><W58/><G58/><T124/><D124/><U11/><E2/><V75/><F86/><N who="3" m="48415" /><G83/><N who="0" m="49279" /><D98/><AGARI ba="0,0" hai="13,14,59,63,67,91,95,98" m="48415,48139" machi="98" ten="30,2000,0" yaku="18,1,52,1" doraHai="92" who="3" fromWho="0" sc="250,-20,250,0,250,0,250,20" /><INIT seed="1,0,0,0,4,67" ten="230,250,250,270" oya="1" hai0="118,134,126,108,34,131,66,0,41,72,20,59,10" hai1="24,63,103,109,35,73,82,117,79,98,3,135,18" hai2="124,83,92,43,53,29,65,85,28,22,90,12,86" hai3="93,26,113,8,25,32,130,128,89,107,36,14,87"/><U9/><E117/><V71/><F124/><W74/><G107/><T76/><D118/><U2/><E135/><V114/><F114/><W129/><G74/><T120/><D134/><U122/><E122/><V112/><F112/><W96/><G36/><T37/><D34/><U58/><E109/><V17/><F43/><W119/><G119/><T45/><D126/><U54/><E35/><V84/><F84/><W99/><G113/><T62/><D120/><U61/><E61/><V40/><F40/><W46/><G46/><T7/><D20/><U110/><E110/><V55/><F71/><W50/><G50/><T33/><D33/><U38/><E38/><V127/><F65/><W42/><G42/><T30/><D30/><N who="2" m="11882" /><F127/><W106/><G32/><T69/><D131/><U100/><E100/><V6/><F6/><W27/><REACH who="3" step="1"/><G106/><REACH who="3" ten="230,250,250,260" step="2"/><T19/><D108/><U52/><E73/><V91/><AGARI ba="0,1" hai="12,17,22,53,55,83,85,86,90,91,92" m="11882" machi="91" ten="30,1100,0" yaku="8,1" doraHai="67" who="2" fromWho="2" sc="230,-3,250,-5,250,21,260,-3" /><INIT seed="2,0,0,4,5,104" ten="227,245,271,257" oya="2" hai0="75,61,133,73,23,11,131,47,71,100,81,17,70" hai1="57,98,10,55,134,16,125,52,25,76,122,135,27" hai2="115,117,124,29,41,101,132,128,53,13,68,54,15" hai3="116,46,102,113,45,49,4,106,1,129,65,96,94"/><V2/><F115/><W84/><G113/><T92/><D133/><N who="1" m="50699" /><E125/><V32/><F132/><W119/><G129/><T30/><D131/><U105/><E122/><V79/><F68/><W58/><G1/><T51/><D30/><U89/><E76/><V3/><F41/><W37/><G4/><T6/><D81/><U110/><E110/><V38/><F38/><W103/><G37/><T66/><D71/><U63/><E55/><V108/><F101/><W62/><G45/><T48/><D92/><N who="1" m="56591" /><E105/><V111/><F128/><W127/><G127/><T39/><D100/><U97/><E97/><V64/><F64/><W85/><G103/><T44/><D39/><U130/><E130/><V67/><F67/><W72/><G72/><T56/><D70/><U95/><E95/><V24/><F79/><W18/><G106/><T8/><D47/><U26/><E10/><V86/><F86/><W74/><G74/><T34/><D11/><U114/><E114/><V36/><F36/><W120/><G120/><T60/><D60/><U42/><E42/><V35/><F124/><W43/><REACH who="3" step="1"/><G18/><AGARI ba="0,0" hai="16,18,25,26,27,52,57,63" m="56591,50699" machi="18" ten="30,3900,0" yaku="20,1,54,2" doraHai="104" who="1" fromWho="3" sc="227,0,245,39,271,0,257,-39" /><INIT seed="3,0,0,5,2,14" ten="227,284,271,218" oya="3" hai0="120,127,102,60,128,31,11,107,54,91,24,28,56" hai1="37,0,2,36,126,59,97,49,135,110,10,15,6" hai2="87,122,12,72,121,130,81,76,71,115,67,82,98" hai3="29,95,41,132,69,112,66,75,53,46,1,109,119"/><W129/><G29/><T19/><D120/><N who="2" m="46186" /><F71/><W61/><G75/><T101/><D128/><U103/><E110/><V99/><F67/><W21/><G1/><T17/><D127/><U73/><E73/><V40/><F40/><W78/><G78/><T13/><D91/><U4/><E135/><V30/><F30/><W94/><G112/><T64/><D107/><U32/><E32/><V27/><F27/><W70/><G119/><T58/><D31/><U84/><E84/><V79/><F12/><W108/><G69/><T52/><D64/><U20/><E126/><V57/><F57/><W25/><G53/><T90/><D90/><U86/><E86/><V39/><F39/><W113/><G113/><T5/><D101/><U33/><E33/><V80/><F115/><W47/><G129/><T38/><D102/><U63/><E49/><V89/><F130/><W62/><G62/><T123/><D38/><U7/><E20/><V18/><F18/><N who="3" m="12471" /><G132/><T51/><D123/><U111/><E37/><V96/><F72/><W26/><G26/><T131/><D131/><U116/><E36/><V114/><F114/><W93/><G41/><T85/><REACH who="0" step="1"/><D85/><REACH who="0" ten="217,284,271,218" step="2"/><U34/><E0/><V88/><F89/><W92/><N who="3" m="23552" /><DORA hai="68" /><W3/><G3/><T133/><D133/><U117/><E2/><V8/><F76/><W45/><G109/><T22/><AGARI ba="0,1" hai="5,11,13,17,19,22,24,28,51,52,54,56,58,60" machi="22" ten="20,16000,3" yaku="1,1,0,1,7,1,8,1,52,2,54,1,53,3" doraHai="14,68" doraHaiUra="55,9" who="0" fromWho="0" sc="217,170,284,-40,271,-40,218,-80" /><INIT seed="4,0,0,2,2,10" ten="387,244,231,138" oya="0" hai0="59,70,52,78,128,69,98,112,71,30,131,94,58" hai1="80,21,95,117,48,107,32,17,28,63,65,121,36" hai2="126,23,57,110,74,13,45,3,37,56,40,75,35" hai3="61,93,88,135,81,73,39,90,83,86,9,115,66"/><T27/><D78/><U20/><E36/><V127/><F35/><W49/><G39/><T105/><D105/><U54/><E107/><V22/><F3/><W76/><G135/><T68/><D68/><U2/><E2/><V97/><F110/><W29/><G115/><T113/><D94/><U44/><E121/><V33/><F33/><W106/><G106/><T31/><D98/><U46/><E117/><V104/><F97/><W5/><G49/><N who="0" m="30991" /><D31/><U72/><E32/><V129/><F23/><W53/><G53/><T111/><D111/><U4/><E4/><V92/><F92/><W85/><G29/><T132/><D132/><U91/><E28/><V99/><F99/><W41/><G41/><T51/><D51/><U120/><E120/><V118/><F118/><W101/><G101/><T102/><D102/><U125/><E125/><V84/><F84/><W8/><REACH who="3" step="1"/><G5/><REACH who="3" ten="387,244,231,128" step="2"/><T0/><D30/><U114/><E114/><V25/><F104/><W34/><G34/><T89/><D112/><U123/><E123/><V62/><F127/><W12/><G12/><T42/><D113/><U87/><E48/><V96/><F13/><W133/><G133/><T50/><D42/><U60/><E54/><V47/><F126/><W100/><G100/><T82/><D50/><U55/><E55/><V130/><F40/><W122/><G122/><T15/><D15/><U1/><E1/><V103/><F103/><W119/><G119/><T16/><D0/><U108/><E108/><V64/><F37/><W7/><G7/><T38/><D38/><U77/><E46/><V14/><F47/><RYUUKYOKU ba="0,1" sc="387,-10,244,-10,231,-10,128,30" hai3="8,9,61,66,73,76,81,83,85,86,88,90,93" /><INIT seed="5,1,1,2,1,36" ten="377,234,221,158" oya="1" hai0="82,15,98,85,0,16,39,28,133,111,110,47,127" hai1="3,59,121,100,19,101,50,73,115,102,88,2,9" hai2="107,93,96,118,61,63,78,79,41,6,104,126,119" hai3="52,29,103,109,51,134,13,20,49,45,8,26,25"/><U83/><E121/><V132/><F6/><W114/><G114/><T35/><D0/><U67/><E115/><V87/><F126/><W65/><G109/><T38/><D127/><U122/><E122/><V68/><F68/><W10/><G134/><T11/><D133/><U44/><E73/><V92/><F132/><W105/><G65/><T40/><D38/><U95/><E83/><V89/><F63/><W14/><G26/><T94/><D28/><U69/><E69/><V31/><F61/><W106/><G103/><T23/><D23/><U64/><E59/><V128/><F41/><W81/><G81/><T22/><D22/><U58/><E58/><V60/><F60/><W75/><G75/><T21/><D21/><U46/><E2/><V77/><F31/><W24/><G24/><T53/><D53/><N who="1" m="29895" /><E3/><V74/><F74/><W76/><G76/><T34/><D34/><U56/><E56/><V32/><F32/><W12/><REACH who="3" step="1"/><G49/><REACH who="3" ten="377,234,221,148" step="2"/><T131/><D110/><U18/><E67/><V113/><F113/><W33/><G33/><T130/><D35/><U99/><E64/><V112/><F112/><W135/><G135/><T7/><D111/><U120/><E120/><V37/><F37/><W129/><G129/><T90/><D131/><U80/><E80/><V123/><F128/><W30/><G30/><T117/><D130/><U5/><E101/><N who="2" m="60559" /><F123/><W57/><G57/><T43/><D39/><U97/><E102/><V91/><F89/><W66/><G66/><T72/><D90/><U125/><E125/><V17/><F77/><W108/><G108/><T1/><D72/><RYUUKYOKU ba="1,2" sc="377,-10,234,-10,221,-10,148,30" hai3="8,10,12,13,14,20,25,29,45,51,52,105,106" /><INIT seed="6,2,2,3,0,36" ten="367,224,211,178" oya="2" hai0="103,109,42,75,65,116,32,93,8,85,61,88,69" hai1="82,63,121,87,110,59,46,4,101,52,18,113,111" hai2="80,0,12,98,95,14,11,45,100,33,44,97,29" hai3="28,76,99,40,70,24,68,128,125,115,54,6,112"/><V77/><F0/><W3/><G54/><T47/><D32/><U20/><E4/><V94/><F33/><N who="3" m="20615" /><G76/><T84/><D75/><U79/><E113/><N who="3" m="43594" /><G128/><T34/><D34/><U2/><E2/><V41/><F29/><W74/><G74/><T64/><D109/><U119/><E119/><V31/><F31/><W73/><G73/><T114/><D114/><U55/><E121/><V37/><F45/><W26/><G26/><T91/><D65/><U122/><E101/><V117/><F117/><W102/><G125/><T96/><D116/><U135/><E135/><V9/><F80/><W25/><G25/><T19/><D85/><U126/><E126/><V108/><F77/><W86/><G86/><T39/><D84/><U43/><E122/><V133/><F133/><W15/><G3/><T83/><D83/><U53/><E110/><V107/><F108/><W5/><G40/><T56/><D69/><N who="3" m="26729" /><G15/><T71/><D71/><U90/><E79/><V105/><F14/><W22/><G22/><T17/><D91/><U89/><E90/><V51/><F11/><W16/><G16/><T50/><D8/><U78/><E78/><V49/><F107/><AGARI ba="2,2" hai="5,6,99,102,107" m="26729,43594,20615" machi="107" ten="30,2000,0" yaku="15,1,11,1" doraHai="36" who="3" fromWho="2" sc="367,0,224,0,211,-26,178,46" /><INIT seed="7,0,0,2,0,106" ten="367,224,185,224" oya="3" hai0="89,19,129,107,36,75,95,104,101,33,94,70,92" hai1="52,98,97,32,10,125,120,43,130,7,55,123,61" hai2="93,64,6,59,122,3,27,42,135,22,86,72,85" hai3="133,50,58,84,53,44,30,108,67,99,116,126,26"/><W63/><G116/><T82/><D70/><U128/><E125/><V102/><F135/><W37/><G133/><T88/><D36/><U87/><E32/><V47/><F122/><W114/><G114/><T0/><D33/><U110/><E110/><V16/><F72/><W91/><G126/><T56/><D0/><U54/><E43/><V112/><F112/><W12/><G108/><T8/><D56/><U79/><E61/><V105/><F105/><W29/><G99/><N who="1" m="37898" /><E87/><V78/><F102/><W5/><G37/><T57/><D57/><U71/><E71/><V111/><F111/><W51/><G26/><T2/><D8/><U115/><E79/><V9/><F93/><W17/><G5/><T14/><D14/><N who="1" m="5471" /><E115/><V13/><F3/><W77/><G77/><T131/><D19/><U34/><E34/><V83/><F86/><W76/><G51/><T60/><D60/><U124/><E124/><V40/><REACH who="2" step="1"/><F47/><REACH who="2" ten="367,224,175,224" step="2"/><W90/><G76/><N who="0" m="44319" /><D2/><U46/><E46/><V21/><F21/><N who="3" m="11431" /><G91/><N who="0" m="34891" /><D101/><U100/><E100/><V80/><F80/><AGARI ba="0,1" hai="29,30,44,50,53,58,63,67,80,84,90" m="11431" machi="80" ten="30,1500,0" yaku="8,1" doraHai="106" who="3" fromWho="2" sc="367,0,224,0,175,-15,224,25" /><INIT seed="7,1,0,3,3,36" ten="367,224,160,249" oya="3" hai0="5,90,73,120,53,72,3,69,49,115,95,43,42" hai1="41,82,4,26,17,58,106,67,45,39,37,29,2" hai2="38,65,27,135,31,133,64,40,83,79,107,110,74" hai3="48,10,30,121,75,84,50,51,70,111,68,61,105"/><W93/><G75/><T98/><D69/><U87/><E106/><V15/><F110/><W123/><G105/><T129/><D120/><U119/><E119/><V103/><F15/><W44/><G30/><T126/><D129/><U35/><E17/><V71/><F71/><W12/><G111/><T34/><D34/><U80/><E80/><V81/><F81/><W104/><G104/><T112/><D126/><U91/><E4/><V100/><F65/><W57/><G121/><T124/><D124/><U47/><E2/><V86/><F64/><W114/><G114/><N who="0" m="43563" /><D5/><U60/><E47/><V62/><F62/><W8/><G8/><T77/><D3/><U125/><E125/><V16/><F86/><W59/><G59/><N who="0" m="33199" /><D77/><U52/><E67/><V108/><F108/><W131/><G70/><T28/><D28/><U117/><E117/><V128/><F128/><W7/><G68/><T66/><D66/><U122/><E122/><V118/><F118/><W1/><G1/><T85/><D85/><U56/><E58/><V11/><F31/><W127/><G131/><T99/><D99/><U97/><E97/><V24/><F107/><W89/><G123/><T94/><D94/><U20/><E35/><V13/><F103/><W101/><G101/><T18/><D18/><U19/><E19/><V102/><F102/><W25/><G127/><T113/><D113/><U78/><E78/><V109/><F100/><W46/><G25/><N who="2" m="9801" /><F109/><W6/><G7/><T33/><D33/><U63/><E60/><V54/><F54/><AGARI ba="1,0" hai="6,10,12,44,46,48,50,51,54,57,61,84,89,93" machi="54" ten="40,2000,0" yaku="8,1" doraHai="36" who="3" fromWho="2" sc="367,0,224,0,160,-23,249,23" /><INIT seed="7,2,0,2,1,46" ten="367,224,137,272" oya="3" hai0="18,94,51,80,83,79,105,121,98,36,84,117,22" hai1="122,116,106,67,91,87,23,41,115,15,47,63,131" hai2="118,126,48,77,58,43,100,9,76,135,3,99,26" hai3="20,92,61,54,96,2,120,134,123,78,5,72,69"/><W59/><G134/><T1/><D36/><U82/><E106/><V49/><F118/><W97/><G97/><T130/><D121/><U64/><E131/><V24/><F135/><W52/><G69/><T103/><D1/><U128/><E115/><V133/><F133/><W33/><G33/><T25/><D130/><U127/><E128/><V29/><F126/><W21/><G72/><T35/><D35/><U90/><E127/><V119/><F119/><W109/><G78/><T44/><D117/><U27/><E15/><V101/><F3/><W56/><G109/><T28/><D105/><U55/><E122/><V89/><F9/><W108/><G108/><T19/><D83/><U74/><E74/><V34/><F89/><W14/><G2/><T88/><D103/><U50/><E91/><V4/><F4/><W112/><G112/><T10/><D10/><U13/><E13/><V60/><F100/><W104/><G104/><T110/><D110/><U0/><E0/><V6/><F6/><W65/><G65/><T57/><D57/><N who="1" m="35263" /><E116/><V12/><F12/><W75/><G75/><T71/><D71/><U66/><E66/><V125/><F24/><W132/><G132/><T114/><D114/><U93/><E82/><V107/><F125/><W129/><G129/><T17/><D28/><AGARI ba="2,0" hai="23,27,28,41,47,50,64,67,87,90,93" m="35263" machi="28" ten="30,2000,0" yaku="8,1,52,1" doraHai="46" who="1" fromWho="0" sc="367,-26,224,26,137,0,272,0" owari="341,44.0,250,-15.0,137,-36.0,272,7.0" /></mjloggm>