<mjloggm ver="2.3"><GO type="169" lobby="0"/><UN n0="%E3%81%95%E3%82%84%E3%81%95%E3%82%84" n1="%74%79%61%73%6F" n2="%E3%82%84%E3%83%BC%E3%82%84" n3="%E3%83%9E%E3%83%BC%E3%83%9C%E3%82%A6" dan="16,17,16,16" rate="2111.11,2167.11,2050.56,2203.69" sx="M,M,M,M"/><TAIKYOKU oya="0"/><INIT seed="0,0,0,3,5,102" ten="250,250,250,250" oya="0" hai0="120,12,118,0,63,46,85,32,58,75,7,22,114" hai1="40,88,89,20,94,65,105,116,92,77,104,43,34" hai2="27,44,36,97,62,125,68,121,56,115,35,122,100" hai3="117,132,28,127,124,5,50,8,78,133,80,134,11"/><T113/><D118/><U25/><E34/><V95/><F115/><W81/><G117/><T16/><D75/><U96/><E116/><V110/><F110/><W107/><G28/><T4/><D120/><U64/><E77/><V26/><F125/><N who="3" m="48203" /><G50/><T129/><D129/><U6/><E6/><V13/><F26/><W70/><G70/><T15/><D46/><U103/><E103/><V61/><F61/><W60/><G60/><T123/><D123/><U86/><E40/><V10/><F68/><W98/><G80/><T83/><D32/><U3/><E3/><V41/><F27/><W131/><G5/><T54/><D0/><U99/><E43/><V66/><REACH who="2" step="1"/><F35/><REACH who="2" ten="250,250,240,250" step="2"/><W49/><G131/><T135/><D114/><U101/><REACH who="1" step="1"/><E105/><REACH who="1" ten="250,240,240,250" step="2"/><V48/><F48/><W9/><G49/><T18/><D113/><U93/><E93/><V74/><F74/><N who="3" m="43223" /><G134/><T106/><D106/><U108/><E108/><V76/><F76/><W67/><G107/><T71/><D135/><U17/><AGARI ba="0,2" hai="17,20,25,64,65,86,88,89,92,94,96,99,101,104" machi="17" ten="20,8000,1" yaku="1,1,0,1,7,1,52,1,54,1,53,0" doraHai="102" doraHaiUra="128" who="1" fromWho="1" sc="250,-40,240,100,240,-20,250,-20" /><INIT seed="1,0,0,5,4,60" ten="210,340,220,230" oya="1" hai0="73,133,127,86,5,97,25,126,109,23,98,65,27" hai1="76,108,135,103,10,106,20,57,37,34,107,75,72" hai2="104,9,61,48,100,43,49,36,40,8,80,68,31" hai3="110,46,21,119,13,35,64,19,130,50,105,30,129"/><U53/><E34/><V93/><F104/><W41/><G105/><T115/><D115/><U85/><E37/><V99/><F36/><W26/><G110/><T6/><D73/><U17/><E135/><V125/><F125/><N who="0" m="47626" /><D133/><U95/><E10/><V81/><F49/><W69/><REACH who="3" step="1"/><G119/><REACH who="3" ten="210,340,220,220" step="2"/><T63/><D109/><U112/><E107/><V2/><F2/><W71/><G71/><T42/><D5/><U38/><E106/><V15/><F68/><W82/><G82/><T131/><D6/><U113/><E108/><V44/><F81/><W78/><G78/><T90/><D131/><U0/><E0/><V67/><F80/><W66/><G66/><T84/><D65/><U59/><E76/><V18/><F67/><W28/><G28/><T79/><D79/><U4/><E4/><V116/><F31/><W83/><G83/><T3/><D3/><U94/><E72/><V47/><F116/><W123/><G123/><T1/><D1/><U111/><E75/><V14/><F18/><W128/><G128/><T62/><D90/><U117/><E111/><V101/><F101/><W91/><G91/><T122/><D122/><U12/><E117/><V51/><F61/><AGARI ba="0,1" hai="13,19,21,26,30,35,41,46,50,61,64,69,129,130" machi="61" ten="40,5200,0" yaku="1,1,52,1,53,1" doraHai="60" doraHaiUra="22" who="3" fromWho="2" sc="210,0,340,0,220,-52,220,62" /><INIT seed="2,0,0,1,0,10" ten="210,340,168,282" oya="2" hai0="82,78,51,121,38,66,39,123,62,119,79,84,16" hai1="109,52,107,122,103,113,81,11,9,32,23,57,98" hai2="135,80,110,1,124,90,24,7,0,99,20,86,67" hai3="100,22,49,117,25,4,118,131,27,5,69,29,134"/><V116/><F116/><W44/><G69/><T96/><D119/><U74/><E113/><V33/><F33/><W40/><G131/><T3/><D3/><U115/><E115/><V19/><F135/><W41/><G134/><T72/><D51/><U129/><E32/><V75/><F124/><W58/><G100/><T102/><D78/><U36/><E109/><V94/><F110/><W56/><G41/><T50/><D50/><U68/><E36/><V43/><F75/><W125/><G125/><T89/><D121/><U2/><E68/><V61/><F43/><W6/><G118/><T48/><D48/><U54/><E2/><V70/><REACH who="2" step="1"/><F7/><REACH who="2" ten="210,340,158,282" step="2"/><W55/><G117/><T120/><D120/><U106/><E74/><V46/><F46/><W127/><G127/><T101/><D72/><U77/><E122/><V21/><F21/><N who="3" m="15535" /><G40/><T8/><D123/><U76/><E23/><V114/><F114/><W59/><G44/><T28/><D8/><U26/><E9/><V95/><F95/><W92/><G92/><T47/><D47/><U83/><E11/><V97/><F97/><W108/><G108/><T14/><D96/><U17/><E98/><V71/><F71/><W53/><G49/><T42/><D42/><U87/><E107/><V31/><F31/><AGARI ba="0,1" hai="4,5,6,22,27,31,53,55,56,58,59" m="15535" machi="31" ten="30,1000,0" yaku="8,1" doraHai="10" who="3" fromWho="2" sc="210,0,340,0,158,-10,282,20" /><INIT seed="3,0,0,0,5,35" ten="210,340,148,302" oya="3" hai0="15,75,38,64,113,69,128,80,36,91,108,111,26" hai1="116,118,70,25,56,39,114,63,87,92,0,17,79" hai2="102,127,16,29,73,106,18,32,100,68,84,58,124" hai3="96,3,76,43,34,14,97,4,98,27,66,126,130"/><W99/><G126/><N who="2" m="48169" /><F68/><W101/><G130/><T47/><D128/><U125/><E114/><V13/><F73/><W44/><G76/><N who="0" m="44063" /><D113/><U121/><E39/><V61/><F84/><W90/><G66/><T53/><D26/><U86/><E125/><V62/><F62/><W9/><G90/><T110/><D15/><U5/><E70/><V49/><F49/><W83/><G83/><T33/><D33/><U115/><E115/><V72/><F72/><W6/><G6/><T112/><D112/><U123/><E79/><V71/><F71/><W67/><G67/><T19/><D19/><N who="2" m="7210" /><F13/><W57/><G57/><T107/><D107/><U95/><E56/><V28/><F32/><W131/><G131/><T40/><D36/><U54/><E63/><V46/><F46/><W52/><G34/><T78/><D78/><U42/><E87/><V10/><F10/><W129/><G129/><T103/><D69/><U81/><E86/><V89/><F89/><W85/><G85/><T105/><D91/><U94/><E81/><V120/><F120/><W104/><G14/><T7/><D7/><U37/><E5/><V20/><F20/><W119/><G104/><T60/><D53/><U48/><E54/><N who="2" m="34007" /><F106/><W132/><G9/><T11/><D11/><U93/><E123/><V133/><F133/><W55/><G132/><T65/><D60/><U134/><E134/><V31/><AGARI ba="0,0" hai="28,29,31,100,102" m="34007,7210,48169" machi="31" ten="40,2700,0" yaku="18,1,54,1" doraHai="35" who="2" fromWho="2" sc="210,-7,340,-7,148,27,302,-13" /><INIT seed="4,0,0,4,5,27" ten="203,333,175,289" oya="0" hai0="32,105,70,37,101,85,80,44,2,19,92,38,89" hai1="123,132,11,68,60,17,22,13,1,47,91,97,34" hai2="108,24,127,30,51,58,135,18,107,56,53,5,59" hai3="88,116,96,95,78,0,15,103,8,99,77,20,16"/><T73/><D2/><U86/><E123/><V106/><F108/><W35/><G35/><T25/><D70/><U40/><E132/><V48/><F135/><W122/><G116/><T72/><D38/><U81/><E34/><V104/><F127/><W114/><G114/><T125/><D125/><U67/><E97/><V129/><F129/><W62/><G62/><T33/><D73/><U74/><E74/><V133/><F133/><W41/><G41/><T76/><D37/><U21/><E1/><V98/><F5/><W69/><G69/><T110/><D110/><U23/><E11/><V26/><F18/><W6/><REACH who="3" step="1"/><G122/><REACH who="3" ten="203,333,175,279" step="2"/><T43/><D33/><U102/><E102/><V128/><F128/><W39/><G39/><AGARI ba="0,1" hai="13,17,21,22,23,39,40,47,60,67,68,81,86,91" machi="39" ten="30,1000,0" yaku="7,1" doraHai="27" who="1" fromWho="3" sc="203,0,333,20,175,0,279,-10" /><INIT seed="5,0,0,4,0,68" ten="203,353,175,269" oya="1" hai0="35,37,5,19,75,12,48,113,21,77,38,112,127" hai1="102,22,93,122,76,94,50,83,1,41,17,16,33" hai2="11,100,79,105,92,42,32,107,74,62,129,121,46" hai3="108,14,85,53,61,67,135,81,99,45,117,120,13"/><U40/><E122/><V97/><F121/><W84/><G120/><T88/><D35/><U114/><E33/><V98/><F32/><W4/><G108/><T73/><D5/><U119/><E119/><V9/><F129/><W20/><G117/><T96/><D127/><U25/><E1/><V91/><F107/><W66/><G135/><T101/><D48/><U29/><E114/><N who="0" m="44137" /><D77/><U30/><E17/><V58/><F79/><W18/><G99/><T8/><D8/><U86/><E50/><V26/><F26/><W39/><G85/><T3/><D3/><U0/><E0/><V49/><REACH who="2" step="1"/><F74/><REACH who="2" ten="203,353,165,269" step="2"/><N who="0" m="28170" /><D88/><U89/><E76/><V36/><F36/><W123/><G39/><T2/><D2/><U109/><E109/><V118/><F118/><W133/><G123/><T87/><D87/><U7/><E86/><V10/><F10/><W124/><G84/><T64/><D64/><AGARI ba="0,1" hai="9,11,42,46,49,58,62,64,91,92,97,98,100,105" machi="64" ten="30,7700,0" yaku="1,1,7,1,53,2" doraHai="68" doraHaiUra="6" who="2" fromWho="0" sc="203,-77,353,0,165,87,269,0" /><INIT seed="6,0,0,5,2,76" ten="126,353,252,269" oya="2" hai0="26,79,10,9,7,24,19,15,131,12,60,42,28" hai1="50,51,94,112,34,54,89,11,35,78,105,75,48" hai2="81,87,44,17,14,22,116,126,25,102,114,43,80" hai3="55,2,130,23,127,58,93,99,65,72,97,108,96"/><V45/><F114/><W120/><G120/><T95/><D42/><U88/><E112/><V86/><F126/><W18/><G108/><T71/><D79/><U67/><E105/><V129/><F129/><W101/><G130/><T0/><D71/><U1/><E67/><V41/><F116/><W84/><G72/><T59/><D95/><U109/><E109/><V66/><F66/><W106/><G2/><T57/><D131/><U123/><E123/><V128/><F128/><W21/><G65/><T107/><D107/><U32/><E54/><V46/><F102/><W6/><G6/><N who="0" m="1223" /><D59/><U69/><E69/><V3/><F3/><W90/><G127/><T33/><D57/><U125/><E125/><V135/><F135/><W104/><G21/><N who="0" m="13375" /><D60/><U8/><E1/><AGARI ba="0,0" hai="1,7,10,12,15,26,28,33" m="13375,1223" machi="1" ten="30,8000,1" yaku="35,5" doraHai="76" who="0" fromWho="1" sc="126,80,353,-80,252,0,269,0" /><INIT seed="7,0,0,0,5,34" ten="206,273,252,269" oya="3" hai0="129,89,69,111,45,24,4,92,71,108,26,84,13" hai1="49,122,41,79,57,91,43,38,52,86,50,124,63" hai2="126,67,61,110,20,133,7,16,39,35,21,100,90" hai3="78,130,105,112,73,96,127,37,36,17,1,113,107"/><W31/><G127/><T32/><D129/><U97/><E122/><V27/><F110/><W115/><G130/><T94/><D45/><U14/><E124/><V72/><F126/><W54/><G31/><T28/><D26/><U53/><E38/><N who="3" m="14954" /><G54/><T29/><D28/><U103/><E79/><V118/><F118/><W119/><G17/><T59/><D59/><U121/><E121/><V114/><F39/><W40/><G40/><T55/><D55/><U134/><E14/><V95/><F35/><W98/><G119/><T42/><D42/><U135/><E63/><V131/><F72/><W19/><G19/><T106/><D106/><N who="3" m="40457" /><G96/><T104/><D104/><U2/><E41/><V85/><F131/><W80/><G98/><T65/><D94/><U109/><E43/><V51/><F100/><W25/><G25/><T10/><REACH who="0" step="1"/><D65/><REACH who="0" ten="196,273,252,269" step="2"/><U64/><E64/><V48/><F95/><W81/><G81/><T22/><D22/><U125/><E125/><V6/><F21/><W99/><G99/><T88/><D88/><U74/><E91/><V23/><F90/><W93/><G93/><T5/><D5/><U9/><E97/><V11/><F23/><W128/><G128/><T101/><D101/><U120/><E103/><V12/><F7/><W68/><G68/><AGARI ba="0,1" hai="4,10,13,24,29,32,68,69,71,84,89,92,108,111" machi="68" ten="40,1300,0" yaku="1,1,53,0" doraHai="34" doraHaiUra="15" who="0" fromWho="3" sc="196,23,273,0,252,0,269,-13" /><INIT seed="8,0,0,0,0,38" ten="219,273,252,256" oya="0" hai0="17,95,76,125,66,111,103,15,77,110,41,129,117" hai1="7,128,97,116,118,40,24,121,35,49,123,124,53" hai2="18,135,2,86,46,119,50,70,55,87,67,102,54" hai3="100,109,81,9,85,63,56,83,5,68,52,105,88"/><T122/><D122/><U30/><E128/><V108/><F108/><N who="0" m="41514" /><D117/><N who="1" m="45163" /><E124/><V11/><F135/><W58/><G68/><T47/><D125/><U72/><E72/><V34/><F119/><W33/><G33/><T29/><D29/><U12/><E97/><V120/><F120/><W74/><G109/><T42/><D129/><U106/><E106/><V132/><F132/><W61/><G74/><T59/><D47/><N who="1" m="25831" /><E53/><V114/><F34/><W98/><G83/><T57/><D103/><U23/><E7/><V22/><F114/><W94/><G105/><T78/><D95/><U62/><E62/><V36/><F36/><W104/><G104/><T64/><D59/><U73/><E73/><V37/><F37/><W3/><REACH who="3" step="1"/><G56/><REACH who="3" ten="219,273,252,246" step="2"/><T89/><D57/><U96/><E35/><V26/><F70/><W93/><G93/><T107/><D107/><U60/><E123/><V48/><F102/><W101/><G101/><T13/><D89/><U71/><E121/><V99/><F67/><N who="0" m="25642" /><D15/><U126/><E12/><V69/><F69/><W4/><G4/><T27/><D27/><U28/><E126/><V19/><F26/><W31/><G31/><T75/><D75/><U21/><E30/><V130/><F130/><W112/><G112/><T51/><D51/><AGARI ba="0,1" hai="3,5,9,51,52,58,61,63,81,85,88,94,98,100" machi="51" ten="30,7700,0" yaku="1,1,7,1,54,2,53,0" doraHai="38" doraHaiUra="113" who="3" fromWho="0" sc="219,-77,273,0,252,0,246,87" owari="142,-36.0,273,7.0,252,-15.0,333,44.0" /></mjloggm>