<mjloggm ver="2.3"><GO type="185" lobby="0"/><UN n0="%4C%61%69%74%79" n1="%E9%BE%8D%E5%B9%B3" n2="%6B%6F%7A" n3="" dan="17,16,16,0" rate="2200.83,2235.43,2126.18,1500.00" sx="F,M,M,C"/><TAIKYOKU oya="0"/><INIT seed="0,0,0,1,5,74" ten="350,350,350,0" oya="0" hai0="109,53,72,69,103,117,100,44,37,66,110,80,98" hai1="75,91,59,125,99,124,1,35,133,46,50,93,57" hai2="97,65,84,61,33,107,38,51,92,126,85,112,55" hai3=""/><T71/><D117/><U58/><E35/><V120/><N who="2" m="30752" /><V130/><F112/><T114/><D114/><U102/><E1/><V47/><F130/><T94/><D103/><U96/><E75/><V60/><F126/><T82/><D53/><U48/><E133/><V106/><F38/><T36/><D66/><U123/><N who="1" m="31520" /><U119/><E119/><V87/><F61/><T115/><D115/><U121/><N who="1" m="31008" /><U116/><E116/><V95/><F95/><T32/><D32/><U135/><E135/><V42/><F55/><T113/><D113/><U45/><E50/><V128/><F128/><T62/><D62/><U131/><E131/><V41/><F41/><T104/><D94/><U88/><E91/><V52/><F42/><T77/><D82/><U129/><E129/><V78/><F78/><T79/><D79/><U3/><E3/><V105/><F33/><T49/><D49/><U64/><E64/><V127/><F127/><N who="1" m="48713" /><E48/><V81/><F65/><T0/><D0/><U54/><E54/><V111/><F52/><T132/><D132/><U134/><E134/><V2/><F51/><T90/><D90/><U73/><E73/><V68/><F2/><T122/><N who="0" m="31264" /><T76/><D72/><U89/><E89/><RYUUKYOKU ba="0,0" sc="350,-10,350,20,350,-10,0,0" hai1="45,46,57,58,59,88,93,96,99,102" /><INIT seed="1,1,0,2,4,61" ten="340,370,340,0" oya="1" hai0="122,50,59,125,43,41,100,65,123,112,55,57,109" hai1="87,53,0,124,97,83,75,108,69,120,110,45,126" hai2="129,44,77,36,64,42,135,93,51,3,46,34,1" hai3=""/><U119/><N who="1" m="30752" /><U52/><E0/><V132/><F34/><T111/><N who="0" m="31264" /><T81/><N who="0" m="31520" /><T102/><D112/><U104/><E69/><V85/><F129/><T116/><D125/><N who="1" m="48235" /><E75/><V106/><F106/><T60/><D81/><U2/><E2/><V47/><F47/><T35/><D35/><U131/><E131/><V92/><F51/><T114/><D114/><U118/><E104/><V91/><F42/><N who="0" m="15882" /><D116/><N who="1" m="44587" /><E97/><V73/><F73/><T56/><D56/><U133/><E133/><V86/><F132/><T71/><D59/><U63/><E63/><V48/><F135/><T40/><N who="0" m="15890" /><T79/><DORA hai="134" /><D79/><U72/><E72/><V37/><F3/><T107/><D107/><U68/><E68/><V39/><F77/><T82/><D82/><U70/><E70/><V49/><F1/><T78/><D78/><U103/><E103/><V127/><F127/><T128/><D128/><U105/><E105/><V58/><F39/><T115/><D115/><U121/><N who="1" m="31008" /><U76/><E45/><V54/><F44/><T113/><D113/><U99/><E99/><V95/><F37/><T89/><D102/><U62/><E62/><V38/><F36/><T130/><D130/><U96/><E96/><V66/><F38/><RYUUKYOKU ba="1,0" sc="340,-10,370,20,340,-10,0,0" hai1="52,53,76,83,87,108,110" /><INIT seed="1,2,0,5,1,1" ten="330,390,330,0" oya="1" hai0="130,46,55,91,97,104,77,38,63,60,56,95,100" hai1="62,123,75,57,68,90,121,3,49,134,105,117,40" hai2="110,86,52,78,53,42,101,111,35,89,126,84,2" hai3=""/><U124/><N who="1" m="31008" /><U107/><N who="1" m="31520" /><U116/><E3/><V81/><F2/><T129/><D77/><U58/><E75/><V96/><F126/><T113/><D113/><U43/><E124/><V132/><F42/><T106/><D63/><U108/><E68/><V125/><F132/><T83/><D83/><U80/><E134/><V94/><F35/><T76/><D76/><U71/><E71/><V114/><F114/><T41/><REACH who="0" step="1"/><D106/><REACH who="0" ten="320,390,330,0" step="2"/><U85/><E107/><V127/><F127/><T131/><D131/><U112/><E105/><V122/><N who="2" m="31264" /><V73/><F125/><T51/><D51/><U118/><E112/><V88/><F110/><T82/><D82/><U102/><E108/><V74/><F111/><T0/><D0/><U44/><E62/><V103/><F78/><T120/><N who="0" m="30752" /><T72/><D72/><U59/><E102/><V33/><F101/><T69/><D69/><U64/><REACH who="1" step="1"/><E64/><REACH who="1" ten="320,380,330,0" step="2"/><V54/><REACH who="2" step="1"/><F33/><REACH who="2" ten="320,380,320,0" step="2"/><T109/><D109/><U115/><E115/><V133/><F133/><T66/><D66/><U79/><E79/><V50/><F50/><T67/><D67/><U128/><E128/><V48/><F48/><T98/><AGARI ba="2,3" hai="38,41,46,55,56,60,91,95,97,98,100,104,129,130" m="30752" machi="98" ten="30,3000,0" yaku="1,1,0,1,52,1,53,0" doraHai="1" doraHaiUra="34" who="0" fromWho="0" sc="320,64,380,-22,320,-12,0,0" /><INIT seed="2,0,0,0,2,83" ten="384,358,308,0" oya="2" hai0="44,125,72,46,79,84,61,119,107,70,90,68,62" hai1="56,97,51,65,91,53,45,124,114,115,75,50,118" hai2="42,82,128,48,101,116,34,108,3,113,121,52,58" hai3=""/><V73/><N who="2" m="31008" /><V98/><F113/><T112/><D119/><U92/><E75/><V111/><F116/><T122/><N who="0" m="31264" /><T93/><D112/><U85/><E118/><V32/><F3/><T135/><D107/><U86/><E124/><V110/><F42/><T102/><D102/><U123/><N who="1" m="31520" /><U132/><E132/><V67/><F67/><T130/><D135/><U1/><E1/><V133/><F128/><T47/><D125/><U39/><E39/><V99/><F133/><T89/><D130/><U0/><E0/><V66/><F66/><T43/><D43/><U63/><E114/><V36/><F36/><T87/><D79/><U49/><E115/><V100/><F100/><T59/><D72/><U129/><E129/><V127/><F127/><T109/><D109/><U106/><E106/><V105/><F99/><T71/><REACH who="0" step="1"/><D59/><REACH who="0" ten="374,358,308,0" step="2"/><U35/><E35/><V74/><F74/><T33/><D33/><U64/><E45/><V41/><F41/><T80/><AGARI ba="0,1" hai="44,46,47,61,62,68,70,71,80,84,87,89,90,93" m="31264" machi="80" ten="40,6000,1" yaku="1,1,0,1,52,3,53,0" doraHai="83" doraHaiUra="104" who="0" fromWho="0" sc="374,70,358,-20,308,-40,0,0" /><INIT seed="4,0,0,5,5,45" ten="444,338,268,0" oya="0" hai0="80,112,74,85,89,35,76,119,81,128,61,55,113" hai1="116,44,49,58,52,96,1,34,94,133,70,90,62" hai2="68,48,69,37,60,2,83,88,92,59,66,106,87" hai3=""/><T75/><D35/><U77/><E34/><V0/><F106/><T97/><D119/><U95/><E1/><V71/><F37/><T107/><D128/><U127/><E116/><V32/><F32/><T118/><D118/><U122/><N who="1" m="31264" /><U130/><E130/><V40/><REACH who="2" step="1"/><F83/><REACH who="2" ten="444,338,258,0" step="2"/><T117/><D117/><U135/><E127/><V41/><F41/><T108/><D108/><U105/><E105/><V114/><F114/><T50/><D112/><U101/><E77/><V131/><F131/><T102/><D113/><U65/><REACH who="1" step="1"/><E70/><REACH who="1" ten="444,328,258,0" step="2"/><V63/><F63/><T3/><D61/><U134/><E134/><V132/><F132/><T104/><D104/><U111/><E111/><V86/><F86/><AGARI ba="0,2" hai="44,49,52,58,62,65,86,90,94,95,96,101,133,135" m="31264" machi="86" ten="40,8000,1" yaku="1,1,52,2,54,1,53,0" doraHai="45" doraHaiUra="33" who="1" fromWho="2" sc="444,0,328,100,258,-80,0,0" /><INIT seed="5,0,0,3,3,58" ten="444,428,178,0" oya="1" hai0="105,77,62,107,122,87,63,56,42,97,118,110,37" hai1="52,89,60,115,90,94,84,80,81,65,86,88,103" hai2="131,67,73,117,55,43,72,129,48,69,98,35,71" hai3=""/><U104/><E115/><V119/><F35/><T49/><N who="0" m="31264" /><T96/><D110/><U68/><E104/><V127/><F98/><T53/><D118/><U59/><E103/><V76/><F127/><T108/><D108/><U79/><E94/><V133/><F133/><T109/><D109/><U99/><E99/><V78/><F43/><T100/><D37/><U51/><AGARI ba="0,0" hai="51,52,59,60,65,68,79,80,81,84,86,88,89,90" machi="51" ten="20,8000,1" yaku="0,1,7,1,52,1,54,2" doraHai="58" who="1" fromWho="1" sc="444,-40,428,80,178,-40,0,0" /><INIT seed="5,1,0,2,5,87" ten="404,508,138,0" oya="1" hai0="110,57,90,88,2,59,82,86,50,70,51,116,131" hai1="96,64,114,130,103,98,77,94,92,48,95,106,84" hai2="81,75,62,99,104,35,40,49,133,60,53,56,126" hai3=""/><U79/><E64/><V134/><F35/><T34/><D34/><U83/><E48/><V74/><F126/><T129/><D110/><U85/><E130/><N who="0" m="49673" /><D2/><U54/><E54/><V128/><F128/><T80/><D70/><U52/><E52/><V55/><F40/><T122/><N who="0" m="31264" /><T121/><N who="0" m="31008" /><T33/><D33/><U68/><E68/><V58/><F49/><N who="0" m="18442" /><D116/><U69/><E69/><V89/><F75/><T112/><D112/><U76/><E114/><V115/><F115/><T3/><D3/><U97/><E85/><AGARI ba="1,0" hai="57,59,80,82,85,86,88,90" m="18442,31008,31264,49673" machi="85" ten="30,12000,2" yaku="19,1,52,4,54,1" doraHai="87" who="0" fromWho="1" sc="404,122,508,-122,138,0,0,0" /><INIT seed="6,0,0,2,3,131" ten="526,386,138,0" oya="2" hai0="119,49,44,91,112,111,127,61,123,79,108,70,128" hai1="63,130,60,115,1,94,41,52,37,98,122,46,34" hai2="118,121,107,45,104,33,59,65,85,55,67,96,110" hai3=""/><V77/><N who="2" m="31008" /><V90/><F118/><T38/><D79/><U97/><N who="1" m="31264" /><U40/><E1/><V72/><F33/><T78/><D78/><U50/><E34/><V126/><F126/><T84/><D38/><U83/><E130/><V129/><F129/><T109/><N who="0" m="31520" /><T53/><D119/><U99/><E115/><V73/><F73/><T86/><D112/><U105/><E105/><V103/><F107/><T80/><D127/><U113/><E113/><V88/><F45/><T81/><D128/><U133/><E133/><V47/><F47/><T69/><D61/><U117/><E117/><V66/><F72/><T87/><D87/><U100/><E83/><V135/><F110/><T2/><D2/><U74/><E74/><V57/><F135/><T101/><D101/><U51/><E37/><V0/><F0/><T76/><AGARI ba="0,0" hai="44,49,53,69,70,76,80,81,84,86,91,108,109,111" m="31520" machi="76" ten="30,1500,0" yaku="0,1,52,1" doraHai="131" who="0" fromWho="0" sc="526,15,386,-5,138,-10,0,0" owari="541,49.0,381,-2.0,128,-47.0,0,0.0" /></mjloggm>