<mjloggm ver="2.3"><GO type="169" lobby="0"/><UN n0="%E4%BF%BA%E3%81%A7%E3%81%99" n1="%4C%C3%97%57%C3%97%4C" n2="%E4%BD%BF%E5%BE%92%E2%80%A0%E3%82%84%E3%82%93%E3%81%97%E3%81%97%E3%83%BC" n3="%E5%A0%B4%E6%B3%81%E5%8E%A8" dan="16,18,16,17" rate="2092.37,2240.68,2092.21,2216.36" sx="M,M,F,F"/><TAIKYOKU oya="0"/><INIT seed="0,0,0,0,2,89" ten="250,250,250,250" oya="0" hai0="66,72,29,80,71,90,39,119,92,32,117,63,59" hai1="13,55,53,111,123,18,27,133,0,135,69,16,52" hai2="20,3,106,127,7,84,30,26,54,22,115,100,8" hai3="102,45,15,104,4,5,48,103,67,1,11,108,47"/><T37/><D59/><U120/><E0/><V19/><F115/><W65/><G108/><T21/><D21/><N who="1" m="13735" /><E69/><V42/><F127/><W73/><G73/><T87/><D29/><U95/><E95/><V97/><F42/><W110/><G110/><T105/><D105/><U79/><E79/><V121/><F121/><W78/><G78/><T83/><D32/><U40/><E40/><V96/><F84/><W125/><G125/><T116/><REACH who="0" step="1"/><D72/><REACH who="0" ten="240,250,250,250" step="2"/><U41/><E111/><V93/><F22/><W118/><G104/><T23/><D23/><U24/><E123/><V35/><F35/><W56/><G56/><T85/><D85/><U128/><E120/><V44/><F30/><W101/><G45/><T60/><D60/><U99/><E99/><V112/><F112/><W131/><G47/><T113/><D113/><U31/><E31/><V57/><F44/><W88/><G11/><T114/><D114/><U10/><E10/><V64/><F64/><W68/><G67/><T62/><D62/><U75/><E75/><V129/><F106/><W132/><G65/><T124/><D124/><U25/><E25/><V49/><F97/><W109/><G109/><T12/><D12/><U126/><E24/><V2/><F3/><W61/><G15/><T77/><D77/><U82/><E126/><V130/><AGARI ba="0,1" hai="2,7,8,19,20,26,49,54,57,93,96,100,129,130" machi="130" ten="30,2000,0" yaku="0,1,52,1" doraHai="89" who="2" fromWho="2" sc="240,-10,250,-5,250,30,250,-5" /><INIT seed="1,0,0,2,5,90" ten="230,245,280,245" oya="1" hai0="130,117,64,36,20,52,84,68,96,14,7,28,9" hai1="72,129,86,98,66,83,55,38,12,128,127,73,49" hai2="113,70,43,120,32,126,75,48,89,77,71,13,37" hai3="94,74,108,54,10,25,61,50,131,56,17,63,41"/><U6/><E38/><V101/><F120/><W132/><G74/><T65/><D117/><U118/><E118/><V104/><F48/><W82/><G108/><T47/><D130/><N who="1" m="50283" /><E66/><V11/><F32/><W42/><G132/><T0/><D68/><U15/><E98/><V107/><F89/><W114/><G82/><T16/><D96/><U80/><E80/><V111/><F43/><W33/><G33/><T99/><D99/><U31/><E31/><V59/><F37/><W124/><G114/><T106/><D106/><U133/><E127/><V100/><F126/><W134/><G134/><T116/><D116/><U24/><E24/><V69/><F104/><W39/><G25/><T119/><D28/><U18/><E6/><V79/><F107/><W51/><G39/><T135/><D119/><U4/><E4/><V78/><F71/><W93/><G124/><T121/><D135/><U22/><E12/><V125/><F13/><N who="3" m="7351" /><G131/><T58/><D121/><U109/><E109/><V23/><F111/><W40/><G50/><T19/><D84/><U103/><E133/><V122/><F125/><W53/><G63/><T110/><D110/><U34/><E34/><V67/><F122/><W81/><G81/><T91/><D65/><U27/><E27/><V30/><F67/><W29/><G29/><T2/><D64/><U102/><E72/><V88/><F75/><W97/><G97/><T1/><D36/><U3/><E73/><V123/><F70/><W87/><G87/><T5/><D2/><U26/><E3/><V92/><F69/><W35/><G35/><T60/><D1/><RYUUKYOKU ba="0,0" sc="230,-10,245,-10,280,-10,245,30" hai3="40,41,42,51,53,54,56,61,93,94" /><INIT seed="2,1,0,5,2,77" ten="220,235,270,275" oya="2" hai0="62,109,118,30,110,132,82,35,18,126,11,93,71" hai1="9,58,42,23,60,96,128,33,134,26,25,8,48" hai2="86,40,91,2,47,64,3,131,67,101,52,63,29" hai3="88,21,10,107,28,17,78,34,116,76,103,38,61"/><V66/><F131/><W45/><G116/><T84/><D118/><U12/><E128/><V105/><F29/><W111/><G111/><N who="0" m="42507" /><D132/><U31/><E134/><V85/><F105/><W95/><G10/><T79/><D126/><U106/><E106/><V14/><F101/><W16/><G17/><T121/><D121/><U44/><E96/><V6/><F14/><W15/><G103/><T81/><D93/><U100/><E12/><V133/><F133/><W43/><G107/><T108/><D108/><U4/><E4/><V83/><F6/><W53/><G53/><T90/><D62/><U124/><E100/><V123/><F123/><W59/><G28/><T1/><D71/><U56/><E124/><V41/><F85/><W73/><G34/><T49/><D49/><U119/><E119/><V55/><F41/><W94/><G94/><N who="0" m="54599" /><D79/><U32/><E32/><V117/><F117/><W24/><G73/><T114/><D114/><U13/><E60/><V69/><F69/><W89/><G89/><T39/><D39/><U135/><E135/><V80/><F63/><W74/><G74/><T51/><D51/><U129/><E129/><V68/><F68/><W99/><G24/><N who="0" m="18887" /><D18/><N who="1" m="10703" /><E26/><V37/><REACH who="2" step="1"/><F83/><REACH who="2" ten="220,235,260,275" step="2"/><W19/><G19/><T122/><D122/><U65/><E33/><V113/><F113/><W46/><G61/><T92/><D92/><U75/><E31/><V50/><F50/><W57/><G95/><T27/><D27/><U22/><E25/><V112/><F112/><W120/><G120/><T36/><D36/><N who="1" m="21575" /><E75/><V97/><F97/><W7/><G99/><T70/><D70/><RYUUKYOKU ba="1,1" sc="220,15,235,-15,260,15,275,-15" hai0="1,11,81,82" hai2="2,3,37,40,47,52,55,64,66,67,80,86,91" /><INIT seed="2,2,1,2,0,132" ten="235,220,275,260" oya="2" hai0="68,63,10,107,9,97,75,123,23,67,4,32,120" hai1="100,21,89,42,91,13,57,7,92,55,94,22,108" hai2="34,65,105,99,125,39,5,126,38,18,128,37,122" hai3="111,118,98,115,129,46,14,0,133,84,88,31,48"/><V69/><F122/><W110/><G0/><T109/><D23/><N who="1" m="8715" /><E108/><V29/><F18/><W17/><G31/><T12/><D109/><N who="3" m="41481" /><G118/><T11/><D75/><U113/><E42/><V130/><F5/><W114/><G98/><T2/><D32/><U106/><E106/><V70/><F65/><W119/><G119/><T72/><D72/><U59/><E100/><N who="2" m="62623" /><F69/><W30/><G30/><T47/><D10/><N who="1" m="4319" /><E113/><V96/><F96/><W3/><G3/><T50/><D107/><U112/><E112/><V124/><F70/><W83/><G133/><T90/><D97/><N who="1" m="57487" /><E55/><V36/><F36/><W49/><G129/><T33/><D33/><U81/><E81/><V93/><F93/><W64/><G64/><T66/><D67/><U85/><AGARI ba="2,1" hai="57,59,85,91,94" m="57487,4319,8715" machi="85" ten="30,1100,0" yaku="8,1" doraHai="132" who="1" fromWho="1" sc="235,-5,220,27,275,-7,260,-5" /><INIT seed="3,0,0,1,2,96" ten="230,247,268,255" oya="3" hai0="132,77,58,106,125,3,90,10,107,13,18,51,31" hai1="111,105,35,98,45,101,46,37,134,87,57,5,36" hai2="40,68,129,113,44,104,93,42,12,80,28,76,53" hai3="0,48,109,72,47,123,124,2,23,127,16,91,108"/><W135/><G72/><T7/><D132/><U71/><E134/><V89/><F104/><W25/><G123/><T64/><D125/><N who="3" m="48201" /><G91/><T88/><D31/><U131/><E111/><N who="3" m="42570" /><G135/><T74/><D74/><U78/><E131/><V81/><F89/><W60/><G60/><T67/><D77/><U19/><E78/><V24/><F76/><W54/><AGARI ba="0,0" hai="0,2,16,23,25,47,48,54" m="42570,48201" machi="54" ten="30,11700,0" yaku="18,1,14,1,10,1,54,1" doraHai="96" who="3" fromWho="3" sc="230,-39,247,-39,268,-39,255,117" /><INIT seed="3,1,0,5,3,27" ten="191,208,229,372" oya="3" hai0="105,6,127,94,30,29,33,130,123,59,81,35,77" hai1="79,15,57,96,65,7,92,118,84,122,32,131,46" hai2="11,99,0,17,87,126,12,125,28,47,21,109,114" hai3="45,68,26,40,53,112,37,86,83,5,133,97,100"/><W31/><G133/><T102/><D123/><U64/><E122/><V82/><F114/><W55/><G5/><T108/><D105/><U43/><E131/><V106/><F109/><W107/><G68/><T66/><D108/><U93/><E32/><V104/><F47/><W70/><G70/><T58/><D6/><U8/><E118/><V121/><F121/><W63/><G63/><T1/><D1/><U129/><E129/><V18/><F99/><W78/><REACH who="3" step="1"/><G112/><REACH who="3" ten="191,208,229,362" step="2"/><T51/><D130/><U67/><E7/><V44/><F0/><W13/><G13/><T24/><D66/><U75/><E67/><V23/><F12/><W41/><G41/><T39/><D127/><U52/><E65/><V113/><F113/><W103/><G103/><T111/><D111/><U85/><E64/><V115/><F115/><W10/><G10/><T135/><D135/><U49/><E15/><V22/><F11/><W119/><G119/><T50/><D102/><U120/><E8/><V38/><F126/><W80/><G80/><T54/><D81/><U56/><E120/><V4/><F125/><W34/><AGARI ba="1,1" hai="26,31,34,37,40,45,53,55,78,83,86,97,100,107" machi="34" ten="20,12000,1" yaku="1,1,0,1,7,1,52,1,53,1" doraHai="27" doraHaiUra="42" who="3" fromWho="3" sc="191,-41,208,-41,229,-41,362,133" /><INIT seed="3,2,0,5,3,9" ten="150,167,188,495" oya="3" hai0="83,128,39,94,10,21,111,44,95,108,92,125,70" hai1="98,112,15,47,0,4,88,99,97,80,102,68,38" hai2="51,46,40,36,67,90,18,115,14,34,62,23,117" hai3="116,53,50,42,64,8,135,65,131,123,35,134,93"/><W69/><G35/><T86/><D125/><U22/><E112/><V75/><F115/><W30/><G30/><T132/><D70/><U122/><E68/><V1/><F117/><W71/><G116/><T32/><D32/><U24/><E122/><V13/><F1/><W54/><G93/><T5/><D128/><U72/><E0/><V85/><F34/><W119/><G119/><T33/><D33/><U45/><E38/><V31/><F75/><W109/><G123/><T129/><D129/><U78/><E102/><V130/><F31/><W124/><G8/><T127/><D127/><U126/><E126/><V91/><F130/><W17/><G17/><T29/><D132/><N who="3" m="50729" /><G131/><T118/><D118/><U3/><E3/><V77/><F36/><W26/><G26/><T81/><D29/><U20/><E22/><V120/><F120/><W113/><G113/><T121/><D21/><U48/><E24/><V19/><F19/><W61/><G124/><T107/><D121/><U100/><E100/><V82/><REACH who="2" step="1"/><F14/><REACH who="2" ten="150,167,178,495" step="2"/><W59/><G71/><AGARI ba="2,1" hai="13,18,23,40,46,51,62,67,71,77,82,85,90,91" machi="71" ten="30,12000,2" yaku="1,1,2,1,7,1,52,1,53,2" doraHai="9" doraHaiUra="87" who="2" fromWho="3" sc="150,0,167,0,178,136,495,-126" /><INIT seed="4,0,0,5,3,14" ten="150,167,314,369" oya="0" hai0="72,47,29,124,25,70,2,73,8,87,104,107,64" hai1="94,99,7,22,24,27,134,133,91,74,33,41,128" hai2="19,16,78,121,96,135,62,10,92,48,125,37,54" hai3="90,131,118,105,32,86,43,109,26,5,30,114,3"/><T39/><D124/><U132/><E74/><V18/><F121/><W17/><G105/><N who="0" m="40523" /><D87/><U115/><E128/><V0/><F37/><W80/><G118/><T85/><D85/><U57/><E115/><V38/><F38/><W9/><G114/><T93/><D93/><U59/><E7/><V79/><F125/><W127/><G131/><T112/><D112/><U65/><E41/><V45/><F135/><W66/><G66/><T81/><D64/><U111/><E65/><V60/><F0/><W98/><G98/><T106/><N who="0" m="40531" /><T101/><DORA hai="61" /><D101/><U113/><E113/><V84/><F10/><W23/><G43/><N who="0" m="23039" /><D70/><U36/><E36/><V44/><F44/><W34/><G127/><T11/><D11/><U95/><E94/><V46/><F46/><W82/><G34/><N who="0" m="20783" /><D81/><U12/><E12/><V71/><F71/><W63/><G63/><N who="2" m="24105" /><F84/><W4/><G4/><AGARI ba="0,0" hai="2,4,8,72,73" m="20783,23039,40531" machi="4" ten="40,3900,0" yaku="33,2" doraHai="14,61" who="0" fromWho="3" sc="150,39,167,0,314,0,369,-39" /><INIT seed="4,1,0,3,1,20" ten="189,167,314,330" oya="0" hai0="108,79,90,31,125,56,21,76,10,117,51,97,5" hai1="110,75,34,11,27,135,116,33,126,68,47,38,100" hai2="1,17,73,124,40,84,103,70,96,128,14,15,25" hai3="60,94,41,69,89,61,29,42,113,102,112,6,39"/><T35/><D117/><U74/><E110/><V104/><F1/><W82/><G6/><T30/><D125/><U119/><E126/><V28/><F73/><N who="1" m="27657" /><E135/><V109/><F109/><W43/><G39/><T26/><D108/><U0/><E100/><V121/><F121/><W4/><G4/><T120/><D120/><U23/><E23/><V24/><F40/><W101/><G82/><T49/><D35/><N who="1" m="13323" /><E27/><V48/><F28/><W7/><G7/><T88/><D31/><U64/><E11/><V8/><F15/><W132/><G29/><T93/><D90/><U32/><E0/><V123/><F123/><W92/><G89/><T114/><D114/><U9/><E9/><V111/><F8/><W127/><G127/><T86/><D86/><U99/><E99/><V63/><F96/><W46/><G41/><T78/><REACH who="0" step="1"/><D56/><REACH who="0" ten="179,167,314,330" step="2"/><U72/><E72/><V2/><F84/><W87/><G87/><T131/><D131/><U36/><E119/><V19/><F128/><W71/><G46/><T95/><D95/><U105/><E32/><V54/><F111/><W67/><G132/><T57/><D57/><U44/><E116/><V50/><F124/><W122/><G122/><T85/><D85/><U134/><E134/><V91/><F91/><W18/><G113/><T58/><D58/><U115/><E115/><V62/><F104/><W65/><G112/><T66/><D66/><U83/><E105/><V45/><F70/><W13/><G71/><T133/><D133/><U107/><E107/><V59/><F59/><W106/><G69/><T130/><D130/><U77/><E68/><RYUUKYOKU ba="1,1" sc="179,30,167,-10,314,-10,330,-10" hai0="5,10,21,26,30,49,51,76,78,79,88,93,97" /><INIT seed="4,2,1,5,4,126" ten="209,157,304,320" oya="0" hai0="59,118,30,66,83,113,105,89,95,114,73,61,19" hai1="26,38,79,102,15,45,133,87,55,104,101,7,31" hai2="42,39,128,48,90,36,77,110,135,46,115,47,28" hai3="34,65,121,98,2,134,127,60,44,50,1,13,109"/><T37/><D118/><U40/><E133/><V24/><F110/><W111/><G34/><T96/><D37/><U119/><E119/><V5/><F135/><W123/><G134/><T81/><D30/><U107/><E55/><V52/><F115/><W88/><G13/><T54/><D105/><U56/><E56/><V21/><F77/><W51/><G127/><T58/><D19/><U72/><E87/><V99/><F5/><W33/><G33/><T130/><D130/><U27/><E27/><V91/><F128/><W35/><G35/><T49/><REACH who="0" step="1"/><D73/><REACH who="0" ten="199,157,304,320" step="2"/><U131/><E131/><V86/><F39/><W132/><G132/><T12/><D12/><U85/><E72/><V69/><F36/><W94/><G1/><T117/><D117/><U120/><E107/><V3/><F3/><W84/><G2/><T10/><D10/><N who="1" m="4575" /><E104/><V0/><F0/><W93/><G111/><T71/><D71/><U92/><E38/><V103/><F69/><W100/><G109/><T124/><D124/><U16/><E31/><V53/><F28/><W80/><G123/><T76/><D76/><U122/><E122/><V22/><F24/><W112/><G121/><T8/><D8/><U11/><E120/><V129/><F129/><W116/><G116/><T9/><D9/><U17/><E79/><V29/><F29/><W57/><G112/><AGARI ba="2,2" hai="49,54,58,59,61,66,81,83,89,95,96,112,113,114" machi="112" ten="40,3900,0" yaku="1,1,15,1,53,0" doraHai="126" doraHaiUra="82" who="0" fromWho="3" sc="199,65,157,0,304,0,320,-45" /><INIT seed="4,3,0,0,1,128" ten="264,157,304,275" oya="0" hai0="103,25,84,54,100,22,2,71,104,78,114,90,92" hai1="130,80,19,126,129,134,57,64,132,59,27,95,110" hai2="45,135,12,120,99,51,83,42,26,15,88,107,7" hai3="9,58,116,23,17,87,1,49,5,34,102,101,86"/><T97/><D2/><U31/><E110/><V24/><F120/><W6/><G116/><T4/><D4/><U94/><E80/><V37/><F37/><W29/><G6/><T68/><D103/><U18/><E64/><V82/><F107/><W69/><G69/><T79/><D114/><U53/><E53/><V44/><F7/><W55/><G87/><T43/><D43/><U61/><E61/><V108/><F108/><W127/><G127/><T85/><D54/><U46/><E46/><V13/><F135/><N who="1" m="51753" /><E126/><V16/><F26/><N who="3" m="18743" /><G86/><T113/><D113/><U60/><E18/><V40/><F45/><W124/><G124/><T67/><D67/><N who="1" m="39311" /><E19/><V50/><F42/><W3/><G3/><T38/><D38/><U73/><E73/><V98/><F50/><W48/><G49/><T30/><D71/><U122/><E59/><V66/><F66/><W74/><G74/><T119/><D68/><U36/><E36/><V56/><F56/><W111/><G111/><T70/><D70/><U10/><E10/><V125/><F125/><W93/><G48/><T89/><REACH who="0" step="1"/><D119/><REACH who="0" ten="254,157,304,275" step="2"/><U109/><E109/><V28/><F40/><W81/><G55/><T121/><D121/><U20/><E122/><V47/><F47/><W0/><G0/><T41/><D41/><U77/><E77/><V72/><F44/><W39/><G1/><T115/><D115/><U75/><E75/><V52/><F72/><W21/><G39/><T117/><D117/><U62/><E62/><V76/><F52/><W33/><G5/><T14/><D14/><N who="2" m="5738" /><F76/><W35/><G58/><T8/><D8/><RYUUKYOKU ba="3,1" sc="254,15,157,15,304,-15,275,-15" hai0="22,25,30,78,79,84,85,89,90,92,97,100,104" hai1="20,27,31,94,95,129,130" /><INIT seed="4,4,1,1,2,129" ten="269,172,289,260" oya="0" hai0="113,43,73,38,85,31,121,42,67,109,0,7,110" hai1="84,10,62,41,131,28,115,70,100,36,118,103,3" hai2="8,130,122,134,5,117,48,56,74,32,81,75,77" hai3="106,58,125,133,83,63,23,47,9,44,126,68,55"/><T114/><D121/><U35/><E118/><V2/><F122/><W30/><G106/><T14/><D73/><U78/><E131/><V96/><F130/><W101/><G101/><T60/><D31/><U71/><E115/><N who="0" m="44041" /><D0/><U45/><E28/><V13/><F117/><W29/><G68/><N who="0" m="42087" /><D38/><U108/><E35/><V66/><F32/><W1/><G30/><T51/><D85/><U16/><E84/><V79/><F2/><W52/><G1/><T104/><D104/><U93/><E3/><V135/><F96/><W123/><G29/><T132/><D14/><U57/><E78/><V105/><F105/><W80/><G123/><T27/><D27/><U111/><E71/><V46/><F77/><W107/><G107/><T119/><D7/><U90/><E70/><V98/><F98/><W4/><G4/><T21/><D21/><U76/><E76/><V112/><F75/><W59/><G23/><T12/><D12/><N who="1" m="7191" /><E111/><N who="0" m="42505" /><D119/><U25/><E25/><V87/><F74/><W88/><G9/><T124/><D124/><U72/><E72/><V127/><F127/><W95/><G125/><T33/><D33/><U19/><E108/><V50/><F112/><W24/><G24/><T89/><D89/><U82/><E19/><V34/><F34/><W92/><G88/><T20/><D20/><U26/><E26/><V39/><F39/><W49/><G126/><T37/><D37/><U61/><E36/><V40/><F5/><W64/><G83/><T65/><D65/><N who="1" m="39087" /><E82/><V116/><F116/><W102/><G80/><T54/><D132/><U6/><E6/><N who="2" m="3223" /><F66/><W69/><G64/><RYUUKYOKU ba="4,1" sc="269,15,172,-15,289,15,260,-15" hai0="42,43,51,54" hai2="40,46,48,50,56,79,81,87,134,135" /><INIT seed="4,5,1,5,1,73" ten="284,157,304,245" oya="0" hai0="116,114,92,52,82,29,32,108,65,10,72,80,100" hai1="64,91,77,26,60,102,28,97,34,19,93,131,5" hai2="124,8,57,107,56,132,27,88,36,83,18,112,79" hai3="13,109,12,20,71,63,43,24,103,126,49,50,127"/><T119/><D114/><U9/><E131/><V1/><F107/><W16/><G109/><T99/><D108/><U121/><E121/><V75/><F112/><W125/><G103/><T66/><D10/><U67/><E19/><V135/><F124/><W22/><G43/><T38/><D38/><U90/><E77/><V101/><F101/><W111/><G111/><T33/><D72/><U115/><E115/><V37/><F37/><W3/><G3/><T68/><D68/><U62/><E62/><V128/><F36/><W122/><G122/><T98/><D29/><U104/><E93/><V69/><F69/><W11/><G22/><T48/><D100/><U46/><E46/><V21/><F128/><W61/><G13/><T118/><D118/><U58/><REACH who="1" step="1"/><E67/><REACH who="1" ten="284,147,304,245" step="2"/><V96/><F79/><W51/><G71/><T39/><D92/><U123/><E123/><V78/><F132/><W110/><G110/><T47/><D47/><U14/><AGARI ba="5,2" hai="5,9,14,26,28,34,58,60,64,90,91,97,102,104" machi="14" ten="20,5200,0" yaku="1,1,0,1,7,1,53,1" doraHai="73" doraHaiUra="55" who="1" fromWho="1" sc="284,-31,147,87,304,-18,245,-18" /><INIT seed="5,0,0,4,2,8" ten="253,234,286,227" oya="1" hai0="105,103,91,66,28,78,87,100,57,1,72,15,65" hai1="55,106,49,126,10,95,16,25,79,73,83,60,23" hai2="69,7,32,117,123,13,40,35,131,128,36,85,53" hai3="104,41,71,6,89,50,129,111,108,107,20,52,11"/><U26/><E106/><V29/><F117/><W133/><G71/><T80/><D1/><U116/><E116/><V61/><F123/><W113/><G113/><T54/><D28/><U67/><E126/><V102/><F102/><W30/><G129/><T99/><D103/><U98/><E10/><V59/><F69/><W121/><G121/><T93/><REACH who="0" step="1"/><D15/><REACH who="0" ten="243,234,286,227" step="2"/><U109/><E109/><V21/><F29/><W118/><G30/><T46/><D46/><U45/><E26/><V64/><F13/><W125/><G108/><T47/><D47/><U34/><E34/><V84/><F32/><W77/><G111/><T134/><D134/><U101/><E67/><V92/><F64/><W74/><G133/><T86/><D86/><U68/><E68/><V37/><F84/><W120/><G118/><T17/><D17/><U27/><E27/><V96/><F35/><W82/><G120/><T112/><D112/><U38/><E38/><V12/><F85/><W48/><G125/><T81/><D81/><U4/><E4/><V76/><F7/><W39/><G39/><T88/><D88/><U127/><E127/><V51/><F36/><W3/><G89/><T63/><AGARI ba="0,1" hai="54,57,63,65,66,72,78,80,87,91,93,99,100,105" machi="63" ten="20,12000,2" yaku="1,1,0,1,7,1,24,2,53,1" doraHai="8" doraHaiUra="94" who="0" fromWho="0" sc="243,130,234,-60,286,-30,227,-30" /><INIT seed="6,0,0,5,4,71" ten="373,174,256,197" oya="2" hai0="22,43,84,89,106,45,42,49,90,74,130,94,76" hai1="15,14,126,67,120,78,65,16,131,128,118,32,62" hai2="75,9,30,31,112,70,79,44,18,61,47,105,21" hai3="6,110,29,125,88,69,56,108,111,83,66,36,10"/><V114/><F105/><W4/><G125/><T59/><D106/><U60/><E118/><V123/><F123/><W3/><G69/><T91/><D130/><N who="1" m="49707" /><E32/><V101/><F101/><W86/><G6/><T57/><D74/><U35/><E35/><V1/><F75/><W53/><G29/><T28/><D43/><U135/><E126/><V5/><F79/><W115/><G115/><N who="2" m="44073" /><F61/><N who="1" m="23657" /><E78/><V98/><F98/><W26/><G66/><N who="1" m="25098" /><E120/><V34/><F70/><W24/><REACH who="3" step="1"/><G36/><REACH who="3" ten="373,174,256,187" step="2"/><T77/><D28/><N who="2" m="10794" /><F34/><W95/><G95/><T38/><D94/><U39/><E39/><V68/><F68/><W63/><AGARI ba="0,1" hai="3,4,10,24,26,53,56,63,83,86,88,108,110,111" machi="63" ten="30,7900,0" yaku="1,1,0,1,54,1,53,1" doraHai="71" doraHaiUra="85" who="3" fromWho="3" sc="373,-20,174,-20,256,-39,187,89" /><INIT seed="7,0,0,5,0,68" ten="353,154,217,276" oya="3" hai0="105,7,124,19,10,1,117,46,53,44,33,30,80" hai1="134,112,48,103,32,104,77,76,55,24,125,114,64" hai2="109,95,84,49,61,65,110,78,41,132,45,34,85" hai3="115,39,56,50,93,122,96,14,6,8,130,69,37"/><W11/><G69/><T59/><D117/><U133/><E64/><V23/><F34/><W15/><G122/><T91/><D105/><U99/><E24/><V92/><F132/><N who="1" m="50793" /><E55/><V47/><F23/><W81/><G115/><N who="1" m="44074" /><E48/><V35/><F35/><W72/><G130/><T123/><D80/><U54/><E54/><V28/><F28/><W3/><G3/><T90/><D91/><U87/><E32/><V119/><F119/><W83/><G56/><T70/><D70/><U25/><E25/><V106/><F65/><W118/><G50/><T97/><D19/><U131/><E131/><V127/><F61/><W89/><G118/><T21/><D21/><U79/><E125/><V22/><F22/><W57/><G57/><T67/><D124/><U129/><E129/><V12/><F127/><W5/><G72/><T36/><D67/><U26/><E26/><V74/><F74/><W126/><G126/><T63/><D33/><U128/><E128/><V75/><F75/><W60/><G60/><T9/><D63/><U52/><E52/><V2/><F49/><W94/><G15/><T27/><D53/><U13/><E13/><V38/><F12/><W121/><G14/><T98/><D59/><U51/><E51/><V82/><F2/><W102/><G11/><T86/><D9/><U31/><E31/><V116/><F116/><W0/><G8/><T43/><D46/><U135/><N who="1" m="50801" /><U62/><DORA hai="20" /><E62/><V17/><F45/><W16/><G0/><T71/><D1/><U107/><E107/><V113/><F113/><W111/><G5/><T42/><D7/><RYUUKYOKU ba="0,0" sc="353,-10,154,30,217,-10,276,-10" hai1="76,77,79,87,99,103,104" owari="343,44.0,184,-32.0,207,-19.0,266,7.0" /></mjloggm>