<mjloggm ver="2.3"><GO type="169" lobby="0"/><UN n0="%63%68%69%73%73" n1="%E3%83%9E%E3%83%AB%E3%83%9E%E3%83%AB%E3%81%A1%E3%82%83%E3%82%93" n2="%E3%81%84%E3%81%97%E3%81%A3%E3%81%93" n3="%E8%88%B9%E8%A6%8B%E7%B5%90%E8%A1%A3" dan="17,16,18,17" rate="2154.23,2111.51,2244.80,2169.36" sx="M,M,M,F"/><TAIKYOKU oya="0"/><INIT seed="0,0,0,1,2,64" ten="250,250,250,250" oya="0" hai0="42,63,129,111,30,74,133,28,31,124,78,66,50" hai1="46,40,39,83,97,29,20,118,132,41,25,79,23" hai2="102,95,130,0,62,105,34,77,17,9,128,76,36" hai3="72,127,47,93,89,120,82,75,73,109,12,100,7"/><T119/><D119/><U51/><E118/><V38/><F105/><W13/><G109/><T81/><D124/><U90/><E132/><V52/><F34/><W61/><G127/><T22/><D129/><N who="2" m="49770" /><F102/><W86/><G120/><T87/><D133/><U134/><E134/><V110/><F95/><W68/><G47/><T49/><D111/><U19/><E97/><V96/><F96/><W88/><G100/><T56/><D42/><U103/><E103/><V2/><F110/><W122/><G122/><T85/><D22/><U104/><E90/><V27/><F27/><W94/><G7/><T8/><D8/><U113/><E104/><V53/><F17/><W71/><G82/><T107/><D107/><U4/><E4/><N who="2" m="1159" /><F62/><W24/><G24/><T16/><REACH who="0" step="1"/><D16/><REACH who="0" ten="240,250,250,250" step="2"/><U115/><E40/><V6/><F6/><W58/><G13/><T35/><D35/><U106/><E106/><V3/><F3/><W59/><G12/><T37/><D37/><N who="2" m="14442" /><F2/><W32/><G32/><T116/><D116/><U18/><E39/><V108/><F108/><W99/><REACH who="3" step="1"/><G59/><REACH who="3" ten="240,250,250,240" step="2"/><T54/><D54/><AGARI ba="0,2" hai="52,53,54,76,77" m="14442,1159,49770" machi="54" ten="30,2000,0" yaku="19,1,54,1" doraHai="64" who="2" fromWho="0" sc="240,-20,250,0,250,40,240,0" /><AGARI ba="0,0" hai="54,58,61,68,71,72,73,75,86,88,89,93,94,99" machi="54" ten="40,8000,1" yaku="1,1,2,1,52,2,54,1,53,0" doraHai="64" doraHaiUra="11" who="3" fromWho="0" sc="220,-80,250,0,290,0,240,80" /><INIT seed="1,0,0,0,1,48" ten="140,250,290,320" oya="1" hai0="86,9,120,5,93,117,81,43,131,42,45,55,51" hai1="64,84,95,52,17,33,105,111,28,78,99,66,130" hai2="14,24,35,124,62,57,127,67,97,2,118,20,15" hai3="16,23,22,3,36,89,25,7,71,114,112,134,110"/><U116/><E116/><V1/><F118/><W32/><G89/><T106/><D106/><U68/><E68/><V8/><F35/><W56/><G56/><T133/><D117/><U109/><E130/><V44/><F44/><W119/><G36/><T26/><D133/><U104/><E28/><V47/><F47/><W100/><G100/><T77/><D131/><U41/><E41/><V29/><F14/><N who="3" m="9495" /><G71/><T128/><D128/><U129/><E33/><V38/><F38/><W69/><G69/><T65/><D120/><U108/><E129/><V10/><F10/><N who="3" m="2431" /><G119/><T91/><D65/><N who="1" m="25195" /><E17/><N who="2" m="8423" /><F97/><W115/><G134/><T102/><D102/><N who="1" m="60799" /><E78/><V75/><F75/><W123/><G110/><T73/><REACH who="0" step="1"/><D26/><REACH who="0" ten="130,250,290,320" step="2"/><U49/><E84/><V83/><F67/><W121/><G32/><T40/><D40/><U61/><E61/><V50/><F62/><W96/><G96/><T103/><D103/><U126/><E126/><V107/><F107/><W11/><G11/><T39/><D39/><U21/><E21/><V74/><F127/><W31/><AGARI ba="0,1" hai="23,25,31,112,114,115,121,123" m="2431,9495" machi="31" ten="30,4000,0" yaku="34,2,54,1" doraHai="48" who="3" fromWho="3" sc="130,-10,250,-20,290,-10,320,50" /><INIT seed="2,0,0,5,0,112" ten="120,230,280,370" oya="2" hai0="121,16,50,34,82,56,131,22,12,7,14,30,133" hai1="31,77,9,115,17,24,96,40,104,97,13,8,120" hai2="116,83,106,32,108,117,95,113,79,105,61,42,126" hai3="118,124,0,60,128,46,91,107,15,103,72,52,74"/><V44/><F113/><W93/><G0/><T38/><D121/><U23/><E115/><V87/><F32/><W129/><G103/><T89/><D131/><U36/><E120/><V27/><F27/><W41/><G107/><T130/><D130/><N who="3" m="50281" /><G124/><T2/><D133/><U123/><E123/><V67/><F126/><W63/><G118/><N who="2" m="45673" /><F95/><W45/><G15/><T86/><D38/><U92/><E77/><V110/><F44/><N who="3" m="17003" /><G41/><T33/><D14/><U1/><E40/><V64/><F42/><W68/><G68/><T19/><D19/><U122/><E36/><V48/><F48/><W6/><G6/><T85/><D30/><U114/><E122/><V3/><F3/><W101/><G101/><T25/><D12/><U70/><E70/><N who="2" m="42255" /><F67/><W57/><G63/><T66/><D66/><U53/><E114/><V102/><F102/><W132/><G60/><T134/><D134/><U90/><E1/><V26/><F26/><W11/><G132/><T111/><D34/><U73/><E104/><N who="2" m="40043" /><F87/><W78/><G93/><T4/><D86/><U18/><E53/><V135/><F135/><W43/><G43/><T127/><D127/><U125/><E125/><V39/><F39/><W28/><G52/><N who="0" m="31767" /><D33/><U51/><E51/><V5/><F5/><N who="0" m="2122" /><D2/><U69/><E92/><V20/><F20/><W54/><G54/><T29/><D29/><U84/><E31/><V49/><F49/><W58/><G28/><T99/><D99/><U10/><E97/><V55/><F55/><W21/><G21/><T59/><D59/><U47/><E96/><V80/><F80/><W109/><G57/><RYUUKYOKU ba="0,0" sc="120,15,230,-15,280,15,370,-15" hai0="16,22,25,82,85,89,111" hai2="79,83,108,110" /><INIT seed="2,1,0,1,3,82" ten="135,215,295,355" oya="2" hai0="69,98,74,32,46,24,19,133,29,38,41,73,40" hai1="51,11,120,97,5,25,30,118,48,92,1,88,12" hai2="125,113,100,129,84,0,4,61,49,76,70,91,36" hai3="109,34,15,60,21,101,31,81,33,23,47,28,62"/><V77/><F36/><W116/><G109/><T14/><D133/><U75/><E118/><V13/><F0/><W66/><G116/><T93/><D69/><U7/><E75/><V26/><F113/><W107/><G101/><T121/><D41/><U6/><E120/><V134/><F100/><W112/><G107/><T68/><D68/><U132/><E132/><V90/><F90/><W124/><G112/><T65/><D65/><U9/><REACH who="1" step="1"/><E5/><REACH who="1" ten="135,205,295,355" step="2"/><V16/><F4/><W117/><G117/><T96/><D121/><U130/><E130/><V50/><F134/><W95/><G124/><T127/><D127/><U71/><E71/><V18/><F70/><W56/><G34/><AGARI ba="1,1" hai="1,6,7,9,11,12,25,30,34,48,51,88,92,97" machi="34" ten="30,3900,0" yaku="1,1,7,1,54,1,53,0" doraHai="82" doraHaiUra="80" who="1" fromWho="3" sc="135,0,205,52,295,0,355,-42" /><INIT seed="3,0,0,0,0,21" ten="135,257,295,313" oya="3" hai0="112,36,43,77,1,133,113,28,25,65,81,99,103" hai1="19,93,41,50,58,85,14,12,134,49,115,48,6" hai2="121,20,95,35,118,56,54,13,96,86,63,16,45" hai3="132,69,51,27,71,8,135,87,82,39,100,30,74"/><W59/><G39/><T107/><D65/><U29/><E115/><V102/><F118/><W55/><G74/><T111/><D111/><U120/><E120/><V79/><F121/><W53/><G100/><T78/><D133/><N who="3" m="51273" /><G8/><T91/><D1/><U105/><E105/><V34/><F79/><N who="3" m="46559" /><G55/><T97/><D97/><U104/><E29/><V131/><F131/><W123/><G123/><T62/><D62/><U117/><E104/><V67/><REACH who="2" step="1"/><F86/><REACH who="2" ten="135,257,285,313" step="2"/><W60/><G60/><T70/><D78/><U84/><E117/><V31/><F31/><W26/><G30/><T37/><D91/><U83/><E85/><V109/><F109/><W124/><G124/><T46/><D70/><AGARI ba="0,1" hai="26,27,51,53,59,69,70,71" m="46559,51273" machi="70" ten="30,5800,0" yaku="20,1,52,2" doraHai="21" who="3" fromWho="0" sc="135,-58,257,0,285,0,313,68" /><INIT seed="3,1,0,1,0,108" ten="77,257,285,381" oya="3" hai0="67,74,37,72,28,88,13,135,128,120,14,44,61" hai1="93,82,33,126,70,87,0,92,50,78,18,102,103" hai2="60,31,58,90,32,110,20,40,19,79,59,5,86" hai3="7,94,4,52,68,11,81,41,48,112,73,56,17"/><W115/><G68/><T3/><D3/><U39/><E33/><V131/><F110/><W38/><G17/><T121/><D128/><U55/><E39/><V21/><F131/><W54/><G94/><N who="1" m="36458" /><E0/><V35/><F5/><W57/><G7/><T46/><D37/><U63/><E70/><V97/><F40/><W6/><G6/><T36/><D36/><U51/><E126/><V25/><F79/><N who="3" m="44271" /><G56/><T49/><D28/><U133/><E133/><V9/><F9/><W89/><G89/><T116/><D116/><U10/><E63/><V130/><F58/><W129/><G54/><T114/><D135/><U80/><E80/><V84/><F130/><W117/><G117/><T22/><D61/><U65/><E65/><V98/><F32/><W42/><G42/><T105/><D105/><U91/><E51/><V71/><F35/><W76/><G76/><T99/><D22/><U8/><E78/><V122/><F71/><W26/><G26/><T96/><D49/><U106/><E106/><V1/><F1/><N who="3" m="399" /><G129/><T95/><D95/><U69/><E69/><V30/><F60/><W124/><G124/><T29/><D29/><U111/><E111/><V85/><F30/><W47/><AGARI ba="1,0" hai="38,41,47,48,52,57,112,115" m="399,44271" machi="47" ten="30,11700,0" yaku="25,1,52,2,54,1" doraHai="108" who="3" fromWho="3" sc="77,-40,257,-40,285,-40,381,120" /><INIT seed="3,2,0,1,3,19" ten="37,217,245,501" oya="3" hai0="121,65,71,88,89,130,87,102,40,97,10,123,51" hai1="1,81,14,99,125,59,11,43,82,119,85,53,127" hai2="93,115,62,110,54,109,55,20,39,41,9,8,50" hai3="64,56,105,101,131,94,30,49,29,98,95,67,134"/><W78/><G134/><T122/><D130/><U133/><E1/><V84/><F115/><W60/><G131/><T37/><D37/><U74/><E133/><V126/><F39/><W57/><G78/><T7/><D71/><U72/><E43/><V135/><F135/><W83/><G83/><N who="1" m="31754" /><E85/><V79/><F79/><W31/><REACH who="3" step="1"/><G49/><REACH who="3" ten="37,217,245,491" step="2"/><T91/><D87/><U34/><E119/><V77/><F50/><W120/><G120/><T132/><D132/><U5/><E99/><V114/><F84/><W92/><G92/><T73/><D73/><U66/><E74/><V124/><F93/><W35/><G35/><T13/><D51/><U111/><E34/><V75/><F77/><W104/><G104/><T16/><D40/><U6/><E72/><V25/><F75/><W24/><G24/><T32/><D32/><U129/><E129/><V96/><F25/><W70/><G70/><T68/><D68/><U23/><E127/><V80/><F80/><W45/><G45/><T48/><D48/><U76/><E125/><V106/><F41/><W21/><G21/><T27/><D27/><U46/><E76/><V108/><F20/><W12/><G12/><T58/><D58/><U0/><E23/><V63/><F109/><W100/><G100/><T15/><D15/><U22/><E22/><V47/><F106/><W117/><G117/><T42/><D42/><U86/><E46/><V112/><F47/><W26/><G26/><T107/><REACH who="0" step="1"/><D7/><REACH who="0" ten="27,217,245,491" step="2"/><U3/><E6/><V4/><F4/><W90/><G90/><T36/><D36/><U116/><E5/><V69/><F69/><RYUUKYOKU ba="2,2" sc="27,10,217,-30,245,10,491,10" hai0="10,13,16,65,88,89,91,97,102,107,121,122,123" hai2="8,9,54,55,62,63,96,108,110,112,114,124,126" hai3="29,30,31,56,57,60,64,67,94,95,98,101,105" /><INIT seed="3,3,2,1,1,127" ten="37,187,255,501" oya="3" hai0="68,125,111,69,66,30,3,44,27,134,63,61,85" hai1="43,94,19,82,62,119,32,81,95,114,28,110,10" hai2="105,51,33,12,37,65,39,102,41,7,116,5,72" hai3="98,20,131,122,40,49,129,126,117,17,54,70,84"/><W31/><G117/><T53/><D111/><U96/><E114/><V73/><F51/><W93/><G122/><T34/><D125/><U52/><E110/><V83/><F83/><W60/><G126/><T36/><D134/><U124/><E124/><V87/><F87/><W106/><G106/><T104/><D3/><U108/><E108/><V91/><F91/><W56/><G31/><T130/><D104/><U101/><E119/><V75/><F65/><W24/><G84/><T113/><D113/><U35/><E43/><V79/><F79/><W22/><G20/><T100/><D100/><U86/><E95/><V48/><F33/><W112/><G112/><T120/><D120/><U132/><E132/><V42/><F12/><W71/><G40/><T23/><D36/><U13/><E28/><V55/><F116/><W123/><G123/><T88/><D44/><U0/><E82/><V14/><F14/><W107/><G107/><T67/><D53/><U80/><E80/><V46/><F41/><W59/><G56/><T29/><D130/><N who="3" m="49673" /><G49/><T26/><D85/><U16/><E32/><V99/><F39/><W25/><G24/><T109/><D109/><U135/><E35/><V115/><F115/><W11/><G11/><T64/><D64/><U57/><E135/><V58/><AGARI ba="3,2" hai="5,7,37,42,46,48,55,58,72,73,75,99,102,105" machi="58" ten="30,1100,0" yaku="0,1" doraHai="127" who="2" fromWho="2" sc="37,-6,187,-6,255,40,501,-8" /><INIT seed="4,0,0,2,2,47" ten="31,181,295,493" oya="0" hai0="44,116,33,48,53,115,114,19,113,97,121,92,105" hai1="126,2,127,118,68,36,49,14,66,39,78,3,119" hai2="22,4,71,117,98,72,45,59,84,10,70,110,74" hai3="129,0,17,76,124,64,107,32,73,46,103,62,26"/><T34/><D116/><N who="1" m="44587" /><E14/><V11/><F110/><W91/><G0/><T15/><D121/><U56/><E78/><V5/><F117/><W27/><G76/><T128/><D105/><U60/><E3/><V1/><F45/><W29/><G73/><T82/><D128/><U20/><E20/><V106/><F59/><W55/><G129/><T80/><D34/><U65/><E2/><N who="2" m="279" /><F84/><W108/><G108/><T135/><D33/><U88/><E88/><V131/><F22/><W85/><G124/><N who="1" m="47658" /><E66/><V35/><F35/><W130/><G130/><T111/><D111/><U77/><E77/><V79/><F131/><W24/><G17/><T18/><D135/><U81/><E81/><N who="0" m="31337" /><D15/><U96/><E96/><V57/><F79/><W133/><G133/><T52/><D53/><AGARI ba="0,0" hai="36,39,49,53,56,60,65,68" m="47658,44587" machi="53" ten="30,7700,0" yaku="18,1,34,2,52,1" doraHai="47" who="1" fromWho="0" sc="31,-77,181,77,295,0,493,0" owari="-46,-55.0,258,-14.0,295,10.0,493,59.0" /></mjloggm>