<mjloggm ver="2.3"><GO type="169" lobby="0"/><UN n0="%E8%B1%86%E3%83%80%E3%83%9E%E8%AD%A6%E5%AF%9F" n1="%E3%83%9F%E3%83%84%E3%82%A4" n2="%E3%82%B5%E3%83%95%E3%82%A9%E3%83%BC%E3%82%AF%E3%81%AE%E7%94%BA" n3="%E3%82%B5%E3%83%B3%26%E3%83%A0%E3%83%BC%E3%83%B3" dan="16,16,16,17" rate="2095.73,2124.27,2146.28,2177.17" sx="M,F,M,M"/><TAIKYOKU oya="0"/><INIT seed="0,0,0,2,5,5" ten="250,250,250,250" oya="0" hai0="114,98,65,16,35,132,53,104,119,58,111,101,131" hai1="112,30,100,27,94,28,73,63,19,39,103,54,57" hai2="31,76,4,97,93,113,40,133,2,78,67,84,106" hai3="47,55,50,96,79,49,74,99,42,14,33,130,38"/><T61/><D114/><U68/><E73/><V56/><F113/><W91/><G130/><T85/><D119/><U11/><E112/><V70/><F70/><W126/><G33/><T134/><D131/><U135/><E39/><V7/><F133/><W77/><G126/><T105/><D105/><U64/><E135/><V15/><F40/><W41/><G38/><T110/><D35/><U17/><E94/><V66/><F106/><W23/><G74/><T125/><D125/><U83/><E83/><V45/><F45/><N who="3" m="28079" /><G41/><T46/><D46/><U109/><E109/><N who="0" m="41481" /><D85/><U43/><E43/><V129/><F129/><W115/><G115/><T21/><D65/><U22/><E30/><V59/><F31/><W124/><G124/><T122/><D122/><U88/><E88/><V34/><F34/><W3/><G3/><T36/><D36/><U12/><REACH who="1" step="1"/><E28/><REACH who="1" ten="250,240,250,250" step="2"/><V75/><F75/><W102/><G102/><T72/><D72/><U127/><E127/><V116/><F116/><W18/><G91/><T120/><D120/><U44/><E44/><V86/><F93/><W90/><G90/><T48/><D48/><AGARI ba="0,1" hai="11,12,17,19,22,27,48,54,57,63,64,68,100,103" machi="48" ten="30,3900,0" yaku="1,1,7,1,52,1,53,0" doraHai="5" doraHaiUra="24" who="1" fromWho="0" sc="250,-39,240,49,250,0,250,0" /><INIT seed="1,0,0,2,3,60" ten="211,289,250,250" oya="1" hai0="131,120,65,48,12,123,59,57,106,78,9,29,96" hai1="25,94,30,34,17,113,116,118,76,11,37,77,80" hai2="103,115,95,61,68,56,2,70,83,129,81,67,1" hai3="44,66,58,72,87,126,20,49,128,75,38,86,40"/><U132/><E113/><V71/><F115/><W36/><G126/><T24/><D78/><U134/><E37/><V108/><F108/><W47/><G128/><T21/><D131/><U46/><E46/><V18/><F18/><W125/><G125/><T91/><D106/><U100/><E11/><V26/><F26/><W13/><G36/><T28/><D28/><U127/><E17/><V50/><F50/><W99/><G99/><T31/><D31/><U119/><E127/><V23/><F23/><W51/><G38/><T8/><D8/><U112/><E112/><V39/><F39/><W52/><G72/><T97/><D91/><U107/><E94/><V117/><F117/><W54/><G75/><T63/><D120/><U105/><E77/><V0/><REACH who="2" step="1"/><F129/><REACH who="2" ten="211,289,240,250" step="2"/><W69/><G20/><T32/><D32/><U62/><E62/><V88/><F88/><W64/><G13/><T110/><D110/><U101/><E101/><V111/><F111/><W4/><G4/><T43/><D123/><U6/><E6/><V33/><F33/><W79/><G79/><T102/><D102/><U85/><REACH who="1" step="1"/><E100/><REACH who="1" ten="211,279,240,250" step="2"/><V92/><F92/><W98/><G98/><AGARI ba="0,2" hai="0,1,2,56,61,67,68,70,71,81,83,95,98,103" machi="98" ten="50,3200,0" yaku="1,1,52,1,53,0" doraHai="60" doraHaiUra="130" who="2" fromWho="3" sc="211,0,279,0,240,52,250,-32" /><INIT seed="2,0,0,2,5,100" ten="211,279,292,218" oya="2" hai0="81,73,107,109,38,105,106,12,120,56,35,76,84" hai1="122,63,86,75,129,25,88,54,57,69,104,131,95" hai2="60,41,14,110,17,30,5,7,27,116,21,3,115" hai3="82,18,92,11,125,111,126,1,45,93,26,134,28"/><V59/><F115/><W135/><G82/><T19/><D38/><U34/><E122/><V77/><F116/><W98/><G45/><T46/><D120/><U117/><E117/><V42/><F77/><W29/><G92/><T128/><D35/><U36/><E36/><V83/><F83/><W48/><G48/><T39/><D109/><U119/><E119/><V87/><F87/><W58/><G58/><T80/><D128/><N who="1" m="49227" /><E75/><V20/><F110/><W33/><G93/><T132/><D132/><N who="3" m="50729" /><G98/><T78/><D56/><U6/><E6/><N who="2" m="2059" /><F3/><W53/><G53/><AGARI ba="0,0" hai="14,17,20,21,27,30,41,42,53,59,60" m="2059" machi="53" ten="30,1500,0" yaku="8,1" doraHai="100" who="2" fromWho="3" sc="211,0,279,0,292,15,218,-15" /><INIT seed="2,1,0,0,2,11" ten="211,279,307,203" oya="2" hai0="75,13,0,35,114,24,92,74,6,19,62,81,30" hai1="51,50,127,108,121,125,110,52,9,73,39,79,49" hai2="97,64,99,122,61,21,96,93,26,91,43,18,36" hai3="112,86,105,71,72,15,120,113,135,29,59,27,2"/><V117/><F117/><W53/><G120/><T32/><D114/><U103/><E103/><V22/><F122/><W106/><G2/><T124/><D124/><N who="1" m="47691" /><E121/><V107/><F107/><W116/><G116/><T88/><D35/><U130/><E73/><V123/><F123/><W131/><G72/><T60/><D6/><U100/><E100/><V46/><REACH who="2" step="1"/><F22/><REACH who="2" ten="211,279,297,203" step="2"/><W98/><G106/><T90/><D0/><U42/><E130/><V84/><F84/><W10/><G131/><T89/><D75/><U25/><E9/><V40/><F40/><W77/><G105/><T28/><D92/><U20/><E20/><V1/><F1/><W134/><G98/><T31/><D74/><U111/><E79/><V56/><AGARI ba="1,1" hai="18,21,26,36,43,46,56,61,64,91,93,96,97,99" machi="56" ten="20,7800,0" yaku="1,1,0,1,7,1,53,1" doraHai="11" doraHaiUra="16" who="2" fromWho="2" sc="211,-27,279,-27,297,91,203,-27" /><INIT seed="2,2,0,1,3,10" ten="184,252,388,176" oya="2" hai0="113,92,76,104,119,105,44,43,81,80,37,110,108" hai1="123,66,45,3,20,85,35,69,74,50,87,72,19" hai2="117,4,48,36,13,129,21,40,103,14,98,34,32" hai3="24,90,17,116,53,68,130,2,30,52,89,47,78"/><V41/><F117/><W120/><G116/><T126/><D119/><U88/><E35/><V8/><F129/><W109/><G120/><T29/><D113/><U67/><E3/><V31/><F36/><W94/><G68/><T62/><D126/><U33/><E33/><V65/><F65/><W91/><G2/><T79/><D29/><U96/><E96/><V6/><F6/><W49/><G109/><N who="0" m="42091" /><D62/><U5/><E5/><V83/><F83/><N who="0" m="31818" /><D92/><U100/><E123/><V133/><F133/><W97/><G78/><AGARI ba="2,0" hai="37,43,44,76,78,79,104,105" m="31818,42091" machi="78" ten="30,1000,0" yaku="14,1" doraHai="10" who="0" fromWho="3" sc="184,16,252,0,388,0,176,-16" /><INIT seed="3,0,0,0,1,132" ten="200,252,388,160" oya="3" hai0="124,103,115,97,110,101,19,87,46,22,28,3,56" hai1="117,15,91,99,35,13,90,33,36,59,69,7,39" hai2="88,31,94,8,111,14,70,27,131,118,32,86,102" hai3="47,123,2,62,38,12,21,119,30,126,104,130,51"/><W71/><G123/><T93/><D110/><U112/><E59/><V81/><F111/><W92/><G104/><T75/><D75/><U20/><E20/><V83/><F118/><W24/><G119/><T58/><D3/><U40/><E117/><V48/><F70/><W44/><G2/><T50/><D115/><U133/><E69/><V135/><F135/><W60/><G130/><T0/><D0/><U61/><E133/><V121/><F121/><W18/><G71/><T89/><D28/><U82/><E82/><V98/><F48/><W5/><G5/><T45/><D124/><U43/><E7/><V1/><F1/><W74/><G74/><T72/><D46/><U25/><E99/><V76/><F131/><W113/><G113/><T37/><D37/><U17/><E112/><V85/><F14/><W34/><G126/><T42/><D72/><U78/><E25/><V120/><F8/><W107/><G107/><T65/><D65/><U125/><E78/><V106/><REACH who="2" step="1"/><F120/><REACH who="2" ten="200,252,378,160" step="2"/><W129/><G129/><T68/><D68/><U63/><E125/><V52/><F52/><W49/><G38/><T100/><REACH who="0" step="1"/><D97/><REACH who="0" ten="190,252,378,160" step="2"/><U116/><E116/><V16/><F16/><AGARI ba="0,2" hai="13,15,16,17,33,35,36,39,40,43,61,63,90,91" machi="16" ten="25,3200,0" yaku="22,2,54,1" doraHai="132" who="1" fromWho="2" sc="190,0,252,52,378,-32,160,0" /><INIT seed="4,0,0,5,3,105" ten="190,304,346,160" oya="0" hai0="123,122,36,83,86,76,29,7,118,30,6,10,22" hai1="62,60,69,117,32,61,103,18,47,127,9,59,49" hai2="132,41,16,38,99,100,42,113,48,19,74,28,35" hai3="12,77,110,66,3,17,37,58,109,67,51,85,104"/><T92/><D118/><U133/><E117/><V128/><F74/><W27/><G104/><T33/><D6/><U84/><E69/><V107/><F38/><W26/><G3/><T115/><D115/><U39/><E32/><V20/><F113/><W63/><G37/><T50/><D36/><U46/><E103/><V120/><F120/><W56/><G109/><T121/><D33/><U71/><E84/><V1/><F1/><W2/><G2/><T93/><D50/><U57/><E9/><V5/><F5/><W95/><G110/><T112/><D112/><U54/><E18/><V55/><F132/><W44/><G77/><T31/><REACH who="0" step="1"/><D22/><REACH who="0" ten="180,304,346,160" step="2"/><U0/><E39/><V91/><F35/><W53/><G67/><T124/><D124/><U129/><E127/><V90/><F41/><W70/><G70/><T14/><AGARI ba="0,1" hai="7,10,14,29,30,31,76,83,86,92,93,121,122,123" machi="14" ten="40,7800,0" yaku="1,1,0,1,53,1" doraHai="105" doraHaiUra="81" who="0" fromWho="0" sc="180,88,304,-26,346,-26,160,-26" /><INIT seed="4,1,0,2,2,1" ten="268,278,320,134" oya="0" hai0="5,33,62,48,127,18,99,46,121,107,93,131,126" hai1="38,98,36,114,67,43,101,32,72,78,3,91,50" hai2="2,82,129,86,57,66,8,124,40,41,56,60,84" hai3="9,25,15,112,61,71,54,122,134,31,85,97,51"/><T70/><D121/><U74/><E32/><V11/><F129/><W42/><G122/><T102/><D131/><U115/><E67/><V63/><F124/><W14/><G134/><T111/><D111/><U6/><E91/><V116/><F116/><W35/><G112/><N who="1" m="43050" /><E50/><V68/><F68/><W55/><G15/><T23/><D33/><U106/><E78/><N who="2" m="46167" /><F86/><W19/><G85/><T89/><D70/><U75/><E43/><N who="2" m="16459" /><F2/><W12/><G12/><T76/><D76/><U119/><E119/><V88/><F88/><W58/><G71/><T24/><D126/><U22/><E22/><V94/><F94/><W117/><G97/><T7/><D62/><U79/><E79/><V77/><F77/><W13/><G13/><T37/><D37/><U105/><E106/><V110/><F110/><W103/><G103/><T34/><D34/><U123/><E123/><V44/><F44/><W28/><G117/><T104/><D127/><U17/><E17/><V73/><F73/><W87/><G87/><T53/><D107/><U0/><E0/><V4/><F4/><W20/><G42/><T39/><D39/><U132/><E132/><V21/><F21/><W108/><G108/><T69/><D69/><U95/><E95/><V52/><AGARI ba="1,0" hai="8,11,52,56,57,60,63,66" m="16459,46167" machi="52" ten="30,2000,0" yaku="8,1,54,1" doraHai="1" who="2" fromWho="2" sc="268,-11,278,-6,320,23,134,-6" /><INIT seed="5,0,0,4,0,43" ten="257,272,343,128" oya="1" hai0="75,123,105,94,14,34,48,95,69,6,121,63,21" hai1="5,66,132,27,30,100,86,50,31,108,29,68,3" hai2="67,80,32,38,126,24,56,102,82,59,25,124,4" hai3="55,26,76,36,35,20,131,104,120,92,117,119,115"/><U122/><E122/><V45/><F4/><W107/><G120/><T112/><D34/><U96/><E132/><V125/><F102/><W73/><G35/><T22/><D105/><U116/><E116/><V65/><F38/><W15/><G36/><T9/><D75/><U2/><E86/><V133/><F45/><W103/><G15/><T70/><D112/><U118/><E108/><V49/><F32/><W84/><G55/><T51/><D70/><U1/><E118/><N who="3" m="45066" /><G26/><N who="2" m="10345" /><F49/><W130/><G20/><T110/><D110/><U57/><E50/><V47/><F47/><W61/><G61/><T40/><D51/><U11/><E57/><N who="2" m="22091" /><F133/><W101/><G115/><T87/><D121/><U46/><E46/><V71/><F71/><W18/><G18/><T74/><D123/><U83/><E27/><V127/><F124/><W60/><G60/><T37/><D37/><U85/><E100/><N who="3" m="38474" /><G73/><T0/><D74/><U28/><E28/><V72/><F72/><W54/><G54/><T134/><D0/><U91/><E96/><V62/><F62/><W64/><G64/><AGARI ba="0,0" hai="64,65,67,80,82,125,126,127" m="22091,10345" machi="64" ten="40,5200,0" yaku="28,2,18,1" doraHai="43" who="2" fromWho="3" sc="257,0,272,0,343,52,128,-52" /><INIT seed="6,0,0,4,3,26" ten="257,272,395,76" oya="2" hai0="59,109,53,34,114,132,81,28,121,94,76,126,104" hai1="24,106,66,105,129,17,58,113,54,41,36,55,63" hai2="22,96,122,23,39,116,135,117,115,11,118,82,101" hai3="57,4,31,48,30,87,46,40,119,61,127,70,0"/><V133/><F39/><W15/><G119/><T5/><D121/><U75/><E75/><V50/><F122/><W7/><G127/><T19/><D109/><U128/><E105/><V14/><F50/><W10/><G70/><T2/><D104/><U92/><E106/><N who="2" m="63783" /><F82/><W98/><G98/><T83/><D114/><U12/><E113/><V99/><F99/><W35/><G35/><T90/><D132/><N who="2" m="50762" /><F115/><W13/><G87/><T131/><D83/><U123/><E123/><V79/><F79/><W93/><G0/><T45/><D2/><U27/><E92/><V3/><F3/><W68/><G93/><T72/><D81/><U95/><E95/><V100/><F100/><W111/><G68/><T77/><D76/><U44/><E55/><V71/><F71/><W38/><G111/><T33/><D77/><U20/><E66/><V16/><AGARI ba="0,0" hai="11,14,16,22,23,116,117,118" m="50762,63783" machi="16" ten="40,3900,0" yaku="20,1,54,1" doraHai="26" who="2" fromWho="2" sc="257,-13,272,-13,395,39,76,-13" /><INIT seed="6,1,0,3,3,7" ten="244,259,434,63" oya="2" hai0="88,13,3,117,103,99,66,55,95,40,14,2,5" hai1="119,44,125,105,31,42,56,98,15,109,71,45,21" hai2="130,126,0,59,37,133,134,51,115,35,112,97,94" hai3="25,39,111,128,32,12,64,82,62,89,78,69,100"/><V77/><F37/><W4/><G111/><T83/><D117/><U114/><E71/><V24/><F0/><W10/><G128/><T49/><D66/><U79/><E109/><V48/><F77/><W72/><G39/><T96/><D2/><U29/><E119/><V68/><F68/><W63/><G63/><T28/><D40/><U23/><E79/><V33/><F130/><W60/><G60/><T9/><D28/><U41/><E56/><V8/><F8/><W76/><G76/><T61/><D61/><U102/><E114/><V110/><F110/><W34/><G100/><T87/><REACH who="0" step="1"/><D99/><REACH who="0" ten="234,259,434,63" step="2"/><U17/><E125/><V84/><F126/><W74/><G72/><T93/><D93/><U90/><E31/><V131/><F97/><W65/><G65/><T124/><D124/><U52/><E52/><V113/><F131/><W53/><G53/><T107/><D107/><U121/><E121/><V104/><F104/><W70/><G70/><T101/><D101/><U106/><E105/><V92/><F92/><W122/><G122/><T6/><D6/><U86/><E42/><V16/><F94/><W38/><G38/><T43/><D43/><U20/><E41/><V116/><F116/><W127/><G127/><T54/><D54/><U80/><REACH who="1" step="1"/><E29/><REACH who="1" ten="234,249,434,63" step="2"/><V91/><F48/><W129/><G129/><T50/><D50/><U81/><E81/><V108/><F113/><W57/><G69/><T30/><D30/><U67/><E67/><V135/><F115/><W123/><G123/><T46/><AGARI ba="1,2" hai="3,5,9,13,14,46,49,55,83,87,88,95,96,103" machi="46" ten="20,8000,1" yaku="1,1,0,1,7,1,52,1,54,1,53,0" doraHai="7" doraHaiUra="132" who="0" fromWho="0" sc="234,103,249,-21,434,-41,63,-21" /><INIT seed="7,0,0,3,2,113" ten="337,228,393,42" oya="3" hai0="108,133,7,62,128,3,105,53,60,81,78,132,111" hai1="95,135,92,110,15,21,120,27,64,50,94,102,124" hai2="37,38,103,12,14,68,106,63,40,67,59,34,39" hai3="131,13,70,75,80,126,115,104,85,86,20,41,129"/><W28/><G70/><T114/><D105/><U90/><E120/><V46/><F12/><W72/><G115/><T10/><D114/><U42/><E110/><V122/><F122/><W24/><G104/><T4/><D4/><U49/><E102/><V61/><F14/><W18/><G41/><T33/><D33/><U66/><E135/><N who="0" m="51785" /><D128/><U89/><E15/><V32/><F59/><W45/><G45/><T77/><D77/><U82/><E124/><V101/><F61/><N who="0" m="23658" /><D53/><U98/><E82/><V11/><F11/><W73/><G126/><T1/><D1/><U112/><E112/><V35/><F103/><W51/><G51/><T31/><D31/><U16/><E94/><V9/><F9/><W123/><G123/><T25/><D25/><U118/><E118/><V134/><F134/><W55/><G55/><T8/><D8/><U79/><E79/><V97/><AGARI ba="0,0" hai="32,34,35,37,38,39,40,46,63,67,68,97,101,106" machi="97" ten="40,8000,1" yaku="0,1,33,3" doraHai="113" who="2" fromWho="2" sc="337,-20,228,-20,393,80,42,-40" owari="317,12.0,208,-19.0,473,57.0,2,-50.0" /></mjloggm>