<mjloggm ver="2.3"><GO type="169" lobby="0"/><UN n0="%E3%81%86%E3%81%98%E3%81%93" n1="%E8%B1%86%E3%83%80%E3%83%9E%E8%AD%A6%E5%AF%9F" n2="%E6%B2%B3%E7%AB%A5%E3%81%AE%E3%83%AF%E3%82%AB%E3%83%9E%E3%83%84" n3="%E3%81%86%E3%81%91%E3%81%AA%E3%81%8C%E3%81%97%E3%81%BE%E3%81%9B%E3%82%93" dan="16,16,17,16" rate="2062.78,2107.44,2158.31,2116.22" sx="M,M,M,F"/><TAIKYOKU oya="0"/><INIT seed="0,0,0,4,0,132" ten="250,250,250,250" oya="0" hai0="38,17,97,35,76,123,1,122,34,88,36,9,104" hai1="46,107,21,32,37,94,119,127,81,10,83,85,68" hai2="84,71,31,61,18,112,129,113,40,117,51,11,69" hai3="72,131,59,116,128,101,125,103,135,118,19,57,44"/><T39/><D17/><U8/><E68/><N who="2" m="26187" /><F31/><W70/><G70/><T25/><D88/><U115/><E107/><V5/><F18/><W54/><G19/><T22/><D22/><U47/><E119/><V65/><F84/><W77/><G77/><T16/><D76/><U74/><E32/><N who="0" m="12329" /><D97/><U28/><E37/><V91/><F91/><W130/><G135/><T126/><D104/><U45/><E74/><V109/><F11/><W93/><G72/><T89/><D89/><U105/><E105/><V30/><F5/><W78/><G78/><T64/><D64/><U73/><E73/><V114/><F30/><W62/><G44/><T29/><D39/><U4/><E115/><V48/><F117/><N who="3" m="45163" /><G59/><T120/><D38/><U14/><E94/><V24/><F113/><W86/><G86/><T42/><D42/><U26/><E10/><V2/><F40/><W134/><G134/><T7/><D36/><U79/><E83/><V92/><F92/><W27/><G93/><T80/><D80/><U3/><E14/><V96/><F96/><W66/><G27/><T53/><D29/><U13/><E13/><V49/><F24/><W33/><G33/><T110/><D53/><U56/><E28/><V12/><F112/><W55/><G55/><T43/><D43/><U82/><E82/><V50/><F114/><W124/><G54/><T100/><D122/><U87/><E87/><V121/><F121/><W20/><G20/><N who="0" m="13447" /><D123/><U58/><E26/><V15/><F65/><W133/><G133/><T63/><D120/><U23/><E79/><V67/><N who="2" m="12288" /><DORA hai="102" /><V111/><F67/><RYUUKYOKU ba="0,0" sc="250,-10,250,-10,250,-10,250,30" hai3="57,62,66,101,103,124,125,128,130,131" /><INIT seed="1,1,0,5,1,123" ten="240,240,240,280" oya="1" hai0="1,5,63,75,134,68,72,124,9,105,104,2,89" hai1="94,122,98,3,90,135,106,36,74,77,57,31,11" hai2="35,126,33,102,76,4,86,25,32,82,45,84,113" hai3="18,23,10,61,46,117,121,19,132,7,30,91,66"/><U69/><E122/><V103/><F126/><W133/><G121/><T112/><D89/><U128/><E135/><V17/><F113/><W125/><G125/><T93/><D93/><U80/><E128/><V52/><F4/><W20/><G46/><T12/><D124/><U100/><E69/><V49/><REACH who="2" step="1"/><F84/><REACH who="2" ten="240,240,230,280" step="2"/><W119/><G7/><T55/><D112/><U59/><E36/><V97/><F97/><W88/><G133/><T114/><D114/><U47/><E98/><V37/><F37/><W131/><G132/><T44/><D75/><U108/><E74/><V16/><F16/><W53/><G19/><T107/><D72/><U22/><E31/><V48/><F48/><W29/><G18/><T71/><D2/><U96/><E3/><V109/><F109/><W120/><G120/><T116/><D1/><U99/><E108/><V6/><F6/><W24/><G131/><T129/><D134/><U79/><E99/><V127/><F127/><W21/><G30/><T15/><D129/><U40/><E106/><V85/><F85/><W130/><G130/><T92/><D5/><U118/><E118/><V34/><N who="2" m="8192" /><DORA hai="26" /><V8/><F8/><W83/><G10/><T101/><D105/><U43/><E11/><V70/><F70/><W111/><G111/><T95/><D107/><U14/><E96/><V39/><F39/><W60/><G119/><T51/><D9/><U65/><E100/><V73/><F73/><W28/><G117/><T110/><D110/><U13/><E22/><AGARI ba="1,1" hai="17,22,25,45,49,52,76,82,86,102,103" m="8192" machi="22" ten="70,8000,1" yaku="1,1,54,1,53,1" doraHai="123,26" doraHaiUra="81,87" who="2" fromWho="1" sc="240,0,240,-83,230,93,280,0" /><INIT seed="2,0,0,3,0,61" ten="240,157,323,280" oya="2" hai0="100,66,59,95,89,11,16,57,79,54,109,22,67" hai1="24,20,26,97,58,21,23,102,32,76,64,60,41" hai2="2,45,36,35,119,38,68,131,94,52,98,120,132" hai3="44,13,56,122,14,19,108,42,82,84,103,71,115"/><V1/><F119/><W6/><G122/><T9/><D109/><U63/><E76/><V34/><F120/><W78/><G71/><T134/><D100/><U104/><E41/><V73/><F68/><W86/><G108/><T105/><D105/><U135/><E135/><V25/><F132/><W110/><G110/><T87/><D79/><U65/><REACH who="1" step="1"/><E32/><REACH who="1" ten="240,147,323,280" step="2"/><V48/><F35/><W3/><G42/><T47/><D134/><U37/><E37/><V91/><F73/><W12/><G78/><T114/><D114/><U127/><E127/><V33/><F34/><W55/><G115/><T28/><D47/><U31/><E31/><V118/><F118/><W125/><G44/><T107/><D28/><U101/><E101/><V43/><F38/><W39/><G39/><T77/><D77/><U124/><E124/><V4/><F36/><W92/><G103/><T29/><D29/><U27/><E27/><V129/><F33/><W62/><G125/><T18/><D107/><U133/><E133/><V40/><F43/><W113/><G113/><T69/><D69/><AGARI ba="0,1" hai="20,21,23,24,26,58,60,63,64,65,69,97,102,104" machi="69" ten="40,5200,0" yaku="1,1,52,2,53,0" doraHai="61" doraHaiUra="15" who="1" fromWho="0" sc="240,-52,147,62,323,0,280,0" /><INIT seed="3,0,0,5,4,125" ten="188,209,323,280" oya="3" hai0="87,31,67,111,106,131,40,83,94,33,84,90,98" hai1="109,77,97,103,29,46,79,80,120,9,55,23,37" hai2="7,50,122,25,41,0,105,91,123,118,59,99,121" hai3="78,74,38,124,61,119,115,4,48,44,22,89,71"/><W62/><G115/><T56/><D111/><U19/><E120/><V72/><F118/><W112/><G112/><T39/><D33/><U129/><E109/><V11/><F72/><W42/><G119/><T70/><D31/><U75/><E79/><V17/><F25/><W1/><G124/><T27/><D27/><U135/><E135/><V88/><F17/><W51/><G89/><T21/><D21/><U53/><E29/><V81/><F81/><W10/><G22/><T64/><D70/><U65/><E65/><V85/><F85/><W43/><G43/><T133/><D133/><U5/><E129/><V47/><REACH who="2" step="1"/><F59/><REACH who="2" ten="188,209,313,280" step="2"/><W60/><G71/><T117/><D56/><U104/><E19/><V69/><F69/><W20/><G20/><T58/><D58/><U24/><E23/><V6/><F6/><W127/><G127/><T45/><D87/><U76/><E24/><V36/><F36/><W102/><G74/><T126/><D117/><U18/><E18/><V52/><F52/><W96/><REACH who="3" step="1"/><G78/><REACH who="3" ten="188,209,313,270" step="2"/><T101/><D126/><U68/><E68/><V82/><F82/><W14/><G14/><T13/><D13/><U34/><E77/><V16/><F16/><W28/><G28/><T86/><D83/><U93/><E34/><V26/><F26/><W15/><G15/><T73/><D73/><U66/><E75/><V12/><F12/><W92/><AGARI ba="0,2" hai="1,4,10,38,42,44,48,51,60,61,62,92,96,102" machi="92" ten="30,6000,0" yaku="1,1,0,1,53,1" doraHai="125" doraHaiUra="35" who="3" fromWho="3" sc="188,-20,209,-20,313,-20,270,80" /><INIT seed="3,1,0,0,0,85" ten="168,189,293,350" oya="3" hai0="46,33,55,0,129,135,122,78,45,125,93,51,54" hai1="66,115,61,74,128,1,127,49,117,77,19,97,88" hai2="80,63,81,13,132,18,9,14,116,87,90,25,4" hai3="79,53,56,89,106,57,15,121,27,94,11,83,107"/><W28/><G121/><T35/><D122/><U98/><E115/><V91/><F116/><W71/><G71/><T16/><D129/><U100/><E117/><V12/><F132/><W84/><G107/><T7/><D135/><U42/><E1/><V23/><F63/><W41/><G41/><T104/><D104/><U95/><E128/><V134/><F134/><W59/><G106/><T40/><D78/><U118/><E118/><V34/><F34/><W102/><G102/><T48/><D40/><U76/><E127/><V60/><F60/><W67/><G67/><T31/><D31/><U103/><E74/><V111/><F111/><W114/><G114/><T5/><D93/><N who="1" m="58415" /><E19/><V96/><F81/><W69/><G69/><T123/><D0/><U110/><E110/><V120/><F120/><W131/><G131/><T133/><D133/><U130/><E130/><V70/><F70/><W37/><G37/><T62/><D62/><U105/><E105/><V38/><F38/><W99/><G53/><T24/><D123/><U30/><E30/><V65/><F65/><W36/><G36/><T6/><D125/><U2/><E2/><V72/><F72/><W44/><G44/><T126/><D126/><U47/><E103/><V3/><REACH who="2" step="1"/><F96/><REACH who="2" ten="168,189,283,350" step="2"/><W73/><G73/><T26/><D35/><U109/><E109/><V32/><F32/><W58/><G99/><T124/><D124/><U75/><E75/><V39/><F39/><W22/><G83/><T21/><D33/><U86/><E98/><V17/><F17/><W10/><N who="3" m="14336" /><DORA hai="108" /><W68/><G68/><T43/><D43/><RYUUKYOKU ba="1,1" sc="168,10,189,10,283,10,350,-30" hai0="5,6,7,16,21,24,26,45,46,48,51,54,55" hai1="42,47,49,61,66,76,77,86,88,95" hai2="3,4,9,12,13,14,18,23,25,80,87,90,91" /><INIT seed="4,2,1,4,3,120" ten="178,199,293,320" oya="0" hai0="10,72,103,73,59,81,37,48,74,119,123,57,128" hai1="127,63,112,19,70,47,16,64,1,36,7,62,116" hai2="79,50,118,26,71,87,91,44,122,28,132,11,115" hai3="3,13,5,66,32,117,89,2,41,114,105,35,135"/><T107/><D123/><U83/><E116/><V88/><F122/><W121/><G121/><T104/><D119/><U131/><E131/><V12/><F71/><W84/><G105/><T46/><D128/><U97/><E127/><V54/><F118/><W98/><G117/><T56/><D37/><U67/><E112/><V58/><F115/><W134/><G114/><T43/><D103/><U14/><E97/><V65/><F132/><N who="3" m="50731" /><G66/><T61/><D81/><U52/><E83/><V21/><F79/><W110/><G41/><T106/><REACH who="0" step="1"/><D10/><REACH who="0" ten="168,199,293,320" step="2"/><U82/><E82/><V77/><F77/><W8/><G8/><T22/><D22/><U80/><E36/><V101/><F101/><W33/><G33/><T40/><D40/><U15/><E80/><V17/><REACH who="2" step="1"/><F87/><REACH who="2" ten="168,199,283,320" step="2"/><W92/><G84/><T124/><D124/><U93/><E93/><V49/><F49/><W39/><G39/><T4/><D4/><U85/><E7/><V53/><F53/><AGARI ba="2,3" hai="43,46,48,53,56,57,59,61,72,73,74,104,106,107" machi="53" ten="50,2400,0" yaku="1,1,53,0" doraHai="120" doraHaiUra="133" who="0" fromWho="2" sc="168,60,199,0,283,-30,320,0" /><INIT seed="4,3,0,4,4,88" ten="228,199,253,320" oya="0" hai0="46,13,101,80,91,113,78,0,37,119,96,83,94" hai1="11,126,109,87,114,120,50,54,69,125,48,64,89" hai2="130,17,103,71,79,8,105,34,68,65,131,58,75" hai3="116,124,115,1,62,19,121,60,61,23,53,43,25"/><T128/><D0/><U104/><E120/><V33/><F58/><W56/><G116/><T90/><D37/><U72/><E72/><V81/><F17/><W122/><G115/><T31/><D31/><U66/><E104/><V93/><F8/><W70/><G1/><T108/><D119/><U82/><E109/><V55/><F55/><W24/><G124/><N who="1" m="47722" /><E114/><V117/><F93/><W51/><G70/><N who="2" m="26665" /><F65/><N who="1" m="25193" /><E69/><V110/><F110/><W32/><G43/><T98/><D13/><U14/><E54/><V111/><F111/><W27/><REACH who="3" step="1"/><G32/><REACH who="3" ten="228,199,253,310" step="2"/><N who="2" m="12393" /><F117/><W40/><G40/><T57/><D108/><U95/><E82/><V20/><F81/><W84/><G84/><T85/><D113/><U100/><E100/><V97/><F103/><W123/><AGARI ba="3,1" hai="19,23,24,25,27,51,53,56,60,61,62,121,122,123" machi="123" ten="40,5200,0" yaku="1,1,0,1,13,1,53,0" doraHai="88" doraHaiUra="2" who="3" fromWho="3" sc="228,-29,199,-16,253,-16,310,71" /><INIT seed="5,0,0,3,3,126" ten="199,183,237,381" oya="1" hai0="127,11,33,57,81,22,91,119,108,74,110,63,117" hai1="102,78,112,76,82,50,132,113,10,121,18,99,89" hai2="28,34,94,80,134,20,51,32,107,5,16,13,92" hai3="106,128,124,125,71,40,67,133,83,84,79,123,39"/><U44/><E121/><V61/><F107/><W6/><G123/><T43/><D33/><U42/><E132/><V0/><F134/><W25/><G133/><T36/><D127/><U70/><E70/><V19/><F51/><W62/><G106/><T47/><D110/><U27/><E89/><V53/><F80/><W118/><G118/><T64/><D108/><U21/><E10/><N who="2" m="2343" /><F32/><W30/><G6/><T122/><D122/><U131/><E131/><V2/><F19/><W59/><G128/><T17/><D11/><U15/><E27/><N who="2" m="18719" /><F2/><W37/><G125/><T97/><D74/><U1/><E1/><V109/><F109/><W88/><G124/><T86/><REACH who="0" step="1"/><D97/><REACH who="0" ten="189,183,237,381" step="2"/><U56/><E112/><V77/><F77/><W29/><G79/><T4/><D4/><U58/><E113/><V38/><F38/><W130/><G39/><T46/><D46/><U7/><E7/><V115/><F115/><W49/><G130/><T3/><D3/><U96/><E78/><V65/><F53/><W120/><G120/><T31/><D31/><U90/><E76/><V41/><F41/><W60/><G37/><T114/><D114/><U45/><E45/><V23/><F20/><W12/><G30/><T111/><D111/><U104/><REACH who="1" step="1"/><E99/><REACH who="1" ten="189,173,237,381" step="2"/><V129/><F129/><W26/><G29/><T95/><D95/><U68/><E68/><AGARI ba="0,2" hai="13,16,23,61,65,68,92,94" m="18719,2343" machi="68" ten="30,2000,0" yaku="24,1,54,1" doraHai="126" who="2" fromWho="1" sc="189,0,173,-20,237,40,381,0" /><INIT seed="6,0,0,5,5,42" ten="189,153,277,381" oya="2" hai0="71,98,63,10,57,21,126,46,43,5,91,12,81" hai1="70,61,68,116,97,79,83,59,106,18,135,66,29" hai2="94,55,45,3,7,101,131,33,44,75,20,26,31" hai3="113,104,40,121,15,38,90,14,37,60,28,127,4"/><V124/><F75/><W84/><G121/><T99/><D126/><U16/><E116/><V52/><F124/><W69/><G104/><T105/><D71/><U56/><E135/><V130/><F33/><W107/><G107/><T134/><D134/><U109/><E109/><V108/><F108/><W118/><G118/><T54/><D105/><U129/><E129/><N who="2" m="49163" /><F3/><W89/><G28/><T17/><D81/><U36/><E36/><V19/><F7/><W62/><G40/><T22/><D91/><U39/><E39/><V74/><F19/><W49/><G49/><T72/><D21/><U123/><E123/><V114/><F114/><W111/><G84/><T110/><D72/><U53/><E29/><V35/><F20/><W0/><G4/><T76/><D76/><U8/><E106/><V78/><F78/><W133/><G0/><T2/><REACH who="0" step="1"/><D110/><REACH who="0" ten="179,153,277,381" step="2"/><U65/><E8/><V47/><F74/><W122/><G127/><T77/><D77/><U9/><E70/><V112/><F112/><W92/><G69/><T88/><D88/><U50/><E68/><V132/><F132/><W95/><G133/><T103/><D103/><U119/><E119/><V58/><F101/><W87/><G111/><T13/><D13/><N who="1" m="7215" /><E97/><V51/><F94/><W128/><G113/><T41/><D41/><U100/><E100/><V23/><F23/><W102/><G102/><T27/><D27/><U85/><E18/><V96/><F96/><N who="3" m="57359" /><G128/><T25/><D25/><U86/><E86/><V6/><F6/><W80/><G87/><T24/><D24/><U34/><E34/><V64/><F35/><RYUUKYOKU ba="0,1" sc="179,15,153,15,277,-15,381,-15" hai0="2,5,10,12,17,22,43,46,54,57,63,98,99" hai1="50,53,56,59,61,65,66,79,83,85" /><INIT seed="7,1,1,1,0,37" ten="194,168,262,366" oya="3" hai0="74,79,59,49,104,126,68,38,22,133,5,8,36" hai1="134,118,47,60,24,31,6,95,96,86,54,106,75" hai2="72,2,84,42,100,78,29,17,14,102,82,32,3" hai3="48,89,43,58,93,55,107,7,97,115,39,69,124"/><W30/><G115/><T127/><D68/><U63/><E75/><V61/><F32/><W94/><G69/><T52/><D104/><U116/><E106/><V65/><F29/><W119/><G124/><N who="0" m="47659" /><D133/><U1/><E1/><V90/><F2/><W35/><G94/><T53/><D22/><U103/><E6/><V16/><F3/><W88/><G89/><T26/><D26/><U85/><E134/><V99/><F42/><W44/><G7/><T50/><D79/><U123/><E123/><V25/><F25/><W135/><G119/><T33/><D74/><U87/><E116/><V91/><F91/><W80/><G80/><T101/><D101/><U70/><E118/><V76/><F100/><W4/><G55/><T125/><D33/><U108/><E108/><V64/><F78/><W129/><G39/><N who="0" m="14891" /><D5/><U132/><E132/><V117/><F117/><W15/><G93/><T51/><N who="0" m="47667" /><T66/><DORA hai="109" /><D8/><U19/><E70/><V92/><F61/><AGARI ba="1,1" hai="49,50,51,52,53,59,61,66" m="14891,47667" machi="61" ten="50,8000,1" yaku="18,1,34,2,54,1" doraHai="37,109" who="0" fromWho="2" sc="194,93,168,0,262,-83,366,0" owari="287,9.0,168,-33.0,179,-22.0,366,46.0" /></mjloggm>