<mjloggm ver="2.3"><GO type="169" lobby="0"/><UN n0="%EF%BC%98%EF%BC%90%EF%BC%90%EF%BC%98" n1="%E6%98%AF%E6%94%BF%E3%81%AE%E5%A4%95%E9%99%BD" n2="%E3%83%90%E3%83%AA%E3%83%88%E3%83%B3" n3="%E6%BC%82%E3%81%86" dan="17,16,16,16" rate="2182.17,2146.10,2187.68,2042.29" sx="M,M,M,M"/><TAIKYOKU oya="0"/><INIT seed="0,0,0,4,0,6" ten="250,250,250,250" oya="0" hai0="60,13,127,21,133,35,37,28,82,78,92,79,130" hai1="59,98,4,95,84,81,132,66,17,131,18,14,24" hai2="80,20,63,110,125,121,126,15,74,7,54,90,46" hai3="0,49,99,27,69,45,115,39,87,109,34,26,89"/><T30/><D37/><U100/><E131/><V12/><F121/><W62/><G0/><T124/><D130/><U77/><E132/><V134/><F134/><W85/><G34/><T105/><D105/><U16/><E24/><V112/><F112/><W22/><G39/><T118/><D118/><U56/><REACH who="1" step="1"/><E66/><REACH who="1" ten="250,240,250,250" step="2"/><V97/><F126/><W88/><G27/><T51/><D133/><U68/><E68/><V2/><F125/><W50/><G26/><T75/><D124/><U73/><E73/><V128/><F128/><W42/><G69/><T102/><D127/><U117/><E117/><V47/><F74/><W44/><G115/><T119/><D119/><U108/><E108/><V104/><F110/><W32/><G109/><T3/><D75/><U29/><E29/><V107/><F107/><W91/><G32/><T113/><D35/><U38/><E38/><V52/><F104/><W41/><G99/><N who="0" m="59751" /><D113/><U94/><E94/><V1/><F97/><W103/><G87/><T93/><D93/><U57/><E57/><V64/><F64/><W43/><G85/><T61/><D30/><U70/><E70/><V11/><F47/><W48/><G45/><T129/><D28/><U36/><E36/><V58/><F46/><W135/><G44/><T9/><D129/><U96/><E96/><V111/><F111/><W8/><G135/><T33/><D33/><U86/><E86/><N who="2" m="50503" /><F54/><W25/><G43/><T106/><D106/><U40/><E40/><V67/><F67/><W114/><G42/><T55/><D55/><U72/><E72/><V23/><F52/><W31/><G41/><RYUUKYOKU ba="0,1" sc="250,-10,240,30,250,-10,250,-10" hai1="4,14,16,17,18,56,59,77,81,84,95,98,100" /><INIT seed="1,1,1,3,2,58" ten="240,270,240,240" oya="1" hai0="99,119,115,54,111,61,134,27,14,86,80,3,13" hai1="112,89,79,56,98,103,132,68,62,100,23,44,87" hai2="93,85,97,10,129,109,8,102,76,90,135,130,51" hai3="48,4,35,128,126,81,29,5,41,17,106,74,77"/><U38/><E112/><V118/><F118/><W7/><G106/><T108/><D3/><U49/><E38/><V88/><F109/><N who="0" m="42058" /><D119/><U91/><E68/><V69/><F135/><W28/><G128/><N who="2" m="49257" /><F69/><W47/><G126/><T25/><D115/><U127/><E132/><V101/><F51/><W71/><G35/><T120/><D99/><U12/><E127/><V92/><F8/><W33/><G33/><T107/><D107/><U31/><E79/><V105/><F10/><W55/><G71/><T95/><D95/><N who="1" m="56703" /><E31/><V121/><F121/><W30/><G17/><T73/><D73/><U40/><E23/><V46/><F46/><W59/><REACH who="3" step="1"/><G30/><REACH who="3" ten="240,270,240,230" step="2"/><T60/><D134/><U125/><E125/><V65/><F105/><W122/><G122/><T83/><D120/><U96/><E96/><N who="2" m="57351" /><F65/><W75/><G75/><T22/><D86/><U21/><E21/><V0/><F0/><W78/><G78/><T37/><D22/><U63/><E12/><V82/><AGARI ba="1,2" hai="76,82,85,90,93,97,101,102" m="57351,49257" machi="82" ten="30,7900,0" yaku="19,1,34,2,54,1" doraHai="58" who="2" fromWho="2" sc="240,-21,270,-40,240,102,230,-21" /><INIT seed="2,0,0,2,3,35" ten="219,230,342,209" oya="2" hai0="84,90,78,120,83,45,25,46,9,117,99,63,47" hai1="71,129,14,68,10,51,28,7,33,61,79,122,42" hai2="69,91,101,111,124,38,118,93,27,41,115,58,105" hai3="133,20,56,5,36,1,66,106,34,87,26,53,92"/><V62/><F115/><W98/><G34/><T29/><D120/><U19/><E129/><V16/><F118/><W4/><G36/><T96/><D117/><U114/><E114/><V76/><F69/><W135/><G106/><T65/><D9/><U0/><E122/><V70/><F70/><W132/><G87/><T49/><D49/><U81/><E61/><V80/><F124/><W23/><G66/><T57/><REACH who="0" step="1"/><D78/><REACH who="0" ten="209,230,342,209" step="2"/><U74/><E51/><V121/><F121/><W11/><G5/><T48/><D48/><U55/><E42/><V13/><F41/><W30/><G23/><AGARI ba="0,1" hai="23,25,29,45,46,47,57,63,65,83,84,90,96,99" machi="23" ten="40,2600,0" yaku="1,1,8,1,53,0" doraHai="35" doraHaiUra="100" who="0" fromWho="3" sc="209,36,230,0,342,0,209,-26" /><INIT seed="3,0,0,1,5,70" ten="245,230,342,183" oya="3" hai0="58,28,16,66,59,109,49,82,21,24,45,6,134" hai1="46,68,106,18,53,71,1,39,114,2,95,9,64" hai2="73,92,91,51,10,15,121,36,8,44,48,30,74" hai3="116,96,14,131,29,57,130,43,85,97,62,108,100"/><W78/><G116/><T81/><D109/><U41/><E114/><V119/><F121/><W135/><G135/><T90/><D134/><U5/><E2/><V17/><F30/><W0/><G0/><T40/><D6/><U84/><E106/><V129/><F129/><W63/><G108/><T83/><D66/><U112/><E112/><V60/><F60/><W65/><G43/><T89/><D89/><U117/><E117/><V69/><F69/><W105/><G29/><T56/><D90/><U125/><E125/><V12/><F51/><W124/><G124/><T25/><REACH who="0" step="1"/><D82/><REACH who="0" ten="235,230,342,183" step="2"/><U27/><E64/><V132/><F132/><W35/><G130/><T19/><D19/><U50/><E18/><V31/><F119/><W61/><G131/><T115/><D115/><U133/><E133/><V20/><F31/><W72/><G65/><T38/><D38/><U126/><E126/><V94/><F36/><W127/><G127/><T32/><AGARI ba="0,1" hai="16,21,24,25,28,32,40,45,49,56,58,59,81,83" machi="32" ten="30,8000,1" yaku="1,1,0,1,54,1,53,2" doraHai="70" doraHaiUra="23" who="0" fromWho="0" sc="235,90,230,-20,342,-20,183,-40" /><INIT seed="4,0,0,0,0,60" ten="325,210,322,143" oya="0" hai0="114,18,64,81,133,17,94,44,19,51,125,8,37" hai1="73,22,50,39,102,132,59,121,100,130,32,10,90" hai2="1,29,23,88,58,86,87,79,67,105,40,16,14" hai3="126,124,115,52,134,43,47,76,5,45,53,92,2"/><T89/><D114/><U84/><E73/><V112/><F105/><W80/><G2/><T111/><D125/><N who="3" m="48233" /><G5/><T107/><D107/><U74/><E74/><V54/><F1/><W118/><G115/><T65/><D37/><U42/><E39/><V120/><F120/><W96/><G118/><T25/><D133/><U57/><E32/><V4/><F4/><W46/><G43/><N who="0" m="24991" /><D111/><U38/><E132/><V104/><F104/><W27/><G27/><T63/><D63/><U69/><E69/><V11/><F40/><W95/><G134/><T6/><D81/><U123/><E130/><V49/><F112/><W119/><G119/><T62/><D62/><U93/><E38/><V116/><F116/><W48/><G48/><T35/><D35/><U31/><E10/><V98/><F79/><W122/><G122/><T82/><D82/><U0/><E0/><V36/><F36/><W75/><G95/><T77/><D77/><U15/><E121/><V61/><F29/><W33/><G33/><T127/><D25/><N who="1" m="16823" /><E15/><V3/><F3/><W101/><AGARI ba="0,0" hai="45,46,47,52,53,75,76,80,92,96,101" m="48233" machi="101" ten="30,2000,0" yaku="18,1,54,1" doraHai="60" who="3" fromWho="3" sc="325,-10,210,-5,322,-5,143,20" /><INIT seed="5,0,0,4,4,104" ten="315,205,317,163" oya="1" hai0="116,78,126,73,80,117,76,99,134,132,71,46,43" hai1="57,48,84,52,54,101,110,94,70,123,7,18,91" hai2="27,100,12,64,87,59,119,133,21,49,31,40,0" hai3="33,51,77,88,47,125,22,98,60,121,58,127,129"/><U30/><E123/><V44/><F0/><W102/><G33/><T55/><D55/><U103/><E110/><V95/><F119/><W14/><G121/><T37/><D71/><U65/><E70/><V124/><F124/><W36/><G36/><T17/><D126/><U13/><E65/><V5/><F133/><N who="0" m="51306" /><D17/><U130/><E130/><V83/><F5/><W10/><G129/><T3/><D3/><U86/><E30/><V4/><F4/><W38/><G38/><T67/><D67/><U20/><E7/><V50/><F12/><W105/><G77/><T118/><D78/><U68/><E68/><V24/><F24/><W45/><G125/><T114/><D114/><U26/><E26/><V8/><F8/><W115/><G115/><T1/><D1/><U109/><E109/><V66/><F50/><W62/><G127/><T96/><AGARI ba="0,0" hai="37,43,46,73,76,80,96,99,116,117,118" m="51306" machi="96" ten="40,2700,0" yaku="20,1,52,1" doraHai="104" who="0" fromWho="0" sc="315,27,205,-13,317,-7,163,-7" /><INIT seed="6,0,0,0,3,91" ten="342,192,310,156" oya="2" hai0="15,6,50,28,3,95,89,97,19,113,132,42,80" hai1="23,73,85,49,47,126,100,2,55,56,87,32,46" hai2="66,40,21,29,96,86,41,26,44,5,13,103,75" hai3="57,72,11,54,33,122,71,125,79,51,127,93,123"/><V20/><F75/><W12/><G33/><T1/><D113/><U101/><E73/><V0/><F0/><W83/><G71/><T135/><D28/><U107/><E32/><V84/><F66/><W102/><G122/><T131/><D131/><U134/><E2/><V108/><F41/><W98/><REACH who="3" step="1"/><G123/><REACH who="3" ten="342,192,310,146" step="2"/><T36/><D132/><U43/><E134/><V68/><F68/><W114/><G114/><T17/><D135/><U58/><E126/><V59/><F108/><W81/><G81/><T37/><D80/><U22/><E107/><V109/><F109/><W82/><G82/><T69/><D69/><U18/><E23/><V4/><F21/><W88/><G88/><T31/><D89/><U106/><E106/><V112/><F112/><W35/><G35/><T120/><D120/><U124/><E124/><V10/><F5/><AGARI ba="0,1" hai="5,11,12,51,54,57,72,79,83,93,98,102,125,127" machi="5" ten="40,2600,0" yaku="1,1,52,1,53,0" doraHai="91" doraHaiUra="34" who="3" fromWho="2" sc="342,0,192,0,310,-26,146,36" /><INIT seed="7,0,0,2,3,129" ten="342,192,284,182" oya="3" hai0="128,32,53,134,42,8,19,112,16,14,113,15,100" hai1="130,44,59,86,30,26,118,6,71,89,84,40,22" hai2="28,125,37,58,29,65,4,117,82,23,0,121,11" hai3="68,111,70,75,110,63,103,24,94,90,52,39,62"/><W133/><G75/><T108/><D134/><U85/><E71/><V69/><F117/><W18/><G39/><T50/><D108/><N who="3" m="41513" /><G103/><T79/><D32/><U34/><E130/><V64/><F69/><N who="3" m="26731" /><G133/><T10/><D128/><U12/><E118/><V61/><F37/><W55/><G24/><T98/><D79/><U104/><E104/><V21/><F125/><W88/><G18/><T99/><D42/><U3/><E3/><V33/><F121/><W76/><G76/><T20/><D20/><U46/><E34/><V97/><F65/><W48/><G55/><T114/><D100/><U105/><E105/><V120/><F120/><W25/><G25/><T126/><D126/><U116/><E116/><V9/><F33/><W119/><G119/><T54/><D54/><U7/><E89/><N who="3" m="34410" /><G94/><T49/><D49/><N who="1" m="26759" /><E12/><V56/><F97/><W92/><G92/><T67/><D67/><U87/><E46/><AGARI ba="0,0" hai="46,48,52,62,63" m="34410,26731,41513" machi="46" ten="30,5800,0" yaku="10,1,54,2" doraHai="129" who="3" fromWho="1" sc="342,0,192,-58,284,0,182,58" /><AGARI ba="0,0" hai="8,10,14,15,16,19,46,50,53,98,99,112,113,114" machi="46" ten="40,8000,1" yaku="9,1,15,1,11,1,54,1" doraHai="129" who="0" fromWho="1" sc="342,80,134,-80,284,0,240,0" /><INIT seed="7,1,0,1,5,111" ten="422,54,284,240" oya="3" hai0="116,33,77,55,15,104,100,6,86,12,80,21,105" hai1="123,63,93,10,112,62,1,95,88,57,72,51,14" hai2="75,31,124,67,53,8,118,78,16,133,122,48,52" hai3="114,39,35,79,132,73,108,4,84,107,3,113,38"/><W69/><G69/><T71/><D33/><U65/><E72/><V134/><F118/><W103/><G108/><T125/><D116/><U58/><E1/><V119/><F119/><W44/><G35/><T94/><D71/><U126/><E126/><V102/><F124/><W32/><G32/><T34/><D34/><U29/><E123/><V85/><F75/><W59/><G59/><T50/><D15/><U89/><E29/><V61/><F31/><W43/><G84/><T81/><D81/><U17/><E112/><N who="3" m="43114" /><G132/><N who="2" m="50793" /><F122/><W131/><G131/><T40/><D86/><U27/><E27/><V7/><F102/><W56/><G56/><T129/><D100/><U120/><E120/><V87/><F7/><W99/><G39/><T11/><D129/><U101/><E51/><V97/><F97/><W19/><G19/><T41/><D50/><U46/><E46/><V130/><F130/><W26/><G26/><T110/><D110/><U30/><E30/><V68/><F48/><W64/><G64/><T22/><D125/><U0/><E0/><V135/><F85/><W83/><G3/><T5/><D5/><AGARI ba="1,0" hai="4,5,38,43,44,73,79,83,99,103,107" m="43114" machi="5" ten="30,11600,0" yaku="15,1,52,3" doraHai="111" who="3" fromWho="0" sc="422,-119,54,0,284,0,240,119" owari="303,10.0,54,-45.0,284,-12.0,359,47.0" /></mjloggm>