<mjloggm ver="2.3"><GO type="185" lobby="0"/><UN n0="%E3%82%8C%E3%81%99%E3%81%93" n1="%E5%B8%AB%E5%8C%A0%2F%E9%9B%80%E9%AC%BC" n2="%E2%99%AA%E5%A4%A2%E5%85%88%E6%A1%88%E5%86%85%E4%BA%BA" n3="" dan="16,17,16,0" rate="2237.20,2212.58,2205.03,1500.00" sx="F,M,F,C"/><TAIKYOKU oya="0"/><INIT seed="0,0,0,1,1,90" ten="350,350,350,0" oya="0" hai0="109,71,124,0,134,81,122,48,120,65,106,95,43" hai1="55,35,64,84,33,117,37,50,128,116,34,111,133" hai2="49,125,40,46,88,130,38,73,72,1,51,67,112" hai3=""/><T123/><N who="0" m="30752" /><T60/><N who="0" m="31264" /><T44/><N who="0" m="31520" /><T102/><D0/><U3/><E3/><V66/><F1/><T135/><D124/><U54/><E37/><V36/><F112/><T121/><N who="0" m="31008" /><T127/><D127/><U59/><E111/><V103/><F103/><T118/><D118/><U39/><E39/><V79/><F130/><T98/><D109/><U107/><E107/><V92/><F36/><T41/><D41/><U62/><E133/><N who="0" m="50697" /><D81/><U96/><E117/><V83/><F72/><T47/><D47/><U32/><E116/><V110/><F125/><T132/><N who="0" m="50705" /><T63/><DORA hai="76" /><D63/><U82/><E62/><V131/><F131/><T68/><D68/><U119/><E128/><V75/><F110/><T91/><D91/><U113/><E119/><V101/><F40/><T45/><D45/><U100/><E35/><V93/><F46/><T53/><D43/><U126/><E32/><V80/><F88/><T57/><D71/><U58/><E33/><V89/><F89/><T2/><D2/><U69/><E34/><V129/><F129/><T97/><D97/><U104/><E96/><V70/><F70/><T86/><D86/><U61/><E126/><V105/><F80/><T87/><D87/><RYUUKYOKU ba="0,0" sc="350,20,350,-10,350,-10,0,0" hai0="44,48,53,57,60,65,95,98,102,106" /><INIT seed="0,1,0,4,0,57" ten="370,340,340,0" oya="0" hai0="89,108,114,133,109,120,132,118,87,96,38,90,121" hai1="47,92,117,111,78,103,134,106,98,83,62,0,54" hai2="84,67,44,51,61,95,42,99,2,74,104,66,53" hai3=""/><T3/><N who="0" m="30752" /><T52/><N who="0" m="31008" /><T123/><N who="0" m="31520" /><T72/><D3/><U100/><E117/><V45/><F74/><T63/><D118/><U113/><E0/><V60/><F2/><T101/><D38/><U93/><E111/><N who="0" m="42569" /><D72/><U70/><E134/><N who="0" m="51817" /><D114/><U107/><E113/><V105/><F84/><T131/><D131/><U135/><E135/><V68/><F44/><T58/><D87/><U80/><E47/><V125/><F42/><T1/><D1/><U64/><E54/><V48/><F48/><T79/><D79/><U50/><E50/><V91/><REACH who="2" step="1"/><F125/><REACH who="2" ten="370,340,330,0" step="2"/><T41/><D41/><U33/><E33/><V122/><N who="2" m="31264" /><V115/><F115/><T97/><D97/><U88/><E98/><V49/><F49/><T127/><D127/><U36/><E36/><V55/><F55/><T56/><D56/><AGARI ba="1,1" hai="45,51,53,56,60,61,66,67,68,91,95,99,104,105" m="31264" machi="56" ten="30,8000,1" yaku="1,1,7,1,52,3,53,0" doraHai="57" doraHaiUra="37" who="2" fromWho="0" sc="370,-82,340,0,330,92,0,0" /><INIT seed="1,0,0,2,0,79" ten="288,340,422,0" oya="1" hai0="75,107,98,112,37,69,132,126,120,109,123,127,80" hai1="110,76,92,122,54,43,121,78,128,34,96,67,85" hai2="82,42,51,105,131,36,100,33,46,66,91,101,45" hai3=""/><U106/><N who="1" m="31008" /><U57/><N who="1" m="31264" /><U86/><E34/><V60/><F131/><T52/><N who="0" m="30752" /><T38/><N who="0" m="31520" /><T53/><D112/><U39/><E128/><V47/><F47/><T84/><D75/><U70/><E110/><V133/><F133/><T99/><D69/><U56/><E70/><V3/><F3/><T68/><D68/><U88/><E39/><N who="0" m="14857" /><D109/><U59/><E43/><V63/><F63/><T35/><D35/><U81/><E67/><V119/><F105/><T103/><D99/><U32/><E32/><V93/><F82/><T89/><D132/><U94/><E106/><V48/><F36/><T40/><D40/><U2/><E2/><V135/><F135/><T55/><D55/><U1/><E1/><V97/><F33/><T117/><D117/><U108/><E108/><V130/><F119/><T58/><D58/><U73/><E73/><V114/><F114/><T83/><D83/><U49/><E78/><V95/><F130/><T71/><D71/><U72/><E72/><V113/><F113/><T64/><D64/><U62/><E62/><V125/><F60/><T0/><D0/><U87/><E87/><V90/><F66/><T50/><D53/><U134/><E134/><V65/><F65/><RYUUKYOKU ba="0,0" sc="288,10,340,10,422,-20,0,0" hai0="50,52,80,84,89,98,103,107,126,127" hai1="49,54,56,57,59,76,81,85,86,88,92,94,96" /><INIT seed="1,1,0,4,4,96" ten="298,350,402,0" oya="1" hai0="95,45,82,107,70,73,74,97,59,111,88,49,81" hai1="125,124,126,80,87,98,121,133,102,42,66,76,91" hai2="54,43,44,55,79,58,115,114,101,69,112,85,105" hai3=""/><U120/><N who="1" m="30752" /><U89/><N who="1" m="31008" /><U106/><E66/><V100/><F69/><T38/><D70/><U65/><E65/><V32/><F32/><T110/><D38/><U48/><E133/><V72/><F72/><N who="0" m="27754" /><D59/><U51/><E42/><V129/><F105/><T108/><D107/><U61/><E61/><V83/><F129/><T67/><D67/><U46/><E46/><V39/><REACH who="2" step="1"/><F54/><AGARI ba="1,0" hai="45,49,54,81,82,88,95,97,108,110,111" m="27754" machi="54" ten="40,2600,0" yaku="14,1,54,1" doraHai="96" who="0" fromWho="2" sc="298,28,350,0,402,-28,0,0" /><INIT seed="2,0,0,0,4,91" ten="326,350,374,0" oya="2" hai0="120,40,119,116,113,90,41,117,60,124,106,129,88" hai1="63,65,36,42,69,71,102,68,132,78,126,75,33" hai2="76,84,47,123,34,52,57,82,61,64,108,35,93" hai3=""/><V2/><N who="2" m="31520" /><V112/><F112/><T45/><N who="0" m="30752" /><T72/><D113/><U125/><E33/><V38/><F2/><T32/><D32/><U39/><E102/><V83/><F108/><T56/><D129/><U51/><E78/><V111/><F111/><T92/><D106/><U1/><E75/><V128/><F128/><T43/><D72/><U110/><E1/><V67/><F64/><T3/><D3/><U79/><E79/><V105/><F105/><T85/><D90/><U103/><E103/><V89/><F82/><T0/><D0/><U96/><E96/><V50/><REACH who="2" step="1"/><F38/><REACH who="2" ten="326,350,364,0" step="2"/><T104/><D104/><U133/><E110/><V49/><F49/><T86/><D124/><N who="1" m="47723" /><E51/><V53/><F53/><T101/><D119/><U115/><E115/><V81/><F81/><T107/><D117/><U118/><E118/><V59/><F59/><T94/><D116/><U97/><E36/><V46/><F46/><T135/><D107/><U74/><E39/><V95/><F95/><T122/><N who="0" m="31264" /><T99/><D45/><U80/><E80/><V54/><F54/><T70/><D56/><U98/><E65/><V73/><AGARI ba="0,1" hai="34,35,47,50,52,57,61,67,73,76,83,84,89,93" m="31520" machi="73" ten="20,12000,2" yaku="1,1,0,1,7,1,52,2,54,1,53,1" doraHai="91" doraHaiUra="44" who="2" fromWho="2" sc="326,-60,350,-60,364,130,0,0" /><INIT seed="2,1,0,1,5,44" ten="266,290,494,0" oya="2" hai0="34,119,52,35,114,126,41,86,94,63,37,56,88" hai1="75,64,38,87,124,46,99,121,102,112,101,62,40" hai2="54,123,115,133,77,59,73,103,83,108,117,93,135" hai3=""/><V70/><N who="2" m="31520" /><V71/><F115/><T105/><D119/><U50/><N who="1" m="31008" /><U45/><E112/><V95/><F117/><T78/><D114/><U76/><E124/><V125/><F125/><T100/><D126/><U85/><E75/><V132/><F108/><T69/><D69/><N who="2" m="26122" /><F103/><T90/><D78/><U68/><E76/><V97/><F97/><T53/><D105/><U36/><E36/><V127/><F127/><T98/><D90/><U33/><E33/><V58/><F58/><T92/><REACH who="0" step="1"/><D53/><REACH who="0" ten="256,290,494,0" step="2"/><U72/><E102/><V1/><F1/><T74/><D74/><U66/><E72/><V57/><F57/><T80/><D80/><U122/><N who="1" m="31264" /><U96/><E64/><V0/><F0/><T107/><D107/><U128/><E101/><V120/><N who="2" m="30752" /><V60/><AGARI ba="1,1" hai="54,59,60,73,77,83,93,95,132,133,135" m="30752,26122,31520" machi="60" ten="40,8000,1" yaku="4,1,20,1,52,2" doraHai="44" who="2" fromWho="2" sc="256,-41,290,-41,494,92,0,0" /><INIT seed="2,2,0,3,3,132" ten="215,249,586,0" oya="2" hai0="72,33,1,83,88,126,50,127,46,43,38,54,63" hai1="34,131,40,109,41,93,124,57,64,60,68,75,108" hai2="130,77,65,69,128,120,96,100,70,79,98,85,35" hai3=""/><V84/><N who="2" m="30752" /><V119/><F119/><T134/><D1/><U116/><E34/><V106/><F65/><T2/><D2/><U118/><E75/><V103/><REACH who="2" step="1"/><F106/><REACH who="2" ten="215,249,576,0" step="2"/><T61/><D33/><AGARI ba="2,1" hai="33,35,69,70,77,79,84,85,96,98,100,103,128,130" m="30752" machi="33" ten="25,12000,1" yaku="1,1,2,1,22,2,52,1,53,0" doraHai="132" doraHaiUra="52" who="2" fromWho="0" sc="215,-124,249,0,576,134,0,0" /><INIT seed="2,3,0,5,4,65" ten="91,249,710,0" oya="2" hai0="3,55,35,110,62,70,53,83,69,116,42,63,94" hai1="80,36,89,1,50,75,66,120,60,100,44,57,59" hai2="46,74,113,129,81,91,92,76,72,67,49,41,127" hai3=""/><V48/><F113/><T134/><D3/><U128/><N who="1" m="30752" /><U52/><E1/><V64/><F127/><T104/><D35/><U121/><N who="1" m="31008" /><U106/><E128/><V73/><F129/><T115/><D104/><U107/><E100/><V56/><F67/><T51/><D94/><U133/><E133/><V84/><F64/><T118/><D83/><U119/><E119/><N who="0" m="45609" /><D115/><U111/><E111/><V37/><REACH who="2" step="1"/><F56/><REACH who="2" ten="91,249,700,0" step="2"/><T71/><D134/><U79/><E59/><V2/><F2/><T132/><D132/><U101/><E66/><V112/><F112/><T108/><D42/><U125/><E125/><V93/><F93/><T34/><D34/><U87/><E107/><V135/><F135/><T82/><D82/><U61/><E106/><V32/><F32/><T109/><D55/><U54/><E54/><V114/><F114/><T98/><D98/><AGARI ba="3,1" hai="37,41,46,48,49,72,73,74,76,81,84,91,92,98" machi="98" ten="40,2000,0" yaku="1,1,53,0" doraHai="65" doraHaiUra="33" who="2" fromWho="0" sc="91,-26,249,0,700,36,0,0" /><INIT seed="2,4,0,5,4,69" ten="65,249,736,0" oya="2" hai0="74,62,134,63,32,117,58,37,41,122,103,107,59" hai1="126,44,53,113,98,89,55,2,0,52,96,127,78" hai2="97,91,83,111,93,70,79,43,65,84,71,66,104" hai3=""/><V94/><F111/><T76/><N who="0" m="31264" /><T42/><D32/><U51/><E113/><V73/><F43/><T1/><D1/><U101/><E78/><V118/><F118/><T75/><D117/><U61/><E89/><V45/><F45/><T130/><D130/><U112/><E112/><V50/><F50/><T87/><D87/><U47/><E61/><V48/><F48/><T67/><D134/><U54/><E96/><V86/><F104/><T33/><D33/><U35/><E35/><V90/><REACH who="2" step="1"/><F97/><REACH who="2" ten="65,249,726,0" step="2"/><T128/><D107/><U129/><E44/><V85/><F85/><T133/><D42/><U125/><E129/><V95/><F95/><AGARI ba="4,1" hai="0,2,47,51,52,53,54,55,95,98,101,125,126,127" machi="95" ten="50,3200,0" yaku="18,1,54,1" doraHai="69" who="1" fromWho="2" sc="65,0,249,50,726,-40,0,0" /><INIT seed="4,0,0,4,2,118" ten="65,299,686,0" oya="0" hai0="61,77,71,2,92,47,115,35,109,103,134,113,1" hai1="83,44,94,131,102,90,75,57,121,114,34,36,76" hai2="101,52,97,3,98,79,82,125,117,130,112,133,135" hai3=""/><T81/><D35/><U66/><N who="1" m="31008" /><U63/><E34/><V72/><F3/><T70/><D134/><U129/><E114/><N who="0" m="43529" /><D109/><U42/><REACH who="1" step="1"/><E102/><REACH who="1" ten="65,289,686,0" step="2"/><V122/><F112/><T74/><D47/><U100/><E100/><V86/><F101/><T55/><D55/><U39/><E39/><V67/><F52/><T116/><D116/><U68/><E68/><N who="0" m="26153" /><D61/><U62/><E62/><V96/><F117/><T40/><D40/><U50/><E50/><V80/><F122/><T91/><D103/><U0/><E0/><V37/><F135/><T128/><D128/><U38/><E38/><V126/><F37/><T48/><D48/><U104/><E104/><V58/><F133/><T49/><D49/><U43/><E43/><V87/><F67/><T85/><AGARI ba="0,1" hai="1,2,74,77,81,85,91,92" m="26153,43529" machi="85" ten="30,1000,0" yaku="15,1" doraHai="118" who="0" fromWho="0" sc="65,20,289,-5,686,-5,0,0" /><INIT seed="4,1,0,3,3,84" ten="85,284,681,0" oya="0" hai0="59,90,88,113,34,54,66,128,100,39,124,81,71" hai1="80,77,109,135,41,64,87,50,79,85,35,101,110" hai2="107,51,83,86,42,118,67,133,38,75,94,129,68" hai3=""/><T3/><D34/><U47/><E35/><V98/><F129/><T63/><D3/><U123/><N who="1" m="31520" /><U119/><E119/><V132/><F38/><T122/><N who="0" m="31264" /><T108/><D128/><U70/><E135/><V1/><F1/><T95/><D113/><U121/><N who="1" m="31008" /><U58/><E70/><V126/><F126/><T74/><D124/><U36/><E101/><V62/><F75/><T93/><D108/><U89/><E79/><V65/><F65/><T82/><D39/><U61/><E36/><V56/><F107/><T73/><D100/><U112/><E112/><V52/><F42/><T115/><D115/><U92/><AGARI ba="1,0" hai="41,47,50,58,61,64,77,80,85,87,89,92,109,110" m="31008,31520" machi="92" ten="20,6000,1" yaku="0,1,7,1,52,3" doraHai="84" who="1" fromWho="1" sc="85,-41,284,62,681,-21,0,0" /><INIT seed="5,0,0,3,1,79" ten="44,346,660,0" oya="1" hai0="123,109,76,35,120,80,129,58,68,101,40,63,0" hai1="105,33,117,88,3,103,115,59,50,53,111,108,99" hai2="102,70,97,116,131,39,95,47,71,134,2,128,135" hai3=""/><U32/><E117/><V122/><N who="2" m="31264" /><V118/><F2/><T52/><N who="0" m="30752" /><T124/><N who="0" m="31520" /><T86/><D0/><U74/><E3/><V45/><F39/><T65/><D35/><U81/><E115/><V73/><F73/><T121/><N who="0" m="31008" /><T132/><D129/><U110/><E74/><V87/><F87/><AGARI ba="0,0" hai="32,33,50,53,59,81,87,88,99,103,105,108,110,111" machi="87" ten="40,7700,0" yaku="10,1,52,1,54,1" doraHai="79" who="1" fromWho="2" sc="44,0,346,77,660,-77,0,0" /><INIT seed="5,1,0,5,5,3" ten="44,423,583,0" oya="1" hai0="119,99,41,64,73,48,94,37,40,67,124,128,116" hai1="70,66,2,104,61,1,71,135,55,110,130,78,95" hai2="77,100,44,105,75,72,118,38,45,120,65,82,42" hai3=""/><U114/><E104/><V54/><N who="2" m="30752" /><V102/><F118/><T134/><D94/><U131/><E114/><V68/><F105/><T36/><D99/><U126/><E126/><V125/><F72/><T92/><D92/><U49/><E135/><V87/><F125/><T117/><D124/><U51/><E78/><V106/><F106/><T129/><D48/><U115/><E115/><V52/><F45/><T93/><D93/><U32/><E95/><V107/><F100/><T133/><D73/><U39/><E39/><V108/><F75/><T56/><D56/><U50/><E110/><V85/><F85/><T60/><D60/><U83/><E55/><V111/><F111/><T76/><D76/><U69/><E83/><V90/><F108/><T84/><D84/><U34/><E66/><V79/><F79/><T121/><N who="0" m="31008" /><T98/><D98/><U43/><E43/><V62/><F77/><T123/><REACH who="0" step="1"/><D117/><REACH who="0" ten="34,423,583,0" step="2"/><U97/><E97/><V63/><F82/><T58/><D58/><U86/><E86/><V101/><F87/><T89/><D89/><U33/><E61/><V122/><F62/><T103/><D103/><U88/><E88/><V74/><F90/><T35/><D35/><U132/><E34/><V59/><F122/><AGARI ba="1,1" hai="36,37,40,41,64,67,116,119,122,123,128,129,133,134" m="31008" machi="122" ten="25,16000,3" yaku="1,1,6,1,22,2,34,3,52,1,53,0" doraHai="3" doraHaiUra="80" who="0" fromWho="2" sc="34,172,423,0,583,-162,0,0" /><INIT seed="6,0,0,5,4,117" ten="206,423,421,0" oya="2" hai0="102,1,94,95,2,134,37,79,105,101,135,43,122" hai1="48,77,58,118,62,86,80,116,132,81,56,67,76" hai2="115,113,83,125,47,99,82,44,3,78,46,33,71" hai3=""/><V128/><F3/><T127/><N who="0" m="31264" /><T90/><D127/><U121/><N who="1" m="31008" /><U91/><E132/><V60/><F33/><T53/><D79/><U111/><E111/><V133/><F133/><T36/><D53/><U100/><E100/><V73/><F125/><T88/><REACH who="0" step="1"/><D105/><REACH who="0" ten="196,423,421,0" step="2"/><U92/><E118/><V106/><F128/><T110/><D110/><U64/><E116/><V51/><F51/><T59/><D59/><U93/><E76/><V34/><F34/><T50/><D50/><U68/><E77/><V131/><F131/><T126/><D126/><U84/><E56/><V55/><F78/><T123/><N who="0" m="31520" /><T41/><AGARI ba="0,1" hai="1,2,36,37,41,43,88,90,94,95,101,102,134,135" m="31520,31264" machi="41" ten="25,18000,4" yaku="1,1,4,1,0,1,22,2,52,4,54,1,53,2" doraHai="117" doraHaiUra="129" who="0" fromWho="0" sc="196,190,423,-60,421,-120,0,0" /><INIT seed="8,0,0,5,3,38" ten="386,363,301,0" oya="0" hai0="122,130,133,96,33,97,98,106,63,78,76,77,55" hai1="83,66,88,107,72,128,92,99,52,87,79,114,100" hai2="89,2,132,43,116,125,94,71,62,50,86,0,119" hai3=""/><T101/><N who="0" m="31264" /><T56/><D33/><U65/><E128/><V53/><F125/><T112/><D112/><U123/><N who="1" m="31520" /><U85/><E114/><V57/><F132/><T129/><D133/><U32/><E32/><V59/><F71/><T108/><D108/><U3/><E3/><V51/><F51/><T37/><D37/><U68/><E68/><V103/><F103/><T48/><D48/><U74/><REACH who="1" step="1"/><E52/><REACH who="1" ten="386,353,301,0" step="2"/><V54/><REACH who="2" step="1"/><F43/><REACH who="2" ten="386,353,291,0" step="2"/><T131/><AGARI ba="0,2" hai="55,56,63,76,77,78,96,97,98,101,106,129,130,131" m="31264" machi="131" ten="40,5200,0" yaku="0,1,19,1,52,1" doraHai="38" who="0" fromWho="0" sc="386,72,353,-26,291,-26,0,0" owari="458,40.0,327,-7.0,265,-33.0,0,0.0" /></mjloggm>