<mjloggm ver="2.3"><GO type="169" lobby="0"/><UN n0="%E4%BF%BA%E3%81%A7%E3%81%99" n1="%E6%A4%9B%E5%8D%97" n2="%66%53" n3="%E3%83%8F%E3%82%AC%E3%82%BF%E3%82%AB%E3%81%AE%E3%81%88%E3%81%98%E3%81%8D" dan="16,16,18,17" rate="2103.99,2123.26,2228.26,2184.57" sx="M,F,M,M"/><TAIKYOKU oya="0"/><INIT seed="0,0,0,3,4,78" ten="250,250,250,250" oya="0" hai0="17,51,102,50,14,5,131,40,92,110,25,132,100" hai1="84,114,59,135,33,49,38,58,87,32,22,19,116" hai2="36,94,99,11,95,71,134,3,44,104,8,7,42" hai3="48,47,55,35,120,57,123,53,108,28,37,111,124"/><T91/><D132/><U0/><E38/><V26/><F134/><W81/><G28/><T89/><D131/><U18/><E135/><V109/><F71/><W125/><G35/><T15/><D110/><N who="3" m="42025" /><G81/><T20/><D5/><U119/><E49/><V85/><F109/><W98/><G98/><T77/><D77/><U80/><E22/><V86/><F26/><W76/><G76/><T126/><D126/><N who="3" m="48745" /><G37/><T96/><D89/><U97/><E0/><V67/><F67/><W83/><G83/><T129/><D129/><U4/><E80/><V41/><F104/><W127/><N who="3" m="48753" /><W122/><DORA hai="103" /><G57/><T68/><D68/><U10/><E97/><V2/><F99/><W64/><G64/><T75/><D75/><U62/><E114/><V54/><F36/><W24/><G24/><T105/><D102/><U21/><E59/><V133/><F133/><W65/><G65/><T1/><D105/><U30/><E58/><V16/><F7/><W117/><G117/><T101/><D101/><U13/><E30/><V72/><F72/><W130/><G130/><T74/><D74/><U115/><E4/><V56/><F56/><W31/><G31/><T52/><D100/><U60/><E115/><V113/><F113/><W118/><G118/><T112/><D112/><U61/><E119/><V70/><F70/><W93/><G93/><T90/><D92/><U39/><E39/><V45/><F16/><W79/><G79/><T46/><D96/><U63/><N who="1" m="15360" /><DORA hai="82" /><U107/><E107/><V12/><F12/><N who="0" m="4650" /><D1/><U23/><E116/><V121/><F2/><W69/><G69/><RYUUKYOKU ba="0,0" sc="250,15,250,-15,250,-15,250,15" hai0="17,20,25,40,46,50,51,52,90,91" hai3="47,48,53,55,120,122,123" /><INIT seed="0,1,0,0,3,33" ten="265,235,235,265" oya="0" hai0="57,128,40,114,61,1,99,96,58,5,55,29,28" hai1="72,15,82,48,34,30,84,127,27,26,75,121,16" hai2="77,80,85,134,70,107,100,17,90,38,20,31,8" hai3="65,67,117,39,10,104,37,44,50,54,83,78,60"/><T133/><D114/><U73/><E127/><V42/><F70/><W112/><G104/><T53/><D128/><U56/><E27/><V62/><F134/><W97/><G117/><T115/><D133/><U13/><E13/><V113/><F113/><W19/><G112/><T123/><D123/><U108/><E108/><V22/><F62/><W47/><G97/><T91/><D115/><U49/><E56/><V118/><F42/><W71/><G67/><T14/><D40/><U119/><E119/><V4/><F38/><W120/><G120/><T109/><D14/><U63/><E63/><V41/><F41/><W3/><G44/><T51/><D109/><U106/><E106/><V76/><F100/><W9/><G19/><T126/><D126/><U86/><E121/><V2/><F107/><W23/><G23/><T88/><D99/><U98/><E98/><V92/><F118/><W130/><G130/><T32/><D32/><U12/><E12/><V102/><F102/><W122/><G122/><T81/><D91/><U46/><E46/><V35/><F80/><W64/><G64/><T101/><D101/><U68/><E86/><V36/><F36/><W18/><G18/><T93/><REACH who="0" step="1"/><D81/><REACH who="0" ten="255,235,235,265" step="2"/><U95/><E82/><V74/><F35/><W111/><G111/><T0/><D0/><U87/><E34/><V66/><F2/><W21/><G3/><T132/><D132/><U135/><E135/><V25/><F90/><W125/><G125/><T45/><D45/><U79/><E15/><V110/><F110/><W94/><G83/><T124/><D124/><U131/><E131/><RYUUKYOKU ba="1,1" sc="255,30,235,-10,235,-10,265,-10" hai0="1,5,28,29,51,53,55,57,58,61,88,93,96" /><INIT seed="0,2,1,4,3,88" ten="285,225,225,255" oya="0" hai0="109,116,55,52,126,0,113,133,84,131,10,61,121" hai1="56,74,24,34,100,65,19,129,79,128,76,105,48" hai2="46,91,90,117,89,66,106,39,99,125,36,87,16" hai3="33,25,7,103,135,124,92,83,127,51,6,50,94"/><T67/><D0/><U75/><E105/><V43/><F125/><N who="3" m="48203" /><G103/><T64/><D126/><U28/><E100/><V60/><F117/><W17/><G83/><T21/><D116/><U58/><E48/><N who="3" m="18474" /><G135/><T38/><D133/><U72/><E65/><V69/><F39/><W11/><G17/><T49/><D113/><U54/><E19/><V86/><F106/><W47/><G47/><T12/><D121/><U2/><E54/><V81/><F99/><W111/><G111/><T37/><D21/><U101/><E101/><V53/><F86/><W57/><G57/><N who="1" m="22122" /><E2/><V4/><F4/><N who="3" m="1579" /><G11/><T123/><D109/><U5/><E5/><V62/><F53/><W102/><G102/><T96/><D123/><U41/><E41/><V78/><F62/><W80/><G80/><T18/><D61/><U107/><E107/><V122/><F122/><W63/><G63/><T77/><D55/><U95/><E75/><V59/><F59/><W20/><G20/><T23/><D23/><U73/><E73/><V97/><REACH who="2" step="1"/><F16/><REACH who="2" ten="285,225,215,255" step="2"/><W120/><G120/><T30/><D18/><U130/><E74/><V13/><F13/><W85/><G85/><T40/><D84/><U42/><E72/><V71/><F71/><W35/><G25/><T26/><D26/><U32/><E24/><V132/><F132/><W1/><G1/><T93/><D12/><U68/><E68/><V104/><F104/><W119/><G119/><T82/><D52/><U115/><E115/><V110/><F110/><W8/><G8/><T118/><D118/><U3/><E3/><V29/><F29/><W114/><G114/><RYUUKYOKU ba="2,2" sc="285,-15,225,-15,215,15,255,15" hai2="36,43,46,60,66,69,78,81,87,89,90,91,97" hai3="33,35,92,94" /><INIT seed="1,3,2,0,5,121" ten="270,210,230,270" oya="1" hai0="81,128,111,75,20,37,39,113,100,92,112,23,31" hai1="13,47,56,43,60,104,118,109,102,84,122,107,63" hai2="119,16,101,116,49,88,123,96,21,41,93,34,12" hai3="72,126,14,22,18,5,120,9,79,10,54,132,0"/><U52/><E122/><V64/><F123/><W76/><G120/><T28/><D128/><U46/><E118/><V97/><F34/><W105/><G105/><T99/><D75/><U53/><E102/><V15/><F64/><W69/><G69/><T131/><D131/><U4/><E84/><V91/><F12/><W29/><G72/><T3/><D81/><U125/><E125/><V30/><F30/><W127/><G54/><T106/><D106/><U24/><E24/><V82/><F82/><W44/><G44/><T80/><D80/><U68/><E47/><V50/><F41/><W40/><G40/><T90/><D90/><U27/><E27/><V103/><F116/><W124/><G132/><T71/><D3/><U51/><E109/><V59/><F119/><W114/><G114/><T6/><D6/><U19/><E4/><V133/><F133/><W35/><G10/><T129/><D129/><U36/><E53/><N who="2" m="32175" /><F50/><W110/><G110/><T38/><D111/><U98/><E63/><V66/><F66/><W135/><G135/><T87/><D71/><U2/><E2/><V8/><F8/><W55/><G55/><T57/><D113/><U77/><E68/><V134/><F134/><W83/><G83/><T25/><D112/><U58/><E77/><V78/><F78/><W45/><G45/><T48/><D48/><U17/><E51/><V65/><F65/><W62/><G62/><T11/><D39/><U108/><E60/><V94/><AGARI ba="3,2" hai="15,16,21,88,91,93,94,96,97,101,103" m="32175" machi="94" ten="30,4000,0" yaku="8,1,54,2" doraHai="121" who="2" fromWho="2" sc="270,-13,210,-23,230,69,270,-13" /><INIT seed="2,0,0,3,1,87" ten="257,187,299,257" oya="2" hai0="117,28,41,113,52,62,61,47,115,79,85,110,74" hai1="77,72,48,46,42,83,12,51,97,35,16,6,81" hai2="7,26,135,40,21,131,75,118,121,78,102,109,44" hai3="86,82,60,133,43,101,128,95,93,89,69,71,37"/><V104/><F121/><W36/><G128/><T11/><D110/><U106/><E35/><V10/><F131/><W55/><G133/><T2/><D117/><U68/><E68/><V66/><F109/><W23/><G71/><T127/><D127/><U76/><E6/><V33/><F33/><W27/><G43/><T53/><D74/><U91/><E106/><V126/><F66/><W4/><G4/><T45/><D28/><U111/><E111/><V125/><F135/><W34/><G34/><T108/><D85/><U98/><E51/><V116/><F102/><W25/><G25/><T15/><D79/><U57/><E57/><V80/><F104/><W94/><G101/><T67/><D2/><U122/><E91/><V0/><F125/><W130/><G130/><T50/><D108/><U29/><E29/><V65/><F65/><W73/><G73/><T9/><D15/><U129/><E122/><V31/><REACH who="2" step="1"/><F126/><REACH who="2" ten="257,187,289,257" step="2"/><W30/><REACH who="3" step="1"/><G69/><REACH who="3" ten="257,187,289,247" step="2"/><T13/><D115/><U24/><E129/><V100/><F100/><W64/><G64/><T8/><D113/><U49/><E42/><V59/><F59/><AGARI ba="0,2" hai="23,27,30,36,37,55,59,60,82,86,89,93,94,95" machi="59" ten="40,5200,0" yaku="1,1,52,1,53,1" doraHai="87" doraHaiUra="20" who="3" fromWho="2" sc="257,0,187,0,289,-52,247,72" /><INIT seed="3,0,0,4,3,54" ten="257,187,237,319" oya="3" hai0="75,65,74,94,19,43,123,77,67,83,53,110,37" hai1="132,95,88,126,121,17,114,85,86,7,104,97,93" hai2="36,125,44,42,87,80,26,40,15,108,105,47,133" hai3="76,1,55,16,56,25,78,98,52,129,22,102,8"/><W92/><G129/><T128/><D123/><U96/><E7/><V119/><F108/><W50/><G1/><T20/><D110/><U112/><E17/><V24/><F119/><W57/><REACH who="3" step="1"/><G8/><REACH who="3" ten="257,187,237,309" step="2"/><T21/><D128/><U106/><E121/><V103/><F125/><W58/><G58/><T0/><D0/><U45/><E45/><V11/><F133/><W35/><G35/><T29/><D75/><U64/><E132/><V51/><F103/><W116/><G116/><T28/><D74/><U89/><REACH who="1" step="1"/><E64/><REACH who="1" ten="257,177,237,309" step="2"/><V48/><F36/><W111/><G111/><T82/><D37/><U38/><E38/><V9/><F105/><W63/><AGARI ba="0,2" hai="16,22,25,50,52,55,56,57,63,76,78,92,98,102" machi="63" ten="20,24000,3" yaku="1,1,0,1,7,1,8,1,52,2,54,2,53,0" doraHai="54" doraHaiUra="3" who="3" fromWho="3" sc="257,-80,177,-80,237,-80,309,260" /><INIT seed="3,1,0,0,4,38" ten="177,97,157,569" oya="3" hai0="52,72,98,57,99,23,106,132,133,37,56,129,40" hai1="131,0,79,12,104,93,18,130,26,55,20,29,122" hai2="9,82,107,42,30,128,14,49,114,75,68,97,113" hai3="65,110,64,17,13,103,94,4,121,102,44,88,87"/><W77/><G121/><T83/><D129/><N who="1" m="49163" /><E104/><V67/><F128/><W35/><G35/><T25/><D57/><U11/><E79/><V54/><F30/><W51/><G110/><T124/><D124/><U80/><E80/><V8/><F75/><W33/><G77/><N who="0" m="44455" /><D106/><U53/><E122/><V92/><F82/><W31/><G4/><T116/><D116/><U28/><E0/><V84/><F107/><W46/><G33/><T109/><D109/><U2/><E2/><V95/><F68/><W119/><G31/><N who="1" m="11850" /><E93/><V63/><F92/><W50/><G119/><T86/><D86/><U39/><E39/><V76/><F84/><W96/><G65/><T78/><D78/><U85/><E85/><V134/><F76/><W111/><G64/><T89/><D89/><U1/><E1/><V100/><F67/><W71/><G71/><T125/><D125/><U66/><E66/><V127/><F127/><W101/><G111/><T15/><D99/><U24/><E24/><V74/><F74/><W34/><G34/><T10/><D98/><U69/><E69/><V16/><F8/><W41/><G87/><T90/><D90/><U115/><E115/><V48/><F113/><W120/><G120/><T118/><D118/><U59/><E59/><N who="2" m="35319" /><F114/><W43/><G88/><T45/><D10/><AGARI ba="1,0" hai="10,13,17,41,43,44,46,50,51,94,96,101,102,103" machi="10" ten="30,12000,1" yaku="7,1,9,1,8,1,52,2" doraHai="38" who="3" fromWho="0" sc="177,-123,97,0,157,0,569,123" /><INIT seed="3,2,0,2,4,36" ten="54,97,157,692" oya="3" hai0="76,75,77,25,43,33,19,83,99,84,29,69,21" hai1="126,93,30,103,45,61,55,92,12,52,0,7,54" hai2="47,10,108,14,11,129,66,50,79,105,128,91,58" hai3="101,134,68,72,65,122,49,115,132,42,39,135,20"/><W24/><G72/><T18/><D69/><U97/><E126/><V17/><F105/><W118/><G115/><T104/><D77/><U41/><E0/><V62/><F108/><W44/><G122/><T9/><D9/><N who="1" m="4159" /><E30/><V87/><F79/><W57/><G101/><T114/><D114/><U96/><E61/><V56/><F10/><W78/><G78/><T111/><D111/><U53/><E53/><V46/><F58/><W15/><G15/><T5/><D5/><U94/><E103/><V63/><F63/><N who="3" m="39999" /><G118/><T64/><D64/><U124/><E124/><V71/><F71/><W4/><G4/><T60/><D60/><U80/><E80/><V74/><F74/><W73/><G73/><T131/><D75/><U48/><AGARI ba="2,0" hai="41,45,48,52,54,55,92,93,94,96,97" m="4159" machi="48" ten="30,4000,0" yaku="8,1,52,1,54,1" doraHai="36" who="1" fromWho="1" sc="54,-12,97,46,157,-12,692,-22" /><INIT seed="4,0,0,5,3,102" ten="42,143,145,670" oya="0" hai0="92,120,10,16,85,66,119,83,31,36,79,91,108" hai1="59,2,84,126,97,23,19,109,5,61,116,99,121" hai2="90,122,9,18,114,30,77,27,64,63,60,33,105" hai3="45,96,42,43,94,107,70,134,8,17,28,75,0"/><T51/><D120/><U88/><E109/><V93/><F122/><W46/><G75/><T123/><D119/><U32/><E32/><V6/><F114/><W58/><G70/><T80/><D123/><U12/><E126/><V7/><F77/><W125/><G125/><T56/><D36/><U118/><E121/><V21/><F105/><W111/><G28/><T128/><D128/><U20/><E118/><V135/><F135/><W39/><G107/><T82/><D108/><U71/><E71/><V11/><F9/><W95/><G58/><T81/><D31/><U117/><E117/><V49/><F49/><W44/><G134/><T106/><D106/><U101/><E23/><V124/><F124/><W113/><G113/><T14/><D66/><U3/><E5/><V68/><F60/><W57/><G57/><T86/><D56/><U132/><E132/><V22/><F18/><W100/><G95/><T15/><D51/><U67/><E116/><V98/><F6/><W131/><G131/><T89/><REACH who="0" step="1"/><D15/><AGARI ba="0,0" hai="7,11,15,21,22,27,30,33,63,64,68,90,93,98" machi="15" ten="30,1000,0" yaku="7,1" doraHai="102" who="2" fromWho="0" sc="42,-10,143,0,145,10,670,0" /><INIT seed="5,0,0,5,4,16" ten="32,143,155,670" oya="1" hai0="87,130,9,35,104,91,105,44,89,52,83,126,131" hai1="8,58,84,54,15,7,86,113,18,4,46,135,25" hai2="108,11,98,110,38,117,76,100,82,120,34,132,31" hai3="103,36,39,65,68,121,125,53,12,99,71,6,102"/><U5/><E113/><V60/><F38/><W57/><G121/><T67/><D35/><U66/><E66/><V62/><F31/><W29/><G29/><T70/><D126/><U63/><E46/><V59/><F34/><W119/><G119/><T77/><D70/><U95/><E135/><V56/><F11/><W10/><G125/><T109/><D109/><U123/><E123/><V118/><F120/><W30/><G30/><T80/><D67/><U24/><E95/><V124/><F124/><W37/><G65/><T47/><D9/><U97/><E97/><V90/><F90/><W51/><REACH who="3" step="1"/><G103/><REACH who="3" ten="32,143,155,660" step="2"/><T43/><D131/><U33/><E33/><V20/><F117/><W88/><G88/><T93/><D130/><U112/><E112/><V133/><F118/><W85/><G85/><AGARI ba="0,1" hai="4,5,7,8,15,18,24,25,54,58,63,84,85,86" machi="85" ten="40,2000,0" yaku="8,1" doraHai="16" who="1" fromWho="3" sc="32,0,143,30,155,0,660,-20" /><INIT seed="5,1,0,5,3,11" ten="32,173,155,640" oya="1" hai0="111,67,105,77,85,70,34,66,127,132,108,123,21" hai1="80,128,8,118,31,36,18,89,26,83,101,45,10" hai2="55,53,56,73,28,51,42,126,133,52,125,15,24" hai3="113,134,33,57,49,74,20,2,61,48,32,82,16"/><U116/><E128/><V81/><F133/><W117/><G2/><T17/><D105/><U87/><E101/><V104/><F104/><W54/><G134/><T65/><D132/><U64/><E64/><V44/><F73/><W93/><G113/><T58/><D127/><N who="2" m="48650" /><F81/><W62/><G117/><T100/><D123/><U121/><E121/><V27/><F28/><W1/><G1/><T12/><D70/><U91/><E8/><V4/><F56/><W79/><G61/><T103/><D111/><U98/><E45/><V59/><F59/><W7/><G7/><T6/><D34/><U39/><E83/><V122/><F122/><W88/><G33/><T135/><D135/><U97/><E118/><V41/><F42/><W30/><G30/><T107/><D107/><U114/><E114/><V110/><F110/><W119/><G32/><T23/><D108/><U25/><E31/><V129/><F129/><W72/><G72/><T90/><D77/><U75/><E80/><V68/><F68/><W43/><G43/><T115/><D115/><U40/><E40/><V76/><F76/><W109/><G109/><T69/><D69/><U131/><E75/><V120/><F120/><W22/><G22/><N who="0" m="11559" /><D58/><U47/><E116/><V130/><F130/><W29/><G29/><T96/><D6/><U5/><E5/><V60/><F60/><W124/><G119/><T78/><D78/><U94/><E131/><V14/><F4/><W71/><G71/><T92/><D96/><U3/><E98/><V99/><F99/><N who="3" m="57767" /><G124/><T50/><D50/><U102/><E97/><V95/><F95/><RYUUKYOKU ba="1,0" sc="32,10,173,-30,155,10,640,10" hai0="21,23,65,66,67,85,90,92,100,103" hai2="14,15,24,27,41,44,51,52,53,55" hai3="16,20,48,49,54,57,62,74,79,82" /><INIT seed="6,2,0,1,0,39" ten="42,143,165,650" oya="2" hai0="79,109,55,69,72,122,35,80,113,101,100,8,36" hai1="66,84,19,83,121,71,96,90,93,25,17,37,46" hai2="31,129,65,75,119,24,88,92,48,131,32,21,20" hai3="34,14,134,52,118,28,6,115,49,70,2,82,102"/><V61/><F119/><W56/><G118/><T106/><D109/><U40/><E121/><V103/><F103/><W105/><G70/><T77/><D113/><U91/><E71/><N who="2" m="42415" /><F48/><W5/><G2/><T98/><D69/><U94/><E66/><V43/><F43/><W97/><G134/><T1/><D122/><U130/><E130/><N who="2" m="49675" /><F75/><W123/><G123/><T10/><D36/><U128/><E128/><V108/><F108/><W42/><G115/><T45/><D101/><U112/><E112/><V23/><F32/><W73/><G14/><T95/><D35/><U68/><E68/><V57/><F57/><W74/><G42/><T33/><D33/><U62/><E62/><V41/><F41/><W27/><REACH who="3" step="1"/><G74/><REACH who="3" ten="42,143,165,640" step="2"/><T110/><D110/><U76/><E25/><V58/><F24/><W127/><G127/><T107/><D72/><AGARI ba="2,1" hai="17,19,37,40,46,72,76,83,84,90,91,93,94,96" machi="72" ten="30,2000,0" yaku="7,1,52,1" doraHai="39" who="1" fromWho="0" sc="42,-26,143,36,165,0,640,0" /><INIT seed="7,0,0,5,0,87" ten="16,179,165,640" oya="3" hai0="98,73,127,39,60,120,30,26,55,28,133,129,51" hai1="96,64,106,70,8,105,135,1,49,47,34,74,36" hai2="61,50,112,71,37,54,125,21,130,113,66,29,124" hai3="111,69,67,23,90,94,108,2,31,6,115,41,110"/><W79/><G79/><T102/><D120/><U27/><E74/><V128/><F21/><W57/><G69/><T84/><D39/><U44/><E135/><V118/><F29/><W48/><G115/><N who="2" m="44105" /><F37/><W109/><G109/><T132/><D73/><U101/><E70/><V122/><F118/><W53/><G67/><T97/><D84/><U86/><E64/><V24/><F24/><N who="3" m="16799" /><G41/><T62/><D26/><U116/><E27/><V33/><F33/><W18/><G18/><T45/><D102/><U4/><E34/><V117/><F117/><W114/><G114/><T5/><D5/><U75/><E75/><V104/><F104/><W59/><G6/><T14/><D14/><U95/><E116/><V0/><F0/><W35/><G35/><T126/><D45/><U107/><E44/><N who="2" m="27975" /><F122/><W13/><G13/><T77/><D55/><U7/><E36/><V68/><F68/><W12/><G12/><T20/><D51/><U42/><REACH who="1" step="1"/><E7/><REACH who="1" ten="16,169,165,640" step="2"/><V11/><F11/><W32/><G32/><T40/><D20/><U89/><AGARI ba="0,1" hai="1,4,8,42,47,49,86,89,95,96,101,105,106,107" machi="89" ten="30,8000,1" yaku="1,1,2,1,0,1,52,1,53,1" doraHai="87" doraHaiUra="3" who="1" fromWho="1" sc="16,-20,169,90,165,-20,640,-40" owari="-4,-50.0,259,6.0,145,-25.0,600,69.0" /></mjloggm>