<mjloggm ver="2.3"><GO type="169" lobby="0"/><UN n0="%E3%83%A1%E3%82%BF%E3%83%93%E3%83%BC%E3%83%88" n1="%E3%83%9E%E3%83%AD%E3%81%A8%E3%82%B8%E3%83%BC%E3%83%8E" n2="%59%75%2D%4B%69%E2%88%9E" n3="%E3%81%86%E3%81%A9%E3%82%93%E3%81%93" dan="18,16,16,16" rate="2264.87,2110.91,2096.14,2117.87" sx="M,M,M,M"/><TAIKYOKU oya="0"/><INIT seed="0,0,0,3,2,123" ten="250,250,250,250" oya="0" hai0="30,108,132,22,45,104,8,17,35,46,21,37,125" hai1="124,31,69,7,62,55,94,42,114,13,23,80,47" hai2="89,83,40,135,87,25,49,11,10,9,74,72,4" hai3="28,18,133,70,100,12,110,86,93,129,102,51,61"/><T95/><D104/><U39/><E124/><V33/><F135/><W97/><G129/><T103/><D125/><U63/><E114/><V98/><F98/><W111/><G133/><T96/><D132/><U52/><E94/><V71/><F71/><W92/><G28/><T68/><D68/><U106/><E106/><V50/><F4/><W126/><G126/><T67/><D67/><U36/><E36/><V14/><F14/><W64/><G51/><T66/><D66/><U88/><E69/><V1/><F1/><W121/><G121/><T117/><D117/><U109/><E109/><N who="3" m="41482" /><G86/><T19/><D108/><U128/><E128/><V122/><F122/><W78/><G78/><T15/><D35/><U20/><E31/><V38/><F25/><W44/><G44/><T58/><D37/><U24/><E24/><V118/><F33/><W59/><G70/><T65/><D30/><U16/><E7/><V57/><F118/><W53/><G64/><T60/><D22/><U115/><E23/><V116/><F116/><W81/><G81/><T113/><D113/><U131/><E131/><V5/><F57/><W127/><G127/><T90/><D45/><U27/><E27/><V2/><F38/><W101/><G97/><T130/><D46/><U119/><E115/><V3/><F50/><W112/><G112/><T75/><D130/><U105/><E119/><V34/><F34/><W32/><G32/><T79/><D79/><U48/><E39/><V41/><F49/><W84/><G84/><T107/><D96/><U99/><E99/><V26/><F87/><W76/><G76/><RYUUKYOKU ba="0,0" sc="250,-10,250,-10,250,-10,250,30" hai3="12,18,53,59,61,92,93,100,101,102" /><BYE who="3" /><UN n3="%E3%81%86%E3%81%A9%E3%82%93%E3%81%93" /><INIT seed="1,1,0,3,3,30" ten="240,240,240,280" oya="1" hai0="36,132,64,7,43,19,76,65,12,27,119,101,118" hai1="83,71,121,81,80,13,128,39,74,44,123,54,33" hai2="82,34,134,8,100,1,94,116,114,9,67,91,31" hai3="20,130,55,92,95,133,2,99,124,79,77,51,78"/><U89/><E128/><V29/><F116/><W110/><G130/><T63/><D132/><U41/><E71/><V112/><F1/><W97/><G2/><T45/><D101/><U61/><E33/><V84/><F67/><W25/><G110/><T62/><D76/><U59/><E74/><V4/><F4/><W104/><G124/><T102/><D102/><U75/><E75/><V15/><F15/><W120/><G120/><T113/><D7/><U17/><REACH who="1" step="1"/><E89/><REACH who="1" ten="240,230,240,280" step="2"/><V3/><F34/><W18/><G133/><T86/><D118/><U60/><E60/><V57/><F91/><W49/><G104/><T90/><D119/><U98/><E98/><N who="3" m="37386" /><G51/><T125/><D125/><U127/><E127/><V107/><F107/><W93/><G93/><T106/><D106/><U40/><E40/><V38/><F94/><W115/><G115/><T70/><D113/><U109/><E109/><V129/><F129/><W126/><G126/><T53/><D43/><U68/><E68/><V69/><F69/><W135/><G135/><T56/><D70/><U46/><E46/><AGARI ba="1,1" hai="18,20,25,46,49,55,77,78,79,92,95" m="37386" machi="46" ten="30,1000,0" yaku="8,1" doraHai="30" who="3" fromWho="1" sc="240,0,230,-13,240,0,280,23" /><INIT seed="2,0,0,3,5,94" ten="240,217,240,303" oya="2" hai0="69,88,20,25,78,93,102,114,46,108,56,71,11" hai1="98,38,5,82,97,57,16,1,4,65,118,26,29" hai2="85,49,124,7,9,10,19,18,122,100,15,41,12" hai3="111,33,89,45,120,23,117,67,87,31,72,42,40"/><V133/><F133/><W8/><G117/><T115/><D108/><U52/><E38/><V84/><F124/><W103/><G120/><T81/><D102/><U135/><E1/><V99/><F122/><W50/><G72/><T121/><D121/><U36/><E36/><V127/><F7/><N who="1" m="2633" /><E118/><V119/><F127/><W51/><G33/><T128/><D128/><U27/><E135/><V131/><F131/><W95/><G111/><T39/><D11/><U125/><E125/><V101/><F101/><W37/><G67/><T134/><D134/><U129/><E129/><V112/><F112/><W132/><G132/><T123/><D123/><U30/><E65/><V44/><F119/><W53/><G8/><T54/><D69/><U60/><E82/><V126/><REACH who="2" step="1"/><F126/><REACH who="2" ten="240,217,230,303" step="2"/><W113/><G103/><T21/><D114/><U55/><E55/><V35/><F35/><W28/><G113/><T58/><D54/><U61/><E61/><V13/><F13/><W48/><G53/><T104/><D115/><U17/><E27/><V59/><F59/><W106/><G42/><T92/><D56/><U109/><E109/><V63/><F63/><W0/><G0/><T110/><D58/><U3/><E3/><V14/><F14/><W76/><G40/><T105/><D25/><U34/><E34/><V62/><F62/><W80/><G45/><T22/><D46/><U73/><E26/><V74/><F74/><W43/><G43/><T107/><D110/><U91/><E73/><V6/><F6/><W90/><G37/><T24/><D39/><U70/><E60/><V64/><F64/><RYUUKYOKU ba="0,1" sc="240,-10,217,-10,230,30,303,-10" hai2="9,10,12,15,18,19,41,44,49,84,85,99,100" /><INIT seed="2,1,1,0,4,2" ten="230,207,260,293" oya="2" hai0="128,92,49,78,86,120,81,79,80,55,62,20,19" hai1="13,99,121,72,111,135,42,17,85,29,66,57,7" hai2="14,132,22,64,43,16,109,130,51,44,24,45,28" hai3="71,94,96,106,69,131,75,73,1,97,90,84,117"/><V76/><F130/><W93/><G1/><T39/><D120/><U113/><E72/><N who="3" m="27722" /><G69/><T15/><D39/><U31/><E113/><V68/><F132/><W8/><G8/><T6/><D128/><U26/><E42/><V53/><F68/><W112/><G71/><T12/><D62/><U100/><E85/><V59/><F109/><W46/><G46/><T23/><D92/><N who="1" m="58471" /><E135/><V3/><F3/><W60/><G60/><T18/><D6/><U101/><E101/><V36/><F76/><W133/><G133/><T50/><D55/><U98/><E98/><V30/><F30/><W38/><G38/><T110/><REACH who="0" step="1"/><D86/><REACH who="0" ten="220,207,260,293" step="2"/><U119/><E7/><V126/><F126/><W88/><G131/><T125/><D125/><U89/><E121/><V32/><REACH who="2" step="1"/><F64/><REACH who="2" ten="220,207,250,293" step="2"/><W102/><G112/><T134/><D134/><U83/><E66/><V124/><F124/><W67/><G67/><T104/><D104/><U105/><E105/><V127/><F127/><W27/><G106/><T40/><D40/><U5/><E111/><AGARI ba="1,3" hai="12,15,18,19,20,23,49,50,78,79,80,81,110,111" machi="111" ten="25,3200,0" yaku="1,1,22,2,53,0" doraHai="2" doraHaiUra="58" who="0" fromWho="1" sc="220,65,207,-35,250,0,293,0" /><INIT seed="3,0,0,4,2,95" ten="285,172,250,293" oya="3" hai0="122,82,41,108,124,102,22,130,40,32,127,89,125" hai1="8,11,74,0,64,1,94,84,37,35,80,30,50" hai2="28,46,123,119,31,76,21,105,43,92,59,63,39" hai3="106,54,129,34,115,69,27,56,90,85,91,51,62"/><W48/><G115/><T42/><D32/><U101/><E37/><V25/><F105/><W20/><G34/><T93/><D122/><U131/><E131/><V128/><F128/><W45/><G129/><T19/><D130/><U53/><E74/><V12/><F123/><W2/><G2/><T18/><D108/><U65/><E35/><V100/><F76/><W109/><G106/><T33/><D33/><U14/><E30/><V17/><F119/><W86/><G109/><T49/><D102/><U13/><E1/><V113/><F12/><W58/><G69/><T107/><D107/><U118/><E0/><V5/><F5/><W3/><G3/><T29/><D82/><U10/><E118/><V120/><F113/><W110/><G110/><T132/><D132/><U67/><E94/><V55/><REACH who="2" step="1"/><F120/><REACH who="2" ten="285,172,240,293" step="2"/><W15/><G15/><T111/><D111/><U70/><E70/><V24/><F24/><W126/><G126/><T71/><D71/><U16/><E14/><V73/><F73/><W72/><G72/><T52/><D125/><U116/><E116/><V103/><F103/><W96/><G91/><T61/><D124/><U38/><E101/><V9/><F9/><W26/><G26/><N who="0" m="16599" /><D127/><U83/><E11/><V112/><F112/><W88/><G90/><T7/><D7/><U104/><E10/><V66/><F66/><N who="3" m="39239" /><G88/><T23/><D93/><U114/><E104/><V98/><AGARI ba="0,1" hai="17,21,25,28,31,39,43,46,55,59,63,92,98,100" machi="98" ten="30,4000,0" yaku="1,1,0,1,52,1,53,0" doraHai="95" doraHaiUra="87" who="2" fromWho="2" sc="285,-10,172,-10,240,50,293,-20" /><INIT seed="4,0,0,5,3,109" ten="275,162,290,273" oya="0" hai0="2,133,121,56,67,29,32,15,129,42,73,134,33" hai1="130,24,122,117,120,83,59,19,22,105,13,113,115" hai2="37,98,63,108,80,77,97,34,9,5,131,43,41" hai3="6,126,49,38,12,23,39,101,87,132,75,91,58"/><T111/><D73/><U69/><E69/><V26/><F108/><W110/><G75/><T53/><D111/><U10/><E105/><V78/><F78/><W4/><G132/><N who="0" m="50795" /><D121/><N who="1" m="46699" /><E59/><V8/><F8/><W55/><G110/><T82/><D2/><U76/><E83/><V107/><F131/><W102/><G126/><T35/><D129/><U103/><E103/><V124/><F124/><W25/><G39/><T81/><D42/><U64/><E64/><V123/><F123/><W36/><G36/><T70/><D29/><N who="1" m="17559" /><E76/><V54/><F54/><W46/><G58/><T0/><D67/><U106/><E106/><V11/><F11/><N who="3" m="4199" /><G6/><T90/><D0/><U48/><E48/><V28/><F63/><W68/><G38/><T85/><D70/><U30/><E130/><V50/><F50/><W100/><G68/><T96/><D96/><U47/><E47/><N who="2" m="23983" /><F43/><W1/><G1/><T127/><D127/><U17/><E117/><V14/><F107/><W93/><G102/><T3/><D3/><U65/><E65/><V72/><F98/><W62/><G62/><N who="0" m="36111" /><D82/><U18/><E30/><AGARI ba="0,0" hai="23,25,30,46,49,55,87,91,93,100,101" m="4199" machi="30" ten="30,1000,0" yaku="8,1" doraHai="109" who="3" fromWho="1" sc="275,0,162,-10,290,0,273,10" /><INIT seed="5,0,0,1,3,10" ten="275,152,290,283" oya="1" hai0="33,0,127,82,6,94,70,111,8,115,50,43,89" hai1="19,71,134,87,29,73,128,90,28,101,45,21,131" hai2="91,32,15,53,85,113,38,67,121,83,5,99,102" hai3="51,54,3,4,41,40,123,31,104,72,24,124,77"/><U69/><E73/><V17/><F121/><W106/><G123/><T80/><D111/><U68/><E134/><V129/><F129/><N who="1" m="49737" /><E45/><V11/><F38/><W47/><G124/><T13/><D70/><N who="1" m="17923" /><U58/><DORA hai="61" /><E58/><V42/><F42/><W57/><G41/><T92/><D127/><U7/><E7/><V9/><F32/><W52/><G54/><T66/><D115/><U26/><E101/><V44/><F67/><W23/><G4/><T39/><D39/><U114/><E114/><V119/><F119/><W126/><G3/><T120/><D120/><U63/><E63/><V97/><F113/><W110/><G110/><T12/><D50/><U16/><E19/><V64/><F64/><W103/><G103/><T76/><D66/><U59/><E59/><V46/><F53/><W130/><G126/><T60/><D60/><U109/><E109/><V36/><F36/><W122/><G122/><T55/><D55/><U30/><E30/><V1/><REACH who="2" step="1"/><F97/><REACH who="2" ten="275,152,280,283" step="2"/><W108/><G130/><T48/><D43/><U95/><AGARI ba="0,1" hai="16,21,26,28,29,87,90,95" m="17923,49737" machi="95" ten="50,4800,0" yaku="19,1,54,1" doraHai="10,61" who="1" fromWho="1" sc="275,-16,152,58,280,-16,283,-16" /><INIT seed="5,1,0,2,0,58" ten="259,210,264,267" oya="1" hai0="30,66,18,118,60,112,14,131,91,52,15,120,26" hai1="110,97,80,129,70,9,51,8,73,90,98,72,85" hai2="122,76,24,135,126,61,123,32,12,20,38,31,22" hai3="121,68,127,23,40,86,101,11,83,3,21,119,48"/><U81/><E70/><V19/><F38/><W17/><G121/><N who="2" m="46089" /><F76/><W92/><G68/><T130/><D120/><U94/><E110/><V133/><F61/><W124/><G119/><T96/><D118/><U93/><E129/><N who="0" m="49161" /><D112/><U99/><E51/><V4/><F126/><N who="3" m="48171" /><G92/><N who="1" m="35434" /><E9/><N who="2" m="6543" /><F4/><N who="3" m="1439" /><G101/><T102/><D102/><U77/><E8/><V108/><F108/><W59/><G17/><T13/><D96/><N who="1" m="24579" /><U84/><AGARI ba="1,0" hai="72,73,77,80,81,84,85,90" m="24579,35434" machi="84" ten="40,18000,2" yaku="4,1,35,5" doraHai="58" who="1" fromWho="1" sc="259,-61,210,183,264,-61,267,-61" /><INIT seed="5,2,0,3,5,131" ten="198,393,203,206" oya="1" hai0="21,33,2,104,66,128,75,88,130,74,89,25,49" hai1="13,87,111,68,45,62,57,81,71,82,40,93,38" hai2="105,125,135,41,103,77,19,108,36,109,101,7,63" hai3="20,28,100,26,115,78,54,126,70,6,10,95,1"/><U5/><E111/><V102/><F7/><W132/><G115/><T58/><D33/><U129/><E129/><N who="0" m="49769" /><D2/><U17/><E5/><V124/><F63/><W18/><G70/><T32/><D32/><U37/><E37/><V64/><F64/><W12/><G126/><N who="2" m="48745" /><F19/><W99/><G78/><T31/><D104/><U4/><E4/><V11/><F11/><W98/><G54/><N who="0" m="32079" /><D66/><U56/><E93/><V122/><F122/><W84/><G132/><T76/><D76/><U35/><E35/><V119/><F119/><W14/><G84/><T42/><D42/><U85/><E85/><V55/><F55/><W121/><G121/><T9/><D9/><U107/><E107/><V116/><F116/><W16/><G99/><T113/><D113/><U65/><E68/><V120/><F120/><W97/><G97/><T29/><D31/><U67/><E67/><V79/><F105/><W123/><G123/><T0/><D0/><U46/><E40/><V127/><N who="2" m="48753" /><V69/><DORA hai="43" /><F69/><W96/><G96/><T23/><D23/><U47/><E65/><V92/><F92/><W48/><G48/><T59/><D59/><U3/><E57/><V15/><F15/><W60/><G60/><T61/><D61/><U51/><E13/><V39/><F41/><W44/><G14/><T72/><AGARI ba="2,0" hai="21,25,29,72,74,75,88,89" m="32079,49769" machi="72" ten="40,2700,0" yaku="19,1,54,1" doraHai="131,43" who="0" fromWho="0" sc="198,33,393,-15,203,-9,206,-9" /><INIT seed="6,0,0,0,0,75" ten="231,378,194,197" oya="2" hai0="77,135,57,19,11,98,108,37,53,29,41,63,100" hai1="73,15,26,74,117,30,38,87,34,120,132,40,16" hai2="18,122,56,103,70,54,69,68,127,112,123,110,105" hai3="104,20,36,3,8,107,106,111,46,128,49,28,93"/><V23/><F112/><W0/><G111/><T119/><D108/><U134/><E117/><V64/><F127/><W9/><G128/><T118/><D29/><U4/><E4/><V60/><F110/><W114/><G36/><T47/><D135/><N who="1" m="51755" /><E120/><V39/><F39/><W27/><G114/><T17/><D77/><U62/><E62/><V76/><F76/><W55/><REACH who="3" step="1"/><G93/><REACH who="3" ten="231,378,194,187" step="2"/><T88/><D118/><U113/><E113/><V130/><F130/><W65/><G65/><T43/><D119/><U79/><E38/><V10/><F64/><W66/><G66/><T48/><D37/><U61/><E74/><V129/><F129/><W31/><G31/><T85/><D43/><U80/><E40/><V21/><F10/><AGARI ba="0,1" hai="0,3,8,9,10,20,27,28,46,49,55,104,106,107" machi="10" ten="40,1300,0" yaku="1,1,53,0" doraHai="75" doraHaiUra="99" who="3" fromWho="2" sc="231,0,378,0,194,-13,187,23" /><INIT seed="7,0,0,4,5,124" ten="231,378,181,210" oya="3" hai0="95,123,58,92,73,22,134,89,18,135,127,57,56" hai1="40,90,113,6,107,49,44,69,129,84,55,74,2" hai2="80,111,12,88,30,125,53,117,46,35,32,115,16" hai3="71,41,108,48,61,20,104,1,19,98,97,28,43"/><W14/><G1/><T50/><D127/><U87/><E107/><V72/><F125/><W77/><G108/><T29/><D73/><U94/><E74/><V31/><F111/><W103/><G77/><T93/><D29/><U119/><E69/><V34/><F115/><W11/><G98/><N who="0" m="57615" /><D123/><U78/><E119/><V13/><F13/><W65/><G48/><T68/><D68/><U39/><E113/><V82/><F117/><W25/><AGARI ba="0,0" hai="11,14,19,20,25,28,41,43,61,65,71,97,103,104" machi="25" ten="30,1500,0" yaku="0,1" doraHai="124" who="3" fromWho="3" sc="231,-5,378,-5,181,-5,210,15" /><INIT seed="7,1,0,1,4,128" ten="226,373,176,225" oya="3" hai0="97,56,17,119,118,31,68,74,95,33,66,2,134" hai1="70,16,82,93,103,122,20,8,19,18,22,30,123" hai2="14,71,55,38,45,32,15,39,28,85,43,132,115" hai3="81,112,65,75,64,88,78,34,107,84,59,58,63"/><W60/><G112/><T100/><D74/><U76/><E70/><V117/><F117/><W35/><REACH who="3" step="1"/><G107/><REACH who="3" ten="226,373,176,215" step="2"/><T4/><D119/><U27/><E123/><V114/><F71/><W96/><G96/><T86/><D68/><U127/><E122/><V47/><F32/><W92/><AGARI ba="1,1" hai="34,35,58,59,60,63,64,65,75,78,81,84,88,92" machi="92" ten="20,12000,1" yaku="1,1,0,1,7,1,9,1,54,1,53,0" doraHai="128" doraHaiUra="124" who="3" fromWho="3" sc="226,-41,373,-41,176,-41,215,133" owari="185,-21.0,332,13.0,135,-36.0,348,44.0" /></mjloggm>