<mjloggm ver="2.3"><GO type="169" lobby="0"/><UN n0="%E3%83%8E%E3%82%AA%E3%83%81%E3%83%A3%E3%83%99%E3%82%B9" n1="%E7%A5%9E%E5%91%AA%E9%AD%94%E5%A5%B3" n2="%E9%AB%98%E6%A9%8B%E6%B7%B3" n3="%E6%98%AF%E6%94%BF%E3%81%AE%E5%A4%95%E9%99%BD" dan="17,16,16,16" rate="2208.53,2206.23,2122.77,2167.71" sx="M,F,M,M"/><TAIKYOKU oya="0"/><INIT seed="0,0,0,1,2,115" ten="250,250,250,250" oya="0" hai0="110,121,94,17,134,50,28,132,93,9,72,123,92" hai1="48,124,74,76,126,119,64,107,14,60,26,116,12" hai2="20,112,68,24,15,49,54,122,10,43,1,32,130" hai3="42,4,99,79,7,0,30,51,53,87,37,101,86"/><T125/><D28/><U102/><E102/><V104/><F104/><W65/><G37/><T88/><D50/><U52/><E107/><V127/><F112/><W128/><G42/><T108/><D17/><U117/><E26/><V61/><F127/><N who="1" m="48681" /><E76/><V58/><F130/><W111/><G111/><N who="0" m="42539" /><D9/><U22/><E74/><V73/><F73/><W55/><G128/><T109/><D109/><U57/><E22/><V89/><F89/><W100/><G65/><T133/><D125/><U83/><E83/><V38/><F1/><W25/><G53/><T46/><D46/><AGARI ba="0,0" hai="12,14,46,48,52,57,60,64,116,117,119" m="48681" machi="46" ten="40,8000,1" yaku="18,1,52,3,54,1" doraHai="115" who="1" fromWho="0" sc="250,-80,250,80,250,0,250,0" /><INIT seed="1,0,0,4,4,19" ten="170,330,250,250" oya="1" hai0="117,34,127,7,70,43,36,9,0,65,35,115,76" hai1="32,122,54,10,103,100,61,133,94,44,129,114,111" hai2="57,134,71,125,28,17,128,29,40,84,104,123,75" hai3="121,79,135,3,56,38,98,73,2,11,86,83,113"/><U87/><E122/><V108/><F57/><W68/><G135/><T39/><D115/><U37/><E114/><V95/><F17/><W45/><G121/><T120/><D120/><U81/><E32/><V85/><F95/><W107/><G86/><T110/><D117/><U63/><E129/><V60/><F40/><W105/><G56/><T4/><D4/><U97/><E133/><V131/><F60/><W99/><G98/><T47/><D110/><U1/><E103/><V96/><F96/><W30/><G99/><T93/><D93/><U62/><E111/><V102/><F102/><W42/><G113/><T72/><D39/><U13/><E1/><V25/><F85/><W12/><G12/><T21/><D21/><U126/><E37/><V106/><F84/><W41/><G41/><T82/><D127/><U78/><E126/><V67/><F106/><W92/><G92/><T101/><D101/><U18/><E44/><V58/><F104/><W80/><G80/><T77/><D77/><U23/><E10/><V46/><F46/><W51/><G51/><T14/><D14/><U8/><E8/><V22/><F123/><W52/><G52/><AGARI ba="0,0" hai="13,18,23,52,54,61,62,63,78,81,87,94,97,100" machi="52" ten="40,7700,0" yaku="8,1,52,1,54,1" doraHai="19" who="1" fromWho="3" sc="170,0,330,77,250,0,250,-77" /><INIT seed="1,1,0,5,2,60" ten="170,407,250,173" oya="1" hai0="103,76,117,7,129,113,79,107,32,58,108,41,81" hai1="73,17,5,30,127,83,65,91,74,59,55,28,132" hai2="14,69,90,61,38,52,10,56,45,89,1,95,27" hai3="20,18,62,63,39,92,49,122,23,75,134,70,100"/><U67/><E5/><V115/><F115/><W98/><G39/><T126/><D58/><U97/><E74/><V11/><F69/><W43/><G75/><T54/><D54/><U106/><E127/><V44/><F1/><W119/><G119/><T135/><D41/><U37/><E37/><V93/><F27/><W118/><G118/><T24/><D24/><U0/><E0/><V101/><F101/><W124/><G124/><T3/><D32/><U105/><E105/><V121/><F121/><W9/><G122/><T94/><D7/><U19/><E106/><V133/><F133/><W6/><G23/><T40/><D40/><U29/><E73/><V22/><F22/><W35/><G134/><T4/><D4/><U53/><E53/><V128/><F128/><W111/><G111/><T123/><D3/><U80/><E80/><V116/><F116/><W96/><G35/><T120/><D117/><U8/><E132/><V110/><F110/><W42/><G70/><T102/><D135/><U66/><E8/><V36/><F11/><W15/><G96/><T88/><D108/><U72/><E72/><V31/><F10/><W85/><G85/><N who="0" m="52495" /><D126/><U78/><E78/><N who="0" m="29737" /><D81/><U46/><E46/><V109/><F45/><N who="3" m="25783" /><G43/><T77/><N who="0" m="29745" /><T71/><DORA hai="50" /><D71/><U104/><E83/><V21/><F109/><W12/><AGARI ba="1,0" hai="6,9,12,15,18,20,62,63,92,98,100" m="25783" machi="12" ten="30,1100,0" yaku="8,1" doraHai="60,50" who="3" fromWho="3" sc="170,-4,407,-6,250,-4,173,14" /><INIT seed="2,0,0,0,1,29" ten="166,401,246,187" oya="2" hai0="35,20,2,69,18,93,64,66,76,129,37,7,73" hai1="26,55,89,16,113,21,67,8,101,131,98,134,39" hai2="10,124,14,47,56,91,117,23,60,135,58,72,49" hai3="68,112,121,100,25,96,33,114,28,40,123,30,63"/><V22/><F117/><W51/><G40/><T12/><D129/><U53/><E113/><N who="3" m="43626" /><G51/><T3/><D37/><U77/><E131/><V125/><F72/><W83/><G83/><T1/><D7/><U24/><E39/><V70/><F70/><W105/><G30/><T111/><D111/><U15/><E77/><V4/><F135/><W82/><G82/><T99/><D69/><U19/><E134/><V27/><F91/><W43/><G43/><T92/><D92/><U128/><E128/><V107/><F107/><W45/><G45/><T118/><D118/><U85/><E26/><V31/><F23/><W46/><G46/><T120/><D120/><U57/><E67/><AGARI ba="0,0" hai="25,28,33,63,67,68,96,100,105,121,123" m="43626" machi="67" ten="30,7700,0" yaku="25,1,11,1,23,1,52,1" doraHai="29" who="3" fromWho="1" sc="166,0,401,-77,246,0,187,77" /><INIT seed="3,0,0,3,1,78" ten="166,324,246,264" oya="3" hai0="13,127,94,95,104,90,56,107,18,103,45,132,126" hai1="3,30,125,117,96,36,81,61,67,53,115,43,19" hai2="23,41,77,102,83,122,119,50,21,73,0,12,28" hai3="37,59,65,116,10,46,91,82,89,54,69,87,39"/><W75/><G75/><T99/><D45/><U70/><E3/><V35/><F0/><W114/><G114/><T34/><D34/><U64/><E115/><V123/><F119/><W124/><G116/><T7/><D7/><U105/><E117/><V118/><F118/><W68/><G124/><N who="0" m="47659" /><D56/><U112/><E125/><V15/><F102/><W2/><G91/><T27/><D27/><U66/><E112/><V5/><F35/><W29/><G29/><T49/><D49/><U113/><E113/><V84/><F73/><W11/><G11/><N who="0" m="6463" /><D132/><U100/><E19/><V48/><F48/><W80/><G65/><T31/><D31/><U88/><E30/><V42/><F42/><W110/><G69/><T58/><D58/><U6/><E6/><V60/><F60/><W111/><G68/><T44/><D44/><U120/><E120/><V33/><F15/><W108/><G46/><T51/><D51/><U133/><E53/><V22/><F50/><N who="3" m="31191" /><G10/><T121/><D121/><U129/><E133/><V4/><F41/><W47/><G2/><T97/><AGARI ba="0,0" hai="90,94,95,97,99,103,104,107" m="6463,47659" machi="97" ten="30,1100,0" yaku="18,1" doraHai="78" who="0" fromWho="0" sc="166,11,324,-3,246,-3,264,-5" /><INIT seed="4,0,0,3,5,40" ten="177,321,243,259" oya="0" hai0="103,91,70,131,104,48,97,23,110,26,115,28,58" hai1="117,7,5,65,93,122,113,112,27,94,24,71,79" hai2="4,57,118,114,9,50,125,124,86,45,62,49,96" hai3="120,17,95,106,82,16,13,119,101,30,8,83,53"/><T69/><D115/><N who="1" m="44107" /><E117/><V39/><F114/><W90/><G119/><T80/><D131/><U43/><E79/><V1/><F118/><W56/><G120/><T108/><D91/><U74/><E74/><V36/><F50/><W123/><G123/><T51/><D80/><U25/><E122/><V6/><F6/><N who="1" m="2057" /><E43/><N who="2" m="24767" /><F86/><W130/><G130/><T0/><D0/><U84/><E84/><V55/><F96/><W35/><G35/><T10/><D10/><U88/><E88/><V63/><F63/><AGARI ba="0,0" hai="24,25,27,63,65,71,93,94" m="2057,44107" machi="63" ten="40,2600,0" yaku="15,1,11,1" doraHai="40" who="1" fromWho="2" sc="177,0,321,26,243,-26,259,0" /><INIT seed="5,0,0,3,4,26" ten="177,347,217,259" oya="1" hai0="128,57,115,17,63,106,13,134,116,127,62,47,35" hai1="53,117,120,38,93,89,34,39,82,90,5,65,102" hai2="32,96,125,43,21,99,44,48,80,61,114,50,98" hai3="110,36,52,77,64,27,23,113,108,130,56,97,51"/><U28/><E120/><V112/><F32/><W79/><G36/><T0/><D0/><U126/><E117/><V103/><F125/><W71/><G130/><T11/><D116/><U109/><E126/><V75/><F61/><W92/><G113/><N who="2" m="43625" /><F21/><W49/><G71/><T40/><D127/><U81/><E5/><V18/><F18/><W84/><G64/><T104/><D115/><U9/><E9/><V85/><F75/><W69/><G69/><T68/><D128/><U119/><E65/><V58/><F58/><W129/><G129/><T29/><D68/><U55/><E34/><V105/><F50/><N who="3" m="30743" /><G110/><T74/><D74/><U94/><E119/><V76/><AGARI ba="0,0" hai="43,44,48,76,80,85,96,98,99,103,105" m="43625" machi="76" ten="30,2000,0" yaku="15,1,11,1" doraHai="26" who="2" fromWho="2" sc="177,-5,347,-10,217,20,259,-5" /><INIT seed="6,0,0,2,5,53" ten="172,337,237,254" oya="2" hai0="76,55,70,0,74,85,3,26,52,36,63,126,12" hai1="73,66,119,106,32,130,104,45,102,15,31,83,118" hai2="111,46,23,30,54,80,131,19,108,69,10,40,88" hai3="78,8,5,67,117,65,81,56,21,2,13,48,127"/><V87/><F69/><W101/><G127/><T98/><D126/><U28/><E130/><V97/><F131/><W120/><G117/><T6/><D36/><U14/><E45/><V82/><F30/><W100/><G120/><T34/><D74/><U22/><E22/><V128/><F128/><W109/><G109/><T110/><D110/><U71/><E83/><V103/><F10/><W91/><G91/><T113/><D113/><U90/><E90/><V133/><F82/><W114/><G114/><T99/><D12/><U96/><E31/><V135/><F54/><N who="3" m="31815" /><G2/><T20/><D34/><U89/><E89/><V115/><F115/><W129/><G129/><T17/><D85/><U79/><E106/><V93/><F108/><W72/><G72/><T121/><D76/><U61/><E79/><V27/><REACH who="2" step="1"/><F111/><REACH who="2" ten="172,337,227,254" step="2"/><W24/><G81/><T59/><D70/><U123/><E118/><V7/><F7/><W107/><G78/><T25/><D121/><U125/><E123/><V75/><F75/><W35/><G35/><T68/><D68/><U29/><E73/><V50/><AGARI ba="0,1" hai="19,23,27,40,46,50,80,87,88,93,97,103,133,135" machi="50" ten="30,6000,0" yaku="1,1,0,1,54,1,53,0" doraHai="53" doraHaiUra="57" who="2" fromWho="2" sc="172,-20,337,-20,227,70,254,-20" /><INIT seed="6,1,0,0,3,95" ten="152,317,297,234" oya="2" hai0="106,112,58,105,121,108,99,15,87,83,120,69,37" hai1="51,114,20,64,118,124,54,19,2,8,11,89,29" hai2="111,47,4,88,125,130,32,26,97,14,74,129,38" hai3="27,109,61,96,90,98,18,13,78,5,55,53,1"/><V70/><F74/><W68/><G109/><T56/><D69/><U6/><E118/><V73/><F73/><W3/><G3/><T30/><D37/><U28/><E114/><V42/><F70/><W39/><G39/><T123/><D108/><U7/><E64/><V24/><F125/><W131/><G131/><T10/><D30/><U48/><E89/><V117/><F117/><W50/><G1/><T80/><D112/><U46/><E51/><V76/><F76/><W45/><G78/><T17/><D106/><U59/><E46/><V16/><F4/><W107/><G107/><T133/><D133/><U60/><E60/><V49/><F49/><W0/><G0/><T77/><REACH who="0" step="1"/><D80/><REACH who="0" ten="142,317,297,234" step="2"/><U43/><E29/><V67/><F111/><W31/><G68/><T72/><D72/><U40/><E28/><V113/><F113/><W122/><G122/><T81/><D81/><U84/><E124/><V62/><F129/><W63/><G31/><T82/><D82/><U79/><E2/><V110/><F130/><W71/><G71/><T132/><D132/><U92/><E6/><V103/><F110/><W22/><G5/><T52/><D52/><U86/><E7/><V12/><F38/><W102/><G55/><T126/><D126/><U101/><E54/><V25/><F67/><W34/><G61/><T65/><D65/><U33/><E43/><V104/><F62/><W36/><G63/><T23/><D23/><U127/><E20/><V135/><F42/><W91/><G36/><T57/><D57/><U35/><E59/><V100/><F104/><W119/><G119/><RYUUKYOKU ba="1,1" sc="142,30,317,-10,297,-10,234,-10" hai0="10,15,17,56,58,77,83,87,99,105,120,121,123" /><INIT seed="7,2,1,5,3,36" ten="172,307,287,224" oya="3" hai0="90,27,125,121,11,129,73,58,88,53,15,132,76" hai1="83,67,84,12,21,69,42,2,44,63,49,119,37" hai2="115,111,124,33,19,5,98,128,71,105,40,45,91" hai3="24,34,61,56,120,122,13,70,4,134,64,92,99"/><W43/><G134/><T103/><D121/><U31/><E119/><V29/><F111/><W133/><G133/><T41/><D132/><U3/><E37/><V30/><F71/><W32/><G70/><T100/><D129/><U110/><E110/><V39/><F19/><W82/><G120/><T25/><D125/><U112/><E112/><V79/><F91/><W101/><G122/><T116/><D116/><U65/><E65/><V107/><F79/><W48/><G34/><T26/><D76/><U131/><E131/><V47/><F47/><W78/><G32/><T102/><D73/><U20/><E20/><V86/><F86/><N who="3" m="48471" /><G24/><T80/><D41/><U130/><E130/><V9/><F33/><W10/><G48/><T74/><D74/><U46/><E46/><V108/><F108/><W81/><G81/><T113/><D113/><U89/><E31/><V77/><F77/><W52/><G64/><T104/><D104/><U22/><E22/><V87/><F115/><W6/><G6/><T135/><D135/><U126/><E126/><V93/><F124/><W118/><G118/><T16/><D80/><U66/><E66/><V114/><F114/><W55/><G55/><T0/><D0/><U117/><E117/><V18/><F128/><W7/><G7/><T94/><D94/><U72/><E72/><V59/><F5/><W109/><G109/><T60/><AGARI ba="2,1" hai="11,15,16,25,26,27,53,58,60,88,90,100,102,103" machi="60" ten="30,7900,0" yaku="0,1,8,1,54,2" doraHai="36" who="0" fromWho="0" sc="172,95,307,-22,287,-22,224,-41" /><INIT seed="8,0,0,4,0,70" ten="267,285,265,183" oya="0" hai0="76,133,77,3,31,117,9,107,6,8,43,48,87" hai1="56,69,50,13,40,75,91,90,0,101,28,64,49" hai2="96,80,11,39,5,41,83,82,35,131,99,113,68" hai3="7,119,92,110,104,15,95,65,109,98,57,97,86"/><T118/><D107/><U81/><E0/><V45/><F113/><W78/><G65/><T55/><D31/><U4/><E69/><V134/><F68/><W72/><G57/><T135/><D43/><U85/><E75/><V66/><F35/><W93/><G7/><T128/><D9/><N who="1" m="4263" /><E101/><V94/><F66/><W58/><G58/><N who="0" m="33127" /><D128/><U71/><E71/><V89/><F134/><N who="0" m="51210" /><D87/><N who="1" m="50543" /><E28/><V37/><F99/><W121/><G15/><T30/><D30/><U36/><E36/><V21/><F21/><W125/><G119/><AGARI ba="0,0" hai="3,6,8,76,77,117,118,119" m="51210,33127" machi="119" ten="30,2900,0" yaku="16,1,20,1" doraHai="70" who="0" fromWho="3" sc="267,29,285,0,265,0,183,-29" /><INIT seed="8,1,0,2,1,108" ten="296,285,265,154" oya="0" hai0="92,117,130,8,110,22,73,41,121,106,42,6,71" hai1="7,103,91,69,0,72,131,35,79,109,18,47,61" hai2="24,124,120,1,25,127,31,84,26,46,29,15,56" hai3="19,81,48,43,39,38,78,13,88,16,132,5,23"/><T82/><D106/><U10/><E109/><V96/><F46/><W12/><G132/><T59/><D71/><U27/><E131/><V89/><F1/><W100/><G100/><T119/><D130/><U68/><E91/><V116/><F120/><W57/><G5/><T50/><D121/><U80/><E103/><V64/><F96/><W52/><G43/><T129/><D129/><U125/><E125/><V54/><F64/><W60/><G60/><T74/><D22/><U34/><E18/><V113/><F113/><W20/><REACH who="3" step="1"/><G88/><REACH who="3" ten="296,285,265,144" step="2"/><T4/><D110/><U37/><E61/><V40/><F40/><W36/><G36/><T76/><D6/><U58/><E37/><V45/><F89/><W67/><G67/><T55/><D92/><U63/><E63/><V75/><F124/><W118/><G118/><N who="0" m="45067" /><D73/><AGARI ba="1,1" hai="12,13,16,19,20,23,38,39,48,52,57,73,78,81" machi="73" ten="30,8000,1" yaku="1,1,7,1,9,1,54,2,53,0" doraHai="108" doraHaiUra="102" who="3" fromWho="0" sc="296,-83,285,0,265,0,144,93" /><INIT seed="9,0,0,4,2,1" ten="213,285,265,237" oya="1" hai0="21,129,68,69,54,123,7,100,11,17,115,70,135" hai1="110,78,49,132,26,74,89,47,112,86,76,64,12" hai2="41,75,53,34,30,93,19,32,61,133,6,77,71" hai3="9,10,35,62,121,99,43,24,127,103,58,50,116"/><U117/><E112/><V109/><F109/><W65/><G121/><T8/><D115/><U40/><E74/><V107/><F107/><W36/><G116/><T27/><D123/><U128/><E117/><V124/><F41/><W31/><G127/><T72/><D72/><U102/><E102/><V5/><F19/><W131/><G131/><T25/><D129/><U119/><E119/><V63/><F93/><W95/><G36/><T134/><D11/><U113/><E132/><N who="0" m="50729" /><D100/><U3/><E3/><V92/><F92/><W94/><G95/><T28/><D54/><U15/><E110/><V23/><F53/><W45/><REACH who="3" step="1"/><G35/><REACH who="3" ten="213,285,265,227" step="2"/><N who="0" m="20879" /><D70/><U101/><E128/><V90/><F133/><W118/><G118/><T98/><D98/><U111/><E111/><V73/><F34/><W38/><G38/><T0/><AGARI ba="0,1" hai="0,7,8,17,21,27,68,69" m="20879,50729" machi="0" ten="30,2000,0" yaku="20,1,52,1" doraHai="1" who="0" fromWho="0" sc="213,30,285,-10,265,-5,227,-5" /><INIT seed="10,0,0,0,3,105" ten="243,275,260,222" oya="2" hai0="117,88,62,121,34,129,49,61,41,110,71,94,114" hai1="74,122,9,86,44,18,97,67,95,125,29,66,63" hai2="43,51,14,60,76,133,118,100,32,126,2,134,50" hai3="33,24,112,40,132,96,54,108,21,102,103,99,75"/><V55/><F2/><W82/><G108/><T58/><D34/><U47/><E74/><V38/><F32/><W92/><G132/><T35/><D35/><U11/><E125/><V93/><F76/><W80/><G112/><T77/><D110/><U53/><E29/><V4/><F118/><W59/><G40/><T64/><D114/><U28/><E28/><V79/><F79/><W45/><G45/><T101/><D101/><U26/><E86/><V72/><F72/><W81/><G33/><T17/><D77/><U36/><E36/><V39/><F93/><W15/><G15/><T84/><D121/><U19/><E122/><V31/><F31/><W70/><G70/><T87/><D117/><U13/><E53/><V104/><F100/><W10/><G10/><T73/><D73/><U20/><E9/><N who="2" m="4391" /><F104/><W68/><G68/><T27/><D129/><U37/><E37/><N who="2" m="13835" /><F43/><W98/><G92/><T116/><D116/><U30/><E18/><V83/><F83/><W106/><G106/><T65/><D41/><U130/><E130/><V69/><F126/><W25/><G75/><T131/><D131/><U6/><E6/><V48/><F69/><W120/><G120/><T22/><D49/><U111/><E67/><V8/><F8/><W90/><G90/><T78/><D78/><U119/><E119/><V109/><F109/><W127/><G127/><T3/><D3/><U56/><E111/><V46/><F60/><N who="3" m="35959" /><G21/><T16/><D17/><U23/><E23/><V85/><F85/><AGARI ba="0,0" hai="16,22,27,58,61,62,64,65,71,84,85,87,88,94" machi="85" ten="30,3900,0" yaku="7,1,54,2" doraHai="105" who="0" fromWho="2" sc="243,39,275,0,260,-39,222,0" /><INIT seed="11,0,0,5,5,121" ten="282,275,221,222" oya="3" hai0="72,34,130,132,37,56,104,31,70,101,135,38,43" hai1="134,49,91,129,120,118,80,59,93,6,16,0,11" hai2="29,90,126,1,115,87,4,18,21,119,53,71,124" hai3="98,3,112,45,55,116,103,74,19,100,69,25,131"/><W76/><G116/><T128/><D70/><U89/><E120/><V15/><F119/><W86/><G112/><T88/><D72/><U114/><E114/><V105/><F115/><W35/><G3/><T109/><D56/><U7/><E0/><V12/><F105/><W9/><G69/><T67/><D67/><U2/><E2/><V48/><F71/><W83/><G131/><N who="0" m="50219" /><D88/><U46/><E134/><N who="0" m="51241" /><D43/><N who="1" m="24799" /><E129/><V81/><F1/><W20/><G35/><T17/><D17/><U57/><E80/><V52/><F29/><W107/><G100/><T96/><D109/><U111/><E91/><V10/><REACH who="2" step="1"/><F53/><REACH who="2" ten="282,275,211,222" step="2"/><W117/><G117/><T50/><D31/><U73/><E118/><V99/><F99/><W61/><G9/><T85/><D96/><N who="1" m="57391" /><E73/><V24/><F24/><W97/><G98/><T58/><D104/><U64/><E64/><V127/><F127/><W106/><G107/><T40/><D34/><U122/><E122/><V62/><F62/><W36/><G74/><T110/><D110/><U28/><E111/><V123/><F123/><W22/><G61/><T23/><D85/><U78/><E28/><V30/><F30/><W79/><G22/><T54/><D23/><U92/><E11/><V33/><F33/><W108/><G108/><T94/><D40/><U32/><E32/><V77/><F77/><N who="3" m="46447" /><G55/><T8/><D8/><U102/><E78/><V84/><F84/><W27/><G27/><T51/><D54/><U66/><E66/><V60/><F60/><W47/><G47/><AGARI ba="0,1" hai="4,10,12,15,18,21,47,48,52,81,87,90,124,126" machi="47" ten="40,5200,0" yaku="1,1,54,1,53,1" doraHai="121" doraHaiUra="82" who="2" fromWho="3" sc="282,0,275,0,211,62,222,-52" owari="282,38.0,275,8.0,273,-13.0,170,-33.0" /></mjloggm>