<mjloggm ver="2.3"><GO type="169" lobby="0"/><UN n0="%E3%81%8A%E3%81%98%E3%81%95%E3%82%93" n1="%E7%A5%9E%E4%BB%99%E9%85%B5%E6%AF%8D" n2="%E3%83%90%E3%83%AA%E3%83%88%E3%83%B3" n3="%E9%87%A3%E3%82%8A%E6%97%A5%E5%92%8C" dan="16,19,17,17" rate="2195.90,2270.29,2189.16,2190.47" sx="M,M,M,M"/><TAIKYOKU oya="0"/><INIT seed="0,0,0,3,5,115" ten="250,250,250,250" oya="0" hai0="133,125,11,40,58,122,118,55,73,24,119,36,12" hai1="84,81,41,69,126,54,120,21,134,68,18,49,131" hai2="25,95,92,16,78,47,14,96,99,75,61,74,17" hai3="112,97,52,48,117,127,66,62,9,22,93,108,87"/><T89/><D122/><U27/><E120/><V103/><F78/><W2/><G112/><T5/><D73/><U37/><E134/><V111/><F111/><W128/><G108/><T10/><D133/><U113/><E113/><V32/><F47/><W44/><G127/><T135/><D135/><U67/><E126/><V60/><F32/><W65/><G128/><T63/><D125/><U59/><E131/><V90/><F25/><W72/><G72/><T86/><D24/><U82/><E82/><V30/><F30/><W124/><G124/><T71/><D71/><U34/><E67/><V46/><F46/><W29/><G87/><T123/><D123/><U106/><E106/><V8/><F17/><W50/><G22/><T7/><D40/><U77/><E37/><V102/><F61/><W23/><G23/><T121/><D36/><U64/><E41/><V39/><F39/><W88/><G48/><T15/><D121/><U105/><E105/><V45/><F45/><W129/><G29/><T114/><D114/><U42/><E42/><V38/><F38/><W20/><G20/><T76/><D76/><U85/><E34/><V1/><F1/><W79/><G79/><T6/><D6/><U57/><E85/><V43/><F43/><W116/><G66/><T26/><D26/><U70/><E64/><V31/><F31/><W3/><G129/><T33/><D33/><U19/><E19/><V100/><F60/><W104/><G104/><T28/><D28/><U91/><E77/><V132/><F132/><W4/><G2/><T51/><D63/><N who="1" m="36279" /><E59/><AGARI ba="0,0" hai="3,4,9,44,50,52,59,62,65,88,93,97,116,117" machi="59" ten="30,8000,1" yaku="7,1,52,2,54,2" doraHai="115" who="3" fromWho="1" sc="250,0,250,-80,250,0,250,80" /><INIT seed="1,0,0,4,2,81" ten="250,170,250,330" oya="1" hai0="77,86,34,119,130,70,121,12,69,39,7,84,83" hai1="125,124,44,78,97,54,61,47,93,65,82,51,91" hai2="117,3,127,109,63,19,57,33,32,74,6,89,38" hai3="131,129,122,41,25,102,16,26,18,87,72,17,76"/><U36/><E36/><V114/><F117/><W73/><G122/><T67/><D119/><U21/><E47/><V59/><F109/><W27/><G102/><T94/><D39/><U99/><E99/><V45/><F127/><W0/><G0/><T43/><D43/><U90/><E90/><V53/><F114/><W98/><G98/><T50/><D34/><U42/><E21/><V79/><F19/><W13/><G41/><T23/><D50/><U126/><E42/><V132/><F45/><W31/><G13/><T30/><D130/><N who="3" m="49673" /><G31/><T115/><D115/><U123/><E123/><V15/><F15/><W80/><AGARI ba="0,0" hai="16,17,18,25,26,27,72,73,76,80,87" m="49673" machi="80" ten="40,5200,0" yaku="19,1,52,1,54,1" doraHai="81" who="3" fromWho="3" sc="250,-13,170,-26,250,-13,330,52" /><INIT seed="2,0,0,5,5,81" ten="237,144,237,382" oya="2" hai0="96,53,66,124,133,86,83,118,50,131,105,62,93" hai1="69,25,80,67,26,73,98,36,15,60,122,18,16" hai2="37,29,59,111,132,114,99,107,33,39,76,23,95" hai3="31,112,89,75,101,41,11,9,34,129,58,32,40"/><V82/><F114/><W45/><G75/><T49/><D124/><U104/><E122/><V44/><F33/><W109/><G112/><T52/><D131/><U2/><E2/><V7/><F107/><W90/><G129/><T119/><D105/><U87/><E36/><V71/><F71/><W5/><G109/><T19/><D19/><U74/><E18/><V65/><F7/><W61/><G101/><N who="0" m="60559" /><D133/><U12/><E12/><V35/><F35/><W123/><G123/><T113/><D113/><U20/><E74/><V10/><F10/><W24/><G34/><T43/><D43/><U6/><E73/><V100/><F44/><W1/><G40/><T51/><D66/><U97/><E6/><V79/><F132/><W128/><G9/><T84/><D62/><U103/><REACH who="1" step="1"/><E97/><REACH who="1" ten="237,134,237,382" step="2"/><V27/><F111/><W30/><G128/><T91/><D86/><U4/><E4/><V8/><F8/><W130/><G130/><T121/><D121/><U102/><E102/><V63/><F79/><AGARI ba="0,1" hai="15,16,20,25,26,60,67,69,79,80,87,98,103,104" machi="79" ten="30,8000,1" yaku="1,1,7,1,52,1,54,1,53,1" doraHai="81" doraHaiUra="56" who="1" fromWho="2" sc="237,0,134,90,237,-80,382,0" /><INIT seed="3,0,0,2,0,90" ten="237,224,157,382" oya="3" hai0="23,58,134,125,85,42,11,6,35,104,119,65,52" hai1="62,63,120,59,76,17,116,40,45,95,78,111,70" hai2="105,80,123,48,75,55,97,21,30,39,9,84,24" hai3="69,12,126,53,34,46,18,22,89,118,38,16,68"/><W117/><G34/><T49/><D35/><U15/><E120/><V77/><F39/><W41/><G126/><T72/><D72/><U81/><E111/><V86/><F123/><W33/><G33/><T127/><D104/><U115/><E115/><V37/><F37/><W71/><G53/><T73/><D73/><U0/><E0/><V26/><F9/><W10/><REACH who="3" step="1"/><G89/><REACH who="3" ten="237,224,157,372" step="2"/><T107/><D52/><U103/><E116/><V83/><F55/><W114/><G114/><T7/><D119/><U43/><E43/><V47/><F47/><W28/><G28/><T60/><D42/><U128/><E40/><V96/><F30/><W130/><G130/><T13/><D125/><U67/><E45/><V113/><F113/><W91/><G91/><T20/><D127/><U93/><E128/><V121/><F121/><W36/><G36/><T4/><D65/><U29/><E29/><V132/><F132/><W133/><G133/><T2/><D134/><U64/><E103/><V57/><F48/><W74/><G74/><T101/><D49/><U19/><E78/><V51/><F75/><W56/><G56/><T108/><D58/><U88/><E76/><V5/><F57/><W106/><G106/><T124/><D107/><U112/><E112/><V92/><F105/><W79/><G79/><T25/><D124/><U100/><E100/><V82/><F77/><W54/><G54/><T3/><D101/><U61/><E59/><V109/><F51/><W8/><G8/><T1/><D11/><U31/><E31/><V32/><F32/><W122/><G122/><T102/><D102/><RYUUKYOKU ba="0,1" sc="237,-10,224,-10,157,-10,372,30" hai3="10,12,16,18,22,38,41,46,68,69,71,117,118" /><INIT seed="3,1,1,0,1,25" ten="227,214,147,402" oya="3" hai0="89,53,114,68,127,135,111,52,54,50,96,21,116" hai1="91,44,36,75,76,51,71,61,98,129,22,101,94" hai2="79,49,90,132,82,103,26,112,83,86,81,55,125" hai3="119,110,105,8,87,131,74,9,88,41,107,10,0"/><W6/><G119/><T34/><D116/><U39/><E129/><V5/><F112/><W40/><G74/><T72/><D34/><U80/><E22/><V77/><F132/><W126/><G131/><T58/><D135/><U30/><E30/><V115/><F115/><W31/><G126/><T59/><D114/><U109/><E109/><V23/><F103/><W3/><G110/><T16/><D72/><U15/><E15/><V113/><F5/><W64/><G64/><T27/><D68/><U37/><E61/><V63/><F63/><W133/><G133/><T108/><D127/><U18/><E18/><V100/><F100/><W121/><G121/><T4/><D4/><U48/><E71/><V62/><F62/><W65/><G65/><T97/><D111/><U7/><E7/><V2/><F2/><W42/><G31/><T46/><D108/><U85/><REACH who="1" step="1"/><E44/><REACH who="1" ten="227,204,147,402" step="2"/><N who="2" m="28071" /><F113/><W38/><G6/><T47/><D47/><U93/><AGARI ba="1,2" hai="36,37,39,48,51,75,76,80,85,91,93,94,98,101" machi="93" ten="30,2000,0" yaku="1,1,0,1,53,0" doraHai="25" doraHaiUra="17" who="1" fromWho="1" sc="227,-6,204,43,147,-6,402,-11" /><INIT seed="4,0,0,2,5,72" ten="221,247,141,391" oya="0" hai0="24,131,29,78,19,89,41,48,18,80,115,118,55" hai1="9,64,87,36,130,103,112,96,129,128,100,127,133" hai2="104,91,32,57,86,42,132,34,88,122,121,6,109" hai3="21,65,67,70,105,51,25,7,94,53,92,114,108"/><T52/><D118/><U20/><E36/><V3/><F109/><W77/><G108/><T28/><D115/><U63/><E112/><V102/><F132/><W124/><G105/><T16/><D131/><U93/><E133/><V13/><F3/><W69/><G114/><T46/><D89/><U101/><E127/><V116/><F42/><W107/><G107/><T76/><D29/><U120/><E120/><V106/><F57/><W126/><G7/><T5/><D5/><U58/><E9/><V56/><F56/><W74/><G67/><T75/><REACH who="0" step="1"/><D78/><REACH who="0" ten="211,247,141,391" step="2"/><U119/><E119/><V44/><F6/><W35/><G77/><T37/><D37/><U90/><REACH who="1" step="1"/><E20/><AGARI ba="0,1" hai="16,18,19,20,24,28,41,46,48,52,55,75,76,80" machi="20" ten="40,12000,1" yaku="1,1,52,1,54,2,53,0" doraHai="72" doraHaiUra="30" who="0" fromWho="1" sc="211,130,247,-120,141,0,391,0" /><INIT seed="4,1,0,1,2,90" ten="341,127,141,391" oya="0" hai0="126,116,15,9,132,67,3,79,76,97,135,7,58" hai1="122,57,99,106,17,34,0,32,38,45,24,80,1" hai2="84,11,75,29,47,56,2,59,95,8,21,107,41" hai3="28,48,82,13,110,27,49,55,127,100,117,40,23"/><T78/><D116/><U33/><E122/><V115/><F107/><W109/><G117/><T104/><D126/><U92/><E106/><V18/><F75/><W26/><G127/><T118/><D118/><U103/><E80/><V96/><F84/><W44/><G100/><T65/><D3/><U73/><E73/><V52/><F29/><W37/><G37/><T114/><D114/><U134/><E134/><N who="0" m="51241" /><D58/><U42/><REACH who="1" step="1"/><E57/><REACH who="1" ten="341,117,141,391" step="2"/><V125/><F59/><W123/><G82/><T25/><D25/><U68/><E68/><V105/><F105/><W61/><G27/><T10/><D10/><U133/><E133/><V108/><F125/><W50/><G26/><T4/><D4/><U51/><E51/><N who="2" m="27119" /><F115/><W124/><G48/><T62/><D62/><U87/><E87/><V129/><F2/><W19/><G61/><T101/><AGARI ba="1,1" hai="7,9,15,65,67,76,78,79,97,101,104" m="51241" machi="101" ten="40,2100,0" yaku="20,1" doraHai="90" who="0" fromWho="0" sc="341,34,117,-8,141,-8,391,-8" /><INIT seed="4,2,0,5,1,29" ten="375,109,133,383" oya="0" hai0="79,109,125,1,26,118,36,88,130,95,34,117,48" hai1="69,98,103,15,90,61,129,66,120,45,113,23,10" hai2="93,39,52,17,102,91,78,51,126,74,132,19,71" hai3="101,134,73,37,25,32,42,31,119,28,43,57,59"/><T40/><D125/><U65/><E120/><V49/><F39/><W86/><G73/><T35/><D130/><U6/><E129/><V9/><F71/><W115/><G119/><T85/><D36/><U44/><E113/><V68/><F68/><W81/><G115/><T14/><D1/><U12/><E66/><V70/><F70/><W33/><G101/><T8/><D79/><U116/><E116/><V127/><F102/><W77/><G134/><T122/><D122/><U105/><E90/><V2/><F51/><W107/><G107/><T100/><D100/><U22/><E15/><V80/><F132/><W83/><G37/><T41/><D109/><U94/><E105/><V128/><F128/><W67/><G67/><T89/><D118/><U56/><REACH who="1" step="1"/><E69/><REACH who="1" ten="375,99,133,383" step="2"/><V0/><F0/><W55/><G77/><T46/><D117/><U104/><E104/><V124/><F2/><W97/><G25/><T114/><D114/><U84/><E84/><N who="2" m="52455" /><F9/><W99/><G86/><T87/><D26/><U131/><E131/><V108/><F108/><W110/><G110/><T121/><D121/><U53/><E53/><AGARI ba="2,1" hai="28,31,32,33,42,43,53,55,57,59,81,83,97,99" machi="53" ten="25,6400,0" yaku="22,2,52,2" doraHai="29" who="3" fromWho="1" sc="375,0,99,-70,133,0,383,80" /><INIT seed="5,0,0,4,0,73" ten="375,29,133,463" oya="1" hai0="37,133,58,69,26,16,35,126,88,10,92,117,48" hai1="56,59,106,104,20,62,76,68,134,71,109,103,125" hai2="25,128,111,18,52,130,112,57,28,49,107,85,5" hai3="2,66,47,65,72,127,34,87,32,97,51,118,70"/><U135/><E125/><V121/><F111/><W22/><G72/><T53/><D117/><U81/><E109/><V131/><F121/><W75/><G75/><T113/><D126/><U115/><E115/><V120/><F120/><W67/><G2/><T91/><D113/><U17/><E103/><V101/><F5/><W43/><G70/><N who="1" m="26666" /><E20/><V15/><F112/><W38/><G127/><T54/><D133/><N who="1" m="50699" /><E17/><V29/><F25/><W45/><G118/><T132/><D132/><U82/><E62/><V84/><F101/><W129/><G22/><T14/><D69/><U0/><E0/><V123/><F107/><N who="1" m="41001" /><E76/><V42/><F123/><W6/><G6/><T102/><D102/><U1/><E1/><V74/><F74/><W36/><G66/><T96/><D91/><U7/><E7/><V4/><F4/><W124/><G67/><T41/><D54/><U83/><AGARI ba="0,0" hai="56,59,81,82,83" m="41001,50699,26666" machi="83" ten="40,7800,0" yaku="28,2,20,1" doraHai="73" who="1" fromWho="1" sc="375,-26,29,78,133,-26,463,-26" /><INIT seed="5,1,0,0,4,106" ten="349,107,107,437" oya="1" hai0="2,134,35,87,32,9,82,77,44,75,52,34,36" hai1="0,92,94,19,13,8,85,107,117,64,22,86,15" hai2="71,135,101,110,121,119,97,126,20,93,131,38,46" hai3="45,3,130,68,69,11,122,99,17,58,54,48,10"/><U104/><E0/><V56/><F71/><W100/><G122/><T132/><D87/><U90/><E117/><V23/><F110/><W89/><G130/><T123/><D123/><U47/><E64/><V98/><F119/><W108/><G108/><T63/><D63/><U114/><E114/><V16/><F135/><W30/><G30/><T4/><REACH who="0" step="1"/><D52/><REACH who="0" ten="339,107,107,437" step="2"/><U18/><REACH who="1" step="1"/><E47/><REACH who="1" ten="339,97,107,437" step="2"/><V14/><F121/><W116/><G45/><T33/><N who="0" m="8192" /><DORA hai="51" /><T6/><D6/><U43/><E43/><AGARI ba="1,2" hai="2,4,9,36,43,44,75,77,82,132,134" m="8192" machi="43" ten="70,12000,2" yaku="1,1,25,2,23,2,52,1,53,1" doraHai="106,51" doraHaiUra="78,118" who="0" fromWho="1" sc="339,143,97,-123,107,0,437,0" owari="482,58.0,-26,-53.0,107,-29.0,437,24.0" /></mjloggm>