<mjloggm ver="2.3"><GO type="169" lobby="0"/><UN n0="%E3%83%9E%E3%83%AD%E3%83%A2%E3%82%AF" n1="%E3%83%80%E3%82%AF%E3%82%BF%E3%83%BC%E3%82%AF%E3%83%AA%E3%83%83%E3%83%97" n2="%73%7A%2E%64%31" n3="%E3%81%8B%E3%82%81%E3%81%98%E3%82%8D%E3%81%86" dan="16,17,16,16" rate="2090.23,2195.71,2121.25,2150.43" sx="M,M,M,M"/><TAIKYOKU oya="0"/><INIT seed="0,0,0,3,2,40" ten="250,250,250,250" oya="0" hai0="109,19,49,10,16,56,127,78,119,32,96,24,94" hai1="91,111,102,15,129,63,123,23,11,125,12,5,83" hai2="69,68,34,108,27,36,59,95,101,74,106,31,124" hai3="113,131,88,76,92,134,85,55,114,86,89,6,118"/><T39/><D119/><U120/><E111/><V82/><F95/><W107/><G118/><T98/><D39/><U79/><E129/><V110/><F59/><W75/><G6/><T87/><D109/><N who="2" m="42090" /><F36/><W57/><G131/><T45/><D127/><U51/><E125/><V84/><F84/><W66/><G66/><T65/><D32/><U93/><E102/><V3/><F3/><W28/><G28/><T64/><D24/><U26/><E15/><V128/><F128/><W29/><G29/><T42/><D10/><U132/><E63/><V73/><F124/><W44/><G107/><T61/><D65/><U2/><E132/><V115/><F115/><W99/><G75/><N who="2" m="28681" /><F82/><N who="3" m="47303" /><G134/><T30/><D30/><U22/><E2/><V37/><F37/><W62/><G114/><T135/><D135/><U18/><E23/><V112/><F112/><W4/><G4/><T90/><D78/><U105/><E105/><V97/><AGARI ba="0,0" hai="27,31,34,68,69,97,101,106" m="28681,42090" machi="97" ten="40,2700,0" yaku="14,1,23,1" doraHai="40" who="2" fromWho="2" sc="250,-13,250,-7,250,27,250,-7" /><INIT seed="1,0,0,0,4,46" ten="237,243,277,243" oya="1" hai0="131,23,7,14,129,90,109,50,2,57,67,74,101" hai1="105,60,123,64,15,17,114,86,39,93,77,127,79" hai2="91,5,3,120,134,32,11,94,69,49,59,119,132" hai3="76,51,26,0,68,107,8,30,33,111,54,72,13"/><U135/><E114/><V116/><F120/><W121/><G121/><T52/><D109/><U87/><E105/><V85/><F32/><W133/><G111/><T24/><D74/><U18/><E127/><V27/><F27/><W117/><G107/><T130/><D2/><U9/><E135/><N who="2" m="51755" /><F69/><W126/><G68/><T80/><D101/><U81/><E39/><V103/><F103/><W21/><G133/><T56/><D80/><U65/><E123/><V36/><F36/><W38/><G38/><T47/><D90/><U37/><E37/><V98/><F98/><W1/><G117/><T122/><D122/><U115/><E115/><V29/><F29/><W82/><G33/><T112/><D67/><U96/><E60/><V88/><F91/><W128/><G128/><T55/><D112/><U34/><E34/><V6/><F6/><W84/><G72/><T62/><D7/><U110/><E110/><V25/><F25/><W89/><G76/><T66/><D14/><U28/><E28/><V104/><F104/><W61/><G61/><T31/><D66/><N who="1" m="25707" /><E18/><V48/><F59/><AGARI ba="0,0" hai="23,24,31,47,50,52,55,56,57,59,62,129,130,131" machi="59" ten="40,5200,0" yaku="19,1,52,1,54,1" doraHai="46" who="0" fromWho="2" sc="237,52,243,0,277,-52,243,0" /><INIT seed="2,0,0,1,4,68" ten="289,243,225,243" oya="2" hai0="105,125,60,22,25,132,42,54,110,90,123,129,30" hai1="14,76,118,10,82,40,78,35,61,2,64,29,112" hai2="124,69,57,80,62,27,43,115,59,113,89,81,17" hai3="83,103,102,66,71,84,9,135,75,77,11,95,128"/><V63/><F69/><W21/><G135/><T20/><D123/><U116/><E112/><V36/><F124/><W6/><G128/><T55/><D125/><U56/><E76/><V53/><F89/><W111/><G111/><T13/><D129/><U100/><E2/><V130/><F130/><W120/><G120/><T51/><D110/><U41/><E100/><V96/><F96/><W50/><G50/><T0/><D0/><U92/><E92/><V131/><F131/><W5/><G21/><T133/><D105/><U31/><E118/><V7/><F7/><W98/><G66/><T67/><D42/><U16/><E116/><V48/><F48/><W74/><G71/><T15/><D90/><U3/><E3/><V12/><F27/><W107/><G9/><T108/><D108/><U104/><E104/><V19/><F12/><W101/><G6/><T45/><D51/><U119/><E119/><V47/><F53/><W88/><REACH who="3" step="1"/><G75/><REACH who="3" ten="289,243,225,233" step="2"/><T134/><D134/><U1/><E1/><AGARI ba="0,1" hai="1,5,11,74,77,83,84,88,95,98,101,102,103,107" machi="1" ten="30,12000,2" yaku="1,1,2,1,7,1,24,2,54,1,53,1" doraHai="68" doraHaiUra="85" who="3" fromWho="1" sc="289,0,243,-120,225,0,233,130" /><INIT seed="3,0,0,5,1,135" ten="289,123,225,363" oya="3" hai0="112,4,113,10,70,116,122,92,118,51,76,17,13" hai1="121,15,24,93,74,28,127,99,20,36,2,124,63" hai2="49,33,5,65,87,1,62,68,94,32,31,119,75" hai3="69,56,109,64,45,96,134,39,29,9,78,40,52"/><W111/><G134/><T59/><D70/><U43/><E121/><V106/><F119/><W84/><G29/><T55/><D76/><U102/><E2/><V103/><F75/><W123/><G96/><T66/><D66/><U47/><E74/><V128/><F128/><W95/><G9/><T131/><D131/><U86/><E15/><V67/><F67/><W126/><G123/><T71/><D71/><U7/><E7/><V16/><F49/><N who="3" m="30735" /><G78/><T97/><D4/><U79/><REACH who="1" step="1"/><E63/><REACH who="1" ten="289,113,225,363" step="2"/><V107/><F1/><W23/><G109/><T37/><D122/><U85/><E85/><V115/><F5/><W114/><G111/><T35/><D118/><U53/><E53/><V54/><F54/><W3/><G3/><T89/><D116/><U42/><E42/><V0/><F0/><W30/><G84/><T8/><D13/><U130/><E130/><V100/><F87/><W12/><G12/><T90/><D55/><U38/><E38/><V80/><F62/><N who="3" m="40087" /><G114/><T50/><D112/><U11/><E11/><V101/><F115/><W82/><G39/><T117/><D37/><U81/><AGARI ba="0,1" hai="20,24,28,36,43,47,79,81,86,93,99,102,124,127" machi="81" ten="30,7900,0" yaku="1,1,0,1,52,2,53,0" doraHai="135" doraHaiUra="44" who="1" fromWho="1" sc="289,-20,113,89,225,-20,363,-39" /><INIT seed="4,0,0,2,2,120" ten="269,202,205,324" oya="0" hai0="47,18,103,93,128,35,96,69,74,25,104,71,21" hai1="125,127,50,80,134,43,86,32,108,11,54,84,115" hai2="81,66,46,13,55,22,72,64,48,57,123,52,60" hai3="68,79,107,99,28,56,85,126,105,132,7,83,15"/><T42/><D128/><U129/><E32/><V6/><F123/><W61/><G126/><N who="1" m="48138" /><E129/><V75/><F22/><W49/><G132/><T10/><D74/><U29/><E134/><V23/><F23/><W34/><G68/><T78/><D78/><U89/><E29/><V130/><F130/><W16/><G7/><T111/><D35/><U119/><E43/><V113/><F113/><W14/><G49/><T95/><D104/><U135/><E135/><V102/><F102/><W1/><G1/><T41/><D41/><U121/><E121/><V8/><F81/><W38/><G38/><T77/><D77/><U109/><E119/><V70/><REACH who="2" step="1"/><F64/><REACH who="2" ten="269,202,195,324" step="2"/><W76/><G83/><T94/><D10/><U88/><E115/><V106/><F106/><W5/><G105/><T45/><D95/><N who="1" m="54663" /><E11/><V73/><F73/><W3/><G107/><T63/><D94/><U40/><E40/><V24/><F24/><W36/><G34/><T19/><D42/><U122/><E122/><V100/><F100/><W39/><G36/><T31/><D103/><U117/><E117/><V82/><F82/><W17/><G39/><T62/><D25/><U0/><E0/><V118/><F118/><W65/><G3/><T112/><D112/><U33/><E33/><V59/><F59/><AGARI ba="0,1" hai="50,54,59,80,86,89,108,109" m="54663,48138" machi="59" ten="30,7700,0" yaku="18,1,52,2,54,1" doraHai="120" who="1" fromWho="2" sc="269,0,202,87,195,-77,324,0" /><INIT seed="5,0,0,0,4,38" ten="269,289,118,324" oya="1" hai0="125,74,77,33,112,83,130,69,93,118,114,31,1" hai1="29,12,18,61,113,14,45,79,21,133,132,76,86" hai2="68,17,101,107,97,106,2,134,23,80,131,81,87" hai3="73,55,98,62,39,32,105,116,96,71,54,135,72"/><U59/><E113/><V128/><F2/><W25/><G135/><N who="1" m="51786" /><E29/><V122/><F134/><W75/><G116/><T51/><D69/><U89/><E14/><V103/><F68/><W49/><G39/><T36/><D36/><U102/><E45/><V37/><F37/><W46/><G98/><T99/><D118/><U5/><E102/><N who="2" m="38923" /><F23/><W56/><G71/><T50/><D1/><U0/><E5/><V82/><F17/><W24/><G32/><T9/><D9/><U121/><E121/><V30/><F30/><W4/><G4/><T28/><D33/><U13/><E13/><V127/><F127/><W41/><G96/><T44/><D44/><U19/><E18/><V78/><F122/><W52/><REACH who="3" step="1"/><G105/><REACH who="3" ten="269,289,118,314" step="2"/><N who="2" m="39945" /><F97/><W119/><G119/><T67/><D99/><U84/><E0/><V57/><F57/><W104/><G104/><T60/><D114/><U92/><E86/><V8/><F8/><W27/><AGARI ba="0,1" hai="24,25,27,41,46,49,52,54,55,56,62,72,73,75" machi="27" ten="40,8000,1" yaku="1,1,0,1,52,1,54,1,53,1" doraHai="38" doraHaiUra="58" who="3" fromWho="3" sc="269,-20,289,-40,118,-20,314,90" /><INIT seed="6,0,0,1,1,62" ten="249,249,98,404" oya="2" hai0="48,115,88,19,122,43,29,69,121,70,45,114,13" hai1="7,65,71,31,63,117,1,50,81,85,27,112,131" hai2="104,40,22,79,91,58,127,36,66,23,53,44,15" hai3="132,126,60,17,55,52,100,5,110,57,47,125,105"/><V84/><F104/><W61/><G5/><T3/><D3/><U9/><E117/><V89/><F127/><W26/><G110/><T80/><D29/><U135/><E112/><N who="0" m="43049" /><D80/><U78/><E131/><V6/><F79/><W24/><G132/><T130/><D130/><U97/><E135/><V12/><F91/><W96/><G17/><T72/><D88/><U28/><E97/><V92/><F12/><W67/><G55/><T41/><D72/><U42/><E27/><V34/><F34/><W134/><G134/><T103/><D41/><U32/><E32/><V4/><F22/><W20/><G47/><T35/><D35/><U107/><E107/><V33/><F33/><W124/><G20/><N who="0" m="11375" /><D103/><U38/><E38/><V39/><F39/><W25/><G26/><T77/><D77/><U74/><E74/><V49/><REACH who="2" step="1"/><F66/><REACH who="2" ten="249,249,88,404" step="2"/><W98/><G98/><T56/><D122/><U21/><E21/><V111/><F111/><W123/><G123/><T16/><D121/><U108/><E108/><V73/><F73/><W83/><G83/><T64/><D64/><U95/><E95/><V129/><F129/><W119/><G119/><T59/><D16/><AGARI ba="0,1" hai="4,6,15,16,23,36,40,44,49,53,58,84,89,92" machi="16" ten="40,12000,1" yaku="1,1,25,2,54,1,53,1" doraHai="62" doraHaiUra="10" who="2" fromWho="0" sc="249,-120,249,0,88,130,404,0" /><INIT seed="6,1,0,0,5,10" ten="129,249,218,404" oya="2" hai0="129,104,1,120,18,47,0,35,95,122,8,3,133" hai1="108,19,77,25,4,99,61,21,125,121,110,37,33" hai2="40,36,135,12,23,75,64,30,76,105,101,54,57" hai3="24,56,94,81,89,55,92,13,45,119,38,70,106"/><V42/><F135/><W88/><G119/><T127/><D104/><U78/><E37/><V112/><F64/><W116/><G116/><T74/><D74/><U49/><E125/><V15/><F112/><W16/><G106/><T41/><D95/><U134/><E134/><V100/><F75/><W22/><G70/><T90/><D90/><U69/><E121/><V80/><F36/><W97/><G81/><T93/><D93/><U14/><E99/><V26/><F105/><W109/><G109/><T34/><D47/><U111/><E49/><N who="2" m="30927" /><F80/><W66/><G66/><T60/><D60/><U52/><E69/><V53/><F53/><W27/><G45/><T62/><D62/><U43/><E43/><N who="2" m="16427" /><F76/><W86/><REACH who="3" step="1"/><G38/><REACH who="3" ten="129,249,218,394" step="2"/><T9/><D127/><U63/><E110/><V118/><F118/><W123/><G123/><T17/><D41/><U67/><E67/><V71/><F71/><W113/><G113/><T72/><D72/><U115/><E115/><V83/><F83/><W87/><G87/><T44/><D44/><U126/><E111/><V20/><F20/><W103/><G103/><AGARI ba="1,1" hai="12,15,23,26,30,100,101,103" m="16427,30927" machi="103" ten="30,5800,0" yaku="8,1,52,2" doraHai="10" who="2" fromWho="3" sc="129,0,249,0,218,71,394,-61" /><INIT seed="6,2,0,2,1,127" ten="129,249,289,333" oya="2" hai0="100,25,0,95,40,15,12,23,5,106,108,112,24" hai1="11,79,18,52,77,38,68,88,65,119,133,107,54" hai2="31,99,61,123,55,58,9,51,67,39,60,13,89" hai3="71,69,82,66,45,16,1,110,43,103,96,4,76"/><V20/><F123/><W50/><G110/><T93/><D106/><U83/><E119/><V85/><F39/><W104/><G16/><T87/><D87/><U117/><E117/><V75/><F75/><W62/><G4/><T59/><D59/><U115/><E115/><V111/><F111/><W132/><G1/><T74/><D74/><U91/><E18/><V105/><F105/><W3/><G3/><T2/><D108/><U70/><E107/><V64/><F99/><W30/><G30/><T6/><D40/><U116/><E83/><V90/><F31/><W109/><G109/><T120/><D23/><U92/><E92/><V130/><F130/><W8/><G132/><T78/><D78/><U101/><E65/><V86/><F20/><W97/><G8/><T46/><D46/><U19/><E19/><N who="2" m="8623" /><F64/><W26/><G26/><T27/><D25/><U33/><E11/><V118/><F67/><W42/><G42/><T49/><D49/><U84/><E116/><V135/><F135/><W134/><G134/><T22/><D22/><U125/><E133/><V14/><F14/><W122/><G97/><T41/><D41/><U35/><E84/><N who="2" m="32363" /><F118/><W48/><G122/><T73/><D73/><U80/><E80/><V131/><F131/><W113/><G113/><T32/><D32/><U21/><E21/><V10/><F10/><W29/><G29/><T72/><D72/><U94/><E38/><V17/><F17/><W114/><G114/><T57/><D112/><U47/><E94/><V56/><F56/><W98/><G104/><T129/><D120/><U7/><E79/><RYUUKYOKU ba="2,0" sc="129,-10,249,-10,289,30,333,-10" hai2="51,55,58,60,61,89,90" /><INIT seed="6,3,0,2,0,26" ten="119,239,319,323" oya="2" hai0="77,86,12,63,113,105,35,56,59,117,11,116,29" hai1="40,84,68,55,47,54,96,52,23,72,65,58,39" hai2="4,131,90,42,46,28,6,120,118,9,122,93,95" hai3="70,125,97,57,109,7,3,121,37,114,34,33,16"/><V82/><F118/><W27/><G109/><T85/><D113/><U17/><E72/><V81/><F131/><W41/><G121/><T8/><D105/><U14/><E96/><V98/><F28/><W123/><G70/><T106/><D106/><U20/><E20/><V71/><F71/><W49/><G123/><T13/><D63/><U51/><E84/><V94/><F98/><W25/><G37/><T133/><D35/><U36/><E36/><V61/><F61/><AGARI ba="3,0" hai="14,17,23,39,40,47,51,52,54,55,58,61,65,68" machi="61" ten="40,5200,0" yaku="24,2,54,1" doraHai="26" who="1" fromWho="2" sc="119,0,239,61,319,-61,323,0" /><INIT seed="7,0,0,4,5,37" ten="119,300,258,323" oya="3" hai0="93,12,91,97,46,31,82,4,73,117,85,33,54" hai1="18,132,55,76,26,129,40,11,5,65,119,116,69" hai2="16,80,34,113,39,8,128,88,96,14,68,38,72" hai3="95,41,98,45,101,13,52,121,66,109,22,23,122"/><W36/><G109/><T10/><D117/><N who="1" m="45131" /><E129/><V120/><F128/><W2/><G2/><T57/><D73/><U59/><E132/><V118/><F118/><W48/><G66/><T43/><D31/><U99/><E76/><V102/><F113/><W53/><G53/><T50/><D33/><U105/><E65/><V87/><F120/><W42/><G42/><T60/><D97/><U86/><E69/><V126/><F126/><W78/><G78/><T90/><REACH who="0" step="1"/><D93/><REACH who="0" ten="109,300,258,323" step="2"/><U7/><E99/><V133/><F72/><W62/><G95/><T103/><D103/><U115/><E105/><V51/><F34/><W81/><G98/><T32/><D32/><U0/><E86/><V64/><F96/><W28/><G28/><T100/><D100/><U19/><E19/><V71/><F102/><W70/><G101/><T30/><D30/><U77/><E77/><AGARI ba="0,1" hai="4,10,12,43,46,50,54,57,60,77,82,85,90,91" machi="77" ten="30,12000,2" yaku="1,1,7,1,25,2,8,1,52,1,53,0" doraHai="37" doraHaiUra="134" who="0" fromWho="1" sc="109,130,300,-120,258,0,323,0" owari="239,-16.0,180,-32.0,258,6.0,323,42.0" /></mjloggm>