<mjloggm ver="2.3"><GO type="169" lobby="0"/><UN n0="%E5%A4%A7%E6%B2%BB%E9%83%8E%23%37%34" n1="%E3%81%92%E3%82%93%E3%81%BE%E3%81%84" n2="%52%35" n3="%E8%B1%86%E3%83%80%E3%83%9E%E8%AD%A6%E5%AF%9F" dan="16,16,16,16" rate="2114.47,2134.05,2198.08,2080.34" sx="M,M,M,M"/><TAIKYOKU oya="0"/><INIT seed="0,0,0,0,2,25" ten="250,250,250,250" oya="0" hai0="101,26,135,128,33,73,1,39,0,119,122,112,9" hai1="22,14,108,80,70,79,23,32,83,98,28,105,74" hai2="123,65,103,114,85,129,4,66,27,133,40,59,107" hai3="21,86,121,134,34,77,47,76,64,62,102,52,118"/><T35/><RYUUKYOKU type="yao9" ba="0,0" sc="250,0,250,0,250,0,250,0" hai0="0,1,9,26,33,35,39,73,101,112,119,122,128,135" /><INIT seed="0,1,0,1,2,35" ten="250,250,250,250" oya="0" hai0="47,32,110,77,102,134,17,44,65,5,91,127,11" hai1="9,14,1,118,68,43,22,7,48,60,56,33,75" hai2="71,123,101,128,29,133,36,95,112,120,124,30,24" hai3="67,69,85,21,20,109,34,93,70,88,98,12,37"/><T6/><D32/><U97/><E118/><V96/><F112/><W131/><G34/><T52/><D127/><U51/><E75/><V57/><F71/><W129/><G37/><T90/><D102/><U121/><E121/><V104/><F36/><W79/><G109/><T27/><D77/><U55/><E33/><V2/><F124/><W10/><G79/><T62/><D110/><U41/><E97/><V59/><F133/><W25/><G21/><T78/><D78/><U92/><E92/><V81/><F81/><W39/><G39/><T61/><D65/><U105/><E105/><V66/><F128/><N who="3" m="49227" /><G98/><T94/><D27/><U3/><E22/><V116/><F116/><W74/><G67/><T83/><D94/><U54/><E68/><V125/><F125/><W119/><G74/><T26/><D26/><U40/><REACH who="1" step="1"/><E60/><REACH who="1" ten="250,240,250,250" step="2"/><V64/><F104/><W132/><G119/><T106/><D106/><U114/><E114/><V122/><F122/><W53/><G132/><T115/><D115/><U72/><E72/><V103/><F96/><W100/><G100/><T135/><D83/><U76/><E76/><V113/><F113/><W15/><G70/><T8/><REACH who="0" step="1"/><D17/><REACH who="0" ten="240,240,250,250" step="2"/><U18/><E18/><V23/><F95/><W13/><G69/><T107/><D107/><U86/><E86/><V49/><F120/><W126/><G126/><T87/><D87/><U80/><E80/><V73/><F123/><W46/><G85/><T82/><D82/><U19/><E19/><N who="2" m="12415" /><F73/><W117/><G117/><T50/><D50/><U0/><E0/><V45/><F49/><W108/><G108/><RYUUKYOKU ba="1,2" sc="240,15,240,15,250,-15,250,-15" hai0="5,6,8,11,44,47,52,61,62,90,91,134,135" hai1="1,3,7,9,14,40,41,43,48,51,54,55,56" /><INIT seed="0,2,2,1,1,77" ten="255,255,235,235" oya="0" hai0="29,115,87,89,69,81,135,72,90,11,5,112,84" hai1="27,9,99,125,108,25,79,52,95,40,129,75,101" hai2="86,94,132,74,58,43,93,19,39,111,55,32,59" hai3="71,54,20,113,0,70,110,1,51,121,134,37,65"/><T24/><D69/><U73/><E108/><V123/><F123/><W42/><G113/><T130/><D72/><U62/><E40/><V122/><F74/><W60/><G110/><T80/><D135/><U63/><E129/><V64/><F122/><W22/><G121/><T91/><D91/><U133/><E133/><V104/><F104/><W61/><G134/><T66/><D66/><U3/><E125/><V103/><F32/><W13/><G22/><T50/><D50/><U98/><E98/><V34/><F34/><W109/><G109/><T26/><D130/><U47/><E62/><N who="2" m="37983" /><F43/><W100/><G100/><T41/><D41/><U92/><E92/><V30/><F30/><W119/><G119/><T46/><D46/><U45/><E45/><V4/><F4/><W7/><G61/><T17/><D17/><U128/><E128/><V126/><F103/><W33/><G33/><T44/><D44/><U28/><E28/><V78/><F39/><W131/><G131/><T105/><D105/><U127/><E127/><V35/><F35/><W83/><G71/><T56/><D56/><U106/><E106/><V10/><F126/><W68/><G68/><T48/><D48/><N who="1" m="28703" /><E63/><N who="2" m="36319" /><F111/><W85/><G42/><T88/><D90/><U15/><E3/><V118/><F118/><W96/><G37/><T6/><D29/><U67/><E67/><V97/><F132/><W18/><G51/><T12/><D12/><U31/><E31/><V23/><F78/><N who="3" m="46327" /><G54/><T76/><D76/><U114/><E114/><V57/><F57/><W8/><G0/><T116/><D116/><U14/><E75/><RYUUKYOKU ba="2,2" sc="255,15,255,-15,235,-15,235,15" hai0="5,6,11,24,26,80,81,84,87,88,89,112,115" hai3="1,7,8,13,18,20,60,65,70,96" /><INIT seed="0,3,2,5,4,58" ten="270,240,220,250" oya="0" hai0="72,102,67,51,31,103,16,78,71,57,77,47,113" hai1="53,91,92,66,129,28,117,13,56,120,65,59,124" hai2="130,22,32,133,33,20,35,12,40,127,48,131,95" hai3="90,55,24,132,109,26,79,17,83,34,73,94,43"/><T60/><D113/><U122/><E117/><V21/><F95/><W135/><G109/><T121/><D121/><U3/><E3/><V104/><F104/><W99/><G43/><T4/><D4/><U7/><E129/><N who="2" m="49163" /><F40/><W25/><G34/><T2/><D2/><U49/><E124/><V62/><F48/><W8/><G8/><T10/><D31/><U39/><E39/><V97/><F97/><W9/><G9/><T105/><D71/><U61/><E65/><V37/><F37/><W54/><G17/><T87/><D72/><U19/><E28/><V15/><F62/><W38/><G38/><T118/><D105/><U134/><E134/><AGARI ba="3,2" hai="24,25,26,54,55,73,79,83,90,94,99,132,134,135" machi="134" ten="40,1300,0" yaku="20,1" doraHai="58" who="3" fromWho="1" sc="270,0,240,-22,220,0,250,42" /><INIT seed="1,0,0,0,4,106" ten="270,218,220,292" oya="1" hai0="80,62,58,27,72,107,132,126,1,11,112,90,18" hai1="74,88,5,25,42,21,48,12,52,131,113,57,76" hai2="60,123,17,29,63,8,65,87,93,28,13,102,92" hai3="98,33,89,68,81,91,53,134,75,129,70,111,45"/><U49/><E113/><V83/><F123/><W22/><G33/><T73/><D107/><U78/><E131/><V3/><F3/><W30/><G111/><T44/><D112/><U4/><E88/><V9/><F9/><W55/><G134/><T50/><D132/><U69/><E69/><V121/><F121/><W125/><G129/><T94/><D126/><U99/><E99/><V51/><F51/><W40/><G125/><T2/><D80/><U7/><E12/><V23/><F63/><W35/><G35/><T61/><D1/><U122/><E74/><V119/><F119/><W56/><G55/><T105/><D105/><U127/><E122/><V38/><F38/><W110/><G110/><T135/><D135/><U84/><E84/><V32/><F32/><W103/><G70/><T130/><D130/><U114/><E114/><V66/><F23/><W108/><G68/><T59/><D2/><U34/><E34/><V64/><F60/><W85/><G108/><T24/><D11/><U41/><E127/><V31/><REACH who="2" step="1"/><F102/><REACH who="2" ten="270,218,210,292" step="2"/><W19/><G103/><T118/><D118/><U128/><E128/><V47/><F47/><W43/><G45/><T67/><D50/><U133/><E133/><V37/><F37/><W95/><G43/><N who="1" m="16394" /><E49/><V117/><F117/><W54/><G40/><T46/><D67/><U109/><E109/><V77/><AGARI ba="0,1" hai="8,13,17,28,29,31,64,65,66,77,83,87,92,93" machi="77" ten="30,4000,0" yaku="1,1,0,1,8,1,53,0" doraHai="106" doraHaiUra="124" who="2" fromWho="2" sc="270,-10,218,-20,210,50,292,-10" /><INIT seed="2,0,0,2,1,78" ten="260,198,260,282" oya="2" hai0="83,63,133,39,97,71,90,67,114,75,135,111,124" hai1="56,55,113,76,27,36,52,35,127,12,22,21,24" hai2="2,107,92,122,38,18,10,85,121,117,129,125,65" hai3="5,29,9,95,4,46,58,134,100,105,61,74,66"/><V50/><F117/><W13/><G134/><T40/><D111/><U37/><E113/><V79/><F38/><W17/><G74/><T1/><D1/><U91/><E76/><V3/><F107/><W93/><G29/><T132/><D114/><U130/><E130/><V41/><F129/><W26/><G105/><T89/><D124/><U53/><E127/><V82/><F125/><W96/><G26/><T16/><D97/><U15/><E56/><V14/><F65/><W88/><REACH who="3" step="1"/><G46/><REACH who="3" ten="260,198,260,272" step="2"/><T49/><D75/><U84/><E35/><V20/><F122/><W32/><G32/><T77/><D132/><U112/><E112/><V87/><F121/><W108/><G108/><T57/><D133/><U70/><E27/><V60/><F2/><W30/><G30/><T81/><D135/><U42/><E24/><V23/><F3/><W48/><G48/><T118/><D49/><U106/><E106/><V62/><F62/><W109/><G109/><T98/><D63/><U45/><E37/><V33/><F33/><W47/><G47/><T126/><D39/><U115/><E115/><V131/><F131/><W7/><G7/><T54/><D126/><U59/><E36/><V69/><F60/><W19/><G19/><T28/><D16/><U116/><E45/><N who="2" m="25903" /><F69/><W51/><G51/><T0/><D71/><U68/><E70/><V128/><F128/><W25/><G25/><T44/><D0/><U104/><E68/><V34/><F34/><W119/><G119/><T64/><D118/><U103/><E116/><V102/><F102/><W99/><AGARI ba="0,1" hai="4,5,9,13,17,58,61,66,88,93,95,96,99,100" machi="99" ten="20,8000,1" yaku="1,1,0,1,7,1,8,1,54,1,53,0" doraHai="78" doraHaiUra="72" who="3" fromWho="3" sc="260,-20,198,-20,260,-40,272,90" /><INIT seed="3,0,0,4,2,106" ten="240,178,220,362" oya="3" hai0="120,51,66,101,113,103,127,77,31,123,118,35,50" hai1="71,68,18,125,97,99,46,78,45,29,6,115,60" hai2="14,70,57,86,49,79,16,30,24,4,40,26,9" hai3="42,83,2,100,119,56,107,111,104,62,131,63,75"/><W5/><G119/><T11/><D118/><U54/><E115/><V102/><F70/><W64/><G131/><T41/><D113/><U91/><E6/><V72/><F102/><W7/><G42/><T52/><D127/><U109/><E29/><V15/><F72/><W134/><G134/><T121/><D66/><U84/><E78/><V13/><F13/><W133/><G133/><T65/><D65/><U39/><E109/><V22/><F30/><W44/><G111/><T94/><D77/><U108/><E108/><V19/><F19/><W17/><G44/><T61/><D41/><U43/><E125/><V130/><F130/><W25/><G100/><T32/><D61/><U89/><E68/><V69/><F69/><W0/><G0/><T88/><D11/><U20/><E89/><V34/><F34/><W3/><G3/><T8/><D8/><U23/><E23/><V112/><F57/><W10/><G7/><T21/><D21/><U114/><E114/><V33/><F33/><W87/><G75/><T132/><D132/><U38/><E38/><V135/><F112/><W110/><G110/><T105/><D105/><U12/><E45/><N who="2" m="25767" /><F135/><W128/><G128/><T36/><D36/><U37/><E37/><V90/><F79/><W58/><G17/><T47/><D50/><U85/><E71/><V122/><F122/><W116/><G116/><T59/><D47/><U117/><E117/><V1/><F1/><W93/><G104/><T92/><D35/><U124/><E124/><V126/><F126/><W76/><G107/><T129/><D129/><U98/><E91/><RYUUKYOKU ba="0,0" sc="240,-15,178,15,220,15,362,-15" hai1="12,18,20,39,43,46,54,60,84,85,97,98,99" hai2="4,9,14,15,16,22,24,26,86,90" /><INIT seed="4,1,0,1,0,101" ten="225,193,235,347" oya="0" hai0="24,106,60,7,110,28,18,102,80,17,86,84,66" hai1="54,72,61,133,79,93,131,47,123,37,25,46,129" hai2="42,21,125,87,20,90,0,85,78,67,33,71,49" hai3="32,38,114,48,19,115,95,76,98,62,121,97,112"/><T9/><D110/><U36/><E25/><V15/><F0/><W45/><G32/><T52/><D86/><U43/><E93/><V117/><F33/><W91/><G121/><T64/><D64/><U55/><E79/><V22/><F71/><W83/><G38/><T65/><D65/><U27/><E27/><V39/><F39/><W82/><G62/><T89/><D102/><U73/><E123/><V104/><F104/><W81/><G19/><T26/><D106/><U122/><E122/><V108/><F108/><W10/><G10/><T51/><D60/><U120/><E120/><V13/><F67/><W130/><G130/><N who="1" m="49674" /><E73/><V14/><F78/><W124/><G124/><T75/><D66/><U30/><E30/><V2/><F2/><W127/><G127/><T69/><D69/><U105/><E72/><V40/><F125/><W31/><G31/><T99/><D99/><U34/><E34/><V3/><F3/><W44/><G44/><T88/><D89/><U107/><E133/><V132/><F132/><W100/><G45/><N who="0" m="27759" /><D75/><U135/><E135/><V53/><F117/><W63/><G63/><T29/><D29/><U5/><E5/><V16/><F16/><N who="0" m="6250" /><D28/><U50/><E61/><V74/><F74/><N who="3" m="43159" /><G48/><T56/><D56/><N who="1" m="32855" /><E55/><V134/><F134/><W35/><G35/><T12/><AGARI ba="1,0" hai="7,9,12,24,26,80,84,88" m="6250,27759" machi="12" ten="30,11700,0" yaku="8,1,54,3" doraHai="101" who="0" fromWho="0" sc="225,120,193,-40,235,-40,347,-40" /><INIT seed="4,2,0,5,2,72" ten="345,153,195,307" oya="0" hai0="0,95,25,29,70,134,55,30,130,62,36,67,40" hai1="66,27,84,35,117,86,121,78,7,105,104,108,69" hai2="100,102,11,48,116,114,9,89,87,88,53,97,63" hai3="37,50,19,1,60,56,131,43,123,47,24,44,28"/><T76/><D0/><U129/><E108/><V74/><F114/><W73/><G131/><T42/><D130/><U71/><E121/><V83/><F116/><W103/><G123/><T59/><D134/><U124/><E117/><V96/><F74/><W41/><G1/><T18/><D95/><U5/><E129/><V2/><F63/><W22/><G73/><T39/><D18/><U111/><E111/><V107/><F2/><W8/><G103/><T65/><D76/><U85/><E124/><V17/><F17/><W132/><G132/><T126/><D25/><U4/><E78/><V68/><F68/><W106/><G106/><T93/><D93/><U127/><E127/><V80/><F80/><W64/><G8/><T46/><D126/><U20/><E35/><V79/><F9/><W75/><G75/><T82/><D82/><U16/><REACH who="1" step="1"/><E66/><REACH who="1" ten="345,143,195,307" step="2"/><V122/><F122/><W32/><G32/><T81/><D67/><U94/><E94/><V3/><F3/><W77/><G77/><T54/><D81/><U15/><E15/><V99/><F11/><W26/><G26/><T57/><D65/><U31/><E31/><V110/><F110/><W92/><G92/><T125/><D125/><U113/><E113/><V6/><F6/><W49/><G28/><T109/><D109/><U52/><E52/><V91/><F107/><AGARI ba="2,1" hai="4,5,7,16,20,27,69,71,84,85,86,104,105,107" machi="107" ten="50,3200,0" yaku="1,1,54,1,53,0" doraHai="72" doraHaiUra="38" who="1" fromWho="2" sc="345,0,143,48,195,-38,307,0" /><INIT seed="5,0,0,0,5,1" ten="345,191,157,307" oya="1" hai0="125,97,110,100,85,73,68,20,4,113,47,93,30" hai1="114,90,9,17,51,83,81,76,77,103,120,63,39" hai2="43,135,98,74,22,134,52,46,13,79,37,107,106" hai3="82,129,27,108,117,19,18,119,72,64,116,65,49"/><U3/><E39/><V2/><F2/><W132/><G108/><T78/><D68/><U23/><E120/><V28/><F74/><W38/><G38/><T133/><D110/><U26/><E114/><V36/><F79/><N who="3" m="44391" /><G129/><T87/><D113/><U21/><E103/><V112/><F112/><W54/><G132/><T6/><D133/><U115/><E115/><V25/><F37/><W80/><G80/><T96/><D125/><U130/><E130/><V66/><F66/><N who="3" m="25707" /><G27/><N who="0" m="16743" /><D73/><U118/><E118/><V91/><F107/><W58/><AGARI ba="0,0" hai="18,19,49,54,58,116,117,119" m="25707,44391" machi="58" ten="40,1500,0" yaku="12,1" doraHai="1" who="3" fromWho="3" sc="345,-4,191,-7,157,-4,307,15" /><INIT seed="6,0,0,5,3,57" ten="341,184,153,322" oya="2" hai0="133,101,18,4,110,56,2,117,120,11,39,105,1" hai1="31,135,132,128,112,99,125,62,26,68,106,69,130" hai2="12,118,63,50,38,32,83,114,67,6,37,61,34" hai3="70,45,43,47,55,8,77,97,13,5,33,122,115"/><V25/><F118/><W78/><G122/><T58/><D120/><U65/><E68/><V96/><F114/><W59/><G70/><T88/><D110/><U0/><E0/><V22/><F38/><W82/><G33/><T36/><D117/><U7/><E7/><V74/><F37/><W75/><G115/><T51/><D133/><N who="1" m="51275" /><E112/><V29/><F34/><W91/><G78/><T41/><D1/><U66/><E66/><V17/><F67/><W79/><G79/><T87/><D105/><U95/><E125/><V21/><F74/><W111/><G111/><T14/><D101/><N who="1" m="62783" /><E95/><V15/><F83/><W89/><G97/><T85/><D85/><U84/><E84/><V30/><F30/><W48/><G47/><T76/><D76/><U73/><E73/><V113/><F113/><W107/><G107/><T40/><D36/><AGARI ba="0,0" hai="5,8,13,36,43,45,48,55,59,75,77,82,89,91" machi="36" ten="30,1000,0" yaku="7,1" doraHai="57" who="3" fromWho="0" sc="341,-10,184,0,153,0,322,10" /><INIT seed="7,0,0,3,4,71" ten="331,184,153,332" oya="3" hai0="131,93,127,20,133,80,11,60,56,129,113,118,61" hai1="44,38,77,10,66,134,37,81,111,8,68,96,2" hai2="135,94,76,122,12,101,65,64,74,63,34,33,110" hai3="79,99,126,85,43,115,54,4,120,114,14,5,1"/><W100/><G120/><T82/><D118/><U18/><E111/><V0/><F110/><W112/><G1/><T125/><D20/><U39/><E134/><V21/><F0/><W24/><G126/><N who="0" m="48139" /><D11/><U36/><E96/><V121/><F135/><W67/><G67/><T70/><D133/><U57/><E57/><V107/><F107/><W117/><G117/><T116/><D116/><U128/><E128/><N who="0" m="49225" /><D113/><U46/><E10/><V22/><F101/><W28/><G43/><T16/><D16/><U98/><E98/><V119/><F119/><W92/><G54/><N who="0" m="33815" /><D93/><U19/><E19/><V90/><F12/><W52/><G52/><T49/><D49/><U53/><E18/><V73/><F94/><W69/><G69/><T124/><D124/><U95/><E95/><V27/><F63/><W42/><G42/><T3/><D3/><U32/><E68/><V89/><REACH who="2" step="1"/><F76/><REACH who="2" ten="331,184,143,332" step="2"/><W130/><G130/><T30/><D61/><U87/><E2/><V103/><F103/><W6/><G14/><T97/><D80/><U13/><E81/><V104/><F104/><W75/><G24/><AGARI ba="0,1" hai="21,22,24,27,33,34,64,65,73,74,89,90,121,122" machi="24" ten="25,3200,0" yaku="1,1,22,2,53,0" doraHai="71" doraHaiUra="25" who="2" fromWho="3" sc="331,0,184,0,143,42,332,-32" owari="331,43.0,184,-32.0,185,-21.0,300,10.0" /></mjloggm>