<mjloggm ver="2.3"><GO type="185" lobby="0"/><UN n0="%E7%8E%89%E6%A8%B9%E6%A1%9C" n1="%E3%81%97%E3%82%81%E3%81%98%E3%82%93" n2="%E4%BD%90%E8%97%A4%E3%82%AB%E3%82%A4%E3%82%B8" n3="" dan="16,16,16,0" rate="2251.01,2148.41,2201.87,1500.00" sx="F,F,F,C"/><TAIKYOKU oya="0"/><INIT seed="0,0,0,5,5,120" ten="350,350,350,0" oya="0" hai0="112,104,52,85,110,86,113,99,89,132,3,130,74" hai1="54,128,65,79,35,78,124,39,2,0,45,55,91" hai2="71,100,93,42,33,133,108,43,59,1,131,87,125" hai3=""/><T67/><D67/><U37/><BYE who="0" /><E35/><UN n0="%E7%8E%89%E6%A8%B9%E6%A1%9C" /><V63/><F33/><T81/><D52/><U95/><E124/><V111/><F1/><T41/><D41/><U96/><E128/><V135/><F71/><T94/><D3/><U106/><E106/><V83/><F100/><T38/><D38/><U129/><E129/><V98/><F93/><T73/><D130/><U92/><E91/><V123/><N who="2" m="31520" /><V36/><F98/><T69/><D69/><U62/><E96/><V114/><F125/><T97/><D132/><N who="2" m="50762" /><F131/><T88/><D110/><N who="2" m="42026" /><F36/><T121/><N who="0" m="31008" /><T117/><D117/><U68/><E68/><V101/><F101/><T82/><D94/><U61/><E92/><V107/><F107/><AGARI ba="0,0" hai="73,74,81,82,85,86,88,89,97,99,104,107,112,113" m="31008" machi="107" ten="25,18000,2" yaku="22,2,34,3,52,1,54,1" doraHai="120" who="0" fromWho="2" sc="350,180,350,0,350,-180,0,0" /><INIT seed="0,1,0,4,0,41" ten="530,350,170,0" oya="0" hai0="120,124,94,44,133,114,95,45,40,78,49,122,118" hai1="1,108,37,125,91,128,115,51,33,73,98,72,83" hai2="123,106,34,57,86,119,56,59,76,43,88,32,97" hai3=""/><T84/><N who="0" m="30752" /><T116/><N who="0" m="31264" /><T60/><D114/><U42/><E91/><V67/><N who="2" m="31520" /><V0/><F0/><T39/><D124/><U96/><E83/><V54/><F119/><T55/><D133/><U90/><E90/><V53/><F67/><T135/><D135/><U65/><E51/><V48/><F76/><T68/><D94/><U121/><E65/><V102/><F43/><T61/><D95/><U82/><E42/><V104/><F104/><T89/><D89/><U36/><E82/><V100/><F100/><T62/><REACH who="0" step="1"/><D68/><REACH who="0" ten="520,350,170,0" step="2"/><U47/><E125/><V112/><F112/><T75/><D75/><U64/><E73/><V66/><F66/><T35/><D35/><U107/><E72/><V103/><F103/><T85/><D85/><U87/><E87/><V2/><F2/><T93/><D93/><U74/><E74/><V46/><REACH who="2" step="1"/><F53/><REACH who="2" ten="520,350,160,0" step="2"/><T110/><D110/><U101/><N who="1" m="31008" /><U50/><E64/><V3/><F3/><T109/><D109/><U58/><E1/><V131/><F131/><T80/><AGARI ba="1,2" hai="39,40,44,45,49,55,60,61,62,78,80,84,116,118" m="31264,30752" machi="80" ten="30,12000,2" yaku="1,1,0,1,52,4,53,1" doraHai="41" doraHaiUra="69" who="0" fromWho="0" sc="520,142,350,-61,160,-61,0,0" /><INIT seed="0,2,0,2,1,61" ten="662,289,99,0" oya="0" hai0="64,55,40,89,34,105,75,80,46,85,121,74,109" hai1="56,106,101,58,104,90,95,54,43,91,132,129,130" hai2="73,114,124,88,76,35,123,63,84,52,118,45,47" hai3=""/><T39/><N who="0" m="31008" /><T70/><D34/><U128/><E43/><V66/><N who="2" m="31520" /><V125/><F114/><T53/><D105/><U134/><E54/><V133/><F35/><T131/><D131/><U33/><E33/><V103/><F133/><N who="1" m="51305" /><E101/><V44/><F118/><T108/><D53/><U135/><E135/><V79/><F103/><T48/><D75/><U65/><E65/><V102/><F73/><T107/><D74/><U50/><E50/><V51/><F102/><T117/><D107/><N who="1" m="41003" /><E95/><V41/><F125/><T116/><D117/><U83/><E83/><V98/><F124/><T3/><D116/><U94/><E94/><V32/><F32/><T67/><D3/><U100/><E100/><V62/><F62/><T37/><D37/><U42/><E42/><V86/><F41/><T1/><D1/><U38/><E38/><V72/><F63/><T81/><D80/><U71/><E71/><V93/><F66/><N who="0" m="25130" /><D70/><U122/><N who="1" m="31264" /><U77/><E77/><N who="2" m="29771" /><F72/><T115/><D115/><U110/><E129/><V119/><F119/><T120/><N who="0" m="30752" /><T78/><D78/><U0/><E0/><V68/><F68/><T82/><D82/><U113/><E113/><V99/><F52/><T111/><D55/><U57/><E130/><RYUUKYOKU ba="2,0" sc="662,20,289,-10,99,-10,0,0" hai0="39,40,46,48,81,85,89,108,109,111" /><INIT seed="0,3,0,0,2,125" ten="682,279,89,0" oya="0" hai0="122,91,89,129,101,59,94,80,45,104,69,98,49" hai1="133,33,43,115,93,2,116,0,51,34,112,87,110" hai2="56,41,32,109,134,111,107,124,96,61,108,62,127" hai3=""/><T102/><N who="0" m="31264" /><T79/><D69/><U105/><E87/><V120/><N who="2" m="30752" /><V113/><F32/><T65/><D129/><U53/><E93/><V100/><F113/><T71/><D71/><U42/><E53/><V77/><F134/><T106/><D65/><U130/><E51/><V57/><F77/><T90/><D59/><N who="2" m="22602" /><F41/><T67/><D67/><U52/><E52/><V135/><F135/><T66/><D66/><U119/><E133/><V64/><F64/><T36/><D36/><U117/><E117/><V68/><F68/><T121/><N who="0" m="31008" /><T118/><D118/><U3/><E3/><V83/><F83/><T85/><REACH who="0" step="1"/><D102/><REACH who="0" ten="672,279,89,0" step="2"/><U86/><E116/><V126/><AGARI ba="3,1" hai="61,62,96,100,107,108,109,111,124,126,127" m="22602,30752" machi="126" ten="40,3900,0" yaku="14,1,18,1,52,1" doraHai="125" who="2" fromWho="2" sc="672,-29,279,-16,89,55,0,0" /><INIT seed="1,0,0,1,4,123" ten="643,263,144,0" oya="1" hai0="93,98,94,81,42,125,86,131,2,45,130,58,39" hai1="113,108,36,85,103,119,91,105,118,65,87,129,33" hai2="120,56,110,96,134,99,75,78,52,34,101,124,116" hai3=""/><U89/><E36/><V53/><N who="2" m="30752" /><V77/><F116/><N who="1" m="44585" /><E65/><V3/><F34/><T55/><D2/><U74/><E33/><V102/><F3/><T44/><D125/><U100/><E113/><V69/><F124/><T67/><D45/><U72/><E129/><N who="0" m="49161" /><D98/><U111/><E105/><V57/><F69/><T104/><D104/><U37/><E37/><V88/><F75/><N who="1" m="28713" /><E103/><V83/><F83/><T109/><D67/><U40/><E100/><V84/><F84/><N who="1" m="32329" /><E40/><V63/><F63/><T66/><D66/><U62/><E62/><V97/><F97/><T41/><D41/><U122/><N who="1" m="31264" /><U47/><E47/><V43/><F43/><T71/><D44/><U135/><E135/><V132/><REACH who="2" step="1"/><F88/><AGARI ba="0,0" hai="88,89,91,108,111" m="31264,32329,28713,44585" machi="88" ten="40,24000,3" yaku="28,2,34,2,52,3,54,1" doraHai="123" who="1" fromWho="2" sc="643,0,263,240,144,-240,0,0" owari="643,60.0,503,10.0,-96,-70.0,0,0.0" /></mjloggm>