<mjloggm ver="2.3"><GO type="169" lobby="0"/><UN n0="%E5%B1%B1%E6%9C%AC%E6%83%A3%E4%B8%80%E6%9C%97" n1="%E3%81%8D%E3%82%83%E3%83%BC%E3%82%8D%E3%82%93" n2="%E3%82%B6%E2%98%85%E3%82%B5%E3%83%B3%E3%83%9E%E9%81%93%E6%A5%BD" n3="%E3%82%A4%E3%82%AB%E3%81%AB%E3%82%82%E6%9D%B1%E5%8C%97" dan="17,16,16,17" rate="2158.36,2097.07,2097.21,2165.72" sx="M,M,M,M"/><TAIKYOKU oya="0"/><INIT seed="0,0,0,4,0,55" ten="250,250,250,250" oya="0" hai0="50,40,51,101,39,74,56,121,87,28,20,118,7" hai1="115,0,64,37,43,104,134,65,42,79,53,110,19" hai2="45,103,107,5,112,75,86,33,127,3,97,69,89" hai3="125,88,68,12,122,59,95,15,85,129,66,70,96"/><T11/><D118/><U126/><E104/><V30/><F112/><W8/><G129/><T6/><D74/><U77/><E0/><V24/><F127/><W131/><G131/><T76/><D121/><U27/><E110/><V105/><F107/><W71/><G125/><T13/><D101/><U58/><E126/><V83/><F3/><W34/><G34/><T21/><D39/><U106/><E106/><V48/><F5/><W92/><G122/><T102/><D6/><U23/><E134/><V60/><F75/><W78/><G8/><T100/><D100/><U117/><E117/><V73/><F73/><W135/><G135/><T1/><D102/><U36/><E115/><V109/><F109/><W90/><REACH who="3" step="1"/><G78/><REACH who="3" ten="250,250,250,240" step="2"/><T62/><D76/><U63/><E79/><V93/><F83/><W111/><G111/><T99/><D11/><U17/><E77/><V26/><F33/><W46/><G46/><T22/><D21/><N who="1" m="13743" /><E37/><V130/><F45/><W98/><G98/><T113/><D22/><U123/><E36/><V35/><F97/><W52/><G52/><T119/><D20/><U14/><E123/><V31/><F35/><W4/><G4/><T81/><D99/><U108/><E108/><V25/><F130/><W128/><G128/><T116/><D7/><U61/><E53/><V82/><F31/><W10/><G10/><T84/><D28/><U16/><E19/><V44/><F30/><W49/><G49/><T114/><D119/><U9/><E9/><V41/><F48/><W47/><G47/><T94/><D116/><U2/><E2/><V54/><F54/><RYUUKYOKU ba="0,1" sc="250,-15,250,15,250,-15,240,15" hai1="14,16,23,42,43,58,61,63,64,65" hai3="12,15,59,66,68,70,71,85,88,90,92,95,96" /><INIT seed="1,1,1,1,2,46" ten="235,265,235,255" oya="1" hai0="103,37,47,28,11,59,15,114,91,127,122,125,43" hai1="111,133,75,121,14,86,81,34,66,7,109,108,105" hai2="3,50,92,51,24,49,54,74,9,118,63,0,116" hai3="17,23,71,22,41,58,79,19,80,30,126,76,87"/><U90/><E121/><V38/><F38/><W120/><G120/><T124/><D114/><U123/><E123/><V102/><F74/><W5/><G71/><T115/><D122/><U98/><E34/><V40/><F40/><W99/><G126/><T69/><D69/><U4/><E66/><V32/><F102/><W56/><G30/><T61/><D115/><U52/><E133/><V70/><F92/><W100/><G5/><T88/><D28/><U132/><E132/><V26/><F32/><W68/><G68/><T94/><D103/><N who="1" m="62711" /><E14/><V84/><F84/><W106/><G41/><T57/><D57/><U77/><E52/><V82/><F82/><AGARI ba="1,1" hai="4,7,75,77,81,82,86,90,108,109,111" m="62711" machi="82" ten="30,2900,0" yaku="14,1,10,1" doraHai="46" who="1" fromWho="2" sc="235,0,265,42,235,-32,255,0" /><INIT seed="1,2,0,0,5,109" ten="235,307,203,255" oya="1" hai0="46,62,92,100,94,130,79,84,19,72,22,54,86" hai1="34,81,66,103,10,51,36,65,93,105,21,114,126" hai2="101,131,58,45,33,125,74,25,78,60,111,39,56" hai3="98,75,55,8,108,40,26,35,135,42,15,59,76"/><U128/><E34/><V97/><F111/><W91/><G108/><T112/><D130/><U71/><E36/><V23/><F33/><W30/><G135/><T116/><D116/><U43/><E105/><V87/><F74/><W115/><G115/><T29/><D29/><U61/><E66/><V48/><F39/><W122/><G122/><T37/><D37/><U17/><E114/><V99/><F125/><W18/><G76/><T27/><D112/><U0/><E128/><V1/><F1/><W47/><G75/><T82/><D86/><U118/><E81/><V44/><F44/><W119/><G119/><T77/><D72/><U31/><E31/><V127/><F127/><W104/><G47/><T53/><D100/><U133/><E118/><V5/><F5/><W11/><G8/><T6/><D6/><N who="1" m="1351" /><E126/><V113/><F131/><W132/><G104/><T89/><D77/><U96/><E51/><V12/><F12/><W73/><G73/><T85/><D94/><U32/><E32/><V117/><F101/><W64/><G64/><T68/><REACH who="0" step="1"/><D46/><REACH who="0" ten="225,307,203,255" step="2"/><U69/><E133/><V123/><F45/><W28/><G28/><T49/><D49/><U67/><E43/><V52/><F117/><W57/><G132/><T14/><D14/><N who="1" m="9399" /><E61/><V124/><F124/><W80/><G42/><T90/><D90/><U106/><E93/><V2/><F113/><W4/><G40/><T121/><D121/><U134/><E134/><V13/><F13/><W3/><G15/><T20/><D20/><U95/><E95/><V7/><F123/><W120/><G120/><T70/><D70/><RYUUKYOKU ba="2,1" sc="225,15,307,15,203,-15,255,-15" hai0="19,22,27,53,54,62,68,79,82,84,85,89,92" hai1="65,67,69,71,96,103,106" /><INIT seed="1,3,1,2,3,87" ten="240,322,188,240" oya="1" hai0="135,89,122,83,28,96,99,41,51,134,49,126,16" hai1="46,130,14,85,68,75,11,40,33,98,124,84,118" hai2="56,24,18,88,111,30,26,65,21,66,70,2,82" hai3="50,77,36,119,42,79,54,132,101,86,106,39,76"/><U71/><E118/><V69/><F2/><W125/><G119/><T74/><D28/><U80/><E33/><V37/><F37/><W15/><G132/><N who="0" m="50731" /><D126/><U60/><E130/><V73/><F111/><W34/><G34/><T120/><D74/><U20/><E124/><V47/><F73/><W64/><G125/><T112/><D112/><U63/><E20/><V27/><F47/><W103/><G64/><T12/><D41/><U117/><E117/><V97/><F69/><W127/><G127/><T129/><D129/><U104/><E71/><V107/><F107/><W61/><G61/><T90/><D83/><U17/><E75/><V0/><F0/><W38/><G42/><T91/><D51/><N who="1" m="27079" /><E68/><V94/><F70/><W109/><G109/><T23/><D49/><U108/><E108/><V45/><F45/><W44/><G106/><T4/><D4/><U72/><E72/><V92/><F82/><W52/><G54/><T43/><D43/><U116/><E116/><V57/><F30/><W13/><REACH who="3" step="1"/><G86/><REACH who="3" ten="240,322,188,230" step="2"/><T93/><D99/><U32/><E32/><V19/><F66/><W114/><G114/><T7/><D7/><U3/><E85/><N who="2" m="52239" /><F65/><W55/><G55/><T110/><D110/><U35/><E35/><V31/><F31/><W128/><G128/><T1/><D1/><U121/><E98/><V5/><F5/><W48/><G48/><T133/><N who="0" m="50739" /><T53/><DORA hai="78" /><D53/><U58/><E104/><V8/><F19/><W62/><G62/><N who="1" m="23594" /><E3/><V10/><F18/><W131/><G131/><T95/><D96/><U115/><E115/><V29/><F97/><RYUUKYOKU ba="3,2" sc="240,15,322,-15,188,-15,230,15" hai0="12,16,23,89,90,91,93,95,120,122" hai3="13,15,36,38,39,44,50,52,76,77,79,101,103" /><INIT seed="2,4,2,3,0,56" ten="255,307,173,245" oya="2" hai0="67,107,124,5,104,51,82,123,89,26,44,75,98" hai1="100,105,108,111,42,22,135,129,40,4,68,38,18" hai2="63,21,131,112,36,58,121,88,24,73,39,81,8" hai3="65,116,46,106,15,7,9,125,93,30,1,74,49"/><V70/><F121/><W80/><G116/><T77/><D123/><U10/><E135/><V2/><F112/><W120/><G120/><T6/><D124/><U99/><E129/><V48/><F131/><W110/><G106/><T41/><D107/><U0/><E68/><V132/><F132/><W17/><G110/><N who="1" m="42026" /><E38/><V66/><F73/><W79/><G125/><T64/><D64/><U83/><E83/><V109/><F109/><W43/><G30/><T126/><D126/><U97/><E99/><V84/><F2/><W72/><G65/><T85/><D67/><U59/><E59/><V37/><F8/><W61/><G93/><N who="0" m="54447" /><D26/><AGARI ba="4,2" hai="0,4,10,18,22,26,40,42,97,100,105" m="42026" machi="26" ten="30,1000,0" yaku="14,1" doraHai="56" who="1" fromWho="0" sc="255,-22,307,42,173,0,245,0" /><INIT seed="3,0,0,3,4,135" ten="233,349,173,245" oya="3" hai0="61,130,69,51,70,0,34,8,73,124,64,62,83" hai1="66,63,93,16,82,45,13,6,94,74,113,110,25" hai2="43,60,58,40,106,53,79,98,129,108,24,44,1" hai3="119,97,14,47,27,101,76,35,38,5,57,37,39"/><W33/><G119/><T50/><D34/><U99/><E110/><V65/><F108/><W90/><G76/><T80/><D8/><U23/><E113/><V32/><F1/><W121/><G121/><T59/><D0/><U126/><E126/><V78/><F43/><W112/><G112/><T41/><D73/><U111/><E111/><V48/><F129/><W67/><G90/><T134/><D134/><U21/><E45/><V122/><F122/><W55/><G67/><T17/><D41/><U84/><E74/><V9/><F9/><W132/><G132/><T128/><D59/><N who="1" m="37247" /><E99/><V28/><F106/><W92/><G47/><T102/><D64/><U19/><E6/><V95/><REACH who="2" step="1"/><F65/><REACH who="2" ten="233,349,163,245" step="2"/><W105/><G105/><T12/><D130/><U71/><E71/><V15/><F15/><W42/><G42/><T3/><D12/><U118/><E118/><V20/><F20/><W2/><G2/><T11/><D3/><U85/><E23/><V68/><F68/><W87/><G33/><T100/><D70/><U115/><E115/><V10/><F10/><W31/><G14/><T4/><D69/><U75/><E13/><V26/><F26/><W77/><G5/><T46/><D128/><U81/><E21/><V52/><F52/><W116/><G116/><T18/><D4/><U7/><E7/><V131/><F131/><W103/><G55/><T117/><D11/><U86/><E25/><V49/><F49/><W125/><G27/><T36/><D117/><U72/><E19/><V96/><F96/><W91/><G35/><T123/><D17/><U104/><E16/><RYUUKYOKU ba="0,1" sc="233,-10,349,-10,163,30,245,-10" hai2="24,28,32,40,44,48,53,58,60,78,79,95,98" /><INIT seed="4,1,1,3,1,111" ten="223,339,193,235" oya="0" hai0="82,70,58,35,102,52,100,93,74,87,59,16,38" hai1="122,88,112,50,130,98,20,55,134,0,89,125,37" hai2="11,7,3,73,9,94,14,99,119,49,45,113,123" hai3="126,91,56,90,104,68,78,83,33,86,127,18,26"/><T75/><D70/><U10/><E122/><V41/><F123/><W30/><G68/><T85/><D38/><U12/><E37/><V131/><F119/><W32/><G104/><T15/><D35/><U13/><E125/><N who="3" m="47626" /><G33/><T24/><D24/><U43/><E43/><V80/><F131/><W79/><G56/><T96/><D102/><U4/><E134/><V1/><F73/><W22/><G79/><T110/><D110/><U44/><E130/><V120/><F120/><W97/><G97/><T21/><D59/><U29/><E112/><V6/><F80/><W103/><G103/><T118/><D118/><U69/><E69/><V19/><F113/><W95/><G95/><T31/><D31/><U67/><E67/><V5/><REACH who="2" step="1"/><F1/><REACH who="2" ten="223,339,183,235" step="2"/><W129/><G129/><T124/><D124/><U63/><E0/><V101/><AGARI ba="1,2" hai="3,5,6,7,9,11,14,19,41,45,49,94,99,101" machi="101" ten="20,8000,1" yaku="1,1,2,1,0,1,7,1,53,1" doraHai="111" doraHaiUra="46" who="2" fromWho="2" sc="223,-41,339,-21,183,103,235,-21" /><INIT seed="5,0,0,0,0,92" ten="182,318,286,214" oya="1" hai0="86,134,52,81,71,8,113,96,130,16,5,7,25" hai1="22,104,98,95,120,38,108,109,131,11,78,63,89" hai2="45,29,10,129,43,24,44,12,124,49,114,112,94" hai3="15,41,1,106,33,77,84,128,2,46,79,101,35"/><U76/><E38/><V3/><F3/><W13/><G128/><T67/><D130/><U82/><E131/><V126/><F45/><W102/><G84/><T123/><D113/><N who="2" m="43626" /><F129/><W0/><G106/><T40/><D40/><U70/><E120/><V72/><F72/><W73/><G73/><T18/><D134/><U119/><E119/><V132/><F132/><W107/><G107/><T135/><D135/><U53/><E104/><V34/><F94/><W37/><G46/><T6/><D123/><U21/><E11/><V36/><F36/><W28/><G28/><T20/><D71/><U55/><E70/><V64/><F64/><W91/><G91/><N who="0" m="51663" /><D67/><U116/><E116/><V93/><F93/><W125/><G41/><T56/><D96/><U26/><E78/><N who="3" m="29706" /><G125/><T32/><D32/><N who="3" m="12361" /><G37/><T30/><D8/><U68/><E68/><V122/><F122/><W31/><G31/><T27/><D27/><U47/><E26/><V42/><F43/><W51/><G51/><AGARI ba="0,0" hai="5,6,7,16,18,20,25,30,51,52,56" m="51663" machi="51" ten="30,3900,0" yaku="8,1,54,2" doraHai="92" who="0" fromWho="3" sc="182,39,318,0,286,0,214,-39" /><INIT seed="6,0,0,1,2,73" ten="221,318,286,175" oya="2" hai0="6,56,110,124,132,44,120,129,70,2,36,1,54" hai1="60,68,128,127,85,121,28,66,107,21,55,96,105" hai2="125,43,18,117,104,30,72,63,100,17,67,82,131" hai3="64,87,114,5,35,90,27,101,97,45,14,91,119"/><V116/><F131/><W40/><G119/><T7/><D120/><U69/><E121/><V103/><F125/><W86/><G114/><T111/><D124/><U4/><E127/><V122/><F122/><W89/><G64/><T75/><D129/><U51/><E69/><V135/><F135/><W25/><G5/><T46/><D70/><U24/><E4/><V76/><F43/><W13/><G35/><T16/><D75/><U22/><E128/><V106/><F30/><W8/><G97/><T80/><D80/><U65/><E65/><V62/><F67/><W52/><G101/><T102/><D102/><U134/><E134/><V79/><F82/><W34/><G34/><T49/><D132/><U71/><E71/><V26/><F72/><W130/><G130/><T15/><D6/><U41/><E41/><V9/><F26/><N who="3" m="9739" /><G40/><T93/><D93/><U10/><E96/><V58/><F58/><W95/><G8/><AGARI ba="0,0" hai="8,9,17,18,62,63,76,79,100,103,104,106,116,117" machi="8" ten="25,9600,0" yaku="22,2,52,2" doraHai="73" who="2" fromWho="3" sc="221,0,318,0,286,96,175,-96" /><INIT seed="6,1,0,3,0,40" ten="221,318,382,79" oya="2" hai0="76,16,81,98,44,93,2,10,61,119,126,78,116" hai1="25,9,114,96,86,27,110,28,74,41,99,14,13" hai2="30,111,66,135,134,3,87,58,89,107,37,82,23" hai3="101,15,104,70,125,105,54,55,67,79,42,124,6"/><V36/><F3/><W32/><G32/><T131/><D131/><U33/><E74/><V60/><F107/><W103/><G79/><T18/><D126/><N who="3" m="48745" /><G67/><T88/><D61/><U113/><E41/><V19/><F30/><W29/><G70/><T71/><D71/><U22/><E86/><V8/><F8/><W97/><G29/><T94/><D2/><U68/><E68/><V75/><F75/><W127/><N who="3" m="48753" /><W50/><DORA hai="108" /><G6/><T112/><D112/><N who="1" m="43115" /><E110/><V53/><F66/><W63/><G15/><N who="1" m="5642" /><E9/><V38/><REACH who="2" step="1"/><F111/><REACH who="2" ten="221,318,372,79" step="2"/><W45/><G63/><T62/><D62/><U21/><E33/><V65/><F65/><W102/><G105/><T69/><D69/><U72/><E72/><V56/><F56/><W130/><G130/><T132/><D119/><U57/><E57/><V47/><F47/><W49/><G42/><T84/><D116/><U7/><E7/><V91/><F91/><W92/><G104/><T100/><D88/><U85/><E85/><V128/><F128/><W20/><G20/><N who="1" m="7786" /><E28/><V43/><F43/><W129/><G129/><T118/><D84/><U31/><E31/><V123/><F123/><W39/><G39/><T77/><D118/><U24/><AGARI ba="1,1" hai="24,25,27,96,99" m="7786,5642,43115" machi="24" ten="40,12000,2" yaku="28,2,15,1,52,3" doraHai="40,108" who="1" fromWho="1" sc="221,-31,318,133,372,-61,79,-31" /><INIT seed="7,0,0,3,5,37" ten="190,451,311,48" oya="3" hai0="6,53,5,101,103,29,32,91,7,90,112,18,66" hai1="38,56,16,22,102,129,48,106,94,83,41,92,77" hai2="69,67,11,68,126,123,54,109,124,28,97,72,46" hai3="33,130,96,127,63,113,3,27,74,105,47,65,93"/><W59/><G74/><T9/><D32/><U19/><E129/><V71/><F72/><W15/><G3/><T73/><D29/><U121/><E38/><V20/><F109/><W99/><G130/><T39/><D39/><U125/><E106/><V75/><F75/><W21/><G113/><T12/><D73/><U8/><E8/><V25/><F123/><W1/><G1/><T81/><D66/><U0/><E0/><V60/><F11/><W23/><G127/><N who="2" m="48681" /><F97/><W35/><G105/><T13/><D112/><U108/><E108/><V116/><F116/><W117/><G117/><T100/><D53/><U78/><E121/><V52/><F54/><W42/><G15/><T17/><D81/><U44/><E83/><V120/><F120/><W43/><G23/><AGARI ba="0,0" hai="5,6,7,9,12,13,17,18,23,90,91,100,101,103" machi="23" ten="40,1300,0" yaku="8,1" doraHai="37" who="0" fromWho="3" sc="190,13,451,0,311,0,48,-13" owari="203,-20.0,451,55.0,311,11.0,35,-46.0" /></mjloggm>