<mjloggm ver="2.3"><GO type="185" lobby="0"/><UN n0="%E3%83%AA%E3%83%BC%E3%83%81%E3%83%89%E3%83%A9%33" n1="%E3%81%B5%E3%82%8A%74%E3%82%93%EF%BC%81" n2="%6B%2D%70%6F%69%6E%74" n3="" dan="17,17,17,0" rate="2228.74,2272.38,2284.00,1500.00" sx="M,M,M,C"/><TAIKYOKU oya="0"/><INIT seed="0,0,0,1,1,97" ten="350,350,350,0" oya="0" hai0="132,123,57,54,59,105,87,45,79,109,67,111,38" hai1="63,112,33,121,118,135,102,131,134,120,91,96,43" hai2="95,51,53,55,0,129,1,117,85,42,115,40,88" hai3=""/><T34/><N who="0" m="31520" /><T74/><D34/><U127/><N who="1" m="30752" /><U50/><N who="1" m="31008" /><U119/><E33/><V130/><F115/><T114/><D74/><U75/><E75/><V32/><F32/><T68/><D114/><U37/><E37/><V107/><F107/><T89/><D79/><U104/><E112/><V3/><F117/><T128/><D105/><U44/><E131/><N who="2" m="50187" /><F55/><T93/><D132/><N who="1" m="50731" /><E127/><V125/><F125/><T108/><D128/><U113/><E113/><V84/><F84/><T46/><D68/><U78/><E78/><V49/><F49/><T2/><D2/><U72/><E72/><V56/><AGARI ba="0,0" hai="0,1,3,40,42,51,53,56,85,88,95" m="50187" machi="56" ten="40,2000,0" yaku="19,1,54,1" doraHai="97" who="2" fromWho="2" sc="350,-13,350,-7,350,20,0,0" /><INIT seed="1,0,0,1,4,128" ten="337,343,370,0" oya="1" hai0="123,2,132,122,103,93,32,120,46,86,105,50,133" hai1="87,68,82,37,64,92,102,58,85,72,71,95,52" hai2="40,88,113,75,63,135,48,131,115,109,116,62,114" hai3=""/><U41/><E72/><V104/><F116/><T94/><N who="0" m="30752" /><T65/><N who="0" m="31264" /><T108/><N who="0" m="31520" /><T121/><N who="0" m="31008" /><T60/><D2/><U39/><E87/><V73/><F131/><T118/><D32/><U38/><E41/><V76/><F109/><T117/><D108/><U107/><E107/><V51/><F104/><T129/><D129/><U54/><E54/><V81/><F73/><T126/><D126/><U111/><E111/><V70/><F88/><T53/><D105/><U97/><E92/><N who="0" m="35433" /><D86/><U59/><E64/><V96/><F96/><T98/><D103/><U1/><E1/><V74/><F74/><T90/><D90/><U78/><REACH who="1" step="1"/><E59/><REACH who="1" ten="337,333,370,0" step="2"/><V124/><F75/><T33/><D98/><U127/><E127/><V79/><F124/><T55/><D55/><U99/><E99/><V61/><F115/><T56/><D33/><U3/><E3/><V110/><F114/><T35/><D35/><U106/><E106/><V119/><F113/><T101/><D101/><U100/><E100/><V66/><F110/><T89/><D89/><U34/><E34/><V42/><F40/><T0/><D0/><U49/><AGARI ba="0,1" hai="37,38,39,49,52,58,68,71,78,82,85,95,97,102" machi="49" ten="30,4000,0" yaku="1,1,0,1,54,1,53,0" doraHai="128" doraHaiUra="125" who="1" fromWho="1" sc="337,-20,333,50,370,-20,0,0" /><INIT seed="1,1,0,1,3,127" ten="317,383,350,0" oya="1" hai0="32,92,3,86,96,98,55,82,117,68,89,116,33" hai1="128,0,119,66,103,97,84,120,48,39,71,81,58" hai2="78,45,90,125,63,118,75,107,46,130,64,112,61" hai3=""/><U132/><N who="1" m="30752" /><U40/><E119/><N who="0" m="45641" /><D3/><U121/><N who="1" m="31008" /><U76/><E0/><V43/><F118/><T51/><D68/><U41/><E132/><V95/><F107/><T70/><D70/><U60/><E39/><V47/><F125/><T69/><D69/><U42/><E128/><V94/><F112/><T56/><D98/><U104/><REACH who="1" step="1"/><E71/><REACH who="1" ten="317,373,350,0" step="2"/><V93/><F130/><T1/><D1/><U65/><E65/><V101/><F64/><T129/><D129/><U34/><E34/><V72/><F43/><T110/><D110/><U99/><E99/><V52/><F52/><T49/><D49/><AGARI ba="1,1" hai="40,41,42,48,49,58,60,66,76,81,84,97,103,104" m="31008,30752" machi="49" ten="40,7700,0" yaku="1,1,52,2,53,0" doraHai="127" doraHaiUra="134" who="1" fromWho="0" sc="317,-79,373,89,350,0,0,0" /><INIT seed="1,2,0,4,4,135" ten="238,462,350,0" oya="1" hai0="51,66,43,32,47,69,105,91,96,118,115,46,52" hai1="117,102,40,85,84,33,132,124,48,123,88,104,122" hai2="58,63,120,73,121,107,42,49,110,61,119,35,101" hai3=""/><U75/><N who="1" m="31264" /><U134/><N who="1" m="31520" /><U128/><E33/><V56/><N who="2" m="30752" /><V95/><N who="2" m="31008" /><V113/><F119/><T53/><D32/><U92/><E117/><V106/><F35/><T45/><D115/><U55/><E75/><V127/><F73/><T44/><D118/><U100/><E128/><V64/><F113/><T82/><D105/><U131/><E131/><V71/><F110/><T116/><D116/><U36/><E104/><V2/><F2/><T87/><D69/><U89/><E40/><V126/><F71/><T39/><D66/><U1/><E36/><V37/><F37/><T57/><REACH who="0" step="1"/><D96/><REACH who="0" ten="228,462,350,0" step="2"/><U130/><E130/><V125/><F42/><T67/><D67/><U114/><E114/><V74/><F107/><T90/><D90/><U98/><E88/><V68/><F106/><T78/><D78/><U62/><E1/><V80/><F68/><T41/><D41/><U81/><E134/><V86/><F64/><T97/><D97/><U70/><E98/><V59/><F101/><N who="1" m="39017" /><E132/><V77/><F125/><T54/><AGARI ba="2,1" hai="39,43,44,45,46,47,51,52,53,54,57,82,87,91" machi="54" ten="30,5900,0" yaku="1,1,0,1,54,1,53,1" doraHai="135" doraHaiUra="38" who="0" fromWho="0" sc="228,73,462,-41,350,-22,0,0" /><INIT seed="2,0,0,5,3,85" ten="301,421,328,0" oya="2" hai0="103,57,120,98,97,106,83,113,3,84,79,130,62" hai1="88,112,96,72,92,33,111,82,87,94,40,117,124" hai2="52,55,34,135,115,126,38,42,48,93,108,74,99" hai3=""/><V128/><F34/><T45/><N who="0" m="30752" /><T114/><D3/><U46/><E33/><V118/><F115/><T86/><D130/><U132/><E112/><V58/><F118/><T70/><D70/><U107/><E111/><V101/><F128/><T95/><D45/><U116/><E132/><V54/><F135/><T51/><D51/><U89/><E124/><V109/><F126/><T129/><D129/><U133/><E72/><V47/><F74/><T110/><D110/><AGARI ba="0,0" hai="38,42,47,48,52,54,55,58,93,99,101,108,109,110" machi="110" ten="40,7700,0" yaku="14,1,10,1,54,1" doraHai="85" who="2" fromWho="0" sc="301,-77,421,0,328,77,0,0" /><INIT seed="2,1,0,1,5,96" ten="224,421,405,0" oya="2" hai0="1,70,117,119,40,87,93,125,114,107,100,66,36" hai1="97,122,41,75,110,52,44,129,43,39,91,0,131" hai2="78,34,82,77,120,81,50,95,105,71,90,54,84" hai3=""/><V60/><N who="2" m="30752" /><V126/><F34/><T64/><D1/><U109/><N who="1" m="31264" /><U45/><E0/><V133/><F126/><T94/><D125/><U130/><E75/><V108/><F133/><T116/><D114/><U124/><E124/><V99/><F108/><T92/><D87/><U128/><E128/><V83/><F71/><T86/><D86/><U51/><E43/><V67/><F105/><T58/><D70/><U115/><E115/><V61/><F67/><T85/><D85/><U57/><E57/><V79/><REACH who="2" step="1"/><F99/><REACH who="2" ten="224,421,395,0" step="2"/><T118/><D118/><U102/><REACH who="1" step="1"/><E91/><REACH who="1" ten="224,411,395,0" step="2"/><V47/><AGARI ba="1,2" hai="47,50,54,60,61,77,78,79,81,82,83,84,90,95" m="30752" machi="47" ten="30,12000,2" yaku="1,1,2,1,0,1,8,1,52,1,53,2" doraHai="96" doraHaiUra="56" who="2" fromWho="2" sc="224,-61,411,-61,395,142,0,0" /><INIT seed="2,2,0,5,5,34" ten="163,350,537,0" oya="2" hai0="52,129,63,101,91,119,132,116,44,80,89,118,45" hai1="125,95,65,53,92,96,120,122,107,64,50,133,117" hai2="94,35,71,36,56,131,40,51,59,38,60,58,135" hai3=""/><V103/><F35/><T88/><D129/><U69/><N who="1" m="30752" /><U2/><N who="1" m="31264" /><U66/><E69/><V54/><F103/><T109/><D132/><U79/><E133/><V33/><F33/><T115/><D109/><U87/><E125/><V39/><F94/><T130/><D115/><U134/><E134/><V62/><F135/><T112/><D112/><U102/><E2/><V100/><F100/><T49/><D130/><U86/><E117/><V127/><F127/><T68/><D101/><U67/><N who="1" m="16384" /><DORA hai="85" /><U74/><E92/><V78/><F78/><T90/><D68/><U70/><E70/><V84/><F84/><T105/><D105/><U55/><E55/><V98/><F131/><T48/><D63/><U42/><E42/><V77/><F40/><T123/><N who="0" m="31520" /><T113/><D113/><U46/><REACH who="1" step="1"/><E107/><REACH who="1" ten="163,340,537,0" step="2"/><V1/><F1/><T0/><D0/><U73/><E73/><V106/><F54/><T108/><D108/><U47/><E47/><V72/><F72/><T43/><N who="0" m="22528" /><DORA hai="104" /><T124/><REACH who="0" step="1"/><D124/><REACH who="0" ten="153,340,537,0" step="2"/><U61/><E61/><V32/><F62/><T110/><D110/><U75/><E75/><V83/><F60/><T99/><D99/><U41/><E41/><V97/><F71/><T37/><D37/><RYUUKYOKU ba="2,2" sc="153,10,340,10,537,-20,0,0" hai0="43,44,45,48,49,52,80,116,118,119" hai1="46,50,53,74,79,86,87,95,96,102" /><INIT seed="4,3,2,1,1,94" ten="163,350,517,0" oya="0" hai0="54,89,70,65,77,38,87,111,51,74,1,64,120" hai1="47,45,101,66,114,109,96,63,60,112,116,108,37" hai2="110,100,130,42,93,49,115,3,75,113,92,79,98" hai3=""/><T99/><N who="0" m="30752" /><T39/><D1/><U78/><E116/><V58/><F3/><T128/><D128/><U88/><E78/><V50/><F110/><T33/><D33/><U40/><E47/><V43/><F130/><T41/><D111/><U55/><E55/><V35/><F35/><T135/><D135/><U97/><E63/><V72/><F58/><T2/><D2/><U124/><E124/><V59/><F59/><T48/><D74/><U61/><E61/><V80/><F93/><T32/><D77/><U81/><E108/><V133/><F133/><T73/><D73/><U83/><E109/><V69/><F69/><T126/><D126/><U107/><E81/><V91/><F91/><T76/><D76/><U103/><E88/><V85/><F72/><T119/><D119/><U104/><E83/><V106/><F75/><T129/><D129/><U90/><E90/><V127/><F127/><T123/><N who="0" m="31520" /><T102/><D32/><U0/><E0/><V95/><F80/><T121/><N who="0" m="31008" /><T34/><D34/><U118/><E118/><V56/><F79/><T84/><D41/><U105/><E105/><V67/><F42/><T44/><D70/><AGARI ba="3,2" hai="37,40,45,60,66,70,96,97,101,103,104,107,112,114" machi="70" ten="40,8000,1" yaku="9,1,23,2,52,2" doraHai="94" who="1" fromWho="0" sc="163,-86,350,106,517,0,0,0" /><INIT seed="5,0,0,0,1,92" ten="77,456,517,0" oya="1" hai0="83,52,41,55,90,106,113,62,71,96,129,65,50" hai1="1,89,49,120,98,124,46,36,74,66,54,34,67" hai2="47,109,130,53,123,39,68,2,125,72,110,69,57" hai3=""/><U114/><BYE who="0" /><N who="1" m="30752" /><U78/><E34/><V93/><N who="2" m="31520" /><V63/><F2/><T99/><D99/><U86/><E1/><V95/><F72/><T126/><D126/><U119/><E124/><V38/><F125/><T3/><D3/><U88/><E119/><V112/><F95/><T105/><D105/><U59/><E114/><V80/><F80/><T61/><D61/><U85/><E74/><V73/><F93/><T101/><D101/><U0/><E0/><V40/><F73/><T45/><D45/><U97/><E78/><V75/><F75/><T48/><D48/><U43/><E86/><V115/><F38/><T100/><D100/><U32/><E32/><V84/><F84/><T91/><D91/><U118/><E118/><V77/><F77/><T116/><D116/><U58/><E89/><V81/><F81/><T87/><D87/><U103/><E59/><V131/><F69/><T64/><D64/><U94/><REACH who="1" step="1"/><E98/><REACH who="1" ten="77,446,517,0" step="2"/><V111/><F68/><T51/><D51/><U44/><E44/><V35/><F35/><T133/><D133/><U122/><N who="1" m="31264" /><U79/><E79/><V108/><F108/><T60/><D60/><U121/><N who="1" m="31008" /><U117/><E117/><V37/><F111/><T42/><D42/><RYUUKYOKU ba="0,1" sc="77,-10,446,20,517,-10,0,0" hai1="36,43,46,49,54,58,66,67,85,88,94,97,103" /><INIT seed="5,1,1,3,5,60" ten="67,466,507,0" oya="1" hai0="57,134,125,110,130,116,66,87,56,97,74,82,94" hai1="113,81,34,37,127,105,33,80,96,69,85,65,124" hai2="83,50,72,107,64,76,3,104,61,88,47,44,121" hai3=""/><U95/><E113/><V32/><N who="2" m="31008" /><V73/><F3/><T86/><D86/><U117/><E117/><V45/><F32/><T55/><D55/><U77/><E105/><V51/><F72/><T78/><D78/><U132/><E132/><V98/><F107/><T1/><D1/><U43/><E34/><V84/><F98/><T49/><D49/><U93/><E33/><V91/><F104/><T99/><D99/><U106/><E106/><V112/><F112/><T135/><D135/><U92/><E96/><V120/><N who="2" m="30752" /><V38/><F38/><T67/><D67/><U46/><REACH who="1" step="1"/><E81/><REACH who="1" ten="67,456,507,0" step="2"/><V2/><F2/><T126/><D126/><U89/><E89/><V58/><REACH who="2" step="1"/><F91/><REACH who="2" ten="67,456,497,0" step="2"/><T114/><D114/><U35/><E35/><V40/><F40/><T52/><D52/><U79/><E79/><V128/><F128/><T71/><D71/><U102/><E102/><V48/><F48/><T90/><D90/><U129/><E129/><V111/><F111/><T103/><D103/><U36/><E36/><V115/><F115/><T59/><D59/><U109/><E109/><V62/><F62/><AGARI ba="1,3" hai="37,43,46,62,65,69,77,80,85,92,93,95,124,127" machi="62" ten="40,3900,0" yaku="1,1,52,1,53,0" doraHai="60" doraHaiUra="122" who="1" fromWho="2" sc="67,0,456,71,497,-41,0,0" /><INIT seed="5,2,0,1,5,86" ten="67,527,456,0" oya="1" hai0="115,51,70,92,110,123,130,0,59,87,129,50,112" hai1="69,134,74,66,120,80,107,114,2,135,55,119,32" hai2="88,99,40,126,79,96,65,113,61,89,102,117,54" hai3=""/><U105/><RYUUKYOKU type="yao9" ba="2,0" sc="67,0,527,0,456,0,0,0" hai1="2,32,55,66,69,74,80,105,107,114,119,120,134,135" /><INIT seed="5,3,0,2,5,111" ten="67,527,456,0" oya="1" hai0="41,69,71,126,115,134,122,84,92,117,70,120,37" hai1="68,39,116,93,50,110,103,38,89,58,131,78,43" hai2="100,72,49,73,2,47,127,65,119,53,81,96,32" hai3=""/><U0/><E0/><V90/><F2/><T114/><D114/><U75/><E116/><V121/><N who="2" m="31008" /><V66/><F32/><T3/><D3/><U79/><E110/><V40/><F119/><T94/><D94/><U91/><E68/><V63/><F127/><T87/><D87/><U118/><E118/><V132/><F132/><T133/><D133/><U64/><E131/><V124/><F124/><T67/><D67/><U95/><E103/><V42/><F66/><T76/><D76/><U44/><E75/><V101/><F101/><T128/><D128/><U62/><E93/><V129/><F129/><T35/><D35/><U80/><E80/><V83/><F73/><T130/><D130/><U123/><N who="1" m="31520" /><U97/><E89/><V55/><F72/><T88/><D88/><U125/><E125/><V45/><F90/><T102/><D102/><U1/><E1/><V33/><F33/><T86/><D86/><U46/><REACH who="1" step="1"/><E39/><REACH who="1" ten="67,517,456,0" step="2"/><V57/><F83/><T59/><D59/><U52/><AGARI ba="3,1" hai="38,43,44,46,50,52,58,62,64,78,79,91,95,97" m="31520" machi="52" ten="20,12000,2" yaku="1,1,2,1,0,1,7,1,52,1,54,1,53,1" doraHai="111" doraHaiUra="85" who="1" fromWho="1" sc="67,-63,517,136,456,-63,0,0" /><INIT seed="5,4,0,0,5,126" ten="4,653,393,0" oya="1" hai0="68,34,65,74,115,105,35,78,112,77,72,106,41" hai1="36,64,37,104,51,48,100,59,123,116,2,82,122" hai2="1,89,93,125,99,127,87,52,57,113,117,129,94" hai3=""/><U56/><N who="1" m="31264" /><U124/><N who="1" m="31520" /><U135/><E2/><V55/><F1/><T121/><D121/><U114/><E116/><V62/><F117/><T83/><D83/><U84/><E124/><N who="2" m="47691" /><F113/><T85/><D85/><U43/><E114/><V133/><F133/><T67/><D67/><U132/><E132/><V54/><F129/><T32/><D32/><U134/><E64/><V91/><AGARI ba="4,0" hai="52,54,55,57,62,87,89,91,93,94,99" m="47691" machi="91" ten="30,1500,0" yaku="18,1,54,1" doraHai="126" who="2" fromWho="2" sc="4,-9,653,-14,393,23,0,0" owari="-5,-61.0,639,59.0,416,2.0,0,0.0" /></mjloggm>