<mjloggm ver="2.3"><GO type="185" lobby="0"/><UN n0="%E3%82%A2%E3%83%95%E3%83%AA%E3%82%AB" n1="%E2%99%AA%E5%A4%A2%E5%85%88%E6%A1%88%E5%86%85%E4%BA%BA" n2="%E5%B8%AB%E5%8C%A0%2F%E9%9B%80%E9%AC%BC" n3="" dan="17,16,16,0" rate="2204.62,2191.39,2186.79,1500.00" sx="M,F,M,C"/><TAIKYOKU oya="0"/><INIT seed="0,0,0,5,3,84" ten="350,350,350,0" oya="0" hai0="60,50,64,69,124,116,44,101,133,102,87,117,61" hai1="32,53,34,78,109,97,108,55,121,89,63,52,36" hai2="77,119,95,66,115,42,98,38,113,103,125,39,106" hai3=""/><T59/><D133/><U80/><N who="1" m="31008" /><U135/><E36/><V130/><F125/><T68/><D124/><U72/><E135/><V33/><F33/><T118/><D87/><U94/><REACH who="1" step="1"/><E63/><REACH who="1" ten="350,340,350,0" step="2"/><V91/><F119/><T126/><D126/><U107/><E107/><V48/><F130/><T88/><D118/><U134/><E134/><V123/><N who="2" m="31520" /><V1/><F1/><T62/><D117/><U112/><E112/><V58/><F77/><T86/><D116/><U96/><E96/><V93/><F106/><T46/><D69/><U43/><E43/><V35/><F35/><AGARI ba="0,1" hai="32,34,35,52,53,55,72,78,80,89,94,97,108,109" m="31008" machi="35" ten="40,12000,2" yaku="1,1,52,2,54,1,53,3" doraHai="84" doraHaiUra="49" who="1" fromWho="2" sc="350,0,340,130,350,-120,0,0" /><INIT seed="1,0,0,2,0,53" ten="350,470,230,0" oya="1" hai0="64,45,122,62,130,52,96,109,83,127,99,36,114" hai1="77,38,61,46,106,93,55,94,63,51,88,105,75" hai2="35,48,65,76,71,60,89,91,0,32,69,73,84" hai3=""/><U132/><E132/><V82/><F0/><T54/><N who="0" m="31264" /><T90/><D114/><U40/><E94/><V125/><F125/><T39/><D127/><U128/><E128/><V123/><N who="2" m="31520" /><V119/><F119/><T107/><D130/><U34/><E34/><V120/><N who="2" m="30752" /><V104/><F104/><T56/><D109/><U121/><N who="1" m="31008" /><U57/><E63/><V79/><F71/><T134/><D134/><U95/><E95/><V42/><F76/><T33/><D33/><U47/><E75/><V59/><F89/><T81/><D107/><U100/><E77/><V80/><REACH who="2" step="1"/><F69/><REACH who="2" ten="350,470,220,0" step="2"/><T112/><D90/><U74/><E100/><V117/><F117/><T103/><D103/><U43/><REACH who="1" step="1"/><E74/><REACH who="1" ten="350,460,220,0" step="2"/><V97/><F97/><AGARI ba="0,2" hai="38,40,43,46,47,51,55,57,61,88,93,97,105,106" m="31008" machi="97" ten="30,18000,2" yaku="1,1,2,1,7,1,52,2,54,1,53,0" doraHai="53" doraHaiUra="98" who="1" fromWho="2" sc="350,0,460,200,220,-180,0,0" /><INIT seed="1,1,0,4,4,102" ten="350,660,40,0" oya="1" hai0="62,91,97,114,60,121,42,122,77,41,73,117,69" hai1="83,78,98,66,125,39,1,110,92,135,36,59,70" hai2="87,75,93,74,105,112,111,47,80,123,131,124,79" hai3=""/><U57/><E1/><V67/><N who="2" m="31520" /><V130/><F67/><T2/><N who="0" m="31008" /><T84/><N who="0" m="31264" /><T116/><D2/><U89/><E125/><V104/><F47/><T53/><D114/><U100/><E135/><V34/><F34/><T109/><D109/><U86/><E110/><V44/><F44/><T40/><D77/><U129/><E129/><N who="2" m="49163" /><F111/><T126/><D73/><N who="2" m="27658" /><F124/><T107/><D126/><U45/><E70/><V90/><F112/><T3/><D3/><U128/><E128/><V49/><F49/><T134/><D134/><U64/><E45/><V115/><F115/><T106/><D97/><AGARI ba="1,0" hai="79,80,87,90,93,97,104,105" m="27658,49163,31520" machi="97" ten="30,12000,2" yaku="19,1,34,2,52,3" doraHai="102" who="2" fromWho="0" sc="350,-122,660,0,40,122,0,0" /><INIT seed="2,0,0,5,2,67" ten="228,660,162,0" oya="2" hai0="65,73,36,55,88,89,109,117,103,99,110,54,46" hai1="112,120,95,125,60,74,128,106,33,51,66,101,123" hai2="132,119,75,100,91,34,79,62,77,127,111,56,49" hai3=""/><V85/><F119/><T64/><D73/><U82/><N who="1" m="30752" /><U83/><N who="1" m="31520" /><U92/><E112/><V40/><F34/><T80/><D117/><U1/><E1/><V130/><F127/><T50/><D36/><U70/><E128/><V121/><N who="2" m="31008" /><V102/><F130/><T53/><D65/><U42/><E125/><V45/><F132/><T71/><D64/><U84/><E106/><V59/><F111/><N who="0" m="42506" /><D71/><U3/><E3/><V133/><F133/><T108/><D108/><U113/><E113/><V118/><F118/><T32/><D32/><U63/><E63/><V58/><F62/><T2/><D2/><U116/><E33/><V98/><F75/><T72/><D72/><U107/><E107/><V0/><F0/><T104/><D80/><U81/><E74/><V97/><F102/><T37/><D37/><U69/><E69/><V52/><F40/><AGARI ba="0,0" hai="40,46,50,53,54,55,88,89,99,103,104" m="42506" machi="40" ten="30,2000,0" yaku="14,1,54,1" doraHai="67" who="0" fromWho="2" sc="228,20,660,0,162,-20,0,0" /><INIT seed="4,0,0,5,2,74" ten="248,660,142,0" oya="0" hai0="101,94,91,110,34,71,96,87,128,54,135,52,78" hai1="49,77,80,116,90,134,125,47,85,76,100,73,61" hai2="121,88,1,86,95,79,63,50,83,108,82,35,127" hai3=""/><T112/><D34/><U48/><E116/><V133/><N who="2" m="31008" /><V98/><F1/><T55/><D110/><U58/><E125/><V119/><F35/><T70/><D112/><U97/><E134/><V3/><F3/><T68/><D135/><U39/><E39/><V41/><F133/><T104/><D128/><U43/><E73/><V60/><F108/><T99/><D99/><U62/><E49/><V56/><F127/><T33/><D33/><U93/><E62/><V0/><F0/><T120/><N who="0" m="30752" /><T118/><REACH who="0" step="1"/><D78/><REACH who="0" ten="238,660,142,0" step="2"/><U66/><AGARI ba="0,1" hai="43,47,48,58,61,66,76,77,80,85,90,93,97,100" machi="66" ten="20,6000,1" yaku="0,1,7,1,8,1,52,2" doraHai="74" who="1" fromWho="1" sc="238,-40,660,70,142,-20,0,0" /><INIT seed="5,0,0,5,0,76" ten="198,730,122,0" oya="1" hai0="74,117,67,32,52,106,120,49,62,37,79,2,111" hai1="78,103,99,55,96,104,126,118,98,58,94,101,100" hai2="134,59,135,128,92,56,54,97,133,89,95,75,91" hai3=""/><U130/><E126/><V88/><F128/><T108/><N who="0" m="30752" /><T66/><D2/><U81/><E118/><V105/><F75/><T43/><D32/><U129/><E58/><V48/><F105/><T125/><D106/><U53/><E104/><V73/><F73/><T3/><D3/><U71/><E71/><V35/><F35/><T82/><D125/><U119/><E94/><V65/><F97/><T115/><D115/><U84/><E119/><V34/><F34/><T44/><D67/><U41/><E41/><V63/><AGARI ba="0,0" hai="48,54,56,59,63,65,88,89,91,92,95,133,134,135" machi="63" ten="40,3900,0" yaku="0,1,20,1,54,1" doraHai="76" who="2" fromWho="2" sc="198,-13,730,-26,122,39,0,0" /><INIT seed="6,0,0,4,4,49" ten="185,704,161,0" oya="2" hai0="78,63,64,117,52,77,47,35,66,60,46,50,61" hai1="107,97,126,99,56,62,33,93,96,113,118,129,119" hai2="104,70,131,134,53,120,84,80,85,82,55,54,42" hai3=""/><V0/><N who="2" m="30752" /><V40/><F0/><T98/><D35/><U130/><E113/><V135/><F104/><T43/><D117/><N who="1" m="44555" /><E126/><V86/><F70/><T110/><D110/><U37/><E37/><V128/><F40/><T109/><D109/><U72/><E72/><V121/><N who="2" m="31008" /><V100/><F100/><T58/><D98/><N who="1" m="37995" /><E33/><V91/><F42/><T103/><D103/><U87/><E87/><N who="2" m="33355" /><F80/><T81/><D78/><U94/><E107/><V83/><F83/><T45/><REACH who="0" step="1"/><D43/><REACH who="0" ten="175,704,161,0" step="2"/><U69/><E69/><V48/><F48/><T116/><D116/><U32/><E93/><V73/><F73/><AGARI ba="0,1" hai="45,46,47,50,52,58,60,61,63,64,66,73,77,81" machi="73" ten="40,5200,0" yaku="1,1,52,1,54,1,53,0" doraHai="49" doraHaiUra="34" who="0" fromWho="2" sc="175,62,704,0,161,-52,0,0" owari="237,-16.0,704,65.0,109,-49.0,0,0.0" /></mjloggm>