<mjloggm ver="2.3"><GO type="169" lobby="0"/><UN n0="%E3%81%B2%E3%81%BF%E3%81%A6%E3%82%93" n1="%E3%82%82%E3%82%93%E3%81%94%E3%82%8B%30%36%31%35" n2="%E5%B0%8F%E6%9E%97%E6%B5%81%E7%89%8C%E6%89%8B" n3="%E3%83%90%E3%82%AD" dan="16,17,18,17" rate="2126.87,2221.87,2237.64,2195.14" sx="M,M,M,M"/><TAIKYOKU oya="0"/><INIT seed="0,0,0,1,2,12" ten="250,250,250,250" oya="0" hai0="119,54,118,131,83,66,73,42,3,96,23,51,38" hai1="109,11,114,133,134,112,0,108,125,21,52,122,27" hai2="127,48,93,65,75,67,126,50,104,110,61,5,56" hai3="124,40,80,53,55,94,68,7,43,36,78,69,71"/><T35/><D35/><U34/><E34/><V72/><F104/><W24/><G124/><N who="2" m="47657" /><F110/><N who="1" m="42601" /><E122/><V79/><F5/><W101/><G7/><T132/><D132/><N who="1" m="50795" /><E125/><V31/><F31/><W39/><G24/><T115/><D3/><U44/><E44/><V135/><F135/><W46/><G94/><T128/><D115/><U88/><E52/><V116/><F116/><W16/><G101/><T10/><D66/><U70/><E70/><V4/><F65/><W81/><G78/><T85/><D10/><U76/><E76/><V59/><F79/><W22/><G46/><N who="0" m="28023" /><D42/><U6/><E88/><V29/><F29/><AGARI ba="0,0" hai="0,6,11,21,27,29,112,114" m="50795,42601" machi="29" ten="30,7700,0" yaku="14,1,20,1,34,2" doraHai="12" who="1" fromWho="2" sc="250,0,250,77,250,-77,250,0" /><INIT seed="1,0,0,1,0,67" ten="250,327,173,250" oya="1" hai0="38,92,7,19,79,113,10,74,82,109,51,116,58" hai1="46,102,25,63,119,134,13,105,48,3,22,72,122" hai2="106,42,21,28,125,123,1,61,127,114,53,110,20" hai3="84,23,126,30,12,133,62,45,52,88,26,135,64"/><U39/><E119/><V97/><F1/><W103/><G103/><T120/><D116/><U6/><E122/><V65/><F123/><W94/><G126/><N who="2" m="48137" /><F110/><W95/><G95/><T108/><D120/><U33/><E72/><V59/><F114/><W35/><G12/><T9/><D38/><U104/><E39/><V129/><F42/><W77/><G77/><T11/><D92/><U32/><E134/><N who="3" m="51210" /><G35/><T57/><D113/><U4/><E105/><V81/><F129/><W31/><G45/><T101/><D101/><U86/><E104/><V17/><F81/><W16/><G52/><N who="0" m="31903" /><D58/><AGARI ba="0,0" hai="16,23,26,30,31,58,62,64,84,88,94" m="51210" machi="58" ten="30,3900,0" yaku="20,1,54,2" doraHai="67" who="3" fromWho="0" sc="250,-39,327,0,173,0,250,39" /><INIT seed="2,0,0,4,5,85" ten="211,327,173,289" oya="2" hai0="58,132,51,78,120,128,65,3,123,55,76,21,90" hai1="107,15,67,22,114,100,31,35,62,12,6,134,20" hai2="98,129,18,68,53,97,40,112,56,32,10,93,131" hai3="106,36,95,37,28,49,101,125,83,104,41,127,88"/><V135/><F68/><W105/><G101/><T34/><D34/><U79/><E114/><V52/><F32/><W66/><G83/><T1/><D132/><U8/><E134/><V109/><F135/><W82/><G82/><T19/><D128/><N who="2" m="49226" /><F112/><W59/><G28/><T103/><D103/><U25/><E79/><V26/><F97/><W80/><G80/><T96/><D65/><U130/><E130/><V47/><F56/><W24/><G24/><T77/><D3/><U9/><E100/><N who="2" m="60495" /><F109/><W111/><G111/><T27/><D1/><U99/><E99/><V116/><F116/><W126/><G66/><T119/><D119/><U113/><E107/><V81/><F81/><W86/><REACH who="3" step="1"/><G59/><REACH who="3" ten="211,327,173,279" step="2"/><T115/><REACH who="0" step="1"/><D115/><REACH who="0" ten="201,327,173,279" step="2"/><U14/><E113/><V63/><F26/><W133/><G133/><T7/><D7/><N who="1" m="3103" /><E67/><V122/><F18/><W45/><AGARI ba="0,2" hai="36,37,41,45,49,86,88,95,104,105,106,125,126,127" machi="45" ten="40,8000,1" yaku="1,1,0,1,18,1,52,1,54,1,53,0" doraHai="85" doraHaiUra="61" who="3" fromWho="3" sc="201,-20,327,-20,173,-40,279,100" /><INIT seed="3,0,0,1,0,84" ten="181,307,133,379" oya="3" hai0="29,103,134,94,113,87,57,97,18,51,118,110,30" hai1="47,105,35,5,39,125,106,66,99,7,75,114,108" hai2="0,115,9,86,92,119,72,48,120,131,4,116,28" hai3="82,38,95,59,1,55,23,49,58,22,123,98,41"/><W130/><G123/><T34/><D118/><U25/><E114/><V79/><F115/><W62/><G1/><T73/><D73/><U42/><E75/><V40/><F72/><W63/><G130/><T102/><D113/><U16/><E108/><V17/><F131/><W93/><G38/><T132/><D110/><U104/><E125/><V121/><F28/><W36/><G36/><T2/><D2/><U129/><E129/><V80/><F17/><W26/><G82/><T15/><D87/><U71/><E71/><V13/><F0/><W50/><G41/><T6/><D6/><U3/><E66/><V124/><F92/><W20/><G26/><T69/><D69/><U88/><E3/><V112/><F124/><W60/><REACH who="3" step="1"/><G98/><REACH who="3" ten="181,307,133,369" step="2"/><T65/><D34/><U43/><E43/><V52/><F40/><W8/><G8/><N who="0" m="6503" /><D134/><U81/><E81/><V117/><REACH who="2" step="1"/><F112/><REACH who="2" ten="181,307,123,369" step="2"/><W64/><G64/><T126/><D65/><U91/><E42/><V45/><AGARI ba="0,2" hai="4,9,13,45,48,52,79,80,86,116,117,119,120,121" machi="45" ten="40,8000,1" yaku="1,1,2,1,0,1,54,1,53,0" doraHai="84" doraHaiUra="54" who="2" fromWho="2" sc="181,-20,307,-20,123,100,369,-40" /><INIT seed="4,0,0,3,2,30" ten="161,287,223,329" oya="0" hai0="105,104,127,133,100,108,92,20,4,132,94,129,125" hai1="74,102,123,51,89,106,0,7,116,110,73,60,1" hai2="53,124,40,68,56,79,120,117,65,85,78,93,81" hai3="58,18,55,69,70,2,115,24,121,112,75,64,27"/><T57/><D4/><U52/><E110/><V35/><F120/><W109/><G109/><T122/><D108/><U95/><E116/><V32/><F68/><W31/><G2/><T67/><D122/><U88/><E123/><V128/><F65/><W15/><G75/><T11/><D11/><U3/><E7/><V62/><F124/><N who="0" m="47690" /><D20/><U8/><E8/><V71/><F71/><W10/><G64/><T80/><D67/><U33/><E60/><V6/><F6/><W118/><G24/><T42/><D42/><U66/><E66/><V96/><F128/><W25/><G27/><T113/><D57/><U103/><E33/><V34/><F40/><W49/><G118/><T99/><D129/><U90/><E106/><N who="0" m="41065" /><D113/><N who="3" m="43593" /><G121/><T97/><D80/><U38/><E38/><V72/><F117/><W114/><G114/><T45/><D45/><N who="1" m="27759" /><E95/><N who="0" m="36393" /><D100/><U16/><E16/><V44/><F44/><W119/><G119/><T111/><D111/><U13/><E13/><V28/><F28/><W26/><G26/><T82/><D82/><U54/><E54/><V87/><REACH who="2" step="1"/><F79/><REACH who="2" ten="161,287,213,329" step="2"/><W135/><G70/><T29/><D29/><U9/><E0/><V76/><F76/><W36/><G69/><T43/><D43/><U83/><E1/><V12/><F12/><W47/><G47/><T39/><D39/><U77/><E3/><V48/><F48/><W126/><G126/><T61/><D61/><U21/><E77/><V101/><AGARI ba="0,1" hai="32,34,35,53,56,62,72,78,81,85,87,93,96,101" machi="101" ten="30,12000,2" yaku="1,1,0,1,52,3,53,1" doraHai="30" doraHaiUra="98" who="2" fromWho="2" sc="161,-60,287,-30,213,130,329,-30" /><INIT seed="5,0,0,0,1,105" ten="101,257,343,299" oya="1" hai0="57,100,124,102,70,80,16,107,34,40,3,37,72" hai1="18,82,27,126,79,98,94,131,0,93,25,41,99" hai2="112,52,43,53,128,96,95,106,65,23,64,75,14" hai3="38,28,133,85,78,35,12,84,129,58,2,115,36"/><U135/><E0/><V22/><F106/><W69/><G69/><T86/><D70/><U123/><E123/><V108/><F108/><W17/><G2/><T47/><D3/><U42/><E131/><V121/><F75/><W66/><G129/><T92/><D124/><U67/><E126/><V125/><F43/><W9/><G115/><T45/><D34/><U89/><E135/><V87/><F125/><W56/><G133/><T5/><D5/><U104/><E104/><V11/><F87/><W51/><G58/><T20/><D47/><U77/><E67/><N who="2" m="25675" /><F121/><W50/><G28/><T63/><D107/><U127/><E127/><V76/><F76/><W113/><G35/><T60/><D92/><U10/><E10/><V44/><F112/><W81/><G113/><T6/><D6/><U122/><E122/><V46/><F46/><W116/><G116/><T97/><D72/><U91/><REACH who="1" step="1"/><E18/><REACH who="1" ten="101,247,343,299" step="2"/><V24/><F11/><W101/><G9/><T4/><D4/><U88/><E88/><V111/><F128/><W132/><G132/><T61/><D97/><U8/><E8/><V19/><F111/><W120/><G17/><T33/><D33/><U90/><E90/><V114/><F114/><W68/><G66/><N who="0" m="39183" /><D102/><U83/><AGARI ba="0,1" hai="25,27,41,42,77,79,82,83,89,91,93,94,98,99" machi="83" ten="25,12000,1" yaku="1,1,0,1,22,2,8,1,53,0" doraHai="105" doraHaiUra="55" who="1" fromWho="1" sc="101,-40,247,130,343,-40,299,-40" /><INIT seed="5,1,0,0,1,52" ten="61,377,303,259" oya="1" hai0="122,118,51,106,109,29,130,24,16,68,91,50,64" hai1="132,33,4,5,8,57,76,62,31,23,45,101,83" hai2="0,84,25,112,32,110,15,19,56,63,26,77,73" hai3="117,99,59,34,38,97,79,131,92,69,1,43,129"/><U72/><E132/><V58/><F73/><W74/><G69/><T44/><D118/><U11/><E33/><V67/><F110/><W100/><G34/><T105/><D109/><U125/><E125/><V82/><F0/><W96/><G1/><T134/><D134/><U66/><E101/><V12/><F112/><W113/><G113/><T42/><D130/><N who="3" m="49673" /><G43/><T135/><D135/><U17/><E31/><V123/><F123/><W14/><G38/><T18/><D51/><U88/><E45/><V46/><F46/><W54/><G14/><N who="2" m="5161" /><F32/><W85/><G74/><T80/><D122/><U107/><E107/><V126/><F126/><W94/><G117/><T120/><D120/><U103/><E103/><V111/><F111/><W20/><G20/><T53/><D106/><U6/><E23/><V39/><F39/><W75/><G75/><T104/><D104/><U70/><E17/><V93/><F19/><W9/><G9/><T89/><D105/><U60/><REACH who="1" step="1"/><E88/><REACH who="1" ten="61,367,303,259" step="2"/><V114/><F114/><W133/><G133/><T2/><D91/><U61/><E61/><N who="2" m="38311" /><F93/><W37/><G92/><T41/><D89/><U128/><E128/><V86/><F86/><W13/><G85/><T87/><D87/><U40/><E40/><V36/><F36/><W115/><G37/><T28/><D28/><U27/><E27/><V30/><F30/><W90/><G115/><T119/><D119/><U48/><E48/><V95/><F95/><W21/><G100/><T47/><D47/><U102/><E102/><V65/><AGARI ba="1,1" hai="25,26,58,63,65,77,82,84" m="38311,5161" machi="65" ten="30,4000,0" yaku="8,1,52,2" doraHai="52" who="2" fromWho="2" sc="61,-11,367,-21,303,53,259,-11" /><INIT seed="6,0,0,1,1,120" ten="50,346,356,248" oya="2" hai0="14,133,70,54,4,95,92,84,35,56,72,58,55" hai1="118,1,104,88,90,0,12,51,29,106,89,64,134" hai2="16,2,111,75,6,61,34,60,135,28,117,74,49" hai3="24,69,32,125,109,23,100,50,93,108,85,76,15"/><V78/><F117/><W11/><G69/><T17/><D72/><U130/><E118/><V33/><F28/><W102/><G32/><T52/><D133/><U9/><E134/><V123/><F6/><W68/><G68/><T129/><D70/><U13/><E64/><V27/><F2/><W113/><G125/><T30/><D129/><U39/><E39/><V101/><F101/><W96/><G102/><T82/><D4/><U48/><E29/><V112/><F49/><N who="1" m="19017" /><E9/><V10/><F10/><W21/><G113/><T128/><D128/><U8/><E8/><V127/><F135/><W31/><G23/><T114/><D114/><U116/><E116/><V25/><F78/><W26/><G26/><T62/><D30/><U124/><E124/><V36/><F36/><W63/><G50/><T79/><D35/><U53/><E53/><V119/><F119/><W40/><G40/><T77/><D77/><U20/><E20/><V83/><F127/><W46/><G63/><T81/><D81/><U86/><E86/><V7/><F83/><W73/><G46/><T105/><D105/><N who="1" m="40555" /><E130/><V66/><F7/><W121/><G121/><T131/><D131/><U18/><E18/><V122/><F16/><N who="3" m="8319" /><G85/><T45/><D45/><U87/><E87/><V42/><F112/><W67/><G67/><T65/><REACH who="0" step="1"/><D56/><REACH who="0" ten="40,346,356,248" step="2"/><U107/><N who="1" m="40563" /><U71/><DORA hai="44" /><E71/><V37/><F123/><W94/><G76/><T115/><D115/><U38/><E38/><V19/><F122/><W59/><G59/><T22/><AGARI ba="0,1" hai="14,17,22,52,54,55,58,62,65,79,82,84,92,95" machi="22" ten="30,7900,0" yaku="1,1,0,1,8,1,54,1,53,0" doraHai="120,44" doraHaiUra="5,103" who="0" fromWho="0" sc="40,89,346,-20,356,-39,248,-20" /><INIT seed="7,0,0,3,0,116" ten="129,326,317,228" oya="3" hai0="126,34,127,128,122,20,8,51,53,56,0,109,99" hai1="19,92,4,129,80,104,135,22,87,101,7,123,29" hai2="55,12,9,61,57,97,16,62,130,24,108,42,117" hai3="118,74,113,40,132,27,41,26,119,14,67,18,134"/><W105/><G105/><T17/><D109/><U6/><E123/><V10/><F117/><N who="3" m="44555" /><G67/><T110/><D110/><U106/><E129/><V36/><F108/><W66/><G66/><T115/><D115/><U50/><E135/><N who="3" m="51754" /><G113/><T85/><D99/><N who="1" m="59623" /><E104/><V111/><F130/><W60/><G60/><N who="2" m="23145" /><F36/><W121/><G74/><T93/><D128/><U94/><E106/><V58/><F42/><N who="3" m="16491" /><G121/><T28/><D122/><U82/><E29/><V71/><F71/><W75/><G75/><T72/><D72/><U1/><E1/><V44/><F111/><W89/><G89/><T96/><D85/><U133/><E133/><V59/><F97/><W120/><G120/><T47/><D28/><U125/><E50/><N who="2" m="29127" /><F24/><N who="3" m="9259" /><G18/><T88/><D34/><U49/><E49/><V124/><F124/><W23/><G23/><AGARI ba="0,0" hai="9,10,12,16,23,57,58,59" m="29127,23145" machi="23" ten="30,2000,0" yaku="8,1,54,1" doraHai="116" who="2" fromWho="3" sc="129,0,326,0,317,20,228,-20" owari="129,-37.0,326,13.0,337,43.0,208,-19.0" /></mjloggm>