<mjloggm ver="2.3"><GO type="225" lobby="0"/><UN n0="%E8%97%81%E3%83%AF%E3%83%A9%E7%AC%91%77%72%77%72" n1="%E8%A8%88%E7%AE%97%E6%A9%9F%E8%87%AA%E7%84%B6" n2="%E5%85%88%E7%89%A9%E3%81%AF%74%72%61%73%68" n3="%E5%85%94%E6%96%AF%E5%9F%BA" dan="17,17,17,17" rate="2210.44,2234.21,2250.52,2217.55" sx="M,M,M,M"/><TAIKYOKU oya="0"/><INIT seed="0,0,0,2,0,21" ten="250,250,250,250" oya="0" hai0="127,125,48,107,122,38,31,39,110,83,115,52,103" hai1="79,61,73,34,35,32,33,133,74,94,99,12,16" hai2="17,9,68,84,15,95,53,2,51,8,108,104,111" hai3="87,64,89,131,71,82,46,70,25,134,36,112,86"/><T93/><D115/><U80/><E133/><V5/><F104/><W96/><G112/><T28/><D122/><U92/><N who="1" m="8192" /><DORA hai="97" /><U23/><E61/><V11/><F68/><W106/><G131/><T69/><D107/><U113/><E113/><V30/><F30/><N who="0" m="11306" /><D83/><U132/><E132/><V116/><F116/><W114/><G114/><T126/><D69/><U58/><E58/><V3/><F95/><W29/><G64/><T60/><D60/><U45/><E45/><V101/><F101/><W128/><G86/><T4/><D4/><U24/><E74/><V109/><F84/><W55/><G128/><T43/><D43/><U56/><E56/><N who="2" m="32831" /><F5/><W7/><G7/><T66/><D66/><U118/><E118/><V98/><F98/><W10/><G134/><T41/><D41/><U88/><REACH who="1" step="1"/><E92/><REACH who="1" ten="250,240,250,250" step="2"/><V59/><F59/><W81/><G71/><T49/><D110/><U119/><E119/><V77/><F77/><W129/><G70/><T124/><D124/><U37/><E37/><V62/><F62/><W1/><G36/><T26/><D48/><U47/><E47/><V40/><F40/><W44/><G44/><N who="0" m="27687" /><D39/><U100/><E100/><V123/><F123/><W13/><G129/><T102/><D38/><U19/><E19/><V27/><F109/><W78/><G106/><T14/><D93/><U91/><E91/><V63/><F111/><W85/><G46/><T72/><D72/><U90/><E90/><V65/><F108/><W117/><G117/><T57/><D57/><U18/><E18/><N who="2" m="8575" /><F63/><W76/><G89/><T120/><D126/><U6/><E6/><RYUUKYOKU ba="0,1" sc="250,-10,240,30,250,-10,250,-10" hai1="12,16,23,24,73,79,80,88,94,99" /><INIT seed="1,1,1,0,1,97" ten="240,270,240,240" oya="1" hai0="99,82,102,98,85,10,123,90,65,34,69,87,81" hai1="12,5,13,22,115,57,43,33,61,106,60,104,131" hai2="6,24,108,116,96,14,2,117,68,71,112,101,79" hai3="120,86,110,0,78,128,119,26,48,45,111,19,31"/><U18/><E33/><V114/><F79/><W41/><G0/><T59/><D123/><U4/><E115/><N who="2" m="44075" /><F14/><W109/><G120/><T132/><D132/><U73/><E73/><V126/><F24/><W75/><G128/><T67/><D69/><N who="2" m="26698" /><F108/><W25/><G75/><T56/><D34/><U38/><E131/><V62/><F62/><W28/><G119/><T134/><D134/><U39/><E22/><V36/><F36/><W107/><G107/><T118/><D118/><U127/><E18/><V70/><N who="2" m="26706" /><V124/><DORA hai="63" /><F117/><W42/><G41/><T80/><D10/><U40/><REACH who="1" step="1"/><E57/><REACH who="1" ten="240,260,240,240" step="2"/><V37/><F116/><W44/><G19/><T7/><D56/><U121/><E121/><V55/><F124/><AGARI ba="1,2" hai="4,5,12,13,38,39,40,43,60,61,104,106,124,127" machi="124" ten="25,12000,1" yaku="1,1,22,2,53,2" doraHai="97,63" doraHaiUra="105,3" who="1" fromWho="2" sc="240,0,260,143,240,-123,240,0" /><INIT seed="1,2,0,0,3,24" ten="240,403,117,240" oya="1" hai0="65,134,117,25,129,87,30,3,92,100,132,35,123" hai1="84,38,69,111,58,64,95,27,62,52,41,116,59" hai2="18,81,20,91,80,55,110,32,66,5,70,57,88" hai3="68,96,26,73,76,131,78,49,121,63,109,28,114"/><U61/><E116/><V4/><F32/><W135/><G114/><T77/><D117/><U16/><E111/><V10/><F110/><W56/><G109/><T71/><D129/><U42/><E69/><V60/><F81/><W0/><G0/><T82/><D123/><U99/><E84/><V79/><F4/><W45/><G68/><T106/><D3/><U47/><E38/><V122/><F122/><W13/><G121/><T22/><D92/><U120/><E47/><V104/><F104/><W15/><G135/><T74/><D22/><N who="1" m="13767" /><E120/><V98/><F98/><W102/><G131/><T101/><D87/><U97/><E97/><V89/><F79/><W34/><G76/><T83/><D83/><U2/><E2/><V112/><F112/><W90/><G90/><AGARI ba="2,0" hai="41,42,52,58,59,61,62,64,90,95,99" m="13767" machi="90" ten="30,11600,0" yaku="25,1,8,1,54,2" doraHai="24" who="1" fromWho="3" sc="240,0,403,122,117,0,240,-122" /><INIT seed="1,3,0,2,5,25" ten="240,525,117,118" oya="1" hai0="68,64,87,31,98,129,73,93,108,43,113,118,46" hai1="1,4,58,36,107,50,95,20,86,60,115,110,76" hai2="109,80,117,51,89,112,63,9,123,40,30,39,47" hai3="75,45,130,71,14,55,28,33,32,57,104,3,56"/><U27/><E36/><V13/><F123/><W111/><G3/><T53/><D73/><U70/><E107/><V34/><F117/><W38/><G71/><T128/><D108/><U106/><E106/><V15/><F109/><W79/><G104/><T94/><D113/><U16/><E70/><V88/><F112/><W17/><G111/><T0/><D0/><U135/><E135/><V102/><F39/><W127/><G127/><T134/><D118/><U26/><E50/><V132/><F132/><W2/><G2/><T67/><D53/><U100/><E4/><V10/><F102/><W21/><G130/><N who="0" m="50283" /><D68/><U8/><E8/><V131/><F131/><W61/><G56/><T103/><D31/><U81/><E1/><V99/><F63/><W119/><G119/><T126/><D126/><U44/><E44/><V65/><F65/><W114/><G114/><T84/><D134/><U59/><E59/><V122/><F122/><W29/><G33/><T48/><D93/><U7/><E7/><V77/><F30/><W37/><G32/><T116/><D116/><U90/><E110/><V120/><F34/><W125/><G38/><T69/><D69/><U96/><E115/><V23/><F120/><W82/><REACH who="3" step="1"/><G125/><REACH who="3" ten="240,525,117,108" step="2"/><T66/><AGARI ba="3,1" hai="43,46,48,64,66,67,84,87,94,98,103" m="50283" machi="66" ten="30,1100,0" yaku="19,1" doraHai="25" who="0" fromWho="0" sc="240,30,525,-8,117,-6,108,-6" /><INIT seed="2,0,0,2,0,52" ten="270,517,111,102" oya="2" hai0="74,33,16,127,46,107,120,35,79,12,23,84,17" hai1="82,39,43,5,24,115,96,123,101,71,112,103,121" hai2="110,47,53,125,27,19,65,119,9,117,58,0,83" hai3="49,113,48,122,66,59,105,133,87,42,36,6,11"/><V99/><F125/><W100/><G122/><T37/><D74/><U98/><E71/><V90/><F65/><W14/><G133/><T57/><D120/><U45/><E5/><V34/><F110/><W78/><G36/><T22/><D107/><N who="1" m="63911" /><E82/><V21/><F34/><W95/><G105/><T102/><D33/><U15/><E15/><V69/><F69/><W80/><G113/><N who="1" m="43594" /><E24/><V38/><F83/><W55/><G66/><T88/><D46/><U89/><E89/><V4/><F47/><N who="3" m="25719" /><G100/><T77/><D37/><U68/><E68/><V62/><REACH who="2" step="1"/><F38/><REACH who="2" ten="270,517,101,102" step="2"/><W2/><G2/><T135/><D35/><U26/><E123/><V92/><AGARI ba="0,1" hai="0,4,9,19,21,27,53,58,62,90,92,99,117,119" machi="92" ten="30,18000,2" yaku="1,1,2,1,0,1,25,2,52,1,53,0" doraHai="52" doraHaiUra="72" who="2" fromWho="2" sc="270,-60,517,-60,101,190,102,-60" /><INIT seed="2,1,0,3,3,21" ten="210,457,291,42" oya="2" hai0="60,112,95,30,62,83,99,66,84,54,128,129,75" hai1="72,77,64,45,40,3,80,98,91,101,124,33,35" hai2="4,121,59,58,118,123,111,88,42,44,97,81,120" hai3="8,69,25,119,57,86,125,113,103,96,50,82,29"/><V73/><F118/><W47/><G69/><T20/><D75/><U49/><E3/><V43/><F4/><W134/><G119/><T48/><D112/><U127/><E91/><V56/><F111/><W1/><G125/><N who="1" m="48202" /><E64/><V85/><F73/><W93/><G134/><T67/><D128/><U133/><E133/><V38/><F42/><W11/><G57/><T18/><D30/><U31/><E31/><V126/><F126/><W55/><G1/><T71/><D62/><U9/><E9/><V13/><F13/><W116/><G113/><T0/><D0/><U108/><E108/><V122/><N who="2" m="30720" /><DORA hai="135" /><V41/><F41/><W105/><G105/><AGARI ba="1,0" hai="33,35,40,45,49,72,77,80,98,101,105" m="48202" machi="105" ten="30,7700,0" yaku="18,1,52,3" doraHai="21,135" who="1" fromWho="3" sc="210,0,457,80,291,0,42,-80" owari="210,-19.0,537,64.0,291,9.0,-38,-54.0" /></mjloggm>