<mjloggm ver="2.3"><GO type="169" lobby="0"/><UN n0="%E6%84%9B%E3%81%A8%E6%AD%A3%E7%BE%A9" n1="%E5%A4%96%E5%B7%9D%E7%AB%9C%E6%88%90" n2="%74%61%6E%61%4B%61" n3="%E3%82%AB%E3%82%B6%E3%83%A9%E3%82%AD" dan="18,16,17,18" rate="2179.40,2107.41,2139.69,2231.30" sx="F,M,M,M"/><TAIKYOKU oya="0"/><INIT seed="0,0,0,2,4,73" ten="250,250,250,250" oya="0" hai0="96,10,101,95,56,99,40,120,94,117,89,77,47" hai1="43,103,25,61,132,119,0,114,92,79,128,76,80" hai2="38,97,59,22,65,28,111,23,6,127,18,7,11" hai3="34,41,27,102,105,131,46,16,122,24,32,85,91"/><T134/><D117/><U52/><E119/><V1/><F111/><W113/><G113/><T2/><D120/><U108/><E108/><V9/><F38/><W109/><G109/><T49/><D134/><U88/><E0/><V17/><F97/><W100/><G122/><T125/><D125/><U4/><E128/><V130/><F127/><W12/><G131/><T13/><D2/><U126/><E132/><V35/><F59/><W106/><G106/><T115/><D56/><N who="1" m="34951" /><E114/><V20/><F65/><W30/><G27/><T121/><D121/><U21/><E43/><V55/><F55/><W123/><G34/><T84/><D115/><U64/><E64/><V44/><F44/><W19/><G105/><T8/><REACH who="0" step="1"/><D13/><REACH who="0" ten="240,250,250,250" step="2"/><U70/><E70/><V39/><F130/><W90/><G12/><T51/><D51/><U14/><E126/><V48/><F48/><W37/><G123/><T83/><AGARI ba="0,1" hai="8,10,40,47,49,77,83,84,89,94,95,96,99,101" machi="83" ten="30,11700,0" yaku="1,1,0,1,8,1,52,1,53,0" doraHai="73" doraHaiUra="62" who="0" fromWho="0" sc="240,127,250,-39,250,-39,250,-39" /><INIT seed="0,1,0,2,5,100" ten="367,211,211,211" oya="0" hai0="19,107,58,98,93,135,127,69,0,1,80,95,117" hai1="134,65,5,121,79,111,63,74,32,41,47,70,133" hai2="9,109,26,123,89,129,24,44,81,120,66,50,30" hai3="87,130,14,116,49,114,85,15,10,101,46,106,94"/><T105/><D117/><U13/><E121/><V21/><F109/><W36/><G116/><T84/><D69/><U68/><E68/><V125/><F125/><W53/><G114/><T97/><D127/><U12/><E32/><V28/><F129/><W104/><G36/><T45/><D58/><U11/><E111/><V132/><F132/><N who="1" m="50793" /><E79/><V60/><F9/><W56/><G130/><T27/><D135/><U57/><E74/><V55/><F81/><W73/><G73/><T103/><D45/><U83/><E83/><V23/><REACH who="2" step="1"/><F89/><REACH who="2" ten="367,211,201,211" step="2"/><W61/><G101/><T51/><D80/><U108/><E108/><V17/><F17/><W82/><G94/><T42/><D19/><U76/><E11/><V77/><F77/><W34/><G34/><T119/><D119/><U92/><E76/><V25/><F25/><W126/><G126/><T75/><D27/><U71/><E5/><V88/><F88/><W72/><G14/><N who="1" m="5738" /><E92/><V22/><F22/><W59/><G72/><T33/><D75/><U67/><E67/><V131/><F131/><W16/><G82/><T4/><D33/><U113/><E113/><V7/><F7/><W35/><G35/><T43/><D4/><U110/><E110/><V62/><F62/><W39/><G61/><T38/><D103/><U18/><E18/><V112/><F112/><W6/><G6/><T29/><D95/><U124/><E124/><V20/><F20/><W8/><G8/><T78/><D93/><U128/><E128/><V115/><F115/><W122/><G10/><T48/><D78/><U3/><E3/><V64/><F64/><RYUUKYOKU ba="1,1" sc="367,-15,211,15,201,15,211,-15" hai1="41,47,57,63,65,70,71" hai2="21,23,24,26,28,30,44,50,55,60,66,120,123" /><INIT seed="1,2,1,2,5,123" ten="352,226,216,196" oya="1" hai0="45,18,114,4,50,88,14,24,113,112,117,47,31" hai1="87,125,86,60,102,19,109,59,61,5,62,25,70" hai2="128,95,107,64,38,8,118,119,120,1,44,133,46" hai3="7,130,127,121,99,34,52,84,97,80,6,98,29"/><U21/><E125/><V101/><F120/><W103/><G121/><T0/><D117/><U32/><E70/><V22/><F128/><W76/><G130/><T135/><D135/><U77/><E32/><V75/><F133/><W27/><G127/><T105/><D105/><U78/><E102/><V2/><F95/><W28/><G28/><T91/><D4/><U71/><E71/><V131/><F131/><W43/><G103/><T30/><D0/><U69/><E69/><V85/><F85/><N who="1" m="32265" /><E5/><V74/><F22/><W58/><REACH who="3" step="1"/><G43/><REACH who="3" ten="352,226,216,186" step="2"/><T93/><D112/><U122/><E122/><V115/><F101/><W56/><G56/><T17/><D113/><U108/><E59/><V53/><F115/><W73/><G73/><T26/><D114/><U116/><E116/><V94/><F75/><W65/><G65/><T54/><D30/><U23/><E23/><V51/><F74/><W40/><G40/><T132/><D31/><U12/><E25/><V89/><F64/><W66/><G66/><T96/><D24/><U20/><E20/><V79/><F118/><W13/><G13/><T57/><D14/><U68/><E68/><V15/><F15/><W11/><G11/><T41/><D26/><U49/><E21/><V134/><F8/><W111/><G111/><T36/><D57/><U39/><E12/><V37/><F134/><W82/><G82/><T63/><D132/><U126/><E126/><V3/><F119/><W110/><G110/><T129/><D129/><U55/><E109/><V16/><F1/><W9/><G9/><T10/><D10/><U81/><E108/><RYUUKYOKU ba="2,2" sc="352,-10,226,-10,216,-10,186,30" hai3="6,7,27,29,34,52,58,76,80,84,97,98,99" /><INIT seed="2,3,2,5,2,119" ten="342,216,206,216" oya="2" hai0="90,36,118,2,21,41,49,1,103,46,62,127,0" hai1="131,117,105,29,116,7,33,17,25,79,73,27,4" hai2="64,101,48,35,81,13,47,63,23,114,5,109,96" hai3="20,70,44,107,61,98,12,45,37,86,52,122,87"/><V121/><F114/><W38/><G122/><T89/><D127/><U102/><E102/><V113/><F113/><W129/><G129/><T34/><D34/><U106/><E79/><V115/><F115/><W28/><G37/><T54/><D118/><N who="1" m="45675" /><E73/><V15/><F35/><W42/><G70/><T39/><D103/><U31/><E105/><V130/><F130/><W10/><G107/><T16/><D62/><U22/><E106/><V43/><F109/><W67/><G98/><T126/><D126/><U110/><E131/><V85/><F121/><W132/><G132/><T68/><D68/><U3/><E3/><V74/><F74/><W94/><G94/><T60/><D60/><U108/><E31/><V6/><F96/><W71/><G20/><T8/><D8/><U76/><E76/><V57/><F101/><W56/><G44/><T69/><D69/><U97/><E97/><V100/><F100/><W91/><G91/><T83/><D83/><U32/><E33/><V55/><F64/><W24/><G24/><T40/><D36/><U133/><E133/><V123/><F123/><W58/><G28/><T72/><D72/><U77/><E77/><N who="2" m="46255" /><F23/><W82/><G82/><T93/><D39/><U18/><E18/><V124/><F124/><W84/><REACH who="3" step="1"/><G52/><REACH who="3" ten="342,216,206,206" step="2"/><T14/><REACH who="0" step="1"/><D90/><REACH who="0" ten="332,216,206,206" step="2"/><U66/><E66/><V75/><F75/><W80/><G80/><T19/><D19/><AGARI ba="3,4" hai="10,12,19,38,42,45,56,58,61,67,71,84,86,87" machi="19" ten="40,1300,0" yaku="1,1,53,0" doraHai="119" doraHaiUra="88" who="3" fromWho="0" sc="332,-22,216,0,206,0,206,62" /><INIT seed="3,0,0,5,0,90" ten="310,216,206,268" oya="3" hai0="31,45,49,23,70,33,22,95,71,132,88,0,40" hai1="115,57,130,36,43,118,67,21,125,17,121,75,107" hai2="124,41,128,52,58,44,127,7,116,4,59,79,35" hai3="105,46,83,104,100,89,133,109,86,55,99,11,85"/><W13/><G133/><T102/><D0/><U30/><E30/><V26/><F116/><W103/><G109/><T60/><D102/><U78/><E107/><V6/><F79/><W119/><G119/><T61/><D33/><U131/><E115/><V2/><F128/><W56/><G46/><T96/><D132/><U122/><E125/><N who="2" m="48203" /><F2/><W66/><G66/><T5/><D5/><U39/><E78/><V29/><F52/><W34/><G34/><T65/><D31/><U8/><E75/><V77/><F77/><W47/><G86/><T101/><D101/><U3/><E3/><V15/><F15/><W24/><G24/><T27/><D27/><U14/><E118/><V94/><F94/><W62/><G47/><T53/><D53/><U126/><E126/><V97/><F97/><W12/><REACH who="3" step="1"/><G11/><REACH who="3" ten="310,216,206,258" step="2"/><T76/><D76/><U98/><E8/><V106/><F44/><W68/><G68/><T42/><D42/><U92/><E43/><V54/><F41/><W84/><G84/><T80/><D80/><U9/><E9/><V87/><F87/><W129/><G129/><N who="1" m="49162" /><E67/><AGARI ba="0,1" hai="22,23,40,45,49,60,61,65,67,70,71,88,95,96" machi="67" ten="40,5200,0" yaku="9,1,52,1,54,1" doraHai="90" who="0" fromWho="1" sc="310,62,216,-52,206,0,258,0" /><INIT seed="4,0,0,3,5,7" ten="372,164,206,258" oya="0" hai0="95,39,128,125,15,64,62,26,83,38,93,5,3" hai1="4,67,6,63,134,16,43,20,94,129,101,77,8" hai2="82,120,80,70,53,37,99,107,34,18,102,108,0" hai3="117,27,51,121,13,31,29,130,72,40,46,74,135"/><T96/><D128/><U11/><E134/><V25/><F108/><W116/><G130/><T32/><D3/><U9/><E129/><V126/><F126/><W71/><G135/><T45/><D125/><U69/><E77/><V112/><F112/><W104/><G71/><T58/><D83/><U33/><E33/><V66/><F37/><W103/><G121/><T19/><D93/><U123/><E123/><V115/><F115/><W89/><G89/><T75/><D75/><U41/><E4/><V131/><F131/><W60/><G60/><T87/><D87/><U133/><E6/><V57/><F0/><W84/><G84/><T54/><D5/><U85/><E133/><V97/><F97/><W14/><G103/><T118/><D118/><U23/><E23/><V111/><F111/><W76/><G104/><T47/><D38/><U109/><E109/><V55/><F55/><W12/><G31/><T78/><D78/><U17/><E85/><V98/><F98/><W88/><G88/><N who="0" m="55399" /><D39/><U1/><E1/><V113/><F113/><W122/><G122/><T73/><D73/><U119/><E119/><V61/><F120/><W132/><G74/><T81/><D81/><U59/><E69/><V28/><REACH who="2" step="1"/><F18/><REACH who="2" ten="372,164,196,258" step="2"/><N who="1" m="7273" /><E20/><V30/><F30/><W22/><G132/><T68/><D32/><U90/><E90/><V35/><F35/><W10/><G117/><T106/><D19/><U56/><E56/><V21/><F21/><W110/><G116/><T50/><D58/><U127/><E127/><V42/><F42/><W65/><G110/><T114/><D114/><U2/><E2/><RYUUKYOKU ba="0,1" sc="372,-15,164,15,196,15,258,-15" hai1="8,9,11,41,43,59,63,67,94,101" hai2="25,28,34,53,57,61,66,70,80,82,99,102,107" /><INIT seed="5,1,1,1,2,128" ten="357,179,211,243" oya="1" hai0="98,27,109,0,72,107,12,73,2,62,13,130,88" hai1="60,51,77,129,10,44,91,104,32,14,20,35,41" hai2="87,113,63,93,68,8,47,70,117,55,37,127,1" hai3="112,115,81,25,24,16,90,83,28,114,96,100,66"/><U26/><E129/><V43/><F1/><W108/><G108/><T118/><D109/><U131/><E131/><V132/><F93/><W101/><G66/><T54/><D118/><U103/><E77/><V57/><F8/><W40/><G40/><T126/><D130/><U52/><E104/><V105/><F105/><W4/><G4/><T21/><D126/><U39/><E103/><V85/><F85/><W7/><G7/><T94/><D107/><U50/><E91/><V48/><F87/><N who="3" m="50543" /><G83/><T17/><D0/><U53/><E60/><V78/><F78/><W125/><G125/><T22/><D2/><U15/><E10/><V71/><F127/><W102/><G28/><T69/><D69/><N who="2" m="26730" /><F117/><W56/><G56/><N who="0" m="35095" /><D21/><U135/><E20/><V23/><F23/><N who="3" m="13415" /><G25/><T82/><D82/><U11/><E26/><V134/><F113/><W42/><G42/><T38/><D38/><U75/><E41/><V59/><N who="2" m="26738" /><V120/><DORA hai="133" /><F120/><W18/><G18/><T84/><D84/><U49/><E75/><AGARI ba="1,1" hai="12,13,17,22,27,72,73,75,88,94,98" m="35095" machi="75" ten="30,2000,0" yaku="25,1,54,1" doraHai="128,133" who="0" fromWho="1" sc="357,33,179,-23,211,0,243,0" /><INIT seed="6,0,0,0,3,48" ten="390,156,211,243" oya="2" hai0="82,112,52,2,49,75,76,95,89,28,127,4,85" hai1="18,45,21,93,61,114,117,50,77,104,121,20,108" hai2="73,96,53,80,101,22,30,133,103,43,113,135,83" hai3="132,118,97,120,63,5,79,37,26,62,32,84,54"/><V88/><F43/><W25/><G118/><T65/><D112/><U9/><E108/><V46/><F113/><W110/><G120/><T100/><D127/><U34/><E104/><V1/><F1/><W106/><G110/><T41/><D41/><U99/><E34/><V78/><F22/><W124/><G37/><T122/><D65/><U55/><E114/><V36/><F30/><W123/><G5/><T126/><D126/><U16/><E117/><V19/><F19/><N who="1" m="7209" /><E121/><V8/><F8/><W67/><G132/><N who="2" m="50761" /><F36/><W64/><G32/><T91/><D28/><U15/><E77/><V31/><F31/><W33/><G79/><T129/><D76/><U59/><E15/><V10/><F10/><W92/><G33/><T98/><D2/><U14/><E14/><V130/><F130/><W0/><G0/><T71/><D129/><U6/><E9/><V115/><F115/><W38/><G38/><T134/><D134/><U125/><E6/><V81/><F81/><W44/><G124/><T17/><D17/><U24/><E24/><V94/><F80/><W11/><G11/><T116/><D82/><U57/><E57/><V40/><F40/><W68/><G123/><T90/><D122/><U74/><E74/><V69/><F69/><W7/><G7/><T109/><D71/><U56/><E56/><V29/><F29/><W111/><G111/><T70/><D109/><U27/><E27/><V3/><F3/><W102/><G25/><T35/><D4/><U42/><E125/><V119/><F119/><W51/><G26/><T128/><D116/><U107/><E107/><RYUUKYOKU ba="0,0" sc="390,-15,156,15,211,15,243,-15" hai1="20,21,42,45,50,55,59,61,93,99" hai2="46,53,73,78,83,88,94,96,101,103" /><INIT seed="6,1,0,4,0,123" ten="375,171,226,228" oya="2" hai0="73,18,9,62,88,118,32,134,45,66,31,72,48" hai1="30,81,124,10,112,47,84,105,51,52,43,65,34" hai2="3,75,99,69,21,83,104,109,12,49,6,39,2" hai3="119,17,110,58,107,42,85,16,23,94,53,38,70"/><V29/><F69/><W56/><G70/><T40/><D134/><U77/><E112/><V76/><F39/><W97/><G119/><T114/><D114/><U54/><E124/><V63/><F63/><W128/><G128/><T28/><D118/><U61/><E105/><V86/><F75/><W13/><G107/><T102/><D102/><U8/><E34/><V90/><F2/><W25/><G85/><T27/><D31/><U108/><E30/><V116/><F116/><W78/><G78/><T4/><D18/><U68/><E108/><V103/><F109/><W135/><G135/><T132/><D88/><U41/><E54/><V55/><F3/><W101/><G110/><T71/><D132/><U7/><REACH who="1" step="1"/><E8/><REACH who="1" ten="375,161,226,228" step="2"/><V11/><F29/><W44/><G53/><T50/><D9/><AGARI ba="1,1" hai="9,13,16,17,23,25,38,42,44,56,58,94,97,101" machi="9" ten="30,2000,0" yaku="7,1,54,1" doraHai="123" who="3" fromWho="0" sc="375,-23,161,0,226,0,228,33" /><INIT seed="7,0,0,0,1,55" ten="352,161,226,261" oya="3" hai0="111,133,22,67,80,75,56,99,109,135,54,100,9" hai1="106,117,3,24,34,42,92,116,40,87,51,59,23" hai2="62,18,1,115,95,19,31,81,48,118,114,45,123" hai3="96,72,7,58,71,105,25,8,4,10,47,121,38"/><W122/><G71/><T130/><D67/><U132/><E106/><V128/><F118/><N who="1" m="45673" /><E3/><V16/><F1/><W101/><G72/><T66/><D66/><U65/><E34/><V113/><F128/><W12/><G25/><T60/><D130/><U89/><E65/><V35/><F123/><W98/><G98/><T90/><D22/><U127/><E127/><V107/><F107/><W125/><G125/><T44/><D44/><U50/><E50/><V6/><F6/><W126/><G126/><T13/><D90/><U36/><E36/><V2/><F62/><W70/><G70/><T97/><D75/><U33/><E33/><V91/><F81/><W112/><G112/><T21/><D80/><U78/><E78/><V124/><F2/><W61/><G47/><T83/><D83/><U120/><E120/><V52/><F124/><W0/><G38/><T94/><D21/><U15/><E15/><V28/><F35/><W85/><G122/><T20/><D20/><U49/><E49/><V32/><F32/><W102/><G121/><T82/><D82/><U5/><E5/><V93/><F93/><W14/><G0/><T110/><D99/><AGARI ba="0,0" hai="16,18,19,28,31,45,48,52,91,95,99,113,114,115" machi="99" ten="50,6400,0" yaku="15,1,54,2" doraHai="55" who="2" fromWho="0" sc="352,-64,161,0,226,64,261,0" /><INIT seed="8,0,0,1,1,7" ten="288,161,290,261" oya="0" hai0="94,85,63,66,18,0,81,115,16,65,25,53,71" hai1="62,119,134,95,77,29,100,79,72,123,106,60,24" hai2="120,33,45,13,130,8,93,70,11,105,125,87,12" hai3="102,20,26,36,22,5,91,126,111,38,110,55,76"/><T83/><D115/><U68/><E123/><V61/><F105/><W98/><G76/><T41/><D0/><U121/><E121/><V57/><F70/><W31/><G91/><N who="0" m="53615" /><D71/><U128/><E134/><V2/><F2/><W92/><G126/><T32/><D32/><N who="1" m="20519" /><E119/><V131/><F125/><W42/><G55/><T59/><D41/><U1/><E1/><V75/><F75/><W44/><G38/><T15/><D25/><U74/><E128/><N who="2" m="49195" /><F45/><W107/><G5/><T73/><D73/><N who="1" m="28267" /><E95/><V113/><F113/><W124/><G124/><T51/><D18/><U97/><E60/><V122/><F33/><W86/><G86/><T4/><D4/><U69/><E68/><V109/><F109/><W117/><G117/><T103/><D103/><U47/><E47/><V127/><F127/><W116/><G116/><T14/><D14/><N who="2" m="5738" /><F122/><W3/><G3/><T48/><D63/><U67/><AGARI ba="0,0" hai="62,67,69,77,79,97,100,106" m="28267,20519" machi="67" ten="30,1100,0" yaku="25,1" doraHai="7" who="1" fromWho="1" sc="288,-5,161,11,290,-3,261,-3" /><INIT seed="9,0,0,2,4,9" ten="283,172,287,258" oya="1" hai0="101,80,12,47,1,118,29,4,57,8,38,51,76" hai1="102,88,85,133,71,13,112,135,40,10,37,30,15" hai2="87,20,93,72,127,132,23,25,60,79,16,82,17" hai3="50,81,58,86,2,48,41,28,34,123,91,5,62"/><U128/><E112/><V7/><F127/><W83/><G123/><T6/><D118/><U97/><E71/><V111/><F111/><W46/><G2/><T3/><D101/><U104/><E128/><V55/><F7/><W39/><G5/><T90/><D90/><U129/><E129/><V64/><F55/><W26/><REACH who="3" step="1"/><G81/><REACH who="3" ten="283,172,287,248" step="2"/><T69/><D4/><U67/><E10/><V110/><F110/><W134/><G134/><N who="1" m="51210" /><E30/><V52/><F132/><W53/><AGARI ba="0,1" hai="26,28,34,39,41,46,48,50,53,58,62,83,86,91" machi="53" ten="20,2700,0" yaku="1,1,0,1,7,1,53,0" doraHai="9" doraHaiUra="61" who="3" fromWho="3" sc="283,-7,172,-13,287,-7,248,37" /><INIT seed="10,0,0,1,3,39" ten="276,159,280,285" oya="2" hai0="10,12,29,135,71,41,115,67,75,53,87,1,64" hai1="5,16,6,112,37,55,4,22,8,7,17,43,69" hai2="93,100,13,68,45,119,21,9,36,94,72,134,19" hai3="122,65,114,88,86,106,123,130,48,76,110,102,40"/><V25/><F68/><W60/><G110/><T47/><D75/><U104/><E104/><V128/><F72/><W35/><G35/><T129/><D115/><U77/><E112/><V50/><F36/><W117/><G114/><T31/><D1/><U97/><E69/><V95/><F119/><W118/><G76/><T46/><D135/><U57/><E77/><V74/><F74/><W24/><G24/><T108/><D108/><U28/><N who="1" m="1024" /><DORA hai="18" /><U58/><E37/><V80/><F80/><W51/><G130/><T73/><D73/><U116/><E116/><N who="3" m="44650" /><G102/><T131/><D87/><U126/><E126/><V103/><F134/><W0/><G0/><T14/><D71/><U85/><E85/><V32/><F32/><W89/><G89/><T11/><D53/><U42/><E97/><V79/><F79/><W111/><G106/><T132/><D132/><U83/><E83/><V78/><F78/><W30/><G30/><T20/><D20/><U124/><E124/><V2/><F2/><W81/><G111/><T23/><D23/><U96/><E96/><V101/><F128/><W107/><G107/><T125/><D125/><U90/><E90/><V120/><F120/><N who="3" m="46123" /><G40/><AGARI ba="0,0" hai="10,11,12,14,29,31,40,41,46,47,64,67,129,131" machi="40" ten="25,6400,0" yaku="22,2,52,2" doraHai="39,18" who="0" fromWho="3" sc="276,64,159,0,280,0,285,-64" owari="340,44.0,159,-34.0,280,8.0,221,-18.0" /></mjloggm>