<mjloggm ver="2.3"><GO type="169" lobby="0"/><UN n0="%EF%BC%A9%EF%BC%A4%E5%90%8D%E8%80%83%E3%81%88%E4%B8%AD" n1="%E3%81%B4%E3%81%88%E3%81%AB%E3%82%93" n2="%E9%BA%BB%E9%9B%80%49%51%31%32%30" n3="%E5%81%BD%E5%96%84%E8%80%85%E9%AB%98%E6%A9%8B%E3%81%BF%E3%81%AA%E3%81%BF" dan="16,16,17,17" rate="2166.76,2085.52,2213.21,2154.41" sx="M,M,M,F"/><TAIKYOKU oya="0"/><INIT seed="0,0,0,2,0,38" ten="250,250,250,250" oya="0" hai0="74,50,98,96,69,40,6,31,35,75,84,78,53" hai1="114,33,51,52,14,29,16,27,122,82,107,19,133" hai2="58,88,10,24,106,26,39,113,64,101,55,41,97" hai3="124,77,2,108,121,20,60,4,68,61,0,3,76"/><T79/><D69/><U8/><E122/><V13/><F64/><W104/><G104/><T115/><D115/><U23/><E133/><V18/><F113/><W70/><G121/><T11/><D35/><U43/><E107/><V46/><REACH who="2" step="1"/><F88/><REACH who="2" ten="250,250,240,250" step="2"/><W5/><G108/><T25/><D98/><U131/><E114/><V127/><F127/><W28/><G124/><T12/><D96/><U116/><E116/><V30/><F30/><W94/><G28/><T81/><D79/><U105/><E131/><V118/><F118/><W129/><G129/><T103/><D103/><U66/><E66/><V54/><F54/><W134/><G134/><T21/><REACH who="0" step="1"/><D53/><REACH who="0" ten="240,250,240,250" step="2"/><U100/><E100/><V22/><F22/><W36/><G20/><T90/><D90/><U120/><E120/><V56/><F56/><W132/><G132/><T71/><D71/><U67/><E67/><V63/><AGARI ba="0,2" hai="10,13,18,24,26,39,41,46,55,58,63,97,101,106" machi="63" ten="20,8000,1" yaku="1,1,0,1,7,1,52,1,53,1" doraHai="38" doraHaiUra="59" who="2" fromWho="2" sc="240,-40,250,-20,240,100,250,-20" /><INIT seed="1,0,0,3,4,52" ten="200,230,340,230" oya="1" hai0="45,46,95,114,7,102,83,39,50,56,43,12,81" hai1="68,109,131,72,113,61,20,44,112,97,115,65,17" hai2="108,121,32,2,74,87,90,86,82,29,10,125,18" hai3="6,94,37,128,3,119,127,64,9,96,78,103,129"/><U84/><E72/><V60/><F121/><W85/><G127/><T42/><D114/><U122/><E122/><V38/><F38/><W67/><G37/><T23/><D102/><U135/><E131/><N who="3" m="50250" /><G119/><T91/><D7/><U93/><E135/><V63/><F74/><W48/><G48/><T47/><D47/><U30/><E30/><V79/><F125/><W126/><G126/><T71/><D71/><U58/><E84/><V101/><F101/><W8/><G8/><T28/><D28/><U66/><E44/><V21/><F32/><W105/><G105/><T51/><D12/><U123/><E123/><V55/><F29/><W27/><G27/><T19/><D19/><U100/><E109/><V70/><F70/><W116/><G116/><T36/><D23/><U33/><E33/><V118/><F118/><W120/><G120/><T89/><REACH who="0" step="1"/><D95/><REACH who="0" ten="190,230,340,230" step="2"/><U26/><REACH who="1" step="1"/><E68/><REACH who="1" ten="190,220,340,230" step="2"/><V99/><F108/><W53/><G3/><T22/><D22/><U49/><E49/><V111/><F21/><W62/><G9/><T59/><AGARI ba="0,2" hai="36,39,42,43,45,46,50,51,56,59,81,83,89,91" machi="59" ten="25,12000,2" yaku="1,1,0,1,22,2,52,2,53,0" doraHai="52" doraHaiUra="134" who="0" fromWho="0" sc="190,140,220,-60,340,-30,230,-30" /><INIT seed="2,0,0,4,4,24" ten="330,160,310,200" oya="2" hai0="5,110,48,47,108,105,2,30,90,60,109,28,67" hai1="52,106,66,114,65,18,59,76,38,63,19,7,112" hai2="56,34,99,125,57,89,127,27,96,0,103,121,98" hai3="14,33,120,9,73,35,119,100,13,12,39,49,71"/><V126/><F121/><W53/><G39/><T97/><D5/><U3/><E106/><V113/><F113/><W101/><G71/><T86/><D2/><U107/><E107/><V77/><F0/><W118/><G73/><T130/><D130/><U85/><E38/><V124/><F77/><W116/><G120/><T11/><D11/><U15/><E112/><V83/><F103/><W123/><G123/><T46/><D97/><U61/><E3/><V79/><F89/><W91/><G9/><T44/><D48/><U31/><E31/><N who="0" m="11817" /><D105/><U128/><E128/><V37/><F37/><W4/><G4/><T1/><D1/><U58/><E114/><V88/><F127/><W25/><G49/><T29/><N who="0" m="11825" /><T22/><DORA hai="94" /><D22/><U6/><E19/><V36/><F36/><W117/><G117/><T64/><D60/><U43/><E43/><V129/><F129/><W55/><G25/><T41/><D41/><U72/><E72/><N who="2" m="43495" /><F27/><W80/><G116/><T69/><D69/><U20/><E66/><V111/><F34/><W21/><G12/><T45/><N who="0" m="11264" /><DORA hai="62" /><T17/><D17/><U26/><REACH who="1" step="1"/><E15/><REACH who="1" ten="330,150,310,200" step="2"/><V8/><F126/><W32/><G32/><T104/><D104/><U50/><E50/><V70/><F125/><W102/><G33/><T54/><D54/><U134/><E134/><V74/><F74/><W93/><G53/><T84/><D90/><U51/><E51/><V133/><F88/><W40/><G91/><T135/><D135/><U92/><E92/><V132/><F132/><W115/><G93/><T87/><AGARI ba="0,1" hai="64,67,84,86,87,108,109,110" m="11264,11825" machi="87" ten="60,24000,4" yaku="29,2,28,2,14,1,52,6" doraHai="24,94,62" who="0" fromWho="0" sc="330,250,150,-60,310,-120,200,-60" /><INIT seed="3,0,0,1,0,125" ten="580,90,190,140" oya="3" hai0="54,12,33,61,27,64,10,115,53,134,23,35,98" hai1="85,16,8,69,28,19,56,124,88,79,36,83,22" hai2="24,55,135,106,2,48,1,67,121,51,9,80,90" hai3="11,43,41,111,81,93,117,39,0,15,113,110,38"/><W49/><G113/><T40/><D115/><U26/><E124/><V5/><F106/><W29/><G0/><T132/><D40/><N who="3" m="15433" /><G29/><T73/><D73/><U130/><E69/><V37/><F37/><W99/><G81/><T92/><D35/><U86/><E36/><V89/><F1/><W46/><G117/><T129/><D33/><U21/><E130/><V131/><F131/><W45/><G49/><T82/><D82/><U7/><E56/><V96/><F48/><W30/><G30/><N who="0" m="17791" /><D129/><U59/><E59/><V63/><F80/><W108/><G39/><T103/><D12/><N who="1" m="5151" /><E22/><V91/><F121/><W94/><G38/><T57/><D10/><U60/><E60/><V58/><F24/><W114/><G114/><T17/><D17/><U72/><E72/><V47/><REACH who="2" step="1"/><F135/><AGARI ba="0,0" hai="53,54,57,61,64,92,98,103,132,134,135" m="17791" machi="135" ten="30,2000,0" yaku="25,1,20,1" doraHai="125" who="0" fromWho="2" sc="580,20,90,0,190,-20,140,0" /><INIT seed="4,0,0,4,0,72" ten="600,90,170,140" oya="0" hai0="44,46,121,132,127,80,60,57,85,55,96,91,100" hai1="110,106,108,31,19,6,67,93,34,4,25,20,26" hai2="65,30,133,113,35,83,47,135,8,24,79,18,124" hai3="131,74,1,48,125,28,36,75,119,22,12,3,97"/><T117/><D121/><U99/><E106/><V134/><F113/><W62/><G119/><T9/><D117/><U2/><E67/><V49/><F65/><W63/><G48/><T45/><D132/><U109/><REACH who="1" step="1"/><E2/><REACH who="1" ten="600,80,170,140" step="2"/><V102/><F135/><W112/><G1/><T123/><D123/><U116/><E116/><V107/><F134/><W17/><G3/><T88/><D127/><U95/><E95/><V130/><F124/><W40/><G125/><T58/><D9/><U64/><E64/><V82/><F107/><W0/><G0/><T114/><D114/><U38/><E38/><V81/><F133/><W115/><G36/><T128/><D128/><U66/><E66/><V43/><F130/><W13/><G131/><T37/><D58/><U51/><E51/><V41/><F49/><W120/><G120/><T29/><D29/><U27/><E27/><V94/><F24/><W16/><G28/><T111/><D111/><U105/><E105/><V53/><F8/><W129/><G129/><T11/><D11/><U61/><E61/><V39/><F39/><W7/><G63/><T50/><D37/><U33/><E33/><V32/><F94/><W70/><G62/><T101/><D60/><U89/><AGARI ba="0,1" hai="4,6,19,20,25,26,31,34,89,93,99,108,109,110" machi="89" ten="30,4000,0" yaku="1,1,0,1,53,1" doraHai="72" doraHaiUra="86" who="1" fromWho="1" sc="600,-20,80,50,170,-10,140,-10" /><INIT seed="5,0,0,3,0,122" ten="580,130,160,130" oya="1" hai0="6,53,128,118,19,54,116,58,10,95,73,107,15" hai1="87,133,89,99,108,11,130,48,5,42,21,4,2" hai2="113,24,46,79,93,60,77,83,8,88,123,0,57" hai3="65,34,64,7,120,55,129,61,67,62,98,40,101"/><U13/><E130/><V23/><F123/><W68/><G34/><T14/><D107/><U97/><E133/><V82/><F113/><W92/><G120/><T103/><D73/><U124/><E124/><V52/><F46/><W29/><G129/><T32/><D32/><U49/><E49/><V111/><F111/><W121/><G121/><T117/><D128/><U47/><E108/><V3/><F83/><W22/><G40/><T84/><D103/><U126/><E126/><V71/><F71/><W18/><G7/><T114/><D114/><U96/><E21/><V134/><F134/><W75/><G75/><T37/><D37/><U72/><E72/><V59/><F59/><W28/><G55/><T104/><D104/><U63/><E63/><N who="3" m="24074" /><G68/><T20/><D58/><U50/><E50/><V43/><F43/><W17/><G17/><T135/><D135/><U119/><E119/><V41/><F41/><W27/><AGARI ba="0,0" hai="18,22,27,28,29,64,65,67,92,98,101" m="24074" machi="27" ten="30,1100,0" yaku="8,1" doraHai="122" who="3" fromWho="3" sc="580,-3,130,-5,160,-3,130,11" /><INIT seed="6,0,0,3,3,38" ten="577,125,157,141" oya="2" hai0="56,77,83,10,60,119,51,25,3,14,106,71,52" hai1="73,15,26,62,31,24,92,90,65,100,78,133,129" hai2="53,128,54,98,61,112,28,47,11,18,131,102,34" hai3="94,27,0,109,113,101,20,6,108,7,48,117,32"/><V91/><F112/><W40/><G117/><T103/><D119/><U39/><E129/><V120/><F120/><W87/><G32/><T79/><D3/><U126/><E133/><V16/><F91/><W134/><G134/><T81/><D25/><U58/><E126/><V111/><F111/><W95/><G113/><T115/><D115/><U8/><E39/><V70/><F28/><W49/><G87/><T123/><D123/><U86/><E100/><V121/><F34/><W67/><G67/><T2/><D2/><U85/><E73/><V104/><F121/><W41/><G20/><T75/><D106/><U5/><E31/><V36/><F11/><W45/><G27/><T22/><D103/><U59/><REACH who="1" step="1"/><E58/><REACH who="1" ten="577,115,157,141" step="2"/><V17/><F131/><W64/><G101/><T82/><D75/><U130/><E130/><V116/><F128/><W76/><G108/><T122/><D122/><U46/><E46/><V80/><F116/><W35/><G45/><N who="0" m="27759" /><D71/><U125/><E125/><V66/><F47/><W19/><G109/><T44/><D44/><U13/><E13/><V33/><F36/><W42/><G0/><T12/><D22/><U97/><E97/><V69/><F69/><W93/><G35/><T105/><D105/><U72/><E72/><V43/><F33/><W135/><G135/><T132/><D132/><U63/><E63/><V124/><F124/><W23/><G23/><T68/><D68/><U1/><E1/><V84/><F70/><W88/><G41/><T99/><D99/><U114/><E114/><V127/><F43/><W96/><G40/><T50/><D14/><RYUUKYOKU ba="0,1" sc="577,-10,115,30,157,-10,141,-10" hai1="5,8,15,24,26,59,62,65,78,85,86,90,92" /><INIT seed="7,1,1,3,1,18" ten="567,145,147,131" oya="3" hai0="35,134,77,55,15,27,51,122,81,57,119,61,79" hai1="39,29,52,126,84,31,22,42,3,89,73,11,104" hai2="49,88,1,72,114,111,13,94,63,37,93,109,30" hai3="128,101,70,125,83,40,32,82,80,100,46,4,69"/><W108/><G32/><T53/><D122/><U5/><E104/><V99/><F37/><W110/><G128/><T12/><D119/><U19/><E73/><V113/><F1/><W14/><G125/><T97/><D134/><U117/><E126/><V74/><F30/><W43/><G14/><T115/><D115/><N who="2" m="44042" /><F49/><W118/><G4/><T106/><D106/><U8/><E8/><V75/><F63/><W28/><G28/><T65/><D97/><U16/><E19/><V127/><F127/><W50/><G118/><T107/><D107/><U21/><E21/><V17/><F94/><W34/><G34/><T38/><D38/><U120/><E120/><V98/><F98/><W133/><G133/><T95/><D95/><U102/><E102/><N who="3" m="39530" /><G40/><T116/><D116/><U112/><E42/><V86/><F99/><W66/><G66/><T90/><D35/><U2/><E2/><V56/><F56/><W23/><G23/><AGARI ba="1,1" hai="13,17,23,72,74,75,86,88,93,109,111" m="44042" machi="23" ten="40,5200,0" yaku="15,1,52,1,54,1" doraHai="18" who="2" fromWho="3" sc="567,0,145,0,147,65,131,-55" owari="567,66.0,145,-25.0,212,1.0,76,-42.0" /></mjloggm>