<mjloggm ver="2.3"><GO type="169" lobby="0"/><UN n0="%E3%83%94%E3%83%B3%E3%82%B5%E3%83%AD%E5%BA%97%E5%93%A1" n1="%E3%81%86%E3%81%A9%E3%82%93%E3%81%93" n2="%E3%83%9E%E3%83%AD%E3%81%A8%E3%82%B8%E3%83%BC%E3%83%8E" n3="%E3%81%9F%E3%81%84%E3%81%9B" dan="17,16,16,17" rate="2275.49,2142.51,2133.93,2190.32" sx="M,M,M,F"/><TAIKYOKU oya="0"/><INIT seed="0,0,0,4,4,0" ten="250,250,250,250" oya="0" hai0="49,11,123,120,10,8,54,86,46,80,117,87,83" hai1="81,104,63,51,58,74,101,16,130,20,45,109,73" hai2="55,69,124,114,71,78,25,98,84,126,14,88,27" hai3="43,103,99,82,48,53,94,40,60,133,31,134,26"/><T127/><D117/><U121/><E121/><V131/><F114/><W19/><G82/><T15/><D127/><N who="2" m="48682" /><F131/><W7/><G19/><T30/><D30/><U34/><E34/><V129/><F129/><W128/><G128/><T28/><D28/><U108/><E130/><V39/><F39/><W66/><G7/><T116/><D116/><U132/><E132/><V118/><F118/><W110/><G110/><N who="1" m="42602" /><E81/><N who="2" m="49167" /><F78/><W36/><G36/><T38/><D38/><U95/><E95/><V106/><F55/><W93/><G93/><T35/><D35/><U113/><E101/><N who="2" m="62775" /><F14/><W72/><G72/><T79/><REACH who="0" step="1"/><D15/><REACH who="0" ten="240,250,250,250" step="2"/><N who="1" m="9247" /><E113/><V22/><F27/><W33/><G133/><T70/><D70/><U9/><E74/><V42/><F42/><W64/><G134/><T68/><D68/><U77/><E73/><V17/><AGARI ba="0,1" hai="17,22,25,69,71" m="62775,49167,48682" machi="17" ten="30,2000,0" yaku="18,1,54,1" doraHai="0" who="2" fromWho="2" sc="240,-10,250,-5,250,30,250,-5" /><INIT seed="1,0,0,0,4,57" ten="230,245,280,245" oya="1" hai0="17,7,99,64,90,68,34,111,114,96,45,10,84" hai1="29,129,85,21,31,122,130,132,50,49,35,23,124" hai2="40,72,5,83,53,87,61,16,3,94,33,73,41" hai3="20,19,103,125,74,52,36,115,43,58,26,42,113"/><U76/><E122/><V127/><F33/><W120/><G120/><T133/><D114/><U51/><E124/><V13/><F127/><W135/><G125/><T48/><D34/><U25/><E132/><V65/><F53/><W118/><G135/><T100/><D111/><U11/><E11/><V116/><F116/><W62/><G118/><T131/><D131/><N who="1" m="50187" /><E31/><V32/><F32/><W46/><G74/><T108/><D17/><U8/><E8/><V107/><F107/><W67/><G103/><T93/><D108/><U38/><E38/><V60/><F94/><W63/><REACH who="3" step="1"/><G43/><REACH who="3" ten="230,245,280,235" step="2"/><T37/><D100/><U59/><E59/><AGARI ba="0,1" hai="19,20,26,36,42,46,52,58,59,62,63,67,113,115" machi="59" ten="30,12000,2" yaku="1,1,2,1,7,1,52,2,54,1,53,0" doraHai="57" doraHaiUra="27" who="3" fromWho="1" sc="230,0,245,-120,280,0,235,130" /><INIT seed="2,0,0,4,2,63" ten="230,125,280,365" oya="2" hai0="109,64,31,61,16,44,53,59,127,102,49,70,128" hai1="100,104,85,10,46,28,119,47,132,29,89,42,106" hai2="11,99,17,98,58,9,77,101,118,103,26,19,93" hai3="18,2,22,65,41,120,73,107,112,0,108,4,27"/><V38/><F118/><W51/><G120/><T79/><D109/><U1/><E119/><V8/><F38/><W115/><G108/><T113/><D113/><N who="3" m="43593" /><G73/><T116/><D116/><U97/><E106/><V25/><F77/><W135/><G135/><T7/><D128/><U30/><E132/><V122/><F122/><W86/><G107/><T80/><D127/><U60/><E42/><V12/><F58/><W48/><G86/><T71/><D31/><U96/><E96/><V87/><F87/><W23/><G65/><T91/><D7/><U67/><E10/><V43/><F43/><W76/><G76/><T110/><D102/><U121/><E1/><V131/><F131/><W15/><G41/><T129/><D91/><U6/><E6/><V105/><REACH who="2" step="1"/><F19/><REACH who="2" ten="230,125,270,365" step="2"/><N who="3" m="10623" /><G4/><T124/><D129/><U134/><E121/><V39/><F39/><W14/><G51/><T117/><D117/><U57/><REACH who="1" step="1"/><E134/><REACH who="1" ten="230,115,270,365" step="2"/><V35/><F35/><W123/><G123/><T40/><D110/><U81/><AGARI ba="0,2" hai="28,29,30,46,47,57,60,67,81,85,89,97,100,104" machi="81" ten="30,7900,0" yaku="1,1,2,1,0,1,52,1,53,0" doraHai="63" doraHaiUra="74" who="1" fromWho="1" sc="230,-20,115,99,270,-39,365,-20" /><INIT seed="3,0,0,4,3,126" ten="210,214,231,345" oya="3" hai0="26,92,7,65,38,58,28,103,39,133,29,73,98" hai1="69,50,83,128,115,130,54,20,1,120,124,67,40" hai2="43,62,66,37,112,49,94,47,101,17,72,59,55" hai3="93,42,35,32,51,88,48,19,8,2,33,89,61"/><W45/><G61/><N who="0" m="38071" /><D29/><U97/><E120/><V114/><F72/><W91/><G51/><T116/><D116/><U52/><E124/><V10/><F101/><W90/><G19/><T76/><D7/><U117/><E115/><V79/><F79/><W127/><G127/><T131/><D133/><U107/><E1/><V118/><F94/><W123/><G123/><T14/><D14/><U96/><E117/><V119/><F10/><W30/><G8/><T134/><D131/><N who="1" m="50219" /><E40/><V82/><F82/><W3/><REACH who="3" step="1"/><G30/><REACH who="3" ten="210,214,231,335" step="2"/><T41/><D134/><U60/><E50/><V102/><F17/><W53/><G53/><N who="1" m="20586" /><E107/><V105/><F105/><W9/><G9/><T132/><D132/><U46/><E46/><V12/><F119/><W63/><G63/><T0/><D41/><U18/><E83/><V36/><F118/><W85/><AGARI ba="0,1" hai="2,3,32,33,35,42,45,48,85,88,89,90,91,93" machi="85" ten="40,7800,0" yaku="1,1,0,1,54,1,53,0" doraHai="126" doraHaiUra="125" who="3" fromWho="3" sc="210,-26,214,-26,231,-26,335,88" /><INIT seed="3,1,0,5,2,52" ten="184,188,205,423" oya="3" hai0="105,12,58,29,22,3,54,16,36,114,14,85,89" hai1="72,133,8,112,76,134,20,64,38,25,128,30,77" hai2="119,24,6,41,45,69,104,43,80,103,125,97,96" hai3="47,59,73,113,78,39,44,106,74,51,99,9,46"/><W19/><G113/><T55/><D3/><U83/><E112/><V27/><F119/><W98/><G39/><T32/><D114/><U37/><E77/><V87/><F125/><W53/><G78/><T100/><D36/><U11/><E128/><V60/><F6/><W102/><REACH who="3" step="1"/><G98/><REACH who="3" ten="184,188,205,413" step="2"/><T132/><D132/><U33/><E38/><V42/><F97/><W122/><G122/><T4/><D105/><U68/><E37/><V18/><F96/><W75/><G75/><T116/><D116/><U26/><E133/><V62/><F104/><W40/><G40/><T79/><D79/><U0/><E134/><V35/><F43/><W95/><G95/><T124/><D124/><U111/><E76/><V108/><F42/><W23/><G23/><T120/><D120/><U117/><E72/><V88/><F41/><W63/><G63/><T121/><D121/><U48/><E117/><V131/><F62/><W91/><G91/><T115/><D115/><U129/><E20/><V50/><F60/><W49/><G49/><T70/><D22/><U1/><E48/><V66/><F88/><W101/><G101/><T127/><D89/><U21/><E21/><V65/><F50/><W71/><G71/><T17/><D70/><U130/><E68/><V5/><F103/><W15/><AGARI ba="1,1" hai="9,15,19,44,46,47,51,53,59,73,74,99,102,106" machi="15" ten="30,6000,0" yaku="1,1,0,1,52,1,53,0" doraHai="52" doraHaiUra="81" who="3" fromWho="3" sc="184,-21,188,-21,205,-21,413,73" /><INIT seed="3,2,0,0,0,107" ten="163,167,184,486" oya="3" hai0="90,114,64,127,120,80,135,10,103,102,19,48,29" hai1="30,52,60,34,105,115,6,54,4,71,17,58,68" hai2="22,93,32,91,84,50,38,126,110,116,53,0,45" hai3="119,133,69,56,24,123,129,21,74,132,26,97,33"/><W41/><G123/><T20/><D120/><U88/><E115/><V99/><F116/><W125/><G119/><T111/><D111/><U25/><E105/><V100/><F110/><W134/><G69/><T98/><D135/><U23/><E68/><V109/><F109/><W47/><G33/><T128/><D128/><U131/><E131/><V46/><F126/><W75/><G129/><T94/><D127/><U37/><E37/><V36/><F32/><W66/><G125/><T18/><D64/><U42/><E42/><V61/><F0/><W43/><G97/><T15/><D29/><U106/><E106/><V81/><F61/><N who="3" m="38183" /><G41/><T12/><D114/><U2/><E71/><V1/><F1/><W92/><G92/><T82/><REACH who="0" step="1"/><D48/><REACH who="0" ten="153,167,184,486" step="2"/><U117/><E117/><V86/><F38/><N who="3" m="22007" /><G24/><T16/><D16/><AGARI ba="2,1" hai="16,21,26,74,75,132,133,134" m="22007,38183" machi="16" ten="30,11600,0" yaku="20,1,52,2,54,1" doraHai="107" who="3" fromWho="0" sc="153,-122,167,0,184,0,486,132" /><INIT seed="3,3,0,1,4,75" ten="31,167,184,618" oya="3" hai0="105,94,112,65,27,69,81,14,103,61,107,26,71" hai1="38,126,97,1,121,90,122,15,62,72,11,131,3" hai2="70,74,83,59,56,108,128,5,66,36,29,85,19" hai3="58,113,30,82,125,91,95,123,100,115,12,110,8"/><W77/><G123/><T32/><D112/><U118/><E62/><V34/><F128/><W9/><G125/><T98/><D71/><U133/><E90/><V39/><F108/><W7/><G110/><T76/><D14/><U96/><E15/><V43/><F74/><W129/><G129/><T79/><D79/><U84/><E84/><V22/><F5/><W49/><G100/><T109/><D109/><U78/><E11/><V42/><F34/><W120/><G30/><T130/><D130/><U63/><E63/><V73/><F73/><W37/><G37/><T88/><D32/><U102/><E96/><V99/><F99/><W116/><G120/><N who="1" m="46186" /><E131/><V53/><F29/><W57/><G116/><T68/><D68/><U124/><E38/><V55/><F70/><W114/><G49/><T35/><D35/><U51/><E51/><N who="2" m="30783" /><F66/><W104/><G104/><T119/><D119/><U24/><E24/><N who="2" m="14431" /><F39/><W80/><G9/><T64/><D64/><U89/><E118/><V45/><F45/><W48/><G48/><T92/><D107/><N who="1" m="63951" /><E89/><N who="2" m="51391" /><F36/><W33/><G33/><T101/><D105/><U54/><E54/><V47/><F47/><W106/><G106/><T0/><D0/><N who="1" m="75" /><E133/><V87/><F87/><N who="3" m="48527" /><G95/><T41/><D94/><U20/><E20/><V117/><F117/><W52/><G52/><T2/><D2/><U31/><E31/><V16/><F16/><W86/><G113/><T23/><D41/><U44/><E44/><V132/><F132/><W10/><G10/><T40/><D40/><U13/><E72/><V111/><F111/><W67/><G67/><T135/><D65/><RYUUKYOKU ba="3,0" sc="31,-15,167,-15,184,15,618,15" hai2="42,43,55,59" hai3="7,8,12,57,58,82,86,91,114,115" /><INIT seed="3,4,0,2,1,73" ten="16,152,199,633" oya="3" hai0="86,57,97,90,51,76,28,100,38,35,87,10,31" hai1="75,32,27,107,6,69,40,41,48,103,54,96,39" hai2="33,46,79,124,121,62,56,95,25,70,2,11,92" hai3="112,71,7,106,129,104,1,89,66,60,55,91,16"/><W118/><G118/><T34/><D38/><U111/><E111/><V4/><F124/><W81/><G112/><T30/><D10/><U134/><E134/><V52/><F121/><W116/><G116/><T50/><D87/><U109/><E109/><V44/><F70/><W82/><G129/><T108/><D108/><U65/><E75/><V49/><F79/><W58/><G7/><T93/><D76/><U133/><E133/><V12/><F2/><W9/><G1/><T64/><D35/><U101/><E101/><V67/><REACH who="2" step="1"/><F46/><REACH who="2" ten="16,152,189,633" step="2"/><W135/><G135/><T42/><D34/><U36/><E69/><V114/><F114/><W117/><G117/><T13/><D13/><U8/><E32/><V21/><F21/><W83/><G71/><T68/><D68/><U85/><E8/><V26/><F26/><W78/><G78/><T47/><D64/><U63/><E27/><V80/><F80/><W24/><G66/><T18/><D18/><U110/><E65/><V113/><F113/><W105/><REACH who="3" step="1"/><G24/><REACH who="3" ten="16,152,189,623" step="2"/><T77/><D77/><U5/><E5/><V15/><F15/><AGARI ba="4,2" hai="9,15,16,55,58,60,81,82,83,89,91,104,105,106" machi="15" ten="50,9600,0" yaku="1,1,2,1,54,1,53,0" doraHai="73" doraHaiUra="20" who="3" fromWho="2" sc="16,0,152,0,189,-108,623,128" /><INIT seed="3,5,0,4,5,128" ten="16,152,81,751" oya="3" hai0="6,42,56,135,84,109,101,12,91,78,35,133,88" hai1="18,2,121,68,97,76,36,102,111,48,13,80,129" hai2="79,32,120,66,54,71,85,59,105,131,77,95,90" hai3="27,5,118,57,67,126,1,0,119,44,117,132,41"/><W34/><G126/><T14/><D35/><U24/><E36/><V51/><F131/><W103/><G103/><T53/><D42/><U116/><E121/><V72/><F120/><W30/><G57/><T33/><D33/><U23/><E129/><V31/><F72/><W81/><G67/><T73/><D101/><U50/><E2/><V37/><F105/><W55/><G55/><T94/><D109/><U114/><E114/><V52/><F37/><W75/><G5/><T4/><D78/><U123/><E111/><V89/><F89/><W17/><G17/><T96/><D73/><U21/><E68/><V98/><F98/><W22/><G22/><T100/><D4/><U65/><E65/><V7/><F7/><W60/><G60/><N who="0" m="35855" /><D6/><U16/><E116/><V9/><F9/><W107/><G107/><N who="0" m="63879" /><D91/><U39/><E39/><V83/><F79/><N who="3" m="44287" /><G41/><T25/><D25/><U20/><E20/><V93/><F77/><W86/><G86/><T82/><D82/><U104/><REACH who="1" step="1"/><E123/><REACH who="1" ten="16,142,81,751" step="2"/><V130/><F130/><W15/><G1/><T74/><D74/><AGARI ba="5,1" hai="13,16,18,21,23,24,48,50,74,76,80,97,102,104" machi="74" ten="30,7700,0" yaku="1,1,2,1,7,1,54,1,53,0" doraHai="128" doraHaiUra="64" who="1" fromWho="0" sc="16,-92,142,102,81,0,751,0" owari="-76,-58.0,244,4.0,81,-32.0,751,86.0" /></mjloggm>