<mjloggm ver="2.3"><GO type="169" lobby="0"/><UN n0="%E7%B4%AB%E3%81%AE%E9%8F%A1" n1="%41%4C%50%45%52%49%4E" n2="%39%2D%62%61%79" n3="%E3%81%92%E3%82%93%E3%81%BE%E3%81%84" dan="18,18,17,16" rate="2348.11,2223.84,2113.73,2123.86" sx="M,M,M,M"/><TAIKYOKU oya="0"/><INIT seed="0,0,0,5,4,116" ten="250,250,250,250" oya="0" hai0="135,41,18,68,122,38,30,94,6,52,96,13,31" hai1="70,100,88,14,76,84,54,127,24,115,92,80,39" hai2="44,62,63,65,66,15,55,101,75,3,43,132,49" hai3="26,69,82,106,114,58,9,117,33,11,57,99,77"/><T119/><D119/><U73/><E39/><V47/><F3/><W60/><G117/><T46/><D68/><U8/><E70/><V20/><F75/><W27/><G114/><T35/><D122/><U71/><E71/><V56/><F101/><W50/><G58/><T45/><D6/><U108/><E108/><V131/><F131/><W21/><G50/><T126/><D35/><U130/><E130/><V104/><F104/><W121/><G69/><T111/><D135/><U28/><E127/><V19/><F132/><W109/><G33/><T98/><D98/><U133/><E133/><V37/><REACH who="2" step="1"/><F63/><REACH who="2" ten="250,250,240,250" step="2"/><W0/><G0/><T16/><D126/><U93/><E100/><V105/><F105/><W67/><G106/><T120/><D111/><U72/><E72/><V23/><F23/><W34/><G34/><T78/><D120/><U42/><E73/><V102/><F102/><W81/><G109/><T97/><D97/><U90/><E115/><V29/><F29/><W95/><G121/><T64/><D31/><U53/><E28/><V86/><F86/><W128/><G128/><T118/><D30/><U1/><E1/><V123/><F123/><W113/><G113/><T10/><D96/><U12/><E84/><V107/><F107/><W89/><G21/><T129/><D129/><U32/><E32/><V79/><F79/><W51/><G77/><T17/><D78/><U40/><E76/><V134/><F134/><W85/><G85/><T112/><D112/><U125/><E125/><V7/><F7/><W74/><G74/><T110/><D110/><U91/><E90/><RYUUKYOKU ba="0,1" sc="250,-10,250,-10,240,30,250,-10" hai2="15,19,20,37,43,44,47,49,55,56,62,65,66" /><INIT seed="1,1,1,1,2,42" ten="240,240,270,240" oya="1" hai0="125,48,130,64,105,109,20,0,15,14,74,123,88" hai1="31,79,27,82,132,44,90,111,126,33,69,4,89" hai2="22,120,94,30,39,35,115,101,51,17,87,41,9" hai3="3,131,10,135,75,133,70,52,106,99,8,16,121"/><U26/><E69/><V114/><F120/><W86/><G75/><T129/><D0/><U18/><E126/><V65/><F39/><W7/><G121/><T127/><D74/><U36/><E132/><N who="3" m="50762" /><G70/><T110/><D105/><U97/><E111/><N who="0" m="42505" /><D123/><U12/><E4/><V134/><F65/><W78/><G131/><N who="0" m="50187" /><D64/><U91/><E27/><V57/><F9/><W100/><G78/><T98/><D48/><U122/><E122/><V38/><F38/><W5/><G86/><T54/><D54/><U124/><E124/><N who="0" m="47689" /><D20/><U11/><E97/><V58/><F134/><W85/><G3/><T77/><D77/><U53/><E53/><V66/><F66/><W40/><G52/><T84/><D98/><U61/><E61/><V93/><F41/><W81/><G40/><T29/><D29/><U72/><REACH who="1" step="1"/><E36/><REACH who="1" ten="240,230,270,240" step="2"/><V24/><F51/><W73/><G99/><T107/><D107/><U118/><E118/><V23/><F58/><W19/><G106/><T49/><D49/><U116/><E116/><V56/><F56/><W13/><G5/><T25/><D25/><U43/><E43/><V71/><F57/><W117/><G7/><T32/><D32/><U50/><E50/><V113/><F35/><W80/><G117/><T21/><D21/><U112/><E112/><V47/><F71/><W119/><G119/><T62/><D62/><U104/><E104/><V76/><F115/><W1/><G1/><T63/><D63/><U28/><E28/><V2/><F2/><W46/><G19/><T92/><AGARI ba="1,2" hai="14,15,84,88,92" m="47689,50187,42505" machi="92" ten="40,8000,1" yaku="14,1,19,1,18,1,54,1" doraHai="42" who="0" fromWho="0" sc="240,103,230,-41,270,-21,240,-21" /><INIT seed="2,0,0,4,5,73" ten="343,189,249,219" oya="2" hai0="26,99,124,98,111,66,107,121,25,58,74,24,20" hai1="84,97,123,35,112,29,88,2,49,114,56,53,76" hai2="131,30,96,102,3,11,17,106,39,68,38,108,93" hai3="105,48,109,50,55,81,33,54,95,100,34,52,94"/><V10/><F131/><W8/><G109/><T47/><D121/><U125/><E2/><V44/><F108/><W128/><G128/><T5/><D111/><U18/><E123/><V32/><F68/><W120/><G120/><T63/><D124/><U83/><E125/><V117/><F117/><W4/><G105/><T6/><D74/><U133/><E133/><V90/><F11/><W103/><G34/><T113/><D113/><U61/><E35/><V42/><F32/><W9/><G33/><T135/><D135/><U104/><E29/><V67/><F67/><W65/><G65/><T118/><D118/><U7/><E7/><N who="0" m="2569" /><D107/><U57/><E18/><V36/><F30/><W134/><G134/><T46/><D20/><U75/><E97/><AGARI ba="0,0" hai="24,25,26,46,47,58,63,66,97,98,99" m="2569" machi="97" ten="30,1000,0" yaku="8,1" doraHai="73" who="0" fromWho="1" sc="343,10,189,-10,249,0,219,0" /><INIT seed="3,0,0,0,3,38" ten="353,179,249,219" oya="3" hai0="128,13,114,22,120,5,33,58,19,68,98,24,69" hai1="134,100,135,54,126,50,18,86,28,73,116,12,110" hai2="92,74,41,36,60,44,127,81,25,84,124,104,72" hai3="107,35,3,63,85,52,56,121,6,2,1,95,111"/><W129/><G107/><T94/><D120/><U78/><E110/><V51/><F104/><W130/><G121/><T117/><D117/><U48/><E73/><V17/><F92/><W21/><G35/><T108/><D108/><U40/><E126/><N who="2" m="48171" /><F60/><W123/><G123/><T9/><D128/><N who="3" m="49257" /><G111/><T88/><D114/><U37/><E116/><V46/><F17/><W62/><G21/><T122/><D122/><U16/><E28/><V23/><F23/><W53/><G6/><T93/><D33/><U43/><E100/><V115/><F25/><W26/><G26/><T14/><D58/><N who="1" m="33095" /><E37/><V4/><F4/><W103/><G103/><T90/><REACH who="0" step="1"/><D24/><REACH who="0" ten="343,179,249,219" step="2"/><U119/><E119/><V82/><F115/><W77/><G1/><T113/><D113/><U47/><E135/><V49/><F36/><W32/><G32/><T79/><D79/><U57/><E134/><V0/><F0/><W112/><G112/><T96/><AGARI ba="0,1" hai="5,9,13,14,19,22,68,69,88,90,93,94,96,98" machi="96" ten="20,8000,1" yaku="1,1,0,1,7,1,9,1,54,1,53,0" doraHai="38" doraHaiUra="101" who="0" fromWho="0" sc="343,90,179,-20,249,-20,219,-40" /><INIT seed="4,0,0,4,3,57" ten="433,159,229,179" oya="0" hai0="61,27,102,103,15,120,123,101,128,129,112,10,56" hai1="22,9,14,107,3,94,118,113,39,17,86,50,91" hai2="44,121,125,52,65,47,115,100,88,1,76,38,122" hai3="23,79,45,87,77,5,67,37,20,104,42,78,49"/><T53/><D112/><U35/><E39/><V109/><F1/><W132/><G104/><T30/><D120/><U29/><E118/><V130/><F115/><W46/><G132/><T51/><D123/><U8/><E107/><V131/><F100/><W81/><G5/><T133/><D51/><U135/><E113/><V19/><F76/><W119/><G119/><T58/><D58/><U18/><E135/><V11/><F65/><W16/><G67/><T127/><D127/><U116/><E116/><V98/><F109/><W31/><G31/><T89/><D89/><U72/><E72/><V33/><F33/><W90/><REACH who="3" step="1"/><G16/><REACH who="3" ten="433,159,229,169" step="2"/><T84/><D133/><U71/><E29/><V73/><F122/><W96/><G96/><T34/><REACH who="0" step="1"/><D84/><REACH who="0" ten="423,159,229,169" step="2"/><U111/><E86/><V54/><F121/><W48/><G48/><T7/><AGARI ba="0,2" hai="7,10,15,27,30,34,53,56,61,101,102,103,128,129" machi="7" ten="30,11700,0" yaku="1,1,2,1,0,1,52,1,53,0" doraHai="57" doraHaiUra="114" who="0" fromWho="0" sc="423,137,159,-39,229,-39,169,-39" /><INIT seed="4,1,0,0,0,83" ten="560,120,190,130" oya="0" hai0="115,79,113,52,100,53,124,80,127,89,122,12,46" hai1="108,102,10,31,8,43,116,19,78,65,134,99,118" hai2="4,38,96,87,18,75,58,32,2,110,98,120,60" hai3="42,48,76,84,40,59,85,35,109,81,7,128,44"/><T26/><D122/><U103/><E108/><V97/><F75/><W77/><G109/><T34/><D100/><U1/><E134/><V86/><F38/><W22/><G35/><T129/><D129/><U57/><E43/><V13/><F32/><W133/><G133/><T39/><D89/><U15/><E31/><V71/><F71/><W16/><G128/><T101/><D101/><U62/><E78/><V36/><F36/><W135/><G135/><T50/><D39/><U104/><REACH who="1" step="1"/><E103/><REACH who="1" ten="560,110,190,130" step="2"/><V107/><F110/><W82/><G42/><T119/><D79/><U54/><E54/><V126/><F120/><W72/><G72/><T95/><D52/><U47/><E47/><V111/><F111/><W132/><G132/><T33/><D53/><U56/><E56/><V45/><F45/><W67/><G59/><T123/><D46/><U14/><E14/><V112/><F2/><W17/><G67/><T11/><D12/><U9/><E9/><N who="2" m="4263" /><F112/><W131/><G131/><T3/><D11/><U91/><E91/><V121/><F121/><W29/><G7/><AGARI ba="1,1" hai="1,7,8,10,15,19,57,62,65,99,102,104,116,118" machi="7" ten="40,1300,0" yaku="1,1,53,0" doraHai="83" doraHaiUra="41" who="1" fromWho="3" sc="560,0,110,26,190,0,130,-16" /><INIT seed="5,0,0,2,2,70" ten="560,136,190,114" oya="1" hai0="131,12,78,37,135,75,102,17,92,91,11,48,13" hai1="38,43,127,96,6,21,0,16,115,4,120,2,25" hai2="125,117,133,79,130,71,109,81,122,58,45,104,29" hai3="41,83,62,34,82,80,55,116,69,66,30,103,123"/><U100/><E120/><V121/><F71/><W20/><G123/><T110/><D110/><U93/><E115/><V10/><F109/><W18/><G116/><T73/><D37/><U72/><E72/><V105/><F29/><W85/><G41/><T118/><D118/><U63/><E127/><V24/><F24/><W22/><G85/><T52/><D131/><U33/><E33/><V53/><F117/><W35/><G55/><T36/><D36/><U42/><E63/><V129/><F45/><W59/><G69/><T14/><D102/><U50/><E50/><V89/><F89/><W101/><G20/><T124/><D135/><U126/><E126/><V9/><F133/><W95/><G30/><T40/><D40/><U97/><E97/><V111/><F9/><W76/><G76/><T68/><D68/><U49/><E49/><N who="2" m="31023" /><F10/><W119/><G119/><T65/><D65/><U132/><E43/><V15/><F15/><W46/><G46/><T128/><D128/><N who="2" m="49258" /><F111/><W74/><G103/><T47/><D124/><U61/><E61/><V98/><F125/><W28/><G18/><T84/><D75/><U31/><E132/><V56/><F56/><W5/><G5/><T7/><D7/><U26/><E6/><V32/><F32/><W60/><G60/><T57/><D47/><N who="1" m="24023" /><E4/><V87/><F105/><W114/><G74/><T90/><REACH who="0" step="1"/><D91/><REACH who="0" ten="550,136,190,114" step="2"/><U1/><E1/><V23/><F122/><W112/><G112/><T77/><D77/><U54/><E54/><V51/><F121/><W106/><G114/><T108/><D108/><U27/><E31/><V39/><F79/><RYUUKYOKU ba="0,1" sc="550,15,136,15,190,-15,114,-15" hai0="11,12,13,14,17,48,52,57,73,78,84,90,92" hai1="0,2,16,21,25,26,27,93,96,100" /><INIT seed="5,1,1,4,2,46" ten="565,151,175,99" oya="1" hai0="33,0,24,50,14,79,90,108,2,85,55,125,19" hai1="111,35,105,45,84,69,82,121,132,48,81,22,135" hai2="28,49,29,94,3,130,47,113,91,11,127,8,54" hai3="95,34,39,40,58,77,31,78,104,118,38,37,52"/><U119/><E35/><V102/><F130/><W86/><G104/><T62/><D108/><U72/><E119/><V56/><F127/><W23/><G34/><T26/><D79/><U80/><E121/><V76/><F113/><W75/><G118/><T97/><D97/><U126/><E69/><V123/><F123/><W18/><G31/><N who="2" m="11849" /><F3/><W133/><G40/><T98/><D98/><U65/><E105/><V66/><F76/><W10/><G10/><T103/><D103/><U25/><E126/><V16/><F102/><W87/><G133/><N who="1" m="51274" /><E65/><V1/><F1/><W12/><G75/><T6/><D33/><U128/><E72/><V64/><F47/><W110/><G110/><T15/><D125/><U17/><E128/><V41/><F41/><W7/><G7/><T93/><D6/><U131/><E131/><V42/><F42/><W117/><G87/><T74/><D74/><U53/><E111/><V71/><F11/><W96/><G117/><T124/><D124/><U83/><E83/><V70/><F70/><W4/><G4/><T101/><D93/><U43/><E43/><V129/><F71/><W20/><G20/><T122/><D122/><U73/><E73/><V100/><F100/><W107/><G107/><T116/><D116/><U109/><E109/><V67/><F129/><W30/><G30/><T21/><D101/><U88/><AGARI ba="1,1" hai="17,22,25,45,48,53,80,81,82,84,88" m="51274" machi="88" ten="30,6000,0" yaku="20,1,52,1,54,1" doraHai="46" who="1" fromWho="1" sc="565,-21,151,73,175,-21,99,-21" /><INIT seed="5,2,0,0,5,116" ten="544,224,154,78" oya="1" hai0="93,72,94,80,69,81,57,26,45,71,56,60,34" hai1="9,3,135,114,53,10,100,92,82,55,46,74,111" hai2="22,59,65,98,95,12,31,87,1,78,121,52,127" hai3="27,107,24,66,133,86,106,25,35,33,20,54,4"/><U109/><E114/><V11/><F127/><W40/><G66/><T6/><D6/><U102/><E135/><V89/><F121/><W63/><G40/><T18/><D45/><U29/><E29/><V0/><F65/><W23/><G133/><T37/><D37/><U50/><E55/><V125/><F125/><W110/><G110/><N who="1" m="41994" /><E92/><V2/><F31/><W68/><G68/><T70/><D34/><U128/><E128/><V104/><F22/><W120/><G86/><T101/><D94/><U47/><E47/><V30/><F30/><W112/><G112/><T79/><D93/><U39/><E39/><V85/><F78/><W130/><G130/><T67/><D101/><N who="1" m="39019" /><E3/><V103/><F87/><W88/><G54/><T115/><D115/><U19/><E19/><V44/><F44/><W119/><G119/><T51/><D18/><U38/><E38/><V77/><F77/><AGARI ba="2,0" hai="9,10,46,50,53,74,77,82" m="39019,41994" machi="77" ten="30,1500,0" yaku="10,1" doraHai="116" who="1" fromWho="2" sc="544,0,224,21,154,-21,78,0" /><INIT seed="5,3,0,1,4,22" ten="544,245,133,78" oya="1" hai0="129,122,69,126,32,9,109,121,91,46,52,53,49" hai1="114,68,30,133,77,97,125,3,37,19,113,16,104" hai2="120,25,80,95,64,61,78,55,11,93,132,15,82" hai3="117,27,21,38,94,4,88,29,28,131,66,34,74"/><U119/><E119/><V51/><F120/><W87/><G38/><T44/><D109/><U48/><E37/><V116/><F116/><W127/><G117/><T8/><D129/><U0/><E68/><V130/><F132/><W33/><G131/><T56/><D69/><U20/><E77/><V70/><F130/><W12/><G74/><T115/><D32/><U124/><E48/><V1/><F1/><N who="1" m="585" /><E97/><V10/><F10/><W45/><G127/><N who="1" m="48714" /><E104/><V108/><F25/><W5/><G66/><T79/><D79/><U110/><E110/><V41/><F82/><W92/><G45/><T96/><D49/><U54/><E54/><V6/><F108/><W26/><G94/><T85/><D96/><U105/><E105/><V86/><REACH who="2" step="1"/><F41/><REACH who="2" ten="544,245,123,78" step="2"/><W99/><G99/><T76/><D126/><U47/><E133/><V43/><F43/><W65/><G65/><T101/><D122/><U35/><E35/><V58/><AGARI ba="3,1" hai="6,11,15,51,55,58,61,64,70,78,80,86,93,95" machi="58" ten="20,2700,0" yaku="1,1,0,1,7,1,53,0" doraHai="22" doraHaiUra="118" who="2" fromWho="2" sc="544,-10,245,-16,123,46,78,-10" /><INIT seed="6,0,0,2,2,66" ten="534,229,169,68" oya="2" hai0="3,105,113,41,51,29,64,98,21,131,126,14,27" hai1="16,63,8,31,12,18,36,135,53,47,6,23,109" hai2="104,119,69,70,76,19,133,33,78,46,10,114,5" hai3="2,35,102,108,85,55,73,56,134,67,127,17,40"/><V49/><F119/><W101/><G73/><T4/><D3/><U60/><E109/><V0/><F104/><W74/><G74/><T57/><D113/><U44/><E135/><V116/><F116/><W132/><G108/><T110/><D110/><U124/><E124/><V75/><F133/><N who="3" m="51307" /><G2/><T11/><D131/><U77/><E77/><V50/><F114/><W83/><G35/><T91/><D126/><U13/><E36/><V39/><F33/><W122/><G122/><T42/><D105/><U32/><E32/><V79/><F75/><W86/><G127/><T81/><D98/><U38/><E38/><V106/><F106/><W25/><G40/><T93/><D81/><U62/><E31/><V28/><F28/><W52/><G67/><T99/><D64/><U100/><E100/><N who="3" m="38506" /><G83/><T65/><D65/><U115/><E115/><V43/><REACH who="2" step="1"/><F19/><REACH who="2" ten="534,229,159,68" step="2"/><W34/><G55/><AGARI ba="0,1" hai="4,11,14,21,27,29,41,42,51,55,57,91,93,99" machi="55" ten="40,1300,0" yaku="8,1" doraHai="66" who="0" fromWho="3" sc="534,23,229,0,159,0,68,-13" /><INIT seed="7,0,0,3,2,80" ten="557,229,159,55" oya="3" hai0="21,39,19,4,104,130,135,68,83,41,123,124,91" hai1="81,78,28,11,16,65,69,20,127,22,49,59,0" hai2="8,121,62,12,132,114,107,10,45,48,105,34,25" hai3="125,67,109,95,52,76,97,115,72,111,84,70,103"/><W66/><G115/><T14/><D68/><U119/><E69/><V63/><F114/><W93/><G125/><T87/><D104/><U75/><E127/><V102/><F132/><W29/><G29/><T110/><D110/><N who="3" m="41993" /><G70/><T38/><D123/><U118/><E28/><V35/><F25/><W73/><G67/><T106/><D106/><U36/><E36/><V99/><F121/><W6/><G6/><T100/><D100/><U126/><E126/><V98/><F12/><W120/><G66/><T44/><D130/><U32/><E32/><V85/><F45/><W79/><G52/><T18/><D135/><U129/><E129/><V2/><F2/><W64/><G64/><T116/><D116/><N who="1" m="44587" /><E16/><V1/><F1/><W9/><G9/><T3/><D19/><U40/><E65/><V26/><F35/><W92/><G120/><T96/><D124/><U47/><E59/><V27/><F34/><W60/><G60/><T13/><D3/><U117/><E117/><V56/><F56/><W90/><G93/><T58/><D4/><AGARI ba="0,0" hai="0,4,11,20,22,40,47,49,75,78,81" m="44587" machi="4" ten="30,1000,0" yaku="12,1" doraHai="80" who="1" fromWho="0" sc="557,-10,229,10,159,0,55,0" owari="547,64.0,239,4.0,159,-24.0,55,-44.0" /></mjloggm>