<mjloggm ver="2.3"><GO type="169" lobby="0"/><UN n0="%E8%B1%A1" n1="%E5%85%A8%E4%BD%93%E6%80%A7%E3%81%A8%E7%84%A1%E9%99%90" n2="%E3%83%A1%E3%82%BF%E3%83%93%E3%83%BC%E3%83%88" n3="%E3%83%90%E3%82%AD" dan="17,16,18,17" rate="2176.52,2153.02,2270.96,2200.94" sx="M,M,M,M"/><TAIKYOKU oya="0"/><INIT seed="0,0,0,5,3,100" ten="250,250,250,250" oya="0" hai0="0,119,108,76,113,10,91,120,65,71,30,22,46" hai1="94,83,135,28,50,64,51,21,75,27,35,20,116" hai2="96,134,31,36,110,93,126,122,5,80,88,68,104" hai3="103,84,42,26,13,79,23,11,3,54,39,9,111"/><T55/><D113/><U127/><E116/><V87/><F36/><W33/><G33/><T62/><D119/><U112/><E127/><V105/><F68/><W97/><G111/><T130/><D120/><U102/><E135/><V118/><F118/><W60/><G3/><T81/><D130/><U45/><E51/><V16/><F122/><W123/><G123/><T37/><D108/><U19/><E64/><V131/><F110/><W66/><G54/><T38/><D91/><U125/><E125/><V40/><F40/><W73/><G73/><T85/><D30/><U117/><E112/><V59/><F126/><W24/><G84/><T6/><D22/><U4/><E4/><V63/><F5/><W61/><G79/><T1/><D1/><U18/><E83/><V90/><F134/><W15/><G42/><T89/><REACH who="0" step="1"/><D76/><REACH who="0" ten="240,250,250,250" step="2"/><U109/><E21/><V92/><F31/><W74/><G23/><T7/><D7/><U101/><E20/><V53/><F131/><W67/><G103/><T78/><D78/><U114/><E101/><V70/><F16/><W86/><G9/><T98/><D98/><U69/><E18/><V25/><F25/><W8/><G97/><T57/><D57/><U12/><E109/><V44/><F70/><W2/><G2/><T34/><D34/><U121/><E69/><V56/><F56/><W32/><G32/><T99/><D99/><U124/><E114/><V72/><F44/><W129/><G129/><T115/><D115/><U82/><E124/><V128/><F128/><W77/><G26/><T132/><D132/><U17/><E121/><RYUUKYOKU ba="0,1" sc="240,15,250,-15,250,15,250,-15" hai0="0,6,10,37,38,46,55,62,65,71,81,85,89" hai2="53,59,63,72,80,87,88,90,92,93,96,104,105" /><INIT seed="0,1,1,1,3,135" ten="255,235,265,235" oya="0" hai0="41,106,70,121,23,122,38,83,5,131,37,59,40" hai1="39,115,84,102,118,52,76,98,26,79,43,65,69" hai2="18,66,57,96,36,11,6,112,99,77,20,86,68" hai3="109,81,46,13,47,48,30,129,61,50,33,51,114"/><T117/><D117/><U53/><E118/><V31/><F68/><W95/><G114/><T34/><D34/><U24/><E39/><V49/><F36/><W22/><G33/><T12/><D70/><U92/><E43/><V56/><F31/><W10/><G109/><T17/><D106/><U91/><E115/><V55/><F112/><W105/><G105/><T132/><D132/><U89/><E65/><V42/><F42/><W54/><G129/><T21/><D59/><U127/><E127/><V126/><F126/><W3/><G3/><T78/><D5/><U90/><E69/><V133/><F77/><N who="1" m="29769" /><E84/><V14/><F86/><W74/><G95/><T128/><D78/><U107/><E107/><V16/><F133/><W71/><G81/><T27/><D83/><U110/><E110/><V87/><F87/><W67/><G74/><T94/><D94/><U28/><E28/><V32/><F32/><W44/><G30/><T97/><D97/><N who="2" m="37450" /><F20/><W113/><G22/><T1/><D1/><U15/><E15/><V9/><F9/><W101/><G113/><T125/><D125/><U124/><E124/><V2/><F2/><W80/><G80/><T134/><D134/><U111/><E111/><V93/><F93/><W60/><G10/><T120/><D37/><U100/><E102/><V19/><F66/><N who="3" m="41415" /><G101/><T29/><D38/><U103/><E100/><V85/><F85/><W82/><G82/><T64/><D64/><U72/><E72/><V116/><F116/><W75/><G75/><T0/><D0/><U123/><E123/><V7/><F7/><W62/><G67/><RYUUKYOKU ba="1,1" sc="255,10,235,10,265,10,235,-30" hai0="12,17,21,23,27,29,40,41,120,121,122,128,131" hai1="24,26,52,53,89,90,91,92,98,103" hai2="6,11,14,16,18,19,49,55,56,57" /><INIT seed="0,2,1,4,0,39" ten="265,245,275,205" oya="0" hai0="64,2,62,29,59,4,113,133,16,77,37,128,83" hai1="121,45,131,49,69,126,120,71,19,97,15,93,33" hai2="95,114,20,56,101,1,42,53,14,122,52,105,100" hai3="130,44,5,84,80,125,51,78,41,36,111,65,129"/><T82/><D113/><U22/><E126/><V66/><F1/><W3/><G125/><T106/><D128/><N who="3" m="49257" /><G111/><T68/><D133/><U48/><E33/><V8/><F122/><W86/><G65/><T88/><D106/><U112/><E112/><V116/><F105/><W98/><G98/><T79/><D29/><U50/><E131/><V90/><F116/><W110/><G110/><T96/><D68/><U24/><E69/><V25/><F66/><W58/><G58/><T63/><D37/><U76/><E71/><V132/><F53/><W91/><G51/><T94/><D62/><U72/><E45/><V12/><F42/><W0/><G5/><T26/><D4/><U67/><E67/><V135/><F14/><W85/><G85/><T117/><D2/><U57/><E57/><V74/><F74/><W127/><G127/><T99/><D99/><U6/><E76/><N who="0" m="29257" /><D117/><U38/><E72/><V7/><F114/><W102/><G102/><T60/><D63/><U92/><E38/><V43/><F132/><W32/><G32/><T81/><D81/><AGARI ba="2,1" hai="0,3,36,41,44,78,80,81,84,86,91" m="49257" machi="81" ten="30,2000,0" yaku="19,1,52,1" doraHai="39" who="3" fromWho="0" sc="265,-26,245,0,275,0,205,36" /><INIT seed="1,0,0,3,4,58" ten="239,245,275,241" oya="1" hai0="26,121,94,122,69,75,132,62,79,20,107,104,50" hai1="65,85,63,133,57,48,114,28,71,86,82,29,24" hai2="124,38,36,81,10,109,100,108,120,68,60,127,93" hai3="78,66,39,135,21,110,7,125,90,74,35,44,14"/><U61/><E133/><V83/><F10/><W12/><G35/><T41/><D132/><U77/><E114/><V98/><F36/><W99/><G135/><T76/><D94/><U130/><E130/><V70/><F38/><W95/><G110/><N who="2" m="42601" /><F120/><N who="0" m="46186" /><D50/><U23/><E48/><V115/><F115/><W64/><G125/><N who="2" m="48201" /><F70/><W117/><G117/><T88/><D41/><U101/><E101/><V128/><F128/><W27/><G44/><T105/><D88/><U4/><E4/><V51/><F51/><W111/><G7/><T116/><D116/><U8/><E8/><V33/><F33/><W22/><G39/><T56/><D69/><U113/><E113/><V80/><F68/><W102/><G111/><T42/><D75/><U126/><E126/><V97/><F60/><W129/><G129/><T34/><D34/><U96/><E96/><AGARI ba="0,0" hai="80,81,83,93,96,97,98,100" m="48201,42601" machi="96" ten="40,8000,1" yaku="14,1,18,1,34,2" doraHai="58" who="2" fromWho="1" sc="239,0,245,-80,275,80,241,0" /><INIT seed="2,0,0,2,4,74" ten="239,165,355,241" oya="2" hai0="90,1,124,21,11,48,117,75,110,76,97,0,40" hai1="52,86,80,41,77,24,84,62,103,85,12,8,50" hai2="6,89,96,115,53,129,25,49,118,88,7,98,59" hai3="26,65,28,45,121,22,112,32,66,105,47,101,63"/><V56/><F118/><W128/><G121/><T2/><D110/><U37/><E37/><V107/><F129/><W15/><G128/><T9/><D117/><U3/><E3/><V91/><F115/><W55/><G112/><T57/><D124/><U39/><E39/><V14/><F107/><W18/><G55/><T123/><D21/><U73/><E103/><V99/><F25/><W108/><G66/><T46/><D57/><U120/><E62/><V92/><F92/><W27/><G108/><T58/><D58/><U35/><E41/><V23/><REACH who="2" step="1"/><F56/><REACH who="2" ten="239,165,345,241" step="2"/><W31/><G105/><T79/><D123/><U114/><E120/><V64/><F64/><W17/><G101/><T82/><D2/><U93/><E114/><V116/><F116/><W67/><G67/><T125/><D1/><U20/><E35/><V29/><F29/><W5/><G31/><T68/><D0/><U36/><E93/><V51/><F51/><W126/><G28/><T34/><D34/><U61/><E36/><V111/><F111/><W134/><G32/><T133/><D48/><U95/><E95/><V113/><F113/><W94/><G94/><T78/><D68/><U10/><E61/><V43/><F43/><W102/><G63/><T54/><D40/><U87/><E24/><V44/><F44/><W104/><G47/><T109/><D46/><U38/><E38/><V16/><AGARI ba="0,1" hai="6,7,14,16,23,49,53,59,88,89,91,96,98,99" machi="16" ten="40,12000,1" yaku="1,1,0,1,8,1,54,2,53,0" doraHai="74" doraHaiUra="72" who="2" fromWho="2" sc="239,-40,165,-40,345,130,241,-40" /><INIT seed="2,1,0,4,1,51" ten="199,125,475,201" oya="2" hai0="52,133,25,108,47,115,60,56,61,83,65,55,101" hai1="16,127,50,64,78,79,132,66,39,134,76,30,75" hai2="98,71,77,118,62,26,6,58,105,36,87,82,4" hai3="135,124,81,123,131,28,23,43,110,46,126,114,72"/><V92/><F118/><W94/><G123/><T74/><D115/><U109/><E39/><V91/><F36/><W73/><G110/><T69/><D101/><U63/><E75/><V121/><F121/><W18/><G114/><T44/><D108/><U40/><E109/><V97/><F71/><W95/><G28/><T0/><D0/><U128/><E30/><V24/><F105/><W104/><G104/><T29/><D133/><N who="1" m="51307" /><E128/><V106/><F106/><W93/><G131/><T112/><D112/><U85/><E127/><N who="3" m="48682" /><G81/><T54/><D83/><U84/><E63/><V38/><F38/><N who="3" m="21879" /><G135/><T27/><D74/><U49/><E16/><V99/><F6/><W9/><G9/><T34/><REACH who="0" step="1"/><D27/><AGARI ba="1,0" hai="18,23,27,72,73,93,94,95" m="21879,48682" machi="27" ten="30,1000,0" yaku="18,1" doraHai="51" who="3" fromWho="0" sc="199,-13,125,0,475,0,201,13" /><INIT seed="3,0,0,4,4,133" ten="186,125,475,214" oya="3" hai0="80,90,103,131,100,26,78,39,34,127,60,12,117" hai1="48,105,99,115,29,74,125,55,5,32,82,40,49" hai2="45,116,47,41,61,28,134,46,98,75,17,68,21" hai3="109,122,113,79,43,89,86,63,130,77,23,96,70"/><W31/><G113/><T59/><D117/><U84/><E74/><V91/><F75/><W93/><G122/><T110/><D110/><U13/><E32/><V85/><F116/><W118/><G118/><T16/><D39/><U72/><E72/><V54/><F134/><W50/><G109/><T112/><D112/><U87/><E29/><V10/><F68/><W114/><G114/><T14/><D131/><U1/><E1/><V83/><F28/><W7/><G7/><T57/><D90/><U120/><E84/><V71/><F71/><W58/><G70/><T129/><D129/><U11/><E115/><V3/><F3/><W106/><G130/><T126/><D34/><U76/><E99/><V15/><F98/><W101/><G50/><T135/><D26/><U0/><E0/><V42/><F21/><W38/><G43/><N who="2" m="16393" /><F61/><W8/><G8/><N who="0" m="6151" /><D14/><U20/><E20/><V22/><F22/><W9/><G9/><T81/><D135/><U18/><E105/><V128/><F128/><W33/><G33/><T102/><D78/><U35/><E35/><V44/><F44/><W62/><G38/><T27/><D27/><U51/><E120/><V64/><F64/><W66/><REACH who="3" step="1"/><G62/><REACH who="3" ten="186,125,475,204" step="2"/><T36/><D36/><U6/><E40/><V52/><AGARI ba="0,1" hai="10,15,17,45,46,47,52,54,83,85,91" m="16393" machi="52" ten="30,2000,0" yaku="8,1,54,1" doraHai="133" who="2" fromWho="2" sc="186,-5,125,-5,475,30,204,-10" /><INIT seed="4,0,0,1,4,35" ten="181,120,505,194" oya="0" hai0="0,38,1,102,36,132,25,113,52,30,126,111,22" hai1="79,2,32,107,23,41,18,72,12,42,121,118,67" hai2="19,122,91,108,21,31,130,90,89,71,47,15,124" hai3="20,54,44,117,24,62,63,116,66,17,83,101,119"/><T114/><D126/><U123/><E107/><V134/><F122/><W103/><G83/><T69/><D69/><U48/><E32/><V112/><F108/><W97/><G97/><T14/><D102/><U94/><E118/><V99/><F71/><W33/><G33/><T100/><D100/><U78/><E12/><V40/><F124/><W53/><G62/><T7/><D111/><U88/><E23/><V43/><F112/><N who="0" m="43114" /><D132/><U50/><E94/><V13/><F134/><W64/><G66/><T96/><D96/><U5/><E5/><V105/><F130/><W106/><G106/><T29/><D29/><U59/><E59/><V133/><F133/><W82/><G82/><T3/><D52/><U75/><E18/><V9/><F105/><W85/><G53/><T87/><D87/><U57/><E57/><V51/><F31/><W10/><G85/><T46/><D46/><U135/><E135/><V95/><F43/><W55/><G54/><T125/><D125/><U58/><E58/><V60/><F60/><W16/><G55/><T109/><D109/><U80/><E80/><V93/><F99/><W127/><G44/><T4/><D4/><AGARI ba="0,0" hai="4,9,13,15,19,21,40,47,51,89,90,91,93,95" machi="4" ten="40,1300,0" yaku="8,1" doraHai="35" who="2" fromWho="0" sc="181,-13,120,0,505,13,194,0" /><INIT seed="5,0,0,1,0,46" ten="168,120,518,194" oya="1" hai0="110,64,47,108,48,118,24,6,88,78,116,16,83" hai1="25,28,95,26,124,125,40,73,69,121,90,53,107" hai2="133,62,36,22,97,23,61,1,106,109,122,101,63" hai3="15,45,74,72,115,51,103,60,7,52,113,13,11"/><U104/><E69/><V39/><F109/><W55/><G103/><T119/><D64/><U111/><E121/><V80/><F122/><W92/><G92/><T86/><D6/><U10/><E73/><V4/><F133/><W20/><G20/><T94/><D24/><U117/><E117/><V87/><F4/><W56/><REACH who="3" step="1"/><G13/><REACH who="3" ten="168,120,518,184" step="2"/><T81/><D83/><U79/><E111/><V89/><F1/><W98/><G98/><T18/><D110/><U8/><E104/><V14/><F23/><W114/><AGARI ba="0,1" hai="7,11,15,45,51,52,55,56,60,72,74,113,114,115" machi="114" ten="30,12000,2" yaku="1,1,0,1,15,1,52,1,54,1,53,1" doraHai="46" doraHaiUra="9" who="3" fromWho="3" sc="168,-30,120,-60,518,-30,184,130" /><INIT seed="6,0,0,1,2,45" ten="138,60,488,314" oya="2" hai0="73,128,100,39,103,74,123,112,35,91,57,1,135" hai1="14,30,64,21,105,124,90,63,83,9,32,109,79" hai2="5,99,78,71,33,31,130,111,17,113,75,50,40" hai3="54,95,81,26,42,44,60,13,7,76,58,129,43"/><V117/><F71/><W59/><G129/><T132/><D57/><U121/><E109/><V24/><F117/><W53/><G95/><T110/><D91/><U34/><E105/><V48/><F111/><W106/><G106/><T114/><D39/><U98/><E124/><V3/><F130/><W94/><G94/><T55/><D55/><U84/><E121/><V68/><F68/><W52/><G26/><T27/><D1/><U8/><E8/><N who="2" m="2111" /><F99/><W97/><G97/><T10/><D10/><U22/><E22/><V116/><F116/><W104/><G104/><T131/><D27/><U69/><E21/><V46/><F17/><W77/><G13/><T93/><D93/><U2/><E2/><V87/><F87/><N who="3" m="48551" /><G77/><T82/><D35/><U16/><E30/><V0/><F0/><W6/><G6/><T96/><D96/><U11/><E98/><V72/><F72/><N who="0" m="27754" /><D82/><U19/><REACH who="1" step="1"/><E79/><REACH who="1" ten="138,50,488,314" step="2"/><V61/><F78/><W89/><G89/><T80/><D110/><U70/><E70/><V15/><F75/><W122/><G122/><T108/><D108/><U102/><E102/><V51/><F15/><AGARI ba="0,1" hai="9,11,14,15,16,19,32,34,63,64,69,83,84,90" machi="15" ten="40,5200,0" yaku="1,1,9,1,54,1,53,0" doraHai="45" doraHaiUra="127" who="1" fromWho="2" sc="138,0,50,62,488,-52,314,0" /><INIT seed="7,0,0,3,2,112" ten="138,112,436,314" oya="3" hai0="55,125,119,54,12,91,110,131,49,93,117,126,29" hai1="85,7,114,71,94,17,28,99,76,32,127,41,89" hai2="113,92,88,9,82,18,109,122,75,68,65,0,36" hai3="132,53,10,77,35,34,102,105,42,64,14,86,69"/><W129/><G42/><T11/><D110/><U57/><E71/><V135/><F36/><W133/><G129/><T23/><D131/><U13/><E114/><V115/><F109/><W97/><G53/><T84/><D29/><U52/><E127/><N who="0" m="48649" /><D23/><U31/><E32/><V74/><F122/><W124/><G124/><T19/><D54/><U62/><E7/><V4/><F115/><W8/><G8/><T79/><D79/><U83/><E41/><V38/><F113/><W26/><G77/><T44/><AGARI ba="0,0" hai="11,12,19,44,49,55,84,91,93,117,119" m="48649" machi="44" ten="30,4000,0" yaku="18,1,52,2" doraHai="112" who="0" fromWho="0" sc="138,40,112,-10,436,-10,314,-20" owari="178,-22.0,102,-40.0,426,53.0,294,9.0" /></mjloggm>