<mjloggm ver="2.3"><GO type="169" lobby="0"/><UN n0="%4A%4F%4A%4F%31%39%38%35" n1="%E3%82%82%E3%82%8A%E3%82%82%E3%82%8A%E3%81%8A%E3%81%AB%E3%81%8E%E3%82%8A" n2="%E3%81%94%E3%82%8A%E3%81%94%E3%82%8A%E3%81%94%E3%82%8A%E3%82%89" n3="%63%65%73%39" dan="17,16,16,16" rate="2128.29,2143.97,2109.32,2136.30" sx="M,M,F,M"/><TAIKYOKU oya="0"/><INIT seed="0,0,0,1,2,73" ten="250,250,250,250" oya="0" hai0="84,101,30,99,8,96,127,124,133,104,44,113,39" hai1="69,83,43,68,88,91,87,32,110,130,76,36,109" hai2="22,94,7,28,102,35,98,29,115,58,61,42,47" hai3="26,77,2,111,97,103,70,0,132,105,46,23,126"/><T108/><D30/><U85/><E32/><V1/><F115/><W59/><G70/><T55/><D8/><U5/><E5/><V106/><F106/><W64/><G46/><T15/><D15/><U65/><E130/><V134/><F35/><W90/><G90/><T80/><D55/><U120/><E120/><V10/><F134/><W60/><G132/><T51/><D51/><U41/><E65/><V67/><REACH who="2" step="1"/><F22/><REACH who="2" ten="250,250,240,250" step="2"/><W17/><G126/><T100/><D133/><U21/><E21/><V31/><F31/><W37/><G111/><T128/><D113/><U13/><E110/><V114/><F114/><W74/><REACH who="3" step="1"/><G37/><AGARI ba="0,1" hai="1,7,10,28,29,37,42,47,58,61,67,94,98,102" machi="37" ten="30,3900,0" yaku="1,1,7,1,53,1" doraHai="73" doraHaiUra="6" who="2" fromWho="3" sc="250,0,250,0,240,49,250,-39" /><BYE who="0" /><INIT seed="1,0,0,1,3,54" ten="250,250,289,211" oya="1" hai0="89,14,36,22,115,2,31,87,96,116,7,100,4" hai1="125,134,55,23,118,28,86,88,101,80,62,132,127" hai2="56,6,58,65,17,25,29,0,77,71,93,98,113" hai3="42,130,110,33,79,49,40,51,64,3,76,60,61"/><U126/><E28/><UN n0="%4A%4F%4A%4F%31%39%38%35" /><V91/><F113/><W109/><G3/><T112/><D116/><U37/><E37/><V8/><F77/><W121/><G33/><T105/><D36/><U21/><E118/><V129/><F129/><W13/><G13/><T108/><D108/><U123/><E123/><V107/><F107/><W85/><G85/><T114/><D2/><U74/><E74/><V15/><F71/><W39/><G39/><T45/><D45/><U9/><E101/><V24/><F65/><W92/><G92/><T102/><D102/><U95/><E9/><V46/><F46/><W103/><G64/><T99/><D99/><U10/><E10/><V27/><REACH who="2" step="1"/><F29/><REACH who="2" ten="250,250,279,211" step="2"/><W119/><G119/><T5/><D31/><U70/><E70/><V43/><F43/><W81/><G130/><T68/><D68/><U18/><E80/><V111/><F111/><W12/><G81/><T69/><D69/><U75/><E75/><V48/><F48/><W120/><REACH who="3" step="1"/><G103/><REACH who="3" ten="250,250,279,201" step="2"/><T67/><D67/><U82/><E82/><V83/><F83/><W106/><G106/><T78/><D105/><U104/><E104/><V35/><F35/><W34/><G34/><T44/><D100/><U135/><REACH who="1" step="1"/><E18/><REACH who="1" ten="250,240,279,201" step="2"/><V53/><F53/><W73/><G73/><T11/><D112/><U97/><E97/><V20/><AGARI ba="0,3" hai="0,6,8,15,17,20,24,25,27,56,58,91,93,98" machi="20" ten="30,7900,0" yaku="1,1,0,1,52,2,53,0" doraHai="54" doraHaiUra="124" who="2" fromWho="2" sc="250,-20,240,-39,279,109,201,-20" /><INIT seed="2,0,0,5,1,64" ten="230,201,388,181" oya="2" hai0="41,117,51,97,130,77,35,54,84,127,47,8,78" hai1="68,80,71,7,125,132,94,50,75,90,60,58,131" hai2="73,133,17,40,11,28,49,70,121,21,83,45,115" hai3="96,6,119,14,5,65,93,87,38,18,25,3,129"/><V69/><F121/><W114/><G38/><T55/><D35/><U63/><E7/><V27/><F115/><W126/><G119/><T92/><D117/><U106/><E106/><V108/><F133/><W85/><G126/><T15/><D130/><U135/><E131/><V52/><F108/><W34/><G129/><T109/><D109/><U16/><E50/><V124/><F124/><W23/><G65/><T62/><D127/><U20/><E125/><V118/><F118/><W95/><G114/><T29/><D29/><U66/><E80/><V56/><F83/><W4/><G93/><T1/><D1/><U72/><E72/><V26/><F73/><W10/><G5/><T101/><D84/><U104/><E104/><V91/><F91/><W31/><REACH who="3" step="1"/><G6/><REACH who="3" ten="230,201,388,171" step="2"/><N who="0" m="3479" /><D62/><U12/><E75/><V43/><F43/><W79/><G79/><AGARI ba="0,1" hai="41,47,51,54,55,77,78,79,92,97,101" m="3479" machi="79" ten="30,1000,0" yaku="8,1" doraHai="64" who="0" fromWho="3" sc="230,20,201,0,388,0,171,-10" /><INIT seed="3,0,0,0,2,127" ten="250,201,388,161" oya="3" hai0="50,83,4,112,95,110,37,130,76,121,116,26,80" hai1="89,122,2,60,129,0,87,59,14,65,45,66,124" hai2="31,24,91,30,118,120,15,105,8,71,58,35,102" hai3="97,88,42,13,74,73,17,123,109,25,1,100,113"/><W51/><G1/><T20/><D116/><U79/><E122/><V47/><F71/><W119/><G123/><T86/><D121/><U53/><E124/><V63/><F118/><W84/><G119/><T106/><D106/><U108/><E108/><V12/><F120/><W96/><G113/><T132/><D37/><U29/><E79/><V49/><F30/><W33/><G109/><T133/><D4/><U78/><E78/><V104/><F91/><W135/><G135/><N who="0" m="51787" /><D110/><U41/><E29/><V114/><F102/><W107/><G96/><T19/><D112/><U22/><E129/><V101/><F101/><W10/><G33/><T23/><D50/><U64/><E22/><V34/><F15/><W40/><G25/><N who="0" m="14495" /><D95/><U82/><REACH who="1" step="1"/><E14/><REACH who="1" ten="250,191,388,161" step="2"/><V54/><F114/><W61/><G61/><T103/><D23/><U11/><E11/><V44/><F34/><W134/><G134/><T67/><D130/><U28/><E28/><V125/><F125/><W21/><G10/><T90/><D76/><U32/><E32/><V85/><F12/><W55/><G74/><T75/><D75/><U5/><E5/><V81/><F8/><W52/><G73/><T131/><D131/><U99/><E99/><V48/><F35/><W18/><G18/><T72/><D72/><U98/><E98/><V16/><F31/><W9/><G9/><T128/><D128/><U117/><E117/><V111/><F111/><W3/><G3/><T62/><D26/><U7/><E7/><V38/><F24/><W94/><G55/><T92/><D86/><U57/><E57/><AGARI ba="0,1" hai="13,17,21,40,42,51,52,57,84,88,94,97,100,107" machi="57" ten="30,12000,1" yaku="7,1,25,2,54,2" doraHai="127" who="3" fromWho="1" sc="250,0,191,-120,388,0,161,130" /><INIT seed="3,1,0,2,1,104" ten="250,71,388,291" oya="3" hai0="121,42,24,83,14,9,1,97,74,58,21,70,32" hai1="135,80,60,124,53,23,108,63,91,122,129,62,39" hai2="59,96,45,0,119,81,18,86,19,109,36,79,113" hai3="84,130,4,56,131,10,110,65,13,87,125,99,126"/><W31/><G99/><T2/><D121/><U106/><E122/><V128/><F113/><W15/><G31/><T30/><D70/><U82/><E106/><V127/><F119/><W66/><G15/><T114/><D114/><U54/><E39/><V88/><F0/><W101/><G101/><T57/><D42/><U47/><E108/><V78/><F128/><N who="3" m="49195" /><G110/><T90/><D97/><U20/><E129/><V17/><F109/><W89/><G56/><T93/><D32/><U22/><E135/><V111/><F111/><W134/><G84/><T94/><D94/><U64/><E124/><N who="3" m="47722" /><G134/><T85/><D1/><U27/><E27/><V98/><F127/><W44/><G44/><T43/><D2/><U8/><E64/><V38/><F59/><W69/><G69/><T95/><D57/><U116/><E116/><V115/><F115/><W75/><G75/><T3/><D58/><U92/><E8/><V67/><F67/><W26/><G26/><T5/><D3/><U6/><E6/><V28/><F28/><W105/><G105/><T73/><D43/><U7/><E7/><V112/><F112/><W46/><G46/><T68/><D68/><U12/><E12/><V50/><F98/><W25/><G25/><T76/><D73/><U72/><E72/><V48/><F96/><W103/><G103/><T41/><D41/><U37/><E47/><V120/><F120/><W77/><G77/><N who="2" m="29193" /><F45/><W49/><G49/><T29/><D30/><U16/><E37/><N who="2" m="14443" /><F48/><W40/><G40/><T61/><D61/><U100/><E62/><V117/><F50/><W51/><G51/><RYUUKYOKU ba="1,0" sc="250,10,71,-30,388,10,291,10" hai0="5,9,14,21,24,29,74,76,83,85,90,93,95" hai2="17,18,19,81,86,88,117" hai3="4,10,13,65,66,87,89" /><INIT seed="3,2,0,3,1,120" ten="260,41,398,301" oya="3" hai0="47,127,128,26,43,68,92,65,77,34,53,126,9" hai1="36,70,72,20,64,103,76,109,89,49,67,95,130" hai2="7,21,73,98,106,115,69,118,117,116,129,79,16" hai3="87,33,27,60,56,104,2,91,102,28,29,12,35"/><W71/><G2/><T78/><D53/><U44/><E130/><V10/><F69/><W114/><G114/><T6/><D92/><U133/><E133/><V15/><F115/><W131/><G131/><T25/><D128/><U4/><E36/><V11/><F129/><W85/><G12/><T22/><D34/><U18/><E103/><V111/><F79/><W45/><G45/><T30/><D26/><U40/><E4/><N who="2" m="3527" /><F98/><W51/><G51/><T134/><D134/><U124/><E124/><N who="0" m="47657" /><D65/><U84/><E70/><V54/><F54/><W86/><G71/><T121/><D121/><U94/><E94/><V37/><F37/><W88/><G102/><T13/><D68/><U59/><E109/><V0/><F106/><W8/><G8/><T83/><D83/><U123/><E123/><V122/><F73/><W58/><G104/><T113/><D113/><U62/><E72/><V61/><F61/><W52/><REACH who="3" step="1"/><G56/><REACH who="3" ten="260,41,398,291" step="2"/><T17/><D6/><U99/><E76/><V101/><F101/><W57/><G57/><T107/><D107/><U112/><E112/><V14/><F122/><W24/><AGARI ba="2,1" hai="24,27,28,29,33,35,52,58,60,85,86,87,88,91" machi="24" ten="30,24000,3" yaku="1,1,0,1,9,1,54,2,53,3" doraHai="120" doraHaiUra="80" who="3" fromWho="3" sc="260,-82,41,-82,398,-82,291,256" owari="178,-22.0,-41,-54.0,316,12.0,547,64.0" /></mjloggm>