<mjloggm ver="2.3"><GO type="225" lobby="0"/><UN n0="%E8%A8%88%E7%AE%97%E6%A9%9F%E8%87%AA%E7%84%B6" n1="%50%49%58%49" n2="%E3%82%BC%E3%83%AB%E3%83%80%E3%81%AE%E4%BC%9D%E8%AA%AC" n3="%E3%83%A9%E3%83%96%E3%83%AC%E3%83%BC" dan="17,17,16,17" rate="2214.21,2170.32,2193.67,2244.94" sx="M,F,M,M"/><TAIKYOKU oya="0"/><INIT seed="0,0,0,4,0,53" ten="250,250,250,250" oya="0" hai0="60,94,76,12,112,20,50,55,103,17,119,86,13" hai1="85,82,90,91,106,108,123,25,49,89,93,124,83" hai2="66,129,19,32,24,62,58,110,45,102,92,7,44" hai3="135,131,133,56,122,107,35,109,3,54,118,16,99"/><T87/><D112/><U36/><E36/><V14/><F110/><W121/><G118/><T10/><D119/><U96/><E123/><N who="3" m="47114" /><G3/><T128/><D128/><U57/><E108/><V4/><F129/><W67/><G109/><T84/><D60/><U68/><E68/><V120/><F120/><W33/><G67/><T104/><D104/><U101/><E124/><V28/><F4/><W113/><G113/><T97/><D76/><U40/><E25/><V1/><F102/><N who="3" m="62943" /><G131/><T30/><D30/><U70/><E70/><V114/><F114/><W105/><G105/><T23/><REACH who="0" step="1"/><D12/><REACH who="0" ten="240,250,250,250" step="2"/><U125/><E106/><V52/><F14/><W115/><G115/><T43/><D43/><U79/><E40/><V77/><F77/><W47/><G135/><T11/><D11/><U42/><E42/><V51/><F28/><W31/><G31/><T80/><D80/><U88/><E125/><V98/><F62/><N who="3" m="36119" /><G133/><T72/><D72/><U81/><N who="1" m="22528" /><DORA hai="132" /><U2/><E2/><V71/><F1/><W34/><G16/><T111/><D111/><U69/><E69/><V8/><F19/><W6/><G6/><T9/><D9/><U64/><E64/><V134/><F8/><W5/><G5/><T61/><D61/><U27/><E27/><V75/><F7/><W59/><G33/><T130/><D130/><U126/><E126/><V100/><F134/><W63/><G34/><T74/><D74/><U48/><E48/><V39/><F75/><W37/><G35/><T21/><D21/><U15/><E15/><V65/><F71/><W117/><G117/><T38/><D38/><RYUUKYOKU ba="0,1" sc="240,15,250,15,250,-15,250,-15" hai0="10,13,17,20,23,50,55,84,86,87,94,97,103" hai1="49,57,79,81,82,83,85,93,96,101" /><INIT seed="0,1,1,5,2,91" ten="255,265,235,235" oya="0" hai0="106,84,90,22,21,15,101,35,0,108,75,110,95" hai1="125,30,71,102,46,81,52,127,116,89,83,100,6" hai2="96,134,11,112,86,131,121,60,85,57,77,74,133" hai3="76,78,132,7,69,124,104,56,103,120,70,119,122"/><T53/><D35/><U123/><E116/><V9/><F121/><N who="3" m="46699" /><G119/><T94/><D0/><U128/><E123/><V41/><F112/><W20/><G7/><T115/><D115/><U97/><E71/><N who="3" m="27146" /><G124/><N who="1" m="47690" /><E128/><V42/><F131/><W64/><G132/><N who="2" m="50793" /><F74/><W117/><G117/><T48/><D106/><U31/><E6/><V10/><F96/><N who="3" m="61543" /><G20/><T34/><D34/><U135/><E135/><V68/><F68/><W129/><G129/><T66/><D75/><U79/><E89/><V26/><F26/><W72/><G72/><T8/><D66/><U62/><E102/><V32/><F32/><W1/><G1/><T44/><D108/><U99/><E99/><V87/><F77/><W36/><G36/><T93/><D110/><U61/><E79/><V113/><F113/><W80/><G80/><N who="0" m="49415" /><D101/><U2/><E2/><V19/><F19/><AGARI ba="1,1" hai="8,15,19,21,22,44,48,53,93,94,95" m="49415" machi="19" ten="30,12000,1" yaku="25,1,8,1,52,3" doraHai="91" who="0" fromWho="2" sc="255,133,265,0,235,-123,235,0" /><INIT seed="0,2,0,2,5,4" ten="388,265,112,235" oya="0" hai0="97,5,99,39,111,24,86,53,36,46,85,94,21" hai1="14,19,67,20,29,3,27,42,18,125,132,1,74" hai2="66,128,52,79,114,73,93,47,63,100,10,55,69" hai3="108,28,60,48,90,115,117,116,12,23,13,71,70"/><T26/><D111/><U31/><E74/><V45/><F114/><W101/><G101/><T35/><D35/><U49/><E67/><V88/><F128/><W105/><G108/><T38/><D5/><U112/><E42/><V96/><F73/><W9/><G28/><N who="1" m="10826" /><E49/><V33/><F33/><W104/><G23/><T2/><D2/><N who="1" m="523" /><E132/><V107/><F79/><W127/><G115/><T37/><D37/><U78/><E78/><V82/><F82/><W6/><G48/><T134/><D134/><U126/><E112/><V40/><F10/><AGARI ba="2,0" hai="10,14,18,19,20,27,125,126" m="523,10826" machi="10" ten="30,3900,0" yaku="34,2,52,1" doraHai="4" who="1" fromWho="2" sc="388,0,265,45,112,-45,235,0" /><INIT seed="1,0,0,2,1,107" ten="388,310,67,235" oya="1" hai0="62,4,80,109,106,93,16,8,70,7,27,114,129" hai1="59,131,14,37,122,100,63,101,39,132,95,85,28" hai2="9,68,52,31,118,18,21,43,30,102,71,17,67" hai3="135,64,113,123,119,57,75,72,74,38,108,105,36"/><U33/><E122/><V125/><F118/><W134/><G123/><T40/><D106/><U50/><E131/><V90/><F125/><W121/><G121/><T6/><D114/><U46/><E132/><N who="3" m="50730" /><G113/><T13/><D109/><U5/><E33/><V53/><F90/><W42/><G108/><T41/><D129/><U22/><E37/><N who="3" m="14442" /><G105/><T12/><D27/><N who="1" m="16503" /><E39/><V115/><F21/><W61/><G42/><N who="0" m="16491" /><D70/><U20/><E50/><V60/><F43/><W82/><G119/><T19/><D80/><AGARI ba="0,0" hai="57,61,64,72,74,75,80,82" m="14442,50730" machi="80" ten="40,8000,1" yaku="20,1,52,3" doraHai="107" who="3" fromWho="0" sc="388,-80,310,0,67,0,235,80" /><INIT seed="2,0,0,2,0,1" ten="308,310,67,315" oya="2" hai0="59,24,51,62,71,98,104,115,112,30,78,61,43" hai1="74,100,90,114,89,9,88,56,102,60,50,11,105" hai2="113,48,45,55,127,79,12,42,108,68,41,85,39" hai3="2,22,15,135,7,126,57,53,131,49,73,38,107"/><V32/><F113/><W66/><G73/><T17/><D17/><U123/><E114/><V25/><F127/><W84/><G107/><T5/><D78/><U95/><E123/><V70/><F108/><W20/><G2/><T101/><D5/><U46/><E74/><V99/><F99/><W64/><G38/><T65/><D51/><U33/><E33/><V26/><F12/><W29/><G131/><T13/><D43/><N who="1" m="24927" /><E105/><V128/><F128/><W54/><G135/><T106/><D13/><U82/><E82/><V37/><F42/><W118/><G118/><T27/><D27/><U75/><E75/><V14/><F14/><W130/><G130/><T18/><D18/><U77/><E77/><V117/><F117/><W35/><G35/><N who="0" m="20935" /><D104/><U133/><E133/><V58/><F39/><W134/><G126/><T28/><D28/><U86/><E86/><V125/><F125/><W34/><G34/><T16/><D16/><U80/><E80/><N who="2" m="47263" /><F32/><W10/><G134/><T94/><D94/><U6/><E95/><V97/><F97/><W122/><G122/><T91/><D91/><U96/><E96/><V72/><F72/><W116/><G116/><T103/><D103/><N who="1" m="39467" /><E6/><V83/><F83/><W52/><G84/><T119/><D119/><U31/><E31/><V21/><F26/><N who="3" m="16583" /><G22/><T44/><D44/><U4/><E4/><V110/><F110/><W40/><G40/><T76/><D76/><U3/><E3/><V124/><F124/><W69/><G69/><T23/><D23/><U19/><E19/><N who="2" m="12479" /><F70/><W47/><G47/><T109/><D109/><U0/><E0/><RYUUKYOKU ba="0,0" sc="308,0,310,0,67,0,315,0" hai0="59,61,62,65,71,98,101,106,112,115" hai1="9,11,56,60,88,89,90" hai2="37,41,45,48,55,58,68" hai3="7,10,15,49,52,53,54,57,64,66" /><INIT seed="2,1,0,4,2,59" ten="308,310,67,315" oya="2" hai0="16,52,54,83,26,60,77,72,104,51,117,75,120" hai1="2,27,95,114,32,135,39,22,42,96,78,86,97" hai2="48,106,37,55,31,15,124,28,119,111,107,30,14" hai3="4,76,122,50,58,81,13,12,133,101,105,112,53"/><V89/><F119/><W20/><G122/><T41/><D120/><U99/><E114/><V29/><N who="2" m="7168" /><DORA hai="57" /><V44/><F124/><W36/><G36/><T17/><D104/><U74/><E32/><V21/><F111/><W23/><G133/><T67/><D75/><U7/><E74/><V46/><F89/><W87/><G105/><T116/><D41/><U79/><E135/><V19/><REACH who="2" step="1"/><F15/><REACH who="2" ten="308,310,57,315" step="2"/><W71/><G13/><T103/><D116/><U110/><E110/><V8/><F8/><W113/><G113/><T33/><D117/><U6/><E2/><V47/><F47/><W49/><G12/><T109/><D109/><U35/><E35/><V24/><F24/><W91/><G112/><T63/><D33/><U118/><E118/><V100/><F100/><W130/><G101/><T68/><D103/><U5/><E27/><V121/><F121/><W90/><G91/><T43/><D26/><U128/><E78/><V0/><F0/><W92/><G90/><T88/><D88/><U108/><E79/><V134/><F134/><W70/><G76/><T98/><D77/><U73/><E108/><V11/><F11/><W61/><G130/><T56/><D72/><U62/><E73/><V127/><F127/><W10/><G10/><T94/><D83/><U80/><E128/><V25/><F25/><W69/><G81/><T65/><D98/><U66/><E80/><V123/><F123/><W64/><G87/><T126/><D126/><U115/><E115/><V129/><F129/><W102/><G102/><T38/><D94/><U85/><E95/><V3/><F3/><RYUUKYOKU ba="1,1" sc="308,-10,310,-10,57,30,315,-10" hai2="14,19,21,37,44,46,48,55,106,107" /><INIT seed="2,2,1,1,3,84" ten="298,300,87,305" oya="2" hai0="110,106,129,90,104,25,128,81,101,58,35,86,40" hai1="28,125,1,23,132,15,89,92,50,73,31,16,64" hai2="72,45,26,105,118,7,97,119,120,114,112,11,71" hai3="63,32,80,102,44,59,14,62,76,134,69,78,29"/><V79/><F26/><W49/><G69/><T108/><D40/><U47/><E73/><V75/><F45/><W60/><G32/><T12/><D12/><U33/><E125/><V94/><F71/><W85/><G29/><N who="1" m="11338" /><E1/><V10/><F7/><W83/><G134/><T13/><D35/><U88/><E33/><V20/><F20/><W8/><G102/><T30/><D13/><U67/><E132/><V98/><F94/><W68/><G68/><T113/><D113/><U19/><E19/><V91/><F79/><W6/><G80/><T41/><D41/><N who="1" m="24943" /><E89/><V126/><F105/><N who="0" m="40554" /><D101/><U21/><E21/><V0/><F91/><N who="3" m="51647" /><G59/><T24/><D58/><U115/><E115/><V122/><REACH who="2" step="1"/><F0/><REACH who="2" ten="298,300,77,305" step="2"/><W52/><AGARI ba="2,2" hai="6,8,14,44,49,52,60,62,63,76,78" m="51647" machi="52" ten="30,4000,0" yaku="8,1,52,1,54,1" doraHai="84" who="3" fromWho="3" sc="298,-12,300,-12,77,-22,305,66" /><INIT seed="3,0,0,5,0,99" ten="286,288,55,371" oya="3" hai0="70,106,52,96,64,2,51,122,118,83,37,117,33" hai1="45,57,17,27,50,125,58,73,114,44,46,28,135" hai2="0,80,67,66,59,60,81,48,49,18,38,115,20" hai3="26,97,19,32,75,100,94,39,3,105,126,134,133"/><W68/><G39/><T120/><D2/><U72/><E114/><V4/><F115/><W53/><G3/><T86/><D33/><U47/><E125/><V10/><F38/><W41/><G41/><T113/><D113/><U79/><E135/><N who="3" m="51722" /><G75/><T111/><D37/><U108/><E108/><V25/><F67/><W16/><G126/><T89/><D111/><U23/><E79/><V36/><F36/><W93/><G68/><T82/><D82/><U61/><E58/><V77/><F81/><W34/><G53/><T12/><D12/><U1/><E1/><V119/><F119/><W107/><G94/><T5/><D5/><U74/><N who="1" m="11264" /><DORA hai="71" /><U128/><E128/><V84/><F0/><W65/><G65/><T15/><D15/><U112/><E112/><V132/><F132/><W124/><G19/><T129/><D129/><U62/><E17/><V88/><REACH who="2" step="1"/><F77/><REACH who="2" ten="286,288,45,371" step="2"/><W131/><G131/><T109/><D117/><U43/><E43/><V6/><F6/><W104/><G124/><T95/><D118/><U78/><E78/><V90/><F90/><W35/><G35/><T7/><D7/><U54/><AGARI ba="0,1" hai="23,27,28,50,54,57,61,62,72,73,74" m="11264" machi="54" ten="50,1600,0" yaku="0,1" doraHai="99,71" who="1" fromWho="1" sc="286,-4,288,26,45,-4,371,-8" owari="282,-12.0,314,11.0,41,-46.0,363,47.0" /></mjloggm>