<mjloggm ver="2.3"><GO type="185" lobby="0"/><UN n0="%E9%BE%8D%E5%B9%B3" n1="%E3%83%8F%E3%83%94%E3%83%AA%E3%83%83%E3%83%88" n2="%E3%81%9D%E3%81%86%E3%81%A1%E3%82%87" n3="" dan="16,17,17,0" rate="2190.99,2245.06,2228.98,1500.00" sx="M,M,F,C"/><TAIKYOKU oya="0"/><INIT seed="0,0,0,0,5,130" ten="350,350,350,0" oya="0" hai0="97,45,33,63,104,95,57,35,40,88,89,116,125" hai1="124,66,112,113,120,42,90,58,78,36,64,51,107" hai2="53,32,48,46,109,60,100,105,0,68,127,70,79" hai3=""/><T37/><D116/><U110/><N who="1" m="30752" /><U56/><E107/><V72/><F32/><T131/><D131/><U98/><E78/><V96/><F0/><T93/><D104/><U135/><E36/><V123/><N who="2" m="31520" /><V1/><F1/><T62/><D125/><U101/><E110/><V83/><F109/><T117/><D117/><U129/><E129/><V3/><F3/><T44/><D44/><U52/><E124/><V61/><REACH who="2" step="1"/><F127/><REACH who="2" ten="350,350,340,0" step="2"/><T39/><D63/><AGARI ba="0,1" hai="46,48,53,60,61,63,68,70,72,79,83,96,100,105" m="31520" machi="63" ten="40,5200,0" yaku="1,1,2,1,52,1,53,0" doraHai="130" doraHaiUra="91" who="2" fromWho="0" sc="350,-52,350,0,340,62,0,0" /><INIT seed="1,0,0,5,0,130" ten="298,350,402,0" oya="1" hai0="53,132,91,118,110,62,123,106,122,94,47,84,112" hai1="74,87,65,127,72,60,115,108,89,40,59,100,121" hai2="48,80,44,78,57,124,34,75,103,85,125,135,90" hai3=""/><U109/><N who="1" m="31008" /><U97/><E115/><V66/><F34/><T131/><N who="0" m="31264" /><T77/><N who="0" m="31520" /><T133/><D112/><U46/><E127/><N who="2" m="48715" /><F103/><T49/><D118/><U113/><E113/><V95/><F135/><N who="0" m="51786" /><D106/><U68/><E59/><V88/><F90/><T104/><D104/><U128/><E128/><V2/><F2/><T120/><N who="0" m="30752" /><T76/><D131/><U129/><E129/><V107/><F107/><T58/><D110/><N who="1" m="42603" /><E97/><V69/><F69/><T134/><N who="0" m="51794" /><T45/><DORA hai="116" /><D45/><U105/><E100/><V81/><F57/><T117/><D117/><U61/><E105/><V43/><F66/><AGARI ba="0,0" hai="47,49,53,58,62,66,76,77,84,91,94" m="30752,51794,31520,31264" machi="66" ten="40,24000,4" yaku="20,1,52,10" doraHai="130,116" who="0" fromWho="2" sc="298,240,350,0,402,-240,0,0" /><INIT seed="2,0,0,3,5,109" ten="538,350,162,0" oya="2" hai0="81,134,94,84,40,45,118,77,3,108,106,125,111" hai1="122,112,82,124,123,46,114,48,51,2,70,86,129" hai2="99,64,37,53,113,58,74,71,35,39,47,66,132" hai3=""/><V36/><F35/><T127/><D3/><U78/><N who="1" m="31264" /><U110/><N who="1" m="31520" /><U89/><E2/><V96/><F132/><T56/><D118/><U61/><E110/><N who="0" m="42025" /><D106/><U100/><E129/><V33/><F33/><T32/><D32/><U52/><E124/><V80/><F113/><T93/><D56/><U62/><E100/><V115/><F115/><T1/><D134/><U91/><E91/><V34/><F34/><T38/><D1/><U57/><E62/><V65/><F47/><T67/><D67/><U105/><E105/><V133/><F71/><T54/><D54/><U121/><N who="1" m="31008" /><U50/><E70/><V135/><F135/><T55/><D55/><U131/><E131/><V75/><F133/><T87/><D93/><U102/><E102/><V63/><REACH who="2" step="1"/><F80/><REACH who="2" ten="538,350,152,0" step="2"/><T83/><D83/><U49/><REACH who="1" step="1"/><E78/><REACH who="1" ten="538,340,152,0" step="2"/><V117/><F117/><T69/><D69/><U0/><E0/><V44/><F44/><T119/><D119/><U116/><E116/><V107/><F107/><T95/><D125/><U130/><E130/><V76/><F76/><T68/><D68/><U90/><E90/><V101/><F101/><T126/><D126/><U85/><E85/><V98/><AGARI ba="0,2" hai="36,37,39,53,58,63,64,65,66,74,75,96,98,99" machi="98" ten="40,8000,1" yaku="1,1,0,1,29,2,53,0" doraHai="109" doraHaiUra="103" who="2" fromWho="2" sc="538,-40,340,-40,152,100,0,0" /><INIT seed="2,1,0,5,3,32" ten="498,300,252,0" oya="2" hai0="87,60,95,119,35,109,56,64,98,88,67,49,113" hai1="82,129,48,61,36,125,100,80,134,133,135,130,106" hai2="90,55,38,2,83,52,85,71,69,99,111,33,77" hai3=""/><V115/><F115/><T118/><D35/><U72/><E36/><V63/><F33/><T84/><D109/><U47/><E61/><V45/><F111/><T120/><N who="0" m="30752" /><T62/><D113/><U42/><E72/><V124/><F124/><T66/><D49/><U81/><E100/><V97/><F2/><T101/><D87/><U39/><E106/><V117/><F117/><T58/><D66/><U54/><REACH who="1" step="1"/><E125/><REACH who="1" ten="498,290,252,0" step="2"/><V110/><F110/><T34/><D34/><U131/><E131/><V96/><F63/><T79/><D79/><U3/><E3/><V107/><F107/><AGARI ba="1,1" hai="56,58,60,62,64,67,84,88,95,98,101,107,118,119" m="30752" machi="107" ten="30,7700,0" yaku="7,1,9,1,52,1,54,1" doraHai="32" who="0" fromWho="2" sc="498,89,290,0,252,-79,0,0" /><INIT seed="4,0,0,5,5,49" ten="587,290,173,0" oya="0" hai0="122,124,45,63,57,117,90,47,85,80,120,38,67" hai1="116,126,77,41,102,97,54,50,59,34,93,107,65" hai2="71,95,118,91,135,132,113,98,36,123,84,2,74" hai3=""/><T39/><N who="0" m="30752" /><T51/><N who="0" m="31264" /><T35/><D35/><U110/><E34/><V76/><N who="2" m="31520" /><V68/><F2/><T129/><D117/><U109/><E116/><V43/><F118/><T114/><D129/><U69/><E126/><V86/><F36/><T131/><D131/><U44/><E77/><V92/><F43/><T78/><D124/><U83/><E83/><V100/><F113/><T1/><D47/><U119/><E119/><V104/><F68/><T125/><D125/><U115/><E115/><V89/><F71/><T53/><D114/><U79/><E79/><V52/><F52/><T112/><D112/><U108/><E107/><V33/><F33/><T61/><D1/><U73/><E73/><V55/><F55/><T58/><D78/><U64/><REACH who="1" step="1"/><E69/><REACH who="1" ten="587,280,173,0" step="2"/><V130/><F130/><T128/><D128/><U111/><N who="1" m="27648" /><DORA hai="37" /><U105/><E105/><V32/><REACH who="2" step="1"/><F32/><REACH who="2" ten="587,280,163,0" step="2"/><T82/><D39/><AGARI ba="0,2" hai="39,41,44,50,54,59,64,65,93,97,102" m="27648" machi="39" ten="70,8000,1" yaku="1,1,52,2,53,1" doraHai="49,37" doraHaiUra="3,70" who="1" fromWho="0" sc="587,-80,280,100,163,0,0,0" /><INIT seed="5,0,0,0,4,65" ten="507,380,163,0" oya="1" hai0="108,102,2,67,74,3,70,77,120,110,125,51,52" hai1="90,45,126,53,46,96,35,130,104,63,61,73,95" hai2="41,118,66,99,79,71,78,129,85,60,80,105,47" hai3=""/><U0/><E35/><V114/><F129/><T33/><N who="0" m="30752" /><T101/><D33/><U89/><E0/><V92/><F114/><T97/><D125/><U88/><E73/><V117/><F105/><T68/><D102/><U132/><E130/><V39/><REACH who="2" step="1"/><F79/><REACH who="2" ten="507,380,153,0" step="2"/><T115/><D115/><U98/><E126/><V112/><F112/><T58/><D3/><U107/><E132/><V82/><F82/><T87/><D2/><U40/><E107/><V36/><F36/><T113/><D113/><U83/><E104/><V72/><F72/><T62/><D74/><U48/><E83/><V122/><N who="2" m="31264" /><V111/><F111/><T42/><D108/><U109/><E109/><V43/><F43/><T128/><D42/><U123/><N who="1" m="31520" /><U56/><E96/><V103/><AGARI ba="0,1" hai="39,41,47,60,66,71,78,80,85,92,99,103,117,118" m="31264" machi="103" ten="20,6000,1" yaku="1,1,0,1,7,1,52,2,53,0" doraHai="65" doraHaiUra="54" who="2" fromWho="2" sc="507,-20,380,-40,153,70,0,0" /><INIT seed="6,0,0,0,2,101" ten="487,340,223,0" oya="2" hai0="127,42,65,124,80,38,40,131,71,56,44,35,57" hai1="54,41,77,112,34,105,50,123,82,81,46,47,102" hai2="75,36,86,67,85,116,120,108,52,125,0,61,76" hai3=""/><V111/><N who="2" m="30752" /><V58/><F125/><T32/><D131/><U3/><N who="1" m="31520" /><U53/><E3/><V63/><F116/><T73/><D42/><U48/><E34/><V91/><F36/><T89/><D71/><U92/><E112/><V69/><F0/><T128/><D128/><U106/><E81/><V97/><F97/><T114/><D89/><U94/><E41/><V113/><F113/><T104/><D104/><U87/><E94/><V33/><F33/><T43/><D114/><U68/><E68/><V118/><F118/><T100/><D43/><U126/><E126/><V98/><F98/><AGARI ba="0,0" hai="46,47,48,50,53,54,77,82,87,92,98,102,105,106" m="31520" machi="98" ten="40,8000,1" yaku="9,1,52,3" doraHai="101" who="1" fromWho="2" sc="487,0,340,80,223,-80,0,0" owari="487,44.0,420,2.0,143,-46.0,0,0.0" /></mjloggm>