<mjloggm ver="2.3"><GO type="169" lobby="0"/><UN n0="%28%E6%A0%97%E7%94%B0%E6%81%AD%E5%AE%8F%29" n1="%E3%82%B5%E3%83%96%E3%82%A2%E3%83%A9%E3%83%89" n2="%4D%E6%9C%AC" n3="%E9%BA%BB%E9%9B%80%49%51%31%32%30" dan="16,16,17,17" rate="2185.96,2069.32,2178.48,2218.09" sx="F,M,M,M"/><TAIKYOKU oya="0"/><INIT seed="0,0,0,0,1,44" ten="250,250,250,250" oya="0" hai0="37,59,128,71,67,83,134,85,31,35,30,122,32" hai1="57,127,38,62,77,0,109,111,131,26,132,18,95" hai2="9,125,65,23,118,114,17,97,75,119,3,91,120" hai3="50,112,72,73,39,68,87,33,13,102,117,14,107"/><T40/><D122/><U48/><E38/><V64/><F120/><W2/><G39/><T16/><D71/><U93/><E0/><V133/><F75/><W106/><G2/><T4/><D4/><U51/><E127/><V81/><F114/><W123/><G123/><T36/><D36/><U25/><E77/><V88/><F125/><W104/><G87/><T11/><D134/><U100/><E131/><V94/><F133/><W12/><G102/><T58/><D128/><U49/><E132/><V115/><F115/><W89/><G89/><N who="0" m="51391" /><D32/><U56/><E100/><V101/><F9/><W113/><G33/><T15/><D35/><U121/><E121/><V108/><F108/><N who="1" m="41545" /><E18/><V41/><F41/><W63/><G117/><N who="2" m="44553" /><F3/><W126/><G126/><T1/><D1/><U82/><E82/><V53/><F81/><W79/><G79/><T60/><D37/><U54/><E57/><V21/><F21/><W124/><G124/><T76/><D76/><U66/><E66/><N who="2" m="25707" /><F53/><W20/><G20/><T110/><D40/><U52/><E54/><V22/><F22/><W29/><G113/><T70/><D110/><U47/><E47/><V8/><F8/><W28/><G112/><T42/><D42/><U7/><E7/><V130/><F130/><W105/><G73/><T98/><D70/><U34/><E34/><V5/><F5/><W27/><G72/><T90/><D58/><U103/><E103/><V46/><F46/><W10/><G68/><T86/><D98/><U74/><E74/><V69/><F69/><W19/><N who="3" m="26624" /><DORA hai="96" /><W129/><G129/><T84/><D84/><RYUUKYOKU ba="0,0" sc="250,10,250,10,250,10,250,-30" hai0="11,15,16,30,31,59,60,67,86,90" hai1="25,26,48,49,51,52,56,62,93,95" hai2="17,23,88,91,94,97,101" /><INIT seed="0,1,0,0,0,16" ten="260,260,260,220" oya="0" hai0="94,105,132,121,97,27,44,29,93,135,111,60,127" hai1="38,69,56,2,66,17,115,86,31,37,65,67,30" hai2="59,82,5,72,42,126,83,75,7,4,49,102,55" hai3="108,8,77,26,92,76,88,118,20,45,104,113,89"/><T14/><D121/><U33/><E69/><V40/><F126/><W87/><G108/><T79/><D127/><U80/><E115/><V90/><F102/><W1/><G118/><T19/><D105/><U109/><E109/><V53/><F90/><W125/><G113/><T46/><D111/><U100/><E100/><V84/><F84/><W70/><G70/><T47/><D79/><U51/><E2/><V96/><F96/><W22/><G125/><T71/><D71/><U50/><E17/><V122/><F122/><W28/><G104/><T68/><D68/><U21/><E33/><V123/><F123/><W119/><G119/><T131/><D60/><U12/><E56/><V129/><F129/><W36/><G20/><N who="0" m="11383" /><D97/><U101/><E101/><V48/><F7/><W9/><G89/><T107/><D107/><U32/><E32/><V39/><REACH who="2" step="1"/><F59/><REACH who="2" ten="260,260,250,220" step="2"/><W73/><G77/><T34/><D131/><U124/><E124/><V52/><F52/><W25/><G76/><T6/><D6/><U62/><E86/><V117/><F117/><W64/><G73/><T98/><D98/><U99/><E99/><V0/><F0/><W61/><G1/><T120/><D120/><U81/><E67/><V112/><F112/><W91/><G91/><T134/><AGARI ba="1,1" hai="27,29,34,44,46,47,93,94,132,134,135" m="11383" machi="134" ten="40,3900,0" yaku="20,1,52,1" doraHai="16" who="0" fromWho="0" sc="260,52,260,-14,250,-14,220,-14" /><INIT seed="0,2,0,2,5,129" ten="312,246,236,206" oya="0" hai0="53,134,23,70,90,3,80,52,59,27,99,71,125" hai1="106,45,37,79,75,56,76,19,25,114,39,66,61" hai2="49,54,100,113,119,43,26,77,5,28,103,42,38" hai3="78,20,8,73,64,109,60,98,31,133,48,112,55"/><T74/><D3/><U9/><E106/><V18/><F113/><W40/><G109/><T69/><D125/><U128/><E128/><V11/><F18/><W34/><G34/><T83/><D134/><U16/><E114/><V110/><F110/><W12/><G133/><T22/><D74/><U115/><E115/><V7/><F77/><W88/><G40/><T111/><D111/><U32/><E75/><V14/><F7/><W1/><G1/><T135/><D135/><U0/><E0/><V95/><F38/><W41/><G41/><T47/><D47/><U87/><E39/><V120/><F120/><W122/><G122/><T104/><D23/><U30/><E45/><V29/><F29/><W21/><G31/><T97/><D104/><U94/><E37/><V2/><F2/><W57/><G78/><T13/><D13/><U91/><E9/><V62/><F62/><W46/><G73/><T82/><D90/><U101/><E101/><N who="2" m="38987" /><F95/><N who="3" m="56679" /><G112/><T126/><D126/><U132/><E132/><V89/><F89/><W84/><G84/><T4/><D4/><AGARI ba="2,0" hai="4,8,12,20,21,46,48,55,57,60,64" m="56679" machi="4" ten="30,2000,0" yaku="8,1,54,1" doraHai="129" who="3" fromWho="0" sc="312,-26,246,0,236,0,206,26" /><INIT seed="1,0,0,0,4,7" ten="286,246,236,232" oya="1" hai0="18,74,12,14,119,61,92,128,105,55,28,102,54" hai1="130,78,47,101,31,21,2,90,99,48,59,125,71" hai2="93,131,87,5,9,33,111,84,109,79,20,0,11" hai3="100,49,123,72,3,39,126,26,16,98,23,133,106"/><U51/><E71/><V67/><F33/><W35/><G39/><T34/><D119/><U88/><E2/><V135/><F67/><W53/><G126/><T97/><D74/><U37/><E125/><V10/><F135/><W73/><G133/><T40/><D128/><U41/><E130/><V15/><F131/><W58/><G123/><T66/><D40/><U62/><E78/><V56/><F56/><W30/><REACH who="3" step="1"/><G3/><REACH who="3" ten="286,246,236,222" step="2"/><T6/><D6/><U80/><E37/><V52/><F0/><W45/><G45/><T75/><D75/><U95/><E80/><N who="2" m="47135" /><F111/><W104/><G104/><T91/><D105/><U42/><E42/><V120/><F109/><W116/><G116/><T129/><D129/><U110/><E110/><V107/><F107/><W132/><G132/><T8/><D102/><U69/><E69/><V117/><F117/><W4/><G4/><T36/><D36/><U82/><E82/><V85/><F120/><W19/><G19/><T108/><D108/><U122/><E122/><V115/><F115/><W86/><G86/><N who="2" m="32777" /><F93/><W63/><G63/><T60/><D60/><U112/><E112/><V121/><F121/><W44/><G44/><T38/><D38/><U118/><E118/><V96/><F96/><W68/><G68/><T134/><D134/><U89/><E47/><V70/><F70/><W77/><G77/><T24/><D61/><U50/><E41/><V114/><F114/><W57/><G57/><T46/><D46/><U124/><E124/><V43/><F5/><W103/><G103/><T27/><D97/><U83/><E99/><V81/><F81/><RYUUKYOKU ba="0,1" sc="286,-10,246,-10,236,-10,222,30" hai3="16,23,26,30,35,49,53,58,72,73,98,100,106" /><INIT seed="2,1,1,0,1,124" ten="276,236,226,252" oya="2" hai0="11,119,63,53,114,37,125,54,93,27,9,108,133" hai1="128,59,113,126,8,132,123,65,7,1,20,101,17" hai2="33,78,55,50,76,45,25,83,12,110,79,68,118" hai3="67,127,36,95,42,94,96,62,131,112,30,18,2"/><V74/><F118/><W116/><G127/><T61/><D125/><U84/><E126/><V19/><F68/><W115/><G116/><T56/><D119/><U86/><E113/><V47/><F110/><W103/><G2/><T60/><D114/><U104/><E123/><V82/><F33/><W64/><G30/><T106/><D106/><U16/><E132/><V100/><F100/><W28/><G28/><T69/><D37/><U130/><E17/><V51/><F25/><W0/><G0/><T122/><D122/><U10/><E10/><N who="0" m="3593" /><D69/><U46/><E46/><V71/><F71/><W117/><G117/><T99/><D108/><U21/><E21/><N who="2" m="11495" /><F74/><W24/><G42/><AGARI ba="1,1" hai="42,45,47,50,51,55,76,78,79,82,83" m="11495" machi="42" ten="30,1500,0" yaku="8,1" doraHai="124" who="2" fromWho="3" sc="276,0,236,0,226,28,252,-18" /><INIT seed="2,2,0,4,3,77" ten="276,236,254,234" oya="2" hai0="107,124,109,3,120,86,66,102,131,39,105,114,71" hai1="73,48,83,63,97,50,49,129,37,79,93,99,27" hai2="68,98,5,78,28,21,43,70,6,47,24,7,59" hai3="13,67,46,62,101,35,55,75,90,123,106,65,104"/><V126/><F126/><W1/><G1/><T60/><RYUUKYOKU type="yao9" ba="2,0" sc="276,0,236,0,254,0,234,0" hai0="3,39,60,66,71,86,102,105,107,109,114,120,124,131" /><INIT seed="2,3,0,2,4,33" ten="276,236,254,234" oya="2" hai0="64,41,113,108,39,115,50,57,42,16,31,10,80" hai1="58,88,21,69,93,73,92,128,0,30,124,67,122" hai2="71,110,91,94,101,48,131,105,11,104,19,35,53" hai3="99,81,119,111,61,62,25,103,15,132,51,82,12"/><V9/><F35/><W118/><G111/><T63/><D108/><U121/><E124/><V116/><F110/><W117/><G25/><T85/><D39/><U72/><E69/><V98/><F116/><W14/><G51/><T1/><D31/><U40/><E40/><V47/><F131/><W100/><G99/><T74/><D74/><U5/><E128/><V24/><F71/><W102/><REACH who="3" step="1"/><G132/><REACH who="3" ten="276,236,254,224" step="2"/><T89/><D50/><U8/><E122/><V59/><F47/><W20/><G20/><T43/><REACH who="0" step="1"/><D16/><REACH who="0" ten="266,236,254,224" step="2"/><U95/><E121/><V97/><F19/><W13/><N who="3" m="3072" /><DORA hai="36" /><W79/><G79/><T106/><D106/><U123/><E123/><V27/><REACH who="2" step="1"/><F105/><REACH who="2" ten="266,236,244,224" step="2"/><W22/><G22/><T120/><D120/><U87/><E21/><V78/><F78/><W6/><G6/><AGARI ba="3,3" hai="1,6,10,41,42,43,57,63,64,80,85,89,113,115" machi="6" ten="40,12000,2" yaku="1,1,52,4,53,1" doraHai="33,36" doraHaiUra="76,134" who="0" fromWho="3" sc="266,159,236,0,244,0,224,-129" /><INIT seed="3,0,0,5,3,111" ten="425,236,244,95" oya="3" hai0="14,55,126,2,97,131,69,32,40,104,103,45,39" hai1="134,6,35,124,60,90,56,43,10,120,27,83,105" hai2="99,11,125,54,3,92,101,72,47,41,77,70,0" hai3="122,31,109,75,46,85,58,135,82,20,102,30,34"/><W19/><G122/><T118/><D118/><U12/><E124/><V74/><F125/><W18/><G75/><T64/><D126/><U65/><E134/><V57/><F70/><W114/><G135/><T127/><D127/><U100/><E120/><V5/><F3/><W133/><G133/><T1/><D32/><U25/><E43/><V26/><F26/><W15/><G34/><T13/><D131/><U50/><E35/><V36/><REACH who="2" step="1"/><F77/><REACH who="2" ten="425,236,234,95" step="2"/><W28/><G109/><T98/><D2/><U117/><E27/><V9/><F9/><W61/><G114/><T79/><D1/><U123/><E25/><V63/><AGARI ba="0,1" hai="0,5,11,36,41,47,54,57,63,72,74,92,99,101" machi="63" ten="20,2700,0" yaku="1,1,0,1,7,1,53,0" doraHai="111" doraHaiUra="8" who="2" fromWho="2" sc="425,-7,236,-7,234,37,95,-13" /><INIT seed="4,0,0,0,2,0" ten="418,229,271,82" oya="0" hai0="38,61,69,118,114,55,31,126,106,24,129,13,11" hai1="117,39,18,91,85,72,21,92,67,109,100,51,76" hai2="78,27,59,79,16,5,107,101,19,89,97,56,111" hai3="22,7,40,25,23,105,131,110,10,14,135,15,113"/><T32/><D118/><U17/><E117/><V108/><F89/><W28/><G105/><T104/><D38/><U84/><E109/><V34/><F34/><W4/><G110/><T52/><D114/><U29/><E39/><V120/><F27/><W134/><G40/><T30/><D30/><U88/><E67/><V124/><F107/><W35/><G113/><T123/><D123/><U47/><E72/><V44/><F97/><W1/><G131/><T96/><D126/><U127/><E100/><V93/><F93/><W95/><G95/><T6/><D129/><U122/><E76/><V2/><F2/><W9/><REACH who="3" step="1"/><G1/><REACH who="3" ten="418,229,271,72" step="2"/><T60/><D106/><U37/><E127/><V125/><F111/><W53/><G53/><T75/><D104/><U46/><E122/><V102/><F108/><W26/><G26/><T87/><D55/><U12/><E37/><V68/><F120/><W83/><G83/><T74/><D52/><N who="1" m="29815" /><E47/><V94/><F44/><W80/><G80/><T112/><D112/><U62/><E62/><V43/><F43/><W20/><AGARI ba="0,1" hai="4,7,9,10,14,15,20,22,23,25,28,35,134,135" machi="20" ten="30,16000,3" yaku="1,1,0,1,9,1,34,3,52,2,53,0" doraHai="0" doraHaiUra="64" who="3" fromWho="3" sc="418,-80,229,-40,271,-40,72,170" /><INIT seed="5,0,0,5,2,115" ten="338,189,231,242" oya="1" hai0="108,113,33,50,52,85,43,13,70,83,86,120,24" hai1="88,124,130,123,75,114,94,39,135,64,90,126,104" hai2="30,67,76,37,116,118,74,81,122,103,102,95,32" hai3="19,44,1,53,58,34,91,20,26,8,129,69,96"/><U49/><E114/><V119/><F37/><W82/><G129/><T40/><D113/><U36/><E123/><V5/><F122/><W14/><G69/><T54/><D120/><U63/><E130/><V55/><F67/><W28/><G44/><T12/><D108/><U57/><E104/><V42/><F42/><W110/><G110/><T79/><D70/><U2/><E2/><V87/><F5/><W89/><G96/><T80/><D33/><U46/><E75/><V107/><F55/><N who="0" m="21034" /><D24/><U23/><E23/><V132/><F30/><W65/><G65/><T35/><D35/><U47/><E135/><V10/><F10/><W72/><G72/><T68/><D68/><U0/><E0/><V101/><F32/><W29/><G82/><T127/><D127/><N who="1" m="48683" /><E49/><V41/><F41/><N who="0" m="15946" /><D50/><U73/><E73/><V56/><F56/><W133/><G133/><T48/><D48/><U134/><E134/><V106/><F132/><W77/><G29/><T17/><D17/><U25/><E25/><V93/><F74/><W51/><G77/><AGARI ba="0,0" hai="12,13,77,79,80,83,85,86" m="15946,21034" machi="77" ten="30,2000,0" yaku="8,1,54,1" doraHai="115" who="0" fromWho="3" sc="338,20,189,0,231,0,242,-20" /><INIT seed="6,0,0,1,3,24" ten="358,189,231,222" oya="2" hai0="43,35,118,11,133,10,101,113,80,17,93,104,106" hai1="119,42,46,0,40,2,95,20,63,98,30,7,3" hai2="57,109,19,115,49,8,76,72,61,13,135,67,33" hai3="87,116,77,84,131,53,92,22,64,68,56,65,75"/><V122/><F122/><W50/><G116/><T59/><D35/><U125/><E119/><V111/><F115/><W37/><G131/><T70/><D70/><U23/><E7/><V82/><F135/><W27/><G37/><T121/><D118/><U97/><E125/><V85/><F33/><W9/><G9/><T102/><D121/><U47/><E63/><V83/><REACH who="2" step="1"/><F49/><REACH who="2" ten="358,189,221,222" step="2"/><W21/><G50/><T58/><D113/><U86/><E40/><V36/><F36/><W129/><G129/><T78/><D43/><U90/><E42/><V16/><F16/><W18/><G18/><T51/><D133/><U14/><E47/><V6/><F6/><W130/><G130/><T88/><D17/><U26/><E46/><V1/><F1/><W74/><G21/><T15/><D51/><U38/><E38/><V54/><F54/><W73/><G53/><T132/><D132/><U31/><E14/><V79/><AGARI ba="0,1" hai="8,13,19,57,61,67,72,76,79,82,83,85,109,111" machi="79" ten="30,11700,0" yaku="1,1,0,1,53,2" doraHai="24" doraHaiUra="120" who="2" fromWho="2" sc="358,-39,189,-39,221,127,222,-39" /><INIT seed="6,1,0,4,3,118" ten="319,150,348,183" oya="2" hai0="25,91,2,114,45,47,130,57,31,51,9,55,4" hai1="110,64,134,49,60,37,74,48,14,52,80,59,102" hai2="107,132,69,108,21,16,93,115,44,42,70,66,125" hai3="61,17,100,56,22,18,62,84,34,95,98,131,104"/><V43/><F107/><W54/><G131/><T86/><D114/><U73/><E110/><V97/><F115/><W121/><G121/><T109/><D130/><U33/><E33/><V6/><F6/><W83/><G34/><T40/><D109/><U88/><E134/><V75/><F75/><W120/><G120/><T89/><D47/><U135/><E135/><V58/><F132/><W124/><G124/><T24/><D31/><U26/><E37/><V113/><F113/><W36/><G36/><T39/><REACH who="0" step="1"/><D89/><REACH who="0" ten="309,150,348,183" step="2"/><U20/><E102/><V29/><F29/><W5/><G17/><T10/><D10/><U119/><E119/><V112/><F44/><W19/><G18/><T0/><D0/><U71/><E48/><V122/><F108/><W133/><G133/><T30/><D30/><U94/><E14/><V38/><F112/><W96/><G5/><T76/><D76/><U15/><E15/><V126/><F16/><W111/><G111/><T105/><D105/><U41/><E26/><V11/><F11/><W12/><G61/><T3/><D3/><U8/><E8/><V53/><F126/><W7/><G7/><T50/><D50/><U68/><E20/><V101/><F21/><W92/><G104/><T32/><D32/><U127/><E127/><V103/><F125/><W13/><G13/><T1/><D1/><U99/><E41/><V35/><F35/><W90/><G100/><T77/><D77/><U116/><E116/><V28/><F103/><W128/><G128/><T79/><D79/><N who="1" m="44143" /><E74/><V46/><F101/><W87/><G87/><T27/><D27/><RYUUKYOKU ba="1,1" sc="309,10,150,10,348,-30,183,10" hai0="2,4,9,24,25,39,40,45,51,55,57,86,91" hai1="49,52,59,60,64,68,71,88,94,99" hai3="12,19,22,54,56,62,83,84,90,92,95,96,98" /><INIT seed="7,2,1,2,3,123" ten="319,160,318,193" oya="3" hai0="28,98,1,14,23,90,87,99,101,30,6,17,26" hai1="64,55,49,93,42,46,20,107,59,32,115,47,41" hai2="76,12,114,77,70,85,125,57,24,84,16,68,118" hai3="74,10,122,75,119,43,103,111,102,133,35,110,121"/><W67/><G35/><T91/><D1/><U65/><E32/><V54/><F118/><W51/><G119/><T18/><D6/><U96/><E107/><V113/><F24/><W82/><G67/><T100/><D98/><U25/><E115/><N who="2" m="44043" /><F125/><W120/><G10/><N who="0" m="6359" /><D99/><U131/><E131/><V83/><F85/><W80/><G133/><T13/><D91/><U94/><E94/><V37/><F77/><W66/><G66/><T135/><D135/><U3/><E3/><V9/><F37/><W44/><G82/><N who="0" m="49527" /><D28/><U38/><E93/><V48/><AGARI ba="2,1" hai="9,12,16,48,54,57,68,70,76,83,84" m="44043" machi="48" ten="30,2000,0" yaku="15,1,54,1" doraHai="123" who="2" fromWho="2" sc="319,-7,160,-7,318,36,193,-12" owari="312,11.0,153,-35.0,354,46.0,181,-22.0" /></mjloggm>