<mjloggm ver="2.3"><GO type="169" lobby="0"/><UN n0="%E4%B8%83%E7%94%9F%E5%A4%95" n1="%E3%82%B5%E3%83%95%E3%82%A9%E3%83%BC%E3%82%AF%E3%81%AE%E7%94%BA" n2="%74%6F%69%74%6F%69%34" n3="%E3%81%82%E3%81%9F%E3%81%8B%E3%81%AA" dan="16,16,16,17" rate="2110.56,2153.94,2116.25,2149.14" sx="M,M,F,M"/><TAIKYOKU oya="0"/><INIT seed="0,0,0,2,2,16" ten="250,250,250,250" oya="0" hai0="33,125,52,84,113,96,102,9,12,79,28,80,103" hai1="89,117,109,20,133,94,46,43,53,90,17,69,88" hai2="124,38,106,135,56,128,31,85,77,45,3,132,29" hai3="110,6,39,59,78,36,26,47,97,65,81,123,100"/><T75/><D113/><U104/><E109/><V41/><F106/><W63/><G110/><T108/><D108/><U115/><E115/><V64/><F3/><W99/><G123/><T2/><D2/><U23/><E104/><V40/><F40/><W73/><G6/><T129/><D125/><U122/><E122/><V60/><F124/><W34/><G97/><T4/><D129/><U51/><E117/><V55/><F128/><W50/><G34/><T10/><D75/><U76/><E69/><V44/><F77/><W67/><G65/><T19/><D33/><U49/><E133/><N who="2" m="51275" /><F85/><W13/><G13/><T61/><D28/><U72/><E94/><V54/><F31/><W114/><G114/><T130/><D130/><U107/><E107/><V118/><F29/><W121/><G26/><T82/><D82/><U119/><E119/><V111/><F111/><W74/><G74/><T62/><D96/><U25/><E23/><V112/><F112/><W22/><G22/><N who="0" m="11623" /><D4/><U68/><E68/><V24/><F24/><W30/><G30/><T8/><D62/><U98/><E98/><V87/><F118/><W93/><G121/><T57/><AGARI ba="0,0" hai="8,9,10,52,57,61,79,80,84,102,103" m="11623" machi="57" ten="30,6000,0" yaku="8,1,52,1,54,1" doraHai="16" who="0" fromWho="0" sc="250,60,250,-20,250,-20,250,-20" /><INIT seed="0,1,0,5,2,58" ten="310,230,230,230" oya="0" hai0="61,111,90,29,69,73,121,135,27,94,72,23,65" hai1="19,39,116,56,60,16,87,46,132,76,80,123,97" hai2="122,91,5,81,118,50,130,51,77,12,106,95,84" hai3="41,101,113,82,98,10,112,71,120,86,105,115,119"/><T57/><D121/><U89/><E116/><V43/><F122/><W18/><G120/><T34/><D135/><U26/><E123/><V49/><F118/><W124/><G119/><T42/><D111/><U108/><E108/><V44/><F106/><W62/><G41/><T9/><D42/><U45/><E39/><V38/><F130/><W133/><G133/><T2/><D34/><U66/><E132/><V13/><REACH who="2" step="1"/><F5/><REACH who="2" ten="310,230,220,230" step="2"/><W128/><G128/><T68/><D69/><U134/><E134/><V67/><F67/><W74/><G71/><T4/><REACH who="0" step="1"/><D68/><REACH who="0" ten="300,230,220,230" step="2"/><U55/><E66/><V11/><F11/><W14/><G112/><T48/><D48/><U96/><E45/><V36/><F36/><W17/><G115/><T0/><D0/><U83/><E46/><V70/><F70/><W7/><G113/><T88/><D88/><U102/><E102/><V75/><AGARI ba="1,2" hai="12,13,38,43,44,49,50,51,75,77,81,84,91,95" machi="75" ten="30,2000,0" yaku="1,1,0,1,53,0" doraHai="58" doraHaiUra="20" who="2" fromWho="2" sc="300,-11,230,-6,220,43,230,-6" /><INIT seed="1,0,0,2,1,46" ten="289,224,263,224" oya="1" hai0="38,25,95,70,107,6,94,130,114,64,34,100,10" hai1="57,106,15,131,50,67,132,26,1,69,44,75,119" hai2="83,12,23,129,13,99,98,104,109,78,49,87,56" hai3="77,88,79,122,32,117,41,124,40,116,135,7,42"/><U80/><E1/><V72/><F109/><W102/><G122/><T96/><D114/><U66/><E106/><V118/><F118/><N who="3" m="45675" /><G124/><T37/><D130/><U8/><E119/><V43/><F129/><W86/><G32/><T24/><D24/><U101/><E131/><V73/><F73/><W53/><G102/><T120/><D94/><U35/><E101/><V18/><F104/><W19/><G7/><T92/><D95/><U14/><E69/><V108/><F108/><W110/><G110/><T97/><D120/><U103/><E103/><V4/><F72/><W85/><G135/><T0/><D92/><U36/><E36/><V76/><F78/><N who="3" m="29707" /><G19/><T123/><D96/><U133/><E75/><V29/><F29/><W68/><G68/><T65/><D65/><U82/><E67/><V52/><F43/><W54/><G88/><T28/><D123/><U61/><E82/><V2/><F2/><W33/><G33/><T47/><D47/><U60/><E80/><V62/><F62/><AGARI ba="0,0" hai="0,6,10,25,28,34,37,38,62,64,70,97,100,107" machi="62" ten="40,8000,1" yaku="25,2,33,3" doraHai="46" who="0" fromWho="2" sc="289,80,224,0,263,-80,224,0" /><INIT seed="2,0,0,1,4,47" ten="369,224,183,224" oya="2" hai0="50,71,41,56,26,131,46,57,91,33,17,132,105" hai1="21,42,122,61,98,66,37,18,69,90,63,118,79" hai2="7,2,8,77,44,82,3,80,109,23,4,94,13" hai3="130,86,55,99,20,74,116,60,115,106,34,135,96"/><V40/><F109/><W11/><G34/><T124/><D71/><U24/><E118/><V58/><F82/><W28/><G74/><T95/><D105/><U70/><E122/><V133/><F133/><W16/><G106/><T120/><D120/><U35/><E35/><V32/><F32/><W114/><G116/><T108/><D108/><U103/><E79/><V92/><F58/><N who="3" m="34911" /><G130/><T39/><D131/><U73/><E73/><V85/><F4/><W19/><G86/><T81/><D81/><U22/><E90/><V52/><F23/><W121/><G121/><T93/><D124/><U112/><E112/><N who="3" m="43050" /><G135/><T102/><D33/><U128/><E128/><V1/><REACH who="2" step="1"/><F52/><REACH who="2" ten="369,224,173,224" step="2"/><W53/><G53/><T76/><D132/><U65/><E22/><V29/><F29/><W25/><G11/><T59/><D57/><U110/><E110/><V83/><F83/><W36/><G36/><AGARI ba="0,1" hai="1,2,3,7,8,13,36,40,44,77,80,85,92,94" machi="36" ten="40,2000,0" yaku="1,1,53,0" doraHai="47" doraHaiUra="12" who="2" fromWho="3" sc="369,0,224,0,173,30,224,-20" /><INIT seed="2,1,0,5,1,25" ten="369,224,203,204" oya="2" hai0="57,89,44,88,127,126,36,129,111,80,112,21,61" hai1="11,15,39,62,117,16,65,63,26,30,87,128,68" hai2="114,2,47,18,102,52,92,79,116,94,69,20,101" hai3="110,85,113,123,131,54,115,41,27,28,8,93,12"/><V19/><F114/><N who="3" m="43531" /><G123/><T14/><D112/><U9/><E128/><V81/><F116/><W5/><G110/><T96/><D129/><U49/><E117/><V45/><F69/><W67/><G67/><T34/><D34/><U134/><E134/><V22/><F2/><W10/><G41/><T121/><D111/><U17/><E39/><V32/><F32/><W70/><G70/><T78/><D121/><U73/><E73/><V125/><F125/><W46/><G131/><T95/><D44/><U97/><E87/><V31/><F81/><W42/><G54/><T77/><D36/><U130/><E130/><V50/><F79/><W56/><G56/><T58/><D58/><U100/><E49/><V23/><F23/><W64/><G64/><T76/><D80/><U105/><E63/><V103/><F31/><W71/><G10/><N who="1" m="3594" /><E15/><N who="2" m="9311" /><F47/><W48/><G71/><T43/><D126/><U0/><E0/><V109/><F109/><W86/><G93/><T83/><D83/><U118/><E118/><V133/><F133/><W13/><G13/><AGARI ba="1,0" hai="13,19,22,45,50,52,92,94,101,102,103" m="9311" machi="13" ten="30,2900,0" yaku="8,1,54,1" doraHai="25" who="2" fromWho="3" sc="369,0,224,0,203,32,204,-32" /><INIT seed="2,2,0,2,2,46" ten="369,224,235,172" oya="2" hai0="21,85,102,108,5,78,45,8,87,106,17,66,123" hai1="120,37,34,131,0,109,98,43,6,15,121,116,32" hai2="25,69,70,104,77,48,52,35,60,57,50,14,105" hai3="63,30,76,93,71,64,75,1,134,100,84,113,79"/><V27/><F77/><W24/><G134/><T11/><D108/><U61/><E15/><V125/><F125/><W92/><G1/><T97/><D66/><U36/><E109/><V7/><F104/><W16/><G113/><T73/><D123/><U59/><E116/><V58/><F105/><W47/><G75/><T72/><D72/><U38/><E43/><V68/><F35/><W88/><G47/><T111/><D111/><U110/><E110/><V127/><F127/><W26/><G26/><T135/><D135/><U126/><E126/><V86/><F86/><W3/><G3/><T80/><D11/><N who="1" m="2503" /><E98/><V95/><F95/><W20/><REACH who="3" step="1"/><G30/><REACH who="3" ten="369,224,235,162" step="2"/><T107/><D73/><U124/><E124/><V12/><F12/><W74/><G74/><T130/><D130/><U112/><E131/><V31/><F31/><W65/><G65/><T23/><D45/><U55/><E112/><V67/><REACH who="2" step="1"/><F50/><REACH who="2" ten="369,224,225,162" step="2"/><W89/><G89/><T4/><D78/><U81/><E81/><V119/><F119/><W133/><G133/><T22/><D80/><U128/><E128/><V129/><F129/><W117/><G117/><T40/><D106/><U18/><E121/><V29/><F29/><W10/><G10/><AGARI ba="2,2" hai="7,10,14,25,27,48,52,57,58,60,67,68,69,70" machi="10" ten="40,7700,0" yaku="1,1,52,1,54,1,53,0" doraHai="46" doraHaiUra="115" who="2" fromWho="3" sc="369,0,224,0,225,103,162,-83" /><INIT seed="2,3,0,5,2,59" ten="369,224,328,79" oya="2" hai0="44,4,42,64,15,58,1,0,16,75,102,93,46" hai1="49,126,21,55,85,90,132,125,33,23,11,84,45" hai2="8,36,20,134,19,100,109,108,87,29,127,105,27" hai3="83,91,18,117,30,104,63,99,82,54,34,26,69"/><V61/><F36/><W70/><G117/><T107/><D107/><U77/><E33/><V118/><F118/><W110/><G110/><N who="2" m="42601" /><F127/><N who="1" m="48649" /><E132/><V5/><F134/><W48/><G18/><T122/><D75/><U76/><E11/><V50/><F50/><W66/><G69/><T81/><D81/><N who="1" m="47143" /><E77/><V98/><F87/><W114/><G114/><T57/><D4/><U68/><E68/><V92/><F105/><W88/><G91/><T67/><D102/><U95/><AGARI ba="3,0" hai="21,23,45,49,55,85,90,95" m="47143,48649" machi="95" ten="30,1100,0" yaku="18,1" doraHai="59" who="1" fromWho="1" sc="369,-6,224,20,328,-8,79,-6" /><INIT seed="3,0,0,1,0,114" ten="363,244,320,73" oya="3" hai0="82,4,81,32,69,118,46,78,70,80,62,39,106" hai1="124,128,111,101,99,26,122,93,112,113,51,29,7" hai2="110,11,21,129,35,61,109,27,54,135,42,20,88" hai3="13,18,37,98,59,127,8,53,17,75,25,43,132"/><W19/><G127/><T71/><D106/><U14/><E122/><V115/><F115/><W12/><G132/><T45/><D32/><U55/><E124/><V58/><F135/><W47/><G75/><T134/><D134/><U33/><E111/><N who="2" m="42507" /><F129/><W131/><G131/><T60/><D4/><U96/><E128/><V22/><F42/><W104/><G25/><T97/><D97/><U125/><E125/><V120/><F120/><W100/><REACH who="3" step="1"/><G13/><REACH who="3" ten="363,244,320,63" step="2"/><T119/><D78/><U89/><E14/><V94/><F35/><W85/><G85/><T92/><D92/><U36/><E112/><V102/><F27/><W126/><G126/><T1/><D1/><U117/><E113/><V121/><F121/><W10/><G10/><T108/><D108/><U103/><E26/><V44/><F11/><W130/><G130/><T66/><D82/><U6/><E33/><V95/><F95/><W133/><G133/><T16/><D80/><U87/><E87/><V64/><F94/><W83/><G83/><T0/><D81/><U41/><E93/><V86/><F86/><W65/><G65/><T84/><D66/><U31/><E99/><V76/><F76/><W74/><G74/><T116/><D0/><U23/><E96/><V90/><F102/><W3/><G3/><T56/><D84/><U38/><E101/><V73/><F73/><W72/><G72/><T57/><D116/><U2/><E103/><V34/><F34/><W68/><G68/><T49/><D70/><U67/><E117/><V5/><F64/><W63/><AGARI ba="0,1" hai="8,12,17,18,19,37,43,47,53,59,63,98,100,104" machi="63" ten="20,3900,0" yaku="1,1,0,1,7,1,53,0" doraHai="114" doraHaiUra="77" who="3" fromWho="3" sc="363,-13,244,-13,320,-13,63,49" /><INIT seed="3,1,0,2,4,119" ten="350,231,307,112" oya="3" hai0="60,7,114,21,67,44,29,105,82,125,10,73,88" hai1="130,135,116,56,129,34,92,110,28,71,36,11,55" hai2="108,20,85,14,3,97,64,77,43,23,121,35,50" hai3="22,45,8,78,2,40,32,95,91,115,124,58,61"/><W118/><G115/><T134/><D105/><U1/><E116/><V112/><F3/><W126/><G118/><T90/><D114/><U30/><E71/><V98/><F35/><W100/><G32/><T66/><D66/><U0/><E36/><V96/><F112/><W52/><G78/><T33/><D33/><U127/><E110/><V128/><F108/><W38/><G100/><T75/><D125/><U18/><E127/><N who="3" m="48682" /><G22/><T106/><D134/><U94/><E135/><V53/><F128/><N who="1" m="49257" /><E0/><V76/><F23/><W49/><G8/><T83/><D106/><U107/><E107/><V46/><F77/><W4/><G4/><T69/><D44/><U12/><E1/><V102/><F102/><W27/><G27/><T47/><D47/><U99/><E34/><V26/><F14/><W57/><G2/><T80/><D21/><U9/><E9/><V70/><F76/><W122/><G122/><T54/><D29/><N who="1" m="11371" /><E99/><V62/><F121/><W41/><G58/><T6/><D6/><U93/><E92/><V51/><F20/><W132/><G132/><T42/><D10/><U37/><E37/><V72/><F26/><W59/><G59/><T86/><D7/><U48/><AGARI ba="1,0" hai="11,12,18,48,55,56,93,94" m="11371,49257" machi="48" ten="30,1100,0" yaku="19,1" doraHai="119" who="1" fromWho="1" sc="350,-4,231,14,307,-4,112,-6" /><INIT seed="4,0,0,2,2,26" ten="346,245,303,106" oya="0" hai0="32,90,117,12,39,115,42,103,15,121,116,49,59" hai1="52,132,55,27,62,80,76,16,125,68,58,43,17" hai2="57,74,119,29,95,84,31,94,78,123,106,112,54" hai3="60,23,101,135,69,71,67,2,122,28,3,133,24"/><T11/><D121/><U114/><E132/><V105/><F123/><W83/><G122/><T131/><D39/><U41/><E125/><V13/><F74/><W87/><G71/><T120/><D120/><U64/><E114/><V108/><F108/><W127/><G127/><T7/><D115/><U97/><E97/><V33/><F33/><W118/><G118/><T85/><D32/><U8/><E55/><V79/><F112/><W113/><G113/><T34/><D131/><U40/><E8/><V104/><F119/><W47/><G101/><T124/><D34/><U56/><E27/><V72/><F72/><W46/><G3/><T53/><D124/><U92/><E92/><V130/><F13/><W65/><G65/><T45/><D103/><U38/><E38/><V96/><F130/><W50/><G2/><T63/><REACH who="0" step="1"/><D15/><REACH who="0" ten="336,245,303,106" step="2"/><U100/><E100/><V77/><F84/><W51/><G133/><T36/><D36/><U44/><E68/><V102/><REACH who="2" step="1"/><F95/><AGARI ba="0,1" hai="7,11,12,42,45,49,53,59,63,85,90,95,116,117" machi="95" ten="30,2900,0" yaku="1,1,7,1,53,0" doraHai="26" doraHaiUra="70" who="0" fromWho="2" sc="336,39,245,0,303,-29,106,0" /><INIT seed="4,1,0,0,2,16" ten="375,245,274,106" oya="0" hai0="61,52,9,0,131,28,105,38,68,22,75,86,117" hai1="122,29,129,24,2,84,13,116,49,32,119,66,98" hai2="64,91,58,14,73,113,36,40,96,106,50,12,71" hai3="77,33,102,134,55,19,110,8,99,1,97,130,76"/><T65/><D117/><U48/><E2/><V18/><F73/><W90/><G110/><T89/><D75/><U123/><E66/><V72/><F72/><W35/><G134/><T31/><D105/><U80/><E129/><V69/><F14/><W104/><G130/><T54/><D38/><U46/><E116/><V132/><F132/><W103/><G90/><T41/><D41/><U124/><E119/><V21/><F36/><W85/><G55/><T10/><D131/><U17/><E98/><V67/><F113/><W82/><G77/><T135/><D135/><U63/><E63/><V74/><F74/><W126/><G126/><T59/><D54/><U44/><E124/><V78/><F78/><W39/><G39/><T107/><D107/><U88/><E48/><V94/><F106/><W3/><G3/><T128/><D31/><U108/><E108/><V34/><F34/><W6/><REACH who="3" step="1"/><G19/><REACH who="3" ten="375,245,274,96" step="2"/><T118/><D0/><U43/><REACH who="1" step="1"/><E44/><REACH who="1" ten="375,235,274,96" step="2"/><V93/><F91/><W15/><G15/><T7/><D128/><U57/><E57/><V51/><F58/><W92/><AGARI ba="1,2" hai="1,6,8,33,35,76,82,85,92,97,99,102,103,104" machi="92" ten="20,2700,0" yaku="1,1,0,1,7,1,53,0" doraHai="16" doraHaiUra="11" who="3" fromWho="3" sc="375,-14,235,-8,274,-8,96,50" /><INIT seed="5,0,0,1,5,112" ten="361,227,266,146" oya="1" hai0="50,92,36,28,111,40,85,10,34,11,22,32,121" hai1="75,123,127,70,125,55,77,132,6,98,58,44,17" hai2="1,16,57,81,7,38,47,42,90,94,29,124,93" hai3="20,52,116,63,133,131,118,87,2,74,37,65,101"/><U89/><E70/><V97/><F124/><W66/><G74/><T21/><D36/><U113/><E123/><V68/><F68/><W96/><G133/><T3/><D50/><U14/><E113/><V130/><F130/><W67/><G2/><T120/><D40/><U107/><E6/><V71/><F71/><W106/><G131/><T109/><D85/><U103/><E44/><V78/><F29/><W0/><G0/><T102/><D92/><U51/><E89/><V128/><F128/><W79/><G37/><T13/><D102/><U73/><E132/><V86/><F57/><W62/><G20/><T24/><D3/><U76/><E73/><V91/><F1/><W59/><REACH who="3" step="1"/><G63/><REACH who="3" ten="361,227,266,136" step="2"/><T45/><D22/><N who="1" m="11575" /><E75/><V129/><F129/><W122/><G122/><T80/><D120/><U8/><E8/><V39/><F39/><W15/><G15/><T35/><D11/><U135/><E135/><V46/><F38/><W105/><G105/><T26/><D121/><U134/><E134/><V117/><F94/><W53/><G53/><T41/><D35/><U69/><E69/><V115/><F93/><W27/><G27/><T9/><D34/><U110/><E110/><V12/><F12/><W30/><G30/><T88/><D10/><U82/><E82/><AGARI ba="0,1" hai="52,59,62,65,66,67,79,82,87,96,101,106,116,118" machi="82" ten="40,8000,1" yaku="1,1,52,2,54,1,53,0" doraHai="112" doraHaiUra="119" who="3" fromWho="1" sc="361,0,227,-80,266,0,136,90" /><INIT seed="6,0,0,3,4,16" ten="361,147,266,226" oya="2" hai0="88,73,117,60,131,15,98,48,27,93,125,126,42" hai1="84,65,40,61,104,124,114,55,21,24,135,87,51" hai2="43,54,35,50,119,113,121,118,5,49,7,94,69" hai3="38,122,9,17,37,112,25,22,129,120,107,4,132"/><V13/><F121/><W39/><G132/><T44/><D73/><U116/><E135/><V66/><F35/><W28/><G129/><T71/><D131/><U101/><E114/><V96/><F113/><W103/><G112/><T3/><D3/><U78/><E124/><V19/><F69/><W10/><G10/><T53/><D15/><U1/><E1/><V134/><F66/><W72/><G72/><T30/><D117/><U130/><E116/><V92/><F134/><W82/><G82/><T2/><D2/><U108/><E40/><V74/><F94/><W32/><G103/><T77/><D77/><U6/><E6/><V106/><F106/><W11/><G11/><T20/><D71/><U127/><E78/><V18/><F18/><W57/><G57/><T95/><D93/><U41/><E41/><V68/><F68/><W97/><G97/><T111/><D111/><U0/><E0/><V58/><F74/><W115/><G107/><T46/><REACH who="0" step="1"/><D60/><REACH who="0" ten="351,147,266,226" step="2"/><U63/><E108/><V80/><F119/><W31/><G115/><T45/><D45/><N who="1" m="28143" /><E130/><V14/><F118/><W23/><G120/><T110/><D110/><U128/><E128/><V91/><F14/><N who="3" m="9527" /><G122/><T67/><D67/><U75/><E75/><V47/><F80/><W70/><G70/><T33/><D33/><U64/><E64/><V105/><F105/><W90/><G32/><T79/><D79/><U12/><E12/><V62/><F62/><N who="1" m="23561" /><E65/><V26/><F13/><N who="3" m="5287" /><G90/><T36/><AGARI ba="0,1" hai="20,27,30,36,42,44,46,48,53,88,95,98,125,126" machi="36" ten="30,7900,0" yaku="1,1,0,1,52,1,54,1,53,0" doraHai="16" doraHaiUra="8" who="0" fromWho="0" sc="351,89,147,-20,266,-39,226,-20" /><INIT seed="7,0,0,1,5,75" ten="440,127,227,206" oya="3" hai0="57,13,102,58,85,114,82,120,41,106,101,108,22" hai1="48,52,62,119,69,125,28,95,134,29,11,37,109" hai2="65,17,98,123,99,36,46,35,40,68,39,91,100" hai3="93,67,117,33,94,44,43,111,80,84,0,107,50"/><W2/><G107/><T124/><D108/><U79/><E109/><V59/><F35/><W90/><G111/><T10/><D120/><U6/><E37/><V9/><F68/><W3/><G117/><T27/><D106/><U53/><E119/><V74/><F17/><W83/><G33/><T15/><D41/><U55/><E134/><V60/><F74/><W72/><REACH who="3" step="1"/><G67/><REACH who="3" ten="440,127,227,196" step="2"/><T92/><D114/><U96/><E125/><V66/><F66/><W61/><G61/><T5/><D124/><U73/><E69/><V1/><F60/><W42/><G42/><T133/><D133/><U54/><E62/><V77/><F40/><W20/><G20/><T88/><D22/><U127/><E127/><V51/><F65/><W16/><G16/><T78/><D10/><U24/><E48/><V87/><F51/><W130/><G130/><T86/><D5/><U30/><N who="1" m="13312" /><DORA hai="21" /><U49/><E49/><V12/><F9/><W38/><G38/><T116/><D116/><U110/><E110/><V76/><F39/><W7/><G7/><T121/><D58/><U23/><E6/><V132/><F59/><W32/><G32/><T113/><D57/><U56/><E11/><V4/><F4/><W135/><G135/><T25/><D113/><U81/><REACH who="1" step="1"/><E56/><REACH who="1" ten="440,117,227,196" step="2"/><V103/><F36/><W118/><G118/><T63/><D63/><U18/><E18/><V97/><F132/><W8/><G8/><T105/><D105/><U26/><E26/><V34/><F34/><W128/><G128/><T112/><D112/><U31/><E31/><V64/><F64/><W89/><G89/><AGARI ba="0,2" hai="23,24,28,29,30,73,79,81,89,95,96" m="13312" machi="89" ten="50,8000,1" yaku="1,1,6,1,52,2,54,1,53,0" doraHai="75,21" doraHaiUra="45,47" who="1" fromWho="3" sc="440,0,117,100,227,0,196,-80" owari="440,53.0,217,-18.0,227,3.0,116,-38.0" /></mjloggm>