<mjloggm ver="2.3"><GO type="169" lobby="0"/><UN n0="%32%30%30%E6%88%A6%E5%8D%87%E7%89%B9" n1="%E5%B0%8F%E6%A3%89%E6%AF%9B" n2="%2D%E8%B1%8A%E5%8F%A3%E3%82%81%E3%81%90%E3%81%BF%2D" n3="%E3%82%B7%E3%83%B3%E3%83%9C%E3%83%AA%E3%83%AB%E3%83%89%E3%83%AB%E3%83%95" dan="17,16,17,16" rate="2174.70,2032.82,2224.70,2133.02" sx="M,M,F,M"/><TAIKYOKU oya="0"/><INIT seed="0,0,0,5,2,58" ten="250,250,250,250" oya="0" hai0="103,82,59,69,55,71,20,37,47,21,122,2,101" hai1="102,51,106,89,109,84,26,15,120,128,54,131,94" hai2="91,67,50,75,42,3,133,19,27,115,107,96,100" hai3="16,95,92,130,36,126,87,108,80,119,43,90,52"/><T98/><D122/><U64/><E120/><V40/><F115/><W112/><G112/><T53/><D2/><U121/><E121/><V118/><F3/><W9/><G119/><T68/><D82/><U97/><E109/><V5/><F5/><W85/><G108/><T127/><D127/><U74/><E74/><V10/><F75/><W41/><G126/><T7/><D7/><U113/><E113/><V73/><F73/><W114/><G130/><N who="1" m="49706" /><E15/><V34/><F133/><W81/><G36/><T86/><D86/><U104/><E26/><V46/><F91/><W14/><G114/><T44/><D101/><U116/><E64/><V48/><F67/><W32/><G32/><T88/><D88/><U125/><E125/><V24/><F34/><W123/><G123/><T132/><D132/><U72/><E72/><V25/><F118/><W13/><G13/><T62/><D44/><N who="1" m="28007" /><E116/><V30/><F30/><W49/><G92/><AGARI ba="0,0" hai="84,89,92,94,97,102,104,106" m="28007,49706" machi="92" ten="30,1000,0" yaku="19,1" doraHai="58" who="1" fromWho="3" sc="250,0,250,10,250,0,250,-10" /><INIT seed="1,0,0,1,4,62" ten="250,260,250,240" oya="1" hai0="110,8,53,4,61,66,58,128,40,27,14,135,82" hai1="12,55,115,5,87,11,24,71,113,51,112,126,98" hai2="86,70,96,31,103,25,48,15,94,105,17,127,54" hai3="2,49,85,108,47,16,121,20,32,74,67,111,88"/><U131/><E71/><V64/><F127/><W104/><G121/><T57/><D110/><N who="3" m="42025" /><G74/><T80/><D128/><U13/><E126/><V114/><F114/><W119/><G32/><T52/><D135/><U45/><E131/><V22/><F86/><W106/><G2/><T92/><D40/><U50/><E87/><V117/><F117/><W41/><G119/><T83/><D27/><U59/><E24/><V63/><F94/><N who="3" m="54543" /><G67/><T76/><D76/><U9/><E98/><V90/><F90/><W89/><G89/><T109/><D109/><U30/><E30/><V107/><F107/><W35/><G35/><T124/><D124/><U91/><E91/><V19/><REACH who="2" step="1"/><F15/><AGARI ba="0,0" hai="15,16,20,41,47,49,104,106" m="54543,42025" machi="15" ten="30,3900,0" yaku="14,1,54,2" doraHai="62" who="3" fromWho="2" sc="250,0,260,0,250,-39,240,39" /><INIT seed="2,0,0,2,1,96" ten="250,260,211,279" oya="2" hai0="81,80,73,78,76,38,123,102,6,4,68,18,101" hai1="114,8,51,30,34,121,46,71,108,37,66,103,104" hai2="19,9,75,134,135,111,72,10,86,62,87,47,35" hai3="74,127,43,119,93,42,44,28,33,77,61,63,120"/><V20/><F35/><W36/><G119/><T109/><D123/><U48/><E114/><V95/><F62/><W0/><G120/><T21/><D38/><U41/><E121/><V45/><F95/><W13/><G127/><T12/><D68/><U115/><E115/><V50/><F20/><W60/><G0/><T118/><D118/><U16/><E108/><V24/><F24/><W117/><G117/><T57/><D109/><U14/><E34/><V98/><F98/><W83/><G43/><T49/><D49/><U90/><E30/><V55/><F111/><W2/><G13/><T112/><D112/><U3/><E3/><V97/><F97/><W64/><G28/><T131/><D131/><U125/><E125/><V128/><F19/><W58/><G33/><T1/><D73/><U82/><E104/><V85/><F128/><W100/><G93/><T56/><D1/><U110/><E103/><N who="0" m="39433" /><D56/><U23/><E110/><V129/><F129/><W107/><G100/><T32/><D57/><U27/><E66/><V122/><F122/><W40/><G107/><T52/><D52/><U132/><E71/><V17/><F47/><W92/><G42/><T130/><D32/><U53/><E53/><V91/><F75/><W65/><G58/><T5/><D130/><U22/><E132/><N who="2" m="50731" /><F72/><W88/><G2/><T113/><D113/><U89/><E37/><V133/><N who="2" m="50739" /><V79/><DORA hai="124" /><F79/><AGARI ba="0,0" hai="4,5,6,12,18,21,76,78,79,80,81" m="39433" machi="79" ten="30,7700,0" yaku="8,1,52,3" doraHai="96,124" who="0" fromWho="2" sc="250,77,260,0,211,-77,279,0" /><INIT seed="3,0,0,1,4,113" ten="327,260,134,279" oya="3" hai0="132,103,67,102,117,46,30,57,99,107,10,41,80" hai1="100,36,20,18,128,31,39,21,40,45,127,70,58" hai2="124,112,118,131,55,120,84,33,29,90,38,44,49" hai3="11,121,71,17,50,6,64,122,74,53,92,48,135"/><W7/><G74/><T125/><D125/><U62/><E127/><V116/><F124/><W86/><G135/><T5/><D103/><U23/><E70/><V78/><F112/><W16/><G71/><T1/><D132/><U2/><E2/><V26/><F131/><W126/><G64/><T22/><D80/><U63/><E128/><V42/><F78/><W108/><G126/><T60/><D30/><U88/><E31/><V89/><F120/><W96/><G86/><T28/><D28/><U56/><E100/><V4/><F4/><W13/><G108/><T129/><D129/><U8/><E36/><V134/><F134/><W105/><G105/><T104/><D22/><U69/><E69/><V77/><F77/><W59/><G7/><T79/><D79/><U106/><E106/><V133/><F133/><W94/><G94/><T37/><REACH who="0" step="1"/><D107/><REACH who="0" ten="317,260,134,279" step="2"/><U98/><E20/><V81/><REACH who="2" step="1"/><F90/><REACH who="2" ten="317,260,124,279" step="2"/><N who="3" m="55319" /><G122/><T115/><D115/><U85/><E88/><V101/><F101/><W114/><G121/><T119/><AGARI ba="0,2" hai="1,5,10,37,41,46,57,60,67,99,102,104,117,119" machi="119" ten="30,7900,0" yaku="1,1,0,1,52,2,53,0" doraHai="113" doraHaiUra="25" who="0" fromWho="0" sc="317,99,260,-20,124,-20,279,-39" /><INIT seed="4,0,0,2,4,123" ten="416,240,104,240" oya="0" hai0="80,86,92,132,134,24,13,111,29,66,105,53,100" hai1="109,62,14,118,57,129,104,17,108,63,36,25,114" hai2="89,39,30,44,2,11,72,90,97,115,65,131,77" hai3="120,96,130,9,50,76,21,35,67,54,101,88,122"/><T22/><D105/><U38/><E104/><V46/><F115/><W106/><G35/><T91/><D66/><U59/><E25/><V47/><F131/><W58/><G130/><T71/><D71/><U85/><E129/><V3/><F30/><W95/><G76/><T87/><D53/><N who="1" m="34095" /><E85/><V121/><F121/><N who="3" m="46699" /><G9/><T70/><D70/><U68/><E14/><V110/><F39/><N who="1" m="14889" /><E17/><V4/><F3/><W99/><G67/><T73/><D73/><U116/><E114/><V10/><F65/><W82/><G82/><T81/><D13/><U43/><E43/><V51/><F11/><W45/><G21/><T93/><D111/><N who="1" m="42571" /><E68/><V78/><F110/><W124/><G99/><N who="0" m="59495" /><D87/><U26/><E26/><V64/><F72/><W16/><G101/><T48/><D81/><U102/><E102/><V40/><F97/><W28/><G28/><T18/><D80/><U32/><E32/><V84/><F84/><W8/><G8/><T15/><D29/><U107/><E107/><V74/><F74/><W128/><G16/><T133/><D15/><U112/><E112/><V113/><F113/><W56/><G106/><T12/><D12/><U117/><E117/><V23/><F23/><W52/><G128/><T31/><D31/><U79/><E79/><N who="2" m="30219" /><F64/><AGARI ba="0,0" hai="59,63,64,116,118" m="42571,14889,34095" machi="64" ten="30,8000,1" yaku="34,2,52,3" doraHai="123" who="1" fromWho="2" sc="416,0,240,80,104,-80,240,0" /><INIT seed="5,0,0,0,0,3" ten="416,320,24,240" oya="1" hai0="94,35,78,89,25,97,17,86,131,40,30,115,49" hai1="82,107,114,11,8,98,74,37,2,102,1,4,117" hai2="0,32,48,110,13,127,36,52,19,63,72,69,84" hai3="26,88,100,29,20,101,106,54,126,108,15,103,96"/><U95/><E117/><V45/><F110/><W5/><G108/><T122/><D115/><U21/><E114/><V18/><F72/><W6/><G126/><T38/><D38/><U71/><E71/><V119/><F127/><W70/><G70/><T60/><D131/><U62/><E21/><V64/><F119/><W124/><G124/><T47/><D122/><U99/><E37/><V87/><F0/><W91/><G106/><T132/><D132/><U118/><E118/><V56/><F32/><W134/><G134/><T123/><D123/><U41/><E41/><V80/><F13/><W112/><G112/><T22/><D60/><U125/><E125/><V116/><F116/><W24/><G24/><T67/><D67/><U39/><E62/><V130/><F130/><W76/><G76/><T129/><D129/><U135/><E39/><V33/><F33/><W7/><G15/><T51/><D78/><U105/><E99/><V109/><F109/><W104/><G104/><T77/><D77/><U9/><E135/><V73/><F73/><W68/><G68/><T120/><D120/><U121/><E121/><V42/><REACH who="2" step="1"/><F87/><REACH who="2" ten="416,320,14,240" step="2"/><W14/><G14/><T57/><D86/><U31/><E1/><V16/><F16/><W27/><G27/><T59/><D35/><U65/><E74/><V23/><F23/><W111/><G111/><T75/><D75/><U34/><E2/><V66/><F66/><W50/><G96/><T113/><D17/><U92/><E65/><V43/><F43/><W85/><G85/><T61/><D113/><U128/><E34/><V90/><AGARI ba="0,1" hai="18,19,36,42,45,48,52,56,63,64,69,80,84,90" machi="90" ten="20,16000,3" yaku="1,1,5,1,0,1,7,1,24,2,54,1,53,1" doraHai="3" doraHaiUra="53" who="2" fromWho="2" sc="416,-40,320,-80,14,170,240,-40" /><INIT seed="6,0,0,2,0,61" ten="376,240,184,200" oya="2" hai0="62,125,52,67,81,77,49,83,70,59,21,100,95" hai1="19,2,69,37,55,18,35,44,34,130,66,1,94" hai2="96,79,128,53,84,31,101,15,111,4,114,76,40" hai3="112,127,122,68,102,126,89,85,63,107,132,7,22"/><V46/><F114/><W36/><G122/><T91/><D125/><N who="3" m="47625" /><G36/><T99/><D21/><U42/><E130/><V92/><F128/><W117/><G117/><T98/><REACH who="0" step="1"/><D77/><REACH who="0" ten="366,240,184,200" step="2"/><U123/><E123/><V12/><F79/><W41/><G22/><T16/><D16/><U103/><E34/><V39/><F111/><W0/><G112/><T33/><D33/><U13/><E35/><V32/><F4/><W108/><G7/><T9/><D9/><U134/><E1/><V57/><F32/><W45/><G0/><T121/><D121/><U38/><E2/><V50/><REACH who="2" step="1"/><F31/><REACH who="2" ten="366,240,174,200" step="2"/><W17/><G108/><T29/><D29/><U110/><E110/><V56/><F56/><W3/><G3/><T43/><D43/><U131/><E42/><V58/><F58/><W24/><G41/><T73/><D73/><U87/><E131/><V119/><F119/><W65/><G17/><T129/><D129/><U8/><E18/><V75/><F75/><W124/><G124/><T23/><D23/><U104/><E19/><V25/><F25/><W74/><G24/><T54/><D54/><U135/><E55/><V120/><F120/><W88/><G74/><T115/><D115/><U118/><E118/><V116/><F116/><W133/><G133/><T80/><D80/><AGARI ba="0,2" hai="12,15,39,40,46,50,53,57,76,80,84,92,96,101" machi="80" ten="40,3900,0" yaku="1,1,53,1" doraHai="61" doraHaiUra="78" who="2" fromWho="0" sc="366,-39,240,0,174,59,200,0" /><INIT seed="6,1,0,5,4,41" ten="327,240,233,200" oya="2" hai0="115,14,38,16,122,21,83,9,135,118,51,110,96" hai1="80,130,19,114,111,36,94,43,55,73,90,126,25" hai2="35,97,33,45,89,74,121,70,54,67,101,95,65" hai3="76,7,28,22,26,133,125,27,120,5,77,53,2"/><V10/><F121/><W99/><G120/><T100/><D110/><U75/><E111/><V32/><F74/><W39/><G39/><T59/><D122/><U52/><E130/><V92/><F70/><W106/><G133/><T37/><D115/><U13/><E114/><V49/><REACH who="2" step="1"/><F10/><REACH who="2" ten="327,240,223,200" step="2"/><W117/><G117/><T23/><D118/><U3/><E75/><V134/><F134/><W42/><G125/><T81/><D135/><U8/><E126/><V62/><F62/><W31/><G2/><T18/><D9/><U113/><E3/><V34/><N who="2" m="8192" /><DORA hai="29" /><V98/><AGARI ba="1,1" hai="45,49,54,65,67,89,92,95,97,98,101" m="8192" machi="98" ten="60,24000,3" yaku="1,1,4,1,0,1,52,5,53,0" doraHai="41,29" doraHaiUra="56,71" who="2" fromWho="2" sc="327,-81,240,-81,223,253,200,-81" /><INIT seed="6,2,0,1,0,82" ten="246,159,476,119" oya="2" hai0="65,26,6,53,78,94,1,20,2,3,49,52,37" hai1="24,61,73,7,83,8,36,22,0,124,123,10,132" hai2="91,80,71,134,14,67,46,117,98,40,135,116,76" hai3="130,110,43,96,29,133,88,99,111,55,112,56,17"/><V102/><F14/><W64/><G130/><T69/><D37/><U39/><E132/><N who="2" m="50731" /><F67/><W77/><G133/><T126/><D126/><U120/><E124/><V42/><F71/><W28/><G64/><T12/><D78/><N who="1" m="44495" /><E8/><V50/><F91/><W15/><G77/><T23/><D69/><U131/><E61/><V81/><F42/><W87/><G43/><T128/><D65/><U115/><E115/><V44/><F44/><W90/><G112/><T58/><D128/><U62/><E62/><V107/><F81/><N who="3" m="49263" /><G111/><T48/><D94/><U33/><E33/><V66/><F66/><W122/><G122/><N who="1" m="46634" /><E131/><V9/><F9/><N who="3" m="6383" /><G110/><T85/><D1/><U101/><E101/><V92/><F107/><W68/><G68/><T16/><D2/><U89/><E89/><V118/><F118/><W41/><G41/><T59/><D3/><U45/><E45/><V30/><F30/><AGARI ba="2,0" hai="0,7,10,22,24,30,36,39" m="46634,44495" machi="30" ten="30,1000,0" yaku="13,1" doraHai="82" who="1" fromWho="2" sc="246,0,159,16,476,-16,119,0" /><INIT seed="7,0,0,4,4,34" ten="246,175,460,119" oya="3" hai0="114,64,31,133,88,5,107,36,77,123,116,106,23" hai1="41,54,1,115,105,46,122,66,17,47,93,68,56" hai2="90,33,21,48,49,57,112,131,119,97,104,50,108" hai3="52,26,70,9,10,78,14,109,127,71,89,15,4"/><W110/><G78/><T134/><D123/><U85/><E105/><V69/><F33/><W120/><G120/><T61/><D116/><U132/><E122/><V60/><F108/><W130/><G130/><T28/><D36/><U84/><E1/><V67/><F119/><W39/><G39/><T13/><D77/><U24/><E132/><N who="0" m="50793" /><D114/><U86/><E115/><V63/><F112/><W55/><G26/><N who="0" m="16479" /><D31/><U92/><E68/><V98/><F104/><W32/><G32/><T0/><D0/><U43/><E66/><V95/><F98/><W82/><G82/><T30/><D30/><U51/><E24/><V45/><F21/><W102/><G102/><T79/><D79/><U99/><E17/><V27/><F27/><W126/><REACH who="3" step="1"/><G4/><REACH who="3" ten="246,175,460,109" step="2"/><T19/><D5/><U103/><E93/><V38/><F131/><W117/><G117/><T62/><D88/><AGARI ba="0,1" hai="9,10,14,15,52,55,70,71,88,89,109,110,126,127" machi="88" ten="25,12000,1" yaku="1,1,22,2,54,2,53,0" doraHai="34" doraHaiUra="113" who="3" fromWho="0" sc="246,-120,175,0,460,0,109,130" /><INIT seed="7,1,0,5,3,13" ten="126,175,460,239" oya="3" hai0="54,114,89,16,110,57,124,76,67,94,43,107,38" hai1="62,99,119,39,34,131,120,60,47,84,58,30,97" hai2="0,23,10,118,83,86,59,112,20,100,88,18,85" hai3="1,8,21,91,41,36,66,78,61,108,95,123,25"/><W2/><G123/><T68/><D110/><U82/><E120/><V130/><F118/><W29/><G78/><T5/><D107/><U101/><E119/><V125/><F100/><W75/><G75/><T32/><D32/><U15/><E131/><V17/><F130/><W73/><G73/><T27/><D76/><U71/><E71/><V9/><F112/><W55/><G41/><T105/><D105/><U72/><E72/><V122/><F125/><W11/><G36/><T126/><D5/><U50/><E15/><N who="2" m="9279" /><F0/><W56/><G1/><T102/><D102/><U14/><E14/><N who="2" m="9687" /><F122/><W65/><G2/><T40/><D114/><U77/><E39/><V121/><F121/><W28/><G28/><T48/><D38/><U6/><E6/><V49/><F86/><W132/><G8/><T42/><D68/><U80/><E80/><V26/><F26/><W109/><G11/><T31/><D67/><U103/><E34/><V90/><F90/><W24/><G24/><T106/><D106/><U22/><E103/><V116/><F116/><W63/><G25/><T115/><D115/><U35/><E35/><V128/><F128/><W135/><G91/><T3/><D3/><U4/><E4/><V45/><F59/><W12/><G56/><T7/><D7/><U117/><E117/><V33/><F33/><W134/><G134/><T46/><D57/><U113/><E113/><V37/><F37/><W98/><G132/><T52/><D54/><AGARI ba="1,0" hai="9,10,45,49,54,83,85,88" m="9687,9279" machi="54" ten="30,7700,0" yaku="8,1,52,2,54,1" doraHai="13" who="2" fromWho="0" sc="126,-80,175,0,460,80,239,0" owari="46,-45.0,175,-22.0,540,63.0,239,4.0" /></mjloggm>