<mjloggm ver="2.3"><GO type="169" lobby="0"/><UN n0="%E3%82%A8%E3%82%B9%E3%82%AB%E3%83%AB%E3%82%B4%E3%83%B3" n1="%E3%83%92%E3%83%AD%E3%83%92%E3%83%AD%E3%83%9E%E3%83%AB" n2="%E3%81%9F%E3%81%84%E3%81%9B" n3="%33%6E%6F%6D%79%5F%64%73" dan="17,16,17,16" rate="2187.29,2159.19,2178.57,2112.60" sx="M,M,F,M"/><TAIKYOKU oya="0"/><INIT seed="0,0,0,3,2,42" ten="250,250,250,250" oya="0" hai0="64,71,10,118,61,94,40,126,60,39,131,15,74" hai1="14,102,44,76,31,29,128,30,111,58,83,80,90" hai2="112,120,97,6,36,95,23,100,51,62,110,48,73" hai3="27,117,3,17,47,109,98,134,12,88,21,130,63"/><T85/><D74/><U20/><E111/><V55/><F36/><W87/><G117/><T104/><D104/><U25/><E128/><V113/><F120/><W92/><G109/><T96/><D118/><U18/><E102/><V78/><F110/><W123/><G130/><T67/><D131/><U8/><E90/><V99/><F6/><W84/><G3/><T66/><D126/><U45/><E58/><V35/><F35/><W11/><G134/><T101/><D85/><N who="1" m="48263" /><E83/><V4/><F4/><AGARI ba="0,0" hai="4,8,14,18,20,25,29,30,31,44,45" m="48263" machi="4" ten="30,3900,0" yaku="8,1,52,2" doraHai="42" who="1" fromWho="2" sc="250,0,250,39,250,-39,250,0" /><INIT seed="1,0,0,5,3,59" ten="250,289,211,250" oya="1" hai0="121,42,111,30,61,57,77,43,107,86,40,56,16" hai1="93,88,45,12,11,74,39,81,33,119,0,112,17" hai2="19,120,14,106,60,72,131,41,67,51,55,27,91" hai3="114,98,80,83,68,53,113,134,69,47,31,48,94"/><U26/><E119/><V38/><F120/><W79/><G134/><T124/><D107/><U99/><E112/><V65/><F131/><W105/><G105/><T52/><D121/><U29/><E0/><V35/><F106/><W70/><G31/><T132/><D132/><U5/><E39/><V87/><F72/><W8/><G8/><T50/><D111/><U22/><E45/><V9/><F38/><W130/><G130/><T116/><D116/><U108/><E108/><V78/><F41/><W122/><G122/><T3/><D3/><U1/><E81/><V7/><F78/><W24/><G24/><T46/><D124/><U95/><E95/><V71/><F65/><W73/><REACH who="3" step="1"/><G83/><REACH who="3" ten="250,289,211,240" step="2"/><N who="0" m="47471" /><D30/><U97/><E74/><V20/><F35/><W23/><G23/><T125/><D125/><U6/><REACH who="1" step="1"/><E5/><REACH who="1" ten="250,279,211,240" step="2"/><V126/><F126/><W13/><G13/><T49/><D16/><U101/><E101/><AGARI ba="0,2" hai="47,48,53,68,69,70,73,79,80,94,98,101,113,114" machi="101" ten="40,5200,0" yaku="1,1,53,2" doraHai="59" doraHaiUra="109" who="3" fromWho="1" sc="250,0,279,-52,211,0,240,72" /><INIT seed="2,0,0,1,2,2" ten="250,227,211,312" oya="2" hai0="116,122,4,128,117,129,106,100,102,26,31,72,108" hai1="45,52,5,77,97,6,56,57,104,98,64,131,112" hai2="107,46,51,84,27,10,63,92,43,18,19,87,48" hai3="39,91,11,90,0,111,50,3,37,7,41,35,105"/><V127/><F107/><W78/><G105/><T124/><D72/><U36/><E112/><V9/><F127/><W42/><G35/><T120/><D124/><U65/><E77/><V125/><F125/><W15/><G111/><T17/><D108/><U119/><E119/><N who="0" m="45641" /><D17/><U88/><E104/><V113/><F113/><W47/><G78/><T58/><D58/><N who="1" m="22635" /><E36/><V101/><F63/><W133/><G133/><T115/><D115/><U23/><E23/><V14/><F51/><W32/><G32/><N who="0" m="20599" /><D4/><N who="1" m="1643" /><E131/><N who="0" m="50249" /><D106/><U109/><E109/><V49/><F49/><W85/><G3/><T110/><D110/><U95/><E98/><N who="2" m="59591" /><F10/><W67/><G0/><T70/><D70/><U132/><E132/><V30/><F30/><W61/><G39/><T25/><D25/><U69/><E69/><V99/><F99/><W34/><G34/><T13/><D13/><U62/><E62/><V38/><F38/><W73/><G73/><T94/><D94/><U44/><E52/><V80/><F80/><W28/><G61/><T24/><D24/><U68/><E68/><V121/><F121/><AGARI ba="0,0" hai="100,102,120,121,122" m="50249,20599,45641" machi="121" ten="40,2600,0" yaku="12,1,19,1" doraHai="2" who="0" fromWho="2" sc="250,26,227,0,211,-26,312,0" /><INIT seed="3,0,0,5,5,123" ten="276,227,185,312" oya="3" hai0="75,35,105,9,68,108,55,74,116,38,78,70,97" hai1="102,85,104,23,26,124,101,22,100,8,37,6,109" hai2="1,88,79,10,76,133,127,47,60,17,44,132,61" hai3="115,91,52,73,121,122,28,125,32,48,114,56,54"/><W83/><G28/><T130/><D116/><U82/><E37/><V31/><F31/><W43/><G32/><T14/><D35/><U69/><E69/><V24/><F127/><W49/><G91/><T126/><D126/><U27/><E104/><V41/><F24/><W53/><G83/><T30/><D30/><U103/><E124/><V39/><F44/><N who="3" m="25631" /><G73/><T129/><D38/><U66/><E66/><V34/><F34/><W12/><G12/><T117/><D55/><N who="3" m="21065" /><G125/><T92/><D117/><U0/><N who="1" m="25600" /><DORA hai="51" /><U29/><E109/><V40/><F40/><W58/><G58/><T111/><D105/><U3/><E27/><V21/><F88/><W20/><G20/><T71/><D92/><U67/><E67/><V45/><F41/><W5/><G5/><T119/><D119/><U65/><E65/><V42/><F42/><W19/><G19/><T46/><D75/><U118/><E118/><V110/><F39/><W11/><G11/><T4/><D46/><N who="2" m="17418" /><F10/><W63/><G49/><T107/><D107/><U25/><E25/><V15/><F21/><W59/><G59/><T112/><D74/><U36/><E36/><V16/><F1/><W62/><G62/><N who="2" m="24169" /><F15/><W135/><G135/><N who="2" m="51785" /><F79/><W57/><G57/><T81/><D78/><U33/><REACH who="1" step="1"/><E3/><REACH who="1" ten="276,217,185,312" step="2"/><V96/><F76/><AGARI ba="0,1" hai="0,6,8,22,23,26,29,33,76,82,85" m="25600" machi="76" ten="50,6400,0" yaku="1,1,2,1,53,1" doraHai="123,51" doraHaiUra="77,86" who="1" fromWho="2" sc="276,0,217,74,185,-64,312,0" /><INIT seed="4,0,0,4,4,92" ten="276,291,121,312" oya="0" hai0="22,16,85,95,82,45,103,83,84,125,0,28,135" hai1="79,100,122,56,101,54,7,96,80,11,12,21,25" hai2="38,41,58,57,94,123,113,20,77,87,71,30,61" hai3="13,40,15,111,37,60,114,88,106,76,48,131,5"/><T65/><D0/><U128/><E128/><V59/><F113/><W53/><G114/><T130/><D130/><U69/><E69/><V6/><F123/><W62/><G131/><T86/><D135/><U120/><E100/><V43/><F6/><W99/><G111/><T67/><D28/><U121/><E56/><V63/><F77/><W55/><G76/><T119/><D119/><U110/><E54/><N who="2" m="33975" /><F94/><N who="3" m="56775" /><G106/><T133/><D125/><U51/><E110/><V73/><F87/><N who="0" m="33354" /><D45/><U70/><E51/><V27/><F73/><W42/><G37/><T90/><D133/><U78/><E70/><V75/><F75/><W132/><G132/><T116/><D116/><U52/><E80/><N who="0" m="30761" /><D103/><U50/><E52/><N who="3" m="20042" /><G48/><T129/><D129/><U118/><E50/><V98/><F38/><W24/><G24/><AGARI ba="0,0" hai="16,22,24,65,67,86,90,95" m="30761,33354" machi="24" ten="30,2900,0" yaku="8,1,54,1" doraHai="92" who="0" fromWho="3" sc="276,29,291,0,121,0,312,-29" /><INIT seed="4,1,0,0,1,45" ten="305,291,121,283" oya="0" hai0="130,17,92,131,47,33,15,106,87,26,123,56,81" hai1="69,97,48,94,19,121,24,5,89,64,36,63,116" hai2="31,28,35,133,40,22,57,51,71,129,44,84,110" hai3="124,16,80,66,117,70,29,99,72,112,49,30,96"/><T91/><D106/><U14/><E36/><V39/><F110/><W12/><G117/><T60/><D123/><U50/><E121/><V21/><F129/><W111/><G111/><T77/><D33/><U127/><E116/><V76/><F133/><W125/><G112/><T98/><D47/><U83/><E127/><N who="3" m="48714" /><G66/><T32/><D32/><U128/><E128/><V8/><F71/><W54/><G70/><T113/><D26/><U25/><E5/><V122/><F35/><W90/><G72/><T78/><D113/><U42/><E42/><V38/><F122/><W101/><G90/><T75/><D75/><U132/><E132/><V119/><F8/><N who="3" m="6151" /><G80/><T62/><D62/><U55/><E55/><V1/><F1/><W61/><G61/><T115/><D115/><U79/><E25/><V82/><F119/><W73/><G73/><T13/><D13/><U102/><E24/><V74/><F74/><W93/><G99/><T105/><D105/><U11/><E102/><V126/><F126/><W120/><G120/><T2/><D2/><U135/><REACH who="1" step="1"/><E135/><REACH who="1" ten="305,281,121,283" step="2"/><V118/><F118/><W65/><G65/><N who="0" m="39047" /><D131/><U103/><E103/><V4/><F4/><W104/><G104/><T52/><D130/><U107/><E107/><V23/><REACH who="2" step="1"/><F39/><REACH who="2" ten="305,281,111,283" step="2"/><W58/><AGARI ba="1,2" hai="29,30,49,54,58,93,96,101" m="6151,48714" machi="58" ten="30,4000,0" yaku="18,1,52,1,54,1" doraHai="45" who="3" fromWho="3" sc="305,-21,281,-11,111,-11,283,63" /><INIT seed="5,0,0,1,3,63" ten="284,270,100,346" oya="1" hai0="127,47,124,130,102,54,84,41,105,9,1,25,29" hai1="83,20,108,132,110,97,64,135,92,94,91,115,51" hai2="8,39,4,36,53,116,17,87,60,126,114,18,119" hai3="33,121,96,67,46,24,23,37,5,134,129,122,101"/><U125/><E20/><V70/><F126/><W85/><G129/><T82/><D130/><U69/><E51/><V34/><F34/><W90/><G33/><T22/><D54/><U95/><E115/><V59/><F114/><W26/><G134/><N who="1" m="51242" /><E125/><N who="0" m="48201" /><D102/><N who="1" m="60711" /><E69/><V86/><F70/><W117/><G117/><T78/><D105/><U57/><E64/><V45/><F116/><W71/><G5/><N who="0" m="1199" /><D47/><U100/><E57/><V32/><F119/><W0/><G0/><T42/><AGARI ba="0,0" hai="22,25,29,41,42,78,82,84" m="1199,48201" machi="42" ten="30,1100,0" yaku="18,1" doraHai="63" who="0" fromWho="0" sc="284,11,270,-5,100,-3,346,-3" /><INIT seed="6,0,0,1,4,3" ten="295,265,97,343" oya="2" hai0="135,117,63,49,121,78,46,134,68,75,76,5,12" hai1="133,18,119,66,60,31,57,56,41,4,35,65,96" hai2="38,118,71,47,94,37,77,28,2,86,9,98,32" hai3="99,59,61,13,67,26,113,116,131,39,81,130,72"/><V23/><F118/><W124/><G116/><T125/><D117/><U58/><E119/><RYUUKYOKU type="kaze4" ba="0,0" sc="295,0,265,0,97,0,343,0" /><INIT seed="6,1,0,5,5,5" ten="295,265,97,343" oya="2" hai0="77,37,61,109,113,59,62,127,40,4,112,122,74" hai1="30,3,105,78,26,17,63,46,133,116,128,118,6" hai2="70,38,11,28,35,95,16,13,8,41,119,42,39" hai3="87,106,129,60,85,36,88,76,19,66,117,108,68"/><V21/><F119/><W12/><G108/><T126/><D77/><U33/><E105/><V14/><F70/><W27/><G117/><T107/><D74/><U57/><E78/><V81/><F35/><W93/><G106/><T64/><D107/><U82/><E133/><V23/><F95/><W43/><G129/><T56/><D4/><U134/><E128/><V53/><F53/><W25/><G36/><T49/><D37/><U100/><E134/><V83/><REACH who="2" step="1"/><F16/><REACH who="2" ten="295,265,87,343" step="2"/><W103/><G68/><T44/><D109/><U52/><E118/><V92/><F92/><W114/><G93/><T34/><D34/><U0/><E116/><V65/><F65/><W32/><G66/><N who="0" m="39207" /><D122/><U51/><E17/><V91/><F91/><W22/><G88/><T102/><D102/><U104/><E100/><V50/><F50/><W7/><G103/><T98/><D98/><U73/><E104/><V55/><F55/><W123/><G32/><T94/><D94/><U1/><E82/><V20/><F20/><W31/><G22/><T54/><D64/><U99/><E99/><V72/><F72/><W97/><G97/><T9/><D54/><U48/><E73/><V120/><F120/><W131/><G19/><T71/><D71/><U15/><E46/><V115/><F115/><N who="0" m="44106" /><D59/><U10/><AGARI ba="1,1" hai="0,1,3,6,10,15,26,30,33,48,51,52,57,63" machi="10" ten="40,5200,0" yaku="0,1,52,1,54,1" doraHai="5" who="1" fromWho="1" sc="295,-14,265,65,87,-27,343,-14" /><INIT seed="7,0,0,2,4,53" ten="281,330,60,329" oya="3" hai0="113,31,59,82,26,58,15,54,85,63,0,4,37" hai1="102,88,130,73,71,20,74,107,106,69,48,41,44" hai2="110,67,33,61,77,19,109,99,90,6,27,89,42" hai3="126,97,21,12,108,123,78,62,52,103,120,128,29"/><W100/><G126/><T83/><D0/><U34/><E34/><V70/><F6/><W66/><G128/><T133/><D37/><U96/><E130/><V43/><F77/><W91/><G108/><T32/><D133/><U125/><E107/><V95/><F33/><W117/><G117/><T60/><D113/><U35/><E35/><V13/><F27/><N who="3" m="16623" /><G123/><T135/><D135/><U10/><E125/><V132/><F132/><W55/><G120/><T116/><D116/><U57/><E69/><V72/><F72/><W28/><G28/><T36/><D36/><U8/><E71/><V17/><F70/><W111/><G111/><T112/><D112/><U56/><E20/><V25/><F67/><W38/><G38/><T86/><D83/><U119/><E119/><V134/><F134/><W76/><G12/><T121/><D121/><U18/><E73/><V51/><F109/><W93/><G66/><T127/><D127/><U2/><E74/><V46/><F110/><W104/><G104/><T115/><D115/><U98/><E2/><V105/><F105/><W30/><G30/><T94/><D94/><N who="1" m="56391" /><E106/><V75/><F75/><W124/><G124/><T40/><D40/><U87/><E87/><V14/><F25/><W7/><G7/><T129/><D129/><U1/><E1/><V50/><F99/><W49/><G62/><T131/><D131/><U92/><E18/><V122/><F122/><W64/><G64/><T84/><D82/><U11/><AGARI ba="0,0" hai="8,10,11,41,44,48,56,57,92,98,102" m="56391" machi="11" ten="30,7900,0" yaku="8,1,52,2,54,1" doraHai="53" who="1" fromWho="1" sc="281,-20,330,79,60,-20,329,-39" owari="261,-14.0,409,51.0,40,-46.0,290,9.0" /></mjloggm>