<mjloggm ver="2.3"><GO type="169" lobby="0"/><UN n0="%E3%83%8E%E3%82%A8%E3%83%A9" n1="%E8%88%B9%E8%A6%8B%E7%B5%90%E8%A1%A3" n2="%4D%61%74%75%75%72%61" n3="%E7%8C%AB%E3%80%82" dan="16,17,16,16" rate="2078.20,2163.32,2084.31,2109.05" sx="M,F,M,M"/><TAIKYOKU oya="0"/><INIT seed="0,0,0,2,0,64" ten="250,250,250,250" oya="0" hai0="94,78,75,82,34,18,105,104,110,53,47,5,9" hai1="20,21,90,92,108,126,100,60,10,80,37,89,38" hai2="106,134,44,115,50,0,103,79,49,66,36,28,132" hai3="68,120,91,42,69,43,88,122,125,133,11,12,121"/><T32/><D18/><U19/><E108/><V85/><F0/><W57/><G125/><T24/><D110/><U51/><E126/><V118/><F118/><W17/><G133/><T31/><D94/><U131/><E131/><V117/><F28/><W29/><G29/><T72/><D72/><U48/><E38/><V52/><F36/><W22/><G57/><T58/><D47/><U30/><E37/><V101/><F66/><W14/><G42/><T107/><D34/><U95/><E100/><V111/><F115/><W4/><G43/><T59/><REACH who="0" step="1"/><D53/><REACH who="0" ten="240,250,250,250" step="2"/><U109/><E109/><V87/><F52/><W56/><REACH who="3" step="1"/><G56/><REACH who="3" ten="240,250,250,240" step="2"/><T116/><D116/><U3/><E30/><V45/><F117/><W23/><G23/><T46/><D46/><U7/><E21/><V71/><F111/><W8/><G8/><T119/><D119/><U33/><E20/><V112/><F45/><W41/><G41/><T83/><D83/><U27/><E80/><V81/><F81/><W77/><G77/><T99/><D99/><U73/><E10/><V62/><F44/><W123/><G123/><T13/><AGARI ba="0,2" hai="5,9,13,24,31,32,58,59,75,78,82,104,105,107" machi="13" ten="30,3000,0" yaku="1,1,0,1,53,0" doraHai="64" doraHaiUra="39" who="0" fromWho="0" sc="240,50,250,-10,250,-10,240,-10" /><INIT seed="0,1,0,2,5,54" ten="290,240,240,230" oya="0" hai0="120,42,1,118,78,41,71,18,115,19,81,131,33" hai1="119,101,66,122,58,103,127,56,133,125,52,76,65" hai2="40,91,61,74,57,87,126,67,68,83,86,22,16" hai3="35,30,77,5,104,53,11,70,113,21,99,135,59"/><T98/><D115/><U28/><E119/><V25/><F74/><W49/><G113/><T110/><D120/><U111/><E122/><V96/><F126/><N who="1" m="48137" /><E111/><V2/><F2/><W85/><G135/><T39/><D1/><U23/><E133/><V20/><F40/><W24/><G70/><T114/><D71/><U79/><E28/><V88/><F96/><W62/><G35/><T6/><D33/><U48/><E23/><V117/><F117/><W75/><G75/><T109/><D114/><U84/><E66/><V92/><F68/><W34/><G34/><T130/><D6/><U69/><E69/><V105/><F105/><W37/><G37/><T63/><D98/><U124/><E124/><V72/><F72/><W38/><G38/><T32/><D32/><U132/><E132/><V8/><F22/><W102/><G49/><T7/><D7/><U112/><E112/><V93/><F8/><W44/><G44/><N who="0" m="23615" /><D42/><U36/><E36/><V45/><F45/><W108/><G5/><T10/><D118/><U15/><E15/><V17/><F92/><W55/><G11/><T43/><D43/><U50/><E48/><V129/><F129/><N who="0" m="49162" /><D63/><N who="1" m="38135" /><E84/><V106/><F106/><W9/><G85/><N who="0" m="48311" /><D10/><U12/><E12/><V95/><F95/><W134/><G9/><T64/><D64/><U94/><E94/><V47/><F47/><W116/><G134/><T123/><D123/><U97/><E97/><V31/><AGARI ba="1,0" hai="16,17,20,25,31,57,61,67,83,86,87,88,91,93" machi="31" ten="20,12000,2" yaku="0,1,7,1,8,1,52,1,54,2" doraHai="54" who="2" fromWho="2" sc="290,-61,240,-31,240,123,230,-31" /><INIT seed="1,0,0,0,2,58" ten="229,209,363,199" oya="1" hai0="97,65,60,96,104,123,113,23,9,84,107,50,72" hai1="114,33,86,75,124,46,39,42,87,45,126,103,116" hai2="48,79,55,134,77,44,4,111,28,38,98,110,2" hai3="120,83,117,16,95,64,133,93,68,73,105,71,30"/><U20/><E33/><V129/><F28/><W118/><G120/><T128/><D72/><U101/><E75/><V132/><F4/><W18/><G105/><T99/><D123/><U90/><E42/><V43/><F2/><W122/><G122/><T81/><D128/><U56/><E56/><V63/><F98/><W24/><G133/><T12/><D50/><U29/><E29/><V57/><F79/><W92/><G73/><T26/><D113/><U130/><E20/><V131/><F77/><W115/><G115/><T6/><D23/><U54/><E114/><V53/><F53/><W19/><G83/><T74/><D26/><U41/><E41/><V13/><F13/><W11/><G11/><T76/><REACH who="0" step="1"/><D74/><REACH who="0" ten="219,209,363,199" step="2"/><U69/><E130/><N who="2" m="49675" /><F48/><W88/><G24/><T8/><D8/><U102/><E39/><V112/><F112/><W49/><G49/><T70/><AGARI ba="0,1" hai="6,9,12,60,65,70,76,81,84,96,97,99,104,107" machi="70" ten="30,7900,0" yaku="1,1,0,1,52,1,53,1" doraHai="58" doraHaiUra="3" who="0" fromWho="0" sc="219,89,209,-39,363,-20,199,-20" /><INIT seed="2,0,0,4,3,40" ten="308,170,343,179" oya="2" hai0="67,109,53,121,98,104,116,50,23,112,41,37,62" hai1="5,70,10,115,31,57,132,44,1,13,128,80,65" hai2="95,69,110,93,125,135,58,63,72,71,26,15,74" hai3="114,83,42,21,66,61,81,56,14,84,39,103,105"/><V123/><F123/><W45/><G114/><T86/><D104/><U0/><E70/><V119/><F119/><W97/><REACH who="3" step="1"/><G84/><REACH who="3" ten="308,170,343,169" step="2"/><T90/><D98/><U8/><E115/><V4/><F74/><W88/><G88/><T3/><D112/><U54/><E128/><V52/><F72/><W113/><G113/><T99/><D86/><U30/><E132/><V20/><F135/><W55/><G55/><T77/><D99/><U68/><E80/><V122/><F122/><W94/><G94/><T22/><D53/><U32/><E65/><V11/><F93/><W106/><G106/><T60/><D67/><U9/><E68/><V24/><F95/><W12/><G12/><T36/><D121/><U28/><E1/><V16/><F69/><W64/><G64/><T118/><D3/><U47/><E32/><V7/><F71/><W82/><G82/><T75/><D75/><U130/><E130/><V43/><F110/><W59/><G59/><T85/><D85/><U108/><E108/><V76/><F76/><W2/><G2/><T6/><D109/><U17/><REACH who="1" step="1"/><E8/><REACH who="1" ten="308,160,343,169" step="2"/><V29/><F11/><W89/><G89/><T117/><D90/><U101/><E101/><V129/><F129/><W91/><G91/><T133/><D133/><U51/><AGARI ba="0,2" hai="0,5,9,10,13,17,28,30,31,44,47,51,54,57" machi="51" ten="30,8000,1" yaku="1,1,0,1,52,2,53,1" doraHai="40" doraHaiUra="46" who="1" fromWho="1" sc="308,-20,160,100,343,-40,169,-20" /><INIT seed="3,0,0,0,3,65" ten="288,260,303,149" oya="3" hai0="116,66,55,89,77,83,127,95,103,49,128,111,126" hai1="50,104,41,85,40,68,34,3,60,102,22,115,93" hai2="67,2,69,38,54,25,8,20,21,119,52,107,96" hai3="72,133,110,31,0,26,46,16,59,122,98,56,30"/><W1/><G122/><T112/><D116/><U123/><E123/><V11/><F38/><W58/><G72/><T48/><D111/><U57/><E34/><V24/><F119/><W75/><G75/><T94/><D66/><U84/><E3/><V80/><F80/><W118/><G118/><T100/><D48/><U105/><E115/><V86/><F86/><W51/><G110/><T113/><D55/><U19/><E105/><V43/><F43/><W27/><G133/><T39/><D49/><U129/><E129/><V120/><F2/><W61/><G61/><T106/><D39/><U62/><E104/><V47/><F47/><W37/><G98/><N who="0" m="61719" /><D103/><U79/><E68/><V109/><F67/><W82/><G37/><T23/><D23/><U117/><E117/><V121/><F107/><W7/><G82/><T125/><D128/><U9/><E9/><V135/><F96/><W87/><G87/><N who="1" m="33354" /><E79/><V70/><F109/><W36/><G36/><T91/><D77/><U6/><E6/><V32/><F32/><W64/><G7/><T134/><D83/><U132/><E132/><AGARI ba="0,0" hai="8,11,20,21,24,25,52,54,69,70,120,121,132,135" machi="132" ten="25,8000,1" yaku="22,2,52,2,54,1" doraHai="65" who="2" fromWho="1" sc="288,0,260,-80,303,80,149,0" /><INIT seed="4,0,0,3,4,74" ten="288,180,383,149" oya="0" hai0="37,15,118,14,69,73,32,67,56,92,91,58,105" hai1="101,85,131,75,1,128,12,39,9,4,36,110,95" hai2="87,86,124,93,89,112,120,134,54,126,133,122,129" hai3="55,106,31,53,50,76,78,42,45,60,41,16,61"/><T8/><D37/><U5/><E75/><V123/><F54/><W98/><G31/><T71/><D105/><U100/><E110/><V40/><F40/><W38/><G106/><T79/><D32/><U25/><E25/><V33/><F33/><W64/><G98/><T125/><D125/><N who="2" m="48234" /><F112/><W22/><G53/><T90/><D118/><U49/><E49/><V48/><F48/><W17/><G17/><T70/><D91/><U117/><E117/><V115/><F115/><W113/><G113/><T127/><D127/><U21/><E85/><N who="2" m="52399" /><F129/><W132/><G132/><AGARI ba="0,0" hai="86,87,120,122,123,132,133,134" m="52399,48234" machi="132" ten="40,8000,1" yaku="20,1,18,1,34,2" doraHai="74" who="2" fromWho="3" sc="288,0,180,0,383,80,149,-80" /><INIT seed="5,0,0,5,0,3" ten="288,180,463,69" oya="1" hai0="91,34,87,98,38,117,89,107,95,13,59,105,78" hai1="60,125,55,42,128,69,20,119,103,112,15,57,33" hai2="120,73,123,35,133,53,74,28,99,32,0,30,36" hai3="118,22,11,67,51,5,2,126,31,52,7,41,82"/><U48/><E33/><V27/><F36/><W50/><G126/><T72/><D38/><U100/><E119/><V71/><F53/><W130/><G130/><T4/><D59/><U8/><E128/><V101/><F71/><W109/><G109/><T132/><D13/><U110/><E125/><V121/><F0/><W106/><G118/><T111/><D4/><U1/><E1/><V25/><F133/><W14/><G106/><AGARI ba="0,0" hai="25,27,28,30,32,35,73,74,99,101,106,120,121,123" machi="106" ten="40,5200,0" yaku="9,1,23,2" doraHai="3" who="2" fromWho="3" sc="288,0,180,0,463,52,69,-52" /><INIT seed="6,0,0,4,1,79" ten="288,180,515,17" oya="2" hai0="24,102,35,13,113,88,86,42,89,6,0,53,18" hai1="3,87,63,43,56,123,84,37,62,129,110,131,132" hai2="51,122,55,105,107,44,85,130,57,30,114,133,127" hai3="103,100,118,20,27,32,38,83,72,4,17,5,54"/><V69/><F69/><W16/><G118/><T59/><D42/><U58/><E3/><V40/><F122/><W9/><G38/><T19/><D102/><U106/><E106/><V116/><F116/><W109/><G109/><T82/><D113/><U125/><E87/><V93/><F127/><W8/><G32/><T111/><D111/><U112/><E110/><V115/><F30/><W73/><G54/><T15/><D6/><U2/><E84/><V34/><F34/><W12/><G17/><T50/><D0/><U22/><E22/><V67/><F67/><W11/><G11/><N who="0" m="6463" /><D24/><U95/><E95/><V14/><F14/><W68/><G68/><T134/><D134/><U99/><E99/><V96/><F133/><W101/><REACH who="3" step="1"/><G83/><REACH who="3" ten="288,180,515,7" step="2"/><T29/><D35/><U26/><E132/><V119/><F119/><W52/><G52/><T74/><D29/><U41/><E37/><V1/><F55/><W135/><G135/><T98/><D82/><U49/><E123/><V21/><F40/><W64/><G64/><T65/><D53/><U31/><E43/><V78/><F51/><W108/><G108/><T36/><D65/><U126/><E49/><V66/><F66/><W70/><G70/><T33/><D50/><U117/><E41/><V91/><F44/><W120/><G120/><T23/><D36/><U128/><E117/><V90/><F57/><N who="1" m="22121" /><E126/><V47/><F47/><W97/><G97/><T7/><D98/><U25/><E125/><V48/><F96/><W124/><G124/><T75/><D33/><U94/><E129/><V45/><F130/><N who="1" m="49705" /><E63/><V60/><F60/><RYUUKYOKU ba="0,1" sc="288,-10,180,-10,515,-10,7,30" hai3="4,5,8,9,12,16,20,27,72,73,100,101,103" /><INIT seed="7,1,1,0,2,43" ten="278,170,505,37" oya="3" hai0="60,126,13,4,135,132,19,23,56,2,71,33,104" hai1="69,109,100,118,129,52,3,42,134,85,124,102,82" hai2="80,48,66,122,1,70,112,35,96,5,14,63,130" hai3="133,89,79,20,90,87,51,38,64,74,113,78,32"/><W25/><G38/><T12/><D104/><U83/><E69/><V34/><F1/><W121/><G121/><T125/><D33/><U22/><E109/><V127/><F127/><N who="0" m="48650" /><D2/><U106/><E3/><V108/><F108/><W16/><G113/><T28/><D71/><U61/><E124/><V123/><F34/><W24/><G133/><T115/><D28/><U92/><E134/><V50/><F35/><W11/><G74/><T53/><D115/><U114/><E114/><V36/><F36/><W67/><G11/><AGARI ba="1,1" hai="4,11,12,13,19,23,53,56,60,132,135" m="48650" machi="11" ten="30,1000,0" yaku="18,1" doraHai="43" who="0" fromWho="3" sc="278,23,170,0,505,0,37,-13" owari="301,10.0,170,-23.0,505,61.0,24,-48.0" /></mjloggm>