<mjloggm ver="2.3"><GO type="169" lobby="0"/><UN n0="%E6%9A%A2%E4%B8%80" n1="%54%4F%4E%38%30" n2="%6D%61%74%74%75%61%6E" n3="%E3%82%82%E3%82%8A%E3%81%9E%E3%83%BC%33%38" dan="16,16,16,17" rate="2170.55,2052.24,2190.93,2183.25" sx="M,M,M,M"/><TAIKYOKU oya="0"/><INIT seed="0,0,0,0,5,28" ten="250,250,250,250" oya="0" hai0="23,81,121,29,1,86,3,17,42,15,90,30,51" hai1="131,38,63,123,102,96,99,4,71,85,133,120,112" hai2="0,75,9,61,22,135,134,91,111,44,33,14,97" hai3="80,82,60,109,5,108,77,46,74,70,12,125,95"/><T16/><D121/><U7/><E38/><V114/><F114/><W37/><G125/><T110/><D110/><N who="3" m="42601" /><G82/><T54/><D42/><U21/><E112/><V69/><F75/><W115/><G95/><T26/><D17/><U106/><E131/><V64/><F22/><W122/><G115/><T31/><REACH who="0" step="1"/><D26/><REACH who="0" ten="240,250,250,250" step="2"/><U35/><E123/><V128/><F111/><W117/><G122/><T19/><D19/><U129/><E120/><V66/><F128/><W59/><G117/><T57/><AGARI ba="0,1" hai="1,3,15,16,23,29,30,31,51,54,57,81,86,90" machi="57" ten="30,6000,0" yaku="1,1,0,1,54,1,53,0" doraHai="28" doraHaiUra="124" who="0" fromWho="0" sc="240,70,250,-20,250,-20,250,-20" /><INIT seed="0,1,0,2,1,120" ten="310,230,230,230" oya="0" hai0="18,12,119,128,34,11,47,14,70,58,66,10,89" hai1="112,85,19,75,43,104,99,46,69,42,28,73,52" hai2="25,109,35,1,103,95,30,6,80,9,86,117,8" hai3="91,77,90,72,68,55,101,98,107,16,133,60,67"/><T116/><D128/><U3/><E3/><V118/><F9/><W126/><G133/><T100/><D34/><U105/><E28/><V79/><F103/><W4/><G4/><T38/><D100/><U114/><E69/><V84/><F95/><W50/><G126/><T108/><D70/><U93/><E85/><V134/><F134/><W24/><G77/><T78/><D78/><U44/><E19/><V125/><F125/><W113/><G72/><T0/><D0/><U41/><E93/><V110/><REACH who="2" step="1"/><F84/><REACH who="2" ten="310,230,220,230" step="2"/><W54/><G113/><T27/><D116/><AGARI ba="1,1" hai="1,6,8,25,30,35,79,80,86,109,110,116,117,118" machi="116" ten="40,8000,1" yaku="1,1,2,1,12,1,52,2,53,0" doraHai="120" doraHaiUra="49" who="2" fromWho="0" sc="310,-83,230,0,220,93,230,0" /><INIT seed="1,0,0,4,1,57" ten="227,230,313,230" oya="1" hai0="118,49,113,65,6,119,2,123,55,3,64,8,98" hai1="75,5,61,135,59,85,127,117,63,82,9,37,130" hai2="11,105,42,4,40,69,80,110,71,30,106,115,58" hai3="100,17,97,121,116,0,66,81,128,48,96,22,70"/><U13/><E117/><V35/><F110/><W18/><G121/><T114/><D123/><U60/><E37/><V87/><F115/><W77/><G116/><T28/><D28/><U21/><E75/><V131/><F131/><W54/><G0/><T90/><D2/><U78/><E130/><V62/><F42/><W95/><G128/><T24/><D24/><U111/><E111/><V89/><F40/><W94/><G66/><T46/><D119/><U14/><E127/><V129/><F129/><W125/><G70/><T84/><D98/><U79/><E135/><V86/><F71/><W88/><G22/><T34/><D34/><U74/><E74/><V7/><F69/><W39/><G39/><T134/><D134/><U26/><E14/><V50/><F50/><W15/><G15/><T73/><D73/><U23/><E23/><V103/><F103/><W43/><G43/><T126/><D126/><U12/><E12/><V10/><F87/><N who="3" m="48559" /><G125/><T102/><D102/><U41/><E41/><V16/><F30/><W67/><G67/><T72/><D72/><U124/><E124/><V52/><F16/><W56/><AGARI ba="0,0" hai="17,18,48,54,56,88,94,95,96,97,100" m="48559" machi="56" ten="30,2000,0" yaku="8,1,54,1" doraHai="57" who="3" fromWho="3" sc="227,-5,230,-10,313,-5,230,20" /><INIT seed="2,0,0,5,3,48" ten="222,220,308,250" oya="2" hai0="69,28,76,20,65,10,66,110,45,123,88,15,101" hai1="86,70,99,132,58,120,94,26,3,103,104,30,118" hai2="57,6,63,79,81,21,68,135,117,75,17,87,42" hai3="96,91,133,89,107,72,100,33,49,51,67,32,92"/><V130/><F117/><W93/><G133/><T18/><D110/><U50/><E118/><V114/><F114/><W14/><G72/><T56/><D69/><U40/><E132/><V73/><F135/><W109/><G109/><T7/><D76/><U106/><E70/><V8/><F130/><W36/><G36/><T127/><D127/><U83/><E3/><V46/><F68/><W113/><G113/><T41/><D101/><U64/><E40/><V60/><F60/><W126/><G126/><T82/><D56/><U78/><E120/><V59/><F57/><W29/><G67/><T102/><D28/><U61/><REACH who="1" step="1"/><E50/><REACH who="1" ten="222,210,308,250" step="2"/><V16/><F42/><W23/><G49/><N who="0" m="26799" /><D123/><U122/><E122/><V129/><F129/><W53/><G33/><AGARI ba="0,1" hai="26,30,33,58,61,64,78,83,86,94,99,103,104,106" machi="33" ten="30,3900,0" yaku="1,1,7,1,53,1" doraHai="48" doraHaiUra="24" who="1" fromWho="3" sc="222,0,210,49,308,0,250,-39" /><INIT seed="3,0,0,0,3,1" ten="222,259,308,211" oya="3" hai0="3,35,116,82,59,135,102,16,22,79,27,23,104" hai1="107,43,25,53,134,57,6,68,88,21,32,64,94" hai2="97,78,83,47,87,51,133,8,103,69,130,20,100" hai3="31,119,123,34,73,72,75,129,101,92,128,93,11"/><W106/><G31/><T95/><D135/><U30/><E107/><V127/><F133/><W85/><G34/><T44/><D116/><U121/><E43/><V89/><F127/><W132/><G132/><T28/><D104/><U60/><E121/><V40/><F69/><W24/><G24/><T42/><D3/><U41/><E41/><V80/><F130/><N who="3" m="50283" /><G11/><T56/><D35/><U48/><E6/><V38/><F38/><W39/><G39/><T76/><D95/><N who="3" m="36425" /><G119/><T62/><D102/><U131/><E134/><V91/><F97/><N who="3" m="61743" /><G85/><T12/><D62/><U45/><E131/><V58/><F103/><W2/><G2/><T111/><D56/><U112/><E32/><V52/><F100/><W10/><G10/><T0/><D59/><U108/><E68/><V110/><F8/><W120/><AGARI ba="0,0" hai="72,73,75,120,123" m="61743,36425,50283" machi="120" ten="40,7800,0" yaku="19,1,34,2" doraHai="1" who="3" fromWho="3" sc="222,-26,259,-26,308,-26,211,78" /><INIT seed="3,1,0,5,1,35" ten="196,233,282,289" oya="3" hai0="22,13,7,40,78,58,75,47,114,110,31,113,85" hai1="12,68,100,41,62,77,52,42,61,121,49,56,55" hai2="115,3,99,33,70,129,130,28,123,83,8,66,124" hai3="88,89,128,118,127,79,54,90,131,36,1,101,117"/><W107/><G36/><T73/><D110/><U94/><E77/><V60/><F115/><N who="0" m="44042" /><D31/><U133/><E121/><V14/><F123/><W27/><G27/><T97/><D97/><U57/><E133/><V76/><F124/><W116/><G54/><T63/><D85/><U122/><E122/><V98/><F28/><W134/><G1/><T86/><D86/><U72/><E72/><V87/><F33/><W43/><G43/><T105/><D78/><U5/><E49/><V23/><F23/><W65/><G65/><N who="0" m="39159" /><D105/><U20/><E68/><V50/><F3/><W59/><G59/><T16/><D7/><U30/><E5/><N who="2" m="3343" /><F50/><AGARI ba="1,0" hai="13,16,22,40,47,50,73,75" m="39159,44042" machi="50" ten="30,2000,0" yaku="11,1,54,1" doraHai="35" who="0" fromWho="2" sc="196,23,233,0,282,-23,289,0" /><INIT seed="4,0,0,5,2,14" ten="219,233,259,289" oya="0" hai0="4,119,22,3,15,98,44,59,13,31,21,88,48" hai1="23,131,7,80,133,110,128,42,70,53,24,18,61" hai2="91,76,95,45,65,51,102,33,32,125,16,1,20" hai3="74,89,114,34,81,27,66,113,2,64,68,73,79"/><T25/><D119/><U82/><E110/><V124/><F1/><W130/><G2/><T52/><D3/><U117/><E7/><V83/><F65/><W96/><G130/><N who="1" m="49706" /><E117/><V39/><F102/><W67/><G68/><T118/><D118/><U28/><E42/><V101/><F101/><W134/><G134/><T94/><D4/><U60/><E133/><V38/><F33/><W77/><G89/><T86/><D98/><U9/><E70/><V93/><F32/><W43/><G96/><T40/><REACH who="0" step="1"/><D21/><REACH who="0" ten="209,233,259,289" step="2"/><N who="1" m="15375" /><E9/><V123/><F123/><W105/><G34/><T37/><AGARI ba="0,1" hai="13,15,22,25,31,37,40,44,48,52,59,86,88,94" machi="37" ten="20,18000,2" yaku="1,1,0,1,7,1,54,2,53,2" doraHai="14" doraHaiUra="11" who="0" fromWho="0" sc="209,190,233,-60,259,-60,289,-60" /><INIT seed="4,1,0,0,4,77" ten="399,173,199,229" oya="0" hai0="81,50,14,88,121,82,32,3,38,119,13,30,25" hai1="71,16,75,34,55,99,54,42,24,73,128,135,95" hai2="26,36,41,111,35,92,58,28,110,46,20,113,126" hai3="104,133,108,68,6,63,0,37,51,132,76,61,53"/><T103/><D121/><U19/><E128/><V100/><F113/><W67/><G104/><T15/><D119/><U118/><E118/><V69/><F69/><W123/><G6/><T21/><D38/><U27/><E71/><V112/><F112/><W94/><G0/><T44/><D3/><U72/><E135/><N who="3" m="51786" /><G94/><T106/><D32/><U105/><E105/><V116/><F116/><W90/><G90/><T4/><D4/><U48/><E42/><V125/><F58/><N who="3" m="33087" /><G76/><T22/><D22/><U17/><E34/><V91/><F100/><W86/><G86/><T93/><D103/><U122/><E122/><V114/><F114/><W8/><G8/><T57/><D57/><U47/><REACH who="1" step="1"/><E55/><REACH who="1" ten="399,163,199,229" step="2"/><V2/><F35/><W33/><G33/><T129/><D106/><U45/><E45/><V80/><F46/><W98/><G123/><T59/><D59/><U9/><E9/><V10/><F10/><W130/><G130/><T66/><D66/><U40/><E40/><V109/><F41/><W62/><G108/><T127/><D129/><U18/><N who="1" m="4096" /><DORA hai="7" /><U39/><E39/><V79/><F36/><W65/><G37/><T84/><D127/><N who="2" m="48650" /><F109/><W107/><G68/><T1/><D1/><U102/><AGARI ba="1,1" hai="24,27,47,48,54,72,73,75,95,99,102" m="4096" machi="102" ten="50,6400,0" yaku="1,1,0,1,54,1,53,0" doraHai="77,7" doraHaiUra="52,64" who="1" fromWho="1" sc="399,-33,163,77,199,-17,229,-17" /><INIT seed="5,0,0,5,0,126" ten="366,240,182,212" oya="1" hai0="7,89,125,42,74,134,135,103,91,46,10,22,93" hai1="100,20,122,106,117,115,108,99,121,11,43,32,73" hai2="14,101,41,17,78,36,92,114,25,97,107,67,49" hai3="53,19,33,55,105,24,0,86,83,1,51,40,133"/><U45/><E117/><V13/><F36/><W118/><G105/><T56/><D125/><U84/><E32/><V28/><F107/><W66/><G118/><T71/><D71/><U47/><E73/><V38/><F38/><W85/><G133/><N who="0" m="50699" /><D56/><U50/><E108/><V116/><F116/><W29/><G66/><T131/><D131/><U2/><E115/><V82/><F114/><W4/><G40/><T5/><D22/><U96/><E96/><V62/><F49/><W39/><G39/><N who="0" m="21855" /><D74/><U59/><E59/><V9/><F41/><W27/><G55/><T79/><D79/><U65/><E65/><V63/><F14/><W68/><G68/><T111/><D111/><U72/><E72/><V76/><F82/><W26/><G86/><T48/><D48/><U6/><E47/><V31/><F31/><W88/><G19/><T130/><D130/><U57/><E57/><V81/><F81/><W90/><G4/><N who="0" m="1611" /><D10/><U3/><E3/><V110/><F110/><W54/><G54/><T124/><D124/><U44/><E44/><V94/><F76/><N who="3" m="46311" /><G0/><T23/><D23/><U95/><REACH who="1" step="1"/><E20/><REACH who="1" ten="366,230,182,212" step="2"/><N who="2" m="15399" /><F67/><W30/><G1/><T18/><D103/><U102/><E102/><N who="2" m="60711" /><F63/><W37/><G37/><T34/><D34/><U120/><E120/><V8/><F62/><W113/><G113/><T87/><D87/><U123/><E123/><V112/><F112/><W21/><G27/><T77/><D77/><U128/><E128/><V12/><F78/><W35/><G35/><T80/><D80/><U98/><E98/><N who="2" m="59607" /><F8/><W52/><G51/><T15/><D93/><U132/><E132/><RYUUKYOKU ba="0,1" sc="366,0,230,0,182,0,212,0" hai0="15,18,89,91" hai1="2,6,11,43,45,50,84,95,99,100,106,121,122" hai2="9,12,13,17" hai3="21,24,26,29,30,33,52,53,88,90" /><INIT seed="5,1,1,4,4,9" ten="366,230,182,212" oya="1" hai0="133,103,61,83,93,16,91,100,120,58,71,1,132" hai1="84,88,109,15,30,101,49,4,37,96,135,117,59" hai2="98,56,92,19,35,112,45,77,29,39,74,10,123" hai3="46,53,21,36,99,11,86,6,27,18,20,97,108"/><U2/><E117/><V64/><F123/><W13/><G108/><T28/><D1/><U126/><E37/><V89/><F35/><W51/><G36/><T43/><D28/><U17/><E109/><V40/><F29/><W41/><G53/><T110/><D43/><U70/><E70/><V90/><F112/><W0/><REACH who="3" step="1"/><G86/><REACH who="3" ten="366,230,182,202" step="2"/><T14/><D110/><U76/><E135/><N who="0" m="51785" /><D120/><U48/><E126/><V34/><F39/><W116/><G116/><T130/><D130/><U72/><E72/><V124/><F74/><W119/><G119/><T121/><D121/><U69/><E84/><V105/><F40/><W24/><G24/><T85/><D71/><U102/><E69/><V87/><F87/><W38/><G38/><T7/><D83/><U66/><E66/><V128/><F64/><W26/><G26/><T55/><D7/><U81/><E4/><V73/><F73/><W75/><G75/><T52/><D55/><U129/><E129/><V115/><F128/><W54/><G54/><T125/><D125/><U95/><E96/><V44/><F124/><W57/><G57/><T127/><D127/><U63/><E59/><V104/><F56/><W25/><G25/><T122/><D122/><U62/><E62/><V111/><F111/><W118/><G118/><T80/><D80/><U31/><E81/><V12/><F98/><W82/><G82/><T79/><D79/><U60/><E63/><V32/><F77/><W22/><G22/><AGARI ba="1,2" hai="14,16,22,52,58,61,85,91,93,100,103" m="51785" machi="22" ten="30,7700,0" yaku="20,1,52,1,54,2" doraHai="9" who="0" fromWho="3" sc="366,100,230,0,182,0,202,-80" /><INIT seed="6,0,0,1,2,28" ten="466,230,182,122" oya="2" hai0="67,125,27,113,64,23,66,120,30,119,48,117,19" hai1="14,76,114,116,84,56,39,135,123,40,62,29,70" hai2="134,109,16,106,32,8,38,95,108,6,55,107,77" hai3="0,100,128,78,94,54,41,129,17,49,59,12,110"/><V4/><F134/><W20/><G110/><N who="2" m="42601" /><F38/><W111/><G111/><T124/><D113/><U89/><E114/><V112/><F112/><W79/><G0/><T121/><D48/><U81/><E116/><N who="0" m="44617" /><D19/><U18/><E70/><V46/><F77/><W105/><G105/><N who="2" m="39945" /><F95/><W88/><G100/><T61/><D61/><U2/><E135/><V101/><F101/><W69/><G69/><T132/><D132/><U93/><E123/><AGARI ba="0,0" hai="23,27,30,64,66,67,120,121,123,124,125" m="44617" machi="123" ten="40,1300,0" yaku="12,1" doraHai="28" who="0" fromWho="1" sc="466,13,230,-13,182,0,122,0" /><INIT seed="7,0,0,1,2,64" ten="479,217,182,122" oya="3" hai0="120,20,13,41,102,33,56,135,36,91,48,51,16" hai1="89,78,4,59,28,105,97,110,53,107,131,49,1" hai2="95,128,108,10,39,15,23,12,77,100,129,71,70" hai3="67,126,72,101,66,62,117,84,76,40,82,34,73"/><W68/><G126/><T122/><D33/><U103/><E110/><V55/><F39/><W74/><G117/><T85/><D102/><U43/><E131/><N who="2" m="50251" /><F77/><W30/><G40/><T52/><D135/><U54/><E43/><V45/><F23/><W37/><G37/><T115/><D36/><U98/><E28/><V99/><F108/><W29/><G34/><T26/><D26/><U96/><E78/><V18/><F15/><W63/><REACH who="3" step="1"/><G101/><REACH who="3" ten="479,217,182,112" step="2"/><T27/><D120/><U69/><E103/><V83/><F83/><W6/><G6/><T116/><D122/><U44/><E4/><V87/><F87/><W42/><G42/><T57/><D41/><U118/><E98/><V94/><F94/><W2/><G2/><T7/><D7/><U24/><E1/><V109/><F109/><W111/><G111/><T11/><D116/><U58/><E97/><V119/><F119/><W90/><G90/><T134/><D85/><U92/><E89/><V3/><F3/><W61/><G61/><T31/><D91/><U5/><E92/><V9/><F100/><W32/><G32/><T86/><D86/><U25/><E96/><V60/><F99/><W8/><G8/><T133/><D133/><U17/><E5/><V112/><F95/><W125/><G125/><T46/><D134/><U93/><E118/><V35/><F35/><W50/><G50/><T22/><D48/><U121/><E93/><V113/><F9/><W127/><G127/><T104/><D11/><U19/><E49/><V38/><F38/><W14/><G14/><T114/><D104/><N who="1" m="40011" /><E121/><V0/><F0/><RYUUKYOKU ba="0,1" sc="479,15,217,-15,182,-15,112,15" hai0="13,16,20,22,27,31,46,51,52,56,57,114,115" hai3="29,30,62,63,66,67,68,72,73,74,76,82,84" /><INIT seed="7,1,1,0,2,68" ten="494,202,167,127" oya="3" hai0="25,57,107,0,75,126,120,119,14,28,95,88,2" hai1="108,76,22,85,16,130,125,21,18,51,12,6,100" hai2="132,94,121,63,53,71,97,55,74,62,44,36,40" hai3="11,101,19,80,43,105,29,59,122,112,98,27,33"/><W81/><G122/><T134/><D119/><U72/><E108/><V115/><F74/><W4/><G112/><T84/><D120/><U45/><E130/><V7/><F121/><W118/><G118/><T64/><D134/><U93/><E125/><V35/><F35/><W23/><G43/><T73/><D107/><U129/><E6/><V34/><F34/><W99/><G59/><T8/><D75/><U116/><E129/><V54/><F7/><W17/><G99/><T66/><D73/><U31/><E31/><V123/><F123/><W47/><G47/><T42/><D42/><N who="1" m="25015" /><E72/><V30/><F30/><W91/><G91/><T89/><D89/><N who="1" m="53423" /><E76/><V82/><F82/><W79/><G79/><T37/><D14/><N who="1" m="9431" /><E116/><V24/><F24/><W78/><G78/><T69/><D57/><U86/><E86/><V39/><F132/><W56/><G56/><T127/><D84/><U20/><E100/><V87/><F87/><W128/><G128/><T26/><D95/><U3/><E3/><V67/><F115/><W41/><G41/><T117/><D8/><AGARI ba="1,1" hai="8,12,16,20,22" m="9431,53423,25015" machi="8" ten="30,2000,0" yaku="8,1,54,1" doraHai="68" who="1" fromWho="0" sc="494,-23,202,33,167,0,127,0" owari="471,56.0,235,4.0,167,-23.0,127,-37.0" /></mjloggm>