<mjloggm ver="2.3"><GO type="225" lobby="0"/><UN n0="%E7%89%9B%E7%89%9B%E7%89%9B%E7%89%9B" n1="%6B%65%6E%6E%64%69" n2="%E7%99%BD%E8%9B%87%E3%81%AE%E3%83%8A%E3%83%BC%E3%82%AC" n3="%48%61%61%61%6C%61%6E%64" dan="16,16,16,17" rate="2120.85,2141.86,2096.01,2144.23" sx="M,M,M,M"/><TAIKYOKU oya="0"/><INIT seed="0,0,0,5,2,67" ten="250,250,250,250" oya="0" hai0="80,99,17,119,98,62,101,75,14,60,134,50,45" hai1="126,15,24,25,58,128,1,127,129,29,85,4,103" hai2="3,38,28,57,64,83,70,11,51,79,100,108,111" hai3="34,122,8,130,87,66,118,6,73,131,41,13,86"/><T84/><D119/><U49/><E103/><V117/><F117/><W71/><G118/><T77/><D134/><U7/><E85/><V81/><F81/><W90/><G73/><T55/><D75/><U35/><E58/><V91/><F91/><W135/><G135/><T106/><REACH who="0" step="1"/><D98/><REACH who="0" ten="240,250,250,250" step="2"/><U76/><E129/><V19/><F19/><W16/><G130/><T74/><D74/><U61/><E128/><V97/><F97/><W114/><G131/><T23/><AGARI ba="0,1" hai="14,17,23,45,50,55,60,62,77,80,84,99,101,106" machi="23" ten="20,3900,0" yaku="1,1,0,1,7,1,53,0" doraHai="67" doraHaiUra="109" who="0" fromWho="0" sc="240,49,250,-13,250,-13,250,-13" /><INIT seed="0,1,0,0,2,111" ten="289,237,237,237" oya="0" hai0="81,27,134,56,12,73,126,89,34,95,43,0,120" hai1="42,72,9,59,70,119,103,23,67,64,29,118,135" hai2="52,51,117,98,18,46,93,45,30,20,102,108,38" hai3="130,109,128,92,110,48,71,105,11,33,78,121,116"/><T106/><D0/><U37/><E72/><V22/><F22/><W19/><G105/><T132/><D106/><U17/><E135/><N who="0" m="51753" /><D120/><U86/><E70/><V25/><F25/><W75/><G71/><T123/><D123/><U63/><E67/><V5/><F5/><W60/><G121/><T82/><D43/><U61/><E61/><V133/><F133/><W96/><G116/><T16/><D56/><U129/><E129/><N who="3" m="49770" /><G33/><T35/><D126/><U114/><E42/><V57/><F57/><W122/><G122/><T36/><D36/><U1/><E37/><V14/><F14/><N who="3" m="7647" /><G48/><T7/><D7/><U91/><E1/><V41/><F117/><W90/><G60/><T74/><D27/><U55/><E119/><V77/><F77/><W28/><G28/><T15/><D12/><U10/><E29/><V62/><F62/><W125/><G125/><T76/><D34/><U113/><E118/><V8/><F108/><W54/><G54/><T127/><D76/><U50/><E64/><V65/><F65/><W79/><G79/><T131/><D35/><U26/><E63/><V85/><F30/><W87/><G75/><N who="0" m="28683" /><D127/><U69/><E69/><V3/><F3/><W68/><G68/><T47/><D131/><U66/><E66/><V58/><F8/><W13/><G13/><T49/><D15/><U101/><E9/><V107/><F107/><W88/><G78/><T97/><D16/><U4/><E10/><V39/><F18/><W2/><G2/><T115/><D49/><N who="1" m="31215" /><E4/><V84/><F20/><W124/><G124/><T44/><D47/><U40/><E26/><RYUUKYOKU ba="1,0" sc="289,-15,237,-15,237,15,237,15" hai2="38,39,41,45,46,51,52,58,84,85,93,98,102" hai3="87,88,90,92,96,109,110" /><INIT seed="1,2,0,0,0,17" ten="274,222,252,252" oya="1" hai0="33,12,32,123,50,63,37,75,40,91,36,119,117" hai1="20,0,104,112,44,113,53,100,46,70,116,74,110" hai2="105,72,31,8,10,133,57,28,6,99,78,90,135" hai3="73,114,102,27,25,130,4,43,69,18,58,45,98"/><U134/><E116/><V92/><F105/><W108/><G69/><T21/><D75/><U30/><E0/><V95/><F57/><W26/><G114/><T42/><D123/><U51/><E74/><V5/><F78/><W64/><G108/><T2/><D63/><U60/><E110/><V55/><F72/><W49/><G130/><T77/><D77/><U34/><E134/><V86/><F55/><W24/><G4/><T68/><D91/><U22/><E44/><V3/><F86/><W96/><G73/><T52/><D2/><U128/><E128/><V101/><F90/><W93/><G98/><T81/><D81/><U83/><E83/><V23/><F3/><W111/><G111/><T126/><D50/><U66/><E113/><V97/><F101/><W84/><G84/><T13/><D126/><U120/><E120/><V129/><F129/><W89/><G102/><T47/><D47/><U107/><E112/><V7/><F7/><W82/><G82/><T76/><D76/><U14/><E14/><V1/><F1/><W29/><G18/><T88/><D88/><U87/><E87/><V80/><F80/><W122/><G122/><T9/><D9/><U131/><E131/><V16/><F16/><W67/><REACH who="3" step="1"/><G58/><REACH who="3" ten="274,222,252,242" step="2"/><T48/><D68/><U103/><E100/><V61/><F61/><W54/><G54/><T106/><D52/><U125/><E125/><V124/><F124/><W41/><G41/><T38/><D40/><U109/><E109/><V11/><F11/><W56/><G56/><T39/><D42/><U79/><E103/><V94/><F94/><RYUUKYOKU ba="2,1" sc="274,-15,222,-15,252,15,242,15" hai2="5,6,8,10,23,28,31,92,95,97,99,133,135" hai3="24,25,26,27,29,43,45,49,64,67,89,93,96" /><INIT seed="2,3,1,0,0,92" ten="259,207,267,257" oya="2" hai0="11,69,129,127,12,94,27,128,97,61,91,18,34" hai1="56,10,52,50,125,75,7,40,93,78,30,116,117" hai2="20,135,58,13,122,76,90,102,9,95,4,1,86" hai3="5,74,82,77,36,126,19,16,120,98,25,103,73"/><V55/><F122/><W32/><G120/><T67/><REACH who="0" step="1"/><D127/><REACH who="0" ten="249,207,267,257" step="2"/><U99/><E125/><V43/><F135/><W28/><G126/><T33/><D33/><U106/><E106/><V37/><F1/><W89/><G36/><T87/><D87/><U110/><E110/><V85/><F37/><W104/><G73/><T46/><D46/><U96/><E117/><V24/><F76/><W38/><G38/><T88/><D88/><U108/><E116/><V42/><F86/><W114/><G114/><T84/><D84/><U53/><E108/><V123/><F123/><W121/><G121/><T23/><D23/><U65/><E75/><V131/><F131/><W60/><G89/><T71/><D71/><U118/><E78/><V70/><F70/><W31/><G32/><T45/><D45/><N who="1" m="25895" /><E118/><V14/><F102/><W29/><G77/><T63/><D63/><N who="1" m="38119" /><E30/><AGARI ba="3,2" hai="11,12,18,27,30,34,61,67,69,91,94,97,128,129" machi="30" ten="40,5200,0" yaku="21,2,52,1,53,0" doraHai="92" doraHaiUra="115" who="0" fromWho="1" sc="249,81,207,-61,267,0,257,0" /><INIT seed="3,0,0,5,3,68" ten="330,146,267,257" oya="3" hai0="39,63,115,0,96,111,14,116,76,61,95,56,126" hai1="49,100,3,88,69,106,110,60,57,112,54,86,90" hai2="80,135,74,20,23,19,30,67,28,31,51,24,7" hai3="18,78,70,13,113,91,41,50,132,77,65,45,93"/><W134/><G113/><T101/><D39/><U48/><E112/><V104/><F104/><W98/><G70/><T26/><D0/><U10/><E110/><V120/><F120/><W5/><G65/><T9/><D111/><U84/><E106/><V97/><F135/><N who="3" m="51755" /><G5/><T40/><D126/><U125/><E125/><V25/><F67/><W27/><G27/><N who="2" m="10313" /><F74/><W64/><G64/><N who="0" m="38951" /><D40/><U47/><E100/><V107/><F107/><W21/><AGARI ba="0,0" hai="13,18,21,41,45,50,77,78,91,93,98" m="51755" machi="21" ten="30,1500,0" yaku="20,1" doraHai="68" who="3" fromWho="3" sc="330,-5,146,-5,267,-5,257,15" /><INIT seed="3,1,0,4,5,125" ten="325,141,262,272" oya="3" hai0="80,134,94,130,87,62,82,65,102,28,45,78,18" hai1="92,111,108,117,42,51,116,123,0,84,17,121,75" hai2="99,37,124,83,48,55,115,11,90,50,73,61,133" hai3="46,128,40,67,89,112,118,98,21,106,26,16,77"/><W52/><G112/><T107/><D130/><U69/><E17/><V66/><F37/><W91/><G118/><N who="1" m="45674" /><E0/><V54/><F133/><W22/><G128/><T70/><D107/><U60/><E84/><N who="2" m="50463" /><F73/><W2/><G2/><T131/><D131/><U49/><E92/><V7/><F115/><W76/><G67/><T9/><D45/><N who="1" m="25783" /><E75/><V56/><F124/><W13/><G40/><T103/><D28/><U3/><E3/><V81/><F81/><W126/><G126/><T57/><D70/><U113/><E51/><N who="2" m="19499" /><F99/><W132/><G106/><T20/><D9/><U58/><E113/><V109/><F109/><N who="1" m="42057" /><E69/><V96/><F96/><W15/><G98/><T30/><D80/><U53/><E123/><V39/><F39/><W129/><G129/><T68/><D94/><U24/><E24/><V12/><AGARI ba="1,0" hai="7,11,12,54,55,56,61,66" m="19499,50463" machi="12" ten="30,1100,0" yaku="8,1" doraHai="125" who="2" fromWho="2" sc="325,-4,141,-4,262,14,272,-6" owari="321,41.0,137,-36.0,276,8.0,266,-13.0" /></mjloggm>