<mjloggm ver="2.3"><GO type="169" lobby="0"/><UN n0="%E6%98%AF%E6%94%BF%E3%81%AE%E5%A4%95%E9%99%BD" n1="%E3%83%8E%E3%82%AA%E3%83%81%E3%83%A3%E3%83%99%E3%82%B9" n2="%E4%B8%83%E7%94%9F%E5%A4%95" n3="%E3%81%B4%E3%81%88%E3%81%AB%E3%82%93" dan="16,17,16,16" rate="2145.71,2219.25,2119.19,2092.07" sx="M,M,M,M"/><TAIKYOKU oya="0"/><INIT seed="0,0,0,5,0,25" ten="250,250,250,250" oya="0" hai0="74,123,76,31,94,62,107,54,2,58,36,83,129" hai1="87,127,103,15,92,104,84,40,78,32,20,75,81" hai2="27,23,22,125,112,90,80,77,120,108,119,6,126" hai3="45,69,5,44,59,130,30,133,37,39,13,115,47"/><T8/><D107/><U64/><E32/><V135/><F120/><W118/><G118/><T100/><D123/><U114/><E127/><N who="2" m="48651" /><F90/><W117/><G117/><T53/><D129/><U24/><E114/><V18/><F119/><W109/><G115/><T26/><D36/><U106/><E15/><N who="2" m="9567" /><F112/><W28/><G69/><T21/><D2/><U65/><E40/><V11/><F80/><W68/><G68/><T9/><REACH who="0" step="1"/><D54/><REACH who="0" ten="240,250,250,250" step="2"/><U43/><E106/><V111/><F77/><W105/><G105/><T72/><D72/><U70/><E43/><V42/><F42/><W1/><G1/><T102/><D102/><U134/><E104/><V98/><F135/><W101/><G133/><T56/><D56/><U85/><E70/><V121/><F121/><W86/><G130/><T67/><D67/><U124/><E124/><V99/><F98/><AGARI ba="0,1" hai="8,9,21,26,31,53,58,62,74,76,83,94,98,100" machi="98" ten="40,7700,0" yaku="1,1,52,1,53,1" doraHai="25" doraHaiUra="55" who="0" fromWho="2" sc="240,87,250,0,250,-77,250,0" /><INIT seed="0,1,0,1,4,40" ten="327,250,173,250" oya="0" hai0="26,53,50,30,11,14,17,117,91,43,9,96,99" hai1="112,62,113,71,109,66,45,58,29,73,115,2,94" hai2="18,7,24,104,33,31,101,84,131,41,79,72,25" hai3="12,129,8,122,38,6,70,103,1,135,34,48,37"/><T80/><D117/><U134/><E73/><V119/><F131/><W110/><G70/><T92/><D43/><U93/><E2/><V133/><F133/><W97/><G135/><T82/><D96/><U36/><E134/><V32/><F72/><W81/><G129/><T19/><D19/><U15/><E109/><V107/><F119/><W78/><G110/><T114/><D11/><U108/><E108/><V83/><F101/><W54/><G34/><T61/><D61/><U4/><E29/><V116/><F116/><W69/><G69/><T27/><D114/><U74/><E74/><V125/><F125/><W87/><G1/><T77/><D30/><U42/><E71/><V130/><F130/><W3/><G3/><T35/><D35/><U63/><E63/><V102/><F102/><W85/><G85/><T98/><D98/><U51/><E36/><V49/><F7/><W22/><G22/><T121/><D121/><U100/><E100/><V56/><F33/><W105/><REACH who="3" step="1"/><G122/><REACH who="3" ten="327,250,173,240" step="2"/><T23/><D23/><U111/><E111/><V67/><F32/><W68/><G68/><T59/><D77/><U0/><E0/><V46/><F84/><W128/><G128/><T13/><D14/><U65/><E65/><V21/><F79/><W20/><G20/><T90/><D27/><U60/><E15/><V127/><F25/><W118/><G118/><T106/><D26/><U39/><E112/><V10/><F24/><W88/><G88/><N who="0" m="33835" /><D106/><U28/><E115/><V76/><F104/><W86/><G86/><T64/><D64/><U52/><E113/><V132/><F67/><RYUUKYOKU ba="1,1" sc="327,15,250,-15,173,-15,240,15" hai0="9,13,17,50,53,59,80,82,92,99" hai3="6,8,12,37,38,48,54,78,81,87,97,103,105" /><INIT seed="0,2,1,4,3,112" ten="342,235,158,255" oya="0" hai0="56,120,89,87,5,29,132,16,4,71,10,70,58" hai1="28,74,77,53,94,80,73,30,21,34,103,131,24" hai2="96,82,97,104,125,98,7,110,95,69,102,11,111" hai3="49,12,43,46,62,17,122,121,14,72,33,79,26"/><T106/><D106/><U101/><E131/><V20/><F69/><W19/><G72/><T108/><D120/><N who="3" m="46185" /><G79/><T115/><D115/><U60/><E73/><V91/><F20/><W31/><G62/><T92/><D132/><U55/><E30/><V81/><F11/><W100/><G100/><T88/><D29/><U119/><E34/><V61/><F7/><N who="0" m="2634" /><D108/><N who="2" m="41514" /><F61/><W23/><G19/><T40/><D40/><U3/><E3/><V1/><F1/><W2/><G2/><T118/><D118/><U18/><E119/><V129/><F129/><W90/><G90/><T65/><D65/><U93/><E28/><V67/><F67/><W15/><AGARI ba="2,1" hai="12,14,15,17,23,26,31,33,43,46,49" m="46185" machi="15" ten="30,1100,0" yaku="13,1" doraHai="112" who="3" fromWho="3" sc="342,-7,235,-5,158,-5,255,27" /><INIT seed="1,0,0,4,4,71" ten="335,230,153,282" oya="1" hai0="24,126,77,109,82,76,120,119,105,12,84,15,35" hai1="106,30,19,54,99,69,62,1,74,97,56,61,11" hai2="50,101,17,92,18,123,2,117,70,27,86,68,83" hai3="6,51,100,75,93,122,36,59,49,73,95,112,52"/><U48/><E74/><V90/><F117/><W32/><G32/><T41/><D105/><U132/><E30/><V26/><F2/><W29/><G29/><T94/><D109/><U118/><E118/><V85/><F123/><W116/><G116/><T104/><D104/><U91/><E132/><V13/><F68/><W64/><G112/><T31/><D126/><U131/><E131/><V3/><F70/><W5/><G122/><T60/><D119/><U0/><E106/><V103/><F3/><W16/><G64/><T102/><D77/><U66/><E62/><V43/><F43/><W67/><G67/><T87/><D120/><U63/><E63/><V89/><F50/><W135/><G135/><T78/><D60/><U53/><E53/><V57/><F57/><W110/><G110/><T4/><D4/><U115/><E115/><V47/><F47/><W107/><G107/><T42/><D41/><U44/><E69/><V134/><F134/><W130/><G130/><T25/><D42/><U129/><E129/><V65/><F65/><W121/><G121/><T37/><D31/><U96/><REACH who="1" step="1"/><E91/><REACH who="1" ten="335,220,153,282" step="2"/><V20/><REACH who="2" step="1"/><F27/><REACH who="2" ten="335,220,143,282" step="2"/><W111/><G111/><T33/><D25/><U8/><E8/><AGARI ba="0,2" hai="8,13,17,18,20,26,83,85,86,89,90,92,101,103" machi="8" ten="30,7700,0" yaku="1,1,2,1,7,1,8,1,53,0" doraHai="71" doraHaiUra="124" who="2" fromWho="1" sc="335,0,220,-77,143,97,282,0" /><INIT seed="2,0,0,4,0,115" ten="335,143,240,282" oya="2" hai0="124,46,111,12,70,98,5,64,23,42,71,44,135" hai1="6,58,48,106,91,65,52,56,36,22,69,63,127" hai2="18,68,79,37,122,73,76,14,0,15,77,130,120" hai3="92,116,39,129,84,29,88,78,4,1,13,10,85"/><V3/><F73/><W112/><G112/><T113/><D5/><U131/><E106/><V107/><F107/><W26/><G39/><T24/><D12/><N who="2" m="4650" /><F18/><W100/><G129/><T87/><D98/><U125/><E6/><V89/><F37/><W126/><G126/><N who="1" m="48138" /><E22/><V32/><F89/><W30/><G100/><T31/><D113/><U104/><E104/><V95/><F95/><W90/><G78/><T8/><D8/><U105/><E105/><V74/><F74/><W38/><G38/><T35/><D35/><U16/><E16/><V20/><F20/><W93/><G116/><T114/><D23/><U96/><E96/><V108/><F68/><W40/><G40/><T75/><D42/><U121/><E91/><V82/><F32/><W50/><G50/><T41/><D41/><U19/><E19/><V60/><F60/><W72/><G72/><T27/><D70/><U118/><E36/><V132/><F82/><W2/><REACH who="3" step="1"/><G26/><REACH who="3" ten="335,143,240,272" step="2"/><T119/><D27/><U81/><E131/><V66/><F130/><W128/><G128/><T103/><D24/><U21/><E118/><V34/><F79/><W99/><G99/><T57/><D119/><U86/><E121/><V11/><F77/><W117/><G117/><T33/><D114/><U51/><E51/><V80/><F76/><W123/><G123/><T109/><D75/><U133/><E48/><V47/><F120/><W101/><G101/><T62/><D103/><U25/><E25/><V55/><F122/><W53/><G53/><T28/><D124/><U54/><E54/><V67/><F55/><W83/><G83/><RYUUKYOKU ba="0,1" sc="335,-10,143,-10,240,-10,272,30" hai3="1,2,4,10,13,29,30,84,85,88,90,92,93" /><INIT seed="3,1,1,3,4,135" ten="325,133,230,302" oya="3" hai0="9,11,100,111,98,19,80,24,127,113,71,0,132" hai1="26,101,27,74,54,34,1,75,90,37,33,122,73" hai2="56,57,85,60,52,28,81,116,58,99,8,97,20" hai3="39,129,110,3,36,38,22,46,59,120,62,2,88"/><W53/><G120/><T125/><D132/><U103/><E122/><V89/><F116/><W63/><G129/><T96/><D71/><U12/><E1/><V15/><F28/><W65/><G110/><T21/><D111/><U130/><E37/><V117/><F20/><W70/><G46/><T133/><D133/><U109/><E109/><V40/><F40/><W107/><G107/><T87/><D113/><U68/><E68/><V31/><F31/><W16/><REACH who="3" step="1"/><G88/><REACH who="3" ten="325,133,230,292" step="2"/><N who="0" m="51303" /><D98/><N who="2" m="37386" /><F117/><W84/><G84/><T25/><D0/><U92/><E130/><V69/><F69/><W119/><G119/><T48/><D96/><U49/><E90/><V124/><F124/><N who="0" m="47690" /><D100/><U121/><E121/><V114/><F114/><W18/><G18/><AGARI ba="1,2" hai="8,15,18,52,56,57,58,60,81,85,89" m="37386" machi="18" ten="30,2000,0" yaku="8,1,54,1" doraHai="135" who="2" fromWho="3" sc="325,0,133,0,230,43,292,-23" /><INIT seed="4,0,0,2,3,55" ten="325,133,273,269" oya="0" hai0="19,22,50,75,47,12,41,39,97,124,66,129,132" hai1="74,2,135,63,104,64,33,45,36,67,31,8,125" hai2="43,53,115,46,99,85,68,0,93,34,14,123,110" hai3="52,15,73,70,120,51,126,61,96,109,78,9,59"/><T101/><D124/><U65/><E125/><V121/><F110/><W27/><G126/><T117/><D117/><U48/><E135/><V133/><F0/><W95/><G109/><T88/><D75/><U49/><E104/><V122/><F133/><W114/><G114/><T98/><D129/><U127/><E127/><V7/><F115/><W38/><G38/><T84/><D132/><U3/><E74/><V29/><F68/><W18/><G120/><T80/><D66/><U54/><E36/><V79/><F34/><W91/><G73/><T113/><D113/><U108/><E108/><V103/><F29/><W111/><G111/><T130/><D130/><U40/><E63/><V112/><F112/><W119/><G119/><T56/><D101/><U44/><E8/><V62/><F7/><W94/><G78/><T81/><D80/><U76/><E76/><V86/><F14/><W28/><G94/><T5/><D5/><U10/><E10/><V30/><F30/><W17/><G70/><T37/><D37/><U24/><AGARI ba="0,0" hai="2,3,24,31,33,40,44,45,48,49,54,64,65,67" machi="24" ten="30,1100,0" yaku="0,1" doraHai="55" who="1" fromWho="1" sc="325,-5,133,11,273,-3,269,-3" /><INIT seed="5,0,0,5,3,126" ten="320,144,270,266" oya="1" hai0="0,127,25,1,36,56,38,30,110,96,39,76,59" hai1="88,10,129,120,17,133,86,73,7,24,63,125,100" hai2="109,94,115,123,5,81,20,32,122,85,79,12,44" hai3="41,43,97,21,70,67,8,54,34,95,50,16,4"/><U65/><E73/><V84/><F32/><W52/><G34/><T87/><D110/><U107/><E120/><V66/><F109/><W3/><G67/><T98/><D127/><U31/><E125/><V111/><F111/><W135/><G70/><T45/><D45/><U9/><E133/><V119/><F119/><W58/><G54/><T132/><D132/><U53/><E53/><V99/><F66/><W89/><G135/><T48/><D48/><U35/><E17/><V71/><F71/><W90/><REACH who="3" step="1"/><G89/><REACH who="3" ten="320,144,270,256" step="2"/><T102/><D102/><U121/><E121/><V124/><F124/><W114/><G114/><T33/><D33/><U75/><E75/><V77/><F115/><W104/><G104/><T83/><D96/><U37/><E37/><V131/><F99/><W28/><G28/><T105/><D98/><N who="1" m="61847" /><E7/><V51/><F5/><W69/><G69/><T15/><D105/><U93/><E129/><V128/><F131/><W64/><G64/><T108/><D39/><U19/><E19/><V82/><F128/><W14/><AGARI ba="0,1" hai="3,4,8,14,16,21,41,43,50,52,58,90,95,97" machi="14" ten="20,12000,2" yaku="1,1,0,1,7,1,54,2,53,1" doraHai="126" doraHaiUra="49" who="3" fromWho="3" sc="320,-30,144,-60,270,-30,256,130" /><INIT seed="6,0,0,1,2,65" ten="290,84,240,386" oya="2" hai0="63,23,115,52,46,79,133,47,2,134,129,68,98" hai1="80,75,16,81,61,122,66,101,113,60,36,7,10" hai2="43,20,94,51,130,0,15,93,84,114,83,106,90" hai3="50,112,96,19,108,3,57,32,35,77,97,78,103"/><V128/><F106/><W82/><G108/><T110/><D110/><U72/><E36/><V85/><F0/><W24/><G3/><T74/><D74/><U27/><E101/><V116/><F116/><W135/><G135/><N who="0" m="51723" /><D79/><U9/><E113/><V34/><F34/><W91/><G91/><T40/><D115/><U76/><E122/><V99/><F114/><W69/><G69/><T44/><D2/><U41/><E41/><V55/><F43/><W64/><G97/><T45/><D129/><N who="2" m="49770" /><F15/><W48/><G78/><T87/><D87/><U123/><E123/><V53/><F20/><W131/><G32/><T58/><D98/><U4/><E76/><N who="2" m="46183" /><F51/><W13/><G50/><N who="0" m="26887" /><D23/><U118/><E66/><V18/><F18/><W73/><G35/><T86/><D86/><U26/><REACH who="1" step="1"/><E16/><REACH who="1" ten="290,74,240,386" step="2"/><V12/><F12/><W92/><G13/><T14/><D14/><U31/><E31/><V25/><F25/><W67/><G24/><T117/><D117/><AGARI ba="0,1" hai="4,7,9,10,26,27,60,61,72,75,80,81,117,118" machi="117" ten="25,8000,1" yaku="1,1,22,2,53,2" doraHai="65" doraHaiUra="1" who="1" fromWho="0" sc="290,-80,74,90,240,0,386,0" /><INIT seed="7,0,0,2,1,95" ten="210,164,240,386" oya="3" hai0="130,122,99,133,17,116,88,101,126,78,89,80,120" hai1="3,37,69,41,11,22,124,107,23,15,100,74,31" hai2="102,64,26,123,57,44,87,113,86,96,36,71,93" hai3="54,53,38,129,114,34,77,68,106,66,62,63,118"/><W50/><G34/><T35/><D35/><U5/><E69/><V30/><F71/><W84/><G106/><N who="0" m="63807" /><D17/><U128/><E74/><V51/><F113/><W47/><G84/><N who="0" m="48151" /><D116/><U82/><E82/><V8/><F36/><W65/><G77/><T43/><D43/><U27/><E41/><V59/><F8/><W105/><G105/><T0/><D0/><U52/><E37/><V119/><F123/><N who="0" m="47146" /><D126/><U42/><E42/><V49/><F49/><N who="3" m="28863" /><G118/><T90/><D133/><U72/><E72/><V73/><F57/><N who="3" m="37071" /><G114/><T25/><D25/><U19/><E124/><V46/><F26/><W115/><G115/><T79/><D79/><U45/><E107/><V24/><F30/><W75/><G75/><T28/><D28/><U56/><E100/><V83/><F102/><W135/><G135/><T111/><D111/><U58/><REACH who="1" step="1"/><E128/><AGARI ba="0,0" hai="88,89,90,128,130" m="47146,48151,63807" machi="128" ten="40,8000,1" yaku="34,2,52,1,54,1" doraHai="95" who="0" fromWho="1" sc="210,80,164,-80,240,0,386,0" owari="290,9.0,84,-42.0,240,-16.0,386,49.0" /></mjloggm>