<mjloggm ver="2.3"><GO type="185" lobby="0"/><UN n0="%E5%85%A5%E5%B7%A3%E6%9F%9A%E5%AE%9F" n1="%65%6C%75%6C%75" n2="%E5%A4%A9%E3%83%B6%E7%80%AC%E5%A5%88%E6%9C%88" n3="" dan="17,16,16,0" rate="2236.86,2241.30,2200.90,1500.00" sx="F,M,F,C"/><TAIKYOKU oya="0"/><INIT seed="0,0,0,0,3,59" ten="350,350,350,0" oya="0" hai0="46,65,87,38,74,124,56,69,84,115,134,125,76" hai1="95,44,83,129,94,120,48,88,33,130,98,36,131" hai2="132,51,70,118,35,1,109,45,43,68,54,97,116" hai3=""/><T79/><D115/><U89/><N who="1" m="30752" /><U119/><E119/><N who="2" m="45611" /><F1/><T73/><D134/><U40/><E33/><V104/><F35/><T86/><D69/><N who="2" m="26730" /><F132/><T113/><D113/><U67/><E67/><V75/><F75/><T100/><D100/><U82/><REACH who="1" step="1"/><E48/><REACH who="1" ten="350,340,350,0" step="2"/><V77/><F109/><T47/><D65/><U3/><E3/><V0/><F0/><T114/><D114/><U128/><N who="1" m="32768" /><DORA hai="108" /><U32/><E32/><V121/><N who="2" m="31008" /><V112/><F112/><T80/><D125/><U96/><AGARI ba="0,1" hai="36,40,44,82,83,88,89,94,95,96,98" m="32768,30752" machi="96" ten="60,9000,2" yaku="1,1,0,1,9,1,19,1,52,1,54,1,53,1" doraHai="59,108" doraHaiUra="63,71" who="1" fromWho="1" sc="350,-60,340,100,350,-30,0,0" /><INIT seed="1,0,0,3,4,118" ten="290,440,320,0" oya="1" hai0="110,50,1,130,49,77,34,80,43,67,68,107,88" hai1="2,70,36,122,0,119,69,106,104,93,63,52,129" hai2="76,59,64,85,65,115,98,66,86,82,58,73,62" hai3=""/><U121/><N who="1" m="31008" /><U116/><N who="1" m="31264" /><U46/><E93/><V42/><F115/><T32/><D1/><N who="1" m="619" /><E52/><V84/><F42/><T128/><D107/><N who="1" m="41003" /><E129/><V131/><F131/><T48/><D43/><U105/><E105/><V57/><REACH who="2" step="1"/><F98/><REACH who="2" ten="290,440,310,0" step="2"/><T126/><D130/><U125/><E125/><V47/><F47/><T109/><D128/><U54/><E54/><AGARI ba="0,1" hai="54,57,58,59,62,64,65,66,73,76,82,84,85,86" machi="54" ten="40,1300,0" yaku="1,1,53,0" doraHai="118" doraHaiUra="37" who="2" fromWho="1" sc="290,0,440,-13,310,23,0,0" /><INIT seed="2,0,0,2,3,96" ten="290,427,333,0" oya="2" hai0="115,42,126,125,56,48,44,132,64,88,51,99,131" hai1="112,102,135,122,107,72,47,127,0,133,78,105,57" hai2="3,43,54,37,33,119,67,90,46,129,50,84,69" hai3=""/><V41/><F129/><T97/><D132/><N who="1" m="50763" /><E0/><V83/><F119/><T1/><D1/><U116/><N who="1" m="31264" /><U61/><E116/><V2/><F33/><T59/><D131/><U117/><E117/><V113/><F113/><T68/><D115/><U53/><E112/><V85/><F41/><T38/><D68/><U128/><E128/><V120/><N who="2" m="30752" /><V81/><F67/><T93/><D99/><U80/><E127/><N who="0" m="48649" /><D64/><U110/><E110/><V70/><F2/><T66/><D66/><U121/><N who="1" m="31008" /><U103/><E47/><V32/><F32/><T65/><D65/><U111/><E111/><V104/><F104/><AGARI ba="0,0" hai="53,57,61,72,78,80,102,103,104,105,107" m="31008,31264,50763" machi="104" ten="30,8000,1" yaku="20,1,52,4" doraHai="96" who="1" fromWho="2" sc="290,0,427,80,333,-80,0,0" /><INIT seed="4,0,0,5,0,53" ten="290,507,253,0" oya="0" hai0="51,48,54,80,56,97,118,99,32,46,135,43,102" hai1="123,94,41,127,55,1,78,104,74,52,79,62,121" hai2="115,67,124,90,89,119,47,72,131,44,42,84,126" hai3=""/><T64/><D135/><U34/><N who="1" m="31008" /><U63/><N who="1" m="31520" /><U100/><E1/><V3/><F3/><T66/><D118/><U58/><E34/><V86/><F72/><T71/><D32/><U69/><E127/><V87/><F119/><T57/><D71/><U112/><E104/><V128/><F67/><N who="0" m="25642" /><D80/><U132/><E69/><V92/><F115/><T95/><D99/><U39/><E112/><V83/><F87/><T60/><D60/><U50/><E132/><V65/><F65/><T96/><D96/><U76/><E74/><V108/><F83/><T98/><D98/><U106/><E106/><V0/><F0/><T59/><AGARI ba="0,0" hai="43,46,48,51,54,56,57,59,95,97,102" m="25642" machi="59" ten="30,7800,0" yaku="8,1,52,3" doraHai="53" who="0" fromWho="0" sc="290,78,507,-39,253,-39,0,0" /><INIT seed="4,1,0,3,1,121" ten="368,468,214,0" oya="0" hai0="109,57,105,74,52,0,58,35,131,41,72,60,84" hai1="43,127,129,37,69,3,110,118,111,45,135,68,64" hai2="88,113,85,100,87,133,130,116,67,65,90,77,50" hai3=""/><T98/><D0/><U132/><E3/><V75/><F113/><T97/><D35/><U106/><E106/><V104/><F133/><N who="1" m="51273" /><E118/><V102/><F116/><T78/><D41/><U46/><E129/><V2/><F2/><T92/><D131/><U93/><E127/><V124/><F124/><T40/><D40/><U34/><E34/><V53/><F75/><T126/><D126/><U42/><E93/><V117/><F117/><T115/><D115/><U123/><N who="1" m="31520" /><U122/><N who="1" m="31264" /><U54/><E54/><V59/><F77/><T47/><D47/><U125/><E125/><V76/><F76/><T36/><D105/><U114/><E114/><V91/><F130/><T51/><D74/><U61/><E69/><V108/><F104/><T86/><D92/><U83/><E83/><V70/><F70/><T33/><D33/><U62/><E61/><V71/><F71/><T119/><D60/><U95/><E95/><V39/><F53/><T73/><D52/><U96/><E96/><V63/><F63/><T134/><D134/><U49/><AGARI ba="1,0" hai="37,42,43,45,46,49,62,64,68,110,111" m="31264,31520,51273" machi="49" ten="30,9000,2" yaku="20,1,34,2,52,4" doraHai="121" who="1" fromWho="1" sc="368,-61,468,92,214,-31,0,0" /><INIT seed="5,0,0,3,3,82" ten="307,560,183,0" oya="1" hai0="68,77,106,116,118,50,56,36,51,103,95,102,117" hai1="108,73,78,87,110,80,93,40,100,134,88,1,53" hai2="83,64,71,92,121,129,113,70,98,42,96,97,74" hai3=""/><U34/><E34/><V133/><N who="2" m="31008" /><V61/><F129/><T130/><D68/><U32/><E32/><V126/><F126/><T119/><D130/><U59/><E1/><V65/><F133/><T55/><D36/><U58/><E134/><V84/><F113/><T45/><D106/><U75/><E40/><V66/><F74/><T60/><D77/><U135/><E135/><V131/><F131/><T54/><N who="0" m="29696" /><DORA hai="128" /><T91/><REACH who="0" step="1"/><D50/><REACH who="0" ten="297,560,183,0" step="2"/><U132/><E132/><V49/><F71/><T76/><D76/><U99/><E78/><V94/><F70/><T35/><D35/><U89/><E110/><V43/><F61/><T114/><D114/><U62/><E108/><V123/><N who="2" m="31520" /><V127/><F127/><T107/><D107/><U46/><E62/><V38/><F38/><T67/><D67/><U69/><E69/><V0/><F0/><T125/><D125/><U86/><E75/><V79/><REACH who="2" step="1"/><F49/><REACH who="2" ten="297,560,173,0" step="2"/><T63/><D63/><U3/><E73/><V52/><F52/><T85/><AGARI ba="0,2" hai="45,51,54,55,56,60,85,91,95,102,103" m="29696" machi="85" ten="60,9000,2" yaku="1,1,0,1,12,1,52,1,53,2" doraHai="82,128" doraHaiUra="41,44" who="0" fromWho="0" sc="297,110,560,-60,173,-30,0,0" /><INIT seed="6,0,0,2,4,121" ten="407,500,143,0" oya="2" hai0="1,88,64,70,74,103,99,126,93,35,135,123,71" hai1="38,81,78,87,75,82,84,110,107,36,69,3,101" hai2="43,47,111,115,61,127,132,48,80,76,131,53,46" hai3=""/><V56/><F115/><T51/><N who="0" m="31520" /><T65/><D1/><U100/><E110/><V105/><F132/><T134/><D74/><U86/><E3/><V109/><F131/><T118/><D118/><U52/><E69/><V54/><F105/><T68/><D35/><U33/><E33/><V66/><F127/><T62/><D126/><U128/><E128/><V59/><F80/><T90/><D51/><U57/><E82/><V50/><REACH who="2" step="1"/><F76/><REACH who="2" ten="407,500,133,0" step="2"/><T89/><D135/><U119/><E107/><V114/><F114/><T106/><D134/><U79/><E79/><V37/><AGARI ba="0,1" hai="37,43,46,47,48,50,53,54,56,59,61,66,109,111" machi="37" ten="30,16000,3" yaku="1,1,0,1,34,3,52,2,53,1" doraHai="121" doraHaiUra="60" who="2" fromWho="2" sc="407,-80,500,-80,133,170,0,0" /><INIT seed="6,1,0,5,0,71" ten="327,420,303,0" oya="2" hai0="99,102,47,58,107,78,101,120,1,86,118,112,83" hai1="2,134,131,38,97,106,89,132,84,39,41,54,111" hai2="100,76,126,37,122,91,123,64,32,73,36,56,49" hai3=""/><V129/><N who="2" m="31264" /><V98/><N who="2" m="31520" /><V50/><F32/><T72/><N who="0" m="30752" /><T135/><D1/><U35/><E2/><V67/><F91/><T60/><D135/><N who="1" m="51755" /><E111/><V124/><F129/><T82/><D118/><U81/><E35/><V117/><F117/><T33/><D112/><U133/><E131/><V119/><F119/><T96/><D47/><U114/><E114/><V88/><F88/><T128/><D128/><U68/><E68/><V61/><F67/><T0/><D0/><U69/><E69/><V108/><F108/><T75/><D83/><U63/><E41/><V66/><F66/><T130/><D130/><U52/><E133/><V65/><F65/><T103/><D33/><U93/><E106/><V34/><F34/><T57/><D102/><U113/><E113/><V53/><F76/><T3/><D3/><U48/><E63/><V42/><F73/><T109/><D109/><U62/><E62/><V51/><F64/><T94/><D60/><U95/><E54/><V59/><F59/><T43/><D43/><U77/><E95/><V74/><F74/><T79/><D72/><U116/><E116/><V125/><F42/><T105/><D94/><AGARI ba="1,0" hai="36,37,49,50,51,53,56,61,94,98,100,124,125,126" m="31520,31264" machi="94" ten="50,12000,1" yaku="18,1,52,4" doraHai="71" who="2" fromWho="0" sc="327,-122,420,0,303,122,0,0" owari="205,-39.0,420,2.0,425,37.0,0,0.0" /></mjloggm>