<mjloggm ver="2.3"><GO type="169" lobby="0"/><UN n0="%E3%83%8A%E3%82%B4%E3%83%A0" n1="%33%30%63%6D%33%30%63%6D" n2="%E4%BA%8C%E5%A4%A9%E4%BA%8C%E6%B5%81" n3="%28%E9%83%A8%E9%95%B7%29" dan="16,16,16,16" rate="2156.19,2161.49,2007.74,2172.00" sx="M,M,M,M"/><TAIKYOKU oya="0"/><INIT seed="0,0,0,0,1,84" ten="250,250,250,250" oya="0" hai0="17,74,18,78,132,53,118,49,21,45,72,117,9" hai1="127,39,109,38,108,55,37,8,23,58,51,106,129" hai2="0,130,116,100,36,107,125,12,35,115,101,40,95" hai3="19,11,57,67,77,1,99,105,30,10,13,22,52"/><T41/><D132/><U25/><E106/><V79/><F12/><W31/><G67/><T34/><D34/><U29/><E8/><V93/><F95/><W102/><G77/><T87/><D74/><U50/><E51/><V71/><F93/><W128/><G128/><T110/><D72/><U92/><E129/><V73/><F100/><W86/><G86/><T27/><D110/><U47/><E127/><V61/><F101/><W24/><G1/><T16/><D9/><U133/><E133/><V68/><F61/><W135/><G135/><T64/><D64/><U63/><REACH who="1" step="1"/><E92/><REACH who="1" ten="250,240,250,250" step="2"/><V7/><F40/><AGARI ba="0,1" hai="23,25,29,37,38,39,40,47,50,55,58,63,108,109" machi="40" ten="40,2600,0" yaku="1,1,2,1,53,0" doraHai="84" doraHaiUra="94" who="1" fromWho="2" sc="250,0,240,36,250,-26,250,0" /><INIT seed="1,0,0,2,4,91" ten="250,276,224,250" oya="1" hai0="25,128,0,5,18,82,129,78,70,77,44,74,68" hai1="114,125,101,56,115,46,49,103,98,31,112,47,87" hai2="100,30,84,121,24,55,132,81,60,90,41,130,17" hai3="126,64,120,76,21,69,19,89,124,94,113,107,37"/><U85/><E125/><V16/><F130/><N who="0" m="50282" /><D78/><U110/><E31/><V134/><F132/><W79/><G120/><T61/><D61/><U15/><E15/><V111/><F134/><W106/><G37/><T20/><D44/><U22/><E22/><V116/><F111/><W127/><G113/><T53/><D53/><U10/><E10/><AGARI ba="0,0" hai="0,5,10,18,20,25,68,70,74,77,82" m="50282" machi="10" ten="30,1000,0" yaku="19,1" doraHai="91" who="0" fromWho="1" sc="250,10,276,-10,224,0,250,0" /><INIT seed="2,0,0,3,3,57" ten="260,266,224,250" oya="2" hai0="15,65,92,134,110,27,90,84,61,66,55,39,118" hai1="83,73,130,120,96,0,103,114,12,11,131,63,20" hai2="87,34,71,111,106,26,42,78,101,85,126,36,23" hai3="123,24,68,33,121,113,31,135,132,67,117,3,47"/><V49/><F23/><W69/><G3/><T37/><D110/><U72/><E0/><V7/><F26/><W81/><G117/><T124/><D134/><N who="3" m="51241" /><G113/><T16/><D124/><U107/><E114/><V89/><F49/><W128/><G128/><N who="1" m="49194" /><E20/><V60/><F89/><W4/><G4/><T25/><D37/><U28/><E28/><V62/><F85/><W74/><G47/><T116/><D39/><U76/><E120/><N who="3" m="46154" /><G67/><N who="0" m="25611" /><D118/><U95/><E63/><V56/><F60/><W46/><G46/><T19/><D116/><U44/><E44/><V59/><F62/><W45/><G45/><T112/><D112/><U115/><E115/><V70/><F34/><W133/><N who="3" m="51249" /><W13/><DORA hai="2" /><G13/><T50/><D61/><U108/><E108/><V40/><F111/><W99/><G99/><T53/><D53/><U5/><E73/><V54/><F54/><W97/><G97/><T22/><D19/><U102/><E107/><V79/><F106/><W127/><G127/><T52/><D55/><U14/><E12/><V80/><F126/><W21/><G21/><T30/><D30/><U88/><AGARI ba="0,0" hai="5,11,14,72,76,83,88,95,96,102,103" m="49194" machi="88" ten="30,4000,0" yaku="19,1,52,1,54,1" doraHai="57,2" who="1" fromWho="1" sc="260,-10,266,40,224,-20,250,-10" /><INIT seed="3,0,0,3,5,85" ten="250,306,204,240" oya="3" hai0="84,75,65,115,89,71,79,38,46,27,128,4,53" hai1="83,82,108,43,8,121,55,72,36,119,3,40,30" hai2="19,80,17,70,69,105,14,109,50,59,123,125,131" hai3="77,44,18,68,23,16,26,12,1,104,124,118,100"/><W28/><G118/><T95/><D128/><U49/><E121/><V0/><F59/><W31/><G68/><T42/><D115/><U45/><E108/><V130/><F50/><W39/><G1/><T101/><D101/><U2/><E30/><V114/><F80/><W106/><G124/><T20/><D4/><U57/><E119/><V24/><F14/><W78/><G31/><T32/><D32/><U76/><E8/><V102/><F24/><W52/><G18/><T63/><D75/><U81/><E43/><V61/><F61/><W112/><G112/><T113/><D79/><U62/><E81/><V64/><F64/><W9/><G39/><T103/><D103/><U48/><E48/><V126/><F102/><W110/><G110/><T58/><D113/><U73/><E62/><V86/><F86/><W33/><G33/><T51/><D20/><U96/><E96/><V11/><F109/><W22/><G22/><T25/><AGARI ba="0,0" hai="25,27,38,42,46,51,53,58,63,65,71,84,89,95" machi="25" ten="30,7900,0" yaku="0,1,24,2,52,1" doraHai="85" who="0" fromWho="0" sc="250,79,306,-20,204,-20,240,-39" /><INIT seed="4,0,0,4,1,30" ten="329,286,184,201" oya="0" hai0="56,101,48,71,57,38,36,114,16,75,49,17,24" hai1="64,22,89,122,120,65,14,63,32,98,73,78,47" hai2="133,102,100,23,126,96,44,103,11,52,106,115,54" hai3="18,62,86,124,20,116,110,0,127,107,94,12,29"/><T39/><D114/><U3/><E3/><V6/><F133/><W130/><G107/><T61/><D75/><U134/><E134/><V117/><F117/><W123/><G94/><T113/><D113/><U118/><E118/><V84/><F126/><N who="3" m="48171" /><G86/><T81/><D101/><U74/><E47/><V79/><F115/><W109/><G62/><T135/><D135/><U35/><E22/><V60/><F23/><W83/><G83/><T104/><D104/><U10/><E14/><V53/><F44/><W15/><G116/><T7/><D7/><U50/><E10/><V69/><F79/><W72/><G72/><T108/><D24/><U88/><E63/><V31/><F31/><W95/><G95/><T91/><D71/><U92/><E92/><V34/><F34/><W28/><G0/><T27/><D27/><U8/><E8/><V58/><F69/><W111/><G123/><T129/><D61/><U82/><E50/><V85/><F106/><W112/><G112/><T25/><D25/><U19/><E82/><V42/><F96/><W132/><G132/><T41/><D81/><U80/><E80/><V87/><REACH who="2" step="1"/><F42/><REACH who="2" ten="329,286,174,201" step="2"/><W90/><G29/><T9/><D9/><U26/><E98/><V121/><F121/><W66/><G28/><T67/><D57/><U55/><E78/><V46/><F46/><W1/><G109/><T97/><D41/><U125/><E125/><V68/><F68/><W2/><G110/><T37/><D108/><U99/><E99/><V13/><AGARI ba="0,1" hai="6,11,13,52,53,54,58,60,84,85,87,100,102,103" machi="13" ten="30,7900,0" yaku="1,1,0,1,8,1,54,1,53,0" doraHai="30" doraHaiUra="93" who="2" fromWho="2" sc="329,-39,286,-20,174,89,201,-20" /><INIT seed="5,0,0,3,1,13" ten="290,266,263,181" oya="1" hai0="119,15,73,44,18,77,71,67,9,98,28,103,96" hai1="87,114,115,93,66,132,41,133,26,46,89,14,49" hai2="110,122,56,102,7,12,94,2,91,61,65,16,38" hai3="117,39,50,33,97,124,29,32,19,126,4,5,116"/><U85/><E66/><V99/><F38/><W45/><G39/><T121/><D119/><N who="3" m="45641" /><G97/><T81/><D121/><U111/><E111/><V37/><F110/><W108/><G50/><T78/><D78/><U58/><E26/><V128/><F128/><W3/><G45/><T57/><D28/><U86/><E58/><V60/><F122/><W90/><G90/><T101/><D71/><U80/><E14/><V0/><F37/><W72/><G72/><T107/><D44/><U75/><E75/><V34/><F7/><N who="3" m="2635" /><G108/><T68/><D68/><U134/><REACH who="1" step="1"/><E87/><REACH who="1" ten="290,256,263,181" step="2"/><V62/><F0/><W24/><G3/><T11/><D57/><U23/><E23/><N who="2" m="11655" /><F2/><W104/><G104/><T76/><D67/><U69/><E69/><V10/><F34/><N who="3" m="20775" /><G19/><T83/><D18/><U51/><E51/><V55/><F10/><W105/><G105/><T59/><D107/><U42/><E42/><V106/><F106/><W31/><G31/><T84/><D73/><U63/><E63/><V125/><F62/><W30/><G30/><T127/><D11/><U109/><E109/><V74/><F61/><W130/><G130/><T8/><D9/><U17/><E17/><V6/><F74/><W92/><G92/><T1/><D8/><U95/><E95/><V53/><F60/><W79/><G32/><T20/><D1/><U52/><E52/><V118/><F53/><W27/><G33/><T112/><D59/><U113/><E113/><V43/><F55/><W120/><G120/><T22/><D112/><U70/><E70/><V25/><F56/><W36/><G36/><T100/><D84/><RYUUKYOKU ba="0,1" sc="290,-10,256,30,263,-10,181,-10" hai1="41,46,49,80,85,86,89,93,114,115,132,133,134" /><INIT seed="5,1,1,3,0,27" ten="280,286,253,171" oya="1" hai0="77,80,40,82,42,101,37,34,124,68,78,110,71" hai1="11,5,113,81,118,8,131,53,130,74,4,75,109" hai2="60,133,41,121,107,3,64,134,98,7,15,43,2" hai3="20,73,100,69,111,112,126,23,105,128,79,44,0"/><U102/><E113/><V61/><F121/><W51/><G20/><T49/><D34/><U116/><E81/><V132/><F107/><W18/><G111/><T13/><D110/><U123/><E109/><V93/><F15/><W32/><G32/><T28/><D49/><U6/><E53/><V46/><F7/><W117/><G69/><T135/><D13/><U45/><E45/><V25/><F25/><W36/><G36/><T70/><D28/><U30/><E102/><V122/><F122/><W38/><G38/><T106/><D101/><U84/><E84/><V16/><F16/><W87/><G0/><T96/><D96/><U9/><E30/><V72/><F72/><N who="1" m="27689" /><E123/><V48/><F41/><N who="0" m="15978" /><D37/><U90/><E90/><N who="2" m="55607" /><F60/><W97/><G73/><T127/><D135/><N who="2" m="34562" /><V56/><AGARI ba="1,1" hai="2,3,43,46,48,56,61,64" m="34562,55607" machi="56" ten="40,2700,0" yaku="4,1,20,1" doraHai="27" who="2" fromWho="2" sc="280,-8,286,-14,253,40,171,-8" /><INIT seed="6,0,0,2,3,13" ten="272,272,293,163" oya="2" hai0="56,120,82,3,99,121,36,10,93,43,78,119,102" hai1="40,1,88,71,106,60,46,105,14,115,61,45,83" hai2="80,53,33,84,76,28,17,101,51,73,38,16,109" hai3="31,92,47,8,66,94,22,2,103,25,133,129,35"/><V49/><F38/><W134/><G129/><T104/><D119/><U58/><E1/><V42/><F109/><W114/><G66/><T79/><D79/><U50/><E71/><V87/><F101/><W29/><G47/><N who="0" m="24039" /><D93/><U55/><E115/><V34/><F73/><W68/><G68/><T63/><D63/><U59/><E46/><N who="2" m="25815" /><F33/><W96/><G114/><T67/><D56/><U113/><E113/><V112/><F28/><W64/><G64/><T39/><D67/><U108/><E108/><V85/><F34/><W107/><G31/><T21/><D21/><U74/><E74/><V98/><F98/><W72/><G72/><N who="0" m="43335" /><D39/><U75/><E75/><V65/><F65/><W70/><G70/><T12/><D12/><U62/><E59/><V7/><F7/><AGARI ba="0,0" hai="3,7,10,99,102,104,120,121" m="43335,24039" machi="7" ten="30,2000,0" yaku="25,1,23,1" doraHai="13" who="0" fromWho="2" sc="272,20,272,0,293,-20,163,0" /><INIT seed="7,0,0,4,3,62" ten="292,272,273,163" oya="3" hai0="16,18,26,61,135,122,3,107,94,0,68,30,82" hai1="35,28,34,2,114,54,110,24,93,120,38,42,85" hai2="31,80,95,72,127,129,22,105,118,40,113,124,112" hai3="84,32,21,109,6,71,111,57,96,36,132,83,53"/><W88/><G32/><T117/><D117/><U131/><E110/><N who="3" m="41994" /><G36/><T104/><D122/><U99/><E120/><V103/><F40/><W75/><G71/><T101/><D94/><U1/><E34/><V46/><F46/><W86/><G132/><T56/><D135/><U12/><E85/><V76/><F31/><W29/><G6/><T8/><D82/><U81/><E81/><V133/><F22/><W89/><G96/><T70/><D101/><U25/><E25/><V92/><F133/><W33/><G33/><T51/><D51/><U27/><E27/><V19/><F129/><W116/><G116/><T20/><D107/><U9/><E131/><V5/><F19/><W49/><G75/><T48/><D104/><U4/><E114/><N who="2" m="44139" /><F5/><W134/><G134/><T73/><D73/><U63/><E38/><V91/><F118/><W47/><G47/><T41/><D70/><U13/><E1/><V45/><F45/><W15/><G29/><T115/><D68/><U10/><E42/><V108/><F108/><W66/><G66/><N who="0" m="39207" /><D115/><U59/><E10/><V98/><F105/><W79/><G84/><AGARI ba="0,0" hai="72,76,80,84,91,92,95,98,103,124,127" m="44139" machi="84" ten="30,3900,0" yaku="15,1,34,2" doraHai="62" who="2" fromWho="3" sc="292,0,272,0,273,39,163,-39" owari="292,9.0,272,-13.0,312,42.0,124,-38.0" /></mjloggm>