<mjloggm ver="2.3"><GO type="185" lobby="0"/><UN n0="%E3%81%84%E3%81%AC%E3%82%8F%E3%82%93" n1="%50%42%33%2D%50" n2="%E4%B9%9D%E8%93%AE%E5%9B%BD%E5%A3%AB%E4%B8%83%E5%AF%BE%E5%AD%90" n3="" dan="16,16,16,0" rate="2172.72,2212.25,2168.50,1500.00" sx="M,M,M,C"/><TAIKYOKU oya="0"/><INIT seed="0,0,0,0,2,91" ten="350,350,350,0" oya="0" hai0="54,67,120,72,81,79,62,116,39,124,105,66,36" hai1="133,78,84,109,33,70,35,100,122,45,92,82,102" hai2="97,127,75,134,106,0,80,51,101,88,59,87,132" hai3=""/><T98/><N who="0" m="30752" /><T53/><D116/><U76/><N who="1" m="31264" /><U1/><E1/><V125/><F0/><T41/><D124/><N who="2" m="47690" /><F59/><T58/><D67/><U56/><E70/><V115/><F51/><T52/><REACH who="0" step="1"/><D41/><REACH who="0" ten="340,350,350,0" step="2"/><U68/><E35/><V93/><F115/><T50/><D50/><U99/><E33/><V3/><F3/><T86/><D86/><U57/><E84/><V118/><F118/><T47/><D47/><U40/><E45/><V44/><F44/><T60/><D60/><U128/><E40/><V83/><F75/><T74/><D74/><U55/><E55/><V103/><F103/><AGARI ba="0,1" hai="36,39,52,53,54,58,62,66,72,79,81,98,103,105" m="30752" machi="103" ten="40,12000,1" yaku="1,1,52,1,54,1,53,1" doraHai="91" doraHaiUra="104" who="0" fromWho="2" sc="340,130,350,0,350,-120,0,0" /><INIT seed="0,1,0,2,2,101" ten="470,350,230,0" oya="0" hai0="121,103,102,66,96,78,45,73,61,41,38,47,2" hai1="65,129,125,107,92,40,124,71,133,64,0,37,95" hai2="74,39,34,114,32,62,111,91,42,122,89,128,88" hai3=""/><T104/><N who="0" m="31008" /><T118/><D118/><U49/><E0/><V36/><N who="2" m="31264" /><V43/><F114/><T33/><D103/><U126/><E107/><V97/><F128/><T48/><D2/><U108/><E129/><V75/><F97/><T116/><D116/><U85/><E108/><V93/><F93/><N who="1" m="35913" /><E133/><V35/><F62/><T100/><D100/><U1/><E1/><V3/><F111/><T80/><D33/><U86/><E37/><N who="2" m="14411" /><F3/><T55/><D61/><U127/><E127/><V58/><F58/><T76/><D76/><U117/><E117/><V105/><F105/><T113/><REACH who="0" step="1"/><D66/><REACH who="0" ten="460,350,230,0" step="2"/><U135/><E64/><V109/><F109/><T112/><AGARI ba="1,1" hai="38,41,45,47,48,55,73,78,80,96,102,104,112,113" m="31008" machi="112" ten="30,8000,1" yaku="1,1,2,1,0,1,52,2,53,0" doraHai="101" doraHaiUra="67" who="0" fromWho="0" sc="460,92,350,-41,230,-41,0,0" /><INIT seed="0,2,0,5,1,48" ten="552,309,189,0" oya="0" hai0="33,76,126,114,107,61,1,60,49,133,88,78,124" hai1="95,42,34,115,35,81,55,54,64,77,130,103,134" hai2="99,90,45,93,118,109,58,74,46,43,3,52,94" hai3=""/><T129/><D114/><U108/><E115/><V110/><F74/><T98/><D33/><U83/><E108/><V47/><F3/><T69/><D1/><U119/><E119/><V132/><F118/><T102/><D133/><U50/><E134/><V111/><F132/><T56/><D49/><U72/><E130/><V120/><N who="2" m="30752" /><V65/><F65/><T41/><D41/><U57/><E42/><V97/><F43/><T32/><D61/><U101/><E64/><V67/><F67/><T106/><D106/><U84/><E54/><V122/><N who="2" m="31264" /><V128/><F128/><T121/><N who="0" m="31008" /><T62/><D32/><U39/><E39/><V91/><F58/><T96/><D69/><U80/><E35/><V36/><F36/><T82/><D129/><U40/><E34/><V125/><F125/><T112/><D112/><U135/><E40/><V38/><F38/><T87/><D98/><U53/><E135/><V127/><F127/><N who="0" m="48682" /><D62/><U51/><E51/><AGARI ba="2,0" hai="45,46,47,51,52,90,91,93,94,97,99,109,110,111" m="31264,30752" machi="51" ten="40,12000,2" yaku="9,1,14,1,52,3,54,1" doraHai="48" who="2" fromWho="1" sc="552,0,309,-124,189,124,0,0" /><INIT seed="1,0,0,0,3,54" ten="552,185,313,0" oya="1" hai0="132,37,91,38,114,65,89,79,88,46,74,120,92" hai1="87,100,47,41,86,130,106,135,59,66,108,57,35" hai2="67,129,104,69,73,103,75,101,52,125,96,71,93" hai3=""/><U109/><E35/><V70/><F129/><T128/><N who="0" m="30752" /><T0/><D114/><U68/><E130/><V95/><F125/><T78/><D0/><U45/><E68/><V102/><F67/><T56/><D132/><U124/><E124/><V107/><F52/><T49/><D92/><N who="2" m="35402" /><F96/><T121/><N who="0" m="31008" /><T134/><D74/><AGARI ba="0,0" hai="69,70,71,73,74,75,101,102,103,104,107" m="35402" machi="74" ten="40,2600,0" yaku="28,2" doraHai="54" who="2" fromWho="0" sc="552,-26,185,0,313,26,0,0" /><INIT seed="2,0,0,4,0,116" ten="526,185,339,0" oya="2" hai0="123,84,44,3,93,85,92,127,110,120,38,63,32" hai1="50,80,128,53,106,2,66,99,88,72,105,98,131" hai2="47,52,76,121,133,55,96,83,74,49,71,97,79" hai3=""/><V115/><N who="2" m="31008" /><V101/><F115/><T68/><N who="0" m="30752" /><T100/><N who="0" m="31520" /><T82/><D32/><U42/><E2/><V95/><F133/><T113/><D3/><U64/><E42/><V33/><F71/><T69/><D110/><U48/><E72/><V61/><F33/><T35/><D127/><U87/><E87/><V109/><F109/><T77/><D113/><U103/><E80/><V111/><F111/><T1/><D1/><U89/><REACH who="1" step="1"/><E103/><REACH who="1" ten="526,175,339,0" step="2"/><V125/><F125/><T119/><D85/><U112/><E112/><V58/><F76/><T126/><D100/><U118/><E118/><V57/><F97/><T132/><D119/><U54/><AGARI ba="0,1" hai="48,50,53,54,64,66,88,89,98,99,105,106,128,131" machi="54" ten="25,6000,1" yaku="1,1,0,1,22,2,54,1,53,0" doraHai="116" doraHaiUra="114" who="1" fromWho="1" sc="526,-20,175,70,339,-40,0,0" /><INIT seed="4,0,0,2,0,52" ten="506,245,299,0" oya="0" hai0="88,111,40,64,77,132,73,116,102,71,99,119,63" hai1="32,56,72,112,120,62,36,135,96,100,55,34,127" hai2="84,82,110,67,114,92,68,98,3,51,131,53,75" hai3=""/><T128/><D128/><U42/><N who="1" m="30752" /><U41/><E72/><V118/><F110/><T57/><D132/><U103/><E135/><V109/><F75/><T105/><D111/><U45/><E127/><V93/><F3/><T89/><D40/><U87/><E112/><V81/><F109/><T54/><D77/><U70/><E103/><V43/><F114/><T94/><D73/><U117/><E117/><V74/><F74/><T126/><D89/><U124/><E124/><V101/><F131/><T47/><D47/><U113/><E113/><V134/><F134/><T65/><D65/><U0/><E0/><V49/><F118/><T104/><D104/><U66/><E87/><V39/><F39/><T44/><D44/><U95/><REACH who="1" step="1"/><E42/><REACH who="1" ten="506,235,299,0" step="2"/><V91/><F43/><T85/><REACH who="0" step="1"/><D126/><REACH who="0" ten="496,235,299,0" step="2"/><U107/><E107/><V106/><F106/><T59/><D59/><U79/><E79/><V69/><F69/><T78/><D78/><U121/><N who="1" m="31008" /><U83/><E83/><V90/><F68/><T125/><D125/><U50/><AGARI ba="0,2" hai="32,34,36,41,45,50,55,56,62,66,70,95,96,100" m="31008,30752" machi="50" ten="20,12000,3" yaku="1,1,0,1,7,1,24,2,52,3,53,0" doraHai="52" doraHaiUra="35" who="1" fromWho="1" sc="496,-80,235,140,299,-40,0,0" /><INIT seed="5,0,0,4,0,99" ten="416,375,259,0" oya="1" hai0="80,64,121,84,82,72,102,58,106,38,125,107,101" hai1="115,81,65,63,87,73,0,135,75,69,90,91,67" hai2="61,111,36,2,48,112,113,33,49,76,129,97,45" hai3=""/><U134/><E0/><V52/><F2/><T3/><N who="0" m="31008" /><T47/><D3/><U123/><N who="1" m="31520" /><U83/><E115/><V131/><F33/><T96/><D125/><U66/><E69/><V88/><F76/><T37/><D72/><U43/><E43/><V108/><F36/><T59/><D47/><U122/><N who="1" m="31264" /><U100/><E63/><V94/><F61/><T39/><D64/><U50/><E50/><V86/><F86/><T51/><D51/><U110/><E110/><N who="2" m="42027" /><F49/><T85/><D38/><U54/><E54/><V128/><AGARI ba="0,0" hai="45,48,52,88,94,97,112,113,128,129,131" m="42027" machi="128" ten="40,3900,0" yaku="19,1,54,2" doraHai="99" who="2" fromWho="2" sc="416,-13,375,-26,259,39,0,0" /><INIT seed="6,0,0,1,2,101" ten="403,349,298,0" oya="2" hai0="92,108,56,48,86,72,110,69,99,132,106,85,125" hai1="78,59,0,62,80,126,128,109,49,65,70,34,52" hai2="100,123,114,71,67,68,88,37,117,39,64,120,130" hai3=""/><V77/><N who="2" m="30752" /><V115/><N who="2" m="31520" /><V76/><F100/><T112/><D72/><U47/><E0/><V111/><F111/><T36/><D36/><U96/><E34/><V82/><F88/><T94/><D69/><U118/><E118/><V116/><REACH who="2" step="1"/><F82/><REACH who="2" ten="403,349,288,0" step="2"/><T35/><D110/><U1/><E109/><V57/><F57/><T63/><D108/><U91/><E1/><V102/><F102/><T81/><D81/><U53/><E128/><AGARI ba="0,1" hai="37,39,64,67,68,71,76,77,114,115,116,117,128,130" m="31520,30752" machi="128" ten="25,12000,1" yaku="1,1,22,2,52,2,53,0" doraHai="101" doraHaiUra="133" who="2" fromWho="1" sc="403,0,349,-120,288,130,0,0" owari="403,0.0,229,-37.0,418,37.0,0,0.0" /></mjloggm>