<mjloggm ver="2.3"><GO type="225" lobby="0"/><UN n0="%E3%82%8C%E3%81%99%E3%81%93" n1="%E7%99%BD%E8%9B%87%E3%81%AE%E3%83%8A%E3%83%BC%E3%82%AC" n2="%E5%8F%8B%E4%BA%BA%45" n3="%E5%8D%A0%E3%81%84%E5%B8%AB%E8%A3%8F%E3%81%AA%E3%81%84%E3%81%97" dan="16,16,16,16" rate="2129.22,2064.79,2109.61,2175.44" sx="F,M,F,M"/><TAIKYOKU oya="0"/><INIT seed="0,0,0,2,4,117" ten="250,250,250,250" oya="0" hai0="106,1,7,29,120,41,92,57,28,5,65,61,20" hai1="54,132,121,17,104,98,102,58,129,31,14,91,15" hai2="0,107,50,66,130,110,52,114,8,43,47,74,11" hai3="122,39,36,126,80,76,3,46,73,116,53,131,112"/><T37/><D106/><U105/><E129/><V64/><F114/><W118/><G112/><T60/><D120/><U12/><E31/><V88/><F74/><W123/><G131/><T35/><D35/><U40/><E40/><V68/><F107/><W133/><G133/><T79/><D1/><U99/><E132/><V49/><F130/><W13/><G126/><T21/><D79/><U108/><E108/><V2/><F110/><W33/><G13/><T45/><D61/><U24/><E121/><N who="3" m="46090" /><G33/><T10/><D92/><N who="1" m="56607" /><E15/><V59/><F68/><W70/><G70/><T56/><D56/><U134/><E105/><V85/><F2/><W55/><G3/><T93/><D93/><U113/><E113/><V38/><F38/><N who="3" m="14379" /><G46/><T32/><D7/><U22/><E134/><V115/><F115/><W51/><G51/><T119/><D119/><AGARI ba="0,0" hai="53,55,73,76,80,116,118,119" m="14379,46090" machi="119" ten="40,8000,1" yaku="13,1,52,3" doraHai="117" who="3" fromWho="0" sc="250,-80,250,0,250,0,250,80" /><INIT seed="1,0,0,4,4,108" ten="170,250,250,330" oya="1" hai0="10,116,75,130,70,54,14,131,17,73,111,121,82" hai1="41,85,79,74,110,11,19,24,84,127,6,46,126" hai2="55,90,23,40,31,106,87,69,77,32,125,86,12" hai3="51,37,135,38,16,18,4,5,8,56,123,65,103"/><U39/><E110/><V129/><F106/><W22/><G123/><T26/><D111/><U78/><E24/><V59/><F129/><N who="0" m="49162" /><D116/><U48/><E19/><V27/><F125/><N who="1" m="47625" /><E79/><V122/><F122/><W62/><G135/><T43/><D121/><U71/><E71/><V95/><F69/><W89/><G103/><T7/><D70/><U13/><E39/><V99/><F40/><W107/><G107/><T80/><D43/><U64/><E64/><V94/><F77/><W113/><G37/><T134/><D134/><U102/><E102/><V112/><F94/><W57/><G18/><T58/><D26/><U81/><AGARI ba="0,0" hai="6,11,13,41,46,48,74,78,81,84,85" m="47625" machi="81" ten="30,1500,0" yaku="18,1" doraHai="108" who="1" fromWho="1" sc="170,-5,250,15,250,-5,330,-5" /><INIT seed="1,1,0,5,1,31" ten="165,265,245,325" oya="1" hai0="5,117,10,122,26,17,16,14,133,93,4,91,38" hai1="98,22,56,116,119,60,47,59,12,70,6,95,92" hai2="11,7,100,39,0,25,29,120,61,58,72,13,57" hai3="63,74,41,135,81,111,45,114,80,73,106,40,37"/><U50/><E70/><V79/><F120/><W128/><G111/><T109/><D117/><U36/><E36/><V130/><F39/><W49/><G114/><T121/><D38/><U34/><E34/><V23/><F130/><W66/><G106/><T86/><D109/><U87/><E87/><V53/><F100/><W68/><G135/><T82/><D133/><U30/><E56/><V32/><F58/><W77/><G128/><T43/><D43/><U55/><E92/><V18/><F79/><W78/><G37/><T102/><D122/><U113/><E113/><V84/><F84/><W94/><G94/><T54/><D121/><U76/><E76/><V85/><F85/><W2/><G40/><T67/><D67/><U75/><E75/><AGARI ba="1,0" hai="0,7,11,13,18,23,25,29,32,53,57,61,72,75" machi="75" ten="40,5200,0" yaku="24,2,52,1" doraHai="31" who="2" fromWho="1" sc="165,0,265,-55,245,55,325,0" /><INIT seed="2,0,0,2,4,74" ten="165,210,300,325" oya="2" hai0="75,79,89,45,111,27,46,69,77,107,51,121,98" hai1="120,9,50,4,21,53,38,93,36,29,61,40,22" hai2="87,28,43,5,48,23,42,16,12,105,88,110,3" hai3="101,30,80,58,135,114,6,26,14,25,56,39,106"/><V20/><F105/><W59/><G135/><T7/><D121/><U83/><E120/><V129/><F3/><W47/><G114/><T102/><D111/><U134/><E134/><V54/><F110/><W49/><G39/><T127/><D127/><U119/><E119/><V73/><F73/><W90/><G101/><T117/><D117/><U13/><E93/><N who="2" m="54431" /><F5/><W124/><G124/><T70/><D7/><U33/><E33/><V123/><F129/><W41/><G106/><T86/><D27/><U60/><E38/><V1/><F1/><W55/><G30/><T68/><D75/><U82/><E36/><V18/><F28/><W0/><G0/><T84/><D45/><N who="1" m="27855" /><E40/><V71/><F71/><W91/><G41/><T95/><REACH who="0" step="1"/><D86/><REACH who="0" ten="155,210,300,325" step="2"/><U19/><E4/><V44/><F123/><W35/><G25/><AGARI ba="0,1" hai="12,16,18,20,23,25,42,43,44,48,54" m="54431" machi="25" ten="30,5800,0" yaku="8,1,54,2" doraHai="74" who="2" fromWho="3" sc="155,0,210,0,300,68,325,-58" /><INIT seed="2,1,0,1,2,114" ten="155,210,368,267" oya="2" hai0="26,18,124,84,77,28,59,113,6,75,79,4,47" hai1="120,10,116,133,85,123,55,122,107,39,60,112,73" hai2="100,82,105,23,134,54,42,30,87,38,56,24,118" hai3="94,96,109,99,115,108,2,74,126,1,33,5,97"/><V20/><F134/><W130/><G115/><T13/><D113/><U50/><E112/><V15/><F105/><W7/><G126/><T27/><D75/><U44/><E73/><V90/><F100/><W89/><G74/><T62/><D124/><U43/><E107/><V72/><F72/><W98/><G33/><T51/><D4/><N who="3" m="1609" /><G130/><T36/><D36/><U103/><E10/><V68/><F68/><W11/><G11/><T76/><D6/><U58/><E103/><V22/><F15/><W34/><G34/><T35/><D84/><U129/><E85/><V104/><F104/><W19/><G19/><T70/><D70/><U69/><E129/><V95/><F118/><W71/><G71/><T111/><D111/><AGARI ba="1,0" hai="1,2,89,94,96,97,98,99,108,109,111" m="1609" machi="111" ten="30,1000,0" yaku="14,1" doraHai="114" who="3" fromWho="0" sc="155,-13,210,0,368,0,267,13" /><INIT seed="3,0,0,3,0,132" ten="142,210,368,280" oya="3" hai0="97,130,54,105,127,121,94,81,80,125,110,131,82" hai1="77,13,43,39,117,51,133,4,33,86,41,12,126" hai2="17,113,20,15,74,88,3,1,64,78,116,128,69" hai3="19,92,26,16,101,2,106,47,0,27,21,103,29"/><W129/><G129/><N who="0" m="49163" /><D54/><U60/><E133/><V124/><F116/><W37/><G106/><T100/><D121/><U123/><E117/><V98/><F128/><W46/><G92/><T40/><D40/><U91/><E77/><V24/><F78/><W72/><G37/><T35/><D35/><U95/><E33/><V122/><F113/><W11/><G11/><T90/><D110/><U7/><E39/><V57/><F74/><W6/><G72/><T14/><D14/><U63/><E123/><V68/><F68/><W8/><G8/><T62/><D62/><U83/><E51/><V104/><F69/><W22/><G6/><T52/><D52/><U119/><E119/><V85/><F15/><W61/><G61/><T48/><D48/><U71/><E13/><V5/><F3/><W102/><G29/><T89/><D89/><U36/><E12/><V134/><F1/><AGARI ba="0,0" hai="0,1,2,16,19,21,22,26,27,46,47,101,102,103" machi="1" ten="40,3900,0" yaku="9,1,54,1" doraHai="132" who="3" fromWho="2" sc="142,0,210,0,368,-39,280,39" /><INIT seed="3,1,0,5,0,78" ten="142,210,329,319" oya="3" hai0="127,21,113,8,0,104,33,15,41,73,90,12,112" hai1="83,35,123,94,130,93,117,62,66,126,100,3,57" hai2="105,38,2,79,75,17,45,53,54,42,36,24,30" hai3="48,7,70,77,87,72,115,13,82,133,40,110,120"/><W131/><G115/><T37/><D104/><U46/><E123/><V39/><F105/><W88/><G120/><T67/><D67/><U95/><E117/><V34/><F2/><W91/><G131/><T92/><D33/><U1/><E35/><V60/><F17/><W81/><G133/><T106/><D106/><U119/><E119/><V23/><F23/><W85/><G70/><T80/><D127/><U109/><E109/><V18/><F18/><W124/><G110/><T27/><D0/><U96/><E126/><V65/><F54/><W43/><G124/><T63/><D63/><U108/><E46/><V135/><F53/><W129/><G129/><T84/><D37/><U29/><E108/><V132/><F132/><W128/><G128/><T25/><D41/><U61/><E1/><V89/><F89/><W52/><G77/><T118/><D118/><U64/><E3/><V125/><F135/><W68/><G72/><T47/><D47/><U102/><E29/><V5/><F5/><W22/><G68/><T103/><D15/><U97/><E130/><V76/><F125/><W122/><G122/><T55/><D55/><U116/><E116/><V44/><F44/><N who="3" m="27655" /><G22/><T16/><D27/><U28/><E28/><V101/><F101/><W50/><G50/><T11/><D11/><AGARI ba="1,0" hai="7,11,13,40,43,81,82,85,87,88,91" m="27655" machi="11" ten="30,12000,1" yaku="8,1,52,2,54,2" doraHai="78" who="3" fromWho="0" sc="142,-123,210,0,329,0,319,123" owari="19,-48.0,210,-19.0,329,13.0,442,54.0" /></mjloggm>