<mjloggm ver="2.3"><GO type="169" lobby="0"/><UN n0="%46%49%4E%48%E7%B4%A0%E9%9D%A2" n1="%E5%B0%8F%E6%A3%89%E6%AF%9B" n2="%E6%AC%A7%E5%B7%9E%E4%B8%89%E5%86%A0" n3="%43%68%65" dan="16,16,16,17" rate="2117.08,2048.93,2146.90,2145.75" sx="M,M,M,M"/><TAIKYOKU oya="0"/><INIT seed="0,0,0,4,5,80" ten="250,250,250,250" oya="0" hai0="132,17,31,102,41,67,60,58,93,92,129,72,54" hai1="103,82,57,66,89,111,118,28,73,27,130,94,4" hai2="75,49,11,107,35,26,88,40,19,16,20,113,42" hai3="134,101,78,47,110,50,61,14,74,105,135,30,63"/><T1/><D72/><U96/><E118/><V123/><F113/><W15/><G30/><T109/><D1/><U70/><E130/><V71/><F123/><W51/><G110/><T119/><D119/><U77/><E111/><V18/><F107/><W7/><G101/><T99/><D129/><U65/><E70/><V81/><F35/><W55/><G105/><T29/><D132/><U116/><E116/><V12/><F71/><W85/><G74/><T126/><D126/><U3/><E4/><V127/><F127/><W106/><G106/><T131/><D41/><U112/><E3/><V97/><F75/><W38/><G38/><T5/><D5/><U43/><E43/><V114/><F114/><W104/><G104/><T53/><D131/><U76/><E76/><V23/><F49/><W22/><G135/><T34/><D34/><U62/><E112/><V21/><F97/><W32/><G32/><T24/><D93/><U37/><E37/><V84/><F21/><W8/><G51/><T91/><D102/><U133/><E133/><V52/><F52/><N who="0" m="20074" /><D109/><U9/><E9/><V68/><F68/><W120/><G120/><T25/><D25/><AGARI ba="0,0" hai="11,12,16,18,19,20,23,25,26,40,42,81,84,88" machi="25" ten="30,12000,2" yaku="7,1,9,1,8,1,52,1,54,2" doraHai="80" who="2" fromWho="0" sc="250,-120,250,0,250,120,250,0" /><INIT seed="1,0,0,2,1,11" ten="130,250,370,250" oya="1" hai0="51,13,77,67,83,62,132,106,33,1,0,6,92" hai1="64,32,55,31,18,114,63,108,42,110,20,37,91" hai2="107,131,117,101,10,135,124,36,57,116,90,130,97" hai3="123,76,16,45,59,102,24,109,68,47,53,120,119"/><U86/><E114/><V87/><F36/><W28/><G68/><T50/><D106/><U35/><E31/><V113/><F57/><W94/><G109/><N who="1" m="42090" /><E55/><V134/><F10/><W43/><G76/><T15/><D33/><U74/><E74/><V5/><F5/><W19/><G119/><T65/><D132/><N who="2" m="50730" /><F113/><W105/><G105/><T85/><D67/><U34/><E42/><V17/><F17/><W58/><G43/><T30/><D30/><U29/><E37/><V3/><F3/><W122/><G47/><T48/><D0/><U95/><E29/><V22/><F22/><W40/><G40/><T99/><D1/><U27/><E34/><V79/><F79/><W84/><G45/><T88/><REACH who="0" step="1"/><D6/><REACH who="0" ten="120,250,370,250" step="2"/><U41/><E41/><V128/><F124/><W12/><G28/><T26/><D26/><U73/><E73/><V82/><AGARI ba="0,1" hai="82,87,90,97,101,107,116,117,128,130,131" m="50730" machi="82" ten="40,8000,1" yaku="19,1,20,1,34,2" doraHai="11" who="2" fromWho="2" sc="120,-20,250,-40,370,90,250,-20" /><INIT seed="2,0,0,1,0,122" ten="100,210,460,230" oya="2" hai0="15,84,76,117,111,74,125,99,50,72,121,105,57" hai1="78,32,8,49,82,54,42,64,36,114,77,33,135" hai2="20,28,75,31,129,22,86,103,79,24,92,80,59" hai3="123,68,94,10,132,21,25,5,127,115,90,104,100"/><V87/><F129/><W47/><G123/><T12/><D121/><U58/><E114/><V38/><F38/><W69/><G115/><T7/><D74/><U9/><E135/><V66/><F75/><W61/><G127/><T35/><D35/><U63/><E77/><V41/><F41/><W107/><G47/><T26/><D72/><U124/><E124/><V128/><F128/><W53/><G132/><T91/><D26/><U27/><E32/><V45/><F45/><W37/><G37/><T109/><D117/><U116/><E116/><V34/><F34/><W119/><G100/><N who="0" m="62623" /><D76/><U3/><E3/><V23/><F31/><W83/><G83/><N who="0" m="49567" /><D7/><U18/><E36/><V112/><F112/><W113/><G69/><T67/><D125/><U133/><E42/><V93/><F93/><W19/><G113/><T85/><D85/><N who="1" m="48343" /><E33/><V95/><F95/><W52/><G53/><N who="0" m="31927" /><D67/><U11/><E133/><V71/><F71/><W13/><G119/><T46/><D46/><N who="1" m="27959" /><E27/><V81/><F81/><W118/><G118/><T14/><D14/><AGARI ba="0,0" hai="8,9,11,14,18,58,63,64" m="27959,48343" machi="14" ten="30,1000,0" yaku="8,1" doraHai="122" who="1" fromWho="0" sc="100,-10,210,10,460,0,230,0" /><INIT seed="3,0,0,2,4,87" ten="90,220,460,230" oya="3" hai0="97,38,100,31,26,126,57,104,92,80,67,27,41" hai1="89,60,132,51,105,48,129,63,6,59,123,103,91" hai2="55,68,106,33,11,122,86,46,8,25,43,101,0" hai3="13,24,32,58,47,71,18,88,64,7,74,82,69"/><W135/><G135/><T83/><D126/><U52/><E123/><V54/><F68/><W133/><G133/><T75/><D104/><U128/><E132/><V94/><F106/><W21/><G47/><T72/><D38/><U78/><E78/><V39/><F11/><W70/><G74/><T116/><D41/><U49/><E6/><V110/><F110/><W114/><G114/><T134/><D26/><U73/><E73/><V125/><F125/><W62/><G7/><T22/><D116/><U113/><E113/><V121/><F8/><W66/><G66/><T15/><D134/><U19/><E19/><V20/><F33/><W28/><REACH who="3" step="1"/><G82/><REACH who="3" ten="90,220,460,220" step="2"/><T131/><D72/><U96/><REACH who="1" step="1"/><E60/><REACH who="1" ten="90,210,460,220" step="2"/><V10/><F122/><W34/><G34/><T85/><D75/><U93/><E93/><V118/><F94/><W44/><G44/><T5/><D80/><U108/><E108/><V16/><F46/><W120/><G120/><T119/><D119/><U9/><E9/><V99/><F118/><W112/><G112/><T4/><D4/><U23/><E23/><V79/><F10/><W45/><G45/><T90/><D5/><U14/><E14/><V30/><F20/><W12/><G12/><T61/><D15/><U95/><E95/><V35/><F35/><W17/><G17/><T109/><D109/><U1/><E1/><V29/><F16/><W36/><G36/><T37/><D37/><U124/><E124/><V84/><F0/><W102/><G102/><T50/><D50/><U76/><E76/><V111/><F79/><W65/><G65/><T2/><D2/><RYUUKYOKU ba="0,2" sc="90,10,210,10,460,-30,220,10" hai0="22,27,31,57,61,67,83,85,90,92,97,100,131" hai1="48,49,51,52,59,63,89,91,96,103,105,128,129" hai3="13,18,21,24,28,32,58,62,64,69,70,71,88" /><INIT seed="3,1,2,4,2,27" ten="100,220,430,230" oya="3" hai0="100,46,48,36,101,67,96,30,99,128,134,71,115" hai1="121,120,44,45,107,12,116,110,49,8,47,29,125" hai2="94,34,40,24,52,135,129,6,7,58,11,16,39" hai3="62,25,70,111,69,1,19,41,118,61,84,4,43"/><W35/><G118/><T90/><D36/><U92/><E107/><V64/><F135/><W113/><G113/><T89/><D134/><U50/><E125/><V106/><F106/><W3/><G84/><T95/><D115/><U91/><E116/><V28/><F129/><W76/><G76/><T103/><D128/><U87/><E110/><V127/><F64/><W130/><G130/><T32/><D71/><U132/><E132/><V17/><F127/><W33/><G25/><T55/><D67/><U31/><E121/><V53/><F53/><W42/><G19/><T72/><D72/><U54/><E120/><V26/><F40/><W123/><G123/><T2/><D2/><N who="3" m="521" /><G4/><T10/><D10/><U66/><E66/><V124/><F39/><W104/><G104/><T77/><D77/><U51/><E54/><V131/><F124/><W112/><G112/><T22/><D32/><N who="3" m="12361" /><G111/><T80/><D80/><U20/><E20/><V78/><F78/><W83/><G83/><T65/><D65/><U122/><E122/><V74/><F131/><W5/><G5/><AGARI ba="1,2" hai="5,8,12,29,31,44,45,47,49,50,51,87,91,92" machi="5" ten="40,5200,0" yaku="8,1,52,2" doraHai="27" who="1" fromWho="3" sc="100,0,220,75,430,0,230,-55" /><INIT seed="4,0,0,2,1,96" ten="100,295,430,175" oya="0" hai0="101,110,48,72,132,36,29,14,100,61,10,56,94" hai1="71,16,135,125,58,26,84,31,0,105,43,70,5" hai2="39,6,86,49,113,12,60,13,90,103,28,45,9" hai3="65,87,24,33,73,42,63,93,108,79,91,98,88"/><T134/><D36/><U95/><E105/><V18/><F113/><W67/><G108/><T11/><D72/><U106/><E106/><V22/><F39/><W8/><G42/><T27/><D48/><U4/><E43/><V20/><F60/><W112/><G112/><T128/><D128/><U80/><E125/><V85/><F103/><N who="0" m="39498" /><D14/><U53/><E135/><N who="0" m="51753" /><D94/><U52/><E0/><V109/><F109/><W97/><G73/><T117/><D117/><U32/><E95/><V19/><F90/><W1/><G91/><T121/><D121/><U114/><E114/><V59/><F45/><W54/><G88/><T47/><D47/><U30/><E71/><V46/><F46/><W23/><G93/><T37/><D37/><U57/><E70/><V111/><F111/><W122/><G98/><T92/><D92/><U81/><E81/><V35/><F49/><W62/><G97/><T127/><D127/><U51/><E80/><V50/><F50/><W38/><G38/><T130/><D130/><U102/><E102/><V21/><F85/><W116/><G87/><T76/><D76/><U126/><E84/><V66/><F86/><W99/><G99/><T115/><D115/><U83/><E126/><V118/><F118/><W120/><G79/><T89/><D89/><U55/><E83/><V75/><F75/><W107/><G116/><T15/><D15/><U40/><E51/><V2/><F13/><W41/><G122/><T7/><D7/><U44/><E4/><V69/><F12/><W78/><G120/><T123/><D110/><U82/><E5/><V25/><F6/><RYUUKYOKU ba="0,0" sc="100,0,295,0,430,0,175,0" /><INIT seed="5,1,0,4,4,74" ten="100,295,430,175" oya="1" hai0="105,82,50,42,96,17,112,14,83,131,76,66,84" hai1="13,123,34,55,49,9,93,32,75,0,60,51,8" hai2="26,20,10,129,28,100,62,47,86,21,81,11,109" hai3="39,7,127,87,99,23,36,2,80,108,119,114,43"/><U79/><E123/><V122/><F109/><W27/><G108/><T78/><D112/><U90/><E0/><V133/><F122/><W1/><G114/><T118/><D131/><U135/><E135/><V29/><F129/><W106/><G127/><T95/><D118/><U12/><E60/><V58/><F133/><W102/><G119/><T22/><D105/><U98/><E51/><V120/><F47/><W25/><G25/><T130/><D66/><U4/><E79/><N who="0" m="30249" /><D84/><U37/><E37/><V91/><F100/><W134/><G87/><T6/><D130/><U52/><E55/><N who="2" m="34143" /><F120/><W56/><G2/><T40/><D6/><U89/><E75/><V67/><F67/><W128/><G7/><T45/><D42/><U103/><E32/><V121/><F121/><W35/><G43/><T111/><D111/><U38/><E38/><V88/><F91/><AGARI ba="1,0" hai="14,17,22,40,45,50,82,83,91,95,96" m="30249" machi="91" ten="30,7700,0" yaku="8,1,52,3" doraHai="74" who="0" fromWho="2" sc="100,80,295,0,430,-80,175,0" /><INIT seed="6,0,0,4,2,64" ten="180,295,350,175" oya="2" hai0="59,63,130,33,15,2,24,61,106,94,29,101,32" hai1="125,82,34,78,60,123,10,8,4,84,107,103,12" hai2="67,53,98,46,38,11,13,77,134,112,75,114,62" hai3="41,7,87,81,119,56,27,120,9,23,131,5,39"/><V43/><F134/><W30/><G119/><T70/><D2/><U17/><E34/><V54/><F77/><W79/><G120/><T104/><D130/><U57/><E123/><V115/><F75/><W35/><G131/><T6/><D33/><U108/><E108/><V122/><F98/><W89/><G39/><T16/><D6/><U3/><E125/><V65/><F122/><W20/><G7/><T127/><D127/><U18/><E18/><V76/><F76/><W42/><G35/><T90/><D101/><U22/><E10/><V0/><F0/><W109/><G109/><T93/><D93/><U80/><E80/><V110/><F110/><W128/><G128/><T51/><D63/><U111/><E111/><V83/><F83/><W49/><G23/><N who="0" m="11679" /><D61/><U68/><E68/><N who="2" m="42039" /><F67/><W117/><G117/><T96/><D70/><U28/><E28/><V25/><F25/><W48/><G89/><T88/><D90/><U47/><E107/><V73/><F73/><W69/><G69/><T71/><D71/><U26/><E103/><V92/><F92/><W135/><G135/><T55/><D96/><U50/><E3/><V121/><F121/><W1/><G56/><T74/><D74/><U133/><E133/><V105/><F105/><W126/><G126/><T95/><D95/><U129/><E129/><V72/><F72/><W116/><G116/><T86/><AGARI ba="0,0" hai="24,29,32,51,55,59,86,88,94,104,106" m="11679" machi="86" ten="30,4000,0" yaku="25,1,54,2" doraHai="64" who="0" fromWho="0" sc="180,40,295,-10,350,-20,175,-10" /><INIT seed="7,0,0,4,4,96" ten="220,285,330,165" oya="3" hai0="40,32,30,120,134,29,92,103,126,7,6,106,66" hai1="82,67,43,77,70,124,24,95,41,93,42,3,121" hai2="52,51,98,129,110,135,107,91,132,72,0,23,11" hai3="80,79,60,128,47,34,87,61,35,113,27,36,5"/><W18/><G113/><T12/><D120/><U59/><E3/><V131/><F110/><W73/><G128/><N who="2" m="49225" /><F72/><W119/><G119/><T17/><D40/><U115/><E70/><V127/><F23/><W116/><G116/><T122/><D122/><U15/><E121/><V50/><F127/><W97/><G5/><T45/><D45/><U49/><E124/><V1/><F51/><W33/><G73/><T22/><D30/><U58/><E115/><V57/><F11/><W85/><G85/><T104/><D104/><U8/><E24/><V88/><F91/><W25/><G97/><T94/><D134/><N who="2" m="51242" /><F107/><W37/><G18/><T19/><D19/><N who="1" m="8679" /><E67/><V13/><F13/><W71/><G71/><T69/><D126/><U4/><E4/><V20/><F20/><W84/><G84/><T123/><D123/><U54/><E58/><V102/><F102/><W74/><G74/><T83/><D83/><U105/><E105/><V112/><F112/><W55/><G37/><T46/><D46/><U39/><E39/><V118/><F118/><W68/><G68/><T81/><D81/><U117/><E117/><V21/><F21/><W111/><G111/><T78/><D78/><U26/><E26/><N who="3" m="9738" /><G36/><T28/><D6/><U14/><E14/><V89/><F89/><W10/><G10/><T48/><D7/><U53/><E53/><V38/><F38/><W75/><G75/><T99/><D29/><U100/><E77/><V16/><F16/><W125/><G125/><T44/><D28/><U108/><E82/><V90/><F98/><W86/><G86/><T65/><D69/><RYUUKYOKU ba="0,0" sc="220,-15,285,-15,330,15,165,15" hai2="0,1,50,52,57,88,90" hai3="33,34,35,47,55,60,61,79,80,87" /><INIT seed="7,1,0,2,0,39" ten="205,270,345,180" oya="3" hai0="75,98,123,128,21,90,32,69,54,65,113,3,95" hai1="97,82,85,25,125,68,118,131,77,134,105,4,80" hai2="28,99,27,112,16,13,66,101,102,49,43,15,76" hai3="38,135,17,24,14,94,20,2,19,57,12,96,104"/><W51/><G135/><T60/><D123/><U109/><E68/><V63/><F112/><W129/><G129/><T120/><D120/><U44/><E109/><V42/><F76/><W50/><G2/><T72/><D32/><U103/><E4/><V127/><F49/><W100/><G38/><T34/><D34/><U67/><E67/><V48/><F48/><W30/><G104/><T40/><D3/><U1/><E1/><V87/><F87/><W74/><G74/><T5/><D5/><U33/><E44/><V84/><F84/><W78/><G78/><T117/><D117/><U58/><E58/><N who="2" m="37239" /><F102/><W132/><G132/><T35/><D35/><U122/><E25/><V110/><F127/><W126/><G126/><T83/><D75/><U22/><E22/><N who="2" m="15479" /><F110/><W59/><G59/><T37/><D113/><U88/><E33/><V0/><F0/><W133/><G133/><T11/><D72/><N who="1" m="43047" /><E134/><V124/><F124/><W86/><G86/><T119/><D119/><U79/><E125/><V106/><F15/><N who="3" m="5675" /><G51/><T114/><D114/><U45/><E122/><V62/><F62/><W6/><G6/><T64/><D69/><U121/><E121/><V115/><F115/><W9/><G9/><T70/><D11/><U7/><E7/><V29/><F29/><W108/><G108/><T71/><D71/><U130/><E118/><V93/><F106/><W116/><G116/><T23/><D70/><U111/><E111/><V53/><F53/><AGARI ba="1,0" hai="17,19,20,24,30,50,53,57,94,96,100" m="5675" machi="53" ten="30,1500,0" yaku="8,1" doraHai="39" who="3" fromWho="2" sc="205,0,270,0,345,-18,180,18" /><INIT seed="7,2,0,2,3,129" ten="205,270,327,198" oya="3" hai0="72,16,44,12,135,116,122,13,60,97,96,115,62" hai1="66,46,101,127,10,74,4,29,81,112,92,121,65" hai2="34,64,80,93,105,132,15,30,90,94,41,23,38" hai3="20,17,43,54,106,9,83,69,26,56,55,70,24"/><W109/><G109/><T95/><D116/><U118/><E118/><V35/><F132/><W120/><G120/><T21/><D122/><U22/><E121/><V27/><F105/><W52/><G106/><T103/><D72/><U49/><E112/><V76/><F38/><W2/><G43/><T36/><D115/><U87/><E74/><V113/><F41/><W82/><G56/><T57/><D36/><U88/><E127/><V63/><F113/><W131/><G131/><T37/><D37/><U33/><E33/><V28/><F90/><W75/><G26/><T117/><D44/><U104/><E104/><V53/><F53/><W126/><G126/><T125/><D125/><U77/><E29/><V68/><F34/><W128/><G128/><T40/><D40/><N who="1" m="24775" /><E22/><V11/><F30/><W18/><G83/><T59/><D135/><U50/><E50/><V108/><F35/><W61/><G61/><T6/><D97/><N who="1" m="57479" /><E101/><V79/><F79/><W45/><G45/><T130/><D130/><U1/><E1/><V119/><F108/><W51/><G51/><T67/><D117/><U110/><E110/><V85/><F119/><W39/><G39/><T107/><D107/><U84/><E84/><V123/><F123/><W102/><G102/><T14/><D6/><AGARI ba="2,0" hai="6,11,15,23,27,28,63,64,68,76,80,85,93,94" machi="6" ten="30,1000,0" yaku="7,1" doraHai="129" who="2" fromWho="0" sc="205,-16,270,0,327,16,198,0" owari="189,-31.0,270,7.0,343,44.0,198,-20.0" /></mjloggm>