<mjloggm ver="2.3"><GO type="169" lobby="0"/><UN n0="%EF%BC%98%EF%BC%90%EF%BC%90%EF%BC%98" n1="%E4%B8%89%E5%8D%8A%E8%8D%98%E3%81%BE%E3%81%A7" n2="%E3%83%AC%E3%82%AA%E3%83%B3%E3%83%8F%E3%83%AB%E3%83%88" n3="%28%E3%81%BE%C2%B4%CF%89%EF%BD%80%E3%81%AA%29%E3%83%9F" dan="17,17,16,18" rate="2185.48,2137.96,2057.22,2224.15" sx="M,M,M,F"/><TAIKYOKU oya="0"/><INIT seed="0,0,0,2,3,134" ten="250,250,250,250" oya="0" hai0="128,71,76,122,126,99,11,124,77,101,15,72,62" hai1="79,85,117,16,13,82,36,0,24,29,45,112,84" hai2="70,31,115,89,81,65,93,46,44,90,47,68,129" hai3="6,61,17,60,9,21,18,133,54,52,69,80,105"/><T107/><D122/><U3/><E117/><V74/><F115/><W100/><G133/><T83/><D128/><U123/><E112/><V39/><F39/><W87/><G105/><T132/><D132/><U10/><E123/><V43/><F43/><W127/><G100/><T34/><D34/><U12/><E12/><V78/><F129/><W63/><G69/><T91/><D77/><U64/><E64/><V42/><F42/><W25/><G18/><T118/><D118/><U103/><E103/><V40/><F40/><W55/><G127/><N who="0" m="48683" /><D91/><U8/><E45/><V14/><F89/><W59/><G59/><T135/><D135/><U94/><E36/><V66/><F70/><W19/><G19/><N who="0" m="8703" /><D62/><U104/><E104/><V114/><F90/><W5/><REACH who="3" step="1"/><G9/><REACH who="3" ten="250,250,250,240" step="2"/><T125/><D125/><U95/><E8/><V4/><F114/><W119/><G119/><T121/><D121/><U116/><E116/><V41/><F41/><W110/><G110/><T96/><D71/><U58/><E58/><V98/><F68/><W97/><G97/><AGARI ba="0,1" hai="72,76,83,96,97,99,101,107" m="8703,48683" machi="97" ten="30,11600,0" yaku="18,1,52,3" doraHai="134" who="0" fromWho="3" sc="250,126,250,0,250,0,240,-116" /><INIT seed="0,1,0,4,3,90" ten="376,250,250,124" oya="0" hai0="52,78,24,124,25,98,110,86,119,26,111,32,49" hai1="94,50,66,133,112,128,107,40,10,46,80,106,18" hai2="123,74,43,92,14,62,57,30,47,99,48,58,7" hai3="95,116,82,33,88,129,41,2,36,12,45,55,3"/><T1/><D119/><U114/><E128/><V104/><F123/><W89/><G116/><T63/><D1/><U5/><E133/><V61/><F74/><W120/><G33/><T131/><D131/><U100/><E66/><V64/><F104/><W96/><G129/><T76/><D124/><U35/><E18/><V108/><F108/><N who="0" m="41514" /><D63/><U115/><E80/><V65/><F30/><W118/><G118/><T87/><D32/><U103/><E35/><V91/><F14/><W68/><G68/><T85/><D98/><N who="1" m="59479" /><E103/><V60/><F7/><W102/><G120/><T81/><D81/><U59/><E59/><AGARI ba="1,0" hai="43,47,48,57,58,59,60,61,62,64,65,91,92,99" machi="59" ten="40,2600,0" yaku="8,1,52,1" doraHai="90" who="2" fromWho="1" sc="376,0,250,-29,250,29,124,0" /><AGARI ba="1,0" hai="24,25,26,49,52,59,76,78,85,86,87" m="41514" machi="59" ten="40,7700,0" yaku="14,1,10,1,54,1" doraHai="90" who="0" fromWho="1" sc="376,77,221,-77,279,0,124,0" /><INIT seed="0,2,0,0,4,102" ten="453,144,279,124" oya="0" hai0="131,87,12,110,16,132,54,0,23,51,113,61,90" hai1="78,27,68,103,20,36,67,1,37,8,49,26,25" hai2="9,94,32,89,46,15,100,39,130,81,33,11,65" hai3="99,34,41,64,17,53,105,6,73,126,59,69,104"/><T115/><D132/><U98/><E78/><V82/><F130/><W50/><G73/><T75/><D131/><U116/><E116/><V44/><F65/><W92/><G34/><T79/><D0/><U21/><E49/><V118/><F100/><W2/><G126/><T56/><D110/><U135/><E135/><V107/><F15/><W109/><G109/><T125/><D125/><U60/><E8/><V57/><F57/><W18/><G41/><T3/><D3/><U13/><E1/><V58/><F58/><W120/><G120/><T5/><D5/><U106/><REACH who="1" step="1"/><E13/><REACH who="1" ten="453,134,279,124" step="2"/><V4/><F9/><W24/><G2/><T29/><D79/><U76/><E76/><V84/><F11/><W119/><G119/><T93/><D75/><U108/><E108/><V97/><F118/><W128/><G128/><T40/><D40/><U121/><E121/><V134/><F134/><W77/><G77/><T42/><D42/><U52/><E52/><V66/><F39/><AGARI ba="2,1" hai="20,21,25,26,27,36,37,39,60,67,68,98,103,106" machi="39" ten="40,2600,0" yaku="1,1,52,1,53,0" doraHai="102" doraHaiUra="30" who="1" fromWho="2" sc="453,0,134,42,279,-32,124,0" /><INIT seed="1,0,0,0,0,53" ten="453,176,247,124" oya="1" hai0="19,123,135,84,107,60,58,59,65,94,118,87,125" hai1="35,110,57,106,37,115,67,113,6,103,7,117,99" hai2="20,46,81,21,31,27,89,2,56,122,93,24,8" hai3="66,108,4,83,15,26,95,34,128,0,23,72,133"/><U134/><E117/><V88/><F122/><W97/><G108/><T127/><D107/><U16/><E37/><V78/><F46/><W38/><G38/><T1/><D118/><U120/><E120/><V131/><F131/><W18/><G133/><T54/><D123/><U55/><E35/><V33/><F2/><W25/><G128/><T129/><D1/><U73/><E73/><V121/><F121/><W32/><G66/><T102/><D135/><U104/><E134/><V5/><F56/><W44/><G44/><T61/><D129/><U75/><E75/><V64/><F64/><W100/><G0/><T111/><D111/><U42/><E42/><V80/><F8/><W69/><G69/><T63/><D63/><U114/><E67/><V43/><F5/><W101/><G101/><T14/><D102/><U17/><E110/><V96/><F43/><W112/><G112/><T13/><D94/><U70/><E70/><V29/><F33/><W49/><G49/><T98/><D98/><U126/><E126/><N who="0" m="48137" /><D14/><U109/><E109/><V22/><F22/><AGARI ba="0,0" hai="13,19,22,54,58,59,60,61,65,84,87" m="48137" machi="22" ten="30,3900,0" yaku="18,1,52,2" doraHai="53" who="0" fromWho="2" sc="453,39,176,0,247,-39,124,0" /><INIT seed="2,0,0,2,5,10" ten="492,176,208,124" oya="2" hai0="22,101,90,1,113,42,33,82,116,44,2,88,111" hai1="115,77,47,100,40,66,99,63,28,104,133,117,60" hai2="79,114,16,72,83,23,71,65,55,38,92,95,76" hai3="26,53,61,78,12,123,30,124,108,69,128,15,20"/><V59/><F114/><W126/><G123/><T68/><D111/><U75/><E60/><V64/><F38/><W102/><G108/><T84/><D33/><U132/><E115/><V107/><F107/><W93/><G78/><T58/><D68/><U97/><E117/><V7/><F7/><W0/><G0/><T96/><D113/><U135/><E97/><V80/><F71/><W6/><G6/><T119/><D58/><U56/><E28/><V73/><F64/><W13/><G128/><T41/><D90/><U39/><E77/><V57/><F57/><N who="3" m="34991" /><G69/><T131/><D22/><U48/><REACH who="1" step="1"/><E75/><REACH who="1" ten="492,166,208,124" step="2"/><V74/><F74/><W62/><G62/><T45/><D119/><U54/><E54/><V18/><F65/><W37/><G37/><AGARI ba="0,1" hai="37,39,40,47,48,56,63,66,99,100,104,132,133,135" machi="37" ten="40,5200,0" yaku="1,1,20,1,53,1" doraHai="10" doraHaiUra="103" who="1" fromWho="3" sc="492,0,166,62,208,0,124,-52" /><INIT seed="3,0,0,1,1,87" ten="492,228,208,72" oya="3" hai0="23,52,34,81,64,16,79,56,24,120,43,27,119" hai1="19,130,10,124,123,0,89,94,77,11,90,112,37" hai2="131,96,117,113,58,98,103,95,35,47,20,39,111" hai3="45,110,101,25,61,104,97,100,8,71,121,32,57"/><W73/><G121/><T75/><D120/><U115/><E123/><V134/><F35/><W31/><G73/><T62/><D119/><U60/><E37/><V127/><F113/><W26/><G110/><T102/><D43/><U53/><E77/><V76/><F117/><W129/><G129/><T88/><D102/><U2/><E94/><V74/><F127/><W132/><G132/><T63/><D34/><U42/><E42/><V30/><F47/><W85/><G101/><T38/><D38/><U84/><E84/><V125/><F39/><W106/><G106/><T12/><D88/><U70/><E53/><V91/><F125/><W50/><G26/><T107/><D107/><U48/><E48/><V54/><F111/><W114/><G8/><T86/><D75/><U126/><E19/><V6/><F6/><W135/><G135/><T4/><D4/><U13/><E13/><V5/><F5/><W128/><G71/><AGARI ba="0,0" hai="12,16,23,24,27,52,56,62,63,64,71,79,81,86" machi="71" ten="30,3900,0" yaku="7,1,54,2" doraHai="87" who="0" fromWho="3" sc="492,39,228,0,208,0,72,-39" /><INIT seed="4,0,0,5,3,56" ten="531,228,208,33" oya="0" hai0="95,104,122,45,3,105,40,41,117,103,135,92,127" hai1="61,25,125,118,21,62,70,134,28,60,42,86,78" hai2="5,100,53,112,33,93,18,91,98,63,94,9,96" hai3="110,31,126,124,77,58,44,132,120,57,74,16,6"/><T109/><D122/><U129/><E118/><V17/><F33/><W108/><G74/><T75/><D3/><U48/><E125/><N who="3" m="48234" /><G77/><T128/><D127/><U102/><E129/><V69/><F112/><W1/><G31/><T39/><D117/><U71/><E134/><V80/><F80/><W52/><G6/><T76/><D41/><U133/><E133/><V54/><F54/><W24/><G1/><T59/><D128/><U20/><E102/><V84/><F84/><W11/><G132/><T55/><D109/><N who="3" m="42089" /><G120/><T27/><D27/><U116/><E116/><V89/><F100/><W87/><G87/><T23/><D23/><N who="1" m="15423" /><E71/><V34/><F34/><W68/><G68/><T82/><D135/><U81/><E70/><V79/><F79/><W72/><G72/><T111/><D111/><U29/><E29/><V8/><F69/><W36/><G36/><T46/><D104/><U114/><E114/><V115/><F115/><W26/><G44/><AGARI ba="0,0" hai="20,21,42,44,48,60,61,62,78,81,86" m="15423" machi="44" ten="30,7700,0" yaku="8,1,52,3" doraHai="56" who="1" fromWho="3" sc="531,0,228,77,208,0,33,-77" owari="531,62.0,305,11.0,208,-19.0,-44,-54.0" /></mjloggm>