<mjloggm ver="2.3"><GO type="225" lobby="0"/><UN n0="%E3%80%93%E3%81%97%E3%83%BC%E3%82%89%E3%80%93" n1="%E8%97%81%E3%83%AF%E3%83%A9%E7%AC%91%77%72%77%72" n2="%48%61%61%61%6C%61%6E%64" n3="%70%68%65%6E%6F%6D%65" dan="16,17,17,17" rate="2123.22,2229.74,2162.29,2211.14" sx="M,M,M,M"/><TAIKYOKU oya="0"/><INIT seed="0,0,0,5,3,129" ten="250,250,250,250" oya="0" hai0="119,75,83,30,38,121,55,49,2,7,19,132,34" hai1="76,69,123,134,29,64,86,41,58,18,15,52,115" hai2="54,80,24,130,23,98,9,72,44,56,128,77,84" hai3="16,3,99,13,51,48,108,61,10,33,118,71,39"/><T111/><D38/><U113/><E123/><V133/><F133/><W104/><G118/><T109/><D121/><U53/><E29/><V60/><F9/><W105/><G39/><T92/><D119/><U8/><E41/><V116/><F116/><W5/><G33/><T68/><D68/><U11/><E134/><V37/><F72/><W46/><G108/><N who="0" m="41547" /><D132/><U12/><E69/><V42/><REACH who="2" step="1"/><F98/><REACH who="2" ten="250,250,240,250" step="2"/><W17/><G99/><T135/><D135/><U101/><E115/><V27/><F27/><W66/><G3/><T63/><D75/><U4/><E113/><V94/><F94/><W97/><G105/><T65/><D92/><U103/><E64/><V45/><F45/><W131/><G131/><T31/><D83/><N who="1" m="47463" /><E53/><V6/><F6/><W125/><G46/><T40/><D7/><U32/><E32/><V78/><F78/><W106/><G104/><T126/><D2/><U81/><E81/><V28/><AGARI ba="0,1" hai="23,24,28,37,42,44,54,56,60,77,80,84,128,130" machi="28" ten="30,4000,0" yaku="1,1,0,1,53,1" doraHai="129" doraHaiUra="43" who="2" fromWho="2" sc="250,-20,250,-10,240,50,250,-10" /><INIT seed="1,0,0,0,1,95" ten="230,240,290,240" oya="1" hai0="109,41,68,57,20,39,60,112,85,0,4,124,76" hai1="52,1,91,21,42,103,13,29,37,121,132,126,81" hai2="65,3,73,123,118,61,108,15,49,45,67,59,25" hai3="80,116,93,86,135,17,128,133,120,36,115,6,44"/><U125/><E121/><V10/><F123/><W129/><G115/><T58/><D112/><U130/><E1/><V56/><F118/><W40/><G120/><T90/><D124/><N who="1" m="47723" /><E130/><N who="3" m="50282" /><G116/><T62/><D76/><U51/><E132/><N who="3" m="50762" /><G6/><T79/><D79/><U107/><E42/><V35/><F108/><W82/><G17/><T134/><D134/><U87/><E37/><V77/><F3/><W102/><G86/><T11/><D109/><U70/><E70/><V22/><F35/><W111/><G111/><T26/><D41/><U16/><E29/><N who="2" m="17591" /><F77/><W19/><G19/><T127/><D39/><U12/><E12/><V122/><F73/><W18/><G18/><T106/><D127/><U7/><E7/><N who="2" m="3551" /><F122/><W104/><G104/><T113/><D106/><U64/><E64/><N who="2" m="38951" /><F59/><W46/><G46/><T119/><D119/><U27/><E13/><V110/><F110/><W43/><G40/><AGARI ba="0,0" hai="40,45,49,65,67" m="38951,3551,17591" machi="40" ten="30,1000,0" yaku="8,1" doraHai="95" who="2" fromWho="3" sc="230,0,240,0,290,10,240,-10" /><INIT seed="2,0,0,2,4,88" ten="230,240,300,230" oya="2" hai0="64,49,130,84,52,33,75,53,54,115,34,66,113" hai1="85,118,71,108,38,21,15,110,48,8,22,111,79" hai2="73,57,69,107,17,119,93,25,39,74,4,129,86" hai3="127,123,124,56,44,46,103,50,91,42,133,122,2"/><V13/><F119/><W102/><G2/><T37/><D75/><U94/><E38/><V11/><F69/><W31/><G31/><T18/><D37/><U67/><E118/><V41/><F107/><W35/><G35/><N who="0" m="13323" /><D49/><U116/><E116/><V6/><F129/><W40/><G91/><T7/><D84/><U128/><E128/><V120/><F120/><N who="3" m="46123" /><G133/><T87/><D87/><U89/><E79/><V72/><F57/><W30/><G30/><T97/><D130/><U112/><E112/><N who="0" m="43081" /><D7/><N who="1" m="3487" /><E48/><V24/><F4/><W117/><G117/><T96/><D18/><U95/><E95/><V14/><F93/><W51/><G102/><T104/><D104/><U9/><E9/><V63/><F11/><W26/><G103/><T125/><D125/><U36/><E36/><V10/><F10/><W0/><G0/><T27/><D27/><U135/><E135/><V28/><F24/><W61/><G26/><T65/><AGARI ba="0,0" hai="52,53,54,64,65,66,96,97" m="43081,13323" machi="65" ten="40,5200,0" yaku="28,2,54,1" doraHai="88" who="0" fromWho="0" sc="230,52,240,-13,300,-26,230,-13" /><INIT seed="3,0,0,1,4,42" ten="282,227,274,217" oya="3" hai0="90,10,52,77,105,121,83,16,67,102,88,39,93" hai1="1,36,19,68,30,99,60,72,32,33,85,97,123" hai2="40,129,13,109,6,0,26,47,46,127,2,54,3" hai3="70,89,104,132,23,17,75,11,107,133,91,14,128"/><W51/><G70/><T18/><D39/><U119/><E72/><V80/><F109/><W108/><G75/><T76/><D121/><U44/><E1/><V118/><F118/><W15/><G128/><T64/><D105/><N who="3" m="40521" /><G51/><T62/><D102/><U56/><E123/><V43/><F129/><W4/><G108/><T106/><D106/><U125/><E68/><V57/><F127/><W117/><G117/><T87/><D52/><U38/><E125/><V37/><F80/><W65/><G65/><N who="0" m="25163" /><D62/><U96/><E30/><V5/><F26/><W59/><G59/><T115/><D115/><U74/><E74/><V82/><F82/><W122/><G122/><T135/><D135/><AGARI ba="0,0" hai="4,11,14,15,17,23,89,91,132,133,135" m="40521" machi="135" ten="30,1500,0" yaku="20,1" doraHai="42" who="3" fromWho="0" sc="282,-15,227,0,274,0,217,15" /><INIT seed="3,1,0,0,5,35" ten="267,227,274,232" oya="3" hai0="20,71,22,132,110,18,50,93,2,69,10,19,74" hai1="98,46,70,52,14,86,99,32,59,34,122,104,134" hai2="31,45,44,36,114,84,97,43,37,124,77,21,51" hai3="12,103,67,68,15,91,61,102,8,81,23,57,123"/><W16/><G123/><T39/><D39/><U87/><E122/><V17/><F114/><W38/><G38/><T127/><D74/><U119/><E70/><V116/><F116/><W118/><G118/><T88/><D127/><U24/><E119/><V89/><F124/><W111/><G68/><T30/><D30/><U27/><E46/><V117/><F117/><W66/><G66/><T4/><D132/><U92/><E104/><V55/><F31/><W13/><G111/><T54/><D22/><U47/><E47/><V128/><F128/><W96/><G81/><T76/><D76/><U133/><E14/><N who="3" m="5738" /><G8/><T49/><D49/><U101/><E92/><AGARI ba="1,0" hai="15,16,23,57,61,67,91,92,96,102,103" m="5738" machi="92" ten="30,2900,0" yaku="8,1,54,1" doraHai="35" who="3" fromWho="1" sc="267,0,227,-32,274,0,232,32" /><INIT seed="3,2,0,1,5,119" ten="267,195,274,264" oya="3" hai0="4,49,128,91,79,87,100,9,23,29,48,67,70" hai1="124,85,63,75,118,99,94,53,14,7,6,88,38" hai2="107,20,117,10,77,116,104,17,135,61,76,64,68" hai3="5,13,28,108,97,112,74,59,45,12,40,122,31"/><W78/><G112/><T121/><D128/><U69/><E118/><V24/><F117/><W92/><G122/><T26/><D79/><U126/><E75/><V125/><F116/><W109/><G59/><T39/><D39/><U36/><E36/><V101/><F125/><N who="1" m="48233" /><E38/><V55/><F135/><W73/><G45/><T113/><D113/><U8/><E85/><V47/><F10/><N who="3" m="4175" /><G40/><T106/><D121/><U54/><E7/><V82/><F101/><N who="3" m="60583" /><G13/><T56/><D70/><U62/><E69/><V111/><F104/><W60/><G60/><AGARI ba="2,0" hai="6,8,14,53,54,60,62,63,88,94,99" m="48233" machi="60" ten="30,2000,0" yaku="18,1,54,1" doraHai="119" who="1" fromWho="3" sc="267,0,195,26,274,0,264,-26" /><INIT seed="4,0,0,1,0,133" ten="267,221,274,238" oya="0" hai0="40,50,6,135,92,101,83,94,119,45,86,74,20" hai1="31,23,46,128,98,114,126,91,11,89,13,73,54" hai2="78,115,57,55,100,95,8,80,75,102,118,34,1" hai3="84,77,12,39,132,36,59,61,29,56,79,104,42"/><T26/><D135/><U93/><E73/><V108/><F108/><W66/><G104/><T85/><D119/><U123/><E123/><V41/><F118/><W134/><G29/><T72/><D6/><U116/><E116/><V33/><F41/><W127/><G12/><T58/><D58/><U107/><E128/><V44/><F44/><W47/><G39/><T19/><D86/><U9/><E126/><V16/><F115/><W49/><G127/><T88/><REACH who="0" step="1"/><D94/><REACH who="0" ten="257,221,274,238" step="2"/><N who="1" m="56655" /><E107/><V51/><F95/><W122/><G84/><T63/><D63/><U25/><E114/><V38/><F57/><W24/><G132/><T76/><D76/><U131/><E131/><V109/><F78/><W120/><G134/><T110/><D110/><U35/><E35/><V117/><F33/><W28/><G79/><T90/><D90/><U103/><E103/><V68/><F102/><W130/><G77/><T60/><D60/><U52/><E46/><V30/><F100/><W112/><G130/><T18/><D18/><N who="1" m="8495" /><E11/><V67/><F8/><W71/><G112/><T125/><D125/><U69/><E69/><V113/><F34/><N who="3" m="20743" /><G59/><T3/><D3/><U81/><E81/><V124/><F113/><W21/><G71/><T129/><D129/><U27/><E27/><V17/><F124/><W43/><G122/><T121/><D121/><U97/><AGARI ba="0,1" hai="23,25,31,52,54,91,93,97" m="8495,56655" machi="97" ten="30,2000,0" yaku="8,1,54,1" doraHai="133" who="1" fromWho="1" sc="257,-10,221,30,274,-5,238,-5" /><INIT seed="5,0,0,3,1,6" ten="247,251,269,233" oya="1" hai0="99,39,128,115,10,123,58,79,132,92,29,34,38" hai1="59,80,46,85,17,134,0,13,30,33,77,35,135" hai2="108,96,121,76,21,72,89,24,2,42,81,18,22" hai3="125,112,4,31,43,54,126,88,78,119,23,86,127"/><U109/><E0/><V104/><F108/><W55/><G112/><T100/><D115/><U71/><E71/><V47/><F121/><W20/><G119/><T130/><D123/><U37/><E109/><V84/><F2/><W48/><G78/><T16/><D132/><N who="1" m="50731" /><E30/><V26/><F96/><W12/><G43/><T90/><D79/><U15/><E15/><V51/><F104/><W101/><G101/><T32/><D58/><U116/><E116/><V110/><F110/><W129/><G129/><N who="0" m="49771" /><D100/><U63/><E46/><V67/><F67/><W45/><G31/><T25/><D34/><U41/><E41/><V14/><REACH who="2" step="1"/><F22/><REACH who="2" ten="247,251,259,233" step="2"/><W73/><G73/><T117/><D117/><U93/><E35/><V82/><AGARI ba="0,1" hai="14,18,21,24,26,42,47,51,72,76,81,82,84,89" machi="82" ten="20,5200,0" yaku="1,1,2,1,0,1,7,1,53,0" doraHai="6" doraHaiUra="133" who="2" fromWho="2" sc="247,-13,251,-26,259,62,233,-13" owari="234,3.0,225,-17.0,321,42.0,220,-28.0" /></mjloggm>