<mjloggm ver="2.3"><GO type="169" lobby="0"/><UN n0="%E3%81%92%E3%81%A1%E3%81%87%E3%81%AA%30%34" n1="%43%6F%6D%65%64%69%61%6E" n2="%E9%AB%98%E6%A9%8B%E6%B7%B3" n3="%4E%6F%2E%30%30%30%31" dan="17,16,16,18" rate="2196.22,2155.71,2123.49,2247.95" sx="M,M,M,F"/><TAIKYOKU oya="0"/><INIT seed="0,0,0,5,1,89" ten="250,250,250,250" oya="0" hai0="69,95,65,120,64,45,129,4,114,121,84,94,90" hai1="108,49,56,91,43,17,60,130,10,7,119,57,42" hai2="112,93,1,75,22,101,99,44,68,40,115,67,2" hai3="58,27,47,82,23,128,124,37,123,85,21,14,31"/><T86/><D114/><U19/><E119/><V133/><F75/><W39/><G128/><T16/><D4/><U126/><E126/><V87/><F133/><W51/><G124/><T35/><D35/><U88/><E108/><V0/><F22/><W110/><G110/><T24/><D45/><U32/><E32/><V79/><F67/><W71/><G71/><T54/><D54/><U25/><E130/><V122/><F68/><W78/><G123/><T98/><D129/><U76/><E76/><V61/><F61/><W83/><G58/><T48/><D48/><U72/><E72/><V66/><F66/><W29/><G82/><T103/><D65/><N who="1" m="39047" /><E57/><V131/><F131/><W53/><REACH who="3" step="1"/><G14/><REACH who="3" ten="250,250,250,240" step="2"/><T33/><D121/><U5/><E25/><AGARI ba="0,1" hai="21,23,25,27,29,31,37,39,47,51,53,78,83,85" machi="25" ten="40,5200,0" yaku="1,1,2,1,9,1,53,0" doraHai="89" doraHaiUra="127" who="3" fromWho="1" sc="250,0,250,-52,250,0,240,62" /><INIT seed="1,0,0,0,3,9" ten="250,198,250,302" oya="1" hai0="20,68,135,128,87,3,86,51,129,64,82,70,122" hai1="116,112,0,7,13,88,53,67,48,99,104,10,56" hai2="126,125,77,110,65,21,26,119,62,43,23,38,18" hai3="109,54,80,8,85,75,50,117,100,103,1,76,71"/><U78/><E112/><V57/><F119/><W31/><G71/><T89/><D3/><U84/><E116/><V60/><F77/><W16/><G117/><T27/><D135/><U52/><E67/><V134/><F110/><W47/><G109/><T107/><D107/><U12/><E78/><V121/><F121/><W72/><G31/><T59/><D122/><U39/><E39/><V133/><F62/><W6/><REACH who="3" step="1"/><G16/><REACH who="3" ten="250,198,250,292" step="2"/><T30/><D70/><U95/><REACH who="1" step="1"/><E53/><REACH who="1" ten="250,188,250,292" step="2"/><V25/><F133/><W92/><G92/><T35/><D64/><U97/><E97/><V19/><F134/><W28/><G28/><T45/><D30/><U40/><E40/><V90/><F43/><W58/><G58/><T127/><D59/><U41/><E41/><V11/><F57/><W74/><AGARI ba="0,2" hai="1,6,8,47,50,54,72,74,75,76,80,85,100,103" machi="74" ten="30,4000,0" yaku="1,1,0,1,53,1" doraHai="9" doraHaiUra="44" who="3" fromWho="3" sc="250,-10,188,-20,250,-10,292,60" /><INIT seed="2,0,0,2,0,121" ten="240,168,240,352" oya="2" hai0="63,122,74,2,42,56,53,82,9,111,46,71,101" hai1="85,97,75,60,20,47,87,96,98,68,92,13,57" hai2="66,99,105,62,3,133,49,128,8,86,0,44,104" hai3="37,38,6,70,61,73,76,131,107,55,123,100,4"/><V31/><F128/><W103/><G123/><T91/><D122/><U64/><E75/><V117/><F117/><W29/><G73/><T80/><D101/><U58/><E47/><V12/><F133/><W84/><G84/><T24/><D71/><U116/><E116/><V7/><F31/><W81/><G81/><T90/><D24/><U120/><E120/><V26/><F26/><W102/><G76/><T15/><D2/><U89/><E87/><V132/><F132/><W114/><G55/><T22/><D22/><U10/><REACH who="1" step="1"/><E20/><REACH who="1" ten="240,158,240,352" step="2"/><V23/><F86/><W35/><G131/><T30/><D46/><U43/><E43/><V77/><F23/><W48/><G107/><T93/><D42/><U134/><E134/><V129/><F105/><W18/><G35/><T126/><D74/><U11/><E11/><V34/><F34/><W130/><G130/><T95/><D9/><U65/><E65/><V127/><F129/><W78/><G114/><T27/><D126/><U51/><E51/><V36/><F127/><W67/><G48/><T110/><D63/><U112/><E112/><V94/><F104/><W59/><G61/><T79/><D79/><U5/><AGARI ba="0,1" hai="5,10,13,57,58,60,64,68,85,89,92,96,97,98" machi="5" ten="30,2000,0" yaku="1,1,0,1,53,0" doraHai="121" doraHaiUra="32" who="1" fromWho="1" sc="240,-5,158,30,240,-10,352,-5" /><INIT seed="3,0,0,5,3,89" ten="235,188,230,347" oya="3" hai0="126,99,50,109,64,33,112,15,116,106,121,117,53" hai1="81,84,20,68,23,123,125,80,35,91,8,83,79" hai2="100,114,77,108,6,102,74,18,11,30,98,45,58" hai3="105,97,110,44,37,0,43,65,76,87,92,63,69"/><W75/><G105/><T111/><D33/><U22/><E123/><V32/><F114/><W72/><G0/><T2/><D2/><U41/><E68/><V52/><F108/><N who="0" m="41546" /><D15/><U118/><E118/><N who="0" m="45673" /><D106/><U132/><E125/><V55/><F45/><W60/><G110/><T12/><D12/><U66/><E132/><V88/><F55/><W34/><G34/><T14/><D14/><U46/><E66/><V13/><F77/><W4/><G4/><T113/><D99/><U3/><E35/><V25/><F74/><W17/><G17/><T59/><D126/><U122/><E122/><V120/><F120/><W1/><G1/><T29/><D29/><U133/><E133/><V42/><F42/><W49/><G37/><T134/><D121/><U24/><E3/><V107/><F6/><W28/><G28/><T5/><D5/><U82/><E8/><V7/><F7/><W67/><G87/><T95/><D95/><U124/><E124/><V119/><F119/><W48/><G48/><T61/><D134/><U27/><REACH who="1" step="1"/><E79/><REACH who="1" ten="235,178,230,347" step="2"/><V51/><REACH who="2" step="1"/><F107/><REACH who="2" ten="235,178,220,347" step="2"/><W57/><REACH who="3" step="1"/><G76/><REACH who="3" ten="235,178,220,337" step="2"/><T93/><D113/><U115/><E115/><V101/><F101/><AGARI ba="0,3" hai="43,44,49,57,60,63,65,67,69,72,75,92,97,101" machi="101" ten="30,11600,0" yaku="1,1,2,1,7,1,52,1,53,0" doraHai="89" doraHaiUra="128" who="3" fromWho="2" sc="235,0,178,0,220,-116,337,146" /><INIT seed="3,1,0,0,0,99" ten="235,178,104,483" oya="3" hai0="21,114,113,37,35,120,94,104,17,56,2,45,111" hai1="25,24,98,75,102,119,110,83,9,63,118,108,132" hai2="73,60,134,103,42,58,67,34,8,19,28,51,1" hai3="64,50,126,31,62,101,135,33,38,125,4,74,5"/><W30/><G38/><T15/><D104/><N who="1" m="63575" /><E132/><V81/><F134/><W39/><G39/><T23/><D120/><U121/><E121/><V36/><F28/><N who="3" m="10795" /><G74/><T123/><D123/><U10/><E63/><V49/><F34/><W131/><G33/><T117/><D117/><N who="1" m="44555" /><E75/><V40/><F103/><W128/><G50/><T116/><D35/><U97/><E83/><V78/><F19/><W16/><G101/><T71/><D71/><U14/><E97/><V72/><F72/><W109/><G135/><T69/><D69/><U85/><E85/><V0/><F0/><W89/><G89/><T13/><D2/><U88/><E88/><V133/><F133/><W96/><G96/><T112/><D116/><U66/><E66/><V92/><F92/><W11/><G62/><T46/><D94/><U20/><E20/><V52/><F36/><W95/><G64/><T57/><D37/><U86/><E86/><V87/><F73/><W115/><G95/><T55/><D114/><U6/><E10/><V3/><F8/><W32/><G32/><T107/><D107/><U44/><E44/><V26/><F26/><AGARI ba="1,0" hai="6,9,14,24,25,26,108,110" m="44555,63575" machi="26" ten="30,2000,0" yaku="12,1,52,1" doraHai="99" who="1" fromWho="2" sc="235,0,178,23,104,-23,483,0" /><INIT seed="4,0,0,0,3,105" ten="235,201,81,483" oya="0" hai0="40,65,85,71,102,70,45,28,9,94,39,122,43" hai1="88,84,17,25,129,108,8,76,81,72,10,21,44" hai2="91,78,117,134,12,79,69,35,11,47,42,56,110" hai3="115,58,116,51,19,37,64,75,33,54,126,15,135"/><T124/><D122/><U114/><E108/><V50/><F69/><W93/><G37/><T7/><D124/><U14/><E129/><V87/><F110/><W82/><G33/><T104/><D104/><U31/><E114/><V22/><F35/><W132/><G116/><T61/><D28/><U130/><E44/><V60/><F22/><W3/><G3/><T5/><D43/><U34/><REACH who="1" step="1"/><E130/><REACH who="1" ten="235,191,81,483" step="2"/><V123/><F117/><W23/><G115/><T41/><D45/><U38/><E38/><V67/><F123/><W24/><G132/><T92/><D39/><U99/><E99/><V68/><F134/><W62/><G135/><T97/><D71/><U118/><E118/><V113/><F68/><W120/><G120/><T90/><REACH who="0" step="1"/><D5/><REACH who="0" ten="225,191,81,483" step="2"/><U127/><E127/><V53/><F113/><W29/><G126/><T103/><D103/><U59/><E59/><V30/><F42/><W27/><G58/><T125/><D125/><U109/><E109/><V66/><F47/><W63/><G29/><T89/><D89/><U36/><E36/><V111/><F30/><W128/><G128/><T133/><D133/><U49/><E49/><V98/><F50/><W52/><G51/><T48/><D48/><U121/><E121/><V57/><F91/><W26/><G62/><T131/><D131/><U20/><E20/><V46/><F60/><W74/><G63/><T107/><D107/><U2/><E2/><AGARI ba="0,2" hai="2,7,9,40,41,61,65,70,85,90,92,94,97,102" machi="2" ten="30,2900,0" yaku="1,1,7,1,53,0" doraHai="105" doraHaiUra="55" who="0" fromWho="1" sc="225,49,191,-29,81,0,483,0" /><INIT seed="4,1,0,4,4,114" ten="274,162,81,483" oya="0" hai0="98,91,73,101,112,94,120,78,110,45,103,127,51" hai1="90,40,104,76,68,80,46,128,121,18,41,113,97" hai2="131,2,53,59,108,74,37,61,15,54,75,106,29" hai3="119,31,4,16,62,88,50,43,132,87,123,1,58"/><T117/><D120/><U66/><E121/><V72/><F2/><W105/><G123/><T12/><D112/><U6/><E128/><V10/><F108/><W115/><G105/><T99/><D127/><U56/><E68/><V93/><F106/><W48/><G119/><T79/><D110/><U42/><E113/><V122/><F122/><W134/><G31/><T116/><D12/><U36/><E6/><V11/><F37/><W92/><G115/><T89/><D51/><U109/><E109/><V21/><F131/><W38/><G38/><T63/><D63/><U65/><E65/><V0/><F0/><W135/><G43/><T17/><D17/><U126/><E126/><V57/><F93/><W85/><G85/><T5/><D45/><U71/><E71/><V25/><REACH who="2" step="1"/><F15/><REACH who="2" ten="274,162,71,483" step="2"/><W3/><G3/><T23/><D94/><N who="1" m="56535" /><E36/><V39/><F39/><W118/><G1/><T82/><D82/><U130/><E104/><V96/><F96/><W81/><G81/><T47/><D99/><U26/><E130/><V83/><F83/><W28/><G92/><T86/><D98/><U133/><E80/><V19/><F19/><W107/><G16/><T13/><D13/><U14/><E14/><V70/><F70/><W35/><G107/><T49/><D5/><U8/><E18/><V34/><F34/><W84/><G4/><T77/><D73/><U27/><E8/><V52/><F52/><N who="3" m="34119" /><G84/><T100/><D86/><U22/><E66/><V95/><F95/><N who="3" m="54687" /><G35/><T64/><D64/><U20/><E20/><V129/><F129/><W33/><G33/><T32/><D32/><RYUUKYOKU ba="1,1" sc="274,-10,162,-10,71,30,483,-10" hai2="10,11,21,25,29,53,54,57,59,61,72,74,75" /><INIT seed="5,2,1,5,5,104" ten="264,152,101,473" oya="1" hai0="134,41,15,114,25,24,73,70,132,101,46,129,2" hai1="69,127,33,126,123,93,0,9,125,90,23,79,10" hai2="110,67,18,14,83,29,118,131,58,38,37,98,35" hai3="119,71,135,108,56,45,11,32,54,100,44,5,91"/><U120/><E69/><V92/><F110/><W30/><G71/><T87/><D2/><U89/><E33/><V49/><F118/><W85/><G108/><T27/><D70/><U64/><E64/><V111/><F111/><W112/><G100/><T96/><D114/><U107/><E107/><V40/><F131/><W16/><G30/><T130/><D87/><N who="1" m="52415" /><E79/><V109/><F109/><W22/><G32/><T66/><D66/><U26/><E90/><V60/><F83/><W3/><G135/><N who="0" m="51755" /><D73/><U74/><E74/><V76/><F76/><W78/><G78/><T52/><D15/><U61/><E61/><V88/><F29/><W53/><G112/><T105/><D52/><N who="3" m="20073" /><G3/><T13/><D13/><U34/><E34/><V99/><F35/><W20/><G91/><T75/><D75/><U103/><E103/><V121/><F121/><N who="1" m="46665" /><E0/><V72/><F72/><W115/><G115/><T1/><D1/><U55/><E55/><V68/><F68/><W4/><G56/><T51/><AGARI ba="2,1" hai="24,25,27,41,46,51,96,101,105,129,130" m="51755" machi="51" ten="40,1500,0" yaku="20,1" doraHai="104" who="0" fromWho="0" sc="264,31,152,-9,101,-6,473,-6" /><INIT seed="6,0,0,3,0,4" ten="295,143,95,467" oya="2" hai0="21,44,69,51,47,109,96,94,14,106,101,60,71" hai1="39,86,117,118,120,84,53,121,41,135,34,82,40" hai2="93,126,24,31,111,50,8,122,3,23,123,127,19" hai3="5,7,48,78,62,134,58,76,43,26,85,79,115"/><V2/><F93/><W70/><G70/><T103/><D109/><U89/><E34/><V128/><F111/><W36/><G36/><T119/><D119/><N who="1" m="45579" /><E39/><V99/><F99/><W98/><G134/><T105/><D94/><N who="1" m="54567" /><E53/><V81/><F81/><W22/><G115/><T29/><D60/><U75/><E75/><V52/><F128/><W113/><G85/><T27/><D14/><U74/><E74/><V124/><F2/><W0/><G0/><T11/><D11/><U107/><E135/><V33/><F50/><W6/><G113/><T104/><D47/><U90/><E107/><V35/><F52/><N who="3" m="34119" /><G98/><T108/><D108/><U63/><E63/><V1/><F1/><W87/><G87/><T73/><D73/><U68/><E68/><V88/><F88/><W55/><G43/><T102/><D96/><U65/><E65/><V25/><F35/><W12/><G12/><T18/><D29/><U95/><E82/><V125/><N who="2" m="31744" /><DORA hai="66" /><V42/><F42/><W61/><G61/><T16/><REACH who="0" step="1"/><D18/><REACH who="0" ten="285,143,95,467" step="2"/><U10/><E10/><V112/><F112/><W72/><G72/><T133/><D133/><U57/><E57/><V100/><F100/><W13/><G13/><T46/><D46/><U38/><E38/><V54/><F54/><AGARI ba="0,1" hai="16,21,27,44,51,54,69,71,101,102,103,104,105,106" machi="54" ten="50,8000,1" yaku="1,1,52,2,54,1,53,0" doraHai="4,66" doraHaiUra="130,32" who="0" fromWho="2" sc="285,90,143,0,95,-80,467,0" /><INIT seed="7,0,0,2,5,40" ten="375,143,15,467" oya="3" hai0="57,97,111,65,103,42,96,26,41,21,134,87,35" hai1="6,91,29,55,90,31,110,92,19,130,98,116,1" hai2="125,75,123,0,76,24,105,73,128,43,37,52,30" hai3="9,131,69,11,121,79,95,133,10,104,99,115,39"/><W59/><G69/><T74/><D111/><U17/><E110/><V64/><F52/><W3/><G121/><T7/><D74/><U62/><E130/><V28/><F28/><N who="1" m="10825" /><E1/><V2/><F123/><W117/><G117/><T129/><D35/><U72/><E72/><V107/><F128/><W89/><G133/><T60/><D134/><U71/><E71/><V54/><F54/><W15/><G39/><T100/><D7/><U84/><E6/><V4/><F125/><W94/><G3/><T45/><D129/><U106/><E106/><V126/><F64/><W81/><G104/><T108/><D87/><U32/><E32/><V122/><F122/><W23/><G115/><T18/><D108/><U127/><E116/><V47/><F126/><W120/><G59/><T33/><D33/><U27/><E27/><V56/><F56/><W67/><G67/><T34/><D34/><U102/><E102/><V86/><F86/><W77/><G15/><T124/><D124/><U88/><E127/><V20/><F75/><W44/><G99/><T12/><D26/><U112/><E112/><V118/><F2/><W14/><G14/><T38/><REACH who="0" step="1"/><D42/><REACH who="0" ten="365,143,15,467" step="2"/><U53/><E84/><V46/><F118/><W51/><G131/><T48/><D48/><U82/><E62/><V113/><F113/><W119/><G51/><T8/><D8/><U135/><E55/><V36/><F36/><W5/><G10/><T85/><D85/><U70/><E53/><V114/><F114/><W61/><G9/><T66/><D66/><U22/><E135/><V83/><F37/><W25/><G120/><RYUUKYOKU ba="0,1" sc="365,30,143,-10,15,-10,467,-10" hai0="12,18,21,38,41,45,57,60,65,96,97,100,103" owari="395,20.0,133,-27.0,5,-49.0,467,56.0" /></mjloggm>