<mjloggm ver="2.3"><GO type="169" lobby="0"/><UN n0="%70%72%6F%6E%61%72%69" n1="%E7%84%A1%E7%AD%8B%E9%96%8B%E6%8B%93%E3%83%9E%E3%82%B7%E3%83%BC%E3%83%B3" n2="%E3%83%89%E3%82%B8%E3%83%A3%E3%83%BC%E3%82%B9" n3="%E6%97%A5%E9%99%B0%E3%81%95%E3%82%93" dan="16,16,17,16" rate="2086.90,2082.36,2209.96,2086.23" sx="M,M,M,F"/><TAIKYOKU oya="0"/><INIT seed="0,0,0,0,5,91" ten="250,250,250,250" oya="0" hai0="62,72,119,37,8,107,124,7,13,102,32,51,125" hai1="104,60,110,67,28,24,108,121,127,15,55,26,80" hai2="38,22,54,105,43,82,76,30,78,5,122,50,41" hai3="25,12,131,57,132,130,74,73,11,93,0,71,69"/><T53/><D37/><U84/><E121/><V123/><F78/><W59/><G0/><T114/><D114/><U85/><E104/><V88/><F105/><W9/><G12/><T135/><D119/><U39/><E39/><V95/><F5/><W48/><G48/><T118/><D118/><U86/><E127/><V94/><F38/><W79/><G79/><T21/><D32/><U115/><E115/><V96/><F122/><W133/><REACH who="3" step="1"/><G25/><REACH who="3" ten="250,250,250,240" step="2"/><T90/><D125/><U14/><E24/><N who="2" m="16663" /><F123/><W63/><G63/><T46/><D62/><U89/><E14/><V66/><F66/><W83/><G83/><T75/><D124/><U98/><E15/><V52/><F76/><W101/><G101/><T47/><D102/><U29/><E26/><V40/><F50/><W4/><G4/><T23/><D13/><U77/><E67/><V109/><F109/><W116/><G116/><T36/><D51/><U113/><E113/><V64/><F64/><W44/><G44/><T112/><D46/><U61/><E61/><V126/><F126/><W92/><AGARI ba="0,1" hai="9,11,57,59,69,71,73,74,92,93,130,131,132,133" machi="92" ten="25,12000,2" yaku="1,1,0,1,22,2,52,2,53,0" doraHai="91" doraHaiUra="16" who="3" fromWho="3" sc="250,-60,250,-30,250,-30,240,130" /><INIT seed="1,0,0,2,0,30" ten="190,220,220,370" oya="1" hai0="113,15,101,46,38,97,58,42,40,100,128,13,87" hai1="110,53,107,78,85,43,8,121,91,62,6,111,72" hai2="125,19,29,17,55,81,44,41,21,123,95,92,39" hai3="63,16,105,27,102,23,130,22,109,116,20,103,135"/><U108/><E121/><V9/><F123/><W64/><G109/><T127/><D113/><U37/><E107/><V71/><F125/><W24/><G135/><T33/><D127/><U126/><E126/><V0/><F71/><W112/><G112/><T7/><D128/><U48/><E78/><V69/><F69/><W36/><G36/><T75/><D75/><U70/><E72/><V106/><F106/><W67/><G130/><T118/><D42/><U124/><E124/><V115/><F81/><W84/><G116/><T3/><D87/><U90/><E70/><V2/><F2/><W94/><G105/><T54/><D3/><U104/><E104/><V131/><F131/><W32/><G32/><T59/><D59/><U80/><E62/><V50/><F29/><W77/><G23/><T51/><D33/><U98/><E43/><V134/><F134/><W45/><G45/><T49/><D38/><U60/><E60/><V93/><F93/><W18/><G64/><T56/><D56/><N who="1" m="32807" /><E37/><V47/><F0/><W73/><G73/><T35/><D35/><U12/><E91/><V117/><F117/><W83/><G94/><T34/><D40/><U89/><E89/><V57/><F57/><AGARI ba="0,0" hai="16,18,20,22,24,27,57,63,67,77,83,84,102,103" machi="57" ten="30,7700,0" yaku="7,1,9,1,8,1,54,1" doraHai="30" who="3" fromWho="2" sc="190,0,220,0,220,-77,370,77" /><INIT seed="2,0,0,3,1,50" ten="190,220,143,447" oya="2" hai0="121,123,24,96,15,74,135,93,107,47,11,3,79" hai1="55,73,9,40,41,69,57,4,62,130,23,100,113" hai2="16,80,106,72,2,34,95,56,124,132,37,60,98" hai3="108,70,115,71,83,21,134,119,67,65,92,61,25"/><V131/><F106/><W75/><G108/><T19/><D135/><U86/><E130/><V114/><F114/><W81/><G134/><T39/><D107/><U12/><E73/><V122/><F122/><W48/><G119/><T36/><D24/><U14/><E113/><V33/><F132/><W10/><G10/><T35/><D35/><U118/><E118/><V120/><F2/><W51/><G92/><T30/><D30/><U8/><E23/><V76/><F120/><W91/><G91/><T59/><D3/><U117/><E117/><V66/><F37/><W84/><G75/><T94/><D94/><U43/><E69/><V1/><F1/><W26/><G84/><T109/><D39/><U63/><E100/><V89/><F131/><W103/><G103/><T54/><D109/><U5/><REACH who="1" step="1"/><E86/><REACH who="1" ten="190,210,143,447" step="2"/><V6/><F124/><W27/><G21/><T101/><D74/><U0/><E0/><V46/><F34/><W22/><G22/><T85/><D85/><U82/><E82/><V99/><F33/><W90/><G83/><T110/><D110/><U126/><E126/><V111/><F111/><W32/><G32/><T13/><D123/><U116/><E116/><V52/><F98/><W77/><G115/><T58/><D121/><U28/><E28/><V129/><F129/><W128/><G70/><T102/><D96/><U88/><E88/><V64/><F89/><W17/><G90/><T127/><D102/><U7/><E7/><V133/><F72/><W44/><G71/><T18/><D127/><U45/><E45/><V105/><F133/><W87/><G128/><RYUUKYOKU ba="0,1" sc="190,-10,210,30,143,-10,447,-10" hai1="4,5,8,9,12,14,40,41,43,55,57,62,63" /><INIT seed="3,1,1,3,5,87" ten="180,240,133,437" oya="3" hai0="101,106,20,45,107,13,56,84,41,94,39,135,131" hai1="16,108,64,61,15,46,89,66,70,52,25,125,59" hai2="6,133,115,62,65,104,5,31,18,78,81,58,97" hai3="75,122,42,93,99,51,3,8,14,19,118,95,1"/><W110/><G118/><T9/><D131/><U79/><E108/><V73/><F115/><W109/><G75/><T117/><D117/><U57/><E125/><V23/><F133/><W128/><G122/><T7/><D135/><U26/><E79/><V98/><F31/><W82/><G128/><T0/><D56/><U47/><E70/><V126/><F126/><W92/><G82/><T85/><D85/><U121/><E121/><V102/><REACH who="2" step="1"/><F97/><REACH who="2" ten="180,240,123,437" step="2"/><W88/><G109/><T10/><D107/><U69/><E69/><V67/><F67/><W33/><G110/><T29/><D106/><U17/><E66/><V100/><F100/><W113/><G113/><T134/><D101/><U96/><E46/><V111/><F111/><W80/><G99/><T63/><D29/><U27/><E47/><V90/><F90/><W105/><G88/><T124/><D45/><U40/><E40/><V28/><F28/><W71/><G42/><T76/><D41/><U12/><E17/><V120/><F120/><W43/><G105/><T74/><D124/><U32/><E32/><V53/><F53/><W24/><G71/><T4/><D134/><U132/><E132/><V36/><F36/><W103/><G103/><T123/><D39/><U35/><E35/><V54/><F54/><W116/><G116/><T38/><D38/><U48/><REACH who="1" step="1"/><E16/><REACH who="1" ten="180,230,123,437" step="2"/><V34/><F34/><W112/><G33/><T119/><D123/><U86/><E86/><V11/><F11/><W30/><G8/><T127/><D9/><U2/><E2/><V77/><F77/><W50/><G1/><T55/><D0/><RYUUKYOKU ba="1,3" sc="180,-15,230,15,123,15,437,-15" hai1="12,15,25,26,27,48,52,57,59,61,64,89,96" hai2="5,6,18,23,58,62,65,73,78,81,98,102,104" /><INIT seed="4,2,3,5,2,2" ten="165,245,138,422" oya="0" hai0="95,78,14,89,37,98,39,96,67,87,113,127,7" hai1="61,97,13,103,114,62,126,17,74,54,53,50,15" hai2="69,88,25,130,31,26,40,90,79,70,118,99,124" hai3="35,100,105,80,128,48,73,43,85,5,92,77,21"/><T30/><D113/><U71/><E74/><V68/><F130/><W101/><G35/><T111/><D127/><U122/><E122/><V125/><F79/><W94/><G128/><T91/><D111/><U38/><E38/><V84/><F118/><W123/><G105/><T32/><D67/><U129/><E129/><V55/><F40/><W46/><G123/><T119/><D119/><U107/><E126/><N who="2" m="48747" /><F55/><W75/><G21/><T51/><D78/><U22/><E114/><V121/><F121/><W134/><G134/><T45/><D30/><U12/><E71/><V76/><F99/><W110/><G110/><T82/><D32/><U10/><E53/><V131/><F131/><W9/><G75/><T63/><D63/><U117/><E117/><V72/><F72/><W19/><G19/><T29/><D29/><U23/><E23/><N who="2" m="15807" /><F26/><W108/><G108/><T11/><REACH who="0" step="1"/><D96/><REACH who="0" ten="155,245,138,422" step="2"/><U133/><E97/><V44/><F76/><W93/><G73/><T8/><D8/><U60/><E10/><V57/><F84/><W42/><G42/><AGARI ba="2,4" hai="7,11,14,37,39,42,45,51,82,87,89,91,95,98" machi="42" ten="30,11600,0" yaku="1,1,7,1,52,1,53,1" doraHai="2" doraHaiUra="41" who="0" fromWho="3" sc="155,162,245,0,138,0,422,-122" /><INIT seed="4,3,0,5,5,58" ten="317,245,138,300" oya="0" hai0="62,21,7,4,76,71,116,75,12,41,36,1,26" hai1="5,9,29,3,50,61,38,48,60,104,92,74,56" hai2="67,40,37,102,117,59,109,19,82,118,70,134,2" hai3="101,73,106,65,63,127,54,121,80,17,55,125,46"/><T133/><D116/><N who="2" m="44650" /><F19/><W110/><G121/><T53/><D1/><U6/><E104/><V45/><F82/><W23/><G110/><T10/><D133/><U47/><E74/><V30/><F102/><W44/><G101/><T90/><D75/><U123/><E123/><V124/><F30/><W52/><G106/><T94/><D76/><U31/><E38/><V100/><F100/><W32/><G32/><T24/><D7/><N who="1" m="2571" /><E9/><V39/><F2/><W135/><G135/><T43/><D36/><U72/><E72/><V14/><F14/><W126/><G80/><T129/><D129/><U77/><E77/><V0/><F0/><W122/><G73/><T112/><D112/><U119/><E119/><V13/><F13/><N who="3" m="9647" /><G122/><T91/><D91/><U96/><E3/><V57/><F134/><W22/><G22/><T120/><D120/><U27/><E27/><V34/><F34/><W42/><G42/><T87/><D71/><AGARI ba="3,0" hai="44,46,52,54,55,63,65,71,125,126,127" m="9647" machi="71" ten="40,5200,0" yaku="18,1,52,1,54,1" doraHai="58" who="3" fromWho="0" sc="317,-61,245,0,138,0,300,61" /><INIT seed="5,0,0,3,4,27" ten="256,245,138,361" oya="1" hai0="4,19,25,77,93,94,91,121,58,12,18,37,112" hai1="35,47,59,30,104,126,86,26,114,128,107,49,31" hai2="100,7,53,20,56,99,95,67,43,6,134,129,133" hai3="74,80,69,0,21,28,60,83,15,68,108,1,44"/><U82/><E114/><V23/><F129/><W14/><G108/><T8/><D37/><U41/><E128/><V61/><F43/><W119/><G21/><T50/><D112/><U105/><E126/><V11/><F7/><W123/><G60/><T71/><D71/><U96/><E96/><V2/><REACH who="2" step="1"/><F53/><REACH who="2" ten="256,245,128,361" step="2"/><W92/><G119/><T120/><D4/><U33/><E59/><V109/><F109/><W110/><G68/><T51/><D58/><U34/><REACH who="1" step="1"/><E26/><REACH who="1" ten="256,235,128,361" step="2"/><V65/><F65/><W125/><G69/><T130/><D25/><U42/><E42/><V78/><F78/><AGARI ba="0,2" hai="30,31,33,34,35,41,47,49,78,82,86,104,105,107" machi="78" ten="50,9600,0" yaku="1,1,52,2,53,0" doraHai="27" doraHaiUra="124" who="1" fromWho="2" sc="256,0,235,116,128,-96,361,0" /><INIT seed="5,1,0,0,0,131" ten="256,351,32,361" oya="1" hai0="123,3,119,115,11,40,42,126,43,132,97,83,121" hai1="28,73,72,8,39,92,91,71,76,59,48,58,133" hai2="113,24,41,89,46,12,29,104,111,88,9,30,109" hai3="50,77,54,78,62,31,49,94,15,37,7,5,32"/><U90/><E71/><V128/><F104/><W129/><G37/><T108/><D108/><U20/><E39/><V2/><F128/><W25/><G129/><T22/><D119/><U64/><E8/><V100/><F2/><W18/><G62/><T10/><D115/><U16/><E28/><V68/><F68/><W74/><G50/><T120/><D126/><U27/><E76/><V33/><F30/><W55/><G55/><T93/><D132/><U14/><E133/><V60/><F60/><W4/><G94/><T85/><D22/><U0/><E0/><V127/><F127/><W44/><REACH who="3" step="1"/><G74/><REACH who="3" ten="256,351,32,351" step="2"/><T95/><D95/><U36/><E36/><V86/><F100/><W75/><G75/><T26/><D93/><U81/><E73/><V112/><F111/><W34/><G34/><T35/><D120/><U52/><E72/><V38/><F109/><W135/><G135/><T56/><D121/><U84/><E92/><V79/><F112/><W116/><G116/><T98/><D35/><U1/><E1/><V87/><F113/><W17/><G17/><T69/><D123/><U65/><E91/><V96/><F89/><W45/><G45/><T122/><D40/><U70/><E70/><V106/><F106/><W63/><G63/><T53/><D69/><U66/><REACH who="1" step="1"/><E59/><REACH who="1" ten="256,341,32,351" step="2"/><V51/><F38/><W80/><G80/><T21/><D83/><U114/><E114/><V47/><F88/><W23/><AGARI ba="1,2" hai="4,5,7,15,18,23,25,31,32,44,49,54,77,78" machi="23" ten="30,2000,0" yaku="1,1,0,1,53,0" doraHai="131" doraHaiUra="107" who="3" fromWho="3" sc="256,-6,341,-11,32,-6,351,43" /><INIT seed="6,0,0,3,3,14" ten="250,330,26,394" oya="2" hai0="68,5,99,43,23,64,112,42,71,80,121,74,113" hai1="124,134,130,98,67,24,27,91,87,86,122,118,8" hai2="39,12,83,54,117,125,104,66,100,72,65,103,37" hai3="76,92,44,119,60,4,41,17,36,29,15,127,1"/><V135/><F117/><W84/><G119/><T49/><D121/><U18/><E118/><V69/><F135/><W30/><G127/><T90/><D5/><U25/><E134/><V128/><F125/><W116/><G116/><T110/><D110/><U13/><E124/><V81/><F128/><W126/><G1/><T48/><D99/><U16/><E130/><V58/><F104/><W94/><G4/><T35/><D35/><U114/><E114/><V57/><F12/><W6/><G6/><T108/><D108/><U9/><E67/><V7/><F7/><W61/><G94/><T2/><D2/><U32/><E32/><V106/><F54/><W20/><G126/><T109/><D109/><U93/><E122/><V45/><F45/><W115/><G115/><T96/><D74/><U55/><E55/><V50/><F50/><W38/><G38/><T97/><D80/><U73/><E73/><V111/><F72/><W46/><G46/><T3/><D3/><U10/><E13/><V78/><F111/><W40/><G40/><T70/><D70/><U102/><REACH who="1" step="1"/><E86/><REACH who="1" ten="250,320,26,394" step="2"/><V75/><F75/><W77/><G84/><T131/><D64/><U132/><E132/><V47/><F47/><W123/><G44/><T105/><D131/><U34/><E34/><V31/><F69/><W89/><G15/><T56/><D113/><U62/><E62/><V107/><REACH who="2" step="1"/><F31/><REACH who="2" ten="250,320,16,394" step="2"/><W95/><G29/><T11/><D71/><U79/><E79/><AGARI ba="0,2" hai="37,39,57,58,65,66,78,79,81,83,100,103,106,107" machi="79" ten="25,9600,0" yaku="1,1,2,1,22,2,53,0" doraHai="14" doraHaiUra="51" who="2" fromWho="1" sc="250,0,320,-96,16,116,394,0" /><INIT seed="6,1,0,4,5,27" ten="250,224,132,394" oya="2" hai0="124,42,132,96,47,55,105,129,43,74,112,66,108" hai1="94,2,58,70,95,133,22,29,31,1,5,12,60" hai2="72,24,125,16,79,44,114,89,65,131,98,122,13" hai3="51,32,86,48,8,49,19,37,128,21,85,100,35"/><V25/><F122/><W77/><G37/><T0/><D96/><U71/><E71/><V54/><F114/><W53/><G100/><T90/><D90/><U34/><E34/><V36/><F131/><W20/><G53/><T113/><D66/><U7/><E70/><V28/><F125/><W39/><G39/><T88/><D88/><U15/><E133/><V68/><F72/><W120/><G128/><T45/><D55/><U62/><E22/><N who="2" m="15415" /><F68/><W76/><G49/><T18/><D74/><U17/><E17/><V91/><F36/><W75/><G75/><T23/><D23/><U3/><E3/><V92/><F24/><W4/><G19/><T130/><D18/><U57/><AGARI ba="1,0" hai="1,2,5,7,12,15,29,31,57,58,60,62,94,95" machi="57" ten="25,8000,1" yaku="0,1,22,2,52,2" doraHai="27" who="1" fromWho="1" sc="250,-21,224,83,132,-41,394,-21" /><INIT seed="7,0,0,1,1,75" ten="229,307,91,373" oya="3" hai0="71,107,24,30,89,129,106,78,13,54,65,73,1" hai1="55,44,8,45,15,33,2,102,80,11,84,109,31" hai2="23,132,100,17,27,28,128,53,77,62,19,37,72" hai3="91,116,127,42,131,16,110,46,20,92,36,4,87"/><W49/><G116/><T5/><D129/><U94/><E109/><V76/><F37/><W18/><G127/><T130/><D130/><U22/><E2/><V59/><F128/><W88/><G131/><T85/><D1/><U121/><E121/><V63/><F132/><W135/><G135/><T68/><D73/><U133/><E33/><V51/><F72/><W90/><G110/><T134/><D54/><U98/><E133/><V118/><F118/><W105/><G105/><T120/><D120/><U93/><E93/><V50/><F100/><W70/><G70/><T95/><D71/><U126/><E126/><V56/><F28/><W97/><G4/><T25/><D25/><U79/><E44/><V48/><F19/><N who="3" m="7211" /><G36/><T104/><D68/><U69/><E69/><V43/><F43/><W21/><G87/><T111/><D111/><U117/><E117/><V113/><F113/><W34/><G34/><T57/><D65/><U119/><E119/><V108/><F108/><W67/><G67/><T101/><D101/><AGARI ba="0,0" hai="20,21,42,46,49,88,90,91,92,97,101" m="7211" machi="101" ten="30,5800,0" yaku="8,1,54,2" doraHai="75" who="3" fromWho="0" sc="229,-58,307,0,91,0,373,58" owari="171,-23.0,307,11.0,91,-41.0,431,53.0" /></mjloggm>