<mjloggm ver="2.3"><GO type="169" lobby="0"/><UN n0="%E3%81%84%E3%81%A1" n1="%2D%E8%B1%8A%E5%8F%A3%E3%82%81%E3%81%90%E3%81%BF%2D" n2="%E7%81%AB%E9%9C%8A%E5%A4%A2" n3="%E6%BB%9D%E6%9C%AC%E3%81%B2%E3%81%B5%E3%81%BF%EF%BC%81" dan="16,17,17,17" rate="2067.40,2258.01,2270.35,2164.37" sx="M,F,M,M"/><TAIKYOKU oya="0"/><INIT seed="0,0,0,0,1,38" ten="250,250,250,250" oya="0" hai0="120,118,96,116,60,20,132,94,87,10,68,15,117" hai1="25,104,32,69,8,112,1,72,124,85,19,58,14" hai2="36,77,102,31,67,98,129,89,26,119,75,17,121" hai3="54,111,42,135,40,13,62,131,134,6,103,66,53"/><T12/><D120/><U11/><E69/><V90/><F121/><W106/><G111/><T59/><D68/><U92/><E72/><V55/><F129/><W34/><G34/><T29/><D132/><N who="3" m="50729" /><G131/><T41/><D41/><N who="3" m="15977" /><G106/><T84/><D20/><U64/><E104/><V97/><F36/><W48/><G103/><T101/><D29/><U51/><E124/><V107/><F102/><W126/><G126/><T115/><D115/><U43/><E1/><V86/><F107/><W49/><G13/><T30/><D30/><U114/><E25/><V79/><F26/><W33/><G6/><T128/><D128/><U52/><E32/><V57/><F31/><W78/><G78/><T18/><REACH who="0" step="1"/><D12/><REACH who="0" ten="240,250,250,250" step="2"/><U61/><E43/><V3/><F3/><W2/><G2/><T95/><D95/><U39/><E39/><V9/><F119/><W76/><G33/><T127/><D127/><U47/><E11/><V4/><F9/><W71/><G76/><T82/><D82/><U5/><E114/><V65/><F79/><W91/><G91/><T80/><D80/><U24/><E112/><V130/><F90/><W110/><G110/><T73/><D73/><U93/><E24/><V21/><F89/><W45/><G45/><T81/><D81/><U23/><E23/><V83/><F83/><W46/><G46/><T37/><D37/><U133/><E133/><V35/><F77/><W0/><G0/><T50/><D50/><AGARI ba="0,1" hai="48,49,50,53,54,62,66,71" m="15977,50729" machi="50" ten="30,12000,2" yaku="20,1,34,2,52,3" doraHai="38" who="3" fromWho="0" sc="240,-120,250,0,250,0,250,130" /><INIT seed="1,0,0,4,1,61" ten="120,250,250,380" oya="1" hai0="69,85,87,65,96,21,30,20,79,114,42,76,123" hai1="19,27,43,25,108,1,80,104,18,53,15,67,63" hai2="12,70,127,9,110,112,97,121,109,58,126,102,34" hai3="55,0,7,71,5,39,122,8,124,35,128,92,10"/><U45/><E1/><V117/><F70/><W52/><G122/><T48/><D114/><U81/><E104/><V68/><F121/><W134/><G124/><N who="2" m="47657" /><F68/><W90/><G128/><T50/><D123/><U26/><E53/><V41/><F34/><W40/><G35/><T13/><D96/><U120/><E120/><V4/><F117/><W78/><G78/><T17/><D69/><U111/><E45/><V105/><F112/><W56/><G71/><T118/><D118/><U54/><E54/><V89/><F41/><W36/><G40/><T75/><D75/><U95/><E43/><V57/><F89/><W119/><G55/><T37/><D37/><U103/><E103/><V3/><F3/><W88/><G90/><T73/><D73/><U74/><E95/><V132/><F132/><W6/><G134/><T59/><D42/><U125/><E125/><V11/><F11/><W16/><G119/><T133/><D133/><U131/><E131/><V116/><F116/><W113/><G113/><T2/><D2/><U32/><E32/><V29/><F29/><W91/><G91/><T107/><D107/><U72/><E63/><V84/><F84/><N who="0" m="32330" /><D48/><U130/><E130/><V38/><F38/><W100/><G100/><T62/><D50/><U106/><E106/><V115/><F115/><W22/><G0/><T28/><D28/><U86/><E86/><V94/><F105/><W49/><G36/><T93/><D93/><U64/><E27/><AGARI ba="0,0" hai="13,17,20,21,27,30,59,62,65,76,79" m="32330" machi="27" ten="30,2000,0" yaku="8,1,52,1" doraHai="61" who="0" fromWho="1" sc="120,20,250,-20,250,0,380,0" /><INIT seed="2,0,0,3,4,63" ten="140,230,250,380" oya="2" hai0="18,115,116,109,56,74,42,53,126,57,13,128,60" hai1="112,67,20,65,4,46,106,132,124,87,120,103,122" hai2="27,26,34,98,105,10,75,1,0,30,94,6,95" hai3="133,19,107,131,93,86,97,111,36,80,89,45,101"/><V21/><F105/><W40/><G111/><T49/><D115/><U66/><E112/><V91/><F75/><W32/><G131/><T23/><D109/><U8/><E132/><V129/><F129/><W90/><G133/><T117/><D128/><U12/><E124/><V121/><F121/><N who="1" m="46697" /><E87/><V81/><F81/><W68/><G68/><T72/><D126/><U54/><E20/><V48/><F48/><W83/><G32/><T14/><D42/><U88/><E88/><V16/><REACH who="2" step="1"/><F94/><REACH who="2" ten="140,230,240,380" step="2"/><W113/><G113/><T31/><D74/><U52/><E46/><V96/><F96/><AGARI ba="0,1" hai="4,8,12,52,54,65,66,67,96,103,106" m="46697" machi="96" ten="30,8000,1" yaku="13,1,52,3,54,1" doraHai="63" who="1" fromWho="2" sc="140,0,230,90,240,-80,380,0" /><INIT seed="3,0,0,4,3,114" ten="140,320,160,380" oya="3" hai0="135,5,84,129,124,106,32,43,77,85,53,63,60" hai1="50,72,117,69,112,23,1,96,131,68,79,107,80" hai2="105,67,73,62,104,111,113,39,13,44,21,27,116" hai3="92,37,25,64,86,122,6,8,10,95,98,52,93"/><W48/><G37/><T71/><D106/><U42/><E112/><V118/><F113/><W47/><G122/><T29/><D43/><U121/><E121/><V70/><F73/><W110/><G110/><T66/><D5/><U33/><E33/><V133/><F111/><W75/><G75/><T14/><D14/><U28/><E1/><V120/><F120/><W119/><G119/><T0/><D0/><U31/><E131/><V61/><F13/><W82/><G64/><T115/><D115/><U41/><E41/><V54/><F133/><W108/><G108/><T128/><D135/><U90/><E28/><V109/><F109/><W34/><G98/><T19/><D19/><U20/><E20/><V7/><F7/><W2/><G8/><T74/><D124/><U35/><E35/><V40/><F62/><W65/><G65/><T46/><D74/><U24/><E117/><V78/><F78/><W45/><G45/><T58/><D46/><U57/><E42/><V125/><F125/><W103/><G103/><T36/><D36/><U123/><E123/><V88/><F54/><W55/><G55/><T51/><D63/><U101/><E90/><V99/><F105/><W102/><G102/><T22/><D32/><U97/><E97/><V9/><F9/><W89/><G34/><T94/><D77/><U3/><E3/><V132/><F132/><W134/><G134/><T81/><D85/><U127/><E127/><V38/><F38/><W100/><G100/><T56/><D71/><U87/><E72/><V126/><F126/><W18/><G18/><T49/><D128/><RYUUKYOKU ba="0,0" sc="140,-15,320,15,160,-15,380,15" hai1="23,24,31,50,57,68,69,79,80,87,96,101,107" hai3="2,6,10,25,47,48,52,82,86,89,92,93,95" /><INIT seed="3,1,0,4,5,8" ten="125,335,145,395" oya="3" hai0="94,64,43,88,53,21,9,3,82,26,102,65,7" hai1="11,15,55,101,57,123,23,132,58,16,80,17,62" hai2="70,96,77,10,114,119,32,42,73,68,106,36,14" hai3="47,87,72,90,13,124,39,129,130,81,112,29,1"/><W92/><G1/><T128/><D128/><N who="3" m="49257" /><G112/><T4/><D43/><U84/><E123/><V85/><F114/><W104/><G29/><T34/><D34/><U110/><E110/><V83/><F32/><W120/><G104/><T121/><D121/><U28/><E132/><V60/><F119/><W89/><G124/><T51/><D4/><U50/><E101/><V24/><F24/><W74/><G13/><T61/><D82/><U44/><E28/><V105/><F73/><N who="3" m="28267" /><G47/><T131/><D102/><U22/><E17/><V45/><F96/><N who="3" m="57359" /><G39/><T69/><D131/><U97/><E97/><V41/><F41/><W134/><G120/><T117/><D117/><U107/><E107/><V91/><F91/><W0/><G0/><T115/><D115/><U37/><E37/><V49/><F36/><W122/><G122/><T127/><D127/><U118/><E118/><V59/><F106/><W79/><G90/><T56/><D65/><N who="1" m="39119" /><E44/><V67/><REACH who="2" step="1"/><F105/><REACH who="2" ten="125,335,135,395" step="2"/><W103/><G103/><T33/><D33/><U86/><E86/><V71/><F71/><W18/><G18/><AGARI ba="1,1" hai="10,14,18,42,45,49,59,60,67,68,70,77,83,85" machi="18" ten="30,7700,0" yaku="1,1,7,1,52,1,53,1" doraHai="8" doraHaiUra="63" who="2" fromWho="3" sc="125,0,335,0,135,90,395,-80" /><INIT seed="4,0,0,1,2,56" ten="125,335,225,315" oya="0" hai0="99,44,98,133,36,51,28,90,3,42,11,124,87" hai1="107,58,47,46,106,96,2,72,49,30,1,80,83" hai2="86,37,60,114,50,77,24,14,70,68,91,16,53" hai3="79,78,5,75,31,131,66,94,48,105,41,17,89"/><T25/><D133/><U108/><E108/><V23/><F114/><W57/><G105/><T12/><D124/><U71/><E71/><V67/><F37/><W9/><G131/><T93/><D3/><U95/><E30/><V4/><F77/><W125/><G125/><T39/><D36/><U33/><E33/><V61/><F4/><W135/><G75/><T34/><REACH who="0" step="1"/><D39/><REACH who="0" ten="115,335,225,315" step="2"/><U43/><E1/><V15/><F68/><W128/><G135/><T112/><D112/><U85/><E2/><V134/><F134/><W111/><G128/><T0/><D0/><U38/><E38/><V64/><F70/><W92/><G111/><T63/><D63/><N who="2" m="24138" /><F64/><W54/><G66/><T69/><D69/><U102/><E49/><V52/><F67/><W82/><G48/><T97/><D97/><U117/><E96/><V8/><F50/><W132/><G132/><T116/><D116/><U32/><E117/><V18/><F14/><W129/><G129/><T40/><D40/><U120/><E43/><V21/><F8/><W13/><G41/><T119/><D119/><U118/><E118/><V81/><AGARI ba="0,1" hai="15,16,18,21,23,24,52,53,81,86,91" m="24138" machi="81" ten="30,12000,2" yaku="8,1,52,3,54,2" doraHai="56" who="2" fromWho="2" sc="115,-60,335,-30,225,130,315,-30" /><INIT seed="5,0,0,5,3,66" ten="55,305,355,285" oya="1" hai0="123,27,20,68,52,14,69,22,2,125,54,10,26" hai1="80,47,107,127,95,42,30,79,78,93,59,12,13" hai2="28,126,33,131,8,29,115,113,103,97,91,18,58" hai3="4,88,73,129,109,57,64,41,82,92,31,104,74"/><U32/><E107/><V53/><F33/><W98/><G109/><T21/><D2/><U40/><E127/><V35/><F35/><W112/><G112/><N who="2" m="43081" /><F126/><W124/><G124/><T16/><D125/><U1/><E1/><V128/><F91/><W85/><G129/><N who="2" m="49737" /><F8/><W83/><G41/><T122/><D27/><U121/><E121/><N who="0" m="46089" /><D26/><U44/><E32/><V45/><F45/><W100/><G31/><T76/><D76/><U119/><E119/><V39/><F39/><W134/><G4/><T75/><D75/><N who="3" m="28681" /><G57/><T61/><D61/><U87/><E59/><V0/><F18/><W111/><G64/><T86/><D86/><U38/><E30/><V9/><F9/><W51/><G51/><T11/><D10/><U106/><E38/><V50/><F0/><W25/><G25/><T63/><D63/><U62/><E62/><V36/><F36/><W46/><G46/><T23/><N who="0" m="5120" /><DORA hai="77" /><T60/><D60/><U81/><E106/><AGARI ba="0,0" hai="28,29,50,53,58,97,103,106" m="49737,43081" machi="106" ten="30,3900,0" yaku="15,1,11,1,19,1" doraHai="66,77" who="2" fromWho="1" sc="55,0,305,-39,355,39,285,0" /><INIT seed="6,0,0,1,0,57" ten="55,266,394,285" oya="2" hai0="123,77,86,45,24,63,23,131,128,56,65,102,69" hai1="124,68,126,44,35,25,76,7,54,72,16,108,12" hai2="78,99,47,129,27,2,32,36,4,34,60,88,101" hai3="0,20,30,9,98,8,74,94,114,41,127,71,28"/><V113/><F78/><W39/><G74/><T121/><D102/><U116/><E108/><V29/><F113/><W107/><G107/><T82/><D45/><U135/><E116/><V103/><F129/><W38/><G71/><T75/><D86/><U105/><E105/><V6/><F34/><W81/><G81/><T18/><REACH who="0" step="1"/><D69/><REACH who="0" ten="45,266,394,285" step="2"/><U93/><E68/><V61/><F101/><W17/><G98/><T14/><D14/><U133/><E44/><V125/><F47/><W5/><G38/><T89/><D89/><U117/><E12/><V97/><F36/><W118/><G39/><T122/><AGARI ba="0,1" hai="18,23,24,56,63,65,75,77,82,121,122,123,128,131" machi="122" ten="40,5200,0" yaku="1,1,0,1,52,1,53,0" doraHai="57" doraHaiUra="96" who="0" fromWho="0" sc="45,62,266,-13,394,-26,285,-13" /><INIT seed="7,0,0,0,0,43" ten="107,253,368,272" oya="3" hai0="89,67,45,96,123,135,64,108,111,83,77,112,18" hai1="100,31,94,7,1,119,121,114,63,13,36,5,37" hai2="29,40,92,98,61,72,76,104,6,15,87,12,14" hai3="113,102,86,35,33,110,129,134,95,49,52,60,17"/><W30/><G113/><T117/><D18/><U99/><E121/><V90/><F40/><W65/><G129/><T39/><D89/><U91/><E114/><V116/><F116/><W68/><G134/><T105/><D96/><U66/><E119/><V11/><F29/><W109/><G17/><T55/><D117/><U9/><E31/><V70/><F70/><W115/><G115/><T23/><D23/><U131/><E131/><V85/><F72/><W28/><G28/><T106/><D83/><U58/><E5/><V93/><F104/><W127/><G127/><T41/><D77/><U19/><REACH who="1" step="1"/><E100/><REACH who="1" ten="107,243,368,272" step="2"/><V126/><F6/><W4/><G4/><T8/><D112/><U56/><E56/><V71/><F126/><W20/><G20/><AGARI ba="0,1" hai="1,7,9,13,19,20,36,37,58,63,66,91,94,99" machi="20" ten="30,2000,0" yaku="1,1,7,1,53,0" doraHai="43" doraHaiUra="118" who="1" fromWho="3" sc="107,0,243,30,368,0,272,-20" owari="107,-39.0,273,7.0,368,47.0,252,-15.0" /></mjloggm>