<mjloggm ver="2.3"><GO type="225" lobby="0"/><UN n0="%E3%81%8A%E3%81%8A%E3%81%9E%E3%82%89%E3%82%92%E3%81%A8%E3%81%B6" n1="%E4%BF%BA%E3%81%A8%E5%A6%96%E5%A4%A2" n2="%E5%85%88%E7%89%A9%E3%81%AF%74%72%61%73%68" n3="%E6%AF%9B%E8%8D%92%E3%82%8C%E3%83%BB%E3%82%B9%E3%83%9F%E3%82%B9" dan="16,17,17,16" rate="2161.63,2173.37,2215.85,2103.45" sx="M,F,M,F"/><TAIKYOKU oya="0"/><INIT seed="0,0,0,3,0,80" ten="250,250,250,250" oya="0" hai0="57,96,119,32,71,115,10,23,84,39,35,75,100" hai1="51,42,30,83,120,45,93,92,67,81,25,7,72" hai2="8,13,87,122,29,36,54,130,2,135,20,118,127" hai3="60,52,128,44,106,124,34,69,48,101,68,104,24"/><T58/><D115/><U62/><E120/><V33/><F122/><W43/><G124/><T95/><D119/><U102/><E7/><V16/><F36/><W38/><G128/><T89/><D71/><U9/><E9/><V134/><F130/><W108/><G108/><T112/><D112/><U64/><E64/><V132/><F127/><W65/><G69/><T61/><D39/><U21/><E72/><V53/><F118/><W14/><G101/><T59/><D75/><U85/><E102/><V50/><F50/><W133/><G133/><T73/><D73/><U4/><E4/><N who="2" m="1047" /><F87/><W1/><G1/><T117/><D117/><U113/><E113/><V6/><F6/><W41/><G14/><T79/><D79/><U109/><E109/><V86/><F86/><W37/><G37/><T19/><D10/><U26/><E26/><AGARI ba="0,0" hai="13,16,20,26,29,33,53,54,132,134,135" m="1047" machi="26" ten="30,3900,0" yaku="24,1,20,1,54,1" doraHai="80" who="2" fromWho="1" sc="250,0,250,-39,250,39,250,0" /><INIT seed="1,0,0,3,2,11" ten="250,211,289,250" oya="1" hai0="70,3,14,50,54,92,43,34,5,71,6,21,99" hai1="29,60,22,87,90,16,65,122,100,131,88,63,58" hai2="41,134,7,127,135,112,53,61,86,69,119,83,77" hai3="111,37,26,56,129,62,109,68,116,2,40,114,93"/><U124/><E122/><V33/><F119/><W46/><G114/><T89/><D34/><U8/><E131/><V1/><F127/><W108/><G2/><T18/><D43/><U39/><E124/><V84/><F112/><W9/><G129/><T80/><D80/><U30/><E39/><V48/><F33/><W17/><G116/><T76/><D76/><U78/><E100/><V126/><F126/><W57/><G93/><T49/><D49/><U15/><E63/><V44/><F1/><W107/><G107/><T95/><D3/><U81/><E8/><V42/><F7/><W52/><G26/><T120/><D120/><U96/><E96/><V73/><F41/><W130/><G130/><T123/><D123/><U66/><E65/><N who="2" m="41135" /><F53/><W12/><REACH who="3" step="1"/><G56/><REACH who="3" ten="250,211,289,240" step="2"/><N who="0" m="32855" /><D70/><AGARI ba="0,1" hai="9,12,17,37,40,46,52,57,62,68,70,108,109,111" machi="70" ten="40,8000,1" yaku="1,1,14,1,52,1,54,1,53,0" doraHai="11" doraHaiUra="128" who="3" fromWho="0" sc="250,-80,211,0,289,0,240,90" /><INIT seed="2,0,0,0,0,103" ten="170,211,289,330" oya="2" hai0="75,16,36,104,8,26,6,118,135,85,47,56,129" hai1="15,7,84,82,55,108,1,126,40,115,102,89,79" hai2="25,3,80,94,83,73,38,130,127,60,27,37,78" hai3="98,33,70,106,58,92,53,31,68,57,71,42,112"/><V95/><F130/><W72/><G72/><T123/><D75/><U88/><E115/><V116/><F3/><W61/><G112/><T119/><D123/><U39/><E1/><V62/><F73/><W28/><G33/><T77/><D129/><U122/><E122/><V105/><F78/><W107/><G42/><T22/><D135/><U12/><E108/><V51/><F51/><W97/><G58/><T48/><D36/><U99/><E126/><V52/><F116/><N who="0" m="44586" /><D56/><U131/><E131/><V109/><F109/><W111/><G111/><T90/><D77/><U100/><E100/><V133/><F52/><W87/><G87/><T66/><D66/><U45/><E55/><V24/><F24/><W54/><G54/><N who="0" m="29983" /><D8/><U101/><E101/><V46/><F46/><W11/><G11/><T128/><D6/><U0/><E0/><V96/><F96/><W21/><G21/><T32/><D32/><U44/><E45/><V19/><F19/><W134/><G134/><T76/><D76/><U41/><E41/><V14/><F133/><W110/><G110/><T81/><D128/><U23/><E7/><V69/><F127/><W65/><G65/><T124/><D124/><U34/><E34/><V93/><F37/><W132/><G132/><T74/><D74/><U4/><E4/><V49/><F38/><W18/><G18/><T117/><N who="0" m="44594" /><T125/><DORA hai="64" /><D125/><U120/><E120/><V30/><F30/><N who="3" m="11307" /><G98/><T5/><D5/><U114/><E114/><V50/><F49/><W59/><G59/><T13/><D26/><U29/><E29/><V113/><F25/><RYUUKYOKU ba="0,0" sc="170,15,211,-15,289,-15,330,15" hai0="13,16,22,81,85,90,104" hai3="53,57,61,68,70,71,92,97,106,107" /><INIT seed="3,1,0,1,5,69" ten="185,196,274,345" oya="3" hai0="90,6,14,71,102,124,119,104,38,4,63,84,52" hai1="46,85,25,105,82,62,7,12,114,112,33,129,17" hai2="89,24,18,41,103,51,81,3,39,96,100,22,29" hai3="65,28,98,123,5,60,64,72,74,27,2,111,108"/><W48/><G123/><T30/><D119/><U32/><E105/><V132/><F3/><W1/><G48/><T131/><D38/><U35/><E129/><V86/><F132/><W78/><G98/><T15/><D131/><U23/><E46/><V99/><F39/><W8/><G1/><T91/><D124/><U57/><E7/><N who="0" m="2601" /><D71/><U134/><E134/><V120/><F120/><W31/><G78/><T95/><D104/><U53/><REACH who="1" step="1"/><E12/><REACH who="1" ten="185,186,274,345" step="2"/><N who="0" m="4649" /><D30/><U83/><E83/><V36/><F29/><W70/><G28/><T66/><D66/><U110/><E110/><N who="3" m="42026" /><G64/><T0/><D0/><U26/><E26/><V75/><F24/><W76/><G76/><AGARI ba="1,1" hai="17,23,25,32,33,35,53,57,62,76,82,85,112,114" machi="76" ten="40,2600,0" yaku="1,1,53,1" doraHai="69" doraHaiUra="54" who="1" fromWho="3" sc="185,0,186,39,274,0,345,-29" owari="185,-31.0,225,-17.0,274,7.0,316,41.0" /></mjloggm>