<mjloggm ver="2.3"><GO type="185" lobby="0"/><UN n0="%E8%8A%B1%E3%81%A1%E3%82%83%E3%82%93%E3%81%9A" n1="%E6%A8%BD%E3%81%AA%E3%81%AE%E5%A3%8A%E3%81%95%E3%81%AA%E3%81%84%E3%81%A7" n2="%50%42%33%2D%50" n3="" dan="16,18,17,0" rate="2098.92,2334.83,2261.73,1500.00" sx="F,M,M,C"/><TAIKYOKU oya="0"/><INIT seed="0,0,0,0,3,72" ten="350,350,350,0" oya="0" hai0="135,64,127,93,33,44,105,78,116,111,82,94,88" hai1="134,90,36,69,58,73,70,99,46,77,133,118,57" hai2="110,101,120,66,100,112,62,54,71,124,0,43,109" hai3=""/><T53/><D116/><U103/><E118/><V131/><N who="2" m="30752" /><V117/><F117/><T130/><D33/><U113/><E90/><V49/><F0/><T80/><D105/><U38/><E113/><V48/><F112/><T47/><D130/><U1/><E1/><V89/><F131/><T51/><D135/><U41/><E36/><V119/><F119/><T37/><D127/><U129/><E129/><V125/><F89/><T2/><D2/><U76/><E73/><V61/><F43/><T60/><D82/><U92/><E70/><V56/><F101/><T81/><D81/><U104/><E69/><V107/><F100/><T65/><D94/><U91/><E134/><V114/><F107/><T123/><N who="0" m="31520" /><T132/><D132/><U34/><E34/><V122/><N who="2" m="31264" /><V126/><F114/><T115/><D115/><U39/><E39/><V55/><REACH who="2" step="1"/><F62/><REACH who="2" ten="350,350,340,0" step="2"/><T68/><D60/><U86/><REACH who="1" step="1"/><E133/><REACH who="1" ten="350,340,340,0" step="2"/><V59/><AGARI ba="0,2" hai="48,49,54,55,56,59,61,66,71,109,110,124,125,126" m="31264,30752" machi="59" ten="40,12000,3" yaku="1,1,2,1,0,1,9,1,18,1,34,3,52,2,53,0" doraHai="72" doraHaiUra="85" who="2" fromWho="2" sc="350,-80,340,-40,340,140,0,0" /><INIT seed="1,0,0,4,1,70" ten="270,300,480,0" oya="1" hai0="103,120,128,118,32,107,46,62,44,112,93,2,65" hai1="125,50,129,37,64,68,80,98,57,60,126,52,39" hai2="38,67,81,84,88,134,105,42,82,56,100,76,72" hai3=""/><U40/><E129/><V43/><F38/><N who="1" m="14345" /><E80/><V66/><F134/><T49/><N who="0" m="30752" /><T86/><D2/><U83/><E83/><V91/><F91/><T59/><D32/><U61/><E98/><V53/><F100/><T135/><D112/><U111/><E111/><V132/><F132/><T127/><D135/><U89/><E89/><V63/><REACH who="2" step="1"/><F105/><REACH who="2" ten="270,300,470,0" step="2"/><T124/><D128/><U101/><E101/><V58/><F58/><T51/><D107/><U75/><E75/><V69/><F69/><T108/><D103/><U97/><E97/><V131/><F131/><T119/><D59/><U33/><E33/><V41/><AGARI ba="0,1" hai="41,42,43,53,56,63,66,67,72,76,81,82,84,88" machi="41" ten="30,3000,0" yaku="1,1,0,1,54,1,53,0" doraHai="70" doraHaiUra="116" who="2" fromWho="2" sc="270,-10,300,-20,470,40,0,0" /><INIT seed="2,0,0,4,2,101" ten="260,280,510,0" oya="2" hai0="51,111,41,73,40,44,35,91,90,118,100,93,92" hai1="80,94,96,69,114,83,84,81,99,43,3,76,126" hai2="45,108,95,58,57,50,74,59,77,117,37,32,68" hai3=""/><V103/><F68/><T62/><D111/><U36/><E3/><V120/><N who="2" m="30752" /><V134/><F117/><T112/><D35/><U53/><E114/><V132/><F37/><T70/><D73/><U64/><E126/><V49/><F49/><T127/><D127/><U107/><E53/><V75/><F108/><T38/><D112/><U123/><N who="1" m="31520" /><U55/><E55/><V110/><F110/><T2/><D2/><U125/><E125/><V88/><F103/><T47/><D118/><U48/><E36/><V97/><F77/><T105/><D105/><U106/><E64/><V0/><F32/><T72/><D72/><U128/><E69/><V98/><F98/><T33/><D100/><U34/><E34/><V121/><N who="2" m="31008" /><V79/><F79/><T85/><D33/><U66/><E76/><V67/><F67/><T71/><D62/><U42/><E66/><V56/><F58/><T133/><REACH who="0" step="1"/><D133/><REACH who="0" ten="250,280,510,0" step="2"/><N who="2" m="51306" /><F0/><T39/><D39/><U61/><E61/><V46/><F75/><T89/><D89/><U78/><E78/><V52/><F74/><T130/><D130/><U119/><E128/><V113/><F113/><T104/><D104/><U102/><E119/><V115/><F115/><T60/><D60/><U131/><E131/><RYUUKYOKU ba="0,1" sc="250,10,280,-20,510,10,0,0" hai0="38,40,41,44,47,51,70,71,85,90,91,92,93" hai2="45,46,50,52,56,57,59,88,95,97" /><INIT seed="2,1,1,5,2,97" ten="260,260,520,0" oya="2" hai0="84,51,124,129,2,77,75,105,49,131,117,126,67" hai1="48,72,79,92,78,110,95,3,102,125,85,130,128" hai2="47,116,83,56,57,39,45,89,66,115,118,32,41" hai3=""/><V70/><F32/><T80/><D117/><N who="2" m="45162" /><F89/><T134/><D2/><U114/><E48/><V0/><F83/><T34/><D34/><U52/><E52/><V38/><F0/><T65/><D105/><U101/><E3/><V33/><F33/><T91/><D49/><U120/><N who="1" m="30752" /><U96/><E114/><V119/><F115/><T99/><D51/><U86/><E125/><N who="0" m="48233" /><D99/><U46/><E46/><V112/><F39/><T61/><D134/><U76/><E72/><V133/><F133/><T93/><D61/><U68/><E68/><V40/><F45/><T58/><D58/><N who="2" m="22634" /><F41/><T59/><D59/><U107/><E107/><V54/><F54/><T63/><D63/><U69/><E69/><V1/><F1/><T81/><D81/><U60/><E60/><V122/><F40/><T132/><D132/><U44/><E44/><V42/><F42/><T121/><N who="0" m="31008" /><T135/><D135/><U100/><E96/><V55/><F38/><T73/><D73/><U71/><E71/><V103/><F70/><T94/><D94/><N who="1" m="35883" /><E110/><V36/><F36/><T82/><D82/><U90/><E86/><V88/><F112/><T62/><D62/><U43/><E43/><V35/><N who="2" m="31264" /><V108/><N who="2" m="45170" /><V123/><DORA hai="53" /><F123/><RYUUKYOKU ba="1,1" sc="260,10,260,10,520,-20,0,0" hai0="65,67,75,77,80,84,91,93,129,131" hai1="76,78,79,85,90,100,101,102,128,130" /><INIT seed="4,2,1,3,2,49" ten="270,270,500,0" oya="0" hai0="37,119,44,130,131,83,128,38,43,89,85,120,35" hai1="91,2,118,134,33,122,93,94,68,72,114,74,103" hai2="73,117,102,116,104,109,100,126,53,81,115,69,78" hai3=""/><T105/><N who="0" m="30752" /><T125/><D35/><U112/><N who="1" m="31264" /><U66/><E2/><V82/><F109/><T1/><D1/><U71/><E33/><V60/><F115/><N who="1" m="44073" /><E118/><N who="2" m="45675" /><F104/><T77/><D119/><U62/><E71/><V80/><F126/><T98/><D125/><U110/><E110/><V42/><F42/><T67/><D67/><U3/><E3/><V52/><F82/><T40/><D40/><U47/><E47/><V123/><N who="2" m="31520" /><V132/><F81/><T90/><REACH who="0" step="1"/><D37/><REACH who="0" ten="260,270,500,0" step="2"/><U106/><E134/><V133/><F133/><T86/><D86/><U63/><E74/><V127/><F132/><T79/><D79/><U34/><E72/><V121/><F127/><T135/><D135/><U46/><E34/><V84/><F84/><T70/><D70/><U58/><E68/><V57/><F69/><T76/><D76/><U113/><E113/><V92/><N who="2" m="31008" /><V55/><F73/><T95/><D95/><U36/><E94/><V41/><F92/><T111/><D111/><U129/><E66/><V39/><F39/><T75/><D75/><U51/><E36/><V88/><F78/><T56/><D56/><U32/><E58/><V87/><F41/><T45/><D45/><U61/><E32/><V50/><F57/><RYUUKYOKU ba="2,2" sc="260,20,270,-10,500,-10,0,0" hai0="38,43,44,77,83,85,89,90,98,105,128,130,131" /><INIT seed="4,3,2,3,0,35" ten="280,260,490,0" oya="0" hai0="56,72,86,120,131,51,78,96,111,64,95,116,109" hai1="114,61,44,47,80,125,128,112,115,59,99,62,122" hai2="53,83,113,105,70,38,1,94,106,89,102,97,79" hai3=""/><T129/><N who="0" m="30752" /><T50/><D116/><U2/><N who="1" m="31264" /><U108/><E108/><N who="0" m="41545" /><D72/><U81/><E128/><N who="0" m="49225" /><D78/><U91/><E125/><V52/><F1/><T100/><D86/><U45/><E2/><V48/><F105/><T55/><D64/><U0/><E0/><V84/><F113/><T60/><AGARI ba="3,2" hai="50,51,55,56,60,95,96,100" m="49225,41545,30752" machi="60" ten="30,4000,0" yaku="10,1,19,1,52,1" doraHai="35" who="0" fromWho="0" sc="280,66,260,-23,490,-23,0,0" /><INIT seed="4,4,0,2,3,76" ten="346,237,467,0" oya="0" hai0="79,105,74,52,80,103,51,128,93,89,73,131,32" hai1="108,109,106,60,120,129,67,92,72,65,2,54,126" hai2="112,84,87,70,97,77,81,68,96,44,59,43,135" hai3=""/><T75/><D32/><U34/><N who="1" m="30752" /><U130/><E106/><V94/><F135/><T133/><D133/><U101/><E72/><V91/><F112/><T98/><D74/><U37/><E37/><V53/><F70/><T118/><D73/><U45/><E2/><V55/><F68/><T61/><D61/><U88/><E101/><V86/><F97/><T115/><D115/><U99/><E126/><V35/><F35/><T82/><D82/><U83/><E83/><V3/><F3/><T95/><D95/><U63/><E34/><V114/><F114/><T132/><D118/><U33/><E33/><V121/><N who="2" m="31008" /><V46/><F55/><T49/><D49/><U39/><E67/><V113/><F113/><T58/><REACH who="0" step="1"/><D132/><REACH who="0" ten="336,237,467,0" step="2"/><U102/><E63/><V125/><F125/><T116/><D116/><U123/><N who="1" m="31520" /><U64/><E60/><V38/><F46/><T41/><D41/><U78/><E45/><V57/><F57/><T48/><D48/><AGARI ba="4,1" hai="38,43,44,48,53,59,77,81,84,86,87,91,94,96" m="31008" machi="48" ten="30,3900,0" yaku="7,1,52,2" doraHai="76" who="2" fromWho="0" sc="336,-47,237,0,467,57,0,0" /><INIT seed="5,0,0,3,5,37" ten="289,237,524,0" oya="1" hai0="57,126,85,109,51,61,34,110,135,88,99,117,74" hai1="69,48,65,131,93,95,42,47,39,108,64,89,36" hai2="53,101,115,134,43,94,75,76,70,60,32,38,105" hai3=""/><U127/><E108/><V84/><F32/><T96/><D34/><U71/><E131/><V111/><F75/><T35/><D35/><U100/><E127/><V104/><F104/><T45/><D74/><U73/><E73/><V49/><F38/><T41/><D126/><U120/><N who="1" m="30752" /><U87/><E36/><V0/><F70/><T3/><D3/><U79/><E79/><V77/><F77/><T52/><D135/><U78/><E78/><V46/><F76/><T59/><D59/><U107/><E107/><V83/><F105/><T102/><D117/><U80/><E39/><V40/><F0/><T112/><D112/><U124/><E124/><V106/><F106/><T56/><D56/><U113/><E113/><V92/><F134/><T55/><D55/><U63/><E100/><V68/><F101/><T44/><D44/><U58/><E58/><V50/><F46/><T98/><REACH who="0" step="1"/><D102/><REACH who="0" ten="279,237,524,0" step="2"/><U97/><E97/><V128/><F115/><T125/><D125/><U118/><E118/><V116/><F116/><T123/><N who="0" m="31520" /><T2/><D2/><U121/><N who="1" m="31008" /><U62/><AGARI ba="0,1" hai="42,47,48,62,63,64,65,69,71,80,87,89,93,95" m="31008,30752" machi="62" ten="30,12000,2" yaku="4,1,0,1,9,1,52,3" doraHai="37" who="1" fromWho="1" sc="279,-60,237,130,524,-60,0,0" /><INIT seed="5,1,0,3,5,0" ten="219,367,464,0" oya="1" hai0="104,47,62,36,35,60,105,40,90,128,69,110,75" hai1="82,41,121,46,88,126,58,130,42,91,39,129,48" hai2="85,102,107,123,115,124,43,96,44,119,120,68,134" hai3=""/><U98/><N who="1" m="31008" /><U95/><E126/><V66/><N who="2" m="30752" /><V122/><N who="2" m="31264" /><V79/><N who="2" m="31520" /><V49/><F119/><T80/><D110/><U125/><E125/><V78/><F124/><T3/><D3/><U89/><E82/><V38/><F134/><T99/><D128/><N who="1" m="49259" /><E42/><V103/><F103/><T77/><D60/><U86/><E86/><V57/><F115/><T131/><D131/><U97/><E97/><V133/><F133/><T2/><D2/><U87/><E87/><V76/><F85/><T108/><D108/><U51/><E58/><V73/><F73/><T37/><D37/><U53/><E53/><V83/><F83/><T54/><D54/><U109/><E109/><V32/><F38/><T72/><D72/><U34/><E34/><V59/><F32/><T67/><D35/><U113/><E113/><V52/><REACH who="2" step="1"/><F43/><REACH who="2" ten="219,367,454,0" step="2"/><T127/><D127/><U112/><E112/><V81/><F81/><T132/><D132/><U111/><E111/><V50/><F50/><AGARI ba="1,1" hai="39,41,46,48,50,51,88,89,91,95,98" m="49259,31008" machi="50" ten="30,5800,0" yaku="19,1,52,1,54,1" doraHai="0" who="1" fromWho="2" sc="219,0,367,70,454,-60,0,0" /><INIT seed="5,2,0,1,0,35" ten="219,437,394,0" oya="1" hai0="94,78,120,113,59,55,88,36,123,105,124,58,121" hai1="52,76,50,118,42,69,127,47,40,98,101,126,37" hai2="115,131,53,132,116,97,81,119,45,51,117,33,72" hai3=""/><U41/><E118/><V82/><F33/><T109/><N who="0" m="30752" /><T77/><N who="0" m="31008" /><T34/><N who="0" m="31520" /><T65/><D34/><U80/><E69/><V102/><F72/><T91/><D109/><U67/><E67/><V107/><F132/><T63/><D113/><U125/><E80/><V74/><F74/><T62/><D124/><U70/><E76/><V86/><F82/><T89/><D36/><U100/><E70/><V38/><F38/><T99/><D105/><U92/><REACH who="1" step="1"/><E101/><AGARI ba="2,0" hai="55,58,59,62,63,65,77,78,88,89,91,94,99,101" m="31520,31008,30752" machi="101" ten="40,8000,1" yaku="8,1,52,3,54,1" doraHai="35" who="0" fromWho="1" sc="219,84,437,-84,394,0,0,0" /><INIT seed="6,0,0,4,2,62" ten="303,353,394,0" oya="2" hai0="45,87,72,44,119,48,89,80,134,102,53,69,84" hai1="57,38,107,130,100,46,63,49,103,37,109,61,88" hai2="82,2,126,111,59,93,121,91,55,97,90,32,133" hai3=""/><V39/><N who="2" m="31008" /><V124/><F39/><T131/><D119/><U3/><E3/><V51/><F133/><T125/><D69/><U71/><E109/><V127/><F32/><T54/><D134/><U76/><E76/><V56/><F111/><T66/><D125/><U106/><E130/><V52/><F2/><T77/><D131/><U70/><E49/><V83/><F91/><T73/><D102/><U128/><E128/><V115/><F115/><T40/><D66/><U117/><E57/><N who="2" m="22091" /><F52/><T114/><D114/><U47/><E88/><V120/><N who="2" m="30752" /><V96/><F96/><T78/><D78/><U81/><E117/><V0/><F0/><T112/><D112/><U50/><E50/><V60/><F60/><T122/><N who="0" m="31264" /><T104/><D104/><U34/><E34/><V43/><F43/><T118/><D54/><U132/><E132/><V113/><F113/><T75/><D118/><U135/><E135/><V116/><F116/><T92/><REACH who="0" step="1"/><D72/><REACH who="0" ten="293,353,394,0" step="2"/><U35/><E35/><V105/><F105/><T58/><D58/><AGARI ba="0,1" hai="51,55,58,82,83,90,93,97,124,126,127" m="30752,22091,31008" machi="58" ten="30,5800,0" yaku="18,1,52,2" doraHai="62" who="2" fromWho="0" sc="293,-58,353,0,394,68,0,0" owari="235,-36.0,353,-5.0,462,41.0,0,0.0" /></mjloggm>