<mjloggm ver="2.3"><GO type="185" lobby="0"/><UN n0="%E3%83%84%E3%83%BC%E3%82%A2%E3%82%A6%E3%83%88" n1="%61%6E%64%6F%35%35" n2="%52%59%4F%40%53%53" n3="" dan="16,16,18,0" rate="2210.83,2172.43,2265.78,1500.00" sx="M,M,M,C"/><TAIKYOKU oya="0"/><INIT seed="0,0,0,0,5,82" ten="350,350,350,0" oya="0" hai0="93,77,105,102,0,99,94,129,96,86,40,63,81" hai1="121,100,133,46,42,119,76,61,114,53,33,124,74" hai2="88,41,106,134,85,87,69,90,44,64,104,91,92" hai3=""/><T45/><D0/><U1/><N who="1" m="31008" /><U50/><E33/><V97/><F134/><T48/><D129/><U56/><E119/><V125/><F125/><T132/><D132/><U65/><E133/><V112/><F112/><T117/><D117/><U113/><E1/><V89/><F64/><T79/><D63/><U2/><E2/><V75/><F75/><T103/><D105/><U51/><E100/><V35/><F69/><T101/><D101/><U68/><E76/><AGARI ba="0,0" hai="40,45,48,76,77,79,81,86,93,94,96,99,102,103" machi="76" ten="30,11600,0" yaku="7,1,9,1,8,1,52,1" doraHai="82" who="0" fromWho="1" sc="350,116,350,-116,350,0,0,0" /><INIT seed="0,1,0,2,2,99" ten="466,234,350,0" oya="0" hai0="35,86,39,51,78,79,87,95,131,38,85,47,0" hai1="74,98,73,3,54,63,77,97,64,134,81,93,127" hai2="120,121,91,56,53,108,123,83,66,88,101,125,75" hai3=""/><T89/><D0/><U46/><E3/><V104/><N who="2" m="30752" /><V110/><N who="2" m="31008" /><V44/><N who="2" m="31520" /><V36/><F125/><T92/><D35/><U32/><E32/><V84/><F66/><T111/><D131/><U65/><E127/><V71/><F71/><T45/><D111/><N who="2" m="42538" /><F75/><T118/><D118/><U68/><E134/><V103/><F104/><T50/><D87/><U60/><E98/><V72/><F72/><T69/><D89/><U112/><E112/><V49/><F91/><T34/><D34/><U52/><E46/><V135/><F135/><T33/><D33/><U2/><E74/><V109/><F109/><T57/><D69/><U94/><E2/><V113/><F113/><T62/><D62/><U59/><REACH who="1" step="1"/><E94/><REACH who="1" ten="466,224,350,0" step="2"/><V40/><AGARI ba="1,1" hai="36,40,44,49,53,56,83,84,88,101,103" m="42538,31520,31008,30752" machi="40" ten="30,9000,2" yaku="14,1,52,5,54,1" doraHai="99" who="2" fromWho="2" sc="466,-61,224,-31,350,102,0,0" /><INIT seed="1,0,0,1,1,51" ten="405,193,452,0" oya="1" hai0="107,90,82,69,33,108,117,59,62,134,109,94,127" hai1="44,52,112,93,67,121,103,78,80,55,129,65,37" hai2="89,97,36,100,105,123,102,84,72,83,85,101,132" hai3=""/><U56/><N who="1" m="31008" /><U43/><E112/><V110/><N who="2" m="31520" /><V96/><F36/><T71/><D33/><U47/><E129/><V50/><F132/><T128/><D107/><U118/><E118/><V87/><F110/><N who="0" m="42602" /><D117/><U34/><E34/><V35/><F50/><T124/><D82/><U54/><E56/><V49/><F49/><T45/><D45/><U88/><E103/><N who="2" m="39499" /><F35/><T57/><D134/><U126/><E126/><N who="0" m="48169" /><D128/><U116/><E47/><V38/><F38/><T113/><D113/><U86/><REACH who="1" step="1"/><E116/><REACH who="1" ten="405,183,452,0" step="2"/><V42/><F102/><T64/><D59/><U61/><E61/><V3/><F105/><T74/><D74/><AGARI ba="0,1" hai="37,43,44,52,54,55,65,67,74,78,80,86,88,93" m="31008" machi="74" ten="40,24000,3" yaku="1,1,52,4,54,2,53,2" doraHai="51" doraHaiUra="63" who="1" fromWho="0" sc="405,-240,183,250,452,0,0,0" /><INIT seed="1,1,0,2,4,88" ten="165,433,452,0" oya="1" hai0="87,135,134,39,42,34,96,80,0,68,102,132,108" hai1="40,133,61,118,78,82,100,114,46,44,84,73,91" hai2="106,63,95,124,131,72,112,45,85,35,99,89,93" hai3=""/><U75/><E114/><V51/><F35/><T38/><D68/><U36/><E118/><V130/><F112/><T43/><D34/><U113/><E113/><V128/><F72/><T92/><D108/><U77/><E133/><V41/><F124/><T107/><D107/><U69/><E100/><V67/><F106/><T59/><D59/><U126/><E126/><V94/><F99/><T109/><D109/><U127/><E127/><V76/><F76/><T47/><D0/><U115/><E115/><V71/><AGARI ba="1,0" hai="41,45,51,63,67,71,85,89,93,94,95,128,130,131" machi="71" ten="30,6000,1" yaku="0,1,19,1,52,3" doraHai="88" who="2" fromWho="2" sc="165,-21,433,-41,452,62,0,0" /><INIT seed="2,0,0,0,1,75" ten="144,392,514,0" oya="2" hai0="125,82,40,56,79,85,93,122,95,103,45,86,129" hai1="90,83,55,133,54,32,62,73,67,3,102,88,132" hai2="60,114,74,80,130,36,87,44,121,42,61,97,49" hai3=""/><V72/><N who="2" m="31008" /><V65/><F130/><T135/><N who="0" m="31264" /><T108/><D129/><U127/><E32/><V104/><F114/><T57/><D125/><U38/><E3/><V47/><F97/><T109/><D135/><N who="1" m="51787" /><E38/><V37/><F104/><T35/><D35/><U128/><E128/><V51/><F87/><T91/><D103/><U53/><E127/><V117/><F117/><T107/><D107/><U59/><E102/><V43/><F80/><T112/><D95/><U99/><E99/><V48/><REACH who="2" step="1"/><F61/><REACH who="2" ten="144,392,504,0" step="2"/><T1/><D112/><U124/><E124/><V84/><F84/><T76/><D1/><U89/><E73/><V81/><F81/><AGARI ba="0,1" hai="53,54,55,59,62,67,81,83,88,89,90" m="51787" machi="81" ten="40,2600,0" yaku="20,1,54,1" doraHai="75" who="1" fromWho="2" sc="144,0,392,36,504,-26,0,0" /><INIT seed="4,0,0,3,4,104" ten="144,428,478,0" oya="0" hai0="99,93,52,36,109,33,55,77,107,113,35,73,72" hai1="58,66,134,125,71,80,111,44,34,92,50,114,106" hai2="61,97,121,75,42,3,83,98,46,43,102,85,124" hai3=""/><T105/><D36/><U68/><E111/><V51/><N who="2" m="31008" /><V41/><F3/><T117/><D117/><U37/><E106/><V79/><F124/><T133/><D109/><U0/><E0/><V69/><F85/><T65/><D65/><U108/><E34/><V110/><F110/><T90/><D133/><U120/><N who="1" m="30752" /><U119/><E119/><V87/><F87/><T88/><D77/><U62/><E108/><V48/><F48/><T47/><D47/><U84/><E125/><V1/><F1/><T135/><D135/><U63/><E134/><V67/><REACH who="2" step="1"/><F98/><REACH who="2" ten="144,428,468,0" step="2"/><T56/><D99/><U95/><E37/><V82/><F82/><T94/><D113/><U126/><E114/><V100/><F100/><T116/><D116/><U118/><E118/><V130/><F130/><T91/><D91/><U74/><E74/><V40/><F40/><T45/><D45/><U81/><E81/><V78/><F78/><T132/><D132/><U86/><E126/><V103/><F103/><T70/><D56/><U96/><E96/><V128/><F128/><T122/><N who="0" m="31264" /><T39/><D39/><U127/><E127/><V38/><F38/><T53/><D53/><U32/><E32/><V54/><F54/><T59/><D59/><RYUUKYOKU ba="0,1" sc="144,10,428,-20,468,10,0,0" hai0="33,35,52,55,70,72,73,88,90,93,94,105,107" hai2="41,42,43,46,51,61,67,69,75,79,83,97,102" /><INIT seed="4,1,1,2,1,125" ten="154,408,478,0" oya="0" hai0="59,110,87,114,45,133,109,49,60,63,42,77,102" hai1="104,101,33,58,99,72,119,103,112,128,121,123,37" hai2="120,78,91,90,83,43,62,89,92,1,79,0,118" hai3=""/><T80/><D114/><U51/><N who="1" m="31008" /><U107/><N who="1" m="31520" /><U116/><E37/><V115/><N who="2" m="30752" /><V64/><F115/><T76/><D133/><U47/><E112/><V100/><F43/><T3/><D3/><U57/><E33/><V86/><F79/><T113/><D113/><U135/><E72/><V98/><REACH who="2" step="1"/><F118/><REACH who="2" ten="154,408,468,0" step="2"/><T97/><D77/><U75/><E119/><V53/><F53/><T40/><D40/><U61/><E116/><V34/><F34/><T84/><D84/><U93/><E75/><V35/><F35/><T2/><D2/><U105/><E135/><V94/><F94/><T41/><D41/><U56/><E93/><V127/><F127/><T70/><D70/><AGARI ba="1,2" hai="0,1,62,64,70,78,83,86,89,90,91,92,98,100" m="30752" machi="70" ten="40,2600,0" yaku="1,1,52,1,53,0" doraHai="125" doraHaiUra="50" who="2" fromWho="0" sc="154,-28,408,0,468,48,0,0" /><INIT seed="5,0,0,4,5,112" ten="126,408,516,0" oya="1" hai0="66,98,115,89,120,83,56,113,105,57,2,39,47" hai1="62,108,34,69,72,60,43,129,127,40,58,36,70" hai2="32,100,87,133,61,44,117,97,104,99,123,38,94" hai3=""/><U109/><E34/><V114/><N who="2" m="31520" /><V74/><F32/><T77/><N who="0" m="30752" /><T79/><D2/><U41/><E72/><V53/><F117/><T81/><D66/><U63/><E129/><V88/><F133/><T84/><D47/><U65/><E36/><V46/><F114/><T110/><D39/><U102/><E102/><V52/><F74/><T96/><D57/><U71/><E127/><V85/><F61/><AGARI ba="0,0" hai="40,41,43,58,60,61,62,63,65,69,70,71,108,109" machi="61" ten="50,12000,1" yaku="29,2,34,3" doraHai="112" who="1" fromWho="2" sc="126,0,408,120,516,-120,0,0" /><INIT seed="5,1,0,1,1,59" ten="126,528,396,0" oya="1" hai0="98,90,88,117,74,100,66,44,122,60,3,92,75" hai1="57,101,68,85,53,65,78,73,105,47,84,32,104" hai2="63,83,87,37,64,107,54,135,34,45,120,42,58" hai3=""/><U112/><E32/><V116/><N who="2" m="30752" /><V38/><F34/><T130/><N who="0" m="31264" /><T111/><D3/><U91/><E73/><V70/><F107/><T33/><D33/><U72/><E72/><V89/><F135/><T115/><D111/><U113/><E101/><V93/><F116/><T40/><D117/><U132/><E132/><V86/><F37/><T81/><D115/><N who="1" m="44107" /><E47/><V131/><F131/><T94/><D130/><U36/><E36/><V79/><REACH who="2" step="1"/><F70/><REACH who="2" ten="126,528,386,0" step="2"/><T55/><D55/><AGARI ba="1,1" hai="38,42,45,54,55,58,63,64,79,83,86,87,89,93" m="30752" machi="55" ten="40,8000,1" yaku="1,1,2,1,52,2,53,1" doraHai="59" doraHaiUra="61" who="2" fromWho="0" sc="126,-82,528,0,386,92,0,0" /><INIT seed="6,0,0,1,5,35" ten="44,528,478,0" oya="2" hai0="129,118,79,40,110,100,106,32,108,90,81,76,78" hai1="34,67,38,60,71,1,95,133,135,89,97,50,69" hai2="93,70,72,117,54,126,85,63,107,99,46,42,101" hai3=""/><V52/><F117/><T132/><D40/><U87/><E34/><V0/><F0/><T49/><D49/><U75/><E1/><V96/><F72/><T84/><D32/><U77/><E38/><V91/><F126/><T115/><D118/><U112/><E75/><V88/><F63/><T124/><D124/><U120/><N who="1" m="30752" /><U80/><E112/><V92/><F70/><T104/><D129/><U116/><E116/><V68/><F68/><T57/><D57/><U134/><E71/><V2/><F2/><T74/><D132/><U51/><AGARI ba="0,0" hai="50,51,60,67,69,77,80,87,89,95,97,133,134,135" m="30752" machi="51" ten="40,3900,0" yaku="0,1,20,1,52,1" doraHai="35" who="1" fromWho="1" sc="44,-13,528,39,478,-26,0,0" owari="31,-57.0,567,52.0,452,5.0,0,0.0" /></mjloggm>