<mjloggm ver="2.3"><GO type="169" lobby="0"/><UN n0="%E3%83%A1%E3%82%BF%E3%83%93%E3%83%BC%E3%83%88" n1="%E8%91%B5%E3%81%A1%E3%82%83%E3%82%93" n2="%E3%83%8E%E3%82%AA%E3%83%81%E3%83%A3%E3%83%99%E3%82%B9" n3="%E6%BC%82%E3%81%86" dan="18,16,17,16" rate="2293.45,2193.84,2221.69,2058.33" sx="M,M,M,M"/><TAIKYOKU oya="0"/><INIT seed="0,0,0,4,5,128" ten="250,250,250,250" oya="0" hai0="130,47,93,124,65,121,71,126,2,79,134,20,99" hai1="32,10,86,69,25,104,53,3,49,102,27,55,38" hai2="92,6,59,89,120,23,107,82,36,75,95,112,73" hai3="26,116,125,101,41,81,5,13,15,35,90,63,16"/><T113/><D2/><U24/><E38/><V51/><F36/><W57/><G116/><T0/><D0/><U33/><E69/><V108/><F107/><W131/><G35/><T106/><D130/><U39/><E39/><V7/><F120/><W117/><G131/><T18/><D121/><U119/><E119/><V98/><F112/><W9/><G117/><T96/><D113/><U1/><E86/><V67/><F108/><W83/><G101/><N who="0" m="62783" /><D47/><U50/><E25/><V70/><F70/><W85/><G125/><N who="0" m="48235" /><D79/><U76/><E76/><V77/><F75/><W40/><G26/><T78/><D78/><U129/><E129/><V62/><F51/><W88/><G90/><T110/><D71/><U61/><E102/><V31/><F31/><W30/><G30/><T42/><D42/><U37/><E37/><V123/><F123/><W34/><G34/><T115/><D65/><U8/><E104/><V11/><F23/><N who="3" m="11663" /><G83/><T87/><D115/><U29/><E29/><V66/><F66/><AGARI ba="0,0" hai="5,9,15,40,41,57,63,66,81,85,88" m="11663" machi="66" ten="30,3900,0" yaku="8,1,54,2" doraHai="128" who="3" fromWho="2" sc="250,0,250,0,250,-39,250,39" /><INIT seed="1,0,0,5,4,26" ten="250,250,211,289" oya="1" hai0="80,49,24,98,45,22,44,68,90,4,35,97,95" hai1="1,78,84,42,56,34,39,73,20,51,77,16,53" hai2="14,67,81,134,122,5,40,55,19,99,133,48,46" hai3="28,6,112,32,131,119,36,75,129,103,130,23,71"/><U79/><E73/><V9/><F122/><W111/><G103/><T127/><D68/><U17/><E1/><V86/><F67/><W107/><G6/><T50/><D127/><U30/><E34/><V38/><F99/><W15/><G23/><T72/><D35/><U88/><E42/><V13/><F38/><W115/><G15/><T11/><D72/><U114/><E114/><V82/><F55/><W57/><G28/><T94/><D80/><N who="1" m="49159" /><E39/><V43/><F43/><W74/><G74/><T125/><D45/><U29/><E17/><V109/><F109/><W104/><G104/><T52/><D49/><U0/><E0/><V64/><F64/><W118/><G57/><T132/><D132/><U69/><E69/><V2/><F2/><W65/><G65/><T25/><D125/><U62/><E51/><V27/><F27/><AGARI ba="0,0" hai="16,20,27,29,30,53,56,62,77,78,79" m="49159" machi="27" ten="30,12000,1" yaku="8,1,52,2,54,2" doraHai="26" who="1" fromWho="2" sc="250,0,250,120,211,-120,289,0" /><INIT seed="1,1,0,5,1,85" ten="250,370,91,289" oya="1" hai0="60,119,55,106,18,135,75,58,116,7,3,46,45" hai1="43,90,123,111,68,65,92,23,1,30,22,105,118" hai2="96,127,124,41,128,109,133,12,79,33,54,21,121" hai3="126,57,107,93,97,94,130,16,70,25,4,83,0"/><U125/><E118/><V48/><F33/><W44/><G70/><T73/><D106/><U87/><E123/><V120/><F41/><W61/><G107/><T35/><D35/><U129/><E1/><V62/><F62/><W28/><G0/><T36/><D7/><U52/><E105/><V39/><F39/><W19/><G4/><T26/><D18/><U89/><E43/><V91/><F79/><W102/><G130/><T69/><D26/><U115/><E115/><V27/><F12/><W14/><G126/><N who="2" m="48169" /><F128/><W6/><G83/><T98/><D60/><U74/><E129/><V10/><F10/><W34/><G94/><T76/><D76/><U13/><E13/><V51/><F133/><W8/><G44/><T50/><D45/><U104/><E68/><V82/><F109/><W67/><AGARI ba="1,0" hai="6,8,14,16,19,25,28,34,57,61,67,93,97,102" machi="67" ten="20,2700,0" yaku="0,1,7,1,54,1" doraHai="85" who="3" fromWho="3" sc="250,-8,370,-14,91,-8,289,30" /><INIT seed="2,0,0,0,1,85" ten="242,356,83,319" oya="2" hai0="77,119,118,123,100,130,103,41,44,29,126,31,67" hai1="63,70,8,57,15,105,50,61,25,36,131,135,74" hai2="19,95,68,28,37,92,64,82,121,114,110,90,35" hai3="7,108,56,86,47,42,133,48,120,21,124,79,109"/><V128/><F114/><W69/><G120/><T60/><D77/><U66/><E105/><V16/><F121/><W38/><G7/><T49/><D123/><U78/><E36/><V112/><F112/><W34/><G34/><T18/><D130/><U132/><E131/><V17/><F128/><W115/><G115/><T83/><D83/><U11/><E50/><V9/><F37/><W39/><G21/><T107/><D18/><U104/><E104/><V0/><F110/><N who="3" m="42603" /><G79/><T23/><D126/><U73/><E25/><V89/><F82/><W134/><G69/><T12/><D12/><U84/><E84/><V20/><F68/><W125/><G86/><T88/><D23/><U127/><E127/><N who="3" m="48714" /><G56/><T80/><D29/><U106/><E78/><V1/><F35/><W75/><G75/><T96/><D31/><U2/><E73/><V101/><F1/><W14/><G14/><T55/><D118/><U58/><E74/><V52/><F0/><W62/><G62/><T3/><D119/><U27/><E70/><V99/><F9/><W54/><G54/><T76/><D55/><U129/><E129/><V87/><F52/><W59/><G59/><T33/><D33/><U10/><E2/><V98/><F28/><W72/><G72/><N who="0" m="43015" /><D3/><U45/><E10/><V113/><F113/><W102/><G102/><T24/><D103/><U40/><E11/><V46/><F20/><W65/><G65/><T122/><D122/><U81/><E66/><V4/><F64/><W94/><G94/><N who="0" m="56391" /><D24/><U26/><E8/><V91/><F101/><W43/><G43/><T71/><D100/><RYUUKYOKU ba="0,0" sc="242,15,356,-15,83,-15,319,15" hai0="41,44,49,60,67,71,107" hai3="38,39,42,47,48,133,134" /><INIT seed="3,1,0,2,3,116" ten="257,341,68,334" oya="3" hai0="71,42,15,100,29,83,53,67,2,69,78,123,82" hai1="74,94,98,97,134,33,93,24,44,135,4,12,99" hai2="40,119,26,27,9,125,121,86,124,39,101,52,81" hai3="95,110,127,84,114,112,111,122,102,38,60,30,129"/><W56/><G30/><T85/><D2/><U75/><E44/><V65/><F65/><W96/><G38/><T5/><D29/><N who="1" m="19623" /><E4/><V41/><F119/><W51/><G51/><T31/><D31/><U64/><E12/><V34/><F101/><W23/><G23/><T17/><D100/><U58/><E58/><V103/><F103/><W11/><G11/><T126/><D126/><N who="2" m="48746" /><F9/><W45/><G127/><T73/><D67/><U62/><E62/><V128/><F128/><W49/><G129/><T7/><D42/><N who="2" m="16490" /><F39/><W54/><G84/><T89/><D69/><U105/><E105/><V32/><F52/><N who="3" m="29743" /><G112/><T120/><D71/><U88/><E64/><V66/><F66/><W72/><G114/><T130/><D130/><U10/><E10/><V109/><F34/><W61/><G72/><T1/><D53/><U57/><E57/><V16/><F32/><W0/><G0/><T108/><D1/><U117/><E75/><V36/><F36/><W59/><G59/><T19/><D5/><U37/><E37/><V118/><F118/><W21/><G21/><T22/><D7/><U25/><E74/><V107/><F107/><W133/><G61/><T131/><D131/><U48/><E48/><V55/><F55/><W80/><G60/><T90/><D73/><U50/><E50/><V14/><F27/><W46/><G54/><T92/><D22/><U20/><E117/><V115/><F26/><W35/><G56/><T113/><D113/><U87/><E94/><V79/><F115/><W104/><G35/><T91/><D92/><U106/><E106/><V68/><F68/><RYUUKYOKU ba="1,0" sc="257,-10,341,30,68,-10,334,-10" hai1="20,25,87,88,93,97,98,99,134,135" /><INIT seed="4,2,0,4,3,52" ten="247,371,58,324" oya="0" hai0="34,36,33,126,93,11,75,96,105,123,29,57,85" hai1="22,76,82,4,68,31,87,54,16,83,92,19,10" hai2="112,72,74,48,0,66,101,63,65,127,46,45,91" hai3="106,49,94,18,104,121,84,40,60,69,15,113,124"/><T89/><D123/><U77/><E68/><V86/><F0/><W129/><G106/><T9/><D36/><U47/><E92/><V8/><F101/><W64/><G104/><T14/><D126/><U71/><E71/><V50/><F127/><W95/><G124/><T119/><D119/><U78/><E31/><V132/><F112/><W32/><G32/><T116/><D116/><U24/><E19/><V59/><F132/><W17/><G113/><T134/><D75/><U6/><E10/><V73/><F65/><W13/><G129/><T135/><D9/><U61/><E77/><V38/><F8/><W122/><G17/><T114/><D114/><U30/><E30/><V99/><F99/><W41/><G15/><T12/><D12/><U62/><E62/><V103/><F103/><W108/><G108/><T44/><D44/><U43/><E54/><V1/><F1/><W102/><G102/><T21/><D21/><U56/><E61/><V39/><F46/><N who="3" m="25799" /><G41/><T90/><D29/><U20/><E20/><V118/><F118/><W117/><G117/><T109/><D109/><U133/><E133/><V107/><F107/><W100/><G100/><T81/><D105/><U26/><E26/><V131/><F131/><W35/><G35/><N who="0" m="13323" /><D134/><U37/><E56/><V7/><F7/><W25/><G13/><T2/><D14/><U110/><REACH who="1" step="1"/><E110/><REACH who="1" ten="247,361,58,324" step="2"/><V79/><F79/><W111/><G111/><T97/><D135/><U98/><E98/><V53/><REACH who="2" step="1"/><F50/><REACH who="2" ten="247,361,48,324" step="2"/><W125/><G125/><T23/><D96/><U55/><E55/><V28/><F28/><W88/><G121/><RYUUKYOKU ba="2,2" sc="247,-15,361,15,48,15,324,-15" hai1="4,6,16,22,24,37,43,47,76,78,82,83,87" hai2="38,39,45,48,53,59,63,66,72,73,74,86,91" /><INIT seed="5,3,2,5,5,42" ten="232,376,63,309" oya="1" hai0="105,76,19,93,56,24,44,37,53,90,66,71,21" hai1="27,91,69,84,114,15,45,50,103,47,118,129,126" hai2="73,22,85,113,80,46,62,32,121,122,102,39,34" hai3="2,9,128,38,112,110,78,106,48,30,67,132,31"/><U74/><E74/><V0/><F73/><W95/><G38/><T6/><D105/><U17/><E118/><V94/><F0/><W99/><G106/><T92/><D76/><U23/><E69/><V70/><F113/><W115/><G110/><T28/><D6/><U123/><E123/><V49/><F39/><W40/><G128/><T25/><D71/><U29/><E129/><V13/><F34/><W117/><G132/><T124/><D124/><U77/><E114/><N who="3" m="43562" /><G67/><T98/><D66/><U107/><E77/><V133/><F32/><W86/><G86/><T36/><D92/><U41/><E126/><V87/><F133/><W20/><G78/><T130/><D44/><N who="1" m="25871" /><E103/><V8/><F22/><W57/><G117/><T59/><D59/><U82/><E107/><V79/><F62/><W127/><G127/><T61/><REACH who="0" step="1"/><D130/><REACH who="0" ten="222,376,63,309" step="2"/><U109/><E109/><V5/><F70/><W116/><G116/><T119/><D119/><U1/><E1/><V43/><REACH who="2" step="1"/><F85/><REACH who="2" ten="222,376,53,309" step="2"/><W35/><G2/><T75/><D75/><U96/><E96/><AGARI ba="3,4" hai="5,8,13,43,46,49,79,80,87,94,96,102,121,122" machi="96" ten="40,8000,1" yaku="1,1,2,1,25,2,52,1,53,0" doraHai="42" doraHaiUra="52" who="2" fromWho="1" sc="222,0,376,-89,53,129,309,0" /><INIT seed="6,0,0,0,0,25" ten="222,287,182,309" oya="2" hai0="118,64,26,132,105,75,8,32,83,120,110,109,20" hai1="1,108,114,74,100,34,14,6,9,42,48,79,65" hai2="3,77,113,115,130,28,82,94,58,91,22,93,30" hai3="135,40,87,41,90,84,12,39,15,76,92,69,11"/><V67/><F3/><W13/><G69/><T37/><D105/><U122/><E108/><V103/><F130/><W124/><G135/><T2/><D132/><U29/><E1/><V70/><F70/><W85/><G124/><T88/><D120/><U46/><E65/><V127/><F127/><W21/><G39/><T131/><D37/><U52/><E114/><N who="2" m="43531" /><F22/><W96/><G76/><T68/><D32/><U119/><E119/><V18/><F18/><W73/><G73/><T53/><D118/><U51/><E122/><V134/><F134/><W38/><G38/><T47/><D131/><U66/><E66/><V27/><F27/><W133/><G133/><T19/><D64/><U63/><E34/><V50/><F103/><W125/><G125/><T97/><D68/><U7/><E100/><V72/><F94/><W128/><G128/><T43/><D26/><U45/><E6/><V129/><F129/><W78/><G78/><T5/><D20/><U121/><E121/><V57/><F50/><W17/><G13/><T56/><D19/><AGARI ba="0,0" hai="11,12,15,17,19,21,40,41,84,85,87,90,92,96" machi="19" ten="40,1300,0" yaku="8,1" doraHai="25" who="3" fromWho="0" sc="222,-13,287,0,182,0,309,13" /><INIT seed="7,0,0,1,5,131" ten="209,287,182,322" oya="3" hai0="98,55,53,107,93,91,92,46,124,45,128,70,102" hai1="6,78,44,62,127,83,18,39,16,123,114,49,7" hai2="119,133,56,104,110,34,111,35,65,130,94,30,21" hai3="117,66,79,13,1,106,19,27,69,37,105,29,135"/><W120/><G117/><T36/><D70/><U10/><E123/><V97/><F104/><W73/><G13/><T58/><D128/><U8/><E114/><V15/><F130/><W100/><G135/><T59/><D124/><U99/><E39/><V57/><F119/><W32/><G19/><T122/><D107/><U68/><E99/><V116/><F116/><W48/><G48/><N who="0" m="31079" /><D36/><U26/><E26/><V40/><F40/><W108/><G120/><T112/><D112/><U52/><E68/><V121/><F121/><W88/><G88/><T4/><D4/><U0/><E62/><V43/><F43/><W103/><G103/><T50/><D122/><U132/><E132/><V63/><F57/><W47/><G1/><T96/><AGARI ba="0,0" hai="45,46,50,53,59,91,92,93,96,98,102" m="31079" machi="96" ten="30,1100,0" yaku="8,1" doraHai="131" who="0" fromWho="0" sc="209,11,287,-3,182,-3,322,-5" owari="220,-18.0,284,8.0,179,-32.0,317,42.0" /></mjloggm>