<mjloggm ver="2.3"><GO type="169" lobby="0"/><UN n0="%6B%6F%74%61%6B%6F%74%61" n1="%E6%AF%94%E5%98%89%E7%A6%BF%E4%BB%81" n2="%E3%82%82%E3%82%93%E3%81%94%E3%82%8B%30%36%31%35" n3="%E5%AE%AE%E6%B0%B8%E7%85%A7%2E" dan="16,16,17,16" rate="2089.12,2119.56,2223.74,2152.88" sx="M,M,M,M"/><TAIKYOKU oya="0"/><INIT seed="0,0,0,3,0,37" ten="250,250,250,250" oya="0" hai0="2,46,53,0,91,126,51,25,115,63,122,50,89" hai1="127,40,130,80,81,73,133,79,84,118,103,125,107" hai2="97,16,22,24,39,57,83,30,6,35,95,4,9" hai3="56,15,21,94,132,117,75,101,134,42,109,5,54"/><T7/><D115/><U78/><E118/><V88/><F39/><W11/><G117/><T90/><D122/><U72/><E133/><N who="3" m="51306" /><G75/><T13/><D126/><N who="1" m="48139" /><E40/><V65/><F65/><W45/><G109/><T113/><D113/><U121/><E121/><V66/><F66/><W112/><G112/><T62/><D25/><U92/><E130/><V87/><F57/><W14/><G101/><T41/><D13/><U31/><E31/><V8/><F35/><W123/><G94/><T64/><D7/><N who="2" m="2602" /><F30/><W129/><G129/><T17/><D17/><U23/><E23/><V36/><F36/><N who="3" m="21703" /><G123/><T104/><D104/><U106/><E72/><V71/><F71/><W34/><G34/><T131/><D131/><U52/><E52/><V32/><F32/><W48/><G21/><T59/><REACH who="0" step="1"/><D63/><REACH who="0" ten="240,250,250,250" step="2"/><U49/><E49/><V58/><F58/><AGARI ba="0,1" hai="0,2,41,46,50,51,53,58,59,62,64,89,90,91" machi="58" ten="40,7700,0" yaku="1,1,2,1,52,1,53,0" doraHai="37" doraHaiUra="76" who="0" fromWho="2" sc="240,87,250,0,250,-77,250,0" /><INIT seed="0,1,0,1,4,110" ten="327,250,173,250" oya="0" hai0="0,9,16,119,102,94,60,131,23,29,58,39,67" hai1="26,37,30,47,87,130,112,81,95,5,109,45,49" hai2="63,65,104,128,6,92,11,48,83,64,32,132,14" hai3="93,22,120,123,24,36,55,108,116,99,1,82,88"/><T56/><D119/><U43/><E109/><V19/><F104/><W68/><G108/><T40/><D131/><U59/><E130/><V122/><F32/><W118/><G1/><T2/><D58/><U85/><E5/><V52/><F128/><W33/><G36/><T34/><D34/><U13/><E13/><V113/><F132/><W61/><G33/><T79/><D79/><U111/><E111/><V71/><F122/><N who="3" m="46635" /><G82/><T54/><D54/><U106/><E106/><V78/><F65/><N who="3" m="41007" /><G55/><T15/><D40/><U4/><E59/><V10/><F92/><W27/><G27/><N who="0" m="16639" /><D39/><U12/><E37/><V74/><F11/><W105/><G105/><T91/><D91/><U80/><E47/><V75/><F6/><W124/><G124/><T114/><D114/><U38/><E112/><V107/><F107/><W28/><AGARI ba="1,0" hai="22,24,28,88,93,99,116,118" m="41007,46635" machi="28" ten="30,2000,0" yaku="13,1,54,1" doraHai="110" who="3" fromWho="3" sc="327,-11,250,-6,173,-6,250,23" /><INIT seed="1,0,0,5,3,93" ten="316,244,167,273" oya="1" hai0="36,34,77,42,134,104,17,29,69,119,126,5,60" hai1="52,31,7,132,38,121,129,12,26,8,115,30,101" hai2="111,47,50,75,108,91,87,4,6,27,43,45,114" hai3="67,3,28,107,110,130,66,125,71,105,35,23,102"/><U62/><E115/><V25/><F75/><W16/><G110/><T100/><D17/><U94/><E121/><V32/><F114/><W14/><G130/><T116/><D77/><U53/><E129/><V48/><F32/><W79/><G125/><T11/><D134/><U96/><E132/><V68/><F68/><W97/><G79/><T39/><D126/><U78/><E38/><V95/><F111/><W70/><G105/><T90/><D90/><U10/><E78/><V24/><REACH who="2" step="1"/><F108/><REACH who="2" ten="316,244,157,273" step="2"/><W20/><G35/><T127/><D69/><U118/><E118/><V103/><F103/><W40/><G71/><T133/><D100/><U33/><E31/><V57/><F57/><W106/><G70/><T109/><D29/><U37/><E37/><V89/><F89/><W59/><G102/><T74/><D39/><U82/><E82/><V76/><F76/><W112/><G28/><T83/><D83/><U9/><REACH who="1" step="1"/><E62/><REACH who="1" ten="316,234,157,273" step="2"/><V80/><F80/><W54/><G112/><T65/><D60/><U1/><E1/><V88/><F88/><W113/><G3/><T63/><D63/><U86/><E86/><V58/><F58/><W85/><G59/><T2/><D36/><U117/><E117/><V124/><F124/><W13/><G85/><T99/><D127/><U18/><E18/><V51/><F51/><W0/><G16/><T120/><D119/><U131/><E131/><V49/><F49/><W135/><G113/><T21/><D116/><U72/><E72/><V19/><F19/><N who="3" m="10351" /><G135/><T122/><D133/><U92/><E92/><V81/><F81/><W128/><G128/><RYUUKYOKU ba="0,2" sc="316,-15,234,15,157,15,273,-15" hai1="7,8,9,10,12,26,30,33,52,53,94,96,101" hai2="4,6,24,25,27,43,45,47,48,50,87,91,95" /><INIT seed="1,1,2,2,0,32" ten="301,249,172,258" oya="1" hai0="88,66,128,96,78,90,94,103,39,99,72,59,21" hai1="8,122,57,77,0,129,12,40,58,134,127,33,41" hai2="93,23,2,124,109,75,132,44,130,50,89,38,116" hai3="112,13,117,125,34,98,37,20,31,100,61,83,108"/><U74/><E122/><V35/><RYUUKYOKU type="yao9" ba="1,2" sc="301,0,249,0,172,0,258,0" hai2="2,23,35,38,44,50,75,89,93,109,116,124,130,132" /><INIT seed="1,2,2,1,0,100" ten="301,249,172,258" oya="1" hai0="42,8,59,9,126,29,99,7,4,70,58,112,38" hai1="117,75,69,74,133,108,87,14,31,45,25,134,65" hai2="127,122,118,15,10,40,101,114,89,82,95,128,84" hai3="32,2,97,91,71,62,83,113,107,93,0,90,92"/><U111/><E117/><V103/><F122/><W33/><G113/><T23/><D112/><U79/><E87/><V44/><F128/><W106/><G83/><T88/><D70/><U12/><E45/><V64/><F127/><W129/><G129/><T123/><D42/><U5/><E65/><V131/><F131/><W68/><G97/><T81/><D38/><U110/><E69/><V105/><F105/><W22/><G22/><T13/><D126/><U37/><E37/><V24/><F64/><W104/><G104/><T49/><D123/><U61/><E61/><AGARI ba="2,2" hai="0,2,32,33,61,62,68,71,90,91,92,93,106,107" machi="61" ten="25,6400,0" yaku="22,2,52,2" doraHai="100" who="3" fromWho="1" sc="301,0,249,-70,172,0,258,90" /><INIT seed="2,0,0,4,0,25" ten="301,179,172,348" oya="2" hai0="115,102,62,68,29,0,110,76,91,105,133,3,8" hai1="13,101,66,14,26,70,16,15,89,131,36,19,23" hai2="41,128,73,59,50,87,127,134,95,114,37,43,46" hai3="82,104,57,24,72,90,123,85,9,18,75,10,5"/><V119/><F73/><W22/><G123/><T100/><D91/><U116/><E116/><V81/><F114/><W98/><G10/><T11/><D76/><U2/><E36/><V1/><F1/><W92/><G104/><T58/><D58/><U34/><E101/><V121/><F121/><W52/><G9/><T109/><D62/><U42/><E42/><V53/><F119/><W67/><G5/><T48/><D48/><U120/><E120/><V132/><F95/><W17/><G17/><T83/><D83/><U111/><E89/><V12/><F128/><W6/><G6/><T113/><D68/><U28/><E66/><V27/><F12/><N who="1" m="4713" /><E70/><V64/><F27/><W7/><G67/><T33/><D33/><U40/><E40/><N who="2" m="22799" /><F127/><W65/><G65/><T94/><D94/><U84/><E84/><V129/><F129/><W86/><G7/><T32/><D32/><U77/><E77/><V108/><F64/><W107/><G107/><T51/><D51/><U93/><E93/><V126/><F126/><W135/><G85/><T49/><D49/><U45/><E45/><V4/><F4/><W47/><G47/><T96/><D105/><U60/><E60/><V97/><F97/><W69/><G69/><T79/><D96/><U103/><E2/><V118/><F118/><W35/><G75/><T55/><D113/><U38/><E38/><V21/><F43/><W99/><G99/><T44/><D115/><U117/><E117/><V56/><F41/><W39/><G39/><T61/><D0/><U20/><E131/><V54/><F87/><W71/><G86/><RYUUKYOKU ba="0,0" sc="301,0,179,0,172,0,348,0" /><INIT seed="3,1,0,4,4,26" ten="301,179,172,348" oya="3" hai0="13,108,44,105,103,74,7,57,79,21,54,14,99" hai1="9,37,48,52,132,2,87,3,92,116,135,43,61" hai2="111,115,40,5,0,55,77,86,100,36,24,93,101" hai3="89,114,32,17,85,15,12,8,129,63,75,91,73"/><W49/><G114/><T130/><D108/><U23/><E116/><V59/><F111/><W98/><G129/><T56/><D130/><U133/><E61/><V39/><F115/><W33/><G49/><T65/><D7/><U35/><E35/><V69/><F69/><W131/><G131/><T29/><D74/><U67/><E67/><V27/><F0/><W82/><G75/><T38/><D79/><U11/><E43/><V46/><F36/><W110/><G73/><T123/><D123/><U42/><E42/><V81/><F5/><W66/><G110/><T128/><D128/><U94/><E23/><V117/><F117/><W6/><G91/><T71/><D71/><U4/><E37/><V134/><F134/><W22/><REACH who="3" step="1"/><G98/><REACH who="3" ten="301,179,172,338" step="2"/><T34/><D99/><U53/><E135/><V41/><F41/><W96/><G96/><T20/><D38/><U109/><E109/><V28/><F93/><W125/><G125/><T30/><D103/><U76/><E76/><V58/><F100/><W104/><G104/><T72/><D72/><U62/><E48/><V60/><F101/><W102/><G102/><T18/><D105/><U25/><E133/><V95/><F95/><W1/><G1/><T47/><D47/><U127/><E127/><V83/><F83/><W107/><G107/><T31/><D44/><U10/><E2/><V88/><F77/><W119/><G119/><T126/><D126/><U90/><E132/><V106/><F106/><W50/><G50/><T78/><D78/><U16/><E94/><V124/><F124/><W118/><G118/><T121/><D121/><RYUUKYOKU ba="1,1" sc="301,-10,179,-10,172,-10,338,30" hai3="6,8,12,15,17,22,32,33,63,66,82,85,89" /><INIT seed="3,2,1,1,1,87" ten="291,169,162,368" oya="3" hai0="43,65,83,16,18,5,28,37,101,103,53,86,13" hai1="73,8,1,77,25,52,33,109,4,78,35,135,30" hai2="19,96,100,112,46,40,94,23,66,80,89,59,114" hai3="26,131,7,124,99,14,119,116,92,120,11,2,111"/><W64/><G120/><T91/><D65/><U49/><E109/><V15/><F80/><W117/><G131/><T61/><D28/><U70/><E135/><V32/><F32/><W85/><G124/><T105/><D5/><U21/><E70/><V38/><F66/><W108/><G64/><T51/><D37/><U74/><E78/><V98/><REACH who="2" step="1"/><F59/><REACH who="2" ten="291,169,152,368" step="2"/><W79/><G111/><T57/><D105/><AGARI ba="2,2" hai="15,19,23,38,40,46,89,94,96,98,100,105,112,114" machi="105" ten="30,7700,0" yaku="1,1,2,1,7,1,52,1,53,0" doraHai="87" doraHaiUra="45" who="2" fromWho="0" sc="291,-83,169,0,152,103,368,0" /><INIT seed="4,0,0,0,3,31" ten="208,169,255,368" oya="0" hai0="123,68,8,126,88,42,34,97,9,135,25,110,3" hai1="44,100,65,106,40,79,46,99,13,63,38,113,118" hai2="50,19,121,53,119,61,5,59,95,81,16,12,73" hai3="60,45,22,91,6,67,94,117,37,21,75,109,23"/><T7/><D123/><U56/><E118/><V52/><F121/><W1/><G109/><T128/><D110/><U26/><E113/><V83/><F5/><W47/><G75/><T101/><D68/><U112/><E112/><V98/><F73/><W114/><G117/><T92/><D126/><U72/><E72/><V105/><F105/><W78/><G78/><T4/><D128/><U71/><E79/><V62/><F119/><W49/><G37/><T82/><D135/><U122/><E122/><V54/><F61/><W86/><G114/><T35/><D42/><U17/><E46/><V90/><F19/><W80/><G1/><T51/><D51/><U43/><E43/><V0/><F0/><W108/><G6/><T57/><D57/><U87/><E87/><V48/><F48/><W33/><G33/><T58/><D58/><U41/><E41/><V66/><REACH who="2" step="1"/><F50/><REACH who="2" ten="208,169,245,368" step="2"/><W70/><G108/><T96/><D25/><U103/><E26/><V129/><F129/><W18/><G18/><T69/><D69/><U55/><E106/><V29/><F29/><W27/><G27/><T107/><D82/><U131/><E131/><V127/><F127/><W133/><G49/><T89/><D89/><U74/><E71/><V14/><F14/><AGARI ba="0,1" hai="3,4,7,8,9,14,34,35,88,92,96,97,101,107" machi="14" ten="30,11600,0" yaku="7,1,52,2,54,1" doraHai="31" who="0" fromWho="2" sc="208,126,169,0,245,-116,368,0" /><INIT seed="4,1,0,1,5,126" ten="334,169,129,368" oya="0" hai0="121,29,37,102,34,49,33,56,77,104,100,73,53" hai1="61,11,82,62,24,115,133,2,90,122,45,32,135" hai2="25,46,35,54,96,97,68,43,20,130,108,41,99" hai3="76,12,5,70,117,40,6,63,129,81,78,16,123"/><T60/><D121/><U17/><E122/><V118/><F108/><W19/><G117/><T110/><D110/><U14/><E45/><V89/><F35/><W85/><G123/><T30/><D37/><U92/><E82/><V58/><F68/><W112/><G129/><T128/><D34/><U114/><E2/><V134/><F134/><N who="1" m="51209" /><E24/><V31/><F118/><W69/><G112/><N who="1" m="43050" /><E32/><V75/><F75/><W39/><G81/><T79/><D73/><U13/><E14/><V72/><F72/><W22/><G12/><T116/><D30/><U98/><AGARI ba="1,0" hai="11,13,17,61,62,90,92,98" m="43050,51209" machi="98" ten="30,4000,0" yaku="20,1,15,1,11,1" doraHai="126" who="1" fromWho="1" sc="334,-21,169,43,129,-11,368,-11" /><INIT seed="5,0,0,2,3,36" ten="313,212,118,357" oya="1" hai0="86,15,61,77,130,3,89,80,95,66,127,45,112" hai1="8,63,103,9,73,111,47,78,7,56,42,6,39" hai2="33,60,124,85,59,116,117,135,102,17,123,88,125" hai3="96,41,43,10,62,50,119,98,83,90,74,29,82"/><U68/><E111/><V48/><F33/><W34/><G119/><T57/><D3/><N who="1" m="95" /><E103/><V27/><F102/><W79/><G34/><T93/><D112/><U108/><E108/><V44/><F27/><W25/><G10/><T51/><D127/><U131/><E56/><V54/><F17/><W32/><G62/><T69/><D130/><U110/><E110/><V75/><F75/><W24/><G24/><T100/><D69/><U106/><E131/><V19/><F19/><W99/><REACH who="3" step="1"/><G50/><REACH who="3" ten="313,212,118,347" step="2"/><T13/><D51/><U28/><E63/><V26/><F26/><W22/><G22/><T11/><D11/><U65/><E9/><V72/><F116/><W92/><G92/><T113/><D95/><U132/><E7/><V133/><F117/><W120/><G120/><T55/><D113/><U118/><E118/><V23/><F23/><W37/><G37/><T76/><D93/><U87/><E28/><V21/><F21/><W14/><G14/><T109/><D13/><U71/><E39/><V126/><F123/><W2/><G2/><T52/><D15/><U4/><E4/><V58/><F72/><W104/><G104/><T5/><D61/><U35/><E106/><V121/><F121/><W84/><AGARI ba="0,1" hai="25,29,32,41,43,74,79,82,83,84,90,96,98,99" machi="84" ten="30,7900,0" yaku="1,1,0,1,52,2,53,0" doraHai="36" doraHaiUra="12" who="3" fromWho="3" sc="313,-20,212,-39,118,-20,347,89" /><INIT seed="6,0,0,2,4,26" ten="293,173,98,436" oya="2" hai0="125,54,97,80,78,23,103,120,61,51,129,59,115" hai1="6,110,89,22,24,63,58,18,42,1,33,32,72" hai2="30,123,81,108,85,45,7,44,9,4,5,14,113" hai3="60,43,70,28,15,83,57,21,66,133,65,99,8"/><V131/><F123/><W92/><G133/><T34/><D34/><U76/><E110/><V90/><F108/><W20/><G43/><T53/><D120/><U109/><E109/><V0/><F131/><W3/><G3/><T79/><D115/><U67/><E42/><V40/><F113/><W101/><G70/><T95/><D125/><U56/><E72/><V105/><F105/><W84/><G28/><T119/><D119/><U116/><E76/><V31/><F0/><W48/><G48/><T82/><D129/><U127/><E116/><V73/><F73/><W87/><G66/><T132/><D132/><U46/><E46/><N who="2" m="18027" /><F40/><W62/><G62/><T86/><D23/><N who="3" m="8777" /><G83/><T126/><D126/><U135/><E135/><V13/><F13/><W100/><G100/><T10/><D10/><U64/><E127/><V27/><F27/><W112/><G112/><T130/><D130/><U88/><E33/><V111/><F111/><W69/><G69/><T68/><D68/><U11/><E32/><V121/><F121/><W16/><AGARI ba="0,0" hai="8,15,16,57,60,65,84,87,92,99,101" m="8777" machi="16" ten="30,2000,0" yaku="8,1,54,1" doraHai="26" who="3" fromWho="3" sc="293,-5,173,-5,98,-10,436,20" /><INIT seed="7,0,0,0,0,127" ten="288,168,88,456" oya="3" hai0="71,37,0,15,130,3,106,13,113,29,115,58,24" hai1="27,89,48,124,110,86,9,98,11,109,122,25,94" hai2="40,22,72,26,120,60,18,131,35,2,126,30,125" hai3="90,46,128,67,32,96,20,119,92,54,102,12,34"/><W81/><G128/><T19/><D58/><U23/><E122/><V69/><F72/><W100/><G119/><T84/><D84/><U87/><E124/><N who="2" m="47723" /><F40/><W76/><G34/><T66/><D66/><U77/><E77/><V10/><F69/><W117/><G32/><T114/><D106/><U83/><E87/><V85/><F85/><N who="3" m="48295" /><G67/><T49/><D49/><U63/><E86/><V33/><F60/><W134/><G134/><T129/><D37/><U121/><E63/><V6/><F35/><W21/><G117/><T104/><D104/><U8/><E48/><V82/><F82/><W64/><G64/><T42/><D42/><U135/><E83/><V97/><F97/><W91/><G12/><N who="0" m="4683" /><D19/><U78/><E78/><V70/><F70/><W68/><G68/><T74/><D71/><U123/><E98/><V43/><F43/><W61/><G91/><T50/><D50/><U93/><E89/><V99/><F99/><W1/><G46/><T112/><N who="0" m="28672" /><DORA hai="47" /><T14/><N who="0" m="4691" /><T101/><DORA hai="95" /><D101/><U45/><E45/><V57/><F57/><W36/><G36/><T75/><D75/><U132/><E123/><V17/><F120/><W80/><G100/><T53/><D53/><U65/><E65/><V7/><F7/><W116/><G102/><T111/><D74/><U44/><E44/><V4/><F4/><W107/><G54/><T38/><D38/><U105/><E121/><V16/><F131/><N who="0" m="50186" /><D111/><U31/><E110/><V103/><F103/><W56/><G56/><T39/><D39/><U108/><E108/><V79/><F79/><W55/><G107/><RYUUKYOKU ba="0,0" sc="288,15,168,-15,88,15,456,-15" hai0="0,3,24,29" hai2="2,6,10,16,17,18,22,26,30,33" owari="303,10.0,153,-25.0,103,-40.0,441,55.0" /></mjloggm>