<mjloggm ver="2.3"><GO type="185" lobby="0"/><UN n0="%E3%83%8F%E3%83%94%E3%83%AA%E3%83%83%E3%83%88" n1="%6B%6F%7A" n2="%E5%85%A5%E5%B7%A3%E6%9F%9A%E5%AE%9F" n3="" dan="17,17,16,0" rate="2215.55,2135.90,2190.53,1500.00" sx="M,M,F,C"/><TAIKYOKU oya="0"/><INIT seed="0,0,0,2,4,75" ten="350,350,350,0" oya="0" hai0="70,36,109,94,81,1,46,85,3,32,42,113,107" hai1="69,80,72,61,2,66,104,47,0,60,100,120,64" hai2="127,74,97,50,73,121,90,117,112,84,40,134,93" hai3=""/><T39/><D32/><U125/><N who="1" m="30752" /><U76/><E125/><V129/><N who="2" m="31008" /><V115/><F127/><T48/><D113/><U91/><E91/><V68/><F68/><T105/><D70/><U82/><E47/><V41/><F134/><T53/><D39/><U52/><E52/><V124/><F129/><T49/><D36/><U116/><E116/><V95/><F117/><T56/><D109/><U128/><E128/><V57/><F41/><T33/><D33/><U110/><E110/><V101/><F124/><T78/><REACH who="0" step="1"/><D94/><REACH who="0" ten="340,350,350,0" step="2"/><U126/><E126/><V103/><F115/><T62/><D62/><U44/><E61/><V114/><F114/><T89/><D89/><U51/><E60/><V45/><F112/><T77/><D77/><U132/><E76/><V135/><F135/><T38/><D38/><U67/><E69/><V131/><F131/><T130/><D130/><U98/><E132/><V59/><F103/><T83/><D83/><U88/><E82/><V37/><F37/><T54/><D54/><U99/><E80/><V123/><N who="2" m="31520" /><V71/><REACH who="2" step="1"/><F71/><REACH who="2" ten="340,350,340,0" step="2"/><T133/><D133/><U106/><E100/><V86/><F86/><T118/><D118/><U122/><E122/><V35/><F35/><T92/><D92/><RYUUKYOKU ba="0,2" sc="340,10,350,-20,340,10,0,0" hai0="1,3,42,46,48,49,53,56,78,81,85,105,107" hai2="40,45,50,57,59,73,74,84,90,93,95,97,101" /><INIT seed="0,1,2,2,2,83" ten="350,330,350,0" oya="0" hai0="71,114,85,45,64,61,103,49,123,101,135,127,44" hai1="79,97,108,106,62,72,39,70,47,66,92,46,0" hai2="3,133,60,115,32,63,122,55,104,69,111,57,52" hai3=""/><T131/><N who="0" m="31520" /><T93/><D114/><U2/><E108/><V41/><N who="2" m="31264" /><V68/><F111/><T130/><D135/><U126/><E106/><V129/><F32/><T99/><D127/><U34/><E34/><V74/><F74/><T120/><N who="0" m="30752" /><T75/><D75/><U80/><E126/><V56/><F104/><T124/><D124/><U119/><E119/><V82/><F3/><T76/><D101/><U102/><E39/><V67/><F133/><T90/><D76/><U43/><E47/><V96/><F96/><T125/><D125/><U117/><E117/><V105/><F105/><T54/><REACH who="0" step="1"/><D45/><REACH who="0" ten="340,330,350,0" step="2"/><U88/><E102/><V35/><F115/><T116/><D116/><U42/><E46/><V50/><F35/><T81/><AGARI ba="1,3" hai="44,49,54,61,64,71,81,85,90,93,99,103,130,131" m="30752,31520" machi="81" ten="30,8000,1" yaku="1,1,0,1,52,3,53,0" doraHai="83" doraHaiUra="132" who="0" fromWho="0" sc="340,112,330,-41,350,-41,0,0" /><INIT seed="0,2,0,3,4,1" ten="452,289,309,0" oya="0" hai0="115,77,133,66,119,40,113,36,46,55,81,0,41" hai1="123,56,125,91,39,42,37,92,89,132,117,63,61" hai2="118,57,49,52,59,108,75,109,130,79,99,69,64" hai3=""/><T68/><D0/><U71/><N who="1" m="31520" /><U72/><E117/><V38/><F130/><T122/><N who="0" m="31264" /><T35/><D119/><U88/><E132/><V98/><F118/><T53/><D133/><U114/><E125/><V58/><F38/><T131/><D131/><U116/><E116/><V78/><F69/><T110/><D110/><U70/><E72/><V74/><F64/><T34/><D41/><U93/><E114/><V82/><F59/><T33/><D113/><U95/><E42/><V97/><REACH who="2" step="1"/><F58/><REACH who="2" ten="452,289,299,0" step="2"/><T2/><D115/><U32/><E56/><V67/><F67/><T106/><D2/><U101/><E71/><V48/><F48/><T47/><D47/><U135/><E70/><V85/><F85/><T65/><D65/><U129/><E129/><V60/><F60/><T87/><D66/><U73/><E63/><V80/><AGARI ba="2,1" hai="49,52,57,74,75,78,79,80,82,97,98,99,108,109" machi="80" ten="30,5900,0" yaku="1,1,0,1,9,1,54,1,53,0" doraHai="1" doraHaiUra="3" who="2" fromWho="2" sc="452,-41,289,-22,299,73,0,0" /><INIT seed="1,0,0,4,5,53" ten="411,267,372,0" oya="1" hai0="89,41,0,115,99,118,112,43,38,67,93,121,101" hai1="57,49,107,64,100,35,63,117,111,92,74,86,68" hai2="90,87,125,59,72,119,131,130,77,42,34,66,82" hai3=""/><U55/><E117/><V76/><F119/><T85/><N who="0" m="31008" /><T120/><N who="0" m="30752" /><T3/><D118/><U135/><E35/><V2/><F125/><T46/><D67/><U96/><E135/><V102/><F2/><T104/><REACH who="0" step="1"/><D43/><REACH who="0" ten="401,267,372,0" step="2"/><U110/><REACH who="1" step="1"/><E74/><REACH who="1" ten="401,257,372,0" step="2"/><V106/><F72/><T129/><D129/><U69/><E69/><V79/><F131/><T78/><D78/><U73/><E73/><V47/><F130/><T33/><D33/><U60/><E60/><V45/><F34/><T94/><D94/><U133/><E133/><V105/><F77/><T113/><AGARI ba="0,2" hai="0,3,38,41,46,85,89,93,99,101,104,112,113,115" m="30752,31008" machi="113" ten="30,5900,0" yaku="1,1,0,1,52,2,53,0" doraHai="53" doraHaiUra="52" who="0" fromWho="0" sc="401,79,257,-39,372,-20,0,0" /><INIT seed="2,0,0,4,3,108" ten="480,218,352,0" oya="2" hai0="39,73,85,66,44,74,126,81,113,125,121,105,53" hai1="38,77,75,51,50,34,93,127,118,37,82,112,122" hai2="97,48,90,36,95,131,117,92,61,2,129,86,91" hai3=""/><V119/><F36/><T69/><N who="0" m="31008" /><T106/><D113/><U35/><N who="1" m="31264" /><U111/><E111/><V133/><F2/><T70/><D105/><U96/><E127/><N who="0" m="48649" /><D106/><U132/><E132/><V100/><F133/><T41/><D53/><U43/><E118/><N who="2" m="45067" /><F48/><T58/><D58/><U52/><E112/><V56/><F56/><T89/><D66/><U115/><E115/><V104/><F61/><T40/><D40/><U33/><E43/><V71/><F71/><AGARI ba="0,0" hai="39,41,44,69,70,71,73,74,81,85,89" m="48649,31008" machi="71" ten="30,2000,0" yaku="18,1,52,1" doraHai="108" who="0" fromWho="2" sc="480,20,218,0,352,-20,0,0" /><INIT seed="4,0,0,4,1,46" ten="500,218,332,0" oya="0" hai0="1,51,133,100,78,91,102,76,44,43,74,65,84" hai1="62,107,94,71,58,87,101,88,82,67,36,2,96" hai2="118,92,130,70,55,121,108,114,73,86,99,122,98" hai3=""/><T35/><D1/><U110/><E110/><V127/><N who="2" m="31008" /><V47/><N who="2" m="31264" /><V75/><F108/><T79/><D35/><U42/><E2/><V33/><F33/><T109/><D74/><U32/><E32/><V40/><F70/><T37/><D109/><U45/><REACH who="1" step="1"/><E71/><REACH who="1" ten="500,208,332,0" step="2"/><V117/><F117/><T104/><D133/><U59/><E59/><V129/><F118/><T34/><D34/><U68/><E68/><V89/><F130/><T53/><D78/><U113/><E113/><V134/><F114/><T57/><D79/><U61/><E61/><V69/><F129/><T95/><D76/><U64/><E64/><V48/><F69/><T41/><D65/><U97/><E97/><V106/><F99/><T50/><D57/><U128/><E128/><V39/><F134/><T93/><D44/><U119/><E119/><V120/><N who="2" m="30752" /><V105/><F98/><T49/><D41/><U52/><E52/><V72/><REACH who="2" step="1"/><F127/><REACH who="2" ten="500,208,322,0" step="2"/><T0/><D0/><U115/><E115/><V83/><F83/><AGARI ba="0,2" hai="36,42,45,58,62,67,82,83,87,88,94,96,101,107" machi="83" ten="40,5200,0" yaku="1,1,54,1,53,1" doraHai="46" doraHaiUra="60" who="1" fromWho="2" sc="500,0,208,72,322,-52,0,0" /><INIT seed="5,0,0,3,4,42" ten="500,280,270,0" oya="1" hai0="101,36,81,131,111,77,88,126,49,37,113,83,124" hai1="41,51,89,112,91,76,99,100,47,117,118,116,115" hai2="87,66,85,92,67,33,134,125,130,63,121,70,128" hai3=""/><U84/><E76/><V75/><N who="2" m="31008" /><V109/><F109/><T119/><D111/><U78/><E78/><V133/><F75/><T40/><D113/><U114/><REACH who="1" step="1"/><E84/><REACH who="1" ten="500,270,270,0" step="2"/><V74/><F87/><T104/><D77/><U93/><AGARI ba="0,1" hai="41,47,51,89,91,93,99,100,112,114,115,116,117,118" machi="93" ten="40,8000,1" yaku="1,1,2,1,0,1,15,1,52,1,53,0" doraHai="42" doraHaiUra="129" who="1" fromWho="1" sc="500,-40,270,90,270,-40,0,0" /><INIT seed="5,1,0,1,4,1" ten="460,360,230,0" oya="1" hai0="54,38,45,123,121,119,104,43,96,127,107,42,34" hai1="108,53,115,50,134,90,67,32,131,103,40,64,35" hai2="48,44,135,125,114,117,52,105,112,100,84,99,130" hai3=""/><U88/><E115/><N who="2" m="44075" /><F117/><T109/><N who="0" m="31008" /><T60/><N who="0" m="31520" /><T113/><D109/><U71/><E108/><V124/><F135/><T129/><D34/><U110/><E110/><V87/><F130/><T65/><D113/><U102/><E40/><V79/><F79/><T76/><D129/><U2/><E2/><V80/><F80/><T37/><D127/><AGARI ba="1,0" hai="44,48,52,84,87,99,100,105,124,125,127" m="44075" machi="127" ten="30,7700,0" yaku="18,1,15,1,11,1,54,1" doraHai="1" who="2" fromWho="0" sc="460,-79,360,0,230,79,0,0" /><INIT seed="6,0,0,0,0,57" ten="381,360,309,0" oya="2" hai0="112,99,126,45,48,52,91,77,33,114,107,84,54" hai1="62,59,123,65,49,125,72,76,58,50,53,70,134" hai2="0,124,92,93,95,102,122,97,3,130,86,46,1" hai3=""/><V113/><N who="2" m="31264" /><V128/><F113/><N who="0" m="43626" /><D33/><U115/><N who="1" m="31520" /><U98/><E115/><V32/><F32/><T89/><D126/><U127/><E134/><V100/><F124/><N who="1" m="47689" /><E98/><V78/><F46/><T64/><D64/><U47/><E76/><V105/><REACH who="2" step="1"/><F102/><REACH who="2" ten="381,360,299,0" step="2"/><T116/><D116/><U133/><E133/><V41/><F41/><T87/><D45/><U96/><E72/><V103/><F103/><T71/><D99/><U36/><E96/><V42/><F42/><T63/><D87/><U81/><E47/><V60/><F60/><T117/><D63/><U55/><E36/><V44/><F44/><T94/><D84/><U2/><E2/><V131/><F131/><T110/><D117/><U34/><E34/><V51/><F51/><T35/><D48/><U129/><E129/><V40/><F40/><T132/><D35/><U111/><E50/><V37/><F37/><T106/><D132/><U75/><E49/><V118/><F118/><T66/><D91/><U43/><E62/><V38/><F38/><T119/><D89/><U121/><E43/><V108/><F108/><T61/><D110/><U56/><E111/><V69/><F69/><T83/><D71/><U74/><E70/><V101/><F101/><T90/><D119/><RYUUKYOKU ba="0,1" sc="381,-10,360,-10,299,20,0,0" hai2="0,1,3,78,86,92,93,95,97,100,105,128,130" /><INIT seed="6,1,1,2,5,100" ten="371,350,319,0" oya="2" hai0="98,124,53,44,109,116,102,101,50,82,112,72,84" hai1="132,89,93,45,97,54,0,75,78,99,55,129,52" hai2="2,83,48,119,133,71,86,59,41,111,35,103,94" hai3=""/><V46/><F119/><T115/><D109/><U57/><E0/><V1/><F35/><T92/><D124/><U61/><E129/><V37/><F133/><T126/><D126/><U58/><E132/><V64/><F111/><T40/><D72/><U33/><E33/><V77/><F103/><T105/><D102/><U134/><E134/><V56/><F94/><T38/><D116/><U128/><E128/><V104/><F104/><T73/><D73/><U65/><E45/><V36/><F59/><T110/><D110/><U51/><REACH who="1" step="1"/><E97/><REACH who="1" ten="371,340,319,0" step="2"/><V67/><F37/><T106/><D115/><U43/><E43/><V66/><REACH who="2" step="1"/><F71/><REACH who="2" ten="371,340,309,0" step="2"/><T68/><D68/><U80/><AGARI ba="1,3" hai="51,52,54,55,57,58,61,65,75,78,80,89,93,99" machi="80" ten="30,3000,0" yaku="1,1,0,1,54,1,53,0" doraHai="100" doraHaiUra="69" who="1" fromWho="1" sc="371,-11,340,62,309,-21,0,0" owari="360,-4.0,402,35.0,288,-31.0,0,0.0" /></mjloggm>