<mjloggm ver="2.3"><GO type="169" lobby="0"/><UN n0="%E3%81%92%E3%82%93%E3%81%BE%E3%81%84" n1="%E3%81%8B%E3%81%A4%E3%81%BF%E3%82%93%E3%81%94%EF%BC%81" n2="%67%2D%65%6E%6B%69" n3="%E3%82%B1%E3%83%AB%E3%83%B4%E3%82%A3%E3%83%B3" dan="16,17,17,16" rate="2124.17,2151.58,2200.86,2110.58" sx="M,M,M,M"/><TAIKYOKU oya="0"/><INIT seed="0,0,0,2,4,32" ten="250,250,250,250" oya="0" hai0="124,4,51,104,122,7,83,123,34,65,8,42,80" hai1="84,39,89,16,87,1,59,100,88,56,94,130,133" hai2="17,40,5,82,18,36,92,46,70,61,128,58,29" hai3="121,67,26,73,33,12,109,19,118,14,119,101,107"/><T48/><D34/><U71/><E71/><V38/><F128/><W55/><G73/><T134/><D65/><U54/><E39/><V125/><F125/><W64/><G109/><T9/><D42/><U132/><E130/><V50/><F29/><W91/><G121/><T20/><D20/><U3/><E100/><V79/><F36/><W69/><G91/><T102/><D102/><U105/><E105/><V53/><F92/><W126/><G126/><T45/><D45/><U97/><E97/><V117/><F117/><W86/><G86/><T21/><D21/><U44/><E44/><V90/><F90/><W120/><G120/><T116/><D124/><U112/><E112/><V98/><F98/><W74/><G74/><T78/><D104/><U60/><E16/><V24/><F24/><W115/><G55/><T35/><D35/><U76/><E76/><V0/><F70/><W108/><G67/><T49/><D116/><U75/><E75/><N who="2" m="43391" /><F61/><N who="3" m="40079" /><G108/><T110/><D110/><U111/><E111/><V41/><F41/><W30/><G115/><T2/><D78/><U63/><E54/><V135/><F135/><W15/><G19/><T106/><D134/><U11/><E11/><AGARI ba="0,0" hai="0,5,11,17,18,38,40,46,50,53,58" m="43391" machi="11" ten="30,2000,0" yaku="25,1,52,1" doraHai="32" who="2" fromWho="1" sc="250,0,250,-20,250,20,250,0" /><INIT seed="1,0,0,0,4,60" ten="250,230,270,250" oya="1" hai0="20,33,8,97,12,114,41,86,98,70,40,91,115" hai1="79,65,37,93,85,75,11,135,130,111,71,72,64" hai2="102,67,7,35,28,92,48,120,63,90,119,76,84" hai3="133,45,109,36,24,95,50,105,4,53,124,134,49"/><U26/><E37/><V100/><F119/><W15/><G105/><T43/><D33/><U112/><E112/><V18/><F7/><W17/><G36/><T104/><D70/><U59/><E71/><V69/><F120/><W89/><G109/><T2/><D2/><U127/><E111/><V21/><F28/><W16/><G124/><T38/><D38/><U80/><E127/><V58/><F35/><W118/><G118/><T51/><D20/><U103/><E135/><V132/><F132/><W123/><G123/><T22/><D22/><U5/><E130/><V78/><F69/><W27/><G4/><T30/><D30/><U128/><E128/><V113/><F113/><W108/><G17/><T126/><D126/><U125/><E26/><V19/><F48/><W117/><G108/><T107/><D51/><U6/><E125/><V81/><F19/><W23/><G117/><T87/><D12/><U10/><E6/><V39/><F78/><W47/><G133/><T106/><D91/><U55/><E75/><V121/><F121/><W0/><G0/><T77/><D8/><N who="1" m="3115" /><E5/><V52/><F52/><W34/><G34/><T96/><D77/><U62/><E72/><V74/><REACH who="2" step="1"/><F39/><REACH who="2" ten="250,230,260,250" step="2"/><W56/><G134/><T61/><D61/><U32/><E32/><V83/><F83/><W13/><G56/><T68/><D68/><U14/><E14/><AGARI ba="0,1" hai="14,18,21,58,63,67,74,76,81,84,90,92,100,102" machi="14" ten="30,3900,0" yaku="1,1,7,1,52,1,53,0" doraHai="60" doraHaiUra="116" who="2" fromWho="1" sc="250,0,230,-39,260,49,250,0" /><INIT seed="2,0,0,5,3,94" ten="250,191,309,250" oya="2" hai0="80,33,26,74,59,117,65,118,4,85,57,46,84" hai1="56,82,36,62,130,2,8,93,64,112,88,50,124" hai2="34,89,37,55,9,98,5,17,47,30,104,90,108" hai3="109,95,13,96,1,38,29,0,28,120,24,20,60"/><V3/><F34/><W126/><G38/><T41/><D74/><U14/><E112/><V42/><F30/><W115/><G120/><T49/><D4/><U75/><E36/><V16/><F108/><W10/><G109/><T43/><D43/><U133/><E133/><V135/><F135/><W71/><G115/><T103/><D103/><U83/><E130/><V129/><F129/><W99/><G126/><T27/><D84/><U66/><E2/><V107/><F55/><W6/><G29/><T81/><D81/><U25/><E66/><V40/><F40/><W19/><G95/><T22/><D33/><U122/><E124/><V121/><F121/><W127/><G127/><T45/><D45/><U101/><E101/><V48/><F37/><W39/><G39/><T97/><D97/><N who="1" m="57511" /><E75/><V102/><REACH who="2" step="1"/><F107/><REACH who="2" ten="250,191,299,250" step="2"/><W52/><G1/><T53/><D41/><U105/><E105/><V113/><F113/><W92/><G92/><T125/><D125/><U72/><E122/><V58/><F58/><N who="3" m="34887" /><G71/><T116/><D57/><U15/><E56/><V70/><F70/><W106/><G106/><T35/><D35/><AGARI ba="0,1" hai="0,6,10,13,19,20,24,28,35,96,99" m="34887" machi="35" ten="30,7700,0" yaku="24,1,52,2,54,1" doraHai="94" who="3" fromWho="0" sc="250,-77,191,0,299,0,250,87" /><INIT seed="3,0,0,5,4,37" ten="173,191,299,337" oya="3" hai0="30,88,35,3,132,32,38,83,61,33,1,42,51" hai1="29,106,9,4,2,66,8,67,123,10,20,41,103" hai2="113,112,127,130,56,46,15,101,108,45,44,97,95" hai3="34,72,73,105,52,115,36,98,92,96,64,57,85"/><W121/><G115/><T60/><D38/><U16/><E123/><V131/><F108/><W86/><G121/><T120/><D120/><U48/><E29/><V135/><F56/><W84/><G34/><T90/><D132/><U99/><E2/><V129/><F15/><W118/><G118/><T109/><D109/><U100/><E4/><V122/><F122/><W39/><G64/><T63/><D30/><U0/><E0/><V77/><F77/><W50/><G105/><T27/><D27/><U54/><E103/><V17/><F17/><W43/><G36/><T87/><REACH who="0" step="1"/><D90/><REACH who="0" ten="163,191,299,337" step="2"/><U74/><E74/><V19/><F135/><W58/><G73/><T107/><D107/><U93/><E106/><V23/><F113/><W12/><G72/><T71/><D71/><U80/><E80/><V7/><F112/><W134/><G134/><T89/><D89/><U62/><E62/><V110/><F110/><W79/><G92/><T125/><D125/><U11/><N who="1" m="2048" /><DORA hai="111" /><U25/><REACH who="1" step="1"/><E41/><REACH who="1" ten="163,181,299,337" step="2"/><V91/><F127/><W5/><G43/><T133/><D133/><U76/><E76/><V31/><F101/><W6/><G79/><T28/><D28/><U68/><E68/><V70/><F70/><W119/><G5/><T75/><D75/><U104/><E104/><V53/><F31/><W55/><G6/><T24/><D24/><U114/><E114/><V65/><F7/><W128/><G12/><T21/><D21/><U49/><E49/><V94/><F23/><W59/><G39/><T78/><D78/><U116/><E116/><V14/><F14/><W82/><G119/><RYUUKYOKU ba="0,2" sc="163,15,181,15,299,-15,337,-15" hai0="1,3,32,33,35,42,51,60,61,63,83,87,88" hai1="16,20,25,48,54,66,67,93,99,100" /><INIT seed="4,1,2,0,5,41" ten="178,196,284,322" oya="0" hai0="55,89,74,53,90,49,106,45,92,123,99,129,110" hai1="91,29,26,65,79,17,13,130,124,87,15,5,43" hai2="11,47,78,93,36,33,85,66,46,73,108,107,111" hai3="63,14,30,10,121,88,127,62,37,82,34,22,118"/><T24/><D123/><U81/><E130/><V109/><F33/><W122/><G34/><T39/><D129/><U48/><E124/><V6/><F107/><W9/><G118/><T102/><D74/><U77/><E65/><V83/><F36/><W50/><G37/><T69/><D69/><U58/><E5/><V72/><F66/><W52/><G127/><T105/><D110/><U64/><E64/><V112/><F112/><W96/><G122/><T27/><D39/><U75/><E17/><V132/><F132/><W94/><G121/><T4/><D4/><U20/><E58/><V128/><F128/><W61/><G82/><T125/><D125/><U117/><E117/><V80/><F93/><W44/><G30/><T38/><D38/><U42/><E42/><V56/><F56/><W97/><G97/><T35/><D105/><U68/><E68/><V70/><F70/><W16/><AGARI ba="1,2" hai="9,10,14,16,22,44,50,52,61,62,63,88,94,96" machi="16" ten="30,12000,2" yaku="0,1,8,1,52,1,54,3" doraHai="41" who="3" fromWho="3" sc="178,-61,196,-31,284,-31,322,143" /><INIT seed="5,0,0,2,1,1" ten="117,165,253,465" oya="1" hai0="135,11,131,27,102,86,114,44,50,70,67,120,68" hai1="111,30,37,81,21,83,26,5,49,76,51,71,80" hai2="108,53,31,109,73,112,25,106,19,121,60,57,88" hai3="38,12,63,52,90,14,119,129,93,33,34,104,2"/><U20/><E37/><V94/><F73/><W124/><G104/><T97/><D114/><U16/><E71/><V123/><F106/><W118/><G38/><T105/><D135/><U6/><E76/><V110/><F19/><W66/><G2/><T128/><D120/><U117/><E117/><N who="3" m="44554" /><G124/><T127/><D127/><U4/><REACH who="1" step="1"/><E111/><REACH who="1" ten="117,155,253,465" step="2"/><V24/><F112/><W48/><G129/><T100/><D131/><U22/><E22/><V7/><F123/><W116/><G116/><T72/><D128/><U133/><E133/><V56/><F121/><W64/><G33/><T46/><D68/><U59/><E59/><V41/><F57/><N who="3" m="32903" /><G34/><T98/><D70/><U113/><E113/><V78/><F110/><W132/><G132/><T58/><D58/><U0/><E0/><V74/><F109/><W130/><G130/><T23/><D23/><U10/><E10/><V115/><F108/><W89/><G89/><T9/><D11/><U15/><AGARI ba="0,1" hai="4,5,6,15,16,20,21,26,30,49,51,80,81,83" machi="15" ten="30,18000,2" yaku="1,1,0,1,8,1,52,3,54,1,53,0" doraHai="1" doraHaiUra="87" who="1" fromWho="1" sc="117,-60,155,190,253,-60,465,-60" /><INIT seed="5,1,0,0,1,63" ten="57,345,193,405" oya="1" hai0="68,70,79,75,62,44,120,134,66,83,25,8,108" hai1="32,81,47,117,19,71,46,11,88,132,59,92,77" hai2="37,84,131,3,28,6,45,93,43,99,16,30,124" hai3="42,102,96,31,94,112,118,34,7,97,126,80,130"/><U54/><E117/><V125/><F84/><W10/><G118/><T39/><D108/><U87/><E132/><V9/><F131/><W36/><G112/><T22/><D134/><U135/><E71/><V89/><REACH who="2" step="1"/><F16/><REACH who="2" ten="57,345,183,405" step="2"/><W20/><G130/><T61/><D120/><U121/><E121/><V107/><F107/><W13/><G96/><T123/><D123/><U101/><E135/><V78/><F78/><W52/><G97/><T4/><D25/><U115/><E115/><V60/><F60/><W58/><G126/><AGARI ba="1,1" hai="3,6,9,28,30,37,43,45,89,93,99,124,125,126" machi="126" ten="40,2600,0" yaku="1,1,18,1,53,0" doraHai="63" doraHaiUra="74" who="2" fromWho="3" sc="57,0,345,0,183,39,405,-29" /><INIT seed="6,0,0,1,5,117" ten="57,345,222,376" oya="2" hai0="47,122,54,130,73,95,76,83,128,106,68,45,26" hai1="121,11,7,13,40,127,31,113,125,37,104,24,91" hai2="111,5,133,21,99,80,129,25,1,42,126,23,48" hai3="105,35,30,55,87,36,107,4,51,86,84,119,29"/><V0/><F126/><N who="1" m="48137" /><E113/><V64/><F64/><W2/><G119/><T38/><D106/><U56/><E104/><V77/><F133/><W6/><G36/><T72/><D68/><U65/><E121/><V124/><F124/><W62/><G105/><T14/><D73/><U115/><E115/><V28/><F129/><W132/><G107/><T116/><D116/><U66/><E56/><V17/><F111/><W27/><G132/><T32/><D95/><U90/><E40/><V67/><F67/><N who="1" m="25609" /><E37/><V71/><F71/><W16/><G30/><T60/><D60/><U9/><E11/><V70/><F70/><W10/><G62/><T82/><D14/><U98/><E98/><V97/><F42/><W52/><G55/><T134/><D134/><U33/><AGARI ba="0,0" hai="7,9,13,24,31,33,90,91" m="25609,48137" machi="33" ten="30,1100,0" yaku="18,1" doraHai="117" who="1" fromWho="1" sc="57,-3,345,11,222,-5,376,-3" /><INIT seed="7,0,0,2,1,99" ten="54,356,217,373" oya="3" hai0="131,125,39,42,106,48,64,13,7,127,124,73,101" hai1="31,72,79,84,16,76,77,119,22,14,40,50,75" hai2="69,105,6,102,74,33,70,36,126,117,34,0,96" hai3="109,89,86,92,123,37,129,62,35,20,60,68,95"/><W118/><G123/><T115/><D13/><U88/><E119/><V66/><F126/><W132/><G118/><T51/><D7/><U111/><E111/><V82/><F117/><W57/><G35/><T134/><D73/><U55/><E40/><V59/><F59/><W112/><G37/><T27/><D27/><U8/><E31/><V52/><F52/><W116/><G116/><T53/><D106/><U135/><E135/><V49/><F49/><W130/><G132/><T107/><D107/><U47/><REACH who="1" step="1"/><E22/><REACH who="1" ten="54,346,217,373" step="2"/><V21/><F21/><W128/><G109/><T3/><D3/><U56/><E56/><V110/><F110/><W85/><G112/><T80/><D80/><AGARI ba="0,1" hai="8,14,16,47,50,55,72,75,76,77,79,80,84,88" machi="80" ten="40,8000,1" yaku="1,1,25,2,54,2,53,0" doraHai="99" doraHaiUra="113" who="1" fromWho="0" sc="54,-80,346,90,217,0,373,0" owari="-26,-53.0,436,54.0,217,-18.0,373,17.0" /></mjloggm>