<mjloggm ver="2.3"><GO type="169" lobby="0"/><UN n0="%E7%94%B0%E5%B7%9D" n1="%E3%81%8F%E3%81%8E%E3%82%85%E3%81%86%E3%81%86%E3%81%86%E3%81%86" n2="%E3%83%8E%E3%82%AA%E3%83%81%E3%83%A3%E3%83%99%E3%82%B9" n3="%53%61%6F%2D%48%7A%78" dan="16,17,16,16" rate="2055.78,2247.41,2193.50,2091.51" sx="M,M,M,F"/><TAIKYOKU oya="0"/><INIT seed="0,0,0,3,2,64" ten="250,250,250,250" oya="0" hai0="10,77,96,31,54,42,24,27,81,63,35,98,71" hai1="50,49,78,106,83,26,9,130,87,58,128,72,135" hai2="1,57,65,62,7,37,60,0,120,121,48,14,21" hai3="133,30,101,88,32,15,43,18,90,118,53,40,116"/><T82/><D42/><U29/><E106/><V107/><F107/><W117/><G133/><T70/><D10/><U129/><E135/><V113/><F37/><W110/><G110/><T66/><D54/><U69/><E69/><V108/><F108/><W20/><G101/><T75/><D82/><U33/><E58/><V19/><F113/><W104/><G104/><T85/><D75/><U124/><E124/><V92/><F48/><W103/><G103/><T13/><D27/><U131/><N who="1" m="32768" /><DORA hai="86" /><U25/><E9/><V99/><F60/><W105/><G105/><T47/><D47/><U123/><E123/><V89/><REACH who="2" step="1"/><F7/><REACH who="2" ten="250,250,240,250" step="2"/><W100/><G40/><T2/><D63/><U38/><E38/><V39/><F39/><W119/><G43/><T23/><D66/><U22/><REACH who="1" step="1"/><E72/><REACH who="1" ten="250,240,240,250" step="2"/><V73/><F73/><W114/><G119/><T112/><D112/><U8/><E8/><V97/><F97/><W52/><G114/><T51/><D98/><U84/><E84/><V93/><F93/><W67/><G118/><T3/><D96/><U46/><E46/><V44/><F44/><W5/><G117/><T36/><D36/><U134/><E134/><V11/><F11/><W95/><G116/><T80/><D85/><U4/><E4/><V132/><F132/><W68/><G5/><T16/><D2/><AGARI ba="0,2" hai="0,1,2,14,19,21,57,62,65,89,92,99,120,121" machi="2" ten="40,5200,0" yaku="1,1,52,1,53,1" doraHai="64,86" doraHaiUra="6,56" who="2" fromWho="0" sc="250,-52,240,0,240,72,250,0" /><INIT seed="1,0,0,1,4,82" ten="198,240,312,250" oya="1" hai0="38,27,86,54,117,12,92,75,106,9,36,126,8" hai1="116,33,105,125,32,121,43,16,40,94,66,133,23" hai2="99,95,47,59,26,18,14,69,50,39,80,37,85" hai3="84,124,31,1,87,72,130,135,90,78,2,111,96"/><U68/><E116/><V4/><F69/><W73/><G31/><T11/><D117/><U103/><E121/><V25/><F59/><W22/><G22/><T62/><D75/><U61/><E133/><V29/><F39/><W119/><G119/><T120/><D106/><U60/><E125/><V97/><F37/><W67/><G67/><T134/><D120/><U74/><E105/><V45/><F4/><W30/><G30/><T42/><D42/><U13/><E74/><N who="3" m="28778" /><G1/><T93/><D27/><U51/><E61/><V102/><F97/><W122/><G2/><T7/><D126/><U118/><E118/><V83/><F83/><N who="3" m="47223" /><G122/><T10/><D134/><U65/><E66/><V21/><F50/><W5/><G5/><T101/><D92/><U6/><E6/><V76/><REACH who="2" step="1"/><F25/><REACH who="2" ten="198,240,302,250" step="2"/><W132/><G124/><T88/><REACH who="0" step="1"/><D101/><REACH who="0" ten="188,240,302,250" step="2"/><U114/><E103/><V58/><F58/><AGARI ba="0,2" hai="7,8,9,10,11,12,36,38,54,58,62,86,88,93" machi="58" ten="40,8000,1" yaku="1,1,2,1,52,1,54,1,53,0" doraHai="82" doraHaiUra="127" who="0" fromWho="2" sc="188,100,240,0,302,-80,250,0" /><INIT seed="2,0,0,3,1,106" ten="288,240,222,250" oya="2" hai0="26,27,72,63,55,79,47,12,135,59,112,97,36" hai1="77,88,128,119,17,104,127,84,92,39,98,29,3" hai2="68,60,69,46,83,94,133,2,110,13,101,31,102" hai3="95,22,42,130,109,103,75,114,81,61,10,44,19"/><V116/><F2/><W71/><G109/><T1/><D112/><U108/><E39/><V14/><F116/><W20/><G130/><T58/><D1/><U107/><E3/><V30/><F110/><W56/><G114/><T23/><D135/><U66/><E108/><V100/><F133/><W111/><G71/><T24/><D72/><U99/><E29/><V125/><F125/><W124/><G124/><T78/><D97/><U132/><E127/><V93/><F83/><W4/><G111/><T28/><D36/><U80/><E132/><V134/><F134/><W51/><G103/><T37/><D37/><U120/><E119/><V40/><F60/><W62/><G95/><N who="2" m="36361" /><F46/><W53/><G62/><T105/><D105/><U118/><E118/><V0/><F40/><W89/><G19/><N who="0" m="10727" /><D28/><N who="2" m="10794" /><F0/><W86/><REACH who="3" step="1"/><G75/><REACH who="3" ten="288,240,222,240" step="2"/><T48/><D59/><U96/><E107/><V45/><F45/><W7/><G7/><T76/><D63/><U113/><E113/><V52/><F69/><W25/><G25/><T50/><D58/><U11/><E104/><V126/><F68/><W49/><G49/><AGARI ba="0,1" hai="24,26,27,47,48,49,50,55,76,78,79" m="10727" machi="49" ten="30,1000,0" yaku="8,1" doraHai="106" who="0" fromWho="3" sc="288,20,240,0,222,0,240,-10" /><INIT seed="3,0,0,0,4,45" ten="308,240,222,230" oya="3" hai0="105,34,89,104,106,115,68,47,58,86,109,3,75" hai1="35,41,100,23,103,98,11,55,131,26,134,126,130" hai2="76,54,36,31,91,119,112,59,38,5,110,9,107" hai3="44,125,83,67,72,118,60,132,30,120,57,24,116"/><W129/><G120/><T27/><D68/><U29/><E41/><V43/><F107/><W117/><G132/><T121/><D121/><U49/><E134/><V6/><F119/><W127/><G129/><T73/><D3/><U114/><E114/><V113/><F76/><W71/><G44/><T102/><D58/><U63/><E126/><N who="3" m="48138" /><G72/><N who="0" m="27723" /><D27/><U65/><E11/><V95/><F31/><W64/><G83/><N who="0" m="49375" /><D34/><U51/><E23/><V48/><F6/><W80/><G80/><T96/><D47/><U111/><E103/><V97/><F43/><W135/><G135/><T28/><D28/><U66/><E55/><V85/><F113/><W70/><G67/><T87/><D109/><U16/><E16/><V77/><F110/><W52/><G64/><T62/><D62/><U78/><E78/><V39/><F112/><W17/><G17/><T21/><D21/><AGARI ba="0,0" hai="21,24,30,52,57,60,70,71,116,117,118" m="48138" machi="21" ten="40,3900,0" yaku="18,1,54,1" doraHai="45" who="3" fromWho="0" sc="308,-39,240,0,222,0,230,39" /><INIT seed="3,1,0,3,0,39" ten="269,240,222,269" oya="3" hai0="26,102,48,1,11,110,98,5,18,43,8,10,109" hai1="135,65,75,106,44,27,115,76,15,107,40,70,133" hai2="112,94,67,84,55,113,66,122,2,79,36,77,128" hai3="24,69,129,92,82,83,120,119,58,126,38,114,25"/><W104/><G114/><T97/><D98/><U62/><E15/><V80/><F2/><W41/><G119/><T68/><D68/><U90/><E115/><V47/><F113/><W57/><G120/><T34/><D48/><U61/><E61/><V17/><F112/><W28/><G104/><T0/><D43/><U6/><E90/><V46/><F122/><W111/><G69/><T127/><D97/><U87/><E27/><V32/><F32/><W100/><G129/><T116/><D102/><U54/><E54/><V3/><F3/><N who="0" m="1098" /><D116/><U42/><E6/><V7/><F7/><W50/><G38/><T22/><D127/><U132/><E87/><V103/><F79/><W60/><G126/><T51/><D51/><U105/><E44/><V86/><F128/><W53/><G111/><N who="0" m="42507" /><D5/><U63/><E63/><V12/><F47/><N who="3" m="25967" /><G58/><T118/><D118/><U35/><E35/><AGARI ba="1,0" hai="8,10,11,18,22,26,34,35" m="42507,1098" machi="35" ten="40,5200,0" yaku="14,1,34,2" doraHai="39" who="0" fromWho="1" sc="269,55,240,-55,222,0,269,0" /><INIT seed="4,0,0,1,1,79" ten="324,185,222,269" oya="0" hai0="124,99,107,130,23,95,34,53,38,93,30,122,1" hai1="114,75,89,121,71,62,78,2,128,52,33,117,11" hai2="26,131,16,32,3,97,37,90,91,80,66,85,69" hai3="63,100,106,77,127,59,45,22,116,87,5,88,126"/><T129/><D34/><U39/><RYUUKYOKU type="yao9" ba="0,0" sc="324,0,185,0,222,0,269,0" hai1="2,11,33,39,52,62,71,75,78,89,114,117,121,128" /><INIT seed="4,1,0,1,1,77" ten="324,185,222,269" oya="0" hai0="48,18,80,121,64,46,116,60,72,105,91,86,89" hai1="81,2,128,54,27,102,127,31,126,95,28,98,110" hai2="20,22,7,10,12,96,90,97,73,120,112,16,75" hai3="106,88,25,70,45,104,9,84,132,135,134,51,103"/><T113/><D116/><U41/><E110/><V111/><F120/><W17/><G70/><T100/><D121/><U131/><E2/><V99/><F111/><W40/><G103/><T32/><D32/><U0/><E0/><V65/><F112/><W109/><G109/><T23/><D113/><U107/><E41/><V34/><F34/><W35/><G9/><T38/><D38/><U101/><E54/><V67/><F22/><N who="3" m="13519" /><G35/><T124/><D72/><U129/><E27/><V83/><F75/><W14/><G14/><T114/><D114/><U47/><E47/><V74/><F74/><W118/><G118/><T59/><D124/><N who="1" m="47659" /><E28/><V4/><F73/><W133/><G134/><T55/><D105/><U13/><E13/><N who="2" m="9231" /><F7/><W19/><G19/><T50/><D100/><N who="1" m="60511" /><E31/><V33/><F33/><W42/><G42/><T63/><D63/><U57/><E57/><V87/><AGARI ba="1,0" hai="4,10,12,65,67,83,87,90,96,97,99" m="9231" machi="87" ten="30,4000,0" yaku="8,1,52,1,54,1" doraHai="77" who="2" fromWho="2" sc="324,-21,185,-11,222,43,269,-11" /><INIT seed="5,0,0,2,4,37" ten="303,174,265,258" oya="1" hai0="70,104,31,28,5,51,62,93,122,53,3,100,94" hai1="1,116,89,135,86,119,60,47,52,38,130,68,11" hai2="32,81,83,50,46,92,124,18,17,77,71,57,27" hai3="101,105,61,84,25,117,76,56,44,80,75,82,132"/><U98/><E130/><V34/><F71/><W10/><G117/><T20/><D122/><U41/><E135/><V90/><F124/><W42/><G132/><T126/><D126/><U74/><E74/><V107/><F107/><W30/><G10/><T2/><D104/><U24/><E98/><V49/><F57/><W72/><G105/><T79/><D79/><U133/><E133/><V12/><F50/><W123/><G101/><T131/><D131/><U128/><E128/><V36/><F36/><W113/><G113/><T69/><D51/><U103/><E103/><V16/><F12/><W59/><G123/><T85/><D85/><U55/><E24/><V134/><F134/><W91/><G72/><T21/><D53/><U58/><E55/><V9/><F9/><W115/><G115/><T40/><D100/><U4/><REACH who="1" step="1"/><E68/><REACH who="1" ten="303,164,265,258" step="2"/><V26/><F26/><W87/><G75/><T109/><D70/><U121/><E121/><V63/><F27/><W45/><G25/><T99/><D99/><U39/><E39/><V88/><F34/><W110/><G30/><T7/><D69/><U112/><E112/><V95/><F32/><W35/><G35/><T67/><D31/><U125/><E125/><V73/><F73/><W129/><G129/><T33/><D28/><U118/><E118/><V102/><F102/><W111/><G87/><T97/><D97/><U19/><E19/><V15/><F18/><W13/><G84/><T106/><D33/><U96/><E96/><V22/><F17/><W64/><G111/><T6/><D109/><U120/><E120/><V65/><F16/><RYUUKYOKU ba="0,1" sc="303,-10,164,30,265,-10,258,-10" hai1="1,4,11,38,41,47,52,58,60,86,89,116,119" /><INIT seed="5,1,1,0,2,62" ten="293,194,255,248" oya="1" hai0="61,92,120,59,67,3,29,122,47,12,4,121,13" hai1="69,31,6,128,113,95,101,96,126,98,75,5,26" hai2="36,133,24,14,114,56,81,57,33,10,70,11,19" hai3="60,112,78,119,64,80,83,89,125,49,52,84,72"/><U40/><E113/><V111/><F111/><W21/><G112/><T93/><D29/><U27/><E128/><V71/><F36/><W48/><G125/><T100/><D47/><U35/><E126/><V91/><F114/><W15/><G119/><T76/><D76/><U45/><E75/><V110/><F110/><W85/><G72/><T115/><D115/><U94/><E27/><V22/><F33/><W106/><G106/><T23/><D100/><U38/><REACH who="1" step="1"/><E69/><REACH who="1" ten="293,184,255,248" step="2"/><V117/><F71/><W34/><G34/><T118/><D118/><U17/><E17/><V28/><F70/><W124/><G124/><T104/><D122/><U131/><E131/><V68/><F68/><W108/><G108/><T82/><D121/><U30/><E30/><V77/><F117/><W88/><G15/><T130/><D13/><U53/><E53/><V63/><F28/><W32/><G52/><T20/><D12/><U58/><E58/><V105/><F57/><W51/><G32/><T74/><D59/><U16/><E16/><V99/><F24/><W50/><N who="3" m="12288" /><DORA hai="87" /><W37/><G21/><T39/><D20/><U54/><E54/><V135/><F22/><W7/><G7/><T109/><D23/><U134/><E134/><V66/><F19/><W55/><G55/><T73/><D109/><U46/><E46/><V2/><F14/><W42/><G42/><T132/><D74/><U8/><E8/><V129/><F129/><W65/><G60/><T43/><D73/><U127/><E127/><V44/><F63/><W1/><G1/><T0/><D0/><U86/><E86/><RYUUKYOKU ba="1,2" sc="293,-10,184,30,255,-10,248,-10" hai1="5,6,26,31,35,38,40,45,94,95,96,98,101" /><INIT seed="5,2,2,3,1,15" ten="283,214,245,238" oya="1" hai0="32,24,5,134,127,43,105,109,71,7,83,124,22" hai1="91,52,26,61,3,106,116,119,64,46,70,79,102" hai2="57,81,68,85,135,113,73,67,94,35,80,108,25" hai3="69,39,121,9,125,84,96,110,49,65,131,74,36"/><U128/><E128/><V17/><F68/><W44/><G110/><T93/><D105/><U63/><E3/><V123/><F108/><W101/><G121/><T87/><D109/><U38/><E79/><V111/><F123/><W98/><G74/><T48/><D32/><U60/><E91/><V59/><F35/><W12/><G131/><T19/><D71/><U50/><E26/><V126/><F73/><W55/><G125/><N who="0" m="48203" /><D93/><U118/><E102/><V37/><F37/><W53/><G84/><T88/><D134/><U40/><E106/><V90/><F111/><W30/><G30/><T75/><D75/><U11/><E11/><V103/><F135/><W86/><G86/><T29/><D29/><U78/><E78/><V54/><F126/><W122/><G122/><T92/><D83/><U33/><E33/><V99/><F81/><W20/><G20/><T6/><D6/><U28/><E28/><V95/><F80/><W34/><G34/><T133/><D133/><U114/><E114/><V89/><F113/><W21/><G21/><T129/><D129/><U14/><E14/><V97/><F67/><W56/><G65/><T41/><D41/><U1/><E1/><V66/><F66/><W42/><G69/><T16/><D19/><U112/><E112/><V115/><F115/><W130/><G130/><T27/><D27/><U62/><E119/><V13/><F25/><W51/><G42/><T47/><AGARI ba="2,2" hai="5,7,16,22,24,43,47,48,87,88,92" m="48203" machi="47" ten="30,7900,0" yaku="18,1,52,1,54,2" doraHai="15" who="0" fromWho="0" sc="283,105,214,-41,245,-22,238,-22" /><INIT seed="6,0,0,2,1,64" ten="388,173,223,216" oya="2" hai0="118,116,81,29,113,13,80,83,22,55,90,87,6" hai1="61,85,20,58,111,4,104,49,79,107,134,15,75" hai2="108,91,93,92,115,94,23,5,100,18,27,135,102" hai3="69,35,31,48,125,19,24,74,120,88,43,67,128"/><V131/><F115/><W44/><G120/><T124/><D113/><U82/><E111/><V7/><F108/><W8/><G74/><T71/><D71/><U72/><E134/><V25/><F135/><W121/><G121/><T45/><D124/><U63/><E63/><V77/><F77/><W37/><G128/><T38/><D6/><N who="2" m="2058" /><F131/><W84/><G125/><T46/><D55/><U40/><E75/><V89/><F27/><W110/><G110/><T129/><D129/><U76/><E72/><V126/><F126/><W60/><G8/><T36/><D13/><U97/><E97/><N who="2" m="57487" /><F93/><W9/><G9/><T2/><D2/><U12/><E79/><V16/><F18/><W62/><G62/><T65/><D65/><U103/><E103/><V109/><F109/><W14/><G19/><T10/><D10/><U114/><E114/><V41/><F41/><W78/><G78/><T101/><D101/><U47/><E12/><V54/><F54/><W53/><G14/><T21/><D38/><U132/><E132/><V28/><F28/><W59/><G84/><AGARI ba="0,0" hai="16,23,25,84,91,94,100,102" m="57487,2058" machi="84" ten="30,2900,0" yaku="8,1,54,1" doraHai="64" who="2" fromWho="3" sc="388,0,173,0,223,29,216,-29" /><INIT seed="6,1,0,2,4,42" ten="388,173,252,187" oya="2" hai0="88,29,77,69,115,108,49,79,104,3,97,71,22" hai1="92,113,73,70,68,55,99,95,50,8,12,111,1" hai2="90,100,56,80,18,117,25,109,78,126,124,125,16" hai3="51,81,43,98,37,0,57,130,54,76,120,114,106"/><V28/><F117/><W26/><G0/><T31/><D108/><U128/><E111/><V47/><F109/><W133/><G120/><T19/><D3/><U122/><E122/><V65/><F100/><W13/><G133/><T46/><D69/><U84/><E73/><V32/><F90/><W105/><G130/><T4/><D4/><U5/><E128/><V44/><F65/><W118/><G118/><T23/><D71/><U116/><E116/><V60/><F56/><W20/><G114/><T127/><D23/><U34/><E34/><V72/><F60/><W103/><G13/><T36/><D36/><U135/><E135/><V53/><F53/><W58/><G106/><T10/><D10/><U110/><E110/><V24/><F18/><W38/><G58/><T134/><D134/><U11/><E113/><V107/><F107/><W6/><G6/><T123/><D123/><U101/><E84/><V7/><F7/><W2/><G43/><N who="0" m="24799" /><D104/><U15/><E95/><V27/><F27/><W129/><G2/><T21/><D21/><AGARI ba="1,0" hai="16,21,24,25,28,32,44,47,72,78,80,124,125,126" machi="21" ten="40,12000,1" yaku="18,1,52,2,54,1" doraHai="42" who="2" fromWho="0" sc="388,-123,173,0,252,123,187,0" /><INIT seed="6,2,0,2,4,66" ten="265,173,375,187" oya="2" hai0="58,120,87,84,26,86,14,41,8,133,73,9,19" hai1="63,74,121,77,24,30,65,71,0,38,94,89,40" hai2="13,92,55,37,11,130,45,18,117,135,20,113,2" hai3="31,15,50,67,46,76,80,62,85,124,27,114,123"/><V7/><F117/><W93/><G114/><T119/><D73/><U32/><E121/><V59/><F113/><W47/><G124/><T125/><D125/><U104/><E94/><V102/><F135/><W129/><G129/><T103/><D120/><U33/><E89/><V81/><F130/><W16/><G123/><T116/><D133/><U29/><E0/><V39/><F45/><W107/><G107/><T127/><D127/><U21/><E21/><V51/><F81/><W12/><G93/><T60/><D103/><U6/><E6/><V17/><F102/><W109/><G12/><T100/><D41/><U101/><E30/><V111/><F111/><W88/><G76/><T64/><D100/><U95/><E95/><V112/><F112/><W115/><G115/><T78/><D78/><U69/><E33/><V96/><F96/><W98/><G98/><T43/><D43/><U61/><E61/><V35/><F92/><W132/><G132/><T48/><D26/><U110/><E110/><V3/><F3/><W22/><G50/><T42/><REACH who="0" step="1"/><D9/><REACH who="0" ten="255,173,375,187" step="2"/><U54/><E101/><V82/><F11/><W49/><G109/><T126/><D126/><U83/><E104/><V75/><F39/><W108/><G108/><T97/><D97/><U72/><E40/><V52/><F37/><W5/><G27/><T44/><AGARI ba="2,1" hai="8,14,19,42,44,48,58,60,64,84,86,87,116,119" machi="44" ten="30,2000,0" yaku="1,1,0,1,53,0" doraHai="66" doraHaiUra="105" who="0" fromWho="0" sc="255,36,173,-7,375,-12,187,-7" /><INIT seed="7,0,0,0,2,38" ten="291,166,363,180" oya="3" hai0="62,133,12,80,86,128,19,35,113,101,54,109,61" hai1="50,134,114,51,126,127,93,22,59,90,27,115,58" hai2="117,65,88,40,78,34,63,32,120,0,42,112,9" hai3="64,98,104,5,125,52,135,105,76,20,73,70,43"/><W95/><G135/><T21/><D109/><U66/><E134/><V131/><F78/><W100/><G125/><N who="1" m="47626" /><E66/><V94/><F117/><W123/><G123/><T45/><D133/><U25/><E58/><V55/><F55/><W77/><G5/><T79/><D35/><U31/><E27/><V29/><F120/><W49/><G70/><T74/><D74/><U99/><E59/><V68/><F34/><W11/><G64/><T60/><D128/><U33/><E33/><V26/><F131/><W110/><G11/><T17/><D113/><AGARI ba="0,0" hai="22,25,31,50,51,90,93,99,113,114,115" m="47626" machi="113" ten="30,2000,0" yaku="15,1,18,1" doraHai="38" who="1" fromWho="0" sc="291,-20,166,20,363,0,180,0" owari="271,7.0,186,-21.0,363,46.0,180,-32.0" /></mjloggm>