<mjloggm ver="2.3"><GO type="185" lobby="0"/><UN n0="%E7%99%BE%E7%80%AC%E6%BD%A4" n1="%E3%82%AC%E3%83%BC%E3%83%8D%E3%83%83%E3%83%88" n2="%E3%81%A8%E3%82%8A%E3%81%82%E3%81%88%E3%81%9A%E5%9B%9B%E6%AE%B5" n3="" dan="16,17,16,0" rate="2194.33,2259.68,2148.54,1500.00" sx="M,M,M,C"/><TAIKYOKU oya="0"/><INIT seed="0,0,0,3,0,37" ten="350,350,350,0" oya="0" hai0="117,115,111,39,71,41,45,75,66,102,104,132,50" hai1="100,44,92,108,81,86,126,105,61,121,130,67,90" hai2="43,73,135,60,46,48,70,65,63,88,95,118,96" hai3=""/><T129/><RYUUKYOKU type="yao9" ba="0,0" sc="350,0,350,0,350,0,0,0" hai0="39,41,45,50,66,71,75,102,104,111,115,117,129,132" /><INIT seed="0,1,0,5,4,3" ten="350,350,350,0" oya="0" hai0="103,80,88,130,42,106,39,109,54,117,62,95,0" hai1="44,38,55,100,101,64,52,126,32,122,67,131,49" hai2="111,51,114,2,65,36,135,86,94,85,129,121,47" hai3=""/><T61/><D117/><U84/><N who="1" m="31264" /><U82/><E131/><V46/><N who="2" m="31008" /><V73/><F114/><T79/><D0/><U37/><E126/><V43/><F111/><T83/><D130/><U133/><E133/><V68/><F2/><T118/><D118/><U63/><E32/><V90/><F73/><T115/><D115/><U76/><E67/><V50/><F135/><T58/><D61/><U97/><E55/><V77/><F129/><T78/><D103/><U45/><E45/><V123/><N who="2" m="31520" /><V1/><F1/><T60/><D106/><U69/><REACH who="1" step="1"/><E101/><REACH who="1" ten="350,340,350,0" step="2"/><V71/><F65/><T99/><D109/><U104/><AGARI ba="1,1" hai="37,38,44,49,52,63,64,69,76,82,84,97,100,104" m="31264" machi="104" ten="20,9000,2" yaku="1,1,2,1,0,1,7,1,52,1,54,1,53,0" doraHai="3" doraHaiUra="34" who="1" fromWho="1" sc="350,-61,340,102,350,-31,0,0" /><INIT seed="1,0,0,3,5,71" ten="289,442,319,0" oya="1" hai0="109,70,90,58,120,125,116,108,64,131,123,3,52" hai1="122,98,77,69,76,124,74,103,0,65,67,55,43" hai2="62,39,95,105,104,100,49,75,72,121,66,81,84" hai3=""/><U135/><N who="1" m="31264" /><U118/><E118/><V2/><N who="2" m="31008" /><V46/><F2/><T78/><N who="0" m="30752" /><T126/><N who="0" m="31520" /><T53/><D3/><U86/><E0/><V85/><F39/><T114/><D78/><U73/><E135/><V36/><F36/><T110/><D116/><U45/><E55/><N who="0" m="21065" /><D131/><U117/><E117/><V130/><F130/><T51/><D114/><U91/><E76/><V83/><F49/><T80/><D80/><U115/><E77/><V79/><F46/><T32/><D32/><U57/><E57/><V37/><F37/><T60/><D90/><U44/><E44/><V94/><F66/><T101/><D101/><U56/><E56/><V88/><F62/><T50/><D58/><U38/><E115/><V99/><F95/><T119/><D119/><U128/><E128/><V134/><F134/><T102/><D102/><U63/><E74/><AGARI ba="0,0" hai="72,74,75,79,81,83,84,85,88,94,99,100,104,105" m="31008" machi="74" ten="40,16000,3" yaku="35,6,52,1,54,1" doraHai="71" who="2" fromWho="1" sc="289,0,442,-160,319,160,0,0" /><INIT seed="2,0,0,4,4,48" ten="289,282,479,0" oya="2" hai0="83,116,1,45,99,115,95,56,118,32,92,61,70" hai1="120,71,106,84,80,0,101,75,72,105,44,40,33" hai2="68,36,47,43,125,104,46,53,54,130,113,34,2" hai3=""/><V103/><F2/><T38/><D32/><U122/><N who="1" m="30752" /><U57/><N who="1" m="31264" /><U79/><E71/><V91/><F34/><T58/><D1/><U39/><E33/><V97/><F113/><T63/><D70/><U119/><E0/><V114/><F114/><T109/><D115/><U65/><E119/><V55/><F130/><T127/><D109/><U37/><E37/><V59/><F125/><T89/><D127/><U124/><E124/><V94/><F47/><T50/><D38/><U133/><E133/><V85/><REACH who="2" step="1"/><F68/><REACH who="2" ten="289,282,469,0" step="2"/><T87/><D116/><U60/><REACH who="1" step="1"/><E101/><REACH who="1" ten="289,272,469,0" step="2"/><V112/><F112/><T135/><D118/><U66/><E66/><V41/><F41/><T73/><D135/><U67/><E67/><V82/><F82/><T123/><D83/><U131/><E131/><V49/><AGARI ba="0,2" hai="36,43,46,49,53,54,55,59,85,91,94,97,103,104" machi="49" ten="20,12000,2" yaku="1,1,0,1,7,1,52,3,53,0" doraHai="48" doraHaiUra="76" who="2" fromWho="2" sc="289,-60,272,-60,469,140,0,0" /><INIT seed="2,1,0,3,2,88" ten="229,212,609,0" oya="2" hai0="87,72,112,129,64,100,109,38,94,125,92,58,32" hai1="123,67,55,101,113,81,122,133,36,120,52,69,54" hai2="84,95,80,37,62,118,33,98,77,70,71,40,61" hai3=""/><V66/><F118/><T90/><D38/><U117/><N who="1" m="30752" /><U78/><N who="1" m="31264" /><U134/><N who="1" m="31520" /><U1/><E113/><V57/><F33/><T48/><D32/><U124/><E1/><V50/><F37/><T56/><D112/><U121/><N who="1" m="31008" /><U60/><E117/><V53/><F40/><T126/><D72/><U47/><E101/><V73/><F73/><T86/><D109/><U85/><REACH who="1" step="1"/><E124/><REACH who="1" ten="229,202,609,0" step="2"/><V108/><F108/><T83/><D100/><U45/><E45/><V76/><F70/><T127/><D129/><U110/><E110/><V0/><F0/><T102/><D102/><U65/><E65/><V42/><F71/><T44/><D64/><U39/><E39/><V41/><F66/><T2/><D2/><U49/><E49/><V59/><F50/><T96/><D56/><U91/><E91/><V130/><F130/><T34/><D58/><U107/><E107/><V119/><F119/><T68/><D68/><U111/><E111/><V35/><F59/><T131/><D131/><U43/><AGARI ba="1,1" hai="36,43,47,52,54,55,60,67,69,78,81,85,133,134" m="31008,31520,31264,30752" machi="43" ten="30,9000,2" yaku="1,1,0,1,52,4,54,1,53,0" doraHai="88" doraHaiUra="93" who="1" fromWho="1" sc="229,-31,202,102,609,-61,0,0" /><INIT seed="4,0,0,4,5,39" ten="198,304,548,0" oya="0" hai0="133,129,68,87,132,41,53,80,97,120,82,98,79" hai1="134,60,37,106,48,51,102,94,114,108,86,47,111" hai2="124,58,72,35,77,66,107,64,61,135,71,78,83" hai3=""/><T84/><N who="0" m="30752" /><T89/><D68/><U73/><E37/><V76/><F35/><T32/><D32/><U85/><E73/><V74/><F107/><T34/><D34/><U100/><E106/><V75/><F124/><T52/><D129/><U2/><E2/><V63/><REACH who="2" step="1"/><F135/><REACH who="2" ten="198,304,538,0" step="2"/><N who="0" m="51786" /><D41/><U55/><E134/><V91/><F91/><T1/><D1/><U128/><E128/><V115/><F115/><T99/><AGARI ba="0,1" hai="52,53,79,80,82,84,87,89,97,98,99" m="51786,30752" machi="99" ten="30,4000,0" yaku="20,1,52,1,54,1" doraHai="39" who="0" fromWho="0" sc="198,50,304,-20,538,-20,0,0" /><INIT seed="4,1,0,0,0,2" ten="248,284,518,0" oya="0" hai0="44,94,96,59,105,125,111,62,118,38,113,32,46" hai1="42,102,97,80,107,45,69,35,115,128,85,106,95" hai2="70,101,52,65,98,124,103,54,122,51,74,120,89" hai3=""/><T87/><D118/><U117/><E117/><V67/><N who="2" m="30752" /><V49/><N who="2" m="31264" /><V41/><F74/><T127/><D113/><U60/><E115/><V48/><F124/><T76/><D32/><U81/><E128/><V72/><F72/><T90/><D111/><U114/><E80/><V68/><F89/><T83/><D105/><U55/><E114/><V84/><F84/><T0/><D0/><U75/><E75/><V78/><F78/><T134/><D134/><U1/><E1/><V104/><F41/><T66/><REACH who="0" step="1"/><D38/><REACH who="0" ten="238,284,518,0" step="2"/><U64/><E35/><V61/><F103/><T99/><D99/><U131/><E131/><V92/><F104/><T130/><D130/><U112/><E112/><V93/><F98/><T71/><D71/><U58/><E69/><V73/><F101/><T43/><D43/><U108/><E108/><V86/><F70/><T100/><D100/><U77/><REACH who="1" step="1"/><E64/><REACH who="1" ten="238,274,518,0" step="2"/><V39/><F67/><T33/><D33/><U40/><E40/><V110/><F110/><T3/><D3/><U36/><AGARI ba="1,2" hai="36,42,45,55,58,60,77,81,85,95,97,102,106,107" machi="36" ten="20,2000,0" yaku="1,1,0,1,7,1,53,0" doraHai="2" doraHaiUra="129" who="1" fromWho="1" sc="238,-14,274,42,518,-8,0,0" /><INIT seed="5,0,0,3,4,63" ten="224,316,510,0" oya="1" hai0="131,119,100,94,117,75,56,130,107,118,51,98,123" hai1="89,103,109,93,33,129,58,102,61,91,82,80,101" hai2="3,106,99,121,42,32,76,85,126,55,128,84,1" hai3=""/><U81/><E33/><V70/><N who="2" m="31008" /><V120/><N who="2" m="30752" /><V77/><F32/><T47/><N who="0" m="31520" /><T87/><D75/><U38/><E38/><V127/><F128/><N who="0" m="49194" /><D56/><U35/><E35/><V0/><F42/><T92/><D87/><N who="2" m="33354" /><F55/><AGARI ba="0,0" hai="47,51,55,92,94,98,100,107,117,118,119" m="49194,31520" machi="55" ten="40,5200,0" yaku="12,1,19,1,52,1" doraHai="63" who="0" fromWho="2" sc="224,52,316,0,510,-52,0,0" /><INIT seed="6,0,0,4,4,101" ten="276,316,458,0" oya="2" hai0="82,88,113,51,55,70,65,109,35,49,130,95,127" hai1="133,108,77,90,94,46,131,63,119,97,69,92,45" hai2="72,83,40,135,122,117,123,107,91,32,85,52,87" hai3=""/><V134/><F40/><T96/><D109/><U44/><E108/><V129/><F107/><T64/><D35/><U61/><E133/><V71/><F71/><T74/><D130/><U115/><E131/><V53/><F91/><T106/><D127/><U76/><E115/><V100/><F100/><T121/><N who="0" m="31008" /><T68/><D113/><U78/><E69/><V59/><F59/><T34/><D34/><U86/><E119/><V84/><F84/><T62/><D106/><U54/><E54/><V79/><F83/><T3/><D3/><U75/><E75/><V105/><F105/><T125/><D125/><U48/><E48/><V50/><F50/><T124/><D124/><U43/><E43/><V99/><F79/><T112/><D112/><U126/><E126/><V42/><F72/><T116/><D116/><U41/><E41/><V58/><F42/><T111/><D74/><U67/><E67/><V110/><F32/><T0/><D68/><U57/><E57/><V33/><F33/><T128/><D70/><U56/><E56/><V36/><F129/><T38/><D128/><U89/><AGARI ba="0,0" hai="44,45,46,61,63,76,77,78,86,89,90,92,94,97" machi="89" ten="40,2000,0" yaku="0,1,8,1" doraHai="101" who="1" fromWho="1" sc="276,-7,316,20,458,-13,0,0" owari="269,-33.0,336,-6.0,445,39.0,0,0.0" /></mjloggm>