<mjloggm ver="2.3"><GO type="185" lobby="0"/><UN n0="%4E%45%57%53%55%44" n1="%74%2E%6F%2E%6F%2E%73" n2="%E5%85%A5%E5%B7%A3%E6%9F%9A%E5%AE%9F" n3="" dan="16,18,16,0" rate="2168.94,2330.94,2184.52,1500.00" sx="M,M,F,C"/><TAIKYOKU oya="0"/><INIT seed="0,0,0,4,4,123" ten="350,350,350,0" oya="0" hai0="96,126,118,54,99,104,90,86,66,52,78,107,79" hai1="87,1,43,83,124,68,76,100,55,81,109,97,77" hai2="84,32,75,59,94,115,125,121,49,46,69,122,89" hai3=""/><T39/><D118/><U42/><E1/><V80/><N who="2" m="31008" /><V41/><N who="2" m="31264" /><V127/><F115/><T73/><D39/><U98/><E68/><V61/><F69/><T38/><D38/><U0/><E0/><V105/><F105/><T74/><D66/><U72/><E124/><V106/><F106/><T113/><D113/><U132/><E132/><V102/><F32/><T63/><D63/><U111/><E55/><V45/><F45/><T3/><D3/><U56/><E56/><V103/><F75/><T92/><D92/><U2/><E2/><V119/><F119/><T101/><D86/><U67/><E67/><V36/><F36/><T128/><D90/><U95/><REACH who="1" step="1"/><E97/><REACH who="1" ten="350,340,350,0" step="2"/><V112/><F112/><T70/><D70/><U35/><E35/><V58/><F59/><T85/><D126/><U44/><E44/><V108/><F127/><T62/><D52/><U51/><E51/><V91/><F125/><T88/><D54/><U130/><E130/><V93/><F58/><T135/><D128/><U47/><E47/><V65/><F65/><T133/><D135/><U53/><E53/><V131/><F46/><T50/><D133/><U134/><E134/><V71/><F71/><T64/><D50/><U34/><E34/><RYUUKYOKU ba="0,1" sc="350,-10,340,20,350,-10,0,0" hai1="42,43,72,76,77,81,83,87,95,98,100,109,111" /><INIT seed="1,1,1,2,0,60" ten="340,360,340,0" oya="1" hai0="89,94,79,45,73,125,65,67,105,104,74,43,34" hai1="100,86,135,57,108,132,63,114,47,117,112,38,129" hai2="70,55,3,44,91,101,62,77,58,106,98,59,121" hai3=""/><U107/><E107/><V133/><N who="2" m="31008" /><V36/><F133/><N who="1" m="51273" /><E100/><V83/><F3/><T81/><D34/><U131/><E86/><V116/><F116/><T113/><D74/><U40/><E117/><V87/><F70/><T109/><D113/><N who="1" m="43627" /><E108/><V52/><F77/><T123/><N who="0" m="31520" /><T51/><D125/><U85/><E85/><V32/><F32/><T122/><N who="0" m="31264" /><T64/><REACH who="0" step="1"/><D109/><REACH who="0" ten="330,360,340,0" step="2"/><U56/><E56/><V84/><F84/><AGARI ba="1,2" hai="43,45,51,64,65,67,73,79,81,84,89,94,104,105" m="31264,31520" machi="84" ten="40,12000,2" yaku="1,1,2,1,52,5,53,0" doraHai="60" doraHaiUra="111" who="0" fromWho="2" sc="330,142,360,0,340,-122,0,0" /><INIT seed="2,0,0,5,3,127" ten="472,360,218,0" oya="2" hai0="114,99,120,63,54,89,107,2,115,126,85,35,103" hai1="122,90,128,47,109,76,77,121,87,65,66,135,83" hai2="56,0,98,39,68,123,49,96,51,74,1,40,53" hai3=""/><V97/><N who="2" m="31520" /><V46/><F74/><T64/><N who="0" m="30752" /><T105/><D2/><U125/><N who="1" m="31008" /><U37/><N who="1" m="31264" /><U129/><E109/><V45/><REACH who="2" step="1"/><F68/><REACH who="2" ten="472,360,208,0" step="2"/><T88/><D35/><U73/><E125/><V93/><F93/><T81/><D126/><U78/><E73/><V102/><F102/><T3/><D3/><U72/><E72/><V113/><F113/><T119/><D119/><U131/><E135/><V92/><F92/><T86/><D107/><U38/><E38/><V50/><F50/><T112/><D115/><U108/><E108/><V52/><AGARI ba="0,1" hai="0,1,39,40,45,46,49,51,52,53,56,96,97,98" m="31520" machi="52" ten="30,8000,1" yaku="1,1,0,1,52,1,54,1,53,1" doraHai="127" doraHaiUra="116" who="2" fromWho="2" sc="472,-40,360,-40,208,90,0,0" /><INIT seed="2,1,0,2,3,93" ten="432,320,298,0" oya="2" hai0="133,128,53,100,121,91,32,88,97,54,56,57,124" hai1="46,127,98,120,82,117,49,52,44,112,72,101,2" hai2="122,55,34,39,134,135,119,115,62,47,48,106,131" hai3=""/><V51/><N who="2" m="31264" /><V3/><F106/><T83/><N who="0" m="31008" /><T50/><D133/><U129/><N who="1" m="30752" /><U68/><E112/><V60/><F3/><T132/><D132/><N who="2" m="50730" /><F34/><T35/><D128/><U61/><E2/><V92/><F92/><T114/><D124/><U67/><E129/><V107/><F107/><T102/><D114/><U66/><E127/><V42/><F131/><T111/><D111/><U90/><E117/><V130/><F130/><T116/><D116/><U1/><E1/><V96/><F96/><T74/><D74/><U0/><E67/><V37/><F119/><T95/><D32/><U118/><E118/><V105/><F105/><T103/><D35/><U84/><E72/><V80/><F80/><T81/><D91/><U40/><E0/><V43/><F115/><T36/><D36/><N who="2" m="13898" /><F42/><T38/><REACH who="0" step="1"/><D38/><REACH who="0" ten="422,320,298,0" step="2"/><U89/><E40/><V126/><F126/><T78/><D78/><U123/><N who="1" m="31520" /><U85/><E89/><V45/><AGARI ba="1,1" hai="43,45,47,48,51,55,60,62" m="13898,50730,31264" machi="45" ten="40,8000,1" yaku="20,1,34,2,52,1" doraHai="93" who="2" fromWho="2" sc="422,-41,320,-41,298,92,0,0" /><INIT seed="2,2,0,3,2,129" ten="381,279,390,0" oya="2" hai0="3,47,40,97,122,86,84,33,115,99,46,50,120" hai1="39,60,113,108,69,56,67,126,116,94,81,90,87" hai2="44,83,1,127,77,131,73,110,119,134,51,59,107" hai3=""/><V80/><F119/><T35/><N who="0" m="30752" /><T57/><N who="0" m="31264" /><T100/><D3/><U72/><E113/><V89/><F131/><T63/><D115/><U111/><E39/><V117/><F117/><T52/><D99/><U92/><E116/><V104/><F127/><T103/><D100/><U76/><E126/><V0/><F59/><T34/><REACH who="0" step="1"/><D47/><REACH who="0" ten="371,279,390,0" step="2"/><U62/><E108/><V133/><F110/><T130/><D130/><U118/><E111/><V98/><F0/><T32/><N who="0" m="8192" /><DORA hai="42" /><T49/><D49/><U58/><E118/><V123/><N who="2" m="31520" /><V135/><F1/><T55/><D55/><U65/><REACH who="1" step="1"/><E69/><REACH who="1" ten="371,269,390,0" step="2"/><V71/><F71/><T85/><D85/><U41/><E41/><V66/><F98/><T75/><D75/><U36/><E36/><V70/><F70/><T78/><D78/><U125/><E125/><V2/><F2/><T74/><D74/><U37/><E37/><V53/><F66/><T48/><D48/><U38/><E38/><V54/><F54/><T106/><AGARI ba="2,2" hai="40,46,50,52,57,63,84,86,97,103,106" m="8192,31264,30752" machi="106" ten="60,9000,2" yaku="1,1,0,1,52,3,54,1,53,0" doraHai="129,42" doraHaiUra="124,68" who="0" fromWho="0" sc="371,114,269,-32,390,-62,0,0" /><INIT seed="4,0,0,2,5,98" ten="485,237,328,0" oya="0" hai0="37,100,116,106,39,42,48,51,111,96,75,131,135" hai1="65,73,52,78,121,54,53,97,115,99,57,133,74" hai2="60,45,129,63,95,120,94,104,92,128,32,89,41" hai3=""/><T81/><D116/><U40/><N who="1" m="31008" /><U86/><E133/><V84/><N who="2" m="30752" /><V56/><F32/><T132/><D131/><U83/><E40/><V109/><F109/><T68/><D68/><U88/><E115/><V112/><F112/><T130/><D130/><N who="2" m="50282" /><F104/><T1/><D1/><U69/><E69/><V80/><F56/><T113/><D111/><U43/><E43/><V38/><AGARI ba="0,0" hai="38,41,45,60,63,80,84,89,92,94,95" m="50282,30752" machi="38" ten="30,1500,0" yaku="19,1,52,1" doraHai="98" who="2" fromWho="2" sc="485,-10,237,-5,328,15,0,0" /><INIT seed="5,0,0,3,3,105" ten="475,232,343,0" oya="1" hai0="47,35,56,124,46,65,112,54,102,88,45,49,87" hai1="62,74,97,72,81,104,50,80,95,58,109,71,91" hai2="122,59,118,94,48,38,135,82,90,75,66,86,34" hai3=""/><U39/><E39/><V130/><N who="2" m="31264" /><V116/><F38/><T115/><D124/><U2/><E2/><V114/><F34/><T53/><D102/><U125/><E125/><V77/><F135/><T128/><D128/><U60/><E109/><V42/><F130/><T57/><D65/><U0/><E0/><V110/><F110/><T99/><D99/><U132/><E132/><V106/><F114/><T133/><D35/><U107/><E71/><V37/><F37/><T64/><D64/><U129/><E129/><V101/><F42/><T121/><N who="0" m="31008" /><T52/><D133/><U69/><E69/><V32/><F32/><T117/><D117/><U134/><E134/><V51/><F66/><T120/><N who="0" m="30752" /><T41/><D41/><U113/><E113/><N who="0" m="43593" /><D49/><N who="2" m="19018" /><F59/><T44/><N who="0" m="11264" /><DORA hai="123" /><T85/><D85/><U96/><E50/><V33/><F33/><T89/><D89/><U40/><E40/><V63/><F63/><T93/><AGARI ba="0,0" hai="52,53,54,56,57,87,88,93" m="11264,43593,30752,31008" machi="93" ten="50,6000,1" yaku="15,1,52,2,54,2" doraHai="105,123" who="0" fromWho="0" sc="475,60,232,-40,343,-20,0,0" /><INIT seed="6,0,0,0,4,99" ten="535,192,323,0" oya="2" hai0="125,68,81,117,97,50,87,58,133,122,63,111,54" hai1="61,108,113,51,56,42,106,105,128,60,131,100,82" hai2="112,120,57,34,121,126,65,77,101,110,94,32,41" hai3=""/><V33/><N who="2" m="30752" /><V45/><N who="2" m="31008" /><V48/><F112/><T92/><N who="0" m="31264" /><T39/><D39/><U89/><E108/><V66/><F126/><T72/><D117/><U75/><E113/><V44/><F110/><T86/><D133/><U107/><E42/><V85/><F45/><T135/><D125/><U73/><E51/><V70/><F70/><T59/><D68/><U3/><E3/><V90/><F77/><T46/><D59/><U129/><E56/><V93/><REACH who="2" step="1"/><F57/><REACH who="2" ten="535,192,313,0" step="2"/><T49/><D111/><U53/><E128/><V0/><F0/><T38/><D135/><U134/><E129/><V104/><F104/><T79/><D46/><U102/><E131/><V47/><F47/><T80/><D58/><U1/><E1/><V83/><F83/><T116/><D80/><U74/><E134/><V118/><F118/><T40/><D81/><U71/><E71/><V130/><F130/><T132/><D79/><U55/><E82/><V95/><F95/><T115/><D92/><U78/><E78/><V36/><F36/><T103/><D38/><U35/><E35/><V119/><F119/><T43/><D132/><U88/><E106/><V84/><F84/><T96/><D87/><U52/><E105/><V62/><F62/><RYUUKYOKU ba="0,1" sc="535,-10,192,-10,313,20,0,0" hai2="32,33,34,41,44,48,65,66,85,90,93,94,101" /><INIT seed="6,1,1,4,3,128" ten="525,182,333,0" oya="2" hai0="67,75,38,1,55,57,106,107,103,76,85,93,115" hai1="111,96,34,49,122,47,35,113,72,116,78,125,110" hai2="0,44,79,105,91,60,53,66,109,87,41,33,40" hai3=""/><V74/><F0/><T64/><D1/><U51/><N who="1" m="31264" /><U123/><N who="1" m="31520" /><U90/><E78/><V83/><F33/><T39/><D75/><U124/><E72/><V43/><F105/><T120/><N who="0" m="30752" /><T135/><D107/><U50/><E47/><V59/><F109/><T112/><D106/><U48/><E113/><V134/><F134/><T94/><D135/><U58/><E58/><V104/><F104/><T2/><D2/><U46/><E46/><V73/><F79/><T129/><D129/><U71/><E71/><V69/><REACH who="2" step="1"/><F44/><REACH who="2" ten="525,182,323,0" step="2"/><T56/><D76/><U88/><N who="1" m="12288" /><DORA hai="65" /><U121/><N who="1" m="31008" /><U68/><E116/><V117/><F117/><T92/><D115/><U70/><E35/><V98/><F98/><T81/><D112/><U54/><E34/><V77/><F77/><T63/><D85/><U89/><E96/><V131/><F131/><T130/><D130/><U3/><E3/><V132/><F132/><T42/><D42/><U95/><E110/><V37/><F37/><T82/><D38/><U97/><E111/><V101/><F101/><T84/><D39/><U36/><E36/><V119/><F119/><T80/><D103/><U126/><E54/><V61/><AGARI ba="1,2" hai="40,41,43,53,59,60,61,66,69,73,74,83,87,91" machi="61" ten="30,8000,1" yaku="1,1,0,1,52,1,53,2" doraHai="128,65" doraHaiUra="86,62" who="2" fromWho="2" sc="525,-41,182,-41,323,102,0,0" /><INIT seed="6,2,0,5,4,61" ten="484,141,425,0" oya="2" hai0="52,48,123,101,85,125,40,0,135,116,51,109,34" hai1="49,102,105,56,133,55,107,2,106,80,98,78,53" hai2="37,94,3,97,33,95,57,77,108,50,118,62,83" hai3=""/><V68/><F118/><T113/><N who="0" m="31520" /><T111/><D0/><U47/><E2/><V134/><F37/><T110/><D34/><U44/><E133/><V42/><F33/><T45/><D135/><U71/><E71/><V114/><F134/><T36/><D116/><U39/><E39/><V32/><F32/><T124/><D113/><U121/><N who="1" m="31008" /><U131/><E131/><V117/><F117/><T81/><D101/><U54/><E105/><V90/><F114/><T120/><N who="0" m="30752" /><T92/><D92/><U132/><E106/><V112/><F112/><T115/><D115/><U99/><E132/><V66/><F108/><T38/><D38/><U59/><E107/><V87/><F3/><T75/><D75/><U64/><E102/><V122/><N who="2" m="31264" /><V72/><F42/><T129/><D129/><U86/><E44/><V60/><F50/><T100/><D100/><U103/><E103/><V69/><F60/><T65/><D65/><U82/><E82/><V128/><F128/><T67/><D67/><U93/><E64/><V126/><F126/><N who="0" m="48746" /><D52/><N who="1" m="20075" /><E93/><V1/><F1/><T35/><D35/><U130/><E130/><V63/><F63/><T46/><D46/><U96/><E47/><V89/><AGARI ba="2,0" hai="57,62,66,68,69,72,77,83,87,89,90,94,95,97" m="31264" machi="89" ten="20,5200,0" yaku="0,1,7,1,52,2" doraHai="61" who="2" fromWho="2" sc="484,-28,141,-28,425,56,0,0" owari="456,6.0,113,-49.0,481,43.0,0,0.0" /></mjloggm>