<mjloggm ver="2.3"><GO type="169" lobby="0"/><UN n0="%53%65%72%69%61" n1="%E5%A6%99%E6%89%8D" n2="%E3%81%97%E3%82%83%E3%82%8B%E3%81%BC%E3%82%93" n3="%E3%81%8A%E3%81%98%E3%81%95%E3%82%93" dan="17,16,16,16" rate="2184.34,2066.12,2132.83,2173.63" sx="M,M,M,M"/><TAIKYOKU oya="0"/><INIT seed="0,0,0,2,5,5" ten="250,250,250,250" oya="0" hai0="60,11,27,122,90,134,86,88,10,61,117,12,9" hai1="81,67,70,3,97,82,95,51,135,93,49,35,48" hai2="43,32,119,131,105,106,1,83,80,56,20,33,0" hai3="91,16,103,101,53,130,28,123,57,34,115,45,41"/><T55/><D117/><U14/><E3/><V37/><F43/><W78/><G115/><T116/><D116/><U108/><E108/><V44/><F119/><W63/><G130/><T31/><D122/><U99/><E35/><V62/><F20/><W72/><G123/><T124/><D134/><U128/><E128/><V125/><F62/><N who="0" m="24170" /><D124/><U54/><E135/><V68/><F56/><W4/><G4/><T76/><D55/><U127/><E127/><V107/><F125/><W96/><G28/><T92/><D76/><U85/><E70/><V87/><F87/><W2/><G2/><T29/><D27/><U129/><E129/><V46/><F107/><W74/><G34/><T42/><D42/><U47/><E67/><V66/><F131/><W65/><G65/><T24/><D24/><U110/><E110/><V59/><F59/><W79/><G72/><T18/><D90/><U50/><E85/><V120/><F66/><W121/><G121/><T26/><D26/><U40/><E40/><V75/><F120/><W19/><G91/><T13/><D13/><U7/><E97/><V98/><F98/><W64/><G64/><T94/><D94/><U126/><E126/><V6/><F75/><W36/><G103/><T23/><AGARI ba="0,0" hai="9,10,11,12,18,23,29,31,86,88,92" m="24170" machi="23" ten="30,12000,1" yaku="8,1,52,3,54,1" doraHai="5" who="0" fromWho="0" sc="250,120,250,-40,250,-40,250,-40" /><INIT seed="0,1,0,0,1,119" ten="370,210,210,210" oya="0" hai0="42,59,111,117,50,51,60,5,121,8,6,99,68" hai1="32,23,90,18,101,85,35,38,107,120,115,36,1" hai2="69,67,131,108,109,49,28,43,100,21,61,83,112" hai3="84,76,26,11,71,45,118,7,46,73,105,98,104"/><T80/><D121/><U12/><E1/><V31/><F112/><W47/><G73/><T116/><D68/><U40/><E115/><V102/><F131/><W48/><G71/><T75/><D111/><N who="2" m="42570" /><F83/><W128/><G128/><T86/><D75/><U57/><E107/><V0/><F0/><W9/><G118/><T25/><D99/><U64/><E101/><N who="2" m="39019" /><F21/><W55/><G98/><T20/><D116/><U135/><E135/><V66/><F66/><W19/><G105/><T54/><D117/><U41/><E64/><V70/><F70/><W95/><G104/><T56/><D42/><U63/><E41/><V17/><F17/><W10/><G7/><T82/><D82/><U13/><E40/><V79/><F79/><W91/><G76/><T4/><D59/><U114/><E114/><V34/><F34/><W44/><REACH who="3" step="1"/><G26/><REACH who="3" ten="370,210,210,200" step="2"/><T30/><REACH who="0" step="1"/><D8/><REACH who="0" ten="360,210,210,200" step="2"/><U81/><E81/><V33/><F69/><W65/><G65/><T113/><D113/><U122/><E38/><V110/><F67/><W29/><G29/><T14/><D14/><AGARI ba="1,2" hai="9,10,11,14,19,44,45,46,47,48,55,84,91,95" machi="14" ten="40,2600,0" yaku="1,1,8,1,53,0" doraHai="119" doraHaiUra="39" who="3" fromWho="0" sc="360,-29,210,0,210,0,200,49" /><INIT seed="1,0,0,4,2,27" ten="331,210,210,249" oya="1" hai0="12,22,119,0,9,41,10,4,87,30,28,130,128" hai1="62,121,73,78,114,18,58,122,96,93,83,70,57" hai2="116,19,49,85,80,111,69,82,11,94,125,33,25" hai3="7,132,61,101,43,117,38,86,63,105,133,98,129"/><U77/><E114/><V103/><F116/><W71/><G117/><T118/><D41/><U31/><E70/><V65/><F125/><W110/><G110/><T29/><D22/><U123/><E78/><V97/><F111/><W108/><G108/><T64/><D64/><U2/><E2/><V79/><F69/><W115/><G115/><T21/><D21/><U52/><E58/><V46/><F65/><W127/><G127/><T109/><D109/><U120/><N who="1" m="30720" /><DORA hai="81" /><U48/><E18/><V84/><F33/><W8/><G129/><N who="0" m="49771" /><D87/><N who="2" m="33354" /><F79/><W91/><G43/><T72/><D72/><U88/><REACH who="1" step="1"/><E31/><REACH who="1" ten="331,200,210,249" step="2"/><V75/><F75/><W15/><G71/><T67/><D67/><U113/><E113/><V126/><F126/><W6/><G133/><T3/><D3/><U124/><E124/><V56/><F56/><W32/><G132/><T50/><D50/><AGARI ba="0,1" hai="48,50,52,57,62,73,77,83,88,93,96" m="30720" machi="50" ten="70,12000,1" yaku="1,1,54,2,53,0" doraHai="27,81" doraHaiUra="24,16" who="1" fromWho="0" sc="331,-120,200,130,210,0,249,0" /><INIT seed="1,1,0,0,3,38" ten="211,330,210,249" oya="1" hai0="90,100,72,3,97,66,116,88,42,37,19,34,10" hai1="50,6,124,95,59,108,79,113,56,45,67,39,54" hai2="43,110,9,22,0,106,112,91,127,12,17,132,51" hai3="40,115,105,13,48,74,85,64,36,55,109,129,98"/><U61/><E79/><V73/><F110/><W75/><G115/><T126/><D116/><U71/><E6/><V29/><F112/><W104/><G109/><T58/><D34/><U49/><E113/><V122/><F122/><W33/><G33/><T80/><D126/><U117/><E117/><V52/><F106/><W119/><G119/><T57/><D19/><U128/><E108/><V47/><F73/><W28/><G28/><T96/><D57/><N who="1" m="32975" /><E95/><V69/><F69/><W89/><G129/><T23/><D23/><U4/><E4/><V21/><F127/><W44/><G64/><T31/><D31/><U87/><E87/><V99/><F0/><W1/><G13/><T35/><D35/><U32/><E32/><V41/><F132/><W111/><G1/><T68/><D68/><U103/><E103/><V70/><F70/><W53/><G53/><T94/><D58/><N who="1" m="22059" /><E128/><V133/><F133/><W63/><G111/><T125/><D66/><U46/><E46/><V65/><F65/><W107/><G98/><T16/><D125/><U30/><E30/><V102/><F102/><W26/><G74/><T20/><D3/><U76/><E76/><V114/><F114/><W93/><G75/><T77/><D10/><U60/><E124/><V24/><F9/><W134/><G134/><T101/><D101/><U86/><E86/><V135/><F135/><W14/><G104/><T130/><D130/><U83/><E83/><V118/><F118/><W27/><G105/><N who="0" m="63623" /><D90/><U84/><E84/><V78/><F78/><W92/><G107/><T121/><D72/><U11/><E67/><RYUUKYOKU ba="1,0" sc="211,-10,330,-10,210,30,249,-10" hai2="12,17,21,22,24,29,41,43,47,51,52,91,99" /><INIT seed="2,2,0,4,3,126" ten="201,320,240,239" oya="2" hai0="116,110,98,74,106,105,14,55,34,81,82,31,17" hai1="111,13,3,114,44,66,108,90,127,80,87,7,67" hai2="76,12,73,6,92,23,60,46,40,85,0,41,79" hai3="69,91,70,24,68,118,102,93,51,37,131,5,122"/><V99/><F73/><W125/><G37/><T25/><D110/><N who="1" m="42027" /><E3/><V20/><F0/><W26/><G118/><T28/><D116/><U78/><E127/><V128/><F41/><W61/><G125/><T52/><D31/><U107/><E107/><V15/><F60/><W132/><G122/><T133/><D133/><U43/><E114/><V64/><F64/><W56/><G102/><T104/><D98/><U39/><E90/><V65/><F65/><W62/><G5/><T119/><D119/><U38/><E38/><V22/><F85/><W134/><G51/><T96/><D96/><U77/><E77/><V86/><F86/><N who="3" m="52471" /><G62/><T100/><D100/><U89/><E89/><V47/><F76/><W50/><G50/><T48/><D74/><U42/><E42/><V88/><F79/><W11/><G11/><AGARI ba="2,0" hai="7,11,13,39,43,44,66,67,78,80,87" m="42027" machi="11" ten="30,1000,0" yaku="14,1" doraHai="126" who="1" fromWho="3" sc="201,0,320,16,240,0,239,-16" /><INIT seed="3,0,0,4,0,58" ten="201,336,240,223" oya="3" hai0="112,66,94,109,120,125,31,39,87,40,11,124,86" hai1="3,134,46,32,126,56,96,8,24,53,61,97,122" hai2="13,92,129,84,5,41,70,89,9,127,57,128,43" hai3="37,67,48,36,77,59,110,22,101,52,38,50,68"/><W99/><G77/><T17/><D120/><U69/><E122/><V60/><F70/><W34/><G34/><T118/><D118/><U44/><E126/><V1/><F127/><N who="0" m="48714" /><D109/><U135/><E3/><V121/><F121/><W91/><G91/><T55/><D66/><N who="1" m="41167" /><E8/><V25/><F1/><W51/><G110/><T131/><D131/><U72/><E72/><V21/><F129/><W119/><G119/><T85/><D31/><N who="1" m="19559" /><E97/><V18/><REACH who="2" step="1"/><F128/><REACH who="2" ten="201,336,230,223" step="2"/><W62/><REACH who="3" step="1"/><G22/><REACH who="3" ten="201,336,230,213" step="2"/><T132/><D112/><U73/><E135/><V35/><F35/><W113/><G113/><T82/><D132/><U20/><E134/><V16/><F16/><W105/><AGARI ba="0,2" hai="36,37,38,48,50,51,52,59,62,67,68,99,101,105" machi="105" ten="30,11700,0" yaku="1,1,0,1,52,1,54,1,53,0" doraHai="58" doraHaiUra="123" who="3" fromWho="3" sc="201,-39,336,-39,230,-39,213,137" /><INIT seed="3,1,0,4,5,61" ten="162,297,191,350" oya="3" hai0="22,111,91,9,39,67,81,85,90,84,108,68,30" hai1="131,120,50,101,37,126,42,71,129,27,24,106,6" hai2="2,109,64,3,115,107,20,117,93,127,96,5,47" hai3="80,19,49,65,124,113,89,135,134,55,35,98,79"/><W59/><G113/><T10/><D39/><U33/><E6/><V118/><F107/><W25/><G124/><T128/><D128/><N who="1" m="49227" /><E50/><V73/><F115/><W34/><G65/><T125/><D125/><U1/><E71/><V74/><F5/><W14/><G89/><T130/><D130/><U29/><E27/><V45/><F20/><W44/><G98/><T36/><D36/><U133/><E133/><N who="3" m="50698" /><G25/><N who="0" m="16695" /><D67/><U63/><E63/><V116/><F127/><W114/><G59/><T21/><D21/><U82/><E126/><V26/><F26/><W105/><G105/><T112/><D68/><U28/><E28/><V100/><F64/><W92/><G92/><N who="0" m="54343" /><D112/><U87/><E101/><V57/><F57/><W18/><G114/><T88/><D91/><N who="1" m="51703" /><E106/><V46/><REACH who="2" step="1"/><F109/><AGARI ba="1,0" hai="9,10,81,85,88,108,109,111" m="54343,16695" machi="109" ten="30,2000,0" yaku="14,1,54,1" doraHai="61" who="0" fromWho="2" sc="162,23,297,0,191,-23,350,0" /><INIT seed="4,0,0,3,2,21" ten="185,297,168,350" oya="0" hai0="44,27,99,32,135,67,12,129,70,83,116,80,76" hai1="59,96,15,118,10,91,64,117,131,20,66,7,74" hai2="95,107,54,98,30,45,103,127,1,29,104,110,75" hai3="126,47,38,49,55,87,60,16,109,35,113,81,65"/><T92/><D116/><U5/><E131/><V123/><F110/><W23/><G109/><T9/><D129/><U6/><E74/><V88/><F123/><W42/><G35/><T31/><D135/><U43/><E43/><V89/><F127/><W52/><G126/><T25/><D44/><U18/><E118/><V39/><F1/><W73/><G73/><T90/><D70/><U121/><E121/><V62/><F75/><W133/><G113/><T77/><D67/><N who="1" m="25643" /><E59/><V78/><F78/><W108/><G133/><T2/><D2/><U36/><E36/><V33/><F107/><W4/><G4/><T128/><D128/><U58/><E58/><V26/><F29/><W97/><G97/><T14/><D32/><U71/><E117/><V85/><F89/><W19/><G19/><N who="0" m="8591" /><D31/><U86/><E96/><V34/><F34/><W61/><G38/><T0/><D0/><U111/><E71/><V101/><F101/><W84/><G84/><N who="0" m="48143" /><D14/><N who="1" m="5455" /><E111/><V69/><F69/><W46/><G108/><T122/><D122/><U119/><E119/><V120/><F120/><W132/><G132/><T53/><D53/><N who="3" m="20553" /><G47/><T124/><D124/><U8/><E8/><V48/><REACH who="2" step="1"/><F39/><REACH who="2" ten="185,297,158,350" step="2"/><W57/><G57/><T11/><D11/><U130/><E130/><V102/><F102/><W114/><G114/><T105/><D105/><U50/><E50/><V63/><AGARI ba="0,1" hai="26,30,33,45,48,54,62,63,85,88,95,98,103,104" machi="63" ten="30,7900,0" yaku="1,1,0,1,52,1,54,1,53,0" doraHai="21" doraHaiUra="106" who="2" fromWho="2" sc="185,-39,297,-20,158,89,350,-20" /><INIT seed="5,0,0,3,3,7" ten="146,277,247,330" oya="1" hai0="18,44,69,108,63,57,75,79,47,16,0,119,35" hai1="2,15,123,19,131,28,6,133,53,77,96,70,120" hai2="88,13,80,100,109,61,130,55,59,76,111,81,32" hai3="51,12,54,4,90,22,23,103,122,40,24,46,87"/><U39/><E39/><V115/><F32/><W94/><G122/><T50/><D108/><U1/><E70/><V67/><F130/><W98/><G4/><T37/><D119/><U124/><E77/><V26/><F115/><W116/><G116/><T60/><D35/><U74/><E74/><V110/><F100/><W11/><G24/><T29/><D29/><U128/><E96/><V125/><F125/><W41/><G41/><T3/><D37/><U112/><E53/><V89/><F26/><W107/><G40/><T106/><D69/><U27/><E133/><V66/><F81/><W10/><REACH who="3" step="1"/><G12/><REACH who="3" ten="146,277,247,320" step="2"/><T43/><D43/><U9/><E124/><V34/><F13/><W95/><G95/><T36/><D106/><U25/><E112/><V135/><F135/><W8/><AGARI ba="0,1" hai="8,10,11,22,23,46,51,54,87,90,94,98,103,107" machi="8" ten="30,8000,1" yaku="1,1,0,1,52,3,53,0" doraHai="7" doraHaiUra="127" who="3" fromWho="3" sc="146,-20,277,-40,247,-20,320,90" /><INIT seed="6,0,0,1,4,9" ten="126,237,227,410" oya="2" hai0="111,56,134,98,70,19,42,46,99,6,47,41,14" hai1="60,49,39,92,97,80,121,118,87,133,130,13,52" hai2="1,102,8,73,57,76,37,81,104,23,32,101,31" hai3="15,110,18,113,103,119,53,59,58,82,126,35,50"/><V72/><F72/><W69/><G69/><T128/><D111/><U36/><E118/><V38/><F32/><W90/><G35/><T93/><D70/><U114/><E114/><V16/><F31/><W120/><G120/><T91/><D134/><U65/><E130/><V34/><F34/><W5/><G5/><T67/><D128/><U26/><E121/><V129/><F129/><W96/><G110/><T100/><D6/><U88/><E133/><V28/><F28/><W40/><G40/><T22/><D42/><U78/><E26/><V74/><F74/><W54/><G126/><T105/><REACH who="0" step="1"/><D41/><REACH who="0" ten="116,237,227,410" step="2"/><U27/><E39/><V12/><F38/><W83/><G119/><T71/><D71/><U43/><E43/><V33/><F37/><W24/><G113/><T86/><D86/><U122/><E36/><V0/><F0/><W123/><G123/><T48/><D48/><U45/><E122/><V94/><F1/><W95/><G50/><T17/><D17/><U85/><E87/><V30/><F73/><W63/><G18/><T10/><D10/><U115/><E115/><V84/><F8/><W106/><G63/><AGARI ba="0,1" hai="14,19,22,46,47,56,63,67,91,93,98,99,100,105" machi="63" ten="40,2600,0" yaku="1,1,52,1,53,0" doraHai="9" doraHaiUra="107" who="0" fromWho="3" sc="116,36,237,0,227,0,410,-26" /><INIT seed="7,0,0,1,4,122" ten="152,237,227,384" oya="3" hai0="7,119,18,21,68,99,43,38,3,127,10,79,44" hai1="28,51,94,110,61,1,37,115,16,96,73,108,36" hai2="59,27,92,50,46,49,102,106,56,128,57,71,41" hai3="130,62,19,39,17,126,131,52,95,35,105,112,0"/><W12/><G105/><T45/><D127/><U58/><E1/><V118/><F118/><W109/><G0/><T64/><D119/><U26/><E73/><V104/><F71/><W42/><G35/><T111/><D68/><U63/><E63/><V125/><F125/><W5/><G5/><T121/><D121/><U129/><E51/><V97/><F128/><W116/><G95/><T24/><D64/><U88/><E115/><V6/><F6/><W124/><G52/><T66/><D66/><U47/><E129/><V20/><REACH who="2" step="1"/><F49/><REACH who="2" ten="152,237,217,384" step="2"/><W65/><G116/><T70/><D70/><U123/><E123/><V25/><F25/><W13/><G124/><T86/><D45/><U72/><E47/><V133/><F133/><W134/><G134/><T103/><D79/><U90/><E72/><V74/><F74/><W81/><G126/><T113/><D113/><U32/><E90/><V54/><F54/><W107/><G112/><T77/><D77/><U101/><E101/><V15/><F15/><W67/><G12/><T11/><D11/><U29/><E37/><V76/><F76/><W82/><G13/><T40/><D40/><U14/><E36/><V84/><F84/><W8/><G42/><T9/><D9/><U98/><E98/><V117/><F117/><W69/><G8/><T83/><D86/><U53/><E29/><AGARI ba="0,1" hai="20,27,29,41,46,50,56,57,59,92,97,102,104,106" machi="29" ten="40,1300,0" yaku="1,1,53,0" doraHai="122" doraHaiUra="33" who="2" fromWho="1" sc="152,0,237,-13,217,23,384,0" owari="152,-35.0,224,-18.0,240,4.0,384,49.0" /></mjloggm>