<mjloggm ver="2.3"><GO type="169" lobby="0"/><UN n0="%41%4C%50%45%52%49%4E" n1="%E3%81%B6%E3%83%BC%E3%81%95%E3%82%93%E3%81%AE%E4%BC%91%E6%81%AF%E2%99%AA" n2="%E3%81%84%E3%81%8A%E3%81%84%E3%81%8A" n3="%6E%69%6B%6B%61%31%31%38" dan="18,17,16,16" rate="2223.20,2197.66,2073.44,2072.14" sx="M,M,M,M"/><TAIKYOKU oya="0"/><INIT seed="0,0,0,1,5,65" ten="250,250,250,250" oya="0" hai0="63,23,8,135,6,102,38,116,114,16,87,0,45" hai1="22,18,131,5,127,73,112,12,109,53,107,94,4" hai2="46,57,69,47,76,105,133,33,21,103,37,79,62" hai3="68,25,70,59,54,29,67,91,9,56,119,86,7"/><T90/><D114/><U40/><E107/><V106/><F33/><W95/><G119/><T129/><D116/><U126/><E73/><V24/><F133/><W10/><G67/><T99/><D135/><U110/><E40/><V125/><F125/><N who="1" m="47625" /><E94/><V89/><F89/><W66/><G66/><T100/><D129/><U92/><E92/><V3/><F3/><W117/><G117/><T50/><D38/><U43/><E43/><V36/><F36/><W123/><G123/><T75/><D63/><U96/><E53/><V30/><F37/><W49/><G56/><T108/><D75/><U28/><E96/><V26/><F105/><W41/><G41/><T55/><D99/><U88/><E88/><V97/><F26/><W58/><G58/><T78/><D78/><U134/><E134/><V84/><F69/><W93/><G93/><T14/><REACH who="0" step="1"/><D108/><REACH who="0" ten="240,250,250,250" step="2"/><N who="1" m="41579" /><E131/><V17/><F76/><W64/><G64/><T118/><D118/><U130/><E130/><V120/><F79/><W1/><REACH who="3" step="1"/><G10/><REACH who="3" ten="240,250,250,240" step="2"/><T121/><D121/><U51/><E112/><V115/><F120/><W82/><G82/><AGARI ba="0,2" hai="0,6,8,14,16,23,45,50,55,82,87,90,100,102" machi="82" ten="30,5800,0" yaku="1,1,7,1,54,1,53,0" doraHai="65" doraHaiUra="104" who="0" fromWho="3" sc="240,78,250,0,250,0,240,-58" /><INIT seed="0,1,0,2,0,113" ten="318,250,250,182" oya="0" hai0="60,22,91,133,109,120,95,115,21,123,110,40,92" hai1="71,47,85,66,121,46,17,78,107,128,84,53,108" hai2="82,18,73,104,116,103,88,127,36,28,74,94,49" hai3="125,3,15,54,27,38,20,99,8,63,77,26,96"/><T52/><D115/><U58/><E107/><V11/><F36/><W76/><G38/><T126/><D40/><U39/><E78/><N who="2" m="44367" /><F28/><W23/><G3/><T106/><D106/><U67/><E85/><N who="2" m="52495" /><F49/><W41/><G41/><T10/><D10/><U42/><E84/><V69/><F69/><W130/><G125/><T131/><D126/><U35/><E17/><V24/><F74/><W129/><G63/><T79/><D79/><U55/><E35/><V43/><F43/><W132/><G54/><T48/><D60/><N who="1" m="40391" /><E108/><N who="0" m="41577" /><D131/><U112/><E128/><V0/><F127/><W62/><G62/><T64/><D133/><U105/><E105/><V12/><F24/><W100/><G132/><T57/><D64/><U124/><E121/><N who="0" m="46665" /><D95/><U81/><E124/><V13/><F13/><W50/><G15/><T30/><D30/><U83/><E112/><V134/><F0/><W118/><G8/><T56/><D56/><U45/><E83/><V114/><F114/><W51/><REACH who="3" step="1"/><G100/><REACH who="3" ten="318,250,250,172" step="2"/><T117/><D117/><AGARI ba="1,1" hai="20,23,26,27,50,51,76,77,96,99,117,118,129,130" machi="117" ten="25,16000,3" yaku="1,1,2,1,22,2,52,2,53,2" doraHai="113" doraHaiUra="93" who="3" fromWho="0" sc="318,-163,250,0,250,0,172,173" /><INIT seed="1,0,0,1,4,70" ten="155,250,250,345" oya="1" hai0="75,79,98,47,72,4,46,1,3,104,117,37,32" hai1="126,90,49,30,95,73,74,40,88,58,107,24,28" hai2="96,45,16,34,55,102,121,48,66,21,116,52,2" hai3="5,44,67,36,41,97,33,127,59,39,14,89,129"/><U114/><E114/><V105/><F121/><W23/><G33/><T106/><D117/><U62/><E107/><V81/><F2/><W29/><G127/><T38/><D98/><U122/><E126/><V31/><F66/><W111/><G111/><T11/><D32/><U0/><E0/><V78/><F116/><W61/><G129/><T87/><D87/><U65/><E122/><V119/><F119/><W7/><G7/><T93/><D93/><U27/><E74/><V109/><F109/><W123/><G123/><T110/><D110/><U85/><E73/><V86/><F34/><W6/><G6/><T56/><D56/><U68/><E68/><V124/><F31/><N who="1" m="11817" /><E90/><V26/><REACH who="2" step="1"/><F124/><REACH who="2" ten="155,250,240,345" step="2"/><W54/><G29/><T17/><D1/><U133/><E133/><V19/><F19/><W20/><G67/><T12/><D17/><U94/><E94/><V131/><F131/><W125/><G125/><T64/><D64/><U83/><E95/><V99/><F99/><W13/><G97/><T84/><D3/><U100/><E100/><V51/><F51/><W22/><G5/><T76/><D4/><U132/><E132/><V35/><F35/><W71/><G71/><T92/><D92/><U120/><E120/><V113/><F113/><W77/><G77/><T82/><D79/><U69/><E69/><V10/><F10/><W128/><G89/><T130/><D130/><U50/><E49/><V18/><F18/><W42/><G128/><T80/><D76/><U118/><E118/><V53/><AGARI ba="0,1" hai="16,21,26,45,48,52,53,55,78,81,86,96,102,105" machi="53" ten="20,12000,2" yaku="1,1,0,1,7,1,54,2,53,1" doraHai="70" doraHaiUra="103" who="2" fromWho="2" sc="155,-30,250,-60,240,130,345,-30" /><INIT seed="2,0,0,0,0,100" ten="125,190,370,315" oya="2" hai0="94,17,123,51,66,30,67,91,61,87,5,34,127" hai1="95,37,15,133,86,69,24,125,55,81,126,124,7" hai2="118,80,33,105,104,8,54,119,78,88,6,71,73" hai3="12,103,40,79,56,48,84,42,38,99,85,18,129"/><V59/><F71/><W62/><G38/><T76/><D123/><U25/><E133/><V44/><F33/><W27/><G27/><T13/><D127/><U49/><E37/><V72/><F72/><W20/><G129/><T2/><D5/><U113/><E69/><V96/><F44/><W102/><G102/><T132/><D2/><U122/><E113/><V83/><F59/><W82/><G84/><T14/><D132/><U9/><E95/><N who="2" m="56423" /><F54/><W63/><G48/><T116/><D116/><N who="2" m="44586" /><F6/><W121/><G121/><T45/><D76/><U36/><E36/><V70/><F8/><W47/><G47/><T35/><D30/><U39/><E39/><V110/><F70/><W53/><G63/><T107/><D107/><AGARI ba="0,0" hai="12,18,20,40,42,53,56,62,79,82,85,99,103,107" machi="107" ten="30,2000,0" yaku="7,1,52,1" doraHai="100" who="3" fromWho="0" sc="125,-20,190,0,370,0,315,20" /><INIT seed="3,0,0,5,1,5" ten="105,190,370,335" oya="3" hai0="60,17,98,47,121,39,7,49,78,75,83,58,44" hai1="35,59,28,18,79,101,122,96,76,62,82,30,124" hai2="34,128,51,69,38,80,118,19,63,1,48,8,103" hai3="102,107,112,12,95,21,36,50,106,113,123,26,61"/><W126/><G36/><T29/><D121/><U134/><E134/><V91/><F38/><W46/><G126/><T52/><D29/><U99/><E35/><V14/><F118/><W22/><G61/><T13/><D7/><U130/><E130/><V9/><F34/><W68/><G68/><T110/><D110/><U2/><E2/><V116/><F116/><W37/><G37/><T108/><D108/><U132/><E132/><V65/><F128/><W105/><G123/><T70/><D39/><U20/><E96/><V119/><F103/><W125/><G125/><T42/><D70/><U89/><E76/><V40/><F40/><W87/><G21/><T27/><D27/><U117/><E117/><V71/><F71/><W77/><G102/><T6/><D6/><U4/><E4/><V33/><F33/><W104/><G12/><T109/><D109/><U72/><E89/><V90/><F1/><W129/><G129/><T0/><D0/><U31/><E124/><V92/><F119/><W135/><G135/><T25/><D25/><U23/><E18/><V32/><F32/><W115/><G77/><T93/><D42/><U11/><E122/><V15/><F80/><W3/><G3/><T97/><D60/><U127/><E127/><V88/><F92/><W85/><N who="3" m="26624" /><DORA hai="74" /><W43/><REACH who="3" step="1"/><G95/><REACH who="3" ten="105,190,370,325" step="2"/><T64/><D64/><N who="1" m="39007" /><E23/><V16/><AGARI ba="0,1" hai="8,9,14,15,16,19,48,51,63,65,69,88,90,91" machi="16" ten="30,12000,2" yaku="0,1,9,1,52,2,54,2" doraHai="5,74" who="2" fromWho="2" sc="105,-30,190,-30,370,130,325,-60" /><INIT seed="4,0,0,3,5,135" ten="75,160,500,265" oya="0" hai0="52,20,76,38,61,121,73,84,134,104,44,91,43" hai1="133,105,106,55,69,83,113,22,21,65,14,70,53" hai2="2,19,97,96,46,120,122,80,85,112,57,18,45" hai3="30,11,67,82,62,16,75,90,39,13,126,58,123"/><T24/><D121/><U88/><E133/><V32/><F32/><W110/><G39/><T71/><D104/><U118/><E14/><V48/><F2/><W132/><G110/><T12/><D134/><U102/><E83/><V5/><F5/><W41/><G41/><T4/><D76/><U74/><E65/><V31/><F31/><W47/><G47/><T1/><D73/><U26/><E102/><V125/><F112/><W95/><G123/><T101/><D101/><U86/><E86/><V93/><F125/><W100/><G126/><T111/><D111/><U59/><E59/><V81/><F57/><W116/><G116/><T94/><D1/><U60/><E60/><V77/><F81/><W78/><G30/><T33/><D33/><U89/><E26/><V115/><F115/><W29/><G29/><T23/><D24/><U92/><E92/><V109/><F109/><W49/><G100/><T27/><D27/><U128/><E113/><V28/><F28/><W119/><G119/><T131/><D131/><U9/><E9/><V8/><F97/><W98/><G132/><T66/><REACH who="0" step="1"/><D52/><REACH who="0" ten="65,160,500,265" step="2"/><U87/><E128/><V42/><F45/><W17/><G75/><T34/><D34/><U37/><E74/><V3/><F3/><W130/><G78/><T25/><D25/><U72/><E72/><V54/><F54/><W15/><G130/><T68/><D68/><U51/><E118/><V6/><F122/><W10/><G82/><T79/><D79/><U108/><E108/><V56/><F120/><W63/><G67/><T107/><D107/><U64/><E106/><RYUUKYOKU ba="0,1" sc="65,15,160,-15,500,-15,265,15" hai0="4,12,20,23,38,43,44,61,66,71,84,91,94" hai3="10,11,13,15,16,17,49,58,62,63,90,95,98" /><INIT seed="4,1,1,4,2,113" ten="80,145,485,280" oya="0" hai0="122,125,45,49,16,63,25,79,108,133,23,132,68" hai1="101,94,128,40,48,50,72,78,61,47,120,43,19" hai2="116,83,14,96,110,85,39,18,134,29,95,20,114" hai3="135,80,112,74,62,26,36,38,104,73,75,91,81"/><T51/><D122/><U118/><E120/><V130/><F114/><W1/><G62/><T109/><D79/><U99/><E128/><V28/><F130/><W131/><G112/><T76/><D76/><U37/><E118/><V71/><F71/><W123/><G131/><T17/><D125/><U30/><E30/><V117/><F39/><W35/><G104/><T24/><D63/><U52/><E61/><V97/><F110/><N who="0" m="42602" /><D68/><U127/><E127/><V3/><F3/><W105/><G105/><T89/><D89/><U11/><E37/><V102/><F134/><N who="0" m="51818" /><D45/><U103/><E103/><V53/><F53/><W9/><G91/><T115/><D115/><U21/><E78/><N who="2" m="46327" /><F97/><W12/><G135/><T0/><D0/><U107/><E72/><V44/><F44/><W13/><G1/><T22/><AGARI ba="1,1" hai="16,17,22,23,24,25,49,51" m="51818,42602" machi="22" ten="40,7800,0" yaku="10,1,20,1,54,1" doraHai="113" who="0" fromWho="0" sc="80,91,145,-27,485,-27,280,-27" /><INIT seed="4,2,0,0,0,55" ten="171,118,458,253" oya="0" hai0="15,100,78,96,132,42,130,52,133,90,7,45,58" hai1="33,51,12,123,43,83,103,4,62,88,63,34,117" hai2="121,67,84,129,91,112,105,57,20,80,39,6,48" hai3="16,60,53,8,122,114,18,109,111,81,27,128,82"/><T69/><D69/><U13/><E117/><V26/><F121/><W131/><G122/><T102/><D130/><N who="3" m="49705" /><G114/><T29/><D29/><U21/><E103/><V98/><F48/><W113/><G113/><T2/><D2/><U86/><E123/><V75/><F39/><W30/><G60/><T24/><D24/><U110/><E110/><N who="3" m="41994" /><G53/><T77/><D90/><U68/><E68/><V37/><F37/><W5/><G81/><T125/><D125/><U108/><E108/><V101/><F6/><W89/><G82/><T25/><D25/><U54/><E43/><V73/><F129/><W56/><G56/><T44/><D15/><U107/><E13/><V40/><F40/><W23/><G89/><T3/><D7/><U124/><E124/><V135/><F135/><N who="0" m="51786" /><D3/><AGARI ba="2,0" hai="3,5,8,16,18,23,27,30" m="41994,49705" machi="3" ten="30,7700,0" yaku="19,1,34,2,54,1" doraHai="55" who="3" fromWho="0" sc="171,-83,118,0,458,0,253,83" /><INIT seed="5,0,0,0,0,126" ten="88,118,458,336" oya="1" hai0="69,2,99,73,30,123,13,76,8,87,119,130,118" hai1="66,19,17,34,68,111,81,122,79,114,62,100,12" hai2="54,97,16,55,42,11,10,74,125,75,37,102,86" hai3="3,70,32,133,56,93,7,31,134,25,57,61,91"/><U48/><E122/><V82/><F125/><W112/><G112/><T41/><D123/><U0/><E0/><V47/><F75/><W117/><G117/><T131/><D69/><U77/><E114/><V115/><F74/><W84/><G3/><T116/><D73/><U109/><E34/><V127/><F115/><W1/><G1/><T9/><D30/><U124/><E124/><V95/><F127/><W105/><G7/><T45/><D99/><U28/><E28/><V51/><F37/><W44/><G105/><T27/><D27/><U58/><E100/><V63/><F63/><W49/><G70/><T101/><D101/><U78/><E81/><V43/><F55/><W24/><G24/><T26/><D26/><U36/><E36/><V64/><F64/><W65/><REACH who="3" step="1"/><G57/><REACH who="3" ten="88,118,458,326" step="2"/><T104/><D104/><U92/><E68/><V6/><F6/><W83/><G83/><N who="0" m="47591" /><D2/><U128/><E58/><V14/><REACH who="2" step="1"/><F10/><REACH who="2" ten="88,118,448,326" step="2"/><W108/><G108/><T106/><D9/><U60/><E111/><V107/><F107/><W23/><G23/><T90/><D106/><U71/><E109/><V38/><F38/><W113/><G113/><T46/><D119/><U53/><E71/><V29/><F29/><W35/><G35/><T110/><D116/><U20/><E20/><V52/><F52/><AGARI ba="0,2" hai="25,31,32,44,49,52,56,61,65,84,91,93,133,134" machi="52" ten="40,2600,0" yaku="1,1,54,1,53,0" doraHai="126" doraHaiUra="121" who="3" fromWho="2" sc="88,0,118,0,448,-26,326,46" /><INIT seed="6,0,0,4,2,66" ten="88,118,422,372" oya="2" hai0="106,99,95,46,94,37,41,34,10,96,26,78,8" hai1="43,56,97,76,123,77,1,21,11,71,111,114,118" hai2="80,18,64,135,52,68,90,129,12,101,124,35,62" hai3="65,112,6,74,39,31,29,98,133,83,19,107,119"/><V44/><F129/><W87/><G39/><T73/><D106/><U28/><E111/><V25/><F135/><W51/><G133/><T108/><D108/><U126/><E118/><V38/><F124/><W48/><G74/><T120/><D120/><U13/><E1/><V117/><F117/><W105/><G6/><T115/><D115/><U89/><E114/><V116/><F116/><W134/><G119/><T69/><D78/><U88/><E71/><V93/><F101/><W22/><G134/><T84/><D73/><U58/><E43/><V81/><F35/><W54/><G65/><T20/><D84/><U131/><E131/><V82/><F25/><W36/><G36/><T130/><D34/><U27/><E123/><V109/><F109/><W100/><G105/><T122/><D122/><U63/><E56/><V50/><F38/><W40/><G48/><T92/><D130/><U70/><E70/><V91/><REACH who="2" step="1"/><F93/><REACH who="2" ten="88,118,412,372" step="2"/><W53/><G112/><T121/><D121/><U24/><E27/><V86/><F86/><W75/><G75/><T102/><D92/><N who="1" m="56455" /><E126/><V85/><F85/><W32/><G32/><T47/><D37/><U128/><E128/><V9/><AGARI ba="0,1" hai="9,12,18,44,50,52,62,64,68,80,81,82,90,91" machi="9" ten="30,11700,0" yaku="1,1,0,1,52,1,54,1,53,0" doraHai="66" doraHaiUra="72" who="2" fromWho="2" sc="88,-39,118,-39,412,127,372,-39" /><INIT seed="6,1,0,1,1,9" ten="49,79,539,333" oya="2" hai0="127,70,64,37,130,113,58,120,26,103,7,47,52" hai1="95,10,15,56,74,23,121,99,134,94,98,93,53" hai2="89,122,126,81,11,46,19,33,65,66,31,132,57" hai3="44,86,125,38,54,117,21,82,60,91,111,0,92"/><V118/><F122/><W39/><G0/><T83/><D120/><U5/><E134/><V78/><F118/><W104/><G104/><T107/><D113/><U72/><E121/><V87/><F132/><W84/><G111/><T110/><D110/><U97/><REACH who="1" step="1"/><E23/><REACH who="1" ten="49,69,539,333" step="2"/><V18/><F33/><W14/><G21/><T3/><D127/><U128/><E128/><V63/><F126/><W42/><G125/><T76/><D130/><U8/><E8/><V131/><F11/><W108/><G108/><T41/><D3/><U59/><E59/><V85/><F131/><W77/><G117/><T28/><D7/><U67/><E67/><V12/><F66/><W45/><G45/><T13/><D64/><U36/><E36/><V101/><F46/><W114/><G38/><T51/><D70/><U75/><E75/><V90/><F57/><W34/><G34/><T20/><D107/><U123/><E123/><V2/><F65/><W35/><G35/><T119/><D119/><U115/><E115/><V124/><F124/><W116/><G116/><T22/><D103/><U79/><E79/><V73/><F78/><W62/><G114/><T71/><D71/><U30/><E30/><V48/><F31/><W49/><G39/><T100/><D100/><U29/><E29/><V16/><F73/><W1/><G1/><T4/><D4/><U69/><E69/><V88/><F2/><W80/><G77/><T133/><D133/><U96/><N who="1" m="24576" /><DORA hai="40" /><U109/><E109/><V105/><F19/><W135/><G44/><T102/><D102/><U27/><E27/><V24/><F18/><RYUUKYOKU ba="1,1" sc="49,-10,69,30,539,-10,333,-10" hai1="5,10,15,53,56,72,74,93,94,95" /><INIT seed="7,2,1,3,1,134" ten="39,99,529,323" oya="3" hai0="71,25,79,128,117,118,99,60,122,131,11,129,101" hai1="67,47,15,37,20,51,30,125,93,36,31,89,58" hai2="115,32,119,12,132,80,72,52,55,100,90,73,10" hai3="123,112,8,124,116,86,111,13,135,26,39,22,38"/><W92/><G124/><T57/><D122/><U23/><E125/><V50/><F32/><W82/><G135/><T0/><D71/><U3/><E3/><V53/><F132/><W96/><G112/><T98/><D79/><U17/><E36/><V77/><F119/><W65/><G123/><T75/><D75/><U74/><E37/><V78/><F100/><W7/><G116/><T84/><D84/><N who="1" m="52391" /><E74/><V130/><F130/><W44/><G111/><T9/><D25/><U127/><E127/><V46/><F115/><W19/><G65/><T85/><D85/><U1/><E1/><V49/><F73/><W133/><G133/><T66/><D99/><U70/><E23/><V105/><F105/><W45/><G39/><T64/><D64/><U61/><E70/><V42/><F72/><W104/><G104/><T4/><REACH who="0" step="1"/><D11/><REACH who="0" ten="29,99,529,323" step="2"/><U107/><E107/><AGARI ba="2,2" hai="0,4,9,57,60,66,98,101,107,117,118,128,129,131" machi="107" ten="40,5200,0" yaku="1,1,2,1,19,1,53,0" doraHai="134" doraHaiUra="87" who="0" fromWho="1" sc="29,78,99,-58,529,0,323,0" owari="107,-29.0,41,-46.0,529,63.0,323,12.0" /></mjloggm>