<mjloggm ver="2.3"><GO type="169" lobby="0"/><UN n0="%73%69%65%72%61%34%30%31" n1="%4D%4C%5A%4E%55%2D%53%4B" n2="%E3%81%94%E3%82%8B%E3%81%A3" n3="%E9%9B%A3%E6%94%BB%E4%B8%8D%E8%90%BD%E3%81%AE%E9%89%84%E9%A8%8E%E5%85%B5" dan="18,16,16,16" rate="2221.98,2110.55,2186.45,2111.71" sx="F,M,M,M"/><TAIKYOKU oya="0"/><INIT seed="0,0,0,2,2,29" ten="250,250,250,250" oya="0" hai0="93,81,91,40,135,13,134,58,18,22,98,131,44" hai1="75,115,119,23,6,80,17,84,102,103,100,99,21" hai2="112,124,43,88,32,9,129,36,52,71,77,15,37" hai3="48,65,95,38,27,66,118,50,109,82,62,3,33"/><T128/><D58/><U10/><E119/><V39/><F112/><W121/><G118/><T87/><D44/><U35/><E75/><V122/><F122/><W114/><G114/><T89/><REACH who="0" step="1"/><D40/><REACH who="0" ten="240,250,250,250" step="2"/><U85/><E115/><V49/><F43/><W7/><G121/><T61/><D61/><U79/><E35/><V2/><F32/><W59/><G33/><T101/><D101/><U25/><E23/><V78/><F71/><W0/><G62/><T24/><D24/><U92/><E84/><V47/><F47/><W111/><G27/><T19/><D19/><U31/><E17/><V12/><F39/><W106/><G59/><T133/><AGARI ba="0,1" hai="13,18,22,81,87,89,91,93,98,128,131,133,134,135" machi="133" ten="40,12000,1" yaku="1,1,0,1,20,1,53,2" doraHai="29" doraHaiUra="125" who="0" fromWho="0" sc="240,130,250,-40,250,-40,250,-40" /><INIT seed="0,1,0,4,2,19" ten="370,210,210,210" oya="0" hai0="88,3,52,15,54,62,36,67,27,106,17,123,90" hai1="104,64,120,118,23,124,98,61,86,38,109,1,5" hai2="6,128,97,31,116,66,105,115,0,4,41,107,100" hai3="32,37,33,44,68,110,35,59,135,82,25,96,71"/><T11/><D123/><U112/><E120/><V108/><F115/><W10/><G110/><T83/><D106/><U12/><E118/><V58/><F108/><W99/><G135/><T84/><D36/><U85/><E38/><V63/><F128/><W81/><G10/><T39/><D39/><U28/><E109/><V101/><F116/><W69/><G59/><T125/><D125/><U79/><E124/><V50/><F0/><W20/><G44/><T47/><D3/><U131/><E131/><V127/><F127/><W75/><G37/><T21/><D90/><U80/><E1/><V76/><F76/><W72/><G25/><T8/><D47/><U13/><E86/><V93/><F41/><W73/><REACH who="3" step="1"/><G20/><REACH who="3" ten="370,210,210,200" step="2"/><T29/><D8/><U22/><E22/><V30/><F58/><AGARI ba="1,1" hai="11,15,17,21,27,29,52,54,58,62,67,83,84,88" machi="58" ten="30,12000,1" yaku="7,1,8,1,52,1,54,2" doraHai="19" who="0" fromWho="2" sc="370,133,210,0,210,-123,200,0" /><INIT seed="0,2,0,1,5,123" ten="503,210,87,200" oya="0" hai0="42,82,13,98,11,85,2,8,99,52,22,59,66" hai1="91,18,126,17,124,109,73,115,20,15,119,62,33" hai2="1,30,7,125,19,28,53,101,60,113,39,63,106" hai3="6,36,75,69,57,21,32,100,117,40,47,131,41"/><T64/><D42/><U105/><E119/><V72/><F113/><W92/><G117/><T81/><D2/><U0/><E73/><V93/><F72/><W76/><G131/><T38/><D38/><U56/><E105/><V45/><F106/><W127/><G127/><N who="1" m="48682" /><E33/><V23/><F125/><W133/><G133/><T71/><D71/><U3/><E109/><V74/><F74/><W4/><G32/><T49/><D22/><N who="1" m="11583" /><E91/><V67/><F7/><W35/><G35/><T86/><D13/><N who="1" m="9295" /><E115/><V48/><F1/><W29/><G69/><T50/><D59/><U46/><E46/><V102/><F39/><W70/><G70/><T108/><D108/><U121/><E121/><V89/><F101/><W61/><G41/><T65/><D65/><AGARI ba="2,0" hai="0,3,56,62,65" m="9295,11583,48682" machi="65" ten="30,1000,0" yaku="18,1" doraHai="123" who="1" fromWho="0" sc="503,-16,210,16,87,0,200,0" /><INIT seed="1,0,0,5,2,45" ten="487,226,87,200" oya="1" hai0="94,18,83,28,48,8,50,117,68,38,3,14,97" hai1="108,69,26,115,41,39,52,29,73,37,36,71,75" hai2="89,2,116,134,35,101,67,64,104,21,24,4,99" hai3="109,13,135,112,16,90,86,123,43,49,1,34,55"/><U19/><E115/><V105/><F116/><W70/><G109/><T88/><D38/><U91/><E41/><V78/><F134/><W63/><G112/><T96/><D117/><U59/><E19/><V130/><F130/><W128/><G123/><T127/><D68/><U122/><E122/><V84/><F105/><W44/><G1/><T93/><D127/><U85/><E69/><V57/><F35/><W62/><G34/><T125/><D125/><U100/><E100/><V58/><F78/><W120/><G120/><T129/><D129/><U119/><E71/><V32/><F32/><W11/><G128/><T22/><D83/><U25/><E119/><V124/><F124/><W6/><G70/><T82/><D82/><U51/><E108/><V81/><F4/><W92/><G135/><T40/><D40/><U118/><E118/><V113/><F2/><W114/><G114/><T17/><D28/><U77/><E77/><V87/><F113/><W33/><G33/><T72/><D72/><U12/><E12/><V56/><REACH who="2" step="1"/><F87/><REACH who="2" ten="487,226,77,200" step="2"/><W102/><G6/><T132/><D132/><U61/><E75/><V121/><F121/><W60/><REACH who="3" step="1"/><G102/><REACH who="3" ten="487,226,77,190" step="2"/><N who="0" m="60687" /><D3/><U76/><E73/><V15/><F15/><AGARI ba="0,2" hai="8,14,15,17,18,22,48,50,88,94,97" m="60687" machi="15" ten="30,7700,0" yaku="8,1,52,2,54,1" doraHai="45" who="0" fromWho="2" sc="487,97,226,0,77,-77,190,0" /><INIT seed="2,0,0,3,2,59" ten="584,226,0,190" oya="2" hai0="24,78,37,55,82,85,63,66,8,12,46,69,65" hai1="54,13,60,129,48,15,91,58,100,70,1,117,0" hai2="124,135,132,22,35,20,75,128,96,71,83,32,33" hai3="26,29,43,81,76,77,121,125,88,38,62,115,109"/><V28/><F71/><W90/><G121/><T45/><D37/><U16/><E117/><V105/><F128/><W127/><G109/><T98/><D66/><U126/><E100/><N who="2" m="62599" /><F28/><W51/><G38/><T52/><D24/><U3/><E129/><V104/><F104/><W2/><G2/><T122/><D122/><U94/><E126/><N who="3" m="48138" /><G115/><T50/><D98/><U64/><REACH who="1" step="1"/><E16/><REACH who="1" ten="584,216,0,190" step="2"/><V87/><F124/><W133/><G133/><N who="2" m="51273" /><F75/><W7/><G7/><T36/><D36/><U113/><E113/><V110/><F110/><W11/><G29/><T27/><D27/><U112/><E112/><V18/><F18/><W56/><G26/><T107/><D107/><U118/><E118/><V74/><F74/><W21/><G11/><T123/><D123/><U95/><E95/><V5/><F5/><W130/><G130/><T17/><D45/><U6/><E6/><V134/><N who="2" m="51281" /><V39/><DORA hai="57" /><F39/><W68/><G81/><T103/><D103/><U79/><E79/><AGARI ba="0,1" hai="20,22,32,33,35,79,83,87" m="51281,62599" machi="79" ten="50,2400,0" yaku="20,1" doraHai="59,57" who="2" fromWho="1" sc="584,0,216,-24,0,34,190,0" /><INIT seed="2,1,0,3,2,91" ten="584,192,34,190" oya="2" hai0="28,102,53,118,116,51,86,111,34,62,101,55,105" hai1="110,107,45,87,115,114,108,13,128,95,73,113,26" hai2="42,63,47,83,48,82,126,99,25,94,135,121,46" hai3="20,132,52,88,84,0,43,19,103,15,6,127,32"/><V75/><F121/><W10/><G127/><T4/><D111/><N who="1" m="42539" /><E107/><V131/><F126/><W74/><G132/><T9/><D28/><U106/><E106/><V133/><F131/><W12/><G74/><T16/><D16/><U41/><E73/><V36/><F25/><W8/><G32/><T59/><D34/><U85/><E128/><V40/><F63/><W38/><G103/><T76/><D105/><U120/><E120/><V117/><F117/><N who="0" m="45162" /><D86/><U125/><E125/><V134/><REACH who="2" step="1"/><F75/><REACH who="2" ten="584,192,24,190" step="2"/><W112/><G112/><T58/><D76/><U60/><E26/><V93/><F93/><W2/><G2/><AGARI ba="1,1" hai="2,4,9,51,53,55,58,59,62,101,102" m="45162" machi="2" ten="30,1000,0" yaku="12,1" doraHai="91" who="0" fromWho="3" sc="584,23,192,0,24,0,190,-13" /><INIT seed="3,0,0,2,3,37" ten="607,192,24,177" oya="3" hai0="48,105,32,18,63,22,71,91,31,119,47,23,113" hai1="124,69,68,110,26,9,36,30,107,41,19,131,15" hai2="44,125,81,87,93,128,50,64,114,67,97,54,39" hai3="86,6,133,59,17,65,43,27,3,20,112,49,73"/><W16/><G112/><T38/><D119/><U96/><E110/><V126/><F114/><W28/><G133/><T106/><D38/><U123/><E123/><V135/><F135/><W0/><G73/><T58/><D71/><U76/><E76/><V56/><F128/><W102/><G102/><T79/><D79/><U7/><E124/><V90/><F39/><W33/><G17/><T62/><D32/><U101/><E131/><V42/><F125/><W130/><G130/><T25/><D63/><U82/><E82/><V111/><F111/><W109/><G109/><T88/><D105/><U75/><E75/><V98/><F98/><W103/><G103/><T46/><D46/><U60/><E60/><V78/><REACH who="2" step="1"/><F126/><REACH who="2" ten="607,192,14,177" step="2"/><W108/><G108/><T117/><D113/><U115/><E115/><V116/><F116/><W118/><G118/><T120/><D117/><U55/><E36/><V92/><F92/><W66/><G3/><T13/><D106/><U95/><E95/><V94/><F94/><W21/><G0/><T134/><D134/><U34/><E96/><V99/><F99/><W80/><G33/><T11/><D120/><U29/><E107/><V57/><F57/><W12/><G6/><T72/><D72/><U8/><E34/><V14/><F14/><W129/><G129/><T35/><D35/><U40/><E15/><V85/><F85/><W127/><G127/><T122/><D122/><U2/><E7/><V61/><AGARI ba="0,1" hai="42,44,50,54,56,61,64,67,78,81,87,90,93,97" machi="61" ten="20,8000,1" yaku="1,1,0,1,7,1,8,1,52,1,53,0" doraHai="37" doraHaiUra="132" who="2" fromWho="2" sc="607,-20,192,-20,14,90,177,-40" /><INIT seed="4,0,0,1,5,52" ten="587,172,104,137" oya="0" hai0="99,5,125,7,111,112,105,116,64,29,127,21,120" hai1="61,46,87,94,110,100,56,68,118,63,30,38,0" hai2="88,90,82,31,49,17,107,33,98,76,133,65,126" hai3="2,74,113,97,55,11,4,59,35,75,79,115,25"/><T44/><D44/><U96/><E110/><V53/><F133/><W130/><G130/><T48/><D48/><U6/><E118/><V109/><F109/><W123/><G97/><T81/><D64/><U77/><E30/><V32/><F126/><W84/><G123/><T73/><D21/><U70/><E63/><V34/><F65/><W71/><G71/><T134/><D29/><U8/><E77/><V15/><F31/><N who="3" m="19951" /><G84/><T13/><D13/><U3/><E3/><V41/><F41/><W129/><G79/><T14/><D14/><U27/><E27/><V108/><F107/><W26/><G26/><T10/><D10/><U39/><E87/><V104/><F104/><W95/><G95/><T78/><D5/><U66/><E38/><V101/><F101/><W23/><G23/><T42/><D7/><U92/><E92/><V102/><F102/><W85/><G85/><T114/><D42/><U86/><E86/><V91/><F98/><W50/><G129/><T80/><D81/><U122/><E122/><V45/><F108/><W40/><G40/><T67/><D67/><U89/><E100/><V62/><F62/><W51/><G51/><T135/><D116/><U60/><E60/><V20/><REACH who="2" step="1"/><F91/><REACH who="2" ten="587,172,94,137" step="2"/><W119/><G119/><T43/><D43/><U128/><E89/><V24/><F24/><W83/><G83/><T103/><D111/><U12/><E66/><V131/><F131/><W22/><G22/><T37/><D120/><U93/><E128/><V28/><F28/><W54/><G54/><T47/><D103/><U121/><E121/><V72/><AGARI ba="0,1" hai="15,17,20,32,33,34,45,49,53,72,76,82,88,90" machi="72" ten="30,7900,0" yaku="1,1,5,1,0,1,54,1,53,0" doraHai="52" doraHaiUra="132" who="2" fromWho="2" sc="587,-39,172,-20,94,89,137,-20" /><INIT seed="5,0,0,0,2,62" ten="548,152,183,117" oya="1" hai0="88,49,110,26,78,107,101,104,73,45,30,130,13" hai1="23,59,80,33,127,123,71,41,97,10,85,36,5" hai2="83,76,8,115,95,2,66,58,119,55,98,19,102" hai3="51,44,12,126,4,120,17,64,116,37,46,53,79"/><U70/><E123/><V90/><F119/><W34/><G120/><T22/><D110/><U31/><E33/><V133/><F133/><W48/><G34/><T9/><D130/><U38/><E127/><V32/><F32/><W61/><G126/><T69/><D69/><U112/><E112/><V117/><F117/><W7/><G116/><T118/><D101/><U81/><E81/><V28/><F28/><W72/><G37/><T82/><D88/><U75/><E97/><V93/><F115/><W105/><G105/><T20/><D20/><U67/><E59/><V96/><F2/><W124/><G124/><T56/><D56/><U21/><E31/><V125/><F19/><W43/><G79/><T121/><D121/><U99/><E99/><V25/><F25/><W0/><G72/><T89/><D89/><U134/><E134/><V39/><F39/><W27/><G27/><T91/><D91/><U131/><E36/><V132/><F8/><W15/><G0/><T106/><D118/><U94/><E94/><V122/><F132/><W24/><G24/><T113/><D113/><U47/><E85/><N who="2" m="48359" /><F122/><W1/><G1/><T60/><D106/><U74/><E71/><V16/><F16/><W65/><G61/><T6/><D60/><N who="1" m="40295" /><E131/><V92/><F92/><W14/><G17/><T3/><D3/><N who="1" m="319" /><E75/><V100/><F125/><W42/><G53/><AGARI ba="0,0" hai="6,9,13,22,26,30,45,49,53,73,78,82,104,107" machi="53" ten="30,1000,0" yaku="7,1" doraHai="62" who="0" fromWho="3" sc="548,10,152,0,183,0,117,-10" /><INIT seed="6,0,0,3,3,56" ten="558,152,183,107" oya="2" hai0="10,70,119,13,12,60,51,18,30,86,80,38,23" hai1="105,48,107,6,64,113,93,104,54,46,49,108,102" hai2="5,40,31,95,96,0,28,79,84,14,82,101,75" hai3="22,100,120,94,29,7,52,61,58,111,19,47,37"/><V53/><F0/><W35/><G111/><T15/><D38/><U88/><E108/><V99/><F40/><W50/><G120/><T71/><D119/><U87/><E113/><V8/><F75/><W32/><G7/><T9/><D70/><U26/><E6/><V112/><F112/><W117/><G117/><T57/><D71/><U43/><E64/><V25/><F25/><W123/><G123/><T39/><D51/><U1/><E26/><V97/><F53/><W133/><G133/><T92/><D92/><U89/><E89/><V122/><F122/><W16/><G37/><T116/><D30/><AGARI ba="0,0" hai="5,8,14,28,30,31,79,82,84,95,96,97,99,101" machi="30" ten="40,2000,0" yaku="8,1" doraHai="56" who="2" fromWho="0" sc="558,-20,152,0,183,20,107,0" /><INIT seed="6,1,0,4,1,101" ten="538,152,203,107" oya="2" hai0="37,80,75,104,66,86,3,47,61,96,121,69,132" hai1="77,59,53,39,14,19,125,4,112,74,55,60,18" hai2="83,10,34,5,6,111,71,21,115,82,24,67,29" hai3="13,78,87,38,65,110,105,31,16,28,93,33,54"/><V48/><F115/><W90/><G110/><T7/><D121/><U8/><E39/><V45/><F6/><W85/><G38/><T76/><D86/><U0/><E112/><V98/><F34/><W15/><G33/><T2/><D132/><U100/><E125/><V40/><F111/><W103/><G65/><T122/><D122/><U119/><E119/><V94/><F67/><W81/><G15/><T107/><D96/><U99/><E77/><V130/><F71/><W32/><G32/><T116/><D116/><U68/><E74/><V79/><F79/><W120/><G120/><T62/><D62/><U1/><E68/><V63/><F63/><W126/><G126/><T52/><D52/><U56/><E1/><N who="0" m="9" /><D7/><U9/><E9/><V118/><F118/><W26/><G26/><T20/><D20/><U42/><E42/><AGARI ba="1,0" hai="37,42,47,61,66,69,75,76,80,104,107" m="9" machi="42" ten="30,7700,0" yaku="33,2,52,2" doraHai="101" who="0" fromWho="1" sc="538,80,152,-80,203,0,107,0" /><INIT seed="7,0,0,5,1,40" ten="618,72,203,107" oya="3" hai0="90,1,39,5,112,108,102,75,61,64,107,59,128" hai1="28,122,113,117,94,50,54,95,41,25,45,86,78" hai2="126,69,18,10,91,71,93,22,104,46,16,3,132" hai3="77,106,127,70,12,103,56,84,24,37,119,30,114"/><W62/><G119/><T105/><D112/><U92/><E122/><V38/><F104/><W67/><G56/><T79/><D128/><U100/><E113/><V60/><F132/><W125/><G114/><T17/><D59/><U21/><E117/><V14/><F126/><N who="3" m="48139" /><G12/><T34/><D17/><U47/><E100/><V80/><F80/><N who="3" m="47119" /><G37/><T133/><D61/><U118/><E118/><V35/><F35/><N who="3" m="20935" /><G103/><T124/><D102/><U97/><E97/><V110/><F110/><W88/><G88/><T2/><D39/><U129/><E129/><V32/><F32/><W11/><G11/><T123/><D90/><U53/><REACH who="1" step="1"/><E47/><REACH who="1" ten="618,62,203,107" step="2"/><V55/><F46/><W49/><G106/><T52/><D79/><U7/><E7/><V23/><F10/><W121/><G121/><T0/><D1/><U98/><E98/><V131/><F3/><W135/><G135/><T66/><D64/><U85/><E85/><V33/><F131/><W130/><G130/><T31/><D34/><U13/><E13/><V43/><F33/><W48/><AGARI ba="0,1" hai="48,49,62,67,70" m="20935,47119,48139" machi="48" ten="30,1500,0" yaku="18,1" doraHai="40" who="3" fromWho="3" sc="618,-5,62,-5,203,-5,107,25" /><INIT seed="7,1,0,5,1,95" ten="613,57,198,132" oya="3" hai0="118,97,40,93,75,69,133,17,14,101,96,43,98" hai1="48,122,85,25,99,127,27,61,31,51,72,66,94" hai2="71,79,68,20,9,89,63,6,53,78,115,10,82" hai3="91,16,2,35,55,134,24,19,73,65,34,44,45"/><W86/><G73/><T33/><D118/><U111/><E111/><V67/><F68/><W90/><G2/><T36/><D69/><U88/><E122/><V18/><F115/><W29/><G134/><T38/><D33/><U105/><E72/><V84/><F53/><W109/><G109/><T47/><D75/><U80/><E105/><V112/><F112/><W52/><G65/><T11/><D133/><U119/><E119/><V5/><F10/><W3/><G3/><T116/><D116/><U50/><E127/><V107/><F107/><W120/><G24/><T103/><D103/><U74/><E74/><V114/><F114/><W22/><G22/><T46/><AGARI ba="1,0" hai="11,14,17,36,38,40,43,46,47,93,96,97,98,101" machi="46" ten="30,8000,1" yaku="0,1,9,1,52,3" doraHai="95" who="0" fromWho="0" sc="613,83,57,-21,198,-21,132,-41" owari="696,79.0,36,-46.0,177,-2.0,91,-31.0" /></mjloggm>