<mjloggm ver="2.3"><GO type="185" lobby="0"/><UN n0="%52%59%4F%40%53%53" n1="%6B%2D%70%6F%69%6E%74" n2="%E3%82%B4%E3%83%AB%E3%82%B4%EF%BC%93%EF%BC%91" n3="" dan="18,17,16,0" rate="2271.90,2274.67,2193.29,1500.00" sx="M,M,M,C"/><TAIKYOKU oya="0"/><INIT seed="0,0,0,1,4,33" ten="350,350,350,0" oya="0" hai0="75,124,36,127,62,35,74,85,111,2,45,114,51" hai1="52,59,37,64,72,53,39,94,1,73,46,109,97" hai2="47,40,105,121,125,48,78,134,65,0,82,63,102" hai3=""/><T3/><D35/><U42/><E1/><N who="0" m="9" /><D114/><U83/><E37/><V77/><N who="2" m="31008" /><V133/><F0/><T106/><D106/><U98/><E109/><V130/><F102/><T84/><D62/><U58/><E64/><V79/><F105/><T123/><N who="0" m="31520" /><T70/><D70/><U44/><E83/><V117/><F82/><T93/><D36/><U115/><E115/><V60/><F117/><T88/><D85/><U128/><E39/><V101/><F65/><T100/><D100/><U110/><E110/><V92/><F101/><T99/><D84/><U81/><E73/><V56/><F63/><T118/><D118/><U87/><E72/><V41/><F60/><T49/><D49/><U66/><E66/><V129/><F48/><T50/><D50/><U80/><E87/><V103/><F103/><T104/><D104/><U71/><E71/><V32/><F32/><T120/><N who="0" m="30752" /><T68/><D68/><U132/><E94/><V61/><F61/><T89/><D89/><U108/><E108/><V76/><F76/><T113/><D113/><U69/><E69/><V135/><F79/><T96/><D96/><U54/><E98/><V43/><F78/><T119/><D119/><U107/><E97/><V57/><F77/><RYUUKYOKU ba="0,0" sc="350,0,350,0,350,0,0,0" /><INIT seed="1,1,0,1,5,114" ten="350,350,350,0" oya="1" hai0="53,123,93,101,36,1,33,73,2,134,120,87,118" hai1="40,84,102,47,129,83,113,81,96,109,46,74,100" hai2="106,50,72,37,92,107,116,61,121,75,3,56,51" hai3=""/><U104/><E113/><V62/><N who="2" m="31008" /><V38/><F92/><T78/><N who="0" m="30752" /><T112/><N who="0" m="31520" /><T0/><D112/><U63/><E129/><V64/><F56/><T128/><D33/><U89/><E109/><V41/><F41/><T111/><D111/><U43/><E102/><V59/><F59/><T60/><D36/><U98/><E98/><V71/><F64/><T122/><N who="0" m="31264" /><T86/><D134/><U125/><E74/><V65/><F65/><T55/><D128/><U68/><E81/><V48/><F48/><T97/><D118/><U67/><E125/><V117/><F71/><T79/><D60/><U126/><E126/><V57/><F57/><T119/><D119/><U124/><E124/><V49/><F49/><T69/><D69/><U103/><E103/><V82/><F82/><T91/><D87/><U85/><E85/><V105/><F105/><T42/><D42/><U133/><E40/><V52/><F3/><T66/><D66/><U77/><E43/><V76/><F76/><N who="0" m="29226" /><D73/><U95/><E63/><V130/><F130/><T94/><D53/><AGARI ba="1,0" hai="37,38,50,51,52,53,61,62,72,75,106,107,116,117" m="31008" machi="53" ten="25,12000,2" yaku="22,2,52,3,54,1" doraHai="114" who="2" fromWho="0" sc="350,-122,350,0,350,122,0,0" /><INIT seed="2,0,0,3,2,110" ten="228,350,472,0" oya="2" hai0="107,33,49,39,96,117,38,126,106,62,134,122,79" hai1="63,75,72,125,114,93,95,60,48,130,80,51,35" hai2="77,94,128,61,116,92,40,105,52,37,45,86,64" hai3=""/><V47/><F128/><T67/><N who="0" m="31264" /><T2/><D2/><U50/><E35/><V74/><F116/><T104/><D33/><U44/><E130/><V58/><F105/><T73/><D117/><U129/><E129/><V53/><F74/><T43/><D126/><U115/><E125/><V98/><F45/><T87/><D134/><U56/><E44/><V59/><F64/><T118/><D118/><U36/><E36/><V135/><F135/><T112/><D73/><U70/><E51/><V102/><F77/><T85/><D38/><U83/><REACH who="1" step="1"/><E56/><REACH who="1" ten="228,340,472,0" step="2"/><V113/><F59/><T111/><D39/><U34/><E34/><V123/><N who="2" m="31520" /><V82/><F37/><T42/><D111/><U133/><E133/><V78/><F47/><T109/><D109/><U41/><E41/><V55/><F40/><T68/><D68/><AGARI ba="0,1" hai="48,50,60,63,68,70,72,75,80,83,93,95,114,115" machi="68" ten="25,12000,2" yaku="1,1,22,2,52,2,53,2" doraHai="110" doraHaiUra="57" who="1" fromWho="0" sc="228,-120,340,130,472,0,0,0" /><INIT seed="4,0,0,4,2,42" ten="108,470,472,0" oya="0" hai0="112,116,77,65,72,41,57,63,46,96,81,45,47" hai1="126,115,59,85,86,51,88,106,75,133,118,50,60" hai2="33,114,110,87,67,1,90,56,62,2,54,108,36" hai3=""/><T80/><D112/><U48/><E118/><V109/><F33/><T69/><D116/><U102/><E75/><V127/><F114/><T113/><D113/><U135/><E115/><V58/><F36/><T84/><D96/><U119/><E119/><V111/><F127/><T73/><D69/><U55/><E126/><V92/><N who="2" m="27648" /><DORA hai="93" /><V40/><REACH who="2" step="1"/><F40/><REACH who="2" ten="108,470,462,0" step="2"/><T124/><D124/><U95/><E133/><V76/><F76/><T101/><D101/><U91/><E135/><V38/><F38/><T39/><REACH who="0" step="1"/><D72/><REACH who="0" ten="98,470,462,0" step="2"/><U70/><E102/><V131/><F131/><T123/><N who="0" m="31520" /><T100/><D100/><U89/><E70/><V83/><F83/><T43/><D43/><U134/><E134/><V32/><F32/><T74/><D74/><U3/><E86/><V68/><F68/><T122/><N who="0" m="31264" /><T53/><D53/><U120/><E85/><V105/><F105/><T0/><D0/><U97/><E106/><V44/><F44/><T94/><D94/><U37/><E3/><V103/><F103/><T52/><D52/><U35/><E35/><V128/><F128/><T61/><D61/><AGARI ba="0,2" hai="1,2,54,56,58,61,62,67,87,90,92" m="27648" machi="61" ten="70,2300,0" yaku="1,1,53,0" doraHai="42,93" doraHaiUra="64,98" who="2" fromWho="0" sc="98,-23,470,0,462,43,0,0" /><INIT seed="5,0,0,3,3,56" ten="75,470,505,0" oya="1" hai0="0,107,40,36,78,77,112,122,43,108,82,55,123" hai1="66,116,97,111,128,96,92,90,74,89,42,72,126" hai2="45,104,38,57,70,47,109,100,103,44,106,63,33" hai3=""/><U64/><E116/><V131/><F109/><T105/><N who="0" m="31264" /><T120/><N who="0" m="30752" /><T71/><N who="0" m="31520" /><T32/><D0/><U65/><E111/><V41/><F33/><T49/><D32/><U85/><E126/><V35/><F35/><T2/><D2/><U62/><E128/><V99/><F70/><T130/><D108/><U127/><E127/><V118/><F118/><T134/><D71/><U115/><E115/><V76/><F76/><T102/><D130/><U60/><E42/><V83/><F83/><T124/><D124/><U61/><REACH who="1" step="1"/><E97/><REACH who="1" ten="75,460,505,0" step="2"/><V79/><F131/><T52/><D112/><U58/><E58/><V68/><F68/><T69/><D69/><U132/><E132/><V117/><F117/><T133/><D49/><U98/><E98/><V50/><F99/><T75/><D102/><U34/><E34/><V46/><F103/><T48/><D48/><U125/><E125/><V121/><F100/><T59/><D59/><U37/><E37/><V113/><F113/><T86/><D36/><U67/><N who="1" m="16384" /><DORA hai="93" /><U3/><E3/><V88/><F57/><T1/><D1/><U84/><E84/><V51/><N who="2" m="31008" /><V39/><F39/><T53/><D43/><U54/><E54/><N who="0" m="13825" /><T119/><DORA hai="80" /><D40/><RYUUKYOKU ba="0,1" sc="75,-10,460,20,505,-10,0,0" hai1="60,61,62,72,74,85,89,90,92,96" /><INIT seed="5,1,1,5,3,102" ten="65,480,495,0" oya="1" hai0="2,124,129,92,123,45,70,71,64,51,68,83,81" hai1="85,72,53,117,58,48,65,62,41,38,43,77,54" hai2="82,109,57,52,33,101,133,50,120,131,47,0,115" hai3=""/><U37/><E72/><V49/><N who="2" m="30752" /><V59/><F109/><T111/><N who="0" m="31520" /><T93/><D2/><U44/><E117/><V107/><F0/><T91/><D111/><U112/><E112/><V66/><F33/><T110/><D110/><U76/><E85/><V69/><F115/><T127/><D64/><U119/><E77/><V39/><F82/><T122/><N who="0" m="31264" /><T78/><D129/><U79/><E76/><V96/><F131/><T103/><D103/><U125/><E79/><V100/><F100/><T40/><D83/><U34/><E34/><V3/><F3/><T60/><D60/><U113/><E113/><V73/><F73/><T106/><D106/><U32/><E32/><V135/><F39/><N who="1" m="14857" /><E119/><V36/><F36/><T86/><REACH who="0" step="1"/><D92/><REACH who="0" ten="55,480,495,0" step="2"/><U90/><E65/><V128/><F128/><T108/><D108/><U35/><E62/><V116/><F116/><T132/><D132/><U97/><E35/><V87/><F66/><T98/><AGARI ba="1,2" hai="40,45,51,68,70,71,78,81,86,91,93,98,124,127" m="31264,31520" machi="98" ten="40,6000,1" yaku="1,1,0,1,52,2,53,1" doraHai="102" doraHaiUra="80" who="0" fromWho="0" sc="55,82,480,-41,495,-21,0,0" /><INIT seed="6,0,0,4,0,123" ten="137,439,474,0" oya="2" hai0="34,94,45,129,44,43,75,67,112,69,79,60,51" hai1="100,83,61,0,107,68,73,95,64,115,134,89,71" hai2="135,80,3,41,106,84,126,33,128,56,49,55,58" hai3=""/><V124/><F33/><T54/><D94/><U35/><E0/><V133/><F3/><T81/><D81/><U65/><E35/><V132/><F128/><T37/><D79/><U62/><E115/><V103/><F41/><T97/><D97/><U116/><E134/><V122/><N who="2" m="31264" /><V92/><F106/><T32/><D75/><U39/><E39/><V63/><F92/><T119/><D32/><U125/><E125/><V131/><F131/><T88/><D88/><U52/><E116/><V57/><F103/><T117/><D34/><U78/><E52/><V72/><F72/><T50/><D129/><U91/><REACH who="1" step="1"/><E95/><REACH who="1" ten="137,429,474,0" step="2"/><V118/><F118/><T1/><D1/><U127/><E127/><N who="2" m="48683" /><F49/><T120/><N who="0" m="30752" /><T46/><REACH who="0" step="1"/><D112/><REACH who="0" ten="127,429,474,0" step="2"/><U48/><E48/><V82/><F82/><T36/><D36/><U121/><N who="1" m="31008" /><U99/><AGARI ba="0,2" hai="61,62,64,65,68,71,73,78,83,89,91,99,100,107" m="31008" machi="99" ten="30,6000,1" yaku="1,1,4,1,0,1,9,1,52,1,53,0" doraHai="123" doraHaiUra="70" who="1" fromWho="1" sc="127,-20,429,80,474,-40,0,0" owari="107,-49.0,509,46.0,434,3.0,0,0.0" /></mjloggm>