<mjloggm ver="2.3"><GO type="185" lobby="0"/><UN n0="%E6%96%B0%E3%81%9F%E3%81%AA%E6%8C%91%E6%88%A6" n1="%E6%9D%B1%E9%B3%B3" n2="%E5%A4%A9%E3%83%B6%E7%80%AC%E5%A5%88%E6%9C%88" n3="" dan="16,17,16,0" rate="2170.97,2262.03,2214.20,1500.00" sx="M,M,M,C"/><TAIKYOKU oya="0"/><INIT seed="0,0,0,0,3,110" ten="350,350,350,0" oya="0" hai0="103,113,47,82,42,51,58,45,90,3,1,32,125" hai1="119,85,41,54,88,91,76,70,130,124,127,93,74" hai2="83,97,128,63,79,126,108,87,72,86,134,101,132" hai3=""/><T46/><D32/><U95/><E70/><V116/><F63/><T50/><D125/><U121/><N who="1" m="31008" /><U109/><E109/><V56/><F56/><T65/><D103/><U99/><E119/><V115/><F126/><N who="1" m="48169" /><E41/><V40/><F40/><T106/><D106/><U104/><E130/><V120/><N who="2" m="30752" /><V39/><F39/><T69/><D69/><U105/><E54/><V71/><F71/><T75/><D65/><U48/><E48/><V33/><F33/><T55/><D113/><U135/><E135/><N who="2" m="51755" /><F108/><T37/><D37/><U77/><E74/><V80/><F128/><T2/><REACH who="0" step="1"/><D75/><REACH who="0" ten="340,350,350,0" step="2"/><U123/><N who="1" m="31520" /><U98/><E105/><V43/><F72/><T44/><D44/><U67/><E67/><V133/><F133/><T49/><D49/><U52/><E52/><V122/><F122/><T34/><D34/><U118/><E118/><V68/><F68/><T59/><D59/><U102/><AGARI ba="0,1" hai="76,77,85,88,91,93,95,98,99,102,104" m="31520,48169,31008" machi="102" ten="30,9000,2" yaku="18,1,34,2,52,2,54,1" doraHai="110" who="1" fromWho="1" sc="340,-60,350,100,350,-30,0,0" /><INIT seed="1,0,0,4,0,103" ten="280,450,320,0" oya="1" hai0="132,56,83,64,71,35,134,120,114,57,72,98,1" hai1="91,51,129,65,124,104,76,62,113,86,125,121,53" hai2="70,50,36,40,106,54,75,61,42,44,115,111,39" hai3=""/><U74/><N who="1" m="31008" /><U38/><E38/><N who="2" m="14379" /><F75/><T108/><N who="0" m="30752" /><T67/><D114/><U49/><E113/><V110/><F106/><T92/><D35/><U37/><E37/><V122/><N who="2" m="31264" /><V0/><F0/><T85/><D72/><U41/><E129/><V60/><F115/><T69/><D108/><N who="2" m="41514" /><F70/><N who="0" m="26634" /><D1/><U93/><E104/><V112/><F112/><T68/><N who="0" m="26642" /><T131/><DORA hai="123" /><D131/><U133/><E133/><N who="0" m="51305" /><D67/><U130/><E65/><V88/><F88/><T96/><D64/><U3/><E130/><V97/><F97/><N who="0" m="37482" /><D92/><U81/><E3/><V66/><F66/><T107/><D107/><U73/><E73/><V102/><F102/><T95/><D95/><U99/><E74/><V59/><F40/><T82/><D85/><U101/><E101/><V109/><N who="2" m="41522" /><V84/><DORA hai="63" /><F84/><T100/><D100/><U135/><E135/><V117/><F117/><T45/><D45/><U128/><E128/><V55/><F42/><T94/><D94/><U80/><E41/><V32/><F32/><T126/><D126/><N who="1" m="48747" /><E93/><V43/><F43/><T78/><D78/><U127/><E127/><V89/><F89/><T48/><D83/><U105/><E81/><V119/><F119/><T77/><D77/><U34/><E34/><RYUUKYOKU ba="0,0" sc="280,-10,450,-10,320,20,0,0" hai2="44,50,54,55,59,60,61" /><INIT seed="2,1,0,1,3,36" ten="270,440,340,0" oya="2" hai0="58,101,39,66,99,125,65,105,49,120,0,134,127" hai1="115,43,41,94,71,87,34,56,96,62,113,72,128" hai2="74,60,75,90,84,79,119,78,123,61,107,116,132" hai3=""/><V93/><N who="2" m="31520" /><V3/><F3/><T80/><N who="0" m="30752" /><T50/><D0/><U135/><E72/><N who="2" m="27691" /><F60/><T55/><D39/><U92/><E34/><V82/><F61/><T108/><D134/><U46/><E71/><V106/><F132/><T129/><D129/><U133/><E128/><V35/><F35/><T88/><D108/><U1/><E1/><V118/><F78/><T63/><D50/><U68/><E68/><V47/><F47/><T89/><D66/><U51/><E41/><V73/><AGARI ba="1,0" hai="73,79,82,84,90,93,106,107,116,118,119" m="27691,31520" machi="73" ten="40,5200,0" yaku="34,2,52,1" doraHai="36" who="2" fromWho="2" sc="270,-27,440,-27,340,54,0,0" /><INIT seed="2,2,0,0,4,98" ten="243,413,394,0" oya="2" hai0="53,94,95,72,92,110,119,67,40,107,57,69,68" hai1="116,126,124,103,129,90,58,60,76,34,114,125,51" hai2="100,1,101,128,122,106,32,108,36,45,118,99,120" hai3=""/><V70/><N who="2" m="30752" /><V87/><N who="2" m="31264" /><V63/><F118/><T49/><D119/><U113/><E116/><V0/><F32/><T91/><D72/><U33/><E129/><V123/><N who="2" m="31520" /><V85/><F128/><T39/><D110/><U132/><E132/><V97/><F108/><T121/><N who="0" m="31008" /><T46/><D107/><U43/><E103/><V79/><F70/><T78/><D78/><U135/><E135/><V84/><F63/><T73/><D73/><U75/><E90/><V37/><F79/><T117/><D117/><U93/><E93/><V35/><F35/><N who="1" m="13321" /><E51/><V77/><F77/><T102/><D91/><U44/><E44/><V104/><F45/><T134/><D134/><U131/><E131/><V41/><F41/><T59/><D59/><U2/><E43/><V105/><F105/><T38/><D38/><AGARI ba="2,0" hai="0,1,36,37,38,84,85,87,97,99,100,101,104,106" m="31520,31264,30752" machi="38" ten="40,18000,2" yaku="9,1,52,5" doraHai="98" who="2" fromWho="0" sc="243,-184,413,0,394,184,0,0" /><INIT seed="2,3,0,4,5,54" ten="59,413,578,0" oya="2" hai0="33,48,67,87,61,109,101,85,57,45,60,120,123" hai1="114,104,122,74,126,131,100,135,118,37,2,56,32" hai2="84,134,53,90,110,119,42,73,40,36,112,111,117" hai3=""/><V127/><F73/><T70/><N who="0" m="30752" /><T58/><N who="0" m="31520" /><T39/><D33/><U91/><E100/><V97/><F112/><T52/><D39/><U93/><E91/><V116/><F134/><T95/><D109/><N who="2" m="41482" /><F127/><T125/><D125/><U43/><E93/><V35/><F35/><T105/><D105/><U69/><E56/><V82/><F36/><T47/><D70/><U38/><REACH who="1" step="1"/><E43/><REACH who="1" ten="59,403,578,0" step="2"/><V113/><F113/><T3/><D3/><U65/><E65/><V121/><N who="2" m="31008" /><V92/><F53/><T62/><D62/><U98/><E98/><V68/><F68/><T83/><D47/><U103/><E103/><AGARI ba="3,1" hai="40,42,82,84,90,92,97,103,116,117,119" m="31008,41482" machi="103" ten="40,7700,0" yaku="14,1,10,1,52,1" doraHai="54" who="2" fromWho="1" sc="59,0,403,-83,578,93,0,0" /><INIT seed="2,4,0,1,5,105" ten="59,320,671,0" oya="2" hai0="66,111,67,63,48,104,134,95,71,125,91,109,119" hai1="44,118,132,78,116,50,92,57,69,120,133,79,135" hai2="106,47,74,101,88,77,40,73,36,128,51,75,86" hai3=""/><V97/><F128/><T123/><N who="0" m="31520" /><T43/><D104/><U81/><N who="1" m="30752" /><U83/><E69/><V127/><F127/><T99/><D119/><N who="1" m="45611" /><E57/><V33/><F33/><T82/><D125/><U3/><E3/><V103/><F103/><T61/><D134/><U117/><E117/><V70/><F70/><T94/><D95/><U76/><E92/><V85/><F77/><T59/><D82/><U115/><E115/><V90/><REACH who="2" step="1"/><F36/><REACH who="2" ten="59,320,661,0" step="2"/><T93/><D93/><U84/><E83/><V62/><F62/><T110/><D48/><U68/><E68/><V60/><F60/><T37/><D37/><U121/><N who="1" m="31008" /><U35/><E35/><V32/><F32/><T108/><N who="0" m="27648" /><DORA hai="98" /><T54/><D43/><AGARI ba="4,1" hai="43,44,50,76,78,79,81,84,132,133,135" m="31008,45611,30752" machi="43" ten="40,8000,1" yaku="20,1,12,1,52,2" doraHai="105,98" who="1" fromWho="0" sc="59,-88,320,98,661,0,0,0" owari="-29,-63.0,418,2.0,661,61.0,0,0.0" /></mjloggm>