<mjloggm ver="2.3"><GO type="169" lobby="0"/><UN n0="%E3%81%88%E3%81%84%E3%81%8D%E3%81%A1%40%35%6D%66" n1="%E3%81%BD%E3%81%A3%E3%81%91%E3%81%95%E3%82%93" n2="%E6%AF%94%E5%98%89%E7%A6%BF%E4%BB%81" n3="%41%4C%50%45%52%49%4E" dan="17,16,16,18" rate="2208.04,2086.98,2125.97,2226.98" sx="M,M,M,M"/><TAIKYOKU oya="0"/><INIT seed="0,0,0,4,4,94" ten="250,250,250,250" oya="0" hai0="117,19,47,83,46,36,129,59,61,54,125,109,49" hai1="77,68,98,97,67,99,111,16,0,72,33,73,25" hai2="96,22,110,11,66,92,84,62,70,60,120,27,133" hai3="64,39,5,15,119,40,48,89,32,132,52,116,113"/><T9/><D117/><U42/><E0/><V1/><F110/><W103/><G113/><T53/><D129/><U123/><E123/><V102/><F133/><W58/><G32/><T115/><D115/><U122/><E122/><V31/><F120/><W21/><G132/><T78/><D125/><U131/><E111/><V74/><F74/><W82/><G64/><T100/><D109/><U71/><E131/><V130/><F130/><W134/><G134/><T107/><D36/><U34/><E42/><V76/><F62/><W10/><G103/><T18/><D46/><U105/><E67/><V41/><F41/><W26/><G40/><T90/><D90/><U57/><E57/><V128/><F128/><W28/><REACH who="3" step="1"/><G39/><REACH who="3" ten="250,250,250,240" step="2"/><T35/><D35/><U85/><E105/><V63/><F66/><W79/><G79/><T55/><D55/><U121/><E121/><V13/><F70/><W4/><G4/><T44/><D100/><U2/><E34/><V106/><F106/><W43/><G43/><T108/><D107/><U3/><E71/><V45/><F76/><W20/><G20/><T93/><D108/><U91/><E68/><V51/><F22/><W88/><G88/><T8/><D78/><U69/><E69/><V124/><F102/><W6/><G6/><T37/><D37/><U81/><E73/><V50/><F124/><W127/><G127/><T80/><D53/><U75/><E72/><V104/><F104/><W14/><G14/><T114/><D54/><U118/><E33/><V126/><F126/><W29/><G29/><T56/><D114/><U87/><E75/><RYUUKYOKU ba="0,1" sc="250,-10,250,-10,250,-10,240,30" hai3="5,10,15,21,26,28,48,52,58,82,89,116,119" /><INIT seed="1,1,1,4,2,103" ten="240,240,240,270" oya="1" hai0="129,119,124,86,128,16,22,55,96,118,83,19,23" hai1="101,117,0,102,44,90,111,47,127,29,60,52,56" hai2="97,131,95,88,66,121,132,27,40,6,48,17,114" hai3="15,98,2,105,9,109,87,134,5,71,13,7,42"/><U80/><E117/><N who="0" m="44553" /><D55/><U72/><E0/><V61/><F121/><W36/><G71/><T28/><D96/><U53/><E127/><V20/><F132/><W43/><G134/><T18/><D124/><U46/><E29/><V93/><F131/><N who="0" m="50250" /><D28/><U67/><E111/><V4/><F114/><W39/><G98/><T112/><D112/><U45/><N who="1" m="11264" /><DORA hai="99" /><U81/><E72/><V59/><F40/><W92/><G109/><T54/><D54/><N who="1" m="21099" /><E80/><V51/><REACH who="2" step="1"/><F95/><REACH who="2" ten="240,240,230,270" step="2"/><W74/><G92/><T106/><D106/><U113/><E113/><V33/><F33/><W126/><G105/><T21/><D23/><U76/><E76/><AGARI ba="1,2" hai="16,18,19,21,22,76,83,86" m="50250,44553" machi="76" ten="40,2600,0" yaku="19,1,54,1" doraHai="103,99" who="0" fromWho="1" sc="240,49,240,-29,230,0,270,0" /><INIT seed="2,0,0,1,0,135" ten="289,211,230,270" oya="2" hai0="54,36,32,17,85,130,127,111,73,59,60,105,78" hai1="72,122,11,67,53,3,76,97,92,25,18,71,46" hai2="48,100,2,84,88,99,118,134,34,24,77,116,47" hai3="45,107,128,70,91,95,117,119,7,50,81,4,74"/><V30/><F2/><W132/><G70/><T27/><D105/><U40/><E122/><V55/><F77/><W98/><G132/><T80/><D36/><U114/><E53/><V42/><F134/><W15/><G128/><T1/><D1/><U41/><E114/><V61/><F61/><W66/><G66/><T20/><D130/><U115/><E115/><V133/><F133/><W14/><G107/><T83/><D111/><U126/><E41/><V110/><F110/><W26/><G26/><T8/><D32/><U125/><E67/><V49/><F99/><W96/><G96/><T79/><REACH who="0" step="1"/><D8/><REACH who="0" ten="279,211,230,270" step="2"/><U131/><E131/><V64/><F118/><W63/><G119/><T19/><D19/><U113/><E113/><V16/><F116/><W6/><G117/><T90/><D90/><U57/><E3/><V93/><F16/><W94/><G91/><T89/><D89/><U75/><E11/><V101/><REACH who="2" step="1"/><F64/><REACH who="2" ten="279,211,220,270" step="2"/><W68/><G4/><T37/><D37/><U21/><E18/><V44/><AGARI ba="0,2" hai="24,30,34,42,44,47,48,49,55,84,88,93,100,101" machi="44" ten="20,18000,2" yaku="1,1,2,1,0,1,7,1,54,1,53,1" doraHai="135" doraHaiUra="51" who="2" fromWho="2" sc="279,-60,211,-60,220,200,270,-60" /><INIT seed="2,1,0,0,0,119" ten="219,151,420,210" oya="2" hai0="26,13,134,11,19,67,81,6,113,118,47,101,45" hai1="124,12,0,20,21,14,129,39,100,123,104,31,77" hai2="128,22,110,37,130,60,85,102,82,79,125,42,38" hai3="18,16,1,120,10,63,135,107,8,17,59,44,86"/><V46/><F125/><W131/><G107/><T84/><D113/><U126/><E39/><V62/><F37/><W36/><G135/><T4/><D134/><U5/><E77/><V70/><F110/><W98/><G131/><N who="2" m="50217" /><F70/><W48/><G36/><T24/><D118/><U40/><E40/><V23/><F102/><W52/><G120/><T9/><D67/><U74/><E74/><V83/><F82/><W76/><G1/><T55/><D101/><U114/><E100/><V109/><F109/><W117/><G117/><T88/><D4/><U50/><E104/><V34/><F34/><W64/><G98/><T96/><D96/><U27/><E50/><V91/><F91/><W78/><G86/><T57/><D45/><U41/><E41/><V53/><F53/><W71/><G71/><T51/><REACH who="0" step="1"/><D57/><REACH who="0" ten="209,151,420,210" step="2"/><U105/><E129/><V66/><F66/><W54/><G64/><T15/><AGARI ba="1,1" hai="6,9,11,13,15,19,24,26,47,51,55,81,84,88" machi="15" ten="20,16000,3" yaku="1,1,2,1,0,1,7,1,25,2,8,1,54,1,53,0" doraHai="119" doraHaiUra="33" who="0" fromWho="0" sc="209,173,151,-41,420,-81,210,-41" /><INIT seed="3,0,0,2,3,89" ten="382,110,339,169" oya="3" hai0="33,24,84,57,68,124,86,120,23,125,111,72,59" hai1="117,115,61,27,40,37,54,17,110,2,123,128,14" hai2="19,47,130,91,22,118,65,92,104,83,67,6,9" hai3="32,127,90,129,97,45,82,116,71,134,119,94,63"/><W31/><G127/><T73/><D68/><U35/><E2/><V135/><F130/><W55/><G129/><T18/><D33/><U132/><E115/><V3/><F135/><W75/><G134/><T133/><D133/><U42/><E132/><V109/><F109/><W93/><G32/><T113/><D120/><U36/><E123/><V49/><F83/><W16/><G31/><T99/><D111/><U20/><E110/><V102/><F102/><W101/><G75/><T11/><D11/><U79/><E128/><V44/><F104/><W126/><G82/><T112/><D99/><U131/><E117/><V64/><F118/><W53/><G126/><N who="0" m="48747" /><D73/><U122/><E122/><V62/><F62/><W56/><G71/><T95/><D72/><U1/><E1/><V121/><F49/><N who="3" m="29103" /><G119/><T7/><D7/><U58/><E79/><V28/><F28/><W51/><G116/><T8/><D8/><U66/><E131/><V34/><F34/><W81/><G81/><T25/><D25/><U52/><E35/><V85/><REACH who="2" step="1"/><F121/><REACH who="2" ten="382,110,329,169" step="2"/><W96/><G51/><T30/><D30/><U88/><E37/><V50/><F50/><W12/><G101/><T46/><D112/><U43/><E36/><V80/><F80/><W70/><G70/><T77/><D113/><U103/><E103/><V76/><F76/><W5/><G63/><T0/><D77/><U48/><E48/><V78/><F78/><W4/><G90/><T107/><D107/><U39/><E39/><V105/><F105/><W10/><G4/><T74/><D74/><U21/><E88/><V60/><F60/><RYUUKYOKU ba="0,1" sc="382,-15,110,15,329,15,169,-15" hai1="14,17,20,21,27,40,42,43,52,54,58,61,66" hai2="3,6,9,19,22,44,47,64,65,67,85,91,92" /><INIT seed="4,1,1,0,0,18" ten="367,125,344,154" oya="0" hai0="40,13,131,71,50,109,46,4,58,96,65,35,73" hai1="68,114,94,92,91,99,111,11,84,48,74,133,115" hai2="27,49,21,79,112,2,95,34,20,129,0,33,63" hai3="67,12,88,93,5,104,30,23,17,122,100,61,81"/><T14/><D73/><U116/><E68/><V80/><F112/><N who="1" m="43049" /><E11/><V72/><F129/><W47/><G122/><T6/><D35/><U125/><E74/><V85/><F34/><W113/><G113/><T75/><D75/><U86/><E48/><V41/><F63/><W39/><G30/><T60/><D131/><U83/><E125/><V98/><F72/><W106/><G5/><T102/><D109/><U97/><E133/><V108/><F108/><W26/><G100/><T78/><D78/><N who="1" m="46199" /><E111/><V135/><F135/><W29/><G81/><T45/><D71/><U101/><E116/><V118/><F118/><W103/><G103/><T19/><D45/><U87/><AGARI ba="1,1" hai="86,87,91,92,94,97,99,101" m="46199,43049" machi="87" ten="30,7900,0" yaku="15,1,11,1,34,2" doraHai="18" who="1" fromWho="1" sc="367,-40,125,92,344,-21,154,-21" /><INIT seed="5,0,0,5,3,64" ten="327,217,323,133" oya="1" hai0="8,34,97,106,23,39,19,110,29,101,0,133,69" hai1="113,54,108,68,4,42,44,5,90,7,94,22,51" hai2="111,53,33,86,117,21,36,15,76,70,66,57,79" hai3="48,115,62,1,84,40,118,38,27,16,120,24,20"/><U119/><E119/><V85/><F117/><W59/><G120/><T55/><D39/><U60/><E113/><V37/><F111/><W72/><G72/><T100/><D110/><U83/><E108/><V121/><F33/><W50/><G118/><T67/><D100/><U77/><E22/><V58/><F66/><W28/><G1/><T127/><D55/><U95/><E90/><V71/><F53/><W132/><G132/><T32/><D127/><U123/><E123/><V122/><F21/><W116/><G116/><T41/><D41/><U99/><E99/><V91/><F91/><W25/><G115/><T52/><D29/><U103/><E103/><V43/><F15/><W93/><G38/><T134/><D52/><U128/><E128/><V87/><F87/><W46/><G50/><T2/><D69/><U49/><E60/><V131/><F43/><W107/><G107/><T63/><D67/><U73/><REACH who="1" step="1"/><E68/><REACH who="1" ten="327,207,323,133" step="2"/><V130/><AGARI ba="0,1" hai="36,37,57,58,70,71,76,79,85,86,121,122,130,131" machi="130" ten="25,8000,1" yaku="0,1,22,2,52,2" doraHai="64" who="2" fromWho="2" sc="327,-20,207,-40,323,90,133,-20" /><INIT seed="6,0,0,1,1,87" ten="307,167,413,113" oya="2" hai0="2,9,65,48,31,83,117,70,34,17,1,4,57" hai1="7,98,14,118,123,111,68,33,69,13,72,39,84" hai2="8,45,16,0,19,15,42,49,80,58,128,101,38" hai3="23,107,91,35,66,55,24,103,11,27,116,54,112"/><V131/><F101/><W63/><G116/><T20/><D117/><U61/><E72/><V109/><F109/><W102/><G112/><T95/><D70/><U6/><E84/><V135/><F135/><W124/><G124/><T74/><D2/><U71/><E98/><V10/><F80/><W3/><G3/><T132/><D132/><U73/><E73/><V51/><F58/><W90/><G11/><T26/><D95/><U82/><E82/><V85/><F85/><W86/><G86/><T100/><D100/><U29/><E39/><V59/><F59/><W43/><G43/><T76/><D48/><U78/><E61/><V50/><F0/><W30/><G55/><T5/><D5/><U18/><E71/><V108/><F108/><W121/><G54/><T25/><D57/><U41/><E41/><V134/><F134/><W46/><G46/><T92/><D92/><U62/><E62/><V115/><F115/><W127/><G127/><T40/><D40/><U44/><E44/><V77/><F77/><W96/><G103/><T89/><D65/><U79/><E118/><V129/><F8/><W12/><G12/><T119/><D119/><U47/><E47/><V36/><F36/><W60/><G121/><T97/><D97/><U133/><E111/><V104/><F104/><W126/><G126/><T52/><D52/><U67/><E133/><V37/><F38/><W22/><G60/><T64/><D64/><U110/><E67/><V94/><F94/><W106/><G106/><T122/><D122/><U113/><E110/><V88/><F37/><W93/><G107/><RYUUKYOKU ba="0,0" sc="307,30,167,-10,413,-10,113,-10" hai0="1,4,9,17,20,25,26,31,34,74,76,83,89" /><INIT seed="7,1,0,5,3,51" ten="337,157,403,103" oya="3" hai0="0,52,124,127,102,71,105,101,103,38,126,34,68" hai1="92,82,62,85,45,135,47,28,131,18,10,33,43" hai2="60,133,116,80,125,86,65,64,96,98,90,79,94" hai3="113,67,25,115,73,8,88,21,122,70,20,15,123"/><W13/><G73/><T128/><D38/><U95/><E33/><V39/><F116/><W53/><G67/><T17/><D128/><U74/><E28/><V129/><F39/><W44/><G70/><N who="0" m="26667" /><D34/><U37/><E135/><V110/><F110/><W69/><G69/><T7/><D17/><U87/><E131/><V56/><F129/><W57/><G44/><T78/><D78/><U32/><E32/><V4/><F125/><W77/><G77/><T63/><D7/><U26/><E74/><V42/><F133/><W120/><G88/><T99/><D0/><U118/><E118/><V40/><F65/><W31/><G21/><T50/><D63/><U2/><E62/><V132/><F132/><W41/><G41/><N who="2" m="15977" /><F4/><W55/><G57/><T134/><D134/><U49/><E47/><AGARI ba="1,0" hai="47,50,52,99,101,102,103,105,124,126,127" m="26667" machi="47" ten="40,5200,0" yaku="18,1,52,1,54,1" doraHai="51" who="0" fromWho="1" sc="337,55,157,-55,403,0,103,0" owari="392,19.0,102,-40.0,403,51.0,103,-30.0" /></mjloggm>