<mjloggm ver="2.3"><GO type="169" lobby="0"/><UN n0="%67%61%63%68%61%70%69%6E" n1="%E3%83%AA%E3%83%BC%E3%83%95%E3%82%A3%E3%82%A2" n2="%E3%81%99%E3%81%B1%E3%81%B5%E3%81%87%E3%81%AB%E3%81%9F%E3%82%93" n3="%E6%84%9B%E5%86%85%E9%87%8C%E8%8F%9C" dan="17,16,16,17" rate="2211.40,2130.84,2055.62,2098.97" sx="M,F,F,F"/><TAIKYOKU oya="0"/><INIT seed="0,0,0,0,1,10" ten="250,250,250,250" oya="0" hai0="117,101,115,121,106,11,62,45,79,3,46,123,126" hai1="8,34,31,125,39,70,56,82,13,81,6,29,84" hai2="25,93,131,72,47,95,77,28,87,14,2,104,37" hai3="19,0,122,90,116,78,57,32,44,102,135,130,21"/><T52/><D115/><U74/><E70/><V132/><F104/><W71/><G71/><T112/><D112/><U67/><E39/><V128/><F132/><W109/><G32/><T16/><D117/><U18/><E125/><V94/><F2/><W129/><G0/><T98/><D126/><U42/><E42/><V107/><F107/><W65/><G102/><T118/><D118/><U54/><E67/><V33/><F37/><W75/><G122/><T43/><D79/><U91/><E34/><V23/><F47/><W85/><G44/><T120/><D43/><U100/><E100/><V83/><F33/><W7/><G7/><T9/><D9/><U48/><REACH who="1" step="1"/><E6/><REACH who="1" ten="250,240,250,250" step="2"/><V12/><REACH who="2" step="1"/><F72/><REACH who="2" ten="250,240,240,250" step="2"/><W68/><G75/><T50/><D120/><U113/><E113/><V27/><F27/><W49/><G116/><T26/><D121/><U20/><E20/><V4/><F4/><W17/><G21/><N who="0" m="13607" /><D123/><U15/><E15/><AGARI ba="0,2" hai="12,14,15,23,25,28,77,83,87,93,94,95,128,131" machi="15" ten="40,8000,1" yaku="1,1,52,3,53,0" doraHai="10" doraHaiUra="40" who="2" fromWho="1" sc="250,0,240,-80,240,100,250,0" /><INIT seed="1,0,0,3,1,113" ten="250,160,340,250" oya="1" hai0="29,54,124,86,74,97,102,14,10,58,82,100,63" hai1="132,101,80,47,81,133,40,30,56,20,107,85,49" hai2="112,7,131,65,126,36,79,8,135,96,27,104,2" hai3="60,115,71,110,78,94,116,50,57,114,0,28,66"/><U119/><E107/><V69/><F135/><N who="1" m="51785" /><E101/><N who="2" m="62503" /><F79/><W76/><G0/><T121/><D121/><U5/><E5/><V59/><F126/><W3/><G3/><T73/><D124/><U18/><E30/><V108/><F59/><W51/><G28/><T17/><D29/><U72/><E56/><V13/><F108/><W88/><G110/><T67/><D67/><U21/><E18/><V117/><F7/><W45/><G114/><T84/><D102/><U41/><E41/><V4/><F131/><W127/><G115/><T103/><D103/><U11/><E11/><V38/><F112/><W106/><G106/><T90/><REACH who="0" step="1"/><D86/><REACH who="0" ten="240,160,340,250" step="2"/><U99/><E99/><V111/><F111/><W64/><G127/><T23/><D23/><N who="1" m="8779" /><E85/><V91/><F8/><W44/><G64/><T95/><AGARI ba="0,1" hai="10,14,17,54,58,63,73,74,82,84,90,95,97,100" machi="95" ten="20,2700,0" yaku="1,1,0,1,7,1,53,0" doraHai="113" doraHaiUra="32" who="0" fromWho="0" sc="240,37,160,-13,340,-7,250,-7" /><INIT seed="2,0,0,2,0,1" ten="277,147,333,243" oya="2" hai0="105,87,41,127,35,126,25,36,15,11,100,118,109" hai1="73,50,9,34,58,18,133,71,114,69,90,116,96" hai2="83,85,59,57,42,5,99,31,20,12,38,65,115" hai3="21,76,56,110,40,98,19,123,113,6,101,43,122"/><V108/><F38/><W64/><G110/><T44/><D109/><U102/><E116/><V125/><F115/><W0/><G113/><T13/><D118/><U67/><E73/><V82/><F42/><W78/><G78/><T33/><D15/><U91/><E34/><V45/><F45/><W135/><G76/><T32/><D100/><U54/><E114/><V46/><F46/><W111/><G135/><T128/><D105/><U47/><E133/><V117/><F125/><N who="0" m="47626" /><D87/><U4/><E18/><V7/><F108/><W52/><G64/><T27/><D128/><U97/><E97/><V48/><F99/><W75/><G75/><T28/><D28/><U79/><E79/><N who="2" m="46303" /><F83/><W106/><G111/><T16/><AGARI ba="0,0" hai="11,13,16,25,27,32,33,35,36,41,44" m="47626" machi="16" ten="40,2700,0" yaku="18,1,54,1" doraHai="1" who="0" fromWho="0" sc="277,27,147,-7,333,-13,243,-7" /><INIT seed="3,0,0,2,3,81" ten="304,140,320,236" oya="3" hai0="80,12,129,117,93,122,65,23,32,76,130,89,38" hai1="91,101,9,135,34,90,104,4,128,83,29,107,52" hai2="110,28,41,70,68,73,78,6,96,79,42,51,64" hai3="13,31,58,2,27,30,103,10,39,63,75,99,108"/><W45/><G108/><T24/><D122/><U114/><E114/><V21/><F73/><W47/><G75/><T5/><D32/><U11/><E135/><V17/><F28/><W77/><G77/><T8/><D38/><U40/><E128/><V98/><F51/><W48/><G2/><T120/><D117/><U0/><E40/><V57/><F21/><W134/><G39/><T14/><D65/><U44/><E11/><V56/><F17/><W22/><G48/><T7/><D120/><U126/><E126/><V25/><F64/><W109/><G134/><T15/><D80/><U125/><E125/><V71/><F71/><W66/><G31/><N who="0" m="17823" /><D76/><U82/><E82/><V111/><REACH who="2" step="1"/><F25/><REACH who="2" ten="304,140,310,236" step="2"/><W123/><G123/><T72/><D72/><U95/><E29/><V60/><F60/><W100/><G109/><T74/><D74/><U54/><E34/><V106/><F106/><W3/><G3/><T88/><D129/><U119/><E107/><V26/><F26/><W16/><REACH who="3" step="1"/><G100/><REACH who="3" ten="304,140,310,226" step="2"/><T118/><D130/><U124/><E101/><V19/><F19/><W112/><G112/><T115/><D115/><U33/><E124/><V85/><F85/><W67/><G67/><T61/><D118/><U43/><E119/><V59/><F59/><W18/><G18/><T55/><D61/><U131/><E131/><V49/><F49/><W36/><G36/><T84/><D84/><U92/><E44/><V69/><F69/><W1/><G1/><T102/><D102/><U113/><E113/><V97/><F97/><W62/><G62/><T37/><D37/><U105/><E105/><AGARI ba="0,2" hai="10,13,16,22,27,30,45,47,58,63,66,99,103,105" machi="105" ten="30,11600,0" yaku="1,1,6,1,7,1,54,1,53,0" doraHai="81" doraHaiUra="116" who="3" fromWho="1" sc="304,0,140,-116,310,0,226,136" /><INIT seed="3,1,0,2,1,9" ten="304,24,310,362" oya="3" hai0="28,129,93,105,34,91,119,43,38,58,18,19,25" hai1="126,104,82,131,23,26,7,36,114,46,73,123,113" hai2="37,83,62,110,55,77,75,42,2,80,122,11,60" hai3="1,12,86,97,99,53,112,88,54,29,111,128,121"/><W22/><G112/><T65/><D119/><U85/><E85/><V6/><F110/><W100/><G121/><T117/><D117/><U98/><E23/><V32/><F32/><W94/><G1/><T63/><D105/><U109/><E26/><V0/><F0/><W64/><G128/><T95/><D129/><U107/><E7/><V134/><F134/><W5/><G64/><T96/><D43/><U44/><E98/><V130/><F130/><W81/><G111/><T3/><D38/><U17/><E17/><V116/><F122/><W90/><G29/><T76/><D76/><U68/><E44/><V10/><F80/><W87/><G99/><T30/><D3/><U20/><E20/><V133/><F133/><W106/><REACH who="3" step="1"/><G22/><REACH who="3" ten="304,24,310,352" step="2"/><T49/><D30/><U120/><E114/><V40/><F2/><W67/><G67/><T102/><REACH who="0" step="1"/><D49/><REACH who="0" ten="294,24,310,352" step="2"/><U71/><E123/><V4/><F116/><W79/><G79/><T59/><D59/><U48/><E48/><V61/><F37/><W72/><G72/><T89/><D89/><U70/><E120/><V16/><F77/><W41/><G41/><T56/><D56/><U132/><E131/><V24/><F42/><W127/><G127/><T51/><D51/><U57/><E126/><V52/><F40/><W13/><G13/><T50/><D50/><U39/><E132/><V92/><F75/><W84/><G84/><AGARI ba="1,2" hai="18,19,25,28,34,58,63,65,84,91,93,95,96,102" machi="84" ten="30,2000,0" yaku="1,1,7,1,53,0" doraHai="9" doraHaiUra="115" who="0" fromWho="3" sc="294,43,24,0,310,0,352,-23" /><INIT seed="4,0,0,3,4,86" ten="337,24,310,329" oya="0" hai0="39,54,91,26,52,120,58,88,14,41,64,123,32" hai1="4,67,76,135,53,87,109,35,40,96,74,104,97" hai2="11,105,134,13,71,30,113,1,130,42,79,18,43" hai3="119,62,55,15,133,77,57,132,20,47,82,56,49"/><T92/><D64/><U110/><E53/><V126/><F79/><W72/><G119/><T89/><D92/><U44/><E44/><V66/><F66/><W2/><G2/><T108/><D108/><N who="1" m="41579" /><E40/><V84/><F84/><W103/><G103/><T50/><D41/><U9/><E67/><V125/><F42/><W124/><G124/><N who="2" m="47721" /><F43/><W94/><G94/><T100/><D39/><U8/><E35/><V75/><F75/><W33/><G33/><T127/><D100/><N who="1" m="62471" /><E9/><V37/><F105/><W12/><G56/><T128/><D127/><U101/><E74/><V23/><F30/><W28/><G28/><T95/><D95/><N who="1" m="58559" /><E76/><V80/><F11/><W10/><G10/><T21/><D32/><U59/><E59/><V90/><F23/><W3/><G20/><T115/><D54/><U70/><E70/><V0/><F18/><W85/><G72/><T129/><D14/><U36/><E36/><V117/><F13/><W24/><G15/><T98/><D98/><U99/><E99/><V48/><F1/><W112/><G3/><T45/><D58/><U27/><E27/><V111/><F0/><W29/><G12/><T122/><D26/><U116/><E116/><V17/><F17/><W131/><G57/><T102/><D21/><U118/><E118/><V31/><F117/><W34/><G34/><T61/><D61/><U19/><E19/><V63/><F63/><W51/><G62/><T60/><D60/><U22/><E22/><V16/><F71/><W46/><G24/><T93/><D45/><U107/><E8/><V106/><F31/><W69/><G29/><RYUUKYOKU ba="0,0" sc="337,0,24,0,310,0,329,0" /><INIT seed="5,1,0,1,2,4" ten="337,24,310,329" oya="1" hai0="91,78,60,21,83,52,126,108,31,101,54,41,116" hai1="88,55,99,125,45,111,103,132,121,110,127,18,26" hai2="64,63,124,92,120,109,37,6,8,135,97,29,94" hai3="33,5,51,15,123,90,48,39,86,98,114,89,19"/><U72/><E121/><V12/><F135/><W73/><G73/><T134/><D108/><N who="1" m="41515" /><E72/><V118/><F124/><N who="1" m="47689" /><E132/><V1/><F37/><W28/><G39/><T3/><D134/><U40/><E55/><V68/><F118/><W35/><G114/><T95/><D52/><U133/><E133/><V34/><F109/><W130/><G130/><T112/><D54/><U13/><E26/><V75/><F75/><W96/><G123/><T117/><D126/><U58/><E58/><V122/><F94/><W102/><G48/><T30/><D95/><N who="1" m="56807" /><E103/><V27/><F12/><W14/><G14/><T10/><D101/><AGARI ba="1,0" hai="1,6,8,27,29,34,63,64,68,92,97,101,120,122" machi="101" ten="30,2000,0" yaku="7,1,52,1" doraHai="4" who="2" fromWho="0" sc="337,-23,24,0,310,23,329,0" /><INIT seed="6,0,0,3,0,98" ten="314,24,333,329" oya="2" hai0="71,88,129,78,48,67,74,2,99,80,92,14,29" hai1="93,114,1,37,24,61,50,89,130,134,38,90,59" hai2="46,25,34,10,72,81,68,94,70,39,126,11,106" hai3="63,35,117,128,115,96,121,58,27,7,9,60,86"/><V22/><F34/><W73/><G117/><T85/><D2/><U77/><E24/><V120/><F126/><W45/><G73/><T131/><D29/><U110/><E61/><V87/><F106/><W124/><G121/><T53/><D14/><U62/><E62/><V5/><F11/><W123/><G123/><T52/><D53/><U40/><E93/><V18/><F120/><W12/><G124/><T82/><D67/><U56/><E50/><V3/><F87/><W55/><G128/><N who="0" m="49227" /><D71/><U49/><E130/><V26/><F94/><W36/><G115/><T31/><D31/><U66/><E49/><V132/><F132/><W91/><G63/><T0/><D0/><U122/><E122/><V111/><F111/><W107/><G27/><T135/><D135/><U17/><E1/><V30/><F30/><W51/><G36/><T103/><D52/><U97/><E66/><V4/><F5/><W133/><G35/><T95/><D48/><U84/><E37/><V44/><F44/><W83/><G133/><T108/><D108/><U23/><E38/><V119/><F119/><W28/><G28/><T13/><D13/><U54/><E134/><V116/><F116/><W43/><G107/><AGARI ba="0,0" hai="74,78,80,82,85,88,92,95,99,103,107" m="49227" machi="107" ten="30,8000,1" yaku="19,1,34,2,52,1,54,1" doraHai="98" who="0" fromWho="3" sc="314,80,24,0,333,0,329,-80" /><INIT seed="7,0,0,2,5,134" ten="394,24,333,249" oya="3" hai0="63,17,15,22,91,106,47,43,118,55,59,20,71" hai1="29,95,107,66,75,28,102,69,60,81,57,36,93" hai2="86,34,94,82,7,42,108,111,21,23,78,31,116" hai3="77,4,92,124,85,6,50,89,54,27,19,30,122"/><W11/><G124/><T117/><D106/><U18/><E36/><V61/><F116/><W44/><G122/><T33/><D33/><U99/><E57/><V114/><F114/><W40/><G77/><T3/><D3/><U97/><E18/><V123/><F61/><W46/><G19/><T32/><D32/><U2/><E2/><V52/><F123/><W39/><REACH who="3" step="1"/><G11/><REACH who="3" ten="394,24,333,239" step="2"/><T1/><D17/><U90/><E28/><V0/><F31/><W58/><G58/><T65/><D59/><U130/><E29/><V14/><F34/><AGARI ba="0,1" hai="4,6,27,30,34,39,40,44,46,50,54,85,89,92" machi="34" ten="30,2900,0" yaku="1,1,7,1,53,0" doraHai="134" doraHaiUra="64" who="3" fromWho="2" sc="394,0,24,0,333,-29,239,39" /><INIT seed="7,1,0,1,0,9" ten="394,24,304,278" oya="3" hai0="22,110,0,118,50,61,135,57,24,130,10,13,33" hai1="100,99,133,11,111,79,6,71,85,21,15,121,69" hai2="46,28,91,42,1,94,126,16,51,8,64,17,29" hai3="74,72,123,18,60,124,89,25,53,38,107,128,95"/><W106/><G123/><T58/><D0/><U115/><E121/><V62/><F126/><W116/><G116/><T39/><D33/><U12/><E111/><V92/><F92/><W67/><G38/><T113/><D39/><U27/><E115/><V26/><F1/><W88/><G124/><T20/><D110/><U63/><E133/><V34/><F29/><W52/><G72/><T98/><D135/><U43/><E43/><V108/><F108/><W37/><G74/><T30/><D113/><U68/><E79/><V109/><F109/><W102/><G37/><T4/><D130/><U56/><E85/><V32/><F8/><W31/><G18/><T47/><D98/><U120/><E120/><V35/><F34/><W80/><G80/><T125/><D118/><U103/><E103/><V75/><F32/><N who="3" m="20591" /><G128/><T70/><D125/><U41/><E41/><V45/><F46/><W49/><G49/><T84/><D84/><U7/><E7/><V48/><F51/><W96/><G107/><T5/><D5/><U104/><E27/><V82/><F82/><W131/><G131/><T81/><D81/><U93/><E104/><V83/><F83/><W90/><G95/><T65/><D20/><U73/><E73/><V105/><F105/><W66/><G66/><T86/><D86/><U14/><REACH who="1" step="1"/><E21/><REACH who="1" ten="394,14,304,278" step="2"/><V78/><F78/><W36/><G36/><T2/><D2/><U76/><E76/><V117/><F75/><W55/><G90/><T112/><D112/><U19/><E19/><V77/><F117/><W127/><G127/><T40/><AGARI ba="1,1" hai="4,10,13,22,24,30,40,47,50,57,58,61,65,70" machi="40" ten="20,2700,0" yaku="0,1,7,1,52,1" doraHai="9" who="0" fromWho="0" sc="394,40,14,-8,304,-8,278,-14" owari="434,53.0,6,-49.0,296,10.0,264,-14.0" /></mjloggm>