<mjloggm ver="2.3"><GO type="169" lobby="0"/><UN n0="%E8%91%B5%E3%81%A1%E3%82%83%E3%82%93" n1="%E7%A5%9E%E4%BB%99%E9%85%B5%E6%AF%8D" n2="%E3%81%B2%E3%81%90%E3%81%A1" n3="%E3%83%90%E3%83%AA%E3%83%88%E3%83%B3" dan="17,19,17,17" rate="2203.56,2276.59,2195.35,2183.00" sx="M,M,M,M"/><TAIKYOKU oya="0"/><INIT seed="0,0,0,3,0,10" ten="250,250,250,250" oya="0" hai0="93,3,4,97,106,66,12,103,36,41,91,108,87" hai1="70,25,26,53,116,23,129,100,135,77,65,44,6" hai2="59,20,9,47,54,122,126,40,117,118,49,52,81" hai3="27,82,15,79,31,127,74,114,56,57,71,90,113"/><T89/><D108/><U109/><E116/><N who="2" m="44651" /><F20/><W55/><G71/><T7/><D3/><U19/><E109/><V99/><F99/><W39/><G39/><T84/><D66/><U85/><E100/><V120/><F81/><W38/><G38/><T92/><REACH who="0" step="1"/><D12/><REACH who="0" ten="240,250,250,250" step="2"/><U132/><E65/><V107/><F126/><W1/><G1/><T131/><D131/><U18/><E129/><V111/><F111/><W28/><G15/><T80/><D80/><U83/><E83/><V45/><F107/><W69/><G127/><T68/><D68/><U125/><E70/><V60/><F9/><W24/><G69/><T64/><D64/><U30/><E125/><V62/><F62/><W22/><G82/><T11/><D11/><U14/><E14/><V104/><F104/><W110/><G110/><T95/><D95/><U78/><E78/><V2/><F2/><W8/><G8/><T123/><D123/><U76/><E77/><V72/><F72/><W29/><G79/><T33/><D33/><U134/><E76/><V42/><F54/><W50/><G74/><T63/><D63/><U21/><E53/><V75/><F75/><W88/><G55/><T17/><D17/><U58/><E19/><V94/><F94/><W121/><G121/><T5/><D5/><U115/><E6/><V86/><F120/><W16/><G16/><T13/><D13/><U0/><E18/><V34/><F34/><W48/><G29/><T43/><D43/><N who="2" m="16426" /><F122/><W96/><G22/><N who="1" m="8202" /><E0/><V133/><F60/><W98/><AGARI ba="0,1" hai="24,27,28,31,48,50,56,57,88,90,96,98,113,114" machi="98" ten="25,6400,0" yaku="0,1,22,2,54,1" doraHai="10" who="3" fromWho="3" sc="240,-32,250,-16,250,-16,250,74" /><INIT seed="1,0,0,0,4,99" ten="208,234,234,324" oya="1" hai0="44,90,71,120,32,19,92,118,75,3,106,117,9" hai1="12,89,83,68,78,96,31,16,39,105,82,7,11" hai2="86,107,4,77,25,1,104,14,23,62,100,102,33" hai3="133,13,65,63,134,49,76,127,79,55,69,6,80"/><U2/><E68/><V131/><F131/><W36/><G36/><T67/><D75/><U70/><E70/><V110/><F110/><W27/><G127/><T74/><D74/><U135/><E135/><N who="3" m="51722" /><G27/><T72/><D72/><U116/><E116/><V18/><F62/><W34/><G34/><T46/><D32/><U87/><E39/><V98/><F77/><W30/><G30/><T88/><D106/><U58/><E31/><N who="2" m="19695" /><F86/><W95/><G80/><T66/><D71/><U45/><E45/><V10/><F98/><W114/><G95/><T73/><D73/><U52/><E83/><V91/><F91/><W51/><G114/><T53/><D92/><U60/><E78/><N who="3" m="29738" /><G55/><T97/><D53/><U112/><E112/><V20/><F23/><W38/><G38/><T84/><D117/><U37/><E37/><V115/><F115/><W54/><G54/><T94/><D94/><U35/><E35/><V56/><F56/><W109/><G109/><T29/><D29/><U130/><E130/><V119/><F119/><W22/><G22/><T50/><D118/><U125/><E125/><V128/><F128/><W61/><G61/><T129/><D129/><U113/><E113/><V0/><F1/><W5/><G13/><T57/><D3/><U21/><E96/><V126/><F126/><W101/><G101/><AGARI ba="0,0" hai="0,4,10,14,18,20,100,101,102,104,107" m="19695" machi="101" ten="30,7700,0" yaku="24,1,52,3" doraHai="99" who="2" fromWho="3" sc="208,0,234,0,234,77,324,-77" /><INIT seed="2,0,0,3,5,12" ten="208,234,311,247" oya="2" hai0="5,3,135,59,99,33,112,132,13,72,64,38,108" hai1="6,46,4,52,61,43,21,88,127,58,66,103,26" hai2="25,129,7,57,37,79,10,126,109,110,107,54,119" hai3="40,105,1,74,90,18,20,8,84,118,121,24,19"/><V67/><F119/><W45/><G74/><T27/><D38/><U87/><E127/><V56/><F107/><W83/><G105/><T60/><D112/><U15/><E103/><V44/><F79/><W97/><G121/><T122/><D122/><U36/><E15/><V77/><F77/><W113/><G113/><T30/><D72/><U95/><REACH who="1" step="1"/><E66/><REACH who="1" ten="208,224,311,247" step="2"/><V115/><F115/><W39/><G118/><T80/><D13/><U116/><E116/><V22/><F126/><W78/><G1/><T120/><D3/><U133/><E133/><V134/><F134/><W93/><REACH who="3" step="1"/><G8/><REACH who="3" ten="208,224,311,237" step="2"/><T50/><D135/><U123/><E123/><V96/><F10/><W41/><G41/><T11/><D132/><U42/><E42/><V14/><F7/><W101/><G101/><T63/><D120/><U98/><E98/><V81/><F96/><W100/><G100/><T31/><D99/><U104/><E104/><V2/><F2/><W76/><G76/><T55/><D11/><U114/><E114/><V9/><F9/><W82/><G82/><T47/><D5/><U32/><E32/><V111/><F81/><W73/><G73/><T128/><D80/><U23/><E23/><V91/><F22/><W28/><AGARI ba="0,2" hai="18,19,20,24,28,39,40,45,78,83,84,90,93,97" machi="28" ten="20,8000,1" yaku="1,1,0,1,7,1,52,2,53,0" doraHai="12" doraHaiUra="53" who="3" fromWho="3" sc="208,-20,224,-20,311,-40,237,100" /><INIT seed="3,0,0,4,5,22" ten="188,204,271,337" oya="3" hai0="48,3,99,42,111,32,63,106,40,95,56,125,94" hai1="91,66,47,118,19,18,103,128,64,97,55,33,34" hai2="16,50,43,65,11,133,21,115,60,6,54,104,29" hai3="126,85,45,102,52,17,122,8,134,57,51,38,20"/><W69/><G122/><T75/><D3/><U129/><E91/><V36/><F115/><W96/><G134/><T77/><D32/><N who="1" m="12395" /><E47/><V132/><F29/><W27/><G69/><T124/><D106/><U41/><E41/><V105/><F11/><W5/><G126/><N who="0" m="48747" /><D48/><U4/><E55/><V44/><F6/><W116/><G116/><T13/><D111/><U119/><E97/><V108/><F108/><W123/><G85/><T101/><D95/><U67/><E103/><V74/><F74/><W112/><G123/><T26/><D77/><U89/><E89/><V135/><F21/><W114/><G38/><T117/><D117/><N who="1" m="44555" /><E4/><V72/><F72/><W80/><G80/><T46/><D75/><U86/><E86/><V87/><F87/><W84/><G84/><T70/><D70/><U130/><AGARI ba="0,0" hai="18,19,64,66,67,128,129,130" m="44555,12395" machi="130" ten="50,8000,1" yaku="28,2,19,1,12,1" doraHai="22" who="1" fromWho="1" sc="188,-20,204,80,271,-20,337,-40" /><INIT seed="4,0,0,0,3,130" ten="168,284,251,297" oya="0" hai0="25,113,127,115,87,23,67,33,107,64,123,105,29" hai1="131,70,100,92,47,39,40,20,13,90,18,86,15" hai2="38,135,1,56,121,59,55,54,110,116,7,111,63" hai3="58,112,99,9,51,61,69,98,28,102,129,32,21"/><T4/><D123/><U133/><E131/><V65/><F7/><W11/><G112/><N who="0" m="43083" /><D127/><U117/><E117/><V37/><F1/><W62/><G32/><T108/><D108/><N who="2" m="41514" /><F121/><W45/><G69/><T88/><D4/><U3/><E70/><N who="2" m="42303" /><F116/><W83/><G83/><N who="0" m="49279" /><D33/><U75/><E3/><V82/><F82/><W81/><G81/><T77/><D77/><U80/><E13/><V118/><F118/><W14/><G129/><T35/><D35/><U120/><E120/><V46/><F135/><W43/><G62/><T106/><AGARI ba="0,0" hai="23,25,29,64,67,105,106,107" m="49279,43083" machi="106" ten="40,3900,0" yaku="15,1,54,1" doraHai="130" who="0" fromWho="0" sc="168,39,284,-13,251,-13,297,-13" /><INIT seed="4,1,0,0,0,105" ten="207,271,238,284" oya="0" hai0="119,65,64,97,93,34,130,25,3,26,13,5,74" hai1="120,23,24,102,20,83,73,80,128,126,0,38,123" hai2="33,1,90,27,75,36,52,94,61,29,54,17,113" hai3="39,85,104,6,21,49,88,78,107,129,2,68,4"/><T50/><D119/><U115/><E38/><V101/><F113/><W114/><G39/><T121/><D121/><U127/><E0/><V67/><F36/><W133/><G68/><T134/><D3/><U22/><E102/><V8/><F101/><W103/><G133/><T124/><D134/><U72/><E24/><N who="0" m="9321" /><D74/><N who="1" m="28779" /><E128/><V40/><F40/><W131/><G78/><T81/><D34/><U111/><E111/><V84/><F75/><W58/><G21/><N who="1" m="5378" /><U35/><DORA hai="44" /><E35/><V45/><F45/><W76/><G76/><T46/><D81/><N who="1" m="31307" /><E115/><V10/><F8/><W82/><G114/><T86/><D130/><N who="3" m="49673" /><G2/><T51/><D64/><U91/><E91/><V53/><F1/><W63/><G104/><T31/><D65/><U18/><E18/><V117/><F117/><W77/><G77/><T98/><D98/><U15/><E15/><V109/><F109/><W57/><G103/><T92/><D13/><U62/><E62/><V37/><F37/><W95/><G107/><T19/><D97/><U30/><E30/><V16/><REACH who="2" step="1"/><F10/><REACH who="2" ten="207,271,228,284" step="2"/><W43/><G43/><T32/><D46/><U135/><E135/><V66/><F66/><N who="3" m="39279" /><G82/><T28/><D28/><U7/><E7/><V108/><F108/><W112/><G112/><T60/><D5/><U55/><E55/><AGARI ba="1,1" hai="4,6,49,55,58,85,88,95" m="39279,49673" machi="55" ten="30,3900,0" yaku="19,1,52,1,54,1" doraHai="105,44" who="3" fromWho="1" sc="207,0,271,-42,228,0,284,52" /><INIT seed="5,0,0,1,0,23" ten="207,229,228,336" oya="1" hai0="83,35,22,93,47,63,86,51,120,102,132,76,125" hai1="59,122,113,40,89,20,74,37,50,3,38,117,70" hai2="21,26,123,82,49,128,42,115,92,69,14,17,112" hai3="116,34,121,75,85,77,18,11,73,87,101,29,68"/><U24/><E3/><V65/><F123/><W61/><G121/><T60/><D120/><U28/><E117/><V67/><F128/><W124/><G124/><T107/><D35/><U66/><E122/><V8/><F69/><W0/><G101/><T114/><D125/><U1/><E1/><V54/><F42/><W109/><G109/><T127/><D127/><U15/><E74/><V72/><F92/><W130/><G130/><T94/><D132/><U9/><E113/><N who="2" m="43595" /><F82/><W62/><G116/><T12/><D107/><U64/><E70/><V4/><F72/><W97/><G97/><T10/><D22/><U45/><E89/><V44/><AGARI ba="0,0" hai="4,8,14,17,21,26,44,49,54,65,67" m="43595" machi="44" ten="30,4000,0" yaku="15,1,11,1,52,1" doraHai="23" who="2" fromWho="2" sc="207,-10,229,-20,228,40,336,-10" /><INIT seed="6,0,0,3,5,10" ten="197,209,268,326" oya="2" hai0="5,35,24,52,71,112,106,48,73,87,47,118,91" hai1="96,1,126,55,107,95,109,14,27,16,119,70,31" hai2="65,8,132,28,17,2,121,124,68,80,84,64,81" hai3="15,29,21,116,57,128,7,41,61,82,89,120,26"/><V103/><F121/><W53/><G116/><T69/><D118/><U115/><E109/><V108/><F108/><W51/><G128/><T83/><D112/><U74/><E119/><V60/><F28/><W66/><G41/><T59/><D106/><U40/><E70/><V77/><F64/><W23/><G120/><T9/><D73/><U54/><E107/><V134/><F124/><W4/><G89/><T114/><D114/><U11/><E115/><V58/><F103/><W20/><G82/><T122/><D122/><U129/><E74/><V105/><F105/><W102/><G102/><T25/><D59/><U37/><E1/><V30/><F30/><W33/><REACH who="3" step="1"/><G15/><REACH who="3" ten="197,209,268,316" step="2"/><T100/><D100/><N who="1" m="60447" /><E129/><V79/><F81/><W38/><G38/><T113/><D113/><U49/><E37/><V94/><F80/><W19/><G19/><T0/><REACH who="0" step="1"/><D35/><REACH who="0" ten="187,209,268,316" step="2"/><U39/><E126/><V98/><F134/><W6/><G6/><T18/><D18/><U67/><E16/><V72/><F132/><W93/><G93/><T50/><D50/><U42/><E49/><V88/><F94/><W133/><G133/><T97/><D97/><U63/><E39/><V44/><F98/><W13/><G13/><T75/><D75/><U3/><E14/><V92/><F17/><W90/><G90/><T125/><D125/><U12/><E12/><V104/><F88/><W123/><G123/><T131/><D131/><U117/><E117/><V34/><F72/><W43/><G43/><T86/><D86/><U110/><E42/><V99/><F84/><W32/><G32/><T45/><D45/><AGARI ba="0,2" hai="4,7,20,21,23,26,29,33,45,51,53,57,61,66" machi="45" ten="40,2600,0" yaku="1,1,6,1,53,0" doraHai="10" doraHaiUra="78" who="3" fromWho="0" sc="187,-26,209,0,268,0,316,46" /><INIT seed="7,0,0,5,3,55" ten="161,209,268,362" oya="3" hai0="121,45,135,84,48,30,78,100,27,132,59,34,66" hai1="3,79,70,53,23,8,4,64,118,113,104,127,90" hai2="105,80,25,5,131,110,50,49,111,108,125,63,67" hai3="85,87,54,88,65,1,82,51,10,128,39,112,95"/><W120/><G39/><T133/><D121/><U117/><E113/><V0/><F105/><W96/><G120/><T99/><D78/><U36/><E127/><V56/><F5/><W26/><G128/><T24/><D84/><U57/><E36/><V20/><F0/><W124/><G65/><T74/><D74/><U119/><E104/><V102/><F102/><W16/><G112/><T18/><D18/><U130/><E130/><V107/><F107/><W86/><G1/><T62/><D27/><U17/><E70/><V42/><F42/><W38/><G38/><T89/><D100/><U21/><E64/><V134/><F80/><W9/><G124/><T76/><D76/><U116/><E116/><V77/><F77/><W72/><G72/><T103/><D103/><U11/><E79/><V12/><F12/><N who="3" m="7183" /><G10/><T122/><D122/><U28/><E28/><V44/><F125/><W35/><G35/><T46/><D48/><N who="1" m="30887" /><E90/><V47/><F50/><W61/><G61/><T58/><D58/><U83/><E83/><V109/><F49/><W19/><G82/><T37/><D37/><U31/><E31/><V15/><F111/><W69/><G69/><T115/><D115/><U6/><E17/><V106/><F131/><W29/><G19/><T93/><AGARI ba="0,0" hai="24,30,34,45,46,59,62,66,89,93,99,132,133,135" machi="93" ten="40,5200,0" yaku="0,1,20,1,52,1" doraHai="55" who="0" fromWho="0" sc="161,52,209,-13,268,-13,362,-26" owari="213,-19.0,196,-30.0,255,6.0,336,43.0" /></mjloggm>