<mjloggm ver="2.3"><GO type="169" lobby="0"/><UN n0="%E7%A5%9E%E5%91%AA%E9%AD%94%E5%A5%B3" n1="%E3%81%88%E3%81%84%E3%81%8D%E3%81%A1%40%35%6D%66" n2="%E5%8F%B3%E8%84%B3%E8%A9%B0%E3%82%81" n3="%E9%BB%92%E9%9B%BB%E8%A9%B1" dan="16,18,17,17" rate="2209.44,2255.24,2151.74,2192.98" sx="F,M,M,M"/><TAIKYOKU oya="0"/><INIT seed="0,0,0,3,1,118" ten="250,250,250,250" oya="0" hai0="63,18,24,48,49,132,1,68,17,112,79,105,57" hai1="77,61,130,116,75,15,43,91,95,46,41,13,56" hai2="128,8,117,69,73,92,126,2,72,81,106,39,107" hai3="19,5,127,9,33,98,28,62,16,103,122,119,60"/><T58/><D112/><U83/><E130/><V37/><F92/><W74/><G74/><T4/><D68/><U59/><E116/><V52/><F117/><W135/><G119/><T85/><D105/><U14/><E61/><V71/><F81/><W42/><G127/><T50/><D132/><U27/><E27/><V131/><F8/><W10/><G42/><T93/><D1/><U120/><E43/><V99/><F99/><W66/><G135/><T90/><D4/><U11/><E11/><V20/><F20/><W51/><G51/><T0/><D0/><U104/><E104/><N who="2" m="39979" /><F52/><W100/><G28/><T88/><D79/><U134/><E120/><V133/><F2/><W40/><G40/><T26/><D90/><U30/><E30/><V111/><F111/><W123/><G33/><T67/><REACH who="0" step="1"/><D58/><REACH who="0" ten="240,250,250,250" step="2"/><U34/><E134/><V76/><F133/><W82/><G82/><T110/><D110/><U29/><E91/><V70/><F76/><W129/><G129/><N who="2" m="49737" /><F126/><W36/><G5/><T102/><D102/><U12/><E95/><V89/><F89/><W125/><G125/><T38/><D38/><AGARI ba="0,1" hai="37,38,39,69,70,71,72,73" m="49737,39979" machi="38" ten="40,8000,1" yaku="28,2,19,1,31,2" doraHai="118" who="2" fromWho="0" sc="240,-80,250,0,250,90,250,0" /><INIT seed="1,0,0,3,4,84" ten="160,250,340,250" oya="1" hai0="83,14,132,19,48,57,36,135,105,5,92,91,87" hai1="46,43,18,65,12,108,95,11,75,28,121,30,74" hai2="29,77,96,103,120,3,131,41,62,66,33,44,104" hai3="133,110,126,122,58,107,70,100,4,27,47,16,90"/><U9/><E121/><V106/><F3/><W111/><G70/><T68/><D68/><U89/><E108/><V80/><F131/><W51/><G122/><T7/><D36/><U98/><E65/><V71/><F120/><W102/><G4/><T82/><D105/><U128/><E128/><V101/><F101/><W39/><G133/><N who="0" m="51275" /><D83/><U127/><E127/><V125/><F125/><W117/><G58/><T10/><D82/><U2/><E2/><V21/><F21/><N who="3" m="13735" /><G39/><T60/><D48/><U17/><E75/><N who="2" m="43071" /><F41/><W59/><G59/><T113/><D113/><U64/><E64/><AGARI ba="0,0" hai="5,7,10,14,19,57,60,64,87,91,92" m="51275" machi="64" ten="30,2000,0" yaku="20,1,52,1" doraHai="84" who="0" fromWho="1" sc="160,20,250,-20,340,0,250,0" /><INIT seed="2,0,0,2,3,110" ten="180,230,340,250" oya="2" hai0="62,65,98,8,46,95,97,64,23,21,126,38,133" hai1="4,96,134,128,79,68,47,107,42,72,75,39,17" hai2="114,83,131,41,16,88,113,60,44,35,71,120,45" hai3="49,77,52,43,7,10,26,0,36,108,2,93,32"/><V3/><F120/><W109/><G77/><T116/><D126/><U25/><E68/><V13/><F3/><W55/><G2/><T51/><D38/><U90/><E128/><V18/><F35/><W19/><G36/><T57/><D65/><U81/><E134/><V14/><F71/><W67/><G67/><T100/><D133/><U15/><E4/><V122/><F60/><W54/><G93/><T118/><D8/><U11/><E25/><V63/><F63/><W59/><G43/><T33/><D33/><U94/><REACH who="1" step="1"/><E107/><REACH who="1" ten="180,220,340,250" step="2"/><V20/><F131/><W37/><G37/><T129/><D129/><U115/><E115/><V29/><F122/><W70/><G70/><T87/><D116/><U125/><E125/><V22/><F29/><W80/><G108/><T34/><D118/><U31/><E31/><V99/><F44/><W12/><G109/><T121/><D121/><U102/><E102/><V30/><F30/><W24/><G32/><T123/><D34/><U66/><E66/><V85/><F99/><W74/><G26/><T86/><D98/><U106/><E106/><V127/><REACH who="2" step="1"/><F127/><REACH who="2" ten="180,220,330,250" step="2"/><W130/><G130/><T48/><D46/><U101/><E101/><V1/><F1/><W69/><G69/><T105/><D123/><U132/><E132/><V124/><F124/><W91/><G0/><T53/><D97/><U119/><E119/><V9/><F9/><W92/><G10/><T61/><D100/><U78/><E78/><V103/><F103/><W111/><G111/><T76/><D76/><U28/><E28/><V40/><F40/><W50/><G55/><RYUUKYOKU ba="0,2" sc="180,-15,220,15,330,15,250,-15" hai1="11,15,17,39,42,47,72,75,79,81,90,94,96" hai2="13,14,16,18,20,22,41,45,83,85,88,113,114" /><INIT seed="2,1,2,1,4,65" ten="165,235,345,235" oya="2" hai0="113,99,46,68,86,66,108,44,7,56,43,119,84" hai1="4,32,38,29,62,112,132,3,19,129,6,130,59" hai2="37,67,92,124,82,87,45,51,75,40,120,28,109" hai3="27,17,83,49,55,104,57,85,127,60,88,94,90"/><V50/><F120/><W135/><G104/><T20/><D113/><U131/><E112/><V76/><F124/><W121/><G135/><T134/><D108/><U15/><E38/><V100/><F109/><W39/><G39/><T12/><D134/><U81/><E132/><V80/><F28/><W89/><G127/><T105/><D119/><U122/><E122/><V71/><F100/><W54/><G121/><T33/><D33/><U53/><E3/><V42/><F92/><W70/><G70/><T5/><D105/><U95/><E95/><V97/><F97/><W16/><G27/><T69/><D99/><U63/><E81/><V118/><F40/><W111/><G111/><T13/><D66/><U10/><REACH who="1" step="1"/><E63/><REACH who="1" ten="165,225,345,235" step="2"/><V0/><F0/><W36/><G36/><T72/><D43/><U52/><E52/><V123/><F123/><W98/><REACH who="3" step="1"/><G89/><REACH who="3" ten="165,225,345,225" step="2"/><T114/><D114/><U23/><E23/><V101/><F37/><W126/><G126/><T110/><D110/><U117/><E117/><V31/><F118/><W103/><G103/><T41/><D20/><U1/><E1/><V79/><F101/><W77/><G77/><T74/><D41/><U47/><E47/><AGARI ba="1,4" hai="16,17,47,49,54,55,57,60,83,85,88,90,94,98" machi="47" ten="30,12000,2" yaku="1,1,7,1,8,1,54,2,53,1" doraHai="65" doraHaiUra="58" who="3" fromWho="1" sc="165,0,225,-123,345,0,225,163" /><INIT seed="3,0,0,4,1,130" ten="165,102,345,388" oya="3" hai0="113,85,23,133,69,109,110,59,7,96,18,43,56" hai1="30,131,92,24,97,94,99,45,26,132,76,95,116" hai2="98,42,3,78,102,87,120,104,15,119,1,126,27" hai3="25,47,6,86,66,31,80,40,111,67,70,83,77"/><W89/><G6/><T51/><D69/><U125/><E131/><V72/><F119/><W81/><G111/><T79/><D113/><U20/><E116/><V14/><F126/><W4/><G4/><T107/><D7/><U65/><E125/><V101/><F101/><W106/><G106/><T5/><D5/><U105/><E105/><V0/><F120/><W112/><G112/><T75/><D75/><U55/><E65/><V19/><F42/><W33/><G70/><T48/><D96/><U32/><E76/><V28/><F72/><W122/><G122/><T44/><D107/><U58/><E45/><V73/><F73/><W46/><G46/><T36/><D36/><U123/><E123/><V124/><F124/><W38/><REACH who="3" step="1"/><G83/><REACH who="3" ten="165,102,345,378" step="2"/><T60/><D109/><U100/><E92/><V21/><F3/><W71/><G71/><T114/><D44/><U63/><E94/><V103/><F1/><W128/><G128/><T37/><D110/><U41/><E99/><V49/><F98/><W53/><G53/><T22/><D114/><U88/><E41/><V129/><F104/><W2/><G2/><T9/><D43/><U82/><E82/><N who="2" m="47575" /><F129/><W34/><G34/><T54/><D54/><U93/><E93/><V62/><F0/><W121/><G121/><T61/><D59/><U68/><E68/><V84/><F102/><W108/><G108/><T16/><D56/><U64/><E100/><V74/><F103/><W91/><G91/><T117/><D117/><U115/><E115/><V118/><F118/><W10/><G10/><T12/><D9/><U35/><E97/><RYUUKYOKU ba="0,1" sc="165,-10,102,-10,345,-10,378,30" hai3="25,31,33,38,40,47,66,67,77,80,81,86,89" /><INIT seed="3,1,1,5,5,79" ten="155,92,335,408" oya="3" hai0="124,8,54,24,51,95,77,59,17,46,106,28,126" hai1="105,130,52,83,39,114,99,117,119,3,102,111,100" hai2="71,133,31,9,16,36,60,63,128,5,72,101,91" hai3="22,41,21,61,42,10,44,87,69,120,89,40,7"/><W116/><G120/><T2/><D106/><U66/><E114/><V74/><F36/><W94/><G116/><N who="1" m="44618" /><E3/><V65/><F133/><W27/><G69/><T123/><D123/><U47/><E111/><V76/><F31/><W121/><G61/><T81/><D95/><U84/><E130/><V73/><F101/><W134/><G134/><T108/><D108/><U20/><E66/><V110/><F110/><W80/><G121/><T29/><D2/><U93/><E20/><V25/><F128/><W57/><G57/><T112/><D112/><U64/><E64/><V68/><F91/><W4/><G44/><T90/><D90/><N who="1" m="55735" /><E105/><V122/><F63/><W97/><G22/><T33/><D28/><U109/><E109/><V125/><F68/><W127/><G127/><T35/><D35/><U104/><E104/><V129/><F125/><W26/><G10/><T75/><D8/><U32/><E32/><V1/><F129/><W62/><G62/><T53/><REACH who="0" step="1"/><D17/><REACH who="0" ten="145,92,335,408" step="2"/><U23/><E23/><V12/><F122/><W30/><G27/><T13/><D13/><U107/><E107/><V0/><F25/><W38/><G38/><T19/><D19/><U132/><E132/><V45/><F1/><W135/><G135/><T11/><D11/><U34/><E34/><V18/><F0/><W70/><G70/><T67/><D67/><U43/><E52/><V14/><F14/><W58/><G26/><T118/><D118/><U50/><E39/><V15/><F15/><W55/><G30/><T92/><D92/><U113/><E113/><V48/><F76/><AGARI ba="1,2" hai="43,47,50,76,83,84,100,102" m="55735,44618" machi="76" ten="30,2000,0" yaku="12,1,52,1" doraHai="79" who="1" fromWho="2" sc="145,0,92,43,335,-23,408,0" /><INIT seed="4,0,0,3,1,125" ten="145,135,312,408" oya="0" hai0="104,19,68,102,0,22,13,54,106,82,100,36,99" hai1="17,66,111,10,60,79,35,70,116,12,87,59,34" hai2="45,42,84,38,91,77,16,96,122,81,9,120,93" hai3="97,88,37,27,24,74,127,90,33,52,4,113,119"/><T14/><D0/><U21/><E111/><V7/><REACH who="2" step="1"/><F16/><REACH who="2" ten="145,135,302,408" step="2"/><W57/><G127/><T63/><D36/><U95/><E17/><V61/><F61/><W15/><G37/><T8/><D82/><U121/><E60/><V69/><F69/><W43/><G119/><T20/><D68/><U86/><E70/><V76/><F76/><W28/><G113/><T129/><D129/><U130/><E79/><V117/><F117/><W41/><G74/><T114/><D114/><U131/><E116/><V23/><F23/><W64/><G64/><T2/><D2/><AGARI ba="0,1" hai="2,7,9,38,42,45,77,81,84,91,93,96,120,122" machi="2" ten="30,7700,0" yaku="21,2,7,1,53,1" doraHai="125" doraHaiUra="39" who="2" fromWho="0" sc="145,-77,135,0,302,87,408,0" /><INIT seed="5,0,0,2,3,110" ten="68,135,389,408" oya="1" hai0="119,94,55,64,8,81,21,17,79,53,88,45,89" hai1="111,70,46,61,95,7,26,125,109,14,114,92,41" hai2="15,82,47,30,126,128,49,56,13,63,71,38,118" hai3="76,34,75,133,9,12,123,32,78,33,0,1,130"/><U60/><E125/><V65/><F118/><W83/><G123/><T5/><D119/><U74/><E74/><V127/><F30/><W44/><G130/><T85/><D64/><N who="1" m="41223" /><E61/><V134/><F82/><W4/><G133/><T107/><D107/><U105/><E105/><V54/><F134/><W73/><G44/><T113/><D113/><U68/><E68/><V103/><F103/><W100/><G100/><T16/><D89/><U131/><E26/><V77/><F77/><W40/><G40/><T84/><D45/><U67/><E67/><V52/><F128/><W135/><G135/><T20/><D20/><U50/><E131/><V120/><F120/><W104/><G104/><T62/><D62/><U51/><E51/><V58/><F15/><W37/><G37/><T31/><D31/><U59/><E59/><V43/><F13/><W39/><G39/><T87/><D87/><U121/><E121/><V6/><F6/><W35/><G35/><T106/><D106/><U36/><E36/><V97/><F97/><W69/><G69/><T57/><D57/><U28/><E28/><V23/><F23/><W19/><G19/><T29/><D29/><U42/><E42/><V3/><F3/><W48/><G48/><AGARI ba="0,0" hai="38,43,47,48,49,52,54,56,58,63,65,71,126,127" machi="48" ten="40,12000,2" yaku="9,1,24,2,34,3,54,1" doraHai="110" who="2" fromWho="3" sc="68,0,135,0,389,120,408,-120" /><INIT seed="6,0,0,1,2,42" ten="68,135,509,288" oya="2" hai0="16,27,79,65,22,108,119,84,103,12,60,61,57" hai1="121,132,98,130,38,4,30,118,81,46,107,29,123" hai2="95,63,21,26,102,5,115,72,25,86,85,6,78" hai3="100,0,120,18,68,111,94,92,105,49,106,104,69"/><V125/><F72/><W133/><G111/><T34/><D108/><U10/><E118/><V43/><F26/><W11/><G120/><N who="1" m="46154" /><E130/><V15/><F15/><W52/><G133/><T39/><D119/><U19/><E132/><V1/><F1/><W76/><G76/><T75/><D75/><U116/><E116/><V37/><F125/><W24/><G24/><T128/><D128/><U45/><E19/><V41/><F63/><W13/><G0/><T83/><D103/><N who="1" m="62967" /><E81/><V33/><F115/><W124/><G124/><T91/><D39/><U40/><E46/><V122/><F33/><W14/><G14/><AGARI ba="0,0" hai="4,10,14,29,30,38,40,45" m="62967,46154" machi="14" ten="30,2000,0" yaku="13,1,52,1" doraHai="42" who="1" fromWho="3" sc="68,0,135,20,509,0,288,-20" /><INIT seed="7,0,0,3,3,0" ten="68,155,509,268" oya="3" hai0="41,71,58,68,81,130,108,7,36,122,23,129,16" hai1="110,5,67,77,60,97,131,117,90,113,124,6,27" hai2="128,26,100,9,76,111,47,12,62,78,80,59,102" hai3="35,93,135,15,43,126,75,28,101,50,125,92,42"/><W106/><G75/><T133/><D108/><U20/><E110/><V53/><F128/><N who="0" m="49258" /><D122/><U25/><E131/><V63/><F111/><W2/><G2/><T13/><D81/><U8/><E77/><N who="2" m="29803" /><F80/><W70/><G70/><N who="0" m="26667" /><D133/><U21/><E25/><V30/><F47/><W73/><G73/><T91/><D58/><U34/><E21/><N who="2" m="15695" /><F62/><W112/><G106/><T69/><N who="0" m="26675" /><T116/><DORA hai="52" /><D116/><U82/><E97/><V121/><F121/><W64/><G15/><T56/><D91/><U107/><E90/><V83/><F83/><W22/><G22/><T51/><D36/><U37/><E67/><V115/><F115/><W104/><G112/><T55/><D41/><U19/><E20/><V120/><F120/><W39/><G104/><T98/><D98/><U44/><E19/><AGARI ba="0,0" hai="9,12,19,53,59,63,100,102" m="15695,29803" machi="19" ten="30,2000,0" yaku="8,1,52,1" doraHai="0,52" who="2" fromWho="1" sc="68,0,155,-20,509,20,268,0" owari="68,-43.0,135,-26.0,529,62.0,268,7.0" /></mjloggm>