<mjloggm ver="2.3"><GO type="169" lobby="0"/><UN n0="%E7%A5%9E%E4%B8%80%E6%89%93" n1="%E3%81%8D%E3%81%97%E3%82%82%E3%81%A8" n2="%74%65%6E%68%6F%75%E5%90%9B" n3="%E3%83%AC%E3%82%A4%E3%83%88%E3%83%B3%E5%87%86%E6%95%99%E6%8E%88" dan="17,16,16,18" rate="2187.03,2084.42,2088.07,2300.05" sx="M,M,M,M"/><TAIKYOKU oya="0"/><INIT seed="0,0,0,0,1,122" ten="250,250,250,250" oya="0" hai0="102,48,95,6,111,96,107,132,125,26,43,30,108" hai1="7,87,47,2,9,65,110,27,99,117,37,88,59" hai2="68,23,77,118,105,57,1,60,63,83,70,42,20" hai3="74,115,85,72,17,113,84,81,134,14,71,33,4"/><T32/><D132/><U116/><E110/><N who="0" m="42025" /><D125/><U104/><E104/><V82/><F105/><W11/><G134/><T94/><D6/><U92/><E27/><V106/><F106/><W64/><G33/><T35/><D35/><U19/><E19/><V0/><F57/><W16/><G4/><T8/><D8/><U25/><E25/><V135/><F42/><W49/><G11/><T53/><D43/><U38/><E65/><V131/><F77/><W61/><G64/><T55/><D55/><U56/><E56/><AGARI ba="0,0" hai="26,30,32,48,53,56,94,95,96,102,107" m="42025" machi="56" ten="30,12000,1" yaku="14,1,10,1,52,3" doraHai="122" who="0" fromWho="1" sc="250,120,250,-120,250,0,250,0" /><INIT seed="0,1,0,5,4,112" ten="370,130,250,250" oya="0" hai0="15,92,75,108,50,35,0,88,66,9,84,6,90" hai1="91,55,129,103,37,41,107,72,125,30,47,56,26" hai2="104,99,82,120,71,132,22,29,48,21,80,24,114" hai3="98,19,101,96,115,83,110,126,130,87,53,58,32"/><T64/><D75/><U18/><E129/><V45/><F114/><W31/><G115/><T16/><D35/><U17/><E72/><V131/><F120/><W105/><G130/><T25/><D108/><U12/><E125/><V76/><F131/><W14/><G126/><T102/><D102/><U121/><E121/><V68/><F132/><W54/><G110/><T4/><D25/><U27/><E27/><V135/><F135/><W122/><G122/><T73/><D73/><U81/><E103/><V38/><F38/><W33/><G96/><T89/><D89/><U39/><E107/><V67/><F21/><W46/><G46/><T61/><D50/><U42/><E42/><V10/><F10/><W116/><G53/><T65/><D0/><U2/><E2/><V62/><F71/><W59/><G59/><T13/><D61/><U23/><E39/><V49/><F76/><W3/><G31/><T77/><D77/><U109/><E12/><V78/><F78/><W57/><G3/><T106/><D106/><U11/><E11/><V34/><F22/><N who="3" m="11639" /><G33/><T124/><D15/><U44/><E44/><V70/><F70/><W63/><G58/><T52/><D52/><U40/><E40/><N who="2" m="24615" /><F49/><W1/><G1/><T36/><D36/><U51/><REACH who="1" step="1"/><E109/><REACH who="1" ten="370,120,250,250" step="2"/><V93/><F104/><W113/><G113/><T86/><REACH who="0" step="1"/><D124/><REACH who="0" ten="360,120,250,250" step="2"/><U118/><E118/><V123/><F123/><W100/><G116/><T133/><D133/><U128/><E128/><V97/><F24/><W60/><G100/><T74/><D74/><U117/><E117/><V94/><F34/><W119/><G119/><RYUUKYOKU ba="1,2" sc="360,15,120,15,250,-15,250,-15" hai0="4,6,9,13,16,64,65,66,84,86,88,90,92" hai1="17,18,23,26,30,37,41,47,51,55,56,81,91" /><INIT seed="0,2,2,4,4,58" ten="375,135,235,235" oya="0" hai0="85,34,123,108,0,9,42,78,90,93,47,37,24" hai1="119,101,17,121,40,5,39,22,129,32,111,105,127" hai2="11,112,82,45,21,114,16,43,55,20,28,73,72" hai3="125,61,7,99,4,26,23,62,117,18,81,10,25"/><T94/><D123/><U107/><E119/><V135/><F135/><W50/><G117/><T106/><D106/><U124/><E32/><V54/><F11/><W1/><G125/><N who="1" m="48202" /><E111/><V131/><F131/><W97/><G4/><T56/><D78/><U49/><E129/><V48/><F21/><W8/><G8/><T60/><D108/><U115/><E121/><V64/><F28/><W29/><G50/><T80/><D34/><U44/><E115/><V33/><F33/><W51/><G51/><T38/><D38/><U87/><E5/><V120/><F120/><W70/><G81/><T134/><D134/><U12/><E101/><V59/><F112/><W2/><G1/><T71/><D71/><U91/><E39/><V3/><F3/><W122/><G122/><T68/><D68/><U77/><E77/><V130/><F130/><W14/><G70/><T30/><D0/><U75/><E75/><V63/><F114/><W96/><REACH who="3" step="1"/><G2/><REACH who="3" ten="375,135,235,225" step="2"/><T132/><D9/><U36/><E36/><V35/><F82/><AGARI ba="2,3" hai="12,17,22,40,44,49,82,87,91,105,107" m="48202" machi="82" ten="30,1000,0" yaku="18,1" doraHai="58" who="1" fromWho="2" sc="375,0,135,46,235,-16,225,0" /><INIT seed="1,0,0,1,1,11" ten="375,181,219,225" oya="1" hai0="51,114,62,122,92,100,66,79,32,113,117,108,77" hai1="57,120,105,61,5,53,35,64,34,60,83,86,119" hai2="67,22,3,48,52,112,28,72,74,134,123,115,2" hai3="121,73,88,129,71,47,111,15,30,21,110,38,25"/><U49/><E119/><V36/><F123/><W19/><G121/><T26/><D108/><N who="3" m="41513" /><G71/><T99/><D117/><U18/><E120/><V23/><F134/><W6/><G73/><N who="2" m="28265" /><F67/><W89/><G6/><T104/><D79/><U65/><E105/><V85/><F85/><W131/><G47/><T125/><D77/><U97/><E5/><V29/><F48/><W12/><G38/><T17/><D51/><U8/><E97/><V103/><F103/><W33/><G15/><T126/><D92/><U82/><E35/><V45/><F52/><W7/><G7/><T101/><D101/><U94/><E34/><V46/><F36/><W98/><G98/><T109/><D122/><U44/><E64/><V41/><F46/><W107/><G107/><T13/><D109/><U78/><E61/><V0/><F41/><W91/><AGARI ba="0,0" hai="12,19,21,25,30,33,88,89,91,129,131" m="41513" machi="91" ten="40,5200,0" yaku="14,1,52,1,54,1" doraHai="11" who="3" fromWho="3" sc="375,-13,181,-26,219,-13,225,52" /><INIT seed="2,0,0,0,2,29" ten="362,155,206,277" oya="2" hai0="34,18,49,99,53,39,73,36,105,37,74,94,28" hai1="91,45,77,12,132,31,127,68,57,64,20,56,98" hai2="9,95,26,90,40,7,3,50,23,17,131,116,120" hai3="5,67,108,69,86,6,122,83,47,14,1,101,133"/><V128/><F116/><W11/><G122/><T89/><D105/><U113/><E113/><V70/><F70/><W10/><G108/><T117/><D117/><U130/><E77/><V92/><F120/><W25/><G133/><T59/><REACH who="0" step="1"/><D18/><REACH who="0" ten="352,155,206,277" step="2"/><U16/><E16/><V96/><REACH who="2" step="1"/><F95/><REACH who="2" ten="352,155,196,277" step="2"/><W46/><G101/><T21/><D21/><U61/><E20/><V44/><AGARI ba="0,2" hai="3,7,9,17,23,26,40,44,50,90,92,96,128,131" machi="44" ten="30,6000,0" yaku="1,1,2,1,0,1,53,0" doraHai="29" doraHaiUra="63" who="2" fromWho="2" sc="352,-20,155,-20,196,80,277,-20" /><INIT seed="2,1,0,5,2,123" ten="332,135,276,257" oya="2" hai0="127,116,44,21,13,108,71,84,60,12,30,52,10" hai1="77,103,132,92,36,53,89,70,51,23,96,134,124" hai2="4,73,75,131,26,118,130,93,82,55,38,7,46" hai3="54,39,32,69,40,63,61,59,133,98,95,110,20"/><V125/><F118/><W67/><G32/><T58/><D127/><U31/><E70/><V34/><F125/><W37/><G20/><T62/><D116/><U119/><E36/><V79/><F75/><W100/><G133/><N who="1" m="51306" /><E77/><V49/><F38/><W109/><REACH who="3" step="1"/><G39/><REACH who="3" ten="332,135,276,247" step="2"/><T88/><D21/><U135/><E119/><V22/><F34/><W120/><G120/><T19/><D13/><U86/><E124/><V128/><REACH who="2" step="1"/><F93/><REACH who="2" ten="332,135,266,247" step="2"/><W41/><G41/><T113/><D113/><U112/><E92/><V5/><F5/><W48/><G48/><T33/><D33/><U0/><E51/><V87/><F87/><W83/><G83/><T101/><D84/><U15/><E86/><V104/><F104/><W1/><G1/><T43/><D62/><U105/><E0/><V8/><F8/><W129/><G129/><T111/><D10/><U80/><E105/><V2/><F2/><W114/><G114/><T76/><D60/><U90/><E112/><V126/><F126/><W9/><G9/><T81/><D81/><U6/><E80/><V106/><F106/><W97/><G97/><T102/><D43/><U24/><E96/><V45/><F45/><AGARI ba="1,2" hai="37,40,45,54,59,61,63,67,69,95,98,100,109,110" machi="45" ten="40,5200,0" yaku="1,1,52,2,53,0" doraHai="123" doraHaiUra="107" who="3" fromWho="2" sc="332,0,135,0,266,-55,247,75" /><INIT seed="3,0,0,0,4,43" ten="332,135,211,322" oya="3" hai0="35,46,89,121,57,113,59,74,98,101,97,24,41" hai1="34,2,21,8,71,12,30,112,49,36,31,54,22" hai2="125,40,58,78,44,134,63,75,107,50,77,27,135" hai3="108,61,68,82,96,76,32,47,0,129,18,60,42"/><W33/><G129/><T73/><D121/><U100/><E36/><V93/><F107/><W62/><G108/><T85/><D113/><U94/><E71/><V69/><F75/><W92/><G68/><T56/><D35/><U19/><E112/><V55/><F93/><W119/><G0/><T53/><D24/><U51/><E2/><V95/><F95/><W70/><G18/><T14/><D14/><U114/><E114/><V110/><F27/><W15/><G15/><T65/><D65/><U66/><E66/><N who="2" m="41183" /><F110/><W90/><G119/><T67/><D67/><U84/><E34/><V13/><F13/><W10/><G10/><T123/><D53/><U52/><E31/><V79/><F125/><W4/><G4/><T103/><D123/><U11/><E30/><V122/><F122/><W9/><G9/><T102/><D74/><U88/><E8/><V115/><F115/><W118/><G118/><T48/><D73/><U81/><E81/><AGARI ba="0,0" hai="41,46,48,56,57,59,81,85,89,97,98,101,102,103" machi="81" ten="40,2600,0" yaku="8,1,52,1" doraHai="43" who="0" fromWho="1" sc="332,26,135,-26,211,0,322,0" /><INIT seed="4,0,0,4,0,85" ten="358,109,211,322" oya="0" hai0="11,89,66,77,40,22,132,61,80,17,68,33,51" hai1="1,36,5,87,120,4,70,102,13,7,0,101,41" hai2="127,124,81,63,26,93,111,79,86,12,49,119,10" hai3="95,65,100,110,135,55,84,21,123,59,122,103,8"/><T19/><D132/><U91/><E120/><N who="3" m="46122" /><G110/><T53/><D33/><U28/><E70/><V115/><F111/><W106/><G106/><T14/><D40/><U98/><E28/><V67/><F115/><W108/><G65/><T82/><D77/><U73/><E73/><V54/><F119/><W83/><G108/><T47/><REACH who="0" step="1"/><D89/><REACH who="0" ten="348,109,211,322" step="2"/><U35/><E35/><V27/><F79/><N who="3" m="46207" /><G135/><T37/><D37/><U71/><E91/><N who="2" m="53495" /><F124/><W3/><G100/><T75/><D75/><U52/><E101/><V6/><F127/><W64/><G103/><T114/><D114/><U74/><E102/><V42/><F42/><W78/><G78/><T18/><D18/><U50/><E74/><V128/><F128/><W16/><G16/><T15/><AGARI ba="0,1" hai="11,14,15,17,19,22,47,51,53,61,66,68,80,82" machi="15" ten="20,3900,0" yaku="1,1,0,1,7,1,53,0" doraHai="85" doraHaiUra="2" who="0" fromWho="0" sc="348,49,109,-13,211,-13,322,-13" /><INIT seed="4,1,0,4,2,14" ten="397,96,198,309" oya="0" hai0="96,7,5,123,64,134,130,131,15,23,55,62,10" hai1="82,16,3,69,21,94,52,91,88,81,119,78,28" hai2="111,37,51,73,133,38,113,83,39,61,93,115,105" hai3="40,8,19,106,18,34,54,63,118,127,129,45,25"/><T125/><D123/><U20/><E119/><V99/><F111/><W75/><G118/><T41/><D41/><U60/><E3/><V109/><F109/><W65/><G75/><T1/><D134/><U4/><E4/><V101/><F133/><W114/><G114/><N who="2" m="43529" /><F51/><W53/><G106/><T31/><D55/><U9/><E69/><V67/><F93/><W124/><G129/><T97/><D125/><N who="3" m="48201" /><G8/><T43/><D43/><U120/><E120/><V86/><F73/><W92/><G92/><T71/><D7/><U11/><E28/><V72/><F72/><W79/><G79/><T42/><D42/><U122/><E122/><V6/><F6/><W50/><G34/><T80/><D80/><N who="1" m="30827" /><E78/><N who="2" m="46455" /><F38/><N who="3" m="21655" /><G25/><N who="0" m="16831" /><D1/><U26/><E21/><V76/><F76/><W107/><G107/><T57/><D71/><AGARI ba="1,0" hai="37,39,61,67,71,99,101,105" m="46455,43529" machi="71" ten="30,1000,0" yaku="15,1" doraHai="14" who="2" fromWho="0" sc="397,-13,96,0,198,13,309,0" /><INIT seed="5,0,0,0,3,56" ten="384,96,211,309" oya="1" hai0="100,49,124,83,91,1,29,27,11,85,71,53,65" hai1="45,64,44,5,52,127,3,80,66,19,111,59,89" hai2="57,72,84,110,95,41,38,23,119,10,79,4,70" hai3="31,120,77,69,103,51,21,75,76,17,104,112,58"/><U55/><E127/><V92/><F110/><W128/><G120/><T82/><D124/><U97/><E111/><V118/><F70/><W113/><G69/><T16/><D100/><U74/><E74/><V2/><F23/><W8/><G31/><T18/><D83/><U94/><E80/><N who="2" m="45159" /><F57/><W108/><G108/><T121/><D121/><U63/><E55/><V88/><F92/><W116/><G8/><T98/><D98/><U132/><E132/><V14/><F14/><W32/><G128/><T22/><D1/><U6/><E19/><V7/><F7/><N who="1" m="2569" /><E3/><V86/><F84/><W114/><G32/><T62/><D11/><U12/><E12/><V47/><AGARI ba="0,0" hai="2,4,10,38,41,47,86,88,95,118,119" m="45159" machi="47" ten="30,2000,0" yaku="25,1,54,1" doraHai="56" who="2" fromWho="2" sc="384,-5,96,-10,211,20,309,-5" /><INIT seed="6,0,0,4,5,24" ten="379,86,231,304" oya="2" hai0="134,90,62,4,9,102,51,95,22,35,41,7,57" hai1="6,26,86,88,38,34,3,0,130,17,69,32,47" hai2="82,53,94,74,116,125,83,2,52,96,84,15,23" hai3="25,39,110,100,81,63,85,107,118,126,42,59,124"/><V12/><F116/><W16/><G110/><T60/><D35/><U21/><E130/><V20/><F2/><W98/><G118/><T77/><D134/><U30/><E69/><V135/><F135/><W123/><G123/><T97/><D77/><U128/><E128/><V104/><F125/><W99/><G99/><T50/><D62/><U27/><E34/><V75/><F104/><W61/><G42/><T64/><D41/><U70/><E70/><V80/><F84/><W114/><G39/><T45/><D45/><U133/><E133/><V56/><F56/><W79/><G114/><T93/><D22/><N who="2" m="8234" /><F94/><W33/><G59/><T103/><D103/><U36/><E47/><V49/><F96/><W8/><G33/><T55/><D64/><U73/><E73/><N who="2" m="27659" /><F49/><N who="0" m="18442" /><D9/><U19/><E19/><V58/><F58/><W48/><G48/><T129/><D129/><U127/><E127/><V31/><F31/><W106/><G106/><T111/><D111/><U72/><E72/><V108/><F108/><W5/><G124/><T91/><D102/><U43/><E43/><V112/><F112/><W101/><G101/><T78/><D78/><U1/><REACH who="1" step="1"/><E6/><REACH who="1" ten="379,76,231,304" step="2"/><V54/><AGARI ba="0,1" hai="12,15,52,53,54,80,82,83" m="27659,8234" machi="54" ten="40,7800,0" yaku="28,2,54,1" doraHai="24" who="2" fromWho="2" sc="379,-26,76,-26,231,88,304,-26" /><INIT seed="6,1,0,0,3,76" ten="353,50,319,278" oya="2" hai0="46,36,26,94,7,126,8,67,63,132,21,30,108" hai1="20,54,14,60,19,61,103,133,113,117,102,107,101" hai2="131,25,130,84,17,66,89,99,134,82,49,85,39" hai3="119,32,106,129,1,16,72,34,48,0,127,18,109"/><V41/><F39/><W80/><G109/><T104/><D108/><U33/><E113/><V78/><F66/><W128/><G119/><T9/><D104/><U53/><E117/><V96/><F134/><W44/><G106/><T4/><D126/><U79/><E107/><V92/><F41/><W116/><G116/><T40/><D132/><U97/><E33/><N who="3" m="12906" /><G127/><T123/><D123/><U125/><E125/><V90/><F49/><W58/><G58/><T23/><D94/><U65/><E133/><V29/><F29/><W105/><G105/><T13/><D23/><U10/><E97/><N who="2" m="37451" /><F17/><N who="3" m="6763" /><G80/><T95/><D95/><U111/><E111/><V100/><F25/><W50/><G72/><T93/><D93/><U43/><E43/><V47/><F47/><W122/><G122/><T11/><REACH who="0" step="1"/><D4/><REACH who="0" ten="343,50,319,278" step="2"/><U68/><E101/><V81/><F100/><W87/><G44/><T51/><D51/><N who="3" m="19497" /><G87/><AGARI ba="1,1" hai="78,81,82,84,85,87,89,90,92,130,131" m="37451" machi="87" ten="30,11600,0" yaku="34,2,52,2" doraHai="76" who="2" fromWho="3" sc="343,0,50,0,319,129,278,-119" /><INIT seed="6,2,0,1,1,31" ten="343,50,448,159" oya="2" hai0="5,12,34,52,81,79,40,43,132,53,7,45,44" hai1="80,93,50,91,114,105,24,41,16,103,125,35,108" hai2="87,66,78,68,6,98,112,86,29,129,49,85,20" hai3="8,27,67,116,30,4,84,17,32,58,22,95,75"/><V42/><F112/><W130/><G75/><T48/><D132/><U71/><E114/><V47/><F129/><W54/><G116/><T97/><D97/><U124/><E71/><V100/><F6/><W123/><G123/><T13/><D81/><U18/><E108/><V1/><F1/><W36/><G36/><T104/><D79/><U134/><E103/><V127/><F127/><N who="1" m="48713" /><E105/><V3/><F3/><W101/><G67/><T55/><D104/><U96/><E134/><V113/><F113/><W63/><G130/><T69/><D69/><U99/><E99/><V70/><F66/><W89/><G101/><T15/><D34/><U128/><E80/><V33/><F20/><W21/><REACH who="3" step="1"/><G17/><REACH who="3" ten="343,50,448,149" step="2"/><T109/><REACH who="0" step="1"/><D109/><REACH who="0" ten="333,50,448,149" step="2"/><U131/><E131/><V119/><F70/><W74/><G74/><T102/><D102/><U28/><E128/><V111/><F68/><W94/><G94/><T115/><D115/><U60/><E93/><V37/><F111/><W25/><G25/><T46/><D46/><U73/><E24/><V9/><F100/><W122/><G122/><T135/><D135/><U106/><E73/><V118/><F47/><W11/><G11/><T72/><D72/><U59/><E106/><V56/><F9/><W92/><G92/><T26/><D26/><U65/><E96/><V107/><F98/><W38/><G38/><AGARI ba="2,2" hai="5,7,12,13,15,38,40,43,44,45,48,52,53,55" machi="38" ten="40,2600,0" yaku="1,1,54,1,53,0" doraHai="31" doraHaiUra="90" who="0" fromWho="3" sc="333,52,50,0,448,0,149,-32" /><INIT seed="7,0,0,0,3,89" ten="385,50,448,117" oya="3" hai0="54,94,121,29,95,57,1,56,91,132,88,70,113" hai1="86,9,7,115,26,123,99,63,126,11,19,127,90" hai2="49,116,76,16,98,28,84,122,128,66,71,124,27" hai3="83,4,69,20,40,117,38,129,35,120,46,48,130"/><W114/><G117/><T73/><D121/><U105/><E123/><V78/><F116/><W112/><G35/><T80/><D70/><U87/><E115/><N who="3" m="44074" /><G120/><T62/><D1/><U33/><E33/><V100/><F122/><W21/><G4/><T81/><D73/><U61/><E105/><V125/><F128/><N who="3" m="49259" /><G69/><T102/><D102/><U0/><E11/><V39/><F71/><W79/><G38/><T107/><D107/><U55/><E86/><AGARI ba="0,0" hai="20,21,40,46,48,79,83,86" m="49259,44074" machi="86" ten="30,2900,0" yaku="15,1,19,1" doraHai="89" who="3" fromWho="1" sc="385,0,50,-29,448,0,117,29" /><INIT seed="7,1,0,2,3,94" ten="385,21,448,146" oya="3" hai0="85,7,78,130,114,132,113,120,48,107,134,3,80" hai1="42,121,95,43,131,71,62,76,32,110,20,1,86" hai2="77,129,16,30,128,46,4,89,98,23,108,21,115" hai3="0,47,96,29,74,72,40,122,45,117,60,67,119"/><W18/><G18/><T61/><D61/><U56/><E32/><V109/><F115/><N who="0" m="44042" /><D48/><U22/><E71/><V100/><F89/><W112/><G112/><T70/><D70/><U104/><E104/><N who="2" m="63511" /><F77/><W118/><G29/><T81/><D3/><U111/><E111/><V103/><F103/><W75/><G47/><T55/><D55/><U53/><E110/><V79/><F79/><W116/><G0/><T27/><D7/><U52/><E1/><V49/><F4/><W101/><G122/><T133/><D27/><U15/><E121/><V124/><F30/><W37/><G119/><T102/><D81/><U13/><E53/><N who="2" m="29879" /><F23/><W82/><G82/><T68/><D68/><U35/><E35/><V106/><F106/><N who="3" m="63783" /><G75/><T97/><D130/><N who="2" m="50282" /><F124/><W123/><G123/><AGARI ba="1,0" hai="78,80,85,97,102,107,120,123,132,133,134" m="44042" machi="123" ten="40,12000,2" yaku="20,1,15,1,11,1,34,2,52,1" doraHai="94" who="0" fromWho="3" sc="385,123,21,0,448,0,146,-123" owari="508,61.0,21,-48.0,448,25.0,23,-38.0" /></mjloggm>