<mjloggm ver="2.3"><GO type="169" lobby="0"/><UN n0="%E6%B2%B3%E7%AB%A5%E3%81%AE%E3%83%AF%E3%82%AB%E3%83%9E%E3%83%84" n1="%E4%B8%83%E6%98%9F%E7%90%83" n2="%74%6F%72%69%30%36%31%32" n3="%E5%A4%95%E9%99%BD%E3%81%AE%E5%90%91%E3%81%93%E3%81%86" dan="17,17,17,16" rate="2171.44,2120.56,2201.50,2072.64" sx="M,F,M,M"/><TAIKYOKU oya="0"/><INIT seed="0,0,0,5,2,91" ten="250,250,250,250" oya="0" hai0="8,83,19,90,70,134,129,18,103,116,60,69,15" hai1="108,127,92,123,58,29,105,35,33,125,52,101,63" hai2="62,20,98,75,59,31,46,97,34,130,22,87,100" hai3="84,36,47,12,43,13,71,135,81,30,23,7,118"/><T55/><D116/><U122/><E105/><V2/><F75/><W124/><G118/><T93/><D129/><U54/><E29/><V68/><F2/><W37/><G71/><T73/><D134/><U53/><E108/><V65/><F98/><W17/><G135/><T126/><D126/><N who="1" m="48139" /><E35/><V56/><F130/><W25/><G124/><T94/><D73/><U38/><E33/><V85/><F46/><W113/><G113/><T4/><D70/><U5/><E5/><V110/><F110/><W77/><G7/><T107/><D107/><U42/><E101/><V48/><F34/><W89/><G36/><T39/><D39/><U27/><E27/><N who="2" m="16871" /><F22/><W82/><REACH who="3" step="1"/><G30/><REACH who="3" ten="250,250,250,240" step="2"/><T40/><D69/><U6/><E6/><V45/><F68/><W28/><G28/><T49/><D4/><U26/><E122/><V3/><F3/><W1/><G1/><T104/><D19/><U67/><E123/><V10/><F10/><W0/><G0/><T95/><D18/><U11/><E38/><V41/><F59/><W114/><G114/><T32/><D32/><U16/><E11/><V133/><F133/><W80/><G80/><T106/><D8/><U115/><E115/><V50/><F50/><W76/><G76/><T66/><D83/><U57/><E57/><V128/><F128/><W74/><AGARI ba="0,1" hai="12,13,17,23,25,37,43,47,74,77,81,82,84,89" machi="74" ten="20,2700,0" yaku="1,1,0,1,7,1,53,0" doraHai="91" doraHaiUra="117" who="3" fromWho="3" sc="250,-13,250,-7,250,-7,240,37" /><INIT seed="1,0,0,4,3,28" ten="237,243,243,277" oya="1" hai0="81,34,65,59,73,112,109,135,36,32,128,96,104" hai1="117,41,130,21,71,13,69,62,10,8,89,70,125" hai2="121,50,55,97,118,35,57,120,63,38,113,39,95" hai3="101,111,86,15,45,29,108,78,105,83,98,61,42"/><U92/><E117/><V4/><F118/><W85/><G61/><T77/><D112/><U131/><E125/><V51/><F4/><W122/><G122/><N who="2" m="47209" /><F95/><W87/><G29/><T26/><D109/><N who="3" m="42057" /><G15/><T80/><D128/><N who="1" m="49195" /><E41/><V24/><F97/><W2/><G2/><T67/><D135/><U48/><E48/><AGARI ba="0,0" hai="42,45,48,78,83,85,86,87,98,101,105" m="42057" machi="48" ten="30,1000,0" yaku="14,1" doraHai="28" who="3" fromWho="1" sc="237,0,243,-10,243,0,277,10" /><INIT seed="2,0,0,1,1,35" ten="237,233,243,287" oya="2" hai0="100,57,130,94,81,116,20,114,106,110,103,99,17" hai1="63,102,133,118,124,23,0,123,105,2,112,46,61" hai2="50,37,134,96,135,87,21,16,109,25,38,98,111" hai3="39,3,73,69,117,70,83,56,71,55,14,30,108"/><V101/><F87/><W58/><G117/><T75/><D114/><U86/><E112/><V68/><F68/><W24/><G108/><N who="2" m="41545" /><F50/><W132/><G39/><N who="2" m="14857" /><F98/><W12/><G3/><T77/><D130/><U18/><E118/><V90/><F90/><W15/><G132/><N who="2" m="50729" /><F96/><W74/><G83/><T121/><D110/><U126/><E133/><V34/><F34/><W28/><G55/><T49/><D116/><U97/><E86/><V91/><F91/><W85/><G85/><T52/><D103/><AGARI ba="0,0" hai="16,21,25,101,103" m="50729,14857,41545" machi="103" ten="40,12000,1" yaku="14,1,10,1,20,1,54,1" doraHai="35" who="2" fromWho="0" sc="237,-120,233,0,243,120,287,0" /><INIT seed="2,1,0,3,0,55" ten="117,233,363,287" oya="2" hai0="17,76,10,75,38,34,8,35,122,36,111,27,83" hai1="59,80,44,93,72,0,5,11,117,97,65,84,100" hai2="110,69,32,62,58,47,96,28,56,13,103,73,114" hai3="46,105,133,112,43,21,16,98,70,9,52,91,48"/><V66/><F73/><W126/><G70/><T71/><D122/><U115/><E115/><V61/><F114/><W129/><G112/><T109/><D71/><U45/><E72/><V79/><F79/><W106/><G126/><T77/><D17/><U20/><E117/><V102/><F110/><N who="0" m="41994" /><D27/><U108/><E20/><V125/><F125/><W29/><G133/><T41/><D77/><U88/><E108/><V74/><F74/><W54/><G129/><T18/><D18/><U118/><E118/><V124/><F124/><W86/><G29/><T90/><D90/><U128/><E128/><V15/><F47/><W60/><G9/><N who="0" m="3691" /><D41/><U127/><E127/><V26/><F103/><W135/><G135/><T132/><D132/><U57/><REACH who="1" step="1"/><E65/><REACH who="1" ten="117,223,363,287" step="2"/><V82/><F69/><W14/><G106/><T24/><D24/><U63/><E63/><V1/><F1/><W89/><G60/><T67/><D67/><U113/><E113/><V104/><F82/><N who="3" m="49367" /><G105/><T99/><D34/><U68/><E68/><V81/><F81/><W6/><G6/><T23/><D35/><U49/><E49/><V4/><F4/><W134/><G134/><T42/><D23/><U123/><E123/><V95/><F104/><W37/><G37/><T22/><D22/><U64/><E64/><AGARI ba="1,1" hai="13,15,26,28,32,56,58,61,62,64,66,95,96,102" machi="64" ten="30,11600,0" yaku="7,1,9,1,52,2" doraHai="55" who="2" fromWho="1" sc="117,0,223,-119,363,129,287,0" /><INIT seed="2,2,0,2,2,51" ten="117,104,492,287" oya="2" hai0="81,110,100,74,131,25,133,16,3,75,71,107,88" hai1="104,132,80,99,38,28,45,56,83,50,79,82,24" hai2="89,37,85,112,54,122,93,27,47,29,18,23,117" hai3="68,96,65,52,55,78,8,119,115,43,13,67,106"/><V87/><F122/><W31/><G119/><T17/><D3/><U69/><E69/><V91/><F112/><W49/><G115/><T97/><D71/><U20/><E132/><V135/><F135/><W128/><G128/><T105/><D133/><U113/><E113/><V125/><F125/><W33/><G78/><T118/><D131/><U70/><E70/><V19/><F117/><W0/><G0/><T11/><D118/><U10/><E38/><V21/><F37/><W101/><G43/><T124/><D124/><U114/><E114/><V7/><F7/><W63/><G65/><T116/><D116/><U94/><E104/><V60/><F23/><W62/><G62/><T95/><D110/><U77/><E56/><N who="2" m="34839" /><F47/><W6/><G49/><T121/><D121/><U40/><REACH who="1" step="1"/><E10/><REACH who="1" ten="117,94,492,287" step="2"/><V98/><F98/><W109/><G109/><T12/><D105/><U32/><E32/><V5/><F5/><W127/><REACH who="3" step="1"/><G127/><REACH who="3" ten="117,94,492,277" step="2"/><T42/><D107/><U58/><E58/><V36/><F36/><W59/><G59/><T1/><D1/><U64/><E64/><V15/><F15/><W76/><G76/><T123/><D123/><U103/><AGARI ba="2,2" hai="20,24,28,40,45,50,77,79,80,82,83,94,99,103" machi="103" ten="30,4000,0" yaku="1,1,0,1,8,1,53,0" doraHai="51" doraHaiUra="126" who="1" fromWho="1" sc="117,-12,94,66,492,-22,277,-12" /><INIT seed="3,0,0,2,5,123" ten="105,160,470,265" oya="3" hai0="74,101,0,78,111,46,120,13,8,26,98,59,47" hai1="29,6,55,63,91,53,42,5,34,10,102,133,33" hai2="2,124,19,108,7,49,22,119,99,52,72,132,115" hai3="109,50,75,117,68,92,3,12,103,135,97,84,86"/><W81/><G3/><T82/><D120/><U113/><E113/><V31/><F72/><W40/><G117/><T66/><D0/><U4/><E133/><V65/><F65/><W106/><G68/><T57/><D26/><U32/><E102/><V45/><F31/><W44/><G135/><T54/><D66/><U64/><E42/><V62/><F62/><W24/><G24/><T58/><D54/><U80/><E29/><V96/><F7/><W48/><G106/><T38/><D38/><U30/><E30/><V129/><F2/><W105/><G105/><T125/><D125/><U77/><E91/><V130/><F115/><W9/><G109/><T67/><D67/><U15/><E15/><N who="2" m="9599" /><F119/><W107/><G107/><T94/><REACH who="0" step="1"/><D111/><REACH who="0" ten="95,160,470,265" step="2"/><U90/><E64/><V127/><F108/><W110/><G110/><T23/><D23/><U122/><E122/><V134/><F134/><W11/><G11/><T56/><N who="0" m="14336" /><DORA hai="128" /><T43/><D43/><U37/><E10/><V14/><F132/><W126/><G126/><N who="2" m="48169" /><F14/><W16/><G50/><T60/><D60/><U17/><E37/><V1/><F1/><W39/><G39/><T114/><D114/><U100/><E63/><V28/><F28/><W27/><G27/><T76/><D76/><U83/><E77/><V88/><F130/><W20/><REACH who="3" step="1"/><G20/><REACH who="3" ten="95,160,470,255" step="2"/><T73/><D73/><U95/><E33/><V21/><F21/><W36/><G36/><T85/><D85/><U25/><E34/><V112/><F112/><W118/><G118/><T79/><D79/><AGARI ba="0,2" hai="9,12,16,40,44,48,75,79,81,84,86,92,97,103" machi="79" ten="40,3900,0" yaku="1,1,54,1,53,0" doraHai="123,128" doraHaiUra="131,69" who="3" fromWho="0" sc="95,-39,160,0,470,0,255,59" /><INIT seed="3,1,0,0,4,58" ten="56,160,470,314" oya="3" hai0="86,127,37,96,36,82,77,69,55,71,115,0,54" hai1="2,17,34,9,68,134,1,18,4,46,53,57,126" hai2="63,6,51,87,88,93,114,28,92,67,105,81,80" hai3="73,25,48,101,117,38,72,98,109,13,74,124,24"/><W3/><G117/><T35/><D35/><U47/><E134/><V42/><F105/><W132/><G38/><T99/><D0/><U43/><E126/><V8/><F28/><W21/><G3/><T91/><D127/><U31/><E68/><V10/><F114/><W5/><G132/><T45/><D115/><U121/><E121/><V95/><F81/><W44/><G124/><T122/><D122/><U11/><E31/><V41/><F51/><W78/><G78/><T83/><D91/><U131/><E34/><V33/><F33/><W32/><G109/><T49/><D49/><U125/><E131/><V60/><F67/><W85/><G85/><T29/><D29/><U65/><E65/><V133/><F133/><W135/><G135/><T123/><D86/><U113/><E113/><V104/><F104/><W56/><G56/><T40/><D123/><U112/><E125/><V120/><F120/><W16/><G5/><T118/><D40/><N who="2" m="15466" /><F8/><W23/><G32/><T94/><D94/><U7/><E112/><V64/><F64/><W97/><G101/><T59/><D59/><U119/><E119/><V61/><F10/><W79/><G79/><T39/><D77/><U70/><E70/><N who="0" m="26633" /><D118/><U130/><E130/><V107/><F107/><W50/><G13/><T14/><D14/><U27/><E43/><V89/><F6/><W66/><G66/><T30/><D45/><N who="1" m="16907" /><E18/><V75/><F75/><W12/><G12/><T128/><D30/><U76/><E17/><V62/><N who="2" m="15360" /><DORA hai="84" /><V108/><F108/><W116/><G116/><T103/><D128/><U106/><E106/><RYUUKYOKU ba="1,0" sc="56,-10,160,-10,470,30,314,-10" hai2="80,87,88,89,92,93,95" /><INIT seed="4,2,0,5,1,88" ten="46,150,500,304" oya="0" hai0="49,85,46,8,43,117,77,125,38,39,67,79,13" hai1="50,82,97,70,99,128,54,123,114,105,126,42,127" hai2="104,124,73,53,90,131,5,26,111,29,61,21,11" hai3="95,12,36,58,80,24,23,7,28,71,66,134,52"/><T40/><D125/><N who="1" m="47627" /><E70/><V45/><F104/><W84/><G134/><T98/><D117/><U31/><E123/><V101/><F73/><W47/><G71/><T4/><D67/><U15/><E128/><V33/><F111/><W116/><G116/><T63/><D63/><U129/><E129/><V72/><F72/><W74/><G74/><T81/><D77/><U37/><E31/><V76/><F101/><W30/><G30/><T112/><D112/><U2/><E2/><V20/><F76/><W132/><G132/><T100/><REACH who="0" step="1"/><D43/><REACH who="0" ten="36,150,500,304" step="2"/><U64/><E42/><V6/><F124/><W110/><G110/><T122/><D122/><U107/><E64/><V17/><F61/><W92/><G66/><T120/><D120/><U48/><E114/><V103/><F131/><W135/><G135/><T118/><D118/><U93/><E107/><AGARI ba="2,1" hai="4,8,13,38,39,40,46,49,79,81,85,98,100,107" machi="107" ten="30,12000,1" yaku="1,1,7,1,25,2,53,1" doraHai="88" doraHaiUra="41" who="0" fromWho="1" sc="36,136,150,-126,500,0,304,0" /><INIT seed="4,3,0,5,1,97" ten="172,24,500,304" oya="0" hai0="108,36,25,113,88,15,126,68,86,89,32,75,98" hai1="78,59,8,30,21,5,42,123,130,54,20,73,29" hai2="4,39,77,100,17,40,91,120,18,80,127,12,48" hai3="116,51,7,44,133,117,128,57,50,119,23,124,52"/><T93/><D75/><U92/><E130/><V111/><F39/><W70/><G7/><T1/><D1/><U11/><E123/><V114/><F111/><W112/><G23/><T66/><D36/><U87/><E73/><V125/><F91/><W103/><G103/><T71/><D108/><U134/><E42/><V55/><F100/><W14/><G14/><T131/><D131/><U122/><E122/><V27/><F40/><N who="3" m="24839" /><G112/><T90/><D113/><U99/><E134/><V45/><F120/><W41/><G128/><T96/><D126/><N who="2" m="48138" /><F27/><W61/><G124/><T82/><D15/><N who="1" m="5519" /><E11/><N who="2" m="4199" /><F114/><W13/><G13/><T47/><D25/><U107/><E107/><V37/><F37/><W24/><G24/><T101/><D32/><U115/><E115/><V3/><F3/><W62/><G133/><T9/><D9/><U10/><E10/><V64/><F64/><N who="3" m="41239" /><G41/><T129/><D129/><U2/><E2/><V56/><F80/><W110/><G110/><T22/><D22/><N who="1" m="8811" /><E78/><V72/><F77/><W16/><G16/><T67/><D93/><U79/><E79/><V81/><F81/><W94/><G94/><T28/><D82/><U19/><E19/><V46/><F72/><W105/><G105/><T43/><D43/><U33/><E87/><V85/><F85/><W95/><G95/><T109/><D86/><U135/><E135/><V38/><F38/><W83/><G83/><T35/><D109/><U65/><E33/><V53/><F18/><W132/><G132/><T60/><D35/><U0/><E0/><V31/><F17/><W106/><G106/><T84/><D84/><RYUUKYOKU ba="3,0" sc="172,-10,24,-10,500,-10,304,30" hai3="51,52,57,61,116,117,119" /><INIT seed="5,4,0,3,4,90" ten="162,14,490,334" oya="1" hai0="11,42,99,8,3,91,45,86,93,33,121,75,68" hai1="108,84,73,74,1,9,122,44,4,101,109,120,96" hai2="81,127,72,95,111,125,114,46,12,34,123,104,26" hai3="27,133,59,54,56,98,18,24,36,55,69,37,32"/><U29/><E84/><V43/><F104/><W118/><G69/><T126/><D68/><U6/><E44/><V16/><F123/><W39/><G32/><T115/><D33/><U83/><E6/><V41/><F111/><N who="1" m="42569" /><E29/><V13/><F114/><W116/><G18/><T22/><D75/><N who="1" m="28683" /><E83/><V130/><F81/><W88/><G133/><T89/><D115/><U53/><E53/><N who="3" m="19978" /><G98/><T103/><D86/><U135/><E135/><V58/><F46/><W31/><G31/><T51/><D45/><U94/><AGARI ba="4,0" hai="1,4,9,94,96,101,120,122" m="28683,42569" machi="94" ten="30,3000,0" yaku="10,1,52,1" doraHai="90" who="1" fromWho="1" sc="162,-14,14,42,490,-14,334,-14" /><INIT seed="5,5,0,1,3,3" ten="148,56,476,320" oya="1" hai0="100,109,112,42,70,73,12,103,30,96,59,63,99" hai1="64,45,39,68,111,128,40,34,35,108,65,47,1" hai2="66,110,78,27,23,86,26,53,97,49,98,61,80" hai3="67,130,122,46,62,5,54,41,106,11,105,94,127"/><U55/><E1/><V89/><F110/><N who="1" m="42025" /><E34/><V79/><F27/><W2/><G122/><T36/><D109/><U129/><E35/><V101/><F79/><W74/><G74/><T134/><D73/><U37/><E68/><V29/><F78/><W104/><G130/><N who="1" m="50282" /><E55/><V93/><F98/><W95/><G54/><T6/><D70/><U90/><E90/><V57/><F66/><N who="1" m="25705" /><E40/><V82/><F61/><W133/><G127/><T25/><D63/><U52/><E52/><V20/><F20/><W32/><G133/><T135/><D42/><U58/><E58/><V7/><REACH who="2" step="1"/><F7/><REACH who="2" ten="148,56,466,320" step="2"/><W117/><G117/><T121/><D6/><U0/><E0/><V15/><F15/><W60/><G32/><T91/><D12/><U69/><E69/><V116/><F116/><W28/><G28/><T107/><D30/><U102/><E102/><V76/><F76/><W9/><G67/><T14/><D14/><U17/><E17/><V13/><F13/><W72/><G72/><T85/><D103/><U33/><E33/><V24/><F24/><W75/><G75/><T87/><D25/><U43/><E43/><V50/><F50/><W48/><G62/><T120/><D100/><U132/><E132/><V115/><F115/><W10/><REACH who="3" step="1"/><G60/><REACH who="3" ten="148,56,466,310" step="2"/><T16/><D134/><U44/><AGARI ba="5,2" hai="37,39,44,45,47" m="25705,50282,42025" machi="44" ten="40,18000,2" yaku="28,2,10,1,19,1,34,2" doraHai="3" who="1" fromWho="1" sc="148,-65,56,215,466,-65,310,-65" /><INIT seed="5,6,0,0,1,56" ten="83,271,401,245" oya="1" hai0="117,41,85,14,82,29,25,30,17,28,100,101,122" hai1="125,39,4,48,108,27,57,59,79,99,96,128,81" hai2="53,126,110,15,44,119,94,91,65,12,61,6,21" hai3="8,106,23,90,98,50,62,3,54,40,37,38,16"/><U75/><E128/><V88/><F110/><W32/><G32/><T67/><D117/><U13/><E39/><V60/><F126/><W116/><G116/><T134/><D134/><U42/><E125/><V47/><F119/><W18/><G40/><T105/><D122/><U124/><E124/><V19/><F91/><W123/><G123/><T103/><D105/><U77/><E77/><V76/><F76/><W1/><G1/><T118/><D118/><U129/><E129/><V113/><F113/><W68/><G18/><T64/><D25/><U52/><E42/><V11/><F65/><N who="0" m="25162" /><D41/><U89/><E27/><V36/><F36/><W73/><G73/><T92/><D92/><U93/><E108/><V31/><F31/><N who="0" m="7938" /><T132/><DORA hai="10" /><D132/><U83/><E83/><V104/><F104/><W0/><G0/><T26/><D26/><U127/><E127/><V9/><F21/><W102/><G90/><N who="0" m="51511" /><D17/><U45/><REACH who="1" step="1"/><E99/><REACH who="1" ten="83,261,401,245" step="2"/><N who="2" m="57799" /><F47/><W120/><G120/><T24/><D24/><U69/><E69/><V55/><F44/><W49/><G68/><T51/><D51/><U72/><E72/><V34/><F34/><W2/><G38/><T46/><D46/><U63/><E63/><AGARI ba="6,1" hai="6,9,11,12,15,19,53,55,60,61,63" m="57799" machi="63" ten="30,12000,2" yaku="8,1,52,5,54,1" doraHai="56,10" who="2" fromWho="1" sc="83,0,261,-138,401,148,245,0" /><INIT seed="6,0,0,0,4,97" ten="83,123,549,245" oya="2" hai0="3,78,75,2,67,7,114,39,10,13,25,127,49" hai1="102,20,17,126,121,85,92,70,131,124,82,30,11" hai2="51,33,80,31,73,12,61,41,132,83,130,58,113" hai3="94,101,16,105,36,100,108,107,8,42,120,98,21"/><V24/><F113/><W46/><G108/><T125/><D49/><U18/><E70/><V77/><F130/><W84/><G120/><T19/><D67/><U110/><E110/><V96/><F132/><W88/><G8/><T60/><D60/><U123/><E131/><V76/><F12/><W89/><G105/><T64/><D64/><U53/><E53/><V104/><F51/><W44/><G44/><T99/><D39/><U47/><E30/><V111/><F41/><W57/><G57/><T37/><D37/><U28/><E28/><V90/><F111/><W26/><REACH who="3" step="1"/><G107/><REACH who="3" ten="83,123,549,235" step="2"/><T129/><D129/><U91/><E47/><V55/><F104/><W40/><G40/><T43/><D43/><U32/><E11/><V68/><F68/><W23/><G23/><N who="0" m="13567" /><D114/><U81/><E32/><V103/><F33/><W50/><G50/><T4/><D4/><U112/><E112/><V38/><F38/><W106/><G106/><T59/><D59/><U95/><E123/><V62/><F58/><W35/><G35/><T9/><D9/><U48/><E121/><V34/><F62/><W119/><G119/><T63/><D63/><U5/><E48/><V52/><F61/><W135/><G135/><T71/><D71/><U0/><E5/><V116/><F116/><W14/><G14/><T69/><D69/><U65/><E65/><V22/><F34/><W56/><G56/><T72/><D13/><U74/><E20/><V133/><F133/><W122/><G122/><T66/><D66/><U109/><E109/><V1/><F22/><W27/><G27/><T29/><D7/><RYUUKYOKU ba="0,1" sc="83,-10,123,-10,549,-10,235,30" hai3="16,21,26,36,42,46,84,88,89,94,98,100,101" /><INIT seed="7,1,1,0,0,71" ten="73,113,539,265" oya="3" hai0="118,63,127,32,42,2,105,40,65,4,119,46,15" hai1="8,120,128,7,53,19,11,79,52,86,104,16,10" hai2="94,3,114,108,34,93,116,22,82,103,12,106,132" hai3="23,112,45,123,1,72,107,133,99,18,36,98,88"/><W80/><G123/><T91/><D15/><U29/><E104/><V31/><F3/><W109/><G112/><T90/><D91/><U73/><E73/><V110/><F34/><W48/><G133/><T121/><D90/><U62/><E128/><V17/><F31/><W64/><G109/><T6/><D6/><U83/><E120/><V101/><F116/><W84/><G1/><T50/><D121/><U30/><E7/><V60/><F106/><W95/><G64/><T81/><D32/><U5/><E5/><V44/><F114/><W61/><G61/><T97/><D81/><U134/><E134/><V27/><F132/><W135/><G135/><T41/><D4/><U37/><E37/><V25/><F60/><W38/><G72/><T59/><D2/><U69/><E69/><V125/><F82/><W14/><G107/><T100/><REACH who="0" step="1"/><D127/><REACH who="0" ten="63,113,539,265" step="2"/><U35/><E35/><V33/><F33/><W54/><G98/><T58/><D58/><N who="1" m="35143" /><E53/><AGARI ba="1,2" hai="40,41,42,46,50,53,59,63,65,97,100,105,118,119" machi="53" ten="40,8000,1" yaku="1,1,53,3" doraHai="71" doraHaiUra="39" who="0" fromWho="1" sc="63,103,113,-83,539,0,265,0" owari="166,-23.0,30,-47.0,539,63.0,265,7.0" /></mjloggm>