<mjloggm ver="2.3"><GO type="169" lobby="0"/><UN n0="%68%69%6A%69%68%69%6A%69" n1="%52%45%58%27" n2="%E6%AC%A7%E5%B7%9E%E4%B8%89%E5%86%A0" n3="%28%E9%83%A8%E9%95%B7%29" dan="16,16,16,16" rate="2041.73,2108.79,2123.10,2180.66" sx="F,F,M,M"/><TAIKYOKU oya="0"/><INIT seed="0,0,0,0,2,102" ten="250,250,250,250" oya="0" hai0="56,24,96,66,118,20,70,135,36,109,27,21,38" hai1="52,62,124,68,49,39,45,92,60,30,25,114,33" hai2="58,125,132,130,61,29,19,99,42,88,89,0,31" hai3="12,122,106,11,15,115,6,107,78,28,103,71,2"/><T81/><D118/><U131/><E124/><V117/><F0/><W80/><G115/><T51/><D135/><U93/><E131/><V63/><F125/><W91/><G71/><T41/><D109/><U111/><E111/><V5/><F130/><W86/><G122/><T101/><D81/><U121/><E121/><V112/><F42/><W74/><G28/><T69/><D69/><U3/><E114/><V95/><F5/><W76/><G76/><T8/><D8/><U98/><E3/><V126/><F126/><W14/><REACH who="3" step="1"/><G103/><REACH who="3" ten="250,250,250,240" step="2"/><T77/><D77/><U16/><E68/><V7/><F112/><W100/><G100/><T37/><D70/><U73/><E30/><V48/><F31/><W108/><G108/><T67/><D101/><U47/><E33/><V83/><F29/><W94/><AGARI ba="0,1" hai="2,6,11,12,14,15,74,78,80,86,91,94,106,107" machi="94" ten="30,8000,1" yaku="1,1,0,1,52,2,53,1" doraHai="102" doraHaiUra="75" who="3" fromWho="3" sc="250,-40,250,-20,250,-20,240,90" /><INIT seed="1,0,0,0,4,104" ten="210,230,230,330" oya="1" hai0="88,133,20,36,126,85,73,5,35,78,90,109,45" hai1="24,10,71,103,114,18,44,55,57,111,93,112,82" hai2="66,131,74,120,129,102,2,31,72,63,52,106,30" hai3="32,124,3,123,56,43,100,113,58,92,101,13,12"/><U117/><E117/><V46/><F2/><W70/><G70/><T81/><D35/><U80/><E71/><V14/><F120/><W105/><G3/><T96/><D109/><U79/><E111/><V4/><F102/><W40/><G105/><T135/><D126/><U41/><E112/><V1/><F1/><W61/><G32/><T33/><D33/><U116/><E116/><V108/><F106/><W47/><G92/><N who="0" m="56343" /><D5/><U98/><E114/><V128/><F108/><W67/><G61/><T19/><D36/><U53/><E57/><N who="2" m="37231" /><F4/><W65/><G47/><T7/><D7/><U22/><E10/><V48/><F14/><W125/><REACH who="3" step="1"/><G113/><REACH who="3" ten="210,230,230,320" step="2"/><T107/><D45/><U83/><REACH who="1" step="1"/><E79/><REACH who="1" ten="210,220,230,320" step="2"/><V127/><F127/><W75/><G75/><AGARI ba="0,2" hai="30,31,46,48,52,72,74,75,128,129,131" m="37231" machi="75" ten="40,8000,1" yaku="19,1,52,3,54,1" doraHai="104" who="2" fromWho="3" sc="210,0,220,0,230,100,320,-80" /><INIT seed="2,0,0,4,0,16" ten="210,220,330,240" oya="2" hai0="119,58,128,77,134,113,9,64,38,66,116,86,69" hai1="97,71,41,39,20,84,36,101,115,55,49,44,14" hai2="95,34,12,99,112,5,42,100,24,37,105,130,117" hai3="30,104,52,74,89,70,6,54,8,83,1,40,3"/><V53/><F117/><N who="0" m="45130" /><D113/><U10/><E115/><V51/><F130/><W56/><G70/><T22/><D38/><U102/><E71/><V31/><F37/><W111/><G104/><T35/><D128/><U13/><E13/><V32/><F42/><W122/><G122/><T46/><D35/><U29/><E84/><V78/><F78/><W94/><G111/><T135/><D69/><U63/><E63/><V96/><F112/><W123/><G1/><T132/><D46/><U25/><E101/><V91/><F12/><W75/><G83/><N who="0" m="47471" /><D9/><U28/><E28/><V106/><F106/><W15/><G40/><T124/><D124/><U26/><E26/><V131/><F131/><W109/><G109/><T88/><D58/><U23/><E23/><V110/><F5/><W118/><G123/><T18/><D88/><U107/><REACH who="1" step="1"/><E41/><REACH who="1" ten="210,210,330,240" step="2"/><V48/><F24/><AGARI ba="0,1" hai="18,22,24,64,66,132,134,135" m="47471,45130" machi="24" ten="40,5200,0" yaku="20,1,12,1,52,1" doraHai="16" who="0" fromWho="2" sc="210,62,210,0,330,-52,240,0" /><INIT seed="3,0,0,2,3,54" ten="272,210,278,240" oya="3" hai0="97,14,128,81,110,135,39,88,42,104,50,53,92" hai1="4,12,63,52,102,114,19,11,9,25,105,85,24" hai2="49,118,7,32,5,109,37,48,108,122,57,79,115" hai3="20,84,75,134,51,56,27,67,132,124,60,22,33"/><W130/><G75/><T131/><D110/><U58/><E114/><V101/><F115/><W36/><G36/><T76/><D135/><N who="3" m="51753" /><G130/><N who="0" m="49707" /><D104/><U80/><E105/><V30/><F37/><W28/><G124/><T90/><D39/><U65/><E102/><V112/><F118/><W40/><G84/><N who="0" m="48167" /><D14/><N who="1" m="5415" /><E65/><V103/><F79/><AGARI ba="0,0" hai="11,12,19,24,25,52,58,63,79,80,85" m="5415" machi="79" ten="30,3900,0" yaku="8,1,52,1,54,1" doraHai="54" who="1" fromWho="2" sc="272,0,210,39,278,-39,240,0" /><INIT seed="4,0,0,0,2,63" ten="272,249,239,240" oya="0" hai0="110,61,26,27,116,30,99,83,66,18,80,78,69" hai1="11,102,72,89,112,127,96,107,31,128,74,56,77" hai2="42,85,0,17,59,1,53,14,55,15,133,41,131" hai3="75,130,76,122,60,94,52,7,40,38,100,37,19"/><T67/><D116/><U6/><E127/><V12/><F17/><W95/><G75/><T32/><D110/><U135/><E135/><V28/><F28/><W39/><G76/><T93/><D67/><U5/><E128/><V10/><F10/><W124/><G7/><T81/><D26/><U129/><E129/><V29/><F29/><W3/><G3/><T86/><REACH who="0" step="1"/><D18/><REACH who="0" ten="262,249,239,240" step="2"/><U121/><E31/><V44/><F131/><W101/><G19/><T125/><D125/><U113/><E121/><V24/><F133/><W82/><G122/><T105/><D105/><U108/><E107/><V58/><F24/><W73/><G130/><T45/><D45/><U120/><E108/><V46/><F15/><W35/><G124/><T88/><AGARI ba="0,1" hai="27,30,32,61,66,69,78,80,81,83,86,88,93,99" machi="88" ten="20,12000,1" yaku="1,1,0,1,7,1,52,1,54,1,53,0" doraHai="63" doraHaiUra="33" who="0" fromWho="0" sc="262,130,249,-40,239,-40,240,-40" /><INIT seed="4,1,0,1,1,2" ten="392,209,199,200" oya="0" hai0="124,41,127,27,25,99,134,116,30,44,68,65,125" hai1="15,101,56,37,103,75,36,91,100,67,38,112,8" hai2="1,51,34,39,110,58,102,24,26,49,122,17,133" hai3="120,92,88,95,81,21,118,70,40,86,50,97,117"/><T72/><D116/><U87/><E75/><V3/><F110/><W62/><G120/><T83/><D134/><U53/><E67/><V135/><F39/><W128/><G128/><T93/><D68/><U12/><E112/><V98/><F122/><W106/><G106/><T0/><D0/><U119/><E119/><V71/><F71/><W57/><G70/><T63/><D72/><U19/><E12/><V60/><F3/><W59/><G95/><T85/><D63/><U13/><E15/><V94/><F1/><W55/><G21/><T66/><D99/><U6/><E19/><V20/><F34/><W31/><G31/><T29/><D93/><U131/><E131/><V123/><F123/><W45/><REACH who="3" step="1"/><G59/><REACH who="3" ten="392,209,199,190" step="2"/><T73/><D30/><U52/><REACH who="1" step="1"/><E56/><REACH who="1" ten="392,199,199,190" step="2"/><V109/><F109/><W121/><G121/><T5/><D127/><U42/><E42/><V104/><F135/><W4/><G4/><T126/><D5/><U113/><E113/><V84/><F133/><W32/><G32/><T82/><D125/><U33/><E33/><V130/><F130/><W14/><G14/><T16/><D124/><U47/><E47/><V115/><F115/><W28/><G28/><T90/><D44/><U80/><AGARI ba="1,2" hai="6,8,13,36,37,38,52,53,80,87,91,100,101,103" machi="80" ten="40,8000,1" yaku="1,1,0,1,52,1,54,1,53,0" doraHai="2" doraHaiUra="61" who="1" fromWho="1" sc="392,-41,199,103,199,-21,190,-21" /><INIT seed="5,0,0,2,3,19" ten="351,302,178,169" oya="1" hai0="40,74,16,120,87,135,1,23,57,4,75,43,80" hai1="96,88,29,98,13,99,65,76,103,53,17,114,92" hai2="0,104,39,130,134,107,108,54,117,56,34,2,5" hai3="6,105,50,85,94,119,116,79,36,131,44,59,30"/><U121/><E114/><V77/><F5/><W81/><G105/><T20/><D1/><U32/><E121/><V70/><F77/><W63/><G131/><T58/><D4/><U55/><E65/><V24/><F24/><W8/><G36/><T15/><D120/><U48/><E32/><V133/><F54/><W110/><G30/><T3/><D3/><U49/><E29/><V7/><F7/><W106/><G106/><T101/><D101/><U9/><E76/><V91/><F91/><W41/><G94/><T61/><D135/><U60/><E60/><V35/><F56/><N who="0" m="21610" /><D75/><U129/><E129/><V125/><F35/><W84/><G84/><T42/><D74/><U28/><E28/><V97/><F97/><N who="1" m="37481" /><E103/><V89/><F89/><W14/><REACH who="3" step="1"/><G110/><REACH who="3" ten="351,302,178,159" step="2"/><T112/><D112/><U113/><E113/><V132/><F107/><W102/><G102/><T31/><D31/><U118/><E118/><V64/><F134/><W37/><G37/><T83/><D87/><U10/><E10/><V90/><F133/><W73/><G73/><T52/><D83/><U38/><E38/><V86/><F86/><W95/><G95/><T45/><D80/><U67/><E67/><AGARI ba="0,1" hai="6,8,14,41,44,50,59,63,67,79,81,85,116,119" machi="67" ten="40,5200,0" yaku="1,1,25,2,53,0" doraHai="19" doraHaiUra="22" who="3" fromWho="1" sc="351,0,302,-52,178,0,159,62" /><INIT seed="6,0,0,1,5,45" ten="351,250,178,221" oya="2" hai0="42,26,25,30,111,109,76,113,133,104,66,124,102" hai1="33,35,54,77,4,118,94,105,24,88,63,98,31" hai2="68,80,40,5,119,1,69,8,128,14,46,75,101" hai3="120,100,114,125,117,16,62,64,56,51,74,0,116"/><V60/><F119/><W37/><G120/><T27/><D76/><U12/><E118/><V83/><F128/><W23/><G37/><T57/><D42/><U55/><E33/><V115/><F115/><W22/><G74/><T20/><D113/><U127/><E127/><V49/><F101/><W84/><G0/><T48/><D104/><U38/><E38/><V67/><F75/><W59/><G114/><T87/><D124/><U52/><E105/><V97/><F97/><W18/><G125/><T72/><D72/><U123/><E123/><V73/><F73/><W129/><G129/><T6/><D6/><U108/><E77/><V126/><F126/><W135/><G100/><T70/><D102/><U132/><E108/><V112/><F112/><W93/><G135/><T134/><D87/><U85/><E132/><N who="0" m="50793" /><D70/><U39/><E39/><V10/><REACH who="2" step="1"/><F68/><REACH who="2" ten="351,250,168,221" step="2"/><W41/><G116/><T50/><D111/><U34/><E98/><V90/><F90/><W106/><G117/><T9/><D109/><U99/><E99/><V103/><F103/><W96/><G96/><T47/><D30/><U15/><E31/><V121/><F121/><W17/><G106/><T81/><D81/><U58/><E88/><V53/><F53/><N who="3" m="31807" /><G41/><T19/><D66/><U3/><E54/><V91/><F91/><AGARI ba="0,1" hai="16,17,18,22,23,59,62,64,84,91,93" m="31807" machi="91" ten="30,3900,0" yaku="8,1,52,1,54,1" doraHai="45" who="3" fromWho="2" sc="351,0,250,0,168,-39,221,49" /><INIT seed="7,0,0,5,4,73" ten="351,250,129,270" oya="3" hai0="121,58,74,16,18,96,7,22,75,102,59,132,42" hai1="93,77,10,89,133,79,114,120,81,130,91,43,67" hai2="112,84,29,8,3,129,90,61,105,15,38,26,80" hai3="23,33,39,109,126,60,127,47,124,122,117,2,54"/><W0/><G33/><T99/><D121/><U32/><E120/><V82/><F112/><W62/><G122/><T46/><D7/><U98/><E32/><V5/><F129/><W12/><G117/><T119/><D119/><U57/><E114/><V20/><F105/><W56/><G109/><T106/><D132/><U71/><E71/><V85/><F38/><W108/><G108/><T4/><D4/><U69/><E69/><V28/><F3/><W123/><G123/><T24/><D96/><U19/><E130/><V25/><F61/><W111/><G111/><T49/><D18/><U134/><E43/><V118/><F118/><W115/><G115/><T44/><D44/><U13/><E67/><V78/><F26/><W45/><G39/><T41/><D41/><U53/><E133/><V76/><F90/><W64/><G0/><T35/><D35/><U40/><E40/><V37/><F37/><W107/><G107/><T63/><D59/><U55/><E134/><V88/><F88/><W52/><G2/><T70/><D70/><U50/><E53/><AGARI ba="0,0" hai="16,22,24,42,46,49,53,58,63,74,75,99,102,106" machi="53" ten="30,2000,0" yaku="7,1,54,1" doraHai="73" who="0" fromWho="1" sc="351,20,250,-20,129,0,270,0" owari="371,47.0,230,-17.0,129,-37.0,270,7.0" /></mjloggm>