<mjloggm ver="2.3"><GO type="185" lobby="0"/><UN n0="%E3%81%B5%E3%81%8B" n1="%E5%85%A5%E5%B7%A3%E6%9F%9A%E5%AE%9F" n2="%E6%98%9F%E7%AB%B9%E8%82%89%E3%83%91%E3%82%BB%E3%83%AA" n3="" dan="16,16,18,0" rate="2211.71,2206.14,2345.34,1500.00" sx="M,F,M,C"/><TAIKYOKU oya="0"/><INIT seed="0,0,0,1,2,124" ten="350,350,350,0" oya="0" hai0="110,95,88,131,101,120,35,126,53,69,103,109,89" hai1="62,113,97,42,67,111,71,75,58,118,107,112,84" hai2="96,100,51,64,86,37,122,47,57,127,49,116,114" hai3=""/><T43/><N who="0" m="30752" /><T105/><D35/><U134/><E75/><V76/><N who="2" m="31264" /><V115/><F127/><T87/><D126/><U33/><E118/><V104/><F37/><T82/><D69/><U74/><E74/><V73/><F73/><T77/><D43/><U59/><E33/><V83/><F116/><T55/><D105/><U46/><E111/><N who="0" m="42505" /><D131/><U72/><E72/><V81/><F114/><T60/><D77/><U54/><E134/><V78/><F115/><T123/><N who="0" m="31520" /><T38/><D38/><U93/><E107/><V102/><F76/><T91/><D91/><U52/><E112/><V34/><F78/><T66/><D66/><U1/><E71/><V133/><F64/><T80/><D80/><U90/><E67/><V79/><F81/><T65/><D65/><U125/><E125/><V63/><F34/><T70/><D70/><U3/><E113/><V98/><F79/><T48/><D60/><U61/><REACH who="1" step="1"/><E97/><REACH who="1" ten="350,340,350,0" step="2"/><V2/><F96/><T106/><D106/><U45/><E45/><V135/><F47/><T128/><D128/><U130/><E130/><V44/><F44/><T36/><D36/><AGARI ba="0,1" hai="1,3,36,42,46,52,54,58,59,61,62,84,90,93" machi="36" ten="30,7700,0" yaku="1,1,7,1,9,1,54,1,53,0" doraHai="124" doraHaiUra="92" who="1" fromWho="0" sc="350,-77,340,87,350,0,0,0" /><INIT seed="1,0,0,0,1,76" ten="273,427,350,0" oya="1" hai0="106,52,133,94,107,68,97,109,98,34,108,101,110" hai1="105,33,81,75,55,85,113,38,104,80,88,83,44" hai2="124,56,78,87,60,89,59,116,36,86,74,134,73" hai3=""/><U82/><E113/><V69/><F116/><T93/><D34/><U42/><E33/><V95/><F36/><T120/><N who="0" m="30752" /><T103/><D68/><U47/><E75/><V39/><F39/><T2/><D2/><U48/><AGARI ba="0,0" hai="38,42,44,47,48,55,80,81,82,83,85,88,104,105" machi="48" ten="30,12000,2" yaku="0,1,52,4,54,1" doraHai="76" who="1" fromWho="1" sc="273,-60,427,120,350,-60,0,0" /><INIT seed="1,1,0,4,1,50" ten="213,547,290,0" oya="1" hai0="112,116,117,78,35,122,40,110,38,133,76,104,99" hai1="90,68,87,83,111,34,106,86,52,32,96,129,53" hai2="118,69,114,57,115,63,102,55,135,81,97,66,126" hai3=""/><U42/><E68/><V54/><F118/><T120/><N who="0" m="30752" /><T60/><N who="0" m="31264" /><T46/><D35/><U80/><E129/><V94/><F126/><T58/><D112/><N who="2" m="43050" /><F135/><T62/><D133/><U59/><E42/><V41/><F41/><T113/><D62/><U71/><E71/><V127/><F127/><T100/><D110/><U85/><E111/><V130/><F130/><T89/><D89/><U56/><E86/><V121/><N who="2" m="31008" /><V48/><F81/><T2/><D2/><U47/><E47/><V98/><F97/><T125/><D125/><U103/><E56/><V61/><F48/><T88/><D88/><U105/><E105/><V82/><F82/><T64/><REACH who="0" step="1"/><D113/><REACH who="0" ten="203,547,290,0" step="2"/><U67/><E32/><V36/><F36/><T95/><D95/><U70/><E34/><V108/><F108/><T51/><D51/><U101/><E101/><V75/><F94/><T119/><AGARI ba="1,1" hai="38,40,46,58,60,64,76,78,99,100,104,116,117,119" m="31264,30752" machi="119" ten="30,6000,1" yaku="1,1,0,1,12,1,52,2,53,0" doraHai="50" doraHaiUra="79" who="0" fromWho="0" sc="203,72,547,-41,290,-21,0,0" /><INIT seed="2,0,0,5,3,70" ten="275,506,269,0" oya="2" hai0="86,133,73,38,84,93,48,103,131,74,72,130,98" hai1="42,82,117,91,55,108,51,66,63,114,95,56,116" hai2="89,96,104,135,77,87,115,76,62,97,105,122,80" hai3=""/><V121/><N who="2" m="31008" /><V81/><N who="2" m="31264" /><V37/><F37/><T50/><D38/><U78/><E108/><V69/><F69/><T88/><D48/><U34/><E114/><V54/><F62/><T0/><D50/><U49/><E34/><V129/><F54/><T132/><D86/><U36/><E49/><V118/><F115/><T3/><D3/><U52/><E55/><V124/><F118/><T47/><D47/><U53/><E91/><V2/><F2/><T120/><N who="0" m="30752" /><T126/><D126/><U128/><E95/><V100/><F135/><N who="0" m="51786" /><D0/><U40/><E36/><V110/><F124/><T134/><N who="0" m="51794" /><T58/><DORA hai="83" /><D58/><U85/><E53/><V94/><F129/><T32/><D32/><U1/><E128/><V75/><F110/><T35/><D35/><U68/><E1/><V71/><F71/><T64/><D64/><U59/><E68/><V109/><F109/><T106/><AGARI ba="0,0" hai="72,73,74,84,88,93,98,103,106,130,131" m="51794,30752" machi="106" ten="50,9000,2" yaku="20,1,34,2,52,2,54,1" doraHai="70,83" who="0" fromWho="0" sc="275,90,506,-30,269,-60,0,0" /><INIT seed="4,0,0,2,5,55" ten="365,476,209,0" oya="0" hai0="132,95,70,35,124,83,1,109,77,123,76,59,60" hai1="48,129,128,120,46,84,117,127,80,72,119,45,43" hai2="93,47,67,63,66,68,115,88,54,114,108,135,113" hai3=""/><T121/><N who="0" m="31008" /><T134/><N who="0" m="31520" /><T78/><D1/><U101/><N who="1" m="30752" /><U36/><E127/><V49/><F135/><N who="0" m="51754" /><D35/><U125/><E101/><V79/><F79/><T87/><D124/><U37/><E72/><V90/><F108/><T51/><D109/><U99/><E99/><V92/><REACH who="2" step="1"/><F67/><REACH who="2" ten="365,476,199,0" step="2"/><T50/><D78/><U40/><E125/><V74/><F74/><T65/><D77/><U133/><E133/><V130/><F130/><T41/><D41/><U69/><E129/><V110/><F110/><T75/><D70/><U122/><N who="1" m="31264" /><U81/><E128/><V116/><F116/><T131/><D131/><U2/><E119/><V32/><F32/><T112/><D112/><U105/><E117/><V53/><F53/><T64/><D64/><U58/><E69/><V91/><AGARI ba="0,1" hai="47,49,54,63,66,68,88,90,91,92,93,113,114,115" machi="91" ten="40,6000,1" yaku="1,1,0,1,15,1,54,1,53,1" doraHai="55" doraHaiUra="62" who="2" fromWho="2" sc="365,-40,476,-20,199,70,0,0" /><INIT seed="5,0,0,1,5,93" ten="325,456,269,0" oya="1" hai0="49,47,79,134,76,84,111,53,80,52,125,46,75" hai1="44,2,67,1,35,43,94,62,54,37,120,98,127" hai2="129,69,59,107,110,74,82,89,113,92,39,65,32" hai3=""/><U108/><N who="1" m="30752" /><U99/><E35/><V112/><F32/><T34/><D34/><U86/><E127/><V68/><F39/><T104/><D125/><U60/><E108/><V56/><F110/><T118/><D111/><U78/><E54/><V130/><F107/><T121/><N who="0" m="31008" /><T61/><D134/><U38/><E38/><V72/><F82/><T123/><N who="0" m="31520" /><T48/><D118/><U70/><E62/><V135/><F65/><T58/><D104/><U105/><E105/><V50/><F50/><T97/><D97/><U102/><REACH who="1" step="1"/><E99/><REACH who="1" ten="325,446,269,0" step="2"/><V63/><F63/><T83/><D61/><U114/><E114/><V103/><F112/><T77/><D58/><U41/><E41/><V88/><F113/><T81/><REACH who="0" step="1"/><D75/><REACH who="0" ten="315,446,269,0" step="2"/><U33/><E33/><V87/><F72/><T106/><D106/><U90/><E90/><AGARI ba="0,2" hai="46,47,48,49,52,53,76,77,79,80,81,83,84,90" m="31520,31008" machi="90" ten="40,12000,2" yaku="1,1,9,1,8,1,52,2,54,1,53,0" doraHai="93" doraHaiUra="133" who="0" fromWho="1" sc="315,140,446,-120,269,0,0,0" /><INIT seed="6,0,0,5,3,47" ten="455,326,269,0" oya="2" hai0="92,114,75,121,79,55,83,94,77,81,122,129,67" hai1="33,104,37,123,90,59,124,130,87,71,72,73,84" hai2="69,36,109,106,108,107,51,91,111,41,1,116,119" hai3=""/><V49/><F1/><T40/><N who="0" m="31008" /><T46/><N who="0" m="31264" /><T35/><D35/><U44/><N who="1" m="31520" /><U126/><E71/><V112/><F69/><T101/><D114/><U0/><E33/><V133/><F112/><T117/><D117/><N who="2" m="45130" /><F133/><T96/><D129/><U60/><E104/><N who="2" m="39979" /><F91/><T99/><D67/><U53/><E87/><V48/><F36/><T76/><D55/><U58/><E130/><V45/><AGARI ba="0,0" hai="41,45,48,49,51,108,109,111" m="39979,45130" machi="45" ten="40,8000,1" yaku="10,1,52,3" doraHai="47" who="2" fromWho="2" sc="455,-40,326,-40,269,80,0,0" /><INIT seed="6,1,0,2,0,86" ten="415,286,349,0" oya="2" hai0="110,44,54,78,46,105,0,72,128,50,93,82,34" hai1="118,74,84,131,94,57,104,42,79,56,124,64,51" hai2="75,87,102,40,38,83,67,49,3,58,55,61,90" hai3=""/><V106/><F3/><T113/><D0/><U99/><E131/><V33/><F33/><T88/><D34/><U125/><E64/><V111/><F111/><T52/><D110/><U77/><E118/><V96/><F75/><T89/><D105/><U101/><E42/><V114/><F114/><T73/><D128/><U126/><E51/><V130/><F130/><T48/><D113/><U39/><E39/><V45/><REACH who="2" step="1"/><F67/><REACH who="2" ten="415,286,339,0" step="2"/><T47/><D73/><U115/><E115/><V121/><N who="2" m="31008" /><V92/><F92/><T69/><D69/><U98/><E74/><V71/><F71/><T112/><D112/><U129/><E129/><V1/><F1/><T108/><D108/><U66/><E66/><V63/><AGARI ba="1,1" hai="38,40,45,49,55,58,61,63,83,87,90,96,102,106" m="31008" machi="63" ten="30,8000,1" yaku="1,1,0,1,52,2,53,1" doraHai="86" doraHaiUra="41" who="2" fromWho="2" sc="415,-41,286,-41,339,92,0,0" owari="374,-3.0,245,-35.0,431,38.0,0,0.0" /></mjloggm>