<mjloggm ver="2.3"><GO type="169" lobby="0"/><UN n0="%E7%B4%AB%E3%81%AE%E9%8F%A1" n1="%E3%81%8A%E3%81%98%E3%81%95%E3%82%93" n2="%4D%4C%5A%4E%55%2D%53%4B" n3="%E5%AE%88%E6%9D%91%E6%A1%9C%E5%BC%A5" dan="18,16,16,16" rate="2286.84,2160.67,2123.17,2125.14" sx="M,M,F,M"/><TAIKYOKU oya="0"/><INIT seed="0,0,0,0,0,58" ten="250,250,250,250" oya="0" hai0="77,108,83,101,135,73,12,81,130,121,56,30,50" hai1="45,44,124,119,32,43,75,22,125,65,62,55,127" hai2="102,67,107,34,48,47,96,76,16,86,61,33,131" hai3="85,72,115,27,52,1,35,66,42,0,71,68,92"/><T97/><D121/><U59/><E32/><V51/><F131/><W23/><G72/><T24/><D130/><U103/><E75/><V7/><F7/><W105/><G105/><T10/><D135/><U109/><E103/><V18/><F48/><W64/><G35/><T88/><D108/><U112/><E22/><V11/><F76/><W87/><G42/><T132/><D132/><U46/><E109/><V134/><F86/><W17/><G115/><T114/><D114/><U8/><E8/><V111/><F111/><W57/><G66/><T123/><D123/><U37/><E112/><V25/><F11/><W99/><G64/><T9/><D50/><N who="1" m="31223" /><E119/><V70/><F134/><W36/><G36/><T98/><D12/><U26/><E26/><V110/><F110/><W21/><G21/><T74/><D74/><U40/><E40/><V60/><F60/><N who="3" m="35879" /><G0/><T54/><D24/><U93/><E93/><V89/><F89/><N who="3" m="55695" /><G1/><T95/><D30/><U69/><AGARI ba="0,0" hai="37,43,44,45,46,62,65,69,124,125,127" m="31223" machi="69" ten="30,8000,1" yaku="24,1,18,1,34,2,52,1" doraHai="58" who="1" fromWho="1" sc="250,-40,250,80,250,-20,250,-20" /><INIT seed="1,0,0,4,1,97" ten="210,330,230,230" oya="1" hai0="38,107,8,79,19,26,2,48,12,115,94,128,92" hai1="40,71,121,111,119,127,16,98,132,36,61,89,108" hai2="109,20,55,42,117,1,15,95,74,85,33,91,50" hai3="10,65,99,96,69,102,72,22,53,70,81,84,80"/><U56/><E119/><V135/><F117/><W93/><G65/><T123/><D38/><U82/><E121/><V39/><F33/><W37/><G37/><T116/><D115/><U27/><E71/><V106/><F1/><W62/><G10/><T35/><D116/><U88/><E127/><V78/><F106/><W129/><G129/><T58/><D128/><U64/><E132/><V44/><F109/><N who="1" m="42057" /><E98/><V114/><F135/><W54/><G22/><T122/><D107/><U43/><E82/><V90/><F90/><N who="1" m="34921" /><E36/><V57/><F114/><W7/><G80/><T23/><D122/><U126/><E126/><V113/><F113/><W66/><G70/><T133/><D123/><U6/><E6/><V11/><F78/><W134/><G134/><T45/><D133/><U104/><E104/><V3/><F74/><W17/><G7/><T77/><D77/><U49/><E49/><V21/><F3/><W131/><G72/><T59/><D79/><U32/><E16/><AGARI ba="0,0" hai="11,15,16,20,21,39,42,44,50,55,57,85,91,95" machi="16" ten="30,2000,0" yaku="7,1,54,1" doraHai="97" who="2" fromWho="1" sc="210,0,330,-20,230,20,230,0" /><INIT seed="2,0,0,5,3,30" ten="210,310,250,230" oya="2" hai0="114,105,51,66,19,124,50,76,126,41,118,106,35" hai1="15,113,67,26,47,63,135,10,16,36,31,116,95" hai2="68,133,9,65,14,119,74,134,59,94,70,33,110" hai3="0,73,107,78,37,84,117,3,56,4,96,5,88"/><V54/><F74/><W12/><G117/><T53/><D114/><U7/><E116/><V115/><F119/><W44/><G56/><T72/><D118/><U62/><E113/><V21/><F21/><W99/><G99/><T1/><D1/><U97/><E135/><V71/><F115/><W17/><G44/><N who="0" m="25871" /><D35/><U60/><E36/><V103/><F33/><W92/><G37/><T46/><D66/><U43/><E47/><V102/><F65/><W64/><G64/><T91/><D91/><U129/><E129/><V11/><F110/><W6/><G73/><T130/><D19/><U90/><E43/><V101/><F94/><W25/><G25/><T32/><D32/><U85/><E97/><V108/><F108/><W109/><G109/><T48/><D48/><U20/><REACH who="1" step="1"/><E7/><REACH who="1" ten="210,300,250,230" step="2"/><V132/><REACH who="2" step="1"/><F14/><REACH who="2" ten="210,300,240,230" step="2"/><W112/><G112/><T52/><D130/><U13/><E13/><V24/><F24/><W57/><G0/><T98/><D126/><U120/><E120/><V121/><F121/><W39/><G3/><T28/><D124/><U127/><E127/><V83/><F83/><W81/><G12/><T38/><D106/><U93/><E93/><V104/><F104/><W82/><G107/><T69/><D105/><U123/><E123/><V125/><F125/><W22/><G82/><T23/><D23/><U100/><E100/><V58/><F58/><AGARI ba="0,2" hai="10,15,16,20,26,31,58,60,62,63,67,85,90,95" machi="58" ten="30,8000,1" yaku="1,1,7,1,8,1,54,1,53,1" doraHai="30" doraHaiUra="61" who="1" fromWho="2" sc="210,0,300,100,240,-80,230,0" /><INIT seed="3,0,0,5,3,10" ten="210,400,160,230" oya="3" hai0="23,76,121,127,2,22,69,99,96,39,44,70,47" hai1="79,77,91,52,111,30,13,68,41,17,3,72,85" hai2="67,4,63,50,126,51,108,105,116,34,90,98,0" hai3="87,103,88,113,82,59,61,15,24,109,100,92,37"/><W36/><G113/><T112/><D2/><U6/><E68/><V40/><F116/><W32/><G109/><T20/><D121/><U115/><E115/><V53/><F40/><W18/><G32/><T107/><D112/><U65/><E65/><V110/><F34/><W27/><G37/><T118/><D76/><U16/><E41/><V38/><F38/><W48/><G48/><T122/><D39/><U54/><E30/><V71/><F126/><W55/><G36/><T129/><D122/><U8/><E111/><V42/><F42/><W33/><G33/><T58/><D118/><U62/><E72/><V25/><F50/><W1/><G1/><T123/><D123/><U60/><E60/><V120/><F25/><N who="3" m="9803" /><G82/><T74/><D74/><U119/><E119/><V131/><F105/><W5/><G5/><T89/><D107/><U133/><E133/><V19/><F4/><W132/><G132/><T43/><D43/><U94/><E17/><V95/><F19/><W83/><G83/><T84/><D69/><U21/><REACH who="1" step="1"/><E54/><REACH who="1" ten="210,390,160,230" step="2"/><V130/><F53/><W9/><AGARI ba="0,1" hai="9,15,18,55,59,61,87,88,92,100,103" m="9803" machi="9" ten="30,6000,0" yaku="8,1,52,1,54,1" doraHai="10" who="3" fromWho="3" sc="210,-20,390,-20,160,-20,230,70" /><INIT seed="3,1,0,3,3,83" ten="190,370,140,300" oya="3" hai0="61,125,122,35,57,28,110,16,95,5,34,64,56" hai1="58,107,23,48,3,24,33,66,92,119,85,112,55" hai2="94,130,84,31,54,90,75,17,43,42,9,47,115" hai3="73,62,40,18,11,79,100,26,114,133,123,77,120"/><W70/><G114/><T14/><D122/><U89/><E112/><V113/><F75/><W97/><G133/><T80/><D110/><U8/><E107/><V72/><F72/><W103/><G40/><T37/><D37/><U117/><E33/><V22/><F42/><W126/><G126/><T118/><D118/><U60/><E8/><V93/><F130/><W124/><G124/><T131/><D125/><U6/><E6/><V81/><F54/><W25/><G11/><T36/><D36/><U86/><E3/><V132/><F132/><W2/><G2/><T129/><D5/><U67/><E86/><V65/><F65/><W106/><G103/><T4/><D4/><U76/><E76/><V78/><F93/><W0/><G0/><T127/><D127/><U74/><E74/><V116/><F31/><W88/><G77/><T13/><D28/><U45/><REACH who="1" step="1"/><E67/><REACH who="1" ten="190,360,140,300" step="2"/><V98/><F9/><W104/><G79/><T39/><D35/><U52/><E52/><V53/><F53/><W1/><G106/><T91/><D34/><U41/><E41/><V44/><F43/><W108/><G1/><T99/><D64/><U51/><E51/><V59/><F115/><W12/><G73/><T46/><D39/><U30/><AGARI ba="1,1" hai="23,24,30,45,48,55,58,60,66,85,89,92,117,119" machi="30" ten="30,4000,0" yaku="1,1,0,1,52,1,53,0" doraHai="83" doraHaiUra="32" who="1" fromWho="1" sc="190,-11,360,53,140,-11,300,-21" /><INIT seed="4,0,0,0,0,29" ten="179,413,129,279" oya="0" hai0="9,12,53,22,49,58,90,0,66,76,8,93,135" hai1="115,47,27,80,15,21,97,65,23,14,39,133,38" hai2="118,85,13,25,113,60,61,73,130,37,84,128,100" hai3="1,10,59,71,94,62,36,102,124,6,123,79,114"/><T42/><D135/><U132/><E115/><V48/><F37/><W67/><G36/><T28/><D0/><U101/><E65/><V5/><F73/><W131/><G131/><T52/><D42/><U26/><E80/><V117/><F100/><W16/><G124/><T51/><D76/><U3/><E3/><V32/><F48/><W2/><G79/><T18/><D28/><U64/><E64/><V126/><F13/><W106/><G106/><T24/><D24/><U103/><REACH who="1" step="1"/><E97/><REACH who="1" ten="179,403,129,279" step="2"/><V127/><F113/><W45/><G114/><T74/><D66/><U116/><E116/><V92/><F117/><W11/><G1/><T88/><D74/><U35/><E35/><V55/><F32/><W134/><G2/><T91/><REACH who="0" step="1"/><D93/><REACH who="0" ten="169,403,129,279" step="2"/><U75/><E75/><V108/><F92/><W33/><G94/><T19/><D19/><U44/><AGARI ba="0,2" hai="14,15,21,23,26,27,38,39,44,47,101,103,132,133" machi="44" ten="25,6400,0" yaku="1,1,0,1,22,2,53,0" doraHai="29" doraHaiUra="46" who="1" fromWho="1" sc="169,-32,403,84,129,-16,279,-16" /><INIT seed="5,0,0,5,0,2" ten="137,487,113,263" oya="1" hai0="42,29,119,103,60,92,55,86,79,31,123,128,18" hai1="85,120,97,33,135,24,87,112,74,8,80,47,68" hai2="126,17,89,121,72,27,114,83,39,73,45,81,124" hai3="30,46,110,94,105,71,49,21,107,5,34,125,122"/><U13/><E68/><V23/><F121/><W40/><G110/><T57/><D119/><U100/><E120/><V104/><F104/><W43/><G71/><T78/><D123/><U133/><E112/><V1/><F1/><W14/><G125/><N who="2" m="48233" /><F114/><W84/><G34/><T111/><D111/><U106/><E47/><V113/><F113/><W44/><G30/><N who="0" m="11275" /><D128/><U98/><E24/><V15/><F89/><W26/><G26/><T129/><D129/><U52/><E33/><V11/><F81/><W102/><G102/><T36/><D36/><U130/><E130/><V48/><F83/><W50/><G122/><T109/><D109/><U96/><E87/><V116/><F39/><W134/><G134/><T66/><D42/><U58/><E74/><V20/><F20/><W65/><G21/><T16/><D66/><U115/><E115/><V88/><F88/><N who="3" m="53511" /><G65/><T3/><D3/><U70/><E70/><V22/><F22/><W108/><G108/><T91/><D103/><U95/><E106/><V53/><F116/><W77/><G105/><T32/><D32/><U4/><E135/><V54/><F54/><W25/><G107/><T75/><D75/><U101/><E101/><V64/><F64/><W37/><G37/><T12/><D12/><U69/><E69/><V61/><F72/><W51/><G43/><T6/><D79/><N who="1" m="46239" /><E133/><V19/><F73/><W93/><G77/><T7/><D78/><U82/><E82/><V63/><AGARI ba="0,0" hai="11,15,17,19,23,27,45,48,53,61,63" m="48233" machi="63" ten="30,1100,0" yaku="18,1" doraHai="2" who="2" fromWho="2" sc="137,-3,487,-5,113,11,263,-3" /><INIT seed="6,0,0,0,5,91" ten="134,482,124,260" oya="2" hai0="102,129,116,16,100,135,54,118,4,11,88,33,114" hai1="49,107,97,126,111,2,94,14,127,34,5,86,9" hai2="57,15,123,122,62,98,132,27,53,101,21,108,92" hai3="17,6,44,110,32,79,78,124,29,3,76,125,55"/><V72/><F72/><W10/><G110/><T109/><D109/><U43/><E34/><V39/><F39/><W18/><G32/><T99/><D33/><U24/><E24/><V46/><F108/><W75/><G29/><T121/><D121/><U56/><E86/><V20/><F132/><W115/><G75/><T81/><D135/><U12/><E107/><V84/><F46/><W96/><G96/><T38/><D38/><U120/><E120/><V42/><F42/><W71/><G71/><T67/><D67/><U22/><E22/><V85/><F122/><W113/><G55/><T83/><D114/><N who="3" m="43529" /><G44/><T1/><D54/><N who="1" m="31823" /><E43/><V89/><F123/><W23/><G23/><T87/><D129/><U45/><E45/><V66/><F53/><W133/><G133/><T47/><D47/><U50/><E50/><V30/><REACH who="2" step="1"/><F89/><REACH who="2" ten="134,482,114,260" step="2"/><W7/><G7/><T90/><D4/><U60/><E111/><V0/><F0/><W52/><G52/><T70/><D1/><U128/><E2/><V63/><F63/><W37/><G37/><T131/><D131/><U117/><E60/><V13/><F13/><W64/><G64/><T130/><D130/><U95/><E128/><V119/><F119/><W8/><G3/><T35/><D118/><U80/><E117/><V103/><F103/><W25/><G6/><T58/><D116/><U73/><E14/><V41/><F41/><W112/><G112/><T77/><D102/><U105/><E12/><V104/><F104/><W28/><G78/><T59/><D77/><U69/><E5/><V51/><F51/><W40/><G40/><RYUUKYOKU ba="0,1" sc="134,-10,482,-10,114,30,260,-10" hai2="15,20,21,27,30,57,62,66,84,85,92,98,101" /><INIT seed="6,1,1,0,3,96" ten="124,472,144,250" oya="2" hai0="134,135,28,57,14,112,105,108,27,13,102,10,92" hai1="42,130,16,128,20,87,110,104,26,118,1,126,30" hai2="21,80,109,103,4,25,106,85,131,76,53,31,58" hai3="117,64,70,84,133,29,78,68,99,74,113,88,60"/><V33/><F131/><W6/><G117/><T19/><D108/><U0/><E104/><V121/><F121/><W124/><G124/><T44/><D105/><U24/><E110/><V83/><F109/><W15/><G133/><N who="0" m="50699" /><D112/><U49/><E118/><V56/><F4/><W101/><G113/><T22/><D57/><U94/><E126/><V73/><F53/><W79/><G29/><T48/><D92/><U7/><E7/><V114/><F33/><W8/><G74/><T115/><D115/><U93/><E42/><V75/><F114/><W41/><G41/><N who="0" m="24591" /><D13/><U34/><E49/><V98/><REACH who="2" step="1"/><F73/><REACH who="2" ten="124,472,134,250" step="2"/><W111/><G111/><T62/><D62/><U120/><E120/><V50/><F50/><W119/><G119/><T129/><D129/><U123/><E123/><V54/><F54/><W23/><G60/><T52/><D52/><U32/><E32/><V116/><F116/><W69/><G6/><T59/><D59/><U11/><E130/><V81/><F81/><W122/><G122/><T65/><D65/><U37/><E128/><V36/><F36/><W45/><G64/><T38/><D38/><U40/><E37/><V43/><F43/><W61/><G69/><T82/><D82/><U132/><E40/><V66/><F66/><W9/><G70/><T72/><D72/><U71/><E71/><V5/><F5/><W67/><G68/><T46/><D46/><U47/><E47/><V100/><F100/><AGARI ba="1,2" hai="10,14,19,22,27,28,100,102" m="24591,50699" machi="100" ten="30,3900,0" yaku="20,1,52,2" doraHai="96" who="0" fromWho="2" sc="124,62,472,0,134,-42,250,0" /><INIT seed="7,0,0,5,1,44" ten="186,472,92,250" oya="3" hai0="94,22,36,125,20,59,69,92,129,99,33,30,87" hai1="21,46,25,89,84,18,95,135,134,102,29,74,51" hai2="77,101,39,56,3,128,83,5,63,67,123,91,64" hai3="110,10,61,70,90,23,103,104,52,66,86,75,80"/><W97/><G110/><T73/><D69/><U113/><E74/><V26/><F128/><W14/><G23/><T111/><D73/><U35/><E102/><V76/><F123/><W132/><G75/><T124/><D36/><U12/><REACH who="1" step="1"/><E113/><REACH who="1" ten="186,462,92,250" step="2"/><V2/><F101/><W133/><G133/><T114/><D114/><U71/><E71/><V100/><F100/><W57/><G132/><T11/><D111/><U55/><AGARI ba="0,1" hai="12,18,21,25,29,35,46,51,55,84,89,95,134,135" machi="55" ten="30,4000,0" yaku="1,1,0,1,52,1,53,0" doraHai="44" doraHaiUra="68" who="1" fromWho="1" sc="186,-10,462,50,92,-10,250,-20" owari="176,-22.0,512,61.0,82,-42.0,230,3.0" /></mjloggm>