<mjloggm ver="2.3"><GO type="169" lobby="0"/><UN n0="%E5%AE%8C%E5%85%A8%E5%AE%89%E7%89%8C" n1="%E3%83%8E%E3%82%AA%E3%83%81%E3%83%A3%E3%83%99%E3%82%B9" n2="%E4%B8%83%E7%94%9F%E5%A4%95" n3="%E4%BF%BA%E3%81%A7%E3%81%99" dan="17,17,16,16" rate="2211.60,2190.14,2115.09,2075.09" sx="M,M,M,M"/><TAIKYOKU oya="0"/><INIT seed="0,0,0,1,3,114" ten="250,250,250,250" oya="0" hai0="98,39,22,24,1,42,129,95,100,128,37,49,44" hai1="88,75,47,122,32,133,108,74,21,126,103,0,96" hai2="119,92,30,10,64,121,105,84,117,111,102,55,71" hai3="18,127,123,48,29,15,131,125,12,81,54,134,34"/><T87/><D1/><U2/><E32/><V59/><F121/><W25/><G81/><T83/><D128/><U60/><E122/><V68/><F111/><W41/><G123/><T99/><D98/><U62/><E108/><V57/><F105/><W69/><G69/><T56/><D56/><U86/><E126/><N who="3" m="48138" /><G41/><T115/><D115/><U91/><E133/><V106/><F106/><W120/><G120/><T101/><D100/><U76/><E21/><V70/><F30/><W135/><G54/><T107/><D107/><U104/><E47/><V40/><F40/><W77/><G48/><T52/><D42/><U14/><E14/><N who="3" m="5162" /><G77/><T110/><D129/><U72/><E76/><V78/><F10/><W38/><G38/><T73/><D73/><U5/><E91/><V118/><F78/><W6/><G6/><T132/><D132/><N who="3" m="50729" /><G18/><T53/><D53/><U116/><E62/><N who="2" m="39959" /><F59/><W20/><G131/><T93/><D110/><U94/><E60/><N who="2" m="35903" /><F84/><W33/><AGARI ba="0,0" hai="20,25,29,33,34" m="50729,5162,48138" machi="33" ten="40,8000,1" yaku="18,1,20,1,34,2" doraHai="114" who="3" fromWho="3" sc="250,-40,250,-20,250,-20,250,80" /><INIT seed="1,0,0,0,2,15" ten="210,230,230,330" oya="1" hai0="44,76,7,77,89,28,88,55,101,59,109,30,26" hai1="73,74,14,87,47,70,81,49,42,1,63,110,97" hai2="65,0,19,51,4,56,53,113,130,41,83,18,17" hai3="45,120,52,96,82,78,21,22,23,31,8,119,84"/><U95/><E1/><V71/><F71/><W106/><G120/><T123/><D109/><U90/><E110/><V93/><F0/><W38/><G119/><T33/><D123/><U94/><E94/><V116/><F116/><W102/><G8/><T117/><D117/><U99/><E99/><V62/><F130/><W35/><G35/><T85/><D101/><U29/><E29/><V128/><F128/><W57/><G38/><T131/><D131/><U124/><E124/><V108/><F108/><W24/><REACH who="3" step="1"/><G45/><REACH who="3" ten="210,230,230,320" step="2"/><T43/><D44/><U54/><E42/><V66/><F113/><W64/><G64/><N who="2" m="24681" /><F4/><W11/><G11/><T60/><D7/><U25/><E70/><V50/><F41/><W3/><G3/><T80/><D43/><U72/><E63/><AGARI ba="0,1" hai="21,22,23,24,31,52,57,63,78,82,84,96,102,106" machi="63" ten="30,3900,0" yaku="1,1,7,1,54,1,53,0" doraHai="15" doraHaiUra="13" who="3" fromWho="1" sc="210,0,230,-39,230,0,320,49" /><INIT seed="2,0,0,0,3,35" ten="210,191,230,369" oya="2" hai0="101,28,85,18,24,57,63,49,64,80,83,93,72" hai1="0,38,74,90,118,4,31,122,106,110,46,96,5" hai2="65,70,105,23,19,126,40,67,6,27,37,97,109" hai3="114,84,12,43,61,127,112,134,121,115,76,14,22"/><V119/><F119/><W56/><G121/><T10/><D72/><U30/><E118/><V98/><F126/><W48/><G127/><T79/><D80/><U59/><E74/><V131/><F131/><W29/><G134/><T68/><D68/><U73/><E73/><V50/><F37/><W89/><G76/><T91/><D101/><U130/><E130/><V47/><F109/><W54/><G29/><T66/><D49/><U55/><E110/><V78/><F78/><W92/><REACH who="3" step="1"/><G22/><REACH who="3" ten="210,191,230,359" step="2"/><T51/><D28/><U111/><E31/><V104/><F23/><W16/><G16/><T58/><D18/><U100/><E122/><V32/><F19/><W82/><G82/><T41/><D83/><U45/><E111/><V69/><F32/><W8/><G8/><T128/><D79/><U133/><E133/><V26/><F6/><W25/><G25/><T135/><D24/><U9/><E30/><V11/><F11/><W129/><G129/><T71/><D135/><U116/><E5/><V108/><F108/><W103/><G103/><T113/><D10/><U95/><E116/><V124/><F124/><W75/><G75/><T15/><D128/><U21/><E21/><V17/><F17/><W62/><G62/><T33/><D33/><U39/><E39/><V81/><F81/><W42/><G42/><T53/><D41/><U44/><E38/><V94/><F40/><W20/><G20/><T52/><D63/><N who="1" m="36351" /><E100/><V102/><F102/><W107/><G107/><T60/><D60/><U117/><E117/><V99/><F104/><W36/><G36/><T88/><D91/><RYUUKYOKU ba="0,1" sc="210,-15,191,15,230,-15,359,15" hai1="0,4,9,44,45,46,90,95,96,106" hai3="12,14,43,48,54,56,61,84,89,92,112,114,115" /><INIT seed="3,1,1,4,2,93" ten="195,206,215,374" oya="3" hai0="24,118,78,19,29,74,129,127,58,96,109,5,98" hai1="26,66,9,12,49,1,10,51,73,32,68,11,119" hai2="114,104,54,40,91,75,56,99,46,95,37,82,115" hai3="100,52,4,42,101,7,110,131,97,122,27,28,39"/><W128/><G122/><T72/><D118/><U133/><E119/><V21/><F104/><W33/><G110/><T44/><D109/><U77/><E133/><V60/><REACH who="2" step="1"/><F21/><REACH who="2" ten="195,206,205,374" step="2"/><W47/><G131/><T108/><D129/><U76/><E32/><V8/><F8/><W23/><G128/><T53/><D108/><U69/><E11/><V85/><F85/><W121/><G23/><T106/><D106/><U13/><E73/><V126/><F126/><W112/><G112/><T17/><D127/><U84/><E84/><V103/><F103/><W31/><G101/><T45/><D72/><U50/><E10/><V79/><AGARI ba="1,2" hai="37,40,46,54,56,60,75,79,82,91,95,99,114,115" machi="79" ten="30,4000,0" yaku="1,1,0,1,52,1,53,0" doraHai="93" doraHaiUra="116" who="2" fromWho="2" sc="195,-11,206,-11,205,63,374,-21" /><INIT seed="4,0,0,1,1,104" ten="184,195,268,353" oya="0" hai0="63,75,73,112,36,119,110,10,96,55,1,89,23" hai1="69,27,117,14,80,82,2,128,39,24,85,97,43" hai2="77,16,57,111,81,33,48,105,54,120,95,62,15" hai3="106,9,83,53,109,11,88,121,76,18,127,123,103"/><T29/><D119/><U70/><E2/><V134/><F105/><W91/><G109/><T61/><D36/><U90/><E117/><V0/><F134/><W87/><G127/><T40/><D40/><U17/><E97/><V4/><F33/><W26/><G26/><N who="0" m="16607" /><D1/><U49/><E39/><V34/><F34/><W45/><G106/><T38/><D38/><U32/><E32/><V84/><F111/><W68/><G103/><T98/><D10/><U52/><E43/><V72/><F0/><W74/><G68/><T3/><D3/><U129/><E82/><V101/><F4/><W21/><G91/><T131/><D110/><U64/><E27/><V99/><F120/><N who="3" m="46155" /><G53/><T20/><D20/><U124/><E24/><V12/><F12/><N who="3" m="9415" /><G45/><T94/><D96/><U113/><E124/><V60/><REACH who="2" step="1"/><F84/><REACH who="2" ten="184,195,258,353" step="2"/><W116/><G116/><T114/><D131/><U66/><E129/><V65/><F65/><W46/><G46/><T56/><D63/><U44/><E128/><V125/><F125/><W59/><G59/><T5/><D5/><U13/><E70/><V130/><F130/><W126/><G126/><T31/><D31/><U22/><E14/><V79/><F79/><W25/><G25/><T6/><D6/><U35/><E35/><V42/><F42/><W47/><G47/><T118/><D118/><U133/><E69/><V8/><AGARI ba="0,1" hai="8,15,16,48,54,57,60,62,72,77,81,95,99,101" machi="8" ten="20,12000,2" yaku="1,1,0,1,7,1,52,1,54,1,53,1" doraHai="104" doraHaiUra="51" who="2" fromWho="2" sc="184,-60,195,-30,258,130,353,-30" /><INIT seed="5,0,0,0,0,133" ten="124,165,388,323" oya="1" hai0="34,18,126,9,27,82,4,13,44,22,124,10,64" hai1="32,46,21,115,56,86,93,110,99,80,42,19,79" hai2="15,125,55,108,43,104,37,63,72,121,120,38,59" hai3="114,7,77,106,102,58,116,52,51,30,75,17,1"/><U48/><E32/><V20/><F72/><W119/><G30/><N who="0" m="19807" /><D64/><U130/><E115/><V98/><F108/><W131/><G114/><T117/><D44/><U100/><E110/><V71/><F15/><W111/><G111/><T94/><D94/><U69/><E130/><V97/><F20/><W12/><G131/><T68/><D82/><U127/><E69/><V122/><F104/><W41/><G41/><T113/><D68/><U85/><E56/><V49/><F97/><W62/><G7/><N who="0" m="3263" /><D113/><U81/><E127/><N who="0" m="48681" /><D117/><U50/><E50/><V132/><F125/><W123/><G116/><T53/><D53/><U36/><E36/><V31/><F55/><W0/><G119/><T23/><D18/><U107/><E107/><V128/><F71/><W28/><G106/><T90/><D90/><U6/><E6/><V54/><F54/><W60/><G102/><T129/><D129/><U78/><E19/><V11/><F38/><W5/><G5/><T112/><D112/><U67/><E67/><V3/><F37/><W57/><G75/><T66/><D66/><U70/><E70/><V92/><F92/><W35/><G77/><T95/><D95/><U134/><E134/><V73/><F132/><W83/><G83/><T84/><D84/><U29/><E29/><V24/><F73/><W39/><G39/><T74/><D74/><U103/><E100/><V89/><F31/><W109/><G51/><T2/><AGARI ba="0,0" hai="2,4,10,22,23" m="48681,3263,19807" machi="2" ten="30,12000,2" yaku="18,1,34,2,52,3" doraHai="133" who="0" fromWho="0" sc="124,120,165,-60,388,-30,323,-30" /><INIT seed="6,0,0,0,0,57" ten="244,105,358,293" oya="2" hai0="82,14,63,90,95,121,30,84,112,89,9,78,5" hai1="96,76,58,66,118,92,88,69,85,120,44,0,97" hai2="33,101,107,72,43,81,104,94,1,39,52,49,40" hai3="100,20,86,28,116,21,34,105,119,6,59,128,134"/><V23/><F33/><W12/><G128/><T51/><D112/><U2/><E118/><V35/><F35/><W124/><G124/><T77/><D121/><U106/><E120/><V29/><F1/><W54/><G134/><T22/><D51/><U125/><E125/><V79/><F39/><W126/><G126/><T80/><D63/><U3/><E69/><V62/><F62/><W31/><G86/><N who="0" m="52663" /><D82/><U10/><E44/><V65/><F65/><W48/><G34/><T129/><D129/><U25/><E25/><AGARI ba="0,0" hai="5,9,14,22,25,30,77,78,80,84,90" m="52663" machi="25" ten="30,1000,0" yaku="8,1" doraHai="57" who="0" fromWho="1" sc="244,10,105,-10,358,0,293,0" /><INIT seed="7,0,0,3,0,41" ten="254,95,358,293" oya="3" hai0="124,86,29,3,66,74,18,38,58,82,91,88,34" hai1="57,67,99,35,134,70,5,6,127,9,65,104,94" hai2="11,45,36,20,54,61,15,30,84,77,101,26,125" hai3="132,78,120,31,108,19,93,76,113,109,110,52,95"/><W49/><G120/><T119/><D119/><U129/><E35/><V128/><F125/><W23/><G113/><T98/><D3/><U16/><E104/><V10/><F128/><W40/><G132/><T44/><D74/><U7/><E70/><V92/><F36/><W17/><G40/><T27/><D124/><U53/><E127/><V96/><F15/><N who="3" m="9663" /><G19/><T46/><D38/><U106/><E106/><V51/><F61/><W59/><G31/><T68/><D68/><U107/><E107/><V135/><F135/><W103/><G103/><T22/><D29/><U117/><E129/><V130/><F130/><W55/><G55/><T90/><D34/><U116/><E134/><V13/><F13/><W131/><G131/><T85/><D98/><U71/><E71/><V50/><F50/><W79/><AGARI ba="0,0" hai="49,52,59,76,78,79,93,95,108,109,110" m="9663" machi="79" ten="40,3900,0" yaku="10,1,54,1" doraHai="41" who="3" fromWho="3" sc="254,-13,95,-13,358,-13,293,39" /><INIT seed="7,1,0,1,3,103" ten="241,82,345,332" oya="3" hai0="47,12,60,96,101,71,63,69,56,129,13,30,57" hai1="37,55,10,94,112,45,76,116,127,128,82,15,72" hai2="29,61,42,73,122,27,58,106,48,132,36,4,93" hai3="6,46,65,3,33,20,70,18,23,19,9,125,74"/><W53/><G74/><T50/><D129/><U98/><E128/><V133/><F106/><W134/><G33/><T131/><D131/><U51/><E112/><V89/><F73/><W59/><G134/><N who="2" m="51817" /><F122/><W90/><G125/><T91/><D91/><U11/><E127/><V38/><F4/><W100/><G70/><T108/><D30/><U88/><E116/><V1/><F48/><N who="3" m="28823" /><G100/><T40/><D108/><U114/><E114/><V14/><F14/><N who="3" m="5431" /><G90/><T52/><D69/><U44/><E37/><V75/><F75/><W80/><G80/><T85/><D85/><U62/><E62/><V43/><F1/><W31/><G3/><T21/><D21/><N who="3" m="8265" /><G31/><T39/><D71/><U117/><E117/><V120/><F120/><W68/><G68/><T34/><D34/><U16/><E11/><V25/><F36/><W123/><G123/><T78/><D78/><U105/><REACH who="1" step="1"/><E45/><REACH who="1" ten="241,72,345,332" step="2"/><V66/><F38/><W32/><G32/><T126/><D126/><U130/><E130/><V87/><F29/><W92/><G92/><N who="0" m="58503" /><D39/><U84/><E84/><V0/><F0/><W86/><G86/><T24/><D60/><AGARI ba="1,1" hai="18,19,59,60,65" m="8265,5431,28823" machi="60" ten="30,1500,0" yaku="8,1" doraHai="103" who="3" fromWho="0" sc="241,-18,72,0,345,0,332,28" owari="223,-18.0,72,-43.0,345,15.0,360,46.0" /></mjloggm>