<mjloggm ver="2.3"><GO type="185" lobby="0"/><UN n0="%6D%74%6B%47%65%72%6D" n1="%E3%83%8F%E3%83%94%E3%83%AA%E3%83%83%E3%83%88" n2="%68%69%72%6F%79%75" n3="" dan="16,16,17,0" rate="2068.06,2150.69,2188.30,1500.00" sx="M,M,M,C"/><TAIKYOKU oya="0"/><INIT seed="0,0,0,0,3,99" ten="350,350,350,0" oya="0" hai0="48,0,38,40,57,62,35,120,83,104,111,41,96" hai1="129,63,98,60,103,117,39,52,33,122,58,102,93" hai2="56,91,79,114,89,126,88,32,135,134,101,34,78" hai3=""/><T112/><N who="0" m="30752" /><T55/><D35/><N who="2" m="13354" /><F114/><T118/><D0/><U2/><N who="1" m="31264" /><U71/><E33/><V47/><F56/><T86/><D112/><U125/><E2/><V105/><F47/><T94/><D104/><U109/><E117/><V113/><F113/><T49/><D118/><U69/><E109/><V95/><F105/><T76/><D111/><U75/><E39/><V124/><F95/><T85/><D85/><U68/><E75/><V116/><F101/><T66/><D48/><U130/><E125/><N who="2" m="48235" /><F116/><T67/><D38/><U45/><E45/><V108/><F108/><T50/><D50/><U77/><E77/><AGARI ba="0,0" hai="77,78,79,88,89,91,134,135" m="48235,13354" machi="77" ten="40,8000,1" yaku="28,2,18,1,54,1" doraHai="99" who="2" fromWho="1" sc="350,0,350,-80,350,80,0,0" /><INIT seed="1,0,0,0,1,74" ten="350,270,430,0" oya="1" hai0="0,102,78,116,70,89,86,94,134,108,121,126,131" hai1="76,46,34,45,100,99,87,33,80,38,109,37,68" hai2="93,42,53,43,79,62,112,55,50,96,132,75,107" hai3=""/><U123/><N who="1" m="31520" /><U105/><E68/><V119/><F119/><T48/><N who="0" m="31008" /><T127/><D0/><U72/><E109/><V2/><F2/><T92/><D70/><U69/><E69/><V60/><F107/><T51/><D116/><U104/><E104/><V91/><F132/><T95/><D134/><U128/><E128/><V133/><F133/><T1/><D1/><U54/><E72/><V59/><F112/><T82/><D131/><U97/><E97/><V61/><REACH who="2" step="1"/><F55/><REACH who="2" ten="350,270,420,0" step="2"/><T111/><D108/><U88/><E54/><V77/><F77/><T49/><D111/><U36/><REACH who="1" step="1"/><E76/><REACH who="1" ten="350,260,420,0" step="2"/><V52/><F52/><T66/><D78/><U103/><E103/><V85/><F85/><T71/><D102/><U114/><E114/><V115/><F115/><T35/><D86/><U3/><E3/><V81/><AGARI ba="0,2" hai="42,43,50,53,59,60,61,62,75,79,81,91,93,96" machi="81" ten="30,3000,0" yaku="1,1,0,1,52,1,53,0" doraHai="74" doraHaiUra="120" who="2" fromWho="2" sc="350,-10,260,-20,420,50,0,0" /><INIT seed="2,0,0,4,1,81" ten="340,240,470,0" oya="2" hai0="48,88,127,106,102,126,118,101,44,123,1,92,107" hai1="119,84,82,52,131,133,86,116,103,121,111,70,76" hai2="99,134,68,62,46,36,53,56,94,110,130,129,51" hai3=""/><V59/><F134/><T2/><N who="0" m="31520" /><T117/><D2/><U125/><N who="1" m="31008" /><U83/><E70/><V85/><F68/><T43/><D1/><U66/><E133/><V40/><F110/><T109/><D109/><U80/><E66/><V69/><F69/><T58/><D58/><U34/><E34/><V78/><F99/><T90/><D90/><U87/><E111/><V120/><N who="2" m="30752" /><V91/><REACH who="2" step="1"/><F78/><REACH who="2" ten="340,240,460,0" step="2"/><T114/><D118/><N who="1" m="45099" /><E131/><V89/><F89/><T74/><D117/><U47/><E125/><V100/><F100/><T95/><D126/><U41/><E103/><V108/><F108/><T98/><D127/><U96/><E96/><V39/><F39/><T104/><D102/><U33/><E33/><V135/><F135/><T3/><D101/><U54/><E76/><V132/><F132/><T50/><D98/><U32/><E32/><V57/><F57/><T63/><D88/><U122/><N who="1" m="31264" /><U93/><E93/><V115/><F115/><T71/><D95/><U79/><E79/><V97/><F97/><T49/><D92/><U105/><E105/><V75/><F75/><T38/><D71/><U77/><E77/><V42/><F42/><T72/><D43/><U112/><E112/><V37/><F37/><AGARI ba="0,1" hai="37,41,47,52,54,80,82,83,84,86,87" m="31264,45099,31008" machi="37" ten="40,16000,3" yaku="6,1,12,1,52,5,54,1" doraHai="81" who="1" fromWho="2" sc="340,0,240,170,460,-160,0,0" /><INIT seed="4,0,0,1,5,49" ten="340,410,300,0" oya="0" hai0="45,57,85,47,39,56,59,121,106,82,37,54,84" hai1="87,35,32,41,108,36,103,78,127,122,86,133,3" hai2="61,123,118,43,89,52,74,98,115,2,124,65,34" hai3=""/><T105/><N who="0" m="31008" /><T134/><D134/><U50/><N who="1" m="31264" /><U73/><E108/><V81/><N who="2" m="31520" /><V93/><F2/><T92/><D92/><U117/><E3/><V51/><F34/><T128/><D128/><U42/><E117/><V94/><F118/><T71/><D71/><U55/><E36/><V112/><F124/><T83/><REACH who="0" step="1"/><D59/><REACH who="0" ten="330,410,300,0" step="2"/><U119/><E133/><V100/><F112/><T62/><D62/><U131/><E119/><V63/><F115/><T126/><D126/><U125/><E127/><V70/><F63/><T38/><D38/><U68/><E125/><V0/><F0/><T113/><D113/><U120/><E68/><V129/><F129/><T67/><D67/><U135/><E131/><V77/><F94/><T102/><D102/><U95/><E135/><V33/><F100/><T48/><D48/><U64/><E32/><V97/><F33/><T53/><AGARI ba="0,1" hai="37,39,45,47,53,54,56,57,82,83,84,85,105,106" m="31008" machi="53" ten="25,12000,2" yaku="1,1,0,1,22,2,52,3,53,0" doraHai="49" doraHaiUra="46" who="0" fromWho="0" sc="330,130,410,-60,300,-60,0,0" /><INIT seed="4,1,0,1,0,92" ten="460,350,240,0" oya="0" hai0="116,122,80,39,99,90,57,112,101,113,133,135,0" hai1="125,89,115,51,35,87,71,84,38,55,118,131,65" hai2="104,126,102,43,1,107,60,56,120,93,134,40,111" hai3=""/><T106/><N who="0" m="31264" /><T48/><D0/><U76/><E35/><V110/><N who="2" m="30752" /><V59/><F1/><T74/><D39/><U123/><N who="1" m="31520" /><U62/><E118/><V63/><F93/><T61/><D48/><U129/><E38/><V52/><F126/><T49/><D49/><U42/><E125/><V73/><F73/><T77/><D116/><U37/><E115/><N who="0" m="44105" /><D90/><U130/><E76/><V66/><F134/><T88/><D88/><U72/><E72/><V132/><F132/><T103/><D101/><U36/><E42/><V81/><F81/><T54/><AGARI ba="1,0" hai="54,57,61,74,77,80,99,103,106,133,135" m="44105,31264" machi="54" ten="30,4000,0" yaku="15,1,52,2" doraHai="92" who="0" fromWho="0" sc="460,42,350,-21,240,-21,0,0" /><INIT seed="4,2,0,1,5,95" ten="502,329,219,0" oya="0" hai0="36,37,70,80,38,129,110,117,127,61,130,55,112" hai1="108,59,126,45,90,85,48,32,103,98,2,41,109" hai2="128,93,107,124,46,119,73,132,63,58,51,100,99" hai3=""/><T86/><D117/><U65/><E2/><V34/><F34/><T53/><D110/><U1/><E32/><V94/><F119/><T82/><D112/><U39/><E1/><V116/><F116/><T91/><D127/><U134/><E126/><V49/><F124/><T83/><D70/><U97/><E134/><V104/><F132/><T89/><D61/><U81/><E97/><V88/><F73/><T105/><D105/><U118/><E118/><V92/><F128/><N who="0" m="49258" /><D86/><U78/><E109/><V84/><F107/><T113/><D113/><U79/><E108/><V87/><F87/><T33/><D33/><U47/><E59/><V77/><F77/><T56/><D56/><U114/><E114/><V62/><F58/><T69/><D69/><U52/><REACH who="1" step="1"/><E65/><REACH who="1" ten="502,319,219,0" step="2"/><V54/><REACH who="2" step="1"/><F51/><REACH who="2" ten="502,319,209,0" step="2"/><T66/><D66/><U40/><E40/><V135/><F135/><T133/><D133/><U3/><E3/><V42/><F42/><T106/><D106/><AGARI ba="2,2" hai="39,41,45,47,48,52,78,79,81,85,90,98,103,106" machi="106" ten="30,7700,0" yaku="1,1,7,1,52,1,54,1,53,0" doraHai="95" doraHaiUra="120" who="1" fromWho="0" sc="502,-81,319,101,209,0,0,0" /><INIT seed="5,0,0,4,2,135" ten="421,420,209,0" oya="1" hai0="92,130,116,132,2,127,37,98,97,133,58,129,123" hai1="85,93,99,111,126,64,95,120,78,102,81,33,51" hai2="124,71,86,38,122,45,89,62,39,54,117,82,125" hai3=""/><U40/><N who="1" m="30752" /><U60/><E33/><V53/><N who="2" m="31264" /><V43/><F117/><T0/><N who="0" m="31520" /><T106/><D37/><U50/><E111/><V119/><F119/><T100/><D116/><U113/><E113/><V96/><F38/><T36/><D36/><U121/><N who="1" m="31008" /><U63/><E126/><N who="2" m="48747" /><F96/><T91/><D58/><U1/><E1/><N who="0" m="617" /><D127/><U49/><E40/><V47/><F47/><T61/><D61/><U59/><REACH who="1" step="1"/><E60/><REACH who="1" ten="421,410,209,0" step="2"/><V128/><F128/><AGARI ba="0,1" hai="91,92,97,98,100,106,128,129,130,132,133" m="617,31520" machi="128" ten="30,2000,0" yaku="19,1,52,1" doraHai="135" who="0" fromWho="2" sc="421,30,410,0,209,-20,0,0" /><INIT seed="6,0,0,2,0,128" ten="451,410,189,0" oya="2" hai0="2,72,126,102,57,104,110,71,45,39,58,115,33" hai1="113,69,65,118,81,120,68,105,127,76,38,54,97" hai2="116,79,106,109,60,96,80,124,56,83,50,88,52" hai3=""/><V63/><F116/><T86/><RYUUKYOKU type="yao9" ba="0,0" sc="451,0,410,0,189,0,0,0" hai0="2,33,39,45,57,58,71,72,86,102,104,110,115,126" /><INIT seed="6,1,0,3,3,43" ten="451,410,189,0" oya="2" hai0="98,54,67,112,50,47,134,122,92,76,99,117,3" hai1="59,73,89,57,132,94,106,113,32,38,119,130,114" hai2="105,48,91,37,101,51,95,80,97,102,69,86,128" hai3=""/><V124/><F37/><T108/><N who="0" m="31264" /><T100/><D3/><U115/><E32/><V135/><F69/><T104/><D117/><U53/><E119/><V68/><F68/><T66/><D108/><U121/><N who="1" m="31008" /><U52/><E106/><V61/><F128/><T70/><D70/><U81/><E38/><V82/><F135/><T74/><D134/><U84/><E132/><V64/><F124/><T58/><D112/><N who="1" m="28675" /><U118/><DORA hai="40" /><E118/><V60/><F102/><T1/><D1/><U109/><E109/><V65/><F61/><T133/><D133/><U45/><E130/><V79/><F82/><T83/><D58/><N who="1" m="22027" /><E45/><V131/><F131/><T2/><D2/><U0/><E0/><V85/><REACH who="2" step="1"/><F60/><REACH who="2" ten="451,410,179,0" step="2"/><T110/><D110/><U111/><E111/><V56/><F56/><T129/><D129/><U35/><E35/><V39/><F39/><T126/><D126/><U88/><E73/><V36/><F36/><T77/><D77/><U72/><E72/><V90/><F90/><AGARI ba="1,1" hai="47,50,54,66,67,74,76,83,90,92,98,99,100,104" m="31264" machi="90" ten="30,7700,0" yaku="7,1,52,3" doraHai="43,40" who="0" fromWho="2" sc="451,89,410,0,179,-79,0,0" owari="540,49.0,410,1.0,100,-50.0,0,0.0" /></mjloggm>