<mjloggm ver="2.3"><GO type="225" lobby="0"/><UN n0="%E3%81%AA%E3%82%81%E3%81%93%E9%9B%80%E5%A3%AB" n1="%E7%B4%AB%E3%81%AE%E9%8F%A1" n2="%E6%80%AA%E3%81%97%E3%81%99%E3%81%8E%E3%82%8B%E3%83%81%E3%83%BC" n3="%E7%99%BD%E8%9B%87%E3%81%AE%E3%83%8A%E3%83%BC%E3%82%AC" dan="16,18,16,16" rate="2083.34,2292.71,2143.04,2077.84" sx="M,M,M,M"/><TAIKYOKU oya="0"/><INIT seed="0,0,0,0,0,68" ten="250,250,250,250" oya="0" hai0="4,112,127,41,93,52,39,74,33,97,13,107,94" hai1="84,123,116,32,77,35,69,60,130,20,54,62,1" hai2="24,86,118,45,75,5,122,36,58,61,63,90,56" hai3="73,10,95,11,9,98,96,19,25,34,78,51,55"/><T8/><D112/><U125/><E116/><V119/><F122/><W128/><G128/><T71/><D33/><U101/><E123/><V85/><F75/><W65/><G65/><T80/><D71/><U132/><E1/><V21/><F5/><W47/><G98/><T76/><D127/><U114/><E125/><V64/><F36/><W120/><G120/><T14/><D14/><U12/><E130/><V38/><F38/><W129/><G129/><T82/><D82/><U72/><E72/><V70/><F45/><W7/><G78/><T87/><D87/><N who="2" m="33290" /><F90/><W111/><G111/><T43/><D43/><U104/><E114/><V108/><F63/><W50/><G73/><T16/><D4/><U37/><E37/><V23/><F108/><W102/><G7/><T92/><D107/><U26/><E60/><V46/><F46/><W83/><G83/><T15/><D15/><U115/><E62/><V100/><F100/><W88/><G34/><T133/><D133/><U28/><E101/><V105/><F105/><W109/><G109/><T124/><D124/><U91/><E104/><V6/><F6/><W110/><G110/><T121/><D121/><U30/><E132/><V79/><F79/><W89/><G51/><T134/><D134/><U66/><E77/><V22/><F24/><W99/><G25/><T17/><D97/><U29/><E26/><V126/><F126/><W106/><G106/><T0/><D0/><U18/><E115/><V48/><F48/><W27/><G99/><T40/><D39/><U67/><E32/><V49/><F49/><W3/><G3/><RYUUKYOKU ba="0,0" sc="250,-15,250,-15,250,15,250,15" hai2="21,22,23,56,58,61,64,70,118,119" hai3="9,10,11,19,27,47,50,55,88,89,95,96,102" /><INIT seed="1,1,0,2,0,85" ten="235,235,265,265" oya="1" hai0="27,17,61,117,114,29,56,133,13,77,116,43,39" hai1="135,123,2,101,112,100,108,132,23,94,7,28,6" hai2="93,74,31,19,32,130,5,115,87,71,111,72,84" hai3="126,1,57,63,38,59,90,33,89,9,30,52,49"/><U131/><E112/><V48/><F71/><W36/><G38/><T60/><D114/><U105/><E123/><V20/><F115/><W15/><G36/><T96/><D133/><N who="1" m="51275" /><E105/><V62/><F130/><W53/><G1/><T16/><D77/><U73/><E73/><V76/><F111/><W128/><G128/><T119/><D96/><N who="1" m="59415" /><E131/><V18/><F5/><W44/><G126/><T120/><D120/><U37/><E37/><V121/><F121/><W122/><G122/><T24/><D17/><U95/><E2/><V134/><F134/><W92/><G92/><T103/><D103/><U67/><E67/><V118/><F118/><W125/><G125/><T79/><D79/><U129/><E108/><V12/><F74/><W102/><G102/><T65/><D29/><U86/><E129/><V106/><F106/><W47/><G30/><T68/><D39/><U91/><E101/><V42/><F72/><W21/><G33/><T55/><REACH who="0" step="1"/><D43/><REACH who="0" ten="225,235,265,265" step="2"/><U14/><E28/><V82/><F31/><W51/><G21/><AGARI ba="1,1" hai="13,16,21,24,27,55,56,60,61,65,68,116,117,119" machi="21" ten="40,8000,1" yaku="1,1,2,1,54,1,53,1" doraHai="85" doraHaiUra="10" who="0" fromWho="3" sc="225,93,235,0,265,0,265,-83" /><INIT seed="2,0,0,4,5,80" ten="318,235,265,182" oya="2" hai0="62,47,14,124,25,27,46,10,123,127,56,116,55" hai1="43,129,105,41,88,15,114,135,21,130,70,50,24" hai2="82,36,32,5,28,85,2,13,35,44,96,77,12" hai3="81,120,72,110,115,54,86,113,1,78,121,61,101"/><V4/><F2/><W89/><G1/><T99/><D123/><N who="3" m="47177" /><G61/><T0/><D116/><U30/><E105/><V64/><F64/><W95/><G54/><T23/><D0/><U75/><E75/><V57/><F57/><W26/><G26/><T52/><D99/><U125/><E114/><N who="3" m="43530" /><G110/><T91/><D91/><U71/><E135/><V87/><F36/><W122/><N who="3" m="47185" /><W48/><DORA hai="7" /><G48/><T60/><D60/><U84/><E125/><N who="0" m="48201" /><D55/><U40/><E15/><V65/><F44/><N who="0" m="16938" /><D23/><U132/><E50/><V93/><F65/><W118/><G118/><T98/><D98/><U131/><REACH who="1" step="1"/><E132/><REACH who="1" ten="318,225,265,182" step="2"/><V97/><F13/><W126/><G126/><T59/><D59/><U112/><E112/><V49/><F12/><W6/><G6/><AGARI ba="0,1" hai="6,10,14,25,27,52,56,62" m="16938,48201" machi="6" ten="30,3900,0" yaku="18,1,52,1,54,1" doraHai="80,7" who="0" fromWho="3" sc="318,49,225,0,265,0,182,-39" /><INIT seed="3,0,0,2,3,92" ten="367,225,265,143" oya="3" hai0="66,18,51,115,89,56,91,134,121,119,31,23,58" hai1="24,49,45,122,61,79,84,4,30,94,67,14,69" hai2="135,102,22,78,26,11,103,54,64,98,90,43,50" hai3="33,19,13,68,9,48,70,109,133,88,123,124,110"/><W5/><G123/><T77/><D119/><U99/><E122/><V2/><F135/><W10/><G133/><T44/><D115/><U27/><E79/><V116/><F116/><W71/><G33/><T8/><D77/><U87/><E4/><V100/><F78/><W132/><G132/><T107/><D107/><U60/><E14/><V113/><F113/><W41/><G124/><T85/><D31/><U72/><E61/><V129/><F129/><W104/><G104/><T120/><D8/><U52/><E24/><V28/><F64/><W6/><G41/><T76/><D76/><U12/><E12/><V93/><F43/><W20/><G48/><T42/><D89/><U108/><E72/><V55/><F2/><W15/><REACH who="3" step="1"/><G88/><REACH who="3" ten="367,225,265,133" step="2"/><T32/><D32/><U125/><E125/><V47/><F90/><W131/><G131/><T38/><D51/><U106/><E106/><V74/><F50/><W37/><G37/><T34/><D34/><U95/><E108/><V7/><F100/><W105/><G105/><T117/><D134/><U118/><E118/><V0/><F102/><W73/><G73/><T101/><D101/><U112/><E112/><V21/><F74/><W83/><G83/><T111/><D117/><U114/><E114/><V35/><F47/><W29/><G29/><T63/><D111/><U57/><E30/><V59/><F35/><W97/><G97/><T127/><D127/><U128/><E128/><V46/><F46/><W81/><G81/><N who="0" m="49583" /><D121/><U80/><E45/><V25/><F59/><W130/><G130/><T40/><D120/><U53/><E57/><RYUUKYOKU ba="0,1" sc="367,-15,225,-15,265,15,133,15" hai2="0,7,11,21,22,25,26,28,54,55,93,98,103" hai3="5,6,9,10,13,15,19,20,68,70,71,109,110" /><INIT seed="3,1,1,5,5,129" ten="352,210,280,148" oya="3" hai0="6,30,119,66,109,4,41,72,101,75,122,103,54" hai1="39,81,98,24,125,95,77,107,110,52,105,36,9" hai2="115,131,26,76,37,2,5,22,128,61,114,60,3" hai3="135,113,38,16,89,8,117,85,0,102,121,65,51"/><W44/><G121/><T63/><D119/><U10/><E110/><V25/><F76/><W40/><G117/><T68/><D109/><U90/><E125/><V57/><F5/><W94/><G113/><N who="2" m="43017" /><F37/><W33/><G33/><T82/><D41/><U34/><E39/><V20/><F57/><W99/><G38/><T35/><D122/><U116/><E36/><V67/><F61/><W58/><G0/><N who="2" m="41" /><F60/><N who="3" m="38039" /><G135/><T73/><D54/><U11/><E116/><V118/><F67/><W84/><G102/><T27/><D82/><U28/><REACH who="1" step="1"/><E52/><REACH who="1" ten="352,200,280,148" step="2"/><V59/><F118/><W29/><G29/><T78/><D78/><U87/><AGARI ba="1,2" hai="9,10,11,24,28,34,77,81,87,90,95,98,105,107" machi="87" ten="30,4000,0" yaku="1,1,2,1,0,1,53,0" doraHai="129" doraHaiUra="47" who="1" fromWho="1" sc="352,-11,200,63,280,-11,148,-21" owari="341,44.0,263,-14.0,269,7.0,127,-37.0" /></mjloggm>