<mjloggm ver="2.3"><GO type="185" lobby="0"/><UN n0="%E3%81%84%E3%81%AA%E3%81%97%E3%82%93%E3%80%82" n1="%4B%6F%4B%4B%4F" n2="%E3%81%8D%E3%82%8A%E3%82%93%E3%81%AB%E3%81%92%E3%81%9F" n3="" dan="16,16,16,0" rate="2207.83,2191.36,2188.36,1500.00" sx="M,M,M,C"/><TAIKYOKU oya="0"/><INIT seed="0,0,0,0,2,77" ten="350,350,350,0" oya="0" hai0="127,60,51,2,71,129,38,75,86,85,83,49,42" hai1="72,134,0,33,99,133,130,128,48,122,68,78,125" hai2="103,62,39,45,115,100,82,120,3,57,117,1,40" hai3=""/><T131/><D2/><U81/><N who="1" m="31264" /><U52/><E0/><V61/><N who="2" m="30752" /><V34/><F34/><T79/><D127/><U108/><E33/><V124/><F115/><T94/><D38/><U132/><E68/><V93/><F124/><T73/><D71/><U58/><E125/><V70/><F117/><T118/><D118/><U89/><E108/><V107/><F107/><T65/><D65/><U101/><REACH who="1" step="1"/><E89/><REACH who="1" ten="350,340,350,0" step="2"/><V97/><F3/><T44/><D129/><U98/><E98/><V43/><F1/><T135/><D131/><U126/><E126/><V55/><F70/><T123/><N who="0" m="31520" /><T59/><D135/><U104/><AGARI ba="0,1" hai="48,52,58,72,78,81,99,101,104,128,130,132,133,134" m="31264" machi="104" ten="40,9000,2" yaku="1,1,0,1,20,1,52,2,54,1,53,0" doraHai="77" doraHaiUra="64" who="1" fromWho="1" sc="350,-60,340,100,350,-30,0,0" /><INIT seed="1,0,0,2,3,91" ten="290,440,320,0" oya="1" hai0="37,111,88,121,45,3,99,118,72,49,2,134,131" hai1="56,93,96,123,41,70,85,132,69,135,101,0,75" hai2="62,126,59,90,119,34,51,125,42,55,78,61,65" hai3=""/><U44/><N who="1" m="31520" /><U71/><E75/><V127/><F34/><T130/><N who="0" m="31008" /><T89/><D37/><U124/><E0/><V104/><F104/><T67/><D111/><U81/><E56/><V86/><F78/><T36/><D36/><U79/><REACH who="1" step="1"/><E124/><REACH who="1" ten="290,430,320,0" step="2"/><V82/><F119/><T83/><D72/><U106/><E106/><V68/><F42/><T64/><D118/><U76/><E76/><V43/><F43/><T98/><D2/><U116/><E116/><V108/><F108/><T74/><D3/><U109/><E109/><V92/><F62/><T110/><D110/><U115/><E115/><V94/><AGARI ba="0,1" hai="51,55,59,61,65,68,82,86,90,92,94,125,126,127" machi="94" ten="40,6000,1" yaku="0,1,18,1,52,2" doraHai="91" who="2" fromWho="2" sc="290,-20,430,-40,320,70,0,0" /><INIT seed="2,0,0,2,1,56" ten="270,390,390,0" oya="2" hai0="1,132,71,83,109,90,59,40,50,134,57,119,94" hai1="77,131,60,123,46,126,110,95,45,91,38,93,53" hai2="89,106,114,69,49,107,125,98,99,129,39,68,124" hai3=""/><V96/><F39/><T130/><D1/><U127/><N who="1" m="31520" /><U128/><E110/><V81/><F114/><T111/><D71/><N who="2" m="27210" /><F49/><T87/><D40/><U64/><E77/><V32/><F32/><T105/><D105/><N who="2" m="39946" /><F81/><T79/><D119/><U63/><E53/><V44/><F44/><N who="1" m="17001" /><E38/><V72/><F72/><T133/><D130/><N who="1" m="49707" /><E64/><V115/><F129/><T117/><D117/><U42/><E42/><V35/><F35/><T85/><D57/><U73/><E73/><V0/><F115/><T61/><REACH who="0" step="1"/><D50/><REACH who="0" ten="260,390,390,0" step="2"/><U100/><E100/><V48/><F48/><T101/><D101/><U78/><E78/><V86/><F0/><T118/><D118/><U116/><E116/><V43/><F43/><T58/><D58/><U122/><N who="1" m="31264" /><U52/><E52/><AGARI ba="0,1" hai="52,59,61,79,83,85,87,90,94,109,111,132,133,134" machi="52" ten="40,8000,1" yaku="1,1,20,1,52,1,54,1,53,0" doraHai="56" doraHaiUra="37" who="0" fromWho="1" sc="260,90,390,-80,390,0,0,0" /><INIT seed="4,0,0,0,1,92" ten="350,310,390,0" oya="0" hai0="71,134,1,105,87,133,62,100,45,35,2,108,46" hai1="107,49,64,75,102,51,123,131,52,99,39,101,36" hai2="88,132,104,129,60,37,61,41,110,95,65,59,122" hai3=""/><T90/><D35/><U130/><N who="1" m="31520" /><U73/><E64/><V116/><N who="2" m="31264" /><V77/><F110/><T0/><D108/><U127/><E127/><V68/><F104/><T79/><D79/><U44/><E102/><V76/><F132/><N who="0" m="50794" /><D100/><U115/><E115/><V94/><F94/><T96/><D96/><U40/><E36/><V66/><F129/><N who="1" m="49161" /><E39/><V97/><F116/><T109/><D105/><U48/><E48/><V63/><F41/><T72/><D72/><U84/><E84/><V82/><F37/><T69/><D109/><U38/><E38/><V78/><REACH who="2" step="1"/><F63/><REACH who="2" ten="350,310,380,0" step="2"/><T121/><N who="0" m="31008" /><T56/><D2/><U112/><E112/><V53/><F53/><T85/><D1/><U120/><N who="1" m="30752" /><U32/><E32/><V54/><F54/><T42/><D0/><U89/><E89/><V70/><F70/><N who="0" m="26634" /><D42/><U103/><E103/><V83/><AGARI ba="0,1" hai="59,60,61,65,66,68,76,77,78,82,83,88,95,97" m="31264" machi="83" ten="30,6000,1" yaku="1,1,0,1,52,2,54,1,53,0" doraHai="92" doraHaiUra="80" who="2" fromWho="2" sc="350,-40,310,-20,380,70,0,0" /><INIT seed="5,0,0,0,2,60" ten="310,290,450,0" oya="1" hai0="125,0,66,101,87,81,61,82,108,2,53,91,116" hai1="123,36,113,59,73,39,135,68,52,63,130,103,124" hai2="109,37,127,44,83,89,51,85,110,96,33,38,56" hai3=""/><U50/><N who="1" m="31520" /><U43/><E73/><V122/><N who="2" m="31264" /><V121/><N who="2" m="31008" /><V32/><F127/><T64/><D108/><U112/><E124/><V54/><F109/><T34/><D34/><U128/><E103/><V75/><F110/><T48/><D125/><U104/><E104/><V79/><F96/><T76/><D101/><U45/><E135/><V119/><F119/><T72/><D116/><U86/><E86/><V3/><F3/><T80/><D80/><U70/><E70/><V120/><N who="2" m="30752" /><V88/><F89/><T98/><D98/><U93/><E93/><V49/><F33/><T114/><D114/><N who="1" m="44139" /><E68/><V57/><F57/><T117/><D117/><U62/><E62/><V126/><F32/><T84/><D72/><U132/><E132/><V131/><F126/><T102/><D102/><U90/><E90/><V40/><F131/><AGARI ba="0,0" hai="36,39,43,45,50,52,59,63,128,130,131" m="44139,31520" machi="131" ten="30,18000,2" yaku="19,1,15,1,34,2,52,1,54,1" doraHai="60" who="1" fromWho="2" sc="310,0,290,180,450,-180,0,0" /><INIT seed="5,1,0,3,0,63" ten="310,470,270,0" oya="1" hai0="0,49,74,36,38,97,48,81,89,1,59,60,43" hai1="34,42,86,90,2,131,122,54,84,94,35,128,135" hai2="111,130,87,69,68,134,80,127,99,50,3,32,132" hai3=""/><U119/><N who="1" m="31264" /><U76/><E2/><V67/><F32/><T78/><D0/><U100/><E119/><V105/><F111/><T107/><D1/><U39/><E135/><V108/><F108/><T70/><D70/><U79/><E42/><V118/><F3/><T123/><N who="0" m="31520" /><T77/><D77/><U102/><E39/><V62/><F69/><T117/><D117/><U75/><E75/><V106/><F118/><T109/><D109/><U116/><E116/><V40/><F106/><T46/><D36/><U82/><E54/><V73/><F73/><T65/><REACH who="0" step="1"/><D89/><REACH who="0" ten="300,470,270,0" step="2"/><U64/><E90/><V91/><F134/><T126/><D126/><U93/><E34/><V41/><F127/><T125/><D125/><U124/><E35/><V112/><F132/><T113/><D113/><U33/><E33/><V37/><F112/><T71/><D71/><U103/><E124/><V52/><F68/><T121/><N who="0" m="31008" /><T72/><D72/><U88/><E88/><V51/><F37/><T83/><D83/><U58/><E82/><V56/><F130/><N who="1" m="49705" /><E76/><V47/><REACH who="2" step="1"/><F50/><REACH who="2" ten="300,470,260,0" step="2"/><T95/><D95/><U120/><N who="1" m="30752" /><U44/><E94/><V55/><F55/><T104/><D104/><U115/><E93/><V85/><F85/><RYUUKYOKU ba="1,2" sc="300,10,470,-20,260,10,0,0" hai0="38,43,46,48,49,59,60,65,74,78,81,97,107" hai2="40,41,47,51,52,56,62,67,80,87,91,99,105" /><INIT seed="6,2,2,3,3,63" ten="310,450,270,0" oya="2" hai0="64,107,135,61,112,124,56,125,106,62,99,127,0" hai1="45,3,86,95,76,120,75,44,38,104,72,49,126" hai2="113,47,84,93,134,129,73,53,131,92,60,59,33" hai3=""/><V103/><F73/><T39/><D0/><U74/><N who="1" m="30752" /><U105/><E3/><V36/><F33/><T58/><D39/><U108/><E108/><V1/><F1/><T130/><D130/><N who="2" m="49674" /><F134/><T100/><D135/><U85/><E38/><V66/><F113/><T121/><N who="0" m="31008" /><T110/><D112/><U42/><E44/><V97/><F36/><T117/><D110/><U68/><E68/><V109/><F109/><T91/><D117/><U102/><E126/><V50/><F84/><T32/><D32/><U128/><E128/><V80/><F80/><T119/><D119/><U52/><E42/><V122/><N who="2" m="31264" /><V116/><F116/><T111/><D111/><U118/><E118/><V89/><F89/><T78/><D91/><U70/><E76/><V133/><F133/><T115/><D78/><U51/><E72/><V43/><F93/><T48/><D115/><U77/><E74/><V81/><F81/><T71/><D107/><U96/><E75/><V2/><F2/><T34/><D34/><U83/><E85/><V94/><F94/><T132/><D132/><U65/><E105/><V79/><F79/><T54/><REACH who="0" step="1"/><D62/><REACH who="0" ten="300,450,270,0" step="2"/><U67/><E104/><V123/><N who="2" m="31520" /><V35/><F35/><T114/><D114/><RYUUKYOKU ba="2,3" sc="300,10,450,-20,270,10,0,0" hai0="48,54,56,58,61,64,71,99,100,106,124,125,127" hai2="43,47,50,53,59,60,66,92,97,103" /><INIT seed="6,3,3,4,5,32" ten="310,430,280,0" oya="2" hai0="98,97,115,110,123,3,95,85,90,48,109,96,89" hai1="2,125,111,86,114,64,0,41,65,52,66,79,59" hai2="131,39,42,83,87,55,37,53,116,126,54,120,108" hai3=""/><V130/><N who="2" m="30752" /><V103/><F116/><T118/><N who="0" m="31520" /><T133/><D3/><U76/><E111/><N who="0" m="42505" /><D48/><U56/><E41/><V61/><F108/><T74/><D118/><U63/><E114/><V36/><F103/><T82/><D115/><U49/><E125/><V88/><F126/><T93/><D133/><U135/><E135/><V104/><F104/><T35/><D35/><U129/><E129/><N who="2" m="49163" /><F61/><T67/><D67/><N who="1" m="25675" /><E0/><V77/><F77/><AGARI ba="3,3" hai="74,77,82,85,89,90,93,95,96,97,98" m="42505,31520" machi="77" ten="30,3900,0" yaku="34,2,52,1" doraHai="32" who="0" fromWho="2" sc="310,75,430,0,280,-45,0,0" owari="385,-1.0,430,37.0,235,-36.0,0,0.0" /></mjloggm>