<mjloggm ver="2.3"><GO type="169" lobby="0"/><UN n0="%E8%91%B5%E3%81%A1%E3%82%83%E3%82%93" n1="%E9%BA%BB%E9%9B%80%E6%95%99%E5%AE%A4" n2="%E3%81%97%E3%82%87%E3%81%86%40%34%38%36%39" n3="%E5%9B%BA%E3%82%86%E3%81%A7%E5%8D%B5" dan="16,16,17,16" rate="2229.97,2162.58,2134.47,2137.59" sx="M,M,M,M"/><TAIKYOKU oya="0"/><INIT seed="0,0,0,1,0,26" ten="250,250,250,250" oya="0" hai0="42,122,90,123,38,20,8,84,33,24,79,28,135" hai1="75,85,14,21,9,104,115,82,109,101,19,76,103" hai2="3,95,18,83,41,11,12,71,68,27,16,23,131" hai3="118,54,7,25,117,35,15,48,59,134,119,49,67"/><T113/><D113/><U74/><E109/><V63/><F131/><W110/><G110/><T46/><D135/><U62/><E115/><V39/><F3/><W69/><G134/><T106/><D106/><U5/><E62/><V99/><F83/><W47/><G15/><T129/><D129/><U66/><E66/><V105/><F105/><W40/><G7/><T133/><D133/><U88/><E104/><V128/><F128/><W78/><G78/><T107/><D107/><U87/><E75/><V10/><F10/><W111/><G111/><T70/><D70/><U29/><E74/><V102/><REACH who="2" step="1"/><F63/><REACH who="2" ten="250,250,240,250" step="2"/><W58/><G119/><T116/><D116/><U0/><E29/><V17/><F17/><W37/><G118/><T34/><D8/><U92/><AGARI ba="0,1" hai="0,5,9,14,19,21,76,82,85,87,88,92,101,103" machi="92" ten="20,2700,0" yaku="0,1,7,1,54,1" doraHai="26" who="1" fromWho="1" sc="250,-13,250,37,240,-7,250,-7" /><INIT seed="1,0,0,4,3,32" ten="237,287,233,243" oya="1" hai0="7,60,126,91,41,35,85,54,18,94,47,58,24" hai1="104,135,23,80,66,117,33,6,20,11,89,109,105" hai2="113,26,128,103,0,29,79,106,119,10,57,70,34" hai3="52,69,63,3,8,43,16,114,14,84,19,1,125"/><U56/><E33/><V22/><F119/><W13/><G114/><T62/><D126/><U67/><E117/><V77/><F113/><W116/><G116/><T111/><D111/><U120/><E120/><V127/><F127/><W55/><G43/><T50/><D7/><U96/><E109/><V88/><F70/><W102/><G125/><T27/><D35/><U86/><E135/><V5/><F128/><W132/><G132/><T4/><D4/><U42/><E42/><V81/><F106/><W87/><G102/><T107/><D107/><U129/><E129/><V122/><F103/><W118/><G118/><T115/><D115/><U76/><E105/><V95/><F122/><W101/><G101/><T28/><D28/><U90/><E104/><V30/><F57/><W9/><G63/><T93/><D60/><U21/><E56/><V17/><F81/><W72/><G72/><T110/><D110/><U82/><E96/><V83/><F83/><W65/><G65/><T92/><REACH who="0" step="1"/><D18/><REACH who="0" ten="227,287,233,243" step="2"/><U121/><E121/><V99/><REACH who="2" step="1"/><F30/><REACH who="2" ten="227,287,223,243" step="2"/><W73/><G73/><T38/><D38/><U123/><E123/><V49/><F49/><W68/><AGARI ba="0,2" hai="1,3,8,9,13,14,16,19,52,55,68,69,84,87" machi="68" ten="25,12000,2" yaku="0,1,22,2,52,2,54,2" doraHai="32" who="3" fromWho="3" sc="227,-30,287,-60,223,-30,243,140" /><INIT seed="2,0,0,4,0,78" ten="197,227,193,383" oya="2" hai0="91,79,104,82,70,31,122,47,22,52,125,131,124" hai1="17,44,63,109,133,3,121,33,15,73,101,85,72" hai2="135,66,11,28,54,132,16,59,68,38,127,113,35" hai3="96,9,45,67,62,93,94,89,88,19,25,129,108"/><V10/><F113/><W134/><G108/><T60/><D122/><U117/><E3/><V41/><F127/><N who="0" m="48714" /><D104/><U56/><E117/><V34/><F66/><W80/><G134/><N who="2" m="51241" /><F68/><W77/><G129/><T21/><D31/><U120/><E33/><N who="2" m="12299" /><F28/><W40/><G25/><T97/><D70/><U53/><E133/><V13/><F41/><W58/><G19/><T27/><D27/><U75/><E109/><V110/><F110/><W83/><G9/><T24/><D24/><U37/><E101/><V7/><F38/><W106/><G77/><T1/><D1/><U100/><E100/><V43/><F43/><W115/><G106/><T105/><D105/><U14/><E37/><V90/><F90/><W49/><G115/><T102/><D102/><U76/><E44/><V126/><F126/><W46/><G45/><T57/><D47/><U36/><E36/><V30/><F30/><W64/><G67/><T20/><D131/><U116/><E116/><V99/><F99/><AGARI ba="0,0" hai="40,46,49,58,62,64,80,83,88,89,93,94,96,99" machi="99" ten="30,12000,2" yaku="7,1,9,1,8,1,52,2,54,1" doraHai="78" who="3" fromWho="2" sc="197,0,227,0,193,-120,383,120" /><INIT seed="3,0,0,5,5,91" ten="197,227,73,503" oya="3" hai0="132,49,110,83,122,22,66,55,39,133,14,101,52" hai1="98,51,2,128,36,116,92,125,5,81,53,108,97" hai2="37,113,56,41,90,40,65,16,95,24,104,28,0" hai3="127,129,86,112,19,63,67,42,85,102,106,58,64"/><W17/><G112/><T70/><D39/><U93/><E36/><V61/><F113/><W76/><G129/><T80/><D122/><U111/><E128/><V33/><F104/><W1/><G127/><T59/><D110/><N who="1" m="42027" /><E125/><V38/><F0/><W44/><G1/><T20/><D101/><N who="1" m="60583" /><E116/><V46/><F37/><W72/><G64/><T115/><D115/><U18/><E81/><V134/><F134/><W12/><G19/><T34/><D34/><U50/><E18/><V6/><F6/><W100/><G106/><T96/><D96/><U105/><E105/><V89/><F41/><W15/><G72/><T121/><D121/><U124/><E124/><V23/><REACH who="2" step="1"/><F95/><REACH who="2" ten="197,227,63,503" step="2"/><W114/><G42/><T94/><D94/><U117/><E117/><V135/><F135/><W35/><G114/><T71/><D133/><U79/><E5/><V68/><F68/><W87/><G76/><T88/><D70/><U82/><E2/><V26/><AGARI ba="0,1" hai="16,23,24,26,28,33,38,40,46,56,61,65,89,90" machi="26" ten="20,5200,0" yaku="1,1,0,1,7,1,54,1,53,0" doraHai="91" doraHaiUra="73" who="2" fromWho="2" sc="197,-13,227,-13,63,62,503,-26" /><INIT seed="4,0,0,1,1,74" ten="184,214,125,477" oya="0" hai0="127,116,125,47,34,112,60,59,102,19,117,28,115" hai1="89,134,80,36,31,93,91,2,92,8,132,94,71" hai2="7,57,82,29,46,113,108,3,111,69,64,20,51" hai3="65,17,105,25,122,16,11,88,56,58,43,14,77"/><T104/><D104/><U35/><E71/><V50/><F7/><W96/><G122/><T40/><D102/><U0/><E36/><V76/><F3/><N who="1" m="1065" /><E8/><V5/><F5/><W99/><G43/><T85/><D19/><U128/><E128/><V22/><F113/><N who="0" m="43594" /><D85/><U109/><E109/><V95/><F69/><W38/><G105/><T62/><D28/><U124/><E124/><N who="0" m="47689" /><D34/><U39/><E39/><V81/><F29/><W75/><G17/><T135/><D135/><N who="1" m="51755" /><E80/><V4/><F82/><W86/><G11/><T24/><D24/><AGARI ba="0,0" hai="24,31,35,89,91,92,93,94" m="51755,1065" machi="24" ten="40,1300,0" yaku="20,1" doraHai="74" who="1" fromWho="0" sc="184,-13,214,13,125,0,477,0" /><INIT seed="5,0,0,2,4,13" ten="171,227,125,477" oya="1" hai0="109,85,63,106,8,115,25,128,111,77,3,78,98" hai1="102,129,126,58,14,48,84,17,91,94,45,132,96" hai2="10,103,107,18,21,35,71,122,110,95,26,80,34" hai3="2,116,127,104,9,51,131,134,124,92,88,41,27"/><U117/><E117/><V40/><F110/><W4/><G104/><T55/><D128/><U61/><E129/><V113/><F122/><W70/><G131/><T87/><D115/><U82/><E126/><N who="3" m="48170" /><G70/><T119/><D119/><U16/><E132/><V6/><F107/><W81/><G134/><T39/><D39/><U57/><E14/><V97/><F113/><W32/><G81/><T105/><D25/><U73/><E73/><V68/><F40/><W5/><G5/><T86/><D63/><U29/><E29/><V83/><F83/><W56/><G116/><T19/><D86/><U15/><E15/><V133/><F133/><W60/><G51/><T123/><D123/><U64/><E57/><V69/><REACH who="2" step="1"/><F80/><REACH who="2" ten="171,227,115,477" step="2"/><W22/><G41/><AGARI ba="0,1" hai="16,17,41,45,48,58,61,64,82,84,91,94,96,102" machi="41" ten="30,12000,1" yaku="7,1,8,1,52,2,54,1" doraHai="13" who="1" fromWho="3" sc="171,0,227,130,115,0,477,-120" /><INIT seed="5,1,0,4,5,60" ten="171,357,115,357" oya="1" hai0="51,23,94,65,63,30,128,31,130,124,104,37,52" hai1="112,17,66,92,74,80,110,95,11,14,55,85,98" hai2="7,50,42,47,91,75,87,120,82,96,72,89,58" hai3="86,62,68,78,100,39,88,4,81,36,106,46,118"/><U54/><E74/><V45/><F120/><W103/><G118/><T27/><D104/><U133/><E110/><V28/><F28/><W83/><G4/><T57/><D37/><U122/><E122/><V121/><F121/><W34/><G34/><T18/><D124/><U114/><E133/><V13/><F47/><W33/><G33/><T134/><D134/><U99/><E66/><V0/><F0/><W84/><G46/><T38/><D38/><U6/><E6/><V131/><F131/><N who="0" m="50218" /><D94/><U69/><E69/><AGARI ba="1,0" hai="18,23,27,30,31,51,52,57,63,65,69" m="50218" machi="69" ten="30,3900,0" yaku="19,1,52,1,54,1" doraHai="60" who="0" fromWho="1" sc="171,42,357,-42,115,0,357,0" /><INIT seed="6,0,0,4,4,133" ten="213,315,115,357" oya="2" hai0="96,91,131,52,80,111,46,116,99,104,1,6,74" hai1="27,90,2,41,118,72,83,42,110,16,102,86,120" hai2="93,87,82,34,36,43,135,49,25,18,84,112,100" hai3="98,0,62,10,55,123,28,61,9,21,69,115,132"/><V24/><F135/><W108/><G132/><T5/><D111/><U67/><E118/><V14/><F112/><W7/><G108/><T134/><D134/><U119/><E110/><V75/><F36/><W53/><G123/><T38/><D116/><U92/><E119/><V56/><F75/><W88/><G115/><T106/><D131/><U125/><E2/><V109/><F109/><W22/><G28/><T77/><D52/><U4/><E4/><V81/><F34/><W97/><G7/><T17/><D17/><U12/><E120/><V32/><F32/><W73/><G73/><T71/><D71/><U58/><E27/><V76/><F93/><W39/><G88/><T60/><D60/><N who="1" m="38295" /><E72/><V40/><F100/><W66/><G66/><T78/><D78/><U26/><E26/><N who="2" m="10347" /><F56/><W105/><G0/><T48/><D99/><N who="1" m="59751" /><E125/><V126/><F49/><W15/><G15/><T29/><D80/><U95/><E83/><V127/><F84/><W35/><G35/><T101/><D101/><U117/><E117/><V19/><F82/><W54/><G54/><T113/><D46/><U8/><AGARI ba="0,0" hai="8,12,16,41,42,86,90,95" m="59751,38295" machi="8" ten="30,2000,0" yaku="8,1,54,1" doraHai="133" who="1" fromWho="1" sc="213,-5,315,20,115,-10,357,-5" /><INIT seed="7,0,0,5,0,93" ten="208,335,105,352" oya="3" hai0="36,74,14,34,64,49,122,8,71,2,107,125,94" hai1="54,39,41,104,33,59,117,103,75,1,44,28,96" hai2="56,3,7,40,10,99,84,23,27,87,72,55,15" hai3="17,61,98,65,101,11,124,106,85,22,133,113,131"/><W119/><G119/><T82/><D107/><U112/><E117/><V60/><F72/><W52/><G124/><T26/><D36/><U4/><E75/><V77/><F40/><W9/><G131/><T102/><D2/><U62/><E112/><V38/><F38/><W89/><G133/><T67/><D71/><U25/><E1/><V19/><F77/><W43/><G52/><T12/><D12/><U80/><E80/><V45/><F45/><W127/><G43/><T6/><D122/><U35/><E4/><V50/><F3/><W135/><G127/><T83/><D34/><AGARI ba="0,0" hai="25,28,33,34,35,39,41,44,54,59,62,96,103,104" machi="34" ten="30,2000,0" yaku="7,1,52,1" doraHai="93" who="1" fromWho="0" sc="208,-20,335,20,105,0,352,0" owari="188,-21.0,355,45.0,105,-39.0,352,15.0" /></mjloggm>