<mjloggm ver="2.3"><GO type="169" lobby="0"/><UN n0="%E7%B4%AB%E3%81%AE%E9%8F%A1" n1="%E3%82%82%E3%81%93%E3%81%BF" n2="%41%4F%54" n3="%E9%81%8A%E8%B5%B0" dan="18,17,17,16" rate="2353.39,2232.61,2204.06,2171.73" sx="M,M,F,F"/><TAIKYOKU oya="0"/><INIT seed="0,0,0,1,4,57" ten="250,250,250,250" oya="0" hai0="120,38,97,17,40,130,108,22,15,25,114,42,16" hai1="99,13,131,113,119,98,102,9,73,1,4,46,82" hai2="37,26,84,127,27,53,69,34,52,89,60,14,10" hai3="66,103,11,94,112,79,123,28,2,128,20,116,63"/><T50/><D114/><U68/><E131/><V23/><F37/><W75/><G116/><T71/><D120/><U56/><E119/><V100/><F127/><W117/><G117/><T124/><D38/><U111/><E111/><V133/><F133/><W31/><G112/><T88/><D124/><U72/><E68/><V62/><F100/><W12/><G123/><T78/><D130/><U126/><E126/><V110/><F34/><W90/><G128/><T49/><D78/><U96/><E113/><V87/><F87/><W91/><G2/><T32/><D71/><U43/><E102/><V115/><F110/><W18/><G79/><T129/><D32/><U7/><E7/><N who="2" m="3423" /><F27/><W109/><G75/><T67/><D67/><U6/><E6/><V70/><F70/><W41/><G41/><N who="0" m="15979" /><D108/><U51/><E1/><V74/><F74/><W33/><G109/><T132/><D132/><U3/><E3/><V58/><F69/><W36/><G36/><T64/><D64/><U122/><E122/><V92/><F115/><W135/><G33/><T59/><D59/><U39/><E73/><V107/><F107/><W30/><G135/><T45/><D45/><U0/><E0/><V83/><F83/><W86/><G103/><T125/><D125/><U80/><E72/><V134/><F134/><W21/><G91/><T54/><D129/><U47/><E47/><V118/><F118/><W121/><G121/><T81/><D81/><N who="1" m="31339" /><E39/><V104/><F104/><W65/><G65/><T85/><D85/><U19/><E56/><AGARI ba="0,0" hai="11,12,18,20,21,28,30,31,56,63,66,86,90,94" machi="56" ten="40,2600,0" yaku="8,1,52,1" doraHai="57" who="3" fromWho="1" sc="250,0,250,-26,250,0,250,26" /><INIT seed="1,0,0,3,4,121" ten="250,224,250,276" oya="1" hai0="64,44,100,55,112,87,74,63,116,54,24,13,124" hai1="104,19,135,6,75,86,39,79,94,95,123,62,9" hai2="125,106,49,27,120,91,56,12,47,102,23,122,31" hai3="67,20,45,59,118,4,93,26,80,43,32,46,11"/><U40/><E123/><V71/><F125/><W130/><G32/><T133/><D74/><U48/><E135/><V114/><F71/><W52/><G118/><T110/><D112/><U96/><E39/><V29/><F114/><W41/><G67/><T50/><D116/><U15/><E75/><V134/><F134/><W129/><G93/><T51/><D133/><U36/><E36/><V37/><F31/><W128/><G80/><T103/><D124/><U70/><E70/><V81/><F102/><W61/><G43/><T66/><D24/><U22/><E62/><V34/><F106/><W101/><G101/><T109/><D13/><U57/><E104/><V7/><F56/><W126/><G126/><T82/><D63/><U127/><E127/><V107/><F107/><W83/><G83/><T84/><D82/><N who="1" m="47455" /><E96/><V68/><F68/><W33/><G33/><T60/><D60/><U111/><E111/><V1/><F37/><W97/><G97/><T90/><D90/><U18/><E57/><V38/><F38/><W72/><G72/><T92/><D92/><N who="1" m="35371" /><E22/><V77/><F23/><W53/><G53/><T98/><D98/><U5/><E5/><V0/><F7/><W78/><G41/><T85/><D85/><U21/><E21/><V2/><F34/><W8/><G78/><T14/><D14/><U58/><E58/><V105/><F77/><W10/><REACH who="3" step="1"/><G4/><REACH who="3" ten="250,224,250,266" step="2"/><T42/><D42/><U25/><E25/><V76/><F27/><W115/><G115/><T69/><D69/><U99/><E99/><V113/><F76/><W108/><G108/><T17/><D17/><AGARI ba="0,1" hai="8,10,11,17,20,26,45,46,52,59,61,128,129,130" machi="17" ten="50,8000,1" yaku="1,1,6,1,19,1,54,1,53,0" doraHai="121" doraHaiUra="35" who="3" fromWho="0" sc="250,-80,224,0,250,0,266,90" /><INIT seed="2,0,0,4,2,130" ten="170,224,250,356" oya="2" hai0="132,99,84,23,95,135,119,12,106,67,81,92,13" hai1="52,76,115,82,38,3,47,66,53,101,90,71,128" hai2="110,116,33,100,11,133,77,41,126,32,24,127,26" hai3="39,28,104,109,105,112,97,60,120,21,37,68,88"/><V59/><F100/><W98/><G120/><T43/><D43/><U123/><E128/><V45/><F116/><W64/><G112/><T94/><D67/><U121/><E115/><V61/><F77/><W6/><G6/><T87/><D23/><U56/><E3/><V54/><F11/><W62/><G109/><T102/><D119/><U63/><E101/><V48/><F110/><W103/><G62/><T78/><D12/><U58/><E90/><V113/><F113/><W0/><G0/><T18/><D18/><U74/><E56/><V69/><F133/><N who="0" m="51274" /><D13/><U65/><E65/><V117/><F117/><W96/><G105/><T35/><D35/><U125/><E125/><N who="2" m="47627" /><F69/><W122/><G122/><N who="1" m="46602" /><E71/><V31/><F24/><W83/><G104/><T14/><D14/><U79/><E79/><V134/><F134/><W49/><G103/><T16/><D16/><U29/><E29/><V124/><N who="2" m="47635" /><V34/><AGARI ba="0,0" hai="26,31,32,33,34,41,45,48,54,59,61" m="47635" machi="34" ten="40,3900,0" yaku="4,1,18,1" doraHai="130" who="2" fromWho="2" sc="170,-13,224,-13,250,39,356,-13" /><INIT seed="2,1,0,3,3,41" ten="157,211,289,343" oya="2" hai0="22,48,11,23,18,119,25,118,42,97,44,104,109" hai1="82,78,14,35,2,121,67,57,4,45,134,55,124" hai2="69,8,53,70,130,28,79,83,34,0,120,123,24" hai3="114,106,63,84,126,26,17,132,129,43,59,127,5"/><V77/><F130/><W76/><G106/><T73/><D73/><U56/><E35/><V80/><F0/><W88/><G114/><T92/><D109/><U49/><E134/><V74/><F8/><W19/><G129/><T102/><D11/><U32/><E32/><V99/><F99/><W64/><G76/><T40/><D104/><U20/><E2/><V39/><F53/><W47/><G5/><T135/><D135/><U86/><E124/><N who="3" m="47658" /><G26/><T7/><D7/><U58/><E121/><V111/><F39/><N who="3" m="22015" /><G132/><T131/><D131/><U66/><E4/><V108/><F123/><W95/><AGARI ba="1,0" hai="17,19,59,63,64,84,88,95" m="22015,47658" machi="95" ten="30,4000,0" yaku="18,1,52,1,54,1" doraHai="41" who="3" fromWho="3" sc="157,-11,211,-11,289,-21,343,43" /><INIT seed="3,0,0,3,0,127" ten="146,200,268,386" oya="3" hai0="106,101,38,124,90,130,62,3,79,111,37,35,43" hai1="53,56,52,25,10,91,24,63,125,45,71,108,86" hai2="67,77,31,73,26,61,94,98,7,132,66,134,112" hai3="88,82,83,122,107,65,104,96,109,78,30,32,75"/><W105/><G65/><T120/><D120/><U8/><E108/><V116/><F112/><W99/><G30/><T51/><D3/><U113/><E125/><V14/><F116/><W50/><G50/><T17/><D35/><U117/><E71/><V11/><F77/><N who="3" m="44351" /><G32/><T27/><D79/><U123/><E113/><V89/><F73/><N who="3" m="43471" /><G122/><T36/><D124/><U69/><E69/><V118/><F118/><W135/><G135/><N who="2" m="51753" /><F61/><W19/><G19/><T47/><D90/><U1/><E117/><V6/><F7/><W100/><G109/><T92/><D111/><U22/><E1/><V103/><F89/><W41/><G41/><T28/><D62/><U81/><E123/><V29/><F29/><W49/><G49/><T129/><D106/><U72/><E72/><V20/><AGARI ba="0,0" hai="6,11,14,20,26,31,66,67,94,98,103" m="51753" machi="20" ten="30,1100,0" yaku="20,1" doraHai="127" who="2" fromWho="2" sc="146,-3,200,-3,268,11,386,-5" /><INIT seed="4,0,0,2,1,95" ten="143,197,279,381" oya="0" hai0="71,104,66,55,15,112,7,50,17,134,19,9,108" hai1="80,27,103,110,57,48,43,130,76,33,41,21,88" hai2="30,129,100,87,127,5,135,32,83,39,91,28,53" hai3="18,25,0,73,118,99,44,1,106,113,84,92,121"/><T132/><D112/><U62/><E130/><V123/><F123/><W105/><G121/><T8/><D108/><U46/><E33/><V20/><F39/><W42/><G118/><T36/><D36/><U45/><E110/><V2/><F32/><W70/><G73/><T3/><D104/><U6/><E6/><V12/><F2/><W13/><G70/><T97/><D66/><U128/><E128/><V54/><F127/><W116/><G116/><T109/><D71/><U120/><E103/><V51/><F54/><W78/><G25/><T75/><D75/><U89/><E120/><V96/><F135/><N who="0" m="51754" /><D109/><U86/><E57/><V47/><F129/><W77/><G113/><T114/><D114/><U16/><E62/><V40/><F53/><W117/><G117/><T124/><D124/><U101/><E101/><V74/><F74/><W59/><G106/><T61/><D61/><U102/><E102/><V67/><F67/><W82/><G105/><T52/><D17/><U94/><E94/><N who="2" m="58391" /><F5/><W85/><G0/><T34/><D34/><U107/><E107/><V115/><F115/><W79/><G1/><T64/><D64/><U65/><E65/><V26/><F12/><W111/><G111/><T24/><D24/><U119/><E119/><V56/><F56/><W49/><G82/><T10/><D55/><U29/><E29/><AGARI ba="0,0" hai="20,26,28,29,30,40,47,51,83,87,91" m="58391" machi="29" ten="30,2000,0" yaku="8,1,52,1" doraHai="95" who="2" fromWho="1" sc="143,0,197,-20,279,20,381,0" /><INIT seed="5,0,0,0,2,38" ten="143,177,299,381" oya="1" hai0="95,96,49,5,81,76,58,72,10,91,70,86,66" hai1="11,88,23,104,113,94,118,102,27,9,116,100,42" hai2="57,46,50,71,31,120,124,103,53,84,54,39,2" hai3="59,8,78,16,63,122,75,48,131,56,33,121,99"/><U15/><E113/><V45/><F2/><W13/><G33/><T132/><D132/><U92/><E104/><V106/><F120/><W52/><G131/><T47/><D70/><U108/><E108/><V68/><F103/><W123/><G99/><T125/><D125/><U93/><E116/><V134/><F31/><W83/><REACH who="3" step="1"/><G123/><REACH who="3" ten="143,177,299,371" step="2"/><T36/><D96/><U62/><E118/><V51/><F124/><W26/><G26/><T17/><D36/><U115/><E115/><V128/><F128/><W34/><G34/><T55/><D17/><U44/><E100/><V30/><F30/><W28/><G28/><T41/><D66/><AGARI ba="0,1" hai="8,13,16,48,52,56,59,63,66,75,78,83,121,122" machi="66" ten="30,7700,0" yaku="1,1,7,1,54,2,53,0" doraHai="38" doraHaiUra="101" who="3" fromWho="0" sc="143,-77,177,0,299,0,371,87" /><INIT seed="6,0,0,4,2,85" ten="66,177,299,458" oya="2" hai0="80,124,105,132,119,5,108,20,51,8,83,1,14" hai1="52,22,53,88,61,97,90,69,101,41,75,36,65" hai2="48,12,68,67,86,58,56,59,127,84,72,92,17" hai3="115,4,118,117,47,122,62,25,6,82,131,7,95"/><V112/><F72/><W28/><G122/><T60/><D108/><U89/><E75/><V74/><F74/><W128/><G115/><T44/><D132/><U43/><E36/><V38/><F38/><W11/><G47/><T103/><D124/><U10/><E10/><V9/><F127/><W111/><G111/><T23/><D119/><N who="3" m="45577" /><G62/><T21/><D1/><U73/><E73/><V39/><F39/><W133/><G133/><T104/><D60/><U109/><E109/><V40/><F68/><W93/><G82/><T55/><D103/><U46/><E22/><V64/><F112/><W0/><G93/><T94/><REACH who="0" step="1"/><D94/><REACH who="0" ten="56,177,299,458" step="2"/><U45/><E41/><V102/><F102/><W121/><G95/><T99/><D99/><U120/><E120/><V33/><F92/><W15/><G121/><T34/><D34/><U126/><E126/><V78/><F33/><N who="3" m="20623" /><G0/><T32/><D32/><U100/><E97/><V129/><F40/><W57/><G57/><T71/><D71/><U70/><E43/><V29/><F56/><W24/><G24/><T79/><D79/><U54/><REACH who="1" step="1"/><E69/><REACH who="1" ten="56,167,299,458" step="2"/><V110/><F110/><W13/><G11/><T37/><D37/><U63/><E63/><V87/><F9/><W113/><G113/><T91/><D91/><U19/><E19/><V81/><F17/><W26/><G26/><T27/><D27/><U96/><E96/><V30/><F78/><W18/><G18/><T49/><D49/><U2/><E2/><V130/><F48/><W123/><G123/><T66/><D66/><U106/><E106/><AGARI ba="0,2" hai="5,8,14,20,21,23,44,51,55,80,83,104,105,106" machi="106" ten="40,1300,0" yaku="1,1,53,0" doraHai="85" doraHaiUra="31" who="0" fromWho="1" sc="56,33,167,-13,299,0,458,0" /><INIT seed="7,0,0,5,3,50" ten="89,154,299,458" oya="3" hai0="73,133,85,25,105,76,108,106,97,65,62,11,36" hai1="18,16,135,72,122,80,54,43,40,35,92,33,128" hai2="39,48,94,127,89,32,0,101,4,44,67,70,42" hai3="134,78,102,20,14,21,46,56,38,12,84,74,52"/><W60/><G134/><T96/><D108/><U107/><E107/><V124/><F32/><W22/><G74/><T116/><D116/><U115/><E122/><V125/><F4/><W30/><G30/><T49/><D36/><U120/><E120/><V5/><F5/><W118/><G118/><T93/><D133/><U13/><E18/><V119/><F0/><W131/><G131/><T23/><D73/><U34/><E128/><V132/><F89/><W103/><G38/><T47/><D105/><U121/><E121/><V53/><F94/><W99/><G46/><T75/><D75/><U81/><E72/><V45/><F101/><N who="3" m="38411" /><G99/><T27/><D106/><U95/><E115/><V55/><F132/><W112/><G112/><T9/><D97/><U41/><E54/><N who="2" m="29959" /><F119/><W123/><G123/><T19/><D27/><U98/><E98/><V79/><F79/><W77/><G77/><T51/><D96/><U126/><E126/><V129/><F129/><W26/><G26/><T6/><D76/><U57/><E57/><V63/><AGARI ba="0,0" hai="39,42,45,53,55,63,67,70,124,125,127" m="29959" machi="63" ten="40,12000,2" yaku="18,1,34,2,52,3" doraHai="50" who="2" fromWho="2" sc="89,-30,154,-30,299,120,458,-60" owari="59,-44.0,124,-28.0,419,52.0,398,20.0" /></mjloggm>