<mjloggm ver="2.3"><GO type="225" lobby="0"/><UN n0="%E6%AF%9B%E8%8D%92%E3%82%8C%E3%83%BB%E3%82%B9%E3%83%9F%E3%82%B9" n1="%E3%82%BC%E3%83%AB%E3%83%80%E3%81%AE%E4%BC%9D%E8%AA%AC" n2="%E6%81%AC%E6%B7%A1%E5%AF%82%E5%AF%9E" n3="%E7%99%BD%E8%89%B2%E3%81%AE%E6%B0%B4" dan="16,17,16,16" rate="2157.98,2219.05,2190.60,2106.41" sx="F,M,F,M"/><TAIKYOKU oya="0"/><INIT seed="0,0,0,0,3,33" ten="250,250,250,250" oya="0" hai0="25,107,11,77,18,124,92,96,62,85,68,37,63" hai1="38,113,106,59,75,134,26,69,133,34,42,21,47" hai2="6,49,2,66,31,14,30,95,65,58,118,54,19" hai3="115,76,67,82,84,43,52,104,46,100,12,8,23"/><T51/><D37/><U101/><E69/><V16/><F118/><W128/><G115/><T5/><D124/><U108/><E108/><V57/><F19/><W36/><G128/><T1/><D68/><U72/><E34/><V127/><F127/><W32/><G32/><T86/><D107/><U40/><E113/><V112/><F112/><W99/><G67/><T48/><D51/><U129/><E129/><V55/><F6/><W13/><G23/><T24/><D48/><U93/><E106/><V10/><F2/><W79/><G79/><T117/><D117/><U22/><E42/><V80/><F80/><W4/><REACH who="3" step="1"/><G52/><REACH who="3" ten="250,250,250,240" step="2"/><T103/><D77/><U64/><E22/><V73/><F73/><W61/><G61/><T114/><D114/><U120/><E72/><V15/><F10/><W131/><G131/><T91/><D62/><N who="1" m="37983" /><E75/><V7/><F66/><W35/><G35/><T88/><D63/><U70/><E120/><V122/><F65/><W29/><G29/><T109/><D109/><U135/><E70/><V9/><F9/><W60/><G60/><T89/><REACH who="0" step="1"/><D18/><REACH who="0" ten="240,250,250,240" step="2"/><U102/><E134/><V98/><F16/><W39/><G39/><T125/><D125/><U74/><E133/><V119/><F119/><W56/><G56/><T116/><D116/><U123/><E135/><V50/><F58/><W105/><G105/><T53/><D53/><U44/><E38/><V97/><F57/><W41/><G41/><T83/><D83/><U17/><E40/><V45/><F54/><W94/><G94/><T78/><D78/><U121/><E93/><V126/><F95/><RYUUKYOKU ba="0,2" sc="240,15,250,-15,250,-15,240,15" hai0="1,5,11,24,25,85,86,88,89,91,92,96,103" hai3="4,8,12,13,36,43,46,76,82,84,99,100,104" /><INIT seed="0,1,2,2,0,99" ten="255,235,235,255" oya="0" hai0="62,7,19,108,20,122,110,65,83,18,93,60,115" hai1="97,48,102,118,23,51,49,12,94,55,87,73,42" hai2="11,15,135,128,75,80,130,134,100,72,133,90,117" hai3="66,29,32,95,78,77,70,34,39,123,45,57,33"/><T46/><D115/><U101/><E73/><N who="2" m="28235" /><F117/><W59/><G123/><T31/><D122/><U98/><E118/><V8/><F15/><W113/><G113/><T5/><D83/><U91/><E42/><V86/><F100/><N who="1" m="38505" /><E55/><V25/><F25/><W1/><G29/><T131/><D131/><AGARI ba="1,2" hai="8,11,80,86,90,128,130,131,133,134,135" m="28235" machi="131" ten="40,2600,0" yaku="19,1,20,1" doraHai="99" who="2" fromWho="0" sc="255,-29,235,0,235,49,255,0" /><INIT seed="1,0,0,2,4,24" ten="226,235,284,255" oya="1" hai0="116,74,13,86,3,75,23,18,127,88,83,133,115" hai1="46,1,59,17,48,99,85,78,118,108,53,98,40" hai2="60,51,103,55,35,30,64,125,63,94,76,41,15" hai3="58,101,25,26,117,0,14,134,107,122,21,16,102"/><U82/><E118/><V100/><F41/><W93/><G122/><T120/><D115/><U5/><E108/><V68/><F63/><W89/><G107/><T112/><D112/><U2/><E17/><V70/><F70/><W110/><G110/><T11/><D116/><U47/><E47/><V8/><F76/><W126/><G117/><T79/><D120/><U119/><E119/><V69/><F69/><W129/><G0/><T90/><D127/><U87/><E87/><V65/><F65/><W132/><G129/><T34/><D133/><N who="3" m="51305" /><G58/><T73/><REACH who="0" step="1"/><D34/><REACH who="0" ten="216,235,284,255" step="2"/><U42/><E42/><V95/><F125/><W84/><G126/><T66/><D66/><U124/><E124/><V81/><F35/><W27/><AGARI ba="0,1" hai="14,16,21,25,26,27,84,89,93,101,102" m="51305" machi="27" ten="30,2000,0" yaku="20,1,54,1" doraHai="24" who="3" fromWho="3" sc="216,-5,235,-10,284,-5,255,30" /><INIT seed="2,0,0,0,3,20" ten="211,225,279,285" oya="2" hai0="9,90,82,60,118,64,15,85,46,77,68,111,29" hai1="73,79,57,71,32,10,14,34,25,133,92,37,87" hai2="99,27,134,58,54,102,76,72,104,18,62,40,115" hai3="23,59,96,17,44,114,49,89,129,103,106,91,83"/><V135/><F115/><W7/><G114/><T78/><D111/><U24/><E71/><V101/><F101/><W26/><G129/><T119/><D29/><U94/><E37/><V93/><F40/><W74/><G59/><T81/><D46/><U51/><E73/><V28/><F18/><W97/><G7/><T19/><REACH who="0" step="1"/><D90/><REACH who="0" ten="201,225,279,285" step="2"/><U128/><E128/><V105/><F135/><W16/><G91/><T98/><D98/><U36/><E133/><V50/><F134/><W30/><G96/><T84/><AGARI ba="0,1" hai="9,15,19,60,64,68,77,78,81,82,84,85,118,119" machi="84" ten="30,4000,0" yaku="1,1,0,1,9,1,53,0" doraHai="20" doraHaiUra="35" who="0" fromWho="0" sc="201,50,225,-10,279,-20,285,-10" /><INIT seed="3,0,0,3,2,82" ten="251,215,259,275" oya="3" hai0="125,53,98,127,60,111,85,110,134,119,72,75,67" hai1="132,11,92,117,109,123,78,99,116,15,32,84,20" hai2="56,118,13,81,89,76,96,38,45,26,100,34,93" hai3="44,87,37,8,62,16,14,18,130,64,22,4,115"/><W57/><G115/><T114/><D119/><N who="1" m="45643" /><E109/><N who="0" m="41481" /><D114/><U7/><E132/><V47/><F118/><W107/><G107/><T54/><D134/><U124/><E124/><N who="0" m="47689" /><D98/><U36/><E123/><V21/><F38/><W91/><G130/><T43/><D43/><U94/><E32/><V6/><F34/><W28/><G44/><T86/><D53/><U102/><E36/><V9/><F100/><W97/><G97/><T52/><D54/><U104/><E20/><V120/><F120/><W1/><G37/><T33/><D52/><U2/><E2/><V42/><F42/><W5/><G1/><T108/><D33/><U3/><E3/><V39/><F39/><W80/><G28/><T61/><D108/><U77/><E77/><V23/><F76/><W69/><G69/><N who="0" m="42215" /><D61/><U101/><E101/><V58/><F45/><W83/><G83/><AGARI ba="0,0" hai="7,11,15,78,83,84,92,94,99,102,104" m="45643" machi="83" ten="30,2000,0" yaku="12,1,52,1" doraHai="82" who="1" fromWho="3" sc="251,0,215,20,259,0,275,-20" /><INIT seed="4,0,0,1,3,76" ten="251,235,259,255" oya="0" hai0="114,2,39,73,27,33,101,64,134,63,1,65,14" hai1="129,132,17,25,72,7,71,9,115,51,13,87,11" hai2="22,66,98,96,130,61,59,24,90,68,32,8,79" hai3="113,102,109,52,6,92,46,97,56,75,57,10,45"/><T91/><D39/><U41/><E72/><V80/><F32/><W58/><G109/><T23/><D73/><U107/><E71/><V108/><F108/><W112/><G75/><T133/><D114/><N who="3" m="44137" /><G52/><T42/><D42/><U106/><E115/><V28/><F130/><W82/><G82/><T36/><D36/><U21/><E132/><N who="0" m="50793" /><D101/><U117/><E117/><V69/><F98/><W12/><AGARI ba="0,0" hai="6,10,12,45,46,56,57,58,92,97,102" m="44137" machi="12" ten="30,1100,0" yaku="15,1" doraHai="76" who="3" fromWho="3" sc="251,-5,235,-3,259,-3,255,11" /><INIT seed="5,0,0,4,1,27" ten="246,232,256,266" oya="1" hai0="18,34,47,63,115,103,88,49,91,59,3,122,74" hai1="32,54,45,89,98,121,61,33,52,83,80,10,56" hai2="46,48,100,17,2,130,42,20,4,73,64,108,120" hai3="69,24,84,118,12,78,117,94,14,125,16,86,50"/><U111/><E121/><V71/><F108/><W123/><G123/><T11/><D122/><U58/><E111/><V82/><F120/><W127/><G69/><T23/><D34/><U41/><E10/><V109/><F109/><W77/><G50/><T134/><D74/><U101/><E33/><V55/><F100/><W25/><G94/><T43/><D115/><U131/><E131/><V38/><F130/><W28/><G16/><T135/><D103/><U128/><E32/><V60/><F4/><W62/><G62/><T72/><D72/><U1/><E1/><V110/><F2/><W22/><G22/><T37/><D37/><U36/><E89/><V85/><F73/><W81/><G81/><T126/><D126/><U15/><E15/><V44/><F110/><W102/><G102/><T119/><D119/><U79/><E79/><V67/><F67/><W76/><G76/><T26/><D3/><U21/><E21/><V57/><F46/><W105/><REACH who="3" step="1"/><G28/><REACH who="3" ten="246,232,256,256" step="2"/><T30/><D30/><U29/><E29/><V40/><F20/><W35/><G35/><T104/><D23/><U92/><E128/><V0/><F17/><W129/><G129/><T133/><D18/><U95/><E92/><V99/><F82/><W113/><G113/><T19/><D19/><U93/><E95/><V39/><F39/><W87/><G87/><T116/><D135/><U106/><E93/><V65/><F85/><W7/><G7/><T66/><D134/><U68/><E68/><V112/><F71/><W132/><G132/><T8/><D133/><U97/><E97/><V70/><F99/><RYUUKYOKU ba="0,1" sc="246,-15,232,15,256,-15,256,15" hai1="36,41,45,52,54,56,58,61,80,83,98,101,106" hai3="12,14,24,25,77,78,84,86,105,117,118,125,127" /><INIT seed="5,1,1,4,2,119" ten="231,247,241,271" oya="1" hai0="10,56,18,41,24,65,78,79,125,101,94,17,25" hai1="128,64,38,14,97,9,103,95,12,102,132,92,2" hai2="77,29,106,67,105,73,54,91,50,134,127,112,42" hai3="3,71,23,68,49,19,57,52,133,121,93,66,28"/><U84/><E38/><V122/><F122/><W114/><G28/><T26/><D125/><U43/><E132/><V22/><F127/><W16/><G121/><T37/><D41/><U130/><E43/><V45/><F134/><W89/><G133/><T1/><D37/><U86/><E64/><V31/><F67/><W113/><G3/><T44/><D44/><U21/><E21/><V59/><F91/><W74/><G74/><T83/><D1/><U115/><E2/><V20/><F20/><W53/><G53/><T110/><D110/><U4/><E115/><N who="3" m="44042" /><G66/><T80/><D83/><U55/><E55/><V51/><F31/><W111/><G111/><T81/><D80/><U96/><REACH who="1" step="1"/><E14/><REACH who="1" ten="231,237,241,271" step="2"/><V33/><F112/><W116/><G116/><T69/><D69/><N who="3" m="26697" /><G23/><T7/><D65/><U118/><E118/><V126/><F126/><W62/><G62/><T11/><D11/><U85/><AGARI ba="1,2" hai="4,9,12,84,85,86,92,95,96,97,102,103,128,130" machi="85" ten="30,6000,0" yaku="1,1,0,1,9,1,53,0" doraHai="119" doraHaiUra="120" who="1" fromWho="1" sc="231,-21,237,83,241,-21,271,-21" owari="210,-29.0,320,42.0,220,-18.0,250,5.0" /></mjloggm>