<mjloggm ver="2.3"><GO type="169" lobby="0"/><UN n0="%2D%E8%B1%8A%E5%8F%A3%E3%82%81%E3%81%90%E3%81%BF%2D" n1="%EF%BC%81%E2%80%9D%EF%BC%83%EF%BC%84%EF%BC%85%EF%BC%86%E2%80%99%EF%BC%88" n2="%E3%81%8B%E3%82%81%E3%81%98%E3%82%8D%E3%81%86" n3="%E3%81%9D%E3%81%B5%E3%81%81%E3%82%82%E3%82%93" dan="17,17,16,16" rate="2268.80,2142.33,2167.34,2165.64" sx="F,M,M,M"/><TAIKYOKU oya="0"/><INIT seed="0,0,0,3,1,104" ten="250,250,250,250" oya="0" hai0="65,27,71,55,133,107,116,59,63,125,97,8,83" hai1="39,98,47,24,58,1,13,18,40,84,56,130,14" hai2="78,36,70,111,10,131,128,68,17,42,33,0,30" hai3="52,115,134,61,51,120,95,124,102,53,129,92,4"/><T112/><D112/><U28/><E1/><V35/><F111/><W54/><G129/><N who="2" m="49737" /><F78/><W127/><G134/><T49/><D116/><U64/><E130/><V72/><F17/><W26/><G115/><T50/><D133/><U5/><E64/><V25/><F33/><W19/><G4/><T82/><D125/><U135/><E135/><V76/><F42/><W93/><G120/><T113/><D113/><U99/><E84/><V16/><F36/><W7/><G7/><T94/><D107/><U114/><E5/><N who="2" m="1319" /><F16/><W9/><G61/><T67/><D8/><U57/><E114/><V41/><F41/><W110/><G110/><T88/><D67/><U48/><E39/><V103/><F103/><W34/><G102/><T75/><D75/><U87/><E87/><V119/><F119/><W46/><G9/><T21/><REACH who="0" step="1"/><D49/><REACH who="0" ten="240,250,250,250" step="2"/><U100/><E48/><V38/><F38/><W44/><G51/><T22/><D22/><U132/><E132/><V101/><F101/><W123/><G123/><T43/><D43/><U108/><E40/><V117/><F117/><W45/><G34/><T32/><D32/><U23/><E100/><V3/><F3/><W60/><G60/><T121/><D121/><U11/><E108/><V31/><F31/><AGARI ba="0,1" hai="21,27,31,50,55,59,63,65,71,82,83,88,94,97" machi="31" ten="30,5800,0" yaku="1,1,7,1,54,1,53,0" doraHai="104" doraHaiUra="73" who="0" fromWho="2" sc="240,68,250,0,250,-58,250,0" /><INIT seed="0,1,0,5,2,108" ten="308,250,192,250" oya="0" hai0="104,13,102,15,98,73,75,95,125,39,21,119,16" hai1="93,38,84,78,2,52,3,33,110,94,60,77,109" hai2="129,121,90,118,40,63,76,19,81,50,92,88,55" hai3="113,100,117,32,105,116,91,120,28,61,27,89,130"/><T62/><D119/><U6/><E33/><V86/><F129/><W5/><G113/><T103/><D39/><U114/><E38/><V44/><F118/><W131/><G120/><T106/><D125/><U18/><E18/><V124/><F124/><W41/><G41/><T99/><D95/><U4/><E60/><V9/><F121/><W29/><G5/><T17/><REACH who="0" step="1"/><D62/><REACH who="0" ten="298,250,192,250" step="2"/><U7/><E94/><V34/><F34/><W0/><G61/><T45/><D45/><U48/><E93/><V72/><F92/><W122/><G32/><T112/><D112/><U123/><E114/><V111/><F111/><W53/><G116/><T20/><AGARI ba="1,1" hai="13,15,16,17,20,21,73,75,98,99,102,103,104,106" machi="20" ten="20,18000,2" yaku="1,1,0,1,7,1,32,3,54,1,53,0" doraHai="108" doraHaiUra="47" who="0" fromWho="0" sc="298,193,250,-61,192,-61,250,-61" /><INIT seed="0,2,0,3,4,20" ten="491,189,131,189" oya="0" hai0="100,79,11,95,130,67,76,93,33,85,23,113,87" hai1="16,128,26,80,37,21,55,65,15,13,54,83,68" hai2="40,25,53,12,56,29,133,92,131,127,69,47,8" hai3="123,98,38,71,129,5,39,89,1,73,31,90,58"/><T97/><D33/><U106/><E106/><V91/><F127/><W78/><G71/><T94/><D67/><U118/><E118/><V3/><F131/><W81/><G129/><T124/><D130/><U6/><E37/><V62/><F133/><W42/><G38/><T30/><D113/><U82/><E128/><V96/><F3/><W120/><G58/><T115/><D115/><U70/><E70/><V64/><F69/><W50/><G50/><T51/><D11/><U49/><E6/><V36/><F64/><W63/><G63/><T114/><D114/><U101/><E101/><V84/><F96/><W60/><G60/><T107/><D51/><U126/><E126/><V86/><F86/><N who="0" m="32778" /><D23/><U88/><E65/><V134/><F134/><W61/><G61/><T9/><D9/><U122/><E68/><V77/><F77/><N who="0" m="29770" /><D30/><U75/><E54/><V132/><F132/><W117/><G31/><T27/><D27/><U14/><E55/><V108/><F12/><W45/><G117/><T74/><D124/><U72/><E49/><V19/><F8/><N who="3" m="2095" /><G98/><N who="0" m="61847" /><D74/><U103/><E75/><V0/><F0/><W104/><G104/><T66/><D66/><U46/><E72/><V125/><F125/><W18/><G18/><T102/><AGARI ba="2,0" hai="93,94,95,97,102" m="61847,29770,32778" machi="102" ten="30,12000,1" yaku="35,5" doraHai="20" who="0" fromWho="0" sc="491,126,189,-42,131,-42,189,-42" /><INIT seed="0,3,0,0,4,2" ten="617,147,89,147" oya="0" hai0="49,26,15,46,21,47,12,110,89,1,83,126,29" hai1="105,9,40,14,128,70,64,6,42,63,28,72,55" hai2="93,102,24,66,52,27,31,4,118,82,94,43,59" hai3="124,90,75,62,60,100,80,132,115,103,113,114,119"/><T34/><D1/><U97/><E72/><V74/><F118/><W122/><G119/><T37/><D126/><U45/><E128/><V36/><F66/><W99/><G60/><T123/><D123/><U88/><E28/><V58/><F36/><W85/><G62/><T133/><D133/><U33/><E33/><V54/><F43/><W50/><G50/><T10/><D110/><U25/><E25/><V13/><F74/><W120/><G124/><T125/><D125/><U18/><E18/><V3/><F82/><W65/><G65/><T8/><D37/><U16/><E16/><V112/><F112/><W111/><G111/><T81/><D34/><U86/><E97/><V41/><F41/><W95/><G132/><T19/><D89/><U79/><E105/><V76/><F76/><W134/><G134/><T101/><D101/><U109/><E79/><V68/><F68/><W92/><G75/><T35/><D35/><U121/><E121/><N who="3" m="46698" /><G100/><T69/><D69/><U98/><E98/><V129/><F102/><W51/><G51/><T17/><REACH who="0" step="1"/><D47/><REACH who="0" ten="607,147,89,147" step="2"/><U53/><E109/><V39/><F3/><W77/><G77/><T71/><D71/><U117/><E117/><V127/><F127/><W130/><G130/><T67/><D67/><U20/><E45/><V135/><F39/><W84/><G103/><T116/><D116/><U104/><E64/><V78/><F135/><W73/><G115/><T91/><D91/><U131/><E88/><V22/><F78/><N who="3" m="44111" /><G85/><T107/><D107/><U0/><E70/><V44/><F129/><W5/><G114/><T96/><D96/><RYUUKYOKU ba="3,1" sc="607,30,147,-10,89,-10,147,-10" hai0="8,10,12,15,17,19,21,26,29,46,49,81,83" /><INIT seed="0,4,1,3,2,94" ten="637,137,79,137" oya="0" hai0="70,40,39,90,16,30,13,112,92,56,21,82,68" hai1="103,89,38,110,106,3,100,31,53,97,61,14,125" hai2="116,35,41,96,45,25,126,104,48,10,36,80,18" hai3="27,91,19,130,66,77,52,102,47,34,72,132,113"/><T115/><D82/><U22/><E3/><V114/><F114/><W78/><G113/><T50/><D115/><U79/><E38/><V64/><F126/><W8/><G130/><T109/><D112/><U63/><E125/><V99/><F104/><W124/><G124/><T128/><D128/><U117/><E117/><V4/><F64/><W9/><G132/><T67/><D109/><U1/><E1/><V76/><F116/><W71/><G102/><T73/><D73/><U43/><E43/><V15/><F36/><W44/><G91/><T42/><D30/><U26/><E79/><V33/><F18/><W51/><G44/><T85/><D67/><U69/><E69/><N who="0" m="26729" /><D39/><U29/><E29/><V75/><REACH who="2" step="1"/><F25/><REACH who="2" ten="637,137,69,137" step="2"/><W122/><G19/><T133/><D133/><U0/><E26/><V28/><F28/><W62/><G27/><T37/><D37/><U24/><E24/><V20/><F20/><W127/><G127/><T81/><D81/><U120/><E22/><V118/><F118/><W95/><G66/><T105/><D105/><U58/><E106/><V134/><F134/><W59/><G71/><T23/><D23/><U5/><E31/><V123/><F123/><W57/><G122/><T119/><D119/><U129/><E120/><V121/><F121/><W2/><G9/><T135/><D135/><U54/><E129/><V46/><F46/><W83/><G47/><T74/><D74/><U32/><E58/><V12/><F12/><W49/><G59/><T108/><D108/><U101/><E110/><V111/><F111/><W107/><G107/><T87/><D56/><RYUUKYOKU ba="4,2" sc="637,-10,137,-10,69,30,137,-10" hai2="4,10,15,33,35,41,45,48,75,76,80,96,99" /><INIT seed="1,5,2,3,5,17" ten="627,127,99,127" oya="1" hai0="134,106,49,85,29,65,77,26,66,36,0,86,46" hai1="52,20,74,75,90,133,7,21,56,60,103,37,3" hai2="110,51,55,50,45,59,88,87,129,89,95,24,70" hai3="131,48,115,98,41,42,96,43,5,64,23,9,8"/><U105/><E37/><V71/><F110/><W120/><G115/><T83/><D134/><U68/><E133/><V34/><F129/><W122/><G131/><T127/><D127/><U128/><E128/><V44/><F34/><W6/><G64/><T91/><D106/><U30/><E68/><V109/><F109/><W111/><G111/><T11/><D36/><U63/><E103/><V81/><F24/><W62/><G48/><T10/><D0/><U84/><E105/><V118/><F118/><W92/><G92/><T126/><D126/><U132/><E7/><V107/><F107/><W76/><G76/><T78/><D78/><U108/><E3/><V32/><F32/><W16/><G62/><T2/><D2/><U35/><E60/><V112/><F112/><W93/><G120/><T102/><D102/><U79/><E79/><V114/><F114/><W1/><G122/><T18/><D18/><U28/><E132/><V104/><F104/><W14/><REACH who="3" step="1"/><G93/><REACH who="3" ten="627,127,99,117" step="2"/><N who="0" m="54511" /><D66/><U124/><E108/><V47/><REACH who="2" step="1"/><F50/><REACH who="2" ten="627,127,89,117" step="2"/><W113/><G113/><T31/><D49/><U72/><E124/><V119/><F119/><W97/><G97/><AGARI ba="5,4" hai="44,45,47,51,55,59,70,71,81,87,88,89,95,97" machi="97" ten="40,2600,0" yaku="1,1,54,1,53,0" doraHai="17" doraHaiUra="130" who="2" fromWho="3" sc="627,0,127,0,89,81,117,-41" /><INIT seed="2,0,0,0,5,130" ten="627,127,170,76" oya="2" hai0="93,60,13,50,124,126,110,40,53,37,57,90,25" hai1="3,116,85,115,64,32,127,131,33,65,34,58,66" hai2="95,36,31,117,80,59,19,43,29,99,74,6,89" hai3="105,46,98,125,109,97,103,44,27,62,30,122,12"/><V61/><F117/><W84/><G122/><T87/><D110/><U39/><E116/><V132/><F6/><W56/><G109/><T0/><D0/><U134/><E115/><V35/><F43/><W71/><G125/><N who="0" m="48235" /><D25/><U100/><E127/><V78/><F36/><W8/><G97/><T119/><D119/><U17/><E3/><V111/><F111/><W45/><G84/><T123/><D123/><U112/><E112/><V75/><F75/><W76/><G76/><T92/><D37/><U24/><E39/><V135/><F19/><W94/><G71/><T81/><D13/><U20/><E100/><V5/><F5/><W129/><G105/><T118/><D118/><U55/><E85/><V16/><F16/><W91/><G129/><T63/><D40/><U9/><E9/><V79/><F78/><W51/><G91/><N who="0" m="51695" /><D93/><U11/><E11/><V49/><F49/><W128/><G128/><T48/><D63/><U42/><E42/><V47/><F47/><W15/><G8/><T2/><D2/><U102/><E131/><V107/><F107/><W52/><REACH who="3" step="1"/><G51/><REACH who="3" ten="627,127,170,66" step="2"/><T1/><D1/><U38/><E38/><V82/><F82/><W73/><G73/><T28/><D48/><U21/><E102/><V133/><F35/><AGARI ba="0,1" hai="12,15,27,30,35,44,45,46,52,56,62,94,98,103" machi="35" ten="40,5200,0" yaku="1,1,54,1,53,1" doraHai="130" doraHaiUra="26" who="3" fromWho="2" sc="627,0,127,0,170,-52,66,62" /><INIT seed="3,0,0,3,0,79" ten="627,127,118,128" oya="3" hai0="121,3,24,25,122,2,7,39,21,23,106,128,56" hai1="62,47,43,73,94,131,33,52,123,28,17,11,130" hai2="4,67,15,68,20,99,125,119,70,32,80,55,124" hai3="27,78,13,114,110,115,82,109,58,118,12,92,38"/><W108/><G38/><T35/><D106/><U0/><E123/><V42/><F32/><W37/><G37/><T22/><D39/><U103/><E73/><V16/><F119/><W26/><G118/><T51/><D51/><U90/><E103/><V87/><F42/><W46/><G92/><T85/><D56/><U64/><E28/><V40/><F40/><W44/><G58/><T36/><D85/><U129/><E33/><V126/><F4/><W111/><G110/><T117/><D36/><U81/><E43/><V132/><F132/><W29/><G12/><T30/><D117/><U65/><E81/><V112/><F112/><N who="3" m="43051" /><G13/><T53/><D53/><U84/><E62/><V133/><F133/><W100/><G100/><T135/><D135/><U10/><E0/><N who="0" m="41" /><D7/><U116/><E116/><V66/><F55/><W93/><G93/><T8/><D8/><N who="1" m="3115" /><E17/><V19/><F99/><W60/><G60/><T86/><D86/><U134/><E134/><V77/><REACH who="2" step="1"/><F19/><REACH who="2" ten="627,127,108,128" step="2"/><W76/><G29/><N who="0" m="19879" /><D128/><U34/><E34/><AGARI ba="0,1" hai="21,22,23,25,30,34,121,122" m="19879,41" machi="34" ten="30,2000,0" yaku="34,2" doraHai="79" who="0" fromWho="1" sc="627,30,127,-20,108,0,128,0" /><INIT seed="4,0,0,4,2,28" ten="657,107,108,128" oya="0" hai0="7,90,50,59,32,81,126,45,23,71,19,25,14" hai1="37,92,12,20,108,0,134,65,133,44,55,56,89" hai2="95,75,63,76,30,135,46,97,79,68,21,129,104" hai3="130,10,125,102,86,15,116,111,87,131,99,62,121"/><T42/><D71/><U5/><E108/><V91/><F129/><W9/><G116/><T88/><D126/><U123/><E123/><V16/><F135/><W36/><G36/><T57/><D32/><U24/><E0/><V38/><F104/><W122/><G62/><T115/><D115/><U127/><E65/><V40/><F75/><W83/><G15/><T17/><D7/><U39/><E127/><V66/><REACH who="2" step="1"/><F30/><REACH who="2" ten="657,107,98,128" step="2"/><W93/><G130/><T27/><D27/><AGARI ba="0,1" hai="16,21,27,38,40,46,63,66,68,76,79,91,95,97" machi="27" ten="30,7700,0" yaku="1,1,2,1,7,1,54,1,53,0" doraHai="28" doraHaiUra="31" who="2" fromWho="0" sc="657,-77,107,0,98,87,128,0" /><INIT seed="5,0,0,3,3,0" ten="580,107,185,128" oya="1" hai0="101,33,77,112,89,45,69,71,74,24,22,63,114" hai1="21,28,79,5,31,13,68,20,84,86,16,42,41" hai2="53,124,55,127,7,76,80,67,118,47,4,98,9" hai3="1,14,97,62,6,130,100,34,131,65,30,46,38"/><U111/><E68/><V126/><F118/><W51/><G38/><T72/><D33/><U129/><E129/><N who="3" m="49162" /><G1/><T95/><D101/><U87/><E111/><V58/><F98/><W8/><G30/><T121/><D45/><U56/><E79/><V83/><F9/><W11/><G34/><T57/><D121/><U60/><E5/><N who="2" m="2123" /><F47/><W122/><G11/><T88/><D71/><U70/><E70/><V10/><F10/><W44/><G122/><T52/><D69/><U117/><E117/><V3/><F3/><W54/><G46/><T27/><D27/><N who="1" m="16495" /><E31/><V66/><F55/><AGARI ba="0,0" hai="13,16,20,41,42,55,56,60,84,86,87" m="16495" machi="55" ten="30,2900,0" yaku="8,1,54,1" doraHai="0" who="1" fromWho="2" sc="580,0,107,29,185,-29,128,0" /><INIT seed="5,1,0,0,0,90" ten="580,136,156,128" oya="1" hai0="55,51,5,120,127,66,11,82,8,50,65,79,47" hai1="92,17,71,103,41,112,78,39,81,102,60,133,84" hai2="4,34,89,7,107,22,115,93,67,94,100,88,16" hai3="119,118,52,114,105,117,135,13,123,130,108,72,132"/><U29/><E112/><V30/><F115/><W70/><G13/><T2/><D127/><U1/><E1/><V95/><F67/><W28/><G28/><T40/><D11/><U57/><E71/><V53/><F34/><W24/><G24/><T15/><D2/><U99/><E133/><V69/><F69/><W101/><G52/><T48/><D120/><U45/><E17/><V113/><F113/><W86/><G70/><T37/><REACH who="0" step="1"/><D55/><REACH who="0" ten="570,136,156,128" step="2"/><U38/><E38/><V68/><F53/><W104/><G123/><T32/><D32/><U80/><E39/><V97/><F68/><W10/><G10/><T110/><D110/><U124/><E124/><V122/><F122/><W64/><G114/><T75/><AGARI ba="1,1" hai="5,8,15,37,40,47,48,50,51,65,66,75,79,82" machi="75" ten="30,2000,0" yaku="1,1,0,1,53,0" doraHai="90" doraHaiUra="128" who="0" fromWho="0" sc="570,33,136,-11,156,-6,128,-6" /><INIT seed="6,0,0,4,1,79" ten="603,125,150,122" oya="2" hai0="131,57,2,29,17,69,93,123,118,71,50,87,26" hai1="135,88,89,92,30,124,25,76,49,121,83,95,62" hai2="21,80,52,81,36,91,67,33,115,58,109,10,101" hai3="24,119,132,73,105,102,127,128,19,46,22,53,63"/><V47/><F33/><W70/><G119/><T108/><D108/><U125/><E135/><V68/><F109/><W12/><G127/><N who="1" m="48714" /><E121/><V66/><F115/><W100/><G128/><T120/><D2/><U84/><E49/><V99/><F10/><W104/><G132/><T117/><D17/><U129/><E62/><V107/><F21/><W72/><G70/><T4/><D4/><U6/><E6/><V133/><F133/><W39/><G104/><T14/><D14/><U7/><E7/><V9/><F9/><W5/><G39/><T45/><D57/><U85/><E129/><V13/><F13/><W11/><G105/><T61/><D93/><N who="1" m="35915" /><E84/><V41/><F91/><W90/><G90/><T54/><D87/><U112/><E112/><V82/><REACH who="2" step="1"/><F68/><REACH who="2" ten="603,125,140,122" step="2"/><W55/><G11/><T20/><D131/><U59/><E59/><V130/><F130/><W110/><G12/><T103/><D71/><U116/><E116/><N who="0" m="44649" /><D103/><U60/><E60/><AGARI ba="0,1" hai="36,41,47,52,58,60,66,67,80,81,82,99,101,107" machi="60" ten="40,12000,1" yaku="1,1,52,3,54,1,53,0" doraHai="79" doraHaiUra="28" who="2" fromWho="1" sc="603,0,125,-120,140,130,122,0" /><INIT seed="6,1,0,1,0,94" ten="603,5,270,122" oya="2" hai0="85,124,11,111,42,41,104,47,35,134,40,112,72" hai1="17,71,127,92,58,39,117,45,46,114,96,98,13" hai2="65,81,52,76,33,106,68,64,37,84,14,67,19" hai3="97,69,32,6,118,90,57,21,48,102,59,133,16"/><V129/><F129/><W73/><G118/><T23/><D35/><U24/><E71/><V105/><F33/><W77/><G69/><T108/><D72/><U66/><E117/><V115/><F68/><W29/><G6/><T30/><D104/><U26/><E114/><V128/><F128/><W89/><G133/><T135/><D112/><U82/><E82/><V22/><F37/><W0/><G0/><T55/><D11/><N who="1" m="6335" /><E39/><V101/><F115/><W80/><G29/><T78/><D124/><U61/><E92/><V93/><REACH who="2" step="1"/><F52/><REACH who="2" ten="603,5,260,122" step="2"/><W28/><G32/><T125/><D55/><U20/><E127/><V51/><F51/><W119/><G48/><T123/><D125/><U50/><E46/><V88/><F88/><W56/><G89/><T25/><D47/><U95/><E95/><V5/><F5/><W9/><G90/><T113/><D113/><U109/><E109/><V91/><F91/><W116/><G116/><T100/><D111/><U15/><E50/><V10/><F10/><W130/><G9/><T49/><D108/><U79/><E45/><V4/><F4/><W62/><G130/><T34/><D34/><U3/><E3/><V53/><F53/><W126/><G126/><T2/><D2/><U122/><E122/><V132/><F132/><N who="0" m="50730" /><D49/><U43/><E43/><V60/><F60/><W83/><G62/><T54/><D54/><U27/><E79/><V121/><F121/><W110/><G110/><T131/><D123/><U87/><E87/><V36/><F36/><W107/><G119/><T70/><D131/><U120/><E120/><V7/><F7/><RYUUKYOKU ba="1,1" sc="603,-15,5,15,260,15,122,-15" hai1="15,20,24,26,27,58,61,66,96,98" hai2="14,19,22,64,65,67,76,81,84,93,101,105,106" /><INIT seed="6,2,1,0,3,48" ten="588,20,275,107" oya="2" hai0="70,113,19,10,82,14,135,35,58,89,11,103,98" hai1="65,55,49,83,121,123,26,71,122,63,131,80,100" hai2="1,95,13,23,67,4,88,108,56,90,41,36,15" hai3="91,85,39,3,134,87,34,30,22,45,117,116,21"/><V74/><F74/><W12/><G3/><T66/><D70/><U133/><E131/><V37/><F108/><W73/><G73/><T60/><D35/><U75/><E133/><V38/><F41/><W57/><G134/><T61/><D135/><U32/><E75/><V20/><F1/><W110/><G110/><T129/><D129/><U47/><REACH who="1" step="1"/><E100/><REACH who="1" ten="588,10,275,107" step="2"/><V18/><F38/><W44/><G39/><T79/><D103/><U94/><E94/><V86/><F90/><W119/><G91/><T124/><D89/><U69/><E69/><V9/><REACH who="2" step="1"/><F23/><REACH who="2" ten="588,10,265,107" step="2"/><W127/><G21/><T76/><D76/><U102/><E102/><V84/><F84/><W16/><G85/><T111/><D79/><U25/><E25/><V17/><F17/><W78/><G87/><T99/><D111/><U40/><E40/><V7/><F7/><W64/><G78/><T0/><D0/><U77/><E77/><V104/><F104/><W6/><G6/><T68/><D19/><U109/><E109/><V52/><F52/><W5/><G5/><T128/><D128/><U114/><E114/><V31/><F31/><AGARI ba="2,3" hai="26,31,32,47,49,55,63,65,71,80,83,121,122,123" machi="31" ten="40,5200,0" yaku="1,1,13,1,52,1,53,0" doraHai="48" doraHaiUra="72" who="1" fromWho="2" sc="588,0,10,88,265,-58,107,0" /><INIT seed="7,0,0,0,0,4" ten="588,98,207,107" oya="3" hai0="128,68,32,100,91,66,60,81,71,57,127,47,19" hai1="10,8,9,12,59,51,107,27,79,40,97,35,33" hai2="64,116,76,44,1,34,21,120,113,16,42,37,134" hai3="49,92,103,126,114,98,105,119,31,132,125,22,24"/><W75/><G119/><T78/><D32/><U6/><E79/><V65/><F116/><W90/><G114/><T72/><D100/><U28/><E33/><V48/><F34/><W5/><G132/><T118/><D118/><U50/><E40/><V94/><F1/><W13/><G75/><T0/><D0/><U101/><REACH who="1" step="1"/><E51/><REACH who="1" ten="588,88,207,107" step="2"/><V62/><F48/><W63/><G49/><T123/><D123/><U52/><AGARI ba="0,1" hai="6,8,9,10,12,27,28,35,50,52,59,97,101,107" machi="52" ten="30,12000,2" yaku="1,1,2,1,0,1,52,3,54,1,53,0" doraHai="4" doraHaiUra="58" who="1" fromWho="1" sc="588,-30,88,130,207,-30,107,-60" owari="558,65.0,218,2.0,177,-22.0,47,-45.0" /></mjloggm>