<mjloggm ver="2.3"><GO type="185" lobby="0"/><UN n0="%E5%A4%A7%E5%92%8C%E6%A1%9C" n1="%E5%A4%A7%E5%9B%9B%E5%96%9C%E6%B8%85%E8%80%81%E9%A0%AD" n2="%65%6C%79%73%69%61" n3="" dan="18,16,16,0" rate="2354.47,2154.32,2115.47,1500.00" sx="F,M,M,C"/><TAIKYOKU oya="0"/><INIT seed="0,0,0,5,1,88" ten="350,350,350,0" oya="0" hai0="119,70,79,121,78,103,114,48,94,85,40,67,39" hai1="113,101,42,74,82,47,117,109,57,62,91,3,55" hai2="96,72,68,60,95,86,58,73,41,100,49,71,66" hai3=""/><T87/><N who="0" m="31008" /><T99/><D114/><U0/><E117/><V44/><REACH who="2" step="1"/><F86/><REACH who="2" ten="350,350,340,0" step="2"/><T63/><D119/><U102/><E0/><V84/><F84/><T127/><D127/><U118/><E3/><V111/><F111/><T126/><D126/><U36/><E109/><V46/><F46/><T65/><D85/><U32/><E118/><V54/><F54/><T35/><D35/><U69/><E55/><V122/><N who="2" m="31264" /><V2/><F2/><T45/><D67/><U76/><E47/><V33/><F33/><T104/><REACH who="0" step="1"/><D39/><REACH who="0" ten="340,350,340,0" step="2"/><U34/><E36/><V93/><F93/><T134/><D134/><U115/><E32/><V106/><F106/><T132/><D132/><U129/><E34/><V131/><F131/><T92/><D92/><U125/><E129/><V56/><F56/><T110/><D110/><U38/><E125/><V53/><F53/><T1/><D1/><U133/><E133/><V135/><F135/><T61/><D61/><U130/><E130/><V59/><F59/><T116/><D116/><U50/><E62/><V124/><F124/><T90/><AGARI ba="0,2" hai="40,45,48,63,65,70,78,79,87,90,94,99,103,104" m="31008" machi="90" ten="30,7800,0" yaku="1,1,0,1,52,2,53,0" doraHai="88" doraHaiUra="112" who="0" fromWho="0" sc="340,98,350,-39,340,-39,0,0" /><INIT seed="0,1,0,5,0,108" ten="438,311,301,0" oya="0" hai0="44,73,98,80,75,102,89,130,1,133,51,76,106" hai1="71,43,41,49,114,72,112,48,109,103,104,129,82" hai2="54,77,60,57,120,61,79,93,92,94,65,87,47" hai3=""/><T42/><D1/><U135/><E71/><V125/><N who="2" m="30752" /><V131/><F131/><T34/><D130/><U78/><E129/><V35/><F35/><T122/><N who="0" m="31264" /><T85/><D133/><U113/><E109/><V126/><F87/><T128/><D128/><U3/><E135/><V119/><F119/><T81/><REACH who="0" step="1"/><D34/><REACH who="0" ten="428,311,301,0" step="2"/><U36/><E3/><V64/><F126/><T88/><D88/><U134/><E134/><V86/><F125/><T33/><D33/><U32/><E32/><V121/><N who="2" m="31008" /><V56/><F86/><AGARI ba="1,1" hai="42,44,51,73,75,76,80,81,85,86,89,98,102,106" m="31264" machi="86" ten="30,11600,0" yaku="1,1,7,1,52,1,53,1" doraHai="108" doraHaiUra="45" who="0" fromWho="2" sc="428,128,311,0,301,-118,0,0" /><INIT seed="0,2,0,1,5,35" ten="556,311,183,0" oya="0" hai0="112,114,133,95,97,103,118,99,132,72,107,134,59" hai1="79,48,122,45,127,65,109,93,58,80,91,125,40" hai2="92,75,76,124,62,111,71,47,115,123,81,131,88" hai3=""/><T61/><D72/><U37/><N who="1" m="31264" /><U87/><E109/><V32/><N who="2" m="31520" /><V38/><F115/><T120/><N who="0" m="30752" /><T41/><D41/><U98/><REACH who="1" step="1"/><E48/><REACH who="1" ten="556,301,183,0" step="2"/><V121/><N who="2" m="31008" /><V54/><F111/><T34/><D34/><U36/><E36/><V42/><F32/><T50/><D50/><U77/><E77/><V66/><F124/><T90/><REACH who="0" step="1"/><D118/><REACH who="0" ten="546,301,183,0" step="2"/><U68/><E68/><V102/><F38/><T128/><D128/><U96/><E96/><V105/><F131/><T63/><D63/><AGARI ba="2,2" hai="37,40,45,58,63,65,79,80,87,91,93,98,125,127" m="31264" machi="63" ten="40,5200,0" yaku="1,1,52,1,53,1" doraHai="35" doraHaiUra="85" who="1" fromWho="0" sc="546,-56,301,76,183,0,0,0" /><INIT seed="1,0,0,2,1,95" ten="490,377,183,0" oya="1" hai0="100,57,92,32,122,64,121,133,131,3,43,118,123" hai1="87,67,105,52,70,47,90,71,115,129,60,1,96" hai2="62,94,97,54,51,38,116,0,61,72,114,59,119" hai3=""/><U35/><E35/><V120/><N who="2" m="30752" /><V84/><F72/><T125/><N who="0" m="31008" /><T86/><N who="0" m="31264" /><T82/><N who="0" m="31520" /><T103/><D32/><U124/><E115/><V111/><F38/><T78/><D3/><U68/><E1/><V33/><F33/><T83/><D133/><U73/><E73/><V34/><F34/><T93/><D125/><U77/><E77/><V41/><F114/><T50/><D131/><U101/><E124/><V110/><F84/><T36/><D118/><U108/><E129/><V74/><F74/><T117/><D117/><U69/><E108/><N who="2" m="41515" /><F0/><T109/><D82/><U91/><REACH who="1" step="1"/><E87/><REACH who="1" ten="490,367,183,0" step="2"/><V76/><F76/><T37/><D109/><U45/><E45/><V132/><F119/><T127/><D127/><U88/><E88/><V48/><F116/><T2/><D2/><U42/><E42/><V99/><F132/><T39/><D43/><U49/><AGARI ba="0,1" hai="47,49,52,60,67,68,69,70,71,90,91,96,101,105" machi="49" ten="40,8000,1" yaku="1,1,0,1,52,1,54,1,53,0" doraHai="95" doraHaiUra="113" who="1" fromWho="1" sc="490,-40,367,90,183,-40,0,0" /><INIT seed="1,1,0,2,4,81" ten="450,457,143,0" oya="1" hai0="72,98,97,63,45,73,35,0,55,118,60,86,103" hai1="1,68,89,104,113,96,124,135,61,41,105,82,111" hai2="128,52,117,42,34,85,109,43,87,115,92,99,119" hai3=""/><U80/><E1/><V69/><F109/><T127/><D0/><U79/><E113/><V132/><F128/><T32/><D127/><U66/><E124/><V131/><F131/><T123/><N who="0" m="31520" /><T3/><D3/><U46/><E135/><V134/><F69/><T64/><D118/><U44/><E111/><V78/><F78/><T129/><D129/><U65/><E65/><V50/><F34/><T100/><D45/><U126/><E126/><V133/><F115/><T130/><D130/><U2/><E2/><V75/><F75/><T114/><D64/><U91/><E91/><V54/><F54/><T49/><D55/><U33/><E33/><V84/><F119/><T125/><D125/><U37/><E46/><V71/><F71/><T56/><D114/><U101/><E89/><V36/><F36/><T38/><D38/><U116/><E116/><V95/><F117/><T47/><D47/><U77/><E105/><V90/><F95/><T48/><REACH who="0" step="1"/><D56/><AGARI ba="1,0" hai="42,43,50,52,56,84,85,87,90,92,99,132,133,134" machi="56" ten="50,8000,1" yaku="20,1,52,3,54,1" doraHai="81" who="2" fromWho="0" sc="450,-82,457,0,143,82,0,0" /><INIT seed="2,0,0,2,2,120" ten="368,457,225,0" oya="2" hai0="98,99,133,110,60,34,38,65,76,62,63,55,118" hai1="64,32,47,54,42,127,41,0,124,53,82,86,52" hai2="108,95,107,129,59,81,104,83,56,134,50,70,40" hai3=""/><V33/><F33/><T77/><D34/><U74/><E32/><V111/><F70/><T115/><D118/><U88/><E0/><V89/><F134/><T58/><D38/><U102/><E74/><V97/><F129/><T69/><D133/><U128/><E128/><V39/><F39/><T2/><D2/><U112/><E112/><V3/><F3/><T109/><D63/><U75/><E75/><V101/><F40/><T48/><D115/><U113/><E113/><V1/><F1/><T100/><D48/><U131/><E41/><V106/><F50/><T114/><D98/><U123/><E131/><V44/><F44/><T51/><D51/><U71/><E47/><V79/><F101/><T43/><D43/><U122/><E102/><V103/><F103/><T94/><REACH who="0" step="1"/><D114/><REACH who="0" ten="358,457,225,0" step="2"/><U119/><N who="1" m="31264" /><U121/><E42/><V135/><F135/><T35/><D35/><U45/><E123/><V36/><F36/><T125/><D125/><U57/><E121/><V85/><REACH who="2" step="1"/><F83/><REACH who="2" ten="358,457,215,0" step="2"/><T126/><D126/><U73/><E124/><V46/><F46/><T116/><D116/><U91/><E119/><V92/><F92/><T37/><D37/><U132/><E127/><V61/><F61/><T84/><D84/><U87/><E86/><RYUUKYOKU ba="0,2" sc="358,10,457,-20,215,10,0,0" hai0="55,58,60,62,65,69,76,77,94,99,100,109,110" hai2="56,59,79,81,85,89,95,97,104,106,107,108,111" /><INIT seed="2,1,2,1,1,65" ten="368,437,225,0" oya="2" hai0="127,32,62,63,39,91,40,100,113,82,98,37,41" hai1="35,49,56,102,68,118,88,59,44,47,125,46,96" hai2="36,53,72,33,50,0,75,135,126,101,109,2,74" hai3=""/><V116/><F116/><T130/><D32/><U51/><E35/><V129/><F33/><T132/><D132/><U71/><E118/><V105/><F135/><T60/><D127/><U114/><E114/><V93/><F126/><T134/><D134/><U103/><E125/><V52/><F36/><T48/><D130/><U76/><E76/><V58/><F129/><T106/><D113/><U107/><E88/><V78/><F105/><T117/><D117/><U34/><E103/><V73/><F109/><T94/><D82/><U3/><E3/><V108/><F108/><T38/><REACH who="0" step="1"/><D48/><REACH who="0" ten="358,437,225,0" step="2"/><U95/><E49/><V54/><F0/><T121/><N who="0" m="31008" /><T55/><D55/><U119/><E51/><V84/><F2/><T70/><D70/><U120/><E71/><V87/><N who="2" m="18432" /><DORA hai="45" /><V115/><F115/><T77/><D77/><U89/><E68/><V69/><F69/><T131/><D131/><U67/><E119/><V122/><N who="2" m="31264" /><V43/><F78/><T42/><D42/><U104/><E34/><V124/><F124/><T83/><D83/><U128/><E128/><V66/><F43/><T123/><N who="0" m="31520" /><T85/><AGARI ba="1,3" hai="37,38,39,40,41,60,62,63,85,91,94,98,100,106" m="31520,31008" machi="85" ten="40,9000,2" yaku="1,1,4,1,0,1,52,2,53,1" doraHai="65,45" doraHaiUra="110,81" who="0" fromWho="0" sc="358,122,437,-31,225,-61,0,0" /><INIT seed="4,0,0,3,3,87" ten="480,406,164,0" oya="0" hai0="96,46,121,76,44,62,35,125,134,112,126,2,117" hai1="33,34,48,91,75,71,88,3,78,69,118,81,84" hai2="114,124,99,94,32,113,123,98,85,77,57,135,130" hai3=""/><T47/><N who="0" m="31008" /><T51/><D35/><U93/><E118/><V97/><N who="2" m="31520" /><V40/><F130/><T68/><D2/><U128/><E3/><V61/><F135/><T83/><D117/><U59/><E128/><V72/><F124/><N who="0" m="47722" /><D112/><U70/><E48/><V52/><F32/><T39/><D39/><U45/><E45/><V86/><F40/><T67/><D96/><U42/><E42/><V43/><F43/><T127/><N who="0" m="47730" /><T95/><DORA hai="105" /><D95/><U50/><E33/><V101/><F101/><T92/><D92/><U120/><N who="1" m="30752" /><U56/><E34/><V49/><F49/><T108/><D108/><U53/><E59/><V116/><F116/><T73/><D134/><U1/><E1/><V82/><REACH who="2" step="1"/><F94/><REACH who="2" ten="480,406,154,0" step="2"/><T103/><D103/><U115/><E93/><V65/><F65/><T131/><D131/><U102/><E102/><V106/><F106/><T0/><D0/><U110/><E110/><V89/><F89/><T60/><D60/><U37/><E88/><V63/><F63/><T100/><D100/><U109/><E91/><V38/><F38/><T104/><D104/><U80/><E37/><V66/><F66/><T36/><D36/><U79/><E109/><V111/><F111/><T119/><D119/><RYUUKYOKU ba="0,1" sc="480,0,406,0,154,0,0,0" hai0="44,46,47,51,62,67,68,73,76,83" hai1="50,53,56,69,70,71,75,78,79,80,81,84,115" hai2="52,57,61,72,77,82,85,86,97,98,99,113,114" /><INIT seed="4,1,1,2,2,91" ten="480,406,154,0" oya="0" hai0="0,77,106,102,70,56,126,129,43,1,54,89,84" hai1="132,68,50,86,101,107,33,37,42,45,90,67,3" hai2="55,88,80,117,75,64,124,59,44,71,120,85,66" hai3=""/><T32/><D32/><U53/><E3/><V41/><N who="2" m="30752" /><V135/><F124/><T51/><D70/><U87/><E33/><V99/><F135/><T49/><D126/><U104/><E132/><V93/><F71/><T69/><D69/><U127/><E127/><V57/><F75/><T105/><D129/><U65/><E86/><V39/><F59/><T61/><D77/><U128/><E128/><V92/><F117/><T46/><D102/><U63/><E67/><V100/><F80/><T36/><D0/><U73/><E73/><V47/><F44/><T111/><D111/><U110/><E101/><V35/><F35/><T74/><D1/><U113/><E110/><V48/><AGARI ba="1,1" hai="39,41,47,48,55,57,64,66,85,88,92,93,99,100" m="30752" machi="48" ten="20,9000,2" yaku="0,1,7,1,52,3,54,1" doraHai="91" who="2" fromWho="2" sc="480,-61,406,-31,154,102,0,0" /><INIT seed="5,0,0,3,4,65" ten="419,375,256,0" oya="1" hai0="93,46,48,62,135,99,94,81,119,37,77,59,85" hai1="73,120,122,54,33,111,2,97,84,36,70,118,130" hai2="104,34,125,133,98,109,83,90,101,103,114,61,52" hai3=""/><U110/><RYUUKYOKU type="yao9" ba="0,0" sc="419,0,375,0,256,0,0,0" hai1="2,33,36,54,70,73,84,97,110,111,118,120,122,130" /><INIT seed="5,1,0,2,5,134" ten="419,375,256,0" oya="1" hai0="0,115,95,106,70,117,49,54,40,47,129,100,48" hai1="61,38,88,58,111,97,35,124,96,131,128,67,120" hai2="122,66,1,41,74,36,68,42,133,130,83,109,89" hai3=""/><U132/><N who="1" m="30752" /><U79/><E35/><V116/><N who="2" m="31264" /><V80/><F133/><T52/><D0/><U39/><E132/><V126/><F126/><T85/><D70/><U53/><E124/><V62/><F130/><N who="1" m="49705" /><E79/><V125/><F125/><T56/><D129/><U43/><E111/><V34/><F109/><T33/><D33/><U3/><E3/><V64/><F1/><T46/><D115/><U72/><E72/><V104/><F34/><T92/><D117/><U108/><E108/><V86/><F116/><T82/><D106/><U81/><E43/><V87/><F104/><T60/><REACH who="0" step="1"/><D100/><REACH who="0" ten="409,375,256,0" step="2"/><U75/><E75/><V135/><F74/><T107/><D107/><U110/><E110/><V44/><F135/><T91/><AGARI ba="1,1" hai="40,46,47,48,49,52,54,56,60,82,85,91,92,95" machi="91" ten="20,6000,1" yaku="1,1,0,1,7,1,8,1,54,1,53,0" doraHai="134" doraHaiUra="127" who="0" fromWho="0" sc="409,72,375,-41,256,-21,0,0" /><INIT seed="6,0,0,0,4,103" ten="481,334,235,0" oya="2" hai0="131,134,48,124,40,122,80,93,55,110,53,109,98" hai1="117,51,35,100,66,74,44,94,104,99,83,38,69" hai2="56,46,95,76,130,2,68,70,133,33,64,60,101" hai3=""/><V73/><F33/><T78/><N who="0" m="31264" /><T112/><D134/><U85/><E35/><V128/><F2/><T90/><D124/><U49/><E117/><V118/><F118/><T97/><D131/><N who="2" m="50218" /><F133/><T135/><D135/><U47/><E38/><V107/><F95/><T96/><D112/><U116/><E116/><V0/><F0/><T126/><D126/><U88/><E66/><V63/><F46/><T77/><D40/><U54/><E69/><V86/><F73/><T106/><D55/><U58/><E49/><V114/><F114/><T50/><D50/><U72/><E74/><V71/><F86/><T45/><D78/><AGARI ba="0,0" hai="44,47,51,54,58,72,78,83,85,88,94,99,100,104" machi="78" ten="40,8000,1" yaku="24,2,52,1,54,1" doraHai="103" who="1" fromWho="0" sc="481,-80,334,80,235,0,0,0" owari="401,0.0,414,36.0,235,-36.0,0,0.0" /></mjloggm>