<mjloggm ver="2.3"><GO type="169" lobby="0"/><UN n0="%70%72%6F%6E%61%72%69" n1="%4E%6F%2E%30%30%30%31" n2="%46%75%77%61" n3="%E6%BB%9D%E6%9C%AC%E3%81%B2%E3%81%B5%E3%81%BF%EF%BC%81" dan="16,18,16,17" rate="2080.17,2277.43,2065.72,2149.29" sx="M,F,M,M"/><TAIKYOKU oya="0"/><INIT seed="0,0,0,2,5,42" ten="250,250,250,250" oya="0" hai0="51,49,86,134,84,60,127,125,131,117,25,61,99" hai1="98,90,119,2,63,52,18,95,29,31,8,50,56" hai2="44,114,70,129,109,46,128,21,38,7,17,108,64" hai3="113,36,135,78,76,107,11,26,122,62,16,54,91"/><T89/><D117/><U103/><E119/><V92/><F114/><W100/><G113/><T74/><D74/><U104/><E2/><V80/><F38/><W101/><G36/><T39/><D39/><U35/><E35/><V110/><F7/><W77/><G135/><T28/><D131/><N who="2" m="50250" /><F80/><W96/><G122/><T111/><D99/><U32/><E32/><V12/><F92/><N who="3" m="56351" /><G107/><T65/><D86/><U40/><E104/><V132/><F132/><W126/><G126/><N who="0" m="48139" /><D60/><AGARI ba="0,0" hai="12,17,21,44,46,60,64,70,108,109,110" m="50250" machi="60" ten="40,8000,1" yaku="14,1,19,1,52,2" doraHai="42" who="2" fromWho="0" sc="250,-80,250,0,250,80,250,0" /><INIT seed="1,0,0,0,2,50" ten="170,250,330,250" oya="1" hai0="25,29,3,11,47,99,69,132,61,113,30,115,43" hai1="2,93,133,38,95,17,77,122,66,0,73,83,131" hai2="121,112,32,105,16,86,31,56,48,128,88,24,10" hai3="8,6,28,59,7,71,106,19,39,13,15,12,22"/><U81/><E122/><V80/><F121/><W125/><G71/><T87/><D132/><U55/><E38/><V49/><F105/><W14/><G106/><T18/><D18/><U33/><E33/><V90/><F128/><W57/><G39/><T127/><D87/><U109/><E131/><V120/><F120/><W84/><G125/><T124/><D30/><U104/><E104/><V44/><F112/><W64/><G84/><T45/><D45/><U108/><E66/><V58/><F90/><W54/><G57/><T101/><D124/><U85/><E133/><V97/><F97/><W68/><G64/><T46/><D46/><U118/><E17/><V26/><F48/><N who="3" m="31175" /><G68/><T79/><D69/><U70/><E70/><V102/><F102/><W110/><G110/><N who="1" m="42602" /><E118/><V96/><F96/><W126/><G126/><T34/><D127/><U119/><E119/><V23/><REACH who="2" step="1"/><F10/><REACH who="2" ten="170,250,320,250" step="2"/><N who="3" m="4183" /><G28/><T111/><D29/><U114/><E114/><V27/><F27/><AGARI ba="0,1" hai="7,8,13,14,15,19,22,27" m="4183,31175" machi="27" ten="30,2000,0" yaku="8,1,52,1" doraHai="50" who="3" fromWho="2" sc="170,0,250,0,320,-20,250,30" /><INIT seed="2,0,0,3,1,41" ten="170,250,300,280" oya="2" hai0="36,102,78,92,6,30,116,2,23,59,134,76,131" hai1="28,94,128,84,95,91,135,24,16,115,33,120,70" hai2="112,56,7,101,39,13,121,63,124,114,50,10,47" hai3="27,69,108,12,48,0,32,99,37,11,8,53,133"/><V14/><F121/><W104/><G108/><T127/><D131/><U38/><E115/><V29/><F39/><W111/><G111/><T82/><D134/><U123/><E70/><V130/><F130/><W61/><G37/><T25/><D127/><U52/><E128/><V129/><F129/><W51/><G0/><T98/><D116/><U66/><E66/><V21/><F124/><W83/><G83/><T132/><D132/><U74/><E74/><V122/><F122/><N who="1" m="46633" /><E38/><V75/><F75/><W57/><G133/><T3/><D6/><U65/><E65/><V80/><F80/><W81/><G81/><T46/><D76/><U97/><E135/><V71/><F71/><W126/><G8/><T45/><D59/><U117/><E117/><V55/><F101/><W72/><G72/><T40/><REACH who="0" step="1"/><D45/><REACH who="0" ten="160,250,300,280" step="2"/><U67/><E67/><V34/><F34/><W109/><G126/><T18/><D18/><U4/><E4/><V125/><F125/><W105/><G109/><T68/><D68/><U60/><E16/><V88/><F114/><W85/><G69/><T26/><D26/><U44/><E24/><N who="2" m="16527" /><F112/><W43/><G27/><T113/><D113/><U9/><E33/><V86/><F47/><W110/><G32/><T19/><D19/><U73/><E44/><V31/><F31/><W90/><G110/><T15/><D15/><U96/><E28/><V79/><F79/><W107/><G12/><T49/><D49/><U89/><E60/><V17/><F63/><W35/><G35/><T103/><D103/><U62/><E62/><V20/><F88/><W87/><G61/><RYUUKYOKU ba="0,1" sc="160,15,250,-15,300,15,280,-15" hai0="2,3,23,25,30,36,40,46,78,82,92,98,102" hai2="7,10,13,14,17,20,50,55,56,86" /><INIT seed="2,1,1,0,4,11" ten="175,235,315,265" oya="2" hai0="52,62,93,34,26,28,77,64,76,55,130,133,131" hai1="73,120,126,65,123,27,97,13,15,101,84,82,12" hai2="42,128,57,18,25,61,121,105,72,60,75,74,21" hai3="66,45,59,37,23,56,90,58,87,24,104,122,71"/><V81/><F121/><N who="1" m="46665" /><E126/><V108/><F105/><W110/><G122/><T119/><D93/><N who="1" m="58543" /><E65/><V117/><F117/><W48/><G104/><T36/><D36/><U43/><E43/><V38/><F128/><N who="0" m="49194" /><D119/><U22/><E73/><V6/><F108/><W46/><G110/><T103/><D103/><U86/><E82/><V95/><F95/><W115/><G115/><T70/><D133/><U116/><E116/><V30/><F81/><W106/><G106/><T91/><D91/><U33/><E33/><V79/><F79/><AGARI ba="1,1" hai="26,28,34,52,55,62,64,70,76,77,79" m="49194" machi="79" ten="30,2000,0" yaku="19,1,54,1" doraHai="11" who="0" fromWho="2" sc="175,33,235,0,315,-23,265,0" /><INIT seed="3,0,0,1,4,61" ten="208,235,292,265" oya="3" hai0="133,100,94,70,86,129,124,44,74,23,132,80,56" hai1="30,38,24,131,90,71,85,98,127,53,134,121,119" hai2="108,11,76,13,57,89,88,16,21,7,54,97,117" hai3="73,52,37,99,10,6,78,82,59,75,26,96,68"/><W122/><G122/><T27/><D70/><U15/><E121/><V4/><F117/><W60/><G73/><T43/><D129/><U66/><E38/><V47/><F108/><W35/><G37/><T111/><D124/><U48/><E127/><V62/><F76/><W22/><G35/><T63/><D111/><U8/><E131/><V123/><F123/><W12/><REACH who="3" step="1"/><G68/><REACH who="3" ten="208,235,292,255" step="2"/><T113/><D74/><U50/><E71/><V95/><F47/><W58/><G58/><T126/><D126/><U112/><E119/><V40/><F40/><W55/><G55/><T65/><D133/><U115/><E53/><V25/><REACH who="2" step="1"/><F89/><REACH who="2" ten="208,235,282,255" step="2"/><W3/><G3/><T64/><D132/><U77/><E90/><V84/><F84/><W109/><G109/><T1/><D86/><U45/><E85/><V114/><F114/><W81/><G81/><T2/><D80/><U17/><E45/><V87/><F87/><W135/><G135/><T101/><D44/><U29/><E134/><V36/><F36/><W102/><G102/><T72/><D113/><U31/><E115/><V42/><F42/><W28/><AGARI ba="0,2" hai="6,10,12,22,26,28,52,59,60,75,78,82,96,99" machi="28" ten="20,7800,0" yaku="1,1,0,1,7,1,54,1,53,0" doraHai="61" doraHaiUra="91" who="3" fromWho="3" sc="208,-26,235,-26,282,-26,255,98" /><INIT seed="3,1,0,0,1,48" ten="182,209,256,353" oya="3" hai0="57,49,12,42,111,52,134,87,94,45,43,117,55" hai1="19,41,114,50,17,129,106,128,73,100,121,83,70" hai2="23,8,5,56,77,92,0,34,40,69,113,120,78" hai3="105,28,123,108,33,130,14,10,67,115,97,35,90"/><W15/><G115/><T101/><D117/><U18/><E70/><V39/><F113/><W95/><G123/><T61/><D111/><U58/><E114/><V79/><F69/><W93/><G130/><N who="1" m="50282" /><E121/><V21/><F120/><W13/><G108/><T27/><D134/><U76/><E100/><V116/><F116/><W68/><G105/><T37/><D37/><U133/><E106/><V32/><F92/><W9/><G28/><T85/><D27/><U24/><E133/><V66/><F40/><N who="0" m="15402" /><D12/><U60/><E50/><V3/><F39/><W89/><G68/><T30/><D30/><U103/><E103/><V127/><F127/><W62/><G67/><T1/><D1/><U53/><E41/><V63/><REACH who="2" step="1"/><F3/><REACH who="2" ten="182,209,246,353" step="2"/><W72/><G95/><T125/><D125/><U16/><E17/><V75/><F75/><W119/><G72/><T86/><D101/><U29/><E19/><V64/><F64/><W2/><G2/><T51/><D51/><U80/><E80/><V6/><F6/><W84/><G119/><T98/><D98/><U107/><E107/><V91/><F91/><AGARI ba="1,1" hai="45,49,52,55,57,61,85,86,87,91,94" m="15402" machi="91" ten="30,7700,0" yaku="8,1,52,2,54,1" doraHai="48" who="0" fromWho="2" sc="182,90,209,0,246,-80,353,0" /><INIT seed="4,0,0,1,1,89" ten="272,209,166,353" oya="0" hai0="14,23,70,128,10,9,104,119,8,39,96,117,1" hai1="105,72,120,103,81,11,40,91,118,129,130,49,131" hai2="36,123,6,85,69,22,86,116,38,41,53,15,29" hai3="107,65,71,50,24,35,56,88,3,77,46,0,111"/><T48/><D39/><U79/><E11/><V37/><F123/><W126/><G111/><T28/><D70/><U4/><E4/><V26/><F116/><W5/><G107/><T47/><D128/><U51/><E40/><V101/><F69/><W66/><G71/><T87/><D87/><U61/><E118/><V32/><F101/><W12/><G77/><T73/><D73/><U64/><E120/><V19/><F53/><W84/><G3/><T27/><D96/><N who="1" m="61671" /><E91/><V31/><F31/><W133/><G0/><T115/><D115/><U2/><E2/><V60/><F60/><W92/><G126/><T68/><D104/><U114/><E114/><V121/><F121/><W100/><G133/><T113/><D68/><AGARI ba="0,0" hai="49,51,61,64,68,72,79,81,129,130,131" m="61671" machi="68" ten="30,1000,0" yaku="19,1" doraHai="89" who="1" fromWho="0" sc="272,-10,209,10,166,0,353,0" /><INIT seed="5,0,0,2,4,99" ten="262,219,166,353" oya="1" hai0="4,39,86,7,24,31,13,109,28,122,35,10,69" hai1="54,14,113,55,97,112,88,134,82,21,103,62,90" hai2="111,77,73,15,12,20,135,37,30,42,49,87,53" hai3="52,36,121,59,65,76,18,25,101,127,38,72,98"/><U47/><E134/><V117/><F117/><W96/><G121/><T5/><D39/><U100/><E62/><V43/><F111/><W70/><G127/><T75/><D75/><U107/><E103/><V95/><F135/><W91/><G65/><T23/><D69/><U26/><E14/><V56/><F73/><W51/><G70/><T45/><D45/><U63/><E47/><V130/><F130/><W124/><G124/><T81/><D109/><U133/><E133/><V92/><F37/><W50/><G50/><T11/><D86/><N who="1" m="50263" /><E90/><N who="2" m="53343" /><F77/><W33/><G96/><T22/><D81/><U108/><E63/><V0/><F0/><W129/><G91/><T80/><D80/><U44/><E44/><V3/><F3/><W85/><G72/><T89/><D89/><U83/><E83/><V93/><F15/><W132/><G132/><T118/><D118/><U29/><E108/><V60/><F12/><W66/><G129/><T17/><D122/><U123/><E123/><V128/><F128/><W34/><G38/><T120/><D120/><U119/><E119/><V8/><F8/><N who="0" m="3114" /><D35/><U9/><E9/><V40/><F60/><N who="3" m="38175" /><G36/><T71/><D71/><U74/><E74/><V68/><F68/><W114/><G85/><T41/><D41/><N who="2" m="10498" /><V115/><DORA hai="102" /><F115/><AGARI ba="0,0" hai="21,26,29,54,55,97,100,107,112,113,115" m="50263" machi="115" ten="30,11600,0" yaku="15,1,52,2,54,1" doraHai="99,102" who="1" fromWho="2" sc="262,0,219,116,166,-116,353,0" /><INIT seed="5,1,0,5,2,2" ten="262,335,50,353" oya="1" hai0="22,39,16,80,38,29,51,6,46,86,95,129,118" hai1="94,105,88,35,130,120,72,30,133,98,135,65,34" hai2="50,110,1,10,75,21,27,66,61,84,67,7,108" hai3="49,81,92,114,117,116,56,97,4,45,58,76,60"/><U73/><E120/><V48/><F75/><W87/><G114/><T13/><D118/><N who="3" m="45673" /><G60/><T41/><D129/><U100/><E65/><V0/><F0/><W119/><N who="3" m="45681" /><W69/><DORA hai="99" /><G69/><T25/><D95/><U89/><E130/><V26/><F66/><W83/><G83/><T42/><D42/><U132/><E89/><V70/><F84/><W93/><G93/><T14/><D14/><U134/><N who="1" m="33792" /><DORA hai="107" /><U85/><E30/><V115/><F115/><W3/><G4/><T37/><D6/><U124/><E124/><V79/><F79/><W101/><G3/><T12/><REACH who="0" step="1"/><D29/><REACH who="0" ten="252,335,50,353" step="2"/><U127/><E127/><V68/><F68/><W74/><G87/><T59/><D59/><U15/><E15/><V109/><REACH who="2" step="1"/><F26/><REACH who="2" ten="252,335,40,353" step="2"/><W24/><G24/><T52/><D52/><AGARI ba="1,2" hai="45,49,52,56,58,74,76,81,92,97,101" m="45681" machi="52" ten="40,8000,1" yaku="12,1,52,2,54,1" doraHai="2,99,107" who="3" fromWho="0" sc="252,-83,335,0,40,0,353,103" /><INIT seed="6,0,0,3,1,37" ten="169,335,40,456" oya="2" hai0="69,12,133,40,30,66,64,123,102,77,93,0,20" hai1="36,21,96,67,127,33,100,4,87,103,52,65,73" hai2="94,47,18,44,57,50,71,95,1,70,128,23,63" hai3="5,45,82,80,48,124,110,15,117,113,58,19,72"/><V59/><F1/><W61/><G110/><T81/><D123/><U84/><E73/><V106/><F106/><W49/><G72/><T90/><D0/><U109/><E36/><V121/><F121/><W131/><G117/><T3/><D133/><U53/><E96/><V75/><F75/><W68/><G68/><T35/><D35/><U11/><E21/><V83/><F128/><W101/><G5/><T46/><D102/><U97/><E97/><V92/><F83/><W10/><G124/><T78/><D78/><U132/><E11/><V114/><F114/><W22/><G48/><T79/><D79/><U27/><E27/><V76/><F76/><W9/><G101/><T56/><D56/><U118/><E33/><V60/><F70/><W54/><G131/><T26/><D12/><U34/><E34/><V98/><F71/><W134/><G134/><T17/><D17/><U38/><E38/><V89/><F89/><W13/><G22/><T24/><D24/><U116/><E132/><V62/><F98/><W126/><G126/><T28/><D28/><U74/><E74/><V39/><F39/><W105/><G105/><T7/><D7/><U88/><E4/><V32/><F32/><W6/><G113/><T31/><D31/><U112/><E112/><V91/><F91/><W129/><G129/><T119/><D3/><U2/><E2/><V122/><F122/><W135/><G135/><T99/><D119/><U16/><E127/><V104/><F104/><W25/><G25/><T120/><D120/><U85/><E116/><V86/><F86/><W42/><AGARI ba="0,0" hai="6,9,10,13,15,19,42,45,49,54,58,61,80,82" machi="42" ten="20,8000,1" yaku="5,1,0,1,7,1,8,1,52,1" doraHai="37" who="3" fromWho="3" sc="169,-20,335,-20,40,-40,456,80" /><INIT seed="7,0,0,4,1,4" ten="149,315,0,536" oya="3" hai0="133,100,24,46,109,131,40,49,9,75,51,19,42" hai1="87,129,70,92,116,93,1,23,124,69,120,134,110" hai2="11,28,25,60,99,108,36,107,101,5,33,80,38" hai3="95,58,67,27,39,115,12,2,59,114,119,90,16"/><W0/><G39/><T132/><D75/><U84/><E23/><V78/><F108/><W118/><G27/><T77/><D131/><U30/><E93/><V22/><F22/><W44/><G44/><T26/><D109/><U48/><E92/><V113/><F113/><N who="3" m="43019" /><G0/><T117/><D46/><U81/><E87/><V29/><F29/><W17/><G2/><T105/><D77/><U73/><E84/><V85/><F85/><N who="3" m="52687" /><G17/><T68/><D68/><U64/><E81/><V103/><F103/><W7/><G7/><T61/><D61/><U45/><E45/><V125/><F125/><W74/><G74/><T3/><D3/><U112/><E30/><V88/><F88/><W66/><G59/><T96/><D117/><N who="3" m="44553" /><G58/><T37/><D37/><U94/><E48/><V71/><F80/><W50/><G50/><T82/><D82/><U102/><E64/><V52/><F78/><W127/><G127/><T57/><D57/><U18/><E18/><V104/><F104/><W128/><G128/><T123/><D49/><U91/><E94/><V10/><F52/><W126/><G126/><T15/><D51/><U83/><E83/><V20/><F20/><AGARI ba="0,0" hai="12,16,20,66,67" m="44553,52687,43019" machi="20" ten="30,2900,0" yaku="15,1,54,1" doraHai="4" who="3" fromWho="2" sc="149,0,315,0,0,-29,536,29" owari="149,-25.0,315,12.0,-29,-53.0,565,66.0" /></mjloggm>