<mjloggm ver="2.3"><GO type="225" lobby="0"/><UN n0="%E3%82%BC%E3%83%AB%E3%83%80%E3%81%AE%E4%BC%9D%E8%AA%AC" n1="%E3%82%A2%E3%83%9E%E3%83%9D%EF%BD%9E%EF%BD%9E%E3%83%A9" n2="%E8%A8%88%E7%AE%97%E6%A9%9F%E8%87%AA%E7%84%B6" n3="%E6%AF%9B%E8%8D%92%E3%82%8C%E3%83%BB%E3%82%B9%E3%83%9F%E3%82%B9" dan="17,16,17,16" rate="2207.04,2120.21,2232.44,2179.31" sx="M,M,M,F"/><TAIKYOKU oya="0"/><INIT seed="0,0,0,2,2,8" ten="250,250,250,250" oya="0" hai0="28,86,91,55,22,102,13,64,80,100,74,33,11" hai1="53,42,5,121,57,135,113,122,89,120,106,127,2" hai2="66,51,118,95,7,123,44,40,4,34,104,107,46" hai3="131,103,61,32,109,124,60,112,29,78,17,82,21"/><T71/><D33/><U90/><E127/><V24/><F123/><W69/><G112/><T92/><D71/><U45/><E135/><V87/><F118/><W105/><G124/><T117/><D117/><U27/><E106/><V129/><F129/><W126/><G126/><T52/><D64/><U35/><E113/><V111/><F111/><W75/><G109/><T81/><D74/><U12/><E2/><V10/><F66/><W83/><G131/><T76/><D28/><U84/><E35/><V68/><F4/><W9/><G69/><T18/><D11/><U101/><E27/><V62/><F62/><W132/><G132/><T85/><D80/><U47/><E101/><AGARI ba="0,0" hai="13,18,22,52,55,76,81,85,86,91,92,100,101,102" machi="101" ten="40,7700,0" yaku="8,1,52,1,54,1" doraHai="8" who="0" fromWho="1" sc="250,77,250,-77,250,0,250,0" /><INIT seed="0,1,0,0,2,42" ten="327,173,250,250" oya="0" hai0="95,132,50,123,87,66,52,82,33,20,108,89,1" hai1="77,11,134,26,104,35,46,61,39,80,65,129,68" hai2="73,94,97,122,96,47,130,117,76,2,18,5,3" hai3="28,41,51,29,56,24,78,0,40,49,81,102,128"/><T14/><D123/><U111/><E111/><V71/><F71/><W31/><G128/><T120/><D120/><U119/><E129/><V69/><F69/><W23/><G0/><T92/><D108/><U127/><E127/><V21/><F117/><W44/><G102/><T17/><D132/><U70/><E134/><V64/><F64/><W114/><G114/><T55/><D1/><U125/><E70/><V99/><F94/><W75/><REACH who="3" step="1"/><G56/><REACH who="3" ten="327,173,250,240" step="2"/><T109/><D109/><U62/><E125/><V19/><F130/><W112/><G112/><T59/><D33/><U6/><E119/><V113/><F113/><W57/><G57/><N who="0" m="32919" /><D66/><U105/><E65/><V121/><F2/><W84/><G84/><T74/><D74/><U10/><E68/><V116/><F116/><W53/><G53/><T124/><D124/><U43/><E105/><V101/><F73/><W16/><G16/><T67/><D67/><U22/><E104/><V91/><F18/><W110/><G110/><T54/><D55/><U106/><E106/><V45/><F122/><W131/><G131/><T60/><AGARI ba="1,1" hai="14,17,20,54,59,60,82,87,89,92,95" m="32919" machi="60" ten="30,3000,0" yaku="8,1,54,1" doraHai="42" who="0" fromWho="0" sc="327,43,173,-11,250,-11,240,-11" /><INIT seed="0,2,0,4,4,96" ten="370,162,239,229" oya="0" hai0="103,10,1,60,41,46,79,85,30,28,77,90,2" hai1="25,110,134,121,87,49,76,63,12,102,57,78,53" hai2="33,66,42,113,9,118,133,125,135,17,27,5,13" hai3="44,18,94,115,128,50,0,81,52,132,38,99,21"/><T20/><D1/><U37/><E121/><V67/><F113/><W23/><G115/><T4/><D60/><U123/><E123/><V15/><F42/><W89/><G0/><T68/><D68/><U32/><E37/><V88/><F125/><W48/><G128/><T51/><D103/><U82/><E134/><N who="2" m="51211" /><F118/><W130/><G130/><T64/><D64/><U109/><E12/><V70/><F70/><W65/><G132/><T56/><D56/><U43/><E78/><V40/><F40/><W29/><G65/><T47/><D47/><U122/><E122/><V31/><F88/><N who="3" m="55751" /><G38/><T55/><D41/><U95/><E43/><V126/><F126/><W7/><G7/><T117/><D117/><U73/><E63/><V71/><F71/><W114/><G114/><T34/><D34/><U101/><E73/><V120/><F120/><W106/><G106/><T11/><D11/><AGARI ba="2,0" hai="5,9,11,13,15,17,27,31,33,66,67" m="51211" machi="11" ten="30,1000,0" yaku="20,1" doraHai="96" who="2" fromWho="0" sc="370,-16,162,0,239,16,229,0" /><INIT seed="1,0,0,2,3,2" ten="354,162,255,229" oya="1" hai0="94,22,105,80,111,51,124,0,64,36,53,61,24" hai1="131,45,89,110,33,91,83,104,10,88,26,109,56" hai2="120,62,23,107,66,30,77,101,100,115,21,97,114" hai3="27,44,59,135,129,122,71,123,40,133,81,125,7"/><U116/><E116/><V14/><F120/><W5/><G71/><T20/><D105/><U25/><E104/><V15/><F77/><W55/><G125/><T103/><D36/><U1/><E83/><V16/><F100/><W75/><G129/><T95/><D0/><U128/><E56/><V58/><F30/><W54/><G27/><N who="1" m="10250" /><E45/><V132/><F132/><N who="3" m="50763" /><G55/><T121/><D124/><U37/><E37/><V72/><F72/><W84/><G75/><T82/><D82/><U78/><E78/><V3/><F3/><W18/><G18/><AGARI ba="0,0" hai="14,15,16,18,21,23,58,62,66,97,101,107,114,115" machi="18" ten="40,2600,0" yaku="9,1,54,1" doraHai="2" who="2" fromWho="3" sc="354,0,162,0,255,26,229,-26" /><INIT seed="2,0,0,3,0,124" ten="354,162,281,203" oya="2" hai0="26,106,129,0,120,41,123,29,7,96,132,94,33" hai1="69,62,112,36,64,109,110,8,43,104,101,78,25" hai2="65,31,40,67,88,16,90,82,52,5,45,44,30" hai3="85,105,56,99,51,116,9,60,130,131,49,122,6"/><V1/><F1/><W98/><G116/><T75/><D129/><N who="3" m="49161" /><G122/><T79/><D132/><U47/><E112/><V42/><F5/><W84/><G49/><T50/><D50/><U70/><E78/><V102/><F102/><N who="3" m="62679" /><G51/><T53/><D41/><U39/><E8/><V128/><F128/><W23/><G99/><T58/><D96/><N who="1" m="61479" /><E39/><V24/><F42/><W15/><G23/><T113/><D113/><U4/><E4/><V93/><F40/><W48/><G48/><T27/><D7/><U100/><E100/><V2/><F44/><W108/><G108/><N who="1" m="41578" /><E25/><V3/><F24/><W28/><G28/><T133/><D26/><U37/><E37/><V92/><F45/><W59/><G59/><AGARI ba="0,0" hai="36,43,47,59,62,64,69,70" m="41578,61479" machi="59" ten="30,1000,0" yaku="14,1" doraHai="124" who="1" fromWho="3" sc="354,0,162,10,281,0,203,-10" /><INIT seed="3,0,0,5,1,74" ten="354,172,281,193" oya="3" hai0="26,110,80,52,24,102,112,48,37,87,79,124,55" hai1="109,133,12,120,98,15,127,1,36,35,9,99,126" hai2="85,70,56,50,115,33,132,20,30,41,108,39,40" hai3="125,11,32,131,88,117,62,113,7,91,21,34,94"/><W83/><G113/><T78/><D37/><U95/><E36/><V61/><F33/><W45/><G117/><T93/><D112/><U14/><E120/><V43/><F115/><W114/><G114/><T90/><D110/><U107/><E109/><V105/><F105/><W13/><G125/><N who="1" m="47626" /><E35/><V0/><F0/><W103/><G131/><T111/><D111/><U60/><E107/><V67/><F108/><W19/><G62/><T31/><D124/><U104/><E104/><V44/><F132/><W130/><G130/><T3/><D3/><U42/><E42/><N who="2" m="16491" /><F85/><N who="3" m="50239" /><G32/><T76/><D31/><U118/><E118/><V69/><F30/><W4/><G34/><T119/><D55/><U72/><E72/><V5/><F5/><N who="3" m="3311" /><G45/><N who="0" m="27663" /><D119/><U73/><E133/><V38/><F20/><W116/><G103/><T96/><AGARI ba="0,0" hai="24,26,76,78,79,80,87,90,93,96,102" m="27663" machi="96" ten="30,8000,1" yaku="8,1,52,3,54,1" doraHai="74" who="0" fromWho="0" sc="354,80,172,-20,281,-20,193,-40" owari="434,54.0,152,-35.0,261,6.0,153,-25.0" /></mjloggm>