<mjloggm ver="2.3"><GO type="225" lobby="0"/><UN n0="%E3%83%80%E3%83%B3%E3%83%86" n1="%53%61%63%68%69%30%34" n2="%65%2D%73%65%70%65%6E%3B" n3="%E3%81%8A%E3%81%8A%E3%81%9E%E3%82%89%E3%82%92%E3%81%A8%E3%81%B6" dan="17,16,17,16" rate="2242.94,2139.21,2153.60,2157.65" sx="M,M,M,M"/><TAIKYOKU oya="0"/><INIT seed="0,0,0,3,5,88" ten="250,250,250,250" oya="0" hai0="135,5,66,70,47,0,21,52,102,60,64,57,119" hai1="133,120,19,15,1,132,74,130,121,28,77,24,85" hai2="76,37,18,83,26,33,75,58,4,104,89,106,115" hai3="40,97,32,56,109,63,105,81,27,59,29,50,13"/><T61/><D119/><U20/><E74/><V126/><F115/><W44/><G109/><T69/><D21/><U84/><E77/><V101/><F37/><W48/><G81/><T7/><D0/><U49/><E49/><V30/><F126/><W3/><G3/><T96/><D47/><U6/><E130/><V65/><F4/><W22/><G50/><T116/><D116/><U43/><E43/><V14/><F101/><W54/><G59/><T71/><D135/><N who="1" m="51787" /><E85/><V34/><F34/><W124/><G124/><T93/><D70/><U94/><E84/><V35/><F35/><W91/><G105/><T111/><D111/><U78/><E94/><V100/><F100/><W42/><G13/><T23/><D23/><N who="1" m="11775" /><E78/><V53/><F65/><W72/><G32/><T25/><D25/><U92/><E92/><V134/><F89/><W41/><REACH who="3" step="1"/><G72/><REACH who="3" ten="250,250,250,240" step="2"/><T87/><D87/><U45/><E45/><V108/><F134/><W36/><G36/><T39/><D39/><U112/><E112/><V80/><F108/><W123/><G123/><T68/><D68/><U127/><E127/><V114/><F83/><W103/><G103/><T67/><D67/><U10/><AGARI ba="0,1" hai="1,6,10,20,24,28,120,121" m="11775,51787" machi="10" ten="30,4000,0" yaku="20,1,34,2" doraHai="88" who="1" fromWho="1" sc="250,-20,250,50,250,-10,240,-10" /><INIT seed="1,0,0,1,3,96" ten="230,300,240,230" oya="1" hai0="8,88,99,50,67,120,119,107,133,57,1,126,48" hai1="25,64,20,39,116,63,62,3,21,83,105,127,32" hai2="108,11,103,115,38,59,87,60,42,2,109,117,53" hai3="90,86,46,79,106,41,18,125,10,52,111,131,71"/><U77/><E116/><V68/><F117/><W56/><G71/><T75/><D119/><U76/><E39/><V95/><F115/><W65/><G111/><N who="2" m="42569" /><F68/><W15/><G131/><T5/><D75/><U7/><E127/><V47/><F87/><W135/><G125/><T128/><D126/><U44/><E105/><V17/><F2/><W22/><G135/><T4/><D133/><U34/><E44/><V16/><F11/><W98/><G65/><T55/><D128/><U110/><E21/><V31/><F31/><W122/><G122/><T130/><D67/><U26/><E77/><V66/><F66/><W121/><G121/><T27/><D130/><U114/><E114/><V78/><F78/><W92/><G10/><T58/><D4/><U35/><E110/><V9/><F9/><W61/><G106/><T43/><D120/><U24/><E64/><V134/><F134/><W40/><REACH who="3" step="1"/><G46/><REACH who="3" ten="230,300,240,220" step="2"/><T80/><D107/><U97/><E3/><V19/><F95/><W74/><G74/><T13/><D1/><U28/><E7/><V45/><F45/><W123/><G123/><T29/><D5/><U69/><E69/><V6/><F6/><W14/><G14/><T70/><D70/><U89/><E83/><AGARI ba="0,1" hai="15,18,22,40,41,52,56,61,79,83,86,90,92,98" machi="83" ten="40,8000,1" yaku="1,1,8,1,54,1,53,1" doraHai="96" doraHaiUra="49" who="3" fromWho="1" sc="230,0,300,-80,240,0,220,90" /><INIT seed="2,0,0,0,2,22" ten="230,220,240,310" oya="2" hai0="0,54,47,49,95,16,107,51,113,38,27,31,14" hai1="76,85,104,32,21,3,90,77,98,4,88,70,39" hai2="92,66,134,110,57,33,119,11,64,55,80,43,127" hai3="83,132,131,9,125,105,60,69,58,99,71,94,17"/><V72/><F119/><W20/><G105/><T108/><D113/><U106/><E32/><V114/><F114/><W74/><G9/><T121/><D121/><U26/><E39/><V101/><F127/><W124/><G131/><T73/><D73/><U40/><E70/><V103/><F134/><W24/><G132/><T37/><D107/><U28/><E40/><V25/><F43/><W97/><G97/><T81/><D0/><U118/><E118/><V112/><F112/><W42/><G42/><T52/><D81/><U53/><E106/><V45/><F45/><W82/><G71/><T10/><D95/><U120/><E120/><V5/><F72/><W30/><G30/><T109/><D38/><U41/><E41/><V18/><F80/><W86/><G69/><T7/><D7/><U117/><E53/><V78/><F78/><W93/><G74/><T34/><REACH who="0" step="1"/><D37/><REACH who="0" ten="220,220,240,310" step="2"/><U62/><E117/><V116/><F116/><W48/><G93/><T6/><D6/><U36/><E36/><V44/><F92/><W128/><G83/><T13/><D13/><U129/><E4/><V130/><F5/><W79/><G94/><T87/><D87/><U135/><E3/><V115/><F115/><W123/><G123/><T89/><D89/><U75/><E135/><V50/><F103/><W61/><G99/><T91/><D91/><U8/><E90/><V67/><F101/><W23/><G86/><T46/><AGARI ba="0,1" hai="10,14,16,27,31,34,46,47,49,51,52,54,108,109" machi="46" ten="30,12000,2" yaku="1,1,0,1,9,1,52,1,54,2,53,0" doraHai="22" doraHaiUra="65" who="0" fromWho="0" sc="220,130,220,-30,240,-60,310,-30" /><INIT seed="3,0,0,4,4,131" ten="350,190,180,280" oya="3" hai0="128,75,16,88,8,39,5,83,3,33,34,102,108" hai1="20,23,1,60,58,54,59,100,80,72,113,27,93" hai2="19,81,106,62,56,109,103,10,18,11,49,67,107" hai3="38,74,116,84,130,22,13,105,35,2,118,110,31"/><W24/><G74/><T119/><D119/><N who="3" m="45609" /><G84/><T50/><D128/><U129/><E113/><V32/><F32/><W42/><G105/><T36/><D108/><U57/><E1/><V41/><F109/><W51/><G51/><T90/><D102/><U68/><E129/><V63/><F103/><W12/><G42/><T30/><D30/><U104/><E104/><V71/><F81/><W26/><G38/><T9/><D39/><U64/><E72/><V94/><F94/><W53/><G53/><T120/><D36/><U61/><E80/><V87/><F87/><W115/><G130/><T86/><D75/><U4/><E4/><V52/><F106/><W40/><G40/><T47/><D120/><U127/><E93/><V125/><F107/><W89/><G89/><T15/><D90/><U135/><E100/><V21/><F125/><W14/><G110/><T85/><D85/><U82/><E82/><V122/><F122/><W0/><G115/><T114/><D114/><U7/><E127/><V101/><F101/><W95/><G95/><T6/><D6/><U29/><E7/><V46/><F19/><AGARI ba="0,0" hai="0,2,12,13,14,19,22,24,26,31,35" m="45609" machi="19" ten="30,2900,0" yaku="34,2" doraHai="131" who="3" fromWho="2" sc="350,0,190,0,180,-29,280,29" /><INIT seed="3,1,0,4,0,48" ten="350,190,151,309" oya="3" hai0="9,7,56,101,61,47,86,34,57,113,26,38,45" hai1="80,81,89,83,13,88,5,114,50,108,128,29,53" hai2="104,44,40,115,10,71,98,91,78,117,35,23,42" hai3="96,122,16,2,52,25,100,131,77,18,32,73,14"/><W119/><G119/><T102/><D38/><U69/><E69/><V58/><F117/><W27/><G122/><T49/><D113/><U63/><E114/><V124/><F115/><W19/><G2/><T41/><D47/><N who="1" m="27871" /><E108/><V129/><F71/><W125/><G125/><T43/><D43/><U97/><E128/><V87/><F35/><W111/><G131/><T70/><D70/><U8/><E29/><V17/><F129/><W112/><G112/><T51/><D51/><U92/><E63/><V134/><F124/><W130/><G130/><T31/><D86/><AGARI ba="1,0" hai="5,8,13,80,81,83,86,88,89,92,97" m="27871" machi="86" ten="30,3900,0" yaku="8,1,52,1,54,1" doraHai="48" who="1" fromWho="0" sc="350,-42,190,42,151,0,309,0" owari="308,11.0,232,-17.0,151,-35.0,309,41.0" /></mjloggm>