<mjloggm ver="2.3"><GO type="169" lobby="0"/><UN n0="%E3%81%95%E3%82%93%E3%81%A9%E3%81%BF%E3%82%93" n1="%6F%75%74%E7%A5%AD%E3%82%8A" n2="%54%68%65%72%65%73%61%5F" n3="%E9%87%A3%E3%82%8A%E6%97%A5%E5%92%8C" dan="16,16,16,17" rate="2105.86,2142.75,2100.63,2202.24" sx="M,M,F,M"/><TAIKYOKU oya="0"/><INIT seed="0,0,0,1,5,10" ten="250,250,250,250" oya="0" hai0="105,94,21,2,25,90,79,34,74,92,43,51,76" hai1="65,28,56,36,52,27,7,59,102,0,133,40,5" hai2="13,14,82,91,98,55,113,108,75,95,20,80,9" hai3="64,45,89,100,84,107,118,93,120,62,127,117,132"/><T1/><D105/><U112/><E133/><V24/><F113/><W41/><G132/><T96/><D34/><U67/><E112/><V70/><F70/><W42/><G127/><T85/><D74/><U110/><E110/><V15/><F108/><W72/><G120/><T29/><D1/><U61/><E67/><V103/><F55/><W129/><G129/><T57/><D2/><U116/><E102/><V17/><F75/><W78/><G41/><T49/><D49/><U106/><E106/><V60/><F60/><W125/><G125/><T68/><D68/><U19/><E0/><V26/><F26/><W83/><G100/><T121/><D121/><U38/><E116/><V77/><F77/><W97/><G107/><T87/><D87/><U66/><E66/><V131/><F131/><W39/><REACH who="3" step="1"/><G72/><REACH who="3" ten="250,250,250,240" step="2"/><T71/><D43/><U3/><E40/><V47/><F103/><W35/><G35/><T99/><D71/><AGARI ba="0,1" hai="39,42,45,62,64,71,78,83,84,89,93,97,117,118" machi="71" ten="30,2000,0" yaku="1,1,7,1,53,0" doraHai="10" doraHaiUra="11" who="3" fromWho="0" sc="250,-20,250,0,250,0,240,30" /><INIT seed="1,0,0,5,3,32" ten="230,250,250,270" oya="1" hai0="58,97,26,50,64,125,79,91,34,6,127,29,80" hai1="59,13,14,134,121,2,43,129,101,66,135,48,9" hai2="114,120,74,70,7,57,68,77,73,103,75,61,115" hai3="51,69,5,21,98,25,20,72,92,87,89,78,18"/><U1/><E121/><V8/><F120/><W105/><G69/><T109/><D109/><U93/><E129/><V84/><F103/><W52/><G5/><T83/><D6/><U62/><E14/><V107/><F107/><W65/><G65/><T130/><D130/><U81/><E81/><V123/><F123/><W28/><G72/><T133/><D133/><N who="1" m="50699" /><E43/><V96/><F96/><W71/><G71/><T122/><D122/><U38/><E38/><V40/><F40/><W128/><G128/><T23/><D34/><U47/><E93/><V94/><F94/><W16/><G105/><T11/><D11/><U31/><E31/><V56/><F84/><W67/><G67/><T30/><D30/><U104/><E101/><V44/><F77/><W15/><G28/><T82/><D79/><U0/><E104/><V27/><F27/><W106/><G106/><T95/><REACH who="0" step="1"/><D50/><REACH who="0" ten="220,250,250,270" step="2"/><U119/><E119/><V88/><F8/><W117/><G117/><T46/><D46/><U102/><E102/><V60/><F44/><N who="3" m="27751" /><G78/><T110/><D110/><U39/><E39/><V76/><F76/><W53/><G53/><T45/><D45/><U126/><E47/><V55/><F55/><W63/><G63/><AGARI ba="0,1" hai="23,26,29,58,63,64,80,82,83,91,95,97,125,127" machi="63" ten="40,1300,0" yaku="1,1,53,0" doraHai="32" doraHaiUra="131" who="0" fromWho="3" sc="220,23,250,0,250,0,270,-13" /><INIT seed="2,0,0,4,4,108" ten="243,250,250,257" oya="2" hai0="44,64,27,53,29,39,57,96,104,83,31,10,55" hai1="5,14,85,9,76,126,61,105,130,15,48,26,40" hai2="16,20,2,11,60,95,128,120,58,72,97,119,47" hai3="102,79,101,25,81,118,78,7,49,80,38,132,22"/><V23/><F119/><W88/><G38/><T94/><D104/><U131/><E105/><V32/><F120/><W34/><G34/><T133/><D133/><U92/><E126/><V4/><F32/><W54/><G132/><T45/><D31/><U125/><E125/><V62/><F72/><W117/><G7/><T115/><D115/><U42/><E26/><V100/><F128/><W82/><G117/><T127/><D127/><U112/><E61/><V75/><F75/><W103/><G118/><T1/><D83/><N who="1" m="47335" /><E92/><V71/><F47/><W73/><G73/><T18/><D64/><U50/><E15/><V19/><F71/><W33/><G33/><T28/><D1/><U46/><E112/><V110/><F110/><W13/><G13/><N who="0" m="7479" /><D27/><U8/><E8/><V51/><F51/><W66/><G66/><T134/><D134/><U0/><E0/><V12/><REACH who="2" step="1"/><F58/><REACH who="2" ten="243,250,240,257" step="2"/><W21/><G78/><T91/><D39/><U69/><E69/><V106/><F106/><W90/><G79/><T113/><D113/><U35/><E35/><V123/><F123/><W68/><G68/><T77/><D77/><U67/><E131/><V122/><F122/><W121/><G121/><T129/><D129/><U30/><E130/><V70/><F70/><W41/><G41/><T99/><D45/><U56/><E42/><V74/><F74/><W37/><G37/><T36/><D36/><U63/><E48/><V24/><AGARI ba="0,1" hai="2,4,11,12,16,19,20,23,24,60,62,95,97,100" machi="24" ten="20,7800,0" yaku="1,1,0,1,7,1,54,1,53,0" doraHai="108" doraHaiUra="65" who="2" fromWho="2" sc="243,-26,250,-26,240,88,257,-26" /><INIT seed="2,1,0,3,1,40" ten="217,224,328,231" oya="2" hai0="84,126,116,134,86,88,102,37,27,97,125,20,127" hai1="89,87,75,8,34,0,48,12,55,69,83,77,28" hai2="80,10,2,24,109,11,100,85,113,131,67,4,117" hai3="58,21,124,94,115,91,99,23,47,51,16,46,32"/><V45/><F113/><W26/><G32/><T56/><D37/><U108/><E108/><V57/><F117/><W104/><G124/><T122/><D122/><U52/><E69/><V105/><F109/><W95/><G104/><T96/><D116/><U29/><E0/><V66/><F131/><W71/><G71/><T81/><D56/><U36/><E36/><V1/><F24/><W7/><G7/><T64/><D64/><U17/><E55/><V112/><F112/><W107/><G107/><N who="0" m="63943" /><D134/><U5/><E5/><V53/><F100/><W74/><G74/><T92/><D20/><U22/><E34/><V25/><F105/><W50/><G115/><T128/><D27/><U72/><E72/><V90/><F25/><N who="3" m="14503" /><G95/><T33/><D33/><U118/><E118/><V41/><F2/><W60/><G51/><T43/><D43/><U6/><E6/><V114/><F114/><W18/><G50/><T110/><D110/><U123/><E123/><V19/><F10/><W68/><G68/><T65/><D65/><AGARI ba="1,0" hai="18,23,26,46,47,58,60,65,91,94,99" m="14503" machi="65" ten="30,7700,0" yaku="8,1,52,2,54,1" doraHai="40" who="3" fromWho="0" sc="217,-80,224,0,328,0,231,80" /><INIT seed="3,0,0,3,3,130" ten="137,224,328,311" oya="3" hai0="70,132,92,66,2,104,47,56,103,124,110,119,31" hai1="61,25,114,98,77,91,120,128,36,71,78,74,55" hai2="51,89,41,86,90,64,75,17,82,32,15,133,5" hai3="35,105,87,45,79,43,99,54,117,129,19,23,97"/><W18/><G35/><T122/><D2/><U9/><E120/><V109/><F32/><W57/><G117/><T100/><D122/><U68/><E36/><V135/><F109/><W67/><G67/><T126/><D119/><U116/><E114/><V3/><F64/><W69/><G69/><T113/><D31/><U63/><E128/><V29/><F29/><W107/><G129/><T7/><D7/><U59/><E116/><V44/><F75/><W48/><G79/><T21/><D110/><U46/><E46/><V37/><F37/><W60/><G87/><T6/><D6/><U84/><E98/><V95/><F5/><W27/><G18/><T33/><D33/><U81/><E63/><V62/><F62/><W96/><AGARI ba="0,0" hai="19,23,27,43,45,48,54,57,60,96,97,99,105,107" machi="96" ten="30,1500,0" yaku="0,1" doraHai="130" who="3" fromWho="3" sc="137,-5,224,-5,328,-5,311,15" /><INIT seed="3,1,0,4,0,60" ten="132,219,323,326" oya="3" hai0="0,118,95,26,102,96,130,81,49,115,48,98,76" hai1="92,56,90,41,10,45,108,27,32,103,109,85,106" hai2="123,83,30,86,72,117,97,4,131,53,31,29,61" hai3="104,2,68,89,74,82,66,107,59,105,13,18,132"/><W24/><G2/><T39/><D39/><U11/><E106/><V3/><F117/><W55/><G132/><T88/><D118/><U28/><E103/><V50/><F72/><W101/><G24/><T114/><D130/><U16/><E56/><V25/><F131/><W38/><G38/><T52/><D0/><U91/><E90/><V7/><F123/><W93/><G101/><T5/><D5/><U112/><E112/><N who="0" m="43049" /><D26/><U71/><E71/><V40/><F97/><W100/><G100/><T9/><D9/><U124/><E124/><V135/><F135/><W44/><G44/><N who="0" m="27655" /><D49/><N who="1" m="26799" /><E16/><V78/><F3/><W14/><G18/><T46/><D46/><U6/><E6/><V84/><F25/><W113/><G113/><T99/><D102/><U126/><E126/><V35/><F35/><W65/><G107/><T80/><D80/><U75/><E75/><AGARI ba="1,0" hai="75,76,81,88,95,96,98,99" m="27655,43049" machi="75" ten="30,3900,0" yaku="11,1,54,2" doraHai="60" who="0" fromWho="1" sc="132,42,219,-42,323,0,326,0" /><INIT seed="4,0,0,0,4,112" ten="174,177,323,326" oya="0" hai0="51,75,76,127,24,74,84,78,134,122,114,91,115" hai1="7,16,96,13,100,8,81,106,31,80,25,121,79" hai2="98,1,90,39,66,58,35,15,101,103,45,97,85" hai3="119,124,0,42,3,63,41,111,69,20,57,123,38"/><T131/><D122/><U46/><E121/><V102/><F1/><W132/><G123/><T21/><D127/><U6/><E46/><V54/><F35/><W107/><G111/><T9/><D9/><U105/><E105/><V60/><F15/><W40/><G107/><T95/><D51/><U93/><E106/><V49/><REACH who="2" step="1"/><F39/><REACH who="2" ten="174,177,313,326" step="2"/><W4/><G38/><T30/><D131/><U22/><REACH who="1" step="1"/><E80/><AGARI ba="0,1" hai="45,49,54,58,60,66,80,85,90,97,98,101,102,103" machi="80" ten="40,8000,1" yaku="1,1,2,1,8,1,53,1" doraHai="112" doraHaiUra="53" who="2" fromWho="1" sc="174,0,177,-80,313,90,326,0" /><INIT seed="5,0,0,3,0,85" ten="174,97,403,326" oya="1" hai0="52,83,108,32,19,86,121,125,100,17,58,103,122" hai1="62,43,41,132,72,31,30,48,80,98,25,123,94" hai2="28,105,93,33,82,59,106,126,45,0,65,116,134" hai3="18,36,127,54,104,20,79,55,117,78,14,74,130"/><U102/><E123/><N who="0" m="47113" /><D108/><U13/><E132/><V81/><F116/><W115/><G104/><T39/><D39/><U110/><E110/><V84/><F0/><W38/><G117/><T8/><D32/><U15/><E31/><V99/><F45/><W49/><G115/><T119/><D119/><U107/><E62/><V10/><F10/><W87/><G127/><T133/><D133/><U129/><E129/><V9/><F9/><W73/><G36/><T90/><D125/><U61/><E61/><V120/><F28/><W92/><G38/><T111/><D111/><U53/><E107/><V97/><F33/><W11/><G55/><T12/><D17/><U109/><E109/><V71/><F105/><W77/><G11/><T66/><D66/><U26/><E80/><V6/><F65/><W70/><G70/><T2/><D2/><U89/><E72/><V68/><F126/><W21/><G21/><T128/><D128/><U76/><E102/><V24/><F71/><W51/><G51/><AGARI ba="0,0" hai="8,12,19,51,52,58,83,86,90,100,103" m="47113" machi="51" ten="30,3900,0" yaku="13,1,52,1,54,1" doraHai="85" who="0" fromWho="3" sc="174,39,97,0,403,0,326,-39" /><INIT seed="6,0,0,1,3,51" ten="213,97,403,287" oya="2" hai0="113,95,37,92,107,115,14,118,58,106,0,19,120" hai1="59,101,43,33,10,97,7,124,67,23,127,66,42" hai2="29,102,13,84,31,15,25,17,65,56,22,69,55" hai3="89,46,48,72,16,103,119,112,27,90,34,133,82"/><V114/><F114/><N who="0" m="43530" /><D0/><U68/><E33/><V81/><F102/><W79/><G119/><T8/><D37/><U36/><E68/><V99/><F99/><W47/><G112/><T4/><D120/><U49/><E36/><V109/><F109/><W9/><G133/><T50/><D118/><U75/><E75/><V6/><F65/><W108/><G108/><T40/><D40/><U60/><E67/><V63/><F69/><W128/><G128/><T5/><D50/><U110/><E110/><V18/><F6/><N who="0" m="2666" /><D58/><U105/><E23/><V24/><F29/><W85/><G46/><T91/><D95/><U2/><REACH who="1" step="1"/><E49/><REACH who="1" ten="213,87,403,287" step="2"/><V74/><F22/><W116/><G34/><T100/><D100/><U52/><E52/><V104/><F55/><W83/><G103/><T61/><D61/><U38/><E38/><V20/><F63/><W93/><G116/><T98/><AGARI ba="0,1" hai="8,14,19,91,92,98,106,107" m="2666,43530" machi="98" ten="30,1100,0" yaku="15,1" doraHai="51" who="0" fromWho="0" sc="213,21,87,-3,403,-5,287,-3" /><INIT seed="7,0,0,1,2,121" ten="234,84,398,284" oya="3" hai0="1,75,63,16,122,56,126,2,48,132,128,124,59" hai1="61,85,14,92,25,30,134,76,73,95,69,50,32" hai2="54,13,116,110,10,115,29,58,80,96,66,40,103" hai3="119,35,38,113,135,36,111,15,67,84,26,71,68"/><W81/><G119/><T90/><D122/><U39/><E39/><V130/><F110/><W60/><G113/><T104/><D104/><U112/><E73/><V118/><F115/><W34/><G135/><T70/><D75/><U129/><E112/><V46/><F66/><W55/><G71/><T127/><D128/><U57/><E129/><V102/><F29/><W107/><G35/><T12/><D132/><U47/><E69/><V93/><F80/><W42/><G55/><T83/><D70/><U77/><E134/><V120/><F103/><W28/><G42/><T94/><D83/><U7/><E77/><V79/><F79/><W125/><G125/><T44/><D44/><U27/><E27/><V9/><F9/><W82/><G82/><T89/><D89/><U78/><E78/><V18/><F120/><W24/><G24/><T8/><D48/><U20/><E32/><V53/><F53/><W64/><G64/><T21/><D8/><U33/><E33/><V74/><F74/><W99/><G15/><T5/><D5/><U123/><E123/><V19/><F130/><W86/><G111/><T11/><D11/><U23/><E76/><V88/><F102/><N who="3" m="62943" /><G81/><T51/><D51/><U87/><E95/><V65/><F65/><W109/><G109/><T91/><D91/><U131/><E92/><V0/><F0/><N who="0" m="106" /><D63/><U6/><E131/><V22/><F40/><W100/><G60/><T72/><D72/><U3/><E3/><V117/><F117/><W37/><G38/><T62/><D62/><U108/><E108/><V45/><F116/><W52/><G68/><RYUUKYOKU ba="0,0" sc="234,30,84,-10,398,-10,284,-10" hai0="12,16,21,56,59,90,94,124,126,127" owari="264,-14.0,74,-43.0,388,50.0,274,7.0" /></mjloggm>