<mjloggm ver="2.3"><GO type="185" lobby="0"/><UN n0="%E6%9D%B1%E9%B3%B3" n1="%E5%A4%A9%E3%83%B6%E7%80%AC%E5%A5%88%E6%9C%88" n2="%E3%81%97%E3%82%93%E3%81%97%E3%82%93%E3%81%97%E3%82%93" n3="" dan="17,16,17,0" rate="2255.40,2226.17,2279.50,1500.00" sx="M,F,F,C"/><TAIKYOKU oya="0"/><INIT seed="0,0,0,5,4,128" ten="350,350,350,0" oya="0" hai0="120,122,44,118,124,48,75,92,82,94,81,73,112" hai1="65,39,45,123,38,40,2,47,125,56,77,113,76" hai2="88,98,117,86,121,3,104,116,37,107,102,79,32" hai3=""/><T59/><N who="0" m="30752" /><T46/><N who="0" m="31264" /><T41/><D112/><U51/><N who="1" m="31520" /><U78/><E2/><V66/><N who="2" m="31008" /><V72/><F3/><T70/><D70/><U83/><E113/><V105/><F32/><T62/><D118/><N who="2" m="45674" /><F66/><T80/><D124/><U110/><E125/><V103/><F37/><T34/><D34/><U97/><E110/><V61/><F61/><T55/><D75/><U115/><E115/><V42/><F42/><T109/><D73/><U134/><E56/><V91/><F103/><T43/><REACH who="0" step="1"/><D109/><REACH who="0" ten="340,350,350,0" step="2"/><U69/><E69/><V119/><F119/><T53/><D53/><U93/><E65/><V50/><F72/><T108/><D108/><U95/><E40/><V106/><F50/><AGARI ba="0,1" hai="41,43,44,46,48,50,55,59,62,80,81,82,92,94" m="31264,30752" machi="50" ten="40,12000,1" yaku="1,1,9,1,8,1,52,2,53,0" doraHai="128" doraHaiUra="64" who="0" fromWho="2" sc="340,130,350,0,350,-120,0,0" /><INIT seed="0,1,0,3,1,117" ten="470,350,230,0" oya="0" hai0="102,131,93,135,100,44,120,99,0,133,34,78,33" hai1="119,74,66,123,72,69,63,110,127,82,113,46,95" hai2="118,86,80,3,124,38,111,97,39,48,54,64,108" hai3=""/><T90/><N who="0" m="30752" /><T57/><D0/><U103/><N who="1" m="31520" /><U101/><E119/><V71/><F3/><T128/><D78/><U73/><E110/><N who="2" m="42027" /><F118/><T70/><D70/><U51/><E127/><V45/><F97/><T49/><D57/><U1/><E1/><V68/><F124/><T53/><D102/><U125/><E125/><V84/><F84/><T47/><D47/><U114/><E82/><V59/><F86/><T83/><D83/><U61/><E61/><V81/><F81/><T35/><REACH who="0" step="1"/><D100/><REACH who="0" ten="460,350,230,0" step="2"/><U129/><E103/><V77/><F80/><T52/><D52/><U43/><REACH who="1" step="1"/><E129/><AGARI ba="1,1" hai="33,34,35,44,49,53,90,93,99,128,129,131,133,135" m="30752" machi="129" ten="50,12000,1" yaku="1,1,19,1,52,2,53,0" doraHai="117" doraHaiUra="107" who="0" fromWho="1" sc="460,132,350,-122,230,0,0,0" /><INIT seed="0,2,0,5,0,81" ten="592,228,230,0" oya="0" hai0="103,105,72,111,33,40,37,90,121,47,91,119,49" hai1="82,77,52,74,58,130,2,1,3,45,51,61,120" hai2="35,54,36,80,129,113,71,96,93,94,102,41,134" hai3=""/><T84/><N who="0" m="31008" /><T85/><D119/><U122/><N who="1" m="30752" /><U66/><N who="1" m="31264" /><U68/><REACH who="1" step="1"/><E130/><REACH who="1" ten="592,218,230,0" step="2"/><V101/><F129/><T32/><D32/><U0/><N who="1" m="0" /><DORA hai="118" /><U46/><AGARI ba="2,1" hai="45,46,51,52,58,61,66,68,74,77,82" m="0,31264,30752" machi="46" ten="60,12000,3" yaku="1,1,4,1,0,1,52,4,54,1,53,0" doraHai="81,118" doraHaiUra="127,133" who="1" fromWho="1" sc="592,-82,218,134,230,-42,0,0" /><INIT seed="1,0,0,4,1,80" ten="510,352,188,0" oya="1" hai0="43,54,86,83,135,94,58,109,123,3,67,46,44" hai1="37,107,85,133,47,50,93,113,106,45,32,69,118" hai2="39,101,134,92,77,52,131,132,89,48,81,74,33" hai3=""/><U63/><E32/><V119/><F33/><T70/><N who="0" m="31520" /><T41/><D3/><U60/><E113/><V56/><F119/><T129/><D109/><U95/><E118/><V75/><F39/><T111/><D111/><U114/><E114/><V91/><F131/><T62/><D135/><N who="2" m="51754" /><F74/><T84/><D129/><U38/><E50/><V57/><F57/><T110/><D110/><U115/><E133/><V121/><N who="2" m="31008" /><V0/><F0/><T1/><D1/><U64/><E115/><V124/><F124/><T96/><D86/><U53/><E53/><V68/><F68/><T34/><D34/><U2/><E2/><V116/><F116/><T100/><D41/><U117/><E117/><V90/><F101/><T65/><D70/><U88/><E69/><V97/><AGARI ba="0,0" hai="48,52,56,75,77,81,89,90,91,92,97" m="31008,51754" machi="97" ten="30,3000,0" yaku="20,1,52,1,54,1" doraHai="80" who="2" fromWho="2" sc="510,-10,352,-20,188,30,0,0" /><INIT seed="2,0,0,3,1,129" ten="500,332,218,0" oya="2" hai0="45,126,133,85,108,84,36,122,54,79,70,72,123" hai1="75,43,125,135,124,55,53,39,112,2,100,44,99" hai2="57,3,46,35,115,73,56,88,119,64,80,51,81" hai3=""/><V63/><F3/><T83/><N who="0" m="31264" /><T134/><N who="0" m="31520" /><T114/><D108/><U65/><E2/><V89/><F115/><T121/><N who="0" m="31008" /><T116/><D116/><U76/><E112/><V52/><F119/><T102/><D114/><U109/><E109/><V107/><F107/><T49/><D126/><N who="1" m="48747" /><E65/><V86/><F35/><T91/><D70/><U128/><E128/><V82/><F73/><T106/><D36/><U50/><E135/><N who="0" m="51721" /><D91/><U68/><E68/><V94/><REACH who="2" step="1"/><F89/><REACH who="2" ten="500,332,208,0" step="2"/><T37/><D37/><U104/><E39/><V127/><F127/><T92/><D106/><U103/><E103/><V58/><AGARI ba="0,1" hai="46,51,52,56,57,58,63,64,80,81,82,86,88,94" machi="58" ten="30,12000,2" yaku="1,1,0,1,8,1,54,2,53,1" doraHai="129" doraHaiUra="48" who="2" fromWho="2" sc="500,-60,332,-60,208,130,0,0" /><INIT seed="2,1,0,2,3,54" ten="440,272,338,0" oya="2" hai0="85,60,51,71,94,96,43,69,106,129,122,82,112" hai1="92,130,65,111,32,98,81,48,115,118,1,2,123" hai2="55,36,104,95,35,113,70,66,90,100,57,39,59" hai3=""/><V109/><F113/><T99/><N who="0" m="31264" /><T80/><D129/><U91/><N who="1" m="31520" /><U135/><E32/><V79/><F35/><T105/><D112/><U72/><E115/><V62/><F109/><T108/><D108/><U38/><E111/><V56/><F55/><T110/><D110/><U33/><E33/><V37/><F79/><T40/><D51/><U0/><E38/><V52/><F52/><T67/><D94/><U89/><E130/><V78/><F78/><T119/><D85/><U114/><E135/><V107/><REACH who="2" step="1"/><F100/><REACH who="2" ten="440,272,328,0" step="2"/><T41/><D119/><U102/><E118/><V75/><F75/><T53/><D53/><U42/><E114/><V131/><F131/><T127/><D43/><U34/><E34/><V83/><F83/><T132/><D132/><U128/><E128/><V120/><N who="2" m="30752" /><V47/><F47/><T50/><D82/><U46/><E72/><V74/><F74/><T58/><D80/><U93/><E0/><V124/><F124/><T86/><D40/><U68/><E1/><V73/><F73/><T3/><D41/><U63/><E2/><V88/><F88/><T64/><D127/><U116/><E116/><V101/><F101/><T61/><D3/><U87/><E102/><V134/><F134/><RYUUKYOKU ba="1,1" sc="440,-20,272,10,328,10,0,0" hai1="42,46,48,63,65,68,81,87,89,91,92,93,98" hai2="36,37,39,56,57,59,62,66,70,90,95,104,107" /><INIT seed="2,2,1,4,4,131" ten="420,282,338,0" oya="2" hai0="122,119,34,41,121,65,97,48,120,64,103,42,95" hai1="99,43,92,1,49,60,83,88,105,111,108,36,118" hai2="114,85,102,90,106,80,66,61,89,86,129,45,126" hai3=""/><V58/><F114/><T63/><N who="0" m="30752" /><T115/><N who="0" m="31008" /><T33/><N who="0" m="31264" /><T125/><D119/><U128/><E118/><V79/><F129/><T104/><D125/><U67/><E128/><V52/><F126/><T70/><D115/><U38/><E1/><V2/><F2/><T35/><D65/><U73/><E105/><V68/><F45/><T100/><D100/><U101/><E49/><V84/><F106/><T3/><D3/><U107/><E43/><V75/><REACH who="2" step="1"/><F102/><REACH who="2" ten="420,282,328,0" step="2"/><T94/><REACH who="0" step="1"/><D42/><REACH who="0" ten="410,282,328,0" step="2"/><U50/><E101/><V32/><F32/><T91/><D91/><U96/><E88/><V69/><F69/><T47/><AGARI ba="2,3" hai="33,34,35,41,47,48,63,64,70,94,95,97,103,104" m="31264,31008,30752" machi="47" ten="40,6000,1" yaku="1,1,0,1,52,3,53,0" doraHai="131" doraHaiUra="130" who="0" fromWho="0" sc="410,94,282,-22,328,-42,0,0" /><INIT seed="4,0,0,2,2,44" ten="504,260,286,0" oya="0" hai0="101,79,122,59,38,72,121,102,34,93,62,108,69" hai1="113,89,41,68,125,96,80,109,2,114,48,36,67" hai2="129,45,118,55,74,83,53,87,52,115,135,98,71" hai3=""/><T54/><N who="0" m="31008" /><T105/><N who="0" m="31264" /><T33/><D38/><U134/><E2/><V106/><F115/><N who="1" m="44041" /><E109/><V37/><F74/><T86/><D108/><U70/><E134/><V130/><F71/><N who="1" m="27177" /><E125/><V43/><F135/><T100/><D105/><U107/><E67/><V66/><F118/><T110/><D110/><U90/><E36/><V32/><F32/><T95/><D69/><U46/><E80/><V133/><F66/><T88/><REACH who="0" step="1"/><D95/><REACH who="0" ten="494,260,286,0" step="2"/><U57/><E57/><V40/><F133/><T127/><D127/><U131/><E131/><V97/><F106/><T112/><D112/><U77/><E77/><V123/><N who="2" m="31520" /><V99/><F129/><T116/><D116/><U84/><E84/><V94/><F130/><T39/><D39/><U47/><E47/><V132/><F132/><T104/><D104/><U58/><E58/><V75/><F37/><T56/><D56/><U0/><E0/><V42/><F45/><T117/><D117/><U61/><E61/><V120/><F94/><T64/><D64/><U111/><E111/><V49/><F87/><T119/><D119/><U35/><E35/><V82/><F120/><T73/><D73/><U126/><E126/><V128/><F75/><T3/><D3/><U85/><E85/><RYUUKYOKU ba="0,1" sc="494,10,260,10,286,-20,0,0" hai0="33,34,54,59,62,72,79,86,88,93,100,101,102" hai1="41,46,48,89,90,96,107" /><INIT seed="4,1,1,3,2,0" ten="504,270,266,0" oya="0" hai0="101,93,106,38,78,118,114,43,121,58,134,65,86" hai1="107,71,117,111,39,135,91,126,36,132,63,120,47" hai2="42,40,70,108,115,56,45,54,69,102,79,34,77" hai3=""/><T46/><N who="0" m="31008" /><T61/><D118/><U124/><N who="1" m="30752" /><U33/><E107/><V92/><F108/><T103/><D114/><U97/><E117/><V127/><F115/><T105/><D134/><N who="1" m="51243" /><E33/><V98/><F127/><N who="1" m="48681" /><E111/><V44/><F34/><T50/><D106/><U109/><E109/><V41/><F69/><T81/><D105/><U83/><E47/><N who="2" m="17995" /><F70/><T35/><D35/><U112/><E112/><V2/><F2/><T110/><D110/><U87/><E97/><V62/><AGARI ba="1,1" hai="40,41,42,54,56,62,77,79,92,98,102" m="17995" machi="62" ten="30,800,0" yaku="8,1" doraHai="0" who="2" fromWho="2" sc="504,-6,270,-4,266,20,0,0" /><INIT seed="5,0,0,4,3,124" ten="498,266,286,0" oya="1" hai0="33,1,57,93,125,55,53,105,111,117,97,132,56" hai1="3,0,120,112,67,89,104,73,42,95,106,38,62" hai2="128,92,48,69,113,63,70,60,123,99,44,82,39" hai3=""/><U121/><N who="1" m="30752" /><U65/><N who="1" m="31008" /><U46/><E73/><V101/><N who="2" m="31520" /><V50/><F128/><T43/><D105/><U107/><E112/><V54/><F39/><T84/><D43/><U127/><E127/><V77/><F113/><T126/><D1/><U100/><E100/><V94/><F92/><T109/><D33/><U110/><E110/><V71/><REACH who="2" step="1"/><F48/><REACH who="2" ten="498,266,276,0" step="2"/><T116/><D126/><U49/><E38/><V108/><F108/><T34/><D93/><U91/><E65/><V114/><F114/><T86/><D125/><U115/><E115/><V119/><F119/><T87/><D116/><U32/><E32/><V98/><F98/><T133/><D97/><U52/><E42/><V90/><F90/><T130/><D117/><U96/><REACH who="1" step="1"/><E89/><REACH who="1" ten="498,256,276,0" step="2"/><V2/><F2/><T51/><D34/><U129/><E129/><V47/><F47/><T88/><D130/><U83/><E83/><V64/><F64/><T134/><D88/><U36/><E36/><V81/><F81/><T59/><D111/><U68/><AGARI ba="0,2" hai="0,3,46,49,52,62,67,68,91,95,96,104,106,107" m="31008,30752" machi="68" ten="30,8000,1" yaku="1,1,0,1,52,2,54,1,53,0" doraHai="124" doraHaiUra="75" who="1" fromWho="1" sc="498,-40,256,100,276,-40,0,0" /><INIT seed="5,1,0,0,0,63" ten="458,356,236,0" oya="1" hai0="56,71,87,114,105,58,100,57,46,133,85,104,123" hai1="102,41,37,83,35,101,121,73,98,135,40,67,38" hai2="1,86,124,0,77,106,33,95,90,115,112,81,88" hai3=""/><U2/><N who="1" m="31008" /><U76/><E35/><V54/><F33/><T78/><N who="0" m="31520" /><T61/><D114/><N who="2" m="43562" /><F124/><T55/><D133/><U131/><E2/><N who="2" m="1131" /><F106/><T118/><D58/><U68/><E135/><V75/><F54/><T44/><D55/><U62/><E131/><V122/><N who="2" m="31264" /><V120/><N who="2" m="30752" /><V42/><F90/><T129/><D105/><U50/><E102/><V116/><F42/><T59/><D100/><U108/><E108/><V39/><F39/><T51/><D104/><U110/><E110/><V132/><F116/><T109/><D118/><U45/><REACH who="1" step="1"/><E41/><REACH who="1" ten="458,346,236,0" step="2"/><V99/><F132/><T43/><D43/><U96/><E96/><AGARI ba="1,1" hai="75,77,81,86,88,95,96,99" m="30752,31264,1131,43562" machi="96" ten="30,8000,1" yaku="15,1,11,1,52,2,54,1" doraHai="63" who="2" fromWho="1" sc="458,0,346,-82,236,92,0,0" /><INIT seed="6,0,0,3,1,101" ten="458,264,328,0" oya="2" hai0="35,105,34,45,108,43,70,49,63,83,126,41,60" hai1="89,39,50,132,119,92,66,38,95,42,103,65,69" hai2="67,55,116,76,86,32,134,125,104,85,1,74,130" hai3=""/><V112/><RYUUKYOKU type="yao9" ba="0,0" sc="458,0,264,0,328,0,0,0" hai2="1,32,55,67,74,76,85,86,104,112,116,125,130,134" /><INIT seed="6,1,0,5,0,124" ten="458,264,328,0" oya="2" hai0="43,34,57,76,116,132,45,101,65,66,92,73,129" hai1="70,77,48,89,2,78,42,125,47,94,69,68,113" hai2="60,39,117,71,90,81,40,53,103,121,84,126,133" hai3=""/><V95/><F117/><T130/><D34/><U128/><E2/><V44/><N who="2" m="31008" /><V102/><F126/><T33/><D33/><U75/><E125/><V0/><F0/><T100/><D116/><U122/><N who="1" m="31264" /><U112/><E75/><V41/><F133/><T106/><D106/><U86/><REACH who="1" step="1"/><E128/><REACH who="1" ten="458,254,328,0" step="2"/><V107/><F107/><T67/><D73/><U97/><E97/><V1/><F1/><T83/><D130/><U118/><E118/><V64/><F41/><T37/><D129/><U98/><E98/><V134/><F134/><T52/><D132/><U96/><E96/><V79/><F53/><T123/><D123/><U55/><E55/><V111/><F111/><T85/><D52/><U72/><E72/><AGARI ba="1,1" hai="39,40,44,60,64,71,72,79,81,84,90,95,102,103" m="31008" machi="72" ten="30,2900,0" yaku="7,1,52,1" doraHai="124" who="2" fromWho="1" sc="458,0,254,-31,328,41,0,0" /><INIT seed="6,2,0,4,4,53" ten="458,223,369,0" oya="2" hai0="66,72,38,125,112,64,45,74,111,128,62,75,100" hai1="96,105,68,51,52,123,106,57,101,61,88,42,34" hai2="85,122,92,131,63,35,132,103,33,71,126,110,55" hai3=""/><V43/><N who="2" m="31264" /><V98/><F126/><T39/><D111/><U36/><N who="1" m="31520" /><U59/><E34/><V97/><F131/><T119/><D119/><U133/><E133/><V104/><F132/><T113/><D125/><U37/><E68/><V70/><F110/><T118/><D118/><U32/><E32/><V115/><F115/><N who="0" m="44106" /><D128/><U46/><E106/><V73/><F73/><T134/><D134/><U58/><E36/><N who="0" m="13865" /><D45/><U69/><E88/><V83/><F43/><T1/><D1/><U41/><E41/><V65/><F70/><T3/><D3/><U121/><N who="1" m="31008" /><U102/><E102/><V47/><F47/><T40/><D40/><U116/><E116/><V89/><F55/><T84/><D100/><AGARI ba="2,0" hai="33,35,63,65,71,83,85,89,92,97,98,100,103,104" m="31264" machi="100" ten="30,2900,0" yaku="7,1,52,1" doraHai="53" who="2" fromWho="0" sc="458,-33,223,0,369,33,0,0" /><INIT seed="6,3,0,0,2,51" ten="425,223,402,0" oya="2" hai0="54,3,67,38,37,89,114,80,99,69,135,82,40" hai1="66,101,73,119,108,64,106,87,60,35,65,92,95" hai2="85,62,46,129,33,110,2,113,86,0,48,107,116" hai3=""/><V105/><F116/><T32/><D32/><U78/><E35/><V131/><F33/><T104/><D3/><N who="2" m="1066" /><F62/><T36/><D40/><U84/><E108/><V72/><F72/><T47/><D47/><U121/><N who="1" m="31008" /><U81/><E119/><V52/><F113/><T115/><D54/><U83/><E106/><N who="2" m="40459" /><F110/><T59/><D69/><U127/><E127/><V126/><F126/><T118/><D118/><U102/><E73/><V63/><F63/><T74/><D59/><U128/><E128/><AGARI ba="3,0" hai="46,48,52,85,86,128,129,131" m="40459,1066" machi="128" ten="40,7700,0" yaku="19,1,52,1,54,1" doraHai="51" who="2" fromWho="1" sc="425,0,223,-83,402,83,0,0" owari="425,3.0,140,-46.0,485,43.0,0,0.0" /></mjloggm>