<mjloggm ver="2.3"><GO type="169" lobby="0"/><UN n0="%61%72%6D%65%64" n1="%E5%AE%8C%E5%85%A8%E5%AE%89%E7%89%8C" n2="%E3%81%99%E3%81%B1%E3%81%B5%E3%81%87%E3%81%AB%E3%81%9F%E3%82%93" n3="%E3%83%AA%E3%83%BC%E3%83%95%E3%82%A3%E3%82%A2" dan="16,17,16,16" rate="2077.96,2227.98,2006.14,2126.00" sx="M,M,F,F"/><TAIKYOKU oya="0"/><INIT seed="0,0,0,3,3,33" ten="250,250,250,250" oya="0" hai0="77,48,27,93,57,87,39,67,24,129,84,6,120" hai1="56,111,90,110,29,9,124,38,50,104,2,76,40" hai2="52,65,102,12,132,128,113,26,31,95,17,30,1" hai3="63,99,7,55,107,70,130,51,20,131,21,94,44"/><T125/><D120/><U45/><E104/><V92/><F113/><W66/><G107/><T100/><D39/><U10/><E124/><V36/><F36/><W43/><G7/><T114/><D114/><U80/><E29/><V89/><F132/><W72/><G72/><T18/><D129/><N who="3" m="49161" /><G43/><T42/><D6/><N who="1" m="1239" /><E10/><V59/><F65/><W14/><G14/><T71/><D71/><U47/><E56/><V4/><F4/><W19/><G19/><T91/><D100/><AGARI ba="0,0" hai="20,21,44,51,55,63,66,70,94,99,100" m="49161" machi="100" ten="30,1000,0" yaku="19,1" doraHai="33" who="3" fromWho="0" sc="250,-10,250,0,250,0,250,10" /><INIT seed="1,0,0,3,4,79" ten="240,250,250,260" oya="1" hai0="77,20,87,134,86,121,40,53,1,51,99,32,16" hai1="46,102,112,120,47,67,78,133,132,73,63,97,84" hai2="61,59,93,8,21,30,22,71,37,109,15,75,101" hai3="39,54,66,125,64,83,25,111,106,48,36,43,31"/><U17/><E112/><V92/><F109/><W12/><G106/><T130/><D32/><U104/><E120/><V26/><F71/><W52/><G111/><T74/><D1/><U76/><E73/><V38/><F75/><W96/><G96/><T85/><D40/><U68/><E17/><V82/><F38/><W2/><G2/><T6/><D6/><U110/><E110/><V69/><F37/><W98/><G98/><T0/><D0/><U19/><E19/><V57/><F101/><W9/><G39/><T14/><D134/><N who="1" m="51819" /><E78/><V88/><F69/><W105/><G105/><T44/><D130/><U128/><E128/><V10/><F22/><N who="3" m="15799" /><G36/><T70/><D70/><U72/><E72/><V131/><F59/><N who="3" m="33159" /><G54/><T23/><D121/><U11/><E11/><N who="2" m="4139" /><F15/><W42/><G125/><T90/><D23/><U108/><E108/><V80/><F131/><W5/><G83/><AGARI ba="0,0" hai="46,47,63,67,68,76,83,84,97,102,104" m="51819" machi="83" ten="30,2900,0" yaku="20,1,52,1" doraHai="79" who="1" fromWho="3" sc="240,0,250,29,250,0,260,-29" /><INIT seed="1,1,0,2,4,30" ten="240,279,250,231" oya="1" hai0="87,118,33,6,49,21,76,83,25,53,102,84,127" hai1="4,70,94,130,13,101,68,8,48,77,99,123,90" hai2="109,97,61,43,2,24,134,27,98,79,26,92,55" hai3="93,3,41,32,58,82,65,85,121,18,5,20,46"/><U16/><E130/><V86/><F109/><W73/><G32/><T52/><D118/><U40/><E123/><V115/><F2/><W114/><G114/><T44/><D127/><U117/><E117/><V34/><F134/><W60/><G73/><T1/><D102/><U88/><E77/><V47/><F115/><W62/><G93/><T119/><D119/><U0/><E40/><V59/><F34/><W36/><G3/><T78/><D33/><U56/><E56/><V10/><F10/><W29/><G5/><T19/><D1/><U23/><REACH who="1" step="1"/><E48/><REACH who="1" ten="240,269,250,231" step="2"/><V81/><F43/><W125/><G58/><T131/><D131/><U42/><E42/><V128/><F128/><W64/><G41/><T31/><D53/><U11/><E11/><V57/><F57/><W63/><G121/><T111/><D78/><U108/><E108/><V95/><F47/><W66/><G46/><T135/><D111/><U124/><E124/><V45/><F45/><W104/><G125/><T50/><D50/><U67/><E67/><V74/><F74/><W69/><G66/><T35/><D135/><U17/><E17/><V80/><F55/><W75/><G18/><T129/><D129/><U122/><E122/><V110/><F59/><W107/><G65/><T106/><D6/><U39/><E39/><V116/><F110/><W105/><G36/><T96/><D19/><U133/><E133/><V112/><F116/><W12/><G64/><T37/><D37/><U54/><E54/><V89/><F112/><W9/><G9/><T14/><D44/><U120/><E120/><V51/><F51/><RYUUKYOKU ba="1,1" sc="240,-10,269,30,250,-10,231,-10" hai1="0,4,8,13,16,23,68,70,88,90,94,99,101" /><INIT seed="1,2,1,5,0,7" ten="230,299,240,221" oya="1" hai0="39,100,6,45,36,22,95,15,109,46,102,72,129" hai1="23,105,4,0,134,62,5,122,33,88,97,32,40" hai2="124,84,21,26,24,56,11,52,111,58,115,74,117" hai3="20,17,8,2,123,44,128,71,86,12,121,92,50"/><U101/><E122/><V126/><F117/><W110/><G71/><T31/><D72/><U57/><E134/><V64/><F74/><W108/><G128/><T48/><D109/><N who="3" m="42089" /><G92/><T54/><D31/><U132/><E132/><V10/><F115/><W113/><G86/><T19/><D6/><U87/><E40/><V93/><F26/><N who="3" m="14607" /><G2/><T83/><D83/><U94/><E23/><V69/><F69/><W65/><G65/><T29/><D29/><U135/><E135/><V82/><F93/><W41/><G113/><T80/><D80/><U120/><E120/><V96/><F96/><W91/><G91/><T70/><D70/><U106/><E106/><V18/><F124/><W14/><G14/><T127/><D127/><U38/><E38/><V42/><F126/><W131/><G131/><T47/><D129/><U25/><E0/><V53/><F64/><W63/><G63/><T43/><D95/><U51/><E51/><N who="2" m="30751" /><F111/><W77/><G77/><T76/><D76/><U61/><E61/><N who="2" m="36047" /><F42/><AGARI ba="2,1" hai="15,19,22,36,39,42,43,45,46,47,48,54,100,102" machi="42" ten="40,1300,0" yaku="9,1" doraHai="7" who="0" fromWho="2" sc="230,29,299,0,240,-19,221,0" /><INIT seed="2,0,0,5,2,21" ten="259,299,221,221" oya="2" hai0="70,67,101,110,37,39,85,124,92,18,68,47,33" hai1="126,131,111,46,102,116,41,16,42,27,49,127,81" hai2="120,63,74,52,32,54,80,109,57,123,59,105,23" hai3="26,108,91,89,99,34,48,135,104,38,106,43,31"/><V58/><F105/><W115/><G108/><T79/><D33/><U119/><E111/><V78/><F32/><W24/><G135/><T129/><D79/><U14/><E131/><V87/><F109/><W125/><G125/><N who="1" m="47626" /><E102/><V112/><F112/><W7/><G7/><T122/><D39/><U5/><E42/><V13/><F59/><W121/><G121/><T22/><D37/><U65/><E65/><V64/><F64/><W40/><G38/><T100/><D47/><U3/><E3/><V84/><F13/><W11/><G34/><T8/><D67/><U118/><E81/><V55/><F23/><W36/><G36/><T15/><D15/><U56/><E56/><V6/><F6/><W53/><G115/><T113/><D22/><N who="1" m="13767" /><E118/><V90/><F55/><W97/><G53/><T130/><D68/><U72/><E72/><V44/><F44/><W76/><G31/><T60/><D70/><U128/><E128/><V62/><REACH who="2" step="1"/><F74/><REACH who="2" ten="259,299,211,221" step="2"/><W114/><G114/><T86/><D113/><U12/><E12/><V96/><F96/><W4/><G4/><T94/><D110/><U95/><E14/><V9/><F9/><W82/><G11/><T20/><D8/><U88/><E5/><V0/><F0/><W1/><G1/><T77/><D129/><U133/><E133/><V83/><AGARI ba="0,1" hai="52,54,57,58,62,63,78,80,83,84,87,90,120,123" machi="83" ten="20,12000,1" yaku="1,1,0,1,7,1,9,1,54,1,53,0" doraHai="21" doraHaiUra="103" who="2" fromWho="2" sc="259,-40,299,-40,211,130,221,-40" /><INIT seed="2,1,0,1,4,31" ten="219,259,341,181" oya="2" hai0="57,54,2,50,117,26,109,66,95,116,44,58,75" hai1="118,55,131,122,45,90,62,96,33,10,64,20,9" hai2="18,28,59,108,120,133,0,43,110,124,21,76,73" hai3="102,85,121,69,104,19,130,56,107,68,87,112,46"/><V37/><F120/><W35/><G121/><T27/><D75/><U34/><E118/><N who="0" m="45673" /><D2/><U92/><E122/><V67/><F28/><W11/><G56/><N who="0" m="21611" /><D109/><U101/><E131/><V114/><F133/><W115/><G46/><T78/><D78/><U63/><E20/><V13/><F124/><W135/><G135/><T52/><D54/><U42/><E55/><V17/><F0/><W32/><G19/><T8/><D8/><U3/><E90/><V99/><F18/><W83/><G11/><T81/><D81/><U38/><E10/><V53/><F76/><W16/><G16/><T127/><D127/><U88/><E101/><V105/><F73/><W98/><G83/><T86/><D66/><U71/><REACH who="1" step="1"/><E62/><REACH who="1" ten="219,249,341,181" step="2"/><V65/><F53/><W103/><REACH who="3" step="1"/><G98/><REACH who="3" ten="219,249,341,171" step="2"/><T6/><D6/><AGARI ba="1,2" hai="3,6,9,33,34,38,42,45,63,64,71,88,92,96" machi="6" ten="40,8000,1" yaku="1,1,2,1,52,2,54,1,53,0" doraHai="31" doraHaiUra="134" who="1" fromWho="0" sc="219,-83,249,103,341,0,171,0" /><INIT seed="3,0,0,1,3,86" ten="136,352,341,171" oya="3" hai0="57,44,107,54,67,63,4,68,5,128,56,13,60" hai1="130,59,117,10,48,105,98,49,42,51,79,134,39" hai2="121,108,7,11,66,45,126,133,52,58,43,62,106" hai3="53,17,40,32,0,36,29,103,111,123,46,85,78"/><W82/><G123/><T64/><D107/><U114/><E114/><V15/><F108/><W14/><G0/><T135/><D4/><U109/><E79/><V95/><F133/><W90/><G111/><T88/><D135/><U89/><E134/><V12/><F126/><W115/><G115/><T73/><D73/><U75/><E75/><V96/><F106/><W47/><G32/><T118/><D118/><U34/><E34/><V116/><F121/><W28/><G103/><T131/><D5/><U113/><E130/><V21/><F21/><W8/><REACH who="3" step="1"/><G78/><REACH who="3" ten="136,352,341,161" step="2"/><T83/><D128/><U37/><E113/><V124/><F124/><W16/><G16/><T99/><D131/><U119/><E109/><V26/><F116/><W69/><G69/><T127/><D127/><U24/><E117/><V93/><F7/><W65/><G65/><T122/><D122/><U33/><E33/><V27/><F66/><W23/><G23/><T1/><D1/><U100/><E100/><V92/><F11/><W30/><G30/><T55/><D68/><U38/><E10/><V101/><F101/><W81/><G81/><T76/><D76/><U71/><E71/><V20/><F20/><W70/><G70/><T77/><D77/><U9/><E9/><V102/><F102/><W41/><G41/><T19/><D83/><U2/><E2/><V18/><F95/><W25/><G25/><T94/><D44/><U132/><E119/><V84/><F27/><W61/><G61/><T125/><D125/><U22/><E24/><V120/><F18/><W31/><G31/><T35/><D35/><RYUUKYOKU ba="0,1" sc="136,15,352,-15,341,-15,161,15" hai0="13,19,54,55,56,57,60,63,64,67,88,94,99" hai3="8,14,17,28,29,36,40,46,47,53,82,85,90" /><INIT seed="3,1,1,0,5,125" ten="151,337,326,176" oya="3" hai0="90,21,67,33,6,37,77,20,103,49,87,126,97" hai1="5,16,108,41,52,43,80,27,38,4,0,99,88" hai2="111,54,34,42,109,19,1,104,105,118,14,81,122" hai3="63,40,50,56,8,29,61,55,51,36,120,117,18"/><W79/><G120/><T115/><D37/><U15/><E0/><V74/><F118/><W46/><G117/><T25/><D126/><U86/><E108/><N who="2" m="41547" /><F34/><W91/><G79/><T102/><D77/><U44/><E27/><V71/><F71/><W9/><G29/><T53/><D67/><U92/><E43/><V73/><F42/><W127/><G127/><T75/><D75/><U30/><E30/><V134/><F134/><W31/><G31/><T22/><D33/><U69/><E52/><V133/><F1/><W128/><G36/><T82/><D115/><U89/><REACH who="1" step="1"/><E69/><REACH who="1" ten="151,327,326,176" step="2"/><V32/><F54/><W28/><G28/><T68/><D68/><U112/><E112/><V76/><F32/><W78/><G40/><T62/><D25/><U94/><E94/><V70/><F133/><W135/><G135/><T84/><D62/><U72/><E72/><V100/><F122/><W98/><G55/><T107/><D53/><U7/><E7/><V110/><F110/><W66/><G63/><T10/><D49/><U130/><E130/><V58/><F70/><W116/><G128/><T11/><D6/><U121/><E121/><V47/><F58/><W26/><G51/><T59/><D59/><U132/><E132/><V124/><F124/><W2/><G56/><T48/><D48/><U113/><E113/><V129/><F74/><W119/><G61/><T65/><D65/><U57/><E57/><V39/><F73/><W83/><G66/><T24/><D24/><U12/><E12/><V85/><F14/><N who="3" m="7495" /><G116/><T106/><D84/><U123/><E123/><V17/><F85/><RYUUKYOKU ba="1,2" sc="151,15,327,15,326,-15,176,-15" hai0="10,11,20,21,22,82,87,90,97,102,103,106,107" hai1="4,5,15,16,38,41,44,80,86,88,89,92,99" /><INIT seed="4,2,2,4,1,67" ten="166,342,311,161" oya="0" hai0="5,27,8,123,78,70,61,39,50,24,80,129,72" hai1="133,45,53,122,68,40,0,131,30,135,21,74,51" hai2="41,108,29,87,25,105,33,55,100,34,17,76,64" hai3="20,97,37,77,35,3,117,71,128,15,102,88,98"/><T38/><D123/><U90/><E122/><V65/><F34/><W79/><G117/><T16/><D129/><U13/><E0/><V52/><F41/><W26/><G3/><T120/><D120/><U54/><E74/><V12/><F108/><W109/><G109/><T69/><D61/><U28/><E68/><V47/><F87/><W7/><G37/><T81/><D50/><U134/><E131/><V75/><F47/><W132/><G35/><T14/><D81/><U113/><E113/><V101/><F101/><W125/><G125/><T83/><D80/><U86/><E13/><V46/><F46/><W73/><G71/><T127/><D127/><U89/><E89/><V2/><F2/><W60/><G60/><T119/><D119/><U85/><E85/><V126/><F76/><N who="3" m="29259" /><G73/><T11/><D38/><U95/><E21/><V121/><F75/><W18/><G132/><T19/><D39/><U99/><E86/><V44/><F44/><W57/><G57/><T118/><D118/><U106/><E106/><V104/><F104/><W130/><G130/><T66/><D66/><U92/><E92/><V22/><F126/><W23/><G128/><T49/><D49/><U59/><E54/><N who="2" m="20523" /><F121/><W116/><G116/><T62/><D62/><AGARI ba="2,2" hai="28,30,40,45,51,53,59,62,90,95,99,133,134,135" machi="62" ten="40,1300,0" yaku="20,1" doraHai="67" who="1" fromWho="0" sc="166,-19,342,39,311,0,161,0" /><INIT seed="5,0,0,2,1,77" ten="147,381,311,161" oya="1" hai0="132,127,87,84,74,133,66,7,45,41,44,37,123" hai1="62,120,81,17,125,50,51,8,20,112,111,104,106" hai2="25,93,97,75,134,27,55,2,12,95,70,126,40" hai3="46,128,18,82,39,58,34,56,36,90,14,5,59"/><U28/><E120/><V63/><F2/><W38/><G128/><T0/><D123/><U117/><E117/><V47/><F134/><N who="0" m="51818" /><D74/><U80/><E104/><V91/><F126/><W1/><G34/><T115/><D127/><U6/><E106/><V109/><F109/><W61/><G1/><T79/><D66/><U48/><E125/><V16/><F75/><W10/><G46/><N who="0" m="23855" /><D115/><U130/><E112/><V122/><F70/><W23/><G90/><T113/><D113/><U49/><E130/><V129/><F129/><W121/><G121/><T65/><D65/><U76/><E76/><V54/><F95/><W102/><G102/><T98/><D98/><U96/><E28/><V32/><F32/><W22/><G61/><T52/><D79/><U124/><E62/><V71/><F71/><W110/><G110/><T26/><D26/><N who="1" m="14607" /><E111/><V99/><F63/><W68/><G68/><T114/><D44/><U107/><E107/><V30/><F30/><W43/><G43/><T116/><D116/><U21/><E96/><V101/><F47/><W92/><G39/><T73/><D73/><U53/><E49/><V86/><F40/><W131/><G38/><T24/><D24/><N who="2" m="9290" /><F97/><W31/><G36/><T94/><D94/><U89/><E50/><V100/><F122/><W19/><G92/><T13/><D0/><U118/><E118/><V29/><F29/><W78/><G31/><T105/><D105/><U119/><E119/><V108/><F108/><W72/><G131/><T3/><D3/><U60/><E124/><V42/><F42/><W11/><G11/><N who="0" m="4351" /><D114/><U135/><E135/><RYUUKYOKU ba="0,0" sc="147,15,381,-15,311,-15,161,15" hai0="45,52,84,87" hai3="5,10,14,18,19,22,23,56,58,59,72,78,82" /><INIT seed="6,1,0,3,5,80" ten="162,366,296,176" oya="2" hai0="10,40,41,13,123,4,54,84,15,71,37,94,99" hai1="29,2,58,87,122,44,68,103,74,129,36,110,19" hai2="90,109,52,76,69,126,42,65,23,82,111,96,116" hai3="35,131,33,22,85,17,25,9,91,115,27,106,107"/><V78/><F116/><W60/><G131/><T112/><D123/><U132/><E68/><V77/><F42/><W67/><G115/><T113/><D71/><U57/><E74/><N who="2" m="43287" /><F23/><W114/><G9/><T49/><D37/><U12/><E58/><V88/><F126/><W101/><G114/><N who="0" m="44139" /><D15/><U6/><E57/><V39/><F39/><W26/><G107/><T81/><D54/><U66/><E19/><V38/><F38/><W45/><G45/><T93/><D49/><U89/><E44/><V32/><F32/><W128/><G128/><T121/><D121/><U79/><E12/><V134/><F134/><W8/><G8/><T120/><D120/><U7/><E132/><V70/><F52/><W130/><G130/><T56/><D56/><U100/><E36/><V86/><F65/><W43/><G43/><N who="0" m="16459" /><D99/><U11/><E66/><V92/><F69/><W118/><G67/><T127/><D127/><U108/><E129/><V50/><F50/><W1/><G118/><T95/><D95/><U73/><E122/><V72/><F70/><W18/><G60/><T53/><D53/><U61/><E61/><V48/><F48/><W0/><G0/><T64/><D64/><U3/><E3/><V75/><F109/><W55/><G55/><T51/><D51/><U28/><E108/><V102/><F111/><W117/><G117/><T5/><D5/><U104/><E110/><V20/><F20/><N who="3" m="13455" /><G1/><T133/><D133/><U16/><E2/><V105/><F90/><AGARI ba="1,0" hai="4,10,13,81,84,90,93,94" m="16459,44139" machi="90" ten="30,2000,0" yaku="15,1,52,1" doraHai="80" who="0" fromWho="2" sc="162,23,366,0,296,-23,176,0" /><INIT seed="7,0,0,3,0,51" ten="185,366,273,176" oya="3" hai0="73,57,88,49,96,56,12,55,52,53,78,77,26" hai1="31,84,134,70,108,102,106,1,117,40,111,82,85" hai2="105,11,67,30,90,54,131,34,135,132,112,115,93" hai3="89,9,113,41,37,118,21,66,17,122,45,32,116"/><W91/><G122/><T44/><D73/><U0/><E70/><V64/><F34/><W87/><G32/><T63/><D26/><U39/><E85/><V99/><F30/><W80/><G113/><N who="2" m="43593" /><F11/><W29/><G66/><T121/><D12/><U18/><E31/><V72/><F72/><W43/><G43/><T97/><D97/><U25/><E18/><V130/><F64/><W92/><G9/><T47/><D47/><U22/><E22/><V13/><F13/><W27/><REACH who="3" step="1"/><G29/><REACH who="3" ten="185,366,273,166" step="2"/><T74/><D121/><U76/><E40/><V129/><F67/><W114/><G114/><T98/><D74/><U28/><E28/><V50/><F105/><W100/><G100/><T104/><D104/><U101/><E102/><V19/><F19/><W126/><G126/><T120/><D120/><U15/><E101/><V20/><F20/><W124/><G124/><T14/><D14/><U8/><E106/><V46/><AGARI ba="0,1" hai="46,50,54,90,93,99,129,130,131,132,135" m="43593" machi="46" ten="40,5200,0" yaku="19,1,15,1,52,1" doraHai="51" who="2" fromWho="2" sc="185,-13,366,-13,273,62,166,-26" owari="172,-23.0,353,45.0,335,14.0,140,-36.0" /></mjloggm>