<mjloggm ver="2.3"><GO type="169" lobby="0"/><UN n0="%E5%85%8E%E3%81%A8%E4%BA%80" n1="%E3%81%98%E3%81%9F%E3%81%A3%E3%81%8F" n2="%E3%82%B9%E3%83%9E%E3%83%9B%E7%94%A8%E3%81%AE%E3%82%84%E3%81%A4" n3="%E9%BB%92%E9%9B%BB%E8%A9%B1" dan="17,17,16,17" rate="2171.78,2144.77,2110.68,2202.30" sx="M,M,M,M"/><TAIKYOKU oya="0"/><INIT seed="0,0,0,1,3,105" ten="250,250,250,250" oya="0" hai0="106,128,60,109,20,99,26,129,9,33,50,72,119" hai1="83,48,123,103,80,124,38,22,93,56,121,53,98" hai2="49,110,65,14,2,43,3,16,116,24,111,87,23" hai3="66,45,64,52,67,104,18,102,57,70,41,44,135"/><T115/><D115/><U59/><E124/><V76/><F65/><W27/><G104/><T71/><D119/><U29/><E38/><V95/><F116/><W7/><G102/><T25/><D109/><N who="2" m="41482" /><F24/><W77/><G7/><T131/><D72/><U114/><E114/><V88/><F76/><W61/><G77/><T97/><D106/><U15/><E123/><V47/><AGARI ba="0,0" hai="2,3,14,16,23,43,47,49,87,88,95" m="41482" machi="47" ten="30,4000,0" yaku="14,1,54,2" doraHai="105" who="2" fromWho="2" sc="250,-20,250,-10,250,40,250,-10" /><INIT seed="1,0,0,4,1,76" ten="230,240,290,240" oya="1" hai0="89,29,21,92,86,41,134,57,11,3,116,94,44" hai1="53,80,88,33,20,100,2,43,97,70,111,47,81" hai2="67,26,91,32,135,77,125,122,72,1,60,71,15" hai3="0,48,107,130,27,51,18,37,25,5,66,58,99"/><U10/><E33/><V79/><F122/><W121/><G37/><T46/><D116/><U108/><E70/><V133/><F125/><W102/><G121/><T24/><D134/><N who="2" m="51210" /><F1/><W45/><G130/><T19/><D3/><U106/><E88/><V34/><F72/><W118/><G5/><T31/><D57/><U68/><E68/><V96/><F15/><W64/><G0/><T109/><D109/><N who="1" m="42059" /><E53/><V62/><F62/><W83/><G64/><T124/><D124/><U82/><E20/><V127/><F127/><W59/><G51/><T113/><D11/><U49/><E81/><V115/><F115/><W13/><G83/><N who="0" m="49375" /><D113/><U87/><E87/><V128/><F128/><W40/><G118/><T22/><D41/><U65/><E65/><V131/><F34/><W54/><G66/><T112/><D112/><U119/><E119/><V4/><F131/><W28/><G59/><T93/><D31/><U110/><N who="1" m="42067" /><U36/><DORA hai="8" /><E36/><V90/><F90/><W52/><G28/><T50/><D50/><U117/><E117/><V73/><F73/><W9/><G54/><T14/><AGARI ba="0,0" hai="14,19,21,22,24,29,44,46,92,93,94" m="49375" machi="14" ten="30,4000,0" yaku="8,1,52,2" doraHai="76,8" who="0" fromWho="0" sc="230,40,240,-20,290,-10,240,-10" /><INIT seed="2,0,0,4,1,78" ten="270,220,280,230" oya="2" hai0="122,94,18,128,27,123,90,49,93,57,4,115,130" hai1="12,34,89,114,74,125,95,51,5,101,19,81,120" hai2="72,102,42,97,127,87,26,92,105,106,11,69,41" hai3="66,46,131,58,99,109,83,76,39,121,29,63,21"/><V82/><F69/><W111/><G121/><T60/><D115/><U70/><E114/><V104/><F127/><W100/><G131/><N who="0" m="50219" /><D4/><U91/><E125/><V43/><F26/><W108/><G39/><T45/><D27/><U107/><E34/><V132/><F132/><W86/><G46/><T28/><D28/><U38/><E38/><V103/><F11/><W133/><G133/><T0/><D0/><U62/><E5/><V68/><F68/><W14/><G14/><T2/><D18/><U98/><E120/><N who="0" m="46121" /><D90/><U16/><E51/><V24/><F24/><W112/><G112/><T71/><D71/><U75/><E19/><V36/><F72/><W79/><G79/><T22/><D22/><U129/><E129/><V59/><F59/><W13/><G13/><T134/><D2/><U80/><E75/><V31/><F31/><W6/><G6/><T25/><D25/><U40/><E74/><V126/><F126/><W64/><G21/><T67/><D134/><U65/><E91/><V8/><F8/><W88/><G76/><T116/><D116/><U7/><E7/><V10/><F10/><W73/><G73/><T50/><D50/><U30/><E30/><V96/><REACH who="2" step="1"/><F36/><REACH who="2" ten="270,220,270,230" step="2"/><W85/><G29/><T35/><D35/><U3/><E3/><V117/><F117/><W47/><G47/><T113/><D113/><U20/><E70/><V33/><F33/><W54/><G108/><T135/><D135/><U53/><E20/><V84/><F84/><W37/><G85/><T23/><D23/><U124/><E124/><V118/><F118/><W119/><G119/><RYUUKYOKU ba="0,1" sc="270,15,220,-15,270,15,230,-15" hai0="45,49,57,60,67,93,94" hai2="41,42,43,82,87,92,96,97,102,103,104,105,106" /><INIT seed="2,1,1,0,2,76" ten="285,205,285,215" oya="2" hai0="68,14,121,118,60,0,89,104,133,7,16,74,105" hai1="20,52,33,115,90,13,34,11,37,81,97,3,27" hai2="35,80,31,119,132,108,126,125,46,17,38,72,71" hai3="9,127,75,21,101,64,55,2,69,26,18,25,15"/><V39/><F119/><W62/><G75/><T12/><D121/><U87/><E115/><V131/><F71/><W29/><G127/><N who="2" m="48649" /><F132/><W40/><G40/><T94/><D0/><U84/><E37/><V91/><F131/><W57/><G2/><T47/><D74/><U63/><E3/><V77/><F108/><W42/><G42/><T48/><D133/><U86/><E97/><V28/><F46/><W102/><REACH who="3" step="1"/><G26/><REACH who="3" ten="285,205,285,205" step="2"/><T19/><D118/><U22/><E27/><N who="2" m="18847" /><F31/><W65/><G65/><T111/><D111/><U41/><E41/><V32/><F32/><W88/><G88/><T96/><D89/><U67/><E67/><V82/><F17/><W51/><AGARI ba="1,2" hai="9,15,18,21,25,29,51,55,57,62,64,69,101,102" machi="51" ten="20,5200,0" yaku="1,1,0,1,7,1,53,1" doraHai="76" doraHaiUra="66" who="3" fromWho="3" sc="285,-14,205,-14,285,-27,205,75" /><INIT seed="3,0,0,4,1,36" ten="271,191,258,280" oya="3" hai0="71,0,112,81,56,59,99,51,40,20,58,105,68" hai1="107,22,72,122,26,35,23,75,82,39,30,47,55" hai2="111,14,113,37,104,67,109,124,27,135,129,34,42" hai3="16,41,97,132,88,29,125,12,98,6,118,17,95"/><W116/><G132/><T3/><D112/><U114/><E122/><V24/><F113/><W2/><G125/><T78/><D20/><U108/><E108/><V62/><F124/><W128/><G128/><T38/><D0/><U5/><E114/><V131/><F14/><W63/><G2/><T28/><D28/><U65/><E107/><V117/><F117/><W25/><G6/><T18/><D18/><U10/><E65/><V53/><F104/><W83/><G17/><T44/><D3/><N who="1" m="319" /><E55/><V85/><F53/><W90/><G63/><T79/><D79/><N who="1" m="44391" /><E75/><V15/><F135/><W48/><G116/><T93/><D105/><U43/><AGARI ba="0,0" hai="22,23,26,30,35,39,43,47" m="44391,319" machi="43" ten="30,2000,0" yaku="25,1,52,1" doraHai="36" who="1" fromWho="1" sc="271,-5,191,20,258,-5,280,-10" /><INIT seed="4,0,0,0,4,50" ten="266,211,253,270" oya="0" hai0="63,134,24,11,5,53,23,99,86,55,103,131,32" hai1="105,17,65,52,129,110,1,26,102,70,95,6,59" hai2="42,113,48,72,51,122,2,126,9,84,112,100,61" hai3="20,115,80,27,49,30,66,114,0,29,14,44,124"/><T83/><D32/><U12/><E110/><V73/><F122/><W7/><G66/><T121/><D121/><U15/><E105/><V46/><F126/><W67/><G67/><T98/><D131/><U31/><E129/><V18/><F61/><W13/><G124/><T87/><D134/><U16/><E70/><V41/><F100/><W75/><G30/><T96/><D103/><U54/><E1/><V78/><F84/><W28/><G28/><T111/><D111/><U90/><E102/><V36/><F18/><N who="1" m="7273" /><E26/><V56/><F78/><W8/><G80/><T104/><D104/><U127/><E31/><V118/><F118/><W79/><G79/><T97/><N who="0" m="24576" /><DORA hai="82" /><T71/><D71/><U45/><E127/><V123/><F36/><W128/><G75/><T34/><D34/><U101/><E101/><V88/><F123/><W60/><G60/><T109/><D109/><U120/><E120/><V3/><F88/><W37/><G37/><T81/><D63/><N who="1" m="38143" /><E45/><V106/><F106/><W64/><G64/><T119/><D119/><U68/><E68/><V93/><F46/><W58/><G58/><T19/><D83/><U94/><E90/><V77/><F56/><W116/><G116/><T38/><D38/><U135/><E135/><V57/><F57/><W91/><G91/><N who="0" m="51663" /><D87/><U133/><E133/><V35/><F35/><W89/><G89/><T74/><D74/><U25/><E95/><V125/><F125/><W43/><REACH who="3" step="1"/><G128/><REACH who="3" ten="266,211,253,260" step="2"/><T108/><D108/><U62/><E62/><V117/><F117/><W107/><G107/><T4/><D4/><U39/><E6/><RYUUKYOKU ba="0,1" sc="266,15,211,-15,253,-15,260,15" hai0="5,11,19,23,24,53,55" hai3="0,7,8,13,14,20,27,29,43,44,49,114,115" /><INIT seed="4,1,1,4,0,9" ten="281,196,238,275" oya="0" hai0="55,13,64,34,30,114,24,73,88,51,123,23,43" hai1="109,70,33,111,31,46,92,87,44,66,103,63,95" hai2="116,76,49,127,100,45,26,108,120,2,110,72,65" hai3="129,50,101,78,75,5,104,53,77,124,94,6,121"/><T41/><D123/><U122/><E122/><V42/><F120/><W57/><G121/><RYUUKYOKU type="kaze4" ba="1,1" sc="281,0,196,0,238,0,275,0" /><INIT seed="4,2,1,5,5,108" ten="281,196,238,275" oya="0" hai0="114,56,69,18,90,75,99,77,7,76,64,135,28" hai1="127,67,103,105,33,55,87,54,37,22,46,9,32" hai2="93,130,134,107,86,61,50,12,98,44,92,111,71" hai3="74,15,38,41,53,112,31,94,96,121,30,82,49"/><T119/><D119/><U57/><E127/><V122/><F111/><W110/><G110/><T131/><D69/><U8/><E105/><V24/><F122/><W83/><G121/><T58/><D131/><U101/><E22/><V48/><F130/><W78/><G112/><T10/><D135/><U21/><E21/><V100/><F134/><W60/><G82/><T47/><D28/><U104/><E104/><V0/><F0/><W34/><G38/><T118/><D118/><U35/><E87/><V89/><F12/><W128/><G41/><T17/><D47/><U116/><E67/><V106/><F24/><W1/><G1/><T102/><D90/><U117/><E35/><V45/><F71/><W16/><G60/><T62/><D58/><U68/><E46/><V124/><F61/><W125/><G34/><T36/><D36/><U88/><E68/><V25/><F25/><W66/><G66/><T132/><D132/><U23/><E23/><V3/><F3/><W115/><G125/><T70/><D70/><U20/><E20/><V63/><F63/><W126/><G126/><T4/><D114/><U27/><E37/><V52/><REACH who="2" step="1"/><F124/><REACH who="2" ten="281,196,228,275" step="2"/><W73/><G128/><T72/><D62/><U113/><E27/><V120/><F120/><W85/><G30/><T29/><D29/><U123/><E123/><V133/><F133/><W26/><G26/><T14/><D14/><U91/><E113/><V42/><AGARI ba="2,2" hai="42,44,45,48,50,52,86,89,92,93,98,100,106,107" machi="42" ten="20,5200,0" yaku="1,1,0,1,7,1,54,1,53,0" doraHai="108" doraHaiUra="79" who="2" fromWho="2" sc="281,-28,196,-15,228,78,275,-15" /><INIT seed="5,0,0,0,4,44" ten="253,181,306,260" oya="1" hai0="114,38,119,117,128,112,14,50,80,5,127,59,8" hai1="118,73,134,77,66,131,102,51,105,113,129,106,37" hai2="39,126,70,87,46,10,97,84,63,68,62,41,18" hai3="7,69,115,24,27,76,125,3,49,133,30,23,103"/><U92/><E37/><V34/><F126/><W32/><G69/><T16/><D38/><U86/><E66/><V2/><F34/><W28/><G103/><T100/><D127/><U124/><E124/><V25/><F97/><W116/><G125/><T90/><D128/><N who="1" m="49227" /><E118/><V111/><F111/><W120/><G120/><T135/><D135/><U12/><E12/><V95/><F25/><W15/><G76/><T60/><D100/><U21/><E21/><V67/><F68/><W110/><G110/><T13/><D80/><N who="1" m="45103" /><E134/><V122/><F122/><W52/><G116/><T31/><D119/><U109/><E109/><V130/><F130/><W123/><G123/><T96/><D117/><U65/><E65/><V56/><F2/><W75/><G75/><T78/><D31/><U98/><E113/><V72/><F72/><W101/><G115/><T42/><D114/><U107/><E51/><V43/><F39/><W91/><G101/><T71/><D112/><U0/><E0/><V40/><F67/><W11/><G133/><T132/><D132/><U88/><AGARI ba="0,0" hai="86,88,92,98,102,105,106,107" m="45103,49227" machi="88" ten="30,12000,1" yaku="24,1,19,1,34,2,54,1" doraHai="44" who="1" fromWho="1" sc="253,-40,181,120,306,-40,260,-40" /><INIT seed="5,1,0,1,0,127" ten="213,301,266,220" oya="1" hai0="85,131,86,5,34,90,123,25,130,100,84,101,53" hai1="125,79,32,80,52,135,88,65,128,38,72,115,61" hai2="6,121,10,81,51,75,69,54,13,24,70,122,49" hai3="114,30,21,8,89,77,63,97,109,55,50,93,133"/><U96/><E32/><V124/><F124/><W36/><G36/><T112/><D5/><U116/><E116/><V27/><F51/><W43/><G109/><T111/><D111/><U119/><E119/><V44/><F24/><W19/><G114/><T113/><D123/><U29/><E29/><V7/><F27/><W15/><G133/><T28/><D90/><U17/><E38/><V4/><F121/><W108/><G108/><T22/><D53/><U40/><E40/><V134/><F122/><W102/><G77/><T91/><D91/><U120/><E115/><N who="0" m="44105" /><D34/><U82/><E52/><V47/><F47/><W99/><G63/><T78/><D78/><U74/><E79/><V1/><F134/><W103/><G43/><T12/><D12/><U67/><E88/><V106/><F75/><W94/><G30/><T9/><D9/><U23/><E61/><V107/><F81/><W37/><G37/><T11/><D11/><U39/><E82/><V56/><F44/><W0/><G89/><T20/><D20/><U3/><E23/><V2/><F2/><W83/><G83/><T14/><D14/><U71/><E80/><V110/><F110/><W76/><G76/><T104/><D104/><U64/><E3/><V87/><F1/><W105/><G105/><T95/><D95/><U35/><E74/><V48/><F48/><W118/><G118/><T92/><D92/><U31/><E72/><V117/><F117/><W59/><G0/><T41/><D41/><U16/><E35/><V62/><F107/><W66/><G8/><T58/><D58/><U18/><E39/><RYUUKYOKU ba="1,0" sc="213,15,301,-15,266,-15,220,15" hai0="22,25,28,84,85,86,100,101,130,131" hai3="15,19,21,50,55,59,66,93,94,97,99,102,103" /><INIT seed="6,2,0,3,0,80" ten="228,286,251,235" oya="2" hai0="102,23,62,57,60,39,2,75,16,9,63,74,17" hai1="109,41,107,91,1,19,45,95,44,56,94,34,7" hai2="110,112,76,15,129,64,120,67,38,13,10,87,26" hai3="104,72,65,46,58,98,68,85,108,99,77,8,32"/><V123/><F112/><W25/><G108/><T11/><D39/><U130/><E107/><V127/><F110/><W47/><G98/><T126/><D126/><U14/><E34/><V118/><F118/><W59/><G72/><T48/><D102/><U31/><E31/><V5/><F38/><W70/><G8/><T79/><D2/><U105/><E105/><V73/><F73/><W51/><G47/><T6/><D6/><U36/><E45/><V37/><F37/><W134/><G59/><T28/><D28/><U88/><E109/><V29/><F127/><W78/><G58/><T96/><D96/><U111/><E7/><V4/><F129/><W115/><G78/><T53/><D17/><U117/><E56/><V106/><F106/><W103/><G115/><T24/><REACH who="0" step="1"/><D74/><REACH who="0" ten="218,286,251,235" step="2"/><U66/><E1/><V122/><F5/><W125/><G125/><T3/><D3/><U42/><E36/><V131/><F131/><W92/><G103/><T55/><D55/><U71/><E130/><V119/><F119/><W52/><G52/><T40/><D40/><U27/><E42/><V90/><F122/><W43/><G99/><T86/><D86/><U50/><E117/><V100/><F100/><W89/><G85/><T116/><D116/><U21/><E111/><V83/><F123/><W61/><G43/><T135/><D135/><U35/><E41/><V113/><F113/><W84/><G84/><T82/><AGARI ba="2,1" hai="9,11,16,23,24,48,53,57,60,62,63,75,79,82" machi="82" ten="30,7900,0" yaku="1,1,0,1,54,1,53,1" doraHai="80" doraHaiUra="12" who="0" fromWho="0" sc="218,95,286,-22,251,-41,235,-22" /><INIT seed="7,0,0,1,0,91" ten="313,264,210,213" oya="3" hai0="6,10,104,88,49,24,19,54,33,32,114,108,56" hai1="58,60,3,106,47,74,62,25,132,63,50,26,13" hai2="109,120,118,22,48,27,100,123,112,38,135,77,128" hai3="121,113,68,42,51,94,119,102,117,20,0,90,95"/><W129/><G68/><T1/><D108/><U84/><E74/><V45/><F109/><W130/><G0/><T9/><D104/><U99/><E3/><V96/><F112/><W71/><G71/><T101/><D101/><U8/><E132/><V111/><F111/><W34/><G34/><T55/><D114/><U53/><E84/><V29/><F135/><W87/><G113/><T11/><D11/><U2/><E2/><V64/><F128/><N who="3" m="49259" /><G121/><N who="2" m="46665" /><F118/><N who="3" m="45067" /><G20/><T52/><D55/><N who="1" m="30175" /><E99/><V81/><F64/><W4/><G4/><T92/><D54/><U86/><E86/><N who="2" m="48431" /><F38/><W41/><G51/><T5/><D5/><N who="1" m="3215" /><E106/><N who="2" m="63751" /><F48/><AGARI ba="0,0" hai="25,26,48,53,58,60,62,63" m="3215,30175" machi="48" ten="30,1000,0" yaku="8,1" doraHai="91" who="1" fromWho="2" sc="313,0,264,10,210,-10,213,0" owari="313,42.0,274,7.0,200,-30.0,213,-19.0" /></mjloggm>