<mjloggm ver="2.3"><GO type="169" lobby="0"/><UN n0="%E3%81%88%E3%81%84%E3%81%8D%E3%81%A1%40%35%6D%66" n1="%E3%83%95%E3%82%B5%E3%82%A6%E3%83%9F%E3%82%B3%E3%83%83%E3%83%97" n2="%E3%83%A1%E3%82%BF%E3%83%93%E3%83%BC%E3%83%88" n3="%EF%BC%88%E2%89%A7%E2%96%BD%E2%89%A6%EF%BC%89" dan="17,17,18,20" rate="2205.93,2213.51,2308.55,2177.29" sx="M,M,M,M"/><TAIKYOKU oya="0"/><INIT seed="0,0,0,2,5,111" ten="250,250,250,250" oya="0" hai0="101,54,47,38,60,58,29,123,105,96,107,7,50" hai1="73,0,92,90,32,130,25,127,2,79,57,13,83" hai2="46,27,33,109,108,125,70,1,95,65,40,5,88" hai3="97,22,61,98,132,20,74,118,113,35,84,28,115"/><T106/><D123/><U119/><E119/><V120/><F120/><W121/><G121/><T24/><D38/><U64/><E130/><V124/><F5/><W8/><G74/><T85/><D85/><U31/><E127/><N who="2" m="48715" /><F1/><W82/><G118/><T69/><D7/><U16/><E57/><V71/><F27/><W15/><G35/><T133/><D133/><U3/><E64/><V76/><F76/><W52/><G132/><T26/><D69/><N who="2" m="26122" /><F65/><W12/><G28/><T36/><D36/><U99/><REACH who="1" step="1"/><E0/><REACH who="1" ten="250,240,250,250" step="2"/><V110/><F33/><W129/><G129/><T80/><D80/><U37/><E37/><N who="2" m="21775" /><F110/><W53/><G82/><T93/><REACH who="0" step="1"/><D29/><REACH who="0" ten="240,240,250,250" step="2"/><U10/><AGARI ba="0,2" hai="2,3,10,13,16,25,31,32,73,79,83,90,92,99" machi="10" ten="20,5200,0" yaku="1,1,0,1,7,1,54,1,53,0" doraHai="111" doraHaiUra="102" who="1" fromWho="1" sc="240,-26,240,72,250,-13,250,-13" /><INIT seed="1,0,0,0,1,21" ten="214,312,237,237" oya="1" hai0="43,98,75,108,115,4,62,85,12,18,93,109,103" hai1="50,107,96,82,60,129,105,72,61,106,97,68,116" hai2="73,99,28,70,74,89,40,90,64,48,42,120,14" hai3="37,113,57,46,81,132,102,44,79,58,30,55,66"/><U10/><E116/><V101/><F120/><W69/><G113/><T7/><D115/><U1/><E129/><V31/><F70/><W104/><G132/><T67/><D75/><U15/><E1/><V22/><F64/><W16/><G69/><T71/><D43/><U119/><E119/><V13/><F22/><W39/><G30/><T49/><D49/><U110/><E110/><N who="0" m="42601" /><D85/><U118/><E118/><V88/><F48/><W122/><G122/><T131/><D131/><U41/><E72/><V111/><F90/><W65/><G102/><T23/><AGARI ba="0,0" hai="4,7,12,18,23,62,67,71,93,98,103" m="42601" machi="23" ten="30,1100,0" yaku="14,1" doraHai="21" who="0" fromWho="0" sc="214,11,312,-5,237,-3,237,-3" /><INIT seed="2,0,0,5,2,91" ten="225,307,234,234" oya="2" hai0="70,93,65,89,0,6,122,103,107,120,21,43,96" hai1="37,87,54,48,36,15,131,14,119,128,134,3,78" hai2="111,79,97,69,39,7,27,30,118,20,59,52,12" hai3="130,109,82,47,77,35,53,18,81,63,123,125,121"/><V50/><F118/><W49/><G35/><T106/><D43/><U67/><E119/><V72/><F39/><W71/><G109/><T68/><D106/><U98/><E3/><V104/><F69/><W113/><G113/><T58/><D58/><U5/><E67/><V29/><F111/><W117/><G117/><T94/><D107/><U45/><E134/><V64/><F64/><W74/><G130/><N who="1" m="49706" /><E98/><V133/><F133/><W17/><G125/><T62/><D68/><U1/><E1/><V33/><F72/><W115/><G115/><T84/><REACH who="0" step="1"/><D21/><REACH who="0" ten="215,307,234,234" step="2"/><U61/><E37/><V124/><F124/><W22/><G71/><T88/><D88/><U55/><E36/><V126/><F126/><W10/><G22/><T28/><D28/><U13/><E61/><V92/><F104/><W135/><G63/><T102/><D102/><U25/><E55/><V90/><F79/><W31/><G77/><T57/><D57/><U105/><E105/><V95/><F33/><W24/><G53/><T42/><D42/><U38/><E38/><V40/><F40/><W101/><G101/><T46/><D46/><U34/><E34/><V9/><F92/><W16/><G47/><T132/><D132/><U56/><E45/><V11/><F11/><AGARI ba="0,1" hai="0,6,11,62,65,70,84,89,93,94,96,103,120,122" machi="11" ten="40,8000,1" yaku="1,1,52,2,53,1" doraHai="91" doraHaiUra="85" who="0" fromWho="2" sc="215,90,307,0,234,-80,234,0" /><INIT seed="3,0,0,5,4,18" ten="305,307,154,234" oya="3" hai0="65,48,129,76,86,112,27,13,8,7,11,111,92" hai1="45,113,135,2,62,84,46,9,43,74,121,116,3" hai2="29,96,83,30,10,115,28,5,109,118,122,58,108" hai3="36,94,77,56,68,81,24,19,130,124,134,95,102"/><W32/><G68/><T16/><D111/><N who="2" m="42570" /><F83/><W91/><G36/><T72/><D129/><U73/><E121/><V119/><F96/><N who="3" m="59679" /><G32/><T78/><D112/><U97/><E113/><V25/><F58/><W93/><G130/><T50/><D65/><U1/><E135/><V38/><F38/><W104/><G134/><T133/><D133/><U117/><E97/><V0/><F115/><W57/><G124/><T47/><D72/><U131/><E131/><V54/><F54/><W85/><G104/><T79/><D27/><U33/><E33/><N who="2" m="20623" /><F122/><W100/><G100/><T26/><D26/><U125/><E125/><V64/><F64/><W6/><G6/><T41/><D50/><U128/><E128/><V63/><F63/><W88/><G77/><T12/><REACH who="0" step="1"/><D92/><REACH who="0" ten="295,307,154,234" step="2"/><N who="3" m="35433" /><G91/><T105/><D105/><U98/><E74/><V40/><F40/><W70/><G70/><T55/><D55/><U110/><E73/><V60/><F60/><W71/><G71/><T49/><D49/><U87/><E62/><V107/><F107/><W59/><G59/><T22/><D22/><AGARI ba="0,1" hai="19,22,24,56,57,81,85,88" m="35433,59679" machi="22" ten="30,5800,0" yaku="8,1,52,1,54,1" doraHai="18" who="3" fromWho="0" sc="295,-58,307,0,154,0,234,68" /><INIT seed="3,1,0,4,2,33" ten="237,307,154,302" oya="3" hai0="72,11,97,99,13,131,128,20,34,132,100,7,17" hai1="111,93,81,4,114,92,0,43,133,78,62,122,71" hai2="9,123,82,109,87,26,27,108,63,94,90,75,125" hai3="54,106,59,46,10,16,135,130,116,70,37,126,101"/><W31/><G116/><T56/><D72/><U14/><E114/><V110/><F125/><W134/><G70/><T89/><D34/><U35/><E122/><V28/><F123/><W58/><G31/><T39/><D39/><U57/><E35/><V98/><F75/><W118/><G118/><T103/><D132/><N who="3" m="50729" /><G126/><T74/><D74/><U24/><E111/><V38/><F38/><W65/><G130/><N who="0" m="49707" /><D56/><U6/><E71/><V55/><F28/><W105/><G65/><T68/><D68/><U42/><E133/><V107/><F107/><N who="3" m="40971" /><G101/><N who="0" m="38987" /><D89/><U52/><E78/><V124/><F124/><W41/><G54/><T60/><D60/><U102/><E52/><V32/><F32/><W88/><G88/><T48/><D48/><U79/><E62/><V83/><F63/><W5/><G16/><T91/><D91/><U69/><E102/><V112/><F55/><W3/><AGARI ba="1,0" hai="3,5,10,37,41,46,58,59" m="40971,50729" machi="3" ten="30,3000,0" yaku="20,1,52,1" doraHai="33" who="3" fromWho="3" sc="237,-11,307,-11,154,-11,302,33" /><INIT seed="3,2,0,4,5,38" ten="226,296,143,335" oya="3" hai0="69,51,115,53,76,3,66,55,100,39,68,43,29" hai1="31,124,11,13,4,67,50,45,97,58,16,34,35" hai2="9,36,78,112,133,72,27,15,89,98,74,126,102" hai3="44,48,7,56,73,132,123,93,20,42,57,59,103"/><W23/><G123/><T61/><D3/><U10/><E124/><V91/><F112/><W70/><G132/><T111/><D76/><U119/><E119/><V21/><F126/><W104/><G73/><T17/><D29/><U63/><E97/><V129/><F129/><W33/><G33/><T81/><D81/><U52/><REACH who="1" step="1"/><E31/><REACH who="1" ten="226,286,143,335" step="2"/><V85/><F133/><W108/><G108/><T118/><D118/><U49/><E49/><V0/><F36/><W120/><G120/><T114/><D111/><U88/><E88/><V22/><F89/><W106/><G106/><T94/><D39/><U127/><E127/><V121/><F121/><W26/><G104/><T12/><D115/><U79/><E79/><V83/><F98/><W134/><G134/><T95/><D114/><U2/><AGARI ba="2,1" hai="2,4,10,11,13,16,34,35,45,50,52,58,63,67" machi="2" ten="20,8000,1" yaku="1,1,0,1,7,1,54,2,53,0" doraHai="38" doraHaiUra="71" who="1" fromWho="1" sc="226,-22,286,96,143,-22,335,-42" /><INIT seed="4,0,0,2,1,40" ten="204,382,121,293" oya="0" hai0="52,106,94,74,54,122,60,78,80,7,118,3,51" hai1="31,115,117,99,129,77,20,22,11,42,43,116,86" hai2="21,12,16,124,83,112,15,13,59,50,53,58,47" hai3="67,55,114,119,30,44,81,56,95,2,88,73,17"/><T76/><D106/><U23/><E129/><V70/><F112/><W72/><G119/><T9/><D118/><U84/><E115/><V68/><F124/><W49/><G114/><T91/><D122/><U92/><E31/><V103/><F103/><W100/><G2/><T90/><D78/><U110/><E110/><V123/><F123/><W126/><G126/><T65/><D51/><U5/><E117/><V63/><F83/><W98/><G30/><T127/><D127/><U24/><E24/><V69/><REACH who="2" step="1"/><F58/><REACH who="2" ten="204,382,111,293" step="2"/><W1/><G81/><T96/><REACH who="0" step="1"/><D91/><REACH who="0" ten="194,382,111,293" step="2"/><U125/><E116/><V39/><F39/><W36/><G36/><T27/><D27/><U128/><E125/><V57/><F57/><AGARI ba="0,2" hai="3,7,9,52,54,57,60,65,74,76,80,90,94,96" machi="57" ten="30,11600,0" yaku="1,1,7,1,54,1,53,1" doraHai="40" doraHaiUra="6" who="0" fromWho="2" sc="194,136,382,0,111,-116,293,0" owari="330,13.0,382,49.0,-5,-51.0,293,-11.0" /></mjloggm>