<mjloggm ver="2.3"><GO type="169" lobby="0"/><UN n0="%63%68%69%73%73" n1="%4B%6F%74%61%38%31%36" n2="%73%61%6E%64%69%72%69%73" n3="%E3%82%B4%E3%83%AA%E3%83%91%E3%83%A9" dan="17,16,17,16" rate="2149.27,2160.48,2160.59,2115.81" sx="M,M,M,M"/><TAIKYOKU oya="0"/><INIT seed="0,0,0,1,5,50" ten="250,250,250,250" oya="0" hai0="18,34,86,6,49,90,51,129,96,72,5,35,127" hai1="102,125,23,45,29,113,3,47,120,60,132,81,56" hai2="62,100,39,33,58,42,8,110,7,21,43,71,82" hai3="65,59,36,25,27,103,19,17,44,123,0,37,11"/><T97/><D72/><U14/><E3/><V28/><F110/><W83/><G103/><T98/><D127/><U111/><E111/><V128/><F128/><W24/><G83/><T106/><D106/><U93/><E120/><V122/><F122/><W131/><G131/><T1/><D129/><U2/><E2/><V46/><F33/><W121/><G44/><T52/><D51/><U26/><E132/><V101/><F71/><W31/><G25/><T89/><D89/><U67/><E125/><V126/><F43/><W16/><G19/><T74/><D74/><U95/><E113/><V124/><F124/><W38/><G38/><T64/><D64/><U55/><E81/><V94/><F94/><W73/><G0/><T109/><D109/><U41/><E14/><V80/><F80/><W15/><G73/><T63/><D63/><U54/><E93/><V133/><F133/><W99/><G65/><T104/><D104/><U32/><E32/><V79/><F21/><W108/><G108/><T20/><D34/><U61/><E61/><V118/><F28/><W40/><G31/><T85/><D1/><U53/><E41/><V117/><F126/><W48/><G37/><T91/><D35/><U10/><E10/><V22/><F117/><W114/><G36/><T130/><D130/><U116/><E116/><V66/><F118/><W57/><G114/><T87/><D91/><U4/><E4/><V88/><F88/><W12/><G121/><T119/><D90/><U134/><E134/><V76/><F82/><W135/><G135/><T115/><D119/><U105/><E105/><RYUUKYOKU ba="0,0" sc="250,-10,250,30,250,-10,250,-10" hai1="23,26,29,45,47,53,54,55,56,60,67,95,102" /><INIT seed="1,1,0,0,3,72" ten="240,280,240,240" oya="1" hai0="122,8,115,106,85,46,103,71,37,92,36,109,125" hai1="128,57,5,3,96,7,120,0,93,84,25,114,116" hai2="107,83,130,29,61,101,133,11,94,6,75,113,12" hai3="23,27,40,121,76,90,18,34,35,63,45,89,26"/><U79/><E114/><V129/><F113/><W91/><G121/><T86/><D71/><U24/><E116/><V126/><F107/><W48/><G63/><T87/><D46/><U55/><E120/><V15/><F29/><W33/><REACH who="3" step="1"/><G76/><REACH who="3" ten="240,280,240,230" step="2"/><T17/><D122/><U110/><E128/><V53/><F129/><W111/><G111/><T131/><D109/><U22/><E110/><V81/><F130/><W47/><G47/><T64/><D131/><U82/><E3/><V54/><F133/><W73/><G73/><T30/><D115/><U32/><E32/><V51/><F75/><W67/><G67/><T65/><D64/><U20/><E0/><V78/><F61/><W80/><G80/><T31/><D65/><U102/><E22/><V39/><F126/><W135/><G135/><T117/><D125/><U66/><E66/><V104/><F83/><W112/><G112/><T98/><D117/><U2/><E2/><V21/><F81/><W95/><G95/><T74/><D74/><U4/><E20/><V28/><F94/><W60/><G60/><AGARI ba="1,1" hai="4,5,7,24,25,55,57,60,79,82,84,93,96,102" machi="60" ten="40,3900,0" yaku="8,1,52,1" doraHai="72" who="1" fromWho="3" sc="240,0,280,52,240,0,230,-42" /><INIT seed="1,2,0,5,2,14" ten="240,332,240,188" oya="1" hai0="63,125,4,109,82,37,60,70,20,24,99,51,134" hai1="6,81,73,34,101,111,13,42,97,74,19,96,135" hai2="22,93,5,76,64,69,12,54,123,57,119,43,91" hai3="62,10,116,47,72,8,46,38,78,100,3,86,9"/><U52/><E34/><V129/><F119/><W92/><G116/><T94/><D37/><U7/><E135/><V95/><F123/><W50/><G3/><T103/><D134/><U102/><E42/><V53/><F129/><W58/><G38/><T87/><D125/><U45/><E111/><V126/><F126/><W110/><G110/><T133/><D133/><U29/><E29/><V113/><F76/><W114/><G114/><T55/><D4/><U48/><E97/><V105/><F105/><W28/><G72/><T56/><D70/><U122/><E101/><V11/><F113/><W130/><G28/><T90/><REACH who="0" step="1"/><D109/><REACH who="0" ten="230,332,240,188" step="2"/><U104/><E122/><V117/><F69/><W30/><G130/><T41/><D41/><U77/><REACH who="1" step="1"/><E74/><REACH who="1" ten="230,322,240,188" step="2"/><V85/><F43/><W0/><G0/><T124/><D124/><U67/><E67/><V31/><F117/><W127/><G127/><T36/><D36/><U2/><E2/><V35/><F64/><W98/><G30/><AGARI ba="2,2" hai="20,24,30,51,55,56,60,63,82,87,90,94,99,103" machi="30" ten="30,7700,0" yaku="1,1,7,1,8,1,53,1" doraHai="14" doraHaiUra="16" who="0" fromWho="3" sc="230,103,322,0,240,0,188,-83" /><INIT seed="2,0,0,4,4,48" ten="333,322,240,105" oya="2" hai0="54,129,69,38,108,11,55,46,135,107,15,95,125" hai1="23,32,24,86,31,122,106,14,92,67,70,22,25" hai2="87,34,116,45,127,50,82,76,8,3,39,29,72" hai3="4,85,61,120,117,66,58,78,80,27,75,123,79"/><V73/><F116/><W84/><G117/><T100/><D107/><U37/><E37/><V21/><F127/><W63/><G4/><T56/><D69/><U91/><E106/><V98/><F34/><W103/><G75/><T9/><D125/><U96/><E122/><V132/><F132/><W62/><G103/><T131/><D135/><U74/><E74/><V40/><F39/><W105/><G105/><T104/><D104/><U13/><E32/><V42/><F98/><W64/><G27/><T81/><D108/><U124/><E124/><V35/><F42/><W83/><REACH who="3" step="1"/><G63/><REACH who="3" ten="333,322,240,95" step="2"/><T114/><D100/><U128/><E25/><V126/><F126/><W36/><G36/><T30/><D38/><U130/><E13/><V60/><F60/><W7/><G7/><T26/><D15/><U44/><E14/><V20/><F73/><W43/><G43/><T113/><D26/><U112/><E24/><V65/><F72/><W28/><G28/><T19/><D30/><U94/><E31/><V10/><F29/><W59/><AGARI ba="0,1" hai="58,59,61,62,64,66,78,79,80,83,84,85,120,123" machi="59" ten="20,12000,2" yaku="1,1,0,1,7,1,32,3,53,0" doraHai="48" doraHaiUra="2" who="3" fromWho="3" sc="333,-30,322,-30,240,-60,95,130" /><INIT seed="3,0,0,5,1,49" ten="303,292,180,225" oya="3" hai0="21,113,10,83,78,1,79,125,40,66,103,31,27" hai1="42,73,100,37,16,93,7,0,46,134,61,48,119" hai2="110,53,131,132,70,15,97,39,94,5,45,51,36" hai3="56,84,11,72,115,114,68,90,41,30,135,107,18"/><W76/><G68/><T127/><D113/><U14/><E73/><V17/><F110/><W86/><G107/><T126/><D40/><U89/><E134/><V80/><F132/><W25/><G135/><T67/><D103/><U58/><E119/><V133/><F133/><W69/><G69/><T24/><D79/><U75/><E75/><V71/><F131/><W65/><G72/><N who="0" m="43463" /><D27/><U4/><E0/><V19/><F71/><W60/><G41/><T8/><D1/><U54/><E100/><V47/><F70/><W52/><G65/><AGARI ba="0,0" hai="8,10,21,24,31,65,66,67,125,126,127" m="43463" machi="65" ten="30,1000,0" yaku="18,1" doraHai="49" who="0" fromWho="3" sc="303,10,292,0,180,0,225,-10" /><INIT seed="4,0,0,1,2,96" ten="313,292,180,215" oya="0" hai0="102,132,64,109,17,83,6,105,20,107,45,43,61" hai1="69,80,13,36,120,30,77,101,14,126,50,88,10" hai2="108,90,72,53,2,134,26,1,11,116,44,48,42" hai3="127,41,56,122,39,29,34,22,73,93,52,70,91"/><T54/><D132/><U5/><E36/><V51/><F108/><W123/><G127/><T31/><D109/><U119/><E119/><V131/><F116/><W114/><G114/><T130/><D130/><U68/><E120/><N who="3" m="46122" /><G70/><T7/><D31/><U128/><E126/><V100/><F131/><W3/><G3/><T124/><D54/><U16/><E30/><V57/><F134/><W46/><G73/><T85/><D105/><U65/><E50/><V12/><F72/><W94/><G34/><T103/><D107/><U78/><E101/><N who="0" m="38409" /><D124/><U98/><E68/><V15/><F100/><W21/><G29/><T19/><D64/><U92/><E80/><V62/><F1/><W117/><G94/><T95/><D95/><U60/><REACH who="1" step="1"/><E128/><REACH who="1" ten="313,282,180,215" step="2"/><V112/><F112/><W84/><G117/><T33/><D61/><AGARI ba="0,1" hai="21,22,39,41,46,52,56,61,84,91,93" m="46122" machi="61" ten="30,2000,0" yaku="13,1,54,1" doraHai="96" who="3" fromWho="0" sc="313,-20,282,0,180,0,215,30" /><INIT seed="5,0,0,4,1,34" ten="293,282,180,245" oya="1" hai0="84,128,82,49,39,126,98,13,0,15,123,89,103" hai1="6,91,122,79,36,129,104,27,65,88,96,73,107" hai2="132,61,28,33,117,81,40,125,48,44,134,55,7" hai3="71,56,1,131,80,69,31,75,10,110,133,19,14"/><U112/><E122/><V16/><F117/><W83/><G110/><T120/><D39/><U5/><E36/><V94/><F125/><W105/><G105/><T21/><D126/><U41/><E41/><V9/><F94/><W45/><G131/><T18/><D128/><U42/><E42/><V119/><F119/><W121/><G133/><N who="2" m="51305" /><F28/><W17/><G45/><T127/><D0/><U87/><E129/><V101/><F101/><W67/><G1/><T102/><D127/><U59/><E112/><V74/><F33/><W47/><G47/><T35/><D35/><U92/><E104/><V53/><F61/><W25/><G19/><T106/><D103/><U24/><E107/><V70/><F70/><W37/><G37/><T46/><REACH who="0" step="1"/><D15/><REACH who="0" ten="283,282,180,245" step="2"/><U113/><E113/><V78/><F16/><W93/><G17/><T97/><D97/><U76/><E6/><V50/><F50/><W51/><G51/><T60/><D60/><N who="1" m="38047" /><E5/><V23/><F23/><W38/><G38/><T85/><D85/><U57/><E96/><V52/><F40/><AGARI ba="0,1" hai="13,18,21,40,46,49,82,84,89,98,102,106,120,123" machi="40" ten="40,1300,0" yaku="1,1,53,0" doraHai="34" doraHaiUra="64" who="0" fromWho="2" sc="283,23,282,0,180,-13,245,0" /><INIT seed="6,0,0,5,4,41" ten="306,282,167,245" oya="2" hai0="109,40,116,112,132,120,55,4,100,87,119,58,95" hai1="133,110,17,22,8,106,61,49,12,115,65,0,121" hai2="72,78,24,127,31,20,25,62,126,122,135,81,6" hai3="10,29,69,11,46,38,96,60,66,92,36,64,125"/><V45/><F122/><W103/><G125/><T68/><D120/><U39/><E39/><V73/><F135/><W108/><G108/><T80/><D68/><U102/><E110/><V89/><F6/><W88/><G29/><T93/><D112/><U52/><E115/><V47/><F73/><W23/><G23/><T53/><D132/><U75/><E133/><V50/><F89/><W107/><G66/><T14/><D40/><U18/><E75/><V76/><F76/><W30/><G30/><T84/><D100/><U91/><E121/><V44/><F62/><W117/><G117/><T101/><D101/><U131/><E131/><V67/><F67/><W57/><G69/><T56/><D109/><U13/><E0/><V51/><REACH who="2" step="1"/><F25/><REACH who="2" ten="306,282,157,245" step="2"/><W74/><G74/><T27/><D27/><U1/><E91/><V7/><F7/><W15/><G64/><T21/><D4/><U16/><E61/><V77/><F77/><W33/><G60/><T82/><D14/><U98/><E65/><V35/><F35/><W70/><G33/><T114/><D114/><U37/><E1/><V43/><F43/><W2/><G15/><T105/><D116/><U3/><E3/><V59/><F59/><W54/><G57/><T123/><D119/><U26/><E13/><V129/><F129/><W19/><G2/><T9/><D123/><U90/><E90/><V118/><F118/><W128/><G88/><N who="0" m="53383" /><D58/><N who="1" m="33039" /><E17/><V34/><F34/><W94/><G128/><T48/><D56/><U99/><E99/><V42/><F42/><W86/><G70/><T83/><D87/><U28/><E18/><RYUUKYOKU ba="0,1" sc="306,-15,282,15,157,15,245,-15" hai1="8,12,16,22,26,28,37,98,102,106" hai2="20,24,31,44,45,47,50,51,72,78,81,126,127" /><INIT seed="6,1,1,1,3,30" ten="291,297,172,230" oya="2" hai0="110,120,23,77,103,100,61,13,117,37,128,84,57" hai1="36,50,98,112,93,7,32,69,55,118,53,96,88" hai2="71,135,109,42,97,43,8,6,19,46,124,39,16" hai3="125,67,33,92,74,20,107,89,34,21,119,133,47"/><V122/><F122/><W64/><G119/><T81/><D110/><U101/><E36/><V104/><F71/><W94/><G74/><T60/><D120/><U22/><E118/><V59/><F109/><W9/><G9/><T28/><D37/><U70/><E112/><V25/><F135/><W1/><G47/><T85/><D128/><U24/><E32/><V0/><F124/><W12/><G12/><T14/><D117/><U17/><E7/><V115/><F115/><W52/><G89/><T2/><D2/><U15/><E15/><V72/><F43/><W11/><G11/><T10/><D85/><U68/><REACH who="1" step="1"/><E50/><REACH who="1" ten="291,287,172,230" step="2"/><V76/><F25/><W123/><G123/><T78/><D14/><U27/><E27/><V40/><F40/><W79/><G34/><T131/><D13/><U91/><E91/><V41/><F41/><W26/><G33/><T116/><D116/><U121/><E121/><V102/><F59/><W82/><G26/><N who="0" m="16479" /><D57/><U106/><AGARI ba="1,2" hai="17,22,24,53,55,68,69,70,88,93,96,98,101,106" machi="106" ten="30,12000,2" yaku="1,1,0,1,54,1,53,3" doraHai="30" doraHaiUra="65" who="1" fromWho="1" sc="291,-31,287,143,172,-61,230,-31" /><INIT seed="7,0,0,3,2,41" ten="260,430,111,199" oya="3" hai0="104,102,29,5,105,49,45,40,46,2,131,27,91" hai1="75,114,81,55,32,42,96,43,60,34,52,28,98" hai2="123,116,39,79,82,63,25,37,100,17,92,47,83" hai3="111,117,65,56,13,36,126,44,50,23,21,110,80"/><W20/><G126/><T94/><D102/><U19/><E19/><V93/><F116/><W128/><G117/><T35/><D131/><U90/><E75/><V8/><F123/><W1/><G1/><T77/><D77/><U132/><E28/><V30/><F63/><N who="3" m="38119" /><G36/><T51/><D5/><U24/><E24/><V87/><F39/><W107/><G107/><T3/><D105/><U38/><E114/><V112/><F112/><W11/><G80/><T57/><D57/><U124/><E38/><V54/><F100/><W74/><G74/><T76/><D76/><U95/><E132/><V61/><F61/><W118/><G118/><T70/><D104/><U73/><E73/><V121/><F121/><W72/><G72/><T101/><D101/><U120/><E124/><V134/><F134/><W109/><G128/><T67/><D67/><U69/><E32/><V59/><F83/><W62/><G62/><T115/><D70/><U85/><E34/><V26/><F59/><W78/><G78/><T4/><D4/><U7/><E7/><V16/><F37/><W127/><G127/><T9/><D9/><U99/><E81/><V106/><F106/><W53/><G11/><T68/><D68/><U15/><E120/><V33/><F17/><AGARI ba="0,0" hai="13,17,20,21,23,44,50,53,109,110,111" m="38119" machi="17" ten="30,2900,0" yaku="10,1,52,1" doraHai="41" who="3" fromWho="2" sc="260,0,430,0,111,-29,199,29" /><INIT seed="7,1,0,4,2,117" ten="260,430,82,228" oya="3" hai0="54,74,118,48,114,57,76,47,12,80,34,110,46" hai1="112,87,86,106,62,6,18,11,116,3,19,85,96" hai2="109,30,9,33,53,13,104,28,5,23,99,102,127" hai3="125,45,79,115,4,108,38,120,91,94,43,88,29"/><W124/><G115/><T32/><D118/><U8/><E116/><V83/><F109/><W42/><G42/><T65/><D110/><U58/><E11/><V7/><F127/><N who="3" m="48715" /><G108/><T132/><D114/><U77/><E77/><V123/><F33/><W135/><G79/><T40/><D132/><U64/><E112/><V122/><F83/><W92/><G29/><T73/><D73/><U103/><AGARI ba="1,0" hai="3,6,8,18,19,58,62,64,85,86,87,96,103,106" machi="103" ten="30,1100,0" yaku="0,1" doraHai="117" who="1" fromWho="1" sc="260,-4,430,14,82,-4,228,-6" owari="256,6.0,444,54.0,78,-42.0,222,-18.0" /></mjloggm>