<mjloggm ver="2.3"><GO type="169" lobby="0"/><UN n0="%E3%81%97%E3%82%89%E3%81%99%EF%BC%A1" n1="%68%69%6A%69%68%69%6A%69" n2="%E7%B4%AB%E3%81%AE%E9%8F%A1" n3="%E6%98%8E%E6%97%A5%E3%81%AE%E3%82%86%E3%81%8F%E3%81%88" dan="16,16,18,17" rate="2097.98,2032.31,2314.69,2226.46" sx="M,F,M,M"/><TAIKYOKU oya="0"/><INIT seed="0,0,0,4,2,107" ten="250,250,250,250" oya="0" hai0="123,61,91,108,48,55,59,130,2,10,131,31,29" hai1="64,68,5,109,13,74,46,67,51,63,14,50,43" hai2="133,77,0,122,79,70,41,15,95,37,69,96,92" hai3="93,78,39,20,129,73,66,116,54,100,111,87,45"/><T85/><D123/><U44/><E109/><V18/><F0/><W47/><G116/><T4/><D108/><U27/><E67/><V34/><F34/><W12/><G111/><T110/><D110/><U126/><E126/><V58/><F122/><W89/><G129/><N who="0" m="49163" /><D48/><U72/><E27/><V90/><F133/><W104/><G66/><T38/><D38/><U52/><REACH who="1" step="1"/><E5/><REACH who="1" ten="250,240,250,250" step="2"/><V8/><F70/><W42/><G12/><AGARI ba="0,1" hai="12,13,14,43,44,46,50,51,52,63,64,68,72,74" machi="12" ten="40,8000,1" yaku="1,1,2,1,52,2,54,1,53,0" doraHai="107" doraHaiUra="22" who="1" fromWho="3" sc="250,0,240,90,250,0,250,-80" /><INIT seed="1,0,0,3,1,49" ten="250,330,250,170" oya="1" hai0="7,56,101,80,68,116,54,26,87,23,109,63,32" hai1="79,43,11,13,90,59,89,29,94,102,88,100,84" hai2="127,0,48,121,16,131,132,74,93,118,25,20,81" hai3="95,37,22,42,57,50,44,17,18,53,119,33,82"/><U130/><E130/><V104/><F104/><W4/><G119/><T69/><D109/><U65/><E43/><V66/><F121/><W128/><G128/><T111/><D111/><U133/><E133/><V10/><F118/><W2/><G33/><T31/><D116/><U64/><E29/><V30/><F131/><W96/><G82/><T98/><D7/><U105/><E105/><V77/><F132/><W39/><G39/><T14/><D14/><U113/><E113/><V51/><F127/><W12/><G2/><T70/><D32/><U71/><E71/><V125/><F125/><W83/><G83/><T19/><D31/><U5/><E79/><V97/><F66/><N who="1" m="25705" /><E59/><V1/><F30/><W8/><REACH who="3" step="1"/><G22/><REACH who="3" ten="250,330,250,160" step="2"/><T106/><D70/><U27/><E27/><V40/><F0/><W52/><G52/><T67/><D67/><U35/><E35/><V107/><F40/><W72/><G72/><T36/><D36/><U3/><E3/><V124/><F124/><W58/><G58/><T103/><D103/><AGARI ba="0,1" hai="5,11,13,84,88,89,90,94,100,102,103" m="25705" machi="103" ten="30,2900,0" yaku="8,1,54,1" doraHai="49" who="1" fromWho="0" sc="250,-29,330,39,250,0,160,0" /><AGARI ba="0,0" hai="4,8,12,17,18,37,42,44,50,53,57,95,96,103" machi="103" ten="30,7700,0" yaku="1,1,7,1,52,1,53,1" doraHai="49" doraHaiUra="47" who="3" fromWho="0" sc="221,-77,369,0,250,0,160,77" /><INIT seed="1,1,0,1,4,82" ten="144,369,250,237" oya="1" hai0="66,0,44,29,83,84,54,3,38,69,36,91,32" hai1="2,114,31,39,4,68,24,119,48,53,132,16,93" hai2="112,111,81,22,110,46,51,95,50,56,34,105,127" hai3="1,117,106,58,23,120,71,130,52,15,8,128,57"/><U40/><E119/><V60/><F34/><W55/><G120/><T25/><D38/><U73/><E114/><V118/><F105/><W6/><G117/><T94/><D66/><U78/><E68/><V135/><F118/><W79/><G71/><T20/><D69/><U90/><E132/><V103/><F135/><W17/><G106/><T89/><D32/><U88/><E40/><V12/><F112/><W86/><G57/><T77/><D91/><U21/><E39/><V5/><F127/><W74/><G74/><T76/><D76/><U109/><E109/><V72/><F72/><W124/><G124/><T97/><REACH who="0" step="1"/><D54/><REACH who="0" ten="134,369,250,237" step="2"/><U126/><E126/><V62/><F110/><W123/><G123/><T19/><D19/><U18/><E78/><V107/><F111/><W59/><G59/><T100/><D100/><U10/><E90/><V122/><F103/><W134/><G134/><T27/><D27/><U87/><E73/><V49/><F56/><AGARI ba="1,1" hai="2,4,10,16,18,21,24,31,48,53,56,87,88,93" machi="56" ten="30,11600,0" yaku="7,1,52,1,54,2" doraHai="82" who="1" fromWho="2" sc="134,0,369,129,250,-119,237,0" /><INIT seed="1,2,0,1,0,121" ten="134,498,131,237" oya="1" hai0="107,36,111,14,102,133,113,72,129,18,46,45,87" hai1="82,64,134,56,122,50,66,34,8,33,92,31,30" hai2="0,95,23,1,54,20,60,90,43,13,106,38,63" hai3="83,48,58,5,51,135,112,67,19,71,85,44,115"/><U68/><E122/><V55/><F106/><W7/><G135/><T108/><D72/><U26/><E134/><V29/><F38/><W73/><G73/><T84/><D133/><U10/><E68/><V62/><F43/><W2/><G71/><T17/><D113/><U4/><E10/><V35/><F35/><W42/><G2/><T132/><D132/><U91/><E82/><V104/><F104/><W126/><G126/><T79/><D129/><U116/><E116/><V15/><F29/><W27/><G115/><T22/><D18/><U74/><E74/><V76/><F76/><W77/><G112/><T9/><D22/><U25/><E50/><V86/><F0/><W78/><G78/><T47/><D36/><U124/><E56/><V101/><F101/><W65/><G48/><T98/><REACH who="0" step="1"/><D79/><REACH who="0" ten="124,498,131,237" step="2"/><U118/><E118/><V127/><F127/><W99/><G77/><T28/><D28/><U49/><E124/><V6/><F23/><W128/><G19/><T125/><D125/><U52/><E4/><V100/><F20/><W3/><G5/><T117/><D117/><U11/><E11/><V130/><F130/><W97/><G7/><T123/><D123/><U61/><E8/><V41/><F6/><W89/><G3/><T69/><D69/><U109/><E33/><V37/><F1/><W114/><G114/><T59/><D59/><U40/><E34/><V110/><F37/><W21/><G128/><T103/><D103/><U94/><E31/><V96/><F100/><W53/><G21/><T105/><D105/><U32/><E32/><V93/><F90/><RYUUKYOKU ba="2,1" sc="124,30,498,-10,131,-10,237,-10" hai0="9,14,17,45,46,47,84,87,98,102,107,108,111" /><INIT seed="2,3,1,0,2,106" ten="154,488,121,227" oya="2" hai0="48,100,11,75,16,86,123,29,22,129,56,134,9" hai1="80,74,33,85,10,79,93,91,101,61,53,116,39" hai2="135,72,78,88,120,27,128,18,8,36,1,68,52" hai3="25,45,50,15,0,40,107,44,71,31,20,105,97"/><V113/><F113/><W89/><G0/><T37/><D123/><U65/><E116/><V3/><F120/><W5/><G71/><T92/><D37/><U19/><E39/><V41/><F68/><W7/><G107/><T103/><D75/><U70/><E33/><V108/><F128/><W64/><G64/><T84/><D134/><U81/><E53/><V111/><F135/><W67/><G67/><T118/><D29/><U102/><E81/><N who="2" m="45255" /><F41/><W21/><G45/><T133/><D133/><U98/><E98/><V26/><F36/><W82/><G105/><T132/><D132/><U30/><E30/><V38/><F38/><W131/><G131/><T125/><D129/><U76/><E76/><V94/><F52/><W109/><G109/><N who="2" m="42057" /><F8/><W47/><G47/><T43/><D118/><U17/><E10/><V87/><F18/><N who="3" m="10335" /><G82/><T59/><D9/><U96/><E19/><V130/><F130/><W99/><G89/><T42/><D11/><U46/><E17/><V34/><F34/><W32/><G32/><T35/><D35/><U104/><E46/><V114/><F114/><W127/><G127/><T90/><D125/><U110/><E110/><V121/><F121/><W124/><G124/><T77/><D43/><U112/><E112/><V51/><F51/><W126/><G126/><T119/><D42/><U63/><E63/><V13/><F13/><W12/><G12/><N who="0" m="9479" /><D119/><U95/><E70/><V117/><F117/><W58/><G58/><N who="0" m="22059" /><D48/><U60/><E65/><V55/><F55/><W115/><G115/><T2/><D2/><AGARI ba="3,1" hai="1,2,3,26,27,87,88,94" m="42057,45255" machi="2" ten="30,11600,0" yaku="14,1,10,1,52,1,54,1" doraHai="106" who="2" fromWho="0" sc="154,-125,488,0,121,135,227,0" /><INIT seed="2,4,0,2,0,107" ten="29,488,256,227" oya="2" hai0="98,10,108,82,120,61,66,17,60,35,86,31,62" hai1="88,70,126,97,39,13,117,6,115,24,73,80,20" hai2="84,100,21,25,38,68,44,54,58,132,78,26,83" hai3="131,79,5,77,71,87,9,116,33,130,36,69,3"/><V53/><F68/><N who="3" m="26187" /><G116/><T12/><D108/><U28/><E117/><V93/><F132/><W128/><G33/><T8/><D120/><U11/><E115/><V42/><F26/><W134/><G134/><T125/><D125/><U91/><E70/><V109/><F109/><W89/><G36/><T85/><D98/><U114/><E114/><V94/><F100/><W7/><G7/><T67/><D31/><U95/><E39/><V103/><F103/><W4/><G4/><T22/><D35/><U15/><E126/><V29/><REACH who="2" step="1"/><F53/><REACH who="2" ten="29,488,246,227" step="2"/><W118/><G118/><T40/><D67/><U99/><E24/><V56/><F56/><W37/><G37/><T14/><D66/><U46/><E46/><V51/><AGARI ba="4,1" hai="21,25,29,38,42,44,51,54,58,78,83,84,93,94" machi="51" ten="20,3900,0" yaku="1,1,0,1,7,1,53,0" doraHai="107" doraHaiUra="101" who="2" fromWho="2" sc="29,-17,488,-17,246,61,227,-17" /><INIT seed="2,5,0,0,3,36" ten="12,471,307,210" oya="2" hai0="21,99,70,43,81,133,93,122,95,54,123,71,58" hai1="129,132,75,74,94,16,24,130,35,111,42,96,86" hai2="131,104,30,116,3,8,63,120,10,0,5,105,73" hai3="90,100,61,118,117,41,68,31,40,20,83,67,48"/><V84/><F73/><W87/><G100/><T79/><D133/><U64/><E132/><V52/><F116/><W14/><G48/><T80/><D21/><N who="1" m="13351" /><E35/><V18/><F120/><W109/><G109/><T22/><D22/><U107/><E64/><V76/><F30/><W47/><G47/><T127/><D127/><U46/><E107/><V97/><F131/><N who="1" m="50185" /><E86/><V121/><F121/><W6/><G31/><T13/><D13/><U59/><E59/><V72/><F72/><W50/><G50/><T15/><D15/><U55/><E55/><V77/><F84/><W2/><G2/><T38/><D54/><U19/><E19/><V114/><F52/><W128/><G128/><T56/><D99/><U88/><E111/><V51/><F51/><AGARI ba="5,0" hai="42,46,51,74,75,88,94,96" m="50185,13351" machi="51" ten="30,7700,0" yaku="19,1,52,1,54,2" doraHai="36" who="1" fromWho="2" sc="12,0,471,92,307,-92,210,0" /><INIT seed="3,0,0,0,0,20" ten="12,563,215,210" oya="3" hai0="53,3,111,127,26,10,30,61,1,17,114,24,119" hai1="70,83,55,126,29,56,40,97,89,82,135,106,18" hai2="16,38,113,25,28,124,78,0,68,44,129,88,121" hai3="131,72,107,50,76,109,19,57,47,54,98,48,80"/><W12/><G131/><T74/><D119/><U46/><E70/><V6/><F113/><W102/><G109/><T45/><D74/><U112/><E112/><V73/><F68/><W130/><G130/><T36/><D114/><U58/><E29/><V14/><F129/><W87/><G72/><T35/><D111/><U79/><E83/><N who="2" m="45519" /><F124/><W94/><G107/><T49/><D127/><U66/><E66/><V85/><F121/><W71/><G71/><T81/><D81/><U117/><E117/><V69/><F69/><W27/><G27/><T60/><D36/><U96/><E18/><V125/><F125/><W65/><G65/><T128/><D128/><U15/><E15/><V39/><F39/><W2/><G2/><T7/><REACH who="0" step="1"/><D3/><REACH who="0" ten="2,563,215,210" step="2"/><U43/><E82/><V120/><F38/><W122/><G122/><T32/><D32/><U133/><E126/><V4/><F120/><W95/><G95/><T64/><D64/><U11/><E106/><V84/><F0/><W63/><G47/><T118/><D118/><U21/><E46/><V59/><F44/><W104/><G104/><T52/><D52/><U91/><E55/><V9/><F59/><W123/><G123/><T86/><D86/><U75/><E58/><V77/><F85/><W115/><G115/><T22/><AGARI ba="0,1" hai="1,7,10,17,22,24,26,30,35,45,49,53,60,61" machi="22" ten="30,7900,0" yaku="1,1,0,1,52,2,53,0" doraHai="20" doraHaiUra="62" who="0" fromWho="0" sc="2,89,563,-20,215,-20,210,-39" /><INIT seed="4,0,0,3,2,77" ten="91,543,195,171" oya="0" hai0="91,35,28,9,58,97,100,22,112,82,6,134,65" hai1="98,27,120,90,44,113,60,114,17,126,30,109,111" hai2="129,122,53,21,96,75,7,83,66,63,13,32,59" hai3="102,103,132,93,4,20,54,40,29,34,52,12,37"/><T47/><D112/><N who="1" m="43115" /><E120/><V133/><F32/><W101/><G132/><T72/><D134/><U23/><E126/><V85/><F122/><W48/><G37/><T84/><D35/><N who="1" m="20959" /><E44/><V73/><F129/><W108/><G108/><T10/><D72/><U38/><E38/><V25/><F133/><W128/><G34/><T68/><D68/><U1/><E1/><V80/><F96/><W79/><G79/><T121/><D47/><U74/><E74/><V31/><F66/><W42/><G93/><N who="0" m="58415" /><D6/><U92/><E60/><V50/><F63/><W11/><G128/><T41/><D41/><N who="3" m="15977" /><G48/><T3/><D3/><U70/><E70/><V5/><F75/><W118/><G118/><T18/><D121/><U131/><E131/><V64/><F73/><W106/><G106/><T45/><D45/><U124/><E124/><V127/><F127/><W88/><G88/><N who="0" m="51223" /><D28/><U86/><E98/><V125/><F125/><W87/><G87/><T115/><D115/><U55/><E55/><V14/><F85/><W33/><G33/><T46/><D46/><U76/><E76/><V130/><F130/><W107/><G107/><T16/><D91/><U43/><E43/><V110/><F31/><W19/><G29/><T39/><D39/><U123/><E123/><V67/><F67/><W94/><G94/><T36/><D36/><U15/><AGARI ba="0,0" hai="15,17,23,86,90,92,109,111" m="20959,43115" machi="15" ten="30,2000,0" yaku="15,1,11,1" doraHai="77" who="1" fromWho="1" sc="91,-10,543,20,195,-5,171,-5" /><INIT seed="5,0,0,0,5,55" ten="81,563,190,166" oya="1" hai0="95,103,83,32,67,114,9,19,57,25,131,13,89" hai1="48,3,86,51,127,72,76,113,111,29,60,38,115" hai2="124,2,26,102,45,17,7,61,43,99,58,84,20" hai3="11,94,135,126,116,40,27,69,88,133,34,134,41"/><U24/><E38/><V74/><F74/><W123/><G123/><T63/><D114/><U37/><E37/><V0/><F84/><W5/><G69/><T46/><D131/><U80/><E3/><V64/><F7/><W23/><G34/><T117/><D117/><U118/><E118/><V21/><F21/><W4/><G126/><T15/><D103/><U105/><E105/><V62/><F62/><W73/><G73/><T28/><D46/><U42/><E127/><V121/><F121/><W78/><G78/><T6/><D83/><U85/><E111/><V16/><F17/><W81/><G81/><T71/><D71/><U22/><E60/><V129/><F129/><W87/><G116/><T112/><D112/><N who="1" m="43083" /><E42/><V18/><F18/><W104/><G104/><T30/><D30/><U106/><E106/><V56/><F124/><W47/><G47/><T70/><D70/><U79/><E79/><V35/><F58/><W91/><G91/><T120/><D120/><U1/><E1/><V77/><F77/><W108/><G108/><T90/><REACH who="0" step="1"/><D95/><REACH who="0" ten="71,563,190,166" step="2"/><U44/><E44/><V33/><F45/><W31/><REACH who="3" step="1"/><G5/><REACH who="3" ten="71,563,190,156" step="2"/><T53/><D53/><U107/><E107/><V82/><F82/><W92/><G92/><T12/><D12/><AGARI ba="0,2" hai="4,11,12,23,27,31,40,41,87,88,94,133,134,135" machi="12" ten="40,5200,0" yaku="1,1,20,1,54,1,53,0" doraHai="55" doraHaiUra="52" who="3" fromWho="0" sc="71,-52,563,0,190,0,156,72" /><INIT seed="6,0,0,4,2,72" ten="19,563,190,228" oya="2" hai0="119,18,128,91,75,122,69,104,48,59,4,78,1" hai1="103,67,17,21,56,23,106,96,60,84,40,102,34" hai2="62,35,3,42,43,54,36,30,118,107,2,126,57" hai3="24,22,74,115,93,97,51,77,29,19,12,70,73"/><V39/><F118/><W28/><G70/><T50/><D122/><U41/><E34/><V52/><F107/><W129/><G129/><T110/><D110/><U133/><E133/><V105/><F105/><W44/><G115/><T80/><D128/><U100/><E23/><V13/><F30/><W32/><G28/><T26/><D119/><U45/><E84/><V65/><F13/><W14/><G14/><T53/><D104/><U124/><E124/><V88/><F35/><W16/><G19/><T109/><D109/><U38/><E41/><N who="2" m="15371" /><F88/><W86/><G44/><T76/><D69/><U87/><E87/><V15/><F15/><AGARI ba="0,0" hai="15,17,21,38,40,45,56,60,67,96,100,102,103,106" machi="15" ten="30,1000,0" yaku="7,1" doraHai="72" who="1" fromWho="2" sc="19,0,563,10,190,-10,228,0" /><INIT seed="7,0,0,4,3,58" ten="19,573,180,228" oya="3" hai0="111,68,109,8,101,14,74,37,104,50,35,70,21" hai1="69,106,64,90,71,17,30,34,0,52,99,32,94" hai2="93,117,47,19,80,26,134,108,112,135,120,103,95" hai3="27,83,7,5,73,130,29,89,92,67,97,42,81"/><W11/><G130/><T55/><D74/><U79/><E0/><V6/><F6/><W43/><G67/><T40/><D101/><U15/><E79/><V77/><F19/><W62/><G5/><T4/><D104/><U2/><E2/><V12/><F12/><W63/><G43/><T44/><D35/><U33/><E30/><V25/><F26/><W114/><G42/><T129/><D21/><U122/><E122/><V61/><F25/><W56/><G114/><T54/><D14/><U102/><E52/><V113/><F47/><W98/><G98/><T76/><D8/><U128/><E128/><V53/><F108/><W45/><G45/><T91/><D76/><U85/><E64/><V75/><F117/><W60/><G56/><T9/><D91/><U116/><E116/><V41/><F41/><W87/><G73/><T57/><D9/><U86/><E86/><V123/><F53/><W49/><G87/><T10/><D10/><U110/><E110/><V28/><F61/><W1/><REACH who="3" step="1"/><G49/><REACH who="3" ten="19,573,180,218" step="2"/><T24/><D4/><U36/><E85/><V20/><F120/><W22/><AGARI ba="0,1" hai="1,7,11,22,27,29,60,62,63,81,83,89,92,97" machi="22" ten="30,18000,2" yaku="1,1,2,1,0,1,52,3,53,1" doraHai="58" doraHaiUra="18" who="3" fromWho="3" sc="19,-60,573,-60,180,-60,218,190" owari="-41,-54.0,513,61.0,120,-28.0,408,21.0" /></mjloggm>