<mjloggm ver="2.3"><GO type="169" lobby="0"/><UN n0="%E6%BB%9D%E6%9C%AC%E3%81%B2%E3%81%B5%E3%81%BF%EF%BC%81" n1="%50%65%74%65%72%50%61%6E" n2="%73%61%6E%64%69%72%69%73" n3="%E3%81%9F%E3%81%BE%E5%AD%90" dan="17,16,17,17" rate="2196.64,2116.26,2163.72,2150.97" sx="M,M,M,M"/><TAIKYOKU oya="0"/><INIT seed="0,0,0,4,5,122" ten="250,250,250,250" oya="0" hai0="75,0,117,90,69,5,112,13,132,82,64,96,3" hai1="61,121,23,88,125,37,14,86,98,12,11,26,70" hai2="55,59,60,47,120,107,33,41,110,133,57,27,131" hai3="103,52,48,62,111,74,35,134,73,4,91,93,113"/><T19/><D112/><U83/><E121/><V45/><F107/><W100/><G113/><T18/><D117/><U25/><E37/><V109/><F120/><W85/><G35/><T72/><D5/><U49/><E125/><V40/><F33/><W92/><G134/><T53/><D64/><U116/><E116/><V1/><F27/><W29/><G29/><T123/><D69/><U17/><E49/><V51/><F1/><W71/><G4/><T36/><D36/><U42/><E42/><N who="2" m="16491" /><F133/><W101/><G111/><N who="2" m="42505" /><F131/><W87/><G71/><T129/><D3/><U46/><E46/><V124/><F124/><W84/><G62/><T99/><D0/><U39/><E39/><V95/><F95/><W56/><REACH who="3" step="1"/><G92/><REACH who="3" ten="250,250,250,240" step="2"/><T63/><D63/><U102/><E61/><V6/><F6/><W128/><G128/><T8/><D129/><U105/><REACH who="1" step="1"/><E70/><REACH who="1" ten="250,240,250,240" step="2"/><V2/><F2/><W16/><G16/><AGARI ba="0,2" hai="11,12,14,16,17,23,25,26,83,86,88,98,102,105" machi="16" ten="30,8000,1" yaku="1,1,2,1,7,1,54,2,53,0" doraHai="122" doraHaiUra="58" who="1" fromWho="3" sc="250,0,240,100,250,0,240,-80" /><INIT seed="1,0,0,1,0,1" ten="250,340,250,160" oya="1" hai0="74,12,121,87,34,119,0,14,106,109,45,38,108" hai1="29,80,53,31,125,122,39,127,107,102,23,111,114" hai2="72,133,59,15,101,131,99,64,40,67,47,95,105" hai3="118,57,17,90,78,117,93,98,94,10,60,56,33"/><U115/><E39/><V61/><F133/><W103/><G33/><T3/><D74/><U83/><E53/><V65/><F131/><W124/><G124/><N who="1" m="47690" /><E23/><V112/><F112/><N who="1" m="43049" /><E122/><V113/><F113/><W16/><G78/><T58/><D34/><U66/><E66/><V11/><F72/><W128/><G128/><T86/><D45/><U51/><E51/><N who="2" m="27111" /><F105/><W73/><G73/><T24/><D106/><U70/><E70/><V123/><F123/><W4/><G57/><T19/><D24/><U96/><E111/><V55/><F65/><W6/><G117/><T81/><D58/><U68/><E68/><V48/><F48/><W75/><G75/><T85/><D38/><U91/><E91/><V79/><F79/><W42/><G42/><T69/><D69/><U116/><E116/><V36/><F36/><W135/><G135/><T27/><D119/><U18/><E18/><AGARI ba="0,0" hai="11,15,18,55,59,61,64,67,95,99,101" m="27111" machi="18" ten="30,1000,0" yaku="8,1" doraHai="1" who="2" fromWho="1" sc="250,0,340,-10,250,10,160,0" /><INIT seed="2,0,0,2,2,2" ten="250,330,260,160" oya="2" hai0="100,11,127,43,91,82,68,72,114,6,30,112,13" hai1="67,36,58,75,4,101,5,115,19,125,111,123,93" hai2="81,61,126,88,34,94,87,23,56,74,62,96,42" hai3="135,18,129,7,57,15,78,103,90,85,45,31,128"/><V83/><F34/><W98/><G78/><T77/><D127/><U48/><E115/><V24/><F126/><W65/><G135/><T73/><D68/><U20/><E36/><V86/><F74/><W92/><G31/><T121/><D121/><U122/><E75/><V116/><F116/><W104/><G45/><T35/><D73/><U119/><E119/><V133/><F133/><W70/><G70/><T108/><D108/><U12/><E125/><V134/><F134/><W117/><G117/><T84/><D100/><U9/><E111/><V130/><F130/><W109/><G109/><T46/><D30/><U10/><E123/><V16/><F42/><W28/><G28/><T49/><REACH who="0" step="1"/><D35/><REACH who="0" ten="240,330,260,160" step="2"/><U60/><E122/><V64/><F61/><W113/><G113/><T1/><D1/><U21/><E48/><V32/><F32/><W0/><G0/><T107/><D107/><U110/><E110/><V3/><F3/><W71/><G71/><T132/><D132/><U33/><E33/><V52/><F64/><W26/><G128/><T47/><D47/><U120/><E120/><V29/><F29/><W37/><G129/><T53/><D53/><U41/><E41/><V95/><F87/><W69/><G69/><T99/><D99/><N who="1" m="59631" /><E20/><V17/><F17/><W51/><G65/><T54/><D54/><U79/><E79/><V14/><F14/><W40/><G15/><T102/><D102/><AGARI ba="0,1" hai="16,23,24,52,56,62,81,83,86,88,94,95,96,102" machi="102" ten="30,12000,1" yaku="7,1,8,1,54,3" doraHai="2" who="2" fromWho="0" sc="240,-120,330,0,260,130,160,0" /><INIT seed="2,1,0,4,3,79" ten="120,330,390,160" oya="2" hai0="41,119,122,11,19,56,35,12,94,91,58,80,10" hai1="46,34,67,112,60,59,64,70,15,33,52,51,77" hai2="99,82,30,88,66,123,135,37,134,113,3,21,108" hai3="105,40,92,1,107,71,72,75,42,27,132,110,44"/><V81/><F3/><W23/><G71/><T36/><D122/><U118/><E112/><V85/><F113/><W47/><G1/><T117/><D35/><U131/><E118/><N who="0" m="45065" /><D36/><U100/><E131/><V16/><F123/><W14/><G14/><T69/><D41/><U109/><E109/><V5/><F37/><W17/><G110/><T125/><D69/><U126/><E126/><V57/><F5/><W104/><G132/><N who="2" m="50729" /><F30/><W115/><G92/><T65/><D65/><U98/><E77/><V90/><F108/><W86/><G86/><N who="0" m="50631" /><D125/><U49/><E15/><N who="2" m="9375" /><F99/><W62/><G115/><T116/><N who="0" m="45073" /><T43/><DORA hai="76" /><D43/><U45/><E67/><V50/><F66/><W53/><G40/><T29/><D29/><U106/><REACH who="1" step="1"/><E70/><REACH who="1" ten="120,320,390,160" step="2"/><V32/><F32/><W102/><G27/><T13/><D13/><U0/><E0/><V89/><F85/><W26/><G26/><T84/><D10/><U127/><E127/><V61/><F61/><W68/><G62/><T103/><D84/><U55/><AGARI ba="1,1" hai="33,34,45,46,49,51,52,55,59,60,64,98,100,106" machi="55" ten="20,8000,1" yaku="1,1,0,1,7,1,9,1,54,1,53,0" doraHai="79,76" doraHaiUra="20,6" who="1" fromWho="1" sc="120,-21,320,93,390,-41,160,-21" /><INIT seed="3,0,0,3,1,27" ten="99,413,349,139" oya="3" hai0="35,133,69,125,25,34,71,103,53,49,2,129,13" hai1="7,38,59,18,31,40,16,44,65,61,127,6,117" hai2="42,51,95,30,74,128,83,48,58,93,116,43,113" hai3="92,28,11,4,55,101,20,112,134,37,111,56,132"/><W85/><G112/><T72/><D2/><U118/><E127/><V84/><F116/><N who="1" m="44649" /><E31/><V26/><F128/><W19/><G37/><T57/><D72/><U66/><E66/><V102/><F74/><W68/><G68/><T90/><D125/><U54/><E65/><V110/><F110/><W79/><G111/><T46/><D133/><N who="3" m="51305" /><G101/><T131/><D103/><U21/><E18/><V50/><F58/><W41/><G41/><T14/><D90/><U78/><E78/><V63/><F63/><W80/><G92/><N who="2" m="35401" /><F113/><W36/><G36/><T114/><D114/><U97/><E97/><V106/><F106/><W5/><G11/><T17/><D69/><U9/><E9/><V75/><F75/><W60/><G28/><T47/><D71/><U29/><E29/><V67/><F67/><W119/><G119/><T62/><D129/><U76/><E76/><N who="2" m="46183" /><F102/><W89/><G79/><T24/><D131/><U135/><E135/><V86/><F86/><W98/><G98/><T122/><D34/><U115/><E115/><V104/><F104/><W52/><G55/><T23/><D35/><U94/><E94/><V120/><F120/><W22/><G22/><AGARI ba="0,0" hai="22,26,30,42,43,48,50,51" m="46183,35401" machi="22" ten="30,2000,0" yaku="8,1,52,1" doraHai="27" who="2" fromWho="3" sc="99,0,413,0,349,20,139,-20" /><INIT seed="4,0,0,1,4,88" ten="99,413,369,119" oya="0" hai0="8,60,13,135,10,101,59,4,122,126,49,66,12" hai1="86,27,7,117,75,98,41,121,11,29,103,76,30" hai2="64,81,127,133,6,2,123,104,72,65,20,73,111" hai3="70,129,102,110,18,23,63,94,87,43,128,79,0"/><T14/><D122/><U33/><E117/><V39/><F111/><W17/><G110/><T119/><D119/><U44/><E30/><V46/><F123/><W77/><G0/><T25/><D126/><U80/><E121/><V15/><F104/><W9/><G43/><T100/><D135/><U96/><E103/><N who="0" m="39497" /><D25/><U35/><E35/><V56/><F127/><W89/><G102/><T92/><D49/><U22/><E33/><V53/><F133/><W68/><G9/><N who="0" m="3691" /><D4/><U45/><E45/><V97/><F6/><W16/><G23/><T62/><D62/><U34/><E34/><V114/><F20/><W90/><G63/><T118/><D118/><U99/><E99/><V58/><F97/><N who="3" m="57551" /><G70/><T125/><D125/><U108/><E108/><V3/><F3/><W120/><G68/><T69/><D69/><U74/><E74/><V5/><F46/><W105/><G105/><T107/><D107/><U52/><E75/><V113/><F2/><W130/><G120/><T19/><D19/><U85/><E85/><V78/><F73/><W50/><G50/><T24/><D24/><U57/><E7/><V84/><F72/><W1/><G1/><T95/><AGARI ba="0,0" hai="12,13,14,59,60,66,92,95" m="3691,39497" machi="95" ten="40,7800,0" yaku="8,1,52,2" doraHai="88" who="0" fromWho="0" sc="99,78,413,-26,369,-26,119,-26" /><INIT seed="4,1,0,4,2,128" ten="177,387,343,93" oya="0" hai0="54,113,60,103,32,112,0,33,133,43,104,111,59" hai1="115,26,36,48,72,23,2,92,7,74,6,107,86" hai2="70,121,16,97,76,110,75,25,51,98,114,41,18" hai3="29,64,15,123,126,120,56,22,9,1,93,35,13"/><T46/><D0/><U52/><E36/><V81/><F110/><W96/><G126/><T40/><D104/><U24/><E107/><V3/><F121/><W63/><G35/><T73/><D73/><U45/><E26/><V50/><F70/><W84/><G1/><T124/><D103/><U67/><E67/><V28/><F114/><N who="0" m="44138" /><D124/><U106/><E106/><V85/><F75/><W95/><G84/><T130/><D130/><U12/><E2/><V4/><F4/><W80/><G80/><T132/><D111/><U8/><E6/><V68/><F68/><W44/><G44/><T105/><D105/><U134/><E115/><V34/><F3/><W91/><G93/><T99/><D99/><U77/><E74/><V82/><F82/><W129/><G129/><T30/><D40/><U88/><E72/><V58/><F41/><W42/><G42/><T83/><D83/><U66/><E66/><V87/><F87/><W108/><G108/><T78/><D78/><U119/><E119/><V37/><F98/><W94/><G94/><T31/><D32/><U61/><E77/><V109/><F97/><W38/><G38/><N who="0" m="21879" /><D33/><U127/><E127/><V21/><F37/><W57/><G120/><T62/><D60/><U135/><REACH who="1" step="1"/><E61/><REACH who="1" ten="177,377,343,93" step="2"/><V53/><F109/><W14/><G123/><T55/><D55/><U19/><AGARI ba="1,1" hai="7,8,12,19,23,24,45,48,52,86,88,92,134,135" machi="19" ten="30,12000,2" yaku="1,1,2,1,0,1,52,2,54,2,53,0" doraHai="128" doraHaiUra="100" who="1" fromWho="1" sc="177,-61,377,133,343,-31,93,-31" /><INIT seed="5,0,0,4,1,112" ten="116,510,312,62" oya="1" hai0="37,62,23,51,26,71,104,13,15,91,134,102,86" hai1="18,118,5,113,107,90,35,97,133,80,56,53,50" hai2="85,55,121,0,47,125,128,111,126,92,130,88,30" hai3="6,131,69,68,45,75,43,96,9,122,48,36,22"/><U117/><E113/><V100/><F0/><W114/><G114/><T34/><D37/><U57/><E133/><V54/><F30/><W27/><G122/><T2/><D2/><U73/><E35/><V83/><F47/><W40/><G131/><N who="2" m="50217" /><F54/><W99/><G75/><T8/><D51/><U16/><E5/><V11/><F11/><W19/><G43/><T33/><D13/><U81/><E81/><V78/><F55/><W98/><REACH who="3" step="1"/><G36/><REACH who="3" ten="116,510,312,52" step="2"/><T41/><D41/><U89/><E73/><N who="2" m="43471" /><F121/><W95/><G95/><T32/><D134/><U109/><E80/><N who="2" m="49191" /><F111/><W79/><G79/><T59/><D33/><U77/><E77/><V105/><F92/><W21/><G21/><T94/><D94/><U60/><E109/><V93/><F93/><W52/><G52/><T76/><D23/><U74/><E53/><V116/><F100/><W42/><G42/><T39/><D102/><U110/><E110/><V61/><F105/><W124/><G124/><N who="2" m="47721" /><F61/><W129/><G129/><T82/><D62/><U24/><E60/><V20/><F20/><W65/><G65/><T132/><D32/><U44/><E107/><V28/><F28/><W49/><G49/><T135/><D104/><U25/><E50/><V38/><F38/><W72/><G72/><T58/><D39/><U87/><E74/><V3/><F3/><AGARI ba="0,1" hai="3,6,9,19,22,27,40,45,48,68,69,96,98,99" machi="3" ten="40,1300,0" yaku="1,1,53,0" doraHai="112" doraHaiUra="29" who="3" fromWho="2" sc="116,0,510,0,312,-13,52,23" /><INIT seed="6,0,0,3,4,128" ten="116,510,299,75" oya="2" hai0="117,10,50,69,61,2,68,19,11,31,41,59,60" hai1="53,62,0,14,102,49,70,127,6,1,93,67,29" hai2="63,129,20,72,125,86,24,104,120,130,90,22,78" hai3="122,4,51,113,3,45,107,83,112,21,95,94,18"/><V74/><F120/><W56/><G122/><T47/><D117/><U65/><E65/><V121/><F121/><W55/><G107/><T30/><D68/><U89/><E102/><V88/><F104/><W133/><G83/><T23/><D69/><U131/><E131/><N who="2" m="50187" /><F125/><W15/><G3/><T87/><D87/><U105/><E105/><V91/><F63/><N who="0" m="24138" /><D59/><U28/><E127/><V108/><F108/><W82/><G4/><T5/><D2/><U32/><E14/><V123/><F123/><W58/><G82/><T44/><D44/><U109/><E109/><V26/><F86/><W42/><G58/><T48/><D48/><U37/><E37/><V79/><F20/><W80/><G80/><T9/><D5/><U34/><E0/><V27/><F22/><W111/><G111/><T25/><AGARI ba="0,0" hai="9,10,11,19,23,25,30,31,41,47,50" m="24138" machi="25" ten="30,1100,0" yaku="8,1" doraHai="128" who="0" fromWho="0" sc="116,11,510,-3,299,-5,75,-3" /><INIT seed="7,0,0,1,3,57" ten="127,507,294,72" oya="3" hai0="8,35,71,69,79,45,104,98,70,131,31,49,5" hai1="75,101,12,91,21,42,28,67,122,22,30,73,62" hai2="39,86,37,129,130,51,116,112,13,94,90,32,107" hai3="105,54,77,96,2,15,25,66,65,4,34,106,33"/><W14/><G77/><T97/><D79/><U59/><E122/><V10/><F116/><W92/><G2/><T44/><D44/><U133/><E133/><V87/><F32/><W60/><G54/><T88/><D88/><U36/><E101/><V55/><F107/><W121/><G121/><T108/><D108/><U109/><E109/><V47/><F112/><W123/><G123/><T9/><D9/><U23/><E12/><V53/><F87/><W17/><G4/><T135/><D104/><U1/><E1/><V50/><F129/><W26/><G17/><T113/><D31/><U43/><E36/><V29/><F130/><W63/><G92/><T78/><D35/><U119/><E119/><V110/><F29/><W114/><G96/><T83/><D131/><U58/><E91/><V3/><F3/><W56/><G56/><T72/><D135/><U24/><E22/><V52/><F110/><W11/><G11/><T64/><D64/><U102/><E102/><V40/><REACH who="2" step="1"/><F39/><REACH who="2" ten="127,507,284,72" step="2"/><W115/><AGARI ba="0,1" hai="14,15,25,26,33,34,60,63,65,66,105,106,114,115" machi="115" ten="25,12000,1" yaku="0,1,22,2,52,2" doraHai="57" who="3" fromWho="3" sc="127,-40,507,-40,284,-40,72,130" /><INIT seed="7,1,0,5,3,34" ten="87,467,244,202" oya="3" hai0="71,117,123,15,59,100,77,60,55,78,47,57,11" hai1="23,107,93,108,10,128,52,26,74,102,113,2,56" hai2="30,7,21,50,6,37,46,121,5,49,89,39,8" hai3="130,70,73,94,109,4,97,58,19,131,114,103,24"/><W25/><G70/><T16/><D117/><U76/><E108/><V124/><F124/><W9/><G73/><T33/><D123/><U79/><E107/><V81/><F121/><W67/><G109/><T13/><D33/><U86/><E74/><V91/><F39/><W31/><G114/><T99/><D71/><U82/><E113/><V133/><F37/><W115/><G115/><T3/><D47/><U41/><E41/><N who="2" m="24783" /><F133/><W29/><G19/><T62/><D3/><U63/><E128/><V68/><F68/><W72/><G72/><T22/><D99/><U87/><E10/><V43/><F8/><W14/><G25/><T38/><D100/><U104/><E2/><V28/><F21/><N who="3" m="15503" /><G31/><N who="2" m="11817" /><F81/><W116/><G116/><T66/><REACH who="0" step="1"/><D38/><REACH who="0" ten="77,467,244,202" step="2"/><U51/><E104/><V135/><F135/><W61/><AGARI ba="1,1" hai="4,9,14,58,61,67,94,97,103,130,131" m="15503" machi="61" ten="30,1500,0" yaku="25,1" doraHai="34" who="3" fromWho="3" sc="77,-6,467,-6,244,-6,202,28" /><INIT seed="7,2,0,1,2,92" ten="71,461,238,230" oya="3" hai0="107,15,25,83,3,48,45,124,118,64,66,114,89" hai1="87,120,56,67,22,80,127,82,86,98,53,123,20" hai2="117,6,23,132,54,14,8,10,43,17,102,63,13" hai3="18,94,126,51,1,128,30,135,112,36,105,100,39"/><W69/><G105/><T84/><D3/><U24/><E127/><V108/><F108/><W38/><G126/><T41/><D124/><U2/><E2/><V35/><F117/><W71/><G1/><T47/><D118/><U130/><E130/><V101/><F35/><W57/><G128/><T26/><D107/><U61/><E20/><V129/><F129/><W11/><G30/><T77/><D114/><U0/><E0/><V59/><F132/><W31/><G31/><T121/><D121/><U50/><E98/><V65/><F43/><W44/><G57/><T49/><D25/><U88/><E86/><V113/><F113/><W122/><G122/><T21/><D15/><U109/><E109/><V74/><F74/><W133/><G112/><T76/><D64/><U93/><E123/><V78/><F78/><W131/><G131/><T58/><D58/><N who="1" m="33079" /><E120/><V33/><F33/><W125/><G125/><T75/><D66/><U37/><E37/><V28/><F65/><W19/><G94/><T116/><D75/><U7/><E7/><N who="2" m="3231" /><F28/><AGARI ba="2,0" hai="22,24,28,56,61,67,80,82,87,88,93" m="33079" machi="28" ten="30,2000,0" yaku="8,1,54,1" doraHai="92" who="1" fromWho="2" sc="71,0,461,26,238,-26,230,0" owari="71,-43.0,487,59.0,212,-19.0,230,3.0" /></mjloggm>