<mjloggm ver="2.3"><GO type="225" lobby="0"/><UN n0="%E4%BC%BD%E8%97%8D%E5%A0%82%E7%B4%97%E7%BE%85" n1="%E3%82%B8%E3%83%A3%E3%83%9E%E3%83%BC%E3%83%AB%E3%83%9E%E3%83%AC%E3%83%BC" n2="%E6%80%AA%E3%81%97%E3%81%99%E3%81%8E%E3%82%8B%E3%83%81%E3%83%BC" n3="%70%68%65%6E%6F%6D%65" dan="16,17,16,17" rate="2194.95,2177.90,2105.15,2199.92" sx="F,M,M,M"/><TAIKYOKU oya="0"/><INIT seed="0,0,0,5,0,131" ten="250,250,250,250" oya="0" hai0="21,84,87,73,94,51,113,76,95,104,129,64,3" hai1="63,102,109,65,2,80,78,133,58,57,17,26,124" hai2="93,29,37,49,89,24,36,128,112,45,70,52,71" hai3="68,5,25,8,33,111,106,44,42,61,83,116,79"/><T38/><D38/><U105/><E2/><V35/><F128/><W100/><G111/><T15/><D3/><U101/><E109/><V74/><F74/><W92/><G92/><T121/><D129/><U40/><E124/><V11/><F112/><W6/><G116/><T108/><D108/><U88/><E105/><V22/><F35/><W59/><G68/><T9/><D104/><U39/><E40/><V90/><F11/><W135/><G100/><T43/><D113/><U27/><E27/><V4/><F4/><W120/><G106/><T13/><D121/><U96/><E58/><V31/><F31/><W34/><G25/><T75/><D64/><U0/><E39/><V72/><F72/><W28/><G28/><T134/><D134/><U46/><E46/><V53/><F53/><W81/><G81/><T114/><D114/><U123/><E133/><V67/><F89/><W20/><G20/><T103/><D103/><U119/><E119/><V77/><F77/><W107/><G107/><T127/><D127/><U50/><E50/><V41/><F67/><N who="3" m="39359" /><G5/><N who="0" m="3247" /><D75/><N who="1" m="43103" /><E0/><V118/><F118/><W97/><G120/><T110/><D110/><U85/><E96/><N who="2" m="57399" /><F36/><N who="3" m="21575" /><G97/><T47/><D73/><U130/><E123/><V12/><F12/><N who="3" m="5143" /><G135/><T1/><D1/><U98/><E98/><V69/><F37/><W66/><G66/><T14/><D76/><U126/><E126/><V115/><F115/><W82/><G79/><T16/><D15/><U7/><E130/><V99/><F99/><W48/><G48/><T10/><D10/><U132/><E132/><V56/><F41/><W125/><G125/><RYUUKYOKU ba="0,0" sc="250,10,250,-30,250,10,250,10" hai0="14,16,21,43,47,51,84,87,94,95" hai2="22,24,29,45,49,52,56,69,70,71" hai3="33,34,82,83" /><INIT seed="0,1,0,5,2,37" ten="260,220,260,260" oya="0" hai0="1,25,12,93,99,59,2,97,95,69,49,119,129" hai1="108,103,81,89,83,122,133,70,118,106,112,14,40" hai2="88,66,67,41,18,92,100,124,94,17,75,24,126" hai3="114,8,20,131,120,5,21,61,35,60,53,127,62"/><T111/><D69/><U74/><E70/><V48/><F75/><W98/><G35/><T76/><D119/><U4/><E118/><V73/><F73/><W72/><G114/><T39/><D39/><U28/><E122/><V84/><F100/><W109/><G72/><T46/><D129/><U26/><E112/><V29/><F94/><W96/><G131/><T55/><D76/><U79/><E133/><V78/><F78/><W58/><G109/><T23/><D111/><U116/><E116/><V45/><F18/><W104/><G127/><N who="2" m="48681" /><F17/><W123/><G120/><T132/><D12/><U128/><E128/><V91/><F91/><W15/><G123/><T43/><D132/><U33/><E106/><V27/><F27/><W71/><G104/><T0/><D97/><N who="3" m="37481" /><G71/><T65/><D99/><U63/><E103/><V113/><F113/><W135/><G135/><T130/><D130/><U105/><E105/><V9/><F9/><W10/><G10/><T36/><REACH who="0" step="1"/><D65/><REACH who="0" ten="250,220,260,260" step="2"/><U44/><E108/><V110/><F110/><W54/><G15/><T47/><D47/><U11/><E44/><V19/><F19/><AGARI ba="1,1" hai="0,1,2,19,23,25,36,43,46,49,55,59,93,95" machi="19" ten="40,12000,1" yaku="1,1,52,1,53,3" doraHai="37" doraHaiUra="34" who="0" fromWho="2" sc="250,133,220,0,260,-123,260,0" /><INIT seed="0,2,0,2,1,52" ten="383,220,137,260" oya="0" hai0="90,49,2,92,8,20,21,83,1,40,95,17,47" hai1="12,33,128,117,7,24,50,106,85,44,46,97,30" hai2="29,63,56,75,54,4,38,51,55,58,129,69,81" hai3="41,120,42,124,23,64,16,89,34,9,107,94,88"/><T100/><D2/><U113/><E117/><V131/><F4/><W108/><G107/><T96/><D83/><U72/><E72/><V14/><F14/><W78/><G34/><T28/><D28/><U43/><E128/><N who="2" m="49227" /><F29/><W126/><G108/><T3/><D8/><U110/><E110/><V59/><F81/><W66/><G78/><T134/><D134/><U111/><E111/><V135/><F75/><W60/><G9/><T36/><D36/><U114/><E46/><N who="2" m="28023" /><F135/><W103/><G120/><T67/><D67/><U105/><E85/><V11/><F11/><W98/><G66/><T86/><D20/><U70/><E70/><V13/><F13/><AGARI ba="2,0" hai="1,3,13,17,21,40,47,49,86,90,92,95,96,100" machi="13" ten="30,1500,0" yaku="7,1" doraHai="52" who="0" fromWho="2" sc="383,21,220,0,137,-21,260,0" /><INIT seed="0,3,0,0,3,95" ten="404,220,116,260" oya="0" hai0="60,116,28,56,25,119,18,122,128,59,14,37,103" hai1="96,93,68,54,134,133,39,24,10,32,94,45,101" hai2="125,2,131,85,82,35,71,105,99,0,79,4,65" hai3="100,40,118,123,74,5,57,29,46,31,83,69,73"/><T33/><D122/><U102/><E68/><V126/><F131/><W84/><G69/><T48/><D37/><U124/><E124/><N who="2" m="47723" /><F35/><W91/><G118/><T87/><D128/><U110/><E110/><V13/><F13/><W30/><G123/><T44/><D87/><U98/><E10/><V15/><F15/><W89/><G100/><T111/><D111/><U19/><E19/><V11/><F2/><W81/><G57/><T64/><D59/><U62/><E62/><N who="2" m="40375" /><F105/><W113/><G5/><T51/><D103/><U72/><E72/><V55/><F55/><W23/><G23/><T43/><REACH who="0" step="1"/><D51/><REACH who="0" ten="394,220,116,260" step="2"/><U21/><E39/><V42/><F42/><W75/><G40/><T76/><D76/><U8/><E102/><V52/><F52/><W129/><G129/><T7/><D7/><U80/><E54/><V86/><F99/><W127/><G127/><T27/><D27/><U120/><E24/><V70/><F70/><W121/><G121/><T1/><D1/><U130/><E120/><V6/><F4/><W61/><G74/><AGARI ba="3,1" hai="0,6,11,74,79,82,85,86" m="40375,47723" machi="74" ten="30,1000,0" yaku="18,1" doraHai="95" who="2" fromWho="3" sc="394,0,220,0,116,29,260,-19" /><INIT seed="1,0,0,2,5,94" ten="394,220,145,241" oya="1" hai0="33,126,25,44,87,20,85,135,21,102,50,133,111" hai1="27,115,56,15,107,123,31,106,57,84,108,117,134" hai2="129,130,8,98,109,65,97,22,90,36,93,4,83" hai3="26,69,63,52,95,112,17,79,99,68,77,30,10"/><U40/><E115/><V12/><F109/><W64/><G112/><T32/><D111/><U119/><E123/><V18/><F36/><W127/><G127/><T3/><D3/><U86/><E108/><V41/><F41/><W16/><G68/><T11/><D11/><U60/><E40/><V103/><F65/><W100/><G52/><N who="0" m="29767" /><D102/><U47/><E15/><V88/><F83/><W73/><G73/><T92/><D126/><U46/><E31/><V70/><F70/><W34/><REACH who="3" step="1"/><G10/><REACH who="3" ten="394,220,145,231" step="2"/><T9/><D9/><U0/><E60/><V110/><F110/><W7/><G7/><T6/><D6/><U89/><E0/><V71/><F71/><W122/><G122/><T59/><D59/><U80/><E57/><V62/><F62/><W67/><G67/><T101/><D133/><U5/><E56/><V45/><F45/><W29/><G29/><T72/><D135/><U38/><E5/><V131/><REACH who="2" step="1"/><F98/><REACH who="2" ten="394,220,135,231" step="2"/><W132/><G132/><T78/><D72/><U116/><E134/><V48/><F48/><W58/><G58/><T82/><D85/><U28/><E84/><V13/><AGARI ba="0,2" hai="4,8,12,13,18,22,88,90,93,97,103,129,130,131" machi="13" ten="30,8000,1" yaku="1,1,0,1,19,1,52,1,54,1,53,0" doraHai="94" doraHaiUra="49" who="2" fromWho="2" sc="394,-20,220,-40,135,100,231,-20" /><INIT seed="2,0,0,5,1,79" ten="374,180,235,211" oya="2" hai0="35,73,101,134,43,71,18,62,117,91,83,47,107" hai1="33,45,5,100,84,116,24,58,132,128,133,88,6" hai2="81,46,32,67,56,1,69,127,39,30,50,31,25" hai3="12,92,119,70,68,57,63,99,40,65,16,17,20"/><V76/><F127/><W8/><G119/><T120/><D120/><U52/><E116/><V104/><F1/><W4/><G40/><T60/><D18/><U95/><E128/><V13/><F104/><W93/><G17/><T80/><D62/><U113/><E113/><V131/><F131/><W59/><G70/><T102/><D35/><U37/><E100/><V48/><F31/><W96/><G93/><T11/><D11/><U19/><E45/><V105/><F105/><W97/><REACH who="3" step="1"/><G92/><REACH who="3" ten="374,180,235,201" step="2"/><T0/><D117/><U28/><E37/><V124/><F69/><W72/><G72/><T42/><D73/><U29/><E19/><V82/><F39/><W15/><AGARI ba="0,1" hai="4,8,12,15,16,20,57,59,63,65,68,96,97,99" machi="15" ten="30,4000,0" yaku="1,1,0,1,54,1,53,0" doraHai="79" doraHaiUra="106" who="3" fromWho="3" sc="374,-10,180,-10,235,-20,201,50" /><INIT seed="3,0,0,4,2,4" ten="364,170,215,251" oya="3" hai0="39,55,75,77,114,108,93,91,43,66,133,18,94" hai1="124,132,68,119,76,82,49,96,125,100,78,99,117" hai2="35,60,72,128,36,80,12,11,90,115,3,34,126" hai3="57,5,122,19,13,42,74,15,14,65,97,113,88"/><W20/><G122/><T110/><D133/><U63/><E49/><V0/><F115/><W106/><G74/><T44/><D114/><U53/><E53/><V105/><F105/><W24/><G113/><T41/><D66/><U37/><E37/><V10/><F36/><W59/><G42/><N who="0" m="22623" /><D55/><U48/><E48/><V107/><F128/><W84/><G65/><T127/><D18/><U83/><E63/><V61/><F126/><N who="1" m="48745" /><E68/><V70/><F107/><W58/><G106/><T40/><D127/><U111/><E111/><N who="0" m="42537" /><D91/><U31/><E31/><V116/><F72/><W26/><G26/><T29/><D29/><U21/><E132/><V52/><F80/><AGARI ba="0,0" hai="40,41,43,75,77,80,93,94" m="42537,22623" machi="80" ten="30,1000,0" yaku="14,1" doraHai="4" who="0" fromWho="2" sc="364,10,170,0,215,-10,251,0" owari="374,47.0,170,-33.0,205,-19.0,251,5.0" /></mjloggm>