<mjloggm ver="2.3"><GO type="225" lobby="0"/><UN n0="%E6%AF%9B%E8%8D%92%E3%82%8C%E3%83%BB%E3%82%B9%E3%83%9F%E3%82%B9" n1="%E3%81%95%E3%82%93%E3%81%AE%E3%81%BF%E3%83%BC%5F%64%73" n2="%E8%A8%88%E7%AE%97%E6%A9%9F%E8%87%AA%E7%84%B6" n3="%E3%82%BC%E3%83%AB%E3%83%80%E3%81%AE%E4%BC%9D%E8%AA%AC" dan="16,16,17,17" rate="2181.29,2125.51,2226.65,2205.14" sx="F,M,M,M"/><TAIKYOKU oya="0"/><INIT seed="0,0,0,4,0,84" ten="250,250,250,250" oya="0" hai0="62,9,12,45,135,112,73,57,93,90,64,29,76" hai1="6,1,14,99,114,60,97,23,51,8,113,119,92" hai2="132,48,47,122,70,80,96,116,134,88,102,95,33" hai3="16,36,15,65,77,4,25,78,82,61,37,94,124"/><T69/><D112/><N who="1" m="43115" /><E119/><V13/><F122/><W75/><G124/><T91/><D135/><N who="2" m="51754" /><F70/><W24/><G77/><T133/><D133/><U125/><E125/><V66/><F33/><W128/><G128/><T100/><D29/><U121/><E121/><V117/><F66/><W85/><G4/><T35/><D35/><U106/><E106/><N who="2" m="63815" /><F13/><W3/><G3/><T41/><D69/><U126/><E126/><V59/><F59/><W19/><G25/><T53/><D64/><U89/><E60/><V0/><F80/><W109/><G24/><T10/><D10/><N who="1" m="2383" /><E23/><V50/><F0/><W28/><G15/><T39/><D73/><U103/><E51/><N who="2" m="19499" /><F47/><W118/><G118/><T34/><D34/><U130/><E130/><V18/><F18/><W42/><G19/><T123/><D123/><U22/><E22/><V52/><F52/><W49/><G16/><T54/><D53/><U67/><E67/><V87/><AGARI ba="0,0" hai="87,88,95,116,117" m="19499,63815,51754" machi="87" ten="30,4000,0" yaku="20,1,52,1,54,1" doraHai="84" who="2" fromWho="2" sc="250,-20,250,-10,250,40,250,-10" /><INIT seed="1,0,0,1,3,72" ten="230,240,290,240" oya="1" hai0="10,64,96,6,130,101,66,132,52,45,122,124,120" hai1="111,71,131,57,35,128,3,126,74,27,91,32,49" hai2="82,11,75,46,83,12,110,21,129,1,85,13,50" hai3="116,102,104,114,68,40,134,5,133,121,127,112,22"/><U76/><E71/><V108/><F129/><N who="1" m="49737" /><E126/><V119/><F119/><W41/><G5/><T100/><D132/><N who="3" m="50793" /><G22/><T93/><D124/><U63/><E3/><V0/><F21/><W123/><G127/><T70/><D130/><U61/><E111/><N who="2" m="42539" /><F75/><W20/><G20/><T44/><D101/><U60/><E91/><N who="2" m="51639" /><F83/><W88/><G102/><T47/><D52/><N who="1" m="31887" /><E27/><V29/><F29/><W125/><G125/><T24/><D24/><U95/><E95/><V90/><F90/><W103/><G88/><T118/><D118/><U94/><E94/><V4/><F0/><W67/><G116/><T15/><REACH who="0" step="1"/><D70/><REACH who="0" ten="220,240,290,240" step="2"/><U115/><E115/><N who="3" m="44074" /><G103/><T33/><D33/><U54/><E54/><AGARI ba="0,1" hai="1,4,11,12,13,46,50,54" m="51639,42539" machi="54" ten="30,1000,0" yaku="14,1" doraHai="72" who="2" fromWho="1" sc="220,0,240,-10,290,20,240,0" /><INIT seed="2,0,0,0,0,34" ten="220,230,310,240" oya="2" hai0="7,87,135,133,63,114,92,77,31,46,51,74,80" hai1="88,61,29,86,90,26,119,129,81,107,15,101,5" hai2="65,104,52,94,45,95,42,24,27,25,131,43,117" hai3="93,39,47,21,110,70,97,105,85,79,19,68,115"/><V122/><F117/><W109/><G105/><T3/><D114/><U50/><E119/><V134/><F122/><W59/><G115/><T108/><D108/><N who="3" m="41577" /><G59/><T56/><D31/><U111/><E111/><V102/><F104/><W4/><G4/><T28/><D28/><U98/><E129/><V76/><F134/><N who="0" m="51210" /><D92/><U71/><E50/><N who="2" m="28751" /><F131/><W126/><G126/><T66/><D74/><U72/><E72/><V84/><F65/><W62/><G62/><T78/><D77/><U130/><E130/><V58/><F58/><W127/><G127/><T14/><D14/><U22/><E15/><V2/><F95/><W120/><G120/><T9/><D46/><U1/><E90/><V38/><F94/><W113/><G113/><T73/><D73/><U91/><E91/><V83/><F27/><N who="3" m="14783" /><G79/><T118/><D118/><U99/><E99/><V44/><F76/><W55/><G85/><T23/><D23/><U128/><E128/><V121/><F84/><W69/><G93/><T13/><D13/><U96/><E96/><V60/><F121/><W112/><G97/><T11/><D9/><U35/><E22/><V12/><F12/><W82/><G112/><T8/><D11/><N who="1" m="2479" /><E71/><V103/><F83/><W57/><G82/><T37/><D37/><U10/><E10/><V17/><F38/><W123/><G123/><T54/><D51/><U75/><E75/><V18/><F103/><W20/><G20/><T6/><D7/><U48/><E48/><V40/><F102/><W89/><G89/><T32/><D32/><U53/><E61/><V30/><F60/><N who="3" m="35903" /><G39/><T33/><D33/><RYUUKYOKU ba="0,0" sc="220,10,230,10,310,-30,240,10" hai0="3,6,8,54,56,63,66,78,80,87" hai1="26,29,35,53,81,86,88,98,101,107" hai3="47,68,69,70" /><INIT seed="3,1,0,0,2,6" ten="230,240,280,250" oya="3" hai0="124,29,58,101,69,15,25,61,83,88,72,40,59" hai1="24,55,14,84,38,113,78,62,96,114,112,115,110" hai2="103,1,91,100,26,122,11,76,64,134,4,60,66" hai3="109,89,36,16,17,99,132,135,74,22,106,97,56"/><W126/><G126/><T37/><D124/><U95/><E38/><V57/><F134/><N who="3" m="51243" /><G109/><T47/><D101/><U104/><E110/><V133/><F133/><W86/><G74/><T49/><D37/><U41/><E41/><V92/><F76/><W7/><G36/><T128/><D128/><U31/><E112/><V30/><F64/><W80/><G7/><T94/><D15/><U125/><E125/><V75/><F75/><W93/><G56/><T73/><D69/><U52/><E104/><V9/><F9/><W48/><G48/><T13/><D13/><U51/><E62/><V2/><F122/><W81/><G17/><T68/><D68/><U90/><E51/><V34/><F1/><W63/><G63/><T8/><D8/><U21/><E14/><V119/><F119/><W50/><G50/><T71/><D71/><U117/><REACH who="1" step="1"/><E117/><REACH who="1" ten="230,230,280,250" step="2"/><V35/><F35/><W127/><G127/><T44/><D61/><U77/><E77/><V70/><F70/><W0/><G0/><T120/><D120/><U43/><E43/><V23/><F34/><W10/><G106/><T12/><D12/><U39/><E39/><V20/><F20/><W131/><G131/><T98/><D44/><U27/><E27/><V87/><AGARI ba="1,1" hai="2,4,11,23,26,30,57,60,66,87,91,92,100,103" machi="87" ten="20,2700,0" yaku="0,1,7,1,52,1" doraHai="6" who="2" fromWho="2" sc="230,-8,230,-8,280,40,250,-14" owari="222,-18.0,222,-28.0,320,42.0,236,4.0" /></mjloggm>