<mjloggm ver="2.3"><GO type="169" lobby="0"/><UN n0="%E3%83%AC%E3%82%AA%E3%83%B3%E3%83%8F%E3%83%AB%E3%83%88" n1="%E3%81%8B%E3%82%81%E3%81%98%E3%82%8D%E3%81%86" n2="%E3%81%B2%E3%81%BF%E3%81%A6%E3%82%93" n3="%E3%81%98%E3%82%87%E3%81%AB%E3%81%8A%E3%82%93%EF%BC%81%EF%BC%81" dan="16,16,16,16" rate="2094.30,2157.42,2102.58,2143.21" sx="M,M,M,M"/><TAIKYOKU oya="0"/><INIT seed="0,0,0,0,4,21" ten="250,250,250,250" oya="0" hai0="26,64,95,72,41,70,121,18,46,97,87,123,53" hai1="77,66,112,6,45,125,61,52,36,4,9,93,23" hai2="116,76,89,59,96,106,8,17,78,0,55,51,24" hai3="5,32,105,57,101,3,113,12,65,62,85,107,71"/><T119/><D72/><U54/><E125/><V99/><F106/><W58/><G113/><T82/><D119/><U81/><E112/><V127/><F127/><W31/><G3/><T2/><D2/><U25/><E93/><N who="2" m="56367" /><F0/><W88/><G12/><T135/><D53/><U110/><E110/><V117/><F99/><N who="3" m="61631" /><G5/><T68/><D64/><U103/><E103/><V128/><F128/><W84/><G84/><T124/><D135/><U130/><E130/><V19/><F8/><W1/><G1/><T91/><D124/><U98/><E98/><V40/><F40/><W15/><G15/><T108/><D108/><U120/><E120/><V20/><F17/><W74/><G107/><T56/><D56/><U109/><E109/><V80/><F80/><N who="3" m="49191" /><G74/><T114/><D114/><U7/><E9/><V27/><F117/><W69/><G69/><T11/><D70/><U44/><E81/><V94/><F94/><W92/><G92/><T48/><D68/><U73/><E73/><V102/><F102/><W60/><G60/><T79/><REACH who="0" step="1"/><D11/><REACH who="0" ten="240,250,250,250" step="2"/><U83/><E66/><V37/><F116/><W90/><G58/><T38/><D38/><U33/><E36/><V29/><F37/><W43/><G57/><T10/><D10/><U118/><E118/><V22/><AGARI ba="0,1" hai="19,20,22,24,27,29,51,55,59,76,78" m="56367" machi="22" ten="30,4000,0" yaku="8,1,52,2" doraHai="21" who="2" fromWho="2" sc="240,-20,250,-10,250,50,250,-10" /><INIT seed="1,0,0,5,5,111" ten="220,240,300,240" oya="1" hai0="93,32,103,133,117,56,94,30,13,83,42,95,109" hai1="87,69,27,123,96,52,100,17,4,14,81,20,61" hai2="99,24,113,15,70,47,23,134,125,127,72,2,101" hai3="29,115,65,45,41,128,8,46,110,21,19,98,80"/><U116/><E116/><V12/><F2/><W112/><G110/><T63/><D109/><U6/><E123/><V107/><F134/><W122/><G122/><T49/><D133/><U31/><E69/><V88/><F70/><W58/><G128/><T0/><D0/><U36/><E36/><V44/><F72/><W124/><G124/><N who="2" m="47689" /><F113/><W51/><G29/><T77/><D32/><U33/><E52/><V74/><F74/><W106/><G8/><T34/><D34/><U85/><E61/><V38/><F88/><W76/><G46/><N who="2" m="17449" /><F38/><W43/><G43/><T7/><D30/><AGARI ba="0,0" hai="12,15,23,24,30,99,101,107" m="17449,47689" machi="30" ten="30,1000,0" yaku="18,1" doraHai="111" who="2" fromWho="0" sc="220,-10,240,0,300,10,240,0" /><INIT seed="2,0,0,2,1,24" ten="210,240,310,240" oya="2" hai0="10,25,48,68,30,99,109,74,51,32,21,78,6" hai1="0,131,94,124,58,117,19,12,134,35,50,119,132" hai2="112,73,45,4,64,55,70,39,15,57,47,20,88" hai3="91,27,13,80,33,16,8,62,65,17,23,52,60"/><V36/><F73/><W18/><G33/><T9/><D68/><U104/><E104/><V75/><F75/><W130/><G130/><T61/><D109/><U71/><E71/><V11/><F112/><W135/><G135/><T116/><D116/><U84/><E0/><V43/><F70/><W1/><G1/><T26/><D61/><U105/><E105/><V113/><F113/><W29/><G65/><T102/><D78/><U123/><E35/><V114/><F114/><W92/><G80/><T54/><D74/><U14/><E94/><V121/><F121/><W76/><G76/><T40/><D40/><U66/><E84/><V72/><F72/><W111/><G111/><T106/><D6/><U97/><E97/><V56/><F20/><W28/><G18/><T5/><D5/><U95/><E95/><V53/><F88/><W31/><G52/><T110/><D110/><U127/><E66/><V98/><F98/><AGARI ba="0,0" hai="8,13,16,17,23,27,28,29,31,60,62,91,92,98" machi="98" ten="40,8000,1" yaku="8,1,52,3,54,1" doraHai="24" who="3" fromWho="2" sc="210,0,240,0,310,-80,240,80" /><INIT seed="3,0,0,2,1,38" ten="210,240,230,320" oya="3" hai0="64,4,13,69,39,22,67,27,25,73,66,94,74" hai1="48,117,8,88,109,10,115,26,2,17,83,23,12" hai2="62,70,129,45,11,33,68,63,126,47,106,58,113" hai3="51,77,56,15,21,133,112,110,59,119,89,37,75"/><W41/><G112/><T32/><D69/><U95/><E109/><V114/><F106/><W97/><G119/><T5/><D39/><U96/><E117/><V86/><F33/><W19/><G110/><T124/><D32/><U30/><E115/><N who="2" m="44043" /><F86/><W57/><G133/><T125/><D94/><U118/><E118/><V85/><F85/><W128/><G128/><T36/><D36/><U29/><E83/><V40/><F11/><W34/><G34/><T98/><D98/><U0/><E30/><V24/><F24/><N who="0" m="9290" /><D13/><U72/><E72/><N who="0" m="27753" /><D22/><U44/><REACH who="1" step="1"/><E8/><REACH who="1" ten="210,230,230,320" step="2"/><V14/><F129/><W49/><G75/><T35/><D35/><U20/><E20/><V130/><F130/><W91/><G21/><T121/><D121/><U55/><AGARI ba="0,1" hai="0,2,10,12,17,23,26,29,44,48,55,88,95,96" machi="55" ten="20,5200,0" yaku="1,1,0,1,7,1,54,1,53,0" doraHai="38" doraHaiUra="127" who="1" fromWho="1" sc="210,-13,230,62,230,-13,320,-26" /><INIT seed="4,0,0,4,1,128" ten="197,292,217,294" oya="0" hai0="62,52,100,74,106,4,13,37,91,115,69,15,63" hai1="3,89,11,54,135,29,122,58,41,22,16,39,66" hai2="14,43,95,124,131,113,0,5,108,51,20,121,87" hai3="96,32,34,81,45,57,73,30,90,59,48,76,104"/><T36/><D115/><U84/><E122/><V38/><F38/><W26/><G34/><T127/><D127/><U9/><E66/><V55/><F124/><W56/><G90/><T60/><D74/><U105/><E105/><V107/><F107/><W65/><G65/><T68/><D91/><U64/><E64/><V77/><F108/><W24/><G24/><T28/><D28/><U53/><E29/><V19/><F121/><W103/><REACH who="3" step="1"/><G57/><REACH who="3" ten="197,292,217,284" step="2"/><T88/><D88/><U47/><E58/><N who="2" m="33151" /><F131/><W1/><G1/><T46/><D69/><U118/><E3/><V35/><F0/><W40/><AGARI ba="0,1" hai="26,30,32,40,45,48,56,59,73,76,81,96,103,104" machi="40" ten="20,2700,0" yaku="1,1,0,1,7,1,53,0" doraHai="128" doraHaiUra="67" who="3" fromWho="3" sc="197,-13,292,-7,217,-7,284,37" /><INIT seed="5,0,0,2,4,122" ten="184,285,210,321" oya="1" hai0="60,38,21,118,105,55,101,89,75,4,126,41,16" hai1="37,25,36,76,66,13,132,48,97,120,54,90,96" hai2="17,31,47,52,72,100,22,57,53,1,79,128,3" hai3="134,99,35,28,131,103,93,65,11,94,83,85,15"/><U129/><E120/><V135/><F135/><W111/><G111/><T45/><D118/><U69/><E132/><V39/><F128/><W33/><G134/><T20/><D126/><U106/><E129/><V113/><F113/><W88/><G131/><T121/><D121/><U27/><E76/><V68/><F68/><W34/><G65/><T56/><D75/><U119/><E119/><V8/><F100/><W5/><REACH who="3" step="1"/><G28/><REACH who="3" ten="184,285,210,311" step="2"/><T43/><D43/><U64/><E64/><V112/><F112/><W44/><G44/><T42/><D42/><U61/><E37/><V30/><F39/><W58/><G58/><T125/><D56/><U59/><E36/><V82/><F47/><W91/><G91/><T78/><D89/><U116/><E116/><V40/><F40/><W10/><G10/><T71/><D45/><U73/><E90/><V92/><F53/><W18/><G18/><T109/><D55/><U19/><E73/><V127/><F127/><W124/><G124/><T2/><D41/><U26/><REACH who="1" step="1"/><E106/><AGARI ba="0,1" hai="5,11,15,33,34,35,83,85,88,93,94,99,103,106" machi="106" ten="40,2600,0" yaku="1,1,54,1,53,0" doraHai="122" doraHaiUra="67" who="3" fromWho="1" sc="184,0,285,-26,210,0,311,36" /><INIT seed="6,0,0,5,1,23" ten="184,259,210,347" oya="2" hai0="54,25,79,91,66,95,105,107,2,29,43,80,127" hai1="84,70,46,50,85,120,17,41,72,133,108,98,122" hai2="126,45,65,119,90,58,125,55,22,83,106,47,132" hai3="81,78,40,74,14,36,28,111,3,89,100,4,77"/><V96/><F119/><W115/><G111/><T18/><D2/><U63/><E108/><V7/><F65/><W13/><G78/><T34/><D127/><N who="2" m="48650" /><F7/><W60/><G100/><T59/><D18/><U57/><E72/><V39/><F39/><W8/><G28/><T82/><D43/><U0/><E0/><V104/><F132/><W51/><G51/><T69/><D66/><U6/><E6/><V62/><F22/><W61/><G89/><T97/><D69/><U5/><E5/><V49/><F83/><W116/><G116/><T21/><D34/><U33/><E70/><V20/><F20/><W123/><G123/><N who="1" m="47146" /><E33/><V53/><F45/><N who="3" m="23687" /><G115/><T26/><D26/><U9/><E98/><V44/><F44/><W42/><G42/><T16/><D29/><U121/><E133/><V32/><F32/><W101/><G101/><T87/><REACH who="0" step="1"/><D82/><REACH who="0" ten="174,259,210,347" step="2"/><U93/><E121/><V56/><F47/><W117/><G117/><T109/><D109/><U35/><E35/><V94/><AGARI ba="0,1" hai="49,53,55,56,58,62,90,94,96,104,106" m="48650" machi="94" ten="30,1500,0" yaku="18,1" doraHai="23" who="2" fromWho="2" sc="174,-5,259,-5,210,25,347,-5" /><INIT seed="6,1,0,2,5,8" ten="169,254,235,342" oya="2" hai0="101,22,82,114,92,11,134,60,27,128,66,70,116" hai1="36,97,49,37,96,133,18,19,65,117,4,103,13" hai2="46,67,64,16,14,135,51,6,81,98,113,71,34" hai3="10,93,104,77,75,38,94,125,95,23,58,53,42"/><V30/><F113/><W89/><G104/><T44/><D114/><U48/><E117/><V108/><F135/><W72/><G125/><T62/><D134/><U84/><E133/><V3/><F108/><W41/><G38/><T21/><D116/><U55/><E65/><V127/><F127/><W130/><G130/><T17/><D128/><U123/><E123/><V24/><F71/><W85/><G23/><T35/><D60/><U32/><E32/><V111/><F111/><W20/><G20/><T7/><D82/><U131/><E4/><V26/><F26/><W29/><G29/><T126/><D126/><U28/><E28/><V45/><F45/><W87/><G10/><T68/><D44/><U25/><E84/><V1/><F81/><N who="3" m="47279" /><G75/><T52/><D22/><U124/><E124/><V79/><F79/><W73/><G73/><T121/><D35/><U33/><E33/><V54/><F98/><W39/><G39/><T61/><D121/><U122/><E122/><V76/><F76/><W59/><G72/><T50/><D66/><U102/><E131/><V91/><F91/><W119/><G58/><N who="0" m="33047" /><D68/><U5/><E25/><V106/><F106/><W115/><G115/><T2/><D70/><U100/><E36/><V120/><F120/><W0/><G0/><N who="2" m="73" /><F6/><W110/><G110/><T9/><D9/><N who="1" m="4271" /><E37/><V112/><F112/><W78/><G119/><T107/><D107/><U63/><E63/><V43/><F43/><N who="3" m="16395" /><G78/><T57/><D2/><U56/><E48/><AGARI ba="1,0" hai="48,53,59,87,89,93,94,95" m="16395,47279" machi="48" ten="30,1000,0" yaku="8,1" doraHai="8" who="3" fromWho="1" sc="169,0,254,-13,235,0,342,13" /><INIT seed="7,0,0,2,0,103" ten="169,241,235,355" oya="3" hai0="96,115,30,21,119,69,39,93,57,114,8,122,9" hai1="117,60,67,113,104,98,81,83,17,42,110,97,35" hai2="128,105,48,76,91,27,33,135,123,127,41,12,31" hai3="88,59,73,2,40,18,53,20,63,80,126,78,82"/><W79/><G126/><T116/><D69/><U11/><E110/><V26/><F127/><W95/><G2/><T86/><D39/><U92/><E113/><N who="0" m="43017" /><D57/><U99/><E117/><N who="0" m="45129" /><D86/><U62/><E35/><V89/><F128/><W121/><G121/><T72/><D72/><U25/><E42/><V24/><F135/><W54/><G40/><T14/><D93/><U37/><E37/><V51/><F105/><W49/><G79/><T107/><D122/><U102/><E62/><V118/><F118/><W10/><G78/><T130/><D96/><U56/><E98/><V1/><F76/><W65/><G65/><T71/><D71/><U74/><E74/><V108/><F108/><W84/><G59/><T101/><D101/><U134/><E134/><V129/><F129/><W45/><G63/><T6/><D130/><U44/><E44/><N who="2" m="25615" /><F1/><W75/><G45/><T90/><D90/><N who="2" m="34314" /><F33/><W111/><G75/><T32/><D107/><U58/><E58/><V106/><F106/><W125/><G49/><T43/><D43/><U7/><E104/><V22/><F123/><W131/><G73/><T132/><D132/><U4/><E99/><V0/><F0/><W15/><G131/><T85/><D85/><U64/><E64/><V70/><F70/><W68/><G68/><T52/><D32/><U55/><E67/><V29/><F51/><W133/><G84/><T124/><D124/><U94/><E94/><V3/><F3/><W16/><G95/><T47/><D6/><U36/><E36/><V19/><AGARI ba="0,0" hai="12,19,22,24,26,27,29,31" m="34314,25615" machi="19" ten="30,1100,0" yaku="8,1" doraHai="103" who="2" fromWho="2" sc="169,-3,241,-3,235,11,355,-5" owari="166,-33.0,238,-16.0,246,5.0,350,44.0" /></mjloggm>