<mjloggm ver="2.3"><GO type="185" lobby="0"/><UN n0="%E5%A4%A9%E3%83%B6%E7%80%AC%E5%A5%88%E6%9C%88" n1="%E5%A4%A7%E5%9B%9B%E5%96%9C%E6%B8%85%E8%80%81%E9%A0%AD" n2="%E3%82%8C%E3%81%99%E3%81%93" n3="" dan="16,16,16,0" rate="2206.28,2145.25,2224.45,1500.00" sx="F,M,F,C"/><TAIKYOKU oya="0"/><INIT seed="0,0,0,1,5,54" ten="350,350,350,0" oya="0" hai0="43,73,132,77,2,32,46,48,88,114,65,76,90" hai1="92,97,51,42,3,125,61,81,105,79,56,124,120" hai2="60,83,49,50,68,128,106,36,59,62,103,116,64" hai3=""/><T70/><D2/><U66/><N who="1" m="30752" /><U58/><E3/><V33/><F33/><T113/><D32/><U95/><E105/><V78/><F128/><T55/><D132/><U127/><E97/><V69/><F36/><T47/><D70/><U89/><E89/><V75/><F116/><T109/><D65/><U86/><E42/><V38/><F38/><T87/><D109/><U131/><E131/><V107/><F69/><T118/><D118/><U1/><E1/><V104/><REACH who="2" step="1"/><F103/><REACH who="2" ten="350,350,340,0" step="2"/><T80/><D114/><U52/><AGARI ba="0,1" hai="51,52,56,58,61,66,79,81,86,92,95,124,125,127" m="30752" machi="52" ten="40,9000,2" yaku="0,1,18,1,52,3,54,1" doraHai="54" who="1" fromWho="1" sc="350,-60,350,100,340,-30,0,0" /><INIT seed="1,0,0,2,2,71" ten="290,450,310,0" oya="1" hai0="102,100,123,52,44,125,94,92,58,62,80,70,120" hai1="41,40,63,60,85,132,111,88,76,87,127,33,74" hai2="1,133,3,66,118,116,57,79,135,106,89,129,47" hai3=""/><U124/><E33/><V73/><F106/><T82/><N who="0" m="30752" /><T84/><N who="0" m="31520" /><T105/><D125/><N who="1" m="48203" /><E132/><N who="2" m="50763" /><F129/><T109/><D109/><U86/><E111/><V32/><F32/><T99/><D70/><U64/><E88/><V103/><F103/><T42/><D102/><U121/><N who="1" m="31008" /><U95/><E95/><V53/><F66/><T130/><D130/><U91/><E91/><V81/><F47/><T90/><REACH who="0" step="1"/><D105/><REACH who="0" ten="280,450,310,0" step="2"/><U117/><E117/><N who="2" m="45163" /><F89/><T110/><D110/><U69/><E69/><V97/><F1/><T83/><D83/><U77/><E76/><V101/><F3/><T61/><D61/><U38/><E63/><V68/><F68/><T112/><D112/><U131/><E131/><V122/><N who="2" m="31264" /><V0/><F0/><T98/><D98/><U48/><E60/><V113/><F113/><T54/><D54/><U59/><E77/><V114/><F114/><T50/><AGARI ba="0,1" hai="42,44,50,52,58,62,80,82,84,90,92,94,99,100" m="31520,30752" machi="50" ten="20,12000,3" yaku="1,1,0,1,7,1,8,1,52,2,54,1,53,1" doraHai="71" doraHaiUra="51" who="0" fromWho="0" sc="280,130,450,-80,310,-40,0,0" /><INIT seed="2,0,0,5,0,69" ten="410,370,270,0" oya="2" hai0="37,76,107,82,127,58,124,130,52,126,132,47,92" hai1="38,117,119,112,53,2,74,109,86,120,122,98,106" hai2="100,96,61,43,55,90,3,114,35,75,84,133,115" hai3=""/><V91/><F3/><T116/><D116/><N who="1" m="44619" /><E2/><V105/><F35/><T63/><D107/><U81/><N who="1" m="30752" /><U32/><N who="1" m="31264" /><U70/><E32/><V79/><F43/><T121/><N who="0" m="31008" /><T64/><D132/><U102/><E112/><V83/><F133/><T72/><D130/><U71/><E109/><V62/><F91/><T49/><D92/><U104/><E104/><V54/><F62/><T46/><REACH who="0" step="1"/><D37/><REACH who="0" ten="400,370,270,0" step="2"/><U48/><E38/><V67/><F115/><T77/><D77/><U97/><E97/><V101/><F114/><T0/><D0/><U60/><E60/><V40/><F101/><T56/><AGARI ba="0,1" hai="46,47,49,52,56,58,63,64,72,76,82,124,126,127" m="31008" machi="56" ten="30,12000,3" yaku="1,1,0,1,18,1,52,1,54,1,53,3" doraHai="69" doraHaiUra="134" who="0" fromWho="0" sc="400,130,370,-40,270,-80,0,0" /><INIT seed="4,0,0,1,0,33" ten="530,330,190,0" oya="0" hai0="65,133,2,0,115,135,53,105,104,89,134,124,52" hai1="84,48,116,102,122,46,112,123,107,51,125,76,88" hai2="43,83,37,99,96,36,32,118,64,80,54,77,117" hai3=""/><T70/><D115/><U45/><N who="1" m="31264" /><U34/><N who="1" m="31520" /><U68/><E34/><V57/><F32/><T98/><D124/><U71/><E125/><V1/><F64/><T81/><D70/><U41/><E116/><N who="2" m="44651" /><F1/><N who="0" m="618" /><D65/><U42/><E112/><V120/><N who="2" m="30752" /><V35/><F35/><T128/><D128/><U58/><E58/><V94/><F43/><T92/><D81/><N who="2" m="31306" /><F77/><T127/><D127/><U93/><E76/><V60/><F99/><AGARI ba="0,0" hai="41,42,45,46,48,51,68,71,84,88,93,99,102,107" m="31520,31264" machi="99" ten="40,8000,1" yaku="9,1,52,2,54,1" doraHai="33" who="1" fromWho="2" sc="530,0,330,80,190,-80,0,0" /><INIT seed="5,0,0,2,5,1" ten="530,410,110,0" oya="1" hai0="42,128,71,100,94,99,64,89,67,39,3,113,61" hai1="48,54,110,46,60,44,101,35,105,120,108,82,56" hai2="66,69,91,90,119,80,32,122,36,33,45,0,77" hai3=""/><U85/><N who="1" m="30752" /><U131/><E35/><V59/><N who="2" m="31264" /><V93/><F119/><T96/><D3/><U111/><E131/><V63/><F0/><T124/><D128/><U109/><N who="1" m="27648" /><DORA hai="123" /><U65/><E105/><V75/><F69/><T125/><D113/><U40/><E101/><V50/><F36/><T53/><D67/><U57/><E40/><V55/><REACH who="2" step="1"/><F91/><AGARI ba="0,0" hai="44,46,48,54,56,57,60,65,82,85,91" m="27648,30752" machi="91" ten="70,18000,2" yaku="10,1,52,5" doraHai="1,123" who="1" fromWho="2" sc="530,0,410,180,110,-180,0,0" owari="530,13.0,590,54.0,-70,-67.0,0,0.0" /></mjloggm>