<mjloggm ver="2.3"><GO type="169" lobby="0"/><UN n0="%70%6F%6E%5F%6B%61%73%75" n1="%E3%81%AF%E3%81%92%E3%81%97%E3%81%8F%E3%82%A6%E3%83%84" n2="%E3%81%8B%E3%81%91%E3%81%84%E3%81%8D" n3="%E3%81%B5%E3%82%82%E3%81%82" dan="17,16,16,17" rate="2142.77,2110.27,2059.91,2153.68" sx="M,M,M,M"/><TAIKYOKU oya="0"/><INIT seed="0,0,0,3,4,108" ten="250,250,250,250" oya="0" hai0="76,22,54,8,92,16,64,130,62,19,113,63,58" hai1="31,24,79,7,51,114,28,3,34,12,20,93,48" hai2="10,2,90,47,94,32,36,120,13,115,33,123,117" hai3="119,0,6,4,86,56,122,52,131,89,74,83,106"/><T49/><D130/><U39/><E39/><V23/><F117/><W60/><G119/><T42/><D113/><U72/><E93/><V25/><F2/><W100/><G131/><T1/><D1/><U18/><E28/><V112/><F36/><W68/><G122/><N who="2" m="46633" /><F47/><W73/><G73/><T53/><D76/><U57/><E57/><V110/><F90/><W69/><G69/><T35/><D35/><N who="2" m="13386" /><F94/><W26/><G74/><T81/><D81/><N who="1" m="45287" /><E114/><N who="2" m="43563" /><F110/><W125/><G89/><T46/><D63/><U75/><E75/><V91/><F91/><W40/><G60/><T124/><D92/><U80/><E80/><V133/><F133/><W135/><G83/><T104/><D62/><U41/><E41/><V127/><F127/><W101/><G40/><T111/><D46/><U121/><E121/><V116/><F116/><W107/><G125/><T87/><D42/><U128/><E128/><V70/><F70/><W11/><G135/><T67/><D111/><U126/><E126/><V98/><F98/><W95/><G95/><T17/><D124/><U105/><E105/><V14/><F10/><AGARI ba="0,0" hai="3,7,10,12,18,20,24,31,34,48,51" m="45287" machi="10" ten="30,1000,0" yaku="24,1" doraHai="108" who="1" fromWho="2" sc="250,0,250,10,250,-10,250,0" /><INIT seed="1,0,0,3,1,87" ten="250,260,240,250" oya="1" hai0="31,72,62,23,24,38,54,128,82,5,36,66,0" hai1="11,95,6,88,113,121,103,109,43,81,133,17,48" hai2="69,102,122,71,45,76,93,73,86,59,7,90,97" hai3="108,135,107,63,30,50,64,101,96,132,65,89,83"/><U117/><E113/><V78/><F122/><W55/><G108/><T44/><D128/><U67/><E121/><V98/><F98/><W25/><G64/><T74/><D0/><U100/><E117/><V77/><F7/><W22/><G83/><T104/><D104/><U70/><E109/><V18/><F73/><W126/><G126/><T37/><D5/><U118/><E118/><V34/><F34/><W130/><G130/><T112/><D112/><U99/><E133/><V68/><F45/><W3/><G3/><T52/><D82/><U85/><E70/><V123/><F123/><W39/><G39/><T12/><D12/><N who="1" m="5239" /><E67/><V115/><F115/><W40/><G40/><T15/><D15/><U8/><E8/><V116/><F116/><W94/><G107/><T91/><D44/><N who="1" m="25631" /><E17/><V119/><F18/><W105/><G105/><T127/><D127/><U125/><E125/><V49/><F119/><W32/><G32/><T56/><D72/><U21/><E21/><V29/><F29/><W27/><G27/><T26/><D74/><U75/><E75/><V9/><F9/><W60/><G132/><T46/><D26/><U47/><E47/><V1/><F1/><W61/><G135/><T51/><D66/><U14/><E14/><V131/><F71/><W57/><G65/><T28/><D28/><U41/><E41/><V58/><F69/><W10/><G10/><T2/><D2/><U129/><E129/><V20/><F131/><W120/><G120/><T84/><D38/><U80/><E80/><V53/><F68/><W35/><G35/><T92/><AGARI ba="0,0" hai="23,24,31,36,37,46,51,52,54,56,62,84,91,92" machi="92" ten="20,8000,1" yaku="5,1,0,1,7,1,52,1,54,1" doraHai="87" who="0" fromWho="0" sc="250,80,260,-40,240,-20,250,-20" /><INIT seed="2,0,0,1,4,115" ten="330,220,220,230" oya="2" hai0="82,37,67,39,114,18,38,62,16,48,84,68,51" hai1="126,81,63,33,102,56,57,29,119,128,79,60,129" hai2="122,55,99,109,19,26,77,35,34,13,1,116,94" hai3="105,113,78,47,124,30,89,17,96,22,0,127,49"/><V46/><F122/><W95/><G0/><T103/><D114/><U27/><E126/><N who="3" m="48170" /><G113/><T53/><D51/><U24/><E102/><V40/><F1/><W70/><G70/><T76/><REACH who="0" step="1"/><D103/><REACH who="0" ten="320,220,220,230" step="2"/><U61/><E119/><V93/><F116/><W64/><G49/><T121/><D121/><U98/><E128/><V125/><F125/><W135/><G135/><T44/><AGARI ba="0,1" hai="16,18,37,38,39,44,48,53,62,67,68,76,82,84" machi="44" ten="30,4000,0" yaku="1,1,0,1,54,1,53,0" doraHai="115" doraHaiUra="90" who="0" fromWho="0" sc="320,50,220,-10,220,-20,230,-10" /><INIT seed="3,0,0,1,1,21" ten="370,210,200,220" oya="3" hai0="15,46,5,44,18,4,49,127,101,39,59,88,78" hai1="66,53,107,56,1,6,112,129,3,64,22,7,65" hai2="100,121,131,13,79,67,97,29,27,114,71,124,99" hai3="19,76,60,82,135,17,130,106,34,32,83,23,86"/><W94/><G106/><T0/><D127/><U37/><E112/><V80/><F124/><W54/><G130/><T90/><D0/><U11/><E107/><V116/><F114/><W105/><G105/><T120/><D120/><U10/><E37/><V38/><F38/><W110/><G135/><T16/><D101/><U108/><E129/><V50/><F131/><W109/><G94/><T123/><D123/><U61/><E108/><N who="3" m="41578" /><G83/><T41/><D78/><U31/><REACH who="1" step="1"/><E66/><REACH who="1" ten="370,200,200,220" step="2"/><V45/><F67/><W57/><G19/><T47/><D18/><U103/><E103/><V30/><F100/><W42/><G42/><T20/><D41/><U118/><E118/><V25/><F116/><W75/><G75/><T81/><D39/><U2/><E2/><V122/><F121/><W24/><AGARI ba="0,1" hai="17,23,24,32,34,54,57,60,76,82,86" m="41578" machi="24" ten="30,6000,0" yaku="14,1,10,1,52,1" doraHai="21" who="3" fromWho="3" sc="370,-20,200,-20,200,-20,220,70" /><INIT seed="3,1,0,5,1,97" ten="350,180,180,290" oya="3" hai0="106,71,119,33,17,59,76,86,27,53,54,81,120" hai1="68,122,74,2,125,130,63,43,113,80,22,72,117" hai2="12,102,55,116,29,9,23,96,0,58,115,31,70" hai3="49,26,44,111,75,34,20,110,47,41,52,69,40"/><W46/><G75/><T124/><D120/><U15/><E2/><V60/><F115/><W91/><G34/><T13/><D119/><U123/><E113/><V25/><F116/><W79/><G79/><T105/><D71/><U56/><E68/><V45/><F0/><W38/><G69/><T50/><D124/><U127/><E117/><V132/><F132/><W100/><G91/><T101/><D101/><U57/><E130/><V1/><F1/><W134/><G134/><T84/><D86/><U128/><E128/><V14/><F70/><W93/><G93/><T103/><D103/><U16/><E43/><V3/><F3/><W109/><G100/><T112/><D112/><U77/><E74/><V65/><F31/><W95/><G95/><T62/><D27/><U4/><E4/><V129/><F9/><W133/><G133/><T32/><D106/><U30/><E30/><V104/><REACH who="2" step="1"/><F129/><REACH who="2" ten="350,180,170,290" step="2"/><W5/><G5/><T107/><D33/><U92/><E122/><V121/><F121/><W39/><G20/><T99/><D32/><U131/><E123/><V36/><F36/><N who="3" m="13867" /><G26/><T82/><D13/><U19/><E131/><V24/><F24/><W48/><G48/><AGARI ba="1,1" hai="12,14,23,25,29,45,48,55,58,60,65,96,102,104" machi="48" ten="40,2600,0" yaku="1,1,52,1,53,0" doraHai="97" doraHaiUra="67" who="2" fromWho="3" sc="350,0,180,0,170,39,290,-29" /><INIT seed="4,0,0,5,3,6" ten="350,180,209,261" oya="0" hai0="56,92,18,125,63,33,89,58,28,94,132,27,64" hai1="83,75,131,13,39,130,14,122,57,21,121,95,2" hai2="128,32,24,112,36,9,31,67,0,15,103,47,3" hai3="40,19,41,86,101,53,62,133,35,74,126,25,61"/><T73/><D125/><U34/><E39/><V68/><F112/><W100/><G74/><T90/><D132/><U71/><E71/><V26/><F128/><N who="1" m="49193" /><E34/><V85/><F103/><W88/><G133/><T102/><D73/><U91/><E2/><V46/><F24/><W93/><G126/><T111/><D111/><U45/><E45/><V79/><F67/><W78/><G78/><T37/><D37/><U10/><E21/><V38/><F68/><W1/><G1/><T76/><D76/><N who="1" m="44447" /><E14/><V23/><F32/><W17/><G35/><T22/><D58/><U117/><E57/><V116/><F38/><W7/><G7/><T99/><D94/><U8/><E117/><V108/><F116/><W115/><G115/><T120/><D120/><N who="1" m="46187" /><E13/><AGARI ba="0,0" hai="13,18,22,27,28,33,56,63,64,89,90,92,99,102" machi="13" ten="30,1500,0" yaku="7,1" doraHai="6" who="0" fromWho="1" sc="350,15,180,-15,209,0,261,0" /><INIT seed="4,1,0,5,0,77" ten="365,165,209,261" oya="0" hai0="92,20,132,66,53,47,27,118,48,6,18,126,10" hai1="112,32,42,5,26,68,46,54,44,15,122,67,133" hai2="103,131,78,19,9,117,76,51,83,64,4,74,45" hai3="127,39,12,119,43,130,123,41,17,115,135,105,14"/><T52/><D126/><U8/><E122/><V35/><F131/><W75/><RYUUKYOKU type="yao9" ba="1,0" sc="365,0,165,0,209,0,261,0" hai3="12,14,17,39,41,43,75,105,115,119,123,127,130,135" /><INIT seed="4,2,0,2,3,117" ten="365,165,209,261" oya="0" hai0="3,90,127,61,53,92,52,6,110,44,47,45,96" hai1="81,42,77,129,31,68,56,25,115,62,38,34,21" hai2="13,103,55,73,135,87,43,79,116,1,23,4,7" hai3="130,41,15,39,126,111,85,118,121,75,30,108,58"/><T20/><D127/><U102/><E129/><V60/><F73/><W100/><G15/><T24/><D110/><U16/><E115/><V82/><F135/><W134/><G58/><N who="0" m="35015" /><D3/><U48/><E68/><V59/><F116/><W22/><G75/><T40/><D40/><U132/><E132/><V19/><F1/><W9/><G41/><T32/><D32/><U27/><E38/><V83/><F103/><W109/><G39/><T78/><D78/><U94/><E42/><V54/><F82/><W86/><G134/><T10/><D10/><U65/><E48/><V80/><F80/><W72/><G9/><T105/><D105/><U107/><E107/><V106/><F106/><W0/><G72/><T99/><D6/><U97/><E81/><V95/><F95/><W113/><G0/><T88/><D53/><U91/><REACH who="1" step="1"/><E77/><REACH who="1" ten="365,155,209,261" step="2"/><V66/><F43/><W29/><G118/><T36/><D36/><U28/><E28/><V50/><REACH who="2" step="1"/><F55/><REACH who="2" ten="365,155,199,261" step="2"/><W112/><G112/><T57/><D92/><U98/><E98/><V64/><F64/><W104/><G113/><T14/><D99/><U114/><E114/><V123/><F123/><W76/><G121/><T124/><D96/><U69/><E69/><AGARI ba="2,2" hai="4,7,13,19,23,50,54,59,60,66,69,79,83,87" machi="69" ten="30,3900,0" yaku="1,1,7,1,53,1" doraHai="117" doraHaiUra="51" who="2" fromWho="1" sc="365,0,155,-45,199,65,261,0" /><INIT seed="5,0,0,1,1,95" ten="365,110,264,261" oya="1" hai0="63,91,105,47,96,7,48,3,134,127,17,107,101" hai1="102,54,12,57,99,109,5,20,72,84,29,61,79" hai2="128,43,74,76,41,93,98,27,118,31,23,11,123" hai3="119,68,46,130,55,62,133,4,58,85,39,129,10"/><U124/><E124/><V80/><F128/><N who="3" m="49259" /><G133/><T50/><D134/><U24/><E109/><V36/><F118/><W38/><G119/><T52/><D127/><U32/><E72/><V51/><F123/><W121/><G121/><T6/><D3/><U28/><E32/><V78/><F78/><W116/><G116/><T15/><D107/><U88/><E79/><V131/><F36/><W111/><G111/><T65/><D50/><U8/><E29/><V86/><F74/><W94/><G68/><T112/><D91/><U13/><E13/><V26/><F11/><W21/><G21/><T45/><D45/><U44/><E44/><V113/><F113/><W67/><G94/><T126/><D112/><U64/><E54/><V77/><F77/><W30/><G85/><T75/><D75/><U34/><E34/><V35/><F51/><N who="3" m="29175" /><G30/><T114/><D114/><U71/><E71/><V97/><F131/><W108/><G108/><T115/><D126/><U73/><E73/><V9/><F9/><W53/><G53/><T100/><D115/><U103/><REACH who="1" step="1"/><E99/><REACH who="1" ten="365,100,264,261" step="2"/><V33/><F98/><W69/><G69/><T90/><D96/><U89/><E89/><V25/><F35/><W1/><AGARI ba="0,1" hai="1,4,10,38,39,58,62,67" m="29175,49259" machi="1" ten="30,1100,0" yaku="19,1" doraHai="95" who="3" fromWho="3" sc="365,-3,100,-5,264,-3,261,21" /><INIT seed="6,0,0,1,0,115" ten="362,95,261,282" oya="2" hai0="41,102,88,109,81,13,128,37,87,17,2,24,57" hai1="105,45,92,9,39,107,14,35,116,103,75,98,1" hai2="77,55,10,74,123,6,91,23,113,50,65,60,52" hai3="59,64,4,19,49,12,100,3,134,117,66,20,80"/><V90/><F113/><W29/><G134/><T125/><D109/><U21/><E75/><V118/><F123/><W53/><G100/><T71/><D71/><U93/><E35/><V32/><F32/><W120/><G120/><T18/><D2/><U89/><E1/><V0/><F118/><W51/><G117/><T48/><D128/><U97/><E116/><V46/><F55/><W122/><G122/><T27/><D125/><U79/><E79/><V95/><F95/><W82/><G49/><T30/><D37/><U28/><E39/><V11/><F11/><W56/><G56/><T68/><D68/><U76/><E76/><V119/><F119/><W131/><G131/><T42/><D30/><U33/><E33/><V124/><F23/><W129/><G129/><T61/><D102/><U54/><E45/><V67/><F124/><W47/><G29/><T69/><D69/><U121/><E121/><V112/><F112/><W106/><G106/><T62/><D18/><U133/><E133/><V44/><F44/><W40/><G4/><T84/><D48/><U99/><E54/><V83/><REACH who="2" step="1"/><F67/><REACH who="2" ten="362,95,251,282" step="2"/><W86/><G64/><N who="0" m="38959" /><D42/><U63/><E63/><V7/><F7/><W58/><G66/><T127/><D41/><U132/><E132/><V130/><F130/><W31/><G40/><T73/><D62/><U94/><E21/><V34/><F34/><W43/><G43/><T72/><D127/><U85/><E28/><V16/><F16/><W111/><G31/><T26/><D17/><N who="1" m="8399" /><E107/><V126/><F126/><W22/><G22/><T36/><D36/><U114/><E114/><RYUUKYOKU ba="0,1" sc="362,-15,95,15,251,15,282,-15" hai1="85,89,92,93,94,97,98,99,103,105" hai2="0,6,10,46,50,52,60,65,74,77,83,90,91" /><INIT seed="6,1,1,3,5,101" ten="347,110,266,267" oya="2" hai0="92,100,8,79,118,95,99,54,2,90,37,96,46" hai1="68,77,41,5,35,3,135,102,59,65,25,45,103" hai2="15,73,60,62,126,21,12,105,34,36,32,127,29" hai3="30,129,86,121,70,89,9,66,107,13,67,78,74"/><V19/><F73/><W115/><G121/><T23/><D118/><U72/><E135/><V93/><F93/><W38/><G38/><T64/><D79/><U1/><E1/><V39/><F29/><W42/><G42/><T94/><D94/><U75/><E75/><V63/><F105/><W128/><G74/><T97/><D97/><U43/><E43/><V49/><F49/><W109/><G78/><T111/><D111/><U116/><E116/><V58/><F58/><W69/><G109/><T84/><D64/><N who="3" m="24617" /><G30/><T57/><D84/><U130/><E130/><N who="3" m="50282" /><G115/><T82/><D37/><N who="2" m="14410" /><F21/><W134/><G134/><T31/><D23/><U55/><E35/><N who="2" m="13355" /><F19/><N who="3" m="8623" /><G107/><T80/><D96/><U108/><E108/><V28/><F28/><W27/><G27/><T85/><D99/><U106/><E25/><V18/><F18/><W0/><G0/><T4/><D2/><U71/><E106/><V114/><F114/><W47/><G47/><T7/><D46/><U14/><E3/><V33/><N who="2" m="13363" /><V11/><DORA hai="53" /><F11/><W44/><G44/><T125/><D8/><U113/><E113/><V56/><F56/><W51/><G51/><T91/><D57/><U24/><E24/><V22/><F22/><W50/><G50/><T133/><D31/><U88/><E45/><V6/><F6/><W112/><G112/><T117/><D4/><U120/><E5/><V83/><F83/><AGARI ba="1,1" hai="69,70,83,86,89" m="8623,50282,24617" machi="83" ten="30,1000,0" yaku="19,1" doraHai="101,53" who="3" fromWho="2" sc="347,0,110,0,266,-13,267,23" /><INIT seed="7,0,0,1,4,36" ten="347,110,253,290" oya="3" hai0="0,3,85,79,58,34,35,71,11,87,123,104,10" hai1="31,130,82,4,18,65,33,91,88,108,44,38,49" hai2="81,47,132,83,122,100,39,30,51,21,98,120,55" hai3="75,105,90,26,92,5,70,42,28,6,45,115,20"/><W86/><G70/><T116/><D58/><U27/><E108/><V135/><F39/><W16/><G115/><T112/><D79/><U113/><E113/><V80/><F21/><W107/><G75/><T14/><D14/><U96/><E130/><V69/><F30/><W95/><G95/><T131/><D131/><U128/><E128/><V127/><F127/><W126/><G126/><T53/><D53/><U2/><E38/><V106/><REACH who="2" step="1"/><F69/><REACH who="2" ten="347,110,243,290" step="2"/><W7/><REACH who="3" step="1"/><G28/><REACH who="3" ten="347,110,243,280" step="2"/><T54/><D71/><U56/><E18/><V13/><F13/><W37/><AGARI ba="0,2" hai="5,6,7,16,20,26,37,42,45,86,90,92,105,107" machi="37" ten="30,12000,1" yaku="1,1,2,1,0,1,52,1,54,1,53,0" doraHai="36" doraHaiUra="93" who="3" fromWho="3" sc="347,-40,110,-40,243,-40,280,140" owari="307,11.0,70,-43.0,203,-20.0,420,52.0" /></mjloggm>