<mjloggm ver="2.3"><GO type="185" lobby="0"/><UN n0="%73%68%6F%72%74%79" n1="%E5%B8%AB%E5%8C%A0%2F%E9%9B%80%E9%AC%BC" n2="%E3%81%BE%E3%81%A4%E3%81%9F%E3%81%91%E3%81%BC%E3%83%BC%E3%81%84" n3="" dan="16,16,16,0" rate="2181.70,2171.35,2166.94,1500.00" sx="M,M,M,C"/><TAIKYOKU oya="0"/><INIT seed="0,0,0,5,3,110" ten="350,350,350,0" oya="0" hai0="67,39,108,45,125,129,55,48,63,103,35,91,128" hai1="88,84,118,92,97,3,133,111,126,107,123,112,71" hai2="86,134,81,117,51,66,32,68,122,1,101,127,87" hai3=""/><T89/><D35/><U62/><RYUUKYOKU type="yao9" ba="0,0" sc="350,0,350,0,350,0,0,0" hai1="3,62,71,84,88,92,97,107,111,112,118,123,126,133" /><INIT seed="0,1,0,5,3,129" ten="350,350,350,0" oya="0" hai0="70,2,74,100,116,80,87,128,127,123,85,86,119" hai1="120,47,121,92,99,50,105,131,135,60,113,49,53" hai2="33,118,97,84,114,90,36,67,109,132,39,48,75" hai3=""/><T95/><N who="0" m="31520" /><T124/><D2/><U3/><N who="1" m="30752" /><U91/><N who="1" m="31008" /><U122/><N who="1" m="31264" /><U62/><E3/><V56/><F33/><T54/><D70/><U69/><E131/><V41/><F75/><T35/><D35/><U106/><E113/><V45/><F114/><T117/><D128/><U65/><E135/><V46/><F118/><T104/><D104/><U79/><E79/><V0/><F0/><T130/><D54/><U133/><E133/><V126/><F97/><T57/><D57/><U96/><E96/><V77/><F77/><T38/><D38/><U58/><E49/><V112/><F48/><T40/><D40/><AGARI ba="1,0" hai="40,47,50,53,58,60,62,65,69,91,92,99,105,106" m="31264,31008,30752" machi="40" ten="30,7700,0" yaku="7,1,52,3" doraHai="129" who="1" fromWho="0" sc="350,-79,350,79,350,0,0,0" /><INIT seed="1,0,0,3,2,65" ten="271,429,350,0" oya="1" hai0="94,39,126,37,103,112,71,77,98,68,81,44,102" hai1="2,83,130,1,80,114,105,127,54,123,115,69,63" hai2="41,106,59,48,133,131,92,91,40,107,99,132,46" hai3=""/><U3/><N who="1" m="31520" /><U0/><E105/><V57/><F131/><T95/><D112/><U118/><E118/><V50/><F59/><T129/><D129/><U43/><E130/><V101/><F106/><T34/><D34/><U134/><E127/><V56/><F40/><T55/><D126/><U89/><E134/><N who="2" m="51819" /><F50/><T42/><D55/><U113/><E43/><V49/><F48/><T125/><D37/><U78/><E89/><V33/><F33/><T128/><D125/><U32/><E32/><V51/><F49/><T117/><D117/><U135/><E135/><V82/><F82/><T85/><D128/><U119/><E119/><V58/><F56/><T104/><D104/><U111/><E3/><V74/><F74/><T124/><D124/><U45/><E80/><V93/><F107/><T79/><D79/><U110/><E45/><V120/><N who="2" m="30752" /><V64/><F64/><T73/><D73/><U66/><REACH who="1" step="1"/><E54/><REACH who="1" ten="271,419,350,0" step="2"/><V87/><AGARI ba="0,1" hai="41,46,51,57,58,87,91,92,93,99,101" m="30752,51819" machi="87" ten="30,1500,0" yaku="20,1,52,1" doraHai="65" who="2" fromWho="2" sc="271,-5,419,-10,350,25,0,0" /><INIT seed="2,0,0,1,4,73" ten="266,409,375,0" oya="2" hai0="97,80,133,124,85,106,123,40,92,55,117,126,82" hai1="76,44,51,62,74,122,128,66,42,134,127,50,56" hai2="72,69,3,84,130,41,94,34,53,105,79,102,90" hai3=""/><V45/><F3/><T32/><N who="0" m="31520" /><T70/><D32/><U48/><N who="1" m="31264" /><U135/><E127/><V98/><F34/><T87/><D70/><U107/><E107/><V121/><N who="2" m="31008" /><V96/><F130/><T103/><D40/><U49/><REACH who="1" step="1"/><E128/><REACH who="1" ten="266,399,375,0" step="2"/><V131/><F131/><T93/><D106/><U132/><E132/><V88/><F69/><T101/><D133/><U68/><E68/><V108/><F108/><T83/><D117/><U46/><E46/><V116/><F116/><T75/><D126/><U58/><E58/><V111/><F111/><T63/><D124/><U113/><E113/><V60/><F45/><T86/><D63/><U2/><E2/><V109/><F109/><T59/><D59/><U0/><E0/><V47/><F60/><T114/><D114/><U37/><E37/><V64/><F105/><T100/><D75/><U115/><E115/><V120/><N who="2" m="30752" /><V35/><F35/><T118/><D118/><U71/><E71/><V78/><F72/><T54/><REACH who="0" step="1"/><D97/><REACH who="0" ten="256,399,375,0" step="2"/><U110/><E110/><V95/><F98/><T99/><D99/><U38/><E38/><V65/><F96/><T104/><D104/><U33/><E33/><V61/><F61/><T77/><D77/><U81/><AGARI ba="0,2" hai="42,44,48,49,50,51,56,62,66,74,76,81,134,135" m="31264" machi="81" ten="30,6000,1" yaku="1,1,5,1,0,1,52,2,53,0" doraHai="73" doraHaiUra="125" who="1" fromWho="1" sc="256,-20,399,80,375,-40,0,0" /><INIT seed="4,0,0,4,3,123" ten="236,479,335,0" oya="0" hai0="89,107,133,109,115,113,50,79,85,58,83,55,102" hai1="124,80,35,71,75,42,54,72,33,40,45,3,32" hai2="111,78,56,88,76,1,128,41,48,114,65,103,74" hai3=""/><T81/><D133/><U127/><E3/><V44/><F1/><T49/><D49/><U53/><E71/><V69/><F114/><T64/><D64/><U77/><E75/><V61/><F128/><T70/><D70/><U67/><E67/><V117/><F117/><T86/><REACH who="0" step="1"/><D109/><REACH who="0" ten="226,479,335,0" step="2"/><U94/><E32/><V122/><N who="2" m="31264" /><V112/><F111/><T57/><D57/><U97/><E33/><V51/><F112/><T119/><D119/><U2/><E35/><V95/><F69/><T37/><D37/><U84/><E2/><V38/><F103/><T131/><D131/><U121/><E121/><V66/><F65/><T92/><D92/><U34/><E94/><V46/><F38/><T108/><D108/><U100/><E34/><V82/><F82/><T98/><AGARI ba="0,1" hai="50,55,58,79,81,83,85,86,89,98,102,107,113,115" machi="98" ten="30,2000,0" yaku="1,1,0,1,53,0" doraHai="123" doraHaiUra="63" who="0" fromWho="0" sc="226,30,479,-10,335,-10,0,0" /><INIT seed="4,1,0,4,0,90" ten="256,469,325,0" oya="0" hai0="127,48,44,62,117,100,79,52,104,74,107,51,116" hai1="91,45,77,96,132,121,56,86,2,108,119,42,120" hai2="71,128,69,61,0,54,64,78,67,33,98,40,46" hai3=""/><T60/><D127/><U109/><N who="1" m="30752" /><U35/><N who="1" m="31008" /><U82/><E2/><V103/><F0/><T47/><D79/><U134/><E35/><V76/><F128/><T36/><D36/><U63/><E119/><V50/><F33/><T84/><D84/><U49/><E96/><V110/><F110/><T34/><D34/><U1/><E77/><V112/><F112/><T73/><REACH who="0" step="1"/><D100/><REACH who="0" ten="246,469,325,0" step="2"/><U129/><E1/><V38/><F78/><T55/><AGARI ba="1,1" hai="44,47,48,51,52,55,60,62,73,74,104,107,116,117" machi="55" ten="25,12000,2" yaku="1,1,2,1,0,1,22,2,54,1,53,0" doraHai="90" doraHaiUra="95" who="0" fromWho="0" sc="246,132,469,-61,325,-61,0,0" /><INIT seed="4,2,0,4,1,118" ten="378,408,264,0" oya="0" hai0="111,65,59,104,97,78,105,73,70,110,106,33,127" hai1="46,103,89,53,120,109,3,61,35,69,85,81,114" hai2="55,56,101,134,34,100,72,86,123,98,119,122,57" hai3=""/><T126/><D33/><U42/><N who="1" m="30752" /><U129/><E109/><N who="0" m="41481" /><D70/><U79/><E3/><V107/><N who="2" m="31264" /><V133/><N who="2" m="31520" /><V74/><F34/><T83/><D65/><U88/><E35/><V40/><F119/><T90/><D59/><U102/><E129/><V60/><F40/><T82/><D82/><U44/><E114/><V91/><F101/><T76/><D76/><U96/><E102/><V130/><F130/><T51/><D51/><U68/><E69/><V95/><REACH who="2" step="1"/><F57/><REACH who="2" ten="378,408,254,0" step="2"/><T36/><D36/><U1/><E68/><V54/><F54/><T41/><D41/><U45/><E42/><V0/><F0/><T37/><D37/><U47/><E1/><V99/><F99/><T124/><D126/><U75/><E53/><V80/><F80/><T135/><D127/><U62/><E81/><V32/><F32/><T92/><D124/><U67/><E96/><V38/><F38/><T87/><D97/><U64/><E103/><V108/><F108/><T52/><D52/><U115/><E64/><V43/><F43/><T121/><D121/><U84/><E67/><V58/><F58/><T125/><D125/><U71/><E71/><V94/><F94/><T2/><D2/><U131/><N who="1" m="11264" /><DORA hai="49" /><U93/><E131/><RYUUKYOKU ba="2,1" sc="378,10,408,-20,254,10,0,0" hai0="73,78,83,87,90,92,104,105,106,135" hai2="55,56,60,72,74,86,91,95,98,100,107,133,134" /><INIT seed="4,3,1,1,2,99" ten="388,388,264,0" oya="0" hai0="134,79,127,55,0,123,85,74,114,36,56,117,125" hai1="76,103,60,1,66,70,116,106,69,65,68,131,100" hai2="94,67,34,110,41,47,50,101,84,96,122,48,95" hai3=""/><T45/><N who="0" m="31520" /><T82/><D117/><U91/><E116/><V77/><N who="2" m="31264" /><V115/><F110/><T53/><D0/><U120/><N who="1" m="30752" /><U63/><E1/><V35/><F115/><T126/><D114/><U39/><E39/><V104/><F67/><T42/><D134/><U51/><E131/><V113/><F113/><T43/><D43/><U57/><E106/><V2/><F2/><T32/><D32/><U135/><E135/><V90/><F77/><T118/><D118/><U107/><E76/><V58/><REACH who="2" step="1"/><F104/><REACH who="2" ten="388,388,254,0" step="2"/><T83/><REACH who="0" step="1"/><D56/><REACH who="0" ten="378,388,254,0" step="2"/><U38/><E57/><V64/><F64/><T75/><D75/><U49/><E65/><V62/><F62/><T129/><D129/><U112/><E63/><V128/><F128/><T111/><D111/><U102/><E112/><V52/><AGARI ba="3,3" hai="34,35,41,47,48,50,52,58,84,90,94,95,96,101" m="31264" machi="52" ten="30,9000,2" yaku="1,1,0,1,52,2,54,1,53,1" doraHai="99" doraHaiUra="54" who="2" fromWho="2" sc="378,-63,388,-33,254,126,0,0" /><INIT seed="5,0,0,2,3,132" ten="315,355,380,0" oya="1" hai0="82,52,127,85,125,3,135,95,84,89,46,67,35" hai1="104,98,134,108,72,119,100,88,56,34,37,78,75" hai2="99,120,64,73,48,81,41,66,54,111,113,79,39" hai3=""/><U115/><E119/><V92/><N who="2" m="30752" /><V106/><F111/><T109/><D109/><U65/><E34/><V133/><F133/><T1/><D135/><U38/><E134/><V87/><F113/><T97/><D67/><U32/><E32/><V128/><F128/><T40/><D35/><U69/><E108/><V71/><F71/><T131/><D131/><U90/><E69/><V102/><F41/><T36/><D85/><U101/><E115/><V47/><F39/><T110/><D110/><U126/><E78/><V63/><F63/><T62/><D62/><U50/><E50/><V33/><F33/><T93/><D52/><U107/><E98/><V124/><F124/><N who="0" m="47690" /><D95/><U51/><E126/><V59/><F59/><T121/><N who="0" m="31008" /><T114/><D114/><U118/><E56/><V0/><F64/><T130/><D130/><U2/><E65/><V76/><F66/><T96/><D96/><U105/><E105/><V83/><F106/><T112/><D112/><U77/><E107/><V58/><F58/><T44/><D44/><U61/><E104/><V103/><F99/><T94/><D94/><U80/><E61/><V70/><F92/><T91/><AGARI ba="0,0" hai="1,3,36,40,46,82,84,89,91,93,97" m="31008,47690" machi="91" ten="30,6000,1" yaku="18,1,52,4" doraHai="132" who="0" fromWho="0" sc="315,60,355,-40,380,-20,0,0" /><INIT seed="6,0,0,5,5,96" ten="375,315,360,0" oya="2" hai0="103,74,84,133,52,81,36,117,68,132,109,94,32" hai1="2,37,134,95,73,51,119,115,64,38,131,91,58" hai2="63,102,77,120,80,106,62,88,122,128,125,35,87" hai3=""/><V66/><N who="2" m="30752" /><V44/><N who="2" m="31264" /><V112/><F35/><T124/><D109/><U130/><E2/><V126/><F112/><T57/><D117/><U53/><E115/><V108/><F108/><T92/><D32/><U86/><E119/><V54/><F128/><N who="1" m="49193" /><E134/><N who="0" m="51817" /><D68/><U1/><E1/><V72/><F102/><T78/><D36/><N who="1" m="13931" /><E64/><V113/><F106/><T70/><D70/><U107/><E107/><V98/><F98/><T90/><D124/><N who="2" m="47722" /><F113/><T82/><D103/><U60/><E73/><V56/><F44/><T76/><D90/><U100/><E100/><V97/><F97/><T33/><D33/><U123/><N who="1" m="31520" /><U65/><E65/><V129/><F129/><T46/><D46/><U59/><E59/><V116/><F116/><T45/><D45/><U61/><AGARI ba="0,0" hai="51,53,58,60,61,86,91,95" m="31520,13931,49193" machi="61" ten="40,2000,0" yaku="19,1,52,1" doraHai="96" who="1" fromWho="1" sc="375,-7,315,20,360,-13,0,0" /><INIT seed="8,0,0,0,2,42" ten="368,335,347,0" oya="0" hai0="109,71,112,102,55,91,129,99,40,60,59,54,38" hai1="56,92,113,128,88,115,65,82,68,106,119,58,78" hai2="133,97,98,51,50,45,52,75,100,81,74,61,49" hai3=""/><T77/><D112/><N who="1" m="43083" /><E106/><V118/><F133/><T37/><D129/><U64/><E128/><V87/><F118/><T84/><D109/><U135/><E135/><V131/><F131/><T134/><D134/><U83/><E119/><V53/><F61/><T35/><D35/><U105/><E105/><V101/><F51/><T57/><D77/><U43/><E43/><V107/><F98/><T76/><D76/><U67/><E68/><V0/><F101/><T36/><D71/><U127/><E127/><V111/><F0/><T63/><D102/><U66/><N who="1" m="16384" /><DORA hai="123" /><U90/><E82/><V33/><F111/><T95/><REACH who="0" step="1"/><D99/><REACH who="0" ten="358,335,347,0" step="2"/><U3/><E3/><V72/><F33/><T70/><D70/><U79/><E79/><V94/><F75/><T103/><D103/><U132/><E132/><V62/><F74/><T89/><D89/><N who="1" m="34411" /><E92/><V73/><F94/><T44/><AGARI ba="0,1" hai="36,37,38,40,44,54,55,57,59,60,63,84,91,95" machi="44" ten="30,7800,0" yaku="1,1,0,1,9,1,52,1,53,0" doraHai="42,123" doraHaiUra="108,93" who="0" fromWho="0" sc="358,88,335,-39,347,-39,0,0" owari="446,39.0,296,-30.0,308,-9.0,0,0.0" /></mjloggm>