<mjloggm ver="2.3"><GO type="169" lobby="0"/><UN n0="%E6%84%9A%E7%9B%B4%E3%81%AA%E9%BA%BB%E9%9B%80" n1="%45%72%77%69%6E%52%64" n2="%E3%81%AE%E3%81%B3%E3%81%97%E3%82%8D%E2%99%82" n3="%68%69%6A%69%68%69%6A%69" dan="16,17,16,16" rate="2066.09,2130.22,2138.10,2030.99" sx="M,M,M,F"/><TAIKYOKU oya="0"/><INIT seed="0,0,0,2,4,22" ten="250,250,250,250" oya="0" hai0="42,10,110,127,38,57,48,129,90,28,9,54,133" hai1="123,72,26,13,70,23,53,112,97,0,45,66,4" hai2="60,95,93,67,83,40,121,12,78,55,130,21,79" hai3="8,19,34,86,80,85,44,87,7,50,132,106,68"/><T75/><D75/><U101/><E123/><V24/><F130/><W41/><G132/><T58/><D129/><U18/><E72/><V31/><F121/><W120/><G120/><T63/><D133/><U39/><E112/><V99/><F93/><W118/><G118/><T59/><D127/><U71/><E66/><V20/><F55/><W134/><G134/><T25/><D110/><U98/><E0/><V103/><F40/><W74/><G106/><T109/><D109/><U32/><E97/><V92/><F92/><W81/><G68/><T73/><D73/><U11/><E32/><V33/><F12/><W102/><G102/><T96/><D38/><U105/><REACH who="1" step="1"/><E39/><REACH who="1" ten="250,240,250,250" step="2"/><V108/><F108/><W15/><G74/><T37/><D37/><U47/><E47/><V114/><F114/><W35/><G35/><T61/><D59/><U65/><E65/><V84/><F78/><W52/><G34/><T14/><D58/><AGARI ba="0,1" hai="20,21,24,31,33,58,60,67,79,83,84,95,99,103" machi="58" ten="30,2000,0" yaku="7,1,52,1" doraHai="22" who="2" fromWho="0" sc="250,-20,240,0,250,30,250,0" /><INIT seed="1,0,0,3,0,33" ten="230,240,280,250" oya="1" hai0="40,48,90,88,111,58,78,127,72,84,100,123,20" hai1="43,131,60,126,117,57,116,99,114,13,52,11,5" hai2="83,16,103,22,55,38,28,27,135,3,96,25,125" hai3="130,0,67,56,87,115,36,81,89,46,75,106,79"/><U92/><E114/><V26/><F135/><W63/><G115/><T59/><D111/><U30/><E126/><V102/><F125/><W76/><G130/><T10/><D127/><U31/><E131/><V39/><F102/><W132/><G132/><T77/><D100/><U12/><E116/><V62/><F3/><W7/><G106/><T109/><D109/><U29/><E117/><V68/><F83/><W6/><G79/><T113/><D113/><U122/><E122/><V8/><F8/><W95/><G0/><T34/><D34/><U129/><E129/><V85/><F85/><W17/><G36/><T24/><D10/><U41/><REACH who="1" step="1"/><E13/><REACH who="1" ten="230,230,280,250" step="2"/><V61/><F27/><W65/><G65/><T50/><D24/><U120/><E120/><V119/><F119/><W1/><G1/><T93/><D123/><U54/><E54/><V74/><F55/><W35/><G67/><T91/><D40/><U71/><E71/><V15/><F68/><W23/><G35/><T47/><D47/><U21/><E21/><V97/><F26/><W69/><G69/><T121/><D121/><U107/><E107/><V53/><F53/><W80/><G46/><T19/><D20/><U70/><E70/><V73/><F25/><W133/><G133/><T104/><D104/><U101/><AGARI ba="0,1" hai="5,11,12,29,30,31,41,43,52,57,60,92,99,101" machi="101" ten="30,11700,0" yaku="1,1,0,1,8,1,54,1,53,0" doraHai="33" doraHaiUra="66" who="1" fromWho="1" sc="230,-39,230,127,280,-39,250,-39" /><INIT seed="1,1,0,5,0,72" ten="191,357,241,211" oya="1" hai0="8,27,109,134,40,71,34,80,23,19,131,126,51" hai1="28,114,36,50,29,110,87,62,37,1,21,60,111" hai2="99,122,101,5,74,48,125,98,103,55,61,85,43" hai3="118,57,53,63,47,128,38,24,17,7,46,26,12"/><U112/><E1/><V94/><F125/><W113/><G128/><T67/><D109/><N who="1" m="41483" /><E87/><V59/><F122/><W107/><G113/><N who="1" m="43626" /><E21/><V44/><F74/><W78/><G118/><T16/><D134/><U81/><E81/><V120/><F120/><W83/><G107/><T95/><D126/><U2/><E2/><V117/><F117/><W14/><G38/><N who="1" m="14954" /><E50/><V66/><F5/><W127/><G127/><T30/><D51/><U92/><E92/><V77/><F85/><N who="3" m="48375" /><G7/><T133/><D95/><U115/><N who="1" m="43634" /><U10/><DORA hai="58" /><E10/><V68/><F77/><W70/><G14/><T42/><D8/><U124/><E124/><V75/><F75/><W91/><G12/><T64/><D23/><U9/><E9/><V0/><F0/><W69/><G26/><T56/><D27/><U31/><AGARI ba="1,0" hai="28,29,31,60,62" m="14954,43634,41483" machi="31" ten="50,18000,2" yaku="28,2,14,1,10,1,52,2" doraHai="72,58" who="1" fromWho="1" sc="191,-61,357,183,241,-61,211,-61" /><INIT seed="1,2,0,0,0,36" ten="130,540,180,150" oya="1" hai0="1,63,59,56,114,17,32,84,48,21,29,5,10" hai1="69,98,20,12,105,30,101,75,54,49,99,9,73" hai2="120,42,96,126,40,91,57,129,109,83,38,116,128" hai3="93,31,61,15,35,27,4,26,125,130,127,34,102"/><U55/><E69/><V80/><F116/><W77/><G130/><N who="2" m="50281" /><F109/><W14/><G77/><T97/><D114/><U112/><E112/><V118/><F118/><W8/><G61/><T79/><D97/><U87/><E87/><N who="2" m="50663" /><F38/><W2/><G93/><T88/><D79/><U76/><E76/><V6/><F120/><W89/><G89/><T11/><D11/><U85/><E85/><V46/><F46/><W39/><G102/><T45/><D29/><U117/><E98/><V62/><F126/><N who="3" m="48139" /><G39/><T33/><D33/><U81/><E81/><V70/><F70/><W16/><G35/><T68/><D32/><U133/><E73/><V51/><F51/><W58/><G58/><T108/><D63/><U25/><E75/><V95/><F83/><W37/><G37/><T104/><D108/><U131/><E117/><V71/><F6/><W64/><G64/><T3/><D3/><U94/><E94/><V7/><F7/><W67/><G67/><T132/><D104/><U135/><E131/><V103/><F71/><W86/><G86/><T134/><D68/><U123/><E49/><V122/><F122/><W22/><AGARI ba="2,0" hai="2,4,8,14,15,16,22,26,27,31,34" m="48139" machi="22" ten="30,7900,0" yaku="18,1,34,2,54,1" doraHai="36" who="3" fromWho="3" sc="130,-22,540,-41,180,-22,150,85" /><INIT seed="2,0,0,3,4,3" ten="108,499,158,235" oya="2" hai0="125,25,88,46,131,134,58,86,93,123,31,65,126" hai1="132,119,95,110,11,45,66,2,75,40,24,4,79" hai2="20,42,33,5,100,7,103,18,92,19,104,48,101" hai3="106,22,68,54,124,115,96,133,70,23,49,76,116"/><V69/><F104/><W62/><G116/><T29/><D123/><U122/><E119/><V80/><F33/><W14/><G76/><T51/><D58/><U117/><E117/><V113/><F113/><W109/><G115/><T37/><D37/><U73/><E66/><V47/><F69/><W135/><G109/><T108/><D65/><U43/><E110/><V30/><F30/><W89/><G106/><T81/><D108/><U53/><E53/><V128/><F128/><W107/><G107/><T1/><D1/><U120/><E132/><V21/><F80/><W91/><G96/><T60/><D60/><U26/><E95/><V12/><REACH who="2" step="1"/><F92/><REACH who="2" ten="108,499,148,235" step="2"/><W59/><G70/><T83/><D131/><U17/><E120/><V98/><F98/><W16/><G68/><T15/><D134/><U52/><E122/><V63/><F63/><W111/><G111/><T97/><D31/><U8/><E73/><V32/><F32/><W72/><G72/><T74/><D74/><U9/><E75/><V57/><F57/><N who="3" m="32975" /><G133/><T77/><D81/><U94/><E94/><V41/><F41/><W28/><G135/><T61/><D61/><U130/><E40/><V85/><F85/><W55/><G124/><T127/><D127/><U64/><E43/><V121/><F121/><W27/><AGARI ba="0,1" hai="14,16,22,23,27,28,55,59,62,89,91" m="32975" machi="27" ten="30,2000,0" yaku="8,1,54,1" doraHai="3" who="3" fromWho="3" sc="108,-5,499,-5,148,-10,235,30" /><INIT seed="3,0,0,5,5,132" ten="103,494,138,265" oya="3" hai0="80,70,23,5,129,67,102,133,117,82,33,71,47" hai1="111,18,30,14,37,6,55,96,79,58,128,85,122" hai2="61,76,84,53,74,118,48,44,3,8,135,35,109" hai3="66,2,72,127,52,115,114,123,105,15,49,77,99"/><W16/><G2/><T75/><D117/><U45/><E111/><V86/><F109/><W12/><G12/><T98/><D33/><U9/><E128/><V100/><F135/><W81/><G123/><T4/><D129/><U26/><E122/><V1/><F118/><W13/><G13/><T38/><D23/><U0/><E96/><V69/><F35/><W68/><G68/><T110/><D110/><U39/><E45/><V28/><F74/><W7/><G7/><T31/><D31/><U116/><E85/><V63/><F28/><W41/><G66/><T21/><D21/><N who="1" m="11479" /><E79/><V124/><F124/><W57/><G41/><T64/><D98/><U97/><E97/><V88/><F100/><W24/><G24/><T60/><D102/><U11/><E11/><V107/><F107/><W51/><G51/><T32/><D32/><N who="1" m="20567" /><E116/><V54/><F76/><W22/><REACH who="3" step="1"/><G127/><REACH who="3" ten="103,494,138,255" step="2"/><T62/><D133/><U119/><E119/><V112/><F48/><AGARI ba="0,1" hai="0,6,9,37,39,48,55,58" m="20567,11479" machi="48" ten="30,1000,0" yaku="24,1" doraHai="132" who="1" fromWho="2" sc="103,0,494,20,138,-10,255,0" /><INIT seed="4,0,0,0,5,112" ten="103,514,128,255" oya="0" hai0="89,21,96,23,50,114,105,40,6,115,99,111,123" hai1="75,57,76,129,12,55,32,120,106,37,60,86,124" hai2="85,7,11,31,59,25,121,113,13,42,117,20,3" hai3="70,65,71,45,35,101,100,104,14,118,108,18,133"/><T94/><D123/><U83/><E120/><V125/><F113/><N who="0" m="43018" /><D111/><U54/><E32/><V0/><F121/><W119/><G108/><T24/><D6/><U19/><E106/><V38/><F125/><W61/><G35/><T128/><D128/><U81/><E124/><V67/><F117/><W87/><G71/><T127/><D127/><U102/><E102/><V9/><F38/><W134/><G87/><T107/><D99/><U66/><E37/><V4/><F42/><W5/><G5/><T109/><D109/><U10/><E129/><V56/><F67/><W2/><G2/><T33/><D33/><U64/><E66/><V29/><F13/><W58/><G70/><T36/><D36/><U41/><E41/><V39/><F39/><W80/><G80/><T68/><D68/><U78/><AGARI ba="0,0" hai="10,12,19,54,55,57,60,64,75,76,78,81,83,86" machi="78" ten="20,1500,0" yaku="0,1,7,1" doraHai="112" who="1" fromWho="1" sc="103,-7,514,15,128,-4,255,-4" /><INIT seed="5,0,0,2,5,36" ten="96,529,124,251" oya="1" hai0="114,126,134,29,118,76,99,24,91,49,97,88,127" hai1="54,18,90,44,128,119,108,103,86,115,48,95,46" hai2="78,3,28,1,35,0,12,68,41,22,120,40,71" hai3="121,10,125,74,133,84,43,65,23,32,123,53,15"/><U16/><E119/><V55/><F120/><W66/><G74/><T112/><D49/><U75/><E115/><N who="0" m="44073" /><D118/><U34/><E34/><V70/><F35/><W11/><G32/><T51/><D51/><U81/><E128/><V37/><F37/><W38/><G38/><T106/><D24/><U111/><E44/><V124/><F124/><N who="0" m="47658" /><D29/><U109/><E103/><V30/><F78/><AGARI ba="0,0" hai="16,18,46,48,54,75,78,81,86,90,95,108,109,111" machi="78" ten="40,3900,0" yaku="10,1,54,1" doraHai="36" who="1" fromWho="2" sc="96,0,529,39,124,-39,251,0" /><INIT seed="5,1,0,2,0,135" ten="96,568,85,251" oya="1" hai0="102,120,61,131,48,66,8,130,1,40,50,44,109" hai1="49,105,115,22,16,54,95,87,96,5,14,79,94" hai2="67,111,74,38,60,62,80,20,25,15,126,6,63" hai3="9,0,55,11,103,93,46,37,18,58,86,70,100"/><U71/><E115/><V42/><F111/><W104/><G70/><T92/><D109/><U112/><E112/><V26/><F26/><W101/><G104/><T99/><D120/><U41/><E71/><V82/><F126/><W10/><G0/><T119/><D119/><U97/><E5/><V129/><F129/><W56/><G37/><T83/><D83/><U73/><E73/><V19/><F67/><W36/><G36/><T117/><D117/><U116/><E116/><V72/><F38/><W28/><G28/><T4/><REACH who="0" step="1"/><D48/><REACH who="0" ten="86,568,85,251" step="2"/><U108/><E108/><V33/><F82/><W114/><G114/><T127/><D127/><U34/><E49/><V124/><F80/><W134/><G134/><T107/><D107/><U98/><E105/><V90/><F124/><W32/><G93/><T132/><D132/><U123/><E94/><V31/><F74/><W88/><G103/><T27/><D27/><U52/><E123/><V81/><F72/><W30/><G101/><T89/><D89/><U13/><E95/><V133/><F133/><W39/><G100/><T64/><D64/><U91/><E91/><V57/><F81/><W3/><G88/><T12/><D12/><U125/><E125/><V68/><F90/><W77/><G39/><T128/><D128/><U24/><E79/><V59/><F68/><AGARI ba="1,1" hai="1,4,8,40,44,50,61,66,68,92,99,102,130,131" machi="68" ten="40,1300,0" yaku="1,1,53,0" doraHai="135" doraHaiUra="78" who="0" fromWho="2" sc="86,26,568,0,85,-16,251,0" /><INIT seed="6,0,0,2,4,134" ten="112,568,69,251" oya="2" hai0="11,37,87,95,119,6,30,120,80,57,16,67,135" hai1="59,0,121,45,129,116,51,101,111,78,65,7,28" hai2="39,97,102,96,63,74,99,48,61,20,93,104,40" hai3="31,77,24,52,32,49,90,50,2,10,34,9,5"/><V123/><F123/><W25/><G77/><T36/><D120/><U76/><E111/><V126/><F126/><W113/><G113/><T86/><D135/><U72/><E28/><V56/><F74/><W133/><G133/><T23/><D30/><U58/><E101/><V13/><F39/><W132/><G25/><T47/><D95/><U131/><E7/><V14/><F63/><W55/><G50/><T117/><D87/><U19/><E0/><V81/><F81/><W127/><G127/><T18/><D18/><U33/><E33/><V103/><F99/><W112/><G10/><T125/><D125/><U94/><E19/><V66/><REACH who="2" step="1"/><F20/><REACH who="2" ten="112,568,59,251" step="2"/><W106/><G132/><T27/><D37/><U124/><E72/><V92/><F92/><W38/><G38/><T128/><D128/><U64/><E121/><V70/><F70/><W130/><G130/><T118/><D80/><U105/><E129/><V46/><AGARI ba="0,1" hai="13,14,40,46,48,56,61,66,93,96,97,102,103,104" machi="46" ten="30,3000,0" yaku="1,1,0,1,53,0" doraHai="134" doraHaiUra="71" who="2" fromWho="2" sc="112,-10,568,-10,59,40,251,-10" /><INIT seed="6,1,0,0,2,30" ten="102,558,99,241" oya="2" hai0="47,97,85,123,50,51,38,46,72,49,18,69,98" hai1="22,52,129,102,122,80,56,135,103,13,78,33,9" hai2="91,4,7,111,1,16,65,106,2,59,93,120,39" hai3="71,8,130,27,67,57,131,79,125,15,99,134,73"/><V66/><F120/><W126/><G71/><T19/><D123/><U107/><E33/><V31/><F111/><W113/><G113/><T81/><D72/><U12/><E135/><V115/><F115/><W127/><G27/><T132/><D132/><U23/><E129/><N who="3" m="49162" /><G99/><N who="0" m="37899" /><D69/><U62/><E107/><V6/><F106/><W25/><G25/><T118/><D38/><U3/><E3/><V124/><F124/><W45/><G45/><N who="0" m="16907" /><D118/><U36/><E36/><V26/><F39/><W17/><G134/><T68/><D68/><U53/><E53/><V74/><F74/><W89/><G89/><AGARI ba="1,0" hai="18,19,49,50,51,81,85,89" m="16907,37899" machi="89" ten="30,1000,0" yaku="8,1" doraHai="30" who="0" fromWho="3" sc="102,13,558,0,99,0,241,-13" /><INIT seed="7,0,0,1,4,87" ten="115,558,99,228" oya="3" hai0="100,21,88,89,26,129,36,117,30,4,57,98,11" hai1="96,22,86,66,45,60,17,111,18,126,64,46,94" hai2="56,75,50,6,53,20,114,29,135,13,42,74,92" hai3="27,110,48,101,102,128,8,132,71,0,119,113,43"/><W118/><G71/><T24/><D117/><U23/><E111/><V109/><F109/><W104/><G110/><T79/><D79/><U91/><E126/><V90/><F114/><W125/><G113/><T107/><D129/><U62/><E86/><V121/><F135/><W120/><G128/><T10/><D36/><U58/><E22/><V68/><F68/><W37/><G37/><T73/><D73/><U105/><E105/><V9/><F121/><W115/><G115/><T3/><D11/><U7/><E7/><V61/><F29/><W15/><G120/><T69/><D69/><U82/><E82/><V72/><F20/><W67/><G125/><T32/><D57/><N who="1" m="36879" /><E17/><AGARI ba="0,0" hai="3,4,10,17,21,24,26,30,32,88,89,98,100,107" machi="17" ten="30,7700,0" yaku="7,1,52,2,54,1" doraHai="87" who="0" fromWho="1" sc="115,77,558,-77,99,0,228,0" owari="192,-21.0,481,58.0,99,-40.0,228,3.0" /></mjloggm>