<mjloggm ver="2.3"><GO type="169" lobby="0"/><UN n0="%E9%87%8E%E3%80%85%E5%AE%AE%E8%97%8D" n1="%E8%A5%BF%E8%88%B9%E6%A9%8B%E3%83%A1%E3%83%88%E3%83%AD%E3%83%94%E3%82%A2" n2="%E7%99%BD%E8%89%B2%E3%81%AE%E6%B0%B4" n3="%E7%AC%B9%E9%A4%85" dan="17,17,16,17" rate="2201.34,2181.99,2108.73,2224.16" sx="F,M,M,M"/><TAIKYOKU oya="0"/><INIT seed="0,0,0,4,4,50" ten="250,250,250,250" oya="0" hai0="62,120,37,2,80,4,3,123,8,64,58,59,14" hai1="30,87,106,43,6,97,54,47,24,132,22,108,71" hai2="7,126,104,85,55,134,83,74,5,94,15,73,65" hai3="17,75,99,69,21,125,114,56,16,95,84,0,61"/><T27/><D37/><U12/><E108/><V116/><F104/><W81/><G114/><T51/><D27/><U39/><E132/><V101/><F134/><W112/><G112/><T103/><D103/><U10/><E71/><V25/><F116/><W133/><G133/><T44/><D58/><U40/><E40/><V76/><F126/><W63/><G75/><T20/><D80/><U124/><E124/><V45/><F65/><W53/><G0/><T90/><D90/><U34/><E87/><V131/><F131/><W91/><G125/><T36/><D36/><U11/><E11/><V100/><F25/><W88/><G69/><T86/><D86/><U1/><E106/><V72/><F15/><N who="3" m="9375" /><G17/><T52/><REACH who="0" step="1"/><D20/><REACH who="0" ten="240,250,250,250" step="2"/><U42/><E97/><V33/><F100/><N who="3" m="60543" /><G63/><T41/><D41/><U107/><E42/><V68/><F68/><W67/><G91/><T122/><AGARI ba="0,1" hai="2,3,4,8,14,44,51,52,59,62,64,120,122,123" machi="122" ten="30,11700,0" yaku="1,1,0,1,52,1,54,1,53,0" doraHai="50" doraHaiUra="82" who="0" fromWho="0" sc="240,127,250,-39,250,-39,250,-39" /><INIT seed="0,1,0,4,0,98" ten="367,211,211,211" oya="0" hai0="23,133,94,63,0,14,44,49,109,35,123,127,95" hai1="4,128,116,108,34,115,57,113,39,67,54,92,77" hai2="7,114,134,106,93,37,53,103,112,50,59,38,41" hai3="27,6,12,58,10,129,104,78,46,45,15,47,5"/><T30/><D123/><U55/><E116/><V1/><F134/><W86/><G104/><T3/><D35/><U97/><E108/><V32/><F106/><W69/><G69/><T82/><D133/><U16/><E128/><V29/><F7/><W120/><G129/><T2/><D109/><U100/><E4/><V21/><F1/><W31/><G120/><T73/><D63/><N who="1" m="38383" /><E39/><V99/><F32/><W105/><G105/><T61/><D127/><U42/><E42/><V13/><F41/><W126/><G126/><T66/><D82/><U19/><E77/><V52/><F53/><N who="1" m="19977" /><E34/><V24/><REACH who="2" step="1"/><F13/><REACH who="2" ten="367,211,201,211" step="2"/><W40/><G12/><T81/><D14/><U80/><E115/><AGARI ba="1,1" hai="21,24,29,37,38,50,52,59,93,99,103,112,114,115" machi="115" ten="40,8000,1" yaku="1,1,2,1,52,1,54,1,53,1" doraHai="98" doraHaiUra="22" who="2" fromWho="1" sc="367,0,211,-83,201,93,211,0" /><INIT seed="1,0,0,4,1,37" ten="367,128,294,211" oya="1" hai0="31,111,8,108,85,81,21,135,28,2,38,1,46" hai1="69,42,0,49,116,114,113,89,90,86,12,121,14" hai2="66,131,59,71,133,130,9,7,134,68,129,76,80" hai3="51,24,119,132,115,110,118,101,25,102,26,106,47"/><U112/><E116/><N who="3" m="44586" /><G115/><T30/><D21/><U11/><E121/><V32/><F32/><W44/><G110/><N who="0" m="42027" /><D8/><U67/><E69/><V92/><F92/><W41/><G132/><N who="2" m="50793" /><F59/><W13/><G106/><T62/><D62/><U52/><E67/><V91/><F91/><W93/><G93/><T87/><D135/><U6/><E90/><V82/><F66/><W126/><G126/><T103/><D103/><N who="3" m="39433" /><G13/><T60/><D60/><U35/><E35/><V98/><F98/><W124/><G124/><T122/><D122/><U84/><E84/><N who="0" m="32329" /><D81/><N who="2" m="31338" /><F76/><W117/><N who="3" m="44594" /><W20/><DORA hai="100" /><G47/><T95/><D95/><U70/><E70/><V40/><F40/><AGARI ba="0,0" hai="1,2,28,30,31,38,40,46" m="32329,42027" machi="40" ten="40,2600,0" yaku="14,1,52,1" doraHai="37,100" who="0" fromWho="2" sc="367,26,128,0,294,-26,211,0" /><INIT seed="2,0,0,4,4,86" ten="393,128,268,211" oya="2" hai0="98,56,49,112,34,72,129,55,121,64,115,99,103" hai1="54,125,75,95,101,67,82,85,40,62,59,22,88" hai2="23,10,63,96,70,2,18,69,31,52,14,118,81" hai3="60,131,26,39,28,114,78,91,36,108,33,19,74"/><V57/><F118/><W58/><G108/><T53/><D121/><U37/><E125/><V45/><F81/><W126/><G126/><T51/><D34/><U84/><E101/><V119/><F119/><W43/><G131/><T25/><D72/><U113/><E113/><V73/><F73/><W24/><G43/><T104/><D64/><U65/><E75/><V1/><F96/><W9/><G114/><T71/><D71/><U100/><E22/><V68/><REACH who="2" step="1"/><F45/><REACH who="2" ten="393,128,258,211" step="2"/><W50/><G74/><T123/><D98/><U3/><E100/><V38/><F38/><W4/><G39/><T132/><D115/><U117/><E117/><V8/><F8/><W48/><G36/><T94/><D112/><U130/><E130/><V13/><F13/><W89/><G78/><T76/><D76/><U47/><REACH who="1" step="1"/><E3/><REACH who="1" ten="393,118,258,211" step="2"/><V105/><F105/><W44/><G9/><T5/><D104/><U80/><E80/><V41/><F41/><W16/><G26/><AGARI ba="0,2" hai="1,2,10,14,18,23,26,31,52,57,63,68,69,70" machi="26" ten="40,3900,0" yaku="1,1,54,1,53,0" doraHai="86" doraHaiUra="77" who="2" fromWho="3" sc="393,0,118,0,258,59,211,-39" /><INIT seed="2,1,0,2,0,21" ten="393,118,317,172" oya="2" hai0="135,111,26,112,121,130,100,75,35,102,57,5,17" hai1="101,73,43,58,30,118,47,126,113,125,27,74,67" hai2="13,50,68,76,61,133,18,92,72,11,87,103,60" hai3="36,83,107,134,109,19,117,6,42,37,20,44,89"/><V108/><F133/><W22/><G117/><T110/><D75/><U23/><E113/><V69/><F108/><W12/><G109/><T80/><D80/><U84/><E118/><V62/><F72/><W116/><G116/><T9/><D57/><U95/><E74/><V93/><F50/><W90/><G134/><T64/><D64/><U59/><E73/><V96/><REACH who="2" step="1"/><F76/><REACH who="2" ten="393,118,307,172" step="2"/><W48/><G48/><T127/><D135/><U54/><E125/><V56/><F56/><W119/><G119/><T70/><D127/><U53/><E126/><V3/><F3/><W99/><G37/><T14/><D111/><U65/><E59/><V131/><F131/><W34/><G36/><T88/><D130/><U16/><E65/><V132/><F132/><W114/><G114/><T128/><D112/><U2/><E2/><V25/><F25/><W31/><G44/><T115/><D115/><U98/><E67/><V33/><F33/><W106/><G34/><T66/><D128/><U4/><E58/><V52/><F52/><W86/><G42/><T78/><D78/><U94/><E54/><V123/><F123/><W15/><G15/><N who="0" m="5551" /><D121/><U45/><E53/><V63/><N who="2" m="15360" /><DORA hai="10" /><V105/><F105/><W51/><G106/><T28/><D110/><U129/><E129/><V97/><F97/><W1/><G1/><T85/><D66/><U29/><E43/><V7/><F7/><W55/><G107/><T0/><D0/><U40/><E4/><V81/><F81/><W32/><G83/><N who="0" m="49215" /><D70/><U8/><E40/><V122/><F122/><W91/><G32/><T120/><D120/><RYUUKYOKU ba="1,1" sc="393,15,118,-15,307,15,172,-15" hai0="14,17,26,28,35,100,102" hai2="11,13,18,68,69,87,92,93,96,103" /><INIT seed="2,2,1,1,4,113" ten="408,103,322,157" oya="2" hai0="34,65,109,62,116,92,13,79,71,28,73,55,61" hai1="127,74,48,111,101,54,6,8,52,1,84,2,27" hai2="69,135,131,57,86,123,105,40,77,11,83,119,45" hai3="115,64,94,44,15,56,68,81,47,38,0,67,26"/><V95/><F123/><W25/><G0/><T80/><D109/><U7/><E111/><V88/><F69/><W90/><G115/><T4/><D92/><U122/><E74/><V35/><F105/><W130/><G68/><T98/><D98/><U104/><E122/><V125/><F135/><W33/><G130/><T110/><D110/><U117/><E127/><V43/><F125/><W24/><G33/><T72/><D72/><U85/><E27/><V31/><F131/><W106/><G106/><T20/><D34/><U19/><E19/><V16/><F119/><W14/><G81/><T46/><D46/><N who="3" m="17449" /><G38/><T102/><D102/><U103/><E104/><V9/><F57/><W21/><G21/><T82/><D82/><U114/><E114/><V120/><F120/><W91/><G56/><T58/><D28/><U17/><E17/><V107/><F107/><W41/><G41/><N who="2" m="15945" /><F35/><W108/><G108/><T42/><D42/><U112/><E112/><V22/><F31/><W18/><G18/><T99/><D20/><U53/><E53/><V30/><F30/><W60/><G60/><T93/><D116/><U10/><E48/><V29/><F45/><W126/><G126/><T128/><D128/><U76/><REACH who="1" step="1"/><E76/><REACH who="1" ten="408,93,322,157" step="2"/><V5/><F29/><W50/><G50/><T32/><D79/><U78/><E78/><V100/><F77/><W51/><G51/><T134/><D73/><U36/><E36/><V89/><F16/><W133/><G25/><T39/><D32/><U3/><E3/><V49/><F49/><W66/><G26/><T37/><D37/><U23/><E23/><RYUUKYOKU ba="2,2" sc="408,-10,93,30,322,-10,157,-10" hai1="1,2,6,7,8,10,52,54,84,85,101,103,117" /><INIT seed="3,3,2,3,0,23" ten="398,123,312,147" oya="3" hai0="76,46,110,7,61,45,134,106,111,83,96,57,135" hai1="13,124,125,56,132,34,130,60,127,102,3,36,6" hai2="40,25,15,52,31,131,63,0,5,79,122,12,51" hai3="90,32,91,89,65,39,119,17,28,21,22,16,118"/><W10/><G39/><T85/><D7/><U115/><E115/><V81/><F131/><W87/><G32/><T9/><D9/><N who="1" m="2271" /><E36/><V11/><F122/><W43/><G43/><T14/><D14/><U113/><E113/><V104/><F104/><W80/><G28/><T116/><D116/><U8/><E102/><V98/><F98/><W66/><G10/><T33/><D33/><U82/><E82/><V121/><F63/><W105/><G105/><T72/><D72/><U20/><E34/><V100/><F100/><W47/><G47/><N who="0" m="17931" /><D96/><U112/><E112/><V26/><F40/><W58/><G58/><T19/><D19/><N who="3" m="7241" /><G87/><T71/><D71/><U64/><E130/><V86/><F121/><W75/><G80/><T120/><D106/><U37/><E37/><V48/><F48/><W99/><G99/><T94/><D94/><U97/><E97/><V84/><F84/><W35/><G35/><T44/><D44/><U41/><E41/><V103/><F103/><W24/><G24/><N who="2" m="9321" /><F0/><W109/><G75/><T107/><D107/><U53/><E127/><V30/><F15/><W93/><G93/><T92/><D92/><U123/><E125/><V27/><N who="2" m="9329" /><V49/><DORA hai="117" /><F49/><W108/><G118/><T38/><D38/><U77/><E124/><V4/><F4/><W95/><G95/><T73/><D73/><U114/><E123/><V54/><F51/><W29/><G119/><T126/><D126/><U42/><E114/><V70/><F70/><W78/><G78/><T18/><D120/><U50/><E42/><V62/><F62/><W1/><G1/><RYUUKYOKU ba="3,2" sc="398,-10,123,-10,312,30,147,-10" hai2="5,11,12,30,31,52,54,79,81,86" /><INIT seed="4,4,2,3,0,1" ten="388,113,342,137" oya="0" hai0="44,21,113,32,127,66,81,5,62,59,114,2,75" hai1="92,116,35,48,99,29,125,132,97,42,101,77,19" hai2="109,25,79,129,30,13,63,47,74,88,131,68,72" hai3="83,49,69,16,105,107,94,11,86,34,6,95,130"/><T84/><D32/><U20/><E116/><V108/><F47/><W60/><G34/><T9/><D75/><N who="2" m="28714" /><F13/><W122/><G130/><N who="2" m="49673" /><F79/><W128/><G128/><T14/><D127/><U37/><E37/><V115/><F115/><N who="0" m="44042" /><D44/><N who="1" m="25623" /><E132/><V106/><F106/><W22/><G122/><T18/><D84/><U134/><E35/><N who="2" m="20943" /><F88/><N who="3" m="51295" /><G107/><T133/><D81/><U67/><E134/><AGARI ba="4,2" hai="2,5,9,14,18,21,59,62,66,133,134" m="44042" machi="134" ten="30,2900,0" yaku="15,1,52,1" doraHai="1" who="0" fromWho="1" sc="388,61,113,-41,342,0,137,0" /><INIT seed="4,5,0,1,5,58" ten="449,72,342,137" oya="0" hai0="37,57,90,104,86,32,42,23,61,40,1,26,79" hai1="17,11,122,97,75,69,99,59,88,77,13,74,45" hai2="118,87,95,14,34,50,121,48,8,54,29,4,92" hai3="83,55,66,44,109,114,67,6,56,60,120,25,125"/><T131/><D1/><U2/><E122/><V7/><F121/><W103/><G120/><T127/><D104/><U102/><E69/><V52/><F118/><W71/><G109/><T62/><D32/><U81/><E2/><V111/><F111/><W35/><G114/><T108/><D37/><U91/><E75/><V0/><F0/><W132/><G6/><N who="2" m="2089" /><F29/><W80/><G132/><T93/><D108/><U46/><E97/><V100/><F34/><W78/><G125/><T28/><D127/><U3/><E3/><V41/><F41/><N who="0" m="15978" /><D131/><U12/><E12/><V123/><F123/><W9/><G9/><T19/><D79/><U115/><E115/><V64/><F64/><W110/><G78/><T30/><D62/><U96/><E96/><N who="2" m="59399" /><F50/><W135/><G35/><T89/><D89/><U38/><E38/><V119/><F48/><W133/><G103/><T5/><D5/><U36/><E36/><V21/><F119/><W70/><G110/><T65/><AGARI ba="5,0" hai="19,23,26,28,30,57,61,65,86,90,93" m="15978" machi="65" ten="30,3000,0" yaku="8,1,52,1" doraHai="58" who="0" fromWho="0" sc="449,45,72,-15,342,-15,137,-15" /><INIT seed="4,6,0,3,3,27" ten="494,57,327,122" oya="0" hai0="115,75,5,31,23,128,57,28,120,42,80,18,60" hai1="26,73,108,0,46,14,12,47,50,72,4,58,95" hai2="43,74,37,36,56,118,85,94,112,130,99,49,132" hai3="102,81,88,9,44,3,63,113,41,97,19,70,2"/><T121/><D5/><U116/><E108/><V127/><F74/><W86/><G113/><T122/><D115/><U25/><E116/><V13/><F112/><W91/><G91/><T15/><D42/><U90/><E0/><V21/><F127/><W61/><G19/><T35/><D35/><U52/><E73/><V89/><F132/><W8/><G3/><T20/><D20/><U131/><E72/><V54/><F130/><W126/><G126/><T71/><D71/><U16/><E131/><V6/><F118/><W11/><G70/><T69/><D69/><U68/><E68/><V117/><F117/><W32/><G32/><T62/><D128/><U87/><E12/><V124/><F124/><W38/><REACH who="3" step="1"/><G2/><REACH who="3" ten="494,57,327,112" step="2"/><T1/><D1/><U84/><E4/><V66/><F6/><W33/><G33/><T7/><D7/><U123/><E123/><V100/><F89/><W110/><G110/><T103/><D103/><U107/><E107/><AGARI ba="6,1" hai="8,9,11,38,41,44,61,63,81,86,88,97,102,107" machi="107" ten="40,5200,0" yaku="1,1,54,1,53,1" doraHai="27" doraHaiUra="83" who="3" fromWho="1" sc="494,0,57,-70,327,0,112,80" owari="494,59.0,-13,-51.0,327,13.0,192,-21.0" /></mjloggm>