<mjloggm ver="2.3"><GO type="169" lobby="0"/><UN n0="%73%69%6E%73%69%73%74" n1="%43%68%69%39%77%61" n2="%E3%81%9F%E3%81%8B%E3%81%A3%E3%81%A6%E3%81%83%E3%83%BC" n3="%E4%BB%95%E6%8E%9B%E3%81%91%E3%81%A6%33%E3%82%BB%E3%83%B3%E3%83%81" dan="16,17,18,16" rate="2112.83,2134.42,2277.12,2108.58" sx="M,M,F,M"/><TAIKYOKU oya="0"/><INIT seed="0,0,0,1,0,72" ten="250,250,250,250" oya="0" hai0="101,47,44,29,64,48,68,35,116,113,24,32,22" hai1="115,65,37,13,126,43,33,45,71,119,40,79,4" hai2="59,18,111,130,77,124,57,5,100,9,97,89,30" hai3="7,83,61,88,21,60,80,127,114,128,23,78,102"/><T0/><D113/><U129/><E115/><V67/><F111/><W34/><G114/><T51/><D116/><U90/><E119/><V16/><F130/><W133/><G34/><T2/><D101/><U103/><E33/><V55/><F124/><W41/><G128/><T96/><D96/><U106/><E126/><V121/><F121/><W42/><G127/><T25/><D64/><U84/><E43/><V107/><F30/><W118/><G118/><T73/><D73/><U8/><E129/><V134/><F134/><W112/><G112/><T52/><D68/><U95/><E103/><V131/><F131/><W87/><G102/><T6/><D6/><U105/><E79/><V74/><F89/><W19/><G7/><T62/><D62/><N who="3" m="24169" /><G133/><T46/><D32/><U123/><E123/><V76/><F67/><W108/><G108/><T92/><D92/><U36/><E36/><V98/><F98/><W27/><G21/><T81/><D81/><U17/><E65/><V69/><F69/><W132/><G132/><T58/><REACH who="0" step="1"/><D51/><REACH who="0" ten="240,250,250,250" step="2"/><U54/><E71/><V91/><F74/><W31/><G31/><AGARI ba="0,1" hai="0,2,22,24,25,29,31,35,44,46,47,48,52,58" machi="31" ten="40,7700,0" yaku="1,1,2,1,54,1,53,0" doraHai="72" doraHaiUra="38" who="0" fromWho="3" sc="240,87,250,0,250,0,250,-77" /><INIT seed="0,1,0,1,3,80" ten="327,250,250,173" oya="0" hai0="4,129,89,43,115,21,2,19,61,71,27,116,94" hai1="97,12,112,34,42,69,98,36,8,132,10,56,20" hai2="96,54,35,121,75,40,128,131,41,102,50,38,31" hai3="62,135,127,73,47,60,46,84,82,6,126,7,52"/><T39/><D115/><U65/><E34/><V103/><F121/><W29/><G73/><T87/><D116/><U16/><E69/><V18/><F75/><W3/><G29/><T130/><D39/><U45/><E112/><V0/><F0/><W64/><G135/><T83/><D43/><U24/><E132/><V25/><F18/><W74/><G74/><T67/><D2/><U88/><E10/><V90/><F90/><W134/><G134/><T117/><D117/><U57/><E65/><V86/><F86/><W107/><G107/><T70/><D4/><N who="3" m="1577" /><G3/><T104/><D104/><U9/><E9/><V113/><F113/><W28/><G28/><T14/><D71/><U32/><E32/><V111/><F111/><W49/><G47/><T53/><D53/><U37/><E37/><V99/><F38/><W30/><G30/><T100/><D14/><U95/><REACH who="1" step="1"/><E97/><REACH who="1" ten="327,240,250,173" step="2"/><V81/><F99/><W15/><G64/><T118/><D118/><U72/><E72/><V120/><F96/><W122/><G122/><T22/><D22/><U110/><E110/><V17/><F120/><W124/><G15/><T101/><D130/><U108/><E108/><V114/><F114/><W26/><G26/><T85/><REACH who="0" step="1"/><D129/><REACH who="0" ten="317,240,250,173" step="2"/><U66/><E66/><V76/><F131/><W44/><G44/><T92/><D92/><U125/><E125/><V77/><F128/><W23/><G23/><T133/><D133/><U78/><E78/><AGARI ba="1,2" hai="46,49,52,60,62,78,82,84,124,126,127" m="1577" machi="78" ten="30,3900,0" yaku="18,1,52,1,54,1" doraHai="80" who="3" fromWho="1" sc="317,0,240,-42,250,0,173,62" /><AGARI ba="1,0" hai="19,21,27,61,67,70,78,83,85,87,89,94,100,101" machi="78" ten="30,11600,0" yaku="1,1,7,1,52,2,53,0" doraHai="80" doraHaiUra="33" who="0" fromWho="1" sc="317,116,198,-116,250,0,235,0" /><INIT seed="0,2,0,3,2,27" ten="433,82,250,235" oya="0" hai0="55,6,129,67,95,88,39,31,135,36,62,75,107" hai1="106,13,22,99,30,73,91,98,58,132,117,29,24" hai2="90,120,65,105,89,61,3,111,92,113,84,124,4" hai3="110,71,50,78,69,5,108,123,15,127,68,116,119"/><T41/><D107/><U70/><E117/><N who="3" m="45130" /><G78/><T80/><D55/><U16/><E70/><V42/><F113/><W38/><G15/><T28/><D6/><U128/><E128/><V1/><F120/><W133/><G5/><T17/><D129/><U53/><E132/><V131/><F131/><W7/><G7/><T64/><D17/><U60/><E73/><V112/><F112/><W121/><G38/><T76/><D135/><U130/><E130/><V43/><F105/><W10/><G10/><T86/><D64/><U115/><E115/><V20/><F111/><N who="3" m="42539" /><G133/><T57/><REACH who="0" step="1"/><D36/><REACH who="0" ten="423,82,250,235" step="2"/><U33/><E106/><V52/><F4/><W109/><G109/><T32/><D32/><U0/><E0/><V46/><F1/><W51/><G127/><T18/><D18/><U19/><E30/><V48/><F3/><W118/><G118/><T114/><D114/><U23/><REACH who="1" step="1"/><E91/><REACH who="1" ten="423,72,250,235" step="2"/><V37/><F89/><W85/><G85/><T12/><D12/><AGARI ba="2,2" hai="12,13,16,19,22,23,24,29,33,53,58,60,98,99" machi="12" ten="30,12000,2" yaku="1,1,2,1,7,1,9,1,52,1,54,1,53,0" doraHai="27" doraHaiUra="96" who="1" fromWho="0" sc="423,-126,72,146,250,0,235,0" /><INIT seed="1,0,0,5,4,113" ten="297,218,250,235" oya="1" hai0="33,4,34,55,80,71,84,53,101,108,60,35,121" hai1="77,42,3,94,73,67,115,117,82,111,119,100,124" hai2="76,79,70,50,18,10,104,46,61,8,51,29,87" hai3="86,88,41,2,14,96,110,83,44,12,19,97,133"/><U130/><E3/><V128/><F104/><W59/><G2/><T105/><D108/><U92/><E67/><V28/><F128/><W37/><G110/><T120/><D4/><U112/><E111/><V20/><F70/><W69/><G69/><T58/><D71/><U81/><E42/><V0/><F61/><W74/><G74/><T25/><D105/><U56/><E56/><V109/><F109/><W7/><G133/><T75/><D101/><U89/><E130/><V54/><F50/><W65/><G7/><T48/><D75/><U5/><E5/><V116/><F116/><N who="1" m="44617" /><E124/><V13/><F0/><W103/><G12/><T30/><D55/><U17/><E17/><V129/><F129/><W24/><G24/><T106/><D106/><U98/><E82/><N who="2" m="47559" /><F79/><W23/><REACH who="3" step="1"/><G103/><REACH who="3" ten="297,218,250,225" step="2"/><T38/><D25/><U123/><E123/><V6/><F6/><W91/><G91/><T43/><D121/><U1/><E1/><V122/><F122/><W52/><G52/><T78/><D120/><U63/><E63/><AGARI ba="0,1" hai="14,19,23,37,41,44,59,63,65,83,86,88,96,97" machi="63" ten="40,2600,0" yaku="1,1,54,1,53,0" doraHai="113" doraHaiUra="118" who="3" fromWho="1" sc="297,0,218,-26,250,0,225,36" /><INIT seed="2,0,0,2,5,133" ten="297,192,250,261" oya="2" hai0="101,63,73,117,82,71,10,2,50,81,37,113,45" hai1="34,46,134,110,1,105,56,88,122,92,27,19,135" hai2="83,58,49,14,87,53,61,31,57,112,6,100,11" hai3="15,40,124,114,130,90,18,123,96,89,109,93,126"/><V72/><F112/><W104/><G123/><T64/><D113/><U129/><E105/><V32/><F72/><W95/><G114/><T107/><D117/><U48/><E122/><V68/><F68/><W128/><G104/><T47/><D47/><U125/><E110/><V94/><F32/><W24/><G24/><T30/><D30/><U115/><E115/><V25/><F100/><W5/><G5/><T78/><D81/><U17/><E1/><V127/><F94/><W79/><G79/><T39/><D50/><U111/><E56/><V131/><F131/><N who="3" m="50219" /><G40/><T43/><D39/><U103/><E111/><V119/><F119/><W55/><G55/><T76/><D76/><U77/><E77/><V106/><F106/><W60/><G60/><T84/><D84/><U23/><E34/><V66/><F127/><N who="3" m="48683" /><G109/><T36/><D43/><U54/><E129/><V116/><F116/><W52/><G52/><T98/><D45/><U118/><E118/><V22/><F87/><N who="3" m="52415" /><G18/><T120/><D120/><U59/><E17/><V16/><F83/><W9/><G15/><T12/><D12/><U75/><E125/><V7/><AGARI ba="0,0" hai="6,7,11,14,16,22,25,31,49,53,57,58,61,66" machi="7" ten="30,6000,0" yaku="0,1,8,1,54,1" doraHai="133" who="2" fromWho="2" sc="297,-20,192,-20,250,60,261,-20" /><INIT seed="2,1,0,1,1,49" ten="277,172,310,241" oya="2" hai0="54,130,58,51,16,77,52,81,31,37,26,65,59" hai1="68,7,24,86,2,95,64,53,135,1,74,41,122" hai2="97,45,69,22,50,89,35,13,92,110,111,82,9" hai3="112,47,21,119,99,38,8,60,17,94,32,12,127"/><V103/><F35/><W126/><G119/><T46/><D130/><U71/><E74/><V115/><F69/><W121/><G121/><T75/><D65/><U78/><E122/><V15/><F115/><W91/><G112/><T23/><D37/><U107/><E107/><V98/><F22/><W124/><G32/><T18/><D46/><U88/><E78/><V29/><F29/><W76/><G76/><T106/><D106/><U5/><E135/><V36/><F36/><W87/><G60/><AGARI ba="1,0" hai="16,18,23,26,31,51,52,54,58,59,60,75,77,81" machi="60" ten="30,8000,1" yaku="7,1,52,2,54,2" doraHai="49" who="0" fromWho="3" sc="277,83,172,0,310,0,241,-83" /><INIT seed="3,0,0,4,3,14" ten="360,172,310,158" oya="3" hai0="44,57,120,23,112,105,41,85,15,60,46,76,17" hai1="52,24,6,109,64,22,101,132,26,18,35,80,71" hai2="82,40,100,70,3,19,59,123,45,88,12,48,66" hai3="69,102,75,37,61,33,124,133,128,63,7,114,31"/><W91/><G114/><T4/><D120/><U135/><E109/><V62/><F123/><W28/><G75/><T51/><D105/><U39/><E39/><V125/><F125/><W34/><G124/><T103/><D112/><U55/><E6/><V32/><F3/><W87/><G37/><T21/><D103/><U68/><E101/><V131/><F131/><W118/><G118/><T73/><D73/><U134/><E80/><V77/><F32/><W83/><G128/><T113/><D113/><U108/><E108/><V78/><F100/><W1/><G133/><T67/><D4/><U96/><E96/><V129/><F129/><W79/><G102/><T99/><D99/><U13/><E26/><V29/><F29/><N who="3" m="11339" /><G69/><N who="1" m="26698" /><E64/><V81/><F70/><W92/><G34/><T121/><D121/><U54/><E35/><V9/><F82/><W38/><G38/><T98/><D98/><U119/><E24/><V47/><F47/><W0/><G33/><T93/><D46/><U27/><E27/><V126/><F126/><W107/><G107/><T56/><D56/><U127/><E127/><V130/><F130/><W8/><G1/><T5/><D5/><U42/><E42/><V90/><REACH who="2" step="1"/><F78/><REACH who="2" ten="360,172,300,158" step="2"/><W11/><G79/><T30/><D30/><U16/><E18/><V2/><F2/><N who="3" m="119" /><G83/><T110/><D110/><U49/><E119/><V117/><F117/><W10/><G0/><T122/><D122/><U50/><AGARI ba="0,1" hai="13,16,22,49,50,52,54,55,132,134,135" m="26698" machi="50" ten="40,8000,1" yaku="20,1,52,1,54,2" doraHai="14" who="1" fromWho="1" sc="360,-20,172,90,300,-20,158,-40" /><INIT seed="4,0,0,3,3,96" ten="340,262,280,118" oya="0" hai0="41,79,91,83,46,116,123,22,0,38,108,109,31" hai1="134,66,30,32,34,13,39,60,58,78,69,49,81" hai2="85,5,11,2,113,61,40,86,88,28,21,76,104" hai3="72,119,80,126,125,45,9,7,17,63,15,24,89"/><T71/><D116/><U52/><E134/><V68/><F104/><W87/><G119/><T127/><D123/><U92/><E30/><V70/><F113/><W131/><G131/><T18/><D71/><U98/><E39/><V135/><F135/><W94/><G63/><T57/><D127/><U102/><REACH who="1" step="1"/><E13/><REACH who="1" ten="340,252,280,118" step="2"/><V16/><F28/><W26/><G45/><T114/><D31/><U48/><E48/><V128/><F128/><W37/><G37/><T107/><D0/><U130/><E130/><V115/><F115/><W54/><G54/><T111/><D114/><U50/><E50/><V97/><F40/><W121/><G121/><T53/><D46/><U117/><E117/><V106/><F61/><W62/><G62/><T51/><D41/><U75/><AGARI ba="0,1" hai="32,34,49,52,58,60,66,69,75,78,81,92,98,102" machi="75" ten="20,8000,1" yaku="1,1,0,1,7,1,52,1,54,1,53,0" doraHai="96" doraHaiUra="103" who="1" fromWho="1" sc="340,-40,252,90,280,-20,118,-20" /><INIT seed="5,0,0,1,2,84" ten="300,342,260,98" oya="1" hai0="41,86,119,134,63,106,57,67,104,129,51,92,27" hai1="69,108,120,87,35,115,114,55,72,132,48,70,40" hai2="37,60,17,42,121,34,9,89,75,30,83,52,36" hai3="49,65,101,18,44,117,71,5,25,46,50,61,98"/><U39/><E72/><V81/><F121/><W102/><G117/><T59/><D119/><U58/><E35/><V97/><F34/><W116/><G116/><T2/><D2/><U79/><E120/><V118/><F30/><W103/><G5/><T95/><D129/><U19/><E19/><V88/><F118/><W29/><G18/><T77/><D134/><U99/><E132/><V80/><F75/><W11/><G11/><T90/><D77/><U111/><E99/><V122/><F122/><W26/><G98/><T1/><D1/><U66/><E79/><V73/><F73/><W45/><REACH who="3" step="1"/><G29/><REACH who="3" ten="300,342,260,88" step="2"/><T93/><D104/><U125/><E111/><V128/><F97/><W21/><G21/><T56/><D106/><U20/><E20/><V23/><F9/><W47/><N who="3" m="11264" /><DORA hai="113" /><W130/><G130/><T133/><D133/><U16/><E16/><V94/><F128/><W100/><N who="3" m="25600" /><DORA hai="38" /><W15/><G15/><T78/><D41/><U28/><E28/><V123/><F42/><W64/><G64/><T85/><D67/><U107/><E66/><V0/><F123/><W22/><G22/><T4/><D4/><U109/><E107/><V53/><F0/><W135/><G135/><T124/><D124/><U43/><E125/><V14/><F23/><W126/><G126/><T76/><D86/><U96/><E87/><V127/><F127/><W74/><G74/><T32/><D85/><U13/><E43/><V7/><F7/><W3/><G3/><T110/><D32/><U31/><E40/><V131/><F131/><W68/><G68/><T24/><D110/><RYUUKYOKU ba="0,1" sc="300,-10,342,-10,260,-10,88,30" hai3="25,26,49,50,61,65,71" /><INIT seed="6,1,1,3,0,49" ten="290,332,250,118" oya="2" hai0="45,88,109,64,82,74,128,69,47,17,46,30,132" hai1="102,37,59,89,101,117,56,66,9,15,42,70,105" hai2="111,131,53,71,114,106,51,22,84,23,78,68,99" hai3="18,129,6,60,21,72,27,86,83,33,20,73,0"/><V58/><F114/><W36/><G36/><T25/><D109/><U63/><E117/><V57/><F111/><W12/><G129/><T116/><D128/><U90/><E37/><V41/><F131/><W103/><G103/><N who="1" m="39434" /><E70/><V121/><F121/><W43/><G43/><T14/><D132/><U85/><E105/><V3/><F3/><W135/><G135/><T107/><D107/><U125/><E125/><V35/><F35/><W133/><G133/><T124/><D69/><U127/><E42/><V91/><F106/><W104/><G104/><T7/><D64/><U28/><E127/><V96/><F78/><W94/><G94/><T108/><D74/><U16/><E28/><V24/><F68/><W39/><G39/><T77/><D77/><U26/><E26/><V50/><F71/><W100/><G100/><T11/><D108/><U123/><E123/><V87/><F87/><W31/><G20/><N who="2" m="7721" /><F24/><W113/><G60/><T54/><D116/><U75/><E75/><V4/><F4/><W32/><G32/><T1/><D30/><U97/><E97/><V34/><F34/><W2/><G2/><T79/><D79/><U122/><E122/><V118/><F118/><W115/><G113/><T65/><D25/><U10/><E85/><V44/><F58/><W95/><G95/><AGARI ba="1,1" hai="41,44,50,51,53,57,84,91,95,96,99" m="7721" machi="95" ten="30,2900,0" yaku="8,1,52,1" doraHai="49" who="2" fromWho="3" sc="290,0,332,0,250,42,118,-32" /><INIT seed="6,2,0,4,0,131" ten="290,332,292,86" oya="2" hai0="77,89,103,95,81,0,71,133,55,90,113,123,51" hai1="3,16,80,50,68,23,43,21,134,91,11,118,126" hai2="82,29,37,129,83,99,108,92,24,78,15,25,76" hai3="72,26,14,7,20,42,93,56,62,45,87,64,35"/><V65/><F129/><W120/><G72/><T49/><D123/><U67/><E118/><V13/><F37/><W18/><G35/><T116/><D0/><U97/><E126/><V48/><F108/><W79/><G120/><T100/><D71/><U4/><E134/><V84/><F65/><W132/><G132/><T70/><D70/><U33/><E33/><V38/><F38/><W47/><G42/><T53/><D133/><U98/><E23/><V96/><F48/><W105/><G105/><T86/><D113/><U46/><E91/><N who="0" m="34825" /><D116/><U2/><E2/><V69/><F69/><W101/><G101/><N who="0" m="38987" /><D95/><U125/><E80/><V107/><F107/><W106/><G106/><T109/><D109/><U111/><E125/><V117/><F117/><W110/><G110/><T28/><D28/><U60/><REACH who="1" step="1"/><E111/><REACH who="1" ten="290,322,292,86" step="2"/><V1/><F1/><W73/><G73/><T34/><D34/><U112/><E112/><V122/><F122/><W130/><G130/><T41/><D41/><U59/><E59/><V127/><F127/><W12/><G12/><AGARI ba="2,1" hai="3,4,11,12,16,21,43,46,50,60,67,68,97,98" machi="12" ten="30,3900,0" yaku="1,1,7,1,54,1,53,0" doraHai="131" doraHaiUra="124" who="1" fromWho="3" sc="290,0,322,55,292,0,86,-45" /><INIT seed="7,0,0,3,2,51" ten="290,377,292,41" oya="3" hai0="61,121,23,91,80,135,131,117,22,55,46,21,87" hai1="36,75,119,92,20,3,86,134,17,66,102,60,126" hai2="82,106,77,115,76,57,49,96,116,18,113,122,78" hai3="6,125,72,62,79,88,10,44,97,56,95,43,112"/><W103/><G112/><N who="2" m="43081" /><F116/><W30/><G125/><T2/><D117/><U40/><E75/><N who="2" m="43295" /><F122/><W5/><G30/><T133/><D2/><U74/><E40/><V48/><F18/><W114/><G114/><T58/><D121/><U15/><E60/><V59/><F48/><W85/><G79/><N who="2" m="30217" /><F49/><W7/><G72/><T52/><D131/><U11/><E20/><V28/><F28/><W35/><G35/><T42/><REACH who="0" step="1"/><D55/><REACH who="0" ten="280,377,292,41" step="2"/><U31/><E3/><V105/><F105/><W14/><G44/><T25/><D25/><U33/><E119/><V104/><F104/><W111/><G43/><T132/><D132/><U89/><E134/><V26/><F26/><W109/><G111/><T65/><D65/><U83/><E66/><V34/><F34/><W1/><G109/><T4/><D4/><U9/><E33/><V124/><F124/><W99/><G1/><T13/><D13/><U38/><E15/><V93/><F106/><W120/><G120/><T63/><D63/><U128/><E126/><V27/><F27/><W50/><G50/><AGARI ba="0,1" hai="21,22,23,42,46,50,52,58,61,80,87,91,133,135" machi="50" ten="40,8000,1" yaku="1,1,52,1,54,1,53,1" doraHai="51" doraHaiUra="37" who="0" fromWho="3" sc="280,90,377,0,292,0,41,-80" owari="370,17.0,377,48.0,292,-11.0,-39,-54.0" /></mjloggm>