<mjloggm ver="2.3"><GO type="185" lobby="0"/><UN n0="%74%2E%6F%2E%6F%2E%73" n1="%E5%A4%A7%E5%92%8C%E6%A1%9C" n2="%4C%61%69%74%79" n3="" dan="17,18,17,0" rate="2284.60,2291.98,2231.48,1500.00" sx="M,F,F,C"/><TAIKYOKU oya="0"/><INIT seed="0,0,0,3,2,115" ten="350,350,350,0" oya="0" hai0="34,70,120,85,117,102,66,108,100,54,2,53,103" hai1="49,90,91,110,127,133,48,129,32,97,61,106,42" hai2="59,45,92,112,1,96,74,125,84,3,130,86,44" hai3=""/><T73/><N who="0" m="30752" /><T114/><D114/><U83/><E32/><V41/><F112/><T101/><D34/><U77/><E110/><V82/><F74/><T51/><D2/><U39/><E133/><V89/><F130/><T118/><D73/><U107/><E127/><V113/><F125/><T35/><D35/><U76/><E39/><V43/><F59/><T57/><D108/><U98/><E61/><V119/><F113/><T111/><D111/><U132/><E132/><V109/><F109/><T72/><D72/><U0/><E83/><V52/><F86/><T131/><D131/><U33/><E33/><V105/><F105/><T126/><D126/><U94/><E94/><V58/><F45/><T80/><D53/><U65/><E129/><V46/><F46/><T79/><N who="0" m="25600" /><DORA hai="71" /><T36/><REACH who="0" step="1"/><D36/><REACH who="0" ten="340,350,350,0" step="2"/><U63/><E0/><V68/><F3/><T95/><D95/><U134/><E134/><V78/><F1/><T38/><D38/><U122/><E107/><V50/><F92/><T87/><D87/><U99/><E106/><V81/><F84/><T116/><D116/><U124/><E124/><V93/><F119/><T135/><D135/><U64/><N who="1" m="31264" /><U55/><E55/><V37/><F52/><T62/><AGARI ba="0,1" hai="51,54,57,62,66,70,79,80,85,117,118" m="25600,30752" machi="62" ten="40,12000,2" yaku="1,1,5,1,0,1,52,3,53,0" doraHai="115,71" doraHaiUra="123,121" who="0" fromWho="0" sc="340,130,350,-60,350,-60,0,0" /><INIT seed="0,1,0,0,1,68" ten="470,290,290,0" oya="0" hai0="124,127,131,75,77,47,69,103,122,45,2,90,128" hai1="37,46,108,113,41,93,87,59,121,3,112,42,130" hai2="36,72,115,52,39,89,126,57,58,109,98,114,32" hai3=""/><T65/><N who="0" m="31264" /><T67/><D2/><U48/><N who="1" m="31008" /><U80/><E3/><V99/><F72/><T79/><D103/><U60/><E108/><V76/><F76/><N who="0" m="29258" /><D75/><U78/><E130/><N who="0" m="49705" /><D90/><U96/><E42/><V38/><F32/><T119/><D119/><U53/><REACH who="1" step="1"/><E60/><REACH who="1" ten="470,280,290,0" step="2"/><V110/><F109/><T70/><D124/><U66/><E66/><N who="0" m="25097" /><D127/><U104/><E104/><V92/><F126/><T102/><D102/><AGARI ba="1,1" hai="37,41,46,48,53,59,78,80,87,93,96,102,112,113" m="31008" machi="102" ten="40,5200,0" yaku="1,1,52,2,53,0" doraHai="68" doraHaiUra="134" who="1" fromWho="0" sc="470,-54,280,64,290,0,0,0" /><INIT seed="1,0,0,1,5,41" ten="416,344,290,0" oya="1" hai0="85,114,72,92,2,69,129,34,90,37,39,68,126" hai1="117,108,77,101,82,81,76,61,78,74,109,116,103" hai2="113,48,132,75,71,50,83,121,100,106,135,133,99" hai3=""/><U59/><E59/><V66/><N who="2" m="31008" /><V55/><F113/><T122/><D114/><U124/><E61/><V35/><F35/><T112/><N who="0" m="31264" /><T118/><D112/><U60/><E60/><V93/><F106/><T45/><D34/><U120/><N who="1" m="30752" /><U97/><E124/><V0/><F0/><T42/><D2/><U52/><E52/><V87/><F75/><T70/><D72/><U67/><E67/><V125/><F125/><T3/><D3/><U64/><E64/><V107/><F107/><T80/><D129/><U123/><N who="1" m="31520" /><U89/><E89/><V130/><F130/><T65/><D126/><U84/><E78/><V134/><N who="2" m="33792" /><DORA hai="47" /><V38/><F38/><T86/><D118/><N who="1" m="45675" /><E103/><V128/><F128/><T46/><D46/><U88/><E77/><V110/><F55/><T49/><REACH who="0" step="1"/><D65/><REACH who="0" ten="406,344,290,0" step="2"/><U104/><AGARI ba="0,1" hai="74,76,81,82,84,88,97,101,104,108,109" m="45675,31520,30752" machi="104" ten="30,8000,1" yaku="34,2,52,2,54,1" doraHai="41,47" who="1" fromWho="1" sc="406,-40,344,90,290,-40,0,0" /><INIT seed="1,1,0,2,1,123" ten="366,434,250,0" oya="1" hai0="103,83,57,93,72,88,60,132,95,113,96,122,106" hai1="131,46,63,40,2,66,32,85,86,100,119,109,39" hai2="73,67,34,49,47,91,105,61,45,135,68,127,125" hai3=""/><U36/><E119/><V71/><F34/><T94/><N who="0" m="31264" /><T43/><D132/><U54/><E32/><V0/><F0/><T110/><D110/><U104/><E2/><V124/><F73/><T98/><D43/><U128/><E39/><V38/><F105/><T80/><D113/><U58/><E109/><V89/><F71/><T76/><REACH who="0" step="1"/><D80/><REACH who="0" ten="356,434,250,0" step="2"/><U74/><E74/><V3/><F135/><T120/><N who="0" m="30752" /><T114/><D114/><U133/><E133/><V116/><F3/><T99/><D99/><U56/><E131/><V84/><F116/><T79/><D79/><U53/><E128/><V51/><F38/><T78/><D78/><U102/><E66/><AGARI ba="1,1" hai="57,60,66,72,76,83,88,93,94,95,96,98,103,106" m="30752,31264" machi="66" ten="30,12000,2" yaku="1,1,7,1,52,2,54,1,53,1" doraHai="123" doraHaiUra="59" who="0" fromWho="1" sc="356,132,434,-122,250,0,0,0" /><INIT seed="2,0,0,2,2,97" ten="488,312,250,0" oya="2" hai0="39,104,72,120,88,75,67,34,44,57,36,54,65" hai1="126,100,73,71,53,109,102,118,113,95,41,58,1" hai2="47,122,80,62,42,116,96,59,105,77,128,119,74" hai3=""/><V76/><N who="2" m="31264" /><V103/><F77/><T114/><N who="0" m="30752" /><T70/><D34/><U115/><E1/><V87/><F74/><T84/><D104/><U3/><E3/><V93/><F105/><T127/><D127/><U35/><E71/><V135/><F135/><T50/><D114/><U91/><E35/><V101/><F128/><T86/><D86/><U61/><E126/><V69/><F69/><T33/><D33/><U83/><E109/><V111/><F103/><T131/><D131/><U98/><E118/><V45/><F111/><T49/><D36/><U107/><E41/><V32/><F32/><T66/><D39/><U130/><E130/><V124/><F124/><T99/><D99/><U90/><E90/><V85/><F85/><T40/><REACH who="0" step="1"/><D70/><REACH who="0" ten="478,312,250,0" step="2"/><U134/><E107/><V63/><F62/><T123/><N who="0" m="31520" /><T52/><D52/><U55/><E55/><V92/><F116/><T112/><D112/><U108/><E113/><V117/><F117/><T79/><D79/><U94/><E115/><V78/><F78/><T46/><D46/><U81/><E61/><V64/><F119/><T2/><D2/><U82/><E53/><V0/><F0/><T106/><D106/><U43/><E98/><V133/><F96/><RYUUKYOKU ba="0,1" sc="478,20,312,-10,250,-10,0,0" hai0="40,44,49,50,54,57,65,66,67,72,75,84,88" /><INIT seed="4,1,1,1,4,78" ten="498,302,240,0" oya="0" hai0="101,52,41,93,48,46,88,54,80,79,111,45,40" hai1="112,83,99,60,69,2,63,97,115,130,87,124,33" hai2="50,92,108,39,81,98,49,85,76,110,107,84,100" hai3=""/><T91/><D111/><U122/><N who="1" m="31264" /><U64/><E33/><V72/><F39/><T86/><D101/><U134/><E2/><V103/><F50/><T65/><D65/><U38/><E38/><V34/><F49/><T56/><D91/><U77/><E134/><V113/><F34/><T0/><D0/><U114/><E124/><V105/><F113/><T128/><D128/><U62/><E130/><V117/><F117/><T44/><REACH who="0" step="1"/><D54/><REACH who="0" ten="488,302,240,0" step="2"/><U74/><E74/><AGARI ba="1,2" hai="40,41,44,45,46,48,52,56,74,79,80,86,88,93" machi="74" ten="40,18000,2" yaku="1,1,2,1,52,1,54,2,53,1" doraHai="78" doraHaiUra="89" who="0" fromWho="1" sc="488,202,302,-182,240,0,0,0" /><INIT seed="4,2,0,4,5,106" ten="690,120,240,0" oya="0" hai0="81,94,111,118,130,113,87,63,128,47,82,79,70" hai1="42,129,1,38,88,44,53,122,135,55,134,121,56" hai2="52,71,108,112,33,96,0,49,50,62,109,110,39" hai3=""/><T133/><D118/><U37/><N who="1" m="31008" /><U43/><N who="1" m="31264" /><U120/><N who="1" m="30752" /><U78/><E1/><V3/><F33/><T34/><D34/><U132/><E78/><V93/><F39/><N who="1" m="14857" /><E129/><V86/><F86/><T65/><D94/><U103/><E103/><V76/><F76/><T124/><D81/><U84/><E44/><V73/><F108/><T58/><D111/><U95/><E55/><V69/><F52/><T2/><D2/><U126/><E126/><V54/><F54/><T104/><D124/><U91/><E91/><V41/><F3/><T107/><D47/><U40/><E40/><V36/><F41/><T102/><D102/><U89/><E89/><V99/><F36/><T117/><D128/><U45/><E45/><V60/><F0/><T48/><D130/><U123/><N who="1" m="31520" /><U115/><E115/><V59/><F112/><T85/><D113/><U51/><AGARI ba="2,0" hai="42,43,51,53,56,84,88,95,132,134,135" m="31520,14857,30752,31264,31008" machi="51" ten="40,9000,2" yaku="20,1,52,4,54,1" doraHai="106" who="1" fromWho="1" sc="690,-62,120,94,240,-32,0,0" /><INIT seed="5,0,0,1,1,50" ten="628,214,208,0" oya="1" hai0="119,111,59,99,44,121,73,34,107,35,60,120,71" hai1="88,75,89,96,125,32,81,37,82,46,36,68,43" hai2="117,69,93,58,98,67,135,116,65,122,129,102,77" hai3=""/><U53/><E32/><V124/><N who="2" m="31264" /><V91/><F69/><T84/><N who="0" m="30752" /><T80/><N who="0" m="31008" /><T70/><D111/><U100/><E68/><V97/><F124/><T90/><D119/><U123/><N who="1" m="31520" /><U72/><E125/><V3/><F3/><T45/><D73/><U126/><E126/><V57/><F77/><T54/><D71/><U83/><E36/><V85/><F135/><T42/><D70/><U95/><REACH who="1" step="1"/><E53/><REACH who="1" ten="628,204,208,0" step="2"/><V105/><F129/><T47/><D34/><U66/><E66/><V128/><F128/><T106/><D35/><U52/><E52/><V132/><F132/><T127/><D127/><U56/><E56/><V38/><F38/><T108/><D108/><U0/><E0/><V101/><F58/><T78/><D42/><U114/><E114/><V40/><F40/><T79/><D54/><U104/><E104/><V115/><F115/><T61/><D59/><U130/><E130/><V1/><F1/><T64/><D64/><U49/><E49/><V134/><F134/><T74/><D107/><U33/><E33/><V76/><F67/><T48/><D48/><U118/><E118/><N who="2" m="45675" /><F57/><T94/><D106/><U92/><E92/><V103/><F65/><T112/><D112/><U87/><E87/><RYUUKYOKU ba="0,1" sc="628,0,204,0,208,0,0,0" hai0="44,45,47,60,61,74,78,79,80,84,90,94,99" hai1="37,43,46,72,75,81,82,83,88,89,95,96,100" hai2="76,85,91,93,97,98,101,102,103,105" /><INIT seed="5,1,1,5,0,94" ten="628,204,208,0" oya="1" hai0="78,118,122,61,126,114,41,36,74,115,77,133,102" hai1="124,54,63,3,86,104,57,120,134,107,73,47,103" hai2="84,97,38,69,79,2,37,112,72,90,49,65,58" hai3=""/><U82/><N who="1" m="30752" /><U34/><E34/><V75/><F2/><T71/><N who="0" m="31264" /><T88/><D126/><U46/><E3/><V45/><F69/><T48/><D36/><U60/><E124/><V110/><F110/><T132/><D102/><U83/><E134/><N who="0" m="51817" /><D118/><U33/><E33/><V99/><F112/><T87/><D41/><U116/><E116/><V32/><F32/><T76/><D48/><U55/><E103/><V91/><F38/><T81/><D74/><U135/><E135/><V100/><F37/><T50/><D50/><U42/><E42/><V64/><F75/><T0/><D0/><U108/><E73/><V119/><F119/><T43/><D43/><U68/><E108/><V105/><F72/><T53/><D53/><U101/><E101/><V40/><F100/><T89/><D89/><N who="2" m="33802" /><F105/><T129/><D129/><U93/><E93/><V80/><F65/><AGARI ba="1,1" hai="61,65,71,76,77,78,81,87,88,114,115" m="51817,31264" machi="65" ten="40,5200,0" yaku="20,1,52,1,54,1" doraHai="94" who="0" fromWho="2" sc="628,64,204,0,208,-54,0,0" /><INIT seed="6,0,0,3,3,98" ten="692,204,154,0" oya="2" hai0="87,62,59,58,60,41,115,84,65,69,126,118,116" hai1="36,32,85,94,34,43,45,121,2,97,110,106,75" hai2="40,57,79,91,109,122,39,35,133,55,3,64,0" hai3=""/><V42/><N who="2" m="31264" /><V61/><F35/><T53/><D126/><U33/><N who="1" m="31008" /><U50/><E110/><V99/><F109/><T127/><D127/><U70/><E75/><V131/><F79/><T80/><D41/><U123/><N who="1" m="31520" /><U47/><E70/><V96/><F133/><T129/><D129/><U89/><E2/><V46/><F131/><T88/><D115/><U68/><E68/><V111/><F111/><T86/><D86/><U77/><E77/><V95/><F42/><T1/><D1/><U105/><REACH who="1" step="1"/><E85/><REACH who="1" ten="692,194,154,0" step="2"/><V74/><F74/><T81/><REACH who="0" step="1"/><D69/><REACH who="0" ten="682,194,154,0" step="2"/><U92/><E92/><V48/><REACH who="2" step="1"/><F99/><REACH who="2" ten="682,194,144,0" step="2"/><T67/><D67/><U51/><E51/><V107/><F107/><T38/><D38/><U76/><E76/><AGARI ba="0,3" hai="53,58,59,60,62,65,76,80,81,84,87,88,116,118" machi="76" ten="30,7700,0" yaku="1,1,7,1,54,1,53,1" doraHai="98" doraHaiUra="63" who="0" fromWho="1" sc="682,107,194,-77,144,0,0,0" owari="789,74.0,117,-48.0,144,-26.0,0,0.0" /></mjloggm>