<mjloggm ver="2.3"><GO type="169" lobby="0"/><UN n0="%E9%87%8E%E5%B4%8E%E7%B6%AD%E7%B9%94%E2%98%85" n1="%79%69%6E%6E%65%72%30%36" n2="%E6%A1%9C%E5%B3%B6%E9%BA%BB%E8%A1%A3" n3="%6B%75%72%6F%6E%6F%35%39" dan="16,16,17,16" rate="2181.44,2151.43,2159.00,2075.52" sx="F,M,F,M"/><TAIKYOKU oya="0"/><INIT seed="0,0,0,2,4,30" ten="250,250,250,250" oya="0" hai0="28,38,129,62,3,102,120,32,108,29,54,55,36" hai1="35,75,61,57,128,93,43,134,1,103,22,118,51" hai2="115,50,131,77,46,130,90,125,96,34,45,87,91" hai3="69,6,42,106,14,11,16,19,63,20,127,70,116"/><T135/><D120/><U88/><E118/><V17/><F115/><W49/><G116/><T40/><D3/><U84/><E1/><V12/><F125/><W26/><G127/><T27/><D129/><N who="2" m="49162" /><F34/><W0/><G106/><T72/><D72/><U76/><E134/><V92/><F77/><W52/><G42/><T67/><D135/><U37/><E37/><V81/><F50/><W89/><G89/><T18/><D29/><U124/><E124/><V94/><F94/><W112/><G63/><T78/><D78/><U74/><E128/><V31/><F31/><W126/><G112/><T4/><D4/><U59/><E103/><V86/><F86/><W9/><REACH who="3" step="1"/><G126/><REACH who="3" ten="250,250,250,240" step="2"/><T80/><D40/><U95/><E61/><V79/><F91/><W105/><G105/><T98/><D62/><U58/><E88/><V107/><F107/><W132/><G132/><T44/><D102/><U24/><E43/><V21/><AGARI ba="0,1" hai="12,17,21,45,46,79,81,87,90,92,96" m="49162" machi="21" ten="30,1100,0" yaku="19,1" doraHai="30" who="2" fromWho="2" sc="250,-5,250,-3,250,21,240,-3" /><INIT seed="1,0,0,4,0,123" ten="245,247,271,237" oya="1" hai0="65,68,73,7,41,108,53,13,9,37,0,32,63" hai1="117,10,49,124,62,134,22,38,26,98,25,122,29" hai2="116,99,81,24,57,127,35,17,87,15,129,78,105" hai3="70,14,76,19,93,48,92,6,135,74,94,82,59"/><U42/><E122/><V90/><F116/><W55/><G135/><T16/><D73/><U111/><E117/><V79/><F127/><W120/><G70/><T18/><D32/><U118/><E118/><V133/><F133/><W114/><G120/><T130/><D130/><U109/><E134/><V5/><F129/><W36/><G6/><T39/><D108/><N who="1" m="41547" /><E124/><V75/><F5/><W132/><G132/><T12/><D41/><U69/><E10/><V3/><F57/><W61/><G36/><T72/><D72/><U101/><E26/><V77/><F3/><W100/><G114/><T112/><D112/><U119/><E119/><V50/><F50/><W11/><REACH who="3" step="1"/><G48/><REACH who="3" ten="245,247,271,227" step="2"/><T121/><D121/><U40/><E49/><V131/><F131/><W125/><G125/><T66/><D7/><U8/><E38/><V44/><F75/><W30/><G30/><T20/><D0/><U128/><E128/><V67/><F35/><W56/><G56/><T58/><D66/><N who="1" m="41175" /><E8/><V45/><F24/><W23/><G23/><T80/><D65/><U1/><E1/><V113/><F113/><W83/><G83/><T84/><D68/><U110/><N who="1" m="41555" /><U28/><DORA hai="96" /><E28/><V89/><F81/><W115/><G115/><T51/><D51/><U52/><E52/><V103/><F67/><W107/><G107/><AGARI ba="0,1" hai="22,25,29,40,42,98,101,107" m="41175,41555" machi="107" ten="40,18000,2" yaku="14,1,10,1,52,5" doraHai="123,96" who="1" fromWho="3" sc="245,0,247,190,271,0,227,-180" /><INIT seed="1,1,0,0,4,37" ten="245,437,271,47" oya="1" hai0="11,62,129,17,34,100,92,89,46,22,42,114,79" hai1="56,85,10,82,30,93,1,44,109,49,86,120,116" hai2="20,107,110,4,126,0,8,65,40,113,105,32,66" hai3="9,48,5,12,21,39,53,102,54,135,16,52,35"/><U128/><E120/><V90/><F32/><W83/><G135/><T38/><D34/><U59/><E116/><V77/><F110/><W115/><G115/><T28/><D114/><U87/><E128/><V36/><F113/><W43/><G35/><T95/><D129/><U104/><E104/><V13/><F126/><W67/><G67/><T2/><D79/><U24/><E109/><V74/><F90/><W121/><G121/><T103/><D62/><U23/><E93/><V108/><F108/><W71/><G71/><T70/><D70/><U94/><E94/><V15/><F66/><W88/><G102/><T47/><D47/><U25/><E25/><V51/><F51/><W122/><G39/><T127/><D92/><U57/><E10/><V31/><F31/><W84/><G122/><T18/><D28/><U14/><E14/><N who="2" m="5131" /><F65/><W133/><G133/><T19/><D22/><U58/><E1/><V3/><F3/><W63/><G63/><T64/><D64/><U29/><E29/><V50/><F50/><W123/><G123/><T106/><D106/><U73/><N who="1" m="14336" /><DORA hai="6" /><U124/><E124/><V97/><F97/><W117/><G117/><T131/><D127/><U132/><E73/><V55/><F20/><W118/><G118/><T125/><D125/><U75/><E75/><V7/><F7/><W81/><G81/><T61/><D61/><U91/><REACH who="1" step="1"/><E132/><REACH who="1" ten="245,427,271,47" step="2"/><V69/><F69/><W33/><G33/><T99/><D131/><U119/><E119/><V96/><F107/><W98/><G98/><T76/><D76/><U111/><E111/><V26/><F96/><RYUUKYOKU ba="1,1" sc="245,15,427,15,271,-15,47,-15" hai0="2,11,17,18,19,38,42,46,89,95,99,100,103" hai1="23,24,30,44,49,82,85,86,87,91" /><INIT seed="1,2,1,2,2,77" ten="260,442,256,32" oya="1" hai0="118,67,113,47,56,132,61,28,108,134,103,3,116" hai1="71,110,21,11,104,13,43,5,38,81,14,62,30" hai2="89,36,60,99,114,97,85,17,75,1,83,35,82" hai3="20,88,0,4,18,54,23,31,51,50,29,115,135"/><U9/><E104/><V102/><F36/><W76/><G115/><T111/><D3/><U27/><E38/><V32/><F1/><W33/><G135/><N who="0" m="51755" /><D103/><U79/><E110/><N who="0" m="42025" /><D28/><U107/><E107/><V123/><F123/><W15/><G76/><T69/><D113/><U91/><E43/><V78/><F114/><W65/><G65/><T129/><D129/><U6/><E91/><V105/><F60/><W93/><G33/><T64/><D64/><U90/><E90/><V128/><F128/><W121/><G121/><T39/><D69/><U52/><E71/><V34/><F97/><W26/><G0/><T22/><D22/><U37/><E37/><V49/><F17/><W19/><G4/><T98/><D98/><U92/><E92/><V68/><F68/><W40/><G40/><AGARI ba="2,1" hai="39,40,47,56,61,67,116,118" m="42025,51755" machi="40" ten="30,7700,0" yaku="20,1,14,1,34,2" doraHai="77" who="0" fromWho="3" sc="260,93,442,0,256,0,32,-83" owari="353,15.0,442,54.0,256,-14.0,-51,-55.0" /></mjloggm>