<mjloggm ver="2.3"><GO type="185" lobby="0"/><UN n0="%6B%2D%70%6F%69%6E%74" n1="%E3%81%B5%E3%81%8B" n2="%4D%4A%E6%9C%80%E5%BC%B7%E4%BD%8D" n3="" dan="17,16,17,0" rate="2293.56,2235.26,2230.02,1500.00" sx="M,M,M,C"/><TAIKYOKU oya="0"/><INIT seed="0,0,0,4,5,43" ten="350,350,350,0" oya="0" hai0="123,76,94,73,135,115,40,119,3,60,79,62,50" hai1="56,75,102,127,49,46,98,131,35,91,65,97,107" hai2="82,45,83,48,51,39,84,78,92,113,112,103,96" hai3=""/><T129/><N who="0" m="31520" /><T128/><D115/><U121/><N who="1" m="31008" /><U104/><E35/><V42/><F39/><T61/><D119/><U1/><E1/><V54/><REACH who="2" step="1"/><F82/><REACH who="2" ten="350,350,340,0" step="2"/><T86/><D3/><U132/><E132/><V37/><F37/><T59/><D135/><U95/><E131/><V33/><F33/><T108/><D129/><U70/><E127/><V57/><AGARI ba="0,1" hai="42,45,48,51,54,57,78,83,84,92,96,103,112,113" machi="57" ten="20,6000,1" yaku="1,1,0,1,7,1,52,1,53,1" doraHai="43" doraHaiUra="90" who="2" fromWho="2" sc="350,-40,350,-20,340,70,0,0" /><INIT seed="1,0,0,0,4,48" ten="310,330,410,0" oya="1" hai0="118,97,49,132,109,87,55,40,33,59,99,37,75" hai1="44,81,114,1,52,128,54,122,126,72,85,121,82" hai2="106,64,41,112,134,71,107,86,34,3,91,117,35" hai3=""/><U68/><N who="1" m="31008" /><U98/><N who="1" m="31264" /><U83/><E1/><V45/><F117/><T50/><D33/><U62/><E114/><V127/><F3/><T43/><D75/><U42/><E72/><V60/><F112/><T125/><D37/><U131/><E98/><V63/><F127/><T57/><D118/><U130/><E126/><V90/><F134/><T111/><D125/><U47/><E85/><V77/><F77/><T120/><N who="0" m="30752" /><T103/><D87/><U135/><E135/><V93/><F63/><T79/><D132/><U36/><E47/><V133/><F90/><T66/><D79/><U78/><E78/><V56/><F71/><T124/><D124/><U53/><E68/><V84/><F86/><T104/><D99/><U95/><E95/><V0/><F0/><T58/><D58/><AGARI ba="0,0" hai="36,42,44,52,53,54,58,62,81,82,83,128,130,131" m="31264,31008" machi="58" ten="50,18000,2" yaku="19,1,52,5,54,1" doraHai="48" who="1" fromWho="0" sc="310,-180,330,180,410,0,0,0" /><INIT seed="1,1,0,2,0,40" ten="130,510,410,0" oya="1" hai0="99,85,96,69,120,48,54,82,118,72,95,109,105" hai1="89,84,117,70,134,119,112,37,133,131,42,44,65" hai2="34,59,135,132,110,127,61,2,128,38,129,71,130" hai3=""/><U126/><E112/><V107/><F34/><T35/><N who="0" m="30752" /><T43/><D35/><U124/><E131/><V92/><F107/><T86/><D69/><U57/><E57/><V68/><F2/><T67/><D67/><U51/><E51/><V125/><F92/><T78/><D118/><N who="1" m="45067" /><E84/><V53/><F38/><T45/><D105/><U111/><E89/><V104/><F104/><T62/><D99/><U41/><E41/><V56/><F110/><T77/><D77/><U100/><E100/><V36/><F36/><T93/><D109/><U58/><E58/><V3/><F59/><T75/><D62/><U88/><E88/><V49/><F3/><T33/><D86/><U32/><E32/><V98/><F98/><T103/><D33/><U1/><E1/><V79/><F79/><T64/><D64/><U87/><E87/><V0/><F0/><T74/><REACH who="0" step="1"/><D95/><REACH who="0" ten="120,510,410,0" step="2"/><U50/><E111/><V113/><F113/><T66/><D66/><U123/><N who="1" m="31520" /><U115/><E115/><V80/><F61/><T102/><D102/><U91/><E65/><V47/><F68/><T97/><D97/><U81/><E70/><V83/><F71/><T121/><N who="0" m="31008" /><T101/><D101/><U52/><E91/><V94/><F129/><RYUUKYOKU ba="1,1" sc="120,20,510,-10,410,-10,0,0" hai0="43,45,48,54,72,74,75,78,82,85,93,96,103" /><INIT seed="2,2,1,5,5,112" ten="140,500,400,0" oya="2" hai0="87,71,128,44,32,52,103,72,88,41,131,34,100" hai1="77,61,89,111,102,38,37,127,122,124,66,95,47" hai2="99,84,50,135,70,45,105,36,119,117,129,118,114" hai3=""/><V54/><F114/><T42/><D72/><U83/><N who="1" m="31264" /><U1/><E102/><V65/><F135/><T121/><N who="0" m="31008" /><T64/><D71/><U33/><E111/><V0/><F0/><T98/><D64/><U79/><E33/><V3/><F3/><T78/><D78/><N who="1" m="29707" /><E83/><V58/><F84/><T108/><D108/><U63/><E1/><V107/><F99/><T39/><D42/><U81/><E81/><V40/><REACH who="2" step="1"/><F129/><REACH who="2" ten="140,500,390,0" step="2"/><N who="0" m="49738" /><D98/><U46/><E124/><V48/><F48/><T104/><D32/><U59/><E127/><V53/><F53/><T56/><D34/><U82/><E37/><V123/><N who="2" m="31520" /><V116/><N who="2" m="29696" /><DORA hai="57" /><V60/><AGARI ba="2,2" hai="36,40,45,50,54,58,60,65,70,105,107" m="29696,31520" machi="60" ten="60,32000,5" yaku="1,1,4,1,0,1,24,2,52,6,53,4" doraHai="112,57" doraHaiUra="115,90" who="2" fromWho="2" sc="140,-162,500,-162,390,344,0,0" owari="-22,-62.0,338,-6.0,734,68.0,0,0.0" /></mjloggm>