<mjloggm ver="2.3"><GO type="169" lobby="0"/><UN n0="%E2%80%A0%E7%99%BD%E5%85%8E%E2%80%A0" n1="%74%61%6E%61%4B%61" n2="%E6%99%82%E9%9B%A8%E8%92%BC%E7%87%95%E6%B5%81" n3="%E3%83%81%E3%83%A5%E3%83%BC%E3%83%88%E7%A6%8F%E7%94%B0%E4%BC%BC" dan="19,17,16,16" rate="2240.14,2137.79,2137.95,2093.56" sx="M,M,M,M"/><TAIKYOKU oya="0"/><INIT seed="0,0,0,1,4,78" ten="250,250,250,250" oya="0" hai0="130,55,41,3,32,46,53,8,28,36,94,74,96" hai1="132,33,2,110,19,25,17,121,118,81,85,79,129" hai2="77,54,106,122,58,59,90,45,97,72,24,1,6" hai3="100,52,119,39,68,56,0,43,9,87,82,35,42"/><T120/><D120/><U125/><E121/><V22/><F122/><W116/><G35/><T64/><D130/><U65/><E118/><V60/><F106/><W104/><G68/><T44/><D64/><U102/><E110/><V67/><F6/><W113/><G113/><T108/><D108/><U62/><E2/><V51/><F1/><W75/><G75/><T20/><D32/><U37/><E37/><V69/><F69/><W105/><G105/><T14/><D74/><U23/><E33/><V7/><F7/><W99/><G39/><T10/><D3/><U5/><E5/><V66/><F77/><W92/><G104/><T117/><D117/><U76/><E125/><V112/><F112/><W135/><G135/><T48/><D53/><U126/><E126/><V127/><F72/><W93/><G9/><T84/><D84/><N who="1" m="48167" /><E102/><V63/><F127/><W61/><G0/><T49/><D36/><U83/><E132/><V34/><F34/><W114/><G114/><T15/><D15/><U101/><E101/><V4/><F4/><W133/><G133/><T21/><D21/><U115/><E129/><V107/><F107/><W109/><G109/><T123/><D123/><U86/><E86/><V80/><F97/><N who="3" m="59431" /><G116/><T91/><REACH who="0" step="1"/><D14/><REACH who="0" ten="240,250,250,250" step="2"/><U11/><E115/><V111/><F111/><W134/><G134/><T95/><D95/><U98/><E65/><V70/><F70/><W57/><G119/><T31/><D31/><U50/><E23/><V103/><F22/><W16/><G93/><T26/><AGARI ba="0,1" hai="8,10,20,26,28,41,44,46,48,49,55,91,94,96" machi="26" ten="30,6000,0" yaku="1,1,0,1,8,1,53,0" doraHai="78" doraHaiUra="29" who="0" fromWho="0" sc="240,70,250,-20,250,-20,250,-20" /><INIT seed="0,1,0,3,4,28" ten="310,230,230,230" oya="0" hai0="117,53,90,29,17,129,84,132,46,52,36,110,135" hai1="4,77,119,43,72,55,3,19,127,71,87,68,115" hai2="2,32,6,99,86,13,98,56,130,57,118,70,30" hai3="100,78,11,5,82,27,60,7,120,75,121,92,101"/><T33/><D117/><U106/><E119/><V76/><F118/><W81/><G60/><T113/><D113/><U134/><E127/><V15/><F130/><W47/><G27/><N who="0" m="18623" /><D129/><U125/><E125/><V35/><F30/><W0/><G5/><T114/><D114/><U67/><E19/><V34/><F70/><W93/><G82/><N who="0" m="49431" /><D17/><U40/><E87/><V96/><F2/><W104/><G104/><T85/><D85/><U41/><E106/><V26/><F26/><W64/><G64/><T66/><D66/><U61/><E71/><V48/><F48/><W128/><G128/><T50/><D36/><U103/><E103/><N who="3" m="39498" /><G47/><T109/><D53/><U10/><E55/><V8/><REACH who="2" step="1"/><F15/><REACH who="2" ten="310,230,220,230" step="2"/><W16/><G0/><T24/><D24/><U122/><E68/><V1/><F1/><W22/><G120/><T102/><D102/><U39/><E122/><V69/><F69/><W9/><G121/><T12/><D12/><U97/><E3/><V65/><F65/><W107/><G107/><T79/><D79/><U62/><E77/><V20/><F20/><W23/><G23/><T74/><D74/><U112/><E67/><V63/><F63/><W31/><G22/><T44/><D44/><U131/><E62/><V95/><F95/><W54/><G92/><T38/><D38/><U73/><E61/><V88/><F88/><W91/><G93/><T133/><AGARI ba="1,1" hai="46,50,52,109,110,132,133,135" m="49431,18623" machi="133" ten="40,7800,0" yaku="20,1,52,1,54,1" doraHai="28" who="0" fromWho="0" sc="310,91,230,-27,220,-27,230,-27" /><INIT seed="0,2,0,2,4,35" ten="401,203,193,203" oya="0" hai0="34,124,5,45,122,13,53,57,77,96,21,93,87" hai1="3,61,36,102,73,130,31,116,101,19,75,32,7" hai2="42,54,50,16,121,74,44,129,47,62,64,108,65" hai3="80,84,119,127,11,104,29,41,135,12,27,20,82"/><T9/><D122/><U112/><E116/><V46/><F74/><W91/><G135/><T70/><D70/><U25/><E130/><V88/><F121/><W49/><G127/><T98/><D34/><U55/><E75/><V37/><F129/><W8/><G104/><T4/><D124/><U106/><E112/><V2/><F108/><W63/><G119/><T78/><D45/><U125/><E125/><V95/><F47/><N who="3" m="25839" /><G63/><T10/><D21/><U28/><E73/><V120/><F120/><W103/><G103/><T6/><D6/><U85/><E36/><V81/><F2/><W66/><G66/><T118/><D118/><U15/><E31/><V22/><F62/><W79/><G12/><T72/><D72/><U92/><E106/><V56/><F46/><W100/><G100/><T126/><D126/><U33/><E33/><V0/><F0/><W68/><G68/><T1/><D87/><AGARI ba="2,0" hai="8,11,20,27,29,79,80,82,84,87,91" m="25839" machi="87" ten="30,1000,0" yaku="8,1" doraHai="35" who="3" fromWho="0" sc="401,-16,203,0,193,0,203,16" /><INIT seed="1,0,0,0,4,50" ten="385,203,193,219" oya="1" hai0="97,94,113,36,127,37,41,5,112,107,59,21,128" hai1="49,40,70,131,100,86,25,51,31,58,85,34,68" hai2="14,18,78,111,83,11,54,67,1,45,116,71,81" hai3="110,61,56,79,6,10,99,46,19,2,109,44,20"/><U103/><E131/><V53/><F116/><W8/><G79/><T57/><D107/><U0/><E0/><V135/><F1/><W115/><G10/><T42/><D21/><U73/><E73/><V38/><F135/><W98/><G44/><T69/><D94/><U12/><E49/><V133/><F133/><W4/><G46/><T22/><D22/><U55/><E40/><V27/><F111/><N who="3" m="42507" /><G6/><T87/><D87/><U74/><E74/><V52/><F27/><N who="3" m="14751" /><G115/><T88/><D5/><U23/><E86/><V120/><F120/><W47/><G47/><T134/><D134/><U123/><E123/><V96/><F78/><W13/><G2/><T77/><D77/><U28/><E85/><V106/><F45/><W89/><G89/><T29/><D88/><U125/><E125/><V84/><F38/><W130/><G130/><T43/><D43/><U3/><E3/><V65/><F84/><W39/><G39/><T26/><D127/><U72/><E72/><V63/><REACH who="2" step="1"/><F67/><AGARI ba="0,0" hai="4,8,13,56,61,67,98,99" m="14751,42507" machi="67" ten="30,1000,0" yaku="14,1" doraHai="50" who="3" fromWho="2" sc="385,0,203,0,193,-10,219,10" /><INIT seed="2,0,0,3,4,47" ten="385,203,183,229" oya="2" hai0="23,10,116,127,18,123,34,133,134,38,110,56,111" hai1="36,78,120,17,45,124,109,2,7,39,101,75,67" hai2="64,106,65,118,66,131,119,13,69,49,6,28,24" hai3="27,44,85,88,46,70,104,89,129,77,117,42,112"/><V35/><F106/><W92/><G117/><T105/><D38/><U16/><E36/><V54/><F131/><W125/><G104/><T52/><D116/><U25/><E109/><N who="0" m="41481" /><D34/><U31/><E101/><V108/><F108/><W58/><G70/><T29/><D105/><U98/><E98/><V82/><F69/><W51/><G125/><T97/><D123/><U113/><E67/><V90/><F6/><W50/><G129/><T87/><D97/><U126/><E113/><V74/><F13/><W81/><G112/><T41/><D41/><N who="1" m="22719" /><E120/><V11/><F11/><W102/><G58/><T43/><D43/><U115/><E115/><V14/><F14/><W100/><G27/><N who="0" m="16639" /><D127/><N who="1" m="48683" /><E7/><V99/><F99/><N who="3" m="59495" /><G102/><T57/><D57/><U84/><E75/><V91/><F118/><W33/><G33/><T122/><D122/><U32/><E2/><V107/><F107/><W80/><G80/><AGARI ba="0,0" hai="16,17,25,31,32,78,80,84" m="48683,22719" machi="80" ten="30,2000,0" yaku="18,1,54,1" doraHai="47" who="1" fromWho="3" sc="385,0,203,20,183,0,229,-20" /><INIT seed="3,0,0,3,2,90" ten="385,223,183,209" oya="3" hai0="67,92,49,128,115,68,116,101,52,1,40,132,63" hai1="109,15,56,9,30,117,46,8,70,50,10,7,85" hai2="130,108,106,81,33,126,54,39,42,26,17,134,119" hai3="28,95,22,43,104,14,131,84,118,113,88,23,135"/><W0/><G118/><T44/><D116/><U86/><E109/><V89/><F54/><W129/><G0/><T19/><D1/><U75/><E70/><V74/><F17/><W57/><G113/><T24/><D128/><N who="3" m="49225" /><G104/><T98/><D132/><U111/><E75/><V83/><F83/><W64/><G28/><T93/><D115/><U59/><E111/><V78/><F119/><W6/><G43/><T45/><D19/><U97/><E30/><V34/><F134/><W3/><G3/><T114/><D114/><U20/><E97/><V25/><F130/><W69/><G69/><T65/><D24/><U36/><E36/><V77/><F81/><W121/><G121/><T127/><D67/><U31/><E117/><V27/><F42/><W110/><G110/><T122/><D127/><U76/><E76/><V123/><F126/><W58/><G135/><T32/><D32/><U71/><E71/><V107/><F123/><W72/><G72/><T100/><D122/><U82/><E82/><V37/><F25/><W62/><G58/><N who="1" m="22058" /><E7/><V94/><F108/><W21/><G6/><T96/><D45/><U5/><E5/><V66/><F74/><W80/><G80/><T48/><REACH who="0" step="1"/><D52/><REACH who="0" ten="375,223,183,209" step="2"/><N who="1" m="29783" /><E31/><V73/><F66/><W102/><G14/><T112/><D112/><U61/><E61/><V11/><F73/><W91/><G64/><T99/><D99/><U35/><E35/><V60/><F34/><W41/><G62/><T103/><D103/><U120/><E120/><V53/><F33/><W29/><G102/><T38/><AGARI ba="0,1" hai="38,40,44,48,49,63,65,68,92,93,96,98,100,101" machi="38" ten="20,12000,2" yaku="1,1,0,1,7,1,9,1,52,2,53,0" doraHai="90" doraHaiUra="51" who="0" fromWho="0" sc="375,130,223,-30,183,-30,209,-60" /><INIT seed="4,0,0,1,5,71" ten="505,193,153,149" oya="0" hai0="65,107,114,23,103,48,119,34,66,4,96,99,24" hai1="63,84,74,129,12,45,11,116,81,2,43,20,47" hai2="105,3,42,88,37,134,68,117,30,38,29,91,112" hai3="97,122,70,75,133,53,115,126,17,118,5,60,7"/><T104/><D119/><U132/><E129/><V16/><F105/><W131/><G118/><T1/><D114/><U55/><E132/><V109/><F109/><W25/><G75/><T46/><D34/><U106/><E106/><V19/><F117/><W51/><G126/><T90/><D4/><U15/><E74/><V73/><F68/><W57/><G133/><T98/><D1/><U40/><E2/><V0/><F42/><N who="1" m="15913" /><E20/><V56/><F73/><W27/><G131/><T123/><D123/><U13/><E11/><V111/><F111/><W102/><G115/><T32/><D32/><U121/><E121/><V39/><F56/><W21/><G27/><T9/><D9/><U26/><E26/><V124/><F112/><W85/><G85/><T93/><D99/><U54/><E116/><V86/><F86/><W14/><G25/><T59/><D59/><N who="1" m="35319" /><E55/><V58/><F58/><W110/><G110/><T101/><D104/><U50/><E50/><V67/><F38/><W77/><G77/><AGARI ba="0,0" hai="12,13,15,45,47,77,81,84" m="35319,15913" machi="77" ten="30,1000,0" yaku="8,1" doraHai="71" who="1" fromWho="3" sc="505,0,193,10,153,0,149,-10" /><INIT seed="5,0,0,4,2,26" ten="505,203,153,139" oya="1" hai0="73,120,16,107,121,74,70,43,28,134,11,90,2" hai1="101,34,69,93,83,42,22,33,25,46,6,30,40" hai2="71,52,104,50,56,57,36,51,111,9,87,97,110" hai3="68,108,64,12,125,55,23,131,82,1,116,44,113"/><U127/><E69/><V105/><F71/><W72/><G108/><T10/><D107/><U58/><E42/><V21/><F36/><W39/><G1/><T88/><D70/><U48/><E127/><V38/><F38/><W60/><G125/><T63/><D134/><U29/><E6/><V45/><F87/><W78/><G113/><T53/><D43/><U54/><E83/><V96/><F21/><W133/><G133/><T47/><D28/><N who="1" m="17463" /><E34/><V76/><F45/><W4/><G131/><T81/><D2/><U75/><E33/><V109/><F9/><W86/><G116/><T32/><D32/><U3/><E75/><V31/><F76/><W20/><G72/><T128/><D128/><U94/><E3/><V13/><F13/><W117/><G117/><T118/><D118/><U95/><E101/><V19/><F19/><W130/><G130/><T35/><D35/><U77/><E77/><V18/><F18/><W91/><G78/><T99/><D74/><U5/><E5/><V85/><F31/><W100/><G100/><T129/><D81/><U106/><E106/><V122/><F122/><W112/><G112/><T92/><D73/><U123/><E123/><V61/><F111/><W14/><G4/><T89/><D129/><U27/><E27/><V37/><F109/><W98/><G39/><T114/><D114/><U17/><E17/><V103/><F37/><W84/><G68/><T59/><D16/><U119/><E119/><V126/><F126/><W124/><G124/><T79/><D79/><U67/><E40/><V102/><F110/><W135/><G135/><RYUUKYOKU ba="0,0" sc="505,-10,203,30,153,-10,139,-10" hai1="29,30,46,48,54,58,67,93,94,95" /><INIT seed="5,1,0,3,4,19" ten="495,233,143,129" oya="1" hai0="106,7,72,96,90,17,69,91,103,98,126,102,111" hai1="99,71,113,88,86,36,58,89,121,8,0,47,27" hai2="13,115,80,48,31,6,22,84,43,59,114,29,54" hai3="109,85,67,122,83,10,60,40,25,134,76,87,38"/><U32/><E71/><V104/><F104/><W108/><G122/><T55/><D69/><U112/><E58/><V78/><F43/><W127/><G127/><T125/><D111/><U5/><E121/><V130/><F130/><W57/><G134/><T116/><D7/><U39/><E99/><V30/><F13/><W52/><G38/><T2/><D2/><U94/><E89/><V93/><F6/><W49/><G40/><T21/><D72/><U119/><E47/><V70/><F70/><W56/><G10/><T118/><D55/><U51/><E51/><V12/><F93/><W46/><G46/><T100/><D91/><U120/><E119/><V63/><F63/><W95/><G95/><T117/><D90/><U97/><E97/><V42/><F42/><W128/><G128/><T110/><D110/><U3/><E3/><V101/><F101/><W135/><G135/><T50/><D50/><U61/><E61/><V14/><F14/><W133/><G133/><T23/><D103/><U26/><E120/><V131/><F131/><W124/><G124/><N who="0" m="47723" /><D17/><U24/><REACH who="1" step="1"/><E32/><REACH who="1" ten="495,223,143,129" step="2"/><V79/><F48/><W92/><G109/><T35/><D35/><U53/><E53/><V123/><F54/><W77/><G108/><T62/><D62/><U81/><E81/><V74/><F123/><W15/><G52/><T16/><D98/><U37/><AGARI ba="1,1" hai="0,5,8,24,26,27,36,37,39,86,88,94,112,113" machi="37" ten="40,12000,1" yaku="1,1,0,1,54,1,53,1" doraHai="19" doraHaiUra="82" who="1" fromWho="1" sc="495,-41,223,133,143,-41,129,-41" /><INIT seed="5,2,0,3,3,54" ten="454,356,102,88" oya="1" hai0="35,73,91,122,99,37,107,26,110,22,12,44,70" hai1="108,19,79,80,17,30,64,69,65,34,43,38,5" hai2="42,10,4,87,68,130,134,117,57,48,92,88,97" hai3="90,58,3,6,112,133,7,14,33,29,131,128,45"/><U76/><E76/><V62/><F117/><W135/><G45/><T74/><D110/><U51/><E38/><V114/><F134/><N who="3" m="51211" /><G112/><T86/><D122/><U61/><E65/><V120/><F120/><W63/><G3/><T83/><D70/><U101/><E108/><V127/><F68/><W66/><G14/><T18/><D107/><U25/><E5/><N who="3" m="1546" /><G90/><T105/><D105/><U75/><E43/><V106/><F114/><W103/><G103/><T56/><D99/><U28/><E101/><V1/><F130/><N who="3" m="49707" /><G29/><T55/><D44/><U115/><E115/><V53/><F127/><W132/><N who="3" m="51219" /><W84/><DORA hai="39" /><G84/><T118/><D37/><U0/><E0/><V46/><REACH who="2" step="1"/><F106/><REACH who="2" ten="454,356,92,88" step="2"/><W113/><G113/><T15/><D118/><U49/><E69/><V9/><F9/><W123/><G123/><T102/><D102/><U78/><E75/><V82/><F82/><W36/><G36/><T111/><D74/><U16/><E80/><V40/><F40/><W11/><G11/><T126/><D73/><U89/><E79/><V47/><F47/><W50/><G50/><T67/><D111/><U85/><E78/><V72/><F72/><W41/><G41/><T124/><D124/><U93/><E49/><V104/><F104/><W24/><G24/><T119/><D126/><U71/><E51/><V13/><F13/><W95/><G95/><T27/><D119/><U20/><E71/><V109/><F109/><W98/><G98/><AGARI ba="2,1" hai="1,4,10,42,46,48,53,57,62,87,88,92,97,98" machi="98" ten="40,8000,1" yaku="1,1,52,2,54,1,53,0" doraHai="54,39" doraHaiUra="125,121" who="2" fromWho="3" sc="454,0,356,0,92,96,88,-86" /><INIT seed="6,0,0,0,3,24" ten="454,356,188,2" oya="2" hai0="11,72,74,47,109,88,56,119,135,57,5,70,116" hai1="9,118,60,131,105,95,125,106,18,46,128,112,123" hai2="113,79,12,2,14,48,61,126,10,114,31,64,44" hai3="108,103,97,3,49,1,82,27,100,129,20,89,76"/><V86/><F126/><W134/><G108/><T98/><D109/><U102/><E118/><N who="0" m="45097" /><D70/><U30/><E112/><N who="2" m="43115" /><F2/><W36/><G36/><T71/><D71/><U67/><E46/><V25/><F79/><W69/><G69/><T111/><D135/><U39/><E39/><V28/><F25/><W91/><G134/><T42/><D111/><U75/><E75/><N who="0" m="28713" /><D88/><U85/><E125/><V15/><F10/><W73/><G129/><T54/><D54/><U99/><E123/><V84/><F64/><W96/><G49/><N who="0" m="26871" /><D98/><U93/><E67/><V122/><F61/><W16/><G91/><T19/><D19/><U104/><E9/><V7/><F122/><W110/><G89/><T6/><D6/><U115/><E18/><V94/><F7/><W66/><G66/><T8/><D8/><U52/><E115/><V78/><F78/><W124/><G124/><T4/><D4/><U13/><E93/><V23/><F23/><W121/><G121/><T132/><D132/><U58/><E85/><N who="2" m="32875" /><F94/><W133/><G133/><T80/><D80/><U65/><E65/><V63/><F63/><W34/><G34/><T92/><D92/><U59/><E13/><AGARI ba="0,0" hai="5,11,13,56,57" m="26871,28713,45097" machi="13" ten="30,1000,0" yaku="12,1" doraHai="24" who="0" fromWho="1" sc="454,10,356,-10,188,0,2,0" /><INIT seed="7,0,0,5,0,30" ten="464,346,188,2" oya="3" hai0="5,2,99,59,4,120,7,91,76,31,29,22,41" hai1="9,50,108,117,62,28,94,124,43,126,104,61,129" hai2="53,38,116,48,14,21,134,85,113,20,80,72,71" hai3="130,6,111,84,118,10,128,86,3,42,67,49,55"/><W125/><G118/><T119/><D120/><U56/><E104/><V97/><F72/><W68/><G42/><T54/><D2/><U27/><E108/><V8/><F71/><W52/><G125/><T60/><D119/><U101/><E129/><N who="3" m="49770" /><G111/><T69/><D69/><U95/><E117/><V131/><F131/><W79/><G79/><T100/><D76/><U25/><E9/><V132/><F38/><W37/><G37/><T35/><D35/><U114/><E43/><V58/><F116/><W87/><G49/><T96/><D100/><U0/><E28/><N who="0" m="10825" /><D41/><U23/><E23/><V78/><F78/><W40/><G40/><T75/><D75/><U26/><E0/><V115/><F48/><W1/><G1/><T133/><D133/><U83/><E50/><V16/><F134/><W33/><G33/><T18/><D91/><U122/><E101/><V112/><F132/><W47/><G47/><T105/><D105/><U88/><E122/><V64/><F115/><W123/><G123/><T44/><D44/><U45/><E114/><V66/><F113/><W127/><G127/><T77/><D77/><U107/><E45/><V34/><F34/><W98/><G98/><T46/><D46/><U19/><E107/><V106/><F97/><W93/><G93/><T89/><D89/><U15/><E95/><V73/><F106/><W12/><G12/><AGARI ba="0,0" hai="4,5,7,12,18,22,54,59,60,96,99" m="10825" machi="12" ten="30,1000,0" yaku="8,1" doraHai="30" who="0" fromWho="3" sc="464,10,346,0,188,0,2,-10" owari="474,57.0,346,15.0,188,-21.0,-8,-51.0" /></mjloggm>