<mjloggm ver="2.3"><GO type="169" lobby="0"/><UN n0="%E3%83%94%E3%83%B3%E3%82%B5%E3%83%AD%E5%BA%97%E5%93%A1" n1="%E6%BC%82%E3%81%86" n2="%43%68%69%63%61%67%6F" n3="%E3%83%90%E3%83%AA%E3%83%88%E3%83%B3" dan="18,16,17,16" rate="2248.98,2048.78,2170.25,2185.44" sx="M,M,M,M"/><TAIKYOKU oya="0"/><INIT seed="0,0,0,2,1,52" ten="250,250,250,250" oya="0" hai0="119,100,91,95,20,0,72,114,75,31,7,71,112" hai1="130,27,60,19,105,106,133,15,35,64,28,67,47" hai2="128,63,9,58,51,23,30,135,66,102,87,70,68" hai3="25,34,21,26,6,127,39,134,77,32,18,49,113"/><T80/><D119/><U123/><E123/><V5/><F135/><W61/><G39/><T116/><D116/><U11/><E133/><V65/><F128/><W104/><G104/><T8/><D71/><U45/><E67/><V83/><F102/><W56/><G113/><T10/><D100/><U132/><E132/><V82/><F65/><W13/><G127/><T107/><D107/><U24/><E47/><V90/><F82/><W121/><G121/><T54/><D10/><U55/><E130/><V103/><F103/><W110/><G110/><T59/><D20/><U57/><E27/><V41/><F23/><W33/><G49/><T98/><D31/><U89/><E89/><V118/><F30/><W129/><G129/><T99/><D99/><U124/><E124/><V36/><F36/><W12/><G77/><T29/><D29/><U115/><E115/><V69/><F118/><W101/><G101/><T79/><REACH who="0" step="1"/><D72/><REACH who="0" ten="240,250,250,250" step="2"/><U111/><E111/><V126/><F126/><W22/><G134/><T17/><D17/><U76/><E105/><V42/><F70/><W1/><G1/><T43/><D43/><U4/><E106/><V108/><F108/><W117/><G117/><T109/><D109/><U84/><E19/><V85/><F69/><W74/><G74/><T37/><D37/><U40/><E40/><V46/><F42/><W97/><G97/><T93/><D93/><U53/><E24/><V38/><F38/><W81/><G26/><T73/><D73/><U62/><E28/><V122/><F68/><W50/><G25/><T94/><D94/><U86/><E11/><RYUUKYOKU ba="0,1" sc="240,30,250,-10,250,-10,250,-10" hai0="0,7,8,54,59,75,79,80,91,95,98,112,114" /><INIT seed="0,1,1,3,1,64" ten="270,240,240,240" oya="0" hai0="7,51,117,32,24,112,104,86,10,100,14,16,126" hai1="65,4,37,83,31,98,123,105,6,121,12,19,56" hai2="42,70,74,0,49,46,58,79,61,129,8,2,71" hai3="45,85,132,13,128,44,91,50,122,28,93,77,41"/><T40/><D112/><U72/><E37/><V54/><F129/><W36/><G128/><T59/><D117/><U53/><E65/><V67/><F79/><W23/><G132/><T55/><D126/><U120/><E31/><V9/><F74/><W3/><G3/><T48/><D104/><U108/><E108/><V124/><F124/><W131/><G122/><T27/><D100/><U80/><E105/><V75/><F75/><W26/><G131/><T1/><D32/><U38/><E38/><V52/><F9/><W103/><G77/><T118/><D118/><U66/><E66/><V114/><F114/><W43/><G13/><T57/><D86/><U95/><E4/><V78/><F78/><W106/><G103/><T33/><D33/><U113/><E6/><V110/><F110/><W89/><G89/><T69/><D69/><N who="2" m="26122" /><F8/><W88/><G91/><T29/><D29/><U5/><E5/><V47/><F2/><W119/><G106/><T25/><D40/><U63/><E113/><V94/><F94/><W11/><REACH who="3" step="1"/><G11/><REACH who="3" ten="270,240,240,230" step="2"/><T60/><REACH who="0" step="1"/><D57/><REACH who="0" ten="260,240,240,230" step="2"/><U130/><E130/><V17/><F0/><W135/><G135/><T87/><D87/><U107/><E72/><V134/><F134/><W102/><G102/><T22/><AGARI ba="1,3" hai="1,7,10,14,16,22,24,25,27,48,51,55,59,60" machi="22" ten="30,6000,0" yaku="1,1,0,1,54,1,53,0" doraHai="64" doraHaiUra="73" who="0" fromWho="0" sc="260,93,240,-21,240,-21,230,-21" /><INIT seed="0,2,0,0,5,135" ten="353,219,219,209" oya="0" hai0="32,127,20,132,114,50,2,66,7,63,13,62,126" hai1="121,75,87,96,102,93,31,14,10,124,39,72,81" hai2="26,44,116,103,112,1,19,129,59,100,60,25,88" hai3="24,120,27,41,106,133,12,122,115,128,108,84,52"/><T34/><D114/><U71/><E121/><N who="3" m="46698" /><G115/><T118/><D118/><U56/><E71/><V91/><F112/><W68/><G68/><T8/><D132/><U110/><E39/><V17/><F1/><W97/><G41/><T51/><D63/><U64/><E110/><V11/><F129/><W111/><G133/><T85/><D85/><U113/><E113/><V43/><F116/><W74/><G74/><T125/><D20/><U78/><E31/><V107/><F107/><W86/><G12/><T89/><D89/><N who="2" m="34378" /><F44/><W45/><G128/><T38/><D38/><U79/><E64/><N who="2" m="38943" /><F43/><W105/><G84/><T130/><D2/><U53/><E75/><V104/><F104/><N who="3" m="40043" /><G97/><T55/><D130/><U61/><E72/><V67/><F67/><W92/><G92/><T3/><D3/><U40/><E40/><V29/><F11/><W6/><G6/><T35/><D55/><U46/><E46/><V65/><F65/><W99/><G99/><T42/><D42/><U134/><E134/><V76/><F76/><W73/><G86/><T82/><D82/><U54/><E79/><V28/><F29/><W83/><G83/><T0/><D0/><U9/><E54/><V58/><F28/><W80/><G80/><T4/><D4/><N who="1" m="3367" /><E10/><V37/><F37/><W117/><G73/><T23/><D23/><U57/><E57/><AGARI ba="2,0" hai="7,8,13,32,34,35,50,51,57,62,66,125,126,127" machi="57" ten="50,12000,1" yaku="18,1,52,3" doraHai="135" who="0" fromWho="1" sc="353,126,219,-126,219,0,209,0" /><INIT seed="0,3,0,0,1,28" ten="479,93,219,209" oya="0" hai0="120,10,132,94,122,95,19,54,5,1,0,66,84" hai1="75,70,49,27,55,125,31,40,52,127,107,128,101" hai2="135,73,116,112,3,38,46,85,93,69,106,64,102" hai3="88,39,34,35,89,65,77,53,36,24,100,23,130"/><T103/><D132/><U97/><E75/><V11/><F112/><W8/><G130/><T108/><D1/><U4/><E128/><V92/><F73/><W61/><G77/><T114/><D114/><U47/><E4/><V67/><F135/><W74/><G74/><T56/><D66/><U16/><E70/><V83/><F106/><W21/><G53/><T14/><D108/><U42/><E55/><V96/><F93/><W29/><G8/><T90/><D95/><U63/><E63/><V118/><F69/><W48/><G48/><T76/><D103/><U33/><REACH who="1" step="1"/><E16/><REACH who="1" ten="479,83,219,209" step="2"/><V20/><F116/><W50/><G61/><T134/><D134/><U45/><E45/><V110/><F46/><W80/><G65/><T119/><D119/><U12/><E12/><V13/><F64/><W129/><G129/><T111/><D111/><U117/><E117/><V15/><F15/><W124/><G124/><AGARI ba="3,1" hai="27,31,33,40,42,47,49,52,97,101,107,124,125,127" machi="124" ten="40,8000,1" yaku="1,1,18,1,52,1,54,1,53,0" doraHai="28" doraHaiUra="121" who="1" fromWho="3" sc="479,0,83,99,219,0,209,-89" /><INIT seed="1,0,0,1,1,110" ten="479,182,219,120" oya="1" hai0="135,49,100,73,29,40,99,80,8,27,67,66,85" hai1="9,51,54,43,109,42,46,5,26,21,39,11,72" hai2="78,71,50,69,3,6,83,63,76,74,91,41,106" hai3="2,90,56,127,108,77,31,13,20,98,62,107,60"/><U126/><E72/><V7/><F106/><W95/><G2/><T79/><D135/><U22/><E109/><V118/><F118/><W75/><G127/><T65/><D73/><U57/><E126/><V94/><F76/><W45/><G108/><T111/><D111/><U81/><E11/><V121/><F121/><W89/><G107/><T103/><D8/><U134/><E134/><V104/><F104/><W82/><G45/><N who="0" m="25767" /><D99/><U44/><E81/><V97/><F63/><W14/><G60/><T131/><D131/><U88/><E26/><V59/><F3/><W129/><G129/><T34/><D34/><U30/><E30/><V125/><F125/><W55/><G31/><T1/><D1/><U25/><E25/><V61/><F69/><W120/><G120/><T48/><D27/><U101/><E101/><N who="0" m="38985" /><D29/><U0/><REACH who="1" step="1"/><E88/><REACH who="1" ten="479,172,219,120" step="2"/><V10/><F10/><W15/><REACH who="3" step="1"/><G90/><REACH who="3" ten="479,172,219,110" step="2"/><T93/><D79/><U112/><E112/><V105/><F78/><W68/><G68/><T113/><D113/><U35/><E35/><V18/><F71/><W70/><G70/><T117/><D117/><U124/><E124/><V115/><F91/><W32/><G32/><T37/><D80/><U87/><E87/><V119/><F83/><W133/><G133/><T122/><D122/><U12/><E12/><V116/><F116/><W47/><G47/><T132/><D132/><U24/><E24/><V53/><F119/><W86/><G86/><T33/><D33/><U36/><AGARI ba="0,2" hai="0,5,9,21,22,36,39,42,43,44,46,51,54,57" machi="36" ten="20,7800,0" yaku="1,1,0,1,7,1,9,1,53,0" doraHai="110" doraHaiUra="64" who="1" fromWho="1" sc="479,-26,172,98,219,-26,110,-26" /><INIT seed="1,1,0,1,3,134" ten="453,270,193,84" oya="1" hai0="85,62,13,41,1,27,47,59,30,16,107,68,60" hai1="119,3,78,120,130,132,135,31,133,101,38,2,71" hai2="61,37,110,49,25,84,131,99,94,43,32,125,118" hai3="45,6,21,80,69,40,4,35,29,9,76,116,100"/><U51/><E38/><V58/><F118/><W0/><G116/><T112/><D112/><U89/><E119/><V96/><F110/><W10/><G69/><T82/><D107/><U15/><E120/><V8/><F131/><W111/><G111/><T50/><D1/><U42/><E130/><V83/><F37/><W108/><G108/><T55/><D68/><U95/><E71/><V11/><F125/><W53/><G100/><T86/><D62/><U122/><E122/><V72/><F72/><W33/><G53/><T75/><D75/><U74/><E101/><V22/><F32/><W14/><G21/><N who="0" m="15727" /><D82/><U81/><E31/><V90/><F99/><W36/><REACH who="3" step="1"/><G29/><REACH who="3" ten="453,270,193,74" step="2"/><T24/><D24/><U64/><E132/><V57/><F43/><W44/><G44/><T20/><AGARI ba="1,1" hai="13,16,20,41,47,50,55,59,60,85,86" m="15727" machi="20" ten="30,2000,0" yaku="8,1,54,1" doraHai="134" who="0" fromWho="0" sc="453,33,270,-11,193,-6,74,-6" /><INIT seed="2,0,0,1,2,31" ten="486,259,187,68" oya="2" hai0="57,47,109,128,58,4,66,45,114,16,51,23,63" hai1="81,40,100,18,12,6,120,70,85,44,133,108,69" hai2="91,49,35,29,74,72,99,115,41,3,123,101,10" hai3="79,21,130,71,98,77,111,135,110,121,11,32,89"/><V88/><F115/><W134/><G71/><T48/><D114/><U86/><E108/><N who="3" m="41514" /><G21/><T96/><D109/><U68/><E133/><N who="3" m="50698" /><G11/><T34/><D34/><U105/><E120/><V26/><F123/><W22/><G22/><T14/><D128/><U118/><E118/><V27/><F27/><W64/><G64/><T112/><D112/><U127/><E127/><V92/><F3/><W116/><G121/><T90/><D4/><U106/><E6/><V113/><F10/><W87/><G32/><T37/><D37/><U9/><E70/><V42/><F113/><W104/><G130/><T122/><D122/><U97/><E69/><V103/><F103/><N who="3" m="62583" /><G116/><T54/><D48/><U75/><E68/><V61/><F61/><W82/><AGARI ba="0,0" hai="77,79,82,87,89" m="62583,50698,41514" machi="82" ten="30,7900,0" yaku="14,1,20,1,34,2" doraHai="31" who="3" fromWho="3" sc="486,-20,259,-20,187,-39,68,79" /><INIT seed="3,0,0,1,4,78" ten="466,239,148,147" oya="3" hai0="100,112,45,93,47,74,60,52,113,117,68,53,22" hai1="92,11,27,18,12,43,102,59,40,89,118,37,30" hai2="79,106,86,105,133,54,126,64,101,83,128,80,99" hai3="58,16,116,50,65,35,28,67,7,120,61,63,8"/><W73/><G116/><T81/><D117/><U98/><E37/><V90/><F64/><W39/><G39/><T66/><D22/><U75/><E75/><N who="2" m="43135" /><F54/><N who="0" m="21098" /><D100/><U104/><E118/><V94/><F126/><W46/><G73/><T62/><D93/><U2/><E2/><V57/><F57/><W42/><G120/><T109/><D74/><U6/><E59/><V123/><F123/><W31/><G35/><T77/><D81/><U13/><E13/><V14/><F14/><N who="3" m="7239" /><G7/><T44/><D77/><U129/><E129/><V48/><F48/><W111/><G111/><T21/><D21/><U36/><E36/><V114/><F114/><N who="0" m="44138" /><D62/><N who="3" m="23561" /><G58/><T32/><D32/><U38/><E38/><V108/><F108/><AGARI ba="0,0" hai="44,45,47,60,66,68,108,109" m="44138,21098" machi="108" ten="40,8000,1" yaku="11,1,34,2,54,1" doraHai="78" who="0" fromWho="2" sc="466,80,239,0,148,-80,147,0" /><INIT seed="4,0,0,0,1,63" ten="546,239,68,147" oya="0" hai0="93,61,81,30,95,20,118,132,37,32,48,2,39" hai1="21,102,23,26,50,13,123,45,74,57,56,85,10" hai2="17,75,60,7,92,3,106,12,130,15,83,88,16" hai3="71,94,31,27,52,116,117,111,43,44,103,86,66"/><T76/><D118/><U36/><E74/><V115/><F115/><W38/><G111/><T67/><D2/><U5/><E36/><V8/><F106/><W84/><G84/><T90/><D32/><U40/><E123/><V127/><F130/><W22/><G86/><T80/><D132/><U133/><E133/><V72/><F127/><W124/><G124/><T18/><D30/><U105/><E23/><V28/><F28/><W107/><G94/><T41/><D48/><U70/><E70/><V68/><F83/><W104/><G104/><T101/><D101/><U59/><E105/><V24/><F24/><W114/><G114/><T97/><D93/><U109/><E102/><V126/><F126/><W42/><G42/><T78/><D81/><U4/><E109/><V25/><F25/><W82/><G82/><T11/><D11/><U77/><E5/><V129/><F129/><W108/><G108/><T120/><D120/><U96/><E96/><V100/><F100/><W121/><G121/><T65/><D61/><U112/><E112/><V99/><F3/><W58/><G103/><T49/><D39/><U51/><E51/><V62/><F62/><N who="3" m="40407" /><G107/><T131/><D37/><U14/><E14/><V122/><F122/><W119/><G117/><T9/><D9/><U128/><E128/><V19/><REACH who="2" step="1"/><F15/><REACH who="2" ten="546,239,58,147" step="2"/><W113/><G113/><T135/><D131/><U64/><E26/><V89/><F89/><W69/><G69/><T98/><D90/><U35/><E13/><V134/><F134/><W34/><G34/><T0/><D135/><U91/><E91/><V53/><F53/><RYUUKYOKU ba="0,1" sc="546,-15,239,-15,58,15,147,15" hai2="7,8,12,16,17,19,60,68,72,75,88,92,99" hai3="22,27,31,38,43,44,52,58,116,119" /><INIT seed="5,1,1,5,3,43" ten="531,224,73,162" oya="1" hai0="70,13,89,53,102,129,123,5,21,128,103,24,19" hai1="91,0,108,134,98,31,55,2,118,133,92,78,106" hai2="79,127,29,41,99,49,15,51,8,3,117,52,16" hai3="83,20,110,64,75,4,37,85,87,67,1,47,9"/><U93/><E118/><V101/><F127/><W97/><G110/><T18/><D70/><U115/><E115/><V132/><F132/><N who="1" m="50793" /><E108/><V82/><F117/><W11/><G11/><N who="0" m="4335" /><D123/><U105/><E31/><V30/><F3/><N who="1" m="1065" /><E78/><V22/><F41/><N who="3" m="22959" /><G20/><N who="0" m="13335" /><D89/><N who="1" m="55567" /><E55/><V61/><F8/><W107/><G97/><AGARI ba="1,1" hai="91,93,97,105,106" m="55567,1065,50793" machi="97" ten="30,1500,0" yaku="20,1" doraHai="43" who="1" fromWho="3" sc="531,0,224,28,73,0,162,-18" /><INIT seed="5,2,0,3,0,100" ten="531,252,73,144" oya="1" hai0="87,135,23,5,62,114,70,126,74,109,47,46,55" hai1="133,96,118,129,22,45,106,98,31,28,73,41,24" hai2="18,124,93,37,36,58,117,20,79,132,127,8,49" hai3="51,107,57,16,11,80,99,105,29,85,86,33,2"/><U40/><E118/><V17/><F117/><W56/><G33/><T60/><D74/><U101/><E73/><V111/><F111/><W42/><G29/><T131/><D5/><U102/><E133/><V43/><F132/><W53/><G42/><T103/><D135/><U34/><E129/><V116/><F116/><W52/><G99/><T95/><D109/><U78/><E78/><V104/><F104/><W13/><G2/><T91/><D114/><U7/><E7/><V4/><F79/><W64/><G64/><T130/><D126/><U71/><E71/><V97/><F18/><W30/><G30/><T113/><D113/><U128/><E128/><V35/><F35/><W68/><G68/><T25/><D131/><U0/><E0/><V89/><F124/><W39/><G39/><T92/><D70/><U59/><E41/><V65/><F127/><W82/><G86/><T123/><D123/><U1/><E1/><V63/><F43/><W90/><REACH who="3" step="1"/><G82/><REACH who="3" ten="531,252,73,134" step="2"/><T115/><D87/><U72/><E72/><V9/><F36/><W76/><G76/><T119/><D119/><U32/><E31/><V61/><F37/><W14/><G14/><T83/><D83/><U134/><E134/><V26/><F65/><W12/><G12/><T19/><D130/><U69/><E69/><V67/><F67/><W6/><G6/><T112/><D112/><U110/><E110/><V38/><F38/><W21/><G21/><T88/><D115/><U50/><E59/><V77/><F77/><W27/><G27/><T3/><D3/><U15/><E15/><N who="2" m="5511" /><F9/><W108/><G108/><RYUUKYOKU ba="2,1" sc="531,-30,252,10,73,10,134,10" hai1="22,24,28,32,34,40,45,50,96,98,101,102,106" hai2="17,20,26,49,58,61,63,89,93,97" hai3="11,13,16,51,52,53,56,57,80,85,90,105,107" /><INIT seed="5,3,1,1,0,66" ten="501,262,83,144" oya="1" hai0="111,8,17,38,27,60,68,9,7,0,119,67,59" hai1="41,26,75,31,2,103,1,97,51,86,85,126,33" hai2="82,56,30,91,96,73,23,121,83,36,14,117,115" hai3="13,95,63,128,37,77,118,15,12,49,114,34,39"/><U107/><E75/><V125/><F117/><W90/><G34/><T10/><D111/><U25/><E126/><V46/><F121/><W89/><G118/><T106/><D119/><U4/><E26/><V64/><F125/><W92/><G77/><T101/><D38/><U24/><E24/><V53/><F115/><W22/><G128/><T98/><REACH who="0" step="1"/><D59/><REACH who="0" ten="491,262,83,144" step="2"/><U81/><E4/><V50/><F36/><W29/><G39/><T108/><D108/><U65/><E1/><V123/><F56/><W131/><G37/><T52/><D52/><U6/><E6/><V48/><F53/><W47/><G131/><T58/><D58/><U16/><E2/><V11/><F123/><W45/><G114/><T19/><D19/><U20/><E41/><V35/><F30/><W57/><G29/><T74/><D74/><U44/><E44/><V130/><F46/><W124/><G124/><T135/><D135/><U93/><E51/><V116/><F48/><W3/><G3/><T99/><D99/><U61/><E65/><V112/><F50/><W105/><G49/><T87/><D87/><U69/><E86/><V132/><F64/><W79/><G45/><T100/><D100/><U70/><E61/><V76/><F96/><W88/><G47/><T32/><D32/><U84/><E84/><N who="2" m="50583" /><F35/><W72/><G57/><T18/><D18/><U54/><E54/><V71/><F130/><W5/><G63/><T55/><D55/><U42/><E42/><V43/><F43/><W122/><G122/><T62/><D62/><U127/><E127/><V129/><F129/><W80/><G72/><RYUUKYOKU ba="3,2" sc="491,30,262,-10,83,-10,144,-10" hai0="0,7,8,9,10,17,27,60,67,68,98,101,106" /><INIT seed="6,4,2,3,1,94" ten="521,252,73,134" oya="2" hai0="97,17,35,129,4,127,39,104,83,27,65,32,25" hai1="106,99,119,134,70,131,79,21,88,56,11,100,44" hai2="71,8,105,66,50,31,90,87,110,60,9,124,118" hai3="59,26,102,58,111,116,130,28,76,73,85,117,132"/><V82/><F118/><W92/><G111/><T30/><D39/><U101/><E119/><V122/><F122/><W121/><G121/><T1/><D65/><U24/><E70/><V95/><F105/><W38/><G38/><T20/><D83/><U64/><E79/><V84/><F124/><W96/><G73/><T123/><D123/><U68/><E68/><V36/><F36/><W75/><G75/><T43/><D43/><U47/><E134/><V48/><F110/><W40/><G40/><T15/><D97/><U103/><E11/><V53/><F31/><W5/><G5/><T2/><D104/><U29/><E131/><V37/><F37/><W93/><G132/><T98/><D98/><U42/><E106/><V72/><F72/><W0/><G0/><N who="0" m="107" /><D129/><U18/><E42/><V22/><F22/><W49/><G130/><T89/><D89/><U108/><E108/><V62/><F62/><W14/><G117/><T69/><D69/><U77/><E77/><V3/><F3/><W78/><G78/><T16/><D127/><U34/><E34/><N who="0" m="12841" /><D25/><U33/><E33/><V23/><F23/><N who="3" m="15455" /><G116/><T125/><D125/><U91/><E29/><V114/><F114/><W57/><G49/><N who="2" m="19049" /><F53/><W74/><G74/><T126/><D126/><U135/><E135/><V41/><F41/><W80/><G93/><T7/><D30/><U63/><E91/><N who="2" m="51607" /><F71/><W19/><G59/><T67/><D67/><U13/><E24/><V45/><F45/><W86/><G85/><T133/><D133/><U55/><E64/><V6/><F6/><W128/><G128/><T115/><D115/><RYUUKYOKU ba="4,2" sc="521,0,252,0,73,0,134,0" hai0="4,7,15,16,17,20,27" hai1="13,18,21,44,47,55,56,63,88,99,100,101,103" hai2="8,9,60,66,87,90,95" hai3="14,19,57,58,76,80,86,92,96,102" /><INIT seed="6,5,2,4,2,3" ten="521,252,73,134" oya="2" hai0="124,93,36,5,97,80,27,8,83,62,52,32,78" hai1="73,43,51,95,126,58,11,41,7,0,94,134,114" hai2="35,22,31,66,44,29,135,12,65,106,56,26,14" hai3="117,46,133,61,34,120,37,67,115,108,132,79,99"/><V53/><F106/><W125/><G34/><T63/><D36/><U81/><E73/><V90/><F135/><N who="3" m="51787" /><G79/><T69/><D124/><U71/><E71/><V77/><F77/><W100/><G108/><T87/><D69/><U107/><E107/><V4/><F35/><W47/><G117/><T10/><D10/><U49/><E134/><V42/><F31/><W59/><G120/><T102/><D83/><U110/><E110/><V85/><F14/><W6/><G125/><T64/><D64/><U127/><E81/><V21/><F21/><W25/><G25/><T68/><D68/><U113/><E126/><V1/><F1/><W89/><G89/><T50/><D27/><U30/><E30/><V103/><F103/><W88/><G115/><N who="1" m="44042" /><E127/><V45/><F42/><N who="1" m="15881" /><E58/><V74/><F74/><W92/><G37/><T40/><D40/><U129/><E129/><V123/><F123/><W131/><G131/><T60/><D32/><U72/><E72/><V112/><F112/><W48/><G48/><AGARI ba="5,2" hai="0,7,11,48,49,51,94,95" m="15881,44042" machi="48" ten="30,2000,0" yaku="15,1,52,1" doraHai="3" who="1" fromWho="3" sc="521,0,252,55,73,0,134,-35" /><INIT seed="7,0,0,3,3,7" ten="521,307,73,99" oya="3" hai0="93,117,19,87,91,43,81,128,52,98,65,125,105" hai1="51,10,67,132,58,2,118,8,36,115,0,89,61" hai2="74,113,88,37,25,106,66,111,29,107,4,27,77" hai3="99,84,60,83,90,12,41,102,70,123,76,134,21"/><W97/><G123/><T11/><D117/><U13/><E36/><V35/><F111/><W24/><G134/><T122/><D122/><U45/><E0/><V31/><F113/><W17/><G41/><T92/><D105/><U73/><E2/><V40/><F66/><W56/><G70/><T28/><D65/><U78/><E73/><V18/><F18/><W121/><G121/><T38/><D28/><U1/><E1/><V104/><F4/><W15/><G76/><T69/><D69/><U20/><E78/><V129/><F129/><W49/><G49/><T119/><D125/><U47/><E115/><V85/><F74/><W94/><REACH who="3" step="1"/><G99/><REACH who="3" ten="521,307,73,89" step="2"/><N who="0" m="57759" /><D43/><U14/><E132/><V130/><F130/><W135/><G135/><T32/><D128/><U116/><E116/><V131/><F131/><W133/><G133/><T75/><D119/><U114/><E118/><V108/><F77/><W22/><G22/><T64/><D38/><U100/><E114/><V50/><F108/><W5/><G5/><T54/><D98/><U3/><E20/><V55/><F40/><W30/><G30/><T23/><D23/><U101/><E51/><V53/><F37/><W62/><G62/><T42/><D42/><U110/><E110/><V6/><F6/><W59/><G59/><T80/><D32/><U103/><E3/><V124/><F124/><W127/><G127/><T9/><D75/><U68/><E68/><V44/><F31/><W109/><G109/><T57/><D57/><U120/><E120/><V86/><F29/><W33/><G33/><T48/><D48/><U82/><E58/><RYUUKYOKU ba="0,1" sc="521,-10,307,-10,73,-10,89,30" hai3="12,15,17,21,24,56,60,83,84,90,94,97,102" /><INIT seed="7,1,1,0,5,134" ten="511,297,63,119" oya="3" hai0="17,51,89,103,63,81,44,69,90,114,27,26,3" hai1="109,36,115,95,62,91,86,125,82,40,73,122,71" hai2="15,18,54,1,94,110,37,121,127,119,35,131,0" hai3="43,83,72,133,50,92,58,22,124,10,55,84,117"/><W2/><G117/><T57/><D69/><U101/><E125/><V56/><F110/><W100/><G133/><T16/><D3/><U98/><E122/><V107/><F119/><W104/><G104/><T130/><D103/><U132/><E109/><V7/><F107/><W70/><G70/><T79/><D130/><U29/><E132/><V32/><F37/><W112/><G112/><T38/><D38/><U13/><E115/><V135/><F135/><W126/><G72/><T14/><D17/><U24/><E36/><V88/><F131/><W23/><G43/><N who="0" m="24991" /><D79/><U39/><E39/><V123/><F127/><N who="3" m="48683" /><G100/><T4/><D4/><U93/><E40/><V78/><F78/><N who="3" m="46199" /><G92/><T19/><D114/><U87/><E73/><V102/><F102/><W21/><G10/><T111/><D111/><U66/><E95/><V118/><F118/><W46/><G2/><T61/><D81/><U77/><E101/><V20/><F0/><W74/><G74/><T47/><D90/><U65/><E71/><V9/><F121/><W28/><G46/><T108/><D47/><U52/><E93/><V6/><F123/><W128/><G128/><T80/><D108/><U42/><E91/><V129/><F129/><W106/><G106/><T49/><D89/><U30/><E42/><V48/><REACH who="2" step="1"/><F7/><REACH who="2" ten="511,297,53,119" step="2"/><W5/><G5/><T8/><D8/><U60/><E77/><V34/><F34/><W12/><G12/><T120/><D80/><U25/><E13/><V76/><F76/><W68/><G68/><T105/><D105/><U53/><E82/><V41/><F41/><W11/><G28/><RYUUKYOKU ba="1,2" sc="511,-30,297,10,53,10,119,10" hai1="24,25,29,30,52,53,60,62,65,66,86,87,98" hai2="1,6,9,15,18,20,32,35,48,54,56,88,94" hai3="11,21,22,23,50,55,58" /><INIT seed="7,2,2,5,4,83" ten="481,307,63,129" oya="3" hai0="17,104,71,131,119,42,7,105,55,111,106,37,62" hai1="82,85,4,76,130,19,35,100,61,87,47,45,89" hai2="120,48,53,69,49,46,133,11,97,43,58,84,27" hai3="29,67,50,92,95,81,110,63,26,91,132,123,113"/><W60/><G123/><T73/><D111/><U122/><E122/><V94/><F120/><W12/><G113/><T18/><D119/><U75/><E35/><V13/><F133/><W0/><G0/><T103/><D73/><U98/><E4/><V70/><F27/><W65/><G132/><T36/><D7/><U20/><E130/><V51/><F70/><W31/><G110/><T102/><D105/><U129/><E129/><V88/><F69/><W30/><G26/><T135/><D71/><U57/><E75/><V134/><F134/><W38/><G38/><T15/><D135/><U10/><E10/><V22/><F49/><W124/><G124/><T77/><D55/><N who="1" m="33983" /><E100/><V5/><REACH who="2" step="1"/><F22/><REACH who="2" ten="481,307,53,129" step="2"/><W23/><G50/><T28/><D103/><U128/><E128/><V101/><F101/><W126/><G126/><T118/><D102/><U78/><E78/><V90/><F90/><W125/><G125/><T39/><D77/><U116/><E116/><V109/><F109/><W112/><G112/><T115/><D18/><U25/><E98/><AGARI ba="2,3" hai="5,11,13,43,46,48,51,53,58,84,88,94,97,98" machi="98" ten="40,8000,1" yaku="1,1,8,1,52,1,54,1,53,0" doraHai="83" doraHaiUra="127" who="2" fromWho="1" sc="481,0,307,-86,53,116,129,0" owari="481,58.0,221,2.0,169,-23.0,129,-37.0" /></mjloggm>