<mjloggm ver="2.3"><GO type="169" lobby="0"/><UN n0="%72%65%72%65%6D%61%72%75" n1="%E3%83%88%E3%82%B7%E3%83%95%E3%83%BC%E3%83%8B" n2="%73%69%6E%73%69%73%74" n3="%EF%BC%81%E2%80%9D%EF%BC%83%EF%BC%84%EF%BC%85%EF%BC%86%E2%80%99%EF%BC%88" dan="16,16,16,17" rate="2167.22,2127.46,2118.25,2129.74" sx="M,M,M,M"/><TAIKYOKU oya="0"/><INIT seed="0,0,0,5,3,87" ten="250,250,250,250" oya="0" hai0="80,17,90,61,21,70,92,91,2,122,125,72,38" hai1="59,1,39,102,119,132,128,42,62,93,108,19,116" hai2="44,27,33,32,63,104,67,68,103,94,129,51,43" hai3="73,34,18,58,22,6,40,78,8,96,133,3,112"/><T55/><D122/><U126/><E1/><V13/><F129/><W123/><G123/><T134/><D2/><U124/><E19/><V75/><F75/><W53/><G133/><T105/><D38/><U35/><E35/><V15/><F94/><W135/><G135/><T26/><D105/><U7/><E7/><V100/><F100/><W86/><G73/><T66/><D134/><U12/><E12/><V106/><F106/><W20/><G34/><T110/><D125/><N who="1" m="48235" /><E93/><V76/><F76/><W113/><G40/><T109/><D55/><N who="1" m="34175" /><E102/><V4/><F4/><W52/><G96/><T101/><D101/><U127/><E132/><V71/><F71/><W115/><G58/><T120/><D120/><U117/><E127/><V98/><REACH who="2" step="1"/><F33/><REACH who="2" ten="250,250,240,250" step="2"/><W69/><G69/><T54/><D92/><U81/><E128/><V31/><AGARI ba="0,1" hai="13,15,27,31,32,43,44,51,63,67,68,98,103,104" machi="31" ten="30,12000,2" yaku="1,1,2,1,0,1,25,2,53,1" doraHai="87" doraHaiUra="41" who="2" fromWho="2" sc="250,-60,250,-30,240,130,250,-30" /><INIT seed="1,0,0,3,4,18" ten="190,220,370,220" oya="1" hai0="104,59,26,62,97,122,109,129,53,132,35,7,120" hai1="111,12,63,56,19,108,3,31,124,38,114,95,66" hai2="103,128,80,49,73,79,69,8,117,32,64,61,96" hai3="11,133,52,27,60,48,112,92,41,83,113,98,57"/><U6/><E114/><V40/><F128/><W105/><G133/><T87/><D132/><U24/><E38/><V123/><F117/><W36/><G105/><T42/><D129/><U90/><E124/><V110/><F110/><N who="1" m="42025" /><E6/><V50/><F123/><W85/><G36/><T67/><D109/><U116/><E3/><V14/><F40/><W121/><G121/><T119/><D7/><U13/><E19/><V135/><F32/><W68/><G11/><T93/><D35/><N who="1" m="20967" /><E116/><V88/><F135/><W5/><G5/><T81/><D119/><U74/><E74/><V54/><F54/><W70/><G27/><T84/><D53/><U44/><E44/><V78/><F14/><W51/><G113/><T86/><D42/><U46/><E46/><V91/><F8/><W9/><G9/><T23/><D122/><U99/><AGARI ba="0,0" hai="12,13,56,63,66,90,95,99" m="20967,42025" machi="99" ten="30,3000,0" yaku="14,1,10,1" doraHai="18" who="1" fromWho="1" sc="190,-10,220,30,370,-10,220,-10" /><INIT seed="1,1,0,0,4,45" ten="180,250,360,210" oya="1" hai0="124,81,0,125,91,27,53,4,95,99,116,12,113" hai1="62,126,127,115,35,109,23,112,85,133,65,48,66" hai2="88,80,84,68,74,122,42,94,77,32,121,46,71" hai3="14,63,40,67,69,101,78,120,119,7,9,16,2"/><U60/><E35/><V43/><F32/><W98/><G120/><T86/><D116/><U52/><E85/><V104/><F42/><W61/><G119/><T26/><D113/><N who="1" m="43595" /><E23/><V1/><F1/><W134/><G134/><T128/><D0/><U37/><E37/><V28/><F28/><W76/><G63/><N who="1" m="24106" /><E133/><V39/><REACH who="2" step="1"/><F104/><REACH who="2" ten="180,250,350,210" step="2"/><W49/><G2/><T87/><D125/><N who="1" m="47627" /><E109/><V132/><F132/><W102/><G7/><T79/><D4/><U3/><E3/><V97/><F97/><W10/><G98/><T89/><D99/><U130/><E130/><V64/><F64/><W73/><G67/><T82/><D128/><U108/><E108/><V41/><F41/><W44/><G40/><T92/><D124/><U47/><AGARI ba="1,1" hai="47,48,52,65,66" m="47627,24106,43595" machi="47" ten="40,12000,1" yaku="18,1,34,2,52,1,54,1" doraHai="45" who="1" fromWho="1" sc="180,-41,250,133,350,-41,210,-41" /><INIT seed="1,2,0,1,0,96" ten="139,383,309,169" oya="1" hai0="55,25,93,121,131,64,42,12,44,116,101,2,104" hai1="135,20,67,31,26,87,73,100,10,62,6,38,34" hai2="105,58,115,7,112,74,97,107,72,9,90,102,43" hai3="80,48,35,14,78,37,52,130,65,71,46,84,45"/><U83/><E135/><V82/><F58/><W32/><G130/><T50/><D2/><U88/><E38/><V79/><F43/><W124/><G124/><T22/><D131/><U125/><E125/><V132/><F9/><W94/><G94/><T126/><D104/><N who="2" m="40010" /><F7/><W66/><G14/><T24/><D121/><U122/><E122/><V51/><F51/><W120/><G120/><T33/><D116/><U63/><E73/><N who="2" m="43375" /><F90/><W18/><G18/><T99/><D33/><U60/><E34/><V106/><F132/><W103/><G71/><T17/><D126/><U59/><REACH who="1" step="1"/><E100/><REACH who="1" ten="139,373,309,169" step="2"/><V127/><F127/><W13/><G103/><T19/><D64/><U54/><E54/><V114/><AGARI ba="2,1" hai="72,74,97,102,106,112,114,115" m="43375,40010" machi="114" ten="40,8000,1" yaku="11,1,23,1,34,2,52,1" doraHai="96" who="2" fromWho="2" sc="139,-22,373,-42,309,96,169,-22" /><INIT seed="2,0,0,4,0,41" ten="117,331,405,147" oya="2" hai0="1,120,14,36,95,109,8,84,121,56,35,72,106" hai1="7,104,123,53,93,55,9,57,49,128,101,4,70" hai2="30,45,94,21,2,62,91,129,17,80,26,13,98" hai3="74,117,82,69,43,135,60,23,118,88,27,5,39"/><V105/><F129/><W99/><G135/><T67/><D106/><U50/><E104/><V119/><F119/><W125/><G125/><T63/><D72/><U58/><E70/><V114/><F114/><W33/><G33/><T61/><D109/><U102/><E128/><V132/><F105/><W75/><G5/><T77/><D1/><U34/><E34/><V29/><F2/><W12/><G12/><T110/><D110/><U66/><E123/><V65/><F132/><W73/><G60/><T113/><D113/><U97/><E66/><V107/><F107/><W28/><G69/><T54/><D36/><U71/><E71/><V24/><F80/><W22/><G22/><T133/><D133/><U108/><E108/><V44/><F62/><W38/><G38/><T19/><D35/><U92/><E9/><V59/><F59/><W16/><G28/><N who="2" m="10857" /><F65/><W127/><G127/><T46/><D63/><U87/><E87/><V32/><F32/><W89/><G82/><T3/><D3/><U83/><E83/><V31/><N who="2" m="10865" /><V10/><DORA hai="51" /><F10/><W25/><G118/><T130/><D130/><U47/><E47/><AGARI ba="0,0" hai="13,17,21,24,26,44,45,47,91,94,98" m="10865" machi="47" ten="30,11600,0" yaku="8,1,52,3" doraHai="41,51" who="2" fromWho="1" sc="117,0,331,-116,405,116,147,0" /><INIT seed="2,1,0,4,4,8" ten="117,215,521,147" oya="2" hai0="46,0,50,114,68,39,44,20,75,38,23,14,52" hai1="84,36,40,12,54,117,56,76,6,30,62,129,111" hai2="16,24,2,82,21,31,78,49,73,125,98,60,92" hai3="63,72,70,88,100,66,127,102,64,124,104,123,134"/><V69/><F125/><W3/><G123/><T17/><D75/><U90/><E117/><V41/><F2/><W135/><G72/><T106/><D0/><U94/><E111/><V5/><F5/><W93/><G3/><T120/><D106/><U61/><E129/><V26/><F69/><W77/><G77/><T34/><D34/><U51/><E30/><V19/><F60/><W126/><G66/><T33/><D33/><U15/><E6/><V29/><F41/><W108/><G104/><T99/><D99/><N who="1" m="57815" /><E36/><V116/><F49/><W132/><G108/><T65/><D114/><U131/><E131/><V105/><F105/><W57/><G70/><T7/><D7/><U128/><E128/><V113/><F116/><W58/><G58/><T89/><D89/><U109/><E109/><V25/><F113/><W86/><AGARI ba="1,0" hai="57,63,64,86,88,93,100,102,124,126,127,132,134,135" machi="86" ten="40,8000,1" yaku="0,1,18,1,20,1,54,1" doraHai="8" who="3" fromWho="3" sc="117,-21,215,-21,521,-41,147,83" /><INIT seed="3,0,0,2,3,67" ten="96,194,480,230" oya="3" hai0="86,103,40,99,19,23,17,96,68,79,9,95,118" hai1="1,26,88,14,38,48,134,13,61,66,12,114,132" hai2="135,64,51,60,65,6,112,47,63,52,130,33,31" hai3="41,127,105,56,44,4,84,2,109,54,85,39,69"/><W90/><G127/><T117/><D40/><U87/><E38/><V116/><F6/><W27/><G105/><T37/><D37/><U76/><E1/><V98/><F112/><W32/><G109/><T93/><D9/><U125/><E114/><V10/><F10/><W113/><G113/><T82/><D68/><N who="1" m="42063" /><E76/><V70/><F116/><W83/><G85/><T73/><D73/><U45/><E26/><V123/><F33/><W24/><G32/><T107/><D17/><U46/><E48/><V59/><F31/><W20/><G69/><T126/><D126/><U29/><E29/><V100/><F130/><W3/><G4/><T74/><D19/><U81/><E125/><V21/><F21/><W53/><G53/><T124/><D23/><U22/><E22/><V16/><F123/><W5/><G5/><T58/><D58/><U131/><E131/><V50/><F16/><W101/><G101/><T129/><D129/><U133/><AGARI ba="0,0" hai="12,13,14,45,46,81,87,88,132,133,134" m="42063" machi="133" ten="40,5200,0" yaku="20,1,52,1,54,1" doraHai="67" who="1" fromWho="1" sc="96,-13,194,52,480,-13,230,-26" /><INIT seed="4,0,0,5,2,17" ten="83,246,467,204" oya="0" hai0="50,13,19,53,132,94,29,9,123,121,73,10,51" hai1="36,34,126,58,42,133,3,57,1,44,101,7,105" hai2="120,0,32,46,135,100,74,104,15,86,134,37,84" hai3="62,83,64,127,48,81,93,6,75,22,71,41,113"/><T2/><D73/><U40/><E34/><V47/><F0/><W11/><G113/><T33/><D132/><N who="2" m="50730" /><F120/><W124/><G93/><T117/><D117/><U99/><E126/><N who="3" m="48170" /><G75/><T79/><D79/><U108/><E108/><V21/><F32/><W122/><G122/><T4/><D94/><U114/><E114/><V72/><F72/><W115/><G115/><T116/><D116/><U25/><E133/><V92/><F74/><W52/><G41/><T35/><D50/><U38/><E25/><V63/><F63/><W49/><G49/><T130/><D130/><U69/><E69/><V78/><F104/><W26/><G11/><T128/><D128/><U77/><E77/><V8/><F8/><W106/><G6/><T90/><D90/><U111/><E111/><V76/><F76/><W20/><G106/><T119/><D119/><U112/><E112/><V43/><F47/><N who="3" m="27679" /><G20/><T54/><D53/><U80/><E80/><V131/><F78/><W66/><G64/><T118/><D118/><U87/><E7/><V109/><F109/><W61/><G62/><T129/><D129/><U65/><E65/><V28/><F131/><W70/><G71/><T96/><D35/><U102/><E87/><V24/><F15/><W55/><G55/><T110/><D110/><U103/><E105/><V5/><F5/><W23/><G23/><T45/><D96/><AGARI ba="0,0" hai="21,24,28,37,43,46,84,86,92,96,100" m="50730" machi="96" ten="30,2000,0" yaku="20,1,52,1" doraHai="17" who="2" fromWho="0" sc="83,-20,246,0,467,20,204,0" /><INIT seed="5,0,0,1,0,25" ten="63,246,487,204" oya="1" hai0="40,18,116,34,21,48,72,97,42,54,133,128,135" hai1="85,23,76,93,0,126,30,8,37,114,134,124,58" hai2="84,12,5,60,78,96,3,35,125,6,55,105,68" hai3="113,119,53,16,74,103,121,17,77,88,100,9,112"/><U107/><E107/><V15/><F125/><N who="1" m="48233" /><E37/><V43/><F43/><W36/><G121/><T50/><D116/><U118/><E118/><V90/><F35/><W39/><G119/><T122/><D72/><U67/><E114/><V22/><F3/><W20/><G77/><T127/><D127/><U51/><E134/><V2/><F2/><W41/><G74/><T70/><D34/><U89/><E76/><V61/><F68/><W65/><G65/><T98/><D18/><U73/><E73/><V82/><F105/><W38/><G41/><T44/><D21/><U62/><E51/><V101/><F101/><W106/><G106/><T94/><D94/><U14/><E0/><V64/><F64/><W132/><G132/><T79/><D79/><U95/><E95/><N who="2" m="56439" /><F55/><W80/><G53/><T111/><D122/><U102/><E102/><V11/><F5/><W45/><G103/><T46/><D54/><U13/><E8/><V108/><F108/><W110/><G100/><T99/><D111/><U104/><E104/><V27/><F15/><N who="1" m="5641" /><E23/><V66/><F66/><W120/><G120/><T81/><D81/><U117/><E117/><V4/><F4/><W63/><G9/><T1/><D1/><U29/><AGARI ba="0,0" hai="29,30,58,62,67,85,89,93" m="5641,48233" machi="29" ten="30,6000,0" yaku="18,1,52,2" doraHai="25" who="1" fromWho="1" sc="63,-20,246,60,487,-20,204,-20" /><INIT seed="5,1,0,0,1,51" ten="43,306,467,184" oya="1" hai0="40,114,111,53,69,58,6,9,64,4,7,49,5" hai1="11,28,98,23,2,126,108,67,62,63,27,99,43" hai2="132,60,71,52,89,45,112,12,22,33,54,17,21" hai3="106,29,129,65,55,56,93,41,59,102,36,82,34"/><U78/><E126/><V107/><F33/><W125/><G106/><T14/><D111/><U72/><E108/><V117/><F117/><W16/><G129/><T91/><D114/><U1/><E43/><V118/><F118/><W80/><G36/><T3/><D40/><U113/><E113/><V35/><F35/><W8/><G34/><T31/><D31/><U18/><E63/><V135/><F107/><W116/><G29/><T121/><D121/><U47/><E47/><V37/><F112/><W124/><G41/><T79/><D79/><U25/><E78/><V101/><F101/><W24/><G116/><T15/><D69/><U0/><E72/><V20/><F37/><W73/><G73/><T119/><D64/><U86/><E86/><V26/><F89/><W87/><G65/><T105/><D105/><U50/><E50/><N who="2" m="28751" /><F71/><W92/><G102/><T57/><D119/><U110/><E110/><V10/><F135/><W76/><G125/><T128/><D128/><U61/><E61/><V133/><F133/><W75/><G124/><T94/><REACH who="0" step="1"/><D58/><REACH who="0" ten="33,306,467,184" step="2"/><U13/><REACH who="1" step="1"/><E27/><REACH who="1" ten="33,296,467,184" step="2"/><V84/><F132/><W100/><G24/><T88/><D88/><U115/><E115/><V85/><F26/><W90/><G90/><T48/><D48/><U81/><E81/><V70/><F70/><AGARI ba="1,2" hai="0,1,2,11,13,18,23,25,28,62,67,70,98,99" machi="70" ten="40,2000,0" yaku="1,1,53,0" doraHai="51" doraHaiUra="74" who="1" fromWho="2" sc="33,0,296,43,467,-23,184,0" /><INIT seed="5,2,0,2,4,91" ten="33,339,444,184" oya="1" hai0="85,88,125,96,100,27,69,113,25,71,43,35,101" hai1="111,107,83,11,57,52,13,58,73,33,20,86,16" hai2="51,53,0,90,19,121,65,108,95,17,129,18,74" hai3="132,75,92,42,106,133,26,64,77,61,117,124,46"/><U45/><E73/><V114/><F121/><W8/><G106/><T56/><D113/><U110/><E107/><V122/><F122/><W102/><G124/><T135/><D125/><U54/><E33/><V128/><F108/><N who="1" m="41513" /><E20/><V32/><F32/><W105/><G117/><T31/><D135/><U3/><E3/><V119/><F119/><W21/><G105/><T67/><D43/><U7/><E7/><V78/><F65/><W49/><G8/><T87/><D85/><U134/><E134/><V84/><F0/><W98/><G77/><T23/><D101/><U115/><E115/><V12/><F114/><W39/><G75/><T76/><D76/><N who="1" m="46439" /><E45/><V24/><F24/><W55/><G21/><T130/><D130/><N who="2" m="50282" /><F78/><W15/><G26/><T50/><D100/><U123/><E123/><V2/><F2/><W103/><G15/><T94/><D96/><U34/><E34/><V97/><F97/><W14/><G14/><T22/><D35/><U70/><E70/><V40/><F74/><W38/><G102/><T131/><D131/><U44/><E44/><N who="2" m="27879" /><F40/><W109/><G109/><T89/><D89/><U72/><E72/><V112/><F112/><W63/><G133/><T28/><REACH who="0" step="1"/><D50/><REACH who="0" ten="23,339,444,184" step="2"/><U60/><E58/><V81/><F81/><W93/><G132/><T5/><D5/><U4/><E4/><V116/><F116/><W126/><G126/><T6/><D6/><U118/><E118/><V62/><F12/><W48/><G42/><T9/><D9/><U1/><E1/><V104/><F104/><W47/><G103/><T127/><D127/><U59/><E59/><RYUUKYOKU ba="2,1" sc="23,10,339,10,444,10,184,-30" hai0="22,23,25,27,28,31,56,67,69,71,87,88,94" hai1="11,13,16,52,54,57,60" hai2="17,18,19,62,84,90,95" /><INIT seed="5,3,1,2,2,113" ten="33,349,454,154" oya="1" hai0="30,115,97,69,121,13,61,99,2,19,67,132,70" hai1="75,92,10,124,56,122,36,33,37,95,103,129,105" hai2="8,25,90,52,72,128,39,0,126,50,76,82,87" hai3="117,119,46,22,68,47,21,12,100,66,49,20,77"/><U71/><E71/><V64/><F39/><W102/><G77/><T9/><D115/><U104/><E33/><V29/><F64/><W16/><G66/><T63/><D121/><U89/><E122/><V93/><F126/><W54/><G47/><T116/><D132/><U18/><E75/><V32/><F128/><W35/><G35/><T135/><D135/><U5/><E129/><V3/><REACH who="2" step="1"/><F8/><REACH who="2" ten="33,349,444,154" step="2"/><N who="3" m="6151" /><G68/><T7/><D70/><U112/><E124/><V85/><F85/><W38/><G38/><T120/><D120/><U118/><E37/><V106/><F106/><W48/><G48/><T96/><D61/><U80/><E36/><V114/><F114/><W43/><G43/><T60/><D63/><U65/><E105/><V88/><F88/><W123/><G123/><T79/><D79/><U28/><E104/><V55/><F55/><W94/><G94/><T133/><D133/><U110/><E112/><V6/><F6/><W125/><G125/><T73/><D73/><U98/><E110/><V44/><AGARI ba="3,2" hai="0,3,25,29,32,44,50,52,72,76,82,87,90,93" machi="44" ten="20,8000,1" yaku="1,1,0,1,7,1,54,1,53,1" doraHai="113" doraHaiUra="78" who="2" fromWho="2" sc="33,-23,349,-43,444,109,154,-23" /><INIT seed="6,0,0,4,3,85" ten="10,306,553,131" oya="2" hai0="5,110,115,2,36,61,91,50,117,40,131,21,46" hai1="94,111,82,32,69,98,39,49,119,58,129,121,80" hai2="90,97,38,60,30,10,88,3,44,108,59,101,52" hai3="42,17,74,65,51,22,75,55,73,25,89,76,56"/><V79/><F79/><W37/><G65/><T19/><D117/><U135/><E119/><V114/><F114/><W93/><G42/><T87/><D115/><U123/><E39/><V35/><F108/><W118/><G37/><T29/><D131/><U102/><E69/><V54/><F35/><W48/><G118/><T53/><D29/><U105/><E32/><V84/><F30/><W130/><G130/><T1/><D110/><U4/><E4/><V99/><F3/><W0/><G0/><T125/><D125/><U103/><E129/><V134/><F134/><W8/><G8/><T24/><D5/><U14/><E111/><V132/><F132/><W6/><G6/><T70/><D61/><U18/><E135/><V68/><F68/><W28/><G28/><T41/><D41/><U64/><E103/><V67/><F10/><W113/><G113/><T95/><REACH who="0" step="1"/><D70/><REACH who="0" ten="0,306,553,131" step="2"/><U128/><E128/><V57/><F60/><W71/><G71/><T112/><D112/><U63/><E63/><V31/><F31/><W62/><G62/><T15/><D15/><U127/><E14/><V78/><F67/><W133/><G133/><T83/><D83/><U66/><E82/><V122/><F122/><W124/><G124/><T27/><D27/><U116/><E80/><V86/><F54/><W9/><G55/><T11/><D11/><U16/><E127/><V43/><F52/><W33/><G9/><T12/><D12/><U47/><E116/><V100/><F43/><W7/><G7/><T77/><D77/><U104/><E66/><V106/><F78/><W45/><G76/><RYUUKYOKU ba="0,1" sc="0,30,306,-10,553,-10,131,-10" hai0="1,2,19,21,24,36,40,46,50,53,87,91,95" /><INIT seed="7,1,1,3,0,112" ten="30,296,543,121" oya="3" hai0="5,32,77,31,63,123,101,134,80,128,82,117,73" hai1="83,35,40,103,6,107,49,62,129,74,26,97,7" hai2="126,135,113,29,79,119,43,13,67,60,94,69,30" hai3="75,110,16,38,68,132,0,71,116,125,61,114,91"/><W42/><RYUUKYOKU type="yao9" ba="1,1" sc="30,0,296,0,543,0,121,0" hai3="0,16,38,42,61,68,71,75,91,110,114,116,125,132" /><INIT seed="7,2,1,5,3,27" ten="30,296,543,121" oya="3" hai0="2,103,74,31,84,48,11,68,67,106,117,42,119" hai1="32,135,53,132,96,28,129,77,90,6,92,43,108" hai2="29,120,122,58,81,22,125,76,47,55,131,51,78" hai3="130,121,16,54,57,0,30,26,73,38,111,20,59"/><W66/><G121/><N who="2" m="46697" /><F131/><W105/><G130/><T14/><D74/><U126/><E129/><V5/><F125/><W18/><G111/><T52/><D2/><U36/><E126/><V114/><F114/><W133/><G133/><N who="1" m="51274" /><E6/><V63/><F5/><W99/><G38/><T8/><D42/><U49/><E77/><V3/><F3/><W1/><G73/><T91/><D106/><U107/><E107/><V40/><F81/><W23/><G66/><T34/><D103/><U113/><E113/><V37/><F63/><W100/><G57/><T115/><D115/><U19/><E19/><V50/><F50/><W127/><G18/><T56/><D67/><U98/><E98/><V33/><F33/><W65/><G65/><T45/><D68/><U123/><E123/><V95/><F95/><W21/><G21/><T71/><D71/><U110/><E43/><V89/><F89/><W104/><G127/><T118/><D56/><N who="1" m="32815" /><E36/><V88/><F88/><W35/><G35/><T109/><D109/><U25/><AGARI ba="2,1" hai="25,28,32,90,92,96,108,110" m="32815,51274" machi="25" ten="30,2000,0" yaku="20,1,52,1" doraHai="27" who="1" fromWho="1" sc="30,-7,296,36,543,-7,121,-12" owari="23,-48.0,332,13.0,536,64.0,109,-29.0" /></mjloggm>