<mjloggm ver="2.3"><GO type="185" lobby="0"/><UN n0="%E6%9D%B1%E9%B3%B3" n1="%4B%6F%4B%4B%4F" n2="%79%61%73%73%61%6E" n3="" dan="17,16,17,0" rate="2257.46,2200.61,2191.22,1500.00" sx="M,M,M,C"/><TAIKYOKU oya="0"/><INIT seed="0,0,0,2,0,132" ten="350,350,350,0" oya="0" hai0="77,110,37,111,91,95,104,51,36,120,34,85,118" hai1="60,80,127,109,69,86,44,117,87,122,64,1,59" hai2="84,3,46,121,54,113,56,58,106,128,38,67,131" hai3=""/><T89/><N who="0" m="30752" /><T83/><D118/><U76/><N who="1" m="31264" /><U72/><E1/><V62/><N who="2" m="31008" /><V103/><F3/><T101/><D34/><U92/><E117/><V97/><F113/><T93/><D51/><U2/><E2/><V114/><F114/><T41/><D41/><U125/><E109/><N who="0" m="41481" /><D104/><U39/><E69/><V99/><F46/><T50/><D101/><U90/><REACH who="1" step="1"/><E72/><REACH who="1" ten="350,340,350,0" step="2"/><V49/><F128/><T126/><D126/><U94/><E94/><N who="0" m="35849" /><D50/><U33/><E33/><V119/><F131/><T105/><D105/><U40/><AGARI ba="0,1" hai="39,40,44,59,60,64,76,80,86,87,90,92,125,127" m="31264" machi="40" ten="30,9000,2" yaku="1,1,0,1,52,3,53,1" doraHai="132" doraHaiUra="79" who="1" fromWho="1" sc="350,-60,340,100,350,-30,0,0" /><INIT seed="1,0,0,1,0,109" ten="290,440,320,0" oya="1" hai0="110,78,119,49,122,68,135,55,1,71,92,2,91" hai1="105,123,79,3,70,132,100,41,93,67,51,104,74" hai2="76,54,58,37,50,131,96,116,47,101,35,44,85" hai3=""/><U59/><N who="1" m="31520" /><U133/><E3/><V83/><F131/><T124/><N who="0" m="31264" /><T97/><D110/><U127/><E70/><V0/><F0/><T134/><D78/><U95/><E127/><V77/><F116/><T32/><D32/><U73/><E41/><V63/><F35/><T80/><D80/><U128/><E128/><V69/><F37/><T34/><D34/><U82/><E67/><V103/><F76/><T99/><D119/><U111/><E111/><V107/><F101/><T118/><D118/><U126/><E126/><V113/><F113/><T87/><D124/><U38/><E38/><V61/><F61/><T114/><D114/><U106/><E59/><V88/><F69/><N who="0" m="26698" /><D99/><U43/><E51/><V72/><REACH who="2" step="1"/><F50/><REACH who="2" ten="290,440,310,0" step="2"/><T52/><D49/><U121/><N who="1" m="31008" /><U90/><E100/><V64/><F64/><T66/><D66/><U102/><E102/><V86/><F86/><T115/><D87/><U130/><E130/><V62/><F62/><T75/><D115/><U48/><E48/><V65/><F65/><T42/><D1/><U33/><E33/><V125/><F125/><T89/><D2/><U40/><E79/><V60/><F60/><T112/><D112/><U94/><E90/><V129/><F129/><RYUUKYOKU ba="0,1" sc="290,-10,440,-10,310,20,0,0" hai2="44,47,54,58,63,72,77,83,85,88,96,103,107" /><INIT seed="2,1,1,3,4,67" ten="280,430,330,0" oya="2" hai0="93,0,124,73,72,80,112,125,74,121,119,126,118" hai1="40,75,59,122,35,32,89,91,117,82,44,58,95" hai2="49,96,69,84,38,94,2,1,55,92,61,3,110" hai3=""/><V86/><F38/><T70/><N who="0" m="31008" /><T36/><D0/><U33/><N who="1" m="31264" /><U114/><E114/><V77/><F110/><T42/><D112/><U34/><N who="1" m="8192" /><DORA hai="111" /><U53/><E117/><N who="0" m="44553" /><D70/><U104/><E104/><V54/><F77/><T100/><D42/><U132/><E132/><V105/><F105/><T46/><D46/><U135/><E135/><V45/><F94/><T51/><D51/><U60/><E58/><V63/><F63/><T43/><D43/><U90/><E75/><V41/><F55/><T115/><D36/><U83/><REACH who="1" step="1"/><E95/><REACH who="1" ten="280,420,330,0" step="2"/><V78/><F69/><T57/><D57/><U39/><AGARI ba="1,2" hai="39,40,44,53,59,60,82,83,89,90,91" m="8192,31264" machi="39" ten="60,6000,1" yaku="1,1,2,1,0,1,52,1,53,0" doraHai="67,111" doraHaiUra="107,106" who="1" fromWho="1" sc="280,-21,420,82,330,-41,0,0" /><INIT seed="4,0,0,5,1,78" ten="259,502,289,0" oya="0" hai0="66,48,60,68,42,65,32,103,96,87,47,73,91" hai1="84,55,81,1,52,126,41,74,40,57,122,51,97" hai2="111,116,45,98,38,89,132,105,104,124,39,77,54" hai3=""/><T64/><D73/><U121/><N who="1" m="31008" /><U82/><N who="1" m="31264" /><U71/><E71/><V114/><F116/><T44/><D32/><U117/><E1/><V85/><F111/><T129/><D129/><U127/><E117/><V35/><F35/><T118/><D118/><U2/><E2/><V3/><F105/><T102/><D47/><U33/><E33/><V70/><F70/><T107/><REACH who="0" step="1"/><D103/><REACH who="0" ten="249,502,289,0" step="2"/><U67/><E127/><V0/><F124/><T128/><D128/><U134/><E126/><V62/><F3/><T106/><D106/><U34/><E34/><V95/><F104/><T50/><D50/><U88/><E134/><V94/><F132/><T37/><D37/><U92/><E74/><V133/><F133/><T46/><D46/><U115/><E115/><V83/><F114/><T76/><D76/><U120/><N who="1" m="30752" /><U90/><E67/><V58/><F0/><T112/><D112/><U110/><E110/><V79/><F39/><T108/><D108/><U80/><REACH who="1" step="1"/><E55/><REACH who="1" ten="249,492,289,0" step="2"/><V100/><F54/><T119/><D119/><U135/><E135/><V56/><F38/><T125/><D125/><U130/><E130/><V59/><F45/><T63/><D63/><U99/><E99/><V53/><F62/><T75/><D75/><RYUUKYOKU ba="0,2" sc="249,10,492,10,289,-20,0,0" hai0="42,44,48,60,64,65,66,68,87,91,96,102,107" hai1="40,41,51,52,57,80,81,82,84,88,90,92,97" /><INIT seed="4,1,2,1,0,114" ten="259,502,269,0" oya="0" hai0="54,72,134,97,74,127,63,115,47,121,77,59,2" hai1="102,39,62,69,86,96,100,0,108,50,105,45,76" hai2="43,84,82,40,93,49,135,88,53,42,106,78,70" hai3=""/><T91/><N who="0" m="31008" /><T132/><D2/><U120/><N who="1" m="30752" /><U124/><E39/><V92/><F135/><N who="0" m="51754" /><D115/><U51/><E108/><V68/><F106/><T48/><D77/><U32/><E32/><V85/><REACH who="2" step="1"/><F92/><REACH who="2" ten="259,502,259,0" step="2"/><T38/><D127/><U122/><E105/><V67/><F67/><T57/><D38/><U41/><E124/><V117/><F117/><T36/><D36/><U52/><E122/><V35/><F35/><T71/><D71/><U3/><E69/><V1/><F1/><T98/><D59/><AGARI ba="1,3" hai="40,42,43,49,53,59,68,70,78,82,84,85,88,93" machi="59" ten="40,2600,0" yaku="1,1,54,1,53,0" doraHai="114" doraHaiUra="61" who="2" fromWho="0" sc="259,-28,502,0,259,58,0,0" /><INIT seed="5,0,0,4,4,111" ten="231,502,317,0" oya="1" hai0="58,60,69,76,50,51,74,81,82,108,83,40,85" hai1="38,105,128,73,62,66,101,88,41,119,1,120,44" hai2="126,2,3,124,80,125,95,45,90,63,61,91,97" hai3=""/><U36/><N who="1" m="30752" /><U96/><E119/><V98/><F45/><T100/><D108/><U106/><E1/><N who="2" m="11" /><F80/><T72/><D69/><U77/><E128/><V133/><F133/><T68/><D68/><U56/><E106/><V113/><F113/><T59/><D100/><U107/><E107/><V39/><F39/><T71/><D71/><U43/><E73/><V117/><F117/><T34/><D34/><U123/><N who="1" m="31520" /><U79/><REACH who="1" step="1"/><E88/><REACH who="1" ten="231,492,317,0" step="2"/><N who="2" m="33835" /><F95/><T70/><D74/><U134/><E134/><V135/><F135/><T103/><D72/><U87/><E87/><V84/><F84/><T78/><D85/><U37/><E37/><V32/><F32/><T55/><D78/><U47/><AGARI ba="0,1" hai="36,38,41,43,44,47,56,62,66,77,79,96,101,105" m="31520,30752" machi="47" ten="30,8000,1" yaku="1,1,0,1,9,1,52,2,53,0" doraHai="111" doraHaiUra="65" who="1" fromWho="1" sc="231,-40,492,90,317,-40,0,0" /><INIT seed="5,1,0,1,5,97" ten="191,582,277,0" oya="1" hai0="117,0,73,53,88,99,70,52,116,114,84,57,63" hai1="32,106,128,98,67,92,101,118,132,50,120,80,2" hai2="124,77,86,110,85,103,93,3,41,109,59,42,56" hai3=""/><U96/><N who="1" m="30752" /><U45/><E118/><N who="0" m="45673" /><D0/><U71/><E128/><V125/><F93/><T123/><N who="0" m="31520" /><T76/><D114/><U119/><E119/><V69/><F77/><T1/><D1/><U111/><E111/><V108/><F3/><T65/><D99/><U81/><E132/><V34/><F69/><T64/><D76/><U37/><E37/><V66/><F66/><T39/><D73/><U55/><E32/><V83/><F83/><T75/><D75/><U90/><E2/><V133/><F133/><T60/><D39/><U131/><E131/><V44/><F44/><T62/><D63/><U43/><E43/><V35/><REACH who="2" step="1"/><F109/><REACH who="2" ten="191,582,267,0" step="2"/><T38/><D38/><U51/><E67/><V105/><F105/><T78/><D78/><U82/><E71/><V134/><F134/><T74/><D74/><U129/><E129/><V49/><F49/><T94/><AGARI ba="1,1" hai="52,53,57,60,62,64,65,70,84,88,94" m="31520,45673" machi="94" ten="30,5900,0" yaku="12,1,52,1,54,2" doraHai="97" who="0" fromWho="0" sc="191,71,582,-40,267,-21,0,0" /><INIT seed="6,0,0,5,1,122" ten="262,542,246,0" oya="2" hai0="131,32,115,79,73,58,62,40,80,108,82,127,54" hai1="37,93,114,34,105,94,112,38,97,52,126,48,106" hai2="56,43,77,74,110,41,57,45,117,100,71,103,81" hai3=""/><V133/><F117/><T111/><D32/><U39/><E34/><V132/><F71/><T1/><D1/><U44/><E126/><V66/><F110/><T60/><D127/><U96/><E94/><V53/><F66/><T46/><D131/><U87/><E87/><V98/><F43/><T64/><D82/><U0/><E0/><V88/><F88/><T35/><D115/><N who="1" m="44075" /><E97/><V116/><F116/><T70/><D35/><U51/><E51/><AGARI ba="0,0" hai="40,46,51,54,58,60,62,64,70,73,79,80,108,111" machi="51" ten="30,3900,0" yaku="7,1,52,2" doraHai="122" who="0" fromWho="1" sc="262,39,542,-39,246,0,0,0" owari="301,-10.0,503,45.0,246,-35.0,0,0.0" /></mjloggm>