<mjloggm ver="2.3"><GO type="225" lobby="0"/><UN n0="%E7%AD%89%E3%80%85%E5%8A%9B%E5%8A%87%E5%A0%B4" n1="%E3%82%B7%E3%83%B3%E3%83%95%E3%82%A9%E3%83%8B%E3%82%A2" n2="%E9%B3%B3%E6%9D%B1%E3%81%AE%E3%81%86%E3%81%95%E3%81%8E%E3%81%95%E3%82%93" n3="%E3%81%AA%E3%82%81%E3%81%93%E9%9B%80%E5%A3%AB" dan="17,18,17,16" rate="2118.44,2198.10,2174.32,2071.01" sx="M,M,M,M"/><TAIKYOKU oya="0"/><INIT seed="0,0,0,2,4,110" ten="250,250,250,250" oya="0" hai0="93,62,92,90,46,79,43,91,4,102,40,50,80" hai1="15,41,66,45,61,27,60,37,21,78,116,63,0" hai2="7,81,55,52,117,88,10,115,121,119,104,3,72" hai3="77,133,44,105,126,48,8,74,123,39,51,135,114"/><T47/><D102/><U124/><E0/><V76/><F121/><W130/><G105/><T14/><D62/><U71/><E124/><V38/><F104/><W56/><G77/><T30/><D30/><U65/><E116/><N who="2" m="44619" /><F115/><W17/><G74/><T83/><D14/><U34/><E78/><V122/><F122/><W128/><G123/><T42/><D79/><U57/><E15/><V36/><F88/><W6/><G17/><T69/><D69/><N who="1" m="42151" /><E21/><V13/><F13/><W82/><G82/><T112/><D42/><N who="1" m="22735" /><E34/><V94/><F94/><W125/><G114/><T134/><D50/><N who="3" m="18985" /><G56/><T131/><D131/><N who="3" m="50217" /><G8/><T26/><D26/><U113/><E27/><V58/><F55/><W120/><G6/><T49/><D49/><AGARI ba="0,0" hai="3,7,10,36,38,49,52,58,72,76,81" m="44619" machi="49" ten="30,2000,0" yaku="12,1,54,1" doraHai="110" who="2" fromWho="0" sc="250,-20,250,0,250,20,250,0" /><INIT seed="1,0,0,4,4,73" ten="230,250,270,250" oya="1" hai0="36,99,13,80,55,33,114,78,110,29,90,12,120" hai1="124,48,106,52,24,39,51,28,94,127,53,14,37" hai2="18,107,84,58,46,3,103,113,102,16,15,71,54" hai3="20,75,87,35,86,74,117,109,34,40,116,79,135"/><U81/><E106/><V7/><F71/><W49/><G20/><T21/><D114/><U131/><E14/><V104/><F113/><W105/><G105/><T4/><D33/><N who="3" m="12297" /><G109/><T43/><D110/><U31/><E94/><V88/><F107/><W25/><G25/><T47/><D120/><U45/><E81/><N who="2" m="49167" /><F3/><W133/><G49/><T125/><D125/><U112/><E24/><V98/><F46/><W82/><G86/><T17/><D29/><U83/><E83/><V0/><F0/><W38/><G87/><T65/><D65/><U95/><E95/><N who="2" m="58719" /><F103/><W2/><G75/><T100/><D100/><U89/><E45/><V23/><F104/><W11/><G40/><T119/><D43/><U69/><E89/><V63/><F23/><W26/><G38/><T8/><D36/><U9/><E69/><V91/><F91/><W85/><G74/><T115/><D115/><U22/><E112/><V64/><F64/><W5/><G26/><T57/><D47/><U61/><E22/><V44/><F44/><W108/><G108/><T32/><D32/><U129/><REACH who="1" step="1"/><E9/><AGARI ba="0,0" hai="7,9,15,16,18,54,58,63" m="58719,49167" machi="9" ten="30,3900,0" yaku="8,1,54,2" doraHai="73" who="2" fromWho="1" sc="230,0,250,-39,270,39,250,0" /><INIT seed="2,0,0,2,5,90" ten="230,211,309,250" oya="2" hai0="15,65,35,66,73,11,38,14,33,134,121,60,128" hai1="123,50,57,107,96,97,37,98,3,132,18,101,55" hai2="20,51,29,118,42,19,45,10,111,54,58,64,1" hai3="44,53,34,105,120,39,47,106,70,68,30,122,80"/><V114/><F114/><W36/><G80/><T78/><D121/><N who="3" m="46697" /><G30/><T79/><D38/><N who="3" m="14377" /><G34/><T93/><D134/><U89/><E123/><V32/><F118/><W109/><G53/><T67/><D128/><U100/><E132/><V124/><F124/><W7/><G7/><T77/><D73/><U16/><E3/><V130/><F111/><W28/><G28/><T27/><D35/><U135/><E135/><V87/><F130/><W6/><G6/><T5/><D33/><U116/><E116/><V81/><F32/><W56/><G56/><T83/><D83/><U8/><E37/><V62/><F29/><W17/><G17/><T104/><D104/><N who="3" m="40041" /><G109/><T48/><D27/><U2/><E107/><V24/><F10/><W129/><G129/><T25/><D25/><U102/><E2/><V26/><F1/><W95/><G95/><T82/><D82/><U86/><E8/><V131/><F131/><W92/><G92/><AGARI ba="0,0" hai="16,18,50,55,57,86,89,92,96,97,98,100,101,102" machi="92" ten="40,5200,0" yaku="8,1,52,1,54,1" doraHai="90" who="1" fromWho="3" sc="230,0,211,52,309,0,250,-52" /><INIT seed="3,0,0,4,0,18" ten="230,263,309,198" oya="3" hai0="1,4,32,40,16,102,87,30,127,131,61,46,24" hai1="83,111,90,3,75,47,107,64,121,29,63,42,104" hai2="43,5,25,112,99,88,74,52,56,103,19,51,134" hai3="93,129,41,135,0,58,79,89,70,31,2,95,11"/><W101/><G70/><T44/><D131/><U105/><E111/><V17/><F112/><W86/><G129/><T9/><D127/><U94/><E3/><V91/><F74/><W115/><G115/><T125/><D125/><U34/><E121/><V97/><F134/><W71/><G71/><T49/><D102/><U38/><E29/><V85/><F5/><W98/><G135/><T45/><D61/><U14/><E34/><V6/><F6/><W21/><G11/><T27/><REACH who="0" step="1"/><D87/><REACH who="0" ten="220,263,309,198" step="2"/><U50/><E63/><V15/><F85/><W73/><G41/><T84/><D84/><U78/><E42/><V123/><F103/><W59/><G0/><T57/><D57/><U124/><E124/><V28/><F56/><W62/><G2/><T10/><D10/><U96/><E75/><V37/><F43/><W110/><G110/><T54/><D54/><U130/><E130/><V23/><F52/><W69/><G69/><T100/><D100/><U109/><E109/><V72/><F72/><W126/><G126/><T53/><D53/><U119/><E64/><V117/><F123/><W55/><G59/><T80/><D80/><U122/><E83/><V114/><F114/><W118/><G118/><T60/><D60/><U77/><E119/><V76/><F117/><W81/><REACH who="3" step="1"/><G31/><REACH who="3" ten="220,263,309,188" step="2"/><T120/><D120/><U132/><E122/><V133/><F28/><W7/><G7/><T106/><D106/><U13/><E105/><V113/><F133/><W66/><G66/><T22/><AGARI ba="0,2" hai="1,4,9,16,22,24,27,30,32,40,44,45,46,49" machi="22" ten="30,7900,0" yaku="1,1,0,1,52,1,54,1,53,0" doraHai="18" doraHaiUra="8" who="0" fromWho="0" sc="220,99,263,-20,309,-20,188,-39" owari="319,42.0,243,-16.0,289,9.0,149,-35.0" /></mjloggm>