<mjloggm ver="2.3"><GO type="185" lobby="0"/><UN n0="%E3%81%A8%E3%82%8A%E3%81%82%E3%81%88%E3%81%9A%E5%9B%9B%E6%AE%B5" n1="%6B%6F%7A" n2="%E9%BE%8D%E5%B9%B3" n3="" dan="16,16,16,0" rate="2150.80,2165.77,2228.99,1500.00" sx="M,M,M,C"/><TAIKYOKU oya="0"/><INIT seed="0,0,0,2,4,125" ten="350,350,350,0" oya="0" hai0="120,96,59,128,69,57,65,123,45,89,3,84,90" hai1="37,76,92,130,100,82,98,78,41,107,38,58,131" hai2="39,133,66,34,72,118,122,71,64,114,60,94,88" hai3=""/><T43/><N who="0" m="30752" /><T119/><N who="0" m="31520" /><T0/><D119/><U104/><E58/><V74/><N who="2" m="31264" /><V48/><F34/><T36/><D128/><N who="1" m="49195" /><E78/><V105/><F105/><N who="1" m="40521" /><E41/><V63/><F39/><T81/><D69/><U32/><E32/><V33/><F33/><T95/><REACH who="0" step="1"/><D65/><REACH who="0" ten="340,350,350,0" step="2"/><U51/><E51/><V77/><F118/><T109/><D109/><U126/><E126/><V44/><F114/><T55/><D55/><U70/><E70/><V129/><F129/><T46/><D46/><U42/><E42/><V103/><F44/><T86/><D86/><AGARI ba="0,1" hai="37,38,76,82,86,92,98,100" m="40521,49195" machi="86" ten="30,7700,0" yaku="19,1,52,3" doraHai="125" who="1" fromWho="0" sc="340,-77,350,87,350,0,0,0" /><INIT seed="1,0,0,2,5,64" ten="263,437,350,0" oya="1" hai0="115,91,45,39,81,69,3,98,121,83,47,124,108" hai1="59,75,78,89,42,62,54,77,66,129,110,135,111" hai2="55,101,104,32,34,134,2,118,74,73,53,96,65" hai3=""/><U119/><E119/><V126/><F2/><T52/><N who="0" m="31008" /><T130/><D115/><U117/><E117/><V68/><F118/><T1/><D108/><N who="1" m="41515" /><E129/><V56/><F134/><T76/><D69/><U48/><E135/><V116/><F116/><T85/><D124/><U105/><E75/><V58/><F126/><T99/><D47/><U79/><E105/><V51/><F74/><T72/><D130/><U92/><E42/><V97/><F73/><T120/><N who="0" m="30752" /><T71/><D71/><U33/><E33/><V125/><F125/><T63/><D39/><U40/><E40/><V113/><F113/><T0/><REACH who="0" step="1"/><D45/><REACH who="0" ten="253,437,350,0" step="2"/><U93/><E59/><AGARI ba="0,1" hai="0,1,3,52,59,63,72,76,81,83,85,91,98,99" m="30752,31008" machi="59" ten="40,12000,2" yaku="1,1,2,1,52,2,54,1,53,1" doraHai="64" doraHaiUra="50" who="0" fromWho="1" sc="253,130,437,-120,350,0,0,0" /><INIT seed="2,0,0,5,4,124" ten="383,317,350,0" oya="2" hai0="50,110,69,119,37,34,33,107,36,131,78,46,118" hai1="91,44,129,2,79,115,39,52,32,61,82,38,62" hai2="67,3,41,57,51,95,122,85,101,76,120,81,71" hai3=""/><V60/><N who="2" m="30752" /><V74/><N who="2" m="31264" /><V123/><N who="2" m="31520" /><V43/><F3/><T70/><D78/><U35/><E115/><V65/><F65/><T130/><D50/><U54/><E2/><V125/><F125/><T49/><D49/><U88/><E79/><V68/><F41/><T94/><D94/><U96/><E96/><V40/><F43/><T83/><D83/><U92/><E92/><V48/><F48/><T102/><D102/><U121/><N who="1" m="31008" /><U133/><E82/><V55/><F40/><T109/><D107/><U63/><E63/><V106/><F106/><T64/><D64/><U42/><E42/><V134/><F134/><T90/><D90/><U100/><E100/><V98/><REACH who="2" step="1"/><F74/><REACH who="2" ten="383,317,340,0" step="2"/><T58/><D46/><AGARI ba="0,1" hai="46,51,55,57,60,67,68,71,76,81,85,95,98,101" m="31520,31264,30752" machi="46" ten="30,18000,2" yaku="1,1,2,1,7,1,52,3,53,0" doraHai="124" doraHaiUra="87" who="2" fromWho="0" sc="383,-180,317,0,340,190,0,0" /><INIT seed="2,1,0,5,2,99" ten="203,317,530,0" oya="2" hai0="53,122,113,39,71,106,132,60,116,36,55,65,107" hai1="103,119,72,42,131,134,49,40,68,41,44,104,37" hai2="35,51,46,56,89,69,62,91,67,129,84,83,102" hai3=""/><V94/><F35/><T45/><N who="0" m="31264" /><T54/><D116/><U52/><E119/><V59/><F129/><T88/><D132/><U90/><E134/><V108/><F108/><T117/><D117/><U47/><E131/><V100/><F59/><T66/><D66/><U3/><E72/><V73/><F69/><T135/><D135/><U50/><E3/><V93/><F73/><T120/><N who="0" m="30752" /><T118/><D118/><U34/><E68/><V75/><F75/><T121/><N who="0" m="31008" /><T125/><D125/><U127/><E127/><V74/><F74/><T98/><D113/><U79/><E79/><V111/><F111/><T126/><D126/><U48/><E90/><V61/><F61/><T123/><N who="0" m="31520" /><T32/><D32/><U43/><REACH who="1" step="1"/><E34/><REACH who="1" ten="203,307,530,0" step="2"/><V78/><F78/><T110/><D110/><U85/><E85/><V77/><F77/><T82/><D98/><AGARI ba="1,1" hai="37,40,41,42,43,44,47,48,49,50,52,98,103,104" machi="98" ten="40,5200,0" yaku="1,1,52,1,54,1,53,0" doraHai="99" doraHaiUra="1" who="1" fromWho="0" sc="203,-54,307,64,530,0,0,0" /><INIT seed="4,0,0,2,5,47" ten="149,371,530,0" oya="0" hai0="101,2,107,86,111,65,103,131,102,124,123,42,96" hai1="117,75,85,58,99,133,49,113,38,88,34,68,84" hai2="39,87,56,78,76,91,92,3,62,122,104,64,120" hai3=""/><T97/><N who="0" m="31520" /><T41/><D2/><U95/><E117/><V48/><N who="2" m="30752" /><V54/><N who="2" m="31264" /><V61/><F104/><T127/><D65/><U81/><E68/><V82/><F39/><T77/><D42/><U60/><E38/><V44/><F3/><T115/><D41/><U135/><E34/><V53/><F82/><T100/><D115/><U73/><E85/><V51/><F62/><T63/><D63/><U45/><E113/><V121/><N who="2" m="31008" /><V72/><F72/><T118/><D118/><U98/><E98/><V40/><F40/><T93/><D131/><U33/><E49/><V105/><F105/><T94/><D111/><U108/><E45/><AGARI ba="0,0" hai="44,45,48,51,53,54,56,61,64,76,78,87,91,92" m="31008,31264,30752" machi="45" ten="30,16000,3" yaku="7,1,9,1,8,1,52,5" doraHai="47" who="2" fromWho="1" sc="149,0,371,-160,530,160,0,0" /><INIT seed="5,0,0,4,1,122" ten="149,211,690,0" oya="1" hai0="102,77,44,45,78,110,118,88,54,91,47,52,99" hai1="93,111,79,130,109,128,0,92,100,42,76,63,62" hai2="64,74,60,81,71,124,96,119,101,80,125,2,75" hai3=""/><U90/><E0/><V43/><F2/><T32/><D32/><U65/><E42/><V68/><F43/><T41/><D41/><U106/><E106/><V36/><F36/><T84/><D118/><U115/><E115/><V46/><F46/><T120/><N who="0" m="30752" /><T57/><D54/><U107/><E107/><V117/><F96/><T40/><D40/><U1/><E100/><V134/><F101/><T56/><D56/><U73/><E73/><V69/><F134/><T116/><D116/><U89/><E1/><V49/><F119/><T121/><N who="0" m="31008" /><T126/><D110/><U33/><E65/><V3/><F117/><T85/><D102/><U104/><E104/><V58/><F3/><T34/><D34/><AGARI ba="0,0" hai="33,34,62,63,76,79,89,90,92,93,109,111,128,130" machi="34" ten="25,9600,0" yaku="22,2,52,2" doraHai="122" who="1" fromWho="0" sc="149,-96,211,96,690,0,0,0" /><INIT seed="5,1,0,3,2,51" ten="53,307,690,0" oya="1" hai0="123,125,65,60,73,108,91,57,0,63,75,90,122" hai1="121,113,44,128,59,62,112,67,79,103,83,2,52" hai2="49,130,76,46,97,89,84,105,117,116,78,99,81" hai3=""/><U133/><N who="1" m="31008" /><U85/><E2/><V66/><F66/><T33/><N who="0" m="31264" /><T126/><N who="0" m="31520" /><T47/><D0/><U109/><E128/><V69/><F69/><T43/><D108/><U95/><E133/><V127/><F130/><T88/><D57/><U119/><E119/><V41/><F127/><T135/><D47/><U55/><E109/><V53/><F105/><T74/><D43/><U101/><E44/><V38/><F116/><T32/><D65/><U64/><E64/><V45/><F117/><T42/><D42/><U68/><E95/><V35/><F35/><T77/><D77/><U80/><E80/><V82/><F76/><T50/><D50/><U36/><E36/><V131/><F131/><T110/><D110/><U70/><E70/><V61/><F61/><N who="0" m="23626" /><D135/><U106/><E68/><V118/><F118/><T39/><D39/><U86/><E67/><V3/><F3/><T71/><D71/><U132/><E132/><V40/><F40/><T114/><D114/><U87/><E59/><V72/><AGARI ba="1,0" hai="38,41,45,46,49,53,72,78,81,82,84,89,97,99" machi="72" ten="20,2000,0" yaku="0,1,7,1,52,1" doraHai="51" who="2" fromWho="2" sc="53,-8,307,-14,690,22,0,0" /><INIT seed="6,0,0,4,3,86" ten="45,293,712,0" oya="2" hai0="50,79,132,68,52,59,90,2,46,130,3,100,67" hai1="125,112,109,61,34,120,126,43,113,74,33,0,60" hai2="108,95,53,96,91,42,133,94,80,104,32,45,99" hai3=""/><V56/><F32/><T65/><D100/><U135/><E43/><V102/><F133/><T83/><D83/><U41/><E41/><V131/><F131/><T64/><D79/><U85/><E85/><V107/><F108/><T72/><D72/><U119/><E61/><V103/><F80/><T47/><D132/><U75/><E60/><V97/><F45/><T128/><D90/><U1/><N who="1" m="30752" /><U134/><E119/><V70/><F70/><T63/><D3/><U101/><E101/><V35/><F35/><T76/><D76/><U129/><E129/><V110/><F42/><T58/><D2/><U77/><E77/><V115/><F53/><T66/><D130/><U89/><E89/><V116/><F56/><T82/><D82/><U87/><E87/><V105/><F96/><T98/><D98/><U88/><E88/><V123/><F97/><T51/><D128/><U57/><E1/><V84/><F99/><T62/><D62/><U127/><E0/><V38/><F102/><T81/><D81/><U48/><E134/><V92/><F103/><T71/><D71/><U54/><E135/><V118/><F94/><T49/><REACH who="0" step="1"/><D52/><REACH who="0" ten="35,293,712,0" step="2"/><U37/><E54/><V111/><N who="2" m="31520" /><V40/><F111/><T44/><AGARI ba="0,1" hai="44,46,47,49,50,51,58,59,63,64,65,66,67,68" machi="44" ten="40,18000,4" yaku="1,1,5,1,0,1,29,2,35,6,53,0" doraHai="86" doraHaiUra="106" who="0" fromWho="0" sc="35,190,293,-60,712,-120,0,0" owari="225,-37.0,233,-17.0,592,54.0,0,0.0" /></mjloggm>