<mjloggm ver="2.3"><GO type="169" lobby="0"/><UN n0="%E6%BB%9D%E6%9C%AC%E3%81%B2%E3%81%B5%E3%81%BF%EF%BC%81" n1="%E5%A4%8F%E6%81%8B%E8%8A%B1%E7%81%AB" n2="%70%68%65%6E%6F%6D%65" n3="%6D%61%74%74%75%61%6E" dan="17,16,17,16" rate="2158.59,2154.23,2213.77,2210.04" sx="M,M,M,M"/><TAIKYOKU oya="0"/><INIT seed="0,0,0,5,3,53" ten="250,250,250,250" oya="0" hai0="20,49,107,14,91,134,82,33,17,121,38,87,118" hai1="55,129,78,5,85,12,124,77,90,120,11,117,15" hai2="56,0,10,92,122,128,70,65,26,106,127,32,13" hai3="29,100,71,16,115,95,110,52,105,89,37,61,72"/><T35/><D118/><U58/><E117/><V98/><F122/><W109/><G115/><T2/><D121/><U125/><E120/><V7/><F127/><N who="1" m="48713" /><E15/><V8/><F128/><W23/><G37/><T22/><D38/><U80/><E129/><V66/><F106/><W113/><G72/><T79/><D2/><U3/><E3/><V51/><F70/><W25/><G113/><T132/><D107/><U46/><E46/><V104/><F104/><W39/><G71/><T99/><D49/><AGARI ba="0,0" hai="5,11,12,49,55,58,77,78,80,85,90" m="48713" machi="49" ten="30,2000,0" yaku="18,1,52,1" doraHai="53" who="1" fromWho="0" sc="250,-20,250,20,250,0,250,0" /><INIT seed="1,0,0,2,4,82" ten="230,270,250,250" oya="1" hai0="123,10,15,30,76,73,59,54,122,121,85,90,131" hai1="135,55,118,37,108,52,56,27,19,12,125,20,49" hai2="87,45,102,39,101,130,99,129,120,1,97,104,105" hai3="35,94,111,28,69,31,134,119,77,22,126,41,117"/><U38/><E118/><N who="3" m="45066" /><G69/><T61/><D131/><U51/><E135/><V60/><F1/><W63/><G41/><T3/><D3/><U86/><E125/><V127/><F127/><W9/><G63/><T24/><D76/><U70/><E70/><V107/><F120/><W57/><G57/><T103/><D103/><N who="2" m="39434" /><F60/><W100/><G35/><T29/><D73/><U8/><E86/><V62/><F62/><W83/><G126/><T11/><D15/><U25/><E108/><V79/><F45/><W7/><G22/><T98/><D98/><N who="2" m="37386" /><F39/><W84/><G94/><N who="0" m="54607" /><D29/><U53/><E27/><V71/><F71/><W81/><G100/><T26/><D26/><U40/><E40/><V33/><F33/><AGARI ba="0,0" hai="10,11,24,30,33,54,59,61,121,122,123" m="54607" machi="33" ten="30,2000,0" yaku="13,1,52,1" doraHai="82" who="0" fromWho="2" sc="230,20,270,0,250,-20,250,0" /><INIT seed="2,0,0,0,2,65" ten="250,270,230,250" oya="2" hai0="98,130,44,126,26,89,31,51,84,40,114,109,3" hai1="111,86,14,94,104,115,12,88,103,55,45,9,79" hai2="54,133,56,38,101,67,95,120,62,73,97,110,16" hai3="59,60,83,28,118,53,42,75,74,127,25,76,36"/><V17/><F120/><W61/><G127/><T41/><D109/><U100/><E115/><V85/><F73/><W69/><G118/><T8/><D130/><U11/><E111/><V2/><F110/><W43/><G75/><T23/><D126/><U125/><E125/><V122/><F122/><W18/><G18/><T80/><D114/><U119/><E104/><V134/><F2/><W49/><G61/><T20/><D98/><U129/><E79/><V29/><F38/><W5/><G5/><T4/><REACH who="0" step="1"/><D40/><REACH who="0" ten="240,270,230,250" step="2"/><U15/><E119/><V37/><F134/><W57/><G36/><T48/><D48/><N who="1" m="29071" /><E129/><V21/><F133/><W47/><G43/><T116/><D116/><U34/><E34/><AGARI ba="0,1" hai="3,4,8,20,23,26,31,34,41,44,51,80,84,89" machi="34" ten="30,2000,0" yaku="1,1,7,1,53,0" doraHai="65" doraHaiUra="106" who="0" fromWho="1" sc="240,30,270,-20,230,0,250,0" /><INIT seed="3,0,0,5,2,95" ten="270,250,230,250" oya="3" hai0="68,62,27,82,135,55,37,50,101,28,116,76,78" hai1="26,39,47,17,16,31,65,131,7,117,52,10,36" hai2="102,34,54,133,130,2,77,61,44,122,83,81,19" hai3="74,14,90,25,111,42,75,134,32,23,24,103,104"/><W4/><G134/><T89/><D116/><U12/><E117/><V53/><F133/><W59/><G32/><T115/><D37/><U71/><E131/><V87/><F2/><W64/><G25/><T63/><D115/><U123/><E123/><V66/><F34/><W114/><G114/><T113/><D113/><U105/><E105/><V69/><F130/><W45/><G111/><T72/><D135/><U91/><E36/><V129/><F122/><W15/><G103/><T108/><D108/><U5/><E39/><V48/><F102/><W49/><G104/><T120/><D120/><U3/><E65/><V98/><F129/><W70/><G70/><T128/><D128/><U9/><E71/><V132/><F132/><W18/><G90/><T20/><D76/><U127/><E91/><V109/><F19/><N who="1" m="7241" /><E52/><V86/><F109/><W80/><G75/><T106/><D89/><U112/><E47/><V51/><F83/><W29/><G80/><T33/><D33/><N who="1" m="20727" /><E112/><V79/><F79/><W57/><G74/><T11/><D68/><U41/><E41/><V60/><F61/><W43/><G43/><T58/><D62/><U8/><E127/><V22/><F86/><W0/><G64/><T110/><D63/><U21/><E10/><V6/><F53/><W126/><G126/><T35/><D11/><U107/><E107/><V85/><F87/><W73/><G73/><T46/><D110/><U13/><E21/><V40/><F22/><W93/><G23/><T99/><REACH who="0" step="1"/><D35/><REACH who="0" ten="260,250,230,250" step="2"/><U124/><E124/><V96/><F69/><W118/><G118/><T38/><D38/><RYUUKYOKU ba="0,1" sc="260,15,250,15,230,-15,250,-15" hai0="20,27,28,46,50,55,58,72,78,82,99,101,106" hai1="3,5,7,8,9,12,13" /><INIT seed="4,1,1,0,2,49" ten="275,265,215,235" oya="0" hai0="100,44,38,69,27,125,96,51,3,122,97,79,46" hai1="95,135,17,132,91,114,86,31,11,66,89,26,94" hai2="78,2,108,119,37,62,59,113,45,133,115,117,23" hai3="80,12,107,58,88,0,105,84,65,5,6,19,73"/><T123/><D3/><U41/><E114/><V77/><F2/><W8/><G73/><T130/><D69/><U81/><E41/><N who="2" m="22703" /><F23/><W14/><G0/><T87/><D125/><U10/><E66/><N who="2" m="39263" /><F108/><W15/><G107/><T112/><D130/><U42/><E42/><V101/><F101/><W99/><G105/><T22/><D112/><N who="2" m="43082" /><F133/><N who="1" m="51273" /><E17/><V13/><F13/><N who="3" m="5227" /><G99/><T104/><D97/><N who="1" m="57551" /><E95/><V67/><F67/><W126/><G126/><T72/><D100/><U127/><E127/><V1/><F1/><W128/><G128/><T98/><D104/><U39/><E39/><V20/><F20/><AGARI ba="1,1" hai="10,11,20,26,31,81,86,91" m="57551,51273" machi="20" ten="30,1000,0" yaku="20,1" doraHai="49" who="1" fromWho="2" sc="275,0,265,23,215,-13,235,0" /><INIT seed="5,0,0,5,0,25" ten="275,288,202,235" oya="1" hai0="47,79,66,130,87,28,31,72,39,109,135,58,94" hai1="91,14,95,62,112,20,74,61,11,117,40,18,103" hai2="4,27,70,57,99,110,97,132,77,53,22,125,127" hai3="86,45,21,36,48,34,67,10,98,116,38,107,106"/><U55/><E117/><V42/><F110/><W46/><G34/><T104/><D104/><U30/><E74/><V118/><F118/><W6/><G116/><T12/><D109/><U76/><E112/><V41/><F70/><W128/><G128/><T101/><D130/><U19/><E103/><V84/><F4/><W126/><G126/><N who="2" m="48137" /><F77/><W43/><G67/><T134/><D12/><U52/><E76/><V75/><F84/><W17/><G86/><T1/><D1/><U90/><E40/><N who="2" m="15467" /><F75/><W88/><G46/><T2/><D2/><U54/><E90/><V24/><F24/><W33/><G107/><T65/><D47/><U60/><E19/><N who="2" m="12767" /><F132/><N who="0" m="50730" /><D39/><U129/><E129/><V56/><F56/><W108/><G33/><T5/><D5/><U63/><N who="1" m="15360" /><DORA hai="123" /><U122/><E122/><V13/><F13/><W81/><G106/><T78/><D58/><U80/><E80/><V102/><F102/><W68/><G108/><T35/><D35/><U105/><E105/><V71/><F71/><W85/><G68/><T51/><D78/><U8/><REACH who="1" step="1"/><E30/><REACH who="1" ten="275,278,202,235" step="2"/><N who="0" m="11305" /><D72/><U93/><E93/><V120/><F120/><W15/><G98/><AGARI ba="0,1" hai="8,11,14,18,20,52,54,55,91,95,98" m="15360" machi="98" ten="50,18000,2" yaku="1,1,8,1,54,1,53,3" doraHai="25,123" doraHaiUra="64,50" who="1" fromWho="3" sc="275,0,278,190,202,0,235,-180" /><INIT seed="5,1,0,4,0,125" ten="275,468,202,55" oya="1" hai0="65,50,71,36,39,12,2,55,13,45,73,22,31" hai1="35,46,15,124,61,88,130,18,91,87,115,131,27" hai2="103,1,11,82,77,68,30,38,29,44,101,26,28" hai3="3,109,20,123,116,86,79,112,90,63,133,52,113"/><U75/><E75/><V99/><F68/><W67/><G3/><T105/><D105/><U76/><E124/><V17/><F17/><W0/><G0/><T32/><D2/><U53/><E115/><V111/><F111/><W74/><G20/><T132/><D73/><U48/><E76/><V100/><F99/><W107/><G109/><T84/><D132/><U47/><E61/><V19/><F26/><W95/><G123/><T66/><D32/><U14/><E46/><V9/><F19/><W122/><G122/><T37/><D71/><U6/><E6/><V54/><F1/><W89/><G107/><T64/><D31/><N who="1" m="19967" /><E14/><V81/><F38/><W24/><G24/><T25/><D84/><U127/><E127/><V102/><N who="2" m="25600" /><DORA hai="108" /><V51/><REACH who="2" step="1"/><F77/><REACH who="2" ten="275,468,192,55" step="2"/><W126/><G126/><T59/><D25/><U118/><E91/><V34/><F34/><W92/><G133/><T7/><D12/><U72/><E15/><V42/><F42/><W96/><G116/><T135/><D135/><U41/><E118/><V56/><F56/><W78/><G79/><T49/><D22/><U97/><E18/><V33/><F33/><W93/><G78/><T8/><REACH who="0" step="1"/><D49/><REACH who="0" ten="265,468,192,55" step="2"/><N who="1" m="26863" /><E72/><V119/><F119/><W121/><G74/><T60/><AGARI ba="1,2" hai="7,8,13,36,37,39,45,50,55,59,60,64,65,66" machi="60" ten="40,2700,0" yaku="1,1,0,1,53,0" doraHai="125,108" doraHaiUra="83,16" who="0" fromWho="0" sc="265,50,468,-14,192,-8,55,-8" /><INIT seed="6,0,0,1,4,24" ten="315,454,184,47" oya="2" hai0="47,12,64,123,79,124,8,40,90,63,101,125,93" hai1="128,36,43,94,108,53,2,66,116,95,106,0,105" hai2="65,41,77,78,80,44,50,32,84,81,135,129,131" hai3="103,60,82,9,91,5,10,76,62,85,132,26,17"/><V38/><F135/><W15/><G132/><T20/><D123/><U34/><E116/><V13/><F32/><W45/><G103/><T39/><D101/><U71/><E108/><V110/><F110/><W52/><G76/><T69/><D79/><U134/><E53/><V96/><F65/><W54/><G54/><T100/><D100/><U30/><E95/><V118/><F118/><W117/><G117/><T3/><D20/><U88/><E94/><V55/><F96/><W1/><REACH who="3" step="1"/><G26/><REACH who="3" ten="315,454,184,37" step="2"/><T16/><REACH who="0" step="1"/><D3/><REACH who="0" ten="305,454,184,37" step="2"/><U115/><E134/><V57/><REACH who="2" step="1"/><F13/><REACH who="2" ten="305,454,174,37" step="2"/><W37/><G37/><T18/><D18/><U61/><E36/><V25/><F25/><W72/><G72/><AGARI ba="0,3" hai="38,41,44,50,55,57,72,77,78,80,81,84,129,131" machi="72" ten="40,7700,0" yaku="1,1,53,2" doraHai="24" doraHaiUra="73" who="2" fromWho="3" sc="305,0,454,0,174,107,37,-77" owari="305,11.0,454,55.0,281,-12.0,-40,-54.0" /></mjloggm>