<mjloggm ver="2.3"><GO type="185" lobby="0"/><UN n0="%E5%85%A5%E5%B7%A3%E6%9F%9A%E5%AE%9F" n1="%61%6E%64%6F%35%35" n2="%E3%81%BE%E3%81%9F%E3%81%BE%E3%82%8B%E3%81%8F%E3%82%93" n3="" dan="16,16,17,0" rate="2181.06,2169.08,2272.71,1500.00" sx="F,M,M,C"/><TAIKYOKU oya="0"/><INIT seed="0,0,0,1,3,110" ten="350,350,350,0" oya="0" hai0="124,61,53,129,34,106,86,76,93,74,70,67,64" hai1="90,39,113,101,111,42,105,114,75,118,130,116,38" hai2="82,84,46,125,1,79,94,62,81,77,44,88,123" hai3=""/><T122/><N who="0" m="31264" /><T127/><D106/><U40/><E40/><V78/><BYE who="1" /><N who="2" m="31520" /><V89/><F125/><T52/><D34/><U119/><E119/><V59/><F1/><T69/><D129/><U109/><E109/><V98/><REACH who="2" step="1"/><F82/><REACH who="2" ten="350,350,340,0" step="2"/><T103/><D127/><U0/><E0/><V36/><F36/><T112/><D124/><U96/><E96/><V35/><F35/><T3/><D3/><U102/><E102/><V54/><AGARI ba="0,1" hai="44,46,54,59,62,77,78,79,81,84,88,89,94,98" m="31520" machi="54" ten="30,6000,1" yaku="1,1,0,1,8,1,52,1,54,1,53,0" doraHai="110" doraHaiUra="99" who="2" fromWho="2" sc="350,-40,350,-20,340,70,0,0" /><UN n1="%61%6E%64%6F%35%35" /><INIT seed="1,0,0,0,0,125" ten="310,330,410,0" oya="1" hai0="107,35,53,90,132,58,122,83,123,57,51,93,95" hai1="108,118,37,111,110,129,98,79,1,109,96,62,68" hai2="102,133,84,48,128,36,74,134,69,117,97,104,119" hai3=""/><U127/><N who="1" m="27648" /><DORA hai="73" /><U56/><E1/><V106/><F36/><T121/><N who="0" m="31008" /><T77/><N who="0" m="31264" /><T115/><N who="0" m="31520" /><T34/><D115/><U70/><E118/><V76/><F69/><N who="1" m="26729" /><E127/><V64/><F64/><T124/><D107/><U50/><E37/><V112/><F112/><T47/><D124/><U92/><E79/><V126/><F126/><T116/><D116/><U54/><E129/><V52/><F106/><T113/><D113/><U42/><E92/><V86/><F128/><T49/><D95/><U38/><E38/><V72/><F119/><T63/><D93/><U67/><E42/><V85/><F117/><T65/><D90/><U61/><E61/><V82/><REACH who="2" step="1"/><F74/><REACH who="2" ten="310,330,400,0" step="2"/><T87/><REACH who="0" step="1"/><D132/><REACH who="0" ten="300,330,400,0" step="2"/><U59/><AGARI ba="0,2" hai="50,54,56,59,62,67,96,98" m="26729,27648" machi="59" ten="60,4000,0" yaku="14,1,10,1" doraHai="125,73" who="1" fromWho="1" sc="300,-20,330,60,400,-20,0,0" /><INIT seed="1,1,0,2,0,49" ten="280,390,380,0" oya="1" hai0="3,109,127,52,85,99,95,134,96,111,86,65,50" hai1="119,92,78,73,106,51,131,76,103,44,70,33,102" hai2="58,113,89,83,46,107,74,47,79,75,80,121,57" hai3=""/><U64/><E33/><V66/><N who="2" m="31008" /><V94/><F107/><T108/><D3/><U53/><E119/><V68/><F113/><T37/><D37/><U110/><E106/><V114/><F114/><T41/><D127/><U87/><E73/><V1/><F68/><T39/><D134/><U112/><E112/><V81/><F1/><T77/><D65/><U48/><E131/><V115/><F115/><T32/><D32/><U128/><E128/><V125/><F125/><T0/><D0/><U129/><E129/><V135/><F135/><T82/><D41/><U90/><E110/><V97/><F58/><T42/><D42/><U123/><N who="1" m="31520" /><U35/><E35/><V122/><N who="2" m="31264" /><V132/><F132/><T72/><D39/><U71/><E71/><V34/><F34/><T118/><D118/><U55/><E64/><V2/><F2/><T56/><REACH who="0" step="1"/><D99/><REACH who="0" ten="270,390,380,0" step="2"/><U130/><E130/><V60/><F75/><T98/><D98/><U63/><E70/><V69/><F69/><T61/><D61/><U117/><E63/><V105/><F105/><T36/><D36/><U38/><E38/><V54/><F66/><T45/><D45/><U43/><E117/><V104/><F104/><T100/><AGARI ba="1,1" hai="50,52,56,72,77,82,85,86,95,96,100,108,109,111" machi="100" ten="30,6000,1" yaku="1,1,0,1,14,1,52,1,54,1,53,0" doraHai="49" doraHaiUra="67" who="0" fromWho="0" sc="270,72,390,-41,380,-21,0,0" /><INIT seed="2,0,0,5,1,58" ten="342,349,359,0" oya="2" hai0="52,86,69,118,35,57,112,2,84,113,114,1,93" hai1="87,83,91,51,97,37,121,116,40,53,63,0,99" hai2="80,88,122,94,75,131,60,47,104,64,73,130,90" hai3=""/><V127/><N who="2" m="31264" /><V92/><F104/><T120/><N who="0" m="30752" /><T134/><D118/><U49/><N who="1" m="31008" /><U70/><E0/><N who="0" m="105" /><D35/><U74/><E116/><V67/><F47/><T82/><D69/><U61/><E37/><V89/><F127/><T3/><D134/><U128/><E128/><N who="2" m="49195" /><F80/><T117/><D117/><U32/><E32/><V132/><F132/><T105/><D105/><U103/><E70/><V108/><F108/><T48/><N who="0" m="113" /><T85/><DORA hai="45" /><D93/><N who="2" m="35946" /><F67/><T77/><AGARI ba="0,0" hai="48,52,57,77,82,84,85,86,112,113,114" m="113,30752" machi="77" ten="50,6000,1" yaku="11,1,52,2,54,1" doraHai="58,45" who="0" fromWho="0" sc="342,60,349,-20,359,-40,0,0" /><INIT seed="4,0,0,3,3,69" ten="402,329,319,0" oya="0" hai0="129,132,46,47,74,2,107,92,1,127,65,41,62" hai1="106,134,66,93,112,94,105,63,125,101,135,86,128" hai2="123,56,85,73,124,67,3,61,64,108,117,84,133" hai3=""/><T114/><D107/><U70/><E128/><V91/><N who="2" m="31520" /><V49/><F73/><T95/><D74/><U53/><E125/><V32/><F108/><T38/><D114/><U119/><E119/><V113/><F113/><T44/><D132/><N who="1" m="50731" /><E112/><V103/><F133/><T89/><D95/><N who="1" m="36363" /><E101/><V104/><F124/><T39/><D129/><U100/><E100/><V35/><F3/><T60/><D60/><U52/><E86/><V72/><F72/><T0/><D41/><U59/><E53/><V76/><F117/><T88/><D127/><U40/><E40/><V75/><F75/><T126/><D126/><U57/><E70/><V130/><F130/><T54/><D54/><U83/><E83/><V43/><F104/><T79/><D92/><U34/><E34/><V110/><F110/><T42/><D42/><U115/><E115/><V131/><F131/><T96/><D96/><U111/><E111/><V90/><F32/><T68/><REACH who="0" step="1"/><D79/><REACH who="0" ten="392,329,319,0" step="2"/><U45/><E106/><V48/><F35/><T80/><D80/><U33/><E105/><V36/><F76/><T109/><D109/><U50/><E33/><V37/><F43/><T81/><D81/><U78/><E78/><V51/><F61/><T87/><D87/><U98/><E98/><RYUUKYOKU ba="0,1" sc="392,10,329,10,319,-20,0,0" hai0="0,1,2,38,39,44,46,47,62,65,68,88,89" hai1="45,50,52,57,59,63,66" /><INIT seed="4,1,1,2,3,96" ten="402,339,299,0" oya="0" hai0="51,43,109,70,39,107,46,45,95,52,129,56,88" hai1="40,0,119,83,32,81,64,116,132,121,58,35,77" hai2="126,94,128,54,36,50,103,93,104,111,68,47,100" hai3=""/><T69/><D107/><U55/><N who="1" m="31008" /><U106/><E0/><V123/><N who="2" m="31520" /><V80/><F111/><T79/><D129/><U82/><E64/><V127/><F104/><T86/><D109/><U75/><E132/><V97/><F68/><T67/><D79/><U63/><E82/><V112/><F112/><T44/><D70/><U135/><E135/><V113/><F113/><T115/><D115/><U49/><E106/><V125/><F36/><T48/><D48/><U74/><E75/><V130/><F80/><T120/><N who="0" m="30752" /><T33/><D33/><U38/><E83/><V60/><F60/><AGARI ba="1,1" hai="39,43,44,45,46,51,52,56,60,67,69,86,88,95" m="30752" machi="60" ten="40,12000,1" yaku="24,2,52,1,54,2" doraHai="96" who="0" fromWho="2" sc="402,132,339,0,299,-122,0,0" /><INIT seed="4,2,0,2,0,73" ten="534,339,177,0" oya="0" hai0="80,35,133,85,88,64,123,87,61,40,105,52,131" hai1="59,74,124,117,108,104,92,58,103,116,76,2,135" hai2="95,57,38,51,102,41,109,114,54,82,72,68,120" hai3=""/><T125/><N who="0" m="31520" /><T78/><D133/><U56/><E2/><V86/><N who="2" m="30752" /><V115/><F109/><T62/><D131/><U93/><E108/><V112/><F68/><T90/><D105/><U79/><E135/><V66/><F72/><T53/><D40/><U83/><E104/><V39/><F66/><T127/><D35/><U49/><E124/><N who="0" m="47689" /><D90/><U128/><E128/><V69/><F69/><T65/><D62/><U81/><E49/><V101/><F95/><T67/><D61/><U110/><E110/><V130/><F130/><T118/><D118/><U3/><E3/><V37/><REACH who="2" step="1"/><F41/><REACH who="2" ten="534,339,167,0" step="2"/><T55/><D65/><U50/><E92/><AGARI ba="2,1" hai="52,53,55,64,67,78,80,85,87,88,92" m="47689,31520" machi="92" ten="30,12000,1" yaku="18,1,52,2,54,2" doraHai="73" who="0" fromWho="1" sc="534,134,339,-124,167,0,0,0" /><INIT seed="4,3,0,0,5,87" ten="668,215,167,0" oya="0" hai0="89,72,56,1,54,106,104,40,108,42,80,61,33" hai1="50,44,35,107,110,114,53,82,133,39,47,120,90" hai2="88,99,101,51,131,52,126,68,132,123,109,86,128" hai3=""/><T124/><D33/><U85/><N who="1" m="30752" /><U96/><E110/><V59/><N who="2" m="31520" /><V118/><F109/><T74/><D124/><U91/><E35/><V41/><F68/><T49/><D1/><U46/><E133/><V3/><F3/><T64/><D74/><U94/><E114/><V83/><F132/><T121/><N who="0" m="31008" /><T2/><D2/><U79/><E39/><V116/><F41/><T60/><D42/><U34/><E34/><V37/><F37/><T69/><D72/><U129/><E129/><N who="2" m="49739" /><F126/><T130/><D106/><AGARI ba="3,0" hai="51,52,59,83,86,88,99,101,106,116,118" m="49739,31520" machi="106" ten="30,8000,1" yaku="19,1,52,2,54,2" doraHai="87" who="2" fromWho="0" sc="668,-86,215,0,167,86,0,0" /><INIT seed="5,0,0,5,5,129" ten="582,215,253,0" oya="1" hai0="96,92,41,89,74,82,123,83,57,127,106,114,109" hai1="52,68,2,115,66,39,77,62,40,35,55,84,36" hai2="133,69,64,43,51,128,110,124,56,111,61,95,33" hai3=""/><U65/><E35/><V93/><F33/><T98/><N who="0" m="31520" /><T58/><D109/><U46/><E2/><V91/><F128/><T37/><D114/><U122/><N who="1" m="31264" /><U104/><E104/><V112/><F112/><T135/><D41/><U108/><E115/><V42/><F124/><T53/><D37/><N who="1" m="14411" /><E77/><V119/><F119/><T50/><D74/><U97/><E84/><V102/><F42/><T78/><D78/><U48/><E97/><V54/><F102/><T107/><D127/><U59/><E108/><V80/><F80/><T34/><D34/><U67/><E68/><V75/><F95/><T81/><D98/><U90/><E90/><V94/><F94/><T79/><D79/><U120/><N who="1" m="30752" /><U71/><E71/><V86/><F75/><T131/><D131/><U85/><E85/><V3/><F3/><T87/><D87/><U76/><E76/><V72/><F72/><T38/><D106/><U118/><E40/><V47/><F111/><T121/><D107/><U44/><E44/><V105/><F105/><T60/><D96/><U32/><E32/><V116/><F110/><T132/><D121/><U0/><E0/><V1/><F1/><T45/><D89/><U88/><E88/><V101/><F43/><RYUUKYOKU ba="0,0" sc="582,-10,215,20,253,-10,0,0" hai1="46,48,52,55,59,62,65,66,67,118" /><INIT seed="5,1,0,1,0,97" ten="572,235,243,0" oya="1" hai0="3,128,57,100,0,106,60,85,127,80,134,77,83" hai1="1,117,110,41,113,33,34,133,129,95,116,35,51" hai2="66,89,102,64,120,125,84,56,76,70,88,111,118" hai3=""/><U75/><E1/><V96/><N who="2" m="30752" /><V108/><F118/><T42/><D134/><U87/><E75/><V74/><F70/><T38/><D128/><U49/><E133/><V48/><F125/><T68/><D127/><U126/><E126/><V43/><F89/><T71/><D100/><U91/><E129/><V63/><F64/><T50/><D106/><U39/><E113/><V104/><F48/><T81/><D81/><U119/><REACH who="1" step="1"/><E110/><REACH who="1" ten="572,225,243,0" step="2"/><V90/><F111/><T58/><D0/><U135/><E135/><V107/><F108/><T122/><D3/><U53/><E53/><V52/><F43/><T131/><D42/><U78/><E78/><V55/><F74/><T47/><D77/><U103/><E103/><V37/><F76/><T115/><D131/><U112/><E112/><V59/><F90/><T32/><D115/><U92/><E92/><V46/><F107/><T73/><D73/><U36/><E36/><V45/><F37/><T109/><D38/><U67/><E67/><V101/><F66/><T93/><D109/><U132/><E132/><V69/><F102/><T62/><D122/><U82/><E82/><V121/><N who="2" m="31008" /><V79/><F79/><T40/><D93/><U86/><E86/><V54/><F84/><RYUUKYOKU ba="1,1" sc="572,-10,225,20,243,-10,0,0" hai1="33,34,35,39,41,49,51,87,91,95,116,117,119" /><INIT seed="5,2,1,4,2,50" ten="562,245,233,0" oya="1" hai0="94,80,44,129,124,84,2,39,45,56,86,103,38" hai1="73,127,67,60,63,117,40,93,76,74,77,122,90" hai2="135,114,47,134,130,57,126,111,79,133,83,59,37" hai3=""/><U125/><N who="1" m="31264" /><U119/><E40/><V52/><F114/><T33/><D33/><U68/><E63/><V55/><F111/><T51/><D2/><U110/><E77/><V106/><F106/><T64/><D129/><U65/><E65/><V112/><F112/><T132/><D124/><N who="1" m="47691" /><E110/><V131/><F126/><T100/><D94/><U88/><E90/><V109/><F109/><T89/><D51/><U82/><E74/><V53/><F47/><T58/><D89/><U96/><AGARI ba="2,1" hai="60,67,68,73,76,82,88,93,96,117,119" m="47691,31264" machi="96" ten="30,4000,0" yaku="18,1,52,1,54,1" doraHai="50" who="1" fromWho="1" sc="562,-22,245,54,233,-22,0,0" /><INIT seed="5,3,0,5,1,103" ten="540,299,211,0" oya="1" hai0="111,122,114,0,109,59,58,48,91,93,110,37,53" hai1="80,49,61,36,79,127,63,102,45,120,33,40,107" hai2="35,72,39,101,115,74,128,60,32,38,92,119,43" hai3=""/><U123/><N who="1" m="30752" /><U134/><N who="1" m="31520" /><U2/><E2/><V78/><F119/><T52/><N who="0" m="31264" /><T75/><D114/><U62/><E33/><V65/><F115/><T133/><D133/><U132/><E127/><V121/><N who="2" m="31008" /><V112/><F112/><T97/><D37/><U89/><E89/><V66/><F128/><T126/><D75/><U55/><E102/><V104/><F92/><T67/><D67/><U117/><E107/><V94/><F94/><T34/><D126/><U113/><E113/><V3/><F3/><T64/><D64/><U69/><E69/><V90/><F90/><T54/><D0/><U106/><E106/><V86/><F86/><T46/><REACH who="0" step="1"/><D34/><REACH who="0" ten="530,299,211,0" step="2"/><U98/><E117/><V83/><F72/><T70/><D70/><U85/><REACH who="1" step="1"/><E98/><REACH who="1" ten="530,289,211,0" step="2"/><V81/><F32/><T47/><D47/><AGARI ba="3,2" hai="36,40,45,47,49,55,61,62,63,79,80,85,132,134" m="31520,30752" machi="47" ten="40,18000,2" yaku="1,1,2,1,52,2,53,2" doraHai="103" doraHaiUra="131" who="1" fromWho="0" sc="530,-186,289,206,211,0,0,0" /><INIT seed="5,4,0,5,5,59" ten="344,495,211,0" oya="1" hai0="98,84,69,3,97,65,45,108,103,129,36,64,91" hai1="111,38,0,1,95,93,51,70,121,86,37,119,56" hai2="50,117,99,89,39,109,2,105,100,135,120,78,115" hai3=""/><U40/><N who="1" m="31008" /><U77/><E70/><V114/><N who="2" m="30752" /><V134/><F39/><T85/><D108/><U83/><E119/><V96/><F2/><T110/><D110/><U123/><N who="1" m="31520" /><U35/><E111/><V128/><F109/><T116/><D129/><U122/><N who="1" m="31264" /><U92/><E35/><V55/><F117/><T133/><D133/><U80/><E38/><V81/><F128/><T94/><D3/><U48/><E37/><V49/><F89/><T63/><D65/><U58/><E1/><V47/><F99/><T32/><D32/><U102/><E102/><V107/><F50/><N who="1" m="18985" /><E0/><V118/><F107/><T42/><REACH who="0" step="1"/><D116/><REACH who="0" ten="334,495,211,0" step="2"/><U125/><E125/><V126/><F126/><T33/><D33/><U104/><E104/><AGARI ba="4,1" hai="36,42,45,63,64,69,84,85,91,94,97,98,103,104" machi="104" ten="30,3900,0" yaku="1,1,7,1,52,1,53,0" doraHai="59" doraHaiUra="52" who="0" fromWho="1" sc="334,57,495,-47,211,0,0,0" /><INIT seed="6,0,0,5,2,96" ten="391,448,211,0" oya="2" hai0="83,134,58,48,35,66,112,94,105,88,107,109,89" hai1="73,51,117,62,129,122,78,101,113,86,34,71,72" hai2="56,123,75,128,49,125,41,57,116,98,130,3,45" hai3=""/><V100/><N who="2" m="31520" /><V84/><F75/><T2/><D109/><U74/><N who="1" m="31264" /><U69/><E34/><V39/><F3/><T64/><D2/><U99/><E113/><V135/><F116/><T95/><D83/><U102/><E102/><V44/><F135/><T52/><D134/><U119/><E129/><V114/><F114/><T93/><D112/><U132/><E132/><V90/><F125/><T131/><D131/><N who="2" m="50218" /><F84/><T126/><D126/><U127/><E127/><V36/><F90/><T76/><D76/><U108/><E108/><V133/><F133/><T53/><D35/><U70/><E51/><V59/><F45/><T82/><D82/><U1/><E1/><V65/><F65/><T38/><D38/><U43/><E86/><V77/><F77/><T87/><D66/><U67/><E78/><V46/><F46/><T80/><D64/><U42/><E71/><V103/><F103/><T91/><D107/><AGARI ba="0,0" hai="36,39,41,44,49,56,57,59,98,100,107" m="50218,31520" machi="107" ten="30,5800,0" yaku="19,1,52,2" doraHai="96" who="2" fromWho="0" sc="391,-58,448,0,211,58,0,0" /><INIT seed="6,1,0,0,0,38" ten="333,448,269,0" oya="2" hai0="76,109,70,63,90,115,54,41,81,37,98,112,132" hai1="84,87,47,102,130,49,64,94,60,123,127,79,52" hai2="124,57,83,114,135,129,55,68,113,50,74,62,108" hai3=""/><V45/><F108/><T78/><D109/><U53/><N who="1" m="31520" /><U101/><E130/><V128/><F74/><T39/><D132/><U86/><E127/><V35/><F35/><T120/><N who="0" m="30752" /><T89/><D78/><U66/><E79/><V85/><F135/><T0/><D0/><U46/><E94/><V59/><F124/><T103/><D90/><U91/><E91/><V65/><F85/><T122/><N who="0" m="31264" /><T73/><D89/><U61/><E87/><V118/><F118/><T71/><D71/><U92/><E92/><V110/><F83/><T33/><D33/><U100/><E100/><V58/><REACH who="2" step="1"/><F110/><REACH who="2" ten="333,448,259,0" step="2"/><T1/><D1/><U75/><E75/><V44/><F44/><T77/><D73/><U99/><E99/><V67/><F67/><T51/><D81/><U111/><E111/><V36/><F36/><T48/><D39/><U104/><E84/><V117/><F117/><T105/><D37/><U125/><E86/><V119/><F119/><T131/><D98/><U40/><E125/><V3/><F3/><T96/><D96/><U106/><E66/><V72/><F72/><T80/><D80/><U116/><E64/><V42/><F42/><T95/><D41/><U34/><E116/><V2/><F2/><RYUUKYOKU ba="1,1" sc="333,-10,448,-10,259,20,0,0" hai2="45,50,55,57,58,59,62,65,68,113,114,128,129" /><INIT seed="6,2,1,3,2,63" ten="323,438,279,0" oya="2" hai0="88,67,58,108,123,130,96,111,33,95,73,41,119" hai1="50,53,99,39,115,91,131,40,110,105,57,120,97" hai2="35,69,49,83,84,134,56,86,87,104,60,90,48" hai3=""/><V59/><F104/><T135/><N who="0" m="31520" /><T109/><D119/><U128/><N who="1" m="30752" /><U117/><E110/><V81/><F35/><T112/><D33/><U37/><E115/><V80/><F134/><T82/><D135/><U2/><E2/><V52/><F69/><T75/><D130/><N who="1" m="49707" /><E117/><V65/><REACH who="2" step="1"/><F48/><REACH who="2" ten="323,438,269,0" step="2"/><T114/><D41/><U126/><E40/><V32/><F32/><T55/><D67/><U51/><E51/><V68/><F68/><T124/><D124/><U77/><E126/><V42/><F42/><T100/><D114/><U102/><E39/><V43/><F43/><T116/><D112/><U79/><E37/><V125/><F125/><T76/><D116/><U118/><E118/><V101/><F101/><T74/><REACH who="0" step="1"/><D100/><REACH who="0" ten="313,438,269,0" step="2"/><U133/><E133/><V66/><F66/><T64/><D64/><U44/><E102/><V129/><F129/><T106/><D106/><U127/><E105/><V72/><F72/><T38/><D38/><U70/><E127/><V46/><F46/><T3/><D3/><U36/><E36/><V1/><F1/><T92/><D92/><AGARI ba="2,3" hai="49,52,56,59,60,65,80,81,83,84,86,87,90,92" machi="92" ten="40,12000,1" yaku="1,1,8,1,52,1,54,1,53,0" doraHai="63" doraHaiUra="122" who="2" fromWho="0" sc="313,-124,438,0,269,154,0,0" /><INIT seed="6,3,0,5,1,32" ten="189,438,423,0" oya="2" hai0="1,55,131,50,119,36,113,0,89,132,76,52,99" hai1="110,56,39,102,87,111,84,47,44,97,120,35,57" hai2="43,59,91,129,74,98,48,130,71,69,128,133,85" hai3=""/><V80/><F133/><T116/><D36/><U124/><N who="1" m="30752" /><U42/><E35/><V86/><F74/><T108/><D108/><U123/><N who="1" m="31520" /><U53/><E124/><V49/><F98/><T58/><D132/><U90/><E47/><V115/><F115/><T88/><D76/><U73/><E73/><V63/><F86/><T75/><D75/><U82/><E84/><V122/><N who="2" m="31264" /><V117/><F117/><T37/><D37/><U62/><E57/><V64/><F43/><T94/><D131/><U105/><AGARI ba="3,0" hai="39,42,44,53,56,62,82,87,90,97,102,105,110,111" m="31520,30752" machi="105" ten="20,3900,0" yaku="0,1,7,1,52,2" doraHai="32" who="1" fromWho="1" sc="189,-16,438,45,423,-29,0,0" owari="173,-43.0,483,44.0,394,-1.0,0,0.0" /></mjloggm>