<mjloggm ver="2.3"><GO type="185" lobby="0"/><UN n0="%E3%82%8A%E3%82%85%E3%81%99%E3%81%8F" n1="%E5%85%A5%E5%B7%A3%E6%9F%9A%E5%AE%9F" n2="%E5%B8%AB%E5%8C%A0%2F%E9%9B%80%E9%AC%BC" n3="" dan="16,16,17,0" rate="2204.94,2200.39,2212.61,1500.00" sx="M,F,M,C"/><TAIKYOKU oya="0"/><INIT seed="0,0,0,3,4,92" ten="350,350,350,0" oya="0" hai0="107,68,39,122,44,3,86,82,2,87,1,135,133" hai1="110,41,114,71,115,78,50,0,38,75,32,49,76" hai2="57,91,106,52,40,46,35,103,101,126,128,54,36" hai3=""/><T55/><N who="0" m="31264" /><T65/><D107/><U97/><E71/><V73/><F35/><T94/><D94/><U61/><E61/><V74/><F126/><T58/><D68/><U67/><E67/><V88/><F128/><T64/><D86/><U42/><E75/><V93/><F54/><T45/><D45/><U111/><E38/><V119/><F119/><T85/><D87/><U83/><E83/><V129/><F129/><T84/><D85/><U79/><E79/><V53/><F53/><T127/><D127/><U63/><E63/><V104/><F91/><T72/><D72/><U99/><REACH who="1" step="1"/><E0/><REACH who="1" ten="350,340,350,0" step="2"/><V100/><F73/><T33/><D3/><U105/><E105/><V124/><F74/><T89/><D2/><U121/><N who="1" m="31008" /><U118/><E118/><V56/><F124/><T131/><D1/><U51/><E51/><V96/><REACH who="2" step="1"/><F57/><REACH who="2" ten="350,340,340,0" step="2"/><T37/><D58/><U116/><E116/><V34/><F34/><AGARI ba="0,2" hai="32,34,41,42,49,50,76,78,97,99,110,111,114,115" m="31008" machi="34" ten="25,12000,2" yaku="1,1,22,2,52,3,53,0" doraHai="92" doraHaiUra="102" who="1" fromWho="2" sc="350,0,340,140,340,-120,0,0" /><INIT seed="1,0,0,5,3,114" ten="350,480,220,0" oya="1" hai0="35,106,107,53,105,130,42,37,129,134,123,95,117" hai1="40,59,0,68,108,115,125,71,133,102,96,61,54" hai2="38,93,122,75,52,70,73,79,112,63,46,48,60" hai3=""/><U82/><E115/><V83/><N who="2" m="31264" /><V104/><F104/><T91/><N who="0" m="31520" /><T78/><D35/><U92/><E0/><V81/><F112/><T69/><D117/><U74/><E125/><V3/><F3/><T98/><D134/><U109/><E133/><V127/><F127/><T36/><D69/><U51/><E40/><V80/><F38/><T44/><D53/><U128/><E128/><N who="0" m="49257" /><D78/><U39/><E39/><AGARI ba="0,0" hai="36,37,39,42,44,91,95,98,105,106,107" m="49257,31520" machi="39" ten="40,2600,0" yaku="19,1,52,1" doraHai="114" who="0" fromWho="1" sc="350,26,480,-26,220,0,0,0" /><INIT seed="2,0,0,2,5,57" ten="376,454,220,0" oya="2" hai0="125,90,70,32,106,34,127,63,117,131,100,113,77" hai1="118,134,92,36,35,62,66,79,72,75,104,37,109" hai2="40,64,73,69,33,56,0,97,71,99,135,82,52" hai3=""/><V61/><F0/><T78/><D117/><U3/><E104/><V53/><F33/><T121/><N who="0" m="31008" /><T55/><D131/><U91/><E109/><V86/><F135/><T47/><D90/><U129/><E3/><V107/><F40/><T51/><D100/><U132/><E35/><V50/><F73/><T119/><D106/><U76/><E129/><V93/><F107/><T85/><D113/><U44/><E75/><V108/><F108/><T111/><D119/><U81/><E79/><V60/><F93/><T80/><D77/><U105/><E105/><V1/><F1/><T39/><D39/><U49/><E118/><V130/><F130/><T48/><D51/><U68/><E134/><V115/><F115/><T67/><D111/><U89/><E89/><V133/><F133/><T98/><D98/><U114/><E114/><V124/><F124/><AGARI ba="0,0" hai="32,34,47,48,55,63,67,70,78,80,85,124,125,127" m="31008" machi="124" ten="40,5200,0" yaku="18,1,52,2" doraHai="57" who="0" fromWho="2" sc="376,52,454,0,220,-52,0,0" /><INIT seed="4,0,0,4,0,117" ten="428,454,168,0" oya="0" hai0="69,93,76,38,53,105,86,119,48,55,134,50,121" hai1="122,65,74,72,42,113,58,92,0,67,128,89,71" hai2="60,97,39,36,130,125,35,111,46,78,88,126,114" hai3=""/><T43/><N who="0" m="31008" /><T52/><D105/><U1/><N who="1" m="31264" /><U135/><E71/><V98/><F35/><T57/><D119/><U99/><E135/><V116/><F116/><T81/><D134/><U3/><E128/><V94/><F111/><T106/><D106/><U54/><E42/><V103/><F130/><T70/><D93/><U123/><N who="1" m="31520" /><U104/><E104/><V90/><F114/><T63/><D69/><U47/><E47/><V127/><F78/><T77/><D77/><U44/><E44/><V102/><F60/><T59/><D70/><U45/><E45/><V2/><F2/><T80/><D38/><N who="2" m="14378" /><F46/><T79/><D43/><U91/><E91/><N who="2" m="34859" /><F94/><T56/><REACH who="0" step="1"/><D63/><REACH who="0" ten="418,454,168,0" step="2"/><U112/><E112/><V110/><F110/><T115/><D115/><U100/><E113/><V108/><F108/><T87/><AGARI ba="0,1" hai="48,50,52,53,55,56,57,59,76,79,80,81,86,87" m="31008" machi="87" ten="30,16000,3" yaku="1,1,0,1,9,1,8,1,52,2,54,1,53,2" doraHai="117" doraHaiUra="75" who="0" fromWho="0" sc="418,170,454,-80,168,-80,0,0" /><INIT seed="4,1,0,2,2,50" ten="588,374,88,0" oya="0" hai0="108,120,52,2,107,133,44,40,53,132,37,92,91" hai1="135,113,134,61,86,35,109,60,42,82,56,38,123" hai2="75,57,114,46,78,88,69,129,41,33,81,117,73" hai3=""/><T3/><N who="0" m="30752" /><T115/><D115/><U101/><N who="1" m="31520" /><U116/><E109/><V68/><F33/><T55/><D107/><U128/><E116/><V131/><F114/><T125/><D125/><U1/><E1/><V110/><F110/><T124/><D108/><U64/><E35/><V36/><F117/><T54/><N who="0" m="13312" /><DORA hai="96" /><T71/><D71/><U58/><E128/><V119/><F75/><T66/><D66/><U90/><E113/><V126/><F57/><T79/><D79/><U74/><E74/><V97/><F126/><T87/><REACH who="0" step="1"/><D124/><REACH who="0" ten="578,374,88,0" step="2"/><U111/><E111/><V89/><F119/><T51/><D51/><U80/><E64/><V34/><F34/><T65/><D65/><U121/><E121/><V39/><F69/><T94/><D94/><U127/><E127/><V59/><F68/><T105/><D105/><U122/><E122/><V70/><F70/><T77/><D77/><U85/><E58/><V47/><F59/><T99/><D99/><U62/><E56/><V45/><F97/><T67/><D67/><U63/><E63/><V93/><F93/><T83/><D83/><U100/><E61/><V130/><REACH who="2" step="1"/><F41/><REACH who="2" ten="578,374,78,0" step="2"/><T106/><D106/><U102/><E42/><V98/><F98/><T72/><D72/><RYUUKYOKU ba="1,2" sc="578,10,374,-20,78,10,0,0" hai0="2,3,37,40,44,87,91,92,132,133" hai2="36,39,45,46,47,73,78,81,88,89,129,130,131" /><INIT seed="4,2,2,0,5,127" ten="588,354,88,0" oya="0" hai0="91,92,47,35,133,59,119,104,83,54,50,134,34" hai1="46,82,48,101,2,43,49,95,32,128,51,56,88" hai2="131,63,60,102,105,78,84,74,39,120,103,3,96" hai3=""/><T71/><D104/><U126/><E126/><V124/><N who="2" m="30752" /><V0/><F124/><T106/><D106/><U90/><E2/><V87/><F39/><T58/><D119/><U44/><E32/><V70/><F70/><T64/><D83/><U55/><E128/><V75/><F105/><T129/><D129/><U109/><E109/><V65/><F65/><T99/><D71/><U118/><E118/><V116/><F116/><T107/><D107/><U85/><E101/><V62/><F78/><T117/><D117/><U33/><E33/><N who="0" m="12297" /><D64/><U97/><REACH who="1" step="1"/><E46/><REACH who="1" ten="588,344,88,0" step="2"/><V86/><F131/><T61/><D61/><AGARI ba="2,3" hai="43,44,48,49,51,55,56,61,82,85,88,90,95,97" machi="61" ten="30,12000,2" yaku="1,1,2,1,7,1,8,1,54,1,53,1" doraHai="127" doraHaiUra="57" who="1" fromWho="0" sc="588,-124,344,154,88,0,0,0" /><INIT seed="5,0,0,1,5,128" ten="464,498,88,0" oya="1" hai0="117,52,127,74,33,64,92,42,126,84,75,51,47" hai1="0,48,100,32,135,60,112,73,58,108,104,134,131" hai2="89,101,124,65,1,130,69,44,110,96,62,81,63" hai3=""/><U88/><E112/><V119/><F110/><T93/><D33/><U53/><E0/><V39/><F119/><T123/><N who="0" m="31520" /><T36/><D64/><U72/><E131/><V78/><F130/><T118/><D84/><U85/><E32/><V114/><F1/><T120/><N who="0" m="30752" /><T79/><D92/><U37/><E37/><V71/><F89/><T35/><D93/><U133/><E60/><V91/><F91/><T3/><D3/><U94/><E108/><V97/><F114/><T109/><D109/><U46/><E46/><V111/><F111/><T40/><D35/><U95/><E104/><V83/><F62/><T107/><D107/><U68/><E68/><V61/><F61/><T106/><D106/><U122/><N who="1" m="31264" /><U116/><E116/><N who="0" m="44649" /><D79/><U99/><AGARI ba="0,0" hai="48,53,58,72,73,85,88,94,95,99,100,133,134,135" m="31264" machi="99" ten="40,12000,2" yaku="0,1,20,1,52,4,54,1" doraHai="128" who="1" fromWho="1" sc="464,-60,498,120,88,-60,0,0" /><INIT seed="5,1,0,2,5,70" ten="404,618,28,0" oya="1" hai0="112,64,74,123,52,61,79,128,38,83,135,37,103" hai1="96,119,126,63,114,48,66,93,109,130,80,46,78" hai2="133,99,97,3,82,45,67,50,102,111,69,86,0" hai3=""/><U41/><E119/><V72/><F111/><T59/><N who="0" m="31520" /><T120/><N who="0" m="30752" /><T110/><D110/><U104/><E114/><V101/><F72/><T57/><D112/><U43/><E130/><V85/><F133/><T68/><D135/><U105/><E126/><V1/><F69/><T89/><D68/><U76/><E41/><V54/><F67/><T84/><D103/><U44/><E44/><V77/><F86/><T91/><D91/><U127/><E78/><V47/><REACH who="2" step="1"/><F45/><REACH who="2" ten="404,618,18,0" step="2"/><T100/><D128/><U55/><E66/><V88/><F88/><T34/><D34/><U92/><E46/><V71/><F71/><T62/><D100/><AGARI ba="1,1" hai="0,1,3,47,50,54,77,82,85,97,99,100,101,102" machi="100" ten="40,1300,0" yaku="1,1,53,0" doraHai="70" doraHaiUra="58" who="2" fromWho="0" sc="404,-15,618,0,18,25,0,0" /><INIT seed="6,0,0,1,1,94" ten="389,618,43,0" oya="2" hai0="2,124,123,40,126,43,82,65,128,68,122,59,77" hai1="87,74,109,47,88,46,44,133,37,66,98,120,72" hai2="127,76,108,118,60,83,58,92,115,33,97,62,99" hai3=""/><V103/><F118/><T95/><N who="0" m="31264" /><T61/><N who="0" m="31520" /><T125/><D2/><U112/><E109/><V1/><F1/><T45/><D128/><U121/><E37/><V89/><F33/><T55/><D95/><U39/><E39/><V71/><F115/><T73/><D45/><U42/><E42/><V80/><F127/><T36/><D36/><U78/><E66/><V48/><F108/><T56/><D59/><U49/><E49/><AGARI ba="0,0" hai="40,43,49,55,56,61,65,68,73,77,82,124,125,126" m="31520,31264" machi="49" ten="40,5200,0" yaku="18,1,52,2" doraHai="94" who="0" fromWho="1" sc="389,52,618,-52,43,0,0,0" owari="441,4.0,566,52.0,43,-56.0,0,0.0" /></mjloggm>