<mjloggm ver="2.3"><GO type="185" lobby="0"/><UN n0="%50%42%33%2D%50" n1="%E5%85%A5%E5%B7%A3%E6%9F%9A%E5%AE%9F" n2="%59%61%6E%67%6E%75%6D" n3="" dan="17,16,16,0" rate="2249.85,2190.00,2237.16,1500.00" sx="M,F,M,C"/><TAIKYOKU oya="0"/><INIT seed="0,0,0,2,0,85" ten="350,350,350,0" oya="0" hai0="63,129,99,90,61,0,100,71,132,120,121,43,131" hai1="104,82,98,56,116,91,40,39,32,35,81,117,33" hai2="58,52,105,133,96,36,135,48,102,79,125,34,128" hai3=""/><T3/><N who="0" m="30752" /><T97/><N who="0" m="31008" /><T127/><D43/><U62/><E39/><V2/><F34/><T46/><D46/><U64/><E40/><V123/><N who="2" m="31520" /><V83/><F2/><T44/><D44/><U119/><REACH who="1" step="1"/><E104/><REACH who="1" ten="350,340,350,0" step="2"/><V51/><F36/><T87/><D0/><U124/><E124/><V50/><F125/><T53/><D3/><U89/><E89/><V70/><F70/><T101/><D71/><U94/><AGARI ba="0,1" hai="32,33,35,56,62,64,81,82,91,94,98,116,117,119" machi="94" ten="40,6000,1" yaku="1,1,0,1,52,1,53,2" doraHai="85" doraHaiUra="76" who="1" fromWho="1" sc="350,-40,340,70,350,-20,0,0" /><INIT seed="1,0,0,3,1,102" ten="310,410,330,0" oya="1" hai0="74,40,130,129,69,115,93,70,43,85,97,120,113" hai1="84,112,54,1,63,78,104,34,53,95,64,58,3" hai2="125,47,119,66,107,128,41,122,38,79,135,45,33" hai3=""/><U98/><E112/><V127/><N who="2" m="31264" /><V35/><F119/><T133/><D74/><U99/><E34/><V61/><F135/><T88/><N who="0" m="30752" /><T108/><D108/><U48/><E54/><V114/><F114/><T118/><D118/><U86/><E99/><V2/><F2/><T71/><D133/><U0/><E78/><V57/><F79/><T39/><D39/><U121/><N who="1" m="31008" /><U80/><E80/><V117/><F117/><T36/><D36/><U76/><E76/><V72/><F72/><T82/><D113/><U51/><E51/><V67/><F47/><T37/><D115/><U110/><E110/><V92/><F92/><T81/><D81/><U123/><N who="1" m="31520" /><U106/><E86/><V60/><F107/><T101/><D37/><U46/><REACH who="1" step="1"/><E84/><REACH who="1" ten="310,400,330,0" step="2"/><V73/><F73/><T126/><D82/><U100/><AGARI ba="0,1" hai="0,1,3,46,48,53,58,63,64,95,98,100,104,106" m="31520,31008" machi="100" ten="30,16000,3" yaku="1,1,2,1,0,1,52,4,53,1" doraHai="102" doraHaiUra="42" who="1" fromWho="1" sc="310,-80,400,170,330,-80,0,0" /><INIT seed="1,1,0,0,5,50" ten="230,570,250,0" oya="1" hai0="61,52,64,86,37,109,132,127,118,60,89,92,78" hai1="119,67,74,46,91,85,129,49,44,87,122,95,100" hai2="68,88,93,101,116,107,36,134,83,126,103,96,45" hai3=""/><U48/><N who="1" m="31264" /><U2/><E119/><V42/><F134/><T79/><D37/><U99/><E129/><V1/><F126/><T94/><D118/><U51/><E74/><V71/><F1/><T43/><D43/><U66/><E2/><V32/><F32/><T33/><D33/><U114/><E114/><V65/><F116/><T82/><D132/><U35/><E87/><V3/><F3/><T57/><D127/><U73/><E73/><V130/><F130/><T58/><D109/><U97/><E97/><V76/><F65/><N who="1" m="24585" /><E35/><V81/><F103/><T63/><D63/><U53/><E53/><V40/><F40/><T72/><D79/><U55/><E44/><V131/><F131/><T54/><D64/><U124/><E124/><V112/><F112/><T69/><REACH who="0" step="1"/><D94/><AGARI ba="1,0" hai="46,48,49,51,55,85,91,94,95,99,100" m="24585,31264" machi="94" ten="30,5800,0" yaku="8,1,52,2" doraHai="50" who="1" fromWho="0" sc="230,-60,570,60,250,0,0,0" /><INIT seed="1,2,0,5,0,124" ten="170,630,250,0" oya="1" hai0="90,103,130,80,125,85,89,77,98,121,110,75,69" hai1="66,112,114,81,43,128,100,35,52,94,76,132,105" hai2="93,91,119,39,40,58,0,67,111,116,50,82,36" hai3=""/><U64/><E35/><V126/><F126/><T88/><N who="0" m="31008" /><T68/><D125/><U133/><E128/><V129/><F0/><T131/><D110/><U122/><N who="1" m="31264" /><U109/><E105/><V48/><F111/><T95/><D69/><U106/><E106/><V49/><F82/><T38/><D38/><N who="2" m="14378" /><F91/><N who="0" m="34890" /><D68/><U59/><E94/><AGARI ba="2,0" hai="75,77,80,85,90,94,95,98,103,130,131" m="34890,31008" machi="94" ten="30,12000,2" yaku="34,2,52,3,54,1" doraHai="124" who="0" fromWho="1" sc="170,124,630,-124,250,0,0,0" /><INIT seed="2,0,0,4,1,109" ten="294,506,250,0" oya="2" hai0="81,60,78,102,53,61,103,43,91,75,51,88,55" hai1="69,73,37,59,105,48,34,74,45,32,112,80,135" hai2="98,50,122,63,0,126,68,130,123,87,107,77,42" hai3=""/><V106/><N who="2" m="31264" /><V67/><N who="2" m="31520" /><V41/><F0/><T95/><D43/><U2/><E69/><V3/><F3/><T82/><D75/><U44/><E105/><V117/><F117/><T49/><D95/><U129/><E2/><V110/><F130/><T86/><D86/><U47/><E37/><V84/><F126/><T35/><REACH who="0" step="1"/><D78/><REACH who="0" ten="284,506,250,0" step="2"/><U133/><E74/><V71/><F87/><T66/><D66/><U119/><E73/><V94/><F41/><T113/><D113/><U108/><E112/><V65/><F65/><T46/><D46/><U101/><E44/><V89/><F71/><T39/><D39/><U121/><E45/><V54/><F42/><T116/><D116/><U56/><E47/><V131/><F77/><T99/><D99/><U124/><E119/><V125/><F67/><T92/><D92/><U132/><E132/><V64/><F94/><T134/><D134/><U70/><E135/><V104/><F98/><T36/><D36/><U114/><E70/><V52/><F64/><T111/><D111/><U76/><E76/><V38/><F110/><T93/><D93/><U72/><E108/><V33/><F68/><T1/><D1/><U62/><E133/><V96/><F38/><T118/><D118/><RYUUKYOKU ba="0,1" sc="284,20,506,-10,250,-10,0,0" hai0="35,49,51,53,55,60,61,81,82,88,91,102,103" /><INIT seed="4,1,1,0,3,71" ten="304,496,240,0" oya="0" hai0="114,121,102,134,73,106,89,107,105,68,79,46,96" hai1="117,94,113,111,60,55,75,126,0,132,77,109,49" hai2="84,131,97,44,3,74,40,41,130,86,80,81,122" hai3=""/><T67/><N who="0" m="31008" /><T129/><D114/><U83/><E117/><V103/><N who="2" m="31264" /><V88/><F3/><T35/><D35/><U34/><E34/><V98/><F74/><T120/><N who="0" m="30752" /><T90/><D68/><U38/><E0/><V118/><F118/><T127/><D67/><U33/><E33/><V78/><F41/><T119/><D119/><U42/><E132/><V47/><F47/><T123/><N who="0" m="31520" /><T69/><D69/><U99/><E60/><V37/><REACH who="2" step="1"/><F97/><REACH who="2" ten="304,496,230,0" step="2"/><T104/><D46/><U54/><E99/><V65/><F65/><T59/><D134/><U66/><E42/><V50/><F50/><T112/><D112/><U51/><E49/><V124/><F124/><T100/><D127/><U48/><E51/><V110/><F110/><T76/><D73/><U72/><E75/><V43/><F43/><T87/><D87/><U32/><E66/><V36/><F36/><T95/><D59/><U116/><E113/><V63/><F63/><T91/><D129/><U115/><E32/><V1/><F1/><T39/><D39/><U61/><E38/><V52/><F52/><T53/><D53/><U70/><E55/><V135/><F135/><T125/><N who="0" m="26624" /><DORA hai="93" /><T56/><D125/><U62/><E126/><RYUUKYOKU ba="1,2" sc="304,-10,496,-10,230,20,0,0" hai2="37,40,44,78,80,81,84,86,88,98,103,130,131" /><INIT seed="5,2,2,2,1,61" ten="294,486,250,0" oya="1" hai0="49,111,46,112,87,75,40,83,51,34,97,132,91" hai1="110,48,113,69,84,123,80,2,66,89,82,124,47" hai2="109,36,54,41,68,35,93,117,99,106,102,90,92" hai3=""/><U33/><N who="1" m="31520" /><U32/><E2/><V42/><F117/><T39/><D34/><U72/><E113/><V130/><F109/><T70/><D111/><U105/><E105/><V53/><F35/><T116/><D112/><U103/><E103/><V67/><F130/><T133/><D116/><U52/><E124/><V44/><F106/><T58/><D70/><U43/><E43/><V37/><F37/><T64/><D75/><U56/><E69/><V78/><F78/><T55/><D97/><U94/><E110/><V76/><F76/><T57/><D64/><U115/><E115/><V71/><F42/><T96/><D96/><U127/><E127/><V1/><F1/><T121/><N who="0" m="31008" /><T65/><D65/><U98/><E72/><V60/><REACH who="2" step="1"/><F71/><REACH who="2" ten="294,486,240,0" step="2"/><T120/><N who="0" m="30752" /><T50/><REACH who="0" step="1"/><D58/><REACH who="0" ten="284,486,240,0" step="2"/><U131/><E33/><V77/><F77/><T122/><N who="0" m="31264" /><T86/><D86/><AGARI ba="2,4" hai="36,41,44,53,54,60,67,68,86,90,92,93,99,102" machi="86" ten="30,7700,0" yaku="1,1,7,1,52,1,53,1" doraHai="61" doraHaiUra="85" who="2" fromWho="0" sc="284,-81,486,0,240,121,0,0" /><INIT seed="6,0,0,0,0,103" ten="203,486,361,0" oya="2" hai0="131,81,107,113,104,86,89,117,62,111,2,134,63" hai1="83,39,72,97,0,102,75,95,88,47,67,129,58" hai2="32,115,96,37,124,87,65,57,52,36,91,46,73" hai3=""/><V61/><F32/><T74/><D62/><U54/><E0/><V94/><F115/><T78/><D63/><U35/><E67/><V71/><F124/><T105/><D2/><U130/><E35/><V44/><F73/><T68/><D68/><U59/><E102/><V41/><F36/><T34/><D34/><U135/><E135/><V108/><F108/><T3/><D3/><U99/><E99/><V60/><F46/><T127/><D111/><U50/><E75/><V106/><REACH who="2" step="1"/><F96/><REACH who="2" ten="203,486,351,0" step="2"/><T128/><D127/><U114/><E114/><V93/><F93/><T80/><D113/><U109/><E109/><V119/><F119/><T43/><D117/><U101/><E39/><V112/><F112/><T53/><D134/><U51/><E72/><V90/><F90/><T116/><D116/><U69/><E47/><V38/><F38/><T123/><N who="0" m="31520" /><T132/><D132/><U49/><E88/><V125/><F125/><T133/><D133/><U48/><E95/><V45/><F45/><T98/><D98/><U100/><E97/><V55/><F55/><T110/><D110/><U64/><E54/><V70/><F70/><T66/><D53/><U56/><E69/><V122/><N who="2" m="31264" /><V42/><F42/><T92/><D43/><RYUUKYOKU ba="0,1" sc="203,-10,486,-10,351,20,0,0" hai2="37,41,44,52,57,60,61,65,71,87,91,94,106" /><INIT seed="6,1,1,1,1,73" ten="193,476,371,0" oya="2" hai0="96,103,36,135,116,57,79,37,39,120,130,112,49" hai1="86,102,121,125,134,105,113,124,56,95,87,108,3" hai2="58,83,40,94,68,43,106,81,64,98,48,46,78" hai3=""/><V89/><F68/><T41/><N who="0" m="30752" /><T63/><D116/><U69/><N who="1" m="31008" /><U110/><E113/><V109/><F109/><T51/><D79/><U38/><E134/><V59/><F106/><T67/><D96/><U92/><E38/><V45/><F81/><T100/><D100/><U80/><E69/><V101/><F89/><T127/><D103/><U93/><E56/><V66/><F64/><T77/><D77/><U65/><E65/><V128/><F66/><T97/><D97/><U91/><E3/><V117/><F117/><T85/><D85/><U119/><E119/><V50/><REACH who="2" step="1"/><F128/><REACH who="2" ten="193,476,361,0" step="2"/><T133/><D112/><U54/><E80/><V72/><AGARI ba="1,2" hai="40,43,45,46,48,50,58,59,72,78,83,94,98,101" machi="72" ten="20,12000,2" yaku="1,1,2,1,0,1,7,1,9,1,52,1,53,0" doraHai="73" doraHaiUra="71" who="2" fromWho="2" sc="193,-61,476,-61,361,142,0,0" owari="132,-47.0,415,2.0,503,45.0,0,0.0" /></mjloggm>