<mjloggm ver="2.3"><GO type="185" lobby="0"/><UN n0="%E3%82%8A%E3%82%85%E3%81%99%E3%81%8F" n1="%E5%B7%A5%E8%97%A4%E3%81%95%E3%82%93" n2="%65%6C%75%6C%75" n3="" dan="16,16,17,0" rate="2219.71,2237.31,2271.04,1500.00" sx="M,M,M,C"/><TAIKYOKU oya="0"/><INIT seed="0,0,0,1,5,35" ten="350,350,350,0" oya="0" hai0="122,114,50,67,87,135,92,103,95,102,113,79,99" hai1="88,80,100,71,127,132,96,57,109,52,89,32,104" hai2="42,123,75,40,65,121,115,117,101,59,56,77,124" hai3=""/><T82/><N who="0" m="31264" /><T66/><D135/><U86/><E32/><V72/><N who="2" m="31008" /><V74/><N who="2" m="31520" /><V64/><F115/><T84/><D50/><U38/><E132/><V46/><F124/><T131/><D131/><U1/><E127/><V47/><F101/><T81/><REACH who="0" step="1"/><D99/><REACH who="0" ten="340,350,350,0" step="2"/><U33/><E33/><V54/><F117/><T49/><D49/><U83/><E38/><V37/><F77/><AGARI ba="0,1" hai="66,67,77,79,81,82,84,87,92,95,102,103,113,114" m="31264" machi="77" ten="25,9600,0" yaku="1,1,22,2,52,1,53,0" doraHai="35" doraHaiUra="34" who="0" fromWho="2" sc="340,106,350,0,350,-96,0,0" /><INIT seed="0,1,0,2,5,88" ten="446,350,254,0" oya="0" hai0="72,35,130,47,0,68,65,115,116,113,43,125,87" hai1="119,133,34,73,106,49,134,90,129,53,120,110,50" hai2="114,126,3,80,56,101,121,38,99,98,135,33,123" hai3=""/><T76/><D87/><U111/><N who="1" m="30752" /><U75/><E34/><V86/><N who="2" m="31008" /><V118/><N who="2" m="31520" /><V94/><F33/><T61/><D125/><U1/><E1/><V102/><F3/><T108/><D35/><U44/><E119/><V67/><F38/><T127/><D0/><U100/><E129/><V32/><F32/><T82/><D127/><U131/><E131/><V70/><F126/><T39/><D130/><U66/><E66/><V83/><F118/><T97/><D116/><U63/><E63/><V91/><F114/><T117/><D117/><U37/><E37/><V107/><F70/><T84/><D84/><U81/><E81/><V59/><F135/><N who="1" m="51721" /><E90/><V45/><F67/><T40/><D40/><U48/><E100/><V36/><REACH who="2" step="1"/><F83/><REACH who="2" ten="446,350,244,0" step="2"/><T89/><D108/><N who="1" m="41515" /><E106/><V46/><F46/><T79/><D82/><U57/><E44/><V128/><F128/><T60/><D47/><U41/><E41/><AGARI ba="1,1" hai="36,41,45,56,59,80,86,91,94,98,99,101,102,107" m="31520,31008" machi="41" ten="40,8000,1" yaku="1,1,52,3,53,1" doraHai="88" doraHaiUra="103" who="2" fromWho="1" sc="446,0,350,-82,244,92,0,0" /><INIT seed="1,0,0,1,2,80" ten="446,268,336,0" oya="1" hai0="34,134,64,54,99,71,103,95,94,130,0,107,1" hai1="123,59,132,108,32,93,122,42,40,81,47,62,111" hai2="48,133,85,69,90,120,119,57,124,35,33,36,128" hai3=""/><U101/><N who="1" m="31264" /><U51/><N who="1" m="31520" /><U53/><E32/><V116/><N who="2" m="30752" /><V84/><F69/><T72/><D34/><U45/><E132/><V39/><F133/><T2/><D134/><U77/><E93/><V76/><F128/><T41/><D130/><U55/><E101/><V60/><F48/><T37/><D54/><U70/><E70/><V88/><F57/><T63/><D95/><U126/><E126/><V67/><F76/><T131/><D94/><U98/><E98/><V78/><F78/><T56/><D56/><U112/><E112/><V82/><F82/><T58/><D58/><U104/><E104/><V43/><F43/><T109/><D72/><U75/><REACH who="1" step="1"/><E53/><REACH who="1" ten="446,258,336,0" step="2"/><V83/><F124/><T102/><D102/><U115/><E115/><V73/><F33/><T87/><D131/><U117/><E117/><V127/><F35/><T86/><D107/><U129/><E129/><V68/><F127/><T106/><D106/><U96/><E96/><V52/><F52/><T135/><D99/><U125/><E125/><V3/><F119/><T66/><D135/><U100/><E100/><V74/><F116/><T49/><D103/><U110/><E110/><V114/><F114/><T44/><D71/><U121/><E121/><RYUUKYOKU ba="0,1" sc="446,-10,258,20,336,-10,0,0" hai1="40,42,45,47,51,55,59,62,75,77,81,108,111" /><INIT seed="1,1,1,4,4,64" ten="436,278,326,0" oya="1" hai0="70,3,69,121,2,39,92,104,81,132,63,56,40" hai1="95,99,52,98,127,91,120,38,84,124,55,60,88" hai2="118,134,114,0,72,107,100,76,87,90,125,128,103" hai3=""/><U62/><N who="1" m="30752" /><U116/><E38/><V35/><F35/><T53/><N who="0" m="31008" /><T46/><D132/><U93/><REACH who="1" step="1"/><E84/><REACH who="1" ten="436,268,326,0" step="2"/><V73/><F134/><T83/><D2/><U1/><E1/><V33/><F0/><T59/><D3/><U111/><E111/><V82/><F33/><T48/><D104/><U79/><E79/><V75/><F107/><T85/><D92/><U89/><E89/><V45/><F90/><T133/><D133/><U32/><E32/><V129/><F76/><T123/><N who="0" m="31520" /><T41/><D83/><U106/><E106/><V112/><F87/><T126/><D85/><U130/><E130/><V131/><F82/><T109/><D81/><U86/><E86/><V67/><F131/><T94/><D109/><U117/><AGARI ba="1,2" hai="52,55,60,62,88,91,93,95,98,99,116,117,124,127" m="30752" machi="117" ten="25,12000,2" yaku="1,1,0,1,22,2,52,1,54,2,53,0" doraHai="64" doraHaiUra="42" who="1" fromWho="1" sc="436,-61,268,142,326,-61,0,0" /><INIT seed="1,2,0,1,2,118" ten="375,410,265,0" oya="1" hai0="62,133,42,107,122,76,37,35,102,82,78,98,130" hai1="121,135,91,65,36,40,124,51,113,53,114,99,63" hai2="134,119,123,3,116,69,77,129,94,105,55,38,96" hai3=""/><U34/><N who="1" m="31008" /><U100/><E34/><V68/><N who="2" m="31520" /><V67/><F3/><T84/><N who="0" m="31264" /><T46/><D35/><U52/><E124/><V59/><F38/><T125/><D125/><U33/><E33/><V106/><F77/><T128/><D133/><U90/><E135/><V89/><F134/><T74/><D62/><U132/><E132/><V111/><F129/><N who="0" m="49770" /><D78/><U1/><E1/><V50/><F111/><T70/><D70/><U72/><E72/><AGARI ba="2,0" hai="37,42,46,72,74,76,82,84,98,102,107" m="49770,31264" machi="72" ten="30,3900,0" yaku="19,1,52,2" doraHai="118" who="0" fromWho="1" sc="375,43,410,-43,265,0,0,0" /><INIT seed="2,0,0,0,2,90" ten="418,367,265,0" oya="2" hai0="114,84,36,125,58,106,68,51,98,109,72,108,101" hai1="78,89,1,120,59,55,41,92,129,134,126,66,124" hai2="123,76,74,80,0,115,103,116,70,75,49,81,102" hai3=""/><V82/><N who="2" m="31520" /><V38/><F38/><T110/><D72/><U2/><N who="1" m="30752" /><U62/><E129/><V40/><F0/><T79/><D36/><U45/><E78/><V118/><F70/><T121/><N who="0" m="31008" /><T67/><D114/><U64/><E134/><V69/><F69/><T94/><D125/><N who="1" m="48235" /><E1/><V73/><F76/><T48/><D68/><U119/><E119/><N who="2" m="45611" /><F49/><T127/><D127/><U56/><E56/><V97/><F40/><T100/><D51/><U57/><E57/><V85/><F115/><T71/><D71/><U88/><E2/><V44/><F44/><T46/><D46/><U77/><E77/><V37/><F37/><T93/><D48/><U131/><E131/><V53/><F53/><T91/><D79/><U122/><N who="1" m="31264" /><U96/><E89/><V61/><F61/><T50/><D50/><AGARI ba="0,0" hai="41,45,50,55,59,62,64,66,88,92,96" m="31264,48235,30752" machi="50" ten="30,8000,1" yaku="18,1,52,3,54,1" doraHai="90" who="1" fromWho="0" sc="418,-80,367,80,265,0,0,0" /><INIT seed="4,0,0,0,0,101" ten="338,447,265,0" oya="0" hai0="57,66,34,63,94,3,76,72,90,35,39,51,42" hai1="50,0,89,117,44,67,88,80,77,75,55,54,135" hai2="73,68,84,85,32,128,120,41,111,119,40,86,113" hai3=""/><T81/><D3/><U47/><E117/><V121/><N who="2" m="30752" /><V58/><N who="2" m="31008" /><V33/><F68/><T48/><D39/><U59/><E0/><V109/><F73/><T52/><D42/><N who="2" m="16490" /><F58/><T105/><D51/><U95/><E135/><V106/><F106/><T122/><N who="0" m="31264" /><T69/><REACH who="0" step="1"/><D105/><REACH who="0" ten="328,447,265,0" step="2"/><U114/><E50/><V49/><F49/><T45/><D45/><U126/><E47/><V62/><F119/><T100/><D100/><U129/><E44/><V46/><F46/><T65/><D65/><U71/><E67/><V107/><F107/><T91/><D91/><U37/><E88/><V36/><F36/><T98/><AGARI ba="0,1" hai="34,35,48,52,57,63,66,69,72,76,81,90,94,98" m="31264" machi="98" ten="20,12000,2" yaku="1,1,0,1,7,1,52,1,54,1,53,1" doraHai="101" doraHaiUra="93" who="0" fromWho="0" sc="328,130,447,-60,265,-60,0,0" /><INIT seed="4,1,0,1,2,133" ten="458,387,205,0" oya="0" hai0="43,49,34,124,68,69,3,112,82,76,110,104,53" hai1="132,83,41,91,62,66,126,39,80,2,128,37,58" hai2="73,103,121,60,106,98,94,71,114,63,119,46,122" hai3=""/><T81/><D3/><U99/><E2/><V52/><N who="2" m="31008" /><V54/><N who="2" m="31264" /><V77/><F114/><T75/><D34/><U127/><E132/><V51/><F119/><T44/><D110/><U105/><E128/><V57/><F73/><T134/><D134/><U36/><E41/><V79/><F71/><T120/><N who="0" m="30752" /><T115/><D104/><U130/><E130/><V89/><REACH who="2" step="1"/><F63/><REACH who="2" ten="458,387,195,0" step="2"/><T135/><D135/><U125/><REACH who="1" step="1"/><E91/><REACH who="1" ten="458,377,195,0" step="2"/><V108/><F108/><T102/><D115/><U86/><E86/><AGARI ba="1,2" hai="46,51,52,54,57,60,77,79,86,89,94,98,103,106" m="31264,31008" machi="86" ten="30,12000,2" yaku="1,1,7,1,52,2,54,1,53,1" doraHai="133" doraHaiUra="40" who="2" fromWho="1" sc="458,0,377,-122,195,142,0,0" /><INIT seed="5,0,0,3,0,63" ten="458,255,337,0" oya="1" hai0="130,111,134,70,67,99,65,132,85,81,44,57,103" hai1="105,34,71,55,47,114,79,48,120,84,53,33,115" hai2="125,69,128,127,39,113,89,60,62,131,32,93,36" hai3=""/><U52/><N who="1" m="30752" /><U124/><E105/><V61/><F32/><T112/><D111/><U82/><E71/><V73/><F73/><T68/><D130/><N who="2" m="49706" /><F113/><N who="1" m="43017" /><E124/><N who="2" m="47691" /><F69/><T90/><D44/><U58/><E53/><V66/><F66/><N who="0" m="25098" /><D57/><U97/><E97/><AGARI ba="0,0" hai="36,39,60,61,62,89,93,97" m="47691,49706" machi="97" ten="40,2600,0" yaku="19,1,18,1" doraHai="63" who="2" fromWho="1" sc="458,0,255,-26,337,26,0,0" /><INIT seed="6,0,0,5,2,37" ten="458,229,363,0" oya="2" hai0="118,57,97,110,49,51,64,53,32,41,2,50,95" hai1="119,93,111,107,84,113,48,112,71,44,114,91,42" hai2="106,115,69,40,94,76,81,75,70,43,134,74,86" hai3=""/><V135/><F106/><T52/><D118/><U122/><N who="1" m="31264" /><U128/><E111/><V62/><F115/><T116/><D116/><U126/><E119/><V47/><F40/><T90/><D110/><U102/><E71/><V101/><F69/><T55/><D2/><U56/><E126/><V54/><F101/><T73/><D73/><U131/><E102/><V34/><F34/><T123/><N who="0" m="31520" /><T82/><D32/><U66/><E107/><V87/><F75/><T104/><D104/><U103/><E103/><V45/><F94/><T63/><D82/><U88/><E91/><V35/><F35/><T124/><D124/><U46/><E46/><AGARI ba="0,0" hai="41,46,49,50,51,52,53,55,57,63,64,90,95,97" m="31520" machi="46" ten="40,8000,1" yaku="8,1,52,2,54,1" doraHai="37" who="0" fromWho="1" sc="458,80,229,-80,363,0,0,0" owari="538,49.0,149,-45.0,363,-4.0,0,0.0" /></mjloggm>