<mjloggm ver="2.3"><GO type="185" lobby="0"/><UN n0="%E3%81%A8%E3%82%8A%E3%81%82%E3%81%88%E3%81%9A%E5%9B%9B%E6%AE%B5" n1="%E3%81%84%E3%81%AA%E3%81%97%E3%82%93%E3%80%82" n2="%E9%BA%BB%E9%9B%80%E6%95%99%E5%AE%A4" n3="" dan="16,16,16,0" rate="2149.00,2220.40,2204.44,1500.00" sx="M,M,M,C"/><TAIKYOKU oya="0"/><INIT seed="0,0,0,1,5,75" ten="350,350,350,0" oya="0" hai0="125,35,57,2,68,46,121,126,33,91,74,43,83" hai1="85,123,86,73,79,102,71,37,94,127,78,65,112" hai2="44,60,42,56,106,84,82,67,45,104,66,34,64" hai3=""/><T100/><N who="0" m="31008" /><T49/><D68/><U133/><N who="1" m="31520" /><U38/><E71/><V128/><F34/><T129/><D2/><U3/><E73/><V98/><F128/><T116/><D116/><U130/><E130/><V111/><F111/><T32/><D100/><U109/><E102/><V108/><F108/><T114/><D114/><U97/><E109/><V40/><F98/><T113/><D113/><U110/><E112/><V120/><N who="2" m="30752" /><V77/><F106/><T131/><D131/><U52/><E110/><V50/><REACH who="2" step="1"/><F104/><REACH who="2" ten="350,350,340,0" step="2"/><T62/><D129/><U107/><E107/><V118/><F118/><T39/><D126/><U53/><E97/><V119/><F119/><T36/><D125/><U134/><E127/><V47/><F47/><T105/><D105/><U48/><E3/><V72/><F72/><T89/><D74/><U101/><E101/><V88/><F88/><T90/><REACH who="0" step="1"/><D83/><REACH who="0" ten="340,350,340,0" step="2"/><U93/><E94/><V76/><F76/><T81/><D81/><U103/><E93/><V54/><F54/><AGARI ba="0,2" hai="32,33,35,36,39,43,46,49,54,57,62,89,90,91" m="31008" machi="54" ten="50,4800,0" yaku="1,1,52,1,53,0" doraHai="75" doraHaiUra="99" who="0" fromWho="2" sc="340,68,350,0,340,-48,0,0" /><INIT seed="0,1,0,4,0,61" ten="408,350,292,0" oya="0" hai0="53,40,59,108,49,103,33,73,104,119,56,79,46" hai1="71,114,112,111,72,0,93,120,105,118,62,83,86" hai2="128,124,50,123,76,134,116,107,88,127,109,65,1" hai3=""/><T132/><D119/><U106/><N who="1" m="30752" /><U94/><E62/><V58/><N who="2" m="31520" /><V110/><F1/><T67/><D33/><U85/><E71/><V55/><F116/><T78/><D103/><U98/><E0/><V39/><F107/><T84/><D104/><U42/><E42/><V66/><F76/><T129/><D73/><U97/><E118/><V117/><F117/><T87/><D132/><U91/><E111/><N who="2" m="42507" /><F134/><T3/><D108/><U36/><E36/><V113/><F113/><N who="1" m="43625" /><E72/><V44/><F88/><T131/><D3/><U2/><E2/><V64/><F128/><N who="0" m="49226" /><D67/><U122/><N who="1" m="31264" /><U126/><E126/><N who="2" m="48171" /><F39/><T48/><D79/><U96/><E93/><V125/><N who="2" m="48179" /><V74/><DORA hai="89" /><F74/><T92/><D92/><U100/><E106/><V51/><F51/><T32/><D78/><AGARI ba="1,0" hai="78,83,85,86,91,94,96,97,98,100,105" m="31264,43625,30752" machi="78" ten="30,12000,2" yaku="11,1,34,2,52,3" doraHai="61,89" who="1" fromWho="0" sc="408,-122,350,122,292,0,0,0" /><INIT seed="1,0,0,1,0,135" ten="286,472,292,0" oya="1" hai0="113,108,75,106,73,51,61,93,64,0,32,40,125" hai1="62,129,89,84,85,1,74,34,59,58,55,69,70" hai2="97,118,123,121,134,38,57,77,111,48,116,131,124" hai3=""/><U91/><E1/><V79/><N who="2" m="31008" /><V2/><N who="2" m="31520" /><V60/><F38/><T67/><D113/><U109/><E74/><V104/><F2/><T78/><D0/><U35/><E109/><V95/><F111/><T43/><D106/><U41/><E41/><V47/><F104/><T42/><D108/><U96/><E96/><V72/><F134/><T120/><N who="0" m="30752" /><T46/><D67/><U63/><REACH who="1" step="1"/><E55/><REACH who="1" ten="286,462,292,0" step="2"/><V94/><F97/><T103/><D40/><U132/><E132/><V56/><F72/><T39/><D42/><U68/><E68/><V98/><F98/><T110/><D110/><U122/><N who="1" m="31264" /><U53/><E53/><V50/><F118/><T100/><D75/><U101/><E101/><V45/><F116/><T82/><D103/><U102/><E102/><V44/><F131/><AGARI ba="0,1" hai="34,35,58,59,62,63,69,70,84,85,89,91,129,131" m="31264" machi="131" ten="25,9600,0" yaku="1,1,22,2,52,1,53,0" doraHai="135" doraHaiUra="99" who="1" fromWho="2" sc="286,0,462,106,292,-96,0,0" /><INIT seed="1,1,0,2,0,55" ten="286,568,196,0" oya="1" hai0="106,92,127,88,56,134,73,119,133,122,93,77,68" hai1="35,129,43,117,107,99,2,97,40,37,113,1,74" hai2="114,49,82,33,111,32,34,62,59,81,105,52,53" hai3=""/><U120/><RYUUKYOKU type="yao9" ba="1,0" sc="286,0,568,0,196,0,0,0" hai1="1,2,35,37,40,43,74,97,99,107,113,117,120,129" /><INIT seed="1,2,0,2,3,76" ten="286,568,196,0" oya="1" hai0="111,99,129,123,1,2,35,74,70,36,47,50,38" hai1="126,52,77,66,86,72,68,41,106,44,73,95,118" hai2="119,81,43,110,54,59,131,51,80,56,49,78,69" hai3=""/><U96/><E118/><V109/><F119/><T105/><RYUUKYOKU type="yao9" ba="2,0" sc="286,0,568,0,196,0,0,0" hai0="1,2,35,36,38,47,50,70,74,99,105,111,123,129" /><INIT seed="1,3,0,1,1,52" ten="286,568,196,0" oya="1" hai0="34,53,85,36,41,99,35,125,76,108,43,37,93" hai1="81,79,54,68,134,114,121,82,64,96,111,89,135" hai2="109,1,45,102,84,75,57,116,56,131,59,77,3" hai3=""/><U38/><N who="1" m="31008" /><U65/><E114/><V119/><F75/><T132/><D108/><U118/><E38/><V94/><F109/><T0/><D0/><U39/><E39/><V107/><F107/><T113/><D113/><U33/><E33/><V127/><F131/><T62/><D125/><U112/><E118/><V105/><F127/><T2/><D2/><U48/><E112/><V47/><F1/><T86/><D53/><U122/><N who="1" m="31264" /><U90/><E111/><V87/><F3/><T123/><N who="0" m="31520" /><T44/><D62/><U100/><E68/><V71/><F71/><T106/><D106/><U73/><E64/><V98/><F87/><T74/><D99/><U115/><E65/><V46/><REACH who="2" step="1"/><F94/><REACH who="2" ten="286,568,186,0" step="2"/><T61/><D93/><U67/><E115/><V103/><F103/><T83/><D86/><U129/><E129/><V40/><F40/><T128/><D85/><U69/><E69/><V55/><F55/><T95/><D95/><U63/><E67/><V72/><F72/><T120/><N who="0" m="30752" /><T101/><D128/><U80/><E73/><V51/><F51/><T91/><D74/><U92/><E63/><V124/><F124/><T32/><D61/><U117/><E117/><V66/><F66/><T126/><D32/><RYUUKYOKU ba="3,1" sc="286,-10,568,-10,186,20,0,0" hai2="45,46,47,56,57,59,77,84,98,102,105,116,119" /><INIT seed="2,4,1,4,5,49" ten="276,558,206,0" oya="2" hai0="122,107,51,105,43,69,94,52,112,55,113,95,66" hai1="34,135,125,70,90,86,67,64,37,116,45,36,91" hai2="85,80,46,39,103,68,132,61,65,56,111,79,108" hai3=""/><V63/><F132/><T102/><N who="0" m="31264" /><T32/><D32/><U119/><E34/><V47/><F103/><T106/><D43/><U120/><N who="1" m="30752" /><U110/><E110/><N who="2" m="42027" /><F39/><T123/><N who="0" m="31520" /><T71/><D66/><AGARI ba="4,1" hai="46,47,56,61,63,65,66,68,79,80,85" m="42027" machi="66" ten="30,2900,0" yaku="14,1,10,1" doraHai="49" who="2" fromWho="0" sc="276,-37,558,0,206,47,0,0" /><INIT seed="2,5,0,3,2,109" ten="239,558,253,0" oya="2" hai0="46,127,78,103,58,97,38,90,70,71,126,1,77" hai1="92,121,39,74,130,116,86,131,114,52,80,113,120" hai2="83,65,128,42,48,81,94,36,98,96,107,51,89" hai3=""/><V44/><F128/><N who="1" m="49193" /><E39/><V119/><F119/><T73/><D1/><U56/><E116/><V49/><REACH who="2" step="1"/><F65/><REACH who="2" ten="239,558,243,0" step="2"/><T76/><D127/><U63/><N who="1" m="30752" /><U68/><N who="1" m="31008" /><U118/><E118/><V40/><F40/><T115/><D126/><U108/><E108/><V32/><F32/><T125/><D125/><U35/><E35/><V54/><F54/><T88/><D73/><U101/><E74/><V84/><F84/><T59/><D38/><U34/><E34/><V91/><F91/><T123/><D88/><U122/><N who="1" m="31264" /><U61/><E101/><AGARI ba="5,1" hai="36,42,44,48,49,51,81,83,89,94,96,98,101,107" machi="101" ten="40,2000,0" yaku="1,1,53,0" doraHai="109" doraHaiUra="50" who="2" fromWho="1" sc="239,0,558,-30,243,40,0,0" /><INIT seed="2,6,0,0,4,76" ten="239,528,283,0" oya="2" hai0="127,106,79,45,69,80,37,3,88,47,49,43,99" hai1="86,121,46,87,58,105,114,72,126,123,41,111,65" hai2="53,70,1,119,38,74,115,32,101,134,83,93,125" hai3=""/><V104/><F101/><T135/><D69/><U124/><N who="1" m="31008" /><U42/><N who="1" m="31520" /><U50/><E114/><V131/><F93/><T33/><D33/><U56/><E111/><V73/><F53/><T34/><D34/><U57/><E72/><V60/><F60/><T2/><D127/><N who="1" m="48683" /><E105/><V96/><F96/><T39/><D135/><U36/><E65/><V113/><F74/><T78/><D78/><U71/><E71/><V112/><F83/><T95/><D106/><U98/><E98/><V91/><F91/><T77/><D77/><U81/><E86/><V110/><F112/><T130/><D130/><U94/><E94/><V62/><F62/><T55/><REACH who="0" step="1"/><D39/><REACH who="0" ten="229,528,283,0" step="2"/><U0/><E36/><V59/><F59/><T120/><N who="0" m="30752" /><AGARI ba="6,1" hai="1,32,38,70,73,104,110,113,115,119,120,125,131,134" machi="120" ten="0,48000,5" yakuman="47" doraHai="76" who="2" fromWho="0" sc="229,-492,528,0,283,502,0,0" owari="-263,-86.0,528,13.0,785,73.0,0,0.0" /></mjloggm>