<mjloggm ver="2.3"><GO type="169" lobby="0"/><UN n0="%E3%81%8B%E3%82%81%E3%81%98%E3%82%8D%E3%81%86" n1="%E3%83%8A%E3%83%83%E3%83%84%E5%B1%B1%E7%9B%9B%E3%82%8A" n2="%E3%83%9F%E3%83%8D%E3%83%A9%E3%83%AB" n3="%6D%61%74%6F%30%36%30%33" dan="17,16,16,17" rate="2195.33,2059.65,2176.37,2214.39" sx="M,M,M,M"/><TAIKYOKU oya="0"/><INIT seed="0,0,0,1,2,100" ten="250,250,250,250" oya="0" hai0="62,6,84,114,76,27,39,87,102,105,67,123,119" hai1="49,78,125,71,117,52,124,88,1,109,3,127,82" hai2="38,91,121,61,99,51,120,103,131,41,98,28,108" hai3="85,47,77,101,9,23,58,50,74,45,55,53,20"/><T75/><D114/><U113/><E117/><V33/><F38/><W17/><G74/><T60/><D123/><U34/><E113/><V40/><F108/><W31/><G101/><T37/><D119/><U130/><E109/><V66/><F91/><W8/><G31/><T2/><D6/><U29/><E130/><V32/><F131/><W132/><G132/><T94/><D2/><U122/><E71/><V69/><F99/><W10/><G17/><T111/><D111/><U0/><E122/><V129/><F129/><W128/><G128/><T110/><D110/><U35/><E29/><V97/><F97/><W68/><G68/><T70/><D60/><U30/><E30/><V24/><F33/><W4/><G4/><T36/><D27/><U133/><E133/><V56/><F56/><W107/><G107/><T135/><D135/><U96/><E78/><V115/><F115/><W93/><G93/><T42/><D42/><N who="2" m="16490" /><F51/><W11/><N who="3" m="2048" /><DORA hai="86" /><W5/><G5/><T64/><D64/><U92/><E82/><V48/><F48/><W73/><G73/><T134/><D134/><U18/><E18/><V16/><F16/><W44/><REACH who="3" step="1"/><G53/><REACH who="3" ten="250,250,250,240" step="2"/><T21/><D94/><U15/><REACH who="1" step="1"/><E15/><REACH who="1" ten="250,240,250,240" step="2"/><V126/><F121/><W14/><G14/><T13/><D13/><U118/><E118/><V7/><F120/><W79/><G79/><T26/><D76/><U25/><E25/><V106/><F7/><W90/><G90/><T95/><D26/><U19/><E19/><V12/><F12/><W116/><G116/><T54/><D70/><U63/><E63/><V81/><F81/><AGARI ba="0,2" hai="20,23,44,45,47,50,55,58,77,81,85" m="2048" machi="81" ten="60,8000,1" yaku="1,1,6,1,8,1,53,2" doraHai="100,86" doraHaiUra="46,80" who="3" fromWho="2" sc="250,0,240,0,250,-80,240,100" /><INIT seed="1,0,0,2,1,111" ten="250,240,170,340" oya="1" hai0="117,65,31,79,135,78,51,104,71,14,59,101,58" hai1="95,8,26,80,49,29,9,53,33,23,118,113,109" hai2="28,125,116,87,39,64,63,114,122,35,77,127,83" hai3="68,11,85,54,70,82,124,91,47,36,105,27,40"/><U56/><E118/><V115/><F122/><W44/><G105/><T2/><D2/><U97/><E109/><V21/><F35/><W43/><G124/><N who="2" m="47689" /><F39/><W61/><G27/><T32/><D117/><U12/><E113/><N who="2" m="43019" /><F116/><W130/><G11/><T93/><D104/><U15/><E80/><V17/><F28/><W22/><G130/><T119/><D31/><U126/><E126/><V89/><F89/><W128/><G128/><T6/><D32/><U37/><E37/><V66/><F63/><W106/><G91/><T84/><D101/><N who="1" m="60607" /><E33/><V132/><F132/><W25/><G61/><N who="0" m="38079" /><D135/><U24/><E24/><AGARI ba="0,0" hai="17,21,24,64,66,77,83,87" m="43019,47689" machi="24" ten="30,8000,1" yaku="18,1,11,1,52,3" doraHai="111" who="2" fromWho="1" sc="250,0,240,-80,170,80,340,0" /><INIT seed="2,0,0,2,4,8" ten="250,160,250,340" oya="2" hai0="18,97,100,78,45,63,86,47,117,54,83,73,51" hai1="124,46,32,91,109,77,60,1,61,50,59,75,82" hai2="17,118,9,52,5,112,120,135,38,87,53,123,104" hai3="113,96,62,64,88,16,106,69,101,28,35,70,55"/><V115/><F104/><W130/><G130/><T125/><D125/><U72/><E124/><V29/><F38/><W26/><G113/><T127/><D127/><U122/><E109/><V133/><F29/><W71/><G55/><N who="2" m="21065" /><F17/><W65/><G65/><T14/><D117/><U134/><E134/><N who="2" m="51211" /><F118/><W34/><G34/><T4/><D4/><U41/><E122/><N who="2" m="46635" /><F87/><W89/><REACH who="3" step="1"/><G16/><REACH who="3" ten="250,160,250,330" step="2"/><T85/><D47/><U105/><E32/><V93/><F93/><W25/><G25/><T13/><D18/><U7/><E46/><V12/><AGARI ba="0,1" hai="5,9,12,112,115" m="46635,51211,21065" machi="12" ten="40,7800,0" yaku="20,1,52,1,54,1" doraHai="8" who="2" fromWho="2" sc="250,-26,160,-26,250,88,330,-26" /><INIT seed="2,1,0,1,5,75" ten="224,134,338,304" oya="2" hai0="12,124,99,93,91,10,92,22,127,135,30,24,110" hai1="119,42,50,31,87,64,41,63,111,83,79,131,106" hai2="112,122,77,45,16,71,37,43,123,58,59,36,80" hai3="74,81,134,1,108,0,44,25,6,126,40,33,102"/><V27/><F112/><W85/><G108/><T70/><D110/><U49/><E111/><V120/><F71/><W103/><G134/><T9/><D70/><U65/><E119/><V76/><F37/><W56/><G126/><T115/><D115/><U96/><E131/><V118/><F118/><W54/><G74/><T88/><D135/><U125/><E125/><N who="0" m="48201" /><D12/><U35/><E35/><V129/><F129/><W107/><G33/><T97/><AGARI ba="1,0" hai="9,10,22,24,30,88,91,92,93,97,99" m="48201" machi="97" ten="30,2000,0" yaku="18,1,54,1" doraHai="75" who="0" fromWho="0" sc="224,23,134,-6,338,-11,304,-6" /><INIT seed="3,0,0,5,3,52" ten="247,128,327,298" oya="3" hai0="66,101,33,38,40,91,49,70,47,30,122,115,23" hai1="17,12,84,134,26,121,7,68,129,20,59,83,4" hai2="55,16,135,10,100,69,79,39,87,130,118,85,18" hai3="123,62,88,45,53,126,31,43,61,11,32,5,60"/><W13/><G123/><T116/><D122/><U128/><E68/><V51/><F39/><W90/><G126/><T106/><D116/><U124/><E121/><V37/><F37/><W19/><G5/><T63/><D115/><U21/><E124/><V105/><F69/><W92/><G53/><T35/><D91/><U80/><E134/><V74/><F135/><W48/><REACH who="3" step="1"/><G92/><REACH who="3" ten="247,128,327,288" step="2"/><T56/><D106/><U54/><E4/><V76/><F105/><W27/><AGARI ba="0,1" hai="11,13,19,27,31,32,43,45,48,60,61,62,88,90" machi="27" ten="30,11700,0" yaku="1,1,2,1,0,1,54,1,53,0" doraHai="52" doraHaiUra="112" who="3" fromWho="3" sc="247,-39,128,-39,327,-39,288,127" /><INIT seed="3,1,0,4,1,34" ten="208,89,288,415" oya="3" hai0="83,72,103,9,95,76,60,18,116,66,135,14,44" hai1="47,125,52,128,36,55,16,11,102,74,45,63,98" hai2="117,15,132,126,62,32,3,113,124,41,37,108,118" hai3="2,121,51,35,57,69,78,85,123,20,92,30,80"/><W1/><G69/><T81/><D135/><U21/><E128/><V23/><F113/><W39/><G39/><T99/><D116/><U65/><E125/><N who="2" m="48235" /><F132/><W26/><G35/><T4/><D44/><U68/><E74/><V22/><F62/><W110/><G110/><T90/><D81/><U120/><E11/><V134/><F134/><W133/><G133/><T71/><REACH who="0" step="1"/><D18/><REACH who="0" ten="198,89,288,415" step="2"/><U96/><E45/><V54/><F118/><W106/><G80/><T112/><D112/><U43/><E120/><V6/><F117/><W59/><G121/><T5/><D5/><U17/><E17/><V61/><F6/><W111/><G123/><T24/><D24/><U75/><E75/><V119/><F119/><W93/><G26/><T7/><D7/><U29/><E29/><V67/><F108/><W100/><G30/><T13/><D13/><U91/><E91/><AGARI ba="1,1" hai="4,9,14,60,66,71,72,76,83,90,91,95,99,103" machi="91" ten="40,2600,0" yaku="1,1,53,1" doraHai="34" doraHaiUra="79" who="0" fromWho="1" sc="198,39,89,-29,288,0,415,0" /><INIT seed="4,0,0,1,3,22" ten="237,60,288,415" oya="0" hai0="71,123,87,129,82,31,2,39,94,77,69,49,109" hai1="92,90,134,133,1,11,93,95,6,113,72,66,35" hai2="99,48,45,14,74,9,27,54,97,17,79,20,52" hai3="32,83,18,40,53,67,127,3,103,124,102,4,78"/><T106/><D106/><U115/><E72/><V7/><REACH who="2" step="1"/><F54/><REACH who="2" ten="237,60,278,415" step="2"/><W116/><G53/><T110/><D109/><U120/><E120/><V65/><F65/><W112/><G67/><T70/><D123/><U89/><E66/><V118/><F118/><W19/><G116/><T24/><D110/><U61/><E61/><V105/><F105/><W43/><G127/><T91/><D129/><U126/><E126/><V107/><F107/><W42/><G124/><T76/><D39/><U44/><E44/><V100/><F100/><W46/><G103/><T125/><D125/><U25/><E134/><V135/><F135/><W101/><G101/><T29/><D2/><U131/><E133/><V104/><F104/><W41/><G102/><T128/><D128/><U59/><E131/><V85/><F85/><W21/><G46/><T23/><D49/><U28/><REACH who="1" step="1"/><E59/><REACH who="1" ten="237,50,278,415" step="2"/><V34/><F34/><W8/><G32/><T36/><D71/><U0/><E0/><V88/><F88/><AGARI ba="0,2" hai="1,6,11,25,28,35,88,89,90,92,93,95,113,115" machi="88" ten="40,5200,0" yaku="1,1,52,1,54,1,53,0" doraHai="22" doraHaiUra="50" who="1" fromWho="2" sc="237,0,50,72,278,-52,415,0" /><INIT seed="5,0,0,1,3,41" ten="237,122,226,415" oya="1" hai0="103,106,5,109,99,112,55,10,76,24,131,98,15" hai1="26,77,84,47,101,92,100,115,81,31,36,117,120" hai2="85,73,125,29,57,6,59,82,130,54,122,65,91" hai3="4,134,19,75,63,52,123,45,71,13,113,111,87"/><U124/><E117/><V114/><F122/><W7/><G111/><T30/><D109/><U93/><E120/><V34/><F125/><W51/><G75/><T88/><D112/><U39/><E115/><V12/><F114/><W62/><G123/><T49/><D131/><U16/><E124/><V44/><F73/><W132/><G87/><T90/><D76/><U89/><E92/><V46/><F34/><W67/><G63/><T22/><REACH who="0" step="1"/><D99/><REACH who="0" ten="227,122,226,415" step="2"/><U79/><E79/><V107/><F130/><W21/><G113/><T53/><D53/><U97/><E36/><V119/><F54/><W37/><G37/><T86/><D86/><U56/><E39/><V127/><F127/><W11/><G52/><T96/><D96/><U33/><E56/><AGARI ba="0,1" hai="5,10,15,22,24,30,49,55,56,88,90,98,103,106" machi="56" ten="30,3900,0" yaku="1,1,7,1,54,1,53,0" doraHai="41" doraHaiUra="110" who="0" fromWho="1" sc="227,49,122,-39,226,0,415,0" /><INIT seed="6,0,0,1,4,110" ten="276,83,226,415" oya="2" hai0="42,49,14,118,125,0,66,75,119,72,134,95,47" hai1="93,57,29,94,13,64,1,99,12,71,28,10,22" hai2="21,18,36,88,50,124,20,32,27,46,33,123,117" hai3="52,79,92,9,120,85,44,41,16,108,100,113,82"/><V35/><F117/><N who="0" m="44554" /><D0/><U77/><E71/><V45/><F123/><W104/><G104/><T40/><D125/><U8/><E1/><V109/><F124/><W121/><G108/><T78/><D134/><U37/><E37/><V2/><F2/><W67/><G67/><T51/><D66/><U6/><E77/><V107/><F107/><W60/><G60/><T56/><D95/><U127/><E127/><V90/><F109/><W98/><G52/><N who="0" m="31775" /><D78/><U89/><E22/><V87/><F21/><W128/><G9/><T132/><D132/><U131/><E131/><V135/><F135/><W115/><G128/><T126/><D126/><U24/><E24/><V96/><F36/><N who="3" m="21543" /><G16/><T26/><D14/><U103/><E64/><V91/><F50/><W39/><G39/><T129/><D42/><U116/><E57/><V23/><F23/><W62/><G62/><T86/><D129/><U69/><E69/><V17/><F17/><W54/><G54/><T74/><D86/><U76/><E116/><V53/><F53/><W34/><G34/><T15/><D15/><U30/><E12/><V48/><F48/><W11/><G11/><T59/><D59/><U73/><E10/><V83/><REACH who="2" step="1"/><F96/><REACH who="2" ten="276,83,216,415" step="2"/><W106/><G106/><T70/><D49/><U63/><E63/><V133/><F133/><W65/><G65/><T25/><D40/><U55/><E55/><V97/><F97/><W4/><G4/><T61/><D47/><AGARI ba="0,1" hai="18,20,27,32,33,35,45,46,47,83,87,88,90,91" machi="47" ten="40,3900,0" yaku="1,1,54,1,53,0" doraHai="110" doraHaiUra="7" who="2" fromWho="0" sc="276,-39,83,0,216,49,415,0" /><INIT seed="6,1,0,0,0,77" ten="237,83,265,415" oya="2" hai0="16,9,112,132,69,8,10,24,12,5,11,128,1" hai1="23,99,106,90,94,68,55,135,41,123,53,45,30" hai2="73,22,15,40,60,124,48,130,36,56,18,2,74" hai3="89,104,26,97,28,43,103,39,91,79,35,133,54"/><V125/><F36/><W34/><G34/><T75/><D69/><U63/><E135/><V111/><F2/><W129/><G133/><T14/><D75/><U65/><E123/><V134/><F134/><W50/><G129/><T72/><D72/><U49/><E106/><V13/><F130/><W85/><G43/><T51/><D132/><U62/><E62/><V78/><F111/><W71/><G71/><T87/><D128/><U117/><E117/><V108/><F108/><W107/><G107/><T57/><D112/><U95/><E95/><V83/><F74/><W126/><G126/><N who="2" m="48745" /><F48/><W17/><G17/><T82/><D24/><U131/><E131/><V27/><F40/><W110/><G39/><T58/><D1/><U64/><E64/><AGARI ba="1,0" hai="13,15,18,22,27,56,60,64,73,78,83" m="48745" machi="64" ten="30,2900,0" yaku="18,1,52,1" doraHai="77" who="2" fromWho="1" sc="237,0,83,-32,265,32,415,0" /><INIT seed="6,2,0,2,1,72" ten="237,51,297,415" oya="2" hai0="87,105,90,118,25,41,21,22,117,60,77,10,119" hai1="106,47,96,69,81,32,48,130,110,38,80,83,104" hai2="42,24,35,84,124,114,92,75,19,49,134,40,94" hai3="44,65,99,1,67,123,122,107,126,33,61,103,101"/><V46/><F114/><W70/><G1/><T64/><D105/><U116/><E38/><V97/><F75/><W27/><G126/><T133/><D133/><U68/><E32/><V127/><F134/><W109/><G109/><T98/><D41/><U7/><E7/><V43/><F84/><W86/><G103/><T135/><D135/><U88/><E110/><V128/><F94/><W91/><G44/><T62/><D10/><U8/><E116/><V55/><F128/><W76/><G67/><T79/><D98/><U115/><E115/><V26/><F19/><W58/><G58/><T78/><D25/><U31/><E31/><V16/><F35/><W59/><G59/><N who="0" m="36959" /><D60/><U82/><N who="1" m="20480" /><DORA hai="50" /><U93/><E8/><V121/><F121/><W3/><G91/><T37/><D37/><U108/><E130/><V6/><F6/><W14/><G14/><T53/><D53/><U89/><E108/><V2/><F2/><W57/><G57/><T120/><D120/><U63/><E89/><N who="2" m="55439" /><F16/><W95/><G95/><AGARI ba="2,0" hai="21,22,77,78,79,87,90,95,117,118,119" m="36959" machi="95" ten="40,8000,1" yaku="12,1,52,3" doraHai="72,50" who="0" fromWho="3" sc="237,86,51,0,297,0,415,-86" /><INIT seed="7,0,0,0,0,64" ten="323,51,297,329" oya="3" hai0="83,0,134,20,72,126,46,98,68,30,62,17,54" hai1="67,105,51,80,132,66,69,61,34,100,31,120,38" hai2="127,4,39,122,22,32,13,123,3,6,19,99,12" hai3="128,18,121,94,53,8,26,97,91,92,77,60,35"/><W130/><G121/><N who="2" m="46089" /><F99/><W96/><G77/><T11/><D98/><U113/><E120/><V65/><F65/><W59/><G8/><T49/><D126/><U114/><E80/><V81/><F81/><W86/><G35/><T21/><D134/><U40/><E132/><V135/><F39/><W104/><G104/><T2/><D30/><U117/><E117/><V101/><F101/><N who="3" m="60551" /><G86/><T107/><D107/><U129/><E129/><V133/><F127/><W108/><G108/><T102/><D102/><U71/><E100/><V84/><F84/><W74/><G74/><T58/><D68/><N who="1" m="26187" /><E105/><V44/><F44/><W42/><G42/><T1/><D11/><U118/><E118/><V47/><F47/><W43/><G43/><T52/><REACH who="0" step="1"/><D17/><REACH who="0" ten="313,51,297,329" step="2"/><U45/><E31/><V115/><F3/><W36/><G128/><T112/><D112/><N who="1" m="43115" /><E34/><V15/><F32/><W75/><G130/><T56/><D56/><N who="1" m="37159" /><E67/><V28/><F115/><W93/><G18/><T27/><D27/><U41/><E41/><V110/><F28/><W57/><G26/><T55/><D55/><U25/><E25/><N who="2" m="14559" /><F135/><W124/><G97/><T37/><D37/><U82/><E82/><V95/><F133/><W7/><G94/><T125/><D125/><U23/><E23/><V9/><F95/><W87/><G124/><T85/><D85/><U111/><E111/><V70/><F110/><W24/><G24/><T109/><D109/><U76/><E76/><AGARI ba="0,1" hai="0,1,2,20,21,46,49,52,54,58,62,72,76,83" machi="76" ten="40,8000,1" yaku="1,1,54,1,53,2" doraHai="64" doraHaiUra="16" who="0" fromWho="1" sc="313,90,51,-80,297,0,329,0" owari="403,50.0,-29,-53.0,297,-10.0,329,13.0" /></mjloggm>