<mjloggm ver="2.3"><GO type="185" lobby="0"/><UN n0="%E5%86%AC%E7%81%AF" n1="%E4%BD%90%E8%97%A4%E3%82%AB%E3%82%A4%E3%82%B8" n2="%E5%B8%AB%E5%8C%A0%2F%E9%9B%80%E9%AC%BC" n3="" dan="19,16,17,0" rate="2399.14,2210.29,2253.47,1500.00" sx="M,F,M,C"/><TAIKYOKU oya="0"/><INIT seed="0,0,0,4,0,126" ten="350,350,350,0" oya="0" hai0="115,39,98,32,41,60,70,86,128,73,127,106,1" hai1="40,95,64,134,72,36,104,59,62,81,100,2,99" hai2="43,125,52,44,103,123,69,84,114,3,49,112,133" hai3=""/><T46/><RYUUKYOKU type="yao9" ba="0,0" sc="350,0,350,0,350,0,0,0" hai0="1,32,39,41,46,60,70,73,86,98,106,115,127,128" /><INIT seed="0,1,0,2,5,78" ten="350,350,350,0" oya="0" hai0="88,114,100,120,75,60,65,73,55,34,47,99,117" hai1="94,132,54,95,129,105,109,71,123,106,44,66,86" hai2="61,126,70,38,134,39,104,35,48,79,113,121,85" hai3=""/><T135/><N who="0" m="30752" /><T76/><D117/><U37/><N who="1" m="31520" /><U133/><E109/><V82/><N who="2" m="31008" /><V36/><F113/><T131/><D114/><U41/><E129/><V103/><F35/><T87/><D135/><N who="1" m="51787" /><E54/><V127/><F134/><T69/><D76/><U110/><E110/><V1/><F1/><T3/><D131/><U124/><E124/><N who="2" m="47659" /><F48/><T108/><D34/><U118/><E118/><V125/><N who="2" m="47667" /><V51/><DORA hai="119" /><F51/><T0/><D108/><U122/><N who="1" m="31264" /><U91/><E95/><V107/><F103/><T101/><D100/><U68/><E66/><AGARI ba="1,0" hai="36,38,39,61,66,70,79,82,85,104,107" m="47667,31008" machi="66" ten="50,8000,1" yaku="18,1,52,3" doraHai="78,119" who="2" fromWho="1" sc="350,0,350,-82,350,82,0,0" /><INIT seed="1,0,0,1,1,40" ten="350,268,432,0" oya="1" hai0="72,81,88,124,68,63,119,118,125,134,74,62,108" hai1="107,69,109,101,3,128,85,98,77,110,78,58,41" hai2="76,70,79,95,129,49,111,99,114,120,117,80,123" hai3=""/><U37/><E3/><V89/><N who="2" m="30752" /><V97/><N who="2" m="31520" /><V36/><F117/><N who="0" m="44554" /><D108/><N who="1" m="41579" /><E69/><V45/><F111/><T94/><D134/><U87/><E128/><V55/><F129/><T50/><D50/><U83/><E58/><V82/><F114/><T61/><D68/><U34/><E34/><V43/><F99/><T64/><D64/><U32/><E32/><V48/><F70/><T56/><D81/><N who="2" m="31338" /><F36/><T86/><D56/><AGARI ba="0,0" hai="43,45,48,49,55,56,76,79,89,95,97" m="31338,31520,30752" machi="56" ten="30,7700,0" yaku="8,1,52,3" doraHai="40" who="2" fromWho="0" sc="350,-77,268,0,432,77,0,0" /><INIT seed="2,0,0,0,5,76" ten="273,268,509,0" oya="2" hai0="69,104,41,93,78,83,36,90,101,87,125,74,107" hai1="135,72,98,38,118,120,103,134,45,92,79,112,86" hai2="133,131,58,43,67,60,56,35,32,1,123,53,102" hai3=""/><V97/><N who="2" m="31520" /><V57/><F1/><T39/><D125/><U105/><N who="1" m="30752" /><U65/><E112/><V70/><F133/><T88/><D69/><U117/><E65/><V94/><F131/><T91/><D41/><U64/><E64/><V128/><F128/><T126/><D126/><U34/><E34/><V108/><F108/><T52/><D52/><U51/><E72/><V122/><N who="2" m="31264" /><V124/><F124/><T115/><D115/><U49/><E38/><V62/><REACH who="2" step="1"/><F43/><REACH who="2" ten="273,268,499,0" step="2"/><T42/><D42/><U63/><E135/><V40/><F40/><T100/><D36/><U116/><E134/><V48/><F48/><T2/><D2/><U121/><N who="1" m="31008" /><U3/><E3/><V85/><F85/><T73/><D39/><U59/><E51/><V132/><F132/><T61/><D61/><U114/><E49/><V119/><F119/><T54/><D73/><U84/><E84/><V81/><F81/><T37/><D37/><U129/><E129/><V50/><F50/><T110/><D110/><U68/><E116/><V47/><F47/><T44/><D44/><U96/><E117/><V82/><F82/><T55/><D74/><U0/><E45/><V106/><F106/><N who="0" m="40490" /><D93/><U127/><E118/><V109/><F109/><RYUUKYOKU ba="0,1" sc="273,10,268,-20,499,10,0,0" hai0="54,55,78,83,87,88,90,91,100,101" hai2="32,35,53,56,57,58,60,62,67,70,94,97,102" /><INIT seed="2,1,1,5,3,74" ten="283,248,509,0" oya="2" hai0="102,77,122,118,73,91,48,80,38,131,71,129,106" hai1="103,135,95,128,127,92,39,126,90,41,36,100,105" hai2="63,45,40,57,72,83,132,69,32,130,85,101,0" hai3=""/><V50/><F32/><T53/><N who="0" m="31264" /><T84/><D38/><U97/><E135/><V113/><F0/><T98/><D71/><U125/><E128/><V59/><F113/><T93/><D118/><U123/><N who="1" m="31520" /><U1/><E1/><V116/><F116/><T49/><D49/><U75/><E75/><V79/><F132/><T134/><D134/><U111/><E111/><V133/><F133/><T107/><D106/><U124/><N who="1" m="31744" /><DORA hai="87" /><U117/><E117/><V104/><F130/><T56/><AGARI ba="1,1" hai="48,53,56,73,77,80,84,91,93,98,102,107,129,131" m="31264" machi="56" ten="30,9000,2" yaku="0,1,24,2,52,3" doraHai="74,87" who="0" fromWho="0" sc="283,102,248,-31,509,-61,0,0" /><INIT seed="4,0,0,3,3,95" ten="385,217,448,0" oya="0" hai0="57,87,42,98,65,94,99,90,114,110,74,3,131" hai1="61,115,58,36,135,123,100,103,129,62,126,0,48" hai2="85,75,37,76,104,133,88,112,80,128,45,124,118" hai3=""/><T120/><N who="0" m="30752" /><T67/><D3/><U125/><N who="1" m="31520" /><U78/><E0/><V56/><F112/><T92/><D74/><U84/><E36/><V35/><F35/><T50/><D114/><U46/><E135/><V34/><F34/><T49/><D131/><U41/><E115/><V79/><F124/><N who="1" m="47721" /><E129/><V119/><F133/><T121/><N who="0" m="31008" /><T106/><D110/><U108/><E108/><V68/><F68/><T77/><D106/><U33/><E33/><V1/><F1/><T53/><D77/><U63/><E58/><V107/><F79/><T66/><D92/><U86/><E78/><V51/><F56/><T59/><D42/><U71/><E71/><V73/><F37/><T116/><D116/><N who="2" m="44586" /><F128/><T39/><D39/><U130/><E130/><V111/><F111/><T32/><D32/><U89/><E84/><V96/><F75/><T122/><N who="0" m="31264" /><T38/><D38/><U72/><E72/><V55/><F73/><T134/><D134/><U44/><E44/><V43/><F43/><T101/><D101/><U82/><AGARI ba="0,0" hai="41,46,48,61,62,63,82,86,89,100,103" m="47721,31520" machi="82" ten="30,1500,0" yaku="18,1,52,1" doraHai="95" who="1" fromWho="1" sc="385,-10,217,15,448,-5,0,0" /><INIT seed="5,0,0,4,1,42" ten="375,232,443,0" oya="1" hai0="58,39,130,83,2,72,109,63,38,99,134,69,84" hai1="75,92,41,46,51,98,122,96,114,37,123,118,40" hai2="65,85,78,3,1,73,88,64,115,121,131,0,95" hai3=""/><U57/><N who="1" m="31264" /><U116/><N who="1" m="31520" /><U125/><E114/><V79/><N who="2" m="31008" /><V60/><F115/><T32/><D109/><U100/><E125/><V110/><F110/><T101/><D32/><U90/><E75/><V132/><F132/><T43/><D134/><U49/><E57/><V112/><F112/><T48/><D130/><U66/><E66/><V81/><F131/><T77/><D2/><U35/><E35/><V53/><F78/><T82/><D69/><U44/><E37/><V126/><F126/><T94/><D48/><U113/><E113/><V36/><F36/><T119/><D43/><U127/><E127/><V70/><F53/><T67/><D119/><U61/><E61/><V91/><F65/><T33/><D33/><U102/><E90/><AGARI ba="0,0" hai="38,39,58,63,67,72,77,82,83,84,90,94,99,101" machi="90" ten="30,1000,0" yaku="7,1" doraHai="42" who="0" fromWho="1" sc="375,10,232,-10,443,0,0,0" /><INIT seed="6,0,0,3,1,111" ten="385,222,443,0" oya="2" hai0="73,55,109,3,106,65,104,116,110,85,96,49,129" hai1="119,2,135,47,40,91,88,48,117,125,71,64,108" hai2="44,58,46,51,59,50,114,100,61,126,34,99,69" hai3=""/><V38/><F114/><T90/><D3/><U112/><E108/><V123/><F34/><T120/><N who="0" m="30752" /><T74/><D116/><U81/><E2/><V76/><N who="2" m="31520" /><V53/><F126/><T113/><D129/><U79/><E125/><V0/><F0/><T33/><D33/><U83/><E135/><V43/><F76/><T63/><D113/><U35/><E35/><V54/><F69/><T32/><D32/><U37/><E37/><V107/><REACH who="2" step="1"/><F46/><REACH who="2" ten="385,222,433,0" step="2"/><T56/><D109/><U94/><E112/><V97/><F97/><T101/><D106/><U93/><E117/><V82/><F82/><T77/><D77/><U134/><E119/><V68/><F68/><T70/><REACH who="0" step="1"/><D110/><REACH who="0" ten="375,222,433,0" step="2"/><U41/><E79/><V45/><F45/><T118/><D118/><U122/><N who="1" m="31264" /><U42/><E134/><V57/><F57/><T121/><N who="0" m="31008" /><T67/><D67/><U66/><E71/><V72/><F72/><T78/><D78/><U87/><E64/><V89/><F89/><T52/><D52/><U130/><E66/><V84/><F84/><T128/><D128/><U102/><E130/><V105/><F105/><T124/><D124/><U62/><E91/><V95/><F95/><AGARI ba="0,2" hai="49,55,56,63,65,70,73,74,85,90,95,96,101,104" m="31008,30752" machi="95" ten="30,7700,0" yaku="1,1,7,1,52,2,53,0" doraHai="111" doraHaiUra="75" who="0" fromWho="2" sc="375,97,222,0,433,-77,0,0" owari="472,42.0,222,-38.0,356,-4.0,0,0.0" /></mjloggm>