<mjloggm ver="2.3"><GO type="185" lobby="0"/><UN n0="%E6%98%9F%E7%AB%B9%E8%82%89%E3%83%91%E3%82%BB%E3%83%AA" n1="%E7%8E%89%E6%A8%B9%E6%A1%9C" n2="%E2%91%A5%52%61%64%61%72" n3="" dan="18,16,16,0" rate="2361.34,2294.16,2276.48,1500.00" sx="M,F,M,C"/><TAIKYOKU oya="0"/><INIT seed="0,0,0,2,3,98" ten="350,350,350,0" oya="0" hai0="116,110,80,79,96,65,62,51,38,126,109,39,83" hai1="68,56,125,88,91,133,63,52,129,93,124,33,84" hai2="72,42,87,32,132,104,35,66,49,50,74,99,61" hai3=""/><T59/><D116/><U48/><E33/><V67/><F132/><T122/><N who="0" m="31264" /><T58/><D126/><N who="1" m="48747" /><E133/><V112/><F87/><T41/><D80/><U95/><E129/><V123/><N who="2" m="31520" /><V85/><F85/><T97/><D97/><U89/><E84/><V131/><F99/><T130/><D130/><U77/><E77/><V64/><F104/><T73/><D96/><U108/><E108/><N who="0" m="41577" /><D58/><U54/><E68/><V106/><F131/><T40/><D51/><U113/><E113/><V117/><F50/><T45/><D45/><AGARI ba="0,0" hai="45,48,52,54,56,63,88,89,91,93,95" m="48747" machi="45" ten="30,3900,0" yaku="18,1,54,2" doraHai="98" who="1" fromWho="0" sc="350,-39,350,39,350,0,0,0" /><INIT seed="1,0,0,0,2,107" ten="311,389,350,0" oya="1" hai0="56,126,79,77,106,135,104,35,109,108,45,74,32" hai1="83,113,111,73,70,95,88,124,57,55,59,52,125" hai2="71,37,127,40,132,103,92,122,3,72,82,68,65" hai3=""/><U110/><E113/><V33/><N who="2" m="31264" /><V63/><F33/><T134/><D56/><U97/><E70/><V39/><F3/><T96/><D45/><U117/><E117/><V78/><F132/><N who="0" m="50730" /><D126/><N who="1" m="48747" /><E59/><V46/><F127/><T69/><D69/><U84/><E73/><V60/><F103/><T114/><D114/><U42/><E42/><V43/><F92/><T64/><D74/><U100/><E55/><V36/><F43/><T34/><D64/><AGARI ba="0,0" hai="36,37,39,40,46,60,63,64,65,68,71,72,78,82" m="31264" machi="64" ten="40,12000,2" yaku="9,1,33,3,52,2" doraHai="107" who="2" fromWho="0" sc="311,-120,389,0,350,120,0,0" /><INIT seed="2,0,0,1,0,104" ten="191,389,470,0" oya="2" hai0="41,130,84,74,71,2,36,48,79,72,37,118,102" hai1="62,3,126,43,131,112,133,89,94,119,38,120,49" hai2="50,135,45,115,107,64,88,42,134,125,56,123,101" hai3=""/><V110/><N who="2" m="31520" /><V97/><F115/><T68/><D118/><U86/><N who="1" m="30752" /><U58/><E3/><V69/><F125/><T33/><D2/><U60/><E112/><V40/><F110/><T85/><D102/><U80/><E126/><V83/><F69/><T90/><D48/><U129/><E119/><V111/><F111/><T55/><D55/><U106/><E106/><V76/><F40/><T122/><N who="0" m="31264" /><T47/><D33/><U77/><E38/><V127/><F88/><T121/><N who="0" m="31008" /><T105/><D105/><U100/><E100/><V103/><F127/><T46/><D79/><U116/><E116/><V59/><F103/><T132/><D90/><U87/><E133/><N who="2" m="50699" /><F64/><T99/><D132/><U82/><E82/><V67/><F67/><T57/><D41/><U78/><E43/><V32/><F32/><T54/><D54/><U51/><E77/><V96/><F97/><T53/><D53/><U114/><E114/><V113/><F113/><T91/><D91/><U98/><E98/><V0/><F0/><T109/><D99/><U93/><E89/><V81/><F81/><T63/><D109/><U124/><E124/><V35/><F35/><T61/><D130/><U66/><E80/><V44/><F44/><RYUUKYOKU ba="0,0" sc="191,10,389,-20,470,10,0,0" hai0="36,37,46,47,57,61,63,68,71,72,74,84,85" hai2="42,45,50,56,59,76,83,96,101,107" /><INIT seed="2,1,0,4,1,54" ten="201,369,480,0" oya="2" hai0="0,107,115,63,96,45,97,33,98,69,126,34,99" hai1="129,35,114,40,133,124,134,105,78,53,125,119,118" hai2="68,83,32,121,37,122,89,94,84,48,104,135,88" hai3=""/><V95/><N who="2" m="31008" /><V61/><N who="2" m="31264" /><V72/><F37/><T66/><D0/><U44/><E105/><V123/><N who="2" m="31520" /><V60/><F32/><T132/><D126/><N who="1" m="48747" /><E35/><V108/><F135/><N who="1" m="51721" /><E78/><V62/><F104/><T110/><D132/><U73/><E73/><V92/><F108/><T67/><D110/><U80/><E80/><V42/><F72/><T51/><D115/><U128/><E53/><V112/><F112/><T87/><D66/><U75/><E75/><V70/><REACH who="2" step="1"/><F89/><REACH who="2" ten="201,369,470,0" step="2"/><T52/><N who="0" m="24576" /><DORA hai="65" /><T50/><D107/><U103/><E114/><V76/><F76/><T111/><D111/><U74/><E103/><V49/><F49/><T101/><D101/><U130/><E74/><V71/><F71/><T116/><D50/><AGARI ba="1,1" hai="40,44,50,118,119,128,129,130" m="51721,48747" machi="50" ten="40,32000,5" yakuman="39" doraHai="54,65" who="1" fromWho="0" sc="201,-322,369,332,470,0,0,0" owari="-121,-72.0,701,65.0,470,7.0,0,0.0" /></mjloggm>