<mjloggm ver="2.3"><GO type="169" lobby="0"/><UN n0="%40%6B%6B%6B" n1="%E3%81%AA%E3%81%88%E3%81%A8%E3%82%8B" n2="%E3%82%88%E3%81%97%E3%81%A4%E3%82%88%E3%81%97" n3="%4E%55%44%41" dan="17,16,16,17" rate="2205.64,2143.19,2111.17,2170.71" sx="M,M,M,M"/><TAIKYOKU oya="0"/><INIT seed="0,0,0,5,1,32" ten="250,250,250,250" oya="0" hai0="95,28,121,70,89,91,14,77,12,60,8,23,65" hai1="123,125,62,116,132,50,74,86,36,126,6,4,58" hai2="127,120,80,100,35,79,38,85,117,0,30,49,93" hai3="33,96,105,39,109,56,45,84,124,16,13,57,59"/><T101/><D121/><U40/><E74/><V66/><F127/><N who="1" m="48649" /><E116/><V106/><F66/><W18/><G124/><T21/><D77/><U83/><E123/><V26/><F38/><W98/><G33/><T69/><D69/><U72/><E72/><V75/><F117/><W99/><G109/><T129/><D129/><U73/><E73/><V2/><F49/><W48/><G39/><T104/><D104/><U110/><E36/><V34/><F34/><W118/><G118/><T78/><D78/><N who="1" m="46455" /><E132/><V43/><F43/><W131/><G131/><T37/><D37/><U135/><E110/><V94/><F120/><W102/><G84/><T113/><D113/><U54/><E135/><V68/><F68/><W47/><G18/><T90/><D28/><U44/><AGARI ba="0,0" hai="4,6,40,44,50,54,58,62" m="46455,48649" machi="44" ten="30,1100,0" yaku="18,1" doraHai="32" who="1" fromWho="1" sc="250,-5,250,11,250,-3,250,-3" /><INIT seed="1,0,0,1,3,72" ten="245,261,247,247" oya="1" hai0="73,135,65,108,34,75,60,22,41,120,105,83,68" hai1="134,99,23,118,126,128,129,27,92,77,96,19,59" hai2="29,106,21,78,63,26,100,111,1,58,117,107,125" hai3="79,9,32,46,104,44,50,39,38,33,90,61,3"/><U113/><E113/><V119/><F111/><W84/><G104/><T28/><D22/><U133/><E118/><V66/><F125/><W122/><G122/><T18/><D18/><U91/><E59/><V25/><F1/><W74/><G61/><T103/><D135/><N who="1" m="51723" /><E99/><V52/><F107/><W124/><G124/><T121/><D41/><U40/><E40/><V14/><F14/><W64/><G64/><T7/><D7/><U97/><E97/><V20/><F100/><W114/><G114/><T57/><D57/><U13/><E126/><V127/><F106/><W11/><G50/><T123/><D108/><U56/><E56/><V89/><F89/><W87/><G90/><T30/><D30/><U37/><E37/><V16/><F127/><W49/><G49/><T70/><D70/><U132/><N who="1" m="51731" /><U0/><DORA hai="86" /><E0/><V45/><F78/><W76/><G3/><T130/><D103/><U17/><E77/><V12/><REACH who="2" step="1"/><F12/><REACH who="2" ten="245,261,237,247" step="2"/><W6/><G74/><T109/><D75/><U93/><E93/><V102/><F102/><W8/><G8/><AGARI ba="0,1" hai="8,13,17,19,23,27,91,92,96,128,129" m="51731" machi="8" ten="40,3900,0" yaku="20,1,52,1" doraHai="72,86" who="1" fromWho="3" sc="245,0,261,49,237,0,247,-39" /><INIT seed="1,1,0,3,2,129" ten="245,310,237,208" oya="1" hai0="98,92,126,33,91,5,47,121,42,16,62,54,63" hai1="133,80,86,81,41,89,70,106,101,87,61,135,95" hai2="3,115,73,17,111,44,76,118,71,78,119,45,67" hai3="11,79,134,82,104,99,19,8,114,48,9,43,74"/><U39/><E39/><V20/><F3/><W46/><G114/><T58/><D33/><U36/><E36/><V120/><F111/><W31/><G31/><T30/><D30/><U27/><E41/><V108/><F108/><W13/><REACH who="3" step="1"/><G134/><REACH who="3" ten="245,310,237,198" step="2"/><N who="1" m="51210" /><E27/><V53/><F115/><W65/><G65/><T0/><D121/><U35/><E35/><V75/><F67/><W128/><G128/><T22/><D126/><U117/><E117/><V113/><F120/><W38/><G38/><T69/><D42/><U66/><E87/><V29/><F113/><W26/><G26/><T12/><D54/><U1/><E1/><V100/><F53/><W112/><G112/><T24/><D0/><U116/><E116/><V131/><F119/><W84/><G84/><T23/><D24/><U55/><E55/><V21/><F118/><W10/><G10/><T52/><D52/><U57/><E70/><V60/><F71/><W105/><G105/><T88/><D69/><U94/><E106/><V64/><F131/><W132/><G132/><T49/><D23/><U122/><E122/><V110/><F21/><W50/><G50/><T83/><D22/><U7/><E7/><V90/><F20/><W18/><G18/><T32/><D16/><U130/><E130/><V107/><F17/><W15/><G15/><T97/><D49/><U59/><E59/><V6/><F107/><W4/><G4/><T123/><D58/><U34/><E34/><V2/><F6/><W28/><G28/><T51/><D123/><U72/><E72/><V14/><F73/><W124/><G124/><T77/><D5/><RYUUKYOKU ba="1,1" sc="245,-15,310,15,237,-15,198,15" hai1="57,61,66,80,81,86,89,94,95,101" hai3="8,9,11,13,19,43,46,48,74,79,82,99,104" /><INIT seed="1,2,1,0,0,13" ten="230,325,222,213" oya="1" hai0="86,91,26,87,124,1,112,56,34,54,36,106,6" hai1="119,24,135,25,103,43,14,111,59,131,8,9,105" hai2="113,80,116,133,27,2,101,125,85,109,104,99,94" hai3="55,100,95,46,40,20,57,28,30,134,3,71,82"/><U58/><E119/><V61/><F116/><W128/><G3/><T62/><D112/><U47/><E131/><V44/><F2/><W12/><G71/><T83/><D36/><U79/><E135/><V98/><F133/><W17/><G128/><T32/><D106/><U68/><E68/><V42/><F109/><W65/><G65/><T107/><D107/><U60/><E59/><V63/><F125/><W96/><G134/><T123/><D124/><U88/><E79/><V22/><F113/><W4/><G4/><T41/><D41/><U51/><E9/><V7/><F7/><W108/><G108/><T129/><D123/><U19/><E111/><V81/><F81/><W75/><G75/><T15/><D1/><U29/><E103/><V77/><F99/><W117/><G82/><T118/><D118/><U110/><E105/><V97/><F98/><W121/><G121/><T74/><D74/><U122/><E122/><V53/><F53/><W72/><G72/><T132/><D129/><U52/><E110/><V18/><REACH who="2" step="1"/><F104/><REACH who="2" ten="230,325,212,213" step="2"/><W49/><REACH who="3" step="1"/><G117/><REACH who="3" ten="230,325,212,203" step="2"/><T92/><D132/><U35/><E25/><V16/><F16/><W130/><G130/><T78/><D26/><U126/><E126/><V48/><AGARI ba="2,3" hai="18,22,27,42,44,48,61,63,77,80,85,94,97,101" machi="48" ten="20,12000,2" yaku="1,1,0,1,7,1,8,1,52,1,53,1" doraHai="13" doraHaiUra="93" who="2" fromWho="2" sc="230,-32,325,-62,212,156,203,-32" /><INIT seed="2,0,0,0,5,110" ten="198,263,368,171" oya="2" hai0="56,76,20,41,60,46,130,81,4,79,88,116,122" hai1="127,112,42,44,134,104,115,82,67,120,97,10,77" hai2="53,96,106,45,80,92,24,8,12,135,35,6,55" hai3="40,49,123,87,83,91,90,78,33,99,31,69,28"/><V7/><F106/><W95/><G123/><T0/><D122/><U57/><E120/><V109/><F135/><W32/><G69/><T85/><D130/><U63/><E134/><V98/><F109/><W27/><G40/><T43/><D116/><U84/><E127/><V121/><F98/><W50/><REACH who="3" step="1"/><G78/><REACH who="3" ten="198,263,368,161" step="2"/><T66/><D43/><U128/><E128/><V26/><F121/><W9/><G9/><T59/><D79/><U58/><E10/><V54/><F6/><W71/><G71/><T73/><D4/><U117/><E117/><V131/><F131/><W70/><G70/><T61/><D0/><U2/><E2/><V107/><F8/><W75/><G75/><T22/><D76/><U15/><E77/><V18/><F7/><W74/><G74/><T114/><D73/><U37/><E42/><V93/><F53/><W36/><G36/><T48/><D114/><U126/><E37/><V65/><F54/><AGARI ba="0,1" hai="20,22,41,46,48,54,56,59,60,61,66,81,85,88" machi="54" ten="30,3900,0" yaku="7,1,8,1,54,1" doraHai="110" who="0" fromWho="2" sc="198,49,263,0,368,-39,161,0" /><INIT seed="3,0,0,5,2,30" ten="247,263,329,161" oya="3" hai0="56,94,129,99,72,32,67,81,117,119,92,132,71" hai1="55,65,75,13,41,8,42,74,134,96,38,91,93" hai2="57,84,3,14,85,105,22,135,128,124,66,51,98" hai3="63,46,43,78,104,106,24,87,88,39,113,83,64"/><W2/><G113/><T133/><D71/><U45/><E134/><N who="0" m="51817" /><D67/><U26/><E65/><V27/><F3/><W59/><G2/><T17/><D56/><U49/><E26/><V127/><F128/><W111/><G111/><T95/><D17/><U97/><E96/><V5/><F98/><W73/><REACH who="3" step="1"/><G24/><REACH who="3" ten="247,263,329,151" step="2"/><T35/><D129/><U37/><E38/><V122/><F27/><W101/><G101/><T18/><D99/><U62/><E37/><V89/><F135/><W15/><G15/><T31/><D31/><U50/><E13/><V9/><F14/><W130/><G130/><T19/><D119/><U103/><E103/><V86/><F127/><W52/><G52/><T118/><D117/><U60/><E55/><V80/><F124/><W1/><G1/><T116/><D118/><U29/><E29/><V21/><F66/><W90/><G90/><T82/><D116/><U68/><E97/><V54/><F89/><W69/><G69/><T48/><D18/><U47/><E68/><V40/><F54/><W107/><G107/><T34/><D19/><U125/><E125/><V10/><F105/><W53/><G53/><T123/><D123/><U79/><E91/><V121/><F122/><W7/><G7/><T76/><D48/><U28/><E28/><V110/><F51/><W61/><G61/><T131/><D131/><U70/><E70/><V44/><F5/><W25/><G25/><T16/><D16/><U77/><E8/><N who="2" m="3179" /><F121/><W58/><G58/><T126/><D126/><U114/><E114/><V112/><F112/><W6/><G6/><T36/><D36/><RYUUKYOKU ba="0,1" sc="247,10,263,10,329,-30,151,10" hai0="32,34,35,72,76,81,82,92,94,95" hai1="41,42,45,47,49,50,60,62,74,75,77,79,93" hai3="39,43,46,59,63,64,73,78,83,87,88,104,106" /><INIT seed="3,1,1,3,4,66" ten="257,273,299,161" oya="3" hai0="77,134,57,56,105,20,81,97,41,25,5,131,132" hai1="74,135,2,111,16,46,23,54,69,123,3,119,76" hai2="0,38,58,112,99,75,14,90,19,118,68,107,10" hai3="73,133,124,37,125,83,52,64,35,116,8,62,49"/><W101/><G116/><T67/><D5/><U45/><E123/><V129/><F38/><W70/><G35/><T29/><D41/><U103/><E103/><V22/><F75/><W100/><G133/><N who="0" m="51307" /><D67/><U78/><E135/><V115/><F68/><W28/><G28/><T34/><D131/><U121/><E121/><V104/><F129/><W53/><G37/><T21/><D97/><U126/><E111/><V95/><F118/><W98/><G8/><T85/><D105/><U44/><E119/><V15/><F0/><W94/><G100/><T40/><D40/><U87/><E74/><V117/><F117/><W47/><REACH who="3" step="1"/><G53/><REACH who="3" ten="257,273,299,151" step="2"/><T12/><D34/><U26/><E54/><V63/><F112/><W13/><G13/><T80/><D12/><U32/><E32/><V86/><F115/><W11/><G11/><T42/><D29/><U114/><E114/><V7/><F14/><W72/><G72/><T84/><D25/><U106/><E26/><V33/><F33/><W71/><G71/><T4/><D20/><U24/><E69/><V17/><F22/><W130/><G130/><T60/><D21/><U88/><E3/><V92/><F17/><W127/><G127/><T36/><D36/><U102/><E126/><V43/><F19/><W79/><AGARI ba="1,2" hai="47,49,52,62,64,70,73,79,83,94,98,101,124,125" machi="79" ten="30,12000,1" yaku="1,1,0,1,52,1,54,1,53,1" doraHai="66" doraHaiUra="65" who="3" fromWho="3" sc="257,-41,273,-41,299,-41,151,143" /><INIT seed="3,2,0,5,5,122" ten="216,232,258,294" oya="3" hai0="14,120,117,41,62,24,2,116,87,46,84,109,101" hai1="45,129,85,91,16,33,61,53,95,65,55,134,50" hai2="69,9,63,121,126,80,66,76,93,52,115,107,18" hai3="60,47,74,38,39,59,103,54,37,25,133,10,31"/><W56/><G74/><T92/><D2/><U111/><E134/><V15/><F107/><W132/><G103/><T83/><D24/><U125/><E129/><V3/><F121/><W105/><G105/><T27/><D27/><U108/><E125/><V77/><F126/><W42/><G10/><T81/><D62/><U0/><E0/><V20/><F115/><W26/><G26/><T123/><D46/><U98/><E33/><V6/><F93/><W119/><G119/><T35/><D41/><U104/><E104/><V1/><F1/><W73/><G73/><T48/><D48/><U13/><E55/><V21/><F21/><W78/><G78/><T72/><D14/><U19/><E98/><V11/><F11/><W90/><G90/><T40/><D40/><U114/><E114/><V99/><F99/><W28/><G59/><T36/><D36/><U130/><E130/><V70/><F70/><W100/><G100/><T106/><D106/><U4/><E4/><V58/><REACH who="2" step="1"/><F80/><REACH who="2" ten="216,232,248,294" step="2"/><W32/><REACH who="3" step="1"/><G31/><REACH who="3" ten="216,232,248,284" step="2"/><T67/><D123/><U102/><E102/><V112/><F112/><W89/><G89/><T44/><D120/><U113/><E113/><V29/><F29/><W12/><G12/><T96/><D101/><U17/><REACH who="1" step="1"/><E13/><REACH who="1" ten="216,222,248,284" step="2"/><V34/><F34/><W8/><G8/><T124/><D35/><U22/><E22/><V57/><F57/><AGARI ba="2,3" hai="16,17,19,45,50,53,57,61,65,85,91,95,108,111" machi="57" ten="40,8000,1" yaku="1,1,52,2,54,1,53,0" doraHai="122" doraHaiUra="23" who="1" fromWho="2" sc="216,0,222,116,248,-86,284,0" /><INIT seed="4,0,0,4,4,88" ten="216,338,162,284" oya="0" hai0="23,40,10,94,131,68,8,60,119,96,15,75,20" hai1="130,79,31,6,11,50,17,21,86,24,33,1,5" hai2="73,97,4,45,81,65,51,72,36,76,110,26,54" hai3="118,108,89,7,58,113,62,47,0,127,13,63,49"/><T114/><D75/><U28/><E130/><V34/><F110/><W126/><G108/><T59/><D119/><U100/><E100/><V123/><F123/><W43/><G0/><T85/><D68/><U103/><E103/><V37/><F65/><W135/><G118/><T122/><D122/><U22/><E50/><V112/><F112/><W87/><G113/><T35/><D35/><U132/><E79/><V55/><F73/><W121/><G121/><T25/><D85/><U92/><E132/><V77/><F77/><W30/><G30/><N who="0" m="17727" /><D40/><U2/><E92/><V74/><F74/><W78/><G135/><T105/><D105/><U27/><E86/><V124/><F124/><N who="3" m="47659" /><G58/><T120/><D131/><U83/><E83/><V14/><F97/><W107/><G107/><T12/><D114/><U44/><E44/><V125/><F125/><W117/><G117/><T46/><D46/><U134/><E134/><V70/><F70/><W38/><G38/><T84/><D84/><U67/><E67/><V71/><F71/><W56/><G56/><T9/><D20/><N who="1" m="13327" /><E28/><N who="2" m="19735" /><F36/><W99/><G99/><T69/><D69/><U115/><E115/><V41/><F37/><W102/><G102/><N who="0" m="60695" /><D120/><U3/><E3/><V91/><F91/><W39/><G39/><T128/><D128/><U104/><E104/><V82/><F82/><N who="3" m="47575" /><G89/><T109/><D109/><U129/><E129/><V101/><F101/><W57/><G57/><T111/><D111/><U93/><E93/><V52/><F41/><W133/><G133/><T106/><D106/><U116/><E116/><V61/><F61/><W29/><G29/><RYUUKYOKU ba="0,0" sc="216,0,338,0,162,0,284,0" hai0="8,9,10,12,15,59,60" hai1="1,2,5,6,11,21,22,27,31,33" hai2="4,14,45,51,52,54,55,72,76,81" hai3="7,13,43,47,49,62,63" /><INIT seed="4,1,0,0,5,2" ten="216,338,162,284" oya="0" hai0="42,131,103,3,5,73,54,105,28,124,116,23,14" hai1="110,32,0,118,60,59,87,7,75,134,122,38,25" hai2="70,88,10,92,68,39,126,78,112,128,108,89,77" hai3="76,99,63,20,97,101,93,71,17,125,120,6,30"/><T127/><D73/><U100/><E75/><V95/><F10/><W121/><G125/><N who="0" m="48203" /><D42/><U29/><E38/><V24/><F39/><W80/><G30/><T55/><D3/><U9/><E110/><V13/><F126/><W102/><G6/><T107/><D116/><U132/><E122/><N who="3" m="47210" /><G63/><T84/><D84/><U90/><E100/><N who="3" m="38506" /><G71/><N who="2" m="27177" /><F13/><N who="3" m="9263" /><G93/><N who="2" m="35913" /><F108/><W43/><G43/><T85/><D103/><U119/><E87/><AGARI ba="1,0" hai="76,80,87,97,99" m="9263,38506,47210" machi="87" ten="30,1000,0" yaku="13,1" doraHai="2" who="3" fromWho="1" sc="216,0,338,-13,162,0,284,13" /><INIT seed="5,0,0,4,1,65" ten="216,325,162,297" oya="1" hai0="95,14,105,124,44,100,73,79,132,104,109,52,28" hai1="86,99,61,0,32,97,33,74,120,46,128,39,53" hai2="64,3,85,45,67,135,27,1,63,71,42,131,36" hai3="75,102,96,122,110,123,5,69,130,77,29,127,37"/><U119/><E74/><V40/><F131/><W50/><G110/><T26/><D109/><U103/><E0/><V116/><F116/><W24/><G37/><T34/><D132/><U19/><E119/><V107/><F107/><W47/><G69/><T94/><D124/><U9/><E120/><V57/><F135/><W113/><G127/><T88/><D94/><U125/><E128/><V134/><F134/><W118/><G130/><T35/><D35/><U16/><E125/><V51/><F85/><W12/><G118/><T108/><D100/><U91/><E39/><V11/><F27/><W80/><G113/><T115/><D115/><U133/><E133/><V78/><F78/><W2/><G2/><T90/><D90/><U60/><E46/><N who="2" m="23815" /><F11/><W87/><G75/><T49/><D108/><U7/><E53/><N who="2" m="31935" /><F1/><W43/><G12/><T92/><D92/><N who="1" m="58791" /><E99/><V18/><F18/><N who="1" m="6697" /><E33/><V59/><F3/><W114/><G114/><T126/><D126/><U89/><E89/><V84/><F84/><W17/><G17/><T10/><D79/><U121/><E32/><V23/><F23/><W4/><G122/><T81/><D81/><N who="1" m="49615" /><E121/><V68/><F64/><W31/><G123/><T70/><D73/><U76/><E76/><V62/><F63/><W106/><REACH who="3" step="1"/><G31/><REACH who="3" ten="216,325,162,287" step="2"/><T83/><D14/><U22/><E9/><V129/><F129/><W38/><G38/><AGARI ba="0,1" hai="38,42,45,59,62,67,68,71" m="31935,23815" machi="38" ten="30,12000,2" yaku="35,5,52,2" doraHai="65" who="2" fromWho="3" sc="216,0,325,0,162,130,287,-120" /><INIT seed="6,0,0,2,0,82" ten="216,325,292,167" oya="2" hai0="55,44,32,75,23,38,99,130,128,9,125,92,129" hai1="45,67,57,96,53,76,26,81,95,134,103,18,78" hai2="106,39,61,122,79,102,11,108,0,135,37,46,22" hai3="88,54,59,112,123,10,89,77,117,87,131,17,28"/><V27/><F122/><W74/><G117/><T31/><D75/><U85/><E134/><V115/><F115/><W13/><G123/><T86/><D32/><U124/><E124/><V2/><F135/><W34/><G131/><T35/><D35/><U52/><E45/><V7/><F106/><W101/><G112/><T56/><D9/><U119/><E119/><V68/><F102/><W116/><G116/><T24/><D125/><U58/><E78/><V83/><F0/><W65/><G65/><T73/><D73/><U91/><E67/><V43/><F108/><W42/><G42/><T14/><D14/><U98/><E58/><V48/><F61/><W50/><G101/><T80/><D44/><U30/><E18/><V72/><REACH who="2" step="1"/><F68/><REACH who="2" ten="216,325,282,167" step="2"/><W93/><G89/><T21/><D130/><U60/><E103/><V19/><AGARI ba="0,1" hai="2,7,11,19,22,27,37,39,43,46,48,72,79,83" machi="19" ten="20,7800,0" yaku="1,1,2,1,0,1,7,1,53,0" doraHai="82" doraHaiUra="49" who="2" fromWho="2" sc="216,-26,325,-26,282,88,167,-26" /><INIT seed="6,1,0,1,4,7" ten="190,299,370,141" oya="2" hai0="20,86,29,57,9,103,127,133,72,60,36,87,18" hai1="30,68,53,74,98,33,76,45,47,63,12,42,35" hai2="78,25,94,10,91,59,58,99,84,73,105,90,3" hai3="15,23,55,106,119,125,32,21,109,26,27,52,85"/><V6/><F73/><W40/><G119/><T110/><D72/><U104/><E76/><V108/><F108/><W46/><G109/><T130/><D36/><U4/><E74/><V17/><F78/><W61/><G106/><T14/><D127/><U65/><E53/><V83/><F105/><W66/><G125/><T115/><D110/><U75/><E75/><V82/><F82/><W101/><G101/><T49/><D115/><U79/><E79/><V44/><F44/><W134/><G134/><T122/><D122/><U1/><E12/><V97/><F97/><W118/><G85/><T54/><D130/><U121/><E121/><V48/><F48/><W51/><G118/><T129/><D129/><U24/><E42/><V19/><F25/><W22/><G15/><T28/><D103/><N who="1" m="62583" /><E35/><V11/><F11/><AGARI ba="1,0" hai="1,4,11,24,30,33,45,47,63,65,68" m="62583" machi="11" ten="30,2000,0" yaku="25,1,52,1" doraHai="7" who="1" fromWho="2" sc="190,0,299,23,370,-23,141,0" /><INIT seed="7,0,0,1,0,89" ten="190,322,347,141" oya="3" hai0="22,41,122,133,120,63,123,85,58,2,130,107,21" hai1="88,90,51,19,76,10,97,96,129,43,34,45,4" hai2="25,128,24,9,112,23,37,48,35,80,44,67,6" hai3="28,54,87,94,105,66,126,115,116,17,61,15,134"/><W38/><G116/><T71/><D2/><U36/><E34/><V110/><F110/><W127/><G105/><T29/><D107/><U83/><E129/><V52/><F35/><W14/><G38/><T53/><D130/><U100/><E19/><V69/><F112/><W47/><G115/><T49/><D133/><U57/><E57/><N who="2" m="32903" /><F80/><W86/><G134/><T20/><D71/><U109/><E109/><V74/><F74/><W124/><G28/><T117/><D117/><U12/><E36/><V16/><F16/><W65/><G15/><T73/><D73/><U26/><E26/><V79/><F79/><W131/><G131/><T118/><D118/><U135/><E135/><V82/><F82/><W64/><G94/><T111/><D111/><U104/><E97/><V42/><F23/><N who="3" m="11703" /><G47/><T11/><D29/><U50/><E51/><V8/><F8/><W75/><G75/><T78/><D11/><U55/><E55/><V81/><F81/><W27/><G27/><T18/><D18/><U92/><E104/><V60/><F128/><W1/><G1/><AGARI ba="0,0" hai="1,6,9,24,25,37,42,44,60,67,69" m="32903" machi="1" ten="30,2000,0" yaku="24,1,54,1" doraHai="89" who="2" fromWho="3" sc="190,0,322,0,347,20,141,-20" owari="190,-21.0,322,12.0,367,47.0,121,-38.0" /></mjloggm>