<mjloggm ver="2.3"><GO type="169" lobby="0"/><UN n0="%52%35" n1="%E3%82%BB%E3%83%9F%E3%83%A9%E3%83%9F%E3%82%B9" n2="%E6%A5%93%E7%9C%9F" n3="%E3%83%94%E3%82%AC%E3%82%B7" dan="17,16,16,16" rate="2186.27,2076.41,2086.06,2136.91" sx="M,M,M,M"/><TAIKYOKU oya="0"/><INIT seed="0,0,0,1,5,103" ten="250,250,250,250" oya="0" hai0="1,119,24,132,114,62,97,96,33,104,71,41,129" hai1="16,89,72,31,3,93,45,25,135,46,23,56,32" hai2="18,27,101,122,43,35,90,30,20,80,92,73,59" hai3="39,91,57,86,61,52,102,126,48,19,28,21,127"/><T134/><D114/><U83/><E135/><V26/><F122/><W34/><G39/><T128/><D119/><U2/><E83/><V121/><F121/><W116/><G116/><T75/><D75/><U94/><E94/><V6/><F43/><W15/><G102/><N who="0" m="62535" /><D1/><U70/><E70/><V67/><F6/><W38/><G38/><T107/><D41/><U115/><E115/><V10/><F10/><W79/><G79/><T0/><D0/><U11/><E72/><V120/><F120/><W66/><G28/><N who="0" m="19591" /><D97/><U98/><E56/><V44/><F44/><W77/><G34/><T131/><D107/><U13/><REACH who="1" step="1"/><E2/><REACH who="1" ten="250,240,250,250" step="2"/><V47/><F73/><W7/><G77/><T49/><D49/><U40/><E40/><V105/><F80/><W53/><G7/><AGARI ba="0,1" hai="3,7,11,13,16,23,25,31,32,45,46,89,93,98" machi="7" ten="40,8000,1" yaku="1,1,24,2,54,1,53,0" doraHai="103" doraHaiUra="130" who="1" fromWho="3" sc="250,0,240,90,250,0,250,-80" /><INIT seed="1,0,0,3,0,103" ten="250,330,250,170" oya="1" hai0="50,89,124,114,118,12,56,72,68,61,87,73,2" hai1="20,67,74,71,4,75,112,115,121,135,16,116,51" hai2="85,47,45,29,9,98,128,82,108,99,95,111,54" hai3="38,6,110,83,133,126,23,102,63,94,105,31,123"/><U104/><E116/><V3/><F128/><W78/><G38/><T1/><D114/><U49/><E121/><V46/><F29/><W17/><G123/><T132/><D118/><U122/><E122/><V60/><F3/><W96/><G110/><N who="2" m="42025" /><F9/><W62/><G126/><T84/><D124/><U77/><E4/><V36/><F36/><W120/><G120/><T117/><D68/><U93/><E77/><N who="2" m="46287" /><F95/><W53/><G133/><T125/><D132/><U44/><E93/><V18/><F18/><W58/><G6/><T100/><D2/><U25/><E135/><V26/><F26/><W109/><G31/><T92/><D1/><U90/><E74/><V13/><F13/><W11/><G11/><T86/><D73/><U14/><E75/><V91/><F91/><W42/><G109/><T5/><D72/><U24/><E90/><V35/><F35/><W19/><G42/><T76/><D76/><U32/><E14/><V81/><F81/><W52/><G94/><T88/><D125/><U119/><E25/><V130/><F130/><W80/><G78/><T37/><D37/><U0/><E0/><V55/><F55/><W7/><G7/><T43/><D117/><U21/><E24/><V34/><F34/><W65/><G19/><T48/><D43/><U113/><E16/><V66/><F54/><W8/><G8/><N who="0" m="4111" /><D100/><U40/><E32/><V79/><F79/><W41/><G41/><T15/><D15/><U131/><E115/><V10/><F10/><W127/><G127/><T69/><D92/><U70/><E113/><V39/><F39/><W129/><G129/><RYUUKYOKU ba="0,0" sc="250,-10,330,-10,250,30,170,-10" hai2="45,46,47,60,66,98,99" /><INIT seed="2,1,0,1,3,3" ten="240,320,280,160" oya="2" hai0="100,116,114,41,47,45,28,103,132,135,40,27,14" hai1="0,44,49,92,105,19,93,64,91,129,118,15,10" hai2="109,84,52,33,37,4,106,133,24,86,108,48,21" hai3="82,85,8,111,134,18,59,13,60,36,104,11,117"/><V17/><F37/><W127/><G36/><T29/><D14/><U51/><E105/><V65/><F106/><W38/><G38/><T113/><REACH who="0" step="1"/><D27/><REACH who="0" ten="230,320,280,160" step="2"/><U71/><E0/><V125/><F125/><W1/><G127/><T46/><D46/><U83/><E44/><V131/><F131/><W35/><G134/><T22/><D22/><U128/><E129/><V115/><F133/><W42/><G35/><T57/><D57/><U43/><E128/><V80/><F33/><W67/><G111/><T26/><D26/><U12/><E12/><V122/><F108/><W69/><G117/><AGARI ba="1,1" hai="28,29,40,41,45,47,100,103,113,114,116,117,132,135" machi="117" ten="25,3200,0" yaku="1,1,22,2,53,0" doraHai="3" doraHaiUra="95" who="0" fromWho="3" sc="230,45,320,0,280,0,160,-35" /><INIT seed="3,0,0,4,5,96" ten="275,320,280,125" oya="3" hai0="38,121,76,50,11,132,65,70,56,21,39,98,87" hai1="103,130,71,120,18,64,108,40,17,41,85,131,91" hai2="99,63,115,128,44,133,81,49,73,122,42,80,28" hai3="75,123,62,88,102,126,48,6,53,23,112,12,119"/><W92/><G112/><T118/><D118/><U1/><E120/><V52/><F115/><W107/><G123/><T78/><D70/><U45/><E1/><V61/><F122/><W110/><G119/><T83/><D132/><U86/><E108/><V35/><F133/><W100/><G126/><T124/><D124/><U32/><E32/><V117/><F117/><W127/><G127/><T7/><D121/><U82/><E86/><V106/><F128/><N who="1" m="49193" /><E41/><V67/><F42/><W5/><G75/><T104/><D78/><U90/><E90/><V4/><F4/><N who="3" m="1643" /><G107/><T135/><D21/><U134/><E134/><V68/><F63/><W54/><G62/><T15/><D135/><U93/><E64/><V97/><F73/><W77/><G77/><T9/><D9/><U2/><E2/><V19/><F97/><N who="3" m="57479" /><G110/><T20/><D76/><U95/><E71/><V47/><F80/><W29/><G12/><T25/><D83/><U37/><E82/><V3/><F81/><W24/><G53/><T105/><D65/><U69/><E69/><V31/><F3/><W55/><G55/><T114/><D114/><U34/><E34/><V116/><F116/><W22/><G23/><T46/><D39/><U59/><E59/><AGARI ba="0,0" hai="22,24,29,48,54,59,100,102" m="57479,1643" machi="59" ten="30,11600,0" yaku="8,1,52,2,54,1" doraHai="96" who="3" fromWho="1" sc="275,0,320,-116,280,0,125,116" /><INIT seed="3,1,0,3,3,26" ten="275,204,280,241" oya="3" hai0="66,113,53,71,50,52,128,125,117,83,109,14,126" hai1="72,79,75,69,99,22,100,47,94,57,60,9,17" hai2="28,87,93,55,36,11,38,6,91,2,41,32,81" hai3="1,105,73,133,127,16,40,12,61,5,67,102,90"/><W124/><G73/><T134/><D83/><U0/><E69/><V30/><F32/><W23/><G133/><T131/><D109/><U95/><E95/><V33/><F33/><W70/><G40/><T8/><D117/><U135/><E135/><V107/><F107/><W104/><G90/><T103/><D134/><U68/><E68/><V123/><F123/><W35/><G105/><T48/><D103/><U27/><E47/><V13/><F55/><N who="0" m="21066" /><D113/><U88/><E79/><V65/><F65/><W44/><G44/><T7/><D66/><U122/><E122/><V119/><F119/><W121/><G121/><T114/><D71/><U112/><E112/><V108/><F108/><W97/><REACH who="3" step="1"/><G35/><REACH who="3" ten="275,204,280,231" step="2"/><T86/><D114/><U20/><E100/><V58/><F41/><W24/><G24/><T84/><D50/><U98/><E75/><V37/><F37/><W56/><G56/><T106/><D48/><U118/><E72/><V116/><F116/><W31/><G31/><T39/><D39/><U34/><E118/><V63/><F36/><W132/><G132/><T111/><D106/><U49/><E34/><V130/><F38/><W45/><G45/><T46/><D46/><U64/><E27/><V54/><F58/><W42/><G42/><T18/><D111/><U62/><E57/><V43/><F43/><W76/><G76/><T21/><D86/><U129/><E88/><V96/><F91/><W77/><G77/><T80/><D84/><U15/><E99/><V51/><F96/><W78/><G78/><T82/><D82/><U59/><E98/><V10/><F81/><RYUUKYOKU ba="1,1" sc="275,-10,204,-10,280,-10,231,30" hai3="1,5,12,16,23,61,67,70,97,102,104,124,127" /><INIT seed="3,2,1,5,2,16" ten="265,194,270,261" oya="3" hai0="24,55,124,122,28,19,132,90,110,23,105,48,3" hai1="108,130,35,101,46,99,4,103,112,31,12,95,25" hai2="93,41,59,39,14,8,67,26,49,131,17,70,73" hai3="51,78,135,120,30,74,102,109,133,118,33,126,2"/><W69/><RYUUKYOKU type="yao9" ba="2,1" sc="265,0,194,0,270,0,261,0" hai3="2,30,33,51,69,74,78,102,109,118,120,126,133,135" /><INIT seed="3,3,1,1,0,85" ten="265,194,270,261" oya="3" hai0="21,20,56,73,58,54,26,113,117,59,48,50,17" hai1="1,116,78,83,3,34,33,122,66,65,10,127,41" hai2="129,128,37,62,51,19,18,101,87,86,88,29,5" hai3="61,99,7,90,30,77,123,98,81,25,120,110,14"/><W132/><G132/><T0/><D117/><U2/><E122/><V133/><F37/><W94/><G110/><T111/><D111/><U79/><E127/><V84/><F133/><W97/><G120/><T100/><D73/><U47/><E116/><V76/><F101/><W52/><G123/><T131/><D131/><N who="2" m="50250" /><F76/><W57/><G14/><T106/><D0/><U103/><E103/><V35/><F5/><W36/><G36/><T43/><D113/><U45/><E10/><V82/><F51/><W53/><G53/><T40/><D100/><U80/><REACH who="1" step="1"/><E1/><REACH who="1" ten="265,184,270,261" step="2"/><V55/><F82/><W125/><G125/><T60/><D106/><U4/><E4/><V44/><F35/><W93/><G7/><T91/><D20/><U89/><E89/><V38/><F88/><W135/><G135/><T12/><D91/><U31/><E31/><V6/><F29/><W64/><G94/><T114/><D114/><U102/><E102/><V67/><F6/><W124/><G124/><T46/><REACH who="0" step="1"/><D12/><REACH who="0" ten="255,184,270,261" step="2"/><U68/><E68/><V42/><F18/><W130/><G130/><T71/><D71/><U9/><E9/><V23/><F19/><W11/><G11/><T107/><D107/><U27/><E27/><V134/><F134/><W121/><G121/><T32/><D32/><U8/><E8/><V70/><F23/><N who="3" m="15679" /><G81/><T104/><D104/><U96/><E96/><N who="3" m="36970" /><G77/><T16/><D16/><U72/><E72/><V126/><F126/><W112/><G112/><T95/><D95/><U13/><E13/><V119/><F119/><W15/><G15/><T63/><D63/><U109/><E109/><RYUUKYOKU ba="3,3" sc="255,0,184,0,270,0,261,0" hai0="17,21,26,40,43,46,48,50,54,56,58,59,60" hai1="2,3,33,34,41,45,47,65,66,78,79,80,83" hai2="38,42,44,55,62,67,70,84,86,87" hai3="52,57,61,64,90,93,99" /><INIT seed="3,4,3,0,5,48" ten="255,184,270,261" oya="3" hai0="19,79,25,86,45,128,95,94,68,81,92,50,107" hai1="77,119,39,21,59,120,2,129,104,35,38,27,76" hai2="22,29,65,31,101,132,110,126,135,108,0,14,121" hai3="42,90,75,12,130,82,47,57,40,64,5,30,3"/><W46/><G3/><T67/><D128/><U54/><E120/><V93/><F65/><W43/><G130/><T118/><D118/><U6/><E129/><V36/><F36/><W28/><G75/><T23/><D107/><U69/><E104/><V37/><F37/><W24/><G82/><T73/><D68/><U44/><E69/><V60/><F60/><N who="3" m="37903" /><G90/><T15/><D67/><U99/><E35/><V116/><F116/><W97/><G97/><T56/><D56/><U62/><E38/><V88/><F101/><W70/><G70/><T105/><D105/><U61/><E61/><V109/><F0/><W106/><G106/><T122/><D122/><U7/><E119/><V117/><F117/><W111/><G111/><T33/><D33/><U74/><E74/><V41/><F126/><W102/><G102/><T87/><REACH who="0" step="1"/><D25/><REACH who="0" ten="245,184,270,261" step="2"/><U52/><E2/><V80/><F121/><W72/><G24/><T63/><D63/><U51/><E39/><V113/><F109/><W55/><G47/><T133/><D133/><U34/><E34/><V127/><F108/><W10/><G72/><T8/><D8/><U125/><E125/><V58/><F110/><W16/><G5/><N who="1" m="1546" /><E99/><V18/><F127/><W53/><G46/><T131/><D131/><U11/><E11/><V91/><F135/><W134/><G134/><T17/><D17/><AGARI ba="4,4" hai="17,21,27,44,51,52,54,59,62,76,77" m="1546" machi="17" ten="30,7700,0" yaku="8,1,52,2,54,1" doraHai="48" who="1" fromWho="0" sc="245,-89,184,129,270,0,261,0" /><INIT seed="4,0,0,0,4,73" ten="156,313,270,261" oya="0" hai0="83,31,116,64,1,46,104,75,84,14,33,61,34" hai1="129,112,94,25,91,50,135,113,58,109,90,134,86" hai2="2,70,16,105,130,18,96,74,72,41,68,100,17" hai3="9,114,126,53,111,35,79,89,95,52,45,13,40"/><T102/><D116/><U123/><E25/><V131/><F2/><W67/><G111/><T20/><D1/><U93/><E123/><V108/><F41/><W7/><G35/><T124/><D75/><N who="2" m="28714" /><F108/><W98/><G126/><T6/><D124/><U22/><E22/><V56/><F56/><W30/><G30/><T47/><D34/><U133/><E129/><AGARI ba="0,0" hai="16,17,18,68,70,96,100,105,129,130,131" m="28714" machi="129" ten="40,2600,0" yaku="19,1,54,1" doraHai="73" who="2" fromWho="1" sc="156,0,313,-26,270,26,261,0" /><INIT seed="5,0,0,1,2,1" ten="156,287,296,261" oya="1" hai0="10,18,125,31,89,35,4,118,114,103,75,132,2" hai1="26,70,43,34,88,66,21,39,51,102,27,63,111" hai2="28,47,48,59,99,44,60,106,123,8,57,135,32" hai3="96,133,20,64,90,45,54,72,134,50,116,73,55"/><U98/><E111/><V122/><F135/><N who="3" m="51723" /><G116/><T61/><D132/><U119/><E119/><V84/><F32/><W112/><G112/><T83/><D118/><U86/><E27/><V19/><F28/><W82/><G64/><T97/><D114/><U115/><E115/><V121/><F84/><N who="3" m="50455" /><G96/><T62/><D125/><U40/><E51/><V81/><F81/><W93/><G93/><T16/><D62/><U91/><E91/><V22/><F60/><W127/><G127/><T56/><D31/><U100/><E100/><V87/><F87/><W108/><G108/><T94/><D35/><U71/><E71/><V131/><F131/><W46/><G20/><T124/><D124/><U37/><E37/><V65/><F65/><W49/><AGARI ba="0,0" hai="45,46,49,50,54,55,72,73" m="50455,51723" machi="49" ten="30,1100,0" yaku="20,1" doraHai="1" who="3" fromWho="3" sc="156,-3,287,-5,296,-3,261,11" /><INIT seed="6,0,0,1,5,74" ten="153,282,293,272" oya="2" hai0="29,92,26,65,49,41,115,31,18,12,1,28,122" hai1="62,107,4,73,48,88,91,43,128,47,54,0,30" hai2="98,68,9,2,85,57,35,125,7,53,39,108,109" hai3="5,120,95,131,63,6,20,60,134,58,133,124,56"/><V105/><F68/><W44/><G120/><T24/><D122/><U97/><E128/><V38/><F35/><W90/><G124/><T69/><D1/><U117/><E30/><V106/><F125/><W76/><G131/><T66/><D115/><U13/><E0/><V51/><F85/><W79/><G44/><T96/><D69/><U81/><E107/><N who="2" m="40971" /><F98/><W37/><G20/><T46/><D66/><U89/><E97/><V27/><F27/><W83/><G83/><T16/><D65/><U82/><E73/><V67/><F67/><N who="3" m="39303" /><G37/><T11/><REACH who="0" step="1"/><D18/><REACH who="0" ten="143,282,293,272" step="2"/><U99/><E117/><V17/><F17/><W77/><G134/><T113/><D113/><U123/><E123/><V94/><F2/><W14/><G133/><T22/><D22/><U71/><E71/><V114/><F114/><W33/><G33/><T25/><D25/><U121/><E121/><V61/><F7/><W118/><G118/><T127/><D127/><U84/><E4/><V42/><F109/><W78/><N who="3" m="19456" /><DORA hai="40" /><W119/><G119/><T104/><D104/><U75/><E13/><V3/><F108/><W110/><G14/><T36/><D36/><U100/><E75/><V135/><F135/><W50/><G110/><T64/><D64/><U132/><E132/><V34/><F34/><W116/><G116/><T93/><D93/><U111/><E111/><V130/><F94/><W8/><G5/><T87/><D87/><U86/><E84/><V23/><F130/><W70/><G70/><T102/><AGARI ba="0,1" hai="11,12,16,24,26,28,29,31,41,46,49,92,96,102" machi="102" ten="30,8000,1" yaku="1,1,0,1,8,1,52,1,54,1,53,0" doraHai="74,40" doraHaiUra="55,112" who="0" fromWho="0" sc="143,90,282,-20,293,-40,272,-20" /><INIT seed="7,0,0,3,4,15" ten="233,262,253,252" oya="3" hai0="58,116,89,112,26,91,97,59,99,77,96,86,68" hai1="104,128,9,113,18,81,30,32,109,126,51,85,31" hai2="75,39,38,127,24,106,49,44,6,95,114,71,61" hai3="131,101,94,64,10,111,41,46,17,37,134,119,57"/><W122/><G119/><T84/><D116/><U115/><E109/><V54/><F106/><W48/><G111/><T100/><D68/><U34/><E104/><V23/><F114/><N who="1" m="43529" /><E128/><V47/><F75/><W70/><G122/><T74/><D112/><U108/><E108/><V124/><F6/><W123/><G131/><T52/><D100/><U133/><E51/><V129/><F95/><W82/><G82/><T80/><D26/><U102/><E102/><V20/><F20/><W42/><G42/><T66/><D66/><U60/><E60/><V50/><F23/><W11/><G11/><T12/><D12/><N who="1" m="7439" /><E85/><V8/><F24/><W87/><G87/><T79/><D74/><U135/><E81/><V16/><F129/><W118/><G118/><T105/><D105/><U0/><E0/><V55/><F61/><N who="3" m="40207" /><G123/><T43/><D43/><U67/><E67/><V62/><F62/><W76/><G76/><N who="0" m="29259" /><D52/><U7/><E7/><V69/><F8/><W78/><G10/><T90/><D80/><U27/><E126/><V132/><F124/><W117/><G117/><T14/><D14/><U56/><E56/><AGARI ba="0,0" hai="56,58,59,84,86,89,90,91,96,97,99" m="29259" machi="56" ten="40,5200,0" yaku="28,2,8,1" doraHai="15" who="0" fromWho="1" sc="233,52,262,-52,253,0,252,0" /><INIT seed="8,0,0,1,4,79" ten="285,210,253,252" oya="0" hai0="124,59,122,35,72,36,41,91,14,110,94,45,83" hai1="39,128,44,92,112,12,48,103,53,50,19,63,74" hai2="9,117,126,71,127,2,51,106,109,88,86,29,62" hai3="66,131,31,49,73,135,118,114,97,46,113,21,15"/><T95/><D122/><U120/><E74/><V107/><F109/><W69/><G73/><T116/><D35/><U70/><E120/><V27/><F51/><W87/><G131/><T55/><D110/><U18/><E128/><V43/><F43/><W104/><G135/><T16/><D116/><U93/><E39/><V26/><F2/><W130/><G118/><T52/><D124/><N who="2" m="47658" /><F9/><W123/><G123/><T121/><D121/><U105/><E105/><N who="2" m="39947" /><F29/><W84/><G130/><T4/><D4/><U82/><E82/><N who="2" m="49239" /><F117/><W90/><G31/><T42/><D42/><U60/><E70/><V101/><F101/><W24/><G66/><AGARI ba="0,0" hai="26,27,62,66,71" m="49239,39947,47658" machi="66" ten="30,3900,0" yaku="18,1,52,1,54,1" doraHai="79" who="2" fromWho="3" sc="285,0,210,0,253,39,252,-39" /><INIT seed="9,0,0,0,5,111" ten="285,210,292,213" oya="1" hai0="77,57,124,79,51,33,86,34,118,17,53,133,39" hai1="130,32,119,106,43,115,114,109,61,76,78,99,95" hai2="26,24,68,122,91,10,104,46,35,59,11,67,87" hai3="101,129,121,107,40,97,52,21,13,80,31,74,70"/><U47/><E106/><V83/><F68/><W96/><G121/><T9/><D39/><U2/><E2/><V90/><F104/><W116/><G70/><T23/><D118/><U4/><E32/><V131/><F122/><W14/><G116/><T41/><D133/><U50/><E119/><V49/><F90/><W37/><G129/><T82/><D124/><U120/><E120/><V125/><F35/><W5/><G40/><T18/><D41/><U63/><E109/><V62/><F125/><W60/><G37/><T135/><D135/><U88/><E130/><V108/><F108/><W1/><G1/><T100/><D100/><U12/><E76/><V16/><F131/><W7/><G96/><T38/><D38/><U8/><REACH who="1" step="1"/><E78/><REACH who="1" ten="285,200,292,213" step="2"/><V6/><F6/><W55/><G7/><T127/><D127/><U102/><E102/><V22/><F24/><W105/><G5/><T84/><D34/><U0/><E0/><V75/><F75/><W48/><G107/><T54/><D33/><U64/><E64/><V89/><F91/><W71/><G74/><T15/><D79/><U56/><E56/><V117/><F117/><W112/><G105/><T103/><D103/><U132/><E132/><V113/><F113/><AGARI ba="0,1" hai="4,8,12,43,47,50,61,63,88,95,99,113,114,115" machi="113" ten="40,18000,2" yaku="1,1,52,3,54,1,53,1" doraHai="111" doraHaiUra="36" who="1" fromWho="2" sc="285,0,200,190,292,-180,213,0" owari="285,9.0,390,49.0,112,-39.0,213,-19.0" /></mjloggm>