<mjloggm ver="2.3"><GO type="169" lobby="0"/><UN n0="%74%6F%72%69%30%36%31%32" n1="%E7%89%8C%E6%B5%81%E7%8A%B6%E6%85%8B%E9%BA%BB%E9%9B%80" n2="%E8%87%B3%E9%AB%98%E3%81%AE%E3%81%A0%E3%81%A0%E3%81%A1%E3%82%83%E8%B1%86" n3="%74%61%6E%61%4B%61" dan="17,17,16,17" rate="2204.27,2183.64,2084.93,2150.86" sx="M,M,M,M"/><TAIKYOKU oya="0"/><INIT seed="0,0,0,2,5,49" ten="250,250,250,250" oya="0" hai0="23,59,53,63,13,54,79,14,117,72,128,82,11" hai1="30,83,101,32,92,114,129,2,97,41,87,64,105" hai2="118,55,34,75,57,61,35,21,90,37,4,26,115" hai3="110,89,74,134,43,78,47,108,62,99,76,113,31"/><T125/><D117/><U120/><E120/><V77/><F118/><W85/><G113/><T106/><D106/><U20/><E2/><V3/><F115/><W132/><G31/><T81/><D128/><U73/><E129/><V0/><F37/><W44/><G62/><T19/><D125/><U95/><E32/><V24/><F3/><W17/><G17/><T123/><D123/><U1/><E1/><V116/><F116/><W7/><G7/><T40/><D40/><U51/><E73/><V18/><F26/><W56/><G56/><T111/><D111/><N who="3" m="42537" /><G99/><T130/><D130/><U15/><E64/><V127/><F127/><W45/><G43/><T52/><D82/><U48/><E41/><V131/><F131/><W10/><G10/><T98/><D98/><U60/><E60/><V69/><F69/><W8/><G8/><T29/><D29/><U6/><E30/><V94/><F4/><AGARI ba="0,0" hai="4,11,13,14,19,23,52,53,54,59,63,72,79,81" machi="4" ten="30,12000,1" yaku="7,1,52,3,54,1" doraHai="49" who="0" fromWho="2" sc="250,120,250,0,250,-120,250,0" /><INIT seed="0,1,0,0,1,78" ten="370,250,130,250" oya="0" hai0="70,127,128,35,131,13,96,69,120,81,19,44,12" hai1="121,95,73,118,8,105,72,67,34,108,83,112,20" hai2="104,92,30,82,28,103,31,84,123,3,16,48,102" hai3="17,110,40,97,59,129,113,26,98,94,4,25,15"/><T36/><D35/><U91/><E34/><V132/><F123/><W101/><G113/><T87/><D120/><U65/><E105/><V24/><F3/><W23/><G110/><T125/><D96/><U11/><E118/><V88/><F132/><W55/><G40/><T76/><D44/><U53/><E108/><V116/><F104/><W134/><G129/><N who="0" m="49739" /><D36/><U93/><E112/><V117/><F92/><W18/><G4/><T57/><D57/><U79/><E73/><V61/><F61/><W62/><G134/><T7/><D12/><U33/><E33/><V111/><F111/><W9/><REACH who="3" step="1"/><G98/><REACH who="3" ten="370,250,130,240" step="2"/><T58/><D7/><U71/><E121/><V89/><F89/><W66/><G66/><T42/><D42/><U122/><E67/><V63/><F63/><W77/><G77/><T1/><D1/><U49/><E122/><V54/><F116/><W32/><G32/><T21/><D127/><U29/><E65/><V119/><F117/><W6/><G6/><T130/><D125/><U133/><E133/><V43/><F43/><W38/><G38/><T14/><D130/><U41/><E41/><V0/><F0/><W56/><G56/><T22/><D58/><N who="1" m="33071" /><E91/><V64/><F119/><W115/><G115/><T124/><D124/><U107/><E79/><V47/><F64/><W75/><G75/><T100/><D100/><U106/><E72/><V135/><F135/><W114/><G114/><T99/><D99/><U126/><E126/><V37/><F37/><W2/><G2/><T86/><D86/><U74/><E74/><V68/><F68/><W51/><G51/><RYUUKYOKU ba="1,1" sc="370,10,250,-30,130,10,240,10" hai0="13,14,19,21,22,69,70,76,81,87" hai2="16,24,28,30,31,47,48,54,82,84,88,102,103" hai3="9,15,17,18,23,25,26,55,59,62,94,97,101" /><INIT seed="0,2,1,4,3,93" ten="380,220,140,250" oya="0" hai0="14,16,28,0,122,34,98,112,89,57,105,12,65" hai1="24,135,47,113,31,78,19,108,102,32,27,58,44" hai2="133,129,110,100,120,17,33,67,118,29,21,128,90" hai3="130,54,132,68,48,95,5,104,85,97,64,10,25"/><T56/><D0/><U4/><E108/><V77/><F100/><W66/><G130/><N who="2" m="50281" /><F67/><W101/><G132/><T41/><D112/><U124/><E135/><V62/><F77/><W83/><G68/><T3/><D3/><U18/><E124/><V22/><F62/><W1/><G25/><T92/><D34/><U86/><E4/><V134/><F90/><W50/><G104/><T6/><D28/><U127/><E127/><V55/><F55/><W23/><G23/><N who="2" m="8713" /><F120/><W61/><G61/><T72/><D72/><U9/><E102/><V91/><F91/><W38/><G38/><T117/><D105/><U123/><E78/><V69/><F110/><W20/><G20/><N who="0" m="11271" /><D122/><U88/><E123/><V115/><F69/><W99/><G99/><T39/><D39/><U43/><E86/><V131/><F115/><W106/><G48/><T75/><D75/><U103/><E113/><V87/><F87/><W49/><G49/><T11/><D41/><U126/><E43/><V84/><F84/><W45/><G106/><T2/><D65/><U73/><E73/><V63/><F63/><W76/><AGARI ba="2,1" hai="1,5,10,45,50,54,64,66,76,83,85,95,97,101" machi="76" ten="20,2700,0" yaku="0,1,7,1,52,1" doraHai="93" who="3" fromWho="3" sc="380,-15,220,-9,140,-9,250,43" /><INIT seed="1,0,0,3,3,15" ten="365,211,131,293" oya="1" hai0="94,9,124,130,6,122,55,77,48,69,85,39,24" hai1="59,98,7,116,102,70,30,108,128,103,65,23,72" hai2="117,93,131,2,46,90,44,53,74,49,101,121,84" hai3="22,64,81,14,29,4,56,80,66,45,8,132,110"/><U26/><E116/><V133/><F117/><W1/><G110/><T11/><D39/><U82/><E70/><V57/><F121/><W134/><G45/><T41/><D69/><U38/><E38/><V3/><F133/><N who="3" m="51307" /><G29/><T0/><D130/><U21/><E128/><V87/><F131/><W68/><G68/><T127/><D41/><U76/><E7/><V129/><F74/><W47/><G47/><T25/><D11/><U20/><E103/><V120/><F101/><W17/><G56/><N who="0" m="32871" /><D122/><U112/><E112/><V105/><F129/><W95/><G95/><T43/><D43/><U88/><E88/><V35/><F105/><W92/><G92/><T83/><D94/><N who="1" m="58711" /><E108/><V113/><F35/><W13/><G1/><T107/><D107/><U106/><E106/><V18/><F113/><W118/><G118/><T62/><D0/><U16/><E72/><V86/><F2/><W67/><AGARI ba="0,0" hai="4,8,13,14,17,22,64,66,67,80,81" m="51307" machi="67" ten="30,2000,0" yaku="20,1,52,1" doraHai="15" who="3" fromWho="3" sc="365,-5,211,-10,131,-5,293,20" /><INIT seed="2,0,0,3,2,24" ten="360,201,126,313" oya="2" hai0="26,99,104,127,95,29,101,59,25,48,74,66,76" hai1="12,36,46,98,130,77,128,57,129,109,39,55,50" hai2="110,33,119,0,72,125,38,56,17,47,135,92,108" hai3="113,53,97,107,112,115,60,19,32,87,89,116,6"/><V1/><F72/><W88/><G116/><T51/><D127/><U3/><E3/><V7/><F119/><W14/><G6/><T106/><D26/><U13/><E77/><V123/><F123/><W105/><G32/><T80/><D106/><N who="3" m="40457" /><G97/><T68/><D59/><U8/><E109/><N who="2" m="42091" /><F125/><W67/><G53/><T111/><D111/><U54/><E98/><V34/><F56/><N who="3" m="37255" /><G87/><T69/><D69/><U120/><E120/><V132/><F92/><W93/><G93/><T84/><D66/><U41/><E13/><V100/><F100/><W23/><AGARI ba="0,0" hai="14,19,23,88,89,112,113,115" m="37255,40457" machi="23" ten="40,2700,0" yaku="11,1,54,1" doraHai="24" who="3" fromWho="3" sc="360,-7,201,-7,126,-13,313,27" /><INIT seed="3,0,0,3,1,110" ten="353,194,113,340" oya="3" hai0="84,16,30,24,126,55,119,82,98,53,135,51,127" hai1="21,99,8,121,134,80,96,72,58,67,103,17,133" hai2="116,102,13,35,73,128,79,2,29,97,124,107,111" hai3="18,19,40,6,47,50,132,9,57,93,5,3,22"/><W77/><G77/><T54/><D119/><U25/><E121/><V64/><F111/><W23/><G132/><T44/><D135/><N who="1" m="51723" /><E103/><V101/><F128/><W37/><G5/><T60/><D98/><U112/><E112/><V68/><F102/><W100/><G37/><T92/><D92/><U39/><E39/><V90/><F13/><W118/><G118/><T32/><D60/><N who="1" m="38295" /><E8/><V85/><F124/><N who="0" m="47658" /><D16/><U69/><E69/><V26/><F116/><W62/><G18/><T11/><D11/><U78/><AGARI ba="0,0" hai="17,21,25,72,78,80,96,99" m="38295,51723" machi="78" ten="30,1100,0" yaku="20,1" doraHai="110" who="1" fromWho="1" sc="353,-3,194,11,113,-3,340,-5" /><INIT seed="4,0,0,0,1,96" ten="350,205,110,335" oya="0" hai0="31,115,71,33,29,62,131,76,12,6,122,52,11" hai1="89,39,17,86,88,72,20,112,128,83,121,61,64" hai2="59,22,34,30,129,4,54,37,38,85,123,124,50" hai3="68,18,1,77,102,120,125,99,133,28,36,43,14"/><T73/><D122/><U8/><E121/><V93/><F123/><W80/><G68/><T40/><D71/><U32/><E32/><V101/><F129/><W49/><G1/><T75/><D33/><U82/><E39/><V74/><F74/><W113/><G113/><T70/><D70/><U46/><E128/><V66/><F124/><W47/><G120/><T109/><D115/><U56/><E112/><V105/><F4/><W60/><G28/><T81/><D75/><U7/><E46/><V114/><F66/><W41/><G60/><T91/><D109/><U44/><E44/><V25/><F34/><W107/><G133/><T69/><D40/><U42/><E42/><V57/><F57/><W78/><G125/><T90/><D131/><U13/><E72/><V119/><F119/><W48/><G41/><T23/><D31/><U45/><E45/><V126/><F126/><W51/><REACH who="3" step="1"/><G80/><REACH who="3" ten="350,205,110,325" step="2"/><T65/><D52/><U111/><E111/><V135/><F114/><W10/><AGARI ba="0,1" hai="10,14,18,36,43,47,48,49,51,77,78,99,102,107" machi="10" ten="30,8000,1" yaku="1,1,2,1,0,1,52,1,53,1" doraHai="96" doraHaiUra="100" who="3" fromWho="3" sc="350,-40,205,-20,110,-20,325,90" /><INIT seed="5,0,0,4,0,107" ten="310,185,90,415" oya="1" hai0="55,87,11,3,24,99,100,10,57,75,37,59,93" hai1="102,71,9,130,95,21,74,36,128,81,15,60,125" hai2="13,58,35,7,44,42,76,84,64,82,113,135,97" hai3="134,66,67,101,25,110,131,18,103,17,112,123,83"/><U65/><E36/><V51/><F135/><W30/><G110/><T70/><D70/><U27/><E125/><V104/><F113/><W0/><G123/><T14/><D37/><U98/><E81/><V46/><F35/><W127/><G0/><T80/><D75/><U72/><E130/><V92/><F104/><W108/><G108/><T86/><D24/><U45/><E45/><V109/><F46/><W63/><G134/><T129/><D59/><U78/><E78/><V124/><F124/><W106/><G112/><T114/><D129/><U94/><E94/><V119/><F119/><W91/><G127/><T117/><D117/><U5/><REACH who="1" step="1"/><E128/><REACH who="1" ten="310,175,90,415" step="2"/><V12/><F109/><W73/><G83/><T47/><D47/><U28/><AGARI ba="0,1" hai="5,9,15,21,27,28,60,65,71,72,74,95,98,102" machi="28" ten="20,18000,2" yaku="1,1,2,1,0,1,7,1,52,2,53,1" doraHai="107" doraHaiUra="22" who="1" fromWho="1" sc="310,-60,175,190,90,-60,415,-60" /><INIT seed="5,1,0,4,0,107" ten="250,365,30,355" oya="1" hai0="44,94,45,11,111,59,113,128,8,10,20,7,61" hai1="105,38,69,68,48,103,63,40,93,127,81,98,15" hai2="118,82,84,2,64,99,116,97,4,32,51,17,100" hai3="123,115,114,89,117,1,122,91,24,54,106,92,96"/><U79/><E127/><V77/><F32/><W125/><G1/><T75/><D111/><U73/><E38/><V50/><F64/><W22/><G125/><T36/><D36/><U21/><E63/><V56/><F97/><W0/><G0/><T58/><D128/><U126/><E126/><V62/><F4/><W28/><G117/><T119/><D20/><U33/><E33/><V70/><F2/><W83/><G54/><T19/><D7/><U131/><E131/><V3/><F70/><W95/><G106/><T87/><D75/><U121/><E121/><V34/><F3/><W130/><G83/><T134/><D113/><N who="3" m="43017" /><G130/><T12/><D134/><U57/><E105/><V76/><F34/><W27/><G24/><T88/><D119/><U14/><E14/><V78/><F116/><W101/><G101/><T66/><D59/><U41/><E57/><V39/><F39/><W67/><G67/><T46/><AGARI ba="1,0" hai="8,10,11,12,19,44,45,46,58,61,66,87,88,94" machi="46" ten="30,4000,0" yaku="0,1,8,1,54,1" doraHai="107" who="0" fromWho="0" sc="250,43,365,-21,30,-11,355,-11" /><INIT seed="6,0,0,5,0,102" ten="293,344,19,344" oya="2" hai0="118,23,123,35,38,120,100,84,46,17,124,20,103" hai1="42,61,48,82,75,113,107,40,110,1,127,12,37" hai2="28,112,135,13,43,52,5,88,109,7,126,2,58" hai3="77,22,73,111,30,104,36,74,86,0,125,130,50"/><V45/><F112/><W25/><G36/><T56/><D35/><U49/><E1/><V29/><F135/><W44/><G111/><T69/><D69/><U92/><E92/><V59/><F109/><W10/><G125/><T31/><D124/><U83/><E12/><V21/><F126/><W81/><G104/><T70/><D70/><U53/><E61/><V91/><F2/><W62/><G62/><T16/><D31/><U119/><E75/><V114/><F114/><W71/><G71/><T9/><D9/><U34/><E53/><V47/><F21/><W131/><G10/><T57/><D46/><U78/><E78/><V72/><F72/><W4/><G4/><T39/><REACH who="0" step="1"/><D84/><REACH who="0" ten="283,344,19,344" step="2"/><U60/><E34/><V93/><F13/><W68/><G68/><T134/><D134/><U80/><E127/><V122/><F122/><W55/><REACH who="3" step="1"/><G0/><REACH who="3" ten="283,344,19,334" step="2"/><T54/><D54/><U67/><E110/><V66/><F52/><W65/><G65/><T6/><D6/><U3/><E67/><V105/><F66/><W129/><AGARI ba="0,2" hai="22,25,30,44,50,55,73,74,77,81,86,129,130,131" machi="129" ten="30,7900,0" yaku="1,1,0,1,19,1,53,1" doraHai="102" doraHaiUra="76" who="3" fromWho="3" sc="283,-20,344,-20,19,-39,334,99" owari="263,-14.0,324,12.0,-20,-52.0,433,54.0" /></mjloggm>