<mjloggm ver="2.3"><GO type="169" lobby="0"/><UN n0="%E6%AF%94%E5%98%89%E6%84%9B%E6%9C%AA" n1="%E3%83%90%E3%82%AD" n2="%E3%83%AF%E3%82%BF%E3%82%B7%E3%81%8C%E9%A3%9B%E3%82%93%E3%81%A0%E6%97%A5" n3="%63%6C%75%74%63%68%37%33" dan="16,17,16,17" rate="2159.75,2183.96,2094.11,2200.44" sx="F,M,M,M"/><TAIKYOKU oya="0"/><INIT seed="0,0,0,1,5,23" ten="250,250,250,250" oya="0" hai0="102,65,79,133,57,19,58,26,48,21,69,24,33" hai1="88,127,134,67,86,61,31,2,94,118,119,73,32" hai2="130,36,60,91,50,34,97,107,7,106,39,49,35" hai3="93,75,4,64,105,116,66,16,81,37,100,78,111"/><T30/><D133/><U45/><E2/><V114/><F7/><W10/><G111/><T125/><D125/><U53/><E127/><V54/><F60/><W42/><G105/><T89/><D79/><U115/><E134/><V99/><F91/><W11/><G11/><T83/><D48/><U25/><E73/><V46/><F54/><W101/><G116/><T98/><D83/><U44/><E115/><V20/><F20/><W14/><G4/><T121/><D89/><U71/><REACH who="1" step="1"/><E53/><REACH who="1" ten="250,240,250,250" step="2"/><V110/><F114/><W132/><G132/><T74/><D74/><U17/><E17/><V43/><F110/><W41/><G41/><T12/><D121/><U29/><E29/><V52/><F52/><W128/><G128/><T18/><D18/><U135/><E135/><V6/><F6/><W15/><G42/><T84/><D12/><U0/><E0/><V40/><F46/><AGARI ba="0,1" hai="25,31,32,44,45,46,61,67,71,86,88,94,118,119" machi="46" ten="40,8000,1" yaku="1,1,52,1,54,1,53,1" doraHai="23" doraHaiUra="90" who="1" fromWho="2" sc="250,0,240,90,250,-80,250,0" /><INIT seed="1,0,0,4,1,10" ten="250,330,170,250" oya="1" hai0="11,19,37,34,32,4,23,6,29,127,30,89,79" hai1="122,71,12,83,54,128,55,65,22,108,62,97,132" hai2="21,50,101,119,123,98,14,58,76,90,75,91,107" hai3="77,133,48,72,20,59,74,92,15,66,121,42,81"/><U99/><E122/><V39/><F39/><W104/><G104/><T52/><D37/><U129/><E132/><V61/><F123/><W24/><G121/><T103/><D103/><U68/><E68/><V95/><F119/><W13/><G74/><T96/><D79/><U115/><E115/><V46/><F91/><W125/><G125/><T112/><D112/><U31/><E83/><V17/><F76/><W56/><G133/><T80/><D127/><U69/><E69/><V114/><F114/><W25/><G25/><N who="0" m="14591" /><D96/><N who="1" m="36939" /><E31/><N who="0" m="11785" /><D89/><U113/><E113/><V28/><F75/><W35/><G35/><N who="0" m="13355" /><D52/><U85/><E85/><V111/><F107/><W8/><G42/><T109/><D80/><U88/><E88/><V2/><F90/><W60/><G92/><T73/><D73/><U67/><E65/><V120/><F120/><W33/><G81/><T86/><D86/><U26/><E26/><N who="2" m="16463" /><F101/><W105/><G33/><T9/><D109/><U44/><E44/><V18/><F111/><W70/><G105/><T134/><D134/><U126/><E126/><V106/><F106/><W94/><G94/><T117/><D117/><U131/><E108/><V130/><F95/><W5/><G72/><T51/><D51/><U100/><E100/><V40/><F98/><W82/><G48/><T47/><D47/><U49/><E49/><V116/><F116/><W84/><G70/><T27/><D27/><U0/><E54/><V118/><F118/><W57/><G24/><T63/><D63/><U36/><E36/><V41/><F50/><W78/><G78/><T102/><D102/><U93/><E55/><RYUUKYOKU ba="0,0" sc="250,15,330,-15,170,-15,250,15" hai0="4,6,9,11" hai3="5,8,13,15,20,56,57,59,60,66,77,82,84" /><INIT seed="2,1,0,5,5,2" ten="265,315,155,265" oya="2" hai0="86,19,54,90,111,120,3,57,102,53,96,60,21" hai1="82,31,110,1,0,105,63,34,131,33,92,77,7" hai2="115,121,6,74,56,64,50,11,39,5,28,72,123" hai3="118,27,70,35,75,44,76,47,103,129,25,36,9"/><V52/><F115/><W61/><G118/><T130/><D120/><U79/><E105/><V29/><F39/><W68/><G103/><T128/><D3/><U112/><E112/><V106/><F106/><W32/><G9/><T45/><D111/><U16/><E0/><V109/><F109/><W15/><G15/><T12/><D45/><U40/><E110/><V30/><F64/><W42/><G61/><T20/><D53/><U98/><E131/><V73/><REACH who="2" step="1"/><F11/><REACH who="2" ten="265,315,145,265" step="2"/><W13/><G36/><T119/><D119/><U51/><E1/><V127/><F127/><W43/><G129/><T81/><D130/><U24/><E34/><V100/><F100/><W122/><G122/><AGARI ba="1,1" hai="5,6,28,29,30,50,52,56,72,73,74,121,122,123" machi="122" ten="50,12000,1" yaku="1,1,52,2,54,1,53,0" doraHai="2" doraHaiUra="114" who="2" fromWho="3" sc="265,0,315,0,145,133,265,-123" /><INIT seed="2,2,0,4,4,133" ten="265,315,278,142" oya="2" hai0="20,105,21,38,31,93,16,0,130,87,113,99,100" hai1="30,67,68,132,124,115,45,39,59,77,74,127,25" hai2="75,66,35,14,52,118,7,95,121,73,96,36,41" hai3="131,117,6,24,12,5,101,109,126,34,69,58,85"/><V18/><F121/><W94/><G109/><T79/><D113/><U88/><E115/><V83/><F118/><W61/><G69/><T106/><D38/><U90/><E132/><V3/><F66/><W57/><G117/><T134/><D134/><U50/><E77/><V123/><F123/><W76/><G131/><T98/><D0/><U97/><E74/><V104/><F104/><W129/><G129/><T8/><D130/><U135/><E68/><V47/><F35/><W108/><G108/><T48/><D8/><U78/><E78/><V70/><F83/><W55/><G101/><T15/><D48/><U54/><E135/><V11/><F52/><W9/><G5/><T81/><D99/><U107/><E107/><V71/><F73/><W92/><G24/><N who="0" m="16775" /><D106/><U43/><E67/><V125/><F75/><W27/><G27/><T19/><D105/><U72/><E72/><V17/><F17/><AGARI ba="2,0" hai="15,16,17,19,21,79,81,87,93,98,100" m="16775" machi="17" ten="30,2000,0" yaku="8,1,54,1" doraHai="133" who="0" fromWho="2" sc="265,26,315,0,278,-26,142,0" /><INIT seed="3,0,0,4,2,0" ten="291,315,252,142" oya="3" hai0="21,43,100,60,135,119,7,12,124,16,66,129,71" hai1="82,90,9,92,36,32,54,18,121,47,56,117,70" hai2="107,24,114,104,30,34,128,35,101,103,26,112,15" hai3="98,73,125,109,134,55,84,20,108,130,74,72,116"/><W51/><G116/><T127/><D119/><U120/><E70/><V3/><F15/><W118/><G118/><T17/><D129/><U4/><E32/><V110/><F128/><W23/><G130/><T33/><D33/><U132/><E18/><V38/><F38/><W25/><G134/><T6/><D135/><U46/><E82/><V97/><F3/><W22/><G125/><N who="0" m="48203" /><D43/><U65/><E65/><V80/><F80/><W48/><G84/><T58/><D100/><U39/><E39/><V59/><F59/><W123/><G123/><T86/><D86/><U45/><E36/><V40/><F40/><W75/><N who="3" m="18432" /><DORA hai="27" /><W96/><G25/><N who="0" m="14503" /><D71/><U95/><E132/><V37/><F37/><W13/><G13/><T106/><D106/><U44/><E95/><V53/><F97/><N who="3" m="37483" /><G55/><T69/><D69/><U50/><N who="1" m="11264" /><DORA hai="126" /><U77/><E117/><V1/><F1/><W131/><G131/><T102/><D102/><U113/><E113/><V67/><F53/><W41/><G41/><T89/><D89/><U94/><E77/><V5/><F67/><W61/><G61/><T11/><AGARI ba="0,0" hai="6,7,11,12,17,58,60,66" m="14503,48203" machi="11" ten="30,7900,0" yaku="18,1,52,2,54,1" doraHai="0,27,126" who="0" fromWho="0" sc="291,79,315,-20,252,-20,142,-39" /><INIT seed="4,0,0,2,3,77" ten="370,295,232,103" oya="0" hai0="88,53,48,102,115,128,33,7,84,134,38,41,85" hai1="3,87,103,32,39,119,61,63,46,126,65,131,12" hai2="114,99,22,15,66,49,121,89,117,108,104,76,100" hai3="42,111,130,118,107,101,44,31,82,97,47,109,4"/><T91/><D33/><U17/><E119/><V10/><F108/><W35/><G118/><T2/><D115/><U98/><E3/><V73/><F117/><W74/><G130/><T54/><D128/><U106/><E131/><V92/><F121/><W124/><G124/><T72/><D72/><U6/><E126/><V55/><F66/><W29/><G47/><N who="0" m="25711" /><D38/><U13/><E32/><V19/><F114/><W112/><G112/><T11/><D2/><U52/><E6/><V120/><F120/><W57/><G57/><T25/><D102/><U59/><E87/><V37/><F37/><W79/><G4/><T0/><D0/><U20/><E39/><V96/><F76/><W23/><G23/><T116/><D134/><U83/><E83/><V9/><F73/><W113/><G113/><T90/><D116/><U60/><E46/><AGARI ba="0,0" hai="9,10,15,19,22,46,49,55,89,92,96,99,100,104" machi="46" ten="30,1000,0" yaku="7,1" doraHai="77" who="2" fromWho="1" sc="370,0,295,-10,232,10,103,0" /><INIT seed="5,0,0,2,1,56" ten="370,285,242,103" oya="1" hai0="113,4,98,59,0,123,38,5,64,100,70,74,63" hai1="112,31,108,117,36,49,60,77,41,92,94,85,30" hai2="107,114,22,52,99,75,15,104,62,57,118,90,111" hai3="91,110,39,54,135,18,115,109,43,130,16,3,78"/><U55/><E117/><V96/><F118/><W127/><G3/><T88/><D38/><U86/><E112/><V27/><F111/><W103/><G103/><T68/><D74/><U7/><E108/><V28/><F75/><W82/><G91/><T131/><D113/><U2/><E36/><V95/><F114/><W14/><G115/><T102/><D131/><U67/><E41/><V61/><F96/><W11/><G130/><T124/><D124/><U20/><E7/><N who="0" m="2633" /><D70/><U17/><E2/><V8/><F107/><W83/><G127/><T45/><D68/><U79/><E49/><N who="2" m="30863" /><F104/><W13/><G135/><T65/><D123/><U97/><E55/><V105/><F105/><W9/><G54/><N who="0" m="34295" /><D45/><U42/><E42/><V1/><F1/><W119/><G119/><T48/><D48/><U23/><E97/><V76/><F76/><W93/><G93/><N who="0" m="56615" /><D0/><U19/><REACH who="1" step="1"/><E67/><AGARI ba="0,0" hai="64,65,67,100,102" m="56615,34295,2633" machi="67" ten="30,3900,0" yaku="8,1,52,1,54,1" doraHai="56" who="0" fromWho="1" sc="370,39,285,-39,242,0,103,0" /><INIT seed="6,0,0,3,3,1" ten="409,246,242,103" oya="2" hai0="41,29,128,6,98,121,92,16,102,25,49,94,9" hai1="134,66,80,39,12,79,77,132,84,21,11,15,135" hai2="24,50,116,4,104,57,8,45,133,107,124,54,63" hai3="99,129,18,112,43,7,37,89,83,14,20,118,110"/><V67/><F116/><W81/><G118/><T5/><D121/><U101/><E39/><V108/><F133/><W125/><G110/><T68/><D68/><U35/><E35/><V126/><F108/><W103/><G129/><T127/><D128/><U65/><E101/><V46/><F24/><W55/><G125/><T88/><D127/><N who="2" m="48682" /><F46/><W78/><G112/><T122/><D122/><U44/><E44/><V58/><F45/><W105/><G43/><T100/><D49/><U85/><E21/><V75/><F75/><W53/><G37/><T36/><D41/><U56/><E56/><V28/><F28/><W72/><G83/><T90/><D36/><U64/><E11/><V32/><F32/><W76/><G76/><N who="1" m="29258" /><E80/><V74/><F74/><W10/><REACH who="3" step="1"/><G89/><REACH who="3" ten="409,246,242,93" step="2"/><T47/><D90/><U113/><E113/><V73/><F73/><W13/><AGARI ba="0,1" hai="7,10,13,14,18,20,53,55,72,78,81,99,103,105" machi="13" ten="20,8000,1" yaku="1,1,2,1,0,1,7,1,52,1,53,0" doraHai="1" doraHaiUra="115" who="3" fromWho="3" sc="409,-20,246,-20,242,-40,93,90" /><INIT seed="7,0,0,4,3,10" ten="389,226,202,183" oya="3" hai0="95,108,92,54,81,43,99,109,85,67,40,90,105" hai1="38,60,51,91,117,26,121,111,123,3,48,65,74" hai2="126,23,73,32,20,110,76,63,118,78,44,17,131" hai3="13,93,103,29,18,62,19,122,71,83,82,50,57"/><W115/><G122/><T96/><D67/><U55/><E111/><N who="0" m="42569" /><D54/><U116/><E38/><V94/><F126/><W52/><G115/><T129/><D40/><U130/><E130/><V77/><F118/><N who="1" m="45673" /><E3/><V75/><F32/><W41/><G29/><T119/><D43/><U25/><E74/><V47/><F131/><W37/><G37/><T2/><D2/><U69/><E91/><V7/><F75/><W21/><G71/><T9/><D9/><U28/><E25/><V46/><F73/><W0/><G0/><T11/><D11/><U107/><E107/><V97/><F110/><W53/><G41/><T33/><D33/><N who="1" m="20631" /><E48/><V128/><F128/><W1/><G1/><T58/><D58/><AGARI ba="0,0" hai="51,55,58,60,65,69,121,123" m="20631,45673" machi="58" ten="30,1000,0" yaku="12,1" doraHai="10" who="1" fromWho="0" sc="389,-10,226,10,202,0,183,0" owari="379,48.0,236,4.0,202,-20.0,183,-32.0" /></mjloggm>