<mjloggm ver="2.3"><GO type="185" lobby="0"/><UN n0="%61%6E%64%6F%35%35" n1="%79%61%73%73%61%6E" n2="%E6%84%9B%E3%81%A8%E6%AD%A3%E7%BE%A9" n3="" dan="16,16,17,0" rate="2158.66,2237.94,2279.43,1500.00" sx="M,M,F,C"/><TAIKYOKU oya="0"/><INIT seed="0,0,0,2,1,2" ten="350,350,350,0" oya="0" hai0="113,97,66,129,87,70,42,130,101,53,33,104,96" hai1="116,88,48,110,102,81,131,111,51,125,132,95,118" hai2="37,55,124,103,134,79,135,68,92,78,73,41,93" hai3=""/><T114/><D42/><U80/><E48/><V106/><F68/><T100/><D33/><U58/><E125/><V94/><F55/><T40/><D40/><U56/><E131/><N who="0" m="50185" /><D53/><U76/><E102/><V47/><F124/><T123/><N who="0" m="31520" /><T127/><D127/><U85/><E132/><N who="2" m="50731" /><F73/><T62/><D87/><U128/><E128/><V120/><N who="2" m="30752" /><V0/><F0/><T99/><D99/><AGARI ba="0,0" hai="37,41,47,78,79,92,93,94,99,103,106" m="30752,50731" machi="99" ten="30,2000,0" yaku="20,1,52,1" doraHai="2" who="2" fromWho="0" sc="350,-20,350,0,350,20,0,0" /><INIT seed="1,0,0,2,5,91" ten="330,350,370,0" oya="1" hai0="81,104,38,37,50,49,75,111,113,57,72,88,66" hai1="97,99,77,69,132,118,2,135,129,73,34,48,126" hai2="41,58,56,45,82,133,63,40,121,134,61,130,46" hai3=""/><U114/><RYUUKYOKU type="yao9" ba="0,0" sc="330,0,350,0,370,0,0,0" hai1="2,34,48,69,73,77,97,99,114,118,126,129,132,135" /><INIT seed="1,1,0,0,1,85" ten="330,350,370,0" oya="1" hai0="79,32,33,89,66,57,59,58,131,44,53,80,1" hai1="95,61,42,68,118,84,37,64,77,50,108,100,47" hai2="123,132,134,55,115,73,135,69,125,119,121,72,92" hai3=""/><U98/><E118/><V102/><N who="2" m="31008" /><V54/><N who="2" m="31520" /><V120/><N who="2" m="30752" /><V41/><F119/><T107/><D1/><U81/><E108/><V97/><F125/><T35/><D107/><U82/><E81/><V56/><F69/><T133/><D133/><U67/><REACH who="1" step="1"/><E64/><REACH who="1" ten="330,340,370,0" step="2"/><V88/><F115/><T128/><D66/><U65/><E65/><V76/><F76/><T127/><D79/><U49/><AGARI ba="1,1" hai="37,42,47,49,50,61,67,68,77,82,84,95,98,100" machi="49" ten="30,2000,0" yaku="1,1,0,1,53,0" doraHai="85" doraHaiUra="111" who="1" fromWho="1" sc="330,-11,340,32,370,-11,0,0" /><INIT seed="1,2,0,5,3,54" ten="319,372,359,0" oya="1" hai0="62,84,123,3,129,57,80,83,104,38,70,131,120" hai1="2,134,41,101,85,92,1,121,107,119,114,64,45" hai2="90,48,99,75,118,60,115,95,130,124,65,103,33" hai3=""/><U87/><N who="1" m="31008" /><U32/><E114/><V112/><F118/><T93/><N who="0" m="30752" /><T44/><N who="0" m="31520" /><T100/><D3/><U68/><E32/><V61/><F33/><T39/><D104/><U42/><E107/><V117/><F117/><T73/><D70/><U89/><E101/><V36/><F36/><T50/><D73/><U108/><E119/><V133/><F75/><T34/><D34/><U98/><E134/><V56/><F133/><T125/><D125/><U55/><E108/><V49/><F124/><T67/><D93/><U79/><E64/><V102/><F61/><T122/><N who="0" m="31264" /><T128/><D100/><N who="2" m="38442" /><F130/><T58/><D58/><U77/><E68/><V126/><F126/><T72/><D72/><U94/><E98/><V110/><F110/><T37/><D84/><U46/><E89/><V71/><F71/><T40/><AGARI ba="2,0" hai="37,38,39,40,44,50,57,62,67,80,83,128,129,131" m="31264,31520,30752" machi="40" ten="40,9000,2" yaku="0,1,19,1,52,4" doraHai="54" who="0" fromWho="0" sc="319,94,372,-62,359,-32,0,0" /><INIT seed="2,0,0,0,1,34" ten="413,310,327,0" oya="2" hai0="86,58,48,38,123,77,2,83,129,105,32,116,68" hai1="65,102,37,54,108,78,49,53,119,63,35,135,100" hai2="93,115,94,72,124,39,3,59,97,87,56,131,69" hai3=""/><V55/><F115/><T42/><N who="0" m="31520" /><T80/><D116/><U75/><E35/><V73/><F69/><T90/><D32/><U132/><E37/><V99/><F39/><T112/><D68/><U104/><E119/><V50/><F131/><T79/><D105/><U101/><E104/><V133/><F133/><N who="1" m="51273" /><E108/><V71/><F71/><T121/><N who="0" m="31008" /><T114/><D38/><U81/><E49/><V125/><F87/><T51/><D129/><U117/><E117/><V57/><F50/><T84/><D90/><U0/><E0/><V67/><F3/><T76/><D2/><U36/><E36/><V134/><F134/><T74/><D76/><U126/><E126/><N who="2" m="48747" /><F67/><T96/><D96/><N who="2" m="36938" /><F55/><T33/><D33/><U110/><E110/><V95/><AGARI ba="0,0" hai="56,57,59,72,73,93,94,95" m="36938,48747" machi="95" ten="40,5200,0" yaku="28,2,18,1" doraHai="34" who="2" fromWho="2" sc="413,-26,310,-26,327,52,0,0" /><INIT seed="2,1,0,1,3,51" ten="387,284,379,0" oya="2" hai0="83,3,81,0,80,131,111,115,46,38,113,126,53" hai1="98,63,39,74,32,116,133,84,75,67,64,93,43" hai2="110,56,106,91,77,33,70,130,76,82,124,117,96" hai3=""/><V72/><F117/><T34/><D34/><U105/><E32/><V86/><F33/><T41/><D111/><U55/><E133/><V120/><N who="2" m="30752" /><V78/><F70/><T104/><D104/><U40/><E105/><V122/><N who="2" m="31264" /><V119/><F119/><T114/><D131/><U94/><E116/><V123/><N who="2" m="31520" /><V107/><F130/><T65/><D65/><U129/><E129/><V102/><F110/><T60/><REACH who="0" step="1"/><D126/><REACH who="0" ten="377,284,379,0" step="2"/><U87/><E64/><V47/><F124/><T121/><N who="0" m="31008" /><T62/><D62/><U59/><E67/><V42/><F106/><T127/><D127/><U85/><E93/><V92/><F56/><AGARI ba="1,1" hai="0,3,38,41,46,53,56,60,80,81,83,113,114,115" m="31008" machi="56" ten="50,8000,1" yaku="1,1,11,1,52,2,53,0" doraHai="51" doraHaiUra="135" who="0" fromWho="2" sc="377,92,284,0,379,-82,0,0" /><INIT seed="4,0,0,2,3,38" ten="469,284,297,0" oya="0" hai0="33,93,130,104,66,0,114,111,123,45,62,57,120" hai1="52,89,112,61,54,67,127,77,118,115,64,70,82" hai2="128,102,91,80,87,113,55,84,117,121,60,63,72" hai3=""/><T53/><N who="0" m="30752" /><T109/><N who="0" m="31520" /><T129/><D33/><U85/><E118/><V116/><N who="2" m="31008" /><V42/><F113/><N who="1" m="43593" /><E67/><V97/><F128/><N who="0" m="49258" /><D104/><U36/><E127/><V119/><F72/><T103/><D0/><U99/><E36/><V131/><F131/><T122/><N who="0" m="31264" /><T110/><D114/><U90/><E99/><V74/><F74/><T69/><D45/><U83/><E89/><V101/><F91/><T94/><D103/><U43/><E43/><V68/><F42/><T3/><D3/><U92/><E92/><N who="0" m="35433" /><D53/><U48/><E54/><V124/><F55/><T56/><AGARI ba="0,0" hai="56,57,62,66,69,109,110,111" m="35433,31264,49258,31520,30752" machi="56" ten="40,8000,1" yaku="10,1,19,1,52,3" doraHai="38" who="0" fromWho="0" sc="469,80,284,-40,297,-40,0,0" /><INIT seed="4,1,0,4,3,111" ten="549,244,257,0" oya="0" hai0="110,58,61,76,118,128,33,43,125,96,51,115,88" hai1="95,124,132,126,62,41,79,39,46,49,78,117,36" hai2="123,68,38,71,69,2,104,44,131,34,112,35,102" hai3=""/><T37/><D33/><U82/><E117/><V85/><N who="2" m="31520" /><V92/><F2/><T94/><D118/><U47/><E132/><V106/><F131/><T57/><D37/><U80/><E95/><V87/><F112/><T42/><D110/><U90/><E90/><V3/><F3/><T65/><D128/><U86/><E62/><V134/><F134/><T77/><D125/><N who="1" m="48235" /><E47/><V135/><F135/><T103/><D115/><U114/><E114/><V74/><F92/><T84/><D43/><U45/><E45/><V119/><F119/><T100/><D100/><U120/><N who="1" m="30752" /><U73/><AGARI ba="1,0" hai="36,39,41,46,49,73,78,79,80,82,86" m="30752,48235" machi="73" ten="30,3000,0" yaku="4,1,18,1,52,1" doraHai="111" who="1" fromWho="1" sc="549,-21,244,32,257,-11,0,0" /><INIT seed="5,0,0,5,1,105" ten="528,276,246,0" oya="1" hai0="69,35,39,87,74,102,91,130,66,118,2,50,109" hai1="107,67,71,76,134,33,70,122,79,1,93,37,111" hai2="85,88,32,117,38,108,0,114,43,94,84,110,56" hai3=""/><U131/><RYUUKYOKU type="yao9" ba="0,0" sc="528,0,276,0,246,0,0,0" hai1="1,33,37,67,70,71,76,79,93,107,111,122,131,134" /><INIT seed="5,1,0,3,4,60" ten="528,276,246,0" oya="1" hai0="53,57,104,125,132,70,84,74,106,103,38,133,95" hai1="100,67,97,40,51,127,116,43,82,34,122,89,118" hai2="119,91,52,110,88,71,120,111,59,112,129,56,102" hai3=""/><U35/><N who="1" m="31264" /><U45/><E127/><V41/><N who="2" m="30752" /><V64/><F119/><T63/><D74/><U42/><E116/><V50/><F129/><T55/><D38/><U92/><E118/><V58/><F112/><T69/><D125/><U68/><E68/><V48/><F102/><T77/><D70/><U121/><N who="1" m="31008" /><U33/><E67/><V39/><F91/><T1/><D1/><U87/><AGARI ba="1,0" hai="33,34,35,40,42,43,45,51,82,87,89,92,97,100" m="31008,31264" machi="87" ten="40,5200,0" yaku="0,1,52,2" doraHai="60" who="1" fromWho="1" sc="528,-27,276,54,246,-27,0,0" /><INIT seed="5,2,0,3,5,127" ten="501,330,219,0" oya="1" hai0="0,98,58,73,122,45,133,123,134,89,117,100,66" hai1="111,115,78,79,32,1,34,107,41,77,102,93,112" hai2="60,82,57,125,110,52,116,46,68,3,55,40,75" hai3=""/><U88/><E1/><V74/><F110/><T132/><N who="0" m="31264" /><T119/><N who="0" m="31520" /><T118/><D0/><U101/><E111/><V38/><F116/><T81/><D45/><U109/><E109/><V97/><F3/><T103/><D66/><U114/><E41/><V64/><F125/><T113/><D113/><U129/><E107/><V63/><F82/><T126/><D126/><U33/><E129/><V47/><REACH who="2" step="1"/><F97/><AGARI ba="2,0" hai="32,33,34,77,78,79,88,93,97,101,102,112,114,115" machi="97" ten="50,12000,1" yaku="29,2,15,1,54,1" doraHai="127" who="1" fromWho="2" sc="501,0,330,124,219,-124,0,0" /><INIT seed="5,3,0,0,3,68" ten="501,454,95,0" oya="1" hai0="85,104,113,35,134,87,78,48,69,60,73,96,119" hai1="51,100,101,40,55,110,88,50,98,32,59,106,91" hai2="126,80,72,122,53,52,76,47,114,36,34,57,109" hai3=""/><U112/><E32/><V44/><N who="2" m="31264" /><V79/><F109/><T65/><D35/><U135/><E110/><V121/><N who="2" m="31008" /><V70/><F34/><T61/><D113/><U1/><E1/><V56/><F70/><T46/><D73/><U37/><E101/><V0/><F0/><T127/><D127/><U123/><N who="1" m="31520" /><U84/><E135/><V132/><F132/><T116/><D134/><U130/><E130/><V81/><F126/><T3/><D3/><U43/><E112/><V117/><F114/><T125/><D78/><U83/><E37/><V103/><F103/><T86/><D125/><U118/><E118/><N who="0" m="45097" /><D60/><U90/><REACH who="1" step="1"/><E50/><REACH who="1" ten="501,444,95,0" step="2"/><V115/><F115/><T33/><D33/><U42/><AGARI ba="3,1" hai="40,42,43,51,55,59,83,84,88,90,91,98,100,106" m="31520" machi="42" ten="30,12000,2" yaku="1,1,2,1,0,1,52,1,54,1,53,1" doraHai="68" doraHaiUra="77" who="1" fromWho="1" sc="501,-63,444,136,95,-63,0,0" /><INIT seed="5,4,0,0,0,46" ten="438,580,32,0" oya="1" hai0="95,69,87,33,104,102,1,132,32,68,113,41,44" hai1="76,38,40,94,122,48,109,72,65,89,56,47,101" hai2="112,63,126,91,134,83,117,121,119,2,61,67,129" hai3=""/><U79/><N who="1" m="31264" /><U115/><E109/><V128/><N who="2" m="31008" /><V54/><F2/><T64/><D1/><U82/><E115/><V55/><F91/><T124/><D113/><U71/><E79/><V49/><F83/><T73/><D73/><U99/><E71/><V57/><F112/><T60/><D69/><U78/><E76/><V88/><F88/><T131/><D131/><N who="2" m="50250" /><F134/><T85/><D132/><U66/><E56/><V100/><F100/><T120/><N who="0" m="30752" /><T105/><D105/><U43/><E43/><V111/><F111/><T35/><D104/><U107/><E38/><V92/><F92/><T116/><D116/><N who="2" m="44618" /><F126/><T123/><N who="0" m="31520" /><T70/><D124/><U114/><E114/><V3/><F3/><T96/><D87/><AGARI ba="4,0" hai="40,47,48,65,66,72,78,82,87,89,94,99,101,107" m="31264" machi="87" ten="30,12000,1" yaku="7,1,24,2,52,2" doraHai="46" who="1" fromWho="0" sc="438,-128,580,128,32,0,0,0" /><INIT seed="5,5,0,1,0,62" ten="310,708,32,0" oya="1" hai0="63,59,32,124,89,69,70,56,116,108,41,88,99" hai1="133,53,78,101,80,39,33,98,73,131,112,60,93" hai2="52,54,129,113,85,132,84,72,1,122,68,92,104" hai3=""/><U115/><E39/><V34/><F92/><T120/><N who="0" m="30752" /><T40/><D108/><U37/><E37/><V109/><F85/><T79/><D32/><U36/><E36/><V134/><F84/><T95/><D124/><U47/><E33/><V45/><F54/><T94/><D79/><U90/><E133/><V107/><F52/><T83/><D83/><U127/><E127/><V64/><F45/><T135/><D116/><U96/><E131/><V2/><F64/><T74/><D74/><U105/><E47/><V67/><F67/><T61/><D135/><U44/><E44/><V125/><F1/><T82/><D82/><U81/><E81/><V75/><F75/><T38/><D38/><U97/><E98/><AGARI ba="5,0" hai="40,41,56,59,61,63,69,70,88,89,94,95,98,99" m="30752" machi="98" ten="25,6400,0" yaku="22,2,52,1,54,1" doraHai="62" who="0" fromWho="1" sc="310,74,708,-74,32,0,0,0" /><INIT seed="6,0,0,0,5,102" ten="384,634,32,0" oya="2" hai0="111,46,120,57,44,130,123,100,126,56,116,99,52" hai1="104,59,79,71,96,3,95,78,61,131,89,125,45" hai2="74,129,81,117,73,110,1,51,88,76,112,91,82" hai3=""/><V107/><F117/><T122/><N who="0" m="30752" /><T119/><N who="0" m="31264" /><T93/><N who="0" m="31520" /><T87/><D111/><U2/><E71/><V47/><F1/><T36/><D130/><U135/><E125/><V92/><F129/><T62/><D126/><U115/><E135/><V86/><F110/><T69/><D69/><U48/><E115/><V103/><F112/><T63/><D87/><U108/><E104/><V68/><F68/><T43/><D46/><U33/><E33/><V121/><N who="2" m="31008" /><V132/><F132/><T118/><D119/><U80/><E79/><V105/><F103/><T0/><D0/><U75/><E131/><V67/><F67/><AGARI ba="0,0" hai="36,43,44,52,56,57,62,63,67,93,99,100,116,118" m="31520,31264,30752" machi="67" ten="30,8000,1" yaku="7,1,52,3,54,1" doraHai="102" who="0" fromWho="2" sc="384,80,634,0,32,-80,0,0" owari="464,6.0,634,59.0,-48,-65.0,0,0.0" /></mjloggm>