<mjloggm ver="2.3"><GO type="225" lobby="0"/><UN n0="%E6%80%AA%E3%81%97%E3%81%99%E3%81%8E%E3%82%8B%E3%83%81%E3%83%BC" n1="%E3%81%AA%E3%82%81%E3%81%93%E9%9B%80%E5%A3%AB" n2="%E7%B4%AB%E3%81%AE%E9%8F%A1" n3="%E7%99%BD%E8%9B%87%E3%81%AE%E3%83%8A%E3%83%BC%E3%82%AC" dan="16,16,18,16" rate="2145.08,2089.67,2290.00,2072.20" sx="M,M,M,M"/><TAIKYOKU oya="0"/><INIT seed="0,0,0,0,4,116" ten="250,250,250,250" oya="0" hai0="103,21,77,62,75,126,84,102,38,76,131,25,94" hai1="64,132,69,11,66,111,86,73,79,59,23,110,37" hai2="12,114,33,55,39,9,130,68,10,129,42,71,135" hai3="34,3,27,28,67,104,31,123,113,85,107,52,22"/><T83/><D38/><U56/><E37/><V19/><F114/><W81/><G113/><T92/><D131/><N who="2" m="50186" /><F33/><W65/><G3/><T7/><D126/><U36/><E36/><V115/><F115/><W120/><G31/><T134/><D134/><U13/><E73/><V58/><F135/><W70/><G22/><T99/><D7/><U14/><E23/><V47/><F9/><W17/><G17/><T48/><D48/><AGARI ba="0,0" hai="10,12,19,39,42,47,48,55,58,68,71" m="50186" machi="48" ten="30,1000,0" yaku="19,1" doraHai="116" who="2" fromWho="0" sc="250,-10,250,0,250,10,250,0" /><INIT seed="1,0,0,0,1,79" ten="240,250,260,250" oya="1" hai0="57,67,41,13,47,50,1,70,128,132,133,101,90" hai1="24,28,73,98,26,119,63,85,82,54,107,62,44" hai2="94,76,25,55,103,51,100,12,22,69,102,14,91" hai3="37,33,6,77,43,123,72,0,105,52,61,106,124"/><U118/><E73/><V131/><F69/><W5/><G123/><T68/><D1/><U97/><E107/><V60/><F60/><N who="1" m="23081" /><E119/><V31/><F76/><W104/><G33/><T17/><D57/><U9/><E9/><V34/><F34/><W19/><G19/><T83/><D67/><U49/><E118/><V65/><F65/><W40/><G124/><T129/><D101/><U87/><E87/><N who="2" m="52607" /><F131/><N who="0" m="50250" /><D83/><U92/><E28/><V21/><F21/><W130/><G130/><T64/><D90/><N who="1" m="55447" /><E98/><V80/><F80/><W45/><G40/><T36/><D36/><U127/><E127/><V16/><F31/><W23/><G23/><N who="0" m="11695" /><D64/><U56/><E56/><AGARI ba="0,0" hai="12,14,16,22,25,51,55,56,100,102,103" m="52607" machi="56" ten="30,2000,0" yaku="8,1,54,1" doraHai="79" who="2" fromWho="1" sc="240,0,250,-20,260,20,250,0" /><INIT seed="2,0,0,3,3,14" ten="240,230,280,250" oya="2" hai0="122,135,116,132,104,37,123,23,42,65,20,103,27" hai1="24,88,93,11,0,19,36,81,89,16,46,7,83" hai2="8,22,49,112,82,1,41,69,21,125,87,57,113" hai3="101,3,131,6,31,86,40,96,110,130,5,99,15"/><V32/><F69/><W133/><G3/><T79/><D116/><U52/><E36/><V74/><F32/><W53/><G40/><T117/><D117/><U90/><E93/><V55/><F74/><W44/><G133/><N who="0" m="51275" /><D79/><U78/><E24/><V119/><F119/><W92/><G110/><T66/><D103/><U100/><E100/><V59/><F125/><W108/><G108/><T76/><D76/><U80/><REACH who="1" step="1"/><E78/><REACH who="1" ten="240,220,280,250" step="2"/><V63/><F113/><W17/><G92/><T129/><D104/><U72/><E72/><V118/><F112/><W45/><G101/><T98/><D37/><U48/><AGARI ba="0,1" hai="0,7,11,16,19,46,48,52,80,81,83,88,89,90" machi="48" ten="40,16000,3" yaku="1,1,0,1,52,2,54,3,53,3" doraHai="14" doraHaiUra="77" who="1" fromWho="1" sc="240,-40,220,170,280,-80,250,-40" /><INIT seed="3,0,0,4,1,42" ten="200,390,200,210" oya="3" hai0="16,111,105,26,24,61,27,23,40,37,91,59,75" hai1="39,34,81,30,102,57,56,119,131,65,15,35,68" hai2="101,103,60,116,17,6,134,67,129,45,33,48,69" hai3="31,100,89,96,3,87,74,58,135,126,106,110,84"/><W73/><G3/><T76/><D111/><U128/><E39/><V97/><F116/><W25/><G110/><T99/><D75/><U104/><E15/><V46/><F33/><W38/><G38/><T62/><D76/><U88/><E119/><V18/><F129/><N who="1" m="49737" /><E68/><V133/><F6/><W54/><G135/><N who="2" m="51721" /><F45/><W4/><G4/><T49/><D37/><U127/><E127/><V5/><F5/><W55/><G87/><T109/><D109/><U63/><E57/><V7/><F7/><W19/><G55/><N who="0" m="32239" /><D40/><U130/><E30/><V43/><F103/><W2/><G19/><T79/><D79/><U122/><E122/><V28/><F28/><W117/><G117/><T32/><D32/><U78/><E88/><V112/><F112/><W85/><G2/><T86/><D105/><AGARI ba="0,0" hai="17,18,43,46,48,60,67,69,97,101,105" m="51721" machi="105" ten="30,2000,0" yaku="20,1,52,1" doraHai="42" who="2" fromWho="0" sc="200,-20,390,0,200,20,210,0" owari="180,-32.0,390,49.0,220,2.0,210,-19.0" /></mjloggm>