<mjloggm ver="2.3"><GO type="185" lobby="0"/><UN n0="%E9%9D%92%E6%A3%AE%E3%81%AE%E3%81%B2%E3%82%88%E3%81%93%32" n1="%E5%A4%A7%E5%92%8C%E6%A1%9C" n2="%74%2E%6F%2E%6F%2E%73" n3="" dan="17,17,18,0" rate="2206.95,2305.95,2321.87,1500.00" sx="M,F,M,C"/><TAIKYOKU oya="0"/><INIT seed="0,0,0,1,3,92" ten="350,350,350,0" oya="0" hai0="74,81,67,116,46,98,91,70,106,69,53,54,101" hai1="63,127,44,32,111,121,73,89,80,57,87,95,85" hai2="88,39,58,117,107,48,78,34,56,133,90,59,60" hai3=""/><T49/><D116/><U112/><N who="1" m="31008" /><U36/><E32/><V128/><F34/><T0/><D0/><U50/><E111/><V120/><N who="2" m="30752" /><V75/><F39/><T97/><D67/><U33/><E33/><V102/><F128/><T93/><REACH who="0" step="1"/><D54/><REACH who="0" ten="340,350,350,0" step="2"/><U40/><E112/><V123/><F117/><T122/><N who="0" m="31264" /><T86/><D86/><U125/><E73/><V65/><F65/><T1/><D1/><U37/><E127/><V132/><F75/><T113/><D113/><U103/><E125/><V35/><F35/><T79/><AGARI ba="0,1" hai="46,49,53,69,70,74,79,81,91,93,97,98,101,106" m="31264" machi="79" ten="30,8000,1" yaku="1,1,0,1,52,3,53,0" doraHai="92" doraHaiUra="115" who="0" fromWho="0" sc="340,90,350,-40,350,-40,0,0" /><INIT seed="0,1,0,3,3,111" ten="430,310,310,0" oya="0" hai0="127,122,112,90,53,42,79,100,98,60,119,58,64" hai1="123,40,3,83,59,101,91,57,49,128,87,110,38" hai2="130,96,66,102,135,86,41,132,68,99,77,124,46" hai3=""/><T1/><N who="0" m="31264" /><T72/><D119/><U52/><N who="1" m="31520" /><U56/><E110/><V45/><F130/><T93/><D1/><U51/><E3/><V94/><F124/><T131/><D127/><U81/><E128/><V70/><F46/><T54/><D131/><U76/><E38/><V133/><F66/><T109/><D109/><U125/><E101/><V44/><F44/><T118/><D118/><U78/><E125/><V106/><F86/><T0/><D112/><U48/><E40/><V33/><F77/><N who="1" m="29801" /><E83/><V85/><F85/><T103/><D42/><U63/><AGARI ba="1,0" hai="48,49,51,52,56,57,59,63,81,87,91" m="29801,31520" machi="63" ten="30,3000,0" yaku="8,1,52,1,54,1" doraHai="111" who="1" fromWho="1" sc="430,-21,310,32,310,-11,0,0" /><INIT seed="1,0,0,4,3,89" ten="409,342,299,0" oya="1" hai0="104,100,134,57,96,48,112,86,35,77,84,97,61" hai1="119,55,98,87,52,47,33,106,50,51,60,62,114" hai2="120,36,76,94,49,121,70,88,37,92,101,1,38" hai3=""/><U125/><E33/><V109/><N who="2" m="30752" /><V107/><N who="2" m="31008" /><V79/><F1/><T124/><D112/><U117/><E114/><V132/><F70/><T103/><D124/><U122/><N who="1" m="31264" /><U53/><E125/><V81/><F109/><T99/><D134/><U91/><E106/><V73/><F132/><T59/><D35/><U46/><E98/><V128/><F128/><T71/><D71/><U63/><REACH who="1" step="1"/><E55/><REACH who="1" ten="409,332,299,0" step="2"/><V3/><F107/><T44/><D97/><U116/><E116/><V0/><F0/><T93/><D99/><U66/><E66/><V34/><F3/><T58/><D104/><U126/><E126/><V123/><F34/><T64/><D103/><U105/><E105/><V129/><F101/><T131/><D131/><U56/><E56/><V67/><F67/><T43/><D58/><U41/><E41/><V83/><F129/><T69/><D59/><U95/><AGARI ba="0,1" hai="46,47,50,51,52,53,60,62,63,87,91,95,117,119" m="31264" machi="95" ten="30,12000,2" yaku="1,1,0,1,9,1,52,2,54,1,53,0" doraHai="89" doraHaiUra="72" who="1" fromWho="1" sc="409,-60,332,130,299,-60,0,0" /><INIT seed="1,1,0,5,2,104" ten="349,462,239,0" oya="1" hai0="34,94,3,105,116,128,63,82,122,129,85,110,134" hai1="101,111,91,39,47,57,79,95,65,109,84,69,113" hai2="46,1,86,61,64,96,107,108,59,35,120,127,33" hai3=""/><U103/><E69/><V38/><N who="2" m="30752" /><V93/><F1/><T54/><N who="0" m="31264" /><T71/><D105/><U102/><E113/><V0/><F0/><T52/><D34/><U100/><N who="1" m="25600" /><DORA hai="132" /><U106/><E106/><V37/><F107/><T76/><D3/><U62/><REACH who="1" step="1"/><E79/><REACH who="1" ten="349,452,239,0" step="2"/><V56/><F33/><T58/><D71/><U87/><E87/><V90/><F35/><T112/><D85/><U98/><E98/><V114/><F114/><T117/><D76/><U41/><AGARI ba="1,1" hai="39,41,47,57,62,65,84,91,95,109,111" m="25600" machi="41" ten="50,6400,0" yaku="1,1,0,1,53,1" doraHai="104,132" doraHaiUra="92,43" who="1" fromWho="1" sc="349,-33,452,76,239,-33,0,0" /><INIT seed="1,2,0,1,2,60" ten="316,528,206,0" oya="1" hai0="109,58,92,97,73,67,74,108,112,100,135,78,88" hai1="130,120,90,53,95,46,49,121,110,72,89,51,65" hai2="69,122,56,91,94,101,35,126,83,71,77,133,128" hai3=""/><U102/><N who="1" m="30752" /><U106/><N who="1" m="31008" /><U117/><E117/><V124/><N who="2" m="31264" /><V119/><F119/><T114/><D58/><U36/><E36/><V33/><F101/><T86/><D67/><U40/><E72/><N who="0" m="27753" /><D78/><U41/><E130/><V64/><F56/><T111/><D135/><U55/><E110/><V134/><F128/><T3/><D3/><U76/><E76/><V39/><F39/><T132/><D132/><N who="2" m="50794" /><F94/><AGARI ba="2,0" hai="86,88,92,94,97,100,108,109,111,112,114" m="27753" machi="94" ten="40,8000,1" yaku="14,1,34,2,54,1" doraHai="60" who="0" fromWho="2" sc="316,84,528,0,206,-84,0,0" /><INIT seed="2,0,0,5,2,102" ten="400,528,122,0" oya="2" hai0="109,72,41,67,68,35,76,56,60,87,53,115,114" hai1="45,70,132,124,97,2,36,57,107,42,98,89,77" hai2="47,127,49,133,91,69,94,134,135,129,119,64,52" hai3=""/><V117/><F129/><T54/><D35/><U80/><E2/><V106/><F106/><T122/><N who="0" m="31264" /><T38/><D72/><U118/><E70/><V79/><F79/><T37/><D87/><U44/><E132/><V50/><F127/><T62/><D76/><U123/><N who="1" m="31520" /><U59/><E124/><V96/><REACH who="2" step="1"/><F50/><REACH who="2" ten="400,528,112,0" step="2"/><T125/><D125/><U34/><E107/><V39/><F39/><T43/><D37/><U99/><E34/><V75/><F75/><T126/><D126/><U1/><E1/><V100/><F100/><T46/><D38/><U61/><E89/><V112/><F112/><N who="0" m="43050" /><D109/><U92/><E36/><V113/><F113/><T101/><D101/><U66/><E77/><V32/><F32/><T40/><D46/><U88/><E44/><V103/><F103/><T83/><D83/><U48/><E80/><V51/><F51/><T0/><D0/><U116/><E48/><V111/><F111/><T33/><D33/><U63/><E45/><V74/><F74/><T73/><D73/><U86/><E88/><V93/><F93/><T82/><D82/><U71/><E92/><V130/><F130/><T85/><D85/><U55/><E86/><V95/><F95/><T58/><D62/><AGARI ba="0,1" hai="47,49,52,62,64,69,91,94,96,117,119,133,134,135" machi="62" ten="40,12000,1" yaku="1,1,20,1,54,1,53,1" doraHai="102" doraHaiUra="84" who="2" fromWho="0" sc="400,-120,528,0,112,130,0,0" /><INIT seed="2,1,0,3,3,131" ten="280,528,242,0" oya="2" hai0="103,70,40,107,66,121,37,100,83,112,117,64,33" hai1="60,118,45,92,65,105,89,71,57,59,124,69,135" hai2="122,47,77,36,81,3,38,98,49,132,120,99,109" hai3=""/><V123/><N who="2" m="30752" /><V62/><N who="2" m="31264" /><V129/><N who="2" m="31520" /><V55/><F3/><T54/><N who="0" m="31008" /><T68/><D117/><U86/><E105/><V80/><F129/><T104/><D33/><U43/><E118/><V58/><F132/><T32/><D32/><U102/><E102/><V91/><F109/><T134/><D112/><U97/><E124/><V133/><F133/><T128/><D128/><U51/><E135/><V52/><F98/><T42/><D83/><U95/><E69/><V110/><F110/><T35/><D134/><U94/><E97/><V48/><F62/><T85/><D35/><U50/><E71/><V130/><F130/><T88/><D85/><U0/><E0/><V127/><F127/><T93/><D54/><AGARI ba="1,0" hai="43,45,50,51,54,57,59,60,65,86,89,92,94,95" machi="54" ten="40,1300,0" yaku="8,1" doraHai="131" who="1" fromWho="0" sc="280,-15,528,15,242,0,0,0" /><INIT seed="4,0,0,1,3,84" ten="265,543,242,0" oya="0" hai0="132,99,124,65,95,123,134,36,62,108,0,127,131" hai1="91,48,73,97,50,83,64,113,42,52,70,100,119" hai2="44,135,72,55,130,107,74,94,109,56,69,111,88" hai3=""/><T105/><N who="0" m="31520" /><T133/><D0/><U45/><E119/><V82/><F107/><T35/><D35/><U40/><E113/><V114/><F69/><T102/><D108/><U117/><E117/><V118/><F118/><T43/><D131/><U87/><E73/><V46/><F114/><T79/><D79/><U78/><E78/><V61/><F135/><T115/><D115/><U63/><REACH who="1" step="1"/><E48/><REACH who="1" ten="265,533,242,0" step="2"/><V110/><F130/><T71/><REACH who="0" step="1"/><D105/><AGARI ba="0,1" hai="40,42,45,50,52,63,64,70,83,87,91,97,100,105" machi="105" ten="30,8000,1" yaku="1,1,2,1,7,1,52,1,54,1,53,0" doraHai="84" doraHaiUra="90" who="1" fromWho="0" sc="265,-80,533,90,242,0,0,0" /><INIT seed="5,0,0,4,0,42" ten="185,623,242,0" oya="1" hai0="106,111,68,89,34,82,71,97,55,35,124,76,83" hai1="102,62,56,36,131,63,3,32,66,49,132,100,64" hai2="126,43,39,108,125,67,99,130,33,0,123,90,52" hai3=""/><U120/><N who="1" m="30752" /><U81/><E36/><V87/><N who="2" m="31520" /><V38/><F108/><T96/><D111/><U57/><E32/><V122/><N who="2" m="31264" /><V72/><F72/><T104/><D89/><U44/><E3/><V50/><F33/><T61/><D61/><U60/><E132/><V77/><F67/><T128/><D55/><U118/><E118/><V114/><F43/><T79/><REACH who="0" step="1"/><D128/><REACH who="0" ten="175,623,242,0" step="2"/><U2/><E131/><V40/><F130/><T65/><D65/><U121/><N who="1" m="31008" /><U107/><E62/><V58/><F90/><T47/><D47/><U93/><E44/><V59/><F52/><T48/><D48/><U127/><E49/><V98/><F50/><T105/><D105/><U37/><E107/><V51/><F51/><T86/><D86/><U53/><E53/><V129/><F87/><T113/><D113/><U110/><E110/><V134/><F114/><T116/><D116/><U135/><E60/><V73/><F129/><T45/><D45/><U84/><E63/><V94/><F58/><T74/><D74/><U92/><E64/><V1/><F73/><T41/><D41/><U69/><E66/><V70/><F40/><T103/><D103/><U85/><E56/><V75/><F59/><T88/><D88/><RYUUKYOKU ba="0,1" sc="175,20,623,-10,242,-10,0,0" hai0="34,35,68,71,76,79,82,83,96,97,104,106,124" /><INIT seed="6,1,1,1,3,66" ten="195,613,232,0" oya="2" hai0="109,94,107,105,132,86,35,118,122,39,90,95,52" hai1="102,71,46,83,63,115,45,125,96,98,114,79,64" hai2="0,54,129,127,93,106,67,81,50,65,2,85,3" hai3=""/><V130/><F106/><T53/><N who="0" m="31264" /><T101/><D118/><U84/><E125/><V69/><F93/><T116/><D116/><U126/><E126/><V77/><F127/><T37/><D109/><U74/><E84/><V43/><F43/><T78/><D35/><U82/><E82/><V49/><F49/><T87/><D132/><U42/><E96/><V61/><REACH who="2" step="1"/><F67/><REACH who="2" ten="195,613,222,0" step="2"/><T44/><D101/><U110/><E42/><V117/><F117/><T38/><D37/><U97/><E102/><V70/><F70/><T131/><D131/><U134/><E71/><V113/><F113/><T135/><D135/><U121/><E134/><V103/><F103/><T55/><D55/><U111/><E114/><V41/><F41/><T57/><D38/><U80/><E115/><V51/><F51/><T32/><D53/><U92/><E64/><V120/><N who="2" m="30752" /><V133/><F133/><T119/><D119/><U72/><E92/><V73/><F73/><T112/><D112/><U108/><N who="1" m="31008" /><U128/><E128/><V62/><F62/><T58/><D95/><U68/><E68/><V89/><F89/><T59/><D90/><U40/><E63/><V88/><F88/><T1/><D94/><U99/><E40/><V36/><F36/><RYUUKYOKU ba="1,2" sc="195,-20,613,10,222,10,0,0" hai1="45,46,72,74,79,80,83,97,98,99,108,110,111" hai2="0,2,3,50,54,61,65,69,77,81,85,129,130" /><INIT seed="6,2,2,3,3,124" ten="175,623,232,0" oya="2" hai0="99,68,94,87,80,77,81,43,85,59,47,112,57" hai1="52,122,84,69,111,119,38,128,115,89,118,32,102" hai2="79,120,123,126,53,113,110,121,90,67,45,100,134" hai3=""/><V3/><N who="2" m="30752" /><V72/><N who="2" m="31008" /><V70/><N who="2" m="31520" /><V1/><F113/><T93/><D68/><U63/><N who="1" m="31264" /><U74/><E74/><V50/><F126/><T40/><D112/><U114/><E32/><V0/><F134/><T61/><D47/><U133/><E111/><V125/><F125/><T76/><REACH who="0" step="1"/><D61/><REACH who="0" ten="165,623,232,0" step="2"/><U82/><E89/><V127/><F127/><T92/><D92/><U44/><E52/><V41/><F110/><T64/><D64/><U130/><E84/><V129/><F129/><T83/><D83/><U46/><E38/><V108/><F108/><T51/><D51/><U36/><E36/><V86/><F70/><T117/><D117/><U103/><E133/><V95/><F67/><T116/><D116/><U96/><E69/><V49/><F49/><T78/><D78/><U106/><E63/><V54/><F54/><T34/><D34/><U104/><E82/><V62/><F62/><T88/><D88/><U107/><E107/><V35/><F35/><T131/><D131/><U66/><E66/><V105/><F53/><T60/><D60/><U48/><E48/><V109/><F109/><T33/><D33/><U39/><E39/><V37/><F37/><T65/><D65/><U2/><E2/><RYUUKYOKU ba="2,3" sc="165,10,623,10,232,-20,0,0" hai0="40,43,57,59,76,77,80,81,85,87,93,94,99" hai1="44,46,96,102,103,104,106,114,115,118,119,128,130" owari="175,-42.0,663,61.0,212,-19.0,0,0.0" /></mjloggm>