<mjloggm ver="2.3"><GO type="169" lobby="0"/><UN n0="%74%6F%69%74%6F%69%34" n1="%E6%BC%82%E3%81%86" n2="%78%78%62%6D%6D" n3="%E7%A5%9E%E5%91%AA%E9%AD%94%E5%A5%B3" dan="16,16,17,16" rate="2113.79,2064.86,2154.57,2205.44" sx="F,M,M,F"/><TAIKYOKU oya="0"/><INIT seed="0,0,0,4,4,83" ten="250,250,250,250" oya="0" hai0="109,11,113,58,1,67,5,62,111,88,28,12,37" hai1="102,106,50,55,75,120,130,23,17,90,4,80,74" hai2="104,97,41,24,42,61,44,112,39,124,69,108,114" hai3="60,27,53,65,127,101,122,57,3,117,66,43,48"/><T81/><D113/><U133/><E120/><V14/><F14/><W89/><G117/><T96/><D37/><U59/><E130/><V21/><F108/><N who="0" m="41546" /><D28/><U6/><E75/><V49/><F124/><W8/><G127/><T25/><D25/><U73/><E73/><V9/><F9/><W71/><G122/><T85/><D96/><U70/><E70/><V99/><F99/><W36/><G101/><T46/><D46/><U82/><E106/><V110/><F110/><W0/><G66/><T131/><D1/><U135/><E102/><V47/><F97/><W22/><G8/><T32/><D32/><U26/><E74/><V115/><F104/><W128/><G128/><AGARI ba="0,0" hai="5,11,12,58,62,67,81,85,88,128,131" m="41546" machi="128" ten="30,11600,0" yaku="14,1,10,1,52,1,54,1" doraHai="83" who="0" fromWho="3" sc="250,116,250,0,250,0,250,-116" /><INIT seed="0,1,0,5,3,77" ten="366,250,250,134" oya="0" hai0="1,32,76,68,117,78,26,69,22,83,42,94,46" hai1="124,70,44,34,11,40,114,121,93,57,100,23,79" hai2="66,14,87,24,73,95,18,72,38,43,27,62,59" hai3="9,112,35,110,107,108,119,2,65,30,75,0,45"/><T135/><D117/><U131/><E34/><V99/><F38/><W31/><G75/><T58/><D135/><U120/><E70/><V8/><F43/><W48/><G107/><T92/><D76/><U89/><E120/><V19/><F73/><W105/><G105/><T49/><D32/><U21/><E121/><V126/><F72/><W74/><G74/><T6/><D69/><U51/><E79/><V17/><F126/><W13/><G65/><T85/><D68/><U123/><E123/><V15/><F87/><W86/><G86/><T130/><D130/><U3/><E100/><V55/><F66/><W61/><G61/><T111/><D111/><N who="3" m="42537" /><G112/><T12/><D1/><N who="3" m="617" /><G35/><T104/><D58/><U90/><E57/><V64/><F64/><W33/><G33/><T132/><D132/><U28/><E131/><V88/><REACH who="2" step="1"/><F15/><REACH who="2" ten="366,250,240,134" step="2"/><W116/><G116/><T81/><D85/><N who="1" m="52399" /><E3/><V118/><F118/><W50/><G119/><T102/><D12/><U10/><E124/><V84/><F84/><W39/><G39/><T127/><D127/><U96/><E40/><V122/><F122/><W71/><G71/><T103/><D78/><U54/><E114/><V7/><AGARI ba="1,1" hai="7,8,14,17,18,19,24,27,55,59,62,88,95,99" machi="7" ten="30,7900,0" yaku="1,1,0,1,8,1,54,1,53,0" doraHai="77" doraHaiUra="41" who="2" fromWho="2" sc="366,-40,250,-21,240,92,134,-21" /><INIT seed="1,0,0,2,1,117" ten="326,229,332,113" oya="1" hai0="4,129,28,16,108,65,9,81,30,61,116,42,78" hai1="43,82,67,98,60,121,0,92,53,7,75,12,34" hai2="105,8,83,36,47,72,10,132,95,15,73,38,122" hai3="126,37,133,110,11,115,29,119,128,17,31,13,125"/><U24/><E0/><V80/><F132/><W88/><G37/><T69/><D116/><U91/><E43/><V64/><F64/><W26/><G119/><T84/><D108/><U79/><E53/><V124/><F95/><W131/><G115/><T44/><D129/><N who="3" m="49737" /><G110/><T23/><D4/><U114/><E114/><V20/><F15/><W97/><G97/><T22/><D9/><U52/><E7/><V89/><F20/><N who="3" m="15559" /><G88/><T76/><D23/><U111/><E111/><V86/><F89/><W27/><G133/><T45/><D76/><U5/><E75/><V77/><F77/><W21/><AGARI ba="0,0" hai="11,13,17,21,27,31,125,126" m="15559,49737" machi="21" ten="30,4000,0" yaku="19,1,34,2" doraHai="117" who="3" fromWho="3" sc="326,-10,229,-20,332,-10,113,40" /><INIT seed="2,0,0,5,2,17" ten="316,209,322,153" oya="2" hai0="6,110,122,46,118,120,116,108,113,43,77,50,10" hai1="102,39,83,92,25,106,41,34,36,52,66,85,123" hai2="115,70,134,24,61,0,121,37,16,68,1,86,112" hai3="101,15,62,38,44,49,31,29,97,107,74,117,33"/><V51/><F37/><W63/><G117/><N who="0" m="45163" /><D77/><U96/><E123/><N who="0" m="47145" /><D10/><U75/><E41/><V42/><F121/><W48/><G74/><T105/><D105/><U60/><E75/><V87/><F51/><W40/><G31/><T128/><D6/><U81/><E36/><V89/><F42/><W28/><G28/><T90/><D90/><U11/><E39/><V53/><F53/><W111/><G111/><N who="0" m="42539" /><D128/><U21/><E21/><BYE who="1" /><V124/><F89/><W7/><G7/><T135/><D135/><U125/><E125/><V98/><F124/><W104/><G104/><T65/><D65/><U129/><E129/><V30/><F134/><W2/><G107/><T58/><D58/><U127/><E127/><V131/><F131/><W9/><G9/><T32/><D32/><U3/><E3/><V76/><F0/><W12/><G2/><T114/><AGARI ba="0,0" hai="43,46,50,113,114" m="42539,47145,45163" machi="114" ten="40,32000,5" yakuman="50" doraHai="17" who="0" fromWho="0" sc="316,320,209,-80,322,-160,153,-80" /><UN n1="%E6%BC%82%E3%81%86" /><INIT seed="3,0,0,5,2,134" ten="636,129,162,73" oya="3" hai0="96,135,124,132,130,22,68,35,37,92,44,129,1" hai1="24,89,45,61,99,41,15,83,108,84,111,106,8" hai2="62,60,56,118,113,67,91,20,9,101,6,105,95" hai3="79,18,112,55,125,98,122,12,11,123,29,36,97"/><W131/><G112/><T31/><D68/><U10/><E24/><V49/><F118/><W102/><G36/><T27/><D1/><U54/><E61/><V93/><F113/><W16/><G131/><N who="0" m="50187" /><D37/><U115/><E54/><V43/><F105/><W82/><G29/><T51/><D35/><U53/><E53/><V65/><F20/><W14/><G55/><N who="0" m="30183" /><D92/><U19/><E115/><V104/><F104/><W38/><G38/><T100/><D100/><U109/><E106/><V69/><F101/><W5/><G5/><T23/><D96/><U34/><E99/><V77/><F77/><W74/><G125/><T57/><D57/><U94/><E34/><V88/><F95/><W114/><G114/><T33/><D124/><U64/><E64/><V48/><F93/><W75/><G75/><T32/><D32/><U116/><E116/><V21/><F21/><AGARI ba="0,0" hai="21,22,23,27,31,33,132,135" m="30183,50187" machi="21" ten="30,1000,0" yaku="19,1" doraHai="134" who="0" fromWho="2" sc="636,10,129,0,162,-10,73,0" /><INIT seed="4,0,0,4,4,39" ten="646,129,152,73" oya="0" hai0="47,120,67,20,54,23,27,74,131,34,72,134,2" hai1="1,22,65,119,123,102,62,13,5,46,15,77,105" hai2="85,66,116,9,118,79,28,44,50,108,103,99,78" hai3="76,117,126,35,110,122,53,30,115,81,101,129,84"/><T0/><D120/><U7/><E123/><V40/><F108/><W86/><G122/><T132/><D34/><U11/><E119/><N who="2" m="45611" /><F66/><W25/><G110/><T127/><D67/><U98/><E77/><V45/><F85/><W14/><G115/><T82/><D127/><U73/><E73/><N who="0" m="28265" /><D82/><U88/><E22/><N who="0" m="8233" /><D27/><U130/><E130/><V106/><F28/><W87/><G129/><T114/><D47/><U43/><E7/><V94/><F94/><W93/><G126/><T89/><D131/><U113/><E113/><V18/><F45/><W83/><G117/><T59/><D89/><U68/><REACH who="1" step="1"/><E88/><REACH who="1" ten="646,119,152,73" step="2"/><V56/><F79/><W37/><G76/><T124/><D114/><U75/><E75/><V42/><F78/><W112/><G112/><T48/><D124/><U97/><E97/><V21/><F9/><W128/><G128/><T80/><D80/><U71/><E71/><V6/><F6/><W133/><G83/><T38/><D134/><U91/><E91/><V49/><F21/><W52/><G133/><T10/><D132/><U24/><E24/><V33/><F33/><W3/><G81/><T57/><D10/><U70/><E70/><V90/><F90/><W16/><G35/><T96/><D96/><U95/><E95/><V107/><F106/><W12/><G93/><T104/><D104/><U58/><E58/><V4/><F4/><W32/><G32/><T31/><D59/><U55/><E55/><N who="2" m="31855" /><F18/><W61/><G16/><T26/><D54/><AGARI ba="0,1" hai="40,42,44,50,54,99,103,107" m="31855,45611" machi="54" ten="30,3900,0" yaku="12,1,52,2" doraHai="39" who="2" fromWho="0" sc="646,-39,119,0,152,49,73,0" /><INIT seed="5,0,0,5,2,53" ten="607,119,201,73" oya="1" hai0="88,70,20,79,25,4,73,112,121,100,28,91,75" hai1="6,129,110,49,78,21,102,30,62,60,109,113,0" hai2="90,71,45,35,115,27,128,83,116,106,81,41,64" hai3="22,123,10,11,124,65,44,95,57,34,3,55,104"/><U72/><E113/><V1/><F116/><W56/><G104/><T101/><D112/><U77/><E102/><V127/><F1/><W17/><G34/><T86/><D70/><U126/><E0/><V26/><F106/><W74/><G74/><T134/><D4/><U133/><E6/><V59/><F71/><W105/><G105/><T85/><D79/><U66/><E72/><V111/><F111/><N who="1" m="42505" /><E126/><V131/><F127/><W63/><G123/><T80/><D134/><U16/><E30/><N who="2" m="19927" /><F27/><W132/><G132/><T40/><D121/><U92/><E129/><N who="2" m="49739" /><F90/><W36/><G3/><T47/><D75/><U24/><E133/><V29/><F29/><W32/><G32/><T108/><D73/><U119/><E119/><V38/><F115/><W18/><G124/><T67/><D108/><U103/><E78/><V31/><F31/><W114/><G114/><T39/><D67/><U89/><E77/><V84/><F84/><W99/><G44/><T33/><D33/><U50/><E103/><V96/><F96/><W7/><G36/><T68/><D68/><N who="1" m="42055" /><E62/><AGARI ba="0,0" hai="38,41,45,59,62,64,81,83" m="49739,19927" machi="62" ten="30,2000,0" yaku="19,1,52,1" doraHai="53" who="2" fromWho="1" sc="607,0,119,-20,201,20,73,0" /><INIT seed="6,0,0,4,5,100" ten="607,99,221,73" oya="2" hai0="40,81,62,33,108,3,57,13,74,27,126,85,106" hai1="87,134,101,56,130,53,104,94,4,36,132,26,129" hai2="118,98,76,71,78,77,11,60,107,46,63,128,114" hai3="82,37,21,86,31,8,125,124,20,41,121,131,83"/><V43/><F118/><W25/><G121/><T44/><D74/><U34/><E4/><V105/><F98/><W19/><G131/><N who="1" m="50186" /><E36/><V67/><F128/><W15/><G41/><T51/><D3/><U64/><E64/><V95/><F95/><W79/><G37/><T117/><D51/><U113/><E113/><V120/><F120/><W18/><REACH who="3" step="1"/><G82/><REACH who="3" ten="607,99,221,63" step="2"/><T35/><D81/><U47/><E132/><V48/><F114/><W55/><G55/><T112/><D40/><U72/><E134/><V69/><F11/><W2/><G2/><T109/><D112/><U75/><E53/><V45/><F45/><W49/><G49/><T135/><D44/><U24/><E47/><V61/><F67/><W59/><G59/><T42/><D57/><U30/><E56/><V50/><F46/><W111/><G111/><T68/><D135/><U10/><E10/><V127/><F43/><W96/><G96/><T92/><D42/><U116/><E116/><V119/><F119/><W39/><G39/><T17/><D117/><U115/><E115/><V58/><F58/><W65/><G65/><T88/><D108/><U123/><E123/><V90/><F48/><W6/><G6/><T99/><D109/><U32/><E72/><V23/><F50/><W89/><G89/><T84/><D88/><N who="1" m="53535" /><E75/><V38/><F38/><W14/><AGARI ba="0,1" hai="8,14,15,18,19,20,21,25,31,79,83,86,124,125" machi="14" ten="30,2000,0" yaku="1,1,0,1,53,0" doraHai="100" doraHaiUra="29" who="3" fromWho="3" sc="607,-5,99,-5,221,-10,63,30" /><INIT seed="7,0,0,0,3,94" ten="602,94,211,93" oya="3" hai0="130,76,34,44,126,95,87,106,53,39,20,32,0" hai1="128,33,61,28,15,77,118,46,88,50,132,64,113" hai2="69,60,111,96,71,133,30,40,105,100,14,35,104" hai3="29,112,125,36,82,89,27,110,55,123,51,13,58"/><W120/><G36/><T107/><D0/><U66/><E77/><V74/><F111/><W103/><G110/><T119/><D39/><U121/><E33/><V90/><F74/><W70/><G70/><T26/><D34/><U73/><E28/><V78/><F78/><W38/><G38/><T18/><D119/><U83/><E73/><V116/><F40/><W21/><G112/><T91/><D126/><U59/><E121/><V67/><F133/><W5/><G125/><T62/><D130/><U81/><E113/><V124/><F105/><W43/><G43/><T19/><D32/><U127/><E127/><V135/><F135/><W85/><REACH who="3" step="1"/><G103/><REACH who="3" ten="602,94,211,83" step="2"/><T115/><D115/><U7/><E118/><V8/><F71/><W3/><G3/><T25/><D106/><U31/><E128/><V97/><F116/><W42/><G42/><T75/><D107/><U22/><E132/><V11/><F124/><W92/><G92/><T102/><D95/><U93/><E81/><V79/><F100/><W37/><G37/><T63/><D102/><U24/><E83/><V1/><F69/><W129/><G129/><T2/><D2/><U47/><E64/><V4/><F67/><W49/><G49/><T84/><D53/><U54/><E66/><V56/><F1/><W52/><G52/><T48/><D48/><U65/><E65/><V109/><F104/><W117/><G117/><T68/><D68/><U72/><E50/><V16/><F109/><W86/><G86/><T122/><D87/><N who="1" m="52383" /><E72/><V80/><F80/><W134/><G134/><T57/><D75/><U17/><E31/><RYUUKYOKU ba="0,1" sc="602,-15,94,15,211,-15,83,15" hai1="7,15,17,22,24,46,47,54,59,61" hai3="5,13,21,27,29,51,55,58,82,85,89,120,123" /><INIT seed="7,1,1,2,0,106" ten="587,109,196,98" oya="3" hai0="11,97,77,42,49,90,105,87,65,104,14,76,71" hai1="59,70,1,126,112,124,132,83,56,120,101,20,67" hai2="133,69,55,21,4,41,122,62,61,64,86,134,117" hai3="51,45,52,38,48,129,37,72,16,28,121,13,44"/><W80/><G121/><T89/><D71/><U113/><E120/><V114/><F122/><W23/><G129/><T96/><D65/><U3/><E101/><V111/><F111/><W66/><G66/><T135/><D42/><U0/><E132/><V131/><F41/><W35/><G35/><T60/><D60/><N who="1" m="40295" /><E20/><V118/><F114/><N who="1" m="44137" /><E83/><V26/><F4/><W12/><G28/><T46/><D49/><U82/><E82/><V43/><F43/><W94/><G12/><T50/><D46/><U115/><N who="1" m="44145" /><U31/><DORA hai="123" /><E31/><V53/><F21/><W22/><G22/><T7/><D50/><U18/><E18/><V63/><F69/><W93/><G93/><T109/><D109/><U127/><AGARI ba="1,1" hai="0,1,3,56,59,124,126,127" m="44145,40295" machi="127" ten="60,4000,0" yaku="18,1,15,1" doraHai="106,123" who="1" fromWho="1" sc="587,-11,109,53,196,-11,98,-21" owari="576,67.0,162,-24.0,185,-1.0,77,-42.0" /></mjloggm>