<mjloggm ver="2.3"><GO type="185" lobby="0"/><UN n0="%E3%82%86%E3%82%88%E3%81%BD%E3%83%BC" n1="%E3%83%8F%E3%83%94%E3%83%AA%E3%83%83%E3%83%88" n2="%4D%55%54%41%E3%81%A1%E3%82%83%E3%82%93" n3="" dan="16,16,16,0" rate="2139.46,2158.33,2157.93,1500.00" sx="M,M,M,C"/><TAIKYOKU oya="0"/><INIT seed="0,0,0,0,4,42" ten="350,350,350,0" oya="0" hai0="106,45,48,113,108,82,81,60,33,124,109,73,88" hai1="54,104,110,65,41,66,116,84,34,51,134,93,101" hai2="95,62,115,83,129,112,114,90,94,111,92,38,120" hai3=""/><T131/><D113/><U71/><E116/><V61/><N who="2" m="30752" /><V85/><F111/><N who="0" m="42570" /><D33/><U135/><E34/><V128/><REACH who="2" step="1"/><F38/><REACH who="2" ten="350,350,340,0" step="2"/><T69/><D131/><AGARI ba="0,1" hai="61,62,83,85,90,92,94,95,112,114,115,128,129,131" m="30752" machi="131" ten="50,8000,1" yaku="1,1,2,1,19,1,52,1,53,1" doraHai="42" doraHaiUra="86" who="2" fromWho="0" sc="350,-80,350,0,340,90,0,0" /><INIT seed="1,0,0,0,3,67" ten="270,350,430,0" oya="1" hai0="129,70,106,126,49,65,90,117,95,105,36,114,32" hai1="121,118,58,132,116,39,56,87,3,63,47,81,52" hai2="89,96,54,77,59,130,123,113,92,80,57,91,38" hai3=""/><U103/><N who="1" m="31008" /><U71/><E3/><V46/><N who="2" m="31520" /><V43/><F130/><T53/><D32/><U42/><E132/><V83/><F113/><T62/><D114/><U125/><E125/><V111/><F111/><T102/><D129/><U134/><E134/><V97/><F83/><T99/><D36/><U34/><E34/><V85/><F54/><T72/><D72/><U74/><E74/><V0/><F0/><T45/><D117/><U41/><E41/><V2/><F2/><T1/><D1/><U66/><E103/><V127/><F127/><T55/><D126/><U84/><E58/><V60/><F60/><T100/><D100/><U61/><REACH who="1" step="1"/><E87/><REACH who="1" ten="270,340,430,0" step="2"/><V108/><F108/><T73/><D73/><U82/><E82/><V115/><F115/><T50/><REACH who="0" step="1"/><D102/><REACH who="0" ten="260,340,430,0" step="2"/><U51/><E51/><V120/><F120/><T112/><D112/><U93/><E93/><AGARI ba="0,2" hai="38,43,46,57,59,77,80,85,89,91,92,93,96,97" m="31520" machi="93" ten="40,2600,0" yaku="9,1,52,1" doraHai="67" who="2" fromWho="1" sc="260,0,340,-26,430,46,0,0" /><INIT seed="2,0,0,0,3,39" ten="260,314,476,0" oya="2" hai0="53,35,114,102,60,34,98,67,107,49,73,99,47" hai1="63,129,40,133,79,76,106,135,112,110,62,122,56" hai2="111,88,32,83,3,118,71,36,33,85,91,69,51" hai3=""/><V115/><F115/><T80/><D114/><U90/><N who="1" m="31264" /><U93/><E112/><V108/><F36/><T124/><D124/><U87/><E106/><V121/><N who="2" m="31008" /><V1/><F118/><T61/><D99/><U105/><E105/><V48/><F85/><T2/><D2/><U128/><E110/><V64/><F83/><T126/><D126/><U95/><E40/><V131/><REACH who="2" step="1"/><F64/><REACH who="2" ten="260,314,466,0" step="2"/><T120/><N who="0" m="30752" /><T74/><D80/><U89/><E87/><V0/><F0/><T70/><REACH who="0" step="1"/><D61/><REACH who="0" ten="250,314,466,0" step="2"/><U50/><E62/><V86/><F86/><T127/><D127/><U55/><E63/><V117/><F117/><T58/><D58/><U130/><E56/><V132/><F132/><T78/><D78/><U41/><E76/><V42/><F42/><T104/><D104/><U37/><E79/><V92/><F92/><T38/><D38/><U66/><E37/><V113/><F113/><T109/><D109/><U119/><E93/><V46/><F46/><T57/><D57/><U123/><E95/><V59/><F59/><T116/><D116/><U101/><E133/><V52/><F52/><T75/><AGARI ba="0,2" hai="34,35,47,49,53,60,67,70,73,74,75,98,102,107" m="30752" machi="75" ten="30,5900,0" yaku="1,1,0,1,52,1,53,1" doraHai="39" doraHaiUra="97" who="0" fromWho="0" sc="250,79,314,-20,466,-39,0,0" /><INIT seed="4,0,0,1,3,38" ten="329,294,427,0" oya="0" hai0="99,37,58,79,91,126,1,92,36,72,86,134,83" hai1="103,122,130,32,51,63,95,89,114,110,96,54,44" hai2="129,121,68,84,131,42,40,50,43,62,88,94,135" hai3=""/><T56/><D1/><U133/><N who="1" m="31264" /><U55/><E32/><V46/><N who="2" m="31008" /><V97/><F135/><T102/><D134/><U60/><E133/><V67/><REACH who="2" step="1"/><F97/><REACH who="2" ten="329,294,417,0" step="2"/><T106/><D126/><U35/><E35/><V108/><F108/><T116/><D116/><U69/><E110/><V34/><F34/><T107/><D107/><U77/><E130/><AGARI ba="0,1" hai="40,42,43,46,50,62,67,68,84,88,94,129,130,131" m="31008" machi="130" ten="40,16000,3" yaku="1,1,19,1,52,4,54,1,53,1" doraHai="38" doraHaiUra="117" who="2" fromWho="1" sc="329,0,294,-160,417,170,0,0" /><INIT seed="5,0,0,5,5,56" ten="329,134,587,0" oya="1" hai0="115,45,86,71,114,69,106,84,131,108,107,35,3" hai1="124,113,58,98,49,80,97,81,54,133,53,62,135" hai2="110,91,0,73,44,109,111,87,96,130,117,2,38" hai3=""/><U43/><E124/><V60/><F117/><T116/><D108/><U57/><E113/><V64/><F73/><T46/><D131/><U52/><E43/><V40/><F96/><T70/><D116/><U90/><E53/><V67/><F130/><T78/><D78/><U126/><E126/><V48/><F38/><T59/><D59/><U72/><E72/><V61/><F67/><T119/><D119/><U83/><REACH who="1" step="1"/><E90/><REACH who="1" ten="329,124,587,0" step="2"/><V50/><F111/><T118/><D118/><U32/><E32/><V125/><F110/><T66/><D35/><U127/><E127/><V88/><F125/><T94/><D115/><U100/><E100/><V55/><F109/><T85/><D114/><U104/><E104/><V41/><F40/><T42/><D42/><U103/><E103/><V34/><F34/><T132/><D107/><U121/><N who="1" m="31008" /><U1/><E1/><V99/><F41/><T129/><D106/><U76/><E76/><V36/><F0/><T37/><D3/><U51/><E51/><V68/><F48/><T65/><D129/><U75/><E75/><V93/><F2/><T128/><D128/><U123/><N who="1" m="31520" /><U102/><E102/><V39/><F50/><T122/><D122/><U95/><E95/><V82/><F93/><RYUUKYOKU ba="0,1" sc="329,-10,124,20,587,-10,0,0" hai1="49,52,54,57,58,62,80,81,83,97,98,133,135" /><INIT seed="5,1,1,5,0,66" ten="319,144,577,0" oya="1" hai0="108,58,107,83,62,57,111,125,114,104,54,41,120" hai1="73,56,86,77,93,106,103,128,76,98,49,47,68" hai2="51,96,123,99,78,100,70,121,127,109,3,102,88" hai3=""/><U59/><E128/><V82/><N who="2" m="31008" /><V46/><N who="2" m="31520" /><V40/><F109/><T48/><N who="0" m="30752" /><T126/><D114/><U130/><E130/><V112/><F3/><T43/><D83/><U74/><E68/><V122/><N who="2" m="31264" /><V85/><F70/><T80/><D80/><U67/><E77/><V45/><F127/><N who="0" m="48650" /><D43/><U65/><E76/><V61/><F112/><T91/><D91/><U72/><E86/><V0/><F0/><T110/><D41/><U81/><E81/><V35/><F35/><T115/><D115/><U52/><REACH who="1" step="1"/><E106/><REACH who="1" ten="319,134,577,0" step="2"/><V1/><F78/><T63/><D107/><U79/><E79/><V133/><F1/><T90/><D104/><U33/><E33/><V42/><F99/><T38/><D111/><U39/><E39/><V60/><F96/><T94/><D38/><U89/><E89/><V69/><F69/><T129/><D129/><U101/><E101/><V113/><F102/><T131/><D131/><U34/><E34/><V75/><F100/><T55/><D110/><U44/><E44/><V92/><F46/><T118/><D108/><U117/><E117/><V64/><F45/><T32/><D32/><U134/><E134/><V36/><F133/><T124/><N who="0" m="48658" /><T37/><DORA hai="50" /><D118/><RYUUKYOKU ba="1,2" sc="319,-10,134,20,577,-10,0,0" hai1="47,49,52,56,59,65,67,72,73,74,93,98,103" /><INIT seed="5,2,2,4,1,72" ten="309,154,567,0" oya="1" hai0="65,36,69,0,124,91,93,50,134,116,89,34,46" hai1="111,131,47,133,112,95,87,127,129,49,2,58,33" hai2="121,60,94,56,114,1,70,98,102,117,92,43,37" hai3=""/><U79/><E2/><V88/><N who="2" m="31008" /><V45/><F117/><T76/><D34/><U125/><E33/><V110/><F114/><T48/><D0/><U105/><E105/><V85/><F70/><T128/><D116/><U130/><E112/><V81/><F1/><T40/><D124/><N who="1" m="47691" /><E111/><V53/><REACH who="2" step="1"/><F110/><REACH who="2" ten="309,154,557,0" step="2"/><T82/><D69/><U32/><E32/><V103/><F103/><T113/><D113/><U101/><E58/><V38/><F38/><T51/><D36/><U109/><E109/><V61/><F61/><T75/><D51/><U118/><E118/><V42/><F42/><T59/><D50/><U132/><E101/><V97/><F97/><T74/><D59/><U107/><E107/><AGARI ba="2,3" hai="37,43,45,53,56,60,81,85,88,92,94,98,102,107" m="31008" machi="107" ten="30,7700,0" yaku="1,1,7,1,52,1,54,1,53,0" doraHai="72" doraHaiUra="104" who="2" fromWho="1" sc="309,0,154,-81,557,111,0,0" /><INIT seed="6,0,0,4,4,100" ten="309,73,668,0" oya="2" hai0="130,94,70,131,51,52,132,128,65,47,97,57,129" hai1="63,112,118,127,55,114,91,106,122,113,79,59,133" hai2="66,60,40,0,76,39,58,86,38,32,90,116,89" hai3=""/><V120/><N who="2" m="30752" /><V1/><F116/><T115/><D131/><U49/><N who="1" m="31264" /><U68/><E118/><V126/><F32/><T104/><D132/><U69/><E79/><V87/><F76/><T35/><D35/><U3/><E3/><V108/><F108/><T48/><D104/><U2/><E2/><V107/><F126/><T74/><D74/><U56/><E91/><V77/><F77/><T73/><D73/><U44/><E106/><V95/><F107/><T110/><D52/><U37/><E127/><V64/><F39/><T92/><D57/><U72/><E72/><V46/><F64/><T85/><D47/><U99/><E99/><V81/><AGARI ba="0,0" hai="0,1,38,40,46,58,60,66,81,86,87,89,90,95" m="30752" machi="81" ten="20,2600,0" yaku="0,1,7,1,52,1" doraHai="100" who="2" fromWho="2" sc="309,-13,73,-13,668,26,0,0" owari="296,-10.0,60,-54.0,694,64.0,0,0.0" /></mjloggm>