<mjloggm ver="2.3"><GO type="169" lobby="0"/><UN n0="%E3%81%86%E3%81%AA%E3%81%8E%E9%BA%BA" n1="%7A%65%52%6F" n2="%E3%83%AA%E3%83%BC%E3%83%95%E3%82%A3%E3%82%A2" n3="%E3%81%97%E3%81%BE%E3%81%A0%E3%81%BE%32" dan="16,16,16,16" rate="2054.45,2147.37,2110.54,2079.59" sx="M,M,F,M"/><TAIKYOKU oya="0"/><INIT seed="0,0,0,4,3,83" ten="250,250,250,250" oya="0" hai0="4,109,108,98,36,97,102,78,9,89,13,128,127" hai1="5,85,26,100,130,1,106,95,121,135,104,38,68" hai2="101,133,37,112,54,62,116,10,44,18,73,118,64" hai3="110,92,86,22,94,8,114,42,21,124,19,40,129"/><T75/><D36/><U107/><E68/><V111/><F112/><W84/><G114/><T99/><D127/><U134/><E38/><V24/><F73/><W81/><G129/><T60/><D128/><U120/><E26/><V3/><F133/><N who="1" m="50697" /><E5/><V88/><F111/><N who="0" m="42570" /><D78/><U71/><E1/><V55/><F101/><W113/><G110/><T69/><D75/><U2/><E2/><V66/><F66/><W61/><G61/><T31/><D31/><U72/><E71/><V33/><F37/><W51/><G113/><T123/><D123/><N who="1" m="47179" /><E72/><V11/><F44/><W34/><G124/><T52/><D89/><N who="1" m="53679" /><E130/><V74/><F3/><W14/><G34/><T49/><D60/><U65/><E65/><V0/><F0/><W35/><G35/><T70/><D102/><AGARI ba="0,0" hai="100,102,104,106,107" m="53679,47179,50697" machi="102" ten="40,8000,1" yaku="20,1,34,2,52,1" doraHai="83" who="1" fromWho="0" sc="250,-80,250,80,250,0,250,0" /><INIT seed="1,0,0,1,5,127" ten="170,330,250,250" oya="1" hai0="80,104,48,110,122,119,76,15,4,132,70,109,115" hai1="0,106,128,92,56,113,47,41,66,49,18,2,118" hai2="51,116,62,86,19,134,91,88,79,101,112,98,14" hai3="58,3,99,57,67,123,130,9,121,28,93,30,1"/><U60/><E113/><V12/><F116/><W39/><G39/><T69/><D104/><U73/><E118/><V117/><F117/><W84/><G84/><T27/><D115/><U131/><E106/><V25/><F134/><W129/><G93/><T35/><D119/><U65/><E73/><V50/><F62/><W42/><G42/><T74/><D70/><U33/><E33/><V44/><F79/><W105/><G105/><T22/><D69/><U5/><E65/><V38/><F38/><W83/><G9/><T87/><D74/><U107/><E107/><V126/><F51/><W40/><G40/><T72/><D72/><U120/><E120/><V21/><F126/><W24/><G24/><T90/><D90/><U55/><E5/><V94/><F91/><W133/><G83/><T108/><D132/><U89/><E18/><V64/><F64/><W52/><G67/><T23/><D122/><U78/><E78/><V95/><REACH who="2" step="1"/><F112/><REACH who="2" ten="170,330,240,250" step="2"/><W53/><G133/><T77/><D77/><U46/><E66/><V97/><F97/><AGARI ba="0,1" hai="1,3,28,30,52,53,57,58,97,99,121,123,129,130" machi="97" ten="25,8000,1" yaku="22,2,52,2,54,1" doraHai="127" who="3" fromWho="2" sc="170,0,330,0,240,-80,250,90" /><INIT seed="2,0,0,1,1,53" ten="170,330,160,340" oya="2" hai0="108,135,107,26,85,67,40,104,29,100,3,22,116" hai1="50,63,123,98,106,42,46,115,17,44,121,61,118" hai2="0,84,91,122,30,8,125,119,114,36,4,80,57" hai3="105,35,39,27,11,14,109,43,89,32,88,19,41"/><V1/><F122/><W77/><G105/><T71/><D3/><U112/><E106/><V20/><F119/><W69/><G69/><T59/><D71/><U9/><E98/><V23/><F114/><W133/><G77/><T126/><D40/><U68/><E17/><V58/><F36/><W2/><G35/><T87/><D108/><U37/><E9/><V5/><F125/><W34/><G109/><T102/><D126/><U16/><E16/><V96/><F96/><W65/><G34/><T99/><D102/><U81/><E81/><V70/><F70/><W101/><G65/><T131/><D131/><U55/><E118/><V13/><F5/><W90/><G101/><T124/><D124/><U79/><E79/><V49/><F49/><W127/><G39/><T18/><D116/><U95/><E95/><V83/><F83/><W10/><G133/><T74/><D74/><U103/><E103/><V110/><F110/><W132/><G132/><T24/><D107/><U21/><E21/><V134/><F134/><W51/><G51/><T97/><D97/><U38/><E37/><V64/><F64/><W6/><G127/><T75/><D75/><U82/><E82/><V12/><F0/><W66/><G66/><T7/><D7/><U94/><E94/><V72/><F72/><W73/><G73/><T62/><REACH who="0" step="1"/><D135/><REACH who="0" ten="160,330,160,340" step="2"/><U52/><E68/><V117/><F117/><W60/><G41/><T25/><D25/><U120/><REACH who="1" step="1"/><E55/><REACH who="1" ten="160,320,160,340" step="2"/><V28/><F1/><W54/><G43/><T15/><D15/><U76/><E76/><V113/><F13/><W86/><G14/><RYUUKYOKU ba="0,2" sc="160,15,320,15,160,-15,340,-15" hai0="18,22,24,26,29,59,62,67,85,87,99,100,104" hai1="38,42,44,46,50,52,61,63,112,115,120,121,123" /><INIT seed="3,1,2,3,0,32" ten="175,335,145,325" oya="3" hai0="72,106,97,18,2,98,53,50,82,28,107,88,54" hai1="57,62,133,56,127,132,124,102,30,78,45,9,81" hai2="77,134,80,114,41,47,103,46,111,43,22,29,10" hai3="116,112,94,79,48,110,55,6,14,37,25,76,117"/><W51/><G37/><T87/><D72/><U130/><E30/><V68/><F114/><W20/><G112/><T15/><D28/><U5/><E102/><V89/><F68/><W52/><G110/><T23/><D2/><N who="1" m="183" /><E45/><V16/><F134/><N who="1" m="51817" /><E130/><V73/><F103/><W27/><G6/><T123/><D123/><U7/><E7/><V26/><F111/><W11/><G11/><T84/><D106/><U21/><E21/><V126/><F126/><N who="1" m="48169" /><E62/><V109/><F109/><W49/><G20/><T40/><D107/><U59/><E57/><V121/><F121/><W93/><G49/><T36/><D36/><U131/><E131/><V74/><F47/><W24/><G24/><T4/><D4/><U135/><N who="1" m="51825" /><U129/><DORA hai="83" /><E129/><V86/><F46/><W66/><G14/><T64/><D40/><U31/><E31/><V122/><F122/><W19/><G19/><T96/><D50/><U128/><E128/><V65/><F43/><W100/><G100/><T0/><D0/><U13/><E13/><V71/><F41/><W70/><G70/><T63/><REACH who="0" step="1"/><D87/><AGARI ba="1,2" hai="56,59,78,81,87" m="48169,51825,183" machi="87" ten="40,8000,1" yaku="20,1,18,1,52,2" doraHai="32,83" who="1" fromWho="0" sc="175,-83,335,103,145,0,325,0" /><INIT seed="4,0,0,3,1,88" ten="92,438,145,325" oya="0" hai0="97,98,59,121,117,53,115,23,85,3,54,39,32" hai1="71,101,27,94,6,81,18,24,79,93,37,34,124" hai2="67,13,22,28,131,33,74,122,100,134,120,72,83" hai3="14,19,40,60,84,126,128,92,80,45,123,43,109"/><T21/><D117/><U29/><E71/><V1/><F1/><W57/><G109/><T35/><D121/><U26/><E37/><V49/><F33/><W69/><G69/><T133/><D3/><U44/><E124/><V36/><F36/><W87/><G126/><T12/><D39/><U8/><E44/><V118/><F118/><W41/><G128/><T132/><D12/><U78/><E78/><V0/><F0/><W107/><G107/><T73/><D85/><U4/><E101/><V65/><F100/><W38/><G87/><T51/><D51/><U42/><E42/><V86/><F49/><W95/><G45/><T9/><D59/><U112/><E112/><V66/><F134/><W25/><G25/><T104/><D9/><U96/><E96/><V10/><F131/><W63/><G123/><T47/><D47/><U110/><E110/><V89/><F122/><W31/><G31/><T99/><D104/><U102/><E102/><V116/><F116/><W127/><G127/><T55/><D73/><U114/><E114/><V130/><F130/><W61/><G57/><T56/><D56/><U7/><E34/><N who="0" m="12841" /><D115/><U30/><E79/><V46/><F46/><W11/><REACH who="3" step="1"/><G38/><REACH who="3" ten="92,438,145,315" step="2"/><T125/><D125/><U5/><E30/><V119/><F119/><W20/><G20/><AGARI ba="0,1" hai="20,21,23,53,54,55,97,98,99,132,133" m="12841" machi="20" ten="40,3900,0" yaku="28,2" doraHai="88" who="0" fromWho="3" sc="92,49,438,0,145,0,315,-39" /><INIT seed="4,1,0,2,5,89" ten="141,438,145,276" oya="0" hai0="107,23,122,11,46,12,59,113,44,129,103,1,62" hai1="81,128,29,25,95,97,91,71,74,51,83,21,92" hai2="111,65,31,87,130,134,47,43,42,85,120,119,99" hai3="69,86,9,26,104,58,88,55,5,118,53,19,33"/><T56/><D122/><U109/><E109/><V102/><F111/><W63/><G104/><T100/><D113/><U121/><E121/><V30/><F120/><W4/><G69/><T106/><D1/><U80/><E128/><V77/><F130/><W13/><G118/><T117/><D117/><U96/><E71/><V20/><F119/><W126/><G126/><T8/><D23/><U16/><E74/><V40/><F65/><W125/><G125/><T67/><D12/><U61/><E61/><V101/><F134/><W98/><G98/><T73/><D62/><U48/><E29/><V105/><F102/><AGARI ba="1,0" hai="16,21,25,48,51,80,81,83,91,92,95,96,97,102" machi="102" ten="40,8000,1" yaku="8,1,52,2,54,1" doraHai="89" who="1" fromWho="2" sc="141,0,438,83,145,-83,276,0" /><INIT seed="5,0,0,1,0,100" ten="141,521,62,276" oya="1" hai0="75,66,134,74,123,98,40,7,31,49,117,42,23" hai1="36,55,50,26,101,130,73,92,90,37,124,2,14" hai2="51,4,5,133,43,89,129,88,69,82,72,63,126" hai3="86,125,9,67,29,135,27,25,113,10,87,22,118"/><U109/><E2/><V81/><F133/><W65/><G113/><T115/><D117/><U3/><E3/><V59/><F129/><W119/><G125/><T106/><D66/><U78/><E130/><V56/><F69/><W54/><G54/><T46/><D7/><U6/><E124/><V102/><F102/><W85/><G135/><T38/><D31/><U99/><E109/><V122/><F122/><W1/><G27/><T60/><D60/><U131/><E131/><V62/><F72/><W71/><G71/><T91/><D23/><U111/><E111/><V110/><F110/><W18/><G10/><T96/><D91/><U41/><E41/><V79/><F126/><W19/><G19/><T97/><D106/><U8/><E26/><V77/><F51/><W64/><G29/><T15/><D15/><U12/><E12/><V132/><F132/><W108/><G108/><T95/><D134/><U94/><E78/><V57/><F57/><W13/><G1/><T112/><D95/><U11/><E73/><N who="0" m="27657" /><D123/><U107/><E11/><V84/><F84/><W45/><G45/><T53/><D38/><U68/><E68/><V127/><F127/><W28/><AGARI ba="0,0" hai="9,13,18,22,25,28,64,65,67,85,86,87,118,119" machi="28" ten="40,1500,0" yaku="0,1" doraHai="100" who="3" fromWho="3" sc="141,-4,521,-7,62,-4,276,15" /><INIT seed="6,0,0,0,1,113" ten="137,514,58,291" oya="2" hai0="57,25,58,77,132,87,28,127,6,98,72,51,97" hai1="102,75,134,90,101,39,41,38,68,96,78,15,100" hai2="131,55,36,27,125,91,79,76,14,50,117,60,116" hai3="32,13,47,71,56,12,86,109,82,16,124,80,8"/><V108/><F36/><W2/><G71/><T9/><D72/><U7/><E68/><V122/><F122/><W3/><G32/><T37/><D37/><U112/><E112/><V114/><F114/><W69/><G69/><T123/><D123/><U95/><E134/><V49/><F131/><W18/><G109/><T84/><D84/><U92/><E92/><V0/><F0/><W107/><G107/><T31/><D31/><U66/><E66/><V46/><F60/><W20/><G124/><T130/><D58/><U67/><E67/><V135/><F135/><W64/><G80/><T111/><D111/><U23/><E41/><V62/><F108/><W33/><G33/><T119/><D132/><U65/><E65/><V121/><F121/><W17/><G17/><T81/><D127/><U48/><E48/><N who="2" m="29079" /><F62/><W126/><G126/><T24/><D130/><U128/><E128/><V1/><F1/><W11/><G20/><N who="0" m="15367" /><D25/><U94/><E39/><V85/><F125/><W61/><G47/><T120/><D120/><U93/><E38/><V73/><F27/><W54/><G64/><T103/><D103/><U45/><E45/><V42/><F73/><W129/><G129/><T30/><D30/><U53/><E53/><V110/><F110/><W118/><G3/><N who="0" m="223" /><D119/><N who="2" m="45642" /><F42/><W74/><G2/><T89/><D77/><N who="2" m="29770" /><F14/><W63/><G118/><T22/><D22/><U35/><E35/><V5/><F5/><W133/><G133/><T70/><D70/><U26/><E26/><V59/><F59/><N who="3" m="35063" /><G74/><T88/><D89/><U99/><E90/><V44/><F44/><W83/><G56/><RYUUKYOKU ba="0,0" sc="137,15,514,-15,58,15,291,-15" hai0="51,57,81,87,88,97,98" hai2="49,50,85,91" /><INIT seed="6,1,0,0,0,105" ten="152,499,73,276" oya="2" hai0="126,21,96,86,104,19,63,43,38,129,3,49,25" hai1="127,6,71,74,120,54,97,89,67,26,134,42,108" hai2="90,30,110,84,99,117,17,82,47,16,48,10,14" hai3="123,59,100,29,111,65,116,68,83,77,15,12,46"/><V107/><F117/><W11/><G68/><T98/><D38/><U66/><E108/><V69/><F69/><W64/><G123/><T122/><D122/><U125/><E74/><V13/><F110/><W75/><G100/><T5/><D3/><U27/><E134/><V101/><F30/><W135/><G135/><T24/><D5/><U52/><E42/><V85/><F85/><W45/><G29/><T88/><D104/><U22/><E6/><V31/><F31/><W106/><G106/><T93/><D129/><U56/><E71/><V78/><F78/><W80/><G59/><T33/><D33/><U20/><E89/><V112/><F112/><W0/><G11/><T23/><D63/><U133/><E97/><N who="0" m="37481" /><D126/><U35/><E56/><V2/><F2/><W114/><G75/><T32/><D32/><U131/><E35/><V115/><F115/><W53/><G53/><T102/><D102/><U124/><E133/><V87/><F87/><W109/><G77/><T73/><D73/><U91/><E91/><V44/><REACH who="2" step="1"/><F48/><REACH who="2" ten="152,499,63,276" step="2"/><W119/><G114/><T81/><D49/><U94/><E125/><V58/><F58/><W37/><G0/><T70/><D70/><U72/><E72/><V18/><F18/><W95/><G37/><T130/><D130/><U62/><E131/><V76/><F76/><W28/><G28/><N who="0" m="17423" /><D81/><U50/><E50/><V92/><F92/><AGARI ba="1,1" hai="12,15,45,46,64,65,80,83,92,95,109,111,116,119" machi="92" ten="25,1600,0" yaku="22,2" doraHai="105" who="3" fromWho="2" sc="152,0,499,0,63,-19,276,29" /><INIT seed="7,0,0,2,2,23" ten="152,499,44,305" oya="3" hai0="73,102,40,134,91,84,26,31,125,59,42,7,54" hai1="25,108,131,107,86,52,57,115,60,129,109,51,83" hai2="62,32,123,89,56,68,15,85,58,128,87,30,80" hai3="12,2,35,50,103,3,75,67,19,106,90,16,44"/><W8/><G75/><T36/><D73/><U14/><E107/><V0/><F0/><W6/><G67/><T104/><D7/><U92/><E115/><V20/><F32/><W111/><G111/><T124/><D102/><U78/><E14/><V116/><F116/><W43/><G35/><N who="0" m="20983" /><D104/><U28/><E92/><V47/><F123/><W120/><G120/><T38/><D134/><U135/><E135/><V17/><F128/><N who="1" m="49225" /><E60/><V132/><F132/><W76/><G90/><T77/><D77/><U22/><AGARI ba="0,0" hai="22,25,28,51,52,57,78,83,86,108,109" m="49225" machi="22" ten="30,4000,0" yaku="19,1,52,1,54,1" doraHai="23" who="1" fromWho="1" sc="152,-10,499,40,44,-10,305,-20" owari="142,-26.0,539,64.0,34,-47.0,285,9.0" /></mjloggm>