<mjloggm ver="2.3"><GO type="225" lobby="0"/><UN n0="%E3%81%8A%E3%81%B0%E3%81%82%E3%81%AB%E3%82%83%E3%82%93" n1="%E9%B3%B4%E3%81%8D%E3%83%80%E3%83%AB%E3%83%9E" n2="%E3%81%95%E3%81%8D%E3%81%9F%E3%81%BE%E6%9E%97%E6%AA%8E" n3="%E5%B2%B8%E6%98%8E%E6%97%A5%E9%A6%99" dan="16,16,16,17" rate="2156.32,2131.84,2094.78,2131.67" sx="M,M,M,M"/><TAIKYOKU oya="0"/><INIT seed="0,0,0,3,3,63" ten="250,250,250,250" oya="0" hai0="133,92,41,75,99,24,50,80,13,15,81,34,36" hai1="61,87,71,102,111,85,28,30,96,74,82,58,14" hai2="20,98,72,115,46,104,17,0,78,53,73,31,25" hai3="120,55,43,134,22,29,117,54,86,89,97,110,76"/><T135/><D36/><U100/><E111/><V101/><F115/><W6/><G117/><T126/><D126/><U60/><E71/><V108/><F108/><W45/><G110/><T90/><D34/><U62/><E74/><V130/><F130/><W114/><G114/><T21/><D50/><U56/><E14/><N who="0" m="5129" /><D41/><U107/><E100/><V66/><F0/><W42/><G6/><T93/><D93/><U128/><E128/><V105/><F105/><W116/><G45/><T3/><D3/><U35/><E87/><V131/><F131/><W124/><G124/><T64/><D64/><U94/><E107/><V16/><F66/><W44/><G44/><T103/><D103/><U23/><E35/><V88/><F88/><W7/><G43/><T77/><D77/><U127/><E127/><V39/><F39/><W9/><G42/><T69/><D69/><U19/><E58/><V84/><F73/><W65/><G65/><T37/><D75/><U129/><E56/><V132/><F132/><N who="0" m="50762" /><D37/><U79/><REACH who="1" step="1"/><E129/><REACH who="1" ten="250,240,250,250" step="2"/><V32/><F32/><W95/><G134/><T47/><D47/><U27/><AGARI ba="0,1" hai="19,23,27,28,30,60,61,62,79,82,85,94,96,102" machi="27" ten="30,8000,1" yaku="1,1,2,1,0,1,8,1,53,1" doraHai="63" doraHaiUra="83" who="1" fromWho="1" sc="250,-40,240,90,250,-20,250,-20" /><INIT seed="1,0,0,0,5,62" ten="210,330,230,230" oya="1" hai0="1,115,54,4,82,130,71,126,132,117,98,3,7" hai1="85,135,43,33,124,51,6,57,113,70,73,13,61" hai2="8,76,97,74,101,21,48,56,39,93,22,65,2" hai3="44,67,123,131,128,133,88,36,110,5,14,37,95"/><U111/><E113/><V129/><F39/><W120/><G110/><T64/><D115/><U127/><E73/><V25/><F129/><N who="3" m="49739" /><G133/><T66/><D117/><U114/><E114/><V69/><F69/><W104/><G104/><T75/><D71/><U30/><E135/><V77/><F74/><W9/><G67/><N who="0" m="25643" /><D3/><U42/><E111/><V81/><F2/><W45/><G36/><T99/><D1/><U34/><E70/><V72/><F77/><W53/><G37/><T17/><D75/><U100/><E100/><V78/><F76/><W107/><G107/><T12/><D132/><U10/><E85/><V35/><F35/><W18/><G5/><N who="0" m="2123" /><D130/><U46/><E43/><V50/><F8/><W20/><G9/><N who="0" m="6287" /><D126/><N who="1" m="48171" /><E30/><N who="2" m="17711" /><F22/><W109/><G109/><T23/><D23/><U86/><E86/><V87/><F72/><W19/><G123/><T105/><D105/><U68/><E68/><V103/><F103/><W0/><G0/><T83/><D54/><AGARI ba="0,0" hai="6,10,13,33,34,42,46,51,54,57,61" m="48171" machi="54" ten="30,1500,0" yaku="18,1" doraHai="62" who="1" fromWho="0" sc="210,-15,330,15,230,0,230,0" /><INIT seed="1,1,0,1,5,85" ten="195,345,230,230" oya="1" hai0="2,44,83,126,107,80,97,63,88,110,68,98,89" hai1="16,135,109,108,3,65,51,125,133,103,62,102,24" hai2="75,90,21,50,116,104,20,114,31,129,74,43,0" hai3="23,66,4,100,128,115,111,5,91,9,34,39,58"/><U84/><E3/><V87/><F116/><W73/><G34/><T99/><D2/><U12/><E125/><V119/><F129/><W55/><G115/><T134/><D107/><U40/><E24/><V69/><F69/><W120/><G120/><T86/><D126/><U59/><E84/><V54/><F119/><W13/><G39/><T29/><D110/><N who="1" m="42603" /><E40/><V6/><F104/><W123/><G73/><T17/><D29/><U96/><E51/><V70/><F70/><W106/><G123/><T38/><D134/><N who="1" m="51211" /><E96/><V32/><F43/><W105/><G111/><T118/><D86/><U19/><E19/><V92/><F114/><W101/><G4/><T94/><D17/><U93/><E93/><V132/><F6/><W72/><G72/><T95/><D118/><U45/><E45/><V14/><F0/><W82/><G106/><T18/><D18/><U47/><E47/><V121/><F121/><W15/><G105/><T37/><D99/><U8/><AGARI ba="1,0" hai="8,12,16,59,62,65,102,103" m="51211,42603" machi="8" ten="30,11700,0" yaku="14,1,10,1,20,1,54,1" doraHai="85" who="1" fromWho="1" sc="195,-40,345,120,230,-40,230,-40" /><INIT seed="1,2,0,0,1,102" ten="155,465,190,190" oya="1" hai0="101,88,33,52,112,84,29,59,11,3,40,75,97" hai1="71,57,77,23,58,105,133,25,13,127,30,53,122" hai2="117,14,119,9,16,20,21,130,68,63,37,19,54" hai3="91,46,96,100,90,74,72,93,103,8,111,38,42"/><U92/><E122/><V118/><F37/><W66/><G111/><T125/><D112/><U28/><E71/><V39/><F39/><W1/><G66/><T108/><D75/><U131/><E127/><V7/><F130/><W113/><G113/><T109/><D125/><U121/><E121/><V132/><F54/><W89/><REACH who="3" step="1"/><G103/><REACH who="3" ten="155,465,190,180" step="2"/><T85/><D108/><U15/><E131/><V126/><F126/><W47/><G47/><T12/><D109/><U95/><E58/><V45/><F45/><W24/><G24/><T107/><D59/><U128/><E128/><V36/><F68/><W115/><G115/><T60/><D101/><U76/><E25/><N who="2" m="14471" /><F36/><W56/><G56/><T82/><D40/><U98/><E57/><V48/><F48/><W78/><G78/><T31/><D52/><U49/><E77/><V73/><F63/><W64/><G64/><T87/><D60/><U99/><E76/><V114/><F114/><W55/><G55/><T27/><D27/><U116/><E49/><V80/><F132/><W104/><G104/><T83/><D107/><U26/><E53/><V106/><F106/><W94/><G94/><T22/><D82/><U43/><E105/><V81/><F81/><W86/><G86/><T123/><D83/><U44/><E133/><V32/><F80/><W10/><G10/><T35/><D84/><U5/><E44/><V51/><F51/><W0/><G0/><T50/><D3/><U135/><E43/><V65/><F65/><W61/><G61/><T134/><D87/><U17/><E135/><V2/><F73/><W70/><G70/><RYUUKYOKU ba="2,1" sc="155,-15,465,-15,190,15,180,15" hai2="2,7,9,14,19,21,32,117,118,119" hai3="1,8,38,42,46,72,74,89,90,91,93,96,100" /><INIT seed="2,3,1,4,5,55" ten="140,450,205,195" oya="2" hai0="18,69,73,66,40,127,48,63,113,91,70,103,50" hai1="67,8,24,74,5,20,117,120,84,1,90,14,52" hai2="28,44,83,58,19,34,47,60,80,11,27,102,68" hai3="29,109,132,77,38,86,3,65,15,21,101,36,97"/><V23/><F68/><N who="0" m="26218" /><D91/><U93/><E117/><V79/><F102/><W4/><G3/><T105/><D18/><U107/><E67/><V31/><F34/><W134/><G109/><T26/><D26/><U33/><E74/><V135/><F135/><N who="3" m="51755" /><G65/><T25/><D25/><U0/><E33/><V61/><F61/><W98/><G29/><N who="2" m="11337" /><F11/><N who="3" m="4583" /><G21/><T41/><D103/><U49/><E107/><V42/><F42/><N who="0" m="16490" /><D105/><U10/><E10/><V16/><F19/><W43/><G43/><T13/><D13/><U116/><E116/><V121/><F121/><W35/><G35/><T78/><D73/><U118/><E120/><V85/><F83/><N who="3" m="47471" /><G97/><T22/><D22/><U128/><E118/><V57/><F60/><W100/><G100/><T114/><D63/><U95/><E0/><V72/><F72/><W54/><G101/><T92/><D66/><U82/><E1/><V64/><F64/><W59/><G98/><T126/><D50/><AGARI ba="3,1" hai="36,38,50,54,59" m="47471,4583,51755" machi="50" ten="30,2000,0" yaku="20,1,52,1" doraHai="55" who="3" fromWho="0" sc="140,-29,450,0,205,0,195,39" /><INIT seed="3,0,0,5,0,71" ten="111,450,205,234" oya="3" hai0="70,42,120,112,90,124,93,60,5,98,95,67,1" hai1="123,8,122,31,73,113,111,94,7,81,65,36,43" hai2="25,34,117,54,91,23,89,29,48,109,107,47,85" hai3="41,88,58,45,30,80,82,86,61,115,133,59,56"/><W119/><G115/><T2/><D120/><U106/><E113/><V20/><F109/><W66/><G119/><T92/><D112/><U69/><E111/><V24/><F117/><W50/><G133/><T76/><D124/><U105/><E94/><V52/><F107/><W27/><REACH who="3" step="1"/><G80/><REACH who="3" ten="111,450,205,224" step="2"/><T96/><D76/><U0/><E122/><V97/><F34/><AGARI ba="0,1" hai="27,30,34,41,45,50,56,58,59,61,66,82,86,88" machi="34" ten="30,11600,0" yaku="1,1,2,1,7,1,54,1,53,0" doraHai="71" doraHaiUra="6" who="3" fromWho="2" sc="111,0,450,0,205,-116,224,126" /><INIT seed="3,1,0,2,2,105" ten="111,450,89,350" oya="3" hai0="57,19,28,38,16,51,119,122,120,92,124,83,113" hai1="86,37,91,24,117,79,3,61,88,70,50,6,25" hai2="127,4,84,67,15,98,48,114,90,78,75,101,89" hai3="87,54,69,60,7,129,35,66,44,39,22,107,82"/><W20/><G35/><T41/><D38/><U11/><E37/><V130/><F114/><W18/><G107/><T104/><D104/><U43/><E117/><V125/><F130/><W123/><G123/><T26/><D119/><U72/><E72/><V55/><F67/><W59/><G129/><T112/><D83/><U46/><E79/><V12/><F101/><W49/><G7/><T30/><D124/><N who="2" m="47690" /><F98/><W17/><G22/><T62/><D92/><U9/><E9/><N who="2" m="4135" /><F84/><W53/><G20/><T52/><D122/><U100/><E91/><V95/><F95/><W45/><G45/><N who="0" m="26031" /><D120/><U103/><E61/><V111/><F111/><W34/><G34/><N who="0" m="20759" /><D30/><U77/><E70/><V85/><F85/><W97/><G97/><T110/><D110/><U109/><E77/><V31/><F31/><W58/><G39/><T94/><D94/><U14/><E3/><V118/><F118/><W71/><G71/><T115/><AGARI ba="1,0" hai="16,19,52,57,62,112,113,115" m="20759,26031" machi="115" ten="30,4000,0" yaku="11,1,54,2" doraHai="105" who="0" fromWho="0" sc="111,43,450,-11,89,-11,350,-21" owari="154,-25.0,439,54.0,78,-42.0,329,13.0" /></mjloggm>