<mjloggm ver="2.3"><GO type="169" lobby="0"/><UN n0="%E6%97%A5%E9%99%B0%E3%81%95%E3%82%93" n1="%79%6F%75%61%6C%70%68%61" n2="%E3%81%86%E3%81%91%E3%81%AA%E3%81%8C%E3%81%97%E3%81%BE%E3%81%9B%E3%82%93" n3="%52%45%58%27" dan="16,17,16,16" rate="2086.02,2150.35,2130.15,2096.31" sx="F,M,F,F"/><TAIKYOKU oya="0"/><INIT seed="0,0,0,1,1,84" ten="250,250,250,250" oya="0" hai0="7,101,63,110,13,95,68,107,30,70,46,27,115" hai1="79,82,36,2,130,25,92,109,73,62,117,65,66" hai2="1,52,111,40,75,18,31,10,50,11,80,48,87" hai3="39,86,44,114,14,91,72,133,23,116,56,49,98"/><T108/><D115/><U88/><E117/><V99/><F75/><W28/><G114/><T24/><D46/><U90/><E2/><V3/><F111/><N who="0" m="42538" /><D107/><U96/><E109/><V127/><F127/><W78/><G116/><T71/><D63/><U4/><E130/><V15/><F31/><W20/><G28/><T81/><D81/><U100/><E36/><V54/><F99/><W104/><G39/><T38/><D38/><U33/><E4/><V5/><F3/><W85/><G98/><N who="0" m="59615" /><D30/><U35/><E65/><V113/><F113/><W37/><G44/><T128/><D128/><U55/><E55/><V119/><F119/><W69/><G37/><T126/><D126/><U41/><E41/><V47/><REACH who="2" step="1"/><F50/><REACH who="2" ten="250,250,240,250" step="2"/><W58/><G49/><T129/><D129/><U134/><E134/><V29/><F29/><W19/><G133/><T106/><D106/><U103/><E103/><V74/><F74/><W8/><G72/><T16/><D7/><U43/><E43/><V124/><F124/><W42/><G42/><T93/><D93/><U83/><E83/><V97/><F97/><W61/><G104/><T32/><D32/><U21/><E33/><V120/><F120/><W122/><G122/><T53/><D53/><U34/><E35/><V57/><F57/><W12/><G56/><T125/><D125/><U26/><E34/><V17/><F17/><W0/><G58/><T94/><D94/><U59/><E25/><V135/><F135/><W6/><G19/><AGARI ba="0,1" hai="19,21,26,59,62,66,73,79,82,88,90,92,96,100" machi="19" ten="30,7700,0" yaku="7,1,52,2,54,1" doraHai="84" who="1" fromWho="3" sc="250,0,250,87,240,0,250,-77" /><INIT seed="1,0,0,3,3,132" ten="250,337,240,173" oya="1" hai0="53,43,32,38,109,57,39,28,112,13,98,41,110" hai1="108,129,61,102,23,107,21,19,45,78,6,63,42" hai2="117,27,30,25,37,58,71,97,124,47,116,84,95" hai3="52,96,33,64,44,114,55,70,49,91,56,12,10"/><U120/><E120/><V48/><F71/><W89/><G114/><T73/><D73/><U68/><E129/><V2/><F2/><W83/><G33/><T11/><D28/><U65/><E6/><V29/><F37/><W8/><G70/><T60/><D32/><U0/><E0/><V18/><F84/><N who="3" m="50335" /><G64/><T66/><D98/><U111/><E78/><V7/><F7/><W31/><G31/><T128/><D112/><U131/><E131/><V17/><F58/><W86/><G96/><T88/><D88/><U118/><E118/><V85/><F85/><W93/><G12/><T94/><D94/><U87/><E87/><V4/><F95/><W72/><G72/><T9/><D128/><U135/><E135/><V127/><F97/><W123/><G123/><T16/><D11/><U26/><E107/><V36/><F36/><N who="0" m="13866" /><D66/><U92/><E92/><V15/><F15/><W122/><G122/><T75/><D75/><U5/><E65/><V74/><F74/><W103/><G103/><T46/><D46/><U115/><E102/><V81/><F81/><W20/><G20/><T125/><D9/><U76/><E21/><V119/><F119/><W133/><G133/><T59/><D13/><U101/><E101/><V90/><F90/><W100/><G100/><T130/><D130/><U105/><E115/><V1/><F1/><W22/><G22/><T40/><D40/><U113/><E113/><V134/><F134/><W62/><AGARI ba="0,0" hai="8,10,44,49,52,55,56,62,86,91,93" m="50335" machi="62" ten="30,2000,0" yaku="8,1,54,1" doraHai="132" who="3" fromWho="3" sc="250,-5,337,-10,240,-5,173,20" /><INIT seed="2,0,0,1,1,35" ten="245,327,235,193" oya="2" hai0="37,106,16,71,72,41,49,125,63,120,3,79,42" hai1="64,74,62,100,115,111,90,77,24,4,117,65,38" hai2="107,75,132,40,25,69,51,23,18,86,26,97,103" hai3="66,92,70,54,96,129,60,36,57,19,110,53,101"/><V133/><F69/><W17/><G110/><T55/><D106/><U87/><E115/><V83/><F75/><W124/><G129/><T46/><D120/><U114/><E38/><V31/><F40/><W80/><G124/><T104/><D104/><U99/><E117/><V29/><F51/><W20/><G36/><T13/><D3/><U134/><E134/><V122/><F122/><W102/><G102/><T15/><D15/><U91/><E4/><V89/><REACH who="2" step="1"/><F26/><REACH who="2" ten="245,327,225,193" step="2"/><W22/><G70/><T119/><D37/><U127/><E24/><V78/><F78/><W8/><G8/><T14/><D79/><U109/><E77/><V44/><F44/><W2/><G60/><T128/><D72/><U32/><E62/><V76/><F76/><W85/><G57/><T28/><D41/><U130/><E74/><V52/><F52/><W116/><G53/><T94/><D42/><U61/><E61/><V113/><F113/><W33/><G54/><T112/><D55/><U6/><E114/><V11/><F11/><W10/><G10/><T7/><D71/><U21/><E111/><V88/><F88/><W59/><G116/><T67/><D63/><U5/><E109/><V68/><F68/><W105/><G59/><T108/><D112/><U118/><E90/><V56/><F56/><W34/><G66/><T27/><D67/><U0/><E91/><V47/><F47/><W121/><G121/><T98/><D46/><U135/><E64/><V95/><F95/><W1/><G92/><T39/><D39/><U30/><E65/><V123/><F123/><W84/><G105/><RYUUKYOKU ba="0,1" sc="245,-10,327,-10,225,30,193,-10" hai2="18,23,25,29,31,83,86,89,97,103,107,132,133" /><INIT seed="2,1,1,0,2,131" ten="235,317,255,183" oya="2" hai0="70,112,93,90,81,102,107,65,80,26,121,29,44" hai1="132,129,106,100,94,127,9,105,21,39,56,108,130" hai2="96,73,67,53,41,110,79,72,48,83,115,51,8" hai3="25,0,47,30,89,109,50,99,77,92,33,85,69"/><V61/><F115/><W116/><G109/><T120/><D112/><U84/><E39/><V59/><F110/><W128/><G128/><N who="1" m="49258" /><E108/><V32/><F32/><W34/><G116/><T87/><D81/><U28/><E127/><V60/><F73/><W1/><G69/><T119/><D119/><U101/><E9/><V19/><F96/><W113/><G113/><T24/><D24/><N who="1" m="16399" /><E56/><V124/><F124/><W75/><G34/><T91/><D44/><U38/><E38/><V63/><F63/><W6/><G6/><T71/><D71/><U49/><E49/><V103/><F103/><N who="1" m="39497" /><E132/><V10/><F10/><W123/><G123/><T7/><D102/><U97/><E97/><V88/><F41/><W135/><G135/><T126/><D70/><U58/><E58/><V35/><F35/><W117/><G117/><T125/><D121/><U68/><E68/><V12/><F51/><W104/><G50/><T76/><D120/><U134/><E134/><V78/><F61/><W36/><G36/><T45/><D45/><U14/><E14/><V13/><F13/><W82/><G47/><T20/><D26/><U46/><E46/><N who="2" m="27799" /><F72/><W42/><G42/><T98/><D98/><U118/><E118/><V40/><F40/><W15/><G104/><T18/><D107/><U111/><E111/><V3/><F3/><W23/><G15/><T17/><D125/><U74/><E74/><V86/><AGARI ba="1,1" hai="8,12,19,59,60,67,78,79,83,86,88" m="27799" machi="86" ten="30,6000,0" yaku="25,1,8,1,54,1" doraHai="131" who="2" fromWho="2" sc="235,-21,317,-21,255,73,183,-21" /><INIT seed="2,2,0,1,2,135" ten="214,296,328,162" oya="2" hai0="97,70,35,24,90,12,127,23,32,109,75,62,36" hai1="131,77,128,52,31,93,0,21,99,30,76,19,102" hai2="120,129,11,78,57,65,86,59,41,133,8,101,50" hai3="51,74,110,121,83,82,37,100,119,46,106,63,6"/><V26/><F120/><W34/><G119/><T39/><D75/><U40/><E0/><V60/><F133/><W68/><G121/><T45/><D109/><U33/><E40/><V118/><F118/><W125/><G37/><T92/><D39/><U53/><E33/><V112/><F112/><W87/><G34/><T14/><D14/><U132/><E132/><V117/><F117/><W16/><G6/><T79/><D79/><N who="1" m="30283" /><E128/><V124/><F129/><W104/><G74/><T28/><D12/><N who="1" m="9447" /><E131/><V123/><F123/><W115/><G104/><T48/><D36/><U105/><E105/><V27/><F124/><W134/><G125/><T58/><D70/><U1/><E1/><V113/><F113/><W81/><G106/><T4/><D4/><U85/><E85/><V15/><F11/><W56/><G68/><T17/><D28/><AGARI ba="2,0" hai="28,30,31,52,53,93,99,102" m="9447,30283" machi="28" ten="30,2000,0" yaku="8,1,54,1" doraHai="135" who="1" fromWho="0" sc="214,-26,296,26,328,0,162,0" /><INIT seed="3,0,0,4,0,50" ten="188,322,328,162" oya="3" hai0="123,69,116,57,88,76,132,63,23,118,46,125,12" hai1="60,4,104,31,18,92,54,67,121,122,109,89,107" hai2="25,68,47,26,1,86,103,72,48,130,100,94,38" hai3="129,78,43,29,45,33,11,124,127,126,20,114,30"/><W44/><G114/><T74/><D123/><U90/><E109/><V37/><F72/><W53/><G129/><T106/><D69/><U135/><E135/><V97/><F130/><W10/><G33/><T42/><D106/><U131/><E131/><V34/><F1/><W40/><G78/><T55/><D125/><U13/><E31/><N who="3" m="11786" /><G20/><T98/><D132/><U134/><E134/><V9/><F68/><W111/><G111/><T32/><D32/><U101/><E4/><V99/><F86/><W21/><G21/><T24/><D12/><U65/><E13/><V128/><F128/><W70/><G70/><T79/><D74/><U61/><E92/><V117/><F117/><W15/><G15/><T62/><D62/><U77/><E77/><V85/><F26/><W19/><G19/><N who="0" m="12415" /><D116/><U120/><E120/><V59/><F25/><W39/><G53/><T87/><D118/><U7/><E18/><V35/><F35/><W105/><G105/><T84/><D84/><U80/><E54/><V58/><F85/><W5/><G5/><T95/><D87/><U113/><E7/><V8/><F34/><W56/><G56/><T41/><D41/><N who="3" m="15945" /><G39/><AGARI ba="0,0" hai="39,42,46,55,57,63,76,79,88,95,98" m="12415" machi="39" ten="30,3900,0" yaku="25,1,52,1,54,1" doraHai="50" who="0" fromWho="3" sc="188,39,322,0,328,0,162,-39" /><INIT seed="4,0,0,1,4,34" ten="227,322,328,123" oya="0" hai0="61,98,131,82,124,51,53,69,123,104,26,72,60" hai1="58,9,12,57,37,86,31,0,22,101,46,92,45" hai2="63,39,14,90,70,87,71,128,35,8,106,67,111" hai3="91,114,100,80,44,96,17,95,27,1,135,121,19"/><T43/><D123/><U29/><E37/><V24/><F111/><W40/><G121/><T117/><D117/><U11/><E0/><V75/><F75/><W68/><G114/><T116/><D116/><U33/><E33/><V52/><F39/><W3/><G135/><T6/><D43/><U122/><E122/><V55/><F106/><W25/><G68/><T7/><D124/><U13/><E86/><V2/><F2/><W20/><G80/><T112/><D131/><U113/><E92/><V105/><F105/><W41/><G41/><T28/><D82/><U118/><E118/><V133/><F70/><W120/><G120/><T83/><D83/><U16/><E22/><V5/><F133/><W94/><G17/><T108/><D72/><U38/><E38/><V42/><F42/><W103/><G25/><T73/><D73/><U130/><E101/><V126/><F126/><W76/><G76/><T65/><D61/><U49/><E49/><V129/><F24/><W84/><REACH who="3" step="1"/><G100/><REACH who="3" ten="227,322,328,113" step="2"/><N who="0" m="62487" /><D112/><U18/><E113/><V88/><F35/><W50/><AGARI ba="0,1" hai="1,3,19,20,27,40,44,50,84,91,94,95,96,103" machi="50" ten="20,8000,1" yaku="1,1,0,1,7,1,52,2,53,0" doraHai="34" doraHaiUra="132" who="3" fromWho="3" sc="227,-40,322,-20,328,-20,113,90" /><INIT seed="5,0,0,4,5,49" ten="187,302,308,203" oya="1" hai0="31,47,62,48,66,100,120,78,40,118,97,86,92" hai1="83,58,15,7,126,26,42,85,119,16,80,57,123" hai2="37,79,50,35,125,105,27,113,103,14,10,127,21" hai3="63,51,72,60,18,133,99,8,53,0,84,56,41"/><U110/><E119/><V121/><F121/><W89/><G72/><T130/><D118/><U93/><E123/><V131/><F37/><W114/><G114/><T30/><D120/><U3/><E126/><V102/><F131/><W36/><G133/><T70/><D130/><U46/><E3/><V71/><F71/><W95/><G36/><T6/><D6/><U67/><E7/><V96/><F35/><W116/><G0/><T101/><D101/><U112/><E112/><V115/><F103/><W1/><G116/><T128/><D128/><U134/><E26/><V117/><F79/><W69/><G1/><T11/><D11/><U122/><E110/><V88/><F117/><W45/><G69/><T5/><D5/><U2/><E2/><V109/><F14/><N who="3" m="7495" /><G63/><T135/><D135/><U68/><E68/><V107/><F10/><W75/><G75/><T111/><D111/><U65/><E83/><V9/><F9/><W24/><G24/><T106/><D106/><U91/><E80/><V4/><F4/><W87/><AGARI ba="0,0" hai="41,45,51,53,56,60,84,87,89,95,99" m="7495" machi="87" ten="30,2000,0" yaku="8,1,52,1" doraHai="49" who="3" fromWho="3" sc="187,-5,302,-10,308,-5,203,20" /><INIT seed="6,0,0,1,1,104" ten="182,292,303,223" oya="2" hai0="13,36,55,120,68,115,54,2,7,43,102,25,6" hai1="16,11,59,90,87,1,135,74,4,10,12,27,50" hai2="46,39,77,134,131,116,29,62,121,47,101,14,17" hai3="125,56,34,9,111,45,70,20,40,60,79,35,51"/><V128/><F121/><W83/><G125/><T127/><D120/><U69/><E69/><V130/><F116/><W49/><G111/><T80/><D68/><U23/><E135/><V98/><F134/><W67/><G20/><T64/><D64/><U66/><E74/><V108/><F108/><W71/><G9/><T30/><D2/><U94/><E66/><V41/><F77/><W95/><G70/><T32/><D127/><U84/><E84/><V93/><F29/><W110/><G110/><T100/><D115/><U26/><E11/><V31/><F31/><W133/><G133/><T21/><D32/><U63/><E63/><V22/><F47/><W109/><G109/><T113/><D113/><U91/><E90/><V15/><REACH who="2" step="1"/><F62/><REACH who="2" ten="182,292,293,223" step="2"/><W28/><G60/><T44/><D30/><U106/><E106/><V129/><N who="2" m="32768" /><DORA hai="78" /><V118/><F118/><W24/><G28/><T107/><D44/><U18/><E18/><V75/><F75/><W0/><G45/><T103/><D107/><U114/><E114/><V123/><F123/><W33/><G34/><T65/><D36/><U132/><E132/><V76/><F76/><W82/><G79/><T112/><D112/><U126/><E126/><V86/><F86/><W61/><G35/><T5/><D5/><U72/><E72/><V124/><F124/><W42/><G33/><T119/><D6/><U97/><E87/><V48/><F48/><W96/><G49/><T89/><D7/><U53/><AGARI ba="0,1" hai="1,4,10,12,16,23,26,27,50,53,59,91,94,97" machi="53" ten="30,2000,0" yaku="0,1,54,1" doraHai="104,78" who="1" fromWho="1" sc="182,-5,292,30,293,-10,223,-5" /><INIT seed="7,0,0,2,0,10" ten="177,322,283,218" oya="3" hai0="89,0,23,39,40,11,85,107,108,99,12,26,74" hai1="4,100,6,41,35,56,58,91,31,1,128,48,72" hai2="77,81,80,8,50,24,29,124,5,59,22,79,44" hai3="94,28,101,65,130,117,84,90,134,27,76,2,60"/><W126/><G130/><T114/><D74/><U14/><E72/><V20/><F124/><W102/><G134/><T62/><D0/><U98/><E1/><V43/><F22/><W127/><G117/><T131/><D108/><U123/><E123/><V54/><F81/><W71/><G2/><T87/><D131/><U36/><E36/><V16/><F29/><W73/><G73/><T93/><D114/><U132/><E91/><V125/><F125/><N who="3" m="47627" /><G76/><T105/><D39/><U32/><E132/><V119/><F119/><W115/><G115/><T63/><D40/><U9/><E4/><V97/><F97/><W129/><G129/><T21/><D105/><U7/><E6/><V104/><F104/><W135/><G135/><T78/><D107/><U133/><E128/><V83/><F79/><W51/><G51/><T86/><D78/><U61/><E31/><V122/><F77/><W46/><G46/><T53/><D53/><U66/><E133/><V30/><F122/><W49/><G49/><T88/><D89/><U15/><E48/><V106/><F106/><W113/><G113/><T70/><D70/><U57/><E41/><V69/><F69/><W45/><G45/><T68/><D68/><U109/><E57/><V75/><F75/><W42/><G42/><T13/><D23/><AGARI ba="0,0" hai="23,27,28,60,65,71,84,90,94,101,102" m="47627" machi="23" ten="30,1500,0" yaku="18,1" doraHai="10" who="3" fromWho="0" sc="177,-15,322,0,283,0,218,15" /><INIT seed="7,1,0,2,3,77" ten="162,322,283,233" oya="3" hai0="6,91,17,122,82,31,93,81,103,129,128,8,33" hai1="1,134,75,63,67,119,0,3,66,54,27,121,46" hai2="59,45,85,35,29,79,133,104,61,80,64,9,68" hai3="51,5,18,16,70,127,60,65,74,124,89,117,102"/><W109/><G117/><T38/><D38/><U34/><E121/><V94/><F104/><W28/><G74/><T87/><D122/><U58/><E75/><V78/><F133/><W25/><G109/><T41/><D41/><U84/><E134/><V130/><F130/><W120/><G120/><T110/><D110/><U47/><E67/><V69/><F79/><W126/><G102/><T72/><D103/><U135/><E135/><V86/><F29/><W21/><G5/><T88/><D72/><U114/><E114/><V30/><F9/><W19/><G51/><T76/><D17/><U99/><E84/><V132/><F132/><W111/><G111/><T36/><D36/><U14/><E14/><V92/><F45/><W11/><REACH who="3" step="1"/><G89/><REACH who="3" ten="162,322,283,223" step="2"/><T95/><D76/><U107/><E119/><V24/><F78/><W48/><G48/><T4/><D4/><U101/><E0/><V2/><F2/><W37/><G37/><T118/><D118/><U96/><E1/><V90/><F94/><W73/><G73/><T26/><D128/><U113/><E3/><V125/><F125/><W42/><G42/><T83/><D129/><U53/><E101/><V131/><F131/><W123/><G123/><T32/><D32/><U52/><E107/><V100/><F100/><W57/><G57/><T98/><D93/><U22/><E34/><V44/><F44/><N who="1" m="16937" /><E113/><V43/><F43/><W97/><G97/><T116/><D116/><U71/><E58/><V40/><F40/><W108/><G108/><T15/><AGARI ba="1,1" hai="6,8,15,26,31,33,81,82,83,87,88,91,95,98" machi="15" ten="20,12000,2" yaku="0,1,7,1,52,3,54,1" doraHai="77" who="0" fromWho="0" sc="162,133,322,-31,283,-31,223,-61" /><INIT seed="8,0,0,3,4,119" ten="295,291,252,162" oya="0" hai0="52,99,14,47,109,95,80,94,82,26,72,130,21" hai1="76,54,6,88,24,59,34,0,135,113,98,100,1" hai2="122,12,63,102,97,77,60,93,28,46,73,50,15" hai3="5,10,81,120,44,123,108,16,22,125,48,17,18"/><T33/><D130/><U3/><E76/><V11/><F122/><N who="3" m="46635" /><G125/><T90/><D33/><U66/><E66/><V49/><F28/><W25/><G81/><T41/><D52/><U134/><E88/><V51/><F73/><W38/><G38/><T106/><D14/><U20/><E34/><V36/><F77/><W53/><G108/><T68/><D68/><U79/><E79/><V70/><F70/><W62/><G62/><N who="2" m="23593" /><F36/><W104/><G104/><T103/><D72/><U64/><E113/><V29/><F29/><W129/><G129/><T13/><D13/><N who="2" m="5194" /><F11/><W112/><G112/><T43/><D106/><U65/><E0/><AGARI ba="0,0" hai="0,5,10,16,17,18,22,25,44,48,53" m="46635" machi="0" ten="30,8000,1" yaku="13,1,52,3,54,1" doraHai="119" who="3" fromWho="1" sc="295,0,291,-80,252,0,162,80" /><INIT seed="9,0,0,0,0,133" ten="295,211,252,242" oya="1" hai0="95,9,58,81,71,117,84,59,123,69,35,18,51" hai1="94,86,30,120,97,43,25,125,76,2,79,102,32" hai2="122,73,130,34,57,42,115,89,85,13,10,3,92" hai3="111,104,45,124,61,15,112,0,1,66,47,96,21"/><U29/><E120/><V63/><F122/><W70/><G112/><T52/><D117/><U27/><E2/><V44/><F115/><W101/><G111/><T129/><D35/><U110/><E110/><V40/><F34/><W65/><G65/><T80/><D129/><U28/><E43/><V56/><F130/><W60/><G60/><T23/><D9/><U4/><E4/><V99/><F73/><W121/><G121/><T78/><D59/><U128/><E128/><V75/><F75/><W54/><G124/><T46/><D95/><U100/><E100/><V33/><F33/><W126/><G126/><T109/><D109/><U55/><E125/><V119/><F3/><W134/><G134/><T132/><D132/><U114/><E114/><V88/><F119/><W67/><G67/><T48/><D81/><U131/><E131/><V82/><F56/><W14/><G0/><T87/><D87/><U72/><E72/><V5/><F44/><W24/><G1/><T127/><D123/><U74/><E74/><V106/><F106/><W105/><G104/><T108/><D108/><U22/><E30/><V11/><F11/><W103/><G103/><T135/><D135/><U37/><E37/><V98/><F98/><W53/><G45/><T64/><D127/><U62/><REACH who="1" step="1"/><E86/><REACH who="1" ten="295,201,252,242" step="2"/><V38/><F38/><W68/><G101/><T50/><D84/><U41/><E41/><V107/><F107/><W31/><G105/><T77/><D18/><U19/><E19/><V12/><F42/><W7/><G31/><T20/><D69/><U91/><E91/><V6/><F40/><RYUUKYOKU ba="0,1" sc="295,-10,201,30,252,-10,242,-10" hai1="22,25,27,28,29,32,55,62,76,79,94,97,102" /><INIT seed="9,1,1,1,2,130" ten="285,231,242,232" oya="1" hai0="113,36,2,54,75,65,58,48,47,8,20,114,126" hai1="112,93,0,117,18,63,84,17,27,24,85,31,83" hai2="131,43,91,6,135,80,116,118,127,41,104,90,88" hai3="81,77,86,37,1,67,133,44,57,5,25,33,97"/><U87/><E112/><V70/><F131/><W68/><G68/><T61/><D75/><U15/><E117/><N who="2" m="45163" /><F70/><W66/><G133/><T107/><D107/><U82/><E0/><V96/><F135/><W51/><G37/><T125/><D36/><U129/><E129/><V106/><F6/><W52/><G97/><T134/><D134/><U111/><E111/><V9/><F127/><N who="0" m="48650" /><D20/><N who="1" m="15751" /><E63/><V109/><F109/><W100/><G100/><T21/><D21/><N who="1" m="13743" /><E93/><V46/><F9/><AGARI ba="1,1" hai="9,15,18,82,83,84,85,87" m="13743,15751" machi="9" ten="30,1500,0" yaku="8,1" doraHai="130" who="1" fromWho="2" sc="285,0,231,28,242,-18,232,0" /><INIT seed="9,2,0,3,1,125" ten="285,259,224,232" oya="1" hai0="116,85,36,47,101,84,102,50,11,51,72,1,45" hai1="110,20,14,5,128,121,18,75,64,68,74,8,111" hai2="82,94,117,124,49,35,91,79,135,23,112,2,19" hai3="48,32,105,113,133,28,25,100,90,81,15,119,86"/><U122/><E128/><V37/><F37/><W97/><G113/><T109/><D36/><U96/><E96/><V73/><F112/><W131/><G133/><T61/><D72/><U58/><E68/><V57/><F35/><W56/><G131/><T6/><D61/><N who="1" m="37943" /><E74/><V12/><F2/><W41/><G119/><T27/><D109/><N who="1" m="41483" /><E75/><V3/><F3/><AGARI ba="2,0" hai="3,5,8,14,18,20,121,122" m="41483,37943" machi="3" ten="30,1500,0" yaku="10,1" doraHai="125" who="1" fromWho="2" sc="285,0,259,21,224,-21,232,0" /><INIT seed="9,3,0,0,1,10" ten="285,280,203,232" oya="1" hai0="28,3,80,29,82,16,23,19,50,121,103,20,127" hai1="94,46,52,7,72,66,108,14,55,125,44,33,47" hai2="100,68,15,71,57,59,116,89,62,79,129,1,38" hai3="9,25,32,17,73,124,70,118,104,85,49,21,75"/><U102/><E72/><V93/><F1/><W126/><G104/><T2/><D103/><U48/><E33/><V6/><F38/><W111/><G111/><T4/><D4/><U114/><E114/><V107/><F107/><W54/><G70/><T134/><D50/><U109/><E125/><N who="3" m="48234" /><G118/><T69/><D127/><U78/><E66/><V41/><F116/><W63/><G63/><T99/><D69/><U110/><E78/><V96/><F129/><W84/><G32/><T0/><D99/><N who="1" m="59767" /><E55/><N who="2" m="34111" /><F71/><W87/><G9/><AGARI ba="3,0" hai="7,9,14,44,46,47,48,52,108,109,110" m="59767" machi="9" ten="30,5800,0" yaku="10,1,52,1,54,1" doraHai="10" who="1" fromWho="3" sc="285,0,280,67,203,0,232,-67" owari="285,9.0,347,44.0,203,-20.0,165,-33.0" /></mjloggm>