<mjloggm ver="2.3"><GO type="169" lobby="0"/><UN n0="%E3%81%BE%E3%81%93%E3%81%9F%E3%82%8D%E3%81%99" n1="%E3%82%8C%E3%81%8A%E3%81%A8%E3%81%BE%E3%81%8A" n2="%E5%B0%8F%E6%B1%A0%E7%BE%8E%E6%B3%A2%E2%8A%BF" n3="%E6%B0%B4%E5%93%89%E3%81%AE%E3%83%AC%E3%82%B8%E3%82%A7%E3%83%B3%E3%83%89" dan="16,16,17,16" rate="2139.92,2120.08,2150.44,2116.43" sx="M,M,M,M"/><TAIKYOKU oya="0"/><INIT seed="0,0,0,0,3,17" ten="250,250,250,250" oya="0" hai0="109,59,102,122,42,23,31,112,25,3,82,135,35" hai1="134,5,94,80,55,48,92,85,93,113,30,117,106" hai2="62,98,6,41,133,16,75,96,9,15,126,32,18" hai3="104,63,72,125,70,40,83,57,26,13,24,39,4"/><T114/><D122/><U107/><E117/><V97/><F75/><W119/><G119/><T34/><D135/><U118/><E118/><V56/><F32/><W103/><G70/><T7/><D102/><U65/><E134/><V67/><F133/><W52/><G125/><T81/><D42/><U86/><E113/><N who="0" m="43625" /><D59/><U20/><E5/><V132/><F132/><W131/><G131/><T50/><D50/><U37/><E65/><V100/><F126/><W47/><G103/><T120/><D82/><U77/><E86/><V66/><F100/><W51/><G104/><T21/><D81/><U60/><E60/><V87/><F67/><W99/><G99/><T14/><D120/><U44/><REACH who="1" step="1"/><E37/><REACH who="1" ten="250,240,250,250" step="2"/><V27/><F87/><W53/><G4/><T121/><D121/><U115/><E115/><V71/><F6/><W108/><G39/><T91/><D109/><U22/><E22/><N who="2" m="13767" /><F71/><W74/><G108/><T10/><D91/><U33/><E33/><V36/><F36/><W28/><G74/><T90/><D90/><U43/><E43/><AGARI ba="0,1" hai="9,15,18,41,43,56,62,66,96,97,98" m="13767" machi="43" ten="30,3900,0" yaku="8,1,52,1,54,1" doraHai="17" who="2" fromWho="1" sc="250,0,240,-39,250,49,250,0" /><INIT seed="1,0,0,0,5,88" ten="250,201,299,250" oya="1" hai0="122,76,119,66,25,45,41,3,89,18,128,15,92" hai1="43,87,112,32,36,47,21,71,56,134,52,132,129" hai2="16,61,30,6,10,99,55,114,46,123,107,27,130" hai3="35,103,84,72,48,126,75,94,104,133,79,38,91"/><U28/><E32/><V26/><F123/><W40/><G38/><T93/><D3/><U9/><E71/><V101/><F130/><W125/><G35/><T65/><D128/><U110/><E129/><V44/><F114/><W116/><G40/><T86/><D119/><U62/><E112/><V97/><F97/><N who="3" m="61551" /><G48/><N who="0" m="26671" /><D76/><U58/><E110/><V102/><F102/><W111/><G111/><T109/><D25/><U115/><E115/><V121/><F121/><W24/><G24/><T31/><D31/><U127/><E127/><N who="3" m="48650" /><G133/><N who="1" m="51306" /><E87/><V73/><F73/><N who="3" m="28235" /><G79/><T120/><D109/><U80/><E80/><V42/><F26/><W82/><G116/><T135/><D135/><U106/><E106/><V81/><F42/><W100/><G100/><T78/><D78/><U23/><E28/><V2/><F30/><W8/><G8/><N who="0" m="6503" /><D122/><U96/><E9/><V57/><F44/><W53/><G53/><T74/><D74/><U63/><E23/><N who="2" m="13799" /><F46/><W0/><G0/><T59/><D120/><U49/><E21/><V124/><F124/><W70/><G70/><T77/><D77/><U85/><E36/><V131/><F131/><W1/><G1/><T4/><D4/><U64/><E43/><V67/><F55/><W118/><G118/><T20/><D20/><U39/><E39/><V37/><F37/><W14/><G14/><T117/><D117/><U29/><E47/><V12/><F2/><W22/><G22/><T50/><D50/><U69/><E29/><V11/><F10/><W33/><G33/><T105/><D59/><U68/><E58/><V34/><F34/><W83/><AGARI ba="0,0" hai="82,83,84,91,94" m="28235,48650,61551" machi="83" ten="40,8000,1" yaku="5,1,18,1,34,2,52,1" doraHai="88" who="3" fromWho="3" sc="250,-20,201,-40,299,-20,250,80" /><INIT seed="2,0,0,3,5,94" ten="230,161,279,330" oya="2" hai0="1,63,6,50,66,135,91,85,13,3,86,48,131" hai1="71,84,114,59,83,28,43,133,76,61,56,90,64" hai2="30,129,128,72,100,80,97,42,99,0,2,70,62" hai3="44,36,8,82,101,113,16,95,79,31,52,132,21"/><V19/><F30/><W106/><G132/><T74/><D74/><U110/><E114/><V73/><F42/><W18/><G113/><T96/><D135/><U32/><E110/><V121/><F121/><W33/><G33/><T38/><D38/><U69/><E133/><V103/><F19/><W89/><G106/><T12/><D131/><N who="2" m="50250" /><F62/><W112/><G101/><N who="2" m="38985" /><F70/><W27/><G112/><T122/><D122/><U108/><E108/><V11/><F11/><W118/><G36/><T23/><D63/><U55/><E43/><V125/><F125/><W24/><G24/><T4/><D23/><U104/><E104/><V53/><F53/><W9/><G118/><T124/><D124/><U126/><E126/><V47/><F47/><W92/><G8/><T46/><D46/><U67/><E28/><V22/><F22/><W127/><G9/><T39/><D39/><U130/><E32/><V40/><F40/><W29/><G29/><T25/><D25/><U41/><E41/><V77/><F73/><W58/><G44/><T57/><D57/><U20/><E20/><V88/><F88/><W105/><G127/><T75/><D75/><U93/><E67/><V14/><F14/><W17/><G89/><T49/><D91/><U87/><E130/><V78/><F78/><W34/><G34/><T51/><D51/><AGARI ba="0,0" hai="51,55,56,59,61,64,69,71,76,83,84,87,90,93" machi="51" ten="30,1000,0" yaku="7,1" doraHai="94" who="1" fromWho="0" sc="230,-10,161,10,279,0,330,0" /><INIT seed="3,0,0,3,5,132" ten="220,171,279,330" oya="3" hai0="33,114,76,84,77,60,89,108,103,111,54,61,13" hai1="80,62,57,98,74,69,56,49,90,100,48,39,22" hai2="10,9,116,94,5,79,129,23,92,21,95,105,120" hai3="73,18,43,30,102,20,37,75,93,110,78,82,15"/><W104/><G104/><T42/><D33/><U59/><E39/><V99/><F116/><W131/><G131/><T135/><D135/><U117/><E117/><V19/><F129/><W1/><G1/><T41/><D114/><U70/><E22/><V53/><F120/><W14/><G110/><N who="0" m="42027" /><D103/><U0/><E0/><V16/><F105/><W91/><G102/><T45/><D13/><U50/><E62/><N who="0" m="24169" /><D54/><U112/><E112/><V36/><F53/><W133/><G30/><T130/><D130/><U101/><E101/><V118/><F118/><W11/><G133/><T44/><D44/><U35/><E35/><V123/><F123/><W72/><G43/><N who="0" m="16395" /><D45/><U106/><REACH who="1" step="1"/><E90/><REACH who="1" ten="220,161,279,330" step="2"/><V121/><F36/><W27/><G37/><T81/><AGARI ba="0,1" hai="76,77,81,84,89" m="16395,24169,42027" machi="81" ten="30,1100,0" yaku="14,1" doraHai="132" who="0" fromWho="0" sc="220,21,161,-3,279,-3,330,-5" /><INIT seed="4,0,0,4,2,14" ten="241,158,276,325" oya="0" hai0="33,24,124,19,116,99,93,6,114,98,37,12,131" hai1="100,3,29,47,68,123,87,120,8,50,96,121,94" hai2="107,90,108,20,54,58,17,0,48,34,103,70,126" hai3="65,117,26,66,127,27,10,61,43,109,13,133,115"/><T45/><D116/><U42/><E68/><V9/><F108/><W128/><G117/><T91/><D131/><U122/><N who="1" m="30720" /><DORA hai="49" /><U102/><E87/><V83/><F70/><W74/><G74/><T62/><D124/><U82/><E82/><V95/><F34/><W78/><G127/><T44/><D114/><U67/><E29/><V1/><F126/><W77/><G128/><T75/><D75/><U85/><E85/><V134/><F134/><W135/><G109/><T46/><D37/><U31/><E31/><V110/><F110/><W101/><G43/><T132/><D132/><N who="3" m="50761" /><G101/><T56/><D6/><U106/><E67/><N who="3" m="25610" /><G61/><T129/><D129/><U21/><E21/><V60/><F9/><W79/><G115/><T130/><D130/><U5/><REACH who="1" step="1"/><E102/><REACH who="1" ten="241,148,276,325" step="2"/><V51/><F83/><W2/><G78/><T38/><D33/><U32/><E32/><V52/><F103/><W39/><G79/><T118/><D118/><U125/><E125/><V112/><F112/><W55/><G77/><T36/><D36/><U119/><E119/><V7/><F20/><W53/><G39/><T73/><D38/><U25/><E25/><V72/><F72/><W80/><G80/><T111/><D73/><U18/><E18/><V22/><F17/><W105/><G26/><T104/><D111/><U92/><AGARI ba="0,1" hai="3,5,8,42,47,50,92,94,96,100,106" m="30720" machi="92" ten="60,4000,0" yaku="1,1,0,1,53,0" doraHai="14,49" doraHaiUra="11,59" who="1" fromWho="1" sc="241,-20,148,50,276,-10,325,-10" /><INIT seed="5,0,0,2,3,73" ten="221,198,266,315" oya="1" hai0="3,60,109,119,34,86,93,108,49,85,105,47,87" hai1="33,32,15,25,0,127,110,50,38,16,23,82,45" hai2="56,7,96,1,125,64,78,83,94,6,130,97,112" hai3="132,57,70,5,12,13,29,74,21,134,103,35,75"/><U41/><E0/><V98/><F130/><W31/><G70/><T133/><D105/><U30/><E110/><V90/><F125/><W100/><G35/><T81/><D3/><U131/><E127/><V54/><F64/><W24/><G57/><T107/><D107/><U117/><E117/><V28/><F28/><W37/><G37/><T72/><D34/><U84/><E131/><V79/><F83/><W44/><G44/><T124/><D119/><U26/><E33/><V123/><F123/><W95/><G5/><N who="2" m="1545" /><F1/><W135/><G29/><T51/><D124/><U19/><E26/><V48/><F112/><W106/><G106/><T58/><D133/><U101/><E101/><N who="3" m="38986" /><G95/><T69/><D69/><U10/><E38/><V18/><F18/><W20/><G20/><T2/><D2/><U128/><E128/><V9/><F9/><W116/><G116/><T8/><D8/><U17/><E32/><V89/><F94/><W52/><G52/><T11/><D11/><U91/><AGARI ba="0,0" hai="10,15,16,17,19,23,25,30,41,45,50,82,84,91" machi="91" ten="20,7800,0" yaku="0,1,7,1,8,1,54,1" doraHai="73" who="1" fromWho="1" sc="221,-26,198,78,266,-26,315,-26" /><INIT seed="5,1,0,4,1,30" ten="195,276,240,289" oya="1" hai0="125,83,55,38,103,67,95,20,2,24,133,16,46" hai1="91,70,35,17,4,5,48,42,75,62,89,59,13" hai2="37,128,58,1,108,31,116,9,86,26,60,21,101" hai3="27,106,51,32,90,117,11,52,14,80,97,105,29"/><U6/><E75/><V40/><F116/><W119/><G97/><T112/><D2/><U15/><E70/><V76/><F108/><W102/><G102/><T135/><D125/><U74/><E74/><V53/><F128/><W65/><G65/><T57/><D112/><U12/><E35/><V121/><F121/><W129/><G129/><T68/><D83/><U22/><E48/><V3/><F101/><W87/><G117/><T63/><D103/><U122/><E42/><V126/><F126/><W96/><G96/><T23/><D95/><U115/><E115/><V25/><F9/><W0/><G0/><T113/><D113/><U109/><E122/><V77/><F86/><W104/><G119/><T56/><D23/><U10/><E109/><V28/><F3/><W8/><REACH who="3" step="1"/><G14/><REACH who="3" ten="195,276,240,279" step="2"/><N who="1" m="5738" /><E10/><V127/><F1/><W118/><G118/><T73/><D67/><AGARI ba="1,1" hai="4,5,6,15,17,22,59,62,67,89,91" m="5738" machi="67" ten="30,1500,0" yaku="8,1" doraHai="30" who="1" fromWho="0" sc="195,-18,276,28,240,0,279,0" /><INIT seed="5,2,0,1,3,87" ten="177,304,240,279" oya="1" hai0="24,52,100,135,124,21,26,133,74,93,15,49,44" hai1="76,105,91,22,80,106,114,117,11,116,65,6,2" hai2="30,94,73,129,46,37,10,19,50,48,97,20,31" hai3="128,130,126,134,9,71,96,70,56,23,85,119,40"/><U123/><E123/><V17/><F73/><W63/><G9/><T39/><D74/><U95/><E65/><V32/><F129/><N who="3" m="49771" /><G23/><T77/><D77/><U122/><E114/><V98/><F37/><W110/><G96/><N who="0" m="59407" /><D39/><U107/><E22/><V45/><F32/><W1/><G1/><T5/><D124/><U64/><E64/><V120/><F10/><W3/><G3/><T25/><D5/><U83/><E122/><V75/><F75/><W27/><G27/><T68/><D68/><N who="3" m="26153" /><G85/><T111/><D111/><U104/><N who="1" m="26624" /><DORA hai="55" /><U112/><E112/><V79/><F79/><W125/><G110/><T54/><D54/><U47/><E47/><V121/><F20/><W67/><G119/><T8/><D8/><U18/><E18/><V88/><F94/><W103/><G103/><T60/><D60/><U62/><E62/><V86/><F86/><W101/><G101/><T102/><D102/><U92/><E92/><V36/><F36/><W108/><G108/><T12/><D21/><U66/><E66/><V69/><F69/><W78/><G78/><T113/><D113/><U131/><E131/><V127/><F127/><N who="3" m="48651" /><G40/><T29/><D29/><U72/><E83/><V57/><F121/><W0/><G0/><T61/><D61/><U34/><E34/><V41/><F120/><W109/><G109/><T35/><D35/><U51/><E117/><V16/><F19/><W89/><G89/><T4/><D4/><U118/><E118/><V38/><F41/><W99/><G99/><T132/><AGARI ba="2,0" hai="12,15,24,25,26,44,49,52,132,133,135" m="59407" machi="132" ten="40,2700,0" yaku="20,1,54,1" doraHai="87,55" who="0" fromWho="0" sc="177,33,304,-15,240,-9,279,-9" /><INIT seed="6,0,0,4,2,112" ten="210,289,231,270" oya="2" hai0="35,100,102,81,106,64,26,68,17,15,84,72,133" hai1="4,5,90,51,101,59,75,128,3,66,52,23,70" hai2="61,87,50,73,114,94,44,79,45,19,74,2,62" hai3="32,111,21,67,0,95,86,60,58,113,80,89,103"/><V39/><F39/><W119/><G32/><T117/><D117/><U33/><E75/><V118/><F118/><W123/><G119/><T92/><D72/><U14/><E33/><V37/><F114/><W6/><G111/><T69/><D133/><U76/><E3/><V120/><F120/><W11/><G123/><T110/><D106/><U7/><E128/><V88/><F2/><W109/><G109/><T82/><D110/><U31/><E101/><V132/><F132/><W25/><G113/><T1/><D1/><U22/><E76/><V108/><F108/><W54/><G103/><T104/><D104/><U129/><E129/><V56/><F74/><W124/><G124/><T131/><D131/><U71/><E70/><V9/><F37/><W16/><REACH who="3" step="1"/><G80/><REACH who="3" ten="210,289,231,260" step="2"/><T38/><D35/><U10/><E31/><V42/><F44/><W127/><G127/><T107/><D107/><U105/><E105/><V13/><REACH who="2" step="1"/><F56/><REACH who="2" ten="210,289,221,260" step="2"/><W47/><G47/><T116/><D116/><U20/><E71/><V41/><F41/><W91/><G91/><T55/><D69/><U115/><E90/><V48/><F48/><W97/><G97/><T126/><D68/><U49/><E115/><V99/><F99/><W122/><G122/><T8/><D126/><U30/><E49/><V63/><F63/><W96/><G96/><T43/><D38/><U77/><E59/><V121/><F121/><W135/><G135/><T27/><D43/><U65/><E51/><V12/><F12/><W93/><G93/><T40/><D92/><U57/><E14/><V98/><F98/><W28/><G28/><RYUUKYOKU ba="0,2" sc="210,-15,289,-15,221,15,260,15" hai2="9,13,19,42,45,50,61,62,73,79,87,88,94" hai3="0,6,11,16,21,25,54,58,60,67,86,89,95" /><INIT seed="6,1,2,1,0,92" ten="195,274,236,275" oya="2" hai0="5,15,125,7,110,17,14,102,91,10,101,52,115" hai1="127,126,80,8,97,133,39,28,76,24,121,46,38" hai2="104,78,119,41,99,54,88,89,34,56,6,31,50" hai3="118,123,69,47,4,109,9,37,60,29,11,23,43"/><V122/><F119/><W18/><G109/><T21/><D110/><U93/><E8/><V85/><F122/><W74/><G118/><T128/><D125/><N who="1" m="47627" /><E46/><N who="2" m="25935" /><F104/><W51/><G123/><T3/><D128/><U48/><E121/><V2/><F2/><W100/><G74/><T27/><D115/><U117/><E117/><V16/><F34/><W96/><G29/><T90/><D3/><U63/><E63/><V106/><F106/><W40/><G40/><T42/><D42/><U134/><E48/><N who="2" m="30791" /><F31/><W22/><G37/><N who="1" m="13834" /><E24/><V75/><F75/><W98/><G69/><T62/><D27/><U68/><E28/><V25/><F6/><W67/><G4/><T64/><D5/><U71/><E71/><V65/><F65/><W130/><G130/><T94/><D64/><U12/><E12/><V132/><F132/><W73/><G73/><T45/><D45/><U58/><E58/><V55/><F55/><W70/><G70/><T124/><D124/><U66/><E66/><V32/><F32/><W95/><G67/><T1/><D1/><U59/><E59/><V82/><F99/><N who="3" m="59519" /><G60/><T86/><D62/><U131/><E68/><V84/><F84/><W116/><G116/><T105/><D105/><U36/><E36/><V61/><F61/><W49/><G49/><T35/><D35/><U114/><E131/><V0/><F0/><W107/><G107/><T53/><D53/><U113/><E134/><V30/><F30/><W33/><G33/><T72/><D52/><U79/><E133/><V26/><F26/><W87/><G87/><T57/><D72/><U135/><E135/><RYUUKYOKU ba="1,2" sc="195,-10,274,-10,236,30,275,-10" hai2="16,25,78,82,85,88,89" /><INIT seed="6,2,2,1,5,61" ten="185,264,266,265" oya="2" hai0="113,98,9,79,63,17,68,41,33,106,53,40,43" hai1="35,73,29,20,54,30,75,134,37,24,72,116,67" hai2="115,7,50,12,132,105,57,82,23,99,32,90,70" hai3="78,5,1,74,107,89,62,49,83,39,27,46,114"/><V100/><F70/><W124/><G124/><T58/><D33/><U18/><E116/><V55/><F32/><W81/><G107/><T42/><D113/><U109/><E109/><V14/><F115/><W112/><G39/><T88/><D79/><U119/><E37/><V65/><F132/><W133/><G133/><T77/><D77/><U130/><E119/><V101/><F101/><W117/><G117/><T126/><D126/><U16/><E54/><V66/><F12/><W44/><G44/><T25/><D106/><U95/><E130/><V69/><F69/><W125/><G125/><T103/><D103/><U26/><E95/><V121/><F121/><W47/><G47/><T122/><D122/><U127/><E127/><V118/><F118/><W8/><G27/><T0/><D0/><U120/><E120/><V59/><F59/><W108/><G108/><T110/><D110/><U87/><E87/><V76/><F90/><W4/><G4/><T92/><N who="0" m="10240" /><DORA hai="64" /><T34/><D34/><U48/><E48/><V84/><REACH who="2" step="1"/><F23/><REACH who="2" ten="185,264,256,265" step="2"/><W96/><G112/><T31/><D68/><U60/><REACH who="1" step="1"/><E134/><REACH who="1" ten="185,254,256,265" step="2"/><V28/><F28/><W10/><G114/><T36/><D31/><U85/><E85/><V131/><F131/><W91/><G74/><T129/><D129/><U86/><E86/><V135/><F135/><W51/><G51/><T71/><D36/><U22/><E22/><V93/><F93/><W2/><G49/><T15/><D71/><AGARI ba="2,4" hai="16,18,20,24,26,29,30,35,60,67,71,72,73,75" machi="71" ten="40,8000,1" yaku="1,1,52,2,54,1,53,0" doraHai="61,64" doraHaiUra="123,128" who="1" fromWho="0" sc="185,-86,254,126,256,0,265,0" /><INIT seed="7,0,0,0,3,37" ten="99,380,256,265" oya="3" hai0="50,26,56,65,100,123,11,54,94,130,120,78,110" hai1="125,109,34,19,5,25,77,23,29,133,52,132,59" hai2="127,16,10,1,84,68,104,47,70,51,66,79,88" hai3="81,126,46,95,49,96,76,67,38,116,99,4,18"/><W55/><G116/><T22/><D130/><U20/><E109/><V45/><F104/><W13/><G126/><T40/><D110/><U112/><E112/><V93/><F127/><W103/><G4/><T107/><D107/><U9/><E125/><V108/><F108/><W8/><G67/><T135/><D135/><N who="1" m="51787" /><E77/><V43/><F1/><W131/><G131/><T101/><D78/><U80/><E80/><N who="2" m="47135" /><F70/><W89/><G38/><T73/><D73/><U117/><E19/><V82/><F68/><W102/><REACH who="3" step="1"/><G99/><REACH who="3" ten="99,380,256,255" step="2"/><T17/><D120/><U91/><E117/><V86/><F66/><W63/><G63/><T60/><D123/><U129/><E129/><V42/><F82/><W75/><AGARI ba="0,1" hai="8,13,18,46,49,55,75,76,81,89,95,96,102,103" machi="75" ten="20,3900,0" yaku="1,1,0,1,7,1,53,0" doraHai="37" doraHaiUra="62" who="3" fromWho="3" sc="99,-13,380,-13,256,-13,255,49" /><INIT seed="7,1,0,1,2,55" ten="86,367,243,304" oya="3" hai0="87,120,54,132,81,79,44,114,115,82,65,127,75" hai1="25,24,80,68,116,35,76,121,17,69,117,96,21" hai2="84,101,71,1,38,7,135,131,107,22,64,12,110" hai3="92,118,14,23,8,19,40,88,97,4,31,11,15"/><W5/><G118/><N who="1" m="45674" /><E96/><V85/><F38/><W72/><G72/><T94/><D65/><U26/><E121/><V33/><F110/><W108/><G108/><T39/><D54/><U106/><E106/><V134/><F85/><W129/><G129/><T49/><D44/><U36/><E36/><V86/><F84/><W9/><G40/><T124/><D49/><U83/><E35/><V50/><F86/><W61/><G31/><T37/><D37/><U63/><E63/><V27/><F50/><W109/><G109/><T78/><D39/><U34/><E34/><V42/><F42/><W67/><REACH who="3" step="1"/><G5/><REACH who="3" ten="86,367,243,294" step="2"/><T126/><D120/><U90/><E80/><V2/><F131/><W60/><G60/><T111/><D111/><U56/><E83/><V62/><F7/><W59/><AGARI ba="1,1" hai="4,8,9,11,14,15,19,23,59,61,67,88,92,97" machi="59" ten="20,18000,2" yaku="1,1,0,1,7,1,8,1,52,1,54,1,53,1" doraHai="55" doraHaiUra="13" who="3" fromWho="3" sc="86,-61,367,-61,243,-61,294,193" owari="25,-47.0,306,11.0,182,-22.0,487,58.0" /></mjloggm>