<mjloggm ver="2.3"><GO type="169" lobby="0"/><UN n0="%E5%BF%83%E6%BB%85%E7%8D%A3%E8%BA%AB" n1="%E3%83%90%E3%83%AA%E3%83%88%E3%83%B3" n2="%74%61%6E%61%4B%61" n3="%E3%81%94%E3%82%8B%E3%81%A3" dan="17,16,17,16" rate="2173.78,2195.08,2135.58,2138.57" sx="M,M,M,M"/><TAIKYOKU oya="0"/><INIT seed="0,0,0,2,4,4" ten="250,250,250,250" oya="0" hai0="18,44,14,22,16,48,97,64,26,77,123,27,94" hai1="119,17,115,76,70,21,31,65,128,78,99,92,1" hai2="127,71,51,96,15,43,41,113,93,120,19,131,62" hai3="82,126,109,80,3,135,63,75,81,36,35,116,69"/><T86/><D123/><U47/><E119/><V129/><F113/><W90/><RYUUKYOKU type="yao9" ba="0,0" sc="250,0,250,0,250,0,250,0" hai3="3,35,36,63,69,75,80,81,82,90,109,116,126,135" /><INIT seed="0,1,0,3,5,46" ten="250,250,250,250" oya="0" hai0="108,96,70,31,103,53,105,107,4,75,104,123,2" hai1="25,102,49,100,67,35,18,109,43,74,84,40,55" hai2="132,134,115,24,16,45,110,73,130,90,58,47,0" hai3="76,57,112,3,22,26,88,63,131,34,133,10,12"/><T17/><D123/><U135/><E74/><V89/><F115/><W5/><G112/><T59/><D70/><U7/><E67/><V6/><F73/><W38/><G38/><T72/><D31/><U51/><E7/><V78/><F78/><W54/><G131/><T69/><D69/><U121/><E121/><V82/><F110/><W23/><G133/><N who="2" m="51305" /><F6/><W117/><G117/><T127/><D108/><U97/><E109/><V68/><F68/><W93/><G76/><T95/><D127/><U36/><E36/><V128/><F0/><W94/><G94/><T92/><D92/><U66/><E66/><V15/><F24/><W111/><G111/><T98/><D17/><U86/><E135/><V124/><F58/><W122/><G122/><T30/><D30/><U27/><E55/><V119/><F119/><W87/><G34/><T44/><D44/><N who="2" m="16970" /><F124/><W79/><G79/><T56/><D56/><U19/><E97/><V62/><F62/><W42/><G42/><T126/><D98/><U28/><E28/><V39/><F39/><W120/><G120/><T85/><D126/><U91/><E91/><N who="2" m="34827" /><F82/><W116/><G116/><T29/><D85/><U113/><E113/><V37/><F37/><W41/><G41/><T52/><D29/><U48/><REACH who="1" step="1"/><E49/><REACH who="1" ten="250,240,250,250" step="2"/><V9/><AGARI ba="1,1" hai="9,15,16,128,130" m="34827,16970,51305" machi="9" ten="40,2700,0" yaku="20,1,54,1" doraHai="46" who="2" fromWho="2" sc="250,-14,240,-8,250,40,250,-8" /><INIT seed="1,0,0,0,2,49" ten="236,232,290,242" oya="1" hai0="37,78,54,50,59,114,123,25,62,19,86,72,89" hai1="79,98,119,74,135,124,58,42,29,43,51,82,41" hai2="81,17,126,94,52,93,12,31,66,99,107,77,128" hai3="1,15,57,35,116,46,13,36,56,132,4,120,102"/><U47/><E119/><V71/><F31/><W85/><G120/><T103/><D114/><U40/><E135/><V117/><F117/><W70/><G116/><T53/><D37/><U65/><E124/><V112/><F126/><W60/><G35/><T45/><D123/><U38/><E29/><V61/><F128/><W0/><G102/><T7/><D103/><U127/><E127/><V22/><F107/><W75/><G75/><T80/><D7/><U18/><E98/><V63/><F99/><W33/><G33/><T108/><D108/><U14/><E58/><V131/><F131/><W111/><G111/><T64/><D72/><U5/><E65/><V48/><F61/><W67/><G13/><T106/><D106/><U95/><E95/><V100/><F100/><W97/><G97/><T6/><D6/><U11/><REACH who="1" step="1"/><E5/><REACH who="1" ten="236,222,290,242" step="2"/><V118/><F118/><W26/><G132/><T88/><D64/><U24/><E24/><V91/><F112/><W104/><G26/><T20/><AGARI ba="0,1" hai="19,20,25,45,50,53,54,59,62,78,80,86,88,89" machi="20" ten="30,8000,1" yaku="0,1,8,1,52,2,54,1" doraHai="49" who="0" fromWho="0" sc="236,90,222,-40,290,-20,242,-20" /><INIT seed="2,0,0,0,3,32" ten="326,182,270,222" oya="2" hai0="129,42,80,106,39,114,104,12,48,88,16,118,19" hai1="134,5,113,77,30,38,101,124,47,100,24,127,135" hai2="72,78,112,119,58,86,17,29,63,59,132,125,51" hai3="79,121,28,102,55,7,109,40,6,57,0,93,21"/><V123/><F119/><W97/><G109/><T8/><D114/><U26/><E38/><V115/><F123/><W73/><G121/><T56/><D39/><U84/><E47/><V4/><F72/><W81/><G40/><T31/><D31/><U91/><E113/><V92/><F125/><N who="1" m="48201" /><E24/><V14/><F132/><N who="1" m="50729" /><E5/><V130/><F29/><W64/><G64/><T25/><D118/><U98/><E26/><V23/><F4/><W131/><G28/><T99/><D25/><U120/><E30/><V111/><F111/><W122/><G21/><T35/><D35/><U116/><E116/><V41/><F115/><W70/><G70/><T53/><D42/><U74/><E74/><V3/><F3/><W60/><G122/><T9/><D19/><U126/><E126/><V107/><F112/><W133/><G133/><T15/><D8/><U69/><E69/><V20/><F17/><W52/><G55/><T128/><D15/><U71/><E71/><V117/><F14/><W96/><G0/><T54/><D54/><U65/><E65/><V22/><F117/><W61/><G61/><T50/><D50/><U103/><E77/><V1/><F78/><W110/><G110/><T76/><D76/><U87/><E120/><V82/><F51/><W75/><G75/><T62/><D48/><U83/><E87/><V108/><F86/><W2/><G2/><T94/><D80/><U37/><E37/><V34/><F82/><W10/><G10/><T68/><D68/><U105/><AGARI ba="0,0" hai="83,84,91,98,100,101,103,105" m="50729,48201" machi="105" ten="30,7900,0" yaku="18,1,20,1,34,2" doraHai="32" who="1" fromWho="1" sc="326,-20,182,79,270,-39,222,-20" /><INIT seed="3,0,0,1,5,102" ten="306,261,231,202" oya="3" hai0="118,91,131,116,83,123,114,21,49,117,89,64,120" hai1="27,3,8,87,90,46,54,122,39,34,106,73,93" hai2="47,61,77,71,42,22,63,25,74,75,112,10,70" hai3="5,72,97,94,37,20,103,41,48,135,18,23,0"/><W124/><G135/><T126/><D64/><U45/><E122/><N who="0" m="46633" /><D49/><U121/><E121/><V80/><F112/><W95/><G124/><T115/><D21/><U35/><E73/><V68/><F10/><W125/><G125/><T13/><D13/><U36/><E106/><V98/><F74/><W111/><G72/><T81/><D126/><U53/><E3/><V65/><F98/><W30/><G37/><T82/><D131/><U16/><E46/><V29/><REACH who="2" step="1"/><F63/><REACH who="2" ten="306,261,221,202" step="2"/><W96/><G111/><T7/><D7/><U62/><E62/><V14/><F14/><W9/><G23/><T2/><D2/><U69/><E8/><V52/><F52/><W6/><G6/><T32/><D32/><U130/><E54/><V85/><F85/><W40/><G48/><AGARI ba="0,1" hai="22,25,29,42,47,48,61,65,68,70,71,75,77,80" machi="48" ten="30,3900,0" yaku="1,1,7,1,53,1" doraHai="102" doraHaiUra="76" who="2" fromWho="3" sc="306,0,261,0,221,49,202,-39" /><INIT seed="4,0,0,0,3,134" ten="306,261,270,163" oya="0" hai0="67,47,109,120,132,37,102,91,16,115,36,43,123" hai1="30,52,2,59,114,29,133,76,19,46,121,31,75" hai2="40,45,100,81,56,22,20,92,48,68,74,113,4" hai3="112,99,39,119,62,54,122,96,33,5,79,64,107"/><T26/><D132/><U50/><E121/><V93/><F68/><W116/><G122/><T17/><D115/><U88/><E2/><V98/><F113/><W104/><G112/><T0/><D0/><U135/><E114/><V77/><F4/><W21/><G54/><T130/><D130/><U12/><E76/><V78/><F78/><W11/><G21/><T70/><D37/><U72/><E135/><V25/><F56/><W3/><G79/><T124/><D124/><U125/><E125/><V35/><F35/><W127/><G127/><T14/><D109/><U1/><E1/><V53/><F40/><W111/><G111/><T71/><D102/><U61/><E133/><V83/><F83/><W126/><G126/><T95/><D71/><U66/><REACH who="1" step="1"/><E88/><REACH who="1" ten="306,251,270,163" step="2"/><V42/><F77/><W49/><G99/><T10/><D120/><U86/><E86/><V84/><F74/><W58/><G96/><T85/><D123/><U41/><E41/><V63/><F42/><W38/><G3/><T18/><REACH who="0" step="1"/><D26/><REACH who="0" ten="296,251,270,163" step="2"/><U106/><E106/><V6/><F25/><W13/><G104/><T44/><D44/><U9/><AGARI ba="0,2" hai="9,12,19,29,30,31,46,50,52,59,61,66,72,75" machi="9" ten="30,4000,0" yaku="1,1,0,1,54,1,53,0" doraHai="134" doraHaiUra="117" who="1" fromWho="1" sc="296,-20,251,60,270,-10,163,-10" /><INIT seed="5,0,0,5,0,3" ten="276,311,260,153" oya="1" hai0="6,66,36,60,132,102,23,8,24,51,49,13,90" hai1="110,44,0,16,129,56,17,131,72,2,114,128,100" hai2="127,31,58,93,97,48,25,50,69,99,101,30,71" hai3="7,89,40,113,43,98,85,41,70,116,11,87,59"/><U67/><E72/><V57/><F127/><W9/><G113/><T123/><D132/><U28/><E100/><V10/><F10/><W108/><G108/><T18/><D36/><U20/><E44/><V55/><F99/><W134/><G70/><T133/><D133/><U81/><E81/><V65/><F30/><W34/><G34/><T42/><D123/><U135/><E135/><V53/><REACH who="2" step="1"/><F65/><REACH who="2" ten="276,311,250,153" step="2"/><W126/><G126/><T112/><D112/><U80/><E114/><V96/><F96/><W94/><G134/><T74/><D74/><U4/><E110/><V62/><F62/><W120/><G11/><T92/><D102/><U27/><E80/><V119/><F119/><W130/><G116/><T106/><D106/><U39/><E39/><V61/><F61/><W125/><G125/><T12/><D60/><N who="1" m="38279" /><E2/><V29/><F29/><W111/><G111/><T38/><D66/><U22/><E22/><AGARI ba="0,1" hai="22,25,31,48,50,53,55,57,58,69,71,93,97,101" machi="22" ten="30,7700,0" yaku="1,1,7,1,9,1,53,1" doraHai="3" doraHaiUra="88" who="2" fromWho="1" sc="276,0,311,-77,250,87,153,0" /><INIT seed="6,0,0,0,2,44" ten="276,234,337,153" oya="2" hai0="128,79,72,96,57,31,92,126,40,2,73,27,22" hai1="102,14,4,134,76,1,9,68,59,56,99,67,25" hai2="6,122,32,97,115,7,48,112,98,65,46,52,28" hai3="77,58,95,120,88,119,12,60,113,21,110,132,17"/><V118/><F122/><W75/><G110/><T94/><D2/><U133/><E76/><V109/><F118/><W49/><G119/><T135/><D128/><U101/><E68/><V90/><F65/><W80/><G120/><T125/><D135/><U5/><E102/><V105/><F109/><W106/><G106/><T34/><D34/><U39/><E39/><V117/><F117/><W78/><G78/><T3/><D3/><U63/><E1/><V26/><F90/><W62/><G132/><T54/><D40/><U8/><E56/><V69/><F69/><W91/><G91/><T13/><D13/><U74/><E74/><V123/><F123/><W29/><G29/><T16/><D31/><U23/><E9/><V41/><F41/><W93/><G93/><T42/><D92/><U116/><E5/><N who="2" m="1547" /><F105/><W89/><G89/><T37/><D42/><U20/><E20/><V130/><F130/><W114/><G62/><T121/><D37/><U104/><REACH who="1" step="1"/><E116/><REACH who="1" ten="276,224,337,153" step="2"/><V83/><F32/><W66/><REACH who="3" step="1"/><G49/><REACH who="3" ten="276,224,337,143" step="2"/><N who="0" m="30927" /><D121/><U86/><E86/><AGARI ba="0,2" hai="12,17,21,58,60,66,75,77,80,86,88,95,113,114" machi="86" ten="40,2600,0" yaku="1,1,54,1,53,0" doraHai="44" doraHaiUra="36" who="3" fromWho="1" sc="276,0,224,-26,337,0,143,46" /><INIT seed="7,0,0,1,2,60" ten="276,198,337,189" oya="3" hai0="87,110,112,73,79,33,30,106,49,43,16,101,50" hai1="32,21,81,39,86,118,133,113,105,75,24,40,65" hai2="26,127,4,35,13,94,15,53,78,12,22,114,121" hai3="47,96,9,20,72,126,38,28,2,55,85,122,46"/><W104/><G122/><T130/><D110/><U90/><E32/><V134/><F35/><W59/><G72/><T7/><D7/><U91/><E75/><V58/><F114/><W123/><G123/><T109/><D109/><U131/><E105/><V17/><F127/><W88/><G126/><T111/><D111/><U108/><E108/><V76/><F134/><W54/><G38/><T62/><D112/><U120/><E120/><V89/><F4/><W71/><G71/><T45/><D73/><U68/><E113/><V67/><F67/><W19/><G2/><T6/><D6/><U51/><E39/><V129/><F129/><W52/><G104/><T80/><D130/><U74/><E74/><V70/><F70/><W27/><G96/><T10/><D101/><U56/><E68/><V42/><F42/><W84/><G84/><T1/><D106/><U11/><E11/><V125/><F125/><W48/><G46/><T103/><D103/><U100/><E100/><V29/><F29/><W82/><G59/><T83/><D83/><U44/><E118/><V93/><F93/><W61/><G61/><T63/><D50/><U117/><E117/><V0/><F0/><W57/><G57/><T3/><D3/><U102/><E102/><V92/><F92/><W107/><G107/><T132/><D1/><U36/><E131/><V97/><F121/><W34/><REACH who="3" step="1"/><G9/><REACH who="3" ten="276,198,337,179" step="2"/><T116/><D116/><U69/><E36/><V124/><F124/><W31/><G31/><T128/><D128/><U99/><E69/><V25/><F58/><W119/><G119/><T98/><D10/><RYUUKYOKU ba="0,1" sc="276,-10,198,-10,337,-10,179,30" hai3="19,20,27,28,34,47,48,52,54,55,82,85,88" /><INIT seed="7,1,1,3,1,60" ten="266,188,327,209" oya="3" hai0="32,30,58,97,99,112,64,61,132,39,116,106,79" hai1="118,89,130,6,23,75,38,70,104,72,0,8,73" hai2="26,119,18,110,101,121,83,78,127,54,7,14,47" hai3="17,11,115,123,24,100,44,113,51,22,36,77,131"/><W80/><G123/><T63/><D116/><U45/><E118/><V37/><F110/><W68/><G68/><T67/><D39/><U94/><E104/><V31/><F119/><W107/><G36/><T93/><D132/><U25/><E70/><V128/><F101/><W122/><G122/><T34/><D112/><N who="3" m="43081" /><G11/><T12/><D79/><U85/><E130/><V42/><F128/><W109/><G131/><T49/><D49/><U92/><E92/><V88/><F7/><W65/><G109/><T41/><D41/><U5/><E5/><V120/><F54/><N who="3" m="30055" /><G100/><T124/><D124/><U87/><E38/><V133/><F127/><W57/><G107/><T111/><D111/><U98/><REACH who="1" step="1"/><E45/><REACH who="1" ten="266,178,327,209" step="2"/><V52/><F47/><W117/><G117/><T129/><D129/><U2/><E2/><V108/><F37/><W74/><G57/><T16/><D106/><U3/><E3/><V20/><F108/><W66/><AGARI ba="1,2" hai="17,22,24,65,66,74,77,80" m="30055,43081" machi="66" ten="30,6000,0" yaku="15,1,52,2" doraHai="60" who="3" fromWho="3" sc="266,-21,178,-21,327,-21,209,83" /><INIT seed="7,2,0,3,3,26" ten="245,157,306,292" oya="3" hai0="82,93,79,67,84,7,19,73,130,131,89,90,111" hai1="17,22,54,129,3,117,21,86,132,122,125,71,69" hai2="74,50,103,62,24,52,68,87,38,57,0,78,15" hai3="92,53,97,40,113,8,116,27,108,11,1,121,28"/><W63/><G116/><T96/><D67/><U88/><E122/><V124/><F0/><W118/><G118/><T107/><D19/><U72/><E72/><V25/><F74/><W110/><G121/><T115/><D7/><U83/><E117/><V45/><F103/><N who="3" m="60839" /><G40/><T2/><D2/><U77/><E3/><V16/><F68/><W51/><G63/><T14/><D14/><U4/><E4/><V85/><F38/><W29/><G113/><T98/><D111/><N who="3" m="42537" /><G1/><T61/><D61/><U100/><E100/><V76/><F124/><W43/><G43/><T104/><D115/><U34/><E34/><V99/><F99/><W94/><G94/><T66/><D66/><U10/><E125/><V20/><F87/><W81/><G81/><T49/><D49/><U41/><E41/><N who="2" m="24879" /><F85/><W134/><G134/><T70/><D70/><U9/><E132/><V133/><F133/><W46/><G28/><T127/><D127/><U47/><E71/><V55/><F55/><W75/><G75/><T30/><D30/><U13/><E69/><V64/><F64/><W5/><G5/><T135/><D135/><U102/><E102/><V126/><F126/><W119/><G119/><T56/><D56/><U80/><E129/><N who="0" m="49161" /><D98/><U42/><E54/><V6/><F6/><W120/><G120/><T37/><D37/><U101/><E101/><V39/><F39/><W109/><G109/><T128/><N who="0" m="49169" /><T59/><DORA hai="60" /><D59/><U114/><E114/><V123/><F123/><W105/><G105/><T58/><D58/><U112/><E112/><V18/><F18/><W31/><G31/><RYUUKYOKU ba="2,0" sc="245,10,157,-30,306,10,292,10" hai0="73,79,82,84,89,90,93,96,104,107" hai2="15,16,20,24,25,52,57,62,76,78" hai3="8,11,27,29,46,51,53" /><INIT seed="7,3,0,5,3,32" ten="255,127,316,302" oya="3" hai0="85,66,81,83,30,113,99,51,59,87,61,1,101" hai1="128,112,4,69,116,115,14,43,79,91,80,56,74" hai2="12,50,64,122,75,0,5,55,123,31,76,126,8" hai3="42,53,86,73,103,133,114,29,28,9,49,124,35"/><W21/><G73/><T47/><D113/><U120/><E69/><V58/><F126/><W109/><G114/><T127/><D127/><U34/><E34/><V19/><F31/><W107/><G124/><T16/><D30/><U125/><E125/><V60/><F76/><W92/><G35/><T39/><D39/><U68/><E68/><V22/><REACH who="2" step="1"/><F75/><REACH who="2" ten="255,127,306,302" step="2"/><W134/><G109/><T63/><D1/><U102/><E115/><V18/><F18/><W10/><G29/><T33/><D33/><U100/><E112/><V131/><F131/><W11/><G28/><T72/><D72/><U96/><E128/><V23/><F23/><W67/><G21/><T45/><D16/><U111/><E111/><V93/><F93/><W135/><G107/><T95/><D63/><U44/><E120/><V70/><AGARI ba="3,1" hai="0,5,8,12,19,22,50,55,58,60,64,70,122,123" machi="70" ten="30,4000,0" yaku="1,1,0,1,52,1,53,0" doraHai="32" doraHaiUra="24" who="2" fromWho="2" sc="255,-13,127,-13,306,59,302,-23" owari="242,-16.0,114,-39.0,365,47.0,279,8.0" /></mjloggm>