<mjloggm ver="2.3"><GO type="185" lobby="0"/><UN n0="%E4%B9%9D%E8%93%AE%E5%9B%BD%E5%A3%AB%E4%B8%83%E5%AF%BE%E5%AD%90" n1="%E3%82%84%E3%81%B6%E3%81%84%E3%81%97%E3%82%83" n2="%E6%98%9F%E7%AB%B9%E8%82%89%E3%83%91%E3%82%BB%E3%83%AA" n3="" dan="16,17,18,0" rate="2153.74,2214.66,2341.93,1500.00" sx="M,M,M,C"/><TAIKYOKU oya="0"/><INIT seed="0,0,0,0,0,104" ten="350,350,350,0" oya="0" hai0="121,131,117,106,67,86,40,125,32,119,35,91,122" hai1="116,49,0,64,96,84,58,83,123,50,94,78,124" hai2="135,75,102,111,34,53,51,118,61,65,99,110,45" hai3=""/><T52/><N who="0" m="31008" /><T37/><N who="0" m="31264" /><T1/><D1/><U98/><N who="1" m="31520" /><U114/><E0/><V43/><F34/><T103/><D67/><U60/><E116/><V55/><F118/><T128/><D119/><U59/><E124/><V92/><F75/><T113/><D117/><U71/><E114/><V100/><F100/><T56/><D113/><U62/><E71/><V3/><F135/><T108/><D125/><U74/><E74/><V39/><F3/><T88/><D108/><N who="2" m="41514" /><F39/><T36/><D106/><U115/><E115/><V54/><F55/><T38/><D40/><U105/><E105/><V126/><F126/><T132/><D103/><U81/><E81/><V107/><F107/><T76/><D76/><U46/><E46/><V97/><F97/><T57/><D132/><U68/><E68/><AGARI ba="0,0" hai="43,45,51,53,54,61,65,68,92,99,102" m="41514" machi="68" ten="30,1000,0" yaku="14,1" doraHai="104" who="2" fromWho="1" sc="350,0,350,-10,350,10,0,0" /><INIT seed="1,0,0,0,2,99" ten="350,340,360,0" oya="1" hai0="114,69,39,129,77,3,60,132,117,128,113,57,103" hai1="118,65,0,55,2,32,54,105,94,124,95,49,92" hai2="51,91,108,96,70,64,86,75,73,44,72,50,66" hai3=""/><U135/><E32/><V81/><F108/><T56/><D77/><U87/><E118/><V45/><F70/><T82/><D82/><U74/><E74/><V134/><F134/><T41/><D3/><U61/><E135/><V80/><F96/><T133/><D103/><U78/><E124/><V123/><N who="2" m="31520" /><V47/><REACH who="2" step="1"/><F80/><REACH who="2" ten="350,340,350,0" step="2"/><T104/><D69/><U67/><E0/><V100/><F100/><T89/><D132/><U130/><E2/><V98/><F98/><T36/><D133/><U106/><E130/><V48/><AGARI ba="0,1" hai="44,45,47,48,50,51,64,66,72,73,75,81,86,91" m="31520" machi="48" ten="40,6000,1" yaku="1,1,0,1,29,2,52,1,53,0" doraHai="99" doraHaiUra="88" who="2" fromWho="2" sc="350,-20,340,-40,350,70,0,0" /><INIT seed="2,0,0,5,1,56" ten="330,300,420,0" oya="2" hai0="75,122,97,104,83,45,133,81,46,86,49,98,116" hai1="64,132,76,126,33,55,103,93,52,61,70,105,128" hai2="88,87,99,43,131,96,135,106,110,118,58,50,1" hai3=""/><V91/><F118/><T92/><N who="0" m="31264" /><T117/><D133/><U41/><E33/><V124/><F1/><T37/><D37/><U35/><E35/><V121/><N who="2" m="31008" /><V108/><F135/><T60/><D104/><U109/><E132/><V94/><F131/><T67/><D75/><U120/><N who="1" m="30752" /><U79/><E105/><V48/><F124/><T114/><D114/><U3/><E3/><V127/><F127/><T102/><D98/><U2/><E2/><V0/><F0/><T78/><D81/><U62/><E109/><N who="2" m="42091" /><F43/><T80/><D83/><U95/><E41/><V119/><F119/><T71/><REACH who="0" step="1"/><D45/><REACH who="0" ten="320,300,420,0" step="2"/><U85/><E126/><V100/><F58/><T123/><N who="0" m="31520" /><T65/><D65/><U34/><E64/><V68/><F68/><T51/><D51/><U84/><E70/><V129/><F129/><T69/><D69/><U40/><E34/><V63/><F48/><T115/><D115/><U73/><E128/><V54/><F50/><T125/><D125/><U77/><E73/><V39/><F39/><T42/><AGARI ba="0,1" hai="42,46,49,60,67,71,78,80,86,92,97,102,116,117" m="31520,31264" machi="42" ten="20,9000,2" yaku="1,1,0,1,7,1,52,3,53,1" doraHai="56" doraHaiUra="74" who="0" fromWho="0" sc="320,100,300,-30,420,-60,0,0" /><INIT seed="4,0,0,1,4,73" ten="420,270,360,0" oya="0" hai0="50,97,62,41,80,76,117,32,47,91,74,123,104" hai1="66,64,78,82,39,135,35,105,1,83,53,94,33" hai2="2,99,45,122,42,127,106,130,37,60,121,54,63" hai3=""/><T48/><N who="0" m="31520" /><T98/><D32/><U108/><E105/><V44/><N who="2" m="31008" /><V100/><N who="2" m="31264" /><V34/><F34/><T128/><D128/><U87/><E1/><V109/><F109/><T125/><D125/><U52/><E108/><V114/><F2/><T110/><D110/><U115/><E39/><V120/><N who="2" m="30752" /><V112/><F127/><T68/><D117/><U86/><E94/><V59/><F130/><T67/><D104/><U72/><E135/><V119/><F119/><T102/><D102/><U96/><E96/><V129/><F129/><T3/><D3/><U55/><E72/><V88/><F44/><T132/><D132/><U90/><REACH who="1" step="1"/><E115/><REACH who="1" ten="420,260,360,0" step="2"/><N who="2" m="44075" /><F88/><T133/><D133/><U118/><E118/><V69/><F69/><T75/><D75/><U81/><E81/><V101/><F101/><T92/><D98/><U40/><E40/><V77/><F77/><T85/><D74/><U38/><E38/><AGARI ba="0,1" hai="38,41,47,48,50,62,67,68,76,80,85,91,92,97" m="31520" machi="38" ten="30,5800,0" yaku="7,1,52,2" doraHai="73" who="0" fromWho="1" sc="420,68,260,-58,360,0,0,0" /><INIT seed="4,1,0,5,5,59" ten="488,202,360,0" oya="0" hai0="80,82,87,38,130,108,75,73,116,109,99,43,110" hai1="132,36,37,93,33,67,89,127,79,81,133,134,32" hai2="53,96,39,76,94,131,102,111,52,3,112,0,49" hai3=""/><T66/><D116/><U61/><E127/><V77/><F111/><T90/><D130/><U106/><E106/><V129/><F39/><N who="1" m="14921" /><E89/><V71/><F71/><T86/><D99/><U97/><E93/><V48/><F112/><T83/><D66/><U55/><E97/><V88/><F102/><T56/><D56/><U124/><E55/><V70/><F96/><T46/><REACH who="0" step="1"/><D83/><REACH who="0" ten="478,202,360,0" step="2"/><U105/><E124/><V122/><F129/><T78/><AGARI ba="1,1" hai="38,43,46,73,75,78,80,82,86,87,90,108,109,110" machi="78" ten="30,7800,0" yaku="1,1,2,1,0,1,10,1,53,0" doraHai="59" doraHaiUra="51" who="0" fromWho="0" sc="478,90,202,-40,360,-40,0,0" /><INIT seed="4,2,0,3,3,62" ten="568,162,320,0" oya="0" hai0="80,49,50,79,69,64,41,91,71,40,105,32,109" hai1="130,83,38,115,122,76,47,52,118,58,110,33,131" hai2="106,134,121,3,73,87,135,37,55,51,66,126,68" hai3=""/><T1/><D1/><U94/><N who="1" m="31264" /><U114/><E33/><V90/><N who="2" m="31008" /><V72/><F3/><T2/><D2/><U48/><E118/><V101/><F37/><T84/><D32/><U43/><E94/><V120/><N who="2" m="30752" /><V39/><F39/><T102/><D109/><U35/><E35/><V70/><F101/><T53/><D69/><U100/><E100/><V54/><F106/><T117/><D117/><U82/><E82/><V34/><F34/><T95/><D50/><U113/><REACH who="1" step="1"/><E110/><REACH who="1" ten="568,152,320,0" step="2"/><V103/><F103/><T67/><D102/><U56/><E56/><V36/><F68/><T93/><D71/><U96/><E96/><V128/><F70/><T42/><D105/><U0/><E0/><V123/><F123/><T92/><REACH who="0" step="1"/><D91/><REACH who="0" ten="558,152,320,0" step="2"/><U75/><AGARI ba="2,2" hai="38,43,47,48,52,58,75,76,83,113,114,115,130,131" m="31264" machi="75" ten="40,9000,2" yaku="1,1,0,1,15,1,11,1,52,1,54,1,53,0" doraHai="62" doraHaiUra="86" who="1" fromWho="1" sc="558,-62,152,114,320,-32,0,0" /><INIT seed="5,0,0,5,2,38" ten="496,266,288,0" oya="1" hai0="57,69,1,53,103,46,96,45,80,89,118,41,132" hai1="48,78,102,94,49,98,52,67,114,129,44,37,127" hai2="84,54,66,85,33,115,109,32,47,134,97,95,108" hai3=""/><U110/><E114/><V83/><F66/><T135/><D1/><U111/><E127/><V125/><F125/><T60/><D118/><U130/><E78/><V101/><F134/><T112/><D112/><U77/><E77/><V104/><F115/><T119/><D119/><U107/><E67/><V75/><F54/><T91/><D69/><U59/><E37/><V71/><F71/><T76/><D46/><U124/><E107/><V40/><F84/><T122/><N who="0" m="31264" /><T70/><D70/><U133/><E133/><V2/><F75/><T87/><D135/><U88/><E102/><V86/><F86/><T123/><N who="0" m="31520" /><T74/><D74/><U120/><N who="1" m="30752" /><U0/><E0/><V117/><F104/><T43/><D43/><U55/><E124/><V100/><F101/><T72/><D72/><U106/><E106/><V36/><F117/><T51/><D132/><U73/><E73/><V81/><F2/><T93/><AGARI ba="0,0" hai="41,45,51,53,57,60,76,80,87,89,91,93,96,103" m="31520,31264" machi="93" ten="20,9000,2" yaku="0,1,7,1,8,1,52,3" doraHai="38" who="0" fromWho="0" sc="496,90,266,-60,288,-30,0,0" /><INIT seed="6,0,0,0,0,74" ten="586,206,258,0" oya="2" hai0="113,77,118,33,109,125,53,35,64,39,75,58,121" hai1="86,71,60,122,48,70,124,1,41,131,87,67,132" hai2="97,88,133,32,96,34,0,73,52,54,85,76,62" hai3=""/><V2/><F133/><T50/><N who="0" m="31008" /><T40/><D109/><U95/><N who="1" m="31264" /><U89/><E1/><V51/><F73/><T68/><D118/><U91/><E132/><V80/><F0/><T61/><D125/><U104/><E104/><V103/><F2/><T36/><D113/><U83/><E124/><V92/><F62/><T101/><D101/><U106/><E106/><V46/><F54/><T98/><D98/><U81/><E131/><V42/><F42/><T59/><D39/><U127/><E127/><V44/><F44/><T112/><D112/><U116/><E116/><V79/><F79/><T100/><D100/><U56/><E41/><V82/><F82/><T47/><D59/><U99/><REACH who="1" step="1"/><E48/><REACH who="1" ten="586,196,258,0" step="2"/><V102/><F103/><AGARI ba="0,1" hai="56,60,67,70,71,81,83,86,87,89,91,95,99,103" m="31264" machi="103" ten="30,12000,2" yaku="1,1,2,1,7,1,9,1,52,1,53,1" doraHai="74" doraHaiUra="57" who="1" fromWho="2" sc="586,0,196,130,258,-120,0,0" owari="586,53.0,326,-7.0,138,-46.0,0,0.0" /></mjloggm>