<mjloggm ver="2.3"><GO type="169" lobby="0"/><UN n0="%E6%98%AF%E6%94%BF%E3%81%AE%E5%A4%95%E9%99%BD" n1="%E7%88%86%E5%BC%BE%E4%BA%94%E9%83%8E%EF%BC%92" n2="%E7%99%BE%E9%87%8E%E3%81%95%E3%82%93" n3="%72%65%72%65%6D%61%72%75" dan="16,16,16,16" rate="2147.44,2104.90,2134.27,2123.00" sx="M,M,M,M"/><TAIKYOKU oya="0"/><INIT seed="0,0,0,0,1,17" ten="250,250,250,250" oya="0" hai0="76,61,99,116,6,3,56,108,125,127,32,94,109" hai1="132,25,8,50,68,113,101,131,66,97,16,0,69" hai2="62,75,52,33,19,7,71,123,2,20,128,114,84" hai3="59,30,47,115,74,12,88,45,18,13,78,31,51"/><T34/><D76/><U24/><E131/><V87/><F123/><W53/><G115/><T54/><D116/><U95/><E132/><V100/><F33/><W110/><G110/><N who="0" m="42603" /><D6/><U133/><E133/><V15/><F75/><W126/><G126/><N who="0" m="48139" /><D3/><U111/><E113/><V72/><F128/><W63/><G78/><T134/><D134/><U26/><E111/><V81/><F100/><AGARI ba="0,0" hai="32,34,54,56,61,94,99,100" m="48139,42603" machi="100" ten="30,5800,0" yaku="14,1,10,1,18,1" doraHai="17" who="0" fromWho="2" sc="250,58,250,0,250,-58,250,0" /><INIT seed="0,1,0,3,1,119" ten="308,250,192,250" oya="0" hai0="92,79,84,77,98,73,133,59,127,112,25,101,129" hai1="67,82,78,86,115,111,116,135,14,27,41,46,81" hai2="105,36,31,6,83,35,85,50,131,65,47,3,33" hai3="87,95,108,132,63,8,120,9,126,104,107,4,121"/><T22/><D112/><U68/><E111/><V20/><F105/><W106/><G108/><T102/><D127/><U38/><E116/><V49/><F36/><W32/><G32/><T94/><D129/><U37/><E135/><V96/><F65/><W124/><G132/><T58/><D73/><U62/><E115/><V113/><F113/><W90/><G63/><T66/><D133/><U130/><E130/><V88/><F131/><W0/><REACH who="3" step="1"/><G9/><REACH who="3" ten="308,250,192,240" step="2"/><T5/><D77/><U54/><E37/><V11/><F35/><W117/><G117/><T26/><D79/><U91/><E27/><V97/><F33/><W56/><G56/><T45/><D26/><U134/><E134/><V48/><F20/><W76/><G76/><T72/><D58/><U123/><E78/><V60/><F60/><W44/><G44/><T43/><D72/><U110/><E110/><V30/><REACH who="2" step="1"/><F47/><REACH who="2" ten="308,250,182,240" step="2"/><W53/><G53/><T7/><D45/><U69/><E54/><V74/><F74/><W118/><G118/><T52/><D43/><U16/><E62/><V55/><F55/><W103/><G103/><T128/><D66/><U75/><E75/><V71/><F71/><W1/><G1/><T125/><D128/><U114/><E67/><V89/><F89/><W61/><G61/><N who="0" m="36071" /><D102/><U51/><E68/><V21/><F21/><W19/><G19/><N who="0" m="12511" /><D125/><AGARI ba="1,2" hai="0,4,8,87,90,95,104,106,107,120,121,124,125,126" machi="125" ten="50,8000,1" yaku="1,1,18,1,52,2,53,0" doraHai="119" doraHaiUra="23" who="3" fromWho="0" sc="308,-83,250,0,182,0,240,103" /><INIT seed="1,0,0,4,3,37" ten="225,250,182,343" oya="1" hai0="87,69,46,30,42,98,82,19,76,41,68,92,28" hai1="35,80,48,12,110,93,106,88,72,105,86,43,17" hai2="117,89,97,67,74,85,58,13,34,27,47,3,29" hai3="57,114,126,53,70,78,5,99,52,60,84,132,124"/><U51/><E35/><V121/><F117/><W44/><G114/><T111/><D111/><U16/><E110/><V109/><F3/><W49/><G5/><T127/><D127/><U59/><E17/><V113/><F113/><W73/><G73/><T54/><D68/><U91/><E72/><V119/><F119/><W120/><G120/><T4/><D69/><U118/><E118/><V123/><F74/><W90/><G132/><T2/><D2/><U112/><E112/><V11/><F109/><W63/><G78/><T31/><D4/><U128/><E128/><V71/><F71/><W18/><G99/><T10/><D19/><U65/><E65/><V102/><F58/><W129/><G129/><T15/><D54/><N who="1" m="32223" /><E91/><V95/><F47/><W23/><G63/><T81/><D46/><N who="1" m="25695" /><E80/><V134/><F67/><W101/><G101/><T108/><D82/><U125/><E125/><V56/><F56/><W131/><G131/><T122/><D122/><U14/><E14/><V66/><F66/><W64/><G70/><T77/><D77/><U20/><AGARI ba="0,0" hai="12,16,20,86,88,93,105,106" m="25695,32223" machi="20" ten="30,11700,0" yaku="25,1,52,1,54,2" doraHai="37" who="1" fromWho="1" sc="225,-39,250,117,182,-39,343,-39" /><INIT seed="1,1,0,0,4,104" ten="186,367,143,304" oya="1" hai0="62,15,97,103,18,42,1,119,16,88,125,25,110" hai1="6,12,8,76,96,67,123,7,99,112,55,127,4" hai2="91,23,43,9,118,50,11,124,30,126,109,56,60" hai3="19,36,14,129,87,131,71,90,63,29,58,78,74"/><U44/><E123/><V5/><F118/><W54/><G36/><T122/><D1/><U34/><E34/><V100/><F100/><W77/><G71/><T81/><D122/><U73/><E112/><V59/><F109/><W53/><G29/><T64/><D110/><U72/><E67/><V80/><F30/><W111/><G111/><T130/><D119/><U115/><E115/><V46/><F23/><W93/><G53/><T10/><D130/><N who="3" m="49673" /><G74/><T26/><D42/><U57/><E44/><V84/><F11/><AGARI ba="1,0" hai="11,14,19,54,58,63,77,78,87,90,93" m="49673" machi="11" ten="30,1000,0" yaku="19,1" doraHai="104" who="3" fromWho="2" sc="186,0,367,0,143,-13,304,13" /><INIT seed="2,0,0,5,4,52" ten="186,367,130,317" oya="2" hai0="7,69,95,22,72,49,14,39,66,37,125,89,135" hai1="48,130,90,9,57,34,1,110,107,131,20,68,106" hai2="108,123,113,111,25,63,11,122,10,18,31,53,55" hai3="16,59,61,23,88,4,119,102,0,76,12,115,5"/><V29/><F113/><W118/><G115/><T43/><D72/><U84/><E68/><V127/><F127/><W86/><G76/><T38/><D125/><U114/><E34/><V100/><F100/><W30/><G102/><T56/><D135/><U41/><E110/><N who="2" m="42027" /><F63/><W21/><G30/><N who="2" m="11273" /><F25/><W8/><G5/><T47/><D7/><U94/><E114/><V117/><F117/><W26/><G23/><T85/><D69/><U44/><E20/><V60/><F18/><W98/><G26/><T81/><D81/><U3/><E107/><V13/><F13/><W82/><G98/><T17/><REACH who="0" step="1"/><D66/><AGARI ba="0,0" hai="0,4,8,12,16,21,59,61,66,82,86,88,118,119" machi="66" ten="30,7700,0" yaku="7,1,52,1,54,2" doraHai="52" who="3" fromWho="0" sc="186,-77,367,0,130,0,317,77" /><INIT seed="3,0,0,1,1,79" ten="109,367,130,394" oya="3" hai0="55,59,62,47,51,9,14,92,83,16,124,82,32" hai1="48,78,77,118,60,53,34,28,49,108,88,99,85" hai2="131,1,119,12,10,40,30,100,37,15,75,76,101" hai3="110,134,19,81,57,8,61,73,95,63,74,43,121"/><W27/><G121/><T44/><D32/><U106/><E108/><V24/><F131/><W66/><G110/><T116/><D124/><U98/><E118/><V87/><F119/><W25/><G134/><T38/><D116/><U54/><E106/><V21/><F75/><W5/><G43/><T125/><D125/><U107/><E107/><V56/><F1/><W17/><G95/><T96/><D38/><U65/><E28/><V122/><F122/><W4/><G8/><T33/><D33/><U128/><E34/><V58/><F40/><W109/><G109/><T117/><D117/><U68/><E128/><V42/><F42/><W80/><G57/><T3/><D3/><U127/><E99/><V91/><F76/><W133/><G133/><T103/><D47/><U114/><E98/><V104/><F37/><W2/><G2/><T132/><D132/><U11/><E11/><V52/><F58/><W64/><AGARI ba="0,0" hai="4,5,17,19,25,27,61,63,64,66,73,74,80,81" machi="64" ten="25,12000,1" yaku="0,1,22,2,52,2" doraHai="79" who="3" fromWho="3" sc="109,-40,367,-40,130,-40,394,120" /><INIT seed="3,1,0,2,5,71" ten="69,327,90,514" oya="3" hai0="44,16,2,97,26,130,42,24,29,81,115,3,43" hai1="107,20,62,128,53,34,61,85,124,1,39,113,60" hai2="4,86,6,35,79,110,101,104,88,15,80,68,70" hai3="78,36,37,50,27,102,131,73,133,0,99,135,91"/><W52/><G0/><T63/><D130/><U89/><E34/><V10/><F35/><W108/><G131/><T28/><D115/><U25/><E1/><V119/><F119/><W69/><G69/><T95/><D81/><U40/><E107/><V90/><F110/><W11/><G108/><T14/><D63/><U46/><E124/><V127/><F127/><W84/><G78/><T123/><D123/><U17/><E128/><V55/><F4/><W18/><G73/><T77/><D77/><U64/><E53/><V129/><F129/><W134/><G11/><T31/><D3/><U65/><REACH who="1" step="1"/><E113/><REACH who="1" ten="69,317,90,514" step="2"/><V114/><F114/><W105/><G27/><T45/><D2/><U19/><E19/><V8/><F55/><W112/><G18/><T103/><D43/><U111/><E111/><V9/><F104/><W49/><G112/><T59/><D59/><U47/><E47/><V98/><F68/><W109/><G109/><T51/><REACH who="0" step="1"/><D45/><REACH who="0" ten="59,317,90,514" step="2"/><U56/><E56/><V58/><F70/><W100/><G135/><T92/><D92/><AGARI ba="1,2" hai="17,20,25,39,40,46,60,61,62,64,65,85,89,92" machi="92" ten="40,2600,0" yaku="1,1,52,1,53,0" doraHai="71" doraHaiUra="94" who="1" fromWho="0" sc="59,-29,317,49,90,0,514,0" /><INIT seed="4,0,0,4,2,14" ten="30,366,90,514" oya="0" hai0="56,82,96,87,36,35,70,128,34,59,45,22,77" hai1="18,28,97,41,30,133,25,62,24,93,121,26,44" hai2="99,51,0,57,105,103,66,135,23,31,55,100,4" hai3="116,129,65,134,53,130,12,132,125,21,19,86,15"/><T6/><D70/><U102/><E133/><N who="3" m="51306" /><G65/><T52/><D128/><N who="3" m="49257" /><G116/><T33/><D6/><U108/><E108/><V16/><F31/><W64/><G64/><T123/><D123/><U17/><E121/><V74/><F66/><W92/><G53/><T3/><D3/><U29/><E62/><V43/><F135/><W94/><G125/><T42/><D59/><U48/><AGARI ba="0,0" hai="17,18,24,25,26,28,29,30,41,44,48,93,97,102" machi="48" ten="30,7900,0" yaku="0,1,8,1,52,2" doraHai="14" who="1" fromWho="1" sc="30,-39,366,79,90,-20,514,-20" owari="-9,-51.0,445,25.0,70,-33.0,494,59.0" /></mjloggm>