<mjloggm ver="2.3"><GO type="185" lobby="0"/><UN n0="%E3%81%A8%E3%82%8A%E3%81%82%E3%81%88%E3%81%9A%E5%9B%9B%E6%AE%B5" n1="%74%2E%6F%2E%6F%2E%73" n2="%E9%B3%B4%E3%81%8D%E3%83%80%E3%83%AB%E3%83%9E" n3="" dan="16,17,17,0" rate="2144.96,2270.66,2222.34,1500.00" sx="M,M,M,C"/><TAIKYOKU oya="0"/><INIT seed="0,0,0,5,5,131" ten="350,350,350,0" oya="0" hai0="122,52,66,79,75,64,54,95,82,127,107,102,135" hai1="71,90,37,46,108,69,91,100,99,49,43,92,73" hai2="32,133,126,41,65,125,60,47,38,2,77,1,128" hai3=""/><T117/><N who="0" m="31264" /><T93/><D117/><U111/><E73/><V115/><F32/><T84/><D127/><N who="2" m="48650" /><F115/><T34/><D34/><U110/><REACH who="1" step="1"/><E37/><REACH who="1" ten="350,340,350,0" step="2"/><V35/><F35/><T40/><D75/><U58/><E58/><V62/><F128/><T55/><D135/><U89/><AGARI ba="0,1" hai="43,46,49,69,71,89,90,91,92,99,100,108,110,111" machi="89" ten="40,3900,0" yaku="1,1,0,1,14,1,53,0" doraHai="131" doraHaiUra="101" who="1" fromWho="1" sc="350,-26,340,49,350,-13,0,0" /><INIT seed="1,0,0,0,4,85" ten="324,389,337,0" oya="1" hai0="123,72,102,114,117,43,49,109,38,130,128,104,81" hai1="67,64,101,56,32,51,78,0,121,95,113,39,129" hai2="111,71,61,94,134,91,124,99,40,82,52,46,106" hai3=""/><U73/><N who="1" m="31008" /><U83/><E113/><V110/><F124/><T103/><N who="0" m="31520" /><T90/><D38/><U100/><E0/><V47/><F134/><T135/><D43/><U2/><E2/><V93/><F106/><T122/><N who="0" m="31264" /><T125/><D49/><U35/><E39/><V42/><F82/><T54/><D54/><U37/><E37/><V1/><F1/><T120/><N who="0" m="30752" /><T107/><D114/><U3/><E3/><V116/><F116/><T55/><D55/><U112/><E112/><V97/><F52/><T66/><D66/><U92/><E129/><N who="0" m="49769" /><D117/><U75/><E83/><V84/><F61/><T53/><D53/><U76/><E51/><V115/><F115/><T88/><D125/><U57/><AGARI ba="0,0" hai="32,35,56,57,64,67,73,75,76,78,92,95,100,101" m="31008" machi="57" ten="25,6400,0" yaku="0,1,22,2,52,1" doraHai="85" who="1" fromWho="1" sc="324,-32,389,64,337,-32,0,0" /><INIT seed="1,1,0,3,0,70" ten="292,453,305,0" oya="1" hai0="107,43,126,62,99,95,117,32,92,60,84,111,133" hai1="82,57,33,129,94,102,135,87,76,66,68,108,93" hai2="63,124,55,122,0,128,106,89,120,48,130,114,77" hai3=""/><U90/><E33/><V38/><N who="2" m="30752" /><V47/><N who="2" m="31264" /><V79/><F0/><T119/><D111/><U118/><E118/><N who="0" m="45065" /><D126/><U64/><E129/><N who="2" m="49771" /><F124/><T127/><D127/><U91/><E135/><V105/><F114/><T83/><D43/><U1/><E1/><V65/><F89/><T73/><D32/><U125/><E125/><V36/><F79/><T113/><D73/><U100/><E68/><V112/><F77/><T88/><D113/><U42/><E108/><V61/><F112/><T98/><D133/><U81/><E76/><V75/><F75/><T59/><D107/><N who="2" m="40970" /><F63/><N who="0" m="24106" /><D59/><AGARI ba="1,0" hai="36,38,47,48,55,59,61,65" m="40970,49771,31264,30752" machi="59" ten="30,8000,1" yaku="19,1,52,4" doraHai="70" who="2" fromWho="0" sc="292,-82,453,0,305,82,0,0" /><INIT seed="2,0,0,0,0,73" ten="210,453,387,0" oya="2" hai0="79,105,33,72,123,1,69,88,111,120,68,91,77" hai1="36,38,70,44,94,117,115,55,32,97,101,76,40" hai2="118,51,48,46,114,65,133,53,93,113,83,60,2" hai3=""/><V54/><F2/><T135/><N who="0" m="30752" /><T86/><N who="0" m="31520" /><T41/><D33/><U107/><E115/><V59/><F118/><T39/><D1/><U92/><E32/><V62/><F133/><T96/><D72/><U99/><E117/><V43/><F93/><T71/><D135/><U128/><E128/><V134/><F83/><T45/><D111/><U125/><E125/><V58/><REACH who="2" step="1"/><F134/><REACH who="2" ten="210,453,377,0" step="2"/><T90/><REACH who="0" step="1"/><D86/><REACH who="0" ten="200,453,377,0" step="2"/><U124/><E124/><V56/><AGARI ba="0,2" hai="43,46,48,51,53,54,56,58,59,60,62,65,113,114" machi="56" ten="20,12000,2" yaku="1,1,2,1,0,1,7,1,34,3,53,0" doraHai="73" doraHaiUra="84" who="2" fromWho="2" sc="200,-60,453,-60,377,140,0,0" /><INIT seed="2,1,0,1,1,118" ten="140,393,517,0" oya="2" hai0="89,1,129,101,126,45,3,99,103,60,32,74,104" hai1="111,94,82,134,133,72,62,132,95,51,35,125,49" hai2="40,120,76,78,71,79,128,122,114,61,113,112,131" hai3=""/><V44/><N who="2" m="30752" /><V48/><N who="2" m="31264" /><V56/><REACH who="2" step="1"/><F71/><REACH who="2" ten="140,393,507,0" step="2"/><T123/><D1/><U93/><E132/><V41/><F41/><T55/><D3/><U108/><E133/><V100/><F100/><T69/><D101/><U87/><E134/><V97/><F97/><T102/><D103/><U47/><E108/><V36/><F36/><T92/><D69/><U98/><E111/><V70/><F70/><T0/><D0/><U116/><E98/><V115/><N who="2" m="28672" /><DORA hai="43" /><V88/><F88/><T57/><D123/><U54/><E116/><V75/><F75/><T117/><D74/><U81/><E72/><V106/><F106/><T64/><D117/><U86/><E35/><V52/><AGARI ba="1,1" hai="40,44,48,52,56,61,76,78,79,128,131" m="28672,31264,30752" machi="52" ten="60,16000,3" yaku="1,1,0,1,52,5,54,1,53,0" doraHai="118,43" doraHaiUra="84,66" who="2" fromWho="2" sc="140,-81,393,-81,507,172,0,0" /><INIT seed="2,2,0,3,2,111" ten="59,312,679,0" oya="2" hai0="50,123,60,85,81,107,64,86,78,125,112,88,63" hai1="46,39,127,101,103,98,0,58,90,47,42,102,91" hai2="95,134,51,77,43,115,54,100,75,109,1,132,40" hai3=""/><V128/><F1/><T84/><N who="0" m="31520" /><T68/><D68/><U80/><E0/><V79/><F109/><T33/><D33/><U34/><E34/><V97/><F115/><T3/><D3/><U70/><E70/><V99/><F128/><T116/><D107/><U66/><E127/><V45/><F75/><T52/><D116/><U44/><E39/><V131/><F131/><T133/><D133/><N who="2" m="51306" /><F99/><T38/><D38/><U62/><E42/><AGARI ba="2,0" hai="40,42,43,45,51,54,77,79,95,97,100" m="51306" machi="42" ten="30,1500,0" yaku="20,1" doraHai="111" who="2" fromWho="1" sc="59,0,312,-19,679,19,0,0" /><INIT seed="2,3,0,3,3,86" ten="59,293,698,0" oya="2" hai0="45,128,57,63,32,135,103,68,115,132,114,46,125" hai1="120,38,34,74,61,127,98,70,104,134,43,39,95" hai2="133,64,60,33,116,79,65,94,35,97,100,106,72" hai3=""/><V113/><F113/><N who="0" m="43018" /><D32/><U109/><N who="1" m="30752" /><U122/><N who="1" m="31264" /><U131/><E34/><V90/><F116/><T88/><D68/><U53/><E74/><V126/><F64/><T42/><D103/><U108/><E104/><V36/><F36/><T73/><D73/><U80/><E80/><V84/><F126/><T107/><D107/><U121/><N who="1" m="31008" /><U55/><E127/><V37/><F37/><N who="1" m="13833" /><E43/><V58/><F133/><N who="0" m="51274" /><D125/><U81/><E81/><AGARI ba="3,0" hai="33,35,58,60,65,72,79,81,84,90,94,97,100,106" machi="81" ten="40,7700,0" yaku="24,2,52,1" doraHai="86" who="2" fromWho="1" sc="59,0,293,-83,698,83,0,0" /><INIT seed="2,4,0,1,5,55" ten="59,210,781,0" oya="2" hai0="44,128,59,122,121,90,56,33,38,102,82,123,93" hai1="98,80,46,116,114,62,113,2,79,94,106,60,66" hai2="109,57,3,49,43,131,70,0,118,126,100,119,85" hai3=""/><V92/><F70/><T99/><N who="0" m="31008" /><T48/><N who="0" m="31264" /><T75/><N who="0" m="31520" /><T45/><D33/><U127/><E2/><V83/><F126/><T73/><D38/><U74/><E127/><V54/><F131/><T89/><D128/><U87/><E116/><V71/><F71/><T34/><D34/><U39/><E60/><V91/><F109/><T36/><D36/><U124/><E124/><V110/><F110/><T32/><D32/><U97/><E97/><V115/><F115/><T40/><D45/><U51/><E106/><V134/><F134/><T63/><D59/><U120/><N who="1" m="30752" /><U41/><E74/><V129/><F129/><T37/><D37/><U67/><E39/><V61/><F0/><T84/><D102/><U107/><E107/><V47/><F3/><T52/><AGARI ba="4,0" hai="40,44,48,52,56,63,73,75,82,84,89,90,93,99" m="31520,31264,31008" machi="52" ten="20,9000,2" yaku="0,1,7,1,52,4,54,1" doraHai="55" who="0" fromWho="0" sc="59,98,210,-34,781,-64,0,0" /><INIT seed="4,0,0,5,1,135" ten="157,176,717,0" oya="0" hai0="104,92,86,105,103,100,74,59,81,73,121,129,79" hai1="43,0,91,90,77,64,48,78,61,85,57,71,114" hai2="40,93,44,109,82,127,45,55,128,133,96,41,123" hai3=""/><T52/><N who="0" m="31008" /><T83/><D129/><U46/><E0/><V89/><N who="2" m="31520" /><V1/><F109/><T69/><D69/><U62/><E114/><V54/><F1/><T98/><D59/><U131/><E131/><V58/><F128/><T124/><D52/><U38/><E91/><V112/><F112/><T66/><D66/><U53/><REACH who="1" step="1"/><E62/><REACH who="1" ten="157,166,717,0" step="2"/><V37/><F133/><T42/><D124/><U84/><E84/><V122/><N who="2" m="31264" /><V111/><F127/><T126/><D126/><U32/><E32/><V118/><F118/><T119/><D119/><U49/><E49/><V99/><F96/><T33/><D33/><U130/><E130/><V75/><F111/><T116/><D116/><U3/><E3/><V134/><F134/><T2/><D2/><U72/><E72/><V39/><F58/><T97/><D74/><U70/><E70/><V125/><F125/><T34/><D34/><U87/><E87/><V101/><F75/><T106/><D42/><U56/><E56/><V117/><F117/><T50/><D50/><U120/><N who="1" m="30752" /><U76/><E76/><AGARI ba="0,1" hai="73,76,79,81,83,86,92,97,98,100,103,104,105,106" m="31008" machi="76" ten="30,24000,3" yaku="7,1,35,6,52,1" doraHai="135" who="0" fromWho="1" sc="157,250,166,-240,717,0,0,0" owari="407,1.0,-74,-67.0,717,66.0,0,0.0" /></mjloggm>