<mjloggm ver="2.3"><GO type="169" lobby="0"/><UN n0="%E3%83%89%E3%83%A9%E3%82%B4%E3%83%B3%48%49%44%45" n1="%6E%69%6B%6B%61%31%31%38" n2="%E3%82%B7%E3%83%A9%2E" n3="%E3%81%94%E3%82%8B%E3%81%A3" dan="16,16,17,16" rate="2073.52,2048.78,2190.04,2135.19" sx="M,M,M,M"/><TAIKYOKU oya="0"/><INIT seed="0,0,0,0,5,67" ten="250,250,250,250" oya="0" hai0="38,2,6,78,9,20,70,132,130,21,85,133,110" hai1="60,118,37,129,135,32,100,55,5,113,68,11,0" hai2="84,99,112,86,81,1,88,66,33,36,25,3,43" hai3="102,54,96,4,121,48,69,111,58,105,73,22,116"/><T46/><D130/><U93/><E129/><V65/><F112/><W97/><G116/><T18/><D70/><U24/><E135/><N who="0" m="51785" /><D110/><U101/><E118/><V134/><F134/><W45/><G111/><T92/><D18/><U12/><E37/><V109/><F109/><W62/><G121/><T63/><D63/><U16/><E93/><V8/><F99/><W98/><G73/><T94/><D94/><U104/><E113/><V114/><F114/><W82/><G82/><N who="0" m="47319" /><D92/><U17/><E17/><V128/><F128/><W124/><G4/><T123/><D123/><U40/><E104/><V83/><F66/><W35/><G124/><T34/><D34/><U31/><E40/><AGARI ba="0,0" hai="2,6,9,20,21,38,40,46" m="47319,51785" machi="40" ten="30,1500,0" yaku="20,1" doraHai="67" who="0" fromWho="1" sc="250,15,250,-15,250,0,250,0" /><INIT seed="0,1,0,4,0,74" ten="265,235,250,250" oya="0" hai0="17,72,73,25,28,4,90,49,57,27,121,65,0" hai1="29,110,93,109,79,124,41,99,7,21,122,104,127" hai2="50,98,18,61,135,34,126,46,85,112,103,128,64" hai3="113,3,68,35,47,13,9,89,19,117,12,62,86"/><T100/><D121/><U101/><E7/><V48/><F112/><W2/><G117/><T51/><D0/><U71/><E71/><V69/><F135/><W30/><G113/><T114/><D114/><U83/><E41/><V88/><F128/><W129/><G129/><T38/><D38/><U123/><E29/><V105/><F126/><N who="1" m="48169" /><E21/><V115/><F115/><W80/><G35/><T39/><D39/><U1/><E1/><V10/><F34/><W43/><G30/><T70/><D70/><U95/><E95/><V92/><REACH who="2" step="1"/><F46/><REACH who="2" ten="265,235,240,250" step="2"/><W87/><G47/><T78/><D28/><U116/><E116/><V118/><F118/><W32/><G32/><T132/><D132/><U20/><E122/><V52/><F52/><W8/><G43/><T107/><D65/><U5/><E123/><V36/><F36/><W111/><G111/><T108/><D108/><U130/><E130/><V45/><F45/><W15/><G68/><T125/><D125/><U23/><E110/><V44/><F44/><W53/><G53/><T16/><D57/><U84/><E109/><V22/><F22/><W133/><G133/><T63/><D51/><U14/><E23/><V55/><F55/><W75/><G62/><T37/><D49/><U119/><E20/><V97/><F97/><W131/><G131/><T76/><D37/><U67/><E67/><V60/><F60/><W91/><G9/><T56/><D56/><U26/><E119/><V33/><F33/><W96/><G96/><T94/><D63/><U120/><E120/><V82/><F82/><W6/><G8/><T59/><D59/><RYUUKYOKU ba="1,1" sc="265,-10,235,-10,240,30,250,-10" hai2="10,18,48,50,61,64,69,85,88,92,98,103,105" /><INIT seed="1,2,1,1,3,4" ten="255,225,270,240" oya="1" hai0="40,69,116,23,31,32,79,34,73,47,108,84,13" hai1="24,10,15,135,93,100,49,112,89,86,97,77,85" hai2="53,22,80,8,76,1,103,131,78,82,107,14,61" hai3="39,105,111,33,127,0,98,38,48,5,91,114,9"/><U64/><E135/><V30/><F131/><W29/><G114/><T130/><D116/><U27/><E112/><V60/><F1/><W125/><G48/><T102/><D108/><U63/><E49/><V59/><F107/><W50/><G50/><T129/><D69/><U72/><E85/><V6/><F103/><N who="3" m="62711" /><G91/><T132/><D132/><U128/><E128/><N who="0" m="49257" /><D73/><U19/><E77/><N who="2" m="29803" /><F61/><W119/><G111/><T43/><D102/><U56/><REACH who="1" step="1"/><E72/><REACH who="1" ten="255,215,270,240" step="2"/><V58/><F58/><W126/><G119/><T109/><D79/><U66/><E66/><V12/><F59/><W74/><G74/><T96/><D84/><U110/><E110/><V3/><F60/><W83/><G83/><AGARI ba="2,2" hai="10,15,19,24,27,56,63,64,83,86,89,93,97,100" machi="83" ten="30,11600,0" yaku="1,1,7,1,8,1,52,1,53,0" doraHai="4" doraHaiUra="106" who="1" fromWho="3" sc="255,0,215,142,270,0,240,-122" /><INIT seed="1,3,0,1,0,18" ten="255,357,270,118" oya="1" hai0="67,86,123,92,20,113,135,83,101,72,88,54,36" hai1="68,128,114,35,91,115,60,73,7,43,78,45,99" hai2="0,23,122,95,97,38,69,93,16,107,80,25,6" hai3="29,1,12,39,108,21,126,4,111,125,109,79,90"/><U105/><E128/><V85/><F122/><W15/><G39/><T94/><D123/><U55/><E7/><V121/><F121/><W49/><G79/><T110/><D113/><U63/><E63/><V66/><F38/><W59/><G90/><T70/><D110/><U71/><E71/><V42/><F42/><W48/><G48/><T28/><D135/><U17/><E73/><V19/><F19/><W13/><G59/><T3/><D3/><U47/><E78/><V102/><F6/><W52/><G52/><T11/><D36/><U31/><E17/><V53/><F0/><W132/><G49/><T87/><D11/><U51/><E45/><V64/><F53/><W27/><G132/><T14/><D72/><U124/><E124/><N who="3" m="47722" /><G1/><T119/><D119/><U41/><E41/><V130/><F130/><W58/><G58/><T120/><D120/><U106/><E106/><V57/><F57/><W10/><AGARI ba="3,0" hai="4,10,12,13,15,21,27,29,108,109,111" m="47722" machi="10" ten="40,8000,1" yaku="14,1,18,1,34,2,52,1" doraHai="18" who="3" fromWho="3" sc="255,-23,357,-43,270,-23,118,89" /><INIT seed="2,0,0,2,5,16" ten="232,314,247,207" oya="2" hai0="131,122,115,19,133,108,127,106,18,68,103,112,76" hai1="119,33,25,60,117,63,126,79,113,92,58,12,49" hai2="118,8,71,75,121,9,89,22,0,20,85,45,78" hai3="99,27,37,82,61,51,55,31,62,50,43,104,17"/><V53/><F118/><W21/><G37/><T102/><D68/><U30/><E126/><V35/><F71/><W114/><G114/><N who="0" m="43563" /><D127/><U28/><E79/><V132/><F132/><W23/><G82/><T57/><D76/><U56/><E12/><V98/><F121/><W1/><G1/><T123/><D57/><U129/><E129/><V3/><F35/><W11/><G11/><N who="2" m="4169" /><F3/><W34/><G34/><T5/><D5/><U46/><E113/><V91/><F0/><W101/><G50/><T2/><D2/><U6/><E6/><V134/><F134/><W96/><G96/><T7/><D7/><U128/><E128/><V59/><F75/><W95/><G43/><T47/><D47/><U88/><E33/><V110/><F110/><W42/><G42/><T83/><D131/><U40/><E40/><V81/><F45/><N who="3" m="28143" /><G104/><T107/><D83/><U77/><E46/><V135/><F135/><W124/><G124/><T10/><D10/><U24/><E77/><V39/><F39/><W65/><G65/><T13/><D133/><U48/><E92/><N who="2" m="56607" /><F78/><W90/><G101/><N who="0" m="38411" /><D108/><U130/><E130/><V86/><F86/><W29/><G29/><T93/><D93/><U69/><E69/><V38/><F38/><W36/><G36/><T14/><D107/><U97/><E97/><V80/><F81/><W116/><G116/><T100/><D106/><U54/><E54/><V94/><F80/><W125/><G125/><T109/><D109/><U72/><E72/><V41/><F41/><W87/><G87/><T111/><N who="0" m="38419" /><T52/><DORA hai="26" /><D111/><U67/><E67/><RYUUKYOKU ba="0,0" sc="232,-30,314,10,247,10,207,10" hai1="24,25,28,30,48,49,56,58,60,63,88,117,119" hai2="20,22,53,59,85,89,94" hai3="17,21,23,27,31,61,62,90,95,99" /><INIT seed="2,1,0,0,2,66" ten="202,324,257,217" oya="2" hai0="134,30,95,105,98,56,101,18,51,9,117,125,49" hai1="78,17,123,79,70,68,129,100,115,10,33,104,41" hai2="1,128,80,110,85,31,36,8,76,74,116,59,91" hai3="81,75,44,64,47,32,28,106,84,111,60,69,19"/><V40/><F116/><W15/><G111/><T12/><D117/><U3/><E33/><V122/><F122/><W0/><G0/><T109/><D109/><U130/><E123/><V113/><F110/><W46/><G106/><T63/><D134/><U35/><E35/><V48/><F113/><W14/><G75/><T97/><D125/><U6/><E41/><V118/><F118/><W67/><G67/><T114/><D114/><U58/><E58/><V72/><F128/><N who="1" m="49257" /><E17/><V99/><F31/><W29/><G15/><T50/><D30/><U53/><E53/><V77/><F99/><W57/><G69/><N who="1" m="26730" /><E115/><V83/><F59/><W108/><G108/><T96/><D105/><U45/><E45/><V127/><F127/><W92/><G32/><T62/><D62/><U7/><E7/><V65/><F65/><AGARI ba="1,0" hai="9,12,18,49,50,51,56,63,65,95,96,97,98,101" machi="65" ten="40,1300,0" yaku="8,1" doraHai="66" who="0" fromWho="2" sc="202,16,324,0,257,-16,217,0" /><INIT seed="3,0,0,0,5,59" ten="218,324,241,217" oya="3" hai0="65,29,98,87,19,78,117,127,109,125,96,63,0" hai1="116,72,108,26,123,101,126,47,129,135,42,1,104" hai2="100,131,121,71,45,118,30,61,51,85,73,82,90" hai3="54,81,97,25,106,94,50,79,105,115,38,58,13"/><W76/><G38/><T75/><D117/><U18/><RYUUKYOKU type="yao9" ba="0,0" sc="218,0,324,0,241,0,217,0" hai1="1,18,26,42,47,72,101,104,108,116,123,126,129,135" /><INIT seed="3,1,0,4,1,112" ten="218,324,241,217" oya="3" hai0="99,103,98,13,109,48,41,117,67,8,84,42,37" hai1="22,39,19,10,30,94,11,87,52,38,45,129,131" hai2="82,100,130,123,128,79,25,26,49,97,108,54,20" hai3="58,76,64,59,113,126,16,43,12,118,90,102,72"/><W68/><G113/><T40/><D109/><U91/><E39/><V111/><F123/><W110/><G102/><T89/><D37/><U2/><E38/><V73/><F54/><W120/><G120/><T55/><D117/><U121/><E121/><V5/><F5/><W105/><G105/><T15/><D67/><U133/><E133/><V46/><F46/><W28/><G126/><T75/><D75/><U0/><E30/><V56/><F56/><W32/><G118/><T93/><D8/><U124/><E124/><V21/><F49/><W50/><G76/><T66/><D66/><U85/><E85/><V36/><F36/><W34/><G72/><T107/><REACH who="0" step="1"/><D99/><REACH who="0" ten="208,324,241,217" step="2"/><U78/><E11/><V104/><F111/><W31/><G64/><T69/><D69/><U27/><E10/><V63/><F108/><W62/><G68/><T18/><D18/><U51/><REACH who="1" step="1"/><E78/><REACH who="1" ten="208,314,241,217" step="2"/><V1/><F79/><W6/><G110/><T122/><D122/><U81/><E81/><V114/><F82/><W96/><G31/><T132/><D132/><U77/><E77/><V115/><F115/><W4/><G28/><T95/><D95/><U3/><AGARI ba="1,2" hai="0,2,3,19,22,27,45,51,52,87,91,94,129,131" machi="3" ten="40,5200,0" yaku="1,1,0,1,54,1,53,0" doraHai="112" doraHaiUra="57" who="1" fromWho="1" sc="208,-14,314,75,241,-14,217,-27" /><INIT seed="4,0,0,3,0,104" ten="194,389,227,190" oya="0" hai0="126,83,69,62,23,66,92,131,15,102,80,88,82" hai1="14,28,63,85,38,49,41,71,121,127,96,70,123" hai2="2,100,24,64,34,45,53,129,27,77,48,5,55" hai3="37,13,135,128,51,91,106,122,130,12,57,10,26"/><T119/><D119/><U31/><E127/><V20/><F129/><N who="3" m="49771" /><G37/><T22/><D131/><U43/><E96/><V17/><F2/><W87/><G106/><T68/><D126/><U59/><E85/><V120/><F120/><W86/><G122/><T132/><D132/><U47/><E14/><V39/><F39/><W61/><G135/><T44/><D69/><U9/><E9/><V117/><F117/><W52/><G26/><T95/><D44/><U1/><E1/><V50/><F5/><W54/><G91/><T116/><D116/><U111/><E111/><V35/><F64/><W75/><G13/><T84/><REACH who="0" step="1"/><D15/><REACH who="0" ten="184,389,227,190" step="2"/><U108/><E47/><V113/><F45/><N who="3" m="27759" /><G75/><T97/><AGARI ba="0,1" hai="22,23,62,66,68,80,82,83,84,88,92,95,97,102" machi="97" ten="30,6000,0" yaku="1,1,0,1,54,1,53,0" doraHai="104" doraHaiUra="134" who="0" fromWho="0" sc="184,70,389,-20,227,-20,190,-20" /><INIT seed="4,1,0,1,3,65" ten="254,369,207,170" oya="0" hai0="74,60,37,87,108,4,102,21,36,111,82,110,80" hai1="8,34,16,66,85,86,53,12,11,88,105,14,70" hai2="90,40,9,43,5,25,126,27,112,61,96,120,76" hai3="58,2,100,118,57,73,103,124,63,129,75,83,52"/><T119/><D119/><U93/><E105/><V101/><F120/><W0/><G118/><T107/><D4/><U115/><E34/><V131/><F112/><W84/><G129/><T127/><D127/><U79/><E115/><V134/><F131/><W18/><G124/><T98/><D60/><U94/><E70/><V92/><F126/><W15/><G2/><T133/><D133/><U117/><E66/><V19/><F134/><W23/><G0/><T13/><D74/><U116/><E53/><V97/><F76/><W24/><G73/><T38/><D87/><U77/><E16/><AGARI ba="1,0" hai="13,16,21,36,37,38,80,82,98,102,107,108,110,111" machi="16" ten="50,4800,0" yaku="10,1,54,1" doraHai="65" who="0" fromWho="1" sc="254,51,369,-51,207,0,170,0" /><INIT seed="4,2,0,4,4,107" ten="305,318,207,170" oya="0" hai0="33,83,94,113,56,105,102,39,32,18,88,8,2" hai1="68,34,27,42,132,77,16,65,38,0,48,14,25" hai2="31,46,117,24,52,130,134,120,43,85,128,71,66" hai3="26,122,100,19,11,96,13,9,1,59,133,89,55"/><T73/><D113/><U93/><E0/><V125/><F85/><W23/><G133/><T28/><D39/><U21/><E38/><V35/><F120/><W6/><G122/><T123/><D123/><U40/><E77/><V10/><F134/><W92/><G100/><T45/><D28/><U72/><E72/><V82/><F125/><W108/><G108/><T126/><D126/><U111/><E111/><V60/><F117/><W5/><G11/><T99/><D45/><U112/><E112/><V81/><F10/><W69/><G69/><T64/><D64/><U44/><E68/><V97/><F97/><W78/><G78/><N who="0" m="44495" /><D56/><U30/><E65/><V110/><F52/><W98/><G98/><T4/><D18/><U57/><E57/><V50/><REACH who="2" step="1"/><F110/><REACH who="2" ten="305,318,197,170" step="2"/><W95/><G95/><T36/><D36/><U67/><E93/><V121/><F121/><W109/><G109/><T91/><D91/><U84/><E67/><V70/><F70/><W79/><G79/><T115/><D115/><U53/><E132/><V104/><F104/><W119/><G119/><T22/><D22/><U15/><E84/><AGARI ba="2,1" hai="2,4,8,32,33,84,88,94,99,102,105" m="44495" machi="84" ten="30,5800,0" yaku="24,1,52,1,54,1" doraHai="107" who="0" fromWho="1" sc="305,74,318,-64,197,0,170,0" /><INIT seed="4,3,0,0,1,62" ten="379,254,197,170" oya="0" hai0="48,51,53,55,114,100,77,63,89,47,134,35,6" hai1="57,72,39,73,104,59,9,125,129,112,132,84,111" hai2="20,75,97,30,7,85,119,103,91,69,133,110,101" hai3="28,81,27,56,108,17,120,58,52,99,126,105,80"/><T22/><D35/><U122/><RYUUKYOKU type="yao9" ba="3,0" sc="379,0,254,0,197,0,170,0" hai1="9,39,57,59,72,73,84,104,111,112,122,125,129,132" /><INIT seed="4,4,0,5,3,98" ten="379,254,197,170" oya="0" hai0="47,129,107,25,104,26,62,85,38,97,131,40,112" hai1="94,65,118,74,81,48,96,19,115,83,92,5,99" hai2="100,41,18,50,33,128,64,122,34,42,134,59,27" hai3="108,133,12,120,123,87,37,132,116,24,130,30,32"/><T68/><D112/><U110/><E110/><V89/><F122/><N who="3" m="46635" /><G37/><T101/><D107/><U124/><E124/><V76/><F76/><W106/><G106/><T73/><D85/><U3/><E65/><V67/><F134/><N who="3" m="51819" /><G87/><T4/><D4/><U21/><E115/><V93/><F128/><N who="0" m="49226" /><D73/><U77/><E118/><V121/><F121/><W80/><G80/><T6/><D6/><U35/><E35/><V45/><F34/><W69/><G69/><T60/><D60/><U90/><E81/><V109/><F33/><W53/><G130/><T75/><D75/><U39/><E39/><V2/><F109/><W114/><G108/><T11/><D11/><U63/><E63/><V117/><F117/><W28/><G114/><T113/><D113/><U31/><E83/><V79/><F79/><W29/><G116/><T78/><D78/><U56/><E77/><V44/><F2/><W0/><G0/><T43/><D43/><U119/><E3/><V23/><F89/><W125/><G53/><T135/><D135/><U7/><E74/><V58/><F67/><AGARI ba="4,0" hai="25,26,38,40,47,62,67,68,97,101,104" m="49226" machi="67" ten="30,2900,0" yaku="19,1,52,1" doraHai="98" who="0" fromWho="2" sc="379,41,254,0,197,-41,170,0" /><INIT seed="4,5,0,3,1,33" ten="420,254,156,170" oya="0" hai0="40,54,82,18,46,120,122,70,12,19,100,8,51" hai1="63,86,130,25,39,132,5,89,99,44,106,64,103" hai2="69,109,104,38,48,98,119,91,41,59,127,84,15" hai3="14,58,95,28,55,116,126,23,105,47,101,81,37"/><T17/><D70/><U73/><E73/><V110/><F69/><W22/><G116/><T65/><D65/><U88/><E5/><V26/><F38/><W62/><G126/><T10/><D100/><U24/><E132/><V11/><F127/><W3/><G3/><T53/><D122/><U0/><E0/><V31/><F119/><W16/><G105/><T92/><D120/><U72/><E72/><V128/><F128/><W135/><G135/><T85/><D92/><U52/><E89/><V1/><F98/><N who="3" m="59615" /><G37/><T96/><D96/><U49/><E39/><V133/><F104/><W114/><G114/><T125/><D125/><U107/><E107/><V90/><F90/><W2/><G2/><T134/><D134/><U93/><REACH who="1" step="1"/><E130/><REACH who="1" ten="420,244,156,170" step="2"/><V112/><F1/><W78/><G78/><N who="0" m="46295" /><D8/><U32/><E32/><V56/><F133/><W75/><G75/><T121/><D121/><U50/><E50/><V71/><F48/><W61/><G23/><T35/><D35/><U36/><E36/><V108/><F108/><W60/><G22/><T67/><D67/><U45/><E45/><V79/><F110/><W42/><G47/><T113/><D113/><U102/><E102/><V29/><F109/><W74/><G74/><T131/><D131/><U111/><E111/><V80/><F112/><W57/><G60/><T115/><D115/><U43/><E43/><V21/><F41/><W123/><G42/><T118/><D118/><U76/><E76/><V129/><F79/><W27/><G123/><T34/><D34/><U68/><AGARI ba="5,1" hai="24,25,44,49,52,63,64,68,86,88,93,99,103,106" machi="68" ten="20,8000,1" yaku="1,1,0,1,7,1,54,2,53,0" doraHai="33" doraHaiUra="13" who="1" fromWho="1" sc="420,-45,244,105,156,-25,170,-25" /><INIT seed="5,0,0,5,5,72" ten="375,349,131,145" oya="1" hai0="127,33,67,109,133,27,1,18,32,69,105,63,41" hai1="89,13,90,15,106,36,112,73,2,117,100,77,6" hai2="11,70,128,66,76,5,81,80,16,74,125,110,99" hai3="7,65,64,68,46,62,135,29,57,55,118,121,20"/><U130/><E117/><V58/><F110/><W131/><G121/><T123/><D109/><U119/><E119/><V8/><F70/><W134/><G118/><T45/><D123/><U22/><E36/><V94/><F128/><W17/><G7/><T30/><D133/><N who="3" m="50697" /><G29/><T37/><D127/><U0/><E112/><V102/><F125/><W107/><G107/><T42/><D42/><U129/><E106/><V38/><F38/><W108/><G108/><T19/><D33/><U101/><E73/><V124/><F124/><W97/><G131/><T98/><D1/><U3/><E3/><V111/><F111/><W24/><G97/><T95/><REACH who="0" step="1"/><D105/><REACH who="0" ten="365,349,131,145" step="2"/><U49/><E2/><V92/><F92/><W12/><G64/><T43/><D43/><U114/><E0/><V59/><F66/><W87/><G65/><T103/><AGARI ba="0,1" hai="18,19,27,30,32,37,41,45,63,67,69,95,98,103" machi="103" ten="20,2700,0" yaku="1,1,0,1,7,1,53,0" doraHai="72" doraHaiUra="53" who="0" fromWho="0" sc="365,37,349,-13,131,-7,145,-7" /><INIT seed="6,0,0,3,3,88" ten="402,336,124,138" oya="2" hai0="101,12,19,51,37,135,81,14,36,43,73,38,95" hai1="62,86,66,57,119,79,10,103,21,48,54,129,71" hai2="22,94,97,133,128,112,39,46,6,68,59,127,35" hai3="29,2,32,24,92,0,90,44,18,26,17,100,78"/><V58/><F35/><W99/><G78/><T132/><D73/><U3/><E129/><V93/><F68/><W52/><G100/><T30/><D81/><U74/><E74/><V111/><F39/><W41/><G52/><T11/><D30/><U7/><E103/><V31/><F128/><W27/><G27/><T76/><D76/><U98/><E98/><V4/><F112/><W70/><G70/><T89/><D101/><U45/><E119/><V64/><F133/><N who="0" m="51274" /><D14/><U91/><E79/><V102/><F127/><W113/><G113/><T123/><D51/><U47/><REACH who="1" step="1"/><E21/><REACH who="1" ten="402,326,124,138" step="2"/><V80/><F22/><W69/><G32/><T114/><D114/><U50/><E50/><V49/><F97/><W20/><G99/><N who="0" m="57839" /><D123/><U55/><E55/><V42/><F102/><W15/><G20/><T34/><D34/><U122/><E122/><V83/><F111/><W25/><G41/><AGARI ba="0,1" hai="11,12,19,36,37,38,41,43" m="57839,51274" machi="41" ten="40,2600,0" yaku="20,1,52,1" doraHai="88" who="0" fromWho="3" sc="402,36,326,0,124,0,138,-26" /><INIT seed="7,0,0,1,4,7" ten="438,326,124,112" oya="3" hai0="71,88,126,47,72,120,21,107,124,17,103,111,56" hai1="36,70,133,37,98,119,8,40,42,28,32,11,135" hai2="34,16,131,84,30,1,23,27,31,87,122,63,86" hai3="5,130,2,93,67,12,55,83,102,64,33,90,65"/><W9/><G130/><T66/><D120/><U61/><E32/><V75/><F75/><W10/><G33/><T39/><D72/><U51/><E28/><N who="2" m="10795" /><F1/><W100/><G55/><T22/><D111/><U57/><E51/><V0/><F0/><W4/><REACH who="3" step="1"/><G83/><REACH who="3" ten="438,326,124,102" step="2"/><T19/><D124/><U58/><E133/><V38/><F34/><W62/><G62/><T78/><D126/><U123/><E61/><V121/><F131/><W112/><G112/><T73/><D66/><U79/><E135/><V15/><F63/><W74/><G74/><T77/><D73/><U41/><E123/><N who="2" m="47115" /><F38/><W3/><G3/><T20/><D39/><U54/><E54/><V25/><AGARI ba="0,1" hai="15,16,23,25,27,84,86,87" m="47115,10795" machi="25" ten="40,2700,0" yaku="13,1,54,1" doraHai="7" who="2" fromWho="2" sc="438,-7,326,-7,124,37,102,-13" owari="431,53.0,319,12.0,161,-24.0,89,-41.0" /></mjloggm>