<mjloggm ver="2.3"><GO type="169" lobby="0"/><UN n0="%E3%81%92%E3%82%93%E3%81%BE%E3%81%84" n1="%30%30%73%61%69" n2="%39%2D%62%61%79" n3="%23%E6%97%A5%E6%9B%9C%E6%97%A5%E3%81%AE%E7%8C%AB" dan="16,18,16,16" rate="2127.09,2194.60,2120.46,2097.94" sx="M,M,M,M"/><TAIKYOKU oya="0"/><INIT seed="0,0,0,2,2,37" ten="250,250,250,250" oya="0" hai0="44,27,41,100,19,54,81,74,55,30,117,64,39" hai1="131,57,126,75,16,10,132,36,35,4,110,60,105" hai2="123,88,114,52,32,135,22,69,47,21,127,93,119" hai3="53,31,14,13,38,51,77,79,49,3,95,116,66"/><T104/><D117/><U26/><E75/><V121/><F114/><W129/><G38/><T113/><D113/><U24/><E105/><V103/><F119/><W109/><G3/><T101/><D19/><U48/><E36/><V42/><F32/><W107/><G107/><T94/><D104/><U80/><E80/><V20/><F69/><W11/><G109/><T18/><D18/><U5/><E110/><V102/><F135/><W56/><G129/><T68/><D68/><U120/><E120/><V76/><F127/><W2/><G2/><T70/><D70/><U62/><E131/><V83/><F123/><W1/><G1/><T124/><D64/><U40/><E132/><V9/><F9/><W87/><G66/><T65/><D65/><N who="1" m="39055" /><E62/><V63/><F121/><W12/><G31/><T67/><D67/><U59/><E35/><V43/><F83/><W134/><G134/><T106/><D106/><U58/><E58/><N who="2" m="35271" /><F76/><W122/><G122/><T96/><D101/><N who="2" m="38410" /><F47/><W86/><G116/><T133/><D124/><U34/><E34/><V33/><F33/><W84/><G11/><T92/><D92/><U78/><E78/><N who="3" m="29706" /><G95/><T130/><D133/><U85/><E126/><V97/><AGARI ba="0,0" hai="20,21,22,42,43,88,93,97" m="38410,35271" machi="97" ten="30,8000,1" yaku="8,1,52,2,54,2" doraHai="37" who="2" fromWho="2" sc="250,-40,250,-20,250,80,250,-20" /><INIT seed="1,0,0,3,0,123" ten="210,230,330,230" oya="1" hai0="27,133,125,67,101,95,26,94,30,107,69,46,61" hai1="1,14,119,85,9,100,115,62,102,43,103,59,83" hai2="128,129,12,54,49,15,77,72,31,7,56,116,118" hai3="58,17,25,32,134,108,24,97,117,21,75,37,65"/><U93/><E115/><V81/><F31/><W105/><G37/><T4/><D125/><U33/><E119/><N who="2" m="45611" /><F7/><W66/><G75/><T71/><D133/><U48/><E1/><V70/><F70/><W76/><G76/><T86/><D69/><U38/><E33/><V22/><F22/><W113/><G117/><T35/><D4/><U39/><E93/><V11/><F11/><W51/><G113/><T23/><D86/><U18/><E48/><V64/><F64/><W10/><G10/><T53/><D53/><U126/><E43/><V106/><F106/><W88/><G105/><T112/><D46/><U91/><REACH who="1" step="1"/><E126/><REACH who="1" ten="210,220,330,230" step="2"/><V0/><F0/><W6/><G32/><T131/><D112/><U68/><E68/><V80/><F80/><W90/><G51/><T8/><D95/><U110/><E110/><V44/><F44/><W2/><G108/><T5/><D94/><U120/><E120/><V20/><F20/><W40/><G21/><T57/><D71/><U45/><E45/><V34/><F34/><W98/><G40/><T84/><D23/><U16/><E16/><V60/><F49/><W63/><G2/><T52/><D35/><U13/><E13/><V121/><F121/><W79/><G17/><T89/><D107/><U47/><E47/><V29/><F12/><W87/><G25/><T99/><D27/><U50/><E50/><V96/><F15/><W73/><G24/><T42/><D26/><U104/><E104/><V78/><F81/><W127/><G127/><T28/><D42/><U114/><E114/><V130/><F56/><W122/><G58/><RYUUKYOKU ba="0,1" sc="210,-10,220,30,330,-10,230,-10" hai1="9,14,18,38,39,59,62,83,85,91,100,102,103" /><INIT seed="1,1,1,1,4,90" ten="200,250,320,220" oya="1" hai0="63,13,18,9,21,71,97,125,55,66,120,61,36" hai1="122,113,2,48,126,101,47,37,75,121,43,72,100" hai2="58,91,76,73,46,42,83,98,87,135,35,134,114" hai3="64,74,82,51,128,81,49,80,117,119,107,5,27"/><U123/><E113/><V129/><F114/><W28/><G74/><T69/><D125/><U67/><E126/><V108/><F35/><W19/><G107/><T133/><D133/><N who="2" m="50698" /><F108/><W116/><G128/><T95/><D120/><U78/><E67/><V131/><F58/><W10/><G19/><T14/><D36/><U23/><E2/><V1/><F1/><W3/><REACH who="3" step="1"/><G64/><REACH who="3" ten="200,250,320,210" step="2"/><T132/><D132/><U29/><E72/><V60/><F131/><W15/><G15/><T115/><D115/><U127/><E127/><V130/><F130/><W16/><G16/><T99/><D13/><U52/><E75/><V44/><F129/><W30/><G30/><T103/><D66/><U53/><E78/><V96/><F76/><W32/><AGARI ba="1,2" hai="3,5,10,27,28,32,49,51,80,81,82,116,117,119" machi="32" ten="40,5200,0" yaku="1,1,0,1,12,1,53,0" doraHai="90" doraHaiUra="54" who="3" fromWho="3" sc="200,-14,250,-27,320,-14,210,75" /><INIT seed="2,0,0,1,1,64" ten="186,223,306,285" oya="2" hai0="58,56,131,112,1,17,60,35,92,11,30,42,10" hai1="96,74,36,107,82,108,24,5,31,93,106,83,50" hai2="29,45,111,37,46,81,63,48,2,127,89,117,135" hai3="97,66,77,116,124,84,85,119,69,16,134,51,61"/><V86/><F117/><W59/><G124/><T121/><D121/><U68/><E36/><V105/><F127/><W94/><G134/><T91/><D112/><U87/><E108/><V95/><F105/><W39/><G39/><T6/><D131/><U98/><E5/><V62/><F135/><W70/><G116/><T12/><D42/><U54/><E74/><V104/><F104/><W38/><G38/><T20/><D11/><U128/><E82/><V79/><F2/><W132/><G132/><T26/><REACH who="0" step="1"/><D60/><REACH who="0" ten="176,223,306,285" step="2"/><U28/><E128/><V88/><F111/><W129/><G129/><T27/><D27/><U65/><E24/><V126/><F126/><W101/><G119/><T9/><D9/><U100/><E107/><V120/><F120/><W113/><G113/><T115/><D115/><U110/><E110/><V57/><F37/><W4/><G61/><T55/><D55/><U0/><E54/><V78/><F63/><W99/><G51/><T21/><D21/><U44/><E50/><V90/><F48/><W123/><G123/><T32/><D32/><U7/><E106/><V49/><F49/><W103/><G103/><T19/><D19/><U52/><E100/><V18/><F18/><W25/><G16/><T40/><D40/><U109/><E109/><V8/><F8/><W53/><G53/><T47/><D47/><N who="2" m="17930" /><F29/><W72/><G25/><T41/><D41/><U125/><E125/><V67/><F95/><W14/><G94/><T76/><D76/><AGARI ba="0,1" hai="57,62,67,76,78,79,81,86,88,89,90" m="17930" machi="76" ten="30,2900,0" yaku="8,1,54,1" doraHai="64" who="2" fromWho="0" sc="176,-29,223,0,306,39,285,0" /><INIT seed="2,1,0,4,2,60" ten="147,223,345,285" oya="2" hai0="66,125,115,77,134,105,6,17,131,101,34,7,57" hai1="96,49,61,5,102,53,9,65,32,56,108,28,89" hai2="85,70,95,71,39,112,4,36,113,124,45,25,44" hai3="110,48,76,111,27,81,97,38,40,29,103,94,135"/><V133/><F4/><W104/><G135/><T91/><D115/><U19/><E108/><V82/><F95/><W118/><G118/><T122/><D122/><U121/><E121/><V123/><F123/><W86/><G38/><T100/><D77/><U75/><E75/><V128/><F25/><W68/><G68/><T41/><D41/><U23/><E32/><V109/><F85/><W3/><G3/><T58/><D17/><U88/><E28/><V98/><F98/><W22/><G104/><T79/><D79/><U107/><E23/><V42/><F82/><W64/><G64/><T120/><D91/><U116/><E19/><V47/><F133/><W21/><G21/><T46/><D46/><N who="2" m="18026" /><F109/><N who="3" m="41483" /><G48/><T73/><D73/><U90/><E116/><V67/><F128/><W78/><G78/><T33/><D120/><U30/><E30/><V130/><F130/><W52/><G40/><T74/><D105/><U12/><REACH who="1" step="1"/><E90/><REACH who="1" ten="147,213,345,285" step="2"/><V35/><F35/><W15/><G29/><T114/><D34/><U69/><AGARI ba="1,1" hai="5,9,12,49,53,56,61,65,69,88,89,96,102,107" machi="69" ten="20,12000,2" yaku="1,1,2,1,0,1,7,1,52,1,54,1,53,0" doraHai="60" doraHaiUra="37" who="1" fromWho="1" sc="147,-31,213,133,345,-61,285,-31" /><INIT seed="3,0,0,0,5,116" ten="116,346,284,254" oya="3" hai0="20,98,30,121,8,95,13,119,11,114,87,21,60" hai1="97,59,124,132,76,80,39,113,48,117,55,44,18" hai2="89,32,42,85,24,104,91,122,5,100,4,90,0" hai3="65,102,128,62,77,92,129,63,126,93,78,123,49"/><W50/><G126/><T83/><D119/><U53/><E117/><V135/><F135/><W25/><G25/><T33/><D33/><U111/><E132/><V106/><F42/><W22/><G22/><T61/><D114/><U28/><E124/><V43/><F43/><W112/><G112/><T118/><D118/><U86/><E111/><V26/><F85/><W31/><G102/><T73/><D73/><U127/><E127/><V79/><F79/><W10/><G10/><T84/><D121/><U36/><E28/><V29/><F100/><W15/><G15/><T45/><D45/><U7/><E7/><V131/><F131/><W120/><REACH who="3" step="1"/><G65/><REACH who="3" ten="116,346,284,244" step="2"/><T108/><D8/><U1/><E113/><V110/><F26/><W40/><G40/><T101/><D21/><U74/><E1/><V16/><F0/><W12/><G12/><T27/><D108/><U94/><E74/><V133/><F110/><W19/><G19/><T82/><D13/><U3/><E18/><V46/><F16/><W6/><G6/><T56/><D11/><U34/><E3/><V81/><F133/><W51/><G51/><T58/><D61/><U66/><E66/><V68/><F4/><W67/><G67/><T64/><D64/><U37/><E34/><V105/><F5/><W38/><G38/><T9/><D9/><U99/><E37/><V70/><F32/><W57/><G57/><T35/><D35/><U72/><E36/><V125/><F24/><W115/><G115/><T88/><D60/><N who="1" m="35951" /><E39/><V107/><F125/><W23/><G23/><T71/><D71/><U17/><E17/><RYUUKYOKU ba="0,1" sc="116,10,346,10,284,-30,244,10" hai0="20,27,30,56,58,82,83,84,87,88,95,98,101" hai1="44,48,55,72,76,80,86,94,97,99" hai3="31,49,50,62,63,77,78,92,93,120,123,128,129" /><INIT seed="3,1,1,4,3,80" ten="126,356,254,254" oya="3" hai0="41,105,129,73,66,117,118,93,82,103,30,51,54" hai1="59,75,17,116,13,74,65,62,50,38,72,52,70" hai2="35,64,47,4,0,110,45,57,95,53,24,134,115" hai3="14,31,7,128,6,84,58,55,76,46,20,36,123"/><W34/><G123/><T12/><D41/><U21/><REACH who="1" step="1"/><E38/><REACH who="1" ten="126,346,254,254" step="2"/><V124/><F115/><W69/><G36/><T79/><D118/><AGARI ba="1,2" hai="13,17,21,50,52,59,62,65,70,72,74,75,116,118" machi="118" ten="50,8000,1" yaku="21,2,2,1,54,1,53,0" doraHai="80" doraHaiUra="33" who="1" fromWho="0" sc="126,-83,346,103,254,0,254,0" /><INIT seed="4,0,0,3,2,132" ten="43,449,254,254" oya="0" hai0="46,92,36,89,7,127,26,52,8,3,28,84,78" hai1="22,10,133,103,40,135,25,6,53,130,72,0,11" hai2="123,113,31,114,32,18,93,51,83,48,34,117,13" hai3="82,1,42,95,67,109,63,19,125,70,17,38,9"/><T96/><D78/><U86/><E72/><V5/><F123/><W77/><G109/><T24/><D127/><U33/><E40/><V23/><F117/><W88/><G125/><T100/><D28/><N who="1" m="19599" /><E103/><V98/><F5/><N who="3" m="1199" /><G88/><T104/><REACH who="0" step="1"/><D36/><REACH who="0" ten="33,449,254,254" step="2"/><U85/><E135/><V20/><F31/><W60/><G77/><T50/><AGARI ba="0,1" hai="3,7,8,24,26,46,50,52,84,89,92,96,100,104" machi="50" ten="30,12000,1" yaku="1,1,2,1,0,1,54,1,53,1" doraHai="132" doraHaiUra="81" who="0" fromWho="0" sc="33,130,449,-40,254,-40,254,-40" /><INIT seed="4,1,0,3,3,108" ten="163,409,214,214" oya="0" hai0="30,122,106,73,46,120,119,14,59,44,37,109,36" hai1="56,19,133,60,50,118,126,18,62,102,69,58,123" hai2="129,20,127,105,89,112,38,43,17,2,10,72,110" hai3="45,84,86,7,32,67,55,64,65,87,8,90,63"/><T134/><D73/><U5/><E118/><V82/><F110/><W100/><G32/><T52/><D106/><U9/><E123/><N who="0" m="47145" /><D14/><U83/><E133/><V68/><F105/><W42/><G100/><T33/><D30/><U124/><E102/><V115/><F68/><W99/><G99/><T95/><D95/><U88/><E69/><V25/><F129/><W93/><G55/><T48/><D33/><U39/><E39/><N who="0" m="14921" /><D109/><U3/><E50/><V107/><F127/><N who="1" m="48681" /><E58/><V53/><F53/><W47/><G63/><N who="1" m="24106" /><E56/><V132/><F132/><W130/><G130/><T27/><D27/><U71/><E71/><V28/><F107/><W81/><G84/><AGARI ba="1,0" hai="3,5,9,18,19,83,84,88" m="24106,48681" machi="84" ten="30,2000,0" yaku="18,1,54,1" doraHai="108" who="1" fromWho="3" sc="163,0,409,23,214,0,214,-23" /><INIT seed="5,0,0,5,5,2" ten="163,432,214,191" oya="1" hai0="61,117,29,53,40,20,3,121,63,7,80,31,26" hai1="69,108,11,70,0,96,92,46,73,34,68,87,79" hai2="95,30,48,51,124,19,74,47,71,82,64,128,67" hai3="65,83,12,21,120,14,103,52,97,45,35,111,17"/><U76/><E108/><V105/><F105/><W84/><G35/><T49/><D117/><U16/><E73/><V39/><F128/><W33/><G33/><T91/><D40/><U24/><E87/><V5/><F30/><W135/><G135/><T10/><D121/><U44/><E34/><V54/><F19/><W41/><G65/><T4/><D29/><U59/><E59/><V107/><F107/><W115/><G115/><T42/><D42/><U13/><E24/><V102/><F51/><N who="3" m="28783" /><G41/><T62/><D10/><U100/><REACH who="1" step="1"/><E0/><REACH who="1" ten="163,422,214,191" step="2"/><V119/><F74/><W8/><G111/><T60/><N who="0" m="15360" /><DORA hai="134" /><T126/><D3/><U43/><E43/><V55/><F67/><W93/><G120/><T118/><D118/><U109/><E109/><V1/><F64/><W114/><G114/><T18/><D126/><U56/><E56/><V22/><F124/><W37/><G37/><T23/><D80/><U50/><E50/><V132/><F39/><W110/><G110/><T129/><D129/><U6/><E6/><V28/><F5/><N who="3" m="3087" /><G83/><T131/><D131/><U32/><E32/><V112/><F82/><W27/><G84/><T98/><D98/><U127/><E127/><V122/><F1/><W123/><G123/><T94/><D4/><U86/><E86/><V90/><F122/><W57/><G57/><T38/><D7/><U81/><E81/><V89/><F112/><W130/><G130/><T15/><D38/><U116/><E116/><V133/><F119/><W25/><AGARI ba="0,1" hai="14,17,21,25,27,93,97,103" m="3087,28783" machi="25" ten="30,4000,0" yaku="8,1,52,1,54,1" doraHai="2,134" who="3" fromWho="3" sc="163,-10,422,-20,214,-10,191,50" /><INIT seed="6,0,0,4,5,4" ten="153,402,204,241" oya="2" hai0="33,28,64,105,7,95,88,35,78,128,124,93,3" hai1="43,122,61,86,75,8,30,60,115,32,90,21,22" hai2="114,56,107,108,36,134,104,46,89,85,113,116,16" hai3="132,98,47,34,31,67,74,117,120,94,129,13,83"/><V58/><F116/><W65/><G120/><T62/><D105/><U40/><E75/><V18/><F108/><W38/><G129/><T109/><D109/><U101/><E32/><V12/><F134/><W24/><G132/><T135/><D135/><U55/><E115/><N who="2" m="44043" /><F107/><W6/><G117/><T19/><D128/><U25/><E101/><V121/><F104/><W57/><G57/><T91/><D124/><U26/><E122/><V70/><F70/><W79/><G6/><T2/><D78/><U23/><E8/><N who="2" m="6151" /><F121/><W111/><G13/><T130/><D130/><U14/><E14/><V81/><F18/><W50/><G38/><T102/><D19/><N who="1" m="12479" /><E22/><V103/><F103/><W41/><G111/><T11/><D2/><U80/><E61/><V15/><F15/><W68/><G68/><T112/><D112/><U44/><E60/><V53/><F36/><W42/><G42/><T69/><D102/><AGARI ba="0,0" hai="24,31,34,41,47,50,65,67,74,79,83,94,98,102" machi="102" ten="30,1000,0" yaku="7,1" doraHai="4" who="3" fromWho="0" sc="153,-10,402,0,204,0,241,10" /><INIT seed="7,0,0,0,1,105" ten="143,402,204,251" oya="3" hai0="6,1,70,32,116,102,19,0,60,61,127,90,58" hai1="133,84,129,50,25,36,12,34,72,40,124,24,99" hai2="18,71,21,56,112,87,43,74,69,46,47,44,88" hai3="42,93,5,104,51,14,3,122,79,55,128,23,92"/><W41/><G104/><T98/><D116/><U77/><E72/><V115/><F74/><W118/><G118/><T86/><D127/><U113/><E36/><V94/><F56/><W120/><G3/><T68/><D32/><U33/><E113/><N who="2" m="43595" /><F43/><W16/><G128/><T75/><D60/><U67/><E133/><V27/><AGARI ba="0,0" hai="18,21,27,44,46,47,69,71,87,88,94" m="43595" machi="27" ten="30,2000,0" yaku="15,1,54,1" doraHai="105" who="2" fromWho="2" sc="143,-5,402,-5,204,20,251,-10" owari="138,-36.0,397,50.0,224,-18.0,241,4.0" /></mjloggm>