<mjloggm ver="2.3"><GO type="169" lobby="0"/><UN n0="%E3%81%A9%E3%81%A9%E3%81%84%E3%81%A4" n1="%E3%81%B2%E3%81%90%E3%81%A1" n2="%E6%B2%B3%E7%AB%A5%E3%81%AE%E3%83%AF%E3%82%AB%E3%83%9E%E3%83%84" n3="%61%6B%69%62%61%62%61%6E" dan="17,17,17,17" rate="2181.53,2203.77,2167.34,2166.05" sx="M,M,M,M"/><TAIKYOKU oya="0"/><INIT seed="0,0,0,2,0,29" ten="250,250,250,250" oya="0" hai0="36,7,95,10,125,122,101,120,41,135,24,119,11" hai1="107,89,43,1,47,4,45,13,46,57,127,123,126" hai2="115,131,44,128,42,3,96,39,116,102,121,64,54" hai3="12,22,5,66,67,83,69,103,60,82,35,9,113"/><T21/><D119/><U55/><E123/><V85/><F121/><W79/><G113/><T70/><D70/><U68/><E107/><V104/><F115/><W31/><G103/><T27/><D125/><U73/><E1/><V17/><F116/><W77/><G66/><T28/><D41/><U23/><E68/><V62/><F85/><W84/><G22/><N who="0" m="15383" /><D95/><U6/><E73/><V76/><F76/><W87/><REACH who="3" step="1"/><G31/><REACH who="3" ten="250,250,250,240" step="2"/><T15/><D120/><U34/><E23/><V48/><F102/><W81/><G81/><T78/><D21/><U80/><E80/><V71/><F64/><W50/><G50/><T56/><D101/><U100/><E100/><V26/><F48/><W49/><G49/><T106/><D122/><U112/><E112/><V132/><F62/><W65/><G65/><T124/><D36/><U114/><E114/><V58/><F39/><W63/><G63/><T0/><D106/><U25/><E126/><V19/><F104/><W86/><G86/><T92/><D124/><U16/><E127/><V109/><F96/><W75/><G75/><T38/><D38/><U129/><E129/><V37/><F131/><W108/><G108/><T110/><D110/><U61/><E61/><V59/><F128/><W88/><G88/><T8/><D11/><U117/><E89/><V2/><F109/><W97/><G97/><T91/><D10/><U18/><E117/><V30/><F30/><W98/><G98/><T74/><D74/><U52/><E43/><V130/><F130/><W118/><G118/><T33/><D91/><U14/><E55/><V32/><F54/><RYUUKYOKU ba="0,1" sc="250,-10,250,-10,250,-10,240,30" hai3="5,9,12,35,60,67,69,77,79,82,83,84,87" /><INIT seed="1,1,1,5,4,86" ten="240,240,240,270" oya="1" hai0="37,74,11,104,77,109,23,72,117,21,35,4,53" hai1="25,59,99,92,69,31,124,19,57,50,39,36,98" hai2="112,46,29,18,102,100,103,128,89,32,120,119,49" hai3="66,129,43,58,34,126,55,7,20,70,12,84,60"/><U133/><E69/><V56/><F119/><W16/><G129/><T105/><D117/><U44/><E133/><V71/><F120/><W113/><G113/><T85/><D35/><U75/><E75/><V22/><F71/><W91/><G34/><T95/><D37/><U130/><E130/><V115/><F128/><W17/><G126/><T54/><D77/><U81/><E124/><V90/><F56/><N who="3" m="37127" /><G43/><T8/><D85/><U114/><E81/><V15/><F32/><W111/><G70/><T63/><D95/><U9/><E114/><N who="2" m="43563" /><F29/><W127/><G111/><T24/><D63/><U79/><E79/><V5/><F5/><W3/><G3/><T87/><D87/><U52/><E99/><V118/><F118/><W1/><G1/><T38/><D38/><U82/><E82/><V94/><F94/><N who="3" m="54631" /><G127/><T134/><D4/><U13/><E36/><V132/><F132/><W135/><G135/><T96/><D134/><U61/><E39/><V51/><F51/><N who="3" m="31103" /><G17/><T123/><D109/><U122/><E122/><V26/><F15/><W48/><G7/><T106/><D123/><U116/><E116/><V67/><F67/><W14/><G14/><T93/><D72/><U83/><E83/><V64/><F64/><W0/><G0/><T80/><D74/><U10/><E61/><V6/><F6/><W42/><G42/><AGARI ba="1,1" hai="18,22,26,42,46,49,89,90,100,102,103" m="43563" machi="42" ten="30,3900,0" yaku="11,1,52,2" doraHai="86" who="2" fromWho="3" sc="240,0,240,0,240,52,270,-42" /><INIT seed="2,0,0,3,2,15" ten="240,240,292,228" oya="2" hai0="91,58,73,25,27,35,126,107,103,5,133,131,109" hai1="45,68,40,6,105,18,97,29,130,135,33,43,50" hai2="119,1,123,14,13,76,66,110,111,94,22,121,65" hai3="114,90,88,134,10,83,41,71,100,49,63,115,12"/><V77/><F94/><W72/><G100/><T106/><D73/><U34/><E130/><V127/><F1/><W99/><G99/><T122/><D122/><N who="2" m="46602" /><F119/><W117/><G117/><T129/><D5/><U9/><E135/><V46/><F46/><N who="3" m="25807" /><G134/><T37/><D37/><U64/><E40/><V98/><F98/><W84/><G72/><T39/><D39/><U51/><E51/><V102/><F102/><W30/><G30/><T4/><D58/><U67/><E68/><V48/><F48/><W57/><G71/><T120/><D103/><U60/><E105/><V11/><F22/><W78/><G114/><T92/><D106/><U24/><E97/><V62/><F62/><W47/><G47/><T79/><D107/><U31/><E60/><V81/><F127/><W19/><G115/><T80/><D126/><U69/><E69/><V61/><F61/><W32/><G32/><T75/><D35/><U0/><REACH who="1" step="1"/><E18/><REACH who="1" ten="240,230,292,228" step="2"/><N who="2" m="8511" /><F65/><AGARI ba="0,1" hai="10,12,19,57,63,65,78,83,84,88,90" m="25807" machi="65" ten="30,3900,0" yaku="8,1,52,1,54,1" doraHai="15" who="3" fromWho="2" sc="240,0,230,0,292,-39,228,49" /><INIT seed="3,0,0,3,0,126" ten="240,230,253,277" oya="3" hai0="77,2,26,69,90,18,56,104,76,22,107,54,11" hai1="80,6,37,92,0,58,63,27,46,60,3,135,13" hai2="33,14,29,82,68,44,12,120,109,4,72,34,71" hai3="113,121,25,38,52,111,16,97,41,15,105,23,128"/><W81/><G113/><T47/><D69/><U134/><E27/><V102/><F102/><W101/><G121/><T74/><D47/><U51/><E37/><V94/><F94/><W116/><G116/><T132/><D132/><U32/><E32/><V119/><F119/><W75/><G128/><T66/><D66/><U28/><E28/><V96/><F96/><W43/><G111/><T45/><D45/><U53/><E92/><V127/><F4/><W1/><G1/><T131/><D104/><U57/><E80/><V21/><F21/><W115/><G115/><T79/><D107/><U48/><E13/><V114/><F72/><W106/><G106/><T108/><D108/><U49/><E6/><V125/><F44/><W64/><G64/><T73/><D131/><U78/><E78/><V31/><F82/><W59/><G38/><T42/><D42/><U124/><E124/><V99/><F99/><W112/><G112/><T10/><D2/><U86/><E86/><V100/><F114/><W50/><REACH who="3" step="1"/><G25/><REACH who="3" ten="240,230,253,267" step="2"/><T130/><D130/><U35/><E0/><V95/><F109/><W7/><G7/><T89/><D73/><U9/><E3/><V5/><F5/><W30/><G30/><T62/><D74/><U88/><E134/><V70/><F120/><W40/><G40/><T24/><D26/><U129/><E135/><V83/><F125/><W117/><G117/><T8/><AGARI ba="0,1" hai="8,10,11,18,22,24,54,56,62,76,77,79,89,90" machi="8" ten="30,2000,0" yaku="0,1,8,1" doraHai="126" who="0" fromWho="0" sc="240,30,230,-5,253,-5,267,-10" /><INIT seed="4,0,0,4,2,68" ten="270,225,248,257" oya="0" hai0="76,105,52,37,12,54,20,81,73,28,94,107,121" hai1="19,115,23,34,32,5,82,6,104,2,26,69,71" hai2="33,50,133,134,53,45,99,48,3,84,114,109,119" hai3="122,65,127,79,80,117,38,51,62,118,46,15,128"/><T95/><D121/><U101/><E69/><V36/><F33/><W13/><G122/><T25/><D37/><U66/><E71/><V56/><F3/><W18/><G128/><T16/><D94/><U30/><E66/><V88/><F109/><W17/><G127/><T4/><D4/><U102/><E34/><V93/><F114/><W113/><G113/><T11/><REACH who="0" step="1"/><D95/><REACH who="0" ten="260,225,248,257" step="2"/><U96/><E115/><V129/><F36/><W10/><G38/><T132/><D132/><U70/><E6/><V98/><F129/><W106/><G106/><AGARI ba="0,1" hai="11,12,16,20,25,28,52,54,73,76,81,105,106,107" machi="106" ten="40,12000,1" yaku="1,1,54,2,53,1" doraHai="68" doraHaiUra="27" who="0" fromWho="3" sc="260,130,225,0,248,0,257,-120" /><INIT seed="4,1,0,0,1,27" ten="390,225,248,137" oya="0" hai0="20,125,133,80,61,49,22,57,43,51,16,63,109" hai1="30,87,135,90,123,72,19,69,116,31,118,37,36" hai2="74,3,13,131,83,64,75,102,82,104,92,60,10" hai3="41,38,103,5,112,91,23,128,24,58,84,88,2"/><T46/><D125/><U76/><E69/><V71/><F104/><W115/><G103/><T65/><D133/><U124/><E123/><V107/><F107/><W113/><G128/><T93/><D109/><U28/><E72/><V21/><F131/><W120/><G120/><T130/><D130/><U99/><E76/><V67/><F3/><W78/><G41/><T77/><D93/><U8/><E99/><V126/><F126/><W79/><G38/><T53/><D65/><U47/><E124/><V45/><F21/><W105/><G105/><T97/><D97/><U59/><E135/><V86/><F45/><W34/><G34/><T117/><D22/><U7/><E59/><V17/><F83/><W42/><G42/><T40/><D43/><U132/><E132/><V89/><F67/><W52/><G5/><T9/><D9/><U100/><E100/><V70/><F71/><W94/><G91/><T55/><D40/><U134/><E19/><V25/><F25/><W101/><G101/><T96/><D96/><U119/><E47/><V35/><F35/><W4/><G4/><T73/><REACH who="0" step="1"/><D117/><REACH who="0" ten="380,225,248,137" step="2"/><U121/><E134/><V48/><F92/><W68/><G68/><T85/><D85/><U106/><E106/><V108/><F108/><W44/><G2/><T98/><D98/><U33/><E33/><V11/><F102/><W15/><G23/><T110/><D110/><U29/><N who="1" m="7168" /><DORA hai="127" /><U114/><E121/><V12/><F74/><W111/><G111/><T54/><D54/><U50/><E118/><V32/><F75/><W129/><G129/><T26/><AGARI ba="1,1" hai="16,20,26,46,49,51,53,55,57,61,63,73,77,80" machi="26" ten="20,12000,1" yaku="1,1,5,1,0,1,7,1,54,1,53,0" doraHai="27,127" doraHaiUra="1,122" who="0" fromWho="0" sc="380,133,225,-41,248,-41,137,-41" /><INIT seed="4,2,0,5,5,72" ten="513,184,207,96" oya="0" hai0="117,60,82,49,2,101,79,105,112,99,64,50,67" hai1="124,28,61,7,123,129,37,119,29,18,34,68,77" hai2="30,66,88,125,78,57,24,81,100,71,104,27,41" hai3="103,52,9,69,118,134,133,35,97,3,116,20,92"/><T130/><D112/><U32/><E119/><V45/><F71/><W16/><G69/><T74/><D117/><U5/><E37/><V4/><F125/><W85/><G35/><T122/><D122/><U107/><E107/><V53/><F66/><W121/><G121/><T75/><D2/><U65/><E123/><V8/><F100/><W23/><G118/><T0/><D0/><U76/><E124/><V115/><F104/><W109/><G109/><T26/><D130/><U36/><E36/><V48/><F30/><W44/><G116/><T131/><D131/><U110/><E110/><V84/><F115/><W80/><G3/><T59/><D74/><U73/><E73/><V19/><F19/><W38/><G38/><T98/><D67/><U33/><E129/><V58/><F58/><W15/><G134/><T17/><D99/><U126/><E126/><V111/><F111/><W132/><G132/><T51/><D26/><U1/><E18/><V120/><F120/><W12/><G12/><T128/><D17/><U87/><E87/><N who="2" m="48567" /><F8/><W14/><G14/><T93/><D128/><U94/><E94/><N who="2" m="54535" /><F4/><W90/><G133/><T62/><D105/><U91/><E91/><V96/><F96/><W40/><G40/><T135/><D135/><U13/><E1/><V89/><F89/><W54/><G54/><T25/><D25/><U63/><E33/><V83/><F83/><W21/><G21/><T102/><D102/><U95/><E13/><V106/><F106/><W127/><G127/><T42/><D42/><U108/><E108/><V113/><F113/><W70/><G70/><RYUUKYOKU ba="2,0" sc="513,10,184,-30,207,10,96,10" hai0="49,50,51,59,60,62,64,75,79,82,93,98,101" hai2="24,27,41,45,48,53,57" hai3="9,15,16,20,23,44,52,80,85,90,92,97,103" /><INIT seed="4,3,0,2,0,7" ten="523,154,217,106" oya="0" hai0="57,5,93,82,27,129,127,73,21,97,55,25,2" hai1="107,78,58,29,37,13,109,59,86,12,76,112,132" hai2="131,17,36,34,87,43,42,119,90,81,123,88,30" hai3="122,45,101,91,52,4,96,79,23,32,47,114,31"/><T121/><D121/><U94/><E109/><V40/><F123/><W108/><G108/><T49/><D127/><U50/><E37/><V60/><F131/><W22/><G122/><T69/><D69/><U63/><E107/><V111/><F111/><W130/><G130/><T105/><D105/><U9/><E132/><V75/><F75/><W98/><G79/><T10/><D129/><U19/><E29/><V44/><F119/><W128/><G128/><T99/><D27/><U61/><E50/><V67/><F90/><W77/><G77/><T18/><D73/><U15/><E15/><V74/><F74/><W104/><G114/><T95/><REACH who="0" step="1"/><D82/><REACH who="0" ten="513,154,217,106" step="2"/><U14/><E112/><V28/><F34/><W133/><G104/><T54/><D54/><U41/><E41/><V48/><F42/><W71/><G52/><T83/><D83/><U106/><E106/><V85/><F43/><W33/><G71/><T65/><D65/><U0/><E0/><V6/><F36/><W39/><G39/><T20/><D20/><U38/><E38/><V68/><F67/><W102/><G133/><T134/><D134/><U64/><E13/><V16/><F68/><W120/><G120/><T24/><D24/><U26/><E12/><V1/><F1/><W125/><G125/><T118/><D118/><U84/><E26/><V92/><F81/><W80/><G80/><T124/><D124/><U35/><E35/><V117/><F117/><W66/><G66/><T89/><D89/><N who="1" m="53543" /><E86/><V46/><F40/><W126/><G126/><T3/><D3/><U103/><E103/><N who="3" m="39434" /><G33/><T110/><D110/><RYUUKYOKU ba="3,1" sc="513,15,154,15,217,-15,106,-15" hai0="2,5,10,18,21,25,49,55,57,93,95,97,99" hai1="9,14,19,58,59,61,63,64,76,78" /><INIT seed="4,4,1,3,0,127" ten="528,169,202,91" oya="0" hai0="10,46,83,130,77,41,29,23,122,88,73,35,117" hai1="82,132,131,47,43,121,114,14,63,102,36,105,126" hai2="94,92,12,50,32,113,81,103,28,76,106,124,128" hai3="84,25,75,53,100,96,48,52,93,107,3,111,54"/><T51/><D117/><U116/><E116/><V101/><F32/><W27/><G111/><T134/><D122/><U34/><E34/><V19/><F28/><W4/><G75/><T16/><D134/><U72/><E121/><V86/><F124/><W45/><G3/><T26/><D130/><U89/><E126/><V104/><F113/><W95/><G4/><T5/><D88/><U133/><E114/><V22/><F128/><W66/><G66/><T57/><D57/><U99/><E131/><V40/><F104/><W80/><G95/><N who="2" m="36393" /><F106/><W85/><G107/><T15/><REACH who="0" step="1"/><D5/><REACH who="0" ten="518,169,202,91" step="2"/><U39/><E132/><V67/><F103/><W65/><G65/><T108/><D108/><U110/><E110/><V98/><F67/><W44/><G84/><T11/><AGARI ba="4,2" hai="10,11,15,16,23,26,29,35,41,46,51,73,77,83" machi="11" ten="30,11700,0" yaku="1,1,0,1,54,1,53,1" doraHai="127" doraHaiUra="31" who="0" fromWho="0" sc="518,149,169,-43,202,-43,91,-43" /><INIT seed="4,5,0,2,5,72" ten="667,126,159,48" oya="0" hai0="118,128,103,73,116,18,92,107,49,17,28,47,68" hai1="112,39,13,30,24,7,101,5,77,27,42,38,11" hai2="3,16,123,65,9,50,135,34,59,122,90,25,109" hai3="20,6,78,69,102,108,56,26,1,74,58,32,54"/><T61/><D107/><U55/><E101/><V111/><F90/><W85/><G108/><N who="2" m="41545" /><F50/><W105/><G32/><T46/><D73/><U126/><E126/><V83/><F59/><W93/><G69/><T125/><D28/><U97/><E97/><V67/><F65/><W86/><G1/><T113/><D49/><U51/><E112/><V127/><F67/><W43/><G6/><T12/><D61/><U121/><E121/><N who="2" m="46091" /><F83/><W80/><G43/><T117/><D47/><U8/><E77/><V22/><F127/><W15/><G15/><T37/><D12/><U114/><E114/><V2/><F135/><W131/><G131/><T89/><D46/><U66/><E42/><V87/><F87/><W10/><G10/><T23/><D125/><U124/><E66/><V81/><F81/><W120/><G120/><T33/><D37/><U53/><E124/><V91/><F91/><N who="3" m="53495" /><G85/><T70/><D89/><U115/><E115/><V63/><F63/><W41/><G41/><T79/><D113/><U99/><E99/><V0/><F34/><W100/><G54/><T96/><D33/><U31/><E13/><N who="2" m="7215" /><F2/><W44/><G44/><T64/><D64/><U71/><REACH who="1" step="1"/><E51/><REACH who="1" ten="667,116,159,48" step="2"/><V62/><F62/><W4/><G102/><T21/><D103/><U35/><E35/><V48/><F48/><W14/><G100/><T29/><D68/><AGARI ba="5,1" hai="5,7,8,11,24,27,30,31,38,39,53,55,68,71" machi="68" ten="25,3200,0" yaku="1,1,22,2,53,0" doraHai="72" doraHaiUra="119" who="1" fromWho="0" sc="667,-47,116,57,159,0,48,0" /><INIT seed="5,0,0,5,3,72" ten="620,173,159,48" oya="1" hai0="73,120,8,89,30,103,20,133,38,66,68,117,0" hai1="64,4,135,63,94,18,77,13,1,96,9,12,42" hai2="84,32,109,58,86,26,126,52,54,50,134,82,59" hai3="7,95,21,27,75,44,56,53,104,25,93,40,114"/><U41/><E135/><V55/><F109/><W47/><G104/><T69/><D117/><U48/><E1/><V37/><F37/><W16/><G114/><T2/><D38/><U108/><E108/><V124/><F134/><W19/><G75/><T110/><D103/><U129/><E129/><V115/><F115/><W15/><G7/><T71/><D73/><U28/><E28/><N who="2" m="19479" /><F82/><W60/><G25/><T97/><D30/><U79/><E48/><N who="2" m="30983" /><F54/><W107/><G107/><T39/><D66/><U125/><E125/><AGARI ba="0,0" hai="50,55,59,84,86,124,125,126" m="30983,19479" machi="125" ten="30,2000,0" yaku="18,1,54,1" doraHai="72" who="2" fromWho="1" sc="620,0,173,-20,159,20,48,0" /><INIT seed="6,0,0,0,2,28" ten="620,153,179,48" oya="2" hai0="41,122,119,26,0,90,100,85,30,14,63,72,47" hai1="34,133,67,125,51,108,70,80,8,114,66,71,27" hai2="120,33,64,4,45,10,5,112,39,62,75,38,93" hai3="118,18,124,77,115,129,87,32,96,2,113,111,99"/><V15/><F120/><W105/><G2/><T52/><D0/><U48/><E8/><V69/><F75/><W102/><G111/><T24/><D72/><U58/><E80/><V127/><F33/><W68/><G68/><T3/><D3/><U116/><E27/><V89/><F127/><W65/><G65/><T106/><D119/><U25/><E25/><V132/><F132/><W40/><G40/><T17/><D100/><U50/><E34/><V123/><F123/><W44/><G44/><T12/><D106/><U79/><E79/><V101/><F112/><W86/><G18/><T46/><D12/><U13/><E13/><V31/><F31/><W103/><G32/><T20/><D30/><U11/><E11/><V6/><F101/><W135/><G118/><T83/><D47/><U16/><E16/><V56/><F69/><N who="1" m="26121" /><E108/><V59/><F59/><W94/><G129/><T92/><D83/><U88/><E88/><V9/><F9/><W78/><G124/><T104/><D104/><U43/><E116/><V117/><F117/><W76/><G135/><T21/><D20/><U57/><E125/><V22/><F22/><W23/><G23/><T37/><D122/><U91/><E91/><V53/><F64/><N who="1" m="24617" /><E114/><AGARI ba="0,0" hai="76,77,78,86,87,94,96,99,102,103,105,113,114,115" machi="114" ten="40,8000,1" yaku="15,1,11,1,34,3" doraHai="28" who="3" fromWho="1" sc="620,0,153,-80,179,0,48,80" /><INIT seed="7,0,0,2,3,111" ten="620,73,179,128" oya="3" hai0="75,125,113,133,58,83,66,119,2,35,70,54,97" hai1="120,46,102,116,32,76,121,16,45,56,61,87,3" hai2="15,130,18,74,89,39,132,72,48,106,21,9,17" hai3="84,38,67,49,44,0,25,131,115,30,29,96,86"/><W99/><G131/><T109/><RYUUKYOKU type="yao9" ba="0,0" sc="620,0,73,0,179,0,128,0" hai0="2,35,54,58,66,70,75,83,97,109,113,119,125,133" /><INIT seed="7,1,0,2,2,127" ten="620,73,179,128" oya="3" hai0="102,31,62,91,4,73,10,121,66,97,56,96,119" hai1="107,101,103,8,117,128,13,3,98,94,55,29,93" hai2="99,23,60,109,64,92,22,53,115,105,12,46,88" hai3="0,33,47,108,6,20,77,15,83,39,32,49,86"/><W90/><G39/><T114/><D119/><U129/><E3/><V17/><F109/><W80/><G0/><T122/><D73/><U70/><E70/><V67/><F115/><W45/><G108/><T130/><D114/><U43/><E117/><V11/><F105/><W106/><G106/><T79/><D79/><U116/><E116/><V120/><F120/><W2/><G2/><T58/><D91/><U85/><E43/><V57/><F46/><W89/><G47/><T118/><D118/><U48/><E29/><V113/><F113/><W68/><G68/><T82/><D82/><U27/><E27/><N who="2" m="14799" /><F23/><W38/><G38/><T44/><D44/><U78/><E78/><V74/><F74/><W40/><G89/><T75/><D75/><U76/><E76/><V134/><F134/><W28/><G28/><T81/><D81/><U14/><E85/><V95/><F95/><W87/><G20/><T100/><D56/><U123/><E123/><V125/><F125/><W112/><G112/><T5/><D31/><U63/><E63/><V72/><F72/><W26/><G26/><T1/><D4/><AGARI ba="1,0" hai="4,11,12,53,57,60,64,67,88,92,99" m="14799" machi="4" ten="30,3900,0" yaku="25,1,8,1,54,1" doraHai="127" who="2" fromWho="0" sc="620,-42,73,0,179,42,128,0" owari="578,68.0,73,-43.0,221,2.0,128,-27.0" /></mjloggm>