<mjloggm ver="2.3"><GO type="169" lobby="0"/><UN n0="%E9%BA%BB%E9%9B%80%49%51%31%32%30" n1="%E3%81%9F%E3%81%84%E3%81%9B" n2="%78%78%62%6D%6D" n3="%E3%82%B7%E3%82%A7%E3%83%95%E3%83%81%E3%83%A7%E3%82%B3" dan="17,16,17,16" rate="2207.08,2162.02,2160.40,2153.68" sx="M,F,M,M"/><TAIKYOKU oya="0"/><INIT seed="0,0,0,4,1,70" ten="250,250,250,250" oya="0" hai0="86,59,56,55,65,89,3,4,8,87,44,14,24" hai1="0,45,40,95,16,135,66,101,9,38,78,49,99" hai2="91,120,27,51,61,43,126,83,52,104,28,58,102" hai3="75,131,35,123,2,19,121,73,25,26,98,20,21"/><T106/><D106/><U109/><E109/><V97/><F126/><W64/><G131/><T124/><D124/><U39/><E135/><V47/><F120/><N who="3" m="46155" /><G2/><T67/><D3/><U37/><E66/><V22/><F83/><W68/><G35/><T23/><D44/><U33/><E33/><V5/><F5/><W118/><G98/><T92/><D87/><U71/><E71/><V63/><REACH who="2" step="1"/><F91/><REACH who="2" ten="250,250,240,250" step="2"/><W79/><G118/><T76/><D76/><U90/><E78/><V32/><F32/><W46/><G79/><T30/><REACH who="0" step="1"/><D59/><REACH who="0" ten="240,250,240,250" step="2"/><U72/><E72/><V74/><F74/><W94/><G75/><T57/><D57/><U117/><E117/><V7/><F7/><W88/><G73/><T100/><D100/><U133/><E133/><V18/><F18/><W113/><G68/><T41/><D41/><U50/><E0/><V132/><F132/><W96/><G19/><T6/><D6/><U105/><E16/><V54/><F54/><W115/><G115/><T69/><D69/><U111/><E111/><V127/><F127/><W15/><G113/><T85/><D85/><U77/><E77/><V36/><AGARI ba="0,2" hai="22,27,28,36,43,47,51,52,58,61,63,97,102,104" machi="36" ten="20,8000,1" yaku="1,1,0,1,7,1,52,1,54,1,53,0" doraHai="70" doraHaiUra="119" who="2" fromWho="2" sc="240,-40,250,-20,240,100,250,-20" /><INIT seed="1,0,0,1,2,9" ten="200,230,340,230" oya="1" hai0="56,19,70,116,108,131,8,47,79,29,30,46,102" hai1="35,16,15,7,134,78,11,122,74,126,36,55,92" hai2="49,51,121,97,81,28,88,22,129,68,119,60,100" hai3="18,44,120,32,73,99,38,87,1,103,33,23,135"/><U109/><E122/><V39/><F39/><W112/><G73/><T0/><D70/><U117/><E117/><V57/><F68/><W66/><G112/><T64/><D0/><U82/><E126/><V104/><F119/><W113/><G113/><T133/><D131/><U17/><E134/><V58/><F129/><W25/><G120/><T21/><D8/><U84/><E109/><V67/><F58/><W5/><G66/><T130/><D130/><U41/><E35/><V42/><F42/><W37/><G135/><T128/><D128/><U72/><E55/><V3/><F3/><W124/><G124/><T123/><D123/><U90/><REACH who="1" step="1"/><E72/><REACH who="1" ten="200,220,340,230" step="2"/><V75/><F75/><W71/><G32/><T2/><D108/><U105/><E105/><V98/><F121/><W107/><G33/><T45/><D133/><U83/><E83/><V48/><F81/><W10/><G71/><T14/><D116/><U65/><E65/><V4/><F104/><W94/><G107/><T80/><D2/><U43/><E43/><V54/><F67/><W91/><G1/><T115/><D115/><U63/><E63/><V110/><F60/><W31/><G94/><T93/><D80/><U127/><E127/><V85/><F54/><W20/><G38/><T96/><D79/><U62/><E62/><AGARI ba="0,1" hai="14,19,21,29,30,45,46,47,56,62,64,93,96,102" machi="62" ten="40,2600,0" yaku="8,1,52,1" doraHai="9" who="0" fromWho="1" sc="200,36,220,-26,340,0,230,0" /><INIT seed="2,0,0,4,1,100" ten="236,194,340,230" oya="2" hai0="8,75,117,109,101,81,6,25,86,9,41,87,36" hai1="123,72,77,134,23,67,97,53,2,51,107,64,98" hai2="59,48,14,3,88,1,84,131,115,70,29,95,69" hai3="99,125,5,128,105,22,68,127,7,132,66,16,111"/><V47/><F115/><W129/><G111/><T46/><D109/><U76/><E2/><V62/><F131/><N who="3" m="50251" /><G66/><T19/><D101/><U21/><E134/><V33/><F3/><W130/><G68/><T35/><D9/><U0/><E0/><V63/><F1/><W55/><G130/><T13/><D75/><U119/><E51/><V118/><F118/><W4/><G132/><T58/><D87/><U113/><E72/><V102/><F63/><W85/><G85/><T45/><D58/><U103/><E53/><V124/><F124/><N who="3" m="47691" /><G99/><T26/><D86/><U80/><E80/><V83/><F70/><W82/><G82/><T31/><D81/><U17/><E103/><V74/><F69/><W60/><G105/><T12/><D117/><U30/><E119/><V135/><F135/><W90/><G90/><T89/><D89/><U11/><E107/><V18/><F74/><W73/><G73/><T10/><D46/><U116/><E116/><V32/><F102/><W50/><G60/><T15/><D8/><U71/><E11/><N who="2" m="6495" /><F95/><W104/><G104/><T78/><D78/><U93/><E93/><V57/><F62/><W24/><G4/><T37/><D37/><U91/><E71/><V122/><F84/><W112/><G112/><T126/><D126/><U34/><E113/><V61/><F61/><W20/><G22/><T133/><D133/><U44/><E67/><V43/><F88/><W110/><G110/><T106/><D106/><U49/><E64/><V94/><F94/><W121/><G121/><T56/><D6/><U114/><E91/><V42/><F83/><RYUUKYOKU ba="0,0" sc="236,-10,194,-10,340,-10,230,30" hai3="5,7,16,20,24,50,55" /><INIT seed="3,1,0,5,2,130" ten="226,184,330,260" oya="3" hai0="12,11,19,118,54,134,0,112,132,34,100,13,115" hai1="43,53,111,61,109,124,81,62,45,104,64,122,10" hai2="120,74,71,86,103,114,39,106,68,98,25,7,91" hai3="83,126,66,90,8,51,56,57,21,33,135,119,42"/><W2/><G33/><T99/><D118/><U116/><E104/><V15/><F114/><N who="0" m="43562" /><D34/><U73/><E73/><V5/><F39/><W110/><G119/><T49/><D0/><U129/><E116/><V27/><F74/><W87/><G135/><T65/><D65/><U22/><E129/><V94/><F120/><W32/><G32/><T93/><D12/><U77/><E122/><V55/><F27/><W4/><G110/><T17/><D17/><U102/><E22/><V82/><F25/><W41/><G126/><T121/><D121/><U26/><E124/><V131/><F131/><W48/><G66/><T23/><D23/><U24/><E10/><V95/><F55/><W3/><G3/><T18/><D18/><U44/><E64/><V133/><F71/><W101/><G101/><T113/><N who="0" m="43570" /><T1/><DORA hai="31" /><D1/><U20/><E20/><V108/><F68/><W63/><G63/><T127/><D127/><U28/><E61/><V16/><F108/><W35/><G35/><T40/><D40/><U84/><E62/><V92/><F16/><W37/><G37/><T80/><D80/><U47/><E43/><V14/><F82/><W36/><G36/><T96/><D99/><U105/><E109/><V79/><F98/><W85/><G21/><T125/><D125/><U97/><E111/><V128/><F128/><W46/><REACH who="3" step="1"/><G87/><REACH who="3" ten="226,184,330,250" step="2"/><T67/><D67/><U6/><E84/><V117/><F86/><W72/><G72/><T50/><D50/><U60/><E60/><V88/><F117/><W107/><G107/><T59/><AGARI ba="1,1" hai="11,13,19,49,54,59,93,96,100,132,134" m="43570" machi="59" ten="40,5200,0" yaku="11,1,52,2" doraHai="130,31" who="0" fromWho="0" sc="226,65,184,-14,330,-14,250,-27" /><INIT seed="4,0,0,5,4,4" ten="291,170,316,223" oya="0" hai0="56,125,39,117,106,111,110,84,53,134,11,119,96" hai1="95,92,93,94,23,102,131,50,3,127,90,126,116" hai2="82,20,48,135,25,108,22,14,97,83,34,103,107" hai3="57,44,121,64,2,29,129,43,115,8,13,46,24"/><T6/><D39/><U91/><E3/><V86/><F108/><N who="0" m="41514" /><D125/><N who="1" m="47627" /><E23/><V85/><F135/><W30/><G115/><T0/><D134/><U132/><E50/><V17/><F34/><W114/><G114/><T87/><D106/><U81/><E132/><V42/><F83/><W68/><G68/><T61/><D96/><N who="1" m="59655" /><E116/><AGARI ba="0,0" hai="0,6,11,53,56,61,84,87,116,117,119" m="41514" machi="116" ten="30,2900,0" yaku="10,1,52,1" doraHai="4" who="0" fromWho="1" sc="291,29,170,-29,316,0,223,0" /><INIT seed="4,1,0,3,0,85" ten="320,141,316,223" oya="0" hai0="3,113,48,2,81,97,131,87,27,51,79,104,56" hai1="52,115,6,114,57,73,66,23,134,26,94,112,106" hai2="100,22,54,83,64,98,68,38,30,53,84,46,8" hai3="15,13,11,36,29,92,74,117,132,121,44,88,128"/><T4/><D113/><U95/><E106/><V28/><F38/><W80/><G117/><T0/><D131/><U67/><E73/><V119/><F119/><W63/><G128/><T129/><D129/><U82/><E6/><V32/><F32/><W70/><G29/><T55/><D27/><U135/><E82/><V65/><F8/><W9/><G132/><N who="1" m="50730" /><E66/><V107/><F54/><W49/><G36/><T77/><D48/><N who="1" m="30855" /><E67/><V45/><F65/><W12/><G121/><T133/><D133/><U103/><E103/><V58/><F64/><W37/><G70/><T20/><D4/><U89/><E89/><V101/><F68/><W60/><G80/><T91/><D104/><U86/><E86/><V33/><F101/><W109/><G74/><T124/><D97/><U69/><E69/><V111/><F84/><N who="3" m="52231" /><G109/><T110/><D110/><U90/><E90/><V24/><F83/><W43/><G37/><T7/><D7/><U130/><E130/><V108/><F108/><W62/><AGARI ba="1,0" hai="9,11,12,13,15,43,44,49,60,62,63" m="52231" machi="62" ten="30,4000,0" yaku="8,1,52,1,54,1" doraHai="85" who="3" fromWho="3" sc="320,-21,141,-11,316,-11,223,43" /><INIT seed="5,0,0,2,5,52" ten="299,130,305,266" oya="1" hai0="22,53,15,109,14,81,68,70,51,6,64,38,90" hai1="123,61,128,87,86,77,29,133,101,110,58,24,13" hai2="21,33,89,31,118,131,3,55,103,48,46,10,129" hai3="26,104,39,100,132,30,96,135,19,122,7,63,2"/><U57/><E123/><V5/><F118/><W1/><G39/><T83/><D38/><U18/><E128/><N who="2" m="49227" /><F103/><W49/><G122/><T126/><D109/><U9/><E133/><N who="3" m="51274" /><G7/><T44/><D64/><U116/><E116/><V59/><F89/><W62/><G49/><T25/><D70/><U16/><E110/><V42/><F21/><N who="3" m="13631" /><G30/><T119/><D68/><U34/><E101/><V69/><F69/><W45/><G45/><T82/><D119/><U120/><E120/><V67/><F67/><W43/><G43/><T95/><D6/><U97/><E97/><V111/><F111/><W47/><G47/><T28/><D126/><U125/><E125/><V85/><F31/><W8/><G8/><T108/><D108/><U35/><E34/><V92/><F33/><W73/><G73/><T80/><N who="0" m="20480" /><DORA hai="0" /><T65/><D65/><U20/><E77/><V75/><F75/><W76/><G76/><T84/><AGARI ba="0,0" hai="14,15,22,25,28,44,51,53,84,90,95" m="20480" machi="84" ten="40,2700,0" yaku="0,1,8,1" doraHai="52,0" who="0" fromWho="0" sc="299,27,130,-13,305,-7,266,-7" /><INIT seed="6,0,0,1,3,98" ten="326,117,298,259" oya="2" hai0="102,29,59,17,77,112,38,124,92,65,15,106,97" hai1="91,100,46,19,127,131,47,36,70,5,64,26,0" hai2="66,24,121,54,103,89,58,82,8,94,42,32,135" hai3="110,14,111,20,85,79,22,116,35,109,49,52,51"/><V56/><F121/><W10/><G35/><T48/><D38/><U11/><E127/><V71/><F135/><W122/><G122/><T128/><D124/><U23/><E131/><V4/><F71/><W7/><G51/><T6/><D6/><U73/><E73/><V45/><F32/><W120/><G116/><T74/><D29/><U69/><E64/><V81/><F24/><W37/><G37/><T30/><D30/><U126/><E126/><V61/><F45/><W28/><G120/><T117/><D128/><U16/><E19/><V80/><F42/><W13/><G13/><T83/><D112/><U31/><E91/><V44/><F44/><W9/><G9/><T119/><D106/><U105/><E46/><V84/><F103/><W34/><G34/><T125/><D125/><U78/><E78/><V67/><REACH who="2" step="1"/><F58/><REACH who="2" ten="326,117,288,259" step="2"/><W75/><G109/><T88/><D102/><U113/><E113/><V104/><F104/><W60/><G110/><T99/><D119/><U115/><E115/><V86/><F86/><W25/><G75/><T62/><D99/><U72/><E72/><V21/><F21/><W41/><G22/><T53/><D117/><U3/><E69/><V129/><F129/><W114/><G41/><T93/><D97/><N who="1" m="61583" /><E70/><V68/><F68/><W40/><G114/><T76/><D74/><U90/><E47/><V130/><F130/><W33/><G111/><T96/><D96/><U27/><E36/><V63/><F63/><W39/><G60/><T50/><D62/><U55/><E27/><V107/><F107/><W1/><G39/><T118/><D118/><RYUUKYOKU ba="0,1" sc="326,-10,117,-10,288,30,259,-10" hai2="4,8,54,56,61,66,67,80,81,82,84,89,94" /><INIT seed="6,1,1,1,4,62" ten="316,107,318,249" oya="2" hai0="89,7,8,101,66,99,0,95,124,16,112,69,19" hai1="17,104,72,45,125,131,128,15,88,122,30,84,54" hai2="126,9,75,21,63,40,14,33,53,85,47,109,77" hai3="34,90,44,94,96,87,51,29,42,31,28,123,91"/><V105/><F33/><W114/><G114/><T37/><D37/><U127/><E30/><V78/><F75/><W46/><G123/><T4/><D112/><U10/><E72/><V49/><F105/><W110/><G110/><T106/><D124/><U27/><E104/><V68/><F126/><W73/><G73/><T24/><D4/><U26/><E122/><V56/><F109/><W135/><G135/><T48/><D48/><N who="1" m="28943" /><E125/><V38/><F21/><W80/><REACH who="3" step="1"/><G46/><REACH who="3" ten="316,107,318,239" step="2"/><T132/><D132/><U6/><E127/><V59/><F85/><W23/><G23/><T117/><D117/><U129/><E6/><N who="2" m="3383" /><F56/><W134/><G134/><T86/><D24/><AGARI ba="1,2" hai="24,28,29,31,34,42,44,51,80,87,90,91,94,96" machi="24" ten="40,1300,0" yaku="1,1,53,0" doraHai="62" doraHaiUra="100" who="3" fromWho="0" sc="316,-16,107,0,318,0,239,36" /><INIT seed="7,0,0,5,5,108" ten="300,107,318,275" oya="3" hai0="46,48,10,122,99,85,35,44,8,66,14,61,97" hai1="114,16,121,63,40,90,118,60,21,50,86,73,26" hai2="56,69,75,131,125,25,70,84,115,23,20,92,32" hai3="113,87,5,96,9,116,134,37,101,11,6,1,127"/><W17/><G116/><T33/><D122/><U74/><E121/><V54/><F115/><W30/><G134/><T65/><D85/><U128/><E118/><V133/><F75/><W4/><G127/><T7/><D33/><U130/><E73/><V109/><F109/><W78/><G37/><T100/><D35/><U24/><E74/><V53/><F125/><W51/><G113/><T123/><D123/><U28/><E114/><V34/><F56/><W102/><G30/><T59/><D66/><U76/><E76/><V0/><F84/><W80/><G102/><T124/><D124/><U68/><E68/><V120/><F92/><W110/><G110/><T103/><D44/><U135/><E135/><V89/><F89/><W43/><G17/><T106/><D10/><U55/><E40/><V27/><F120/><W81/><G81/><T52/><D106/><U126/><E126/><V57/><F57/><W12/><G5/><T98/><AGARI ba="0,0" hai="7,8,14,46,48,52,59,61,65,97,98,99,100,103" machi="98" ten="30,4000,0" yaku="0,1,8,1,54,1" doraHai="108" who="0" fromWho="0" sc="300,40,107,-10,318,-10,275,-20" owari="340,43.0,97,-40.0,308,11.0,255,-14.0" /></mjloggm>