<mjloggm ver="2.3"><GO type="169" lobby="0"/><UN n0="%E5%9C%A8%E5%8E%9F%E4%B8%83%E6%B5%B7%E5%A4%A7%E5%A5%BD%E3%81%8D" n1="%45%72%77%69%6E%52%64" n2="%6B%75%73%6F%E6%AD%A3%E5%AE%97" n3="%E3%81%A8%E3%81%A3%E3%81%A8%E3%83%BC" dan="18,17,17,16" rate="2219.85,2154.67,2138.73,2057.27" sx="M,M,M,M"/><TAIKYOKU oya="0"/><INIT seed="0,0,0,1,3,95" ten="250,250,250,250" oya="0" hai0="23,21,58,89,27,92,69,135,59,18,107,46,4" hai1="117,73,90,86,48,130,10,63,125,104,131,67,12" hai2="100,44,132,82,54,41,80,98,112,122,106,76,68" hai3="75,93,13,11,81,108,31,99,5,8,65,55,124"/><T17/><D69/><U19/><E73/><V83/><F122/><W114/><G114/><T110/><D107/><U71/><E117/><V91/><F132/><W9/><G124/><T62/><D110/><U47/><E104/><V22/><F68/><W77/><G65/><T121/><D4/><U85/><E125/><V30/><F54/><W28/><G108/><T105/><D105/><U134/><E134/><V37/><F91/><W26/><G31/><T40/><D121/><U84/><REACH who="1" step="1"/><E90/><REACH who="1" ten="250,240,250,250" step="2"/><V3/><F112/><W7/><G7/><T42/><D135/><U61/><E61/><V32/><F32/><W53/><G8/><T51/><D62/><U115/><E115/><V118/><F118/><W103/><REACH who="3" step="1"/><G9/><REACH who="3" ten="250,240,250,240" step="2"/><T123/><D123/><U72/><E72/><V113/><F113/><W133/><G133/><T101/><D101/><U119/><E119/><V126/><F126/><W25/><G25/><T29/><D27/><U36/><E36/><V52/><F37/><W43/><G43/><AGARI ba="0,2" hai="10,12,19,43,47,48,63,67,71,84,85,86,130,131" machi="43" ten="40,2600,0" yaku="1,1,53,1" doraHai="95" doraHaiUra="64" who="1" fromWho="3" sc="250,0,240,46,250,0,240,-26" /><INIT seed="1,0,0,3,2,135" ten="250,286,250,214" oya="1" hai0="72,50,96,13,67,125,133,74,12,21,46,80,122" hai1="2,63,113,119,95,90,103,11,94,43,110,68,1" hai2="47,16,79,28,42,111,76,10,29,127,3,71,49" hai3="5,56,24,107,4,115,41,14,123,78,117,131,102"/><U73/><E113/><V26/><F111/><W17/><G123/><T105/><D133/><U77/><E119/><V65/><F127/><W52/><G115/><T109/><D109/><U75/><E110/><V8/><F71/><W88/><G78/><N who="2" m="29737" /><F3/><W30/><G41/><T89/><D67/><U114/><E114/><V31/><F65/><W27/><G102/><T36/><D13/><U38/><E68/><V116/><F116/><W101/><G101/><T129/><D12/><U69/><E69/><V108/><F108/><W60/><G107/><T91/><D36/><U59/><E103/><V33/><F33/><W128/><G117/><T120/><D72/><U19/><E95/><V86/><F86/><W87/><G4/><T15/><D96/><U66/><E38/><V97/><F97/><W54/><G5/><T22/><D80/><U92/><E92/><V9/><F26/><W37/><G37/><T32/><D32/><U132/><E132/><V104/><F104/><W0/><G0/><T34/><D34/><U7/><E1/><V64/><F64/><N who="3" m="38919" /><G27/><T112/><D74/><U85/><E77/><V121/><F121/><W61/><G24/><T62/><D105/><U98/><E98/><V70/><F70/><W20/><G30/><T81/><D112/><U126/><E126/><V118/><F118/><W58/><G54/><T82/><D125/><U39/><E19/><AGARI ba="0,0" hai="8,9,10,16,19,28,29,31,42,47,49" m="29737" machi="19" ten="40,2600,0" yaku="8,1,54,1" doraHai="135" who="2" fromWho="1" sc="250,0,286,-26,250,26,214,0" /><INIT seed="2,0,0,3,3,119" ten="250,260,276,214" oya="2" hai0="73,77,79,87,35,88,121,17,61,11,42,39,64" hai1="12,14,27,30,104,3,72,34,117,135,18,127,41" hai2="93,37,122,0,109,40,5,68,96,31,58,134,38" hai3="92,25,44,19,105,56,69,116,107,9,133,22,21"/><V89/><F68/><W7/><G116/><T81/><D35/><U106/><E117/><V118/><F118/><W54/><G69/><T49/><D39/><U85/><E72/><V2/><F134/><W76/><G133/><T4/><D17/><U57/><E3/><V6/><F31/><W103/><G44/><T90/><D121/><U67/><E135/><V125/><F122/><W99/><G76/><T123/><D123/><U75/><E75/><V120/><F120/><W15/><REACH who="3" step="1"/><G22/><REACH who="3" ten="250,260,276,204" step="2"/><T65/><D79/><U48/><E34/><V66/><F58/><W13/><G13/><T46/><D73/><U80/><E12/><V126/><F2/><W82/><G82/><T84/><D77/><U112/><E14/><V63/><F0/><W60/><AGARI ba="0,1" hai="7,9,15,19,21,25,54,56,60,92,99,103,105,107" machi="60" ten="20,8000,1" yaku="1,1,0,1,7,1,53,2" doraHai="119" doraHaiUra="101" who="3" fromWho="3" sc="250,-20,260,-20,276,-40,204,90" /><INIT seed="3,0,0,2,1,128" ten="230,240,236,294" oya="3" hai0="0,102,76,6,29,35,38,40,68,8,109,79,46" hai1="12,53,114,57,104,51,28,62,106,67,9,48,66" hai2="115,23,39,59,73,88,107,126,17,2,132,130,77" hai3="72,58,54,87,123,22,42,111,90,93,45,16,55"/><W69/><G123/><T13/><D109/><U122/><E122/><V15/><F115/><W70/><G72/><T19/><D68/><U133/><E114/><V63/><F2/><W110/><G69/><T125/><D102/><U92/><E28/><V71/><F71/><W47/><G70/><T113/><D125/><U82/><E106/><V135/><F107/><W43/><G55/><T41/><D40/><U124/><E104/><V60/><F39/><W24/><G43/><T4/><D4/><U91/><E82/><N who="2" m="45359" /><F126/><W100/><G100/><T33/><D33/><U61/><E124/><V44/><F44/><W80/><G80/><T30/><D30/><U1/><E1/><V32/><F32/><W78/><G78/><T94/><D94/><U86/><E133/><N who="2" m="51275" /><F130/><W64/><G45/><T18/><D113/><U50/><REACH who="1" step="1"/><E62/><REACH who="1" ten="230,230,236,294" step="2"/><V81/><F59/><W14/><G111/><T10/><D0/><U21/><E21/><V101/><F101/><W120/><G110/><T56/><D35/><U116/><E116/><V3/><F3/><W75/><G120/><T119/><D56/><U83/><E83/><V134/><F134/><W85/><G58/><T105/><D105/><U121/><E121/><V11/><F23/><W34/><G34/><T27/><D119/><U49/><N who="1" m="12288" /><DORA hai="37" /><U89/><E89/><V20/><F20/><W117/><G90/><T74/><D74/><U95/><E95/><V118/><F118/><W97/><G75/><T99/><D76/><U25/><E25/><V103/><F103/><W36/><G117/><T131/><D79/><U98/><E98/><RYUUKYOKU ba="0,1" sc="230,-15,230,15,236,15,294,-15" hai1="9,12,53,57,61,66,67,86,91,92" hai2="11,15,17,60,63,81,88" /><INIT seed="4,1,1,1,3,80" ten="215,245,251,279" oya="0" hai0="73,72,13,55,78,19,70,2,12,84,123,28,15" hai1="95,64,20,5,113,97,115,31,43,67,114,112,56" hai2="87,39,38,75,24,54,57,120,93,108,47,79,118" hai3="99,51,7,25,109,121,65,16,107,74,122,92,66"/><T77/><D123/><N who="3" m="47113" /><G107/><T119/><D2/><U49/><E5/><V90/><F120/><W46/><G74/><T135/><D119/><U124/><E124/><V9/><F118/><W60/><G7/><T48/><D70/><U35/><E35/><V128/><F108/><W8/><G60/><T37/><D37/><U127/><E127/><V132/><F128/><W62/><G62/><T76/><D28/><U104/><E104/><V45/><F132/><W81/><G81/><T34/><D34/><U10/><E10/><V69/><F69/><W129/><G129/><T101/><D101/><U89/><E114/><V14/><F75/><W131/><G109/><T98/><D135/><U23/><E31/><V71/><F71/><W18/><G18/><T42/><D73/><U63/><REACH who="1" step="1"/><E67/><REACH who="1" ten="215,235,251,279" step="2"/><V130/><F130/><W110/><G8/><T58/><D19/><U106/><E106/><V88/><F9/><W94/><G131/><T91/><D72/><U105/><E105/><V36/><F36/><W4/><G4/><T96/><REACH who="0" step="1"/><D42/><REACH who="0" ten="205,235,251,279" step="2"/><U111/><E111/><V117/><F39/><W103/><G110/><T85/><D85/><U32/><E32/><V133/><F38/><W1/><G16/><T102/><D102/><U3/><E3/><V29/><F133/><W125/><G1/><T6/><D6/><U82/><E82/><AGARI ba="1,3" hai="12,13,15,48,55,58,76,77,78,82,84,91,96,98" machi="82" ten="40,7700,0" yaku="1,1,8,1,52,1,53,0" doraHai="80" doraHaiUra="116" who="0" fromWho="1" sc="205,110,235,-80,251,0,279,0" /><INIT seed="4,2,0,5,0,114" ten="315,155,251,279" oya="0" hai0="6,45,102,1,78,59,8,121,47,61,81,133,74" hai1="23,125,75,134,53,112,126,22,99,108,5,10,84" hai2="124,12,44,104,40,123,48,106,95,70,18,35,37" hai3="16,3,109,129,62,31,110,97,24,49,4,56,79"/><T117/><D121/><U69/><E75/><V96/><F123/><W67/><G129/><T85/><D133/><U88/><E69/><V11/><F124/><N who="1" m="47721" /><E134/><V90/><F35/><W100/><G79/><T51/><D102/><U2/><E108/><V55/><REACH who="2" step="1"/><F70/><REACH who="2" ten="315,155,241,279" step="2"/><W58/><G109/><T115/><D115/><U103/><E112/><V86/><F86/><W0/><G110/><T27/><D85/><U120/><E120/><V43/><F43/><W83/><G97/><T91/><D74/><U7/><E53/><V57/><AGARI ba="2,1" hai="11,12,18,37,40,44,48,55,57,90,95,96,104,106" machi="57" ten="20,2700,0" yaku="1,1,0,1,7,1,53,0" doraHai="114" doraHaiUra="26" who="2" fromWho="2" sc="315,-15,155,-9,241,43,279,-9" /><INIT seed="5,0,0,0,4,61" ten="300,146,284,270" oya="1" hai0="35,93,30,50,75,123,9,37,95,134,40,51,16" hai1="120,105,116,32,44,91,41,63,39,73,82,114,38" hai2="42,2,102,60,14,45,88,96,27,124,62,6,10" hai3="117,104,56,43,22,36,34,130,70,78,92,129,7"/><U132/><E116/><V65/><F124/><W74/><G104/><T28/><D75/><U86/><E120/><V68/><F27/><W107/><G107/><T97/><D37/><U131/><E32/><V121/><F121/><W58/><G34/><T69/><D69/><U64/><E105/><V66/><F102/><W85/><G70/><T54/><D134/><U109/><E132/><V12/><F96/><W18/><G7/><T11/><D40/><U1/><E1/><V119/><F88/><N who="3" m="53263" /><G117/><T98/><D35/><U127/><E127/><V3/><F3/><W48/><G36/><T23/><D123/><U94/><E114/><V67/><F119/><W72/><G78/><T25/><D30/><U101/><E38/><V87/><F87/><W128/><G43/><T55/><D28/><U19/><E109/><V46/><F68/><W90/><G90/><N who="0" m="55479" /><D51/><U135/><E135/><V110/><F110/><W115/><G48/><T5/><D5/><U112/><E112/><V49/><F45/><W4/><G4/><T100/><D55/><U21/><E101/><V99/><F99/><W53/><G53/><T103/><D100/><U122/><E122/><V71/><F71/><W81/><G115/><T52/><D54/><U80/><E73/><N who="3" m="28266" /><G81/><T106/><D106/><U15/><REACH who="1" step="1"/><E131/><REACH who="1" ten="300,136,284,270" step="2"/><V125/><F125/><W0/><G0/><T77/><D103/><U79/><E79/><V26/><F2/><W111/><G111/><T126/><D77/><U8/><E8/><V20/><F10/><W118/><G118/><T33/><D126/><U29/><E29/><N who="2" m="17607" /><F6/><W13/><AGARI ba="0,1" hai="13,18,22,56,58,128,129,130" m="28266,53263" machi="13" ten="40,5200,0" yaku="5,1,19,1,54,1" doraHai="61" who="3" fromWho="3" sc="300,-13,136,-26,284,-13,270,62" /><INIT seed="6,0,0,3,2,53" ten="287,110,271,332" oya="2" hai0="81,27,135,28,115,92,41,109,11,74,21,98,48" hai1="14,104,43,103,97,44,68,101,12,59,133,62,9" hai2="56,107,79,80,82,113,118,125,52,58,111,2,93" hai3="29,91,132,122,84,117,16,67,131,69,94,128,8"/><V30/><F118/><W88/><G122/><T57/><D109/><U85/><E133/><V1/><F107/><W134/><G117/><T51/><D115/><U120/><E120/><V66/><F113/><W126/><G29/><T119/><D135/><N who="3" m="51753" /><G126/><T3/><D41/><U24/><E101/><V19/><F125/><W64/><G91/><T22/><D81/><U34/><E68/><V70/><F70/><W130/><G69/><T106/><D74/><U78/><E78/><V95/><F30/><W110/><G110/><T18/><D106/><U45/><E85/><V71/><F71/><W65/><G16/><T50/><D11/><AGARI ba="0,0" hai="8,11,64,65,67,84,88,94,128,130,131" m="51753" machi="11" ten="40,5200,0" yaku="19,1,20,1,54,1" doraHai="53" who="3" fromWho="0" sc="287,-52,110,0,271,0,332,52" /><INIT seed="7,0,0,4,4,101" ten="235,110,271,384" oya="3" hai0="135,122,18,53,92,28,21,119,50,68,58,56,94" hai1="34,14,70,72,88,96,46,97,57,76,12,32,78" hai2="105,60,117,125,40,112,132,93,106,118,107,61,43" hai3="113,82,116,2,71,63,29,30,17,108,102,115,127"/><W7/><G127/><T123/><D68/><U13/><E70/><V130/><F93/><W95/><G116/><N who="2" m="44649" /><F125/><W99/><G29/><T54/><D135/><U31/><E31/><V69/><F69/><W83/><G30/><T73/><D73/><U25/><E25/><V42/><F132/><W131/><G82/><T5/><D119/><U19/><E72/><V111/><F111/><W39/><G39/><T109/><D109/><U27/><E27/><V85/><F85/><W134/><G83/><T124/><D28/><U11/><E19/><V44/><F44/><W23/><G108/><T74/><D74/><U81/><E46/><V48/><F48/><W79/><G79/><T77/><D77/><U1/><E1/><V91/><F91/><W114/><G2/><T66/><D5/><U51/><E51/><V90/><F90/><W110/><G7/><T121/><D66/><U3/><E3/><V47/><F47/><W38/><G38/><T10/><D10/><U129/><E129/><V128/><F112/><W126/><G126/><T20/><D124/><U22/><E22/><V103/><F103/><W35/><G110/><T87/><D87/><U33/><E11/><V0/><F0/><W75/><G75/><T59/><D50/><U89/><E57/><V98/><F98/><W37/><G113/><T104/><D18/><U41/><E41/><V84/><F84/><W4/><G114/><T65/><D65/><U86/><REACH who="1" step="1"/><E89/><REACH who="1" ten="235,100,271,384" step="2"/><V6/><F6/><W49/><G115/><T36/><D59/><U64/><E64/><V62/><AGARI ba="0,1" hai="40,42,43,60,61,62,105,106,107,128,130" m="44649" machi="62" ten="50,12000,2" yaku="29,2,28,2,52,3" doraHai="101" who="2" fromWho="2" sc="235,-30,100,-30,271,130,384,-60" owari="205,-19.0,70,-43.0,401,50.0,324,12.0" /></mjloggm>