<mjloggm ver="2.3"><GO type="225" lobby="0"/><UN n0="%E6%AF%9B%E8%8D%92%E3%82%8C%E3%83%BB%E3%82%B9%E3%83%9F%E3%82%B9" n1="%E3%83%80%E3%83%B3%E3%83%86" n2="%70%68%65%6E%6F%6D%65" n3="%E8%A8%88%E7%AE%97%E6%A9%9F%E8%87%AA%E7%84%B6" dan="16,17,17,17" rate="2161.27,2248.13,2223.22,2225.41" sx="F,M,M,M"/><TAIKYOKU oya="0"/><INIT seed="0,0,0,4,0,53" ten="250,250,250,250" oya="0" hai0="79,103,48,23,109,104,56,4,123,76,90,0,105" hai1="112,61,5,12,108,66,121,9,94,88,13,1,38" hai2="120,40,36,92,54,2,45,8,25,10,33,114,73" hai3="71,72,49,63,111,58,37,15,19,113,70,14,50"/><T18/><D123/><U55/><E121/><V96/><F120/><W81/><G37/><T118/><D118/><U44/><E108/><V102/><F114/><W132/><G113/><T27/><D109/><U69/><E112/><V99/><F73/><W16/><G111/><T125/><D125/><U126/><E126/><V24/><F2/><W43/><G132/><T86/><D4/><U128/><E128/><V29/><F25/><W124/><G124/><T85/><D0/><U77/><E77/><V83/><F83/><W95/><G95/><T87/><D90/><U57/><E44/><V20/><F33/><W110/><G110/><T135/><D135/><U64/><E38/><V74/><F74/><W11/><G43/><T32/><D32/><U42/><E42/><V130/><F130/><W91/><G71/><T3/><D3/><U122/><E122/><V107/><REACH who="2" step="1"/><F54/><REACH who="2" ten="250,250,240,250" step="2"/><N who="3" m="34263" /><G72/><T59/><D27/><U100/><E100/><AGARI ba="0,1" hai="8,10,20,24,29,36,40,45,92,96,99,100,102,107" machi="100" ten="30,3900,0" yaku="1,1,7,1,53,1" doraHai="53" doraHaiUra="101" who="2" fromWho="1" sc="250,0,250,-39,240,49,250,0" /><INIT seed="1,0,0,3,5,131" ten="250,211,289,250" oya="1" hai0="102,104,25,111,36,86,9,117,12,93,15,49,127" hai1="33,24,48,0,108,91,106,5,92,103,96,19,97" hai2="67,13,99,44,72,42,83,115,68,116,79,28,23" hai3="82,90,64,73,58,70,84,85,66,130,94,20,54"/><U60/><E108/><V38/><F116/><W52/><G73/><T43/><D117/><U16/><E48/><V69/><F115/><W105/><G105/><T7/><D36/><U3/><E60/><V110/><F67/><W128/><G70/><T114/><D114/><U1/><REACH who="1" step="1"/><E5/><REACH who="1" ten="250,201,289,250" step="2"/><V61/><F110/><W45/><G130/><T56/><D49/><U6/><E6/><V129/><F61/><N who="3" m="36039" /><G128/><T26/><D7/><U22/><E22/><V124/><F129/><W75/><G20/><T53/><D111/><U47/><E47/><V80/><F44/><W2/><G2/><T100/><D9/><U87/><E87/><V125/><F23/><W118/><G118/><T77/><D86/><U59/><E59/><V62/><F62/><W39/><G75/><T37/><D56/><U109/><E109/><V132/><F72/><W135/><G39/><T11/><D37/><U21/><E21/><V81/><F38/><W122/><G45/><T29/><D11/><U123/><E123/><V71/><F71/><W63/><G122/><T113/><D113/><U27/><E27/><V74/><F69/><W46/><G63/><T119/><D25/><U40/><E40/><V76/><F68/><W55/><G64/><T50/><D43/><U126/><E126/><V4/><F42/><W112/><G66/><T107/><D127/><U120/><E120/><V121/><F121/><W8/><G112/><T95/><D119/><U31/><AGARI ba="0,1" hai="0,1,3,16,19,24,31,33,91,92,96,97,103,106" machi="31" ten="40,12000,1" yaku="1,1,0,1,54,1,53,1" doraHai="131" doraHaiUra="89" who="1" fromWho="1" sc="250,-40,201,130,289,-40,250,-40" /><INIT seed="1,1,0,4,2,45" ten="210,331,249,210" oya="1" hai0="67,34,51,71,46,20,115,113,125,37,50,4,89" hai1="85,110,134,60,28,118,130,19,91,83,75,1,68" hai2="62,9,30,53,80,103,47,100,120,31,132,25,112" hai3="108,96,36,21,101,23,64,16,6,87,127,27,72"/><U90/><E118/><V116/><F116/><W88/><G36/><T14/><D34/><U104/><E1/><V121/><F132/><W131/><G72/><T70/><D89/><U81/><E28/><V86/><F112/><N who="0" m="43082" /><D20/><U15/><E134/><V7/><F120/><W98/><G108/><T38/><D14/><U97/><E110/><V5/><F121/><W92/><G127/><T2/><D4/><U24/><E130/><V79/><F7/><W40/><G131/><T57/><D2/><U12/><E68/><N who="0" m="26153" /><D125/><U69/><E75/><V56/><F47/><W33/><G33/><T117/><D117/><U129/><E129/><V95/><F95/><N who="3" m="58527" /><G6/><T42/><D37/><U82/><E24/><V126/><F126/><W43/><G64/><T77/><D77/><U109/><E109/><V99/><F99/><W94/><G23/><T44/><D44/><U8/><E97/><V114/><F114/><W26/><G26/><T123/><D123/><U105/><E15/><N who="2" m="5551" /><F25/><W128/><G128/><T74/><D74/><U54/><E105/><V41/><F30/><W78/><G78/><T93/><D93/><U133/><E104/><V32/><F31/><W29/><G29/><T76/><D76/><U106/><E106/><V22/><F22/><W61/><G94/><T13/><D13/><U17/><E133/><V35/><F32/><W107/><G107/><T49/><D67/><N who="1" m="41191" /><E19/><V102/><F35/><W52/><G87/><T65/><D65/><U0/><E0/><V84/><F86/><W111/><G111/><T39/><D38/><U3/><E3/><V63/><F84/><RYUUKYOKU ba="1,0" sc="210,15,331,-15,249,-15,210,15" hai0="39,42,46,49,50,51,57" hai3="16,21,27,40,43,52,61,88,92,98" /><INIT seed="2,2,0,5,1,7" ten="225,316,234,225" oya="2" hai0="31,59,129,68,8,72,86,22,94,53,39,76,97" hai1="64,54,128,51,11,45,61,119,52,102,16,104,17" hai2="73,2,99,88,43,49,95,79,37,25,109,29,56" hai3="124,71,23,28,48,82,20,74,115,46,98,120,40"/><V14/><F2/><W131/><G120/><T112/><D112/><U15/><E119/><V113/><F113/><W103/><G115/><T105/><D68/><U101/><E128/><V108/><F37/><W34/><G71/><T107/><D129/><U70/><E104/><V127/><F127/><W100/><G100/><T81/><D39/><U3/><E3/><V69/><F69/><W4/><G131/><T123/><D123/><U118/><E118/><V36/><F36/><W111/><G111/><N who="2" m="42569" /><F14/><W9/><G34/><T122/><D122/><U12/><E54/><N who="2" m="31823" /><F43/><W135/><G135/><T58/><D58/><U126/><E126/><V41/><F41/><W60/><G124/><T133/><D133/><U0/><E0/><V27/><F29/><W44/><G28/><T32/><D72/><U78/><E78/><V93/><F93/><W62/><G44/><T91/><D107/><U125/><E125/><V134/><F134/><W106/><G60/><T33/><D105/><U121/><E121/><V87/><F99/><W92/><G62/><T83/><D81/><AGARI ba="2,0" hai="25,27,73,79,81,87,88,95" m="31823,42569" machi="81" ten="30,5800,0" yaku="14,1,10,1,54,1" doraHai="7" who="2" fromWho="0" sc="225,-64,316,0,234,64,225,0" /><INIT seed="2,3,0,0,0,95" ten="161,316,298,225" oya="2" hai0="41,11,108,133,34,93,25,118,4,63,32,127,38" hai1="17,42,114,56,61,104,110,106,97,26,14,109,12" hai2="82,45,33,6,54,89,112,7,62,31,132,117,101" hai3="29,46,39,71,52,134,43,126,57,55,122,123,115"/><V125/><F112/><W119/><G29/><T21/><D108/><N who="1" m="41579" /><E114/><V22/><F33/><W13/><G115/><T16/><D127/><U135/><E135/><V128/><F117/><W3/><G3/><T120/><D120/><N who="3" m="46121" /><G13/><N who="1" m="5226" /><E42/><V30/><F125/><W83/><G83/><T76/><D133/><U10/><E10/><V35/><F31/><W79/><G79/><T121/><D121/><U113/><E113/><V2/><F30/><W78/><G78/><T107/><D118/><U77/><E77/><V27/><F82/><W50/><G119/><T24/><D76/><U58/><E97/><V64/><F2/><W73/><G73/><T84/><D24/><U67/><E58/><V102/><F27/><W18/><G126/><T8/><D107/><U40/><E40/><V87/><F132/><W70/><G18/><T80/><D4/><U1/><E1/><V98/><F6/><W130/><G134/><T94/><D8/><U47/><E47/><V19/><F19/><W9/><G9/><T60/><D11/><U81/><E81/><V103/><F7/><W91/><G91/><N who="0" m="51591" /><D94/><U72/><E72/><V53/><F89/><W49/><G130/><T111/><D93/><U99/><E99/><V124/><F98/><W131/><G131/><T129/><D129/><U105/><E105/><V116/><F124/><W37/><G43/><T74/><D74/><U75/><E75/><V36/><F128/><W100/><G100/><T88/><D88/><U90/><E90/><V23/><F103/><W20/><G20/><AGARI ba="3,0" hai="17,20,26,56,61,67,104,106" m="5226,41579" machi="20" ten="30,1000,0" yaku="14,1" doraHai="95" who="1" fromWho="3" sc="161,0,316,19,298,0,225,-19" /><INIT seed="3,0,0,4,5,52" ten="161,335,298,206" oya="3" hai0="61,15,39,38,32,127,73,82,67,116,30,130,6" hai1="100,92,109,8,31,14,107,36,65,2,88,50,11" hai2="0,78,122,51,62,33,23,43,54,95,103,53,17" hai3="105,40,63,66,90,74,3,7,125,129,108,57,60"/><W58/><G105/><T99/><D116/><U25/><E36/><V46/><F33/><W71/><G74/><T118/><D118/><U117/><E117/><V35/><F35/><W128/><G125/><T124/><D6/><U126/><E109/><V77/><F0/><W24/><G108/><T85/><D15/><U98/><E2/><V13/><F122/><W135/><G135/><T97/><D97/><U27/><E11/><V70/><F70/><W22/><G40/><T9/><D9/><U83/><E65/><V42/><F53/><W55/><G71/><N who="0" m="42479" /><D85/><N who="1" m="50239" /><E31/><V93/><F43/><W45/><G45/><T19/><D19/><N who="1" m="8647" /><E107/><V37/><F37/><W104/><G104/><T91/><D91/><U112/><E112/><V20/><F23/><W76/><G90/><T21/><D21/><U81/><E126/><N who="0" m="48169" /><D82/><U41/><E81/><V16/><F17/><W89/><G89/><T68/><D73/><U69/><E69/><V133/><F103/><W12/><G3/><T47/><D68/><U80/><E80/><V64/><F93/><W49/><G7/><T44/><D44/><AGARI ba="0,0" hai="25,27,41,44,50,92,98,100" m="8647,50239" machi="44" ten="30,2000,0" yaku="8,1,54,1" doraHai="52" who="1" fromWho="0" sc="161,-20,335,20,298,0,206,0" owari="141,-36.0,355,45.0,298,10.0,206,-19.0" /></mjloggm>