<mjloggm ver="2.3"><GO type="185" lobby="0"/><UN n0="%E3%81%91%E3%81%9D%E3%81%BF%E3%81%9D" n1="%E6%9D%B1%E9%B3%B3" n2="%E3%83%8F%E3%83%94%E3%83%AA%E3%83%83%E3%83%88" n3="" dan="16,17,17,0" rate="2159.17,2263.04,2244.68,1500.00" sx="M,M,M,C"/><TAIKYOKU oya="0"/><INIT seed="0,0,0,5,2,89" ten="350,350,350,0" oya="0" hai0="53,110,85,115,84,117,49,61,109,102,122,76,66" hai1="121,36,37,90,128,96,79,1,46,88,55,68,64" hai2="43,98,135,103,45,127,38,93,101,134,99,60,48" hai3=""/><T78/><N who="0" m="31264" /><T57/><D117/><U40/><N who="1" m="31008" /><U124/><E1/><V0/><F0/><T74/><D115/><U87/><E124/><V95/><F127/><T65/><D102/><U86/><E128/><V107/><F107/><T42/><D42/><U91/><E36/><V72/><F72/><T81/><D66/><U75/><E96/><V80/><F80/><T73/><D73/><U100/><E100/><V71/><F38/><T126/><D126/><U39/><E39/><V131/><F131/><T70/><REACH who="0" step="1"/><D78/><REACH who="0" ten="340,350,350,0" step="2"/><U51/><E64/><AGARI ba="0,1" hai="43,45,48,60,64,71,93,95,98,99,101,103,134,135" machi="64" ten="40,5200,0" yaku="9,1,52,2" doraHai="89" who="2" fromWho="1" sc="340,0,350,-52,350,62,0,0" /><INIT seed="1,0,0,2,4,113" ten="340,298,412,0" oya="1" hai0="70,36,119,0,87,125,34,63,90,100,39,33,98" hai1="66,3,56,55,2,123,78,60,124,81,92,132,79" hai2="48,68,118,93,114,49,133,131,95,73,85,127,121" hai3=""/><U103/><N who="1" m="31520" /><U117/><E124/><V54/><N who="2" m="31008" /><V135/><F73/><T76/><D76/><U115/><E115/><V59/><F114/><T58/><D70/><U32/><E32/><V116/><F68/><T45/><D0/><U51/><E132/><N who="2" m="50763" /><F127/><T96/><D125/><U69/><E79/><V105/><F105/><T72/><D72/><U75/><REACH who="1" step="1"/><E117/><REACH who="1" ten="340,288,412,0" step="2"/><N who="2" m="45163" /><F131/><T89/><D119/><U111/><E111/><V74/><F74/><T52/><D34/><U35/><E35/><V101/><F101/><T122/><D33/><U102/><E102/><V107/><F107/><T67/><D100/><U99/><AGARI ba="0,1" hai="2,3,51,55,56,60,66,69,75,78,81,92,99,103" m="31520" machi="99" ten="30,4000,0" yaku="1,1,0,1,52,1,53,0" doraHai="113" doraHaiUra="83" who="1" fromWho="1" sc="340,-20,288,50,412,-20,0,0" /><INIT seed="1,1,0,0,2,54" ten="320,338,392,0" oya="1" hai0="68,48,119,73,118,110,97,42,74,103,37,40,113" hai1="62,38,63,64,125,108,86,91,135,116,85,89,132" hai2="67,106,90,66,56,36,88,41,49,104,32,130,79" hai3=""/><U50/><E38/><V35/><F36/><T60/><D113/><U39/><E39/><V45/><F79/><T99/><D110/><U1/><E1/><V94/><F130/><T98/><D103/><U128/><E116/><N who="0" m="44585" /><D48/><U109/><E50/><V77/><F77/><T33/><D33/><U75/><E75/><N who="0" m="28681" /><D37/><U105/><E105/><V61/><F104/><T87/><D87/><U2/><E2/><V120/><N who="2" m="30752" /><V58/><F106/><T83/><D83/><U122/><N who="1" m="31264" /><U123/><N who="1" m="31520" /><U3/><E3/><V126/><F126/><T59/><D68/><U51/><E51/><V102/><F102/><T82/><D82/><U92/><E125/><V107/><F107/><T57/><D60/><U80/><E62/><V96/><F90/><T71/><D71/><U81/><E128/><V78/><F78/><T72/><N who="0" m="28689" /><T93/><DORA hai="112" /><D93/><U95/><E63/><AGARI ba="1,0" hai="32,35,41,45,49,56,58,61,63,66,67,88,94,96" m="30752" machi="63" ten="40,8000,1" yaku="9,1,52,3,54,1" doraHai="54,112" who="2" fromWho="1" sc="320,0,338,-82,392,82,0,0" /><INIT seed="2,0,0,2,3,85" ten="320,256,474,0" oya="2" hai0="123,88,66,114,97,82,75,120,54,95,65,33,105" hai1="91,133,38,99,55,102,45,80,68,129,87,78,132" hai2="101,92,125,51,104,112,98,62,1,67,36,106,3" hai3=""/><V116/><F116/><T73/><N who="0" m="30752" /><T111/><N who="0" m="31520" /><T89/><D33/><U56/><E68/><V81/><F112/><T71/><D114/><U35/><E35/><V126/><F36/><T40/><D111/><U93/><E129/><V63/><F51/><T32/><D32/><U77/><E45/><V69/><F63/><T115/><D115/><U34/><E38/><V122/><N who="2" m="31264" /><V72/><F92/><T128/><D128/><U86/><E34/><V130/><F104/><T49/><D40/><U110/><E110/><V58/><F58/><T96/><D71/><U53/><E53/><V121/><N who="2" m="31008" /><V79/><F130/><T47/><D105/><U60/><REACH who="1" step="1"/><E78/><REACH who="1" ten="320,246,474,0" step="2"/><V0/><AGARI ba="0,1" hai="0,1,3,62,67,69,72,79,81,98,101,106,125,126" m="31008,31264" machi="0" ten="40,8000,1" yaku="0,1,23,2,52,2" doraHai="85" who="2" fromWho="2" sc="320,-40,246,-40,474,90,0,0" /><INIT seed="2,1,0,5,5,42" ten="280,206,564,0" oya="2" hai0="67,32,107,48,93,63,113,88,99,34,133,65,79" hai1="132,103,116,117,70,121,50,74,87,2,84,57,115" hai2="123,122,91,90,72,85,68,129,56,66,100,127,111" hai3=""/><V3/><N who="2" m="31264" /><V110/><N who="2" m="31520" /><V45/><F3/><T134/><D113/><U80/><N who="1" m="31008" /><U38/><E2/><V64/><F72/><T89/><D107/><U131/><E70/><V114/><F68/><T135/><D79/><U44/><E115/><V105/><F114/><T73/><D73/><U120/><N who="1" m="30752" /><U39/><E132/><V41/><F129/><T106/><D106/><U118/><E131/><V97/><F127/><T60/><D48/><U108/><E108/><N who="2" m="41515" /><F56/><T124/><D89/><N who="2" m="33802" /><F85/><N who="1" m="32841" /><E57/><V95/><F105/><T40/><D124/><U83/><E74/><V58/><F58/><T82/><D135/><U75/><E75/><V54/><F54/><T59/><D134/><U47/><E118/><V101/><F101/><T104/><D104/><U81/><E103/><V98/><F98/><T125/><D99/><U71/><E71/><V1/><F1/><T119/><D133/><U96/><E96/><V126/><F126/><T112/><D125/><U78/><E117/><V109/><N who="2" m="41523" /><V77/><DORA hai="0" /><F77/><T46/><D119/><U33/><E116/><V53/><F53/><T76/><D112/><U49/><E78/><V69/><F69/><T92/><D59/><U37/><E83/><V94/><F97/><RYUUKYOKU ba="1,0" sc="280,0,206,0,564,0,0,0" /><INIT seed="4,2,0,2,3,94" ten="280,206,564,0" oya="0" hai0="62,52,112,60,42,37,59,74,131,77,76,83,103" hai1="58,36,64,108,87,49,98,92,80,45,48,50,88" hai2="101,119,127,135,132,43,130,55,124,33,115,121,86" hai3=""/><T1/><D1/><U35/><E108/><V67/><N who="2" m="31008" /><V93/><F33/><T106/><D112/><U128/><E35/><V91/><F115/><T117/><D117/><U120/><N who="1" m="30752" /><U41/><E128/><V111/><F111/><T40/><D131/><U39/><E39/><V66/><F119/><T46/><D42/><U0/><E0/><V95/><F43/><T53/><D77/><U56/><REACH who="1" step="1"/><E64/><REACH who="1" ten="280,196,564,0" step="2"/><V82/><F66/><T78/><D78/><AGARI ba="2,1" hai="36,41,45,48,49,50,56,58,78,80,87,88,92,98" m="30752" machi="78" ten="40,12000,2" yaku="1,1,2,1,52,2,54,1,53,2" doraHai="94" doraHaiUra="54" who="1" fromWho="0" sc="280,-124,196,134,564,0,0,0" /><INIT seed="5,0,0,5,4,110" ten="156,330,564,0" oya="1" hai0="37,133,72,97,71,96,64,135,82,50,108,121,90" hai1="83,3,46,61,114,68,79,94,40,86,60,44,69" hai2="130,127,115,2,118,47,101,70,111,95,52,126,73" hai3=""/><U120/><N who="1" m="30752" /><U0/><E46/><V78/><F111/><T124/><N who="0" m="31008" /><T85/><D108/><U59/><E114/><V134/><F2/><T45/><D124/><U34/><E34/><V36/><F118/><T122/><N who="0" m="31264" /><T39/><D72/><U116/><E116/><V92/><F130/><T102/><D71/><U103/><E103/><V132/><F70/><T113/><D64/><U107/><E107/><V66/><F115/><T128/><D128/><U65/><E94/><V105/><F105/><T49/><D49/><U75/><E86/><V112/><F36/><T67/><D67/><U57/><E0/><V58/><F73/><T41/><D113/><U99/><E99/><V80/><F112/><T51/><D51/><U55/><REACH who="1" step="1"/><E3/><REACH who="1" ten="156,320,564,0" step="2"/><V35/><F35/><T62/><D97/><U81/><E81/><V89/><F126/><T43/><D62/><U100/><E100/><V93/><F127/><T119/><D119/><U32/><E32/><V131/><F131/><T106/><REACH who="0" step="1"/><D43/><REACH who="0" ten="146,320,564,0" step="2"/><U76/><E76/><V33/><F78/><T109/><D109/><U123/><N who="1" m="31520" /><U48/><AGARI ba="0,2" hai="40,44,48,55,57,59,60,61,65,68,69,75,79,83" m="31520,30752" machi="48" ten="20,12000,2" yaku="1,1,4,1,0,1,7,1,52,2,53,0" doraHai="110" doraHaiUra="91" who="1" fromWho="1" sc="146,-60,320,140,564,-60,0,0" /><INIT seed="5,1,0,1,4,102" ten="86,460,504,0" oya="1" hai0="2,36,135,109,82,42,64,87,50,71,55,131,115" hai1="89,113,70,80,49,95,61,106,58,114,81,90,44" hai2="59,74,129,33,85,65,111,63,79,94,119,127,45" hai3=""/><U86/><E70/><V37/><F111/><T77/><D87/><U122/><N who="1" m="31264" /><U35/><E35/><V104/><F33/><T117/><D82/><U40/><E106/><V132/><F119/><T68/><D77/><U93/><E114/><V69/><F104/><T130/><D55/><U43/><E43/><V38/><F129/><T103/><D50/><U76/><E113/><V121/><N who="2" m="31008" /><V116/><F116/><T88/><D88/><U56/><E56/><V67/><F132/><T53/><D53/><U1/><E1/><V100/><F127/><T128/><D103/><U120/><N who="1" m="30752" /><U3/><E3/><V125/><F74/><T73/><D64/><U83/><E83/><V66/><F125/><T60/><D60/><U54/><E76/><V91/><F69/><T97/><D97/><AGARI ba="1,0" hai="40,44,49,54,58,61,80,81,86,89,90,93,95,97" m="30752,31264" machi="97" ten="30,11600,0" yaku="7,1,8,1,52,2" doraHai="102" who="1" fromWho="0" sc="86,-118,460,118,504,0,0,0" owari="-32,-63.0,578,53.0,504,10.0,0,0.0" /></mjloggm>