<mjloggm ver="2.3"><GO type="169" lobby="0"/><UN n0="%E7%84%A1%E7%82%BA%E8%87%AA%E7%84%B6" n1="%E3%83%91%E3%83%91%E3%83%91%E3%83%91" n2="%73%68%6F%6B%6F%6C%61%32" n3="%E3%81%84%E3%81%B6%E3%81%A6%E3%81%84%32%30" dan="16,17,17,16" rate="2136.83,2173.24,2130.29,2150.92" sx="M,M,M,M"/><TAIKYOKU oya="0"/><INIT seed="0,0,0,5,5,53" ten="250,250,250,250" oya="0" hai0="76,6,35,10,40,89,112,14,75,82,80,77,78" hai1="58,41,79,51,92,45,125,97,84,111,90,63,119" hai2="65,27,16,26,31,91,99,94,64,11,117,2,48" hai3="12,66,50,7,81,47,28,130,93,55,30,116,5"/><T121/><D112/><U34/><E111/><V1/><F117/><W68/><G130/><T52/><D121/><U60/><E125/><V86/><F27/><W56/><G68/><T114/><D114/><U103/><E119/><V87/><F1/><W124/><G124/><T95/><D40/><U61/><E34/><V126/><F126/><W49/><G116/><T13/><D35/><U123/><E123/><V22/><F48/><W109/><G109/><T29/><D29/><U105/><REACH who="1" step="1"/><E79/><REACH who="1" ten="250,240,250,250" step="2"/><V59/><F2/><W134/><G134/><T43/><D75/><U104/><E104/><V3/><F3/><W85/><G93/><T33/><D33/><U36/><E36/><V108/><F108/><W70/><G70/><T88/><D80/><U131/><E131/><V8/><F31/><W57/><G28/><T21/><D82/><U37/><E37/><V73/><F73/><W128/><G30/><T96/><D43/><U127/><E127/><V100/><F87/><W0/><G0/><T110/><D110/><U23/><E23/><V133/><F133/><W18/><G128/><T106/><D106/><U38/><E38/><V118/><F118/><W101/><G85/><T135/><D135/><U115/><E115/><V107/><REACH who="2" step="1"/><F65/><AGARI ba="0,1" hai="41,45,51,58,60,61,63,65,84,90,92,97,103,105" machi="65" ten="30,3900,0" yaku="1,1,7,1,52,1,53,0" doraHai="53" doraHaiUra="20" who="1" fromWho="2" sc="250,0,240,49,250,-39,250,0" /><INIT seed="1,0,0,3,3,123" ten="250,289,211,250" oya="1" hai0="127,10,113,130,59,115,47,19,111,29,89,33,65" hai1="100,49,48,35,2,125,90,0,23,71,132,20,36" hai2="114,21,108,15,14,98,85,93,67,41,43,52,97" hai3="38,120,79,60,27,133,44,5,62,122,81,117,34"/><U112/><E112/><V3/><F3/><W92/><G117/><T13/><D127/><U118/><E118/><V64/><F114/><W131/><G133/><T51/><D130/><U77/><E36/><V4/><F85/><W101/><G131/><T103/><D103/><U9/><E35/><V80/><F80/><W69/><G69/><T126/><D126/><U25/><E71/><V32/><F32/><W53/><G5/><T109/><D89/><U72/><E125/><V26/><F4/><W11/><G11/><T68/><D59/><U31/><E100/><V88/><F98/><W75/><G34/><T110/><D65/><U105/><E105/><V83/><F83/><W50/><G27/><N who="0" m="18623" /><D68/><U94/><E132/><V18/><F67/><W1/><G1/><T121/><D121/><U102/><E102/><V55/><F64/><W129/><G129/><T28/><D28/><U61/><E77/><V107/><F107/><W63/><G38/><T87/><D87/><U24/><E72/><V56/><F55/><AGARI ba="0,0" hai="10,13,19,47,51,55,109,110,111,113,115" m="18623" machi="55" ten="30,7700,0" yaku="14,1,52,3" doraHai="123" who="0" fromWho="2" sc="250,77,289,0,211,-77,250,0" /><INIT seed="2,0,0,0,3,20" ten="327,289,134,250" oya="2" hai0="118,60,75,101,31,1,7,99,17,11,46,34,113" hai1="128,116,85,63,125,24,8,114,71,106,88,83,13" hai2="108,54,32,111,82,12,28,51,35,36,50,86,22" hai3="10,119,92,47,58,120,74,5,129,52,84,69,30"/><V72/><F36/><W39/><G74/><T16/><D113/><U76/><E114/><V62/><F72/><W79/><G119/><T59/><D118/><U109/><E116/><V23/><F62/><W127/><G120/><T66/><D75/><U4/><E109/><N who="2" m="42059" /><F51/><W77/><G69/><T126/><D126/><U131/><E125/><V41/><F41/><W57/><G57/><T90/><D90/><U49/><E106/><V56/><F12/><W9/><G47/><T123/><D123/><U33/><E49/><V42/><F42/><W105/><G39/><T37/><D46/><U87/><E63/><V130/><F130/><W95/><G129/><N who="1" m="49738" /><E71/><V67/><F67/><W73/><G105/><T102/><D37/><U117/><E117/><V132/><F132/><W70/><G70/><T135/><D135/><U121/><E121/><V112/><F112/><W44/><G44/><T6/><D60/><U15/><E15/><V19/><F28/><W81/><G30/><T2/><D31/><N who="1" m="19687" /><E87/><V100/><F100/><W61/><G127/><T91/><D101/><U104/><E104/><V133/><F133/><W27/><G73/><T25/><D102/><U110/><E110/><V97/><F35/><W48/><G61/><N who="0" m="38207" /><D34/><U64/><E64/><V134/><F32/><W65/><G65/><T3/><D3/><U38/><E38/><V124/><F134/><W0/><G0/><T98/><D1/><U45/><E45/><V53/><F124/><W94/><G48/><T96/><D2/><U78/><AGARI ba="0,0" hai="4,8,13,76,78,83,85,88" m="19687,49738" machi="78" ten="30,4000,0" yaku="19,1,52,1,54,1" doraHai="20" who="1" fromWho="1" sc="327,-10,289,40,134,-20,250,-10" /><INIT seed="3,0,0,1,5,127" ten="317,329,114,240" oya="3" hai0="43,72,41,66,38,106,74,58,9,91,86,103,14" hai1="6,23,100,64,53,109,34,101,121,85,84,35,13" hai2="5,11,124,3,39,94,73,47,81,45,87,0,119" hai3="12,56,33,102,25,120,99,112,110,80,75,46,78"/><W60/><G120/><T95/><D106/><U122/><E64/><V116/><F124/><W20/><G112/><T42/><D38/><U125/><E125/><V40/><F0/><W37/><G110/><T27/><D103/><U24/><E6/><V49/><F94/><W130/><G33/><T48/><D27/><U8/><E8/><V51/><F73/><W104/><G12/><T126/><D126/><U97/><E13/><V62/><F62/><W113/><G113/><T134/><D134/><U111/><E53/><V22/><F22/><W63/><G130/><T117/><D117/><U128/><E24/><V93/><F93/><W133/><G133/><T32/><D32/><U57/><E57/><V26/><F26/><W96/><G96/><T7/><REACH who="0" step="1"/><D48/><REACH who="0" ten="307,329,114,240" step="2"/><U50/><E50/><V82/><F39/><W44/><G37/><T16/><D16/><U90/><E100/><V70/><F119/><W83/><G63/><AGARI ba="0,1" hai="7,9,14,41,42,43,58,63,66,72,74,86,91,95" machi="63" ten="40,1300,0" yaku="1,1,53,0" doraHai="127" doraHaiUra="71" who="0" fromWho="3" sc="307,23,329,0,114,0,240,-13" /><INIT seed="4,0,0,5,0,87" ten="330,329,114,227" oya="0" hai0="103,60,57,69,89,27,130,28,78,54,2,55,63" hai1="22,48,53,11,81,132,44,4,129,45,7,88,18" hai2="104,41,134,133,52,71,1,114,123,90,50,125,59" hai3="40,47,120,86,92,77,111,73,21,58,107,68,115"/><T95/><D130/><U85/><E129/><V82/><F123/><W66/><G68/><T135/><D135/><N who="2" m="51722" /><F104/><W99/><G111/><T23/><D2/><U106/><E106/><V65/><F1/><W122/><G107/><T94/><D78/><U35/><E35/><V100/><F100/><W30/><G73/><T128/><D128/><U93/><E132/><V34/><F34/><W91/><G115/><T3/><D3/><U97/><E45/><V0/><F0/><W116/><G116/><T43/><D43/><U51/><E51/><V75/><F41/><W17/><G30/><T131/><D131/><U113/><E11/><V26/><F26/><N who="3" m="14639" /><G58/><N who="0" m="34903" /><D69/><U127/><E127/><V42/><F42/><W13/><G13/><T98/><D95/><U83/><E83/><V109/><F109/><W74/><G66/><T38/><D38/><U25/><E113/><V29/><F75/><W5/><G5/><T10/><D10/><U124/><E124/><V6/><F6/><W118/><G74/><T80/><D80/><U36/><E36/><V126/><F114/><W9/><G9/><T32/><D32/><U8/><E8/><V46/><F71/><W49/><G118/><T24/><D27/><U117/><E117/><V84/><F29/><W102/><G77/><AGARI ba="0,0" hai="4,7,18,22,25,44,48,53,77,81,85,88,93,97" machi="77" ten="30,7700,0" yaku="7,1,8,1,52,1,54,1" doraHai="87" who="1" fromWho="3" sc="330,0,329,77,114,0,227,-77" /><INIT seed="5,0,0,1,1,103" ten="330,406,114,150" oya="1" hai0="127,80,66,46,57,61,38,62,22,15,118,12,69" hai1="113,16,14,41,47,128,104,23,49,88,30,122,121" hai2="134,92,3,78,27,37,117,8,31,0,50,5,68" hai3="75,72,81,33,89,101,19,42,43,63,65,87,40"/><U96/><E113/><V25/><F117/><W115/><G115/><T77/><D127/><U116/><E116/><V100/><F37/><W91/><G33/><T112/><D112/><U7/><E128/><V94/><F68/><W79/><G101/><T114/><D118/><U97/><E97/><V39/><F39/><W32/><G32/><T35/><D35/><U120/><E30/><V126/><F78/><W74/><REACH who="3" step="1"/><G19/><REACH who="3" ten="330,406,114,140" step="2"/><T59/><D114/><U60/><E122/><V52/><F100/><W98/><G98/><T131/><D131/><U17/><E17/><V11/><F126/><W130/><G130/><T10/><D38/><U4/><E121/><V55/><F31/><W45/><G45/><T1/><D46/><U6/><E120/><V132/><F5/><W86/><G86/><T90/><D66/><U29/><E29/><V93/><F134/><W67/><G67/><T102/><D102/><U54/><E96/><V105/><F132/><W64/><G64/><T48/><D61/><U56/><E104/><V26/><F105/><W51/><G51/><T99/><D62/><U13/><REACH who="1" step="1"/><E88/><REACH who="1" ten="330,396,114,140" step="2"/><V110/><F110/><W106/><G106/><T76/><D99/><U20/><E20/><V58/><F55/><W82/><G82/><T129/><D80/><U71/><E71/><AGARI ba="0,2" hai="40,42,43,63,65,71,72,74,75,79,81,87,89,91" machi="71" ten="50,1600,0" yaku="1,1,53,0" doraHai="103" doraHaiUra="28" who="3" fromWho="1" sc="330,0,396,-16,114,0,140,36" /><INIT seed="6,0,0,5,2,123" ten="330,380,114,176" oya="2" hai0="39,45,69,66,59,23,73,42,94,109,12,58,107" hai1="31,3,25,26,118,130,98,61,93,11,96,128,88" hai2="27,116,84,24,102,132,85,20,19,131,115,70,101" hai3="103,57,0,4,67,18,91,76,74,117,56,62,121"/><V108/><F116/><W5/><G117/><T72/><D107/><U6/><E118/><V48/><F70/><W10/><G121/><T50/><D59/><U47/><E47/><V113/><F132/><W36/><G36/><T114/><D114/><N who="2" m="43530" /><F131/><N who="1" m="50217" /><E61/><V105/><F48/><W21/><G5/><T92/><D109/><U97/><E26/><V100/><F105/><W65/><G103/><T51/><D51/><U9/><E11/><V79/><F79/><W125/><G125/><T15/><D92/><U44/><E44/><V86/><F27/><W28/><G28/><T111/><D50/><U35/><AGARI ba="0,0" hai="3,6,9,25,31,35,88,93,96,97,98" m="50217" machi="35" ten="30,2000,0" yaku="19,1,54,1" doraHai="123" who="1" fromWho="1" sc="330,-5,380,20,114,-10,176,-5" /><INIT seed="7,0,0,0,5,39" ten="325,400,104,171" oya="3" hai0="47,109,27,75,56,97,42,87,125,53,101,90,10" hai1="37,86,57,28,63,45,93,121,48,113,1,44,26" hai2="130,123,79,135,29,112,65,110,103,61,20,5,102" hai3="132,34,71,62,131,122,81,11,134,72,58,69,25"/><W54/><G122/><T85/><D109/><U133/><E121/><V49/><F110/><W68/><G11/><T46/><D75/><U84/><E1/><V55/><F123/><W19/><G19/><T43/><D125/><U80/><E113/><V83/><F112/><W8/><G8/><T33/><D33/><U9/><E37/><V77/><F135/><W74/><G81/><N who="0" m="49455" /><D27/><U96/><E9/><V22/><F5/><W100/><G100/><T115/><D115/><U40/><E45/><N who="0" m="16905" /><D87/><U91/><E133/><V94/><F130/><W60/><G60/><N who="0" m="35855" /><D10/><U50/><E50/><V16/><F61/><W108/><G108/><T17/><D17/><U52/><E80/><V18/><F65/><W38/><G38/><T23/><D23/><AGARI ba="0,0" hai="23,26,28,40,44,48,52,57,63,84,86,91,93,96" machi="23" ten="30,7700,0" yaku="7,1,8,1,52,1,54,1" doraHai="39" who="1" fromWho="0" sc="325,-77,400,77,104,0,171,0" owari="248,5.0,477,58.0,104,-40.0,171,-23.0" /></mjloggm>