<mjloggm ver="2.3"><GO type="169" lobby="0"/><UN n0="%50%65%74%65%72%50%61%6E" n1="%E3%81%B8%E3%81%9D%E3%81%AA%E3%82%81%E3%81%9F%E3%81%84" n2="%E3%81%92%E3%82%93%E3%81%BE%E3%81%84" n3="%E7%89%8C%E5%8A%B9%E7%8E%87%E8%87%B3%E4%B8%8A%E4%B8%BB%E7%BE%A9" dan="16,17,16,16" rate="2097.86,2214.23,2140.37,2098.50" sx="M,M,M,M"/><TAIKYOKU oya="0"/><INIT seed="0,0,0,3,5,116" ten="250,250,250,250" oya="0" hai0="84,68,65,101,118,59,22,16,52,95,58,75,56" hai1="38,120,90,79,82,87,121,109,85,108,130,42,115" hai2="23,66,93,32,54,100,44,125,83,61,96,20,26" hai3="67,128,6,27,126,132,35,117,60,104,69,129,86"/><T34/><D34/><U134/><E38/><V88/><F125/><W18/><G117/><T39/><D75/><U80/><E42/><V49/><F32/><W2/><G86/><T78/><D118/><U37/><E37/><V114/><F114/><W36/><G36/><T33/><D33/><U8/><E115/><V91/><F83/><W62/><G62/><T0/><D0/><U124/><E8/><V127/><F127/><W71/><G71/><T1/><D1/><U24/><E24/><V15/><F15/><W31/><G126/><T51/><D39/><U9/><E9/><V50/><F50/><W76/><G18/><T133/><D133/><U123/><E124/><V5/><F5/><W48/><G48/><T110/><D110/><N who="1" m="42603" /><E130/><V70/><REACH who="2" step="1"/><F20/><REACH who="2" ten="250,250,240,250" step="2"/><W7/><G6/><T103/><D68/><U77/><E134/><V102/><F102/><N who="0" m="38922" /><D65/><U17/><E17/><AGARI ba="0,1" hai="17,23,26,44,49,54,61,66,70,88,91,93,96,100" machi="17" ten="30,7700,0" yaku="1,1,7,1,54,1,53,1" doraHai="116" doraHaiUra="46" who="2" fromWho="1" sc="250,0,250,-77,240,87,250,0" /><INIT seed="1,0,0,0,2,59" ten="250,173,327,250" oya="1" hai0="92,24,82,129,122,88,132,96,6,134,11,63,4" hai1="94,79,10,95,55,60,125,115,8,27,109,119,26" hai2="103,31,51,85,3,36,50,76,35,113,20,75,126" hai3="62,110,80,66,124,112,104,123,9,107,25,1,102"/><U39/><E39/><V58/><F35/><W100/><G123/><T105/><D105/><U33/><E115/><V40/><F75/><W7/><G112/><T99/><D129/><U133/><E119/><V28/><F3/><W32/><G110/><T45/><D122/><U57/><E133/><N who="0" m="51305" /><D45/><U70/><E125/><V117/><F117/><W121/><G121/><T49/><D49/><U130/><E130/><V18/><F113/><W73/><G102/><T21/><D82/><U38/><E38/><V13/><F36/><W37/><G124/><T61/><D99/><U47/><E70/><V14/><F126/><W135/><G37/><T77/><D77/><U93/><E109/><V72/><F72/><W74/><G80/><T54/><D54/><U46/><E79/><V12/><F103/><W17/><G107/><T30/><D4/><U116/><E116/><V90/><F76/><W16/><G135/><T127/><D127/><U106/><E106/><V118/><F118/><W0/><G0/><AGARI ba="0,0" hai="0,6,11,21,24,30,61,63,88,92,96" m="51305" machi="0" ten="30,7700,0" yaku="20,1,52,2,54,1" doraHai="59" who="0" fromWho="3" sc="250,77,173,0,327,0,250,-77" /><INIT seed="2,0,0,2,5,19" ten="327,173,327,173" oya="2" hai0="71,60,97,124,121,111,11,68,25,48,85,9,58" hai1="115,108,109,79,73,103,101,134,52,96,49,125,87" hai2="90,126,112,128,132,117,56,77,31,100,45,127,74" hai3="113,105,92,24,98,64,21,102,12,50,99,66,36"/><V7/><F112/><W131/><G36/><T10/><D121/><U54/><E115/><V30/><F117/><W78/><G131/><T18/><D111/><N who="1" m="42571" /><E125/><N who="2" m="47627" /><F100/><N who="1" m="38473" /><E134/><V114/><F114/><W116/><G116/><T123/><D123/><U46/><E96/><V0/><F56/><W91/><G113/><T81/><D48/><U129/><E73/><V44/><F90/><W32/><G78/><T20/><D97/><U69/><E69/><V133/><F128/><W16/><REACH who="3" step="1"/><G50/><REACH who="3" ten="327,173,327,163" step="2"/><T14/><D124/><U40/><E129/><V26/><F77/><W65/><G65/><T39/><D39/><U38/><E38/><V37/><F37/><W42/><G42/><T15/><D71/><U35/><E35/><V118/><F118/><W28/><AGARI ba="0,1" hai="12,16,21,24,28,32,64,66,91,92,98,99,102,105" machi="28" ten="30,8000,1" yaku="1,1,0,1,52,1,54,1,53,1" doraHai="19" doraHaiUra="17" who="3" fromWho="3" sc="327,-20,173,-20,327,-40,163,90" /><INIT seed="3,0,0,5,0,20" ten="307,153,287,253" oya="3" hai0="79,75,109,15,120,11,32,90,69,76,10,19,118" hai1="102,57,21,68,59,82,111,33,0,42,94,77,53" hai2="54,128,98,73,37,17,26,112,64,126,66,110,117" hai3="78,50,14,46,49,84,97,16,35,105,61,36,1"/><W83/><G35/><T131/><D118/><U108/><E68/><V122/><F117/><W34/><G34/><T93/><D120/><U87/><E33/><V114/><F73/><W27/><G1/><T7/><D109/><N who="1" m="42059" /><E0/><V29/><F122/><W5/><G36/><T71/><D131/><U12/><E42/><V107/><F128/><W41/><G61/><T39/><D39/><U65/><E65/><V129/><F129/><W31/><G5/><T72/><D32/><U9/><E21/><V25/><F110/><W28/><G49/><T62/><D72/><U95/><E102/><V96/><F37/><W85/><G85/><T18/><D18/><N who="1" m="8463" /><E59/><V124/><F66/><W8/><REACH who="3" step="1"/><G27/><REACH who="3" ten="307,153,287,243" step="2"/><T106/><D75/><U56/><E56/><V135/><F26/><W104/><G104/><T63/><D106/><U115/><E115/><V119/><F25/><W58/><G58/><T13/><D69/><U52/><E53/><V6/><F114/><W67/><G67/><T132/><D71/><U40/><E40/><V48/><F64/><W99/><G99/><N who="0" m="57783" /><D132/><U101/><E101/><AGARI ba="0,1" hai="8,14,16,28,31,41,46,50,78,83,84,97,101,105" machi="101" ten="40,7700,0" yaku="1,1,54,1,53,1" doraHai="20" doraHaiUra="45" who="3" fromWho="1" sc="307,0,153,-77,287,0,243,87" /><INIT seed="3,1,0,3,5,65" ten="307,76,287,330" oya="3" hai0="70,10,30,38,56,87,68,102,59,129,109,5,124" hai1="22,8,80,78,21,20,112,13,101,99,3,36,119" hai2="73,28,95,66,1,46,127,51,69,103,52,131,98" hai3="100,85,45,19,50,128,86,6,135,63,60,75,55"/><W26/><G75/><T16/><D38/><U89/><E112/><V34/><F73/><W43/><G135/><T108/><D129/><U71/><E119/><V118/><F118/><W0/><G128/><T121/><D121/><U114/><E114/><V33/><F131/><W41/><G100/><T105/><D30/><U93/><E36/><V113/><F113/><W134/><G134/><T115/><D115/><U132/><E132/><V25/><F127/><W106/><G106/><T14/><D124/><U96/><E3/><V48/><F1/><W90/><G86/><T40/><D40/><U58/><E58/><N who="0" m="22057" /><D87/><U7/><E71/><V29/><F51/><W64/><G63/><T49/><D49/><U79/><REACH who="1" step="1"/><E80/><REACH who="1" ten="307,66,287,330" step="2"/><V126/><F126/><W42/><G0/><T76/><D76/><U11/><E11/><V39/><F39/><W94/><G6/><T44/><D5/><U32/><E32/><V24/><F66/><W97/><G64/><T61/><D61/><U9/><E9/><V117/><F117/><W133/><G60/><T67/><D67/><U123/><E123/><V77/><F77/><W83/><G133/><T120/><D120/><U57/><E57/><V130/><F130/><W72/><G50/><T74/><D44/><U37/><E37/><V4/><F4/><W54/><G45/><T17/><D17/><U18/><E18/><V84/><F69/><W111/><G19/><T2/><D2/><U12/><E12/><V88/><F33/><W47/><G47/><T23/><D10/><U125/><E125/><V107/><F34/><W122/><G122/><RYUUKYOKU ba="1,1" sc="307,-15,66,15,287,15,330,-15" hai1="7,8,13,20,21,22,78,79,89,93,96,99,101" hai2="24,25,28,29,46,48,52,84,88,95,98,103,107" /><INIT seed="4,2,1,1,4,2" ten="292,81,302,315" oya="0" hai0="12,50,36,71,18,30,39,83,74,131,122,129,72" hai1="55,123,135,124,68,3,108,105,70,107,110,96,102" hai2="115,10,60,109,8,127,29,24,66,31,78,69,114" hai3="23,0,85,7,28,99,98,86,128,51,40,106,120"/><T76/><D122/><U94/><E123/><V118/><F109/><W93/><G106/><T64/><D74/><U9/><E124/><V117/><F78/><W34/><G34/><T116/><D116/><N who="2" m="44650" /><F127/><W73/><G73/><T92/><D30/><N who="2" m="11274" /><F24/><W45/><G99/><T14/><D14/><U130/><E135/><V22/><F22/><W90/><G128/><N who="0" m="49227" /><D50/><U61/><E130/><V58/><F69/><W103/><G120/><T44/><D44/><U104/><E68/><V46/><F46/><W47/><G45/><T119/><D92/><U62/><E62/><V49/><F49/><W80/><G86/><T32/><D32/><U100/><E108/><V121/><F121/><W132/><G132/><T81/><D81/><U89/><E110/><V59/><F59/><W1/><G1/><T38/><D119/><U125/><E125/><V77/><F77/><W20/><G28/><T35/><D35/><U33/><E33/><V87/><F87/><W25/><G25/><T112/><D112/><AGARI ba="2,1" hai="8,10,58,60,66,112,114,115" m="11274,44650" machi="112" ten="30,2000,0" yaku="15,1,12,1" doraHai="2" who="2" fromWho="0" sc="292,-26,81,0,302,36,315,0" /><INIT seed="5,0,0,2,4,45" ten="266,81,338,315" oya="1" hai0="16,122,124,3,101,53,10,0,87,15,20,13,96" hai1="1,47,129,114,32,79,19,103,69,86,77,6,110" hai2="12,105,71,88,115,58,127,5,113,28,37,29,61" hai3="46,33,51,85,2,131,123,134,104,66,67,44,89"/><U55/><E69/><V133/><F37/><W81/><G33/><T95/><D124/><U9/><E114/><N who="2" m="43531" /><F71/><W76/><G2/><T109/><D109/><U73/><E73/><V74/><F105/><W54/><G123/><T62/><D122/><U93/><E32/><V91/><F74/><W27/><G104/><T18/><REACH who="0" step="1"/><D87/><REACH who="0" ten="256,81,338,315" step="2"/><U22/><E110/><V50/><F127/><W52/><G131/><T41/><D41/><U56/><E129/><V72/><F72/><W94/><G134/><T68/><D68/><U80/><E47/><V100/><F133/><W98/><G27/><T63/><D63/><U21/><E79/><V39/><F61/><W38/><G38/><T70/><D70/><U90/><E103/><V132/><F100/><W121/><G121/><T128/><D128/><U130/><E130/><V59/><F39/><W116/><G116/><T83/><D83/><U14/><E77/><V23/><F132/><W106/><G106/><T102/><D102/><U48/><REACH who="1" step="1"/><E80/><REACH who="1" ten="256,71,338,315" step="2"/><V43/><F91/><W92/><G94/><T119/><D119/><U118/><E118/><V64/><F88/><W35/><G35/><T8/><D8/><AGARI ba="0,2" hai="1,6,8,9,14,19,21,22,48,55,56,86,90,93" machi="8" ten="30,5800,0" yaku="1,1,7,1,52,1,53,0" doraHai="45" doraHaiUra="26" who="1" fromWho="0" sc="256,-58,71,78,338,0,315,0" /><INIT seed="5,1,0,0,3,134" ten="198,149,338,315" oya="1" hai0="22,52,45,79,42,27,9,96,110,111,93,86,114" hai1="4,50,87,121,129,47,48,81,69,15,126,46,103" hai2="0,25,108,71,113,102,84,92,55,128,73,132,76" hai3="60,122,120,28,97,104,95,20,77,66,40,33,7"/><U70/><E121/><V80/><F0/><W10/><G77/><T18/><D114/><U65/><E103/><V37/><F37/><W29/><G40/><T109/><D9/><U125/><E129/><V78/><F71/><W19/><G104/><T17/><D17/><U51/><E4/><V44/><F108/><W56/><G33/><T68/><D68/><N who="1" m="26219" /><E15/><V14/><F132/><W105/><G105/><T133/><D133/><U106/><E106/><V117/><F117/><W116/><G116/><T130/><D130/><U107/><E107/><V94/><F25/><W99/><G99/><T53/><D86/><U74/><E74/><V58/><F14/><N who="3" m="5471" /><G122/><T90/><REACH who="0" step="1"/><D79/><REACH who="0" ten="188,149,338,315" step="2"/><N who="1" m="46527" /><E65/><V26/><F78/><W41/><G120/><T6/><D6/><U34/><E34/><V127/><F84/><W61/><G19/><T63/><D63/><U98/><E98/><V112/><F128/><W49/><G60/><T12/><D12/><U135/><E135/><V30/><F113/><W115/><G115/><T36/><AGARI ba="1,1" hai="18,22,27,36,42,45,52,53,90,93,96,109,110,111" machi="36" ten="30,4000,0" yaku="1,1,0,1,54,1,53,0" doraHai="134" doraHaiUra="118" who="0" fromWho="0" sc="188,53,149,-21,338,-11,315,-11" /><INIT seed="6,0,0,3,3,92" ten="241,128,327,304" oya="2" hai0="98,103,17,58,107,105,22,65,132,23,24,55,96" hai1="127,108,63,90,34,60,44,6,86,2,62,53,8" hai2="81,123,115,28,134,76,20,36,95,91,121,19,68" hai3="135,66,83,82,111,129,94,39,88,27,4,3,43"/><V89/><F68/><W110/><G66/><T30/><D132/><U101/><E108/><V64/><F36/><W49/><G39/><T11/><D11/><U47/><E127/><V74/><F134/><W126/><G135/><T12/><D65/><U31/><E34/><V72/><F28/><W104/><G27/><T45/><D45/><U0/><E31/><V77/><F115/><W29/><G29/><T37/><D37/><U112/><E112/><V50/><F64/><W97/><G4/><T33/><D33/><U7/><E101/><V133/><F133/><W21/><G21/><T84/><D84/><U42/><E53/><V26/><F50/><W128/><G3/><T46/><D46/><U87/><E42/><V119/><F119/><W125/><G104/><T71/><D71/><U5/><E8/><V9/><F9/><W130/><G49/><T67/><D67/><U113/><E113/><V14/><F26/><W59/><G59/><T106/><REACH who="0" step="1"/><D103/><REACH who="0" ten="231,128,327,304" step="2"/><U80/><REACH who="1" step="1"/><E86/><REACH who="1" ten="231,118,327,304" step="2"/><V100/><F100/><W16/><G43/><T124/><D124/><U52/><E52/><V48/><F74/><W116/><G126/><T38/><D38/><U15/><E15/><V51/><F72/><W61/><G125/><T120/><D120/><U25/><E25/><V70/><F14/><W10/><G10/><T109/><D109/><U93/><E93/><V73/><F95/><W122/><G122/><T56/><D56/><U75/><E75/><V102/><F123/><W57/><G111/><T32/><D32/><U1/><AGARI ba="0,2" hai="0,1,2,5,6,7,44,47,60,62,63,80,87,90" machi="1" ten="40,8000,1" yaku="1,1,0,1,29,2,53,1" doraHai="92" doraHaiUra="85" who="1" fromWho="1" sc="231,-20,118,100,327,-40,304,-20" /><INIT seed="7,0,0,4,1,105" ten="211,218,287,284" oya="3" hai0="72,118,3,83,62,64,42,75,117,109,98,122,85" hai1="25,73,38,132,18,68,44,84,91,89,56,77,14" hai2="67,15,78,47,71,134,22,59,7,63,33,2,74" hai3="107,21,55,113,27,24,99,119,37,5,100,49,16"/><W43/><G113/><T4/><D122/><U86/><E68/><V115/><F115/><W106/><G119/><T123/><D123/><U70/><E70/><V102/><F33/><W128/><G128/><T116/><D109/><U9/><E132/><V108/><F108/><W120/><G120/><T19/><D42/><U8/><E38/><V61/><F134/><W10/><G37/><T126/><D126/><U41/><E56/><V81/><F102/><W76/><G76/><T112/><D112/><U69/><E69/><V40/><F22/><W110/><G43/><T130/><D130/><U39/><E25/><V31/><F15/><W20/><G107/><T88/><D19/><U51/><E39/><N who="2" m="21919" /><F31/><W29/><G110/><T6/><D98/><U79/><E9/><N who="2" m="2295" /><F63/><W28/><G16/><T17/><D17/><U66/><E66/><V26/><F71/><W45/><G10/><T111/><D111/><U65/><E65/><V1/><F26/><W57/><G5/><T127/><D127/><U53/><E41/><V48/><F48/><W135/><G135/><T121/><D121/><U131/><E131/><V87/><F87/><N who="1" m="33321" /><E73/><N who="0" m="28233" /><D3/><AGARI ba="0,0" hai="1,3,59,61,67,74,78,81" m="2295,21919" machi="3" ten="30,2000,0" yaku="25,1,52,1" doraHai="105" who="2" fromWho="0" sc="211,-20,218,0,287,20,284,0" owari="191,-31.0,218,-18.0,307,41.0,284,8.0" /></mjloggm>