<mjloggm ver="2.3"><GO type="169" lobby="0"/><UN n0="%6D%61%74%74%75%61%6E" n1="%E3%82%AA%E3%83%AD%E3%83%8E%E3%81%A1%E3%82%83%E3%82%93" n2="%E5%A4%8F%E3%81%AA%E3%81%AE%E3%81%AB" n3="%E3%82%B9%E3%82%AB%E3%83%9D%E3%83%B3" dan="16,16,16,16" rate="2181.59,2038.84,2122.30,2120.18" sx="M,F,M,M"/><TAIKYOKU oya="0"/><INIT seed="0,0,0,1,3,114" ten="250,250,250,250" oya="0" hai0="30,55,32,132,26,120,5,79,82,96,61,11,51" hai1="113,21,115,102,86,98,36,65,62,117,126,100,63" hai2="80,59,42,0,129,76,60,90,94,13,97,116,68" hai3="135,48,131,28,130,73,19,29,84,50,15,58,24"/><T14/><D132/><U105/><E36/><V111/><F0/><W43/><G73/><T38/><D38/><U45/><E126/><V109/><F68/><W64/><G135/><T37/><D37/><U124/><E124/><V25/><F42/><W110/><G110/><T53/><D120/><U56/><E102/><V119/><F13/><W49/><G84/><T1/><D61/><U112/><E45/><V91/><F25/><W89/><G89/><T121/><D121/><U20/><E117/><N who="2" m="45131" /><F90/><W10/><G24/><T123/><D123/><U83/><REACH who="1" step="1"/><E63/><REACH who="1" ten="250,240,250,250" step="2"/><V118/><F118/><W78/><G43/><T106/><D106/><U69/><E69/><V122/><F122/><W27/><G50/><T103/><D103/><U134/><E134/><V107/><F107/><W88/><G49/><T67/><D51/><U17/><E17/><V125/><F125/><W8/><G48/><T7/><D7/><U71/><E71/><V12/><F129/><W72/><G131/><T133/><D133/><U75/><E75/><N who="2" m="43039" /><F12/><W85/><G15/><T47/><D1/><U81/><E81/><V34/><F34/><W101/><G130/><T40/><D82/><U57/><E57/><V99/><F99/><W39/><G58/><T127/><D96/><U16/><E16/><V46/><F46/><W33/><G19/><T31/><D127/><U87/><E87/><V6/><F6/><W92/><G85/><T22/><D32/><U74/><E74/><V77/><F77/><AGARI ba="0,1" hai="20,21,56,62,65,77,83,86,98,100,105,112,113,115" machi="77" ten="40,5200,0" yaku="1,1,11,1,53,1" doraHai="114" doraHaiUra="95" who="1" fromWho="2" sc="250,0,240,62,250,-52,250,0" /><INIT seed="1,0,0,2,0,17" ten="250,302,198,250" oya="1" hai0="133,70,2,90,21,104,54,117,73,100,18,105,122" hai1="4,43,132,101,80,3,58,8,55,97,76,124,59" hai2="119,120,94,116,10,72,53,28,91,30,61,40,92" hai3="66,13,19,85,110,57,42,37,129,135,49,32,24"/><U134/><E124/><V39/><F120/><W113/><G110/><T86/><D117/><U29/><E29/><V77/><F94/><W47/><G135/><N who="1" m="51754" /><E55/><V126/><F126/><W5/><G129/><T89/><D73/><N who="1" m="43023" /><E43/><V128/><F128/><W69/><G113/><T25/><D122/><U36/><E36/><V123/><F123/><W88/><G37/><T0/><D70/><U71/><E71/><V75/><F30/><W26/><G69/><T20/><D0/><U96/><E96/><V65/><F53/><W7/><G32/><T62/><D2/><U98/><E98/><V125/><F125/><W45/><G45/><T83/><D133/><U74/><E74/><V56/><F72/><W78/><G57/><T67/><D67/><U115/><E115/><V130/><F130/><W6/><G78/><T63/><D54/><U68/><E68/><V112/><F112/><W64/><G64/><T127/><D127/><U35/><E35/><V1/><F40/><W48/><G48/><T87/><D63/><U34/><E34/><V131/><F39/><W16/><G66/><T103/><D62/><U44/><E44/><V52/><F65/><W107/><G107/><AGARI ba="0,0" hai="3,4,8,58,59,97,101,107" m="43023,51754" machi="107" ten="30,1500,0" yaku="20,1" doraHai="17" who="1" fromWho="3" sc="250,0,302,15,198,0,250,-15" /><INIT seed="1,1,0,4,5,73" ten="250,317,198,235" oya="1" hai0="27,95,67,81,92,93,51,12,78,64,23,44,9" hai1="129,56,124,118,83,55,39,19,85,52,99,75,60" hai2="107,47,33,34,11,15,40,45,127,29,31,4,133" hai3="68,59,119,106,70,28,89,53,7,65,108,16,22"/><U125/><E118/><V24/><F107/><W105/><G108/><T96/><D96/><U5/><E39/><V116/><F116/><W54/><G119/><T3/><D3/><U41/><E41/><V111/><F111/><W132/><G132/><T36/><D36/><U63/><E5/><V46/><F133/><W43/><G28/><T74/><D27/><U117/><E117/><V82/><F127/><N who="1" m="48713" /><E75/><V58/><F58/><W104/><G7/><T48/><D23/><U38/><E38/><V20/><F40/><W88/><G43/><T37/><D37/><U66/><E99/><V114/><F114/><W10/><G10/><T72/><D74/><U110/><E110/><V1/><F31/><W35/><G35/><T94/><N who="0" m="23552" /><DORA hai="49" /><T128/><D128/><U8/><E63/><V103/><F103/><W21/><G21/><T6/><REACH who="0" step="1"/><D51/><REACH who="0" ten="240,317,198,235" step="2"/><U30/><E129/><V98/><F98/><W121/><G106/><T0/><D0/><U100/><E100/><V69/><F1/><W80/><G105/><T134/><D134/><U26/><E8/><V87/><REACH who="2" step="1"/><F69/><REACH who="2" ten="240,317,188,235" step="2"/><W57/><G70/><T62/><D62/><U13/><E30/><V14/><F14/><W18/><G104/><T2/><D2/><U61/><E61/><V113/><F113/><W97/><G97/><T42/><AGARI ba="1,2" hai="6,9,12,42,44,48,64,67,72,78,81" m="23552" machi="42" ten="40,5200,0" yaku="1,1,0,1,52,1,53,0" doraHai="73,49" doraHaiUra="50,25" who="0" fromWho="0" sc="240,75,317,-27,188,-14,235,-14" /><INIT seed="2,0,0,2,4,7" ten="315,290,174,221" oya="2" hai0="24,29,31,59,128,42,71,13,93,50,70,22,66" hai1="112,39,88,68,130,126,90,121,51,62,74,85,3" hai2="5,124,52,98,60,117,104,78,94,131,81,111,30" hai3="129,69,38,26,115,8,73,103,82,41,1,86,57"/><V118/><F104/><W109/><G109/><T127/><D128/><U27/><E112/><V36/><F36/><W75/><G129/><T54/><D127/><U47/><E74/><V110/><F131/><W113/><G69/><T122/><D122/><U120/><E130/><V135/><F124/><W65/><G103/><T34/><D66/><N who="1" m="41047" /><E39/><V14/><F30/><W101/><G101/><T77/><D42/><N who="1" m="25079" /><E27/><V0/><F0/><W56/><G26/><T55/><D54/><U105/><E105/><V76/><F118/><W44/><G75/><T102/><D77/><U132/><E132/><V83/><F135/><W15/><G1/><T9/><D70/><U64/><E64/><V92/><F117/><W46/><G73/><T67/><D67/><U125/><E85/><V21/><F76/><W10/><G15/><T99/><D71/><U123/><E3/><V12/><F12/><W23/><G23/><T108/><D34/><U72/><E72/><V11/><F21/><W119/><G46/><T43/><D43/><U28/><E28/><V100/><F94/><W33/><G33/><T134/><D31/><U96/><E90/><V45/><F78/><N who="3" m="46423" /><G65/><T87/><D134/><U2/><E2/><V107/><F107/><W95/><G95/><AGARI ba="0,0" hai="88,95,96,120,121,123,125,126" m="25079,41047" machi="95" ten="40,2600,0" yaku="13,1,54,1" doraHai="7" who="1" fromWho="3" sc="315,0,290,26,174,0,221,-26" /><INIT seed="3,0,0,0,4,21" ten="315,316,174,195" oya="3" hai0="42,40,57,101,41,104,103,121,44,98,25,92,62" hai1="106,7,75,126,79,28,119,113,83,135,39,110,23" hai2="65,13,60,125,43,97,63,123,52,66,5,132,73" hai3="96,107,84,37,3,67,118,22,16,90,59,17,71"/><W95/><G118/><T86/><D121/><U77/><E113/><V35/><F73/><W45/><G71/><T38/><D103/><U117/><E39/><V2/><F2/><W50/><G3/><T34/><D104/><U26/><E110/><V91/><F123/><W27/><G37/><T116/><D116/><N who="1" m="44619" /><E126/><V74/><F74/><W94/><G107/><T47/><D47/><U61/><E106/><V8/><F43/><W85/><G17/><T102/><D86/><U112/><E135/><V11/><F132/><W130/><G130/><T20/><D34/><U78/><E7/><V68/><F35/><W80/><G95/><T15/><D15/><U72/><E112/><V111/><F11/><W55/><G80/><T87/><D87/><N who="3" m="33353" /><G67/><T12/><D12/><U81/><E79/><V29/><F29/><W58/><AGARI ba="0,0" hai="16,22,27,45,50,55,58,59,90,94,96" m="33353" machi="58" ten="30,6000,0" yaku="8,1,52,1,54,1" doraHai="21" who="3" fromWho="3" sc="315,-20,316,-20,174,-20,195,60" /><INIT seed="3,1,0,0,2,70" ten="295,296,154,255" oya="3" hai0="15,94,95,3,97,69,118,115,124,23,127,0,56" hai1="113,110,8,133,28,43,40,18,38,75,10,53,105" hai2="63,62,89,81,90,80,117,74,36,114,50,101,73" hai3="104,102,39,61,79,37,6,96,47,119,88,130,135"/><W57/><G119/><T111/><D118/><U54/><E113/><V12/><F117/><W125/><G79/><T129/><D69/><U91/><E105/><V85/><F101/><W60/><G135/><T59/><D115/><U93/><E75/><V92/><F114/><W112/><G112/><T65/><D129/><U68/><E68/><V5/><F50/><W13/><G47/><T71/><D71/><U26/><E110/><V7/><F12/><W76/><G76/><T86/><D86/><U29/><E18/><V41/><F41/><W44/><G44/><T52/><D59/><U134/><E26/><V45/><F45/><W33/><G33/><T106/><D95/><U107/><E93/><V116/><F116/><W58/><G125/><N who="0" m="48203" /><D65/><U121/><E107/><V131/><F92/><W123/><G123/><T21/><D106/><U99/><E99/><V32/><F85/><W9/><G88/><N who="0" m="55495" /><D111/><U1/><E91/><V20/><F131/><W64/><G130/><T34/><D15/><U19/><E121/><V48/><F48/><W22/><G22/><N who="0" m="8203" /><D34/><U35/><E35/><V30/><F20/><W4/><G4/><T27/><D27/><U120/><E120/><V49/><F49/><AGARI ba="1,0" hai="0,3,49,52,56" m="8203,55495,48203" machi="49" ten="30,3900,0" yaku="18,1,54,2" doraHai="70" who="0" fromWho="2" sc="295,42,296,0,154,-42,255,0" /><INIT seed="4,0,0,3,2,4" ten="337,296,112,255" oya="0" hai0="35,127,21,17,117,58,96,98,109,13,11,62,70" hai1="71,83,73,106,64,46,81,19,60,68,34,59,94" hai2="78,12,16,129,22,0,30,89,95,14,45,66,28" hai3="121,65,41,40,20,86,69,57,43,114,91,105,25"/><T126/><D117/><U133/><E106/><V74/><F0/><W116/><G105/><T63/><D35/><U77/><E34/><V56/><F129/><W26/><G69/><T108/><D70/><U79/><E133/><V120/><F120/><W135/><G114/><T125/><D21/><U92/><E46/><V82/><F45/><W131/><G135/><T99/><REACH who="0" step="1"/><D58/><REACH who="0" ten="327,296,112,255" step="2"/><U123/><E68/><V130/><F130/><W97/><G57/><T93/><D93/><U31/><E123/><V75/><F56/><W112/><G20/><T9/><D9/><U111/><E71/><V90/><F95/><W49/><G116/><T44/><D44/><U23/><E31/><V84/><F28/><W51/><G131/><T33/><D33/><U107/><E107/><V3/><F30/><W15/><G121/><T2/><D2/><U103/><E94/><V39/><F3/><W54/><G112/><T132/><D132/><U8/><E8/><V134/><F134/><W50/><G43/><T119/><D119/><U72/><E92/><V53/><F22/><W104/><G41/><T80/><D80/><U102/><E111/><AGARI ba="0,1" hai="11,13,17,62,63,96,98,99,108,109,111,125,126,127" machi="111" ten="50,12000,1" yaku="1,1,10,1,18,1,52,1,53,0" doraHai="4" doraHaiUra="47" who="0" fromWho="1" sc="327,130,296,-120,112,0,255,0" /><INIT seed="4,1,0,3,5,131" ten="457,176,112,255" oya="0" hai0="61,54,128,87,8,5,16,100,68,72,91,116,67" hai1="125,132,86,102,83,115,26,107,69,88,53,51,73" hai2="77,40,127,117,108,58,104,85,121,105,60,0,42" hai3="15,71,109,27,90,78,39,119,22,120,126,57,52"/><T20/><D128/><U94/><E125/><V48/><F0/><W80/><G109/><T12/><D116/><U14/><E69/><V1/><F1/><W11/><G126/><T98/><D72/><U38/><E38/><V55/><F127/><W25/><G71/><T74/><D74/><U21/><E132/><V75/><F108/><W65/><G65/><T92/><D54/><U37/><E37/><V7/><F75/><W118/><G39/><T6/><REACH who="0" step="1"/><D8/><REACH who="0" ten="447,176,112,255" step="2"/><U97/><E73/><V4/><F117/><W59/><G52/><T64/><D64/><U47/><E115/><V32/><F55/><W24/><G11/><T33/><D33/><U82/><REACH who="1" step="1"/><E14/><REACH who="1" ten="447,166,112,255" step="2"/><V124/><F124/><W81/><G15/><T133/><D133/><U66/><E66/><V41/><F121/><W31/><G120/><T29/><D29/><AGARI ba="1,2" hai="21,26,29,47,51,53,82,83,86,88,94,97,102,107" machi="29" ten="30,3900,0" yaku="1,1,7,1,54,1,53,0" doraHai="131" doraHaiUra="111" who="1" fromWho="0" sc="447,-42,166,62,112,0,255,0" /><INIT seed="5,0,0,0,4,17" ten="405,228,112,255" oya="1" hai0="99,112,27,92,55,130,46,65,4,86,79,40,101" hai1="96,28,22,93,5,73,108,8,10,2,84,124,53" hai2="103,90,125,34,25,113,106,70,94,43,59,52,75" hai3="3,102,81,117,72,32,95,44,68,116,123,36,91"/><U120/><E73/><V26/><F75/><W118/><G123/><T38/><D130/><U129/><E120/><V122/><F70/><W62/><G32/><T114/><D65/><U107/><E124/><V15/><F122/><W41/><G3/><T29/><D4/><U58/><E129/><V88/><F34/><W97/><G62/><T132/><D132/><U45/><E107/><V111/><F111/><W121/><G68/><T80/><REACH who="0" step="1"/><D55/><REACH who="0" ten="395,228,112,255" step="2"/><U48/><E53/><V128/><F128/><W74/><G121/><T18/><D18/><U14/><E5/><V49/><F125/><W21/><G118/><T69/><D69/><U76/><E108/><V39/><F113/><W16/><G117/><T24/><D24/><U30/><E2/><V98/><F26/><W77/><G116/><T82/><D82/><U89/><E14/><V37/><F25/><W0/><G0/><T6/><D6/><U119/><E119/><V12/><F12/><W35/><G16/><T56/><D56/><U105/><E58/><V11/><F43/><W109/><G81/><T100/><D100/><U9/><E28/><V131/><F131/><W42/><G102/><T115/><D115/><U83/><E30/><V33/><F33/><AGARI ba="0,1" hai="27,29,33,38,40,46,79,80,86,92,99,101,112,114" machi="33" ten="40,1300,0" yaku="1,1,53,0" doraHai="17" doraHaiUra="67" who="0" fromWho="2" sc="395,23,228,0,112,-13,255,0" /><INIT seed="6,0,0,3,5,75" ten="418,228,99,255" oya="2" hai0="121,90,28,23,111,114,113,128,43,32,95,14,34" hai1="135,100,19,79,57,92,50,106,8,59,81,115,62" hai2="97,71,6,35,45,27,52,24,44,7,36,17,133" hai3="107,72,70,10,80,89,131,63,87,104,49,102,130"/><V4/><F71/><W31/><G49/><T88/><D111/><U109/><E109/><V85/><F133/><W127/><G127/><T126/><D121/><U25/><E106/><V39/><F97/><W117/><G117/><T119/><D119/><U38/><E38/><V112/><F112/><N who="0" m="43114" /><D128/><U129/><E135/><V22/><F85/><W54/><G10/><T110/><D90/><U58/><E129/><V12/><F44/><W96/><G72/><T41/><D126/><U42/><E62/><V11/><F35/><N who="0" m="13354" /><D28/><U33/><E33/><V108/><F108/><W56/><G31/><T94/><D94/><U91/><E100/><V18/><REACH who="2" step="1"/><F27/><REACH who="2" ten="418,228,89,255" step="2"/><W116/><G116/><T76/><D110/><U101/><E115/><V99/><F99/><W124/><G124/><T65/><D43/><U98/><E25/><V16/><F16/><W2/><G70/><T122/><D41/><U13/><E42/><V125/><F125/><W105/><G131/><T9/><D122/><U78/><E50/><AGARI ba="0,1" hai="4,6,7,11,12,17,18,22,24,36,39,45,50,52" machi="50" ten="40,12000,1" yaku="1,1,54,1,53,3" doraHai="75" doraHaiUra="3" who="2" fromWho="1" sc="418,0,228,-120,89,130,255,0" /><INIT seed="6,1,0,2,3,10" ten="418,108,219,255" oya="2" hai0="40,57,125,89,106,90,92,77,109,86,32,131,21" hai1="87,83,3,23,12,127,26,121,25,95,100,117,0" hai2="135,81,58,93,45,35,24,22,65,52,72,61,64" hai3="34,8,101,48,59,74,88,4,107,115,124,14,37"/><V39/><F35/><W96/><G37/><T44/><D109/><U28/><E117/><V20/><F135/><W66/><G34/><T119/><D32/><U126/><E121/><V73/><F22/><W80/><G124/><T46/><D131/><U69/><E69/><V7/><F7/><W11/><G115/><T49/><D106/><U56/><E56/><V99/><F73/><W51/><G74/><T16/><D125/><U84/><E95/><V104/><F104/><W82/><G82/><T108/><D108/><U94/><E94/><V43/><F81/><W36/><G36/><T17/><D17/><U15/><E23/><V91/><F72/><W118/><G118/><T13/><D77/><U116/><E83/><V53/><F53/><W122/><G122/><T29/><D29/><AGARI ba="1,0" hai="20,24,29,39,43,45,52,58,61,64,65,91,93,99" machi="29" ten="30,2900,0" yaku="7,1,54,1" doraHai="10" who="2" fromWho="0" sc="418,-32,108,0,219,32,255,0" /><INIT seed="6,2,0,3,1,95" ten="386,108,251,255" oya="2" hai0="120,118,44,110,53,79,23,133,54,78,98,69,32" hai1="1,101,92,74,119,19,91,14,29,18,96,85,7" hai2="2,48,33,3,97,107,132,68,42,63,72,94,76" hai3="49,115,10,47,82,5,62,13,36,129,122,71,111"/><V83/><F107/><W17/><G111/><T25/><D110/><U9/><E119/><V73/><F73/><W127/><G122/><T67/><D120/><U134/><E134/><V46/><F33/><W89/><G129/><T102/><D133/><U90/><E74/><V128/><F128/><W66/><G127/><T77/><D44/><U55/><E29/><V51/><F51/><W99/><G115/><T34/><D118/><U11/><E91/><V28/><F28/><W45/><G36/><T15/><D15/><U106/><REACH who="1" step="1"/><E55/><REACH who="1" ten="386,98,251,255" step="2"/><V109/><F132/><W21/><G89/><T30/><D54/><U6/><AGARI ba="2,1" hai="1,6,7,9,11,14,18,19,85,90,92,96,101,106" machi="6" ten="20,12000,2" yaku="1,1,2,1,0,1,7,1,52,1,53,2" doraHai="95" doraHaiUra="12" who="1" fromWho="1" sc="386,-32,98,136,251,-62,255,-32" /><INIT seed="7,0,0,3,0,105" ten="354,234,189,223" oya="3" hai0="11,119,116,31,129,128,30,63,18,48,33,57,39" hai1="92,40,62,134,91,95,15,104,135,53,86,124,133" hai2="70,64,131,112,20,54,80,113,4,68,111,89,73" hai3="75,0,37,16,44,41,29,69,121,117,59,35,25"/><W103/><G121/><T45/><D39/><U101/><E124/><V46/><F111/><W58/><G117/><T72/><D72/><U50/><E104/><V83/><F4/><W43/><G69/><T52/><D18/><U8/><E40/><V24/><F131/><N who="0" m="50250" /><D11/><U26/><E62/><V102/><F102/><W106/><G0/><T98/><D98/><U6/><E26/><V12/><F12/><W71/><G71/><T28/><D33/><U97/><E50/><V115/><F89/><W107/><G75/><T96/><D96/><U88/><E53/><AGARI ba="0,0" hai="28,30,31,45,48,52,53,57,63,116,119" m="50250" machi="53" ten="30,2000,0" yaku="19,1,54,1" doraHai="105" who="0" fromWho="1" sc="354,20,234,-20,189,0,223,0" owari="374,48.0,214,-19.0,189,-31.0,223,2.0" /></mjloggm>