<mjloggm ver="2.3"><GO type="225" lobby="0"/><UN n0="%E3%82%B5%E3%83%AB%E3%82%B7%E3%83%B3" n1="%E3%81%B5%E3%83%BC%E3%81%84%E3%82%93" n2="%E3%81%84%E3%81%A1%E3%81%9E%E3%81%86" n3="%E5%B0%8F%E6%B1%A0%E7%BE%8E%E6%B3%A2%E2%8A%BF" dan="16,17,17,17" rate="2169.24,2118.06,2127.56,2172.19" sx="M,M,M,M"/><TAIKYOKU oya="0"/><INIT seed="0,0,0,2,4,93" ten="250,250,250,250" oya="0" hai0="33,62,94,112,51,105,124,42,82,65,135,79,92" hai1="46,18,116,9,29,86,74,34,55,98,101,84,90" hai2="39,123,121,118,3,38,28,122,63,99,54,47,0" hai3="14,115,69,26,133,57,106,64,109,35,134,17,43"/><T36/><D112/><U111/><E74/><V58/><F118/><W114/><G69/><T50/><D33/><U24/><E116/><V126/><F126/><W61/><G106/><T21/><D105/><U41/><E55/><V66/><F28/><N who="3" m="19863" /><G43/><T67/><D124/><U95/><E111/><V120/><N who="2" m="30720" /><DORA hai="31" /><V103/><F66/><W11/><G109/><T127/><D127/><U88/><E9/><V102/><F102/><W75/><G75/><T129/><D82/><U22/><E86/><V85/><F85/><W119/><G119/><T125/><D79/><U12/><REACH who="1" step="1"/><E84/><REACH who="1" ten="250,240,250,250" step="2"/><V45/><F3/><W20/><G11/><T10/><D10/><U83/><E83/><V113/><F0/><W8/><G8/><T130/><D125/><U131/><E131/><V37/><REACH who="2" step="1"/><F113/><REACH who="2" ten="250,240,240,250" step="2"/><W27/><G114/><T108/><D129/><U72/><E72/><V89/><F89/><W77/><G115/><T2/><D130/><U87/><E87/><V48/><F48/><AGARI ba="0,2" hai="12,18,22,24,29,34,41,46,48,88,90,95,98,101" machi="48" ten="30,8000,1" yaku="1,1,7,1,52,2,54,1,53,0" doraHai="93,31" doraHaiUra="60,73" who="1" fromWho="2" sc="250,0,240,100,240,-80,250,0" /><INIT seed="1,0,0,2,5,91" ten="250,340,160,250" oya="1" hai0="129,127,95,10,58,108,65,73,121,69,23,29,66" hai1="0,12,55,40,112,63,7,18,100,51,130,114,82" hai2="92,24,99,107,47,27,5,49,133,33,1,122,26" hai3="67,71,32,125,79,85,113,110,54,42,88,72,96"/><U3/><E130/><V35/><F122/><W20/><G113/><T41/><D73/><U64/><E40/><V84/><F133/><W21/><G32/><T135/><D129/><U102/><E3/><V46/><F107/><W106/><G42/><T70/><D135/><U59/><E0/><V38/><F38/><W77/><G71/><T25/><D121/><U104/><E7/><V45/><F49/><W80/><G67/><T86/><D127/><U56/><E82/><V50/><F50/><W62/><G110/><T90/><D41/><U28/><E28/><V81/><F5/><W31/><G31/><T8/><D108/><U101/><REACH who="1" step="1"/><E104/><REACH who="1" ten="250,330,160,250" step="2"/><V105/><F105/><W126/><G106/><T39/><D39/><U37/><E37/><V119/><F1/><W120/><G120/><T60/><D70/><U123/><E123/><V30/><F30/><W75/><G126/><T89/><D69/><U134/><E134/><V52/><F119/><W132/><G80/><T94/><D66/><U13/><E13/><V61/><F81/><W19/><G125/><T97/><AGARI ba="0,1" hai="8,10,23,25,29,58,60,65,86,89,90,94,95,97" machi="97" ten="20,8000,1" yaku="0,1,7,1,8,1,52,2" doraHai="91" who="0" fromWho="0" sc="250,90,330,-40,160,-20,250,-20" /><INIT seed="2,0,0,3,3,48" ten="340,290,140,230" oya="2" hai0="21,94,104,73,101,14,96,25,107,32,103,105,19" hai1="86,12,126,80,44,27,53,29,118,34,133,26,37" hai2="129,10,75,38,122,83,99,3,98,91,121,6,36" hai3="41,128,84,16,116,85,9,67,5,81,130,70,69"/><V97/><F129/><W4/><G116/><T92/><D73/><U64/><E118/><V106/><F106/><W68/><G67/><T49/><D32/><U66/><E133/><V60/><F60/><W46/><G16/><T93/><D49/><U124/><E26/><V8/><F8/><W62/><G62/><T127/><D127/><U72/><E72/><V42/><F91/><W135/><G135/><T51/><D51/><U20/><E37/><V40/><F40/><W90/><G85/><T0/><D0/><U13/><E34/><V132/><F132/><W71/><N who="3" m="17408" /><DORA hai="54" /><W15/><REACH who="3" step="1"/><G4/><REACH who="3" ten="340,290,140,220" step="2"/><T131/><D19/><U63/><E86/><V114/><F114/><W109/><G109/><T123/><D25/><U102/><E27/><V111/><F111/><W31/><G31/><T59/><D123/><U24/><E24/><V45/><REACH who="2" step="1"/><F36/><AGARI ba="0,1" hai="5,9,15,36,41,46,81,84,90,128,130" m="17408" machi="36" ten="70,2300,0" yaku="1,1,53,0" doraHai="48,54" doraHaiUra="28,108" who="3" fromWho="2" sc="340,0,290,0,140,-23,220,33" /><INIT seed="3,0,0,2,2,114" ten="340,290,117,253" oya="3" hai0="11,61,25,95,104,85,52,48,86,107,69,27,34" hai1="47,54,94,14,39,82,108,120,58,103,12,100,110" hai2="127,24,15,42,20,130,128,70,79,18,81,124,2" hai3="8,66,105,26,126,87,117,35,62,55,112,50,46"/><W65/><G112/><T19/><D107/><U123/><E82/><V133/><F70/><W80/><G126/><N who="2" m="48169" /><F42/><W84/><G105/><T53/><D104/><U131/><E47/><V28/><F2/><W91/><G35/><T40/><D40/><U68/><E68/><V109/><F81/><W92/><G117/><T102/><D34/><U30/><E39/><V64/><F64/><W75/><G75/><T13/><D69/><U4/><E54/><V88/><F88/><W125/><G125/><T60/><D53/><U113/><E58/><V5/><F5/><W77/><G62/><N who="0" m="24171" /><D86/><U98/><E113/><V96/><F96/><W122/><G122/><T9/><D9/><U29/><E120/><V119/><F79/><W45/><G45/><N who="0" m="27663" /><D102/><U1/><E123/><V90/><F90/><AGARI ba="0,0" hai="11,13,19,25,27,85,90,95" m="27663,24171" machi="90" ten="30,2000,0" yaku="8,1,54,1" doraHai="114" who="0" fromWho="2" sc="340,20,290,0,117,-20,253,0" owari="360,46.0,290,9.0,97,-40.0,253,-15.0" /></mjloggm>