<mjloggm ver="2.3"><GO type="169" lobby="0"/><UN n0="%6B%6F%74%61%6B%6F%74%61" n1="%E3%81%97%E3%81%BE%E3%81%98%E3%82%83%E3%81%8F%40%E4%B8%80%E7%95%99" n2="%E3%83%94%E3%83%B3%E3%82%B5%E3%83%AD%E5%BA%97%E5%93%A1" n3="%41%72%64%62%65%47" dan="16,17,18,16" rate="2113.90,2132.26,2237.64,2028.57" sx="M,M,M,M"/><TAIKYOKU oya="0"/><INIT seed="0,0,0,1,1,45" ten="250,250,250,250" oya="0" hai0="88,18,15,84,87,128,11,112,61,117,100,126,24" hai1="58,119,115,50,97,114,107,125,106,31,47,37,43" hai2="57,53,25,90,91,40,8,44,78,42,17,109,96" hai3="64,79,14,51,26,123,75,76,120,99,69,83,129"/><T93/><D128/><U131/><E119/><V21/><F109/><W108/><G108/><T33/><D126/><U103/><E131/><V34/><F34/><W121/><G129/><T81/><D112/><N who="1" m="43051" /><E125/><V0/><F78/><W13/><G79/><T27/><D117/><U127/><E127/><V85/><F0/><W72/><G72/><T16/><D33/><U86/><E31/><V130/><F130/><W82/><G82/><T105/><D105/><N who="1" m="63727" /><E86/><V65/><F65/><W116/><G116/><T59/><D18/><U1/><E1/><V32/><F32/><W94/><G64/><N who="0" m="38975" /><D100/><U62/><E37/><V10/><F96/><W9/><G69/><T77/><AGARI ba="0,0" hai="11,15,16,24,27,77,81,84,87,88,93" m="38975" machi="77" ten="30,6000,0" yaku="8,1,54,2" doraHai="45" who="0" fromWho="0" sc="250,60,250,-20,250,-20,250,-20" /><INIT seed="0,1,0,4,0,104" ten="310,230,230,230" oya="0" hai0="127,114,133,10,69,105,34,95,66,17,115,118,123" hai1="28,59,16,96,63,111,88,14,125,21,74,97,39" hai2="45,46,83,54,79,37,85,80,99,134,60,76,128" hai3="24,130,87,52,3,30,126,78,102,61,107,56,82"/><T23/><D105/><U1/><E1/><V31/><F128/><W7/><G130/><T20/><D95/><U48/><E39/><V119/><F134/><W72/><G126/><T92/><D92/><U33/><E125/><V55/><F119/><W25/><G107/><T94/><D94/><U75/><E111/><V11/><F99/><W106/><G106/><T113/><D66/><U110/><E110/><V93/><F93/><W35/><G102/><T57/><D57/><U40/><E88/><V49/><F31/><W5/><G3/><T29/><D69/><U26/><E40/><V73/><F11/><W0/><G0/><T36/><D36/><U18/><E48/><V117/><F117/><W77/><REACH who="3" step="1"/><G25/><REACH who="3" ten="310,230,230,220" step="2"/><T53/><D127/><U129/><E129/><V103/><F103/><W13/><G13/><T122/><D118/><U116/><E116/><V38/><REACH who="2" step="1"/><F46/><REACH who="2" ten="310,230,220,220" step="2"/><W8/><G8/><T27/><D10/><U67/><E96/><V81/><F81/><AGARI ba="1,2" hai="5,7,24,30,35,52,56,61,72,77,78,81,82,87" machi="81" ten="40,5200,0" yaku="1,1,52,1,54,1,53,0" doraHai="104" doraHaiUra="70" who="3" fromWho="2" sc="310,0,230,0,220,-55,220,75" /><INIT seed="1,0,0,2,5,55" ten="310,230,165,295" oya="1" hai0="97,81,109,52,89,108,0,41,8,2,4,126,117" hai1="135,39,26,100,110,57,29,37,53,128,72,98,54" hai2="13,88,101,74,62,106,102,75,65,34,38,95,48" hai3="93,115,49,76,10,24,15,50,105,112,16,44,119"/><U60/><E72/><V103/><F38/><W77/><G105/><T1/><D117/><U9/><E135/><V33/><F106/><W84/><G119/><T125/><D41/><U69/><E69/><V124/><F124/><N who="0" m="47722" /><D97/><U73/><E73/><V28/><F13/><W133/><G133/><T87/><D52/><U132/><E132/><V23/><F23/><W20/><G50/><T91/><D91/><U36/><E128/><V7/><F7/><W51/><G51/><T107/><D107/><U104/><E9/><V43/><F28/><W6/><G77/><T31/><D31/><U18/><E18/><V80/><F74/><W17/><G17/><T25/><D25/><U118/><E118/><V130/><F130/><W40/><REACH who="3" step="1"/><G93/><REACH who="3" ten="310,230,165,285" step="2"/><T32/><D32/><U56/><E110/><AGARI ba="0,1" hai="0,1,2,4,8,81,87,89,108,109,110" m="47722" machi="110" ten="30,2000,0" yaku="14,1,18,1" doraHai="55" who="0" fromWho="1" sc="310,30,230,-20,165,0,285,0" /><INIT seed="2,0,0,5,1,59" ten="340,210,165,285" oya="2" hai0="89,67,122,17,99,7,8,51,44,102,18,66,40" hai1="76,111,24,62,118,115,69,77,73,37,58,42,0" hai2="19,27,106,75,57,1,107,30,134,4,63,132,110" hai3="65,92,11,119,21,88,84,70,25,9,10,50,36"/><V82/><F19/><W101/><G36/><T68/><D122/><U124/><E115/><V95/><F95/><W12/><G119/><T33/><D33/><U105/><E118/><V117/><F117/><W46/><G101/><T64/><D89/><U96/><E69/><V54/><F110/><W120/><G120/><T103/><D68/><U49/><E37/><V128/><F128/><W16/><G65/><T125/><D125/><U130/><E0/><V93/><F93/><W108/><G70/><T14/><REACH who="0" step="1"/><D102/><REACH who="0" ten="330,210,165,285" step="2"/><U123/><E124/><V55/><F134/><W53/><REACH who="3" step="1"/><G108/><REACH who="3" ten="330,210,165,275" step="2"/><T61/><D61/><U87/><E62/><V6/><F63/><W5/><AGARI ba="0,2" hai="5,9,10,11,12,16,21,25,46,50,53,84,88,92" machi="5" ten="20,12000,2" yaku="1,1,2,1,0,1,7,1,8,1,54,2,53,0" doraHai="59" doraHaiUra="31" who="3" fromWho="3" sc="330,-30,210,-30,165,-60,275,140" /><INIT seed="3,0,0,0,5,119" ten="300,180,105,415" oya="3" hai0="107,15,87,29,63,57,5,23,121,51,126,122,28" hai1="19,22,73,2,31,39,71,64,21,12,55,24,49" hai2="104,69,120,27,117,88,84,96,101,132,68,20,134" hai3="54,77,75,56,116,44,93,105,48,11,83,99,106"/><W130/><G116/><T128/><D107/><U109/><E109/><V118/><F118/><W82/><G130/><T25/><D126/><U1/><E73/><V52/><F117/><W92/><G92/><T86/><D128/><U50/><E39/><V62/><F120/><W67/><G83/><T100/><D100/><U103/><E103/><V89/><F89/><W18/><G67/><T37/><D37/><U46/><E71/><V4/><F4/><W72/><G72/><T90/><D51/><U129/><E64/><V47/><F68/><W81/><G81/><T36/><D36/><U112/><E112/><V110/><F69/><W53/><G11/><T124/><D29/><U8/><E129/><V26/><F110/><W10/><G10/><T94/><D87/><U108/><E108/><V74/><F74/><W113/><G18/><T91/><D91/><U42/><REACH who="1" step="1"/><E8/><REACH who="1" ten="300,170,105,415" step="2"/><V59/><F47/><AGARI ba="0,1" hai="1,2,12,19,21,22,24,31,42,46,47,49,50,55" machi="47" ten="30,3900,0" yaku="1,1,2,1,7,1,53,0" doraHai="119" doraHaiUra="111" who="1" fromWho="2" sc="300,0,170,49,105,-39,415,0" /><INIT seed="4,0,0,1,4,120" ten="300,219,66,415" oya="0" hai0="10,84,69,135,123,43,19,102,18,35,39,54,30" hai1="26,81,73,112,109,40,23,105,38,133,9,72,78" hai2="110,58,29,131,126,118,8,88,50,87,77,52,4" hai3="68,32,65,90,46,1,111,107,62,25,80,95,89"/><T97/><D123/><U129/><E105/><V5/><F131/><W41/><G1/><T128/><D128/><U60/><E129/><V7/><F126/><W51/><G107/><T3/><D135/><U31/><E133/><V113/><F113/><W20/><G32/><T74/><D74/><U34/><E9/><V132/><F132/><W83/><G111/><T6/><D54/><U85/><E109/><V93/><F118/><W12/><G12/><T36/><D84/><U21/><E112/><V24/><F110/><W125/><G90/><T63/><D43/><U98/><E98/><V124/><F124/><W103/><G103/><T86/><D86/><U71/><E40/><V94/><F77/><W53/><G53/><T61/><D18/><U130/><E38/><V16/><F94/><W116/><G116/><T82/><D19/><U14/><E130/><V27/><F29/><W70/><G70/><T49/><D49/><U28/><E14/><AGARI ba="0,0" hai="4,5,7,8,14,16,24,27,50,52,58,87,88,93" machi="14" ten="40,8000,1" yaku="8,1,54,3" doraHai="120" who="2" fromWho="1" sc="300,0,219,-80,66,80,415,0" /><INIT seed="5,0,0,5,1,103" ten="300,139,146,415" oya="1" hai0="61,117,128,58,104,5,62,131,15,94,106,47,98" hai1="57,3,119,101,31,105,37,87,1,92,125,107,95" hai2="73,120,23,22,109,132,2,100,93,76,6,78,111" hai3="49,116,65,40,27,50,88,82,7,133,25,60,55"/><U113/><E119/><V134/><F120/><W39/><G39/><T32/><D117/><U38/><E31/><V43/><F43/><W130/><G116/><T96/><D32/><U84/><E57/><V115/><F6/><W48/><G40/><T66/><D47/><U129/><E101/><V86/><F2/><W121/><G121/><T8/><D62/><U70/><E70/><V110/><F22/><W53/><G130/><N who="0" m="49707" /><D96/><U26/><E129/><V63/><F23/><W16/><G7/><T33/><D33/><U99/><E99/><N who="2" m="59503" /><F63/><W74/><G74/><T18/><D5/><U52/><E26/><V124/><F73/><W77/><G77/><N who="2" m="29801" /><F124/><W83/><G83/><T11/><D11/><U91/><E125/><V45/><F45/><W24/><G60/><T71/><D71/><U34/><E34/><V44/><F44/><W51/><G51/><T0/><D0/><U42/><E42/><V114/><F86/><N who="3" m="50263" /><G65/><T80/><D80/><U35/><E35/><V108/><F111/><W81/><G81/><T89/><AGARI ba="0,0" hai="8,15,18,58,61,66,89,94,98,104,106" m="49707" machi="89" ten="30,4000,0" yaku="19,1,52,2" doraHai="103" who="0" fromWho="0" sc="300,40,139,-20,146,-10,415,-10" /><INIT seed="6,0,0,5,0,57" ten="340,119,136,405" oya="2" hai0="82,131,28,12,9,31,80,10,132,55,58,118,38" hai1="128,110,0,63,60,101,99,122,116,23,109,75,41" hai2="73,29,51,76,111,53,97,56,52,69,121,24,32" hai3="100,26,115,77,36,124,13,126,8,112,62,42,96"/><V50/><F121/><W65/><G77/><T72/><D132/><U48/><E116/><V64/><F111/><W103/><G26/><T98/><D131/><U125/><E75/><V30/><F30/><W123/><G123/><T88/><D38/><U130/><E0/><V16/><F73/><W134/><G134/><T70/><D70/><U93/><E122/><V44/><F76/><W47/><G96/><T59/><D59/><U54/><E41/><V35/><F35/><W33/><G33/><T66/><D66/><U133/><E125/><N who="3" m="48234" /><G13/><T127/><D10/><U5/><E5/><V84/><F84/><W4/><G4/><T7/><D118/><U120/><E120/><V67/><F69/><N who="3" m="42167" /><G8/><T95/><D127/><U46/><E133/><V119/><F119/><W89/><G89/><T61/><D72/><U87/><E87/><V17/><F17/><W108/><G108/><N who="1" m="41578" /><E23/><V85/><F85/><W25/><G25/><T27/><REACH who="0" step="1"/><D31/><REACH who="0" ten="330,119,136,405" step="2"/><U2/><E2/><V105/><F29/><W104/><G104/><T129/><D129/><AGARI ba="0,1" hai="46,48,54,60,63,93,99,101,128,129,130" m="41578" machi="129" ten="30,3900,0" yaku="19,1,52,2" doraHai="57" who="1" fromWho="0" sc="330,-39,119,49,136,0,405,0" /><INIT seed="7,0,0,3,3,36" ten="291,168,136,405" oya="3" hai0="107,9,45,125,124,103,0,4,115,118,57,52,32" hai1="17,54,60,129,111,108,31,71,110,113,84,25,1" hai2="11,19,91,109,16,94,65,49,83,105,2,135,29" hai3="3,56,89,133,82,7,40,70,80,38,122,96,47"/><W77/><G70/><T34/><D118/><U101/><E1/><V104/><F135/><W81/><G133/><T73/><D73/><U74/><E74/><V63/><F109/><W120/><G120/><T131/><D131/><U42/><E42/><V24/><F83/><W76/><G122/><T64/><D64/><U62/><E129/><V95/><F49/><W99/><G56/><T48/><D103/><U59/><E17/><V112/><F112/><W58/><G58/><T35/><D107/><U22/><E113/><V67/><F2/><W72/><G89/><T114/><D57/><U27/><E101/><V90/><F11/><N who="3" m="2559" /><G82/><T28/><D28/><U106/><E106/><V46/><F46/><W127/><G127/><AGARI ba="0,0" hai="0,4,9,32,34,35,45,48,52,114,115,124,125,127" machi="127" ten="50,3200,0" yaku="18,1,54,1" doraHai="36" who="0" fromWho="3" sc="291,32,168,0,136,0,405,-32" owari="323,12.0,168,-23.0,136,-36.0,373,47.0" /></mjloggm>