<mjloggm ver="2.3"><GO type="169" lobby="0"/><UN n0="%41%4F%54" n1="%E5%9C%A8%E5%8E%9F%E4%B8%83%E6%B5%B7%E5%A4%A7%E5%A5%BD%E3%81%8D" n2="%6B%6F%74%61%6B%6F%74%61" n3="%72%65%6E%6A%69%38%33" dan="17,17,16,18" rate="2208.79,2184.41,2100.29,2251.16" sx="F,M,M,M"/><TAIKYOKU oya="0"/><INIT seed="0,0,0,0,5,34" ten="250,250,250,250" oya="0" hai0="46,102,16,23,95,54,21,100,108,97,127,6,27" hai1="33,124,61,122,93,125,22,98,96,26,113,17,133" hai2="43,121,126,64,107,7,79,40,87,10,94,104,44" hai3="101,67,111,59,131,36,120,9,19,39,66,76,18"/><T110/><D127/><U135/><E122/><V88/><F121/><W106/><G120/><T85/><D6/><U55/><E113/><V3/><F126/><N who="1" m="48745" /><E33/><V47/><F64/><W112/><G112/><T77/><D102/><N who="1" m="60687" /><E98/><V68/><F68/><W8/><G101/><T38/><D23/><U114/><E114/><V56/><F56/><AGARI ba="0,0" hai="17,22,26,55,56,61,133,135" m="60687,48745" machi="56" ten="30,1000,0" yaku="18,1" doraHai="34" who="1" fromWho="2" sc="250,0,250,10,250,-10,250,0" /><INIT seed="1,0,0,0,5,133" ten="250,260,240,250" oya="1" hai0="30,18,60,22,121,42,50,128,123,78,84,111,43" hai1="35,57,54,76,31,94,52,93,45,114,40,83,24" hai2="74,53,81,71,132,85,11,58,86,115,67,20,13" hai3="33,102,61,127,109,34,14,72,96,10,5,90,125"/><U17/><E114/><V101/><F132/><W39/><G39/><T68/><D111/><U95/><E17/><V69/><F115/><W124/><G109/><T7/><D128/><U106/><E106/><V56/><F101/><W29/><G29/><T25/><D7/><U6/><E6/><V75/><F20/><W87/><G72/><T117/><D117/><U19/><E19/><V129/><F129/><W47/><G47/><T3/><D3/><U116/><E116/><V110/><F110/><W126/><G61/><T55/><D78/><U119/><E57/><V73/><F67/><W44/><G44/><T23/><D84/><U2/><E2/><V82/><F13/><W26/><G26/><T130/><D130/><U89/><E89/><V62/><F11/><W103/><N who="3" m="31744" /><DORA hai="46" /><W99/><G99/><T66/><D123/><U9/><E9/><V80/><REACH who="2" step="1"/><F58/><REACH who="2" ten="250,260,230,250" step="2"/><W105/><REACH who="3" step="1"/><G103/><REACH who="3" ten="250,260,230,240" step="2"/><T28/><D121/><U36/><REACH who="1" step="1"/><E119/><REACH who="1" ten="250,250,230,240" step="2"/><V79/><F79/><W38/><G38/><T108/><D108/><U70/><E70/><AGARI ba="0,3" hai="53,56,62,69,70,71,73,74,75,80,81,82,85,86" machi="70" ten="50,1600,0" yaku="1,1,53,0" doraHai="133,46" doraHaiUra="134,27" who="2" fromWho="1" sc="250,0,250,-16,230,46,240,0" /><INIT seed="2,0,0,0,3,134" ten="250,234,276,240" oya="2" hai0="109,79,133,100,23,2,9,99,55,83,68,28,63" hai1="114,58,119,14,106,98,127,77,46,135,8,16,56" hai2="75,20,131,1,125,60,19,37,42,35,52,108,130" hai3="25,59,103,10,41,96,57,61,113,51,87,12,33"/><V120/><F120/><W116/><G116/><T54/><D109/><U6/><E119/><V85/><F75/><W102/><G113/><T0/><D133/><U26/><E135/><V90/><F108/><W129/><G129/><T76/><D68/><U31/><E114/><V97/><F35/><W115/><G115/><T62/><D28/><U123/><E77/><V27/><F1/><W13/><G87/><T105/><D23/><U53/><E127/><V92/><F125/><W69/><G41/><T132/><D79/><U126/><E126/><V40/><F85/><W18/><G13/><T84/><D132/><U101/><E123/><V78/><F78/><W66/><G51/><T72/><D72/><U7/><E46/><V65/><F65/><W89/><G89/><T15/><D0/><U118/><E58/><N who="2" m="34887" /><F37/><W121/><G103/><T38/><D38/><U39/><E118/><V88/><F90/><W43/><G43/><AGARI ba="0,0" hai="19,20,27,40,42,43,88,92,97,130,131" m="34887" machi="43" ten="30,5800,0" yaku="25,1,54,2" doraHai="134" who="2" fromWho="3" sc="250,0,234,0,276,58,240,-58" /><INIT seed="2,1,0,4,1,13" ten="250,234,334,182" oya="2" hai0="43,16,45,3,64,11,121,5,78,113,44,46,80" hai1="21,8,95,130,92,23,50,58,22,7,119,17,117" hai2="65,56,25,93,96,61,84,52,128,86,41,31,110" hai3="70,83,77,66,24,73,111,67,57,28,134,76,48"/><V53/><F128/><W85/><G111/><T42/><D121/><U2/><E130/><V87/><F41/><W69/><G134/><T14/><D64/><U6/><E6/><V26/><F110/><W30/><G48/><T90/><D90/><U99/><E95/><V102/><REACH who="2" step="1"/><F26/><REACH who="2" ten="250,234,324,182" step="2"/><W103/><G24/><T81/><D113/><U75/><E119/><V33/><AGARI ba="1,1" hai="25,31,33,52,53,56,61,65,84,86,87,93,96,102" machi="33" ten="30,11700,0" yaku="1,1,2,1,0,1,54,1,53,0" doraHai="13" doraHaiUra="105" who="2" fromWho="2" sc="250,-40,234,-40,324,130,182,-40" /><INIT seed="2,2,0,0,2,104" ten="210,194,454,142" oya="2" hai0="50,67,68,0,132,38,123,100,16,133,99,1,73" hai1="53,65,112,34,89,33,43,85,69,96,32,44,49" hai2="93,102,18,21,59,60,86,56,31,125,101,126,42" hai3="51,55,28,5,113,119,91,46,13,95,110,111,127"/><V4/><F4/><W12/><G119/><T71/><D38/><U63/><E112/><V24/><F42/><W115/><G28/><T75/><D50/><U118/><E118/><V72/><F72/><N who="0" m="27722" /><D16/><U26/><E96/><V76/><F18/><W27/><G27/><T84/><D84/><U36/><E26/><V121/><F121/><W52/><G55/><T128/><D128/><U70/><E70/><N who="0" m="26665" /><D67/><U19/><E19/><V78/><F86/><W45/><G51/><T94/><D123/><U57/><REACH who="1" step="1"/><E33/><REACH who="1" ten="210,184,454,142" step="2"/><V3/><F24/><W11/><G115/><T41/><D41/><U17/><E17/><V2/><F31/><W131/><G113/><T74/><D74/><U108/><E108/><V25/><F25/><W66/><G110/><T80/><D80/><AGARI ba="2,1" hai="32,34,36,43,44,49,53,57,63,65,69,80,85,89" machi="80" ten="30,8000,1" yaku="1,1,7,1,24,2,53,1" doraHai="104" doraHaiUra="77" who="1" fromWho="0" sc="210,-86,184,96,454,0,142,0" /><INIT seed="3,0,0,0,2,36" ten="124,280,454,142" oya="3" hai0="103,58,29,13,120,10,45,126,18,119,66,41,113" hai1="39,124,24,59,78,99,23,22,33,116,106,56,122" hai2="42,8,7,70,49,109,76,96,90,16,27,135,102" hai3="0,11,5,80,88,35,112,15,64,131,82,52,85"/><W57/><G131/><T47/><D119/><U100/><E122/><V48/><F70/><W50/><G112/><T130/><D120/><U132/><E116/><V125/><F76/><W74/><G35/><T30/><D113/><U53/><E132/><V21/><F109/><W38/><G38/><T121/><D126/><U105/><E105/><V67/><F67/><W134/><G134/><T40/><D130/><U91/><E78/><V2/><F125/><W123/><G123/><T107/><D107/><U87/><E39/><V9/><F42/><N who="0" m="16490" /><D103/><U51/><E59/><V114/><F90/><W97/><G97/><T108/><D108/><U75/><E75/><V17/><F114/><W118/><G118/><T71/><D71/><U6/><E99/><V72/><F72/><W4/><G64/><T62/><D121/><U89/><E100/><V63/><F63/><W65/><G65/><T110/><D110/><U77/><E106/><V43/><F43/><W98/><G98/><T31/><AGARI ba="0,0" hai="10,13,18,29,30,31,45,47,58,62,66" m="16490" machi="31" ten="30,7900,0" yaku="8,1,52,3" doraHai="36" who="0" fromWho="0" sc="124,79,280,-20,454,-20,142,-39" /><INIT seed="4,0,0,4,2,61" ten="203,260,434,103" oya="0" hai0="132,81,130,56,12,90,78,3,33,30,121,53,131" hai1="76,45,96,26,51,80,14,60,111,66,110,42,67" hai2="108,34,15,89,37,57,63,48,31,58,9,25,127" hai3="88,120,7,119,35,77,92,113,91,17,105,68,49"/><T71/><D121/><U40/><E40/><V79/><F37/><W46/><G119/><T28/><D3/><U83/><E14/><V72/><F108/><N who="1" m="41513" /><E60/><V27/><F79/><W2/><G105/><T104/><D104/><U135/><E135/><V32/><F72/><W55/><G77/><T134/><D90/><U65/><E96/><V16/><F127/><W99/><G120/><T54/><D12/><U64/><N who="1" m="16384" /><DORA hai="102" /><U47/><E47/><V59/><F63/><W116/><G116/><T44/><D44/><U118/><E118/><V21/><F89/><W129/><G68/><T115/><D71/><U22/><E76/><V107/><F107/><W43/><G43/><T19/><D78/><U39/><E39/><V95/><F15/><W18/><G35/><T124/><D33/><U103/><E103/><V98/><F98/><W133/><G133/><T10/><D134/><U41/><E41/><V123/><F32/><W5/><G91/><T86/><D132/><U62/><E62/><V125/><F34/><W29/><G46/><T50/><D54/><U11/><E11/><V109/><F9/><W23/><G55/><T87/><D53/><U126/><E126/><V82/><F125/><W112/><G88/><T128/><D10/><U84/><E84/><V0/><F123/><W6/><G99/><T24/><D124/><U101/><E101/><V69/><F69/><W4/><G4/><T1/><D87/><U20/><E20/><V75/><F21/><W85/><G23/><T93/><D86/><U8/><E8/><V97/><F109/><W70/><G85/><RYUUKYOKU ba="0,0" sc="203,-10,260,30,434,-10,103,-10" hai1="22,26,42,45,51,80,83" /><INIT seed="5,1,0,0,1,10" ten="193,290,424,93" oya="1" hai0="45,89,98,53,84,85,19,67,15,74,11,109,60" hai1="50,34,46,80,88,79,39,43,2,8,122,68,115" hai2="95,52,54,21,37,3,124,61,20,120,117,135,134" hai3="33,56,116,48,18,9,17,73,72,49,104,101,59"/><U78/><E122/><V82/><F117/><W66/><G116/><T86/><D74/><U93/><E68/><V14/><F120/><W71/><G71/><T40/><D109/><U123/><E123/><V111/><F3/><W105/><G9/><T29/><D29/><U118/><E118/><V100/><F37/><W28/><G28/><T47/><D53/><U92/><E34/><V106/><F106/><W32/><REACH who="3" step="1"/><G101/><REACH who="3" ten="193,290,424,83" step="2"/><T30/><D30/><U130/><E8/><V51/><F100/><W26/><G26/><T27/><D27/><U103/><E103/><V62/><F135/><W6/><G6/><T58/><D40/><U77/><E43/><V133/><F133/><W12/><G12/><T75/><D15/><U25/><E25/><V16/><F14/><W57/><G57/><T121/><D11/><U107/><E2/><V81/><F134/><W90/><G90/><T69/><D89/><U4/><E88/><V41/><F41/><W113/><G113/><T129/><D69/><U110/><E4/><V126/><F126/><W63/><G63/><T5/><D60/><U132/><E115/><V125/><F61/><W7/><G7/><T131/><D5/><U65/><E132/><V127/><F62/><W97/><G97/><T99/><D58/><U1/><E1/><V64/><F127/><W38/><G38/><T91/><D99/><U102/><E39/><V23/><F125/><W128/><G128/><T42/><D129/><U55/><E130/><V31/><F124/><W87/><G87/><T76/><D131/><U24/><E102/><V44/><F31/><RYUUKYOKU ba="1,1" sc="193,-10,290,-10,424,-10,83,30" hai3="17,18,32,33,48,49,56,59,66,72,73,104,105" /><INIT seed="6,2,1,4,3,125" ten="183,280,414,113" oya="2" hai0="97,105,64,92,84,101,30,134,44,47,117,104,0" hai1="122,24,1,37,81,110,10,56,86,27,66,59,114" hai2="54,78,72,94,13,53,106,35,62,20,85,17,33" hai3="50,119,16,135,32,68,36,63,3,99,96,67,45"/><V124/><F124/><W120/><G119/><T118/><D0/><U23/><E110/><V18/><F106/><W100/><G120/><T112/><D64/><U4/><E37/><V43/><F43/><W9/><G135/><T14/><D134/><U2/><E2/><V130/><F72/><W71/><G32/><T115/><D30/><U111/><E111/><V90/><F78/><W109/><G109/><T129/><D14/><U108/><E114/><N who="0" m="43561" /><D84/><U65/><E65/><V98/><F85/><W102/><G36/><T34/><D34/><U48/><E66/><V29/><F29/><W88/><G71/><T70/><D70/><U132/><E27/><V83/><F13/><W49/><G3/><T91/><D91/><N who="1" m="51663" /><E122/><V25/><F25/><W5/><G67/><T74/><D74/><U123/><E123/><V52/><F90/><W8/><G68/><T131/><D105/><U55/><E132/><V69/><F33/><W89/><G5/><T73/><D73/><U116/><E116/><N who="0" m="44649" /><D104/><U6/><E6/><V15/><F35/><W75/><G75/><T133/><D133/><U127/><E127/><V93/><F15/><W113/><G16/><T12/><D12/><N who="1" m="5191" /><E108/><V22/><F69/><W80/><G113/><T82/><D82/><U38/><E1/><V107/><F83/><W19/><G80/><T21/><D21/><U42/><E23/><V28/><F22/><W31/><G19/><T95/><D95/><U41/><E24/><V46/><F20/><W40/><G31/><T121/><D121/><U57/><E38/><V87/><F28/><W77/><G89/><RYUUKYOKU ba="2,1" sc="183,15,280,15,414,-15,113,-15" hai0="44,47,92,97,101,129,131" hai1="41,42,48,55,56,57,59" /><INIT seed="7,3,1,3,3,30" ten="198,295,399,98" oya="3" hai0="28,102,52,125,105,120,74,126,65,68,121,132,103" hai1="3,8,34,20,129,114,112,59,122,47,35,84,7" hai2="45,110,70,115,94,38,5,15,131,69,58,85,9" hai3="72,130,116,14,135,43,31,61,57,2,62,39,118"/><W71/><G72/><T95/><D74/><U26/><E122/><V19/><F110/><W51/><G2/><T27/><D52/><U78/><E59/><V60/><F45/><N who="3" m="23807" /><G14/><T18/><D18/><N who="1" m="12567" /><E47/><V108/><F15/><W75/><G75/><T4/><D95/><U89/><E78/><V92/><F38/><W53/><G31/><T0/><D4/><U48/><E48/><V66/><F5/><W33/><G33/><N who="1" m="12298" /><E89/><V23/><F70/><W87/><G87/><T12/><D68/><U134/><E84/><V123/><F85/><W90/><G90/><T113/><D103/><U54/><E54/><V22/><F69/><W49/><G135/><T98/><D132/><U25/><E134/><V127/><F123/><W133/><G133/><T46/><D121/><U96/><E96/><V56/><F94/><W24/><G24/><T44/><D27/><U64/><E64/><V79/><F92/><W91/><G91/><T128/><D65/><U6/><E6/><V17/><F66/><N who="3" m="41423" /><G130/><T76/><D128/><U100/><E100/><V36/><F131/><W106/><G106/><T86/><D105/><U63/><E129/><V124/><F79/><W111/><G111/><T77/><D76/><U80/><E80/><V97/><F108/><W67/><G51/><T37/><D77/><U107/><E107/><V99/><F36/><W50/><G50/><T55/><D37/><U16/><E63/><V93/><F60/><W42/><G42/><T29/><D120/><U13/><E25/><V104/><F104/><W109/><G109/><T88/><D88/><U32/><E32/><RYUUKYOKU ba="3,1" sc="198,-15,295,15,399,-15,98,15" hai1="3,7,8,13,16,112,114" hai3="49,53,57,62,67,116,118" /><INIT seed="7,4,1,2,4,36" ten="183,310,384,113" oya="3" hai0="114,94,83,86,123,61,109,10,27,0,4,71,76" hai1="51,104,117,40,90,38,81,26,11,121,33,13,22" hai2="9,59,49,98,128,131,124,125,111,12,73,91,2" hai3="43,35,133,23,88,135,77,67,31,93,46,64,56"/><W63/><G35/><T116/><D109/><U14/><E121/><V55/><F73/><W3/><G3/><T74/><D123/><U41/><E104/><V101/><F91/><W96/><G67/><T65/><D116/><U24/><E38/><V126/><F2/><W129/><G129/><N who="2" m="49737" /><F111/><W89/><G77/><T78/><D114/><U42/><E117/><V69/><F69/><W110/><G110/><T99/><D27/><N who="1" m="10283" /><E22/><V60/><F60/><W32/><G32/><T47/><D47/><N who="1" m="26087" /><E14/><V25/><F25/><N who="3" m="16831" /><G93/><T92/><D92/><U53/><E53/><V119/><F119/><W127/><G127/><T95/><D95/><U120/><E33/><V58/><F58/><W134/><G96/><T16/><D74/><U20/><E20/><V57/><F57/><W82/><G82/><T87/><D83/><U108/><E120/><V66/><F66/><W100/><G100/><T97/><D65/><U21/><E21/><V34/><F34/><W54/><G64/><T5/><D71/><U75/><E75/><V122/><F122/><W28/><G28/><T72/><D72/><U17/><E108/><V70/><F70/><W29/><G29/><T37/><D0/><U105/><E105/><N who="2" m="63671" /><F126/><W19/><G19/><AGARI ba="4,1" hai="9,12,19,49,55,59,124,125" m="63671,49737" machi="19" ten="30,1000,0" yaku="19,1" doraHai="36" who="2" fromWho="3" sc="183,0,310,0,384,32,113,-22" owari="183,-22.0,310,11.0,416,52.0,91,-41.0" /></mjloggm>