<mjloggm ver="2.3"><GO type="169" lobby="0"/><UN n0="%E2%80%A0%E7%99%BD%E5%85%8E%E2%80%A0" n1="%E3%83%A8%E3%82%B7%E3%83%AF" n2="%E3%81%82%E3%81%95%E3%81%B4%E3%82%93%EF%BC%A0%EF%BD%8D%EF%BD%8A" n3="%E3%81%A9%E3%82%93%E3%81%9F%E3%82%83%E3%82%93" dan="19,17,17,17" rate="2221.78,2251.47,2128.03,2194.64" sx="M,M,M,F"/><TAIKYOKU oya="0"/><INIT seed="0,0,0,1,4,46" ten="250,250,250,250" oya="0" hai0="18,32,16,14,37,100,59,17,57,19,108,96,101" hai1="65,78,82,30,6,27,91,28,5,15,112,89,87" hai2="88,43,70,1,95,25,116,11,71,76,23,123,33" hai3="0,42,131,67,85,124,98,21,115,47,26,49,20"/><T86/><D32/><U126/><E126/><V48/><F123/><W31/><G115/><T93/><D37/><U75/><E112/><V36/><F36/><W35/><G124/><T4/><D108/><U55/><E65/><V130/><F33/><W54/><G131/><T113/><D113/><U74/><E74/><V110/><F76/><W120/><G120/><T104/><D4/><U56/><E15/><V52/><F43/><W134/><G134/><T40/><D40/><U94/><E89/><V63/><F63/><W3/><G67/><T44/><D44/><U73/><E73/><V81/><F81/><W12/><G98/><T133/><D133/><U90/><E91/><V111/><F116/><W127/><G127/><T69/><D69/><U72/><E72/><V7/><F130/><W117/><G117/><T58/><D86/><U99/><E75/><V119/><F119/><W109/><G109/><N who="2" m="41481" /><F23/><W61/><G85/><T64/><D64/><U128/><E128/><V62/><F62/><W105/><G105/><T39/><D39/><U97/><E97/><N who="2" m="57575" /><F25/><W45/><G35/><T13/><N who="0" m="4096" /><DORA hai="83" /><T118/><REACH who="0" step="1"/><D118/><REACH who="0" ten="240,250,250,250" step="2"/><U29/><REACH who="1" step="1"/><E27/><REACH who="1" ten="240,240,250,250" step="2"/><V107/><F71/><W41/><G26/><T122/><D122/><U10/><E10/><V53/><F70/><W66/><G42/><T34/><D34/><U38/><E38/><V77/><F11/><W103/><G41/><T125/><D125/><U84/><E84/><V24/><F24/><W92/><G66/><T132/><D132/><U121/><E121/><V50/><F7/><W135/><G135/><T68/><D68/><RYUUKYOKU ba="0,2" sc="240,15,240,15,250,-15,250,-15" hai0="13,14,57,58,59,93,96,100,101,104" hai1="5,6,28,29,30,55,56,78,82,87,90,94,99" /><INIT seed="0,1,2,5,3,34" ten="255,255,235,235" oya="0" hai0="75,51,87,92,131,59,48,79,60,117,28,94,91" hai1="99,40,4,121,130,100,64,3,81,14,6,45,52" hai2="55,43,13,72,124,102,125,26,31,89,54,5,57" hai3="101,133,115,70,134,46,82,12,129,128,97,42,47"/><T93/><D117/><U80/><E121/><V118/><F72/><W36/><G115/><T29/><D131/><N who="3" m="50249" /><G70/><T123/><D79/><U67/><E3/><V8/><F118/><W38/><G12/><T106/><D106/><U77/><E130/><V10/><F102/><W126/><G82/><N who="0" m="49655" /><D75/><U32/><E32/><V1/><F43/><N who="3" m="22887" /><G126/><N who="2" m="48745" /><F89/><W116/><G116/><T65/><D123/><U120/><E120/><V25/><F57/><W112/><G112/><T23/><D23/><U90/><E40/><V104/><F104/><AGARI ba="1,2" hai="38,42,47,97,101,104,133,134" m="22887,50249" machi="104" ten="30,2000,0" yaku="19,1,23,1" doraHai="34" who="3" fromWho="2" sc="255,0,255,0,235,-23,235,43" /><INIT seed="1,0,0,2,4,61" ten="255,255,212,278" oya="1" hai0="115,24,89,78,34,127,94,93,20,87,32,6,16" hai1="48,106,17,49,13,43,35,19,28,129,0,134,105" hai2="23,8,56,33,132,97,107,118,40,36,103,75,100" hai3="62,123,70,122,38,76,82,80,39,58,26,41,84"/><U120/><E120/><V125/><F118/><W68/><G26/><T85/><D115/><U66/><E0/><V21/><F33/><W99/><G99/><T98/><D127/><U77/><E134/><V133/><F75/><W52/><G122/><T95/><D6/><U109/><E129/><V51/><F125/><W3/><G123/><T46/><D94/><U69/><E77/><V88/><F103/><W10/><G82/><T86/><D78/><U50/><E43/><V96/><F36/><W1/><G10/><T130/><D130/><U59/><E69/><V92/><F8/><W12/><G12/><T131/><D131/><U79/><E79/><V104/><F104/><W81/><G81/><T124/><D124/><U116/><E116/><V135/><REACH who="2" step="1"/><F56/><REACH who="2" ten="255,255,202,278" step="2"/><W117/><G117/><T42/><REACH who="0" step="1"/><D95/><REACH who="0" ten="245,255,202,278" step="2"/><U2/><E106/><V57/><F57/><W60/><G58/><T11/><D11/><U72/><E105/><V102/><F102/><W119/><G119/><T14/><D14/><U113/><E2/><V90/><F90/><W73/><G1/><T65/><D65/><U22/><E113/><V4/><F4/><W9/><G9/><T27/><D27/><N who="1" m="16503" /><E72/><V55/><F55/><W114/><G52/><T7/><D7/><U37/><E66/><V128/><F128/><W15/><G3/><T30/><D30/><U54/><E59/><V18/><F18/><N who="1" m="6665" /><E13/><V71/><F71/><N who="3" m="27179" /><G114/><T63/><D63/><N who="3" m="24105" /><G15/><T101/><D101/><U67/><E67/><V5/><F5/><W53/><G73/><T31/><D31/><U83/><E54/><V111/><F111/><RYUUKYOKU ba="0,2" sc="245,15,255,-15,202,15,278,-15" hai0="16,20,24,32,34,42,46,85,86,87,89,93,98" hai2="21,23,40,51,88,92,96,97,100,107,132,133,135" /><INIT seed="2,1,2,0,5,7" ten="260,240,217,263" oya="2" hai0="8,22,111,36,122,25,45,106,131,93,26,44,87" hai1="46,117,30,47,96,95,5,50,77,34,100,17,125" hai2="60,3,42,90,94,92,43,57,61,41,6,124,59" hai3="121,119,9,103,82,73,112,75,16,0,11,76,116"/><V84/><F124/><W134/><G121/><T53/><D122/><U133/><E117/><V66/><F3/><W28/><G134/><T38/><D106/><U113/><E113/><V114/><F114/><W37/><G37/><T85/><D111/><U33/><E133/><V109/><F6/><W78/><G112/><T15/><D131/><U123/><E125/><V81/><REACH who="2" step="1"/><F109/><REACH who="2" ten="260,240,207,263" step="2"/><W102/><G0/><T49/><D38/><U29/><E123/><V128/><F128/><W130/><G130/><T80/><D36/><U126/><E126/><V48/><F48/><W24/><G116/><T69/><D69/><U67/><E5/><V127/><F127/><W107/><G119/><T115/><D115/><U27/><E50/><V132/><F132/><W68/><G68/><T108/><D108/><U2/><E2/><V58/><F58/><W135/><G135/><T10/><D45/><U91/><E47/><V110/><F110/><W72/><G72/><T23/><D44/><U20/><E46/><V19/><F19/><W13/><G75/><T120/><D49/><U1/><E1/><V118/><F118/><W12/><G73/><T105/><D120/><U99/><E17/><V35/><F35/><W65/><G16/><T52/><D15/><U88/><E34/><V79/><F79/><W64/><G28/><T21/><D25/><N who="1" m="16551" /><E77/><V129/><F129/><W97/><G24/><T70/><D26/><U89/><E99/><V62/><F62/><W56/><G97/><T54/><D70/><U31/><E31/><V98/><F98/><W71/><G71/><T86/><D86/><RYUUKYOKU ba="1,3" sc="260,-15,240,15,207,15,263,-15" hai1="27,30,33,67,88,89,91,95,96,100" hai2="41,42,43,57,59,60,61,66,81,84,90,92,94" /><INIT seed="2,2,3,0,2,51" ten="245,255,222,248" oya="2" hai0="52,114,26,134,66,90,48,35,92,21,43,106,67" hai1="11,40,89,95,39,34,17,76,56,61,64,37,78" hai2="111,55,116,30,60,107,25,84,88,54,130,28,98" hai3="62,81,129,102,103,121,96,124,82,94,122,19,18"/><V87/><F116/><W70/><G129/><T1/><D114/><U2/><E34/><V77/><F130/><W135/><G135/><T12/><D106/><U36/><E40/><V27/><F111/><W58/><G70/><T50/><D1/><U57/><E57/><V73/><F73/><W63/><G124/><T65/><D35/><U33/><E33/><V112/><F112/><W47/><G47/><N who="0" m="25727" /><D12/><U115/><E115/><V127/><F127/><W6/><G58/><N who="0" m="33047" /><D134/><U74/><E74/><V117/><F117/><W83/><G83/><T41/><D41/><U131/><E131/><V110/><F110/><W80/><G80/><T119/><D119/><U44/><E44/><V14/><F14/><W99/><G94/><T109/><D109/><U101/><E101/><V7/><F7/><AGARI ba="2,3" hai="6,7,18,19,62,63,81,82,96,99,102,103,121,122" machi="7" ten="25,1600,0" yaku="22,2" doraHai="51" who="3" fromWho="2" sc="245,0,255,0,222,-22,248,52" /><INIT seed="3,0,0,2,4,89" ten="245,255,200,300" oya="3" hai0="87,124,86,76,64,10,120,132,126,45,25,3,8" hai1="55,13,34,129,102,78,26,4,90,113,24,80,108" hai2="14,69,39,62,52,88,27,98,74,122,22,48,84" hai3="93,121,66,82,128,0,73,81,134,29,11,130,127"/><W49/><G121/><T68/><D120/><U47/><E113/><V77/><F122/><W123/><G123/><T5/><D132/><U72/><E129/><N who="3" m="49770" /><G134/><T46/><D25/><U101/><E108/><V104/><F39/><W63/><G127/><N who="0" m="48683" /><D8/><U56/><E47/><N who="0" m="17929" /><D76/><U110/><E90/><V109/><F109/><W36/><G36/><T50/><D50/><U135/><E135/><V119/><F14/><W58/><G29/><T30/><D30/><U9/><E110/><V19/><F119/><W97/><G73/><T59/><D59/><U23/><E34/><V100/><F77/><W99/><G99/><T95/><D95/><U43/><E43/><V15/><F74/><W106/><G106/><T131/><D131/><U133/><E133/><V41/><F41/><W16/><G49/><T83/><D83/><U61/><REACH who="1" step="1"/><E26/><REACH who="1" ten="245,245,200,300" step="2"/><V37/><F27/><W57/><G0/><T79/><D79/><U53/><E53/><V60/><F37/><W42/><G42/><T65/><D65/><U21/><E21/><V91/><F22/><W12/><G57/><T92/><D64/><U70/><E70/><V2/><F69/><W107/><G107/><T117/><D68/><U111/><E111/><V112/><F104/><W114/><G114/><T51/><D117/><U31/><AGARI ba="0,1" hai="4,9,13,23,24,31,55,56,61,72,78,80,101,102" machi="31" ten="20,5200,0" yaku="1,1,0,1,7,1,53,1" doraHai="89" doraHaiUra="18" who="1" fromWho="1" sc="245,-13,245,62,200,-13,300,-26" /><INIT seed="4,0,0,1,5,37" ten="232,307,187,274" oya="0" hai0="59,25,32,49,118,9,124,34,106,10,67,30,107" hai1="88,74,82,57,40,130,126,7,14,2,94,5,111" hai2="11,8,79,1,120,36,66,84,24,117,92,18,20" hai3="85,62,41,61,95,98,80,54,72,47,60,38,63"/><T110/><D118/><U46/><E111/><V91/><F120/><W13/><G72/><T15/><D124/><U33/><E33/><V35/><F117/><W119/><G119/><T132/><D132/><U114/><E130/><V50/><F36/><W31/><G31/><T70/><D110/><U100/><E126/><V51/><F35/><W103/><G13/><T108/><D108/><U87/><E57/><V83/><F66/><W121/><G121/><T116/><D34/><U128/><E128/><V3/><F1/><W135/><G135/><T86/><D9/><U125/><E125/><V64/><F64/><W81/><G85/><T58/><D58/><U101/><E114/><V19/><F3/><W68/><REACH who="3" step="1"/><G54/><REACH who="3" ten="232,307,187,264" step="2"/><T102/><D86/><N who="1" m="52503" /><E74/><V12/><REACH who="2" step="1"/><F11/><REACH who="2" ten="232,307,177,264" step="2"/><W96/><G96/><AGARI ba="0,2" hai="8,12,18,19,20,24,50,51,79,83,84,91,92,96" machi="96" ten="30,8000,1" yaku="1,1,2,1,7,1,8,1,53,1" doraHai="37" doraHaiUra="6" who="2" fromWho="3" sc="232,0,307,0,177,100,264,-80" /><INIT seed="5,0,0,2,4,26" ten="232,307,277,184" oya="1" hai0="117,76,131,49,52,96,134,21,105,40,135,22,78" hai1="61,95,94,73,92,41,43,68,133,106,103,14,93" hai2="28,63,44,66,1,128,29,13,112,88,77,70,11" hai3="42,115,107,75,71,65,89,33,124,7,15,37,58"/><U119/><E119/><V125/><F1/><W64/><G75/><T87/><D117/><U20/><E73/><V84/><F128/><W55/><G107/><T10/><D40/><U54/><E133/><N who="0" m="50697" /><D131/><U67/><E54/><V17/><F125/><W2/><G124/><T16/><D10/><U48/><E48/><V99/><F112/><W82/><G2/><T51/><D21/><U126/><E126/><V118/><F118/><W38/><G115/><T69/><D69/><U120/><E120/><V132/><F132/><W47/><G37/><T123/><D49/><U25/><E14/><V90/><F44/><W83/><G33/><T100/><D87/><U81/><E81/><V3/><F77/><W114/><G114/><T97/><D97/><U85/><E85/><V23/><F99/><W104/><G104/><T108/><D108/><U32/><E32/><V9/><F90/><W86/><G83/><T122/><D122/><U39/><E39/><V62/><F62/><W129/><G129/><T80/><D80/><U45/><E45/><V30/><REACH who="2" step="1"/><F3/><REACH who="2" ten="232,307,267,184" step="2"/><W98/><G98/><T31/><D123/><U110/><E110/><V5/><F5/><W12/><G7/><T53/><D78/><U6/><E6/><V19/><F19/><W59/><G47/><T27/><D76/><U18/><N who="1" m="23552" /><DORA hai="91" /><U79/><REACH who="1" step="1"/><E79/><REACH who="1" ten="232,297,267,184" step="2"/><V72/><F72/><W130/><G130/><T113/><D113/><U4/><E4/><V0/><F0/><W57/><G86/><T121/><D121/><U74/><E74/><V111/><F111/><W8/><G82/><AGARI ba="0,2" hai="9,11,13,17,23,28,29,30,63,66,70,82,84,88" machi="82" ten="40,12000,2" yaku="1,1,52,3,54,1,53,1" doraHai="26,91" doraHaiUra="56,46" who="2" fromWho="3" sc="232,0,297,0,267,140,184,-120" /><INIT seed="6,0,0,3,5,123" ten="232,297,407,64" oya="2" hai0="111,95,3,114,2,10,47,129,117,33,107,21,40" hai1="135,29,121,98,42,57,105,15,39,101,28,34,8" hai2="58,73,77,14,13,16,116,79,97,31,75,65,35" hai3="128,92,113,91,122,46,67,109,115,112,48,78,0"/><V106/><F116/><W64/><G122/><T32/><D107/><U24/><E135/><V37/><F37/><W53/><G0/><T118/><D95/><U87/><E121/><V19/><F31/><W66/><G78/><T38/><D21/><U119/><E119/><N who="0" m="45577" /><D114/><U99/><E99/><V72/><F35/><N who="0" m="13386" /><D129/><U50/><E87/><V89/><F89/><W103/><G128/><T27/><D27/><U17/><E28/><V52/><F97/><N who="3" m="59815" /><G91/><T23/><D23/><U96/><E96/><V80/><F106/><W133/><G133/><T125/><D125/><U55/><E39/><V43/><F79/><W20/><G20/><T102/><D102/><U1/><E42/><V110/><F43/><W86/><G86/><T85/><D85/><U130/><E130/><V134/><F134/><W88/><G88/><T41/><D41/><U5/><E1/><N who="0" m="9" /><D10/><U70/><E5/><V90/><F90/><W51/><G51/><T30/><D30/><U36/><E36/><V124/><F124/><W108/><AGARI ba="0,0" hai="46,48,53,64,66,67,108,109,112,113,115" m="59815" machi="108" ten="40,8000,1" yaku="15,1,11,1,52,2" doraHai="123" who="3" fromWho="3" sc="232,-20,297,-20,407,-40,64,80" /><INIT seed="7,0,0,0,0,107" ten="212,277,367,144" oya="3" hai0="27,6,36,130,117,4,71,23,110,40,93,90,39" hai1="46,72,50,15,74,108,20,105,85,51,63,125,104" hai2="10,118,66,8,56,102,116,92,0,70,16,44,87" hai3="3,100,45,64,83,38,25,55,119,31,33,109,101"/><W89/><G119/><T97/><D117/><U34/><E108/><V67/><F70/><W14/><G3/><T77/><D110/><U134/><E34/><V106/><F106/><W82/><G109/><T123/><D123/><U30/><E105/><V99/><F0/><W84/><G64/><T43/><D71/><U37/><E104/><V22/><F116/><W79/><G14/><T12/><D39/><U60/><E37/><V75/><F75/><N who="1" m="28713" /><E85/><V94/><F44/><W73/><REACH who="3" step="1"/><G55/><REACH who="3" ten="212,277,367,134" step="2"/><T29/><D130/><U58/><E15/><V62/><F67/><W21/><G21/><T96/><D12/><U95/><E20/><V88/><F118/><W121/><G121/><T54/><D54/><U91/><E125/><V127/><F127/><W5/><G5/><N who="0" m="2155" /><D36/><U81/><E134/><V47/><F47/><W135/><G135/><T129/><D129/><U24/><E46/><V2/><F2/><W69/><G69/><T59/><D59/><U19/><E58/><V76/><F8/><W133/><G133/><T112/><D112/><U128/><E128/><V41/><F10/><W57/><G57/><T13/><D13/><U132/><E132/><V11/><F11/><W32/><G32/><T122/><D122/><U52/><E52/><V26/><F66/><W35/><G35/><T80/><D97/><U115/><E115/><V103/><F56/><W48/><G48/><T113/><D113/><U65/><E65/><V17/><F22/><W1/><G1/><T68/><D68/><U124/><E124/><V126/><F126/><W114/><G114/><T42/><D23/><RYUUKYOKU ba="0,1" sc="212,-10,277,-10,367,-10,134,30" hai3="25,31,33,38,45,73,79,82,83,84,89,100,101" /><INIT seed="7,1,1,4,3,82" ten="202,267,357,164" oya="3" hai0="88,72,73,85,125,66,83,41,114,37,12,99,77" hai1="25,16,115,119,102,127,23,65,61,15,109,52,79" hai2="89,6,130,58,20,53,71,97,113,64,17,117,48" hai3="38,50,93,3,112,27,35,134,5,94,33,1,45"/><W84/><G38/><T54/><D66/><U55/><E109/><V8/><F130/><W75/><G75/><T121/><D121/><U81/><E127/><V74/><F113/><W131/><G112/><T133/><D114/><U100/><E115/><V105/><F117/><W44/><G131/><T67/><D67/><U92/><E119/><V123/><F123/><W49/><G5/><T110/><D110/><U43/><E43/><V91/><F74/><W135/><REACH who="3" step="1"/><G27/><REACH who="3" ten="202,267,357,154" step="2"/><T57/><D125/><U0/><E25/><V118/><F6/><W76/><G76/><T63/><D133/><U10/><E0/><V7/><F7/><W30/><G30/><T116/><D116/><U95/><E79/><V78/><F78/><W106/><G106/><T11/><D37/><U108/><E108/><V19/><F105/><W56/><G56/><T98/><D73/><U28/><E28/><V14/><F118/><W9/><G9/><T4/><D41/><U69/><E10/><V129/><F129/><W29/><G29/><T46/><D46/><U111/><E111/><V132/><F132/><W51/><G51/><T128/><D128/><U40/><E40/><V31/><F31/><W120/><G120/><T18/><D4/><U2/><E2/><V80/><F8/><W90/><G90/><T36/><D36/><U126/><E126/><V22/><F91/><W68/><G68/><T39/><D39/><U24/><E24/><N who="2" m="14351" /><F71/><W107/><G107/><T32/><D72/><U42/><E42/><V122/><F122/><W62/><G62/><T101/><D77/><U124/><E124/><RYUUKYOKU ba="1,2" sc="202,-10,267,-10,357,-10,154,30" hai3="1,3,33,35,44,45,49,50,84,93,94,134,135" /><INIT seed="7,2,2,5,3,110" ten="192,257,347,184" oya="3" hai0="43,14,5,12,98,23,123,31,78,18,38,93,35" hai1="72,103,24,7,33,57,16,96,9,126,129,41,118" hai2="13,74,27,99,8,49,135,124,58,28,132,101,45" hai3="11,4,77,111,88,90,40,134,92,87,75,122,50"/><W121/><G111/><T106/><D106/><U32/><E72/><V116/><F58/><W94/><G134/><N who="2" m="51241" /><F74/><W97/><G75/><T19/><D123/><U60/><E126/><V109/><F116/><W54/><G40/><T20/><D78/><U15/><E129/><V112/><F112/><W102/><G77/><T44/><D5/><U128/><E41/><V86/><F86/><W34/><G34/><T81/><D81/><U73/><E118/><V63/><F63/><W80/><G80/><T53/><D53/><U26/><E128/><V95/><F124/><W71/><G71/><T2/><D43/><U21/><E26/><V76/><F76/><W3/><REACH who="3" step="1"/><G102/><REACH who="3" ten="192,257,347,174" step="2"/><T48/><D38/><U119/><E73/><V56/><F101/><W17/><G17/><T42/><D35/><U105/><REACH who="1" step="1"/><E119/><REACH who="1" ten="192,247,347,174" step="2"/><V37/><F109/><W79/><G79/><T117/><D117/><U64/><AGARI ba="2,4" hai="7,9,15,16,21,24,32,33,57,60,64,96,103,105" machi="64" ten="20,8000,1" yaku="1,1,2,1,0,1,7,1,54,1,53,0" doraHai="110" doraHaiUra="84" who="1" fromWho="1" sc="192,-22,247,126,347,-22,174,-42" owari="170,-23.0,373,47.0,325,13.0,132,-37.0" /></mjloggm>