<mjloggm ver="2.3"><GO type="169" lobby="0"/><UN n0="%6F%73%72%67" n1="%EF%BC%81%E2%80%9D%EF%BC%83%EF%BC%84%EF%BC%85%EF%BC%86%E2%80%99%EF%BC%88" n2="%E3%83%AF%E3%82%A4%E3%83%AB%E3%83%89" n3="%E7%99%BE%E6%9A%97%E5%88%BB" dan="17,17,16,16" rate="2211.97,2122.29,2121.51,2059.76" sx="M,M,M,F"/><TAIKYOKU oya="0"/><INIT seed="0,0,0,5,1,57" ten="250,250,250,250" oya="0" hai0="119,103,124,20,51,109,22,58,105,107,48,78,125" hai1="0,97,19,89,25,72,24,74,47,15,52,112,36" hai2="65,28,50,62,120,45,8,134,63,1,23,129,68" hai3="64,101,59,66,114,80,7,71,84,41,33,81,61"/><T6/><D119/><U2/><E112/><V55/><F120/><W79/><G114/><T16/><D78/><U106/><E36/><V60/><F134/><W56/><G33/><T88/><D6/><U111/><E111/><V21/><F129/><W4/><G101/><T91/><D109/><U44/><E15/><V123/><F123/><W86/><G41/><T14/><D22/><U34/><E19/><V108/><F108/><W49/><G71/><T13/><D13/><U42/><E42/><V11/><F21/><W98/><G98/><T122/><D122/><U96/><E89/><N who="0" m="34377" /><D103/><U133/><E34/><V46/><F46/><W76/><G49/><N who="0" m="19019" /><D58/><U132/><REACH who="1" step="1"/><E106/><REACH who="1" ten="250,240,250,250" step="2"/><V37/><F37/><W70/><REACH who="3" step="1"/><G70/><REACH who="3" ten="250,240,250,240" step="2"/><T117/><D117/><U9/><E9/><V87/><F11/><W53/><G53/><AGARI ba="0,2" hai="0,2,24,25,44,47,52,53,72,74,96,97,132,133" machi="53" ten="25,6400,0" yaku="1,1,22,2,54,1,53,0" doraHai="57" doraHaiUra="115" who="1" fromWho="3" sc="250,0,240,84,250,0,240,-64" /><INIT seed="1,0,0,4,1,127" ten="250,324,250,176" oya="1" hai0="33,15,7,128,122,123,116,63,1,110,13,81,133" hai1="30,102,95,37,79,107,51,17,44,26,92,47,8" hai2="88,48,100,57,25,99,132,70,101,126,83,34,113" hai3="43,32,18,27,59,124,108,42,91,96,75,58,10"/><U135/><E135/><V129/><F70/><W5/><G108/><T6/><D63/><U9/><E79/><V80/><F132/><W50/><G75/><T103/><D103/><U4/><E37/><V94/><F126/><W53/><G124/><T24/><D81/><U21/><E107/><V60/><F113/><W82/><G32/><T112/><D133/><U71/><E71/><V118/><F118/><W67/><G5/><N who="0" m="1547" /><D1/><U86/><E47/><V29/><F101/><W93/><G82/><T14/><D112/><U77/><E30/><V130/><F48/><W119/><G119/><T46/><D46/><U89/><E77/><V16/><F16/><W97/><G97/><T78/><D78/><U87/><E4/><V114/><F114/><W98/><G98/><T105/><D105/><U35/><E35/><V56/><F56/><W38/><G38/><T134/><D134/><U85/><E102/><V125/><F125/><W72/><G72/><T106/><D106/><U23/><E23/><V117/><F117/><W66/><G66/><T19/><D116/><U20/><E20/><V62/><F62/><N who="3" m="38359" /><G27/><T55/><D55/><N who="1" m="30183" /><E92/><V3/><F3/><W40/><G40/><T39/><D39/><U84/><AGARI ba="0,0" hai="8,9,17,21,26,84,85,86,87,89,95" m="30183" machi="84" ten="30,1500,0" yaku="8,1" doraHai="127" who="1" fromWho="1" sc="250,-5,324,15,250,-5,176,-5" /><INIT seed="1,1,0,3,4,120" ten="245,339,245,171" oya="1" hai0="61,30,11,36,89,8,108,50,114,133,131,129,38" hai1="112,97,44,4,28,37,126,16,51,100,76,117,54" hai2="124,9,82,119,48,73,57,55,78,67,5,104,52" hai3="122,39,13,74,68,123,32,115,12,27,107,6,80"/><U59/><E112/><V110/><F119/><W132/><G6/><T66/><D114/><U63/><E117/><V40/><F104/><W53/><G53/><T111/><D30/><U10/><E126/><V18/><F124/><W102/><G13/><T2/><D89/><U31/><E76/><V25/><F67/><W99/><G12/><T98/><D98/><U26/><E37/><N who="0" m="14441" /><D50/><U130/><E4/><V116/><F116/><W91/><G91/><T45/><D45/><U34/><E34/><V101/><F101/><W88/><G88/><T35/><D35/><U33/><E33/><V17/><F40/><W75/><G115/><T71/><D133/><U121/><E121/><V92/><F92/><W47/><G132/><T96/><D96/><U21/><E10/><N who="0" m="3625" /><D2/><U135/><E135/><V49/><F25/><W118/><G118/><T20/><D20/><U94/><REACH who="1" step="1"/><E130/><AGARI ba="1,0" hai="61,66,71,108,111,129,130,131" m="3625,14441" machi="130" ten="40,5200,0" yaku="19,1,52,2" doraHai="120" who="0" fromWho="1" sc="245,55,339,-55,245,0,171,0" /><INIT seed="2,0,0,1,5,118" ten="300,284,245,171" oya="2" hai0="39,37,62,21,12,131,31,112,82,114,7,32,75" hai1="119,133,88,33,42,117,63,103,101,125,34,97,11" hai2="109,61,41,15,22,8,68,19,25,124,51,27,108" hai3="79,122,46,36,134,73,130,18,14,71,49,96,86"/><V66/><F124/><W100/><G36/><T64/><D131/><U23/><E125/><V106/><F106/><W24/><G71/><T102/><D7/><U70/><E133/><V113/><F113/><W111/><G111/><N who="2" m="42569" /><F8/><W54/><G130/><T30/><D12/><U53/><E42/><V104/><F104/><W67/><G73/><T85/><D21/><U28/><E11/><V4/><F4/><W10/><G67/><T116/><D102/><U95/><E101/><V3/><F3/><W74/><G74/><T43/><D116/><U44/><E103/><V60/><F60/><W2/><G24/><T17/><D17/><U83/><E63/><V9/><F9/><W5/><G134/><T132/><D31/><U50/><E119/><V121/><F121/><W98/><G98/><T56/><D132/><U16/><E28/><V69/><F69/><W26/><G26/><T45/><D39/><U110/><E70/><V55/><F41/><W52/><G54/><T123/><D123/><U1/><E1/><V20/><F22/><W93/><G122/><T76/><D75/><U40/><E117/><V120/><F120/><W6/><REACH who="3" step="1"/><G2/><REACH who="3" ten="300,284,245,161" step="2"/><T65/><D65/><U115/><E110/><V99/><F99/><W94/><G94/><T59/><D114/><U126/><E115/><V48/><F48/><W128/><G128/><T92/><D92/><U80/><E40/><V57/><AGARI ba="0,1" hai="15,19,20,25,27,51,55,57,61,66,68" m="42569" machi="57" ten="30,3000,0" yaku="14,1,10,1" doraHai="118" who="2" fromWho="2" sc="300,-10,284,-10,245,40,161,-10" /><INIT seed="2,1,0,3,3,117" ten="290,274,285,151" oya="2" hai0="72,55,61,129,63,70,19,98,3,130,132,75,60" hai1="59,66,94,32,126,34,106,85,21,23,58,67,89" hai2="76,103,113,20,134,74,50,135,105,5,77,84,49" hai3="39,30,100,131,111,86,116,33,108,104,82,102,120"/><V110/><F113/><W43/><G116/><T119/><D119/><U36/><E106/><V51/><F74/><W54/><G131/><N who="0" m="50187" /><D3/><U93/><E85/><V6/><F20/><W99/><G100/><T133/><D70/><U37/><REACH who="1" step="1"/><E89/><REACH who="1" ten="290,264,285,151" step="2"/><V80/><F84/><W7/><G86/><T18/><D98/><U9/><E9/><V122/><F105/><W83/><G99/><T26/><D55/><U91/><E91/><V40/><F103/><W128/><G54/><T47/><D47/><U96/><E96/><V42/><F80/><W62/><G102/><T52/><D52/><U53/><E53/><V107/><F107/><W118/><G104/><T17/><D26/><U24/><E24/><V115/><F115/><W109/><G83/><T79/><D79/><N who="2" m="30282" /><F110/><W69/><G82/><T29/><D29/><U57/><E57/><V123/><F42/><W31/><G30/><T68/><D68/><U44/><E44/><V4/><F40/><W114/><G31/><T10/><D10/><U0/><E0/><V88/><F88/><W87/><G43/><T112/><D112/><U71/><E71/><V64/><F64/><W46/><G114/><T22/><D22/><U90/><E90/><V27/><F27/><W81/><G111/><T101/><D101/><U56/><E56/><V73/><F73/><AGARI ba="1,1" hai="17,18,19,60,61,63,72,73,75,132,133" m="50187" machi="73" ten="40,5200,0" yaku="28,2,19,1" doraHai="117" who="0" fromWho="2" sc="290,65,264,0,285,-55,151,0" /><INIT seed="3,0,0,5,0,91" ten="355,264,230,151" oya="3" hai0="129,125,67,130,8,107,127,55,23,48,3,101,25" hai1="105,46,99,4,11,93,126,61,2,75,94,111,50" hai2="115,7,13,102,44,86,103,45,60,133,17,36,119" hai3="104,120,21,37,92,65,54,15,122,66,114,38,1"/><W83/><G114/><T98/><D67/><U41/><E111/><V68/><F115/><W24/><G104/><T124/><D8/><U88/><E105/><V19/><F119/><W123/><G1/><T53/><D3/><U89/><E126/><V22/><F133/><W76/><G15/><T69/><D69/><U80/><E61/><V96/><F7/><W131/><G131/><N who="0" m="50187" /><D48/><U85/><REACH who="1" step="1"/><E75/><REACH who="1" ten="355,254,230,151" step="2"/><V84/><F60/><W112/><G112/><T81/><D81/><AGARI ba="0,1" hai="2,4,11,41,46,50,80,81,85,88,89,93,94,99" machi="81" ten="40,8000,1" yaku="1,1,2,1,52,2,54,1,53,0" doraHai="91" doraHaiUra="116" who="1" fromWho="0" sc="355,-80,254,90,230,0,151,0" /><INIT seed="4,0,0,3,5,63" ten="275,344,230,151" oya="0" hai0="118,96,29,71,53,120,5,10,41,124,121,62,54" hai1="28,52,45,39,1,119,112,43,2,30,44,46,81" hai2="4,21,8,17,64,108,99,37,76,66,72,83,90" hai3="114,24,13,79,61,58,36,107,97,34,25,106,47"/><T129/><D118/><U86/><E119/><V110/><F37/><W133/><G114/><T98/><D129/><U93/><E112/><V131/><F131/><W70/><G133/><T75/><D75/><U95/><E43/><V33/><F33/><W67/><G13/><T49/><D29/><U128/><E39/><V6/><F6/><W50/><G79/><T48/><D41/><U15/><E128/><V85/><F110/><W59/><G34/><T94/><D124/><U127/><E127/><V51/><F108/><W91/><G58/><T3/><D62/><U16/><E1/><V126/><F126/><W122/><G122/><T105/><D71/><U89/><E2/><V31/><F31/><N who="1" m="11817" /><E52/><V92/><F51/><W68/><G68/><T14/><D3/><U40/><E40/><V23/><F72/><W26/><G36/><T103/><D53/><U100/><E100/><V80/><F80/><W11/><G70/><T87/><D49/><U77/><E77/><V117/><F117/><W27/><N who="3" m="6144" /><DORA hai="132" /><W101/><G11/><AGARI ba="0,0" hai="11,15,16,44,45,46,81,86,89,93,95" m="11817" machi="11" ten="30,2000,0" yaku="8,1,54,1" doraHai="63,132" who="1" fromWho="3" sc="275,0,344,20,230,0,151,-20" /><INIT seed="5,0,0,4,0,1" ten="275,364,230,131" oya="1" hai0="129,68,31,67,121,113,107,21,96,72,9,34,95" hai1="15,30,56,110,62,17,99,61,49,115,65,24,29" hai2="97,10,76,69,88,89,63,12,100,122,57,54,125" hai3="18,38,120,111,124,109,85,128,46,87,130,2,42"/><U71/><E115/><V32/><F32/><W127/><G18/><T7/><D113/><U36/><E110/><N who="3" m="41994" /><G85/><T53/><D129/><N who="3" m="49769" /><G87/><T135/><D135/><U78/><E36/><V20/><F122/><W44/><G2/><T27/><D121/><U70/><E78/><V108/><F108/><W101/><G101/><T91/><D72/><U132/><E99/><V48/><F125/><N who="3" m="48203" /><G46/><T114/><D114/><U5/><E17/><V13/><F76/><W104/><G104/><T74/><D74/><U126/><E126/><V86/><F20/><W105/><G105/><T117/><D107/><U92/><E92/><V75/><F75/><W66/><G66/><T35/><D35/><U55/><E65/><V52/><F13/><W83/><G83/><T11/><D34/><U94/><E94/><V82/><F100/><W134/><G120/><T133/><D11/><U14/><E14/><V22/><F22/><W19/><G19/><T58/><D67/><U16/><E16/><N who="2" m="8215" /><F97/><W90/><G90/><T116/><D21/><U106/><E15/><V59/><F89/><W112/><G112/><T119/><D91/><U77/><E106/><V81/><F69/><W0/><G0/><T39/><D68/><U80/><E70/><V6/><F6/><W98/><G98/><T60/><D96/><U41/><E71/><V37/><F82/><W23/><G23/><T40/><D95/><U8/><E5/><V4/><F4/><W50/><G50/><T131/><D131/><U103/><E80/><V123/><F123/><W43/><G43/><T93/><D93/><U84/><E41/><RYUUKYOKU ba="0,0" sc="275,-15,364,-15,230,15,131,15" hai2="37,48,52,54,57,59,63,81,86,88" hai3="38,42,44,134" /><INIT seed="6,1,0,0,0,83" ten="260,349,245,146" oya="2" hai0="72,116,102,99,80,87,92,105,130,37,39,52,132" hai1="29,49,70,33,25,56,96,57,24,6,66,53,128" hai2="16,98,69,10,74,35,118,43,125,17,71,11,90" hai3="111,78,62,75,60,79,65,117,38,63,34,107,89"/><V84/><F118/><W3/><G111/><T27/><D116/><U58/><E128/><V126/><F74/><W115/><G117/><T0/><D0/><U23/><E6/><V31/><F43/><W101/><G34/><T13/><D130/><U18/><REACH who="1" step="1"/><E96/><REACH who="1" ten="260,339,245,146" step="2"/><V4/><F4/><W121/><G121/><T48/><D132/><U100/><E100/><V45/><F98/><W21/><G101/><T36/><D27/><U104/><E104/><V124/><F10/><W20/><G107/><T119/><D119/><U77/><E77/><V133/><F11/><W88/><G79/><T12/><D105/><U32/><E32/><V120/><F120/><W28/><G78/><T114/><D72/><U26/><E26/><N who="2" m="18935" /><F133/><W97/><G75/><T110/><D110/><U109/><E109/><V93/><F45/><W106/><G97/><T14/><D114/><U122/><E122/><V123/><F123/><W85/><G106/><T113/><D113/><U41/><E41/><V15/><F15/><W64/><G89/><T47/><REACH who="0" step="1"/><D14/><REACH who="0" ten="250,339,245,146" step="2"/><U68/><E68/><AGARI ba="1,2" hai="16,17,68,69,71,84,90,93,124,125,126" m="18935" machi="68" ten="40,7700,0" yaku="18,1,52,1,54,1" doraHai="83" who="2" fromWho="1" sc="250,0,339,-80,245,100,146,0" /><INIT seed="6,2,0,1,5,53" ten="250,259,345,146" oya="2" hai0="82,77,76,70,9,107,116,20,60,130,17,86,99" hai1="90,87,23,126,3,58,1,6,68,10,113,118,104" hai2="106,16,44,97,45,61,89,43,0,57,2,81,13" hai3="30,112,133,62,83,7,79,73,74,55,29,122,80"/><V47/><F43/><W128/><G122/><T114/><D130/><U14/><E118/><V123/><F123/><W24/><G128/><T135/><D114/><U65/><E68/><V91/><F0/><W34/><G133/><T105/><D135/><U64/><E104/><V94/><F2/><W41/><G30/><T5/><D77/><U92/><E126/><V121/><F121/><W95/><G41/><T48/><D99/><U132/><E132/><V40/><F106/><W59/><G112/><T39/><D39/><U117/><E117/><V46/><F81/><W69/><G69/><T56/><D48/><U27/><E65/><V49/><F89/><W28/><G7/><T8/><D70/><U78/><E78/><V134/><F134/><W129/><G129/><T108/><D8/><U75/><E75/><V71/><F71/><W33/><G95/><T72/><D72/><U115/><E115/><V26/><F26/><W36/><G36/><T124/><D124/><U109/><E109/><V110/><F110/><W22/><G28/><T102/><D102/><U67/><E67/><N who="2" m="39343" /><F45/><W11/><G11/><AGARI ba="2,0" hai="11,13,16,40,44,46,47,49,91,94,97" m="39343" machi="11" ten="30,5800,0" yaku="8,1,52,1,54,1" doraHai="53" who="2" fromWho="3" sc="250,0,259,0,345,64,146,-64" /><INIT seed="6,3,0,0,2,58" ten="250,259,409,82" oya="2" hai0="101,115,23,14,123,75,71,88,32,97,78,36,28" hai1="69,64,109,43,122,114,62,24,1,125,84,72,80" hai2="87,85,135,51,52,121,56,19,132,26,110,68,9" hai3="39,86,133,102,3,100,17,99,96,113,18,127,119"/><V90/><F68/><W106/><G119/><T57/><D36/><U0/><E109/><V12/><F121/><W40/><G3/><T48/><D71/><U66/><E122/><V16/><F110/><W7/><G7/><T104/><D123/><U47/><E72/><V63/><F51/><W50/><G127/><T45/><D32/><U98/><E114/><V11/><F87/><W81/><G133/><N who="2" m="51273" /><F26/><W91/><G39/><T34/><D34/><U124/><E24/><V53/><F53/><W4/><G4/><T6/><D28/><U128/><E64/><V93/><F11/><W74/><G113/><T76/><D75/><U27/><E27/><V73/><F73/><W126/><G126/><N who="1" m="48746" /><E98/><V41/><F41/><W79/><G50/><T10/><D23/><U94/><E94/><V60/><F63/><W37/><G40/><T38/><D38/><N who="1" m="22007" /><E128/><V129/><F129/><W103/><G103/><T46/><D115/><U8/><E8/><V30/><F30/><W116/><G116/><T5/><D5/><AGARI ba="3,0" hai="5,9,12,16,19,52,56,60,85,90,93" m="51273" machi="5" ten="30,11600,0" yaku="20,1,52,1,54,2" doraHai="58" who="2" fromWho="0" sc="250,-125,259,0,409,125,82,0" /><INIT seed="6,4,0,1,4,3" ten="125,259,534,82" oya="2" hai0="51,50,128,9,24,11,94,80,54,122,2,93,133" hai1="65,102,60,104,29,22,59,130,30,19,135,78,8" hai2="53,21,106,72,55,38,15,115,40,89,95,110,17" hai3="45,74,18,32,36,109,48,117,129,5,132,10,90"/><V62/><F106/><W44/><G117/><T25/><D122/><U52/><E130/><V131/><F72/><W107/><G109/><T98/><D128/><U47/><E135/><V58/><F131/><W49/><G129/><T134/><D80/><U103/><E78/><V83/><F110/><W111/><G111/><T64/><D64/><U76/><E76/><V61/><F115/><W1/><G107/><T56/><D2/><U116/><E8/><V100/><F38/><W99/><G32/><T97/><D56/><U84/><E84/><V31/><F40/><W42/><G74/><T112/><D54/><U33/><E33/><V46/><F31/><N who="1" m="11785" /><E104/><V43/><F43/><W70/><G70/><T86/><D86/><U114/><E114/><AGARI ba="4,0" hai="9,11,24,25,50,51,93,94,97,98,112,114,133,134" machi="114" ten="25,1600,0" yaku="22,2" doraHai="3" who="0" fromWho="1" sc="125,28,259,-28,534,0,82,0" /><INIT seed="7,0,0,5,0,56" ten="153,231,534,82" oya="3" hai0="34,121,98,127,40,54,129,94,25,66,130,35,110" hai1="122,18,45,120,107,111,26,70,106,77,118,91,78" hai2="135,19,63,29,109,49,13,27,133,95,88,117,30" hai3="48,92,20,79,99,17,89,108,80,61,2,116,16"/><W32/><G116/><T7/><D110/><U12/><E70/><V46/><F109/><W71/><G32/><T85/><D121/><U104/><E111/><V42/><F117/><W68/><G108/><T53/><D40/><U3/><E3/><V21/><F63/><W62/><G2/><T60/><D7/><U114/><E114/><V36/><F36/><W15/><G68/><T128/><D85/><U69/><E69/><V112/><F112/><W96/><G71/><N who="0" m="42439" /><D127/><U65/><E118/><V31/><REACH who="2" step="1"/><F27/><REACH who="2" ten="153,231,524,82" step="2"/><N who="3" m="14727" /><G48/><T73/><D25/><U124/><E26/><V132/><F132/><W52/><G96/><AGARI ba="0,1" hai="13,19,21,29,30,31,42,46,49,88,95,96,133,135" machi="96" ten="40,5200,0" yaku="1,1,54,1,53,1" doraHai="56" doraHaiUra="39" who="2" fromWho="3" sc="153,0,231,0,524,62,82,-52" owari="153,-25.0,231,3.0,586,69.0,30,-47.0" /></mjloggm>