<mjloggm ver="2.3"><GO type="169" lobby="0"/><UN n0="%78%78%62%6D%6D" n1="%E4%BF%BA%E3%81%A7%E3%81%99" n2="%67%61%79%75%6E%79" n3="%E6%A9%98%E3%83%AF%E3%83%AB%E3%83%84" dan="17,16,16,17" rate="2156.48,2062.88,2121.66,2239.22" sx="M,M,M,M"/><TAIKYOKU oya="0"/><INIT seed="0,0,0,2,3,5" ten="250,250,250,250" oya="0" hai0="39,2,108,110,71,73,90,103,109,101,123,92,112" hai1="105,23,6,89,51,97,75,30,37,62,99,117,54" hai2="9,32,135,50,113,15,129,96,107,100,66,11,94" hai3="125,13,78,12,40,57,35,49,0,31,121,98,56"/><T22/><D71/><U69/><E117/><V116/><F113/><W61/><G0/><T26/><D112/><U38/><E75/><V34/><F135/><W104/><G78/><T111/><D123/><U84/><E6/><V64/><F116/><W53/><G121/><T86/><D39/><U130/><E30/><V93/><F129/><W106/><G125/><T81/><N who="0" m="27648" /><DORA hai="43" /><T45/><D2/><U41/><E23/><V80/><F107/><W88/><G35/><T65/><D65/><U1/><E1/><V85/><F94/><W124/><G31/><T44/><D73/><U122/><E122/><V59/><F32/><W102/><G106/><T114/><D114/><U72/><E72/><V126/><F34/><W8/><G13/><T115/><D115/><U128/><E105/><V70/><F70/><W120/><G124/><T25/><D25/><U28/><E28/><V7/><F126/><W76/><G76/><T67/><D67/><N who="1" m="41207" /><E38/><V63/><F11/><W21/><G21/><T118/><D118/><U24/><E24/><V36/><F36/><W79/><G79/><T91/><D103/><U127/><E127/><V17/><F66/><W18/><G120/><T47/><D101/><U132/><E132/><V48/><F7/><W33/><G33/><T77/><D92/><N who="1" m="54311" /><E130/><V29/><F29/><AGARI ba="0,0" hai="22,26,29,44,45,47,77,81,86,90,91" m="27648" machi="29" ten="70,12000,1" yaku="14,1,10,1,52,3" doraHai="5,43" who="0" fromWho="2" sc="250,120,250,0,250,-120,250,0" /><INIT seed="0,1,0,2,3,81" ten="370,250,130,250" oya="0" hai0="49,106,22,125,132,35,117,3,18,70,43,128,89" hai1="11,101,71,67,61,100,20,134,68,21,97,110,86" hai2="5,25,41,114,56,112,72,111,36,52,108,84,126" hai3="119,34,64,0,99,93,80,120,131,2,57,17,44"/><T8/><D70/><U107/><E110/><N who="2" m="42027" /><F72/><W48/><G119/><T78/><D106/><U96/><E134/><V122/><F122/><W55/><G34/><T14/><D78/><U116/><E116/><V66/><F126/><W33/><G33/><T130/><D43/><U103/><E71/><V129/><F129/><N who="0" m="49770" /><D49/><U82/><E11/><V102/><F66/><W7/><G131/><T59/><D59/><U42/><E42/><V123/><F123/><W29/><G120/><T127/><D89/><U39/><E39/><V105/><F5/><W75/><G7/><N who="0" m="1151" /><D117/><U135/><E103/><V62/><F25/><W24/><G57/><T95/><D95/><U76/><REACH who="1" step="1"/><E135/><REACH who="1" ten="370,240,130,250" step="2"/><V51/><F36/><W98/><G2/><T87/><D132/><U77/><E77/><V16/><F102/><W109/><G0/><T60/><D127/><U37/><E37/><V69/><F69/><W13/><G109/><T45/><D125/><U85/><E85/><V10/><F84/><W88/><G98/><T91/><D87/><U54/><E54/><N who="2" m="34071" /><F41/><W40/><G40/><T26/><D91/><U65/><E65/><V90/><F90/><W50/><G64/><T73/><D73/><U92/><AGARI ba="1,1" hai="20,21,61,67,68,76,82,86,92,96,97,100,101,107" machi="92" ten="20,5200,0" yaku="1,1,0,1,7,1,52,1,53,0" doraHai="81" doraHaiUra="4" who="1" fromWho="1" sc="370,-27,240,65,130,-14,250,-14" /><INIT seed="1,0,0,1,5,35" ten="343,305,116,236" oya="1" hai0="30,134,13,125,101,34,77,47,42,105,133,121,29" hai1="59,2,53,36,64,128,24,15,100,90,85,40,10" hai2="72,93,51,46,120,80,124,60,129,69,48,0,109" hai3="74,50,39,31,92,17,103,20,86,113,37,68,96"/><U57/><E128/><V111/><F120/><W41/><G113/><T127/><D77/><U5/><E100/><V7/><F124/><N who="0" m="47690" /><D121/><U82/><E64/><N who="2" m="41095" /><F129/><W79/><G68/><T3/><D101/><U6/><E24/><V94/><F7/><W116/><G116/><T63/><D105/><U44/><REACH who="1" step="1"/><E53/><REACH who="1" ten="343,295,116,236" step="2"/><V32/><F111/><W65/><G103/><T14/><D134/><U21/><E21/><V110/><F109/><W89/><G65/><T22/><D133/><U9/><AGARI ba="0,1" hai="2,5,6,9,10,15,36,40,44,57,59,82,85,90" machi="9" ten="30,11700,0" yaku="1,1,0,1,52,1,53,1" doraHai="35" doraHaiUra="76" who="1" fromWho="1" sc="343,-39,295,127,116,-39,236,-39" /><INIT seed="1,1,0,2,4,110" ten="304,422,77,197" oya="1" hai0="135,82,13,97,35,96,73,83,53,31,116,3,15" hai1="10,78,39,132,41,111,117,0,85,133,11,27,68" hai2="95,124,104,54,114,52,86,118,74,122,94,93,89" hai3="37,14,70,63,32,18,25,128,6,9,57,126,47"/><U22/><E117/><V88/><F122/><W16/><G70/><T115/><D3/><U43/><E111/><V105/><F118/><W17/><G128/><T4/><D116/><U65/><E65/><V79/><F124/><W90/><G126/><T36/><D36/><U106/><E106/><N who="2" m="41067" /><F114/><W49/><G37/><T81/><D73/><U26/><E68/><V112/><F112/><W28/><G90/><N who="2" m="34921" /><F54/><W24/><G24/><T69/><D53/><U108/><E108/><V8/><F8/><W103/><G103/><T99/><D69/><U87/><E39/><V23/><F23/><W30/><G30/><T5/><D115/><U131/><E22/><V127/><F127/><W72/><G72/><T55/><D55/><U84/><E0/><V40/><F40/><N who="1" m="15433" /><E78/><V107/><N who="2" m="41075" /><V102/><DORA hai="66" /><F52/><W42/><G63/><T98/><D99/><U123/><E123/><V130/><F130/><W56/><AGARI ba="1,0" hai="6,9,14,16,17,18,25,28,32,42,47,49,56,57" machi="56" ten="30,2000,0" yaku="0,1,54,1" doraHai="110,66" who="3" fromWho="3" sc="304,-6,422,-11,77,-6,197,23" /><INIT seed="2,0,0,3,1,25" ten="298,411,71,220" oya="2" hai0="0,102,28,57,90,9,93,46,98,51,50,40,68" hai1="116,56,111,89,96,125,91,64,19,80,60,39,112" hai2="83,121,47,73,101,11,26,17,34,16,88,81,4" hai3="105,69,120,124,65,87,103,35,3,114,59,82,5"/><V77/><F121/><W15/><G120/><T36/><D68/><U113/><E111/><V86/><F101/><W107/><G114/><T110/><D110/><U58/><E116/><V74/><F74/><W109/><G109/><T62/><D0/><U119/><E119/><V43/><F26/><W134/><G134/><T54/><D9/><U67/><E39/><V30/><F30/><W42/><G69/><T99/><REACH who="0" step="1"/><D28/><REACH who="0" ten="288,411,71,220" step="2"/><U53/><E113/><V122/><F34/><W129/><G3/><T108/><D108/><U29/><E29/><V61/><F61/><W100/><G105/><AGARI ba="0,1" hai="36,40,46,50,51,54,57,62,90,93,98,99,102,105" machi="105" ten="30,2000,0" yaku="1,1,7,1,53,0" doraHai="25" doraHaiUra="133" who="0" fromWho="3" sc="288,30,411,0,71,0,220,-20" /><INIT seed="3,0,0,2,4,97" ten="318,411,71,200" oya="3" hai0="61,55,117,78,103,65,54,122,125,4,102,112,130" hai1="64,135,48,11,73,36,77,1,22,113,100,128,63" hai2="111,83,47,32,43,50,87,68,76,72,24,14,69" hai3="132,3,75,23,109,30,98,82,34,10,31,90,45"/><W53/><G34/><T59/><D117/><U12/><E113/><V66/><F111/><W39/><G132/><T42/><D122/><U70/><E36/><V121/><F121/><W89/><G109/><T27/><D130/><U93/><E128/><V41/><F41/><W51/><G39/><T96/><D125/><U28/><E1/><V127/><F66/><W120/><G120/><T80/><D112/><U60/><E48/><V56/><F56/><W99/><G75/><T131/><D131/><U126/><E126/><V119/><F119/><W7/><G23/><T57/><D42/><U18/><E135/><V38/><F127/><W104/><G99/><T9/><D27/><U0/><E63/><V19/><F38/><W17/><G17/><T62/><D96/><U71/><E71/><V58/><F58/><W40/><G40/><T95/><D95/><U81/><E93/><V5/><F72/><W15/><G3/><T94/><D94/><U134/><E134/><V37/><F37/><W16/><G7/><T13/><REACH who="0" step="1"/><D65/><REACH who="0" ten="308,411,71,200" step="2"/><U52/><E52/><V92/><F92/><N who="3" m="56591" /><G104/><T33/><D33/><U129/><E129/><V26/><F32/><W133/><G133/><T44/><D44/><U118/><E118/><V85/><F26/><W108/><G108/><T110/><D110/><U8/><E64/><V107/><F107/><W106/><G106/><T86/><AGARI ba="0,1" hai="4,9,13,54,55,57,59,61,62,78,80,86,102,103" machi="86" ten="20,12000,2" yaku="1,1,0,1,7,1,9,1,8,1,52,2,53,0" doraHai="97" doraHaiUra="67" who="0" fromWho="0" sc="308,130,411,-30,71,-30,200,-60" /><INIT seed="4,0,0,1,0,69" ten="438,381,41,140" oya="0" hai0="29,73,80,76,128,6,51,113,91,90,4,39,16" hai1="15,58,31,49,108,107,38,48,20,47,87,10,100" hai2="55,85,11,30,24,127,103,44,40,23,57,94,1" hai3="89,120,124,86,96,82,112,84,95,13,121,118,5"/><T59/><D39/><U83/><E108/><V135/><F127/><W46/><G118/><T61/><D113/><U74/><E74/><V41/><F135/><W75/><G112/><T65/><D128/><U53/><E107/><V45/><F1/><W109/><G109/><T56/><D29/><U34/><E34/><V134/><F134/><W28/><G28/><T18/><D4/><U122/><E122/><N who="3" m="47210" /><G46/><T17/><REACH who="0" step="1"/><D6/><REACH who="0" ten="428,381,41,140" step="2"/><U70/><E38/><V133/><F133/><W110/><G110/><T54/><AGARI ba="0,1" hai="16,17,18,51,54,56,59,61,65,73,76,80,90,91" machi="54" ten="30,11700,0" yaku="1,1,2,1,0,1,54,1,53,0" doraHai="69" doraHaiUra="114" who="0" fromWho="0" sc="428,127,381,-39,41,-39,140,-39" /><INIT seed="4,1,0,0,1,134" ten="555,342,2,101" oya="0" hai0="130,38,48,26,22,88,37,68,33,28,39,69,111" hai1="105,109,2,42,72,67,91,59,95,127,131,133,74" hai2="132,125,86,62,20,43,1,36,52,77,128,83,120" hai3="129,35,45,49,51,4,90,117,12,32,63,41,15"/><T60/><D130/><U57/><E2/><V99/><F120/><W24/><G117/><T0/><D0/><U78/><E105/><V75/><F132/><W25/><G129/><T106/><D111/><U85/><E133/><V110/><F128/><W81/><G63/><T3/><D3/><U13/><E109/><V40/><F110/><W61/><G61/><T103/><D48/><U115/><E131/><V93/><F75/><W18/><G51/><T5/><D5/><U23/><E42/><V46/><F1/><W119/><G119/><T107/><D22/><U7/><E115/><V100/><F43/><W6/><G32/><T126/><D88/><U30/><E7/><N who="3" m="2602" /><G35/><T96/><D107/><U14/><E74/><V123/><F123/><W116/><G116/><T34/><D34/><U92/><E72/><V76/><F76/><W124/><G15/><T47/><D47/><U87/><E13/><V65/><F20/><W56/><G56/><T101/><D101/><U108/><E14/><V10/><F10/><W21/><G124/><T50/><D50/><U54/><E127/><V113/><F113/><W70/><G70/><N who="0" m="27243" /><D60/><U31/><E108/><V97/><F125/><AGARI ba="1,0" hai="26,28,33,37,38,39,96,103,106,125,126" m="27243" machi="125" ten="40,7700,0" yaku="23,1,52,2" doraHai="134" who="0" fromWho="2" sc="555,80,342,0,2,-80,101,0" owari="635,74.0,342,14.0,-78,-58.0,101,-30.0" /></mjloggm>