<mjloggm ver="2.3"><GO type="169" lobby="0"/><UN n0="%41%6D%61%79%62%65" n1="%E3%81%82%E3%81%95%E3%81%B4%E3%82%93%EF%BC%A0%EF%BD%8D%EF%BD%8A" n2="%E7%9C%9F%E9%BE%8D%E5%85%84%E8%B2%B4" n3="%E3%83%A9%E3%82%B9%E3%82%8B%E3%81%8B%E3%81%AA" dan="17,17,17,16" rate="2185.22,2149.70,2174.01,2135.93" sx="M,M,M,M"/><TAIKYOKU oya="0"/><INIT seed="0,0,0,0,3,102" ten="250,250,250,250" oya="0" hai0="0,107,126,135,13,24,53,123,124,41,6,40,36" hai1="27,60,108,63,130,117,32,111,86,97,68,56,106" hai2="54,119,23,83,2,42,3,57,55,38,62,18,17" hai3="15,45,5,72,133,39,37,121,81,7,59,20,118"/><T11/><D123/><U4/><E117/><V43/><F119/><W93/><G118/><T134/><D53/><U132/><E4/><V76/><F18/><W116/><G116/><T10/><D24/><U34/><E130/><V50/><F38/><W98/><G133/><N who="0" m="50699" /><D36/><U22/><E132/><V33/><F33/><W75/><G39/><T96/><D41/><U87/><E68/><V12/><F3/><W84/><G59/><T109/><D40/><U128/><E128/><V47/><REACH who="2" step="1"/><F2/><REACH who="2" ten="250,250,240,250" step="2"/><W67/><G37/><T88/><D109/><U122/><E34/><V80/><F80/><W61/><G81/><T105/><D0/><U94/><E32/><V129/><F129/><W16/><G16/><T35/><D35/><U110/><E110/><V120/><F120/><W115/><G121/><T66/><D11/><U21/><E122/><V30/><F30/><W82/><G82/><T79/><D79/><U112/><E108/><V125/><F125/><N who="0" m="48234" /><D66/><U52/><E111/><V114/><F114/><W113/><G67/><T65/><D65/><U49/><E112/><V70/><F70/><W85/><G113/><T31/><D31/><U69/><E69/><V131/><F131/><W101/><G115/><T46/><D46/><U19/><E21/><V44/><F44/><W14/><G20/><T74/><D74/><AGARI ba="0,1" hai="12,17,23,42,43,47,50,54,55,57,62,74,76,83" machi="74" ten="30,2000,0" yaku="1,1,7,1,53,0" doraHai="102" doraHaiUra="26" who="2" fromWho="0" sc="250,-20,250,0,240,30,250,0" /><INIT seed="1,0,0,0,3,34" ten="230,250,270,250" oya="1" hai0="118,105,107,122,76,79,16,13,133,101,18,82,59" hai1="38,68,83,80,81,41,31,23,131,47,63,124,86" hai2="74,104,57,93,72,111,117,78,120,135,102,26,58" hai3="49,64,77,25,125,55,128,22,132,115,71,17,30"/><U126/><E131/><V45/><F104/><W61/><G115/><T89/><D118/><U67/><E31/><V84/><F45/><W5/><G128/><T37/><D37/><U11/><E23/><V1/><F26/><W29/><G132/><T3/><D133/><U48/><E11/><V90/><F102/><W62/><G125/><N who="1" m="48234" /><E38/><V85/><F78/><AGARI ba="0,0" hai="41,47,48,63,67,68,78,80,81,83,86" m="48234" machi="78" ten="30,1500,0" yaku="18,1" doraHai="34" who="1" fromWho="2" sc="230,0,250,15,270,-15,250,0" /><INIT seed="1,1,0,4,0,62" ten="230,265,255,250" oya="1" hai0="130,79,76,35,56,113,68,118,40,36,53,6,84" hai1="93,5,128,103,91,65,58,47,115,73,34,107,90" hai2="20,59,78,54,55,72,46,87,42,135,125,0,120" hai3="19,16,80,97,25,13,85,106,7,14,127,94,48"/><U32/><E115/><V15/><F0/><W92/><G127/><T98/><D113/><U2/><E73/><V10/><F72/><W4/><G25/><T44/><D118/><U49/><E128/><V86/><F120/><W3/><G3/><T39/><D130/><U82/><E107/><V29/><F135/><W1/><G1/><T89/><D35/><U22/><E2/><V83/><F86/><W66/><G106/><T110/><D110/><U52/><E5/><V88/><F78/><W100/><G92/><T17/><D6/><U74/><E34/><V101/><F101/><W132/><G66/><T43/><D98/><N who="1" m="59855" /><E74/><V26/><F59/><W129/><G132/><T12/><D68/><U126/><E32/><V18/><REACH who="2" step="1"/><F125/><REACH who="2" ten="230,265,245,250" step="2"/><W11/><G129/><T134/><D134/><U69/><E126/><V37/><AGARI ba="1,1" hai="10,15,18,20,26,29,37,42,46,54,55,83,87,88" machi="37" ten="20,8000,1" yaku="1,1,2,1,0,1,7,1,54,1,53,0" doraHai="62" doraHaiUra="116" who="2" fromWho="2" sc="230,-21,265,-41,245,93,250,-21" /><INIT seed="2,0,0,4,1,73" ten="209,224,338,229" oya="2" hai0="132,50,96,131,67,99,89,51,103,110,111,115,43" hai1="79,55,124,32,36,98,74,11,127,1,84,24,82" hai2="26,134,122,123,44,125,85,97,7,75,105,69,30" hai3="133,113,130,61,47,78,9,39,118,46,34,0,121"/><V20/><F75/><W12/><G34/><T65/><D115/><U92/><E36/><V104/><F69/><W80/><G0/><T72/><D72/><U68/><E68/><V38/><F7/><W109/><G118/><T53/><D131/><U129/><E129/><V14/><F104/><W33/><G33/><T5/><D5/><U6/><E74/><V76/><F14/><W64/><G39/><T116/><D132/><U54/><E32/><V87/><F87/><W112/><G109/><T100/><D89/><U57/><E24/><V63/><F63/><W59/><G121/><T83/><D83/><U18/><E18/><V28/><F28/><W108/><G108/><T17/><D17/><U128/><E128/><V13/><F13/><W56/><G56/><T21/><D53/><U41/><E41/><V52/><F38/><W15/><G15/><T93/><D93/><U37/><E37/><V3/><F3/><W58/><G58/><T106/><D21/><U117/><E117/><V8/><F8/><W101/><G101/><T86/><D86/><U22/><E22/><V119/><F85/><N who="3" m="48279" /><G133/><T90/><D90/><N who="1" m="55575" /><E57/><V135/><F119/><W81/><G81/><T19/><D116/><U70/><E70/><V31/><F134/><W126/><G130/><T2/><D2/><U45/><E45/><V77/><F44/><N who="3" m="16939" /><G113/><T91/><D91/><U48/><E48/><V94/><F122/><W120/><G120/><T62/><D106/><U95/><E95/><V4/><F123/><W114/><G126/><AGARI ba="0,0" hai="1,6,11,54,55,79,82,84,124,126,127" m="55575" machi="126" ten="30,2000,0" yaku="18,1,52,1" doraHai="73" who="1" fromWho="3" sc="209,0,224,20,338,0,229,-20" /><INIT seed="3,0,0,0,2,6" ten="209,244,338,209" oya="3" hai0="58,84,56,40,29,105,114,115,64,60,103,57,71" hai1="89,67,35,86,112,28,45,95,80,9,79,39,133" hai2="131,130,134,106,36,101,50,68,1,26,16,7,27" hai3="32,123,38,21,70,10,83,62,20,119,47,55,4"/><W46/><G32/><T15/><D40/><U22/><E112/><N who="0" m="43049" /><D29/><U88/><E133/><V17/><F68/><W108/><G119/><T111/><D111/><U37/><E35/><V54/><F36/><W59/><G123/><T61/><D84/><U11/><E67/><V48/><F54/><W97/><G108/><T19/><D103/><U78/><E39/><V90/><F101/><W91/><G70/><T81/><D81/><U65/><E65/><V109/><F109/><W117/><G117/><T120/><D105/><U43/><E79/><V2/><F106/><W77/><G91/><T51/><D51/><N who="1" m="27071" /><E78/><V82/><F82/><W18/><G97/><T102/><D102/><U69/><E37/><V30/><F30/><W93/><G93/><T92/><D92/><U128/><E69/><V85/><F85/><W121/><G121/><T122/><D61/><U135/><E135/><V0/><F90/><W52/><G38/><T76/><D76/><U125/><E89/><V44/><F134/><W113/><G113/><T5/><D5/><U98/><E80/><V126/><F7/><W96/><G96/><T104/><D104/><U13/><E86/><V99/><F99/><W63/><G83/><T31/><D31/><U25/><E98/><V127/><F0/><N who="3" m="263" /><G77/><T8/><AGARI ba="0,0" hai="8,15,19,56,57,58,60,64,71,120,122" m="43049" machi="8" ten="30,2000,0" yaku="11,1,52,1" doraHai="6" who="0" fromWho="0" sc="209,20,244,-5,338,-5,209,-10" /><INIT seed="4,0,0,0,5,85" ten="229,239,333,199" oya="0" hai0="100,108,98,90,109,0,87,18,22,103,93,56,67" hai1="114,28,110,124,24,54,15,130,113,134,59,94,104" hai2="73,64,80,42,111,125,45,39,8,41,71,92,21" hai3="107,69,81,123,37,105,122,89,58,72,79,115,63"/><T95/><D0/><U48/><E110/><V65/><F71/><W1/><G37/><T88/><D108/><U5/><E104/><V20/><F42/><W133/><G1/><T43/><D43/><U83/><E124/><V36/><F20/><W6/><G6/><T29/><D29/><U2/><E2/><V60/><F60/><W13/><G13/><T53/><D67/><U78/><E134/><V86/><F21/><W127/><G69/><T23/><D109/><U27/><E130/><V116/><F39/><W62/><G133/><T99/><D87/><U38/><E38/><V55/><F55/><W91/><G63/><N who="0" m="36239" /><D23/><U47/><E59/><V40/><F40/><W117/><G117/><T129/><D129/><U49/><E28/><V70/><F41/><W17/><G17/><T135/><D135/><U75/><E49/><V4/><F65/><N who="3" m="39127" /><G127/><T31/><D31/><U10/><REACH who="1" step="1"/><E94/><REACH who="1" ten="229,229,333,199" step="2"/><V32/><F92/><W128/><G128/><T102/><D102/><U7/><E7/><V97/><F4/><W16/><G107/><T11/><D11/><U33/><E33/><V106/><F8/><W96/><G105/><T112/><D112/><AGARI ba="0,1" hai="5,10,15,24,27,47,48,54,75,78,83,112,113,114" machi="112" ten="40,5200,0" yaku="1,1,15,1,11,1,53,0" doraHai="85" doraHaiUra="25" who="1" fromWho="0" sc="229,-52,229,62,333,0,199,0" /><INIT seed="5,0,0,1,4,13" ten="177,291,333,199" oya="1" hai0="65,53,79,125,82,120,80,46,122,76,78,92,16" hai1="21,135,41,36,115,5,105,55,30,99,131,61,93" hai2="49,2,87,98,9,96,60,48,14,25,22,67,11" hai3="81,28,42,112,94,19,40,50,90,109,129,71,63"/><U72/><E72/><V45/><F2/><W66/><G109/><T43/><D65/><U17/><E105/><V95/><F87/><W59/><G112/><T32/><D32/><U20/><E115/><V18/><F11/><W58/><G28/><T111/><D111/><U69/><E131/><V107/><F107/><W101/><G129/><T26/><D53/><U75/><E75/><V134/><F134/><W117/><G117/><T62/><D62/><U1/><E135/><V85/><F85/><W31/><G31/><T64/><D64/><U29/><E21/><V57/><F45/><W110/><G101/><T35/><D35/><U126/><E126/><V86/><F86/><N who="3" m="52567" /><G81/><T102/><D92/><U97/><E97/><V27/><F27/><W23/><G71/><T4/><D102/><U15/><E69/><V8/><F8/><W106/><G106/><T52/><D4/><U68/><E68/><V100/><REACH who="2" step="1"/><F96/><REACH who="2" ten="177,291,323,199" step="2"/><W77/><G110/><T33/><D125/><U44/><E1/><V108/><F108/><W113/><G113/><T56/><D80/><U121/><E5/><AGARI ba="0,1" hai="5,9,14,18,22,25,48,49,57,60,67,95,98,100" machi="5" ten="30,12000,2" yaku="1,1,7,1,8,1,52,1,53,2" doraHai="13" doraHaiUra="47" who="2" fromWho="1" sc="177,0,291,-120,323,130,199,0" /><INIT seed="6,0,0,0,0,104" ten="177,171,453,199" oya="2" hai0="34,51,23,13,98,63,130,18,117,25,84,6,78" hai1="64,12,113,33,116,102,41,129,2,74,67,62,111" hai2="26,61,3,68,79,35,75,81,94,83,108,4,27" hai3="101,106,96,112,77,91,95,128,69,58,70,127,89"/><V60/><F94/><W38/><G38/><T73/><D130/><U28/><E116/><V107/><F107/><W55/><G127/><T105/><D117/><U114/><E2/><V133/><F27/><W53/><G128/><T31/><D84/><U46/><E111/><V119/><F60/><W36/><G36/><T52/><D63/><U15/><E102/><V43/><F83/><W90/><G112/><N who="1" m="43114" /><E129/><V72/><F43/><W16/><G106/><T135/><D135/><U86/><E74/><V44/><F72/><W7/><G7/><T131/><D131/><U80/><E28/><V123/><F3/><W82/><G16/><T29/><D6/><U66/><E33/><V45/><F35/><W40/><G40/><T19/><D19/><U42/><E62/><V103/><F103/><W50/><REACH who="3" step="1"/><G55/><REACH who="3" ten="177,171,453,189" step="2"/><T8/><D105/><U24/><E24/><V120/><F26/><W10/><G10/><T0/><D8/><U5/><E5/><V126/><F4/><W134/><G134/><T76/><D29/><U71/><E42/><V1/><F133/><W110/><G110/><T14/><D0/><U88/><E71/><V97/><F68/><W30/><G30/><T17/><D17/><U125/><E125/><V32/><F126/><W99/><G99/><T20/><D31/><U93/><E93/><V56/><F108/><W115/><G115/><T39/><D18/><U54/><E54/><V48/><F1/><W37/><G37/><AGARI ba="0,1" hai="12,15,37,41,46,64,66,67,80,86,88" m="43114" machi="37" ten="30,2000,0" yaku="15,1,54,1" doraHai="104" who="1" fromWho="3" sc="177,0,171,30,453,0,189,-20" /><INIT seed="7,0,0,0,5,96" ten="177,201,453,169" oya="3" hai0="127,81,5,121,98,97,35,74,75,92,6,111,47" hai1="100,54,133,64,124,102,40,125,46,15,66,36,9" hai2="26,55,70,69,104,59,116,49,91,45,51,123,53" hai3="130,16,83,65,112,76,131,29,52,117,20,28,43"/><W3/><G117/><T115/><D111/><U18/><E54/><V132/><F104/><W113/><G3/><T11/><D35/><U37/><E37/><V4/><F4/><W107/><G43/><T88/><D121/><U78/><E78/><V31/><F116/><W38/><G38/><T122/><D122/><U86/><E86/><V77/><F123/><W57/><G65/><N who="1" m="25194" /><E133/><V22/><F132/><W72/><G107/><T105/><D6/><U106/><E106/><V119/><F119/><W109/><G109/><T101/><D127/><AGARI ba="0,0" hai="9,15,18,36,40,46,100,102,124,125,127" m="25194" machi="127" ten="30,3900,0" yaku="18,1,52,2" doraHai="96" who="1" fromWho="0" sc="177,-39,201,39,453,0,169,0" owari="138,-36.0,240,4.0,453,55.0,169,-23.0" /></mjloggm>