<mjloggm ver="2.3"><GO type="169" lobby="0"/><UN n0="%E6%A1%83%E4%B8%B8%E3%81%AD%E3%81%8F%E3%81%A8" n1="%E8%B5%A4%E5%BA%A7%E3%81%82%E3%81%8B%E3%82%8A%45%58" n2="%E5%AE%88%E6%9D%91%E6%A1%9C%E5%BC%A5" n3="%E6%96%87%E5%BD%A9" dan="18,16,16,16" rate="2177.19,2002.78,2127.39,2137.96" sx="F,M,M,M"/><TAIKYOKU oya="0"/><INIT seed="0,0,0,3,4,114" ten="250,250,250,250" oya="0" hai0="122,19,56,82,112,34,93,7,94,31,118,35,102" hai1="41,2,96,103,66,123,22,134,52,64,53,125,91" hai2="30,83,69,76,3,77,49,127,17,57,67,6,104" hai3="92,95,54,36,15,107,9,47,29,98,90,106,45"/><T33/><D112/><U58/><E123/><V74/><F104/><W100/><G29/><T121/><D31/><U71/><E71/><V32/><F127/><W124/><G124/><T68/><D68/><U101/><E125/><V11/><F17/><W12/><G54/><T88/><D7/><U4/><E41/><V81/><F69/><W25/><G25/><T65/><D118/><U40/><E40/><V5/><F5/><W79/><G79/><T27/><D82/><U48/><E91/><V117/><F30/><W132/><G132/><T42/><D42/><U63/><E134/><V18/><F18/><W120/><G120/><T86/><D94/><U14/><E2/><V46/><F46/><W55/><G36/><T108/><D102/><U62/><E103/><V109/><F32/><W38/><G38/><T128/><D128/><U16/><E4/><V39/><F39/><W23/><G23/><T24/><D24/><U43/><E43/><V75/><F109/><W133/><G133/><T59/><D59/><N who="1" m="33159" /><E63/><V28/><F28/><W70/><G70/><T126/><D126/><U0/><E0/><V110/><F110/><W113/><G90/><T20/><REACH who="0" step="1"/><D108/><REACH who="0" ten="240,250,250,250" step="2"/><U26/><E26/><V44/><F44/><W80/><G45/><T97/><D97/><U119/><E119/><V13/><F117/><W115/><G47/><T61/><AGARI ba="0,1" hai="19,20,27,33,34,35,56,61,65,86,88,93,121,122" machi="61" ten="40,7800,0" yaku="1,1,0,1,54,1,53,0" doraHai="114" doraHaiUra="1" who="0" fromWho="0" sc="240,88,250,-26,250,-26,250,-26" /><INIT seed="0,1,0,4,1,51" ten="328,224,224,224" oya="0" hai0="68,115,77,71,72,82,97,4,93,123,63,41,112" hai1="21,132,5,53,58,109,59,45,107,67,122,87,76" hai2="42,78,50,84,8,20,105,9,131,102,81,56,70" hai3="48,120,26,43,94,32,6,98,61,14,25,121,10"/><T1/><D123/><N who="3" m="47177" /><G61/><T22/><D22/><U101/><E122/><V128/><F70/><W99/><G32/><T29/><D29/><U119/><E119/><V47/><F20/><W125/><G125/><T49/><D1/><U126/><E126/><V35/><F35/><W88/><G99/><T110/><D4/><U39/><E109/><V17/><F17/><W18/><G18/><T95/><D95/><U19/><E5/><V118/><F118/><W66/><G66/><T129/><D129/><N who="2" m="49738" /><F56/><W54/><G43/><T85/><D110/><U62/><E59/><AGARI ba="1,0" hai="6,10,14,25,26,48,54,59,88,94,98" m="47177" machi="59" ten="30,3900,0" yaku="13,1,52,1,54,1" doraHai="51" who="3" fromWho="1" sc="328,0,224,-42,224,0,224,42" /><INIT seed="1,0,0,2,5,94" ten="328,182,224,266" oya="1" hai0="73,63,10,42,49,13,122,51,4,19,40,61,9" hai1="57,126,75,117,97,115,133,121,77,72,131,70,69" hai2="82,114,135,54,84,21,55,2,67,125,86,0,129" hai3="110,50,44,104,85,38,76,28,52,18,96,33,116"/><U53/><E115/><V80/><F125/><W112/><G112/><T71/><D73/><U109/><E117/><V78/><F114/><W127/><G116/><T14/><D122/><U34/><E121/><V95/><F135/><W89/><G127/><T66/><D51/><U119/><E126/><V65/><F129/><W25/><G110/><T92/><D49/><U12/><E119/><V64/><F21/><W30/><G38/><T83/><D83/><U111/><E34/><V120/><F120/><W3/><G3/><T128/><D128/><U32/><E32/><V130/><F130/><W20/><G76/><T91/><REACH who="0" step="1"/><D63/><REACH who="0" ten="318,182,224,266" step="2"/><U123/><E131/><V102/><F0/><W58/><G33/><T103/><D103/><U56/><E123/><V90/><F2/><W106/><G106/><T41/><D41/><U35/><E75/><V101/><F101/><W39/><G104/><T74/><D74/><U68/><E133/><V88/><REACH who="2" step="1"/><F102/><REACH who="2" ten="318,182,214,266" step="2"/><W87/><G39/><T43/><D43/><U1/><E1/><V8/><F8/><W16/><G44/><T11/><D11/><U81/><E111/><V108/><F108/><W93/><REACH who="3" step="1"/><G30/><REACH who="3" ten="318,182,214,256" step="2"/><T47/><D47/><U29/><E109/><V99/><AGARI ba="0,3" hai="54,55,64,65,67,78,80,82,84,86,88,90,95,99" machi="99" ten="30,16000,3" yaku="1,1,0,1,8,1,52,1,54,1,53,3" doraHai="94" doraHaiUra="62" who="2" fromWho="2" sc="318,-40,182,-80,214,190,256,-40" /><INIT seed="2,0,0,1,3,102" ten="278,102,404,216" oya="2" hai0="41,51,107,129,135,80,122,73,78,36,32,124,18" hai1="75,38,119,52,90,1,95,94,54,15,83,104,71" hai2="92,123,99,72,6,127,115,42,22,37,26,85,134" hai3="98,97,61,101,16,130,3,55,76,7,24,57,106"/><V128/><F123/><W49/><G130/><T53/><D122/><U63/><E119/><V131/><F115/><W77/><G97/><T100/><D32/><U91/><E1/><V96/><F72/><W132/><G132/><T10/><D135/><U120/><E38/><V62/><F134/><W45/><G7/><T39/><D129/><U43/><E43/><V108/><F127/><W84/><G84/><T116/><D41/><U46/><E120/><V82/><F96/><W68/><G68/><T66/><D66/><U86/><E75/><V21/><F21/><W35/><G3/><T11/><D124/><U44/><E104/><V112/><F6/><W30/><REACH who="3" step="1"/><G16/><REACH who="3" ten="278,102,404,206" step="2"/><T8/><D18/><U65/><E15/><V110/><F85/><W14/><G14/><T121/><D121/><U0/><E0/><V105/><F99/><W111/><G111/><T118/><D100/><U60/><E83/><V126/><F82/><W28/><G28/><T23/><D80/><U64/><E86/><V48/><F110/><W31/><G31/><T17/><D17/><U125/><E125/><V25/><F108/><W114/><G114/><T12/><D12/><U56/><E71/><V133/><F112/><W113/><G113/><T29/><D29/><U19/><E19/><V33/><F126/><W13/><G13/><T70/><D70/><U27/><E27/><V117/><F133/><W47/><G47/><N who="0" m="27903" /><D118/><U81/><E81/><V69/><F131/><W4/><G4/><T58/><D116/><U20/><E20/><V109/><F128/><W87/><G87/><T103/><D23/><RYUUKYOKU ba="0,1" sc="278,-15,102,15,404,-15,206,15" hai1="44,46,52,54,56,60,63,64,65,90,91,94,95" hai3="24,30,35,45,49,55,57,61,76,77,98,101,106" /><INIT seed="3,1,1,5,1,48" ten="263,117,389,221" oya="3" hai0="11,25,80,117,8,53,84,54,50,125,72,41,103" hai1="56,0,90,129,21,124,71,6,38,122,9,32,123" hai2="76,135,100,39,4,69,29,89,62,114,13,55,28" hai3="88,121,43,26,105,133,99,81,12,98,3,61,74"/><W16/><G121/><T5/><D117/><U83/><E71/><V42/><F114/><W78/><G3/><T19/><D72/><U111/><E32/><V132/><F100/><W134/><G43/><T68/><D68/><U127/><E38/><V65/><F76/><W52/><G26/><T91/><D125/><N who="1" m="48203" /><E83/><V35/><F35/><W44/><G105/><T2/><D103/><U116/><E90/><V36/><F89/><W60/><G60/><T85/><D85/><U7/><E116/><V33/><F33/><W34/><G34/><T95/><D80/><U120/><E56/><V59/><F4/><W131/><G131/><T79/><D79/><U94/><E94/><V104/><F13/><W73/><G74/><T40/><D54/><U23/><E129/><V92/><F92/><W45/><G45/><T63/><D63/><U97/><E97/><V130/><F104/><W24/><G24/><T14/><REACH who="0" step="1"/><D25/><REACH who="0" ten="253,117,389,221" step="2"/><U66/><E66/><V17/><F69/><W75/><G73/><T22/><D22/><U20/><E111/><V102/><F62/><W46/><G61/><T109/><D109/><U112/><E112/><V107/><F102/><W126/><G126/><T86/><D86/><U93/><E93/><V110/><F107/><W1/><G75/><T58/><AGARI ba="1,2" hai="2,5,8,11,14,19,40,41,50,53,58,84,91,95" machi="58" ten="20,5200,0" yaku="1,1,0,1,7,1,52,1,53,0" doraHai="48" doraHaiUra="119" who="0" fromWho="0" sc="253,75,117,-14,389,-14,221,-27" /><INIT seed="4,0,0,1,3,111" ten="328,103,375,194" oya="0" hai0="118,44,60,91,131,71,97,110,49,35,61,62,74" hai1="31,100,43,120,104,132,30,24,51,73,99,12,122" hai2="109,64,48,92,87,38,6,127,41,84,22,78,82" hai3="39,1,114,81,96,135,105,89,7,70,25,116,0"/><T129/><D35/><U102/><E73/><V106/><F106/><W75/><G116/><T20/><D118/><U28/><E132/><V21/><F109/><W93/><G135/><T86/><D110/><U101/><E12/><V112/><F38/><W27/><G39/><T124/><D74/><U45/><REACH who="1" step="1"/><E24/><REACH who="1" ten="328,93,375,194" step="2"/><V66/><F127/><W98/><G27/><T57/><D124/><U2/><E2/><V80/><F6/><W107/><G25/><T16/><D129/><U69/><E69/><V76/><F92/><W46/><G70/><T54/><D131/><U72/><E72/><V29/><F29/><W8/><G7/><T26/><D71/><U113/><E113/><V128/><F128/><W59/><G93/><N who="0" m="56511" /><D86/><U42/><E42/><AGARI ba="0,1" hai="16,20,26,42,44,49,54,57,60,61,62" m="56511" machi="42" ten="30,5800,0" yaku="25,1,8,1,54,1" doraHai="111" who="0" fromWho="1" sc="328,68,93,-58,375,0,194,0" /><INIT seed="4,1,0,2,1,128" ten="396,35,375,194" oya="0" hai0="117,122,54,68,97,48,46,47,71,119,5,106,112" hai1="65,82,55,109,52,75,67,62,135,59,4,3,50" hai2="21,61,105,116,66,2,8,49,79,108,32,28,29" hai3="15,113,42,64,17,85,0,58,41,120,24,94,7"/><T129/><D5/><U57/><E109/><V87/><F108/><W125/><G113/><T1/><D1/><U121/><E121/><V77/><F105/><W63/><G125/><T35/><D35/><U118/><E118/><N who="0" m="45065" /><D97/><U72/><E82/><V30/><F32/><W99/><G120/><T25/><D25/><U104/><E104/><V90/><F116/><W33/><G85/><T80/><D80/><U11/><REACH who="1" step="1"/><E135/><REACH who="1" ten="396,25,375,194" step="2"/><V102/><F77/><W100/><G0/><T56/><D106/><U34/><E34/><V96/><F79/><W86/><G33/><T12/><D122/><U83/><E83/><V40/><F2/><W114/><G114/><T98/><D112/><U73/><AGARI ba="1,1" hai="3,4,11,50,52,55,57,59,62,65,67,72,73,75" machi="73" ten="30,4000,0" yaku="1,1,0,1,54,1,53,0" doraHai="128" doraHaiUra="36" who="1" fromWho="1" sc="396,-21,25,53,375,-11,194,-11" /><INIT seed="5,0,0,3,2,90" ten="375,78,364,183" oya="1" hai0="13,48,127,117,80,57,86,93,98,134,76,56,111" hai1="100,61,94,97,112,78,14,62,99,110,119,102,107" hai2="17,35,59,88,36,120,23,121,131,0,63,69,28" hai3="11,72,30,44,84,21,96,135,114,67,34,18,33"/><U10/><E112/><V4/><F36/><W85/><G114/><T113/><D113/><U81/><E119/><V43/><F43/><W31/><G135/><T46/><D111/><U83/><E110/><V132/><F69/><W68/><G72/><T5/><D127/><U128/><E128/><V37/><F37/><W73/><G11/><N who="0" m="4335" /><D134/><U104/><E104/><V77/><F77/><W19/><G73/><T103/><D117/><U109/><E109/><V50/><F50/><W64/><G68/><T16/><D16/><U106/><E106/><V101/><F101/><W29/><G96/><T130/><D130/><U123/><E123/><V70/><F70/><W133/><G133/><T71/><D71/><U95/><E107/><V12/><F35/><W9/><G29/><T24/><D24/><U38/><E38/><V1/><F28/><W82/><G9/><T91/><D103/><U25/><E25/><V15/><F132/><W124/><G21/><T2/><D2/><U55/><E55/><AGARI ba="0,0" hai="46,48,55,56,57,76,80,86,91,93,98" m="4335" machi="55" ten="30,2000,0" yaku="8,1,52,1" doraHai="90" who="0" fromWho="1" sc="375,20,78,-20,364,0,183,0" /><INIT seed="6,0,0,4,4,71" ten="395,58,364,183" oya="2" hai0="116,108,40,21,6,119,115,133,0,72,49,28,51" hai1="98,78,113,70,3,10,64,25,46,92,132,54,56" hai2="114,130,99,97,45,84,41,30,32,100,90,26,79" hai3="1,4,110,55,123,19,66,125,38,14,91,77,42"/><V118/><F118/><N who="0" m="45098" /><D108/><U107/><E107/><V102/><F114/><W87/><G110/><T105/><D72/><U60/><E113/><V135/><F135/><W111/><G111/><T58/><D115/><U35/><E78/><V89/><F130/><W68/><G123/><T12/><D105/><U22/><E35/><V128/><F128/><W23/><G77/><T13/><D133/><U127/><E127/><V104/><F79/><W29/><G29/><T33/><D33/><U8/><E3/><V88/><F99/><W59/><G125/><T24/><D58/><U96/><E96/><V15/><F15/><N who="0" m="5706" /><D40/><U67/><E70/><V122/><F102/><W37/><G42/><T80/><D80/><U126/><E126/><V39/><REACH who="2" step="1"/><F122/><REACH who="2" ten="395,58,354,183" step="2"/><W61/><G1/><T101/><D101/><U16/><E132/><V34/><F34/><W63/><REACH who="3" step="1"/><G4/><REACH who="3" ten="395,58,354,173" step="2"/><T95/><D6/><U62/><E8/><V120/><F120/><W17/><G17/><T85/><D0/><U48/><E10/><V44/><F44/><W73/><G73/><T83/><D28/><U69/><E46/><V7/><F7/><W129/><G129/><T93/><D24/><U47/><E47/><V65/><F65/><W75/><G75/><T109/><D109/><U134/><E134/><V52/><F52/><W74/><G74/><T27/><D27/><U11/><E11/><V121/><F121/><W31/><G31/><T50/><D21/><U2/><E2/><V94/><AGARI ba="0,2" hai="26,30,32,39,41,45,84,88,89,90,94,97,100,104" machi="94" ten="20,18000,2" yaku="1,1,0,1,7,1,52,1,54,1,53,1" doraHai="71" doraHaiUra="36" who="2" fromWho="2" sc="395,-60,58,-60,354,200,173,-60" owari="335,14.0,-2,-50.0,554,65.0,113,-29.0" /></mjloggm>