<mjloggm ver="2.3"><GO type="185" lobby="0"/><UN n0="%E3%81%98%E3%82%93%E3%81%8A%E3%82%8F" n1="%6B%2D%70%6F%69%6E%74" n2="%28%C2%B4%C2%B0%CF%89%C2%B0%EF%BD%80%29" n3="" dan="18,17,17,0" rate="2306.26,2282.54,2263.02,1500.00" sx="M,M,M,C"/><TAIKYOKU oya="0"/><INIT seed="0,0,0,1,3,57" ten="350,350,350,0" oya="0" hai0="39,70,58,61,118,67,97,135,80,76,127,134,50" hai1="89,64,36,38,109,56,126,73,35,92,128,51,48" hai2="0,81,55,121,49,32,101,106,78,110,72,124,66" hai3=""/><T131/><D118/><U85/><E35/><V3/><N who="2" m="31008" /><V105/><F32/><T74/><D39/><U132/><E73/><V68/><F110/><T116/><D116/><U77/><E109/><V88/><F124/><T34/><D34/><U46/><E126/><V86/><F66/><T59/><D127/><U99/><E132/><N who="0" m="50729" /><D131/><U119/><E119/><V95/><F68/><T115/><D115/><U91/><E77/><V112/><F112/><T125/><D125/><U90/><E128/><V100/><F100/><T1/><D1/><U122/><N who="1" m="31264" /><U63/><E48/><V84/><F84/><T37/><D37/><U41/><REACH who="1" step="1"/><E91/><REACH who="1" ten="350,340,350,0" step="2"/><V87/><F72/><T54/><D97/><U104/><E104/><V130/><F130/><T133/><D133/><U33/><E33/><V65/><F106/><T93/><D93/><AGARI ba="0,1" hai="36,38,41,46,51,56,63,64,85,89,90,92,93,99" m="31264" machi="93" ten="30,12000,2" yaku="1,1,7,1,52,2,53,2" doraHai="57" doraHaiUra="69" who="1" fromWho="0" sc="350,-120,340,130,350,0,0,0" /><INIT seed="1,0,0,4,4,67" ten="230,470,350,0" oya="1" hai0="93,115,63,109,129,94,48,64,43,59,135,40,33" hai1="86,112,88,92,45,73,128,56,81,52,125,72,130" hai2="69,1,49,102,123,77,104,105,71,95,44,121,91" hai3=""/><U68/><E112/><V54/><N who="2" m="31008" /><V57/><N who="2" m="31520" /><V107/><F1/><T85/><D33/><U132/><E132/><V38/><F102/><T65/><D135/><U126/><E68/><V0/><F77/><T98/><D115/><U120/><N who="1" m="30752" /><U131/><E45/><V32/><F0/><T84/><D129/><U87/><E73/><V134/><F32/><T103/><D109/><U35/><E72/><V80/><F80/><T41/><D65/><U133/><E133/><V90/><F90/><T116/><D116/><U97/><E35/><V108/><F108/><T122/><N who="0" m="31264" /><T70/><D93/><U74/><E74/><V83/><F83/><T124/><D124/><N who="1" m="47723" /><E81/><V119/><F119/><T55/><AGARI ba="0,0" hai="40,41,43,48,55,59,63,64,70,84,85,94,98,103" m="31264" machi="55" ten="30,3000,0" yaku="0,1,52,2" doraHai="67" who="0" fromWho="0" sc="230,30,470,-20,350,-10,0,0" /><INIT seed="2,0,0,1,0,69" ten="260,450,340,0" oya="2" hai0="114,70,126,41,93,2,74,105,133,1,81,110,36" hai1="95,61,102,55,66,42,91,39,113,73,117,122,75" hai2="62,125,59,101,78,92,51,45,34,53,124,87,54" hai3=""/><V88/><F34/><T83/><RYUUKYOKU type="yao9" ba="0,0" sc="260,0,450,0,340,0,0,0" hai0="1,2,36,41,70,74,81,83,93,105,110,114,126,133" /><INIT seed="2,1,0,1,3,110" ten="260,450,340,0" oya="2" hai0="33,121,66,127,83,97,131,92,50,89,124,43,3" hai1="117,37,79,60,81,105,130,120,107,87,80,55,134" hai2="48,126,90,114,39,88,112,116,98,100,56,74,77" hai3=""/><V85/><F39/><T135/><N who="0" m="31008" /><T65/><D3/><U68/><N who="1" m="30752" /><U84/><E37/><V40/><F116/><T69/><D33/><U42/><E42/><V128/><F128/><T71/><D131/><U73/><E117/><V101/><F126/><N who="0" m="48170" /><D135/><U102/><E134/><V125/><F125/><T106/><D106/><U108/><E108/><V46/><F101/><T94/><D83/><U52/><E130/><V82/><F56/><T123/><N who="0" m="31520" /><T47/><D94/><U53/><E73/><V93/><F90/><T38/><D38/><U104/><E102/><V119/><F119/><T109/><D109/><U45/><E107/><AGARI ba="1,0" hai="40,46,48,74,77,82,85,88,93,98,100,107,112,114" machi="107" ten="30,18000,2" yaku="7,1,24,2,52,2,54,1" doraHai="110" who="2" fromWho="1" sc="260,0,450,-182,340,182,0,0" /><INIT seed="2,2,0,1,0,110" ten="260,268,522,0" oya="2" hai0="115,59,1,105,2,90,123,89,95,41,131,33,56" hai1="106,51,88,116,122,87,49,35,97,48,117,108,76" hai2="82,104,109,55,72,129,73,85,68,127,50,0,125" hai3=""/><V69/><F0/><T39/><N who="0" m="31520" /><T83/><D33/><U45/><N who="1" m="31264" /><U101/><E108/><V102/><F109/><T121/><N who="0" m="31008" /><T99/><D131/><U113/><E113/><V3/><F3/><T132/><D132/><U77/><E35/><V78/><F129/><T135/><D135/><U128/><E128/><V86/><F102/><T44/><D105/><U37/><E45/><V79/><F104/><T94/><D83/><U93/><REACH who="1" step="1"/><E37/><REACH who="1" ten="260,258,522,0" step="2"/><V52/><F125/><T119/><D1/><U70/><E70/><V75/><F127/><T96/><D2/><U114/><E114/><V133/><F133/><T60/><D115/><U84/><E84/><V107/><F86/><T63/><D119/><AGARI ba="2,1" hai="48,49,51,76,77,87,88,93,97,101,106,116,117,119" m="31264" machi="119" ten="40,8000,1" yaku="1,1,12,1,52,1,54,1,53,1" doraHai="110" doraHaiUra="98" who="1" fromWho="0" sc="260,-84,258,94,522,0,0,0" /><INIT seed="4,0,0,0,5,46" ten="176,352,522,0" oya="0" hai0="87,115,95,81,131,134,119,91,122,59,2,110,85" hai1="79,130,43,128,40,35,133,121,107,112,125,41,66" hai2="97,76,50,88,86,1,99,54,0,55,103,70,58" hai3=""/><T68/><N who="0" m="31264" /><T34/><D68/><U57/><N who="1" m="31008" /><U105/><E35/><V127/><F76/><T123/><N who="0" m="31520" /><T56/><D119/><U3/><E3/><V42/><F70/><T102/><D34/><U64/><E79/><V44/><F55/><T94/><D2/><U63/><E125/><V111/><F111/><T38/><D110/><U61/><E133/><V84/><F84/><T62/><D38/><U48/><E48/><V90/><F90/><T114/><D134/><U77/><E77/><V45/><F99/><T65/><D131/><N who="1" m="50219" /><E112/><N who="0" m="43049" /><D102/><U108/><E108/><V89/><F127/><T51/><D87/><U106/><E57/><V132/><F58/><T47/><D59/><U124/><E124/><V32/><F32/><T49/><D49/><U118/><E118/><V98/><F132/><T75/><D75/><U129/><E129/><V135/><F135/><T100/><D100/><U60/><AGARI ba="0,0" hai="40,41,43,60,61,63,64,66,105,106,107" m="50219,31008" machi="60" ten="50,9000,2" yaku="29,2,28,2,19,1,52,1" doraHai="46" who="1" fromWho="1" sc="176,-60,352,90,522,-30,0,0" /><INIT seed="5,0,0,5,5,94" ten="116,442,492,0" oya="1" hai0="37,127,59,113,108,115,82,42,122,119,36,64,74" hai1="103,60,112,2,63,35,0,67,90,105,45,100,118" hai2="70,116,117,79,134,128,109,125,40,107,111,97,88" hai3=""/><U121/><N who="1" m="31008" /><U51/><E35/><V34/><F34/><T104/><N who="0" m="31264" /><T43/><D104/><U1/><E118/><V98/><F70/><T58/><D74/><U124/><E124/><V50/><F40/><T102/><D102/><U44/><E112/><V83/><F50/><T33/><D33/><U65/><E90/><V32/><F32/><T96/><D82/><U75/><E51/><V84/><F125/><T77/><D77/><U93/><E2/><V80/><F134/><T99/><D127/><U73/><REACH who="1" step="1"/><E93/><REACH who="1" ten="116,432,492,0" step="2"/><V133/><F117/><T135/><D119/><U85/><E85/><V54/><F116/><T78/><D78/><U87/><E87/><V132/><F84/><T69/><D108/><U53/><E53/><V41/><F54/><T56/><D56/><U110/><E110/><V38/><F79/><T39/><D39/><U123/><N who="1" m="31520" /><U46/><E46/><V66/><F38/><T48/><D48/><U131/><E131/><V81/><F128/><T126/><D126/><U55/><E55/><V130/><F130/><T47/><D47/><U49/><E49/><V92/><F109/><T129/><D129/><U76/><E76/><V71/><F111/><T72/><D36/><U57/><E57/><RYUUKYOKU ba="0,1" sc="116,-10,432,20,492,-10,0,0" hai1="0,1,44,45,60,63,65,67,73,75,100,103,105" /><INIT seed="5,1,1,4,1,71" ten="106,452,482,0" oya="1" hai0="120,119,44,68,134,127,49,62,117,84,46,131,73" hai1="82,93,72,124,129,81,96,121,43,79,86,39,118" hai2="0,66,105,109,60,97,34,112,91,45,48,38,122" hai3=""/><U130/><N who="1" m="31008" /><U41/><E118/><V61/><N who="2" m="31264" /><V2/><F109/><T106/><D62/><U85/><E124/><V54/><F34/><T87/><D49/><U115/><E115/><V98/><F112/><T132/><N who="0" m="30752" /><T126/><D106/><U78/><E72/><V113/><F113/><T52/><D68/><U57/><E57/><V107/><F38/><T36/><D73/><U103/><REACH who="1" step="1"/><E43/><REACH who="1" ten="106,442,482,0" step="2"/><V67/><F0/><T58/><D58/><U63/><E63/><V37/><F2/><T108/><D108/><U128/><E128/><V95/><F61/><T51/><D51/><U59/><E59/><V92/><F37/><T83/><D83/><U55/><E55/><V77/><F66/><T65/><D65/><U89/><E89/><V80/><F60/><T69/><D36/><U104/><E104/><V56/><F56/><T50/><D50/><U70/><E70/><V1/><F67/><T74/><D74/><U90/><E90/><V88/><F1/><T40/><D69/><U116/><E116/><V64/><F64/><T35/><D40/><U110/><E110/><V125/><F125/><T123/><N who="0" m="31520" /><T114/><D114/><U32/><E32/><V101/><F91/><T100/><D131/><RYUUKYOKU ba="1,2" sc="106,-20,442,10,482,10,0,0" hai1="39,41,78,79,81,82,85,86,93,96,103,129,130" hai2="45,48,54,77,80,88,92,95,97,98,101,105,107" /><INIT seed="5,2,2,5,3,34" ten="86,452,492,0" oya="1" hai0="36,105,126,0,125,111,108,107,118,76,37,114,59" hai1="129,103,128,96,104,42,38,63,79,130,94,88,43" hai2="77,95,68,66,92,46,119,116,78,121,124,97,41" hai3=""/><U74/><E38/><V45/><N who="2" m="31008" /><V40/><F66/><T134/><D59/><U33/><E33/><V84/><F124/><T54/><D54/><U82/><REACH who="1" step="1"/><E63/><REACH who="1" ten="86,442,492,0" step="2"/><V123/><N who="2" m="31520" /><V3/><F3/><T72/><D76/><U115/><E115/><V101/><F119/><T56/><D56/><U87/><AGARI ba="2,3" hai="42,43,74,79,82,87,88,94,96,103,104,128,129,130" machi="87" ten="30,12000,2" yaku="1,1,0,1,24,2,19,1,54,1,53,0" doraHai="34" doraHaiUra="117" who="1" fromWho="1" sc="86,-62,442,154,492,-62,0,0" /><INIT seed="5,3,0,3,3,124" ten="24,596,430,0" oya="1" hai0="99,48,114,117,86,38,111,107,51,34,101,120,2" hai1="54,82,60,39,100,88,73,52,85,50,78,104,57" hai2="71,133,118,105,95,53,0,134,77,62,116,108,129" hai3=""/><U135/><E39/><V131/><F0/><T119/><D51/><U130/><E130/><N who="2" m="49675" /><F95/><T58/><D48/><U47/><E135/><N who="2" m="51723" /><F77/><T106/><D58/><U113/><E113/><V45/><F105/><T74/><D86/><U96/><E73/><V75/><F75/><T3/><D99/><U64/><REACH who="1" step="1"/><E78/><REACH who="1" ten="24,586,430,0" step="2"/><V49/><F108/><T115/><N who="0" m="30752" /><T94/><D74/><U122/><N who="1" m="31264" /><U80/><E80/><V37/><F37/><T55/><D111/><U65/><AGARI ba="3,1" hai="47,50,52,54,57,60,64,65,82,85,88,96,100,104" m="31264" machi="65" ten="30,8000,1" yaku="1,1,0,1,52,1,54,2,53,0" doraHai="124" doraHaiUra="132" who="1" fromWho="1" sc="24,-43,586,96,430,-43,0,0" owari="-19,-62.0,682,63.0,387,-1.0,0,0.0" /></mjloggm>