<mjloggm ver="2.3"><GO type="185" lobby="0"/><UN n0="%65%6C%75%6C%75" n1="%E3%81%82%E3%81%99%E3%81%AA%E3%82%8D%E3%83%A9%E3%82%A4%E3%83%80%E3%83%BC" n2="%E3%82%8C%E3%81%99%E3%81%93" n3="" dan="17,17,16,0" rate="2255.81,2171.29,2230.90,1500.00" sx="M,M,F,C"/><TAIKYOKU oya="0"/><INIT seed="0,0,0,3,3,87" ten="350,350,350,0" oya="0" hai0="115,50,97,42,88,104,99,51,86,3,123,39,48" hai1="126,49,96,40,54,118,1,45,89,35,92,100,127" hai2="109,62,121,73,111,63,103,55,68,38,101,114,67" hai3=""/><T0/><N who="0" m="31520" /><T132/><D115/><U128/><E118/><V64/><N who="2" m="31008" /><V83/><F38/><T82/><D132/><U77/><E128/><V95/><F114/><T130/><D130/><U34/><E1/><V41/><F41/><T59/><D59/><U116/><E116/><V43/><F43/><T70/><D70/><U102/><E77/><V117/><F117/><T113/><D113/><U53/><E40/><V76/><F55/><T85/><D104/><U46/><E92/><V125/><F125/><T72/><D72/><U80/><E96/><V105/><F105/><T33/><D33/><U107/><E49/><V110/><REACH who="2" step="1"/><F95/><REACH who="2" ten="350,350,340,0" step="2"/><T119/><D119/><U61/><E107/><V66/><F66/><T98/><D39/><U81/><E61/><V112/><F112/><T65/><D65/><U75/><E75/><V108/><N who="2" m="27648" /><DORA hai="2" /><V52/><F52/><T135/><D42/><U36/><E36/><V120/><N who="2" m="30752" /><V56/><AGARI ba="0,1" hai="56,62,63,64,67,68,73,76,83,101,103" m="30752,27648,31008" machi="56" ten="60,12000,3" yaku="1,1,4,1,0,1,14,1,52,2,53,2" doraHai="87,2" doraHaiUra="60,37" who="2" fromWho="2" sc="350,-80,350,-40,340,130,0,0" /><INIT seed="1,0,0,1,5,106" ten="270,310,470,0" oya="1" hai0="90,108,122,120,71,44,87,88,113,100,101,45,80" hai1="130,126,125,63,67,98,117,116,48,39,78,33,129" hai2="91,81,118,35,83,66,85,76,109,72,64,97,65" hai3=""/><U70/><E33/><V96/><F35/><T84/><N who="0" m="30752" /><T51/><N who="0" m="31264" /><T32/><D32/><U123/><N who="1" m="31520" /><U43/><E48/><V92/><F118/><N who="1" m="45673" /><E78/><V94/><F109/><T135/><D108/><U69/><E69/><V58/><F58/><T60/><D113/><U56/><E56/><V77/><REACH who="2" step="1"/><F65/><REACH who="2" ten="270,310,460,0" step="2"/><T114/><D114/><U36/><E98/><V55/><F55/><T40/><D44/><U0/><E0/><V82/><F82/><T47/><D47/><U102/><E102/><AGARI ba="0,1" hai="64,66,72,76,77,81,83,85,91,92,94,96,97,102" machi="102" ten="30,3900,0" yaku="1,1,7,1,52,1,53,0" doraHai="106" doraHaiUra="59" who="2" fromWho="1" sc="270,0,310,-39,460,49,0,0" /><INIT seed="2,0,0,1,5,78" ten="270,271,509,0" oya="2" hai0="130,122,67,63,59,125,66,38,34,40,121,32,3" hai1="92,35,64,108,54,94,85,128,118,111,42,96,110" hai2="50,93,51,73,61,106,48,75,65,56,57,90,62" hai3=""/><V87/><REACH who="2" step="1"/><F106/><REACH who="2" ten="270,271,499,0" step="2"/><T60/><D32/><U52/><E35/><V0/><F0/><T116/><D34/><U129/><E118/><V49/><N who="2" m="12288" /><DORA hai="100" /><V89/><F89/><T77/><D3/><U33/><E33/><V55/><AGARI ba="0,1" hai="55,56,57,61,62,65,73,75,87,90,93" m="12288" machi="55" ten="40,8000,1" yaku="21,2,0,1,53,1" doraHai="78,100" doraHaiUra="84,97" who="2" fromWho="2" sc="270,-40,271,-40,499,90,0,0" /><INIT seed="2,1,0,3,4,77" ten="230,231,589,0" oya="2" hai0="107,39,60,135,48,91,61,52,102,63,103,123,88" hai1="40,57,96,74,53,129,127,86,66,104,95,42,2" hai2="121,41,82,116,46,133,62,84,71,108,37,131,128" hai3=""/><V65/><N who="2" m="31008" /><V45/><F116/><T132/><N who="0" m="31520" /><T49/><D39/><U68/><E2/><V100/><F133/><N who="0" m="51274" /><D48/><U101/><E74/><V97/><F46/><T94/><D107/><U70/><E129/><V78/><REACH who="2" step="1"/><F108/><REACH who="2" ten="230,231,579,0" step="2"/><T69/><D69/><U76/><E70/><V93/><AGARI ba="1,1" hai="37,41,45,62,65,71,78,82,84,93,97,100,128,131" m="31008" machi="93" ten="30,12000,2" yaku="1,1,2,1,0,1,52,2,53,1" doraHai="77" doraHaiUra="36" who="2" fromWho="2" sc="230,-61,231,-61,579,132,0,0" /><INIT seed="2,2,0,2,5,54" ten="169,170,711,0" oya="2" hai0="0,66,1,64,109,114,36,130,91,3,124,52,113" hai1="45,79,63,81,87,134,33,97,122,39,77,83,50" hai2="132,106,111,61,35,125,55,108,34,133,115,2,37" hai3=""/><V103/><F115/><N who="0" m="44042" /><D109/><N who="2" m="42058" /><F2/><T70/><D124/><U102/><N who="1" m="31264" /><U48/><E33/><N who="2" m="12299" /><F37/><T131/><D36/><U105/><E134/><N who="2" m="51819" /><F125/><T67/><D70/><U47/><E63/><V59/><F103/><T68/><D68/><U85/><E39/><V100/><F100/><T121/><N who="0" m="31008" /><T43/><D0/><U65/><E65/><V38/><F38/><T126/><D126/><U116/><E116/><V42/><F42/><T120/><N who="0" m="30752" /><T51/><D43/><U94/><E105/><AGARI ba="2,0" hai="55,59,61,105,106" m="51819,12299,42058" machi="105" ten="40,12000,1" yaku="14,1,10,1,20,1,52,1" doraHai="54" who="2" fromWho="1" sc="169,0,170,-124,711,124,0,0" /><INIT seed="2,3,0,1,5,78" ten="169,46,835,0" oya="2" hai0="69,58,66,86,107,37,92,104,38,115,40,96,132" hai1="72,84,90,118,45,112,1,120,49,55,43,116,98" hai2="124,117,119,42,74,60,94,32,130,82,111,83,68" hai3=""/><V103/><F32/><T47/><D132/><U75/><N who="1" m="30752" /><U56/><E1/><V53/><F130/><T108/><D108/><U52/><E112/><V2/><F2/><T133/><D37/><U88/><E98/><V77/><F124/><T135/><D69/><U61/><E55/><V131/><F131/><T123/><D115/><U80/><REACH who="1" step="1"/><E90/><REACH who="1" ten="169,36,835,0" step="2"/><V91/><F91/><T63/><N who="0" m="31520" /><T97/><D96/><U33/><E33/><V65/><F53/><T59/><D97/><U64/><E64/><V57/><F65/><T134/><D66/><U44/><E44/><V128/><F128/><T101/><D134/><U95/><E95/><V50/><F94/><T73/><D135/><U109/><E109/><V41/><F111/><T71/><D133/><U79/><E79/><V3/><F77/><T102/><D92/><U113/><E113/><V85/><F3/><T76/><D76/><U46/><E46/><V36/><F41/><T48/><D40/><U89/><E89/><V39/><F42/><T93/><D93/><U54/><E54/><V105/><F105/><T106/><D104/><U51/><E51/><V87/><F50/><T35/><D107/><U62/><E62/><V100/><F60/><T70/><D106/><RYUUKYOKU ba="3,1" sc="169,-10,36,20,835,-10,0,0" hai1="43,45,49,52,56,61,72,75,80,84,88,116,118" /><INIT seed="4,4,1,3,1,93" ten="159,56,825,0" oya="0" hai0="39,102,36,97,60,62,88,77,107,76,126,42,123" hai1="124,44,68,45,95,100,47,103,43,91,99,63,38" hai2="35,61,92,79,132,69,120,130,57,134,96,89,84" hai3=""/><T105/><N who="0" m="31520" /><T98/><D42/><U112/><E124/><V34/><N who="2" m="30752" /><V65/><F130/><T133/><D102/><U37/><E112/><V41/><F41/><T55/><D55/><U114/><E114/><V111/><F111/><T51/><D51/><U3/><E3/><V116/><F116/><T121/><N who="0" m="31008" /><T64/><D88/><U59/><E68/><V94/><F69/><T104/><D104/><U127/><E127/><V73/><F73/><T118/><D126/><U40/><REACH who="1" step="1"/><E45/><REACH who="1" ten="159,46,825,0" step="2"/><V74/><F74/><T90/><D118/><U110/><E110/><V0/><F0/><T48/><D133/><N who="2" m="51306" /><F79/><T58/><D76/><U81/><E81/><V108/><F108/><T71/><D77/><U56/><E56/><V101/><AGARI ba="4,2" hai="34,35,57,61,65,84,89,92,94,96,101" m="51306,30752" machi="101" ten="30,3000,0" yaku="20,1,52,2" doraHai="93" who="2" fromWho="2" sc="159,-24,46,-14,825,58,0,0" /><INIT seed="5,0,0,1,0,94" ten="135,32,883,0" oya="1" hai0="51,77,61,55,1,74,56,101,123,82,65,112,42" hai1="69,111,38,125,71,113,66,86,103,87,35,58,117" hai2="81,108,3,68,34,121,49,95,39,64,107,37,127" hai3=""/><U63/><E117/><V134/><F95/><T92/><N who="0" m="31520" /><T130/><D1/><U99/><E35/><V119/><F49/><T97/><D112/><U102/><E113/><V124/><F81/><T32/><D32/><U70/><E125/><V89/><F89/><T48/><D130/><U98/><E111/><V36/><F64/><T53/><D42/><U33/><E33/><V122/><F37/><T93/><D48/><U0/><E38/><V79/><F79/><T40/><D40/><U132/><E132/><V52/><F52/><T128/><D128/><U96/><REACH who="1" step="1"/><E0/><REACH who="1" ten="135,22,883,0" step="2"/><V44/><N who="2" m="31008" /><V45/><F39/><T116/><D116/><U72/><E72/><V88/><F127/><T46/><D55/><U131/><E131/><V106/><F36/><T67/><D67/><U54/><E54/><V120/><F119/><T118/><D118/><U126/><E126/><V78/><F134/><T90/><D65/><U62/><E62/><V60/><F124/><T104/><D61/><U85/><AGARI ba="0,1" hai="58,63,66,69,70,71,85,86,87,96,98,99,102,103" machi="85" ten="40,12000,2" yaku="1,1,0,1,29,2,52,3,53,0" doraHai="94" doraHaiUra="75" who="1" fromWho="1" sc="135,-60,22,130,883,-60,0,0" /><INIT seed="5,1,0,3,2,112" ten="75,152,823,0" oya="1" hai0="68,67,122,101,103,107,115,44,92,82,94,35,87" hai1="40,132,38,106,70,119,56,123,63,95,100,98,118" hai2="127,3,57,64,97,113,65,88,128,130,2,43,60" hai3=""/><U36/><N who="1" m="31520" /><U41/><E132/><V55/><F113/><T53/><N who="0" m="31264" /><T59/><D115/><U120/><N who="1" m="30752" /><U89/><E70/><V47/><F127/><T76/><D35/><U109/><E109/><V105/><F105/><T124/><D124/><U104/><E41/><V58/><F88/><T133/><D133/><U131/><E131/><N who="2" m="50219" /><F97/><T135/><D135/><U108/><E108/><V61/><F55/><T111/><D111/><U45/><E36/><AGARI ba="1,0" hai="2,3,36,43,47,57,58,60,61,64,65" m="50219" machi="36" ten="30,1000,0" yaku="19,1" doraHai="112" who="2" fromWho="1" sc="75,0,152,-12,823,12,0,0" /><INIT seed="6,0,0,5,3,108" ten="75,140,835,0" oya="2" hai0="127,63,54,43,97,89,60,33,99,57,88,50,96" hai1="46,121,80,111,2,90,91,84,94,37,73,132,3" hai2="38,1,48,32,123,45,56,53,74,75,126,0,36" hai3=""/><V78/><N who="2" m="31520" /><V129/><F126/><T69/><D33/><U86/><N who="1" m="31008" /><U39/><E111/><V65/><F129/><T77/><D127/><U68/><E132/><V133/><F133/><T52/><D77/><U42/><E39/><N who="2" m="14891" /><F32/><T34/><D34/><U79/><E68/><V109/><F109/><T85/><D43/><U92/><AGARI ba="0,0" hai="2,3,37,42,46,73,79,80,84,86,90,91,92,94" m="31008" machi="92" ten="20,3900,0" yaku="0,1,7,1,9,1,52,1" doraHai="108" who="1" fromWho="1" sc="75,-13,140,39,835,-26,0,0" owari="62,-54.0,179,-22.0,809,76.0,0,0.0" /></mjloggm>