<mjloggm ver="2.3"><GO type="225" lobby="0"/><UN n0="%E4%BC%BD%E8%97%8D%E5%A0%82%E7%B4%97%E7%BE%85" n1="%E8%A8%88%E7%AE%97%E6%A9%9F%E8%87%AA%E7%84%B6" n2="%E7%99%BD%E8%89%B2%E3%81%AE%E6%B0%B4" n3="%E4%BF%BA%E3%81%A8%E5%A6%96%E5%A4%A2" dan="16,17,16,17" rate="2212.13,2190.53,2092.81,2172.10" sx="F,M,M,F"/><TAIKYOKU oya="0"/><INIT seed="0,0,0,4,5,56" ten="250,250,250,250" oya="0" hai0="8,14,86,44,114,52,84,127,110,66,68,10,102" hai1="35,104,63,17,37,55,101,13,72,83,16,123,71" hai2="12,87,33,1,41,120,3,62,24,40,122,113,119" hai3="73,74,108,128,85,75,49,77,70,50,124,131,7"/><T25/><D114/><U126/><E123/><V6/><F113/><W54/><G108/><T38/><D110/><U42/><E35/><V9/><F87/><W48/><G70/><T94/><D127/><U107/><E126/><V58/><F119/><W106/><G124/><T36/><D68/><U92/><E17/><V61/><F58/><W111/><G111/><T29/><D66/><U96/><E42/><V100/><F100/><W53/><G7/><T121/><D121/><U26/><E26/><V32/><F6/><W65/><G65/><T67/><D67/><U39/><E71/><V43/><F43/><W109/><G106/><T21/><D38/><U97/><E55/><V112/><F112/><W91/><G77/><T89/><D102/><U59/><E104/><V99/><F12/><W78/><G78/><T105/><D105/><U57/><E57/><V18/><F18/><W20/><G20/><T4/><D10/><U46/><E83/><V51/><F9/><W132/><G132/><T79/><D36/><U47/><E72/><V28/><F28/><W93/><REACH who="3" step="1"/><G109/><REACH who="3" ten="250,250,250,240" step="2"/><T95/><D79/><U5/><E5/><V34/><F34/><W60/><G60/><T2/><D2/><U103/><E107/><V19/><F120/><W45/><G45/><T82/><REACH who="0" step="1"/><D86/><REACH who="0" ten="240,250,250,240" step="2"/><U0/><E0/><V30/><F122/><W22/><G22/><T129/><D129/><AGARI ba="0,2" hai="48,49,50,53,54,73,74,75,85,91,93,128,129,131" machi="129" ten="50,3200,0" yaku="1,1,19,1,53,0" doraHai="56" doraHaiUra="133" who="3" fromWho="0" sc="240,-32,250,0,250,0,240,52" /><INIT seed="1,0,0,1,2,116" ten="208,250,250,292" oya="1" hai0="61,5,52,37,128,31,132,60,44,30,130,55,87" hai1="15,58,114,42,100,118,63,26,25,104,16,131,115" hai2="20,59,89,101,46,65,103,121,22,39,93,86,23" hai3="124,119,1,75,14,35,105,117,84,83,97,53,135"/><U64/><E118/><N who="3" m="45066" /><G1/><T71/><D5/><U48/><E131/><N who="0" m="50217" /><D87/><U72/><E72/><V57/><F121/><W112/><G35/><T10/><D10/><U109/><E109/><V41/><REACH who="2" step="1"/><F65/><REACH who="2" ten="208,250,240,292" step="2"/><W122/><G122/><T69/><D132/><U96/><E114/><V77/><F77/><W0/><G112/><T67/><D69/><U108/><E115/><V95/><F95/><W62/><G135/><T80/><D80/><U29/><E108/><V4/><F4/><W85/><G83/><T50/><D37/><U27/><E29/><N who="0" m="10761" /><D61/><U13/><REACH who="1" step="1"/><E16/><REACH who="1" ten="208,240,240,292" step="2"/><V107/><F107/><W73/><G105/><T24/><D24/><U3/><E3/><V98/><F98/><W43/><G97/><T51/><D51/><U6/><E6/><V99/><F99/><W78/><G0/><T82/><D82/><U11/><E11/><V19/><F19/><W125/><G75/><T127/><D127/><U54/><E54/><AGARI ba="0,2" hai="44,50,52,54,55,60,67,71" m="10761,50217" machi="54" ten="30,2000,0" yaku="19,1,54,1" doraHai="116" who="0" fromWho="1" sc="208,40,240,-20,240,0,292,0" /><INIT seed="2,0,0,2,4,109" ten="248,220,240,292" oya="2" hai0="102,61,20,105,63,122,29,72,23,19,66,85,75" hai1="21,55,31,97,67,0,127,32,86,28,116,12,76" hai2="13,110,43,77,3,16,123,39,83,7,81,132,79" hai3="73,108,112,88,90,18,101,69,54,62,45,119,4"/><V30/><F123/><W74/><G119/><T121/><D105/><U118/><E67/><V15/><F30/><N who="1" m="11305" /><E55/><V78/><F110/><W44/><G108/><T56/><D102/><U46/><E46/><V59/><F132/><W92/><G4/><T68/><D121/><U50/><E50/><V11/><F59/><W42/><G101/><T2/><D2/><U14/><E86/><V100/><F100/><W53/><G18/><T8/><D122/><U6/><E76/><V60/><F60/><W104/><G104/><T80/><D75/><U48/><E48/><V82/><REACH who="2" step="1"/><F16/><REACH who="2" ten="248,220,230,292" step="2"/><W26/><G62/><T124/><D19/><U64/><E116/><V89/><F89/><W130/><G90/><T98/><D61/><U36/><E118/><V111/><F111/><W52/><G88/><T96/><D56/><U51/><E32/><V71/><F71/><W107/><G69/><T114/><D68/><U133/><E133/><V40/><F40/><W103/><G42/><T35/><D63/><U106/><E21/><V99/><F99/><W10/><G54/><T34/><D96/><U17/><E17/><V129/><F129/><W58/><G52/><T131/><D98/><U120/><E120/><V94/><F94/><W126/><G53/><T49/><D131/><U25/><E97/><V117/><F117/><W70/><G58/><T1/><D23/><U22/><E22/><V27/><F27/><W134/><G70/><T93/><D20/><U84/><E25/><V128/><F128/><W115/><G130/><T24/><D34/><U113/><E106/><V95/><F95/><RYUUKYOKU ba="0,1" sc="248,-10,220,-10,230,30,292,-10" hai2="3,7,11,13,15,39,43,77,78,79,81,82,83" /><INIT seed="2,1,1,4,3,77" ten="238,210,260,282" oya="2" hai0="96,126,40,112,21,95,94,61,102,28,38,74,78" hai1="73,124,100,70,24,90,26,133,81,3,130,44,120" hai2="5,53,51,37,91,105,12,80,114,14,69,59,132" hai3="16,89,63,128,17,65,15,18,135,50,113,30,31"/><V64/><F105/><W25/><G135/><T34/><D112/><U39/><E70/><V131/><F114/><W82/><G113/><T99/><D34/><U123/><E3/><V54/><F132/><W2/><G2/><T27/><D126/><U93/><E133/><V115/><F115/><W4/><G128/><T8/><D8/><U41/><E124/><V110/><F37/><W11/><G50/><T42/><D38/><U1/><E1/><V109/><F54/><W36/><G36/><T7/><D7/><U66/><E66/><V32/><F32/><W101/><G101/><T125/><D125/><U55/><E130/><V19/><F5/><W107/><G107/><T52/><D78/><N who="1" m="44239" /><E55/><V122/><F122/><N who="1" m="46633" /><E100/><V111/><F131/><W108/><G25/><T33/><D74/><U29/><E29/><V76/><F91/><W134/><G134/><T104/><D33/><U23/><E23/><V84/><F19/><W85/><REACH who="3" step="1"/><G108/><REACH who="3" ten="238,210,260,272" step="2"/><T117/><D102/><U10/><E10/><V13/><F13/><W45/><G45/><T92/><D27/><U48/><E39/><V22/><F22/><W106/><G106/><T46/><D104/><U118/><E118/><V71/><F71/><AGARI ba="1,2" hai="4,11,15,16,17,18,30,31,63,65,71,82,85,89" machi="71" ten="40,8000,1" yaku="1,1,52,1,54,1,53,1" doraHai="77" doraHaiUra="9" who="3" fromWho="2" sc="238,0,210,0,260,-83,272,103" /><INIT seed="3,0,0,5,5,68" ten="238,210,177,375" oya="3" hai0="98,81,130,134,8,26,64,42,24,0,125,114,15" hai1="108,60,105,49,115,54,16,11,135,107,74,111,58" hai2="59,69,97,78,84,120,18,50,34,100,36,53,94" hai3="93,20,95,6,109,9,131,82,39,79,67,119,10"/><W77/><G119/><T32/><D0/><U96/><E74/><V101/><F69/><W117/><G117/><T2/><D2/><U129/><E115/><V71/><F71/><W70/><G131/><T88/><D64/><U51/><E129/><V83/><F34/><W7/><G20/><T90/><D32/><U23/><E11/><V3/><F120/><W56/><G70/><T86/><D130/><U33/><E135/><V52/><F3/><W85/><G39/><T75/><D75/><U28/><E28/><V38/><F100/><W41/><G41/><T46/><D125/><U116/><E116/><V76/><F76/><W118/><G77/><T113/><D134/><U80/><E80/><V27/><REACH who="2" step="1"/><F53/><REACH who="2" ten="238,210,167,375" step="2"/><W5/><G118/><T17/><D113/><U57/><E33/><V13/><F13/><W87/><G79/><T104/><D114/><U122/><E122/><V12/><F12/><W128/><G128/><T63/><D15/><N who="1" m="9631" /><E107/><V45/><F45/><W31/><G67/><T89/><D46/><U73/><E58/><V48/><F48/><W124/><G56/><T123/><D104/><U37/><E51/><V72/><F72/><W102/><G102/><T1/><D123/><U25/><E73/><V40/><F40/><W103/><G103/><T14/><D42/><U22/><E49/><V110/><F110/><W43/><G43/><T47/><D1/><U91/><E105/><V55/><F55/><W62/><G109/><T30/><D47/><U4/><E108/><V106/><F106/><W127/><G127/><T121/><D121/><U21/><E111/><RYUUKYOKU ba="0,1" sc="238,-10,210,-10,167,30,375,-10" hai2="18,27,36,38,50,52,59,78,83,84,94,97,101" owari="228,3.0,200,-20.0,197,-30.0,375,47.0" /></mjloggm>