<mjloggm ver="2.3"><GO type="169" lobby="0"/><UN n0="%E3%83%A4%E3%83%8A%E3%83%AA%E3%83%B3%E3%82%B9%E3%82%AD%E3%83%BC" n1="%6F%6B%62%6F%6B%62" n2="%E3%81%B4%E3%81%88%E3%81%AB%E3%82%93" n3="%43%E3%82%A8%E3%83%BC%E3%82%B8%E3%82%A7%E3%83%B3%E3%83%88" dan="17,16,16,17" rate="2147.75,2044.35,2093.97,2151.48" sx="M,M,M,M"/><TAIKYOKU oya="0"/><INIT seed="0,0,0,2,4,21" ten="250,250,250,250" oya="0" hai0="17,24,60,15,97,23,51,42,115,33,79,31,90" hai1="30,89,9,72,129,93,47,58,86,88,112,28,56" hai2="57,55,103,84,64,98,100,82,70,117,135,83,36" hai3="16,14,123,132,49,12,43,5,68,127,102,50,11"/><T62/><D115/><U95/><E129/><V10/><F135/><W22/><G132/><T1/><D79/><U130/><E130/><V131/><F131/><W69/><G127/><T6/><D42/><U101/><E101/><V32/><F36/><W76/><G123/><T124/><D124/><U134/><E134/><V26/><F117/><W40/><G102/><T77/><D77/><U116/><E116/><V29/><F10/><W44/><REACH who="3" step="1"/><G76/><REACH who="3" ten="250,250,250,240" step="2"/><T99/><D51/><U126/><E126/><V92/><F103/><W46/><AGARI ba="0,1" hai="5,11,12,14,16,22,40,43,44,46,49,50,68,69" machi="46" ten="30,8000,1" yaku="1,1,2,1,0,1,9,1,54,1,53,0" doraHai="21" doraHaiUra="133" who="3" fromWho="3" sc="250,-40,250,-20,250,-20,240,90" /><INIT seed="1,0,0,3,0,127" ten="210,230,230,330" oya="1" hai0="4,12,69,108,36,63,86,126,82,6,55,18,98" hai1="35,73,119,95,26,2,104,1,115,62,51,24,123" hai2="109,61,67,52,116,129,130,59,13,27,100,20,77" hai3="94,54,88,5,60,70,17,118,44,90,8,39,40"/><U48/><E119/><V57/><F116/><W111/><G111/><T71/><D36/><U28/><E115/><V96/><F109/><W91/><G17/><T31/><D108/><U79/><E104/><V50/><F77/><W84/><G118/><T68/><D126/><U93/><E123/><V11/><F11/><W58/><REACH who="3" step="1"/><G70/><REACH who="3" ten="210,230,230,320" step="2"/><T25/><D68/><U122/><E122/><V78/><F13/><AGARI ba="0,1" hai="5,8,13,39,40,44,54,58,60,84,88,90,91,94" machi="13" ten="30,7700,0" yaku="1,1,2,1,7,1,54,1,53,0" doraHai="127" doraHaiUra="110" who="3" fromWho="2" sc="210,0,230,0,230,-77,320,87" /><INIT seed="2,0,0,2,3,82" ten="210,230,153,407" oya="2" hai0="42,52,86,95,35,33,28,117,94,29,109,122,32" hai1="53,30,11,111,38,2,5,9,70,80,47,44,3" hai2="46,13,97,107,14,114,130,37,0,77,26,78,4" hai3="89,135,103,68,50,98,66,8,75,132,57,22,123"/><V39/><F114/><W101/><G75/><T6/><D122/><U17/><E111/><V105/><F130/><W83/><G123/><T40/><D109/><U76/><E70/><V100/><F107/><W106/><G103/><T125/><D6/><U49/><E30/><V128/><F128/><W92/><G83/><T85/><D125/><U65/><E65/><V31/><F0/><W81/><G81/><T119/><D35/><U60/><E60/><V64/><F64/><W34/><G34/><T20/><D20/><U121/><E121/><V61/><F61/><W72/><G72/><T116/><D117/><U62/><E62/><V88/><F14/><W21/><G8/><T12/><D12/><U115/><E115/><V1/><F1/><W73/><G73/><T18/><REACH who="0" step="1"/><D52/><REACH who="0" ten="200,230,153,407" step="2"/><U134/><E9/><V93/><F13/><W25/><G21/><T131/><D131/><U127/><E127/><V133/><F4/><W23/><G22/><T10/><D10/><U87/><E3/><V54/><F133/><W120/><G120/><T110/><D110/><U56/><E134/><V99/><F54/><W71/><G132/><T113/><D113/><U90/><E17/><AGARI ba="0,1" hai="17,18,28,29,32,33,40,42,85,86,94,95,116,119" machi="17" ten="25,8000,1" yaku="1,1,22,2,52,2,53,0" doraHai="82" doraHaiUra="102" who="0" fromWho="1" sc="200,90,230,-80,153,0,407,0" /><INIT seed="3,0,0,5,2,96" ten="290,150,153,407" oya="3" hai0="111,7,92,18,16,103,38,90,14,69,31,64,86" hai1="75,20,80,74,57,59,131,13,60,76,44,25,120" hai2="81,37,6,119,117,85,46,124,127,93,113,0,88" hai3="100,66,23,70,101,65,58,114,3,102,5,115,11"/><W27/><G70/><T17/><D38/><U134/><E134/><V55/><F113/><W48/><G114/><T71/><D31/><U73/><E131/><V130/><F130/><W24/><G115/><T128/><D128/><U34/><E120/><V79/><F6/><W54/><REACH who="3" step="1"/><G27/><REACH who="3" ten="290,150,153,397" step="2"/><T61/><D71/><U39/><E25/><V49/><F0/><W29/><AGARI ba="0,1" hai="3,5,11,23,24,29,48,54,58,65,66,100,101,102" machi="29" ten="30,18000,2" yaku="1,1,2,1,0,1,52,3,53,1" doraHai="96" doraHaiUra="52" who="3" fromWho="3" sc="290,-60,150,-60,153,-60,397,190" /><INIT seed="3,1,0,4,3,101" ten="230,90,93,587" oya="3" hai0="40,9,85,103,48,70,74,50,45,11,15,36,69" hai1="98,41,109,77,129,135,14,125,23,57,2,92,60" hai2="110,73,26,107,30,28,119,8,86,12,120,87,20" hai3="62,96,34,35,122,56,118,22,93,51,133,88,102"/><W66/><G118/><T49/><D74/><U127/><E2/><V25/><F119/><W99/><G122/><T17/><D103/><U10/><E77/><V112/><F73/><W89/><G133/><T63/><D63/><U130/><E23/><V27/><F112/><W81/><G22/><T106/><D106/><U29/><E29/><V115/><F115/><W3/><G3/><T123/><D123/><U132/><E41/><V116/><F116/><W4/><G4/><T31/><D31/><U91/><E109/><V38/><F38/><W55/><G81/><T53/><D53/><U61/><E14/><V52/><F110/><W71/><REACH who="3" step="1"/><G89/><REACH who="3" ten="230,90,93,577" step="2"/><T124/><D11/><U75/><E10/><V83/><F8/><W18/><G18/><T39/><D17/><U59/><E61/><V131/><F20/><W54/><G54/><T42/><D9/><U100/><E91/><V58/><F52/><W21/><G21/><T128/><D40/><U134/><E60/><V104/><F120/><W37/><G37/><T5/><D42/><U0/><E0/><V84/><F83/><W80/><G80/><T67/><D5/><U94/><E94/><AGARI ba="1,1" hai="34,35,51,55,56,62,66,71,88,93,94,96,99,102" machi="94" ten="30,5800,0" yaku="1,1,7,1,54,1,53,0" doraHai="101" doraHaiUra="24" who="3" fromWho="1" sc="230,0,90,-61,93,0,577,71" /><INIT seed="3,2,0,5,1,76" ten="230,29,93,648" oya="3" hai0="90,5,64,122,36,15,113,130,85,84,8,121,93" hai1="14,39,23,41,87,45,73,2,102,77,75,25,120" hai2="34,43,101,125,30,98,60,65,118,13,46,116,32" hai3="71,40,47,11,79,117,104,0,37,7,109,51,92"/><W19/><G104/><T108/><D36/><U82/><E120/><V94/><F125/><W96/><G117/><T111/><D64/><U62/><E102/><V132/><F132/><W50/><G109/><N who="0" m="42059" /><D130/><U1/><E14/><V107/><F13/><W70/><G19/><T114/><D85/><U135/><E135/><V28/><F94/><W16/><G16/><T133/><D133/><U33/><E33/><V48/><F30/><W31/><G31/><T29/><D29/><U95/><E62/><V18/><F18/><W12/><G0/><T83/><D93/><U9/><E23/><V55/><F43/><W52/><G79/><T110/><D110/><U35/><E25/><N who="2" m="18447" /><F34/><W53/><G40/><T42/><D42/><U67/><E35/><V17/><F17/><W91/><REACH who="3" step="1"/><G37/><REACH who="3" ten="230,29,93,638" step="2"/><T49/><D121/><U38/><E39/><V59/><F116/><W134/><G134/><T4/><D122/><U124/><E124/><V126/><F126/><W103/><G103/><T129/><D15/><U26/><E26/><V20/><F118/><W115/><G115/><T66/><D113/><U3/><E9/><V58/><F20/><W100/><G100/><T88/><D114/><U54/><E41/><V72/><F107/><W112/><G112/><T24/><D8/><U89/><E38/><V74/><F101/><W99/><G99/><T68/><D24/><U123/><E123/><V6/><F98/><W56/><AGARI ba="2,1" hai="7,11,12,47,50,51,52,53,56,70,71,91,92,96" machi="56" ten="20,18000,2" yaku="1,1,0,1,7,1,54,1,53,2" doraHai="76" doraHaiUra="44" who="3" fromWho="3" sc="230,-62,29,-62,93,-62,638,196" owari="168,-3.0,-33,-53.0,31,-37.0,834,93.0" /></mjloggm>