<mjloggm ver="2.3"><GO type="169" lobby="0"/><UN n0="%E9%AB%98%E6%A9%8B%E6%B7%B3" n1="%E5%8D%97%E6%96%97%E3%82%B7%E3%83%B3" n2="%59%4D" n3="%E3%82%80%E3%83%BC%E3%82%93%E3%81%82%E3%81%84%E3%81%9A" dan="16,16,16,17" rate="2139.14,2083.40,2166.54,2152.91" sx="M,M,M,M"/><TAIKYOKU oya="0"/><INIT seed="0,0,0,1,2,75" ten="250,250,250,250" oya="0" hai0="74,82,117,124,121,92,32,118,122,98,59,40,47" hai1="93,10,77,94,39,89,119,79,90,126,34,115,116" hai2="1,86,3,103,132,131,49,129,73,97,111,44,85" hai3="110,27,72,18,43,26,38,50,19,42,80,36,15"/><T76/><D32/><U54/><E34/><V5/><F111/><W87/><G72/><T53/><D124/><U69/><E69/><V91/><F73/><W51/><G110/><T70/><D70/><U65/><E65/><V104/><F132/><W60/><G60/><T56/><D117/><N who="1" m="45131" /><E54/><V62/><F62/><W57/><G57/><T130/><D118/><U24/><E24/><V37/><F37/><W71/><G71/><T14/><D14/><U35/><E10/><V78/><F5/><W67/><G87/><T17/><D17/><U55/><E55/><V2/><F78/><N who="1" m="29705" /><E39/><V120/><F120/><W83/><G15/><T114/><D59/><U95/><E35/><V100/><F100/><W30/><G30/><T33/><D33/><U113/><E126/><V101/><F101/><W52/><G52/><T68/><D68/><U61/><E61/><V9/><F9/><W125/><REACH who="3" step="1"/><G125/><REACH who="3" ten="250,250,250,240" step="2"/><T88/><D53/><U45/><E45/><V106/><F3/><W31/><G31/><T46/><D56/><U102/><E102/><V16/><F103/><W64/><AGARI ba="0,1" hai="18,19,26,27,36,38,42,43,50,51,64,67,80,83" machi="64" ten="25,6400,0" yaku="1,1,0,1,22,2,53,0" doraHai="75" doraHaiUra="107" who="3" fromWho="3" sc="250,-32,250,-16,250,-16,240,74" /><INIT seed="1,0,0,5,3,1" ten="218,234,234,314" oya="1" hai0="84,112,63,105,109,87,82,50,77,3,127,53,78" hai1="76,129,60,2,99,22,130,8,74,72,120,35,44" hai2="104,75,20,107,12,98,5,134,69,54,19,97,47" hai3="79,26,96,46,31,114,36,115,116,56,40,106,123"/><U67/><E35/><V102/><F69/><W100/><G123/><T133/><D112/><U90/><E120/><V23/><F75/><W34/><G116/><T16/><D109/><U108/><E108/><V52/><F134/><W70/><G56/><T117/><D117/><U101/><E90/><V7/><F23/><W59/><G59/><T49/><D105/><N who="1" m="63679" /><E22/><V9/><F47/><W113/><REACH who="3" step="1"/><G79/><REACH who="3" ten="218,234,234,304" step="2"/><T37/><D78/><U42/><E76/><V66/><F66/><W80/><G80/><T91/><D82/><U17/><E67/><V57/><F107/><W94/><G94/><T135/><D77/><U121/><E121/><V119/><F119/><W95/><G95/><T55/><D133/><U110/><E110/><V118/><F118/><W11/><G11/><T25/><D135/><U38/><E60/><N who="2" m="35879" /><F104/><W48/><G48/><T0/><D50/><U43/><E8/><V64/><F64/><W6/><G6/><N who="2" m="2057" /><F102/><W24/><G24/><T111/><D25/><U27/><E27/><N who="2" m="14751" /><F54/><W83/><G83/><T61/><D55/><U14/><E74/><V21/><F21/><W4/><G4/><AGARI ba="0,1" hai="4,9,12,97,98" m="14751,2057,35879" machi="4" ten="30,12000,2" yaku="8,1,52,4,54,1" doraHai="1" who="2" fromWho="3" sc="218,0,234,0,234,130,304,-120" /><INIT seed="2,0,0,0,2,95" ten="218,234,364,184" oya="2" hai0="74,107,31,105,129,11,71,135,80,68,24,94,66" hai1="47,22,125,69,111,46,75,10,81,79,44,27,38" hai2="15,131,116,4,13,90,54,96,23,130,102,120,7" hai3="19,97,51,113,21,108,84,20,127,99,61,117,83"/><V0/><F116/><W34/><G34/><T53/><D53/><U49/><E111/><V65/><F120/><W89/><G117/><T128/><D94/><U32/><E125/><V86/><F65/><W1/><G1/><T85/><D11/><U78/><E69/><N who="0" m="26697" /><D66/><U50/><E32/><V87/><F54/><W16/><G108/><T37/><D37/><U103/><E38/><V55/><F55/><W93/><G113/><T28/><D74/><U77/><E103/><V41/><F41/><W33/><G33/><N who="0" m="20615" /><D31/><U76/><REACH who="1" step="1"/><E10/><REACH who="1" ten="218,224,364,184" step="2"/><V101/><F101/><W134/><G127/><T59/><D129/><U73/><E73/><V17/><F102/><W6/><G134/><T109/><D128/><U126/><E126/><V88/><F23/><W82/><G21/><T122/><D135/><U121/><E121/><V115/><F115/><W124/><G124/><T72/><D72/><U57/><E57/><V42/><F131/><W3/><G20/><T8/><D59/><U100/><E100/><V5/><F130/><W18/><G61/><T64/><D8/><U133/><E133/><V132/><F132/><W52/><G3/><T63/><D122/><U36/><E36/><V70/><F0/><W98/><G6/><T40/><D109/><U45/><N who="1" m="11264" /><DORA hai="9" /><U30/><AGARI ba="0,1" hai="22,27,30,49,50,75,76,77,78,79,81" m="11264" machi="30" ten="50,6400,0" yaku="1,1,4,1,0,1,53,0" doraHai="95,9" doraHaiUra="119,48" who="1" fromWho="1" sc="218,-16,224,74,364,-32,184,-16" /><INIT seed="3,0,0,4,5,53" ten="202,298,332,168" oya="3" hai0="51,62,98,130,44,114,29,11,28,76,107,60,23" hai1="80,93,86,105,1,40,4,127,30,118,55,115,96" hai2="36,49,65,113,82,7,68,124,0,70,22,52,73" hai3="17,116,18,132,34,101,35,81,64,92,90,71,58"/><W15/><G71/><T129/><D76/><U41/><E115/><V112/><F22/><W123/><G116/><T26/><D29/><U39/><E127/><V75/><F7/><W117/><G117/><T46/><D114/><U14/><E105/><V103/><F103/><W122/><G132/><T97/><D11/><N who="1" m="4455" /><E1/><V104/><F82/><W134/><G134/><T109/><D109/><U24/><E39/><V59/><F0/><W48/><G35/><T106/><D23/><N who="1" m="15647" /><E55/><V120/><F75/><W67/><G34/><T12/><D28/><U99/><E118/><V88/><F73/><W89/><G123/><T125/><D12/><U119/><E119/><V111/><F104/><W78/><G122/><T74/><D74/><U77/><E99/><V95/><F36/><W102/><G78/><T85/><D125/><U27/><E27/><V9/><F124/><W16/><G15/><T47/><D26/><U3/><E3/><V110/><F9/><W5/><G5/><T94/><D98/><U133/><E133/><V45/><F120/><W43/><G81/><T63/><D85/><U57/><E57/><V87/><F113/><W121/><G121/><T100/><D106/><U69/><E69/><N who="2" m="26731" /><F112/><W79/><G79/><T61/><N who="0" m="15360" /><DORA hai="8" /><T21/><D21/><U135/><E135/><V38/><F38/><W42/><G18/><T33/><D33/><U84/><E84/><V31/><F31/><W10/><G10/><T108/><D107/><U2/><E2/><V56/><F56/><W37/><G37/><T83/><D97/><U91/><AGARI ba="0,0" hai="40,41,77,80,86,91,93,96" m="15647,4455" machi="91" ten="30,2000,0" yaku="8,1,52,1" doraHai="53,8" who="1" fromWho="1" sc="202,-5,298,20,332,-5,168,-10" /><INIT seed="4,0,0,3,0,81" ten="197,318,327,158" oya="0" hai0="94,43,109,96,34,14,110,48,83,76,63,128,117" hai1="71,36,118,114,22,19,70,1,103,77,18,39,29" hai2="74,27,85,0,7,113,10,91,21,41,25,90,42" hai3="120,31,115,80,66,84,2,17,20,8,112,126,124"/><T60/><D34/><U40/><E118/><V55/><F74/><W57/><G31/><T87/><D117/><U9/><E103/><V11/><F113/><N who="3" m="43595" /><G120/><T92/><D128/><U54/><E114/><V4/><F55/><W133/><G133/><T50/><D14/><U51/><E29/><V79/><F79/><N who="3" m="46111" /><G8/><T26/><D26/><U104/><E104/><V67/><F67/><W108/><G2/><T59/><D92/><U125/><E18/><V53/><F53/><W56/><G108/><N who="0" m="41579" /><D43/><U101/><E40/><V131/><F131/><W64/><G64/><N who="0" m="38943" /><D63/><U123/><E9/><V98/><F27/><N who="3" m="14735" /><G66/><T135/><D135/><U73/><E1/><V102/><F25/><W99/><G99/><T28/><D28/><U12/><E12/><V38/><F98/><W33/><G33/><T62/><D62/><U61/><E61/><V93/><F0/><W116/><G116/><T119/><D119/><U88/><E71/><V86/><F93/><W105/><G105/><T52/><D52/><U47/><E54/><V65/><F65/><W100/><G100/><AGARI ba="0,0" hai="48,50,76,83,87,94,96,100" m="38943,41579" machi="100" ten="30,2900,0" yaku="10,1,52,1" doraHai="81" who="0" fromWho="3" sc="197,29,318,0,327,0,158,-29" /><INIT seed="4,1,0,2,5,51" ten="226,318,327,129" oya="0" hai0="42,86,49,122,9,98,52,24,97,79,22,99,123" hai1="16,66,132,95,133,13,92,54,53,105,15,114,57" hai2="80,50,103,36,107,135,100,46,110,116,90,64,120" hai3="47,106,61,45,60,7,85,30,127,115,27,76,94"/><T26/><D42/><U33/><E105/><V59/><F120/><W39/><G106/><T62/><D62/><N who="1" m="38223" /><E33/><V83/><F110/><W19/><G127/><T58/><D9/><N who="1" m="6191" /><E114/><V69/><F69/><W8/><G115/><T126/><D126/><U130/><E130/><V93/><F107/><W29/><G19/><T38/><D38/><U35/><E35/><V2/><F2/><W129/><G129/><T4/><D4/><U41/><E41/><N who="2" m="22823" /><F64/><W75/><G75/><T96/><N who="0" m="24576" /><DORA hai="84" /><T10/><D10/><U108/><E108/><V113/><F103/><W89/><G76/><T14/><D14/><U11/><E133/><V109/><F100/><W78/><G78/><T74/><D74/><U63/><E132/><V88/><F113/><W55/><G39/><T44/><D26/><U23/><E23/><V37/><F37/><W68/><G68/><T56/><D122/><U3/><E3/><V112/><F112/><W87/><G87/><T25/><D25/><U12/><E12/><V134/><F109/><W125/><G125/><T43/><D43/><U17/><E63/><N who="3" m="24138" /><G27/><T119/><D123/><U40/><E40/><V73/><F73/><W21/><G21/><T81/><D119/><U0/><E0/><V121/><F121/><W1/><G45/><T91/><D79/><U77/><E77/><V102/><F116/><W117/><G117/><T128/><D128/><U118/><E118/><V34/><F135/><W67/><G67/><T111/><D111/><U101/><E101/><V124/><F134/><W131/><G131/><T6/><D6/><U48/><E48/><AGARI ba="1,0" hai="1,7,8,29,30,47,48,55,85,89,94" m="24138" machi="48" ten="30,3900,0" yaku="6,1,52,2" doraHai="51,84" who="3" fromWho="1" sc="226,0,318,-42,327,0,129,42" /><INIT seed="5,0,0,0,4,50" ten="226,276,327,171" oya="1" hai0="5,28,102,43,59,33,21,112,83,8,123,48,93" hai1="23,7,3,79,124,131,30,1,99,106,87,11,105" hai2="74,14,56,111,51,54,62,47,44,128,108,27,6" hai3="84,65,125,34,46,24,92,85,60,0,70,40,82"/><U89/><E124/><V49/><F74/><W17/><G125/><T53/><D112/><U71/><E131/><V35/><F128/><W64/><G0/><T107/><D107/><U13/><E71/><V103/><F103/><W39/><G65/><T97/><D33/><U86/><E1/><V126/><F126/><W127/><G127/><T117/><D123/><U16/><E30/><V15/><F27/><W4/><G4/><T80/><D117/><U118/><E118/><V2/><F35/><W133/><G133/><T18/><D28/><U100/><E106/><V101/><F101/><W25/><G34/><T104/><D43/><U31/><E31/><V72/><F72/><W75/><G75/><T57/><D104/><U73/><REACH who="1" step="1"/><E89/><REACH who="1" ten="226,266,327,171" step="2"/><V135/><F2/><W81/><G70/><T32/><D102/><U110/><E110/><V113/><F108/><W91/><G91/><T26/><D32/><U41/><E41/><V109/><F111/><W77/><G40/><T55/><D5/><U66/><E66/><V134/><F109/><W52/><G17/><T129/><D129/><U58/><E58/><V42/><F6/><W37/><G64/><T88/><D8/><U29/><E29/><V61/><F42/><W9/><G9/><T76/><D76/><U116/><E116/><V120/><F56/><W22/><G77/><T122/><D122/><U115/><E115/><V119/><F119/><W94/><G46/><T132/><D132/><U121/><E121/><V10/><F120/><W90/><G90/><T98/><D98/><U38/><E38/><V19/><F113/><RYUUKYOKU ba="0,1" sc="226,15,266,15,327,-15,171,-15" hai0="18,21,26,48,53,55,57,59,80,83,88,93,97" hai1="3,7,11,13,16,23,73,79,86,87,99,100,105" /><INIT seed="5,1,1,1,2,9" ten="241,281,312,156" oya="1" hai0="90,19,135,107,127,14,48,10,103,28,99,98,93" hai1="53,75,51,65,79,56,129,57,31,125,76,114,13" hai2="109,83,8,7,64,35,104,106,39,2,3,134,73" hai3="112,87,116,23,4,131,43,47,63,50,17,115,117"/><U54/><E114/><N who="3" m="43562" /><G131/><T58/><D135/><U86/><E129/><V124/><F109/><W84/><G63/><T60/><D127/><U94/><E125/><V70/><F124/><W100/><G4/><T59/><D28/><U21/><E75/><V26/><F2/><W132/><G100/><T88/><D90/><N who="1" m="53591" /><E65/><V101/><F39/><W25/><G132/><T96/><D96/><U45/><E31/><N who="2" m="19959" /><F101/><W77/><G77/><N who="1" m="29770" /><E54/><V85/><F85/><AGARI ba="1,1" hai="17,23,25,43,47,50,84,85,87,116,117" m="43562" machi="85" ten="30,1000,0" yaku="15,1" doraHai="9" who="3" fromWho="2" sc="241,0,281,0,312,-13,156,23" /><INIT seed="6,0,0,3,0,121" ten="241,281,299,179" oya="2" hai0="74,106,63,86,98,51,11,128,29,129,72,59,97" hai1="47,49,0,107,23,70,26,125,43,32,37,130,61" hai2="39,27,131,33,36,92,19,2,21,77,22,83,134" hai3="122,65,15,112,24,89,18,105,7,62,48,126,60"/><V42/><F131/><N who="0" m="50250" /><D29/><U30/><E130/><V12/><F134/><W17/><G122/><T119/><D119/><U31/><E125/><V46/><F2/><W101/><G126/><T20/><D20/><U113/><E113/><V45/><F33/><W84/><G112/><T127/><D127/><U25/><E0/><V80/><F92/><W54/><G7/><T10/><D51/><U6/><E6/><V108/><F108/><W1/><G1/><T91/><D10/><U104/><REACH who="1" step="1"/><E37/><REACH who="1" ten="241,271,299,179" step="2"/><V55/><F39/><W57/><G105/><T118/><D106/><U100/><E100/><V124/><F124/><W3/><G101/><T96/><D118/><U133/><E133/><V8/><F22/><N who="3" m="13399" /><G3/><T94/><D11/><U69/><E69/><V13/><F36/><W88/><G65/><AGARI ba="0,1" hai="59,63,65,72,74,86,91,94,96,97,98" m="50250" machi="65" ten="30,1000,0" yaku="19,1" doraHai="121" who="0" fromWho="3" sc="241,20,271,0,299,0,179,-10" /><AGARI ba="0,0" hai="23,25,26,30,31,32,43,47,49,61,65,70,104,107" machi="65" ten="40,1300,0" yaku="1,1,53,0" doraHai="121" doraHaiUra="79" who="1" fromWho="3" sc="261,0,271,13,299,0,169,-13" /><INIT seed="7,0,0,0,1,106" ten="261,284,299,156" oya="3" hai0="102,84,66,134,135,81,74,43,10,7,128,127,90" hai1="97,125,115,109,50,117,132,59,73,101,3,85,75" hai2="8,5,42,30,67,23,120,87,121,70,55,0,25" hai3="56,14,24,63,104,51,111,124,61,103,38,29,36"/><W2/><G2/><T110/><D110/><U49/><E3/><V105/><F105/><W107/><G111/><T126/><D66/><U131/><E109/><V108/><F108/><W79/><G51/><T40/><D102/><U18/><E115/><V48/><F42/><N who="0" m="15914" /><D74/><U130/><E125/><N who="0" m="47625" /><D128/><N who="1" m="49195" /><E132/><V20/><F87/><W76/><G124/><T16/><D16/><U27/><E85/><V1/><F67/><W72/><G14/><AGARI ba="0,0" hai="7,10,14,81,84,90,134,135" m="47625,15914" machi="14" ten="30,1000,0" yaku="18,1" doraHai="106" who="0" fromWho="3" sc="261,10,284,0,299,0,156,-10" /><INIT seed="8,0,0,4,5,43" ten="271,284,299,146" oya="0" hai0="20,131,7,54,82,99,60,48,109,62,9,51,77" hai1="89,73,1,117,74,3,124,2,96,50,87,0,80" hai2="95,32,16,4,92,132,85,79,35,33,115,76,103" hai3="21,58,98,59,105,122,15,26,13,84,30,114,121"/><T28/><D131/><U119/><N who="1" m="0" /><DORA hai="107" /><U46/><E96/><V34/><F115/><W41/><G114/><T116/><D116/><N who="1" m="44619" /><E124/><V97/><F132/><W22/><G84/><N who="0" m="48207" /><D51/><U63/><E63/><N who="0" m="24105" /><D99/><U27/><E27/><V78/><F4/><W93/><G105/><T55/><D55/><AGARI ba="0,0" hai="46,50,55,73,74,80,87,89" m="44619,0" machi="55" ten="60,8000,1" yaku="16,1,52,3" doraHai="43,107" who="1" fromWho="0" sc="271,-80,284,80,299,0,146,0" owari="191,-21.0,364,46.0,299,10.0,146,-35.0" /></mjloggm>