<mjloggm ver="2.3"><GO type="169" lobby="0"/><UN n0="%7A%6B%75%72%74" n1="%68%61%6B%75%72%79%75%75" n2="%E3%81%86%E3%81%A9%E3%82%93%E3%81%93" n3="%E3%82%89%E3%81%84%E3%81%82%30%32%30%36" dan="16,16,16,16" rate="2140.67,2042.00,2116.94,2190.65" sx="M,M,M,F"/><TAIKYOKU oya="0"/><INIT seed="0,0,0,1,2,87" ten="250,250,250,250" oya="0" hai0="64,89,108,81,68,115,43,69,78,4,134,127,6" hai1="60,34,92,23,101,62,71,85,36,14,28,30,19" hai2="102,26,130,63,37,49,121,100,40,113,98,73,35" hai3="112,131,97,44,116,52,124,45,65,13,123,126,16"/><T88/><D115/><U8/><E36/><V133/><F113/><W33/><G112/><T55/><D43/><U72/><E72/><V31/><F121/><W125/><G116/><T12/><D134/><U129/><E34/><V118/><F133/><W76/><G33/><T79/><D127/><U57/><E71/><V119/><F73/><W128/><G65/><T94/><D108/><U56/><E129/><N who="3" m="49738" /><G123/><T46/><D64/><U17/><E57/><V74/><F74/><W70/><G76/><T66/><D66/><N who="1" m="39175" /><E62/><V11/><F130/><W22/><G70/><T20/><D69/><U51/><E51/><V111/><F111/><W107/><G52/><T122/><D68/><U25/><E101/><AGARI ba="0,0" hai="13,16,22,44,45,97,101,107,124,125,126" m="49738" machi="101" ten="40,5200,0" yaku="18,1,19,1,54,1" doraHai="87" who="3" fromWho="1" sc="250,0,250,-52,250,0,250,52" /><INIT seed="1,0,0,4,4,26" ten="250,198,250,302" oya="1" hai0="58,27,50,68,104,70,121,87,17,2,51,22,105" hai1="112,67,91,25,41,55,43,19,126,45,109,48,125" hai2="89,111,100,61,32,30,14,38,29,20,79,8,108" hai3="130,34,23,24,66,132,123,71,44,5,129,36,98"/><U16/><E112/><V81/><F38/><W72/><G123/><T35/><D2/><U69/><E91/><V118/><F118/><W133/><G72/><T103/><D121/><U127/><E109/><N who="2" m="42059" /><F32/><W95/><G34/><T113/><D113/><U107/><E107/><V12/><F100/><W93/><G5/><T97/><D105/><U74/><E74/><N who="2" m="43255" /><F61/><N who="3" m="40399" /><G44/><T18/><D35/><U47/><E25/><V21/><F89/><N who="3" m="55599" /><G95/><T128/><D128/><N who="3" m="49257" /><G36/><T102/><D102/><U84/><E84/><V6/><F14/><W9/><G9/><T0/><D0/><U60/><REACH who="1" step="1"/><E55/><REACH who="1" ten="250,188,250,302" step="2"/><V135/><F135/><W15/><G15/><T114/><D114/><U99/><E99/><V86/><F86/><W39/><G24/><T11/><D87/><U76/><E76/><V57/><F57/><W1/><G1/><T7/><D58/><U115/><E115/><V13/><F13/><W62/><G133/><T37/><D70/><U40/><E40/><V77/><F77/><W75/><G132/><T85/><D68/><U117/><E117/><V90/><F90/><W59/><G75/><T124/><D85/><U82/><E82/><V94/><F94/><W80/><G80/><T110/><D110/><U49/><AGARI ba="0,1" hai="16,19,41,43,45,47,48,49,60,67,69,125,126,127" machi="49" ten="30,12000,1" yaku="1,1,0,1,9,1,18,1,54,1,53,0" doraHai="26" doraHaiUra="53" who="1" fromWho="1" sc="250,-40,188,130,250,-40,302,-40" /><INIT seed="1,1,0,2,0,47" ten="210,318,210,262" oya="1" hai0="56,64,25,86,1,75,21,103,133,45,61,135,39" hai1="60,94,53,35,92,18,90,23,89,106,85,54,44" hai2="78,96,13,11,40,0,112,31,58,46,132,33,108" hai3="102,8,87,98,17,30,95,5,24,34,50,10,105"/><U49/><E106/><V4/><F108/><W97/><G87/><T118/><D75/><U73/><E73/><V100/><F132/><W65/><G65/><T38/><D118/><U32/><E60/><V113/><F78/><W55/><G17/><T67/><D1/><U81/><E53/><V16/><F58/><W131/><G131/><T68/><D103/><U117/><E117/><V109/><F109/><W114/><G5/><T128/><D128/><U2/><E2/><V76/><F76/><W83/><G83/><T70/><D86/><U99/><REACH who="1" step="1"/><E81/><REACH who="1" ten="210,308,210,262" step="2"/><V27/><F40/><W57/><REACH who="3" step="1"/><G114/><REACH who="3" ten="210,308,210,252" step="2"/><T111/><D111/><U72/><E72/><V124/><F124/><W77/><G77/><T19/><D67/><U79/><E79/><V9/><REACH who="2" step="1"/><F46/><REACH who="2" ten="210,308,200,252" step="2"/><W125/><G125/><T93/><D45/><U62/><E62/><V36/><F36/><W104/><G104/><AGARI ba="1,3" hai="0,4,9,11,13,16,27,31,33,96,100,104,112,113" machi="104" ten="40,2600,0" yaku="1,1,54,1,53,0" doraHai="47" doraHaiUra="123" who="2" fromWho="3" sc="210,0,308,0,200,59,252,-29" /><INIT seed="2,0,0,3,1,35" ten="210,308,259,223" oya="2" hai0="122,17,101,12,22,83,93,124,131,54,92,114,110" hai1="65,94,119,62,10,97,4,61,47,13,84,23,26" hai2="14,48,53,99,40,72,50,88,8,134,19,7,98" hai3="9,45,30,126,71,95,41,5,15,102,73,77,133"/><V25/><F72/><W36/><G133/><T108/><D122/><U70/><E119/><V64/><F134/><W28/><G126/><T2/><D114/><U42/><E84/><V104/><F104/><W132/><G132/><T121/><D121/><U37/><E65/><V49/><F64/><W90/><G102/><T86/><D124/><U125/><E70/><V135/><F135/><W59/><G59/><T103/><D131/><U111/><E111/><N who="0" m="42537" /><D54/><U51/><E37/><V105/><F105/><W118/><G71/><T79/><D2/><U117/><E117/><V106/><F106/><W27/><G27/><T128/><D128/><U100/><REACH who="1" step="1"/><E125/><REACH who="1" ten="210,298,259,223" step="2"/><V18/><F99/><W11/><G118/><T127/><D127/><U29/><AGARI ba="0,1" hai="4,10,13,23,26,29,42,47,51,61,62,94,97,100" machi="29" ten="20,8000,1" yaku="1,1,2,1,0,1,7,1,8,1,53,0" doraHai="35" doraHaiUra="85" who="1" fromWho="1" sc="210,-20,298,90,259,-40,223,-20" /><INIT seed="3,0,0,4,2,84" ten="190,388,219,203" oya="3" hai0="118,7,57,107,91,0,23,70,40,77,14,105,58" hai1="5,119,47,42,49,82,99,109,39,43,28,50,132" hai2="35,51,26,110,30,27,64,48,116,21,32,96,25" hai3="9,93,103,56,10,117,74,53,29,13,102,31,34"/><W108/><G117/><T95/><D118/><U72/><E109/><V44/><F110/><W125/><G108/><T11/><D70/><U60/><E132/><V6/><F116/><W20/><G74/><T8/><D77/><U79/><E119/><V88/><F64/><W89/><G125/><T122/><D122/><U18/><E28/><N who="3" m="10826" /><G34/><T134/><D134/><U67/><E5/><V38/><F6/><N who="3" m="3255" /><G20/><T127/><D127/><U52/><E18/><V113/><F113/><W83/><G83/><T111/><D111/><U36/><E99/><V130/><F130/><W24/><G10/><T1/><D23/><U33/><E33/><V114/><F114/><W4/><G24/><N who="2" m="9321" /><F35/><W112/><G4/><T128/><D128/><U86/><E72/><V104/><F104/><W76/><G76/><T15/><D7/><U133/><E133/><V63/><F38/><W16/><G16/><T135/><D135/><U65/><E36/><V115/><F115/><W94/><G94/><T73/><D73/><U97/><E39/><V66/><F32/><W121/><G121/><T124/><D124/><U54/><E97/><V126/><F126/><W12/><G12/><T98/><D98/><U131/><E131/><V123/><F123/><W81/><G81/><T100/><D95/><U61/><E67/><V37/><F37/><W41/><G112/><T120/><D120/><U85/><E65/><V92/><F44/><W59/><G41/><N who="1" m="15370" /><E85/><V80/><F80/><W106/><G106/><T46/><D40/><U68/><E68/><V22/><F22/><W90/><G93/><T75/><D107/><RYUUKYOKU ba="0,0" sc="190,-15,388,15,219,15,203,-15" hai1="47,49,50,52,54,60,61,79,82,86" hai2="21,27,30,48,51,63,66,88,92,96" /><INIT seed="4,1,0,0,0,83" ten="175,403,234,188" oya="0" hai0="22,20,96,1,88,105,132,70,135,19,40,84,38" hai1="46,35,129,110,32,114,72,62,47,93,16,125,21" hai2="25,117,108,100,41,12,44,23,121,134,2,112,43" hai3="31,95,49,80,8,126,103,53,24,61,119,54,89"/><T98/><D1/><U56/><E72/><V27/><F2/><W90/><G119/><T76/><D76/><U78/><E110/><V48/><F108/><W34/><G126/><T9/><D70/><U107/><E107/><V68/><F121/><W116/><G116/><T15/><D40/><U109/><E109/><V120/><F120/><W14/><G61/><T37/><D37/><U64/><E125/><V82/><F68/><W94/><G80/><T87/><D38/><U36/><E78/><V11/><F112/><W127/><G127/><T77/><D77/><U55/><E129/><V4/><F134/><N who="0" m="51242" /><D98/><U10/><E10/><V123/><F123/><W128/><G128/><T106/><D106/><U85/><E114/><V69/><F69/><W74/><G74/><T133/><N who="0" m="51250" /><T57/><DORA hai="115" /><D57/><U67/><E36/><V73/><F117/><W131/><G131/><T102/><D87/><U60/><E35/><V130/><F130/><W113/><G113/><T101/><D102/><U29/><E32/><V81/><F73/><W26/><G103/><T42/><D42/><U28/><E46/><V17/><F43/><W50/><G34/><T33/><D33/><U0/><E0/><V7/><F100/><W86/><G31/><N who="1" m="11850" /><E47/><V3/><F41/><W66/><G66/><T124/><D124/><U30/><N who="1" m="11858" /><U75/><DORA hai="5" /><E75/><V71/><F71/><W65/><G65/><T122/><D122/><U58/><E64/><V45/><F45/><W6/><G50/><T118/><D118/><U51/><E51/><V63/><F48/><W104/><G49/><RYUUKYOKU ba="1,0" sc="175,30,403,-10,234,-10,188,-10" hai0="9,15,19,20,22,84,88,96,101,105" /><INIT seed="4,2,0,5,1,84" ten="205,393,224,178" oya="0" hai0="85,129,68,128,113,2,25,10,127,119,46,115,75" hai1="77,20,72,42,73,120,116,103,89,39,51,61,7" hai2="92,48,96,69,123,95,104,99,35,34,12,71,87" hai3="55,124,18,122,135,86,11,6,13,29,16,76,43"/><T36/><D119/><U1/><E116/><V32/><F123/><W63/><G124/><T133/><D75/><U100/><E51/><V54/><F87/><W9/><G135/><T102/><D102/><U4/><E20/><V5/><F104/><W47/><G122/><T31/><D68/><U26/><E26/><V79/><F79/><W117/><G29/><T57/><D57/><U107/><E61/><V56/><F5/><W49/><G117/><T101/><D101/><U50/><E50/><V40/><F40/><W82/><G11/><T37/><D127/><U27/><E27/><V88/><REACH who="2" step="1"/><F12/><REACH who="2" ten="205,393,214,178" step="2"/><W108/><G108/><T59/><D85/><U110/><E120/><V81/><F81/><W53/><REACH who="3" step="1"/><G63/><REACH who="3" ten="205,393,214,168" step="2"/><T66/><D133/><U14/><E110/><V106/><F106/><W114/><G114/><T105/><D105/><U38/><E107/><V0/><F0/><W130/><G130/><T126/><D126/><U125/><E1/><V24/><F24/><W45/><G45/><T118/><D115/><U91/><E125/><V98/><F98/><W65/><G65/><T111/><D113/><U3/><E3/><V17/><F17/><AGARI ba="2,2" hai="6,9,13,16,17,18,43,47,49,53,55,76,82,86" machi="17" ten="40,8000,1" yaku="1,1,25,2,8,1,54,1,53,0" doraHai="84" doraHaiUra="60" who="3" fromWho="2" sc="205,0,393,0,214,-86,168,106" /><INIT seed="5,0,0,5,1,112" ten="205,393,128,274" oya="1" hai0="75,28,4,59,76,111,102,90,21,82,108,54,116" hai1="50,124,60,58,106,5,127,52,41,61,57,68,66" hai2="1,99,3,109,33,135,35,46,131,92,72,49,107" hai3="65,88,78,31,9,7,77,19,120,94,83,34,62"/><U117/><E106/><V6/><F109/><W16/><G120/><T74/><D74/><U43/><E5/><V118/><F131/><W119/><G34/><T70/><D70/><U128/><E117/><V24/><F135/><W47/><G47/><T110/><D102/><U133/><E128/><V18/><F107/><W37/><G31/><T86/><D4/><U23/><E23/><V132/><F72/><W122/><G37/><T113/><D113/><U39/><E133/><V8/><F132/><W10/><G122/><T12/><D116/><U20/><E20/><V85/><F118/><W17/><G119/><T44/><D44/><N who="1" m="23615" /><E43/><V26/><F1/><W22/><G22/><T134/><D134/><U89/><E89/><V104/><F85/><N who="3" m="52495" /><G7/><T71/><D71/><U53/><AGARI ba="0,0" hai="50,52,53,57,58,60,61,66,68,124,127" m="23615" machi="53" ten="30,11700,0" yaku="24,1,34,2,54,1" doraHai="112" who="1" fromWho="1" sc="205,-39,393,117,128,-39,274,-39" /><INIT seed="5,1,0,3,0,38" ten="166,510,89,235" oya="1" hai0="108,21,11,89,104,130,102,50,8,117,82,56,7" hai1="35,30,36,124,3,133,70,100,99,44,23,64,110" hai2="77,48,45,57,85,41,69,62,80,59,113,135,18" hai3="126,19,60,55,122,13,37,125,10,116,105,88,94"/><U17/><E3/><V87/><F135/><W61/><G122/><T63/><D108/><U79/><E133/><V22/><F113/><W39/><G105/><T28/><D117/><U114/><E114/><V131/><F131/><W66/><G55/><T27/><D130/><U46/><E79/><V0/><F0/><W106/><G106/><T67/><D104/><N who="1" m="63519" /><E36/><N who="3" m="13898" /><G66/><T12/><D102/><U47/><E124/><N who="3" m="47722" /><G116/><T134/><D134/><U5/><E5/><V31/><F31/><W68/><G68/><T58/><D11/><U43/><E23/><V49/><F49/><W15/><G13/><T86/><REACH who="0" step="1"/><D50/><REACH who="0" ten="156,510,89,235" step="2"/><N who="1" m="26911" /><E110/><V121/><F121/><W24/><G10/><T53/><D53/><U9/><E9/><V96/><F62/><W16/><G61/><T20/><D20/><U33/><E33/><V74/><F69/><AGARI ba="1,1" hai="7,8,12,21,27,28,56,58,63,67,69,82,86,89" machi="69" ten="30,2000,0" yaku="1,1,7,1,53,0" doraHai="38" doraHaiUra="107" who="0" fromWho="2" sc="156,33,510,0,89,-23,235,0" /><INIT seed="6,0,0,2,0,51" ten="189,510,66,235" oya="2" hai0="46,60,118,14,70,50,54,79,2,67,9,21,86" hai1="90,34,81,22,125,74,40,131,106,82,4,27,42" hai2="68,35,85,119,59,61,37,121,26,99,120,126,102" hai3="7,108,1,28,36,91,66,128,88,5,95,64,25"/><V115/><F119/><W23/><G108/><T39/><D118/><U31/><E106/><V0/><F115/><W107/><G107/><T62/><D2/><U29/><E125/><V55/><F126/><W75/><G75/><T76/><D21/><U94/><E4/><N who="3" m="1610" /><G36/><T38/><D62/><U135/><E131/><V97/><F0/><W110/><G110/><T117/><D117/><U127/><E127/><V58/><F68/><W73/><G73/><T133/><D133/><U96/><E135/><V72/><F72/><W113/><G128/><T78/><REACH who="0" step="1"/><D86/><REACH who="0" ten="179,510,66,235" step="2"/><U57/><E74/><V134/><F134/><W87/><G1/><T6/><AGARI ba="0,1" hai="6,9,14,38,39,46,50,54,60,67,70,76,78,79" machi="6" ten="30,7900,0" yaku="1,1,2,1,0,1,52,1,53,0" doraHai="51" doraHaiUra="109" who="0" fromWho="0" sc="179,89,510,-20,66,-39,235,-20" /><INIT seed="7,0,0,4,3,94" ten="268,490,27,215" oya="3" hai0="122,60,104,28,72,10,4,129,73,99,63,107,51" hai1="58,93,130,42,86,35,18,15,6,29,87,2,127" hai2="118,68,44,133,110,23,109,114,20,115,88,5,119" hai3="0,82,17,83,38,97,80,85,76,84,9,81,108"/><W125/><G38/><T54/><D122/><U135/><E127/><V134/><F88/><N who="3" m="51207" /><G0/><T106/><D28/><U50/><E135/><N who="2" m="51723" /><F44/><W89/><G108/><N who="2" m="41577" /><F68/><W77/><G125/><T69/><D69/><U102/><E130/><V65/><F65/><W79/><G17/><T19/><D129/><U98/><E42/><V92/><F92/><N who="3" m="56463" /><G9/><T128/><D19/><U120/><E120/><V45/><F45/><W47/><G47/><T33/><D128/><U75/><E75/><V62/><F62/><W12/><G12/><T116/><D73/><U66/><E2/><V56/><F56/><W126/><G126/><T16/><D72/><U22/><E35/><V52/><F52/><W101/><G101/><T31/><D33/><U112/><E112/><N who="2" m="43051" /><F5/><W131/><G131/><T13/><D4/><U49/><E6/><V71/><F71/><W59/><G59/><T1/><D63/><N who="1" m="38263" /><E29/><V53/><F53/><W117/><G117/><AGARI ba="0,0" hai="20,23,117,118,119" m="43051,41577,51723" machi="117" ten="40,12000,2" yaku="28,2,20,1,15,1,34,2" doraHai="94" who="2" fromWho="3" sc="268,0,490,0,27,120,215,-120" owari="268,7.0,490,58.0,147,-25.0,95,-40.0" /></mjloggm>