<mjloggm ver="2.3"><GO type="169" lobby="0"/><UN n0="%E5%9C%A8%E5%8E%9F%E4%B8%83%E6%B5%B7%E5%A4%A7%E5%A5%BD%E3%81%8D" n1="%74%61%6E%61%4B%61" n2="%63%68%69%73%73" n3="%E6%98%8E%E6%98%9F%E5%B8%82%E6%B0%91" dan="17,17,17,16" rate="2212.97,2141.38,2155.86,2186.29" sx="M,M,M,M"/><TAIKYOKU oya="0"/><INIT seed="0,0,0,4,1,114" ten="250,250,250,250" oya="0" hai0="31,87,103,30,21,55,106,69,44,40,65,102,129" hai1="33,110,123,62,43,15,135,90,12,85,54,77,67" hai2="34,22,58,78,75,86,83,56,25,13,36,107,132" hai3="19,108,125,133,32,6,115,104,1,29,127,79,42"/><T91/><D129/><U124/><E123/><V26/><F132/><W120/><G104/><T66/><D55/><U93/><E33/><V3/><F3/><W63/><G79/><T70/><D106/><U100/><E110/><V28/><F107/><W82/><G42/><T92/><D70/><U7/><E124/><V95/><F36/><W53/><G108/><T8/><D8/><U97/><E43/><V112/><F112/><W118/><G115/><T113/><D113/><U126/><E126/><V45/><F45/><W2/><G120/><T80/><D69/><U60/><E77/><V94/><F13/><W128/><G82/><T111/><D31/><U16/><E135/><V98/><F75/><W121/><G29/><T24/><D111/><U88/><E90/><V74/><F95/><W71/><G128/><T9/><D9/><N who="1" m="4159" /><E54/><V0/><F0/><W51/><G53/><T119/><D119/><U20/><E67/><V49/><F74/><W37/><G118/><T89/><D65/><U41/><E41/><V5/><F49/><W48/><G71/><T122/><D66/><U84/><E84/><V46/><F46/><W117/><G117/><T116/><D116/><U57/><E57/><V59/><F5/><W130/><G133/><T35/><D35/><U105/><E105/><V39/><F39/><W14/><G130/><T131/><D131/><U76/><E76/><V50/><F50/><W99/><G127/><T18/><D122/><U96/><E96/><V10/><F10/><W68/><G125/><T4/><D40/><U23/><E23/><V81/><F22/><RYUUKYOKU ba="0,0" sc="250,-10,250,30,250,-10,250,-10" hai1="15,16,20,60,62,85,88,93,97,100" /><INIT seed="1,1,0,1,5,38" ten="240,280,240,240" oya="1" hai0="115,60,107,104,35,32,39,100,78,16,24,87,0" hai1="30,89,4,6,116,96,12,111,76,79,14,22,90" hai2="68,55,26,47,82,51,123,73,106,57,75,120,27" hai3="77,129,34,124,65,48,2,118,46,13,122,9,97"/><U59/><E116/><V133/><F133/><W56/><G129/><T69/><D115/><U121/><E121/><V37/><F106/><W128/><G124/><T29/><D0/><U99/><E111/><V20/><F27/><W102/><G128/><T130/><D35/><U119/><E119/><V50/><F68/><W54/><G2/><T93/><D39/><U132/><E59/><V43/><F75/><W45/><G34/><T53/><D130/><U135/><E22/><V71/><F71/><W19/><G122/><T8/><D78/><U103/><E103/><V91/><F73/><W67/><G77/><T41/><D41/><U127/><REACH who="1" step="1"/><E30/><REACH who="1" ten="240,270,240,240" step="2"/><V52/><F120/><W88/><G102/><T134/><D100/><U63/><E63/><V113/><F123/><W15/><G118/><T17/><D60/><U3/><E3/><V61/><F113/><W117/><G117/><T101/><D101/><U92/><E92/><V72/><F61/><W114/><G114/><T18/><D93/><U58/><E58/><V83/><F72/><W110/><G110/><T25/><D29/><U21/><E21/><V62/><F62/><W70/><G70/><T86/><D69/><U23/><E23/><V109/><F109/><W36/><G56/><T81/><D107/><U105/><E105/><V42/><F57/><W95/><G15/><T85/><D104/><U94/><E94/><V7/><F20/><W31/><G31/><T28/><D28/><U49/><E49/><V10/><F50/><N who="3" m="29007" /><G36/><T40/><D24/><U66/><E66/><N who="3" m="25098" /><G48/><T131/><D131/><U112/><E112/><RYUUKYOKU ba="1,1" sc="240,-15,270,15,240,-15,240,15" hai1="4,6,12,14,76,79,89,90,96,99,127,132,135" hai3="9,13,19,46,88,95,97" /><INIT seed="1,2,1,0,3,100" ten="225,285,225,255" oya="1" hai0="93,13,28,92,64,44,12,131,108,4,71,5,88" hai1="51,43,101,38,109,40,16,106,98,77,17,73,85" hai2="3,111,18,39,60,87,58,81,48,114,118,79,11" hai3="135,14,20,7,45,121,110,133,95,96,99,120,9"/><U35/><E38/><V72/><F118/><W90/><G45/><T107/><D108/><U55/><E35/><V47/><F111/><W10/><G110/><T105/><D28/><U1/><E1/><V75/><F114/><W26/><G99/><T117/><D117/><U61/><E73/><V27/><F39/><W65/><G65/><T41/><D64/><U102/><E102/><V91/><F3/><W22/><G9/><T84/><D71/><U86/><E61/><V82/><F75/><W8/><G8/><T62/><D62/><U37/><E109/><V34/><F34/><W80/><G80/><T129/><D92/><U59/><E37/><V130/><F130/><N who="0" m="49674" /><D13/><U49/><E49/><V46/><F48/><W52/><G52/><T29/><D29/><U2/><E2/><V76/><F76/><W132/><REACH who="3" step="1"/><G22/><REACH who="3" ten="225,285,225,245" step="2"/><T103/><D103/><U119/><E119/><V24/><F11/><W115/><G115/><T125/><D4/><U25/><E101/><V128/><F128/><W6/><G6/><T67/><D67/><U122/><E98/><V63/><F47/><W33/><G33/><T78/><D5/><U113/><E55/><N who="2" m="33887" /><F46/><W123/><G123/><T134/><D44/><U70/><E122/><V36/><F36/><W83/><G83/><T97/><D97/><U116/><E113/><V54/><F81/><W89/><G89/><T31/><D88/><U19/><E116/><V21/><F91/><W42/><G42/><T32/><D41/><U53/><E43/><V0/><F72/><W124/><G124/><T50/><D125/><U112/><E40/><RYUUKYOKU ba="2,2" sc="225,-10,285,-10,225,-10,245,30" hai3="7,10,14,20,26,90,95,96,120,121,132,133,135" /><INIT seed="2,3,2,5,5,90" ten="215,275,215,275" oya="2" hai0="38,30,113,122,29,59,54,128,12,101,100,62,121" hai1="15,135,64,118,109,9,88,65,37,127,108,51,76" hai2="114,32,52,89,46,98,107,95,36,74,53,67,19" hai3="71,6,124,60,49,21,132,44,14,123,50,55,115"/><V129/><F129/><W27/><G123/><T58/><D113/><U131/><E118/><V24/><F114/><W112/><G124/><T7/><D38/><U79/><E37/><V96/><F74/><W57/><G132/><T77/><D77/><N who="1" m="29771" /><E131/><V20/><F32/><W18/><G71/><T133/><D133/><U97/><E135/><V45/><F67/><W43/><G6/><T2/><D2/><U82/><E127/><V106/><F36/><W81/><G81/><T42/><D42/><U91/><E91/><V73/><F73/><W63/><G115/><T102/><D128/><U33/><E33/><V85/><F107/><W31/><REACH who="3" step="1"/><G112/><REACH who="3" ten="215,275,215,265" step="2"/><T11/><D122/><U3/><E109/><V35/><F106/><W93/><G93/><T66/><REACH who="0" step="1"/><D121/><REACH who="0" ten="205,275,215,265" step="2"/><U1/><E108/><V99/><REACH who="2" step="1"/><F35/><AGARI ba="3,4" hai="14,18,21,27,31,35,43,44,49,50,55,57,60,63" machi="35" ten="30,2000,0" yaku="1,1,7,1,53,0" doraHai="90" doraHaiUra="75" who="3" fromWho="2" sc="205,0,275,0,215,-29,265,69" /><INIT seed="3,0,0,4,4,90" ten="205,275,186,334" oya="3" hai0="41,119,53,31,77,116,58,112,42,16,46,45,25" hai1="64,68,80,21,22,50,111,52,0,9,117,128,76" hai2="88,43,95,107,20,17,72,67,1,109,86,104,78" hai3="51,105,87,4,134,63,106,48,120,28,10,89,113"/><W33/><G120/><T5/><D5/><U14/><E111/><V24/><F109/><W73/><G134/><T23/><D112/><U101/><E0/><V99/><F1/><W129/><G73/><T84/><D119/><U29/><E128/><V19/><F72/><W115/><G129/><T11/><D116/><U36/><E36/><V118/><F118/><W71/><G28/><T35/><D11/><U18/><E117/><V114/><F114/><W37/><G33/><T126/><D126/><U108/><E108/><V3/><F3/><W85/><G37/><T97/><D97/><U124/><E124/><V6/><F6/><W98/><G71/><T130/><D42/><U75/><E101/><V100/><F43/><W127/><G63/><T94/><D41/><U103/><E103/><V57/><F78/><W8/><G98/><T49/><D77/><U38/><E38/><V47/><F47/><W59/><G4/><T93/><D130/><U2/><E2/><V56/><F67/><W32/><G127/><T70/><D70/><U122/><E122/><V132/><F132/><W15/><G89/><N who="0" m="53415" /><D94/><U96/><E96/><V13/><REACH who="2" step="1"/><F104/><REACH who="2" ten="205,275,176,334" step="2"/><W40/><G40/><T83/><D46/><U123/><E123/><V92/><F92/><W82/><G82/><T7/><D83/><U54/><E80/><V39/><F39/><W12/><G32/><T61/><D7/><U30/><E76/><V102/><F102/><W121/><G121/><T79/><D79/><U44/><E75/><V74/><F74/><W91/><G91/><T34/><D34/><U110/><E110/><RYUUKYOKU ba="0,1" sc="205,-15,275,-15,176,15,334,15" hai2="13,17,19,20,24,56,57,86,88,95,99,100,107" hai3="8,10,12,15,48,51,59,85,87,105,106,113,115" /><INIT seed="3,1,1,5,0,21" ten="190,260,191,349" oya="3" hai0="50,74,66,18,100,111,86,38,107,45,39,76,121" hai1="70,32,104,124,132,24,75,105,119,122,95,79,116" hai2="8,56,20,126,87,60,114,31,130,68,4,2,85" hai3="83,11,103,58,96,84,135,9,59,90,94,23,7"/><W16/><G135/><T12/><D121/><U125/><E70/><V47/><F114/><W13/><REACH who="3" step="1"/><G11/><REACH who="3" ten="190,260,191,339" step="2"/><T109/><D111/><U6/><E132/><V127/><F8/><W57/><G57/><T41/><D109/><U77/><E122/><V30/><F56/><W81/><G81/><T35/><D45/><U71/><E71/><V134/><F47/><W19/><G19/><T55/><D18/><U115/><E115/><V27/><F134/><W40/><G40/><T37/><D41/><U48/><E119/><V108/><F108/><W54/><G54/><T120/><D55/><U80/><E116/><V51/><F68/><W131/><G131/><T82/><D82/><U110/><E110/><V93/><F130/><W133/><G133/><T102/><D120/><U42/><E42/><V112/><F112/><W129/><G129/><T99/><D66/><U49/><E80/><V36/><F126/><W10/><G10/><T69/><D69/><U118/><E118/><V91/><F127/><W52/><G52/><T128/><D128/><U73/><E125/><V89/><F4/><W64/><G64/><T106/><D38/><U63/><E6/><V25/><F36/><W15/><AGARI ba="1,2" hai="7,9,13,15,16,23,58,59,83,84,90,94,96,103" machi="15" ten="20,18000,2" yaku="1,1,0,1,7,1,8,1,54,1,53,1" doraHai="21" doraHaiUra="88" who="3" fromWho="3" sc="190,-61,260,-61,191,-61,339,203" /><INIT seed="3,2,0,4,2,40" ten="129,199,130,542" oya="3" hai0="23,44,109,82,89,120,95,125,59,135,54,58,11" hai1="128,30,25,28,65,51,92,36,104,132,110,97,124" hai2="123,87,3,106,86,66,70,117,107,34,27,116,127" hai3="35,12,121,47,113,62,48,101,1,71,122,17,130"/><W57/><G1/><T10/><D120/><U103/><E36/><V100/><F123/><W33/><G130/><T64/><D109/><U102/><E110/><V72/><F72/><W7/><G71/><T93/><D125/><U60/><E124/><V75/><F127/><W96/><G7/><T134/><D82/><U46/><E132/><V42/><F75/><W74/><G113/><T98/><D135/><U114/><E128/><V81/><F3/><W91/><G74/><T53/><D64/><U19/><E114/><V105/><F42/><W38/><G38/><T133/><D23/><U63/><E103/><V119/><F81/><W108/><G91/><T56/><D134/><U112/><E112/><V73/><F73/><W16/><G108/><T2/><D2/><U99/><E99/><V5/><F5/><W67/><G122/><T118/><D118/><U115/><E104/><V26/><F100/><W24/><G121/><T68/><D68/><U14/><E115/><V126/><F34/><W85/><G85/><N who="2" m="32265" /><F126/><W49/><G49/><N who="0" m="28839" /><D95/><U29/><E25/><N who="2" m="9227" /><F70/><W111/><G111/><T8/><D133/><U13/><E65/><AGARI ba="2,0" hai="65,66,105,106,107,116,117,119" m="9227,32265" machi="65" ten="50,3200,0" yaku="28,2" doraHai="40" who="2" fromWho="1" sc="129,0,199,-38,130,38,542,0" /><INIT seed="4,0,0,2,1,59" ten="129,161,168,542" oya="0" hai0="104,101,91,32,93,113,27,49,125,103,117,60,33" hai1="90,55,51,40,35,87,46,96,119,73,44,98,67" hai2="34,128,123,62,6,95,111,17,72,64,132,47,134" hai3="74,88,77,89,9,48,99,52,58,3,100,10,45"/><T129/><D117/><U5/><E73/><V124/><F72/><W92/><G74/><T118/><D118/><U29/><E119/><V70/><F34/><W75/><G77/><T114/><D129/><U1/><E67/><V126/><F6/><W131/><G75/><T84/><D125/><N who="2" m="48234" /><F111/><W121/><G121/><T109/><D109/><U30/><E5/><V115/><F123/><W94/><G3/><T31/><D33/><U26/><E29/><V106/><F106/><W8/><G131/><T24/><D24/><U108/><E1/><V15/><F115/><N who="0" m="44042" /><D104/><U37/><REACH who="1" step="1"/><E108/><REACH who="1" ten="129,151,168,542" step="2"/><V83/><F128/><W130/><G130/><T28/><D31/><U16/><E16/><V110/><F110/><W82/><G82/><AGARI ba="0,1" hai="26,30,35,37,40,44,46,51,55,82,87,90,96,98" machi="82" ten="30,2000,0" yaku="1,1,7,1,53,0" doraHai="59" doraHaiUra="14" who="1" fromWho="3" sc="129,0,151,30,168,0,542,-20" /><INIT seed="5,0,0,4,1,7" ten="129,181,168,522" oya="1" hai0="67,89,45,73,0,105,34,112,119,118,50,96,66" hai1="36,21,135,81,74,44,126,106,100,127,130,46,35" hai2="133,102,116,125,18,76,134,11,99,94,23,53,80" hai3="22,54,122,6,70,28,33,131,4,15,120,39,12"/><U121/><E35/><V37/><F116/><W43/><G70/><T51/><D34/><U69/><E69/><V110/><F110/><W117/><G54/><T60/><D112/><U104/><E121/><V71/><F125/><N who="1" m="47625" /><E135/><V65/><F37/><W63/><G63/><T25/><D73/><U3/><E3/><V114/><F114/><W40/><G131/><T41/><D0/><U101/><E130/><V58/><F65/><W90/><G90/><T95/><D25/><U98/><E21/><V93/><F71/><W129/><G129/><T77/><D77/><N who="1" m="44215" /><E36/><V2/><F2/><W111/><G111/><T88/><D105/><N who="1" m="40555" /><E98/><V68/><F68/><W26/><G39/><T86/><D51/><U97/><E97/><V72/><F94/><W115/><G115/><T132/><D132/><U123/><E123/><V78/><F23/><W8/><G117/><T82/><REACH who="0" step="1"/><D67/><REACH who="0" ten="119,181,168,522" step="2"/><U107/><E107/><V75/><F133/><W83/><G33/><T19/><D19/><U10/><E44/><V5/><F134/><W9/><G122/><T16/><D16/><U29/><E46/><V62/><F18/><W87/><G120/><T52/><D52/><U84/><E29/><V49/><F49/><W113/><G113/><T14/><D14/><U30/><E30/><V92/><F75/><W56/><G56/><AGARI ba="0,1" hai="41,45,50,56,60,66,82,86,88,89,95,96,118,119" machi="56" ten="30,3900,0" yaku="1,1,7,1,54,1,53,0" doraHai="7" doraHaiUra="1" who="0" fromWho="3" sc="119,49,181,0,168,0,522,-39" /><INIT seed="6,0,0,2,4,49" ten="168,181,168,483" oya="2" hai0="101,39,118,33,128,135,90,18,30,89,6,45,16" hai1="10,28,17,80,113,4,124,50,63,67,109,8,97" hai2="34,115,131,107,102,20,114,119,100,29,61,79,81" hai3="64,93,40,15,95,75,66,96,86,42,12,48,0"/><V38/><F119/><W60/><G0/><T43/><D118/><U123/><E109/><V121/><F121/><W35/><G75/><T106/><D135/><U53/><E113/><N who="2" m="43019" /><F34/><W130/><G35/><T77/><D128/><U13/><E124/><V132/><F132/><W54/><G130/><T62/><D77/><U127/><E127/><V99/><F38/><W103/><G86/><T78/><D78/><U133/><E133/><V129/><F61/><W73/><G73/><T25/><D6/><U1/><E28/><V23/><F23/><W110/><G110/><T46/><D46/><U52/><E123/><V7/><F7/><W27/><G27/><T51/><D39/><U57/><E80/><V112/><F20/><W56/><G93/><T76/><D76/><U94/><E50/><V68/><F29/><W74/><G74/><T58/><D101/><AGARI ba="0,0" hai="1,4,8,10,13,17,52,53,57,63,67,94,97,101" machi="101" ten="30,7700,0" yaku="7,1,52,2,54,1" doraHai="49" who="1" fromWho="0" sc="168,-77,181,77,168,0,483,0" /><INIT seed="7,0,0,4,1,62" ten="91,258,168,483" oya="3" hai0="23,50,91,122,47,110,40,19,72,94,90,41,64" hai1="59,107,133,38,103,105,20,130,82,13,134,39,36" hai2="43,61,29,25,80,74,92,109,123,113,28,75,63" hai3="106,127,48,76,70,114,21,85,60,7,37,93,135"/><W1/><G106/><T120/><D110/><U132/><E103/><V128/><F109/><W46/><G37/><T12/><D72/><U108/><E108/><V86/><F43/><W33/><G33/><T126/><D126/><U97/><E97/><V49/><F49/><W65/><G135/><T27/><D122/><U30/><E130/><V24/><F123/><W44/><G127/><T73/><D73/><U53/><E82/><V121/><F121/><W4/><G114/><T56/><D120/><U16/><E30/><V119/><F92/><W124/><G124/><T66/><D41/><U3/><E3/><V84/><F80/><W129/><G129/><T18/><D56/><U58/><E58/><V45/><F45/><W68/><G68/><T52/><D40/><U22/><E22/><V117/><F128/><W26/><G1/><T57/><D47/><U15/><E15/><V67/><F67/><N who="0" m="25642" /><D94/><U78/><E105/><V111/><F111/><W14/><G14/><T87/><D87/><U102/><E107/><V112/><AGARI ba="0,0" hai="24,25,28,29,61,63,74,75,84,86,112,113,117,119" machi="112" ten="25,3200,0" yaku="0,1,22,2" doraHai="62" who="2" fromWho="2" sc="91,-8,258,-8,168,32,483,-16" owari="83,-42.0,250,5.0,200,-20.0,467,57.0" /></mjloggm>