<mjloggm ver="2.3"><GO type="185" lobby="0"/><UN n0="%4C%61%69%74%79" n1="%E3%82%AC%E3%83%96%E3%83%AA%E3%82%A8%E3%83%AB" n2="%6D%6F%6D%6F%74%61%6B%65" n3="" dan="17,17,16,0" rate="2242.50,2226.69,2071.55,1500.00" sx="F,M,M,C"/><TAIKYOKU oya="0"/><INIT seed="0,0,0,4,3,109" ten="350,350,350,0" oya="0" hai0="3,52,75,40,102,77,101,63,61,96,86,117,36" hai1="100,33,44,67,87,58,84,79,124,114,49,83,98" hai2="134,37,46,105,115,95,99,48,45,130,47,88,34" hai3=""/><T92/><D117/><U73/><E33/><V39/><F34/><T85/><D3/><U74/><E124/><V69/><F69/><T129/><D129/><U112/><E74/><V78/><F130/><T91/><D102/><U113/><E67/><V59/><F78/><T93/><D75/><U123/><N who="1" m="31520" /><U71/><E71/><V53/><F115/><T41/><D36/><U118/><E58/><V132/><F105/><T56/><REACH who="0" step="1"/><D63/><REACH who="0" ten="340,350,350,0" step="2"/><U90/><E118/><V135/><AGARI ba="0,1" hai="37,39,45,46,47,48,53,59,88,95,99,132,134,135" machi="135" ten="40,3900,0" yaku="0,1,20,1,54,1" doraHai="109" who="2" fromWho="2" sc="340,-26,350,-13,350,49,0,0" /><INIT seed="1,0,0,0,2,66" ten="314,337,399,0" oya="1" hai0="127,76,111,32,75,58,80,125,102,50,128,71,135" hai1="60,79,108,72,68,62,64,3,93,113,51,104,85" hai2="91,124,41,73,126,123,33,107,54,42,98,132,82" hai3=""/><U53/><E3/><V120/><N who="2" m="30752" /><V84/><N who="2" m="31520" /><V59/><F33/><T105/><D32/><U92/><E113/><V2/><F2/><T70/><D111/><U131/><E108/><V119/><F119/><T101/><D128/><U52/><E104/><V133/><F73/><T1/><D1/><U88/><E131/><V112/><F112/><T97/><D102/><U114/><E114/><V37/><F98/><T77/><D77/><U115/><E115/><V122/><N who="2" m="31264" /><V69/><F69/><T94/><D135/><N who="2" m="51786" /><F107/><T134/><D134/><U129/><E129/><V118/><F118/><T46/><D105/><U67/><E72/><V109/><F109/><T116/><D116/><U95/><E79/><V86/><F84/><T61/><D125/><N who="2" m="48234" /><F37/><T43/><REACH who="0" step="1"/><D127/><REACH who="0" ten="304,337,399,0" step="2"/><U130/><E130/><V0/><F0/><T83/><D83/><U44/><E93/><V78/><F78/><T74/><D74/><U106/><E95/><V57/><F57/><T55/><AGARI ba="0,1" hai="43,46,50,55,58,61,70,71,75,76,80,94,97,101" machi="55" ten="20,6000,1" yaku="1,1,0,1,7,1,52,2,53,0" doraHai="66" doraHaiUra="81" who="0" fromWho="0" sc="304,70,337,-40,399,-20,0,0" /><INIT seed="2,0,0,2,2,36" ten="374,297,379,0" oya="2" hai0="90,85,55,92,118,66,110,43,42,103,120,68,72" hai1="84,81,98,73,93,35,33,61,105,82,65,77,63" hai2="89,37,99,106,38,126,87,34,116,41,45,107,100" hai3=""/><V124/><F34/><T91/><N who="0" m="30752" /><T49/><D118/><U132/><E105/><V60/><F116/><T50/><D72/><U76/><E63/><V69/><F38/><T128/><D128/><U79/><E79/><V56/><F69/><T121/><N who="0" m="31008" /><T125/><D125/><U47/><E47/><V122/><N who="2" m="31264" /><V135/><F107/><T86/><D103/><U2/><E2/><V71/><F71/><T112/><D112/><U39/><E39/><V51/><F37/><T40/><D110/><U115/><E132/><V94/><REACH who="2" step="1"/><F135/><REACH who="2" ten="374,297,369,0" step="2"/><T111/><D111/><U1/><E1/><V117/><F117/><T46/><D68/><U54/><E33/><V67/><AGARI ba="0,1" hai="41,45,51,56,60,67,87,89,94,99,100,106,124,126" m="31264" machi="67" ten="30,8000,1" yaku="1,1,0,1,52,2,53,1" doraHai="36" doraHaiUra="44" who="2" fromWho="2" sc="374,-40,297,-40,369,90,0,0" /><INIT seed="2,1,0,0,1,104" ten="334,257,459,0" oya="2" hai0="106,39,44,84,94,124,107,115,103,55,72,122,41" hai1="34,60,70,40,3,105,112,123,0,63,132,69,96" hai2="52,78,59,113,88,126,35,42,66,134,45,135,36" hai3=""/><V101/><F35/><T93/><N who="0" m="31264" /><T32/><D32/><U2/><N who="1" m="31520" /><U47/><E112/><V91/><F113/><T131/><D115/><U67/><E34/><V119/><F119/><T98/><D124/><U75/><E132/><N who="2" m="50731" /><F101/><T116/><D116/><U81/><E105/><V51/><F126/><T95/><D131/><U1/><E96/><V100/><F100/><T97/><D72/><U50/><E3/><V79/><F66/><T118/><D118/><U133/><E133/><V43/><F42/><T108/><D108/><U37/><E50/><V53/><F53/><T102/><REACH who="0" step="1"/><D55/><REACH who="0" ten="324,257,459,0" step="2"/><U87/><E75/><V83/><F79/><T125/><D125/><U61/><REACH who="1" step="1"/><E67/><REACH who="1" ten="324,247,459,0" step="2"/><V129/><F129/><T114/><D114/><U68/><E68/><V71/><F71/><T57/><D57/><U117/><E117/><V73/><AGARI ba="1,2" hai="36,43,45,51,52,59,73,78,83,88,91" m="50731" machi="73" ten="30,7800,0" yaku="20,1,52,1,54,2" doraHai="104" who="2" fromWho="2" sc="324,-40,247,-40,459,100,0,0" /><INIT seed="2,2,0,4,3,102" ten="284,207,559,0" oya="2" hai0="90,60,2,133,65,103,43,34,52,47,93,112,36" hai1="89,135,121,56,73,123,71,42,0,74,41,126,64" hai2="117,97,127,33,83,77,63,55,129,38,66,35,119" hai3=""/><V80/><F38/><T115/><D133/><U101/><N who="1" m="31008" /><U54/><N who="1" m="31520" /><U49/><E0/><V44/><F83/><T61/><D2/><U32/><E32/><V40/><F35/><T82/><D34/><U3/><E3/><V111/><F33/><T1/><D1/><U69/><E135/><V134/><F134/><T58/><D82/><U81/><E126/><V104/><F127/><T84/><REACH who="0" step="1"/><D103/><REACH who="0" ten="274,207,559,0" step="2"/><U108/><E101/><V67/><F119/><T91/><D91/><U57/><E89/><V88/><F117/><T105/><D105/><U92/><E81/><V96/><F104/><T130/><D130/><U125/><E125/><V116/><F129/><T100/><D100/><U68/><E92/><V109/><F116/><T48/><D48/><U124/><E124/><V86/><F88/><T45/><D45/><U132/><E132/><V37/><F96/><T87/><D87/><U50/><E50/><V39/><F97/><T99/><D99/><U114/><E49/><V107/><F107/><T53/><D53/><U113/><E54/><V75/><F86/><T59/><AGARI ba="2,1" hai="36,43,47,52,58,59,60,61,65,84,90,93,112,115" machi="59" ten="30,3000,0" yaku="1,1,0,1,54,1,53,0" doraHai="102" doraHaiUra="95" who="0" fromWho="0" sc="274,44,207,-12,559,-22,0,0" /><INIT seed="4,0,0,4,4,98" ten="318,195,537,0" oya="0" hai0="48,80,122,64,127,1,68,45,78,74,32,60,115" hai1="89,55,118,85,33,57,90,39,42,52,77,61,117" hai2="49,107,91,113,62,75,69,2,119,129,88,106,41" hai3=""/><T109/><N who="0" m="31264" /><T36/><D115/><U43/><E33/><V47/><F75/><T131/><D32/><U95/><E77/><V44/><F2/><T54/><D1/><U132/><E132/><V50/><F113/><T102/><D127/><U96/><E117/><V37/><F37/><T94/><D131/><U92/><E118/><V0/><F0/><T56/><D109/><U111/><E111/><V53/><F119/><T99/><REACH who="0" step="1"/><D36/><REACH who="0" ten="308,195,537,0" step="2"/><U125/><E125/><V63/><F129/><T112/><D112/><U101/><E39/><V67/><F63/><T71/><AGARI ba="0,1" hai="45,48,54,56,60,64,68,71,74,78,80,94,99,102" m="31264" machi="71" ten="30,7800,0" yaku="1,1,0,1,52,2,53,0" doraHai="98" doraHaiUra="128" who="0" fromWho="0" sc="308,88,195,-39,537,-39,0,0" /><INIT seed="4,1,0,1,3,80" ten="396,156,498,0" oya="0" hai0="129,69,111,51,121,131,34,0,119,67,3,40,32" hai1="47,49,53,64,81,89,107,128,2,86,45,132,48" hai2="126,68,97,77,58,54,59,1,82,62,36,110,43" hai3=""/><T57/><N who="0" m="31008" /><T71/><D119/><U39/><E132/><V52/><F1/><N who="0" m="586" /><D40/><U118/><E128/><N who="0" m="49225" /><D111/><U109/><E118/><V100/><F110/><T92/><D92/><U104/><E2/><V108/><F68/><N who="0" m="26186" /><D51/><U114/><E109/><V78/><F108/><T38/><D38/><U60/><E39/><V101/><F36/><T95/><D95/><U112/><E49/><V96/><F43/><T50/><D50/><U65/><E65/><V98/><F78/><T99/><D99/><U84/><E47/><V87/><F126/><T44/><D44/><U75/><E64/><V70/><F70/><T90/><D90/><U74/><E89/><V120/><N who="2" m="30752" /><V94/><F94/><T83/><D83/><U72/><E81/><V135/><F135/><T123/><N who="0" m="31520" /><T55/><D55/><U122/><N who="1" m="31264" /><U63/><E53/><V105/><F100/><T103/><D103/><U117/><E117/><V133/><F133/><T134/><D134/><U37/><E37/><V116/><F116/><T125/><D125/><U102/><E48/><AGARI ba="1,0" hai="48,52,54,58,59,62,77,82,87,96,97,98,101,105" m="30752" machi="48" ten="30,7700,0" yaku="7,1,52,2,54,1" doraHai="80" who="2" fromWho="1" sc="396,0,156,-79,498,79,0,0" /><INIT seed="5,0,0,5,5,134" ten="396,77,577,0" oya="1" hai0="56,41,88,86,90,36,87,70,53,123,119,113,100" hai1="54,108,46,52,135,128,106,77,107,85,68,63,38" hai2="124,59,64,0,71,76,2,127,110,80,115,122,66" hai3=""/><U83/><E108/><V117/><N who="2" m="31264" /><V74/><F110/><T51/><N who="0" m="31520" /><T131/><D131/><U72/><E135/><V40/><F117/><T120/><N who="0" m="30752" /><T39/><D119/><U116/><E116/><V126/><F71/><T125/><D70/><U99/><E128/><V58/><F40/><T109/><D109/><U62/><E68/><V69/><F69/><T81/><D100/><U3/><E3/><N who="2" m="1067" /><F115/><T133/><D133/><U65/><E65/><AGARI ba="0,0" hai="58,59,64,65,66,74,76,80,124,126,127" m="1067,31264" machi="65" ten="40,8000,1" yaku="18,1,52,4" doraHai="134" who="2" fromWho="1" sc="396,0,77,-80,577,80,0,0" owari="396,0.0,-3,-60.0,657,60.0,0,0.0" /></mjloggm>