<mjloggm ver="2.3"><GO type="169" lobby="0"/><UN n0="%E9%9B%A3%E6%94%BB%E4%B8%8D%E8%90%BD%E3%81%AE%E9%89%84%E9%A8%8E%E5%85%B5" n1="%E2%98%86%41%64%72%69%61%6E" n2="%E3%81%8D%E3%82%88%E3%81%97%E3%81%BE%E3%82%8B" n3="%54%6F%6B%75%63%68%69" dan="16,17,16,17" rate="2101.14,2173.60,2113.69,2235.99" sx="M,M,F,M"/><TAIKYOKU oya="0"/><INIT seed="0,0,0,4,2,12" ten="250,250,250,250" oya="0" hai0="93,77,67,18,132,37,53,131,25,108,14,111,97" hai1="43,105,59,58,128,113,13,100,127,1,110,60,102" hai2="118,75,10,3,71,119,2,23,52,114,90,98,123" hai3="0,50,121,7,134,6,92,69,33,40,126,109,46"/><T57/><D131/><U56/><E1/><V41/><F71/><W95/><G33/><T116/><D116/><N who="2" m="44586" /><F41/><W61/><G109/><N who="0" m="42059" /><D132/><U62/><E110/><V65/><F65/><W54/><G126/><T32/><D37/><U39/><E105/><V36/><F36/><W68/><G121/><T26/><D77/><U21/><E39/><V16/><F75/><W107/><G107/><T84/><D84/><U20/><E43/><V63/><F114/><W117/><G134/><T86/><D86/><U28/><E127/><V85/><F10/><W72/><G72/><T27/><D67/><U87/><E87/><V88/><F98/><W35/><G95/><T22/><D32/><U66/><E128/><V73/><F73/><W99/><G35/><T125/><D125/><U83/><E113/><V81/><F90/><W38/><G117/><T70/><D70/><U47/><E66/><V29/><F29/><W96/><G69/><T79/><D79/><U135/><E135/><V15/><F123/><W55/><G68/><T89/><D14/><U34/><E13/><V74/><F74/><W133/><G0/><T42/><D42/><U45/><E34/><V122/><F122/><W9/><G133/><T91/><D91/><U48/><E100/><V130/><F130/><W103/><G99/><T24/><D24/><U78/><E102/><V49/><F63/><AGARI ba="0,0" hai="18,22,25,26,27,53,57,63,89,93,97" m="42059" machi="63" ten="30,11600,0" yaku="25,1,14,1,10,1,52,1" doraHai="12" who="0" fromWho="2" sc="250,116,250,0,250,-116,250,0" /><INIT seed="0,1,0,3,1,118" ten="366,250,134,250" oya="0" hai0="29,81,47,37,38,68,119,23,103,55,129,31,90" hai1="127,94,51,96,39,84,63,20,21,115,44,48,14" hai2="59,27,70,32,78,26,24,69,125,58,105,25,108" hai3="98,8,97,74,100,73,75,102,15,77,123,111,91"/><T106/><D119/><U126/><E115/><V99/><F108/><W135/><G111/><T6/><D129/><U41/><E63/><V134/><F125/><N who="1" m="47625" /><E84/><V13/><F134/><W52/><G135/><T28/><D68/><U66/><E66/><V132/><F132/><W110/><G110/><T87/><D6/><U82/><E82/><V56/><F78/><W128/><G77/><T88/><D90/><N who="1" m="55383" /><E14/><V117/><F117/><W60/><G128/><T64/><D64/><U112/><E112/><V113/><F113/><W57/><G123/><T124/><D124/><U36/><E51/><V54/><F13/><W1/><G1/><T49/><REACH who="0" step="1"/><D23/><AGARI ba="1,0" hai="20,21,23,36,39,41,44,48" m="55383,47625" machi="23" ten="30,1000,0" yaku="18,1" doraHai="118" who="1" fromWho="0" sc="366,-13,250,13,134,0,250,0" /><INIT seed="1,0,0,3,0,107" ten="353,263,134,250" oya="1" hai0="134,19,74,56,71,54,78,69,81,33,41,59,64" hai1="37,92,7,130,63,114,79,58,109,124,36,9,125" hai2="72,96,30,6,119,5,51,85,108,73,128,102,26" hai3="99,120,22,43,84,0,110,121,40,11,101,132,98"/><U60/><E114/><V15/><F119/><W103/><G110/><T12/><D33/><U70/><E79/><V111/><F85/><W50/><G132/><T82/><D134/><U49/><E92/><N who="2" m="58631" /><F51/><W53/><G22/><T77/><D41/><U129/><E9/><V52/><F52/><W39/><G84/><T104/><D104/><U8/><E8/><N who="2" m="4495" /><F6/><W86/><G86/><T93/><D93/><U122/><E7/><V10/><F10/><W94/><G11/><T24/><D24/><U47/><E122/><V62/><F62/><N who="1" m="23593" /><E58/><V65/><F65/><W105/><G0/><T23/><D64/><U112/><E70/><V32/><F128/><N who="1" m="49257" /><E109/><AGARI ba="0,0" hai="26,30,32,72,73,108,109,111" m="4495,58631" machi="109" ten="30,3900,0" yaku="14,1,52,2" doraHai="107" who="2" fromWho="1" sc="353,0,263,-39,134,39,250,0" /><INIT seed="2,0,0,4,4,77" ten="353,224,173,250" oya="2" hai0="84,105,88,51,28,107,126,33,131,111,64,73,23" hai1="79,39,97,1,30,5,41,9,114,115,120,52,90" hai2="13,21,66,89,68,94,59,83,101,133,82,121,134" hai3="63,103,29,127,87,124,40,12,76,122,57,18,116"/><V14/><F68/><W99/><G116/><T54/><D73/><U17/><E120/><V113/><F121/><W11/><G122/><T61/><D126/><U123/><E123/><V2/><F2/><W46/><G29/><T119/><D131/><U20/><E30/><V112/><F101/><W110/><G110/><T75/><D75/><U93/><E79/><V95/><F59/><W32/><G32/><T3/><D3/><U10/><E10/><V128/><F66/><W117/><G117/><T132/><D111/><U48/><E41/><V70/><F70/><W91/><G76/><T31/><D33/><U26/><REACH who="1" step="1"/><E39/><REACH who="1" ten="353,214,173,250" step="2"/><V129/><F21/><W109/><G109/><T85/><D31/><U67/><E67/><V125/><REACH who="2" step="1"/><F89/><REACH who="2" ten="353,214,163,250" step="2"/><W74/><G91/><T6/><D88/><U38/><E38/><V106/><F106/><W19/><G127/><AGARI ba="0,2" hai="13,14,82,83,94,95,112,113,125,127,128,129,133,134" machi="127" ten="25,12000,1" yaku="1,1,22,2,52,2,53,0" doraHai="77" doraHaiUra="50" who="2" fromWho="3" sc="353,0,214,0,163,140,250,-120" /><INIT seed="2,1,0,1,3,97" ten="353,214,303,130" oya="2" hai0="58,71,83,20,56,76,21,44,74,135,126,80,42" hai1="17,28,106,63,122,107,105,0,52,124,9,131,70" hai2="64,103,111,133,33,22,67,35,91,128,43,7,84" hai3="3,73,45,108,48,132,59,127,39,46,34,19,36"/><V1/><F133/><W104/><G73/><T18/><D126/><U49/><E124/><V47/><F128/><W26/><G3/><T82/><D71/><U95/><E131/><V69/><F103/><W68/><G68/><T4/><D135/><U120/><E28/><V114/><F114/><W90/><G132/><T13/><D4/><U57/><E95/><V29/><F7/><W109/><G127/><T16/><D58/><U89/><E89/><V125/><F1/><W72/><G72/><T8/><D56/><U6/><REACH who="1" step="1"/><E17/><REACH who="1" ten="353,204,303,130" step="2"/><V96/><F91/><W129/><G19/><T102/><D18/><U51/><E51/><V60/><F29/><W25/><G90/><T27/><D16/><U61/><E61/><V123/><F60/><W119/><G129/><T14/><D76/><U94/><E94/><V32/><F125/><W15/><G48/><T87/><D82/><U5/><E5/><V23/><F33/><W110/><G34/><T98/><D83/><U53/><E53/><V117/><F35/><W115/><G104/><T88/><D80/><U10/><E10/><V99/><F32/><W41/><G115/><T100/><D88/><U86/><E86/><V37/><F84/><W75/><G75/><T40/><D87/><U11/><E11/><V93/><F93/><W112/><G112/><T101/><D74/><U66/><AGARI ba="1,1" hai="0,6,9,49,52,57,63,66,70,105,106,107,120,122" machi="66" ten="40,5200,0" yaku="1,1,0,1,54,1,53,0" doraHai="97" doraHaiUra="81" who="1" fromWho="1" sc="353,-14,204,65,303,-27,130,-14" /><INIT seed="3,0,0,2,0,100" ten="339,269,276,116" oya="3" hai0="119,123,50,109,125,86,67,4,75,116,131,2,120" hai1="80,135,69,71,112,0,130,1,29,117,44,36,81" hai2="54,46,89,85,133,108,43,49,9,16,34,65,56" hai3="42,68,10,95,94,12,61,82,98,77,87,63,66"/><W127/><G127/><T55/><D75/><U62/><E112/><V19/><F34/><W84/><G42/><T3/><D86/><U134/><E29/><V37/><F108/><W83/><G63/><T47/><D67/><U107/><E130/><V51/><F133/><W6/><REACH who="3" step="1"/><G98/><REACH who="3" ten="339,269,276,106" step="2"/><T41/><D41/><U20/><E62/><V35/><F37/><W58/><G58/><T48/><D125/><U57/><E57/><V25/><F56/><W22/><G22/><T11/><D123/><U32/><E20/><V53/><F43/><W30/><G30/><T21/><D120/><U27/><E36/><V7/><F35/><W15/><G15/><T60/><D21/><U17/><E32/><V128/><F25/><W18/><G18/><T28/><D28/><U132/><E27/><V24/><F24/><W59/><G59/><T93/><D60/><U90/><E17/><V45/><F128/><W70/><G70/><T105/><D131/><U40/><E69/><V14/><F65/><W23/><G23/><T72/><D3/><U31/><E71/><V111/><F111/><W115/><G115/><T102/><D109/><U64/><E31/><V38/><F38/><W118/><G118/><T92/><D119/><U106/><E64/><V74/><F74/><W97/><G97/><N who="0" m="61647" /><D116/><U13/><E117/><V26/><F26/><W79/><AGARI ba="0,1" hai="6,10,12,61,66,68,77,79,82,83,84,87,94,95" machi="79" ten="20,7800,0" yaku="1,1,0,1,7,1,9,1,53,0" doraHai="100" doraHaiUra="129" who="3" fromWho="3" sc="339,-26,269,-26,276,-26,106,88" /><INIT seed="3,1,0,2,2,118" ten="313,243,250,194" oya="3" hai0="66,77,16,58,133,73,57,64,19,90,53,120,2" hai1="69,135,24,134,32,7,20,49,116,60,6,80,29" hai2="131,103,94,92,55,114,87,109,18,9,126,106,108" hai3="36,21,88,132,130,102,81,22,28,59,82,30,37"/><W124/><G132/><N who="1" m="50730" /><E116/><V107/><F55/><W45/><G130/><T63/><D133/><U104/><E104/><N who="2" m="39979" /><F18/><W27/><G124/><T54/><D2/><U75/><E49/><V68/><F9/><W67/><G102/><T96/><D73/><U129/><E129/><V74/><F68/><W56/><G67/><T91/><D77/><N who="1" m="44095" /><E32/><V38/><F38/><W61/><G61/><T65/><D120/><U117/><E117/><V112/><F131/><W39/><G45/><T31/><D31/><U70/><E70/><V99/><F74/><W123/><G123/><T47/><D47/><U78/><E78/><V86/><F126/><W101/><G101/><T40/><D40/><U15/><E15/><V44/><F44/><W115/><G115/><N who="2" m="44073" /><F94/><W35/><G35/><T12/><D12/><U76/><E76/><V113/><N who="2" m="44081" /><V4/><DORA hai="52" /><F4/><W79/><G79/><T34/><D34/><U62/><E62/><V23/><F23/><W13/><G13/><T46/><D46/><U5/><E5/><V51/><F51/><W84/><REACH who="3" step="1"/><G82/><REACH who="3" ten="313,243,250,184" step="2"/><T85/><D65/><AGARI ba="1,1" hai="6,7,20,24,29,60,65,69" m="44095,50730" machi="65" ten="30,1000,0" yaku="20,1" doraHai="118,52" who="1" fromWho="0" sc="313,-13,243,23,250,0,184,0" /><INIT seed="4,0,0,1,0,56" ten="300,266,250,184" oya="0" hai0="68,115,78,94,15,135,98,23,66,30,122,0,82" hai1="125,120,70,13,88,119,55,60,62,112,110,109,17" hai2="50,91,134,32,26,11,86,21,19,64,99,34,92" hai3="123,49,81,35,25,121,5,127,36,14,72,44,85"/><T79/><D122/><U89/><E119/><V9/><F134/><W37/><G72/><T130/><D135/><U74/><E74/><V61/><F50/><W65/><G127/><T83/><D130/><U124/><E120/><N who="3" m="46154" /><G25/><T16/><D115/><U59/><E112/><V87/><F34/><W118/><G35/><T39/><D39/><U33/><E33/><V7/><F32/><W8/><G65/><T101/><D0/><U57/><E13/><V42/><F42/><N who="3" m="24727" /><G118/><T73/><D30/><U38/><E17/><V54/><F11/><W27/><G27/><T90/><D101/><U129/><E70/><V104/><F104/><W3/><G3/><T131/><D131/><U71/><E71/><V103/><F103/><W41/><G41/><T133/><D133/><U114/><E114/><V20/><F21/><W10/><G10/><T40/><D40/><U6/><E129/><V2/><F64/><W53/><G53/><T63/><REACH who="0" step="1"/><D73/><REACH who="0" ten="290,266,250,184" step="2"/><U18/><E38/><V80/><F80/><AGARI ba="0,1" hai="15,16,23,63,66,68,78,79,80,82,83,90,94,98" machi="80" ten="40,12000,1" yaku="1,1,2,1,52,1,54,1,53,0" doraHai="56" doraHaiUra="132" who="0" fromWho="2" sc="290,130,266,0,250,-120,184,0" /><INIT seed="4,1,0,4,5,103" ten="420,266,130,184" oya="0" hai0="55,115,77,60,73,20,25,86,85,52,22,82,37" hai1="92,100,131,53,88,117,28,58,112,13,57,16,78" hai2="42,2,101,5,95,24,79,39,9,21,34,96,47" hai3="121,26,30,32,99,119,12,1,71,122,49,3,48"/><T130/><D115/><U50/><E117/><V93/><F34/><W133/><G71/><T7/><D130/><U69/><E69/><V46/><F46/><W91/><G91/><T126/><D37/><U18/><E112/><V74/><F96/><W109/><G99/><T44/><D126/><U62/><E131/><V107/><F101/><W6/><G49/><T75/><D7/><U41/><E78/><V66/><F66/><W63/><G48/><T135/><D135/><U129/><E129/><V113/><F113/><W45/><G63/><T54/><D44/><N who="1" m="25871" /><E28/><V125/><F125/><W31/><G45/><T29/><D60/><N who="1" m="35887" /><E13/><V61/><F61/><W104/><G104/><T90/><REACH who="0" step="1"/><D22/><REACH who="0" ten="410,266,130,184" step="2"/><U68/><E68/><V81/><REACH who="2" step="1"/><F107/><REACH who="2" ten="410,266,120,184" step="2"/><W98/><G32/><T40/><D40/><U134/><E100/><V10/><F10/><W102/><G102/><T70/><D70/><U76/><E134/><V127/><F127/><W23/><G133/><T72/><D72/><U80/><E62/><V118/><F118/><W105/><G119/><T132/><D132/><U8/><E58/><V64/><F64/><W38/><G105/><T114/><D114/><U65/><E65/><V116/><F116/><W0/><G23/><T59/><D59/><U89/><E8/><V11/><F11/><W35/><G35/><T84/><D84/><N who="1" m="50183" /><E76/><V33/><F33/><W108/><G98/><AGARI ba="1,2" hai="16,18,89,92,98" m="50183,35887,25871" machi="98" ten="30,3900,0" yaku="8,1,54,2" doraHai="103" who="1" fromWho="3" sc="410,0,266,62,120,0,184,-42" /><INIT seed="5,0,0,1,2,54" ten="410,328,120,142" oya="1" hai0="85,104,79,21,87,96,47,69,35,26,133,23,19" hai1="94,97,105,70,122,103,124,63,60,48,95,132,52" hai2="68,118,42,109,56,134,10,127,36,91,90,38,58" hai3="111,24,125,41,15,74,12,37,106,34,65,20,25"/><U110/><E122/><V76/><F109/><W84/><G65/><T77/><D69/><U88/><E110/><V71/><F76/><W101/><G74/><T99/><D35/><U117/><E117/><V32/><F32/><W93/><G125/><T18/><D104/><U108/><E108/><V102/><F118/><W45/><G111/><T61/><D133/><U43/><E124/><V49/><F102/><W29/><G106/><T82/><D47/><U75/><E132/><V116/><F116/><W64/><G84/><T66/><D61/><U8/><E75/><V44/><F127/><W31/><REACH who="3" step="1"/><G64/><REACH who="3" ten="410,328,120,132" step="2"/><T130/><D66/><U7/><E105/><V98/><F134/><W112/><G112/><T30/><D130/><U6/><E70/><V55/><F98/><AGARI ba="0,1" hai="12,15,20,24,25,29,31,34,37,41,45,93,98,101" machi="98" ten="40,1300,0" yaku="1,1,53,0" doraHai="54" doraHaiUra="72" who="3" fromWho="2" sc="410,0,328,0,120,-13,132,23" /><INIT seed="6,0,0,0,2,55" ten="410,328,107,155" oya="2" hai0="123,104,102,121,64,80,35,11,91,45,65,52,117" hai1="113,21,69,133,73,99,15,18,60,43,89,135,27" hai2="0,87,83,84,79,6,23,16,4,110,105,26,70" hai3="67,58,86,36,14,39,8,75,3,107,120,47,38"/><V2/><F70/><W85/><G107/><T40/><D35/><U44/><E73/><V68/><F68/><W37/><G75/><T108/><D108/><U5/><E113/><V74/><F105/><W129/><G3/><T115/><D115/><U25/><E99/><V131/><F110/><W59/><G120/><T13/><D117/><U101/><E101/><V46/><F131/><W34/><G34/><T94/><D104/><U97/><E97/><V7/><REACH who="2" step="1"/><F46/><REACH who="2" ten="410,328,97,155" step="2"/><W82/><G129/><T72/><D45/><U62/><E69/><V128/><F128/><W130/><G130/><T95/><D121/><U41/><E44/><V103/><F103/><W10/><G38/><T61/><D102/><U118/><E118/><V81/><F81/><W71/><G71/><T93/><D80/><U20/><E135/><V90/><F90/><W54/><G82/><T111/><D91/><U76/><E133/><V50/><F50/><W92/><G47/><T32/><D111/><U124/><E89/><V122/><F122/><W77/><G77/><T28/><D123/><U17/><E76/><V31/><F31/><W78/><G78/><T127/><D28/><U12/><E124/><V19/><F19/><W33/><G39/><T112/><D127/><U30/><E30/><V22/><F22/><W24/><G37/><T132/><D112/><U119/><E119/><V53/><F53/><W42/><G54/><T100/><D52/><U96/><E5/><V48/><F48/><W106/><G106/><T49/><D132/><U125/><E125/><V88/><F88/><N who="3" m="53263" /><G36/><T126/><D126/><RYUUKYOKU ba="0,1" sc="410,-15,328,15,97,15,155,-15" hai1="12,15,17,18,20,21,25,27,41,43,60,62,96" hai2="0,2,4,6,7,16,23,26,74,79,83,84,87" /><INIT seed="6,1,1,0,2,9" ten="395,343,112,140" oya="2" hai0="77,92,8,46,31,112,120,33,17,84,58,129,75" hai1="28,98,16,99,37,38,106,109,69,64,43,61,121" hai2="68,47,115,118,21,23,67,2,62,36,4,63,104" hai3="88,60,29,87,53,12,19,79,85,51,107,125,26"/><V3/><F118/><W65/><G107/><T102/><D120/><U86/><E109/><V130/><F104/><W128/><G128/><T1/><D75/><U111/><E111/><V110/><F110/><W10/><G125/><T35/><D112/><U27/><E121/><V70/><F115/><W101/><G101/><T34/><D129/><U42/><E86/><V54/><F130/><W81/><G60/><T13/><D46/><U50/><E99/><V116/><F116/><W119/><G65/><T113/><D113/><U72/><E50/><V30/><F30/><W18/><G119/><T89/><D77/><U6/><E6/><V11/><F2/><W22/><G29/><T73/><D73/><U7/><E7/><V82/><F82/><W5/><G5/><T124/><D124/><U71/><E71/><V108/><F108/><W44/><G87/><T94/><D58/><U24/><E72/><V117/><F117/><W83/><G83/><T40/><D40/><N who="1" m="15403" /><E27/><V14/><F3/><W39/><G39/><T114/><D114/><U48/><E16/><V122/><F122/><W126/><G126/><T100/><D1/><U133/><E48/><N who="2" m="28959" /><F36/><W55/><G55/><T20/><D94/><U74/><E133/><V25/><F25/><W41/><G41/><T131/><D131/><U103/><E74/><V80/><F80/><W52/><G53/><T45/><D45/><U56/><E56/><V59/><F70/><W132/><G132/><T49/><D49/><U127/><E127/><V95/><F95/><W93/><G93/><T15/><D31/><U78/><E78/><AGARI ba="1,1" hai="10,12,18,19,22,26,44,51,52,78,79,81,85,88" machi="78" ten="40,12000,2" yaku="6,1,25,2,8,1,52,1,54,2" doraHai="9" who="3" fromWho="1" sc="395,0,343,-123,112,0,140,133" /><INIT seed="7,0,0,3,3,26" ten="395,220,112,273" oya="3" hai0="36,90,76,0,117,109,31,81,71,124,41,116,135" hai1="55,44,61,107,99,53,100,127,83,114,121,12,72" hai2="96,59,24,5,57,39,86,77,105,38,129,94,126" hai3="35,60,47,32,54,56,123,11,2,131,112,104,73"/><W37/><G123/><T20/><D109/><U111/><E121/><V17/><F126/><W133/><G104/><T62/><D124/><U45/><E127/><V8/><F129/><W42/><G73/><T18/><D31/><U88/><E111/><V46/><F39/><W85/><G131/><T122/><D122/><U27/><E72/><V21/><F38/><W69/><G112/><T30/><D135/><U67/><E114/><V92/><F105/><W63/><G133/><T95/><D30/><U75/><E12/><V29/><F46/><W87/><G87/><T84/><D0/><U58/><E27/><V89/><F17/><W1/><G85/><T98/><D41/><U23/><E23/><V125/><F125/><W93/><G93/><T74/><D36/><U65/><E75/><V25/><F25/><W4/><G2/><T70/><D74/><U3/><E3/><V22/><F22/><W128/><G128/><T7/><D7/><U43/><E43/><V40/><F40/><W64/><AGARI ba="0,0" hai="1,4,11,32,35,37,42,47,54,56,60,63,64,69" machi="64" ten="30,1500,0" yaku="0,1" doraHai="26" who="3" fromWho="3" sc="395,-5,220,-5,112,-5,273,15" /><INIT seed="7,1,0,4,4,37" ten="390,215,107,288" oya="3" hai0="33,34,66,121,26,84,116,35,13,61,65,44,60" hai1="135,1,19,97,118,99,94,117,111,39,125,52,80" hai2="69,131,2,133,81,71,107,57,108,48,46,51,24" hai3="58,77,22,119,72,115,106,27,124,59,96,30,79"/><W82/><G119/><T88/><D116/><N who="1" m="44651" /><E1/><V129/><F107/><W29/><G115/><T36/><D121/><U63/><E111/><V78/><F2/><W109/><G124/><T15/><D26/><U74/><E125/><V42/><F24/><W89/><G79/><T83/><D44/><U50/><E39/><V54/><F81/><W93/><G109/><T40/><D40/><U53/><E135/><V123/><F78/><W14/><G30/><T120/><D36/><U10/><E63/><V12/><F12/><W112/><G112/><T132/><D132/><U101/><E50/><V76/><F76/><W95/><G106/><T20/><D20/><U114/><E114/><V4/><F4/><W38/><G38/><T21/><D21/><U45/><E45/><V103/><F103/><W5/><G5/><T98/><D98/><U134/><E134/><V3/><F3/><W90/><G14/><T17/><D120/><U43/><E99/><AGARI ba="1,0" hai="22,27,29,58,59,72,77,82,89,90,93,95,96,99" machi="99" ten="30,2900,0" yaku="7,1,9,1" doraHai="37" who="3" fromWho="1" sc="390,0,215,-32,107,0,288,32" /><INIT seed="7,2,0,2,2,105" ten="390,183,107,320" oya="3" hai0="117,55,26,71,131,118,82,30,3,67,21,33,1" hai1="130,128,10,15,111,25,86,101,66,5,19,47,44" hai2="134,73,90,124,9,53,109,32,2,114,13,95,43" hai3="112,57,7,35,125,27,54,4,103,69,29,11,97"/><W93/><G112/><T119/><D71/><U50/><E111/><V20/><F109/><W89/><G125/><T41/><D67/><U122/><E122/><V133/><F32/><W6/><G69/><T37/><D55/><U126/><E101/><V110/><F110/><W36/><G36/><T72/><D131/><N who="1" m="50219" /><E126/><V24/><F124/><W63/><REACH who="3" step="1"/><G103/><REACH who="3" ten="390,183,107,310" step="2"/><T48/><D37/><U61/><E50/><V39/><F39/><W96/><G96/><T77/><D118/><U40/><E40/><V123/><F43/><W42/><G42/><T49/><D119/><U38/><E38/><V92/><F123/><W12/><AGARI ba="2,1" hai="4,6,7,11,12,27,29,35,54,57,63,89,93,97" machi="12" ten="20,3900,0" yaku="1,1,0,1,7,1,53,0" doraHai="105" doraHaiUra="65" who="3" fromWho="3" sc="390,-15,183,-15,107,-15,310,55" /><INIT seed="7,3,0,5,4,82" ten="375,168,92,365" oya="3" hai0="51,36,46,121,102,25,60,114,45,59,4,21,35" hai1="16,63,126,17,37,61,65,106,2,127,41,7,80" hai2="34,10,6,103,120,11,130,113,76,5,56,118,132" hai3="135,39,122,81,15,107,64,125,101,55,100,29,115"/><W1/><G122/><T88/><D121/><U83/><E106/><V28/><F120/><W32/><G1/><T92/><D35/><U87/><E83/><V44/><F76/><W33/><G39/><T26/><D114/><U31/><E31/><V72/><F72/><W134/><G64/><N who="0" m="38943" /><D36/><U49/><E61/><V105/><F56/><W108/><G115/><T111/><D111/><U14/><E2/><V78/><F78/><W75/><G108/><T104/><D104/><U48/><E37/><V85/><F44/><N who="0" m="17002" /><D102/><N who="3" m="39529" /><G107/><T43/><D4/><U23/><E7/><N who="2" m="2571" /><F103/><W50/><G125/><N who="1" m="47626" /><E41/><V91/><F105/><W20/><G33/><T47/><D21/><U98/><E98/><AGARI ba="3,0" hai="25,26,43,47,51,88,92,98" m="17002,38943" machi="98" ten="30,2000,0" yaku="8,1,54,1" doraHai="82" who="0" fromWho="1" sc="375,29,168,-29,92,0,365,0" owari="404,50.0,139,-26.0,92,-41.0,365,17.0" /></mjloggm>