<mjloggm ver="2.3"><GO type="185" lobby="0"/><UN n0="%E9%B3%B4%E3%81%8D%E9%BA%BB%E9%9B%80" n1="%E7%A9%BA%E3%81%AB%E8%8A%B1%E7%81%AB" n2="%54%72%61%76%69%53" n3="" dan="17,17,17,0" rate="2258.76,2211.17,2179.20,1500.00" sx="M,M,M,C"/><TAIKYOKU oya="0"/><INIT seed="0,0,0,2,2,48" ten="350,350,350,0" oya="0" hai0="125,120,35,78,113,69,90,131,41,115,109,70,71" hai1="81,80,93,123,42,87,52,40,86,89,129,111,73" hai2="135,54,133,62,51,60,105,47,65,0,98,106,61" hai3=""/><T67/><D67/><U33/><BYE who="0" /><N who="1" m="31520" /><U82/><E129/><V3/><F65/><T38/><D38/><U77/><E33/><V130/><F130/><T46/><D46/><U107/><E111/><V108/><F108/><T126/><D126/><U66/><E107/><V76/><F76/><T68/><D68/><U45/><E66/><V56/><F47/><UN n0="%E9%B3%B4%E3%81%8D%E9%BA%BB%E9%9B%80" /><T79/><D41/><U55/><E42/><V75/><F75/><T64/><D64/><U134/><E134/><N who="2" m="51211" /><F98/><T59/><N who="0" m="30752" /><T91/><D131/><U50/><E93/><V114/><F114/><T132/><D109/><U39/><E39/><V2/><AGARI ba="0,0" hai="0,2,3,51,54,56,60,61,62,105,106" m="51211" machi="2" ten="40,2000,0" yaku="20,1,52,1" doraHai="48" who="2" fromWho="2" sc="350,-13,350,-7,350,20,0,0" /><INIT seed="1,0,0,4,3,51" ten="337,343,370,0" oya="1" hai0="79,80,47,101,105,97,60,106,135,76,88,50,85" hai1="128,67,125,93,87,71,41,81,58,104,99,122,44" hai2="46,98,112,57,91,37,74,95,111,118,0,130,117" hai3=""/><U68/><N who="1" m="31264" /><U48/><E128/><V77/><F0/><T86/><D135/><U56/><E125/><V113/><F130/><T121/><N who="0" m="31008" /><T133/><D133/><U116/><E116/><V1/><F1/><T40/><D106/><U100/><E104/><V78/><F111/><T75/><D75/><U70/><REACH who="1" step="1"/><E67/><REACH who="1" ten="337,333,370,0" step="2"/><V90/><F118/><T59/><REACH who="0" step="1"/><D85/><REACH who="0" ten="327,333,370,0" step="2"/><U102/><E102/><V33/><F117/><T134/><D134/><U129/><E129/><V92/><F74/><T110/><D110/><U83/><E83/><V61/><F33/><T55/><AGARI ba="0,2" hai="40,47,50,55,59,60,76,79,80,86,88,97,101,105" m="31008" machi="55" ten="20,9000,2" yaku="1,1,0,1,7,1,52,2,54,1,53,1" doraHai="51" doraHaiUra="94" who="0" fromWho="0" sc="327,110,333,-60,370,-30,0,0" /><INIT seed="2,0,0,2,2,112" ten="437,273,340,0" oya="2" hai0="40,33,99,39,110,41,32,63,104,38,81,74,72" hai1="103,115,129,87,49,116,48,76,93,3,130,61,1" hai2="101,82,43,117,66,44,131,94,79,109,58,97,113" hai3=""/><V37/><F113/><T0/><D0/><U90/><E115/><V64/><F131/><N who="1" m="50185" /><E61/><V85/><F117/><T53/><D110/><U80/><E103/><V55/><REACH who="2" step="1"/><F109/><REACH who="2" ten="437,273,330,0" step="2"/><T133/><D33/><U121/><N who="1" m="31008" /><U51/><E116/><V71/><F71/><T92/><D32/><U2/><E2/><V35/><F35/><T95/><D133/><U67/><E67/><V83/><F83/><T75/><D81/><U98/><AGARI ba="0,1" hai="1,3,48,49,51,76,80,87,90,93,98" m="31008,50185" machi="98" ten="30,1500,0" yaku="19,1,52,1" doraHai="112" who="1" fromWho="1" sc="437,-5,273,25,330,-10,0,0" /><INIT seed="4,0,0,4,4,121" ten="432,298,320,0" oya="0" hai0="74,63,128,54,97,60,124,100,57,133,122,90,69" hai1="113,99,123,89,61,109,98,132,101,58,45,49,76" hai2="130,91,103,42,52,44,1,126,81,59,105,95,115" hai3=""/><T50/><N who="0" m="31264" /><T39/><D128/><U41/><N who="1" m="31520" /><U37/><E113/><V108/><F1/><T86/><D124/><U68/><E132/><V129/><F126/><T32/><D32/><U96/><E76/><V53/><F115/><T107/><D133/><U88/><E109/><V77/><F108/><T38/><D74/><U85/><E101/><V119/><F119/><T125/><D125/><U116/><E116/><V78/><F105/><T33/><D33/><U48/><E68/><V70/><F103/><T71/><D69/><U65/><REACH who="1" step="1"/><E89/><REACH who="1" ten="432,288,320,0" step="2"/><V131/><F70/><T0/><D71/><U62/><E62/><V55/><F59/><T80/><D0/><U92/><AGARI ba="0,1" hai="37,41,45,48,49,58,61,65,85,88,92,96,98,99" m="31520" machi="92" ten="30,5900,0" yaku="1,1,0,1,52,1,54,1,53,0" doraHai="121" doraHaiUra="66" who="1" fromWho="1" sc="432,-39,288,69,320,-20,0,0" /><INIT seed="5,0,0,0,5,79" ten="393,357,300,0" oya="1" hai0="125,89,134,81,113,110,117,65,124,127,63,92,82" hai1="129,103,88,49,126,67,60,40,64,37,74,47,70" hai2="85,2,69,87,39,128,36,75,50,122,104,121,52" hai3=""/><U73/><E103/><V61/><N who="2" m="31008" /><V59/><N who="2" m="31264" /><V96/><F2/><T34/><D113/><U46/><E129/><V54/><F75/><T43/><D134/><U98/><E126/><V38/><F128/><T116/><D110/><U56/><E67/><V35/><F35/><T78/><D43/><U112/><E112/><V62/><F69/><T101/><D101/><U48/><E70/><V132/><F132/><T131/><D34/><U120/><N who="1" m="30752" /><U51/><REACH who="1" step="1"/><E47/><REACH who="1" ten="393,347,300,0" step="2"/><V107/><F62/><T91/><D131/><U109/><E109/><V0/><F0/><T83/><D65/><U111/><E111/><V135/><F135/><T32/><D63/><U106/><E106/><V77/><F107/><T95/><D32/><U99/><E99/><V58/><F104/><T100/><D100/><U72/><E72/><V119/><F96/><T115/><D115/><U90/><E90/><N who="0" m="34313" /><D78/><U53/><E53/><V44/><F119/><AGARI ba="0,1" hai="81,82,83,92,95,116,117,119,124,125,127" m="34313" machi="119" ten="40,16000,3" yaku="28,2,12,1,18,1,34,2,52,3" doraHai="79" who="0" fromWho="2" sc="393,170,347,0,300,-160,0,0" /><INIT seed="6,0,0,3,2,42" ten="563,347,140,0" oya="2" hai0="65,72,78,40,74,43,83,47,67,104,87,103,102" hai1="38,122,33,62,94,106,34,133,46,118,70,100,112" hai2="64,89,88,119,75,134,82,80,131,123,113,73,59" hai3=""/><V61/><N who="2" m="31520" /><V37/><F119/><T44/><D104/><U96/><N who="1" m="31264" /><U1/><E1/><V58/><F37/><T79/><D87/><U76/><E118/><V57/><F113/><T108/><D83/><U68/><E112/><V116/><F116/><T50/><D50/><U56/><E133/><V114/><F114/><T107/><D107/><U81/><E68/><V135/><F131/><T105/><D105/><U53/><E70/><V60/><F57/><T117/><D117/><U69/><E69/><V0/><REACH who="2" step="1"/><F64/><REACH who="2" ten="563,347,130,0" step="2"/><T41/><D67/><U97/><E38/><V130/><F130/><T98/><D65/><U85/><E34/><V77/><F77/><T54/><D79/><U39/><E33/><V90/><F90/><T110/><D78/><U129/><E39/><V45/><F45/><T2/><D47/><U92/><E129/><V99/><F99/><T126/><D98/><U66/><E97/><V109/><F109/><T52/><D44/><U91/><E76/><V84/><F84/><T49/><D110/><U121/><N who="1" m="31008" /><U111/><E111/><V55/><F55/><T36/><D108/><U124/><E53/><N who="0" m="20585" /><D36/><U93/><E46/><V71/><F71/><T3/><D43/><U63/><E56/><RYUUKYOKU ba="0,1" sc="563,-10,347,-10,130,20,0,0" hai2="0,58,59,60,61,73,75,80,82,88,89,134,135" /><INIT seed="6,1,1,4,5,54" ten="553,337,150,0" oya="2" hai0="93,42,94,101,108,109,77,85,87,57,68,97,63" hai1="48,102,123,67,80,118,122,104,53,76,119,43,72" hai2="75,58,126,99,60,55,113,39,86,107,115,2,114" hai3=""/><V89/><F2/><T36/><D68/><U112/><N who="1" m="31264" /><U120/><N who="1" m="30752" /><U69/><N who="1" m="31520" /><U64/><E43/><V34/><F75/><T44/><D87/><U129/><E129/><V70/><F34/><T103/><D77/><U121/><N who="1" m="31008" /><U38/><E38/><V125/><F39/><T105/><D105/><U98/><E112/><V82/><F70/><T37/><D37/><U79/><E76/><V51/><F51/><T91/><D103/><AGARI ba="1,1" hai="55,58,60,82,86,89,99,103,107,113,114,115,125,126" machi="103" ten="50,4800,0" yaku="15,1,52,1" doraHai="54" who="2" fromWho="0" sc="553,-50,337,0,150,60,0,0" /><INIT seed="6,2,0,5,1,124" ten="503,337,210,0" oya="2" hai0="35,98,134,80,69,46,38,55,89,104,111,130,68" hai1="76,94,84,87,65,133,102,47,106,112,72,53,122" hai2="32,51,40,79,0,105,44,82,39,127,59,45,43" hai3=""/><V90/><F127/><T71/><D111/><U116/><N who="1" m="31264" /><U77/><E116/><V135/><F135/><T125/><D35/><U126/><E126/><V48/><F32/><T67/><D134/><U117/><E65/><V108/><F108/><T78/><D67/><U129/><E117/><V61/><F105/><T66/><D66/><U132/><E112/><V34/><F34/><T101/><D89/><U1/><E106/><V85/><F0/><T119/><D55/><U2/><E72/><V57/><F39/><T103/><D125/><U60/><E2/><V88/><F59/><T100/><D119/><U56/><E1/><V49/><F49/><T110/><D110/><U64/><E133/><V99/><F99/><T113/><D113/><U92/><E132/><V3/><F3/><T37/><D37/><U70/><E56/><V36/><F36/><T42/><D98/><U95/><E47/><V120/><N who="2" m="30752" /><V91/><F79/><T75/><D104/><U128/><E77/><V97/><F97/><T74/><D78/><U114/><E76/><V83/><F83/><T131/><D80/><U54/><E114/><V109/><REACH who="2" step="1"/><F109/><REACH who="2" ten="503,337,200,0" step="2"/><T96/><D96/><U50/><E50/><V107/><F107/><T73/><AGARI ba="2,1" hai="38,42,46,68,69,71,73,74,75,100,101,103,130,131" machi="73" ten="50,9000,2" yaku="5,1,0,1,29,2,52,2" doraHai="124" who="0" fromWho="0" sc="503,104,337,-32,200,-62,0,0" owari="607,55.0,305,-9.0,138,-46.0,0,0.0" /></mjloggm>