<mjloggm ver="2.3"><GO type="169" lobby="0"/><UN n0="%6D%75%66%66%69%6E" n1="%E5%B1%8A%E3%81%8B%E3%81%AA%E3%81%84%E6%81%8B" n2="%E3%81%8B%E3%81%A5%E3%81%8D%EF%BC%B8%EF%BC%A9" n3="%E3%81%AE%E3%81%B3%E3%81%97%E3%82%8D%E2%99%82" dan="17,16,16,16" rate="2186.47,2222.19,2055.05,2117.56" sx="F,M,M,M"/><TAIKYOKU oya="0"/><INIT seed="0,0,0,0,5,128" ten="250,250,250,250" oya="0" hai0="20,3,4,112,104,78,118,74,45,69,79,134,68" hai1="133,54,87,102,31,14,73,84,89,135,105,76,46" hai2="27,99,92,115,122,2,120,51,67,132,124,38,24" hai3="66,58,100,47,93,23,86,107,62,82,34,94,19"/><T59/><D59/><U50/><E31/><V52/><F2/><W55/><G34/><T106/><D20/><U123/><E123/><V80/><F38/><W125/><G125/><T12/><D12/><U0/><E0/><V83/><F115/><W53/><G107/><N who="0" m="41003" /><D45/><U17/><E105/><V18/><F124/><W36/><G36/><T41/><D41/><U56/><E102/><V29/><F67/><W88/><G100/><T61/><D61/><U32/><E32/><V111/><F111/><W130/><G130/><T30/><D30/><U28/><E28/><V72/><F72/><W65/><G65/><T21/><D21/><U85/><E89/><V7/><F7/><W90/><G47/><T117/><D112/><U109/><E109/><V121/><F18/><W25/><REACH who="3" step="1"/><G82/><REACH who="3" ten="250,250,250,240" step="2"/><T48/><D117/><U11/><REACH who="1" step="1"/><E46/><REACH who="1" ten="250,240,250,240" step="2"/><V16/><F122/><W49/><G49/><T39/><D48/><U37/><E37/><V96/><F121/><W98/><AGARI ba="0,2" hai="19,23,25,53,55,58,62,66,86,88,90,93,94,98" machi="98" ten="20,8000,1" yaku="1,1,0,1,7,1,8,1,54,1,53,0" doraHai="128" doraHaiUra="43" who="3" fromWho="3" sc="250,-40,240,-20,250,-20,240,100" /><INIT seed="1,0,0,0,2,92" ten="210,220,230,340" oya="1" hai0="43,99,112,90,116,96,74,17,95,40,133,45,84" hai1="8,3,131,59,75,110,55,54,98,41,122,12,58" hai2="132,27,111,128,28,135,10,117,124,57,64,80,2" hai3="82,56,129,32,69,25,71,11,60,14,88,107,36"/><U53/><E122/><V44/><F111/><W123/><G129/><T81/><D112/><U65/><E75/><V31/><F117/><W0/><G36/><T62/><D116/><U51/><E3/><V120/><F120/><W93/><G123/><T118/><D118/><U67/><E110/><V7/><F44/><W94/><G94/><T50/><D133/><N who="2" m="51274" /><F80/><W87/><G107/><T48/><D74/><U52/><E131/><V104/><F104/><W1/><G71/><T23/><D62/><U105/><E41/><N who="0" m="15945" /><D45/><U13/><E13/><V86/><F86/><W22/><G69/><T103/><D99/><U33/><E33/><N who="2" m="20639" /><F64/><W34/><G82/><T35/><D35/><U91/><E59/><V101/><F101/><W115/><G115/><T49/><D49/><U70/><E70/><V100/><F100/><W72/><G72/><T18/><D18/><N who="1" m="8455" /><E105/><V130/><F57/><W42/><G42/><T20/><D20/><U46/><E58/><V16/><F31/><W83/><G34/><T76/><D103/><U68/><E68/><V39/><F39/><W89/><G32/><T113/><D113/><U109/><E109/><V37/><F37/><W38/><G38/><T9/><D9/><U108/><E108/><V19/><F124/><W6/><G56/><T66/><D66/><U134/><E134/><V85/><F85/><W119/><G119/><T79/><D79/><U5/><E5/><V30/><F30/><N who="3" m="17719" /><G60/><T21/><D21/><U47/><E47/><V125/><F125/><W63/><G63/><T15/><AGARI ba="0,0" hai="15,17,23,48,50,76,81,84,90,95,96" m="15945" machi="15" ten="30,2000,0" yaku="8,1,52,1" doraHai="92" who="0" fromWho="0" sc="210,20,220,-10,230,-5,340,-5" /><INIT seed="2,0,0,3,1,45" ten="230,210,225,335" oya="2" hai0="104,132,59,2,88,57,76,15,108,70,48,65,4" hai1="120,33,66,51,14,109,68,81,32,126,90,43,8" hai2="11,102,35,38,54,80,60,56,17,21,6,93,40" hai3="75,34,92,116,105,96,86,1,69,84,61,82,95"/><V44/><F35/><W46/><G116/><T107/><D2/><U129/><E66/><V117/><F117/><W55/><G1/><T83/><D108/><U36/><E36/><V28/><F28/><W121/><G121/><T94/><D132/><U100/><E68/><V47/><F47/><W26/><G75/><T62/><D4/><U25/><E100/><V10/><F80/><W24/><G105/><T39/><D15/><U85/><E25/><V131/><F131/><W77/><G86/><T5/><D5/><U7/><E109/><V106/><F106/><W50/><G95/><T113/><D39/><U125/><E120/><V124/><F124/><N who="1" m="47721" /><E129/><V52/><F54/><W122/><G122/><T20/><D20/><U30/><E30/><V112/><F112/><W29/><G26/><T22/><D22/><U133/><E133/><V103/><F93/><W9/><G9/><T19/><D19/><U42/><E42/><V119/><F119/><W87/><G87/><T78/><D70/><U12/><E12/><V41/><F41/><W53/><G69/><T37/><D37/><U16/><E7/><V110/><F110/><W64/><G29/><T31/><D31/><U72/><E72/><V123/><F123/><W79/><G34/><T0/><D0/><U111/><E111/><V128/><F128/><W49/><G24/><T58/><D107/><U97/><E97/><V67/><F11/><W91/><G96/><T71/><D104/><U13/><E13/><N who="2" m="9391" /><F67/><W101/><G64/><T114/><D65/><U115/><E115/><V63/><F63/><W118/><G61/><RYUUKYOKU ba="0,0" sc="230,-15,210,15,225,15,335,-15" hai1="8,14,16,32,33,43,51,81,85,90" hai2="6,10,38,40,44,52,56,60,102,103" /><INIT seed="2,1,0,1,5,81" ten="215,225,240,320" oya="2" hai0="12,100,16,32,118,102,66,106,63,64,79,2,52" hai1="131,78,38,114,135,115,110,40,44,39,71,113,117" hai2="61,80,9,69,120,126,85,84,92,46,108,6,74" hai3="112,14,13,47,86,45,96,56,125,28,35,37,49"/><V34/><F34/><W107/><G125/><T99/><D2/><U29/><E29/><V8/><F120/><W3/><G3/><T82/><D32/><U123/><E78/><V60/><F126/><W98/><G112/><T31/><D31/><U7/><E7/><V43/><F69/><W121/><G121/><T130/><D130/><U129/><E123/><V48/><F108/><W133/><G133/><T83/><D83/><U104/><E104/><V132/><F132/><W97/><G107/><T87/><D118/><U54/><E135/><V50/><F50/><W124/><G124/><T41/><D41/><U90/><E90/><N who="2" m="53327" /><F74/><W53/><G28/><T111/><D111/><U116/><E110/><V101/><F101/><N who="0" m="39018" /><D99/><U36/><E54/><V134/><F134/><W128/><G128/><N who="1" m="49226" /><E71/><V11/><F6/><W94/><G35/><T105/><D105/><U95/><E95/><V76/><AGARI ba="1,0" hai="8,9,11,43,46,48,60,61,76,80,84" m="53327" machi="76" ten="30,6000,0" yaku="8,1,52,2" doraHai="81" who="2" fromWho="2" sc="215,-21,225,-21,240,63,320,-21" /><INIT seed="2,2,0,1,0,32" ten="194,204,303,299" oya="2" hai0="127,14,66,40,17,5,71,38,107,97,118,18,1" hai1="26,92,122,67,128,59,25,83,46,16,33,116,48" hai2="60,90,45,7,68,39,51,49,132,61,126,41,2" hai3="84,63,109,108,29,72,134,10,31,37,12,73,106"/><V117/><F117/><W53/><G37/><T9/><D118/><U112/><E116/><V78/><F78/><W0/><G0/><T105/><D127/><U129/><E112/><V58/><F90/><W113/><G106/><T110/><D110/><U100/><E122/><V96/><F96/><W115/><G134/><T85/><D97/><U91/><E100/><V125/><F7/><W123/><G123/><T8/><D71/><U102/><E102/><V69/><F2/><W30/><G84/><T57/><D38/><U88/><E83/><V94/><F94/><W20/><G20/><T124/><D40/><U43/><E26/><V74/><F74/><N who="3" m="28779" /><G63/><N who="2" m="24137" /><F132/><W42/><G53/><T114/><D57/><U23/><E67/><V21/><F21/><W15/><G42/><T6/><D66/><U64/><E64/><V103/><F103/><W22/><G22/><T98/><D124/><N who="2" m="47722" /><F58/><W130/><G10/><T65/><D65/><U80/><E59/><V82/><F82/><W104/><G12/><T28/><D98/><U27/><E80/><V87/><F87/><W89/><G89/><T34/><D85/><U4/><E4/><V133/><F133/><W95/><G15/><N who="0" m="5527" /><D107/><U19/><E19/><N who="0" m="7177" /><D105/><U93/><E91/><V52/><F52/><W55/><G55/><T24/><D114/><N who="3" m="43529" /><G104/><T47/><D47/><U70/><E70/><AGARI ba="2,0" hai="39,41,45,49,51,68,69,70" m="47722,24137" machi="70" ten="30,5800,0" yaku="18,1,34,2" doraHai="32" who="2" fromWho="1" sc="194,0,204,-64,303,64,299,0" /><INIT seed="2,3,0,2,5,126" ten="194,140,367,299" oya="2" hai0="81,118,109,115,121,9,17,2,56,90,123,83,127" hai1="63,40,13,110,25,71,85,72,20,36,125,107,16" hai2="73,3,22,102,44,35,38,4,95,98,132,65,112" hai3="41,55,33,39,119,99,7,82,24,92,68,106,124"/><V32/><F73/><W100/><G124/><T10/><D115/><U45/><E72/><V117/><F117/><W101/><G119/><T108/><D118/><U57/><E125/><V77/><F77/><W113/><G113/><T80/><D127/><U129/><E107/><V89/><F112/><W120/><G120/><N who="0" m="46155" /><D56/><U42/><E42/><V130/><F132/><W19/><G68/><T50/><D50/><U58/><E110/><N who="0" m="42601" /><D17/><U28/><E85/><V133/><F133/><W27/><G19/><T34/><D34/><U54/><E58/><V96/><F65/><W1/><G39/><T48/><D48/><U51/><E129/><V14/><F130/><W5/><G33/><T131/><D131/><U134/><E134/><V12/><F38/><W62/><G62/><T84/><D2/><U15/><REACH who="1" step="1"/><E28/><REACH who="1" ten="194,130,367,299" step="2"/><V67/><F96/><W69/><G99/><T94/><AGARI ba="3,1" hai="9,10,80,81,83,84,90,94" m="42601,46155" machi="94" ten="40,1500,0" yaku="14,1" doraHai="126" who="0" fromWho="0" sc="194,34,130,-7,367,-10,299,-7" /><INIT seed="3,0,0,2,3,42" ten="228,123,357,292" oya="3" hai0="47,43,105,70,96,123,81,135,65,75,32,12,121" hai1="52,72,79,28,5,38,116,31,50,126,84,55,35" hai2="90,112,113,53,94,87,131,15,8,133,106,102,92" hai3="63,91,93,85,18,67,56,115,114,66,51,95,128"/><W120/><G128/><T39/><D12/><U25/><E38/><V104/><F53/><W17/><G120/><T16/><D16/><U134/><E72/><V103/><F15/><W11/><G67/><T124/><D124/><U61/><E126/><V58/><F8/><W45/><G95/><T129/><D129/><U57/><E134/><V6/><F58/><W40/><REACH who="3" step="1"/><G11/><REACH who="3" ten="228,123,357,282" step="2"/><T10/><D10/><U78/><E116/><V98/><F131/><W27/><G27/><T86/><D65/><U46/><E5/><V3/><F6/><W71/><G71/><T29/><D70/><U132/><E132/><V122/><F133/><W22/><G22/><T41/><D135/><U20/><REACH who="1" step="1"/><E84/><REACH who="1" ten="228,113,357,282" step="2"/><V48/><F122/><W37/><G37/><T100/><D86/><U109/><E109/><V97/><F87/><W62/><G62/><T54/><D123/><U1/><E1/><V49/><F3/><W108/><G108/><T30/><D121/><U26/><AGARI ba="0,2" hai="20,25,26,28,31,35,46,50,52,55,57,61,78,79" machi="26" ten="30,7900,0" yaku="1,1,0,1,52,1,54,1,53,0" doraHai="42" doraHaiUra="0" who="1" fromWho="1" sc="228,-20,113,99,357,-20,282,-39" /><INIT seed="4,0,0,3,1,53" ten="208,212,337,243" oya="0" hai0="95,122,126,25,13,39,117,18,47,67,94,65,77" hai1="135,17,102,110,46,69,121,124,106,71,111,55,27" hai2="56,48,76,93,51,115,37,14,127,28,70,74,3" hai3="97,72,31,50,83,116,84,32,8,134,79,112,60"/><T61/><D117/><U104/><E121/><V64/><F3/><W105/><G112/><T63/><D122/><U103/><E55/><V114/><F37/><W36/><G134/><T29/><D126/><U6/><E6/><V38/><F38/><W91/><G36/><T54/><D77/><U89/><E135/><V120/><F120/><W107/><G116/><T131/><D131/><U108/><E89/><V130/><F130/><W20/><G32/><T2/><D2/><U128/><E46/><V45/><F70/><N who="1" m="26633" /><E27/><V43/><F127/><W9/><G107/><N who="1" m="41002" /><E17/><V101/><F28/><W90/><G90/><T123/><D123/><U133/><E128/><V118/><F118/><W10/><G60/><N who="0" m="23115" /><D39/><U62/><E62/><N who="2" m="37959" /><F14/><W34/><G50/><N who="0" m="29023" /><D25/><U58/><E133/><V42/><F76/><W73/><G79/><T75/><D29/><U81/><E81/><V30/><F30/><W132/><G83/><T80/><D80/><U99/><E99/><N who="2" m="59631" /><F48/><W98/><G31/><T82/><D82/><U85/><E85/><V41/><F51/><W87/><G84/><T0/><D0/><U7/><E124/><V44/><F74/><W11/><G73/><T33/><D75/><U66/><E7/><V24/><F24/><W59/><G72/><T12/><D33/><U57/><E66/><N who="0" m="25097" /><D12/><U113/><E113/><AGARI ba="0,0" hai="41,42,43,44,45,113,114,115" m="59631,37959" machi="113" ten="30,2000,0" yaku="15,1,52,1" doraHai="53" who="2" fromWho="1" sc="208,0,212,-20,337,20,243,0" /><INIT seed="5,0,0,3,1,18" ten="208,192,357,243" oya="1" hai0="96,29,16,131,113,19,120,3,110,28,7,82,40" hai1="104,1,132,74,124,56,0,93,88,26,50,4,83" hai2="34,118,65,130,2,45,101,51,11,99,121,5,100" hai3="38,92,36,9,128,13,106,8,75,33,112,48,22"/><U58/><E104/><V21/><F118/><W84/><G33/><T89/><D110/><U111/><E111/><V25/><F121/><W78/><G75/><T90/><D120/><U44/><E124/><V114/><F130/><W57/><G106/><T80/><D131/><U115/><E115/><V109/><F34/><W54/><G128/><T94/><D113/><U73/><E132/><V95/><F114/><W125/><G125/><T77/><D3/><U129/><E129/><V12/><F65/><W43/><G112/><T49/><D7/><U116/><E116/><V105/><F109/><W67/><G67/><T81/><D77/><U123/><E123/><V32/><F32/><W69/><G69/><T64/><D64/><U47/><E26/><V119/><F119/><W70/><G70/><T85/><D89/><U53/><E74/><V27/><F27/><W23/><G8/><T134/><D96/><U71/><E71/><V98/><F2/><W68/><G68/><T72/><D72/><U10/><E0/><V102/><F105/><W97/><G84/><T6/><D6/><U76/><REACH who="1" step="1"/><E44/><REACH who="1" ten="208,182,357,243" step="2"/><V117/><F117/><W133/><G133/><T41/><D134/><U20/><E20/><V46/><F46/><W61/><G23/><T60/><D29/><U59/><E59/><V63/><F21/><W108/><G22/><T15/><D28/><U107/><E107/><V39/><F25/><W24/><G108/><T103/><D15/><U55/><E55/><V14/><F12/><W135/><G24/><T79/><D41/><U37/><E37/><V35/><F39/><RYUUKYOKU ba="0,1" sc="208,-10,182,30,357,-10,243,-10" hai1="1,4,10,47,50,53,56,58,73,76,83,88,93" /><INIT seed="5,1,1,0,4,18" ten="198,212,347,233" oya="1" hai0="13,33,94,77,1,96,87,6,131,40,4,27,61" hai1="15,5,9,80,53,46,51,19,58,70,112,127,98" hai2="12,99,119,115,116,39,3,128,20,10,28,110,133" hai3="72,56,36,17,121,48,109,63,120,55,7,114,43"/><U30/><E70/><V37/><F110/><W84/><G72/><T32/><D1/><U89/><E127/><V50/><F3/><W79/><G7/><T59/><D131/><U95/><E112/><V71/><F71/><W100/><G100/><T66/><D33/><U52/><E30/><V65/><F128/><W93/><G17/><T38/><D38/><U103/><E5/><V73/><F65/><N who="3" m="39143" /><G93/><T90/><D40/><U22/><E22/><V16/><F73/><W135/><G84/><T42/><D42/><U54/><E58/><V69/><F69/><W101/><G79/><T23/><D32/><U57/><E57/><V74/><F74/><W14/><G14/><T97/><D77/><U24/><E24/><V41/><F99/><N who="0" m="37962" /><D13/><U105/><E105/><V129/><F129/><W67/><G101/><T123/><D123/><N who="3" m="47177" /><G67/><T82/><D82/><U88/><E80/><V113/><F113/><W122/><G43/><AGARI ba="1,1" hai="9,15,19,43,46,51,52,53,54,88,89,95,98,103" machi="43" ten="40,7700,0" yaku="8,1,54,2" doraHai="18" who="1" fromWho="3" sc="198,0,212,90,347,0,233,-80" /><INIT seed="5,2,0,1,1,43" ten="198,302,347,153" oya="1" hai0="134,41,14,27,60,132,100,45,102,103,53,84,107" hai1="72,120,130,9,101,54,86,3,94,121,4,135,95" hai2="25,39,46,125,28,40,74,81,10,90,52,69,77" hai3="97,57,112,7,49,105,1,75,110,37,96,126,16"/><U64/><E72/><V15/><F69/><W13/><G112/><T116/><D116/><U115/><E115/><V73/><F125/><W124/><G110/><T63/><D107/><U61/><E135/><N who="0" m="51753" /><D27/><U2/><E2/><V6/><F90/><W78/><G37/><N who="0" m="21679" /><D84/><U58/><E130/><V51/><F73/><W11/><G105/><T44/><D14/><U23/><E23/><V56/><F25/><W67/><G78/><T131/><D131/><U129/><E129/><V80/><F80/><W118/><G75/><T133/><N who="0" m="51761" /><T8/><DORA hai="50" /><D8/><U109/><E109/><V66/><F66/><W26/><G26/><T79/><D79/><U34/><E34/><V92/><F92/><W106/><G118/><T119/><D119/><U104/><E95/><V87/><F74/><W123/><G106/><T111/><D111/><U114/><E114/><V31/><AGARI ba="2,0" hai="6,10,15,28,31,39,40,46,51,52,56,77,81,87" machi="31" ten="30,7900,0" yaku="0,1,52,2,54,1" doraHai="43,50" who="2" fromWho="2" sc="198,-22,302,-41,347,85,153,-22" /><INIT seed="6,0,0,2,1,12" ten="176,261,432,131" oya="2" hai0="116,134,50,95,115,46,112,37,7,127,20,94,87" hai1="86,14,77,78,76,8,80,75,52,109,64,67,13" hai2="48,63,66,89,40,69,71,45,5,59,72,107,110" hai3="61,123,56,32,99,1,68,120,83,18,49,53,11"/><V90/><F107/><W27/><G83/><T34/><D34/><U130/><E130/><V22/><F72/><W88/><G68/><T29/><D37/><U92/><E92/><V98/><F5/><W103/><G32/><T104/><D104/><U132/><E75/><V15/><F110/><W101/><G1/><T39/><D39/><U28/><E28/><V70/><REACH who="2" step="1"/><F98/><REACH who="2" ten="176,261,422,131" step="2"/><W73/><G73/><T54/><D7/><U35/><E109/><V19/><AGARI ba="0,1" hai="15,19,22,40,45,48,59,63,66,69,70,71,89,90" machi="19" ten="40,12000,1" yaku="1,1,2,1,0,1,52,1,53,0" doraHai="12" doraHaiUra="124" who="2" fromWho="2" sc="176,-40,261,-40,422,130,131,-40" /><INIT seed="6,1,0,5,4,59" ten="136,221,552,91" oya="2" hai0="52,133,78,18,11,135,28,118,134,32,114,14,65" hai1="74,77,5,92,39,76,69,1,25,66,99,61,110" hai2="87,16,31,94,45,89,108,29,71,55,72,47,109" hai3="7,50,21,90,13,70,60,120,64,113,12,9,44"/><V121/><F72/><W86/><G120/><T36/><D36/><U19/><E39/><V51/><F71/><W30/><G113/><T103/><D114/><U3/><E110/><N who="2" m="42603" /><F121/><W79/><G79/><T15/><D103/><U130/><E130/><V4/><F4/><W80/><G30/><N who="2" m="11273" /><F16/><W38/><G38/><T96/><D118/><U46/><E5/><V35/><F35/><W2/><REACH who="3" step="1"/><G21/><REACH who="3" ten="136,221,552,81" step="2"/><N who="0" m="11479" /><D78/><U119/><E76/><V123/><F123/><W6/><G6/><T116/><D116/><U57/><E77/><V83/><F83/><W126/><G126/><T48/><D134/><U17/><E119/><V37/><F37/><W131/><G131/><T132/><D132/><U63/><E74/><V125/><F125/><W27/><G27/><T54/><D135/><U40/><E25/><V84/><F84/><W81/><G81/><T105/><D133/><U49/><E1/><V91/><F91/><W117/><G117/><T101/><D28/><U0/><E3/><V58/><AGARI ba="1,1" hai="45,47,51,55,58,87,89,94" m="11273,42603" machi="58" ten="30,1500,0" yaku="10,1" doraHai="59" who="2" fromWho="2" sc="136,-6,221,-6,552,28,81,-6" /><INIT seed="6,2,0,0,5,112" ten="130,215,580,75" oya="2" hai0="59,77,115,122,123,54,41,93,7,108,26,130,64" hai1="42,116,117,66,133,96,124,11,102,24,50,105,114" hai2="107,110,111,80,58,37,61,16,23,30,5,68,19" hai3="88,132,22,46,44,134,4,75,94,89,36,128,129"/><V62/><F107/><W119/><G75/><T31/><D108/><N who="2" m="41514" /><F37/><W95/><G22/><T76/><D115/><U12/><E114/><V103/><F103/><W72/><G72/><T70/><D130/><U83/><E66/><N who="2" m="41047" /><F5/><W56/><G56/><T32/><D7/><U109/><E109/><V87/><F30/><W33/><G4/><T69/><D31/><U34/><E24/><V63/><F58/><W8/><G8/><T131/><D59/><U48/><E34/><V100/><F100/><W60/><G60/><N who="2" m="23113" /><F23/><W121/><G121/><T85/><D32/><U6/><E50/><V118/><F118/><W71/><G33/><T135/><D70/><U52/><E42/><V0/><F0/><W55/><G71/><T28/><D41/><U98/><E117/><V79/><AGARI ba="2,0" hai="16,19,79,80,87" m="23113,41047,41514" machi="79" ten="30,3000,0" yaku="10,1,54,1" doraHai="112" who="2" fromWho="2" sc="130,-12,215,-12,580,36,75,-12" /><INIT seed="6,3,0,3,3,86" ten="118,203,616,63" oya="2" hai0="126,60,130,129,89,43,27,127,59,50,70,87,103" hai1="31,125,18,68,14,45,63,119,115,81,33,44,32" hai2="109,76,77,120,56,16,69,19,94,110,100,71,23" hai3="9,49,5,102,29,106,91,22,12,46,118,135,1"/><V72/><F120/><W133/><G118/><T98/><D27/><U48/><E119/><V15/><F19/><W6/><G106/><N who="0" m="63863" /><D70/><U108/><E44/><V79/><F72/><W90/><G102/><T88/><D50/><U99/><E108/><N who="2" m="41579" /><F56/><W42/><G6/><T78/><D78/><U82/><E99/><AGARI ba="3,0" hai="15,16,23,69,71,76,77,79,94,99,100" m="41579" machi="99" ten="30,2900,0" yaku="10,1,54,1" doraHai="86" who="2" fromWho="1" sc="118,0,203,-38,616,38,63,0" /><INIT seed="6,4,0,5,3,49" ten="118,165,654,63" oya="2" hai0="82,93,30,63,20,117,125,81,109,4,134,83,22" hai1="124,0,33,66,104,50,131,51,84,98,23,88,105" hai2="37,132,100,43,99,102,16,87,127,111,119,53,60" hai3="14,10,113,92,31,34,48,115,64,15,103,25,24"/><V74/><F74/><W52/><G64/><T62/><D109/><U91/><E33/><V120/><F119/><W54/><G25/><T2/><D117/><U130/><E0/><V38/><F120/><W56/><G103/><T73/><D73/><U40/><E66/><V9/><F132/><W96/><G15/><T123/><D123/><U5/><E5/><V76/><F127/><W44/><G92/><T59/><D2/><U1/><E1/><V18/><F111/><W110/><G96/><T36/><D36/><U12/><E124/><V65/><F43/><W129/><G110/><T108/><D4/><U68/><E68/><V32/><F32/><W17/><REACH who="3" step="1"/><G129/><REACH who="3" ten="118,165,654,53" step="2"/><T55/><D108/><U69/><E98/><V121/><F102/><W85/><G85/><T13/><D13/><U135/><E84/><V45/><F100/><W39/><G39/><T27/><D125/><U35/><E12/><V118/><F38/><W70/><G70/><T128/><D128/><U41/><E69/><V57/><F37/><W26/><G26/><N who="0" m="16711" /><D134/><U78/><E135/><V71/><F65/><W114/><G114/><T28/><D93/><U3/><E3/><V86/><F71/><W133/><G133/><T116/><D116/><U21/><E35/><V97/><F118/><W47/><G47/><T7/><D7/><U46/><E46/><V67/><F45/><W58/><G58/><T101/><D101/><U95/><E95/><V29/><F57/><W112/><G112/><T89/><D89/><U90/><E91/><V107/><F67/><W79/><G79/><AGARI ba="4,1" hai="21,23,40,41,50,51,78,79,88,90,104,105,130,131" machi="79" ten="25,3200,0" yaku="22,2,54,1" doraHai="49" who="1" fromWho="3" sc="118,0,165,54,654,0,53,-44" /><INIT seed="7,0,0,4,2,84" ten="118,219,654,9" oya="3" hai0="134,126,55,64,17,52,113,105,60,15,3,128,80" hai1="119,11,57,89,48,0,112,79,82,43,72,127,54" hai2="93,106,63,65,36,27,8,26,116,21,102,67,123" hai3="1,41,70,37,73,124,76,101,30,28,62,23,114"/><W51/><G1/><T103/><D3/><U58/><E112/><V59/><F106/><W130/><G114/><T71/><D113/><U133/><E43/><V115/><F36/><W35/><G35/><T99/><D128/><U38/><E38/><V109/><F109/><W120/><G120/><T22/><D134/><U83/><E133/><V91/><F116/><W14/><G37/><T47/><D126/><U20/><E20/><V50/><F102/><W12/><G124/><T111/><D111/><U129/><E119/><V56/><F123/><W77/><G130/><T24/><D47/><U100/><E100/><V6/><F115/><W66/><G101/><T16/><D80/><U104/><E104/><V107/><F107/><W75/><G41/><T68/><D68/><U78/><E78/><N who="3" m="30314" /><G51/><T110/><D110/><U69/><E69/><V61/><F50/><W97/><G97/><T95/><D105/><U86/><E127/><V32/><F56/><W49/><G49/><T44/><D44/><U33/><E33/><V39/><F32/><W94/><G94/><T9/><AGARI ba="0,0" hai="9,15,16,17,22,24,52,55,60,64,71,95,99,103" machi="9" ten="20,5200,0" yaku="0,1,7,1,54,2" doraHai="84" who="0" fromWho="0" sc="118,52,219,-13,654,-13,9,-26" owari="170,-23.0,206,1.0,641,74.0,-17,-52.0" /></mjloggm>