<mjloggm ver="2.3"><GO type="185" lobby="0"/><UN n0="%E3%83%8F%E3%83%94%E3%83%AA%E3%83%83%E3%83%88" n1="%E3%82%8C%E3%81%99%E3%81%93" n2="%79%61%73%73%61%6E" n3="" dan="17,16,17,0" rate="2251.03,2212.60,2209.05,1500.00" sx="M,F,M,C"/><TAIKYOKU oya="0"/><INIT seed="0,0,0,2,3,32" ten="350,350,350,0" oya="0" hai0="60,83,55,59,82,107,89,75,65,36,72,78,56" hai1="116,2,45,54,102,38,40,68,80,42,74,41,61" hai2="117,110,71,94,70,121,101,53,134,50,105,130,119" hai3=""/><T44/><D107/><U115/><E116/><N who="2" m="44619" /><F105/><T112/><D112/><U39/><E115/><V123/><N who="2" m="31008" /><V111/><N who="2" m="31520" /><V43/><F101/><T85/><D36/><U62/><E102/><V93/><F130/><T133/><D133/><U100/><E100/><V51/><F134/><T131/><D131/><U125/><E2/><V84/><F43/><N who="1" m="16457" /><E80/><V113/><F113/><T88/><D44/><U98/><E98/><V135/><F135/><T66/><D66/><U128/><E74/><V86/><F51/><T97/><D97/><U126/><E128/><V52/><F53/><T76/><REACH who="0" step="1"/><D85/><REACH who="0" ten="340,350,350,0" step="2"/><N who="2" m="32874" /><F94/><T108/><D108/><N who="2" m="41514" /><F93/><T118/><D118/><U96/><E38/><V90/><F90/><T109/><D109/><U37/><E37/><V104/><F104/><T57/><D57/><AGARI ba="0,1" hai="50,52,57,70,71" m="41514,32874,31520,31008,44619" machi="57" ten="30,8000,1" yaku="12,1,14,1,52,2,54,1" doraHai="32" who="2" fromWho="0" sc="340,-80,350,0,350,90,0,0" /><INIT seed="1,0,0,3,3,102" ten="260,350,440,0" oya="1" hai0="71,96,85,107,43,83,58,74,111,42,127,133,126" hai1="65,125,41,2,63,70,117,122,44,112,48,33,80" hai2="91,101,131,49,39,73,116,40,105,50,78,56,130" hai3=""/><U129/><N who="1" m="31264" /><U89/><E2/><V97/><F116/><T114/><D71/><U123/><N who="1" m="31520" /><U99/><E33/><V134/><F134/><T120/><N who="0" m="30752" /><T100/><D114/><U79/><E112/><V67/><F91/><T87/><D133/><U64/><E117/><V62/><F39/><T1/><D1/><U88/><E129/><N who="2" m="49163" /><F40/><T54/><D74/><U68/><E125/><N who="0" m="47625" /><D111/><U94/><E65/><V75/><F78/><T128/><D128/><U92/><E70/><V108/><F108/><T118/><D118/><U135/><E135/><V90/><F90/><T47/><D47/><U98/><E80/><V113/><F113/><T84/><D83/><U106/><E79/><V104/><F104/><AGARI ba="0,0" hai="41,44,48,63,64,68,88,89,92,94,98,99,104,106" m="31520,31264" machi="104" ten="40,18000,2" yaku="9,1,52,4,54,1" doraHai="102" who="1" fromWho="2" sc="260,0,350,180,440,-180,0,0" /><INIT seed="1,1,0,0,0,43" ten="260,530,260,0" oya="1" hai0="81,72,123,66,87,41,62,129,96,86,85,55,32" hai1="84,135,35,91,42,3,121,59,56,57,95,112,36" hai2="0,117,126,46,37,128,60,107,134,1,110,38,114" hai3=""/><U70/><N who="1" m="31008" /><U90/><E112/><V2/><F60/><T101/><N who="0" m="31520" /><T40/><D32/><U75/><E35/><V122/><F46/><T118/><D118/><U133/><E3/><V69/><F38/><T104/><D129/><U109/><E70/><V45/><F45/><T88/><D55/><U48/><E75/><V103/><F2/><T58/><D72/><U97/><E36/><V79/><F103/><T94/><REACH who="0" step="1"/><D86/><REACH who="0" ten="250,530,260,0" step="2"/><U34/><E34/><V53/><F53/><T68/><D68/><U105/><E84/><V33/><F79/><AGARI ba="1,1" hai="40,41,58,62,66,79,81,85,87,88,94,96,101,104" m="31520" machi="79" ten="30,7700,0" yaku="1,1,7,1,52,1,54,1,53,0" doraHai="43" doraHaiUra="50" who="0" fromWho="2" sc="250,89,530,0,260,-79,0,0" /><INIT seed="2,0,0,2,4,132" ten="339,530,181,0" oya="2" hai0="112,59,122,58,78,118,42,124,95,66,86,99,121" hai1="87,103,44,111,84,3,135,55,2,33,41,127,131" hai2="68,0,1,106,100,89,54,107,134,39,113,32,35" hai3=""/><V79/><F113/><T123/><N who="0" m="31008" /><T67/><N who="0" m="31264" /><T102/><N who="0" m="31520" /><T75/><D118/><U92/><E33/><N who="2" m="12875" /><F54/><T125/><D112/><U36/><E135/><V110/><F89/><T47/><D75/><U60/><E3/><N who="2" m="1099" /><F134/><T61/><D78/><U76/><E2/><V53/><F53/><T97/><D86/><U52/><E84/><V116/><F79/><T109/><D109/><U63/><E111/><V88/><F88/><T82/><D82/><U49/><E76/><V48/><F48/><T129/><D97/><U77/><E77/><V90/><F90/><T93/><D93/><U83/><E92/><V72/><F110/><T57/><D129/><U51/><E131/><V130/><F100/><T56/><REACH who="0" step="1"/><D67/><REACH who="0" ten="329,530,181,0" step="2"/><U71/><E87/><V65/><F65/><T133/><D133/><U64/><E83/><V108/><F108/><T38/><AGARI ba="0,1" hai="38,42,47,56,57,58,59,61,66,95,99,102,124,125" m="31520,31264,31008" machi="38" ten="30,9000,2" yaku="1,1,0,1,52,5,53,0" doraHai="132" doraHaiUra="114" who="0" fromWho="0" sc="329,100,530,-30,181,-60,0,0" /><INIT seed="4,0,0,3,4,123" ten="429,500,121,0" oya="0" hai0="106,1,55,101,118,59,49,78,48,34,134,52,122" hai1="65,45,42,111,61,135,130,40,109,103,33,2,0" hai2="92,38,68,35,66,128,97,124,125,113,87,129,71" hai3=""/><T90/><N who="0" m="31264" /><T96/><D118/><U89/><E33/><V67/><F35/><T46/><D34/><U82/><E130/><N who="2" m="50283" /><F87/><T51/><D1/><U88/><E103/><V114/><F92/><T47/><D134/><U127/><E135/><V77/><F97/><T60/><D78/><U69/><E127/><N who="2" m="48715" /><F77/><T112/><D112/><N who="2" m="43114" /><F38/><T120/><N who="0" m="30752" /><T131/><D131/><U54/><E2/><V57/><F57/><T44/><REACH who="0" step="1"/><D90/><REACH who="0" ten="419,500,121,0" step="2"/><U95/><E0/><V126/><N who="2" m="48723" /><V121/><N who="2" m="31008" /><DORA hai="41" /><V62/><F62/><T32/><D32/><U84/><E89/><V50/><F50/><AGARI ba="0,1" hai="44,46,47,48,49,50,51,52,55,59,60,96,101,106" m="30752,31264" machi="50" ten="40,24000,3" yaku="1,1,52,5,54,1,53,2" doraHai="123,41" doraHaiUra="119,132" who="0" fromWho="2" sc="419,250,500,0,121,-240,0,0" owari="669,62.0,500,10.0,-119,-72.0,0,0.0" /></mjloggm>