<mjloggm ver="2.3"><GO type="169" lobby="0"/><UN n0="%E7%81%AB%E9%9C%8A%E5%A4%A2" n1="%33%30%63%6D%33%30%63%6D" n2="%E3%83%AC%E3%82%AA%E3%83%B3%E3%83%8F%E3%83%AB%E3%83%88" n3="%E3%81%B2%E3%81%8B%E3%82%8B%E3%81%AE%E8%AA%A4%E3%83%9D%E3%83%B3" dan="17,16,16,16" rate="2239.08,2125.26,2068.16,2048.25" sx="M,M,M,M"/><TAIKYOKU oya="0"/><INIT seed="0,0,0,5,4,31" ten="250,250,250,250" oya="0" hai0="108,38,90,91,19,42,9,15,10,130,52,34,29" hai1="67,109,22,46,39,69,114,128,85,48,6,60,35" hai2="72,104,16,77,112,3,115,43,40,41,99,123,118" hai3="58,36,59,4,76,45,30,86,33,103,63,27,93"/><T66/><D130/><U105/><E128/><V89/><F123/><W18/><G4/><T7/><D66/><U126/><E114/><V124/><F3/><W131/><G131/><T120/><D120/><U88/><E109/><V116/><F124/><W100/><G59/><T113/><D113/><U83/><E126/><V135/><F135/><W71/><G71/><T64/><D64/><U98/><E39/><V81/><F16/><W117/><G117/><N who="2" m="45161" /><F89/><W11/><G45/><T44/><D108/><U0/><E6/><V28/><F28/><W25/><G36/><T80/><D80/><U14/><E0/><V12/><F12/><W119/><G119/><T79/><D79/><U53/><E22/><V82/><F81/><W111/><G111/><T75/><D75/><U92/><E14/><V50/><F50/><W51/><G51/><T8/><D52/><U70/><E105/><V37/><F37/><W49/><G49/><T133/><D133/><U65/><E65/><V84/><F72/><W121/><G11/><T68/><D68/><U96/><E96/><V95/><F95/><W2/><G2/><T13/><REACH who="0" step="1"/><D8/><REACH who="0" ten="240,250,250,250" step="2"/><U132/><E132/><V26/><F115/><W5/><G121/><T23/><D23/><U62/><E62/><V97/><F112/><W122/><G63/><T32/><D32/><U102/><REACH who="1" step="1"/><E69/><REACH who="1" ten="240,240,250,250" step="2"/><V101/><F40/><W73/><G122/><T106/><D106/><U125/><E125/><V56/><F41/><W55/><G33/><AGARI ba="0,2" hai="33,35,46,48,53,60,67,70,83,85,88,92,98,102" machi="33" ten="40,8000,1" yaku="1,1,52,2,54,1,53,0" doraHai="31" doraHaiUra="107" who="1" fromWho="3" sc="240,0,240,100,250,0,250,-80" /><INIT seed="1,0,0,2,5,86" ten="240,340,250,170" oya="1" hai0="111,28,130,77,123,126,103,70,55,118,48,84,78" hai1="6,128,0,14,56,134,21,22,2,71,89,13,46" hai2="39,10,50,35,32,27,72,52,95,73,18,24,68" hai3="125,12,7,25,9,4,124,83,97,31,64,104,98"/><U90/><E71/><V107/><F107/><W81/><G7/><T85/><D118/><U105/><E105/><V120/><F120/><W65/><G64/><T127/><D70/><U80/><E80/><V59/><F39/><W23/><G65/><T135/><D123/><U132/><E46/><V3/><F68/><W60/><G60/><T16/><D28/><U53/><E53/><V133/><F133/><W19/><G97/><T33/><D33/><U15/><E56/><V91/><F35/><W5/><G5/><T47/><D135/><N who="1" m="51755" /><E128/><V37/><F37/><W113/><G4/><T121/><D130/><U1/><E6/><V8/><F73/><W61/><G61/><T30/><D121/><U40/><E40/><V54/><F54/><W79/><G113/><T11/><D103/><U44/><E44/><V42/><F42/><W49/><G49/><T100/><D100/><U76/><E76/><V109/><F72/><W122/><G122/><T75/><D78/><U82/><E82/><V38/><F50/><W34/><G104/><T102/><D77/><U26/><E26/><V57/><F24/><N who="3" m="18791" /><G98/><T20/><D75/><U62/><E62/><V45/><F59/><W51/><G51/><T66/><D48/><U63/><E63/><V117/><F57/><W88/><G81/><T110/><D47/><U43/><E43/><V96/><F45/><W74/><G79/><T93/><D66/><U129/><E129/><V41/><F41/><W119/><G74/><T58/><D55/><U29/><E29/><V131/><F131/><W17/><G119/><T106/><D58/><RYUUKYOKU ba="0,0" sc="240,-15,340,15,250,-15,170,15" hai1="0,1,2,13,14,15,21,22,89,90" hai3="9,12,17,19,23,25,83,88,124,125" /><INIT seed="1,1,0,5,5,79" ten="225,355,235,185" oya="1" hai0="13,4,123,102,135,66,63,98,87,95,80,16,7" hai1="3,50,132,91,88,25,69,120,107,11,114,54,1" hai2="112,62,85,42,61,86,101,34,67,59,60,118,35" hai3="93,30,21,129,57,28,10,17,33,84,45,94,14"/><U18/><E114/><V47/><F118/><W15/><G33/><T103/><D135/><U82/><E120/><V52/><F112/><W122/><G129/><T27/><D123/><U119/><E119/><V133/><F133/><W39/><G122/><T113/><D103/><U90/><E107/><V31/><F101/><W104/><G104/><T110/><D110/><U111/><E69/><V58/><F60/><W100/><G39/><T43/><D43/><U74/><E132/><V38/><F31/><W32/><G45/><T83/><D27/><U56/><E111/><V116/><F116/><W6/><G32/><T44/><D44/><U77/><REACH who="1" step="1"/><E11/><REACH who="1" ten="225,345,235,185" step="2"/><V124/><F124/><W53/><G100/><T108/><D108/><U64/><E64/><V73/><F67/><W130/><G130/><T121/><D113/><U127/><E127/><V99/><F38/><W70/><G70/><T48/><D121/><U81/><E81/><N who="0" m="31305" /><D87/><U46/><E46/><V29/><F85/><W72/><G72/><T97/><D97/><U24/><E24/><V20/><F86/><W96/><G96/><T40/><D40/><U109/><E109/><V106/><F73/><W8/><G84/><T71/><D71/><U55/><E55/><N who="2" m="34015" /><F99/><W105/><G105/><T78/><D78/><U0/><E0/><V89/><F106/><W75/><G75/><T41/><D41/><U9/><E9/><V131/><F131/><W134/><G10/><T36/><D66/><U125/><E125/><V92/><F42/><W12/><G134/><T76/><D98/><U37/><E37/><V22/><F47/><RYUUKYOKU ba="1,1" sc="225,-10,345,30,235,-10,185,-10" hai1="1,3,18,25,50,54,56,74,77,82,88,90,91" /><INIT seed="1,2,1,3,1,52" ten="215,375,225,175" oya="1" hai0="46,122,93,117,21,20,135,69,123,85,92,1,114" hai1="74,73,58,59,67,71,6,89,37,100,111,23,50" hai2="83,124,33,103,84,120,133,132,98,91,41,121,3" hai3="18,87,63,115,78,118,49,40,127,81,13,105,43"/><U34/><E34/><V131/><F41/><W101/><G115/><T61/><D114/><U99/><E37/><V86/><F3/><W30/><G127/><T2/><D117/><U90/><E6/><V125/><F84/><W15/><G118/><T129/><D85/><U29/><E71/><V119/><F33/><W77/><G30/><T35/><D35/><U128/><E128/><V68/><F68/><W76/><G105/><T134/><D69/><U107/><E111/><V14/><F14/><W22/><G101/><T112/><D112/><U55/><E74/><V45/><F45/><W28/><G28/><T39/><D46/><U60/><REACH who="1" step="1"/><E73/><REACH who="1" ten="215,365,225,175" step="2"/><V130/><F119/><W56/><G15/><T9/><D39/><U53/><E53/><V66/><F66/><N who="3" m="39271" /><G43/><T47/><D129/><N who="2" m="49162" /><F120/><W109/><G109/><T97/><D123/><U104/><E104/><N who="2" m="63607" /><F121/><W70/><G70/><T72/><D122/><U27/><AGARI ba="2,2" hai="23,27,29,50,55,58,59,60,67,89,90,99,100,107" machi="27" ten="30,11700,0" yaku="1,1,0,1,52,2,53,0" doraHai="52" doraHaiUra="88" who="1" fromWho="1" sc="215,-41,365,143,225,-41,175,-41" /><INIT seed="1,3,0,0,2,84" ten="174,508,184,134" oya="1" hai0="51,73,18,53,86,66,123,6,118,128,76,12,55" hai1="99,4,129,33,34,107,90,58,113,50,110,30,17" hai2="61,78,121,109,41,108,82,132,79,60,3,38,43" hai3="2,97,1,120,11,42,20,112,26,77,131,85,47"/><U94/><E113/><V74/><F121/><W13/><G120/><T87/><D118/><U70/><E70/><V127/><F3/><W80/><G97/><T28/><D128/><U37/><E37/><V130/><F38/><W21/><G131/><T7/><D73/><U27/><E129/><V69/><F69/><W104/><G104/><T65/><D28/><U59/><E33/><V19/><F19/><W57/><G57/><T56/><D123/><U16/><E107/><V103/><F82/><W8/><G21/><T105/><D105/><U106/><E106/><V111/><F74/><W64/><G64/><N who="0" m="24683" /><D55/><U98/><E99/><V46/><F130/><W134/><G134/><T102/><D102/><U117/><E117/><V95/><F132/><W124/><G124/><T48/><D48/><U39/><E39/><V91/><F103/><W32/><G32/><T92/><D87/><U101/><E110/><V62/><F127/><W40/><G40/><N who="2" m="15433" /><F46/><W52/><G42/><T5/><D76/><U35/><E35/><V68/><F68/><W54/><G2/><T22/><D5/><U31/><E31/><V133/><F133/><W9/><G1/><T100/><D100/><U29/><E29/><V81/><F81/><W0/><G0/><T83/><D83/><U67/><E4/><V45/><F45/><W119/><G119/><T25/><D25/><U114/><E101/><V23/><F23/><W71/><G71/><T116/><D116/><U49/><E58/><V88/><F95/><W36/><G36/><T44/><D44/><U63/><E114/><V135/><F135/><RYUUKYOKU ba="3,0" sc="174,10,508,10,184,10,134,-30" hai0="6,7,12,18,22,51,53,56,86,92" hai1="16,17,27,30,34,49,50,59,63,67,90,94,98" hai2="60,61,62,78,79,88,91,108,109,111" /><INIT seed="1,4,0,5,2,91" ten="184,518,194,104" oya="1" hai0="86,25,134,11,89,48,9,73,23,111,90,37,93" hai1="94,29,1,123,61,119,128,113,102,105,0,101,122" hai2="79,21,28,35,68,116,114,34,30,54,6,77,82" hai3="125,27,127,59,24,118,5,40,53,26,74,39,112"/><U63/><E113/><V38/><F116/><W57/><G118/><T72/><D37/><U97/><E119/><V83/><F38/><W7/><G112/><T103/><D111/><U65/><E128/><V47/><F68/><W22/><G39/><T85/><D103/><U71/><E63/><V129/><F6/><N who="3" m="2059" /><G40/><T84/><D134/><U70/><E71/><V124/><F21/><W52/><G22/><T131/><D131/><U98/><REACH who="1" step="1"/><E29/><REACH who="1" ten="184,508,194,104" step="2"/><V14/><F28/><W4/><G74/><T58/><D72/><U75/><E75/><V106/><F30/><W80/><G4/><T64/><D73/><U20/><E20/><V67/><F114/><W55/><G80/><T99/><D89/><U50/><E50/><V92/><F83/><W88/><G88/><T56/><D48/><U132/><E132/><V19/><F82/><W32/><G32/><T81/><D81/><U76/><E76/><V43/><F34/><W17/><G17/><N who="0" m="12527" /><D64/><U120/><AGARI ba="4,1" hai="0,1,61,65,70,94,97,98,101,102,105,120,122,123" machi="120" ten="30,6000,0" yaku="1,1,0,1,52,1,53,0" doraHai="91" doraHaiUra="121" who="1" fromWho="1" sc="184,-24,508,82,194,-24,104,-24" /><INIT seed="1,5,0,2,0,120" ten="160,590,170,80" oya="1" hai0="54,113,32,33,46,70,77,28,21,20,118,62,13" hai1="72,38,134,34,35,126,135,78,81,39,116,83,15" hai2="133,24,69,41,73,44,67,16,59,64,14,63,18" hai3="114,97,102,106,90,100,68,3,37,104,4,9,11"/><U7/><E116/><V60/><F73/><W103/><G114/><T87/><D113/><U128/><E15/><V55/><F133/><N who="1" m="50697" /><E7/><V75/><F75/><W61/><G37/><N who="1" m="13834" /><E81/><V52/><F44/><W131/><G131/><T129/><D70/><U22/><E22/><V132/><F41/><W43/><G43/><T53/><D28/><U74/><E74/><V1/><F1/><W42/><G42/><T111/><D13/><U119/><E119/><V30/><F132/><W123/><G123/><T5/><D5/><U56/><E56/><V0/><F0/><W29/><G29/><T79/><D46/><U25/><E128/><V112/><F112/><W109/><G11/><T66/><D118/><U108/><E126/><V8/><REACH who="2" step="1"/><F18/><REACH who="2" ten="160,590,160,80" step="2"/><W27/><G3/><T93/><D129/><U47/><E47/><V99/><F99/><W94/><G97/><T127/><D127/><U115/><E115/><V58/><F58/><W125/><G125/><T95/><D87/><U36/><E36/><V51/><F51/><W122/><G122/><T121/><D121/><U23/><E108/><V89/><F89/><W80/><G109/><T6/><D111/><U124/><E124/><V50/><F50/><W88/><G90/><T130/><D130/><U82/><E82/><V84/><F84/><W17/><G88/><T86/><D86/><U96/><E96/><V101/><F101/><W91/><G91/><T40/><D6/><U57/><E57/><V10/><F10/><W76/><G80/><T105/><D40/><U117/><E117/><V45/><F45/><W71/><G9/><RYUUKYOKU ba="5,1" sc="160,-15,590,15,160,15,80,-15" hai1="23,25,34,35,72,78,83" hai2="8,14,16,24,30,52,55,59,60,63,64,67,69" /><INIT seed="1,6,1,0,4,53" ten="145,605,175,65" oya="1" hai0="33,78,23,67,135,71,49,111,29,28,47,59,112" hai1="32,16,84,51,48,75,42,44,46,86,119,128,38" hai2="127,97,79,72,5,55,133,114,37,129,89,61,31" hai3="90,117,63,14,1,123,10,120,45,104,106,25,116"/><U109/><E119/><N who="3" m="45642" /><G1/><T64/><D112/><U39/><E75/><V91/><F37/><W94/><G25/><T113/><D113/><U57/><E32/><V34/><F5/><N who="3" m="3407" /><G45/><T98/><D33/><U83/><E128/><V92/><F114/><W11/><G63/><N who="0" m="38015" /><D71/><U101/><E101/><V40/><F129/><W66/><G66/><T13/><D67/><U0/><E0/><V3/><F3/><W21/><G21/><T96/><D111/><U93/><E93/><V35/><F40/><W52/><G52/><N who="0" m="29759" /><D135/><U22/><E109/><V105/><F133/><W60/><G60/><T118/><D118/><U56/><E39/><V77/><F61/><W73/><G11/><T20/><D78/><N who="1" m="46199" /><E86/><V36/><F36/><W15/><G15/><T6/><D20/><U134/><E134/><V131/><F131/><W125/><G73/><T43/><D43/><N who="1" m="24607" /><E38/><V24/><F72/><W30/><G104/><T99/><D6/><U50/><E51/><V19/><F35/><W7/><G7/><T87/><D87/><U80/><E80/><V8/><F105/><W9/><G106/><T130/><D130/><U122/><E122/><V108/><F108/><W126/><G120/><T62/><D62/><U26/><AGARI ba="6,1" hai="16,22,26,42,46,50,56,57" m="24607,46199" machi="26" ten="30,11700,0" yaku="8,1,52,2,54,1" doraHai="53" who="1" fromWho="1" sc="145,-45,605,145,175,-45,65,-45" /><INIT seed="1,7,0,2,0,40" ten="100,750,130,20" oya="1" hai0="104,106,24,50,128,66,67,42,4,135,7,45,107" hai1="62,123,111,32,77,71,102,28,39,52,69,26,21" hai2="6,105,17,118,131,127,103,120,14,58,1,75,81" hai3="96,37,85,36,27,15,11,12,89,90,61,68,22"/><U57/><E123/><V65/><F1/><W20/><G20/><T112/><D112/><U121/><E121/><V130/><F6/><W93/><G68/><T114/><D114/><U74/><E39/><V31/><F31/><W79/><G79/><T19/><D128/><U88/><E102/><V46/><F105/><W49/><G61/><T113/><D113/><U91/><E111/><V122/><F103/><W23/><G23/><T98/><D135/><U94/><E32/><V119/><F127/><W129/><G129/><N who="2" m="49161" /><F46/><W13/><G49/><T78/><D78/><U25/><E26/><V109/><F109/><W47/><G47/><T83/><D83/><U63/><E63/><N who="2" m="38135" /><F81/><N who="3" m="49327" /><G37/><T0/><D0/><U59/><E59/><V92/><F75/><W87/><G96/><T16/><D98/><U101/><E101/><V34/><F34/><W3/><G3/><T55/><D24/><U60/><E60/><V132/><F132/><W116/><G36/><T117/><D117/><N who="2" m="44554" /><F92/><W73/><G73/><T133/><D133/><U64/><E64/><N who="0" m="24617" /><D106/><U41/><E91/><V124/><F124/><W76/><G76/><T125/><D125/><U29/><E29/><V134/><F134/><W95/><G95/><T44/><D104/><U48/><E77/><V99/><F99/><W10/><G116/><T8/><D107/><U53/><E74/><V108/><F108/><W82/><G93/><T56/><D44/><N who="1" m="27783" /><E41/><V35/><F35/><W2/><G2/><N who="0" m="23" /><D7/><U115/><E115/><V100/><F100/><W70/><G70/><N who="1" m="26634" /><E94/><V18/><F18/><AGARI ba="7,0" hai="10,11,12,13,15,18,22,27,82,87,90" m="49327" machi="18" ten="30,1000,0" yaku="8,1" doraHai="40" who="3" fromWho="2" sc="100,0,750,0,130,-31,20,31" /><INIT seed="2,0,0,3,5,83" ten="100,750,99,51" oya="2" hai0="109,90,41,122,50,68,89,77,35,48,93,116,112" hai1="70,19,8,21,104,95,78,120,44,10,36,79,6" hai2="27,72,51,92,128,24,82,62,119,96,13,45,111" hai3="22,59,20,34,17,28,58,12,115,87,40,125,67"/><V56/><F119/><W32/><G115/><T101/><D112/><U88/><E104/><V52/><F128/><W64/><G125/><T38/><D68/><U57/><E70/><V74/><F111/><W76/><G40/><T49/><D122/><U73/><E73/><V18/><F72/><W0/><G0/><T39/><D35/><U100/><E100/><V133/><F133/><W97/><G97/><N who="0" m="59567" /><D38/><U126/><E126/><V46/><F82/><N who="3" m="47559" /><G32/><T5/><D39/><U91/><E91/><N who="0" m="34825" /><D109/><U37/><E37/><V11/><F74/><W23/><G34/><T65/><D65/><N who="3" m="25161" /><G28/><T108/><D108/><U61/><E44/><N who="2" m="17003" /><F62/><W33/><G33/><T103/><D103/><AGARI ba="0,0" hai="11,13,18,24,27,51,52,56,92,96,103" m="17003" machi="103" ten="30,2900,0" yaku="8,1,54,1" doraHai="83" who="2" fromWho="0" sc="100,-29,750,0,99,29,51,0" /><INIT seed="2,1,0,2,3,80" ten="71,750,128,51" oya="2" hai0="47,28,18,15,63,105,12,5,64,19,53,98,22" hai1="21,29,4,27,42,76,66,96,16,85,115,49,110" hai2="1,109,69,17,100,61,133,31,56,32,81,55,107" hai3="135,97,99,0,78,121,101,77,14,119,71,20,9"/><V114/><F114/><W90/><G121/><T130/><D130/><U83/><E115/><V117/><F117/><W122/><G122/><T72/><D72/><U103/><E110/><V86/><F133/><W108/><G108/><T124/><D124/><U94/><E4/><V13/><F1/><W111/><G111/><T60/><D5/><U123/><E123/><V44/><F109/><W106/><G135/><T35/><D35/><U125/><E125/><V45/><F69/><W25/><G0/><T58/><D28/><U2/><E2/><V50/><F107/><W92/><G71/><T52/><D47/><N who="1" m="25847" /><E66/><V89/><F100/><W88/><G90/><T84/><D63/><U36/><E36/><V104/><F104/><W51/><G51/><T112/><D112/><U113/><E113/><V6/><F6/><W41/><G41/><T73/><D73/><U40/><E40/><V33/><F31/><AGARI ba="1,0" hai="16,21,27,29,31,76,83,85,94,96,103" m="25847" machi="31" ten="30,3900,0" yaku="8,1,52,1,54,1" doraHai="80" who="1" fromWho="2" sc="71,0,750,42,128,-42,51,0" /><INIT seed="3,0,0,4,3,44" ten="71,792,86,51" oya="3" hai0="116,13,45,52,102,84,107,103,72,0,76,23,106" hai1="1,117,16,37,81,60,56,2,125,26,131,74,120" hai2="7,12,50,98,101,113,49,64,129,3,62,6,88" hai3="97,134,15,31,4,83,59,96,29,118,90,25,22"/><W124/><G118/><T100/><D0/><U38/><E120/><V73/><F113/><W77/><G134/><T33/><D33/><U67/><E117/><V99/><F3/><W122/><G124/><T119/><D72/><U32/><E125/><V127/><F73/><W36/><G36/><T111/><D111/><U40/><E131/><V41/><F127/><W68/><G68/><T54/><D107/><U57/><E57/><N who="2" m="36943" /><F41/><W82/><G31/><T80/><D106/><U28/><E16/><V110/><F101/><W112/><G112/><T123/><D123/><U63/><E63/><V85/><F110/><W24/><G24/><T65/><D65/><U20/><E32/><V133/><F129/><W48/><G77/><T115/><D115/><U130/><E81/><N who="3" m="30730" /><G90/><T66/><D66/><U108/><E74/><V92/><F133/><W70/><G70/><T95/><D95/><U9/><E108/><V121/><F121/><W126/><G126/><T35/><D35/><U17/><E130/><V10/><F6/><W19/><G4/><T61/><D119/><U86/><E86/><V18/><F7/><W69/><G69/><T47/><D116/><U71/><E71/><V21/><F10/><N who="3" m="6647" /><G122/><T93/><D93/><U14/><E38/><V79/><F79/><W128/><G128/><T94/><D94/><U8/><E9/><V78/><F78/><W135/><G135/><T91/><D76/><U55/><E67/><V114/><F114/><W89/><G89/><T87/><D91/><U46/><AGARI ba="0,0" hai="1,2,8,14,17,20,26,28,37,40,46,55,56,60" machi="46" ten="30,1100,0" yaku="0,1" doraHai="44" who="1" fromWho="1" sc="71,-3,792,11,86,-3,51,-5" /><INIT seed="4,0,0,4,5,17" ten="68,803,83,46" oya="0" hai0="69,107,83,103,135,53,125,86,97,96,121,70,51" hai1="85,126,6,94,95,115,24,36,111,81,59,79,118" hai2="64,42,73,110,23,93,116,101,134,45,26,82,7" hai3="11,4,20,130,32,0,15,105,39,62,78,13,33"/><T131/><D121/><U34/><E111/><V112/><F110/><W108/><G108/><T102/><D125/><U50/><E36/><V75/><F112/><W46/><G105/><T28/><D131/><U47/><E118/><V3/><F134/><W37/><G130/><T77/><D28/><U104/><E104/><V10/><F64/><W87/><G62/><T122/><D135/><U124/><E115/><V2/><F2/><W132/><G132/><T63/><D63/><U5/><E59/><V99/><F82/><W8/><G39/><T30/><D30/><U98/><E94/><V71/><F71/><W55/><G78/><T35/><D35/><U117/><E117/><V1/><F1/><W127/><G87/><T48/><D48/><U80/><E80/><V9/><F9/><W74/><G74/><T66/><D66/><U84/><E84/><V40/><F40/><W27/><G127/><N who="1" m="48682" /><E24/><V65/><F65/><W18/><G0/><T100/><D122/><U67/><E34/><V16/><REACH who="2" step="1"/><F116/><REACH who="2" ten="68,803,73,46" step="2"/><W31/><REACH who="3" step="1"/><G55/><REACH who="3" ten="68,803,73,36" step="2"/><T49/><D53/><N who="1" m="29919" /><E67/><V68/><F68/><W113/><G113/><T119/><D69/><U43/><E43/><AGARI ba="0,2" hai="4,8,11,13,15,18,20,27,31,32,33,37,43,46" machi="43" ten="40,5200,0" yaku="1,1,52,1,53,1" doraHai="17" doraHaiUra="22" who="3" fromWho="1" sc="68,0,803,-52,73,0,36,72" /><INIT seed="5,0,0,3,0,26" ten="68,751,73,108" oya="1" hai0="83,63,17,118,71,77,125,110,111,22,24,37,35" hai1="42,59,131,90,106,79,41,31,109,53,18,95,15" hai2="12,104,99,38,76,10,113,78,52,91,56,114,112" hai3="98,11,121,54,85,133,66,119,19,23,128,51,69"/><U29/><E106/><V16/><F38/><W64/><G121/><T134/><D118/><U107/><E107/><V100/><REACH who="2" step="1"/><F91/><REACH who="2" ten="68,751,63,108" step="2"/><W84/><G119/><T70/><D37/><U105/><E109/><V25/><F25/><W82/><G133/><T93/><D134/><U123/><E123/><V124/><F124/><W75/><G128/><T72/><D125/><U47/><E131/><V96/><F96/><W57/><G98/><T89/><D111/><U14/><E105/><V68/><F68/><W27/><G69/><T62/><D110/><U135/><E135/><V13/><F13/><W60/><G75/><T39/><D39/><U127/><E127/><V9/><F9/><W49/><G11/><T81/><D70/><U6/><E6/><V32/><F32/><W94/><G66/><T40/><D71/><U116/><E116/><V97/><F97/><W74/><G64/><T132/><D132/><U58/><E14/><V44/><F44/><W50/><G74/><T21/><D35/><U102/><E102/><V3/><F3/><W0/><G0/><T33/><D33/><U129/><E129/><V46/><F46/><W8/><G8/><T48/><D22/><U101/><E101/><V80/><F80/><W30/><G82/><T65/><D83/><U126/><E126/><V34/><F34/><W28/><G84/><N who="0" m="52391" /><D65/><U4/><E4/><V73/><F73/><W1/><G1/><T92/><D92/><U130/><E95/><V43/><F43/><W87/><G85/><T5/><D5/><U45/><E130/><V86/><F86/><W122/><G122/><RYUUKYOKU ba="0,1" sc="68,10,751,-30,63,10,108,10" hai0="17,21,24,40,48,62,63,72,77,81" hai2="10,12,16,52,56,76,78,99,100,104,112,113,114" hai3="19,23,27,28,30,49,50,51,54,57,60,87,94" /><INIT seed="6,1,1,1,5,75" ten="78,721,73,118" oya="2" hai0="108,36,111,122,127,76,92,33,84,63,28,8,37" hai1="47,3,12,135,0,42,67,55,107,113,41,56,27" hai2="81,132,119,7,112,38,79,65,110,57,45,6,116" hai3="117,99,66,68,26,34,58,109,90,54,85,128,23"/><V124/><F124/><W11/><G109/><T5/><D122/><U96/><E67/><V69/><F69/><W22/><G117/><T131/><D127/><U4/><E42/><V95/><F110/><W71/><G66/><T60/><D33/><U20/><E113/><V40/><F112/><W78/><G34/><T14/><D28/><U77/><E77/><V114/><F114/><W1/><G78/><T86/><D131/><U115/><E115/><V97/><F132/><W17/><G99/><T10/><D76/><U118/><E118/><V89/><F119/><W9/><G1/><T126/><D126/><U134/><E12/><V123/><F123/><W70/><G128/><T98/><D14/><U125/><E125/><V93/><F93/><W59/><G59/><T106/><D92/><U24/><E24/><V94/><F94/><W130/><G130/><T18/><D98/><U32/><E32/><V29/><F29/><W51/><G23/><T52/><D18/><N who="1" m="12695" /><E4/><V19/><F19/><W72/><G72/><T53/><REACH who="0" step="1"/><D5/><REACH who="0" ten="68,721,73,118" step="2"/><U103/><E0/><V50/><F116/><W2/><G2/><T21/><D21/><U121/><E3/><V15/><F15/><W73/><G73/><T102/><D102/><U105/><E105/><AGARI ba="1,2" hai="8,10,36,37,52,53,60,63,84,86,105,106,108,111" machi="105" ten="25,6400,0" yaku="1,1,22,2,54,1,53,0" doraHai="75" doraHaiUra="39" who="0" fromWho="1" sc="68,87,721,-67,73,0,118,0" /><INIT seed="7,0,0,4,2,8" ten="155,654,73,118" oya="3" hai0="76,42,59,102,109,54,27,127,43,98,18,23,91" hai1="105,125,6,65,0,134,77,71,86,13,87,29,122" hai2="90,57,63,62,55,60,48,132,113,95,124,78,111" hai3="34,22,81,133,88,73,11,30,114,75,1,100,96"/><W46/><G34/><T106/><D109/><U12/><E105/><V110/><F78/><W112/><G46/><T2/><D2/><U85/><E122/><V24/><F110/><W10/><G133/><T26/><D127/><U107/><E107/><V115/><F111/><W19/><G30/><T80/><D91/><U99/><E99/><V118/><F118/><W121/><G121/><T108/><D27/><U39/><E39/><V89/><F124/><W120/><G120/><T7/><D7/><U61/><E125/><V104/><F104/><W52/><G75/><T50/><D108/><U94/><E134/><V97/><F132/><W14/><G73/><AGARI ba="0,0" hai="18,23,26,42,43,50,54,59,73,76,80,98,102,106" machi="73" ten="30,1000,0" yaku="7,1" doraHai="8" who="0" fromWho="3" sc="155,10,654,0,73,0,118,-10" owari="165,-3.0,654,75.0,73,-43.0,108,-29.0" /></mjloggm>