<mjloggm ver="2.3"><GO type="225" lobby="0"/><UN n0="%E3%83%9D%E3%82%A4%E3%83%B3%E3%83%88%E9%82%84%E5%85%83" n1="%E3%80%8E%53%65%63%72%65%74%E3%80%8F" n2="%E6%AF%9B%E8%8D%92%E3%82%8C%E3%83%BB%E3%82%B9%E3%83%9F%E3%82%B9" n3="%E5%B0%8F%E9%B3%A5%E9%81%8A%E7%B7%B4%E7%84%A1%32%31%E6%AD%B3" dan="16,16,16,16" rate="2120.01,2164.17,2145.47,2088.82" sx="M,M,F,F"/><TAIKYOKU oya="0"/><INIT seed="0,0,0,2,0,61" ten="250,250,250,250" oya="0" hai0="90,87,79,103,47,108,125,132,1,85,15,26,97" hai1="45,57,91,74,21,72,80,133,86,117,16,92,56" hai2="63,50,93,115,40,128,60,100,24,51,46,110,39" hai3="77,25,48,99,9,59,88,70,0,53,42,36,76"/><T2/><D132/><U71/><E71/><V54/><F115/><W112/><G112/><T7/><D125/><U78/><E117/><V32/><F110/><W13/><G0/><T66/><D108/><U124/><E124/><V28/><F128/><W18/><G70/><T134/><D79/><U5/><E74/><V55/><F39/><W19/><G42/><T37/><D26/><U94/><E133/><V64/><F50/><W102/><G36/><T127/><D87/><U69/><E69/><V29/><F29/><W105/><G19/><T111/><D134/><U95/><E45/><V38/><F63/><W62/><G25/><T84/><D84/><U126/><E5/><V119/><F119/><W98/><G62/><T135/><D135/><U116/><E116/><V35/><F35/><W109/><REACH who="3" step="1"/><G109/><REACH who="3" ten="250,250,250,240" step="2"/><T33/><D2/><U43/><E43/><V131/><F38/><W49/><G49/><T12/><D1/><U73/><E126/><V89/><F131/><W58/><G58/><T27/><D127/><U81/><REACH who="1" step="1"/><E73/><REACH who="1" ten="250,240,250,240" step="2"/><V114/><F114/><W101/><G101/><T34/><D103/><U6/><E6/><V67/><F100/><W4/><G4/><T8/><D7/><U75/><E75/><V52/><REACH who="2" step="1"/><F60/><REACH who="2" ten="250,240,240,240" step="2"/><W14/><G14/><AGARI ba="0,3" hai="14,16,21,56,57,72,78,80,81,86,91,92,94,95" machi="14" ten="40,2600,0" yaku="1,1,54,1,53,0" doraHai="61" doraHaiUra="123" who="1" fromWho="3" sc="250,0,240,56,240,0,240,-26" /><INIT seed="1,0,0,2,1,88" ten="250,296,240,214" oya="1" hai0="74,93,108,43,38,77,33,72,14,25,58,82,10" hai1="8,5,9,131,70,21,49,71,107,28,24,97,4" hai2="54,89,27,133,36,55,45,66,135,116,7,19,120" hai3="46,111,100,68,41,12,65,23,87,115,3,102,20"/><U0/><E131/><V40/><F116/><W50/><G115/><T79/><D108/><U105/><E49/><V69/><F120/><W134/><G3/><T109/><D109/><U31/><E31/><V124/><F124/><W127/><G111/><T86/><D58/><U57/><E57/><V129/><F129/><W126/><G134/><N who="2" m="51209" /><F7/><W104/><G87/><T113/><D113/><U34/><E34/><V95/><F27/><W67/><G12/><T13/><D79/><U53/><E53/><V26/><F26/><W106/><G41/><T80/><D74/><U83/><E83/><V81/><F81/><W51/><REACH who="3" step="1"/><G46/><REACH who="3" ten="250,296,240,204" step="2"/><T132/><D132/><U85/><E85/><N who="2" m="52655" /><F19/><W73/><G73/><T1/><D72/><U64/><E0/><V123/><F123/><W96/><G96/><T101/><D1/><U52/><E97/><V76/><F76/><W17/><G17/><T11/><D77/><U18/><E18/><V37/><F36/><W117/><G117/><T118/><D118/><U78/><E78/><V63/><AGARI ba="0,1" hai="37,40,45,54,55,63,66,69" m="52655,51209" machi="63" ten="30,2000,0" yaku="20,1,52,1" doraHai="88" who="2" fromWho="2" sc="250,-5,296,-10,240,30,204,-5" /><INIT seed="2,0,0,0,1,83" ten="245,286,270,199" oya="2" hai0="3,73,47,119,55,63,50,44,103,75,31,8,52" hai1="43,9,35,12,72,120,133,29,18,94,48,93,135" hai2="106,71,116,23,40,134,113,82,91,34,41,99,123" hai3="69,57,6,78,132,22,54,66,46,126,128,14,96"/><V89/><F113/><W0/><G126/><T100/><D119/><U60/><E72/><V97/><F116/><W131/><G132/><N who="1" m="50762" /><E60/><V114/><F134/><W110/><G110/><T64/><D31/><U16/><E18/><V104/><F114/><W111/><G111/><T33/><D33/><U115/><E120/><V21/><F82/><W87/><G0/><T105/><D75/><U77/><E77/><V112/><F112/><W79/><G79/><T122/><D73/><U10/><E10/><V5/><F71/><W62/><G96/><N who="2" m="36937" /><F5/><W80/><G46/><T2/><D105/><N who="2" m="40554" /><F34/><W68/><G68/><T98/><D98/><U102/><E115/><V95/><F95/><W25/><G14/><T86/><D122/><U101/><E94/><V1/><F1/><W117/><G6/><T121/><D3/><U76/><E93/><V37/><F37/><W51/><REACH who="3" step="1"/><G117/><REACH who="3" ten="245,286,270,189" step="2"/><T27/><D121/><U74/><E12/><V28/><F123/><W49/><G49/><T81/><D47/><U38/><E48/><V127/><F127/><W4/><G4/><T125/><D125/><U17/><E38/><V13/><F13/><W92/><G92/><T85/><D2/><U84/><E76/><V20/><F28/><AGARI ba="0,1" hai="22,25,28,51,54,57,62,66,69,78,80,87,128,131" machi="28" ten="40,5200,0" yaku="1,1,52,1,53,1" doraHai="83" doraHaiUra="59" who="3" fromWho="2" sc="245,0,286,0,270,-52,189,62" /><INIT seed="3,0,0,3,3,16" ten="245,286,218,251" oya="3" hai0="59,72,133,106,60,54,64,80,38,44,109,7,20" hai1="46,35,94,124,26,65,86,68,45,30,25,92,117" hai2="121,21,56,130,103,115,120,116,27,61,58,50,135" hai3="18,57,122,91,101,48,118,85,51,90,76,6,62"/><W47/><G118/><T119/><D119/><U78/><E124/><V12/><F116/><W74/><G122/><N who="2" m="47209" /><F115/><W13/><G6/><T11/><D109/><U55/><E117/><V17/><F130/><W9/><G74/><T14/><D106/><U33/><E65/><N who="2" m="39079" /><F135/><W75/><G101/><T110/><D110/><U93/><E68/><V128/><F128/><W67/><G75/><T99/><D99/><U71/><E71/><V102/><F27/><W81/><REACH who="3" step="1"/><G48/><REACH who="3" ten="245,286,218,241" step="2"/><N who="0" m="28935" /><D72/><U2/><E2/><V22/><F22/><W3/><G3/><T77/><D133/><U95/><E35/><V126/><F126/><W84/><G84/><N who="0" m="48143" /><D38/><U73/><E33/><V37/><F37/><W112/><G112/><T131/><D131/><U113/><E86/><V19/><F19/><W8/><G8/><T83/><D7/><U34/><E73/><V15/><F15/><W107/><G107/><T29/><D14/><U96/><E34/><V129/><F129/><W43/><AGARI ba="0,1" hai="9,13,18,43,47,51,57,62,67,76,81,85,90,91" machi="43" ten="20,7800,0" yaku="1,1,0,1,7,1,8,1,53,0" doraHai="16" doraHaiUra="31" who="3" fromWho="3" sc="245,-26,286,-26,218,-26,241,88" owari="219,-18.0,260,6.0,192,-31.0,329,43.0" /></mjloggm>