<mjloggm ver="2.3"><GO type="169" lobby="0"/><UN n0="%E3%82%A8%E3%83%AB%E3%82%B2%E3%83%AB%E3%83%BC%E3%82%B8" n1="%72%65%72%65%6D%61%72%75" n2="%E3%82%AB%E3%83%83%E3%83%95%E3%82%A7" n3="%E3%81%9B%E3%81%A9%E3%81%AA%E3%82%8A%E3%81%82%E3%82%93" dan="17,16,18,16" rate="2209.93,2140.60,2190.09,2103.53" sx="M,M,M,M"/><TAIKYOKU oya="0"/><INIT seed="0,0,0,0,1,45" ten="250,250,250,250" oya="0" hai0="131,28,66,17,75,72,43,31,9,48,107,23,7" hai1="97,63,74,78,106,119,60,41,33,108,8,69,121" hai2="19,79,87,0,4,129,93,70,2,44,104,15,61" hai3="112,117,50,6,73,127,116,12,24,32,94,84,14"/><T98/><D131/><U3/><E121/><V95/><F104/><W49/><G73/><T90/><D66/><U81/><E119/><V25/><F25/><W109/><G112/><T27/><D72/><U34/><E108/><V67/><F4/><W130/><G24/><T88/><D75/><U64/><E60/><V125/><F125/><W128/><G94/><T1/><D107/><U51/><E51/><V42/><F93/><W132/><G84/><T47/><REACH who="0" step="1"/><D98/><REACH who="0" ten="240,250,250,250" step="2"/><U18/><E106/><V110/><F129/><W99/><G99/><T46/><D46/><U124/><E97/><V123/><F123/><W101/><G127/><T92/><D92/><U91/><E64/><V120/><F120/><W77/><G109/><T105/><D105/><U65/><E65/><V37/><F110/><W13/><G132/><T52/><D52/><U89/><E74/><V38/><F95/><W11/><G116/><T62/><D62/><U126/><E63/><V54/><F54/><W35/><G117/><T39/><D39/><U30/><E126/><V102/><F38/><W115/><G128/><T16/><D16/><U58/><E18/><V80/><REACH who="2" step="1"/><F102/><REACH who="2" ten="240,250,240,250" step="2"/><W29/><G101/><T118/><D118/><U96/><E124/><V103/><F103/><W53/><G53/><T40/><D40/><U71/><E41/><V122/><F122/><W57/><G130/><T113/><D113/><U59/><E96/><V76/><F76/><W20/><G77/><T56/><D56/><U5/><E59/><V36/><F36/><W86/><G57/><T83/><D83/><U26/><E81/><RYUUKYOKU ba="0,2" sc="240,15,250,-15,240,15,250,-15" hai0="1,7,9,17,23,27,28,31,43,47,48,88,90" hai2="0,2,15,19,37,42,44,61,67,70,79,80,87" /><INIT seed="0,1,2,0,5,51" ten="255,235,255,235" oya="0" hai0="126,63,53,6,55,13,114,120,67,96,41,52,14" hai1="95,23,48,57,24,66,125,49,19,72,106,81,62" hai2="34,107,7,127,122,78,17,97,71,87,43,22,123" hai3="121,46,82,103,0,83,10,54,5,92,74,58,61"/><T89/><D114/><U28/><E106/><V1/><F71/><W90/><G103/><T75/><D120/><U115/><E115/><V93/><F34/><W101/><G101/><T20/><D75/><U60/><E125/><V11/><F127/><W102/><G102/><T39/><D126/><U84/><E72/><V3/><F3/><W113/><G113/><T111/><D111/><U33/><E95/><V59/><F107/><W85/><G74/><T15/><D6/><U31/><E62/><V131/><F43/><W100/><G100/><T29/><D41/><U68/><E68/><V18/><F18/><W118/><G121/><T32/><D39/><U119/><E119/><V30/><F30/><N who="1" m="11305" /><E33/><V105/><F105/><W94/><G94/><N who="0" m="56399" /><D32/><U108/><E108/><V88/><F97/><W45/><REACH who="3" step="1"/><G118/><REACH who="3" ten="255,235,255,225" step="2"/><T80/><D80/><AGARI ba="1,3" hai="0,5,10,45,46,54,58,61,80,82,83,85,90,92" machi="80" ten="40,5200,0" yaku="1,1,2,1,52,1,53,0" doraHai="51" doraHaiUra="116" who="3" fromWho="0" sc="255,-55,235,0,255,0,225,85" /><INIT seed="1,0,0,3,4,104" ten="200,235,255,310" oya="1" hai0="75,106,84,127,3,15,96,35,97,65,88,121,123" hai1="31,40,78,61,44,80,16,113,95,71,42,39,37" hai2="47,41,87,86,94,28,33,32,109,72,5,92,89" hai3="52,132,36,70,117,56,111,103,18,43,53,81,133"/><U101/><E113/><V76/><F109/><W120/><G103/><N who="0" m="62823" /><D15/><U122/><E122/><N who="0" m="46601" /><D35/><U45/><E31/><V115/><F115/><W46/><G120/><T19/><D19/><U126/><E126/><V107/><F107/><W51/><G81/><N who="0" m="49167" /><D65/><U54/><E16/><V13/><F13/><W1/><G1/><T74/><D3/><U58/><E71/><V20/><F5/><W125/><G18/><T69/><D69/><U11/><E11/><V124/><F124/><W25/><G25/><T24/><D127/><U9/><E9/><V102/><F20/><W17/><G17/><T129/><D24/><U23/><E23/><V64/><F64/><W60/><G125/><T112/><D112/><U49/><E49/><V50/><F28/><W67/><G111/><T55/><D129/><U131/><E131/><V63/><F63/><W100/><G53/><T135/><D135/><U119/><E119/><V68/><F68/><W82/><G117/><T73/><D97/><U130/><E130/><V105/><F32/><W29/><G29/><T77/><D55/><U30/><E30/><V12/><F12/><W22/><G22/><T116/><D116/><U118/><E118/><V62/><F33/><W2/><G2/><T34/><D34/><U98/><REACH who="1" step="1"/><E80/><AGARI ba="0,0" hai="73,74,75,77,80" m="49167,46601,62823" machi="80" ten="30,12000,2" yaku="13,1,34,2,52,3,54,1" doraHai="104" who="0" fromWho="1" sc="200,120,235,-120,255,0,310,0" /><INIT seed="2,0,0,4,4,33" ten="320,115,255,310" oya="2" hai0="26,107,1,101,82,93,103,113,78,123,109,5,6" hai1="110,24,32,85,34,112,88,53,74,14,115,117,58" hai2="30,118,38,47,21,7,89,29,22,19,48,135,65" hai3="3,71,61,20,91,99,59,57,79,43,105,131,98"/><V70/><F38/><W128/><G79/><T64/><D113/><U83/><E110/><V39/><F39/><W106/><G43/><T44/><D109/><U86/><E117/><V46/><F118/><W40/><G40/><T124/><D123/><U67/><E74/><V51/><F135/><W11/><G71/><T73/><D124/><U132/><E132/><V10/><F70/><W108/><G20/><T25/><D64/><U41/><E41/><V35/><F65/><W55/><G59/><T63/><D63/><U114/><E67/><V90/><F35/><W133/><G108/><T23/><D107/><N who="3" m="40969" /><G91/><T127/><D127/><U72/><E72/><V45/><F19/><W76/><G76/><T92/><D44/><U36/><E36/><V120/><F45/><W130/><G133/><T16/><D26/><U95/><E24/><V62/><F10/><W54/><G54/><T125/><D125/><U134/><E14/><V129/><F7/><AGARI ba="0,0" hai="3,7,11,55,57,61,98,99,128,130,131" m="40969" machi="7" ten="40,2600,0" yaku="19,1,52,1" doraHai="33" who="3" fromWho="2" sc="320,0,115,0,255,-26,310,26" /><INIT seed="3,0,0,2,3,118" ten="320,115,229,336" oya="3" hai0="119,104,75,115,6,110,95,31,44,38,50,68,94" hai1="11,85,135,21,101,20,127,10,88,80,25,53,120" hai2="99,108,40,112,86,64,122,103,106,2,35,92,63" hai3="100,56,9,5,62,7,33,111,61,18,26,29,121"/><W65/><G100/><T30/><D50/><U90/><E135/><V37/><F112/><W117/><G117/><T89/><D44/><U69/><E127/><V60/><F60/><W52/><G111/><T8/><D8/><U134/><E134/><V131/><F2/><W67/><G67/><T133/><D6/><U45/><E69/><V74/><F35/><W83/><G83/><T81/><D89/><U15/><E101/><V49/><F37/><W41/><G41/><T102/><D102/><U23/><E120/><V34/><F34/><W28/><G28/><T76/><D94/><U12/><E90/><V19/><F74/><W46/><G121/><T51/><D95/><U27/><E53/><V79/><F108/><W113/><G46/><T17/><D110/><U42/><E11/><V78/><F49/><W0/><G113/><T71/><D51/><N who="1" m="27063" /><E15/><V116/><F40/><W123/><G123/><T43/><D119/><U129/><E129/><V82/><F116/><W73/><G73/><T32/><D115/><U58/><E58/><N who="2" m="36983" /><F131/><W87/><G87/><T59/><D59/><U126/><E126/><V130/><F130/><W124/><G124/><T128/><D128/><U16/><AGARI ba="0,0" hai="10,12,16,20,21,23,25,27,80,85,88" m="27063" machi="16" ten="30,4000,0" yaku="8,1,54,2" doraHai="118" who="1" fromWho="1" sc="320,-10,115,40,229,-10,336,-20" /><INIT seed="4,0,0,3,3,71" ten="310,155,219,316" oya="0" hai0="113,94,87,115,86,22,8,130,38,26,53,27,105" hai1="51,4,48,109,124,21,79,55,24,117,39,97,119" hai2="85,13,133,134,9,107,110,83,81,60,89,116,40" hai3="25,43,66,18,98,120,20,101,92,42,58,34,99"/><T57/><D105/><U70/><E109/><V106/><F110/><W82/><G120/><T78/><D130/><U15/><E124/><V3/><F3/><W1/><G1/><T10/><D38/><U0/><E70/><V96/><F116/><W54/><G66/><T132/><D132/><N who="2" m="50794" /><F96/><W65/><G65/><T74/><D74/><U73/><E0/><V131/><F131/><W90/><G34/><T31/><D27/><U28/><E97/><V33/><F33/><W76/><G76/><T47/><D47/><U56/><E39/><V128/><F40/><W37/><G37/><T30/><D30/><U41/><E79/><V103/><F103/><W46/><G46/><T50/><D87/><U77/><E41/><V67/><F83/><W7/><G7/><T95/><D115/><U14/><E48/><V32/><F32/><W68/><G68/><T72/><D72/><U19/><E4/><N who="2" m="3239" /><F128/><W108/><G108/><T121/><D121/><U93/><E93/><N who="0" m="35337" /><D113/><U114/><E114/><V111/><F111/><W135/><G135/><T75/><D75/><U12/><E73/><V45/><F45/><W23/><G82/><AGARI ba="0,0" hai="8,10,22,26,31,50,53,57,78,82,86" m="35337" machi="82" ten="30,1500,0" yaku="8,1" doraHai="71" who="0" fromWho="3" sc="310,15,155,0,219,0,316,-15" /><INIT seed="4,1,0,5,5,111" ten="325,155,219,301" oya="0" hai0="97,103,35,81,26,20,28,74,63,135,18,14,124" hai1="99,19,47,17,80,56,120,92,31,8,38,32,100" hai2="131,45,16,117,52,115,75,70,87,82,64,29,41" hai3="121,108,130,25,11,126,127,109,15,98,76,44,66"/><T33/><D124/><N who="3" m="47657" /><G66/><T65/><D135/><U73/><E120/><V125/><F75/><W118/><G76/><T9/><D81/><U96/><E32/><V24/><F125/><W114/><G44/><T86/><D86/><U84/><E31/><V54/><F131/><W90/><G90/><T30/><D74/><U61/><E73/><V7/><F7/><W22/><G98/><T129/><D33/><U12/><E99/><V53/><F117/><W67/><G67/><T36/><D36/><U83/><E19/><V34/><F64/><W27/><G118/><T10/><D30/><U101/><E101/><V95/><F95/><W42/><G42/><T106/><REACH who="0" step="1"/><D129/><REACH who="0" ten="315,155,219,301" step="2"/><U105/><E38/><V91/><F70/><AGARI ba="1,1" hai="9,10,14,18,20,26,28,35,63,65,70,97,103,106" machi="70" ten="30,18000,2" yaku="1,1,2,1,7,1,25,2,53,1" doraHai="111" doraHaiUra="59" who="0" fromWho="2" sc="315,193,155,0,219,-183,301,0" /><INIT seed="4,2,0,2,3,50" ten="508,155,36,301" oya="0" hai0="110,117,60,15,114,6,108,77,135,129,75,8,91" hai1="113,4,47,107,124,42,90,17,89,56,79,37,118" hai2="27,106,93,32,29,5,7,100,122,131,25,98,88" hai3="92,112,120,97,31,61,81,105,82,86,49,44,87"/><T9/><D117/><U69/><E118/><V68/><F122/><W51/><G112/><T119/><D119/><U65/><E113/><V28/><F68/><W48/><G105/><T53/><D114/><U2/><E124/><V123/><F123/><W35/><G35/><T20/><D129/><U102/><E69/><V58/><F131/><W23/><G61/><T63/><D135/><U22/><E79/><V46/><F46/><W83/><G120/><T54/><D91/><U73/><E73/><V57/><F58/><W21/><G44/><T80/><D20/><N who="3" m="7753" /><G31/><T16/><D63/><U18/><E18/><V64/><F64/><W67/><G67/><T12/><D60/><U127/><E127/><V30/><F57/><W19/><G19/><T72/><D72/><U1/><E65/><V116/><F116/><W59/><G59/><T130/><D130/><U45/><E56/><V62/><F62/><W133/><G133/><T24/><D24/><U103/><E47/><V71/><F71/><W132/><G132/><T85/><D75/><U36/><E37/><V115/><F115/><W104/><G104/><T76/><D76/><U0/><E4/><V14/><F14/><W78/><G78/><T10/><D10/><U66/><E66/><V111/><F111/><AGARI ba="2,0" hai="6,8,9,12,15,16,53,54,77,80,85,108,110,111" machi="111" ten="40,12000,1" yaku="10,1,52,2,54,1" doraHai="50" who="0" fromWho="2" sc="508,126,155,0,36,-126,301,0" owari="634,73.0,155,-24.0,-90,-59.0,301,10.0" /></mjloggm>