<mjloggm ver="2.3"><GO type="169" lobby="0"/><UN n0="%E3%83%A9%E3%83%96%E3%83%AC%E3%83%BC" n1="%E6%84%9A%E5%BD%A2%E3%81%AE%E6%84%9A%E5%85%84" n2="%E9%B3%B3%E5%8D%97%E3%81%AE%E3%81%8A%E9%A6%AC%E3%81%95%E3%82%93" n3="%73%6F%63%63%68%79" dan="17,16,17,18" rate="2231.39,2092.65,2169.89,2241.67" sx="M,M,M,M"/><TAIKYOKU oya="0"/><INIT seed="0,0,0,5,4,32" ten="250,250,250,250" oya="0" hai0="20,48,133,77,126,51,1,93,122,116,115,87,52" hai1="36,111,119,71,64,80,88,45,112,132,62,110,72" hai2="67,56,18,124,11,3,2,63,8,46,34,69,102" hai3="50,98,59,30,104,95,23,61,82,49,106,47,54"/><T12/><D122/><U73/><E119/><V79/><F124/><W44/><G106/><T15/><D116/><U120/><E120/><V21/><F34/><W96/><G104/><T58/><D115/><U39/><E132/><V9/><F79/><W105/><G105/><T10/><D126/><U113/><E72/><V109/><F102/><W131/><G131/><T78/><D133/><U127/><E127/><V60/><F46/><W0/><G82/><T83/><D1/><U25/><E25/><V81/><F81/><W130/><G0/><T57/><D58/><U128/><E128/><V65/><REACH who="2" step="1"/><F109/><REACH who="2" ten="250,250,240,250" step="2"/><N who="1" m="41481" /><E45/><V70/><F70/><W16/><G130/><T85/><D78/><N who="1" m="44111" /><E88/><V14/><AGARI ba="0,1" hai="2,3,8,9,11,14,18,21,56,60,63,65,67,69" machi="14" ten="30,7900,0" yaku="1,1,0,1,52,2,53,0" doraHai="32" doraHaiUra="22" who="2" fromWho="2" sc="250,-39,250,-20,240,89,250,-20" /><INIT seed="1,0,0,2,2,10" ten="211,230,329,230" oya="1" hai0="72,62,114,91,13,66,11,133,2,51,28,22,0" hai1="4,81,87,47,115,54,70,21,71,1,41,68,128" hai2="45,43,82,65,118,58,111,9,104,34,97,105,106" hai3="80,46,26,95,29,79,109,23,83,56,85,77,25"/><U35/><E35/><V38/><F118/><W94/><G109/><T48/><D114/><U92/><E115/><V60/><F111/><W42/><G56/><T101/><D72/><U119/><E119/><V50/><F34/><W39/><REACH who="3" step="1"/><G26/><REACH who="3" ten="211,230,329,220" step="2"/><T74/><D133/><U117/><E117/><V15/><F82/><W7/><G7/><T107/><D66/><U32/><E4/><V30/><F30/><W19/><G19/><T86/><D28/><U93/><E71/><V84/><F58/><W6/><G6/><T121/><D121/><U24/><E70/><V126/><F45/><W31/><G31/><T98/><D0/><U12/><E1/><V134/><F134/><W112/><G112/><T131/><D2/><U8/><E68/><V129/><F106/><W113/><G113/><T14/><D107/><U130/><E81/><V108/><F105/><W96/><G96/><T3/><D98/><U53/><E93/><V17/><F104/><W122/><G122/><T63/><D3/><U73/><E92/><V90/><F97/><W52/><G52/><T37/><D131/><U125/><E130/><V132/><F65/><W76/><G76/><T124/><D124/><U20/><E125/><V127/><F127/><W99/><G99/><T116/><D116/><U100/><E128/><V55/><F126/><W102/><G102/><T110/><D101/><U40/><E100/><V16/><F129/><W103/><G103/><T57/><D110/><U78/><E78/><V123/><F108/><W5/><G5/><T27/><D27/><U120/><E120/><V135/><F123/><RYUUKYOKU ba="0,1" sc="211,-10,230,-10,329,-10,220,30" hai3="23,25,29,39,42,46,77,79,80,83,85,94,95" /><INIT seed="2,1,1,0,1,127" ten="201,220,319,250" oya="2" hai0="100,5,59,135,120,6,88,44,133,134,25,119,26" hai1="14,31,7,70,122,54,92,102,73,46,124,3,2" hai2="17,11,16,66,60,128,105,29,83,58,0,116,72" hai3="48,84,34,118,36,21,113,117,52,28,110,49,77"/><V109/><F116/><W111/><G36/><T114/><D100/><U41/><E73/><V9/><F105/><W108/><G34/><T67/><D114/><U121/><E70/><V33/><F128/><W130/><G48/><T82/><D120/><N who="1" m="46187" /><E54/><V22/><F109/><W65/><G65/><T10/><D44/><U75/><E31/><V80/><F17/><W40/><G40/><T38/><D38/><U4/><E75/><V32/><F32/><W56/><G113/><T81/><D119/><U42/><E42/><V35/><F35/><W30/><G130/><T50/><D82/><U104/><E104/><V132/><F132/><W96/><G96/><T97/><D5/><N who="1" m="2123" /><E14/><V68/><F68/><W99/><G30/><T57/><D81/><N who="2" m="31306" /><F33/><W123/><G123/><T45/><D67/><U103/><E124/><V76/><F0/><N who="1" m="41" /><E92/><V47/><F29/><W106/><G77/><T107/><D107/><U131/><E131/><V37/><F72/><W115/><G115/><T19/><D6/><U23/><E23/><V24/><F76/><W90/><G106/><T61/><D26/><U18/><E18/><V55/><F37/><AGARI ba="1,1" hai="37,41,46,102,103" m="41,2123,46187" machi="37" ten="30,1000,0" yaku="13,1" doraHai="127" who="1" fromWho="2" sc="201,0,220,23,319,-13,250,0" /><INIT seed="3,0,0,5,5,12" ten="201,243,306,250" oya="3" hai0="102,60,0,45,1,37,65,116,93,101,112,79,128" hai1="50,118,52,76,75,66,13,123,125,59,121,90,126" hai2="107,49,122,5,69,120,83,115,43,98,6,135,132" hai3="26,32,22,92,55,35,63,56,24,133,129,104,16"/><W17/><G104/><T14/><D116/><U108/><E76/><V73/><F69/><W81/><G133/><N who="2" m="51273" /><F115/><W18/><G129/><T87/><D128/><U48/><E75/><V97/><F43/><W34/><G81/><T78/><D45/><U106/><E106/><V68/><F68/><W82/><G82/><T113/><D14/><U74/><E74/><V86/><F73/><W39/><G39/><T41/><D41/><U4/><E66/><V30/><F30/><W110/><G110/><T89/><D37/><U46/><E90/><V127/><F49/><W36/><G36/><T57/><D79/><U10/><E118/><V54/><F54/><W67/><G92/><T103/><REACH who="0" step="1"/><D78/><REACH who="0" ten="191,243,306,250" step="2"/><U38/><E38/><V94/><F120/><W88/><G24/><T96/><D96/><U100/><E108/><V99/><F122/><W8/><G88/><T33/><D33/><U111/><E111/><V117/><F117/><W105/><G105/><T85/><D85/><U130/><E130/><V53/><F107/><W109/><G109/><T131/><D131/><U62/><E123/><V119/><F119/><W28/><REACH who="3" step="1"/><G8/><REACH who="3" ten="191,243,306,240" step="2"/><T47/><D47/><U44/><E121/><V40/><F98/><W7/><G7/><T51/><D51/><N who="1" m="19499" /><E100/><V29/><F97/><W91/><G91/><T134/><D134/><U15/><E10/><V71/><F99/><W64/><AGARI ba="0,2" hai="16,17,18,22,26,28,32,34,35,55,56,63,64,67" machi="64" ten="40,18000,2" yaku="1,1,0,1,52,3,54,1,53,1" doraHai="12" doraHaiUra="23" who="3" fromWho="3" sc="191,-60,243,-60,306,-60,240,200" /><INIT seed="3,1,0,1,1,6" ten="131,183,246,440" oya="3" hai0="18,112,133,16,11,105,134,71,5,121,43,8,91" hai1="3,77,96,74,51,1,83,127,21,35,102,63,47" hai2="59,4,40,78,107,29,58,45,122,110,65,25,39" hai3="12,95,34,24,50,13,106,82,9,2,120,114,37"/><W23/><G106/><T104/><D71/><U90/><E35/><V89/><F110/><W92/><G37/><T32/><D32/><U79/><E127/><V125/><F125/><W113/><G50/><T128/><D121/><U55/><E79/><V57/><F122/><W66/><G66/><T129/><D91/><U93/><E21/><V60/><F107/><N who="0" m="41034" /><D43/><U123/><E123/><V26/><F78/><W131/><G82/><T19/><D112/><U61/><E90/><V124/><F124/><W115/><G120/><T118/><D118/><U49/><E49/><V86/><F4/><W48/><G48/><T76/><D76/><U85/><REACH who="1" step="1"/><E74/><REACH who="1" ten="131,173,246,440" step="2"/><V98/><F89/><W53/><G34/><T64/><D64/><U27/><E27/><V94/><F26/><W70/><G24/><T67/><D67/><U31/><E31/><V54/><F25/><W41/><G115/><T99/><D99/><U30/><E30/><V62/><F29/><W88/><G114/><T7/><D7/><U42/><E42/><V14/><F98/><W46/><G41/><T20/><D20/><U100/><E100/><V103/><F103/><W75/><G23/><T84/><D84/><U81/><E81/><V44/><F40/><W38/><G113/><T73/><D73/><U0/><AGARI ba="1,1" hai="0,1,3,47,51,55,61,63,77,83,85,93,96,102" machi="0" ten="30,2000,0" yaku="1,1,0,1,53,0" doraHai="6" doraHaiUra="15" who="1" fromWho="1" sc="131,-6,173,33,246,-6,440,-11" /><INIT seed="4,0,0,5,5,110" ten="125,206,240,429" oya="0" hai0="88,55,17,122,18,32,58,11,59,30,61,40,107" hai1="56,109,71,24,43,21,62,83,1,50,19,31,29" hai2="105,131,77,89,33,74,44,4,90,84,111,81,127" hai3="118,108,67,49,16,133,126,25,104,80,97,70,47"/><T79/><D107/><U51/><E109/><V125/><F111/><W10/><G118/><T22/><D122/><U63/><E1/><V95/><F33/><W34/><G80/><T113/><D32/><U20/><E31/><V92/><F44/><W85/><G85/><T28/><D79/><U101/><E43/><V35/><F4/><W82/><G82/><T12/><D40/><U66/><E101/><V132/><F35/><W54/><G16/><T100/><D100/><U2/><E2/><V75/><F105/><W65/><G10/><T3/><D113/><U15/><REACH who="1" step="1"/><E83/><REACH who="1" ten="125,196,240,429" step="2"/><V123/><F81/><W37/><G108/><T60/><D3/><U129/><E129/><V114/><F131/><W73/><G34/><T14/><REACH who="0" step="1"/><D88/><REACH who="0" ten="115,196,240,429" step="2"/><U42/><E42/><V135/><F123/><W102/><G102/><T52/><AGARI ba="0,2" hai="11,12,14,17,18,22,28,30,52,55,58,59,60,61" machi="52" ten="20,18000,2" yaku="1,1,2,1,0,1,7,1,9,1,8,1,54,1,53,0" doraHai="110" doraHaiUra="134" who="0" fromWho="0" sc="115,200,196,-60,240,-60,429,-60" /><INIT seed="4,1,0,4,0,127" ten="315,136,180,369" oya="0" hai0="115,128,91,49,43,87,27,1,98,72,110,105,133" hai1="95,116,33,81,117,76,24,124,108,0,10,83,97" hai2="3,64,15,17,21,48,75,100,80,69,42,37,35" hai3="7,4,131,6,78,135,123,82,119,22,90,104,134"/><T118/><D118/><U109/><E33/><V13/><F3/><W32/><G32/><T54/><D1/><U8/><E24/><V29/><F37/><W45/><G119/><T129/><D72/><U92/><E0/><V101/><F35/><W125/><G104/><T103/><D43/><U28/><E97/><V111/><F29/><W19/><G125/><T88/><D27/><U65/><E65/><V74/><F111/><W113/><G113/><T59/><D110/><U99/><E99/><V56/><F69/><W36/><G90/><T79/><D115/><U38/><E76/><V71/><F71/><W46/><G123/><T52/><D133/><N who="3" m="50697" /><G36/><T89/><REACH who="0" step="1"/><D54/><REACH who="0" ten="305,136,180,369" step="2"/><U130/><E124/><V30/><F42/><W25/><G131/><T41/><D41/><U61/><E130/><V14/><F74/><AGARI ba="1,1" hai="4,6,7,19,22,25,45,46,74,78,82" m="50697" machi="74" ten="30,1000,0" yaku="20,1" doraHai="127" who="3" fromWho="2" sc="305,0,136,0,180,-13,369,23" /><INIT seed="5,0,0,0,5,14" ten="305,136,167,392" oya="1" hai0="118,38,105,43,22,84,73,94,114,112,126,72,8" hai1="50,55,17,48,6,107,65,16,32,61,54,131,42" hai2="103,2,47,1,97,26,96,11,66,39,78,93,18" hai3="15,134,51,119,128,19,53,70,46,104,7,57,82"/><U59/><E107/><V60/><F78/><W110/><G70/><T106/><D38/><U111/><E32/><V108/><F108/><W56/><G104/><T74/><D8/><U44/><E111/><V25/><F25/><W98/><G98/><T69/><D69/><U80/><E131/><V68/><F97/><W40/><G119/><T13/><D43/><U85/><E6/><V64/><F64/><W24/><G134/><T99/><D118/><U95/><E95/><V79/><F79/><W127/><G127/><T36/><D36/><U100/><E100/><V67/><F67/><W132/><G132/><T62/><D62/><U34/><E34/><V63/><F63/><W109/><G128/><T77/><D13/><U115/><E115/><N who="0" m="44073" /><D22/><U75/><E75/><V45/><F39/><W33/><G7/><T83/><D126/><U91/><E42/><V10/><F10/><W121/><G24/><T29/><D29/><U37/><E37/><V123/><F123/><W81/><G33/><T28/><D28/><U101/><E101/><AGARI ba="0,0" hai="72,73,74,77,83,84,94,99,101,105,106" m="44073" machi="101" ten="40,5200,0" yaku="15,1,34,2" doraHai="14" who="0" fromWho="1" sc="305,52,136,-52,167,0,392,0" /><INIT seed="6,0,0,3,1,69" ten="357,84,167,392" oya="2" hai0="17,124,71,95,111,58,97,7,15,88,87,115,31" hai1="33,21,112,91,99,89,3,85,59,39,82,13,78" hai2="63,83,74,133,72,65,51,6,10,20,57,103,134" hai3="106,76,84,66,122,130,126,101,132,128,32,45,23"/><V35/><F35/><W53/><G32/><T67/><D71/><U93/><E33/><V125/><F125/><W77/><G122/><T38/><D111/><U107/><E3/><V98/><F20/><W22/><G66/><T104/><D31/><U16/><E112/><V27/><F27/><W131/><G132/><N who="2" m="50793" /><F51/><N who="3" m="28911" /><G126/><T61/><D115/><U113/><E113/><V135/><F83/><N who="3" m="47207" /><G77/><T54/><D7/><U123/><E123/><V70/><F57/><W108/><G108/><T110/><D110/><U92/><E107/><N who="2" m="63991" /><F135/><W75/><G75/><T60/><D124/><U49/><E39/><V127/><F127/><W96/><AGARI ba="0,0" hai="22,23,96,101,106,128,130,131" m="47207,28911" machi="96" ten="40,1500,0" yaku="19,1" doraHai="69" who="3" fromWho="3" sc="357,-4,84,-4,167,-7,392,15" /><INIT seed="7,0,0,3,2,89" ten="353,80,160,407" oya="3" hai0="93,70,135,132,65,127,67,114,68,129,108,85,101" hai1="63,66,32,14,69,84,87,43,26,17,120,128,37" hai2="74,18,56,122,97,110,35,30,119,40,47,105,5" hai3="121,106,117,111,123,46,96,15,33,50,59,49,116"/><W112/><G33/><T64/><D108/><U57/><E120/><V126/><F119/><W2/><G2/><T34/><D34/><U95/><E128/><V133/><F126/><W12/><G59/><T39/><D39/><U125/><E125/><V48/><F133/><W118/><G96/><T103/><D127/><U52/><E32/><V58/><F74/><W10/><G106/><T36/><D36/><U107/><E107/><V29/><F18/><W9/><G46/><T8/><D129/><U7/><E7/><V53/><F110/><W55/><G111/><T100/><D8/><N who="3" m="3177" /><G55/><T4/><D4/><U61/><E26/><V113/><F58/><W60/><G60/><T99/><D85/><U16/><E84/><V51/><F5/><W81/><G81/><T86/><D86/><U98/><E87/><V134/><F134/><N who="0" m="51242" /><D114/><U76/><E76/><V75/><F113/><W94/><G112/><T80/><D80/><U72/><E72/><V71/><F75/><W1/><G1/><T79/><D79/><U6/><E6/><V91/><F35/><W54/><G123/><T131/><D131/><U102/><REACH who="1" step="1"/><E14/><REACH who="1" ten="353,70,160,407" step="2"/><V130/><F122/><W11/><G121/><T38/><D38/><U88/><E88/><AGARI ba="0,1" hai="64,65,67,68,70,88,93,99,100,101,103" m="51242" machi="88" ten="40,5200,0" yaku="20,1,52,1,54,1" doraHai="89" who="0" fromWho="1" sc="353,62,70,-52,160,0,407,0" owari="415,51.0,18,-48.0,160,-24.0,407,21.0" /></mjloggm>