<mjloggm ver="2.3"><GO type="185" lobby="0"/><UN n0="%E9%A0%88%E7%94%B0%E3%83%9F%E3%83%BC%E3%82%B3" n1="%E3%82%8C%E3%81%99%E3%81%93" n2="%E5%A4%A9%E3%83%B6%E7%80%AC%E5%A5%88%E6%9C%88" n3="" dan="17,16,16,0" rate="2188.78,2218.29,2206.21,1500.00" sx="M,F,F,C"/><TAIKYOKU oya="0"/><INIT seed="0,0,0,1,5,62" ten="350,350,350,0" oya="0" hai0="58,68,125,112,92,85,105,43,64,121,118,51,132" hai1="44,91,41,63,94,108,75,93,0,2,99,114,55" hai2="1,61,70,131,86,78,100,96,36,95,123,49,134" hai3=""/><T135/><N who="0" m="31008" /><T111/><D118/><U35/><E35/><V133/><N who="2" m="31520" /><V120/><N who="2" m="30752" /><V128/><F1/><T129/><D112/><U48/><E114/><V106/><F36/><T109/><D105/><U60/><E108/><N who="0" m="41545" /><D125/><U46/><E75/><V54/><F61/><T102/><D129/><N who="2" m="49738" /><F70/><T80/><D68/><U124/><E124/><V32/><F32/><T89/><D43/><U103/><E60/><V113/><F113/><T119/><D119/><U116/><E116/><V59/><F78/><T3/><D3/><U83/><E83/><V56/><F56/><T126/><D126/><U39/><REACH who="1" step="1"/><E63/><REACH who="1" ten="350,340,350,0" step="2"/><V117/><F117/><T81/><D81/><U101/><E101/><V42/><F42/><T53/><D64/><U33/><E33/><V97/><F86/><AGARI ba="0,1" hai="0,2,39,41,44,46,48,55,86,91,93,94,99,103" machi="86" ten="30,2000,0" yaku="1,1,7,1,53,0" doraHai="62" doraHaiUra="77" who="1" fromWho="2" sc="350,0,340,30,350,-20,0,0" /><INIT seed="1,0,0,5,2,129" ten="350,370,330,0" oya="1" hai0="116,92,60,131,122,87,95,75,54,117,47,112,68" hai1="126,90,39,73,45,108,40,32,42,120,41,114,62" hai2="85,2,64,86,110,119,133,123,59,52,81,70,128" hai3=""/><U107/><N who="1" m="30752" /><U130/><E32/><V102/><N who="2" m="31520" /><V55/><F2/><T38/><N who="0" m="31264" /><T91/><D131/><U88/><E114/><V97/><F128/><T134/><D112/><U37/><E130/><V57/><F119/><T100/><D75/><U105/><E73/><V33/><F33/><T63/><D134/><U109/><E126/><V72/><F110/><N who="1" m="42601" /><E62/><V94/><F133/><T74/><D74/><U0/><E0/><V58/><F70/><T83/><D95/><U49/><E39/><V121/><N who="2" m="31008" /><V84/><REACH who="2" step="1"/><F64/><REACH who="2" ten="350,370,320,0" step="2"/><T46/><D68/><U3/><E3/><V124/><F124/><T66/><D66/><U67/><E67/><V127/><F127/><T78/><D116/><U80/><E37/><V44/><F44/><T61/><D47/><U96/><E80/><V98/><F98/><T125/><D125/><U103/><E107/><V65/><F65/><T36/><D117/><U82/><E82/><V53/><F53/><AGARI ba="0,1" hai="40,41,42,45,49,53,88,90,96,103,105" m="42601,30752" machi="53" ten="30,11600,0" yaku="14,1,10,1,52,1,54,1" doraHai="129" who="1" fromWho="2" sc="350,0,370,126,320,-116,0,0" /><INIT seed="1,1,0,2,5,134" ten="350,496,204,0" oya="1" hai0="55,98,76,128,47,109,33,118,80,66,67,34,79" hai1="40,127,106,54,123,120,32,99,64,113,117,135,36" hai2="86,116,39,52,89,62,125,59,126,61,58,111,93" hai3=""/><U42/><N who="1" m="30752" /><U3/><N who="1" m="31520" /><U104/><E113/><V119/><F39/><T131/><D109/><U56/><E117/><V51/><F111/><T108/><D108/><U71/><E3/><V96/><F51/><T70/><D118/><U101/><E32/><V110/><F110/><T97/><D67/><U130/><E135/><V95/><F119/><T77/><D80/><U46/><E130/><N who="0" m="49705" /><D66/><U68/><E42/><V115/><F115/><T43/><D55/><U63/><E127/><N who="2" m="48651" /><F116/><T83/><D83/><U124/><E124/><V2/><F2/><T75/><D75/><U114/><E114/><V88/><F52/><T49/><D70/><U41/><E41/><V133/><F133/><T90/><D90/><U121/><N who="1" m="31008" /><U92/><E71/><V107/><F107/><T73/><D73/><U122/><N who="1" m="31264" /><U0/><E0/><V38/><F38/><T100/><D98/><U91/><E91/><V102/><F89/><T129/><D129/><U132/><E132/><V69/><F69/><T53/><D53/><U78/><E78/><V57/><AGARI ba="1,0" hai="57,58,59,61,62,86,88,93,95,96,102" m="48651" machi="57" ten="30,6000,1" yaku="18,1,52,3,54,1" doraHai="134" who="2" fromWho="2" sc="350,-21,496,-41,204,62,0,0" /><INIT seed="2,0,0,5,2,3" ten="329,455,266,0" oya="2" hai0="95,132,130,131,73,98,76,86,75,87,105,80,92" hai1="40,0,112,55,46,77,79,35,104,39,74,68,48" hai2="66,70,127,72,110,124,57,36,122,100,117,58,118" hai3=""/><V115/><N who="2" m="31264" /><V99/><F72/><N who="0" m="27722" /><D132/><U61/><E112/><V49/><F36/><T103/><D86/><U59/><E0/><V85/><F115/><T114/><D114/><U83/><E79/><V52/><F70/><T63/><D63/><U111/><E111/><V33/><F85/><T47/><D47/><U113/><E113/><V89/><F89/><T116/><D116/><U62/><E104/><V54/><F66/><T102/><D102/><U37/><E35/><V123/><N who="2" m="31520" /><V125/><F110/><T56/><D56/><U45/><E68/><V91/><F91/><T107/><D95/><U93/><E93/><V65/><F65/><T78/><D76/><U84/><E74/><V129/><F33/><T97/><D97/><U69/><E69/><V120/><N who="2" m="30752" /><V109/><F109/><T106/><AGARI ba="0,0" hai="78,80,87,92,98,103,105,106,107,130,131" m="27722" machi="106" ten="40,2000,0" yaku="34,2" doraHai="3" who="0" fromWho="0" sc="329,20,455,-7,266,-13,0,0" /><INIT seed="4,0,0,0,0,124" ten="349,448,253,0" oya="0" hai0="102,64,50,39,108,61,127,90,80,63,43,121,78" hai1="59,131,66,135,106,60,34,83,0,123,1,125,107" hai2="114,32,120,70,33,57,97,37,103,62,41,86,93" hai3=""/><T100/><N who="0" m="31008" /><T113/><D127/><U134/><N who="1" m="31520" /><U96/><E34/><V71/><N who="2" m="30752" /><V99/><F114/><T82/><D113/><U76/><E125/><V3/><F3/><T53/><D108/><U45/><E45/><V117/><F117/><T77/><D43/><U110/><E110/><V92/><F86/><T116/><D39/><U81/><E131/><V128/><F128/><T67/><D116/><U75/><E83/><V85/><F85/><T56/><D90/><U38/><E38/><V105/><F105/><N who="1" m="39945" /><E96/><V73/><F73/><T55/><D50/><U119/><E119/><V49/><F37/><T126/><D126/><U112/><E112/><V87/><F87/><T104/><D104/><U52/><E66/><V118/><F118/><T47/><REACH who="0" step="1"/><D56/><REACH who="0" ten="339,448,253,0" step="2"/><U133/><AGARI ba="0,1" hai="0,1,52,59,60,75,76,81,133,134,135" m="39945,31520" machi="133" ten="40,3900,0" yaku="20,1,52,1,54,1" doraHai="124" who="1" fromWho="1" sc="339,-26,448,49,253,-13,0,0" /><INIT seed="5,0,0,1,1,32" ten="313,497,240,0" oya="1" hai0="118,88,55,54,98,83,94,110,122,104,36,66,103" hai1="59,79,52,61,95,50,48,91,90,41,38,123,63" hai2="133,113,35,87,74,70,135,78,128,67,131,80,42" hai3=""/><U109/><N who="1" m="31520" /><U111/><E38/><V97/><F35/><T84/><N who="0" m="31264" /><T99/><D110/><N who="1" m="41995" /><E79/><V62/><F113/><T37/><D118/><U69/><E91/><V72/><F42/><T65/><D54/><U127/><E127/><V64/><F64/><T71/><D71/><U107/><E107/><V40/><F40/><T73/><D65/><U86/><E69/><V34/><F34/><T56/><D66/><U96/><E86/><V129/><REACH who="2" step="1"/><F97/><REACH who="2" ten="313,497,230,0" step="2"/><T125/><D125/><U102/><E102/><V120/><N who="2" m="30752" /><V85/><F85/><T108/><D108/><U45/><AGARI ba="0,1" hai="41,45,48,50,52,59,61,63,90,95,96" m="41995,31520" machi="45" ten="30,4000,0" yaku="10,1,52,1,54,1" doraHai="32" who="1" fromWho="1" sc="313,-20,497,50,230,-20,0,0" /><INIT seed="5,1,0,0,1,103" ten="293,547,210,0" oya="1" hai0="40,86,38,109,104,62,77,116,129,124,61,91,73" hai1="106,122,35,114,85,69,118,58,87,94,120,134,79" hai2="36,44,111,115,81,100,55,56,96,39,83,92,41" hai3=""/><U117/><N who="1" m="30752" /><U131/><N who="1" m="31264" /><U113/><E69/><V110/><F36/><T50/><D109/><U74/><E35/><V125/><F125/><T78/><D124/><U105/><E134/><V133/><F133/><T47/><D129/><U63/><E131/><V45/><F45/><T64/><D104/><N who="1" m="40043" /><E74/><V37/><F37/><T107/><D107/><U80/><E58/><V121/><N who="2" m="31008" /><V0/><F0/><T32/><D32/><U135/><E63/><V75/><F115/><N who="1" m="44041" /><E135/><V90/><F75/><T82/><D116/><U66/><E66/><V123/><N who="2" m="31520" /><V93/><F111/><T97/><D73/><U128/><E128/><V57/><F110/><T132/><D132/><U1/><E1/><V42/><F57/><T49/><D62/><U102/><E87/><V127/><F127/><T67/><D67/><U68/><E68/><V54/><F56/><T72/><D97/><AGARI ba="1,0" hai="79,80,85,94,97,102,117,118" m="44041,40043,31264,30752" machi="97" ten="30,24000,3" yaku="15,1,34,2,52,5" doraHai="103" who="1" fromWho="0" sc="293,-242,547,242,210,0,0,0" /><INIT seed="5,2,0,2,0,119" ten="51,789,210,0" oya="1" hai0="113,61,32,117,2,97,64,58,82,125,100,131,33" hai1="112,129,135,104,114,47,43,86,128,124,84,134,109" hai2="122,72,78,126,76,90,34,95,75,120,51,40,106" hai3=""/><U53/><E104/><V102/><N who="2" m="30752" /><V68/><N who="2" m="31264" /><V42/><F34/><T59/><D2/><U123/><N who="1" m="31520" /><U94/><E53/><V110/><F110/><T108/><D108/><U37/><E109/><V96/><F68/><T65/><D117/><U92/><E124/><V81/><F126/><T103/><D125/><U98/><E86/><V118/><F118/><T121/><N who="0" m="31008" /><T38/><D38/><U70/><E84/><V77/><F51/><T111/><D111/><U69/><E70/><V0/><F0/><T91/><D113/><N who="1" m="43627" /><E69/><V1/><F1/><T74/><D131/><N who="1" m="50251" /><E94/><V54/><F54/><T83/><D83/><U99/><E98/><V80/><F77/><T133/><D133/><U50/><E37/><V56/><F56/><T115/><D115/><U36/><E36/><V57/><F57/><T85/><D74/><U88/><AGARI ba="2,0" hai="43,47,50,88,92,99,134,135" m="50251,43627,31520" machi="88" ten="40,8000,1" yaku="15,1,19,1,52,2,54,1" doraHai="119" who="1" fromWho="1" sc="51,-42,789,84,210,-42,0,0" /><INIT seed="5,3,0,2,5,93" ten="9,873,168,0" oya="1" hai0="54,67,122,71,53,81,34,128,92,50,125,100,107" hai1="58,64,77,103,72,95,120,86,108,68,119,47,101" hai2="43,131,61,94,117,88,65,73,113,82,134,0,98" hai3=""/><U62/><N who="1" m="30752" /><U99/><E119/><V35/><F117/><T110/><N who="0" m="31264" /><T84/><D34/><U37/><E108/><V59/><F35/><T40/><D110/><U112/><E112/><V42/><F113/><T36/><D125/><U89/><E68/><V135/><F0/><T121/><N who="0" m="31008" /><T124/><D124/><U56/><E56/><V80/><F131/><T51/><D128/><U97/><E72/><V118/><F118/><T76/><D107/><U104/><E77/><V79/><F82/><T109/><D109/><U49/><E37/><V46/><REACH who="2" step="1"/><F42/><REACH who="2" ten="9,873,158,0" step="2"/><T1/><D1/><U32/><E32/><V70/><F70/><T60/><D36/><AGARI ba="3,1" hai="36,43,46,59,61,65,73,79,80,88,94,98,134,135" machi="36" ten="40,8000,1" yaku="1,1,52,1,54,1,53,1" doraHai="93" doraHaiUra="87" who="2" fromWho="0" sc="9,-86,873,0,158,96,0,0" owari="-77,-68.0,873,83.0,254,-15.0,0,0.0" /></mjloggm>