<mjloggm ver="2.3"><GO type="225" lobby="0"/><UN n0="%E7%99%BD%E8%9B%87%E3%81%AE%E3%83%8A%E3%83%BC%E3%82%AC" n1="%50%49%58%49" n2="%53%61%63%68%69%30%34" n3="%48%61%61%61%6C%61%6E%64" dan="16,16,16,17" rate="2094.79,2136.70,2133.52,2129.48" sx="M,F,M,M"/><TAIKYOKU oya="0"/><INIT seed="0,0,0,2,4,108" ten="250,250,250,250" oya="0" hai0="113,128,117,6,15,35,103,98,126,8,51,119,17" hai1="43,30,75,85,70,49,82,7,50,100,2,81,71" hai2="89,72,12,31,21,24,53,133,102,68,40,9,52" hai3="67,48,116,32,37,90,10,60,131,27,111,65,5"/><T84/><D35/><U76/><E100/><V123/><F123/><W29/><G37/><T1/><D126/><U63/><E30/><V66/><F72/><W0/><G116/><T55/><D128/><U115/><E63/><V16/><F133/><W93/><G111/><T125/><D125/><U59/><E50/><V36/><F102/><W62/><G131/><T83/><D113/><U73/><E73/><V130/><F130/><W120/><G120/><T127/><D127/><U38/><E49/><V106/><F106/><W118/><G118/><T57/><D1/><U80/><E59/><V28/><F66/><W19/><G48/><T88/><REACH who="0" step="1"/><D6/><REACH who="0" ten="240,250,250,250" step="2"/><U134/><E115/><V101/><F68/><W129/><G129/><T58/><D58/><U79/><E134/><V104/><F31/><W42/><G5/><T95/><AGARI ba="0,1" hai="8,15,17,51,55,57,83,84,88,95,98,103,117,119" machi="95" ten="20,7800,0" yaku="1,1,0,1,7,1,54,1,53,0" doraHai="108" doraHaiUra="41" who="0" fromWho="0" sc="240,88,250,-26,250,-26,250,-26" /><INIT seed="0,1,0,0,0,68" ten="328,224,224,224" oya="0" hai0="77,44,118,4,73,92,67,127,64,38,42,81,89" hai1="51,58,82,133,7,57,119,108,47,131,30,114,107" hai2="72,71,62,120,17,48,83,99,50,59,14,113,40" hai3="52,122,94,43,126,61,106,12,26,103,35,11,69"/><T55/><D118/><U91/><E107/><V65/><F120/><W111/><G122/><T46/><D127/><U16/><E119/><V85/><F113/><W24/><G126/><T39/><D4/><U76/><E114/><V75/><F71/><W66/><G111/><T86/><D55/><U5/><E108/><V19/><F99/><W31/><G43/><AGARI ba="1,0" hai="38,39,42,43,44,46,64,67,73,77,81,86,89,92" machi="43" ten="40,7700,0" yaku="9,1,52,2" doraHai="68" who="0" fromWho="3" sc="328,80,224,0,224,0,224,-80" /><INIT seed="0,2,0,1,0,53" ten="408,224,224,144" oya="0" hai0="66,1,52,48,15,35,87,130,85,95,105,7,8" hai1="55,57,127,135,28,133,0,23,11,16,107,100,96" hai2="65,99,91,47,54,45,9,27,68,102,30,103,126" hai3="109,70,42,58,92,129,108,60,46,101,26,59,22"/><T128/><D105/><U78/><E78/><V115/><F115/><W122/><G129/><N who="0" m="49771" /><D35/><U88/><E127/><V36/><F126/><W24/><G122/><T69/><D1/><U106/><E106/><V12/><F36/><W2/><G2/><T29/><D29/><U5/><E28/><V40/><F91/><W79/><G79/><T77/><D95/><U121/><E121/><V134/><F134/><W117/><G117/><T83/><D66/><U13/><REACH who="1" step="1"/><E88/><REACH who="1" ten="408,214,224,144" step="2"/><V62/><F30/><N who="3" m="17687" /><G101/><T4/><D69/><U131/><E131/><V74/><F103/><W114/><G92/><T113/><D113/><U97/><E97/><V3/><F99/><W72/><G114/><T94/><D94/><U124/><E124/><V51/><F102/><W116/><G72/><N who="0" m="43431" /><D4/><U80/><E80/><V93/><F93/><W41/><G70/><T84/><D84/><U123/><E123/><V33/><F74/><W34/><G116/><T64/><D87/><U6/><E6/><V75/><F75/><W73/><G73/><T61/><D85/><U98/><E98/><V31/><F68/><W67/><G109/><T50/><D64/><U19/><E19/><V89/><F65/><W56/><G108/><T21/><D21/><U18/><E18/><V14/><F33/><W125/><G125/><T104/><D104/><U63/><AGARI ba="2,1" hai="0,5,11,13,16,23,55,57,63,96,100,107,133,135" machi="63" ten="30,7900,0" yaku="1,1,0,1,52,1,54,1,53,0" doraHai="53" doraHaiUra="20" who="1" fromWho="1" sc="408,-41,214,95,224,-22,144,-22" /><INIT seed="1,0,0,1,3,30" ten="367,309,202,122" oya="1" hai0="1,124,58,13,125,112,55,62,127,19,90,39,2" hai1="131,81,128,34,12,10,134,33,26,35,48,17,73" hai2="27,88,116,80,76,79,57,60,68,32,97,43,20" hai3="109,11,118,132,36,129,28,86,56,44,47,135,66"/><U108/><E134/><N who="3" m="51242" /><G28/><T50/><D112/><U133/><E133/><V38/><F116/><W14/><G118/><T52/><D39/><U77/><E108/><V37/><F68/><W45/><G86/><T70/><D90/><U24/><E48/><V63/><F63/><N who="3" m="38247" /><G109/><T103/><D103/><U29/><REACH who="1" step="1"/><E29/><REACH who="1" ten="367,299,202,122" step="2"/><V111/><F111/><W122/><G122/><T93/><D93/><U65/><E65/><V74/><F38/><W83/><G129/><AGARI ba="0,1" hai="10,12,17,24,26,33,34,35,73,77,81,128,129,131" machi="129" ten="50,12000,1" yaku="1,1,19,1,52,3,53,0" doraHai="30" doraHaiUra="121" who="1" fromWho="3" sc="367,0,299,130,202,0,122,-120" /><INIT seed="1,1,0,2,5,43" ten="367,429,202,2" oya="1" hai0="70,107,103,85,96,8,49,76,66,1,52,90,69" hai1="86,5,135,14,38,106,89,134,128,95,123,4,121" hai2="119,82,78,112,34,9,57,127,93,44,75,17,91" hai3="101,124,0,64,31,51,115,56,92,131,15,35,47"/><U29/><E106/><V37/><F119/><W62/><G0/><T100/><D100/><U84/><E38/><V68/><F68/><W80/><G115/><T42/><D42/><U111/><E128/><V73/><F34/><W67/><G131/><T102/><D102/><U72/><E72/><V97/><F75/><W88/><G124/><T63/><D76/><U40/><E40/><V126/><F112/><W10/><G35/><T130/><D130/><U104/><E104/><V54/><F37/><W113/><G31/><T39/><D39/><U19/><E29/><V87/><F73/><W61/><G101/><T65/><D8/><N who="1" m="6599" /><E86/><V32/><F32/><W74/><G74/><T7/><D7/><N who="1" m="2635" /><E111/><V133/><F126/><W110/><G110/><T53/><D1/><U81/><E81/><V122/><F127/><W79/><G113/><T16/><D66/><N who="3" m="25129" /><G56/><T77/><D77/><U13/><E13/><N who="2" m="7343" /><F57/><W120/><G80/><T25/><D70/><U23/><E23/><V21/><F82/><W3/><G3/><T24/><D16/><U99/><E84/><V48/><F87/><N who="3" m="52255" /><G120/><T98/><D98/><U46/><E123/><V26/><F122/><W27/><G27/><T22/><D22/><U36/><E121/><V12/><F26/><W59/><G59/><T18/><D18/><U28/><E28/><V6/><F6/><N who="3" m="3543" /><G79/><T55/><REACH who="0" step="1"/><D49/><REACH who="0" ten="357,429,202,2" step="2"/><U132/><E36/><V30/><F78/><W109/><G109/><T41/><D41/><AGARI ba="1,1" hai="41,47,51,61,62" m="3543,52255,25129" machi="41" ten="30,3900,0" yaku="8,1,52,1,54,1" doraHai="43" who="3" fromWho="0" sc="357,-42,429,0,202,0,2,52" /><INIT seed="2,0,0,1,0,3" ten="315,429,202,54" oya="2" hai0="48,19,60,126,42,95,135,104,121,47,49,32,58" hai1="12,72,127,101,130,15,65,14,129,83,120,112,80" hai2="76,22,1,30,40,9,107,67,75,78,103,119,16" hai3="33,61,98,73,6,128,39,94,93,46,57,96,43"/><V20/><F119/><W52/><G128/><N who="1" m="49258" /><E112/><V87/><F75/><W23/><G33/><T36/><D104/><U115/><E115/><V35/><F40/><W89/><G73/><T59/><D32/><U99/><E127/><V37/><F37/><W66/><G23/><T100/><D126/><U8/><E120/><V84/><F35/><W34/><G34/><T90/><D100/><U88/><E65/><V132/><F132/><W41/><G6/><T111/><D135/><U18/><E83/><V102/><F67/><W97/><G43/><T5/><D121/><U11/><E11/><V63/><F63/><W110/><G110/><T116/><D111/><U56/><E56/><V124/><F124/><W2/><G2/><T113/><D113/><U62/><E62/><V81/><F30/><W38/><G38/><T27/><D59/><U118/><E118/><V109/><F109/><W131/><G131/><T134/><D134/><U50/><E50/><V68/><F68/><W26/><G26/><T55/><D49/><U108/><E108/><V4/><F107/><W91/><REACH who="3" step="1"/><G66/><REACH who="3" ten="315,429,202,44" step="2"/><T51/><D116/><U105/><E72/><N who="2" m="43143" /><F22/><W28/><G28/><T122/><D122/><U0/><E0/><V74/><F74/><W64/><G64/><T17/><D5/><U10/><E8/><V123/><F1/><W117/><G117/><T82/><D19/><U25/><E25/><V70/><F16/><W13/><G13/><T71/><D17/><U21/><E21/><V114/><F20/><W31/><G31/><T7/><D27/><U133/><E133/><V106/><F4/><RYUUKYOKU ba="0,1" sc="315,-15,429,15,202,-15,44,15" hai1="10,12,14,15,18,80,88,99,101,105" hai3="39,41,46,52,57,61,89,91,93,94,96,97,98" /><INIT seed="3,1,1,5,0,2" ten="300,444,187,59" oya="3" hai0="105,72,65,58,122,68,80,64,87,28,129,1,82" hai1="50,20,106,42,76,41,52,45,97,135,107,101,127" hai2="75,134,51,89,22,70,84,46,130,5,126,132,81" hai3="98,63,123,32,59,18,91,8,124,30,9,15,117"/><W48/><G117/><T31/><D68/><U131/><E127/><V90/><F126/><W47/><G124/><T24/><D105/><U49/><E131/><V61/><F130/><W21/><G123/><T43/><D1/><U73/><E135/><N who="2" m="51755" /><F5/><W83/><G30/><T118/><D122/><U19/><E106/><V10/><F10/><W79/><G32/><T7/><D7/><U113/><E113/><V103/><F103/><W14/><G79/><T23/><D118/><U44/><E76/><N who="2" m="46119" /><F75/><W77/><G77/><T104/><D104/><U33/><E33/><V17/><F61/><W128/><G128/><T36/><D43/><U56/><E73/><V60/><F60/><W66/><G15/><T40/><D31/><U125/><E125/><V39/><F39/><W102/><G102/><T119/><D87/><U93/><E93/><V53/><F70/><W71/><G71/><T86/><D65/><U11/><E11/><V57/><F46/><W34/><G34/><T99/><D40/><U26/><E52/><V85/><F85/><N who="3" m="50623" /><G98/><T62/><D36/><U67/><E67/><V13/><AGARI ba="1,1" hai="13,17,22,51,53,57,89,90" m="46119,51755" machi="13" ten="30,1100,0" yaku="20,1" doraHai="2" who="2" fromWho="2" sc="300,-4,444,-4,187,24,59,-6" owari="296,10.0,440,54.0,211,-19.0,53,-45.0" /></mjloggm>