<mjloggm ver="2.3"><GO type="169" lobby="0"/><UN n0="%E3%83%9E%E3%83%AD%E3%81%A8%E3%82%B8%E3%83%BC%E3%83%8E" n1="%E3%83%88%E3%83%B3%E3%83%8D%E3%83%AB%E5%A4%A9%E5%9B%BD" n2="%E7%9C%9F%E4%B8%80" n3="%68%7A%63" dan="16,17,16,17" rate="2119.30,2182.29,2145.54,2132.07" sx="M,M,M,F"/><TAIKYOKU oya="0"/><INIT seed="0,0,0,4,2,121" ten="250,250,250,250" oya="0" hai0="70,63,87,134,101,116,18,10,119,96,89,110,66" hai1="109,22,98,56,124,33,71,86,7,62,77,32,28" hai2="93,130,61,85,12,90,112,53,74,95,48,60,127" hai3="82,20,38,80,91,15,19,103,29,94,51,55,117"/><T59/><D134/><U45/><E71/><V14/><F112/><W106/><G38/><T24/><D70/><U35/><E124/><V27/><F130/><W25/><G103/><T128/><D128/><U68/><E68/><V120/><F74/><W44/><G106/><T37/><D37/><U16/><E7/><V5/><F120/><W126/><G117/><T57/><D57/><U73/><E73/><V39/><F39/><W40/><G40/><T88/><D110/><U104/><E28/><V132/><F132/><W36/><G36/><T2/><D2/><U123/><E123/><V69/><F127/><W78/><G78/><T26/><D26/><U100/><E45/><V108/><F69/><W84/><REACH who="3" step="1"/><G126/><REACH who="3" ten="250,250,250,240" step="2"/><T21/><D89/><U13/><E77/><V6/><F90/><W72/><G72/><T118/><D101/><U41/><E41/><V107/><F107/><W47/><G47/><T65/><D88/><U9/><E104/><V114/><F114/><W58/><G58/><T31/><D119/><U102/><E102/><V0/><F95/><W1/><G1/><T99/><D118/><U92/><E100/><V122/><F0/><W105/><G105/><T30/><D59/><U42/><E42/><V115/><F93/><W81/><G81/><T133/><D116/><U54/><E92/><V43/><F115/><W4/><G4/><T8/><D133/><U17/><E56/><V113/><F43/><W11/><AGARI ba="0,1" hai="11,15,19,20,25,29,44,51,55,80,82,84,91,94" machi="11" ten="20,5200,0" yaku="1,1,0,1,7,1,8,1,53,0" doraHai="121" doraHaiUra="3" who="3" fromWho="3" sc="250,-26,250,-13,250,-13,240,62" /><INIT seed="1,0,0,0,0,31" ten="224,237,237,302" oya="1" hai0="88,22,55,5,104,65,61,82,108,37,95,83,77" hai1="51,90,69,128,30,124,25,102,72,64,33,113,15" hai2="91,23,7,66,135,105,92,111,42,67,16,45,40" hai3="35,56,106,27,1,121,47,8,12,114,118,119,86"/><U48/><E113/><V115/><F105/><W107/><G114/><T21/><D104/><U71/><E72/><V49/><F115/><W19/><G121/><T68/><D37/><U100/><E124/><V17/><F111/><W129/><G129/><T96/><D108/><U94/><E128/><V110/><F110/><W60/><G47/><T80/><D77/><U134/><E134/><V133/><F7/><W58/><G58/><T2/><REACH who="0" step="1"/><D55/><REACH who="0" ten="214,237,237,302" step="2"/><U41/><E69/><V79/><F79/><W11/><G107/><T29/><D29/><U125/><E71/><V9/><F135/><W62/><G106/><T43/><D43/><U76/><E41/><V74/><F42/><W85/><G118/><T24/><D24/><U130/><E76/><V117/><F117/><W126/><G119/><T131/><D131/><U46/><E130/><V53/><F40/><W38/><G38/><T112/><D112/><U103/><E125/><V78/><F78/><W54/><G126/><T18/><D18/><U57/><E25/><N who="2" m="14567" /><F133/><W84/><G27/><T70/><D70/><U34/><E30/><V109/><F74/><W97/><G19/><T36/><D36/><U59/><E33/><V32/><F32/><W87/><G35/><T122/><D122/><U93/><E34/><V4/><F109/><W116/><G116/><T63/><D63/><U26/><E26/><V39/><F39/><W120/><G62/><T6/><D6/><U73/><E73/><V127/><F4/><W123/><G123/><T50/><D50/><U99/><E51/><V13/><F127/><W28/><G120/><RYUUKYOKU ba="0,1" sc="214,15,237,-15,237,15,302,-15" hai0="2,5,21,22,61,65,68,80,82,83,88,95,96" hai2="9,13,17,45,49,53,66,67,91,92" /><INIT seed="2,1,1,3,3,47" ten="229,222,252,287" oya="2" hai0="24,116,101,122,50,41,44,103,52,40,51,131,67" hai1="117,81,33,118,128,78,55,56,18,36,123,71,110" hai2="109,70,19,37,23,105,99,97,57,88,64,90,92" hai3="119,53,60,75,6,68,95,66,89,106,32,35,11"/><V134/><F37/><W21/><G119/><T27/><D122/><U126/><E33/><V1/><F1/><W113/><G106/><T59/><D116/><U73/><E123/><V91/><F70/><W54/><G75/><T125/><D125/><U133/><E126/><V76/><F134/><W108/><G108/><T5/><D131/><U0/><E110/><V3/><F3/><W111/><G113/><T121/><D121/><U34/><E128/><V20/><F109/><W29/><G21/><T9/><D67/><U7/><E133/><V100/><F76/><W79/><G79/><T80/><D80/><U87/><E34/><V13/><REACH who="2" step="1"/><F20/><REACH who="2" ten="229,222,242,287" step="2"/><W135/><G135/><T86/><D41/><U48/><E36/><V96/><F96/><W98/><G111/><T49/><D86/><U17/><E71/><V30/><F30/><W31/><G35/><T84/><D84/><U115/><E87/><V43/><F43/><W63/><G32/><T15/><REACH who="0" step="1"/><D51/><REACH who="0" ten="219,222,242,287" step="2"/><U62/><E48/><V46/><F46/><W42/><G42/><T72/><D72/><U38/><E117/><V130/><F130/><W65/><G63/><AGARI ba="1,3" hai="13,19,23,57,63,64,88,90,91,92,97,99,100,105" machi="63" ten="40,3900,0" yaku="1,1,54,1,53,0" doraHai="47" doraHaiUra="127" who="2" fromWho="3" sc="219,0,222,0,242,72,287,-42" /><INIT seed="2,2,0,3,3,133" ten="219,222,314,245" oya="2" hai0="108,112,100,40,126,76,21,119,58,16,39,59,53" hai1="131,20,11,130,5,43,13,79,34,92,42,14,91" hai2="61,32,113,114,12,128,30,0,27,23,71,28,64" hai3="69,74,88,49,62,44,109,68,96,70,19,81,111"/><V47/><F0/><W132/><G132/><T3/><D112/><U97/><E34/><V116/><F116/><W124/><G124/><T22/><D3/><U31/><E79/><V41/><F128/><N who="1" m="49193" /><E14/><V77/><F77/><W98/><G62/><T26/><D119/><U93/><E93/><V101/><F30/><W121/><G121/><T8/><D108/><N who="3" m="41545" /><G19/><T17/><D8/><U122/><E122/><V2/><F2/><W37/><G37/><T134/><D134/><U66/><E66/><V110/><F110/><W87/><G74/><T55/><D39/><U29/><E20/><V117/><F117/><W57/><G57/><T104/><D40/><AGARI ba="2,0" hai="5,11,13,29,31,40,42,43,91,92,97" m="49193" machi="40" ten="30,1000,0" yaku="19,1" doraHai="133" who="1" fromWho="0" sc="219,-16,222,16,314,0,245,0" /><AGARI ba="2,0" hai="40,44,49,68,69,70,81,87,88,96,98" m="41545" machi="40" ten="40,2600,0" yaku="14,1,54,1" doraHai="133" who="3" fromWho="0" sc="203,-26,238,0,314,0,245,26" /><INIT seed="3,0,0,0,0,13" ten="177,238,314,271" oya="3" hai0="88,83,9,69,121,29,77,82,110,81,27,120,89" hai1="65,45,84,78,41,131,94,87,24,23,31,112,115" hai2="117,129,126,100,102,49,60,51,113,40,122,95,19" hai3="124,109,91,127,73,0,3,96,90,5,116,104,103"/><W119/><G5/><T28/><D110/><U53/><E131/><V47/><F117/><N who="3" m="45131" /><G3/><T76/><D69/><U32/><E65/><V107/><F113/><W58/><G58/><T67/><D67/><U93/><E53/><V64/><F129/><W2/><G2/><T4/><D27/><U118/><E118/><V1/><F1/><W62/><G62/><T12/><D29/><U18/><E87/><V11/><F107/><W20/><G20/><T125/><D28/><U108/><E93/><V66/><F122/><W54/><G54/><T71/><D71/><U50/><E108/><V123/><F123/><W63/><G63/><T38/><D38/><U21/><E32/><V15/><F126/><N who="3" m="48171" /><G0/><T34/><D125/><U25/><REACH who="1" step="1"/><E94/><REACH who="1" ten="177,228,314,271" step="2"/><V30/><F66/><W105/><G109/><T75/><D34/><U26/><E26/><V97/><F102/><N who="3" m="62535" /><G73/><T8/><D75/><U72/><E72/><V36/><REACH who="2" step="1"/><F30/><REACH who="2" ten="177,228,304,271" step="2"/><W98/><AGARI ba="0,2" hai="90,91,98,103,105" m="62535,48171,45131" machi="98" ten="40,7800,0" yaku="18,1,34,2" doraHai="13" who="3" fromWho="3" sc="177,-26,228,-26,304,-26,271,98" /><INIT seed="3,1,0,2,3,105" ten="151,202,278,369" oya="3" hai0="55,52,1,115,114,36,64,81,104,98,71,13,125" hai1="131,128,75,41,31,19,112,48,92,69,27,94,80" hai2="9,113,120,63,6,91,66,24,68,22,59,129,122" hai3="87,116,78,53,28,109,111,133,70,99,54,121,108"/><W74/><G116/><T73/><D1/><U65/><E112/><N who="0" m="43049" /><D36/><U57/><E19/><V15/><F113/><W32/><G121/><N who="2" m="46697" /><F129/><N who="1" m="49737" /><E69/><V5/><F91/><W14/><G133/><T12/><D125/><U97/><E41/><V46/><F46/><W89/><G70/><T37/><D37/><U2/><E2/><V17/><F68/><W72/><G14/><N who="0" m="5739" /><D104/><U43/><E43/><V62/><F63/><W21/><G32/><T44/><D98/><U83/><E92/><V123/><N who="2" m="46705" /><V76/><DORA hai="110" /><F76/><W85/><G99/><T58/><D71/><U126/><E126/><V25/><F25/><N who="3" m="16431" /><G78/><N who="0" m="44239" /><D44/><U84/><E97/><V100/><F100/><W67/><G67/><T127/><D127/><U79/><E65/><V39/><F39/><W34/><G34/><T16/><D16/><AGARI ba="1,0" hai="5,6,9,15,16,17,22,24,59,62,66" m="46705" machi="16" ten="40,2600,0" yaku="13,1,54,1" doraHai="105,110" who="2" fromWho="0" sc="151,-29,202,0,278,29,369,0" /><INIT seed="4,0,0,0,0,55" ten="122,202,307,369" oya="0" hai0="52,8,46,22,12,85,66,16,83,24,79,59,6" hai1="31,133,38,68,130,53,105,82,120,84,112,54,124" hai2="71,123,44,114,37,113,7,101,0,73,125,5,36" hai3="49,58,62,67,70,18,90,65,128,132,50,89,108"/><T40/><D66/><U121/><E31/><V129/><F123/><W69/><G108/><T56/><REACH who="0" step="1"/><D52/><REACH who="0" ten="112,202,307,369" step="2"/><U126/><E54/><V134/><F114/><W25/><G67/><T26/><D26/><U116/><E53/><V29/><F113/><W118/><G25/><T33/><D33/><U131/><E120/><V109/><F109/><W45/><G65/><T10/><D10/><U57/><E121/><V122/><F122/><W106/><G118/><T75/><D75/><U81/><E116/><V28/><F73/><W51/><G45/><T32/><D32/><U63/><E112/><V2/><F44/><W93/><G62/><T23/><D23/><U41/><E63/><V60/><F60/><W42/><G128/><T102/><D102/><U111/><E130/><V91/><F129/><W103/><G103/><T96/><D96/><U98/><E98/><V17/><F101/><W34/><G34/><T104/><D104/><U30/><E105/><V117/><F117/><W78/><G106/><T86/><D86/><U61/><E84/><V76/><F71/><W35/><G35/><T72/><D72/><U77/><E61/><V92/><F134/><W88/><G132/><T21/><D21/><U94/><E68/><V48/><F125/><W19/><G70/><T100/><D100/><U43/><E131/><V97/><F97/><W39/><G69/><T3/><D3/><U107/><E133/><V47/><F2/><W80/><G93/><T1/><D1/><U4/><E124/><V27/><F47/><W74/><G58/><T20/><D20/><U11/><E126/><RYUUKYOKU ba="0,1" sc="112,15,202,-15,307,-15,369,15" hai0="6,8,12,16,22,24,40,46,56,59,79,83,85" hai3="18,19,39,42,49,50,51,74,78,80,88,89,90" /><INIT seed="4,1,1,1,2,13" ten="127,187,292,384" oya="0" hai0="65,103,135,4,87,28,54,68,59,42,118,102,93" hai1="97,119,72,24,77,89,80,121,36,126,0,22,107" hai2="96,67,3,63,91,113,41,58,98,86,60,55,120" hai3="82,133,40,124,52,21,129,44,106,5,62,81,9"/><T115/><D118/><U116/><E121/><V7/><F120/><W11/><G106/><T57/><D115/><U17/><E126/><V61/><F113/><W94/><G124/><T10/><D135/><U51/><E36/><V112/><F112/><W30/><G133/><T45/><D68/><U53/><E0/><V92/><F41/><W1/><G11/><T69/><D69/><U132/><E132/><V37/><F37/><W101/><G40/><T6/><D28/><U48/><E48/><V73/><F73/><W25/><G129/><T46/><D65/><U70/><E70/><V27/><F3/><W128/><G128/><T23/><D23/><U76/><E76/><V122/><F122/><W71/><G44/><N who="0" m="17003" /><D42/><U83/><E83/><V66/><F7/><N who="0" m="2602" /><D10/><U85/><E107/><V74/><F27/><W90/><G71/><T15/><D15/><U47/><E72/><V43/><F43/><W109/><G9/><T35/><D35/><U31/><E31/><V131/><F74/><W104/><G30/><T105/><D105/><U12/><E12/><V50/><F131/><W32/><G32/><T130/><D130/><U114/><E114/><V78/><F78/><W84/><G1/><T99/><D103/><U20/><E20/><V117/><F117/><W64/><G101/><T56/><D87/><U49/><E119/><V108/><F108/><W2/><G109/><T29/><D29/><U39/><E116/><V19/><F67/><W100/><G64/><T88/><D102/><U125/><E125/><V111/><F111/><W123/><G104/><T95/><D95/><RYUUKYOKU ba="1,1" sc="127,30,187,-10,292,-10,384,-10" hai0="54,56,57,59,88,93,99" /><INIT seed="4,2,1,4,4,38" ten="157,177,282,374" oya="0" hai0="6,92,112,54,19,10,81,91,108,35,55,121,27" hai1="51,56,132,99,85,89,87,125,120,135,28,78,4" hai2="106,77,80,86,30,46,11,73,95,14,93,23,115" hai3="67,131,58,134,83,13,82,113,107,16,104,39,74"/><T109/><D121/><U20/><E120/><V5/><F115/><W76/><G39/><T1/><D112/><U75/><E125/><V9/><F106/><W8/><G113/><T105/><D105/><U24/><E4/><V36/><F73/><W111/><G111/><N who="0" m="42571" /><D81/><N who="1" m="45279" /><E99/><V22/><F11/><W15/><G131/><T53/><D35/><U26/><E89/><V44/><F36/><W7/><G134/><N who="1" m="51242" /><E26/><N who="2" m="16727" /><F23/><W43/><G83/><T52/><N who="0" m="13312" /><DORA hai="79" /><T61/><D61/><U98/><E56/><V2/><F2/><W127/><G127/><T32/><D32/><N who="1" m="20487" /><E51/><V119/><F119/><W40/><G107/><T59/><D59/><U65/><E65/><V102/><F102/><W41/><G104/><T94/><D91/><U0/><E0/><V57/><F57/><W50/><G58/><T49/><D49/><U3/><E3/><V101/><F101/><W63/><G63/><T128/><D128/><U29/><E98/><V18/><F5/><W103/><G103/><T12/><D27/><U62/><E62/><V124/><F124/><W37/><G37/><T110/><N who="0" m="42579" /><T118/><DORA hai="133" /><D118/><U71/><E71/><V90/><F90/><W126/><G126/><T129/><D129/><U130/><E130/><V33/><F33/><W88/><G88/><T21/><AGARI ba="2,1" hai="1,6,10,12,19,21,92,94" m="13312,42579" machi="21" ten="60,6000,0" yaku="10,1,54,1" doraHai="38,79,133" who="0" fromWho="0" sc="157,76,177,-22,282,-22,374,-22" /><INIT seed="4,3,0,2,4,97" ten="233,155,260,352" oya="0" hai0="66,133,71,9,123,16,120,55,45,52,69,128,131" hai1="116,53,86,85,117,132,119,10,126,134,1,84,95" hai2="70,44,36,114,60,82,104,46,101,98,121,42,93" hai3="96,26,34,111,83,39,58,107,38,51,108,127,5"/><T68/><D133/><U32/><E32/><V102/><F121/><N who="0" m="46666" /><D9/><U99/><E126/><V129/><F114/><W67/><G127/><T57/><D16/><U29/><E29/><V91/><F129/><N who="0" m="49738" /><D45/><U25/><E25/><V110/><F110/><W35/><G5/><T19/><D19/><U8/><E53/><N who="0" m="20553" /><D57/><U18/><E1/><V105/><F46/><W63/><G58/><T2/><D2/><U24/><E24/><V13/><F13/><W65/><G26/><T27/><D27/><U50/><E50/><V64/><REACH who="2" step="1"/><F82/><REACH who="2" ten="233,155,250,352" step="2"/><W115/><G83/><T31/><D31/><U94/><E132/><V106/><AGARI ba="3,1" hai="36,42,44,60,64,70,91,93,98,101,102,104,105,106" machi="106" ten="30,12000,2" yaku="1,1,2,1,0,1,52,2,53,1" doraHai="97" doraHaiUra="43" who="2" fromWho="2" sc="233,-63,155,-33,250,139,352,-33" /><INIT seed="5,0,0,3,2,42" ten="170,122,389,319" oya="1" hai0="30,26,103,22,2,45,17,16,134,104,81,80,65" hai1="74,93,86,36,98,113,11,107,78,35,94,49,53" hai2="14,105,58,55,64,120,85,29,96,66,28,126,63" hai3="125,10,54,33,122,51,75,108,132,1,131,73,110"/><U60/><E113/><V115/><F120/><W84/><G122/><T124/><D124/><U69/><E35/><V67/><F126/><W46/><G125/><T31/><D134/><U0/><E36/><V70/><F70/><W117/><G33/><T62/><D2/><U114/><E114/><V100/><F115/><W34/><G34/><T68/><D17/><U102/><E0/><V112/><F112/><W18/><G132/><T87/><D81/><U77/><E11/><V71/><F71/><W89/><G131/><T19/><D19/><U7/><E7/><V72/><F72/><W47/><G117/><T83/><D83/><U111/><E111/><V4/><F85/><W88/><G75/><T123/><D123/><U79/><E74/><V90/><F90/><W27/><G73/><T43/><D103/><U106/><E93/><V127/><F127/><W39/><G89/><T25/><D25/><U21/><E21/><V109/><F109/><W12/><G27/><T129/><D104/><U135/><E86/><V5/><F5/><W59/><G1/><T40/><D40/><U20/><E20/><V38/><F38/><W41/><G59/><T32/><D129/><U56/><REACH who="1" step="1"/><E135/><REACH who="1" ten="170,112,389,319" step="2"/><V99/><F4/><W133/><G133/><T92/><D92/><AGARI ba="0,1" hai="10,12,18,39,41,46,47,51,54,84,88,92,108,110" machi="92" ten="30,7700,0" yaku="7,1,52,2,54,1" doraHai="42" who="3" fromWho="0" sc="170,-77,112,0,389,0,319,87" /><INIT seed="6,0,0,0,3,84" ten="93,112,389,406" oya="2" hai0="30,26,113,104,111,91,90,61,123,32,108,115,109" hai1="28,80,10,71,54,99,105,122,67,12,34,125,9" hai2="40,95,17,22,75,45,29,97,94,58,57,21,47" hai3="31,13,4,7,59,135,23,46,118,24,100,120,81"/><V87/><F75/><W69/><G69/><T73/><D123/><U92/><E122/><V74/><F74/><W11/><G118/><T70/><D104/><U131/><E131/><V48/><F47/><W103/><G120/><T82/><D73/><U88/><E34/><V0/><F0/><W130/><G135/><T42/><D42/><U60/><E28/><V64/><F64/><W18/><G130/><T98/><D82/><U65/><E105/><V116/><F116/><W133/><G133/><T35/><D35/><U36/><E36/><V79/><F29/><W117/><G46/><T126/><D126/><U124/><E67/><V89/><F22/><W33/><G117/><T68/><D61/><U6/><E10/><V132/><F132/><W114/><G114/><N who="0" m="43531" /><D98/><U51/><REACH who="1" step="1"/><E80/><REACH who="1" ten="93,102,389,406" step="2"/><N who="2" m="47519" /><F95/><W25/><G81/><T44/><D44/><AGARI ba="0,1" hai="6,9,12,44,51,54,60,65,71,88,92,99,124,125" machi="44" ten="40,5200,0" yaku="1,1,52,1,54,1,53,0" doraHai="84" doraHaiUra="78" who="1" fromWho="0" sc="93,-52,102,62,389,0,406,0" /><INIT seed="7,0,0,4,5,7" ten="41,164,389,406" oya="3" hai0="13,132,48,39,31,66,76,105,116,5,42,109,128" hai1="16,97,79,92,36,122,28,83,47,99,121,71,26" hai2="53,125,111,61,82,98,10,104,133,110,126,81,40" hai3="3,51,135,130,18,17,43,24,45,86,14,60,20"/><W96/><G3/><T100/><D48/><U93/><E71/><V38/><F133/><W44/><G130/><T106/><D13/><U58/><E58/><N who="2" m="35023" /><F38/><W113/><G113/><T114/><D5/><U115/><E93/><V101/><F40/><W1/><G1/><T63/><D76/><U2/><E97/><V30/><F30/><W134/><G60/><T70/><D31/><U33/><E16/><V49/><F49/><W35/><G45/><T94/><D94/><U91/><E2/><V74/><F74/><W119/><G119/><T78/><D78/><U73/><E115/><V4/><F82/><W46/><G96/><T89/><D89/><U12/><E12/><N who="2" m="5191" /><F81/><W75/><G75/><T8/><D8/><U62/><E62/><V80/><F80/><W108/><G108/><T103/><D103/><U112/><E112/><V25/><F25/><W85/><G46/><T69/><D100/><U32/><E32/><V15/><F15/><W72/><G72/><T9/><D9/><U65/><E65/><V29/><F29/><N who="3" m="19879" /><G18/><T6/><D6/><U56/><E56/><V19/><F19/><W54/><G43/><T117/><D70/><U55/><E55/><V90/><F90/><W124/><G124/><AGARI ba="0,0" hai="98,101,104,110,111,124,125,126" m="5191,35023" machi="124" ten="30,2000,0" yaku="18,1,52,1" doraHai="7" who="2" fromWho="3" sc="41,0,164,0,389,20,406,-20" owari="41,-46.0,164,-24.0,409,51.0,386,19.0" /></mjloggm>