<mjloggm ver="2.3"><GO type="169" lobby="0"/><UN n0="%E9%BB%92%E9%9B%BB%E8%A9%B1" n1="%E7%82%8E%E3%81%AE%E9%9B%80%E3%83%96%E3%83%A9%E3%83%BC" n2="%E7%99%BE%E9%87%8E%E3%81%95%E3%82%93" n3="%E5%B0%8F%E6%B1%A0%E7%BE%8E%E6%B3%A2%E2%8A%BF" dan="17,16,16,17" rate="2175.02,2209.79,2140.37,2156.41" sx="M,M,M,M"/><TAIKYOKU oya="0"/><INIT seed="0,0,0,4,3,40" ten="250,250,250,250" oya="0" hai0="111,39,30,100,127,91,123,3,65,94,2,26,37" hai1="88,63,80,73,79,44,97,108,102,78,87,98,128" hai2="31,86,135,43,11,118,35,13,34,75,68,33,9" hai3="77,48,130,110,24,107,83,55,56,104,119,6,38"/><T122/><D100/><U85/><E108/><V18/><F75/><W84/><G119/><T15/><D65/><U51/><E128/><V105/><F68/><W124/><G110/><T95/><D15/><U114/><E114/><V16/><F105/><W132/><G132/><T89/><D111/><U41/><E73/><V74/><F74/><W92/><G38/><T20/><D127/><U5/><E102/><V36/><F135/><W49/><G130/><T42/><D42/><U115/><E115/><V69/><F69/><W54/><G6/><T67/><D67/><U47/><E5/><V23/><F86/><W133/><G124/><T113/><D113/><U71/><E63/><V126/><F126/><W82/><G82/><T61/><D61/><U72/><E72/><V81/><F81/><W10/><G10/><T1/><D20/><U8/><E8/><V19/><F43/><W64/><G64/><T131/><D30/><U93/><E78/><V28/><F36/><N who="0" m="13898" /><D26/><U46/><E71/><V52/><F52/><W45/><G133/><T134/><D131/><U21/><E21/><V120/><F120/><N who="0" m="46122" /><D134/><U112/><E112/><V96/><F96/><AGARI ba="0,0" hai="41,44,46,47,51,79,80,85,87,88,93,96,97,98" machi="96" ten="40,8000,1" yaku="8,1,52,3,54,1" doraHai="40" who="1" fromWho="2" sc="250,0,250,80,250,-80,250,0" /><INIT seed="1,0,0,2,0,52" ten="250,330,170,250" oya="1" hai0="97,44,116,32,95,59,24,57,96,113,130,16,17" hai1="54,39,11,86,49,104,78,133,98,25,125,127,77" hai2="12,45,14,63,33,87,122,31,58,112,90,36,38" hai3="99,27,56,72,120,40,34,2,107,131,30,55,43"/><U3/><E39/><V114/><F122/><W75/><G120/><T103/><D113/><N who="2" m="43626" /><F31/><W135/><G2/><T110/><D110/><U64/><E64/><N who="2" m="39031" /><F33/><W76/><G131/><T62/><D116/><U80/><E133/><V51/><F38/><W21/><G34/><T48/><D130/><U134/><E134/><V94/><F36/><W23/><G76/><T129/><D129/><U93/><E78/><V79/><F79/><W26/><G75/><T13/><D62/><U115/><E104/><V4/><F4/><W70/><G72/><T7/><D7/><U46/><E115/><V69/><F69/><W100/><G70/><T71/><D71/><U132/><E132/><V124/><F124/><W92/><G107/><T5/><D5/><U102/><E3/><V8/><F8/><W37/><G37/><T53/><D97/><U123/><E11/><V84/><F84/><W83/><G83/><T61/><D61/><U6/><E6/><V66/><F66/><W82/><G82/><T50/><D50/><U68/><E68/><V117/><F117/><W28/><G135/><T126/><D126/><N who="1" m="48139" /><E123/><V19/><F19/><W9/><G9/><N who="0" m="6319" /><D32/><U15/><E80/><V108/><F108/><W67/><G67/><T118/><D118/><U41/><E86/><V60/><F60/><AGARI ba="0,0" hai="21,23,26,27,28,30,40,43,55,56,60,92,99,100" machi="60" ten="30,7700,0" yaku="7,1,9,1,8,1,52,1" doraHai="52" who="3" fromWho="2" sc="250,0,330,0,170,-77,250,77" /><INIT seed="2,0,0,2,2,46" ten="250,330,93,327" oya="2" hai0="53,76,115,42,94,33,98,55,93,27,123,13,129" hai1="58,2,18,23,81,41,92,3,50,71,67,78,38" hai2="39,135,99,40,128,20,29,54,105,10,84,70,30" hai3="72,24,31,111,116,62,106,83,64,100,15,6,113"/><V36/><F70/><W110/><G116/><T25/><D123/><U1/><E92/><V101/><F128/><W120/><G120/><T132/><D42/><U73/><E38/><V79/><F135/><W26/><G26/><T109/><D13/><U125/><E125/><V119/><F119/><W87/><G72/><T45/><D45/><U107/><E107/><V91/><F79/><W56/><G113/><T126/><D98/><U96/><E96/><V104/><F104/><W131/><G100/><T60/><D60/><U8/><E8/><V37/><F40/><W65/><G65/><T32/><D76/><U49/><E71/><V19/><F10/><W103/><G103/><T90/><D90/><U9/><E9/><V7/><F7/><W22/><G106/><T134/><D109/><U75/><E75/><V17/><F54/><W89/><G131/><T14/><D14/><U127/><E127/><V4/><F4/><W21/><G6/><T61/><D61/><U82/><E82/><V44/><F44/><W11/><G11/><T85/><D85/><U108/><E108/><N who="3" m="41514" /><G15/><T88/><D88/><U80/><E41/><V114/><F114/><W52/><G64/><T63/><D63/><N who="1" m="38391" /><E81/><V48/><F19/><W43/><G43/><T47/><D47/><U102/><E102/><V124/><F124/><W5/><G5/><T86/><D126/><U133/><E133/><V59/><F17/><W112/><G112/><T122/><D115/><U66/><E66/><V121/><F121/><W95/><G83/><T34/><D122/><U68/><E68/><V51/><F105/><RYUUKYOKU ba="0,0" sc="250,-15,330,15,93,-15,327,15" hai1="1,2,3,18,23,49,50,73,78,80" hai3="21,22,24,31,52,56,62,87,89,95" /><INIT seed="3,1,0,5,2,135" ten="235,345,78,342" oya="3" hai0="128,42,131,121,94,93,44,19,119,103,71,126,10" hai1="81,53,16,127,90,98,110,122,111,9,58,114,91" hai2="18,116,75,84,35,108,48,117,28,69,5,66,89" hai3="68,118,56,105,73,64,4,41,125,78,99,8,12"/><W24/><G118/><T132/><D119/><U86/><E122/><V80/><F5/><W51/><G68/><T7/><D121/><U100/><E114/><V124/><F108/><N who="1" m="41513" /><E127/><V40/><F75/><W34/><G73/><T65/><D132/><U6/><E91/><V2/><F2/><W3/><G78/><T102/><D19/><U33/><E33/><V62/><F28/><W31/><G41/><T134/><D65/><U30/><E30/><V107/><F35/><W83/><G83/><T72/><D71/><U79/><E90/><V1/><F107/><W43/><G43/><T38/><D72/><U123/><E123/><V39/><F1/><W21/><G125/><T45/><D134/><U88/><E88/><V76/><F39/><W104/><G99/><T85/><D85/><U15/><E6/><V130/><F124/><W49/><G105/><T67/><D67/><U37/><E37/><V26/><F76/><W61/><REACH who="3" step="1"/><G104/><REACH who="3" ten="235,345,78,332" step="2"/><T129/><D126/><U11/><E98/><V112/><F112/><W82/><G82/><T109/><D109/><U22/><E100/><V96/><F96/><W29/><G29/><T87/><D87/><U17/><E17/><AGARI ba="1,1" hai="3,4,8,12,17,21,24,31,34,49,51,56,61,64" machi="17" ten="40,12000,1" yaku="1,1,24,2,53,1" doraHai="135" doraHaiUra="52" who="3" fromWho="1" sc="235,0,345,-123,78,0,332,133" /><INIT seed="3,2,0,4,1,64" ten="235,222,78,465" oya="3" hai0="125,119,5,88,43,44,33,49,81,2,121,131,13" hai1="57,108,75,14,46,0,41,67,50,97,107,17,54" hai2="51,22,100,73,99,122,103,92,83,35,76,89,120" hai3="4,96,53,129,72,126,105,91,118,133,16,111,59"/><W130/><G118/><T45/><D119/><U135/><E108/><V93/><F35/><W34/><G72/><T98/><D33/><U77/><E135/><V56/><F22/><W3/><G34/><T69/><D121/><N who="2" m="46698" /><F51/><W106/><G133/><T79/><D2/><U21/><E0/><V63/><F56/><W86/><G126/><T62/><D125/><U80/><E67/><V52/><F63/><W55/><G55/><T8/><D131/><U82/><E82/><V6/><F52/><W18/><G96/><T70/><D62/><U1/><E1/><V26/><F26/><W19/><G111/><T47/><D47/><U31/><E31/><V109/><F6/><W27/><G27/><T39/><D88/><U20/><E20/><V48/><F48/><W42/><G42/><T29/><D98/><U124/><E124/><V110/><F103/><W74/><G74/><T127/><D29/><U112/><E112/><V102/><F102/><W71/><G4/><T7/><D5/><U40/><REACH who="1" step="1"/><E46/><REACH who="1" ten="235,212,78,465" step="2"/><V12/><F12/><W58/><G3/><T87/><REACH who="0" step="1"/><D127/><REACH who="0" ten="225,212,78,465" step="2"/><U132/><E132/><V30/><F30/><W68/><G130/><T104/><D104/><U23/><E23/><V9/><F9/><W94/><G129/><T90/><D90/><U101/><AGARI ba="2,2" hai="14,17,21,40,41,50,54,57,75,77,80,97,101,107" machi="101" ten="30,2000,0" yaku="1,1,0,1,53,0" doraHai="64" doraHaiUra="116" who="1" fromWho="1" sc="225,-7,212,46,78,-7,465,-12" /><INIT seed="4,0,0,5,5,123" ten="218,258,71,453" oya="0" hai0="114,135,85,93,57,110,80,107,81,21,11,127,92" hai1="8,105,10,116,109,100,41,37,44,63,89,99,5" hai2="25,59,131,55,12,112,60,9,47,130,88,16,134" hai3="101,58,91,29,125,106,24,27,31,73,102,74,23"/><T117/><D11/><U45/><E116/><V90/><F134/><W7/><G125/><T126/><D57/><U98/><E63/><V26/><F112/><W6/><G91/><N who="2" m="34857" /><F47/><W68/><G58/><T129/><D21/><U86/><E99/><V56/><F56/><W18/><G23/><T2/><D2/><U33/><E33/><V70/><F70/><W69/><G106/><T62/><D62/><U13/><E45/><V28/><F28/><W95/><G95/><N who="0" m="36427" /><D107/><U42/><E42/><V67/><F67/><W43/><G43/><T32/><D32/><U66/><E66/><V1/><F1/><W39/><G18/><T87/><D114/><U17/><E10/><V72/><F72/><W4/><G4/><T83/><D117/><U35/><E35/><V46/><F46/><W121/><G121/><T78/><D135/><U128/><E5/><V94/><F94/><W3/><G3/><T30/><D30/><U84/><E44/><V115/><F115/><W36/><AGARI ba="0,0" hai="6,7,24,27,29,31,36,39,68,69,73,74,101,102" machi="36" ten="25,3200,0" yaku="0,1,22,2" doraHai="123" who="3" fromWho="3" sc="218,-16,258,-8,71,-8,453,32" /><INIT seed="5,0,0,4,3,12" ten="202,250,63,485" oya="1" hai0="54,111,99,77,117,119,126,69,115,44,83,93,19" hai1="42,110,84,14,114,79,53,38,10,112,28,81,94" hai2="15,134,76,58,61,8,68,55,63,73,66,128,4" hai3="51,116,2,105,52,62,133,11,59,125,82,49,31"/><U33/><E110/><V70/><F128/><W89/><G105/><T107/><D69/><U50/><E38/><V25/><F134/><W80/><G133/><T75/><D111/><U113/><E42/><V30/><F73/><W78/><G125/><T57/><D115/><U104/><E104/><V100/><F100/><W102/><G102/><T17/><D107/><U132/><E132/><V18/><F76/><W5/><G116/><T37/><D126/><U85/><E33/><V97/><F97/><W24/><G89/><T20/><D44/><U123/><E28/><V127/><F127/><W21/><G82/><T36/><D36/><U91/><E123/><V108/><F108/><W98/><G98/><T122/><D37/><U26/><E26/><V90/><F90/><W9/><G11/><T41/><D41/><U130/><E130/><V101/><F101/><W35/><G35/><T135/><D135/><U27/><E27/><V129/><F129/><W0/><G2/><T120/><D117/><U56/><REACH who="1" step="1"/><E114/><REACH who="1" ten="202,240,63,485" step="2"/><V87/><F70/><W39/><G39/><T6/><D119/><U48/><E48/><V32/><REACH who="2" step="1"/><F87/><AGARI ba="0,1" hai="0,5,9,21,24,31,49,51,52,59,62,78,80,87" machi="87" ten="30,2000,0" yaku="7,1,54,1" doraHai="12" who="3" fromWho="2" sc="202,0,240,0,63,-20,485,30" /><INIT seed="6,0,0,2,0,106" ten="202,240,43,515" oya="2" hai0="107,77,100,26,47,57,96,120,32,12,11,91,15" hai1="86,75,78,85,108,25,119,39,27,93,113,92,17" hai2="127,33,1,21,81,101,8,56,54,97,123,89,29" hai3="111,74,28,104,125,43,23,61,82,99,135,116,124"/><V4/><F123/><W122/><G116/><T35/><D120/><U129/><E39/><V50/><F127/><N who="3" m="48715" /><G122/><T64/><D77/><U71/><E71/><V84/><F33/><W87/><G111/><T90/><D47/><U76/><E17/><V6/><F6/><W110/><G110/><T131/><D131/><U7/><E7/><V9/><F9/><W34/><G135/><T95/><D91/><U51/><E51/><V133/><F133/><W40/><G74/><T41/><D41/><U69/><E69/><V49/><F29/><W63/><G104/><T118/><D15/><U115/><E108/><V0/><F21/><W38/><G99/><T44/><D44/><U53/><E53/><V109/><F109/><W94/><G94/><T18/><D26/><U102/><E102/><V117/><F117/><W128/><G128/><T83/><D83/><U65/><E65/><V62/><REACH who="2" step="1"/><F0/><REACH who="2" ten="202,240,33,515" step="2"/><W72/><G34/><T98/><D118/><U14/><E119/><V105/><AGARI ba="0,1" hai="1,4,8,49,50,54,56,62,81,84,89,97,101,105" machi="105" ten="20,7800,0" yaku="1,1,2,1,0,1,7,1,53,0" doraHai="106" doraHaiUra="114" who="2" fromWho="2" sc="202,-26,240,-26,33,88,515,-26" /><INIT seed="6,1,0,1,0,65" ten="176,214,121,489" oya="2" hai0="51,14,123,31,47,89,131,40,21,62,105,72,124" hai1="12,11,92,80,50,49,91,34,111,75,117,129,132" hai2="39,114,126,18,13,110,115,107,133,68,70,27,103" hai3="82,58,84,109,67,55,108,8,53,74,28,98,45"/><V41/><F133/><W112/><G74/><T2/><D72/><U90/><E111/><V38/><F110/><W24/><G67/><T83/><D105/><U130/><E34/><V104/><F27/><W87/><G87/><T46/><D2/><U0/><E0/><V56/><F56/><W20/><G112/><N who="2" m="43049" /><F126/><W135/><G135/><T85/><D131/><N who="1" m="50187" /><E117/><V125/><F125/><W66/><G66/><T3/><D3/><U36/><E36/><N who="2" m="13867" /><F41/><W121/><G121/><T33/><D124/><U43/><E43/><V119/><F119/><W78/><G45/><T42/><D33/><U128/><E132/><V97/><F107/><W120/><G120/><T5/><D62/><U86/><E128/><V19/><F19/><W102/><G53/><T48/><D123/><U63/><E63/><V96/><F96/><W76/><G109/><T99/><D99/><N who="1" m="57751" /><E75/><V79/><F79/><W52/><G108/><T106/><D106/><U4/><AGARI ba="1,0" hai="4,11,12,49,50,80,86,91" m="57751,50187" machi="4" ten="30,1100,0" yaku="19,1" doraHai="65" who="1" fromWho="1" sc="176,-4,214,14,121,-6,489,-4" /><INIT seed="7,0,0,5,2,106" ten="172,228,115,485" oya="3" hai0="101,34,1,100,97,88,119,16,107,61,30,118,126" hai1="74,56,51,120,92,25,69,114,43,48,134,130,65" hai2="80,71,62,8,124,122,55,53,26,11,13,60,6" hai3="72,47,29,128,123,93,75,89,23,58,35,5,27"/><W17/><G123/><T91/><D1/><U59/><E92/><V14/><F71/><W19/><G128/><T36/><D36/><U3/><E25/><V78/><F122/><W131/><G131/><T41/><D41/><U104/><E74/><V31/><F124/><W115/><G115/><T105/><D126/><U37/><E104/><V68/><F68/><W125/><G125/><T42/><D42/><U108/><E3/><V135/><F135/><W54/><G5/><T121/><D121/><U39/><E120/><V44/><F44/><W32/><G47/><T0/><D0/><U113/><E130/><V7/><F60/><W98/><G17/><T111/><D111/><U127/><E127/><V96/><F62/><N who="3" m="36183" /><G29/><T94/><D61/><U86/><E69/><V73/><REACH who="2" step="1"/><F96/><REACH who="2" ten="172,228,105,485" step="2"/><W129/><G129/><T57/><D57/><U79/><E56/><V84/><F84/><W85/><G85/><T110/><D110/><U81/><E86/><V116/><F116/><W46/><G46/><T12/><D118/><U67/><E59/><V95/><F95/><W77/><G77/><T117/><D117/><U99/><E134/><V87/><F87/><W9/><G9/><T102/><D119/><U83/><E99/><V20/><AGARI ba="0,1" hai="6,7,8,11,13,14,20,26,31,53,55,73,78,80" machi="20" ten="20,8000,1" yaku="1,1,0,1,7,1,9,1,52,1,53,0" doraHai="106" doraHaiUra="52" who="2" fromWho="2" sc="172,-20,228,-20,105,90,485,-40" owari="152,-35.0,208,1.0,195,-20.0,445,54.0" /></mjloggm>