<mjloggm ver="2.3"><GO type="185" lobby="0"/><UN n0="%43%72%65%2E%43" n1="%4C%61%69%74%79" n2="%E2%91%A5%52%61%64%61%72" n3="" dan="18,16,16,0" rate="2330.22,2118.06,2277.86,1500.00" sx="F,M,M,C"/><TAIKYOKU oya="0"/><INIT seed="0,0,0,0,4,69" ten="350,350,350,0" oya="0" hai0="76,38,98,104,40,66,106,122,108,0,113,36,58" hai1="56,68,35,43,2,121,126,33,100,65,83,73,32" hai2="127,60,78,102,50,101,89,128,110,90,86,34,93" hai3=""/><T88/><N who="0" m="31264" /><T79/><D113/><U61/><N who="1" m="31008" /><U44/><E2/><V72/><F34/><T109/><D0/><U70/><E126/><V115/><F115/><T84/><D66/><U39/><REACH who="1" step="1"/><E100/><REACH who="1" ten="350,340,350,0" step="2"/><V74/><F102/><T77/><D109/><U118/><E118/><V45/><F101/><T95/><D108/><U133/><E133/><V103/><F103/><T124/><D124/><U120/><N who="1" m="30752" /><U81/><E81/><V63/><F127/><T91/><D106/><U51/><E51/><V135/><F50/><T53/><D104/><U62/><E62/><V114/><F63/><T96/><D40/><U119/><E119/><V46/><F110/><T42/><D42/><U112/><E112/><V125/><F125/><T85/><D98/><U48/><E48/><V107/><F107/><T71/><D96/><U37/><E37/><V49/><F114/><T123/><N who="0" m="31520" /><T97/><D97/><U87/><E87/><V67/><F86/><T105/><D105/><U57/><E57/><V116/><F116/><T117/><D117/><U129/><E129/><V55/><F128/><T54/><D58/><U41/><E41/><V99/><F99/><T75/><D84/><U64/><E64/><V47/><F67/><RYUUKYOKU ba="0,1" sc="350,-10,340,20,350,-10,0,0" hai1="32,33,35,39,43,44,56,61,65,68,70,73,83" /><INIT seed="1,1,1,3,4,84" ten="340,360,340,0" oya="1" hai0="87,71,38,56,58,97,42,111,63,90,82,112,80" hai1="119,47,34,49,36,37,33,39,72,73,1,65,81" hai2="45,52,92,104,3,107,77,79,50,116,113,67,133" hai3=""/><U122/><N who="1" m="31264" /><U98/><E1/><V114/><F3/><T101/><D112/><N who="2" m="43114" /><F116/><T44/><D111/><U115/><E119/><V48/><F133/><T96/><D71/><U125/><E115/><V94/><F67/><T127/><D127/><U53/><E125/><V64/><F64/><T86/><D63/><U78/><E73/><V83/><F50/><T75/><D75/><U93/><REACH who="1" step="1"/><E65/><REACH who="1" ten="340,350,340,0" step="2"/><V124/><F124/><T134/><D134/><U76/><E76/><V129/><F79/><T55/><D55/><U46/><E46/><V118/><F118/><T106/><REACH who="0" step="1"/><D97/><REACH who="0" ten="330,350,340,0" step="2"/><U66/><E66/><V2/><F2/><T123/><N who="0" m="31520" /><T32/><D32/><U68/><E68/><V88/><F52/><T128/><D128/><U41/><E41/><V59/><F129/><T54/><D54/><U40/><E40/><V95/><F45/><T126/><D126/><U110/><E110/><V121/><F121/><T100/><D100/><AGARI ba="1,3" hai="33,34,36,37,39,47,49,53,72,78,81,93,98,100" m="31264" machi="100" ten="40,12000,1" yaku="1,1,52,1,53,3" doraHai="84" doraHaiUra="69" who="1" fromWho="0" sc="330,-122,350,152,340,0,0,0" /><INIT seed="1,2,0,4,1,117" ten="208,502,340,0" oya="1" hai0="127,94,89,65,40,86,110,36,59,48,124,37,111" hai1="87,0,108,79,62,101,132,98,100,77,119,50,1" hai2="56,133,72,64,125,69,122,42,2,84,112,97,34" hai3=""/><U60/><E119/><V57/><F2/><T54/><D65/><U49/><E87/><V134/><N who="2" m="31264" /><V115/><F72/><T135/><D135/><N who="2" m="51722" /><F34/><T78/><D78/><U33/><E132/><V52/><F97/><T41/><D40/><U96/><REACH who="1" step="1"/><E33/><REACH who="1" ten="208,492,340,0" step="2"/><V90/><F84/><T51/><D127/><U104/><E104/><V44/><F125/><T106/><D106/><U103/><E103/><V85/><F115/><T107/><D107/><U74/><E74/><V118/><F118/><T114/><D124/><U38/><E38/><V68/><F112/><T58/><D36/><U105/><E105/><V131/><F85/><T116/><D114/><U109/><AGARI ba="2,1" hai="0,1,49,50,60,62,77,79,96,98,100,101,108,109" machi="109" ten="25,6400,0" yaku="1,1,0,1,22,2,53,0" doraHai="117" doraHaiUra="83" who="1" fromWho="1" sc="208,-34,492,78,340,-34,0,0" /><INIT seed="1,3,0,1,4,134" ten="174,570,306,0" oya="1" hai0="114,56,90,130,105,93,53,72,92,102,0,2,34" hai1="36,111,118,73,50,47,66,86,57,60,95,76,109" hai2="115,63,49,87,48,131,133,43,32,85,70,128,101" hai3=""/><U126/><E118/><V67/><F32/><T103/><D114/><U91/><E36/><V39/><F133/><T75/><D105/><U71/><E71/><V80/><F115/><T40/><D34/><U64/><E64/><V38/><F101/><T122/><N who="0" m="31264" /><T74/><D40/><U1/><E1/><V97/><F97/><T52/><D130/><N who="2" m="49706" /><F87/><T104/><D104/><U54/><E76/><V112/><F112/><T96/><D53/><U69/><E73/><V44/><F39/><T61/><REACH who="0" step="1"/><D103/><REACH who="0" ten="164,570,306,0" step="2"/><U123/><E123/><V99/><F99/><AGARI ba="3,1" hai="0,2,52,56,61,72,74,75,90,92,93,96,99,102" m="31264" machi="99" ten="40,8000,1" yaku="1,1,2,1,52,1,54,1,53,0" doraHai="134" doraHaiUra="110" who="0" fromWho="2" sc="164,96,570,0,306,-86,0,0" /><INIT seed="2,0,0,4,2,64" ten="260,570,220,0" oya="2" hai0="1,95,72,85,41,69,63,59,83,84,75,55,120" hai1="97,90,110,42,61,128,47,108,104,122,54,66,132" hai2="51,53,77,115,0,92,62,44,127,43,119,98,65" hai3=""/><V45/><F0/><T133/><N who="0" m="30752" /><T81/><D1/><U71/><N who="1" m="31264" /><U32/><E32/><V107/><F115/><T60/><D41/><U34/><E34/><V86/><F119/><T89/><D133/><U118/><E132/><V93/><F127/><T70/><D95/><U123/><N who="1" m="31520" /><U117/><E54/><V38/><F107/><T106/><D106/><U105/><E128/><V134/><F134/><T37/><D37/><U79/><E79/><V96/><F77/><T80/><D80/><U57/><E57/><V125/><F125/><T131/><D131/><U2/><E2/><V39/><F38/><T88/><D60/><U112/><E112/><V114/><F114/><T102/><D102/><U135/><E135/><V113/><F113/><T74/><AGARI ba="0,0" hai="55,59,63,69,70,72,74,75,81,83,84,85,88,89" m="30752" machi="74" ten="30,9000,2" yaku="0,1,9,1,52,3,54,1" doraHai="64" who="0" fromWho="0" sc="260,90,570,-30,220,-60,0,0" /><INIT seed="4,0,0,3,5,43" ten="350,540,160,0" oya="0" hai0="51,114,94,130,78,71,45,33,112,82,77,120,63" hai1="92,52,73,113,96,111,47,123,127,72,3,133,65" hai2="59,60,110,64,40,44,69,97,53,57,84,2,74" hai3=""/><T117/><N who="0" m="30752" /><T115/><D117/><U89/><N who="1" m="31520" /><U86/><E111/><V75/><F2/><T37/><D130/><U122/><N who="1" m="31264" /><U91/><E3/><V131/><F110/><T103/><D37/><U135/><E127/><V50/><F131/><T129/><D129/><U102/><E65/><V41/><F41/><T81/><D33/><U48/><E91/><V0/><F0/><T108/><D108/><U61/><E61/><V80/><F97/><T62/><D94/><U79/><E113/><V107/><F107/><T1/><D103/><U88/><E89/><V90/><REACH who="2" step="1"/><F59/><REACH who="2" ten="350,540,150,0" step="2"/><T109/><D109/><U55/><E133/><V42/><F42/><T85/><D1/><U56/><E135/><V125/><F125/><T36/><D71/><U126/><E126/><V39/><AGARI ba="0,1" hai="39,40,44,50,53,57,60,64,69,74,75,80,84,90" machi="39" ten="20,9000,2" yaku="1,1,0,1,7,1,24,2,52,1,53,0" doraHai="43" doraHaiUra="119" who="2" fromWho="2" sc="350,-60,540,-30,150,100,0,0" /><INIT seed="5,0,0,4,3,68" ten="290,510,250,0" oya="1" hai0="61,128,54,45,112,42,92,34,71,127,108,104,46" hai1="131,52,41,132,118,116,101,48,113,58,79,40,56" hai2="1,82,90,76,95,60,98,50,103,78,69,64,124" hai3=""/><U53/><E101/><V110/><F1/><T84/><D108/><U134/><E79/><V106/><F110/><T102/><D34/><U67/><E67/><V55/><F124/><T121/><N who="0" m="31008" /><T114/><D104/><U89/><E89/><V100/><F106/><T2/><D2/><U63/><E113/><V126/><F126/><T120/><N who="0" m="30752" /><T105/><D105/><U115/><E115/><V37/><F78/><T96/><D127/><U107/><E107/><V87/><REACH who="2" step="1"/><F37/><REACH who="2" ten="290,510,240,0" step="2"/><T122/><N who="0" m="31264" /><T135/><D114/><U39/><E131/><V51/><F51/><T44/><D112/><U129/><E129/><V130/><F130/><T57/><D128/><U80/><E39/><V99/><F99/><T72/><D96/><U133/><E80/><V74/><F74/><T47/><D72/><U32/><E32/><V49/><F49/><T97/><D97/><U119/><AGARI ba="0,1" hai="40,41,48,52,53,56,58,63,116,118,119,132,133,134" machi="119" ten="40,12000,2" yaku="0,1,20,1,34,3,54,1" doraHai="68" who="1" fromWho="1" sc="290,-60,510,130,240,-60,0,0" /><INIT seed="5,1,0,2,0,80" ten="230,640,180,0" oya="1" hai0="104,78,43,122,35,130,77,99,69,123,40,81,82" hai1="97,110,125,127,51,118,38,88,87,63,91,53,55" hai2="126,94,37,3,83,107,68,61,135,133,56,46,64" hai3=""/><U34/><E118/><V60/><F3/><T103/><N who="0" m="31264" /><T58/><N who="0" m="31520" /><T45/><D69/><U114/><E34/><V121/><N who="2" m="31008" /><V109/><F107/><T84/><D35/><U128/><E38/><V1/><F1/><T65/><D130/><U105/><E128/><V75/><F109/><T44/><D65/><U113/><E110/><V119/><F119/><T102/><D58/><U108/><E108/><V96/><F126/><N who="1" m="48137" /><E63/><V134/><F83/><T41/><REACH who="0" step="1"/><D103/><REACH who="0" ten="220,640,180,0" step="2"/><U92/><E113/><V131/><F131/><T62/><D62/><U86/><E114/><V100/><F61/><T57/><D57/><U117/><E117/><V48/><F68/><T89/><D89/><U2/><E2/><V50/><REACH who="2" step="1"/><F75/><AGARI ba="1,1" hai="40,41,43,44,45,75,77,78,81,82,84,99,102,104" m="31520,31264" machi="75" ten="40,8000,1" yaku="1,1,52,3,53,0" doraHai="80" doraHaiUra="85" who="0" fromWho="2" sc="220,92,640,0,180,-82,0,0" /><INIT seed="6,0,0,2,5,97" ten="312,640,98,0" oya="2" hai0="98,105,65,88,76,61,57,46,71,66,106,52,110" hai1="54,62,122,132,63,133,2,82,39,107,111,89,103" hai2="128,78,94,129,96,117,126,53,80,38,91,113,37" hai3=""/><V81/><F117/><T35/><D110/><U32/><N who="1" m="31264" /><U51/><E111/><V135/><F113/><T41/><D76/><U43/><E32/><V40/><F126/><T134/><D134/><U131/><E2/><V85/><F135/><T95/><D35/><U56/><E131/><N who="2" m="50251" /><F40/><T84/><D98/><U109/><E109/><V99/><F96/><T50/><D65/><U55/><E43/><V119/><F119/><T115/><D115/><U127/><E127/><V108/><F108/><T33/><D33/><U123/><E132/><V36/><F53/><T64/><D66/><U92/><E133/><V100/><F36/><AGARI ba="0,0" hai="36,41,46,50,52,57,61,64,71,84,88,95,105,106" machi="36" ten="30,8000,1" yaku="7,1,24,2,54,2" doraHai="97" who="0" fromWho="2" sc="312,80,640,0,98,-80,0,0" owari="392,-1.0,640,59.0,18,-58.0,0,0.0" /></mjloggm>