<mjloggm ver="2.3"><GO type="169" lobby="0"/><UN n0="%E6%97%A9%E5%A4%A7%E3%81%AB%EF%BD%9E%E3%81%A8" n1="%E9%98%BF%E9%83%A8%E5%AF%9B%EF%BC%A0%E9%B3%B3%E5%8D%93" n2="%73%79%61%6D%6F" n3="%E3%83%A2%E3%82%A4%E3%83%92%E3%83%A3%E3%83%B3" dan="17,16,16,16" rate="2204.09,2080.37,2136.85,2096.71" sx="F,F,M,M"/><TAIKYOKU oya="0"/><INIT seed="0,0,0,5,5,122" ten="250,250,250,250" oya="0" hai0="74,64,6,60,85,101,94,32,115,84,57,14,1" hai1="26,21,117,78,135,77,24,48,93,35,58,134,41" hai2="80,62,51,128,33,116,111,92,22,36,98,27,30" hai3="67,61,40,103,55,112,47,56,2,18,52,5,124"/><T87/><D115/><U88/><E117/><V106/><F36/><W42/><G103/><T16/><D32/><U130/><E35/><V15/><F106/><W28/><G28/><T90/><D74/><U119/><E119/><V82/><F116/><W39/><G112/><T133/><D133/><N who="1" m="50699" /><E130/><V132/><F132/><W8/><G124/><T114/><D114/><U50/><E26/><V127/><F127/><W96/><G96/><N who="0" m="59543" /><D6/><U59/><E41/><V72/><F128/><W66/><G40/><T23/><D1/><U121/><E121/><V118/><F118/><W19/><REACH who="3" step="1"/><G67/><REACH who="3" ten="250,250,250,240" step="2"/><T25/><D25/><U123/><E123/><V81/><F30/><W4/><G4/><T20/><D20/><U13/><E21/><V113/><F27/><W46/><G46/><T129/><D129/><U49/><E24/><V102/><F113/><W126/><G126/><T86/><D86/><N who="1" m="52375" /><E13/><V43/><F15/><W71/><G71/><T69/><D69/><U37/><E37/><V73/><F22/><W83/><G83/><AGARI ba="0,1" hai="14,16,23,57,60,64,83,84,85,87,90" m="59543" machi="83" ten="30,2900,0" yaku="8,1,54,1" doraHai="122" who="0" fromWho="3" sc="250,39,250,0,250,0,240,-29" /><INIT seed="0,1,0,2,5,124" ten="289,250,250,211" oya="0" hai0="84,57,81,88,14,78,126,36,121,96,86,55,18" hai1="74,115,70,95,107,83,100,117,111,89,56,135,9" hai2="23,109,5,92,113,28,130,50,25,3,46,108,90" hai3="134,116,51,98,133,6,119,49,33,102,85,26,99"/><T93/><D126/><U123/><E56/><V11/><F113/><W71/><G71/><T47/><D121/><U97/><E9/><V53/><REACH who="2" step="1"/><F130/><REACH who="2" ten="289,250,240,211" step="2"/><W87/><G133/><T29/><D29/><U76/><E135/><V27/><F27/><W125/><G125/><T105/><D105/><U21/><E115/><V54/><F54/><W10/><G134/><T32/><D32/><U30/><E123/><V120/><F120/><W68/><G26/><T15/><D36/><U61/><E111/><V39/><F39/><W62/><G116/><T52/><D47/><U34/><E117/><V128/><F128/><W7/><G119/><T73/><D55/><U45/><E45/><V103/><F103/><W16/><G102/><T127/><D127/><U129/><E129/><V35/><F35/><W79/><G33/><T24/><D24/><U48/><E34/><V31/><F31/><W122/><G122/><T41/><D41/><U67/><E30/><V63/><F63/><W12/><G62/><T1/><D1/><U17/><E48/><V59/><F59/><W4/><G68/><T13/><REACH who="0" step="1"/><D18/><REACH who="0" ten="279,250,240,211" step="2"/><U64/><E107/><V114/><F114/><W19/><G19/><T104/><D104/><U77/><E17/><V112/><F112/><W94/><G16/><T75/><D75/><U0/><E0/><V118/><F118/><W38/><G38/><T65/><D65/><U44/><E44/><V80/><F80/><W43/><G43/><T131/><D131/><U110/><E67/><V2/><F2/><W72/><G72/><T22/><D22/><U91/><E21/><RYUUKYOKU ba="1,2" sc="279,15,250,-15,240,15,211,-15" hai0="13,14,15,52,57,73,78,81,84,86,88,93,96" hai2="3,5,11,23,25,28,46,50,53,90,92,108,109" /><INIT seed="0,2,2,0,5,78" ten="294,235,255,196" oya="0" hai0="91,12,88,117,46,70,32,101,61,92,56,53,27" hai1="48,18,116,30,67,77,22,66,89,31,133,128,84" hai2="79,93,7,25,17,105,94,29,74,52,107,95,38" hai3="72,34,125,13,26,8,106,58,90,99,50,120,121"/><T76/><D117/><U42/><E128/><V36/><F7/><W59/><G72/><T45/><D76/><U127/><E133/><V6/><F6/><N who="3" m="3223" /><G125/><T63/><D12/><N who="1" m="9543" /><E77/><V24/><F17/><W112/><G112/><T23/><D32/><U10/><E10/><V43/><F43/><W134/><G134/><T131/><D131/><U40/><E127/><V82/><F24/><W3/><G3/><T80/><D63/><U4/><E4/><V130/><F130/><W35/><G50/><T2/><D70/><U86/><E86/><V132/><F132/><W85/><G99/><N who="0" m="59623" /><D2/><U62/><E116/><V81/><F36/><W73/><G73/><T96/><D96/><U16/><E62/><V115/><F38/><W9/><G9/><T102/><D102/><U103/><E103/><V69/><F69/><W135/><G106/><T57/><D57/><N who="3" m="21513" /><G26/><T64/><D64/><U51/><E66/><V113/><F113/><W37/><G37/><T114/><D114/><U124/><E67/><V83/><F115/><W39/><G39/><T11/><D11/><U15/><E124/><V100/><F107/><W123/><G135/><T87/><D91/><U41/><E48/><V118/><F118/><W14/><G14/><T71/><D71/><U126/><E51/><V110/><F74/><W33/><G33/><T55/><D55/><U28/><E126/><V122/><F105/><W98/><G98/><T108/><D108/><U54/><E54/><V97/><F97/><W1/><G1/><T44/><D44/><U65/><E41/><V119/><F119/><W68/><G68/><RYUUKYOKU ba="2,2" sc="294,15,235,-15,255,-15,196,15" hai0="23,27,45,46,53,56,61,80,87,88" hai3="34,35,85,90,120,121,123" /><INIT seed="0,3,2,1,0,75" ten="309,220,240,211" oya="0" hai0="85,95,117,93,132,32,51,114,38,135,124,133,69" hai1="37,110,52,74,24,36,64,62,66,12,82,27,1" hai2="26,99,48,98,86,11,53,128,39,3,2,14,20" hai3="49,42,29,16,6,0,104,68,18,13,58,70,115"/><T103/><D38/><U79/><E1/><V54/><F39/><W9/><G115/><T5/><D69/><U125/><E110/><V73/><F73/><W35/><G104/><T44/><D114/><U28/><E125/><V108/><F108/><W76/><G76/><T17/><D117/><U83/><E12/><V109/><F128/><W59/><G18/><T96/><D124/><U71/><E24/><V102/><F109/><W19/><G19/><T80/><D32/><U130/><E130/><V90/><F2/><W127/><G127/><T106/><D17/><U116/><E116/><V25/><F3/><W31/><G59/><T84/><D5/><U126/><E126/><V122/><F26/><N who="3" m="18871" /><G31/><T45/><D85/><U65/><E71/><V63/><F122/><W23/><G58/><T112/><D45/><AGARI ba="3,2" hai="0,6,9,13,16,23,42,45,49,68,70" m="18871" machi="45" ten="30,2000,0" yaku="24,1,54,1" doraHai="75" who="3" fromWho="0" sc="309,-29,220,0,240,0,211,49" /><INIT seed="1,0,0,2,2,17" ten="280,220,240,260" oya="1" hai0="35,19,23,44,77,71,67,83,1,26,34,79,109" hai1="14,18,82,27,94,122,81,96,8,92,73,115,106" hai2="108,123,69,33,90,89,29,4,6,51,55,118,46" hai3="107,66,65,121,64,13,36,76,98,80,38,43,135"/><U59/><E115/><V72/><F118/><W56/><G121/><T110/><D1/><U117/><E117/><V86/><F123/><W61/><G135/><T74/><D77/><U130/><E122/><V5/><F72/><W57/><G56/><T15/><D67/><U16/><E130/><V63/><F108/><N who="0" m="41578" /><D71/><U50/><E106/><V9/><F9/><W48/><G48/><T54/><D54/><N who="1" m="32215" /><E73/><V105/><F105/><W78/><G78/><T31/><D44/><U32/><E32/><AGARI ba="0,0" hai="15,19,23,26,31,32,34,35,74,79,83" m="41578" machi="32" ten="30,2000,0" yaku="14,1,52,1" doraHai="17" who="0" fromWho="1" sc="280,20,220,-20,240,0,260,0" /><INIT seed="2,0,0,2,0,41" ten="300,200,240,260" oya="2" hai0="108,27,12,47,34,84,117,49,70,21,135,68,127" hai1="115,116,18,42,63,5,46,90,61,57,51,107,33" hai2="79,104,16,2,131,19,24,103,130,38,11,105,28" hai3="118,72,60,75,109,50,54,106,1,121,122,119,66"/><V45/><F79/><W55/><G1/><T0/><D108/><U10/><E115/><V126/><F126/><W86/><G106/><T93/><D0/><U76/><E116/><V48/><F38/><W80/><G109/><T23/><D117/><U98/><E33/><V128/><F103/><W123/><G119/><T31/><D135/><U25/><E76/><V26/><F2/><W125/><G125/><T100/><D127/><U71/><E71/><V40/><F24/><W77/><G118/><T82/><D93/><N who="1" m="56631" /><E107/><N who="2" m="41035" /><F11/><W6/><G6/><T73/><D73/><U134/><E134/><V67/><F67/><W15/><G15/><T22/><D100/><U95/><E5/><V7/><F7/><W111/><G111/><T17/><D68/><U99/><E57/><V102/><F102/><W39/><G39/><T44/><D70/><U101/><E10/><V53/><F53/><W9/><G55/><T37/><D37/><U65/><E65/><V74/><F74/><W14/><G14/><T112/><D112/><U36/><E36/><V87/><F87/><W120/><G9/><T129/><D129/><N who="2" m="33026" /><V59/><DORA hai="29" /><F59/><W114/><G114/><T64/><D64/><U94/><E25/><V3/><F3/><W133/><G133/><T35/><D84/><U56/><E56/><V132/><F132/><W113/><G113/><T88/><D27/><U91/><E18/><V97/><F97/><AGARI ba="0,0" hai="42,46,51,61,63,91,94,95,97,99,101" m="56631" machi="97" ten="30,2000,0" yaku="8,1,52,1" doraHai="41,29" who="1" fromWho="2" sc="300,0,200,20,240,-20,260,0" /><INIT seed="3,0,0,4,0,44" ten="300,220,220,260" oya="3" hai0="102,43,48,126,71,25,89,14,129,53,87,18,69" hai1="35,42,34,119,79,73,20,116,19,135,86,52,101" hai2="45,61,26,5,55,1,74,30,62,100,120,58,133" hai3="10,38,91,49,67,23,77,85,70,36,16,4,47"/><W60/><G77/><T21/><D129/><U54/><E73/><V111/><F74/><W9/><G38/><T39/><D126/><U117/><E101/><V130/><F130/><W118/><G36/><T78/><D78/><U106/><E106/><V12/><F111/><W15/><G118/><T131/><D102/><U83/><E135/><V134/><F120/><W88/><G85/><T124/><D124/><U107/><E107/><V57/><F1/><W24/><G10/><T127/><D127/><U113/><E42/><AGARI ba="0,0" hai="4,9,15,16,23,24,42,47,49,60,67,70,88,91" machi="42" ten="30,11600,0" yaku="7,1,52,1,54,2" doraHai="44" who="3" fromWho="1" sc="300,0,220,-116,220,0,260,116" /><INIT seed="3,1,0,3,5,1" ten="300,104,220,376" oya="3" hai0="37,46,44,89,116,113,77,52,40,7,11,61,45" hai1="118,130,68,3,88,33,18,104,70,55,9,123,87" hai2="30,24,48,5,129,105,132,6,51,27,135,81,34" hai3="66,42,76,62,107,2,79,65,54,106,109,102,35"/><W83/><G35/><T15/><D116/><U78/><E123/><V117/><F117/><W131/><G2/><T16/><D113/><U94/><E118/><V59/><F105/><W95/><G42/><T115/><D115/><U85/><E104/><V26/><F129/><W96/><G131/><T38/><D77/><U57/><E33/><V58/><F81/><W111/><G54/><T103/><D103/><U28/><E28/><V101/><F101/><W29/><G29/><T84/><D38/><U25/><E130/><V93/><F93/><W82/><G62/><T128/><D128/><U71/><E25/><N who="2" m="9835" /><F48/><W23/><G23/><T108/><D108/><N who="3" m="41545" /><G66/><T22/><D61/><U4/><E18/><V90/><F90/><W99/><G65/><T0/><REACH who="0" step="1"/><D52/><REACH who="0" ten="290,104,220,376" step="2"/><U110/><E110/><V97/><F51/><W134/><G134/><N who="2" m="51241" /><F97/><W31/><G99/><T100/><D100/><U120/><E120/><V56/><AGARI ba="1,1" hai="5,6,27,30,34,56,58,59" m="51241,9835" machi="56" ten="40,5200,0" yaku="20,1,52,2" doraHai="1" who="2" fromWho="2" sc="290,-14,104,-14,220,65,376,-27" /><INIT seed="4,0,0,0,0,103" ten="276,90,285,349" oya="0" hai0="41,33,46,36,99,79,14,86,120,87,28,5,34" hai1="88,68,105,65,113,64,4,83,63,6,58,102,42" hai2="129,53,116,17,57,1,84,114,55,24,77,56,47" hai3="71,27,70,125,80,35,15,109,135,18,2,100,48"/><T51/><D120/><U52/><E113/><V16/><F114/><W12/><G2/><T23/><D36/><U81/><E42/><V89/><F1/><W74/><G109/><T98/><D34/><U110/><E110/><V61/><F77/><W54/><G135/><T101/><D33/><U117/><E117/><V40/><F129/><W39/><G39/><T108/><D108/><U96/><E81/><V73/><F73/><W72/><G100/><T122/><D122/><U32/><E32/><V8/><F116/><W59/><G125/><T111/><D111/><U43/><E43/><V11/><F24/><W127/><G127/><T134/><D134/><U22/><E22/><V91/><F8/><W131/><G131/><T38/><D38/><U44/><E44/><V82/><F89/><W67/><G15/><T121/><D121/><U25/><E25/><V128/><F128/><W118/><G118/><T29/><D99/><U30/><E30/><V119/><F11/><W92/><G92/><T0/><D0/><U69/><E64/><V132/><F132/><W7/><G67/><T75/><D75/><U37/><E37/><V13/><F119/><W106/><G74/><T107/><D87/><U20/><E20/><V62/><F13/><W45/><G72/><T49/><D49/><AGARI ba="0,0" hai="16,17,40,47,49,53,55,56,57,61,62,82,84,91" machi="49" ten="30,7700,0" yaku="7,1,9,1,8,1,54,1" doraHai="103" who="2" fromWho="0" sc="276,-77,90,0,285,77,349,0" /><INIT seed="5,0,0,0,0,52" ten="199,90,362,349" oya="1" hai0="41,27,105,40,9,107,42,94,57,0,82,98,33" hai1="72,26,8,29,21,95,111,75,62,23,11,12,60" hai2="20,90,70,116,122,16,46,48,80,77,24,45,115" hai3="123,1,78,81,47,73,4,85,14,53,135,31,130"/><U67/><E111/><V108/><F122/><W68/><G123/><T120/><D120/><U51/><E72/><V131/><F70/><W65/><G1/><T125/><D125/><U127/><E75/><V25/><F116/><W44/><G135/><T13/><D0/><U93/><E127/><V132/><F132/><W34/><G130/><T117/><D117/><U69/><E51/><V112/><F108/><W54/><G73/><T38/><D38/><U59/><E23/><V6/><F6/><W49/><G68/><T110/><D110/><U76/><E76/><V58/><F131/><W37/><G65/><T124/><D124/><U113/><E113/><N who="2" m="43595" /><F90/><W83/><G83/><T128/><D82/><U102/><E102/><V86/><F24/><N who="3" m="18791" /><G47/><T10/><D128/><U118/><E118/><V79/><F77/><W106/><G106/><T15/><D27/><U99/><E99/><V103/><F103/><W28/><G28/><T92/><D33/><U114/><E114/><V71/><F71/><W96/><G96/><T87/><D98/><U100/><E100/><V17/><F17/><W2/><G2/><T3/><D3/><U119/><E119/><V7/><F7/><W55/><G37/><T63/><D105/><U50/><E50/><V88/><F79/><W109/><G109/><T32/><D107/><U66/><REACH who="1" step="1"/><E8/><REACH who="1" ten="199,80,362,349" step="2"/><N who="0" m="3177" /><D32/><U133/><E133/><V43/><F48/><W61/><G78/><T39/><D39/><U56/><E56/><V97/><F58/><W18/><G49/><T89/><D57/><U121/><E121/><V35/><F97/><W134/><G134/><RYUUKYOKU ba="0,1" sc="199,-10,80,30,362,-10,349,-10" hai1="11,12,21,26,29,59,60,62,66,67,69,93,95" /><INIT seed="5,1,1,3,4,28" ten="189,110,352,339" oya="1" hai0="74,11,88,69,35,92,2,134,15,114,64,104,61" hai1="108,51,125,30,10,8,102,94,112,22,25,59,133" hai2="52,101,93,62,118,7,127,82,39,95,3,24,71" hai3="9,83,17,99,123,29,20,1,27,36,73,131,98"/><U60/><E112/><V119/><F39/><W14/><G123/><T90/><D114/><U120/><E120/><V79/><F127/><W117/><G117/><T116/><D116/><U129/><E125/><V96/><F93/><W97/><G131/><T58/><D104/><U55/><E129/><V115/><F115/><W109/><G109/><T4/><D74/><U105/><E108/><V78/><F24/><W45/><G1/><T113/><D113/><U72/><E133/><V126/><F126/><W107/><G107/><T19/><D35/><U41/><E72/><V77/><F82/><W26/><G26/><T76/><D76/><U48/><E105/><V122/><F122/><W84/><G73/><T67/><D134/><U21/><E21/><V80/><F80/><W38/><REACH who="3" step="1"/><G45/><REACH who="3" ten="189,110,352,329" step="2"/><T42/><D2/><U66/><E41/><V128/><F128/><W57/><G57/><T47/><D47/><U49/><REACH who="1" step="1"/><E66/><REACH who="1" ten="189,100,352,329" step="2"/><N who="2" m="41431" /><F119/><W110/><G110/><T75/><D42/><U106/><E106/><V124/><F118/><W13/><G13/><T6/><D75/><U135/><E135/><V103/><F124/><W130/><G130/><T111/><D111/><U23/><E23/><V68/><F3/><W87/><G87/><T86/><D67/><U37/><E37/><V5/><F96/><AGARI ba="1,3" hai="8,10,22,25,30,48,49,51,55,59,60,94,96,102" machi="96" ten="40,3900,0" yaku="1,1,8,1,53,0" doraHai="28" doraHaiUra="70" who="1" fromWho="2" sc="189,0,100,72,352,-42,329,0" /><INIT seed="5,2,0,0,1,52" ten="189,172,310,329" oya="1" hai0="45,72,116,86,104,34,44,108,30,76,14,35,50" hai1="39,77,135,48,114,6,109,60,115,98,94,130,55" hai2="125,18,131,84,68,89,120,82,112,15,9,71,56" hai3="70,11,67,46,25,7,43,31,122,53,29,64,93"/><U124/><E130/><V27/><F120/><W63/><G122/><T59/><D116/><U80/><E124/><V74/><F125/><W117/><G117/><T103/><D108/><U32/><E109/><V51/><F131/><W92/><G53/><T106/><D72/><U96/><E135/><V13/><F74/><W36/><G67/><T95/><D30/><U97/><E32/><V121/><F121/><W123/><G123/><T81/><D34/><U5/><E39/><V134/><F134/><W37/><G37/><T42/><D35/><U1/><E60/><V126/><F126/><W102/><G102/><T26/><D26/><U54/><E94/><V127/><F127/><W22/><G31/><T119/><D119/><U23/><E23/><V65/><F112/><N who="1" m="43049" /><E54/><N who="2" m="31839" /><F71/><W78/><G78/><T129/><D129/><U28/><E28/><V4/><F68/><W75/><G75/><T69/><D69/><U79/><E1/><AGARI ba="2,0" hai="1,7,11,22,25,29,36,43,46,63,64,70,92,93" machi="1" ten="30,1000,0" yaku="7,1" doraHai="52" who="3" fromWho="1" sc="189,0,172,-16,310,0,329,16" /><INIT seed="6,0,0,0,2,44" ten="189,156,310,345" oya="2" hai0="77,104,102,126,122,106,11,108,9,22,4,51,24" hai1="84,76,86,60,52,26,21,16,40,17,45,124,28" hai2="30,8,113,128,69,100,96,72,127,79,42,14,13" hai3="99,20,57,15,71,118,65,43,18,125,111,80,41"/><V62/><F113/><W12/><G118/><T35/><D122/><U75/><E124/><V59/><F127/><W121/><G125/><T1/><D126/><U31/><E75/><V7/><F69/><W94/><G121/><T61/><D35/><U109/><E109/><V64/><F128/><W110/><G71/><T135/><D108/><U49/><E76/><V85/><F72/><W56/><G80/><T55/><D77/><U48/><E60/><V39/><F30/><N who="1" m="11305" /><E17/><V37/><F42/><W36/><G111/><T117/><D61/><U91/><E91/><V116/><F116/><W32/><G32/><T74/><D74/><U47/><AGARI ba="0,0" hai="16,21,26,40,45,47,48,49,52,84,86" m="11305" machi="47" ten="30,8000,1" yaku="8,1,52,2,54,2" doraHai="44" who="1" fromWho="1" sc="189,-20,156,80,310,-40,345,-20" /><INIT seed="7,0,0,5,2,83" ten="169,236,270,325" oya="3" hai0="58,132,60,127,48,36,31,122,86,100,62,30,45" hai1="54,15,130,59,108,5,43,46,107,71,105,1,70" hai2="12,133,121,56,88,113,0,129,117,17,110,99,79" hai3="41,65,22,85,89,77,96,93,87,91,57,7,2"/><W68/><G68/><T80/><D122/><U76/><E1/><V66/><F117/><W72/><G72/><T111/><D111/><U18/><E5/><V128/><F110/><W51/><G2/><T103/><D36/><U52/><E108/><V104/><F0/><W84/><G7/><T42/><D132/><U101/><E130/><N who="2" m="50283" /><F113/><W112/><G112/><T78/><D127/><U10/><E54/><V24/><F79/><W109/><G109/><T6/><D62/><U11/><E11/><V40/><F40/><W64/><G77/><T14/><D31/><U94/><E105/><V135/><F24/><W55/><G41/><T95/><D95/><U49/><E107/><V118/><F118/><W120/><G120/><T37/><D30/><U73/><E73/><V50/><F121/><W92/><G22/><T90/><D90/><U26/><E26/><V74/><F74/><W4/><G4/><T53/><D37/><U21/><E21/><N who="2" m="11431" /><F66/><AGARI ba="0,0" hai="51,55,57,64,65,66,84,85,87,89,91,92,93,96" machi="66" ten="40,12000,1" yaku="8,1,52,3" doraHai="83" who="3" fromWho="2" sc="169,0,236,0,270,-120,325,120" owari="169,-23.0,236,4.0,150,-35.0,445,54.0" /></mjloggm>