<mjloggm ver="2.3"><GO type="169" lobby="0"/><UN n0="%E3%81%99%E3%81%B1%E3%81%B5%E3%81%87%E3%81%AB%E3%81%9F%E3%82%93" n1="%2D%E8%B1%8A%E5%8F%A3%E3%82%81%E3%81%90%E3%81%BF%2D" n2="%E6%98%AF%E6%94%BF%E3%81%AE%E5%A4%95%E9%99%BD" n3="%E3%81%8D%E3%82%88%E3%81%97%E3%81%BE%E3%82%8B" dan="16,17,16,16" rate="2007.88,2244.89,2131.45,2102.12" sx="F,F,M,F"/><TAIKYOKU oya="0"/><INIT seed="0,0,0,0,2,84" ten="250,250,250,250" oya="0" hai0="27,117,13,118,103,129,60,89,21,12,97,38,28" hai1="54,6,109,116,62,30,51,74,100,65,31,110,18" hai2="90,19,5,81,58,77,87,59,119,34,50,41,120" hai3="10,96,14,69,61,16,11,102,9,83,99,44,105"/><T72/><D38/><U133/><E74/><V108/><F108/><N who="1" m="41577" /><E116/><V64/><F34/><W32/><G32/><T88/><D72/><U111/><E6/><V121/><F119/><W91/><G44/><T56/><D129/><U80/><E133/><V33/><F33/><W73/><G69/><T123/><D123/><U49/><E100/><V79/><F120/><W115/><G115/><T22/><D118/><U135/><E135/><V101/><F101/><W43/><G43/><T46/><D46/><N who="1" m="27959" /><E51/><V39/><F39/><W95/><REACH who="3" step="1"/><G61/><REACH who="3" ten="250,250,250,240" step="2"/><T57/><D117/><U114/><E114/><V45/><F121/><W7/><G7/><T70/><D70/><N who="1" m="42295" /><E111/><V93/><F5/><W107/><G107/><T131/><D131/><U86/><E18/><V130/><F130/><W0/><G0/><T78/><D57/><U112/><E112/><V82/><F19/><W37/><G37/><T55/><D78/><AGARI ba="0,1" hai="30,31,78,80,86" m="42295,27959,41577" machi="78" ten="30,1000,0" yaku="14,1" doraHai="84" who="1" fromWho="0" sc="250,-10,250,20,250,0,240,0" /><AGARI ba="0,0" hai="9,10,11,14,16,73,78,83,91,95,96,99,102,105" machi="78" ten="40,5200,0" yaku="1,1,52,1,54,1,53,0" doraHai="84" doraHaiUra="1" who="3" fromWho="0" sc="240,-52,270,0,250,0,240,52" /><INIT seed="1,0,0,0,1,49" ten="188,270,250,292" oya="1" hai0="22,96,60,74,104,36,102,82,20,39,84,58,119" hai1="4,61,69,11,8,133,70,111,16,19,124,79,43" hai2="110,77,114,109,129,33,7,2,66,13,67,30,46" hai3="54,29,45,85,24,52,53,6,48,95,32,108,81"/><U76/><E124/><V135/><F77/><W18/><G108/><N who="2" m="41577" /><F46/><W1/><G95/><T44/><D119/><U41/><E111/><V65/><F114/><W42/><G18/><N who="1" m="6698" /><E61/><V10/><F135/><W5/><REACH who="3" step="1"/><G1/><REACH who="3" ten="188,270,250,282" step="2"/><T125/><D125/><U86/><E133/><V127/><F127/><W9/><G9/><T78/><D74/><U91/><E8/><V83/><F129/><W117/><G117/><T0/><D0/><U107/><E11/><V120/><F120/><W35/><G35/><T64/><D22/><U88/><E107/><V51/><F2/><W128/><G128/><T71/><D20/><U80/><E4/><V103/><F33/><W40/><G40/><N who="1" m="15434" /><E69/><V112/><F112/><W115/><G115/><T26/><D71/><U62/><E70/><V87/><F7/><W3/><G3/><T31/><D104/><U59/><E76/><AGARI ba="0,1" hai="5,6,24,29,32,42,45,48,52,53,54,76,81,85" machi="76" ten="40,8000,1" yaku="1,1,52,3,54,1,53,0" doraHai="49" doraHaiUra="113" who="3" fromWho="1" sc="188,0,270,-80,250,0,282,90" /><INIT seed="2,0,0,1,0,13" ten="188,190,250,372" oya="2" hai0="105,5,128,101,76,9,104,40,65,54,3,90,95" hai1="98,62,16,69,130,131,122,121,109,12,126,89,96" hai2="49,14,58,41,102,87,26,93,6,80,48,73,119" hai3="7,8,129,36,44,115,85,0,2,120,112,114,46"/><V82/><F119/><W75/><G120/><N who="1" m="46186" /><E109/><V51/><F73/><W20/><G129/><N who="1" m="49162" /><E126/><V124/><F124/><W15/><G75/><T125/><D101/><U83/><E83/><V33/><F33/><W55/><G36/><T25/><D65/><N who="1" m="41143" /><E89/><N who="2" m="53439" /><F26/><W117/><G117/><T61/><D90/><U106/><E106/><V29/><F29/><W11/><G20/><AGARI ba="0,0" hai="12,16,20,96,98" m="41143,49162,46186" machi="20" ten="30,7700,0" yaku="13,1,19,1,52,1,54,1" doraHai="13" who="1" fromWho="3" sc="188,0,190,77,250,0,372,-77" /><INIT seed="3,0,0,3,3,122" ten="188,267,250,295" oya="3" hai0="69,93,55,53,30,121,89,129,113,92,79,101,128" hai1="45,46,107,49,38,5,83,22,15,2,114,108,32" hai2="118,13,12,72,115,59,124,130,104,34,31,21,87" hai3="131,109,29,11,120,134,84,19,48,76,75,52,36"/><W8/><G120/><T111/><D121/><U0/><E114/><V35/><F72/><W65/><G36/><T126/><D69/><U1/><E107/><V64/><F118/><W61/><G75/><T66/><D66/><U27/><E38/><V26/><F104/><W70/><G134/><T91/><D30/><U14/><E32/><V16/><F115/><W67/><G67/><T105/><D79/><U63/><E63/><V47/><F124/><W103/><G131/><T95/><D113/><U43/><E46/><V39/><F130/><N who="0" m="50282" /><D126/><U56/><E56/><V86/><F35/><W85/><G103/><T110/><D101/><U135/><E135/><V77/><F77/><W57/><G29/><T99/><D105/><U132/><E132/><V7/><F59/><W6/><G109/><N who="0" m="41483" /><D95/><U40/><E108/><V37/><F64/><W10/><G6/><T17/><D17/><U106/><E5/><V33/><F7/><W74/><REACH who="3" step="1"/><G19/><REACH who="3" ten="188,267,250,285" step="2"/><T68/><D68/><U81/><E106/><V117/><F16/><W96/><G96/><AGARI ba="0,1" hai="53,55,89,91,92,93,96,99" m="41483,50282" machi="96" ten="30,8000,1" yaku="19,1,14,1,52,3" doraHai="122" who="0" fromWho="3" sc="188,90,267,0,250,0,285,-80" /><INIT seed="4,0,0,5,2,89" ten="278,267,250,205" oya="0" hai0="102,74,70,80,119,2,18,67,46,53,114,88,127" hai1="6,0,14,4,84,36,72,69,131,100,35,115,64" hai2="42,3,130,82,59,85,28,73,31,51,38,17,78" hai3="97,10,108,113,23,63,99,62,54,1,110,135,55"/><T87/><D119/><U32/><E72/><V117/><F130/><W125/><G113/><T79/><D127/><U34/><E36/><V24/><F117/><W101/><G125/><T132/><D132/><U95/><E64/><V49/><F3/><W37/><G37/><T71/><D2/><U94/><E69/><V93/><F38/><W7/><G135/><T120/><D120/><U91/><E0/><V61/><F73/><W118/><G118/><T43/><D67/><U26/><E131/><V29/><F42/><W22/><G1/><T98/><D53/><U133/><E133/><V123/><F123/><W65/><G65/><T116/><D18/><U13/><E26/><V5/><F5/><W45/><G7/><T86/><D86/><U81/><E115/><V68/><F68/><W41/><G10/><T16/><D16/><U134/><E134/><V50/><F61/><W105/><G41/><T25/><D25/><U122/><E122/><V106/><F106/><W9/><G9/><T111/><D111/><U44/><E44/><V56/><REACH who="2" step="1"/><F93/><REACH who="2" ten="278,267,240,205" step="2"/><W129/><G129/><T58/><D116/><U33/><E6/><V90/><F90/><W83/><G105/><N who="0" m="63703" /><D71/><U12/><E4/><V107/><F107/><W39/><G39/><N who="0" m="21887" /><D70/><U47/><N who="1" m="8192" /><DORA hai="103" /><U48/><REACH who="1" step="1"/><E100/><REACH who="1" ten="278,257,240,205" step="2"/><V66/><F66/><W27/><G101/><T15/><D114/><U20/><E20/><AGARI ba="0,2" hai="17,20,24,28,29,31,49,50,51,56,59,78,82,85" machi="20" ten="40,8000,1" yaku="1,1,8,1,53,2" doraHai="89,103" doraHaiUra="77,76" who="2" fromWho="1" sc="278,0,257,-80,240,100,205,0" /><INIT seed="5,0,0,5,0,41" ten="278,177,340,205" oya="1" hai0="88,0,54,38,20,105,67,42,90,121,63,119,78" hai1="23,32,106,74,29,6,120,33,69,128,126,30,12" hai2="100,66,36,111,9,45,62,51,103,107,76,110,22" hai3="118,114,84,97,37,47,113,85,11,64,127,57,49"/><U70/><E74/><V61/><F61/><N who="3" m="37935" /><G11/><T108/><D108/><U48/><E120/><V122/><F36/><W8/><G8/><T25/><D105/><U115/><E106/><V94/><F107/><W31/><G31/><T60/><D0/><U7/><E48/><V125/><F122/><W52/><G97/><T89/><D119/><U14/><E23/><V15/><F103/><W93/><G93/><T132/><D132/><U134/><E115/><N who="3" m="44042" /><G118/><T68/><D78/><U24/><E128/><V46/><F76/><W39/><G127/><T123/><D38/><AGARI ba="0,0" hai="37,38,39,47,49,52,84,85" m="44042,37935" machi="38" ten="30,3900,0" yaku="15,1,52,1,54,1" doraHai="41" who="3" fromWho="0" sc="278,-39,177,0,340,0,205,39" /><INIT seed="6,0,0,5,2,110" ten="239,177,340,244" oya="2" hai0="69,79,14,100,113,61,35,83,9,119,33,43,89" hai1="99,114,0,115,86,44,101,3,1,73,128,29,106" hai2="132,90,5,12,38,72,28,93,31,71,34,40,133" hai3="41,32,97,62,6,4,109,102,96,85,107,48,18"/><V66/><F72/><W88/><G109/><T81/><D100/><U55/><E73/><V46/><F34/><W36/><G32/><T39/><D119/><U67/><E67/><V117/><F117/><W125/><G125/><T65/><D39/><U129/><E29/><V22/><F66/><W17/><G36/><T27/><D43/><U77/><E77/><V134/><F71/><W112/><G62/><T108/><D113/><N who="1" m="43019" /><E86/><V116/><F116/><W95/><G112/><T24/><D79/><U122/><E122/><V7/><F31/><W20/><G18/><T120/><D65/><U45/><E55/><V82/><F82/><N who="3" m="49207" /><G107/><T98/><D35/><U60/><E60/><V52/><F7/><W84/><G97/><T8/><D61/><U78/><E78/><V10/><F22/><W23/><G23/><T57/><D33/><U50/><E50/><N who="2" m="28759" /><F28/><W75/><G84/><T68/><D120/><U2/><N who="1" m="0" /><DORA hai="59" /><U123/><E123/><V42/><F132/><W30/><G30/><T51/><D108/><U126/><E126/><V94/><F38/><W121/><G75/><T37/><D37/><U103/><E101/><V19/><F133/><W80/><G80/><T104/><D83/><U49/><E49/><V92/><F134/><W47/><G121/><T11/><D81/><U15/><E15/><AGARI ba="0,0" hai="4,6,15,17,20,41,47,48,95,96,102" m="49207" machi="15" ten="30,2000,0" yaku="8,1,54,1" doraHai="110,59" who="3" fromWho="1" sc="239,0,177,-20,340,0,244,20" /><INIT seed="7,0,0,4,1,84" ten="239,157,340,264" oya="3" hai0="115,111,114,65,126,81,88,61,53,69,35,130,98" hai1="100,113,92,79,18,87,117,59,32,74,30,67,15" hai2="23,82,71,11,42,1,13,101,132,46,131,80,41" hai3="109,135,43,17,77,20,73,37,104,64,25,57,110"/><W124/><G104/><T86/><D111/><N who="3" m="42505" /><G124/><T3/><D126/><U16/><E113/><N who="0" m="43017" /><D130/><U102/><E117/><V27/><F1/><W48/><G135/><T106/><D53/><U62/><E74/><V120/><F71/><W95/><G37/><T123/><D3/><U63/><E18/><V122/><F132/><W118/><G118/><T107/><D123/><U39/><E39/><V28/><F131/><W26/><G73/><T50/><D50/><U121/><E121/><V58/><F120/><W68/><G77/><T4/><D4/><U54/><E30/><V133/><F28/><W76/><G76/><T119/><D119/><U75/><E32/><V0/><F0/><W125/><G68/><T105/><D35/><U33/><E33/><V96/><F133/><W31/><G125/><T70/><D69/><U97/><E75/><V89/><F58/><W108/><G108/><T29/><D29/><U83/><E63/><V36/><F36/><W7/><G7/><T22/><D22/><U116/><E116/><V52/><F46/><N who="3" m="25695" /><G57/><T6/><D6/><U103/><REACH who="1" step="1"/><E54/><REACH who="1" ten="239,147,340,264" step="2"/><V72/><F72/><W24/><G31/><T134/><D134/><U129/><E129/><V2/><F52/><W49/><G17/><T85/><D85/><U56/><E56/><V5/><F122/><W34/><G34/><T93/><D98/><U91/><E91/><V21/><F89/><W55/><G55/><T45/><D45/><U99/><E99/><V12/><F96/><W78/><G26/><T66/><D66/><U94/><E94/><AGARI ba="0,1" hai="61,65,70,81,86,88,93,94,105,106,107" m="43017" machi="94" ten="40,8000,1" yaku="15,1,11,1,52,1,54,1" doraHai="84" who="0" fromWho="1" sc="239,90,147,-80,340,0,264,0" owari="329,13.0,67,-43.0,340,44.0,264,-14.0" /></mjloggm>