<mjloggm ver="2.3"><GO type="225" lobby="0"/><UN n0="%E5%80%89%E6%95%B7%E4%B8%96%E7%BE%85" n1="%E3%83%AF%E3%83%8B%54%41" n2="%70%68%65%6E%6F%6D%65" n3="%E4%BF%BA%E3%81%A8%E5%A6%96%E5%A4%A2" dan="16,16,17,17" rate="2172.92,2166.98,2237.59,2168.14" sx="F,M,M,F"/><TAIKYOKU oya="0"/><INIT seed="0,0,0,1,3,57" ten="250,250,250,250" oya="0" hai0="5,9,110,67,97,103,115,111,107,69,118,101,52" hai1="10,59,92,51,12,100,1,32,71,120,2,113,78" hai2="21,44,73,29,17,8,37,0,6,49,109,66,23" hai3="47,68,13,46,27,79,117,63,48,94,16,76,33"/><T53/><D115/><U41/><E120/><V42/><F109/><N who="0" m="41482" /><D118/><U123/><E123/><V108/><F108/><W4/><G117/><T131/><D131/><U106/><E71/><V81/><F66/><W62/><G94/><T72/><D72/><U64/><E32/><V31/><F49/><W26/><G68/><T104/><D101/><U125/><E106/><V87/><F87/><W134/><G134/><T34/><D34/><U50/><E125/><V77/><REACH who="2" step="1"/><F23/><REACH who="2" ten="250,250,240,250" step="2"/><N who="3" m="11663" /><G33/><T15/><D107/><U85/><E100/><V133/><F133/><W28/><G47/><T18/><D5/><U3/><E113/><V90/><F90/><W124/><G4/><T105/><D104/><U38/><E51/><V54/><F54/><N who="3" m="29975" /><G124/><T126/><D126/><U24/><E50/><V11/><F11/><W60/><G28/><T95/><D105/><U88/><E10/><V86/><F86/><W96/><G96/><T56/><D69/><U19/><E85/><V119/><F119/><W127/><G127/><T114/><D114/><U35/><E78/><AGARI ba="0,1" hai="26,27,60,62,63,76,78,79" m="29975,11663" machi="78" ten="30,8000,1" yaku="8,1,52,3,54,1" doraHai="57" who="3" fromWho="1" sc="250,0,250,-80,240,0,250,90" /><INIT seed="1,0,0,5,0,111" ten="250,170,240,340" oya="1" hai0="29,131,31,128,103,17,23,96,2,43,47,51,58" hai1="28,109,100,117,80,125,102,123,126,59,108,61,77" hai2="3,4,81,66,48,37,72,67,98,115,87,15,14" hai3="88,105,83,104,6,114,107,41,40,110,99,1,101"/><U68/><E68/><V19/><F37/><W73/><G110/><N who="1" m="42602" /><E28/><V65/><F72/><W133/><G133/><T27/><D2/><U69/><E69/><V45/><F115/><W34/><G114/><T22/><D58/><U32/><E32/><V60/><F98/><W39/><G34/><T95/><REACH who="0" step="1"/><D22/><REACH who="0" ten="240,170,240,340" step="2"/><U21/><E21/><V82/><F3/><W124/><G1/><T97/><D97/><U50/><E117/><V92/><F67/><W11/><G99/><T78/><D78/><U55/><E123/><V89/><F66/><W112/><G112/><T70/><D70/><U64/><E126/><V56/><F4/><W116/><G124/><T9/><D9/><U24/><E125/><V8/><REACH who="2" step="1"/><F14/><REACH who="2" ten="240,170,230,340" step="2"/><W93/><G6/><T13/><D13/><U46/><E24/><V26/><F26/><W30/><G116/><T79/><D79/><U0/><E0/><V129/><F129/><AGARI ba="0,2" hai="17,23,27,29,31,43,47,51,95,96,103,128,129,131" machi="129" ten="40,2600,0" yaku="1,1,19,1,53,0" doraHai="111" doraHaiUra="85" who="0" fromWho="2" sc="240,46,170,0,230,-26,340,0" /><INIT seed="2,0,0,5,2,23" ten="286,170,204,340" oya="2" hai0="104,54,132,107,9,113,82,78,58,40,77,29,26" hai1="72,63,101,52,97,32,59,112,93,30,11,27,99" hai2="106,17,80,44,24,70,56,69,81,16,126,122,86" hai3="129,109,120,79,22,105,62,33,94,48,110,135,96"/><V83/><F122/><W60/><G120/><T8/><D113/><U66/><E112/><V127/><F106/><W7/><G33/><T36/><D132/><U14/><E72/><V124/><F56/><W55/><G105/><T6/><D40/><U12/><E11/><V38/><F86/><W118/><G118/><T89/><D36/><U50/><REACH who="1" step="1"/><E99/><REACH who="1" ten="286,160,204,340" step="2"/><V49/><F38/><W47/><G96/><T76/><D9/><U46/><AGARI ba="0,1" hai="12,14,27,30,32,46,50,52,59,63,66,93,97,101" machi="46" ten="20,12000,2" yaku="1,1,2,1,0,1,7,1,52,1,54,1,53,0" doraHai="23" doraHaiUra="111" who="1" fromWho="1" sc="286,-30,160,130,204,-60,340,-30" /><INIT seed="3,0,0,1,0,4" ten="256,290,144,310" oya="3" hai0="6,70,58,96,59,49,0,30,111,47,127,107,118" hai1="112,26,42,134,18,109,62,81,99,35,27,8,20" hai2="61,119,19,14,23,102,17,13,51,123,82,25,53" hai3="22,29,46,72,86,28,66,75,88,129,2,131,77"/><W83/><G2/><T71/><D118/><U90/><E112/><V3/><F119/><W122/><G122/><T117/><D117/><U79/><E109/><V56/><F123/><W54/><G66/><T43/><D111/><U76/><E134/><V135/><F135/><W94/><G72/><T50/><D127/><U110/><E110/><V92/><F3/><W120/><G120/><T124/><D124/><U116/><E116/><V73/><F73/><W7/><G7/><T65/><D30/><U132/><E35/><V80/><F25/><W98/><G22/><T40/><D107/><U68/><E68/><N who="0" m="26153" /><D96/><U63/><E63/><V36/><F36/><W24/><G75/><T126/><D126/><U105/><E105/><V69/><F69/><W106/><G106/><T38/><D6/><U60/><E42/><N who="0" m="15913" /><D0/><U12/><E132/><V85/><F61/><N who="1" m="23657" /><E27/><V31/><F31/><W37/><G37/><T84/><D84/><N who="1" m="50447" /><E99/><V101/><F92/><W67/><G24/><T41/><D65/><U10/><E10/><V1/><F1/><W64/><G64/><T104/><D104/><U39/><E39/><V78/><REACH who="2" step="1"/><F80/><REACH who="2" ten="256,290,134,310" step="2"/><W55/><G67/><T113/><D113/><U89/><E26/><V100/><F100/><W97/><G29/><T21/><D21/><AGARI ba="0,1" hai="13,14,17,19,21,23,51,53,56,78,82,85,101,102" machi="21" ten="30,12000,2" yaku="1,1,7,1,9,1,8,1,53,2" doraHai="4" doraHaiUra="15" who="2" fromWho="0" sc="256,-120,290,0,134,130,310,0" owari="136,-36.0,290,9.0,264,-14.0,310,41.0" /></mjloggm>