<mjloggm ver="2.3"><GO type="169" lobby="0"/><UN n0="%E3%83%A9%E3%82%B9%E3%82%8B%E3%81%8B%E3%81%AA" n1="%70%6F%6E%5F%6B%61%73%75" n2="%E3%81%92%E3%81%A1%E3%81%87%E3%81%AA%30%34" n3="%E6%98%AF%E6%94%BF%E3%81%AE%E5%A4%95%E9%99%BD" dan="16,17,17,16" rate="2166.69,2144.49,2178.12,2137.64" sx="M,M,M,M"/><TAIKYOKU oya="0"/><INIT seed="0,0,0,3,0,71" ten="250,250,250,250" oya="0" hai0="52,21,35,27,49,134,22,80,9,130,15,93,7" hai1="82,84,89,104,86,48,114,39,78,40,23,18,1" hai2="101,72,51,61,31,14,11,60,95,128,54,85,43" hai3="13,126,63,45,74,96,81,67,24,10,79,99,41"/><T132/><D130/><U123/><E123/><V32/><F72/><W29/><G126/><T76/><D93/><U44/><E1/><V59/><F128/><W17/><G29/><T102/><D102/><U55/><E114/><V97/><F32/><W106/><G106/><T47/><D35/><U66/><E66/><V91/><F31/><W77/><G77/><T87/><REACH who="0" step="1"/><D21/><REACH who="0" ten="240,250,250,250" step="2"/><U111/><E104/><V105/><F43/><W90/><G24/><T117/><D117/><U58/><E111/><V46/><F59/><W110/><G110/><T28/><AGARI ba="0,1" hai="7,9,15,22,27,28,47,49,52,76,80,87,132,134" machi="28" ten="30,6000,0" yaku="1,1,0,1,54,1,53,0" doraHai="71" doraHaiUra="112" who="0" fromWho="0" sc="240,70,250,-20,250,-20,250,-20" /><INIT seed="0,1,0,3,1,24" ten="310,230,230,230" oya="0" hai0="44,102,59,33,11,66,46,64,93,34,15,74,79" hai1="98,94,8,100,97,16,14,17,84,77,116,60,72" hai2="12,23,85,135,90,127,6,54,96,80,55,32,68" hai3="81,109,0,42,83,52,67,103,92,106,20,65,31"/><T105/><D105/><U121/><E121/><V128/><F32/><W101/><G0/><T36/><D79/><U7/><E116/><V104/><F128/><W130/><G109/><T4/><D74/><U82/><E72/><V117/><F135/><W129/><G42/><T95/><D36/><U22/><E60/><V49/><F68/><W40/><G40/><T119/><D119/><U45/><E45/><V56/><F127/><W87/><G92/><T9/><D59/><U108/><E108/><V10/><F117/><W115/><G115/><T69/><D15/><U86/><E86/><V133/><F133/><W125/><G87/><T13/><D13/><U114/><E114/><V118/><F118/><W43/><G43/><T30/><D4/><U21/><REACH who="1" step="1"/><E97/><REACH who="1" ten="310,220,230,230" step="2"/><V53/><F96/><W39/><G39/><T2/><D46/><U126/><E126/><V73/><F73/><W38/><G38/><T41/><D44/><U112/><E112/><V132/><F132/><W78/><G125/><T88/><D41/><U91/><E91/><V75/><F75/><W63/><G129/><T110/><D88/><U62/><E62/><V124/><F124/><W1/><G130/><T111/><D111/><U26/><E26/><V28/><F104/><W76/><G106/><T113/><D110/><U50/><E50/><V29/><F23/><AGARI ba="1,1" hai="7,8,14,16,17,21,22,23,77,82,84,94,98,100" machi="23" ten="40,5200,0" yaku="1,1,8,1,54,1,53,0" doraHai="24" doraHaiUra="25" who="1" fromWho="2" sc="310,0,220,65,230,-55,230,0" /><INIT seed="1,0,0,2,5,24" ten="310,285,175,230" oya="1" hai0="45,26,111,53,63,59,101,86,131,32,12,108,94" hai1="29,79,100,78,25,57,34,133,58,19,7,67,35" hai2="114,118,13,113,95,105,55,102,93,126,125,22,10" hai3="65,39,87,112,66,20,15,31,117,115,21,60,72"/><U2/><E133/><V96/><F55/><W122/><G72/><T89/><D131/><U37/><E37/><V106/><F22/><W90/><G39/><T8/><D101/><U56/><E67/><V1/><F1/><W74/><G74/><T49/><D32/><U40/><E40/><V119/><F13/><W38/><G38/><T33/><D26/><U46/><E46/><V116/><F10/><W70/><G117/><T81/><D33/><U18/><E35/><V127/><F93/><W14/><G122/><T4/><REACH who="0" step="1"/><D94/><REACH who="0" ten="300,285,175,230" step="2"/><U6/><E100/><V91/><REACH who="2" step="1"/><F106/><REACH who="2" ten="300,285,165,230" step="2"/><W107/><G107/><T48/><D48/><U50/><E50/><V83/><F83/><W61/><G61/><T120/><D120/><U62/><E34/><V30/><F30/><W80/><G60/><T123/><D123/><U88/><E29/><V98/><AGARI ba="0,2" hai="91,95,96,98,102,105,113,114,116,118,119,125,126,127" machi="98" ten="50,16000,3" yaku="1,1,0,1,18,1,34,3,53,2" doraHai="24" doraHaiUra="110" who="2" fromWho="2" sc="300,-40,285,-80,165,180,230,-40" /><INIT seed="2,0,0,1,0,70" ten="260,205,345,190" oya="2" hai0="87,60,65,73,67,40,53,58,77,93,39,38,128" hai1="8,82,135,80,16,109,64,31,89,75,22,108,47" hai2="98,94,76,96,5,106,79,133,85,6,123,117,17" hai3="1,132,116,130,24,88,114,45,13,99,46,35,3"/><V107/><F123/><W23/><G116/><T111/><D73/><U59/><E135/><V25/><F117/><W121/><G121/><T68/><D77/><U131/><E131/><V124/><F133/><W105/><G132/><T43/><D87/><U9/><E31/><V129/><F124/><W54/><G35/><T2/><D93/><U90/><E47/><V103/><F129/><W95/><G105/><T110/><D2/><U78/><E59/><V11/><F107/><W34/><G34/><T126/><D128/><U56/><E56/><V57/><F57/><W19/><G114/><T0/><D0/><U61/><E61/><V42/><F42/><N who="0" m="15914" /><D126/><U86/><E90/><V37/><F37/><N who="0" m="13834" /><D67/><U101/><E101/><V118/><F85/><W66/><G3/><T72/><D72/><U48/><E64/><V33/><F33/><W127/><G1/><T52/><D53/><U32/><E32/><V115/><F118/><W71/><G127/><T51/><AGARI ba="0,0" hai="51,52,58,60,65,68,110,111" m="13834,15914" machi="51" ten="30,12000,2" yaku="34,2,52,3,54,1" doraHai="70" who="0" fromWho="0" sc="260,120,205,-30,345,-60,190,-30" /><INIT seed="3,0,0,3,4,94" ten="380,175,285,160" oya="3" hai0="40,30,130,74,13,4,50,43,1,106,21,24,36" hai1="125,8,102,89,117,72,98,17,115,120,119,34,31" hai2="100,116,15,104,108,12,105,23,47,59,96,54,131" hai3="123,39,66,16,109,124,80,121,61,132,2,3,127"/><W92/><G39/><T107/><D74/><U83/><E120/><V67/><F116/><N who="1" m="44617" /><E115/><V91/><F108/><W56/><G80/><T49/><D36/><U44/><E125/><N who="3" m="48202" /><G132/><T11/><D130/><U22/><E8/><V135/><F131/><W64/><G109/><T27/><D27/><N who="1" m="18815" /><E44/><V99/><F135/><W114/><G114/><T60/><D60/><U14/><E89/><V0/><F0/><N who="3" m="43" /><G66/><T73/><D73/><U55/><E55/><V29/><F67/><W42/><G42/><T122/><D122/><U63/><E63/><V103/><F47/><W28/><G28/><T32/><D40/><U86/><E72/><V82/><F82/><W65/><G65/><T5/><D43/><U19/><E83/><V68/><F91/><W51/><G51/><N who="0" m="19467" /><D5/><U38/><E38/><V26/><F68/><W75/><G75/><T37/><D37/><U33/><E102/><V46/><F46/><W35/><G35/><T79/><D79/><U93/><E33/><V90/><F90/><W118/><G118/><T126/><D126/><U45/><E45/><V85/><F85/><W9/><G92/><T128/><D128/><U77/><E77/><V48/><AGARI ba="0,0" hai="12,15,23,26,29,48,54,59,96,99,100,103,104,105" machi="48" ten="20,8000,1" yaku="0,1,7,1,9,1,52,2" doraHai="94" who="2" fromWho="2" sc="380,-20,175,-20,285,80,160,-40" /><INIT seed="4,0,0,4,3,96" ten="360,155,365,120" oya="0" hai0="54,97,14,22,39,121,5,20,36,13,62,2,12" hai1="107,117,89,93,92,59,60,106,71,87,38,34,51" hai2="16,86,130,45,129,78,69,104,35,32,79,48,75" hai3="128,57,103,52,28,15,41,94,3,112,65,114,19"/><T68/><D121/><U127/><E38/><V63/><F75/><W109/><G3/><T131/><D131/><N who="2" m="50186" /><F104/><W91/><G109/><T56/><D68/><U49/><E117/><V24/><F63/><W88/><G41/><T108/><D108/><U30/><E127/><V1/><F1/><W17/><G28/><T102/><D39/><U98/><E71/><V31/><F35/><W47/><G47/><T66/><D36/><U99/><E87/><V44/><F44/><W11/><G65/><T125/><D66/><U120/><E120/><V119/><F69/><W23/><G128/><T132/><D125/><U37/><E37/><V29/><F29/><W116/><G116/><T80/><D80/><U55/><E107/><V9/><F86/><W25/><G112/><T4/><D2/><U82/><E106/><V33/><F33/><W90/><G114/><T133/><D4/><U6/><E6/><V77/><F119/><W53/><G57/><T27/><D5/><U8/><E30/><V40/><F16/><W95/><G95/><N who="0" m="58687" /><D27/><U100/><E82/><V111/><F111/><W105/><G105/><T101/><D22/><U73/><E73/><V50/><F9/><W72/><G72/><T0/><D20/><U110/><E34/><V124/><F124/><W83/><G83/><T76/><D0/><U84/><E110/><V126/><F126/><W26/><G25/><T18/><D18/><U43/><E43/><V134/><F134/><N who="0" m="51818" /><D76/><U46/><E8/><V67/><F67/><W118/><G118/><T135/><D135/><U85/><E60/><V64/><F64/><RYUUKYOKU ba="0,0" sc="360,0,155,0,365,0,120,0" hai0="12,13,14,54,56,62,101" hai1="46,49,51,55,59,84,85,89,92,93,98,99,100" hai2="24,31,32,40,45,48,50,77,78,79" hai3="11,15,17,19,23,26,52,53,88,90,91,94,103" /><INIT seed="4,1,0,2,4,88" ten="360,155,365,120" oya="0" hai0="95,96,94,85,118,68,63,122,126,33,34,60,14" hai1="71,62,84,58,1,20,64,9,40,93,22,91,132" hai2="76,73,0,75,111,30,11,65,26,41,36,86,129" hai3="16,78,37,13,32,69,109,49,72,67,57,10,103"/><T79/><D118/><U54/><E132/><V128/><F86/><W53/><G109/><T130/><D122/><U116/><E116/><V12/><F65/><W19/><G32/><T46/><D130/><N who="2" m="50282" /><F0/><W5/><G37/><T28/><D126/><U113/><E40/><V124/><F76/><W100/><G69/><T70/><D46/><U125/><E113/><V50/><F36/><W24/><G67/><T112/><D14/><U114/><E114/><V7/><F111/><W131/><G131/><T52/><D112/><U108/><E125/><V105/><F105/><W127/><G127/><T77/><D85/><U29/><E29/><V8/><F8/><W6/><G6/><T43/><D43/><U17/><E108/><V120/><F120/><W102/><REACH who="3" step="1"/><G24/><REACH who="3" ten="360,155,365,110" step="2"/><T89/><D68/><U107/><E71/><V66/><F66/><W2/><G2/><T59/><D70/><U56/><E1/><V99/><F26/><W4/><G4/><T74/><D34/><U135/><E135/><V119/><F7/><W35/><G35/><T42/><D33/><U31/><E64/><V101/><F124/><W134/><G134/><T23/><D74/><U133/><E133/><V38/><F73/><W51/><G51/><T39/><D39/><U47/><E62/><V45/><F75/><W55/><G55/><T106/><D60/><U115/><E54/><V80/><F38/><W27/><G27/><T82/><D52/><U21/><E115/><V3/><F50/><W48/><G48/><T83/><D63/><U15/><E31/><V90/><F3/><W98/><G98/><RYUUKYOKU ba="1,1" sc="360,-10,155,-10,365,-10,110,30" hai3="5,10,13,16,19,49,53,57,72,78,100,102,103" /><INIT seed="5,2,1,4,2,120" ten="350,145,355,140" oya="1" hai0="58,26,19,77,82,32,100,43,105,36,109,63,56" hai1="31,67,86,83,114,27,112,103,72,132,81,23,41" hai2="21,90,104,92,131,38,102,68,60,69,89,76,107" hai3="14,130,125,91,80,61,29,115,50,5,66,12,20"/><U129/><E132/><V134/><F38/><W10/><G115/><N who="1" m="44074" /><E129/><V16/><F131/><W116/><G125/><T62/><D43/><U45/><E72/><V121/><F121/><W79/><G116/><T126/><D36/><N who="1" m="21671" /><E67/><V51/><F76/><W122/><G122/><T93/><D126/><U49/><E103/><V65/><F69/><W46/><G91/><T44/><D44/><U95/><E49/><V42/><F134/><W55/><G130/><T35/><D100/><U84/><E84/><V98/><F51/><W135/><G135/><T124/><D124/><U59/><E59/><V37/><F37/><W101/><G101/><T17/><D105/><U85/><E85/><V118/><F118/><W88/><G88/><AGARI ba="2,1" hai="23,27,31,81,83,86,88,95" m="21671,44074" machi="88" ten="30,2900,0" yaku="15,1,54,1" doraHai="120" who="1" fromWho="3" sc="350,0,145,45,355,0,140,-35" /><INIT seed="5,3,0,5,2,44" ten="350,190,355,105" oya="1" hai0="17,72,121,84,71,21,134,128,25,33,5,1,24" hai1="19,127,133,8,47,41,75,49,46,39,3,9,135" hai2="11,120,101,62,104,10,13,64,56,80,52,45,85" hai3="15,38,132,112,68,54,0,122,31,91,92,119,28"/><U30/><E75/><V124/><F120/><W59/><G68/><T58/><D71/><U67/><E67/><V65/><F104/><W130/><G0/><T42/><D72/><U76/><E76/><V113/><F101/><W114/><G122/><T37/><D128/><U29/><E127/><V20/><F124/><W96/><G130/><T125/><D125/><U26/><E19/><N who="2" m="10351" /><F113/><W131/><G131/><T115/><D115/><U102/><E102/><V111/><F111/><W126/><G38/><T108/><D108/><U99/><E99/><V55/><F55/><W95/><G132/><N who="1" m="50762" /><E3/><V43/><F43/><W129/><G119/><T103/><D103/><U79/><E79/><N who="2" m="46239" /><F45/><W74/><G74/><T48/><D48/><N who="1" m="26703" /><E30/><V109/><F109/><W2/><G2/><T123/><D134/><U117/><E117/><V14/><F10/><W61/><G126/><T22/><D121/><U12/><E12/><V27/><F27/><W51/><G129/><T57/><D123/><U83/><E83/><V94/><F94/><W4/><G112/><T69/><D1/><U70/><E70/><V93/><F93/><W63/><G114/><T90/><D90/><U50/><E39/><V66/><F65/><W100/><G28/><T106/><D37/><U35/><E47/><V40/><F40/><W73/><G31/><T118/><D42/><U88/><E88/><V86/><F86/><N who="3" m="52343" /><G73/><T77/><D77/><U78/><E78/><V7/><AGARI ba="3,0" hai="7,11,14,52,56,62,64,66" m="46239,10351" machi="7" ten="30,2000,0" yaku="8,1,54,1" doraHai="44" who="2" fromWho="2" sc="350,-8,190,-13,355,29,105,-8" /><INIT seed="6,0,0,5,4,41" ten="342,177,384,97" oya="2" hai0="33,87,120,90,24,20,7,93,14,132,110,65,80" hai1="108,34,77,60,66,5,50,63,30,35,10,127,105" hai2="46,116,25,53,17,107,11,88,2,131,123,109,79" hai3="40,58,92,69,15,124,8,38,31,95,0,18,117"/><V129/><F123/><W104/><G104/><T3/><D132/><U57/><E108/><V19/><F116/><W6/><G69/><T51/><D110/><U94/><E105/><V111/><F107/><W112/><G124/><T4/><D120/><U130/><E127/><V22/><F79/><W1/><G117/><T113/><D113/><U45/><E130/><V84/><F111/><W122/><G122/><T106/><D106/><U21/><E77/><V61/><F109/><W71/><G71/><T135/><D3/><U118/><E118/><V55/><F61/><W85/><G112/><T70/><D135/><U101/><E63/><V73/><F73/><W103/><G31/><T72/><D33/><U67/><E67/><V32/><F32/><W56/><G1/><T49/><D65/><U86/><E21/><V74/><F74/><W52/><G58/><T102/><D70/><U43/><E30/><V99/><F2/><W44/><G85/><T47/><D14/><U62/><E60/><V42/><F99/><W23/><REACH who="3" step="1"/><G103/><REACH who="3" ten="342,177,384,87" step="2"/><T125/><D125/><U54/><E101/><V16/><F131/><W9/><G9/><T26/><D72/><U48/><E86/><V81/><F11/><W78/><G78/><T82/><D102/><U37/><E10/><V76/><F76/><W83/><G83/><T59/><D80/><U119/><E119/><V27/><F129/><W115/><G115/><T39/><D82/><U114/><E114/><V64/><F81/><W36/><G36/><T28/><D39/><N who="1" m="21759" /><E57/><V68/><F68/><W128/><G128/><T98/><D59/><RYUUKYOKU ba="0,1" sc="342,-10,177,-10,384,-10,87,30" hai3="0,6,8,15,18,23,38,40,44,52,56,92,95" /><INIT seed="7,1,1,5,1,11" ten="332,167,374,117" oya="3" hai0="73,46,35,3,107,106,45,124,89,123,36,52,56" hai1="122,21,30,92,62,135,40,49,61,31,101,34,81" hai2="125,96,87,94,43,7,25,111,57,110,54,99,70" hai3="134,132,19,59,75,33,86,108,44,130,129,12,32"/><W65/><G75/><T55/><D35/><N who="3" m="13385" /><G44/><T42/><D73/><U91/><E34/><V112/><F70/><W14/><G86/><T38/><D3/><U16/><E122/><V117/><F117/><W113/><G113/><T133/><D123/><U60/><E81/><V37/><F43/><W100/><G100/><T77/><D77/><U64/><E101/><V78/><F37/><W84/><G108/><T83/><D133/><N who="3" m="51305" /><G84/><T126/><D83/><U114/><E64/><V24/><F112/><W103/><G103/><T8/><D8/><U10/><E10/><V9/><F111/><W119/><G119/><T6/><D89/><U27/><E114/><V67/><F110/><W118/><G118/><T17/><D42/><U68/><E68/><V115/><F115/><W66/><G19/><T22/><D17/><U48/><E135/><V15/><F99/><W23/><G23/><T102/><D22/><U74/><E74/><V98/><F98/><W109/><G109/><T28/><D102/><U39/><E39/><V105/><F96/><W85/><G85/><T127/><D127/><U13/><E40/><V41/><F87/><W90/><G90/><T71/><D71/><U104/><E91/><V128/><F41/><W97/><G97/><T82/><D82/><U20/><E92/><V116/><F94/><W5/><G5/><T131/><D6/><U88/><E88/><V69/><F7/><W0/><G0/><T72/><D72/><U50/><E104/><V53/><F105/><W26/><G26/><T76/><D107/><U18/><AGARI ba="1,1" hai="13,16,18,20,21,27,30,31,48,49,50,60,61,62" machi="18" ten="40,8000,1" yaku="0,1,8,1,52,1,54,1" doraHai="11" who="1" fromWho="1" sc="332,-21,167,93,374,-21,117,-41" owari="311,11.0,260,-14.0,353,45.0,76,-42.0" /></mjloggm>