<mjloggm ver="2.3"><GO type="185" lobby="0"/><UN n0="%E6%B5%84%E6%8B%AD%E5%B1%8B%E4%B8%80" n1="%50%42%33%2D%50" n2="%74%2E%6F%2E%6F%2E%73" n3="" dan="16,17,18,0" rate="2092.18,2252.46,2313.36,1500.00" sx="M,M,M,C"/><TAIKYOKU oya="0"/><INIT seed="0,0,0,1,0,85" ten="350,350,350,0" oya="0" hai0="75,119,96,88,66,110,82,100,53,38,109,103,134" hai1="59,125,77,73,113,90,130,54,104,76,37,39,55" hai2="117,80,91,51,128,121,67,93,116,57,97,47,34" hai3=""/><T69/><D119/><U68/><E104/><V106/><N who="2" m="31008" /><V61/><F34/><T72/><D38/><U50/><E68/><V84/><F106/><T115/><D115/><U120/><N who="1" m="30752" /><U56/><E113/><V48/><F128/><T58/><D103/><U87/><E130/><V129/><F129/><T40/><D40/><U95/><E125/><V60/><F60/><T36/><D36/><U46/><E73/><V99/><F99/><T132/><D69/><U35/><E35/><V111/><F111/><N who="0" m="42506" /><D66/><U133/><E133/><N who="0" m="51305" /><D100/><U45/><E39/><V32/><F32/><T112/><D112/><U108/><E108/><V70/><F70/><T118/><D118/><N who="2" m="45674" /><F47/><N who="1" m="17929" /><E37/><V105/><F105/><T0/><D0/><U81/><E56/><V42/><F42/><T44/><D44/><U43/><E43/><V78/><AGARI ba="0,0" hai="48,51,57,61,67,78,80,84,91,93,97" m="45674,31008" machi="78" ten="30,3000,0" yaku="12,1,52,2" doraHai="85" who="2" fromWho="2" sc="350,-20,350,-10,350,30,0,0" /><INIT seed="1,0,0,4,5,68" ten="330,340,380,0" oya="1" hai0="80,52,124,85,107,75,43,35,133,135,45,48,97" hai1="130,102,57,51,106,91,86,90,0,79,71,81,129" hai2="54,110,132,98,40,103,69,117,78,34,109,74,53" hai3=""/><U118/><E0/><V1/><F117/><T44/><D35/><U64/><E71/><V62/><F1/><T56/><D75/><U76/><E51/><V66/><F34/><T111/><D45/><U63/><E118/><V134/><F40/><T77/><D124/><U41/><E41/><V113/><F78/><T47/><D47/><U127/><E127/><V38/><F74/><T59/><D59/><U93/><E106/><V100/><F100/><T125/><D125/><U84/><REACH who="1" step="1"/><E102/><REACH who="1" ten="330,330,380,0" step="2"/><V115/><F103/><T65/><D107/><U128/><AGARI ba="0,1" hai="57,63,64,76,79,81,84,86,90,91,93,128,129,130" machi="128" ten="30,7800,0" yaku="1,1,2,1,0,1,19,1,53,0" doraHai="68" doraHaiUra="70" who="1" fromWho="1" sc="330,-39,330,88,380,-39,0,0" /><INIT seed="1,1,0,5,3,95" ten="291,418,341,0" oya="1" hai0="63,100,50,73,45,35,66,114,61,119,102,51,81" hai1="44,92,130,98,83,104,47,118,129,79,112,77,38" hai2="90,132,68,99,134,107,115,110,39,62,101,3,96" hai3=""/><U116/><E38/><V48/><F3/><T43/><D119/><N who="1" m="45611" /><E44/><V91/><F39/><T60/><D35/><U55/><E47/><V124/><F110/><T106/><D114/><U123/><N who="1" m="31520" /><U46/><E46/><V56/><F124/><T121/><N who="0" m="31008" /><T126/><D126/><U71/><E55/><V70/><F115/><T36/><D102/><U49/><E49/><V75/><F75/><T64/><D100/><U34/><E71/><V37/><F37/><T53/><D106/><U133/><E34/><V125/><F125/><T32/><D73/><U86/><E112/><V85/><F48/><T58/><D81/><U89/><E133/><V67/><F132/><T65/><D32/><U76/><E104/><V108/><F134/><T69/><D51/><U120/><N who="1" m="30752" /><U33/><E33/><V54/><F54/><T42/><D42/><U57/><E57/><V52/><F67/><AGARI ba="1,0" hai="36,43,45,50,53,58,60,61,63,64,65,66,67,69" m="31008" machi="67" ten="40,16000,3" yaku="24,2,35,6,52,1" doraHai="95" who="0" fromWho="2" sc="291,162,418,0,341,-162,0,0" /><INIT seed="2,0,0,5,2,92" ten="453,418,179,0" oya="2" hai0="129,55,91,99,134,103,49,38,43,61,93,100,0" hai1="64,128,32,126,125,40,101,52,80,79,113,132,58" hai2="116,69,78,1,44,118,81,35,66,67,97,36,62" hai3=""/><V83/><F1/><T104/><D0/><U59/><E32/><V75/><F35/><T53/><D134/><U51/><E113/><V94/><F66/><T82/><D129/><U106/><E40/><V90/><REACH who="2" step="1"/><F83/><REACH who="2" ten="453,418,169,0" step="2"/><T42/><D82/><U37/><E80/><V46/><F46/><T95/><D38/><U71/><E37/><V133/><F133/><T76/><D76/><U39/><E79/><V112/><F112/><T124/><D124/><U117/><E39/><V50/><F50/><T122/><D49/><U54/><E132/><V33/><F33/><T135/><D135/><U2/><E2/><V130/><F130/><T108/><D61/><U127/><E128/><V60/><F60/><T85/><D43/><AGARI ba="0,1" hai="36,43,44,62,67,69,75,78,81,90,94,97,116,118" machi="43" ten="40,7700,0" yaku="1,1,52,1,53,1" doraHai="92" doraHaiUra="88" who="2" fromWho="0" sc="453,-77,418,0,169,87,0,0" /><INIT seed="2,1,0,3,0,130" ten="376,418,256,0" oya="2" hai0="107,97,81,116,71,64,86,132,33,125,58,39,85" hai1="84,87,80,123,134,44,131,73,0,93,2,46,118" hai2="105,102,88,68,106,96,60,78,66,111,72,41,75" hai3=""/><V52/><F111/><T89/><D116/><U110/><N who="1" m="31520" /><U50/><E118/><V127/><F127/><T65/><D125/><U108/><E131/><V59/><F41/><T32/><D39/><U62/><E62/><V36/><F36/><T42/><D42/><U54/><E73/><V129/><F129/><T56/><D107/><U45/><E93/><V117/><F117/><T112/><D112/><U76/><E87/><V100/><F78/><T104/><D104/><U119/><E119/><V122/><N who="2" m="31264" /><V83/><F88/><T124/><D124/><U57/><E2/><V70/><F83/><T115/><D115/><U94/><E0/><V109/><F109/><N who="1" m="42089" /><E94/><V1/><F1/><T47/><D81/><U120/><N who="1" m="30752" /><U99/><E99/><V101/><F70/><T126/><D71/><U67/><E67/><V90/><F106/><T121/><N who="0" m="31008" /><T35/><D126/><U61/><E134/><V95/><REACH who="2" step="1"/><F105/><REACH who="2" ten="376,418,246,0" step="2"/><T34/><D34/><U79/><E79/><V63/><AGARI ba="1,1" hai="52,59,60,63,66,68,72,75,90,95,96,100,101,102" m="31264" machi="63" ten="30,12000,2" yaku="1,1,2,1,0,1,52,1,54,1,53,1" doraHai="130" doraHaiUra="91" who="2" fromWho="2" sc="376,-61,418,-61,246,132,0,0" /><INIT seed="2,2,0,5,5,111" ten="315,357,378,0" oya="2" hai0="55,115,114,61,84,60,80,102,119,87,39,47,34" hai1="73,83,133,78,68,113,124,117,46,58,132,79,89" hai2="95,72,105,0,120,121,51,40,63,76,86,96,128" hai3=""/><V54/><N who="2" m="30752" /><V81/><N who="2" m="31008" /><V99/><F128/><T93/><D119/><U123/><N who="1" m="31520" /><U50/><E68/><V91/><F0/><T116/><D34/><U127/><E117/><V131/><F131/><T62/><D116/><U100/><E113/><N who="0" m="43017" /><D102/><U44/><E79/><V64/><F40/><T129/><D129/><U104/><E89/><V59/><REACH who="2" step="1"/><F105/><REACH who="2" ten="315,357,368,0" step="2"/><T43/><D55/><U66/><E132/><V108/><F108/><T36/><D36/><U2/><E133/><V106/><F106/><T90/><D80/><U130/><E130/><V69/><AGARI ba="2,1" hai="51,54,59,63,64,69,72,76,81,86,91,95,96,99" m="31008,30752" machi="69" ten="20,12000,2" yaku="1,1,0,1,7,1,52,2,53,1" doraHai="111" doraHaiUra="53" who="2" fromWho="2" sc="315,-62,357,-62,368,134,0,0" /><INIT seed="2,3,0,0,5,126" ten="253,295,502,0" oya="2" hai0="0,104,36,79,48,121,57,115,42,52,108,87,127" hai1="117,123,41,109,67,39,85,72,70,71,46,78,120" hai2="63,90,59,102,47,89,86,65,53,37,74,103,100" hai3=""/><V135/><F74/><T93/><N who="0" m="31008" /><T106/><D115/><U94/><N who="1" m="30752" /><U43/><N who="1" m="31520" /><U40/><E117/><V122/><N who="2" m="31264" /><V1/><F1/><T91/><D127/><U116/><E116/><V51/><F135/><T84/><D0/><U131/><E131/><V44/><F37/><T66/><D108/><U35/><E35/><V80/><REACH who="2" step="1"/><F90/><REACH who="2" ten="253,295,492,0" step="2"/><T58/><D79/><U97/><E72/><V130/><F130/><T62/><REACH who="0" step="1"/><D84/><REACH who="0" ten="243,295,492,0" step="2"/><U128/><E85/><V56/><AGARI ba="3,2" hai="44,47,51,53,56,59,63,65,80,86,89,100,102,103" m="31264" machi="56" ten="30,7800,0" yaku="1,1,0,1,8,1,52,1,53,0" doraHai="126" doraHaiUra="73" who="2" fromWho="2" sc="243,-42,295,-42,492,104,0,0" /><INIT seed="2,4,0,0,3,3" ten="201,253,596,0" oya="2" hai0="51,33,88,80,78,109,71,119,131,76,68,102,47" hai1="81,1,124,104,49,125,106,59,110,32,128,56,93" hai2="57,41,122,113,61,100,48,108,116,85,44,91,38" hai3=""/><V69/><N who="2" m="31264" /><V112/><F116/><T90/><D119/><U103/><E1/><V37/><F100/><T123/><N who="0" m="31520" /><T73/><D33/><U101/><E93/><V60/><F108/><T126/><D109/><U94/><E94/><V39/><F85/><T46/><D102/><U40/><E110/><V64/><F91/><T118/><D118/><U70/><E70/><V45/><F45/><T36/><D36/><U55/><E40/><V35/><F35/><T95/><D78/><U67/><E32/><V42/><F42/><T66/><D90/><U0/><E0/><V107/><F107/><T114/><D114/><U50/><E81/><V84/><F84/><T72/><D72/><U87/><E87/><V65/><AGARI ba="4,0" hai="37,38,39,41,44,48,57,60,61,64,65,69,112,113" m="31264" machi="65" ten="40,8000,1" yaku="0,1,34,3,52,1" doraHai="3" who="2" fromWho="2" sc="201,-44,253,-44,596,88,0,0" /><INIT seed="2,5,0,1,0,41" ten="157,209,684,0" oya="2" hai0="90,109,131,99,95,104,110,116,113,93,118,32,77" hai1="57,86,47,88,3,89,74,45,33,132,78,108,60" hai2="2,87,42,80,82,66,76,56,133,65,43,39,61" hai3=""/><V125/><F2/><T63/><D32/><U117/><E3/><V0/><F0/><T121/><N who="0" m="31008" /><T73/><D63/><U111/><E33/><V129/><F129/><T114/><D131/><U103/><E103/><V115/><F115/><T36/><D104/><U94/><E117/><N who="0" m="45161" /><D36/><U127/><E89/><V102/><F125/><T46/><D46/><N who="1" m="17419" /><E74/><V50/><F102/><T53/><D53/><U68/><E68/><V59/><F39/><T40/><D40/><U51/><E51/><V126/><F50/><T71/><D71/><U119/><E119/><V128/><F42/><T79/><D73/><U75/><E75/><V1/><F43/><T55/><D114/><U58/><E58/><V64/><F56/><T130/><D130/><U123/><N who="1" m="31520" /><U84/><E57/><V85/><F1/><T91/><D113/><U106/><E106/><V96/><F128/><T98/><D55/><U92/><E60/><V72/><F61/><T48/><D48/><U105/><E105/><V70/><F70/><T37/><D37/><U62/><E62/><V54/><F72/><T44/><D44/><U67/><E67/><V135/><F66/><T120/><N who="0" m="30752" /><T69/><D69/><U52/><E52/><V34/><F54/><RYUUKYOKU ba="5,0" sc="157,20,209,-10,684,-10,0,0" hai0="77,79,90,91,93,95,98,99,109,110" /><INIT seed="4,6,0,4,4,67" ten="177,199,674,0" oya="0" hai0="83,73,134,54,112,84,122,106,56,70,71,52,34" hai1="51,79,89,68,0,107,133,105,80,57,33,78,38" hai2="93,121,91,43,94,1,109,127,102,104,111,108,120" hai3=""/><T87/><N who="0" m="31264" /><T36/><D34/><U3/><E33/><V130/><N who="2" m="30752" /><V47/><N who="2" m="31008" /><V44/><F1/><T40/><D106/><U103/><E38/><V58/><F130/><T115/><D134/><U50/><E133/><V119/><F127/><T118/><D118/><U92/><E103/><V60/><F119/><T39/><D40/><U69/><E57/><V48/><F91/><T124/><D56/><U99/><E89/><V100/><F47/><T86/><D87/><U72/><E99/><V64/><F104/><T110/><D83/><U116/><E116/><V95/><AGARI ba="6,0" hai="43,44,48,58,60,64,93,94,95,100,102,108,109,111" m="31008,30752" machi="95" ten="40,3900,0" yaku="0,1,52,2" doraHai="67" who="2" fromWho="2" sc="177,-32,199,-19,674,51,0,0" /><INIT seed="5,0,0,1,4,98" ten="145,180,725,0" oya="1" hai0="102,91,54,109,101,110,97,111,129,51,87,127,75" hai1="77,69,71,86,116,60,83,119,79,135,120,42,124" hai2="39,0,112,44,118,133,85,61,57,72,84,63,55" hai3=""/><U90/><N who="1" m="30752" /><U48/><E116/><V131/><F0/><T37/><D37/><U76/><E119/><V128/><F72/><T107/><D129/><U94/><E135/><V122/><N who="2" m="31264" /><V35/><F35/><T33/><D33/><U92/><E124/><V105/><F105/><T99/><D127/><U134/><E134/><V50/><F112/><T67/><D67/><U41/><E71/><V73/><F73/><T32/><D75/><U2/><E2/><V43/><F118/><T126/><D126/><U88/><E48/><V3/><F3/><T36/><D36/><U59/><E69/><V113/><F113/><T108/><D32/><U104/><E104/><V46/><F63/><T89/><D87/><U82/><E82/><V93/><F93/><N who="1" m="35945" /><E90/><V74/><F133/><T1/><D1/><U121/><N who="1" m="31008" /><U70/><E70/><V58/><F74/><T40/><D111/><U53/><AGARI ba="0,0" hai="41,42,53,59,60,76,77,79,83,86,88" m="31008,35945,30752" machi="53" ten="30,7800,0" yaku="8,1,52,2,54,1" doraHai="98" who="1" fromWho="1" sc="145,-39,180,78,725,-39,0,0" /><INIT seed="5,1,0,0,5,125" ten="106,258,686,0" oya="1" hai0="82,77,110,67,54,130,45,40,92,118,119,87,53" hai1="84,85,88,65,98,122,72,64,63,134,49,36,95" hai2="135,132,42,100,97,127,60,52,51,1,80,112,34" hai3=""/><U99/><N who="1" m="31264" /><U70/><E72/><V93/><F1/><T74/><D110/><U128/><E36/><V75/><F34/><T91/><D67/><U46/><E128/><V129/><F127/><T81/><D82/><U103/><E64/><V35/><F35/><T58/><D130/><U57/><E70/><V113/><F60/><T44/><D44/><U121/><N who="1" m="31008" /><U115/><E115/><N who="2" m="44107" /><F42/><T0/><D0/><U83/><E134/><V131/><F131/><T133/><D133/><U68/><E68/><V105/><F105/><T124/><D124/><U90/><E103/><V59/><F129/><T78/><D119/><U123/><N who="1" m="31520" /><U47/><E47/><V55/><F55/><AGARI ba="1,0" hai="46,49,55,57,63,65,83,84,85,88,90,95,98,99" m="31520,31008,31264" machi="55" ten="30,18000,2" yaku="7,1,8,1,52,3,54,1" doraHai="125" who="1" fromWho="2" sc="106,0,258,182,686,-182,0,0" /><INIT seed="5,2,0,1,4,57" ten="106,440,504,0" oya="1" hai0="48,105,120,115,106,84,50,37,58,86,93,1,66" hai1="124,43,64,104,2,114,112,77,135,107,38,123,111" hai2="88,131,102,60,118,130,74,44,56,129,34,47,75" hai3=""/><U103/><N who="1" m="31520" /><U99/><E2/><V61/><F118/><T49/><N who="0" m="30752" /><T40/><D1/><U122/><N who="1" m="31264" /><U41/><E111/><V69/><F102/><T59/><D115/><N who="1" m="44075" /><E135/><V90/><F34/><T108/><D108/><U72/><E124/><V54/><F74/><T100/><D37/><U46/><E43/><V79/><F79/><T71/><D40/><U76/><E72/><V53/><F75/><T63/><D93/><U62/><E107/><V3/><F3/><T94/><D94/><U125/><E125/><V81/><F81/><T126/><D126/><U70/><AGARI ba="2,0" hai="38,41,46,62,64,70,76,77,99,103,104" m="44075,31264,31520" machi="70" ten="30,7800,0" yaku="15,1,52,3" doraHai="57" who="1" fromWho="1" sc="106,-41,440,82,504,-41,0,0" /><INIT seed="5,3,0,3,5,75" ten="65,522,463,0" oya="1" hai0="76,97,80,54,57,114,122,41,129,52,66,48,118" hai1="39,69,1,63,127,103,102,121,72,116,65,59,130" hai2="60,88,85,56,115,42,84,98,86,124,83,70,74" hai3=""/><U0/><N who="1" m="31008" /><U51/><E116/><V99/><F70/><T106/><N who="0" m="31264" /><T93/><D118/><U81/><E39/><V133/><F133/><T117/><D117/><U50/><E130/><V90/><F124/><T109/><D106/><U100/><E127/><V45/><F115/><T110/><D129/><U104/><E104/><V62/><F74/><T32/><D114/><U105/><E105/><V95/><F84/><T132/><D132/><U125/><E125/><V91/><F91/><T61/><D41/><U128/><E128/><V73/><F73/><T101/><D32/><U36/><E36/><V94/><F83/><T126/><D54/><U87/><E72/><V40/><F45/><T107/><D107/><U112/><E112/><V96/><REACH who="2" step="1"/><F62/><REACH who="2" ten="65,522,453,0" step="2"/><T123/><N who="0" m="31520" /><T37/><D126/><U82/><E69/><V55/><AGARI ba="3,1" hai="40,42,55,56,60,85,86,88,90,94,95,96,98,99" machi="55" ten="30,6000,1" yaku="1,1,0,1,9,1,8,1,54,1,53,0" doraHai="75" doraHaiUra="64" who="2" fromWho="2" sc="65,-23,522,-43,453,76,0,0" /><INIT seed="6,0,0,4,5,55" ten="42,479,529,0" oya="2" hai0="76,116,92,134,123,50,102,94,61,60,67,46,121" hai1="85,81,131,112,111,42,34,38,37,82,80,70,135" hai2="74,90,97,95,44,69,41,77,114,103,124,33,65" hai3=""/><V86/><F33/><T105/><D116/><U62/><E34/><V40/><F114/><T59/><N who="0" m="31008" /><T107/><N who="0" m="31520" /><T113/><D76/><U84/><E111/><V118/><F118/><T119/><D113/><U93/><E112/><V88/><F124/><T35/><D119/><U117/><E117/><V132/><F132/><T122/><D35/><U43/><E135/><V48/><F74/><T96/><N who="0" m="31264" /><T127/><D134/><U128/><E93/><V100/><F77/><T89/><D127/><U0/><E0/><V63/><F40/><N who="1" m="15401" /><E62/><V79/><F79/><T72/><D72/><U83/><N who="1" m="20480" /><DORA hai="53" /><U126/><E70/><V54/><F41/><T2/><D2/><U91/><E91/><N who="2" m="34859" /><F86/><N who="1" m="33385" /><E126/><V115/><F115/><T73/><D73/><U3/><E3/><V129/><F129/><AGARI ba="0,0" hai="37,38,128,129,131" m="33385,20480,15401" machi="129" ten="50,6400,0" yaku="28,2,19,1" doraHai="55,53" who="1" fromWho="2" sc="42,0,479,64,529,-64,0,0" owari="42,-56.0,543,49.0,465,7.0,0,0.0" /></mjloggm>