<mjloggm ver="2.3"><GO type="169" lobby="0"/><UN n0="%E3%81%92%E3%82%93%E3%81%BE%E3%81%84" n1="%E3%82%82%E3%82%8A%E3%82%82%E3%82%8A%E3%81%8A%E3%81%AB%E3%81%8E%E3%82%8A" n2="%E4%B8%8A%E6%B5%B7%E3%83%8B%E3%83%83%E3%82%AF" n3="%E3%81%86%E3%81%A9%E3%82%93%E3%81%93" dan="16,16,17,16" rate="2128.04,2126.43,2191.02,2168.64" sx="M,M,M,M"/><TAIKYOKU oya="0"/><INIT seed="0,0,0,4,3,132" ten="250,250,250,250" oya="0" hai0="96,29,106,104,47,122,99,13,11,95,77,45,5" hai1="75,8,50,0,23,12,73,48,117,112,107,16,19" hai2="125,123,113,32,127,90,53,129,20,44,64,108,72" hai3="121,85,98,22,74,39,83,9,93,27,18,102,57"/><T81/><D122/><U21/><E117/><V43/><F123/><W71/><G71/><T38/><D29/><U103/><E112/><V66/><F113/><W76/><G121/><T105/><D38/><U78/><E0/><V126/><F32/><W97/><G39/><T15/><D15/><U55/><E78/><V52/><F72/><W62/><G98/><T86/><REACH who="0" step="1"/><D99/><REACH who="0" ten="240,250,250,250" step="2"/><U58/><E12/><V34/><F34/><W100/><G9/><T61/><D61/><U120/><E120/><V41/><F129/><W30/><G74/><T110/><D110/><U65/><E73/><V63/><F108/><W84/><G84/><T91/><AGARI ba="0,1" hai="5,11,13,45,47,77,81,86,91,95,96,104,105,106" machi="91" ten="30,3000,0" yaku="1,1,0,1,53,0" doraHai="132" doraHaiUra="67" who="0" fromWho="0" sc="240,40,250,-10,250,-10,250,-10" /><INIT seed="0,1,0,2,4,11" ten="280,240,240,240" oya="0" hai0="121,70,61,30,36,102,65,96,93,55,77,103,35" hai1="24,6,75,45,17,120,84,22,20,5,60,50,95" hai2="131,2,18,124,52,72,86,41,8,129,74,15,112" hai3="79,0,64,53,37,105,62,118,14,92,113,123,44"/><T114/><D114/><U3/><E75/><V32/><F112/><W132/><G0/><T106/><D121/><U117/><E117/><V128/><F124/><W73/><G105/><T109/><D36/><U4/><E120/><V59/><F41/><W1/><G1/><T99/><D77/><U94/><E3/><V126/><F126/><W134/><G113/><T28/><D109/><U69/><E84/><V27/><F2/><W122/><G37/><T135/><D135/><U83/><E83/><V66/><F66/><W9/><G73/><T116/><D116/><U80/><E80/><V25/><F25/><W89/><G118/><T101/><D101/><U47/><E47/><V130/><N who="2" m="32768" /><DORA hai="12" /><V19/><F86/><W78/><G123/><T71/><D71/><U133/><E133/><N who="3" m="51306" /><G53/><T81/><D81/><U57/><E69/><V119/><F119/><W33/><G44/><T107/><D93/><U16/><E45/><V26/><F26/><W104/><G33/><T48/><REACH who="0" step="1"/><D35/><REACH who="0" ten="270,240,240,240" step="2"/><U125/><E125/><V51/><F32/><W39/><G39/><T68/><D68/><U23/><E94/><V115/><F115/><W46/><G122/><T110/><D110/><U87/><E95/><V63/><F74/><W31/><G79/><T54/><D54/><U40/><E40/><V38/><F72/><W90/><G78/><T111/><D111/><U56/><E87/><V127/><F127/><W42/><G92/><T10/><D10/><U82/><E82/><V97/><F38/><W13/><G42/><T76/><D76/><U88/><E88/><V67/><F8/><RYUUKYOKU ba="1,1" sc="270,30,240,-10,240,-10,240,-10" hai0="28,30,48,55,61,65,70,96,99,102,103,106,107" /><INIT seed="0,2,1,4,5,48" ten="300,230,230,230" oya="0" hai0="53,10,131,116,43,99,79,39,9,5,25,109,119" hai1="61,92,107,33,65,37,111,30,7,36,125,62,108" hai2="32,86,81,134,59,40,113,6,55,83,73,135,19" hai3="97,106,112,80,66,85,64,24,14,35,84,122,42"/><T2/><D131/><U100/><E107/><V121/><F121/><W96/><G112/><T70/><D70/><U75/><E75/><V78/><F113/><W123/><G42/><T129/><D129/><U120/><E120/><N who="3" m="46122" /><G14/><T11/><D109/><N who="1" m="42059" /><E125/><V88/><F32/><W102/><G97/><T77/><D10/><U15/><E30/><V110/><F110/><W94/><G94/><T20/><D9/><N who="1" m="4543" /><E33/><V44/><F6/><W133/><G85/><T18/><D99/><N who="1" m="59495" /><E61/><V71/><F71/><AGARI ba="2,1" hai="36,37,62,65,71" m="59495,4543,42059" machi="71" ten="30,1000,0" yaku="14,1" doraHai="48" who="1" fromWho="2" sc="300,0,230,26,230,-16,230,0" /><INIT seed="1,0,0,5,2,72" ten="300,256,214,230" oya="1" hai0="47,134,43,12,34,33,57,68,11,61,37,44,46" hai1="79,111,71,127,77,56,14,59,23,78,104,98,27" hai2="20,96,28,100,109,112,50,41,83,53,51,62,49" hai3="32,8,18,122,36,67,30,19,48,102,64,52,125"/><U133/><E71/><V84/><F109/><W69/><G122/><T97/><D68/><U26/><E111/><V117/><F117/><W120/><G120/><T70/><D70/><U60/><E133/><V3/><F3/><W101/><G36/><T73/><D134/><U82/><E127/><V123/><F112/><W105/><G125/><T89/><D73/><U126/><E126/><V93/><F123/><W115/><G115/><T99/><D37/><U110/><E110/><V103/><F103/><W35/><G69/><T92/><D43/><U81/><E104/><V131/><F131/><W94/><G94/><T95/><D95/><U25/><E98/><V16/><F28/><W91/><G91/><T76/><D76/><U0/><E0/><V9/><F9/><W121/><G8/><T63/><D99/><U119/><E119/><V13/><F62/><W24/><G35/><T1/><D1/><U90/><E90/><V2/><F41/><W132/><G132/><T5/><REACH who="0" step="1"/><D63/><REACH who="0" ten="290,256,214,230" step="2"/><U114/><E114/><V6/><F2/><W21/><G121/><T108/><D108/><U88/><E60/><V106/><F106/><W85/><G105/><T74/><D74/><U4/><E82/><V58/><F6/><W86/><G86/><T55/><AGARI ba="0,1" hai="5,11,12,33,34,44,46,47,55,57,61,89,92,97" machi="55" ten="30,2000,0" yaku="1,1,0,1,53,0" doraHai="72" doraHaiUra="15" who="0" fromWho="0" sc="290,30,256,-10,214,-5,230,-5" /><INIT seed="2,0,0,0,1,23" ten="320,246,209,225" oya="2" hai0="35,38,1,52,121,126,65,106,97,58,55,86,54" hai1="77,30,40,75,45,39,84,133,125,111,91,123,85" hai2="93,115,51,74,9,99,63,108,68,64,102,41,53" hai3="67,44,104,36,122,24,62,25,128,79,11,78,112"/><V6/><F115/><W17/><G122/><T21/><D35/><U129/><E123/><V114/><F114/><W3/><G112/><T28/><D1/><U90/><E111/><V127/><F127/><W103/><G128/><T131/><D38/><U7/><E129/><V4/><F108/><W12/><G3/><T29/><D121/><U118/><E118/><V119/><F119/><W113/><G113/><T48/><D131/><U2/><E125/><V22/><F74/><W107/><G78/><T27/><D126/><U105/><E105/><V13/><F41/><W32/><G79/><T43/><D86/><N who="1" m="33387" /><E30/><V47/><REACH who="2" step="1"/><F22/><REACH who="2" ten="320,246,199,225" step="2"/><W50/><G32/><T92/><D43/><U19/><E75/><V130/><F130/><W88/><G36/><T80/><D21/><U61/><E40/><V132/><F132/><W110/><G110/><T95/><D80/><U83/><E83/><V37/><F37/><W20/><G20/><T124/><D124/><U81/><E81/><V60/><F60/><W66/><G62/><T46/><D48/><U70/><E61/><V69/><F69/><W96/><G50/><T82/><D82/><U15/><E70/><V10/><F10/><W0/><G11/><T72/><D72/><U18/><E133/><V100/><F100/><W135/><G103/><T71/><D71/><U98/><E39/><V33/><F33/><W87/><G135/><T117/><D117/><U57/><E77/><V73/><F73/><W5/><G88/><T56/><D56/><U26/><E57/><V101/><F101/><W94/><G44/><T109/><D46/><RYUUKYOKU ba="0,1" sc="320,-10,246,-10,199,30,225,-10" hai2="4,6,9,13,47,51,53,63,64,68,93,99,102" /><INIT seed="2,1,1,5,3,114" ten="310,236,229,215" oya="2" hai0="17,109,48,88,65,52,40,96,69,76,118,127,67" hai1="45,23,10,93,60,77,9,30,74,31,97,55,79" hai2="117,1,75,28,16,56,119,111,5,100,131,41,6" hai3="22,104,34,43,128,84,83,68,120,50,63,92,101"/><V105/><F75/><W4/><G120/><T61/><D109/><U86/><E74/><V130/><F111/><W27/><G34/><T18/><D76/><N who="1" m="29259" /><E86/><V110/><F110/><W37/><G104/><T90/><D40/><U98/><E98/><N who="2" m="61591" /><F28/><N who="1" m="10793" /><E23/><V80/><F80/><W91/><G37/><T26/><D67/><U12/><E12/><V121/><F121/><W103/><G128/><N who="2" m="49193" /><F1/><W35/><G35/><T106/><D106/><U33/><E33/><V11/><F41/><W36/><G36/><T89/><D96/><U95/><E95/><V21/><F56/><W39/><G39/><T59/><D127/><U3/><E3/><N who="2" m="447" /><F6/><W126/><G4/><T113/><D113/><U57/><E45/><V82/><F82/><W132/><G83/><T66/><D66/><U108/><E108/><V20/><F20/><W29/><G126/><T15/><D26/><AGARI ba="1,1" hai="16,21,26,117,119" m="447,49193,61591" machi="26" ten="30,11600,0" yaku="19,1,52,2,54,1" doraHai="114" who="2" fromWho="0" sc="310,-119,236,0,229,129,215,0" /><INIT seed="2,2,0,1,5,23" ten="191,236,358,215" oya="2" hai0="10,40,44,93,53,81,129,99,84,132,43,123,51" hai1="42,135,30,13,18,107,3,29,111,60,86,108,115" hai2="114,55,90,24,41,87,120,65,77,112,72,5,106" hai3="122,2,58,126,47,103,79,125,34,49,75,0,67"/><V95/><F120/><W105/><G122/><T124/><D123/><U69/><E107/><V1/><F65/><W57/><G34/><T27/><D124/><N who="3" m="47721" /><G79/><T119/><D132/><U89/><E3/><N who="3" m="1066" /><G75/><T37/><D129/><U33/><E42/><V28/><F41/><N who="3" m="24815" /><G67/><T63/><D119/><U88/><E135/><V50/><F106/><W92/><G105/><T4/><D37/><U109/><E115/><V85/><F72/><W70/><G70/><T116/><D116/><U121/><E121/><V21/><F5/><W22/><G22/><T12/><D63/><U128/><E128/><V98/><F1/><W20/><G20/><T62/><D62/><U101/><E69/><V118/><F118/><W73/><G73/><T131/><D131/><U36/><E60/><V35/><F35/><W31/><G31/><T17/><D4/><U80/><E36/><V26/><F77/><W134/><G134/><T82/><D27/><N who="1" m="18623" /><E30/><V133/><F133/><W15/><G15/><T102/><REACH who="0" step="1"/><D81/><REACH who="0" ten="181,236,358,215" step="2"/><U9/><E80/><V16/><F114/><W117/><G117/><T11/><D11/><U66/><E9/><V54/><F112/><W68/><G68/><T76/><AGARI ba="2,1" hai="10,12,17,40,43,44,51,53,76,82,84,93,99,102" machi="76" ten="20,12000,2" yaku="1,1,0,1,7,1,8,1,53,2" doraHai="23" doraHaiUra="38" who="0" fromWho="0" sc="181,136,236,-32,358,-62,215,-32" /><INIT seed="3,0,0,2,5,31" ten="317,204,296,183" oya="3" hai0="27,102,53,19,95,80,109,25,129,13,5,17,18" hai1="57,58,35,6,87,81,32,47,33,24,16,73,132" hai2="11,55,135,96,97,70,88,74,117,12,10,123,110" hai3="52,69,114,71,84,72,82,100,131,113,61,133,22"/><W45/><G131/><T126/><D109/><U41/><E73/><V64/><F110/><W79/><G133/><T21/><D129/><U38/><E132/><V93/><F117/><W77/><G100/><T30/><D126/><U127/><E127/><V48/><F135/><W120/><G120/><T85/><D53/><U43/><E43/><V2/><F74/><W119/><G119/><T65/><D65/><U89/><REACH who="1" step="1"/><E6/><REACH who="1" ten="317,194,296,183" step="2"/><V125/><F125/><W99/><G72/><T40/><D40/><U23/><AGARI ba="0,1" hai="16,23,24,32,33,35,38,41,47,57,58,81,87,89" machi="23" ten="40,16000,3" yaku="1,1,2,1,0,1,52,3,54,1,53,1" doraHai="31" doraHaiUra="37" who="1" fromWho="1" sc="317,-40,194,170,296,-40,183,-80" /><INIT seed="4,0,0,3,2,79" ten="277,364,256,103" oya="0" hai0="49,107,129,14,23,65,29,41,98,76,128,47,27" hai1="100,72,32,38,42,70,109,102,81,54,22,82,15" hai2="36,89,125,111,30,19,26,83,10,20,85,37,122" hai3="7,121,134,114,78,53,56,48,101,91,63,113,88"/><T115/><D115/><N who="3" m="44041" /><G101/><T13/><D65/><U17/><E70/><V132/><F122/><W64/><G121/><T1/><D1/><U12/><E32/><V96/><F111/><W74/><G7/><T93/><D107/><U43/><E109/><V33/><F132/><W117/><G117/><T57/><D76/><U61/><E72/><V34/><F125/><W55/><G134/><T50/><D50/><U3/><E3/><V45/><F10/><W94/><G94/><T123/><D57/><N who="1" m="34999" /><E38/><V28/><F96/><W52/><G48/><T97/><D97/><U105/><E105/><V25/><REACH who="2" step="1"/><F45/><REACH who="2" ten="277,364,246,103" step="2"/><W73/><G73/><T69/><D123/><U112/><E112/><V58/><F58/><W11/><G11/><T60/><D69/><U68/><E68/><V92/><F92/><W9/><G9/><T0/><D93/><U133/><E133/><V131/><F131/><W44/><G44/><T18/><D98/><U51/><E102/><V116/><F116/><W6/><G6/><T66/><D47/><N who="1" m="26111" /><E100/><V71/><F71/><W87/><G74/><T119/><D119/><U16/><E42/><V124/><F124/><W24/><G24/><AGARI ba="0,1" hai="19,20,24,25,26,28,30,33,34,36,37,83,85,89" machi="24" ten="30,12000,2" yaku="1,1,7,1,9,1,52,1,53,2" doraHai="79" doraHaiUra="31" who="2" fromWho="3" sc="277,0,364,0,246,130,103,-120" owari="277,-12.0,364,16.0,376,48.0,-17,-52.0" /></mjloggm>