<mjloggm ver="2.3"><GO type="185" lobby="0"/><UN n0="%50%42%33%2D%50" n1="%7A%61%30%30%30%34" n2="%E5%85%A5%E5%B7%A3%E6%9F%9A%E5%AE%9F" n3="" dan="17,17,16,0" rate="2249.68,2262.94,2184.40,1500.00" sx="M,M,F,C"/><TAIKYOKU oya="0"/><INIT seed="0,0,0,3,2,49" ten="350,350,350,0" oya="0" hai0="46,67,74,100,105,66,72,114,120,43,88,81,42" hai1="103,36,83,44,116,123,55,133,86,41,35,89,84" hai2="56,51,38,68,124,63,39,37,32,119,129,113,3" hai3=""/><T117/><N who="0" m="30752" /><T87/><D117/><U75/><N who="1" m="31520" /><U127/><E35/><V45/><F3/><T111/><D114/><U110/><E116/><V69/><F32/><T79/><D111/><U109/><E133/><V96/><F119/><T77/><D74/><U101/><E75/><V57/><F96/><T80/><D79/><U70/><E70/><N who="2" m="27243" /><F113/><T78/><D78/><U58/><E86/><V71/><F129/><T95/><D81/><U132/><E132/><V106/><F106/><T52/><D52/><U48/><REACH who="1" step="1"/><E127/><REACH who="1" ten="350,340,350,0" step="2"/><V102/><F124/><T128/><D128/><U99/><E99/><V125/><F125/><T85/><D85/><U94/><E94/><V50/><F71/><T108/><D108/><AGARI ba="0,1" hai="36,41,44,48,55,58,83,84,89,101,103,108,109,110" m="31520" machi="108" ten="40,8000,1" yaku="1,1,14,1,52,2,53,0" doraHai="49" doraHaiUra="73" who="1" fromWho="0" sc="350,-80,340,90,350,0,0,0" /><INIT seed="1,0,0,5,3,120" ten="270,430,350,0" oya="1" hai0="71,92,47,54,35,108,121,42,107,119,78,86,43" hai1="90,44,69,38,106,79,3,114,33,72,60,48,87" hai2="123,128,77,98,1,130,73,133,101,112,132,134,125" hai3=""/><U129/><E114/><V50/><N who="2" m="31520" /><V53/><F1/><T96/><N who="0" m="31008" /><T102/><D108/><U117/><E3/><V58/><F112/><T94/><D119/><U41/><E117/><V45/><F77/><T135/><D135/><U36/><E106/><V68/><F73/><T0/><D71/><U52/><E129/><V116/><F68/><T57/><D35/><U63/><E33/><V127/><F116/><T49/><D42/><U51/><E79/><V99/><F45/><T110/><D110/><U111/><E72/><V74/><F74/><T80/><REACH who="0" step="1"/><D0/><REACH who="0" ten="260,430,350,0" step="2"/><U39/><E111/><V124/><F101/><T115/><D115/><U65/><E90/><V91/><F91/><T32/><D32/><U89/><E89/><V76/><F76/><T81/><D81/><U104/><E69/><V93/><F93/><T70/><D70/><U37/><E41/><V83/><F83/><T84/><D84/><U113/><E87/><V67/><F67/><T2/><D2/><U46/><E113/><V103/><F103/><T66/><D66/><U105/><E65/><V75/><F75/><T131/><D131/><AGARI ba="0,1" hai="50,53,58,98,99,124,125,127,128,130,131,132,133,134" m="31520" machi="131" ten="50,32000,5" yakuman="39" doraHai="120" who="2" fromWho="0" sc="260,-320,430,0,350,330,0,0" owari="-60,-66.0,430,3.0,680,63.0,0,0.0" /></mjloggm>