<mjloggm ver="2.3"><GO type="169" lobby="0"/><UN n0="%E3%83%AC%E3%82%AA%E3%83%B3%E3%83%8F%E3%83%AB%E3%83%88" n1="%E3%83%AC%E3%82%A4%E3%81%A1%E3%82%83%E3%82%93" n2="%E3%81%9F%E3%81%BE%E5%AD%90" n3="%E7%A0%94%E7%A9%B6%E5%AD%A6%E5%9C%92" dan="16,16,17,16" rate="2062.43,2053.08,2154.21,2139.03" sx="M,M,M,M"/><TAIKYOKU oya="0"/><INIT seed="0,0,0,3,2,74" ten="250,250,250,250" oya="0" hai0="50,10,1,79,82,28,64,18,83,75,39,128,71" hai1="86,13,77,109,107,92,51,34,129,91,94,90,5" hai2="38,29,76,63,19,56,8,119,130,27,99,85,117" hai3="123,120,23,36,2,7,67,33,121,98,57,0,41"/><T93/><D128/><U44/><E34/><V6/><F38/><W9/><G33/><T112/><D112/><U73/><E129/><V14/><F130/><W81/><G98/><T89/><D28/><U87/><E109/><V60/><F99/><W132/><G132/><T103/><D103/><U135/><E107/><V126/><F126/><W114/><G114/><T84/><D39/><U37/><E37/><V47/><F47/><W58/><G2/><T30/><D30/><U134/><E13/><V125/><F125/><W68/><G23/><T12/><D1/><U102/><E5/><V111/><F111/><W104/><G104/><T97/><D50/><U15/><E15/><V16/><F63/><N who="3" m="40063" /><G81/><T108/><D108/><U21/><E102/><V46/><F46/><AGARI ba="0,0" hai="0,7,9,36,41,46,57,58,120,121,123" m="40063" machi="46" ten="30,1000,0" yaku="13,1" doraHai="74" who="3" fromWho="2" sc="250,0,250,0,250,-10,250,10" /><INIT seed="1,0,0,3,5,52" ten="250,250,240,260" oya="1" hai0="22,95,129,19,36,42,18,29,24,54,16,55,10" hai1="88,33,86,0,85,69,105,23,49,119,48,51,113" hai2="8,92,127,106,102,56,5,135,101,76,115,35,123" hai3="82,46,109,131,65,94,111,75,110,124,122,108,91"/><U6/><E33/><V128/><F123/><W27/><G122/><T103/><D129/><U90/><E113/><V45/><F128/><W11/><G131/><T32/><D36/><U71/><E105/><V26/><F135/><W93/><G124/><T83/><D42/><U50/><E119/><V13/><F127/><W41/><N who="3" m="27648" /><DORA hai="61" /><W78/><G11/><T66/><D83/><U98/><E98/><V28/><F106/><W53/><G53/><T21/><D54/><U60/><E6/><V39/><F115/><W80/><G27/><T68/><D10/><U121/><E0/><V34/><F76/><W40/><G40/><T79/><D79/><U112/><E112/><V64/><F35/><W100/><G100/><T72/><D72/><U125/><E125/><V30/><F30/><W14/><G14/><T1/><D1/><U73/><E73/><V15/><F15/><W59/><G82/><T116/><D116/><U67/><E71/><V37/><F45/><W7/><G91/><T12/><D32/><U87/><E121/><V114/><F114/><W70/><G70/><T4/><D4/><U99/><E99/><V43/><F43/><W96/><G96/><N who="0" m="59807" /><D68/><U134/><E134/><V44/><F101/><W9/><G9/><T62/><D55/><U38/><E38/><V132/><F132/><W20/><G20/><T84/><D84/><U89/><N who="1" m="12288" /><DORA hai="133" /><U3/><E3/><V74/><F74/><W126/><G7/><T17/><D29/><U58/><E69/><V120/><F120/><W97/><G126/><T104/><D104/><U118/><E118/><RYUUKYOKU ba="0,0" sc="250,15,250,15,240,-15,260,-15" hai0="12,16,17,18,19,21,22,24,62,66" hai1="23,58,60,67,85,86,87,88,89,90" /><INIT seed="1,1,0,0,0,58" ten="265,265,225,245" oya="1" hai0="13,120,17,112,74,41,48,91,29,133,96,0,56" hai1="76,89,61,14,124,107,42,80,106,27,52,81,77" hai2="6,33,119,22,121,18,68,75,49,109,57,130,3" hai3="88,131,98,24,135,4,127,104,32,102,59,125,45"/><U122/><E122/><V55/><F119/><W126/><G135/><T20/><D112/><U86/><E42/><V28/><F121/><W113/><G113/><T93/><D120/><U47/><E124/><V2/><F75/><W7/><G131/><T64/><D74/><U23/><E14/><V39/><F130/><W60/><G45/><T82/><D0/><U16/><E89/><V69/><F39/><W31/><REACH who="3" step="1"/><G88/><REACH who="3" ten="265,265,225,235" step="2"/><T66/><D133/><U92/><E47/><V38/><F38/><W51/><G51/><T37/><D37/><U1/><E1/><V134/><F134/><W78/><G78/><T72/><D48/><U117/><E117/><V36/><F36/><W15/><G15/><T100/><D91/><N who="1" m="53367" /><E107/><V99/><F2/><W53/><AGARI ba="1,1" hai="4,7,24,31,32,53,59,60,98,102,104,125,126,127" machi="53" ten="30,8000,1" yaku="1,1,0,1,18,1,52,1,53,1" doraHai="58" doraHaiUra="94" who="3" fromWho="3" sc="265,-21,265,-41,225,-21,235,93" /><INIT seed="2,0,0,5,3,120" ten="244,224,204,328" oya="2" hai0="78,113,76,110,39,81,66,67,60,42,94,125,24" hai1="1,4,117,100,129,7,70,80,56,79,28,83,34" hai2="115,88,99,86,123,58,82,107,134,15,51,65,35" hai3="36,131,59,2,44,126,22,37,92,11,6,106,124"/><V64/><F123/><W71/><G106/><T40/><D113/><U132/><E70/><V133/><F115/><W77/><G131/><T18/><D125/><N who="3" m="48233" /><G71/><T57/><D67/><U96/><E117/><V29/><F15/><W38/><G77/><T54/><D39/><U135/><E28/><V26/><F51/><W55/><G92/><T121/><D76/><U90/><E34/><V118/><F118/><W17/><G44/><T130/><D66/><U116/><E129/><V33/><F33/><W104/><G104/><T45/><D45/><U32/><E32/><V0/><F0/><W95/><G95/><T47/><D47/><U31/><E90/><V21/><F35/><W30/><G30/><T103/><D121/><U46/><E31/><V119/><F119/><W25/><G38/><T43/><D130/><U49/><E56/><V14/><F14/><W27/><G27/><T127/><D127/><U72/><E83/><V128/><F128/><W73/><G73/><T69/><D69/><U3/><E3/><V62/><REACH who="2" step="1"/><F65/><REACH who="2" ten="244,224,194,328" step="2"/><W19/><G19/><T13/><D13/><U10/><E116/><V48/><F48/><AGARI ba="0,1" hai="2,6,11,17,22,25,36,37,48,55,59" m="48233" machi="48" ten="30,1000,0" yaku="18,1" doraHai="120" who="3" fromWho="2" sc="244,0,224,0,194,-10,328,20" /><INIT seed="3,0,0,2,5,21" ten="244,224,184,348" oya="3" hai0="49,35,42,11,127,92,9,29,0,16,119,50,52" hai1="74,46,27,93,37,61,56,1,89,55,98,12,17" hai2="102,63,40,84,15,87,109,26,57,103,115,38,31" hai3="59,45,20,107,94,110,101,51,73,76,10,75,8"/><W7/><G107/><T91/><D119/><U95/><E1/><V125/><F115/><W129/><G129/><T117/><D117/><U23/><E74/><V5/><F109/><W108/><G59/><T100/><D127/><U47/><E37/><V62/><F125/><W65/><G65/><T18/><D100/><U4/><E95/><V113/><F113/><W34/><G34/><T39/><D39/><U3/><E3/><V134/><F134/><W122/><G122/><T81/><D81/><U77/><E77/><V131/><F131/><W80/><G75/><T32/><D35/><U14/><E4/><V135/><F40/><W111/><G7/><T83/><D83/><U41/><E41/><V133/><F38/><W96/><REACH who="3" step="1"/><G20/><REACH who="3" ten="244,224,184,338" step="2"/><T53/><D32/><U70/><E70/><V120/><F120/><W124/><G124/><T48/><D0/><U33/><E33/><V114/><F133/><W58/><G58/><T68/><D68/><U90/><E47/><V13/><F135/><W130/><G130/><T44/><D44/><U19/><E46/><V126/><F126/><W69/><G69/><T97/><D9/><U66/><E66/><N who="2" m="39247" /><F5/><W128/><G128/><T71/><D11/><U72/><E72/><V54/><F114/><W132/><G132/><T64/><D64/><U121/><E121/><V86/><F63/><W123/><G123/><T67/><D67/><U88/><E17/><V118/><F118/><W22/><G22/><T116/><D71/><U25/><E12/><V28/><F15/><W112/><G112/><T30/><D116/><U43/><E14/><RYUUKYOKU ba="0,1" sc="244,-10,224,-10,184,-10,338,30" hai3="8,10,45,51,73,76,80,94,96,101,108,110,111" /><INIT seed="3,1,1,2,3,9" ten="234,214,174,368" oya="3" hai0="87,117,60,109,107,21,23,92,129,95,122,30,28" hai1="66,102,96,17,75,26,99,57,65,106,13,70,47" hai2="2,33,94,130,58,37,98,113,20,86,125,127,48" hai3="100,54,104,3,39,131,31,0,11,42,133,74,5"/><W73/><G0/><T1/><D1/><U49/><E75/><V52/><F33/><W44/><G133/><T15/><D107/><U89/><E70/><V93/><F113/><W111/><G131/><T108/><D60/><U78/><E78/><V84/><F37/><W71/><G111/><T116/><D87/><N who="2" m="33322" /><F2/><W118/><G118/><T40/><D40/><U64/><E26/><V59/><F130/><W36/><G36/><T45/><D45/><U53/><E89/><V68/><F68/><W27/><G54/><T35/><D15/><U85/><E85/><V105/><F20/><W62/><G100/><T77/><D129/><U7/><E7/><V46/><F93/><W110/><G104/><T119/><D116/><U79/><E79/><V4/><F4/><W34/><REACH who="3" step="1"/><G110/><REACH who="3" ten="234,214,174,358" step="2"/><T16/><D108/><U83/><E83/><V29/><F105/><W123/><G123/><T19/><D109/><U69/><E102/><N who="2" m="60759" /><F29/><W8/><G8/><T135/><D77/><U67/><E106/><V61/><F125/><W121/><G121/><T6/><D122/><U124/><E124/><V90/><F127/><W63/><G63/><T12/><D119/><U56/><E69/><V18/><F61/><W88/><G88/><T101/><D117/><U32/><E99/><V24/><F90/><W43/><G43/><T72/><D101/><U10/><E96/><V132/><F132/><W120/><G120/><T82/><D135/><U22/><E53/><V112/><F112/><W38/><G38/><T114/><D114/><U91/><E91/><V55/><F55/><W126/><G126/><RYUUKYOKU ba="1,2" sc="234,-15,214,-15,174,15,358,15" hai2="18,24,46,48,52,58,59" hai3="3,5,11,27,31,34,39,42,44,62,71,73,74" /><INIT seed="3,2,2,0,0,83" ten="219,199,189,373" oya="3" hai0="81,15,59,56,30,43,35,99,111,97,6,77,127" hai1="29,112,0,57,84,1,65,24,8,93,103,109,102" hai2="44,62,42,12,68,116,113,53,90,125,86,117,128" hai3="74,52,63,33,41,82,124,13,79,69,92,36,89"/><W51/><G124/><T9/><D111/><U48/><E112/><V49/><F113/><W115/><G115/><T132/><D127/><U39/><E39/><V108/><F125/><W101/><G33/><T14/><D132/><U67/><E109/><V58/><F108/><W120/><G120/><T66/><D43/><U55/><E0/><V23/><F128/><W19/><G101/><N who="1" m="38410" /><E1/><V98/><F98/><W131/><G131/><T119/><D119/><U107/><E107/><V18/><REACH who="2" step="1"/><F68/><REACH who="2" ten="219,199,179,373" step="2"/><W34/><G69/><T121/><D99/><U129/><E129/><V26/><F26/><W134/><G134/><T87/><D97/><U106/><E24/><V46/><F46/><N who="3" m="26063" /><G36/><T133/><D133/><U95/><E57/><V50/><F50/><W2/><G34/><T88/><D56/><U130/><E130/><V5/><F5/><W114/><G114/><T110/><D110/><U37/><E48/><V118/><F118/><W10/><G2/><T3/><D3/><U16/><E37/><V11/><F11/><W80/><G74/><T60/><D121/><U17/><E8/><V75/><F75/><W40/><G40/><T7/><D7/><U64/><E106/><V94/><AGARI ba="2,3" hai="12,18,23,42,44,49,53,58,62,86,90,94,116,117" machi="94" ten="20,5200,0" yaku="1,1,0,1,7,1,52,1,53,0" doraHai="83" doraHaiUra="31" who="2" fromWho="2" sc="219,-15,199,-15,179,88,373,-28" /><INIT seed="4,0,0,5,2,42" ten="204,184,267,345" oya="0" hai0="135,69,127,114,11,78,92,12,115,75,36,4,18" hai1="91,3,31,126,53,124,61,82,33,122,121,6,112" hai2="58,107,59,104,97,49,40,108,74,90,76,77,16" hai3="20,70,55,57,113,46,34,87,96,72,93,29,67"/><T111/><D69/><U5/><E82/><V133/><F108/><W68/><G72/><T35/><D111/><U134/><E91/><V85/><F133/><W99/><G34/><T38/><D135/><U9/><E61/><V79/><F74/><W89/><G113/><N who="0" m="43019" /><D35/><U44/><E134/><V119/><F119/><W71/><G67/><T0/><D127/><N who="1" m="48683" /><E112/><V83/><F104/><W27/><REACH who="3" step="1"/><G46/><REACH who="3" ten="204,184,267,335" step="2"/><T132/><D132/><U130/><E44/><N who="2" m="25735" /><F107/><W39/><G39/><T81/><D92/><U37/><E37/><V30/><F59/><W80/><G80/><T120/><D120/><U52/><E122/><V116/><F116/><W73/><G73/><T45/><D45/><U1/><E121/><V103/><F58/><W100/><G100/><T123/><D123/><U25/><E130/><V128/><F128/><W131/><G131/><T17/><D36/><U28/><E33/><V106/><F106/><W109/><G109/><T10/><D38/><U84/><E53/><V48/><F103/><W62/><AGARI ba="0,1" hai="20,27,29,55,57,62,68,70,71,87,89,93,96,99" machi="62" ten="30,2000,0" yaku="1,1,0,1,53,0" doraHai="42" doraHaiUra="63" who="3" fromWho="3" sc="204,-10,184,-5,267,-5,335,30" /><INIT seed="5,0,0,3,5,7" ten="194,179,262,365" oya="1" hai0="112,59,78,94,23,51,31,107,14,42,127,75,71" hai1="90,45,81,49,103,54,105,122,34,128,93,2,115" hai2="134,9,55,36,91,111,77,22,98,27,114,37,72" hai3="64,11,129,104,82,84,28,58,85,70,3,52,116"/><U88/><E122/><V110/><F72/><W63/><G116/><T20/><D71/><U121/><E121/><V35/><F77/><W67/><G129/><T30/><D107/><U87/><E34/><V92/><F134/><W29/><G104/><T89/><D75/><U15/><E2/><V69/><F35/><W57/><G70/><T62/><D78/><U24/><E128/><V38/><F69/><W74/><G74/><T16/><D112/><U47/><E103/><V19/><F114/><W13/><G3/><T123/><D127/><U5/><E105/><V109/><F55/><W25/><G25/><T99/><D23/><U126/><E24/><V4/><REACH who="2" step="1"/><F109/><REACH who="2" ten="194,179,252,365" step="2"/><W17/><G67/><T83/><D123/><U106/><E115/><V61/><F61/><N who="3" m="37935" /><G85/><T135/><D135/><U39/><E126/><V6/><F6/><W100/><G100/><T120/><D120/><U0/><E0/><AGARI ba="0,1" hai="0,4,9,19,22,27,36,37,38,91,92,98,110,111" machi="0" ten="40,2600,0" yaku="1,1,52,1,53,0" doraHai="7" doraHaiUra="46" who="2" fromWho="1" sc="194,0,179,-26,252,36,365,0" /><INIT seed="6,0,0,3,1,8" ten="194,153,288,365" oya="2" hai0="91,64,33,96,92,5,86,49,48,88,55,17,59" hai1="84,76,75,34,6,20,11,117,54,123,44,109,131" hai2="57,2,71,93,104,128,134,67,41,70,79,69,63" hai3="56,72,81,82,107,108,87,45,105,99,24,3,102"/><V23/><F104/><W12/><G3/><T124/><D124/><U4/><E34/><V37/><F2/><W116/><G116/><T77/><D33/><U90/><E109/><V43/><F79/><W127/><G127/><T50/><D5/><U94/><E117/><V14/><F128/><W100/><G108/><T39/><D39/><U40/><E131/><V61/><F134/><W68/><G68/><T113/><D113/><U73/><E4/><V120/><F120/><W29/><G45/><T83/><D64/><U60/><E20/><V28/><F37/><W118/><G118/><T9/><D91/><U106/><E106/><V31/><F61/><W103/><G56/><T26/><D26/><U85/><E54/><V16/><REACH who="2" step="1"/><F93/><REACH who="2" ten="194,153,278,365" step="2"/><W133/><G133/><T22/><D77/><U66/><E123/><V97/><F97/><W122/><G122/><T36/><D92/><U42/><E76/><V101/><F101/><W7/><G107/><T27/><D96/><U74/><E60/><V58/><F58/><W52/><G105/><T15/><D36/><U95/><E95/><V47/><F47/><W13/><G99/><T135/><D135/><U53/><E94/><V35/><F35/><W46/><G100/><T111/><D111/><U110/><E110/><V25/><F25/><W121/><G102/><T98/><D98/><U1/><E44/><V119/><F119/><W0/><G103/><T112/><D112/><U21/><E1/><V32/><F32/><W18/><G121/><T80/><D80/><U62/><E62/><V132/><F132/><W30/><G0/><RYUUKYOKU ba="0,1" sc="194,15,153,-15,278,15,365,-15" hai0="9,15,17,22,27,48,49,50,55,59,83,86,88" hai2="14,16,23,28,31,41,43,57,63,67,69,70,71" /><INIT seed="6,1,1,0,3,103" ten="209,138,293,350" oya="2" hai0="114,90,98,26,102,52,97,21,87,23,37,55,81" hai1="22,7,20,63,109,99,79,105,113,62,5,129,72" hai2="123,29,124,70,50,80,19,17,56,130,112,133,61" hai3="24,84,34,94,101,43,126,12,122,120,39,65,82"/><V57/><F123/><W59/><G126/><T76/><D114/><U35/><E35/><V54/><F112/><W77/><G12/><T40/><D37/><U92/><E113/><V108/><F124/><W134/><G134/><T32/><D40/><U27/><E109/><V117/><F117/><W46/><G94/><T69/><D69/><U115/><E115/><V42/><F133/><W118/><G118/><T75/><D32/><U100/><E129/><V111/><F130/><W41/><G41/><T121/><D21/><U131/><E131/><V107/><F70/><W15/><G15/><T78/><D98/><U1/><E1/><V128/><F128/><W119/><G119/><T132/><D121/><U74/><E92/><V106/><F29/><W67/><G101/><T93/><D76/><U110/><E100/><V96/><F96/><W38/><G38/><T51/><D51/><U66/><E99/><V31/><F31/><W53/><G120/><T127/><D127/><U13/><E13/><V3/><F80/><W47/><G47/><T30/><REACH who="0" step="1"/><D132/><REACH who="0" ten="199,138,293,350" step="2"/><U45/><E79/><V49/><F42/><W16/><G122/><T85/><D85/><U58/><E110/><N who="2" m="42027" /><F49/><N who="3" m="26847" /><G34/><T89/><D89/><U91/><E91/><V6/><F50/><N who="3" m="31159" /><G39/><T44/><D44/><U28/><E45/><V125/><F125/><W36/><G36/><T25/><D25/><U88/><E27/><V4/><F56/><W83/><G83/><AGARI ba="1,2" hai="23,26,30,52,55,75,78,81,83,87,90,93,97,102" machi="83" ten="30,3900,0" yaku="1,1,7,1,54,1,53,0" doraHai="103" doraHaiUra="68" who="0" fromWho="3" sc="199,62,138,0,293,0,350,-42" /><INIT seed="7,0,0,0,0,46" ten="261,138,293,308" oya="3" hai0="5,7,111,94,135,91,54,28,26,40,125,20,29" hai1="14,73,122,102,80,69,49,1,120,118,96,88,109" hai2="100,68,60,116,114,85,74,128,6,83,3,103,131" hai3="130,89,35,61,106,56,15,23,9,30,121,42,97"/><W32/><G121/><T79/><D111/><U129/><E1/><V17/><F116/><W24/><G130/><N who="2" m="49705" /><F74/><W90/><G42/><T22/><D135/><U34/><E129/><V31/><F31/><W66/><G89/><T78/><D125/><U99/><E34/><V105/><F105/><W75/><G75/><T86/><D40/><U4/><E69/><V101/><F114/><W19/><G90/><T71/><D71/><U98/><E109/><V107/><F107/><W21/><REACH who="3" step="1"/><G35/><REACH who="3" ten="261,138,293,298" step="2"/><T133/><D133/><U48/><E118/><V72/><F72/><W2/><G2/><T8/><D54/><U67/><E67/><N who="2" m="41063" /><F3/><W16/><G16/><T62/><D78/><U82/><E102/><AGARI ba="0,1" hai="9,15,19,21,23,24,30,32,56,61,66,97,102,106" machi="102" ten="40,7700,0" yaku="1,1,53,2" doraHai="46" doraHaiUra="18" who="3" fromWho="1" sc="261,0,138,-77,293,0,298,87" owari="261,-14.0,61,-44.0,293,9.0,385,49.0" /></mjloggm>