<mjloggm ver="2.3"><GO type="169" lobby="0"/><UN n0="%6A%75%6E%67%6C%65%36%36" n1="%74%61%6E%61%4B%61" n2="%E3%81%9B%E3%81%A9%E3%81%AA%E3%82%8A%E3%81%82%E3%82%93" n3="%E5%A4%A7%E6%B2%BB%E9%83%8E%23%37%34" dan="16,17,16,16" rate="2068.63,2147.42,2095.82,2127.42" sx="M,M,M,M"/><TAIKYOKU oya="0"/><INIT seed="0,0,0,2,0,3" ten="250,250,250,250" oya="0" hai0="129,58,7,88,54,78,110,102,1,46,8,77,71" hai1="21,128,56,47,24,36,63,89,48,22,82,5,122" hai2="86,100,44,105,15,97,108,96,20,74,107,103,37" hai3="123,124,106,126,43,4,51,30,80,115,84,69,112"/><T60/><D129/><U34/><E122/><V73/><F37/><W13/><G106/><T132/><D132/><U114/><E128/><V23/><F44/><N who="3" m="26015" /><G69/><T57/><D71/><U116/><E116/><V14/><REACH who="2" step="1"/><F86/><REACH who="2" ten="250,250,240,250" step="2"/><W67/><G123/><T16/><D46/><U45/><E47/><V101/><F101/><W98/><G115/><T83/><D102/><U72/><E36/><V52/><F52/><W93/><G67/><T95/><D110/><AGARI ba="0,1" hai="14,15,20,23,73,74,96,97,100,103,105,107,108,110" machi="110" ten="25,3200,0" yaku="1,1,22,2,53,0" doraHai="3" doraHaiUra="76" who="2" fromWho="0" sc="250,-32,250,0,240,42,250,0" /><INIT seed="1,0,0,4,0,61" ten="218,250,282,250" oya="1" hai0="81,48,17,118,31,25,111,124,23,28,132,106,11" hai1="80,133,21,20,131,1,129,44,94,117,34,105,27" hai2="97,116,59,51,14,90,52,114,43,46,72,22,0" hai3="49,37,33,7,24,67,77,64,92,122,83,35,18"/><U26/><E105/><V36/><F116/><W58/><G37/><T88/><D118/><U8/><E80/><V96/><F0/><W2/><G122/><T4/><D106/><U15/><E117/><V125/><F125/><W13/><G7/><T86/><D124/><U55/><E94/><V30/><F72/><W102/><G2/><T12/><D111/><U19/><E44/><V60/><F114/><W113/><G113/><T6/><D132/><U10/><E55/><V56/><F90/><W98/><G49/><T110/><D110/><U119/><E119/><V104/><F104/><W123/><G123/><T89/><D48/><U38/><E38/><V85/><F85/><W73/><G58/><T121/><D121/><U9/><E133/><V63/><F36/><W74/><G74/><T107/><D107/><U100/><E100/><V134/><F134/><W65/><REACH who="3" step="1"/><G24/><REACH who="3" ten="218,250,282,240" step="2"/><T130/><D130/><N who="1" m="49675" /><E1/><V71/><F71/><W47/><G47/><T93/><REACH who="0" step="1"/><D6/><REACH who="0" ten="208,250,282,240" step="2"/><N who="1" m="3479" /><E34/><V45/><F51/><W120/><G120/><T39/><D39/><U53/><E53/><V87/><F52/><W115/><G115/><T82/><D82/><U91/><E91/><V41/><F41/><W42/><G42/><T54/><D54/><U5/><E5/><V109/><F43/><W127/><G127/><T101/><D101/><U78/><E78/><V68/><F109/><W40/><G40/><T3/><D3/><U99/><E99/><AGARI ba="0,2" hai="4,11,12,17,23,25,28,31,81,86,88,89,93,99" machi="99" ten="30,8000,1" yaku="1,1,7,1,8,1,54,1,53,1" doraHai="61" doraHaiUra="16" who="0" fromWho="1" sc="208,100,250,-80,282,0,240,0" /><INIT seed="2,0,0,1,0,76" ten="308,170,282,240" oya="2" hai0="75,107,33,36,81,21,41,119,35,62,20,3,30" hai1="93,114,12,65,18,100,102,16,48,57,77,97,78" hai2="123,113,7,121,127,23,84,38,96,105,106,14,126" hai3="133,19,122,34,71,49,31,94,83,129,109,27,32"/><V111/><F38/><W63/><G122/><N who="2" m="46601" /><F23/><W69/><G109/><T131/><D107/><N who="2" m="40970" /><F14/><W29/><G133/><T53/><D131/><U99/><E114/><V5/><F84/><W60/><G129/><T67/><D3/><U28/><E28/><V2/><F2/><W116/><G116/><T66/><D119/><U0/><E0/><V8/><F8/><W108/><G108/><T9/><D9/><U117/><E117/><V79/><F79/><W95/><G49/><T6/><D6/><N who="2" m="2058" /><F111/><W11/><G11/><T98/><D21/><U37/><E37/><V1/><F1/><W54/><G27/><T52/><D20/><U26/><E26/><V42/><F42/><W88/><G19/><T91/><D36/><U125/><E12/><V101/><F96/><W120/><G120/><T68/><D98/><U115/><E99/><V58/><F58/><W110/><G110/><T135/><D41/><U90/><E57/><V134/><F113/><W17/><G17/><T85/><D85/><U112/><E18/><V72/><F72/><W47/><G47/><T39/><D75/><U56/><E16/><V43/><F43/><W13/><G13/><T86/><D39/><U4/><E97/><V10/><F134/><W25/><G25/><T124/><D135/><U130/><E112/><V92/><F10/><W24/><G24/><T15/><D15/><U61/><E56/><V74/><F74/><W55/><G88/><T50/><D91/><U73/><E90/><V22/><F22/><W89/><G89/><T103/><D86/><U128/><E73/><V40/><F40/><RYUUKYOKU ba="0,0" sc="308,-15,170,-15,282,15,240,15" hai2="92,101,126,127" hai3="29,31,32,34,54,55,60,63,69,71,83,94,95" /><INIT seed="2,1,0,5,1,91" ten="293,155,297,255" oya="2" hai0="17,130,100,84,58,96,12,121,120,129,109,73,133" hai1="119,52,44,31,135,27,113,85,134,69,75,51,87" hai2="114,59,123,60,125,56,5,82,4,6,131,108,46" hai3="112,0,66,47,71,24,53,80,7,2,106,35,101"/><V86/><F125/><W63/><G112/><T74/><D58/><U43/><E119/><V94/><F131/><N who="0" m="50186" /><D109/><U88/><E75/><N who="0" m="28681" /><D17/><U10/><E10/><V104/><F104/><W65/><G65/><T92/><D12/><U11/><E11/><V132/><F132/><N who="1" m="50729" /><E69/><V49/><F123/><N who="0" m="47178" /><D133/><U122/><E122/><V93/><F114/><W61/><G7/><T124/><D84/><U25/><E85/><V38/><F38/><W115/><G115/><T102/><D102/><U105/><E113/><V36/><F36/><W98/><G63/><T90/><D100/><U42/><E105/><V3/><F3/><W72/><G53/><T13/><D13/><U95/><E25/><V28/><F28/><N who="3" m="19847" /><G47/><T40/><D40/><U16/><E16/><V64/><F59/><W33/><G33/><AGARI ba="1,0" hai="27,31,33,42,43,44,51,52,87,88,95" m="50729" machi="33" ten="30,7700,0" yaku="20,1,52,1,54,2" doraHai="91" who="1" fromWho="3" sc="293,0,155,80,297,0,255,-80" /><INIT seed="3,0,0,0,5,124" ten="293,235,297,175" oya="3" hai0="110,5,102,35,12,45,104,47,116,30,43,72,23" hai1="54,76,68,1,107,92,101,0,64,82,79,129,57" hai2="34,56,126,17,65,26,87,7,132,9,39,135,86" hai3="2,14,113,96,21,95,53,131,94,118,74,61,105"/><W114/><G2/><T41/><D116/><U85/><E76/><V123/><F39/><W15/><G118/><T121/><D121/><U6/><E68/><V25/><F126/><W109/><G74/><T90/><D72/><U112/><E64/><V84/><F123/><W99/><G105/><T44/><D110/><U60/><E112/><V46/><F46/><W37/><G37/><T108/><D108/><U75/><E6/><V120/><F17/><W122/><G109/><T33/><D90/><N who="1" m="53327" /><E129/><V59/><F120/><W128/><G122/><T29/><D104/><U32/><E32/><V66/><F34/><N who="0" m="12810" /><D102/><U100/><E100/><V97/><F97/><AGARI ba="0,0" hai="0,1,54,57,60,75,79,82,97,101,107" m="53327" machi="97" ten="30,1000,0" yaku="24,1" doraHai="124" who="1" fromWho="2" sc="293,0,235,10,297,-10,175,0" /><INIT seed="4,0,0,5,4,107" ten="293,245,287,175" oya="0" hai0="0,13,121,110,81,127,45,82,129,134,133,128,27" hai1="36,69,30,44,26,79,18,97,6,22,112,101,2" hai2="39,62,91,89,33,10,15,105,116,20,61,88,86" hai3="71,131,17,118,94,90,119,25,124,55,43,12,117"/><T57/><D0/><U123/><E123/><V111/><F111/><W46/><G71/><T85/><D121/><U56/><E69/><V14/><F33/><W3/><G3/><T77/><D110/><U65/><E112/><V76/><F105/><W130/><G25/><T21/><D45/><U93/><E79/><V114/><F39/><W106/><G106/><T84/><D13/><U67/><E6/><V11/><F20/><W58/><G124/><T29/><D57/><U23/><E2/><V80/><F114/><W40/><G46/><T108/><D108/><U103/><E103/><V120/><F116/><W42/><G94/><T32/><D32/><U49/><E56/><V125/><F125/><W68/><G90/><N who="0" m="51471" /><D127/><U104/><E36/><V63/><F120/><W75/><G68/><T1/><D1/><U100/><E100/><V72/><F72/><W132/><G75/><T98/><D98/><U52/><REACH who="1" step="1"/><E104/><REACH who="1" ten="293,235,287,175" step="2"/><V74/><F74/><W51/><REACH who="3" step="1"/><G132/><AGARI ba="0,1" hai="21,27,29,77,82,85,128,129,132,133,134" m="51471" machi="132" ten="30,1500,0" yaku="20,1" doraHai="107" who="0" fromWho="3" sc="293,25,235,0,287,0,175,-15" /><INIT seed="4,1,0,0,5,86" ten="318,235,287,160" oya="0" hai0="52,0,33,109,11,72,102,15,17,28,34,25,61" hai1="7,14,24,44,83,63,35,95,8,54,130,87,124" hai2="73,58,120,50,59,26,41,113,110,45,123,106,125" hai3="27,88,84,22,126,60,122,9,119,114,20,38,81"/><T40/><D72/><U68/><E124/><V115/><F106/><W94/><G119/><T32/><D40/><U12/><E130/><V107/><F107/><W129/><G38/><T133/><D133/><U70/><E95/><V49/><F26/><W39/><G39/><T6/><D109/><U103/><E103/><V30/><F30/><W78/><G126/><T101/><D61/><U71/><E35/><V121/><F73/><W118/><G129/><T91/><D52/><U76/><E24/><V29/><F29/><W132/><G118/><T100/><REACH who="0" step="1"/><D91/><REACH who="0" ten="308,235,287,160" step="2"/><U18/><E54/><V53/><F125/><W64/><G132/><T111/><D111/><U57/><E63/><V5/><F110/><W62/><G122/><T75/><D75/><U69/><E44/><V80/><F5/><W98/><G114/><T16/><D16/><U36/><E18/><V82/><REACH who="2" step="1"/><F58/><REACH who="2" ten="308,235,277,160" step="2"/><W23/><G9/><AGARI ba="1,2" hai="0,6,9,11,15,17,25,28,32,33,34,100,101,102" machi="9" ten="40,2000,0" yaku="1,1,53,0" doraHai="86" doraHaiUra="48" who="0" fromWho="3" sc="308,43,235,0,277,0,160,-23" /><INIT seed="4,2,0,4,4,2" ten="351,235,277,137" oya="0" hai0="72,133,96,6,36,81,105,40,126,80,22,124,16" hai1="110,51,111,116,11,120,91,130,97,5,53,103,85" hai2="0,94,114,74,50,101,20,95,19,26,86,83,54" hai3="104,59,128,34,27,70,21,15,132,102,68,43,41"/><T89/><D133/><U65/><E120/><V3/><F114/><W33/><G132/><T4/><D36/><U45/><E65/><V10/><F74/><W18/><G128/><T56/><D40/><U57/><E130/><V38/><F38/><W107/><G59/><T79/><D56/><U32/><E32/><N who="3" m="12394" /><G27/><T84/><D105/><N who="3" m="40521" /><G102/><T1/><D96/><U109/><E116/><V78/><F101/><W17/><G21/><T13/><REACH who="0" step="1"/><D1/><REACH who="0" ten="341,235,277,137" step="2"/><U73/><E57/><N who="2" m="32983" /><F0/><W35/><N who="3" m="12402" /><W121/><DORA hai="131" /><G121/><T123/><D123/><U115/><E97/><V90/><F3/><W92/><G15/><T127/><AGARI ba="2,1" hai="4,6,13,16,22,72,79,80,81,84,89,124,126,127" machi="127" ten="30,18000,2" yaku="1,1,0,1,18,1,52,2,54,1,53,0" doraHai="2,131" doraHaiUra="37,52" who="0" fromWho="0" sc="341,196,235,-62,277,-62,137,-62" /><INIT seed="4,3,0,1,0,68" ten="537,173,215,75" oya="0" hai0="32,122,106,33,16,13,81,90,99,34,114,27,67" hai1="64,1,69,95,134,50,60,75,40,62,19,41,107" hai2="94,133,51,2,126,111,98,103,25,66,30,53,8" hai3="96,55,76,17,118,63,132,21,112,20,44,11,84"/><T61/><D122/><U87/><E107/><V38/><F111/><W124/><G118/><T88/><D114/><U131/><E75/><V120/><F120/><W115/><G124/><T58/><D27/><U92/><E1/><V7/><F133/><W39/><G132/><T65/><D81/><U89/><E131/><V23/><F66/><W37/><G96/><T100/><REACH who="0" step="1"/><D65/><REACH who="0" ten="527,173,215,75" step="2"/><U97/><E134/><V14/><F126/><W3/><G76/><T24/><D24/><U4/><E64/><V83/><F83/><W127/><G127/><T52/><D52/><U35/><E41/><V15/><F38/><N who="3" m="14347" /><G84/><T91/><D91/><U82/><E89/><V79/><F79/><W9/><G3/><T28/><D28/><U0/><E87/><V85/><F85/><W93/><G93/><T54/><D54/><U78/><E95/><V125/><F125/><W72/><G72/><T128/><D128/><U70/><E92/><V110/><F110/><W18/><G55/><T108/><D108/><U105/><E82/><V57/><AGARI ba="3,1" hai="2,7,8,14,15,23,25,30,51,53,57,94,98,103" machi="57" ten="20,1500,0" yaku="0,1,7,1" doraHai="68" who="2" fromWho="2" sc="527,-10,173,-7,215,34,75,-7" /><INIT seed="5,0,0,1,3,90" ten="517,166,249,68" oya="1" hai0="99,122,78,87,71,42,101,131,14,83,55,18,93" hai1="63,10,67,108,111,22,69,5,53,74,19,44,133" hai2="132,76,24,57,45,109,110,107,72,31,82,0,56" hai3="118,61,47,60,11,117,49,125,15,40,2,25,50"/><U103/><E74/><V112/><F107/><W134/><G2/><T43/><D131/><U81/><E81/><V75/><F75/><W65/><G25/><T92/><D71/><U129/><E133/><V64/><F132/><W113/><G15/><T128/><D128/><U33/><E33/><V41/><F0/><W51/><G11/><T91/><D122/><U8/><E103/><V98/><F112/><W62/><G134/><T66/><D55/><U37/><E129/><V38/><F98/><W120/><G120/><T48/><D48/><N who="3" m="18537" /><G113/><T23/><D66/><U121/><E121/><V77/><F77/><W124/><G65/><T88/><D91/><U34/><E34/><V4/><F4/><W105/><G105/><T96/><AGARI ba="0,0" hai="14,18,23,42,43,78,83,87,88,92,93,96,99,101" machi="96" ten="20,12000,2" yaku="0,1,7,1,8,1,52,2,54,1" doraHai="90" who="0" fromWho="0" sc="517,120,166,-60,249,-30,68,-30" /><INIT seed="6,0,0,4,2,29" ten="637,106,219,38" oya="2" hai0="48,10,42,130,26,11,89,103,0,88,23,71,1" hai1="45,14,64,74,135,37,28,119,128,8,108,112,105" hai2="24,5,19,124,57,25,132,33,58,73,67,41,81" hai3="94,96,51,18,27,36,95,61,22,76,125,3,82"/><V38/><F124/><W97/><G125/><T7/><D71/><U84/><E108/><V113/><F113/><W32/><G36/><T90/><D130/><U56/><E74/><V40/><F5/><W121/><G121/><T98/><D11/><U92/><E105/><V69/><F19/><W31/><G3/><T116/><D116/><U78/><E112/><V77/><F132/><W86/><G51/><T50/><D1/><U85/><E128/><V83/><F69/><W20/><G61/><T101/><D42/><U17/><E135/><V100/><F100/><W111/><G111/><T62/><D62/><N who="1" m="37959" /><E37/><V107/><F107/><W134/><G134/><T35/><D103/><U131/><E131/><V129/><F129/><W34/><G95/><T47/><D47/><U15/><E28/><V133/><F38/><W102/><REACH who="3" step="1"/><G96/><REACH who="3" ten="637,106,219,28" step="2"/><T127/><D127/><U126/><E126/><V55/><F133/><W120/><G120/><T80/><D98/><U110/><E110/><V115/><F115/><W66/><G66/><T44/><D50/><U52/><E92/><V123/><F67/><W117/><G117/><T87/><D48/><N who="1" m="28687" /><E119/><V118/><F118/><W63/><G63/><T104/><D0/><U65/><E65/><V13/><F123/><W2/><G2/><T72/><D104/><U4/><E78/><V49/><F77/><W75/><G75/><T114/><D72/><U70/><E70/><V9/><F73/><W68/><G68/><T21/><D114/><U39/><E39/><V43/><F43/><W54/><G54/><T91/><N who="0" m="22528" /><DORA hai="109" /><T30/><D80/><RYUUKYOKU ba="0,1" sc="637,-15,106,15,219,-15,28,15" hai1="4,8,14,15,17,84,85" hai3="18,20,22,27,31,32,34,76,82,86,94,97,102" /><INIT seed="7,1,1,5,3,34" ten="622,121,204,43" oya="3" hai0="67,20,123,71,78,86,108,110,37,90,81,11,129" hai1="132,50,42,114,79,56,62,6,7,124,44,23,119" hai2="102,117,92,39,10,30,127,47,125,104,111,18,77" hai3="95,27,16,58,76,70,75,25,118,59,28,13,32"/><W72/><G118/><T29/><D37/><U97/><E114/><V120/><F111/><W31/><G70/><T68/><D129/><U128/><E128/><V54/><F104/><W134/><G134/><T109/><D123/><U57/><E124/><V2/><F30/><W133/><G133/><T61/><D11/><U83/><E119/><V130/><F130/><W51/><G95/><T73/><D71/><U15/><E97/><N who="2" m="59687" /><F77/><W96/><G96/><T22/><REACH who="0" step="1"/><D29/><REACH who="0" ten="612,121,204,43" step="2"/><U115/><E132/><V99/><F10/><W40/><G76/><T12/><D12/><U105/><E15/><V49/><F39/><W80/><G80/><AGARI ba="1,2" hai="20,22,61,67,68,73,78,80,81,86,90,108,109,110" machi="80" ten="40,1300,0" yaku="1,1,53,0" doraHai="34" doraHaiUra="33" who="0" fromWho="3" sc="612,36,121,0,204,0,43,-16" owari="648,75.0,121,-28.0,204,0.0,27,-47.0" /></mjloggm>