<mjloggm ver="2.3"><GO type="169" lobby="0"/><UN n0="%4A%4F%4A%4F%31%39%38%35" n1="%43%E3%82%A8%E3%83%BC%E3%82%B8%E3%82%A7%E3%83%B3%E3%83%88" n2="%E4%BA%8C%E5%A4%A9%E4%BA%8C%E6%B5%81" n3="%E5%86%AC%E9%A6%AC%E6%98%A5%E5%B8%8C" dan="17,17,16,17" rate="2126.30,2212.22,2015.58,2202.65" sx="M,M,M,M"/><TAIKYOKU oya="0"/><INIT seed="0,0,0,3,0,1" ten="250,250,250,250" oya="0" hai0="28,39,90,60,75,70,114,73,11,69,31,82,128" hai1="54,87,131,113,62,37,109,12,30,47,83,104,22" hai2="77,119,84,8,32,13,24,98,72,116,40,57,65" hai3="59,9,66,101,81,123,96,21,29,35,91,89,18"/><T106/><D114/><U85/><E104/><V45/><F72/><W53/><G123/><T3/><D106/><U121/><E121/><V132/><F98/><W5/><G66/><T56/><D39/><U67/><E109/><V130/><F130/><W79/><G29/><T10/><D90/><U33/><E131/><V112/><F112/><W14/><G35/><T117/><D117/><U0/><E0/><V115/><F115/><W110/><G110/><T127/><D127/><U64/><E33/><V125/><F125/><W95/><G81/><T34/><D128/><U7/><E87/><V46/><F132/><W20/><G79/><T78/><D73/><U86/><E86/><V126/><F126/><W80/><G80/><T129/><D11/><N who="1" m="4223" /><E37/><V124/><F124/><W48/><REACH who="3" step="1"/><G21/><REACH who="3" ten="250,250,250,240" step="2"/><T50/><D34/><U38/><E67/><V102/><F116/><W63/><G63/><T97/><D60/><U94/><E64/><V120/><F119/><W111/><G111/><T49/><D28/><U55/><E83/><V41/><F120/><W76/><G76/><T51/><D31/><U108/><E108/><V100/><F77/><W133/><G133/><T92/><D129/><U43/><E62/><V105/><F65/><W2/><AGARI ba="0,1" hai="2,5,9,14,18,20,48,53,59,89,91,95,96,101" machi="2" ten="20,5200,0" yaku="1,1,0,1,7,1,52,1,53,0" doraHai="1" doraHaiUra="42" who="3" fromWho="3" sc="250,-26,250,-13,250,-13,240,62" /><INIT seed="1,0,0,2,1,128" ten="224,237,237,302" oya="1" hai0="131,54,12,105,113,13,70,121,19,46,76,32,29" hai1="9,69,27,94,135,122,129,99,71,86,7,77,10" hai2="89,79,52,21,95,20,114,75,93,109,4,25,132" hai3="120,3,87,84,22,34,35,90,81,123,66,24,100"/><U96/><E129/><V97/><F109/><W117/><G3/><T125/><D131/><U127/><E122/><V80/><F114/><W112/><G112/><T17/><D113/><U60/><E127/><V42/><F132/><W6/><G6/><T37/><D105/><U31/><E135/><V108/><F108/><W59/><G100/><T102/><D102/><U104/><E104/><V39/><F4/><W40/><G40/><T101/><D101/><U61/><E77/><V45/><F25/><W51/><G35/><T83/><D70/><U1/><E86/><V28/><F28/><W124/><G34/><T14/><D29/><U53/><E10/><V57/><REACH who="2" step="1"/><F95/><REACH who="2" ten="224,237,227,302" step="2"/><W98/><G24/><T0/><D121/><U18/><E94/><V74/><F74/><W107/><G123/><T47/><D125/><U41/><E18/><V116/><F116/><W11/><G117/><T118/><D17/><U16/><E16/><V78/><F78/><W2/><G120/><T103/><D76/><U88/><E27/><V126/><F126/><W72/><G72/><T44/><D19/><U133/><E133/><V33/><F33/><W50/><G124/><T15/><D32/><U73/><E73/><V92/><F92/><W64/><G107/><T55/><D118/><U26/><E26/><V106/><F106/><W67/><G22/><T63/><N who="0" m="3072" /><DORA hai="38" /><T5/><D5/><U68/><E31/><V23/><F23/><W8/><G8/><T111/><D111/><U134/><E134/><V36/><F36/><W82/><G11/><T62/><D37/><U48/><E7/><RYUUKYOKU ba="0,1" sc="224,-10,237,-10,227,30,302,-10" hai2="20,21,39,42,45,52,57,75,79,80,89,93,97" /><INIT seed="2,1,1,5,5,124" ten="214,227,257,292" oya="2" hai0="56,55,3,45,14,91,119,67,125,75,11,71,50" hai1="68,43,78,42,96,12,9,85,104,46,70,38,108" hai2="21,129,107,47,111,90,84,87,53,19,63,88,66" hai3="105,40,113,22,135,106,134,48,100,130,24,4,8"/><V94/><F107/><W116/><G116/><T13/><D125/><U15/><E108/><V28/><F28/><W92/><G40/><T79/><D119/><U44/><E104/><V81/><F111/><W34/><G34/><T31/><D71/><U57/><E96/><V126/><F126/><W82/><G82/><T60/><D31/><U25/><E25/><V61/><F129/><W23/><G48/><T120/><D120/><U118/><E118/><V72/><F66/><W95/><G8/><T41/><D75/><U109/><E109/><V80/><F72/><W7/><G24/><T97/><D79/><U102/><E57/><V26/><F94/><W62/><G62/><T10/><D3/><U51/><E102/><V131/><F131/><W32/><G32/><T65/><D91/><U69/><REACH who="1" step="1"/><E9/><REACH who="1" ten="214,217,257,292" step="2"/><V101/><F101/><W114/><G100/><T83/><D97/><U1/><E1/><V110/><F110/><W74/><G74/><T112/><D112/><U99/><E99/><V52/><F47/><W18/><G130/><T73/><D73/><U128/><E128/><V123/><F123/><W121/><G121/><T20/><D10/><U103/><E103/><V54/><AGARI ba="1,2" hai="19,21,26,52,53,54,61,63,80,81,84,87,88,90" machi="54" ten="30,12000,1" yaku="0,1,9,1,8,1,54,2" doraHai="124" who="2" fromWho="2" sc="214,-41,217,-41,257,143,292,-41" /><INIT seed="2,2,0,1,1,96" ten="173,176,400,251" oya="2" hai0="9,90,115,25,85,56,53,63,128,95,14,11,6" hai1="2,42,88,5,113,91,22,121,28,116,67,34,69" hai2="64,94,73,68,18,57,126,32,103,27,62,36,75" hai3="127,104,10,43,20,3,122,8,66,111,87,1,98"/><V124/><F36/><W78/><G122/><T92/><D128/><U35/><E113/><V24/><F32/><W40/><G66/><T51/><D115/><U58/><E69/><V110/><F68/><W49/><G20/><T105/><D105/><U54/><E67/><V100/><F94/><W101/><G111/><T71/><D71/><U135/><E135/><V38/><F38/><W70/><G127/><N who="2" m="48681" /><F110/><W29/><G29/><T76/><D25/><N who="2" m="9802" /><F18/><W65/><G65/><T133/><D133/><U60/><E28/><V26/><F26/><W118/><G70/><T19/><D76/><U12/><E116/><V39/><F39/><W114/><G78/><T89/><D6/><U93/><E93/><V82/><F82/><W132/><G118/><T15/><D63/><U120/><E5/><V37/><F37/><W48/><G132/><T59/><D59/><U55/><E58/><V4/><F4/><W86/><G114/><T131/><D131/><U30/><E60/><V117/><F117/><W99/><G104/><T125/><D125/><U47/><E30/><V84/><F84/><W23/><G23/><N who="0" m="11767" /><D15/><U81/><E12/><V41/><F41/><W79/><G79/><T61/><D61/><U0/><E22/><V130/><F130/><W97/><G97/><AGARI ba="2,0" hai="9,11,51,53,56,85,89,90,92,95,97" m="11767" machi="97" ten="30,2000,0" yaku="25,1,8,1" doraHai="96" who="0" fromWho="3" sc="173,26,176,0,400,0,251,-26" /><INIT seed="3,0,0,3,2,11" ten="199,176,400,225" oya="3" hai0="46,84,54,99,51,107,20,12,50,111,87,36,118" hai1="76,26,89,125,38,52,119,34,49,112,103,48,70" hai2="8,5,35,61,116,78,135,88,67,100,7,31,128" hai3="10,47,123,32,64,42,79,130,56,73,86,131,80"/><W121/><G32/><T115/><D118/><U122/><E38/><V22/><F128/><N who="3" m="49195" /><G56/><T124/><D36/><U85/><E76/><V98/><F135/><W14/><G64/><T13/><D111/><U23/><E103/><V83/><F116/><W57/><G57/><N who="0" m="32983" /><D107/><U17/><E70/><V90/><F35/><W132/><G73/><T102/><D124/><U69/><E69/><V133/><F133/><W21/><G21/><T75/><D75/><U1/><E1/><V59/><F5/><N who="3" m="3407" /><G132/><T0/><D0/><U2/><E2/><V81/><F22/><W95/><G95/><N who="0" m="58751" /><D115/><U53/><E112/><V101/><F31/><W15/><G15/><N who="0" m="5707" /><D20/><U129/><E34/><V82/><F78/><W55/><G55/><AGARI ba="0,0" hai="46,51,55,84,87" m="5707,58751,32983" machi="55" ten="30,7700,0" yaku="8,1,52,3" doraHai="11" who="0" fromWho="3" sc="199,77,176,0,400,0,225,-77" /><INIT seed="4,0,0,1,4,23" ten="276,176,400,148" oya="0" hai0="82,53,92,72,116,99,104,89,73,15,20,101,76" hai1="128,63,96,45,0,55,84,121,52,83,3,32,129" hai2="47,107,67,27,9,61,48,5,69,75,114,100,109" hai3="127,112,2,87,18,118,79,21,81,19,133,70,88"/><T124/><D116/><U85/><E32/><V24/><F75/><W68/><G118/><T111/><D124/><U31/><E31/><V28/><F109/><W11/><G127/><T64/><D111/><U46/><E96/><V41/><F114/><W80/><G133/><T25/><D72/><U50/><E63/><V62/><F62/><W66/><G112/><T86/><D64/><U7/><E7/><V37/><F48/><W57/><G57/><T126/><D126/><U36/><E36/><V74/><F74/><W56/><G56/><T131/><D53/><U58/><E58/><V26/><F100/><W94/><G80/><T33/><D33/><U16/><E83/><V13/><REACH who="2" step="1"/><F107/><REACH who="2" ten="276,176,390,148" step="2"/><W29/><G66/><T90/><D131/><U77/><E50/><V130/><F130/><W117/><G117/><T113/><D113/><U59/><E59/><V122/><F122/><W102/><G102/><T125/><D125/><U93/><E121/><V132/><F132/><W17/><G70/><T78/><D78/><U43/><E77/><V38/><F38/><W98/><G68/><T135/><D135/><U65/><E65/><V108/><F108/><W4/><REACH who="3" step="1"/><G29/><AGARI ba="0,1" hai="5,9,13,24,26,27,28,29,37,41,47,61,67,69" machi="29" ten="40,8000,1" yaku="1,1,52,3,53,0" doraHai="23" doraHaiUra="95" who="2" fromWho="3" sc="276,0,176,0,390,90,148,-80" /><INIT seed="5,0,0,3,5,54" ten="276,176,480,68" oya="1" hai0="28,47,24,118,38,107,0,37,41,53,35,4,87" hai1="101,85,83,43,56,125,49,96,76,127,39,73,20" hai2="6,115,7,50,51,5,62,22,18,103,91,31,128" hai3="95,102,26,84,67,122,113,66,65,129,32,13,70"/><U42/><E39/><V36/><F128/><W131/><G122/><T44/><D118/><U45/><E42/><V29/><F103/><W106/><G13/><T10/><D87/><U8/><E20/><V80/><F115/><W88/><G113/><T135/><D135/><U48/><E73/><V12/><F62/><W2/><G2/><T133/><D133/><U116/><E116/><V16/><F18/><W58/><G70/><T124/><D53/><U110/><E110/><V94/><F80/><W59/><G106/><T123/><D124/><U1/><E49/><N who="2" m="18443" /><F36/><W60/><G102/><T25/><D25/><U68/><E68/><V52/><F52/><W134/><G134/><T23/><D123/><U99/><E99/><AGARI ba="0,0" hai="5,6,7,12,16,22,29,31,91,94,99" m="18443" machi="99" ten="30,2000,0" yaku="8,1,54,1" doraHai="54" who="2" fromWho="1" sc="276,0,176,-20,480,20,68,0" /><INIT seed="6,0,0,4,2,20" ten="276,156,500,68" oya="2" hai0="9,75,16,13,115,36,53,126,80,65,89,59,121" hai1="6,54,4,29,73,10,84,14,95,64,3,18,92" hai2="27,56,34,32,25,23,61,81,72,45,122,31,41" hai3="103,49,60,88,105,86,35,37,63,98,30,5,119"/><V11/><F122/><W24/><G119/><T21/><D121/><U132/><E132/><V46/><F11/><W1/><G37/><T43/><D65/><U55/><E73/><V74/><F81/><W62/><G49/><T123/><D123/><U102/><E64/><V93/><F93/><W26/><G5/><T33/><D33/><U125/><E125/><V12/><F12/><W58/><G1/><T128/><D36/><U79/><E29/><V96/><F96/><W8/><G8/><T67/><D43/><U135/><E135/><V87/><F87/><W83/><REACH who="3" step="1"/><G24/><REACH who="3" ten="276,156,500,58" step="2"/><T133/><D9/><U85/><E4/><V101/><F25/><W0/><G0/><T107/><D133/><U117/><E117/><V106/><F27/><W91/><G91/><T38/><D89/><U76/><E6/><V113/><F32/><W19/><G19/><T108/><D16/><U129/><E3/><V51/><F34/><W109/><G109/><T112/><D38/><U39/><E39/><V22/><F22/><W68/><G68/><T104/><D21/><U69/><E69/><V70/><F23/><W130/><G130/><T40/><D128/><U131/><E10/><V90/><F70/><W100/><G100/><T66/><D108/><U17/><E14/><V78/><F101/><AGARI ba="0,1" hai="17,18,54,55,76,79,84,85,92,95,101,102,129,131" machi="101" ten="25,1600,0" yaku="22,2" doraHai="20" who="1" fromWho="2" sc="276,0,156,26,500,-16,58,0" /><INIT seed="7,0,0,2,3,18" ten="276,182,484,58" oya="3" hai0="84,55,65,34,93,1,89,105,73,81,124,76,38" hai1="116,103,104,134,121,87,37,94,50,75,30,112,98" hai2="85,4,31,113,43,108,21,71,115,70,123,49,107" hai3="96,128,117,109,10,131,11,32,26,17,78,40,111"/><W62/><G117/><T28/><D1/><U9/><E37/><V80/><F107/><W23/><G78/><T100/><D38/><U56/><E112/><V59/><F108/><N who="3" m="41547" /><G40/><T22/><D22/><U0/><E134/><V16/><F43/><W72/><G72/><T127/><D65/><U92/><E75/><V2/><F31/><N who="3" m="19575" /><G62/><T95/><D95/><U20/><E121/><V67/><F123/><W102/><G102/><T64/><D64/><U8/><E0/><V120/><F115/><W42/><G42/><T12/><D12/><U114/><E114/><V15/><F113/><W68/><G68/><T52/><D100/><U13/><E13/><V48/><F120/><W66/><G66/><T126/><D105/><U74/><E74/><V129/><F71/><W39/><G96/><T99/><D99/><U83/><E116/><V5/><F70/><W110/><N who="3" m="41555" /><W25/><DORA hai="118" /><G39/><T61/><D61/><U45/><E94/><V88/><F48/><W63/><G63/><T27/><AGARI ba="0,0" hai="27,28,34,52,55,73,76,81,84,89,93,124,126,127" machi="27" ten="40,5200,0" yaku="0,1,18,1,54,1" doraHai="18,118" who="0" fromWho="0" sc="276,52,182,-13,484,-13,58,-26" owari="328,13.0,169,-23.0,471,57.0,32,-47.0" /></mjloggm>