<mjloggm ver="2.3"><GO type="169" lobby="0"/><UN n0="%E3%81%8A%E3%81%84%E3%81%AA%E3%82%8A%E3%81%A1%E3%82%83%E3%82%93%E2%85%A1" n1="%73%72%65%67%64%6F%72" n2="%E4%B8%8A%E6%B5%B7%E3%83%8B%E3%83%83%E3%82%AF" n3="%67%61%79%75%6E%79" dan="16,16,17,16" rate="2090.71,2107.66,2202.71,2130.83" sx="M,M,M,M"/><TAIKYOKU oya="0"/><INIT seed="0,0,0,3,5,46" ten="250,250,250,250" oya="0" hai0="36,118,97,50,135,108,14,80,58,15,110,105,66" hai1="125,1,24,130,85,121,45,132,129,122,5,44,48" hai2="11,39,55,109,65,34,29,12,25,77,116,16,37" hai3="21,9,73,31,124,56,6,134,27,100,18,67,23"/><T83/><D36/><U42/><E1/><V127/><F109/><N who="0" m="42090" /><D118/><U2/><E2/><V47/><F116/><W20/><G73/><T81/><D135/><U76/><E5/><V7/><F127/><W26/><G134/><T126/><D126/><U95/><E125/><V91/><F65/><W103/><G124/><T119/><D119/><U22/><E45/><V38/><F77/><W33/><G67/><T86/><D86/><U60/><E60/><V3/><F91/><W107/><G56/><T28/><D28/><U63/><E63/><V30/><F30/><N who="3" m="19679" /><G103/><N who="0" m="62703" /><D66/><U52/><E42/><V89/><F89/><W43/><G43/><T92/><D92/><U71/><E71/><V74/><F74/><W8/><G100/><T88/><D88/><N who="1" m="53647" /><E76/><V111/><F111/><W53/><G107/><T120/><D120/><U117/><E132/><V123/><F123/><W93/><G93/><T72/><D72/><U90/><E90/><V10/><REACH who="2" step="1"/><F37/><REACH who="2" ten="250,250,240,250" step="2"/><W41/><G41/><T115/><D115/><U19/><E117/><V87/><F87/><W113/><G113/><T69/><D69/><U13/><E122/><V98/><F98/><W54/><G53/><AGARI ba="0,1" hai="14,15,50,53,58,80,81,83" m="62703,42090" machi="53" ten="30,5800,0" yaku="14,1,10,1,52,1" doraHai="46" who="0" fromWho="3" sc="250,68,250,0,240,0,250,-58" /><INIT seed="0,1,0,3,4,18" ten="318,250,240,192" oya="0" hai0="11,52,100,81,91,53,7,57,56,97,135,80,75" hai1="39,131,88,125,20,105,28,3,51,121,48,115,8" hai2="79,41,103,58,29,96,92,84,42,17,27,46,68" hai3="87,62,114,32,95,33,126,5,112,1,99,69,123"/><T0/><D135/><U9/><E121/><V30/><F68/><W108/><G108/><T47/><D75/><U101/><E39/><V23/><F58/><W34/><G123/><T85/><D80/><U63/><E131/><V122/><F122/><W21/><G126/><T16/><D47/><U127/><E115/><V111/><F111/><W43/><G87/><T106/><D56/><U134/><E134/><V77/><F42/><W59/><G43/><T19/><REACH who="0" step="1"/><D53/><REACH who="0" ten="308,250,240,192" step="2"/><U72/><E72/><V130/><F130/><W38/><G69/><T98/><D98/><U116/><E127/><V132/><F132/><W86/><G86/><T128/><D128/><U31/><E125/><V74/><F74/><W102/><G38/><T40/><D40/><U14/><E116/><V93/><F77/><W36/><G36/><T107/><D107/><U65/><E105/><V22/><F79/><W25/><G1/><T104/><D104/><U89/><E3/><V2/><F2/><W50/><G50/><AGARI ba="1,1" hai="0,7,11,16,19,50,52,57,81,85,91,97,100,106" machi="50" ten="30,12000,1" yaku="1,1,7,1,54,2,53,1" doraHai="18" doraHaiUra="54" who="0" fromWho="3" sc="308,133,250,0,240,0,192,-123" /><INIT seed="0,2,0,4,0,91" ten="441,250,240,69" oya="0" hai0="8,57,35,53,100,68,125,39,33,45,73,98,67" hai1="118,111,105,30,60,69,90,127,87,101,26,2,51" hai2="62,21,82,42,14,40,31,103,115,22,106,79,5" hai3="104,63,41,11,28,74,116,126,64,17,113,10,46"/><T12/><D73/><U134/><E111/><V133/><F115/><W4/><G116/><T122/><D125/><U38/><E38/><V99/><F133/><W66/><G126/><T61/><D122/><U121/><E118/><V114/><F114/><W71/><G113/><T120/><D120/><U130/><E2/><V32/><F32/><W3/><G66/><T135/><D135/><U108/><E130/><V23/><F31/><W128/><G74/><T6/><D45/><U29/><E29/><V94/><F106/><W34/><G128/><T83/><D83/><U15/><E30/><V92/><F62/><W97/><G17/><T37/><D35/><U77/><E60/><V58/><F58/><W123/><G11/><T109/><D33/><U49/><E69/><V50/><F50/><W59/><G59/><T16/><D6/><U55/><E51/><V52/><F52/><W93/><G123/><T88/><D109/><U72/><E72/><V19/><F94/><W43/><G46/><T56/><D68/><U132/><E105/><V54/><F54/><W124/><G124/><T110/><D110/><U47/><E47/><V95/><F95/><W107/><G43/><N who="2" m="16425" /><F5/><W131/><G41/><T7/><D7/><U44/><E108/><V117/><F117/><W65/><G65/><T25/><D37/><U129/><E121/><V78/><F82/><W112/><G131/><T24/><D39/><U48/><E127/><V9/><AGARI ba="2,0" hai="9,14,19,21,22,23,78,79,92,99,103" m="16425" machi="9" ten="30,2000,0" yaku="8,1,52,1" doraHai="91" who="2" fromWho="2" sc="441,-12,250,-7,240,26,69,-7" /><INIT seed="1,0,0,2,3,94" ten="429,243,266,62" oya="1" hai0="89,3,87,24,55,108,9,111,118,52,121,38,128" hai1="109,91,112,59,100,126,28,120,50,119,84,116,75" hai2="103,21,82,79,17,114,122,129,41,77,73,44,31" hai3="123,43,4,1,51,32,53,46,39,23,34,25,68"/><U61/><E120/><V26/><F122/><W85/><G123/><T130/><D118/><U70/><E112/><V11/><F129/><N who="0" m="49770" /><D38/><U22/><E75/><V135/><F135/><W86/><G68/><T5/><D24/><U104/><E126/><V48/><F114/><W56/><G4/><T74/><D74/><U54/><E109/><N who="0" m="42057" /><D121/><U131/><E131/><V19/><F79/><W29/><REACH who="3" step="1"/><G1/><REACH who="3" ten="429,243,266,52" step="2"/><T65/><D65/><U101/><E119/><V124/><F124/><W63/><G63/><T76/><D76/><U127/><E116/><V62/><F62/><W0/><G0/><T93/><AGARI ba="0,1" hai="3,5,9,52,55,87,89,93" m="42057,49770" machi="93" ten="30,4000,0" yaku="19,1,14,1,54,1" doraHai="94" who="0" fromWho="0" sc="429,50,243,-20,266,-10,52,-10" /><INIT seed="2,0,0,4,0,110" ten="479,223,256,42" oya="2" hai0="129,3,113,38,42,132,32,31,46,35,30,120,21" hai1="66,50,57,111,91,112,81,13,104,80,83,109,67" hai2="114,87,115,59,9,99,79,71,55,12,58,64,90" hai3="75,76,47,69,125,93,4,36,100,27,131,130,16"/><V63/><F79/><W96/><G125/><T62/><D120/><U127/><E104/><V14/><F99/><W118/><G118/><T92/><D113/><U6/><E112/><V54/><F71/><W33/><G4/><T85/><D3/><U51/><E91/><V61/><F64/><N who="1" m="24617" /><E57/><V8/><F90/><W128/><G69/><T5/><D5/><U135/><E127/><V68/><REACH who="2" step="1"/><F68/><REACH who="2" ten="479,223,246,42" step="2"/><W73/><G76/><T65/><D65/><U22/><E111/><V26/><F26/><W60/><G60/><T41/><D62/><U98/><E98/><V10/><F10/><W28/><REACH who="3" step="1"/><G16/><REACH who="3" ten="479,223,246,32" step="2"/><T11/><D11/><U17/><E6/><V78/><F78/><W19/><G19/><T84/><D31/><U25/><E17/><V43/><F43/><AGARI ba="0,2" hai="27,28,33,36,43,47,73,75,93,96,100,128,130,131" machi="43" ten="40,5200,0" yaku="1,1,19,1,53,1" doraHai="110" doraHaiUra="89" who="3" fromWho="2" sc="479,0,223,0,246,-52,32,72" /><INIT seed="3,0,0,2,1,59" ten="479,223,194,104" oya="3" hai0="134,133,101,20,103,43,16,91,47,11,50,49,41" hai1="23,68,74,13,3,62,81,78,95,80,33,100,85" hai2="15,123,105,93,64,42,30,24,76,54,4,70,111" hai3="57,67,96,127,52,121,22,69,79,55,65,83,120"/><W108/><G127/><T21/><D11/><U92/><E33/><V118/><F111/><W129/><G129/><T39/><D91/><U117/><E3/><V126/><F105/><W45/><G108/><T5/><D5/><U37/><E37/><V17/><F118/><W99/><G69/><T94/><D94/><U125/><E125/><V1/><F42/><W56/><G22/><T110/><D110/><U116/><E100/><V46/><F76/><W86/><G45/><N who="0" m="25775" /><D39/><U40/><E13/><V18/><F123/><W60/><G121/><T27/><D21/><U106/><E106/><V38/><F38/><W0/><G0/><T34/><D34/><U8/><E8/><V58/><F93/><W97/><REACH who="3" step="1"/><G120/><REACH who="3" ten="479,223,194,94" step="2"/><T77/><D20/><U107/><E23/><N who="2" m="11711" /><F46/><W113/><G113/><T75/><D47/><U63/><E117/><V114/><F70/><W6/><G6/><T131/><D131/><U35/><E68/><V112/><F126/><W61/><AGARI ba="0,1" hai="52,55,56,57,60,61,65,67,79,83,86,96,97,99" machi="61" ten="30,18000,2" yaku="1,1,0,1,9,1,8,1,52,2,54,1,53,0" doraHai="59" doraHaiUra="10" who="3" fromWho="3" sc="479,-60,223,-60,194,-60,94,190" /><INIT seed="3,1,0,1,3,39" ten="419,163,134,284" oya="3" hai0="79,18,133,113,28,80,109,40,15,62,88,30,8" hai1="51,120,13,81,82,126,41,107,43,90,35,38,110" hai2="25,114,117,87,44,36,127,122,100,68,29,112,33" hai3="53,124,16,105,99,48,94,26,76,72,17,12,130"/><W98/><G124/><T24/><D109/><U7/><E38/><V125/><F117/><W118/><G118/><T11/><D133/><U10/><E110/><V6/><F122/><W89/><G130/><T59/><D113/><U1/><E120/><V20/><F6/><W121/><G121/><T3/><D88/><U101/><E35/><V103/><F68/><W132/><G132/><T0/><D40/><U45/><E126/><N who="2" m="48139" /><F87/><W83/><G26/><T27/><D11/><U74/><E1/><V116/><F116/><W129/><G129/><T93/><D93/><U5/><E5/><V21/><F21/><W77/><G77/><T23/><D30/><U70/><E70/><V84/><F84/><W134/><G134/><T42/><D42/><U52/><E74/><V102/><F33/><W75/><G75/><T58/><D58/><U49/><E49/><V135/><F135/><W96/><G105/><T85/><D27/><U46/><E46/><V2/><F2/><W86/><REACH who="3" step="1"/><G12/><REACH who="3" ten="419,163,134,274" step="2"/><T9/><D0/><U4/><E107/><V73/><F73/><W14/><G14/><T19/><D3/><U71/><E4/><V61/><F114/><W50/><G50/><T63/><D15/><U60/><E101/><V57/><F112/><W119/><G119/><T95/><D24/><U104/><E104/><V56/><F61/><W32/><G32/><T37/><D63/><U108/><E108/><V115/><F115/><W92/><G92/><T128/><D95/><U131/><E131/><V69/><F69/><W123/><G123/><T111/><D128/><U91/><E71/><RYUUKYOKU ba="1,1" sc="419,-15,163,-15,134,15,274,15" hai2="20,25,29,36,44,56,57,100,102,103" hai3="16,17,48,53,72,76,83,86,89,94,96,98,99" /><INIT seed="3,2,1,0,1,111" ten="404,148,149,289" oya="3" hai0="35,24,100,92,10,102,18,93,58,133,109,117,0" hai1="31,108,12,25,82,127,32,51,86,88,40,71,49" hai2="16,33,19,39,7,47,87,4,104,62,135,14,128" hai3="125,94,107,130,91,26,2,95,126,20,84,65,22"/><W44/><G107/><T11/><D109/><U122/><E108/><V75/><F75/><W103/><G2/><T64/><D133/><U110/><E71/><V105/><F135/><W79/><G79/><T89/><D35/><U27/><E122/><V83/><F33/><W96/><G130/><T42/><D42/><U63/><E127/><V78/><F128/><W85/><G65/><T124/><D124/><N who="3" m="47721" /><G44/><T60/><D102/><U113/><E110/><V46/><F105/><W54/><G54/><T38/><D38/><U68/><E113/><V59/><F104/><W90/><G26/><T56/><D56/><U123/><E123/><V116/><F116/><W8/><G8/><T3/><D3/><U98/><E40/><V97/><F19/><W114/><G114/><T72/><D0/><U6/><E27/><V36/><F36/><W134/><G134/><T61/><D24/><U67/><REACH who="1" step="1"/><E98/><REACH who="1" ten="404,138,149,289" step="2"/><V53/><F97/><W77/><G77/><T70/><D70/><U28/><E28/><V76/><F39/><W73/><G73/><T99/><D72/><U66/><E66/><V23/><F78/><W106/><AGARI ba="2,2" hai="20,22,84,85,90,91,94,95,96,103,106" m="47721" machi="106" ten="30,1500,0" yaku="18,1" doraHai="111" who="3" fromWho="3" sc="404,-7,138,-7,149,-7,289,41" /><INIT seed="3,3,0,2,1,124" ten="397,131,142,330" oya="3" hai0="103,94,112,65,31,9,85,41,34,48,104,33,3" hai1="78,109,101,59,51,96,88,68,131,69,50,134,47" hai2="122,58,102,29,99,43,115,84,82,16,2,120,45" hai3="105,1,8,107,133,39,25,83,60,38,86,121,63"/><W57/><G121/><N who="2" m="46697" /><F2/><W15/><G1/><T24/><D104/><U40/><E109/><V10/><F29/><W7/><G133/><T54/><D112/><U14/><E134/><V132/><F132/><W22/><G63/><T91/><D41/><U72/><E78/><V76/><F58/><W126/><G107/><T70/><D70/><U119/><E72/><V93/><F115/><W113/><G105/><T46/><D65/><U27/><E101/><V61/><F61/><W42/><G42/><T110/><D110/><U35/><E119/><V74/><F84/><W32/><G32/><T13/><D103/><U62/><E50/><V116/><F116/><W18/><G126/><T114/><D114/><U100/><E68/><V123/><N who="2" m="46705" /><V19/><DORA hai="55" /><F10/><W130/><G130/><T21/><REACH who="0" step="1"/><D3/><REACH who="0" ten="387,131,142,330" step="2"/><U20/><E69/><V129/><F129/><W52/><REACH who="3" step="1"/><G113/><REACH who="3" ten="387,131,142,320" step="2"/><T95/><D95/><U67/><E131/><V117/><F117/><W26/><G26/><T89/><D89/><AGARI ba="3,2" hai="7,8,15,18,22,25,38,39,52,57,60,83,86,89" machi="89" ten="30,11600,0" yaku="1,1,7,1,52,1,54,1,53,0" doraHai="124,55" doraHaiUra="97,75" who="3" fromWho="0" sc="387,-125,131,0,142,0,320,145" /><INIT seed="3,4,0,4,1,78" ten="262,131,142,465" oya="3" hai0="18,27,43,131,84,127,82,129,15,56,45,35,111" hai1="94,7,102,64,13,95,8,72,38,103,3,33,88" hai2="119,118,116,120,121,115,16,48,47,75,124,54,61" hai3="11,20,46,74,59,44,122,31,132,125,41,100,98"/><W79/><G122/><N who="2" m="47209" /><F75/><W112/><G112/><T113/><D111/><U10/><E38/><V101/><F101/><W6/><G132/><T130/><D113/><U12/><E33/><V60/><F115/><W77/><G125/><T28/><D127/><U135/><E72/><V32/><F32/><W81/><G79/><T21/><D56/><U86/><E135/><V73/><F73/><W80/><G59/><T5/><D5/><U30/><E30/><V1/><F1/><W126/><G126/><T52/><D52/><U92/><E64/><V14/><F124/><W70/><G70/><T90/><D45/><U4/><REACH who="1" step="1"/><E3/><REACH who="1" ten="262,121,142,465" step="2"/><V106/><F106/><W34/><G34/><T49/><D43/><U107/><E107/><V36/><F36/><W29/><G31/><T96/><D49/><U105/><E105/><V17/><F17/><W51/><G29/><T114/><D114/><U91/><E91/><V65/><F65/><W9/><G74/><T42/><D42/><U19/><E19/><V55/><F54/><W117/><G51/><T83/><D130/><U71/><E71/><V67/><F67/><W128/><G41/><T39/><D39/><U24/><E24/><V109/><F109/><W97/><G128/><T23/><D131/><U58/><E58/><V0/><F0/><W66/><G66/><T62/><D35/><U69/><E69/><V50/><F48/><W76/><G100/><AGARI ba="4,1" hai="4,7,8,10,12,13,86,88,92,94,95,100,102,103" machi="100" ten="40,8000,1" yaku="1,1,9,1,8,1,54,1,53,0" doraHai="78" doraHaiUra="123" who="1" fromWho="3" sc="262,0,121,102,142,0,465,-92" /><INIT seed="4,0,0,3,3,120" ten="262,223,142,373" oya="0" hai0="84,82,116,39,17,25,59,94,130,132,28,62,119" hai1="71,38,103,79,42,33,104,85,75,45,98,69,11" hai2="65,0,5,115,60,2,35,77,111,83,36,90,93" hai3="101,95,99,72,14,58,128,109,100,4,31,108,78"/><T10/><D39/><U129/><E129/><V12/><F35/><W66/><G128/><T102/><D130/><U122/><E85/><V22/><F115/><W44/><G100/><T55/><D132/><U105/><E122/><V68/><F36/><W117/><G117/><T76/><D10/><U64/><E64/><V67/><F67/><W70/><G70/><T127/><D17/><U32/><E11/><V107/><F107/><W26/><G44/><T19/><D19/><U24/><E105/><V112/><F112/><W47/><G47/><T23/><REACH who="0" step="1"/><D127/><REACH who="0" ten="252,223,142,373" step="2"/><U9/><E9/><V89/><F5/><W15/><G4/><T43/><D43/><U16/><E16/><V1/><F1/><W134/><G134/><T91/><D91/><U27/><E24/><V121/><F90/><W125/><G125/><T96/><AGARI ba="0,1" hai="23,25,28,55,59,62,76,82,84,94,96,102,116,119" machi="96" ten="30,6000,0" yaku="1,1,0,1,53,1" doraHai="120" doraHaiUra="50" who="0" fromWho="0" sc="252,70,223,-20,142,-20,373,-20" /><INIT seed="4,1,0,3,0,68" ten="322,203,122,353" oya="0" hai0="2,134,13,88,121,5,105,59,16,117,114,37,133" hai1="119,99,83,26,55,90,128,91,70,113,115,3,54" hai2="63,97,1,11,36,118,71,21,102,33,73,123,100" hai3="56,12,132,116,7,10,20,19,61,9,110,69,14"/><T35/><D117/><U93/><E119/><V15/><F118/><W65/><G116/><RYUUKYOKU type="kaze4" ba="1,0" sc="322,0,203,0,122,0,353,0" /><INIT seed="4,2,0,1,4,59" ten="322,203,122,353" oya="0" hai0="87,114,38,60,79,101,94,116,129,33,78,16,134" hai1="47,1,108,130,81,36,57,8,10,111,74,37,2" hai2="58,22,3,112,131,105,23,32,53,132,7,26,103" hai3="13,106,0,27,72,67,70,49,40,86,15,4,118"/><T63/><D116/><U95/><E74/><V128/><F112/><W110/><G118/><T55/><D38/><U6/><E130/><N who="2" m="49707" /><F132/><W54/><G72/><T56/><D129/><U41/><E81/><V43/><F43/><W30/><G106/><T29/><D114/><U124/><E37/><V51/><F3/><W65/><G40/><T97/><D134/><U21/><E95/><V125/><F7/><W44/><G110/><T107/><D29/><U98/><E98/><N who="2" m="61687" /><F125/><W17/><G0/><T61/><D33/><U11/><E8/><V121/><F121/><W82/><G4/><T68/><D68/><U46/><E41/><V48/><F51/><W127/><G70/><T104/><D104/><U20/><E36/><V62/><F48/><W91/><G15/><T84/><D16/><U9/><E10/><V120/><F120/><W119/><G127/><T28/><D28/><AGARI ba="2,0" hai="22,23,26,28,32,53,58,62" m="61687,49707" machi="28" ten="30,2000,0" yaku="19,1,52,1" doraHai="59" who="2" fromWho="0" sc="322,-26,203,0,122,26,353,0" /><INIT seed="5,0,0,2,5,77" ten="296,203,148,353" oya="1" hai0="20,60,90,69,114,113,102,58,73,2,104,112,100" hai1="88,118,14,82,55,70,108,30,99,105,80,32,126" hai2="121,47,10,11,44,135,31,33,81,87,107,46,6" hai3="12,72,5,18,64,130,36,50,94,131,119,93,51"/><U101/><E118/><V123/><F107/><W116/><G36/><T122/><D69/><U127/><E108/><V133/><F33/><W103/><G72/><T1/><D122/><N who="2" m="46602" /><F31/><W132/><G5/><T38/><D38/><U9/><E70/><V120/><N who="2" m="46610" /><V53/><DORA hai="42" /><F53/><W13/><G64/><T59/><D73/><U91/><E55/><V79/><F6/><W21/><G132/><AGARI ba="0,0" hai="10,11,44,46,47,79,81,87,132,133,135" m="46610" machi="132" ten="50,8000,1" yaku="20,1,52,4" doraHai="77,42" who="2" fromWho="3" sc="296,0,203,0,148,80,353,-80" /><INIT seed="6,0,0,4,2,79" ten="296,203,228,273" oya="2" hai0="128,73,65,37,34,39,3,67,84,16,112,51,27" hai1="110,42,102,109,21,124,29,117,69,89,91,5,56" hai2="30,111,31,105,19,38,45,9,93,64,68,0,134" hai3="12,130,92,123,116,61,72,4,121,40,96,18,32"/><V95/><F105/><W35/><G72/><T85/><D73/><U17/><E69/><V48/><F38/><W107/><G107/><T106/><D106/><U90/><E117/><V26/><F134/><W55/><G130/><T20/><D3/><U81/><E102/><V47/><F111/><W100/><G116/><T103/><D103/><U74/><E29/><V24/><F68/><W70/><G4/><T22/><D34/><U10/><E42/><V57/><F0/><W52/><G40/><T1/><D1/><U14/><E56/><V127/><F127/><W133/><G133/><T75/><D75/><U101/><E101/><V60/><F47/><W15/><G35/><T99/><D99/><U108/><E124/><V135/><F135/><W76/><G76/><T114/><D51/><U77/><REACH who="1" step="1"/><E110/><REACH who="1" ten="296,193,228,273" step="2"/><V126/><F126/><W59/><G70/><T87/><D128/><U58/><E58/><V82/><F31/><W119/><G119/><T97/><D112/><U98/><E98/><V54/><F30/><W25/><G55/><T83/><D97/><U2/><AGARI ba="0,1" hai="2,5,10,14,17,21,74,77,81,89,90,91,108,109" machi="2" ten="30,7900,0" yaku="1,1,0,1,52,1,53,1" doraHai="79" doraHaiUra="8" who="1" fromWho="1" sc="296,-20,193,89,228,-39,273,-20" /><INIT seed="7,0,0,4,1,91" ten="276,282,189,253" oya="3" hai0="81,106,85,103,16,131,63,1,118,18,7,113,48" hai1="5,86,11,53,61,21,36,78,15,99,74,102,109" hai2="42,68,104,69,25,122,33,97,39,132,95,98,22" hai3="26,32,71,92,62,38,134,77,17,125,10,117,110"/><W2/><G117/><T27/><D118/><U116/><E74/><V56/><F132/><W108/><G38/><T52/><D131/><U12/><E36/><V43/><F33/><W130/><G130/><T13/><D1/><U54/><E109/><N who="3" m="42090" /><G134/><T40/><D113/><U46/><E46/><V70/><F122/><W127/><G77/><N who="0" m="46255" /><D106/><U57/><E21/><V55/><F104/><W133/><G133/><T90/><D103/><U50/><E50/><V59/><F59/><W83/><G83/><T123/><D123/><U47/><E47/><V19/><F39/><W100/><G62/><T88/><D63/><U41/><E57/><V82/><F82/><W29/><G71/><T72/><D40/><U31/><E61/><N who="2" m="35999" /><F98/><N who="3" m="59463" /><G17/><N who="0" m="6763" /><D72/><U58/><E116/><V34/><F34/><W107/><G107/><T3/><D3/><U75/><E75/><V6/><F6/><AGARI ba="0,0" hai="2,6,10,26,29,32,125,127" m="59463,42090" machi="6" ten="30,2900,0" yaku="10,1,52,1" doraHai="91" who="3" fromWho="2" sc="276,0,282,0,189,-29,253,29" /><INIT seed="7,1,0,5,4,113" ten="276,282,160,282" oya="3" hai0="122,55,115,96,31,2,80,24,101,7,33,38,29" hai1="1,104,75,78,61,117,71,4,73,23,106,67,45" hai2="6,50,46,121,0,25,51,125,76,58,27,16,72" hai3="128,102,68,99,86,39,62,85,8,123,94,111,135"/><W35/><G123/><T69/><D122/><U28/><E45/><V59/><F125/><W130/><G135/><T32/><D55/><U118/><E23/><V133/><F133/><W84/><G39/><T110/><D80/><N who="1" m="45135" /><E28/><V13/><F121/><W83/><G111/><T12/><D110/><U21/><E21/><N who="2" m="11407" /><F72/><W103/><G35/><T129/><D129/><N who="3" m="49769" /><G8/><N who="0" m="2167" /><D115/><U49/><E49/><N who="2" m="18443" /><F0/><W41/><G41/><T87/><D87/><N who="3" m="33353" /><G68/><T105/><D12/><U92/><E92/><V74/><F74/><W43/><G43/><T93/><D93/><U132/><E75/><V17/><F76/><N who="3" m="46439" /><G62/><T88/><D88/><AGARI ba="1,0" hai="88,94,99,102,103" m="46439,33353,49769" machi="88" ten="30,11600,0" yaku="19,1,34,2,54,1" doraHai="113" who="3" fromWho="0" sc="276,-119,282,0,160,0,282,119" owari="157,-34.0,282,8.0,160,-24.0,401,50.0" /></mjloggm>