<mjloggm ver="2.3"><GO type="225" lobby="0"/><UN n0="%E6%AF%9B%E8%8D%92%E3%82%8C%E3%83%BB%E3%82%B9%E3%83%9F%E3%82%B9" n1="%E3%81%B8%E3%82%80%E3%81%B8%E3%82%80%EF%BC%92%E5%8F%B7" n2="%E3%83%80%E3%83%B3%E3%83%86" n3="%E8%A8%88%E7%AE%97%E6%A9%9F%E8%87%AA%E7%84%B6" dan="16,16,17,17" rate="2157.78,2126.57,2247.71,2221.26" sx="F,M,M,M"/><TAIKYOKU oya="0"/><INIT seed="0,0,0,4,3,57" ten="250,250,250,250" oya="0" hai0="91,27,13,10,12,61,81,106,55,34,92,45,114" hai1="66,125,89,134,60,88,44,105,11,16,14,47,116" hai2="84,101,26,131,126,30,78,22,6,95,2,94,28" hai3="50,119,40,52,62,1,7,117,107,39,41,24,4"/><T118/><D114/><U97/><E116/><V35/><F131/><W56/><G107/><T8/><D118/><N who="3" m="45065" /><G24/><T90/><D106/><U111/><E111/><V73/><F126/><W122/><G1/><T133/><D133/><U63/><E125/><V20/><F73/><W46/><G4/><T109/><D109/><U123/><E123/><V132/><F132/><W37/><G7/><T69/><D69/><U115/><E115/><V120/><F120/><W59/><G122/><T21/><D34/><U130/><E130/><V129/><F129/><W135/><G135/><T110/><D110/><U100/><E134/><V49/><F6/><W72/><G72/><T86/><D12/><U48/><E47/><V25/><F2/><W29/><G29/><T31/><D13/><U80/><E80/><V32/><F101/><W87/><G87/><T23/><D23/><U85/><E85/><V9/><F9/><W68/><G68/><T67/><D45/><U19/><E19/><V5/><F5/><W77/><G77/><T104/><D104/><U54/><E60/><V121/><F121/><W127/><G127/><T113/><D113/><U76/><E76/><V58/><F78/><W71/><G71/><AGARI ba="0,0" hai="11,14,16,44,48,54,63,66,71,88,89,97,100,105" machi="71" ten="30,7700,0" yaku="7,1,52,1,54,2" doraHai="57" who="1" fromWho="3" sc="250,0,250,77,250,0,250,-77" /><INIT seed="1,0,0,1,4,126" ten="250,327,250,173" oya="1" hai0="45,7,104,78,88,9,39,60,63,46,34,67,83" hai1="13,10,27,91,113,85,55,130,24,99,22,72,5" hai2="107,62,50,77,112,19,14,28,122,71,52,31,119" hai3="21,134,68,105,1,128,4,73,56,135,124,51,40"/><U59/><E130/><V123/><F119/><W116/><G73/><T2/><D34/><U23/><E72/><V58/><F107/><W41/><G105/><T117/><D117/><U132/><E132/><N who="3" m="50730" /><G116/><T48/><D104/><U94/><E113/><V96/><F112/><W79/><G79/><T125/><D125/><U115/><E115/><V18/><F77/><W129/><G124/><T101/><D101/><U11/><E11/><V81/><F81/><W110/><G110/><T49/><D39/><U102/><E23/><V106/><F19/><W15/><G1/><T87/><D78/><U42/><E42/><N who="3" m="16490" /><G68/><T89/><D89/><U69/><E69/><V16/><F18/><N who="3" m="10463" /><G4/><T92/><D83/><U0/><E0/><V70/><F70/><W82/><G82/><T84/><D87/><U43/><E43/><V103/><F123/><W98/><G98/><T6/><D7/><U30/><E24/><V25/><F122/><W29/><G29/><T64/><D64/><U100/><E99/><V74/><F74/><W80/><G80/><T121/><D67/><U66/><E66/><V120/><F120/><W26/><G26/><T86/><D86/><U114/><E114/><V95/><F106/><W97/><G97/><T131/><D121/><U32/><E32/><V47/><F25/><W33/><G33/><T93/><D2/><U54/><E27/><V35/><F35/><W133/><N who="3" m="50738" /><W12/><DORA hai="76" /><G12/><T65/><D6/><U57/><E5/><V75/><F75/><W36/><G36/><T37/><D37/><U90/><E13/><V17/><F71/><RYUUKYOKU ba="0,0" sc="250,-10,327,-10,250,-10,173,30" hai3="51,56,128,129" /><INIT seed="2,1,0,3,2,62" ten="240,317,240,203" oya="2" hai0="7,63,29,13,23,21,42,34,108,52,123,56,70" hai1="110,124,121,73,126,106,31,6,47,79,3,58,103" hai2="4,15,64,76,14,26,17,119,8,11,30,90,97" hai3="68,102,118,83,125,72,0,113,18,22,89,51,49"/><V135/><F119/><W132/><G118/><T127/><D123/><U54/><E121/><V10/><F135/><W117/><G117/><T33/><D108/><U86/><E110/><V105/><F76/><W44/><G0/><T24/><D127/><N who="1" m="48683" /><E31/><V9/><F64/><W81/><G125/><T5/><D42/><U59/><E73/><V98/><F97/><W109/><G109/><T114/><D114/><U2/><E6/><V57/><F57/><N who="1" m="21513" /><E103/><V131/><F131/><W78/><G132/><T48/><D33/><U38/><E106/><V112/><F112/><W36/><G102/><T82/><D82/><N who="1" m="47455" /><E54/><V16/><F4/><W39/><G113/><T65/><REACH who="0" step="1"/><D5/><REACH who="0" ten="230,317,240,203" step="2"/><U41/><AGARI ba="1,1" hai="2,3,38,41,47" m="47455,21513,48683" machi="41" ten="30,1100,0" yaku="18,1" doraHai="62" who="1" fromWho="1" sc="230,-4,317,24,240,-6,203,-4" /><INIT seed="3,0,0,3,4,62" ten="226,341,234,199" oya="3" hai0="75,40,7,130,6,120,27,81,5,93,48,82,135" hai1="64,61,24,95,56,51,100,3,0,99,53,10,17" hai2="103,129,116,67,45,110,114,128,13,85,46,131,19" hai3="80,90,117,12,92,57,97,134,86,89,59,35,127"/><W32/><G117/><T39/><D120/><U118/><E118/><V20/><F116/><W101/><G134/><T18/><D39/><U83/><E83/><N who="0" m="31753" /><D75/><U109/><E109/><V70/><F110/><W72/><G127/><T106/><D106/><U9/><E3/><V78/><F114/><W30/><G72/><T8/><D135/><U126/><E0/><V42/><F103/><W73/><G73/><T1/><D1/><U98/><E98/><V91/><F78/><W22/><G32/><T105/><D105/><U132/><E126/><V29/><F29/><W47/><G35/><T133/><D133/><U74/><E74/><V76/><F76/><W125/><G125/><T25/><D130/><U63/><E63/><N who="2" m="40319" /><F42/><W94/><G47/><N who="0" m="25703" /><D93/><AGARI ba="0,0" hai="13,19,20,45,46,85,91,93,128,129,131" m="40319" machi="93" ten="30,2000,0" yaku="19,1,52,1" doraHai="62" who="2" fromWho="0" sc="226,-20,341,0,234,20,199,0" owari="206,-19.0,341,44.0,254,5.0,199,-30.0" /></mjloggm>