<mjloggm ver="2.3"><GO type="225" lobby="0"/><UN n0="%E8%83%83%E3%81%A8%E8%85%B8" n1="%E7%B4%AB%E3%81%AE%E9%8F%A1" n2="%50%49%58%49" n3="%E6%80%AA%E3%81%97%E3%81%99%E3%81%8E%E3%82%8B%E3%83%81%E3%83%BC" dan="16,18,16,16" rate="2171.14,2280.12,2158.99,2148.56" sx="M,M,F,M"/><TAIKYOKU oya="0"/><INIT seed="0,0,0,5,0,69" ten="250,250,250,250" oya="0" hai0="81,30,7,58,100,109,70,38,27,82,128,102,57" hai1="124,91,5,105,107,10,35,106,112,37,72,2,47" hai2="44,60,74,41,121,62,120,63,24,9,79,122,123" hai3="115,117,29,134,77,6,73,3,12,71,49,110,54"/><T130/><D70/><U50/><E35/><V104/><N who="2" m="30720" /><DORA hai="88" /><V34/><F104/><W95/><G115/><T78/><D7/><U52/><E72/><V126/><F126/><W65/><G117/><T86/><D109/><U51/><E124/><V98/><F98/><W56/><G110/><T87/><D27/><U36/><E112/><V33/><F9/><W92/><G134/><T4/><D4/><U32/><E32/><V22/><F79/><W11/><G29/><T25/><D25/><U17/><E17/><V43/><F74/><W127/><G3/><T131/><D30/><U108/><E108/><V68/><F43/><W61/><REACH who="3" step="1"/><G127/><REACH who="3" ten="250,250,250,240" step="2"/><T13/><D130/><U15/><E2/><V14/><F68/><W76/><G76/><T31/><D31/><U114/><E114/><V45/><F14/><W135/><G135/><T26/><D13/><U23/><E15/><V21/><F21/><W129/><G129/><T55/><D26/><U16/><E23/><V53/><F22/><W66/><G66/><T40/><D78/><U28/><E28/><V118/><F118/><W67/><G67/><T85/><D128/><U111/><E111/><V83/><F24/><W133/><G133/><T99/><D131/><U94/><E10/><V59/><F34/><W97/><G97/><T132/><D99/><U93/><E5/><V90/><F33/><W75/><G75/><T84/><D132/><U8/><E8/><V113/><F113/><W48/><G48/><T119/><D119/><U46/><E50/><N who="2" m="31159" /><F41/><W19/><G19/><T96/><N who="0" m="21504" /><DORA hai="42" /><T1/><D96/><RYUUKYOKU ba="0,1" sc="250,-15,250,-15,250,15,240,15" hai2="44,45,60,62,63,83,90" hai3="6,11,12,49,54,56,61,65,71,73,77,92,95" /><INIT seed="1,1,1,0,4,92" ten="235,235,265,255" oya="1" hai0="90,36,44,74,37,27,12,4,23,115,52,109,33" hai1="64,70,131,125,133,42,38,59,66,110,72,26,53" hai2="21,89,24,130,11,71,22,122,51,88,15,6,85" hai3="54,55,80,67,60,62,83,135,104,118,123,129,57"/><U105/><E72/><V124/><F122/><W14/><G123/><T50/><D115/><U46/><E105/><V127/><F71/><W117/><G104/><T61/><D109/><U40/><E26/><V2/><F130/><W63/><G129/><T35/><D74/><U97/><E97/><V95/><F51/><N who="3" m="30943" /><G67/><N who="1" m="25642" /><E131/><V69/><F69/><W112/><G112/><T19/><D61/><N who="3" m="23657" /><G14/><T103/><D103/><U82/><E82/><V45/><F45/><W9/><G9/><T120/><D120/><U91/><E91/><V25/><F2/><W39/><G39/><T128/><D128/><U49/><E70/><V86/><F25/><W43/><G43/><N who="1" m="16426" /><E110/><V7/><F7/><W119/><G135/><T3/><D90/><U78/><E78/><V28/><REACH who="2" step="1"/><F22/><REACH who="2" ten="235,235,255,255" step="2"/><W16/><G117/><T17/><D3/><U113/><E113/><V102/><F102/><W93/><G118/><T126/><D4/><U121/><E121/><V5/><F5/><W116/><G119/><T106/><D23/><U65/><E133/><V132/><F132/><W29/><G116/><T96/><D27/><U30/><E38/><V58/><F58/><W0/><G0/><T10/><D36/><U48/><E46/><V47/><F47/><W18/><G63/><T1/><D37/><U99/><E48/><V81/><AGARI ba="1,2" hai="6,11,15,21,24,28,81,85,86,88,89,95,124,127" machi="81" ten="30,4000,0" yaku="1,1,0,1,54,1,53,0" doraHai="92" doraHaiUra="98" who="2" fromWho="2" sc="235,-11,235,-21,255,63,255,-11" /><INIT seed="2,0,0,0,4,98" ten="224,214,318,244" oya="2" hai0="84,78,97,56,24,95,42,80,50,101,48,54,1" hai1="21,59,119,123,108,102,74,27,26,12,132,110,23" hai2="46,69,130,44,31,38,15,79,20,77,33,37,52" hai3="111,88,29,86,112,68,9,6,104,117,36,90,89"/><V62/><F33/><W133/><G117/><T73/><D1/><U43/><E74/><V16/><F130/><W22/><G104/><T63/><D42/><U64/><E119/><V105/><F105/><W85/><G36/><T134/><D134/><U0/><E0/><V118/><F118/><W57/><G68/><T34/><REACH who="0" step="1"/><D73/><REACH who="0" ten="214,214,318,244" step="2"/><U109/><E132/><V49/><F38/><W61/><G133/><T103/><D103/><U40/><E123/><V67/><REACH who="2" step="1"/><F31/><AGARI ba="0,1" hai="24,31,34,48,50,54,56,63,78,80,84,95,97,101" machi="31" ten="40,2600,0" yaku="1,1,52,1,53,0" doraHai="98" doraHaiUra="41" who="0" fromWho="2" sc="214,36,214,0,318,-26,244,0" /><INIT seed="3,0,0,2,2,111" ten="250,214,292,244" oya="3" hai0="23,122,55,65,34,53,59,8,84,50,78,31,99" hai1="49,128,64,5,123,107,36,44,35,1,92,119,124" hai2="127,0,38,117,24,109,22,43,67,75,88,61,21" hai3="87,30,47,79,63,9,82,83,118,80,27,62,60"/><W73/><G118/><T93/><D122/><U134/><RYUUKYOKU type="yao9" ba="0,0" sc="250,0,214,0,292,0,244,0" hai1="1,5,35,36,44,49,64,92,107,119,123,124,128,134" /><INIT seed="3,1,0,5,0,5" ten="250,214,292,244" oya="3" hai0="77,110,94,75,134,91,96,8,44,52,130,78,124" hai1="21,4,39,48,11,120,24,20,90,40,10,45,43" hai2="112,87,69,3,51,56,33,115,19,41,128,127,80" hai3="122,79,37,97,126,76,88,103,99,84,61,82,86"/><W27/><G37/><T32/><D110/><U106/><E120/><V89/><F69/><W42/><G122/><T93/><D124/><U111/><E106/><V0/><F33/><W123/><G123/><T129/><D32/><U98/><E111/><V67/><F127/><W119/><G126/><T81/><D134/><U66/><E66/><V26/><F128/><N who="0" m="49258" /><D77/><N who="3" m="29769" /><G42/><N who="1" m="15914" /><E39/><V22/><F0/><W102/><G61/><T36/><D36/><U16/><E4/><V131/><F3/><W31/><G27/><T68/><D68/><U109/><E109/><V9/><F131/><W101/><G31/><T116/><D116/><U118/><E118/><V23/><F41/><W14/><G14/><T38/><D38/><U28/><E98/><N who="3" m="37386" /><G119/><T46/><D93/><U100/><E100/><V54/><F67/><W13/><G13/><T113/><D113/><U49/><E90/><V7/><F23/><W1/><G1/><T62/><D8/><N who="1" m="3115" /><E45/><V63/><F115/><W71/><G71/><T70/><D70/><U57/><E57/><AGARI ba="1,0" hai="44,46,52,57,62,75,78,81,91,94,96" m="49258" machi="57" ten="30,2000,0" yaku="19,1,54,1" doraHai="5" who="0" fromWho="1" sc="250,23,214,-23,292,0,244,0" /><INIT seed="4,0,0,1,1,32" ten="273,191,292,244" oya="0" hai0="102,76,9,19,14,71,58,28,42,103,95,21,90" hai1="17,47,126,37,20,109,86,130,64,97,87,120,74" hai2="124,44,107,45,94,101,56,81,27,75,114,4,131" hai3="135,48,105,78,72,125,0,67,91,111,6,66,33"/><T84/><D71/><U88/><E120/><V127/><F107/><W36/><G111/><T8/><D42/><U93/><E109/><V100/><F114/><W82/><G125/><N who="2" m="48201" /><F131/><W52/><G135/><T29/><D76/><U115/><E126/><V50/><F4/><W12/><G105/><T110/><D110/><U61/><E130/><V31/><F56/><W99/><G33/><T35/><D35/><U108/><E108/><V25/><F94/><W41/><G12/><T128/><D128/><U96/><E115/><V80/><F45/><N who="3" m="23719" /><G91/><T70/><D70/><U77/><E37/><V51/><F51/><W98/><G66/><T23/><D58/><N who="1" m="36919" /><E47/><V3/><F3/><W40/><G67/><T62/><D62/><U22/><E74/><V92/><F92/><W65/><G65/><T119/><D119/><U53/><E53/><N who="2" m="29895" /><F27/><W123/><G40/><T30/><REACH who="0" step="1"/><D23/><REACH who="0" ten="263,191,292,244" step="2"/><N who="1" m="8747" /><E17/><V57/><F57/><N who="3" m="32903" /><G123/><T38/><D38/><U85/><E77/><V116/><F116/><W113/><G113/><T106/><D106/><U122/><E122/><V112/><F112/><W16/><G16/><T121/><D121/><U2/><E2/><V117/><F117/><W43/><G43/><T68/><D68/><U39/><E39/><V59/><F59/><W63/><G63/><T60/><D60/><U118/><E118/><V69/><F69/><W83/><G0/><T133/><D133/><U129/><E129/><V34/><F75/><N who="3" m="43359" /><G6/><T5/><D5/><U11/><E11/><AGARI ba="0,1" hai="8,9,11,14,19,21,28,29,30,84,90,95,102,103" machi="11" ten="40,12000,1" yaku="1,1,8,1,53,3" doraHai="32" doraHaiUra="24" who="0" fromWho="1" sc="263,130,191,-120,292,0,244,0" owari="393,50.0,71,-43.0,292,9.0,244,-16.0" /></mjloggm>