<mjloggm ver="2.3"><GO type="225" lobby="0"/><UN n0="%E3%81%AA%E3%82%81%E3%81%93%E9%9B%80%E5%A3%AB" n1="%E3%82%B7%E3%83%B3%E3%83%95%E3%82%A9%E3%83%8B%E3%82%A2" n2="%E7%89%9B%E7%89%9B%E7%89%9B%E7%89%9B" n3="%E3%83%AD%E3%83%83%E3%83%86%E9%9B%80%E7%90%83" dan="16,18,16,18" rate="2098.04,2175.42,2126.55,2255.64" sx="M,M,M,F"/><TAIKYOKU oya="0"/><INIT seed="0,0,0,5,1,51" ten="250,250,250,250" oya="0" hai0="100,92,118,120,15,35,52,64,8,79,40,28,23" hai1="77,135,26,122,91,107,61,67,94,129,4,58,3" hai2="114,12,78,130,96,73,31,134,47,82,38,62,36" hai3="121,32,24,109,34,69,106,2,119,86,112,117,71"/><T60/><D118/><U39/><E129/><V111/><F114/><W85/><G24/><N who="0" m="16415" /><D35/><U59/><E135/><V132/><F130/><W44/><G44/><T48/><D120/><U90/><E107/><V9/><F31/><W45/><G45/><N who="0" m="27663" /><D79/><U123/><E39/><V49/><F62/><W55/><G106/><T33/><D33/><U102/><E77/><V84/><F111/><W76/><G76/><T43/><D60/><U103/><E61/><V110/><F73/><W108/><G2/><T22/><D22/><U20/><E20/><V125/><F110/><W57/><G121/><T133/><D64/><U116/><E67/><V11/><F9/><W88/><G112/><T46/><D46/><U14/><E122/><V50/><F36/><W126/><G34/><T104/><D104/><U115/><E123/><V21/><F21/><W75/><G32/><T89/><D100/><U0/><E103/><V124/><F38/><W1/><G1/><T128/><D128/><U25/><E0/><V74/><F47/><W7/><G75/><T68/><D68/><U72/><E72/><V5/><F74/><W27/><G71/><T56/><D56/><U98/><E58/><V17/><F132/><W18/><G57/><T10/><D133/><U97/><E59/><V63/><F63/><W37/><G69/><T99/><D8/><U19/><E116/><V70/><F70/><W113/><G119/><T53/><D53/><U101/><E101/><V93/><F11/><W6/><G117/><T81/><D81/><U80/><E102/><V66/><F134/><W65/><G109/><RYUUKYOKU ba="0,0" sc="250,30,250,-10,250,-10,250,-10" hai0="10,15,40,43,89,92,99" /><INIT seed="0,1,0,5,5,49" ten="280,240,240,240" oya="0" hai0="55,126,7,50,85,60,117,102,52,42,8,69,47" hai1="132,16,13,11,82,80,91,5,25,131,66,64,23" hai2="38,29,97,31,119,101,78,88,116,32,123,87,81" hai3="68,53,94,107,83,0,61,19,46,104,96,73,134"/><T135/><D117/><N who="2" m="45130" /><F38/><W44/><G134/><T56/><D135/><U103/><E131/><V90/><F32/><W108/><G108/><T127/><D69/><U118/><E118/><V12/><F12/><W111/><G111/><T6/><D102/><U79/><E132/><V109/><F109/><W67/><G0/><T2/><D6/><U15/><E103/><V43/><F43/><W20/><G83/><T93/><REACH who="0" step="1"/><D42/><REACH who="0" ten="270,240,240,240" step="2"/><U72/><E5/><V18/><F123/><W3/><G68/><T51/><D51/><U41/><E41/><V27/><F29/><W14/><G107/><T124/><D124/><U128/><E128/><V48/><F48/><W21/><G104/><T30/><D30/><U100/><E100/><V34/><F18/><W17/><G17/><T37/><D37/><U77/><E16/><V122/><F122/><W113/><G19/><T115/><D115/><U57/><E11/><V26/><F31/><W99/><G113/><T35/><D35/><U76/><E13/><V75/><F34/><W63/><G14/><T24/><D24/><U40/><E15/><V62/><F26/><W59/><G3/><T36/><D36/><U74/><E40/><V4/><F27/><W45/><G20/><T114/><D114/><U121/><E121/><V54/><F4/><W89/><G21/><T133/><D133/><U106/><E23/><V84/><F101/><W129/><G129/><T112/><D112/><U98/><E25/><V22/><F22/><W125/><G125/><T58/><D58/><U105/><E57/><N who="2" m="35127" /><F90/><AGARI ba="1,1" hai="2,7,8,47,50,52,55,56,60,85,90,93,126,127" machi="90" ten="40,12000,1" yaku="1,1,52,2,54,1,53,0" doraHai="49" doraHaiUra="110" who="0" fromWho="2" sc="270,133,240,0,240,-123,240,0" /><INIT seed="0,2,0,5,4,106" ten="403,240,117,240" oya="0" hai0="74,108,81,18,56,115,83,36,48,55,7,37,124" hai1="52,78,96,53,117,103,15,122,46,16,45,128,123" hai2="29,6,54,121,107,73,87,10,105,68,110,39,104" hai3="8,113,91,30,5,84,132,28,127,80,90,69,109"/><T9/><D115/><U130/><E117/><V41/><F121/><W93/><G113/><T116/><D116/><U13/><E78/><V75/><F68/><W92/><G109/><T47/><D124/><U38/><E96/><V77/><F29/><W25/><G132/><T1/><D108/><U20/><E103/><V50/><F110/><W65/><G127/><T40/><D83/><U12/><E38/><V72/><F39/><W112/><G112/><T89/><D18/><U49/><E46/><V86/><F77/><W118/><G118/><T22/><D22/><U66/><E53/><V102/><F41/><W67/><G69/><T23/><D23/><U97/><E97/><V60/><F60/><W79/><G93/><T98/><D98/><U44/><E66/><V131/><F102/><W19/><G19/><T2/><D36/><U111/><E45/><V95/><F131/><N who="1" m="50217" /><E111/><V57/><REACH who="2" step="1"/><F95/><REACH who="2" ten="403,240,107,240" step="2"/><W133/><G92/><T114/><D114/><U126/><E126/><V76/><F76/><W31/><G133/><T135/><D135/><U0/><E0/><AGARI ba="2,1" hai="0,6,10,50,54,57,72,73,75,86,87,104,105,107" machi="0" ten="50,8000,1" yaku="1,1,52,3,53,0" doraHai="106" doraHaiUra="21" who="2" fromWho="1" sc="403,0,240,-86,107,96,240,0" /><INIT seed="1,0,0,0,1,63" ten="403,154,203,240" oya="1" hai0="105,134,57,127,96,133,49,77,82,78,81,121,95" hai1="4,37,91,16,100,125,55,84,24,60,98,25,113" hai2="135,69,15,131,38,33,35,20,0,40,126,53,67" hai3="97,109,106,89,42,102,58,50,13,86,19,1,26"/><U39/><E113/><V44/><F0/><W47/><G109/><T112/><D57/><U48/><E125/><V75/><F75/><W85/><G1/><T51/><D127/><U103/><E4/><V52/><F126/><W34/><G58/><T107/><D112/><U9/><E60/><N who="2" m="40167" /><F53/><W45/><G89/><T119/><D119/><U61/><E61/><V101/><F101/><N who="1" m="38985" /><E98/><V124/><F124/><W29/><G47/><T104/><D121/><U120/><E39/><V68/><F68/><W72/><G72/><N who="0" m="43175" /><D51/><U46/><E37/><V3/><F3/><W31/><G31/><T130/><D49/><U8/><E120/><V43/><F43/><W41/><G41/><T66/><D66/><U87/><E87/><V5/><F135/><W90/><G90/><N who="0" m="55415" /><D130/><U54/><E54/><V17/><F131/><W65/><G65/><T64/><D64/><U122/><E122/><V11/><F52/><W128/><G128/><T71/><D71/><U115/><E115/><V2/><F38/><W117/><G117/><T14/><D14/><N who="1" m="7239" /><E9/><AGARI ba="0,0" hai="9,13,19,26,29,34,42,45,50,85,86,97,102,106" machi="9" ten="30,1000,0" yaku="7,1" doraHai="63" who="3" fromWho="1" sc="403,0,154,-10,203,0,240,10" /><INIT seed="2,0,0,2,1,119" ten="403,144,203,250" oya="2" hai0="47,42,22,125,3,98,129,124,127,21,43,99,123" hai1="35,40,96,118,128,64,63,102,58,134,68,30,103" hai2="62,111,135,100,113,130,14,20,45,79,70,106,54" hai3="15,81,104,91,2,11,85,88,82,31,48,53,112"/><V87/><F113/><W89/><G104/><T36/><D3/><U101/><E128/><V107/><F130/><W65/><G2/><T109/><D129/><U61/><E134/><V84/><F135/><W94/><G112/><T16/><D109/><U6/><E118/><V66/><F106/><W39/><G39/><T37/><D123/><U120/><E40/><V92/><F107/><W72/><G65/><T56/><D56/><U116/><E6/><V117/><F111/><W26/><G72/><T110/><D110/><U57/><E116/><V4/><F79/><W83/><G26/><N who="0" m="14631" /><D22/><U9/><E9/><V55/><F87/><W32/><G31/><T86/><D86/><U23/><E35/><V51/><F117/><W60/><G60/><T50/><D42/><U27/><E68/><V41/><F84/><W105/><G105/><T76/><D76/><U52/><REACH who="1" step="1"/><E120/><REACH who="1" ten="403,134,203,250" step="2"/><V80/><F20/><W0/><G32/><T8/><D8/><U133/><E133/><V18/><F4/><N who="3" m="3559" /><G0/><T78/><D43/><U12/><E12/><V46/><F14/><W93/><G82/><T126/><D126/><U7/><E7/><V67/><F80/><W115/><G83/><T44/><D127/><U69/><E69/><V71/><F70/><W13/><G13/><T95/><D125/><U77/><E77/><V97/><F41/><W75/><G81/><T17/><D78/><U29/><E29/><V121/><F121/><W73/><G115/><T28/><D28/><U34/><E34/><V10/><F10/><W131/><G131/><T59/><D124/><U5/><E5/><RYUUKYOKU ba="0,1" sc="403,-10,134,30,203,-10,250,-10" hai1="23,27,30,52,57,58,61,63,64,96,101,102,103" /><INIT seed="3,1,1,3,1,58" ten="393,164,193,240" oya="3" hai0="94,95,11,73,68,131,135,40,48,41,3,127,4" hai1="62,54,13,101,98,77,97,28,36,44,85,106,133" hai2="80,46,24,43,107,82,108,29,23,74,69,96,117" hai3="39,72,9,16,102,91,123,2,51,17,35,25,128"/><W38/><G72/><T125/><D131/><U63/><E133/><V56/><F69/><W99/><G91/><T22/><D68/><U12/><E28/><V8/><F117/><W89/><G89/><T1/><D1/><U7/><E98/><V114/><F114/><W105/><G123/><T21/><D73/><U34/><E34/><V59/><F108/><W14/><G2/><T88/><D95/><U110/><E110/><V90/><F8/><W129/><G51/><T83/><D83/><U10/><E12/><V132/><F132/><W67/><G67/><T111/><D111/><U92/><E106/><V49/><F82/><W0/><G0/><T81/><D81/><N who="1" m="47279" /><E36/><V134/><F134/><W55/><G39/><T32/><D48/><AGARI ba="1,1" hai="7,10,13,44,48,54,62,63,92,97,101" m="47279" machi="48" ten="30,3900,0" yaku="8,1,52,2" doraHai="58" who="1" fromWho="0" sc="393,-42,164,52,193,0,240,0" owari="351,45.0,216,-18.0,193,-31.0,240,4.0" /></mjloggm>