<mjloggm ver="2.3"><GO type="225" lobby="0"/><UN n0="%E5%85%88%E7%89%A9%E3%81%AF%74%72%61%73%68" n1="%E3%81%AE%E3%81%AE%E3%81%BE%E3%81%99" n2="%50%49%58%49" n3="%70%68%65%6E%6F%6D%65" dan="17,16,16,17" rate="2211.30,2111.60,2206.44,2187.57" sx="M,F,F,M"/><TAIKYOKU oya="0"/><INIT seed="0,0,0,4,3,51" ten="250,250,250,250" oya="0" hai0="123,17,99,82,10,41,95,60,134,83,26,58,31" hai1="37,63,114,100,73,45,92,35,8,129,24,22,132" hai2="108,28,54,71,72,61,102,112,1,115,133,121,13" hai3="20,30,94,110,79,23,2,64,27,127,53,126,57"/><T75/><D123/><U48/><E129/><V89/><F121/><W106/><G106/><T86/><D134/><U104/><E73/><V42/><F1/><W38/><G110/><T88/><D75/><U81/><E37/><V29/><F42/><W77/><G38/><T5/><D41/><U0/><E35/><V107/><F89/><W93/><G64/><T36/><D36/><U11/><E104/><V67/><F108/><W62/><G2/><T65/><D17/><U66/><E132/><V113/><F133/><W131/><G131/><T74/><D74/><U21/><E21/><V101/><F72/><W91/><G23/><T68/><D68/><U105/><E105/><V117/><F117/><W43/><G94/><T40/><D40/><U76/><E0/><V119/><F119/><W118/><G43/><T33/><REACH who="0" step="1"/><D86/><REACH who="0" ten="240,250,250,250" step="2"/><N who="1" m="48423" /><E114/><V111/><F111/><W12/><G118/><T52/><D52/><N who="1" m="29711" /><E66/><V130/><F130/><W80/><G126/><T14/><AGARI ba="0,1" hai="5,10,14,26,31,33,58,60,65,82,83,88,95,99" machi="14" ten="20,7800,0" yaku="1,1,0,1,7,1,54,1,53,0" doraHai="51" doraHaiUra="50" who="0" fromWho="0" sc="240,88,250,-26,250,-26,250,-26" /><INIT seed="0,1,0,2,1,93" ten="328,224,224,224" oya="0" hai0="74,103,54,69,111,114,131,85,27,52,65,29,62" hai1="125,49,11,24,7,26,28,128,78,112,53,25,60" hai2="104,117,100,92,127,43,55,133,1,97,124,126,81" hai3="13,9,77,72,109,12,19,10,94,6,41,0,106"/><T45/><D114/><U14/><E125/><V132/><F1/><W67/><G106/><T58/><D74/><U64/><E128/><V98/><F43/><W37/><G109/><T5/><D131/><U35/><E78/><V134/><F55/><W17/><G67/><T2/><D111/><U96/><E112/><V89/><REACH who="2" step="1"/><F81/><REACH who="2" ten="328,224,214,224" step="2"/><W3/><G41/><T91/><D54/><U22/><E53/><V129/><F129/><W59/><G3/><T110/><D110/><U44/><E35/><V84/><F84/><W56/><G0/><T123/><D2/><U121/><E121/><V73/><F73/><W46/><G72/><T66/><D123/><U102/><E49/><V76/><F76/><W63/><G77/><T83/><D45/><U75/><E44/><V80/><F80/><W16/><G46/><T36/><D36/><U38/><E38/><V47/><F47/><W50/><G37/><T32/><D66/><U61/><E75/><V33/><F33/><W105/><G105/><T40/><D40/><U68/><E61/><V15/><F15/><W119/><G50/><T42/><D42/><U88/><E60/><V118/><AGARI ba="1,1" hai="89,92,97,98,100,104,117,118,124,126,127,132,133,134" machi="118" ten="50,16000,3" yaku="1,1,0,1,18,1,20,1,34,3,52,2,53,1" doraHai="93" doraHaiUra="90" who="2" fromWho="2" sc="328,-81,224,-41,214,173,224,-41" /><INIT seed="1,0,0,3,2,112" ten="247,183,387,183" oya="1" hai0="81,14,79,87,83,63,97,6,12,23,44,121,25" hai1="88,131,77,4,56,52,48,29,20,2,15,53,132" hai2="109,75,55,33,101,108,104,40,26,37,100,9,62" hai3="76,120,93,3,125,94,90,68,8,1,46,110,89"/><U18/><E131/><V57/><F75/><W50/><G120/><T96/><D121/><U113/><E113/><V123/><F123/><W11/><G68/><T82/><D63/><U127/><E127/><V45/><F9/><W115/><G115/><T47/><D83/><U119/><E132/><V7/><F7/><W60/><G76/><T122/><D122/><U73/><E29/><N who="2" m="19639" /><F104/><W35/><G35/><T134/><D134/><U91/><E53/><V65/><F65/><W32/><G32/><T54/><D81/><U117/><E77/><V107/><F107/><W66/><G110/><AGARI ba="0,0" hai="37,40,45,55,57,62,100,101,108,109,110" m="19639" machi="110" ten="30,1000,0" yaku="14,1" doraHai="112" who="2" fromWho="3" sc="247,0,183,0,387,10,183,-10" /><INIT seed="2,0,0,2,1,69" ten="247,183,397,173" oya="2" hai0="121,71,40,110,78,9,83,0,42,5,130,91,82" hai1="23,119,49,11,122,131,60,52,53,14,135,20,43" hai2="104,27,68,7,111,90,38,79,51,123,47,31,32" hai3="72,101,107,115,74,34,77,87,24,73,57,99,97"/><V41/><F123/><W102/><G34/><T134/><D121/><U76/><E119/><V125/><F125/><W50/><G24/><T63/><D110/><U1/><E1/><V109/><F68/><W44/><G57/><T108/><D108/><N who="2" m="41546" /><F104/><N who="3" m="63535" /><G50/><T118/><D63/><U61/><E131/><V29/><F29/><W85/><G44/><T120/><D71/><U46/><E135/><V62/><F62/><N who="1" m="24169" /><E76/><V13/><F79/><W18/><G18/><T30/><D78/><U3/><E3/><V48/><F90/><W10/><G10/><AGARI ba="0,0" hai="7,10,13,27,31,32,38,41,47,48,51" m="41546" machi="10" ten="30,5800,0" yaku="14,1,10,1,52,1" doraHai="69" who="2" fromWho="3" sc="247,0,183,0,397,58,173,-58" /><INIT seed="2,1,0,4,2,12" ten="247,183,455,115" oya="2" hai0="86,10,8,66,108,29,51,35,95,52,32,107,15" hai1="4,22,80,110,124,94,75,45,126,103,84,122,13" hai2="99,47,46,77,102,3,1,71,6,85,63,131,34" hai3="68,72,25,76,16,5,27,104,87,105,106,113,93"/><V42/><F34/><W7/><G68/><T125/><D107/><U19/><E110/><V17/><F46/><W60/><G113/><T91/><D108/><U120/><E45/><V69/><F6/><W40/><G40/><T64/><D125/><N who="1" m="48235" /><E4/><V0/><F63/><W49/><G49/><T23/><D8/><U115/><E115/><V83/><F131/><W89/><G60/><T81/><D95/><U92/><E75/><V101/><F101/><W79/><G27/><N who="0" m="16639" /><D32/><U70/><E70/><V65/><F65/><W74/><G72/><T26/><D26/><U67/><E67/><V57/><F57/><W11/><G74/><T73/><D35/><U24/><E24/><V39/><F17/><W33/><G7/><N who="0" m="3551" /><D73/><U123/><E103/><V88/><REACH who="2" step="1"/><F77/><AGARI ba="1,0" hai="13,19,22,77,80,84,92,94,120,122,123" m="48235" machi="77" ten="40,5200,0" yaku="13,1,18,1,52,1" doraHai="12" who="1" fromWho="2" sc="247,0,183,55,455,-55,115,0" /><INIT seed="3,0,0,0,1,22" ten="247,238,400,115" oya="3" hai0="45,33,111,83,64,110,132,77,19,73,13,34,63" hai1="128,71,6,11,17,8,94,91,50,92,129,61,51" hai2="58,48,18,40,112,30,122,84,38,56,5,25,124" hai3="131,53,123,10,130,60,118,107,134,32,88,76,49"/><W59/><G118/><T109/><D132/><U52/><E17/><V81/><F5/><W24/><G123/><T75/><D75/><U23/><E23/><V98/><F38/><W70/><G107/><T65/><D45/><U113/><E113/><V106/><F18/><W117/><G117/><T47/><D47/><U39/><E39/><V62/><F40/><W114/><G114/><T120/><D120/><U104/><E104/><V29/><F48/><N who="1" m="18473" /><E6/><V31/><F124/><W41/><G76/><T55/><D55/><U66/><E52/><V101/><F112/><W79/><G79/><T103/><D103/><U133/><E133/><V126/><F126/><W26/><G134/><T36/><D36/><U1/><E1/><V78/><F58/><W135/><G135/><T119/><D119/><U115/><E115/><V46/><F46/><N who="3" m="25807" /><G32/><N who="0" m="12395" /><D63/><U9/><E91/><V16/><F122/><W95/><G70/><T4/><D4/><U100/><E100/><V127/><F127/><W80/><G80/><T87/><D73/><U97/><E97/><V12/><F56/><W54/><G54/><T90/><D77/><U121/><E121/><V125/><F125/><W86/><G10/><AGARI ba="0,0" hai="10,13,19,64,65,83,87,90,109,110,111" m="12395" machi="10" ten="40,1300,0" yaku="14,1" doraHai="22" who="0" fromWho="3" sc="247,13,238,0,400,0,115,-13" owari="260,6.0,238,-16.0,400,50.0,102,-40.0" /></mjloggm>