<mjloggm ver="2.3"><GO type="169" lobby="0"/><UN n0="%E7%B6%BE%E7%80%AC%E5%B8%82%E6%B0%91" n1="%E9%98%BF%E9%83%A8%E5%AF%9B%EF%BC%A0%E9%B3%B3%E5%8D%93" n2="%E5%A4%8F%E7%9B%AE" n3="%E3%83%AF%E3%83%B3%E3%83%81%E3%83%A3%E3%83%B3" dan="16,16,16,16" rate="2150.85,2086.19,2140.39,2126.54" sx="M,F,M,M"/><TAIKYOKU oya="0"/><INIT seed="0,0,0,2,5,108" ten="250,250,250,250" oya="0" hai0="77,89,133,122,34,4,91,31,128,95,93,54,127" hai1="134,17,71,130,43,62,8,131,69,29,83,51,9" hai2="115,7,1,10,48,42,112,97,38,96,117,102,39" hai3="12,11,94,16,14,78,46,101,0,123,63,114,33"/><T58/><D122/><U6/><E134/><V23/><F117/><W104/><G33/><T103/><D133/><U28/><E83/><V3/><F3/><W98/><G0/><T60/><D127/><U111/><E17/><V72/><F97/><W15/><G114/><N who="2" m="43561" /><F48/><W36/><G123/><T20/><D128/><U116/><E116/><V79/><F23/><W19/><G78/><T129/><D129/><U92/><E51/><V13/><F13/><W24/><G24/><T80/><D34/><U55/><E9/><V99/><F99/><W76/><G76/><T64/><D4/><U110/><E8/><V70/><F70/><W18/><G63/><T75/><D54/><U67/><E62/><V2/><F2/><W85/><G85/><T59/><D59/><U26/><E6/><V100/><F100/><W126/><G126/><T74/><D74/><U57/><E57/><V53/><F53/><W45/><G36/><T21/><D21/><U27/><E55/><V118/><F42/><W105/><REACH who="3" step="1"/><G11/><REACH who="3" ten="250,250,250,240" step="2"/><T5/><D77/><U125/><E125/><V132/><F118/><W44/><AGARI ba="0,1" hai="12,14,15,16,18,19,44,45,46,94,98,101,104,105" machi="44" ten="40,12000,2" yaku="1,1,2,1,0,1,29,2,54,1,53,0" doraHai="108" doraHaiUra="56" who="3" fromWho="3" sc="250,-60,250,-30,250,-30,240,130" /><INIT seed="1,0,0,4,3,5" ten="190,220,220,370" oya="1" hai0="17,114,31,116,50,48,0,103,87,69,94,123,115" hai1="77,29,25,81,106,70,61,127,30,110,62,121,99" hai2="12,40,49,130,101,135,79,118,18,108,66,26,131" hai3="134,13,125,128,45,63,53,109,86,21,92,28,8"/><U119/><E121/><V132/><F118/><W117/><G109/><T83/><D116/><U2/><E119/><V112/><F108/><W85/><G134/><N who="2" m="51241" /><F112/><W54/><G128/><N who="2" m="49193" /><F101/><W34/><G125/><T56/><D69/><U16/><E127/><V58/><F79/><W43/><G34/><T1/><D123/><U80/><E2/><V88/><F26/><N who="3" m="16463" /><G117/><T78/><D103/><U9/><E106/><V3/><F3/><W67/><G67/><T102/><D1/><U59/><E77/><V42/><F88/><N who="3" m="53263" /><G63/><T6/><D102/><U24/><E99/><V93/><F93/><W51/><G86/><T113/><D87/><U90/><E81/><V38/><F38/><W36/><G36/><T33/><D83/><U105/><E80/><V44/><F66/><W111/><G111/><T95/><D0/><U100/><E100/><V133/><F133/><W122/><G122/><T22/><D78/><U14/><E105/><V96/><F96/><W47/><G47/><T73/><D94/><U68/><E110/><V7/><F44/><W52/><G53/><T91/><D95/><U4/><E90/><V97/><F97/><W27/><G27/><T23/><D91/><U82/><E25/><V64/><F64/><W15/><G15/><T10/><D114/><U74/><E24/><V19/><F42/><W76/><G76/><T41/><D113/><U37/><E37/><V104/><F104/><W75/><G75/><T126/><D73/><U39/><E39/><V32/><F32/><W71/><G71/><N who="1" m="27178" /><E74/><V72/><F72/><W120/><G120/><T98/><D115/><RYUUKYOKU ba="0,0" sc="190,-10,220,-10,220,-10,370,30" hai3="8,13,43,45,51,52,54" /><INIT seed="2,1,0,1,4,72" ten="180,210,210,400" oya="2" hai0="44,80,45,87,75,114,33,79,7,5,77,55,26" hai1="112,24,40,82,100,71,94,90,42,120,113,52,41" hai2="2,128,121,56,86,28,21,43,66,131,83,49,76" hai3="48,134,39,46,85,116,73,34,135,88,123,51,126"/><V68/><F121/><W99/><G34/><T31/><D114/><U15/><E71/><V95/><F2/><W17/><G73/><T127/><D127/><U98/><E120/><V62/><F95/><W70/><G70/><T29/><D29/><U20/><E112/><V67/><F67/><W110/><G116/><T14/><D14/><U38/><E113/><V74/><F74/><W92/><G110/><T30/><D30/><U61/><E38/><V104/><F104/><W23/><G126/><T32/><D32/><U63/><E15/><V103/><F103/><W36/><G51/><T78/><D45/><U10/><E10/><V58/><F43/><W50/><G50/><T54/><D44/><U0/><E0/><V96/><F96/><W11/><G11/><T93/><D93/><U53/><E100/><V84/><F84/><W4/><G4/><T57/><D55/><N who="1" m="21067" /><E82/><V35/><F35/><W133/><G123/><T8/><D75/><U60/><E41/><V111/><F111/><W130/><G48/><T69/><D69/><U22/><E22/><V105/><F105/><W25/><G46/><T6/><REACH who="0" step="1"/><D8/><REACH who="0" ten="170,210,210,400" step="2"/><U91/><E40/><V129/><F49/><AGARI ba="1,1" hai="5,6,7,26,31,33,49,54,57,77,78,79,80,87" machi="49" ten="40,8000,1" yaku="1,1,2,1,52,3,53,0" doraHai="72" doraHaiUra="16" who="0" fromWho="2" sc="170,93,210,0,210,-83,400,0" /><INIT seed="3,0,0,5,4,51" ten="263,210,127,400" oya="3" hai0="93,127,17,75,1,87,45,2,72,49,64,95,22" hai1="9,98,61,0,30,110,65,126,13,134,114,3,112" hai2="69,10,16,90,82,80,94,117,4,52,8,53,6" hai3="56,74,68,7,131,130,122,62,135,54,79,86,26"/><W105/><G105/><T43/><D127/><U59/><E126/><V108/><F69/><W63/><G122/><T121/><D121/><U66/><E110/><V118/><F108/><W104/><G104/><T29/><D29/><U31/><E134/><V123/><F123/><W102/><G102/><T18/><D64/><U97/><E13/><N who="2" m="7223" /><F118/><W40/><G86/><T20/><D87/><U24/><E9/><V106/><F106/><W47/><G79/><T46/><REACH who="0" step="1"/><D49/><REACH who="0" ten="253,210,127,400" step="2"/><U76/><E30/><V23/><F117/><W48/><G74/><T50/><D50/><U73/><E31/><V96/><F23/><W78/><G135/><T70/><D70/><U44/><E66/><V116/><F116/><W39/><G78/><T119/><D119/><U5/><E65/><V25/><F25/><W12/><G26/><T120/><D120/><U101/><E24/><V100/><F8/><N who="3" m="4127" /><G68/><T60/><D60/><U19/><E61/><V81/><F100/><W125/><G125/><T42/><AGARI ba="0,1" hai="1,2,17,18,20,22,42,43,45,46,72,75,93,95" machi="42" ten="25,12000,2" yaku="1,1,0,1,22,2,53,2" doraHai="51" doraHaiUra="88" who="0" fromWho="0" sc="253,130,210,-30,127,-30,400,-60" /><INIT seed="4,0,0,2,1,70" ten="383,180,97,340" oya="0" hai0="96,115,91,117,127,16,13,14,123,132,63,54,125" hai1="83,21,32,45,18,80,23,82,97,101,106,34,94" hai2="118,2,104,103,124,59,29,108,47,79,46,3,120" hai3="49,122,51,27,134,78,31,107,88,55,11,85,68"/><T109/><D117/><U113/><E113/><V15/><F108/><W67/><G107/><T102/><D123/><U44/><E106/><V50/><F120/><W1/><G134/><T58/><D115/><U5/><E5/><V6/><F118/><W65/><G68/><T57/><D132/><U7/><E7/><V111/><F111/><W48/><G122/><T121/><D121/><U133/><E133/><V66/><F124/><W100/><G1/><T95/><D109/><U119/><E119/><V61/><F79/><W26/><G100/><T10/><D102/><U71/><E71/><V9/><F29/><W105/><G11/><T19/><REACH who="0" step="1"/><D58/><REACH who="0" ten="373,180,97,340" step="2"/><U28/><E101/><V76/><F103/><W81/><G105/><T37/><D37/><U84/><E32/><V69/><F104/><W130/><G130/><T73/><D73/><U135/><E34/><V99/><F69/><W98/><G55/><T20/><AGARI ba="0,1" hai="10,13,14,16,19,20,54,57,63,91,95,96,125,127" machi="20" ten="30,6000,0" yaku="1,1,0,1,54,1,53,0" doraHai="70" doraHaiUra="112" who="0" fromWho="0" sc="373,70,180,-20,97,-20,340,-20" /><INIT seed="4,1,0,2,4,74" ten="443,160,77,320" oya="0" hai0="49,18,128,62,105,50,114,115,71,51,54,118,44" hai1="106,33,90,88,57,112,76,82,53,96,68,78,8" hai2="5,1,126,121,41,66,83,32,101,37,11,103,129" hai3="108,80,0,28,4,102,46,19,133,72,117,123,93"/><T98/><D118/><U22/><E68/><V29/><F121/><W3/><G19/><T122/><D122/><U92/><E33/><V99/><F129/><W12/><G28/><T35/><D35/><U125/><E125/><V120/><F120/><W94/><G12/><T36/><D105/><U95/><E106/><V131/><F126/><W47/><G80/><T52/><D98/><N who="1" m="57607" /><E112/><N who="0" m="43049" /><D18/><U42/><E42/><V39/><F131/><W79/><G72/><T61/><D128/><U116/><E116/><V27/><F103/><W25/><G25/><T104/><D104/><U13/><E22/><V60/><F83/><W20/><G20/><T31/><D31/><U130/><E82/><V135/><F41/><W85/><G4/><T124/><D124/><U109/><E109/><V81/><F81/><W48/><G0/><T7/><D7/><N who="1" m="3231" /><E130/><V69/><REACH who="2" step="1"/><F135/><REACH who="2" ten="443,160,67,320" step="2"/><W87/><G102/><T113/><D113/><U119/><E119/><V86/><F86/><W75/><G87/><T110/><D110/><U65/><E65/><V15/><F15/><W14/><G85/><T45/><D36/><U23/><E23/><V59/><F59/><W70/><G14/><T67/><D61/><AGARI ba="1,1" hai="53,57,61,76,78,90,95,96" m="3231,57607" machi="61" ten="30,7700,0" yaku="8,1,52,2,54,1" doraHai="74" who="1" fromWho="0" sc="443,-80,160,90,67,0,320,0" /><INIT seed="5,0,0,1,5,8" ten="363,250,67,320" oya="1" hai0="89,58,5,84,106,63,40,21,93,39,20,15,18" hai1="36,37,44,2,90,3,96,12,48,9,34,98,56" hai2="113,85,1,103,53,23,100,102,117,61,33,42,60" hai3="68,121,126,135,25,43,108,91,52,125,4,14,69"/><U88/><E34/><V51/><F117/><W81/><G108/><T97/><D39/><U54/><E2/><V94/><F33/><W32/><G121/><T29/><D40/><N who="1" m="24583" /><E3/><V19/><F1/><W99/><G43/><T109/><D109/><U116/><E36/><V73/><F73/><W13/><G4/><T119/><D5/><N who="1" m="3119" /><E37/><V118/><F118/><W110/><G135/><T66/><D119/><U133/><E133/><V127/><F127/><N who="3" m="48651" /><G110/><T83/><D106/><U74/><E74/><V28/><F28/><N who="3" m="19471" /><G69/><T75/><D75/><U123/><E123/><V35/><F42/><W59/><G68/><T45/><D45/><U31/><E31/><V114/><F35/><W49/><G99/><N who="1" m="37930" /><E116/><V111/><F111/><W86/><AGARI ba="0,0" hai="13,14,49,52,59,81,86,91" m="19471,48651" machi="86" ten="30,7900,0" yaku="18,1,52,2,54,1" doraHai="8" who="3" fromWho="3" sc="363,-20,250,-39,67,-20,320,79" /><INIT seed="6,0,0,5,4,23" ten="343,211,47,399" oya="2" hai0="105,6,61,55,130,24,10,78,52,70,66,108,117" hai1="67,26,74,94,56,4,39,5,15,96,99,44,121" hai2="109,17,62,89,25,98,16,60,123,90,47,8,18" hai3="119,35,103,11,32,71,33,53,41,132,100,69,127"/><V31/><F123/><W76/><G132/><T115/><D108/><U111/><E111/><V40/><F109/><W59/><G41/><T131/><D105/><U79/><E121/><V1/><F8/><W45/><G45/><T87/><D115/><U81/><E39/><V124/><F1/><W106/><G76/><T42/><D117/><U113/><E44/><V110/><F124/><W54/><G127/><T118/><D42/><U43/><E43/><V28/><F110/><W101/><G11/><T133/><D133/><U135/><E135/><V9/><F9/><W46/><G46/><T95/><D118/><U129/><E129/><N who="0" m="49161" /><D24/><U20/><E99/><V114/><F114/><W51/><G119/><T88/><D78/><U91/><E15/><AGARI ba="0,0" hai="6,10,15,52,55,61,66,70,87,88,95" m="49161" machi="15" ten="30,3900,0" yaku="19,1,54,2" doraHai="23" who="0" fromWho="1" sc="343,39,211,-39,47,0,399,0" /><INIT seed="7,0,0,5,4,58" ten="382,172,47,399" oya="3" hai0="6,106,87,123,54,39,7,82,72,125,14,112,20" hai1="30,52,120,35,5,124,51,37,122,3,55,66,128" hai2="53,11,67,100,109,43,61,98,119,88,83,80,69" hai3="48,79,126,129,18,102,133,90,19,131,96,81,117"/><W78/><G117/><T38/><D123/><U0/><E5/><V68/><F109/><W71/><G71/><T111/><D111/><U84/><E84/><V31/><F119/><W25/><G133/><T10/><D72/><U40/><E30/><V46/><F69/><W104/><G126/><T42/><D106/><U9/><E9/><V114/><F114/><W16/><G25/><T85/><D112/><U86/><E86/><V15/><F31/><W1/><G1/><T99/><D125/><U41/><E35/><V107/><F53/><W57/><G90/><N who="0" m="51511" /><D39/><U27/><E27/><V103/><F103/><W118/><G118/><T105/><D38/><U113/><E0/><V95/><F100/><W134/><G134/><T50/><D105/><U17/><E3/><V73/><F73/><W63/><G48/><T26/><D42/><U77/><E51/><V62/><F62/><W101/><G101/><T44/><D99/><U23/><E37/><V34/><F34/><W4/><G4/><N who="0" m="3399" /><D87/><U24/><E55/><V8/><F107/><W127/><G127/><T13/><D13/><U12/><E12/><V33/><F8/><W21/><G21/><T115/><D115/><U45/><E23/><V132/><F132/><W60/><G60/><T29/><D6/><U76/><E113/><V36/><REACH who="2" step="1"/><F33/><REACH who="2" ten="382,172,37,399" step="2"/><W32/><G32/><T74/><D74/><U130/><E124/><V97/><F97/><W64/><G81/><T89/><D7/><U93/><E52/><V2/><F2/><W65/><G64/><T108/><D108/><U75/><E75/><V92/><F92/><RYUUKYOKU ba="0,1" sc="382,10,172,-30,37,10,399,10" hai0="20,26,29,44,50,54,89" hai2="11,15,36,43,46,61,67,68,80,83,88,95,98" hai3="16,18,19,57,63,65,78,79,96,102,104,129,131" owari="392,19.0,142,-26.0,47,-45.0,419,52.0" /></mjloggm>