<mjloggm ver="2.3"><GO type="225" lobby="0"/><UN n0="%E3%81%AF%E3%82%88%E3%81%8A%E3%81%98%E3%81%95%E3%82%93" n1="%70%68%65%6E%6F%6D%65" n2="%E6%80%AA%E3%81%97%E3%81%99%E3%81%8E%E3%82%8B%E3%83%81%E3%83%BC" n3="%50%6F%6F%48%65%3F" dan="18,17,16,16" rate="2269.51,2180.27,2096.10,2148.12" sx="M,M,M,F"/><TAIKYOKU oya="0"/><INIT seed="0,0,0,3,0,26" ten="250,250,250,250" oya="0" hai0="69,14,56,118,133,1,64,47,105,45,115,55,4" hai1="33,94,114,80,22,46,92,96,59,111,121,67,86" hai2="41,44,93,108,9,38,16,131,75,91,49,83,82" hai3="43,63,120,126,10,76,99,73,124,23,90,103,125"/><T12/><D105/><U116/><E116/><V97/><F108/><W134/><G43/><T24/><D118/><U88/><E121/><V89/><F131/><W29/><G120/><T127/><D115/><U72/><E114/><V78/><F38/><W70/><G134/><T6/><D133/><U77/><E111/><V21/><F9/><W8/><G90/><T51/><D127/><U27/><E33/><V32/><F32/><W66/><G76/><T7/><D1/><U3/><E3/><V107/><F107/><N who="3" m="63999" /><G73/><T87/><D69/><U106/><E46/><N who="0" m="17417" /><D64/><U48/><E106/><V42/><F83/><W74/><G74/><T30/><D87/><U31/><E67/><V60/><F60/><W95/><G95/><T0/><D0/><U15/><E15/><N who="0" m="5673" /><D24/><AGARI ba="0,0" hai="8,10,23,24,29,63,66,70,124,125,126" m="63999" machi="24" ten="30,2000,0" yaku="18,1,52,1" doraHai="26" who="3" fromWho="0" sc="250,-20,250,0,250,0,250,20" /><INIT seed="1,0,0,0,5,33" ten="230,250,250,270" oya="1" hai0="63,111,72,47,21,120,103,104,40,101,96,9,91" hai1="78,59,94,53,30,98,12,93,58,118,116,25,128" hai2="82,119,17,16,123,35,56,110,107,4,34,100,29" hai3="27,5,22,54,114,49,102,13,41,11,105,135,39"/><U2/><E2/><V106/><F123/><W97/><G135/><T10/><D72/><U77/><E128/><V23/><F119/><W31/><G114/><T43/><D120/><U36/><E36/><V42/><F110/><W75/><G75/><T133/><D111/><U24/><E12/><V86/><F42/><W89/><G89/><T44/><D133/><U48/><E98/><V57/><F4/><W95/><G41/><T60/><D104/><U132/><E132/><V108/><F23/><W69/><G69/><T0/><D21/><U124/><E53/><V129/><F29/><W125/><G39/><T18/><D91/><U122/><E122/><V8/><F8/><W117/><G125/><T62/><D63/><U65/><E48/><V67/><F82/><W92/><REACH who="3" step="1"/><G117/><REACH who="3" ten="230,250,250,260" step="2"/><T45/><D43/><U14/><E124/><V127/><F127/><W83/><G83/><T80/><D80/><U52/><E116/><V88/><F108/><W99/><G99/><T1/><D40/><U38/><E118/><V68/><F88/><W66/><G66/><T90/><D90/><U20/><E65/><V121/><F67/><W71/><G71/><T28/><D96/><U61/><E38/><V74/><F68/><W50/><G50/><T3/><D101/><U115/><E115/><V109/><F74/><W73/><G73/><T7/><D103/><U112/><E112/><V131/><F100/><W70/><G70/><T85/><D85/><U87/><E87/><V46/><F121/><W126/><G126/><T37/><D37/><U6/><E77/><V84/><F109/><RYUUKYOKU ba="0,1" sc="230,-15,250,-15,250,15,260,15" hai2="16,17,34,35,46,56,57,84,86,106,107,129,131" hai3="5,11,13,22,27,31,49,54,92,95,97,102,105" /><INIT seed="2,1,1,4,2,3" ten="215,235,265,275" oya="2" hai0="15,107,58,5,52,93,89,11,104,123,19,47,60" hai1="95,41,102,129,110,64,83,67,43,127,14,122,125" hai2="7,90,29,96,26,86,91,92,128,120,28,135,40" hai3="100,87,44,37,77,74,98,76,55,8,22,130,9"/><V21/><F120/><W111/><G74/><T101/><D123/><U70/><E122/><V31/><F135/><W4/><G111/><T134/><D134/><U114/><E114/><V12/><F128/><W17/><G130/><T106/><D47/><U20/><E110/><V103/><F40/><N who="1" m="15433" /><E70/><V105/><REACH who="2" step="1"/><F91/><REACH who="2" ten="215,235,255,275" step="2"/><W112/><G112/><T121/><D121/><U30/><E129/><V132/><F132/><W79/><G37/><T56/><D56/><U57/><E57/><V45/><F45/><W25/><G44/><T84/><REACH who="0" step="1"/><D101/><REACH who="0" ten="205,235,255,275" step="2"/><U113/><E113/><V99/><F99/><W54/><G98/><T13/><D13/><U51/><E14/><V61/><F61/><W2/><G100/><T94/><D94/><U108/><E108/><V75/><F75/><W119/><G119/><T23/><D23/><U69/><E95/><V63/><F63/><W34/><G34/><T133/><D133/><U16/><E102/><V39/><F39/><W126/><G87/><T36/><D36/><U88/><E20/><V124/><F124/><W73/><G126/><T24/><D24/><U116/><E116/><V35/><F35/><W48/><G73/><T42/><D42/><U38/><E38/><V117/><F117/><W109/><G109/><T10/><D10/><AGARI ba="1,3" hai="7,10,12,21,26,28,29,31,86,90,92,96,103,105" machi="10" ten="40,3900,0" yaku="1,1,52,1,53,0" doraHai="3" doraHaiUra="59" who="2" fromWho="0" sc="205,-42,235,0,255,72,275,0" /><INIT seed="2,2,0,3,4,86" ten="163,235,327,275" oya="2" hai0="93,34,134,89,14,19,42,35,55,107,3,88,117" hai1="60,109,79,68,95,27,80,17,6,20,100,130,71" hai2="67,57,114,87,105,24,5,113,37,33,31,132,30" hai3="82,106,108,10,103,66,9,104,75,41,26,56,40"/><V32/><F132/><W13/><G108/><T112/><D112/><U124/><E109/><V65/><F105/><W72/><G26/><T81/><D107/><U11/><E124/><V92/><F37/><W129/><G129/><T48/><D3/><U52/><E130/><V44/><F5/><W128/><G128/><T102/><D134/><U74/><E100/><V90/><F44/><W29/><G29/><T23/><D117/><U97/><E60/><V39/><F39/><W46/><G56/><T120/><D120/><U96/><E52/><V83/><F92/><W1/><G66/><T25/><D42/><U7/><E7/><V49/><F65/><W70/><G70/><T122/><D122/><U45/><E45/><V2/><F2/><W125/><G125/><T62/><D62/><U135/><E135/><V4/><F4/><W50/><G41/><T22/><D81/><U85/><E74/><V38/><F38/><W99/><G104/><T18/><D34/><U115/><E115/><V51/><F51/><W12/><G1/><T131/><D35/><U69/><REACH who="1" step="1"/><E95/><REACH who="1" ten="163,225,327,275" step="2"/><V54/><F67/><W76/><G72/><T53/><D131/><U84/><E84/><V127/><F127/><W64/><G64/><T47/><D55/><U59/><E59/><V15/><F113/><W36/><G103/><T121/><D121/><U94/><E94/><V61/><F61/><W0/><G106/><T126/><D126/><U119/><E119/><V28/><F114/><W8/><G99/><AGARI ba="2,1" hai="14,18,19,22,23,25,47,48,53,88,89,93,99,102" machi="99" ten="40,8000,1" yaku="8,1,52,2,54,1" doraHai="86" who="0" fromWho="3" sc="163,96,225,0,327,0,275,-86" /><INIT seed="3,0,0,4,0,131" ten="259,225,327,189" oya="3" hai0="76,17,58,64,94,33,21,2,88,36,124,108,82" hai1="7,44,66,14,133,29,0,115,120,47,59,109,63" hai2="117,100,90,98,26,125,84,118,53,35,130,69,25" hai3="91,103,73,50,121,92,105,48,123,78,54,37,135"/><W96/><G135/><T67/><D33/><U85/><E120/><V30/><F69/><W46/><G37/><T116/><D2/><U1/><E115/><V99/><F125/><W15/><G15/><T95/><D116/><U23/><E133/><V79/><F130/><W89/><G89/><T111/><D36/><U81/><E109/><N who="0" m="42057" /><D124/><U3/><E29/><V10/><F79/><W22/><G22/><T32/><D32/><U62/><E63/><V60/><F26/><W128/><G128/><T43/><D43/><U34/><E34/><V107/><F98/><W71/><G71/><T45/><D45/><U12/><E14/><V38/><F10/><W70/><G70/><T129/><D129/><U31/><E31/><V19/><F19/><W86/><G50/><T87/><D58/><U55/><E55/><V80/><F38/><W49/><G49/><T113/><D95/><U65/><E66/><V6/><F6/><W102/><G102/><T132/><D113/><U75/><E75/><V126/><F126/><W68/><G68/><T119/><D119/><U20/><E23/><V4/><F4/><W27/><G27/><N who="0" m="14767" /><D132/><U56/><E59/><V13/><F90/><W24/><G24/><T51/><D51/><U101/><E101/><V122/><F84/><AGARI ba="0,0" hai="64,67,76,82,84,87,88,94" m="14767,42057" machi="84" ten="30,2000,0" yaku="14,1,54,1" doraHai="131" who="0" fromWho="2" sc="259,20,225,0,327,-20,189,0" owari="279,8.0,225,-17.0,307,40.0,189,-31.0" /></mjloggm>