<mjloggm ver="2.3"><GO type="169" lobby="0"/><UN n0="%E6%9D%BE%E5%B1%8B%E3%81%8A%E3%81%98%E3%81%95%E3%82%93" n1="%E5%A0%B4%E6%B3%81%E5%8E%A8" n2="%E3%82%B7%E3%83%BC%E3%82%BF" n3="%E6%84%9A%E5%BD%A2%E3%81%AE%E6%84%9A%E5%85%84" dan="17,17,16,16" rate="2120.18,2213.11,2028.24,2098.57" sx="M,F,M,M"/><TAIKYOKU oya="0"/><INIT seed="0,0,0,0,3,128" ten="250,250,250,250" oya="0" hai0="36,125,114,112,31,69,67,19,66,47,6,80,26" hai1="74,126,45,25,123,92,43,30,65,119,91,107,72" hai2="11,98,102,61,96,44,97,68,88,77,27,118,133" hai3="70,58,103,124,89,59,99,93,37,34,117,115,82"/><T28/><D125/><U48/><E119/><V130/><F130/><W41/><G115/><T134/><D6/><U85/><E107/><V38/><F118/><W79/><G70/><T54/><D19/><U81/><E126/><V108/><F77/><W3/><G34/><T21/><D31/><U5/><E123/><V49/><F38/><W122/><G124/><T40/><D134/><U32/><E65/><V76/><F76/><W105/><G3/><T57/><D80/><U24/><E5/><V132/><F108/><W101/><G101/><T55/><D55/><U0/><E0/><V23/><F11/><W71/><G71/><T78/><D78/><U110/><E110/><V22/><F102/><W95/><G95/><T50/><REACH who="0" step="1"/><D67/><REACH who="0" ten="240,250,250,250" step="2"/><U53/><E81/><V109/><F109/><W7/><G7/><T35/><D35/><U10/><E53/><V135/><F68/><W39/><G117/><T17/><D17/><U1/><E30/><N who="2" m="17783" /><F23/><W16/><G79/><T2/><D2/><U116/><E32/><V9/><F9/><W87/><G16/><T83/><D83/><U73/><E116/><V20/><F20/><W33/><G82/><T131/><D131/><U60/><E10/><V29/><F29/><W86/><G33/><T106/><D106/><U113/><E1/><V8/><F8/><W56/><G105/><T14/><D14/><U42/><E113/><V64/><F64/><W62/><G122/><T51/><D51/><U84/><E48/><V15/><F49/><W127/><G127/><T52/><D52/><U12/><E12/><V120/><F135/><RYUUKYOKU ba="0,1" sc="240,30,250,-10,250,-10,250,-10" hai0="21,26,28,36,40,47,50,54,57,66,69,112,114" /><INIT seed="0,1,1,3,0,17" ten="270,240,240,240" oya="0" hai0="98,75,53,115,93,108,92,109,97,55,45,118,90" hai1="96,14,7,60,80,126,78,81,10,132,63,13,110" hai2="88,85,114,35,134,33,2,42,16,130,67,49,100" hai3="34,113,121,124,30,95,12,0,44,72,38,19,129"/><T23/><D115/><U119/><E119/><V87/><F114/><W25/><G72/><T21/><D75/><U70/><E110/><N who="0" m="42601" /><D118/><U51/><E132/><V73/><F2/><W120/><G113/><T41/><D55/><U57/><E126/><V54/><F130/><W32/><G129/><T37/><D53/><U24/><E70/><V99/><F73/><W52/><G95/><T131/><D131/><U76/><E51/><V83/><F67/><W106/><G106/><T128/><D128/><U46/><E46/><V116/><F42/><W40/><G0/><T125/><D125/><U47/><E47/><V71/><F71/><W68/><G68/><T82/><D82/><U4/><E24/><V91/><F134/><W111/><G111/><T3/><D3/><U39/><E39/><V123/><F123/><W117/><G117/><T69/><D69/><U62/><E96/><V6/><F6/><W86/><G86/><T11/><D11/><N who="1" m="4327" /><E57/><V65/><F65/><W28/><G124/><T43/><D41/><U36/><E36/><V64/><F64/><W27/><G52/><T112/><D112/><U127/><E127/><V61/><F61/><W122/><G122/><T15/><D15/><U107/><E107/><V58/><F116/><W18/><G121/><T31/><D31/><U50/><E50/><V29/><F29/><W135/><G120/><T56/><D56/><U66/><E66/><V59/><F58/><W104/><G104/><T133/><D133/><U20/><E81/><V1/><F59/><W79/><G135/><T101/><AGARI ba="1,1" hai="21,23,37,43,45,90,92,93,97,98,101" m="42601" machi="101" ten="30,11700,0" yaku="14,1,10,1,52,2" doraHai="17" who="0" fromWho="0" sc="270,130,240,-40,240,-40,240,-40" /><INIT seed="0,2,0,1,0,3" ten="400,200,200,200" oya="0" hai0="24,94,31,50,8,106,123,87,61,100,116,41,125" hai1="2,9,60,113,124,39,27,37,93,49,127,48,72" hai2="89,85,108,5,47,121,95,53,82,96,29,131,30" hai3="6,68,79,33,32,99,70,111,20,16,22,12,73"/><T109/><D116/><U14/><E2/><V130/><F121/><W36/><G36/><T118/><D118/><U91/><E72/><V18/><F108/><W44/><G111/><T80/><D109/><U74/><E74/><V120/><F120/><W90/><G22/><T46/><D123/><U65/><E27/><V57/><F18/><W122/><G122/><T92/><D125/><N who="1" m="48203" /><E39/><V107/><F47/><W26/><G44/><T0/><D106/><U117/><E37/><V11/><F107/><W98/><G79/><T102/><D61/><U19/><E113/><V42/><F42/><W119/><G73/><T114/><D114/><U40/><E40/><V83/><F83/><W133/><G133/><T10/><D100/><U88/><E91/><V17/><F17/><W81/><G119/><T45/><D45/><U126/><E117/><V13/><F131/><W69/><G81/><T129/><D129/><U43/><E43/><V56/><F130/><W115/><G115/><T71/><D71/><N who="1" m="42407" /><E126/><V110/><F110/><W86/><G86/><AGARI ba="2,0" hai="9,14,19,48,49,86,88,93" m="42407,48203" machi="86" ten="30,2000,0" yaku="18,1,54,1" doraHai="3" who="1" fromWho="3" sc="400,0,200,26,200,0,200,-26" /><INIT seed="1,0,0,0,3,120" ten="400,226,200,174" oya="1" hai0="0,126,89,40,8,100,83,44,70,11,4,93,2" hai1="135,104,57,64,53,54,114,133,45,43,41,18,90" hai2="107,71,117,28,55,17,112,122,121,77,124,130,79" hai3="69,39,6,62,42,12,51,92,82,32,91,65,73"/><U88/><E104/><V50/><F117/><W3/><G32/><T21/><D70/><U68/><E68/><V106/><F71/><W72/><G39/><T48/><D126/><U125/><E114/><V118/><F118/><W132/><G3/><T22/><D100/><U27/><E64/><V96/><F28/><W76/><G132/><N who="1" m="50762" /><E125/><V87/><F124/><W102/><G102/><T116/><D116/><U110/><E53/><V105/><F112/><W74/><G42/><N who="1" m="15882" /><E45/><V123/><F130/><W115/><G115/><T16/><D83/><U60/><E110/><V47/><F96/><W36/><G36/><T127/><D127/><U30/><E18/><V38/><F38/><W5/><G51/><T52/><D40/><U61/><E60/><V134/><F134/><W75/><REACH who="3" step="1"/><G12/><REACH who="3" ten="400,226,200,164" step="2"/><T63/><D2/><U14/><E14/><V59/><F123/><W101/><G101/><T81/><D48/><U111/><E111/><V129/><F122/><W20/><G20/><AGARI ba="0,1" hai="20,27,30,54,57,61,88,90" m="15882,50762" machi="20" ten="30,2900,0" yaku="20,1,54,1" doraHai="120" who="1" fromWho="3" sc="400,0,226,39,200,0,164,-29" /><INIT seed="1,1,0,1,4,66" ten="400,265,200,135" oya="1" hai0="84,133,48,54,13,10,0,113,6,20,125,57,103" hai1="77,39,88,97,101,117,68,56,108,85,78,49,79" hai2="21,60,91,28,93,116,47,24,112,75,1,107,64" hai3="128,127,98,25,37,120,111,129,82,100,80,105,38"/><U9/><E39/><V87/><F116/><W11/><G120/><T74/><D74/><U118/><E68/><V36/><F1/><W59/><G127/><T81/><D113/><U63/><E49/><V70/><F112/><W22/><G11/><T40/><D125/><U58/><E9/><V35/><F75/><W110/><G59/><T73/><D73/><U102/><E56/><V26/><F107/><W134/><G134/><T8/><D103/><U122/><E122/><V72/><F72/><W30/><G80/><T27/><D40/><U55/><E108/><N who="3" m="41514" /><G82/><T131/><D131/><AGARI ba="1,0" hai="22,25,30,37,38,98,100,105,128,129,131" m="41514" machi="131" ten="30,2000,0" yaku="19,1,14,1" doraHai="66" who="3" fromWho="0" sc="400,-23,265,0,200,0,135,23" /><INIT seed="2,0,0,1,5,91" ten="377,265,200,158" oya="2" hai0="104,80,18,45,89,124,113,102,28,77,15,52,81" hai1="112,75,94,68,85,114,5,65,55,7,9,127,44" hai2="111,66,37,49,40,72,32,93,97,47,60,95,63" hai3="99,62,134,36,74,117,64,8,116,130,82,133,21"/><V61/><F72/><W35/><G35/><T56/><D113/><U29/><E75/><V86/><F32/><W26/><G36/><T22/><D124/><U109/><E5/><V88/><F111/><W90/><G8/><T2/><D2/><U54/><E127/><V34/><F34/><W106/><G130/><T118/><D118/><U83/><E29/><V71/><F37/><W131/><G131/><T105/><D45/><U50/><E109/><V25/><F25/><W121/><G121/><T103/><D104/><U96/><E55/><V4/><F4/><W135/><G106/><T27/><D89/><AGARI ba="0,0" hai="40,47,49,60,61,63,66,71,86,88,89,93,95,97" machi="89" ten="30,11600,0" yaku="7,1,52,2,54,1" doraHai="91" who="2" fromWho="0" sc="377,-116,265,0,200,116,158,0" /><INIT seed="2,1,0,2,3,92" ten="261,265,316,158" oya="2" hai0="43,24,72,114,21,52,94,110,73,29,51,126,47" hai1="19,120,28,98,96,102,79,48,55,36,97,99,35" hai2="31,131,119,39,61,3,23,63,5,57,11,90,54" hai3="80,12,82,103,93,56,70,0,86,105,53,2,67"/><V45/><F119/><W116/><G116/><T91/><D110/><U104/><E36/><V4/><F131/><W58/><G70/><T7/><D126/><U101/><E120/><V20/><F5/><W88/><G12/><T65/><D114/><U130/><E130/><V111/><F111/><W44/><G44/><T16/><D65/><U30/><E79/><V84/><F63/><W1/><G67/><T15/><D43/><U108/><E108/><V38/><F31/><N who="1" m="11817" /><E104/><V60/><F60/><W6/><G6/><T107/><D107/><U42/><E35/><V75/><F75/><W37/><G37/><T106/><D106/><U25/><E42/><V8/><F8/><W128/><G128/><T85/><REACH who="0" step="1"/><D7/><REACH who="0" ten="251,265,316,158" step="2"/><U50/><N who="1" m="24576" /><DORA hai="77" /><U115/><E115/><V83/><F4/><W46/><G105/><T34/><AGARI ba="1,1" hai="15,16,21,24,29,34,47,51,52,72,73,85,91,94" machi="34" ten="20,12000,2" yaku="1,1,0,1,7,1,54,2,53,2" doraHai="92,77" doraHaiUra="89,14" who="0" fromWho="0" sc="251,133,265,-31,316,-61,158,-31" /><INIT seed="3,0,0,0,0,12" ten="384,234,255,127" oya="3" hai0="64,91,84,73,110,19,55,52,105,75,135,59,58" hai1="66,7,62,9,48,117,35,41,20,124,6,50,99" hai2="92,114,30,5,123,113,126,26,14,78,10,25,131" hai3="33,133,4,60,116,56,49,100,101,104,125,23,38"/><W121/><G116/><T85/><D105/><U37/><E35/><V31/><F78/><W63/><G33/><T118/><D118/><U86/><E124/><V32/><F92/><W81/><G121/><T65/><D110/><U108/><E108/><V28/><F126/><W0/><G38/><T93/><D135/><U89/><E99/><V44/><F44/><W76/><G133/><T80/><D75/><U40/><E6/><V57/><F57/><N who="0" m="21514" /><D19/><U87/><E20/><N who="2" m="15399" /><F131/><W88/><G104/><T61/><D61/><U29/><E29/><N who="2" m="19511" /><F123/><W107/><G107/><T54/><D73/><U13/><E117/><V1/><F114/><W130/><G125/><T98/><D84/><U94/><E86/><V24/><F113/><W109/><G109/><T103/><AGARI ba="0,0" hai="52,54,55,64,65,80,85,91,93,98,103" m="21514" machi="103" ten="30,2000,0" yaku="8,1,54,1" doraHai="12" who="0" fromWho="0" sc="384,20,234,-5,255,-5,127,-10" /><INIT seed="4,0,0,3,2,101" ten="404,229,250,117" oya="0" hai0="75,22,133,126,88,100,102,29,132,59,11,90,34" hai1="114,3,41,117,67,68,73,18,69,35,70,109,95" hai2="77,74,57,28,116,32,93,31,127,49,19,123,20" hai3="72,44,115,78,2,76,92,14,81,38,86,79,122"/><T82/><D34/><U9/><E73/><V103/><F123/><W107/><G2/><T45/><D126/><U12/><E109/><V99/><F127/><W40/><G115/><T66/><D11/><U118/><E35/><V128/><F128/><W60/><G60/><N who="0" m="38175" /><D100/><U10/><E114/><V42/><F116/><W94/><G122/><T27/><D102/><U50/><E67/><V108/><F32/><W13/><G107/><T51/><D82/><U23/><E95/><V97/><F97/><W1/><G1/><T61/><D61/><U130/><E130/><V125/><F108/><W53/><G72/><T112/><D112/><U24/><E50/><V16/><F125/><W48/><G94/><T91/><D75/><U105/><E105/><V110/><F110/><W33/><G92/><T7/><D7/><U71/><E41/><V89/><F103/><W104/><G104/><T58/><D58/><U124/><E124/><V121/><F121/><W0/><G0/><T83/><D83/><U62/><E62/><V47/><F74/><W55/><G33/><T84/><D84/><U5/><N who="1" m="17408" /><DORA hai="113" /><U131/><REACH who="1" step="1"/><E131/><REACH who="1" ten="404,219,250,117" step="2"/><V37/><F42/><W120/><G120/><T56/><D51/><U134/><E134/><V17/><F49/><W15/><REACH who="3" step="1"/><G38/><REACH who="3" ten="404,219,250,107" step="2"/><T46/><D132/><U63/><E63/><V43/><F37/><W52/><AGARI ba="0,2" hai="13,14,15,40,44,48,52,53,55,76,78,79,81,86" machi="52" ten="30,8000,1" yaku="1,1,2,1,0,1,8,1,54,1,53,0" doraHai="101,113" doraHaiUra="30,96" who="3" fromWho="3" sc="404,-40,219,-20,250,-20,107,100" /><INIT seed="5,0,0,1,3,84" ten="364,199,230,207" oya="1" hai0="97,120,112,11,134,2,5,56,33,0,9,49,135" hai1="13,93,36,123,113,66,88,77,37,80,16,45,74" hai2="52,61,73,106,4,18,7,69,117,60,44,75,35" hai3="34,20,12,14,22,126,8,59,91,38,90,29,103"/><U128/><E123/><V27/><F106/><W132/><G38/><T122/><D33/><U104/><E104/><V47/><F117/><W98/><G34/><T3/><D97/><U62/><E113/><V42/><F35/><W115/><G115/><T100/><D100/><U57/><E128/><V130/><F130/><W131/><G131/><T41/><D112/><U48/><E48/><V31/><F69/><W79/><G79/><T51/><D56/><U129/><E45/><V96/><F31/><W19/><G126/><T28/><D28/><U39/><E129/><V1/><F96/><W43/><G43/><T23/><D23/><U15/><REACH who="1" step="1"/><E16/><REACH who="1" ten="364,189,230,207" step="2"/><V70/><F44/><W26/><G132/><N who="0" m="50731" /><D51/><U6/><E6/><V86/><F7/><W64/><G19/><T71/><D5/><U76/><E76/><V72/><F4/><W105/><G105/><T109/><D49/><U10/><E10/><V119/><F18/><W46/><G46/><T87/><D11/><U30/><E30/><V107/><F47/><W110/><G29/><T81/><D9/><U68/><E68/><V58/><F70/><W82/><G8/><T125/><D71/><U55/><E55/><V101/><F52/><W114/><G114/><T50/><D50/><U21/><E21/><V89/><F107/><W99/><G22/><T102/><D120/><U24/><E24/><V83/><F27/><W127/><G26/><T25/><D122/><U65/><E65/><V118/><F118/><W111/><G64/><T108/><D25/><U17/><E17/><V94/><F119/><W116/><G116/><RYUUKYOKU ba="0,1" sc="364,-10,189,30,230,-10,207,-10" hai1="13,15,36,37,39,57,62,66,74,77,80,88,93" /><INIT seed="5,1,1,5,2,18" ten="354,219,220,197" oya="1" hai0="109,85,76,5,17,116,34,64,57,21,65,122,120" hai1="78,100,108,115,23,129,67,70,92,101,15,50,95" hai2="48,84,0,39,58,66,3,110,20,71,53,7,41" hai3="35,60,105,107,112,16,86,82,83,128,118,14,134"/><U27/><E115/><V74/><F74/><W104/><G112/><T38/><D109/><U94/><E108/><V51/><F110/><W102/><G35/><T81/><D116/><U62/><E129/><V79/><F51/><W68/><G128/><T135/><D135/><U19/><E78/><V9/><F79/><W97/><G134/><T33/><D5/><U89/><E89/><V37/><F84/><W124/><G124/><T43/><D43/><U8/><REACH who="1" step="1"/><E50/><REACH who="1" ten="354,209,220,197" step="2"/><V40/><F48/><W28/><G118/><T130/><D130/><U90/><E90/><V133/><F39/><W36/><G36/><T91/><D38/><U132/><E132/><V99/><F133/><W77/><G77/><T30/><D91/><U87/><E87/><V69/><F37/><W10/><G86/><T24/><D85/><U126/><E126/><V121/><F121/><W46/><G82/><T25/><D81/><U31/><AGARI ba="1,2" hai="8,15,19,23,27,31,62,67,70,92,94,95,100,101" machi="31" ten="30,6000,0" yaku="1,1,0,1,52,1,53,0" doraHai="18" doraHaiUra="131" who="1" fromWho="1" sc="354,-21,209,83,220,-21,197,-21" /><INIT seed="5,2,0,5,5,11" ten="333,292,199,176" oya="1" hai0="109,24,106,96,84,43,113,19,10,85,53,69,76" hai1="50,103,82,83,100,40,63,44,104,131,124,110,116" hai2="111,125,22,133,35,8,30,1,15,120,81,9,97" hai3="95,45,51,129,65,112,135,13,32,77,74,107,31"/><U123/><E116/><V72/><F111/><W2/><G107/><T105/><D69/><U57/><E123/><V23/><F120/><W68/><G2/><T4/><D53/><U29/><E131/><V52/><F133/><W119/><G135/><T25/><D109/><U5/><E124/><V55/><F125/><W27/><G112/><T21/><D43/><U128/><E128/><V102/><F35/><W115/><G115/><T58/><D58/><U60/><E29/><V71/><F71/><W28/><G28/><T59/><D59/><U47/><E104/><V3/><F72/><W64/><G95/><T75/><D25/><U54/><E5/><V121/><F81/><W14/><G119/><T36/><D36/><U70/><E70/><V26/><F121/><W18/><G18/><T94/><D75/><U48/><E63/><V33/><F23/><W6/><G6/><T62/><D62/><U126/><E126/><V127/><F127/><W39/><G39/><T92/><D85/><U101/><REACH who="1" step="1"/><E110/><REACH who="1" ten="333,282,199,176" step="2"/><V12/><F33/><W0/><G68/><T42/><D106/><U49/><E49/><V98/><F30/><W130/><G130/><T80/><D113/><U99/><E99/><V90/><F98/><W41/><G129/><T132/><D132/><U89/><E89/><V38/><F90/><W20/><G32/><T91/><D91/><U66/><AGARI ba="2,1" hai="40,44,47,48,50,54,57,60,66,82,83,100,101,103" machi="66" ten="30,6000,0" yaku="1,1,0,1,8,1,53,0" doraHai="11" doraHaiUra="88" who="1" fromWho="1" sc="333,-22,282,76,199,-22,176,-22" /><INIT seed="5,3,0,3,2,54" ten="311,358,177,154" oya="1" hai0="59,110,67,103,61,7,82,131,26,100,39,94,130" hai1="25,24,48,125,23,111,69,72,114,50,123,38,132" hai2="104,62,27,36,19,128,31,64,98,34,15,117,108" hai3="28,105,6,4,35,106,40,134,14,118,46,20,73"/><U80/><E38/><V129/><F108/><W63/><G73/><T55/><D110/><U79/><E69/><V70/><F36/><W29/><G134/><T56/><D39/><U75/><E123/><V45/><F45/><W53/><G118/><T13/><D82/><U74/><E114/><V30/><F30/><W57/><G106/><T113/><D113/><U107/><E107/><V37/><F37/><W89/><G35/><T88/><D26/><U12/><E125/><V86/><F86/><W85/><G29/><T8/><D130/><U124/><E124/><V97/><F117/><W44/><G105/><T101/><D131/><N who="2" m="50250" /><F104/><W127/><G127/><T87/><D100/><U16/><E132/><V81/><F81/><W77/><G77/><T21/><D21/><AGARI ba="3,0" hai="15,19,21,27,31,34,62,64,70,97,98" m="50250" machi="21" ten="30,1000,0" yaku="19,1" doraHai="54" who="2" fromWho="0" sc="311,-19,358,0,177,19,154,0" /><INIT seed="6,0,0,1,4,59" ten="292,358,196,154" oya="2" hai0="83,78,71,58,8,65,11,60,55,25,18,108,84" hai1="70,79,97,81,49,121,131,26,94,76,33,129,117" hai2="93,21,105,28,100,87,17,127,23,14,35,57,99" hai3="66,6,20,74,109,102,31,116,89,128,7,27,72"/><V135/><F135/><W122/><G109/><T111/><D11/><U85/><E117/><V9/><F127/><W39/><G122/><T47/><D47/><U113/><E113/><V2/><F105/><W67/><G39/><T80/><D80/><U24/><E70/><V63/><F2/><W73/><G128/><T96/><D96/><U29/><E121/><V46/><F87/><W48/><G102/><T13/><REACH who="0" step="1"/><D25/><REACH who="0" ten="282,358,196,154" step="2"/><U107/><E24/><V40/><F46/><W19/><G74/><T51/><AGARI ba="0,1" hai="8,13,18,51,55,58,60,65,71,78,83,84,108,111" machi="51" ten="20,8000,1" yaku="1,1,2,1,0,1,7,1,52,1,53,0" doraHai="59" doraHaiUra="43" who="0" fromWho="0" sc="282,90,358,-20,196,-40,154,-20" /><INIT seed="7,0,0,5,2,23" ten="372,338,156,134" oya="3" hai0="15,119,65,35,87,80,95,12,122,131,77,20,118" hai1="16,61,34,82,88,120,0,17,93,3,49,56,108" hai2="31,28,125,86,109,94,106,69,68,121,81,52,41" hai3="75,112,99,110,54,9,14,115,70,4,51,36,37"/><W32/><G70/><T132/><D122/><U96/><E108/><V7/><F109/><W130/><G110/><T45/><D35/><U38/><E38/><V105/><F41/><W71/><G71/><T129/><D65/><U43/><E34/><V83/><F7/><W116/><G116/><T42/><D95/><U103/><E0/><V128/><F128/><N who="0" m="49226" /><D132/><U84/><E3/><V29/><F125/><W67/><G67/><T90/><D90/><U30/><E30/><V91/><F121/><W64/><G64/><T26/><D15/><U102/><E102/><V6/><F69/><W104/><G130/><T92/><D92/><U72/><E72/><V73/><F68/><W18/><G75/><T11/><D12/><U74/><E74/><V135/><F73/><W124/><G124/><T46/><D11/><U78/><E103/><V48/><F135/><W2/><G32/><T134/><D134/><U111/><E120/><V101/><F106/><W63/><G104/><T62/><D62/><U117/><E117/><N who="0" m="44553" /><D42/><U8/><E8/><V126/><F105/><W21/><G63/><T55/><D55/><N who="1" m="33951" /><E111/><V66/><F66/><W89/><G89/><T107/><D107/><U57/><E43/><V60/><F60/><W47/><REACH who="3" step="1"/><G99/><REACH who="3" ten="372,338,156,124" step="2"/><T85/><D85/><U114/><E96/><V27/><F126/><W19/><G19/><AGARI ba="0,1" hai="19,20,26,45,46,77,80,87" m="44553,49226" machi="19" ten="30,2000,0" yaku="19,1,52,1" doraHai="23" who="0" fromWho="3" sc="372,30,338,0,156,0,124,-20" owari="402,50.0,338,14.0,156,-24.0,104,-40.0" /></mjloggm>