<mjloggm ver="2.3"><GO type="169" lobby="0"/><UN n0="%72%65%72%65%6D%61%72%75" n1="%E3%83%94%E3%83%B3%E3%82%B5%E3%83%AD%E5%BA%97%E5%93%A1" n2="%E3%81%88%E3%81%84%E3%81%BF" n3="%E3%81%B4%E3%81%88%E3%81%AB%E3%82%93" dan="16,17,16,16" rate="2110.69,2269.05,2148.81,2092.85" sx="M,M,F,M"/><TAIKYOKU oya="0"/><INIT seed="0,0,0,5,0,25" ten="250,250,250,250" oya="0" hai0="23,103,74,15,96,69,29,94,47,75,104,35,84" hai1="21,36,14,34,108,134,50,80,52,3,77,76,66" hai2="114,62,58,17,68,49,130,16,20,127,38,97,72" hai3="4,10,133,86,26,107,2,31,101,33,61,37,126"/><T51/><D69/><U93/><E34/><V116/><F114/><W8/><G37/><T42/><D35/><U22/><E3/><V92/><F38/><W125/><G107/><T113/><D113/><U63/><E36/><V6/><F72/><W41/><G101/><T44/><D44/><U131/><E108/><V78/><F130/><W111/><G41/><T79/><D15/><U109/><E134/><V30/><F78/><W89/><G111/><T55/><D42/><U91/><E131/><V13/><F127/><W60/><G10/><T119/><D119/><U57/><E109/><V99/><F116/><W18/><G18/><T46/><D46/><U71/><E14/><V100/><F68/><W117/><G133/><T64/><D64/><U67/><E67/><V45/><F6/><W106/><G106/><T48/><D48/><U128/><E77/><V110/><F99/><W5/><G5/><T82/><REACH who="0" step="1"/><D104/><REACH who="0" ten="240,250,250,250" step="2"/><U112/><E112/><V43/><F13/><W7/><G117/><T1/><D1/><U27/><E128/><V54/><REACH who="2" step="1"/><F110/><REACH who="2" ten="240,250,240,250" step="2"/><W90/><G7/><T122/><D122/><U56/><E71/><V40/><F40/><W81/><G125/><T88/><D88/><U53/><E91/><V65/><F65/><W0/><G0/><T118/><D118/><U59/><E66/><V9/><F9/><W12/><G126/><T73/><D73/><U85/><E76/><V19/><F19/><W115/><G115/><T123/><D123/><U39/><E39/><V102/><F102/><W132/><G132/><T70/><D70/><U98/><E53/><RYUUKYOKU ba="0,2" sc="240,15,250,-15,240,15,250,-15" hai0="23,29,47,51,55,74,75,79,82,84,94,96,103" hai2="16,17,20,30,43,45,49,54,58,62,92,97,100" /><INIT seed="0,1,2,1,3,27" ten="255,235,255,235" oya="0" hai0="84,107,114,117,97,50,122,111,113,54,85,120,63" hai1="5,91,99,135,131,92,42,101,116,134,72,118,106" hai2="20,129,30,48,56,17,25,127,74,39,112,67,103" hai3="36,6,33,81,28,18,95,65,119,53,55,51,11"/><T62/><D107/><U49/><E5/><V52/><F112/><N who="0" m="43114" /><D97/><N who="1" m="61743" /><E49/><V128/><F74/><W73/><G36/><T87/><D50/><U100/><E42/><V21/><F39/><W115/><G119/><N who="1" m="45610" /><E72/><V75/><F75/><W71/><G115/><T26/><D54/><U76/><E76/><V24/><F103/><W46/><G18/><T108/><D26/><U88/><E131/><N who="2" m="50251" /><F67/><W89/><G55/><T38/><D38/><U105/><E91/><V82/><F82/><W93/><G65/><T2/><D2/><U35/><E35/><V34/><F127/><W9/><G71/><T16/><D16/><U37/><E37/><V44/><F34/><W126/><G126/><T19/><D19/><U109/><E109/><N who="0" m="42057" /><D117/><U124/><E124/><V41/><F41/><W123/><G123/><AGARI ba="1,2" hai="62,63,84,85,87,120,122,123" m="42057,43114" machi="123" ten="40,12000,1" yaku="28,2,14,1,10,1" doraHai="27" who="0" fromWho="3" sc="255,143,235,0,255,0,235,-123" /><INIT seed="0,2,0,0,2,70" ten="398,235,255,112" oya="0" hai0="41,82,57,76,66,60,42,21,133,124,0,23,98" hai1="95,30,45,50,22,115,101,46,116,94,17,6,3" hai2="91,71,92,90,12,127,28,102,105,8,24,1,52" hai3="108,11,93,54,53,16,118,47,68,83,13,132,69"/><T26/><D133/><U65/><E116/><V130/><F1/><W77/><G118/><T7/><D124/><U32/><E115/><V73/><F73/><W128/><G132/><T15/><D0/><U37/><E65/><V79/><F79/><W103/><G128/><T19/><D98/><U86/><E32/><V36/><F71/><W20/><G108/><T31/><REACH who="0" step="1"/><D7/><REACH who="0" ten="388,235,255,112" step="2"/><U18/><E6/><V38/><F127/><W117/><G117/><T4/><D4/><U107/><E3/><V85/><F130/><W67/><G68/><T110/><D110/><U2/><E2/><V109/><F109/><W25/><G69/><T51/><D51/><U122/><E50/><V112/><F112/><W81/><G47/><T97/><D97/><U55/><E45/><V48/><F105/><W9/><G103/><T43/><D43/><U131/><E107/><V64/><F102/><W56/><G56/><T40/><D40/><U33/><E46/><V134/><F48/><W78/><G78/><T14/><D14/><U111/><E111/><V113/><F12/><W135/><G77/><T63/><D63/><U49/><E49/><V27/><F134/><W99/><G135/><T129/><D129/><U5/><E5/><V29/><F113/><W123/><G13/><T34/><D34/><U120/><E33/><V121/><F91/><W10/><G99/><T59/><D59/><U35/><E35/><V96/><F90/><W75/><G25/><T87/><AGARI ba="2,1" hai="15,19,21,23,26,31,41,42,57,60,66,76,82,87" machi="87" ten="20,7800,0" yaku="1,1,0,1,7,1,8,1,53,0" doraHai="70" doraHaiUra="89" who="0" fromWho="0" sc="388,94,235,-28,255,-28,112,-28" /><INIT seed="0,3,0,0,2,106" ten="482,207,227,84" oya="0" hai0="124,119,107,30,36,39,54,103,128,123,21,84,17" hai1="10,93,34,129,41,79,101,130,61,110,104,16,22" hai2="111,82,24,19,42,20,28,15,78,120,87,92,116" hai3="75,85,46,45,23,1,71,38,25,2,132,44,96"/><T11/><D123/><U105/><E34/><V13/><F111/><W56/><G38/><T33/><D119/><U73/><E110/><V9/><F116/><W90/><G71/><T88/><D128/><N who="1" m="49259" /><E41/><V37/><F120/><W65/><G132/><T12/><D124/><U112/><E112/><V118/><F118/><W3/><G96/><T40/><D33/><U29/><E29/><V94/><F37/><W58/><G65/><T52/><D103/><U126/><E10/><V135/><F42/><W97/><G97/><T121/><D107/><U102/><E61/><V47/><F47/><W8/><G8/><T64/><D64/><U99/><E101/><V113/><F113/><W60/><G60/><T77/><D121/><U117/><E126/><V50/><F50/><W7/><G7/><T108/><D108/><U76/><E76/><V0/><F0/><W91/><G75/><T26/><D77/><U59/><E59/><V83/><F135/><W14/><G14/><T74/><D36/><U122/><E122/><V86/><REACH who="2" step="1"/><F15/><REACH who="2" ten="482,207,217,84" step="2"/><W4/><G1/><T98/><D39/><U49/><E49/><V95/><F95/><W55/><G3/><T133/><D133/><U27/><E117/><V89/><AGARI ba="3,1" hai="9,13,19,20,24,28,78,82,83,86,87,89,92,94" machi="89" ten="20,5200,0" yaku="1,1,0,1,7,1,8,1,53,0" doraHai="106" doraHaiUra="51" who="2" fromWho="2" sc="482,-29,207,-16,217,71,84,-16" /><INIT seed="1,0,0,2,0,119" ten="453,191,288,68" oya="1" hai0="21,7,81,86,102,38,19,15,26,131,66,40,58" hai1="29,18,117,30,82,132,36,60,2,104,44,134,22" hai2="99,49,92,103,101,45,46,96,53,89,79,37,32" hai3="12,25,55,28,4,84,11,83,91,100,54,128,108"/><U64/><E117/><V76/><F32/><W35/><G108/><T48/><D131/><U42/><E2/><V13/><F37/><W95/><G128/><T31/><D38/><U87/><E104/><V113/><F113/><W5/><G5/><T109/><D109/><U9/><E9/><V97/><F45/><W47/><G47/><T88/><D102/><U121/><E121/><V33/><F33/><W65/><G65/><T123/><D123/><U126/><E126/><V61/><F13/><W70/><G70/><T110/><D110/><U10/><E10/><V122/><F122/><W75/><G75/><T78/><D7/><U90/><E18/><V98/><REACH who="2" step="1"/><F61/><REACH who="2" ten="453,191,278,68" step="2"/><W23/><G35/><T74/><D15/><U8/><E8/><V59/><F59/><W1/><G1/><T41/><D58/><U43/><E43/><V52/><F52/><W130/><G130/><T105/><D40/><U67/><E67/><V114/><F114/><W120/><G120/><T16/><D66/><U72/><E22/><V3/><F3/><W63/><G63/><T62/><D62/><U50/><E36/><V27/><F27/><W39/><G39/><T115/><D115/><U14/><E14/><V94/><F94/><W118/><G118/><T71/><D71/><N who="1" m="42375" /><E134/><V51/><F51/><W69/><G69/><T77/><D21/><U73/><E132/><V56/><F56/><W68/><G68/><T85/><D26/><U93/><E93/><V107/><F107/><W106/><G106/><T20/><D105/><U34/><E34/><V133/><F133/><W80/><G80/><RYUUKYOKU ba="0,1" sc="453,-30,191,10,278,10,68,10" hai1="29,30,42,44,50,72,73,82,87,90" hai2="46,49,53,76,79,89,92,96,97,98,99,101,103" hai3="4,11,12,23,25,28,54,55,83,84,91,95,100" /><INIT seed="1,1,1,0,5,129" ten="423,201,288,78" oya="1" hai0="14,72,3,31,84,97,69,79,8,102,63,94,11" hai1="16,134,61,92,132,64,133,50,60,54,95,122,82" hai2="41,80,18,44,127,38,42,88,93,4,40,77,57" hai3="62,65,2,23,17,99,120,106,52,67,123,21,117"/><U5/><E122/><V114/><F127/><W55/><G2/><T39/><D72/><U121/><E121/><V66/><F114/><W124/><G124/><T12/><D3/><U87/><E5/><V58/><F4/><W130/><G130/><T9/><D39/><U32/><E32/><V35/><F35/><W126/><G126/><T86/><D31/><U125/><E16/><V83/><F18/><W37/><G37/><T109/><D109/><U53/><E125/><V85/><F83/><W78/><G78/><T131/><D131/><U75/><E75/><V119/><F119/><W70/><G117/><T47/><D47/><N who="1" m="27871" /><E54/><V46/><F66/><W34/><G34/><T111/><D111/><U49/><E49/><V6/><F6/><W101/><G67/><T19/><D79/><N who="1" m="46559" /><E60/><V105/><F105/><W91/><G120/><T56/><D69/><AGARI ba="1,1" hai="61,64,69,92,95,132,133,134" m="46559,27871" machi="69" ten="30,11600,0" yaku="20,1,52,3" doraHai="129" who="1" fromWho="0" sc="423,-119,201,129,288,0,78,0" /><INIT seed="1,2,0,0,4,26" ten="304,330,288,78" oya="1" hai0="14,22,101,7,8,130,48,68,123,103,73,0,133" hai1="17,31,105,112,78,55,13,37,10,52,107,39,27" hai2="82,41,60,80,5,23,104,35,50,100,45,122,79" hai3="81,38,2,84,51,91,90,128,11,129,58,3,49"/><U124/><E112/><V76/><F122/><W66/><G38/><T75/><D68/><U126/><E78/><V30/><F35/><W64/><G11/><T71/><D71/><U44/><E107/><V61/><F5/><W83/><G58/><T40/><D133/><U1/><E105/><V102/><F104/><W56/><G56/><T65/><D65/><U19/><E19/><V36/><F36/><N who="1" m="13897" /><E44/><V12/><F100/><W86/><AGARI ba="2,0" hai="2,3,49,51,64,66,81,83,84,86,90,91,128,129" machi="86" ten="25,3200,0" yaku="0,1,22,2" doraHai="26" who="3" fromWho="3" sc="304,-10,330,-18,288,-10,78,38" /><INIT seed="2,0,0,0,4,131" ten="294,312,278,116" oya="2" hai0="112,16,23,46,55,119,59,74,41,1,101,100,49" hai1="27,24,76,64,115,66,8,38,126,87,52,22,127" hai2="107,77,118,123,91,80,56,133,58,88,48,10,102" hai3="129,122,18,47,108,42,43,15,113,2,19,26,73"/><V32/><F118/><W54/><G73/><T89/><D74/><U105/><E115/><V20/><F32/><W62/><G122/><T3/><D119/><U121/><E105/><V65/><F123/><W116/><G129/><T125/><D125/><N who="1" m="47627" /><E121/><V11/><F102/><W69/><G116/><T31/><D31/><U124/><E38/><V79/><F107/><W12/><G2/><T61/><D112/><U128/><E27/><V13/><F65/><W70/><G113/><T110/><D110/><U106/><E106/><V25/><F48/><W44/><G108/><T99/><D1/><U45/><E8/><V67/><F67/><W93/><G93/><N who="0" m="56751" /><D3/><U75/><E75/><V50/><F50/><W92/><G92/><T5/><D5/><U30/><E128/><V104/><F104/><W29/><G26/><AGARI ba="0,0" hai="16,23,26,41,46,49,55,59,61,100,101" m="56751" machi="26" ten="30,3900,0" yaku="25,1,8,1,54,1" doraHai="131" who="0" fromWho="3" sc="294,39,312,0,278,0,116,-39" /><INIT seed="3,0,0,2,3,43" ten="333,312,278,77" oya="3" hai0="131,26,6,25,2,51,85,72,126,22,77,4,71" hai1="48,45,127,8,30,93,122,119,115,47,55,1,125" hai2="36,78,103,133,100,42,75,16,99,86,18,50,32" hai3="19,49,91,66,11,81,80,107,9,33,101,79,3"/><W98/><G33/><T110/><D71/><U28/><E122/><V117/><F117/><W124/><G124/><N who="1" m="47690" /><E115/><V111/><F32/><W31/><G31/><N who="1" m="11818" /><E93/><V120/><F111/><W14/><G66/><T129/><D72/><U73/><E73/><V37/><F133/><W57/><G91/><T118/><D118/><U121/><E121/><V13/><F75/><W89/><G89/><T7/><D110/><U27/><E27/><V62/><F120/><W17/><G79/><T68/><D68/><U54/><E119/><V10/><F36/><W44/><G57/><T65/><D65/><U76/><E76/><V96/><F37/><W92/><G107/><T69/><D69/><U29/><N who="1" m="11826" /><U12/><DORA hai="74" /><E1/><V132/><F132/><W87/><G87/><T90/><D2/><U58/><E54/><V60/><F18/><AGARI ba="0,0" hai="8,12,18,45,47,48,55,58" m="11826,47690" machi="18" ten="40,5200,0" yaku="18,1,52,2" doraHai="43,74" who="1" fromWho="2" sc="333,0,312,52,278,-52,77,0" /><INIT seed="4,0,0,1,5,81" ten="333,364,226,77" oya="0" hai0="135,7,30,123,46,97,102,28,92,12,33,120,112" hai1="68,94,110,35,124,15,39,44,4,88,128,89,67" hai2="104,122,10,76,50,117,24,19,93,16,80,85,47" hai3="1,119,78,52,23,57,55,69,56,121,22,126,113"/><T134/><D46/><U114/><E110/><V86/><F122/><W3/><G121/><T27/><D28/><U91/><E35/><V17/><F104/><W62/><G69/><T8/><REACH who="0" step="1"/><D112/><REACH who="0" ten="323,364,226,77" step="2"/><U133/><E114/><V29/><F117/><W107/><G113/><T59/><D59/><U98/><E44/><V109/><F109/><W118/><G62/><T14/><D14/><U32/><E15/><N who="2" m="7287" /><F29/><W116/><G116/><T79/><D79/><U64/><E68/><V13/><F13/><W26/><G78/><T0/><D0/><U43/><E39/><V53/><F24/><W63/><G63/><T36/><D36/><U75/><E32/><V31/><F31/><W45/><G45/><T108/><D108/><U11/><E43/><V70/><F70/><W2/><G2/><T60/><D60/><U42/><E42/><V72/><F72/><W87/><G26/><T111/><D111/><U38/><E75/><V96/><F47/><W103/><G3/><T40/><D40/><U95/><E38/><V73/><F73/><W125/><G1/><T74/><D74/><U61/><E61/><V37/><F37/><W65/><G65/><T90/><D90/><U132/><E88/><V58/><F58/><W115/><G115/><T131/><D131/><U54/><E89/><N who="2" m="55343" /><F50/><W6/><G103/><T34/><D34/><U21/><E128/><V130/><F130/><W83/><G119/><T41/><D41/><U106/><E91/><V5/><F76/><W129/><G118/><T99/><D99/><U25/><E98/><V101/><F101/><W66/><G129/><RYUUKYOKU ba="0,1" sc="323,30,364,-10,226,-10,77,-10" hai0="7,8,12,27,30,33,92,97,102,120,123,134,135" /><INIT seed="4,1,1,5,0,50" ten="353,354,216,67" oya="0" hai0="121,49,30,74,130,63,27,99,95,126,96,45,86" hai1="122,102,80,46,5,125,51,24,118,52,29,101,100" hai2="129,48,70,28,128,39,1,78,33,69,91,16,64" hai3="124,135,114,62,35,58,40,36,88,110,18,81,75"/><T85/><D121/><U65/><E122/><V34/><F39/><W17/><G110/><T72/><D130/><N who="2" m="50282" /><F1/><W53/><G35/><N who="2" m="13321" /><F28/><W14/><G114/><T19/><D126/><U57/><E118/><V2/><F2/><W3/><G124/><T109/><D19/><U54/><E125/><V25/><F78/><W83/><G3/><T44/><D109/><U26/><E5/><V116/><F116/><W68/><G135/><T97/><D63/><N who="1" m="38127" /><E29/><V10/><F64/><W93/><G68/><T21/><D44/><U119/><E119/><V23/><F91/><W82/><G75/><T4/><D4/><U133/><E133/><V22/><F10/><W90/><G90/><T20/><D20/><U42/><E80/><V56/><F23/><W107/><G107/><T38/><D38/><U112/><E112/><V84/><F84/><W98/><REACH who="3" step="1"/><G14/><REACH who="3" ten="353,354,216,57" step="2"/><T41/><D72/><U32/><E32/><V108/><F108/><W117/><G117/><T15/><D15/><U131/><E131/><V92/><F70/><W71/><G71/><T79/><D74/><U106/><E106/><V43/><F69/><W13/><G13/><T87/><REACH who="0" step="1"/><D79/><REACH who="0" ten="343,354,216,57" step="2"/><U104/><E104/><V59/><F92/><AGARI ba="1,3" hai="21,27,30,41,45,49,85,86,87,92,95,96,97,99" machi="92" ten="40,7700,0" yaku="1,1,2,1,8,1,53,0" doraHai="50" doraHaiUra="73" who="0" fromWho="2" sc="343,110,354,0,216,-80,57,0" /><INIT seed="4,2,0,5,0,39" ten="453,354,136,57" oya="0" hai0="91,58,41,79,125,62,14,68,85,75,7,65,56" hai1="120,49,0,29,38,15,109,90,134,94,73,11,119" hai2="35,113,129,36,86,18,123,83,88,34,45,57,98" hai3="122,37,43,8,48,87,55,69,117,2,31,27,53"/><T116/><D116/><U67/><E109/><V47/><F123/><W64/><G117/><T52/><D125/><U81/><E38/><V93/><F113/><W101/><G122/><T24/><D24/><U126/><E120/><V60/><F129/><W32/><G101/><T99/><D99/><U26/><E0/><V51/><F36/><W84/><G55/><T115/><D115/><U114/><E134/><V22/><F34/><W19/><G2/><T82/><D7/><U102/><E119/><V78/><F51/><W108/><G108/><T128/><D14/><U59/><E114/><V97/><F97/><W42/><G37/><T40/><D128/><U74/><E102/><V50/><F50/><W28/><G69/><T130/><D130/><U95/><E81/><V127/><F35/><W4/><G64/><T1/><D1/><U133/><E94/><V80/><F80/><W118/><G118/><T103/><D103/><U76/><E76/><V16/><F127/><W21/><G32/><T96/><D68/><U124/><E133/><V3/><F3/><W121/><G121/><T17/><D17/><N who="2" m="6762" /><F22/><W66/><G66/><AGARI ba="2,0" hai="45,47,57,60,66,78,83,86,88,93,98" m="6762" machi="66" ten="30,3900,0" yaku="8,1,54,2" doraHai="39" who="2" fromWho="3" sc="453,0,354,0,136,45,57,-45" /><INIT seed="5,0,0,2,1,91" ten="453,354,181,12" oya="1" hai0="22,90,94,114,130,84,134,4,25,56,65,53,80" hai1="68,96,33,48,11,57,59,98,112,70,101,37,31" hai2="89,8,121,36,47,118,18,92,133,106,73,63,93" hai3="87,12,5,86,95,3,15,75,103,115,107,72,34"/><U62/><E37/><V76/><F106/><W13/><G34/><T42/><D114/><U69/><E112/><V30/><F118/><W124/><G115/><T108/><D134/><U123/><E123/><V38/><F121/><W23/><G124/><T0/><D130/><U52/><E11/><V21/><F76/><W35/><G35/><T14/><D65/><U77/><E77/><V82/><F73/><W71/><G71/><T132/><D132/><U32/><E31/><V39/><F133/><W26/><G107/><T105/><D0/><U64/><REACH who="1" step="1"/><E96/><REACH who="1" ten="453,344,181,12" step="2"/><V45/><F8/><W27/><G75/><T126/><D126/><U111/><E111/><V58/><F30/><W128/><G72/><T102/><D108/><U28/><E28/><V129/><F36/><W9/><G128/><T97/><D97/><U79/><E79/><V19/><F38/><W66/><G23/><T50/><D22/><U20/><E20/><V125/><F39/><W54/><G87/><T116/><D84/><U10/><E10/><V120/><F21/><W113/><G113/><T119/><D119/><U29/><E29/><V131/><F131/><W41/><G86/><T60/><D116/><U49/><E49/><V40/><F129/><W100/><G9/><T83/><D50/><U74/><E74/><V6/><F120/><W43/><G3/><T135/><D135/><U88/><E88/><V99/><F89/><W46/><G103/><T127/><D102/><U1/><E1/><V7/><F99/><N who="3" m="59519" /><G5/><T17/><D4/><U78/><E78/><V24/><F6/><W44/><G44/><RYUUKYOKU ba="0,1" sc="453,-10,344,30,181,-10,12,-10" hai1="32,33,48,52,57,59,62,64,68,69,70,98,101" /><INIT seed="5,1,1,0,1,124" ten="443,374,171,2" oya="1" hai0="70,118,53,25,24,104,31,86,65,28,3,49,133" hai1="79,96,60,122,45,94,85,127,50,55,97,10,71" hai2="29,4,35,75,51,93,103,2,19,16,110,135,41" hai3="115,58,121,99,36,48,66,9,34,89,114,88,90"/><U12/><E127/><V39/><F110/><W38/><G121/><T30/><D118/><U27/><E122/><V73/><F39/><N who="3" m="14891" /><G34/><T7/><D104/><U87/><E71/><V56/><F29/><W42/><G9/><T105/><D105/><U15/><E60/><V91/><F35/><W47/><G58/><T120/><D120/><U22/><E79/><V54/><F103/><W32/><G32/><T69/><D65/><U131/><E131/><V57/><F57/><W40/><G66/><T100/><D100/><U113/><E113/><N who="3" m="43018" /><G99/><T13/><D70/><U68/><E68/><V84/><F4/><W101/><G101/><T5/><D7/><U21/><E21/><V17/><F2/><W80/><G80/><T0/><D5/><N who="1" m="3151" /><E15/><V77/><F56/><W6/><G6/><T128/><D13/><U46/><E46/><V134/><F19/><W64/><G64/><T76/><D0/><U126/><E126/><V102/><F102/><W117/><G117/><T106/><D3/><U37/><E37/><V14/><F17/><W18/><G18/><T81/><D69/><U20/><E20/><V67/><F67/><W52/><AGARI ba="1,1" hai="40,42,47,48,52,88,89,90" m="43018,14891" machi="52" ten="40,5200,0" yaku="15,1,54,2" doraHai="124" who="3" fromWho="3" sc="443,-14,374,-27,171,-14,2,65" /><INIT seed="6,0,0,5,1,41" ten="429,347,157,67" oya="2" hai0="11,14,68,12,102,63,72,1,23,38,33,24,89" hai1="104,35,117,53,125,18,13,96,46,9,45,47,84" hai2="27,86,114,74,108,123,69,129,5,101,115,52,8" hai3="119,107,55,118,50,100,110,70,20,87,36,16,37"/><V65/><F123/><W91/><G70/><T76/><D33/><U25/><E117/><V78/><F74/><W106/><G110/><T3/><D102/><U42/><E125/><V135/><F101/><W30/><G30/><T26/><D38/><U113/><E113/><V92/><F135/><W40/><G118/><T28/><D89/><U93/><E104/><V90/><F108/><W21/><G21/><T80/><D26/><U126/><E126/><V112/><F129/><W124/><G124/><T43/><D43/><U0/><E0/><V6/><F78/><W59/><G119/><T61/><D14/><U32/><E42/><V122/><F122/><W66/><G66/><T131/><D131/><U67/><E67/><V62/><F27/><W58/><G58/><T56/><D68/><U57/><E84/><V51/><REACH who="2" step="1"/><F8/><REACH who="2" ten="429,347,147,67" step="2"/><W116/><G116/><T31/><D11/><U127/><E127/><V39/><F39/><W44/><G37/><T2/><D76/><U133/><E133/><V49/><F49/><W94/><G100/><T29/><D24/><AGARI ba="0,1" hai="16,20,24,36,40,44,50,55,59,87,91,94,106,107" machi="24" ten="30,3900,0" yaku="7,1,52,1,54,1" doraHai="41" who="3" fromWho="0" sc="429,-39,347,0,147,0,67,49" /><INIT seed="7,0,0,1,1,116" ten="390,347,147,116" oya="3" hai0="119,55,135,33,19,29,76,54,48,127,95,53,89" hai1="67,13,91,123,64,128,65,59,32,121,15,90,20" hai2="12,21,30,0,27,124,11,16,78,24,40,46,31" hai3="82,18,84,112,25,77,37,63,118,38,72,130,86"/><W14/><G118/><T83/><D119/><U102/><E32/><V36/><F124/><W81/><G112/><T73/><D127/><U110/><E110/><V111/><F111/><W106/><G106/><T107/><D135/><U6/><E102/><V100/><F100/><W88/><G130/><T34/><D29/><U45/><E128/><V62/><F78/><W126/><G126/><T114/><D114/><U68/><E68/><V108/><F108/><W93/><G25/><T96/><D48/><U57/><E45/><V85/><F85/><W61/><G38/><T120/><D120/><N who="1" m="46155" /><E20/><V22/><F62/><W44/><G37/><T105/><D19/><U23/><E23/><V49/><F0/><W103/><G44/><T41/><D41/><U66/><E66/><V104/><F104/><W50/><G50/><AGARI ba="0,0" hai="11,12,16,21,22,24,27,30,31,36,40,46,49,50" machi="50" ten="40,2600,0" yaku="9,1,54,1" doraHai="116" who="2" fromWho="3" sc="390,0,347,0,147,26,116,-26" owari="390,49.0,347,15.0,173,-23.0,90,-41.0" /></mjloggm>