<mjloggm ver="2.3"><GO type="169" lobby="0"/><UN n0="%E3%82%8F%E3%81%A3%E3%81%97%E3%82%87%E3%81%84%E5%90%9B%32%E5%8F%B7" n1="%E9%9B%A3%E6%94%BB%E4%B8%8D%E8%90%BD%E3%81%AE%E9%89%84%E9%A8%8E%E5%85%B5" n2="%E3%83%A1%E3%82%BF%E3%83%93%E3%83%BC%E3%83%88" n3="%50%65%74%65%72%50%61%6E" dan="19,16,18,16" rate="2302.39,2112.39,2297.98,2118.76" sx="M,M,M,M"/><TAIKYOKU oya="0"/><INIT seed="0,0,0,2,1,120" ten="250,250,250,250" oya="0" hai0="68,117,91,31,26,95,41,131,27,102,11,71,115" hai1="133,76,45,127,132,130,96,103,80,99,3,4,36" hai2="13,110,22,77,43,118,101,64,38,15,129,55,114" hai3="42,93,112,89,123,72,111,83,100,122,59,7,33"/><T34/><D117/><U1/><E127/><V119/><F101/><W92/><G33/><T40/><D115/><U79/><E130/><V29/><F77/><N who="1" m="29769" /><E80/><V109/><F114/><W121/><G112/><T0/><D131/><U24/><E24/><N who="2" m="16535" /><F129/><W116/><G116/><N who="2" m="44585" /><F64/><W9/><G42/><T39/><D27/><U50/><E36/><V135/><F135/><N who="1" m="51785" /><E4/><V28/><F28/><W78/><G59/><T70/><D39/><U53/><E99/><V128/><F128/><W125/><G125/><T87/><REACH who="0" step="1"/><D102/><REACH who="0" ten="240,250,250,250" step="2"/><U69/><E69/><V104/><F38/><W81/><G100/><T35/><D35/><U66/><E66/><V75/><F109/><W57/><G111/><T10/><D10/><U25/><E25/><V30/><F110/><W94/><G9/><T6/><AGARI ba="0,1" hai="0,6,11,26,31,34,40,41,68,70,71,87,91,95" machi="6" ten="40,3900,0" yaku="1,1,0,1,53,0" doraHai="120" doraHaiUra="105" who="0" fromWho="0" sc="240,49,250,-13,250,-13,250,-13" /><INIT seed="0,1,0,3,2,107" ten="289,237,237,237" oya="0" hai0="25,110,73,135,82,5,78,65,81,127,108,57,0" hai1="32,60,35,122,8,84,62,21,95,134,63,114,37" hai2="24,58,15,42,131,75,61,130,66,121,10,83,133" hai3="53,112,99,45,88,129,2,105,11,69,93,51,41"/><T72/><D127/><U52/><E122/><V29/><F121/><W7/><G129/><N who="2" m="49161" /><F42/><W13/><G112/><T103/><D135/><U47/><E134/><V125/><F133/><W109/><G109/><N who="0" m="42091" /><D103/><U30/><E114/><V96/><F96/><W48/><G69/><T94/><D94/><U49/><E37/><V126/><F83/><N who="0" m="31754" /><D78/><U3/><E3/><V28/><F75/><N who="0" m="28746" /><D25/><U19/><E8/><V70/><F70/><W59/><G105/><T26/><D26/><U77/><E77/><V31/><F24/><W106/><G106/><T132/><D132/><U79/><E79/><V14/><F126/><W16/><REACH who="3" step="1"/><G2/><REACH who="3" ten="289,237,237,227" step="2"/><T22/><D22/><U98/><E21/><V17/><F125/><W74/><G74/><T36/><D36/><U97/><E35/><V100/><F100/><W92/><G92/><T111/><D111/><U91/><E32/><V89/><F89/><W116/><G116/><T9/><D57/><U87/><E95/><V115/><F115/><W50/><G50/><T12/><D65/><U6/><E91/><V117/><F117/><W85/><G85/><T102/><D102/><U80/><E87/><V27/><F27/><W120/><G120/><T86/><D86/><U20/><E84/><V46/><F66/><W71/><G71/><T123/><D123/><U118/><E118/><V101/><F101/><W55/><G55/><T76/><D76/><U33/><E33/><V113/><F113/><W40/><G40/><T119/><D119/><U90/><E90/><V68/><F58/><W4/><AGARI ba="1,1" hai="4,7,11,13,16,41,45,48,51,53,59,88,93,99" machi="4" ten="30,8000,1" yaku="1,1,0,1,8,1,54,2,53,0" doraHai="107" doraHaiUra="124" who="3" fromWho="3" sc="289,-41,237,-21,237,-21,227,93" /><INIT seed="1,0,0,2,5,16" ten="248,216,216,320" oya="1" hai0="79,46,102,110,30,115,21,63,98,120,124,125,58" hai1="10,40,72,62,24,116,92,59,135,84,54,39,103" hai2="4,107,114,56,93,85,65,0,105,91,70,45,37" hai3="8,29,82,42,133,50,117,17,99,81,22,73,31"/><U89/><E116/><V51/><F114/><W3/><G117/><T104/><D115/><U55/><E135/><V57/><F0/><W129/><G133/><T36/><D79/><U19/><E72/><V1/><F1/><W131/><G99/><T77/><D77/><U38/><E103/><V74/><F74/><W109/><G109/><T60/><D110/><U134/><E134/><V83/><F4/><W48/><G73/><T78/><D78/><U41/><E54/><N who="2" m="31839" /><F57/><W71/><G71/><T96/><D96/><U11/><E39/><V119/><F83/><W20/><G3/><T121/><D46/><U44/><REACH who="1" step="1"/><E41/><REACH who="1" ten="248,206,216,320" step="2"/><N who="2" m="22703" /><F119/><W80/><G42/><T75/><D75/><U61/><E61/><AGARI ba="0,1" hai="61,65,70,85,91,93,105,107" m="22703,31839" machi="61" ten="30,1000,0" yaku="24,1" doraHai="16" who="2" fromWho="1" sc="248,0,206,-10,216,20,320,0" /><INIT seed="2,0,0,2,0,15" ten="248,196,236,320" oya="2" hai0="103,46,129,36,49,22,44,120,78,92,102,109,116" hai1="7,68,52,73,27,135,53,39,8,79,3,115,13" hai2="117,43,96,16,87,54,71,110,18,64,88,104,133" hai3="107,19,111,72,106,11,42,60,25,114,131,100,6"/><V90/><F117/><W5/><G72/><T17/><D120/><U30/><E115/><V122/><F122/><W70/><G114/><T94/><D109/><U97/><E68/><V93/><F110/><W24/><G111/><T118/><D129/><U61/><E135/><V77/><F133/><W34/><G42/><T40/><D78/><U21/><E97/><V51/><F104/><W50/><G50/><T29/><D29/><U113/><E113/><V76/><F43/><W132/><G132/><T65/><D65/><U89/><E89/><V99/><F64/><W62/><G11/><T105/><D94/><U63/><E63/><V41/><F41/><W86/><G86/><T108/><D92/><U101/><E101/><V82/><F71/><W10/><G10/><T33/><D33/><U67/><E39/><V38/><F38/><W127/><G34/><T14/><D108/><U134/><E134/><V123/><F123/><W84/><G84/><T74/><D74/><U124/><E124/><V80/><F96/><W35/><G35/><T57/><D46/><U98/><E98/><V28/><F28/><W91/><G70/><T81/><D81/><U130/><E130/><V45/><F90/><W0/><G91/><T119/><D105/><U56/><REACH who="1" step="1"/><E3/><REACH who="1" ten="248,186,236,320" step="2"/><V26/><F26/><W47/><G0/><T69/><D69/><U2/><E2/><V31/><F31/><W125/><G131/><T59/><D36/><U58/><E58/><AGARI ba="0,1" hai="14,17,22,40,44,49,57,58,59,102,103,116,118,119" machi="58" ten="40,2600,0" yaku="12,1,52,1" doraHai="15" who="0" fromWho="1" sc="248,36,186,-26,236,0,320,0" /><INIT seed="3,0,0,5,5,72" ten="284,160,236,320" oya="3" hai0="135,134,40,25,133,63,20,67,101,50,82,87,31" hai1="58,113,34,66,13,94,102,126,10,99,110,32,0" hai2="4,90,88,38,15,49,43,74,47,33,86,28,61" hai3="27,37,48,96,131,73,70,100,41,108,44,11,92"/><W52/><G131/><T6/><D6/><U123/><E123/><V117/><F74/><W26/><G70/><T35/><D101/><U55/><E113/><V104/><F104/><W98/><G108/><T5/><D5/><U106/><E126/><V83/><F117/><W111/><G111/><T107/><D107/><U125/><E125/><V75/><F75/><W109/><G109/><T3/><D3/><U30/><E110/><V69/><F33/><W24/><G73/><T80/><D35/><U89/><E0/><V120/><F28/><W42/><G37/><T60/><D80/><U128/><E128/><V68/><F120/><W119/><G119/><T23/><D23/><U116/><E116/><V14/><F38/><W21/><G11/><T64/><D50/><U45/><E45/><V77/><F14/><W51/><G98/><T12/><D12/><U95/><E30/><V93/><F61/><N who="0" m="23626" /><D40/><N who="3" m="15465" /><G48/><T114/><D114/><U59/><E66/><V54/><F54/><W76/><G76/><AGARI ba="0,0" hai="20,25,31,64,67,76,82,87,133,134,135" m="23626" machi="76" ten="30,2000,0" yaku="20,1,52,1" doraHai="72" who="0" fromWho="3" sc="284,20,160,0,236,0,320,-20" /><INIT seed="4,0,0,3,1,22" ten="304,160,236,300" oya="0" hai0="95,34,79,24,9,60,52,12,120,13,59,11,115" hai1="45,33,130,131,65,41,50,58,134,74,47,68,104" hai2="112,5,7,129,64,107,31,55,99,54,114,96,10" hai3="18,109,108,86,87,83,103,56,93,92,111,39,30"/><T91/><D120/><U102/><E74/><V81/><F129/><N who="1" m="49161" /><E33/><V78/><F64/><W40/><G30/><T84/><D115/><N who="2" m="44074" /><F31/><W32/><G32/><T121/><D121/><U36/><E104/><V51/><F107/><W110/><G40/><T125/><D125/><U29/><E29/><V16/><F16/><W38/><G56/><T132/><D132/><U67/><E102/><V89/><F89/><W19/><G110/><T17/><D34/><U97/><E97/><N who="2" m="37451" /><F51/><W69/><G69/><T25/><D79/><U106/><E106/><V85/><F7/><AGARI ba="0,0" hai="7,9,11,12,13,17,24,25,52,59,60,84,91,95" machi="7" ten="30,12000,1" yaku="7,1,8,1,52,2,54,1" doraHai="22" who="0" fromWho="2" sc="304,120,160,0,236,-120,300,0" /><INIT seed="4,1,0,2,0,121" ten="424,160,116,300" oya="0" hai0="70,64,33,79,62,41,0,57,78,116,12,67,14" hai1="16,68,56,133,92,120,106,47,54,113,8,134,44" hai2="19,53,72,39,97,105,36,128,29,76,48,84,25" hai3="130,125,86,81,2,127,98,32,37,89,11,15,13"/><T85/><D116/><U82/><E106/><V118/><F118/><W1/><G37/><T58/><D0/><U55/><E68/><V22/><F128/><W102/><G32/><T30/><D41/><U63/><E120/><V40/><F72/><W129/><G2/><T87/><D70/><U101/><E82/><V103/><F40/><W96/><G1/><T46/><D33/><U18/><E113/><V49/><F76/><W94/><G15/><T65/><D30/><U27/><E8/><V21/><F84/><N who="0" m="32330" /><D46/><N who="1" m="17451" /><E55/><V45/><REACH who="2" step="1"/><F49/><REACH who="2" ten="424,160,106,300" step="2"/><W109/><G98/><T95/><D79/><U99/><E134/><V9/><F9/><W112/><G112/><T108/><D78/><U91/><E133/><V38/><F38/><W100/><G130/><T132/><D132/><U6/><E6/><V51/><F51/><W17/><G129/><T61/><D61/><U50/><E63/><V107/><F107/><W20/><G11/><T126/><D62/><U75/><E75/><V119/><F119/><W88/><REACH who="3" step="1"/><G109/><REACH who="3" ten="424,160,106,290" step="2"/><T59/><D108/><U123/><E123/><V7/><F7/><W110/><G110/><T42/><D42/><U3/><E99/><V66/><F66/><W104/><G104/><T114/><D114/><U80/><E3/><V71/><F71/><W135/><G135/><T10/><D10/><U117/><E117/><V4/><F4/><W60/><G60/><T124/><D64/><U31/><E50/><V52/><F52/><W83/><G83/><T115/><D115/><U93/><E80/><V69/><F69/><W77/><G77/><T34/><D65/><RYUUKYOKU ba="1,2" sc="424,-15,160,-15,106,15,290,15" hai2="19,21,22,25,29,36,39,45,48,53,97,103,105" hai3="13,17,20,81,86,88,89,94,96,100,102,125,127" /><INIT seed="5,2,2,4,1,109" ten="409,145,121,305" oya="1" hai0="88,61,100,9,10,99,94,28,40,77,67,54,36" hai1="121,35,120,25,30,48,134,33,60,62,26,132,129" hai2="133,72,106,73,113,122,124,52,126,57,45,95,119" hai3="6,12,87,101,105,3,112,34,86,115,56,116,2"/><U15/><E48/><V98/><F119/><W74/><G74/><T29/><D36/><U68/><E68/><V89/><F122/><W65/><G34/><T78/><D40/><U18/><E62/><V63/><F133/><N who="1" m="51305" /><E60/><V41/><F106/><W81/><G116/><T127/><D127/><N who="2" m="48682" /><F113/><N who="3" m="43595" /><G65/><T4/><D54/><U50/><E50/><AGARI ba="2,2" hai="41,45,50,52,57,63,72,73,89,95,98" m="48682" machi="50" ten="30,2000,0" yaku="18,1,54,1" doraHai="109" who="2" fromWho="1" sc="409,0,145,-26,121,46,305,0" /><INIT seed="6,0,0,0,0,17" ten="409,119,167,305" oya="2" hai0="121,98,119,19,111,1,78,38,30,132,66,82,69" hai1="90,42,64,87,123,24,92,113,84,117,21,125,108" hai2="116,95,86,122,41,7,6,96,46,104,115,89,127" hai3="5,83,73,71,45,85,68,37,26,128,99,28,31"/><V51/><F122/><W4/><G73/><T32/><D111/><U18/><E108/><V47/><F115/><W81/><G128/><T3/><D38/><U134/><E117/><V110/><F110/><W53/><G99/><T52/><D121/><U120/><E125/><V11/><F127/><W36/><G45/><T34/><D66/><U70/><E134/><V109/><F109/><W35/><G26/><T124/><D69/><U103/><E113/><V39/><F116/><W97/><G97/><T15/><D98/><U23/><E103/><V40/><REACH who="2" step="1"/><F11/><REACH who="2" ten="409,119,157,305" step="2"/><W0/><G71/><T59/><D119/><U76/><E123/><V20/><F20/><W79/><G68/><T65/><D124/><U126/><E120/><V44/><F44/><W105/><G35/><T91/><D32/><U130/><E126/><V72/><F72/><W133/><G133/><T2/><D132/><U43/><E130/><V33/><F33/><W112/><G112/><T27/><D34/><U50/><E23/><V57/><F57/><W14/><G37/><T80/><D59/><U77/><E70/><V55/><F55/><W94/><G53/><T22/><D52/><U8/><E8/><V60/><F60/><W129/><G36/><T12/><D22/><U16/><E64/><V107/><F107/><W135/><G105/><T74/><D65/><U48/><E48/><V106/><F106/><W131/><G135/><T102/><D74/><U67/><E67/><V56/><F56/><W9/><G131/><T101/><D101/><AGARI ba="0,1" hai="6,7,39,40,41,46,47,51,86,89,95,96,101,104" machi="101" ten="40,3900,0" yaku="1,1,53,1" doraHai="17" doraHaiUra="88" who="2" fromWho="0" sc="409,-39,119,0,157,49,305,0" /><INIT seed="6,1,0,5,1,46" ten="370,119,206,305" oya="2" hai0="35,78,88,58,6,118,9,129,131,68,37,123,130" hai1="43,54,134,36,135,8,30,19,97,41,126,40,82" hai2="86,52,44,24,3,62,38,55,85,2,56,21,91" hai3="61,103,34,104,29,69,115,95,81,50,73,48,111"/><V7/><F7/><W105/><G111/><T15/><D68/><U16/><E30/><V75/><F75/><W101/><G95/><T83/><D123/><U1/><E36/><V117/><F117/><W84/><G73/><T100/><D118/><U125/><E82/><V67/><F2/><W5/><G5/><T74/><D37/><U127/><E97/><V121/><F3/><W89/><G103/><T17/><D35/><U96/><E96/><V102/><F102/><W92/><G92/><T99/><D58/><U60/><E60/><V32/><F32/><W106/><G101/><T76/><D88/><U26/><E26/><V0/><F0/><W90/><G90/><T59/><D59/><U93/><E93/><V132/><F132/><N who="1" m="50729" /><E54/><V12/><F121/><W57/><G69/><T31/><D31/><U114/><E114/><V4/><F55/><W49/><G115/><T18/><D76/><U94/><E94/><AGARI ba="1,0" hai="6,9,15,17,18,74,78,83,94,99,100,129,130,131" machi="94" ten="40,1300,0" yaku="19,1" doraHai="46" who="0" fromWho="1" sc="370,16,119,-16,206,0,305,0" /><INIT seed="7,0,0,3,3,46" ten="386,103,206,305" oya="3" hai0="60,71,91,72,106,107,47,65,23,126,52,86,83" hai1="75,34,89,25,74,62,30,67,70,120,21,99,17" hai2="38,105,61,13,40,59,79,55,9,128,115,123,0" hai3="22,119,41,18,16,7,90,110,11,8,124,103,131"/><W35/><G35/><T96/><D126/><U93/><REACH who="1" step="1"/><E120/><REACH who="1" ten="386,93,206,305" step="2"/><V39/><F123/><W37/><G110/><T51/><D72/><U84/><E84/><V58/><F38/><W98/><G37/><T125/><D125/><U1/><E1/><V108/><F0/><W127/><G127/><T15/><D96/><U29/><E29/><V114/><F108/><W44/><G124/><T20/><D106/><U130/><E130/><V95/><F105/><W54/><G131/><T104/><D107/><U117/><E117/><V78/><F128/><W94/><G119/><T135/><D104/><U14/><AGARI ba="0,1" hai="14,17,21,25,30,34,62,67,70,74,75,89,93,99" machi="14" ten="20,8000,1" yaku="21,2,0,1,7,1,53,1" doraHai="46" doraHaiUra="56" who="1" fromWho="1" sc="386,-20,93,90,206,-20,305,-40" owari="366,46.0,183,-32.0,186,-21.0,265,7.0" /></mjloggm>