<mjloggm ver="2.3"><GO type="169" lobby="0"/><UN n0="%74%6F%69%74%6F%69%34" n1="%E3%81%A4%E3%81%B0%E3%81%AB%E3%82%83%E3%82%93%E2%98%85" n2="%E7%A5%9E%E5%91%AA%E9%AD%94%E5%A5%B3" n3="%61%6B%69%62%61%62%61%6E" dan="16,16,16,17" rate="2108.89,2090.53,2204.13,2176.16" sx="F,M,F,M"/><TAIKYOKU oya="0"/><INIT seed="0,0,0,5,3,30" ten="250,250,250,250" oya="0" hai0="50,13,60,84,125,110,128,33,14,62,70,107,72" hai1="78,135,90,26,16,4,22,56,15,3,65,54,122" hai2="83,40,109,36,115,49,76,129,92,108,53,114,68" hai3="38,9,123,81,29,111,2,1,45,66,0,27,11"/><T44/><D72/><U8/><E122/><V21/><F68/><W7/><G123/><T73/><D73/><U19/><E135/><V100/><F21/><W94/><G111/><N who="2" m="42569" /><F36/><W87/><G94/><T132/><D110/><U74/><E65/><V116/><F40/><W126/><G126/><T103/><D70/><U86/><E74/><N who="2" m="43415" /><F49/><W133/><G133/><T69/><D107/><U99/><E78/><V52/><F129/><W67/><G38/><T127/><D69/><U104/><E104/><V79/><F79/><W42/><G45/><T85/><D128/><U118/><E99/><N who="2" m="59495" /><F116/><W23/><G42/><T48/><D132/><U119/><E3/><V98/><F98/><W55/><G55/><AGARI ba="0,0" hai="52,53,55,114,115" m="59495,43415,42569" machi="55" ten="30,2000,0" yaku="14,1,54,1" doraHai="30" who="2" fromWho="3" sc="250,0,250,0,250,20,250,-20" /><INIT seed="1,0,0,2,4,9" ten="250,250,270,230" oya="1" hai0="75,80,20,73,102,99,64,70,15,129,77,119,67" hai1="114,85,111,5,88,82,2,48,0,91,44,35,32" hai2="56,29,46,104,97,87,26,59,83,108,34,134,94" hai3="98,120,3,72,37,69,135,90,21,31,76,7,63"/><U42/><E114/><V41/><F104/><W125/><G120/><T38/><D119/><U50/><E5/><V55/><F108/><W66/><G125/><T51/><D38/><U127/><E127/><V43/><F134/><W16/><G37/><T79/><D129/><U93/><E111/><V27/><F27/><W118/><G135/><T89/><D89/><U45/><E35/><V86/><F59/><W81/><G118/><T110/><D110/><U107/><E107/><V13/><F46/><W53/><G31/><T23/><D51/><U14/><E32/><V19/><F41/><W39/><G39/><T33/><D33/><U68/><E68/><V18/><F18/><W4/><G3/><T132/><D132/><U95/><E82/><V22/><F43/><W106/><G53/><T78/><D70/><U10/><E48/><V57/><F57/><W28/><G28/><T49/><D49/><U25/><E25/><V117/><F117/><W6/><G90/><T124/><D124/><U100/><E100/><V8/><F34/><W113/><G113/><T54/><D79/><U12/><E45/><V103/><F83/><W130/><G130/><T36/><D36/><U61/><E61/><AGARI ba="0,0" hai="8,13,19,22,26,29,55,56,61,86,87,94,97,103" machi="61" ten="30,3900,0" yaku="7,1,8,1,52,1" doraHai="9" who="2" fromWho="1" sc="250,0,250,-39,270,39,230,0" /><INIT seed="2,0,0,5,2,131" ten="250,211,309,230" oya="2" hai0="118,88,37,109,92,69,100,66,36,86,62,61,35" hai1="48,17,90,55,112,127,74,20,98,72,85,7,45" hai2="120,3,81,79,54,40,71,87,51,133,73,47,80" hai3="58,78,119,130,111,46,13,106,56,75,43,89,68"/><V70/><F3/><W1/><G119/><T96/><D118/><U30/><E112/><V65/><F120/><W25/><G1/><T8/><D109/><U28/><E127/><V114/><F114/><W121/><G121/><T5/><D62/><U67/><E74/><V103/><F103/><W59/><G130/><T26/><D8/><U105/><E72/><V102/><F102/><W18/><G106/><T21/><D5/><U94/><E105/><V57/><F65/><W82/><G68/><T32/><D32/><U129/><E7/><V124/><F124/><W97/><G25/><T101/><D101/><U113/><E67/><V93/><F93/><W126/><G111/><T24/><D24/><U15/><E113/><V29/><F29/><W0/><G0/><T128/><D128/><U42/><E129/><V27/><F27/><W41/><G126/><T2/><D2/><U33/><E33/><V6/><F6/><W83/><G46/><T122/><D122/><U49/><REACH who="1" step="1"/><E98/><REACH who="1" ten="250,201,309,230" step="2"/><V91/><REACH who="2" step="1"/><F133/><REACH who="2" ten="250,201,299,230" step="2"/><W52/><G97/><T44/><D35/><U63/><E63/><AGARI ba="0,2" hai="40,47,51,54,57,63,70,71,73,79,80,81,87,91" machi="63" ten="30,11600,0" yaku="1,1,2,1,7,1,53,1" doraHai="131" doraHaiUra="104" who="2" fromWho="1" sc="250,0,201,-116,299,136,230,0" /><INIT seed="2,1,0,1,1,94" ten="250,85,435,230" oya="2" hai0="53,108,68,48,7,82,22,62,78,2,86,88,12" hai1="18,79,130,74,102,67,6,120,36,41,3,76,99" hai2="91,44,115,37,129,109,95,123,29,127,47,85,71" hai3="43,114,13,124,60,135,117,59,84,10,131,5,92"/><V90/><F123/><W51/><G117/><T9/><D108/><U0/><E18/><V55/><F115/><W101/><G114/><T134/><D134/><U20/><E67/><V122/><F122/><W50/><G135/><T31/><D68/><U64/><E76/><V4/><F71/><W16/><G131/><T14/><D62/><U121/><E20/><V45/><F127/><W26/><G124/><T104/><D104/><N who="1" m="63583" /><E64/><V8/><F29/><W133/><G133/><T70/><D70/><U65/><E65/><V125/><F109/><W34/><G43/><T57/><D31/><U96/><E96/><V72/><F129/><W23/><G34/><T27/><D27/><U33/><E33/><V32/><F32/><W116/><G116/><T132/><D132/><U73/><E130/><V21/><F72/><N who="1" m="27753" /><E79/><V38/><F21/><W80/><G92/><T110/><D110/><U46/><E0/><V17/><F17/><W40/><G101/><T28/><D28/><U63/><E63/><V87/><F55/><N who="3" m="33919" /><G40/><T100/><D100/><U54/><E54/><V83/><F125/><W118/><G118/><T56/><D22/><U93/><E93/><V35/><F35/><W112/><G112/><T77/><D57/><U126/><E126/><V69/><F69/><W24/><G24/><T1/><D1/><U30/><E30/><V49/><F49/><W89/><AGARI ba="1,0" hai="5,10,13,16,23,26,50,51,80,84,89" m="33919" machi="89" ten="30,2000,0" yaku="8,1,54,1" doraHai="94" who="3" fromWho="3" sc="250,-6,85,-6,435,-11,230,23" /><INIT seed="3,0,0,3,4,111" ten="244,79,424,253" oya="3" hai0="14,104,57,51,33,126,92,133,66,122,13,3,61" hai1="39,94,26,113,67,20,118,80,108,6,82,132,75" hai2="99,88,50,56,41,21,91,72,44,85,96,129,120" hai3="48,78,23,97,54,130,90,40,86,0,119,29,10"/><W45/><G119/><T83/><D122/><U12/><E39/><V79/><F120/><W15/><G130/><T87/><D104/><U127/><E113/><V134/><F134/><W2/><G97/><T34/><D3/><U64/><E132/><V37/><F129/><W121/><G121/><T101/><D133/><U74/><E108/><V100/><F72/><W17/><G78/><T117/><D117/><U69/><E127/><V135/><F135/><W77/><G77/><T63/><D126/><U65/><E69/><V4/><F4/><W30/><G40/><T32/><D51/><U62/><E62/><V18/><F99/><W123/><G123/><T53/><D92/><U52/><E94/><N who="2" m="58391" /><F37/><W38/><G38/><T9/><D101/><U70/><E70/><V84/><F56/><W106/><G106/><T89/><REACH who="0" step="1"/><D9/><REACH who="0" ten="234,79,424,253" step="2"/><U105/><E105/><V114/><F50/><W115/><G115/><T27/><D27/><U36/><E36/><V109/><F114/><W28/><REACH who="3" step="1"/><G10/><REACH who="3" ten="234,79,424,243" step="2"/><T58/><AGARI ba="0,2" hai="13,14,32,33,34,53,57,58,61,63,66,83,87,89" machi="58" ten="40,8000,1" yaku="1,1,0,1,53,2" doraHai="111" doraHaiUra="55" who="0" fromWho="0" sc="234,100,79,-20,424,-20,243,-40" /><INIT seed="4,0,0,4,1,59" ten="334,59,404,203" oya="0" hai0="34,33,127,119,25,40,28,103,65,9,120,117,54" hai1="111,101,100,116,39,2,42,10,73,105,104,108,62" hai2="45,27,115,97,85,15,102,79,8,98,0,14,92" hai3="94,96,52,36,110,133,17,74,134,16,69,129,44"/><T19/><D120/><U6/><E116/><N who="0" m="44617" /><D65/><U122/><E122/><V81/><F115/><W21/><G110/><T118/><N who="0" m="44625" /><T77/><DORA hai="78" /><D40/><U12/><E12/><V4/><F45/><W93/><G74/><T90/><D54/><U43/><E73/><V35/><F35/><N who="0" m="13322" /><D90/><U124/><E10/><V57/><F27/><W60/><G94/><T87/><D87/><U106/><E6/><V89/><REACH who="2" step="1"/><F57/><REACH who="2" ten="334,59,394,203" step="2"/><W32/><G32/><T47/><D47/><U22/><E22/><V58/><F58/><N who="3" m="34887" /><G69/><T66/><D25/><U126/><E2/><V61/><F61/><W55/><G44/><T18/><D9/><U13/><E13/><V86/><F86/><W63/><G63/><T113/><D113/><U23/><E23/><V51/><F51/><W50/><G21/><T109/><D109/><N who="1" m="42059" /><E62/><V114/><F114/><W107/><G50/><T38/><D66/><U132/><E39/><V70/><F70/><W80/><G36/><T49/><D49/><U24/><E24/><V11/><F11/><W64/><G64/><T56/><D56/><U130/><E42/><V5/><F5/><W26/><G26/><T131/><D38/><U91/><E43/><V41/><F41/><W31/><G55/><T48/><D48/><U125/><E125/><V30/><F30/><W88/><G31/><T83/><D28/><U3/><E126/><V82/><F82/><W37/><G80/><T7/><D7/><U123/><E124/><V84/><F84/><W20/><G20/><T75/><D127/><U67/><E123/><V112/><F112/><W72/><G37/><RYUUKYOKU ba="0,1" sc="334,-10,59,-10,394,30,203,-10" hai2="0,4,8,14,15,79,81,85,89,92,97,98,102" /><INIT seed="5,1,1,2,2,45" ten="324,49,424,193" oya="1" hai0="7,122,103,17,104,101,20,62,77,87,58,59,52" hai1="24,57,12,132,124,118,112,130,23,36,38,75,127" hai2="123,120,73,37,109,70,10,4,51,31,128,121,28" hai3="84,83,40,108,89,60,134,6,35,9,86,22,94"/><U11/><E118/><V78/><F37/><W8/><G108/><T33/><D33/><U131/><E75/><V29/><F109/><W85/><G35/><T100/><D7/><N who="1" m="3199" /><E112/><V119/><F119/><W97/><G134/><T64/><D122/><U27/><E57/><V126/><F70/><W50/><G60/><T25/><D104/><U71/><E71/><V21/><F78/><W39/><G39/><N who="1" m="14890" /><E27/><V32/><F73/><W93/><G93/><T67/><D59/><U47/><E47/><V95/><F95/><W30/><G83/><AGARI ba="1,1" hai="17,20,25,52,58,62,64,67,77,83,87,100,101,103" machi="83" ten="40,2600,0" yaku="8,1,54,1" doraHai="45" who="0" fromWho="3" sc="324,39,49,0,424,0,193,-29" /><INIT seed="6,0,0,5,0,1" ten="363,49,424,164" oya="2" hai0="106,98,23,93,74,18,123,85,25,114,32,94,49" hai1="13,36,118,105,70,104,135,63,111,51,45,64,69" hai2="35,65,28,56,11,83,132,12,15,127,37,89,50" hai3="7,52,43,60,8,113,73,126,44,27,95,2,17"/><V5/><F37/><W10/><G73/><T107/><D123/><U57/><E135/><V67/><F132/><W54/><G126/><T110/><D110/><U80/><E111/><V42/><F127/><W61/><G113/><T46/><D74/><U103/><E118/><V108/><F108/><W97/><G60/><T79/><D114/><U0/><E0/><V33/><F33/><W58/><G54/><T4/><D32/><U76/><E70/><V71/><F71/><W40/><G44/><T16/><D106/><U115/><E103/><V68/><F68/><W53/><G53/><T84/><D107/><U77/><E77/><V41/><F28/><W55/><G55/><T72/><D72/><U120/><E36/><V21/><F35/><W130/><G130/><T128/><D128/><U87/><E69/><V133/><F133/><W117/><G117/><T90/><D79/><U19/><E120/><V129/><F129/><W24/><G24/><T14/><D94/><U86/><E86/><N who="2" m="50399" /><F42/><W39/><G39/><T6/><D85/><U26/><E26/><V38/><F38/><W82/><G82/><T9/><D84/><U59/><E59/><V91/><F91/><N who="3" m="55551" /><G8/><T96/><D96/><U66/><E66/><V100/><F100/><W112/><G112/><T99/><D99/><U62/><E62/><V47/><F56/><W92/><G92/><T34/><D34/><U88/><E76/><V122/><F122/><W48/><G48/><T3/><D3/><U109/><E109/><V81/><F81/><W30/><G30/><T116/><D116/><U124/><E124/><RYUUKYOKU ba="0,0" sc="363,10,49,-30,424,10,164,10" hai0="4,6,9,14,16,18,23,25,46,49,90,93,98" hai2="5,11,12,15,21,41,47,50,65,67" hai3="2,7,10,17,27,40,43,52,58,61" /><INIT seed="6,1,0,5,2,102" ten="373,19,434,174" oya="2" hai0="99,64,84,60,107,52,87,77,73,85,28,0,119" hai1="36,81,22,33,91,123,13,20,56,50,65,38,49" hai2="113,98,70,23,117,32,8,128,131,29,115,103,63" hai3="43,21,40,31,17,69,130,16,78,25,37,82,72"/><V134/><F117/><W9/><G130/><N who="2" m="49705" /><F134/><W108/><G108/><T83/><D0/><U71/><E33/><V129/><N who="2" m="49713" /><V19/><DORA hai="35" /><F8/><W46/><G69/><T58/><D119/><U4/><E71/><V67/><F29/><W125/><G125/><T106/><D28/><U57/><E65/><V104/><F32/><W27/><G43/><T62/><REACH who="0" step="1"/><D99/><REACH who="0" ten="363,19,434,174" step="2"/><U110/><E110/><V14/><AGARI ba="1,1" hai="14,19,23,63,67,70,98,103,104,113,115" m="49713" machi="14" ten="40,3900,0" yaku="19,1,52,1" doraHai="102,35" who="2" fromWho="2" sc="363,-14,19,-14,434,52,174,-14" /><INIT seed="6,2,0,3,1,98" ten="349,5,486,160" oya="2" hai0="118,115,55,40,129,103,54,39,30,81,78,69,59" hai1="125,89,114,11,124,135,62,122,72,73,127,45,16" hai2="5,71,99,82,108,80,47,22,121,34,76,105,66" hai3="123,13,0,36,41,111,95,109,117,51,32,64,134"/><V8/><F34/><W101/><G0/><T48/><D69/><U131/><E62/><V4/><F121/><W70/><G36/><T10/><D115/><U61/><E61/><V2/><F4/><W1/><G1/><T18/><D129/><U87/><E114/><V93/><F105/><W57/><G123/><T33/><D118/><U60/><E60/><V38/><F82/><W7/><G70/><T68/><D68/><U116/><E116/><V110/><F66/><W28/><G64/><T133/><D133/><U92/><E122/><V130/><F22/><W9/><G134/><T77/><D55/><U128/><E45/><V19/><F19/><W79/><G79/><T42/><D78/><U94/><E11/><V113/><F130/><N who="1" m="49705" /><E16/><V56/><F56/><W23/><G32/><T102/><D33/><U126/><N who="1" m="31744" /><DORA hai="49" /><U75/><E135/><V96/><F71/><W58/><G117/><T15/><D30/><U112/><E112/><V6/><F113/><W84/><G57/><T74/><REACH who="0" step="1"/><D39/><REACH who="0" ten="339,5,486,160" step="2"/><U50/><E50/><V44/><F38/><W67/><G28/><T27/><D27/><U14/><E14/><V120/><F120/><W119/><G13/><T90/><D90/><U132/><E132/><V35/><F2/><W53/><G119/><T65/><D65/><U97/><E72/><V31/><F31/><W3/><G67/><T24/><D24/><U86/><E86/><V100/><F35/><W46/><G84/><T25/><D25/><U106/><E106/><V37/><F37/><W26/><G3/><T104/><D104/><U21/><E21/><RYUUKYOKU ba="2,1" sc="339,15,5,15,486,-15,160,-15" hai0="10,15,18,40,42,48,54,59,74,77,81,102,103" hai1="73,75,87,89,92,94,97" /><INIT seed="7,3,1,1,0,60" ten="354,20,471,145" oya="3" hai0="90,31,79,19,59,122,65,68,55,134,83,14,13" hai1="6,57,9,30,70,42,32,96,40,91,123,100,11" hai2="101,74,71,124,72,120,0,109,12,73,118,2,21" hai3="33,50,38,78,25,15,27,18,126,1,97,104,64"/><W20/><G38/><T89/><D122/><U3/><E123/><V98/><F120/><W116/><G1/><T102/><D134/><U69/><E42/><V87/><F118/><W4/><G116/><T62/><D102/><U110/><E91/><V22/><F109/><W7/><G126/><T111/><D31/><U105/><E110/><V45/><F71/><W51/><G78/><T67/><D14/><U43/><E43/><V129/><F129/><W93/><G104/><T88/><D68/><U54/><E54/><V114/><F114/><W95/><G33/><T23/><REACH who="0" step="1"/><D111/><REACH who="0" ten="344,20,471,145" step="2"/><U119/><E57/><V131/><F12/><W82/><G15/><T37/><D37/><U26/><E119/><V115/><F0/><W77/><G27/><T125/><D125/><U49/><E49/><V81/><F2/><W39/><G39/><T84/><AGARI ba="3,2" hai="13,19,23,55,59,62,65,67,79,83,84,88,89,90" machi="84" ten="30,12000,2" yaku="1,1,0,1,8,1,52,2,54,1,53,0" doraHai="60" doraHaiUra="47" who="0" fromWho="0" sc="344,149,20,-33,471,-33,145,-63" owari="493,59.0,-13,-51.0,438,24.0,82,-32.0" /></mjloggm>