<mjloggm ver="2.3"><GO type="225" lobby="0"/><UN n0="%E5%85%88%E7%89%A9%E3%81%AF%74%72%61%73%68" n1="%E5%8D%A0%E3%81%84%E5%B8%AB%E8%A3%8F%E3%81%AA%E3%81%84%E3%81%97" n2="%E6%97%A5%E6%9B%9C%E6%97%A5%E3%82%88%E3%82%8A%E3%81%AE%E4%BD%BF%E8%80%85" n3="%E8%97%81%E3%83%AF%E3%83%A9%E7%AC%91%77%72%77%72" dan="17,16,16,17" rate="2252.41,2194.55,2088.98,2239.09" sx="M,M,M,M"/><TAIKYOKU oya="0"/><INIT seed="0,0,0,5,5,105" ten="250,250,250,250" oya="0" hai0="67,1,44,107,133,8,47,53,115,101,117,64,104" hai1="37,66,103,111,2,99,126,118,97,113,92,55,116" hai2="94,16,130,10,34,13,102,20,49,134,119,88,85" hai3="43,57,108,95,3,28,83,131,106,60,29,100,48"/><T41/><D117/><U35/><E35/><V80/><F119/><W132/><G106/><T110/><D115/><U52/><E113/><V21/><F130/><W30/><G3/><T109/><D1/><U89/><E2/><V40/><F34/><W124/><G131/><T22/><D22/><U4/><E111/><N who="0" m="42505" /><D8/><U51/><E126/><V122/><F134/><W63/><G124/><T24/><D24/><U74/><E37/><V76/><F102/><W59/><G132/><T78/><D133/><U68/><E4/><V75/><REACH who="2" step="1"/><F122/><REACH who="2" ten="250,250,240,250" step="2"/><W18/><G100/><T27/><D101/><U135/><E103/><V120/><F120/><W39/><G108/><T114/><D104/><U123/><E123/><V23/><F23/><W121/><G121/><T84/><D107/><U69/><E135/><V15/><F15/><W58/><G30/><T17/><D114/><U54/><E116/><V31/><F31/><W5/><G29/><T45/><D27/><U72/><E118/><V50/><F50/><W19/><G48/><T81/><D41/><U70/><E51/><V26/><F26/><W125/><G43/><T0/><D0/><U98/><REACH who="1" step="1"/><E66/><REACH who="1" ten="250,240,240,250" step="2"/><V25/><F25/><W86/><G125/><T11/><D64/><U82/><E82/><V62/><F62/><W14/><G83/><T46/><D67/><U77/><E77/><V56/><F56/><W6/><G28/><T129/><D129/><U71/><N who="1" m="17408" /><DORA hai="96" /><U12/><E12/><V32/><F32/><W38/><G63/><T9/><D53/><U36/><E36/><V7/><F7/><W42/><G6/><RYUUKYOKU ba="0,2" sc="250,-15,240,15,240,15,250,-15" hai1="52,54,55,72,74,89,92,97,98,99" hai2="10,13,16,20,21,40,49,75,76,80,85,88,94" /><INIT seed="1,1,2,5,5,130" ten="235,255,255,235" oya="1" hai0="22,118,96,27,31,79,3,2,92,81,103,45,6" hai1="94,32,72,0,74,15,110,62,52,49,33,63,105" hai2="100,108,9,11,125,128,60,93,132,47,51,29,73" hai3="40,95,76,83,122,53,120,68,20,99,46,17,87"/><U12/><E105/><V123/><F73/><W78/><G68/><T84/><D118/><U114/><E114/><V77/><F123/><W24/><G53/><T41/><REACH who="0" step="1"/><D6/><REACH who="0" ten="225,255,255,235" step="2"/><U35/><E110/><V71/><F108/><W88/><REACH who="3" step="1"/><G76/><REACH who="3" ten="225,255,255,225" step="2"/><T126/><D126/><U23/><E33/><V133/><F77/><W7/><G7/><T112/><D112/><U14/><E32/><V135/><F125/><W26/><G26/><T58/><D58/><U104/><E35/><V80/><F128/><W44/><G44/><T61/><D61/><U25/><E62/><V127/><F127/><W67/><G67/><T134/><D134/><U97/><E63/><V5/><F60/><W39/><AGARI ba="1,4" hai="17,20,24,39,40,46,78,83,87,88,95,99,120,122" machi="39" ten="20,12000,2" yaku="1,1,0,1,7,1,54,1,53,2" doraHai="130" doraHaiUra="119" who="3" fromWho="3" sc="225,-31,255,-61,255,-31,225,163" /><INIT seed="2,0,0,3,5,0" ten="194,194,224,388" oya="2" hai0="21,14,125,13,92,126,50,101,98,63,131,11,102" hai1="97,113,81,23,27,47,111,31,87,74,72,7,35" hai2="99,128,104,54,36,119,46,26,110,96,75,34,12" hai3="40,112,45,107,6,30,5,85,80,70,28,62,8"/><V53/><F119/><W49/><G107/><T9/><D131/><U44/><E113/><V32/><F75/><W29/><G112/><T25/><D101/><U39/><E111/><V130/><F12/><N who="0" m="4714" /><D50/><U64/><E35/><N who="2" m="13355" /><F26/><W15/><G70/><T78/><D78/><U37/><E64/><V84/><F84/><W89/><G62/><T48/><D48/><U108/><E108/><V120/><F120/><W19/><AGARI ba="0,0" hai="5,6,8,15,19,28,29,30,40,45,49,80,85,89" machi="19" ten="30,7900,0" yaku="0,1,8,1,52,2" doraHai="0" who="3" fromWho="3" sc="194,-20,194,-20,224,-39,388,79" /><INIT seed="3,0,0,2,2,53" ten="174,174,185,467" oya="3" hai0="69,60,122,107,7,18,36,99,64,4,85,71,105" hai1="2,129,17,6,87,94,110,27,118,66,31,11,126" hai2="47,25,88,90,52,29,106,61,43,86,9,93,32" hai3="103,113,21,72,50,125,79,131,75,57,14,24,16"/><W127/><G113/><T80/><D122/><U63/><E110/><V115/><F115/><W128/><G103/><T49/><D36/><U73/><E73/><N who="3" m="28234" /><G79/><T28/><D71/><U20/><E126/><N who="3" m="48138" /><G14/><T121/><D121/><U12/><E129/><V23/><F106/><W84/><G84/><T77/><D105/><U119/><E87/><V30/><F90/><W65/><G50/><T56/><D107/><U74/><E74/><V15/><F15/><W120/><G120/><T92/><D49/><U48/><E48/><V108/><F88/><W62/><AGARI ba="0,0" hai="16,21,24,57,62,65,128,131" m="48138,28234" machi="62" ten="40,7800,0" yaku="18,1,52,1,54,1" doraHai="53" who="3" fromWho="3" sc="174,-26,174,-26,185,-26,467,78" owari="148,-25.0,148,-35.0,159,-4.0,545,64.0" /></mjloggm>