<mjloggm ver="2.3"><GO type="225" lobby="0"/><UN n0="%E6%AF%9B%E8%8D%92%E3%82%8C%E3%83%BB%E3%82%B9%E3%83%9F%E3%82%B9" n1="%E3%81%B1%E3%83%BC%E3%81%9B%E3%82%93%E3%81%A8%E4%BE%8D" n2="%50%49%58%49" n3="%E7%99%BD%E8%9B%87%E3%81%AE%E3%83%8A%E3%83%BC%E3%82%AC" dan="16,18,16,16" rate="2141.31,2217.74,2134.63,2100.54" sx="F,M,F,M"/><TAIKYOKU oya="0"/><INIT seed="0,0,0,3,3,27" ten="250,250,250,250" oya="0" hai0="17,4,80,37,13,5,45,106,34,28,60,25,126" hai1="72,101,29,86,85,6,43,108,35,100,71,114,3" hai2="122,83,79,113,116,19,115,76,67,130,111,61,104" hai3="88,119,14,81,124,89,134,58,55,49,96,103,48"/><T50/><D126/><U70/><E72/><V118/><F104/><W0/><G124/><T109/><D106/><U54/><E43/><V105/><F105/><W131/><G0/><T121/><D121/><U26/><E108/><V127/><F19/><W12/><G131/><T11/><D109/><U40/><E40/><V51/><F51/><W65/><G134/><T102/><D102/><U123/><E123/><V75/><F127/><W46/><G119/><N who="2" m="45609" /><F122/><W42/><G65/><T52/><D37/><U77/><E54/><V10/><F111/><W73/><G103/><T129/><D129/><U91/><E6/><V82/><F10/><W23/><G23/><T66/><REACH who="0" step="1"/><D80/><REACH who="0" ten="240,250,250,250" step="2"/><U95/><E101/><V117/><F130/><W99/><G81/><T90/><D90/><N who="3" m="34921" /><G73/><T38/><D38/><U39/><E100/><V8/><F117/><W94/><G94/><T9/><D9/><U107/><E39/><V2/><F8/><W21/><G21/><T93/><D93/><U97/><E95/><V69/><F2/><W32/><G32/><T53/><D53/><U135/><E91/><V110/><F110/><W78/><G78/><T7/><D7/><U30/><E107/><V133/><F133/><W57/><G57/><AGARI ba="0,1" hai="4,5,11,13,17,25,28,34,45,50,52,57,60,66" machi="57" ten="30,11600,0" yaku="1,1,7,1,52,1,54,1,53,0" doraHai="27" doraHaiUra="33" who="0" fromWho="3" sc="240,126,250,0,250,0,250,-116" /><INIT seed="0,1,0,0,1,67" ten="366,250,250,134" oya="0" hai0="41,76,5,17,54,52,57,44,80,4,113,114,126" hai1="95,13,98,86,70,11,48,24,91,112,115,131,72" hai2="82,117,18,124,85,73,105,35,40,27,102,132,2" hai3="16,43,128,66,120,103,84,33,69,118,47,58,63"/><T99/><D126/><U59/><E72/><V109/><F124/><W50/><G33/><T22/><D54/><N who="1" m="32199" /><E24/><V55/><F109/><W9/><G118/><T88/><D114/><N who="1" m="43563" /><E131/><V133/><F73/><W46/><G120/><T28/><D28/><U127/><E127/><V100/><F2/><W25/><G128/><T30/><D30/><U42/><E42/><V106/><F40/><W38/><G103/><N who="2" m="39465" /><F55/><W90/><G69/><T29/><D29/><U110/><E110/><V79/><F35/><W20/><G9/><T60/><D113/><U92/><E70/><V107/><F27/><W75/><G75/><T89/><D76/><U129/><E129/><V23/><F23/><W0/><G0/><T34/><D34/><U6/><E95/><V119/><F18/><W37/><REACH who="3" step="1"/><G47/><REACH who="3" ten="366,250,250,124" step="2"/><T123/><D123/><U51/><E51/><V45/><F45/><W97/><G97/><AGARI ba="1,1" hai="6,11,13,86,91,92,97,98" m="43563,32199" machi="97" ten="30,1000,0" yaku="11,1" doraHai="67" who="1" fromWho="3" sc="366,0,250,23,250,0,124,-13" /><INIT seed="1,0,0,1,0,94" ten="366,273,250,111" oya="1" hai0="44,134,85,88,105,10,84,17,14,12,4,82,58" hai1="5,48,25,69,16,135,60,102,119,106,9,109,11" hai2="132,95,113,78,22,90,107,37,18,101,89,0,96" hai3="52,112,74,38,97,91,92,45,68,50,32,8,123"/><U124/><E119/><V49/><F132/><W24/><G112/><T104/><D134/><U115/><E115/><V129/><F37/><W39/><G123/><T93/><D44/><U127/><E135/><V118/><F113/><W73/><G68/><T61/><D14/><U36/><E36/><V83/><F118/><W20/><G32/><T27/><D27/><U34/><E48/><V117/><F117/><W33/><G33/><T42/><D42/><U79/><E79/><V130/><F0/><W103/><G8/><T1/><D1/><U59/><E69/><V26/><F49/><W51/><G51/><T110/><D110/><U65/><E109/><V41/><F41/><W133/><G133/><T31/><D31/><U70/><E59/><V64/><F64/><W30/><REACH who="3" step="1"/><G103/><REACH who="3" ten="366,273,250,101" step="2"/><T47/><D10/><U6/><E11/><V99/><REACH who="2" step="1"/><F90/><REACH who="2" ten="366,273,240,101" step="2"/><W111/><G111/><T43/><D88/><U122/><E122/><V72/><AGARI ba="0,2" hai="18,22,26,72,78,83,89,95,96,99,101,107,129,130" machi="72" ten="30,8000,1" yaku="1,1,2,1,0,1,52,2,53,0" doraHai="94" doraHaiUra="56" who="2" fromWho="2" sc="366,-20,273,-40,240,100,101,-20" /><INIT seed="2,0,0,3,1,35" ten="346,233,340,81" oya="2" hai0="129,32,110,3,18,75,6,125,88,7,132,69,81" hai1="49,82,114,13,38,22,84,121,55,85,2,93,30" hai2="26,83,134,100,79,62,44,124,76,33,8,23,51" hai3="11,12,42,133,131,74,128,19,58,97,45,15,65"/><V96/><F124/><W9/><G74/><T60/><D32/><U99/><E2/><V52/><F134/><W106/><G133/><T31/><D132/><U87/><E38/><V54/><F33/><W91/><G58/><T104/><D31/><U61/><E61/><V126/><F126/><W98/><G65/><T47/><D104/><U72/><E114/><V53/><F8/><W16/><G91/><T127/><D7/><U41/><E41/><V120/><F120/><W56/><G56/><T48/><D110/><U107/><E107/><V50/><F62/><W130/><REACH who="3" step="1"/><G106/><REACH who="3" ten="346,233,340,71" step="2"/><T10/><D88/><N who="1" m="55719" /><E72/><V4/><F79/><W105/><G105/><T1/><D75/><U94/><E121/><V46/><F76/><W135/><G135/><T117/><D127/><U57/><E84/><V123/><F123/><W27/><G27/><T73/><D73/><U77/><E85/><V40/><F83/><W89/><G89/><T95/><D81/><U29/><E94/><V119/><F119/><W34/><G34/><T115/><D95/><U111/><E111/><V108/><F108/><W101/><G101/><T78/><D125/><U80/><E80/><V39/><F100/><W5/><G5/><T67/><D117/><U116/><E116/><V118/><F118/><W86/><G86/><T63/><D6/><U71/><E87/><V113/><F4/><W70/><G70/><T17/><D69/><U122/><E71/><V59/><F96/><W102/><G102/><T20/><D67/><U103/><E103/><V0/><F26/><W112/><G112/><T24/><D115/><RYUUKYOKU ba="0,1" sc="346,-10,233,-10,340,-10,71,30" hai3="9,11,12,15,16,19,42,45,97,98,128,130,131" /><INIT seed="3,1,1,5,3,134" ten="336,223,330,101" oya="3" hai0="7,60,1,61,126,15,129,49,68,135,81,33,100" hai1="9,73,57,14,79,24,17,52,114,40,72,12,2" hai2="25,95,43,10,35,111,97,124,116,29,112,120,84" hai3="69,30,42,86,74,132,59,128,131,109,98,20,94"/><W119/><G69/><T83/><D126/><U76/><E2/><V93/><F116/><W90/><G74/><T113/><D1/><U87/><E114/><V37/><F112/><W47/><G119/><T56/><D113/><U4/><E40/><V102/><F124/><W101/><G132/><T118/><D118/><U65/><E65/><V39/><F111/><W31/><G109/><T21/><D33/><U122/><E122/><V115/><F115/><W45/><G45/><T18/><D135/><U0/><E0/><V117/><F117/><W80/><G59/><T8/><D129/><U50/><E24/><V28/><F28/><W104/><G20/><T110/><D110/><U53/><E87/><V82/><F120/><W63/><G63/><N who="0" m="24139" /><D100/><U91/><E91/><V127/><F127/><W88/><G131/><T54/><D68/><U71/><E53/><V121/><F121/><W92/><G128/><T23/><D7/><U70/><E76/><V16/><F93/><W107/><G107/><T44/><D56/><U130/><E130/><V41/><F39/><W85/><REACH who="3" step="1"/><G104/><REACH who="3" ten="336,223,330,91" step="2"/><T34/><D34/><U32/><E32/><V36/><F35/><W106/><G106/><T77/><D21/><N who="1" m="11431" /><E72/><V99/><F10/><W11/><G11/><T62/><D62/><U46/><E57/><V64/><F64/><W105/><G105/><T89/><D8/><U108/><E108/><V6/><F36/><AGARI ba="1,2" hai="30,31,36,42,47,80,85,86,88,90,92,94,98,101" machi="36" ten="30,5800,0" yaku="1,1,7,1,54,1,53,0" doraHai="134" doraHaiUra="123" who="3" fromWho="2" sc="336,0,223,0,330,-61,91,81" /><INIT seed="3,2,0,0,1,130" ten="336,223,269,172" oya="3" hai0="65,35,115,134,46,83,20,133,58,6,66,38,51" hai1="28,55,68,132,71,125,23,102,109,80,85,27,122" hai2="19,48,53,7,124,84,90,41,44,12,135,14,5" hai3="107,104,16,24,9,113,108,100,57,116,87,45,103"/><W37/><G116/><T131/><D35/><U21/><E109/><V49/><F124/><W76/><G113/><T82/><D131/><U61/><E122/><V42/><F135/><N who="0" m="51722" /><D115/><U111/><E111/><V62/><F62/><W0/><G108/><T77/><D6/><N who="2" m="2058" /><F49/><W34/><G0/><T30/><D38/><U26/><E102/><V112/><F112/><W106/><G57/><T1/><D1/><U120/><E125/><V89/><F89/><W67/><G67/><N who="0" m="25611" /><D58/><U43/><E120/><V123/><F123/><W127/><G127/><T119/><D119/><U101/><E132/><V54/><F54/><W78/><G34/><T15/><D77/><U128/><E128/><V2/><F2/><W10/><G107/><T99/><D99/><U50/><E71/><V52/><F53/><W4/><G4/><T33/><D33/><U81/><E55/><V72/><F72/><W105/><G78/><T92/><D92/><U74/><E74/><V118/><F118/><W32/><G32/><T56/><D56/><U88/><E68/><V69/><F69/><W93/><G9/><T70/><D70/><U3/><E3/><V126/><F126/><W22/><G10/><T63/><D63/><U98/><E61/><V13/><F19/><W36/><G36/><T8/><D8/><U25/><E98/><V47/><F47/><W117/><G117/><T73/><D73/><U121/><E121/><V91/><F84/><W59/><G59/><T96/><D96/><U129/><E85/><V79/><F79/><W75/><G75/><T60/><D60/><U11/><E129/><RYUUKYOKU ba="2,0" sc="336,-10,223,-10,269,30,172,-10" hai2="12,13,14,41,42,44,48,52,90,91" owari="326,43.0,213,-19.0,299,10.0,162,-34.0" /></mjloggm>