<mjloggm ver="2.3"><GO type="169" lobby="0"/><UN n0="%E3%81%92%E3%82%93%E3%81%BE%E3%81%84" n1="%E9%9B%A3%E6%94%BB%E4%B8%8D%E8%90%BD%E3%81%AE%E9%89%84%E9%A8%8E%E5%85%B5" n2="%73%69%6E%73%69%73%74" n3="%E3%83%8F%E3%82%AC%E3%82%BF%E3%82%AB%E3%81%AE%E3%81%88%E3%81%98%E3%81%8D" dan="16,16,16,17" rate="2134.02,2114.28,2093.99,2189.43" sx="M,M,M,M"/><TAIKYOKU oya="0"/><INIT seed="0,0,0,5,4,80" ten="250,250,250,250" oya="0" hai0="102,62,19,88,75,129,5,117,111,72,68,12,130" hai1="108,1,40,124,13,89,43,99,57,6,127,10,113" hai2="100,37,21,36,39,101,61,92,86,46,105,67,26" hai3="110,38,112,97,27,95,131,9,90,65,32,69,98"/><T103/><D117/><U52/><E108/><V91/><F105/><W119/><G38/><T96/><D5/><U42/><E113/><V84/><F46/><W94/><G112/><T115/><D115/><U83/><E1/><V33/><F33/><W17/><G119/><T116/><D116/><U29/><E29/><V4/><F4/><W71/><G131/><N who="0" m="50187" /><D111/><U60/><REACH who="1" step="1"/><E99/><REACH who="1" ten="250,240,250,250" step="2"/><V54/><F101/><W8/><G110/><T81/><D103/><U11/><E11/><V47/><F100/><W0/><G0/><T23/><D102/><U106/><E106/><V25/><F21/><W20/><G32/><T122/><D122/><U22/><E22/><V73/><F73/><W58/><G8/><T49/><D96/><U56/><E56/><V51/><REACH who="2" step="1"/><F86/><AGARI ba="0,1" hai="6,10,13,40,42,43,52,57,60,83,86,89,124,127" machi="86" ten="40,5200,0" yaku="1,1,52,1,54,1,53,0" doraHai="80" doraHaiUra="45" who="1" fromWho="2" sc="250,0,240,62,250,-52,250,0" /><INIT seed="1,0,0,0,1,21" ten="250,302,198,250" oya="1" hai0="29,55,111,81,116,115,83,47,122,109,87,132,61" hai1="28,97,103,98,131,42,51,73,22,63,135,127,121" hai2="90,64,36,128,38,82,133,15,84,3,126,48,67" hai3="104,102,70,24,75,45,118,99,46,35,56,0,14"/><U108/><E121/><V105/><F3/><W6/><G75/><T37/><D115/><U60/><E73/><V78/><F105/><W13/><G56/><T119/><D37/><U129/><E127/><V43/><F126/><W88/><G0/><T93/><D29/><U50/><E135/><V76/><F128/><N who="1" m="49225" /><E28/><V79/><F133/><W68/><G118/><T27/><D132/><U59/><E22/><V32/><F32/><W49/><G45/><T125/><D125/><U113/><E113/><V89/><F38/><W25/><G35/><T120/><D27/><N who="3" m="10313" /><G104/><T65/><D47/><U66/><E108/><N who="0" m="41545" /><D55/><N who="1" m="33919" /><E42/><V74/><F74/><W10/><G68/><T31/><D31/><U134/><E134/><V130/><F43/><N who="3" m="24799" /><G70/><T17/><D119/><U20/><E20/><V62/><F130/><W8/><G102/><T30/><D116/><U112/><E112/><V92/><F36/><W41/><G41/><T101/><D101/><U77/><E103/><V95/><F48/><N who="1" m="18473" /><E77/><V80/><F78/><W18/><G88/><T16/><D122/><U72/><E72/><V123/><F123/><W19/><G99/><T5/><D120/><U54/><E54/><V71/><F71/><AGARI ba="0,0" hai="63,66,71,97,98" m="18473,33919,49225" machi="71" ten="30,1500,0" yaku="19,1" doraHai="21" who="1" fromWho="2" sc="250,0,302,15,198,-15,250,0" /><INIT seed="1,1,0,4,5,0" ten="250,317,183,250" oya="1" hai0="17,100,34,103,27,1,88,63,44,43,22,105,56" hai1="47,91,55,38,121,72,64,3,127,75,52,61,6" hai2="2,87,102,29,132,89,62,107,86,67,77,108,78" hai3="11,74,124,92,28,83,70,128,65,30,41,71,119"/><U114/><E121/><V98/><F108/><W95/><G41/><T93/><D105/><U82/><E114/><V24/><F2/><W96/><G124/><T36/><D34/><U42/><E127/><V130/><F130/><W18/><G128/><T50/><D36/><U122/><E91/><V37/><F37/><W112/><G112/><T59/><D1/><U21/><E21/><V46/><F46/><W26/><G119/><T8/><D8/><N who="1" m="2143" /><E75/><V94/><F87/><W54/><G54/><T81/><D81/><U19/><E19/><V126/><F132/><W110/><G74/><T135/><D135/><U133/><E122/><V113/><F113/><W58/><G83/><T68/><D68/><N who="1" m="41999" /><E133/><V104/><F104/><W48/><G48/><T9/><D9/><U73/><E73/><V14/><F14/><W125/><G11/><T7/><D7/><U129/><E129/><V99/><F86/><W85/><G18/><T118/><D118/><U101/><E101/><V39/><F39/><W33/><G85/><N who="0" m="52367" /><D59/><U20/><E20/><V111/><F126/><W12/><G58/><T80/><D80/><U53/><E53/><AGARI ba="1,0" hai="17,22,27,43,44,50,53,56,63,100,103" m="52367" machi="53" ten="30,2000,0" yaku="8,1,54,1" doraHai="0" who="0" fromWho="1" sc="250,23,317,-23,183,0,250,0" /><INIT seed="2,0,0,3,3,48" ten="273,294,183,250" oya="2" hai0="36,63,19,104,49,89,70,112,52,1,59,90,69" hai1="96,3,57,87,39,40,53,100,98,5,134,16,47" hai2="23,78,71,127,85,111,31,8,6,35,54,82,95" hai3="0,79,68,51,42,84,62,129,107,114,99,37,108"/><V28/><F127/><W133/><G84/><T75/><D112/><U12/><E134/><V13/><F71/><W102/><G51/><T41/><D104/><U122/><E122/><V130/><F130/><W4/><G79/><T116/><D75/><U126/><E126/><V65/><F65/><W83/><G83/><T113/><D113/><U131/><E131/><V77/><F35/><W11/><G114/><T103/><D103/><U67/><E67/><V128/><F128/><W50/><G50/><T44/><D116/><U120/><E120/><V38/><F38/><W18/><G18/><T106/><D106/><U66/><E66/><V91/><F111/><W86/><G86/><T2/><D19/><U20/><E100/><V97/><F78/><W27/><G27/><T74/><D74/><U26/><E3/><N who="0" m="1033" /><D69/><U43/><E43/><V45/><F23/><W30/><G129/><T124/><D124/><U119/><E119/><V46/><REACH who="2" step="1"/><F54/><REACH who="2" ten="273,294,173,250" step="2"/><W55/><G55/><T64/><AGARI ba="0,1" hai="36,41,44,49,52,59,63,64,70,89,90" m="1033" machi="64" ten="30,4000,0" yaku="24,1,52,1,54,1" doraHai="48" who="0" fromWho="0" sc="273,50,294,-10,173,-20,250,-10" /><INIT seed="3,0,0,2,2,84" ten="323,284,153,240" oya="3" hai0="101,40,41,120,12,42,1,124,100,67,0,125,31" hai1="68,79,24,73,95,9,76,82,11,98,21,113,39" hai2="49,15,20,115,117,64,107,131,128,129,118,61,45" hai3="58,71,133,106,6,33,2,88,29,51,4,72,16"/><W7/><G72/><T53/><D120/><U109/><E109/><V48/><F15/><W54/><G71/><T60/><D31/><U105/><E113/><V81/><F20/><W34/><G106/><T52/><D12/><U18/><E79/><V92/><F81/><W62/><G2/><N who="0" m="1131" /><D67/><U55/><E39/><V47/><F92/><W69/><G133/><T19/><D19/><U50/><E68/><N who="2" m="41999" /><F107/><W93/><G29/><T74/><D74/><U56/><REACH who="1" step="1"/><E105/><REACH who="1" ten="323,274,153,240" step="2"/><V5/><F115/><W70/><G70/><T77/><D77/><U89/><AGARI ba="0,1" hai="9,11,18,21,24,50,55,56,73,76,82,89,95,98" machi="89" ten="20,8000,1" yaku="1,1,2,1,0,1,7,1,52,1,53,0" doraHai="84" doraHaiUra="135" who="1" fromWho="1" sc="323,-20,274,90,153,-20,240,-40" /><INIT seed="4,0,0,3,5,6" ten="303,364,133,200" oya="0" hai0="87,94,27,107,22,25,14,37,135,80,5,121,95" hai1="133,42,130,122,66,48,102,113,93,88,55,117,105" hai2="21,86,34,8,127,89,51,100,23,101,120,112,98" hai3="110,53,19,50,17,36,114,11,3,49,30,2,63"/><T26/><D121/><U83/><E117/><V129/><F120/><W58/><G110/><T44/><D107/><U13/><E122/><V0/><F34/><W7/><G114/><T134/><D37/><U106/><E130/><V67/><F112/><W62/><G36/><T82/><D44/><U81/><E133/><N who="0" m="50697" /><D82/><U109/><E109/><V104/><F129/><W72/><G72/><T35/><D35/><U15/><E66/><V97/><F67/><W12/><G30/><T57/><D57/><U16/><E15/><V60/><F60/><W124/><G124/><T91/><D22/><U10/><E42/><V29/><F51/><W125/><G125/><T47/><D47/><U118/><E118/><V65/><F65/><W45/><G2/><T20/><D20/><U85/><E113/><V54/><F127/><W108/><G108/><T92/><D80/><U64/><E64/><V28/><F54/><N who="3" m="29999" /><G3/><T38/><D38/><U1/><E1/><V90/><F0/><W43/><G43/><T46/><D46/><N who="1" m="28055" /><E83/><V70/><F104/><W119/><G119/><T128/><D128/><U111/><E111/><V99/><F70/><W77/><G77/><T33/><D33/><U116/><E116/><V39/><F39/><W69/><G69/><T52/><D52/><U59/><E59/><V68/><F68/><W132/><G132/><T126/><D126/><U18/><E18/><AGARI ba="0,0" hai="7,11,12,17,18,19,50,53,58,62,63" m="29999" machi="18" ten="30,2000,0" yaku="8,1,52,1" doraHai="6" who="3" fromWho="1" sc="303,0,364,-20,133,0,200,20" /><INIT seed="5,0,0,1,4,41" ten="303,344,133,220" oya="1" hai0="124,57,103,93,33,51,91,3,102,50,13,15,31" hai1="104,131,108,6,66,87,5,62,69,24,76,129,115" hai2="127,55,59,7,16,27,113,21,45,118,116,114,96" hai3="42,94,72,109,85,60,120,61,135,10,17,46,84"/><U43/><E104/><V78/><F127/><W58/><G109/><T56/><D3/><U28/><E115/><N who="2" m="44043" /><F78/><W90/><G72/><T54/><D124/><U83/><E43/><V98/><F7/><W63/><G135/><T9/><D33/><U26/><E108/><V71/><F71/><W70/><G70/><T40/><D31/><U97/><E97/><N who="2" m="37483" /><F59/><W106/><G106/><T67/><D13/><U80/><E80/><V79/><F79/><W14/><G120/><T48/><D67/><U25/><REACH who="1" step="1"/><E28/><REACH who="1" ten="303,334,133,220" step="2"/><V121/><F121/><W20/><G85/><T18/><D40/><U29/><E29/><V37/><F37/><W117/><G117/><T126/><D126/><U0/><E0/><V133/><F133/><W34/><G34/><T101/><D54/><U49/><E49/><AGARI ba="0,1" hai="16,21,27,45,49,55,116,118" m="37483,44043" machi="49" ten="30,7700,0" yaku="15,1,11,1,52,1,54,1" doraHai="41" who="2" fromWho="1" sc="303,0,334,-77,133,87,220,0" /><INIT seed="6,0,0,5,3,11" ten="303,257,220,220" oya="2" hai0="108,29,37,44,65,67,110,82,91,84,122,135,95" hai1="54,93,73,83,77,56,127,9,125,59,55,118,113" hai2="75,61,121,27,8,24,21,35,115,130,34,72,50" hai3="119,63,1,13,2,41,89,7,46,112,105,76,17"/><V62/><F121/><W69/><G105/><T102/><D122/><U87/><E113/><V51/><F8/><W16/><G119/><T10/><D135/><U39/><E39/><V14/><F21/><W30/><G30/><T48/><D37/><U47/><E47/><V68/><F68/><W79/><G112/><T70/><D29/><U36/><E36/><V18/><F115/><W74/><G69/><T20/><D20/><U45/><E45/><V19/><REACH who="2" step="1"/><F130/><REACH who="2" ten="303,257,210,220" step="2"/><W132/><G132/><T107/><D70/><U0/><E9/><V94/><F94/><W26/><G1/><T133/><D10/><U116/><E0/><V66/><F66/><W101/><G2/><T32/><D67/><U128/><E128/><V90/><F90/><W97/><G89/><T28/><D65/><U85/><E93/><V123/><F123/><W131/><G7/><T3/><D95/><U5/><E5/><V52/><F52/><W60/><G131/><T12/><D3/><U96/><E55/><V22/><F22/><W78/><G41/><T124/><D91/><U111/><E54/><V86/><F86/><W42/><G74/><T80/><D84/><U106/><E87/><V104/><F104/><W103/><G97/><T81/><D107/><U100/><E73/><V40/><F40/><W126/><G42/><T33/><D33/><U98/><E98/><V129/><F129/><W57/><G103/><T134/><D32/><U99/><E99/><V6/><F6/><W64/><G101/><T38/><D134/><U15/><E96/><V58/><F58/><W71/><G57/><RYUUKYOKU ba="0,1" sc="303,-10,257,-10,210,30,220,-10" hai2="14,18,19,24,27,34,35,50,51,61,62,72,75" /><INIT seed="6,1,1,1,5,46" ten="293,247,240,210" oya="2" hai0="39,32,96,10,134,78,110,44,49,111,98,61,59" hai1="113,7,73,104,55,56,15,115,26,19,120,74,50" hai2="52,130,76,99,62,22,84,13,8,114,102,29,47" hai3="106,131,72,81,125,88,67,3,1,31,66,100,118"/><V112/><F130/><W86/><G118/><T65/><D39/><U75/><E104/><V68/><F68/><W109/><G109/><T42/><D32/><U101/><E101/><V9/><F76/><W95/><G131/><T90/><D134/><U30/><E7/><V103/><F84/><W12/><G31/><T4/><D78/><U124/><E124/><V79/><F79/><N who="3" m="44263" /><G12/><T129/><D129/><U119/><E119/><V5/><F8/><W117/><G117/><T91/><D98/><U97/><E97/><V57/><F47/><W82/><G82/><T27/><D27/><U14/><E120/><V25/><REACH who="2" step="1"/><F103/><REACH who="2" ten="293,247,230,210" step="2"/><W85/><G85/><T41/><D96/><U70/><E70/><V123/><F123/><W108/><G100/><T2/><D111/><U45/><E45/><V35/><F35/><W38/><G108/><T132/><D110/><U128/><E128/><V24/><F24/><W33/><G33/><T11/><D11/><U122/><E122/><V121/><F121/><W71/><G71/><T133/><D133/><U87/><E87/><V21/><F21/><W17/><G86/><T40/><REACH who="0" step="1"/><D132/><REACH who="0" ten="283,247,230,210" step="2"/><U34/><REACH who="1" step="1"/><E15/><REACH who="1" ten="283,237,230,210" step="2"/><V43/><F43/><AGARI ba="1,4" hai="2,4,10,40,41,42,43,44,49,59,61,65,90,91" machi="43" ten="40,8000,1" yaku="1,1,2,1,52,1,53,1" doraHai="46" doraHaiUra="0" who="0" fromWho="2" sc="283,123,237,0,230,-83,210,0" /><INIT seed="7,0,0,0,4,20" ten="406,237,147,210" oya="3" hai0="124,100,56,59,54,127,77,90,118,37,52,33,25" hai1="109,41,11,17,114,75,104,67,5,64,71,65,14" hai2="47,57,123,66,105,19,126,32,53,10,18,111,16" hai3="87,80,102,49,26,130,24,92,84,108,8,55,60"/><W29/><G130/><T98/><D118/><U103/><E109/><V44/><F111/><W113/><G108/><T12/><D37/><U79/><E41/><V76/><F105/><W107/><G107/><T42/><D42/><U45/><E45/><V134/><F134/><W83/><G29/><N who="0" m="19631" /><D77/><U99/><E114/><V86/><F123/><W116/><G113/><T94/><D12/><U27/><E79/><V129/><F129/><W110/><G60/><T131/><D131/><U35/><E75/><V46/><F32/><W36/><G36/><T15/><D15/><U128/><E128/><V121/><F121/><W78/><G8/><T1/><D1/><U112/><E112/><V117/><F117/><W0/><G0/><T119/><D100/><U106/><E106/><V4/><F66/><W69/><G69/><T74/><D74/><U85/><E85/><V31/><F31/><W88/><G110/><T28/><D28/><N who="1" m="19871" /><E5/><V82/><F126/><N who="0" m="48170" /><D119/><U23/><E11/><V96/><F96/><N who="3" m="59655" /><G116/><T50/><D54/><U120/><E120/><V73/><F73/><W21/><G21/><T51/><D51/><U125/><E125/><V30/><F30/><W132/><G132/><T22/><D22/><U3/><E3/><V38/><F38/><W58/><AGARI ba="0,0" hai="24,26,49,55,58,78,80,83,84,87,88" m="59655" machi="58" ten="30,11700,0" yaku="8,1,52,2,54,1" doraHai="20" who="3" fromWho="3" sc="406,-39,237,-39,147,-39,210,117" /><INIT seed="7,1,0,5,3,86" ten="367,198,108,327" oya="3" hai0="60,115,25,134,44,88,35,17,32,63,97,10,69" hai1="116,14,128,62,28,110,127,40,117,66,125,52,99" hai2="33,94,78,107,133,105,16,9,67,21,79,4,100" hai3="93,113,95,13,64,102,0,7,58,118,91,59,24"/><W47/><G0/><T120/><D120/><U31/><E99/><V108/><F108/><W80/><G113/><T19/><D115/><U57/><E14/><V89/><F33/><W132/><G132/><T34/><D134/><U85/><E85/><V74/><F133/><W1/><G1/><T75/><D75/><U90/><E90/><V42/><F67/><W26/><G47/><T76/><D76/><U70/><E31/><V124/><F124/><N who="1" m="47689" /><E28/><V65/><F65/><W121/><G64/><T27/><D44/><U30/><E30/><V50/><F100/><W77/><G121/><T3/><D63/><N who="1" m="40287" /><E110/><V56/><F105/><W12/><G77/><T8/><D60/><U101/><E101/><V81/><F107/><W104/><G80/><T22/><D69/><U92/><E92/><V49/><F42/><W55/><G91/><T135/><D3/><U2/><E2/><V87/><F79/><W109/><G7/><T68/><D68/><U45/><E128/><V106/><F106/><W129/><G129/><T126/><D135/><U119/><E119/><V122/><F122/><W71/><G118/><T84/><D97/><U53/><E53/><V15/><REACH who="2" step="1"/><F56/><REACH who="2" ten="367,198,98,327" step="2"/><W23/><G58/><T96/><D126/><U112/><E112/><V6/><F6/><W51/><G104/><T5/><D5/><U131/><E131/><V38/><F38/><AGARI ba="1,1" hai="38,40,45,52,57,62,116,117" m="40287,47689" machi="38" ten="30,7700,0" yaku="18,1,34,2,54,1" doraHai="86" who="1" fromWho="2" sc="367,0,198,90,98,-80,327,0" owari="367,46.0,288,-11.0,18,-48.0,327,13.0" /></mjloggm>