<mjloggm ver="2.3"><GO type="169" lobby="0"/><UN n0="%E3%83%94%E3%83%B3%E3%82%B5%E3%83%AD%E5%BA%97%E5%93%A1" n1="%E6%84%9B%E3%81%A8%E6%AD%A3%E7%BE%A9" n2="%E6%89%8B%E6%89%93%E3%81%A1%E3%81%8D%E3%81%97%E3%82%81%E3%82%93" n3="%E3%83%90%E3%83%AA%E3%83%88%E3%83%B3" dan="17,18,18,16" rate="2256.38,2205.82,2220.84,2192.18" sx="M,F,M,M"/><TAIKYOKU oya="0"/><INIT seed="0,0,0,1,5,20" ten="250,250,250,250" oya="0" hai0="93,100,15,126,46,29,114,39,128,52,50,84,33" hai1="16,56,44,119,94,96,73,27,90,99,106,40,61" hai2="31,68,86,123,125,51,109,43,112,81,103,122,82" hai3="45,95,113,92,110,34,58,132,4,25,49,65,35"/><T72/><D72/><U22/><E119/><V87/><F68/><W83/><G113/><T79/><D114/><U41/><E73/><V2/><F31/><W0/><G110/><T6/><D128/><U91/><E44/><V53/><F112/><W3/><G132/><T71/><D126/><U120/><E120/><V10/><F103/><W30/><G34/><T108/><D71/><U54/><E91/><V23/><F23/><W62/><G83/><T85/><D108/><U5/><E5/><V42/><F109/><W21/><G35/><T60/><D39/><U130/><E130/><V64/><F64/><W77/><G77/><T118/><D118/><U48/><E48/><V63/><F63/><W37/><G37/><T104/><D104/><U55/><E55/><V24/><F51/><W69/><G69/><T19/><D6/><U115/><E115/><V18/><F53/><W127/><G127/><T8/><D60/><U116/><E116/><V1/><F125/><W101/><G4/><T13/><D13/><U12/><E12/><V75/><F75/><W98/><G95/><T124/><D79/><U7/><E7/><V70/><F70/><W135/><G135/><T17/><D17/><U14/><E14/><V131/><F18/><W28/><G30/><T88/><D100/><AGARI ba="0,0" hai="16,22,27,40,41,54,56,61,90,94,96,99,100,106" machi="100" ten="40,8000,1" yaku="25,2,52,1,54,1" doraHai="20" who="1" fromWho="0" sc="250,-80,250,80,250,0,250,0" /><INIT seed="1,0,0,4,4,70" ten="170,330,250,250" oya="1" hai0="22,103,7,77,91,107,28,99,115,78,110,55,122" hai1="89,43,116,42,65,80,126,72,132,36,51,53,111" hai2="3,20,125,73,114,47,69,67,66,112,57,97,123" hai3="8,68,82,38,13,62,30,133,86,71,54,10,58"/><U87/><E116/><V98/><F3/><W121/><G121/><T48/><D115/><U76/><E132/><V102/><F73/><W61/><G133/><T108/><D122/><U119/><E119/><V84/><F69/><W19/><G30/><T120/><D120/><U49/><E126/><V56/><F123/><W75/><G75/><T109/><D7/><U9/><E65/><V93/><F84/><W113/><G113/><T79/><D91/><U96/><E96/><V81/><F81/><W12/><G38/><T134/><D134/><U100/><E100/><V74/><F74/><W135/><G62/><T11/><D11/><U129/><E129/><V2/><F2/><W17/><REACH who="3" step="1"/><G135/><REACH who="3" ten="170,330,250,240" step="2"/><T128/><D128/><U101/><E72/><V25/><F112/><W0/><G0/><T5/><D5/><U1/><E36/><V29/><F114/><W127/><G127/><T52/><REACH who="0" step="1"/><D48/><REACH who="0" ten="160,330,250,240" step="2"/><U85/><E49/><V41/><F125/><W34/><G34/><T14/><D14/><U64/><E51/><V92/><F25/><AGARI ba="0,2" hai="22,25,28,52,55,77,78,79,99,103,107,108,109,110" machi="25" ten="50,6400,0" yaku="1,1,14,1,54,1,53,0" doraHai="70" doraHaiUra="104" who="0" fromWho="2" sc="160,84,330,0,250,-64,240,0" /><INIT seed="2,0,0,0,5,69" ten="244,330,186,240" oya="2" hai0="77,17,96,67,48,19,79,123,43,24,82,54,97" hai1="2,107,7,68,91,42,71,47,1,36,56,41,83" hai2="0,53,132,49,84,106,113,70,102,46,118,18,44" hai3="73,33,26,58,21,12,80,101,50,74,66,23,93"/><V124/><F0/><W103/><G33/><T3/><D3/><U72/><E2/><V105/><F118/><W11/><G74/><T63/><D43/><U9/><E56/><V94/><F70/><W121/><G121/><T122/><D63/><U4/><E4/><V5/><F113/><W130/><G130/><T119/><D67/><U88/><E42/><V95/><F5/><W86/><G73/><T134/><D134/><U37/><E37/><V135/><F124/><W60/><G50/><T28/><D119/><U109/><E107/><V65/><F65/><W32/><G32/><T75/><D77/><N who="1" m="44455" /><E109/><V35/><F35/><W85/><G85/><T78/><D78/><U62/><E71/><V31/><F31/><W117/><G117/><T81/><D81/><U87/><E87/><V13/><F44/><W30/><G23/><T20/><D123/><U15/><E15/><V98/><F105/><W131/><G93/><T89/><D122/><U64/><AGARI ba="0,0" hai="1,7,9,36,41,47,62,64,68,88,91" m="44455" machi="64" ten="30,4000,0" yaku="25,1,52,1,54,1" doraHai="69" who="1" fromWho="1" sc="244,-10,330,40,186,-20,240,-10" /><INIT seed="3,0,0,4,3,13" ten="234,370,166,230" oya="3" hai0="36,64,27,72,42,135,53,132,7,38,74,98,5" hai1="100,41,119,51,4,117,103,35,77,82,99,108,10" hai2="12,26,113,128,124,11,91,94,73,101,25,37,80" hai3="131,57,129,47,86,44,16,106,127,54,118,120,89"/><W75/><G118/><N who="1" m="45066" /><E108/><V43/><F113/><W58/><G75/><N who="0" m="28715" /><D64/><U102/><E35/><V112/><F112/><W92/><G106/><T48/><D98/><U70/><E70/><V85/><F124/><W96/><G127/><T105/><D27/><U8/><E99/><V90/><F128/><N who="3" m="49227" /><G57/><T134/><D42/><U56/><E4/><N who="0" m="1609" /><D105/><U18/><E41/><V0/><F101/><W19/><G120/><T114/><D114/><U111/><E111/><V66/><F66/><W50/><G96/><T59/><AGARI ba="0,0" hai="36,38,48,53,59,132,134,135" m="1609,28715" machi="59" ten="40,1500,0" yaku="20,1" doraHai="13" who="0" fromWho="0" sc="234,15,370,-4,166,-4,230,-7" /><INIT seed="4,0,0,5,4,78" ten="249,366,162,223" oya="0" hai0="37,46,44,39,71,40,88,122,18,53,84,24,85" hai1="22,57,25,127,43,117,107,98,68,13,61,28,106" hai2="105,59,89,92,56,29,34,33,20,116,131,63,134" hai3="100,64,23,2,14,94,76,113,5,133,96,38,118"/><T90/><D122/><U101/><E117/><V8/><F105/><W11/><G118/><T49/><D71/><U77/><E68/><V19/><F116/><W81/><G113/><T128/><D128/><U4/><E77/><V91/><F131/><W16/><G133/><T41/><D24/><U50/><E127/><V15/><F134/><W111/><G111/><T9/><D18/><U55/><E106/><V103/><F34/><W87/><G38/><T108/><D9/><U72/><E72/><V1/><F59/><W35/><G35/><T97/><D108/><U99/><E101/><V12/><F1/><W114/><G114/><T73/><D73/><U109/><E107/><V17/><F33/><W129/><G129/><T36/><D97/><U0/><E0/><V3/><F3/><W47/><G47/><T112/><D112/><U65/><E43/><V6/><F29/><W93/><REACH who="3" step="1"/><G93/><REACH who="3" ten="249,366,162,213" step="2"/><T135/><D135/><U69/><E109/><V119/><F119/><W120/><G120/><T115/><D115/><U104/><E104/><V82/><F92/><W75/><G75/><T121/><D121/><U79/><E79/><V42/><F6/><W126/><G126/><T21/><D36/><U125/><E125/><V83/><F42/><W123/><G123/><T48/><D53/><U27/><E55/><N who="2" m="34207" /><F103/><W58/><G58/><T10/><D10/><U102/><E102/><V60/><F60/><W54/><G54/><T52/><D52/><U26/><E57/><V31/><F31/><W30/><G30/><T67/><D21/><U132/><E132/><V7/><F7/><RYUUKYOKU ba="0,1" sc="249,10,366,-30,162,10,213,10" hai0="37,39,40,41,44,46,48,49,67,84,85,88,90" hai2="8,12,15,17,19,20,82,83,89,91" hai3="2,5,11,14,16,23,64,76,81,87,94,96,100" /><INIT seed="4,1,1,3,5,96" ten="259,336,172,223" oya="0" hai0="2,7,37,39,36,9,62,58,31,81,106,127,17" hai1="22,5,65,120,134,95,82,56,125,91,0,26,61" hai2="34,24,60,55,70,109,71,105,20,111,18,87,119" hai3="124,121,15,88,104,107,100,112,52,129,59,45,54"/><T89/><D127/><U10/><E120/><V19/><F34/><W85/><G112/><T29/><D106/><U101/><E125/><V35/><F35/><W90/><G124/><T67/><REACH who="0" step="1"/><D17/><REACH who="0" ten="249,336,172,223" step="2"/><U131/><E131/><V75/><F105/><W77/><G107/><T126/><D126/><U102/><E134/><V92/><F19/><W83/><G129/><T25/><D25/><U48/><E26/><V74/><F24/><W110/><G121/><T116/><D116/><U117/><E117/><V14/><F119/><W32/><G110/><T1/><D1/><U97/><E0/><V40/><F109/><W118/><G118/><T46/><D46/><U63/><E5/><V72/><F111/><W38/><G15/><T8/><D8/><U12/><E10/><V135/><F135/><W6/><G6/><T57/><D57/><U50/><E56/><V80/><F71/><W64/><G104/><T123/><D123/><U73/><E12/><V33/><F70/><W99/><G59/><T115/><D115/><U3/><E3/><V49/><F14/><W98/><G45/><T108/><D108/><U42/><E73/><V27/><F75/><W47/><G47/><T130/><D130/><U94/><E65/><V76/><F72/><W79/><G64/><T28/><D28/><U133/><E133/><V66/><F66/><W93/><G32/><T23/><D23/><U21/><E21/><V103/><F33/><W16/><G16/><T11/><D11/><U132/><E22/><V68/><F68/><W51/><G38/><T122/><D122/><U69/><E132/><RYUUKYOKU ba="1,2" sc="249,30,336,-10,172,-10,223,-10" hai0="2,7,9,29,31,36,37,39,58,62,67,81,89" /><INIT seed="4,2,2,4,3,40" ten="279,326,162,213" oya="0" hai0="111,52,24,5,121,116,6,34,30,33,79,19,90" hai1="97,36,101,54,1,95,62,86,106,39,107,132,66" hai2="72,91,78,113,69,77,59,129,117,67,29,125,0" hai3="108,14,118,53,58,109,49,4,43,81,51,88,75"/><T71/><D116/><U131/><E1/><V50/><F0/><W102/><G118/><T11/><D121/><U18/><E132/><V94/><F117/><W93/><G102/><T25/><D71/><U44/><E131/><V45/><F69/><W46/><G75/><T122/><D122/><U115/><E18/><V7/><F72/><W84/><REACH who="3" step="1"/><G81/><REACH who="3" ten="279,326,162,203" step="2"/><T35/><D111/><U130/><E101/><V73/><F73/><W87/><G87/><T8/><D79/><U20/><E86/><V48/><F78/><W134/><G134/><T61/><D90/><U16/><E130/><V64/><F77/><W119/><G119/><T76/><D76/><U82/><E82/><V2/><F129/><W127/><G127/><T114/><D114/><U96/><E115/><V74/><F125/><W37/><G37/><T12/><D25/><U38/><E38/><V27/><F74/><W120/><G120/><T60/><D6/><U17/><E39/><V68/><F113/><W99/><G99/><T56/><REACH who="0" step="1"/><D61/><REACH who="0" ten="269,326,162,203" step="2"/><U124/><E62/><V92/><F91/><W65/><G65/><T13/><AGARI ba="2,4" hai="5,8,11,12,13,19,24,30,33,34,35,52,56,60" machi="13" ten="20,12000,1" yaku="1,1,2,1,0,1,7,1,54,1,53,0" doraHai="40" doraHaiUra="42" who="0" fromWho="0" sc="269,166,326,-42,162,-42,203,-42" /><INIT seed="4,3,0,2,0,127" ten="435,284,120,161" oya="0" hai0="77,71,63,9,123,89,78,101,69,2,11,110,30" hai1="68,43,19,73,42,35,32,10,118,64,45,95,26" hai2="1,82,79,133,107,66,80,46,4,52,57,108,47" hai3="62,61,115,131,119,75,37,28,54,99,128,59,53"/><T24/><D123/><U36/><E73/><V51/><F108/><W134/><G119/><T130/><D110/><U135/><E118/><V39/><F107/><W100/><G115/><T125/><D125/><U113/><E135/><V76/><F133/><W13/><G134/><T90/><D101/><U55/><E42/><V25/><F39/><W85/><G75/><T70/><D63/><U65/><E95/><V15/><F1/><W86/><G37/><T5/><D11/><U114/><E55/><V102/><F25/><W72/><G72/><T96/><D130/><N who="3" m="49705" /><G28/><T88/><REACH who="0" step="1"/><D96/><REACH who="0" ten="425,284,120,161" step="2"/><U98/><E98/><V33/><F102/><W41/><G41/><T20/><AGARI ba="3,1" hai="2,5,9,20,24,30,69,70,71,77,78,88,89,90" machi="20" ten="40,12000,1" yaku="1,1,2,1,0,1,54,1,53,0" doraHai="127" doraHaiUra="83" who="0" fromWho="0" sc="425,139,284,-43,120,-43,161,-43" /><INIT seed="4,4,0,5,2,58" ten="564,241,77,118" oya="0" hai0="124,23,123,46,60,54,50,93,31,95,73,69,89" hai1="0,27,108,44,22,115,90,16,41,80,36,52,64" hai2="117,76,103,12,28,111,26,11,74,15,68,67,18" hai3="79,83,40,24,85,13,102,39,100,96,92,126,113"/><T114/><D114/><U122/><E108/><V42/><F111/><W106/><G113/><T17/><D123/><U9/><E122/><V98/><F117/><W21/><G126/><T14/><D124/><U59/><E64/><V129/><F129/><W97/><G13/><T63/><D73/><U6/><E115/><V101/><F42/><W84/><G39/><T62/><D69/><U20/><E20/><V135/><F135/><W55/><G40/><T30/><D95/><U51/><E90/><V91/><F76/><W70/><G70/><T45/><D45/><U105/><E80/><V130/><F74/><W81/><G55/><T127/><D127/><U33/><E105/><V104/><F103/><W66/><G66/><T38/><D38/><U3/><E33/><V94/><F130/><W116/><G21/><T87/><AGARI ba="4,0" hai="14,17,23,30,31,46,50,54,60,62,63,87,89,93" machi="87" ten="30,12000,1" yaku="0,1,8,1,52,3" doraHai="58" who="0" fromWho="0" sc="564,132,241,-44,77,-44,118,-44" /><INIT seed="4,5,0,1,1,48" ten="696,197,33,74" oya="0" hai0="105,66,72,20,89,5,71,61,93,114,119,55,32" hai1="107,16,68,134,78,117,58,132,29,50,8,27,45" hai2="91,101,133,7,102,95,21,34,25,65,46,87,86" hai3="124,3,44,77,63,81,35,54,83,128,76,90,74"/><T70/><D32/><U94/><E117/><V57/><F133/><W59/><G128/><T56/><D119/><U118/><E118/><V97/><F34/><W17/><G124/><T69/><D114/><U12/><E68/><V30/><F7/><W116/><G116/><T19/><D105/><U96/><E107/><V100/><F46/><W75/><G35/><T85/><D72/><U122/><E58/><V127/><F127/><W28/><G28/><T52/><REACH who="0" step="1"/><D5/><REACH who="0" ten="686,197,33,74" step="2"/><U41/><E132/><V126/><F126/><W43/><G3/><T38/><D38/><U125/><E134/><V1/><F1/><W49/><G17/><T33/><D33/><U53/><E125/><V31/><F31/><W120/><REACH who="3" step="1"/><G90/><REACH who="3" ten="686,197,33,64" step="2"/><T15/><AGARI ba="5,2" hai="15,19,20,52,55,56,61,66,69,70,71,85,89,93" machi="15" ten="30,18000,2" yaku="1,1,0,1,52,2,54,1,53,1" doraHai="48" doraHaiUra="80" who="0" fromWho="0" sc="686,215,197,-65,33,-65,64,-65" owari="901,100.0,132,-7.0,-32,-53.0,-1,-40.0" /></mjloggm>