<mjloggm ver="2.3"><GO type="169" lobby="0"/><UN n0="%E9%98%BF%E9%83%A8%E5%AF%9B%EF%BC%A0%E9%B3%B3%E5%8D%93" n1="%43%6F%6D%65%64%69%61%6E" n2="%E4%B8%83%E6%98%9F%E7%90%83" n3="%6F%6B%62%6F%6B%62" dan="16,16,17,16" rate="2037.43,2135.45,2133.88,2017.78" sx="F,M,F,M"/><TAIKYOKU oya="0"/><INIT seed="0,0,0,4,5,0" ten="250,250,250,250" oya="0" hai0="36,108,60,52,4,25,71,103,115,92,100,96,116" hai1="62,93,51,22,72,133,85,56,1,35,77,107,24" hai2="70,102,6,112,131,119,26,53,40,128,39,17,7" hai3="69,73,29,18,38,50,126,58,74,57,135,79,46"/><T45/><D115/><U37/><E107/><V67/><F112/><W88/><G29/><T125/><D116/><U91/><E37/><V65/><F119/><W27/><G69/><T34/><D125/><U98/><E35/><V21/><F102/><W134/><G38/><T84/><D108/><U123/><E123/><V32/><F53/><W86/><G126/><T9/><D84/><U19/><E133/><N who="3" m="50698" /><G27/><T122/><D122/><U5/><E72/><N who="3" m="27754" /><G79/><T63/><D71/><U89/><E77/><V114/><F114/><W105/><G105/><T66/><D25/><U97/><E51/><V30/><F40/><N who="3" m="24903" /><G18/><T109/><D36/><U28/><E28/><V3/><F39/><W104/><G104/><T113/><D113/><U127/><E127/><V55/><F55/><W42/><G42/><T94/><D34/><U111/><E111/><V76/><F76/><W10/><G10/><T80/><D9/><U61/><E97/><V14/><F70/><W41/><G41/><T106/><D106/><U82/><E1/><V59/><F59/><W117/><G117/><T16/><D16/><U44/><E44/><V95/><F95/><AGARI ba="0,0" hai="57,58,86,88,95" m="24903,27754,50698" machi="95" ten="30,2000,0" yaku="20,1,54,1" doraHai="0" who="3" fromWho="2" sc="250,0,250,0,250,-20,250,20" /><INIT seed="1,0,0,3,0,3" ten="250,250,230,270" oya="1" hai0="44,62,52,121,122,69,113,134,16,109,1,11,85" hai1="129,12,79,64,53,57,25,35,127,111,118,50,104" hai2="115,21,82,42,71,51,114,43,101,125,72,112,48" hai3="81,97,110,49,59,4,22,126,9,66,54,93,23"/><U46/><E118/><V131/><F71/><W37/><G110/><T45/><D113/><U88/><E129/><V117/><F117/><W8/><G37/><T19/><D109/><U38/><E127/><V92/><F131/><W76/><G66/><N who="0" m="41175" /><D134/><U84/><E104/><V95/><F125/><W15/><G8/><T41/><D41/><U34/><E111/><V36/><F21/><W130/><G130/><T10/><D85/><U73/><E73/><V61/><F61/><W14/><G14/><N who="0" m="7263" /><D52/><U80/><E25/><V74/><F101/><W7/><G126/><T68/><D68/><U27/><E27/><V0/><F0/><W65/><G65/><T56/><D56/><U6/><E79/><V33/><F33/><W26/><G26/><T133/><D133/><U107/><E107/><V77/><F72/><W28/><G28/><T55/><D55/><U103/><E103/><V119/><F119/><W58/><G58/><T90/><D90/><U60/><REACH who="1" step="1"/><E38/><REACH who="1" ten="250,240,230,270" step="2"/><V98/><F36/><W106/><G106/><T135/><D135/><U75/><E75/><V123/><F74/><W67/><G67/><T86/><D121/><U100/><E100/><V105/><F123/><W83/><G76/><T99/><D122/><U89/><E89/><V2/><F105/><W128/><G128/><T120/><D120/><U91/><E91/><V132/><F132/><W30/><G30/><T13/><D86/><U87/><E87/><V116/><F116/><W24/><G24/><T70/><D99/><U78/><E78/><V94/><F98/><W5/><G97/><T20/><D70/><RYUUKYOKU ba="0,1" sc="250,15,240,15,230,-15,270,-15" hai0="1,10,13,19,20,44,45" hai1="6,12,34,35,46,50,53,57,60,64,80,84,88" /><INIT seed="1,1,1,3,2,15" ten="265,255,215,255" oya="1" hai0="4,100,110,37,17,44,67,105,74,46,134,42,127" hai1="126,129,40,2,80,117,38,47,75,131,83,82,33" hai2="98,16,48,18,30,52,69,118,34,59,68,87,111" hai3="55,91,113,108,133,1,20,12,10,101,26,135,71"/><U109/><E117/><V96/><F118/><W5/><G71/><T31/><D74/><U36/><E33/><V88/><F69/><W86/><G101/><T65/><D110/><U24/><E109/><V53/><F68/><W7/><G108/><T45/><D127/><U57/><E126/><V21/><F111/><W78/><G78/><T25/><D134/><N who="3" m="51209" /><G55/><T58/><D67/><U128/><E2/><V102/><F34/><W29/><G86/><T106/><D65/><U63/><E24/><N who="2" m="16655" /><F102/><W62/><G62/><T114/><D100/><U112/><E112/><V60/><F96/><W61/><G61/><T39/><D25/><U73/><REACH who="1" step="1"/><E38/><REACH who="1" ten="265,245,215,255" step="2"/><V120/><F120/><W41/><G113/><T76/><D37/><U3/><E3/><V27/><F27/><W116/><G116/><T56/><D39/><U81/><N who="1" m="20480" /><DORA hai="85" /><U35/><E35/><V122/><F122/><W89/><G1/><T132/><D132/><U0/><E0/><V124/><F124/><W84/><G84/><T79/><D79/><U23/><E23/><V66/><F87/><W8/><G12/><T22/><D76/><U123/><E123/><V32/><F32/><W130/><G8/><T103/><D114/><U107/><E107/><V9/><F9/><W43/><G10/><T97/><D106/><U104/><E104/><V11/><F11/><W119/><G119/><T94/><D105/><U77/><E77/><V50/><F50/><W28/><G20/><T99/><D22/><U115/><E115/><V90/><F48/><W64/><G26/><T125/><D125/><U70/><E70/><RYUUKYOKU ba="1,2" sc="265,-10,245,30,215,-10,255,-10" hai1="36,40,47,57,63,73,75,128,129,131" /><INIT seed="1,2,2,3,3,17" ten="255,275,205,245" oya="1" hai0="41,42,74,33,24,3,79,64,48,124,9,46,78" hai1="22,97,51,112,62,84,65,80,134,16,121,7,14" hai2="29,66,68,0,30,126,47,87,133,99,119,128,39" hai3="71,56,15,118,111,31,63,104,100,83,37,86,90"/><U53/><E112/><V109/><F87/><W96/><G111/><T52/><D124/><U5/><E121/><V77/><F77/><W50/><G118/><T98/><D64/><U130/><E130/><V95/><F95/><W45/><G37/><T135/><D135/><U120/><E120/><V40/><F99/><W103/><G100/><T32/><D98/><U10/><E134/><V36/><F0/><W11/><G71/><T28/><D33/><U38/><E38/><V115/><F30/><W23/><G31/><T92/><D92/><U67/><E97/><V93/><F93/><W49/><G45/><T70/><D70/><U88/><E62/><V73/><F73/><W113/><G113/><T60/><D60/><U19/><E19/><V117/><F29/><W116/><G23/><T61/><D61/><U101/><E101/><V81/><F115/><W105/><G105/><T6/><REACH who="0" step="1"/><D79/><REACH who="0" ten="245,275,205,245" step="2"/><U125/><E125/><V132/><F126/><W114/><G114/><T1/><D1/><U110/><E110/><V85/><F109/><W131/><G131/><T2/><D2/><U25/><REACH who="1" step="1"/><E7/><REACH who="1" ten="245,265,205,245" step="2"/><V91/><F128/><W106/><G106/><T12/><D12/><U59/><AGARI ba="2,4" hai="5,10,14,16,22,25,51,53,59,65,67,80,84,88" machi="59" ten="20,24000,3" yaku="1,1,2,1,0,1,7,1,8,1,52,1,54,2,53,0" doraHai="17" doraHaiUra="94" who="1" fromWho="1" sc="245,-82,265,286,205,-82,245,-82" /><INIT seed="1,3,0,4,4,87" ten="163,551,123,163" oya="1" hai0="99,56,85,89,9,105,76,97,10,125,131,128,65" hai1="123,63,30,32,96,122,15,19,5,25,50,26,135" hai2="134,41,45,84,11,37,75,82,102,21,113,133,36" hai3="81,4,70,115,43,106,34,83,130,129,66,40,67"/><U80/><E135/><N who="2" m="51723" /><F75/><W112/><G4/><T103/><D125/><U73/><E5/><V2/><F113/><W29/><G29/><T33/><D33/><U46/><E26/><V69/><F69/><W39/><G70/><T48/><D97/><U93/><E63/><V117/><F117/><W64/><G106/><T78/><D65/><U98/><E80/><N who="3" m="30794" /><G34/><T132/><D132/><U61/><E61/><V100/><F21/><W27/><G27/><T60/><D60/><U119/><E119/><V116/><F116/><W52/><G52/><N who="0" m="31751" /><D78/><U68/><E68/><V55/><F37/><W95/><G39/><T91/><D76/><U88/><E98/><V62/><F2/><W71/><G95/><N who="0" m="54703" /><D91/><U57/><E57/><N who="2" m="35135" /><F11/><W14/><G71/><T121/><D121/><U31/><E31/><V79/><AGARI ba="3,0" hai="36,41,45,79,82,84,100,102" m="35135,51723" machi="79" ten="30,1100,0" yaku="20,1" doraHai="87" who="2" fromWho="2" sc="163,-6,551,-8,123,20,163,-6" /><INIT seed="2,0,0,3,3,83" ten="157,543,143,157" oya="2" hai0="32,13,5,117,101,71,19,14,114,87,24,7,129" hai1="73,122,74,97,11,30,64,105,50,126,18,51,41" hai2="70,58,104,39,9,75,127,42,106,56,78,54,62" hai3="110,119,45,34,115,35,67,81,82,84,25,21,99"/><V107/><F127/><W98/><G119/><T88/><D114/><U16/><E122/><V91/><F70/><W123/><G123/><T120/><D120/><U36/><E126/><V124/><F124/><W102/><G115/><T46/><D117/><U43/><E64/><V29/><F29/><W125/><G125/><T92/><D129/><U68/><E68/><V108/><F78/><W93/><G67/><T15/><D71/><U23/><E36/><V38/><F75/><W20/><G110/><T65/><D65/><U76/><E30/><V134/><F134/><W79/><G20/><N who="0" m="13343" /><D32/><U8/><E97/><V90/><F108/><W4/><G4/><N who="0" m="1611" /><D46/><U33/><E23/><V59/><F39/><W31/><G45/><T48/><D48/><U57/><E57/><V116/><F116/><W52/><G52/><T3/><D3/><U133/><E105/><V121/><F121/><W80/><G98/><N who="0" m="59591" /><D13/><U1/><E1/><V118/><F118/><W61/><G61/><T94/><AGARI ba="0,0" hai="14,15,87,88,94" m="59591,1611,13343" machi="94" ten="30,4000,0" yaku="8,1,52,1,54,1" doraHai="83" who="0" fromWho="0" sc="157,40,543,-10,143,-20,157,-10" /><INIT seed="3,0,0,5,0,46" ten="197,533,123,147" oya="3" hai0="78,42,133,25,131,88,119,15,6,51,87,84,129" hai1="1,96,48,29,112,126,79,123,7,45,20,111,128" hai2="5,31,39,110,12,9,86,98,75,57,115,40,100" hai3="127,94,69,130,17,16,121,61,64,3,41,30,63"/><W50/><G121/><T4/><D119/><U114/><E123/><V35/><F110/><W0/><G130/><T106/><D106/><U76/><E111/><V107/><F115/><W60/><G127/><T132/><D78/><U62/><E128/><N who="0" m="49225" /><D25/><U21/><E126/><V22/><F75/><W102/><G69/><T34/><D34/><U28/><E7/><N who="0" m="2601" /><D15/><U95/><E1/><V104/><F35/><W92/><G64/><T93/><D87/><U91/><E62/><V38/><F86/><W134/><G134/><T73/><D73/><U67/><E67/><V33/><F33/><W124/><G124/><T24/><D24/><U32/><E32/><V113/><F107/><W85/><G30/><N who="1" m="11882" /><E114/><V90/><F113/><W66/><G66/><T59/><D59/><U27/><E112/><V54/><F31/><W52/><G41/><T68/><D68/><U8/><E8/><V109/><F40/><W43/><G43/><T53/><D53/><N who="1" m="29839" /><E27/><V18/><F109/><W81/><G0/><T116/><D116/><U23/><AGARI ba="0,0" hai="20,21,23,76,79,91,95,96" m="29839,11882" machi="23" ten="30,2000,0" yaku="8,1,52,1" doraHai="46" who="1" fromWho="1" sc="197,-5,533,20,123,-5,147,-10" /><INIT seed="4,0,0,5,5,53" ten="192,553,118,137" oya="0" hai0="72,55,114,87,67,6,135,133,110,22,94,63,31" hai1="3,73,36,58,122,76,111,39,96,103,125,91,101" hai2="33,0,32,109,105,13,34,57,100,93,92,82,117" hai3="11,52,102,79,106,68,16,64,65,74,51,24,120"/><T130/><D72/><U131/><E3/><V89/><F109/><W75/><G120/><T123/><D123/><U8/><E122/><V9/><F0/><W88/><G106/><T69/><D110/><U15/><E111/><V60/><F117/><W4/><G102/><T19/><D114/><U132/><E132/><V38/><F38/><W127/><G127/><T66/><D130/><U107/><E103/><V124/><F124/><W71/><G75/><T1/><D31/><U118/><E118/><V99/><F82/><W28/><G79/><T50/><D67/><U43/><E43/><V108/><F89/><W37/><G37/><T44/><D6/><U70/><E70/><V129/><F129/><W80/><G74/><T27/><REACH who="0" step="1"/><D1/><REACH who="0" ten="182,553,118,137" step="2"/><U29/><E131/><V23/><F108/><W18/><G68/><T2/><D2/><U48/><E73/><V81/><F34/><W49/><G71/><T62/><D62/><U84/><E125/><V85/><F33/><W59/><G4/><T40/><D40/><U97/><E36/><V86/><F32/><W83/><G49/><T126/><D126/><U54/><E39/><V77/><F23/><N who="3" m="15391" /><G11/><T20/><D20/><U113/><E8/><V134/><F134/><W41/><G41/><T56/><D56/><U90/><E58/><V98/><F9/><W47/><G59/><T61/><D61/><U10/><E10/><V25/><F60/><W112/><G112/><T26/><D26/><U14/><E48/><V115/><F25/><W45/><G45/><T121/><D121/><U17/><E113/><V119/><F115/><RYUUKYOKU ba="0,1" sc="182,30,553,-10,118,-10,137,-10" hai0="19,22,27,44,50,55,63,66,69,87,94,133,135" /><INIT seed="4,1,1,4,1,108" ten="212,543,108,127" oya="0" hai0="58,30,38,12,4,123,88,49,131,51,53,44,129" hai1="118,77,120,84,75,19,52,103,87,1,24,125,37" hai2="47,35,78,50,40,25,16,7,15,29,70,102,130" hai3="93,9,46,99,55,62,14,107,90,126,74,121,122"/><T89/><D38/><U18/><E118/><V66/><F130/><N who="0" m="49674" /><D30/><U0/><E37/><V119/><F78/><W27/><G126/><T68/><D68/><U39/><E39/><V6/><F102/><W76/><G107/><T127/><D123/><N who="3" m="47113" /><G27/><T134/><D134/><U67/><E67/><V26/><F119/><W69/><G46/><T91/><D127/><U100/><E75/><V23/><REACH who="2" step="1"/><F26/><REACH who="2" ten="212,543,98,127" step="2"/><W92/><G76/><T113/><D91/><U10/><E24/><V96/><F96/><N who="3" m="57367" /><G74/><T104/><D89/><U60/><E77/><V112/><F112/><W109/><G109/><T2/><D113/><U85/><E103/><V81/><F81/><W48/><G99/><T64/><D88/><U95/><E100/><V41/><F41/><W82/><G93/><T56/><D104/><U11/><E95/><V22/><F22/><W94/><G94/><T115/><D115/><U33/><E125/><V32/><F32/><W128/><G82/><T61/><D2/><U106/><E33/><V17/><F17/><N who="3" m="8399" /><G128/><T5/><D12/><U28/><E1/><V59/><F59/><N who="3" m="33255" /><G69/><T13/><D13/><U72/><E0/><V110/><F110/><W8/><G8/><T114/><D114/><U34/><E11/><V3/><F3/><W36/><G36/><T97/><D97/><U135/><E10/><V98/><F98/><W54/><G54/><AGARI ba="1,2" hai="4,5,44,49,51,53,54,56,58,61,64" m="49674" machi="54" ten="30,1500,0" yaku="19,1" doraHai="108" who="0" fromWho="3" sc="212,38,543,0,98,0,127,-18" /><INIT seed="4,2,0,1,4,25" ten="250,543,98,109" oya="0" hai0="57,124,60,117,11,84,56,95,90,72,70,103,67" hai1="36,73,41,42,120,74,43,53,89,102,13,19,113" hai2="115,132,8,55,46,26,86,107,81,127,104,61,80" hai3="16,33,123,77,0,39,54,87,96,4,30,15,28"/><T128/><D117/><U27/><E120/><V14/><F115/><W21/><G39/><T105/><D124/><U17/><E102/><V3/><F127/><W106/><G123/><T131/><D72/><U94/><E36/><V101/><F132/><W83/><G33/><T37/><D37/><U122/><E122/><V34/><F3/><W9/><REACH who="3" step="1"/><G54/><REACH who="3" ten="250,543,98,99" step="2"/><T63/><D128/><U24/><E53/><V109/><F109/><W76/><G76/><T62/><D131/><U10/><E113/><V32/><F32/><W116/><G116/><T110/><D110/><U31/><E74/><V49/><F101/><AGARI ba="2,1" hai="0,4,9,15,16,21,28,30,77,83,87,96,101,106" machi="101" ten="40,8000,1" yaku="1,1,52,2,54,1,53,0" doraHai="25" doraHaiUra="88" who="3" fromWho="2" sc="250,0,543,0,98,-86,99,96" /><INIT seed="5,0,0,2,4,128" ten="250,543,12,195" oya="1" hai0="98,73,37,70,20,53,130,101,18,77,24,52,6" hai1="1,68,2,116,65,90,28,88,122,58,85,35,30" hai2="47,80,84,110,103,99,97,60,69,32,76,36,87" hai3="0,45,41,82,3,115,74,64,31,129,26,57,93"/><U7/><E116/><V113/><F110/><W83/><G129/><T105/><D130/><U22/><E68/><V104/><F32/><W34/><G115/><T71/><D37/><U10/><E2/><V131/><F131/><W118/><G118/><T94/><D6/><U112/><E122/><V39/><F113/><W51/><G93/><T134/><D134/><U50/><E35/><V49/><F69/><W132/><G132/><T5/><D5/><U120/><E120/><V66/><F87/><W127/><G127/><T102/><D71/><U14/><E112/><V21/><F21/><W109/><G109/><T8/><D70/><U75/><E75/><V96/><F60/><W16/><G16/><T59/><D8/><U79/><E1/><V95/><F66/><W107/><G107/><T12/><D24/><N who="1" m="16407" /><E30/><V91/><REACH who="2" step="1"/><F97/><REACH who="2" ten="250,543,2,195" step="2"/><W119/><G74/><T42/><D98/><U29/><E65/><V63/><F63/><W133/><G119/><T40/><D20/><U78/><E29/><V111/><F111/><W23/><G133/><T106/><D73/><U126/><E126/><V124/><F124/><W17/><G34/><T62/><D62/><U114/><E114/><V4/><F4/><W125/><G64/><T67/><D67/><U61/><E61/><V81/><F81/><W100/><G125/><T43/><D18/><U25/><E85/><V54/><AGARI ba="0,1" hai="36,39,47,49,54,76,80,84,91,95,96,99,103,104" machi="54" ten="20,5200,0" yaku="1,1,0,1,7,1,53,1" doraHai="128" doraHaiUra="44" who="2" fromWho="2" sc="250,-13,543,-26,2,62,195,-13" /><INIT seed="6,0,0,3,1,110" ten="237,517,64,182" oya="2" hai0="32,24,81,25,20,67,37,89,131,107,133,70,124" hai1="33,75,118,73,18,26,94,90,119,8,97,30,117" hai2="129,53,19,114,0,17,46,35,2,121,7,12,5" hai3="113,34,95,21,16,77,40,6,128,10,52,108,43"/><V87/><F121/><W126/><G34/><T4/><D107/><U98/><REACH who="1" step="1"/><E98/><REACH who="1" ten="237,507,64,182" step="2"/><V28/><F129/><W56/><G128/><T45/><D131/><U96/><E96/><V134/><F134/><W82/><G108/><T55/><D133/><U61/><E61/><V59/><F46/><W58/><G126/><T69/><D45/><U135/><E135/><V65/><F65/><W54/><G95/><T78/><D67/><U112/><E112/><V1/><F114/><W48/><G113/><T27/><D124/><U123/><E123/><V92/><F28/><W50/><G6/><T88/><D4/><U36/><E36/><V47/><F35/><W63/><G63/><T127/><D37/><U109/><E109/><V60/><F47/><W44/><G44/><T38/><D38/><U76/><E76/><V29/><F29/><W14/><REACH who="3" step="1"/><G10/><REACH who="3" ten="237,507,64,172" step="2"/><T80/><D127/><U23/><E23/><N who="2" m="11687" /><F7/><W74/><AGARI ba="0,2" hai="14,16,21,40,43,48,50,52,54,56,58,74,77,82" machi="74" ten="20,12000,2" yaku="1,1,0,1,7,1,9,1,54,2,53,1" doraHai="110" doraHaiUra="106" who="3" fromWho="3" sc="237,-30,507,-30,64,-60,172,140" /><INIT seed="7,0,0,0,3,127" ten="207,477,4,312" oya="3" hai0="69,67,20,82,129,35,57,102,46,16,11,66,64" hai1="61,79,72,131,125,119,76,99,78,52,116,8,48" hai2="121,0,107,23,126,84,50,68,90,4,24,65,36" hai3="132,123,74,70,96,2,81,89,87,86,32,18,38"/><W112/><G70/><T33/><D69/><U19/><E131/><V80/><F23/><W88/><G38/><T39/><D102/><U56/><E125/><V27/><F50/><W21/><G2/><T94/><D129/><U13/><E99/><V10/><F10/><W9/><G32/><T47/><D11/><U7/><E72/><V109/><F84/><W42/><G123/><T83/><D94/><U85/><E116/><V120/><F80/><W135/><G9/><T62/><D35/><U6/><E119/><V63/><F63/><W106/><G42/><T25/><D33/><U110/><E110/><V5/><F90/><W43/><G43/><T15/><D39/><U40/><E85/><V73/><F65/><W29/><G29/><T77/><D25/><U130/><E130/><V92/><F92/><N who="3" m="54295" /><G112/><T97/><D97/><U124/><E124/><V100/><F0/><W114/><G114/><T103/><D103/><U28/><E28/><V71/><F36/><W17/><G21/><T12/><D12/><U55/><E40/><V30/><F126/><W91/><G74/><T117/><D117/><U105/><E105/><V3/><F73/><W51/><G51/><T54/><REACH who="0" step="1"/><D77/><REACH who="0" ten="197,477,4,312" step="2"/><U108/><E108/><V26/><F3/><W101/><G89/><T60/><D60/><U53/><E48/><V113/><F109/><W41/><G41/><T44/><AGARI ba="0,1" hai="15,16,20,44,46,47,54,57,62,64,66,67,82,83" machi="44" ten="30,7900,0" yaku="1,1,0,1,8,1,54,1,53,0" doraHai="127" doraHaiUra="22" who="0" fromWho="0" sc="197,89,477,-20,4,-20,312,-39" owari="286,9.0,457,56.0,-16,-52.0,273,-13.0" /></mjloggm>