<mjloggm ver="2.3"><GO type="185" lobby="0"/><UN n0="%E3%83%8F%E3%83%94%E3%83%AA%E3%83%83%E3%83%88" n1="%79%61%73%73%61%6E" n2="%E8%92%94%E7%B5%B5" n3="" dan="17,16,16,0" rate="2183.17,2232.36,2086.12,1500.00" sx="M,M,F,C"/><TAIKYOKU oya="0"/><INIT seed="0,0,0,5,4,55" ten="350,350,350,0" oya="0" hai0="91,71,126,41,109,87,135,62,128,32,85,68,69" hai1="90,33,52,107,3,73,35,105,111,67,124,40,56" hai2="59,95,121,2,70,94,96,102,89,38,77,34,92" hai3=""/><T0/><D32/><U39/><E3/><V106/><N who="2" m="31008" /><V76/><F2/><T115/><D0/><U103/><E73/><V108/><F34/><T42/><D115/><U122/><N who="1" m="31264" /><U134/><E67/><V61/><F70/><T74/><D74/><U79/><E79/><V88/><F38/><T72/><D72/><U65/><E65/><V63/><F108/><T112/><D112/><U82/><E124/><V130/><F130/><T104/><D104/><U123/><N who="1" m="31520" /><U93/><E82/><V119/><F63/><T44/><D126/><U81/><E81/><V125/><F125/><T47/><D128/><U37/><E134/><V64/><REACH who="2" step="1"/><F119/><REACH who="2" ten="350,350,340,0" step="2"/><T46/><D109/><U117/><E111/><V114/><F114/><T66/><D69/><U86/><E117/><V99/><F99/><T127/><D68/><U83/><E39/><V113/><F113/><T118/><D127/><U97/><E35/><V129/><F129/><T98/><D118/><U48/><REACH who="1" step="1"/><E33/><REACH who="1" ten="350,340,340,0" step="2"/><V132/><F132/><T120/><D135/><U53/><E53/><V50/><F50/><T101/><D120/><U80/><E80/><V78/><AGARI ba="0,2" hai="59,61,64,76,77,78,88,89,92,94,95,96,102,106" m="31008" machi="78" ten="30,6000,1" yaku="1,1,0,1,52,2,54,1,53,0" doraHai="55" doraHaiUra="51" who="2" fromWho="2" sc="350,-40,340,-20,340,80,0,0" /><INIT seed="1,0,0,4,2,43" ten="310,320,420,0" oya="1" hai0="73,134,89,32,78,93,96,83,57,56,109,118,79" hai1="92,51,42,108,112,113,48,58,129,55,106,0,100" hai2="75,66,53,127,111,120,59,101,80,91,69,122,123" hai3=""/><U126/><E0/><V47/><N who="2" m="30752" /><V121/><N who="2" m="31008" /><V95/><N who="2" m="31264" /><V62/><N who="2" m="31520" /><V70/><F127/><T2/><D32/><U50/><E106/><V38/><F101/><T130/><D2/><U65/><E126/><V135/><F111/><T88/><D109/><U39/><E108/><V1/><F1/><T87/><D130/><U125/><E125/><V116/><F116/><T114/><D114/><U131/><E100/><V41/><F135/><T40/><D134/><U86/><E92/><V35/><F35/><T98/><D118/><U82/><E65/><V103/><F103/><T74/><D40/><U117/><E117/><V110/><F110/><T60/><D56/><U132/><E132/><V84/><F66/><T97/><D57/><U52/><E86/><V124/><REACH who="2" step="1"/><F124/><REACH who="2" ten="310,320,410,0" step="2"/><T36/><D60/><U119/><E119/><V63/><F63/><T67/><D67/><U45/><E112/><V85/><F85/><T46/><D73/><U90/><E113/><V3/><F3/><T77/><D74/><U71/><E129/><V44/><F44/><T54/><D46/><U115/><E115/><V33/><F33/><T105/><D87/><U133/><E133/><V107/><F107/><T104/><D104/><RYUUKYOKU ba="0,1" sc="310,-10,320,-10,410,20,0,0" hai2="38,41,47,53,59,62,69,70,75,80,84,91,95" /><INIT seed="2,1,1,5,0,39" ten="300,310,430,0" oya="2" hai0="126,127,72,70,110,2,135,109,99,105,101,51,44" hai1="34,80,45,98,92,73,95,89,100,36,40,87,81" hai2="106,128,134,133,93,132,85,47,52,122,120,123,48" hai3=""/><V102/><N who="2" m="30752" /><V0/><N who="2" m="31264" /><V75/><N who="2" m="31520" /><V78/><F0/><T118/><D2/><U71/><E34/><V77/><F128/><T94/><D118/><U1/><E1/><V32/><F32/><T112/><D72/><U124/><E71/><V113/><F75/><T88/><D70/><U56/><E124/><N who="0" m="47657" /><D135/><U63/><REACH who="1" step="1"/><E73/><REACH who="1" ten="300,300,430,0" step="2"/><V54/><F113/><T33/><D33/><U107/><E107/><V130/><F130/><T117/><D112/><U41/><E41/><V46/><F106/><T84/><D117/><U91/><E91/><V116/><F116/><T57/><D57/><U90/><E90/><V76/><F102/><T50/><D50/><U131/><E131/><V35/><F35/><T79/><D79/><U65/><AGARI ba="1,2" hai="36,40,45,56,63,65,80,81,87,89,92,95,98,100" machi="65" ten="20,6000,1" yaku="1,1,0,1,7,1,52,1,53,1" doraHai="39" doraHaiUra="59" who="1" fromWho="1" sc="300,-21,300,82,430,-41,0,0" /><INIT seed="4,0,0,5,2,94" ten="279,382,389,0" oya="0" hai0="100,93,132,64,106,66,98,56,47,83,103,102,59" hai1="70,108,32,46,55,116,2,57,111,79,36,107,78" hai2="99,133,134,71,43,127,135,74,65,37,73,118,60" hai3=""/><T84/><D132/><U112/><E79/><V81/><F127/><T72/><D72/><N who="2" m="27754" /><F81/><T86/><D47/><U104/><E78/><V34/><F34/><T114/><D114/><U88/><E46/><V96/><F118/><T52/><D106/><U80/><E80/><V0/><F0/><T61/><D66/><U121/><E88/><V119/><F119/><T33/><D33/><U77/><E77/><V58/><F71/><T49/><D83/><U117/><E57/><V45/><AGARI ba="0,0" hai="37,43,45,58,60,65,96,99,133,134,135" m="27754" machi="45" ten="40,3900,0" yaku="20,1,52,2" doraHai="94" who="2" fromWho="2" sc="279,-26,382,-13,389,39,0,0" /><INIT seed="5,0,0,4,1,38" ten="253,369,428,0" oya="1" hai0="130,76,110,114,70,33,55,126,88,58,51,71,36" hai1="135,109,77,63,118,92,131,101,73,46,122,44,60" hai2="91,56,43,104,40,62,107,125,1,65,79,119,120" hai3=""/><U80/><N who="1" m="31264" /><U132/><E109/><V89/><N who="2" m="30752" /><V0/><F119/><T66/><D33/><U78/><E118/><V84/><F79/><T121/><N who="0" m="31008" /><T53/><D110/><U61/><E78/><V96/><F125/><T87/><D126/><U102/><E131/><V106/><F96/><T39/><D130/><U129/><E129/><V47/><F91/><T75/><D75/><U81/><E81/><V95/><REACH who="2" step="1"/><F47/><REACH who="2" ten="253,369,418,0" step="2"/><N who="1" m="17961" /><E92/><V32/><F32/><T69/><D76/><U45/><E45/><V98/><F98/><T133/><D133/><AGARI ba="0,1" hai="60,61,63,73,77,80,101,102,132,133,135" m="17961,31264" machi="133" ten="30,2900,0" yaku="20,1,52,1" doraHai="38" who="1" fromWho="0" sc="253,-29,369,39,418,0,0,0" /><INIT seed="5,1,0,5,5,110" ten="224,408,418,0" oya="1" hai0="72,131,104,46,73,65,126,123,47,121,133,37,32" hai1="61,108,71,85,109,93,114,63,39,66,41,117,3" hai2="120,103,35,76,53,99,95,43,119,132,62,40,130" hai3=""/><U107/><E107/><V77/><N who="2" m="30752" /><V45/><F119/><T92/><N who="0" m="31008" /><T116/><D92/><U91/><E3/><V113/><F35/><T78/><D78/><U60/><E117/><V111/><F111/><N who="1" m="42569" /><E114/><V115/><F132/><T50/><N who="0" m="31520" /><T88/><D104/><U33/><E33/><V105/><F130/><T96/><D96/><U58/><E71/><V55/><F40/><T49/><D88/><U2/><E2/><V101/><F101/><T0/><D116/><U128/><E128/><V34/><F34/><T98/><D32/><U79/><E79/><N who="2" m="30283" /><F62/><N who="1" m="24169" /><E41/><V54/><F105/><T82/><D0/><U112/><E112/><N who="2" m="43083" /><F43/><T124/><D131/><U44/><E39/><V74/><F74/><T129/><D37/><U38/><E38/><V125/><F125/><T36/><D129/><U102/><E102/><V118/><F118/><T57/><D36/><U80/><E44/><AGARI ba="1,0" hai="44,45,53,54,55,95,99,103" m="43083,30283,30752" machi="44" ten="40,12000,2" yaku="15,1,11,1,52,4" doraHai="110" who="2" fromWho="1" sc="224,0,408,-122,418,122,0,0" /><INIT seed="6,0,0,3,4,64" ten="224,286,540,0" oya="2" hai0="135,84,111,49,91,33,82,130,129,124,131,62,134" hai1="92,74,116,53,132,109,52,38,46,90,76,66,126" hai2="78,120,122,108,40,2,98,41,79,103,57,87,0" hai3=""/><V101/><N who="2" m="30752" /><V1/><N who="2" m="31264" /><V36/><F108/><T34/><D111/><U110/><E116/><V107/><F103/><T56/><D49/><U63/><E76/><V3/><F3/><T55/><D33/><U128/><E74/><V44/><F41/><T80/><D34/><U75/><E75/><V112/><F112/><T121/><N who="0" m="31008" /><T45/><D45/><U117/><E117/><V133/><F133/><N who="0" m="50698" /><D82/><U123/><N who="1" m="31520" /><U42/><E132/><V71/><F57/><T69/><D69/><U70/><E110/><V86/><F71/><T94/><D80/><U35/><E109/><V59/><F59/><T32/><D32/><U96/><E35/><V81/><F81/><T104/><D104/><U88/><E46/><V47/><F47/><T99/><D99/><U102/><E42/><V50/><F50/><T65/><D65/><U73/><E66/><V83/><F79/><T105/><D105/><U127/><E70/><V72/><AGARI ba="0,0" hai="0,1,2,36,40,44,72,78,83,86,87,98,101,107" m="31264,30752" machi="72" ten="30,4000,0" yaku="0,1,52,2" doraHai="64" who="2" fromWho="2" sc="224,-20,286,-20,540,40,0,0" owari="204,-40.0,266,-13.0,580,53.0,0,0.0" /></mjloggm>