<mjloggm ver="2.3"><GO type="169" lobby="0"/><UN n0="%E3%81%A0%E3%82%81%E3%81%AE%E3%81%99%E3%81%91" n1="%6B%6F%6D%69" n2="%E7%81%AB%E9%9C%8A%E5%A4%A2" n3="%E8%91%B5%E3%81%A1%E3%82%83%E3%82%93" dan="17,16,17,16" rate="2192.06,2147.78,2255.44,2188.15" sx="M,M,M,M"/><TAIKYOKU oya="0"/><INIT seed="0,0,0,4,2,55" ten="250,250,250,250" oya="0" hai0="97,22,124,28,20,82,78,33,45,0,39,112,104" hai1="113,50,25,35,59,87,80,98,15,54,65,5,43" hai2="17,79,2,72,57,36,27,129,70,32,60,47,31" hai3="66,128,75,63,134,90,69,30,68,61,105,88,100"/><T52/><D112/><U41/><E113/><V37/><F70/><W125/><G75/><T3/><D124/><U110/><E110/><V23/><F129/><W18/><G128/><T4/><D33/><U34/><E98/><V56/><F2/><W114/><G114/><T62/><D39/><U9/><E65/><V46/><F60/><W106/><G30/><T19/><D28/><U101/><E101/><V99/><F99/><W93/><G125/><T67/><D4/><U135/><E135/><V8/><F8/><W117/><G117/><T132/><D20/><U123/><E123/><V10/><F10/><W119/><G119/><T107/><D132/><U94/><E94/><V11/><F11/><W64/><G134/><T118/><D118/><U130/><E130/><V116/><F116/><W96/><G18/><T86/><D45/><U48/><E25/><V89/><F89/><AGARI ba="0,0" hai="61,63,64,66,68,69,88,89,90,93,96,100,105,106" machi="89" ten="40,2600,0" yaku="9,1,54,1" doraHai="55" who="3" fromWho="2" sc="250,0,250,0,250,-26,250,26" /><INIT seed="1,0,0,4,3,6" ten="250,250,224,276" oya="1" hai0="135,125,34,129,43,0,17,41,81,65,122,26,24" hai1="110,80,30,95,29,64,87,54,5,109,104,39,57" hai2="98,18,121,99,119,59,7,83,71,16,85,61,86" hai3="134,101,53,19,42,127,72,21,8,12,1,13,36"/><U14/><E104/><V56/><F119/><W3/><G72/><T25/><D0/><U55/><E39/><V37/><F121/><W9/><G127/><T51/><D125/><U106/><E106/><V130/><F37/><W49/><G134/><T78/><D122/><U69/><E95/><V60/><F7/><W68/><G68/><T32/><D135/><U108/><E69/><V35/><F71/><W112/><G112/><T132/><D132/><U27/><E64/><V94/><F35/><W92/><G21/><T48/><D65/><U23/><E30/><V50/><F50/><W114/><G114/><T88/><D129/><U103/><E103/><V97/><F94/><W118/><G118/><T96/><D34/><U52/><E14/><V67/><F130/><W77/><G77/><T74/><D32/><U124/><E5/><V45/><F45/><W63/><G63/><T102/><D88/><N who="1" m="51303" /><E124/><V38/><F38/><W20/><G20/><T123/><D17/><N who="2" m="6762" /><F83/><W76/><G36/><T58/><D123/><U117/><E117/><V116/><F116/><W120/><G120/><T44/><D25/><U33/><E33/><V111/><F111/><W2/><G92/><T62/><D24/><U11/><E11/><V66/><AGARI ba="0,0" hai="56,59,60,61,66,67,85,86,97,98,99" m="6762" machi="66" ten="30,2000,0" yaku="8,1,54,1" doraHai="6" who="2" fromWho="2" sc="250,-5,250,-10,224,20,276,-5" /><INIT seed="2,0,0,2,3,78" ten="245,240,244,271" oya="2" hai0="117,42,127,66,62,38,113,13,30,27,49,11,58" hai1="125,85,104,35,64,3,7,109,129,17,31,61,10" hai2="124,88,107,111,8,101,43,5,51,100,86,52,92" hai3="59,60,131,71,84,74,133,67,98,116,83,103,40"/><V108/><F43/><W112/><G116/><T0/><D113/><U45/><E104/><V23/><F124/><W130/><G133/><T57/><D127/><U76/><E125/><V63/><F63/><W122/><G74/><T14/><D117/><U25/><E109/><N who="2" m="42059" /><F23/><W32/><G32/><T33/><D38/><U132/><E132/><V72/><F72/><W79/><G40/><T95/><D0/><U37/><E129/><N who="3" m="49162" /><G122/><T48/><D14/><U15/><E45/><N who="2" m="27759" /><F107/><N who="3" m="63991" /><G112/><T119/><D119/><U75/><E75/><V53/><F53/><W99/><G71/><T120/><D120/><U77/><E37/><V135/><F135/><W121/><G121/><T96/><D57/><U16/><E61/><V34/><F34/><W29/><G29/><T118/><D42/><U94/><E64/><V28/><F28/><W93/><G60/><T123/><D118/><U56/><E56/><V110/><N who="2" m="42067" /><V44/><DORA hai="82" /><F44/><W6/><G59/><T22/><D33/><U26/><E31/><V65/><F65/><W20/><G20/><T54/><D54/><U36/><E36/><V90/><F90/><N who="3" m="55735" /><G67/><T115/><D115/><U50/><E35/><V55/><F55/><W87/><G79/><T18/><REACH who="0" step="1"/><D123/><REACH who="0" ten="235,240,244,271" step="2"/><U21/><E50/><V68/><F68/><W70/><G70/><T4/><D4/><U12/><E7/><V24/><F24/><W81/><G6/><T19/><D19/><U69/><E17/><V91/><F91/><AGARI ba="0,1" hai="11,13,18,22,27,30,48,49,58,62,66,91,95,96" machi="91" ten="30,3900,0" yaku="1,1,7,1,8,1,53,0" doraHai="78,82" doraHaiUra="134,126" who="0" fromWho="2" sc="235,49,240,0,244,-39,271,0" /><INIT seed="3,0,0,5,3,110" ten="284,240,205,271" oya="3" hai0="64,27,62,116,4,129,6,40,132,71,122,74,127" hai1="55,9,56,124,123,34,21,10,83,47,54,84,59" hai2="12,61,46,37,26,53,30,58,75,43,86,115,88" hai3="120,78,102,94,113,16,69,126,51,135,73,72,1"/><W125/><G1/><T77/><D116/><U131/><E123/><V18/><F75/><W13/><G120/><T89/><D122/><U65/><E34/><V70/><F70/><W35/><G69/><T32/><D40/><U19/><E131/><V97/><F97/><N who="3" m="59703" /><G35/><T96/><D129/><U28/><E28/><V67/><F115/><W103/><G135/><T24/><D132/><U91/><E65/><V104/><F104/><W36/><G36/><T8/><D127/><N who="3" m="48649" /><G103/><T39/><D39/><U11/><E124/><V111/><F111/><W99/><G99/><T3/><D6/><U90/><E90/><V79/><F79/><W130/><G130/><T20/><D32/><U42/><E59/><V66/><F30/><W49/><G113/><T121/><D121/><U38/><REACH who="1" step="1"/><E56/><REACH who="1" ten="284,230,205,271" step="2"/><V114/><F114/><W57/><G57/><T45/><D89/><U14/><AGARI ba="0,1" hai="9,10,11,14,19,21,38,42,47,54,55,83,84,91" machi="14" ten="30,12000,2" yaku="1,1,2,1,0,1,53,3" doraHai="110" doraHaiUra="7" who="1" fromWho="1" sc="284,-30,230,130,205,-30,271,-60" /><INIT seed="4,0,0,5,4,46" ten="254,360,175,211" oya="0" hai0="111,58,43,64,88,35,84,12,53,92,97,83,79" hai1="48,52,104,37,67,72,87,26,89,45,94,132,99" hai2="29,66,71,44,65,86,18,11,123,60,74,118,32" hai3="80,30,51,70,129,124,68,57,19,7,120,119,47"/><T22/><D35/><U15/><E132/><V39/><F74/><W14/><G119/><T125/><D125/><U90/><E72/><V24/><F123/><W135/><G124/><T103/><D111/><U91/><E104/><V101/><F118/><W133/><G120/><T106/><D43/><U5/><E37/><V3/><F66/><W113/><G113/><T17/><D64/><U98/><E67/><V25/><F86/><W21/><G129/><T69/><D69/><U82/><E26/><V114/><F114/><W0/><G30/><T134/><D134/><N who="3" m="51209" /><G57/><T95/><REACH who="0" step="1"/><D79/><REACH who="0" ten="244,360,175,211" step="2"/><N who="1" m="46559" /><E98/><V73/><F65/><W122/><G122/><T33/><D33/><U56/><E56/><V13/><F32/><W115/><G115/><T16/><D16/><U2/><E2/><V117/><F18/><W23/><G70/><T76/><D76/><U112/><E112/><V126/><F3/><W102/><G68/><T54/><D54/><U61/><E99/><V63/><F71/><W109/><G109/><T36/><D36/><U107/><E5/><V78/><F39/><W55/><G7/><T42/><D42/><U31/><E52/><V75/><F78/><W4/><G4/><T28/><D28/><U62/><E31/><V59/><F29/><W77/><G0/><T1/><D1/><U110/><E110/><V121/><F59/><W34/><G34/><T100/><D100/><U127/><E127/><V108/><F126/><W128/><G55/><T20/><D20/><U50/><E91/><V6/><F6/><W40/><G102/><T130/><D130/><U9/><E90/><RYUUKYOKU ba="0,1" sc="244,30,360,-10,175,-10,211,-10" hai0="12,17,22,53,58,83,84,88,92,95,97,103,106" /><INIT seed="4,1,1,0,3,67" ten="274,350,165,201" oya="0" hai0="51,118,22,27,12,15,74,56,114,29,111,73,32" hai1="23,106,123,0,14,100,37,102,33,25,45,108,54" hai2="26,99,35,20,121,34,127,107,133,78,97,132,109" hai3="6,120,80,55,17,125,79,110,1,88,93,95,49"/><T112/><D118/><U103/><E108/><V21/><F109/><W13/><G110/><T126/><D111/><U64/><E0/><V128/><F78/><W70/><G125/><T16/><D126/><U72/><E72/><V91/><F127/><W30/><G120/><T48/><D74/><U89/><E106/><V119/><F107/><W43/><G30/><T36/><D36/><U31/><E64/><V124/><F124/><W81/><G43/><T46/><D73/><U9/><E33/><V24/><F91/><W47/><G95/><T41/><REACH who="0" step="1"/><D15/><REACH who="0" ten="264,350,165,201" step="2"/><U116/><E37/><V53/><F119/><W129/><G13/><T52/><AGARI ba="1,2" hai="12,16,22,27,29,32,41,46,48,51,52,56,112,114" machi="52" ten="30,18000,2" yaku="1,1,2,1,0,1,54,2,53,1" doraHai="67" doraHaiUra="18" who="0" fromWho="0" sc="264,203,350,-61,165,-61,201,-61" /><INIT seed="4,2,0,5,5,110" ten="467,289,104,140" oya="0" hai0="81,77,71,88,87,132,52,82,34,16,33,95,120" hai1="37,0,32,97,21,29,85,126,65,111,57,39,5" hai2="66,17,128,129,72,90,44,104,10,20,108,117,70" hai3="91,113,3,15,78,30,93,118,8,35,46,27,121"/><T109/><D120/><U134/><E111/><V102/><F108/><W105/><G118/><T123/><D109/><U47/><E126/><V76/><F117/><W92/><G105/><T112/><D123/><U55/><E32/><V135/><F10/><W43/><G121/><T59/><D112/><U26/><E134/><V106/><F135/><W127/><G127/><T107/><D132/><U25/><E0/><V41/><F90/><W4/><G78/><T12/><D71/><U73/><E5/><V2/><F2/><W53/><G53/><T74/><D107/><U50/><E73/><V23/><F102/><W79/><G79/><T60/><REACH who="0" step="1"/><D81/><REACH who="0" ten="457,289,104,140" step="2"/><U9/><E39/><V84/><F70/><W7/><G113/><T1/><D1/><U96/><E37/><V69/><F104/><W64/><G3/><T115/><D115/><U124/><E124/><V13/><F69/><W11/><G93/><T61/><D61/><U22/><E9/><AGARI ba="2,1" hai="9,12,16,33,34,52,59,60,74,77,82,87,88,95" machi="9" ten="30,12000,1" yaku="1,1,7,1,54,3,53,0" doraHai="110" doraHaiUra="114" who="0" fromWho="1" sc="457,136,289,-126,104,0,140,0" /><INIT seed="4,3,0,0,4,8" ten="593,163,104,140" oya="0" hai0="75,135,4,0,6,118,107,59,132,84,120,73,91" hai1="19,89,24,12,79,134,43,42,3,55,46,63,97" hai2="68,45,76,100,93,129,96,117,25,131,122,90,62" hai3="49,83,103,30,7,71,121,88,39,1,33,104,2"/><T112/><D118/><U70/><E3/><V109/><F109/><W17/><G39/><T67/><D112/><U34/><E134/><N who="0" m="51241" /><D120/><U99/><E79/><V78/><F122/><W92/><G71/><T51/><D107/><U123/><E123/><V37/><F117/><W53/><G121/><T94/><D0/><U130/><E130/><N who="2" m="49675" /><F25/><W128/><G128/><T113/><D113/><U125/><E125/><V57/><F68/><W23/><G30/><T41/><D41/><U40/><E34/><V36/><F100/><W20/><G83/><T127/><D127/><U48/><E24/><V82/><F45/><W98/><G33/><T28/><D28/><U126/><E126/><V116/><F116/><W72/><G23/><T47/><D47/><U38/><E89/><V56/><F56/><W32/><G32/><T9/><D9/><U114/><E114/><V95/><F95/><W27/><G72/><N who="0" m="27723" /><D51/><U60/><E38/><N who="2" m="14955" /><F82/><W77/><G104/><T86/><D86/><U15/><E70/><V54/><AGARI ba="3,0" hai="54,57,62,76,78,90,93,96" m="14955,49675" machi="54" ten="30,1100,0" yaku="19,1" doraHai="8" who="2" fromWho="2" sc="593,-8,163,-6,104,20,140,-6" /><INIT seed="5,0,0,0,4,0" ten="585,157,124,134" oya="1" hai0="96,119,45,125,94,56,7,12,111,66,9,55,42" hai1="64,101,38,77,113,130,131,103,122,95,117,60,74" hai2="62,129,104,127,15,84,97,2,17,52,46,135,91" hai3="11,100,53,114,61,29,10,80,47,110,70,88,132"/><U121/><E38/><V3/><F127/><W116/><G110/><T40/><D111/><U78/><E60/><V118/><F118/><W37/><G114/><T72/><D72/><U71/><E71/><V85/><F135/><W133/><G29/><T89/><D125/><U93/><E64/><V24/><F24/><W20/><G100/><N who="1" m="38474" /><E117/><V1/><F129/><N who="1" m="49161" /><E113/><V58/><F104/><W68/><G116/><T112/><D112/><U75/><E78/><V33/><F33/><W123/><G37/><T13/><D119/><U18/><E18/><V27/><F27/><W109/><G68/><T67/><D13/><U79/><E79/><V82/><F46/><W34/><G70/><T90/><D90/><U25/><E25/><V124/><F124/><W102/><G88/><T21/><D21/><U65/><E65/><N who="0" m="24585" /><D45/><U26/><E77/><V81/><F97/><W98/><G98/><T22/><D22/><U120/><E26/><V115/><F115/><W30/><G109/><T14/><D14/><U6/><E6/><V76/><REACH who="2" step="1"/><F1/><REACH who="2" ten="585,157,114,134" step="2"/><W50/><G34/><T39/><D39/><U134/><E134/><V83/><F83/><W23/><G80/><T92/><D92/><AGARI ba="0,1" hai="74,75,92,93,95,120,121,122" m="49161,38474" machi="92" ten="40,12000,1" yaku="28,2,19,1,34,2" doraHai="0" who="1" fromWho="0" sc="585,-120,157,130,114,0,134,0" /><INIT seed="5,1,0,3,4,35" ten="465,287,114,134" oya="1" hai0="103,36,20,96,22,99,38,134,73,34,81,27,44" hai1="37,111,120,100,87,129,55,62,16,47,135,53,41" hai2="11,21,46,90,113,5,32,29,110,64,4,91,118" hai3="18,30,119,128,94,45,43,116,17,130,84,19,68"/><U50/><E120/><V115/><F110/><W122/><G68/><T54/><D134/><U23/><E135/><V101/><F118/><N who="3" m="45099" /><G122/><T127/><D127/><U48/><E111/><V89/><F101/><W25/><G84/><T92/><D34/><U26/><E129/><N who="3" m="49770" /><G94/><T10/><D20/><U98/><E87/><V52/><F32/><N who="3" m="20559" /><G45/><T109/><D109/><U104/><E62/><V42/><F64/><W56/><G43/><T88/><D10/><U124/><E124/><V105/><F105/><W49/><G49/><T82/><D54/><U76/><E76/><V72/><F72/><W133/><G56/><T126/><D126/><U125/><E125/><V71/><F71/><W63/><G63/><T112/><D44/><U1/><E37/><V107/><F107/><W75/><G75/><T2/><D73/><U78/><E78/><V0/><F42/><W86/><G86/><T77/><D81/><U85/><E85/><V3/><F46/><W69/><G69/><T102/><D82/><U61/><E61/><V40/><F52/><W24/><G133/><T28/><D77/><U13/><E41/><V65/><F65/><W57/><G57/><T83/><D83/><U70/><E53/><V114/><F40/><W31/><G31/><T97/><D99/><U51/><E70/><V59/><F59/><W39/><G39/><T14/><D96/><U33/><E55/><V108/><F108/><W79/><G79/><T8/><D38/><U121/><E47/><V60/><F60/><W132/><G132/><T123/><D36/><U15/><E121/><V106/><F106/><RYUUKYOKU ba="1,0" sc="465,-10,287,-10,114,-10,134,30" hai3="17,18,19,24" /><INIT seed="6,2,0,2,1,73" ten="455,277,104,164" oya="2" hai0="97,69,101,58,35,104,93,36,91,60,107,15,50" hai1="63,16,114,128,89,71,109,121,41,118,83,115,11" hai2="103,0,125,127,98,32,92,85,48,132,64,25,24" hai3="4,45,67,81,84,33,61,8,77,62,88,46,123"/><V38/><F38/><W49/><G123/><T40/><D35/><U106/><E109/><V6/><F32/><W1/><G33/><T27/><D27/><U122/><E118/><V66/><F132/><W51/><G67/><N who="2" m="25641" /><F48/><W105/><G105/><T42/><D36/><U120/><E128/><V55/><F55/><W12/><G1/><T130/><D130/><U86/><E106/><V17/><F17/><W119/><G119/><T90/><D69/><U26/><E41/><V82/><F6/><W78/><G51/><T75/><D75/><U96/><E63/><N who="3" m="24074" /><G46/><T7/><D60/><U100/><E71/><V14/><F14/><W18/><G4/><T135/><D104/><N who="1" m="63495" /><E26/><V76/><F0/><W79/><G78/><T13/><D107/><U31/><E31/><V39/><F39/><W129/><G129/><T30/><D30/><U43/><E43/><AGARI ba="2,0" hai="8,12,18,43,45,49,77,79,81,84,88" m="24074" machi="43" ten="30,7700,0" yaku="8,1,52,2,54,1" doraHai="73" who="3" fromWho="1" sc="455,0,277,-83,104,0,164,83" /><INIT seed="7,0,0,2,5,59" ten="455,194,104,247" oya="3" hai0="56,32,66,14,41,8,113,106,49,76,44,11,120" hai1="78,107,9,101,83,116,48,95,40,91,123,3,39" hai2="115,47,15,118,20,81,63,42,125,88,92,5,27" hai3="82,98,54,70,90,99,22,26,111,132,84,50,121"/><W53/><G121/><T2/><D120/><U75/><E48/><V43/><F118/><W89/><G132/><T71/><D106/><U45/><E123/><V126/><F115/><W33/><G33/><T7/><D32/><U102/><E107/><V119/><F119/><W129/><G129/><T112/><D71/><U46/><E46/><V17/><F81/><W23/><G70/><T135/><D135/><U19/><E116/><V117/><F117/><W55/><G111/><T1/><D76/><U68/><E68/><V100/><F100/><W34/><G34/><T94/><D94/><U16/><E101/><V61/><F5/><W73/><G73/><T25/><D25/><U18/><E102/><V74/><F74/><W96/><G23/><T108/><D108/><U29/><E29/><V57/><F15/><W80/><G80/><T31/><D31/><U64/><E64/><V103/><F103/><W97/><G97/><T85/><D85/><U67/><E67/><V130/><F130/><W36/><G36/><T105/><D105/><U38/><E38/><V24/><F24/><W109/><G109/><T28/><D28/><U124/><E124/><N who="2" m="47723" /><F57/><W104/><G104/><T134/><D134/><U21/><E95/><V4/><F4/><W72/><G26/><T30/><D30/><U60/><E83/><V37/><F43/><W127/><G82/><T87/><D7/><U35/><E75/><V128/><F128/><W51/><G72/><T52/><D41/><U58/><E40/><V133/><F133/><W62/><G127/><T93/><D112/><U131/><E131/><RYUUKYOKU ba="0,0" sc="455,-10,194,-10,104,30,247,-10" hai2="17,20,27,37,42,47,61,63,88,92" owari="445,55.0,184,-22.0,134,-37.0,237,4.0" /></mjloggm>