<mjloggm ver="2.3"><GO type="185" lobby="0"/><UN n0="%E7%A9%BA%E3%81%AB%E8%8A%B1%E7%81%AB" n1="%E5%85%A5%E5%B7%A3%E6%9F%9A%E5%AE%9F" n2="%E5%B8%AB%E5%8C%A0%2F%E9%9B%80%E9%AC%BC" n3="" dan="17,16,18,0" rate="2193.08,2249.99,2326.35,1500.00" sx="M,F,M,C"/><TAIKYOKU oya="0"/><INIT seed="0,0,0,5,3,105" ten="350,350,350,0" oya="0" hai0="69,119,65,39,116,33,43,35,74,0,124,107,79" hai1="133,61,63,88,111,96,129,91,103,3,113,82,80" hai2="68,48,95,108,87,60,94,123,127,46,34,41,32" hai3=""/><T118/><D0/><U117/><E111/><V120/><N who="2" m="30752" /><V58/><N who="2" m="31520" /><V99/><F108/><T134/><D134/><U75/><E117/><V110/><F110/><T130/><D130/><U67/><E129/><V89/><F68/><T50/><D124/><U84/><E133/><V102/><REACH who="2" step="1"/><F127/><REACH who="2" ten="350,350,340,0" step="2"/><T125/><D125/><U86/><E3/><V62/><F62/><T40/><D118/><U114/><E61/><V42/><F42/><T1/><D69/><U112/><E112/><V37/><F37/><T45/><D119/><U92/><REACH who="1" step="1"/><E75/><REACH who="1" ten="350,340,340,0" step="2"/><V47/><F47/><T59/><D74/><U57/><AGARI ba="0,2" hai="57,63,67,80,82,84,86,88,91,92,96,103,113,114" machi="57" ten="30,9000,2" yaku="1,1,2,1,0,1,9,1,54,1,53,1" doraHai="105" doraHaiUra="55" who="1" fromWho="1" sc="350,-60,340,110,340,-30,0,0" /><INIT seed="1,0,0,3,2,113" ten="290,450,310,0" oya="1" hai0="56,94,83,70,0,69,36,97,35,131,121,102,88" hai1="90,52,55,127,76,73,38,2,80,89,116,107,77" hai2="96,49,111,48,75,68,110,33,40,74,125,67,37" hai3=""/><U3/><E116/><V58/><F33/><T43/><N who="0" m="31008" /><T133/><D35/><U61/><E38/><V124/><F96/><T117/><D0/><U130/><E107/><V32/><F74/><T135/><D131/><U134/><E130/><V46/><F75/><T66/><D43/><U100/><E100/><V101/><F101/><T64/><D36/><U95/><E127/><N who="2" m="48715" /><F32/><T109/><D109/><N who="2" m="41482" /><F68/><T115/><D115/><U71/><E77/><V123/><N who="2" m="31520" /><V45/><F45/><T103/><D117/><U50/><E90/><V122/><N who="2" m="31264" /><V91/><F91/><T85/><D103/><U1/><E71/><V79/><F79/><T105/><D70/><U57/><E89/><V132/><F132/><N who="0" m="50762" /><D69/><U51/><E134/><V108/><N who="2" m="41490" /><V42/><DORA hai="87" /><F42/><T128/><D128/><U112/><E1/><V114/><F114/><T106/><D56/><U99/><E112/><V126/><N who="2" m="48723" /><V63/><AGARI ba="0,0" hai="37,40,46,48,49,58,63,67" m="31264,31520,41490,48723" machi="63" ten="60,9000,2" yaku="4,1,18,1,14,1,34,2,52,2" doraHai="113,87" who="2" fromWho="2" sc="290,-30,450,-60,310,90,0,0" /><INIT seed="2,0,0,2,5,58" ten="260,390,400,0" oya="2" hai0="95,103,112,124,87,63,48,80,50,69,114,56,121" hai1="35,85,130,52,32,126,89,59,74,41,113,44,122" hai2="60,77,106,127,34,109,70,134,72,110,116,129,67" hai3=""/><V81/><RYUUKYOKU type="yao9" ba="0,0" sc="260,0,390,0,400,0,0,0" hai2="34,60,67,70,72,77,81,106,109,110,116,127,129,134" /><INIT seed="2,1,0,0,3,84" ten="260,390,400,0" oya="2" hai0="100,111,71,126,120,115,125,52,66,87,3,110,128" hai1="73,67,60,42,112,68,38,121,62,118,102,99,72" hai2="0,48,94,83,116,97,76,129,1,44,108,130,127" hai3=""/><V85/><F116/><T82/><N who="0" m="30752" /><T57/><D3/><U32/><N who="1" m="31008" /><U113/><E32/><V114/><F114/><T131/><D100/><U122/><N who="1" m="31264" /><U37/><E118/><V119/><F119/><T81/><D66/><U54/><E73/><V74/><F74/><T96/><D71/><U77/><E77/><V106/><F106/><T69/><D69/><U134/><E134/><V58/><F58/><T75/><D115/><U89/><E72/><V70/><F70/><T47/><D47/><U80/><E102/><V98/><F98/><T117/><D117/><U51/><E60/><V34/><F34/><T61/><D96/><U90/><E80/><V92/><F92/><T36/><D82/><U39/><E99/><V43/><F127/><N who="0" m="48650" /><D75/><U64/><E64/><V105/><F105/><T41/><D81/><U124/><E124/><V45/><F45/><T49/><D87/><U95/><E95/><V40/><F1/><T63/><D61/><U65/><E113/><V35/><F35/><T46/><D63/><U135/><E112/><V79/><F79/><T59/><D59/><U104/><E68/><V33/><F33/><T78/><D78/><U103/><E104/><V101/><F101/><T132/><D132/><RYUUKYOKU ba="1,0" sc="260,20,390,-10,400,-10,0,0" hai0="36,41,46,49,52,57,110,111,128,131" /><INIT seed="4,2,0,0,3,44" ten="280,380,390,0" oya="0" hai0="123,50,39,79,61,68,88,60,90,126,115,78,73" hai1="33,35,127,106,117,134,113,125,93,70,118,1,89" hai2="80,74,49,71,34,69,82,3,0,100,129,83,114" hai3=""/><T122/><N who="0" m="31264" /><T85/><N who="0" m="31520" /><T86/><D39/><U111/><E89/><V57/><F34/><T56/><D126/><U52/><E52/><V41/><F74/><T32/><D32/><U107/><E93/><V94/><F114/><T135/><D115/><U53/><E53/><V63/><F129/><T97/><D135/><U130/><E118/><V62/><F100/><T103/><D73/><U36/><E107/><V67/><F94/><T75/><D75/><U128/><E128/><V92/><F92/><T99/><D68/><U101/><E101/><V45/><REACH who="2" step="1"/><F71/><REACH who="2" ten="280,380,380,0" step="2"/><T59/><D103/><U2/><E35/><V84/><F84/><T91/><D91/><U54/><E127/><V58/><F58/><T119/><D119/><U64/><E125/><V121/><N who="2" m="31008" /><V46/><F46/><T87/><D86/><U132/><E117/><V95/><F95/><T81/><D81/><U131/><E131/><V110/><F110/><T77/><D77/><U51/><E111/><V109/><F109/><T98/><D99/><U40/><E130/><V120/><N who="2" m="30752" /><V76/><F76/><T43/><D79/><U55/><E33/><V133/><F133/><T47/><D78/><U102/><E134/><V37/><F37/><RYUUKYOKU ba="2,1" sc="280,-10,380,-10,380,20,0,0" hai2="0,3,41,45,49,57,62,63,67,69,80,82,83" /><INIT seed="5,3,1,4,0,56" ten="270,370,400,0" oya="1" hai0="60,44,111,84,103,80,131,104,99,127,55,107,3" hai1="120,67,112,117,106,79,95,72,53,50,71,122,133" hai2="40,105,85,38,81,34,132,35,2,73,46,74,97" hai3=""/><U86/><N who="1" m="30752" /><U52/><N who="1" m="31264" /><U115/><E117/><V82/><F2/><T123/><N who="0" m="31520" /><T64/><D3/><U96/><E133/><V65/><F132/><T62/><D111/><U126/><E126/><V135/><F135/><T45/><D131/><U129/><E72/><V33/><F65/><T88/><D127/><U57/><E129/><V66/><F66/><T134/><D107/><U54/><E106/><V83/><REACH who="2" step="1"/><F85/><REACH who="2" ten="270,370,390,0" step="2"/><T121/><N who="0" m="31008" /><T49/><D134/><U118/><E67/><V58/><F58/><T37/><REACH who="0" step="1"/><D64/><REACH who="0" ten="260,370,390,0" step="2"/><U77/><E71/><V90/><F90/><T69/><D69/><U92/><E115/><V124/><F124/><T70/><D70/><U43/><E112/><V75/><F75/><T100/><D100/><AGARI ba="3,3" hai="33,34,35,38,40,46,73,74,81,82,83,97,100,105" machi="100" ten="50,3200,0" yaku="1,1,53,1" doraHai="56" doraHaiUra="98" who="2" fromWho="0" sc="260,-38,370,0,390,68,0,0" /><INIT seed="6,0,0,5,1,105" ten="222,370,458,0" oya="2" hai0="76,86,68,106,120,0,1,84,74,65,33,121,71" hai1="70,135,113,126,114,3,95,53,58,107,82,125,102" hai2="2,46,111,83,104,112,69,97,35,62,32,42,124" hai3=""/><V134/><F2/><T48/><N who="0" m="30752" /><T88/><N who="0" m="31008" /><T87/><D33/><U117/><E70/><V116/><F116/><T55/><D106/><U130/><E3/><V49/><F112/><T108/><D108/><U37/><E37/><V129/><F124/><T89/><D1/><U119/><E107/><V98/><F134/><T39/><D39/><U80/><E53/><V100/><F129/><T109/><D109/><U133/><E58/><V90/><F111/><T96/><D0/><U92/><E102/><V132/><F132/><T52/><D96/><U78/><E78/><V64/><F97/><T93/><D55/><U57/><E57/><V34/><F34/><T75/><D76/><U45/><E45/><V131/><F131/><AGARI ba="0,0" hai="80,82,92,95,113,114,117,119,125,126,130,131,133,135" machi="131" ten="25,8000,1" yaku="22,2,34,3" doraHai="105" who="1" fromWho="2" sc="222,0,370,80,458,-80,0,0" owari="222,-38.0,450,40.0,378,-2.0,0,0.0" /></mjloggm>