<mjloggm ver="2.3"><GO type="169" lobby="0"/><UN n0="%E3%81%AA%E3%81%97%E4%B8%B8" n1="%6B%6F%74%61%6B%6F%74%61" n2="%4D%4C%5A%4E%55%2D%53%4B" n3="%E8%B5%A4%E5%BA%A7%E3%81%82%E3%81%8B%E3%82%8A%45%58" dan="16,16,16,16" rate="2080.64,2099.22,2117.43,2008.44" sx="M,M,F,M"/><TAIKYOKU oya="0"/><INIT seed="0,0,0,4,5,10" ten="250,250,250,250" oya="0" hai0="52,108,57,39,19,27,119,55,28,11,128,103,7" hai1="23,83,65,4,66,94,117,43,8,132,51,38,2" hai2="93,22,123,5,88,81,9,35,60,101,112,37,33" hai3="133,86,120,68,6,74,32,105,116,71,99,97,134"/><T64/><D119/><U124/><E124/><V75/><F123/><W76/><G32/><T111/><D39/><U40/><E132/><V127/><F112/><W107/><G6/><T98/><D64/><U125/><E125/><V42/><F127/><W47/><G47/><T118/><D128/><U131/><E131/><V45/><F22/><W12/><G74/><T49/><D19/><U50/><E117/><V62/><F101/><W96/><G116/><T21/><D55/><U104/><E104/><V91/><F62/><W29/><G29/><T110/><D118/><U100/><E23/><V77/><F60/><W36/><G36/><T24/><D24/><U70/><E83/><V41/><F91/><W58/><G58/><T90/><D90/><U14/><E2/><V0/><REACH who="2" step="1"/><F42/><REACH who="2" ten="250,250,240,250" step="2"/><W20/><G120/><T1/><REACH who="0" step="1"/><D108/><REACH who="0" ten="240,250,240,250" step="2"/><U95/><E43/><V53/><F53/><W69/><G134/><T92/><AGARI ba="0,2" hai="1,7,11,21,27,28,49,52,57,92,98,103,110,111" machi="92" ten="30,12000,1" yaku="1,1,2,1,0,1,54,1,53,1" doraHai="10" doraHaiUra="34" who="0" fromWho="0" sc="240,140,250,-40,240,-40,250,-40" /><INIT seed="0,1,0,1,0,92" ten="380,210,200,210" oya="0" hai0="24,32,86,97,72,5,75,56,95,124,81,80,37" hai1="52,76,73,113,62,83,26,87,96,94,48,82,64" hai2="38,135,9,111,68,15,30,49,133,11,55,125,102" hai3="101,70,134,88,60,41,16,6,115,130,105,28,93"/><T8/><D37/><U36/><E113/><V106/><F68/><W34/><G115/><T0/><D124/><U4/><E36/><V104/><F38/><W127/><G6/><T25/><D56/><U53/><E4/><V14/><F30/><W18/><G127/><T46/><D46/><U29/><E83/><V84/><F84/><W131/><G41/><T91/><D80/><U33/><E73/><V7/><F111/><W47/><G47/><T31/><REACH who="0" step="1"/><D25/><REACH who="0" ten="370,210,200,210" step="2"/><U129/><E129/><V123/><F125/><W45/><G45/><T42/><D42/><U128/><E128/><V43/><F43/><W71/><G71/><T67/><D67/><U79/><E48/><V110/><F55/><W51/><G51/><T121/><D121/><U65/><E76/><AGARI ba="1,1" hai="0,5,8,24,31,32,72,75,76,81,86,91,95,97" machi="76" ten="30,5800,0" yaku="1,1,7,1,52,1,53,0" doraHai="92" doraHaiUra="69" who="0" fromWho="1" sc="370,71,210,-61,200,0,210,0" /><INIT seed="0,2,0,1,1,23" ten="441,149,200,210" oya="0" hai0="0,9,54,18,59,14,110,49,6,50,70,79,116" hai1="72,73,98,32,111,132,11,121,4,66,109,40,105" hai2="85,46,134,76,115,75,48,56,90,57,58,8,83" hai3="21,2,86,53,95,100,102,97,123,128,118,44,47"/><T67/><D116/><U33/><E121/><V41/><F134/><W26/><G118/><T37/><D37/><U135/><E66/><V114/><REACH who="2" step="1"/><F8/><REACH who="2" ten="441,149,190,210" step="2"/><W36/><G123/><T61/><D110/><U30/><E132/><V126/><F126/><W64/><G128/><T124/><D124/><U88/><E135/><V107/><F107/><W69/><G2/><T127/><D127/><U84/><E11/><V68/><F68/><W3/><G3/><T129/><D129/><U131/><E105/><V12/><F12/><W117/><G117/><T74/><D70/><U108/><E131/><V119/><F119/><W122/><G122/><T29/><D14/><U60/><E111/><V94/><AGARI ba="2,1" hai="41,46,48,56,57,58,75,76,83,85,90,94,114,115" machi="94" ten="30,2000,0" yaku="1,1,0,1,53,0" doraHai="23" doraHaiUra="120" who="2" fromWho="2" sc="441,-12,149,-7,190,36,210,-7" /><INIT seed="1,0,0,3,4,126" ten="429,142,226,203" oya="1" hai0="30,88,16,1,44,57,130,81,48,82,109,97,34" hai1="84,68,107,2,58,111,135,18,90,25,5,31,114" hai2="98,4,73,19,60,117,3,12,132,85,42,74,21" hai3="50,28,102,46,17,26,10,61,112,56,99,35,113"/><U54/><E114/><V67/><F117/><W115/><G10/><T37/><D1/><U86/><E68/><V45/><F132/><W121/><G17/><T55/><D37/><U87/><E135/><V64/><F64/><W77/><G77/><T127/><D109/><U40/><E111/><V103/><F85/><W6/><G6/><T20/><D30/><U128/><E107/><V100/><F100/><W93/><G121/><T89/><D34/><U72/><E72/><V49/><F4/><W53/><REACH who="3" step="1"/><G112/><REACH who="3" ten="429,142,226,193" step="2"/><T80/><D127/><U51/><E18/><V41/><F3/><W124/><G124/><T9/><D9/><U23/><E5/><V119/><F73/><W66/><AGARI ba="0,1" hai="26,28,35,46,50,53,56,61,66,93,99,102,113,115" machi="66" ten="20,2700,0" yaku="1,1,0,1,7,1,53,0" doraHai="126" doraHaiUra="129" who="3" fromWho="3" sc="429,-7,142,-13,226,-7,193,37" /><INIT seed="2,0,0,1,5,109" ten="422,129,219,230" oya="2" hai0="96,7,0,105,92,5,77,45,34,4,12,11,94" hai1="19,32,135,102,85,8,127,31,71,80,88,57,28" hai2="104,62,13,42,75,86,41,93,110,49,20,27,46" hai3="64,14,81,70,112,106,18,69,10,83,9,97,117"/><V131/><F104/><W40/><G117/><T53/><D34/><U52/><E71/><V91/><F75/><W54/><G40/><T1/><D77/><U38/><E127/><V95/><F131/><W115/><G54/><T24/><D24/><U116/><E116/><V51/><F110/><W61/><G70/><T76/><D76/><U125/><E125/><V90/><F13/><W22/><G97/><T132/><D132/><U56/><E135/><V99/><F62/><W79/><G106/><T107/><D45/><U122/><E38/><V29/><REACH who="2" step="1"/><F41/><REACH who="2" ten="422,129,209,230" step="2"/><W65/><G65/><T113/><D12/><N who="1" m="7559" /><E122/><V123/><F123/><W23/><G9/><T129/><D11/><U126/><E126/><V84/><F84/><N who="3" m="48191" /><G83/><T101/><D129/><U15/><E15/><V128/><F128/><W59/><G69/><T63/><D107/><U98/><E32/><V25/><F25/><W73/><G73/><T35/><D35/><U58/><E52/><V39/><AGARI ba="0,1" hai="20,27,29,39,42,46,49,51,86,90,91,93,95,99" machi="39" ten="20,3900,0" yaku="1,1,0,1,7,1,53,0" doraHai="109" doraHaiUra="133" who="2" fromWho="2" sc="422,-13,129,-13,209,49,230,-13" /><INIT seed="2,1,0,4,4,117" ten="409,116,258,217" oya="2" hai0="110,1,97,86,52,90,114,14,67,74,80,118,65" hai1="100,111,57,87,96,101,40,66,20,15,6,11,38" hai2="70,121,83,108,9,19,116,84,135,93,88,7,47" hai3="130,16,61,75,50,106,49,8,126,89,26,27,29"/><V35/><F116/><W18/><G106/><T81/><D1/><U113/><E111/><V131/><F70/><W104/><G104/><T17/><D110/><U73/><E113/><V91/><F108/><W42/><G75/><T37/><D37/><U99/><E73/><V3/><F131/><W60/><G126/><T53/><D114/><U120/><E120/><V33/><F135/><W25/><G29/><T12/><D97/><U105/><E87/><V63/><F121/><W119/><G119/><T132/><D132/><U71/><E71/><V48/><F63/><W46/><G130/><T82/><D14/><U115/><E115/><V79/><F19/><W109/><G109/><T128/><D128/><U30/><E40/><V123/><F91/><W133/><G133/><T41/><D41/><U95/><E38/><V76/><F76/><W2/><G89/><T77/><D80/><U24/><E57/><V13/><F3/><W4/><G50/><T51/><D53/><U98/><E66/><V102/><F102/><W68/><G60/><T58/><REACH who="0" step="1"/><D118/><REACH who="0" ten="399,116,258,217" step="2"/><U5/><REACH who="1" step="1"/><E99/><REACH who="1" ten="399,106,258,217" step="2"/><N who="2" m="57767" /><F123/><W59/><REACH who="3" step="1"/><G68/><REACH who="3" ten="399,106,258,207" step="2"/><T134/><D134/><U127/><E127/><V21/><F84/><W44/><G44/><T122/><D122/><U92/><E92/><V10/><F47/><W107/><G107/><T28/><D28/><U62/><E62/><V22/><F83/><W69/><G69/><T124/><D124/><U94/><E94/><V129/><F129/><W72/><G72/><T34/><D34/><U112/><E112/><V56/><F33/><W78/><G78/><T125/><D125/><RYUUKYOKU ba="1,3" sc="399,10,106,10,258,-30,207,10" hai0="12,17,51,52,58,65,67,74,77,81,82,86,90" hai1="5,6,11,15,20,24,30,95,96,98,100,101,105" hai3="2,4,8,16,18,25,26,27,42,46,49,59,61" /><INIT seed="3,2,3,5,0,87" ten="409,116,228,217" oya="3" hai0="52,94,12,92,38,106,54,36,80,46,3,56,89" hai1="120,64,23,134,35,74,65,104,1,62,116,33,14" hai2="86,32,85,29,21,101,19,50,15,22,91,82,41" hai3="117,61,112,8,122,78,118,18,66,17,68,135,43"/><W121/><G112/><T70/><D3/><U84/><E120/><V4/><F101/><W102/><G135/><T96/><D70/><U99/><E74/><V115/><F115/><W59/><G102/><T132/><D106/><U72/><E72/><V31/><F32/><W90/><G78/><T11/><D80/><U60/><E1/><V45/><F4/><W127/><G127/><T110/><D110/><U98/><E84/><V30/><REACH who="2" step="1"/><F86/><REACH who="2" ten="409,116,218,217" step="2"/><W126/><G122/><T6/><D132/><U125/><E134/><V2/><F2/><W49/><G121/><T10/><D6/><U109/><E35/><V57/><F57/><W119/><G126/><T128/><D56/><U93/><E33/><V71/><F71/><W25/><G68/><T124/><D46/><U42/><E125/><V107/><F107/><W58/><G59/><T77/><D124/><U0/><E0/><V9/><AGARI ba="2,4" hai="9,15,19,21,22,29,30,31,41,45,50,82,85,91" machi="9" ten="30,7900,0" yaku="1,1,0,1,8,1,52,1,53,0" doraHai="87" doraHaiUra="95" who="2" fromWho="2" sc="409,-22,116,-22,218,125,217,-41" /><INIT seed="4,0,0,3,0,41" ten="387,94,343,176" oya="0" hai0="62,131,33,126,73,78,86,4,116,45,60,99,18" hai1="120,82,75,81,113,101,119,69,104,88,1,93,13" hai2="58,15,7,125,87,20,90,109,85,110,94,14,83" hai3="68,57,24,92,6,40,30,16,27,49,89,35,117"/><T36/><D33/><U84/><E1/><V32/><F32/><W43/><G68/><T74/><D116/><U44/><E69/><V42/><F125/><W111/><G111/><T118/><D118/><U71/><E71/><V76/><F15/><W128/><G6/><T31/><D31/><U98/><E119/><V122/><F122/><W123/><G123/><T9/><D131/><U97/><E120/><V72/><F72/><W132/><G128/><T51/><D36/><U52/><E113/><V55/><F42/><W28/><G132/><T124/><D99/><U22/><E75/><N who="0" m="28681" /><D18/><N who="1" m="10575" /><E104/><V12/><F12/><W19/><G43/><N who="0" m="25023" /><D86/><U48/><E101/><V134/><F134/><W29/><G29/><T0/><D78/><U106/><E106/><V112/><F112/><W8/><G117/><T105/><D105/><U100/><E100/><V79/><F79/><W53/><G40/><T65/><D65/><U80/><AGARI ba="0,0" hai="44,48,52,80,81,82,84,88,93,97,98" m="10575" machi="80" ten="30,7900,0" yaku="8,1,52,1,54,2" doraHai="41" who="1" fromWho="1" sc="387,-39,94,79,343,-20,176,-20" /><INIT seed="5,0,0,1,3,27" ten="348,173,323,156" oya="1" hai0="28,14,48,31,108,79,60,121,17,32,44,77,117" hai1="2,7,34,107,135,56,120,62,10,89,35,50,102" hai2="52,76,130,57,8,63,38,81,21,86,87,41,47" hai3="18,25,103,23,82,106,64,114,122,110,88,69,93"/><U6/><E120/><V131/><F8/><W37/><G110/><T96/><D108/><U123/><E123/><V104/><F104/><W73/><G122/><T67/><D117/><U70/><E135/><V54/><F21/><W20/><G37/><T12/><D12/><U74/><E74/><V53/><REACH who="2" step="1"/><F86/><REACH who="2" ten="348,173,313,156" step="2"/><W29/><G106/><T61/><D32/><U5/><E34/><V59/><F59/><W1/><G23/><N who="0" m="11703" /><D121/><U30/><E35/><V91/><F91/><W118/><G88/><T127/><D127/><U109/><E89/><V0/><F0/><W39/><G1/><T134/><D134/><U43/><E2/><V68/><F68/><W128/><G69/><T115/><D115/><U80/><E70/><V112/><F112/><W129/><G114/><T101/><D101/><U100/><E100/><V33/><F33/><W84/><G103/><T66/><D96/><U15/><E102/><V3/><F3/><W85/><G85/><T125/><D125/><U116/><E107/><V40/><F40/><W45/><G84/><T75/><D75/><U126/><E126/><V4/><F4/><W49/><G73/><T19/><D79/><U98/><E98/><V95/><F95/><W55/><G93/><T46/><D77/><U105/><E105/><V24/><F24/><W51/><G25/><T65/><D46/><U22/><E5/><V99/><F99/><W83/><G45/><T113/><D113/><U132/><E6/><V111/><F111/><W16/><G20/><T90/><D90/><U133/><E109/><V124/><F124/><W11/><G11/><RYUUKYOKU ba="0,1" sc="348,-10,173,-10,313,30,156,-10" hai2="38,41,47,52,53,54,57,63,76,81,87,130,131" /><INIT seed="6,1,1,3,4,82" ten="338,163,343,146" oya="2" hai0="46,14,63,74,42,122,16,72,83,27,44,71,21" hai1="40,67,129,101,35,34,98,15,75,30,50,65,22" hai2="38,52,134,32,7,126,91,37,58,41,112,19,124" hai3="28,90,111,1,117,69,24,128,120,2,94,23,85"/><V76/><F32/><W33/><G120/><T20/><D122/><U132/><E75/><V130/><F76/><W93/><G117/><T86/><D44/><U43/><E132/><V100/><F7/><W5/><G111/><T88/><D63/><U131/><E65/><V123/><F100/><W48/><G69/><T39/><D71/><U121/><E67/><V11/><F123/><W135/><G135/><T73/><D73/><U103/><E121/><V31/><F31/><AGARI ba="1,1" hai="14,16,20,21,27,31,39,42,46,72,74,83,86,88" machi="31" ten="30,7700,0" yaku="7,1,52,1,54,2" doraHai="82" who="0" fromWho="2" sc="338,90,163,0,343,-80,146,0" /><INIT seed="7,0,0,5,3,2" ten="428,163,263,146" oya="3" hai0="132,96,101,56,109,6,55,128,85,37,66,65,125" hai1="54,30,122,15,18,114,17,91,118,69,80,36,28" hai2="25,60,88,5,3,106,51,16,42,120,44,94,11" hai3="97,110,29,129,99,82,112,123,43,40,116,57,7"/><W12/><G116/><T48/><D109/><U23/><E36/><V1/><F106/><W4/><G123/><T45/><D37/><U0/><E69/><V77/><F120/><W68/><G112/><T102/><D101/><U83/><E122/><V46/><F77/><W10/><G129/><T41/><D85/><N who="1" m="50599" /><E0/><V73/><F73/><W76/><G68/><T117/><D96/><N who="3" m="36937" /><G110/><T64/><D102/><U107/><E107/><V90/><F1/><W19/><G29/><N who="1" m="11370" /><E114/><V22/><F94/><W21/><G57/><T86/><D86/><U78/><E118/><V126/><F126/><W108/><G108/><T32/><D125/><U95/><E95/><V119/><F119/><W93/><G93/><T70/><D56/><U50/><E18/><V81/><F81/><W87/><G10/><T133/><D32/><U61/><E61/><V20/><F60/><W63/><G63/><T39/><D132/><U98/><E98/><V103/><F103/><W74/><G74/><T75/><D75/><U53/><E50/><V13/><F46/><W62/><G62/><T124/><D45/><U121/><E121/><V134/><F134/><W49/><G49/><T47/><D47/><U33/><E33/><V89/><F89/><W24/><G24/><T58/><D39/><U84/><AGARI ba="0,0" hai="15,17,23,53,54,78,83,84" m="11370,50599" machi="84" ten="30,1100,0" yaku="8,1" doraHai="2" who="1" fromWho="1" sc="428,-3,163,11,263,-3,146,-5" owari="425,53.0,174,-23.0,260,6.0,141,-36.0" /></mjloggm>