<mjloggm ver="2.3"><GO type="185" lobby="0"/><UN n0="%E7%A9%BA%E3%81%AB%E8%8A%B1%E7%81%AB" n1="%E5%B8%AB%E5%8C%A0%2F%E9%9B%80%E9%AC%BC" n2="%E3%82%8C%E3%81%99%E3%81%93" n3="" dan="17,17,16,0" rate="2213.41,2241.46,2253.16,1500.00" sx="M,M,F,C"/><TAIKYOKU oya="0"/><INIT seed="0,0,0,0,0,93" ten="350,350,350,0" oya="0" hai0="83,117,39,44,76,53,79,37,101,69,78,102,121" hai1="40,132,54,64,120,62,70,115,42,47,122,95,32" hai2="2,61,90,82,87,109,127,128,66,35,60,89,104" hai3=""/><T3/><D3/><U57/><N who="1" m="30752" /><U123/><N who="1" m="31264" /><U33/><N who="1" m="31520" /><U91/><E132/><V86/><F2/><T110/><N who="0" m="31008" /><T45/><D117/><U0/><E0/><V85/><F35/><T130/><D69/><U38/><E42/><V63/><F109/><T65/><D130/><U46/><E46/><V48/><F128/><T84/><D65/><U80/><E80/><V118/><F127/><T108/><D53/><U75/><E75/><V88/><F104/><T113/><D113/><U97/><REACH who="1" step="1"/><E115/><REACH who="1" ten="350,340,350,0" step="2"/><V100/><F118/><T116/><D45/><U71/><E71/><V1/><F1/><T112/><D44/><U51/><AGARI ba="0,1" hai="32,33,38,40,47,51,54,57,62,64,70,91,95,97" m="31520,31264,30752" machi="51" ten="20,12000,3" yaku="1,1,0,1,7,1,24,2,52,4,53,0" doraHai="93" doraHaiUra="133" who="1" fromWho="1" sc="350,-80,340,130,350,-40,0,0" /><INIT seed="1,0,0,4,1,44" ten="270,470,310,0" oya="1" hai0="47,105,131,86,75,133,87,107,73,45,103,122,92" hai1="104,90,94,129,85,126,102,72,108,77,62,57,81" hai2="58,33,128,118,89,99,101,82,32,100,111,34,113" hai3=""/><U35/><E35/><V66/><F118/><T127/><N who="0" m="31264" /><T125/><D92/><U63/><E126/><V135/><F111/><T80/><D103/><U36/><E129/><V2/><F2/><T74/><D131/><U83/><E108/><V132/><F128/><T84/><D133/><N who="2" m="51274" /><F113/><T64/><D64/><U48/><E36/><V3/><F3/><T130/><D130/><U71/><E71/><V69/><F69/><T37/><D80/><U78/><E104/><N who="0" m="40009" /><D37/><U49/><E102/><V52/><F66/><T56/><D56/><U124/><E124/><AGARI ba="0,0" hai="45,47,73,74,75,84,86,87,124,125,127" m="40009,31264" machi="124" ten="40,8000,1" yaku="28,2,18,1,52,1" doraHai="44" who="0" fromWho="1" sc="270,80,470,-80,310,0,0,0" /><INIT seed="2,0,0,2,1,90" ten="350,390,310,0" oya="2" hai0="80,89,41,102,115,58,72,116,65,110,97,85,66" hai1="118,87,56,36,119,73,75,113,131,42,69,127,50" hai2="70,134,123,108,104,40,38,100,106,96,55,57,129" hai3=""/><V68/><N who="2" m="31520" /><V84/><F129/><T74/><D115/><U130/><E113/><V81/><F134/><T99/><D116/><N who="1" m="44587" /><E127/><V47/><F106/><T117/><D117/><U45/><E69/><V132/><F132/><T120/><N who="0" m="30752" /><T128/><D128/><N who="1" m="49195" /><E87/><V88/><REACH who="2" step="1"/><F108/><REACH who="2" ten="350,390,300,0" step="2"/><T95/><D110/><U105/><E105/><V112/><F112/><T62/><D74/><U2/><E2/><V92/><F92/><T63/><D72/><U109/><E109/><V61/><AGARI ba="0,1" hai="38,40,47,55,57,61,68,70,81,84,88,96,100,104" m="31520" machi="61" ten="20,8000,1" yaku="1,1,0,1,7,1,52,1,54,1,53,0" doraHai="90" doraHaiUra="122" who="2" fromWho="2" sc="350,-40,390,-40,300,90,0,0" /><INIT seed="2,1,0,5,3,1" ten="310,350,390,0" oya="2" hai0="76,77,87,0,127,41,46,65,128,96,40,106,123" hai1="104,49,33,3,112,89,55,38,98,52,79,43,107" hai2="93,103,119,37,92,56,113,51,44,53,133,54,105" hai3=""/><V118/><F113/><T81/><D0/><U48/><E3/><V130/><F133/><T39/><N who="0" m="31520" /><T134/><D134/><U114/><E79/><V68/><F68/><T100/><D128/><U126/><E126/><V80/><F130/><T94/><D127/><U110/><E110/><V109/><F109/><T64/><D77/><U36/><E98/><V111/><F111/><T99/><REACH who="0" step="1"/><D41/><REACH who="0" ten="300,350,390,0" step="2"/><U57/><E43/><V125/><F125/><T78/><D78/><U129/><E129/><V42/><F119/><T88/><AGARI ba="1,1" hai="39,40,46,64,65,76,81,87,88,94,96,99,100,106" m="31520" machi="88" ten="20,6000,1" yaku="1,1,0,1,7,1,52,1,54,1,53,0" doraHai="1" doraHaiUra="59" who="0" fromWho="0" sc="300,72,350,-21,390,-41,0,0" /><INIT seed="4,0,0,5,5,48" ten="372,329,349,0" oya="0" hai0="52,59,124,128,38,118,113,82,132,68,74,60,92" hai1="120,89,85,53,65,122,116,81,0,41,40,36,102" hai2="78,95,61,50,57,119,58,43,3,42,90,2,135" hai3=""/><T86/><D118/><U129/><N who="1" m="30752" /><U63/><N who="1" m="31264" /><U88/><E116/><V133/><F78/><T123/><N who="0" m="31520" /><T46/><D124/><U103/><E0/><V79/><F79/><T108/><D108/><U44/><E129/><V91/><F119/><T100/><D132/><U94/><E40/><V45/><F43/><T84/><D128/><U125/><E53/><V71/><F71/><T67/><D113/><U115/><E125/><V134/><F90/><T70/><D74/><U64/><E115/><V98/><REACH who="2" step="1"/><F58/><REACH who="2" ten="372,329,339,0" step="2"/><T34/><D68/><U105/><E105/><V62/><F62/><T54/><D70/><U37/><E37/><V107/><F107/><T39/><D34/><U87/><REACH who="1" step="1"/><E63/><REACH who="1" ten="372,319,339,0" step="2"/><V80/><F80/><T114/><D82/><U76/><E76/><V66/><AGARI ba="0,2" hai="2,3,42,45,50,57,61,66,91,95,98,133,134,135" machi="66" ten="30,5900,0" yaku="1,1,0,1,20,1,53,1" doraHai="48" doraHaiUra="56" who="2" fromWho="2" sc="372,-39,319,-20,339,79,0,0" /><INIT seed="5,0,0,1,0,81" ten="333,299,418,0" oya="1" hai0="35,87,58,42,38,117,2,82,129,104,127,123,91" hai1="111,132,67,75,53,114,102,34,130,76,135,93,45" hai2="92,90,54,100,72,36,119,33,43,47,106,98,77" hai3=""/><U83/><E34/><V70/><F119/><T39/><N who="0" m="31520" /><T94/><D2/><U84/><E114/><V113/><F33/><T128/><D35/><U133/><E130/><N who="0" m="50281" /><D117/><U65/><E111/><V121/><N who="2" m="31008" /><V80/><F113/><T44/><D127/><U41/><E53/><V99/><F70/><T103/><D58/><U112/><E112/><V78/><F78/><T46/><D46/><U89/><REACH who="1" step="1"/><E102/><REACH who="1" ten="333,289,418,0" step="2"/><V57/><F54/><T1/><D1/><U49/><AGARI ba="0,1" hai="41,45,49,65,67,75,76,83,84,89,93,132,133,135" machi="49" ten="30,12000,2" yaku="1,1,2,1,0,1,20,1,52,1,53,1" doraHai="81" doraHaiUra="105" who="1" fromWho="1" sc="333,-60,289,130,418,-60,0,0" /><INIT seed="5,1,0,4,4,67" ten="273,419,358,0" oya="1" hai0="99,36,38,103,131,39,108,50,61,111,79,84,86" hai1="98,104,34,37,3,80,74,90,121,132,40,87,65" hai2="48,75,58,113,44,41,56,89,101,70,96,46,125" hai3=""/><U130/><N who="1" m="31008" /><U107/><E3/><V105/><F125/><T127/><D127/><U71/><E34/><V78/><F113/><T124/><D124/><U128/><E132/><V68/><F89/><T102/><D131/><N who="1" m="50219" /><E74/><V66/><F46/><T60/><D79/><U110/><E110/><V119/><F119/><T73/><D73/><U0/><E0/><V35/><F35/><T63/><D50/><U97/><E40/><V95/><F105/><N who="1" m="40521" /><E37/><V133/><F133/><T54/><D54/><U94/><E80/><V43/><F43/><T49/><D49/><U126/><E126/><V135/><F135/><T116/><D116/><U45/><E45/><V47/><F47/><T109/><REACH who="0" step="1"/><D99/><REACH who="0" ten="263,419,358,0" step="2"/><U52/><E52/><V51/><F51/><T92/><D92/><U32/><E32/><V69/><REACH who="2" step="1"/><F66/><REACH who="2" ten="263,419,348,0" step="2"/><T117/><D117/><U42/><E42/><V129/><F129/><T33/><D33/><U64/><E64/><V122/><N who="2" m="31264" /><V55/><F55/><T112/><D112/><U100/><E65/><V83/><AGARI ba="1,2" hai="41,44,48,56,58,68,69,70,75,78,83,95,96,101" m="31264" machi="83" ten="40,12000,3" yaku="1,1,0,1,52,4,53,2" doraHai="67" doraHaiUra="53" who="2" fromWho="2" sc="263,-41,419,-81,348,142,0,0" /><INIT seed="6,0,0,4,1,116" ten="222,338,490,0" oya="2" hai0="135,91,44,89,85,105,133,124,48,114,108,80,62" hai1="68,79,129,58,69,134,92,94,52,47,132,57,88" hai2="66,104,49,98,33,75,61,95,93,37,72,96,117" hai3=""/><V77/><F37/><T73/><D108/><U99/><E129/><V55/><F104/><T83/><D62/><U41/><E79/><V103/><F33/><T40/><D124/><U107/><E107/><V2/><F117/><T131/><D131/><U34/><E94/><V70/><F77/><T50/><D114/><U127/><E58/><V115/><F2/><T36/><D105/><U78/><E78/><V64/><F64/><T97/><D97/><U120/><N who="1" m="30752" /><U51/><E34/><V111/><F111/><T122/><N who="0" m="31264" /><T46/><D36/><U56/><E56/><V60/><F115/><T65/><D65/><U1/><E1/><V71/><F66/><T87/><D73/><U76/><E76/><V45/><F75/><T43/><AGARI ba="0,0" hai="40,43,44,46,48,50,80,83,85,87,89,91,133,135" m="31264" machi="43" ten="30,9000,2" yaku="0,1,32,3,52,2" doraHai="116" who="0" fromWho="0" sc="222,90,338,-30,490,-60,0,0" owari="312,-9.0,308,-29.0,430,38.0,0,0.0" /></mjloggm>