<mjloggm ver="2.3"><GO type="185" lobby="0"/><UN n0="%E3%82%8A%E3%82%85%E3%81%99%E3%81%8F" n1="%E5%B8%AB%E5%8C%A0%2F%E9%9B%80%E9%AC%BC" n2="%E5%B7%A5%E8%97%A4%E3%81%95%E3%82%93" n3="" dan="17,17,16,0" rate="2233.06,2229.87,2230.49,1500.00" sx="M,M,M,C"/><TAIKYOKU oya="0"/><INIT seed="0,0,0,0,5,115" ten="350,350,350,0" oya="0" hai0="105,49,44,58,120,52,80,135,36,88,82,63,112" hai1="122,130,90,133,78,117,132,116,1,91,48,62,3" hai2="39,131,111,70,37,119,96,54,73,69,65,118,100" hai3=""/><T56/><N who="0" m="30752" /><T103/><D135/><N who="1" m="51787" /><E130/><V124/><F131/><T127/><D127/><U61/><N who="1" m="31264" /><U95/><E78/><V94/><F124/><T104/><D112/><U60/><E48/><V74/><F111/><T109/><D109/><U77/><E77/><V113/><F113/><T43/><D103/><U55/><E55/><V0/><F0/><N who="1" m="73" /><E91/><V121/><N who="2" m="31008" /><V33/><F33/><T101/><D101/><U2/><N who="1" m="81" /><U114/><DORA hai="76" /><E114/><V66/><F54/><T89/><D89/><U107/><E107/><V123/><N who="2" m="31520" /><V108/><F108/><T86/><REACH who="0" step="1"/><D82/><REACH who="0" ten="340,350,350,0" step="2"/><U68/><E68/><V50/><F100/><T38/><D38/><U134/><E134/><V87/><F39/><T125/><D125/><U59/><E59/><V53/><F37/><T67/><AGARI ba="0,1" hai="36,43,44,49,52,56,58,63,67,80,86,88,104,105" m="30752" machi="67" ten="20,16000,3" yaku="1,1,0,1,7,1,52,2,54,2,53,1" doraHai="115,76" doraHaiUra="47,128" who="0" fromWho="0" sc="340,170,350,-80,350,-80,0,0" /><INIT seed="0,1,0,1,3,100" ten="510,270,270,0" oya="0" hai0="81,89,76,32,35,129,39,134,63,40,70,103,57" hai1="33,36,38,88,113,102,3,108,94,72,50,73,42" hai2="68,92,59,83,107,105,51,86,62,2,135,109,61" hai3=""/><T95/><D129/><U43/><E33/><V48/><F2/><T96/><D70/><U64/><E3/><V80/><F109/><T110/><D134/><U52/><E108/><V1/><F135/><T60/><D110/><U67/><E113/><V44/><F1/><T45/><D60/><U82/><E102/><V74/><F68/><T118/><D89/><U47/><E43/><V85/><F92/><T127/><D127/><U71/><E38/><V125/><F74/><T116/><D35/><U104/><E104/><V106/><F125/><T54/><D32/><U49/><E49/><N who="2" m="19019" /><F59/><T90/><D103/><U122/><N who="1" m="31264" /><U75/><E82/><N who="2" m="31275" /><F44/><T66/><REACH who="0" step="1"/><D66/><REACH who="0" ten="500,270,270,0" step="2"/><U119/><E71/><V130/><F130/><T91/><D91/><U56/><REACH who="1" step="1"/><E119/><REACH who="1" ten="500,260,270,0" step="2"/><V112/><F112/><T97/><D97/><AGARI ba="1,2" hai="36,42,47,50,52,56,64,67,72,73,75,88,94,97" m="31264" machi="97" ten="40,12000,2" yaku="1,1,2,1,52,1,54,2,53,1" doraHai="100" doraHaiUra="93" who="1" fromWho="0" sc="500,-122,260,142,270,0,0,0" /><INIT seed="1,0,0,3,4,53" ten="378,402,270,0" oya="1" hai0="84,67,111,120,98,134,92,50,132,124,82,131,78" hai1="89,117,80,128,46,42,99,60,56,41,74,43,70" hai2="87,83,68,110,3,86,37,126,79,39,97,36,125" hai3=""/><U55/><E117/><V49/><F3/><T103/><N who="0" m="30752" /><T45/><D111/><U115/><E115/><V93/><F110/><T95/><D124/><N who="2" m="47722" /><F68/><T106/><D67/><U57/><E128/><V52/><F87/><T81/><D131/><U108/><E108/><V65/><F65/><T62/><D62/><U109/><E109/><V54/><F49/><T1/><D1/><U69/><E46/><V107/><F107/><T90/><D50/><U118/><E118/><V104/><F104/><T59/><D45/><U35/><E35/><V64/><F64/><T40/><D40/><U116/><E116/><V71/><F71/><T58/><D106/><U127/><E127/><V47/><F47/><T122/><N who="0" m="31264" /><T0/><D0/><U135/><E69/><V112/><F112/><T73/><REACH who="0" step="1"/><D92/><REACH who="0" ten="368,402,270,0" step="2"/><U63/><E60/><V123/><N who="2" m="31520" /><V51/><F51/><T105/><D105/><U121/><E63/><V32/><F32/><T66/><D66/><U88/><E70/><V129/><F129/><T100/><D100/><AGARI ba="0,1" hai="36,37,39,52,54,79,83,86,93,97,100" m="31520,47722" machi="100" ten="40,5200,0" yaku="18,1,52,1,54,1" doraHai="53" who="2" fromWho="0" sc="368,-52,402,0,270,62,0,0" /><INIT seed="2,0,0,4,2,64" ten="316,402,332,0" oya="2" hai0="67,34,126,114,51,102,116,83,110,92,122,73,121" hai1="133,55,77,48,36,37,59,93,35,123,87,44,75" hai2="50,54,127,70,80,56,71,43,124,131,130,108,0" hai3=""/><V45/><F80/><T125/><N who="0" m="31008" /><T65/><N who="0" m="31264" /><T98/><D34/><U76/><N who="1" m="31520" /><U134/><E35/><V113/><F0/><T86/><D116/><U101/><E75/><V39/><F113/><T88/><D110/><U61/><E101/><V79/><F79/><T40/><D73/><U129/><E129/><N who="2" m="49163" /><F108/><T111/><D111/><U90/><E76/><V74/><F74/><T135/><D135/><N who="1" m="51723" /><E77/><V84/><F84/><T100/><D100/><U95/><E95/><V2/><F2/><T60/><D114/><U128/><E128/><V42/><F42/><AGARI ba="0,0" hai="36,37,42,44,48,55,59,61,87,90,93" m="51723,31520" machi="42" ten="30,2000,0" yaku="20,1,52,1" doraHai="64" who="1" fromWho="2" sc="316,0,402,20,332,-20,0,0" /><INIT seed="4,0,0,0,4,57" ten="316,422,312,0" oya="0" hai0="100,129,130,71,62,33,89,128,77,118,132,120,51" hai1="124,54,87,101,52,32,98,0,44,55,78,108,50" hai2="114,56,65,85,86,38,109,64,42,59,127,3,105" hai3=""/><T99/><N who="0" m="30752" /><T112/><D33/><U134/><E108/><V96/><F3/><T92/><D118/><U97/><E32/><V46/><F109/><T1/><D1/><U104/><E0/><V117/><F114/><T111/><D112/><U49/><E124/><V37/><F127/><T60/><D71/><U115/><E115/><V61/><F117/><T72/><D132/><U75/><E134/><V35/><F35/><T102/><D51/><U67/><E75/><V95/><F105/><T40/><D40/><U88/><E67/><V123/><N who="2" m="31520" /><V68/><F38/><T122/><N who="0" m="31264" /><T84/><D111/><U125/><E125/><V48/><F68/><T41/><D41/><U116/><E116/><V82/><F82/><T69/><D69/><U63/><E63/><N who="0" m="24105" /><D72/><U135/><E135/><V73/><F73/><T110/><D110/><U106/><E50/><V74/><F74/><T81/><AGARI ba="0,0" hai="77,81,84,89,92,99,100,102,128,129,130" m="24105,31264,30752" machi="81" ten="40,12000,2" yaku="19,1,52,5" doraHai="57" who="0" fromWho="0" sc="316,120,422,-60,312,-60,0,0" /><INIT seed="4,1,0,2,1,40" ten="436,362,252,0" oya="0" hai0="63,52,58,70,84,65,87,75,64,81,118,80,61" hai1="44,50,128,74,79,45,53,78,3,109,48,129,46" hai2="95,32,57,35,91,98,54,104,76,131,73,133,47" hai3=""/><T101/><D118/><U120/><N who="1" m="30752" /><U102/><E109/><V51/><F131/><N who="1" m="50249" /><E3/><V121/><N who="2" m="31008" /><V42/><F133/><T1/><D1/><U119/><E119/><V105/><F73/><T71/><D101/><U55/><E102/><V37/><REACH who="2" step="1"/><F76/><REACH who="2" ten="436,362,242,0" step="2"/><N who="1" m="29225" /><E74/><V134/><F134/><T127/><D75/><U41/><E41/><V92/><F92/><T83/><REACH who="0" step="1"/><D127/><REACH who="0" ten="426,362,242,0" step="2"/><U103/><E103/><V68/><F68/><T117/><D117/><U2/><E2/><V135/><F135/><T59/><D59/><AGARI ba="1,2" hai="44,45,46,48,50,53,55,59" m="29225,50249,30752" machi="59" ten="30,8000,1" yaku="19,1,52,4" doraHai="40" who="1" fromWho="0" sc="426,-82,362,102,242,0,0,0" /><INIT seed="5,0,0,0,3,81" ten="344,464,242,0" oya="1" hai0="127,34,72,36,80,67,3,131,98,74,88,55,66" hai1="100,120,85,132,135,75,126,60,77,50,107,1,122" hai2="53,0,103,115,44,94,73,82,108,65,37,123,63" hai3=""/><U90/><N who="1" m="30752" /><U54/><N who="1" m="31264" /><U42/><E1/><V45/><N who="2" m="31520" /><V105/><F0/><T92/><D34/><U57/><E126/><V35/><F108/><T117/><D3/><U52/><E75/><V58/><F35/><T68/><D127/><U56/><E77/><V134/><F134/><N who="1" m="51241" /><E42/><V110/><F110/><T46/><D131/><U38/><E38/><V2/><F2/><T129/><D129/><U96/><E90/><V32/><F32/><T83/><D117/><U106/><E85/><V41/><F115/><T101/><D74/><U89/><E89/><V78/><F105/><AGARI ba="0,0" hai="50,52,54,56,57,60,96,100,105,106,107" m="51241,31264,30752" machi="105" ten="30,11600,0" yaku="20,1,52,2,54,1" doraHai="81" who="1" fromWho="2" sc="344,0,464,116,242,-116,0,0" /><INIT seed="5,1,0,3,0,99" ten="344,580,126,0" oya="1" hai0="101,110,77,94,67,1,126,124,123,100,42,129,62" hai1="127,97,49,61,64,130,79,131,113,108,52,48,55" hai2="87,69,119,98,34,35,112,76,75,37,66,63,83" hai3=""/><U107/><E113/><V40/><F112/><T103/><N who="0" m="31520" /><T120/><N who="0" m="30752" /><T114/><D1/><U102/><E108/><V47/><F119/><T90/><D114/><U53/><E127/><N who="0" m="48681" /><D110/><U33/><E79/><V88/><REACH who="2" step="1"/><F98/><REACH who="2" ten="344,580,116,0" step="2"/><T109/><D109/><U2/><E2/><V59/><F59/><T118/><D118/><U70/><REACH who="1" step="1"/><E33/><REACH who="1" ten="344,570,116,0" step="2"/><V57/><F57/><T91/><D129/><AGARI ba="1,2" hai="48,49,52,53,55,61,64,70,97,102,107,129,130,131" machi="129" ten="40,18000,2" yaku="1,1,2,1,19,1,52,1,54,1,53,1" doraHai="99" doraHaiUra="56" who="1" fromWho="0" sc="344,-182,570,202,116,0,0,0" /><INIT seed="5,2,0,5,3,83" ten="162,772,116,0" oya="1" hai0="88,95,122,94,70,1,71,32,52,135,89,127,44" hai1="85,49,100,101,33,102,59,61,47,66,74,41,68" hai2="43,114,56,104,62,96,34,42,99,58,50,37,115" hai3=""/><U87/><E74/><V93/><F34/><T107/><N who="0" m="31264" /><T125/><D107/><U38/><REACH who="1" step="1"/><E33/><REACH who="1" ten="162,762,116,0" step="2"/><V73/><F73/><T117/><D32/><U108/><E108/><V97/><F115/><T57/><D125/><U109/><E109/><V40/><F114/><T126/><D127/><U91/><E91/><V2/><F2/><T98/><D88/><U78/><E78/><V60/><F104/><T76/><D89/><U79/><E79/><V63/><F37/><T72/><D76/><U132/><E132/><V118/><F118/><T80/><D72/><U124/><E124/><V39/><F39/><T69/><D135/><U112/><E112/><V77/><F77/><T75/><D126/><U121/><N who="1" m="31008" /><U67/><E67/><V134/><F134/><T3/><D117/><U53/><AGARI ba="2,1" hai="38,41,47,49,53,59,61,66,68,85,87,100,101,102" m="31008" machi="53" ten="30,16000,3" yaku="1,1,0,1,24,2,52,3,53,1" doraHai="83" doraHaiUra="48" who="1" fromWho="1" sc="162,-82,762,174,116,-82,0,0" /><INIT seed="5,3,0,5,4,54" ten="80,936,34,0" oya="1" hai0="91,3,118,107,84,50,116,1,38,119,121,73,80" hai1="77,89,63,83,108,46,86,40,114,2,55,61,104" hai2="68,58,101,126,42,92,64,70,120,74,99,112,65" hai3=""/><U129/><E2/><V103/><N who="2" m="30752" /><V117/><F117/><T79/><N who="0" m="31008" /><T106/><D38/><U72/><E114/><V122/><N who="2" m="31264" /><V47/><F112/><T133/><D50/><U57/><E129/><V97/><F74/><T100/><D133/><U34/><E34/><V94/><F126/><T49/><D49/><U109/><E104/><N who="0" m="39977" /><D100/><U95/><REACH who="1" step="1"/><E61/><REACH who="1" ten="80,926,34,0" step="2"/><V35/><F35/><T130/><D3/><U123/><N who="1" m="31520" /><U90/><E90/><V48/><REACH who="2" step="1"/><F58/><REACH who="2" ten="80,926,24,0" step="2"/><T66/><D1/><U115/><E115/><V128/><F128/><T81/><D130/><U76/><E76/><V124/><F124/><T44/><D119/><U134/><E134/><V69/><AGARI ba="3,2" hai="42,47,48,64,65,68,69,70,92,94,97,99,101,103" m="31264,30752" machi="69" ten="30,6000,1" yaku="1,1,0,1,9,1,52,2,53,0" doraHai="54" doraHaiUra="102" who="2" fromWho="2" sc="80,-23,926,-43,24,86,0,0" /><INIT seed="6,0,0,1,2,125" ten="57,883,110,0" oya="2" hai0="95,0,92,42,102,90,56,117,133,58,100,79,55" hai1="52,110,48,78,114,75,98,129,53,118,81,84,112" hai2="37,65,88,32,116,61,87,119,132,122,89,128,83" hai3=""/><V76/><N who="2" m="31264" /><V67/><F32/><T62/><D0/><U123/><N who="1" m="31520" /><U64/><E110/><V49/><F37/><T46/><D133/><U85/><E129/><V70/><F132/><T44/><D117/><U59/><E118/><V131/><F65/><T74/><D74/><U86/><E64/><V113/><F113/><N who="1" m="43625" /><E53/><V34/><F34/><T69/><D79/><U111/><E98/><V127/><F127/><T121/><N who="0" m="31008" /><T96/><D69/><U2/><E111/><V57/><F119/><T109/><D109/><U104/><E104/><V63/><F116/><T33/><D33/><U43/><E43/><V130/><F49/><T77/><D77/><U105/><E105/><V73/><F73/><T82/><D42/><U40/><E40/><V106/><F106/><T97/><REACH who="0" step="1"/><D58/><REACH who="0" ten="47,883,110,0" step="2"/><U35/><E35/><V103/><F57/><T60/><D60/><U41/><E41/><V99/><F61/><T50/><D50/><U91/><E2/><V80/><F63/><T66/><D66/><U45/><E59/><V134/><F67/><T120/><N who="0" m="30752" /><T71/><D71/><U135/><E135/><V93/><F70/><T124/><D124/><U1/><E1/><V107/><F134/><T68/><D68/><RYUUKYOKU ba="0,1" sc="47,10,883,10,110,-20,0,0" hai0="44,46,55,56,62,82,90,92,95,96,97,100,102" hai1="45,48,52,75,78,81,84,85,86,91" owari="57,-54.0,903,85.0,90,-31.0,0,0.0" /></mjloggm>