<mjloggm ver="2.3"><GO type="185" lobby="0"/><UN n0="%43%72%65%2E%43" n1="%E6%84%9B%E3%81%A8%E6%AD%A3%E7%BE%A9" n2="%E3%83%84%E3%83%BC%E3%82%A2%E3%82%A6%E3%83%88" n3="" dan="18,17,16,0" rate="2322.81,2267.07,2234.75,1500.00" sx="F,F,M,C"/><TAIKYOKU oya="0"/><INIT seed="0,0,0,2,5,116" ten="350,350,350,0" oya="0" hai0="108,40,65,82,123,88,1,131,92,101,87,2,0" hai1="126,53,100,33,114,62,105,133,48,66,125,57,134" hai2="78,107,47,77,70,118,45,115,51,38,49,44,46" hai3=""/><T89/><N who="0" m="31520" /><T106/><D131/><U104/><E33/><V98/><F118/><T90/><D106/><U72/><E72/><V91/><F115/><T59/><D108/><U120/><N who="1" m="30752" /><U61/><E61/><V103/><F70/><T96/><REACH who="0" step="1"/><D40/><REACH who="0" ten="340,350,350,0" step="2"/><U97/><E105/><V37/><F37/><T71/><D71/><U102/><E114/><V124/><F38/><T54/><D54/><U34/><E34/><V36/><F36/><T76/><D76/><U56/><REACH who="1" step="1"/><E100/><REACH who="1" ten="340,340,350,0" step="2"/><V55/><F78/><T69/><D69/><U130/><E130/><V128/><F77/><T68/><D68/><U93/><E93/><V122/><N who="2" m="31264" /><V50/><F128/><T52/><D52/><U32/><E32/><V81/><F55/><T117/><D117/><U58/><E58/><V121/><N who="2" m="31008" /><V67/><F107/><T85/><D85/><U3/><E3/><V74/><F103/><T112/><D112/><U75/><E75/><V94/><F74/><T60/><AGARI ba="0,2" hai="0,1,2,59,60,65,82,87,88,89,90,92,96,101" m="31520" machi="60" ten="40,8000,1" yaku="1,1,0,1,52,2,54,1,53,0" doraHai="116" doraHaiUra="73" who="0" fromWho="0" sc="340,100,340,-40,350,-40,0,0" /><INIT seed="0,1,0,3,4,92" ten="440,300,310,0" oya="0" hai0="76,49,129,61,60,87,98,84,40,107,116,80,95" hai1="132,106,1,109,78,94,66,77,120,118,113,122,86" hai2="59,128,43,89,83,133,37,38,115,64,70,93,101" hai3=""/><T131/><D116/><U71/><N who="1" m="30752" /><U2/><N who="1" m="31264" /><U79/><E118/><V44/><F115/><T46/><D107/><U100/><E113/><V75/><F128/><N who="0" m="49226" /><D84/><U42/><E109/><V97/><F70/><T73/><D87/><U41/><E132/><V82/><F133/><T85/><D85/><U67/><E106/><V34/><F34/><T111/><D111/><U105/><E105/><V110/><F110/><T51/><D49/><U126/><E126/><V117/><F117/><T121/><N who="0" m="31008" /><T134/><D134/><U33/><E33/><V102/><F37/><T112/><D112/><U63/><E86/><V90/><F75/><T103/><AGARI ba="1,0" hai="40,46,51,60,61,73,76,80,95,98,103" m="31008,49226" machi="103" ten="30,4000,0" yaku="19,1,52,2" doraHai="92" who="0" fromWho="0" sc="440,42,300,-21,310,-21,0,0" /><INIT seed="0,2,0,3,5,69" ten="482,279,289,0" oya="0" hai0="3,115,110,114,51,67,125,123,73,0,44,76,102" hai1="65,66,71,53,58,78,70,100,111,57,105,113,90" hai2="40,39,81,50,108,120,86,42,107,77,87,32,127" hai3=""/><T75/><N who="0" m="31520" /><T99/><D67/><N who="1" m="25611" /><E78/><V79/><N who="2" m="30752" /><V83/><F32/><T92/><D125/><U135/><E90/><V72/><F127/><T60/><D60/><U63/><E100/><V124/><F124/><T84/><D84/><U91/><E91/><V119/><F107/><T56/><D56/><U48/><E105/><V117/><F50/><T118/><D75/><U88/><E88/><V33/><F33/><T47/><D73/><U41/><E111/><V35/><F35/><T61/><D76/><U62/><E135/><V109/><REACH who="2" step="1"/><F72/><REACH who="2" ten="482,279,279,0" step="2"/><T89/><D110/><U49/><E113/><V134/><F134/><T94/><D115/><U131/><E131/><V55/><F55/><T103/><D114/><U122/><N who="1" m="31264" /><U59/><E49/><V126/><F126/><T38/><D51/><U54/><E41/><V132/><F132/><T98/><D94/><U45/><E53/><V85/><F85/><T129/><D129/><U68/><AGARI ba="2,1" hai="45,48,54,57,58,59,62,63,68,70,71" m="31264,25611" machi="68" ten="40,9000,2" yaku="35,5,52,1" doraHai="69" who="1" fromWho="1" sc="482,-62,279,104,279,-32,0,0" /><INIT seed="1,0,0,5,5,112" ten="420,383,247,0" oya="1" hai0="1,104,108,62,98,119,40,99,81,120,59,47,100" hai1="133,64,83,86,43,82,74,3,87,105,109,57,84" hai2="128,79,110,127,38,51,125,135,73,63,102,92,2" hai3=""/><U54/><E3/><V69/><F2/><T77/><N who="0" m="30752" /><T85/><D108/><U41/><E109/><V124/><F38/><T34/><D1/><U55/><E105/><V80/><F110/><T94/><D34/><U96/><E96/><V66/><F128/><T91/><D119/><U72/><E133/><V121/><N who="2" m="31008" /><V88/><F135/><T33/><D33/><U129/><E64/><V50/><REACH who="2" step="1"/><F102/><REACH who="2" ten="420,383,237,0" step="2"/><T131/><D131/><U67/><E129/><V61/><F61/><T116/><D116/><U123/><N who="1" m="31520" /><U56/><E84/><AGARI ba="0,1" hai="50,51,63,66,69,73,79,80,84,88,92,124,125,127" m="31008" machi="84" ten="40,12000,2" yaku="1,1,18,1,52,1,54,1,53,2" doraHai="112" doraHaiUra="44" who="2" fromWho="1" sc="420,0,383,-120,237,130,0,0" /><INIT seed="2,0,0,0,2,47" ten="420,263,367,0" oya="2" hai0="74,73,105,129,96,42,69,135,59,40,60,85,93" hai1="95,102,121,72,71,123,3,0,82,65,133,112,49" hai2="39,132,53,66,62,77,56,107,57,111,114,2,91" hai3=""/><V98/><F2/><T44/><D69/><U126/><N who="1" m="31008" /><U88/><N who="1" m="31520" /><U70/><E112/><V37/><F114/><T87/><D105/><U109/><E109/><V78/><F111/><T51/><D135/><U50/><E133/><V115/><F115/><T90/><D129/><U79/><E126/><V104/><F132/><T61/><D61/><U54/><E102/><V38/><F91/><T134/><D40/><U76/><E76/><V97/><F78/><T75/><REACH who="0" step="1"/><D134/><REACH who="0" ten="410,263,367,0" step="2"/><U99/><E70/><V116/><F116/><T103/><D103/><U117/><E117/><V127/><F127/><T52/><AGARI ba="0,1" hai="42,44,51,52,59,60,73,74,75,85,87,90,93,96" machi="52" ten="30,5900,0" yaku="1,1,0,1,52,1,54,1,53,0" doraHai="47" doraHaiUra="35" who="0" fromWho="0" sc="410,69,263,-20,367,-39,0,0" /><INIT seed="4,0,0,0,0,44" ten="479,243,328,0" oya="0" hai0="122,102,81,47,0,126,60,87,111,128,41,2,62" hai1="110,90,79,105,93,100,32,114,95,52,45,56,78" hai2="77,35,116,3,1,103,58,118,67,88,49,96,125" hai3=""/><T130/><N who="0" m="31264" /><T37/><D126/><U73/><E110/><V99/><F35/><T54/><D102/><U83/><E32/><V76/><F67/><T101/><D101/><U85/><E114/><V134/><F125/><T53/><D111/><U70/><E70/><V91/><F58/><T129/><D62/><U94/><E45/><V65/><F103/><T106/><D106/><U113/><E113/><V98/><F65/><T135/><D135/><U131/><E131/><V50/><REACH who="2" step="1"/><F99/><REACH who="2" ten="479,243,318,0" step="2"/><T42/><D130/><U72/><E56/><V57/><F57/><T104/><D129/><U120/><N who="1" m="30752" /><U46/><E46/><V39/><F39/><T33/><D128/><U69/><E69/><V115/><F115/><T74/><D37/><U38/><E38/><V127/><F127/><T123/><D33/><U89/><E52/><V40/><F40/><T75/><D41/><U55/><E55/><V64/><F64/><T63/><D42/><U112/><E112/><V71/><F71/><T133/><D47/><U119/><E119/><V59/><F59/><T92/><D53/><U36/><E36/><V82/><F82/><T109/><D81/><U43/><E43/><V34/><F34/><T80/><N who="0" m="31520" /><T107/><D54/><RYUUKYOKU ba="0,1" sc="479,-10,243,-10,318,20,0,0" hai2="1,3,49,50,76,77,88,91,96,98,116,118,134" /><INIT seed="5,1,1,0,1,0" ten="469,233,338,0" oya="1" hai0="80,87,57,111,113,116,68,43,51,109,40,37,117" hai1="61,69,78,102,112,46,66,106,129,91,59,34,92" hai2="119,45,42,85,133,74,104,134,98,122,131,32,82" hai3=""/><U125/><E34/><V110/><N who="2" m="31264" /><V101/><F110/><T132/><D68/><U107/><E112/><V53/><F119/><N who="0" m="45642" /><D132/><N who="2" m="50794" /><F131/><T67/><D37/><U128/><E125/><V33/><F53/><T123/><N who="0" m="31520" /><T47/><D40/><U105/><E78/><V135/><N who="2" m="50802" /><V48/><DORA hai="71" /><F74/><T52/><D67/><U121/><N who="1" m="31008" /><U60/><E102/><V127/><F127/><T41/><D113/><U72/><E72/><V100/><F100/><T126/><D126/><U108/><E46/><V38/><F48/><T44/><D47/><U89/><E108/><N who="0" m="41545" /><D44/><U93/><E69/><V99/><F99/><T50/><D51/><U75/><E75/><V39/><F39/><T88/><AGARI ba="1,1" hai="41,43,50,52,57,80,87,88" m="41545,31520,45642" machi="88" ten="30,5900,0" yaku="12,1,52,1,54,2" doraHai="0,71" who="0" fromWho="0" sc="469,71,233,-40,338,-21,0,0" /><INIT seed="6,0,0,4,5,86" ten="540,193,317,0" oya="2" hai0="129,126,73,119,36,68,50,121,125,134,77,44,65" hai1="88,109,58,114,80,70,66,78,55,42,113,72,96" hai2="59,74,115,106,71,131,112,63,122,103,35,100,2" hai3=""/><V51/><N who="2" m="31264" /><V133/><F2/><T61/><N who="0" m="31008" /><T85/><D73/><U102/><E109/><V39/><F35/><T97/><D36/><U69/><E42/><V98/><F39/><T49/><D119/><U67/><E67/><V89/><F74/><T93/><D134/><U91/><E66/><V40/><F133/><T99/><D129/><U94/><E69/><V37/><F131/><T110/><D110/><U53/><E70/><V81/><F37/><T56/><D56/><U128/><E128/><V64/><F103/><T82/><D49/><U1/><E1/><V117/><F117/><T135/><D135/><U124/><E124/><N who="0" m="47721" /><D93/><U105/><E55/><AGARI ba="0,0" hai="44,50,55,61,65,68,77,82,85,97,99" m="47721,31008" machi="55" ten="30,2000,0" yaku="18,1,52,1" doraHai="86" who="0" fromWho="1" sc="540,20,193,-20,317,0,0,0" owari="560,51.0,173,-43.0,317,-8.0,0,0.0" /></mjloggm>