<mjloggm ver="2.3"><GO type="185" lobby="0"/><UN n0="%E3%82%B4%E3%83%AB%E3%82%B4%EF%BC%93%EF%BC%91" n1="%E5%A4%A7%E5%92%8C%E6%A1%9C" n2="%E9%9D%92%E6%A3%AE%E3%81%AE%E3%81%B2%E3%82%88%E3%81%93%32" n3="" dan="16,17,17,0" rate="2193.09,2285.30,2218.78,1500.00" sx="M,F,M,C"/><TAIKYOKU oya="0"/><INIT seed="0,0,0,0,3,104" ten="350,350,350,0" oya="0" hai0="61,88,108,109,77,54,45,51,103,92,79,101,35" hai1="100,2,3,105,126,71,94,53,62,44,32,68,90" hai2="102,96,132,118,83,76,121,120,124,133,63,43,0" hai3=""/><T128/><D35/><U66/><E32/><V42/><N who="2" m="30752" /><V116/><N who="2" m="31008" /><V134/><F0/><T34/><D34/><U113/><E68/><V107/><F124/><T57/><D128/><U112/><E126/><V131/><F63/><T125/><D125/><U95/><E105/><V59/><F59/><T70/><D70/><U127/><E127/><V106/><F106/><T72/><D103/><U67/><E67/><V46/><F131/><T37/><D37/><U40/><E53/><V75/><F42/><T111/><D101/><U87/><E95/><V122/><N who="2" m="31264" /><V82/><F82/><T33/><D72/><U80/><E100/><V48/><AGARI ba="0,0" hai="43,46,48,75,76,83,96,102,107,116,118,132,133,134" m="31264,31008,30752" machi="48" ten="40,9000,2" yaku="0,1,20,1,52,4" doraHai="104" who="2" fromWho="2" sc="350,-60,350,-30,350,90,0,0" /><INIT seed="1,0,0,0,1,126" ten="290,320,440,0" oya="1" hai0="94,101,72,89,44,98,96,114,87,116,50,97,84" hai1="83,60,62,132,103,58,90,47,93,70,42,115,49" hai2="53,38,91,102,74,131,56,65,111,129,86,88,92" hai3=""/><U105/><E115/><V125/><F125/><T51/><D114/><U68/><E132/><V77/><F111/><T128/><D72/><U85/><E105/><V106/><F38/><T1/><D1/><U122/><N who="1" m="31264" /><U35/><E35/><V59/><F65/><T37/><D37/><U48/><E48/><V121/><N who="2" m="31008" /><V100/><F91/><T69/><D69/><U40/><E40/><V3/><F3/><T75/><D75/><U33/><E33/><V113/><F113/><T78/><D116/><U110/><E110/><V45/><F45/><T66/><D66/><U2/><E2/><V81/><F59/><T82/><D51/><U123/><N who="1" m="31520" /><U41/><E41/><V71/><F71/><T124/><D128/><N who="2" m="49226" /><F106/><T112/><D124/><U109/><E109/><V118/><F118/><T79/><D79/><U54/><REACH who="1" step="1"/><E62/><AGARI ba="0,0" hai="53,56,62,74,77,81,86,88,92,100,102" m="49226,31008" machi="62" ten="30,12000,2" yaku="19,1,52,4,54,1" doraHai="126" who="2" fromWho="1" sc="290,0,320,-120,440,120,0,0" /><INIT seed="2,0,0,1,4,1" ten="290,200,560,0" oya="2" hai0="99,122,96,53,36,125,94,45,3,134,110,72,42" hai1="135,50,57,78,46,130,104,109,89,118,124,38,49" hai2="101,77,84,81,39,82,123,129,100,32,54,43,47" hai3=""/><V41/><N who="2" m="31520" /><V61/><F129/><T117/><N who="0" m="31264" /><T102/><D117/><U114/><E104/><V120/><N who="2" m="30752" /><V133/><F133/><T90/><D3/><U44/><E78/><V115/><F115/><T33/><D110/><U66/><E89/><V40/><F32/><T75/><D125/><U37/><E114/><V79/><F39/><T65/><D65/><U103/><E103/><V60/><F47/><T113/><D134/><U85/><E85/><V63/><REACH who="2" step="1"/><F54/><REACH who="2" ten="290,200,550,0" step="2"/><T56/><D33/><U106/><E135/><V55/><F55/><T105/><REACH who="0" step="1"/><D113/><REACH who="0" ten="280,200,550,0" step="2"/><U52/><E130/><V108/><F108/><T69/><D69/><U64/><E109/><V58/><F58/><T97/><D97/><U48/><E57/><V112/><F112/><T119/><D119/><U128/><E118/><V91/><F91/><T131/><D131/><U93/><E128/><V80/><F80/><T76/><D76/><U127/><E127/><V126/><F126/><T111/><D111/><U88/><E124/><V92/><F92/><T59/><D59/><U0/><E93/><V74/><AGARI ba="0,2" hai="40,41,43,60,61,63,74,77,79,81,82,84,100,101" m="30752,31520" machi="74" ten="30,7800,0" yaku="1,1,0,1,52,2,53,0" doraHai="1" doraHaiUra="67" who="2" fromWho="2" sc="280,-39,200,-39,550,98,0,0" /><INIT seed="2,1,0,1,0,97" ten="241,161,648,0" oya="2" hai0="75,79,59,41,56,127,49,0,65,133,122,85,89" hai1="96,131,113,81,39,66,91,47,38,76,92,104,72" hai2="48,111,101,71,55,88,63,102,60,105,33,34,32" hai3=""/><V68/><F111/><T42/><N who="0" m="31264" /><T108/><D0/><U83/><E113/><V70/><F88/><T57/><D108/><U93/><E131/><V129/><F129/><T69/><D79/><U84/><E66/><V115/><F115/><T3/><D75/><U124/><E124/><V51/><F105/><T1/><D127/><U87/><E47/><V58/><REACH who="2" step="1"/><F51/><REACH who="2" ten="241,161,638,0" step="2"/><T54/><D1/><U64/><E104/><V62/><AGARI ba="1,1" hai="32,33,34,48,55,58,60,62,63,68,70,71,101,102" machi="62" ten="50,12000,2" yaku="1,1,2,1,0,1,29,2,52,2,53,0" doraHai="97" doraHaiUra="90" who="2" fromWho="2" sc="241,-61,161,-61,638,132,0,0" /><INIT seed="2,2,0,2,3,57" ten="180,100,770,0" oya="2" hai0="37,69,103,61,89,86,51,44,83,3,110,121,117" hai1="130,101,125,43,132,70,40,72,79,62,98,33,63" hai2="97,122,94,129,100,133,50,85,41,87,106,114,46" hai3=""/><V38/><N who="2" m="31264" /><V111/><F114/><T126/><N who="0" m="31008" /><T53/><D117/><U34/><E132/><V92/><F133/><T90/><D3/><U1/><E1/><V2/><F2/><T66/><D110/><U75/><E125/><V36/><F129/><T39/><D126/><U42/><E130/><V88/><F111/><T64/><D103/><U78/><E70/><V76/><F76/><N who="1" m="29225" /><E98/><V54/><F41/><T48/><D66/><U105/><E105/><V134/><F134/><T127/><D127/><U45/><E45/><V118/><F118/><T116/><D116/><U67/><E67/><V112/><F112/><T95/><REACH who="0" step="1"/><D51/><REACH who="0" ten="170,100,770,0" step="2"/><U35/><E101/><V107/><F107/><T96/><AGARI ba="2,1" hai="37,39,44,48,53,61,64,69,83,86,89,90,95,96" m="31008" machi="96" ten="20,12000,3" yaku="1,1,2,1,0,1,7,1,52,2,53,2" doraHai="57" doraHaiUra="71" who="0" fromWho="0" sc="170,134,100,-42,770,-82,0,0" /><INIT seed="4,0,0,4,2,60" ten="304,58,688,0" oya="0" hai0="131,39,1,52,48,76,33,66,45,36,44,112,86" hai1="95,70,82,64,96,89,124,94,118,135,75,93,2" hai2="123,106,41,120,56,37,127,38,47,77,130,50,107" hai3=""/><T62/><D33/><U133/><E2/><V63/><N who="2" m="30752" /><V40/><N who="2" m="31520" /><V104/><F127/><T32/><D32/><U102/><E118/><V128/><F77/><T84/><D1/><U114/><E124/><V46/><F50/><T81/><D112/><U69/><E114/><V113/><F113/><T132/><D132/><N who="1" m="50763" /><E64/><AGARI ba="0,0" hai="37,38,40,41,46,47,56,63,64,104,106,107,128,130" m="31520,30752" machi="64" ten="40,8000,1" yaku="9,1,52,3" doraHai="60" who="2" fromWho="1" sc="304,0,58,-80,688,80,0,0" owari="304,-10.0,-22,-62.0,768,72.0,0,0.0" /></mjloggm>