<mjloggm ver="2.3"><GO type="169" lobby="0"/><UN n0="%E6%B0%B4%E5%93%89%E3%81%AE%E3%83%AC%E3%82%B8%E3%82%A7%E3%83%B3%E3%83%89" n1="%6E%69%73%69%35%30%32%38" n2="%E6%B2%96%E3%83%92%E3%82%AB%E3%83%AB%EF%BC%88%E6%9C%AC%E7%89%A9%EF%BC%89" n3="%E6%A1%9C%E5%B3%B6%E9%BA%BB%E8%A1%A3" dan="16,17,18,17" rate="2113.30,2139.75,2197.14,2156.92" sx="M,M,F,F"/><TAIKYOKU oya="0"/><INIT seed="0,0,0,2,3,115" ten="250,250,250,250" oya="0" hai0="129,124,103,104,128,97,84,78,121,96,5,4,113" hai1="11,19,102,64,76,7,126,71,43,57,13,40,92" hai2="60,69,130,14,17,1,24,89,81,107,66,108,47" hai3="77,21,50,31,54,122,88,110,3,116,119,23,12"/><T132/><D5/><U27/><E71/><V59/><F1/><W33/><G3/><T63/><D63/><U109/><E109/><V51/><F107/><W133/><G110/><T80/><D4/><U38/><E38/><V127/><F108/><W94/><G77/><T30/><D30/><U86/><E102/><V100/><F100/><W53/><G133/><T25/><D25/><U75/><E75/><V29/><F130/><N who="0" m="50282" /><D113/><U134/><E134/><V73/><F69/><W118/><G122/><T68/><D68/><U20/><E126/><V79/><F89/><W39/><G39/><T48/><D48/><U105/><E105/><V112/><F127/><W125/><G125/><T65/><D65/><U114/><E114/><V111/><F112/><W72/><G72/><T106/><D124/><U131/><E131/><V26/><F29/><W35/><G31/><T74/><D132/><U52/><E64/><V123/><F123/><W18/><G23/><T87/><D121/><U135/><E135/><V62/><F62/><W28/><G28/><T61/><D61/><U42/><E76/><V32/><F32/><W41/><G41/><T37/><D37/><U34/><E34/><V70/><F70/><W49/><G50/><T55/><D55/><U82/><E92/><V85/><F73/><W16/><G18/><T44/><D44/><U10/><E10/><N who="2" m="6359" /><F111/><W91/><G53/><AGARI ba="0,0" hai="24,26,47,51,53,59,60,66,79,81,85" m="6359" machi="53" ten="30,1000,0" yaku="8,1" doraHai="115" who="2" fromWho="3" sc="250,0,250,0,250,10,250,-10" /><INIT seed="1,0,0,1,2,16" ten="250,250,260,240" oya="1" hai0="133,36,62,5,43,45,13,129,131,26,74,123,14" hai1="19,15,57,63,20,21,124,101,7,70,90,69,39" hai2="77,85,94,80,8,55,22,40,134,84,65,99,125" hai3="130,47,30,105,58,46,48,115,4,6,12,67,38"/><U23/><E39/><V96/><F134/><W25/><G115/><T79/><D133/><U104/><E124/><V106/><F125/><W128/><G105/><T78/><D123/><U135/><E135/><V35/><F35/><W50/><G38/><T60/><D26/><U127/><E127/><V33/><F33/><W1/><G1/><T37/><D5/><U87/><E7/><V52/><F65/><W126/><G126/><T103/><D103/><U10/><E104/><V111/><F8/><W28/><G67/><T11/><D74/><U73/><E73/><V72/><F40/><W56/><REACH who="3" step="1"/><G25/><REACH who="3" ten="250,250,260,230" step="2"/><T71/><D36/><U119/><E119/><V61/><F106/><W100/><G100/><T86/><D37/><U24/><E101/><V66/><F66/><W107/><G107/><T0/><D0/><U92/><E24/><V132/><F132/><W42/><G42/><T98/><D43/><U27/><REACH who="1" step="1"/><E27/><REACH who="1" ten="250,240,260,230" step="2"/><V34/><F34/><W3/><G3/><T18/><D14/><AGARI ba="0,2" hai="4,6,12,14,28,30,46,47,48,50,56,58,128,130" machi="14" ten="25,3200,0" yaku="1,1,22,2,53,0" doraHai="16" doraHaiUra="51" who="3" fromWho="0" sc="250,-32,240,0,260,0,230,52" /><INIT seed="2,0,0,3,2,111" ten="218,240,260,282" oya="2" hai0="50,103,86,57,121,60,58,71,5,83,73,24,29" hai1="110,89,104,85,125,75,61,130,28,45,15,69,44" hai2="59,56,109,135,48,6,16,33,79,11,35,107,115" hai3="1,3,94,19,81,65,27,90,101,25,92,72,55"/><V38/><F38/><W14/><G65/><T7/><D121/><U76/><E110/><V106/><F109/><W54/><G101/><T118/><D73/><U117/><E117/><V87/><F135/><W91/><G72/><T30/><D71/><U17/><E104/><V12/><F107/><W78/><G14/><T70/><D70/><U34/><E75/><V88/><F79/><W4/><G19/><T126/><D126/><U37/><E76/><V18/><F106/><W124/><G78/><T64/><D103/><U102/><E102/><V40/><F35/><W21/><G21/><T128/><D128/><U8/><E37/><V41/><F33/><W9/><G9/><T62/><D50/><U68/><E68/><V47/><F41/><W97/><G4/><T98/><D98/><U127/><E130/><V112/><F18/><W116/><G81/><T80/><D118/><U31/><E61/><V100/><F6/><W132/><G132/><T122/><D122/><U42/><E69/><V63/><F100/><W108/><G108/><T119/><D119/><U114/><E34/><V84/><F84/><W95/><G95/><T93/><D93/><U123/><E123/><V105/><F105/><W51/><G116/><T39/><D39/><U22/><E127/><V53/><F59/><W49/><G97/><T74/><D74/><U131/><E125/><AGARI ba="0,0" hai="1,3,25,27,49,51,54,55,90,91,92,94,124,125" machi="125" ten="25,1600,0" yaku="22,2" doraHai="111" who="3" fromWho="1" sc="218,0,240,-16,260,0,282,16" /><INIT seed="3,0,0,5,1,64" ten="218,224,260,298" oya="3" hai0="107,38,62,56,92,133,29,93,42,24,122,100,85" hai1="49,81,46,59,99,54,74,87,110,134,33,16,119" hai2="77,104,131,18,128,39,25,0,82,71,31,108,66" hai3="118,2,98,114,1,13,115,37,120,9,67,5,50"/><W69/><G118/><T7/><D122/><U84/><E33/><V86/><F108/><W8/><G120/><T32/><D133/><U22/><E110/><V80/><F39/><W75/><G37/><T11/><D107/><U96/><E134/><V4/><F18/><W53/><G75/><T19/><D100/><U127/><E127/><V95/><F95/><W48/><G98/><T125/><D125/><U3/><E3/><V26/><F104/><W121/><G121/><T23/><D85/><U126/><E126/><V60/><F82/><W35/><G35/><T45/><D62/><U111/><E111/><V63/><F63/><W58/><G50/><T102/><D56/><U103/><E74/><V123/><F123/><W89/><G89/><T105/><D105/><U129/><E129/><N who="2" m="49739" /><F31/><W47/><G58/><T109/><D102/><U43/><E119/><V116/><F116/><W79/><G79/><T124/><D124/><U27/><E103/><V88/><F77/><W51/><G51/><T70/><D70/><U36/><REACH who="1" step="1"/><E84/><REACH who="1" ten="218,214,260,298" step="2"/><V73/><F73/><W65/><G1/><T117/><D117/><U78/><AGARI ba="0,1" hai="16,22,27,36,43,46,49,54,59,78,81,87,96,99" machi="78" ten="20,12000,2" yaku="1,1,2,1,0,1,7,1,54,1,53,1" doraHai="64" doraHaiUra="17" who="1" fromWho="1" sc="218,-30,214,130,260,-30,298,-60" /><INIT seed="4,0,0,1,0,49" ten="188,344,230,238" oya="0" hai0="17,71,100,68,58,20,126,24,107,12,93,0,70" hai1="26,1,76,39,53,36,94,131,77,30,118,66,101" hai2="23,42,67,111,41,31,73,37,112,79,45,13,120" hai3="32,130,60,98,116,114,110,119,97,16,65,64,86"/><T81/><D126/><U2/><E118/><V51/><F111/><W108/><G32/><T48/><D0/><U4/><E66/><V134/><F120/><W123/><G86/><T74/><D107/><U99/><E131/><V44/><F134/><W46/><G130/><T113/><D113/><U5/><E36/><V15/><F67/><W109/><G64/><T7/><D74/><U69/><E39/><V91/><F112/><W27/><G46/><T85/><D7/><U96/><E69/><V92/><F31/><W47/><G47/><T75/><D75/><U89/><E1/><V3/><F23/><W80/><G80/><T125/><D125/><U88/><E2/><V54/><F42/><W18/><G114/><T106/><D106/><U95/><E101/><V104/><F104/><W29/><G123/><T128/><D128/><U56/><E4/><V124/><F3/><W50/><G50/><T103/><D24/><U122/><E5/><V105/><F105/><W135/><G135/><T78/><REACH who="0" step="1"/><D93/><REACH who="0" ten="178,344,230,238" step="2"/><U25/><E25/><V22/><F124/><W55/><G27/><T117/><D117/><U9/><E122/><V61/><F73/><W102/><G119/><T59/><D59/><U38/><E26/><V57/><F57/><W8/><G116/><T129/><D129/><U87/><E56/><V121/><F37/><W35/><G110/><T10/><D10/><U34/><E9/><V14/><F121/><W11/><G109/><T83/><D83/><U90/><E38/><V62/><F92/><W40/><G108/><T132/><D132/><U43/><E95/><RYUUKYOKU ba="0,1" sc="178,30,344,-10,230,-10,238,-10" hai0="12,17,20,48,58,68,70,71,78,81,85,100,103" /><INIT seed="4,1,1,2,0,122" ten="208,334,220,228" oya="0" hai0="75,21,77,123,6,72,85,105,67,89,102,114,103" hai1="9,95,125,59,23,3,0,26,78,41,88,35,130" hai2="5,60,87,93,100,121,32,44,110,43,94,45,48" hai3="56,14,1,119,42,38,90,91,22,71,65,33,81"/><T70/><D6/><U64/><E78/><V53/><F32/><W37/><G1/><T49/><D70/><U84/><E35/><V31/><F31/><W58/><G33/><T34/><D34/><U28/><E41/><V135/><F121/><W11/><G119/><T4/><D4/><U99/><E130/><V132/><F5/><W79/><G71/><T12/><D67/><U113/><E125/><V134/><F100/><N who="0" m="38442" /><D49/><U57/><E113/><V62/><F93/><W127/><G127/><T128/><D12/><U18/><E0/><V52/><F94/><W80/><G22/><T98/><D21/><U111/><E3/><V46/><F87/><W36/><G42/><T61/><D61/><N who="2" m="23658" /><F110/><W7/><G65/><T104/><D123/><U15/><E28/><V68/><F68/><W69/><G69/><T20/><D20/><U74/><E23/><V27/><F27/><W107/><G107/><N who="0" m="41035" /><D114/><U117/><E26/><V115/><F115/><W24/><G24/><T16/><D16/><U129/><E18/><V13/><F13/><W19/><G19/><T96/><D128/><U25/><E129/><V50/><F43/><W118/><G14/><T47/><D47/><AGARI ba="1,1" hai="44,45,46,47,48,50,52,53,132,134,135" m="23658" machi="47" ten="40,8000,1" yaku="20,1,34,2,54,1" doraHai="122" who="2" fromWho="0" sc="208,-83,334,0,220,93,228,0" /><INIT seed="5,0,0,3,1,33" ten="125,334,313,228" oya="1" hai0="95,82,111,97,129,18,57,117,75,133,11,130,108" hai1="25,20,96,47,27,83,123,110,102,107,98,42,109" hai2="19,68,72,23,113,32,73,17,64,52,115,29,71" hai3="99,44,21,2,13,103,37,94,124,131,35,90,121"/><U10/><E123/><V91/><F32/><W112/><G35/><T125/><D57/><U16/><E83/><V58/><F29/><W8/><G121/><T60/><D60/><U84/><E84/><V92/><F64/><W70/><G70/><T119/><D18/><U88/><E10/><V79/><F79/><W5/><G112/><N who="2" m="43081" /><F19/><W134/><G134/><T41/><D41/><U15/><E27/><N who="2" m="14831" /><F73/><W0/><G21/><T67/><D67/><U74/><E74/><V104/><F104/><W65/><G65/><T6/><D11/><U7/><E25/><V26/><F72/><W87/><G124/><T76/><D6/><U46/><E7/><V3/><F3/><W54/><G131/><N who="0" m="50187" /><D133/><U126/><E126/><V66/><F66/><W81/><REACH who="3" step="1"/><G54/><REACH who="3" ten="125,334,313,218" step="2"/><T28/><D125/><U93/><REACH who="1" step="1"/><E42/><AGARI ba="0,1" hai="0,2,5,8,13,37,42,44,81,87,90,94,99,103" machi="42" ten="40,8000,1" yaku="1,1,2,1,52,2,53,0" doraHai="33" doraHaiUra="12" who="3" fromWho="1" sc="125,0,334,-80,313,0,218,90" /><INIT seed="6,0,0,3,4,19" ten="125,254,313,308" oya="2" hai0="122,87,58,43,133,106,116,125,102,121,97,9,86" hai1="11,84,114,135,81,7,57,33,110,85,29,35,74" hai2="124,88,14,59,94,117,56,53,96,34,0,95,47" hai3="75,54,111,112,123,2,10,63,64,12,20,48,108"/><V120/><F0/><W89/><G123/><T15/><D133/><U40/><E110/><V83/><F34/><W109/><G75/><T36/><D125/><U66/><E135/><V1/><F1/><W28/><G112/><T76/><D116/><U90/><E74/><V82/><F124/><W52/><G2/><T127/><D127/><U30/><E40/><V22/><F120/><W79/><G79/><T100/><D36/><U113/><E66/><V103/><F47/><W98/><G98/><T104/><D43/><U67/><E67/><V92/><F59/><W134/><G89/><T6/><D58/><U4/><E57/><V60/><F95/><W68/><G134/><T118/><D118/><U42/><E42/><V50/><F60/><W73/><G73/><T80/><REACH who="0" step="1"/><D87/><REACH who="0" ten="115,254,313,308" step="2"/><U132/><E132/><V130/><F117/><W126/><G126/><T27/><D27/><U55/><E85/><N who="2" m="52239" /><F130/><W37/><G37/><T45/><D45/><U41/><E41/><V62/><F62/><W70/><G70/><T101/><D101/><U51/><E84/><V3/><F56/><W24/><REACH who="3" step="1"/><G48/><REACH who="3" ten="115,254,313,298" step="2"/><T31/><D31/><U78/><E51/><V131/><F50/><W129/><G129/><T17/><D17/><AGARI ba="0,2" hai="10,12,17,20,24,28,52,54,63,64,68,108,109,111" machi="17" ten="40,5200,0" yaku="1,1,52,1,54,1,53,0" doraHai="19" doraHaiUra="105" who="3" fromWho="0" sc="115,-52,254,0,313,0,298,72" /><INIT seed="7,0,0,2,1,103" ten="63,254,313,370" oya="3" hai0="106,33,0,73,64,84,99,110,52,50,10,92,66" hai1="93,49,79,124,22,108,9,118,12,89,132,27,112" hai2="109,122,16,28,87,135,133,105,74,65,80,107,113" hai3="13,4,134,47,32,117,63,62,36,78,18,31,8"/><W100/><G117/><T70/><D110/><U119/><E112/><V95/><F28/><W128/><G128/><T17/><D33/><U37/><E37/><V1/><F1/><W39/><G134/><N who="2" m="51209" /><F109/><W88/><G78/><T26/><D70/><U97/><E132/><V29/><F29/><W34/><G100/><T90/><D0/><U48/><E108/><V127/><F113/><W129/><G129/><T114/><D114/><U111/><E111/><V25/><F122/><W116/><G116/><T86/><D86/><U67/><E124/><V19/><F65/><W55/><G63/><T104/><D73/><U6/><E119/><V38/><F38/><W115/><G115/><T126/><D126/><U76/><E67/><V77/><F127/><W123/><G123/><T96/><D64/><U125/><E118/><V121/><F121/><W53/><G39/><T14/><D66/><U2/><E2/><V30/><F95/><W45/><G36/><T81/><D26/><U60/><E60/><V5/><F5/><W51/><G31/><T101/><REACH who="0" step="1"/><D99/><REACH who="0" ten="53,254,313,370" step="2"/><N who="1" m="57775" /><E125/><V35/><F74/><W42/><G34/><T43/><D43/><U98/><E27/><V3/><F3/><W58/><G32/><T24/><D24/><U44/><E98/><V56/><F56/><W15/><G42/><T20/><D20/><U46/><E22/><V7/><F35/><W11/><G58/><T85/><D85/><U102/><E97/><V54/><F87/><W71/><G71/><T91/><D91/><U130/><E130/><V21/><F25/><W41/><G41/><T23/><D23/><RYUUKYOKU ba="0,1" sc="53,30,254,-10,313,-10,370,-10" hai0="10,14,17,50,52,81,84,90,92,96,101,104,106" owari="83,-42.0,244,-16.0,303,10.0,370,48.0" /></mjloggm>