<mjloggm ver="2.3"><GO type="169" lobby="0"/><UN n0="%EF%BC%A0%E6%AC%A1%E7%94%B7" n1="%E7%81%AB%E9%9C%8A%E5%A4%A2" n2="%E3%82%A4%E3%82%AB%E3%81%AB%E3%82%82%E6%9D%B1%E5%8C%97" n3="%33%30%63%6D%33%30%63%6D" dan="16,17,17,16" rate="2073.16,2224.74,2210.44,2166.53" sx="M,M,M,M"/><TAIKYOKU oya="0"/><INIT seed="0,0,0,4,2,57" ten="250,250,250,250" oya="0" hai0="41,84,15,9,22,36,82,34,74,10,83,123,115" hai1="37,46,19,60,130,120,23,126,3,28,54,102,109" hai2="104,91,25,55,77,86,119,99,113,71,105,97,48" hai3="68,38,89,107,69,85,73,75,24,111,53,7,59"/><T35/><D115/><U61/><E120/><V78/><F113/><W129/><G107/><N who="2" m="41033" /><F55/><W1/><G38/><T6/><D123/><U14/><E3/><V76/><F48/><W32/><G73/><T94/><D22/><U122/><E122/><V92/><F25/><W30/><G75/><T45/><D94/><U90/><E109/><V72/><F71/><W67/><G67/><T43/><D43/><U103/><E126/><V56/><F56/><W20/><G111/><T27/><D27/><N who="1" m="16511" /><E37/><V2/><F2/><W93/><G129/><T62/><D9/><N who="1" m="6607" /><E130/><V13/><F13/><W26/><G7/><T47/><D74/><U134/><E134/><V8/><F8/><W64/><G64/><T5/><D5/><U128/><E128/><V114/><F119/><W4/><G1/><T63/><D45/><U96/><E54/><V117/><F117/><W0/><G0/><T118/><D118/><U70/><E46/><V124/><F124/><W21/><G4/><T108/><D108/><U31/><E31/><V11/><F11/><W65/><G65/><T131/><D131/><U112/><E112/><V125/><F125/><W110/><G110/><T42/><D42/><U135/><E135/><V127/><F127/><W18/><REACH who="3" step="1"/><G32/><REACH who="3" ten="250,250,250,240" step="2"/><T33/><REACH who="0" step="1"/><D83/><REACH who="0" ten="240,250,250,240" step="2"/><U87/><E70/><V121/><F121/><W98/><G98/><N who="2" m="37385" /><F114/><W12/><G12/><T29/><D29/><U66/><E96/><N who="2" m="57375" /><F72/><W52/><G52/><T40/><D40/><U16/><E66/><V81/><AGARI ba="0,2" hai="76,77,78,81,86" m="57375,37385,41033" machi="81" ten="30,8000,1" yaku="35,5" doraHai="57" who="2" fromWho="2" sc="240,-40,250,-20,250,100,240,-20" /><INIT seed="1,0,0,3,1,91" ten="200,230,350,220" oya="1" hai0="83,130,120,45,111,24,89,106,73,103,108,86,115" hai1="78,46,133,116,81,124,23,75,85,13,41,54,113" hai2="126,119,11,80,72,34,98,5,99,50,121,134,93" hai3="42,107,44,122,27,132,2,53,88,19,4,25,22"/><U104/><E113/><V66/><F119/><W70/><G122/><T35/><D115/><U102/><E116/><V71/><F121/><W49/><G107/><T64/><D120/><U51/><E133/><V123/><F123/><W52/><G70/><T60/><D130/><U90/><E124/><V110/><F34/><W76/><G76/><T105/><D45/><U62/><E23/><V30/><F30/><W74/><G74/><T95/><D24/><U3/><E3/><V69/><F110/><N who="0" m="42026" /><D35/><U33/><E33/><V32/><F32/><W8/><G132/><T21/><D21/><U65/><E13/><V0/><F126/><W117/><G117/><T47/><D47/><U129/><E129/><V67/><F134/><W92/><REACH who="3" step="1"/><G25/><REACH who="3" ten="200,230,350,210" step="2"/><T15/><D73/><U26/><E26/><V10/><F72/><W37/><G37/><T118/><D118/><U7/><E104/><V84/><F71/><W94/><G94/><T135/><D135/><U63/><E75/><V109/><F93/><W59/><G59/><T43/><D106/><U96/><E78/><V56/><F69/><W6/><G6/><T97/><D105/><N who="1" m="63687" /><E7/><V100/><F5/><W61/><G61/><N who="1" m="23050" /><E65/><V68/><F67/><W127/><G127/><T18/><D60/><U114/><E114/><V128/><F66/><W38/><G38/><T101/><D64/><U20/><E20/><V82/><F68/><W29/><G29/><T12/><D95/><U57/><E57/><V58/><F58/><W112/><G112/><T55/><D83/><N who="2" m="31786" /><F109/><W125/><G125/><T16/><D103/><U31/><E31/><RYUUKYOKU ba="0,1" sc="200,-15,230,15,350,-15,210,15" hai1="41,46,51,54,81,85,90" hai3="2,4,8,19,22,27,42,44,49,52,53,88,92" /><INIT seed="1,1,1,0,2,34" ten="185,245,335,225" oya="1" hai0="12,74,16,70,68,57,28,38,46,130,97,94,88" hai1="1,89,100,126,13,11,86,78,6,81,64,65,35" hai2="98,109,106,120,111,105,61,51,43,121,50,102,75" hai3="27,2,124,44,125,60,95,9,91,92,107,17,135"/><U69/><E126/><N who="3" m="48746" /><G107/><T33/><D74/><U132/><E132/><V72/><F106/><W8/><G135/><T123/><D123/><N who="2" m="47178" /><F61/><W25/><G44/><T26/><D130/><U85/><E35/><V77/><F43/><W18/><G60/><T119/><D119/><U90/><E100/><V108/><F77/><W56/><G56/><T47/><D57/><U52/><E69/><V40/><F51/><W80/><G80/><T73/><D73/><N who="2" m="28234" /><F50/><W48/><G48/><T49/><D38/><U129/><E129/><V10/><F40/><W41/><G41/><T45/><REACH who="0" step="1"/><D49/><REACH who="0" ten="175,245,335,225" step="2"/><U112/><E112/><V83/><F111/><W115/><G115/><T7/><D7/><U67/><E52/><V29/><F109/><W76/><G18/><T15/><D15/><U122/><E122/><V53/><F108/><W55/><G17/><T134/><D134/><U71/><E71/><V113/><F113/><W84/><G55/><T58/><D58/><U114/><E114/><V31/><F53/><W117/><G117/><T104/><D104/><U5/><E5/><V131/><F131/><W36/><G36/><T63/><D63/><U21/><E13/><V110/><F110/><W133/><G133/><T4/><D4/><U32/><E65/><V82/><F105/><W93/><G27/><T127/><D127/><U128/><E64/><V103/><F31/><W24/><G24/><T99/><D99/><U79/><E67/><V66/><F29/><W118/><G25/><T20/><AGARI ba="1,2" hai="12,16,20,26,28,33,45,46,47,68,70,88,94,97" machi="20" ten="30,7900,0" yaku="1,1,0,1,54,2,53,0" doraHai="34" doraHaiUra="37" who="0" fromWho="0" sc="175,102,245,-40,335,-21,225,-21" /><INIT seed="2,0,0,3,2,52" ten="277,205,314,204" oya="2" hai0="73,11,10,43,125,105,101,8,108,25,95,15,87" hai1="26,94,130,61,131,81,21,83,1,89,7,9,132" hai2="44,93,82,75,60,122,27,111,118,69,103,22,54" hai3="67,109,29,97,45,135,17,117,50,74,126,70,33"/><V34/><F118/><W91/><G117/><T24/><D73/><U128/><E132/><V42/><F122/><W88/><G135/><T78/><D105/><U124/><E124/><V129/><F34/><W68/><G74/><T98/><D108/><U120/><E120/><V47/><F129/><W66/><G109/><T102/><D125/><U16/><REACH who="1" step="1"/><E61/><REACH who="1" ten="277,195,314,204" step="2"/><V30/><F60/><W49/><G126/><T92/><D43/><U46/><E46/><V56/><F44/><W3/><G45/><T133/><D133/><U86/><AGARI ba="0,1" hai="1,7,9,16,21,26,81,83,86,89,94,128,130,131" machi="86" ten="30,7900,0" yaku="1,1,0,1,19,1,54,1,53,0" doraHai="52" doraHaiUra="28" who="1" fromWho="1" sc="277,-20,195,89,314,-39,204,-20" /><INIT seed="3,0,0,5,0,35" ten="257,284,275,184" oya="3" hai0="41,58,67,81,78,49,55,31,52,64,42,111,17" hai1="103,85,23,38,76,130,61,99,104,91,1,100,12" hai2="129,15,134,83,57,121,73,106,9,59,82,27,36" hai3="72,87,79,60,118,97,86,32,131,14,21,33,105"/><W124/><G118/><T133/><D111/><U69/><E38/><V18/><F106/><W44/><G72/><T13/><D133/><U3/><E130/><V93/><F36/><W20/><G131/><T37/><D31/><U66/><E103/><V123/><F129/><W126/><G44/><T119/><D119/><U98/><E98/><V110/><F110/><W101/><G60/><T10/><D55/><U50/><E76/><N who="2" m="44303" /><F134/><W108/><G108/><T96/><D96/><U125/><E125/><N who="3" m="48234" /><G79/><T68/><D68/><U107/><E107/><V45/><F45/><W26/><G20/><T132/><D132/><U30/><E50/><V54/><F93/><W62/><G62/><T0/><D0/><U71/><E71/><V39/><F39/><W25/><G14/><T77/><D77/><U75/><E75/><V28/><F83/><W22/><G21/><T90/><D90/><U48/><E48/><V127/><F127/><W47/><G47/><T116/><D116/><U109/><E109/><V89/><F89/><W7/><G7/><T94/><D94/><U95/><REACH who="1" step="1"/><E12/><REACH who="1" ten="257,274,275,184" step="2"/><V2/><F15/><W80/><G26/><AGARI ba="0,1" hai="1,3,23,26,30,61,66,69,85,91,95,99,100,104" machi="26" ten="40,8000,1" yaku="1,1,2,1,52,2,53,1" doraHai="35" doraHaiUra="84" who="1" fromWho="3" sc="257,0,274,90,275,0,184,-80" /><INIT seed="4,0,0,0,1,5" ten="257,364,275,104" oya="0" hai0="67,118,59,89,38,127,106,95,31,120,25,117,3" hai1="108,13,84,12,55,57,92,50,53,40,15,91,66" hai2="26,47,103,41,34,109,60,51,81,99,45,107,17" hai3="132,113,62,56,76,121,128,96,64,28,112,98,43"/><T19/><D106/><U33/><E108/><V78/><F109/><W44/><G121/><T11/><D120/><U46/><E33/><V23/><F34/><W42/><G76/><T24/><D127/><U101/><E101/><V70/><F70/><W131/><G28/><T77/><D38/><U119/><E119/><V7/><F60/><AGARI ba="0,0" hai="12,13,15,40,46,50,53,55,57,60,66,84,91,92" machi="60" ten="40,1300,0" yaku="8,1" doraHai="5" who="1" fromWho="2" sc="257,0,364,13,275,-13,104,0" /><INIT seed="5,0,0,4,4,100" ten="257,377,262,104" oya="1" hai0="69,98,116,115,39,131,112,43,78,111,123,74,82" hai1="52,27,34,99,73,23,133,15,5,8,134,87,55" hai2="90,132,94,88,71,21,38,65,135,101,72,6,36" hai3="84,29,56,75,93,113,28,86,58,18,48,31,12"/><U95/><E73/><V11/><F72/><W125/><G113/><T104/><RYUUKYOKU type="yao9" ba="0,0" sc="257,0,377,0,262,0,104,0" hai0="39,43,69,74,78,82,98,104,111,112,115,116,123,131" /><INIT seed="5,1,0,3,5,103" ten="257,377,262,104" oya="1" hai0="106,114,22,104,55,74,48,51,41,13,97,94,34" hai1="67,130,46,124,87,53,89,33,62,20,64,134,133" hai2="98,90,38,80,63,128,40,30,19,50,61,121,3" hai3="14,44,135,68,59,37,32,2,27,117,43,0,57"/><U29/><E33/><V16/><F121/><W66/><G117/><T76/><D34/><U11/><E124/><V9/><F38/><W15/><G135/><N who="1" m="51722" /><E130/><V108/><F108/><W5/><G32/><T111/><D111/><U45/><E11/><V116/><F30/><W10/><G27/><T4/><D114/><U84/><E84/><V92/><F116/><W65/><G14/><T71/><D71/><U109/><E53/><V123/><F123/><W49/><G65/><N who="1" m="25162" /><E62/><V88/><F128/><W7/><G7/><T105/><D41/><U17/><E29/><V35/><F35/><W78/><G78/><T132/><D132/><U119/><E119/><V82/><F3/><W81/><G81/><N who="2" m="31337" /><F9/><W125/><G125/><T24/><D74/><U113/><E113/><V39/><F39/><W54/><REACH who="3" step="1"/><G57/><REACH who="3" ten="257,377,262,94" step="2"/><T93/><D76/><U85/><E109/><V28/><F19/><W100/><G100/><T122/><D122/><U72/><E72/><V47/><F16/><W91/><G91/><T23/><D4/><U18/><E18/><V83/><F28/><W21/><G21/><N who="0" m="7691" /><D13/><U101/><E101/><V6/><F6/><W131/><G131/><T58/><D24/><U25/><E89/><V56/><F56/><W120/><G120/><T129/><D129/><U102/><E102/><V107/><F83/><W75/><G75/><T70/><D58/><U79/><E79/><V110/><F110/><W96/><G96/><T99/><D99/><U60/><E85/><N who="2" m="52239" /><F90/><W77/><G77/><T115/><D97/><U126/><E87/><V73/><F73/><W69/><G69/><RYUUKYOKU ba="1,1" sc="257,-15,377,-15,262,15,94,15" hai2="40,47,50,61,63,98,107" hai3="0,2,5,10,15,37,43,44,49,54,59,66,68" /><INIT seed="6,2,1,5,1,38" ten="242,362,277,109" oya="2" hai0="117,60,1,90,131,83,133,7,68,11,42,106,110" hai1="126,39,54,24,6,120,73,125,35,27,98,50,55" hai2="112,51,21,13,10,56,132,25,34,62,2,4,111" hai3="14,65,92,94,9,33,135,88,123,89,134,48,57"/><V15/><F112/><W43/><G33/><T71/><D110/><U121/><E39/><V64/><F111/><W84/><G123/><N who="1" m="47178" /><E73/><V116/><F132/><W100/><G100/><T87/><D106/><U85/><E6/><V122/><F122/><W49/><G65/><T118/><D131/><U31/><E24/><V61/><F116/><N who="0" m="44650" /><D133/><U129/><E129/><V108/><F108/><W81/><G81/><T37/><D60/><U16/><E98/><V114/><F114/><W96/><G49/><T23/><D23/><U124/><E16/><V107/><F107/><W47/><REACH who="3" step="1"/><G57/><REACH who="3" ten="242,362,277,99" step="2"/><T44/><AGARI ba="2,2" hai="1,7,11,37,42,44,68,71,83,87,90" m="44650" machi="44" ten="30,2000,0" yaku="12,1,52,1" doraHai="38" who="0" fromWho="0" sc="242,46,362,-7,277,-12,99,-7" /><INIT seed="7,0,0,1,5,39" ten="288,355,265,92" oya="3" hai0="20,88,98,76,58,63,108,6,1,103,67,72,133" hai1="30,82,19,65,41,121,84,51,119,73,127,74,122" hai2="56,13,16,89,44,5,81,40,104,78,79,135,4" hai3="17,116,32,31,71,12,90,21,22,106,26,47,35"/><W86/><G106/><T124/><D108/><U75/><E30/><V55/><F104/><W114/><G71/><T110/><D110/><U99/><E65/><V54/><F135/><W27/><G116/><T93/><D124/><U69/><E69/><V68/><F89/><W7/><G114/><T34/><D34/><U46/><E127/><V8/><F68/><W52/><G7/><T134/><D1/><U14/><E99/><V60/><F55/><W80/><REACH who="3" step="1"/><G27/><REACH who="3" ten="288,355,265,82" step="2"/><T94/><D6/><U10/><E119/><V129/><F4/><W115/><G115/><T59/><D134/><U92/><E121/><V28/><F5/><W77/><G77/><T62/><D133/><U24/><E122/><V95/><F79/><W2/><G2/><T33/><D76/><U36/><E24/><V125/><F78/><W105/><G105/><T113/><D113/><U70/><E70/><V96/><F125/><W49/><AGARI ba="0,1" hai="12,17,21,22,26,31,32,35,47,49,52,80,86,90" machi="49" ten="30,6000,0" yaku="1,1,0,1,54,1,53,0" doraHai="39" doraHaiUra="126" who="3" fromWho="3" sc="288,-20,355,-20,265,-20,82,70" /><INIT seed="7,1,0,0,3,123" ten="268,335,245,152" oya="3" hai0="60,2,106,130,83,31,6,23,108,50,59,73,20" hai1="57,90,82,100,91,29,74,115,49,26,0,48,47" hai2="45,89,42,125,40,77,117,17,79,84,8,33,121" hai3="36,43,133,105,9,16,35,97,71,19,126,114,70"/><W15/><G35/><T12/><D106/><U28/><E0/><V129/><F117/><W68/><G114/><T80/><D2/><U72/><E115/><V41/><F121/><W128/><G128/><T37/><D37/><U134/><E134/><V44/><F125/><W39/><G126/><T5/><D73/><U11/><E100/><V4/><F33/><W95/><G133/><T111/><D50/><U87/><E28/><V107/><F107/><W78/><G105/><T98/><D98/><U30/><E30/><V103/><F103/><W124/><G124/><T14/><D31/><U62/><E11/><V119/><F119/><W76/><G19/><T58/><D60/><U34/><E90/><V86/><F129/><AGARI ba="1,0" hai="5,6,12,14,20,23,58,59,80,83,108,111,129,130" machi="129" ten="25,6400,0" yaku="22,2,52,2" doraHai="123" who="0" fromWho="2" sc="268,67,335,0,245,-67,152,0" owari="335,43.0,335,14.0,178,-22.0,152,-35.0" /></mjloggm>