<mjloggm ver="2.3"><GO type="185" lobby="0"/><UN n0="%E3%83%8F%E3%83%94%E3%83%AA%E3%83%83%E3%83%88" n1="%E6%A8%BD%E3%81%AA%E3%81%AE%E5%A3%8A%E3%81%95%E3%81%AA%E3%81%84%E3%81%A7" n2="%E3%82%8C%E3%81%99%E3%81%93" n3="" dan="17,18,16,0" rate="2256.90,2338.35,2212.66,1500.00" sx="M,M,F,C"/><TAIKYOKU oya="0"/><INIT seed="0,0,0,4,5,131" ten="350,350,350,0" oya="0" hai0="60,65,94,100,59,104,42,73,114,58,127,98,45" hai1="63,37,51,53,75,47,101,91,110,56,86,135,111" hai2="120,48,62,97,117,99,66,90,50,36,132,124,105" hai3=""/><T88/><D114/><U93/><E75/><V92/><N who="2" m="30752" /><V116/><F36/><T130/><D127/><U102/><E37/><V81/><F124/><T113/><D113/><U84/><E135/><V112/><F112/><T122/><N who="0" m="31264" /><T68/><D73/><U69/><E69/><V71/><F132/><T67/><D67/><U103/><REACH who="1" step="1"/><E86/><REACH who="1" ten="350,340,350,0" step="2"/><V49/><F81/><T74/><D74/><U82/><E82/><V39/><F39/><T46/><D130/><U79/><E79/><V96/><REACH who="2" step="1"/><F105/><REACH who="2" ten="350,340,340,0" step="2"/><T1/><D104/><U54/><AGARI ba="0,2" hai="47,51,53,54,56,63,84,91,93,101,102,103,110,111" machi="54" ten="30,1500,0" yaku="1,1,0,1,53,0" doraHai="131" doraHaiUra="78" who="1" fromWho="1" sc="350,-10,340,35,340,-5,0,0" /><INIT seed="1,0,0,4,5,76" ten="340,375,335,0" oya="1" hai0="130,54,74,89,100,78,134,56,133,125,128,77,1" hai1="123,38,117,129,103,95,110,113,69,47,57,121,53" hai2="52,94,41,61,32,122,80,132,83,39,81,88,43" hai3=""/><U124/><N who="1" m="31008" /><U79/><N who="1" m="31520" /><U93/><E113/><V92/><N who="2" m="31264" /><V127/><F32/><T107/><D1/><U65/><E117/><V44/><F132/><N who="0" m="50794" /><D74/><U85/><E110/><V87/><F127/><T82/><D100/><U97/><E124/><V66/><F94/><T68/><D107/><U86/><E129/><N who="0" m="49769" /><D68/><U62/><E79/><V120/><N who="2" m="30752" /><V84/><F43/><T106/><D106/><U111/><E111/><V37/><F37/><T67/><D67/><U116/><E116/><V96/><REACH who="2" step="1"/><F52/><REACH who="2" ten="340,375,325,0" step="2"/><T108/><D108/><U115/><E93/><V75/><F75/><T114/><D125/><U118/><E118/><V102/><F102/><T49/><D114/><U72/><E115/><V45/><F45/><T73/><D73/><U58/><E72/><V64/><F64/><T126/><D126/><U90/><E38/><V131/><F131/><T135/><D135/><U42/><E42/><V40/><F40/><T119/><D119/><U101/><E103/><V35/><F35/><T99/><D54/><U50/><E101/><V48/><F48/><T2/><D49/><U0/><E0/><V46/><F46/><T71/><D2/><U34/><E34/><V36/><F36/><T51/><D51/><RYUUKYOKU ba="0,1" sc="340,-20,375,10,325,10,0,0" hai1="47,50,53,57,58,62,65,69,85,86,90,95,97" hai2="39,41,44,61,66,80,81,83,84,87,88,92,96" /><INIT seed="1,1,1,5,2,111" ten="320,385,335,0" oya="1" hai0="102,64,129,120,113,66,81,32,1,70,60,67,124" hai1="42,115,61,53,37,83,62,77,63,38,93,51,80" hai2="104,41,101,117,96,92,135,106,130,59,87,49,108" hai3=""/><U103/><E42/><V69/><F117/><T0/><N who="0" m="30752" /><T47/><D32/><U35/><E35/><V36/><F108/><T131/><D124/><U33/><E33/><V68/><F135/><T40/><D102/><U79/><E103/><V50/><F130/><N who="0" m="49674" /><D81/><U78/><E93/><V71/><F59/><T122/><N who="0" m="31264" /><T72/><D72/><U76/><E115/><V39/><F87/><T98/><D98/><U34/><E34/><V105/><REACH who="2" step="1"/><F41/><REACH who="2" ten="320,385,325,0" step="2"/><T132/><D132/><U126/><E126/><V91/><F91/><T75/><D75/><U107/><E79/><V125/><F125/><T109/><D109/><U97/><E78/><V128/><F128/><T114/><D0/><U127/><E77/><V44/><F44/><T54/><D1/><U99/><E76/><V84/><F84/><T74/><D74/><U57/><E127/><V123/><N who="2" m="31520" /><V88/><F88/><T116/><D116/><U58/><E58/><V134/><F134/><T3/><D3/><U82/><E99/><V56/><F56/><T110/><D110/><U86/><E86/><V45/><F45/><T46/><D46/><U118/><E118/><V55/><F55/><T94/><D54/><U95/><E53/><V85/><F85/><RYUUKYOKU ba="1,2" sc="320,-10,385,-10,325,20,0,0" hai2="36,39,49,50,68,69,71,92,96,101,104,105,106" /><INIT seed="2,2,2,4,3,43" ten="310,375,345,0" oya="2" hai0="81,50,33,44,38,122,32,66,130,69,114,87,107" hai1="37,93,54,77,99,57,135,61,133,121,47,79,110" hai2="58,90,92,64,132,96,116,35,88,128,2,86,55" hai3=""/><V113/><F113/><T94/><N who="0" m="31264" /><T65/><D107/><U101/><N who="1" m="31008" /><U62/><E110/><V34/><F116/><T127/><D38/><U129/><E129/><V45/><F2/><T49/><D130/><U48/><E62/><V51/><F128/><T82/><D114/><U91/><E37/><V105/><F132/><N who="1" m="50761" /><E101/><V60/><REACH who="2" step="1"/><F105/><REACH who="2" ten="310,375,335,0" step="2"/><T63/><D32/><U104/><E104/><V74/><F74/><T41/><D33/><U118/><E118/><V89/><F89/><T68/><D127/><U0/><E0/><V125/><F125/><T123/><D123/><U119/><E119/><V120/><N who="2" m="30752" /><V78/><F78/><T70/><D69/><U97/><E97/><V75/><F75/><T73/><D70/><U103/><E91/><V108/><F108/><T126/><D126/><U71/><E71/><V59/><F59/><T72/><D68/><U115/><E115/><V117/><F117/><T85/><D72/><U67/><AGARI ba="2,3" hai="47,48,54,57,61,67,77,79,93,99,103" m="50761,31008" machi="67" ten="30,3000,0" yaku="20,1,52,2" doraHai="43" who="1" fromWho="1" sc="310,-12,375,64,335,-22,0,0" /><INIT seed="4,0,0,4,5,133" ten="298,439,313,0" oya="0" hai0="102,82,103,89,127,35,131,115,49,98,85,123,34" hai1="96,81,75,100,59,3,109,69,45,37,41,51,122" hai2="107,42,44,116,86,32,94,53,92,120,67,121,129" hai3=""/><T83/><N who="0" m="31520" /><T104/><D115/><U52/><N who="1" m="31264" /><U118/><E109/><V62/><N who="2" m="30752" /><V43/><N who="2" m="31008" /><V77/><F107/><T38/><D38/><U135/><E135/><V2/><F32/><T40/><D131/><U47/><E69/><V130/><F2/><T54/><D40/><U57/><E118/><V111/><F111/><T65/><D65/><U68/><E68/><V36/><F43/><T110/><D110/><U78/><REACH who="1" step="1"/><E3/><REACH who="1" ten="298,429,313,0" step="2"/><V1/><F1/><T64/><D34/><U128/><E128/><V79/><F130/><T105/><D35/><U76/><E76/><V0/><F79/><T95/><D64/><U114/><E114/><V97/><F129/><T125/><D102/><U119/><E119/><V73/><F116/><T88/><D104/><AGARI ba="0,1" hai="37,41,45,47,51,52,57,59,75,78,81,96,100,104" m="31264" machi="104" ten="30,7700,0" yaku="1,1,7,1,52,1,54,1,53,0" doraHai="133" doraHaiUra="108" who="1" fromWho="0" sc="298,-77,429,87,313,0,0,0" /><INIT seed="5,0,0,4,4,80" ten="221,516,313,0" oya="1" hai0="84,107,130,55,131,44,95,121,70,48,94,98,119" hai1="42,3,59,102,116,104,65,66,124,39,88,117,93" hai2="120,127,34,40,114,46,135,47,67,64,78,133,100" hai3=""/><U99/><E3/><V97/><N who="2" m="30752" /><V122/><N who="2" m="31264" /><V36/><F34/><T96/><N who="0" m="31008" /><T77/><D70/><U63/><E66/><V134/><F127/><T0/><D0/><U35/><E35/><V38/><F114/><T110/><D110/><U123/><N who="1" m="31520" /><U53/><E124/><V73/><F38/><T61/><D107/><U49/><E42/><V71/><F47/><T89/><D119/><U111/><E39/><V37/><F37/><T101/><REACH who="0" step="1"/><D61/><REACH who="0" ten="211,516,313,0" step="2"/><U81/><E111/><V108/><F108/><T118/><D118/><U69/><E104/><V50/><F71/><T1/><D1/><U125/><E125/><V83/><F36/><T86/><D86/><U76/><E117/><V128/><F128/><T60/><D60/><U105/><E105/><AGARI ba="0,1" hai="40,46,50,64,67,73,78,83,97,100,105,133,134,135" m="31264,30752" machi="105" ten="40,5200,0" yaku="20,1,52,2" doraHai="80" who="2" fromWho="1" sc="211,0,516,-52,313,62,0,0" /><INIT seed="6,0,0,4,4,89" ten="211,464,375,0" oya="2" hai0="110,113,119,49,114,65,127,50,130,98,71,3,37" hai1="135,36,99,70,56,39,51,109,88,83,76,60,35" hai2="100,129,117,125,41,81,94,61,80,58,102,104,112" hai3=""/><V45/><F117/><T93/><D65/><U123/><N who="1" m="31520" /><U64/><E109/><V133/><F112/><T43/><D43/><U108/><E108/><V90/><F133/><T34/><D50/><U85/><E135/><V1/><F1/><T79/><D49/><U95/><REACH who="1" step="1"/><E35/><REACH who="1" ten="211,454,375,0" step="2"/><V47/><F129/><T105/><D110/><U53/><AGARI ba="0,1" hai="36,39,51,53,56,60,64,70,76,83,85,88,95,99" m="31520" machi="53" ten="30,9000,2" yaku="1,1,2,1,0,1,52,2,54,1,53,1" doraHai="89" doraHaiUra="44" who="1" fromWho="1" sc="211,-30,454,100,375,-60,0,0" owari="181,-42.0,554,50.0,315,-8.0,0,0.0" /></mjloggm>