<mjloggm ver="2.3"><GO type="169" lobby="0"/><UN n0="%4B%2E%32%2E%4B%2E" n1="%E3%83%A4%E3%83%8A%E3%83%AA%E3%83%B3%E3%82%B9%E3%82%AD%E3%83%BC" n2="%E3%81%86%E3%81%AA%E3%81%8E%E9%BA%BA" n3="%E7%89%A7%E5%A0%B4%E3%81%AE%E5%B0%91%E5%A5%B3" dan="16,17,16,18" rate="2076.46,2145.90,2051.36,2210.30" sx="M,M,M,F"/><TAIKYOKU oya="0"/><INIT seed="0,0,0,5,2,94" ten="250,250,250,250" oya="0" hai0="32,6,8,135,50,78,63,18,58,26,91,29,111" hai1="0,14,73,7,130,108,131,102,62,38,126,128,95" hai2="86,119,49,22,65,56,84,69,116,92,97,112,40" hai3="39,3,113,77,21,41,43,105,54,124,72,1,20"/><T44/><D135/><U9/><E108/><V90/><F112/><W25/><G105/><T48/><D78/><U57/><E38/><V42/><F69/><W59/><G113/><T110/><D18/><U67/><E73/><V93/><F22/><W52/><G59/><T12/><D91/><U13/><REACH who="1" step="1"/><E126/><REACH who="1" ten="250,240,250,250" step="2"/><V122/><F122/><W36/><G72/><T34/><D34/><U134/><E134/><V88/><F119/><W115/><G115/><T66/><REACH who="0" step="1"/><D50/><REACH who="0" ten="240,240,250,250" step="2"/><U53/><E53/><AGARI ba="0,2" hai="6,8,12,26,29,32,44,48,53,58,63,66,110,111" machi="53" ten="40,7700,0" yaku="1,1,2,1,53,1" doraHai="94" doraHaiUra="60" who="0" fromWho="1" sc="240,97,240,-77,250,0,250,0" /><INIT seed="0,1,0,0,3,26" ten="337,163,250,250" oya="0" hai0="79,17,59,90,130,134,88,67,82,39,87,94,54" hai1="62,32,97,93,65,100,36,45,2,50,28,92,7" hai2="18,37,135,104,95,6,61,89,46,76,74,70,33" hai3="4,123,78,105,91,83,118,128,35,106,63,34,40"/><T5/><D39/><U77/><E36/><V75/><F104/><W29/><G118/><T111/><D130/><U120/><E120/><V117/><F6/><W56/><G40/><T66/><D134/><U27/><E77/><V51/><F37/><W16/><G4/><T14/><D5/><U113/><E113/><V125/><F33/><W43/><G43/><T42/><D42/><U132/><E132/><V11/><F76/><W24/><G34/><T58/><D58/><U108/><E108/><V122/><F122/><W48/><G48/><T133/><D111/><U49/><E45/><V53/><F135/><W80/><G128/><T126/><D126/><U10/><REACH who="1" step="1"/><E93/><REACH who="1" ten="337,153,250,250" step="2"/><V96/><F95/><W84/><G123/><T99/><D79/><U115/><E115/><V112/><F112/><W41/><G80/><T86/><D133/><U55/><E55/><V129/><F53/><W101/><G78/><T23/><REACH who="0" step="1"/><D87/><REACH who="0" ten="327,153,250,250" step="2"/><U119/><E119/><V3/><F117/><W44/><G44/><T110/><D110/><U9/><E9/><V21/><F11/><W73/><G41/><T60/><AGARI ba="1,2" hai="14,17,23,54,59,60,66,67,82,86,88,90,94,99" machi="60" ten="20,12000,1" yaku="1,1,0,1,7,1,8,1,54,1,53,0" doraHai="26" doraHaiUra="0" who="0" fromWho="0" sc="327,143,153,-41,250,-41,250,-41" /><INIT seed="0,2,0,0,1,78" ten="470,112,209,209" oya="0" hai0="107,87,90,27,37,18,0,104,40,54,52,33,60" hai1="129,120,59,83,76,113,39,69,112,126,103,108,114" hai2="95,43,101,88,30,49,53,58,45,74,47,105,127" hai3="91,7,84,67,102,115,73,82,66,35,111,25,99"/><T32/><D0/><U97/><E69/><V71/><F127/><W77/><G111/><T29/><D33/><U42/><E59/><V57/><F71/><W132/><G115/><T135/><D135/><U109/><E42/><V10/><F74/><W16/><G7/><T5/><D5/><U134/><E39/><V80/><F105/><W48/><G132/><T28/><D28/><U11/><E11/><V41/><F101/><W68/><G68/><T123/><D123/><U22/><E22/><V2/><F2/><W133/><G133/><T46/><D18/><U86/><E134/><V96/><F30/><W65/><G48/><T38/><D38/><U100/><E126/><V9/><F58/><W51/><G51/><T124/><D60/><U23/><E23/><V131/><F131/><W44/><G44/><T121/><D121/><U17/><E17/><V13/><F10/><W4/><G4/><T119/><D119/><U70/><E70/><V34/><F34/><W93/><G35/><T130/><D130/><U116/><E129/><V85/><F47/><W12/><G25/><T117/><D117/><U92/><E120/><V106/><F106/><N who="0" m="40490" /><D124/><U1/><E1/><V14/><F9/><N who="3" m="6159" /><G73/><T72/><D72/><U64/><E64/><N who="3" m="16386" /><W6/><DORA hai="50" /><G6/><T3/><D3/><U24/><E24/><V81/><F43/><W63/><G63/><T8/><D37/><U21/><E116/><V62/><F96/><W110/><G110/><N who="1" m="42602" /><E21/><V122/><F122/><W75/><G75/><T56/><D32/><U36/><E36/><V61/><F61/><W125/><G125/><RYUUKYOKU ba="2,0" sc="470,-30,112,10,209,10,209,10" hai1="76,83,86,92,97,100,103,112,113,114" hai2="13,14,41,45,49,53,57,62,80,81,85,88,95" hai3="77,82,84,91,93,99,102" /><INIT seed="1,3,0,1,2,8" ten="440,122,219,219" oya="1" hai0="121,15,65,76,30,57,94,114,132,117,127,40,92" hai1="99,105,33,83,106,23,135,51,118,128,116,45,12" hai2="67,85,13,46,109,98,49,26,119,60,19,108,20" hai3="66,129,123,100,69,80,112,86,87,44,59,70,79"/><U48/><E33/><V42/><F119/><W6/><G112/><T50/><D40/><U21/><E128/><V53/><F85/><W0/><G123/><T54/><D114/><U22/><E83/><V36/><F98/><W27/><G129/><T74/><D117/><N who="1" m="45163" /><E45/><V130/><F130/><W81/><G100/><T56/><D76/><U131/><E99/><V5/><F5/><W52/><G44/><T133/><D74/><U126/><E131/><V90/><F90/><W134/><G66/><T34/><D34/><U111/><E126/><V47/><REACH who="2" step="1"/><F26/><REACH who="2" ten="440,122,209,219" step="2"/><W78/><G27/><T107/><D127/><U97/><E97/><V10/><F10/><W91/><G91/><T84/><D121/><U35/><E135/><V4/><F4/><W28/><G134/><T1/><D133/><U38/><E106/><V75/><F75/><W72/><G72/><T2/><D107/><U82/><E105/><V104/><F104/><W63/><G6/><T88/><D132/><U73/><E73/><V32/><F32/><W124/><G124/><T3/><D88/><U103/><E35/><V24/><F24/><W14/><G86/><T39/><D84/><U31/><E103/><V18/><F18/><W9/><G87/><T95/><D95/><U96/><E96/><V7/><F7/><W29/><G81/><T113/><D113/><U110/><E82/><V55/><F55/><W11/><G80/><T125/><D125/><U68/><E23/><V37/><F37/><W120/><G120/><T102/><D102/><U101/><E101/><V89/><F89/><W17/><G52/><RYUUKYOKU ba="3,1" sc="440,-10,122,-10,209,30,219,-10" hai2="13,19,20,36,42,46,47,49,53,60,67,108,109" /><INIT seed="2,4,1,2,3,100" ten="430,112,239,209" oya="2" hai0="66,127,22,40,5,21,103,135,104,116,89,120,13" hai1="96,102,126,4,58,109,23,10,69,59,118,93,75" hai2="19,54,134,77,27,87,57,18,67,36,70,115,121" hai3="101,25,108,14,80,49,114,52,82,74,99,131,112"/><V98/><F115/><N who="3" m="44075" /><G108/><T28/><D120/><U39/><E118/><V60/><F121/><W9/><G25/><T12/><D40/><U32/><E32/><V84/><F134/><W71/><G71/><T24/><D66/><U55/><E109/><V38/><F38/><W81/><G74/><T79/><D89/><U33/><E33/><V90/><F36/><W51/><G131/><T42/><D79/><U31/><E69/><V92/><F27/><W53/><G49/><T73/><D127/><U85/><E75/><V62/><F77/><W30/><G30/><T68/><D68/><U11/><E39/><V41/><F41/><W48/><G51/><T45/><D73/><U132/><E132/><V29/><F29/><W78/><G48/><T47/><D42/><U111/><E126/><V17/><AGARI ba="4,1" hai="17,18,19,54,57,60,62,67,70,84,87,90,92,98" machi="17" ten="30,1500,0" yaku="0,1" doraHai="100" who="2" fromWho="2" sc="430,-9,112,-9,239,37,209,-9" /><INIT seed="2,5,0,0,3,57" ten="421,103,276,200" oya="2" hai0="116,54,111,101,117,1,29,9,67,31,88,113,56" hai1="77,11,20,42,96,17,102,10,53,76,58,50,127" hai2="106,89,21,6,107,33,115,69,46,98,43,126,2" hai3="72,14,84,100,45,23,55,65,133,90,8,16,94"/><V128/><F115/><W19/><G133/><T118/><D111/><U80/><E127/><V32/><F69/><W79/><G72/><T49/><D113/><U114/><E114/><V63/><F6/><W52/><G79/><T18/><D101/><U123/><E123/><V74/><F74/><W0/><G0/><T78/><D78/><U36/><E76/><V129/><F2/><W93/><G65/><T62/><D88/><U104/><E36/><V86/><F126/><W44/><G100/><T120/><D120/><U70/><E70/><V91/><F21/><W119/><G119/><T68/><REACH who="0" step="1"/><D18/><REACH who="0" ten="411,103,276,200" step="2"/><U124/><E124/><V35/><F91/><W83/><G94/><T110/><D110/><U97/><E97/><V3/><F98/><W64/><G93/><T109/><D109/><U41/><E77/><V39/><F106/><W28/><G28/><T37/><D37/><U122/><E122/><V99/><F99/><W4/><G4/><AGARI ba="5,1" hai="1,4,9,29,31,49,54,56,62,67,68,116,117,118" machi="4" ten="40,5200,0" yaku="1,1,12,1,52,1,53,0" doraHai="57" doraHaiUra="125" who="0" fromWho="3" sc="411,77,103,0,276,0,200,-67" /><INIT seed="3,0,0,0,2,22" ten="488,103,276,133" oya="3" hai0="130,103,10,17,108,6,62,86,59,125,70,114,90" hai1="101,75,8,36,115,127,56,66,13,0,113,131,29" hai2="52,53,94,134,1,46,96,39,104,11,31,38,34" hai3="47,44,84,61,60,54,107,30,132,14,87,128,102"/><W109/><G107/><T9/><D70/><U98/><E36/><V69/><F104/><W92/><G132/><T49/><D108/><U64/><E75/><V80/><F69/><W81/><G128/><T23/><D125/><U50/><E0/><V119/><F119/><W73/><G73/><T79/><D79/><U77/><E77/><V95/><F80/><W2/><G2/><T40/><D103/><U126/><E131/><V5/><F95/><W58/><G109/><T19/><D114/><U72/><E66/><V67/><F67/><W26/><G60/><T33/><D33/><U16/><E72/><V105/><F105/><W91/><G14/><T55/><D6/><U21/><E50/><V20/><F34/><W85/><G102/><T83/><D130/><U82/><E82/><V124/><F124/><N who="1" m="47657" /><E56/><V110/><F134/><W63/><G63/><T42/><D19/><U43/><E43/><N who="0" m="16425" /><D49/><U4/><E64/><V99/><F110/><W48/><G81/><T76/><D76/><U120/><E29/><V7/><F39/><W27/><G30/><T106/><D106/><N who="1" m="63799" /><E120/><V68/><F68/><W24/><REACH who="3" step="1"/><G48/><REACH who="3" ten="488,103,276,123" step="2"/><T25/><AGARI ba="0,1" hai="9,10,17,23,25,55,59,62,83,86,90" m="16425" machi="25" ten="30,2000,0" yaku="8,1,52,1" doraHai="22" who="0" fromWho="0" sc="488,30,103,-5,276,-5,123,-10" /><INIT seed="4,0,0,4,3,110" ten="518,98,271,113" oya="0" hai0="95,23,29,62,74,27,109,25,61,70,22,63,4" hai1="77,79,124,75,35,14,33,59,18,5,69,7,91" hai2="46,8,89,101,133,19,115,120,10,112,56,47,88" hai3="71,21,49,111,6,54,114,122,104,106,100,135,116"/><T78/><D109/><U108/><E69/><V34/><F120/><W129/><G111/><T64/><D74/><U86/><E108/><V50/><F133/><W51/><G116/><T113/><D113/><N who="2" m="43594" /><F34/><W81/><G49/><T28/><D78/><U72/><E124/><V43/><F56/><W130/><G71/><T2/><D95/><U131/><E131/><V12/><F101/><W37/><G100/><T44/><D44/><U53/><E35/><V57/><F57/><W73/><G135/><T107/><D107/><U52/><E33/><V40/><F8/><AGARI ba="0,0" hai="2,4,8,22,23,25,27,28,29,61,62,63,64,70" machi="8" ten="40,2000,0" yaku="9,1" doraHai="110" who="0" fromWho="2" sc="518,20,98,0,271,-20,113,0" /><INIT seed="4,1,0,3,2,30" ten="538,98,251,113" oya="0" hai0="41,0,96,26,45,119,118,131,5,108,70,2,101" hai1="7,11,1,134,27,71,115,22,91,77,81,62,133" hai2="69,16,67,104,4,8,49,19,107,66,33,59,105" hai3="50,36,73,76,79,132,64,106,109,111,100,46,103"/><T112/><D70/><U9/><E91/><V130/><F69/><W24/><G64/><T44/><D112/><U127/><E127/><V60/><F67/><W53/><G132/><T35/><D45/><U28/><E115/><V14/><F130/><W129/><G129/><T52/><D52/><U110/><E110/><V25/><REACH who="2" step="1"/><F49/><REACH who="2" ten="538,98,241,113" step="2"/><W23/><G50/><N who="0" m="26895" /><D131/><U117/><E71/><V123/><F123/><W124/><G124/><T61/><D108/><U32/><E62/><V58/><F58/><W18/><G111/><T114/><D61/><U55/><E117/><V98/><F98/><W34/><G109/><T92/><D114/><U87/><E55/><V93/><F93/><W15/><G46/><T88/><D92/><U57/><E57/><V78/><F78/><W82/><G76/><T85/><D96/><U128/><E128/><V121/><F121/><W83/><G79/><T47/><D47/><U3/><E134/><V125/><F125/><W21/><G53/><T113/><D113/><U74/><E133/><V37/><F37/><W12/><G36/><T86/><D118/><U94/><E94/><V120/><F120/><W84/><G106/><T135/><D135/><U10/><E74/><V126/><F126/><W29/><G73/><T63/><D63/><U38/><E38/><V56/><F56/><W39/><G39/><T80/><D119/><U95/><E95/><V40/><F40/><W65/><G65/><T75/><D75/><U13/><E1/><V102/><F102/><N who="3" m="38955" /><G84/><T54/><D86/><U48/><E48/><V89/><F89/><W42/><G42/><RYUUKYOKU ba="1,1" sc="538,-30,98,10,241,10,113,10" hai1="3,7,9,10,11,13,22,27,28,32,77,81,87" hai2="4,8,14,16,19,25,33,59,60,66,104,105,107" hai3="12,15,18,21,23,24,29,34,82,83" /><INIT seed="5,2,1,1,4,2" ten="508,108,251,123" oya="1" hai0="51,17,18,16,118,37,133,85,67,29,76,72,127" hai1="27,130,84,111,11,116,50,30,68,14,108,120,103" hai2="92,9,75,54,25,113,110,109,59,21,44,6,102" hai3="57,60,91,8,126,65,31,95,132,106,49,94,81"/><U15/><E116/><V40/><F75/><W83/><G106/><T3/><D37/><U20/><E120/><V35/><F35/><W128/><G132/><T33/><D72/><U55/><E68/><V45/><F102/><W89/><G128/><T62/><D3/><U88/><E103/><V99/><F113/><W79/><G126/><T123/><D118/><U13/><E130/><V0/><F99/><N who="3" m="57807" /><G31/><T36/><D36/><U58/><REACH who="1" step="1"/><E11/><REACH who="1" ten="508,98,251,123" step="2"/><V135/><F135/><W97/><G79/><T7/><D133/><U70/><E70/><V32/><F9/><W41/><G8/><T71/><D123/><U61/><E61/><V69/><F69/><W112/><G112/><T39/><D71/><U64/><E64/><V52/><F110/><W4/><G4/><T22/><D7/><U28/><E28/><V63/><F6/><W73/><G73/><T98/><D29/><U93/><AGARI ba="2,2" hai="13,14,15,20,27,30,50,55,58,84,88,93,108,111" machi="93" ten="30,6000,0" yaku="1,1,0,1,54,1,53,0" doraHai="2" doraHaiUra="105" who="1" fromWho="1" sc="508,-22,98,86,251,-22,123,-22" /><INIT seed="5,3,0,2,4,29" ten="486,184,229,101" oya="1" hai0="14,31,69,75,62,56,90,114,109,71,46,43,87" hai1="51,20,95,80,78,84,23,63,106,125,18,100,127" hai2="11,26,4,33,50,0,102,123,39,92,83,22,126" hai3="9,68,47,49,70,67,1,24,86,30,124,74,133"/><U119/><E119/><V110/><F39/><W35/><G74/><T118/><D109/><U108/><E108/><V12/><F110/><W89/><G133/><T72/><D118/><U15/><E106/><V45/><F123/><W112/><G112/><T60/><D60/><U132/><E132/><V25/><F126/><N who="1" m="48137" /><E63/><V128/><F128/><W115/><G115/><T120/><D31/><U3/><E3/><V73/><F33/><W98/><G67/><T97/><D97/><N who="1" m="59455" /><E51/><V85/><F73/><W41/><G124/><T7/><D62/><U19/><E19/><V94/><F0/><W2/><G98/><T77/><D114/><U88/><E23/><V96/><F94/><W48/><G1/><T122/><D122/><U27/><E15/><V111/><F22/><W105/><G105/><T66/><D14/><U21/><E21/><V101/><F101/><W104/><G104/><T57/><D120/><U113/><E113/><V129/><F129/><W40/><G2/><T36/><D36/><U54/><E54/><N who="2" m="30031" /><F111/><W117/><G117/><T61/><D61/><U13/><E13/><V32/><F32/><W103/><G103/><T10/><D66/><U34/><E34/><V82/><F26/><W91/><G9/><T134/><D134/><U76/><AGARI ba="3,0" hai="18,20,27,76,78,80,84,88" m="59455,48137" machi="76" ten="30,3000,0" yaku="18,1,54,1" doraHai="29" who="1" fromWho="1" sc="486,-13,184,39,229,-13,101,-13" /><INIT seed="5,4,0,1,3,64" ten="473,223,216,88" oya="1" hai0="129,127,26,47,87,28,114,25,37,109,78,81,46" hai1="123,67,35,100,31,5,2,61,7,134,72,116,55" hai2="108,59,70,120,54,125,98,79,17,113,92,122,132" hai3="15,111,56,83,62,29,23,93,126,50,121,91,124"/><U42/><E116/><V71/><F108/><W80/><G111/><T86/><D109/><U82/><E123/><V58/><F79/><W13/><G121/><T106/><D106/><U69/><E2/><V105/><F105/><W89/><G50/><T12/><D114/><U104/><E42/><V51/><F113/><W16/><G29/><T118/><D127/><U41/><E41/><V14/><F125/><W74/><G74/><T73/><D26/><N who="1" m="18935" /><E134/><V112/><F112/><W117/><G117/><T133/><D25/><U8/><E8/><V33/><F33/><W30/><G30/><T9/><D9/><U20/><E20/><V97/><F132/><W88/><G126/><T96/><D37/><U43/><E55/><V102/><F122/><W63/><G124/><T39/><D39/><U4/><E43/><V65/><F120/><W77/><G77/><T130/><D28/><U128/><E82/><N who="3" m="31274" /><G13/><T40/><D81/><U18/><E18/><V131/><F131/><W57/><G93/><T68/><D118/><U53/><E72/><V34/><F34/><W119/><G119/><T38/><D73/><U21/><E128/><V49/><F98/><W36/><G36/><T19/><D133/><U32/><E32/><V94/><F94/><W103/><G103/><T10/><D129/><U135/><E135/><V115/><F115/><W66/><G89/><T11/><D130/><U101/><E104/><V95/><F95/><W60/><G60/><T44/><D38/><U110/><E110/><V107/><F107/><W45/><G45/><T48/><D40/><U0/><E101/><RYUUKYOKU ba="4,0" sc="473,-10,223,-10,216,-10,88,30" hai3="15,16,23,56,57,62,63,66,88,91" /><INIT seed="6,5,0,4,3,30" ten="463,213,206,118" oya="2" hai0="41,56,120,95,11,59,126,29,35,44,17,128,111" hai1="133,14,32,2,125,3,77,75,37,84,13,92,64" hai2="18,82,5,118,19,55,39,105,4,113,129,24,10" hai3="99,15,130,108,109,60,57,65,72,45,85,124,26"/><V112/><F105/><W0/><G130/><T66/><D111/><U88/><E37/><V51/><F39/><W52/><G124/><T69/><D69/><U103/><E32/><V9/><F118/><W23/><G72/><T116/><D35/><U127/><E64/><V33/><F82/><W40/><G0/><N who="1" m="42" /><E103/><V106/><F106/><W104/><G15/><T78/><D120/><U21/><E21/><V89/><F89/><W107/><G85/><T49/><D56/><U50/><E50/><V1/><F51/><W58/><G104/><T43/><D95/><U97/><E75/><V27/><F55/><W81/><G81/><T74/><D17/><N who="2" m="6154" /><F129/><W36/><G107/><T67/><D59/><U123/><E123/><V22/><F33/><W8/><G8/><N who="2" m="3177" /><F1/><W102/><G102/><T16/><D74/><U70/><E70/><V90/><F90/><W100/><G100/><T25/><D49/><U28/><E77/><V110/><F110/><W54/><G99/><T62/><D78/><U101/><E84/><V7/><F22/><W94/><G94/><T73/><D73/><U134/><E101/><V6/><N who="2" m="1024" /><DORA hai="47" /><V91/><F91/><W115/><G108/><T53/><D53/><N who="3" m="20585" /><G109/><T83/><D83/><U71/><E71/><V98/><F98/><W117/><G117/><T79/><D116/><U48/><E97/><V114/><AGARI ba="5,0" hai="24,27,112,113,114" m="1024,3177,6154" machi="114" ten="50,12000,1" yaku="28,2,15,1,34,2" doraHai="30,47" who="2" fromWho="2" sc="463,-45,213,-45,206,135,118,-45" /><INIT seed="6,6,0,5,0,51" ten="418,168,341,73" oya="2" hai0="74,105,88,19,120,111,39,45,31,3,101,73,25" hai1="49,66,125,80,14,82,107,91,26,77,0,71,95" hai2="64,85,69,100,58,13,131,41,32,10,79,104,112" hai3="59,133,119,98,46,34,127,43,102,30,109,20,135"/><V12/><F32/><W114/><G119/><T92/><D111/><U116/><E0/><V15/><F69/><W6/><G109/><T81/><D3/><U57/><E107/><V86/><F112/><W9/><G34/><T90/><D19/><U75/><E125/><V76/><F41/><W118/><G118/><T38/><D90/><U87/><E71/><V96/><F10/><W89/><G127/><T36/><D120/><U110/><E110/><V4/><F4/><W2/><G89/><T63/><D45/><U115/><E115/><V44/><F44/><W1/><G1/><T129/><D129/><U29/><E14/><V83/><F131/><W33/><G33/><T50/><D50/><U70/><E70/><V62/><REACH who="2" step="1"/><F79/><REACH who="2" ten="418,168,331,73" step="2"/><W68/><G68/><T117/><D117/><U22/><E116/><V60/><F60/><W128/><G128/><T124/><D124/><U11/><E11/><V52/><F52/><W65/><G114/><T27/><D63/><U78/><E66/><V106/><F106/><N who="3" m="63831" /><G65/><T94/><D105/><U48/><E57/><V56/><F56/><W37/><G59/><T24/><D39/><U23/><E49/><V93/><F93/><W53/><G53/><T17/><D92/><U35/><E48/><V126/><F126/><W121/><G121/><T16/><D38/><U5/><E5/><V18/><F18/><W123/><G123/><T108/><D17/><U103/><E77/><V55/><F55/><W122/><G122/><T61/><D36/><U7/><E7/><V72/><AGARI ba="6,1" hai="12,13,15,58,62,64,72,76,83,85,86,96,100,104" machi="72" ten="30,3000,0" yaku="1,1,0,1,53,0" doraHai="51" doraHaiUra="47" who="2" fromWho="2" sc="418,-16,168,-16,331,58,73,-16" /><INIT seed="6,7,0,2,0,32" ten="402,152,389,57" oya="2" hai0="66,77,107,38,46,53,49,39,58,60,100,81,36" hai1="6,37,70,20,31,33,101,54,93,114,97,105,129" hai2="75,44,45,2,10,0,90,9,102,109,116,34,28" hai3="73,89,56,112,110,64,65,1,127,55,17,92,121"/><V78/><F116/><W24/><G121/><T48/><D48/><U22/><E114/><V84/><F28/><W79/><G110/><T69/><D100/><U135/><E37/><V40/><F34/><W68/><G68/><T119/><D119/><U3/><E129/><V57/><F102/><W87/><G127/><T14/><D107/><U88/><E70/><V104/><F104/><W131/><G131/><T118/><D14/><U50/><E135/><V99/><F99/><W115/><G73/><T128/><D128/><U76/><E76/><V29/><F29/><W123/><G79/><T98/><D98/><U130/><E130/><V30/><F30/><W117/><G117/><T43/><D118/><U12/><E12/><V25/><F25/><W11/><G24/><T52/><D53/><U94/><E105/><V72/><F78/><W15/><G123/><T16/><D16/><U111/><E111/><V122/><F122/><W106/><G106/><T61/><D61/><U67/><E67/><V35/><F35/><W113/><REACH who="3" step="1"/><G1/><REACH who="3" ten="402,152,389,47" step="2"/><T8/><D8/><U126/><E126/><V62/><F109/><W82/><G82/><T42/><D42/><U108/><E108/><V91/><F40/><W132/><G132/><T71/><D69/><U51/><E33/><V124/><F124/><W5/><G5/><T59/><D71/><U120/><E120/><V27/><F27/><W19/><G19/><T74/><AGARI ba="7,1" hai="36,38,39,43,46,49,52,58,59,60,66,74,77,81" machi="74" ten="20,2700,0" yaku="0,1,7,1,54,1" doraHai="32" who="0" fromWho="0" sc="402,58,152,-14,389,-20,47,-14" /><INIT seed="7,0,0,3,0,19" ten="460,138,369,33" oya="3" hai0="69,27,135,118,67,79,24,28,52,86,38,104,5" hai1="9,16,32,47,106,123,98,94,22,40,48,68,120" hai2="3,90,0,107,17,29,1,108,20,46,15,23,115" hai3="96,103,74,30,37,36,75,129,117,71,97,88,58"/><W39/><G117/><T134/><D38/><U73/><E32/><V127/><F107/><W49/><G71/><T112/><D104/><U12/><E73/><V59/><F108/><W116/><G116/><T111/><D111/><U128/><E68/><V85/><F115/><W93/><G129/><T114/><D118/><U33/><E33/><V21/><F127/><W60/><G49/><T4/><D52/><U101/><E128/><V70/><F70/><W63/><G30/><T78/><D69/><U35/><E35/><V50/><F59/><W102/><G102/><T77/><D86/><U99/><E9/><V7/><F7/><N who="0" m="2634" /><D67/><U44/><E44/><V14/><F14/><W56/><G58/><T8/><D8/><U133/><E133/><N who="0" m="50697" /><D28/><U13/><E13/><V11/><F29/><W53/><REACH who="3" step="1"/><G60/><REACH who="3" ten="460,138,369,23" step="2"/><T42/><D42/><U87/><E101/><V2/><F2/><W54/><G54/><T91/><D114/><U25/><E48/><V61/><F61/><W57/><G57/><T18/><D112/><U43/><E40/><V89/><REACH who="2" step="1"/><F85/><REACH who="2" ten="460,138,359,23" step="2"/><W92/><AGARI ba="0,2" hai="36,37,39,53,56,63,74,75,88,92,93,96,97,103" machi="92" ten="40,7800,0" yaku="1,1,0,1,54,1,53,0" doraHai="19" doraHaiUra="109" who="3" fromWho="3" sc="460,-26,138,-26,359,-26,23,98" /><INIT seed="7,1,0,4,0,58" ten="434,112,333,121" oya="3" hai0="132,100,120,125,108,66,51,115,89,84,32,21,19" hai1="40,47,2,75,34,56,37,126,109,102,69,88,93" hai2="15,60,124,33,67,52,43,106,86,82,99,55,78" hai3="24,62,117,64,10,35,41,29,103,122,95,44,59"/><W7/><G117/><T42/><D32/><U70/><E109/><V114/><F33/><W11/><G122/><T110/><D120/><U73/><E2/><V48/><F114/><W72/><G72/><T130/><D115/><U131/><E34/><V107/><F124/><W90/><G103/><T127/><D66/><U98/><E126/><N who="0" m="48137" /><D100/><U123/><E123/><V54/><F99/><W1/><G1/><T26/><D130/><U5/><E5/><V22/><F43/><W18/><G18/><T94/><D132/><U0/><E0/><V23/><F48/><W74/><G74/><T13/><D26/><U31/><E131/><V79/><F79/><W111/><G7/><T49/><D42/><U45/><E31/><V104/><REACH who="2" step="1"/><F15/><REACH who="2" ten="434,112,323,121" step="2"/><W28/><G111/><AGARI ba="1,1" hai="13,19,21,49,51,84,89,94,108,110,111" m="48137" machi="111" ten="30,1000,0" yaku="18,1" doraHai="58" who="0" fromWho="3" sc="434,23,112,0,323,0,121,-13" owari="457,56.0,112,-29.0,323,12.0,108,-39.0" /></mjloggm>