<mjloggm ver="2.3"><GO type="169" lobby="0"/><UN n0="%6F%75%74%E7%A5%AD%E3%82%8A" n1="%E6%99%82%E9%9B%A8%E8%92%BC%E7%87%95%E6%B5%81" n2="%6E%6F%6D%69%6F" n3="%6E%69%6B%6B%61%31%31%38" dan="16,16,16,16" rate="2171.72,2148.04,2078.84,2047.47" sx="M,M,M,M"/><TAIKYOKU oya="0"/><INIT seed="0,0,0,5,3,91" ten="250,250,250,250" oya="0" hai0="49,10,7,123,27,107,34,96,20,26,67,66,78" hai1="61,28,9,81,65,12,50,79,135,100,55,6,1" hai2="13,80,98,131,97,15,51,17,132,116,33,74,99" hai3="117,114,84,35,86,134,8,39,58,40,119,127,89"/><T90/><D123/><U72/><E135/><V54/><F132/><W64/><G134/><T18/><D78/><U76/><E28/><V129/><F33/><W101/><G35/><T60/><D49/><U75/><E100/><V87/><F74/><W29/><G29/><T68/><D66/><U3/><E76/><V113/><F113/><W122/><G101/><T85/><D96/><U110/><E110/><V31/><F31/><W73/><G73/><T14/><D34/><U30/><E30/><V112/><F112/><W104/><G104/><T42/><D107/><U11/><E11/><V2/><F2/><W25/><G8/><T102/><D102/><U128/><E128/><V95/><F116/><W47/><G127/><T111/><D42/><U133/><E72/><V92/><F129/><W45/><G40/><T62/><D62/><U56/><REACH who="1" step="1"/><E133/><REACH who="1" ten="250,240,250,250" step="2"/><V16/><F131/><W53/><G119/><T5/><D111/><U125/><E125/><V41/><F41/><W4/><G117/><T32/><D32/><U24/><E24/><V59/><F13/><W120/><G25/><T106/><D106/><U94/><E94/><N who="2" m="35883" /><F15/><W115/><G120/><T46/><D27/><U126/><E126/><V130/><F130/><W36/><G122/><T121/><D121/><U124/><E124/><V103/><F103/><W118/><G115/><T108/><D108/><U70/><AGARI ba="0,1" hai="1,3,6,9,12,50,55,56,61,65,70,75,79,81" machi="70" ten="20,5200,0" yaku="1,1,0,1,7,1,53,1" doraHai="91" doraHaiUra="48" who="1" fromWho="1" sc="250,-26,240,62,250,-13,250,-13" /><INIT seed="1,0,0,0,2,23" ten="224,302,237,237" oya="1" hai0="59,110,34,33,127,135,85,6,3,62,7,46,119" hai1="120,13,48,113,91,86,73,80,31,121,5,39,12" hai2="130,84,117,14,52,126,47,22,55,8,67,90,124" hai3="92,109,104,99,15,96,27,20,131,72,71,49,76"/><U21/><E39/><V115/><F117/><W79/><G71/><T53/><D119/><U19/><E113/><V43/><F115/><W30/><G109/><T58/><D110/><U116/><E116/><V97/><F97/><W63/><G131/><T50/><D135/><U16/><E5/><V102/><F102/><W25/><G63/><T1/><D127/><N who="2" m="48682" /><F67/><W35/><G15/><T134/><D134/><U51/><E31/><V123/><F123/><W81/><G79/><T69/><D69/><U64/><E64/><V2/><F2/><W87/><G49/><T56/><D62/><U10/><E51/><N who="2" m="27135" /><F22/><W42/><G42/><T24/><D34/><U132/><E132/><V40/><F40/><W106/><G72/><T11/><D85/><U101/><E101/><V57/><F57/><W45/><G45/><T133/><D133/><U118/><E118/><V70/><F70/><W68/><G68/><T18/><D33/><U89/><E73/><V100/><F100/><W93/><G93/><T128/><D3/><U98/><E48/><V41/><F41/><W26/><G35/><T0/><D0/><U94/><AGARI ba="0,0" hai="10,12,13,16,19,21,80,86,89,91,94,98,120,121" machi="94" ten="30,3000,0" yaku="0,1,54,1" doraHai="23" who="1" fromWho="1" sc="224,-10,302,30,237,-10,237,-10" /><INIT seed="1,1,0,4,1,98" ten="214,332,227,227" oya="1" hai0="28,67,2,95,49,111,110,12,6,40,90,13,132" hai1="51,5,119,15,102,100,93,76,129,124,18,50,38" hai2="46,77,9,109,25,72,106,73,23,114,64,52,133" hai3="115,63,118,82,58,78,8,83,39,117,123,47,105"/><U128/><E119/><V134/><F109/><W37/><G105/><T121/><D28/><U108/><E38/><V113/><F64/><W11/><G123/><T62/><D121/><U55/><E76/><V48/><F106/><W112/><G63/><T14/><D132/><N who="2" m="50794" /><F9/><W80/><G58/><T107/><D107/><U69/><E69/><V36/><F36/><N who="3" m="13899" /><G78/><T116/><D116/><N who="3" m="44649" /><G47/><T57/><D40/><U65/><E5/><V19/><F77/><W61/><G61/><T125/><D49/><U35/><E108/><N who="0" m="41513" /><D2/><U10/><E65/><V88/><F88/><W24/><G24/><T32/><D6/><U7/><E7/><V85/><F85/><W1/><G1/><T126/><D32/><U79/><E35/><V53/><F53/><W120/><G120/><T104/><D104/><U103/><E79/><V41/><F41/><W74/><G74/><AGARI ba="1,0" hai="19,23,25,46,48,52,72,73,74,113,114" m="50794" machi="74" ten="30,2000,0" yaku="20,1,54,1" doraHai="98" who="2" fromWho="3" sc="214,0,332,0,227,23,227,-23" /><INIT seed="2,0,0,4,5,98" ten="214,332,250,204" oya="2" hai0="120,27,20,17,4,46,38,93,77,14,58,3,11" hai1="23,96,41,70,91,71,61,40,53,52,62,51,18" hai2="125,22,55,129,67,56,114,84,135,134,79,97,90" hai3="2,10,104,123,37,29,63,75,21,127,39,132,49"/><V121/><F121/><W28/><G123/><T119/><D120/><U112/><E112/><V65/><F114/><W118/><G118/><T88/><D119/><U69/><E96/><V80/><F125/><W31/><G104/><T83/><D58/><N who="1" m="33087" /><E23/><V50/><F129/><W16/><G75/><T13/><D83/><U15/><E15/><V86/><F97/><W115/><G63/><N who="1" m="24074" /><E18/><V126/><F126/><W54/><G132/><N who="2" m="50729" /><F22/><W122/><G127/><T89/><D77/><U109/><E91/><V32/><F32/><W9/><G122/><T44/><D89/><U48/><E109/><V87/><F87/><W113/><G113/><T35/><D38/><U111/><E111/><V92/><AGARI ba="0,0" hai="50,55,56,65,67,79,80,84,86,90,92" m="50729" machi="92" ten="30,1500,0" yaku="20,1" doraHai="98" who="2" fromWho="2" sc="214,-5,332,-5,250,15,204,-5" /><INIT seed="2,1,0,0,1,58" ten="209,327,265,199" oya="2" hai0="38,32,29,40,7,129,2,46,39,41,4,73,47" hai1="49,132,114,85,117,80,61,74,84,126,92,37,34" hai2="105,16,28,30,66,130,53,67,6,36,88,70,128" hai3="5,35,21,1,33,125,108,51,26,96,122,94,59"/><V68/><F105/><W115/><G108/><T107/><D129/><N who="2" m="49770" /><F6/><W131/><G125/><T97/><D73/><U75/><E126/><V69/><F36/><W18/><G122/><T64/><D29/><N who="2" m="11370" /><F53/><W110/><G110/><T104/><D32/><U99/><E49/><V119/><F119/><W42/><G115/><T55/><D55/><U8/><E37/><V111/><F111/><W10/><G42/><T124/><D124/><U91/><E117/><V133/><F133/><W13/><G131/><T54/><D54/><U57/><E132/><V123/><F123/><W118/><G118/><T72/><D72/><U89/><E114/><V93/><F16/><W116/><G116/><T87/><D87/><AGARI ba="1,0" hai="66,67,68,69,70,87,88,93" m="11370,49770" machi="87" ten="40,3900,0" yaku="19,1,54,1" doraHai="58" who="2" fromWho="0" sc="209,-42,327,0,265,42,199,0" /><INIT seed="2,2,0,4,1,124" ten="167,327,307,199" oya="2" hai0="24,73,130,39,69,107,81,14,116,80,19,78,12" hai1="29,61,2,86,118,0,5,3,102,71,120,51,67" hai2="18,110,94,30,27,89,65,62,7,25,99,8,131" hai3="33,122,121,103,45,66,55,64,91,52,77,68,88"/><V41/><F110/><W84/><G33/><T37/><D107/><U90/><E118/><V70/><F41/><W106/><G77/><T11/><D69/><U42/><E29/><V46/><F46/><W76/><G76/><T104/><D116/><U59/><E120/><V111/><F111/><W87/><G45/><T82/><D104/><U126/><E102/><V123/><F123/><W63/><G106/><T93/><D93/><U53/><E126/><V98/><F18/><W132/><G103/><T47/><D24/><U135/><E135/><V43/><F43/><W128/><G63/><T125/><D125/><U22/><E22/><V83/><F83/><W28/><G28/><T16/><D47/><U20/><E20/><V129/><F99/><W17/><G17/><T34/><D34/><U112/><E112/><V100/><F89/><W44/><G44/><T38/><D130/><N who="2" m="49674" /><F30/><W9/><G128/><T54/><D54/><U57/><E42/><V15/><AGARI ba="2,0" hai="7,8,15,25,27,62,65,70,94,98,100" m="49674" machi="15" ten="30,11700,0" yaku="19,1,52,3" doraHai="124" who="2" fromWho="2" sc="167,-41,327,-41,307,123,199,-41" /><INIT seed="2,3,0,2,4,94" ten="126,286,430,158" oya="2" hai0="78,121,108,128,32,129,35,91,115,4,100,41,59" hai1="65,42,113,39,119,74,6,56,81,52,63,15,13" hai2="10,2,67,110,48,131,1,124,122,135,79,51,36" hai3="83,0,9,61,109,57,64,116,21,22,12,37,62"/><V72/><F122/><W120/><G37/><T71/><D71/><U75/><E119/><V89/><F36/><W45/><G109/><T43/><D121/><U92/><E113/><V114/><F114/><W111/><G111/><T17/><D108/><U125/><E125/><V46/><F110/><W7/><G116/><T25/><D4/><U55/><E81/><V118/><F118/><W44/><G120/><T88/><D78/><U19/><E6/><V85/><F124/><W84/><G0/><T86/><D115/><U104/><E104/><V58/><F131/><W69/><G45/><T47/><D59/><U5/><E5/><V134/><F72/><W33/><G33/><T18/><D100/><U99/><E13/><V95/><F79/><W53/><G44/><T34/><D47/><U60/><E55/><V101/><F101/><W16/><G7/><T31/><D86/><U107/><E107/><V103/><F103/><W97/><G97/><T82/><D82/><U102/><E42/><N who="0" m="15881" /><D31/><U23/><REACH who="1" step="1"/><E39/><REACH who="1" ten="126,276,430,158" step="2"/><V3/><F3/><W87/><REACH who="3" step="1"/><G87/><REACH who="3" ten="126,276,430,148" step="2"/><T24/><D128/><U8/><E8/><V126/><F10/><W123/><G123/><T26/><D129/><U90/><E90/><AGARI ba="3,2" hai="9,12,16,21,22,53,57,61,62,64,69,83,84,90" machi="90" ten="30,7700,0" yaku="1,1,7,1,54,1,53,1" doraHai="94" doraHaiUra="50" who="3" fromWho="1" sc="126,0,276,-86,430,0,148,106" /><AGARI ba="3,0" hai="17,18,24,25,26,32,34,35,88,90,91" m="15881" machi="90" ten="40,5200,0" yaku="28,2,54,1" doraHai="94" who="0" fromWho="1" sc="126,52,190,-52,430,0,254,0" /><INIT seed="3,0,0,4,4,59" ten="178,138,430,254" oya="3" hai0="60,18,63,90,16,8,102,124,50,57,0,24,112" hai1="29,97,4,1,101,49,91,111,48,116,95,71,98" hai2="78,121,96,84,55,133,94,39,44,69,74,32,135" hai3="47,118,115,20,83,58,40,10,107,17,66,87,65"/><W77/><G107/><T100/><D124/><U105/><E111/><V56/><F32/><W127/><G127/><T36/><D36/><U7/><E116/><V134/><F69/><W61/><G118/><T14/><D0/><U104/><E104/><V42/><F74/><W75/><G115/><T128/><D112/><U80/><E29/><V54/><F121/><W64/><G10/><T76/><D76/><U12/><E1/><V6/><F6/><W106/><G106/><T122/><D122/><U38/><E38/><V46/><F46/><W89/><G89/><T119/><D128/><U70/><E80/><N who="2" m="47127" /><F56/><W125/><G75/><T103/><D90/><AGARI ba="0,0" hai="39,42,44,54,55,90,94,96,133,134,135" m="47127" machi="90" ten="30,1000,0" yaku="20,1" doraHai="59" who="2" fromWho="0" sc="178,-10,138,0,430,10,254,0" /><INIT seed="4,0,0,1,4,21" ten="168,138,440,254" oya="0" hai0="129,7,105,72,70,97,27,119,132,22,96,118,133" hai1="14,115,71,117,1,45,57,90,23,98,47,24,34" hai2="122,91,3,2,20,50,6,82,74,81,66,94,103" hai3="84,62,43,44,17,87,114,124,61,46,37,28,5"/><T89/><D70/><U31/><E117/><V130/><F122/><W41/><G28/><T63/><D63/><U32/><E71/><V135/><F135/><N who="0" m="51786" /><D129/><U9/><E115/><V75/><F130/><W33/><G33/><T76/><D7/><U104/><E57/><V8/><F66/><W78/><G5/><T80/><D89/><U30/><E1/><V126/><F126/><W99/><G124/><T42/><D42/><U10/><E104/><V59/><F3/><W113/><G99/><N who="0" m="37963" /><D105/><U128/><E128/><V108/><F103/><W56/><G78/><T101/><D101/><U83/><E98/><V85/><F6/><W121/><G121/><T38/><D38/><U65/><E65/><V102/><F102/><W16/><REACH who="3" step="1"/><G56/><REACH who="3" ten="168,138,440,244" step="2"/><T12/><D12/><U112/><E14/><V73/><F59/><W107/><G107/><T35/><D35/><U13/><E13/><V64/><F2/><W60/><G60/><T0/><D0/><U4/><E4/><V109/><F109/><W123/><G123/><T19/><AGARI ba="0,1" hai="19,22,27,72,76,80,118,119" m="37963,51786" machi="19" ten="30,3000,0" yaku="20,1,52,1" doraHai="21" who="0" fromWho="0" sc="168,40,138,-10,440,-10,244,-10" /><INIT seed="4,1,0,2,3,2" ten="208,128,430,234" oya="0" hai0="98,86,12,77,23,11,25,126,96,57,52,107,118" hai1="68,117,121,41,22,56,6,109,45,134,32,72,9" hai2="106,92,24,130,120,100,75,119,7,131,37,5,51" hai3="125,85,113,104,4,30,133,0,127,17,82,81,71"/><T16/><D118/><U64/><E117/><V116/><F37/><W53/><G71/><T1/><D1/><U48/><E109/><V21/><F106/><W62/><G104/><T46/><D126/><U59/><E121/><V26/><F120/><W60/><G30/><T132/><D132/><U95/><E134/><V67/><F75/><W129/><G113/><T39/><D107/><U49/><E32/><V29/><F67/><W18/><G133/><T87/><D46/><U66/><E22/><N who="2" m="15511" /><F51/><W33/><G33/><T84/><D77/><U103/><E72/><V47/><F47/><W55/><G0/><T10/><D10/><U88/><E103/><V19/><F92/><W123/><G85/><T63/><D39/><U14/><E68/><V40/><F40/><W108/><G129/><N who="2" m="49161" /><F100/><W78/><G123/><T54/><D54/><N who="1" m="31823" /><E59/><V27/><F27/><W80/><G80/><T114/><REACH who="0" step="1"/><D114/><REACH who="0" ten="198,128,430,234" step="2"/><U70/><E70/><V112/><F112/><W99/><G78/><T76/><D76/><U89/><E89/><V15/><F119/><W101/><G108/><T90/><D90/><U69/><E69/><V128/><F128/><W65/><G125/><T83/><D83/><U34/><E64/><V73/><F116/><W58/><G65/><T115/><D115/><U61/><E66/><V38/><F38/><W28/><G127/><T43/><D43/><U42/><E42/><V35/><F73/><W97/><G82/><T110/><D110/><U50/><E41/><V20/><F35/><W31/><G81/><T124/><D124/><U3/><E34/><V8/><F8/><RYUUKYOKU ba="1,1" sc="198,15,128,-15,430,15,234,-15" hai0="11,12,16,23,25,52,57,63,84,86,87,96,98" hai2="5,7,15,19,20,21,26" /><INIT seed="4,2,1,1,4,23" ten="213,113,445,219" oya="0" hai0="115,120,57,84,87,134,63,96,27,16,109,1,133" hai1="4,18,125,9,45,55,17,128,67,95,71,10,51" hai2="85,20,22,6,28,14,21,114,50,121,131,108,11" hai3="64,13,36,86,88,127,12,60,38,91,49,104,0"/><T58/><D120/><U116/><E116/><V113/><F85/><W124/><G0/><T102/><D1/><U97/><E128/><V70/><F70/><W24/><G104/><T52/><D115/><N who="2" m="44042" /><F50/><W33/><G49/><T132/><D109/><U100/><E125/><V75/><F75/><W3/><G3/><T80/><D58/><U129/><E129/><V31/><F131/><W94/><G60/><T42/><D42/><U110/><E110/><V103/><F103/><W119/><G64/><T117/><D117/><U5/><E67/><V68/><F68/><W126/><G119/><T92/><D80/><U41/><E71/><V47/><F47/><W66/><G66/><T43/><D43/><U76/><E76/><V77/><F77/><W123/><G123/><T99/><D96/><U26/><E41/><V62/><F62/><W7/><G91/><T72/><D72/><U89/><E100/><V8/><F108/><W54/><G54/><T82/><D82/><U130/><E130/><V56/><F56/><W135/><G135/><T2/><D2/><U53/><E53/><V48/><F48/><W81/><G81/><T111/><D111/><U122/><E122/><V37/><F37/><N who="3" m="14443" /><G7/><T105/><D105/><U32/><E4/><N who="2" m="3335" /><F121/><W25/><G33/><T19/><D84/><U61/><E61/><V93/><F93/><W30/><G30/><T112/><D87/><U29/><E5/><V83/><F83/><W106/><G106/><T73/><D73/><U34/><E34/><V101/><F101/><W65/><G65/><T90/><D112/><U40/><E40/><RYUUKYOKU ba="2,1" sc="213,-30,113,10,445,10,219,10" hai1="9,10,17,18,26,29,32,45,51,55,89,95,97" hai2="6,11,20,21,22,28,31" hai3="12,13,24,25,86,88,94,124,126,127" /><INIT seed="5,3,1,5,3,126" ten="183,123,455,229" oya="1" hai0="67,68,49,119,8,61,5,87,85,4,21,110,77" hai1="115,78,19,111,10,74,100,121,94,130,52,48,42" hai2="96,129,60,128,14,35,125,56,6,102,97,76,53" hai3="24,131,22,27,113,98,116,99,103,132,0,37,3"/><U9/><E121/><V41/><F35/><W135/><G37/><T18/><D110/><U93/><E111/><V65/><F125/><W55/><G113/><T82/><D119/><U57/><E115/><V109/><F109/><W101/><G22/><T17/><D49/><U58/><E130/><N who="2" m="50283" /><F41/><W34/><G131/><T2/><D4/><U80/><E42/><V73/><F102/><W86/><G86/><T79/><D21/><U108/><E108/><V106/><F106/><W30/><G30/><T91/><D77/><U45/><E93/><AGARI ba="3,1" hai="2,5,8,17,18,61,67,68,79,82,85,87,91,93" machi="93" ten="30,1000,0" yaku="7,1" doraHai="126" who="0" fromWho="1" sc="183,29,123,-19,455,0,229,0" /><INIT seed="6,0,0,3,4,128" ten="212,104,455,229" oya="2" hai0="57,97,122,76,61,44,91,87,107,125,63,133,34" hai1="1,38,20,67,0,96,88,11,73,86,27,114,70" hai2="21,126,18,10,90,31,54,69,51,55,50,71,89" hai3="15,41,49,26,8,47,95,12,93,60,131,123,108"/><V19/><F31/><W62/><G108/><T106/><D34/><U53/><E73/><V56/><F10/><W99/><G131/><T84/><D122/><U22/><E114/><V66/><F126/><W68/><G68/><T42/><D125/><U74/><E74/><V3/><F3/><W115/><G115/><T94/><D63/><U4/><E38/><V116/><F116/><W48/><G26/><T111/><D111/><U32/><E0/><V82/><F66/><W24/><G24/><T23/><D23/><U37/><E37/><V58/><F82/><W85/><G123/><T81/><D87/><U36/><E36/><V28/><F28/><W119/><G119/><T117/><D133/><U64/><E96/><V29/><F29/><W121/><G121/><T72/><D72/><U77/><E77/><V110/><REACH who="2" step="1"/><F21/><REACH who="2" ten="212,104,445,229" step="2"/><W7/><G8/><T135/><D117/><U52/><E22/><V98/><F98/><W134/><G7/><T78/><D97/><U124/><E124/><V112/><F112/><W17/><G99/><T16/><D81/><U127/><E127/><V35/><F35/><W30/><G17/><T65/><D16/><N who="1" m="12679" /><E32/><V113/><F113/><W102/><G30/><T83/><D107/><U103/><E67/><V120/><F120/><W80/><G80/><T129/><D106/><U92/><E103/><V132/><F132/><W75/><G134/><T109/><D135/><U105/><E105/><V59/><F59/><W100/><G100/><T79/><D109/><AGARI ba="0,1" hai="18,19,50,51,54,55,56,58,69,71,89,90,109,110" machi="109" ten="25,4800,0" yaku="1,1,22,2,53,0" doraHai="128" doraHaiUra="25" who="2" fromWho="0" sc="212,-48,104,0,445,58,229,0" /><INIT seed="6,1,0,0,3,77" ten="164,104,503,229" oya="2" hai0="55,28,91,131,16,134,109,124,64,111,38,3,113" hai1="107,105,22,4,63,90,69,81,53,9,2,76,39" hai2="10,75,13,86,127,104,130,93,88,33,133,54,118" hai3="32,5,65,128,135,34,30,68,12,23,50,25,112"/><V89/><F118/><W96/><G128/><T21/><D3/><U117/><E117/><V99/><F33/><W40/><G135/><T37/><D28/><U106/><E39/><V36/><F133/><W62/><G112/><T18/><D134/><U121/><E121/><V102/><F130/><W56/><G96/><T61/><D131/><U78/><E22/><V66/><F127/><W73/><G73/><T48/><D18/><U95/><E78/><V27/><F36/><W114/><G114/><T49/><D49/><U85/><E69/><V120/><F120/><W41/><G34/><T60/><D60/><U116/><E116/><V115/><F115/><W98/><G98/><T122/><D124/><U103/><E53/><V51/><F66/><W72/><G72/><T94/><D38/><U20/><E63/><V123/><F123/><W119/><G119/><T44/><D37/><U110/><E110/><V57/><F75/><W101/><G101/><T84/><D113/><U0/><E103/><V132/><F132/><W29/><G29/><T47/><D47/><U70/><E70/><V45/><F27/><W67/><G67/><T126/><D126/><U74/><REACH who="1" step="1"/><E20/><REACH who="1" ten="164,94,503,229" step="2"/><V83/><F102/><W8/><G23/><T108/><D122/><U43/><E43/><V71/><F71/><W11/><G41/><T15/><D111/><U1/><AGARI ba="1,1" hai="0,1,2,4,9,74,76,81,85,90,95,105,106,107" machi="1" ten="40,5200,0" yaku="1,1,0,1,52,1,53,0" doraHai="77" doraHaiUra="42" who="1" fromWho="1" sc="164,-14,94,65,503,-27,229,-14" /><INIT seed="7,0,0,5,2,101" ten="150,159,476,215" oya="3" hai0="49,118,45,10,105,58,42,57,135,128,120,116,56" hai1="8,13,95,92,104,17,119,69,61,48,32,87,47" hai2="67,66,90,103,84,46,96,100,121,63,40,70,6" hai3="35,102,94,132,0,110,54,23,55,31,93,130,73"/><W29/><G73/><T134/><D105/><U62/><E32/><V115/><F115/><W15/><G0/><T9/><D120/><U19/><E104/><V81/><F121/><W64/><G64/><T79/><D79/><U108/><E108/><V72/><F72/><W7/><G15/><T52/><D128/><U98/><E119/><N who="0" m="45609" /><D9/><U129/><E129/><V4/><F67/><W5/><G23/><T126/><D10/><U89/><E69/><V21/><F21/><W125/><G102/><T36/><D126/><U122/><E122/><V24/><F24/><W30/><G125/><T109/><D109/><U76/><E19/><V83/><F83/><W53/><G35/><T18/><D18/><U80/><REACH who="1" step="1"/><E92/><REACH who="1" ten="150,149,476,215" step="2"/><V43/><F103/><W86/><G94/><T22/><D22/><U117/><E117/><V20/><F20/><W59/><G93/><T82/><D82/><U41/><AGARI ba="0,1" hai="8,13,17,41,47,48,61,62,76,80,87,89,95,98" machi="41" ten="20,8000,1" yaku="1,1,0,1,7,1,8,1,53,1" doraHai="101" doraHaiUra="39" who="1" fromWho="1" sc="150,-20,149,90,476,-20,215,-40" owari="130,-37.0,239,4.0,456,55.0,175,-22.0" /></mjloggm>