<mjloggm ver="2.3"><GO type="169" lobby="0"/><UN n0="%E3%82%B9%E3%83%9E%E3%83%9B%E7%94%A8%E3%81%AE%E3%82%84%E3%81%A4" n1="%E3%82%B3%E3%83%B3%E3%83%81%E2%85%A2" n2="%E3%81%9F%E3%81%84%E3%81%9B" n3="%E3%83%A4%E3%83%8A%E3%83%AA%E3%83%B3%E3%82%B9%E3%82%AD%E3%83%BC" dan="16,16,17,17" rate="2108.99,2081.51,2170.75,2118.55" sx="M,M,F,M"/><TAIKYOKU oya="0"/><INIT seed="0,0,0,1,5,74" ten="250,250,250,250" oya="0" hai0="131,90,57,101,58,103,102,76,37,27,24,123,18" hai1="93,127,83,108,113,100,118,96,119,80,132,116,31" hai2="36,134,72,62,5,16,70,109,133,128,14,22,81" hai3="135,88,129,97,43,71,86,79,95,30,53,110,126"/><T29/><D123/><U59/><E31/><V32/><F32/><W112/><G112/><T40/><D131/><U42/><E42/><V94/><F36/><W114/><G114/><T82/><D90/><U8/><E113/><V2/><F94/><W44/><G71/><T7/><D7/><U15/><E127/><V4/><F62/><W10/><G110/><T107/><D107/><U115/><E115/><V63/><F63/><W33/><G126/><T64/><D18/><U61/><E108/><V6/><F70/><W50/><G135/><N who="2" m="51721" /><F109/><W17/><G129/><T47/><D64/><U98/><E98/><V124/><F124/><W87/><G33/><T111/><D111/><U117/><N who="1" m="29696" /><DORA hai="52" /><U66/><REACH who="1" step="1"/><E132/><REACH who="1" ten="250,240,250,250" step="2"/><V125/><F125/><W12/><G30/><T121/><D121/><U106/><E106/><V55/><F128/><W19/><G43/><T26/><REACH who="0" step="1"/><D29/><REACH who="0" ten="240,240,250,250" step="2"/><U91/><E91/><V34/><F2/><W20/><REACH who="3" step="1"/><G79/><REACH who="3" ten="240,240,250,240" step="2"/><T25/><N who="0" m="6144" /><DORA hai="67" /><T73/><AGARI ba="0,3" hai="37,40,47,57,58,73,76,82,101,102,103" m="6144" machi="73" ten="50,24000,3" yaku="1,1,4,1,0,1,52,3,53,4" doraHai="74,52,67" doraHaiUra="65,21,13" who="0" fromWho="0" sc="240,270,240,-80,250,-80,240,-80" /><INIT seed="0,1,0,3,5,44" ten="510,160,170,160" oya="0" hai0="112,2,96,82,110,79,3,60,37,95,131,50,123" hai1="81,121,73,62,67,108,34,103,125,6,64,49,89" hai2="127,105,33,93,126,53,120,56,7,9,38,39,130" hai3="1,122,119,21,84,48,47,27,54,80,97,17,0"/><T4/><D37/><U13/><E34/><V41/><F105/><W24/><G119/><T128/><D112/><U43/><E121/><V30/><F120/><W133/><G133/><T94/><D123/><U77/><E103/><V32/><F93/><W107/><G122/><T66/><D110/><U11/><E125/><N who="2" m="47627" /><F130/><W52/><G27/><T92/><D96/><U135/><E135/><V59/><F56/><W16/><G17/><T8/><D3/><U40/><E108/><V104/><F104/><W88/><REACH who="3" step="1"/><G54/><REACH who="3" ten="510,160,170,150" step="2"/><T113/><D113/><U42/><E89/><V129/><F129/><W31/><G31/><T111/><D111/><U23/><E23/><V10/><F30/><W117/><G117/><T58/><REACH who="0" step="1"/><D50/><REACH who="0" ten="500,160,170,150" step="2"/><U134/><E134/><V68/><F38/><W15/><G15/><T55/><D55/><U118/><E118/><V132/><F39/><W22/><G22/><T75/><AGARI ba="1,2" hai="2,4,8,58,60,66,75,79,82,92,94,95,128,131" machi="75" ten="30,3000,0" yaku="1,1,0,1,53,0" doraHai="44" doraHaiUra="45" who="0" fromWho="0" sc="500,53,160,-11,170,-11,150,-11" /><INIT seed="0,2,0,3,3,99" ten="553,149,159,139" oya="0" hai0="109,66,104,20,29,68,2,130,18,88,69,50,53" hai1="118,76,13,94,10,123,17,48,89,3,103,8,42" hai2="16,44,116,41,129,115,7,28,120,33,107,54,40" hai3="132,70,67,134,110,6,0,108,114,26,111,61,39"/><T49/><D2/><U126/><E126/><V47/><F115/><W14/><G14/><T125/><D125/><U5/><E76/><V80/><F120/><W32/><G114/><T117/><D117/><U15/><E123/><V128/><F7/><W62/><G39/><T35/><D130/><U52/><E42/><V102/><F80/><W101/><G62/><T31/><D104/><U90/><E3/><V77/><F77/><W9/><REACH who="3" step="1"/><G101/><REACH who="3" ten="553,149,159,129" step="2"/><T60/><D60/><U98/><REACH who="1" step="1"/><E118/><REACH who="1" ten="553,139,159,129" step="2"/><V27/><F116/><W30/><AGARI ba="2,2" hai="0,6,9,26,30,32,61,67,70,108,110,111,132,134" machi="30" ten="40,12000,2" yaku="1,1,2,1,0,1,14,1,23,2,53,0" doraHai="99" doraHaiUra="119" who="3" fromWho="3" sc="553,-62,139,-32,159,-32,129,146" /><INIT seed="1,0,0,3,1,60" ten="491,107,127,275" oya="1" hai0="73,120,134,56,109,91,125,101,69,104,31,66,81" hai1="95,16,37,131,75,24,70,129,116,96,130,32,61" hai2="5,118,49,64,1,50,45,55,124,126,72,41,14" hai3="111,133,93,44,13,82,115,48,2,53,119,10,127"/><U105/><E116/><V87/><F72/><W25/><G115/><T117/><D56/><U58/><E70/><V114/><F1/><W15/><G111/><T26/><D117/><U18/><E105/><V22/><F118/><W108/><G108/><T51/><D51/><U17/><E75/><V80/><F114/><W46/><G133/><T128/><D109/><U78/><E78/><V77/><F64/><W35/><G2/><T21/><D125/><U47/><E32/><V86/><F86/><W106/><G106/><T38/><D38/><U122/><E122/><V107/><F107/><W19/><G127/><T92/><D128/><U63/><E63/><V20/><F124/><W88/><G82/><T98/><D134/><U89/><E47/><V39/><F39/><W83/><G83/><T28/><D28/><U8/><E37/><V9/><F126/><W29/><G119/><T59/><D120/><U85/><E85/><V103/><F103/><W110/><G110/><T43/><D43/><U27/><REACH who="1" step="1"/><E8/><REACH who="1" ten="491,97,127,275" step="2"/><V90/><F90/><W68/><G68/><T7/><D69/><U34/><E34/><V123/><F123/><W11/><G44/><AGARI ba="0,1" hai="5,9,14,20,22,41,44,45,49,50,55,77,80,87" machi="44" ten="30,7700,0" yaku="7,1,25,2,8,1" doraHai="60" who="2" fromWho="3" sc="491,0,97,0,127,87,275,-77" /><INIT seed="2,0,0,2,3,127" ten="491,97,214,198" oya="2" hai0="51,87,129,102,112,9,113,62,121,130,53,128,77" hai1="61,109,26,78,58,28,14,126,83,114,116,133,80" hai2="72,12,99,11,104,57,0,89,25,95,52,69,24" hai3="41,54,124,15,70,50,108,29,4,10,42,31,64"/><V103/><F72/><W81/><G124/><T18/><D121/><U1/><E1/><V73/><F73/><W48/><G108/><T36/><D36/><U8/><E126/><V79/><F79/><W117/><G117/><T21/><D9/><U7/><E109/><V35/><F69/><W27/><G64/><T75/><D75/><U22/><E133/><V119/><F0/><W59/><G70/><T86/><D102/><U6/><E114/><N who="0" m="44137" /><D62/><U34/><E116/><V3/><F3/><W120/><G120/><T100/><D100/><U93/><E34/><V39/><F39/><W65/><G65/><T49/><D77/><U134/><E134/><V17/><F35/><W55/><G81/><T118/><D118/><U84/><E83/><V101/><F119/><W94/><G94/><T63/><D63/><U76/><E93/><V98/><REACH who="2" step="1"/><F101/><REACH who="2" ten="491,97,204,198" step="2"/><W60/><G60/><AGARI ba="0,1" hai="11,12,17,24,25,52,57,60,89,95,98,99,103,104" machi="60" ten="30,11600,0" yaku="1,1,2,1,7,1,54,1,53,0" doraHai="127" doraHaiUra="66" who="2" fromWho="3" sc="491,0,97,0,204,126,198,-116" /><INIT seed="2,1,0,0,0,102" ten="491,97,330,82" oya="2" hai0="36,10,109,48,125,68,92,94,80,60,100,118,128" hai1="85,81,114,57,90,7,6,37,35,53,65,86,127" hai2="40,20,83,0,12,113,112,117,55,95,39,38,87" hai3="89,25,120,32,5,54,78,75,126,116,93,26,58"/><V111/><F0/><W2/><G120/><T27/><D36/><U129/><E37/><V16/><F117/><W33/><G116/><T3/><D109/><U122/><E35/><V82/><F38/><W19/><G126/><T52/><D118/><U99/><E114/><V31/><F111/><W66/><G66/><T103/><D125/><U41/><E41/><V44/><F31/><W79/><G5/><T130/><D68/><U14/><E127/><V59/><F83/><W67/><G67/><T51/><D27/><U56/><E129/><N who="0" m="49769" /><D80/><U4/><E85/><V22/><F22/><W84/><G2/><T47/><D60/><N who="1" m="38031" /><E122/><V72/><F72/><W107/><G107/><T64/><D64/><U30/><E30/><V21/><F21/><W105/><G105/><T8/><D51/><N who="1" m="30783" /><E99/><V50/><REACH who="2" step="1"/><F95/><REACH who="2" ten="491,97,320,82" step="2"/><N who="0" m="36394" /><D3/><U62/><E62/><V70/><F70/><W101/><G75/><T69/><D69/><U77/><E77/><AGARI ba="1,1" hai="12,16,20,39,40,44,50,55,59,77,82,87,112,113" machi="77" ten="30,5800,0" yaku="1,1,7,1,54,1,53,0" doraHai="102" doraHaiUra="98" who="2" fromWho="1" sc="491,0,97,-61,320,71,82,0" /><INIT seed="2,2,0,3,3,64" ten="491,36,391,82" oya="2" hai0="114,130,48,121,88,27,72,39,68,37,133,131,35" hai1="55,134,104,34,105,107,26,79,98,50,36,120,28" hai2="41,54,116,115,83,1,75,14,125,40,47,44,10" hai3="108,96,29,19,135,80,124,67,102,42,63,87,71"/><V15/><F116/><W85/><G135/><T126/><RYUUKYOKU type="yao9" ba="2,0" sc="491,0,36,0,391,0,82,0" hai0="27,35,37,39,48,68,72,88,114,121,126,130,131,133" /><INIT seed="2,3,0,5,3,1" ten="491,36,391,82" oya="2" hai0="74,39,28,88,120,80,112,29,21,64,116,27,68" hai1="4,72,44,47,37,51,91,99,46,119,40,57,125" hai2="36,105,55,43,19,83,92,13,96,89,12,24,61" hai3="45,16,94,82,85,34,23,10,95,128,17,38,118"/><V52/><F105/><W56/><G34/><T32/><D112/><U110/><E72/><V58/><F36/><W133/><G118/><T73/><D120/><U109/><E119/><V75/><F43/><W104/><G104/><T18/><D39/><U8/><E125/><V130/><F130/><W70/><G70/><T131/><D116/><U77/><E77/><V114/><F114/><W111/><G111/><N who="1" m="42506" /><E57/><V9/><F55/><W126/><G133/><T31/><D131/><U66/><E66/><V107/><F107/><W69/><G69/><T25/><D74/><U0/><E37/><V6/><F75/><W103/><G103/><T122/><D122/><U117/><E117/><V76/><F76/><W71/><G71/><T98/><D73/><U115/><E115/><V135/><F135/><W132/><G126/><T7/><D7/><U63/><E63/><V11/><F83/><W26/><G56/><T90/><D80/><U35/><E35/><V3/><F11/><W59/><G59/><T81/><D81/><U78/><E78/><V42/><F42/><N who="3" m="22743" /><G128/><T102/><D68/><U15/><E0/><V129/><F129/><W33/><G33/><T67/><D32/><U30/><E30/><V60/><F60/><W124/><G124/><T100/><D29/><U79/><E79/><V97/><F97/><W127/><G132/><T48/><D98/><U53/><E40/><V54/><F54/><W5/><G127/><T20/><D48/><U108/><N who="1" m="42514" /><U123/><DORA hai="121" /><E123/><V2/><F2/><N who="3" m="311" /><G17/><AGARI ba="3,0" hai="17,18,20,21,25,27,28,31,64,67,88,90,100,102" machi="17" ten="25,6400,0" yaku="22,2,8,1,54,1" doraHai="1,121" who="0" fromWho="3" sc="491,73,36,0,391,0,82,-73" /><INIT seed="3,0,0,4,5,55" ten="564,36,391,9" oya="3" hai0="64,58,107,63,34,102,97,131,73,37,77,89,72" hai1="15,115,31,41,16,18,28,100,66,76,121,12,105" hai2="124,69,51,48,71,20,135,42,11,86,24,9,93" hai3="67,35,96,50,52,56,103,38,70,98,13,99,110"/><W90/><G35/><T40/><D131/><U14/><E121/><V119/><F119/><W0/><G0/><T39/><D34/><U113/><E76/><V25/><F135/><W19/><G38/><T112/><D112/><N who="1" m="43083" /><E66/><V128/><F128/><W85/><G110/><T91/><D40/><U84/><E84/><V5/><F124/><W45/><G70/><T130/><D130/><U33/><E41/><V116/><F116/><W49/><G67/><T92/><D91/><U30/><E100/><V117/><F117/><W134/><G134/><T54/><D64/><U22/><E105/><V65/><F65/><W26/><G26/><T57/><D57/><U82/><E82/><V75/><F75/><W118/><G118/><T62/><D62/><U21/><E33/><V133/><F133/><W101/><G50/><T74/><REACH who="0" step="1"/><D77/><REACH who="0" ten="554,36,391,9" step="2"/><U108/><E108/><V1/><F42/><W23/><G45/><T95/><D95/><AGARI ba="0,1" hai="13,19,23,49,52,56,85,90,95,96,98,99,101,103" machi="95" ten="40,12000,1" yaku="25,2,8,1,52,1,54,1" doraHai="55" who="3" fromWho="0" sc="554,-120,36,0,391,0,9,130" /><INIT seed="3,1,0,2,4,14" ten="434,36,391,139" oya="3" hai0="15,35,40,46,128,91,4,77,106,83,37,86,129" hai1="0,79,66,65,96,32,70,109,76,117,22,34,48" hai2="126,2,120,134,50,24,116,125,113,59,84,62,6" hai3="67,131,55,110,107,118,71,10,94,38,27,111,119"/><W9/><G107/><T108/><D108/><N who="3" m="41513" /><G38/><T23/><D106/><U69/><E109/><V3/><F116/><N who="3" m="44587" /><G55/><T133/><D35/><U17/><E117/><V54/><F113/><W57/><G71/><T123/><D123/><U44/><E0/><V51/><F120/><W56/><G131/><T105/><D105/><U25/><E96/><V101/><F134/><W99/><G27/><T21/><D133/><U33/><E70/><V52/><F101/><W58/><G67/><T88/><D129/><U49/><E49/><V90/><F24/><W124/><G124/><N who="2" m="47721" /><F51/><W127/><G127/><T97/><D128/><U95/><E95/><N who="2" m="54727" /><F6/><W60/><G60/><T61/><D61/><U39/><E39/><V47/><AGARI ba="1,0" hai="2,3,47,50,52,54,59,62" m="54727,47721" machi="47" ten="30,2000,0" yaku="18,1,54,1" doraHai="14" who="2" fromWho="2" sc="434,-6,36,-6,391,23,139,-11" /><INIT seed="4,0,0,0,5,41" ten="428,30,414,128" oya="0" hai0="109,93,26,68,83,27,58,69,6,11,15,42,32" hai1="120,127,129,79,101,80,21,33,52,88,90,123,7" hai2="112,78,106,130,4,116,13,60,57,119,61,94,77" hai3="135,40,28,97,56,0,37,38,62,3,74,50,16"/><T104/><D104/><U31/><E7/><V54/><F106/><W96/><G28/><T29/><D109/><U17/><E31/><V25/><F112/><W65/><G74/><T76/><D27/><U46/><E33/><V12/><F130/><W59/><G50/><T91/><D58/><U1/><E1/><V134/><F134/><W5/><G135/><T71/><D42/><U81/><E101/><V43/><F94/><W107/><G107/><T82/><REACH who="0" step="1"/><D76/><REACH who="0" ten="418,30,414,128" step="2"/><U84/><E129/><V125/><F43/><W8/><G40/><T24/><D24/><N who="1" m="14383" /><E127/><V92/><F25/><W113/><G59/><T47/><D47/><U9/><E123/><V44/><F44/><W99/><G56/><T122/><D122/><U86/><E120/><V2/><F125/><W10/><G38/><T49/><D49/><N who="1" m="28727" /><E9/><N who="2" m="2199" /><F77/><AGARI ba="0,1" hai="77,79,80,81,84,86,88,90" m="28727,14383" machi="77" ten="30,7700,0" yaku="8,1,52,1,54,2" doraHai="41" who="1" fromWho="2" sc="418,0,30,87,414,-77,128,0" /><INIT seed="5,0,0,2,1,114" ten="418,117,337,128" oya="1" hai0="8,78,94,34,68,71,103,22,93,77,64,48,130" hai1="24,54,113,5,27,57,51,9,122,4,38,81,31" hai2="76,134,58,87,123,90,91,108,61,129,117,121,74" hai3="95,44,39,53,107,10,96,133,60,67,72,29,89"/><U101/><E38/><V109/><F61/><W73/><G133/><T70/><D34/><U65/><E122/><N who="2" m="46603" /><F58/><W36/><G29/><T25/><D64/><U127/><E113/><V131/><F74/><W7/><G107/><T102/><D8/><U17/><E127/><V20/><F20/><W69/><G39/><T66/><D66/><U0/><E5/><V88/><F134/><W99/><G99/><T12/><D12/><U47/><E101/><V124/><F124/><W110/><G110/><N who="2" m="42601" /><F117/><W42/><REACH who="3" step="1"/><G53/><REACH who="3" ten="418,117,337,118" step="2"/><T16/><D130/><N who="2" m="49674" /><F76/><W82/><G82/><AGARI ba="0,1" hai="82,87,88,90,91" m="49674,42601,46603" machi="82" ten="40,8000,1" yaku="19,1,34,2,54,1" doraHai="114" who="2" fromWho="3" sc="418,0,117,0,337,90,118,-80" /><INIT seed="6,0,0,5,3,113" ten="418,117,427,38" oya="2" hai0="43,7,86,69,39,42,126,119,49,117,16,115,93" hai1="135,56,46,36,107,5,109,22,17,18,64,134,89" hai2="80,105,38,82,123,61,57,101,41,47,131,83,85" hai3="133,13,121,19,3,97,8,33,37,81,10,14,2"/><V55/><F131/><W125/><G37/><T120/><D115/><U4/><E107/><V102/><F123/><W44/><G121/><T30/><D120/><U127/><E109/><V79/><F105/><W128/><G128/><T70/><D126/><U35/><E35/><V26/><F26/><W100/><G125/><T54/><D30/><U40/><E127/><V78/><REACH who="2" step="1"/><F80/><REACH who="2" ten="418,117,417,38" step="2"/><W73/><G81/><T11/><D93/><U60/><E135/><V98/><F98/><W94/><G133/><T72/><D72/><AGARI ba="0,1" hai="38,41,47,55,57,61,72,78,79,82,83,85,101,102" machi="72" ten="30,2900,0" yaku="1,1,7,1,53,0" doraHai="113" doraHaiUra="21" who="2" fromWho="0" sc="418,-29,117,0,417,39,38,0" /><INIT seed="6,1,0,4,0,32" ten="389,117,456,38" oya="2" hai0="72,90,101,25,54,79,81,68,99,6,13,114,116" hai1="2,47,50,65,64,85,98,108,48,103,42,9,62" hai2="0,91,109,4,23,15,46,133,3,20,134,60,88" hai3="97,7,71,124,94,69,37,27,11,58,83,130,92"/><V125/><F125/><W95/><G37/><T119/><D114/><U105/><E108/><V49/><F60/><W96/><G124/><T111/><D111/><U75/><E75/><V52/><F109/><W100/><G130/><T102/><D68/><U110/><E110/><V121/><F121/><W118/><G118/><N who="0" m="45099" /><D25/><U36/><E64/><V122/><F122/><W67/><G83/><N who="0" m="45543" /><D54/><U40/><E40/><V63/><F63/><W76/><G76/><T112/><D112/><U115/><E85/><V22/><F15/><W31/><G58/><T87/><D13/><U35/><E35/><V113/><F113/><W29/><G67/><T5/><D102/><U10/><E10/><V78/><F78/><W120/><G120/><T123/><D123/><U53/><E53/><V129/><F129/><W51/><G51/><T104/><AGARI ba="1,0" hai="5,6,81,87,90,99,101,104" m="45543,45099" machi="104" ten="30,1100,0" yaku="12,1" doraHai="32" who="0" fromWho="0" sc="389,14,117,-4,456,-6,38,-4" /><INIT seed="7,0,0,0,4,117" ten="403,113,450,34" oya="3" hai0="125,80,111,81,73,19,96,64,45,37,108,4,61" hai1="105,75,118,56,122,18,100,33,128,44,42,7,46" hai2="97,41,0,51,123,43,10,59,82,66,16,32,27" hai3="70,28,38,68,65,121,2,14,35,11,135,21,58"/><W101/><G38/><T120/><D125/><U60/><E33/><V112/><F112/><W99/><G135/><T84/><D4/><U126/><E75/><V26/><F32/><W109/><G109/><T113/><D113/><U85/><E7/><V78/><F123/><W62/><G35/><T94/><D73/><U29/><E29/><V107/><F107/><W88/><G121/><T17/><D120/><U102/><E128/><V90/><F0/><W110/><G110/><T103/><D108/><U114/><E46/><N who="2" m="26063" /><F43/><W34/><G34/><T53/><D111/><U3/><E85/><N who="2" m="48343" /><F59/><W9/><G2/><T127/><D127/><U104/><E18/><V79/><F66/><W57/><G57/><T5/><D5/><U74/><E102/><V20/><F79/><W76/><G76/><T87/><D37/><U69/><E100/><V25/><F10/><N who="3" m="3595" /><G88/><T134/><D134/><U49/><E74/><V22/><F22/><W30/><G14/><T50/><D81/><U119/><E3/><V67/><F67/><W48/><G48/><T12/><D12/><U95/><E126/><V116/><F116/><W55/><G55/><T133/><D133/><U52/><E122/><V39/><F39/><W54/><G21/><T71/><REACH who="0" step="1"/><D87/><REACH who="0" ten="393,113,450,34" step="2"/><U115/><E119/><V40/><F40/><W31/><G65/><T36/><D36/><U129/><E118/><V72/><F72/><W15/><G15/><T77/><AGARI ba="0,1" hai="17,19,45,50,53,61,64,71,77,80,84,94,96,103" machi="77" ten="20,2700,0" yaku="1,1,0,1,7,1,53,0" doraHai="117" doraHaiUra="8" who="0" fromWho="0" sc="393,37,113,-7,450,-7,34,-13" owari="430,23.0,106,-29.0,443,54.0,21,-48.0" /></mjloggm>