<mjloggm ver="2.3"><GO type="169" lobby="0"/><UN n0="%6F%73%72%67" n1="%61%6C%77%61%79%73%6D%65" n2="%E3%81%9F%E3%81%BE%E5%AD%90" n3="%73%69%6E%73%69%73%74" dan="17,16,17,16" rate="2201.16,2102.35,2152.69,2105.18" sx="M,F,M,M"/><TAIKYOKU oya="0"/><INIT seed="0,0,0,1,0,50" ten="250,250,250,250" oya="0" hai0="15,102,118,13,113,28,61,76,135,0,24,129,9" hai1="16,77,104,116,33,47,54,22,35,74,32,58,17" hai2="120,99,56,59,126,11,83,10,133,36,100,87,6" hai3="125,7,53,115,5,101,106,48,81,70,84,110,26"/><T97/><D113/><U21/><E116/><V42/><F120/><W86/><G115/><T96/><D118/><U85/><E104/><V38/><F133/><W114/><G114/><T49/><D135/><U39/><E74/><V64/><F126/><W78/><G70/><T107/><D129/><U94/><E47/><V27/><F27/><W2/><G110/><T66/><D76/><U14/><E39/><V20/><F20/><W1/><G125/><T88/><D0/><U41/><E41/><V82/><F42/><W119/><G119/><T134/><D49/><U130/><E130/><V40/><F40/><W45/><G1/><T79/><D79/><U46/><E46/><V67/><F99/><W72/><G106/><T69/><D134/><U93/><E85/><V132/><F132/><W98/><G26/><T90/><D96/><U19/><E77/><V109/><F87/><W89/><G2/><T117/><D117/><U112/><E112/><V131/><F100/><W34/><G34/><T62/><D62/><U75/><E75/><V3/><F131/><W121/><G121/><T31/><D31/><U124/><E124/><V103/><F103/><W92/><REACH who="3" step="1"/><G84/><REACH who="3" ten="250,250,250,240" step="2"/><T105/><D107/><U91/><E35/><V55/><F3/><W18/><G18/><N who="0" m="8495" /><D15/><N who="1" m="9407" /><E19/><V63/><F109/><W8/><G8/><T44/><D44/><U57/><E33/><AGARI ba="0,1" hai="24,28,33,61,66,69,88,90,97,102,105" m="8495" machi="33" ten="30,2900,0" yaku="25,1,54,1" doraHai="50" who="0" fromWho="1" sc="250,39,250,-29,250,0,240,0" /><INIT seed="0,1,0,1,3,128" ten="289,221,250,240" oya="0" hai0="18,72,127,114,92,4,25,87,100,76,54,98,53" hai1="31,88,131,120,78,10,26,40,1,106,94,133,12" hai2="29,124,130,35,42,79,16,51,14,44,0,126,56" hai3="93,109,119,67,61,75,30,17,38,65,49,47,13"/><T39/><D39/><U62/><E120/><V104/><F0/><W59/><G119/><T48/><D114/><U116/><E116/><V123/><F123/><W108/><G75/><T77/><D72/><U82/><E131/><V97/><F130/><W2/><G2/><T63/><D4/><U41/><E1/><V7/><F7/><W122/><G122/><T24/><D127/><N who="2" m="48682" /><F79/><W64/><G30/><T5/><D5/><U107/><E62/><V58/><F29/><W28/><G93/><T134/><D63/><U27/><E106/><V112/><F35/><W129/><G28/><T85/><D18/><U125/><E107/><V52/><F112/><W71/><G13/><T74/><D74/><U70/><E70/><V66/><F66/><N who="3" m="25707" /><G17/><T80/><D48/><U11/><E125/><V46/><F97/><W37/><G129/><T132/><D92/><U23/><E27/><V99/><F99/><W45/><G45/><T34/><D98/><U95/><E31/><V21/><F104/><W89/><G89/><T96/><D96/><U103/><E94/><V68/><F68/><W3/><G3/><T111/><D80/><U43/><E82/><V81/><F81/><W105/><G105/><T69/><D69/><U15/><E95/><V57/><F46/><W20/><G71/><T102/><D34/><U9/><E103/><V60/><AGARI ba="1,0" hai="14,16,21,42,44,51,52,56,57,58,60" m="48682" machi="60" ten="30,4000,0" yaku="18,1,54,2" doraHai="128" who="2" fromWho="2" sc="289,-21,221,-11,250,43,240,-11" /><INIT seed="1,0,0,1,3,121" ten="268,210,293,229" oya="1" hai0="5,37,101,107,66,73,41,79,14,17,68,55,95" hai1="33,45,51,1,125,80,104,130,25,69,84,0,134" hai2="72,60,103,32,46,48,40,124,93,127,64,16,71" hai3="43,10,83,119,108,20,8,54,47,116,109,53,24"/><U81/><E104/><V112/><F32/><W57/><G83/><T75/><D5/><U110/><E69/><V118/><F118/><N who="3" m="45099" /><G47/><T117/><D117/><U76/><E134/><V56/><F72/><W92/><G92/><T122/><D122/><U26/><E125/><N who="2" m="48203" /><F112/><W120/><G43/><T132/><D107/><U99/><E130/><V62/><F16/><N who="3" m="12295" /><G54/><T67/><D41/><U9/><E80/><V96/><F60/><N who="3" m="35887" /><G120/><T85/><D37/><U74/><E74/><V77/><F77/><W91/><G91/><T87/><D95/><U28/><E99/><V63/><F63/><W15/><G15/><T38/><D14/><U70/><E70/><AGARI ba="0,0" hai="40,46,48,56,62,64,70,71,93,96,103" m="48203" machi="70" ten="30,1000,0" yaku="18,1" doraHai="121" who="2" fromWho="1" sc="268,0,210,-10,293,10,229,0" /><INIT seed="2,0,0,3,3,67" ten="268,200,303,229" oya="2" hai0="30,53,118,65,38,103,52,55,41,124,24,116,76" hai1="21,112,85,37,11,90,34,36,100,101,70,94,84" hai2="107,64,32,9,111,6,102,75,104,93,63,51,121" hai3="122,1,17,83,81,22,91,54,87,135,130,20,115"/><V13/><F121/><W134/><G122/><T26/><D76/><U44/><E112/><V14/><F75/><W69/><G115/><T0/><D0/><U80/><E34/><V74/><F74/><W48/><G1/><T15/><D103/><U96/><E11/><V129/><F32/><W29/><G130/><T68/><D124/><U42/><E70/><V95/><F129/><W31/><G81/><T72/><D72/><U77/><E37/><V40/><F111/><W46/><G69/><T117/><D30/><U113/><E113/><V120/><F120/><W109/><G109/><T71/><D65/><U45/><E45/><V56/><F14/><W133/><REACH who="3" step="1"/><G22/><REACH who="3" ten="268,200,303,219" step="2"/><T19/><D68/><U43/><E21/><V61/><F107/><W82/><G82/><T35/><D71/><U59/><E80/><V8/><F104/><W57/><G57/><T78/><D35/><U132/><E59/><V66/><F56/><W3/><G3/><T73/><D118/><U126/><E44/><V33/><F33/><W86/><G86/><T123/><D123/><U97/><E84/><V2/><F2/><W12/><AGARI ba="0,1" hai="12,17,20,29,31,46,48,54,83,87,91,133,134,135" machi="12" ten="30,4000,0" yaku="1,1,0,1,20,1,53,0" doraHai="67" doraHaiUra="7" who="3" fromWho="3" sc="268,-10,200,-10,303,-20,219,50" /><INIT seed="3,0,0,5,3,52" ten="258,190,283,269" oya="3" hai0="59,117,94,72,87,79,125,73,15,121,24,75,113" hai1="25,122,48,80,29,35,43,102,34,109,98,101,44" hai2="42,91,124,86,60,20,114,106,22,26,31,7,135" hai3="51,99,81,100,0,12,37,49,126,56,115,53,76"/><W50/><G115/><T18/><D117/><U69/><E109/><V68/><F114/><W19/><G0/><T130/><D113/><U61/><E122/><V40/><F106/><W74/><G37/><T41/><D121/><U110/><E110/><V65/><F135/><W108/><G126/><T103/><D125/><U14/><E80/><V78/><F124/><W33/><G33/><T23/><D41/><U55/><E14/><V63/><F78/><W104/><REACH who="3" step="1"/><G108/><REACH who="3" ten="258,190,283,259" step="2"/><T1/><D1/><U120/><E120/><V62/><F68/><W128/><G128/><T111/><D111/><U129/><E129/><V96/><F65/><W64/><G64/><T83/><D130/><U32/><E69/><V67/><F67/><W46/><G46/><T6/><D103/><U16/><E102/><V95/><F7/><W71/><G71/><T38/><D38/><U105/><E35/><V97/><F20/><AGARI ba="0,1" hai="12,19,20,49,50,51,53,56,74,76,81,99,100,104" machi="20" ten="30,5800,0" yaku="1,1,7,1,52,1,53,0" doraHai="52" doraHaiUra="30" who="3" fromWho="2" sc="258,0,190,0,283,-58,259,68" /><INIT seed="3,1,0,4,3,17" ten="258,190,225,327" oya="3" hai0="117,34,11,80,86,115,56,133,50,37,42,114,126" hai1="66,22,19,128,94,59,32,30,82,122,112,4,106" hai2="108,20,107,97,28,84,45,111,103,12,55,52,51" hai3="24,29,87,120,2,60,68,25,46,92,35,98,81"/><W73/><G120/><T49/><D34/><U129/><E122/><V95/><F55/><W105/><G2/><T77/><D117/><U13/><E112/><N who="0" m="43049" /><D133/><U18/><E106/><V70/><F70/><W21/><G73/><T130/><D130/><N who="1" m="50283" /><E82/><V15/><F28/><W64/><G46/><N who="0" m="23887" /><D126/><U113/><E113/><V9/><F9/><W88/><G105/><T116/><D116/><U75/><E75/><V1/><F1/><W67/><G67/><T78/><D78/><U33/><E94/><V91/><REACH who="2" step="1"/><F20/><REACH who="2" ten="258,190,215,327" step="2"/><W5/><G5/><T41/><D11/><N who="1" m="4327" /><E66/><V118/><F118/><W93/><REACH who="3" step="1"/><G98/><REACH who="3" ten="258,190,215,317" step="2"/><T47/><D47/><U0/><E0/><V8/><F8/><W40/><G40/><T6/><D41/><U71/><E71/><V63/><F63/><W102/><G102/><T36/><D6/><U38/><E59/><V90/><F90/><W100/><G100/><T57/><D56/><U54/><E54/><V99/><F99/><W83/><G83/><T124/><D57/><U134/><E134/><V53/><F53/><W27/><G27/><T14/><D80/><U61/><E61/><V79/><F79/><W74/><G74/><T69/><D77/><U110/><E38/><V7/><F7/><W62/><G62/><T85/><D36/><U96/><E96/><V72/><F72/><W31/><AGARI ba="1,2" hai="21,24,25,29,31,35,60,64,68,81,87,88,92,93" machi="31" ten="20,18000,2" yaku="1,1,0,1,7,1,52,1,54,1,53,2" doraHai="17" doraHaiUra="26" who="3" fromWho="3" sc="258,-61,190,-61,215,-61,317,203" /><INIT seed="3,2,0,5,5,110" ten="197,129,154,520" oya="3" hai0="76,55,65,133,66,12,29,115,102,11,94,134,106" hai1="123,14,97,105,21,126,3,37,80,96,114,128,75" hai2="36,31,30,111,73,132,117,16,25,5,42,77,98" hai3="64,26,34,28,13,100,41,79,90,119,108,88,51"/><W27/><G119/><T101/><D106/><U33/><RYUUKYOKU type="yao9" ba="2,0" sc="197,0,129,0,154,0,520,0" hai1="3,14,21,33,37,75,80,96,97,105,114,123,126,128" /><INIT seed="3,3,0,4,2,130" ten="197,129,154,520" oya="3" hai0="93,63,86,9,113,129,79,28,101,114,75,74,0" hai1="121,52,56,60,14,33,42,22,46,39,34,4,27" hai2="12,66,97,96,103,20,48,91,120,92,40,65,67" hai3="43,59,100,118,70,124,90,117,7,98,127,18,126"/><W110/><G70/><T58/><D129/><U64/><E121/><V51/><F120/><W1/><G43/><T133/><D28/><U2/><E2/><V62/><F62/><W135/><G18/><T5/><D101/><U49/><E14/><V104/><F40/><W13/><G13/><T78/><D78/><U115/><E4/><V30/><REACH who="2" step="1"/><F12/><REACH who="2" ten="197,129,144,520" step="2"/><W53/><G124/><T68/><D113/><U116/><E115/><V35/><F35/><W111/><G127/><T107/><D114/><U105/><E116/><V6/><F6/><W80/><G126/><T45/><D68/><U10/><E10/><V25/><AGARI ba="3,1" hai="20,25,30,48,51,65,66,67,91,92,96,97,103,104" machi="25" ten="30,2000,0" yaku="1,1,0,1,53,0" doraHai="130" doraHaiUra="132" who="2" fromWho="2" sc="197,-8,129,-8,144,39,520,-13" /><INIT seed="4,0,0,4,5,54" ten="189,121,183,507" oya="0" hai0="1,16,18,132,13,20,42,105,27,131,46,121,25" hai1="28,100,102,78,43,75,56,74,87,39,71,8,76" hai2="92,129,111,79,10,116,6,17,106,26,53,64,77" hai3="108,30,110,49,118,29,114,96,31,73,119,63,80"/><T70/><D121/><U41/><E71/><V34/><F106/><W97/><G49/><T5/><D70/><U89/><E28/><V109/><F129/><W69/><G69/><T47/><D105/><U2/><E39/><V44/><F116/><W36/><G36/><T94/><D131/><U72/><E2/><V103/><F64/><W93/><G63/><T24/><D132/><U32/><E32/><V122/><F122/><W123/><G123/><T38/><D1/><U50/><E8/><V59/><F44/><W48/><G48/><T112/><D5/><U127/><E127/><V9/><F103/><W85/><G73/><T81/><D112/><U117/><E117/><V84/><F92/><W135/><G135/><T134/><D134/><U83/><E43/><V7/><F34/><W51/><G51/><T12/><D47/><U67/><E100/><V125/><F125/><W45/><G45/><T124/><D94/><U62/><E102/><V33/><F7/><W65/><G114/><T104/><D104/><U3/><E3/><V35/><F6/><W57/><G93/><T55/><D124/><U90/><E78/><V11/><F77/><W95/><G95/><T128/><D128/><U133/><E133/><V91/><F79/><N who="3" m="46239" /><G119/><T40/><D81/><U82/><E83/><N who="2" m="49567" /><F111/><N who="3" m="42539" /><G118/><T22/><D42/><U98/><E98/><V60/><F109/><W115/><G115/><T113/><D113/><U37/><E37/><V88/><F88/><N who="1" m="33897" /><E74/><V21/><F35/><W58/><G65/><T99/><D99/><U66/><E66/><V52/><F33/><W86/><G86/><RYUUKYOKU ba="0,0" sc="189,0,121,0,183,0,507,0" hai0="12,13,16,18,20,22,24,25,27,38,40,46,55" hai1="41,50,56,62,67,72,75,76,82,87" hai2="9,10,11,17,21,26,52,53,59,60" hai3="29,30,31,57,58,96,97" /><INIT seed="4,1,0,4,2,116" ten="189,121,183,507" oya="0" hai0="51,123,54,96,40,9,7,34,77,65,37,32,6" hai1="52,86,91,42,25,11,18,48,112,121,117,62,107" hai2="106,36,59,127,68,38,97,115,134,79,74,2,27" hai3="23,90,17,95,80,111,99,73,67,46,103,93,57"/><T13/><D65/><U30/><E117/><V66/><F59/><W81/><G73/><T98/><D123/><U105/><E121/><V135/><F115/><W126/><G126/><T20/><D37/><U14/><E112/><V28/><F2/><W15/><G46/><T49/><D77/><U124/><E124/><V70/><F127/><W21/><G111/><T83/><D83/><U102/><E42/><V92/><F79/><W63/><G23/><T132/><D132/><N who="2" m="50730" /><F74/><W129/><G129/><T8/><D40/><U128/><E128/><V55/><F55/><W33/><G33/><T101/><D51/><U133/><E62/><N who="2" m="40023" /><F70/><W104/><G104/><T87/><D87/><AGARI ba="1,0" hai="15,17,21,57,63,67,80,81,87,90,93,95,99,103" machi="87" ten="30,2000,0" yaku="7,1,8,1" doraHai="116" who="3" fromWho="0" sc="189,-23,121,0,183,0,507,23" /><INIT seed="5,0,0,5,4,19" ten="166,121,183,530" oya="1" hai0="124,65,34,18,133,115,5,1,68,76,131,10,41" hai1="114,15,134,70,42,84,112,0,50,16,130,26,122" hai2="13,128,32,29,28,52,96,67,107,55,61,106,80" hai3="60,119,63,89,57,44,22,98,73,109,104,20,2"/><U123/><E0/><V30/><F32/><W117/><G2/><T8/><D115/><N who="1" m="44075" /><E70/><V74/><F128/><W62/><G109/><T113/><D113/><U111/><E111/><V12/><F74/><W11/><G73/><T25/><D41/><U110/><E110/><V40/><F40/><W132/><G132/><T126/><D76/><U46/><E134/><V121/><F121/><W72/><G72/><T49/><D49/><U87/><E26/><V47/><F80/><W27/><G11/><T39/><D39/><U118/><E118/><N who="3" m="45066" /><G27/><T105/><D105/><U38/><E38/><V33/><F33/><W129/><G129/><T43/><D43/><U48/><E48/><V97/><F47/><W103/><G44/><T83/><D133/><U82/><E130/><V7/><F7/><W120/><G120/><N who="1" m="46122" /><E82/><V77/><F30/><W64/><G89/><T93/><D131/><U58/><E58/><V92/><F77/><W108/><G108/><T36/><D36/><U75/><E75/><V85/><F61/><AGARI ba="0,0" hai="20,22,57,60,61,62,63,64,98,103,104" m="45066" machi="61" ten="30,3900,0" yaku="12,1,52,2" doraHai="19" who="3" fromWho="2" sc="166,0,121,0,183,-39,530,39" /><INIT seed="6,0,0,1,3,36" ten="166,121,144,569" oya="2" hai0="49,50,37,7,57,77,127,106,95,42,67,2,107" hai1="129,8,39,48,45,88,54,122,55,22,115,117,56" hai2="20,91,58,65,86,19,101,84,13,33,23,25,82" hai3="76,10,66,90,64,109,44,43,24,119,14,9,100"/><V125/><F125/><W30/><G109/><T97/><D127/><U83/><E117/><V60/><F33/><W32/><G100/><T38/><D77/><U29/><E115/><V124/><F124/><W72/><G119/><T1/><D67/><U41/><E129/><V79/><F101/><W98/><G9/><T78/><D78/><U89/><E122/><V47/><F47/><W121/><G121/><T110/><D57/><U12/><E39/><V53/><F65/><W18/><G72/><T71/><D71/><U102/><E102/><V93/><REACH who="2" step="1"/><F25/><REACH who="2" ten="166,121,134,569" step="2"/><W0/><G24/><T112/><D112/><U114/><E114/><V52/><F52/><N who="1" m="20009" /><E56/><V135/><F135/><W40/><G32/><T128/><D128/><U92/><E83/><V133/><F133/><W99/><G44/><T61/><D107/><U73/><E73/><V103/><F103/><W59/><G66/><T81/><D81/><U132/><E132/><V5/><F5/><W68/><G64/><T87/><D106/><U6/><E92/><V118/><F118/><W130/><G130/><T134/><D95/><U15/><E29/><V120/><F120/><W69/><G69/><T63/><D134/><U17/><AGARI ba="0,1" hai="6,8,12,15,17,22,41,45,48,88,89" m="20009" machi="17" ten="30,7900,0" yaku="8,1,52,1,54,2" doraHai="36" who="1" fromWho="1" sc="166,-20,121,89,134,-39,569,-20" /><INIT seed="7,0,0,1,4,117" ten="146,210,95,549" oya="3" hai0="11,82,108,74,20,4,90,27,119,28,0,14,81" hai1="8,63,35,111,41,72,93,78,43,122,58,91,31" hai2="30,130,84,50,53,47,76,95,92,57,88,73,86" hai3="3,59,16,79,9,38,61,114,98,115,87,113,10"/><W100/><G38/><T66/><D119/><U77/><E8/><V60/><F130/><W132/><G132/><T42/><D108/><U85/><E63/><V99/><F73/><W131/><G131/><T17/><D66/><U67/><E58/><V126/><F126/><W62/><G79/><T102/><D102/><U24/><E91/><V68/><F68/><W128/><G87/><T29/><D42/><U134/><E93/><V101/><F30/><W65/><G128/><T80/><D29/><U55/><E24/><V109/><F109/><W2/><G61/><T69/><D69/><U52/><E55/><V51/><REACH who="2" step="1"/><F47/><REACH who="2" ten="146,210,85,549" step="2"/><W56/><G56/><T37/><D74/><U22/><E72/><V25/><F25/><W127/><G127/><T44/><D28/><U107/><E31/><V70/><F70/><W96/><G96/><T7/><D27/><U121/><E111/><V6/><F6/><W1/><G16/><T45/><D7/><U12/><E35/><V5/><F5/><W13/><G13/><T125/><D125/><U36/><E12/><V112/><F112/><W129/><G129/><T83/><D45/><U116/><E116/><V123/><F123/><W21/><G21/><T48/><D44/><U39/><E121/><V103/><F103/><W135/><G135/><T32/><D32/><U71/><E122/><V97/><F97/><W18/><G18/><T40/><D4/><U15/><E71/><V34/><F34/><W110/><G110/><T94/><D14/><U118/><E118/><V75/><F75/><W104/><AGARI ba="0,1" hai="1,2,3,9,10,59,62,65,98,100,104,113,114,115" machi="104" ten="40,3900,0" yaku="0,1,15,1" doraHai="117" who="3" fromWho="3" sc="146,-13,210,-13,85,-13,549,49" owari="133,-27.0,197,0.0,72,-43.0,598,70.0" /></mjloggm>