<mjloggm ver="2.3"><GO type="169" lobby="0"/><UN n0="%E3%83%90%E3%83%AA%E3%83%88%E3%83%B3" n1="%E3%83%91%E3%83%91%E3%83%91%E3%83%91" n2="%EF%BC%81%E2%80%9D%EF%BC%83%EF%BC%84%EF%BC%85%EF%BC%86%E2%80%99%EF%BC%88" n3="%E8%87%B3%E9%AB%98%E3%81%AE%E3%81%A0%E3%81%A0%E3%81%A1%E3%82%83%E8%B1%86" dan="16,17,17,16" rate="2173.46,2166.19,2136.27,2092.45" sx="M,M,M,M"/><TAIKYOKU oya="0"/><INIT seed="0,0,0,5,2,127" ten="250,250,250,250" oya="0" hai0="133,102,96,114,94,61,60,108,95,9,27,29,68" hai1="125,12,74,50,14,65,32,52,56,30,38,22,37" hai2="78,99,23,28,109,135,92,46,67,17,57,35,120" hai3="63,55,118,71,2,54,19,18,0,91,119,33,66"/><T8/><D114/><U62/><E125/><V111/><F120/><W77/><G77/><T4/><D133/><U3/><E3/><V121/><F121/><W80/><G33/><T134/><D134/><U10/><E74/><V44/><F78/><W42/><G42/><T129/><D108/><U97/><E32/><V112/><F112/><W81/><G91/><T126/><D9/><U87/><E97/><V49/><F135/><W13/><G13/><T115/><D115/><U98/><E87/><V76/><F76/><W70/><G63/><T116/><D116/><U110/><E110/><N who="2" m="41995" /><F28/><W41/><G41/><T45/><D126/><U5/><E98/><V39/><F39/><W40/><G40/><T73/><D45/><U100/><E100/><N who="2" m="60519" /><F35/><W48/><G48/><T53/><D73/><U83/><E83/><V6/><F6/><W103/><REACH who="3" step="1"/><G66/><REACH who="3" ten="250,250,250,240" step="2"/><T58/><D61/><U93/><E65/><V122/><F122/><W90/><G90/><T104/><D60/><U131/><E62/><N who="2" m="38351" /><F49/><W25/><G25/><AGARI ba="0,1" hai="17,23,25,44,46" m="38351,60519,41995" machi="25" ten="30,1000,0" yaku="14,1" doraHai="127" who="2" fromWho="3" sc="250,0,250,0,250,20,240,-10" /><INIT seed="1,0,0,3,1,120" ten="250,250,270,230" oya="1" hai0="20,5,7,57,29,69,123,34,41,108,27,42,75" hai1="32,56,92,2,36,90,15,110,63,18,33,88,97" hai2="76,131,112,37,103,4,72,118,54,102,25,113,129" hai3="115,91,133,98,14,116,48,22,44,43,84,81,50"/><U51/><E36/><V128/><F118/><W101/><G116/><T135/><D69/><U47/><E2/><V87/><F37/><W125/><G133/><T30/><D75/><U45/><E90/><V117/><F117/><W95/><G125/><T3/><D135/><U62/><E110/><V99/><F4/><W24/><G115/><N who="2" m="44105" /><F54/><W13/><REACH who="3" step="1"/><G50/><REACH who="3" ten="250,250,270,220" step="2"/><T64/><D123/><U10/><E63/><V52/><F129/><W86/><G86/><T9/><D108/><U70/><E70/><V79/><F87/><W122/><G122/><T65/><D7/><U16/><E18/><AGARI ba="0,1" hai="13,14,18,22,24,43,44,48,81,84,91,95,98,101" machi="18" ten="30,3900,0" yaku="1,1,7,1,8,1,53,0" doraHai="120" doraHaiUra="0" who="3" fromWho="1" sc="250,0,250,-39,270,0,220,49" /><INIT seed="2,0,0,0,0,46" ten="250,211,270,269" oya="2" hai0="68,85,133,14,95,110,115,126,88,59,96,128,125" hai1="24,93,49,8,82,54,29,92,124,84,2,99,77" hai2="107,13,111,15,40,117,37,100,43,66,89,28,90" hai3="30,6,94,39,119,129,42,127,120,108,69,16,65"/><V70/><F117/><W62/><G16/><T105/><D68/><U112/><E124/><V4/><F28/><W113/><G94/><T131/><D14/><U61/><E112/><V72/><F72/><W44/><G6/><T26/><D26/><U55/><E61/><V75/><F75/><W134/><G30/><T76/><D115/><U81/><E81/><V45/><F43/><W11/><G11/><T106/><D59/><U47/><E55/><V23/><F111/><W27/><G27/><T122/><D122/><U57/><E57/><V104/><F15/><W34/><G62/><T67/><D67/><U101/><E2/><V80/><F100/><W32/><G44/><T109/><D133/><U60/><E60/><V63/><F23/><W22/><G22/><T20/><D20/><U135/><E135/><V97/><F80/><W52/><G52/><T78/><D85/><U31/><E8/><V5/><F5/><W18/><G18/><T33/><D33/><U56/><E47/><V51/><F37/><W53/><G65/><T9/><D9/><U19/><E93/><V38/><F38/><W123/><G53/><T17/><D17/><U86/><E86/><V91/><F97/><W41/><G42/><T130/><D76/><U10/><REACH who="1" step="1"/><E24/><REACH who="1" ten="250,201,270,269" step="2"/><V121/><F63/><W21/><G41/><T74/><D74/><U71/><E71/><V12/><F70/><W64/><G69/><T116/><D126/><U103/><E103/><V118/><F45/><W7/><G127/><T83/><D125/><U73/><E73/><V102/><F40/><W36/><G134/><RYUUKYOKU ba="0,1" sc="250,-10,201,30,270,-10,269,-10" hai1="10,19,29,31,49,54,56,77,82,84,92,99,101" /><INIT seed="3,1,1,3,1,54" ten="240,231,260,259" oya="3" hai0="67,110,127,91,23,43,131,123,36,66,18,94,24" hai1="125,105,37,61,88,100,73,63,25,121,114,32,135" hai2="46,68,69,13,6,75,117,70,112,134,41,29,129" hai3="65,133,102,60,20,85,96,81,11,116,38,52,83"/><W124/><G116/><T45/><D123/><U12/><E121/><V130/><F117/><W8/><G38/><T77/><D110/><U59/><E114/><V47/><F112/><W3/><G133/><T128/><D77/><U58/><E37/><V19/><F75/><W31/><G124/><T26/><D26/><U1/><E1/><V40/><F29/><W62/><G3/><T82/><D82/><U72/><E12/><V4/><F19/><W86/><G31/><T84/><REACH who="0" step="1"/><D127/><REACH who="0" ten="230,231,260,259" step="2"/><U74/><E125/><V10/><F134/><W0/><G0/><T15/><D15/><U92/><E135/><V79/><F79/><W55/><G20/><T98/><D98/><U120/><E120/><V57/><F13/><W7/><G96/><T106/><D106/><U113/><E113/><V64/><F130/><AGARI ba="1,2" hai="18,23,24,36,43,45,66,67,84,91,94,128,130,131" machi="130" ten="40,8000,1" yaku="1,1,19,1,53,3" doraHai="54" doraHaiUra="126" who="0" fromWho="2" sc="230,103,231,0,260,-83,259,0" /><INIT seed="4,0,0,2,1,56" ten="333,231,177,259" oya="0" hai0="120,49,130,70,110,10,83,47,34,90,73,21,17" hai1="5,58,84,63,16,106,9,113,117,125,98,79,2" hai2="23,111,60,39,27,101,118,119,64,4,91,1,62" hai3="69,36,100,31,26,13,54,78,66,105,59,82,19"/><T38/><D34/><U85/><E117/><V75/><F111/><W41/><G100/><T108/><D38/><U24/><E125/><V77/><F39/><W81/><G105/><T96/><D120/><U30/><E79/><V50/><F101/><W32/><G41/><T67/><D10/><U104/><E113/><V3/><F91/><W14/><G36/><T51/><D130/><U11/><E98/><V28/><F50/><W109/><G109/><N who="0" m="42091" /><D70/><U97/><E97/><V0/><F4/><W68/><G66/><T61/><D73/><U22/><E106/><V127/><F127/><W95/><G95/><N who="0" m="56439" /><D83/><U102/><E102/><V18/><F64/><W103/><G103/><T76/><D76/><U71/><E71/><V53/><F77/><W114/><G82/><T129/><D129/><U6/><E30/><V135/><F75/><W88/><G114/><T44/><D44/><U116/><E116/><N who="2" m="44587" /><F135/><W133/><G133/><T126/><D47/><U7/><E104/><V43/><F43/><W48/><G78/><T132/><D126/><U33/><E33/><N who="2" m="20639" /><F53/><W87/><REACH who="3" step="1"/><G13/><AGARI ba="0,0" hai="0,1,3,13,18,23,60,62" m="20639,44587" machi="13" ten="40,5200,0" yaku="12,1,52,2" doraHai="56" who="2" fromWho="3" sc="333,0,231,0,177,52,259,-52" /><INIT seed="5,0,0,5,4,74" ten="333,231,229,207" oya="1" hai0="6,98,115,22,46,108,24,31,30,73,111,57,62" hai1="52,132,41,12,63,4,66,38,35,50,15,69,126" hai2="86,81,58,17,20,59,117,25,0,121,55,85,75" hai3="68,135,96,120,16,40,8,2,65,93,76,9,106"/><U118/><E118/><V27/><F117/><W116/><G116/><T43/><D115/><U122/><E122/><V34/><F0/><W45/><G120/><T18/><D6/><U72/><E35/><V129/><F129/><W91/><G106/><T89/><D73/><U48/><E48/><V88/><F75/><W77/><G135/><T29/><D98/><U131/><E131/><V39/><F39/><W95/><G68/><T14/><D89/><U64/><E64/><V49/><F121/><W26/><G65/><T127/><D127/><U104/><E104/><V94/><F34/><W87/><G2/><T33/><D111/><U112/><E112/><V119/><F119/><W19/><G8/><T71/><D71/><U23/><E4/><V60/><F25/><W11/><G11/><T47/><D47/><N who="1" m="23991" /><E132/><V103/><F103/><N who="3" m="60815" /><G9/><T70/><D70/><U10/><E10/><V105/><F105/><W84/><G84/><T32/><D108/><U107/><E107/><V13/><F27/><W61/><G61/><T67/><D33/><U114/><E114/><V79/><F60/><W90/><G90/><T83/><D83/><U102/><E102/><V82/><F82/><W113/><G113/><T78/><D78/><N who="3" m="30313" /><G26/><T28/><D28/><U21/><E126/><V92/><F92/><W99/><G99/><T101/><D101/><U42/><E72/><V125/><F125/><W1/><G1/><T128/><D128/><U7/><E7/><V100/><F100/><W110/><G110/><T5/><D5/><U36/><E36/><AGARI ba="0,0" hai="14,18,22,24,29,30,31,32,36,43,46,57,62,67" machi="36" ten="30,1000,0" yaku="7,1" doraHai="74" who="0" fromWho="1" sc="333,10,231,-10,229,0,207,0" /><INIT seed="6,0,0,4,1,50" ten="343,221,229,207" oya="2" hai0="77,73,64,8,72,39,105,122,66,20,52,56,120" hai1="33,74,18,98,49,104,27,68,32,58,1,22,103" hai2="29,17,71,86,107,131,24,11,108,76,84,23,43" hai3="16,88,116,130,61,100,6,13,15,59,0,57,65"/><V21/><F131/><W51/><G130/><T34/><D34/><U93/><E68/><V82/><F108/><W63/><G116/><T75/><D39/><U117/><E117/><V62/><F107/><W101/><G0/><T85/><D105/><U2/><E74/><V54/><F43/><W124/><G124/><T35/><D35/><U109/><E109/><V46/><F11/><W112/><G112/><T81/><D20/><U10/><E104/><V102/><F102/><W118/><G118/><T89/><D8/><U38/><E38/><V127/><F127/><W133/><G133/><T95/><D66/><U9/><E9/><V67/><F46/><W60/><G6/><T12/><D12/><U125/><E125/><V14/><REACH who="2" step="1"/><F54/><REACH who="2" ten="343,221,219,207" step="2"/><N who="3" m="31967" /><G100/><T113/><D113/><U91/><E103/><V55/><F55/><N who="3" m="33919" /><G101/><T132/><D132/><U30/><E2/><V42/><F42/><W69/><G69/><T47/><D47/><U87/><E1/><V53/><F53/><W134/><G134/><T92/><D64/><U135/><E135/><V128/><F128/><W94/><G65/><T4/><D4/><U78/><E10/><V7/><F7/><W126/><G126/><T123/><REACH who="0" step="1"/><D77/><REACH who="0" ten="333,221,219,207" step="2"/><U25/><E78/><V111/><F111/><W44/><G44/><T40/><D40/><U119/><E119/><V90/><F90/><W114/><G114/><T99/><D99/><U79/><E98/><V19/><F19/><W129/><G129/><T110/><D110/><U121/><E79/><V41/><F41/><W115/><G115/><T36/><D36/><U26/><E18/><RYUUKYOKU ba="0,2" sc="333,15,221,-15,219,15,207,-15" hai0="52,56,72,73,75,81,85,89,92,95,120,122,123" hai2="14,17,21,23,24,29,62,67,71,76,82,84,86" /><INIT seed="6,1,2,2,0,126" ten="348,206,234,192" oya="2" hai0="23,38,12,107,72,97,103,9,51,26,130,89,75" hai1="0,105,94,122,20,90,111,115,80,64,59,6,7" hai2="117,17,47,96,16,30,49,68,119,10,99,85,3" hai3="14,35,58,4,45,106,41,71,124,84,78,52,120"/><V46/><F68/><W8/><G124/><T77/><D38/><U28/><E111/><V133/><F85/><W112/><G120/><T104/><D104/><U43/><E105/><V24/><F3/><W79/><G106/><T125/><D77/><U92/><E115/><V61/><F61/><W39/><G35/><T114/><D114/><U123/><E43/><V129/><F133/><W135/><G135/><T95/><D51/><U2/><E80/><V100/><F10/><W36/><G36/><T33/><D33/><U1/><E28/><V13/><F13/><W55/><G112/><T101/><D101/><U44/><E44/><V65/><F65/><W118/><G118/><T56/><D56/><U25/><E59/><V15/><F15/><W91/><G71/><T113/><D125/><U18/><E64/><V19/><F100/><W74/><G55/><T132/><D132/><U60/><E60/><V81/><F81/><W31/><G31/><T69/><D69/><U50/><E50/><V27/><F30/><W54/><G54/><T22/><D113/><U53/><E53/><V110/><F49/><W109/><G74/><T32/><D72/><U21/><E21/><V63/><F63/><N who="3" m="36295" /><G109/><T37/><D75/><U70/><E70/><V40/><F110/><W73/><G73/><T62/><D62/><U83/><E83/><V131/><F19/><W76/><G84/><T42/><D37/><U116/><E116/><V82/><F82/><W93/><G93/><N who="1" m="35946" /><E90/><V88/><F88/><W86/><G91/><T87/><D89/><U5/><E123/><V134/><F134/><RYUUKYOKU ba="1,2" sc="348,-30,206,10,234,10,192,10" hai1="0,1,2,5,6,7,18,20,25,122" hai2="16,17,24,27,40,46,47,96,99,117,119,129,131" hai3="4,8,14,39,41,45,76,78,79,86" /><INIT seed="6,2,2,4,1,125" ten="318,216,244,202" oya="2" hai0="9,112,119,80,134,39,5,36,49,35,37,66,83" hai1="124,32,109,93,104,0,52,64,68,63,118,117,22" hai2="77,120,72,59,71,53,11,96,40,115,29,98,7" hai3="126,111,60,6,50,4,121,129,46,128,84,123,107"/><V82/><F115/><W61/><G107/><T19/><D35/><U85/><E104/><V12/><F120/><N who="3" m="46155" /><G84/><T31/><D31/><U33/><E109/><V27/><F40/><N who="3" m="24903" /><G111/><T2/><D112/><U65/><E0/><V113/><F71/><W30/><G30/><T47/><D66/><U57/><E22/><V34/><REACH who="2" step="1"/><F113/><REACH who="2" ten="318,216,234,202" step="2"/><W17/><G126/><T91/><D119/><U38/><E124/><V131/><F131/><N who="3" m="50251" /><G17/><T54/><D19/><U41/><E118/><V114/><F114/><W74/><G74/><T28/><D28/><U86/><E117/><V135/><F135/><W25/><G25/><T62/><D134/><U70/><E70/><V94/><F94/><W16/><G16/><T99/><D83/><U81/><E68/><V122/><F122/><W14/><G14/><T105/><D80/><U44/><E93/><V15/><F15/><W87/><G87/><T58/><D105/><U89/><E86/><V55/><F55/><W43/><G43/><T8/><D54/><U116/><E116/><V13/><F13/><W101/><G101/><T132/><D132/><U103/><E103/><V67/><F67/><W20/><G20/><T100/><D100/><U102/><E102/><V79/><F79/><W21/><G21/><T75/><D75/><U69/><E65/><V90/><F90/><W108/><G108/><T133/><D91/><U127/><E127/><V26/><F26/><W51/><G51/><AGARI ba="2,3" hai="32,33,38,41,44,51,52,57,63,64,69,81,85,89" machi="51" ten="30,7700,0" yaku="7,1,24,2,54,1" doraHai="125" who="1" fromWho="3" sc="318,0,216,113,234,0,202,-83" /><AGARI ba="2,0" hai="7,11,12,27,29,34,51,53,59,72,77,82,96,98" machi="51" ten="30,5800,0" yaku="1,1,7,1,53,1" doraHai="125" doraHaiUra="45" who="2" fromWho="3" sc="318,0,329,0,234,58,119,-58" /><INIT seed="6,3,0,1,2,110" ten="318,329,292,61" oya="2" hai0="108,28,102,34,114,113,109,89,70,111,38,93,65" hai1="121,80,18,104,115,72,105,86,67,36,3,17,91" hai2="23,52,64,88,57,56,43,68,96,49,132,61,98" hai3="20,84,75,85,117,46,53,50,119,6,40,77,128"/><V48/><F132/><W100/><G128/><T63/><D38/><U24/><E36/><V21/><F68/><W41/><G100/><T31/><D102/><U58/><E3/><V51/><F43/><W74/><G20/><N who="2" m="7753" /><F98/><W33/><G33/><T44/><D44/><U126/><E24/><V135/><F135/><W42/><G6/><T2/><D2/><U5/><E5/><V10/><F10/><W106/><G106/><T122/><D122/><U112/><E72/><V66/><F66/><W0/><G0/><T130/><D130/><U99/><E126/><V131/><F131/><W129/><G129/><T11/><D11/><U12/><E121/><V37/><F37/><W13/><G13/><T81/><D81/><U79/><E79/><V107/><F107/><W87/><REACH who="3" step="1"/><G77/><REACH who="3" ten="318,329,292,51" step="2"/><T82/><D34/><U7/><E7/><V26/><F26/><W133/><G133/><T59/><D82/><U22/><E18/><V73/><F73/><AGARI ba="3,1" hai="40,41,42,46,50,53,73,74,75,84,85,87,117,119" machi="73" ten="50,1600,0" yaku="1,1,53,0" doraHai="110" doraHaiUra="30" who="3" fromWho="2" sc="318,0,329,0,292,-25,51,35" /><INIT seed="7,0,0,2,5,61" ten="318,329,267,86" oya="3" hai0="91,128,81,66,112,17,102,21,130,94,6,122,97" hai1="34,19,92,47,7,115,11,135,111,39,110,113,116" hai2="45,133,26,118,20,58,134,4,46,71,37,41,107" hai3="2,125,10,75,86,106,3,49,18,59,13,8,5"/><W129/><G106/><T104/><D6/><U14/><E34/><V79/><F71/><W27/><G75/><T51/><D122/><U24/><E135/><V52/><F118/><W16/><G129/><N who="0" m="49771" /><D51/><U131/><E131/><V73/><F107/><W69/><G69/><T25/><D112/><N who="1" m="43083" /><E116/><V57/><F4/><W35/><G125/><T108/><D108/><U63/><E63/><V40/><F79/><W82/><G59/><T70/><D81/><U50/><E92/><V78/><F78/><W76/><G49/><T109/><D109/><U38/><E38/><V0/><F0/><W29/><REACH who="3" step="1"/><G2/><REACH who="3" ten="318,329,267,76" step="2"/><T53/><D70/><U103/><E50/><V83/><F73/><W31/><G31/><T80/><D104/><U44/><E111/><V90/><F57/><W95/><G95/><T101/><D80/><U84/><E110/><V77/><F58/><W98/><G98/><T114/><D114/><U30/><E30/><V119/><F83/><W1/><G1/><T56/><D53/><U22/><E39/><V105/><F52/><W126/><G126/><T99/><D97/><U33/><E47/><V123/><F105/><W93/><G93/><T60/><AGARI ba="0,1" hai="17,21,25,56,60,66,91,94,99,101,102" m="49771" machi="60" ten="30,2000,0" yaku="19,1,52,1" doraHai="61" who="0" fromWho="0" sc="318,30,329,-5,267,-5,76,-10" owari="348,45.0,324,12.0,262,-14.0,66,-43.0" /></mjloggm>