<mjloggm ver="2.3"><GO type="225" lobby="0"/><UN n0="%E3%81%AF%E3%82%88%E3%81%8A%E3%81%98%E3%81%95%E3%82%93" n1="%E3%81%99%E3%81%84%E3%81%BE%E3%81%9B%E3%83%BC%E3%82%93" n2="%E7%A4%BC%E5%AD%90" n3="%E9%B3%B3%E6%9D%B1%E3%81%AE%E3%81%86%E3%81%95%E3%81%8E%E3%81%95%E3%82%93" dan="18,17,17,17" rate="2279.48,2151.67,2157.69,2176.27" sx="M,M,M,M"/><TAIKYOKU oya="0"/><INIT seed="0,0,0,0,1,16" ten="250,250,250,250" oya="0" hai0="9,17,84,35,29,133,37,15,50,48,96,129,78" hai1="39,33,132,107,60,11,110,28,125,42,25,100,65" hai2="31,23,3,20,89,27,74,131,104,135,109,111,120" hai3="86,70,83,24,73,21,79,51,103,5,61,90,18"/><T64/><D37/><U87/><E125/><V67/><F120/><W134/><G134/><T14/><D133/><U19/><E132/><V47/><F135/><W40/><G103/><T22/><D129/><U49/><E110/><N who="2" m="41995" /><F131/><W7/><G40/><T2/><D64/><U113/><E113/><V43/><F74/><W63/><G51/><T127/><D127/><U68/><E49/><N who="2" m="26879" /><F104/><W12/><G70/><T45/><D2/><U26/><E87/><V91/><F3/><W102/><G102/><T75/><D75/><U4/><E25/><N who="2" m="16807" /><F67/><W34/><G34/><T10/><D96/><N who="1" m="61831" /><E42/><V71/><F71/><W44/><G44/><T106/><D106/><U115/><E115/><V8/><F8/><W92/><REACH who="3" step="1"/><G24/><REACH who="3" ten="250,250,250,240" step="2"/><N who="0" m="16535" /><D35/><U54/><E39/><V82/><F82/><W62/><AGARI ba="0,1" hai="5,7,12,18,21,61,62,63,73,79,83,86,90,92" machi="62" ten="30,4000,0" yaku="1,1,0,1,52,1,53,0" doraHai="16" doraHaiUra="6" who="3" fromWho="3" sc="250,-20,250,-10,250,-10,240,50" /><INIT seed="1,0,0,0,4,88" ten="230,240,240,290" oya="1" hai0="41,30,5,97,82,46,105,51,52,18,84,66,47" hai1="58,104,50,48,24,21,106,93,132,108,118,57,128" hai2="77,69,40,26,38,87,78,75,60,126,131,74,33" hai3="65,22,68,53,20,19,99,2,1,28,100,12,43"/><U56/><E118/><V59/><F69/><W134/><G134/><T83/><D5/><U73/><E132/><V117/><F117/><W125/><G125/><T32/><D66/><U112/><E112/><V42/><F126/><W8/><G43/><T25/><D18/><U92/><E73/><V55/><F131/><W120/><G120/><T11/><D11/><U0/><E0/><V14/><F14/><W62/><G53/><T122/><D122/><U113/><E113/><V49/><F38/><W111/><G111/><T45/><D83/><U3/><E3/><V110/><F110/><W85/><G85/><T91/><REACH who="0" step="1"/><D41/><REACH who="0" ten="220,240,240,290" step="2"/><U94/><E108/><V35/><F40/><W16/><G28/><T81/><D81/><U80/><E80/><V96/><F42/><W67/><G65/><T76/><D76/><U95/><E128/><V115/><F77/><W129/><G129/><T135/><D135/><U79/><E79/><V109/><F78/><W121/><G121/><T6/><D6/><U124/><E124/><V9/><F109/><W103/><G8/><T34/><D34/><U64/><E64/><V15/><F115/><W27/><REACH who="3" step="1"/><G103/><AGARI ba="0,1" hai="25,30,32,45,46,47,51,52,82,84,91,97,103,105" machi="103" ten="40,2600,0" yaku="1,1,54,1,53,0" doraHai="88" doraHaiUra="61" who="0" fromWho="3" sc="220,36,240,0,240,0,290,-26" /><INIT seed="2,0,0,4,4,7" ten="256,240,240,264" oya="2" hai0="33,53,59,69,54,89,42,127,22,76,50,104,49" hai1="122,113,128,30,20,39,15,120,37,115,131,96,93" hai2="118,135,40,23,119,28,98,5,0,129,81,43,41" hai3="67,72,56,19,48,71,117,91,107,94,14,106,73"/><V1/><F135/><W121/><G117/><T58/><D33/><U45/><E30/><V78/><F129/><N who="1" m="49737" /><E20/><V68/><F68/><W124/><G121/><N who="1" m="46698" /><E15/><V34/><F34/><W10/><G71/><T105/><D69/><U63/><E63/><V44/><F44/><W125/><G48/><T90/><D22/><U2/><E2/><V86/><F1/><W92/><G56/><T27/><D27/><U6/><E6/><V111/><F111/><W32/><G32/><T38/><D38/><N who="1" m="14347" /><E45/><V66/><F23/><W52/><G14/><T57/><D59/><U21/><E21/><V46/><F28/><W130/><G19/><T109/><D109/><U134/><E134/><V126/><F46/><W82/><G67/><T132/><D132/><U123/><N who="1" m="46706" /><U74/><DORA hai="88" /><E74/><V83/><F66/><W80/><G73/><T75/><D75/><U36/><N who="1" m="14355" /><U70/><DORA hai="102" /><E70/><V24/><F0/><W16/><G72/><T99/><D42/><U85/><E85/><V62/><F5/><W35/><G35/><T133/><D133/><U29/><E29/><V101/><F41/><W64/><G64/><T11/><D11/><U8/><E8/><V47/><F43/><W116/><G130/><T26/><D26/><U97/><E97/><V100/><F24/><W25/><G25/><T60/><D99/><U9/><E9/><V79/><F98/><W51/><G10/><T18/><D60/><U3/><E3/><V112/><F62/><W87/><G87/><T55/><D57/><U108/><E108/><V61/><F86/><W103/><G16/><RYUUKYOKU ba="0,0" sc="256,-10,240,30,240,-10,264,-10" hai1="93,96,113,115" /><INIT seed="3,1,0,3,5,102" ten="246,270,230,254" oya="3" hai0="24,105,67,10,1,19,135,92,101,80,96,134,5" hai1="13,86,76,131,8,46,11,128,22,123,117,9,91" hai2="126,18,29,25,60,97,77,116,12,95,23,0,62" hai3="93,52,26,30,99,129,55,44,125,87,94,127,104"/><W114/><G114/><T59/><D80/><U51/><E123/><V120/><F116/><W113/><G113/><T103/><D103/><U85/><E117/><V49/><F0/><W121/><G121/><T57/><D92/><N who="3" m="35433" /><G87/><T79/><D79/><U81/><E86/><V61/><F120/><W21/><G44/><T130/><D130/><N who="1" m="49707" /><E22/><V78/><F49/><W118/><G118/><T111/><D111/><U75/><E75/><V115/><F115/><W16/><G129/><T54/><D67/><U84/><E85/><V109/><F109/><W56/><G56/><T73/><D73/><U50/><E50/><V107/><F107/><W28/><G104/><T83/><D83/><U88/><E13/><V32/><REACH who="2" step="1"/><F126/><REACH who="2" ten="246,270,220,254" step="2"/><N who="3" m="48139" /><G99/><T42/><D96/><U4/><E4/><V64/><F64/><W38/><G38/><T35/><D5/><U72/><E72/><V106/><F106/><W43/><G43/><AGARI ba="1,1" hai="8,9,11,43,46,51,76,81,84,88,91" m="49707" machi="43" ten="30,2000,0" yaku="19,1,54,1" doraHai="102" who="1" fromWho="3" sc="246,0,270,33,220,0,254,-23" owari="246,5.0,303,40.0,220,-28.0,231,-17.0" /></mjloggm>