<mjloggm ver="2.3"><GO type="169" lobby="0"/><UN n0="%E6%98%9F%E7%AB%B9%E8%82%89%E3%83%91%E3%82%BB%E3%83%AA" n1="%E9%BD%8B%E8%97%A4%E9%A3%9B%E9%B3%A5%E4%B8%B6" n2="%E3%82%82%E3%82%93%E3%81%94%E3%82%8B%30%36%31%35" n3="%E7%8C%AA%E7%8B%A9%E5%AE%88" dan="16,16,17,16" rate="2158.12,2086.76,2167.99,2144.04" sx="M,F,M,M"/><TAIKYOKU oya="0"/><INIT seed="0,0,0,2,1,52" ten="250,250,250,250" oya="0" hai0="9,89,15,18,50,3,128,80,63,40,35,66,55" hai1="43,7,101,124,78,113,24,29,65,32,105,130,91" hai2="98,56,31,23,122,84,10,8,120,36,11,111,12" hai3="104,2,71,59,92,49,60,17,81,132,115,6,22"/><T67/><D35/><U37/><E124/><V46/><F111/><W41/><G104/><T86/><D128/><U95/><E130/><V25/><F36/><W88/><G132/><T94/><D3/><U75/><E7/><V14/><F46/><W83/><G115/><T112/><D112/><U118/><E118/><V51/><F84/><W96/><G71/><T119/><D119/><U99/><E113/><V129/><F98/><W34/><G34/><T0/><D0/><U131/><E131/><V127/><F129/><W108/><G108/><T39/><D39/><U19/><E19/><V107/><F107/><W38/><G6/><T126/><D126/><U103/><E65/><V90/><F90/><W133/><G2/><T5/><D40/><U53/><E43/><V26/><F51/><W47/><G38/><T97/><D63/><U74/><E37/><V72/><F72/><W123/><G123/><T85/><D85/><U28/><E74/><V135/><F56/><W70/><G70/><T44/><REACH who="0" step="1"/><D5/><REACH who="0" ten="240,250,250,250" step="2"/><U42/><E42/><V93/><F127/><W61/><G60/><T82/><D82/><U77/><E75/><V109/><F109/><W102/><G133/><T76/><AGARI ba="0,1" hai="9,15,18,44,50,55,66,67,76,80,86,89,94,97" machi="76" ten="20,7800,0" yaku="1,1,0,1,7,1,8,1,53,0" doraHai="52" doraHaiUra="110" who="0" fromWho="0" sc="240,88,250,-26,250,-26,250,-26" /><INIT seed="0,1,0,1,2,81" ten="328,224,224,224" oya="0" hai0="7,40,122,50,31,135,52,114,37,55,99,117,11" hai1="104,5,0,125,92,4,91,27,1,36,39,44,109" hai2="68,90,105,129,103,24,111,93,98,75,102,38,69" hai3="28,43,100,118,89,3,49,34,60,127,54,86,12"/><T74/><D114/><U33/><E109/><V73/><F38/><W64/><G118/><T120/><D117/><U116/><E116/><V80/><F68/><W22/><G3/><T26/><D74/><U13/><E104/><V46/><F69/><W88/><G34/><T42/><D55/><U83/><E83/><V21/><F111/><W65/><G127/><T76/><D76/><U63/><E63/><V23/><F23/><W77/><G100/><T15/><D135/><U19/><E39/><V58/><F46/><W20/><G89/><T85/><D99/><U71/><E71/><V51/><F129/><W134/><G77/><T96/><D96/><U112/><E125/><V47/><F58/><N who="3" m="34903" /><G28/><T128/><D128/><U61/><E0/><V108/><F108/><W72/><G72/><T30/><D30/><U126/><E1/><V2/><F2/><W17/><G20/><T97/><D97/><U45/><E33/><V8/><F8/><W70/><G70/><T115/><D115/><U66/><E112/><V133/><F133/><W110/><G134/><T106/><D106/><U25/><E36/><V29/><F105/><W9/><G22/><N who="0" m="15831" /><D37/><U79/><E79/><V124/><F124/><W41/><G110/><T56/><D120/><U121/><E121/><V62/><F75/><W119/><G119/><T123/><D123/><U101/><E126/><V35/><F35/><W95/><G43/><N who="0" m="16427" /><D122/><U130/><E130/><V82/><F73/><W78/><G78/><T107/><D107/><U94/><E101/><N who="2" m="38411" /><F62/><W48/><G41/><AGARI ba="1,0" hai="21,24,29,41,47,51,80,82,90,93,98" m="38411" machi="41" ten="30,1000,0" yaku="8,1" doraHai="81" who="2" fromWho="3" sc="328,0,224,0,224,13,224,-13" /><INIT seed="1,0,0,1,3,107" ten="328,224,237,211" oya="1" hai0="43,74,100,32,12,8,11,105,4,27,78,130,79" hai1="1,104,46,96,62,20,111,64,91,57,29,2,102" hai2="124,49,52,63,84,119,61,121,42,60,23,48,35" hai3="25,54,103,125,38,40,97,132,70,65,126,39,116"/><U82/><E111/><V45/><F35/><W18/><G132/><T95/><D105/><U10/><E46/><N who="2" m="25687" /><F119/><W66/><G116/><T69/><D69/><U75/><E10/><V99/><F99/><W17/><G54/><T106/><D106/><U93/><E29/><V109/><F23/><W9/><G25/><T86/><D130/><U55/><E20/><V21/><F21/><W134/><G134/><T89/><D100/><U59/><E59/><N who="2" m="33167" /><F84/><W68/><G40/><T5/><D43/><U30/><E30/><V50/><F121/><W26/><G26/><T117/><D117/><U92/><E64/><V115/><F124/><W0/><G97/><T36/><D74/><U44/><E93/><V37/><F109/><W135/><G135/><T71/><D27/><U67/><E104/><V58/><F115/><W31/><G31/><T83/><D95/><U87/><E75/><V19/><F19/><W53/><G53/><T120/><D4/><U123/><E123/><V14/><F14/><W81/><G0/><T51/><D5/><U22/><E22/><V118/><F118/><W112/><G9/><T108/><D32/><U80/><E80/><V122/><F122/><W101/><REACH who="3" step="1"/><G81/><REACH who="3" ten="328,224,237,201" step="2"/><N who="0" m="49359" /><D8/><U28/><E28/><V47/><F37/><W133/><G133/><T77/><D83/><U41/><E67/><N who="2" m="39319" /><F45/><W72/><G72/><T90/><D120/><U3/><E1/><V56/><F56/><W128/><G128/><T76/><D11/><U33/><E33/><V98/><F98/><W88/><G88/><T13/><N who="0" m="19456" /><DORA hai="73" /><T131/><D131/><U85/><E87/><RYUUKYOKU ba="0,1" sc="328,-30,224,10,237,10,201,10" hai1="2,3,41,44,55,57,62,82,85,91,92,96,102" hai2="47,50,61,63" hai3="17,18,38,39,65,66,68,70,101,103,112,125,126" /><INIT seed="1,1,1,0,4,100" ten="298,234,247,211" oya="1" hai0="104,69,18,3,46,33,132,70,91,12,63,6,90" hai1="32,10,114,108,53,74,133,121,109,111,125,98,34" hai2="28,22,76,80,39,71,65,5,7,96,128,17,29" hai3="94,11,118,27,51,59,72,19,87,120,89,117,95"/><U115/><E74/><V73/><F128/><W68/><G68/><T131/><D33/><N who="1" m="12907" /><E125/><V50/><F39/><W55/><G120/><T97/><D3/><U1/><E53/><V86/><F73/><W75/><G95/><T13/><D6/><N who="1" m="1359" /><E121/><V20/><F71/><W106/><G106/><T56/><D56/><U61/><E61/><V126/><F65/><W78/><G78/><T21/><D63/><U37/><E37/><V60/><F60/><W49/><G49/><T83/><D90/><U47/><E47/><V8/><F126/><W110/><G75/><T57/><D91/><U124/><E124/><V44/><F96/><W9/><G72/><T31/><D46/><U52/><E133/><V30/><F7/><W99/><G87/><T15/><D57/><U105/><E52/><N who="2" m="29767" /><F5/><W107/><G107/><T48/><D48/><U35/><E35/><V119/><F119/><W113/><G118/><T116/><D132/><U38/><E38/><V92/><F92/><W102/><G94/><T123/><D116/><U130/><E130/><V122/><F122/><W67/><G55/><T77/><D131/><U42/><E42/><V58/><F58/><W135/><G59/><T36/><D36/><U24/><E24/><V0/><F0/><W81/><G27/><T79/><D123/><U40/><E40/><V62/><F62/><W26/><G26/><T134/><D134/><U103/><AGARI ba="1,1" hai="98,103,105,108,109,111,114,115" m="1359,12907" machi="103" ten="40,12000,1" yaku="14,1,10,1,23,1,52,1" doraHai="100" who="1" fromWho="1" sc="298,-41,234,133,247,-41,211,-41" /><INIT seed="1,2,0,1,1,41" ten="257,367,206,170" oya="1" hai0="2,103,61,100,130,63,43,93,120,30,31,52,119" hai1="68,127,122,108,26,66,125,12,14,88,124,21,33" hai2="135,56,0,9,94,115,77,1,116,105,113,134,112" hai3="25,85,36,111,67,20,123,18,132,58,92,55,46"/><U117/><E117/><V3/><F105/><W73/><G73/><T133/><D119/><U49/><E122/><V28/><F77/><W39/><G123/><T7/><D120/><U79/><E79/><V5/><F94/><W59/><G132/><N who="2" m="50729" /><F56/><W81/><G111/><T42/><D2/><N who="2" m="1130" /><F116/><W29/><G92/><T8/><D93/><U76/><E76/><V102/><F102/><W87/><G87/><T129/><D8/><U83/><E33/><V50/><F50/><W72/><G72/><T114/><D7/><U90/><E108/><V80/><F80/><W17/><G36/><T27/><D133/><U89/><E83/><V37/><F37/><W23/><G39/><T126/><D43/><U97/><E97/><V62/><F62/><W57/><G23/><T121/><D42/><U86/><E86/><V32/><F28/><W118/><G67/><T84/><D30/><N who="1" m="17743" /><E49/><V19/><F19/><W60/><G18/><T13/><D31/><U74/><E74/><V45/><F45/><W44/><G29/><T98/><D98/><U110/><E110/><V96/><F96/><W53/><G118/><T34/><D121/><U51/><E51/><V6/><F6/><W91/><G60/><AGARI ba="2,0" hai="12,14,60,66,68,88,89,90,124,125,127" m="17743" machi="60" ten="40,3900,0" yaku="18,1,54,1" doraHai="41" who="1" fromWho="3" sc="257,0,367,45,206,0,170,-45" /><INIT seed="1,3,0,1,0,26" ten="257,412,206,125" oya="1" hai0="1,10,75,12,105,28,3,131,133,50,102,77,119" hai1="83,62,58,14,21,94,127,73,5,29,78,116,25" hai2="126,38,135,6,82,30,61,95,107,54,47,74,9" hai3="92,42,76,122,63,113,96,11,110,70,89,115,53"/><U80/><E116/><V8/><F107/><W18/><G122/><T31/><D119/><U55/><E127/><V2/><F126/><W111/><G42/><T71/><D71/><U43/><E83/><V134/><F95/><W60/><G76/><T19/><D77/><U98/><E43/><N who="2" m="23031" /><F9/><W118/><G118/><T85/><D75/><U44/><E44/><V106/><F106/><W88/><G70/><T87/><D1/><U33/><E5/><V32/><F54/><W20/><G11/><T104/><D3/><U125/><E125/><V130/><F61/><W39/><G39/><T69/><D69/><U59/><E59/><V48/><F48/><W68/><G68/><T97/><D104/><U64/><E55/><V45/><F45/><W117/><G89/><T84/><D133/><U49/><E49/><V129/><F82/><W90/><G90/><T66/><D66/><U52/><E52/><V40/><F40/><W112/><G117/><T101/><D101/><N who="1" m="60631" /><E14/><V17/><F74/><W123/><G123/><T34/><D50/><U16/><E33/><V114/><F114/><W24/><G60/><T124/><D124/><U109/><E109/><V51/><F51/><W100/><G100/><T103/><D103/><U81/><E81/><V121/><F121/><W4/><G4/><T56/><D56/><AGARI ba="3,0" hai="18,20,24,53,56,63,88,92,96,110,111,112,113,115" machi="56" ten="50,6400,0" yaku="25,2,54,1" doraHai="26" who="3" fromWho="0" sc="257,-73,412,0,206,0,125,73" /><INIT seed="2,0,0,5,0,101" ten="184,412,206,198" oya="2" hai0="109,133,41,94,26,44,72,60,5,116,120,118,71" hai1="53,124,8,127,0,9,123,92,113,103,132,33,7" hai2="65,91,111,117,122,10,13,129,104,100,62,21,51" hai3="27,67,75,114,70,55,1,29,19,4,110,98,64"/><V82/><F117/><N who="0" m="45162" /><D72/><U108/><E123/><V105/><F122/><W52/><G110/><T102/><D5/><U134/><E108/><V14/><F100/><W12/><G75/><T79/><D79/><U89/><E33/><V99/><F111/><W34/><G114/><T93/><D109/><U2/><E103/><V107/><F129/><W119/><G98/><T40/><D40/><U22/><E113/><V54/><F21/><N who="3" m="11495" /><G119/><T81/><D26/><U66/><E66/><N who="3" m="25130" /><G70/><T112/><D71/><U59/><E0/><V78/><F99/><W28/><G28/><T87/><D87/><N who="1" m="52287" /><E9/><AGARI ba="0,0" hai="1,4,9,27,29,34,52,55" m="25130,11495" machi="9" ten="30,2000,0" yaku="24,1,54,1" doraHai="101" who="3" fromWho="1" sc="184,0,412,-20,206,0,198,20" /><INIT seed="3,0,0,5,0,7" ten="184,392,206,218" oya="3" hai0="105,8,104,48,19,108,88,1,111,89,5,73,26" hai1="94,102,37,60,110,115,28,63,29,116,18,2,45" hai2="58,122,43,97,74,99,11,101,91,70,79,42,35" hai3="98,72,124,123,68,85,84,67,125,31,131,46,64"/><W52/><G123/><T86/><D73/><U14/><E110/><N who="0" m="42025" /><D48/><U9/><E115/><V113/><F70/><W83/><G72/><T51/><D51/><U16/><E2/><V23/><F35/><W120/><G120/><T80/><D89/><U27/><E45/><V3/><F113/><W6/><G31/><N who="1" m="11850" /><E37/><V100/><F74/><W44/><G6/><T55/><D55/><U92/><E116/><V81/><F79/><W54/><G98/><T133/><D133/><U128/><E128/><V38/><F23/><AGARI ba="0,0" hai="1,5,8,19,23,26,80,86,88,104,105" m="42025" machi="23" ten="30,3900,0" yaku="14,1,52,1,54,1" doraHai="7" who="0" fromWho="2" sc="184,39,392,0,206,-39,218,0" /><INIT seed="4,0,0,5,2,81" ten="223,392,167,218" oya="0" hai0="60,2,113,126,95,125,104,94,70,37,84,127,101" hai1="24,96,109,135,55,3,20,18,51,118,17,87,19" hai2="134,43,49,45,115,121,31,13,8,117,22,112,35" hai3="63,110,23,21,39,6,68,67,36,50,114,86,131"/><T93/><D2/><U129/><E109/><V132/><F35/><W41/><G110/><T16/><D37/><U0/><E118/><V46/><F31/><W122/><G114/><N who="2" m="43561" /><F22/><W29/><G131/><T42/><D42/><U40/><E40/><N who="2" m="24743" /><F13/><W130/><G6/><T92/><D113/><U11/><E96/><V66/><F8/><W10/><G10/><T98/><D70/><U90/><E129/><V69/><F121/><W97/><G122/><T106/><D60/><U89/><E135/><N who="2" m="51755" /><F117/><W65/><G23/><T124/><N who="0" m="31744" /><DORA hai="56" /><T88/><D16/><U47/><E89/><V53/><F53/><W33/><G29/><T119/><D119/><U30/><E0/><V76/><F76/><W1/><G1/><T99/><D104/><U116/><E116/><V27/><F27/><W83/><G97/><AGARI ba="0,0" hai="84,88,92,93,94,95,97,98,99,101,106" m="31744" machi="97" ten="70,18000,2" yaku="18,1,34,3,52,1,54,1" doraHai="81,56" who="0" fromWho="3" sc="223,180,392,0,167,0,218,-180" /><INIT seed="4,1,0,5,3,45" ten="403,392,167,38" oya="0" hai0="133,80,100,123,128,110,51,33,78,127,132,89,55" hai1="57,108,95,52,106,3,87,44,121,38,86,126,7" hai2="60,107,2,99,53,18,49,62,42,116,65,118,115" hai3="117,88,101,34,17,79,16,104,28,9,82,19,85"/><T4/><D123/><U26/><E121/><V35/><F2/><W37/><G37/><T67/><D33/><U134/><E108/><V29/><F42/><W11/><G117/><N who="2" m="45161" /><F18/><W122/><G122/><T14/><D100/><U1/><E106/><V61/><F35/><W111/><G111/><T120/><D120/><U92/><E126/><V48/><F29/><W97/><REACH who="3" step="1"/><G79/><REACH who="3" ten="403,392,167,28" step="2"/><T94/><D110/><U71/><E38/><V66/><F115/><W131/><G131/><T22/><D128/><U76/><E76/><V56/><F107/><W135/><G135/><T6/><D132/><U84/><E134/><V23/><F99/><W70/><G70/><T129/><D129/><U125/><E71/><N who="2" m="42407" /><F23/><W81/><G81/><T12/><D80/><U15/><E92/><V54/><F66/><W20/><G20/><T130/><D67/><U32/><E95/><V64/><F64/><W105/><G105/><T27/><D130/><U72/><E32/><V8/><F8/><W46/><G46/><AGARI ba="1,1" hai="46,48,49,53,54,56,61,62" m="42407,45161" machi="46" ten="30,8000,1" yaku="12,1,34,2,52,2" doraHai="45" who="2" fromWho="3" sc="403,0,392,0,167,93,28,-83" owari="403,51.0,392,19.0,260,-14.0,-55,-56.0" /></mjloggm>