<mjloggm ver="2.3"><GO type="169" lobby="0"/><UN n0="%E6%97%A9%E5%A4%A7%E3%81%AB%EF%BD%9E%E3%81%A8" n1="%E3%81%A8%E3%81%B3%E3%81%BE%E3%81%93" n2="%E6%97%A5%E9%99%B0%E3%81%95%E3%82%93" n3="%E3%81%9F%E3%81%84%E3%81%9B" dan="17,17,16,17" rate="2202.25,2193.22,2091.83,2192.46" sx="F,M,F,F"/><TAIKYOKU oya="0"/><INIT seed="0,0,0,0,3,35" ten="250,250,250,250" oya="0" hai0="86,129,133,120,24,12,106,131,27,90,68,32,127" hai1="44,45,62,4,65,9,60,114,100,36,53,18,0" hai2="110,119,21,49,104,101,94,103,123,39,132,11,71" hai3="89,95,130,69,91,92,57,22,33,20,112,128,29"/><T66/><D120/><U81/><E114/><V111/><F39/><W42/><G69/><T75/><D75/><U41/><E100/><V115/><F71/><W19/><G42/><T87/><D106/><U67/><E18/><V40/><F21/><N who="3" m="8299" /><G33/><T64/><D12/><U43/><E81/><V59/><F11/><W61/><G19/><T99/><D127/><U73/><E73/><V54/><F104/><W107/><G29/><T77/><D133/><U134/><E134/><V74/><F74/><W25/><G25/><T97/><D68/><U79/><E79/><V108/><F132/><W70/><G70/><T126/><D126/><U121/><E121/><V14/><F14/><W105/><G112/><T98/><D77/><U116/><E116/><V16/><F16/><W83/><G83/><T76/><D76/><U93/><E93/><N who="3" m="35914" /><G105/><T109/><D32/><U72/><E72/><V10/><F40/><W51/><G51/><T15/><D15/><U31/><E31/><V23/><F49/><W47/><G47/><T7/><D90/><U30/><E30/><V6/><F115/><W58/><G61/><T38/><D38/><N who="1" m="21559" /><E60/><N who="2" m="35959" /><F119/><W88/><G107/><T117/><D117/><U26/><E26/><V8/><F123/><W63/><G63/><T56/><D27/><U46/><E62/><V113/><F113/><W80/><G80/><T37/><D24/><U135/><E135/><V84/><F23/><W122/><G122/><T125/><D125/><U28/><E28/><V85/><F110/><W13/><G13/><T17/><D109/><U118/><E118/><V78/><F111/><RYUUKYOKU ba="0,0" sc="250,-15,250,15,250,-15,250,15" hai1="0,4,9,36,43,45,46,53,65,67" hai3="57,58,88,89,91,128,130" /><INIT seed="1,1,0,3,4,83" ten="235,265,235,265" oya="1" hai0="86,79,32,46,5,66,73,13,50,64,11,108,80" hai1="106,6,26,111,71,78,37,96,31,120,29,128,24" hai2="87,85,65,22,3,117,126,35,76,95,27,0,114" hai3="122,72,77,109,17,113,82,38,14,112,84,18,47"/><U104/><E120/><V70/><F117/><W42/><G122/><T129/><D108/><U115/><E115/><V19/><F114/><W127/><G109/><T53/><D129/><U45/><E71/><V99/><F35/><W52/><G127/><T119/><D119/><U59/><E111/><V33/><F33/><W12/><G72/><T41/><D32/><U98/><E59/><V54/><F126/><W110/><G110/><T124/><D124/><U97/><E78/><V100/><F54/><W107/><G107/><T90/><REACH who="0" step="1"/><D41/><REACH who="0" ten="225,265,235,265" step="2"/><U23/><E128/><V125/><F125/><W30/><G112/><T75/><D75/><U91/><E6/><V74/><F74/><W49/><G113/><T94/><AGARI ba="1,1" hai="5,11,13,46,50,53,64,66,73,79,80,86,90,94" machi="94" ten="20,8000,1" yaku="1,1,0,1,7,1,52,1,53,1" doraHai="83" doraHaiUra="105" who="0" fromWho="0" sc="225,93,265,-41,235,-21,265,-21" /><INIT seed="2,0,0,3,2,1" ten="318,224,214,244" oya="2" hai0="74,35,85,67,124,70,101,134,88,72,29,66,0" hai1="135,78,28,114,12,43,95,16,26,132,23,25,48" hai2="59,30,42,13,19,77,116,93,47,128,87,131,58" hai3="68,21,10,8,89,41,9,76,86,22,39,6,111"/><V106/><F106/><W122/><G122/><T73/><D134/><N who="1" m="51243" /><E78/><V127/><F116/><W92/><G68/><T107/><D124/><U102/><E114/><V4/><F30/><W54/><G111/><T38/><D38/><U56/><E28/><V117/><F117/><W32/><G32/><T103/><D0/><U46/><E56/><V24/><F24/><N who="1" m="9321" /><E95/><V5/><F127/><W98/><G39/><T7/><D35/><U84/><E84/><V57/><F93/><W18/><G41/><T120/><D29/><U20/><E102/><V108/><F108/><W53/><G76/><T3/><D85/><U33/><E33/><V119/><F119/><W97/><G53/><T45/><D103/><U27/><N who="1" m="9329" /><U105/><DORA hai="49" /><E23/><V104/><F104/><AGARI ba="0,0" hai="12,16,20,43,46,48,104,105" m="9329,51243" machi="104" ten="40,2600,0" yaku="20,1,54,1" doraHai="1,49" who="1" fromWho="2" sc="318,0,224,26,214,-26,244,0" /><INIT seed="3,0,0,1,4,6" ten="318,250,188,244" oya="3" hai0="18,126,9,135,48,51,7,53,50,8,44,57,86" hai1="52,39,88,123,96,121,103,15,114,70,109,110,102" hai2="2,82,76,47,60,49,56,3,74,33,69,10,17" hai3="34,130,46,42,24,14,79,108,78,113,26,77,93"/><W73/><G113/><T29/><D135/><U81/><E70/><V124/><F69/><W117/><G117/><T72/><D72/><U40/><E40/><V16/><F33/><W90/><G130/><T95/><D126/><U66/><E66/><V118/><F124/><W68/><G68/><T27/><D7/><U106/><E39/><V64/><F118/><W22/><G108/><N who="1" m="41578" /><E15/><V4/><REACH who="2" step="1"/><F2/><REACH who="2" ten="318,250,178,244" step="2"/><W89/><G34/><T75/><D75/><U11/><E114/><V94/><F94/><W61/><G73/><T25/><D95/><U62/><E106/><V127/><F127/><W36/><G93/><T99/><D99/><U35/><E96/><V83/><F83/><W133/><G133/><T58/><D86/><N who="1" m="50255" /><E35/><V41/><AGARI ba="0,1" hai="3,4,10,16,17,41,47,49,56,60,64,74,76,82" machi="41" ten="20,8000,1" yaku="1,1,0,1,7,1,52,1,54,1,53,0" doraHai="6" doraHaiUra="84" who="2" fromWho="2" sc="318,-20,250,-20,178,90,244,-40" /><INIT seed="4,0,0,5,2,89" ten="298,230,268,204" oya="0" hai0="133,45,50,101,135,75,0,87,24,110,90,123,72" hai1="5,25,118,94,57,18,26,66,55,106,76,60,102" hai2="4,95,83,40,41,52,81,33,2,134,6,37,11" hai3="104,19,114,112,107,1,51,53,28,119,115,38,3"/><T77/><D123/><U100/><E106/><N who="3" m="40490" /><G119/><T44/><D0/><N who="3" m="73" /><G28/><T47/><D101/><U74/><E5/><V120/><F134/><N who="0" m="51210" /><D110/><U71/><E118/><V93/><F33/><W125/><G38/><T121/><D121/><U20/><E26/><V108/><F108/><W116/><G116/><T48/><D24/><U105/><E105/><V117/><F117/><W35/><G35/><T86/><D77/><U82/><E94/><N who="2" m="35851" /><F37/><W130/><G19/><T61/><D61/><AGARI ba="0,0" hai="18,20,25,55,57,60,61,66,71,74,76,82,100,102" machi="61" ten="30,1000,0" yaku="7,1" doraHai="89" who="1" fromWho="0" sc="298,-10,230,10,268,0,204,0" /><INIT seed="5,0,0,0,4,73" ten="288,240,268,204" oya="1" hai0="94,56,63,6,102,108,89,103,98,21,48,26,39" hai1="127,76,93,35,79,65,74,75,96,112,14,45,54" hai2="81,23,67,116,101,133,16,53,126,3,61,71,31" hai3="36,104,12,125,25,49,34,22,109,118,9,64,5"/><U135/><E35/><V123/><F116/><W44/><G109/><T120/><D39/><U8/><E65/><V11/><F123/><W84/><G118/><T88/><D108/><U19/><E75/><V128/><F128/><W111/><G111/><T52/><D120/><U69/><E69/><V132/><F126/><W4/><G125/><T91/><D6/><U47/><E74/><V58/><F101/><N who="0" m="38410" /><D48/><N who="1" m="28943" /><E127/><V1/><F31/><AGARI ba="0,0" hai="21,26,31,52,56,63,88,89,91,94,98" m="38410" machi="31" ten="30,3900,0" yaku="8,1,54,2" doraHai="73" who="0" fromWho="2" sc="288,39,240,0,268,-39,204,0" /><INIT seed="6,0,0,4,3,47" ten="327,240,229,204" oya="2" hai0="107,31,22,60,48,56,86,132,129,117,55,27,98" hai1="116,104,110,113,63,90,82,94,120,76,20,133,58" hai2="62,87,99,24,121,26,34,18,8,39,131,28,64" hai3="83,50,65,127,74,81,30,88,16,46,32,49,42"/><V84/><F39/><W72/><G32/><T17/><D129/><U79/><E104/><V45/><F131/><W66/><G30/><T106/><D132/><U10/><E110/><V89/><F121/><W96/><G72/><T11/><D117/><U93/><E113/><V0/><F45/><N who="3" m="25783" /><G74/><T2/><D86/><U77/><E116/><V53/><F53/><N who="3" m="29911" /><G16/><T4/><D98/><U43/><E133/><V41/><F41/><W111/><G127/><T51/><D107/><U59/><E43/><V78/><F0/><W13/><G13/><N who="0" m="9519" /><D106/><U21/><E10/><V61/><F8/><W73/><G73/><T12/><D12/><U3/><E3/><V80/><F18/><W123/><G123/><T71/><D71/><U25/><E21/><V15/><F15/><W135/><G111/><T122/><D122/><U9/><E9/><V23/><F34/><AGARI ba="0,0" hai="2,4,11,27,31,34,48,51,55,56,60" m="9519" machi="34" ten="30,3900,0" yaku="24,1,52,2" doraHai="47" who="0" fromWho="2" sc="327,39,240,0,229,-39,204,0" /><INIT seed="7,0,0,1,4,12" ten="366,240,190,204" oya="3" hai0="115,111,15,14,128,63,126,89,83,13,0,4,43" hai1="114,39,86,106,49,109,100,121,25,84,91,134,73" hai2="78,69,54,29,6,66,21,42,135,51,41,5,103" hai3="125,47,27,23,123,38,88,80,118,96,28,11,94"/><W65/><G123/><T30/><D111/><U64/><E84/><V132/><F103/><W22/><G118/><T16/><D16/><U31/><E86/><V122/><F122/><W87/><G125/><T76/><D30/><U120/><E49/><V9/><F78/><W48/><G38/><T18/><D18/><U40/><E91/><V70/><F66/><W8/><G23/><T104/><D104/><U52/><E25/><V99/><F99/><W101/><REACH who="3" step="1"/><G65/><REACH who="3" ten="366,240,190,194" step="2"/><T107/><D126/><U24/><E64/><V50/><F21/><W79/><G79/><T53/><D76/><U90/><E39/><V68/><F68/><W95/><G95/><T71/><D71/><U58/><E120/><V105/><F105/><W2/><G2/><T67/><D0/><U127/><E106/><V113/><F9/><W26/><G26/><T35/><D107/><U46/><E24/><V62/><F113/><W37/><G37/><T75/><D115/><U82/><E114/><V1/><F1/><W20/><G20/><T56/><D35/><U19/><E121/><V98/><F29/><W33/><G33/><T32/><D32/><U44/><E31/><V17/><F69/><W57/><G57/><T45/><D56/><U93/><E58/><V85/><F70/><W55/><AGARI ba="0,1" hai="8,11,22,27,28,47,48,55,80,87,88,94,96,101" machi="55" ten="20,12000,1" yaku="1,1,0,1,7,1,8,1,54,1,53,0" doraHai="12" doraHaiUra="117" who="3" fromWho="3" sc="366,-40,240,-40,190,-40,194,130" /><INIT seed="7,1,0,3,0,36" ten="326,200,150,324" oya="3" hai0="27,116,15,33,82,132,47,44,46,83,96,81,72" hai1="56,24,135,37,18,42,88,66,50,124,19,4,23" hai2="61,95,101,110,75,104,22,0,113,100,105,16,34" hai3="9,126,122,98,91,21,8,49,70,1,40,86,99"/><W58/><G70/><T38/><D116/><U114/><E37/><V125/><F34/><W121/><G1/><T25/><D132/><U63/><E4/><V131/><F110/><W30/><G121/><T53/><D38/><U79/><E79/><V11/><F75/><W106/><G106/><T128/><D128/><U6/><E6/><V69/><F131/><W84/><G122/><T133/><D133/><U71/><E114/><V65/><F113/><W112/><G126/><T12/><D72/><U51/><E124/><V93/><F125/><W41/><G112/><T64/><D64/><U108/><E108/><V17/><F0/><W129/><G129/><T111/><D111/><U74/><E74/><V26/><F95/><N who="3" m="54759" /><G86/><T68/><D68/><U45/><E71/><V102/><REACH who="2" step="1"/><F93/><REACH who="2" ten="326,200,140,324" step="2"/><W31/><G98/><T62/><D33/><U130/><E135/><V78/><F78/><W5/><G99/><T77/><D96/><U85/><E130/><V90/><F90/><W52/><G5/><T10/><D77/><U97/><E97/><V35/><F35/><W87/><G87/><T89/><D89/><U48/><E19/><V43/><F43/><N who="3" m="16459" /><G21/><T59/><D15/><AGARI ba="1,1" hai="11,15,16,17,22,26,61,65,69,100,101,102,104,105" machi="15" ten="40,2600,0" yaku="1,1,54,1,53,0" doraHai="36" doraHaiUra="115" who="2" fromWho="0" sc="326,-29,200,0,140,39,324,0" owari="297,10.0,200,-20.0,179,-32.0,324,42.0" /></mjloggm>