<mjloggm ver="2.3"><GO type="185" lobby="0"/><UN n0="%6E%69%63%61%2A%E3%82%9C" n1="%E3%81%9F%E3%81%8B%E3%81%A0%E3%81%98%E3%82%85%E3%82%93%E3%81%98" n2="%E3%81%91%E3%81%9D%E3%81%BF%E3%81%9D" n3="" dan="18,16,17,0" rate="2299.79,2115.95,2205.50,1500.00" sx="M,M,M,C"/><TAIKYOKU oya="0"/><INIT seed="0,0,0,0,3,108" ten="350,350,350,0" oya="0" hai0="71,87,131,91,37,88,86,97,103,134,65,3,79" hai1="51,135,112,67,74,111,123,84,64,48,130,32,44" hai2="96,73,78,77,56,68,40,83,41,116,132,94,42" hai3=""/><T110/><D3/><U107/><N who="1" m="31520" /><U61/><E32/><V104/><F68/><T99/><D37/><U127/><E74/><V101/><F132/><T119/><D134/><U69/><E135/><V33/><F33/><T80/><D119/><U53/><E111/><V98/><F116/><T89/><D110/><U128/><E107/><V102/><F78/><T93/><D65/><U92/><E127/><V100/><F100/><T39/><D39/><U57/><E67/><V133/><F133/><T52/><D52/><U38/><E38/><V124/><REACH who="2" step="1"/><F56/><REACH who="2" ten="350,350,340,0" step="2"/><T59/><D59/><U122/><E69/><V34/><F34/><T35/><D35/><U129/><N who="1" m="31264" /><U117/><E117/><V105/><F105/><T115/><D71/><U50/><E92/><V113/><F113/><T126/><D115/><U76/><E112/><V63/><F63/><T66/><D103/><U1/><E1/><V45/><F45/><T62/><D93/><U70/><E70/><V85/><F85/><T58/><D87/><U2/><E2/><V95/><F95/><T114/><D114/><U109/><E109/><V125/><AGARI ba="0,1" hai="40,41,42,73,77,83,94,96,98,101,102,104,124,125" machi="125" ten="30,1500,0" yaku="1,1,0,1,53,0" doraHai="108" doraHaiUra="55" who="2" fromWho="2" sc="350,-10,350,-5,340,25,0,0" /><INIT seed="1,0,0,4,3,105" ten="340,345,365,0" oya="1" hai0="37,41,67,101,42,79,66,72,1,126,52,100,32" hai1="34,75,57,80,108,95,54,45,86,110,92,127,2" hai2="116,65,87,113,118,134,93,77,44,50,36,119,132" hai3=""/><U125/><E34/><V98/><F36/><T43/><D32/><U112/><E2/><V46/><F113/><T61/><D37/><U69/><E112/><V107/><F65/><T60/><D1/><U83/><E69/><V128/><F128/><T131/><D131/><U94/><E45/><V135/><F50/><T90/><D126/><N who="1" m="48139" /><E75/><V35/><F35/><T106/><D90/><U64/><E64/><V103/><F46/><T38/><D38/><U89/><E80/><V122/><N who="2" m="31264" /><V74/><F44/><T47/><D66/><U48/><AGARI ba="0,0" hai="48,54,57,83,86,89,92,94,95,108,110" m="48139" machi="48" ten="40,1400,0" yaku="18,1" doraHai="105" who="1" fromWho="1" sc="340,-7,345,14,365,-7,0,0" /><INIT seed="1,1,0,5,2,127" ten="333,359,358,0" oya="1" hai0="52,82,86,77,2,132,115,57,32,42,69,116,109" hai1="130,106,60,125,93,62,45,1,114,101,47,38,74" hai2="97,72,80,39,83,91,128,110,124,44,119,126,66" hai3=""/><U35/><E1/><V78/><F119/><T122/><N who="0" m="31264" /><T3/><D115/><U88/><E35/><V49/><F39/><T134/><D32/><U96/><E114/><V56/><F110/><T0/><D109/><U100/><E125/><N who="2" m="48235" /><F128/><T103/><D69/><U131/><E74/><V107/><F66/><T61/><D116/><U95/><E38/><V41/><F56/><T121/><N who="0" m="31008" /><T67/><D42/><U90/><E96/><V87/><F97/><T68/><REACH who="0" step="1"/><D103/><REACH who="0" ten="323,359,358,0" step="2"/><U123/><N who="1" m="31520" /><U81/><E81/><V40/><F41/><T76/><D76/><U111/><E111/><V118/><F118/><T54/><D54/><U89/><E89/><V63/><F83/><T120/><N who="0" m="30752" /><T36/><D36/><U71/><E71/><V43/><F91/><T33/><D33/><U105/><AGARI ba="1,1" hai="45,47,60,62,88,90,93,95,100,101,105,106,130,131" m="31520" machi="105" ten="25,12000,2" yaku="0,1,22,2,52,3,54,1" doraHai="127" who="1" fromWho="1" sc="323,-61,359,132,358,-61,0,0" /><INIT seed="1,2,0,5,2,3" ten="262,491,297,0" oya="1" hai0="123,115,69,101,94,130,79,51,71,74,59,98,47" hai1="78,134,68,107,100,88,62,120,95,41,104,118,124" hai2="58,52,105,76,49,85,65,40,103,86,45,46,87" hai3=""/><U90/><N who="1" m="30752" /><U39/><E118/><V129/><F129/><T57/><N who="0" m="31520" /><T53/><D115/><U35/><E35/><V55/><F105/><T112/><D112/><U37/><E124/><V127/><F103/><T75/><D130/><U34/><E34/><V81/><F65/><T113/><D113/><U111/><E134/><V92/><F92/><T97/><D59/><U72/><E111/><V38/><REACH who="2" step="1"/><F127/><REACH who="2" ten="262,491,287,0" step="2"/><T122/><N who="0" m="31264" /><T128/><D128/><U1/><E100/><V121/><N who="2" m="31008" /><V82/><F82/><T32/><D32/><U119/><E104/><V61/><AGARI ba="2,1" hai="38,40,45,46,49,52,55,58,61,76,81,85,86,87" m="31008" machi="61" ten="20,6000,1" yaku="1,1,0,1,7,1,52,1,54,1,53,0" doraHai="3" doraHaiUra="63" who="2" fromWho="2" sc="262,-22,491,-42,287,74,0,0" /><INIT seed="2,0,0,1,5,57" ten="240,449,361,0" oya="2" hai0="56,122,67,135,131,77,98,106,46,126,33,32,96" hai1="70,63,58,86,132,105,54,119,59,50,3,76,128" hai2="110,40,127,55,60,75,48,52,2,120,89,101,93" hai3=""/><V112/><N who="2" m="30752" /><V117/><F117/><T53/><N who="0" m="31264" /><T109/><D109/><U43/><E3/><V42/><F75/><T81/><D131/><U123/><N who="1" m="31520" /><U121/><N who="1" m="31008" /><U45/><E70/><V95/><F112/><T51/><D135/><U64/><E105/><V79/><F79/><T92/><D126/><U47/><E119/><V65/><F2/><T71/><D71/><U107/><E107/><V124/><F101/><T66/><D106/><U78/><E132/><V134/><F55/><T72/><D96/><U37/><E128/><V130/><F95/><T108/><D108/><U102/><E102/><V41/><F110/><T84/><D72/><U100/><E100/><V0/><F0/><T39/><D39/><U133/><E133/><V113/><F113/><T83/><D83/><U73/><E73/><V103/><F103/><T74/><D74/><U87/><REACH who="1" step="1"/><E58/><REACH who="1" ten="240,439,361,0" step="2"/><V44/><F134/><T115/><D115/><U80/><E80/><V97/><REACH who="2" step="1"/><F130/><REACH who="2" ten="240,439,351,0" step="2"/><T82/><D82/><U1/><E1/><V49/><F49/><T104/><D104/><U35/><E35/><V91/><F91/><T118/><D32/><U85/><AGARI ba="0,2" hai="37,43,45,47,50,54,59,63,64,76,78,85,86,87" m="31008,31520" machi="85" ten="30,6000,1" yaku="1,1,0,1,52,3,53,0" doraHai="57" doraHaiUra="111" who="1" fromWho="1" sc="240,-20,439,80,351,-40,0,0" /><INIT seed="4,0,0,4,0,131" ten="220,519,311,0" oya="0" hai0="98,42,60,34,106,3,72,63,128,122,104,129,43" hai1="40,47,46,121,1,38,103,82,52,133,109,135,36" hai2="88,87,95,86,65,79,114,81,51,100,117,44,39" hai3=""/><T97/><N who="0" m="31264" /><T94/><D3/><U107/><N who="1" m="31008" /><U130/><E1/><V59/><F114/><T113/><D113/><U37/><E109/><V132/><F117/><T2/><D2/><U48/><E130/><V69/><F69/><T64/><D94/><U78/><E103/><V35/><F35/><T49/><D49/><U116/><E116/><V57/><F39/><T45/><D45/><U62/><E107/><V58/><F100/><T108/><D72/><U85/><REACH who="1" step="1"/><E62/><REACH who="1" ten="220,509,311,0" step="2"/><V126/><F126/><T70/><D108/><U118/><E118/><V124/><F124/><T96/><D128/><U83/><E83/><V105/><F105/><T125/><D129/><U92/><E92/><V32/><F32/><T71/><D34/><U110/><E110/><V80/><F95/><T89/><D125/><U61/><E61/><V134/><REACH who="2" step="1"/><F65/><REACH who="2" ten="220,509,301,0" step="2"/><T68/><D64/><U54/><E54/><AGARI ba="0,2" hai="44,51,54,57,58,59,79,80,81,86,87,88,132,134" machi="54" ten="40,8000,1" yaku="1,1,2,1,52,2,54,1,53,0" doraHai="131" doraHaiUra="120" who="2" fromWho="1" sc="220,0,509,-80,301,100,0,0" /><INIT seed="5,0,0,0,5,128" ten="220,429,401,0" oya="1" hai0="132,82,32,93,72,125,78,129,99,109,64,69,39" hai1="50,102,81,87,122,61,41,116,135,76,96,119,95" hai2="117,66,118,105,38,103,84,0,67,34,89,126,113" hai3=""/><U42/><N who="1" m="31264" /><U43/><E135/><V114/><F34/><T85/><D32/><U127/><E127/><V106/><F38/><T121/><N who="0" m="31008" /><T56/><D129/><U45/><E116/><N who="2" m="44651" /><F0/><T94/><D125/><U133/><E133/><V134/><F126/><T92/><D109/><U47/><E119/><V62/><F134/><T36/><D132/><U59/><E47/><V104/><F62/><T1/><D69/><U46/><E46/><V107/><F67/><AGARI ba="0,0" hai="41,42,43,45,50,59,61,67,76,81,87,95,96,102" m="31264" machi="67" ten="30,5800,0" yaku="7,1,8,1,52,1" doraHai="128" who="1" fromWho="2" sc="220,0,429,58,401,-58,0,0" /><INIT seed="5,1,0,3,5,129" ten="220,487,343,0" oya="1" hai0="64,36,45,70,90,56,63,111,133,95,67,105,118" hai1="89,108,72,39,130,74,44,101,93,57,35,76,34" hai2="58,77,92,98,48,71,117,85,97,33,66,50,112" hai3=""/><U134/><E130/><V107/><F117/><T123/><N who="0" m="31520" /><T88/><D111/><U121/><N who="1" m="31008" /><U86/><E108/><V122/><N who="2" m="31264" /><V60/><F33/><T131/><D131/><U82/><E134/><V110/><F110/><T127/><D105/><U78/><E101/><V46/><F112/><T115/><D115/><U94/><E93/><V32/><F32/><T40/><D127/><U52/><E78/><V42/><F107/><T132/><D118/><U51/><E72/><V65/><F65/><T114/><D114/><U128/><E128/><V59/><F98/><T104/><D104/><U99/><E74/><V135/><F135/><N who="0" m="51786" /><D95/><U109/><E109/><V83/><REACH who="2" step="1"/><F50/><REACH who="2" ten="220,487,333,0" step="2"/><T96/><D96/><U124/><E124/><V55/><F55/><T100/><D100/><AGARI ba="1,1" hai="42,46,48,58,59,60,66,71,77,83,85,92,97,100" m="31264" machi="100" ten="30,3900,0" yaku="1,1,7,1,52,1,53,0" doraHai="129" doraHaiUra="103" who="2" fromWho="0" sc="220,-41,487,0,333,51,0,0" /><INIT seed="6,0,0,0,4,134" ten="179,487,384,0" oya="2" hai0="82,113,36,124,120,52,98,65,77,46,109,57,111" hai1="122,45,58,0,100,49,56,81,118,126,3,47,131" hai2="108,48,101,114,128,91,40,135,106,55,97,64,123" hai3=""/><V54/><N who="2" m="31520" /><V59/><F135/><T51/><N who="0" m="30752" /><T117/><D98/><U33/><N who="1" m="31264" /><U70/><E33/><V107/><F114/><T93/><D93/><U95/><E70/><V132/><F132/><T88/><D88/><U61/><E118/><V32/><F32/><T83/><D83/><U37/><E37/><V41/><F128/><T103/><D103/><U102/><E131/><V60/><F108/><T62/><D82/><U92/><E81/><V104/><F91/><T39/><D77/><U1/><E126/><V71/><REACH who="2" step="1"/><F55/><REACH who="2" ten="179,487,374,0" step="2"/><T73/><D117/><U112/><E112/><V94/><AGARI ba="0,1" hai="40,41,48,54,59,60,64,71,94,97,101,104,106,107" m="31520" machi="94" ten="30,7800,0" yaku="1,1,2,1,0,1,52,1,53,0" doraHai="134" doraHaiUra="121" who="2" fromWho="2" sc="179,-39,487,-39,374,88,0,0" owari="140,-46.0,448,5.0,462,41.0,0,0.0" /></mjloggm>