<mjloggm ver="2.3"><GO type="169" lobby="0"/><UN n0="%E3%83%A9%E3%83%96%E3%83%AC%E3%83%BC" n1="%E3%82%82%E3%82%8A%E3%81%9E%E3%83%BC%33%38" n2="%E6%BB%9D%E6%9C%AC%E3%81%B2%E3%81%B5%E3%81%BF%EF%BC%81" n3="%E3%83%94%E3%83%B3%E3%82%B5%E3%83%AD%E5%BA%97%E5%93%A1" dan="17,17,17,18" rate="2233.96,2198.31,2158.07,2277.73" sx="M,M,M,M"/><TAIKYOKU oya="0"/><INIT seed="0,0,0,5,2,65" ten="250,250,250,250" oya="0" hai0="49,23,25,55,115,97,45,89,84,104,71,19,56" hai1="10,26,28,81,34,69,61,91,2,21,106,5,35" hai2="78,94,58,133,100,103,17,63,53,13,68,111,33" hai3="54,135,40,112,77,108,82,110,11,59,95,80,8"/><T109/><D115/><U66/><REACH who="1" step="1"/><E106/><REACH who="1" ten="250,240,250,250" step="2"/><V87/><F111/><W85/><G110/><T7/><D109/><U118/><E118/><V120/><F120/><W113/><G108/><T57/><D57/><U15/><E15/><V74/><F13/><W73/><G112/><T60/><D7/><U22/><E22/><V92/><F58/><W72/><G113/><T125/><D125/><U107/><E107/><V90/><F33/><W105/><G105/><T124/><D124/><U0/><E0/><V93/><F133/><W101/><G135/><T20/><D20/><U119/><E119/><V1/><F1/><W127/><G127/><T126/><D126/><U70/><E70/><V30/><F68/><W98/><G40/><T47/><D104/><U117/><E117/><V24/><F100/><W18/><G59/><T9/><D9/><U123/><E123/><V50/><F103/><W67/><G11/><T12/><D97/><U134/><E134/><V132/><F132/><W128/><G101/><T6/><D6/><U14/><E14/><V46/><F92/><W37/><G95/><T83/><REACH who="0" step="1"/><D12/><REACH who="0" ten="240,240,250,250" step="2"/><U99/><E99/><V39/><F93/><W32/><G98/><T122/><D122/><U64/><E64/><AGARI ba="0,2" hai="19,23,25,45,47,49,55,56,60,64,71,83,84,89" machi="64" ten="40,7700,0" yaku="1,1,52,1,53,1" doraHai="65" doraHaiUra="86" who="0" fromWho="1" sc="240,97,240,-77,250,0,250,0" /><INIT seed="0,1,0,3,2,86" ten="337,163,250,250" oya="0" hai0="45,99,35,73,95,92,38,14,68,16,123,50,91" hai1="113,75,29,25,52,104,22,81,61,55,112,10,37" hai2="27,111,128,133,46,9,66,1,122,119,18,30,102" hai3="36,90,43,93,20,129,96,54,19,89,77,131,24"/><T53/><D123/><U7/><E104/><V79/><F79/><W44/><G77/><T100/><D68/><U48/><E37/><V118/><F102/><W13/><G54/><T72/><D35/><U51/><E75/><V11/><F66/><W39/><G39/><T88/><D38/><U57/><E81/><V120/><F46/><W41/><G41/><T70/><D70/><U83/><E83/><V130/><F111/><W71/><G71/><T76/><D76/><U106/><E106/><V31/><F18/><W121/><G121/><N who="2" m="46697" /><F133/><W5/><REACH who="3" step="1"/><G90/><REACH who="3" ten="337,163,250,240" step="2"/><T87/><REACH who="0" step="1"/><D100/><REACH who="0" ten="327,163,250,240" step="2"/><U58/><REACH who="1" step="1"/><E61/><REACH who="1" ten="327,153,250,240" step="2"/><V33/><F118/><W42/><G42/><T103/><D103/><U34/><E34/><V108/><F119/><W65/><G65/><T60/><D60/><U17/><E17/><V32/><F32/><W117/><G117/><T12/><D12/><AGARI ba="1,3" hai="7,10,12,22,25,29,48,51,52,55,57,58,112,113" machi="12" ten="40,5200,0" yaku="1,1,9,1,54,1,53,0" doraHai="86" doraHaiUra="63" who="1" fromWho="0" sc="327,-55,153,85,250,0,240,0" /><INIT seed="1,0,0,2,0,127" ten="272,238,250,240" oya="1" hai0="19,42,38,58,54,103,113,134,115,109,8,68,43" hai1="96,3,39,85,104,20,56,10,95,83,78,123,41" hai2="79,2,84,33,35,89,67,7,17,28,11,125,24" hai3="99,76,106,25,105,66,53,135,27,86,107,45,110"/><U77/><E123/><V22/><F125/><W0/><G0/><T93/><D68/><U31/><E104/><V51/><F79/><W49/><G110/><T114/><D109/><U9/><E3/><V116/><F116/><W23/><G135/><T46/><D134/><U75/><E39/><V111/><F111/><W101/><G66/><T26/><D43/><U47/><E75/><V81/><F67/><W12/><G12/><T69/><D69/><U74/><E74/><V130/><F51/><W57/><G27/><T117/><D117/><U82/><E56/><V32/><REACH who="2" step="1"/><F130/><REACH who="2" ten="272,238,240,240" step="2"/><W119/><G119/><T87/><D114/><U1/><E77/><V65/><F65/><W131/><G131/><T21/><D115/><U61/><E61/><V100/><F100/><W129/><G129/><T30/><D103/><U80/><E1/><V70/><F70/><W29/><G76/><T34/><D38/><U97/><E78/><V18/><AGARI ba="0,1" hai="2,7,11,17,18,22,24,28,32,33,35,81,84,89" machi="18" ten="40,8000,1" yaku="1,1,0,1,53,2" doraHai="127" doraHaiUra="15" who="2" fromWho="2" sc="272,-20,238,-40,240,90,240,-20" /><INIT seed="2,0,0,4,1,41" ten="252,198,330,220" oya="2" hai0="68,45,85,52,71,116,25,79,135,101,113,46,122" hai1="93,44,89,32,120,83,88,66,58,48,31,96,17" hai2="4,92,82,99,134,86,12,50,6,73,13,15,28" hai3="2,123,109,36,62,94,42,108,77,47,131,67,70"/><V65/><F73/><W59/><G2/><T74/><D74/><U30/><E32/><V60/><F134/><W20/><G77/><T129/><D135/><U132/><E120/><V78/><F28/><W19/><G123/><T18/><D122/><U16/><E132/><V75/><F75/><W0/><G0/><T37/><D37/><U87/><E58/><V54/><F60/><W103/><G131/><T1/><D1/><U38/><E38/><V35/><F65/><W124/><G124/><T72/><D72/><U100/><E66/><V112/><F35/><W11/><G11/><T91/><D113/><U26/><E100/><V106/><F106/><W119/><G119/><T69/><D129/><U61/><E61/><V133/><F112/><W105/><G105/><T80/><D116/><U110/><E110/><N who="3" m="42602" /><G94/><T114/><D114/><U56/><E56/><N who="2" m="32855" /><F133/><W111/><N who="3" m="42610" /><W126/><DORA hai="23" /><G103/><AGARI ba="0,0" hai="4,6,12,13,15,78,82,86,92,99,103" m="32855" machi="103" ten="30,1500,0" yaku="8,1" doraHai="41,23" who="2" fromWho="3" sc="252,0,198,0,330,15,220,-15" /><INIT seed="2,1,0,5,2,45" ten="252,198,345,205" oya="2" hai0="118,44,66,30,105,107,125,36,23,24,93,13,65" hai1="25,75,106,12,14,98,131,39,29,127,81,115,53" hai2="104,90,68,119,4,57,89,83,15,94,38,28,111" hai3="78,133,72,2,76,117,110,5,126,85,123,3,41"/><V17/><F119/><W124/><G117/><T26/><D118/><U67/><E115/><V54/><F68/><W112/><G123/><T71/><D71/><U0/><E0/><V77/><F104/><W55/><G72/><T103/><D125/><N who="3" m="48233" /><G110/><T87/><D13/><U46/><E127/><V73/><F38/><W31/><G41/><T37/><D87/><U11/><E131/><V42/><F42/><W91/><G133/><T10/><D44/><U88/><E39/><V132/><F132/><W92/><G112/><T49/><D10/><U114/><E114/><V101/><F4/><W134/><G134/><T130/><D93/><N who="1" m="56615" /><E106/><V113/><F28/><W47/><G31/><T69/><D30/><U86/><E75/><V116/><F113/><W58/><G47/><T21/><D69/><U8/><E67/><V82/><F116/><W128/><G128/><T99/><D130/><U34/><E34/><V33/><F33/><W80/><G5/><T9/><D107/><U63/><E25/><V120/><F111/><W18/><G18/><T40/><D26/><U20/><E29/><V1/><F1/><N who="3" m="11" /><G92/><T100/><D105/><U70/><E20/><V129/><F129/><W35/><G35/><T6/><D23/><U108/><E108/><V56/><F17/><W79/><G79/><T135/><D21/><U19/><E19/><V59/><F77/><W16/><G16/><T51/><D135/><U43/><E43/><V64/><F73/><W52/><G55/><T60/><D40/><U121/><E121/><V122/><F122/><W95/><G95/><T50/><D37/><RYUUKYOKU ba="1,0" sc="252,-10,198,-10,345,-10,205,30" hai3="52,58,76,78,80,85,91" /><INIT seed="3,2,0,4,3,71" ten="242,188,335,235" oya="3" hai0="26,17,106,13,54,100,6,40,79,117,15,3,120" hai1="4,28,103,25,130,127,92,34,116,90,56,86,24" hai2="77,75,124,101,39,55,64,115,126,59,5,110,93" hai3="113,87,132,48,37,134,52,62,38,63,84,128,32"/><W70/><G32/><T47/><D120/><U2/><E127/><N who="2" m="48683" /><F115/><W81/><G113/><T96/><D117/><U89/><E130/><V43/><F110/><W33/><G33/><T76/><D54/><U11/><E116/><V102/><F64/><N who="3" m="41239" /><G63/><T99/><D3/><U95/><E103/><V67/><F5/><W83/><G84/><T133/><D133/><N who="3" m="51305" /><G128/><T111/><D111/><U29/><E56/><V135/><F67/><W31/><G31/><T8/><D26/><U94/><REACH who="1" step="1"/><E89/><REACH who="1" ten="242,178,335,235" step="2"/><V0/><F135/><W14/><G14/><T18/><D15/><U112/><E112/><V88/><F101/><W60/><G60/><T49/><D100/><U108/><E108/><V12/><F102/><W42/><G42/><T129/><D129/><U114/><E114/><V109/><F12/><W58/><G83/><T51/><D40/><U36/><E36/><V41/><F109/><W10/><G10/><T74/><D13/><U68/><E68/><V27/><F39/><W107/><G107/><T22/><D8/><U30/><E30/><V118/><F118/><W50/><G48/><T46/><D106/><U85/><E85/><N who="2" m="52367" /><F41/><W80/><G80/><T23/><D6/><U57/><E57/><V53/><F43/><W125/><G125/><T66/><D66/><U98/><E98/><V121/><F59/><W69/><G69/><T119/><D119/><U82/><E82/><N who="2" m="45375" /><F0/><W97/><G97/><T16/><D17/><U21/><AGARI ba="2,1" hai="2,4,11,21,24,25,28,29,34,86,90,92,94,95" machi="21" ten="20,2700,0" yaku="1,1,0,1,7,1,53,0" doraHai="71" doraHaiUra="131" who="1" fromWho="1" sc="242,-9,178,43,335,-9,235,-15" /><INIT seed="4,0,0,0,3,51" ten="233,221,326,220" oya="0" hai0="42,29,87,85,115,64,32,80,59,24,45,77,38" hai1="84,75,15,86,57,25,63,12,61,78,82,76,55" hai2="135,114,10,11,97,7,66,127,119,53,134,56,128" hai3="92,69,0,34,113,21,83,41,95,22,125,8,43"/><T28/><D115/><U133/><E133/><N who="2" m="50699" /><F114/><W17/><G34/><T62/><REACH who="0" step="1"/><D29/><REACH who="0" ten="223,221,326,220" step="2"/><U48/><E75/><AGARI ba="0,1" hai="24,28,32,38,42,45,59,62,64,75,77,80,85,87" machi="75" ten="30,11600,0" yaku="1,1,2,1,7,1,53,1" doraHai="51" doraHaiUra="73" who="0" fromWho="1" sc="223,126,221,-116,326,0,220,0" /><INIT seed="4,1,0,2,1,105" ten="349,105,326,220" oya="0" hai0="4,22,83,27,29,55,66,116,5,15,28,104,128" hai1="101,114,119,58,134,75,86,48,120,25,81,54,33" hai2="93,62,97,79,130,49,9,68,42,47,112,17,23" hai3="109,36,34,32,7,2,124,89,129,85,77,73,46"/><T35/><D104/><U90/><E119/><V125/><F112/><W10/><G109/><T45/><D116/><U53/><E120/><V131/><F9/><W103/><G103/><T20/><D66/><U110/><E110/><V41/><F125/><W88/><G129/><N who="2" m="49161" /><F79/><W8/><G8/><T118/><D118/><U113/><E134/><V67/><F41/><N who="3" m="22823" /><G124/><T99/><D99/><U95/><E53/><V11/><F11/><W38/><G38/><T0/><D55/><U52/><E54/><V108/><F108/><W96/><G96/><T24/><D83/><U56/><E101/><N who="2" m="60591" /><F17/><W65/><G65/><T31/><D45/><N who="1" m="27663" /><E25/><N who="0" m="9801" /><D128/><U74/><E33/><N who="3" m="12906" /><G85/><T40/><D40/><U135/><E135/><V100/><F100/><W98/><G98/><T69/><D35/><U3/><E3/><V123/><F23/><N who="0" m="8746" /><D0/><U132/><E132/><V122/><AGARI ba="1,0" hai="42,47,49,62,67,68,122,123" m="60591,49161" machi="122" ten="30,1100,0" yaku="19,1" doraHai="105" who="2" fromWho="2" sc="349,-6,105,-4,326,14,220,-4" /><INIT seed="5,0,0,4,5,5" ten="343,101,340,216" oya="1" hai0="110,52,132,73,107,105,125,51,68,56,87,41,75" hai1="2,50,76,72,0,115,62,42,59,121,3,15,103" hai2="7,86,65,9,131,17,127,118,30,14,130,31,128" hai3="25,60,96,83,91,108,45,94,122,49,88,90,129"/><U38/><E121/><V95/><F118/><W27/><G108/><T32/><D110/><U19/><E115/><V135/><F65/><W46/><G122/><T71/><D41/><U100/><E38/><V18/><F135/><W93/><G129/><T26/><D132/><U133/><E133/><V37/><F37/><W119/><G119/><T70/><D87/><U53/><E76/><V12/><F127/><W116/><G116/><T101/><D125/><U61/><E72/><V134/><F134/><W98/><G60/><T28/><D101/><U82/><E82/><V124/><F124/><W47/><G49/><T55/><D55/><U113/><E113/><V24/><F95/><N who="3" m="36363" /><G83/><T78/><D78/><U85/><E85/><V99/><F99/><AGARI ba="0,0" hai="25,27,45,46,47,88,90,91,96,98,99" m="36363" machi="99" ten="40,8000,1" yaku="28,2,8,1,54,1" doraHai="5" who="3" fromWho="2" sc="343,0,101,0,340,-80,216,80" /><INIT seed="6,0,0,5,1,130" ten="343,101,260,296" oya="2" hai0="134,124,70,109,35,119,113,79,0,38,73,72,31" hai1="28,19,108,2,62,135,32,74,64,92,50,118,78" hai2="42,93,65,21,52,57,80,25,116,96,127,7,59" hai3="104,83,126,107,29,56,16,11,22,128,58,20,69"/><V90/><F116/><W54/><G69/><T111/><D79/><U98/><E108/><V89/><F127/><W34/><G34/><T132/><D31/><U39/><E39/><V5/><F42/><W30/><G128/><T122/><D73/><U67/><E118/><V103/><F57/><W14/><G126/><T133/><D134/><U53/><E2/><V12/><F65/><W115/><G115/><T24/><D24/><U120/><E120/><V51/><F12/><W17/><G14/><T45/><D45/><U114/><E114/><V88/><REACH who="2" step="1"/><F80/><REACH who="2" ten="343,101,250,296" step="2"/><W94/><G83/><T13/><D13/><U76/><E135/><V63/><F63/><W91/><G54/><T81/><D81/><U82/><E76/><V10/><F10/><W41/><G11/><T26/><D111/><U77/><E78/><V1/><F1/><W102/><G41/><T49/><D26/><U6/><E6/><V40/><F40/><W84/><G58/><T55/><D55/><U97/><E64/><V121/><F121/><W87/><G56/><T112/><D112/><U23/><E62/><V85/><F85/><W8/><G8/><T43/><D43/><U95/><E67/><V131/><F131/><W129/><G87/><T48/><D48/><U4/><E4/><V105/><F105/><W101/><G129/><T61/><D61/><U44/><E98/><V99/><F99/><W71/><G104/><T9/><D133/><U27/><E97/><V123/><F123/><W100/><G107/><T125/><D125/><U75/><E75/><V60/><F60/><W68/><G84/><RYUUKYOKU ba="0,1" sc="343,-15,101,15,250,15,296,-15" hai1="19,23,27,28,32,44,50,53,74,77,82,92,95" hai2="5,7,21,25,51,52,59,88,89,90,93,96,103" /><INIT seed="6,1,1,3,1,63" ten="328,116,265,281" oya="2" hai0="33,114,6,108,87,28,8,67,4,29,53,81,134" hai1="23,75,42,110,62,3,112,61,0,116,103,98,44" hai2="99,130,126,7,85,58,52,127,124,83,30,43,71" hai3="94,89,50,12,35,69,20,132,79,34,86,25,125"/><V21/><F71/><W11/><G69/><T131/><D108/><U107/><E110/><V115/><F115/><W17/><G132/><T65/><D134/><U26/><E112/><V92/><F43/><W96/><G125/><T104/><D104/><U39/><E116/><V105/><F105/><W64/><G64/><N who="0" m="24651" /><D33/><U120/><E120/><V74/><F74/><W122/><G122/><T2/><D2/><U40/><E75/><V51/><F7/><N who="0" m="2602" /><D131/><U101/><E101/><V22/><F30/><W18/><G50/><T84/><D8/><U109/><E109/><V24/><F24/><W16/><G18/><T113/><D113/><U135/><E135/><V45/><F45/><W91/><REACH who="3" step="1"/><G79/><REACH who="3" ten="328,116,265,271" step="2"/><T59/><D114/><U82/><E0/><V77/><REACH who="2" step="1"/><F130/><REACH who="2" ten="328,116,255,271" step="2"/><W56/><G56/><T97/><D28/><U102/><E3/><V70/><F70/><W54/><G54/><T72/><D29/><U1/><E1/><V55/><F55/><W38/><G38/><T133/><D133/><U123/><E123/><V90/><AGARI ba="1,3" hai="21,22,51,52,58,77,83,85,90,92,99,124,126,127" machi="90" ten="30,11700,0" yaku="1,1,0,1,18,1,54,1,53,0" doraHai="63" doraHaiUra="10" who="2" fromWho="2" sc="328,-40,116,-40,255,150,271,-40" /><INIT seed="6,2,0,4,1,68" ten="288,76,405,231" oya="2" hai0="107,106,103,11,74,78,56,38,127,64,45,92,135" hai1="100,28,128,65,104,126,50,47,49,134,39,98,111" hai2="96,83,48,37,69,129,62,125,95,112,89,57,61" hai3="88,80,132,10,27,9,122,110,121,12,3,24,72"/><V75/><F37/><W29/><G110/><T123/><D92/><U2/><E111/><V114/><F125/><W18/><G132/><T63/><D103/><U76/><E126/><V54/><F129/><W32/><G72/><T70/><D127/><U5/><E134/><V43/><F43/><W108/><G108/><T117/><D135/><U31/><E65/><V7/><F7/><N who="3" m="1279" /><G88/><T16/><D123/><N who="3" m="47113" /><G80/><T113/><D117/><U41/><E128/><V94/><F94/><W20/><G24/><T109/><D109/><U4/><E4/><V35/><F35/><AGARI ba="2,0" hai="10,12,18,20,27,29,32,35" m="47113,1279" machi="35" ten="30,2000,0" yaku="34,2" doraHai="68" who="3" fromWho="2" sc="288,0,76,0,405,-26,231,26" /><INIT seed="7,0,0,2,2,56" ten="288,76,379,257" oya="3" hai0="35,55,124,100,85,33,119,1,79,50,130,64,49" hai1="90,80,7,54,24,104,0,89,46,117,9,11,93" hai2="39,127,31,30,65,118,13,122,36,98,29,4,51" hai3="82,112,114,8,43,12,63,76,73,113,52,121,102"/><W21/><G121/><T83/><D119/><U42/><E117/><V5/><F118/><W16/><G43/><T72/><D1/><U129/><E129/><V132/><F36/><W87/><G102/><T58/><D130/><U110/><E110/><V23/><F39/><W68/><G73/><T115/><D124/><U135/><E135/><V17/><F127/><W40/><G40/><T57/><D72/><U81/><E104/><V133/><F65/><W75/><G75/><T106/><D115/><U86/><E24/><V27/><F122/><W120/><G120/><T59/><D106/><U96/><E54/><V128/><F128/><W48/><G68/><T95/><D33/><U6/><E80/><V77/><F77/><W19/><G63/><N who="0" m="37999" /><D35/><U97/><E42/><V62/><F62/><W41/><G41/><T107/><D107/><U25/><E25/><V34/><F98/><W28/><G28/><N who="2" m="10857" /><F51/><N who="0" m="19466" /><D55/><U84/><E46/><V15/><F15/><W38/><G38/><T47/><D47/><U37/><E37/><V78/><F78/><W134/><G134/><AGARI ba="0,0" hai="4,5,13,17,23,27,31,34,132,133,134" m="10857" machi="134" ten="30,3900,0" yaku="20,1,34,2" doraHai="56" who="2" fromWho="3" sc="288,0,76,0,379,39,257,-39" owari="288,9.0,76,-42.0,418,51.0,218,-18.0" /></mjloggm>