<mjloggm ver="2.3"><GO type="169" lobby="0"/><UN n0="%E3%81%9F%E3%81%84%E3%81%9B" n1="%33%6E%6F%6D%79%5F%64%73" n2="%E6%99%82%E9%9B%A8%E8%92%BC%E7%87%95%E6%B5%81" n3="%E8%B1%86%E3%83%80%E3%83%9E%E8%AD%A6%E5%AF%9F" dan="17,16,16,16" rate="2193.67,2102.57,2126.08,2113.93" sx="F,M,M,M"/><TAIKYOKU oya="0"/><INIT seed="0,0,0,3,3,90" ten="250,250,250,250" oya="0" hai0="99,47,53,72,130,12,133,100,35,17,127,4,86" hai1="24,20,93,129,74,125,19,124,37,46,21,89,123" hai2="87,115,98,96,69,63,45,112,121,80,70,60,116" hai3="7,103,40,62,104,14,78,79,30,118,25,3,128"/><T107/><D72/><U82/><E123/><V10/><F121/><W52/><G118/><T8/><D35/><U68/><E68/><V95/><F116/><W36/><G3/><T105/><D133/><U57/><E129/><V13/><F45/><W31/><G36/><T77/><D130/><U32/><E32/><V22/><F22/><W81/><G40/><T101/><D127/><U34/><E34/><V114/><F96/><W39/><G39/><T67/><D67/><U110/><E110/><V84/><F70/><W2/><G2/><T83/><D100/><U131/><E57/><V91/><F69/><W73/><G79/><T1/><D107/><U59/><E59/><V18/><REACH who="2" step="1"/><F87/><REACH who="2" ten="250,250,240,250" step="2"/><W76/><G73/><T16/><REACH who="0" step="1"/><D1/><REACH who="0" ten="240,250,240,250" step="2"/><U28/><E124/><V71/><F71/><W126/><G126/><T42/><D42/><U111/><E125/><V88/><AGARI ba="0,2" hai="10,13,18,60,63,80,84,88,91,95,98,112,114,115" machi="88" ten="30,8000,1" yaku="1,1,0,1,52,1,54,1,53,1" doraHai="90" doraHaiUra="11" who="2" fromWho="2" sc="240,-40,250,-20,240,100,250,-20" /><INIT seed="1,0,0,1,5,66" ten="200,230,340,230" oya="1" hai0="62,10,43,81,118,133,74,16,12,112,64,19,17" hai1="20,82,23,36,32,7,45,130,29,125,34,31,72" hai2="103,57,108,67,88,124,101,121,75,46,77,104,48" hai3="135,13,49,128,50,8,99,97,55,85,60,61,21"/><U126/><E45/><V4/><F121/><W26/><G135/><T116/><D112/><U96/><E36/><V129/><F108/><W54/><G85/><T35/><D133/><U30/><E96/><V58/><F4/><W98/><G128/><T33/><D43/><U11/><E82/><V76/><F129/><W87/><G87/><T37/><D37/><U27/><E72/><V119/><F119/><W80/><G80/><T134/><D134/><U47/><E47/><V71/><F124/><N who="1" m="47721" /><E130/><V132/><F132/><W120/><G120/><T123/><D123/><U89/><E89/><V91/><F67/><W122/><G55/><T56/><D116/><U131/><E131/><V6/><F6/><W127/><G122/><T39/><D39/><U15/><E23/><V86/><F46/><W70/><G127/><T28/><D118/><U68/><E68/><V105/><F86/><W65/><G54/><T44/><D44/><U1/><E1/><V84/><F84/><W113/><G113/><T107/><D107/><U73/><E73/><V52/><F75/><W59/><G70/><T90/><D90/><U3/><E3/><V40/><F52/><W42/><G42/><T95/><D95/><U53/><E53/><V93/><F93/><W38/><G38/><T41/><D41/><U18/><AGARI ba="0,0" hai="7,11,15,18,20,27,29,30,31,32,34" m="47721" machi="18" ten="30,6000,0" yaku="18,1,34,2" doraHai="66" who="1" fromWho="1" sc="200,-20,230,60,340,-20,230,-20" /><INIT seed="1,1,0,1,0,111" ten="180,290,320,210" oya="1" hai0="25,109,22,124,53,110,80,119,127,55,33,50,86" hai1="87,66,48,47,65,42,126,8,88,41,108,132,27" hai2="54,112,19,105,18,120,106,117,40,83,91,0,115" hai3="116,3,114,101,78,59,56,84,79,21,71,36,107"/><U34/><E126/><N who="0" m="48169" /><D33/><U77/><E132/><V75/><F0/><W123/><G71/><T94/><D94/><U20/><E108/><N who="0" m="41577" /><D119/><U104/><E104/><V135/><F120/><W72/><G72/><T4/><D4/><U52/><E77/><V103/><F117/><W73/><G79/><N who="0" m="46367" /><D50/><U100/><E100/><V96/><F135/><W51/><G101/><T95/><D95/><N who="1" m="54687" /><E8/><V98/><F40/><N who="1" m="15465" /><E34/><V121/><F121/><W46/><G73/><T45/><D45/><U76/><E76/><V11/><F11/><W37/><G78/><T64/><D64/><U23/><E23/><V35/><F35/><W82/><G21/><T14/><D14/><U118/><E118/><V90/><F103/><W70/><G116/><T17/><AGARI ba="1,0" hai="17,22,25,53,55" m="46367,41577,48169" machi="17" ten="30,2000,0" yaku="18,1,14,1" doraHai="111" who="0" fromWho="0" sc="180,23,290,-11,320,-6,210,-6" /><INIT seed="2,0,0,2,5,76" ten="203,279,314,204" oya="2" hai0="121,50,17,78,111,33,16,118,14,7,92,91,77" hai1="56,113,44,67,129,35,26,52,85,18,100,32,73" hai2="12,98,101,106,54,64,110,57,22,28,133,104,131" hai3="55,96,59,10,49,68,51,63,102,24,40,105,8"/><V124/><F124/><W120/><G120/><T71/><D121/><U25/><E73/><V83/><F131/><W132/><G132/><T125/><D71/><U53/><E113/><V127/><F133/><W97/><G97/><T65/><D33/><U94/><E129/><V81/><F127/><W74/><G74/><T45/><D125/><U19/><E67/><V9/><F64/><W93/><G105/><T3/><D111/><U112/><E112/><V108/><F106/><W90/><G68/><T48/><D65/><U23/><E44/><V95/><F28/><W62/><G24/><T15/><D3/><U122/><E122/><V126/><F22/><W103/><G63/><T135/><D7/><U4/><E4/><N who="2" m="3111" /><F104/><W66/><G40/><T47/><D135/><U43/><E43/><V117/><F117/><W109/><G109/><N who="2" m="42089" /><F126/><W69/><G8/><T75/><D75/><U60/><E53/><V116/><F116/><W5/><REACH who="3" step="1"/><G51/><AGARI ba="0,0" hai="51,54,57,81,83,95,98,101" m="42089,3111" machi="51" ten="30,11600,0" yaku="14,1,10,1,52,2" doraHai="76" who="2" fromWho="3" sc="203,0,279,0,314,116,204,-116" /><INIT seed="2,1,0,5,0,43" ten="203,279,430,88" oya="2" hai0="7,127,134,12,0,109,112,74,124,16,131,53,46" hai1="65,69,126,123,68,71,15,80,50,110,18,66,117" hai2="92,3,4,129,21,63,47,76,91,33,36,107,98" hai3="105,44,120,38,60,48,39,90,29,27,34,78,93"/><V97/><F33/><W42/><G120/><T30/><D112/><U100/><E117/><V32/><F32/><W116/><G116/><T58/><D74/><U10/><E110/><V85/><F129/><W35/><G105/><T103/><D109/><U106/><E126/><V113/><F113/><W26/><G78/><T14/><D103/><U135/><E135/><V114/><F114/><W64/><G26/><T25/><D134/><U6/><E123/><V95/><F63/><W101/><G101/><T31/><D131/><U96/><E80/><V79/><F107/><W56/><REACH who="3" step="1"/><G34/><REACH who="3" ten="203,279,430,78" step="2"/><T62/><D25/><U132/><E132/><V108/><F76/><W83/><G83/><T88/><D124/><U72/><E100/><V54/><F79/><W17/><G17/><T1/><D127/><U52/><E18/><V86/><F108/><W119/><G119/><T102/><D102/><U73/><E106/><V13/><F95/><W94/><G94/><T82/><D82/><U8/><E73/><V5/><F92/><W121/><G121/><T77/><D77/><U51/><E72/><V87/><F5/><W45/><G45/><T9/><D16/><U104/><E104/><V75/><F75/><W22/><G22/><T23/><D23/><U122/><E122/><V24/><F21/><W128/><G128/><T20/><D46/><U19/><E19/><V130/><F47/><W89/><G89/><T111/><D88/><U11/><E6/><V133/><F133/><W37/><G37/><T59/><D111/><U40/><E10/><N who="2" m="4295" /><F130/><W84/><AGARI ba="1,1" hai="27,29,35,38,39,42,44,48,56,60,64,84,90,93" machi="84" ten="20,5200,0" yaku="1,1,0,1,7,1,52,1,53,0" doraHai="43" doraHaiUra="2" who="3" fromWho="3" sc="203,-14,279,-14,430,-27,78,65" /><INIT seed="3,0,0,5,5,105" ten="189,265,403,143" oya="3" hai0="123,94,65,85,30,126,9,49,61,4,87,41,52" hai1="47,91,99,122,38,106,31,101,109,115,43,120,19" hai2="74,45,112,48,132,1,103,28,128,25,7,66,96" hai3="133,6,131,80,57,54,119,100,21,76,102,5,40"/><W53/><G119/><T13/><D123/><U124/><E115/><V127/><F112/><W68/><G68/><T118/><D126/><U64/><E109/><V0/><F128/><W111/><G131/><T107/><D107/><U36/><E124/><V63/><F127/><W62/><G133/><T51/><D118/><U44/><E91/><V26/><F74/><W130/><G130/><T71/><D30/><U59/><E19/><V37/><F37/><W11/><G111/><T20/><D20/><U135/><E135/><V81/><F81/><W70/><G70/><T72/><D72/><U34/><E59/><V55/><F7/><W15/><G5/><T32/><D32/><U39/><E64/><V125/><F132/><W75/><G40/><T60/><D60/><U108/><E108/><V93/><F26/><W3/><G3/><T24/><D24/><N who="1" m="18791" /><E38/><V35/><F125/><W84/><G21/><T2/><D2/><U67/><E67/><V12/><F12/><W82/><REACH who="3" step="1"/><G54/><REACH who="3" ten="189,265,403,133" step="2"/><T90/><D41/><AGARI ba="0,1" hai="36,39,41,43,44,47,99,101,106,120,122" m="18791" machi="41" ten="30,1000,0" yaku="23,1" doraHai="105" who="1" fromWho="0" sc="189,-10,265,20,403,0,133,0" /><INIT seed="4,0,0,4,5,119" ten="179,285,403,133" oya="0" hai0="89,54,124,91,128,16,24,129,5,102,103,28,66" hai1="37,10,45,115,72,49,20,126,8,38,92,90,81" hai2="94,18,61,113,96,59,47,95,52,31,40,2,107" hai3="112,76,74,56,80,71,134,135,99,121,88,109,15"/><T83/><D66/><U4/><E126/><V53/><F2/><W118/><G71/><T93/><D5/><U22/><E10/><V6/><F6/><W17/><G118/><T87/><D124/><U33/><E33/><V75/><F75/><W120/><G109/><T82/><D54/><U63/><E63/><V50/><F113/><W111/><G56/><T110/><D16/><U58/><E58/><V84/><F31/><W55/><G55/><T78/><D24/><U70/><E115/><V34/><F34/><W35/><G35/><T127/><D28/><U3/><E70/><V122/><F84/><W123/><G111/><T73/><D127/><U77/><E38/><V79/><F18/><W98/><G112/><T21/><D21/><U19/><E19/><V130/><F40/><W86/><G15/><T67/><D67/><U26/><E26/><V36/><F36/><W133/><G17/><T42/><D42/><N who="1" m="22735" /><E49/><V13/><F13/><W43/><G43/><T68/><D68/><U39/><E39/><V46/><F50/><W100/><G100/><N who="0" m="38443" /><D110/><U104/><E104/><V97/><F107/><W48/><G48/><T108/><D108/><U62/><E62/><V116/><F61/><W25/><G25/><T11/><D11/><U106/><E106/><V131/><F59/><W32/><G32/><T30/><D30/><U14/><E14/><V12/><F12/><W85/><G85/><AGARI ba="0,0" hai="73,78,82,83,85,87,89,91,93,128,129" m="38443" machi="85" ten="30,2900,0" yaku="34,2" doraHai="119" who="0" fromWho="3" sc="179,29,285,0,403,0,133,-29" /><AGARI ba="0,0" hai="3,4,8,20,22,72,77,81,85,90,92" m="22735" machi="85" ten="30,1000,0" yaku="25,1" doraHai="119" who="1" fromWho="3" sc="208,0,285,10,403,0,104,-10" /><INIT seed="4,1,0,4,3,104" ten="208,295,403,94" oya="0" hai0="45,100,96,36,64,21,44,134,69,24,6,35,76" hai1="89,119,40,46,10,11,37,25,7,57,3,129,81" hai2="50,92,59,95,73,70,127,12,17,123,62,93,9" hai3="84,38,85,8,31,120,117,26,61,102,101,14,54"/><T116/><D116/><U103/><E119/><V118/><F123/><W47/><G117/><T34/><D134/><U56/><E129/><V88/><F70/><W51/><G120/><T0/><D44/><U4/><E103/><V108/><F108/><W22/><G38/><T79/><D64/><U20/><E89/><V19/><F73/><W5/><G85/><T42/><D69/><U75/><E20/><V107/><F107/><W80/><REACH who="3" step="1"/><G61/><REACH who="3" ten="208,295,403,84" step="2"/><T33/><D36/><U28/><E37/><V53/><F118/><W114/><G114/><T128/><D128/><U71/><E71/><V2/><F127/><W68/><G68/><T109/><D109/><U124/><E124/><V135/><F135/><W94/><G94/><N who="2" m="36457" /><F2/><W27/><G27/><T126/><D0/><U65/><E3/><V43/><F43/><W111/><G111/><T39/><D126/><U16/><E40/><V106/><F106/><W74/><G74/><T15/><D39/><U67/><E75/><V77/><F77/><AGARI ba="1,1" hai="5,8,14,22,26,31,47,51,54,77,80,84,101,102" machi="77" ten="30,3900,0" yaku="1,1,7,1,8,1,53,0" doraHai="104" doraHaiUra="122" who="3" fromWho="2" sc="208,0,295,0,403,-42,84,52" /><INIT seed="5,0,0,4,5,20" ten="208,295,361,136" oya="1" hai0="89,98,19,103,10,8,36,102,0,43,11,44,49" hai1="31,48,26,105,37,13,87,108,111,22,60,126,133" hai2="120,64,104,79,61,15,84,90,88,78,131,16,135" hai3="122,23,47,67,85,113,86,39,95,97,68,129,91"/><U128/><E37/><V94/><F120/><W29/><G122/><T40/><D36/><U24/><E105/><V34/><F104/><W56/><G113/><T134/><D134/><U114/><E133/><V53/><F34/><W32/><G129/><T63/><D0/><U81/><E128/><V12/><F135/><W5/><G5/><T14/><D40/><U7/><E114/><V62/><F131/><W115/><G115/><T107/><D102/><U1/><E1/><V2/><F2/><W116/><G116/><T18/><D89/><U58/><E48/><V109/><F109/><N who="1" m="42057" /><E126/><V99/><F12/><W30/><G68/><T25/><D63/><N who="2" m="24074" /><F53/><W52/><G67/><T80/><REACH who="0" step="1"/><D80/><REACH who="0" ten="198,295,361,136" step="2"/><U130/><E130/><V100/><F100/><W46/><G39/><T77/><D77/><N who="1" m="46511" /><E31/><V45/><F78/><W83/><G30/><T112/><D112/><U55/><E7/><V54/><F79/><W117/><G117/><T9/><D9/><U42/><E42/><V93/><F64/><W96/><G32/><T72/><D72/><U123/><E123/><V70/><F54/><W106/><G106/><T118/><D118/><U21/><E21/><AGARI ba="0,1" hai="8,10,11,14,18,19,21,25,43,44,49,98,103,107" machi="21" ten="40,2600,0" yaku="1,1,52,1,53,0" doraHai="20" doraHaiUra="65" who="0" fromWho="1" sc="198,36,295,-26,361,0,136,0" /><INIT seed="6,0,0,0,3,112" ten="234,269,361,136" oya="2" hai0="76,49,11,121,78,34,86,29,26,87,22,110,53" hai1="75,90,127,79,12,128,120,130,84,125,40,80,24" hai2="111,35,25,59,38,61,32,93,71,91,94,15,1" hai3="116,81,69,77,95,132,47,23,60,85,107,13,115"/><V31/><F1/><W46/><G132/><T104/><D110/><U9/><E40/><V33/><F38/><W88/><G115/><T92/><D104/><U74/><E24/><V19/><F111/><W7/><G107/><T39/><D39/><U57/><E57/><V52/><F71/><W105/><G105/><T4/><D34/><U98/><E120/><V45/><F45/><W131/><G131/><N who="1" m="50218" /><E98/><V135/><F135/><W63/><G116/><T66/><D121/><U17/><E90/><V21/><REACH who="2" step="1"/><F94/><REACH who="2" ten="234,269,351,136" step="2"/><W55/><G69/><T58/><D92/><U70/><E70/><V62/><F62/><W103/><G103/><T113/><D113/><U124/><AGARI ba="0,1" hai="9,12,17,74,75,79,80,84,124,125,127" m="50218" machi="124" ten="40,2700,0" yaku="18,1,19,1" doraHai="112" who="1" fromWho="1" sc="234,-7,269,37,351,-13,136,-7" /><INIT seed="7,0,0,2,3,50" ten="227,306,338,129" oya="3" hai0="3,72,43,125,21,70,116,91,77,128,32,117,110" hai1="69,16,13,73,103,7,71,17,25,0,4,48,84" hai2="115,79,58,52,134,131,112,26,87,64,126,10,81" hai3="12,44,88,78,14,51,60,94,97,40,9,93,113"/><W106/><G113/><N who="2" m="43593" /><F131/><W29/><G106/><T109/><D43/><U67/><E73/><V35/><F126/><W122/><G122/><T124/><D21/><U30/><E103/><V108/><F134/><W127/><G127/><N who="0" m="48715" /><D32/><U37/><E37/><V95/><F108/><N who="0" m="41578" /><D91/><U102/><E102/><V39/><F39/><W36/><G29/><T100/><D100/><U34/><E0/><V111/><F111/><W96/><G78/><T129/><D70/><U56/><E69/><V107/><F64/><W45/><G60/><T23/><D23/><U85/><E71/><V118/><F10/><W33/><G33/><T59/><D59/><U22/><E17/><V105/><F95/><W49/><G9/><T65/><D65/><U76/><E67/><V132/><F132/><W63/><G63/><T104/><D3/><U99/><E99/><V92/><F92/><W28/><G28/><T121/><D104/><U1/><E1/><V31/><F118/><N who="0" m="45674" /><D121/><U89/><E76/><V98/><F98/><W54/><G36/><T120/><D120/><U46/><E34/><V47/><F47/><W123/><G123/><T90/><D90/><AGARI ba="0,0" hai="12,14,40,44,45,49,51,54,88,90,93,94,96,97" machi="90" ten="30,12000,1" yaku="7,1,9,1,8,1,52,1,54,1" doraHai="50" who="3" fromWho="0" sc="227,-120,306,0,338,0,129,120" /><INIT seed="7,1,0,3,5,90" ten="107,306,338,249" oya="3" hai0="117,84,2,0,120,89,61,34,9,121,25,92,31" hai1="8,49,108,97,19,82,114,133,74,119,23,105,33" hai2="87,102,43,45,110,46,106,3,58,107,91,85,103" hai3="79,30,81,6,20,66,123,78,38,4,40,83,122"/><W65/><G38/><T29/><D117/><U95/><E108/><V88/><F3/><W72/><G40/><T52/><D29/><U48/><E33/><V15/><F15/><W126/><G126/><T131/><D131/><U94/><E114/><V112/><F58/><W96/><G30/><T64/><D2/><U28/><E119/><V50/><F112/><W41/><G41/><T62/><D0/><U14/><E133/><V67/><F67/><W24/><G4/><T70/><D9/><U60/><E105/><V69/><F69/><W37/><G37/><T47/><D61/><U32/><E32/><V7/><F50/><N who="1" m="19561" /><E97/><V42/><F7/><W53/><G6/><T109/><D109/><AGARI ba="1,0" hai="42,43,45,46,85,87,88,91,102,103,106,107,109,110" machi="109" ten="25,3200,0" yaku="22,2,54,1" doraHai="90" who="2" fromWho="0" sc="107,-35,306,0,338,35,249,0" owari="72,-43.0,306,11.0,373,47.0,249,-15.0" /></mjloggm>