<mjloggm ver="2.3"><GO type="169" lobby="0"/><UN n0="%E6%B2%B3%E7%AB%A5%E3%81%AE%E3%83%AF%E3%82%AB%E3%83%9E%E3%83%84" n1="%72%61%72%75%74%6F%37" n2="%E3%83%AC%E3%82%A4%E3%81%A1%E3%82%83%E3%82%93" n3="%E6%96%B0%E6%9C%88%E9%97%87%E9%9F%B3" dan="17,16,16,16" rate="2159.71,2126.45,2034.13,2146.92" sx="M,M,M,M"/><TAIKYOKU oya="0"/><INIT seed="0,0,0,0,5,90" ten="250,250,250,250" oya="0" hai0="64,31,46,103,5,58,130,92,49,84,122,48,76" hai1="114,33,85,66,75,26,133,111,57,127,12,51,53" hai2="96,56,55,29,135,115,7,95,124,72,121,36,100" hai3="108,42,77,60,8,38,47,28,45,10,44,129,11"/><T63/><D122/><U126/><E75/><V94/><F115/><W50/><G108/><T89/><D130/><U67/><E111/><V80/><F36/><W14/><G129/><T123/><D123/><U43/><E133/><V9/><F121/><W41/><G77/><T1/><D31/><N who="1" m="19703" /><E43/><V105/><F29/><W2/><G2/><T79/><D103/><U54/><E114/><V73/><F135/><W15/><G28/><T82/><D46/><U0/><E0/><V81/><F72/><W107/><G107/><T93/><D76/><U109/><E109/><V34/><F34/><W70/><REACH who="3" step="1"/><G45/><REACH who="3" ten="250,250,250,240" step="2"/><T119/><D79/><U125/><E125/><V86/><F124/><W52/><G52/><T102/><D1/><U18/><E54/><V6/><F55/><W88/><G88/><T3/><D3/><U65/><E127/><V131/><F131/><W78/><G78/><T62/><D89/><U120/><E126/><V110/><F110/><W69/><G69/><T91/><D91/><U101/><E120/><V113/><F113/><W37/><G37/><T116/><D119/><U30/><E30/><V99/><F73/><W40/><G40/><T32/><D116/><U59/><E85/><V132/><F132/><W87/><G87/><T128/><D84/><U13/><E101/><V106/><F86/><W21/><G21/><T35/><D102/><U61/><E67/><AGARI ba="0,1" hai="8,10,11,14,15,38,41,42,44,47,50,60,67,70" machi="67" ten="40,1300,0" yaku="1,1,53,0" doraHai="90" doraHaiUra="98" who="3" fromWho="1" sc="250,0,250,-13,250,0,240,23" /><INIT seed="1,0,0,2,4,46" ten="250,237,250,263" oya="1" hai0="34,86,90,17,61,82,100,120,27,26,92,18,89" hai1="52,1,85,133,21,11,135,116,49,119,33,12,38" hai2="98,69,68,117,2,80,72,23,118,31,102,96,8" hai3="3,55,113,105,95,5,114,109,19,64,66,45,60"/><U79/><E33/><V20/><F72/><W132/><G105/><T22/><D120/><U129/><E38/><V54/><F80/><W94/><G3/><T122/><D122/><U91/><E79/><V84/><F84/><W107/><G107/><T41/><D41/><U78/><E78/><V16/><F2/><W24/><G5/><T67/><D100/><U81/><E1/><V75/><F75/><W106/><G106/><T58/><D34/><U87/><E21/><V4/><F4/><W71/><G19/><T128/><D128/><U32/><E87/><V48/><F8/><W0/><G24/><T103/><D103/><U10/><E10/><V7/><F7/><W101/><G101/><T47/><D47/><N who="1" m="27711" /><E32/><V123/><F123/><W70/><G0/><T57/><D57/><U51/><E51/><V76/><F76/><W108/><G45/><T13/><REACH who="0" step="1"/><D17/><REACH who="0" ten="240,237,250,263" step="2"/><N who="1" m="8351" /><E129/><V130/><F130/><W65/><G70/><T50/><D50/><U30/><E30/><V36/><F31/><W53/><G71/><T25/><D25/><U9/><E9/><V104/><F36/><W42/><G42/><T97/><AGARI ba="0,1" hai="13,18,22,26,27,58,61,67,82,86,89,90,92,97" machi="97" ten="20,5200,0" yaku="1,1,0,1,7,1,8,1,53,0" doraHai="46" doraHaiUra="110" who="0" fromWho="0" sc="240,62,237,-26,250,-13,263,-13" /><INIT seed="2,0,0,2,2,14" ten="302,211,237,250" oya="2" hai0="122,31,120,44,116,47,66,129,12,21,93,18,33" hai1="43,24,42,76,89,46,2,20,114,113,1,3,73" hai2="134,58,25,9,133,29,40,132,100,125,107,105,39" hai3="48,82,59,111,36,55,99,0,45,78,96,123,26"/><V115/><F115/><W103/><G123/><T8/><D129/><U11/><E11/><V41/><F125/><W23/><G0/><T37/><D116/><U51/><E73/><V65/><F9/><W6/><G6/><T135/><D135/><U104/><E76/><V90/><F90/><W28/><G111/><T50/><D33/><U131/><E104/><N who="2" m="40011" /><F100/><W63/><G36/><T112/><D112/><U53/><E89/><V17/><F39/><W75/><REACH who="3" step="1"/><G103/><REACH who="3" ten="302,211,237,240" step="2"/><T69/><D37/><U80/><E114/><V106/><F134/><W15/><G15/><T126/><D12/><U30/><E113/><V77/><F133/><W61/><G61/><T87/><D120/><U13/><E131/><V127/><F132/><W110/><G110/><T5/><D122/><U94/><E13/><V108/><F108/><W34/><G34/><T117/><D5/><U16/><E1/><V109/><F109/><W19/><G19/><T84/><D18/><U49/><E2/><V10/><F17/><W119/><G119/><T60/><D117/><U32/><E3/><V128/><F128/><W22/><G22/><T52/><D8/><U72/><E51/><V64/><F10/><W7/><G7/><T81/><D21/><U57/><E16/><V71/><F29/><W130/><G130/><T91/><D31/><U35/><E35/><V79/><F25/><W85/><G85/><T56/><REACH who="0" step="1"/><D126/><REACH who="0" ten="292,211,237,240" step="2"/><U4/><E32/><V27/><F127/><W74/><G74/><T62/><D62/><U95/><E4/><V67/><F27/><W70/><G70/><T124/><D124/><RYUUKYOKU ba="0,2" sc="292,15,211,-15,237,-15,240,15" hai0="44,47,50,52,56,60,66,69,81,84,87,91,93" hai3="23,26,28,45,48,55,59,63,75,78,82,96,99" /><INIT seed="3,1,2,3,5,131" ten="307,196,222,255" oya="3" hai0="82,122,3,76,41,101,66,99,18,6,67,129,46" hai1="107,91,108,97,102,121,111,79,36,114,59,96,26" hai2="11,52,57,95,77,29,135,124,35,93,103,70,38" hai3="85,68,28,71,90,34,69,92,7,116,89,88,120"/><W23/><G120/><T119/><D119/><U22/><E36/><V126/><F38/><W12/><G116/><T10/><D18/><U53/><E79/><V118/><F70/><W9/><REACH who="3" step="1"/><G34/><REACH who="3" ten="307,196,222,245" step="2"/><T40/><D122/><U16/><E121/><V27/><F118/><W128/><G128/><T125/><D129/><U73/><E114/><V83/><F126/><W39/><G39/><N who="0" m="21791" /><D125/><U55/><E73/><V62/><F124/><W13/><G13/><T78/><D78/><U32/><E32/><V33/><F33/><W30/><G30/><T42/><D41/><U117/><E117/><V56/><F35/><W4/><G4/><T84/><D42/><U105/><E55/><V65/><F29/><W14/><G14/><T21/><D6/><U123/><E123/><V60/><F77/><W31/><G31/><T58/><D76/><U20/><E20/><V15/><F15/><W19/><G19/><T100/><D21/><U134/><E134/><V86/><F135/><W0/><G0/><T109/><D3/><U25/><E25/><AGARI ba="1,3" hai="7,9,12,23,25,28,68,69,71,85,88,89,90,92" machi="25" ten="40,3900,0" yaku="1,1,54,1,53,0" doraHai="131" doraHaiUra="37" who="3" fromWho="1" sc="307,0,196,-42,222,0,245,72" /><INIT seed="3,2,0,1,2,83" ten="307,154,222,317" oya="3" hai0="9,100,73,35,125,106,2,0,57,36,132,23,48" hai1="98,109,78,93,97,131,11,7,54,129,4,107,64" hai2="114,27,91,128,81,10,71,62,92,58,89,115,79" hai3="53,77,19,24,94,118,126,102,86,121,30,40,37"/><W14/><G121/><T101/><D35/><U22/><E109/><V18/><F71/><W32/><G118/><T120/><D36/><U59/><E78/><V122/><F128/><W134/><G134/><T55/><D120/><U51/><E64/><V20/><F89/><W45/><G126/><T108/><D73/><U1/><E4/><V66/><F122/><W111/><G111/><T44/><D108/><U69/><E69/><V50/><F10/><W15/><G53/><T110/><D110/><U124/><E124/><V33/><F50/><W52/><G52/><T130/><D125/><U26/><E107/><V47/><F33/><W65/><G65/><T21/><D0/><U119/><E119/><V17/><F17/><W90/><G77/><T112/><D112/><U56/><E56/><V8/><F8/><W31/><G31/><T13/><D2/><U63/><E51/><V42/><F42/><W60/><G60/><N who="0" m="35903" /><D106/><U133/><E133/><V6/><F6/><W88/><G102/><N who="0" m="39531" /><D130/><U38/><E38/><V99/><REACH who="2" step="1"/><F47/><REACH who="2" ten="307,154,212,317" step="2"/><W3/><G3/><T49/><D49/><U105/><E131/><V76/><F76/><W84/><REACH who="3" step="1"/><G19/><REACH who="3" ten="307,154,212,307" step="2"/><N who="0" m="8623" /><D132/><U135/><E135/><V104/><F104/><W72/><G72/><AGARI ba="2,2" hai="18,20,27,58,62,66,72,79,81,91,92,99,114,115" machi="72" ten="30,3900,0" yaku="1,1,7,1,53,1" doraHai="83" doraHaiUra="85" who="2" fromWho="3" sc="307,0,154,0,212,65,307,-45" /><INIT seed="4,0,0,0,0,26" ten="307,154,277,262" oya="0" hai0="88,98,74,105,35,94,82,50,118,30,46,92,128" hai1="44,2,11,7,4,51,18,6,31,15,115,14,9" hai2="62,34,66,124,126,54,23,17,86,85,77,49,59" hai3="106,52,33,68,132,114,19,90,41,104,129,71,8"/><T16/><D118/><U32/><E115/><V116/><F34/><W133/><G114/><T117/><D117/><U81/><E81/><V84/><F116/><W108/><G108/><T91/><D105/><N who="3" m="40553" /><G41/><T93/><D128/><U25/><REACH who="1" step="1"/><E2/><REACH who="1" ten="307,144,277,262" step="2"/><V45/><F77/><W78/><G78/><T12/><D82/><U63/><E63/><V24/><AGARI ba="0,1" hai="17,23,24,45,49,54,59,62,66,84,85,86,124,126" machi="24" ten="30,1100,0" yaku="0,1" doraHai="26" who="2" fromWho="2" sc="307,-5,144,-3,277,21,262,-3" /><INIT seed="5,0,0,0,0,123" ten="302,141,298,259" oya="1" hai0="81,15,43,57,22,96,122,101,74,128,66,102,63" hai1="76,61,98,34,126,8,20,56,36,48,24,127,120" hai2="37,90,117,106,88,94,11,27,6,72,50,110,79" hai3="53,132,1,31,10,115,68,49,125,82,59,28,86"/><U39/><E120/><V60/><F37/><W18/><G68/><T52/><D122/><U135/><E135/><V77/><F106/><W91/><G115/><T116/><D116/><U93/><E76/><V104/><F104/><W17/><G125/><N who="1" m="47626" /><E34/><V46/><F72/><W133/><G1/><T130/><D43/><U105/><E105/><V75/><F75/><W65/><G65/><T67/><D74/><U26/><E8/><V40/><F90/><W113/><G113/><T35/><D35/><U108/><E48/><V124/><F117/><W109/><G109/><T121/><D121/><U84/><E84/><V32/><F110/><W0/><G0/><T44/><D96/><U33/><E33/><V118/><F60/><W14/><REACH who="3" step="1"/><G18/><REACH who="3" ten="302,141,298,249" step="2"/><N who="0" m="10591" /><D67/><N who="1" m="39335" /><E108/><V89/><F124/><W29/><AGARI ba="0,1" hai="10,14,17,28,29,31,49,53,59,82,86,91,132,133" machi="29" ten="30,4000,0" yaku="1,1,0,1,53,1" doraHai="123" doraHaiUra="54" who="3" fromWho="3" sc="302,-10,141,-20,298,-10,249,50" /><INIT seed="6,0,0,4,1,56" ten="292,121,288,299" oya="2" hai0="61,118,58,33,19,54,29,0,36,32,123,65,10" hai1="11,125,119,13,6,8,112,71,116,73,122,111,76" hai2="14,49,20,133,91,59,18,127,101,78,57,120,22" hai3="107,124,128,40,113,1,51,130,85,30,45,109,63"/><V88/><F120/><W90/><G107/><T53/><D123/><U24/><E76/><V37/><F37/><W17/><G109/><T67/><D36/><U21/><E71/><V134/><F78/><W80/><G1/><T60/><D118/><U99/><E99/><V79/><F79/><W75/><G75/><T83/><D83/><U41/><E41/><V50/><F101/><W42/><G124/><T103/><D103/><U84/><E84/><V95/><F127/><W25/><G17/><T48/><D29/><U43/><E43/><V4/><F4/><W131/><G113/><T108/><D108/><U68/><E68/><V27/><F91/><W126/><G126/><T129/><D129/><U3/><E73/><V135/><F50/><W26/><G42/><T105/><D105/><U92/><E92/><V2/><F49/><W132/><G132/><T34/><D19/><N who="1" m="8639" /><E125/><V106/><F2/><W89/><G89/><T35/><N who="0" m="8192" /><DORA hai="52" /><T94/><D94/><U70/><E70/><V66/><F66/><W7/><G7/><T121/><D121/><U31/><E122/><V39/><F39/><W5/><G5/><T104/><D104/><U44/><E44/><V9/><F106/><W62/><G30/><T72/><D72/><U12/><E111/><V86/><F9/><W64/><G64/><N who="0" m="24651" /><D10/><N who="1" m="2399" /><E112/><V38/><F38/><W81/><G81/><T28/><D0/><U69/><E69/><V23/><F23/><W74/><G74/><T96/><D48/><U100/><E100/><V47/><F47/><W115/><G115/><T55/><D58/><U16/><AGARI ba="0,0" hai="8,12,16,21,24,31,116,119" m="2399,8639" machi="16" ten="30,7900,0" yaku="5,1,34,2,54,1" doraHai="56,52" who="1" fromWho="1" sc="292,-20,121,79,288,-39,299,-20" /><INIT seed="7,0,0,2,0,129" ten="272,200,249,279" oya="3" hai0="31,60,89,38,100,7,43,0,76,8,101,75,119" hai1="18,135,44,78,106,86,57,39,4,93,94,53,50" hai2="91,29,126,116,122,113,47,1,69,85,72,88,87" hai3="98,82,48,109,5,26,67,64,112,20,131,58,74"/><W84/><G74/><T35/><D119/><U16/><E106/><V127/><F69/><W2/><G112/><T111/><D111/><U65/><E4/><V125/><F1/><W110/><G131/><T25/><D89/><N who="2" m="34378" /><F29/><W132/><G132/><T11/><D60/><N who="1" m="38031" /><E39/><V42/><F72/><W10/><G98/><T80/><REACH who="0" step="1"/><D8/><REACH who="0" ten="262,200,249,279" step="2"/><U70/><E135/><V28/><F116/><W128/><G128/><T14/><D14/><U73/><E70/><V62/><F62/><W77/><G110/><T117/><D117/><U102/><E102/><V9/><F9/><W21/><G109/><T118/><D118/><U6/><E73/><V61/><F61/><W81/><G10/><T121/><D121/><U36/><E36/><V134/><F134/><W52/><G2/><T90/><D90/><U105/><E86/><V66/><F122/><W79/><G84/><T133/><D133/><U120/><E120/><V27/><F87/><W95/><G82/><T46/><AGARI ba="0,1" hai="0,7,11,25,31,35,38,43,46,75,76,80,100,101" machi="46" ten="30,7900,0" yaku="1,1,0,1,25,2,53,0" doraHai="129" doraHaiUra="59" who="0" fromWho="0" sc="262,89,200,-20,249,-20,279,-39" owari="351,45.0,180,-32.0,229,-17.0,240,4.0" /></mjloggm>