<mjloggm ver="2.3"><GO type="169" lobby="0"/><UN n0="%E9%95%B7%E5%A4%A7%E3%82%92%E5%87%BA%E3%81%9F%E3%81%91%E3%82%8C%E3%81%A9" n1="%E5%A4%8F%E3%81%AA%E3%81%AE%E3%81%AB" n2="%6D%73%E3%82%80%E3%83%BC%E3%81%95%E3%82%93" n3="%67%61%79%75%6E%79" dan="16,16,16,16" rate="2105.44,2104.63,2136.79,2133.02" sx="M,M,M,M"/><TAIKYOKU oya="0"/><INIT seed="0,0,0,2,0,97" ten="250,250,250,250" oya="0" hai0="1,74,52,43,94,2,30,96,51,19,84,55,35" hai1="89,33,29,127,38,131,86,98,20,5,130,73,117" hai2="62,93,58,129,49,44,13,24,37,63,25,65,53" hai3="71,7,128,76,87,126,40,14,67,72,107,11,42"/><T95/><D74/><U83/><E38/><V77/><F129/><W78/><G72/><T47/><D35/><U124/><E33/><V18/><F77/><W22/><G107/><T21/><D30/><U64/><E64/><V66/><F37/><W28/><G128/><N who="1" m="49194" /><E5/><V121/><F121/><W125/><G67/><T119/><D119/><U0/><E0/><V102/><F93/><W118/><G71/><T122/><D1/><U75/><E117/><V31/><F102/><W105/><G105/><T103/><D2/><U108/><E108/><V12/><F12/><W81/><G78/><T69/><D69/><U54/><E54/><V79/><F79/><W32/><G32/><T114/><D114/><U116/><E116/><V27/><F31/><W112/><G112/><T120/><D120/><U4/><E4/><V50/><F50/><W41/><REACH who="3" step="1"/><G118/><REACH who="3" ten="250,250,250,240" step="2"/><T17/><D122/><U133/><E75/><V61/><REACH who="2" step="1"/><F66/><REACH who="2" ten="250,250,240,240" step="2"/><W123/><G123/><T113/><D113/><U100/><E127/><V91/><F91/><W88/><G88/><N who="0" m="53511" /><D17/><U60/><E124/><V104/><F104/><W48/><G48/><T56/><D56/><U6/><E89/><V132/><F132/><W34/><G34/><T23/><D23/><AGARI ba="0,2" hai="13,18,23,24,25,27,44,49,53,58,61,62,63,65" machi="23" ten="40,2600,0" yaku="1,1,8,1,53,0" doraHai="97" doraHaiUra="135" who="2" fromWho="0" sc="250,-26,250,0,240,46,240,0" /><INIT seed="1,0,0,2,2,49" ten="224,250,286,240" oya="1" hai0="98,79,116,30,128,102,2,108,90,42,26,94,56" hai1="114,25,83,110,41,17,87,29,80,81,16,39,55" hai2="9,105,93,82,8,4,48,24,88,100,122,36,125" hai3="89,115,104,23,31,111,95,27,123,85,52,44,40"/><U60/><E114/><V134/><F36/><W119/><G123/><T28/><D116/><U132/><E132/><V92/><F105/><W15/><G115/><T70/><D2/><U91/><E110/><V0/><F125/><W74/><G111/><T58/><D70/><U133/><E133/><V112/><F122/><W66/><G74/><T103/><D108/><U12/><E41/><V45/><F100/><N who="0" m="38442" /><D128/><U3/><E3/><V19/><F134/><W63/><G104/><T59/><D79/><U121/><E39/><V73/><F73/><W46/><G119/><T18/><D42/><U99/><E99/><V113/><F93/><W69/><G40/><T22/><AGARI ba="0,0" hai="18,22,26,28,30,56,58,59,90,94,98" m="38442" machi="22" ten="30,1100,0" yaku="8,1" doraHai="49" who="0" fromWho="0" sc="224,11,250,-5,286,-3,240,-3" /><INIT seed="2,0,0,4,4,66" ten="235,245,283,237" oya="2" hai0="31,35,96,95,65,94,72,114,54,98,18,87,47" hai1="107,132,77,26,71,21,37,68,63,45,81,118,134" hai2="122,88,28,120,130,17,92,62,1,74,51,89,121" hai3="102,125,108,36,105,43,24,39,42,109,101,10,123"/><V61/><F130/><W90/><G123/><T91/><D72/><U127/><E118/><V80/><F1/><W85/><G125/><T59/><D114/><U46/><E127/><V44/><F28/><W12/><G24/><T104/><D35/><U100/><E63/><V135/><F135/><N who="1" m="51753" /><E100/><N who="3" m="38506" /><G105/><T27/><D104/><U25/><E107/><V30/><F30/><W128/><G128/><T9/><D47/><N who="1" m="17931" /><E37/><N who="3" m="14410" /><G12/><T2/><D2/><U57/><E57/><V53/><F17/><W29/><G29/><T16/><D65/><U34/><E34/><V103/><F103/><W32/><G32/><T129/><D129/><U23/><E26/><V33/><F33/><W75/><G75/><T99/><D9/><U48/><E48/><V20/><F20/><N who="1" m="7753" /><E25/><V13/><F13/><W83/><G10/><T115/><D31/><U41/><E41/><V52/><F53/><W38/><N who="3" m="14418" /><W82/><DORA hai="79" /><G43/><T117/><D27/><U112/><E112/><V119/><F119/><W111/><G42/><T84/><D115/><U0/><E0/><V106/><F106/><W86/><G86/><AGARI ba="0,0" hai="68,71,77,81,86" m="7753,17931,51753" machi="86" ten="30,7700,0" yaku="20,1,52,3" doraHai="66,79" who="1" fromWho="3" sc="235,0,245,77,283,0,237,-77" /><INIT seed="3,0,0,3,5,110" ten="235,322,283,160" oya="3" hai0="77,17,46,78,44,104,127,52,9,133,86,99,95" hai1="4,10,92,25,96,27,54,124,45,71,34,8,116" hai2="76,39,30,89,113,75,70,43,22,11,91,55,125" hai3="126,79,108,0,35,3,88,16,18,19,134,7,42"/><W67/><G126/><T14/><D133/><U73/><E73/><V82/><F70/><W62/><G134/><T94/><D127/><U132/><E71/><V50/><F39/><W128/><G128/><T80/><D104/><U131/><E116/><V118/><F43/><W41/><G108/><T81/><D99/><U6/><E131/><V21/><F118/><W107/><G107/><T100/><D100/><U37/><E34/><V105/><F105/><W36/><G7/><T38/><D38/><U33/><E33/><V90/><F30/><W72/><G35/><T12/><D12/><U13/><E124/><V63/><F63/><W97/><G79/><T84/><D46/><U56/><E45/><V59/><F125/><W121/><G72/><T47/><D47/><U106/><E37/><V64/><F64/><W24/><G24/><T32/><D32/><U51/><E132/><V103/><F103/><W74/><G74/><T5/><D5/><U29/><E29/><V53/><F11/><W83/><G121/><T123/><D123/><U68/><E68/><V111/><F111/><W49/><G36/><T117/><D117/><U61/><E61/><N who="2" m="36079" /><F113/><W109/><G109/><T57/><D44/><U115/><E115/><V60/><F60/><AGARI ba="0,0" hai="9,14,17,52,57,60,77,78,80,81,84,86,94,95" machi="60" ten="30,7700,0" yaku="7,1,9,1,8,1,54,1" doraHai="110" who="0" fromWho="2" sc="235,77,322,0,283,-77,160,0" /><INIT seed="4,0,0,5,2,90" ten="312,322,206,160" oya="0" hai0="121,104,65,126,62,75,99,50,23,88,85,43,79" hai1="21,49,57,35,100,9,95,76,26,74,54,101,18" hai2="113,44,93,135,14,28,105,64,34,61,38,32,53" hai3="5,48,31,128,86,6,69,94,108,59,80,109,122"/><T24/><D121/><U10/><E35/><V11/><F105/><W83/><G69/><T22/><D126/><U130/><E130/><V78/><F113/><W16/><G128/><T72/><D43/><U116/><E116/><V120/><F78/><W51/><G122/><T91/><D50/><U3/><E3/><V127/><F28/><W111/><G31/><T124/><D124/><U89/><E76/><V102/><F135/><W129/><G129/><T67/><D79/><U70/><E70/><V66/><F66/><W12/><G51/><T96/><D85/><U13/><E74/><V19/><F53/><N who="3" m="32167" /><G80/><T15/><D15/><U117/><E9/><V4/><F127/><W2/><G83/><T41/><D41/><U114/><E114/><V68/><F120/><W81/><G81/><T55/><D55/><U39/><E39/><V46/><F4/><W103/><G103/><T110/><D24/><U132/><E132/><V17/><F17/><W71/><G71/><T56/><D104/><U133/><E117/><V118/><F118/><W52/><G52/><T42/><D42/><U58/><E58/><V20/><F34/><W45/><G45/><T92/><D56/><U40/><E40/><V47/><F32/><W131/><G131/><T33/><D33/><U0/><E0/><V27/><F38/><W77/><G77/><T82/><D82/><U123/><E123/><V37/><F37/><W30/><G30/><T106/><D106/><U36/><E133/><V107/><F107/><W134/><G134/><T119/><D119/><U60/><E36/><V25/><F44/><RYUUKYOKU ba="0,0" sc="312,0,322,0,206,0,160,0" /><INIT seed="5,1,0,3,4,35" ten="312,322,206,160" oya="1" hai0="72,78,43,49,108,33,0,91,55,32,68,5,38" hai1="96,73,24,112,13,10,25,75,104,69,124,9,34" hai2="12,48,16,11,106,87,51,89,28,115,129,77,117" hai3="58,114,26,52,110,133,98,50,109,56,95,82,71"/><U101/><E69/><V8/><F117/><W97/><G71/><T67/><D91/><U102/><E112/><V123/><F123/><W60/><G114/><T135/><D49/><U126/><E34/><V15/><F129/><W47/><G133/><T93/><D55/><U46/><E46/><V107/><F115/><W30/><G82/><N who="0" m="45383" /><D93/><U70/><E70/><V53/><F28/><W3/><G58/><T42/><D42/><U119/><E13/><V64/><F77/><W120/><G120/><T83/><D83/><U31/><E31/><V99/><F64/><W40/><G98/><T131/><D108/><U57/><E96/><V127/><F127/><W134/><G134/><T2/><D131/><U121/><E121/><V100/><F106/><W62/><G62/><N who="0" m="40055" /><D0/><U111/><E57/><V84/><F89/><W130/><G3/><T90/><D90/><U85/><E85/><V7/><REACH who="2" step="1"/><F51/><REACH who="2" ten="312,322,196,160" step="2"/><W88/><REACH who="3" step="1"/><G130/><REACH who="3" ten="312,322,196,150" step="2"/><T59/><D135/><U76/><E119/><V36/><F36/><W19/><G19/><T132/><D132/><U113/><E113/><V21/><F21/><AGARI ba="1,2" hai="21,26,30,40,47,50,52,56,60,88,95,97,109,110" machi="21" ten="30,7700,0" yaku="1,1,7,1,54,2,53,0" doraHai="35" doraHaiUra="79" who="3" fromWho="2" sc="312,0,322,0,196,-80,150,100" /><INIT seed="6,0,0,1,3,48" ten="312,322,116,250" oya="2" hai0="126,127,123,132,25,2,96,55,18,8,33,77,39" hai1="14,19,87,108,118,73,40,101,66,50,135,5,24" hai2="116,119,117,62,58,105,13,91,30,57,15,51,130" hai3="22,6,69,29,114,80,45,23,97,41,129,115,10"/><V122/><F130/><W70/><G129/><T1/><D123/><U16/><E73/><V27/><F122/><W98/><G80/><T76/><D39/><U112/><E112/><N who="3" m="43050" /><G29/><N who="0" m="19631" /><D96/><N who="3" m="36969" /><G23/><T109/><D109/><U60/><E101/><V125/><F125/><N who="0" m="47626" /><D55/><U61/><E108/><V59/><F105/><W120/><G22/><T81/><D77/><U38/><E38/><V134/><F134/><W36/><G120/><T17/><D132/><U11/><E135/><V111/><F111/><W21/><G21/><T113/><D113/><U100/><E100/><V78/><F78/><W64/><G64/><T88/><D88/><U7/><E66/><V124/><F124/><W0/><AGARI ba="0,0" hai="0,6,10,36,41,45,69,70" m="36969,43050" machi="0" ten="30,2000,0" yaku="15,1,11,1" doraHai="48" who="3" fromWho="3" sc="312,-5,322,-5,116,-10,250,20" /><INIT seed="7,0,0,2,1,115" ten="307,317,106,270" oya="3" hai0="23,63,10,126,42,36,48,12,73,11,112,101,134" hai1="51,82,85,17,76,104,31,95,2,122,127,109,46" hai2="40,35,62,70,64,47,97,120,50,34,75,37,7" hai3="74,45,44,66,135,16,87,68,69,53,106,41,103"/><W128/><G74/><T58/><D73/><U22/><E104/><V19/><F19/><W80/><G135/><T30/><D112/><U124/><E2/><V111/><F111/><W8/><G128/><T123/><D123/><U77/><E109/><V129/><F129/><W100/><G106/><T99/><D134/><U4/><E4/><V90/><F120/><W60/><G69/><T59/><D36/><U92/><E31/><V121/><F121/><W54/><G45/><N who="0" m="25655" /><D126/><N who="1" m="48171" /><E77/><V65/><F90/><W67/><G67/><N who="0" m="39415" /><D59/><U49/><E122/><V105/><F65/><W5/><G54/><T39/><D39/><U83/><E83/><V108/><F108/><W20/><G53/><T6/><D6/><U116/><E116/><V91/><F91/><W113/><G113/><T1/><D1/><U14/><E51/><V72/><F50/><W21/><G21/><T3/><D3/><U55/><AGARI ba="0,0" hai="14,17,22,46,49,55,76,82,85,92,95" m="48171" machi="55" ten="30,1100,0" yaku="18,1" doraHai="115" who="1" fromWho="1" sc="307,-3,317,11,106,-3,270,-5" owari="304,10.0,328,43.0,103,-40.0,265,-13.0" /></mjloggm>