<mjloggm ver="2.3"><GO type="169" lobby="0"/><UN n0="%4D%41%4B%30%31%30%34" n1="%E4%BF%BA%E3%81%A7%E3%81%99" n2="%E4%B8%8B%E6%8C%AF%E3%82%8C%E3%82%84%E3%82%8D%E3%81%86" n3="%E3%81%AF%E3%83%BC%E3%81%B4%E3%82%87%E3%82%93" dan="17,16,16,17" rate="2176.77,2071.05,2047.06,2231.20" sx="M,M,F,F"/><TAIKYOKU oya="0"/><INIT seed="0,0,0,1,5,78" ten="250,250,250,250" oya="0" hai0="114,95,86,13,33,44,29,57,56,110,77,98,24" hai1="12,35,79,126,45,42,25,14,55,21,74,72,115" hai2="109,73,9,59,133,23,119,10,131,28,135,100,93" hai3="82,3,121,22,118,124,116,65,54,30,62,41,36"/><T68/><D114/><U130/><E126/><V51/><F109/><W31/><G124/><T91/><D68/><U15/><E130/><V111/><F111/><W47/><G3/><T90/><D77/><U129/><E129/><V20/><F73/><W104/><G104/><T132/><D110/><U76/><E115/><V113/><F113/><W75/><G121/><T89/><D132/><N who="2" m="50762" /><F119/><W19/><G54/><T46/><D13/><U64/><E64/><V5/><F28/><W32/><G30/><T81/><REACH who="0" step="1"/><D90/><REACH who="0" ten="240,250,250,250" step="2"/><U60/><E79/><V16/><F131/><W0/><G118/><T58/><AGARI ba="0,1" hai="24,29,33,44,46,56,57,58,81,86,89,91,95,98" machi="58" ten="30,11700,0" yaku="1,1,2,1,0,1,52,1,53,0" doraHai="78" doraHaiUra="101" who="0" fromWho="0" sc="240,127,250,-39,250,-39,250,-39" /><INIT seed="0,1,0,3,3,18" ten="367,211,211,211" oya="0" hai0="51,65,11,68,135,78,30,50,55,20,118,63,5" hai1="7,90,121,13,29,41,8,77,6,98,87,93,95" hai2="128,134,107,62,54,73,33,66,127,16,83,2,105" hai3="43,37,89,17,53,24,113,133,59,115,91,4,46"/><T103/><D118/><U42/><E121/><V122/><F122/><W49/><G133/><T76/><D103/><U112/><E112/><V14/><F134/><W86/><G4/><T119/><D119/><U61/><E77/><V22/><F128/><W31/><G17/><T60/><D60/><U81/><E29/><V126/><F33/><W124/><G124/><N who="2" m="47657" /><F54/><W15/><G15/><T36/><D36/><U116/><E116/><V27/><F27/><W69/><G69/><T23/><D135/><U75/><E75/><V38/><F38/><W70/><G70/><T108/><D51/><U96/><E6/><V99/><F99/><N who="1" m="37929" /><E61/><V110/><F2/><W28/><G28/><T88/><D88/><N who="1" m="51311" /><E95/><V9/><F9/><W48/><G91/><T32/><D32/><U26/><E26/><V114/><F110/><W3/><G3/><T80/><D108/><U34/><E34/><V117/><F114/><W57/><G24/><T12/><D30/><U92/><E92/><V130/><F130/><W94/><G31/><T40/><D78/><U74/><E74/><V85/><F73/><W56/><REACH who="3" step="1"/><G37/><REACH who="3" ten="367,211,211,201" step="2"/><T19/><D5/><U109/><E109/><V58/><F117/><W120/><G120/><T132/><D132/><U100/><E100/><V39/><F39/><W111/><G111/><T67/><D76/><AGARI ba="1,1" hai="14,16,22,58,62,66,76,83,85,105,107" m="47657" machi="76" ten="30,3900,0" yaku="18,1,52,1,54,1" doraHai="18" who="2" fromWho="0" sc="367,-42,211,0,211,52,201,0" /><INIT seed="1,0,0,1,3,77" ten="325,211,263,201" oya="1" hai0="58,61,111,18,72,119,85,120,44,124,108,66,52" hai1="92,43,71,42,121,107,29,133,132,0,123,9,12" hai2="69,67,97,98,27,96,103,114,130,83,76,127,28" hai3="87,91,24,4,112,102,38,99,118,129,135,95,105"/><U32/><E71/><V11/><F127/><W79/><G38/><T10/><D72/><U41/><E107/><V16/><F130/><W56/><G112/><T35/><D35/><U21/><E0/><V36/><F36/><W2/><G129/><T81/><D119/><U50/><E32/><V3/><F114/><W7/><G118/><T70/><D124/><U37/><E37/><V47/><F47/><W88/><G135/><N who="1" m="51786" /><E92/><V115/><F115/><W65/><G2/><T89/><D120/><N who="1" m="46155" /><E21/><V55/><F55/><W1/><G1/><T15/><REACH who="0" step="1"/><D44/><REACH who="0" ten="315,211,263,201" step="2"/><N who="1" m="25871" /><E29/><V90/><F28/><W25/><G105/><T26/><D26/><U30/><E30/><V34/><F27/><W51/><G25/><T82/><D82/><U113/><E113/><V131/><F34/><W94/><G24/><T62/><AGARI ba="0,1" hai="10,15,18,52,58,61,62,66,70,81,85,89,108,111" machi="62" ten="30,7900,0" yaku="1,1,0,1,52,1,54,1,53,0" doraHai="77" doraHaiUra="20" who="0" fromWho="0" sc="315,89,211,-39,263,-20,201,-20" /><INIT seed="2,0,0,0,2,27" ten="404,172,243,181" oya="2" hai0="71,135,74,91,21,51,39,46,126,63,9,85,115" hai1="80,17,22,24,100,121,50,48,107,53,43,114,96" hai2="102,111,23,31,113,57,104,10,117,109,2,131,20" hai3="5,42,36,37,65,93,52,30,130,110,98,61,127"/><V81/><F113/><W54/><G110/><N who="2" m="41993" /><F117/><W79/><G127/><T89/><D74/><U134/><E114/><V133/><F133/><W12/><G130/><T56/><D115/><U25/><E134/><V38/><F38/><W6/><G79/><T1/><D71/><U16/><E121/><V45/><F131/><W83/><G83/><T55/><D39/><U33/><E43/><V34/><F57/><N who="3" m="37039" /><G42/><T125/><D135/><U58/><E80/><V122/><F45/><W103/><G36/><T11/><D21/><U32/><REACH who="1" step="1"/><E48/><REACH who="1" ten="404,162,243,181" step="2"/><V73/><F122/><W132/><G37/><T26/><D51/><U8/><E8/><V76/><F104/><W3/><G132/><T120/><D11/><U64/><E64/><V97/><F10/><N who="3" m="4175" /><G6/><T123/><D9/><U116/><E116/><V47/><F2/><W108/><G3/><T35/><D1/><U28/><E28/><V40/><F31/><W18/><G108/><T0/><D0/><U118/><E118/><V66/><F66/><W84/><G30/><N who="0" m="19927" /><D123/><U101/><E101/><V68/><F102/><W112/><G112/><T7/><D7/><U77/><E77/><V106/><F76/><W41/><G41/><T29/><D29/><U49/><E49/><V19/><F40/><W60/><G18/><T129/><D120/><U87/><E87/><V78/><F19/><W44/><G84/><T69/><D85/><U105/><E105/><V13/><F106/><W99/><G99/><T59/><D129/><U86/><E86/><V72/><F97/><W15/><G98/><T14/><D126/><U92/><E92/><RYUUKYOKU ba="0,1" sc="404,-10,162,30,243,-10,181,-10" hai1="16,17,22,24,25,32,33,50,53,58,96,100,107" /><INIT seed="3,1,1,3,3,75" ten="394,192,233,171" oya="3" hai0="1,78,107,100,5,22,132,104,106,4,53,16,64" hai1="34,108,119,123,70,31,10,43,69,134,49,95,50" hai2="91,109,111,65,85,90,19,60,89,37,131,51,26" hai3="57,0,67,117,38,30,110,13,127,35,92,125,29"/><W36/><G0/><T52/><D100/><U99/><E123/><V105/><F37/><W79/><G117/><T23/><D64/><U17/><E108/><N who="2" m="41547" /><F105/><W39/><G110/><T86/><D132/><U71/><E134/><V59/><F131/><W15/><G92/><T102/><D102/><U66/><E66/><V25/><F51/><W129/><G129/><T120/><D120/><U82/><E82/><V61/><F61/><N who="3" m="38319" /><G79/><T46/><D23/><U83/><E83/><N who="2" m="49343" /><F19/><W11/><G35/><T128/><D128/><U121/><E121/><V41/><F41/><W21/><G21/><T68/><D68/><U48/><E119/><V58/><F59/><W7/><G15/><T72/><D107/><U42/><E34/><V8/><F8/><W101/><G101/><T9/><D9/><U115/><E31/><V84/><F91/><W122/><G122/><T77/><D5/><U113/><E17/><V88/><F90/><W56/><G56/><T133/><D4/><U32/><E10/><V81/><AGARI ba="1,1" hai="25,26,58,60,65,81,84,88" m="49343,41547" machi="81" ten="30,2000,0" yaku="14,1,54,1" doraHai="75" who="2" fromWho="2" sc="394,-6,192,-6,233,33,171,-11" /><INIT seed="4,0,0,4,1,53" ten="388,186,266,160" oya="0" hai0="129,87,79,133,117,119,135,134,25,26,13,27,78" hai1="23,80,3,1,104,10,102,111,75,76,35,5,57" hai2="128,2,52,113,77,85,19,29,6,114,125,12,99" hai3="112,70,66,68,48,105,40,30,16,116,91,98,18"/><T73/><D129/><U127/><E111/><V21/><F128/><W122/><G116/><N who="0" m="44619" /><D73/><U64/><E35/><V130/><F130/><W49/><G112/><N who="2" m="43113" /><F125/><W96/><G122/><T124/><D124/><U56/><E127/><V15/><F99/><N who="3" m="37931" /><G40/><T65/><D65/><U39/><E1/><V123/><F29/><W11/><G66/><T110/><D110/><U34/><E34/><V100/><F100/><W55/><G55/><T94/><D13/><U58/><E39/><V22/><F123/><W126/><G126/><T43/><D43/><U108/><E108/><V106/><F106/><W36/><G36/><T118/><D118/><U14/><E102/><V62/><F2/><W83/><G30/><T109/><D109/><U92/><E104/><V59/><F6/><W4/><G4/><T42/><D42/><U84/><E64/><V107/><F107/><W9/><G105/><T115/><D115/><U63/><E63/><V88/><F77/><N who="0" m="29194" /><D87/><U95/><REACH who="1" step="1"/><E75/><REACH who="1" ten="388,176,266,160" step="2"/><V81/><F15/><W17/><G49/><T101/><D101/><U72/><E72/><V37/><F37/><W61/><G48/><T24/><D24/><U33/><E33/><V32/><F32/><W69/><G61/><T60/><D60/><U89/><E89/><V44/><F44/><W38/><G38/><T28/><D28/><U120/><E120/><V103/><F103/><W7/><G91/><T20/><D26/><U90/><E90/><V50/><F62/><W8/><G7/><T93/><D27/><U47/><E47/><V67/><F67/><W132/><G132/><N who="0" m="33795" /><T86/><DORA hai="41" /><D25/><RYUUKYOKU ba="0,1" sc="388,-30,176,10,266,10,160,10" hai1="3,5,10,14,23,56,57,58,76,80,84,92,95" hai2="12,19,21,22,50,52,59,81,85,88" hai3="8,9,11,16,17,18,68,69,70,83" /><INIT seed="5,1,1,5,1,0" ten="358,186,276,170" oya="1" hai0="12,35,58,71,74,108,69,118,61,100,87,99,125" hai1="8,114,17,133,103,48,50,34,78,6,128,119,77" hai2="76,20,82,9,19,96,42,28,30,107,70,110,36" hai3="10,106,93,109,132,46,111,65,95,13,80,22,129"/><U11/><E119/><V75/><F70/><W121/><G106/><T81/><D108/><U135/><E34/><V59/><F110/><W4/><G121/><T41/><D74/><U23/><E114/><V15/><F36/><W45/><G111/><T2/><D2/><U29/><E29/><V92/><F42/><W53/><G109/><T5/><D35/><U32/><E32/><V3/><F107/><W60/><G132/><N who="1" m="50762" /><E103/><V49/><F49/><N who="1" m="19049" /><E128/><V40/><F40/><W123/><G129/><T14/><D41/><U51/><N who="1" m="19057" /><U98/><DORA hai="97" /><E98/><V134/><F59/><N who="3" m="34927" /><G65/><T33/><D33/><U91/><E91/><V37/><F37/><W102/><G123/><T16/><D118/><U116/><E11/><V27/><F134/><W38/><G38/><T26/><D99/><U126/><E126/><V131/><F131/><W73/><G102/><T21/><D100/><U127/><E127/><V67/><F67/><W66/><G66/><T117/><D117/><U56/><E56/><V112/><F112/><W47/><G22/><T7/><D71/><U90/><E90/><N who="2" m="55319" /><F30/><W113/><G113/><T39/><D69/><U43/><E43/><V68/><F68/><W94/><G73/><T64/><D39/><U54/><E54/><V72/><F72/><W130/><G130/><T1/><D125/><U63/><E63/><V88/><F88/><W85/><G46/><T57/><D58/><U120/><E120/><V52/><F52/><W122/><G122/><T18/><D57/><U79/><E116/><V84/><F75/><W105/><G105/><T89/><D89/><AGARI ba="1,1" hai="4,10,13,45,47,80,85,89,93,94,95" m="34927" machi="89" ten="30,3900,0" yaku="6,1,8,1,52,1" doraHai="0,97" who="3" fromWho="0" sc="358,-42,186,0,276,0,170,52" /><INIT seed="6,0,0,5,3,123" ten="316,186,276,222" oya="2" hai0="118,72,56,27,79,75,98,11,129,21,37,108,99" hai1="109,2,30,130,22,32,78,124,17,105,7,52,54" hai2="104,12,61,16,20,57,131,15,111,120,85,18,84" hai3="1,69,103,95,60,55,115,133,74,94,126,0,40"/><V135/><F120/><W53/><G74/><T5/><D37/><U19/><E105/><V76/><F135/><W31/><G133/><T51/><D108/><U91/><E109/><V112/><F131/><W101/><G40/><T110/><D110/><U28/><E78/><V82/><F111/><W62/><G115/><T44/><D56/><U47/><E130/><V36/><F36/><W122/><G122/><T100/><D79/><U134/><E134/><V14/><F104/><W48/><G48/><T90/><D90/><U92/><E32/><V119/><F119/><W66/><G66/><T42/><D99/><U117/><E117/><V26/><F112/><W125/><REACH who="3" step="1"/><G31/><REACH who="3" ten="316,186,276,212" step="2"/><T29/><D118/><U58/><E30/><N who="2" m="17735" /><F84/><W97/><G97/><T86/><D86/><U96/><E28/><V127/><F127/><W9/><G9/><T132/><D132/><U83/><E124/><V43/><F43/><W70/><AGARI ba="0,1" hai="0,1,53,55,60,62,69,70,94,95,101,103,125,126" machi="70" ten="25,6400,0" yaku="1,1,0,1,22,2,53,0" doraHai="123" doraHaiUra="23" who="3" fromWho="3" sc="316,-16,186,-16,276,-32,212,74" /><INIT seed="7,0,0,1,4,74" ten="300,170,244,286" oya="3" hai0="68,91,52,71,66,41,85,114,33,125,51,70,8" hai1="118,82,132,75,79,59,62,64,27,92,108,109,134" hai2="54,116,133,87,4,39,26,10,55,7,34,21,126" hai3="105,25,38,1,99,49,48,107,73,12,57,13,58"/><W135/><G1/><T19/><D33/><U119/><E27/><V29/><F116/><N who="1" m="44585" /><E62/><V103/><F133/><N who="1" m="51305" /><E59/><N who="3" m="22538" /><G38/><T101/><D101/><U94/><E64/><V24/><F39/><W123/><G73/><T50/><D66/><U121/><E121/><V23/><F126/><W47/><G135/><T43/><D125/><U42/><E42/><V45/><F103/><W104/><G99/><T5/><D19/><U122/><E122/><V28/><F87/><W18/><G123/><T6/><D6/><U40/><E40/><V16/><F45/><W77/><G77/><T131/><D51/><N who="3" m="19529" /><G18/><T30/><D30/><U86/><E75/><V93/><F93/><AGARI ba="0,0" hai="79,82,86,92,93,94,108,109" m="51305,44585" machi="93" ten="30,8000,1" yaku="12,1,20,1,34,2,52,1" doraHai="74" who="1" fromWho="2" sc="300,0,170,80,244,-80,286,0" owari="300,40.0,250,-15.0,164,-34.0,286,9.0" /></mjloggm>