<mjloggm ver="2.3"><GO type="185" lobby="0"/><UN n0="%59%61%6E%67%6E%75%6D" n1="%E3%81%97%E3%81%83%E3%81%97%E3%81%83%21%3F" n2="%50%42%33%2D%50" n3="" dan="16,18,17,0" rate="2237.07,2307.70,2259.10,1500.00" sx="M,F,M,C"/><TAIKYOKU oya="0"/><INIT seed="0,0,0,3,2,82" ten="350,350,350,0" oya="0" hai0="110,64,33,98,97,38,35,49,32,54,56,69,128" hai1="132,81,52,59,105,84,127,113,45,75,60,78,123" hai2="93,70,135,67,61,102,44,124,95,74,130,115,63" hai3=""/><T58/><D38/><U99/><N who="1" m="31520" /><U108/><E108/><V37/><F115/><T106/><D110/><U134/><E113/><V42/><F74/><T89/><D128/><U107/><E127/><V62/><F130/><T88/><D69/><U36/><E75/><V80/><F124/><T96/><D106/><U71/><E71/><V48/><F135/><N who="1" m="51753" /><E99/><V57/><F80/><T112/><D112/><U77/><E78/><V122/><N who="2" m="31264" /><V83/><F83/><T90/><D64/><U68/><E68/><V0/><F0/><T91/><N who="0" m="22528" /><DORA hai="126" /><T72/><D72/><U41/><AGARI ba="0,0" hai="36,41,45,52,59,60,77,81,84,105,107" m="51753,31520" machi="41" ten="30,5900,0" yaku="20,1,52,2,54,1" doraHai="82,126" who="1" fromWho="1" sc="350,-39,350,59,350,-20,0,0" /><INIT seed="1,0,0,3,2,40" ten="311,409,330,0" oya="1" hai0="53,72,62,61,69,134,102,129,109,3,114,74,115" hai1="123,2,130,116,124,91,107,34,128,96,84,76,56" hai2="101,82,99,110,80,55,100,118,59,108,105,50,73" hai3=""/><U41/><N who="1" m="31520" /><U92/><E116/><V88/><F118/><T86/><D3/><U93/><E2/><V44/><F100/><T1/><D1/><U65/><E34/><V45/><F82/><T71/><D102/><U33/><E33/><V78/><REACH who="2" step="1"/><F88/><REACH who="2" ten="311,409,320,0" step="2"/><T36/><D114/><U87/><E91/><V90/><F90/><T47/><D115/><U119/><E119/><V48/><F48/><T49/><D86/><U95/><E84/><V120/><N who="2" m="30752" /><V63/><F63/><T106/><D74/><U67/><E87/><V97/><F97/><T64/><D72/><U42/><E96/><V75/><F75/><T77/><D77/><U83/><E83/><V122/><N who="2" m="31264" /><V60/><F60/><T113/><D113/><U103/><E103/><V98/><F98/><T57/><D62/><U37/><E76/><V79/><F79/><T0/><D61/><U46/><E67/><V38/><F38/><T85/><D36/><U112/><E65/><V70/><F70/><T127/><D71/><U52/><E37/><V121/><N who="2" m="31008" /><V32/><F32/><T117/><D64/><U68/><E68/><V132/><F132/><T111/><D69/><U43/><E112/><V89/><F89/><T131/><D117/><RYUUKYOKU ba="0,1" sc="311,-10,409,-10,320,20,0,0" hai2="44,45,50,55,59,73,78,80,99,101,105,108,110" /><INIT seed="2,1,1,2,3,76" ten="301,399,340,0" oya="2" hai0="65,106,100,92,87,115,122,43,39,51,111,107,109" hai1="124,40,47,77,57,84,83,120,80,32,85,131,118" hai2="66,59,71,121,127,46,48,55,79,126,114,128,130" hai3=""/><V45/><N who="2" m="31008" /><V99/><F114/><T74/><N who="0" m="31264" /><T123/><N who="0" m="31520" /><T60/><D74/><U129/><N who="1" m="30752" /><U112/><E112/><V108/><F99/><T49/><D39/><U116/><E32/><V68/><F79/><T52/><D43/><U56/><E124/><N who="2" m="47659" /><F108/><N who="0" m="41546" /><D49/><U63/><E57/><V101/><F101/><T44/><D115/><U91/><E118/><V50/><F46/><T0/><D0/><U96/><E96/><V97/><F97/><T82/><D92/><U1/><E116/><V69/><F66/><T53/><D53/><AGARI ba="1,1" hai="45,48,50,53,55,59,68,69,71,128,130" m="47659,31008" machi="53" ten="40,12000,1" yaku="18,1,34,2,52,1" doraHai="76" who="2" fromWho="0" sc="301,-122,399,0,340,132,0,0" /><INIT seed="2,2,0,1,3,86" ten="179,399,472,0" oya="2" hai0="102,56,81,32,83,133,107,57,77,70,48,0,109" hai1="79,64,114,106,128,62,122,34,2,94,121,112,100" hai2="51,74,59,84,44,85,88,71,132,95,92,78,127" hai3=""/><V118/><F71/><T75/><D32/><U76/><N who="1" m="31008" /><U103/><N who="1" m="31264" /><U96/><E2/><V134/><F118/><T39/><D0/><U63/><E34/><V120/><N who="2" m="30752" /><V49/><F127/><T117/><D117/><U37/><E37/><V65/><F74/><T68/><D39/><U126/><E126/><V41/><F78/><T73/><D48/><U113/><E128/><V52/><F65/><T38/><D38/><U119/><E119/><V47/><F59/><T99/><D109/><U40/><E40/><V43/><F52/><T80/><D80/><U42/><E42/><V90/><AGARI ba="2,0" hai="41,43,44,47,49,51,84,85,88,90,92,95,132,134" m="30752" machi="90" ten="30,16000,3" yaku="0,1,32,3,52,3,54,1" doraHai="86" who="2" fromWho="2" sc="179,-82,399,-82,472,164,0,0" /><INIT seed="2,3,0,0,3,85" ten="97,317,636,0" oya="2" hai0="130,113,66,96,61,104,106,76,60,126,39,41,75" hai1="73,84,50,82,32,100,51,111,122,44,72,65,47" hai2="33,54,99,105,68,112,34,119,125,52,95,89,43" hai3=""/><V87/><F119/><T97/><D130/><U116/><N who="1" m="31264" /><U83/><E32/><V71/><F112/><T98/><D126/><U40/><E111/><V74/><F74/><T121/><N who="0" m="31008" /><T108/><D108/><U131/><E131/><V80/><F105/><T88/><D113/><U117/><E65/><V36/><F125/><T48/><D39/><U35/><E100/><V78/><F68/><T134/><D134/><U63/><E63/><V123/><N who="2" m="31520" /><V45/><REACH who="2" step="1"/><F71/><REACH who="2" ten="97,317,626,0" step="2"/><T128/><D128/><U53/><E72/><V81/><F81/><T77/><D75/><U0/><E82/><V67/><F67/><T133/><D106/><U103/><E73/><V132/><F132/><T57/><D133/><U92/><E83/><V42/><F42/><T1/><D104/><U94/><E40/><V129/><F129/><T101/><D1/><U90/><E0/><V64/><F64/><T124/><D124/><U115/><E115/><V46/><F46/><T86/><D101/><U91/><E103/><V70/><F70/><T38/><D66/><U107/><E107/><V114/><F114/><T110/><D41/><U79/><E117/><V3/><F3/><T118/><D118/><U58/><E116/><V93/><F93/><RYUUKYOKU ba="3,1" sc="97,-10,317,-10,626,20,0,0" hai2="33,34,36,43,45,52,54,78,80,87,89,95,99" /><INIT seed="2,4,1,4,3,107" ten="87,307,646,0" oya="2" hai0="38,46,39,79,83,97,104,54,117,67,51,128,1" hai1="55,68,130,116,71,87,78,109,66,111,42,106,72" hai2="63,65,89,36,95,60,88,62,121,127,69,44,61" hai3=""/><V59/><N who="2" m="31008" /><V57/><F127/><T133/><D128/><U90/><E106/><V100/><F100/><T105/><D117/><U91/><E42/><V40/><REACH who="2" step="1"/><F89/><REACH who="2" ten="87,307,636,0" step="2"/><T74/><D1/><U101/><E90/><V84/><AGARI ba="4,2" hai="36,40,44,57,59,60,61,62,63,65,69,84,88,95" m="31008" machi="84" ten="30,8000,1" yaku="1,1,2,1,0,1,52,1,54,1,53,0" doraHai="107" doraHaiUra="94" who="2" fromWho="2" sc="87,-44,307,-44,636,108,0,0" /><INIT seed="2,5,0,4,0,75" ten="43,263,744,0" oya="2" hai0="55,80,35,115,54,71,105,114,46,107,118,93,40" hai1="79,0,95,41,86,100,2,1,87,104,85,119,113" hai2="48,90,67,106,70,110,131,63,121,33,61,99,62" hai3=""/><V3/><N who="2" m="31008" /><V98/><F3/><T101/><D35/><U108/><E113/><N who="0" m="43017" /><D118/><U92/><E119/><V34/><F34/><T73/><D71/><U58/><E108/><V94/><F33/><T91/><D73/><U65/><E41/><V111/><F131/><T69/><D69/><U74/><E104/><N who="0" m="40009" /><D80/><U81/><E100/><V124/><F124/><T44/><D101/><U130/><E130/><V76/><F76/><T37/><D46/><U77/><E77/><V83/><F83/><T88/><D91/><U60/><AGARI ba="5,0" hai="0,1,2,58,60,65,74,79,81,85,86,87,92,95" machi="60" ten="40,2000,0" yaku="0,1,52,1" doraHai="75" who="1" fromWho="1" sc="43,-12,263,30,744,-18,0,0" /><INIT seed="4,0,0,1,3,98" ten="31,293,726,0" oya="0" hai0="103,117,78,72,133,63,33,121,106,100,88,41,59" hai1="37,57,95,91,115,61,122,32,38,102,123,96,87" hai2="111,76,86,3,126,108,104,110,49,82,70,134,62" hai3=""/><T65/><N who="0" m="31008" /><T0/><D117/><U64/><N who="1" m="31264" /><U35/><N who="1" m="31520" /><U118/><E118/><V47/><F3/><T89/><D0/><U99/><E115/><V67/><F104/><T58/><D33/><U74/><E74/><V71/><F134/><T109/><D106/><U114/><E114/><V116/><F116/><T54/><D133/><U60/><E96/><V120/><F71/><T131/><D131/><U127/><E127/><V55/><N who="2" m="30752" /><V105/><REACH who="2" step="1"/><F105/><REACH who="2" ten="31,293,716,0" step="2"/><T93/><D109/><U53/><E32/><V81/><F81/><T50/><D41/><U83/><E35/><V97/><F97/><T39/><D39/><U119/><E119/><V129/><F129/><T125/><D125/><AGARI ba="0,1" hai="47,49,55,62,67,70,76,82,86,108,110,111,125,126" m="30752" machi="125" ten="50,3200,0" yaku="1,1,52,1,53,0" doraHai="98" doraHaiUra="36" who="2" fromWho="0" sc="31,-32,293,0,716,42,0,0" owari="-1,-60.0,293,-11.0,758,71.0,0,0.0" /></mjloggm>