<mjloggm ver="2.3"><GO type="169" lobby="0"/><UN n0="%E3%82%82%E3%82%8A%E3%82%82%E3%82%8A%E3%81%8A%E3%81%AB%E3%81%8E%E3%82%8A" n1="%74%61%6B%65%2D%79%6F%75" n2="%E3%81%86%E3%81%95%E3%81%8E%E3%83%95%E3%82%A1%E3%83%B3%E3%82%B7%E3%83%BC" n3="%54%61%6B%33%45%34%73%79" dan="16,16,16,17" rate="2150.62,2145.81,2174.70,2214.86" sx="M,M,M,M"/><TAIKYOKU oya="0"/><INIT seed="0,0,0,2,3,25" ten="250,250,250,250" oya="0" hai0="41,6,95,7,47,75,100,87,77,125,50,74,81" hai1="86,28,105,1,62,112,108,61,94,80,92,43,2" hai2="48,11,72,30,40,35,71,117,27,22,118,29,109" hai3="78,85,73,12,46,110,70,76,93,116,69,37,64"/><T39/><D125/><U120/><E105/><V97/><F72/><W56/><G73/><T36/><D75/><U66/><E120/><V128/><F71/><W55/><G116/><N who="2" m="44649" /><F109/><W123/><G123/><T84/><D84/><U59/><E112/><V79/><F79/><W67/><G110/><T16/><D74/><U45/><E2/><V104/><F128/><W15/><G69/><T10/><D7/><U131/><E1/><V99/><F11/><W65/><G70/><T14/><REACH who="0" step="1"/><D16/><REACH who="0" ten="240,250,250,250" step="2"/><U101/><E86/><V135/><F135/><W114/><G85/><T8/><D8/><U34/><E108/><V24/><F104/><W134/><G134/><T68/><D68/><U5/><E5/><V82/><F82/><W132/><G132/><T4/><D4/><U31/><E80/><V113/><F113/><W44/><G78/><T53/><D53/><U103/><E131/><V130/><F130/><W60/><G76/><T121/><D121/><U26/><E66/><V91/><F91/><W115/><G115/><T88/><D88/><U17/><E17/><V106/><F106/><W124/><G124/><T32/><D32/><U38/><E34/><V3/><F3/><W42/><G114/><T127/><D127/><U13/><E13/><V90/><F90/><W129/><G129/><T122/><D122/><U98/><E92/><V133/><F133/><W58/><G93/><T19/><D19/><U63/><E94/><V51/><F40/><W83/><G83/><T126/><D126/><U52/><E43/><V21/><F35/><W33/><G33/><T57/><D57/><RYUUKYOKU ba="0,1" sc="240,15,250,-15,250,15,250,-15" hai0="6,10,14,36,39,41,47,50,77,81,87,95,100" hai2="21,22,24,27,29,30,48,51,97,99" /><INIT seed="0,1,1,2,4,127" ten="255,235,265,235" oya="0" hai0="51,94,0,35,84,122,46,25,48,118,10,105,80" hai1="132,123,111,58,20,70,37,27,104,98,77,15,44" hai2="5,117,41,74,71,39,81,119,67,53,83,66,124" hai3="32,64,16,4,112,106,18,121,96,93,75,49,8"/><T26/><D118/><N who="2" m="45066" /><F124/><W109/><G112/><T116/><D116/><U52/><E70/><V85/><F5/><W17/><G106/><T12/><D105/><U97/><E123/><V29/><F29/><W86/><G75/><T42/><D0/><U63/><E111/><V89/><F71/><W82/><G32/><T14/><D122/><U38/><E132/><V33/><F33/><W88/><G109/><T90/><D35/><U131/><E77/><N who="2" m="44215" /><F53/><W30/><G30/><T126/><D126/><U54/><E54/><V40/><F39/><W45/><G64/><AGARI ba="1,1" hai="40,41,64,66,67,83,85,89" m="44215,45066" machi="64" ten="30,1000,0" yaku="12,1" doraHai="127" who="2" fromWho="3" sc="255,0,235,0,265,23,235,-13" /><INIT seed="1,0,0,1,0,20" ten="255,235,288,222" oya="1" hai0="43,74,71,99,105,12,81,50,102,67,3,126,77" hai1="64,129,18,88,109,119,130,38,80,93,114,10,37" hai2="31,17,11,131,45,19,134,29,14,35,48,98,65" hai3="13,53,68,23,127,78,57,101,34,97,86,26,117"/><U30/><E114/><V75/><F75/><W123/><G68/><T9/><D126/><U128/><E119/><V106/><F134/><W135/><G135/><T0/><D50/><U100/><E109/><V28/><F131/><W83/><G123/><T21/><D43/><U132/><E132/><V73/><F73/><W33/><G13/><T44/><D44/><U72/><E64/><V85/><F65/><W76/><G76/><T79/><D79/><N who="1" m="44135" /><E100/><V63/><F63/><W87/><G87/><T108/><D108/><U110/><E30/><V133/><F133/><W2/><G2/><T54/><D54/><U103/><E103/><V55/><F85/><W104/><G127/><T8/><D8/><U95/><E95/><V1/><F1/><W46/><G46/><T22/><D22/><U4/><E18/><V116/><F116/><W112/><G112/><T61/><REACH who="0" step="1"/><D21/><REACH who="0" ten="245,235,288,222" step="2"/><U47/><E47/><V120/><F45/><W115/><G115/><T27/><D27/><U58/><E110/><V7/><F55/><W91/><G117/><T118/><D118/><U122/><E122/><V60/><F48/><W41/><G41/><T16/><AGARI ba="0,1" hai="0,3,9,12,16,61,67,71,74,77,81,99,102,105" machi="16" ten="20,8000,1" yaku="1,1,0,1,7,1,54,1,53,1" doraHai="20" doraHaiUra="92" who="0" fromWho="0" sc="245,90,235,-40,288,-20,222,-20" /><INIT seed="2,0,0,4,3,29" ten="335,195,268,202" oya="2" hai0="48,127,114,98,50,118,84,23,63,62,76,1,75" hai1="123,28,100,21,80,0,119,43,78,109,106,134,72" hai2="115,83,121,30,113,19,8,116,77,4,132,51,60" hai3="47,96,20,41,38,17,112,131,52,39,27,101,130"/><V59/><F116/><W124/><G124/><T81/><D1/><U55/><E0/><V65/><F121/><W57/><G39/><T54/><D114/><U26/><E134/><V125/><F125/><W6/><G6/><T61/><D127/><U3/><E3/><V11/><F132/><W108/><G108/><T12/><D118/><U14/><E123/><V97/><F30/><W56/><G56/><T126/><D126/><U129/><E129/><V95/><F4/><W2/><G2/><T13/><D75/><U46/><E109/><V90/><F51/><W128/><G112/><T37/><D37/><U117/><E55/><V49/><F49/><W5/><G5/><T86/><D86/><U110/><E14/><V35/><F35/><W135/><G135/><T82/><D82/><U58/><E58/><V71/><F71/><W15/><G15/><T92/><D23/><U67/><E67/><V89/><F89/><W53/><REACH who="3" step="1"/><G57/><REACH who="3" ten="335,195,268,192" step="2"/><N who="0" m="32983" /><D48/><N who="1" m="26719" /><E110/><V7/><F115/><W120/><G120/><T74/><D74/><U34/><E119/><V31/><F113/><W87/><G87/><T104/><D104/><AGARI ba="0,1" hai="17,20,27,38,41,47,52,53,96,101,104,128,130,131" machi="104" ten="40,5200,0" yaku="1,1,19,1,54,1,53,0" doraHai="29" doraHaiUra="25" who="3" fromWho="0" sc="335,-52,195,0,268,0,192,62" /><INIT seed="3,0,0,2,4,110" ten="283,195,268,254" oya="3" hai0="6,122,34,52,126,43,87,77,30,121,61,92,127" hai1="105,71,95,26,41,94,130,48,24,8,28,134,49" hai2="25,85,16,19,79,47,86,132,0,80,101,36,51" hai3="58,37,119,69,81,100,82,107,131,21,113,116,103"/><W75/><G69/><T93/><D43/><U63/><E130/><V45/><F132/><W68/><G68/><T111/><D111/><U44/><E134/><V67/><F67/><W7/><G37/><T1/><D6/><U112/><E105/><V15/><F0/><W54/><G7/><T109/><D1/><U84/><E71/><V99/><F86/><W83/><G131/><T76/><D109/><U55/><E63/><V64/><F64/><W98/><G21/><T133/><D133/><U20/><E8/><V50/><F36/><W3/><G3/><T128/><D128/><U118/><E118/><V91/><F79/><N who="0" m="30282" /><D30/><U2/><E2/><V32/><F32/><W27/><G27/><T73/><D73/><U56/><E112/><V96/><F25/><W14/><G14/><T89/><D93/><U104/><E104/><V35/><F35/><W106/><G75/><T62/><D62/><U42/><E42/><N who="2" m="24887" /><F101/><W125/><G125/><N who="0" m="47627" /><D34/><U117/><E117/><V129/><F19/><W66/><G66/><T12/><D12/><U29/><REACH who="1" step="1"/><E84/><REACH who="1" ten="283,185,268,254" step="2"/><V33/><F129/><W115/><G119/><T74/><D74/><U18/><E18/><V10/><F33/><AGARI ba="0,1" hai="20,24,26,28,29,33,41,44,48,49,55,56,94,95" machi="33" ten="30,2000,0" yaku="1,1,7,1,53,0" doraHai="110" doraHaiUra="70" who="1" fromWho="2" sc="283,0,185,30,268,-20,254,0" /><INIT seed="4,0,0,1,3,125" ten="283,215,248,254" oya="0" hai0="55,113,14,9,93,16,108,51,10,84,7,99,123" hai1="39,52,54,102,61,27,135,2,62,31,49,35,115" hai2="25,50,53,116,42,17,122,97,11,38,107,36,76" hai3="100,48,3,72,127,18,85,6,12,4,91,20,86"/><T68/><D113/><U63/><E39/><V78/><F122/><W37/><G37/><T87/><D68/><U109/><E2/><V43/><F116/><W41/><G72/><T59/><D108/><U23/><E135/><V90/><F36/><W130/><G127/><T92/><D123/><U117/><E117/><V56/><F38/><W126/><G126/><T13/><REACH who="0" step="1"/><D93/><REACH who="0" ten="273,215,248,254" step="2"/><U74/><E109/><V69/><F69/><W29/><G3/><T64/><D64/><U118/><E115/><V28/><F107/><W21/><G4/><T24/><D24/><U75/><E27/><V101/><F25/><W44/><G6/><T124/><D124/><U71/><E71/><V103/><F28/><W98/><G29/><T32/><D32/><U120/><E35/><V95/><F95/><W22/><G18/><T58/><D58/><U128/><E31/><V5/><F17/><W132/><G132/><T40/><D40/><U60/><E120/><V0/><F43/><W88/><G41/><T131/><D131/><U82/><E128/><V47/><F56/><W94/><G130/><T77/><D77/><U110/><E118/><V133/><F42/><W66/><G66/><T129/><D129/><U19/><E110/><V73/><F78/><W33/><G33/><T79/><D79/><U34/><E34/><V15/><F133/><W134/><G134/><T105/><D105/><U104/><E104/><V26/><F26/><W70/><G70/><T30/><D30/><U89/><E19/><V46/><F5/><W83/><G94/><T45/><D45/><U80/><E54/><RYUUKYOKU ba="0,1" sc="273,30,215,-10,248,-10,254,-10" hai0="7,9,10,13,14,16,51,55,59,84,87,92,99" /><INIT seed="4,1,1,0,4,20" ten="303,205,238,244" oya="0" hai0="8,4,78,2,56,51,66,32,79,10,45,50,135" hai1="75,109,49,29,40,28,35,61,21,81,105,7,41" hai2="26,107,114,90,59,94,83,99,46,53,18,111,33" hai3="30,85,117,95,73,65,84,76,126,108,67,12,57"/><T125/><D125/><U104/><E109/><V68/><F111/><W133/><G117/><T34/><D135/><U25/><E7/><V82/><F68/><W100/><G73/><T72/><D66/><U22/><E61/><N who="2" m="36079" /><F107/><W116/><G116/><T13/><D56/><U97/><E35/><V5/><F33/><W118/><G118/><T27/><D51/><U44/><E97/><V58/><F114/><W77/><G30/><T69/><D69/><U1/><E1/><V120/><F120/><W42/><G42/><T47/><D47/><U54/><E105/><V119/><F119/><W89/><G100/><T123/><D123/><U129/><E104/><V23/><F5/><W37/><G37/><T6/><D72/><U115/><E129/><V121/><F121/><W48/><G126/><T15/><D2/><U106/><E106/><V101/><F101/><W128/><G128/><T124/><D124/><U74/><E115/><V71/><F71/><W3/><G3/><T11/><D11/><U80/><E74/><V130/><F130/><W88/><G133/><T102/><D102/><U122/><E122/><V98/><F98/><W110/><G110/><T60/><D34/><U24/><E75/><V92/><F92/><W38/><G38/><T113/><D113/><U112/><E112/><V87/><F46/><W55/><G108/><T93/><D93/><U70/><E70/><V63/><F99/><W9/><G67/><AGARI ba="1,1" hai="18,23,26,58,63,67,82,83,87,90,94" m="36079" machi="67" ten="30,2000,0" yaku="8,1,52,1" doraHai="20" who="2" fromWho="3" sc="303,0,205,0,238,33,244,-23" /><INIT seed="5,0,0,2,1,47" ten="303,205,271,221" oya="1" hai0="86,12,48,57,9,5,120,39,33,2,101,134,32" hai1="3,30,41,42,129,71,20,109,76,35,37,52,60" hai2="15,22,96,85,79,50,64,95,126,98,119,23,38" hai3="13,54,94,25,68,121,29,78,82,80,31,11,113"/><U105/><E3/><V108/><F119/><W69/><G121/><T73/><D73/><U27/><E129/><V88/><F108/><W55/><G94/><T123/><D39/><U18/><E109/><V97/><F38/><W67/><G67/><T130/><D130/><U40/><E76/><V133/><F133/><W70/><G113/><T28/><D134/><U107/><E37/><V4/><F126/><W115/><G115/><T16/><D101/><U7/><E7/><V0/><F0/><W21/><G31/><T19/><D86/><U125/><E125/><V66/><F79/><W26/><G25/><N who="0" m="18447" /><D33/><U114/><E114/><V93/><F93/><W59/><G78/><T17/><D57/><U8/><E8/><V62/><F66/><W84/><G84/><T43/><D48/><U90/><E90/><V45/><F4/><W131/><G131/><T58/><D58/><U63/><E71/><V24/><F15/><W102/><G102/><T124/><D43/><U6/><E6/><V92/><F92/><W56/><G56/><T53/><D53/><U116/><E116/><V111/><F111/><W83/><G59/><T100/><D100/><U77/><E77/><V74/><F74/><W81/><N who="3" m="20480" /><DORA hai="112" /><W51/><G51/><T61/><D124/><U49/><E105/><V106/><F106/><W44/><G44/><T99/><D2/><U103/><E103/><V104/><F104/><W72/><G72/><T135/><D135/><U91/><E107/><V34/><F64/><W1/><G1/><T36/><D36/><U110/><E110/><V14/><F34/><RYUUKYOKU ba="0,0" sc="303,-10,205,-10,271,-10,221,30" hai3="11,13,21,26,29,54,55,68,69,70" /><INIT seed="6,1,0,0,1,84" ten="293,195,261,251" oya="2" hai0="126,56,80,40,41,107,13,26,134,120,45,4,109" hai1="82,67,101,25,132,28,133,30,103,75,58,53,12" hai2="129,117,135,102,6,35,97,29,92,15,65,69,112" hai3="71,2,18,5,37,86,81,66,90,111,20,52,47"/><V62/><F117/><W54/><G111/><T48/><D120/><U116/><E67/><V68/><F112/><W27/><G2/><T8/><D107/><U110/><E12/><V60/><F135/><W70/><G5/><T93/><D126/><U55/><E110/><V78/><F129/><W99/><G99/><T0/><D134/><U73/><E58/><V61/><F78/><W43/><REACH who="3" step="1"/><G66/><REACH who="3" ten="293,195,261,241" step="2"/><T24/><D0/><U105/><E116/><V59/><F6/><W16/><G16/><T42/><D109/><U128/><E128/><V130/><F130/><W114/><G114/><T49/><D4/><U91/><E105/><V7/><F7/><W14/><G14/><T39/><D13/><U131/><E131/><V3/><F15/><W96/><G96/><T85/><D26/><U63/><E25/><V50/><F3/><W74/><G74/><T22/><D24/><U108/><E108/><V21/><F65/><W106/><G106/><T11/><D11/><U57/><E75/><V115/><F115/><W9/><G9/><T124/><D8/><U83/><E73/><V32/><F97/><W10/><G10/><T123/><D124/><U76/><E133/><V36/><F29/><W77/><G77/><T19/><D19/><U44/><E132/><V31/><F31/><W89/><G89/><T87/><D87/><N who="1" m="50679" /><E30/><V118/><F118/><W113/><G113/><T79/><D79/><U23/><E28/><V51/><F35/><W127/><G127/><T98/><D98/><U64/><E76/><V94/><F32/><W121/><G121/><T122/><D123/><RYUUKYOKU ba="1,1" sc="293,-10,195,-10,261,-10,241,30" hai3="18,20,27,37,43,47,52,54,70,71,81,86,90" /><INIT seed="7,2,1,5,1,87" ten="283,185,251,271" oya="3" hai0="44,24,10,128,98,39,106,9,13,84,8,82,45" hai1="118,134,88,116,31,66,119,11,70,127,121,43,42" hai2="35,111,58,96,97,18,12,105,15,93,114,64,53" hai3="81,99,60,75,41,100,83,38,76,17,74,51,48"/><W79/><G38/><T85/><D128/><U5/><E121/><V104/><F111/><W72/><G72/><T52/><D39/><U107/><E107/><V54/><F35/><W6/><G6/><T78/><D106/><U23/><E134/><V22/><F114/><W80/><G80/><N who="0" m="47127" /><D98/><U67/><E127/><V129/><F129/><W86/><G86/><T132/><D132/><U19/><E31/><V21/><F64/><W95/><G41/><T117/><D117/><U2/><E67/><V115/><F115/><W29/><G29/><T40/><D40/><U27/><REACH who="1" step="1"/><E88/><REACH who="1" ten="283,175,251,271" step="2"/><N who="2" m="55335" /><F104/><W47/><G47/><T71/><D45/><U36/><E36/><V14/><F105/><W133/><G133/><T126/><D44/><U89/><E89/><V32/><F32/><W55/><G17/><T34/><D34/><U102/><E102/><V101/><F101/><W130/><G130/><T77/><D126/><U122/><E122/><V94/><F18/><W73/><G73/><T20/><D85/><U1/><E1/><V57/><F97/><W4/><G4/><T108/><D82/><U90/><E90/><V131/><F94/><W62/><G51/><T65/><D77/><U46/><E46/><V112/><F112/><W113/><G113/><T16/><D16/><U26/><E26/><V109/><F131/><W125/><G125/><T33/><D24/><U103/><E103/><V120/><F120/><W59/><AGARI ba="2,2" hai="48,55,59,60,62,74,75,76,79,81,83,95,99,100" machi="59" ten="20,3900,0" yaku="0,1,7,1,9,1" doraHai="87" who="3" fromWho="3" sc="283,-15,175,-15,251,-15,271,65" owari="268,7.0,160,-34.0,236,-16.0,336,43.0" /></mjloggm>