<mjloggm ver="2.3"><GO type="185" lobby="0"/><UN n0="%E5%86%AC%E7%81%AF" n1="%E5%85%A5%E5%B7%A3%E6%9F%9A%E5%AE%9F" n2="%E4%B8%AD%E3%83%91%E3%83%B3%E3%83%81%E7%A9%BA%E3%82%AD%E3%83%A3%E3%83%B3" n3="" dan="19,16,16,0" rate="2407.73,2198.15,2213.72,1500.00" sx="M,F,M,C"/><TAIKYOKU oya="0"/><INIT seed="0,0,0,2,4,69" ten="350,350,350,0" oya="0" hai0="43,33,96,98,36,126,135,83,109,107,66,34,68" hai1="49,67,56,70,120,54,86,85,40,38,108,72,132" hai2="105,113,127,93,76,103,91,47,59,2,100,94,87" hai3=""/><T99/><D107/><U61/><N who="1" m="30752" /><U90/><E108/><V123/><N who="2" m="31520" /><V75/><F2/><T97/><D109/><U80/><E132/><V117/><F117/><T112/><D112/><U88/><E72/><V110/><F113/><T106/><D135/><U89/><E80/><V74/><F110/><T84/><D126/><U0/><E0/><V122/><N who="2" m="31264" /><V130/><F127/><T71/><D106/><U45/><AGARI ba="0,0" hai="38,40,45,49,54,56,61,67,70,85,86,88,89,90" m="30752" machi="45" ten="30,9000,2" yaku="0,1,24,2,52,2,54,1" doraHai="69" who="1" fromWho="1" sc="350,-60,350,90,350,-30,0,0" /><INIT seed="1,0,0,0,4,76" ten="290,440,320,0" oya="1" hai0="116,62,82,39,68,56,123,95,72,104,133,80,35" hai1="65,75,86,50,52,51,63,128,47,34,103,106,32" hai2="101,33,88,115,67,70,3,99,107,0,111,94,92" hai3=""/><U59/><E128/><V100/><F33/><T110/><RYUUKYOKU type="yao9" ba="0,0" sc="290,0,440,0,320,0,0,0" hai0="35,39,56,62,68,72,80,82,95,104,110,116,123,133" /><INIT seed="1,1,0,4,4,63" ten="290,440,320,0" oya="1" hai0="2,45,38,117,82,96,47,107,127,99,48,134,66" hai1="50,90,61,128,91,69,74,88,51,60,46,123,49" hai2="129,95,108,57,73,0,94,71,130,119,97,35,68" hai3=""/><U105/><N who="1" m="31520" /><U70/><E105/><V121/><N who="2" m="31008" /><V1/><F35/><T87/><D127/><U41/><E74/><V79/><F119/><T106/><D134/><U67/><E128/><N who="2" m="49259" /><F108/><T102/><D2/><N who="2" m="1130" /><F79/><T58/><D38/><U126/><E126/><V43/><F73/><T33/><D117/><U3/><E3/><V89/><F43/><T122/><N who="0" m="31264" /><T114/><D114/><U77/><E77/><V110/><F110/><T81/><D33/><U125/><E125/><V118/><F118/><T100/><D82/><U112/><E112/><V124/><F124/><T53/><REACH who="0" step="1"/><D66/><AGARI ba="1,0" hai="41,46,49,50,51,60,61,66,67,69,70,88,90,91" m="31520" machi="66" ten="40,12000,1" yaku="9,1,52,3,54,1" doraHai="63" who="1" fromWho="0" sc="290,-122,440,122,320,0,0,0" /><INIT seed="1,2,0,4,5,129" ten="168,562,320,0" oya="1" hai0="59,131,119,91,50,0,44,97,114,1,68,128,96" hai1="2,87,115,40,86,125,112,61,99,132,124,42,34" hai2="72,85,127,49,63,3,37,76,101,120,55,84,70" hai3=""/><U73/><E73/><V113/><N who="2" m="30752" /><V108/><F3/><T39/><D114/><U130/><E61/><V89/><F113/><T60/><D119/><U90/><E99/><V95/><F37/><T134/><D68/><U88/><E34/><V117/><F117/><T106/><D39/><U107/><E107/><V116/><F116/><T62/><D59/><U64/><E64/><V93/><F127/><T81/><D81/><U98/><E98/><V121/><N who="2" m="31008" /><V78/><F108/><T69/><D69/><U71/><E71/><V75/><F63/><T54/><D106/><U103/><E103/><V65/><F65/><T32/><D32/><U111/><E111/><V126/><F126/><T77/><D97/><U133/><E130/><V41/><F70/><T94/><D131/><U66/><E66/><V74/><F41/><T79/><D128/><U110/><E110/><V56/><F101/><T122/><D1/><AGARI ba="2,0" hai="1,2,40,42,86,87,88,90,112,115,124,125,132,133" machi="1" ten="25,12000,1" yaku="22,2,52,2,54,1" doraHai="129" who="1" fromWho="0" sc="168,-124,562,124,320,0,0,0" /><INIT seed="1,3,0,5,1,45" ten="44,686,320,0" oya="1" hai0="3,57,95,101,108,54,118,82,80,36,75,128,64" hai1="1,37,132,91,106,62,60,130,72,67,87,2,78" hai2="117,131,113,126,89,85,32,111,97,123,107,98,124" hai3=""/><U73/><E37/><V129/><N who="2" m="31520" /><V61/><F32/><T68/><D3/><U102/><E130/><N who="2" m="49675" /><F61/><T114/><D36/><U115/><E62/><V79/><F111/><T90/><D108/><U84/><E84/><V47/><F47/><T35/><D114/><U125/><E115/><V44/><F44/><T121/><D128/><U49/><E49/><V50/><F50/><T43/><D118/><U42/><E42/><V96/><F113/><T70/><D35/><U74/><E60/><V39/><F39/><T133/><D43/><U41/><E67/><V48/><F48/><T120/><D64/><U55/><E55/><V65/><F65/><T109/><D109/><U34/><E41/><V88/><F107/><T38/><N who="0" m="30752" /><T112/><N who="0" m="31008" /><T134/><D38/><U56/><E106/><V110/><F110/><T93/><D112/><U33/><E33/><V105/><F105/><T86/><D54/><U104/><E34/><V52/><F52/><T119/><D57/><U51/><E56/><V71/><F71/><T69/><D69/><U0/><E0/><V116/><F116/><T103/><D119/><U53/><E1/><V99/><N who="2" m="24576" /><DORA hai="46" /><V92/><F117/><T81/><D68/><U77/><E53/><RYUUKYOKU ba="3,0" sc="44,0,686,0,320,0,0,0" /><INIT seed="2,4,0,4,1,48" ten="44,686,320,0" oya="2" hai0="116,79,111,107,99,132,90,106,54,77,95,89,69" hai1="62,98,40,60,86,135,134,83,131,115,113,84,105" hai2="35,53,123,41,91,61,56,112,78,133,108,66,42" hai3=""/><V64/><N who="2" m="31520" /><V121/><N who="2" m="31008" /><V96/><F35/><T63/><D116/><U122/><N who="1" m="31264" /><U118/><E40/><V93/><F112/><T82/><D111/><U125/><E125/><V32/><F32/><T130/><D130/><U2/><E131/><V109/><F133/><N who="1" m="50697" /><E118/><V75/><F75/><T36/><D36/><U44/><E44/><V126/><F78/><T97/><D132/><U57/><E2/><V101/><F126/><T81/><D63/><U37/><E37/><V88/><F42/><T102/><D69/><U1/><E62/><V3/><F41/><T46/><D46/><U58/><E58/><V104/><F91/><N who="0" m="34826" /><D54/><U92/><E105/><N who="0" m="39945" /><D99/><U43/><E98/><V87/><F3/><T52/><D52/><U68/><E68/><V55/><F55/><T49/><D49/><U74/><E60/><V67/><AGARI ba="4,0" hai="53,56,61,64,66,67,87,88,93,96,101,104,108,109" m="31008,31520" machi="67" ten="30,8000,1" yaku="0,1,52,3,54,1" doraHai="48" who="2" fromWho="2" sc="44,-44,686,-44,320,88,0,0" /><INIT seed="2,5,0,3,2,83" ten="0,642,408,0" oya="2" hai0="66,121,64,34,35,78,47,70,84,133,38,51,54" hai1="59,105,40,95,119,56,52,92,89,98,48,120,111" hai2="71,45,33,67,101,116,46,3,41,125,100,91,90" hai3=""/><V37/><F116/><T94/><N who="0" m="31008" /><T77/><D38/><U58/><N who="1" m="30752" /><U132/><E111/><V106/><F3/><T55/><D133/><U63/><E105/><V130/><F33/><T108/><D108/><U86/><E132/><V73/><F73/><T39/><D39/><U122/><N who="1" m="31264" /><U75/><E75/><V42/><F125/><T115/><D115/><U62/><E40/><V43/><F130/><T126/><D126/><U69/><E119/><V79/><F79/><N who="0" m="30218" /><D70/><U129/><E129/><V60/><F106/><T2/><D2/><U53/><E69/><V80/><F91/><T103/><D34/><U135/><E135/><V74/><F41/><T0/><D0/><U49/><E58/><V87/><F74/><T1/><D35/><U99/><E99/><V68/><F68/><T131/><D131/><U81/><E95/><V134/><F134/><T88/><D1/><U123/><N who="1" m="31520" /><U61/><E61/><V102/><F102/><AGARI ba="5,0" hai="48,49,52,53,56,59,62,63,81,86,89,92,98,102" m="31520,31264,30752" machi="102" ten="30,16000,3" yaku="7,1,9,1,8,1,52,4,54,1" doraHai="83" who="1" fromWho="2" sc="0,0,642,170,408,-170,0,0" /><INIT seed="4,0,0,0,5,125" ten="0,812,238,0" oya="0" hai0="121,34,100,70,71,130,97,47,67,82,90,2,99" hai1="66,94,74,112,106,118,53,40,57,101,126,120,111" hai2="131,87,37,132,68,114,73,93,69,127,89,43,77" hai3=""/><T36/><N who="0" m="31008" /><T35/><D2/><U45/><E106/><V63/><F127/><T107/><D90/><U78/><E78/><V92/><F132/><T109/><D82/><U88/><E66/><V102/><F114/><T104/><D109/><U84/><E111/><V32/><F32/><T83/><D83/><U48/><E74/><V117/><F117/><T81/><D81/><U39/><E118/><V59/><F73/><T60/><D130/><U113/><N who="1" m="30752" /><U129/><E101/><V0/><F77/><T80/><D80/><U55/><E129/><V133/><F131/><T128/><D71/><U64/><E126/><V50/><F0/><T75/><D75/><U41/><E88/><V38/><F69/><T3/><D3/><U85/><E94/><V115/><F93/><T108/><D108/><U98/><E85/><V96/><F68/><T122/><N who="0" m="31264" /><T58/><D58/><U86/><E57/><V95/><F59/><T61/><D61/><U52/><E86/><V116/><F63/><T44/><D128/><U103/><E84/><V105/><F87/><T51/><D36/><U1/><E39/><V42/><F37/><T76/><D76/><U119/><E1/><V46/><F38/><T56/><D56/><RYUUKYOKU ba="0,0" sc="0,0,812,0,238,0,0,0" /><INIT seed="5,1,0,4,0,132" ten="0,812,238,0" oya="1" hai0="41,2,107,135,51,119,105,89,39,101,61,96,106" hai1="63,81,85,97,67,127,126,44,57,125,115,120,100" hai2="79,88,46,104,34,82,121,91,128,122,123,113,54" hai3=""/><U37/><N who="1" m="30752" /><U70/><E115/><V50/><N who="2" m="31008" /><V98/><N who="2" m="31264" /><V58/><N who="2" m="31520" /><V52/><F34/><T86/><D2/><U99/><E70/><V75/><F113/><T76/><D39/><U112/><E112/><V48/><F128/><T43/><D43/><U64/><E64/><V32/><F32/><T68/><D135/><U69/><E69/><V47/><F58/><T84/><D119/><U134/><E134/><V56/><F56/><T131/><D131/><U110/><E110/><V38/><F38/><T117/><D117/><U102/><E99/><V59/><F59/><T0/><D0/><U92/><E102/><AGARI ba="1,0" hai="46,47,48,50,52,54,75,79,82,88,91,98,102,104" m="31520,31264,31008" machi="102" ten="40,12000,2" yaku="9,1,52,3,54,2" doraHai="132" who="2" fromWho="1" sc="0,0,812,-122,238,122,0,0" /><INIT seed="6,0,0,2,5,77" ten="0,690,360,0" oya="2" hai0="127,76,65,44,40,98,113,66,39,133,110,62,106" hai1="73,61,131,42,85,63,90,114,60,96,135,87,99" hai2="120,64,71,129,108,124,41,111,32,104,48,56,103" hai3=""/><V115/><F103/><T81/><D81/><U59/><E73/><V78/><F78/><T97/><D76/><U1/><E1/><V46/><N who="2" m="30752" /><V36/><F104/><T102/><D44/><U121/><N who="1" m="31008" /><U93/><E135/><V70/><F32/><T74/><D40/><U3/><E114/><V100/><F100/><T37/><D62/><U89/><E131/><V69/><F115/><T67/><D102/><U130/><E42/><V82/><F82/><T119/><D97/><N who="1" m="37451" /><E130/><V112/><F112/><T83/><D83/><U72/><E72/><V86/><F86/><T47/><D47/><U118/><E118/><V51/><F129/><T79/><D79/><U91/><E3/><V116/><F116/><T34/><D66/><U2/><E2/><V49/><F124/><T132/><D67/><U45/><E87/><V105/><F105/><T0/><D65/><U80/><E80/><V109/><F64/><T52/><D52/><AGARI ba="0,0" hai="36,41,46,48,49,51,52,56,69,70,71,108,109,111" m="30752" machi="52" ten="50,18000,2" yaku="10,1,34,3,52,1,54,1" doraHai="77" who="2" fromWho="0" sc="0,-180,690,0,360,180,0,0" owari="-180,-78.0,690,64.0,540,14.0,0,0.0" /></mjloggm>