<mjloggm ver="2.3"><GO type="185" lobby="0"/><UN n0="%E5%A4%A7%E5%9B%9B%E5%96%9C%E6%B8%85%E8%80%81%E9%A0%AD" n1="%E3%82%A2%E3%83%95%E3%83%AA%E3%82%AB" n2="%E3%81%82%E3%81%99%E3%81%AA%E3%82%8D%E3%83%A9%E3%82%A4%E3%83%80%E3%83%BC" n3="" dan="16,17,16,0" rate="2147.24,2247.46,2192.07,1500.00" sx="M,M,M,C"/><TAIKYOKU oya="0"/><INIT seed="0,0,0,4,5,103" ten="350,350,350,0" oya="0" hai0="42,84,96,56,105,92,74,63,127,110,108,117,109" hai1="61,125,83,121,116,101,135,107,55,98,88,129,38" hai2="93,75,60,90,126,57,99,102,45,89,3,53,48" hai3=""/><T128/><D117/><U71/><N who="1" m="31008" /><U67/><E116/><V112/><F3/><T118/><D118/><U35/><E35/><V41/><F112/><T0/><D0/><U85/><E38/><V111/><F75/><T58/><D74/><U72/><E72/><V54/><F126/><T64/><D127/><U69/><E125/><V133/><F111/><T119/><D119/><U80/><E135/><V59/><REACH who="2" step="1"/><F133/><REACH who="2" ten="350,350,340,0" step="2"/><T104/><D128/><U87/><E129/><V44/><F44/><T50/><D84/><U100/><E100/><V91/><F91/><T46/><D56/><U40/><E71/><V122/><N who="2" m="31264" /><V106/><F106/><T114/><D114/><U1/><E1/><V34/><F34/><T115/><D115/><U123/><N who="1" m="31520" /><U52/><E40/><V33/><F33/><T113/><D113/><U120/><N who="1" m="30752" /><U43/><E43/><V97/><F97/><T124/><D124/><U130/><E130/><V39/><AGARI ba="0,1" hai="39,41,45,48,53,54,57,59,60,89,90,93,99,102" m="31264" machi="39" ten="20,9000,2" yaku="1,1,0,1,7,1,52,1,53,2" doraHai="103" doraHaiUra="86" who="2" fromWho="2" sc="350,-60,350,-30,340,100,0,0" /><INIT seed="1,0,0,0,5,74" ten="290,320,440,0" oya="1" hai0="32,61,71,77,94,134,98,93,69,82,106,59,91" hai1="97,115,47,0,42,65,44,45,113,75,36,68,111" hai2="41,123,125,83,101,120,76,121,135,34,124,1,112" hai3=""/><U80/><E0/><V46/><N who="2" m="30752" /><V118/><N who="2" m="31008" /><V88/><N who="2" m="31520" /><V3/><F118/><T67/><D32/><U117/><E117/><V63/><F34/><T95/><D134/><U100/><E47/><V130/><F135/><T52/><D106/><U2/><E2/><V66/><F130/><T122/><N who="0" m="31264" /><T108/><D108/><U85/><E111/><V102/><F112/><T62/><REACH who="0" step="1"/><D71/><REACH who="0" ten="280,320,440,0" step="2"/><U37/><E68/><V72/><F3/><T48/><D48/><U73/><E115/><V81/><F1/><T89/><D89/><U33/><E33/><V55/><F125/><T60/><D60/><U103/><E113/><V109/><F124/><T92/><D92/><U133/><E133/><V40/><F109/><T87/><AGARI ba="0,1" hai="52,59,61,62,67,69,77,82,87,91,93,94,95,98" m="31264" machi="87" ten="20,9000,2" yaku="1,1,0,1,7,1,52,2,54,1,53,0" doraHai="74" doraHaiUra="128" who="0" fromWho="0" sc="280,100,320,-60,440,-30,0,0" /><INIT seed="2,0,0,3,5,98" ten="380,260,410,0" oya="2" hai0="32,112,2,60,68,86,40,38,33,116,118,92,119" hai1="45,94,59,120,103,102,85,53,129,93,131,105,44" hai2="56,51,43,90,58,1,67,81,37,97,71,39,52" hai3=""/><V101/><F1/><T75/><D2/><U84/><N who="1" m="30752" /><U121/><N who="1" m="31008" /><U124/><E105/><V126/><F126/><T109/><D75/><U57/><REACH who="1" step="1"/><E53/><REACH who="1" ten="380,250,410,0" step="2"/><V63/><F43/><T48/><D40/><U111/><E111/><V96/><F39/><T46/><D109/><U35/><E35/><V62/><F37/><T36/><D33/><U66/><E66/><V76/><F90/><T87/><D32/><U107/><E107/><V70/><F63/><T115/><D36/><U64/><E64/><V122/><N who="2" m="31264" /><V132/><F132/><T79/><D38/><U95/><E95/><V114/><F114/><T50/><D92/><U130/><E130/><V117/><F52/><T83/><D115/><U73/><E73/><V61/><F62/><T34/><D112/><U110/><E110/><V128/><F61/><T106/><D34/><U72/><E72/><V3/><F67/><T80/><D106/><U91/><E91/><V123/><F128/><T89/><D60/><U113/><E113/><V78/><F123/><T65/><D65/><U135/><E135/><V127/><F3/><T125/><D118/><U47/><E47/><V55/><F117/><T54/><D119/><U133/><E133/><V88/><F55/><RYUUKYOKU ba="0,1" sc="380,-10,250,20,410,-10,0,0" hai1="44,45,57,59,84,85,93,94,102,103,124,129,131" /><INIT seed="4,1,1,2,4,129" ten="370,270,400,0" oya="0" hai0="42,98,93,79,99,36,86,53,104,90,87,51,33" hai1="34,103,54,61,65,82,112,117,118,119,68,133,56" hai2="108,62,116,78,59,94,73,48,77,100,1,64,40" hai3=""/><T49/><D33/><U72/><E34/><V105/><F1/><T55/><D36/><U130/><E130/><V101/><F108/><T89/><D42/><U52/><E103/><V35/><F35/><T124/><D104/><U115/><E133/><V76/><F73/><T127/><D93/><U74/><E82/><V80/><F80/><T58/><D58/><U111/><E111/><V32/><F32/><T84/><REACH who="0" step="1"/><D87/><REACH who="0" ten="360,270,400,0" step="2"/><U70/><E74/><V71/><F94/><T121/><N who="0" m="31008" /><T96/><D96/><U123/><N who="1" m="31520" /><U110/><E72/><V41/><F105/><T134/><D134/><U0/><E110/><V92/><F92/><T57/><D57/><U44/><E0/><V109/><F109/><T106/><D106/><U63/><E70/><V38/><F71/><T3/><D3/><U132/><E132/><V66/><F41/><T114/><D114/><N who="1" m="43563" /><E44/><V69/><F69/><T95/><D95/><U97/><E97/><V43/><F59/><T88/><D88/><U67/><AGARI ba="1,2" hai="52,54,56,61,63,65,67,68,117,118,119" m="43563,31520" machi="67" ten="40,9000,2" yaku="15,1,11,1,34,2,52,1,54,1" doraHai="129" who="1" fromWho="1" sc="360,-61,270,112,400,-31,0,0" /><INIT seed="5,0,0,3,0,134" ten="299,382,369,0" oya="1" hai0="90,92,54,127,52,133,121,0,112,93,62,102,38" hai1="76,55,71,37,79,108,59,117,1,36,72,67,66" hai2="99,2,73,70,34,60,135,47,91,65,129,82,53" hai3=""/><U106/><E106/><V51/><F34/><T84/><N who="0" m="31008" /><T97/><D0/><U126/><E117/><V120/><N who="2" m="30752" /><V119/><F135/><T110/><D133/><U45/><E1/><V49/><F2/><T40/><D110/><U35/><E35/><V100/><F119/><T75/><D75/><U113/><E108/><V46/><F129/><T87/><D112/><U118/><E113/><V61/><F61/><T107/><D62/><U94/><E118/><V95/><F73/><T63/><D63/><U39/><E71/><V88/><REACH who="2" step="1"/><F82/><REACH who="2" ten="299,382,359,0" step="2"/><T89/><REACH who="0" step="1"/><D127/><REACH who="0" ten="289,382,359,0" step="2"/><U77/><E126/><V101/><F101/><T111/><D111/><U48/><E72/><V123/><N who="2" m="31520" /><V50/><F50/><T32/><D32/><U109/><E109/><V43/><AGARI ba="0,2" hai="43,46,47,49,51,53,60,65,70,88,91,95,99,100" m="31520,30752" machi="43" ten="20,9000,2" yaku="1,1,0,1,7,1,52,2,54,1,53,0" doraHai="134" doraHaiUra="115" who="2" fromWho="2" sc="289,-30,382,-60,359,110,0,0" /><INIT seed="6,0,0,3,3,132" ten="259,322,469,0" oya="2" hai0="42,63,52,114,55,100,94,59,36,119,3,51,54" hai1="78,79,44,113,110,33,103,38,77,120,92,66,111" hai2="97,34,0,2,43,61,39,96,84,40,107,75,134" hai3=""/><V130/><F34/><T102/><D3/><U104/><N who="1" m="30752" /><U93/><E33/><V108/><F84/><T127/><D119/><U109/><E66/><V1/><F75/><T37/><D114/><U49/><E38/><V62/><F134/><T125/><D42/><U98/><REACH who="1" step="1"/><E113/><REACH who="1" ten="259,312,469,0" step="2"/><V71/><F39/><N who="0" m="14922" /><D94/><U67/><E67/><V47/><F2/><T48/><D48/><U135/><E135/><V35/><F1/><T124/><D51/><U73/><E73/><V89/><F0/><T57/><D57/><U118/><E118/><V41/><F35/><T76/><D76/><U99/><E99/><V123/><F97/><T106/><D106/><U60/><E60/><V90/><F96/><T87/><D87/><U64/><E64/><AGARI ba="0,1" hai="52,54,55,59,63,64,100,102,124,125,127" m="14922" machi="64" ten="40,8000,1" yaku="18,1,52,3,54,1" doraHai="132" who="0" fromWho="1" sc="259,90,312,-80,469,0,0,0" owari="349,-5.0,232,-37.0,469,42.0,0,0.0" /></mjloggm>