<mjloggm ver="2.3"><GO type="169" lobby="0"/><UN n0="%E6%AC%A7%E5%B7%9E%E4%B8%89%E5%86%A0" n1="%2D%E6%84%9B%E5%AE%95%E7%B5%B9%E6%81%B5%2D" n2="%E3%81%94%E3%82%8B%E3%81%A3" n3="%EF%BC%98%EF%BC%90%EF%BC%90%EF%BC%98" dan="16,16,16,17" rate="2132.89,2119.63,2136.17,2178.48" sx="M,M,M,M"/><TAIKYOKU oya="0"/><INIT seed="0,0,0,0,0,85" ten="250,250,250,250" oya="0" hai0="119,4,124,87,107,48,63,96,45,109,123,60,20" hai1="3,132,82,90,95,71,78,54,5,91,113,30,62" hai2="52,29,25,10,118,46,80,16,127,33,1,88,47" hai3="50,76,74,41,61,69,100,122,64,49,24,102,129"/><T103/><D123/><U79/><E132/><V92/><F127/><W104/><G129/><T8/><D119/><U133/><E133/><V51/><F118/><W110/><G110/><T114/><D124/><U111/><E111/><V112/><F112/><W0/><G0/><T117/><D114/><U120/><E120/><V98/><F80/><W32/><G41/><T11/><D117/><U121/><E121/><V42/><F1/><W106/><G102/><T27/><D87/><N who="1" m="50551" /><E3/><V58/><REACH who="2" step="1"/><F42/><REACH who="2" ten="250,250,240,250" step="2"/><W77/><G122/><T21/><D109/><U44/><E113/><V101/><F101/><W126/><G126/><T28/><D21/><U38/><E38/><V66/><F66/><W15/><G100/><T83/><D83/><U125/><E125/><V131/><F131/><W17/><G64/><T65/><D4/><U94/><E71/><V86/><F86/><W116/><G69/><T37/><D37/><U128/><E128/><V134/><F134/><W115/><G116/><T135/><D135/><U70/><E70/><V18/><F18/><W19/><G17/><T36/><D36/><U72/><E5/><V26/><F26/><W59/><G24/><T67/><D67/><U40/><E72/><V14/><AGARI ba="0,1" hai="10,14,16,25,29,33,46,47,51,52,58,88,92,98" machi="14" ten="30,12000,2" yaku="1,1,0,1,52,1,54,3,53,1" doraHai="85" doraHaiUra="22" who="2" fromWho="2" sc="250,-60,250,-30,240,130,250,-30" /><INIT seed="1,0,0,4,5,127" ten="190,220,370,220" oya="1" hai0="81,69,54,2,31,92,40,122,125,77,87,20,102" hai1="100,61,103,110,1,131,113,98,132,17,119,34,13" hai2="134,91,16,38,15,88,124,30,39,4,85,111,126" hai3="114,6,46,18,49,66,121,120,106,104,133,25,93"/><U67/><E113/><V33/><F111/><W10/><G114/><T107/><D69/><U14/><E119/><V26/><F134/><W57/><G133/><T22/><D2/><U109/><E132/><V70/><F70/><W7/><G93/><T72/><D125/><N who="2" m="48234" /><F4/><W59/><G66/><T48/><D40/><U0/><E34/><V108/><F108/><N who="1" m="41577" /><E103/><V84/><F84/><W53/><G7/><T27/><D122/><U90/><E90/><N who="2" m="34347" /><F85/><W97/><G120/><T23/><D107/><N who="1" m="63895" /><E131/><V44/><F44/><W71/><G46/><T37/><D37/><U99/><E99/><V115/><F115/><W21/><G97/><N who="0" m="59687" /><D72/><U73/><E73/><V28/><F28/><W24/><G121/><T95/><D95/><U101/><E101/><V42/><F42/><W3/><G104/><T11/><D31/><U118/><E118/><V35/><F35/><W112/><G106/><T128/><D128/><U8/><E14/><V86/><F86/><W80/><G112/><T45/><D27/><U58/><AGARI ba="0,0" hai="0,1,8,13,17,58,61,67" m="63895,41577" machi="58" ten="30,3000,0" yaku="14,1,10,1" doraHai="127" who="1" fromWho="1" sc="190,-10,220,30,370,-10,220,-10" /><INIT seed="1,1,0,4,0,105" ten="180,250,360,210" oya="1" hai0="78,89,36,94,92,2,134,93,98,130,3,22,42" hai1="54,88,120,90,20,106,29,21,132,91,8,49,71" hai2="0,53,70,109,133,129,10,79,56,33,104,108,47" hai3="107,67,51,57,85,131,119,100,62,1,32,82,34"/><U58/><E120/><V111/><F129/><W46/><G131/><T123/><D134/><U24/><E106/><V6/><F133/><W76/><G119/><T61/><D130/><U99/><E132/><V81/><F104/><W63/><G1/><T102/><D78/><U39/><E39/><V69/><F47/><W83/><G100/><T5/><D123/><U116/><E116/><V52/><F33/><W117/><G117/><T12/><D42/><U95/><E71/><N who="2" m="27147" /><F56/><W43/><G107/><T68/><D36/><U118/><E118/><V41/><F41/><W80/><G80/><T25/><D93/><U15/><REACH who="1" step="1"/><E21/><REACH who="1" ten="180,240,360,210" step="2"/><V59/><F59/><W14/><G34/><T122/><D122/><U27/><E27/><V115/><F115/><W55/><G32/><T96/><D25/><U37/><E37/><V16/><F16/><AGARI ba="1,1" hai="8,15,16,20,24,29,49,54,58,88,90,91,95,99" machi="16" ten="30,18000,2" yaku="1,1,7,1,8,1,54,2,53,1" doraHai="105" doraHaiUra="13" who="1" fromWho="2" sc="180,0,240,193,360,-183,210,0" /><INIT seed="1,2,0,3,5,45" ten="180,433,177,210" oya="1" hai0="40,17,11,7,65,71,91,64,127,20,60,122,104" hai1="134,9,100,111,42,108,72,41,116,70,69,43,24" hai2="124,106,113,59,23,135,110,27,130,99,21,103,62" hai3="22,5,73,25,58,87,96,63,57,123,88,83,95"/><U47/><E116/><V15/><F110/><N who="1" m="42025" /><E72/><V74/><F130/><W44/><G123/><T38/><D127/><U50/><E134/><V133/><F124/><W36/><G5/><T89/><D122/><U67/><E100/><V39/><F39/><W97/><G73/><T105/><D65/><U107/><E107/><V84/><F74/><W119/><G119/><T49/><D38/><U18/><E67/><V61/><F113/><W112/><G96/><T66/><D66/><U46/><E41/><V8/><F84/><W52/><G112/><T30/><D30/><U29/><E9/><V56/><F56/><N who="3" m="35207" /><G44/><T28/><D28/><U1/><E18/><V34/><F34/><W55/><G55/><T118/><D118/><U31/><E31/><V48/><F61/><W86/><G86/><T79/><D105/><U19/><E19/><V82/><F62/><W128/><G36/><T12/><D104/><U10/><E10/><V37/><F37/><W126/><G128/><T54/><D40/><U33/><E1/><V114/><F114/><W93/><G126/><T77/><D77/><U4/><E4/><N who="2" m="3463" /><F135/><W117/><G117/><T85/><D79/><U68/><E68/><V78/><F133/><W90/><G95/><T6/><D6/><U2/><E2/><V51/><F106/><W125/><G125/><T35/><D85/><U80/><E80/><V131/><F82/><W0/><G0/><N who="0" m="487" /><D35/><U129/><E129/><V3/><F131/><W109/><G109/><T14/><D14/><U75/><E75/><V13/><F3/><W98/><G98/><T121/><D121/><RYUUKYOKU ba="2,0" sc="180,10,433,10,177,-30,210,10" hai0="12,17,20,49,54,60,64,71,89,91" hai1="24,29,33,42,43,46,47,50,69,70" hai3="22,25,57,58,83,87,88,90,93,97" /><INIT seed="1,3,0,1,1,121" ten="190,443,147,220" oya="1" hai0="130,67,17,123,103,53,47,9,73,37,127,78,10" hai1="49,60,40,0,62,31,122,2,107,18,114,41,86" hai2="52,54,3,33,120,81,102,97,45,83,101,95,51" hai3="72,70,134,43,88,118,56,7,14,48,38,91,34"/><U111/><E122/><V105/><F120/><W79/><G34/><T125/><D123/><U109/><E107/><V116/><F116/><W69/><G134/><T42/><D130/><U99/><E99/><V50/><F33/><W30/><G30/><T58/><D103/><U11/><E31/><V112/><F3/><W29/><G29/><T129/><D129/><U98/><E98/><V8/><F112/><W124/><G38/><T131/><D131/><U22/><E86/><V35/><F35/><W90/><G124/><T113/><D113/><U21/><E114/><V19/><F102/><W74/><G118/><T57/><D78/><U6/><E49/><V92/><F92/><W12/><G7/><T104/><D73/><U71/><E71/><V110/><F110/><W46/><G56/><T119/><D119/><U64/><E64/><V59/><REACH who="2" step="1"/><F105/><REACH who="2" ten="190,443,137,220" step="2"/><W24/><G74/><T23/><D104/><U126/><E0/><V27/><F27/><W80/><G24/><T1/><D1/><U106/><E106/><V85/><F85/><W55/><G14/><AGARI ba="3,1" hai="8,14,19,45,50,51,52,54,59,81,83,95,97,101" machi="14" ten="40,5200,0" yaku="1,1,8,1,54,1,53,0" doraHai="121" doraHaiUra="61" who="2" fromWho="3" sc="190,0,443,0,137,71,220,-61" /><INIT seed="2,0,0,5,4,114" ten="190,443,208,159" oya="2" hai0="25,0,124,97,56,94,41,44,91,30,19,8,120" hai1="102,7,134,40,53,24,50,113,73,57,17,39,117" hai2="74,38,135,9,67,112,51,128,33,21,111,3,23" hai3="78,59,46,28,77,6,35,45,115,64,14,89,121"/><V32/><F112/><W88/><G121/><T71/><D120/><U80/><E113/><V85/><F38/><W15/><G115/><T87/><D71/><U127/><E127/><V16/><F74/><W92/><G35/><N who="2" m="13385" /><F85/><W72/><G28/><T98/><D124/><U63/><E80/><V36/><F51/><W104/><G104/><T130/><D130/><U22/><E73/><V131/><F67/><W84/><G72/><T1/><D56/><U109/><E50/><V133/><F36/><W13/><G6/><T116/><D116/><U55/><E117/><V83/><F83/><W60/><REACH who="3" step="1"/><G89/><REACH who="3" ten="190,443,208,149" step="2"/><T76/><D30/><U118/><E7/><N who="2" m="1279" /><F111/><W132/><G132/><N who="2" m="50761" /><F23/><W65/><G65/><T93/><D91/><U86/><E22/><V54/><F54/><W58/><G58/><T52/><D52/><U12/><E57/><V101/><F101/><W5/><G5/><T61/><D44/><AGARI ba="0,1" hai="13,14,15,44,45,46,59,60,64,77,78,84,88,92" machi="44" ten="40,5200,0" yaku="1,1,8,1,54,1,53,0" doraHai="114" doraHaiUra="105" who="3" fromWho="0" sc="190,-52,443,0,208,0,149,62" /><INIT seed="3,0,0,5,3,128" ten="138,443,208,211" oya="3" hai0="105,4,66,70,84,34,39,62,129,117,45,49,115" hai1="132,42,29,16,121,111,106,5,96,26,71,123,73" hai2="9,76,74,25,10,30,32,60,110,103,33,57,83" hai3="90,28,6,52,86,44,7,78,48,130,27,35,24"/><W81/><G130/><T104/><D117/><U114/><E73/><V37/><F110/><W107/><G107/><T119/><D119/><U19/><E71/><V131/><F131/><W40/><G27/><T61/><D129/><U3/><E42/><V8/><F37/><W98/><G98/><T18/><D34/><U122/><E96/><V59/><F103/><W21/><G35/><T53/><D4/><U88/><E106/><V63/><F33/><W85/><REACH who="3" step="1"/><G40/><REACH who="3" ten="138,443,208,201" step="2"/><T43/><D115/><U47/><E114/><V124/><F124/><W75/><G75/><T38/><D105/><U92/><E26/><V94/><F32/><W67/><G67/><T100/><D104/><U91/><E121/><V0/><F25/><W68/><G68/><T54/><D100/><U14/><E122/><V15/><F74/><W97/><G97/><T20/><D84/><U116/><E123/><V133/><F0/><W102/><G102/><T12/><D43/><U46/><E3/><V118/><F118/><W109/><G109/><T72/><D72/><U41/><E41/><V126/><F126/><W113/><G113/><T31/><D31/><U79/><E29/><V2/><F30/><W134/><G134/><T108/><D108/><U135/><E111/><V87/><F133/><W55/><G55/><T93/><D54/><U77/><E116/><V22/><F2/><W80/><AGARI ba="0,1" hai="6,7,21,24,28,44,48,52,78,80,81,85,86,90" machi="80" ten="20,12000,1" yaku="1,1,0,1,7,1,8,1,54,1,53,0" doraHai="128" doraHaiUra="120" who="3" fromWho="3" sc="138,-40,443,-40,208,-40,201,130" /><INIT seed="3,1,0,3,1,3" ten="98,403,168,331" oya="3" hai0="24,87,119,101,31,20,65,59,92,17,118,97,75" hai1="53,11,135,76,9,25,38,134,29,19,112,127,34" hai2="21,85,23,84,68,56,49,61,6,129,69,37,5" hai3="124,35,82,94,1,88,42,26,107,46,50,39,67"/><W44/><G107/><T66/><D75/><U110/><E112/><V62/><F37/><W93/><G124/><T133/><D133/><N who="1" m="50699" /><E127/><V99/><F129/><W96/><G67/><T77/><D66/><U108/><E76/><V120/><F120/><W90/><G1/><T7/><D7/><N who="2" m="2570" /><F68/><W115/><G115/><T111/><D111/><N who="1" m="42539" /><E38/><V63/><F99/><W98/><G82/><T28/><D119/><U16/><E53/><N who="2" m="31791" /><F69/><W8/><G8/><AGARI ba="1,0" hai="8,9,11,16,19,25,29,34" m="42539,50699" machi="8" ten="30,8000,1" yaku="20,1,14,1,34,2,54,1" doraHai="3" who="1" fromWho="3" sc="98,0,403,83,168,0,331,-83" /><INIT seed="4,0,0,0,3,127" ten="98,486,168,248" oya="0" hai0="81,66,64,7,89,83,84,97,116,82,8,36,132" hai1="119,37,125,104,50,0,77,92,60,74,109,117,30" hai2="41,43,124,94,31,111,1,130,102,4,26,103,32" hai3="39,87,11,98,107,79,129,135,86,61,24,62,33"/><T69/><D116/><U53/><E109/><V134/><F111/><W72/><G39/><T115/><D36/><U106/><E125/><V70/><F124/><W2/><G72/><T85/><D132/><U112/><E112/><V96/><F70/><W45/><G45/><T80/><D115/><U65/><E0/><V63/><F134/><W67/><G62/><T95/><D69/><U10/><E30/><V22/><F103/><W75/><G75/><T52/><D52/><U99/><E10/><V19/><F130/><W91/><G79/><T128/><D128/><U16/><E77/><V28/><F63/><W105/><G135/><T13/><REACH who="0" step="1"/><D85/><REACH who="0" ten="88,486,168,248" step="2"/><U14/><E37/><V51/><F51/><W68/><G129/><T58/><D58/><U35/><E53/><V34/><F41/><W78/><G87/><T90/><AGARI ba="0,1" hai="7,8,13,64,66,80,81,82,83,84,89,90,95,97" machi="90" ten="30,6000,0" yaku="1,1,0,1,8,1,53,0" doraHai="127" doraHaiUra="49" who="0" fromWho="0" sc="88,70,486,-20,168,-20,248,-20" /><INIT seed="4,1,0,1,1,67" ten="158,466,148,228" oya="0" hai0="128,26,16,132,62,42,22,88,63,124,76,64,24" hai1="17,53,133,118,58,57,27,44,129,29,2,115,50" hai2="38,127,14,131,113,18,13,71,70,117,34,122,103" hai3="1,135,6,72,33,30,123,121,112,73,101,59,85"/><T43/><D132/><U120/><E120/><N who="3" m="46154" /><G112/><T134/><D134/><U83/><E118/><V56/><F122/><W94/><G33/><T45/><D128/><U91/><E129/><V109/><F109/><W110/><G110/><T61/><D124/><U19/><E2/><V116/><F113/><W9/><G30/><T25/><D76/><U126/><E133/><V106/><F131/><W49/><G135/><T7/><D7/><U11/><E115/><V10/><F38/><W92/><G101/><T28/><D64/><U107/><E107/><V20/><F34/><W39/><G39/><T48/><D43/><U0/><E0/><V98/><F56/><N who="1" m="21609" /><E11/><V21/><F127/><W104/><G104/><T60/><N who="0" m="15360" /><DORA hai="125" /><T40/><D40/><U130/><E130/><V41/><F41/><W77/><G85/><T105/><D105/><U5/><E5/><V54/><F54/><N who="3" m="32207" /><G77/><T32/><REACH who="0" step="1"/><D26/><REACH who="0" ten="148,466,148,228" step="2"/><U96/><E27/><V108/><F108/><W97/><G6/><T4/><D4/><U90/><E126/><V95/><F106/><W46/><G1/><T111/><D111/><U81/><E53/><V65/><F65/><W51/><G51/><T37/><D37/><U12/><E50/><V100/><F14/><W74/><G74/><T3/><D3/><U8/><E12/><V66/><F66/><W68/><G73/><T86/><D86/><U31/><E96/><V75/><F75/><W52/><G72/><T80/><D80/><U55/><E81/><V114/><F114/><W15/><G97/><T119/><D119/><N who="2" m="45642" /><F103/><W102/><G102/><T36/><D36/><RYUUKYOKU ba="1,1" sc="148,15,466,-15,148,15,228,-15" hai0="16,22,24,25,28,32,42,45,48,88" hai2="10,13,18,20,21,70,71,95,98,100" /><INIT seed="4,2,1,2,5,123" ten="163,451,163,213" oya="0" hai0="17,93,59,99,130,65,113,58,73,74,5,8,48" hai1="61,86,96,49,112,44,133,57,47,90,34,39,42" hai2="29,62,94,105,52,108,125,95,41,71,134,119,81" hai3="37,60,117,124,19,91,36,67,84,118,101,10,6"/><T35/><D35/><U2/><E112/><V40/><F119/><W120/><G120/><T7/><D113/><U26/><E2/><V1/><F105/><W135/><G135/><T85/><D130/><U64/><E133/><V106/><F106/><W56/><G101/><T88/><D74/><U87/><E96/><V51/><F134/><W11/><G124/><T126/><D73/><U104/><E104/><V79/><F1/><W55/><G37/><T114/><D114/><U72/><E72/><V132/><F132/><W83/><G36/><T92/><D126/><U89/><E86/><V15/><F29/><W102/><G102/><T78/><D78/><U20/><E87/><V127/><F127/><W121/><G121/><T111/><D111/><U13/><E13/><V70/><F108/><W25/><G67/><T46/><D17/><U22/><E22/><V98/><F15/><W32/><G11/><T80/><D65/><U103/><E103/><V116/><F116/><W12/><G32/><T82/><D8/><U43/><E34/><V28/><F28/><AGARI ba="2,1" hai="20,26,28,39,42,43,44,47,49,57,61,64,89,90" machi="28" ten="30,1000,0" yaku="7,1" doraHai="123" who="1" fromWho="2" sc="163,0,451,26,163,-16,213,0" /><INIT seed="5,0,0,1,4,22" ten="163,477,147,213" oya="1" hai0="65,98,60,71,66,35,7,52,135,33,77,133,25" hai1="44,51,42,43,62,89,39,63,88,55,96,92,109" hai2="80,111,19,68,125,115,74,14,26,99,31,113,106" hai3="93,20,6,119,56,50,107,16,81,94,91,102,4"/><U128/><E128/><V118/><F111/><W11/><G119/><T134/><D77/><U122/><E122/><V69/><F118/><W72/><G107/><T47/><D7/><U84/><E109/><V79/><F125/><W112/><G112/><N who="2" m="43081" /><F106/><W24/><G102/><T45/><D98/><U32/><E32/><N who="2" m="20599" /><F99/><W117/><G117/><T70/><D25/><U12/><E12/><V61/><F61/><N who="1" m="23049" /><E39/><V116/><F116/><W9/><G72/><T78/><D78/><U57/><E57/><V36/><F36/><W67/><G67/><N who="0" m="25611" /><D35/><U3/><E3/><V58/><F58/><W27/><G27/><T1/><D1/><U21/><E21/><AGARI ba="0,0" hai="14,19,21,68,69,74,79,80" m="20599,43081" machi="21" ten="30,3900,0" yaku="15,1,11,1,52,1" doraHai="22" who="2" fromWho="1" sc="163,0,477,-39,147,39,213,0" /><INIT seed="6,0,0,4,5,89" ten="163,438,186,213" oya="2" hai0="98,67,69,32,105,34,58,129,50,97,120,111,109" hai1="61,126,66,124,37,72,122,28,11,22,27,20,108" hai2="57,17,119,49,16,2,14,91,82,127,80,9,68" hai3="116,39,60,106,135,19,118,76,134,79,85,92,64"/><V70/><F119/><W84/><G39/><T104/><D120/><U56/><E108/><V42/><F127/><N who="1" m="48681" /><E37/><V41/><F2/><W117/><G106/><T110/><D129/><U114/><E122/><V121/><F121/><W96/><G19/><T107/><D50/><U113/><E72/><V13/><F68/><W62/><G64/><T26/><D26/><N who="1" m="16455" /><E11/><V10/><F70/><W99/><G118/><T46/><D46/><U88/><E88/><V77/><F91/><W3/><G3/><T125/><D125/><U5/><E5/><V101/><F101/><W0/><G0/><T78/><D78/><U86/><E86/><V71/><F71/><W6/><G6/><T87/><D87/><U40/><E40/><V8/><F8/><W4/><G4/><T18/><D18/><AGARI ba="0,0" hai="18,22,27,56,61,66,113,114" m="16455,48681" machi="18" ten="30,1000,0" yaku="18,1" doraHai="89" who="1" fromWho="0" sc="163,-10,438,10,186,0,213,0" /><INIT seed="7,0,0,5,2,115" ten="153,448,186,213" oya="3" hai0="130,82,120,64,26,129,49,54,7,33,112,24,32" hai1="45,9,69,84,80,95,113,132,28,36,20,98,19" hai2="43,126,116,109,86,2,47,118,6,110,10,123,25" hai3="111,89,97,74,91,125,105,79,51,56,117,18,16"/><W75/><G117/><N who="2" m="45161" /><F86/><W23/><G125/><T14/><D64/><U121/><E121/><V44/><F44/><W17/><G111/><N who="2" m="42505" /><F47/><W92/><G105/><T48/><D82/><U128/><E80/><V119/><F43/><W38/><G38/><T127/><D54/><U99/><E45/><V100/><F100/><W42/><G75/><T65/><D65/><U124/><E84/><V3/><F119/><W101/><G74/><T57/><D57/><U12/><E36/><V63/><F63/><W88/><G79/><T1/><D127/><U83/><E83/><V27/><F126/><W40/><G23/><T13/><D112/><U81/><E113/><V41/><F41/><W114/><G114/><T52/><D52/><AGARI ba="0,0" hai="16,17,18,40,42,51,52,56,88,89,91,92,97,101" machi="52" ten="40,12000,1" yaku="8,1,54,3" doraHai="115" who="3" fromWho="0" sc="153,-120,448,0,186,0,213,120" /><INIT seed="7,1,0,1,5,96" ten="33,448,186,333" oya="3" hai0="123,87,23,131,109,39,100,36,50,91,22,97,135" hai1="26,77,55,19,74,60,67,79,122,48,75,98,41" hai2="4,46,3,120,35,32,124,33,14,21,61,82,126" hai3="86,69,128,34,78,10,129,112,72,121,116,64,9"/><W90/><BYE who="0" /><G34/><T88/><D88/><U132/><E122/><V25/><F120/><W94/><G121/><T58/><D58/><N who="1" m="37271" /><E75/><V108/><F108/><W2/><G116/><T70/><D70/><U1/><E1/><V30/><F61/><N who="3" m="40079" /><G2/><T13/><D13/><U125/><E74/><V83/><F46/><W54/><G54/><T12/><D12/><U80/><E41/><V28/><F82/><N who="3" m="45383" /><G112/><T93/><D93/><U65/><E80/><V59/><F59/><W52/><G52/><T57/><D57/><U6/><E55/><V20/><F83/><W62/><G62/><T106/><D106/><U134/><E48/><V102/><F102/><W24/><G24/><T17/><D17/><U15/><E26/><N who="2" m="16463" /><F126/><W18/><G18/><T40/><D40/><U42/><E19/><N who="2" m="10359" /><F124/><W115/><G115/><T101/><D101/><U133/><E125/><V81/><F81/><W31/><G31/><T104/><D104/><U73/><E42/><V110/><F110/><W43/><G43/><T71/><D71/><U63/><E73/><V99/><F99/><W130/><AGARI ba="1,0" hai="9,10,86,90,94,128,129,130" m="45383,40079" machi="130" ten="30,1500,0" yaku="19,1" doraHai="96" who="3" fromWho="3" sc="33,-6,448,-6,186,-6,333,18" /><INIT seed="7,2,0,3,3,10" ten="27,442,180,351" oya="3" hai0="37,100,91,78,106,12,74,126,102,114,49,20,62" hai1="133,4,71,101,39,43,73,94,13,83,124,89,16" hai2="54,117,40,33,122,125,9,18,29,121,110,27,44" hai3="65,92,6,76,35,81,129,120,52,57,45,26,23"/><W64/><G120/><N who="2" m="46185" /><F110/><W119/><G119/><T15/><D15/><U130/><E71/><V55/><F125/><W134/><G134/><T60/><D60/><U123/><E123/><V42/><F117/><W41/><G129/><T97/><D97/><U116/><E116/><V75/><F75/><W28/><G6/><T25/><D25/><U63/><E124/><V46/><F18/><W103/><G35/><T48/><D48/><U131/><E63/><V67/><F9/><W80/><G103/><T3/><D3/><U105/><E105/><V5/><F67/><W88/><G45/><N who="2" m="17513" /><F5/><W19/><G41/><AGARI ba="2,0" hai="27,29,33,40,41,42,54,55" m="17513,46185" machi="41" ten="30,1000,0" yaku="13,1" doraHai="10" who="2" fromWho="3" sc="27,0,442,0,180,16,351,-16" owari="27,-47.0,442,53.0,196,-20.0,335,14.0" /></mjloggm>