<mjloggm ver="2.3"><GO type="169" lobby="0"/><UN n0="%67%78%7A" n1="%E3%81%94%E3%81%A7%E3%81%83%E3%82%93%E6%94%B9" n2="%E3%81%9F%E3%81%8B%E3%81%A3%E3%81%A6%E3%81%83%E3%83%BC" n3="%E6%BB%9D%E6%9C%AC%E3%81%B2%E3%81%B5%E3%81%BF%EF%BC%81" dan="18,18,18,17" rate="2239.59,2224.23,2265.49,2193.69" sx="F,F,F,M"/><TAIKYOKU oya="0"/><INIT seed="0,0,0,3,1,76" ten="250,250,250,250" oya="0" hai0="43,55,115,32,3,1,4,10,104,9,112,117,71" hai1="36,130,12,27,78,125,0,62,37,93,60,33,24" hai2="13,90,2,74,23,129,63,31,133,108,38,134,18" hai3="120,80,48,103,41,25,47,61,127,26,65,121,44"/><T40/><D117/><U82/><E0/><V89/><F2/><W16/><G127/><T28/><D104/><U29/><E130/><V118/><F38/><W50/><G103/><T34/><D28/><U116/><E116/><V72/><F118/><W105/><G105/><T30/><D30/><U52/><E125/><V42/><F42/><W81/><G61/><T11/><D11/><U79/><E93/><V96/><F129/><W70/><G65/><T110/><D55/><U54/><E29/><V73/><F108/><W131/><G131/><T21/><D21/><U6/><E12/><V8/><F63/><W17/><REACH who="3" step="1"/><G41/><REACH who="3" ten="250,250,250,240" step="2"/><T19/><D110/><U113/><E113/><V56/><F134/><W46/><G46/><T109/><D109/><U64/><E64/><V111/><F133/><W135/><G135/><T57/><D57/><U94/><E62/><V123/><F56/><W5/><G5/><T49/><D4/><U35/><E6/><V91/><F111/><W114/><G114/><T20/><D71/><AGARI ba="0,1" hai="16,17,25,26,44,47,48,50,70,71,80,81,120,121" machi="71" ten="25,12000,2" yaku="1,1,22,2,52,2,54,1,53,0" doraHai="76" doraHaiUra="83" who="3" fromWho="0" sc="250,-120,250,0,250,0,240,130" /><INIT seed="1,0,0,0,1,11" ten="130,250,250,370" oya="1" hai0="20,60,108,76,22,101,85,28,131,75,33,29,50" hai1="62,44,2,73,15,125,5,134,87,43,110,88,0" hai2="107,84,100,132,118,59,52,112,61,92,91,4,123" hai3="99,82,70,80,98,65,120,121,68,78,53,113,32"/><U57/><E73/><V129/><F118/><W36/><G32/><T115/><D115/><U72/><E72/><V46/><F123/><W27/><G36/><T109/><D75/><U128/><E134/><V56/><F132/><W97/><G113/><T18/><D131/><U81/><E128/><V58/><F112/><W69/><G65/><T67/><D33/><U49/><E125/><V13/><F129/><W93/><G93/><T30/><D101/><U31/><E31/><V77/><F77/><W34/><G53/><T64/><D50/><U38/><E38/><V17/><F4/><W41/><G41/><T95/><D22/><U89/><E110/><V122/><F122/><W7/><G7/><T14/><D64/><U45/><E45/><V66/><F107/><W114/><G114/><T124/><D124/><U24/><E24/><V94/><F46/><W71/><N who="3" m="17408" /><DORA hai="119" /><W35/><G35/><T96/><D85/><U111/><E111/><V105/><F105/><W40/><G40/><T86/><D86/><U127/><E127/><V74/><F74/><W135/><G135/><T103/><REACH who="0" step="1"/><D76/><REACH who="0" ten="120,250,250,370" step="2"/><N who="1" m="46503" /><E2/><V130/><F130/><W25/><G78/><T106/><D106/><U6/><E0/><V104/><F104/><W8/><G34/><T47/><D47/><U12/><E62/><V133/><F133/><W26/><G8/><T102/><D102/><U21/><E57/><AGARI ba="0,1" hai="14,18,20,28,29,30,57,60,67,95,96,103,108,109" machi="57" ten="40,2600,0" yaku="1,1,52,1,53,0" doraHai="11,119" doraHaiUra="3,48" who="0" fromWho="1" sc="120,36,250,-26,250,0,370,0" /><INIT seed="2,0,0,0,4,80" ten="156,224,250,370" oya="2" hai0="26,77,2,129,59,110,91,60,93,99,117,90,85" hai1="108,68,36,114,131,41,52,89,98,123,83,94,11" hai2="70,122,35,103,120,46,51,72,42,47,62,113,87" hai3="48,3,29,102,78,128,32,101,119,67,115,45,63"/><V71/><F72/><W6/><G119/><T54/><D117/><U92/><E114/><V107/><F35/><W133/><G128/><T109/><D129/><U5/><E131/><V82/><F113/><W40/><G133/><T100/><D2/><U14/><E108/><V8/><F8/><W66/><G115/><T56/><D26/><U34/><E123/><V23/><F23/><W4/><G78/><T1/><D1/><U69/><E34/><V28/><F28/><W126/><G66/><T75/><D59/><U10/><E10/><V0/><F0/><W118/><G126/><T96/><D91/><U57/><E83/><V125/><F125/><W97/><G101/><T33/><D33/><U22/><E22/><V73/><F73/><W86/><G3/><T27/><D27/><U79/><E79/><V49/><F103/><W30/><G29/><T130/><D130/><U20/><E20/><V58/><F107/><W112/><G30/><T44/><D44/><U124/><E124/><V121/><F87/><W18/><G86/><T16/><D16/><U76/><E76/><V127/><F82/><W9/><G32/><T61/><D61/><U104/><E104/><V21/><F21/><W135/><G118/><T88/><D90/><U43/><E94/><V7/><F7/><W106/><G112/><T105/><D99/><U116/><E116/><V84/><F84/><W65/><G4/><T31/><D31/><U132/><E132/><V81/><F81/><AGARI ba="0,0" hai="54,56,60,75,77,81,85,88,93,96,100,105,109,110" machi="81" ten="40,8000,1" yaku="24,2,52,1,54,1" doraHai="80" who="0" fromWho="2" sc="156,80,224,0,250,-80,370,0" /><INIT seed="3,0,0,2,4,11" ten="236,224,170,370" oya="3" hai0="89,56,123,20,72,4,10,63,67,105,76,80,74" hai1="110,13,53,104,99,84,6,134,92,22,120,16,106" hai2="71,49,0,116,12,113,40,26,86,66,108,109,91" hai3="61,28,38,29,17,129,125,2,35,70,52,95,135"/><W79/><G2/><T62/><D123/><U36/><E120/><V51/><F0/><W73/><G38/><T83/><D105/><U19/><E110/><V60/><F113/><W97/><G125/><T50/><D20/><U34/><E134/><V5/><F116/><W121/><G121/><T81/><D81/><U31/><E36/><V124/><F124/><W85/><G73/><T75/><D76/><U33/><E6/><V3/><F3/><W41/><G41/><T14/><D50/><U64/><E64/><V107/><F107/><W30/><G129/><T48/><D48/><U122/><E84/><V131/><F131/><W45/><G135/><T65/><REACH who="0" step="1"/><D89/><REACH who="0" ten="226,224,170,370" step="2"/><U102/><E122/><V37/><F37/><W133/><G79/><T27/><D27/><U93/><E104/><V114/><F26/><W132/><G133/><T15/><D15/><U9/><E34/><V118/><F51/><W126/><G35/><T42/><D42/><U25/><REACH who="1" step="1"/><E53/><REACH who="1" ten="226,214,170,370" step="2"/><V115/><F114/><W32/><G32/><T46/><D46/><U59/><E59/><AGARI ba="0,2" hai="4,10,14,56,59,62,63,65,67,72,74,75,80,83" machi="59" ten="40,8000,1" yaku="1,1,9,1,52,1,53,2" doraHai="11" doraHaiUra="57" who="0" fromWho="1" sc="226,100,214,-80,170,0,370,0" /><INIT seed="4,0,0,3,0,105" ten="326,134,170,370" oya="0" hai0="56,123,78,25,39,87,94,101,85,98,112,106,16" hai1="5,127,128,86,90,35,68,65,26,102,51,28,71" hai2="119,117,54,62,79,104,97,82,31,33,83,125,48" hai3="20,36,13,113,44,60,32,84,77,43,21,95,46"/><T81/><D123/><U64/><E127/><V89/><F125/><W108/><G108/><T0/><D39/><U92/><E128/><V67/><F31/><W27/><G113/><T129/><D112/><U12/><E102/><V124/><F33/><W75/><G32/><T99/><D129/><U24/><E24/><V8/><F8/><W115/><G115/><T45/><D0/><U6/><E51/><V96/><F124/><W126/><G13/><T118/><D118/><N who="2" m="45066" /><F89/><W34/><G126/><T131/><D131/><U120/><E120/><V30/><F30/><W57/><G75/><T70/><D70/><U47/><E47/><N who="2" m="27935" /><F104/><W9/><G9/><T110/><D110/><U114/><E114/><V19/><F19/><W93/><G20/><T53/><D45/><U107/><E107/><V134/><F134/><W42/><G34/><T132/><D132/><U40/><E40/><V41/><F83/><W133/><G133/><T72/><D16/><U59/><E6/><V2/><F41/><W10/><G10/><T109/><D25/><U52/><E5/><V103/><F103/><W63/><G44/><T3/><D3/><U91/><E91/><V88/><F88/><W73/><G43/><T23/><D23/><U38/><E12/><V49/><F49/><W58/><G21/><T29/><D29/><U50/><REACH who="1" step="1"/><E38/><REACH who="1" ten="326,124,170,370" step="2"/><V74/><F2/><W116/><G27/><T14/><D14/><U135/><E135/><V22/><F22/><W66/><G116/><T18/><D109/><U121/><E121/><V100/><F100/><W1/><G1/><T11/><D101/><RYUUKYOKU ba="0,1" sc="326,-15,124,15,170,15,370,-15" hai1="26,28,35,50,52,59,64,65,68,71,86,90,92" hai2="62,67,74,79,82,96,97" /><INIT seed="5,1,1,0,3,134" ten="311,139,185,355" oya="1" hai0="121,45,37,62,32,93,117,110,64,54,87,81,34" hai1="106,99,67,58,30,128,92,102,47,65,125,66,26" hai2="126,74,14,19,69,130,124,12,50,42,82,29,108" hai3="60,85,5,103,129,41,84,68,75,35,38,13,16"/><U17/><E125/><N who="2" m="48235" /><F108/><W2/><G75/><T95/><D110/><U31/><E128/><V43/><F130/><W78/><G35/><T40/><D117/><U119/><E119/><V18/><F69/><W135/><G135/><T22/><D121/><U36/><E106/><V80/><F29/><N who="1" m="10761" /><E36/><V100/><F100/><W88/><G103/><T59/><D22/><N who="1" m="13647" /><E47/><N who="2" m="25975" /><F43/><W109/><G41/><T115/><D115/><U27/><E27/><V9/><F74/><W0/><G38/><T90/><D95/><U97/><E97/><V107/><F107/><W72/><G72/><T73/><D73/><U20/><E20/><AGARI ba="1,1" hai="9,12,14,18,19,20,80,82" m="25975,48235" machi="20" ten="30,7700,0" yaku="18,1,52,3" doraHai="134" who="2" fromWho="1" sc="311,0,139,-80,185,90,355,0" /><INIT seed="6,0,0,4,2,86" ten="311,59,275,355" oya="2" hai0="28,81,1,62,67,16,6,91,77,129,83,117,100" hai1="26,124,118,46,80,128,107,2,0,33,63,88,64" hai2="95,70,84,110,125,103,122,39,38,11,92,111,15" hai3="44,7,93,73,47,97,72,32,36,4,127,76,82"/><V21/><F122/><W29/><G127/><T123/><D123/><U10/><E118/><V109/><F70/><W41/><G72/><T69/><D117/><U105/><E124/><V78/><F125/><W53/><G32/><T130/><D100/><U14/><E128/><N who="0" m="49257" /><D28/><U112/><E112/><V52/><F21/><W42/><G53/><T61/><D61/><U43/><E33/><V19/><F52/><W56/><G56/><T58/><D1/><U51/><E26/><V24/><F24/><W13/><G13/><T23/><D6/><U120/><E120/><V55/><F55/><W90/><REACH who="3" step="1"/><G29/><REACH who="3" ten="311,59,275,345" step="2"/><T37/><D58/><U132/><E132/><V113/><F113/><W133/><G133/><T126/><D126/><U66/><E2/><V71/><F71/><W57/><G57/><T101/><D69/><U96/><E0/><V18/><F18/><W12/><G12/><T17/><D17/><N who="1" m="8407" /><E105/><V31/><F31/><W116/><G116/><T22/><D16/><U25/><E107/><V131/><F131/><W27/><G27/><T45/><D67/><U108/><E108/><BYE who="1" /><UN n1="%E3%81%94%E3%81%A7%E3%81%83%E3%82%93%E6%94%B9" /><V35/><F35/><W30/><G30/><T87/><D62/><U9/><E25/><V34/><F34/><W75/><G75/><N who="0" m="43199" /><D101/><U134/><E134/><V74/><F74/><W79/><G79/><T106/><D106/><U3/><E3/><V115/><F115/><W89/><G89/><T59/><D59/><N who="1" m="36991" /><E66/><V8/><F103/><W121/><G121/><T98/><D45/><U119/><E119/><V102/><F102/><W99/><G99/><T60/><D98/><U85/><E96/><RYUUKYOKU ba="0,1" sc="311,-15,59,15,275,-15,345,15" hai1="9,43,46,51,80,85,88" hai3="4,7,36,41,42,44,47,73,76,82,90,93,97" /><INIT seed="7,1,1,0,4,47" ten="296,74,260,360" oya="3" hai0="17,91,2,110,61,75,77,127,42,129,51,3,11" hai1="74,25,50,26,86,68,90,84,56,4,55,71,94" hai2="106,115,18,116,109,52,135,32,23,112,45,38,99" hai3="63,121,21,64,12,36,100,58,59,24,111,54,20"/><W69/><G121/><T5/><D110/><U46/><E74/><V131/><F109/><W133/><G111/><T80/><D129/><U6/><E71/><V87/><F116/><W37/><G133/><T124/><D17/><U122/><E68/><V76/><F32/><W8/><G100/><T19/><D19/><U39/><E39/><V72/><F72/><W101/><G101/><T108/><D108/><U81/><E122/><V125/><F131/><W10/><G69/><T53/><D2/><U35/><E35/><V130/><F130/><W98/><G98/><T85/><D42/><U29/><E29/><V104/><F135/><W15/><G64/><T27/><D27/><U79/><E26/><V118/><F118/><W78/><G78/><T82/><REACH who="0" step="1"/><D61/><REACH who="0" ten="286,74,260,360" step="2"/><U103/><E25/><V60/><F125/><W83/><G63/><T114/><D114/><U66/><E103/><V65/><F115/><W34/><G24/><T102/><D102/><U41/><REACH who="1" step="1"/><E66/><REACH who="1" ten="286,64,260,360" step="2"/><V117/><F112/><W67/><G67/><T7/><D7/><U134/><E134/><V40/><F38/><W97/><G36/><T62/><D62/><U22/><E22/><V113/><F113/><W96/><G37/><T132/><D132/><U70/><E70/><V13/><F117/><W14/><G21/><T88/><D88/><U89/><E89/><V16/><F106/><W28/><G20/><T33/><D33/><U1/><E1/><V120/><F104/><W126/><G34/><T43/><D43/><U92/><E92/><V105/><F105/><W31/><G31/><T93/><D93/><RYUUKYOKU type="nm" ba="1,3" sc="286,-20,64,-20,260,80,360,-40" hai0="3,5,11,51,53,75,77,80,82,85,91,124,127" hai1="4,6,41,46,50,55,56,79,81,84,86,90,94" owari="266,-13.0,44,-46.0,370,47.0,320,12.0" /></mjloggm>