<mjloggm ver="2.3"><GO type="185" lobby="0"/><UN n0="%E9%BE%8D%E5%B9%B3" n1="%4D%4A%E6%9C%80%E5%BC%B7%E4%BD%8D" n2="%E3%83%9E%E3%83%A4%E3%82%B7%E3%82%B3%E3%82%AC%E3%83%81%E5%8B%A2" n3="" dan="16,17,16,0" rate="2229.37,2223.31,2176.02,1500.00" sx="M,M,M,C"/><TAIKYOKU oya="0"/><INIT seed="0,0,0,5,1,47" ten="350,350,350,0" oya="0" hai0="93,86,34,97,126,132,62,65,57,120,79,48,95" hai1="135,131,85,71,121,100,74,92,134,42,46,61,118" hai2="52,44,45,102,40,41,66,109,128,37,113,56,49" hai3=""/><T69/><N who="0" m="30752" /><T68/><D34/><U80/><N who="1" m="31008" /><U112/><E118/><V111/><F102/><T55/><D132/><N who="1" m="50731" /><E74/><V73/><F73/><T0/><D0/><U59/><E71/><V88/><F113/><T58/><D126/><U130/><E92/><V36/><F128/><N who="1" m="49193" /><E100/><V60/><REACH who="2" step="1"/><F88/><REACH who="2" ten="350,350,340,0" step="2"/><T94/><REACH who="0" step="1"/><D97/><REACH who="0" ten="340,350,340,0" step="2"/><U54/><E112/><V63/><F63/><T43/><D43/><U106/><E106/><V35/><F35/><T91/><D91/><U75/><E42/><V119/><F119/><T84/><D84/><U64/><E75/><V103/><F103/><T82/><AGARI ba="0,2" hai="48,55,57,58,62,65,68,69,79,82,86,93,94,95" m="30752" machi="82" ten="30,8000,1" yaku="1,1,0,1,52,2,53,1" doraHai="47" doraHaiUra="51" who="0" fromWho="0" sc="340,100,350,-40,340,-40,0,0" /><INIT seed="0,1,0,2,4,77" ten="440,310,300,0" oya="0" hai0="35,65,134,123,55,98,47,117,118,108,1,78,81" hai1="96,105,94,91,110,111,50,85,45,57,68,107,128" hai2="46,103,115,129,126,127,59,63,82,56,125,36,60" hai3=""/><T119/><N who="0" m="31520" /><T113/><D35/><U66/><E68/><V133/><F103/><T43/><D1/><U39/><E39/><V3/><F3/><T83/><D113/><U131/><E57/><N who="2" m="22091" /><F115/><T69/><D134/><U32/><E66/><V120/><N who="2" m="30752" /><V0/><F0/><T130/><D55/><U99/><E32/><V62/><F82/><T114/><D114/><U61/><E61/><V49/><F133/><T33/><D33/><U74/><E74/><V53/><F36/><T101/><D130/><AGARI ba="1,0" hai="46,49,53,60,62,63,125,126,127,129,130" m="30752,22091" machi="130" ten="40,8000,1" yaku="18,1,34,2,52,1" doraHai="77" who="2" fromWho="0" sc="440,-82,310,0,300,82,0,0" /><INIT seed="1,0,0,0,4,66" ten="358,310,382,0" oya="1" hai0="38,58,57,112,56,33,105,120,130,42,103,64,46" hai1="91,74,47,100,131,53,61,45,106,77,81,95,126" hai2="109,122,107,63,119,87,76,65,104,93,97,115,50" hai3=""/><U86/><E126/><V83/><N who="2" m="31264" /><V108/><F119/><T78/><N who="0" m="30752" /><T89/><D33/><U132/><E131/><V49/><F115/><T135/><D112/><U127/><E127/><V67/><F67/><T43/><D130/><U73/><E132/><V79/><F79/><T92/><D135/><U101/><E61/><V52/><F107/><T96/><D43/><U75/><E53/><V71/><F104/><T111/><D78/><U34/><E45/><V2/><F2/><T117/><D117/><U85/><E47/><V55/><F50/><T48/><D111/><N who="2" m="42570" /><F49/><T72/><D72/><N who="1" m="27755" /><E34/><V62/><F62/><T110/><D110/><U90/><E106/><V94/><F94/><AGARI ba="0,0" hai="75,77,81,85,86,90,91,94,95,100,101" m="27755" machi="94" ten="30,12000,1" yaku="35,5" doraHai="66" who="1" fromWho="2" sc="358,0,310,120,382,-120,0,0" /><INIT seed="1,1,0,3,5,70" ten="358,430,262,0" oya="1" hai0="43,35,108,49,119,113,87,115,122,68,36,59,126" hai1="92,120,96,131,111,84,62,44,89,54,80,48,79" hai2="107,63,135,83,73,128,133,39,97,134,121,105,129" hai3=""/><U41/><N who="1" m="30752" /><U53/><E131/><N who="2" m="50251" /><F63/><T104/><N who="0" m="31264" /><T34/><D104/><N who="2" m="40010" /><F39/><T102/><D102/><U78/><E111/><V85/><N who="2" m="31008" /><V86/><F97/><T90/><D68/><U40/><E78/><AGARI ba="1,0" hai="73,78,83,85,86,133,134,135" m="31008,40010,50251" machi="78" ten="40,8000,1" yaku="20,1,19,1,34,2,52,1" doraHai="70" who="2" fromWho="1" sc="358,0,430,-82,262,82,0,0" /><INIT seed="2,0,0,0,2,46" ten="358,348,344,0" oya="2" hai0="72,0,63,78,40,129,119,126,91,33,61,58,55" hai1="86,65,98,3,52,96,32,47,38,50,82,87,89" hai2="120,1,125,59,127,104,110,114,134,105,112,48,54" hai3=""/><V60/><N who="2" m="30752" /><V69/><F1/><T131/><D0/><U107/><E32/><V92/><F134/><T53/><D33/><U34/><E34/><V39/><F39/><T36/><D119/><U109/><E3/><V66/><F110/><T62/><D78/><U85/><E109/><V70/><F92/><T130/><D72/><U97/><E107/><V64/><F104/><T93/><D126/><N who="2" m="48138" /><F105/><T99/><D58/><U79/><E65/><N who="2" m="25195" /><F60/><T88/><D91/><U77/><E38/><V95/><F95/><T102/><REACH who="0" step="1"/><D102/><REACH who="0" ten="348,348,344,0" step="2"/><U111/><E111/><V35/><F35/><T57/><D57/><U51/><E77/><V100/><F100/><T49/><D49/><U128/><E128/><V106/><F106/><T81/><D81/><U68/><E68/><AGARI ba="0,1" hai="48,54,59,68,69,70,112,114" m="25195,48138,30752" machi="68" ten="30,12000,1" yaku="18,1,34,2,52,2" doraHai="46" who="2" fromWho="1" sc="348,0,348,-120,344,130,0,0" /><INIT seed="2,1,0,4,0,51" ten="348,228,474,0" oya="2" hai0="74,127,47,75,120,87,85,54,60,116,83,68,107" hai1="109,69,53,126,112,119,113,66,122,124,88,0,40" hai2="65,131,34,32,44,91,37,134,63,101,100,55,128" hai3=""/><V106/><F134/><T115/><N who="0" m="30752" /><T73/><D116/><U90/><N who="1" m="31264" /><U81/><E0/><V117/><F117/><T45/><D107/><U80/><E119/><V76/><F76/><T72/><D127/><N who="1" m="48683" /><E40/><V132/><F132/><T78/><D115/><N who="1" m="44107" /><E109/><V59/><F91/><N who="1" m="34857" /><E66/><V64/><F65/><T61/><D68/><U98/><E69/><V71/><F64/><T129/><D129/><U52/><E98/><V104/><F71/><T96/><D96/><U41/><E41/><V118/><F118/><T114/><D114/><U67/><E67/><V48/><F128/><T125/><D125/><U3/><E3/><V99/><F131/><T93/><D47/><U130/><E130/><V105/><F44/><T102/><D45/><U33/><E33/><V58/><F34/><T82/><D61/><U49/><E49/><V1/><F32/><T110/><D110/><U56/><E56/><V133/><F58/><T62/><D62/><U108/><E108/><V95/><F63/><T57/><N who="0" m="18432" /><DORA hai="70" /><T123/><N who="0" m="31520" /><T2/><D2/><U92/><E92/><V135/><F1/><T43/><D43/><U50/><E50/><V121/><F48/><T79/><D93/><U94/><E94/><V35/><F95/><RYUUKYOKU ba="1,0" sc="348,10,228,10,474,-20,0,0" hai0="54,57,60,78,79,82,83,85,87,102" hai1="52,53,80,81" /><INIT seed="4,2,0,0,1,122" ten="358,238,454,0" oya="0" hai0="58,67,51,123,127,89,71,40,72,86,79,132,112" hai1="75,121,78,95,73,111,76,130,32,77,62,47,105" hai2="107,68,46,128,120,56,3,52,44,42,83,115,0" hai3=""/><T1/><N who="0" m="31520" /><T103/><D112/><U57/><N who="1" m="31008" /><U74/><E32/><V82/><N who="2" m="30752" /><V129/><F107/><T60/><D1/><U80/><E105/><V96/><F68/><T114/><D114/><U53/><E130/><N who="2" m="50283" /><F115/><T92/><D132/><U55/><E95/><V124/><F124/><T49/><D127/><U36/><E111/><V97/><F83/><T34/><D34/><U98/><E98/><N who="2" m="37995" /><F82/><T85/><D103/><U69/><E69/><V119/><F119/><T33/><D33/><U39/><E80/><V93/><F93/><T2/><D2/><N who="2" m="554" /><F42/><T81/><D40/><U41/><REACH who="1" step="1"/><E55/><REACH who="1" ten="358,228,454,0" step="2"/><V50/><AGARI ba="2,1" hai="44,46,50,52,56" m="554,37995,50283,30752" machi="50" ten="40,3900,0" yaku="19,1,52,1,54,1" doraHai="122" who="2" fromWho="2" sc="358,-28,228,-15,454,53,0,0" /><INIT seed="5,0,0,5,0,61" ten="330,213,507,0" oya="1" hai0="44,67,76,91,112,55,51,62,108,80,104,77,107" hai1="37,54,128,1,42,56,129,38,33,3,95,86,41" hai2="90,81,66,92,113,100,133,70,105,73,109,132,120" hai3=""/><U87/><E56/><V97/><N who="2" m="30752" /><V82/><F109/><T127/><D108/><U47/><E95/><V114/><F70/><T34/><D34/><U106/><E47/><V2/><F66/><T88/><D127/><U83/><E83/><N who="2" m="31755" /><F2/><T125/><D125/><U45/><E45/><V119/><F73/><T130/><D130/><U99/><E99/><V35/><F35/><T53/><D112/><N who="2" m="43114" /><F119/><T98/><D77/><U64/><E33/><V111/><F111/><T85/><D53/><U126/><E54/><V60/><F60/><T124/><D124/><U43/><E126/><V58/><F58/><T39/><D39/><U103/><E43/><V78/><F78/><T102/><REACH who="0" step="1"/><D104/><REACH who="0" ten="320,213,507,0" step="2"/><U75/><E106/><V72/><F72/><T32/><D32/><U123/><N who="1" m="31520" /><U40/><E42/><V93/><F105/><T110/><D110/><U101/><E75/><V63/><F93/><T69/><AGARI ba="0,1" hai="44,51,55,62,67,69,76,80,85,88,91,98,102,107" machi="69" ten="20,9000,2" yaku="1,1,0,1,7,1,52,1,54,1,53,1" doraHai="61" doraHaiUra="48" who="0" fromWho="0" sc="320,100,213,-60,507,-30,0,0" /><INIT seed="6,0,0,2,2,51" ten="420,153,477,0" oya="2" hai0="66,64,62,93,35,71,109,95,76,79,110,37,105" hai1="45,57,102,107,70,55,80,33,39,78,119,68,58" hai2="61,126,65,1,118,69,88,87,48,91,98,63,50" hai3=""/><V116/><F1/><T120/><N who="0" m="30752" /><T90/><D35/><U127/><E33/><V128/><F128/><T123/><N who="0" m="31520" /><T83/><D37/><U49/><E102/><V34/><F34/><T104/><D83/><U81/><E107/><V2/><F2/><T114/><D62/><U43/><E80/><V47/><F50/><T59/><D59/><U112/><E81/><V94/><F61/><T46/><D90/><U89/><E89/><V115/><F126/><T101/><D101/><U99/><E99/><V53/><F115/><T129/><D46/><U0/><E78/><V135/><F135/><T52/><D129/><U133/><E0/><V125/><F125/><T111/><D114/><U124/><E112/><V67/><F67/><N who="0" m="25642" /><D52/><U121/><N who="1" m="31008" /><U32/><E32/><V86/><F86/><T85/><D71/><U44/><E133/><V100/><F91/><T3/><D85/><U134/><E134/><V56/><F69/><T130/><D3/><U92/><E92/><AGARI ba="0,0" hai="47,48,53,56,63,65,87,88,92,94,98,100,116,118" machi="92" ten="30,5800,0" yaku="7,1,52,1,54,1" doraHai="51" who="2" fromWho="1" sc="420,0,153,-58,477,58,0,0" owari="420,2.0,95,-50.0,535,48.0,0,0.0" /></mjloggm>