<mjloggm ver="2.3"><GO type="169" lobby="0"/><UN n0="%E3%81%BF%E3%81%8B%E3%82%93%EF%BC%A0%E3%82%8F%E3%81%8B%E3%82%81%E3%81%A6" n1="%E3%81%A1%E3%82%87%E3%82%8A%E3%81%8A" n2="%E3%81%AE%E3%81%AE%E3%81%BE%E3%81%99" n3="%6E%69%6B%6B%61%31%31%38" dan="16,16,16,16" rate="2068.99,2059.87,2105.29,2081.47" sx="M,M,F,M"/><TAIKYOKU oya="0"/><INIT seed="0,0,0,5,5,70" ten="250,250,250,250" oya="0" hai0="71,9,121,29,63,0,69,18,44,53,19,107,52" hai1="134,118,21,132,105,130,86,106,38,23,6,129,135" hai2="109,67,26,5,15,50,55,33,93,61,36,17,39" hai3="80,100,115,54,81,28,10,12,49,22,90,45,30"/><T120/><D107/><N who="1" m="40971" /><E6/><V27/><F109/><W102/><G115/><T42/><D29/><U127/><E118/><V48/><F93/><W133/><G133/><T92/><D92/><U43/><E86/><V119/><F5/><W128/><G128/><N who="1" m="49258" /><E43/><V117/><F15/><W94/><G22/><N who="1" m="8202" /><E38/><N who="2" m="14379" /><F17/><W14/><G30/><T108/><D69/><U84/><E84/><V32/><F61/><W111/><G28/><T8/><D71/><U125/><AGARI ba="0,0" hai="125,127,132,134,135" m="8202,49258,40971" machi="125" ten="50,12000,2" yaku="30,2,28,2,20,1,19,1" doraHai="70" who="1" fromWho="1" sc="250,-60,250,120,250,-30,250,-30" /><INIT seed="1,0,0,1,2,74" ten="190,370,220,220" oya="1" hai0="7,73,19,46,63,3,25,96,6,106,88,33,105" hai1="60,45,24,84,64,131,92,120,113,11,123,86,53" hai2="76,43,35,1,116,71,82,115,62,15,135,101,111" hai3="124,30,122,69,75,22,112,41,55,99,27,127,18"/><U14/><E113/><V125/><F43/><W51/><G75/><T8/><D73/><U66/><E131/><V32/><F62/><W81/><G122/><T83/><D7/><U90/><E84/><V50/><F50/><W65/><G112/><T38/><D63/><U9/><E24/><V57/><F57/><W95/><G41/><T20/><D38/><U68/><E66/><V2/><F76/><W54/><G81/><T129/><D129/><U119/><E119/><V70/><F101/><W31/><G65/><T114/><D114/><U34/><E34/><V36/><F82/><W44/><G55/><T29/><D46/><U16/><E11/><V117/><F15/><W42/><G42/><T21/><D21/><U79/><E79/><V97/><F97/><W49/><G49/><T98/><D98/><U23/><E9/><V103/><F103/><N who="3" m="60927" /><G69/><T128/><D128/><U37/><E37/><V93/><F93/><W109/><G109/><T61/><D61/><U104/><E104/><V40/><F40/><W58/><G44/><T118/><D118/><U47/><REACH who="1" step="1"/><E47/><REACH who="1" ten="190,360,220,220" step="2"/><V28/><F36/><W85/><G85/><N who="0" m="50239" /><D96/><U48/><AGARI ba="0,1" hai="14,16,23,45,48,53,60,64,68,86,90,92,120,123" machi="48" ten="30,6000,0" yaku="1,1,0,1,54,1,53,0" doraHai="74" doraHaiUra="133" who="1" fromWho="1" sc="190,-20,360,70,220,-20,220,-20" /><INIT seed="1,1,0,4,5,3" ten="170,430,200,200" oya="1" hai0="114,33,42,63,47,18,98,6,37,35,40,97,131" hai1="130,54,91,118,132,15,9,17,101,109,2,115,93" hai2="67,0,68,23,74,107,120,128,75,31,70,96,123" hai3="108,20,87,41,122,116,11,125,27,124,45,77,1"/><U112/><E118/><V50/><F128/><W13/><G122/><T8/><D114/><U52/><E130/><V4/><F50/><W111/><G1/><T10/><D131/><U25/><E132/><V102/><F23/><W44/><G116/><T26/><D42/><U83/><E2/><V113/><F31/><W92/><G92/><T88/><D63/><U76/><E101/><V84/><F84/><W16/><G87/><T81/><D97/><U46/><E76/><V62/><F68/><W134/><G77/><T71/><D71/><U129/><E129/><V104/><F104/><W12/><G134/><T60/><D60/><U61/><E83/><V73/><F113/><W53/><G13/><N who="0" m="7479" /><D26/><U36/><E36/><V117/><F117/><W21/><G21/><T59/><D59/><N who="1" m="35047" /><E109/><N who="3" m="42058" /><G53/><T100/><D100/><U28/><E115/><V133/><F133/><W95/><G95/><N who="0" m="56679" /><D81/><U82/><E82/><V106/><F106/><W19/><G41/><T22/><D22/><N who="1" m="15415" /><E112/><V30/><F30/><W65/><G65/><T55/><D55/><U103/><E103/><V94/><F94/><W39/><G39/><T48/><D37/><U49/><E93/><V56/><F56/><W135/><G135/><T66/><D66/><U7/><E91/><V110/><F110/><W127/><AGARI ba="1,0" hai="11,12,16,19,20,27,44,45,124,125,127" m="42058" machi="127" ten="40,5200,0" yaku="18,1,14,1,54,1" doraHai="3" who="3" fromWho="3" sc="170,-14,430,-27,200,-14,200,55" /><INIT seed="2,0,0,2,2,117" ten="156,403,186,255" oya="2" hai0="127,109,8,47,31,85,16,11,3,123,60,13,103" hai1="1,64,48,32,17,36,29,33,20,132,58,51,27" hai2="78,125,92,68,77,10,23,99,42,101,79,106,6" hai3="97,94,80,93,28,76,14,40,0,134,5,84,73"/><V114/><F114/><W100/><G0/><T57/><D109/><U105/><E36/><V115/><F115/><W7/><G134/><T45/><D127/><U90/><E105/><V131/><F125/><W118/><G118/><T2/><D103/><U9/><E132/><V62/><F131/><W119/><G119/><T43/><D31/><U54/><E64/><V44/><F23/><W120/><G120/><T55/><D123/><U98/><E33/><V128/><F128/><W70/><G70/><T122/><D122/><U108/><E108/><V116/><F116/><W65/><G65/><T53/><D85/><U63/><E1/><V129/><F129/><W24/><G40/><T41/><D55/><U52/><E54/><V107/><F62/><W37/><G37/><T35/><D35/><U74/><E74/><V50/><REACH who="2" step="1"/><F68/><REACH who="2" ten="156,403,176,255" step="2"/><W25/><G25/><T104/><D11/><U110/><E110/><V39/><F39/><W26/><G26/><T87/><D60/><U22/><E32/><V126/><F126/><W71/><G71/><T86/><D8/><U102/><E9/><V81/><F81/><W38/><G38/><T69/><D69/><U19/><E22/><V59/><F59/><W72/><G24/><T82/><D57/><U49/><E29/><V112/><F112/><W67/><G28/><T135/><D82/><U66/><E20/><V21/><F21/><W95/><G5/><T34/><D135/><U91/><E27/><V121/><F121/><W4/><G4/><T46/><D34/><U56/><E58/><V61/><F61/><W113/><G7/><RYUUKYOKU ba="0,1" sc="156,-10,403,-10,176,30,255,-10" hai2="6,10,42,44,50,77,78,79,92,99,101,106,107" /><INIT seed="2,1,1,3,0,60" ten="146,393,206,245" oya="2" hai0="25,21,98,66,14,48,92,51,125,131,17,16,79" hai1="135,65,44,95,91,68,35,46,71,50,58,99,20" hai2="70,134,116,45,130,27,76,128,39,6,5,41,97" hai3="40,119,108,31,55,52,57,129,102,19,88,72,28"/><V90/><F116/><W30/><G72/><T67/><D125/><U11/><E35/><V87/><F27/><W94/><G119/><T8/><D131/><N who="2" m="50218" /><F134/><W4/><G108/><T100/><D79/><U121/><E135/><V24/><F24/><W110/><G110/><T43/><D43/><U86/><E121/><V15/><F15/><W7/><G40/><T93/><D93/><U23/><E68/><V122/><F122/><W33/><G102/><T26/><D26/><U59/><E71/><V37/><F37/><W42/><G42/><T73/><D73/><U109/><E11/><V36/><F36/><W32/><G19/><T38/><D38/><U54/><E109/><V103/><F76/><W104/><G104/><T82/><D82/><U2/><E2/><V22/><F22/><N who="1" m="8233" /><E99/><V1/><F1/><W56/><G33/><T105/><D105/><U132/><E132/><V118/><F70/><W77/><G77/><T63/><REACH who="0" step="1"/><D67/><REACH who="0" ten="136,393,206,245" step="2"/><U13/><E65/><V115/><F118/><W101/><G129/><T18/><D18/><U113/><E113/><V75/><F75/><W117/><G117/><T61/><D61/><U49/><E13/><V96/><F115/><W123/><G123/><T9/><D9/><U0/><E0/><V107/><F96/><W81/><G32/><T85/><D85/><U12/><E12/><V29/><F29/><W84/><G31/><T47/><D47/><U106/><E106/><V89/><F87/><W74/><G30/><T62/><D62/><U133/><E133/><V120/><F120/><W80/><G28/><T111/><D111/><RYUUKYOKU ba="1,2" sc="136,10,393,10,206,10,245,-30" hai0="8,14,16,17,21,25,48,51,63,66,92,98,100" hai1="44,46,49,50,54,58,59,86,91,95" hai2="5,6,39,41,45,89,90,97,103,107" /><INIT seed="2,2,2,3,0,123" ten="146,403,216,215" oya="2" hai0="21,19,12,63,49,125,84,13,39,68,22,34,129" hai1="18,83,135,55,119,130,45,131,31,9,98,93,71" hai2="65,28,26,118,25,32,124,101,5,11,1,100,115" hai3="60,81,102,94,132,110,54,86,33,85,78,121,0"/><V52/><F115/><W20/><G33/><T75/><D39/><U72/><E119/><V90/><F118/><W82/><G0/><T97/><D75/><U27/><E71/><V41/><F124/><W95/><G110/><T64/><D125/><U112/><E112/><V105/><F41/><W36/><G36/><T44/><D129/><N who="1" m="49163" /><E135/><V79/><F79/><W108/><G108/><T103/><D34/><U62/><E83/><V59/><F65/><W30/><G121/><T76/><D84/><U109/><E72/><V89/><F26/><W17/><G30/><T16/><D76/><U88/><E109/><V70/><F70/><W43/><G43/><T35/><D35/><U51/><E62/><V96/><REACH who="2" step="1"/><F101/><REACH who="2" ten="146,403,206,215" step="2"/><W56/><G102/><T114/><D114/><U134/><E27/><V53/><F53/><W73/><G132/><T4/><D103/><U50/><E134/><V58/><F58/><W6/><G73/><T3/><D97/><U107/><E55/><V40/><F40/><W87/><G78/><T24/><D24/><U99/><E45/><V2/><F2/><W7/><G81/><T92/><D44/><U116/><E116/><V113/><F113/><W127/><G82/><T69/><D69/><U48/><E98/><V104/><F104/><W42/><G42/><T91/><D92/><N who="3" m="35369" /><G127/><T133/><D133/><U46/><E107/><V23/><F23/><W111/><G111/><T10/><D91/><U57/><E46/><V106/><F106/><W37/><G37/><T126/><D126/><U128/><N who="1" m="49171" /><U15/><DORA hai="120" /><E57/><V74/><F74/><RYUUKYOKU ba="2,3" sc="146,0,403,0,206,0,215,0" hai0="3,4,10,12,13,16,19,21,22,49,63,64,68" hai1="9,15,18,31,48,50,51,88,93,99" hai2="1,5,11,25,28,32,52,59,89,90,96,100,105" hai3="6,7,17,20,54,56,60,85,86,87" /><INIT seed="2,3,3,2,2,123" ten="146,403,206,215" oya="2" hai0="92,110,112,15,63,88,129,80,24,87,19,7,118" hai1="105,50,64,67,101,9,45,37,79,12,111,42,104" hai2="51,5,102,117,99,48,130,100,26,38,103,29,28" hai3="89,91,30,122,73,113,85,107,21,78,84,49,47"/><V69/><F117/><W82/><G122/><T25/><D112/><U36/><E79/><V43/><F130/><W27/><G113/><T55/><D129/><U124/><E124/><V120/><F120/><W8/><G107/><T10/><D118/><U126/><E126/><V2/><F69/><W72/><G8/><T34/><D110/><U41/><E111/><V14/><F2/><W134/><G134/><T133/><D133/><U20/><E20/><N who="2" m="15431" /><F38/><W127/><G78/><N who="0" m="46487" /><D34/><U18/><E101/><N who="2" m="39019" /><F29/><W97/><G97/><N who="0" m="57479" /><D19/><U119/><E119/><V90/><N who="2" m="39027" /><V76/><DORA hai="121" /><F76/><W106/><G106/><T128/><D128/><U53/><E105/><V135/><F43/><W81/><REACH who="3" step="1"/><G127/><REACH who="3" ten="146,403,206,205" step="2"/><T16/><D7/><U17/><E104/><V132/><F132/><W114/><G114/><T40/><D40/><AGARI ba="3,4" hai="21,27,30,40,47,49,72,73,81,82,84,85,89,91" machi="40" ten="30,7700,0" yaku="1,1,7,1,9,1,53,1" doraHai="123,121" doraHaiUra="44,11" who="3" fromWho="0" sc="146,-86,403,0,206,0,205,126" /><INIT seed="3,0,0,5,0,23" ten="60,403,206,331" oya="3" hai0="95,80,98,3,102,64,32,71,113,130,91,105,82" hai1="17,6,54,109,47,9,65,45,103,12,13,8,129" hai2="104,116,122,4,38,15,93,50,124,26,68,5,97" hai3="76,83,29,96,115,40,84,1,21,16,59,123,133"/><W79/><G1/><T127/><D3/><U49/><E109/><V30/><F116/><W69/><G69/><T25/><D127/><U67/><E129/><V111/><F38/><W11/><G133/><T37/><D37/><U58/><E103/><V125/><F111/><W42/><G79/><T39/><D39/><U89/><E89/><V73/><F73/><W81/><G81/><T61/><D130/><U108/><E108/><V10/><F68/><W70/><G70/><T34/><D34/><U110/><E110/><V7/><F104/><W135/><G135/><T35/><D35/><U106/><E106/><V119/><F50/><W22/><G11/><T2/><D2/><U126/><E126/><N who="2" m="48747" /><F119/><W107/><G123/><T88/><D113/><U36/><E36/><V28/><F122/><W94/><G59/><T63/><D63/><U117/><E117/><V44/><F44/><AGARI ba="0,0" hai="6,8,9,12,13,17,44,45,47,49,54,58,65,67" machi="44" ten="40,1300,0" yaku="8,1" doraHai="23" who="1" fromWho="2" sc="60,0,403,13,206,-13,331,0" /><INIT seed="4,0,0,3,4,86" ten="60,416,193,331" oya="0" hai0="105,94,3,42,78,71,66,113,24,15,87,33,14" hai1="80,69,16,127,4,107,90,58,91,98,121,123,126" hai2="2,124,0,43,81,114,75,89,61,122,36,129,130" hai3="57,132,44,97,47,22,85,27,52,8,28,53,131"/><T120/><D120/><U23/><E69/><V6/><F122/><N who="1" m="46601" /><E4/><V134/><F114/><W99/><G131/><N who="2" m="50185" /><F6/><W35/><G132/><T13/><D105/><U50/><E50/><V74/><F61/><W76/><G8/><T32/><D113/><U39/><E39/><V1/><F124/><N who="1" m="47657" /><E58/><V41/><F134/><W125/><G35/><T95/><D3/><U83/><E83/><V110/><F110/><W116/><G57/><T56/><D71/><U70/><E70/><V88/><F36/><W67/><G67/><T111/><D42/><N who="2" m="15882" /><F81/><W77/><G44/><T40/><D40/><U115/><E80/><V102/><F102/><W82/><G82/><N who="0" m="47575" /><D33/><U30/><E30/><V68/><F68/><W62/><G47/><T112/><D112/><U63/><E63/><V101/><F101/><W12/><G28/><N who="0" m="19463" /><D111/><U21/><E21/><V11/><F11/><W100/><G62/><T117/><D117/><U18/><E115/><V119/><F119/><W103/><G116/><T38/><D38/><U93/><E107/><V10/><F10/><W37/><G37/><T133/><D133/><U96/><E23/><V51/><F51/><W54/><G22/><T5/><D5/><U79/><E79/><V65/><F65/><W84/><G53/><T46/><D46/><U45/><E45/><V92/><F92/><AGARI ba="0,0" hai="16,18,90,91,92,93,96,98" m="47657,46601" machi="92" ten="30,7700,0" yaku="18,1,52,2,54,1" doraHai="86" who="1" fromWho="2" sc="60,0,416,77,193,-77,331,0" /><INIT seed="5,0,0,2,2,58" ten="60,493,116,331" oya="1" hai0="34,29,72,49,88,39,36,59,70,28,61,3,14" hai1="31,124,74,24,10,66,73,64,93,135,100,71,35" hai2="106,91,6,78,97,111,0,132,54,20,77,7,57" hai3="121,92,62,129,110,130,63,126,69,42,47,119,84"/><U82/><E135/><V118/><F118/><W113/><G121/><T105/><D3/><U2/><E124/><V116/><F116/><W17/><G69/><T18/><D72/><U114/><E114/><V95/><F111/><W109/><G113/><T38/><D105/><U60/><E66/><V99/><F132/><W52/><G126/><T104/><D104/><U55/><E55/><V102/><F20/><W79/><G42/><T4/><D4/><U46/><E46/><V120/><F120/><W5/><G5/><T127/><D127/><U108/><E108/><N who="3" m="41578" /><G17/><T90/><D70/><U87/><E2/><V115/><F115/><W98/><G84/><T27/><D49/><U53/><E53/><V75/><F75/><W80/><G80/><T21/><REACH who="0" step="1"/><D29/><REACH who="0" ten="50,493,116,331" step="2"/><U123/><E123/><V131/><F6/><W23/><G119/><T134/><D134/><U15/><E74/><V94/><F106/><W96/><G129/><T101/><D101/><U25/><E73/><V33/><F131/><W65/><G130/><T19/><D19/><U13/><E100/><V12/><F0/><W86/><G96/><T1/><D1/><U26/><E71/><V51/><F33/><W83/><G98/><T85/><D85/><U117/><E87/><V30/><F30/><W112/><G86/><T122/><D122/><U68/><E117/><V81/><F81/><W103/><G83/><T133/><D133/><U128/><E82/><V76/><F7/><W41/><G103/><T125/><D125/><U107/><E128/><V37/><F37/><W45/><G112/><T56/><D56/><RYUUKYOKU ba="0,1" sc="50,15,493,-15,116,15,331,-15" hai0="14,18,21,27,28,34,36,38,39,59,61,88,90" hai2="12,51,54,57,76,77,78,91,94,95,97,99,102" /><INIT seed="6,1,1,1,0,79" ten="65,478,131,316" oya="2" hai0="76,123,46,101,112,93,89,87,15,40,75,0,48" hai1="77,47,34,59,21,31,94,129,72,12,13,78,67" hai2="127,16,50,62,68,124,66,23,9,117,8,57,6" hai3="69,98,42,5,80,88,3,130,56,55,38,108,91"/><V11/><F117/><W119/><G69/><T17/><D123/><U115/><E34/><V97/><F97/><W53/><G130/><T131/><D131/><U103/><E129/><V49/><F6/><W7/><G108/><T71/><D112/><U114/><E47/><V134/><F134/><W39/><G42/><T120/><D120/><U35/><E35/><V25/><REACH who="2" step="1"/><F68/><REACH who="2" ten="65,478,121,316" step="2"/><W132/><G98/><T133/><D71/><U22/><E115/><V90/><F90/><W10/><G88/><T122/><D122/><U18/><E114/><V106/><F106/><W43/><G91/><T64/><D133/><U45/><E103/><V81/><F81/><W29/><G80/><N who="0" m="47495" /><D0/><U74/><E94/><V4/><F4/><W116/><G5/><T135/><D135/><U100/><E100/><V37/><F37/><W109/><G7/><T118/><D118/><U20/><E74/><V105/><F105/><W24/><G3/><T32/><D75/><U58/><E72/><V33/><F33/><W60/><G132/><T92/><D32/><U104/><E104/><V102/><F102/><W84/><G39/><T82/><D101/><U121/><E121/><V99/><F99/><W27/><G38/><T86/><D64/><U41/><E67/><V2/><F2/><W125/><G116/><T28/><D28/><U95/><E31/><V44/><F44/><W54/><G29/><T70/><D70/><U83/><E83/><V30/><F30/><W52/><G119/><T107/><D107/><U110/><E95/><V128/><F128/><W73/><G73/><T113/><D113/><RYUUKYOKU ba="1,2" sc="65,15,478,-15,121,15,316,-15" hai0="15,17,40,46,48,82,86,89,92,93" hai2="8,9,11,16,23,25,49,50,57,62,66,124,127" /><INIT seed="6,2,2,5,3,22" ten="80,463,136,301" oya="2" hai0="23,34,70,121,107,97,40,8,133,86,122,101,120" hai1="36,128,28,62,47,39,11,37,115,66,103,16,0" hai2="31,65,43,112,10,25,110,44,18,42,92,30,64" hai3="56,15,9,41,13,100,105,20,111,99,29,83,98"/><V84/><F110/><W94/><G41/><N who="2" m="15369" /><F44/><W2/><G2/><T90/><D133/><U132/><E28/><N who="2" m="10795" /><F112/><W61/><G83/><T53/><D70/><U50/><E132/><V68/><F68/><W7/><G111/><T3/><D34/><U123/><E115/><V102/><F10/><W63/><G56/><T129/><D129/><U114/><E114/><V48/><F48/><W118/><G118/><T81/><D40/><U54/><E128/><V14/><F14/><W19/><G29/><T6/><D53/><U51/><E50/><V35/><F35/><W12/><G12/><T52/><D52/><U125/><E0/><V108/><F108/><W24/><G15/><T96/><D96/><U72/><E11/><V113/><F113/><W89/><AGARI ba="2,2" hai="7,9,13,19,20,24,61,63,89,94,98,99,100,105" machi="89" ten="20,2700,0" yaku="0,1,7,1,52,1" doraHai="22" who="3" fromWho="3" sc="80,-9,463,-9,136,-15,301,53" /><INIT seed="7,0,0,0,5,32" ten="71,454,121,354" oya="3" hai0="41,24,60,133,66,14,131,0,34,86,134,70,114" hai1="58,4,77,84,47,126,43,130,15,97,88,28,9" hai2="74,64,30,128,113,49,2,56,7,36,112,100,25" hai3="55,121,107,46,83,78,16,52,12,54,119,105,8"/><W82/><G119/><T117/><D117/><U124/><E130/><V132/><F36/><W111/><G111/><T123/><D123/><U80/><E28/><V57/><F74/><W39/><G121/><T35/><D131/><U17/><E58/><V69/><F100/><W53/><G82/><T33/><D41/><U1/><E97/><V94/><F94/><W72/><N who="3" m="13312" /><DORA hai="120" /><W37/><REACH who="3" step="1"/><G37/><REACH who="3" ten="71,454,121,344" step="2"/><T21/><D114/><U125/><E43/><AGARI ba="0,1" hai="8,12,16,39,43,46,72,78,83,105,107" m="13312" machi="43" ten="50,12000,1" yaku="1,1,2,1,54,2,53,1" doraHai="32,120" doraHaiUra="61,106" who="3" fromWho="1" sc="71,0,454,-120,121,0,344,130" owari="71,-43.0,334,13.0,121,-28.0,474,58.0" /></mjloggm>