<mjloggm ver="2.3"><GO type="169" lobby="0"/><UN n0="%E3%83%90%E3%82%AD" n1="%E7%8B%AD%E5%B1%B1%E8%8C%B6" n2="%E3%81%97%E3%82%87%E3%81%86%40%34%38%36%39" n3="%28%E6%A0%97%E7%94%B0%E6%81%AD%E5%AE%8F%29" dan="17,16,16,16" rate="2200.90,2094.15,2139.22,2152.45" sx="M,M,M,F"/><TAIKYOKU oya="0"/><INIT seed="0,0,0,1,5,51" ten="250,250,250,250" oya="0" hai0="25,90,112,97,110,102,85,109,18,49,6,38,52" hai1="58,118,67,132,8,19,78,29,83,73,126,62,69" hai2="37,68,134,54,100,48,11,20,30,59,98,14,105" hai3="81,16,103,15,93,17,125,55,120,60,31,128,53"/><T24/><D38/><U5/><E118/><V4/><F134/><W107/><G107/><T117/><D117/><U23/><E132/><V74/><F74/><W47/><G125/><T119/><D119/><U115/><E126/><V121/><F121/><W13/><G128/><T129/><D112/><U64/><E115/><V88/><F37/><W33/><G120/><T12/><D6/><U63/><E29/><V36/><F68/><W77/><G33/><T46/><D129/><U114/><E114/><V87/><F36/><W84/><G31/><T72/><D72/><U89/><E89/><V42/><F42/><W0/><G0/><T21/><D97/><U113/><E113/><V80/><F30/><W96/><G47/><T27/><REACH who="0" step="1"/><D102/><REACH who="0" ten="240,250,250,250" step="2"/><U57/><E5/><V116/><F116/><W43/><G43/><T92/><AGARI ba="0,1" hai="12,18,21,24,25,27,46,49,52,85,90,92,109,110" machi="92" ten="30,12000,1" yaku="1,1,2,1,0,1,52,1,54,1,53,0" doraHai="51" doraHaiUra="7" who="0" fromWho="0" sc="240,130,250,-40,250,-40,250,-40" /><INIT seed="0,1,0,3,0,102" ten="370,210,210,210" oya="0" hai0="31,117,103,27,122,100,126,46,60,81,98,43,6" hai1="67,80,62,29,5,105,32,14,128,28,3,111,74" hai2="134,104,123,37,109,39,69,11,68,7,83,63,52" hai3="130,61,30,118,127,113,50,72,12,107,13,17,8"/><T91/><D117/><U101/><E3/><V132/><F83/><W44/><G113/><T82/><D122/><U94/><E111/><V87/><F87/><W42/><G118/><T116/><D116/><U34/><E128/><V57/><F11/><W129/><G72/><T15/><D126/><U59/><E105/><V125/><F7/><W77/><G127/><T92/><D60/><U114/><E114/><V78/><F78/><W36/><G77/><T86/><D82/><U79/><E34/><V70/><F104/><W121/><G121/><T18/><D6/><U120/><E120/><V119/><F119/><W112/><G112/><T24/><D103/><U21/><E32/><V88/><F88/><W110/><G110/><T53/><D53/><U48/><E48/><V99/><F99/><W90/><G107/><T75/><D75/><U85/><E74/><V20/><F20/><W9/><G30/><T22/><REACH who="0" step="1"/><D31/><REACH who="0" ten="360,210,210,210" step="2"/><U124/><E124/><V96/><F125/><W95/><G61/><T49/><AGARI ba="1,1" hai="15,18,22,24,27,43,46,49,81,86,91,92,98,100" machi="49" ten="20,12000,1" yaku="1,1,2,1,0,1,7,1,8,1,53,0" doraHai="102" doraHaiUra="35" who="0" fromWho="0" sc="360,133,210,-41,210,-41,210,-41" /><INIT seed="0,2,0,5,3,96" ten="493,169,169,169" oya="0" hai0="13,102,4,75,8,62,118,58,123,48,35,89,6" hai1="103,37,72,17,41,21,92,116,59,97,101,31,61" hai2="14,73,134,27,33,76,23,0,29,110,109,132,67" hai3="30,49,38,95,113,79,68,69,10,94,26,120,88"/><T40/><D118/><U16/><E72/><V15/><F67/><W133/><G113/><T65/><D123/><U83/><E116/><V53/><F0/><W71/><G38/><T2/><D35/><U36/><E83/><V18/><F53/><W85/><G133/><N who="2" m="51305" /><F76/><W50/><G120/><T22/><D75/><U74/><E74/><V77/><F77/><W51/><G79/><T52/><D40/><U130/><E130/><V43/><F43/><W135/><G135/><T7/><D2/><U105/><E37/><V90/><F90/><W129/><G129/><T127/><D127/><U34/><E34/><V100/><F100/><N who="1" m="38473" /><E105/><V39/><F39/><W9/><REACH who="3" step="1"/><G95/><REACH who="3" ten="493,169,169,159" step="2"/><T19/><D89/><N who="1" m="55439" /><E36/><V45/><F73/><W20/><AGARI ba="2,1" hai="9,10,20,26,30,49,50,51,68,69,71,85,88,94" machi="20" ten="40,5200,0" yaku="1,1,0,1,54,1,53,0" doraHai="96" doraHaiUra="32" who="3" fromWho="3" sc="493,-28,169,-15,169,-15,159,68" /><INIT seed="1,0,0,3,2,28" ten="465,154,154,227" oya="1" hai0="102,63,101,106,47,79,48,78,65,90,71,35,51" hai1="27,98,54,91,127,123,24,49,38,31,30,109,84" hai2="77,6,113,37,45,55,73,95,99,119,19,11,56" hai3="21,69,5,114,12,130,15,3,120,105,50,128,29"/><U36/><E123/><V2/><F119/><W115/><G69/><T22/><D90/><U74/><E74/><V44/><F113/><N who="3" m="43019" /><G105/><T9/><D9/><U112/><E112/><V97/><F97/><W129/><G120/><T53/><D22/><U92/><E127/><V16/><F77/><W0/><G50/><T67/><D67/><U8/><E109/><V126/><F73/><W42/><G42/><T17/><D17/><U23/><E8/><V4/><F6/><W125/><G125/><T34/><D48/><U76/><E76/><V88/><F126/><W13/><G5/><T134/><D134/><U39/><E98/><V108/><F108/><W104/><G104/><T80/><D79/><U68/><E68/><V64/><F64/><W124/><G124/><T40/><D40/><U93/><E93/><V82/><F82/><W57/><G57/><T111/><D111/><U118/><E118/><V46/><REACH who="2" step="1"/><F37/><REACH who="2" ten="465,154,144,227" step="2"/><W60/><G60/><AGARI ba="0,1" hai="2,4,11,16,19,44,45,46,55,56,60,88,95,99" machi="60" ten="40,8000,1" yaku="1,1,2,1,54,2,53,0" doraHai="28" doraHaiUra="18" who="2" fromWho="3" sc="465,0,154,0,144,90,227,-80" /><INIT seed="2,0,0,1,5,123" ten="465,154,234,147" oya="2" hai0="112,14,61,37,107,9,3,92,22,0,17,53,99" hai1="13,93,87,62,57,45,24,63,127,120,83,31,104" hai2="35,100,105,29,34,68,27,2,75,60,21,46,131" hai3="98,28,10,51,76,71,5,59,118,122,41,30,16"/><V11/><F131/><W133/><G71/><T56/><D107/><U69/><E104/><V12/><F75/><W23/><G122/><T94/><D112/><U124/><E120/><V80/><F80/><W90/><G118/><T85/><D37/><U65/><E93/><V44/><F2/><W72/><G133/><T135/><D135/><U109/><E13/><V67/><F21/><W36/><G36/><T95/><D99/><U40/><E109/><V102/><F102/><W79/><G72/><T86/><D86/><U91/><E63/><V25/><F27/><W6/><G41/><T130/><D130/><U47/><E69/><V134/><F34/><W55/><G30/><T126/><D126/><N who="1" m="48171" /><E40/><V26/><F26/><W7/><G28/><T81/><D22/><AGARI ba="0,0" hai="22,24,31,45,47,57,62,65,83,87,91" m="48171" machi="22" ten="30,1000,0" yaku="18,1" doraHai="123" who="1" fromWho="0" sc="465,-10,154,10,234,0,147,0" /><INIT seed="3,0,0,5,4,61" ten="455,164,234,147" oya="3" hai0="131,83,41,15,31,100,47,78,134,92,111,45,34" hai1="65,98,129,123,110,54,77,38,93,23,29,7,88" hai2="51,10,67,79,19,37,18,1,6,95,60,109,116" hai3="27,107,125,72,86,126,59,132,90,76,52,17,68"/><W81/><G107/><T119/><D119/><U73/><E123/><V64/><F37/><W127/><G68/><T74/><D111/><U130/><E38/><V14/><F109/><W39/><G39/><T112/><D131/><N who="1" m="50187" /><E110/><V50/><F116/><W36/><G36/><T82/><D47/><U103/><E7/><V4/><F79/><W22/><G132/><T57/><D83/><N who="1" m="45487" /><E54/><V102/><F1/><W124/><N who="3" m="31744" /><DORA hai="114" /><W96/><G96/><T48/><D57/><U80/><E65/><N who="2" m="25163" /><F60/><N who="3" m="35943" /><G90/><T84/><D100/><U44/><E44/><V16/><F4/><W30/><G30/><T5/><D31/><U117/><E117/><V33/><F33/><W35/><G35/><T53/><D34/><U2/><E2/><V25/><F25/><W108/><G108/><T120/><D134/><U3/><E3/><V20/><F20/><W12/><G27/><T46/><D120/><U8/><E8/><V9/><F9/><W104/><G104/><T121/><D121/><U75/><E23/><V26/><F26/><W58/><G58/><T43/><D45/><U11/><E11/><V122/><F122/><W101/><G101/><T42/><D46/><U115/><E29/><V105/><F105/><W21/><G21/><T32/><D32/><U13/><E13/><V56/><F56/><W135/><G135/><T128/><D15/><U0/><E0/><V133/><F133/><W106/><G106/><T99/><D128/><U69/><E69/><V87/><F102/><W24/><G24/><T89/><D78/><N who="1" m="44127" /><E103/><V66/><F66/><W28/><G28/><T118/><D118/><RYUUKYOKU ba="0,0" sc="455,-30,164,10,234,10,147,10" hai1="88,93,98,115" hai2="6,10,14,16,18,19,50,51,87,95" hai3="12,17,22,72,76,81,86" /><INIT seed="3,1,0,1,3,84" ten="425,174,244,157" oya="3" hai0="37,7,72,23,89,2,12,90,64,38,86,103,44" hai1="32,59,124,114,49,117,81,71,62,54,68,31,94" hai2="134,58,26,104,76,100,8,45,83,4,15,91,60" hai3="78,61,22,129,66,82,39,96,121,21,41,79,1"/><W133/><G121/><T40/><D72/><U43/><E114/><V63/><F134/><W34/><G34/><T17/><D103/><U107/><E107/><V47/><F104/><W3/><G129/><T101/><D101/><U108/><E32/><V119/><F100/><W113/><G113/><T126/><D126/><U74/><E31/><V99/><F63/><W77/><G133/><T9/><D37/><U87/><E124/><V51/><F26/><W20/><G96/><T93/><D64/><U130/><E130/><V5/><F4/><W132/><G132/><T46/><D38/><U65/><E43/><V131/><F119/><W95/><G95/><T110/><D40/><U102/><E117/><V128/><F51/><W109/><G109/><T56/><D110/><U122/><E122/><V123/><F123/><W33/><G33/><T10/><D56/><U52/><E108/><V27/><F27/><W11/><G11/><T112/><D112/><U85/><E71/><V120/><F120/><W14/><G14/><T13/><D90/><N who="1" m="53583" /><E74/><V75/><F131/><W42/><G82/><T105/><D105/><U73/><E102/><V98/><F98/><W135/><G135/><T36/><D36/><U88/><E73/><V16/><F5/><AGARI ba="1,0" hai="2,5,7,9,10,12,13,17,23,44,46,86,89,93" machi="5" ten="30,2000,0" yaku="7,1,52,1" doraHai="84" who="0" fromWho="2" sc="425,23,174,0,244,-23,157,0" /><INIT seed="4,0,0,2,2,106" ten="448,174,221,157" oya="0" hai0="93,12,102,8,122,9,123,47,126,111,74,91,60" hai1="35,84,77,113,71,135,30,131,52,37,1,55,127" hai2="50,120,69,73,121,13,61,3,67,109,38,103,51" hai3="87,19,18,79,16,43,90,48,116,15,41,11,98"/><T27/><D126/><U86/><E37/><V114/><F103/><W125/><G116/><T129/><D129/><U132/><E71/><V65/><F13/><W88/><G125/><T33/><D102/><U110/><E1/><V28/><F28/><W40/><G48/><T99/><D74/><U6/><E6/><V25/><F25/><W124/><G124/><T62/><D111/><U101/><E101/><V105/><F105/><W130/><G130/><T20/><D33/><U22/><E35/><V68/><F3/><W82/><REACH who="3" step="1"/><G98/><REACH who="3" ten="448,174,221,147" step="2"/><N who="0" m="57663" /><D123/><U24/><E127/><V81/><F81/><W56/><G56/><T29/><D99/><U53/><E131/><V23/><F121/><W34/><G34/><T76/><D122/><U44/><E110/><V46/><F120/><W83/><G83/><T94/><D62/><U75/><E113/><V66/><F61/><W85/><G85/><T17/><D60/><U54/><E86/><V92/><F114/><W78/><G78/><T0/><D76/><U117/><E84/><V107/><F109/><W96/><G96/><T72/><D47/><U89/><E117/><V118/><F46/><W104/><G104/><T36/><D36/><U45/><E45/><V49/><F107/><W32/><G32/><T42/><D94/><U80/><REACH who="1" step="1"/><E89/><AGARI ba="0,1" hai="11,15,16,18,19,40,41,43,79,82,87,88,89,90" machi="89" ten="40,8000,1" yaku="1,1,8,1,54,2,53,1" doraHai="106" doraHaiUra="5" who="3" fromWho="1" sc="448,0,174,-80,221,0,147,90" /><INIT seed="5,0,0,1,3,14" ten="448,94,221,237" oya="1" hai0="1,15,61,88,45,82,90,108,69,60,127,120,66" hai1="134,100,30,53,20,67,132,54,12,123,118,55,6" hai2="47,46,29,109,103,10,50,92,57,101,73,68,64" hai3="94,8,115,110,133,22,18,105,32,25,116,78,48"/><U16/><E123/><V102/><F109/><W34/><G105/><T13/><D108/><U76/><E118/><V71/><F73/><W3/><G110/><T91/><D1/><U31/><E67/><V49/><F29/><W107/><G107/><T17/><D120/><U37/><E37/><V96/><F71/><W104/><G104/><T26/><D127/><U2/><E100/><V27/><F68/><W124/><G115/><T52/><D82/><U122/><E122/><V24/><F10/><W0/><G133/><N who="1" m="51306" /><E76/><V86/><F86/><W117/><G78/><T131/><D131/><U9/><AGARI ba="0,0" hai="2,6,9,12,16,20,30,31,53,54,55" m="51306" machi="9" ten="40,7800,0" yaku="20,1,52,1,54,1" doraHai="14" who="1" fromWho="1" sc="448,-26,94,78,221,-26,237,-26" /><INIT seed="5,1,0,4,1,1" ten="422,172,195,211" oya="1" hai0="88,82,54,72,57,58,25,36,111,28,35,118,89" hai1="94,112,81,134,38,45,102,10,117,97,129,73,42" hai2="70,0,68,132,65,34,76,113,115,85,84,121,122" hai3="18,71,61,41,4,52,64,21,108,100,20,17,62"/><U43/><E117/><V53/><F76/><W131/><G108/><T49/><D111/><U32/><E32/><V126/><F34/><W27/><G131/><T127/><D118/><U63/><E129/><V119/><F119/><W31/><G41/><T78/><D36/><U60/><E112/><N who="2" m="43083" /><F65/><W3/><G100/><T47/><D127/><U104/><E134/><V50/><F0/><W69/><G69/><N who="2" m="26729" /><F132/><W87/><G87/><N who="2" m="33353" /><F126/><W125/><G125/><T8/><D58/><AGARI ba="1,0" hai="50,53,58,121,122" m="33353,26729,43083" machi="58" ten="30,2000,0" yaku="15,1,11,1" doraHai="1" who="2" fromWho="0" sc="422,-23,172,0,195,23,211,0" /><INIT seed="6,0,0,2,1,73" ten="399,172,218,211" oya="2" hai0="96,36,60,123,66,126,83,70,74,81,41,20,93" hai1="67,50,1,31,101,91,77,122,6,61,51,75,124" hai2="76,85,125,69,121,65,94,114,55,68,86,3,112" hai3="2,4,115,19,105,111,54,118,131,10,25,52,56"/><V108/><F3/><W0/><G111/><T135/><D123/><U40/><E122/><V39/><F121/><W130/><G118/><T24/><D135/><U28/><E124/><V23/><F125/><W100/><G0/><T102/><D126/><U47/><E101/><V9/><F39/><W64/><G115/><T58/><D74/><U72/><E51/><V35/><F35/><W37/><G37/><T49/><D36/><U12/><E1/><V98/><F9/><W129/><G105/><T22/><D22/><U32/><E32/><V7/><F7/><W59/><G100/><T97/><D97/><U128/><E128/><V38/><F23/><N who="3" m="13567" /><G64/><T104/><D104/><U82/><E75/><V79/><F38/><W92/><G92/><T119/><D119/><U21/><E91/><V117/><F117/><W57/><AGARI ba="0,0" hai="2,4,10,52,54,56,57,59,129,130,131" m="13567" machi="57" ten="40,2700,0" yaku="19,1,54,1" doraHai="73" who="3" fromWho="3" sc="399,-7,172,-7,218,-13,211,27" /><INIT seed="7,0,0,4,3,79" ten="392,165,205,238" oya="3" hai0="90,28,109,45,1,59,10,19,101,61,74,122,70" hai1="49,34,98,0,92,120,114,24,25,118,65,126,64" hai2="116,12,128,36,18,6,60,121,26,106,81,97,58" hai3="73,20,33,112,68,41,35,17,99,9,57,66,39"/><W4/><G68/><T63/><D109/><U131/><E120/><V95/><F116/><W117/><G117/><T119/><D119/><U78/><E118/><V69/><F128/><W132/><G112/><T71/><D74/><U7/><E114/><V30/><F36/><W32/><G132/><T104/><D122/><U48/><E131/><V31/><F106/><W130/><G130/><T13/><D28/><U21/><E126/><V113/><F69/><W107/><G73/><T15/><D1/><U27/><E34/><V44/><F121/><W134/><G134/><T5/><D63/><U103/><E21/><V91/><F44/><W110/><G110/><T53/><D90/><U88/><E78/><V77/><F6/><W2/><G39/><T115/><D115/><U133/><E133/><V102/><F26/><W105/><G105/><T89/><D89/><U47/><E0/><V80/><F102/><W22/><G107/><T42/><D101/><U96/><E7/><V46/><F46/><W85/><G2/><T14/><D14/><U111/><E111/><V93/><F93/><W94/><G32/><T87/><D87/><U54/><REACH who="1" step="1"/><E49/><REACH who="1" ten="392,155,205,238" step="2"/><V40/><F77/><W129/><G33/><T123/><D123/><U51/><E51/><V38/><F38/><W124/><G124/><T127/><D127/><U82/><E82/><V72/><F113/><W62/><G35/><T8/><D104/><AGARI ba="0,1" hai="24,25,27,47,48,54,64,65,88,92,96,98,103,104" machi="104" ten="40,2600,0" yaku="1,1,54,1,53,0" doraHai="79" doraHaiUra="67" who="1" fromWho="0" sc="392,-26,155,36,205,0,238,0" owari="366,46.0,191,-31.0,205,-19.0,238,4.0" /></mjloggm>