<mjloggm ver="2.3"><GO type="169" lobby="0"/><UN n0="%E7%A9%BA%E6%B0%97%E3%82%B1%E3%83%BC%E3%82%AD" n1="%E3%81%98%E3%81%9F%E3%81%A3%E3%81%8F" n2="%6B%75%73%6F%E6%AD%A3%E5%AE%97" n3="%6B%75%72%6F%6E%6F%35%39" dan="16,17,17,16" rate="2152.90,2168.25,2162.44,2065.37" sx="M,M,M,M"/><TAIKYOKU oya="0"/><INIT seed="0,0,0,4,5,53" ten="250,250,250,250" oya="0" hai0="87,57,134,34,106,120,0,20,9,127,33,69,98" hai1="125,56,6,84,83,90,107,99,17,65,128,52,21" hai2="121,119,81,79,111,16,88,115,82,41,30,105,7" hai3="135,132,19,78,92,126,77,44,122,39,117,102,113"/><T64/><D120/><U131/><E125/><V60/><F121/><W27/><G122/><T49/><D127/><U22/><E6/><V13/><F111/><W58/><G113/><T46/><D69/><U116/><E116/><V75/><F105/><W96/><G117/><T109/><D134/><N who="3" m="51241" /><G126/><T67/><D109/><U62/><E65/><V8/><F115/><W36/><G58/><T112/><D112/><U35/><E35/><V45/><F30/><W97/><G97/><T37/><D37/><N who="3" m="14409" /><G44/><T61/><D67/><U101/><REACH who="1" step="1"/><E22/><AGARI ba="0,0" hai="19,22,27,77,78,92,96,102" m="14409,51241" machi="22" ten="30,1000,0" yaku="20,1" doraHai="53" who="3" fromWho="1" sc="250,0,250,-10,250,0,250,10" /><INIT seed="1,0,0,4,3,33" ten="250,240,250,260" oya="1" hai0="17,11,4,75,43,77,20,76,124,35,94,22,106" hai1="123,102,38,96,112,40,47,51,16,79,1,60,32" hai2="13,130,89,54,49,25,61,111,8,45,115,71,88" hai3="116,66,23,9,113,10,109,3,107,0,86,21,80"/><U44/><E112/><V36/><F111/><W99/><G109/><T127/><D106/><U135/><E135/><V92/><F130/><W110/><G110/><T69/><D35/><U63/><E123/><V87/><F115/><W62/><G113/><T118/><D118/><U24/><E79/><V12/><F36/><W64/><G116/><T65/><D43/><U131/><E131/><V58/><F71/><W48/><G48/><T73/><D94/><U59/><E32/><V129/><F129/><W134/><G134/><T78/><D65/><U37/><E1/><V46/><F25/><W15/><G99/><T74/><D69/><U68/><E68/><V31/><F31/><W126/><G107/><T55/><D55/><U27/><E38/><V84/><F8/><W14/><G86/><T39/><D39/><U114/><E114/><V56/><F56/><W103/><G62/><T101/><D101/><U100/><E100/><V18/><F18/><W7/><G103/><T95/><D95/><U52/><E16/><V121/><F46/><W91/><G91/><T117/><D117/><U120/><E63/><V72/><F72/><W81/><REACH who="3" step="1"/><G7/><REACH who="3" ten="250,240,250,250" step="2"/><T6/><D6/><U41/><REACH who="1" step="1"/><E120/><REACH who="1" ten="250,230,250,250" step="2"/><V5/><F121/><W128/><G128/><T125/><REACH who="0" step="1"/><D17/><REACH who="0" ten="240,230,250,250" step="2"/><U2/><E2/><AGARI ba="0,3" hai="2,4,11,20,22,73,74,75,76,77,78,124,125,127" machi="2" ten="50,12000,2" yaku="1,1,2,1,29,2,18,1,52,1,53,0" doraHai="33" doraHaiUra="26" who="0" fromWho="1" sc="240,150,230,-120,250,0,250,0" /><INIT seed="2,0,0,4,0,127" ten="390,110,250,250" oya="2" hai0="115,7,81,97,102,101,17,103,87,58,60,91,134" hai1="129,36,75,96,21,125,16,104,54,49,4,99,107" hai2="98,128,44,19,68,116,74,31,12,89,78,33,132" hai3="57,29,39,28,50,20,18,0,95,1,42,48,120"/><V130/><F116/><W63/><G120/><T85/><D115/><U121/><E125/><V11/><F132/><W100/><G39/><T105/><D134/><U10/><E36/><V80/><F68/><W47/><G50/><T79/><D7/><U113/><E113/><V30/><F44/><W55/><G0/><T8/><D8/><U59/><E75/><V112/><F112/><W76/><G76/><T114/><D17/><U35/><E35/><V40/><F40/><W119/><G1/><T117/><D114/><U3/><E121/><V43/><F43/><W122/><G119/><T62/><D62/><U73/><E73/><V69/><F69/><W2/><G2/><T22/><D22/><U9/><E9/><V32/><F32/><W72/><G72/><T90/><D117/><U65/><E65/><V56/><F56/><W133/><G133/><T70/><D70/><U126/><E126/><V51/><F51/><W94/><G122/><T38/><D38/><U37/><E37/><V25/><REACH who="2" step="1"/><F31/><REACH who="2" ten="390,110,240,250" step="2"/><W6/><G29/><T45/><D45/><U52/><E54/><V46/><F46/><W106/><G28/><T67/><D58/><U93/><E49/><V108/><F108/><W26/><G42/><T13/><D67/><U131/><E52/><V5/><F5/><W64/><G6/><T27/><D60/><U88/><E59/><V118/><F118/><W92/><G100/><T110/><D102/><N who="1" m="62559" /><E107/><V41/><F41/><W111/><G111/><T61/><D110/><U123/><E123/><V15/><F15/><W14/><G106/><N who="0" m="63791" /><D61/><U83/><E83/><RYUUKYOKU ba="0,1" sc="390,-30,110,10,240,10,250,10" hai1="3,4,10,16,21,88,93,96,129,131" hai2="11,12,19,25,30,33,74,78,80,89,98,128,130" hai3="14,18,20,26,47,48,55,57,63,64,92,94,95" /><INIT seed="2,1,1,0,3,37" ten="360,120,250,260" oya="2" hai0="20,108,3,130,70,110,71,39,46,109,82,9,89" hai1="98,34,116,84,113,92,73,43,114,67,21,101,91" hai2="80,122,31,13,79,87,75,95,29,126,133,106,93" hai3="30,128,48,38,0,51,120,10,40,104,32,1,25"/><V119/><F119/><W117/><G117/><T7/><D130/><U22/><E116/><V8/><F122/><W17/><G120/><T131/><D131/><U85/><E34/><V123/><F123/><W42/><G128/><T52/><D20/><U86/><E73/><V107/><F126/><W72/><G104/><T94/><D82/><U55/><E113/><V127/><F127/><W129/><G72/><T54/><D39/><U18/><E114/><V62/><F133/><W132/><G132/><T100/><D100/><U12/><E67/><V88/><F93/><W24/><G38/><T125/><D125/><U135/><E135/><V47/><F62/><W69/><G69/><N who="0" m="26123" /><D46/><U102/><E55/><V50/><F107/><W57/><G129/><T90/><D90/><U14/><REACH who="1" step="1"/><E43/><REACH who="1" ten="360,110,250,260" step="2"/><V124/><F124/><W68/><G32/><T115/><D115/><U121/><E121/><V64/><F64/><W134/><G134/><T59/><D59/><U97/><E97/><AGARI ba="1,2" hai="3,7,9,52,54,89,94,97,108,109,110" m="26123" machi="97" ten="40,2600,0" yaku="14,1,54,1" doraHai="37" who="0" fromWho="1" sc="360,49,110,-29,250,0,260,0" /><INIT seed="3,0,0,2,4,30" ten="409,81,250,260" oya="3" hai0="101,21,66,124,80,121,109,98,31,38,125,112,65" hai1="49,81,68,106,84,28,4,113,63,108,103,83,54" hai2="14,104,22,64,89,7,96,13,74,76,100,58,107" hai3="132,61,79,122,87,126,40,50,34,25,60,95,73"/><W62/><G122/><T35/><D121/><U47/><E108/><V93/><F107/><W19/><G132/><T6/><D38/><U16/><E113/><V2/><F2/><W3/><G126/><N who="0" m="48747" /><D109/><U86/><E4/><V53/><F64/><W41/><G3/><T23/><D6/><U116/><E116/><V51/><F7/><W46/><G73/><T1/><D80/><U42/><E106/><V36/><F36/><W10/><G41/><T26/><D1/><U130/><E130/><V94/><F94/><W135/><G135/><T131/><D131/><U85/><E103/><V17/><F76/><W56/><G79/><T115/><D21/><U92/><E28/><V43/><F43/><W88/><G34/><T134/><D23/><U105/><E105/><V29/><F29/><W127/><G127/><T97/><D97/><U12/><E92/><V18/><F74/><W70/><G70/><T48/><D48/><U133/><E133/><V114/><F114/><N who="0" m="43562" /><D134/><U82/><E68/><V57/><F104/><AGARI ba="0,0" hai="26,31,35,65,66,98,101,104" m="43562,48747" machi="104" ten="30,3900,0" yaku="18,1,11,1,52,1" doraHai="30" who="0" fromWho="2" sc="409,39,81,0,250,-39,260,0" /><INIT seed="4,0,0,4,0,40" ten="448,81,211,260" oya="0" hai0="90,16,128,123,88,87,79,38,61,135,47,62,15" hai1="111,57,67,65,23,8,99,36,0,19,98,4,83" hai2="108,107,115,104,58,82,66,120,32,132,131,81,1" hai3="101,2,85,30,27,34,130,96,97,17,7,35,48"/><T113/><D123/><U12/><E111/><V43/><F66/><W9/><G130/><T68/><D113/><U44/><E83/><V122/><F58/><W77/><G35/><T92/><D128/><U116/><E116/><V78/><F43/><W14/><G101/><T70/><D70/><U60/><REACH who="1" step="1"/><E67/><REACH who="1" ten="448,71,211,260" step="2"/><V28/><F81/><W69/><G69/><T119/><D68/><U5/><E5/><V37/><F82/><W71/><G71/><T93/><D119/><U94/><E94/><V118/><F108/><W110/><G110/><T6/><D6/><U91/><E91/><V133/><F118/><W73/><G73/><T46/><D79/><U52/><E52/><V72/><F78/><W51/><G77/><T10/><D135/><U75/><E75/><V24/><F72/><W109/><G109/><T3/><D3/><U22/><E22/><V29/><F131/><W125/><G125/><T100/><D100/><U124/><E124/><V76/><F76/><W102/><G85/><N who="0" m="52239" /><D38/><U103/><E103/><V33/><F1/><W74/><G74/><T127/><D127/><U64/><E64/><V25/><F37/><W89/><G89/><T59/><D62/><U39/><E39/><V95/><F95/><N who="3" m="58655" /><G97/><T50/><D50/><U134/><E134/><V13/><F115/><W20/><AGARI ba="0,1" hai="2,7,9,14,17,20,27,30,34,48,51" m="58655" machi="20" ten="30,1100,0" yaku="24,1" doraHai="40" who="3" fromWho="3" sc="448,-5,71,-3,211,-3,260,21" /><INIT seed="5,0,0,3,3,10" ten="443,68,208,281" oya="1" hai0="4,96,3,114,104,55,118,65,78,120,75,106,37" hai1="14,108,1,101,77,20,73,47,94,125,41,126,83" hai2="90,28,76,24,79,19,35,100,31,69,0,91,21" hai3="68,113,8,71,39,107,45,11,61,29,44,88,129"/><U81/><E1/><V58/><F69/><W82/><G113/><T36/><D118/><U102/><E108/><V87/><F0/><W99/><G129/><T112/><D65/><U132/><E132/><V34/><F100/><W127/><G127/><N who="1" m="48650" /><E94/><V56/><F19/><W80/><G29/><T49/><D120/><U66/><E66/><V98/><F98/><W67/><G71/><T64/><D64/><U33/><E33/><V111/><F21/><W63/><G63/><T26/><D104/><U53/><E53/><V105/><F87/><W60/><G60/><T134/><D55/><U117/><E83/><V7/><F7/><W15/><G8/><T30/><D106/><U74/><E74/><V62/><F105/><W116/><G116/><T57/><D75/><U93/><E93/><V115/><F62/><W23/><G23/><T13/><D3/><U22/><E22/><V46/><F115/><W72/><G39/><T54/><D54/><U103/><E117/><V86/><F86/><W9/><G9/><T119/><D134/><U5/><E5/><V95/><F95/><W92/><G107/><T38/><D4/><U135/><E135/><V130/><F111/><W131/><G131/><T32/><D32/><U27/><E14/><V122/><F130/><W133/><G133/><T59/><D119/><U52/><E52/><V128/><F128/><W17/><G72/><T110/><D110/><U25/><E20/><V12/><F12/><W121/><G121/><T124/><D124/><U18/><E18/><V89/><F122/><W6/><G17/><T109/><D109/><RYUUKYOKU ba="0,0" sc="443,-15,68,15,208,-15,281,15" hai1="25,27,41,47,73,77,81,101,102,103" hai3="6,11,15,44,45,61,67,68,80,82,88,92,99" /><INIT seed="5,1,0,0,3,51" ten="428,83,193,296" oya="1" hai0="52,70,55,44,118,135,114,116,73,100,5,15,106" hai1="54,131,112,109,101,41,119,48,28,60,62,9,79" hai2="27,0,74,19,30,127,123,32,80,121,93,2,65" hai3="35,129,40,83,82,133,58,84,37,81,94,86,17"/><U107/><E119/><V71/><F93/><W33/><G133/><T126/><D73/><U97/><E112/><V11/><F127/><W49/><G129/><T8/><D70/><U50/><E131/><V21/><F80/><W104/><G104/><T117/><D126/><U110/><E79/><V72/><F65/><W12/><G37/><T6/><D135/><U125/><E125/><V75/><F71/><W95/><G35/><T59/><D114/><U122/><E122/><V38/><F38/><W43/><G33/><T53/><D44/><N who="1" m="25615" /><E28/><V77/><F77/><W132/><G132/><T45/><D45/><N who="1" m="27983" /><E9/><V7/><REACH who="2" step="1"/><F2/><REACH who="2" ten="428,83,183,296" step="2"/><W87/><G95/><T92/><D92/><U98/><E98/><V68/><F68/><W39/><G94/><T85/><D85/><U89/><E89/><V96/><F96/><W102/><G39/><T66/><D106/><U76/><E76/><V25/><AGARI ba="1,1" hai="0,7,11,19,21,25,27,30,32,72,74,75,121,123" machi="25" ten="40,5200,0" yaku="1,1,0,1,53,1" doraHai="51" doraHaiUra="4" who="2" fromWho="2" sc="428,-14,83,-27,183,65,296,-14" /><INIT seed="6,0,0,3,2,40" ten="414,56,248,282" oya="2" hai0="83,5,104,80,7,25,34,31,96,93,88,55,26" hai1="62,66,78,77,71,89,21,70,50,101,1,112,79" hai2="69,57,19,105,49,64,102,98,85,53,99,121,110" hai3="132,33,86,23,10,76,90,37,4,103,129,87,120"/><V61/><F121/><W54/><G33/><T45/><D104/><U91/><E112/><V97/><F110/><W29/><G120/><T72/><D72/><U84/><E1/><V48/><F85/><W118/><G132/><T114/><D114/><U18/><E71/><V60/><F49/><W94/><G129/><T115/><D115/><U56/><E101/><V116/><F116/><W65/><G118/><T39/><D39/><U24/><E91/><V36/><F36/><W28/><G65/><T44/><D55/><U124/><E124/><V11/><F11/><W119/><G103/><T125/><D125/><U30/><E70/><V16/><F61/><W2/><G37/><T0/><D0/><U126/><E126/><V47/><F69/><W42/><G42/><T108/><D108/><U131/><E131/><V135/><F135/><W73/><G73/><T113/><D113/><U100/><E100/><V122/><F122/><W130/><G130/><T59/><D59/><U32/><E32/><V14/><REACH who="2" step="1"/><F19/><REACH who="2" ten="414,56,238,282" step="2"/><W117/><G117/><T12/><D7/><U134/><E134/><V51/><F51/><W38/><G38/><T67/><D5/><U52/><E18/><V111/><F111/><W20/><G119/><T109/><D109/><U43/><E43/><V17/><F17/><W41/><G41/><T63/><D63/><U68/><REACH who="1" step="1"/><E79/><REACH who="1" ten="414,46,238,282" step="2"/><V46/><F46/><W6/><G76/><T74/><D45/><U95/><AGARI ba="0,2" hai="21,24,30,50,52,56,62,66,68,77,78,84,89,95" machi="95" ten="20,8000,1" yaku="1,1,2,1,0,1,7,1,54,1,53,0" doraHai="40" doraHaiUra="35" who="1" fromWho="1" sc="414,-20,46,100,238,-40,282,-20" /><INIT seed="7,0,0,4,5,73" ten="394,146,198,262" oya="3" hai0="64,120,25,6,27,34,44,22,86,114,5,82,49" hai1="126,57,32,2,95,77,23,36,110,108,103,89,102" hai2="26,99,113,3,135,9,124,83,85,68,42,28,100" hai3="62,88,53,134,132,71,125,45,58,17,65,16,109"/><W0/><G0/><T59/><D120/><U10/><E32/><V66/><F113/><W133/><G125/><T75/><D75/><U98/><E36/><V127/><F42/><W51/><G109/><T19/><D34/><U31/><E126/><N who="2" m="48171" /><F135/><W70/><G70/><T128/><D128/><U20/><E110/><V79/><F66/><W78/><G78/><T129/><D129/><U56/><E108/><V46/><F46/><W29/><G29/><T119/><D119/><U104/><E103/><V18/><F68/><W122/><G122/><T90/><D27/><U121/><E121/><V39/><F39/><W38/><G88/><T40/><D114/><U61/><E31/><V48/><F48/><W33/><G33/><T80/><D80/><U93/><E104/><V81/><F81/><W14/><G14/><T116/><D116/><U4/><E57/><V111/><F111/><W63/><G38/><T115/><D115/><U97/><REACH who="1" step="1"/><E77/><REACH who="1" ten="394,136,198,262" step="2"/><V106/><F28/><W8/><REACH who="3" step="1"/><G8/><REACH who="3" ten="394,136,198,252" step="2"/><T50/><D90/><U55/><AGARI ba="0,2" hai="2,4,10,20,23,55,56,61,89,93,95,97,98,102" machi="55" ten="20,8000,1" yaku="1,1,2,1,0,1,7,1,53,1" doraHai="73" doraHaiUra="87" who="1" fromWho="1" sc="394,-20,136,100,198,-20,252,-40" owari="374,47.0,236,4.0,178,-32.0,212,-19.0" /></mjloggm>