<mjloggm ver="2.3"><GO type="169" lobby="0"/><UN n0="%39%2D%62%61%79" n1="%E3%82%8F%E3%81%A3%E3%81%97%E3%82%87%E3%81%84%E5%90%9B%32%E5%8F%B7" n2="%E3%83%94%E3%83%B3%E3%82%B5%E3%83%AD%E5%BA%97%E5%93%A1" n3="%E3%81%9B%E3%81%A9%E3%81%AA%E3%82%8A%E3%81%82%E3%82%93" dan="16,19,18,16" rate="2109.37,2298.97,2256.18,2109.57" sx="M,M,M,M"/><TAIKYOKU oya="0"/><INIT seed="0,0,0,0,0,2" ten="250,250,250,250" oya="0" hai0="130,114,56,135,11,80,21,51,127,119,61,129,0" hai1="13,104,27,120,59,72,86,134,60,133,32,103,124" hai2="105,5,76,30,34,89,41,26,4,69,64,31,16" hai3="9,10,20,78,55,43,67,47,33,46,77,52,126"/><T44/><D119/><U36/><E72/><V123/><F123/><W15/><G33/><T3/><D114/><U53/><E120/><V82/><F105/><W132/><G67/><T68/><D68/><U7/><E36/><V117/><F117/><W54/><G126/><T110/><D127/><U70/><E124/><V12/><F31/><W14/><G20/><T118/><D118/><U8/><E70/><V91/><F41/><W95/><G95/><T23/><D135/><U102/><E86/><V112/><F112/><W17/><G132/><N who="1" m="50794" /><E104/><V107/><F107/><W39/><REACH who="3" step="1"/><G46/><REACH who="3" ten="250,250,250,240" step="2"/><T29/><D110/><U116/><E116/><V18/><F64/><W85/><G85/><T24/><D23/><U122/><E122/><V106/><F106/><W1/><G1/><T38/><D3/><U128/><E128/><N who="0" m="49257" /><D80/><U108/><E108/><V58/><F69/><W40/><G40/><T115/><D115/><U73/><E73/><V81/><F81/><W71/><G71/><T57/><D38/><U65/><E65/><V100/><F82/><W28/><G28/><AGARI ba="0,1" hai="7,8,13,27,28,32,53,59,60,102,103" m="50794" machi="28" ten="30,2000,0" yaku="20,1,52,1" doraHai="2" who="1" fromWho="3" sc="250,0,250,30,250,0,240,-20" /><INIT seed="1,0,0,4,5,20" ten="250,280,250,220" oya="1" hai0="84,58,24,9,18,88,65,8,124,16,121,14,47" hai1="117,0,46,74,13,38,107,116,115,68,28,79,23" hai2="86,36,54,73,35,125,78,129,118,89,102,109,11" hai3="113,127,123,64,53,82,1,45,95,75,61,85,30"/><U22/><E115/><V52/><F118/><W69/><G127/><T71/><D71/><U3/><E68/><V43/><F35/><W70/><G123/><T106/><D106/><U51/><E38/><V55/><F109/><W91/><G1/><T19/><D124/><U39/><E39/><V98/><F125/><W92/><G113/><T128/><D128/><U108/><E107/><V48/><F129/><W130/><G130/><T105/><D105/><U67/><E108/><V2/><F36/><W132/><G132/><T57/><D121/><U111/><E111/><V120/><F73/><W31/><G70/><T103/><D103/><U83/><E67/><V66/><F78/><W10/><G10/><N who="0" m="4203" /><D14/><U59/><E59/><N who="0" m="22537" /><D47/><U7/><E3/><V29/><F66/><W110/><G110/><T119/><D119/><U87/><E74/><V93/><F120/><W33/><G75/><T114/><D114/><U99/><E0/><V77/><F102/><W135/><G135/><T50/><D50/><U96/><E116/><V62/><F48/><W90/><G45/><T25/><D65/><U37/><E37/><V41/><F2/><W27/><G53/><T63/><D63/><U5/><E117/><V26/><F55/><W21/><G33/><T49/><D49/><U4/><E51/><V97/><F54/><W104/><G104/><T40/><D40/><U32/><E46/><V100/><F43/><W126/><G126/><T80/><AGARI ba="0,0" hai="16,18,19,24,25,80,84,88" m="22537,4203" machi="80" ten="30,8000,1" yaku="8,1,52,2,54,2" doraHai="20" who="0" fromWho="0" sc="250,80,280,-40,250,-20,220,-20" /><INIT seed="2,0,0,1,3,18" ten="330,240,230,200" oya="2" hai0="51,52,123,10,41,54,36,115,106,88,16,122,42" hai1="98,26,112,126,56,72,5,125,102,25,75,55,60" hai2="50,4,134,27,32,130,83,63,61,34,39,101,80" hai3="29,65,7,48,37,23,109,47,62,99,94,73,21"/><V9/><F39/><W113/><G73/><T70/><D106/><U31/><E112/><V11/><F130/><W3/><G37/><T40/><D36/><U67/><E5/><V105/><F134/><W28/><G109/><T71/><D115/><U118/><E118/><V85/><F105/><W107/><G107/><T117/><D117/><U97/><E26/><V15/><F101/><W59/><G7/><T13/><D71/><U90/><E90/><V74/><F74/><N who="1" m="28201" /><E55/><V111/><F111/><W14/><G3/><T35/><D70/><U1/><E1/><V8/><F8/><W69/><G69/><T129/><D35/><U128/><E128/><V12/><F50/><W103/><G113/><T0/><D0/><U68/><E56/><V81/><F85/><W19/><REACH who="3" step="1"/><G23/><REACH who="3" ten="330,240,230,190" step="2"/><T17/><D129/><U108/><E108/><V110/><F110/><W49/><G49/><T100/><D123/><U77/><E68/><V104/><F104/><W6/><G6/><N who="0" m="3287" /><D122/><U2/><E2/><V76/><F32/><W96/><G96/><T93/><D100/><U92/><E97/><V30/><REACH who="2" step="1"/><F76/><REACH who="2" ten="330,240,220,190" step="2"/><W78/><G78/><T44/><D54/><AGARI ba="0,2" hai="14,19,21,28,29,47,48,54,59,62,65,94,99,103" machi="54" ten="30,7700,0" yaku="1,1,7,1,8,1,52,1,53,0" doraHai="18" doraHaiUra="87" who="3" fromWho="0" sc="330,-77,240,0,220,0,190,97" /><INIT seed="3,0,0,3,5,106" ten="253,240,220,287" oya="3" hai0="110,4,66,122,125,55,130,117,92,115,105,31,81" hai1="102,2,123,76,51,3,12,129,10,116,86,58,128" hai2="60,8,79,107,109,39,49,97,64,20,72,69,32" hai3="108,73,83,43,53,15,85,89,56,47,131,24,11"/><W25/><G131/><N who="1" m="50250" /><E123/><V28/><F20/><W54/><G108/><T113/><D130/><U95/><E116/><V59/><F49/><W7/><G73/><T90/><D122/><U63/><E51/><V133/><F59/><W124/><G124/><T36/><D117/><U22/><E22/><V23/><F23/><W127/><G127/><T75/><D125/><U61/><E102/><N who="2" m="62927" /><F8/><W88/><G89/><T77/><D105/><U100/><E100/><V52/><F52/><N who="3" m="20075" /><G56/><T38/><D110/><U135/><E135/><V21/><F21/><W93/><G93/><T99/><D55/><N who="1" m="34015" /><E63/><V29/><F29/><W42/><G47/><T114/><D31/><U45/><E45/><V91/><F91/><W9/><G9/><T94/><D66/><U118/><E118/><V62/><F62/><W41/><AGARI ba="0,0" hai="7,11,15,24,25,41,42,43,83,85,88" m="20075" machi="41" ten="30,6000,0" yaku="8,1,54,2" doraHai="106" who="3" fromWho="3" sc="253,-20,240,-20,220,-20,287,60" /><INIT seed="3,1,0,3,3,16" ten="233,220,200,347" oya="3" hai0="54,53,56,7,67,49,78,63,10,122,105,2,42" hai1="128,68,0,125,23,58,8,131,107,66,27,119,87" hai2="15,47,43,112,100,69,73,71,57,91,30,37,60" hai3="12,92,50,111,1,74,25,88,59,98,113,99,18"/><W84/><G113/><T94/><D122/><U61/><E107/><V109/><F112/><W39/><G74/><T72/><D105/><U124/><E119/><V40/><F100/><W123/><G1/><T89/><D42/><U95/><E95/><V51/><F73/><W114/><G39/><T34/><D34/><U101/><E101/><V117/><F117/><W28/><G123/><T133/><D133/><U52/><E87/><V22/><F109/><W26/><G111/><T90/><D54/><U83/><E83/><V127/><F127/><N who="1" m="48713" /><E8/><V80/><F43/><W76/><G76/><T102/><D78/><U48/><E0/><V85/><F37/><W135/><G135/><T86/><D72/><U35/><E35/><V104/><F104/><W93/><G28/><AGARI ba="1,0" hai="23,27,28,48,52,58,61,66,68,128,131" m="48713" machi="28" ten="30,3900,0" yaku="18,1,52,1,54,1" doraHai="16" who="1" fromWho="3" sc="233,0,220,42,200,0,347,-42" /><INIT seed="4,0,0,5,4,5" ten="233,262,200,305" oya="0" hai0="2,15,34,109,107,69,86,6,129,33,87,117,24" hai1="13,82,1,58,78,95,0,124,110,113,68,72,134" hai2="45,119,93,106,116,81,71,12,56,112,39,16,132" hai3="121,4,17,76,131,26,63,59,125,32,111,36,127"/><T29/><D117/><N who="2" m="45130" /><F106/><W120/><G36/><T105/><D69/><U18/><E110/><V101/><F71/><W57/><G111/><T102/><D109/><U104/><E104/><V65/><F112/><W42/><G42/><T75/><D75/><U27/><E113/><V22/><F132/><W20/><G131/><T52/><D34/><U7/><E68/><V91/><F101/><W108/><G59/><T123/><D2/><U37/><E37/><V89/><F81/><W80/><G4/><T38/><D38/><U99/><E124/><N who="3" m="47690" /><G32/><T126/><D123/><U73/><E72/><V85/><F91/><W11/><G11/><T67/><D67/><U46/><E134/><V83/><F83/><W133/><G108/><T31/><D31/><U48/><E82/><V25/><F45/><W70/><G70/><T55/><D107/><U115/><E46/><V8/><F39/><W51/><G51/><T122/><D122/><U21/><E48/><V10/><F12/><W64/><G133/><T43/><D43/><U60/><E1/><V79/><F79/><W94/><G94/><T50/><D50/><U103/><E0/><V97/><F85/><AGARI ba="0,0" hai="17,20,26,57,63,64,76,80,85,120,121" m="47690" machi="85" ten="30,1000,0" yaku="18,1" doraHai="5" who="3" fromWho="2" sc="233,0,262,0,200,-10,305,10" /><INIT seed="5,0,0,1,2,24" ten="233,262,190,315" oya="1" hai0="85,39,127,79,122,43,83,25,123,78,125,8,16" hai1="34,26,114,77,5,109,60,72,65,88,103,104,4" hai2="18,23,90,93,115,52,50,6,19,107,15,27,38" hai3="119,58,11,117,33,75,56,44,71,132,100,67,134"/><U48/><E114/><V69/><F38/><W131/><G75/><T116/><D116/><N who="3" m="44617" /><G100/><T36/><D78/><U84/><E109/><V102/><F69/><W121/><G33/><T7/><D43/><U110/><E110/><V128/><F128/><W73/><G73/><T124/><D36/><U42/><E77/><V59/><F115/><W82/><G82/><T20/><D39/><U54/><E42/><V40/><F40/><W120/><G11/><T101/><REACH who="0" step="1"/><D101/><REACH who="0" ten="223,262,190,315" step="2"/><U94/><E103/><V17/><F102/><W92/><G131/><T3/><AGARI ba="0,1" hai="3,7,8,16,20,25,79,83,85,122,123,124,125,127" machi="3" ten="40,8000,1" yaku="1,1,2,1,0,1,18,1,54,1,53,0" doraHai="24" doraHaiUra="10" who="0" fromWho="0" sc="223,90,262,-40,190,-20,315,-20" /><INIT seed="6,0,0,2,3,54" ten="313,222,170,295" oya="2" hai0="83,96,127,0,40,125,19,53,36,68,97,61,79" hai1="120,24,11,134,43,34,71,17,39,14,115,27,117" hai2="65,8,37,70,109,59,42,44,18,82,95,7,9" hai3="13,12,58,99,57,108,22,85,81,51,20,60,77"/><V25/><F109/><W135/><G108/><T122/><D0/><U63/><E117/><V5/><F70/><W106/><G135/><T10/><D122/><U47/><E120/><V16/><F95/><W66/><G106/><T52/><D40/><U110/><E110/><V118/><F118/><W121/><G121/><T38/><D97/><U104/><E134/><V107/><F107/><W87/><G99/><T129/><D96/><U100/><E104/><V91/><F25/><W67/><G51/><T48/><D129/><U45/><E100/><V6/><F9/><W94/><G94/><T133/><D19/><U30/><E115/><V86/><REACH who="2" step="1"/><F8/><REACH who="2" ten="313,222,160,295" step="2"/><W132/><G132/><T55/><D10/><U105/><E105/><V130/><F130/><W116/><G116/><T15/><D68/><U4/><E27/><V69/><F69/><W32/><G81/><T123/><D83/><U131/><E131/><V35/><F35/><W78/><G32/><T3/><D123/><U103/><E103/><V84/><F84/><W28/><G28/><T101/><D101/><U74/><E74/><V33/><F33/><W2/><G2/><T64/><D3/><U29/><E30/><V50/><F50/><W73/><G73/><T128/><D128/><U126/><E29/><V114/><F114/><W119/><G119/><T56/><D133/><U102/><E34/><V41/><F41/><W23/><G23/><T21/><D21/><N who="1" m="13359" /><E102/><V90/><F90/><W80/><G80/><T112/><D112/><U113/><E113/><V72/><F72/><W98/><G98/><T31/><D31/><RYUUKYOKU ba="0,1" sc="313,-15,222,-15,160,15,295,15" hai2="5,6,7,16,18,37,42,44,59,65,82,86,91" hai3="12,13,20,22,57,58,60,66,67,77,78,85,87" /><INIT seed="6,1,1,0,1,65" ten="298,207,175,310" oya="2" hai0="77,84,69,108,117,102,101,85,126,133,96,46,21" hai1="52,49,58,89,95,135,134,91,50,114,63,17,119" hai2="32,47,26,45,112,130,61,18,38,56,106,68,29" hai3="78,11,36,24,97,92,22,55,76,72,90,116,132"/><V12/><F112/><W124/><G116/><T107/><D108/><U51/><E119/><V99/><F130/><W125/><G132/><N who="1" m="50730" /><E114/><V20/><F38/><W86/><G72/><T83/><D117/><U94/><E17/><V66/><F56/><W14/><G55/><T75/><D133/><U67/><E94/><V59/><F59/><W37/><G78/><T123/><D46/><N who="1" m="27703" /><E89/><V122/><F122/><W57/><G57/><T48/><D48/><U28/><E28/><V23/><F23/><W70/><G70/><T64/><D21/><U31/><E31/><V128/><F128/><W1/><G22/><T43/><D102/><AGARI ba="1,1" hai="12,18,20,26,29,32,45,47,61,66,68,99,102,106" machi="102" ten="40,7700,0" yaku="25,2,52,1" doraHai="65" who="2" fromWho="0" sc="298,-80,207,0,175,90,310,0" /><INIT seed="6,2,0,1,0,122" ten="218,207,265,310" oya="2" hai0="36,33,73,120,50,11,35,47,21,128,30,98,22" hai1="53,121,82,115,110,117,95,63,112,85,77,81,34" hai2="67,76,75,23,87,72,131,101,58,32,31,114,40" hai3="130,134,88,10,103,62,44,108,96,52,91,7,84"/><V65/><F32/><W116/><G108/><T86/><D120/><U126/><E121/><V54/><F40/><W49/><G116/><T64/><D73/><U80/><E117/><V42/><F42/><W104/><G134/><T113/><D36/><U132/><E132/><V83/><F72/><W13/><G130/><T24/><D35/><U20/><E34/><V28/><F114/><N who="1" m="43561" /><E126/><V61/><F75/><W43/><G84/><T94/><D113/><U56/><E20/><V57/><F131/><W8/><G62/><T107/><D128/><U25/><E25/><V125/><F125/><W3/><G43/><T41/><D107/><U27/><E27/><V135/><F135/><W55/><G55/><T118/><D118/><U123/><E123/><V14/><F101/><W45/><G45/><T74/><D74/><U39/><E39/><V17/><REACH who="2" step="1"/><F67/><REACH who="2" ten="218,207,255,310" step="2"/><W60/><G60/><AGARI ba="2,1" hai="14,17,23,28,31,54,57,58,60,61,65,76,83,87" machi="60" ten="30,11600,0" yaku="1,1,2,1,7,1,8,1,53,0" doraHai="122" doraHaiUra="69" who="2" fromWho="3" sc="218,0,207,0,255,132,310,-122" /><INIT seed="6,3,0,0,4,38" ten="218,207,387,188" oya="2" hai0="99,25,119,56,79,1,3,53,111,93,23,96,106" hai1="39,135,59,100,90,49,129,109,21,92,110,130,83" hai2="113,27,70,104,7,64,34,131,127,84,29,87,33" hai3="97,76,122,54,57,55,121,134,20,47,17,126,22"/><V72/><F72/><W75/><G126/><T45/><D111/><U116/><E116/><V9/><F131/><N who="1" m="50185" /><E39/><V8/><F113/><W81/><G134/><T11/><D119/><U41/><E135/><V37/><F33/><W85/><G20/><T63/><D106/><U31/><E100/><V40/><F104/><W112/><G112/><T82/><D99/><N who="1" m="57751" /><E83/><V69/><F9/><W6/><G6/><T30/><D11/><U94/><E94/><V58/><F58/><W35/><G35/><T80/><D45/><N who="1" m="25775" /><E59/><V89/><F64/><W42/><G97/><T128/><D80/><U67/><E67/><V105/><F105/><W12/><G75/><T71/><D71/><U28/><E21/><V18/><F87/><W98/><G98/><T26/><D26/><U91/><E91/><V13/><F127/><W16/><G57/><T65/><D65/><U66/><E66/><V78/><F78/><W125/><G125/><T133/><D133/><U24/><E24/><V4/><F70/><W117/><G117/><T5/><D128/><U73/><E73/><V95/><REACH who="2" step="1"/><F69/><REACH who="2" ten="218,207,377,188" step="2"/><W48/><G122/><T102/><D79/><U36/><E110/><V108/><F108/><W0/><G121/><T14/><D102/><U77/><E109/><V19/><F19/><W107/><G107/><T123/><D123/><U120/><E120/><V62/><F62/><W44/><G17/><T52/><D63/><U118/><E118/><V32/><F32/><W61/><G61/><T88/><D96/><U46/><E77/><V115/><F115/><W15/><G76/><T74/><D74/><RYUUKYOKU ba="3,1" sc="218,-15,207,15,377,15,188,-15" hai1="28,31,36,46" hai2="4,7,8,13,18,27,29,34,37,40,84,89,95" /><INIT seed="6,4,1,1,4,131" ten="203,222,392,173" oya="2" hai0="32,13,22,7,108,68,92,116,114,126,105,127,11" hai1="61,132,66,46,43,34,111,109,3,80,45,78,35" hai2="90,36,125,62,20,0,37,82,88,25,122,63,118" hai3="33,121,15,93,89,83,21,12,73,28,134,79,117"/><V64/><F118/><W91/><G117/><T110/><D105/><U135/><E3/><V100/><F122/><W130/><G121/><T96/><D32/><N who="1" m="12331" /><E80/><V29/><F0/><W58/><G130/><T76/><D116/><U94/><E94/><V54/><F125/><N who="0" m="47626" /><D68/><N who="1" m="42063" /><E78/><V9/><F100/><W95/><G134/><N who="1" m="51242" /><E46/><V39/><F82/><W107/><G107/><T6/><D76/><U4/><E4/><V49/><F90/><W102/><G102/><N who="0" m="60679" /><D114/><U99/><E99/><V16/><F88/><W128/><G128/><T103/><D103/><U50/><AGARI ba="4,1" hai="43,45,50,109,111" m="51242,42063,12331" machi="50" ten="30,7900,0" yaku="20,1,52,3" doraHai="131" who="1" fromWho="1" sc="203,-24,222,101,392,-43,173,-24" /><INIT seed="7,0,0,5,5,89" ten="179,323,349,149" oya="3" hai0="75,95,119,134,60,4,54,62,39,105,18,98,117" hai1="114,9,7,116,46,86,67,127,123,64,74,44,48" hai2="41,72,27,53,115,124,112,82,99,92,132,109,77" hai3="126,79,15,35,94,17,104,25,121,129,61,31,29"/><W59/><G126/><T10/><D75/><U6/><E123/><V76/><F109/><W110/><G129/><T22/><D39/><U80/><E74/><V42/><F124/><W5/><G104/><T32/><D32/><U68/><E114/><N who="2" m="43563" /><F132/><W91/><G121/><T65/><D105/><U45/><E116/><V12/><F76/><W30/><G5/><T97/><D134/><U85/><E127/><V20/><F12/><W26/><G79/><T8/><D98/><U107/><E107/><V70/><F53/><N who="3" m="34031" /><G35/><T101/><D54/><U50/><E68/><V87/><F70/><W56/><G56/><T78/><D78/><U106/><E106/><V69/><F69/><W88/><G91/><T130/><D130/><U23/><E44/><V90/><F72/><W1/><G1/><T40/><D40/><U0/><E0/><V24/><F24/><W93/><G110/><T103/><D103/><U51/><E45/><V34/><F34/><W52/><G52/><T122/><D122/><U133/><E46/><V108/><F108/><W135/><G135/><T3/><D65/><U100/><E6/><V111/><F111/><W84/><G93/><T131/><D131/><U14/><E133/><V63/><F63/><W102/><G102/><T2/><D62/><U125/><E100/><V37/><F37/><W66/><G66/><T57/><D60/><U113/><E113/><V38/><F38/><W73/><G73/><T81/><D81/><U19/><E125/><V118/><F118/><W36/><G36/><T21/><D119/><U83/><E67/><V49/><F49/><RYUUKYOKU ba="0,0" sc="179,-15,323,-15,349,15,149,15" hai2="20,27,41,42,77,82,87,90,92,99" hai3="15,17,25,26,29,30,31,84,88,94" /><INIT seed="7,1,0,0,3,114" ten="164,308,364,164" oya="3" hai0="74,133,46,79,106,102,61,36,7,122,126,87,129" hai1="91,52,99,116,37,108,0,83,2,101,11,40,92" hai2="32,22,127,88,119,10,115,135,19,64,68,94,20" hai3="56,90,30,130,132,5,120,25,45,77,39,113,100"/><W43/><G120/><T58/><D122/><U67/><E108/><V9/><F119/><W81/><G113/><T14/><D74/><U6/><E67/><V55/><F32/><W124/><G132/><T51/><D36/><U107/><E2/><V80/><F68/><W4/><G130/><T33/><D33/><U34/><E34/><V128/><F64/><W134/><G124/><T72/><D72/><U111/><E111/><V27/><F115/><W75/><G134/><T66/><D133/><U117/><E83/><V96/><F135/><W1/><G100/><T73/><D73/><U86/><REACH who="1" step="1"/><E52/><REACH who="1" ten="164,298,364,164" step="2"/><V60/><F127/><W93/><G1/><T110/><D110/><U103/><E103/><V44/><F128/><W59/><G59/><T26/><D102/><U13/><E13/><N who="2" m="9327" /><F80/><W63/><G56/><T17/><D126/><U89/><E89/><V71/><F71/><W84/><G63/><T28/><D129/><U65/><E65/><V41/><F60/><W76/><G76/><T105/><D79/><U118/><E118/><V121/><F121/><W23/><AGARI ba="1,1" hai="4,5,23,25,30,39,43,45,75,77,81,84,90,93" machi="23" ten="20,2100,0" yaku="0,1,7,1" doraHai="114" who="3" fromWho="3" sc="164,-8,298,-8,364,-8,164,34" /><INIT seed="7,2,0,2,5,104" ten="156,290,356,198" oya="3" hai0="70,10,35,72,43,108,133,71,75,47,129,0,124" hai1="55,113,128,37,91,7,17,3,87,16,116,119,115" hai2="8,107,81,62,33,99,82,18,26,112,65,125,130" hai3="19,101,14,30,78,127,120,68,94,34,76,58,117"/><W98/><G127/><T41/><D41/><U42/><E128/><V135/><F130/><W85/><G68/><N who="0" m="26155" /><D129/><U134/><E134/><V52/><F65/><W28/><G117/><N who="1" m="45130" /><E55/><V51/><F62/><W11/><G120/><T32/><D133/><U9/><E42/><V74/><F135/><W77/><G34/><N who="0" m="12843" /><D124/><U92/><E37/><V57/><F112/><AGARI ba="2,0" hai="3,7,9,16,17,87,91,92,112,113,115" m="45130" machi="112" ten="30,3900,0" yaku="15,1,12,1,54,1" doraHai="104" who="1" fromWho="2" sc="156,0,290,45,356,-45,198,0" owari="156,-34.0,335,43.0,311,11.0,198,-20.0" /></mjloggm>