<mjloggm ver="2.3"><GO type="185" lobby="0"/><UN n0="%E3%82%8C%E3%81%99%E3%81%93" n1="%E3%81%A4%E3%82%8B%E3%81%A3%E3%81%B1%E3%81%92" n2="%E3%81%A8%E3%82%8A%E3%81%82%E3%81%88%E3%81%9A%E5%9B%9B%E6%AE%B5" n3="" dan="17,16,16,0" rate="2263.81,2158.58,2132.84,1500.00" sx="F,M,M,C"/><TAIKYOKU oya="0"/><INIT seed="0,0,0,5,4,68" ten="350,350,350,0" oya="0" hai0="116,96,108,64,66,60,125,102,62,65,48,3,32" hai1="49,94,36,38,120,133,117,59,134,98,78,1,110" hai2="40,46,76,37,119,35,126,115,71,109,91,83,90" hai3=""/><T79/><D3/><U41/><N who="1" m="30752" /><U129/><E110/><V34/><F115/><T88/><D32/><U124/><E117/><V2/><F2/><T107/><D116/><U61/><E129/><V52/><F119/><T122/><N who="0" m="31264" /><T54/><D125/><U70/><E70/><V101/><F71/><T135/><D135/><N who="1" m="51723" /><E78/><V50/><F101/><T63/><D108/><U127/><E1/><V0/><F0/><T105/><D79/><U43/><E49/><V114/><F114/><T112/><D112/><U103/><E41/><V42/><F42/><T130/><D130/><U77/><E77/><V72/><F126/><N who="1" m="48169" /><E43/><V100/><F109/><T97/><D88/><U95/><E95/><V55/><F91/><T85/><D102/><U53/><AGARI ba="0,0" hai="36,38,53,59,61,94,98,103" m="48169,51723,30752" machi="53" ten="30,6000,1" yaku="20,1,18,1,52,3" doraHai="68" who="1" fromWho="1" sc="350,-40,350,60,350,-20,0,0" /><INIT seed="1,0,0,4,2,92" ten="310,410,330,0" oya="1" hai0="130,115,131,39,35,0,72,93,109,132,33,38,67" hai1="107,81,111,50,97,95,99,90,116,82,52,36,125" hai2="134,87,123,104,34,3,66,133,119,135,54,80,58" hai3=""/><U101/><E116/><V94/><N who="2" m="31520" /><V100/><F119/><T69/><D115/><U118/><E118/><V91/><F34/><T112/><D112/><U71/><E125/><V86/><F66/><T84/><D72/><U108/><E71/><V122/><N who="2" m="31264" /><V48/><F3/><T110/><D0/><U57/><REACH who="1" step="1"/><E36/><REACH who="1" ten="310,400,330,0" step="2"/><V89/><F104/><T44/><D35/><U65/><E65/><V63/><REACH who="2" step="1"/><F100/><REACH who="2" ten="310,400,320,0" step="2"/><T46/><D33/><U70/><E70/><V117/><F117/><T41/><D69/><U68/><E68/><V76/><F76/><T102/><D67/><U56/><E56/><V75/><F75/><T60/><D102/><U127/><E127/><V49/><AGARI ba="0,2" hai="48,49,54,58,63,80,86,87,89,91,94,133,134,135" m="31264,31520" machi="49" ten="40,6000,1" yaku="1,1,0,1,20,1,52,2,53,0" doraHai="92" doraHaiUra="120" who="2" fromWho="2" sc="310,-20,400,-40,320,80,0,0" /><INIT seed="2,0,0,5,2,0" ten="290,360,400,0" oya="2" hai0="32,59,55,97,73,80,85,115,78,135,42,33,119" hai1="133,129,46,1,134,63,125,84,57,51,34,52,49" hai2="58,103,74,120,110,56,71,86,43,70,77,132,112" hai3=""/><V38/><N who="2" m="30752" /><V61/><F112/><T111/><D119/><U127/><E1/><V113/><F113/><T109/><D115/><U121/><N who="1" m="31008" /><U116/><E34/><V66/><F74/><T67/><D135/><N who="1" m="51723" /><E84/><V39/><F132/><T64/><D42/><U53/><E116/><V92/><F110/><N who="0" m="41994" /><D97/><U100/><E100/><V124/><F43/><T45/><D45/><U83/><E83/><V82/><F70/><T62/><D73/><U96/><E96/><V76/><F76/><T35/><AGARI ba="0,0" hai="32,33,35,55,59,62,64,67,78,80,85" m="41994" machi="35" ten="40,6000,1" yaku="14,1,52,3" doraHai="0" who="0" fromWho="0" sc="290,60,360,-20,400,-40,0,0" /><INIT seed="4,0,0,2,3,89" ten="350,340,360,0" oya="0" hai0="63,55,47,40,87,50,99,114,83,133,36,82,75" hai1="93,52,65,64,46,57,107,126,111,97,39,37,94" hai2="0,35,106,42,134,135,56,108,66,1,79,84,2" hai3=""/><T80/><D114/><U45/><E111/><V123/><N who="2" m="31520" /><V54/><F108/><T125/><D133/><N who="2" m="50698" /><F106/><T131/><D125/><U101/><E126/><V112/><F35/><T120/><N who="0" m="30752" /><T105/><D131/><U32/><E32/><V124/><F124/><T118/><D118/><U103/><E107/><V92/><F42/><T98/><D75/><U116/><E116/><V43/><F43/><T127/><D127/><U69/><E69/><V78/><F66/><T76/><D63/><U102/><E102/><V91/><F112/><T129/><D129/><U38/><E65/><V109/><F109/><T71/><D71/><U51/><E64/><V119/><F119/><T86/><D105/><U88/><REACH who="1" step="1"/><E103/><REACH who="1" ten="350,330,360,0" step="2"/><V100/><F100/><T3/><D3/><U85/><AGARI ba="0,1" hai="37,38,39,45,46,51,52,57,85,88,93,94,97,101" machi="85" ten="30,9000,2" yaku="1,1,2,1,0,1,52,2,54,2,53,0" doraHai="89" doraHaiUra="113" who="1" fromWho="1" sc="350,-60,330,100,360,-30,0,0" /><INIT seed="5,0,0,5,4,79" ten="290,430,330,0" oya="1" hai0="38,43,33,98,44,118,41,94,54,112,67,81,102" hai1="130,134,64,0,49,119,34,108,105,58,76,70,88" hai2="66,2,99,85,82,114,116,127,59,69,104,65,103" hai3=""/><U80/><E119/><V97/><F116/><T90/><D118/><U125/><E0/><V71/><F2/><T113/><D33/><U32/><E130/><V93/><F127/><T47/><D54/><U53/><E125/><V95/><F59/><T45/><D67/><U61/><E134/><V106/><F114/><T87/><REACH who="0" step="1"/><D45/><REACH who="0" ten="280,430,330,0" step="2"/><U50/><E32/><V3/><F3/><T40/><D40/><U109/><E34/><V117/><F117/><T124/><D124/><U1/><E1/><V120/><N who="2" m="30752" /><V55/><F55/><T63/><D63/><U107/><E64/><V75/><F65/><T72/><D72/><U110/><E70/><V89/><F75/><T96/><D96/><U129/><E61/><V39/><F66/><T48/><AGARI ba="0,1" hai="38,41,43,44,47,48,81,87,90,94,98,102,112,113" machi="48" ten="30,3000,0" yaku="1,1,0,1,52,1,53,0" doraHai="79" doraHaiUra="57" who="0" fromWho="0" sc="280,40,430,-20,330,-10,0,0" /><INIT seed="6,0,0,3,4,119" ten="320,410,320,0" oya="2" hai0="75,105,106,49,60,133,39,78,117,125,124,100,85" hai1="53,130,131,128,83,72,87,0,94,42,88,32,67" hai2="66,90,74,109,122,50,71,116,62,73,40,112,110" hai3=""/><V37/><N who="2" m="31264" /><V38/><F112/><T55/><D117/><U99/><E32/><V68/><F116/><T63/><D39/><U52/><E0/><V121/><N who="2" m="31008" /><V41/><F90/><T93/><D133/><U65/><E42/><V132/><F132/><T76/><D75/><U1/><E72/><V123/><N who="2" m="31520" /><V69/><F73/><T80/><D78/><U134/><E1/><V77/><F77/><T92/><D60/><U97/><E97/><V118/><F118/><T35/><D63/><U51/><E134/><V126/><F74/><T120/><N who="0" m="30752" /><T43/><D43/><N who="2" m="16458" /><F50/><T107/><D35/><U3/><E51/><V34/><F34/><T98/><REACH who="0" step="1"/><D93/><REACH who="0" ten="310,410,320,0" step="2"/><U115/><E3/><V103/><F126/><T33/><D33/><U59/><E94/><V57/><F103/><T135/><D135/><U91/><E128/><V129/><F129/><T111/><D111/><AGARI ba="0,1" hai="37,38,57,62,66,68,69,71,109,110,111" m="16458,31520,31008,31264" machi="111" ten="40,24000,3" yaku="10,1,34,2,52,6" doraHai="119" who="2" fromWho="0" sc="310,-240,410,0,320,250,0,0" owari="70,-53.0,410,1.0,570,52.0,0,0.0" /></mjloggm>