<mjloggm ver="2.3"><GO type="169" lobby="0"/><UN n0="%E7%84%A1%E7%82%BA%E8%87%AA%E7%84%B6" n1="%E3%82%8F%E3%81%A3%E3%81%97%E3%82%87%E3%81%84%E5%90%9B%32%E5%8F%B7" n2="%45%72%77%69%6E%52%64" n3="%6D%61%74%6F%30%36%30%33" dan="16,19,17,17" rate="2152.90,2310.83,2136.03,2194.50" sx="M,M,M,M"/><TAIKYOKU oya="0"/><INIT seed="0,0,0,4,0,81" ten="250,250,250,250" oya="0" hai0="37,25,82,77,5,17,14,71,135,134,19,38,101" hai1="1,85,18,16,74,13,24,2,124,26,104,96,100" hai2="121,123,109,93,10,42,62,39,63,117,47,58,64" hai3="113,46,116,68,4,61,31,128,84,98,66,80,125"/><T70/><D101/><U118/><E118/><V50/><F117/><W132/><G116/><T111/><D5/><U122/><E74/><V32/><F32/><W65/><G113/><T9/><D25/><U69/><E122/><V120/><F10/><W22/><G128/><T41/><D17/><U130/><E130/><V0/><F0/><W72/><G132/><N who="0" m="50731" /><D41/><U92/><E69/><N who="0" m="26121" /><D111/><U59/><E124/><V108/><F93/><W86/><G125/><T95/><D95/><U29/><E59/><V55/><F39/><W35/><G68/><AGARI ba="0,0" hai="42,47,50,55,58,62,63,64,68,108,109,120,121,123" machi="68" ten="40,5200,0" yaku="34,3" doraHai="81" who="2" fromWho="3" sc="250,0,250,0,250,52,250,-52" /><INIT seed="1,0,0,4,0,71" ten="250,250,302,198" oya="1" hai0="97,40,106,41,119,98,62,22,8,127,100,130,48" hai1="77,30,87,133,25,42,64,1,129,125,128,122,44" hai2="69,82,3,0,53,88,132,10,59,111,85,123,21" hai3="68,27,38,126,47,32,16,6,107,46,75,74,2"/><U112/><E112/><V93/><F69/><W36/><G68/><T66/><D119/><U103/><E122/><V83/><F123/><W39/><G107/><T17/><D130/><N who="1" m="50283" /><E125/><V24/><F132/><W73/><G126/><T55/><D127/><U92/><E1/><V18/><F111/><W49/><G49/><T84/><D8/><U95/><E64/><V52/><F53/><W104/><G104/><T60/><D98/><U102/><E133/><V65/><F65/><W20/><REACH who="3" step="1"/><G32/><REACH who="3" ten="250,250,302,188" step="2"/><T76/><D60/><U117/><E117/><V89/><F0/><W23/><G23/><T105/><D106/><U26/><E103/><V131/><F3/><W9/><AGARI ba="0,1" hai="2,6,9,16,20,27,36,38,39,46,47,73,74,75" machi="9" ten="40,12000,2" yaku="1,1,0,1,52,3,54,1,53,0" doraHai="71" doraHaiUra="78" who="3" fromWho="3" sc="250,-30,250,-60,302,-30,188,130" /><INIT seed="2,0,0,4,2,12" ten="220,190,272,318" oya="2" hai0="93,114,35,119,121,81,39,100,76,116,74,64,8" hai1="31,14,108,113,30,42,71,132,117,91,105,70,13" hai2="32,58,89,128,53,37,110,129,2,94,45,25,133" hai3="123,107,111,109,118,90,22,66,41,51,27,106,130"/><V19/><F2/><W38/><G38/><T40/><D114/><U72/><E91/><V4/><F4/><W28/><G118/><N who="0" m="45099" /><D35/><U24/><E42/><V79/><F79/><W59/><G123/><T46/><D121/><U131/><E24/><V102/><F102/><W69/><G130/><N who="2" m="50281" /><F133/><W97/><G90/><T61/><D8/><U18/><E117/><V62/><F110/><N who="3" m="41995" /><G97/><N who="0" m="59439" /><D61/><U80/><E108/><V73/><F73/><W127/><G127/><T11/><D11/><U84/><E72/><V63/><F62/><N who="3" m="38239" /><G69/><T98/><D64/><U55/><E132/><V83/><F83/><W16/><G28/><T68/><D98/><U60/><E30/><N who="2" m="19535" /><F37/><W23/><G23/><T95/><D95/><U112/><E113/><V44/><F19/><W120/><G120/><T75/><D75/><U7/><E18/><V115/><F115/><W135/><G135/><T96/><D68/><U87/><E71/><V104/><F104/><W6/><G6/><T67/><D67/><U9/><E70/><V125/><F125/><W3/><G3/><T1/><D1/><U36/><E7/><V101/><F101/><W43/><G51/><T47/><D39/><U103/><E36/><V65/><F65/><W86/><G86/><AGARI ba="0,0" hai="44,45,53,58,63,86,89,94" m="19535,50281" machi="86" ten="30,1500,0" yaku="19,1" doraHai="12" who="2" fromWho="3" sc="220,0,190,0,272,15,318,-15" /><INIT seed="2,1,0,2,1,106" ten="220,190,287,303" oya="2" hai0="59,81,73,54,119,33,28,79,42,93,36,12,62" hai1="116,130,41,13,96,60,82,75,101,112,27,118,108" hai2="134,23,49,53,44,6,80,117,114,72,104,43,40" hai3="129,76,123,100,0,5,47,64,8,38,20,50,29"/><V125/><F114/><W124/><G123/><T56/><D119/><U90/><E112/><V88/><F117/><W14/><G124/><T22/><D33/><U95/><E108/><V19/><F104/><W78/><G38/><T86/><D36/><U135/><E135/><V74/><F6/><W58/><G129/><T71/><D42/><U92/><E130/><V51/><F134/><W113/><G113/><T70/><D93/><U68/><E41/><V63/><F63/><N who="3" m="38007" /><G0/><T115/><D115/><U133/><E133/><V61/><F61/><W121/><G100/><T69/><D59/><U39/><E39/><V11/><F11/><W67/><G67/><T18/><REACH who="0" step="1"/><D28/><REACH who="0" ten="210,190,287,303" step="2"/><U32/><E116/><V66/><F40/><N who="3" m="24935" /><G121/><T98/><D98/><U128/><E118/><V24/><F125/><W4/><G29/><T9/><D9/><U52/><E128/><V31/><F31/><W97/><G97/><T87/><AGARI ba="1,1" hai="12,18,22,54,56,62,69,70,71,73,79,81,86,87" machi="87" ten="40,8000,1" yaku="1,1,0,1,52,1,53,1" doraHai="106" doraHaiUra="16" who="0" fromWho="0" sc="210,93,190,-21,287,-41,303,-21" /><INIT seed="3,0,0,1,3,11" ten="303,169,246,282" oya="3" hai0="84,61,29,59,32,118,112,41,18,121,34,77,125" hai1="40,22,51,87,63,86,16,65,93,79,23,44,24" hai2="75,4,88,37,43,36,28,53,117,82,85,13,127" hai3="2,108,70,134,10,72,20,55,107,12,25,14,109"/><W124/><G72/><T26/><D118/><U9/><E79/><V96/><F117/><W15/><G107/><T27/><D121/><U97/><E22/><V64/><F127/><W83/><G70/><T122/><D122/><U126/><E126/><V104/><F64/><W0/><G124/><T100/><D100/><U71/><REACH who="1" step="1"/><E9/><REACH who="1" ten="303,159,246,282" step="2"/><V103/><F28/><N who="3" m="17447" /><G10/><T110/><D77/><U57/><E57/><V62/><F75/><W91/><G134/><T133/><D59/><U31/><E31/><V114/><F114/><W5/><G109/><T67/><D133/><U131/><E131/><V54/><F4/><W92/><G108/><T95/><D29/><U42/><E42/><V89/><F43/><W123/><G5/><T115/><D41/><U60/><E60/><V101/><F62/><W129/><G129/><T58/><D110/><U105/><E105/><V132/><F104/><W52/><G123/><T113/><D125/><U102/><AGARI ba="0,1" hai="16,23,24,40,44,51,63,65,71,86,87,93,97,102" machi="102" ten="20,5200,0" yaku="1,1,0,1,7,1,54,1,53,0" doraHai="11" doraHaiUra="1" who="1" fromWho="1" sc="303,-13,159,62,246,-13,282,-26" /><INIT seed="4,0,0,1,2,114" ten="290,221,233,256" oya="0" hai0="135,134,68,122,44,96,115,52,87,55,30,112,70" hai1="109,4,119,9,128,37,8,88,15,84,10,29,130" hai2="48,0,57,86,102,110,78,83,93,38,54,20,132" hai3="45,69,95,12,75,23,13,94,73,56,131,82,53"/><T121/><D87/><U71/><E37/><V64/><F38/><W123/><G69/><N who="0" m="26731" /><D96/><U19/><E71/><V24/><F110/><W25/><G45/><T97/><D97/><U106/><E109/><V49/><F64/><W62/><G131/><N who="1" m="50218" /><E106/><V100/><F0/><W59/><G123/><N who="0" m="47115" /><D30/><U91/><E29/><V35/><F35/><W43/><G82/><T18/><D18/><U63/><E63/><V104/><F104/><W50/><G25/><T120/><N who="0" m="47123" /><T42/><DORA hai="34" /><D115/><U17/><E91/><V118/><F93/><W36/><G94/><T21/><D21/><N who="1" m="11455" /><E19/><V113/><F113/><W31/><G31/><T124/><D112/><U40/><E40/><V41/><F41/><W125/><G43/><T7/><D124/><U79/><E79/><V72/><F100/><W58/><G125/><T66/><D66/><U105/><E105/><V129/><F102/><W90/><G90/><T60/><D60/><U103/><E103/><V76/><F78/><W6/><G62/><T80/><D42/><U89/><E4/><V32/><F32/><W127/><G36/><T27/><D7/><U98/><E89/><V3/><F76/><W46/><G127/><T61/><D27/><U107/><E98/><V16/><F24/><W39/><G39/><T67/><D67/><U99/><E99/><V117/><F20/><W28/><G95/><T85/><D61/><U51/><E107/><V108/><F129/><W11/><G28/><T126/><D126/><U101/><E101/><V2/><F16/><N who="3" m="10631" /><G6/><T77/><D55/><U65/><E65/><V14/><F54/><RYUUKYOKU ba="0,0" sc="290,15,221,-15,233,-15,256,15" hai0="44,52,77,80,85,134,135" hai3="11,13,46,50,53,56,58,59,73,75" /><INIT seed="4,1,0,2,5,106" ten="305,206,218,271" oya="0" hai0="102,92,109,52,57,38,27,119,113,121,6,0,117" hai1="61,131,60,5,129,98,133,70,111,62,35,79,84" hai2="94,49,31,56,50,7,44,24,66,1,112,58,18" hai3="88,63,82,29,48,81,73,122,115,17,105,19,124"/><T55/><D121/><U20/><E35/><V75/><F112/><W72/><G105/><T78/><D38/><U30/><E111/><V104/><F104/><W25/><G115/><T89/><D113/><U23/><E70/><V135/><F135/><W126/><G48/><T132/><D102/><U87/><E133/><V12/><F7/><W32/><G63/><T99/><D109/><U64/><E64/><V67/><F1/><W8/><G122/><T68/><D68/><U54/><E98/><V120/><F94/><W125/><G8/><T65/><D65/><U134/><E134/><V76/><F120/><W43/><G43/><T51/><D132/><U96/><E96/><V45/><F12/><W59/><G59/><T90/><D78/><U37/><E37/><V39/><F39/><W95/><G19/><T42/><D42/><U21/><E30/><V14/><F14/><W85/><G17/><T86/><D27/><U114/><E114/><V33/><F18/><W83/><AGARI ba="1,0" hai="25,29,32,72,73,81,82,83,85,88,95,124,125,126" machi="83" ten="40,8000,1" yaku="0,1,18,1,52,2,54,1" doraHai="106" who="3" fromWho="3" sc="305,-41,206,-21,218,-21,271,83" /><INIT seed="5,0,0,2,5,21" ten="264,185,197,354" oya="1" hai0="67,66,100,61,34,65,29,43,19,3,106,20,101" hai1="113,56,117,39,44,28,2,126,83,111,33,129,134" hai2="132,90,23,38,8,32,92,93,70,17,88,59,98" hai3="133,127,97,135,16,73,51,40,122,96,62,116,37"/><U112/><RYUUKYOKU type="yao9" ba="0,0" sc="264,0,185,0,197,0,354,0" hai1="2,28,33,39,44,56,83,111,112,113,117,126,129,134" /><INIT seed="5,1,0,5,2,68" ten="264,185,197,354" oya="1" hai0="40,81,16,30,94,86,63,25,34,101,113,38,0" hai1="109,106,107,91,132,103,12,116,19,99,90,126,84" hai2="1,59,102,72,71,42,36,7,6,128,89,75,112" hai3="93,45,82,118,129,46,13,134,31,111,8,76,95"/><U127/><E116/><V131/><F71/><W33/><G111/><T104/><D0/><U121/><E121/><V133/><F102/><W49/><G118/><T66/><D94/><N who="1" m="58871" /><E12/><V73/><F59/><W3/><G3/><T54/><D54/><U61/><E61/><V23/><F89/><N who="1" m="33801" /><E19/><V65/><F65/><W119/><G119/><T26/><D16/><U14/><E14/><V57/><F57/><W18/><G46/><T2/><D25/><U20/><E20/><V43/><F23/><W88/><G33/><T77/><D40/><U15/><E15/><V64/><F64/><W41/><G31/><T78/><D2/><U100/><E109/><V124/><F73/><W17/><G17/><T79/><D38/><U35/><E35/><V108/><F1/><W74/><G95/><T4/><D4/><U11/><E11/><V22/><F22/><W135/><REACH who="3" step="1"/><G129/><REACH who="3" ten="264,185,197,344" step="2"/><T105/><D30/><U56/><E107/><V51/><F108/><W62/><G62/><T92/><D104/><U110/><E110/><V83/><F128/><W69/><G69/><N who="0" m="42207" /><D105/><U55/><E106/><V9/><F131/><W80/><G80/><T28/><D34/><U48/><E56/><V115/><F6/><W58/><G58/><T37/><D28/><U39/><E126/><V97/><F7/><W122/><G122/><T117/><D117/><U50/><E127/><V10/><F124/><W27/><G27/><T114/><D26/><U70/><E70/><V60/><F83/><W96/><AGARI ba="1,1" hai="8,13,18,41,45,49,74,76,82,88,93,96,134,135" machi="96" ten="30,7900,0" yaku="1,1,0,1,54,1,53,1" doraHai="68" doraHaiUra="44" who="3" fromWho="3" sc="264,-21,185,-40,197,-21,344,92" /><INIT seed="6,0,0,0,2,10" ten="243,145,176,436" oya="2" hai0="132,27,71,55,83,59,0,115,2,16,38,127,28" hai1="128,8,40,41,65,77,60,26,56,25,47,12,131" hai2="46,36,76,49,67,18,88,129,48,93,119,58,37" hai3="106,91,35,123,9,111,96,29,75,34,125,112,61"/><V14/><F119/><W87/><G111/><T3/><D71/><U108/><E108/><V33/><F33/><W117/><G117/><T95/><D38/><U85/><E128/><V121/><F121/><W100/><G123/><T15/><D115/><U72/><E72/><V118/><F76/><W84/><G75/><T7/><D132/><U51/><E41/><V31/><F31/><W110/><G110/><T101/><D83/><N who="1" m="47343" /><E131/><V53/><F129/><W114/><G125/><T39/><D39/><U79/><E79/><V13/><F13/><W86/><G61/><N who="0" m="36095" /><D95/><U109/><E109/><V103/><F103/><W126/><G9/><N who="0" m="2279" /><D101/><U17/><AGARI ba="0,0" hai="8,12,17,25,26,40,47,51,56,60,65" m="47343" machi="17" ten="30,2000,0" yaku="8,1,52,1" doraHai="10" who="1" fromWho="1" sc="243,-5,145,20,176,-10,436,-5" /><INIT seed="7,0,0,5,4,2" ten="238,165,166,431" oya="3" hai0="15,97,41,111,123,18,65,121,80,118,49,88,17" hai1="19,21,102,98,58,100,128,71,33,74,86,35,8" hai2="34,76,6,96,38,30,59,81,99,27,125,79,29" hai3="25,28,66,90,16,68,26,10,54,134,129,84,89"/><W14/><G129/><T13/><D111/><U51/><E74/><V61/><F38/><W126/><G126/><T110/><D110/><U43/><E71/><V109/><F109/><W22/><G134/><T48/><D118/><U87/><E128/><V131/><F131/><W45/><G26/><T57/><D80/><U55/><E33/><V130/><F29/><W62/><G84/><N who="1" m="32298" /><E35/><V113/><F130/><W91/><G54/><T52/><D65/><U83/><E83/><V124/><F6/><W11/><G45/><T32/><D48/><U9/><E43/><V12/><F12/><W24/><G24/><T101/><D101/><N who="1" m="39019" /><E98/><N who="2" m="37419" /><F81/><W1/><G1/><T85/><D97/><U127/><E127/><N who="2" m="48715" /><F113/><W117/><G117/><T42/><D32/><U70/><E70/><V64/><AGARI ba="0,0" hai="27,30,34,59,61,64,76,79" m="48715,37419" machi="64" ten="30,1100,0" yaku="18,1" doraHai="2" who="2" fromWho="2" sc="238,-3,165,-3,166,11,431,-5" owari="235,4.0,162,-34.0,177,-22.0,426,52.0" /></mjloggm>