<mjloggm ver="2.3"><GO type="169" lobby="0"/><UN n0="%E6%B9%8A%E6%96%97%E3%81%8B%E3%81%92%E3%81%82%E3%81%8D" n1="%57%68%69%74%65%3F" n2="%6C%69%65%62%65" n3="%E5%B0%8F%E6%9E%97%E6%B5%81%E7%89%8C%E6%89%8B" dan="17,16,16,18" rate="2226.52,2108.69,2036.08,2211.97" sx="M,M,F,M"/><TAIKYOKU oya="0"/><INIT seed="0,0,0,5,1,37" ten="250,250,250,250" oya="0" hai0="106,125,20,98,15,87,26,32,4,64,68,0,78" hai1="57,77,90,61,88,100,119,13,39,114,93,82,107" hai2="5,103,55,109,133,72,46,59,134,124,6,49,110" hai3="73,89,74,108,130,69,92,84,71,29,129,48,66"/><T24/><D125/><U83/><E39/><V135/><F124/><W62/><G108/><N who="2" m="41577" /><F72/><W105/><G105/><T127/><D127/><U19/><E119/><V23/><F103/><W12/><G69/><T30/><D0/><U21/><E114/><V16/><F59/><W53/><G29/><T79/><D87/><U97/><E82/><V22/><F22/><W36/><G12/><AGARI ba="0,0" hai="5,6,12,16,23,46,49,55,133,134,135" m="41577" machi="12" ten="40,5200,0" yaku="20,1,14,1,54,1" doraHai="37" who="2" fromWho="3" sc="250,0,250,0,250,52,250,-52" /><INIT seed="1,0,0,3,3,88" ten="250,250,302,198" oya="1" hai0="52,123,40,63,109,96,29,133,6,115,47,100,37" hai1="4,82,34,128,111,103,84,55,95,33,23,7,105" hai2="122,97,3,101,132,12,117,89,79,5,10,124,13" hai3="130,83,32,99,41,71,20,15,98,49,14,19,102"/><U62/><E105/><V21/><F117/><W110/><G71/><T69/><D115/><U58/><E128/><V11/><F122/><W45/><G32/><T93/><D123/><U91/><E33/><V31/><F132/><W86/><G110/><T22/><D109/><U85/><E34/><V116/><F124/><W48/><G130/><T17/><D133/><U81/><E111/><V90/><F79/><W120/><G120/><T50/><D6/><U70/><E70/><V42/><F42/><W68/><G68/><T118/><D29/><U26/><E103/><V46/><F46/><W43/><G14/><T76/><D76/><N who="1" m="46119" /><E82/><V39/><F39/><W113/><G113/><T135/><D118/><U28/><AGARI ba="0,0" hai="4,7,23,26,28,55,58,62,85,91,95" m="46119" machi="28" ten="30,3000,0" yaku="8,1,52,1" doraHai="88" who="1" fromWho="1" sc="250,-10,250,30,302,-10,198,-10" /><INIT seed="1,1,0,0,0,6" ten="240,280,292,188" oya="1" hai0="44,86,49,60,74,123,98,125,10,108,32,51,7" hai1="121,128,72,85,67,92,130,79,127,22,101,120,75" hai2="35,65,96,70,52,34,25,5,26,58,89,15,87" hai3="48,18,103,56,81,61,55,109,28,68,107,17,42"/><U69/><E67/><V113/><F113/><W126/><G109/><T114/><D74/><N who="1" m="28203" /><E22/><V66/><F35/><W90/><G107/><T39/><D114/><U21/><E69/><V53/><F53/><W78/><G103/><T59/><D32/><U16/><E21/><V1/><F1/><W46/><G90/><T88/><D108/><U11/><E16/><V4/><F96/><W119/><G126/><T29/><D29/><U118/><E11/><N who="2" m="4583" /><F5/><W102/><G102/><T3/><D123/><N who="1" m="47179" /><E127/><V63/><F70/><W95/><G95/><T33/><D33/><U131/><E118/><V12/><F12/><W105/><G105/><T20/><D20/><U104/><E104/><V54/><F54/><W80/><G119/><T115/><D115/><U129/><N who="1" m="32768" /><DORA hai="57" /><U64/><E64/><N who="2" m="24683" /><F34/><W24/><G68/><T94/><D125/><U97/><E85/><V91/><F87/><N who="3" m="48535" /><G28/><T47/><D86/><U62/><E79/><V134/><F134/><W43/><G18/><T99/><D39/><U19/><E19/><V40/><F40/><W117/><G117/><T30/><D30/><U122/><E122/><V100/><F25/><W50/><G24/><T14/><D3/><U133/><E133/><V106/><F26/><W132/><G132/><T23/><D23/><U8/><E8/><V0/><F0/><W110/><G17/><T36/><D36/><U38/><E38/><V116/><F116/><W135/><G135/><T9/><D9/><U111/><E111/><V112/><F112/><W31/><G110/><T77/><D10/><U37/><E37/><V41/><F41/><RYUUKYOKU ba="1,0" sc="240,-15,280,15,292,15,188,-15" hai1="62,92,97,101" hai2="52,58,63,89,91,100,106" /><INIT seed="1,2,0,4,0,62" ten="225,295,307,173" oya="1" hai0="64,0,115,9,28,20,104,93,15,51,35,57,125" hai1="40,116,103,42,100,12,112,16,11,60,82,117,127" hai2="43,22,48,98,27,92,71,2,122,111,83,67,32" hai3="39,86,41,131,78,53,102,36,126,135,77,29,130"/><U47/><E112/><V75/><F122/><W110/><G110/><T56/><D104/><U18/><E127/><V79/><F111/><W30/><G102/><T105/><D105/><U23/><E82/><V26/><F2/><W91/><G53/><T128/><D115/><U61/><E47/><V38/><F38/><N who="3" m="14379" /><G41/><T97/><D128/><N who="3" m="49193" /><G135/><T63/><D125/><U94/><E23/><V90/><F32/><W49/><G49/><T55/><D35/><U68/><E94/><V19/><F48/><W14/><G14/><T113/><D0/><U72/><E12/><V109/><F43/><W10/><G10/><T46/><D113/><U50/><E11/><V58/><F109/><W106/><G106/><T96/><D46/><U118/><E50/><V34/><F34/><W76/><G126/><T107/><D107/><U4/><E117/><V85/><F27/><W25/><G25/><N who="0" m="16423" /><D93/><AGARI ba="2,0" hai="29,30,76,77,78,86,91,93" m="49193,14379" machi="93" ten="40,1300,0" yaku="19,1" doraHai="62" who="3" fromWho="0" sc="225,-19,295,0,307,0,173,19" /><INIT seed="2,0,0,0,1,30" ten="206,295,307,192" oya="2" hai0="15,108,64,121,71,70,55,116,16,9,89,7,45" hai1="39,104,124,135,11,57,4,1,120,118,33,28,25" hai2="14,29,49,27,83,93,43,126,62,105,82,3,5" hai3="31,107,56,63,115,113,20,86,2,38,40,111,41"/><V112/><F105/><W61/><G2/><T72/><D121/><U13/><E104/><V85/><F112/><N who="3" m="43083" /><G107/><T68/><D72/><U46/><E120/><V8/><F126/><W6/><G6/><T32/><D108/><U74/><E74/><V94/><F3/><W88/><G111/><T26/><D116/><U42/><E124/><V77/><F83/><N who="3" m="49247" /><G63/><T59/><D45/><U35/><E57/><V47/><REACH who="2" step="1"/><F62/><REACH who="2" ten="206,295,297,192" step="2"/><W48/><G38/><T117/><D117/><U34/><E118/><V129/><F129/><W125/><G125/><T51/><D51/><U123/><E123/><V67/><F67/><N who="3" m="39335" /><G48/><T24/><D64/><U36/><E39/><V128/><F128/><W100/><G100/><T102/><D102/><U76/><E76/><V122/><F122/><W79/><G79/><T80/><D80/><U52/><E135/><V95/><F95/><W97/><G97/><T58/><D89/><U127/><E127/><V130/><F130/><W78/><G78/><T90/><D90/><U69/><E69/><V37/><F37/><W0/><G0/><T17/><D70/><U12/><REACH who="1" step="1"/><E52/><REACH who="1" ten="206,285,297,192" step="2"/><V103/><F103/><W66/><G66/><T134/><D134/><U44/><E44/><V87/><F87/><W54/><G54/><T99/><D55/><U10/><E10/><V84/><F84/><W119/><G119/><T18/><D68/><U75/><E75/><V132/><F132/><W106/><G106/><T60/><D71/><U19/><E19/><V73/><F73/><W23/><G41/><T131/><D18/><U114/><E114/><V65/><F65/><RYUUKYOKU ba="0,2" sc="206,-15,285,15,297,15,192,-15" hai1="1,4,11,12,13,25,28,33,34,35,36,42,46" hai2="5,8,14,27,29,43,47,49,77,82,85,93,94" /><INIT seed="2,1,2,5,3,57" ten="191,300,312,177" oya="2" hai0="7,5,41,48,38,75,13,91,3,121,106,2,71" hai1="135,87,22,117,90,102,129,66,40,108,98,30,50" hai2="12,82,111,60,32,0,46,19,16,97,105,95,65" hai3="131,47,64,20,62,84,24,25,73,53,23,1,128"/><V94/><F0/><W81/><G73/><T125/><D121/><U133/><E117/><V70/><F32/><W101/><G1/><T37/><D75/><U31/><E108/><V93/><F111/><W14/><G101/><T72/><D72/><U52/><E66/><V92/><F105/><W109/><G109/><T134/><D106/><U100/><E40/><V15/><F82/><W86/><G14/><T118/><D71/><U56/><E129/><N who="3" m="49738" /><G47/><T44/><D118/><U43/><E43/><V33/><F33/><W4/><G4/><T35/><D35/><U114/><E114/><V27/><F46/><W63/><G53/><T26/><D26/><N who="3" m="10345" /><G86/><T83/><D134/><N who="1" m="51211" /><E22/><N who="3" m="8234" /><G64/><T36/><D125/><U45/><E45/><V79/><F79/><AGARI ba="1,2" hai="62,63,79,81,84" m="8234,10345,49738" machi="79" ten="30,3900,0" yaku="19,1,52,2" doraHai="57" who="3" fromWho="2" sc="191,0,300,0,312,-42,177,62" /><INIT seed="3,0,0,2,1,48" ten="191,300,270,239" oya="3" hai0="110,54,90,99,115,0,62,38,23,9,37,133,7" hai1="123,103,112,46,84,91,50,88,57,33,61,80,71" hai2="108,118,41,65,15,89,92,132,107,130,31,8,134" hai3="86,121,1,129,58,13,45,68,42,77,104,22,97"/><W70/><G1/><T30/><D110/><U3/><E112/><V35/><F107/><W69/><G121/><T39/><D133/><U79/><E33/><V111/><F118/><W44/><G129/><T20/><D115/><U135/><E3/><V36/><F130/><W32/><G32/><T24/><D99/><U101/><E71/><V82/><F65/><W49/><G77/><T98/><D98/><U122/><E135/><N who="2" m="51755" /><F82/><W51/><G86/><T127/><D127/><U14/><E14/><V119/><F119/><W73/><G73/><T64/><D90/><N who="1" m="34347" /><E122/><V25/><F41/><W74/><G58/><T109/><D109/><U113/><E113/><V43/><F43/><W95/><G74/><T11/><D11/><U81/><E81/><V60/><F60/><W21/><G13/><T26/><D64/><N who="1" m="38959" /><E123/><V55/><F36/><W67/><G67/><T124/><D124/><U126/><E126/><V120/><F120/><W56/><G104/><T52/><REACH who="0" step="1"/><D62/><REACH who="0" ten="181,300,270,239" step="2"/><U6/><E6/><V72/><F111/><W131/><G131/><T59/><D59/><U87/><E87/><V63/><F108/><W17/><G56/><T19/><AGARI ba="0,1" hai="0,7,9,19,20,23,24,26,30,37,38,39,52,54" machi="19" ten="30,8000,1" yaku="1,1,0,1,52,2,54,1,53,0" doraHai="48" doraHaiUra="76" who="0" fromWho="0" sc="181,90,300,-20,270,-20,239,-40" /><INIT seed="4,0,0,5,4,122" ten="271,280,250,199" oya="0" hai0="63,88,86,14,108,54,113,8,87,99,37,104,79" hai1="78,26,65,97,24,0,133,130,7,106,85,109,48" hai2="3,19,128,127,57,52,6,81,49,45,82,117,28" hai3="73,83,91,134,10,47,118,123,119,67,35,33,107"/><T110/><D37/><U23/><E130/><V92/><F128/><W56/><G107/><T77/><D113/><U20/><E133/><V5/><F127/><W53/><G67/><T112/><D112/><U25/><E65/><V34/><F117/><W21/><G35/><T103/><D86/><U9/><E97/><V1/><F1/><W58/><G33/><T93/><D54/><U15/><E106/><V29/><F3/><W61/><G123/><T121/><D63/><U11/><E48/><N who="2" m="30855" /><F19/><W126/><G58/><T71/><D71/><U76/><E85/><V12/><F92/><W44/><G126/><T111/><D121/><U114/><E114/><V120/><F34/><W70/><G70/><T40/><D40/><U62/><E62/><V89/><F89/><W72/><G72/><T64/><D64/><U115/><E115/><V31/><F12/><W18/><G134/><T90/><D90/><U101/><E101/><V4/><F120/><W131/><G131/><T27/><D27/><U22/><E76/><V32/><F32/><W30/><G118/><T98/><D98/><U124/><E78/><V132/><F132/><W94/><G119/><T41/><D41/><AGARI ba="0,0" hai="4,5,6,28,29,31,41,45,49,81,82" m="30855" machi="41" ten="30,2000,0" yaku="8,1,54,1" doraHai="122" who="2" fromWho="0" sc="271,-20,280,0,250,20,199,0" /><INIT seed="5,0,0,5,4,97" ten="251,280,270,199" oya="1" hai0="126,102,134,113,135,64,103,5,48,46,100,125,86" hai1="83,36,78,30,63,17,80,98,119,130,73,39,88" hai2="37,28,74,3,62,16,54,35,96,1,44,72,101" hai3="45,6,55,0,71,15,43,60,123,25,77,41,61"/><U42/><E119/><V117/><F117/><W109/><G0/><T108/><D108/><U13/><E130/><V93/><F1/><W94/><G123/><T4/><D64/><U51/><E30/><V34/><F3/><W118/><G109/><T59/><D59/><U116/><E63/><N who="3" m="24138" /><G71/><T47/><D86/><U31/><E31/><V52/><F16/><W81/><G25/><T33/><D33/><U21/><E116/><V122/><F122/><W68/><G68/><T40/><D47/><U110/><E110/><V129/><F129/><W56/><G45/><T112/><D4/><U99/><E51/><V66/><F66/><W121/><G121/><T29/><D5/><U76/><E42/><V12/><F12/><W132/><G15/><T26/><D26/><U10/><E21/><V19/><F19/><W58/><G58/><T131/><D29/><U120/><E120/><V92/><F28/><W124/><G6/><T87/><D87/><U49/><E49/><N who="2" m="28711" /><F37/><W106/><G41/><T23/><D23/><U27/><E27/><V8/><F74/><W2/><G43/><T70/><D70/><U133/><E39/><V111/><F72/><W107/><G2/><T85/><D131/><U20/><E36/><V38/><F38/><W18/><G118/><T91/><D40/><U128/><E128/><V75/><F75/><W84/><G18/><T127/><D46/><U95/><E20/><V50/><F111/><W32/><G32/><T114/><D48/><U104/><E13/><V22/><F35/><W105/><G56/><T69/><D69/><U7/><E17/><RYUUKYOKU ba="0,0" sc="251,30,280,-10,270,-10,199,-10" hai0="85,91,100,102,103,112,113,114,125,126,127,134,135" /><INIT seed="6,1,0,1,5,87" ten="281,270,260,189" oya="2" hai0="6,123,73,66,102,39,68,27,88,111,83,4,44" hai1="135,48,89,86,24,3,40,120,32,118,36,57,112" hai2="58,97,56,67,23,17,108,22,129,47,26,1,93" hai3="109,69,33,21,37,81,128,10,43,63,115,76,18"/><V31/><F129/><W71/><G109/><T34/><D111/><U132/><E112/><V119/><F119/><W5/><G33/><T114/><D123/><U105/><E3/><V15/><F108/><W16/><G128/><T116/><D114/><U127/><E105/><V79/><F1/><W55/><G115/><T59/><D68/><U96/><E36/><V19/><F79/><W70/><G55/><T64/><D102/><U130/><E120/><V110/><F110/><W125/><G125/><T78/><D116/><U45/><E127/><V92/><F47/><W60/><G43/><T35/><D35/><U134/><E96/><V98/><F67/><W46/><G46/><T42/><D64/><U126/><E126/><V41/><F41/><W101/><G101/><T53/><D66/><U61/><E130/><V90/><F31/><W77/><G37/><T94/><D27/><U20/><E32/><V74/><F74/><W75/><G76/><T25/><D25/><U121/><E121/><V52/><F52/><W0/><REACH who="3" step="1"/><G18/><REACH who="3" ten="281,270,260,179" step="2"/><T38/><D34/><U85/><E118/><V51/><F51/><W50/><G50/><T95/><D38/><U124/><E124/><V28/><F28/><W7/><G7/><T106/><D4/><U117/><E117/><V82/><F19/><W62/><G62/><N who="0" m="36207" /><D6/><U103/><E103/><V113/><F113/><W133/><G133/><T12/><D39/><U100/><E100/><V2/><F17/><W104/><G104/><T80/><D106/><U99/><E132/><V54/><F54/><W8/><G8/><T131/><D131/><RYUUKYOKU ba="1,1" sc="281,-10,270,-10,260,-10,179,30" hai3="0,5,10,16,21,60,63,69,70,71,75,77,81" /><INIT seed="7,2,1,3,2,116" ten="271,260,250,209" oya="3" hai0="70,90,67,23,131,40,49,39,41,82,16,60,105" hai1="43,30,123,102,28,87,115,37,126,75,78,134,5" hai2="44,52,63,20,34,12,108,120,42,51,8,68,59" hai3="56,3,109,25,91,27,54,81,94,53,9,32,124"/><W31/><G124/><T22/><D105/><U61/><E123/><V95/><F108/><W13/><G109/><T2/><D2/><U36/><E126/><V129/><F129/><W69/><G69/><T45/><D131/><U117/><E75/><V97/><F34/><W86/><G3/><T17/><D40/><U4/><E102/><V104/><F104/><W118/><G118/><T110/><D110/><U18/><E117/><V112/><F112/><W47/><G27/><T133/><D133/><U103/><E103/><V128/><F128/><W132/><G132/><T89/><D39/><U10/><E43/><V98/><F120/><W106/><G106/><T73/><D73/><U48/><E61/><V85/><F20/><W33/><G33/><T29/><D29/><U84/><E48/><V76/><F68/><W64/><G47/><T74/><D74/><U114/><E18/><V99/><F76/><W15/><G15/><T0/><D0/><U71/><E71/><V107/><F107/><W130/><G130/><T57/><D70/><U19/><E19/><N who="0" m="7241" /><D90/><U125/><E78/><V7/><REACH who="2" step="1"/><F85/><AGARI ba="2,1" hai="22,23,41,45,49,57,60,67,82,85,89" m="7241" machi="85" ten="30,2000,0" yaku="8,1,54,1" doraHai="116" who="0" fromWho="2" sc="271,36,260,0,250,-26,209,0" owari="307,41.0,260,6.0,224,-18.0,209,-29.0" /></mjloggm>