<mjloggm ver="2.3"><GO type="169" lobby="0"/><UN n0="%E3%82%8F%E3%81%A3%E3%81%97%E3%82%87%E3%81%84%E5%90%9B%32%E5%8F%B7" n1="%74%61%6E%61%4B%61" n2="%E6%BB%9D%E6%9C%AC%E3%81%B2%E3%81%B5%E3%81%BF%EF%BC%81" n3="%63%68%69%73%73" dan="19,17,17,17" rate="2306.34,2163.40,2162.98,2129.46" sx="M,M,M,M"/><TAIKYOKU oya="0"/><INIT seed="0,0,0,5,2,14" ten="250,250,250,250" oya="0" hai0="64,86,90,34,69,37,11,7,17,60,27,91,104" hai1="41,77,127,61,71,92,1,76,105,46,48,53,82" hai2="100,47,39,123,126,132,20,72,23,81,110,0,75" hai3="114,130,44,87,24,50,12,117,5,74,22,135,67"/><T35/><D37/><U115/><E105/><V19/><F123/><W128/><G117/><T103/><D103/><U3/><E127/><V118/><F110/><W124/><G114/><T30/><D104/><U106/><E106/><V8/><F132/><W133/><G74/><T84/><D34/><U111/><E111/><V80/><F100/><W33/><G67/><T16/><D86/><U10/><E77/><V52/><F126/><W121/><G121/><T31/><D31/><U40/><E115/><V83/><F118/><W95/><G124/><T93/><D90/><U101/><E71/><V109/><F109/><W59/><G33/><T97/><D97/><U120/><E120/><V28/><F28/><W119/><G119/><T65/><D65/><U107/><E107/><V62/><F39/><W68/><G68/><T32/><D32/><U9/><E1/><AGARI ba="0,0" hai="1,7,11,16,17,27,30,35,60,64,69,84,91,93" machi="1" ten="30,11600,0" yaku="7,1,52,2,54,1" doraHai="14" who="0" fromWho="1" sc="250,116,250,-116,250,0,250,0" /><INIT seed="0,1,0,0,2,22" ten="366,134,250,250" oya="0" hai0="42,87,114,0,24,62,105,50,39,118,73,93,37" hai1="72,128,103,47,104,66,101,82,131,75,81,83,35" hai2="55,133,54,110,85,29,92,38,94,12,7,57,109" hai3="112,102,130,27,31,67,14,115,122,121,15,19,8"/><T48/><D105/><U23/><E35/><V1/><F1/><W11/><G102/><N who="1" m="38922" /><E66/><V117/><F38/><W46/><G46/><T3/><D73/><N who="1" m="28235" /><E23/><V28/><F133/><W4/><G67/><T132/><D132/><U74/><E47/><V13/><F85/><W125/><G130/><N who="1" m="49706" /><E74/><V116/><F57/><W33/><REACH who="3" step="1"/><G125/><REACH who="3" ten="366,134,250,240" step="2"/><T20/><D39/><U68/><E68/><V64/><F64/><W59/><G59/><T17/><D37/><U129/><E129/><V100/><F100/><W108/><G108/><T134/><D134/><U95/><E104/><V60/><F7/><W6/><G6/><T113/><D113/><AGARI ba="1,1" hai="4,8,11,14,15,19,27,31,33,112,113,115,121,122" machi="113" ten="40,8000,1" yaku="1,1,34,3,52,1,53,0" doraHai="22" doraHaiUra="44" who="3" fromWho="0" sc="366,-83,134,0,250,0,240,93" /><INIT seed="1,0,0,4,2,29" ten="283,134,250,333" oya="1" hai0="8,107,79,11,118,66,54,127,35,59,86,91,77" hai1="115,23,132,58,113,74,100,68,85,73,16,119,84" hai2="33,60,82,134,111,83,45,2,126,120,114,57,78" hai3="53,50,21,69,71,19,51,42,90,93,46,67,47"/><U14/><E119/><V4/><F111/><W102/><G102/><T112/><D112/><U25/><E68/><V92/><F126/><W12/><REACH who="3" step="1"/><G67/><REACH who="3" ten="283,134,250,323" step="2"/><T9/><D118/><U75/><E100/><V123/><F114/><W63/><G63/><T65/><D65/><U37/><E115/><V52/><F123/><W101/><G101/><T31/><D66/><U106/><E113/><V7/><F120/><W108/><G108/><T18/><D127/><U129/><E106/><V36/><F60/><W1/><G1/><T39/><D107/><U38/><E129/><V44/><F2/><W135/><G135/><T88/><D91/><U98/><E132/><V117/><F134/><W94/><G94/><T121/><D121/><U30/><E58/><V103/><F92/><W109/><G109/><T20/><D88/><U13/><E98/><AGARI ba="0,1" hai="12,19,21,42,46,47,50,51,53,69,71,90,93,98" machi="98" ten="30,2000,0" yaku="1,1,7,1,53,0" doraHai="29" doraHaiUra="131" who="3" fromWho="1" sc="283,0,134,-20,250,0,323,30" /><INIT seed="2,0,0,5,1,14" ten="283,114,250,353" oya="2" hai0="60,134,64,107,130,113,89,38,94,49,118,2,53" hai1="34,9,56,41,16,28,6,85,80,59,95,135,98" hai2="50,100,27,123,17,7,86,76,4,71,46,75,47" hai3="87,96,63,91,45,30,39,0,36,19,99,12,55"/><V77/><F123/><W32/><G0/><T67/><D113/><U5/><E41/><V29/><F75/><W106/><G32/><T18/><D107/><U42/><E42/><V62/><F100/><W3/><G30/><T20/><D38/><U51/><E135/><V119/><F119/><W11/><G3/><T114/><D114/><U97/><E28/><V61/><F71/><W10/><G10/><T102/><D134/><U83/><E34/><V13/><F46/><W23/><G23/><T121/><D2/><U116/><E116/><V78/><F86/><W115/><G115/><T82/><D130/><U31/><E31/><V125/><F125/><W92/><G106/><T44/><D121/><U37/><E37/><V24/><F4/><N who="1" m="1641" /><E51/><V73/><F7/><W109/><G109/><T40/><D118/><U129/><E129/><V111/><F73/><W15/><G39/><T54/><D102/><N who="1" m="60735" /><E98/><V57/><F111/><W128/><G96/><N who="0" m="57423" /><D82/><N who="1" m="31275" /><E85/><V65/><F61/><W8/><G36/><T90/><D90/><U122/><E122/><V126/><F29/><W58/><G87/><T48/><D60/><U33/><E33/><V101/><F101/><W70/><G128/><T81/><D81/><U43/><E43/><N who="2" m="24959" /><F126/><W112/><G112/><T110/><D110/><U127/><E127/><V21/><AGARI ba="0,0" hai="13,17,21,24,27,57,62,65,76,77,78" m="24959" machi="21" ten="30,3000,0" yaku="8,1,52,1" doraHai="14" who="2" fromWho="2" sc="283,-10,114,-10,250,30,353,-10" /><INIT seed="2,1,0,5,3,28" ten="273,104,280,343" oya="2" hai0="23,114,107,71,48,66,133,102,21,50,94,123,38" hai1="42,122,58,104,70,111,90,53,35,9,26,92,12" hai2="125,110,84,134,72,7,61,13,74,0,99,128,112" hai3="16,75,67,108,126,91,17,129,34,44,117,37,1"/><V40/><F0/><W81/><G117/><T39/><D123/><U132/><E104/><V56/><F112/><W60/><G1/><T25/><D107/><U76/><E70/><V95/><F125/><W86/><G75/><T36/><D114/><U101/><E111/><V103/><F128/><W120/><G120/><T116/><D133/><U18/><E101/><V63/><F134/><W73/><G73/><T6/><D116/><U127/><E132/><V5/><F110/><W31/><G108/><T65/><D6/><U41/><E76/><V96/><F40/><W11/><G11/><T97/><D23/><U8/><E8/><V57/><F84/><W106/><G106/><T47/><D71/><U14/><E14/><V54/><F13/><W130/><G126/><T19/><REACH who="0" step="1"/><D50/><REACH who="0" ten="263,104,280,343" step="2"/><U88/><E122/><V105/><F5/><W30/><G129/><T64/><D64/><U68/><E68/><V20/><F20/><W115/><G130/><T113/><D113/><U33/><E127/><V15/><F7/><W87/><G67/><T55/><AGARI ba="1,1" hai="19,21,25,36,38,39,47,48,55,65,66,94,97,102" machi="55" ten="30,4000,0" yaku="1,1,0,1,53,1" doraHai="28" doraHaiUra="49" who="0" fromWho="0" sc="263,53,104,-11,280,-21,343,-11" /><INIT seed="3,0,0,5,3,127" ten="316,93,259,332" oya="3" hai0="87,134,135,104,44,92,83,79,29,113,49,38,57" hai1="96,118,133,22,72,74,19,46,55,71,97,17,37" hai2="125,94,60,101,39,120,36,123,48,50,35,76,88" hai3="111,28,84,110,14,59,8,43,10,77,128,18,4"/><W1/><G43/><T13/><D104/><U108/><E108/><N who="3" m="41514" /><G59/><T124/><D124/><U95/><E71/><V56/><F125/><W75/><G75/><T82/><D113/><U80/><E133/><N who="0" m="50697" /><D29/><U9/><E97/><V25/><F101/><W6/><G77/><T91/><D13/><U3/><E80/><V105/><F76/><W93/><G84/><T130/><D130/><U81/><E72/><V47/><F105/><W126/><G93/><T64/><D38/><U7/><E81/><V26/><F39/><W27/><G128/><T61/><D79/><U21/><E74/><V23/><F36/><W54/><G54/><AGARI ba="0,0" hai="44,49,54,57,61,64,82,83,87,91,92" m="50697" machi="54" ten="30,1000,0" yaku="20,1" doraHai="127" who="0" fromWho="3" sc="316,10,93,0,259,0,332,-10" /><INIT seed="4,0,0,2,2,78" ten="326,93,259,322" oya="0" hai0="28,64,29,51,130,109,121,66,110,62,92,91,22" hai1="105,81,104,3,101,119,40,129,23,63,84,60,98" hai2="61,100,35,118,4,6,134,53,120,44,15,108,11" hai3="33,132,39,0,90,80,89,82,112,43,70,113,32"/><T25/><D121/><U74/><E119/><V34/><F120/><W126/><G70/><T102/><D130/><U83/><E3/><V5/><F108/><N who="0" m="41578" /><D102/><U131/><E40/><V20/><F134/><W133/><G0/><T127/><D127/><U42/><E42/><V14/><F100/><W2/><G2/><T26/><D51/><U8/><E8/><V31/><F61/><N who="1" m="23625" /><E74/><V93/><F93/><W38/><REACH who="3" step="1"/><G43/><REACH who="3" ten="326,93,259,312" step="2"/><T97/><D62/><U122/><E122/><V55/><F118/><W41/><G41/><T71/><D71/><U79/><E129/><V96/><F53/><W103/><G103/><T75/><D75/><U76/><E131/><V21/><F55/><W67/><G67/><T18/><D29/><U124/><E124/><AGARI ba="0,1" hai="32,33,38,39,80,82,89,90,112,113,124,126,132,133" machi="124" ten="25,12000,2" yaku="1,1,22,2,52,2,53,2" doraHai="78" doraHaiUra="77" who="3" fromWho="1" sc="326,0,93,-120,259,0,312,130" owari="326,13.0,-27,-53.0,259,-14.0,442,54.0" /></mjloggm>