<mjloggm ver="2.3"><GO type="169" lobby="0"/><UN n0="%73%79%61%6D%6F" n1="%E3%83%80%E3%83%95%E3%83%88%E3%83%91%E3%83%B3%E3%83%84" n2="%E3%83%94%E3%83%B3%E3%82%B5%E3%83%AD%E5%BA%97%E5%93%A1" n3="%E3%82%AA%E3%82%B6%E3%82%B1%E3%83%B3%32%33%31%36" dan="16,16,17,16" rate="2138.09,2091.14,2276.67,2098.13" sx="M,M,M,M"/><TAIKYOKU oya="0"/><INIT seed="0,0,0,1,4,21" ten="250,250,250,250" oya="0" hai0="65,94,36,108,120,2,105,74,127,82,44,41,39" hai1="59,12,17,98,89,40,122,13,30,11,45,64,32" hai2="4,79,95,77,107,58,29,18,33,22,19,135,53" hai3="114,46,24,69,97,93,92,55,38,96,16,42,56"/><T118/><D120/><U85/><E122/><V26/><F107/><W35/><G114/><T50/><D118/><U34/><E98/><V52/><F135/><W116/><G69/><T125/><D105/><U54/><E64/><V117/><F117/><W130/><G130/><T101/><D2/><U113/><E12/><V126/><F126/><N who="0" m="48138" /><D65/><U7/><E7/><V25/><F4/><W23/><G35/><T27/><D108/><U47/><E30/><V6/><F6/><W132/><G132/><T61/><D61/><U20/><E11/><V31/><F53/><W124/><G116/><T1/><D1/><U86/><E86/><V60/><REACH who="2" step="1"/><F95/><REACH who="2" ten="250,250,240,250" step="2"/><W88/><G124/><T49/><D94/><U84/><E54/><V106/><F106/><W129/><G129/><T115/><D115/><U3/><E3/><V87/><F87/><W48/><G93/><T9/><D74/><U68/><E84/><AGARI ba="0,1" hai="16,23,24,38,42,46,48,55,56,84,88,92,96,97" machi="84" ten="30,7700,0" yaku="7,1,52,1,54,2" doraHai="21" who="3" fromWho="1" sc="250,0,250,-77,240,0,250,87" /><INIT seed="1,0,0,4,1,61" ten="250,173,240,337" oya="1" hai0="73,10,8,17,84,114,19,48,106,29,117,3,131" hai1="121,60,81,86,51,105,120,45,85,57,110,115,21" hai2="125,65,116,39,89,79,82,15,4,37,44,80,134" hai3="25,56,99,43,130,75,23,123,26,70,92,58,107"/><U127/><E115/><V111/><F116/><W53/><G123/><T67/><D114/><U62/><E127/><V87/><F111/><W36/><G130/><T93/><D73/><U97/><E110/><V27/><F134/><W101/><G70/><T133/><D106/><U124/><E124/><V90/><F125/><W32/><G75/><T5/><D29/><U24/><E60/><V66/><F27/><W49/><G107/><T83/><D117/><U28/><E85/><N who="2" m="50343" /><F39/><W104/><G104/><T6/><D131/><U34/><E34/><V42/><F37/><W41/><G36/><T77/><D133/><U96/><E105/><V69/><F69/><W1/><G1/><T135/><D135/><U95/><E120/><V54/><F90/><W68/><G68/><T108/><D108/><U76/><E121/><V103/><F103/><W71/><G71/><T132/><D132/><U35/><E35/><V30/><F42/><W9/><G9/><T46/><D93/><U102/><E95/><V122/><F30/><W91/><G101/><T38/><D38/><U118/><E102/><V11/><F122/><W14/><G14/><T129/><D129/><U126/><E118/><V113/><F113/><W63/><G26/><T55/><REACH who="0" step="1"/><D67/><REACH who="0" ten="240,173,240,337" step="2"/><N who="1" m="39375" /><E126/><V2/><F2/><AGARI ba="0,1" hai="2,3,5,6,8,10,17,19,46,48,55,77,83,84" machi="2" ten="30,7700,0" yaku="1,1,7,1,9,1,53,1" doraHai="61" doraHaiUra="40" who="0" fromWho="2" sc="240,87,173,0,240,-77,337,0" /><INIT seed="2,0,0,1,5,49" ten="327,173,163,337" oya="2" hai0="47,109,123,96,9,83,90,50,68,118,17,1,86" hai1="63,116,65,28,0,132,84,77,88,104,16,64,130" hai2="82,23,128,69,44,131,3,100,105,120,14,43,111" hai3="78,51,87,62,58,19,32,6,74,91,113,126,93"/><V45/><F3/><W8/><G126/><T94/><D109/><U54/><E116/><V122/><F69/><W73/><G113/><T80/><D123/><U12/><E130/><N who="2" m="49707" /><F111/><W4/><G32/><T133/><D68/><U56/><E0/><V134/><F134/><W15/><G51/><T102/><D133/><U25/><E132/><V33/><F33/><W110/><G110/><T27/><D118/><U39/><E39/><N who="2" m="21631" /><F45/><W101/><G101/><T72/><D1/><U89/><E104/><V59/><F82/><W60/><G60/><T2/><D2/><U75/><E75/><V20/><F59/><W24/><G24/><T10/><D72/><U7/><E7/><V115/><F115/><W29/><G74/><T30/><D80/><N who="1" m="47119" /><E28/><V108/><F108/><W41/><G29/><T13/><D30/><U107/><E25/><V53/><F53/><W95/><G73/><T66/><D27/><U57/><E107/><V21/><F14/><W103/><G41/><N who="0" m="24943" /><D66/><N who="1" m="25707" /><E57/><V98/><AGARI ba="0,0" hai="20,21,23,98,100,105,120,122" m="21631,49707" machi="98" ten="40,2100,0" yaku="19,1" doraHai="49" who="2" fromWho="2" sc="327,-7,173,-7,163,21,337,-7" /><INIT seed="2,1,0,0,1,5" ten="320,166,184,330" oya="2" hai0="26,13,103,97,72,4,126,67,110,117,77,75,37" hai1="119,131,86,122,55,134,111,113,64,24,114,120,70" hai2="73,35,71,69,53,125,116,90,43,57,62,8,98" hai3="51,127,31,16,135,19,92,133,74,129,54,87,17"/><V99/><F116/><W59/><G74/><T30/><D37/><U9/><E70/><V44/><F35/><W108/><G108/><T82/><D110/><U50/><E64/><V63/><F73/><W52/><G31/><T123/><D123/><N who="1" m="47147" /><E111/><V66/><F71/><W10/><G127/><T124/><D117/><U33/><E119/><V109/><F109/><W18/><G129/><T118/><D118/><U78/><E131/><V79/><F79/><W27/><G27/><T107/><D67/><U46/><E134/><N who="3" m="51210" /><G92/><T48/><D48/><U45/><E45/><V20/><F125/><N who="0" m="48234" /><D13/><U121/><N who="1" m="47155" /><U23/><DORA hai="39" /><E33/><V14/><F20/><W11/><N who="3" m="4096" /><DORA hai="22" /><W101/><G101/><T32/><D4/><U41/><E55/><V102/><F102/><W36/><G36/><T81/><D81/><N who="1" m="47415" /><E23/><V38/><F90/><W0/><G0/><T80/><D80/><U61/><E24/><V49/><F63/><N who="3" m="36327" /><G87/><AGARI ba="1,0" hai="26,30,32,72,75,77,82,87,97,103,107" m="48234" machi="87" ten="30,2000,0" yaku="18,1,52,1" doraHai="5,39,22" who="0" fromWho="3" sc="320,23,166,0,184,0,330,-23" /><INIT seed="3,0,0,1,0,34" ten="343,166,184,307" oya="3" hai0="64,65,2,5,124,13,21,41,31,60,81,96,3" hai1="17,56,79,48,91,100,74,135,20,98,101,16,43" hai2="88,40,36,45,19,105,66,50,11,76,24,59,26" hai3="80,119,28,126,15,107,120,12,89,72,84,9,92"/><W62/><G119/><T118/><D118/><U82/><E135/><V54/><F105/><W134/><G120/><T71/><D41/><U35/><E35/><V125/><F125/><W132/><G126/><T123/><D123/><U87/><E43/><V122/><F122/><W18/><G107/><T37/><D37/><U25/><E17/><V39/><F76/><W127/><G127/><T70/><D124/><U109/><E109/><V85/><F36/><W46/><G46/><T14/><D81/><U104/><E100/><V27/><F66/><W61/><G28/><T83/><D83/><U69/><E69/><V58/><F58/><W0/><G0/><T67/><D96/><U47/><E56/><V102/><F102/><W116/><G116/><T53/><D31/><U68/><E68/><V73/><F73/><W23/><G80/><T113/><D65/><U121/><E121/><V55/><F55/><W6/><REACH who="3" step="1"/><G72/><REACH who="3" ten="343,166,184,297" step="2"/><T106/><D106/><U52/><REACH who="1" step="1"/><E74/><REACH who="1" ten="343,156,184,297" step="2"/><V110/><F110/><W63/><AGARI ba="0,2" hai="6,9,12,15,18,23,61,62,63,84,89,92,132,134" machi="63" ten="30,6000,0" yaku="1,1,2,1,0,1,53,0" doraHai="34" doraHaiUra="38" who="3" fromWho="3" sc="343,-20,156,-20,184,-20,297,80" /><INIT seed="3,1,0,3,3,54" ten="323,136,164,377" oya="3" hai0="55,48,45,74,120,88,91,100,97,39,33,87,42" hai1="66,83,99,28,113,71,51,128,81,53,135,109,13" hai2="12,40,69,16,133,27,70,43,108,3,56,92,10" hai3="118,20,36,44,11,96,125,67,23,89,38,104,86"/><W107/><G118/><T77/><D33/><U62/><E109/><V124/><F108/><W64/><G125/><T32/><D32/><U82/><E113/><V65/><F124/><W17/><G11/><T60/><D120/><U8/><E128/><V29/><F133/><W121/><G121/><T6/><D6/><U114/><E114/><V31/><F3/><W90/><G17/><T46/><D60/><U78/><E135/><V7/><F70/><W93/><G44/><T95/><REACH who="0" step="1"/><D74/><REACH who="0" ten="313,136,164,377" step="2"/><U21/><E78/><V75/><F75/><W26/><G104/><T115/><D115/><U1/><E1/><V2/><F2/><W63/><G107/><T19/><D19/><U101/><E28/><V134/><F134/><W5/><G5/><T14/><D14/><U102/><E21/><N who="2" m="13735" /><F69/><W57/><G20/><T112/><D112/><U94/><E13/><V18/><F18/><W30/><REACH who="3" step="1"/><G67/><REACH who="3" ten="313,136,164,367" step="2"/><T129/><D129/><U76/><E8/><V22/><F22/><W4/><G4/><T103/><D103/><U127/><E102/><V119/><F7/><W131/><G131/><T110/><D110/><U111/><E111/><V98/><F10/><W49/><G49/><T25/><D25/><U126/><REACH who="1" step="1"/><E76/><REACH who="1" ten="313,126,164,367" step="2"/><V79/><F79/><W105/><G105/><T117/><D117/><U132/><E132/><V35/><F119/><W130/><G130/><T68/><D68/><U58/><AGARI ba="1,3" hai="51,53,58,62,66,71,81,82,83,94,99,101,126,127" machi="58" ten="30,7900,0" yaku="1,1,0,1,52,1,53,1" doraHai="54" doraHaiUra="59" who="1" fromWho="1" sc="313,-21,126,112,164,-21,367,-40" /><INIT seed="4,0,0,5,4,85" ten="292,238,143,327" oya="0" hai0="8,115,87,120,61,23,116,107,91,109,16,57,38" hai1="78,65,27,128,80,98,71,18,77,56,135,123,111" hai2="62,102,117,51,53,125,25,105,4,100,92,89,121" hai3="73,130,72,112,9,21,84,83,129,64,17,14,39"/><T99/><D120/><U131/><E123/><V58/><F125/><W52/><G39/><T95/><D116/><U79/><E111/><V82/><F121/><W50/><G64/><N who="0" m="38959" /><D38/><U101/><E135/><V66/><F117/><W11/><G112/><T122/><D122/><U37/><E37/><V119/><F105/><W0/><G73/><T74/><D74/><U76/><E71/><V28/><F82/><W114/><G72/><T33/><D33/><U110/><E110/><V60/><F4/><W1/><G114/><T35/><D35/><U103/><E65/><V29/><F60/><W10/><G1/><T48/><D115/><U81/><E56/><V47/><F119/><W97/><G97/><T31/><D107/><U12/><E27/><V43/><F66/><W3/><G0/><T104/><D104/><U126/><E126/><V94/><F94/><W108/><G3/><T90/><D109/><U70/><E70/><V44/><F44/><W32/><G32/><T5/><D31/><N who="2" m="11850" /><F25/><W75/><G75/><T118/><D118/><U54/><E98/><AGARI ba="0,0" hai="43,47,51,53,58,62,89,92,98,100,102" m="11850" machi="98" ten="30,2000,0" yaku="8,1,52,1" doraHai="85" who="2" fromWho="1" sc="292,0,238,-20,143,20,327,0" /><INIT seed="5,0,0,0,3,47" ten="292,218,163,327" oya="1" hai0="129,109,103,80,130,29,56,9,13,37,65,97,55" hai1="101,91,38,107,119,134,15,67,121,16,54,11,99" hai2="24,7,52,50,133,82,75,3,83,76,32,17,79" hai3="113,63,100,4,92,127,110,2,19,90,94,62,117"/><U6/><E121/><V93/><F133/><W36/><G110/><T120/><D109/><U112/><E134/><V102/><F3/><W61/><G113/><T68/><D37/><U20/><E119/><V85/><F7/><W57/><G117/><T14/><D120/><U89/><E112/><V116/><F116/><W12/><G36/><T81/><D29/><U58/><E38/><V74/><F85/><W45/><G45/><T106/><D65/><U35/><E67/><V0/><F0/><W70/><G70/><T111/><D68/><U30/><E30/><V77/><F77/><W66/><G127/><T21/><D21/><U72/><E72/><V125/><F125/><W124/><G124/><T115/><D115/><U10/><E10/><V60/><F60/><W87/><G4/><N who="0" m="3239" /><D14/><U96/><E96/><V126/><F126/><W31/><G31/><T59/><D111/><U22/><E22/><V27/><F17/><W26/><G26/><T48/><D59/><U43/><E43/><V86/><F32/><W28/><G28/><T123/><D123/><U84/><E35/><V33/><F33/><W40/><G40/><T23/><D23/><U39/><E39/><V8/><F8/><N who="3" m="6535" /><G2/><T131/><AGARI ba="0,0" hai="48,55,56,80,81,97,103,106,129,130,131" m="3239" machi="131" ten="30,2000,0" yaku="19,1,52,1" doraHai="47" who="0" fromWho="0" sc="292,20,218,-10,163,-5,327,-5" /><INIT seed="6,0,0,3,0,46" ten="312,208,158,322" oya="2" hai0="103,119,97,100,113,69,18,86,104,8,74,12,51" hai1="99,101,76,105,50,90,10,129,45,75,84,112,5" hai2="87,120,121,6,49,91,107,58,71,92,70,62,68" hai3="14,44,15,134,79,43,13,65,125,30,16,115,123"/><V133/><F133/><W29/><G123/><T135/><D74/><U36/><E112/><V77/><F107/><W114/><G125/><T83/><D113/><N who="3" m="43017" /><G134/><T124/><D135/><U88/><E129/><V47/><F6/><W56/><G79/><T4/><D69/><U48/><E36/><V21/><F77/><W52/><G65/><T39/><D39/><U20/><E20/><V2/><F2/><W89/><G89/><T128/><D128/><U19/><E19/><V11/><F11/><N who="3" m="6207" /><G15/><T3/><D124/><U34/><E34/><V127/><F127/><W132/><G14/><T38/><D38/><U85/><E75/><V35/><F21/><W116/><G116/><T73/><D73/><U24/><E24/><V55/><REACH who="2" step="1"/><F35/><REACH who="2" ten="312,208,148,322" step="2"/><W31/><G132/><T23/><D3/><U1/><E76/><V67/><AGARI ba="0,1" hai="47,49,55,58,62,67,68,70,71,87,91,92,120,121" machi="67" ten="30,11700,0" yaku="1,1,2,1,0,1,52,1,53,0" doraHai="46" doraHaiUra="109" who="2" fromWho="2" sc="312,-39,208,-39,148,127,322,-39" /><INIT seed="6,1,0,5,3,92" ten="273,169,275,283" oya="2" hai0="113,46,119,115,59,83,49,80,68,56,123,96,82" hai1="84,3,24,26,43,2,58,52,108,44,39,87,103" hai2="89,9,118,53,134,66,65,37,17,10,91,106,32" hai3="97,38,90,85,45,13,20,62,41,122,16,47,129"/><V121/><F118/><W120/><G129/><T127/><D123/><U94/><E108/><V109/><F121/><W22/><G22/><T101/><D68/><U19/><E26/><V34/><F37/><W131/><G131/><T98/><D127/><U33/><E84/><V15/><F106/><W99/><G47/><T117/><D46/><U75/><E75/><V21/><F134/><W79/><G79/><T111/><D111/><U0/><E87/><V116/><F109/><W104/><G104/><T11/><D11/><U8/><E8/><V77/><F77/><W71/><G122/><T14/><D14/><U81/><E81/><V63/><F116/><N who="0" m="44618" /><D49/><U29/><E19/><V54/><F63/><W130/><G130/><T105/><D98/><U50/><REACH who="1" step="1"/><E3/><REACH who="1" ten="273,159,275,283" step="2"/><V93/><F17/><W28/><G120/><T76/><D76/><U64/><E64/><V95/><F15/><W55/><G28/><T12/><D12/><U57/><E57/><AGARI ba="1,1" hai="56,57,59,80,82,83,96,101,105,113,115" m="44618" machi="57" ten="40,2600,0" yaku="12,1,52,1" doraHai="92" who="0" fromWho="1" sc="273,39,159,-29,275,0,283,0" /><INIT seed="7,0,0,1,0,24" ten="312,130,275,283" oya="3" hai0="30,3,23,29,98,110,11,89,124,108,2,46,123" hai1="70,133,20,72,31,18,81,26,99,82,126,10,39" hai2="1,96,76,40,16,50,12,115,77,47,88,100,80" hai3="56,121,93,128,45,0,52,67,43,5,19,131,57"/><W53/><G121/><T48/><D123/><U109/><E109/><V44/><F1/><W73/><G73/><T51/><D124/><U79/><E70/><V102/><F115/><W66/><G19/><T118/><D118/><U17/><E126/><V120/><F120/><W49/><G93/><T85/><D98/><U84/><E133/><V35/><F35/><W104/><G104/><T58/><D58/><N who="3" m="22633" /><G5/><T33/><D33/><U130/><E130/><N who="3" m="49706" /><G0/><T42/><D2/><U37/><E99/><V15/><F15/><W86/><G86/><T68/><D68/><U134/><E134/><V117/><F47/><W63/><G67/><T27/><D48/><U122/><E122/><V21/><F117/><W94/><G94/><T4/><D29/><U8/><E8/><V13/><F13/><W71/><AGARI ba="0,0" hai="43,45,49,52,53,63,66,71" m="49706,22633" machi="71" ten="30,11700,0" yaku="19,1,34,2,54,1" doraHai="24" who="3" fromWho="3" sc="312,-39,130,-39,275,-39,283,117" owari="273,7.0,91,-41.0,236,-16.0,400,50.0" /></mjloggm>