<mjloggm ver="2.3"><GO type="169" lobby="0"/><UN n0="%E3%82%B7%E3%83%B3%E3%83%9C%E3%83%AA%E3%83%AB%E3%83%89%E3%83%AB%E3%83%95" n1="%E5%8F%8B%E4%BA%BA%45" n2="%E3%81%9B%E3%81%A9%E3%81%AA%E3%82%8A%E3%81%82%E3%82%93" n3="%E7%AD%89%E3%80%85%E5%8A%9B%E5%8A%87%E5%A0%B4" dan="16,16,16,17" rate="2122.75,2108.99,2080.74,2133.49" sx="M,F,M,M"/><TAIKYOKU oya="0"/><INIT seed="0,0,0,4,0,82" ten="250,250,250,250" oya="0" hai0="93,117,73,32,110,28,79,122,5,56,109,1,29" hai1="31,48,47,42,22,66,53,119,43,24,58,91,4" hai2="77,96,30,46,125,19,128,98,86,99,17,67,84" hai3="64,33,68,57,83,8,61,12,92,44,36,52,108"/><T104/><D117/><U97/><E119/><V35/><F35/><W55/><G33/><T100/><D122/><U45/><E4/><V133/><F30/><W63/><G108/><N who="0" m="41579" /><D104/><U51/><E66/><V132/><F67/><W129/><G129/><T25/><D29/><U81/><E97/><V106/><F106/><W39/><G92/><T75/><D79/><U111/><E111/><V101/><F77/><W0/><G0/><T7/><D56/><U21/><E21/><V50/><F101/><W118/><G118/><T113/><D113/><U60/><E81/><V15/><F125/><W65/><G83/><T18/><D18/><N who="2" m="6666" /><F15/><W10/><G12/><T89/><D100/><U134/><REACH who="1" step="1"/><E91/><REACH who="1" ten="250,240,250,250" step="2"/><V107/><F107/><W62/><G8/><N who="0" m="2095" /><D7/><U11/><E11/><V70/><F128/><W88/><G10/><T90/><D90/><U87/><E87/><AGARI ba="0,1" hai="25,28,32,73,75,87,89,93" m="2095,41579" machi="87" ten="30,5800,0" yaku="14,1,10,1,52,1" doraHai="82" who="0" fromWho="1" sc="250,68,240,-58,250,0,250,0" /><INIT seed="0,1,0,4,0,88" ten="318,182,250,250" oya="0" hai0="53,10,81,80,94,115,97,100,47,41,134,95,45" hai1="0,54,112,123,50,29,12,93,77,70,119,22,89" hai2="113,69,85,35,75,24,61,73,124,28,91,44,37" hai3="58,2,42,130,3,103,72,96,6,26,19,105,122"/><T126/><D115/><U64/><E119/><V14/><F124/><W104/><G72/><T106/><D126/><U13/><E123/><V60/><F113/><W8/><G130/><T135/><D53/><U52/><E0/><V4/><F61/><W20/><G122/><T43/><D10/><U102/><E112/><V16/><F4/><W25/><G2/><T66/><D66/><U84/><E77/><V63/><F63/><W51/><G26/><T7/><D7/><U90/><E102/><V99/><F99/><W86/><G86/><T57/><D57/><N who="1" m="32919" /><E54/><V67/><F44/><W111/><G111/><T49/><D81/><N who="1" m="49295" /><E64/><V121/><F37/><W98/><G58/><T79/><D80/><U56/><E56/><V125/><F125/><W109/><G109/><T87/><D87/><N who="1" m="52447" /><E70/><V107/><F107/><W62/><G105/><T128/><D79/><U74/><E74/><V33/><F35/><W65/><G65/><T30/><D128/><U27/><AGARI ba="1,0" hai="12,13,22,27,29" m="52447,49295,32919" machi="27" ten="30,4000,0" yaku="8,1,52,1,54,1" doraHai="88" who="1" fromWho="1" sc="318,-21,182,43,250,-11,250,-11" /><INIT seed="1,0,0,4,1,45" ten="297,225,239,239" oya="1" hai0="38,76,107,63,108,133,22,15,130,80,109,127,1" hai1="129,112,51,12,110,89,48,40,70,102,24,123,57" hai2="100,131,75,126,90,20,60,32,28,66,92,23,106" hai3="120,62,91,103,104,44,39,11,116,31,42,97,58"/><U65/><E112/><V125/><F75/><W83/><G120/><T5/><D38/><U9/><E123/><V34/><F131/><W134/><G134/><T50/><D107/><U55/><E129/><V59/><F106/><W14/><G116/><T68/><D130/><U98/><E110/><V117/><F117/><W119/><G119/><T19/><D133/><U73/><E73/><V99/><F90/><W81/><G31/><T37/><D37/><U33/><E89/><V64/><F66/><W121/><G91/><T95/><D127/><U115/><E115/><V88/><F100/><W29/><G29/><T3/><D95/><N who="1" m="58719" /><E70/><V47/><F47/><W25/><G25/><T10/><D3/><U2/><E33/><N who="2" m="12907" /><F28/><W17/><G121/><T53/><D63/><N who="1" m="38127" /><E2/><V49/><F49/><N who="1" m="19017" /><E24/><V7/><F88/><W85/><G39/><T72/><D68/><U54/><E40/><V87/><F126/><W18/><G42/><T56/><AGARI ba="0,0" hai="1,5,10,15,19,22,50,53,56,72,76,80,108,109" machi="56" ten="30,2000,0" yaku="0,1,52,1" doraHai="45" who="0" fromWho="0" sc="297,20,225,-10,239,-5,239,-5" /><INIT seed="2,0,0,1,4,71" ten="317,215,234,234" oya="2" hai0="96,134,73,24,40,55,133,107,69,81,1,53,75" hai1="117,64,33,87,128,123,113,56,111,66,90,120,79" hai2="106,74,41,58,42,51,132,12,109,83,26,5,57" hai3="29,11,122,85,86,126,21,6,104,93,36,88,17"/><V94/><F106/><W68/><G122/><N who="1" m="46634" /><E33/><V0/><F0/><W8/><G126/><T102/><D69/><U59/><E79/><V19/><F132/><N who="0" m="50794" /><D1/><U16/><E117/><V91/><F109/><W7/><G68/><T52/><D81/><N who="1" m="49519" /><E113/><V4/><F26/><W92/><G104/><T65/><D65/><N who="1" m="25195" /><E128/><V119/><F83/><W77/><G29/><T23/><D40/><N who="2" m="15466" /><F74/><W131/><G77/><T116/><D116/><U63/><E63/><V20/><F119/><W35/><G35/><T28/><AGARI ba="0,0" hai="23,24,28,52,53,55,73,75,96,102,107" m="50794" machi="28" ten="30,2000,0" yaku="20,1,54,1" doraHai="71" who="0" fromWho="0" sc="317,20,215,-5,234,-10,234,-5" /><INIT seed="3,0,0,2,0,30" ten="337,210,224,229" oya="3" hai0="33,69,134,129,135,46,50,90,106,7,85,9,73" hai1="80,104,91,45,2,17,40,6,25,95,65,97,124" hai2="131,19,130,70,21,42,128,4,64,61,63,114,14" hai3="105,10,22,41,71,49,126,119,122,102,67,107,109"/><W79/><G119/><T112/><D73/><U58/><E124/><V44/><F63/><W94/><G122/><T111/><D106/><U43/><E104/><V115/><REACH who="2" step="1"/><F4/><REACH who="2" ten="337,210,214,229" step="2"/><W16/><G126/><T89/><D7/><U82/><E6/><V98/><F98/><W47/><G109/><T108/><D111/><U0/><E97/><V62/><F62/><W52/><G71/><T83/><D69/><U29/><E2/><V72/><F72/><W15/><G67/><T116/><D108/><U99/><E0/><V75/><F75/><W113/><G113/><T77/><D112/><U12/><E99/><V59/><F59/><W36/><G107/><T34/><D134/><U23/><E58/><V32/><F32/><W53/><G105/><T18/><D34/><U5/><E5/><V51/><AGARI ba="0,1" hai="14,19,21,42,44,51,61,64,70,114,115,128,130,131" machi="51" ten="30,4000,0" yaku="1,1,0,1,19,1,53,0" doraHai="30" doraHaiUra="123" who="2" fromWho="2" sc="337,-10,210,-10,214,50,229,-20" /><INIT seed="4,0,0,4,0,48" ten="327,200,264,209" oya="0" hai0="80,130,34,74,134,60,56,15,40,82,31,118,16" hai1="119,127,67,49,36,37,83,3,92,128,109,1,110" hai2="70,28,81,105,57,12,101,100,63,64,55,10,102" hai3="123,77,25,84,26,8,122,76,0,88,89,51,41"/><T6/><D118/><U116/><E83/><V2/><F2/><W53/><G41/><T27/><D130/><U4/><E4/><V46/><F28/><W61/><G61/><T108/><D134/><U62/><E92/><V42/><F81/><W24/><G8/><T52/><D108/><U126/><E128/><V33/><F33/><W73/><G0/><T47/><D6/><U19/><E19/><V69/><F105/><W131/><G73/><T95/><D95/><U54/><E3/><V65/><F69/><W22/><G22/><T111/><D111/><N who="1" m="42507" /><E1/><V20/><F20/><W133/><G131/><T23/><D74/><U135/><E135/><V87/><F87/><W112/><G112/><T38/><AGARI ba="0,0" hai="15,16,23,27,31,34,38,40,47,52,56,60,80,82" machi="38" ten="20,12000,1" yaku="0,1,7,1,52,1,54,2" doraHai="48" who="0" fromWho="0" sc="327,120,200,-40,264,-40,209,-40" /><INIT seed="4,1,0,2,0,23" ten="447,160,224,169" oya="0" hai0="11,32,90,15,87,72,130,107,95,109,69,30,57" hai1="41,100,28,19,43,51,60,68,75,82,74,7,45" hai2="1,101,17,26,73,86,124,114,76,120,56,36,85" hai3="118,12,46,0,81,20,128,111,65,3,21,9,33"/><T27/><D69/><U133/><E133/><V93/><F73/><W131/><G65/><T125/><D107/><U42/><E75/><V127/><F1/><N who="3" m="587" /><G46/><T50/><D72/><U55/><E7/><V61/><F36/><W63/><G63/><T6/><D130/><N who="3" m="49705" /><G81/><T49/><D125/><N who="2" m="48202" /><F120/><W99/><G99/><T113/><D113/><U103/><E74/><V8/><F76/><W98/><G98/><T132/><D109/><U31/><E82/><V122/><F122/><W40/><G40/><T121/><D132/><U22/><E60/><V48/><F48/><W10/><G118/><T112/><D112/><U89/><E89/><V25/><F101/><W66/><G66/><T102/><D121/><U34/><E68/><V117/><F117/><W44/><G44/><T2/><D102/><N who="1" m="38955" /><E34/><V59/><F59/><W67/><G67/><T29/><D57/><U119/><E119/><V53/><F114/><W108/><G33/><T84/><D84/><N who="2" m="32362" /><F93/><W47/><G47/><T54/><D32/><U110/><E110/><N who="3" m="42026" /><G10/><T58/><D11/><U126/><E126/><V70/><F70/><W106/><G106/><T71/><D71/><U91/><E91/><V13/><AGARI ba="1,0" hai="8,13,17,25,26,53,56,61" m="32362,48202" machi="13" ten="30,4000,0" yaku="18,1,52,2" doraHai="23" who="2" fromWho="2" sc="447,-21,160,-11,224,43,169,-11" /><INIT seed="5,0,0,1,2,94" ten="426,149,267,158" oya="1" hai0="34,44,21,4,38,79,111,6,2,36,49,101,121" hai1="104,1,80,17,133,35,124,41,85,126,87,105,81" hai2="75,74,77,125,50,117,91,100,51,129,65,92,14" hai3="24,20,83,28,107,56,82,9,130,52,19,3,95"/><U97/><E41/><V33/><F117/><W37/><G107/><T135/><D34/><U76/><E1/><V67/><F33/><W53/><G37/><T59/><D59/><U68/><E68/><V127/><F100/><W89/><G130/><T55/><D21/><U43/><E43/><V8/><F129/><W13/><G3/><T108/><D55/><U131/><E131/><V98/><F51/><N who="3" m="30751" /><G53/><T99/><D49/><U113/><E35/><V90/><F50/><W132/><G132/><T7/><D44/><U27/><E133/><V25/><F25/><W128/><G128/><T114/><D2/><U29/><E113/><V12/><F77/><W46/><G46/><T63/><D63/><U45/><E45/><V47/><F47/><W78/><G78/><T5/><D114/><U23/><E29/><V86/><F12/><W31/><G28/><T123/><D135/><U66/><E66/><V120/><F120/><W134/><G134/><T70/><D70/><U39/><E39/><V32/><F75/><W84/><AGARI ba="0,0" hai="9,13,19,20,24,31,82,83,84,89,95" m="30751" machi="84" ten="30,2000,0" yaku="8,1,54,1" doraHai="94" who="3" fromWho="3" sc="426,-5,149,-10,267,-5,158,20" /><INIT seed="6,0,0,2,3,108" ten="421,139,262,178" oya="2" hai0="30,29,56,69,114,55,135,98,46,102,88,49,134" hai1="70,84,6,92,19,32,96,27,67,44,58,109,111" hai2="62,0,112,85,61,59,42,41,65,43,118,104,73" hai3="22,40,105,66,132,38,125,12,124,129,100,123,130"/><V72/><F104/><W87/><G123/><T97/><D114/><U127/><E127/><N who="3" m="48714" /><G66/><T106/><D69/><U28/><E70/><V95/><F112/><W2/><G2/><T89/><D46/><U133/><E133/><N who="0" m="50697" /><D98/><U26/><E6/><V91/><F118/><W57/><G132/><T121/><D121/><U47/><E84/><V39/><F0/><W122/><G122/><T23/><D23/><U54/><E67/><V51/><F39/><W53/><G100/><T25/><D25/><U81/><E81/><V15/><F62/><W131/><G105/><T10/><D10/><U120/><E120/><V90/><F51/><W64/><G64/><T20/><D20/><U18/><E109/><V126/><F126/><W71/><G71/><T116/><D116/><U50/><E111/><V79/><F79/><W37/><G40/><T99/><D99/><U13/><E19/><V78/><F78/><W101/><G101/><T74/><D74/><U103/><REACH who="1" step="1"/><E27/><REACH who="1" ten="421,129,262,178" step="2"/><V76/><F15/><W4/><G87/><T128/><D128/><U110/><E110/><V94/><F76/><W24/><G4/><T77/><D77/><U107/><E107/><V113/><F113/><W82/><G12/><T35/><D29/><U8/><AGARI ba="0,1" hai="8,13,18,26,28,32,44,47,50,54,58,92,96,103" machi="8" ten="20,5200,0" yaku="1,1,0,1,7,1,53,1" doraHai="108" doraHaiUra="11" who="1" fromWho="1" sc="421,-13,129,62,262,-26,178,-13" /><INIT seed="7,0,0,5,2,134" ten="408,191,236,165" oya="3" hai0="67,13,24,4,69,84,85,6,20,82,59,103,37" hai1="91,49,131,54,94,43,23,39,7,96,111,33,34" hai2="109,53,48,50,114,22,127,65,11,55,77,123,135" hai3="102,61,125,116,5,63,72,76,86,73,133,93,78"/><W42/><G116/><T68/><D37/><U45/><E111/><V19/><F127/><W38/><G133/><T2/><D85/><U107/><E131/><V79/><F109/><W35/><G35/><T117/><D2/><U121/><E121/><V44/><F135/><W62/><G5/><T124/><D124/><U12/><E107/><V64/><F11/><W9/><G125/><T99/><D117/><U28/><E7/><V129/><F114/><W88/><G9/><T119/><D119/><U75/><E75/><V36/><F36/><W41/><G102/><T25/><D13/><U56/><E28/><V26/><F129/><W89/><G89/><T21/><D68/><U0/><E0/><V40/><F40/><W92/><G92/><N who="0" m="58855" /><D69/><U130/><E130/><V8/><F8/><W80/><REACH who="3" step="1"/><G38/><REACH who="3" ten="408,191,236,155" step="2"/><T58/><D4/><U70/><E34/><V115/><F123/><W98/><G98/><T29/><D6/><U100/><E33/><V14/><F79/><W74/><G74/><T106/><D106/><U15/><E100/><V113/><F77/><W128/><G128/><T112/><D112/><U52/><E23/><N who="2" m="11767" /><F115/><W16/><G16/><N who="0" m="12295" /><D84/><U101/><E101/><V108/><F113/><W118/><G118/><T132/><D132/><U122/><E122/><V57/><F108/><W1/><G1/><T71/><D82/><AGARI ba="0,1" hai="41,42,61,62,63,72,73,76,78,80,82,86,88,93" machi="82" ten="40,7700,0" yaku="1,1,9,1,54,1,53,0" doraHai="134" doraHaiUra="60" who="3" fromWho="0" sc="408,-77,191,0,236,0,155,87" /><INIT seed="7,1,0,2,4,114" ten="331,191,236,242" oya="3" hai0="20,123,5,80,75,116,53,47,121,124,69,57,81" hai1="3,30,48,90,51,108,13,70,107,95,98,109,84" hai2="66,31,89,62,22,12,82,115,105,9,119,4,126" hai3="100,88,32,134,11,102,132,129,24,52,28,14,72"/><W112/><G72/><T26/><D69/><U54/><E70/><V86/><F119/><W8/><G112/><T33/><D116/><U38/><E38/><V37/><F37/><W131/><G88/><T56/><D33/><U113/><E113/><V85/><F115/><W120/><G120/><T96/><D5/><U101/><E3/><V93/><F105/><W67/><G67/><T118/><D118/><U78/><E30/><V122/><F126/><W110/><G110/><T2/><D2/><U77/><E51/><V106/><F106/><W94/><G11/><T50/><D124/><U19/><E108/><V18/><F31/><W111/><G111/><T63/><D57/><U6/><E6/><V29/><F29/><W127/><G127/><T23/><D23/><U61/><E61/><V99/><F82/><N who="0" m="31850" /><D75/><U133/><E133/><N who="3" m="51306" /><G52/><N who="0" m="29791" /><D121/><U125/><E109/><V130/><F130/><N who="3" m="49675" /><G94/><T79/><D123/><U45/><REACH who="1" step="1"/><E125/><REACH who="1" ten="331,181,236,242" step="2"/><V135/><F122/><W64/><G64/><T55/><D63/><U104/><E104/><V15/><F135/><W46/><G46/><T97/><D55/><U7/><E7/><AGARI ba="1,1" hai="7,8,14,24,28,32,100,102" m="49675,51306" machi="7" ten="30,2900,0" yaku="20,1,19,1" doraHai="114" who="3" fromWho="1" sc="331,0,181,-32,236,0,242,42" /><INIT seed="7,2,0,3,0,128" ten="331,149,236,284" oya="3" hai0="70,95,123,79,89,4,96,82,35,113,14,18,59" hai1="74,55,112,90,16,133,36,60,39,103,109,20,108" hai2="78,91,102,49,116,81,115,31,15,105,44,46,80" hai3="87,97,130,86,51,126,21,71,23,40,65,7,120"/><W29/><G120/><T57/><D70/><U32/><E74/><V19/><F116/><W37/><G37/><T132/><D123/><U27/><E39/><V134/><F115/><W83/><G130/><T88/><D35/><U10/><E36/><V12/><F31/><W9/><G126/><T30/><D30/><U56/><E112/><V110/><F110/><W47/><G87/><N who="0" m="48607" /><D132/><U117/><E117/><V118/><F134/><W119/><G29/><T45/><D4/><U98/><E133/><V53/><F105/><W104/><G119/><T3/><D3/><U8/><E32/><V11/><F102/><W131/><G131/><T94/><D45/><U121/><E121/><V41/><F46/><W22/><G71/><T34/><D34/><U93/><REACH who="1" step="1"/><E103/><REACH who="1" ten="331,139,236,284" step="2"/><V62/><F118/><W111/><G111/><AGARI ba="2,1" hai="8,10,16,20,27,55,56,60,90,93,98,108,109,111" machi="111" ten="40,8000,1" yaku="1,1,2,1,25,2,54,1,53,0" doraHai="128" doraHaiUra="114" who="1" fromWho="3" sc="331,0,139,96,236,0,284,-86" owari="331,42.0,235,-16.0,236,4.0,198,-30.0" /></mjloggm>