<mjloggm ver="2.3"><GO type="169" lobby="0"/><UN n0="%41%72%64%62%65%47" n1="%50%65%74%65%72%50%61%6E" n2="%52%65%64%62%75%6C%6C" n3="%59%54%39%38%39%39" dan="16,16,17,17" rate="2012.97,2121.21,2144.58,2206.67" sx="M,M,F,M"/><TAIKYOKU oya="0"/><INIT seed="0,0,0,1,3,114" ten="250,250,250,250" oya="0" hai0="118,47,52,101,46,3,125,129,99,58,72,28,63" hai1="8,70,33,27,53,68,32,17,135,94,80,75,21" hai2="100,108,93,67,6,41,25,112,14,111,90,132,87" hai3="119,19,31,44,50,102,107,55,126,82,91,105,69"/><T60/><D72/><U54/><E135/><V16/><F112/><W13/><G69/><T84/><D3/><U81/><E94/><V37/><F132/><W73/><G31/><T24/><D118/><U89/><E89/><V43/><F6/><W115/><G115/><T110/><D129/><U66/><E66/><V51/><F37/><W71/><G71/><T15/><D125/><U123/><E123/><V42/><F67/><W116/><G73/><T124/><D63/><U22/><E27/><V48/><F25/><W12/><G13/><T64/><D64/><U86/><E86/><V59/><F100/><W74/><G74/><T62/><D62/><U9/><E75/><V77/><F77/><W0/><G0/><T40/><D40/><U76/><REACH who="1" step="1"/><E17/><REACH who="1" ten="250,240,250,250" step="2"/><V83/><F83/><W79/><G126/><T78/><D124/><U98/><E98/><V120/><F120/><W38/><G79/><AGARI ba="0,1" hai="8,9,21,22,32,33,53,54,68,70,76,79,80,81" machi="79" ten="25,3200,0" yaku="1,1,22,2,53,0" doraHai="114" doraHaiUra="57" who="1" fromWho="3" sc="250,0,240,42,250,0,250,-32" /><INIT seed="1,0,0,5,4,74" ten="250,282,250,218" oya="1" hai0="95,116,41,37,8,73,89,83,61,76,128,46,28" hai1="54,108,130,16,6,123,124,96,24,107,4,134,53" hai2="45,36,109,43,48,32,72,77,29,26,39,75,92" hai3="56,125,15,103,3,84,38,129,35,104,63,80,71"/><U17/><E123/><V78/><F109/><W70/><G3/><T86/><D128/><U98/><E130/><V132/><F132/><W82/><G35/><T5/><D28/><U10/><E134/><V31/><F75/><W23/><G38/><T120/><D61/><U51/><E124/><V91/><F31/><W20/><G103/><T133/><D133/><U66/><E66/><V118/><F118/><W117/><G104/><T88/><D89/><U131/><E131/><V13/><F13/><W57/><G15/><T127/><D127/><U44/><E107/><V90/><F90/><W94/><G63/><T59/><D59/><U52/><E108/><V99/><REACH who="2" step="1"/><F72/><REACH who="2" ten="250,282,240,218" step="2"/><W55/><G117/><T102/><D116/><U11/><E24/><V85/><F85/><W21/><G84/><T122/><D102/><U111/><E111/><V33/><F33/><W105/><G125/><T100/><D100/><U93/><E98/><V47/><F47/><W65/><G129/><T79/><D76/><AGARI ba="0,1" hai="26,29,32,36,39,43,45,48,76,77,78,91,92,99" machi="76" ten="40,8000,1" yaku="1,1,52,3,53,0" doraHai="74" doraHaiUra="81" who="2" fromWho="0" sc="250,-80,282,0,240,90,218,0" /><INIT seed="2,0,0,5,3,126" ten="170,282,330,218" oya="2" hai0="106,1,67,119,37,30,115,16,66,73,113,69,26" hai1="19,121,127,59,104,45,47,11,51,131,105,82,42" hai2="12,2,9,56,31,128,33,87,39,48,36,77,28" hai3="75,61,112,49,122,81,71,58,57,63,107,52,95"/><V43/><F2/><W20/><G107/><T46/><D1/><U116/><E116/><V68/><F68/><W64/><G122/><T55/><D119/><U98/><E127/><V0/><F0/><W72/><G112/><T80/><D106/><U54/><E121/><V7/><F56/><W125/><G125/><T114/><D30/><U120/><E120/><V23/><F33/><W118/><G118/><T88/><D73/><U86/><E131/><V103/><F103/><W90/><G20/><T108/><D69/><U110/><E98/><V83/><F128/><W24/><G24/><T99/><D55/><U18/><E110/><V74/><F74/><W15/><G15/><T8/><D108/><U6/><E47/><N who="2" m="25727" /><F23/><W29/><G81/><T41/><D26/><U35/><E35/><V21/><F21/><W129/><G29/><AGARI ba="0,0" hai="7,9,12,28,29,31,36,39,77,83,87" m="25727" machi="29" ten="30,1500,0" yaku="25,1" doraHai="126" who="2" fromWho="3" sc="170,0,282,0,330,15,218,-15" /><INIT seed="2,1,0,2,0,83" ten="170,282,345,203" oya="2" hai0="33,121,85,133,79,50,61,129,51,76,65,127,49" hai1="63,97,73,54,95,2,25,5,134,119,111,124,122" hai2="78,84,100,35,24,40,113,72,74,96,89,17,105" hai3="44,7,6,128,8,99,93,18,130,39,23,21,106"/><V120/><F113/><W77/><G106/><T56/><D121/><U13/><E119/><V109/><F120/><W117/><G77/><T88/><D33/><U115/><E122/><V91/><F40/><W132/><G117/><T26/><D129/><U86/><E73/><N who="2" m="28267" /><F17/><W126/><G44/><T22/><D133/><U125/><E115/><V52/><F52/><W42/><G42/><T31/><REACH who="0" step="1"/><D127/><REACH who="0" ten="160,282,345,203" step="2"/><U30/><E134/><V80/><F35/><W53/><G132/><T131/><D131/><U70/><E124/><V114/><F114/><W101/><G126/><T135/><D135/><U60/><E125/><V1/><F1/><W4/><G130/><T67/><D67/><U118/><E2/><V87/><F24/><W107/><G128/><T19/><D19/><U102/><E25/><V15/><F15/><W11/><G18/><T81/><AGARI ba="1,1" hai="22,26,31,49,50,51,56,61,65,76,79,81,85,88" machi="81" ten="30,16000,3" yaku="1,1,0,1,8,1,52,1,54,1,53,3" doraHai="83" doraHaiUra="46" who="0" fromWho="0" sc="160,173,282,-41,345,-81,203,-41" /><INIT seed="3,0,0,2,4,79" ten="333,241,264,162" oya="3" hai0="95,12,56,16,32,28,96,34,52,9,63,30,78" hai1="114,58,19,57,36,98,17,127,128,5,47,113,119" hai2="111,51,42,27,50,81,77,73,105,8,69,21,126" hai3="123,94,15,92,3,74,106,115,35,66,131,122,132"/><W99/><G66/><T10/><D78/><U103/><E128/><V100/><F69/><W25/><G15/><T116/><D116/><U86/><E127/><V112/><F112/><W87/><G25/><T97/><D97/><U71/><E71/><V82/><F105/><W64/><G35/><T37/><D37/><U130/><E130/><V53/><F100/><W29/><G64/><T45/><D9/><U75/><E75/><V59/><F126/><W22/><G3/><T62/><D62/><U125/><E125/><V44/><F111/><W33/><G33/><T134/><D134/><U54/><E5/><V83/><F8/><W110/><G74/><T70/><D34/><U23/><E119/><V76/><F73/><W2/><G106/><T48/><D32/><U89/><E17/><AGARI ba="0,0" hai="17,21,27,42,44,50,51,53,59,76,77,81,82,83" machi="17" ten="40,8000,1" yaku="8,1,52,3" doraHai="79" who="2" fromWho="1" sc="333,0,241,-80,264,80,162,0" /><INIT seed="4,0,0,5,1,88" ten="333,161,344,162" oya="0" hai0="79,68,29,19,27,45,13,82,58,112,72,3,75" hai1="89,62,65,122,10,102,31,120,91,71,106,16,56" hai2="8,36,130,95,49,98,96,104,23,55,51,28,100" hai3="92,101,121,109,99,74,85,40,4,111,114,94,37"/><T135/><D68/><U80/><E31/><V11/><F36/><W126/><G40/><T15/><D3/><U7/><E106/><V81/><F130/><W25/><G37/><T41/><D112/><U53/><E102/><V90/><F51/><W9/><G114/><T22/><D135/><U129/><E129/><V66/><F66/><W64/><G64/><T69/><D69/><U2/><E91/><V17/><F81/><W86/><G121/><T35/><D58/><U123/><E80/><V127/><F127/><W124/><G25/><T132/><D132/><U46/><E46/><V131/><F28/><W134/><G134/><T97/><D97/><U43/><E43/><V117/><F117/><W103/><G9/><T87/><REACH who="0" step="1"/><D13/><REACH who="0" ten="323,161,344,162" step="2"/><U54/><E71/><V14/><F131/><W125/><G4/><T21/><D21/><U47/><E47/><AGARI ba="0,1" hai="8,11,14,17,23,47,49,55,90,95,96,98,100,104" machi="47" ten="30,2000,0" yaku="7,1,52,1" doraHai="88" who="2" fromWho="1" sc="323,0,161,-20,344,30,162,0" /><INIT seed="5,0,0,1,4,20" ten="323,141,374,162" oya="1" hai0="34,104,23,33,47,77,100,43,2,128,94,90,0" hai1="101,82,80,125,41,86,71,40,124,18,1,32,114" hai2="76,87,98,42,110,92,72,12,35,103,58,36,95" hai3="116,108,11,96,56,16,91,117,106,129,111,97,122"/><U30/><E71/><V123/><F35/><W67/><G122/><T134/><D77/><U75/><E1/><V112/><F36/><W26/><G106/><T133/><D34/><U38/><E114/><V78/><F42/><W88/><G129/><T50/><D33/><U10/><E101/><V13/><F110/><W131/><G131/><T17/><D104/><U45/><E41/><V60/><F72/><W64/><G11/><T132/><D100/><U83/><E75/><V5/><F123/><W21/><G56/><T8/><D8/><U115/><E115/><V54/><F112/><W65/><G97/><N who="0" m="57559" /><D128/><U63/><E63/><V53/><F53/><W52/><G52/><T81/><D81/><U120/><E120/><V55/><F55/><W7/><G7/><T29/><D29/><U22/><E10/><N who="2" m="4175" /><F13/><AGARI ba="0,0" hai="0,2,13,17,23,43,47,50,132,133,134" m="57559" machi="13" ten="30,1000,0" yaku="20,1" doraHai="20" who="0" fromWho="2" sc="323,10,141,0,374,-10,162,0" /><INIT seed="6,0,0,3,5,56" ten="333,141,364,162" oya="2" hai0="88,103,13,32,28,49,107,114,27,6,34,30,99" hai1="12,15,112,126,73,85,47,54,80,93,83,89,100" hai2="91,29,24,64,101,105,122,79,90,62,51,94,86" hai3="5,7,46,48,60,130,55,98,59,134,53,106,111"/><V129/><F122/><W82/><G111/><T72/><D72/><U69/><E69/><V3/><F3/><W33/><G134/><T43/><D28/><U9/><E112/><V40/><F129/><W8/><G33/><T115/><D43/><U81/><E126/><V4/><F4/><W39/><G39/><T22/><D49/><U116/><E116/><V52/><F40/><W19/><G106/><T68/><D68/><U61/><E73/><V132/><F79/><W96/><G130/><T128/><D128/><U65/><E100/><V31/><F105/><W23/><G82/><T20/><D88/><U10/><E54/><V131/><F132/><W133/><G133/><T18/><D6/><N who="3" m="2057" /><G8/><T109/><D109/><U71/><REACH who="1" step="1"/><E47/><REACH who="1" ten="333,131,364,162" step="2"/><V35/><F131/><W36/><G36/><T17/><D114/><U76/><E76/><V123/><F101/><W87/><G87/><T92/><D115/><U38/><E38/><V117/><F86/><W26/><AGARI ba="0,1" hai="19,23,26,46,48,53,55,59,60,96,98" m="2057" machi="26" ten="30,2000,0" yaku="8,1,52,1" doraHai="56" who="3" fromWho="3" sc="333,-5,131,-5,364,-10,162,30" /><INIT seed="7,0,0,4,0,16" ten="328,126,354,192" oya="3" hai0="78,130,37,92,39,47,59,35,79,19,52,117,29" hai1="131,20,32,89,6,48,86,134,110,58,104,4,9" hai2="1,84,45,103,88,95,44,102,24,71,30,55,96" hai3="14,108,54,126,119,72,50,75,8,18,116,67,106"/><W11/><G106/><T100/><D117/><U10/><E32/><V81/><F71/><W53/><G67/><T87/><D130/><U31/><E110/><V76/><F1/><W15/><G126/><T123/><D123/><U70/><E70/><V7/><F7/><W115/><G115/><T12/><D29/><U122/><E104/><V38/><F38/><W129/><G108/><T124/><D35/><U118/><E122/><V97/><F55/><W121/><G121/><T109/><D109/><U21/><E131/><V28/><F28/><W128/><G50/><T64/><D64/><U114/><E114/><V27/><F27/><W112/><G112/><T13/><D13/><U5/><E31/><V63/><F63/><W22/><G18/><T51/><D39/><U3/><E118/><V113/><F113/><W33/><REACH who="3" step="1"/><G33/><REACH who="3" ten="328,126,354,182" step="2"/><T25/><D124/><U120/><E120/><V61/><F61/><W85/><G85/><T91/><D37/><U57/><E134/><V90/><F84/><W23/><AGARI ba="0,1" hai="8,11,14,15,22,23,53,54,72,75,116,119,128,129" machi="23" ten="25,24000,3" yaku="1,1,0,1,22,2,52,2,53,2" doraHai="16" doraHaiUra="17" who="3" fromWho="3" sc="328,-80,126,-80,354,-80,182,250" owari="248,-15.0,46,-45.0,274,7.0,432,53.0" /></mjloggm>