<mjloggm ver="2.3"><GO type="225" lobby="0"/><UN n0="%E3%83%AD%E3%83%83%E3%83%86%E9%9B%80%E7%90%83" n1="%E3%81%98%E3%82%93%E3%81%BF%E3%82%87%E3%82%93" n2="%E3%83%80%E3%83%B3%E3%83%86" n3="%E3%81%B8%E3%82%80%E3%81%B8%E3%82%80%EF%BC%92%E5%8F%B7" dan="18,16,17,16" rate="2195.99,2185.02,2256.14,2140.79" sx="F,F,M,M"/><TAIKYOKU oya="0"/><INIT seed="0,0,0,2,0,81" ten="250,250,250,250" oya="0" hai0="35,102,115,23,126,66,116,22,99,108,37,71,63" hai1="6,132,112,27,85,130,44,40,25,127,92,0,54" hai2="15,121,105,117,28,19,86,5,123,91,14,135,43" hai3="128,106,30,34,87,119,50,104,36,57,45,94,38"/><T52/><D115/><U69/><E69/><V74/><F74/><W32/><G119/><T120/><D120/><U76/><E54/><V124/><F117/><W29/><G57/><T39/><D116/><U8/><E112/><V110/><F110/><W60/><G60/><T33/><D126/><U65/><E65/><V59/><F124/><W114/><G94/><T42/><D108/><U58/><E58/><V79/><F79/><W93/><G93/><T64/><D64/><U10/><E10/><V97/><F28/><W49/><G114/><T80/><D80/><N who="1" m="47239" /><E92/><V53/><F43/><W13/><G13/><T48/><D35/><U47/><E47/><V83/><F5/><W90/><G90/><T68/><D33/><U46/><E46/><V88/><F14/><W12/><G12/><T107/><D71/><U72/><E72/><V122/><F91/><W17/><G45/><N who="0" m="23775" /><D37/><N who="1" m="21519" /><E127/><V16/><F105/><W51/><G51/><T56/><AGARI ba="0,0" hai="22,23,48,52,56,63,66,68,99,102,107" m="23775" machi="56" ten="30,3000,0" yaku="24,1,54,1" doraHai="81" who="0" fromWho="0" sc="250,30,250,-10,250,-10,250,-10" /><INIT seed="0,1,0,2,5,60" ten="280,240,240,240" oya="0" hai0="74,27,63,67,40,59,89,0,86,78,112,37,132" hai1="2,72,15,98,121,56,91,70,14,103,135,109,133" hai2="90,123,8,41,131,46,11,50,102,122,82,24,107" hai3="25,38,75,29,100,110,58,105,17,84,13,44,33"/><T65/><D112/><U106/><E121/><V80/><F131/><W19/><G75/><T23/><D0/><U57/><E70/><V126/><F126/><W116/><G116/><T69/><D132/><N who="1" m="50763" /><E2/><V66/><F102/><W61/><G110/><T101/><D101/><U124/><E109/><V79/><F107/><W54/><G84/><T76/><D74/><U47/><E91/><V30/><F90/><W134/><G134/><T49/><D37/><U108/><E108/><V114/><F114/><W117/><G117/><T32/><D32/><U125/><E47/><V68/><F82/><W94/><G105/><T96/><D96/><U12/><E72/><V71/><F71/><W16/><G94/><N who="0" m="54583" /><D69/><U118/><E118/><V77/><F122/><W113/><G100/><T51/><D40/><U18/><E18/><V45/><F45/><W87/><G87/><T93/><D93/><U120/><E120/><V52/><F41/><W10/><G113/><T95/><D95/><U119/><E119/><V26/><F123/><W104/><G104/><T28/><D67/><U111/><E111/><V9/><F80/><W55/><REACH who="3" step="1"/><G38/><REACH who="3" ten="280,240,240,230" step="2"/><T1/><D1/><U43/><E125/><V42/><F79/><AGARI ba="1,1" hai="23,27,28,49,51,59,63,65,76,78,79" m="54583" machi="79" ten="30,2900,0" yaku="8,1,52,1" doraHai="60" who="0" fromWho="2" sc="280,42,240,0,240,-32,230,0" /><INIT seed="0,2,0,2,4,69" ten="322,240,208,230" oya="0" hai0="129,123,87,18,111,127,36,92,17,33,85,118,120" hai1="37,90,102,45,122,88,50,119,43,109,44,104,121" hai2="62,19,16,38,91,82,61,80,12,63,52,86,84" hai3="11,10,117,39,113,132,35,133,70,73,8,7,23"/><T114/><D33/><U116/><E102/><V124/><F124/><W47/><G73/><T30/><D30/><U9/><E104/><V106/><F106/><W79/><G35/><T2/><D2/><U60/><E9/><N who="3" m="3690" /><G113/><T93/><D118/><U28/><E28/><V41/><F12/><N who="3" m="5247" /><G79/><T64/><D64/><U13/><E13/><V94/><F94/><W75/><G75/><T42/><D42/><U3/><E3/><V5/><F5/><W46/><G70/><T72/><D72/><U110/><E60/><N who="2" m="23147" /><F41/><W103/><G103/><T54/><D54/><N who="1" m="30023" /><E88/><N who="2" m="51207" /><F38/><W6/><G6/><T108/><D114/><U22/><E90/><V134/><F134/><N who="3" m="51819" /><G117/><N who="1" m="45130" /><E22/><V98/><F98/><W105/><G105/><T81/><D81/><U65/><E65/><V96/><F96/><W101/><G101/><T26/><D93/><U48/><E48/><V49/><F63/><W0/><G0/><T67/><D92/><U71/><E71/><V107/><F107/><W135/><N who="3" m="51827" /><W4/><DORA hai="115" /><G4/><T83/><D67/><U24/><E24/><V1/><F1/><W68/><G68/><T40/><D26/><U78/><E78/><V20/><F20/><W51/><G51/><T77/><D77/><U130/><E130/><V15/><F15/><W112/><G112/><T89/><D129/><U53/><E53/><V34/><F34/><W58/><G23/><T21/><D21/><U76/><E76/><V32/><F32/><W31/><G31/><T97/><D97/><U29/><E29/><V100/><F100/><W55/><G39/><T59/><D83/><U74/><E74/><RYUUKYOKU ba="2,0" sc="322,-30,240,10,208,10,230,10" hai1="37,43,45,109,110,121,122" hai2="16,19,49,52,82,86,91" hai3="46,47,55,58" /><INIT seed="1,3,0,0,2,47" ten="292,250,218,240" oya="1" hai0="109,123,62,80,39,110,17,67,34,130,101,45,127" hai1="8,29,74,14,54,56,125,0,86,46,73,97,51" hai2="36,83,23,135,76,90,106,26,91,117,78,118,88" hai3="126,13,20,4,48,27,119,112,134,30,58,114,113"/><U24/><E0/><V38/><F106/><W69/><G69/><T63/><D34/><U50/><E125/><V1/><F1/><W64/><G126/><T43/><D127/><U128/><E97/><V92/><F135/><W89/><G134/><T31/><D31/><U111/><E86/><V11/><F92/><W61/><G119/><T102/><D130/><U124/><E128/><V104/><F104/><W42/><G89/><T103/><D123/><U19/><E111/><N who="0" m="42505" /><D17/><U107/><E107/><V131/><F131/><W99/><G99/><T55/><D55/><U121/><E121/><V71/><F71/><W65/><G65/><T133/><D133/><U9/><E9/><V52/><F11/><W98/><G98/><T105/><D105/><U116/><E116/><V60/><F117/><W108/><G108/><T129/><D129/><U66/><E66/><V115/><F115/><W82/><G82/><T15/><D15/><U132/><E132/><V33/><F33/><W68/><G13/><T94/><D80/><U16/><E19/><V10/><F10/><W120/><G4/><T37/><D37/><U12/><E12/><V35/><F35/><W25/><G25/><T57/><D63/><U84/><E124/><V77/><F83/><W93/><G93/><AGARI ba="3,0" hai="39,43,45,57,62,67,93,94,101,102,103" m="42505" machi="93" ten="30,1000,0" yaku="14,1" doraHai="47" who="0" fromWho="3" sc="292,19,250,0,218,0,240,-19" /><INIT seed="2,0,0,2,3,7" ten="311,250,218,221" oya="2" hai0="62,129,69,113,67,49,5,73,31,110,103,119,75" hai1="101,131,33,104,53,25,29,100,135,21,107,66,1" hai2="18,13,116,114,118,88,125,46,109,22,123,82,30" hai3="47,106,50,41,14,27,12,28,96,4,45,57,6"/><V58/><F114/><W65/><G106/><T124/><D113/><U126/><E1/><V20/><F123/><W23/><G96/><T37/><D37/><U127/><E66/><V94/><F125/><N who="1" m="47625" /><E131/><V55/><F46/><W93/><G93/><T102/><D102/><N who="1" m="39531" /><E135/><V34/><F34/><W52/><G65/><T134/><D67/><U42/><E42/><V76/><F109/><W9/><G41/><T71/><D49/><U40/><E40/><V91/><F30/><W132/><G132/><T63/><D31/><U59/><E21/><V89/><F94/><W117/><G117/><T38/><D5/><U8/><E8/><AGARI ba="0,0" hai="4,6,8,9,12,14,23,27,28,45,47,50,52,57" machi="8" ten="40,8000,1" yaku="9,1,8,1,52,2,54,1" doraHai="7" who="3" fromWho="1" sc="311,0,250,-80,218,0,221,80" /><INIT seed="3,0,0,1,5,68" ten="311,170,218,301" oya="3" hai0="66,109,3,14,94,39,105,65,57,42,55,49,86" hai1="20,31,93,29,103,87,36,34,81,120,23,25,5" hai2="0,12,88,129,114,18,70,85,69,131,4,13,79" hai3="82,26,54,115,56,11,35,44,80,43,41,116,51"/><W134/><G115/><T59/><D105/><U83/><E120/><V53/><F114/><W8/><G116/><T123/><D3/><U91/><E5/><V95/><F79/><W128/><G134/><T89/><D123/><U96/><E34/><V17/><F53/><N who="3" m="29927" /><G26/><T118/><D118/><U62/><E31/><V133/><F4/><W101/><G35/><T52/><D109/><U6/><E6/><V111/><F111/><W76/><G101/><T135/><D135/><U74/><E20/><N who="2" m="11303" /><F0/><W63/><G128/><N who="2" m="49225" /><F133/><W60/><G60/><T48/><D14/><U1/><E1/><V27/><F27/><W21/><G21/><AGARI ba="0,0" hai="13,18,21,69,70,85,88,95" m="49225,11303" machi="21" ten="30,2000,0" yaku="19,1,54,1" doraHai="68" who="2" fromWho="3" sc="311,0,170,0,218,20,301,-20" owari="311,41.0,170,-33.0,238,-16.0,281,8.0" /></mjloggm>