<mjloggm ver="2.3"><GO type="169" lobby="0"/><UN n0="%E3%81%AE%E3%81%B3%E3%81%97%E3%82%8D%E2%99%82" n1="%E7%9C%9F%E9%BE%8D%E5%85%84%E8%B2%B4" n2="%E9%81%A0%E5%9E%A3%E5%A4%96" n3="%E4%B8%83%E7%94%9F%E5%A4%95" dan="16,17,16,16" rate="2117.96,2187.05,2128.20,2119.66" sx="M,M,M,M"/><TAIKYOKU oya="0"/><INIT seed="0,0,0,2,5,94" ten="250,250,250,250" oya="0" hai0="104,40,37,76,102,134,24,23,1,101,114,78,112" hai1="95,75,119,118,122,48,6,13,68,26,91,58,120" hai2="17,12,28,98,38,110,77,31,113,32,25,44,131" hai3="49,3,79,30,53,124,89,121,50,83,57,103,27"/><T5/><D134/><U62/><E75/><V55/><F113/><W90/><G124/><T132/><D132/><U0/><E0/><V65/><F110/><W96/><G3/><T14/><D1/><U59/><E26/><V64/><F131/><W70/><G70/><T106/><D40/><U116/><E68/><V73/><F31/><W29/><G50/><T107/><D37/><U39/><E39/><V69/><F77/><W33/><G29/><T82/><D78/><U97/><E48/><V35/><F73/><W123/><G121/><T108/><D108/><U18/><E6/><V115/><F35/><W46/><G46/><T16/><D5/><U87/><E87/><V130/><F130/><W51/><G51/><T125/><D125/><U86/><E86/><V8/><F55/><W72/><REACH who="3" step="1"/><G123/><REACH who="3" ten="250,250,250,240" step="2"/><T128/><D128/><U127/><E127/><V9/><F69/><W41/><G41/><T52/><D114/><U20/><REACH who="1" step="1"/><E58/><REACH who="1" ten="250,240,250,240" step="2"/><V22/><F38/><W133/><G133/><T81/><D112/><U10/><E10/><V63/><F8/><W54/><G54/><AGARI ba="0,2" hai="13,18,20,54,59,62,91,95,97,116,118,119,120,122" machi="54" ten="40,2600,0" yaku="1,1,52,1,53,0" doraHai="94" doraHaiUra="111" who="1" fromWho="3" sc="250,0,240,46,250,0,240,-26" /><INIT seed="1,0,0,2,0,83" ten="250,286,250,214" oya="1" hai0="50,82,128,115,79,97,43,78,124,75,51,126,26" hai1="130,86,46,119,85,73,0,65,121,15,20,28,53" hai2="107,110,118,94,29,30,22,16,60,134,1,24,112" hai3="127,64,76,6,80,103,2,120,7,89,39,21,69"/><U77/><E0/><V123/><F107/><W116/><G120/><T111/><D111/><U11/><E119/><V98/><F123/><W117/><G39/><T95/><D128/><U100/><E121/><V87/><F118/><N who="3" m="45675" /><G103/><T32/><D115/><U70/><E100/><V114/><F134/><W84/><G2/><T5/><D79/><U135/><E135/><V55/><F110/><W49/><G49/><T63/><D5/><U96/><E96/><V68/><F1/><W57/><G69/><T8/><D8/><U72/><E65/><V44/><F68/><W31/><G127/><T52/><D43/><U92/><E70/><V132/><F132/><W23/><G76/><T67/><D50/><U47/><E77/><V105/><F44/><W66/><G66/><T10/><D10/><U34/><E11/><V3/><F3/><W9/><G9/><T99/><D63/><U13/><E53/><V54/><F54/><W133/><G133/><T4/><D4/><N who="3" m="1577" /><G31/><T25/><D67/><U129/><E28/><V74/><F29/><W14/><G14/><T42/><D42/><U36/><E36/><V37/><F30/><W106/><G106/><T71/><D71/><U81/><E129/><V108/><F37/><W122/><G122/><T109/><D109/><U40/><E40/><V45/><F108/><W104/><G104/><T48/><D48/><U38/><E38/><V125/><F105/><W59/><G64/><T113/><D126/><U131/><E131/><V27/><F125/><W88/><G89/><T91/><D124/><U19/><E130/><V93/><F114/><RYUUKYOKU ba="0,0" sc="250,-10,286,-10,250,-10,214,30" hai3="21,23,57,59,80,84,88" /><INIT seed="2,1,0,1,3,89" ten="240,276,240,244" oya="2" hai0="45,105,131,32,69,108,37,85,113,95,97,94,126" hai1="65,26,103,59,17,25,107,71,68,36,22,61,23" hai2="74,33,124,84,109,12,54,10,100,110,88,128,127" hai3="39,66,96,130,53,55,13,62,87,104,31,77,56"/><V3/><F128/><W49/><G39/><T5/><D108/><N who="2" m="41578" /><F74/><W38/><G38/><T44/><D131/><U40/><E36/><V114/><F114/><W129/><G31/><T28/><D126/><N who="2" m="48170" /><F33/><W92/><G104/><T81/><D69/><U29/><E40/><V125/><N who="2" m="48178" /><V64/><DORA hai="16" /><F64/><W135/><G135/><T11/><D105/><U70/><E107/><V133/><F3/><W18/><G66/><T91/><D37/><U21/><REACH who="1" step="1"/><E103/><REACH who="1" ten="240,266,240,244" step="2"/><V6/><F100/><W27/><G129/><T35/><D113/><U60/><E60/><V98/><F133/><W1/><G62/><T48/><D48/><U90/><E90/><V122/><F122/><W73/><G49/><T63/><D63/><U41/><E41/><V42/><F42/><W34/><G130/><T8/><D91/><U120/><E120/><V106/><F106/><W132/><G132/><T99/><D35/><AGARI ba="1,1" hai="17,21,22,23,25,26,29,35,59,61,65,68,70,71" machi="35" ten="40,12000,2" yaku="1,1,52,3,53,3" doraHai="89,16" doraHaiUra="72,19" who="1" fromWho="0" sc="240,-123,266,133,240,0,244,0" /><INIT seed="3,0,0,5,1,26" ten="117,399,240,244" oya="3" hai0="9,109,88,80,58,134,49,78,126,8,73,47,51" hai1="60,125,30,128,102,46,14,84,105,71,89,103,37" hai2="24,76,110,40,56,62,135,113,17,11,72,39,61" hai3="77,96,101,100,94,3,67,116,111,127,115,12,69"/><W129/><G3/><T79/><D109/><U121/><E105/><V66/><F113/><W70/><G12/><T87/><D134/><U119/><E121/><V48/><F110/><W44/><G44/><T42/><D126/><U68/><E68/><V59/><F135/><W64/><G111/><T91/><D79/><U99/><E99/><V90/><F39/><W81/><G115/><T108/><D108/><U114/><E71/><V93/><F72/><W13/><G13/><T98/><D98/><U5/><E37/><V82/><F40/><W36/><G36/><T32/><D32/><U16/><E5/><V41/><F41/><W20/><G96/><T55/><REACH who="0" step="1"/><D91/><REACH who="0" ten="107,399,240,244" step="2"/><U54/><E89/><V106/><F76/><W27/><G77/><T18/><D18/><U132/><E16/><V29/><F17/><W57/><G127/><T43/><D43/><U50/><E125/><V4/><F90/><W107/><G101/><T83/><AGARI ba="0,1" hai="8,9,42,47,49,51,55,58,73,78,80,83,87,88" machi="83" ten="20,5200,0" yaku="1,1,0,1,7,1,54,1,53,0" doraHai="26" doraHaiUra="122" who="0" fromWho="0" sc="107,62,399,-13,240,-13,244,-26" /><INIT seed="4,0,0,0,0,7" ten="169,386,227,218" oya="0" hai0="43,38,16,131,49,40,134,12,93,27,63,8,47" hai1="91,80,84,109,4,42,36,105,92,53,14,114,41" hai2="13,71,81,94,96,15,54,22,86,9,34,106,129" hai3="17,77,89,108,118,6,19,102,127,69,31,72,119"/><T33/><D134/><U60/><E105/><V110/><F110/><W88/><G108/><T104/><D131/><U25/><E36/><V82/><F34/><W73/><G6/><T32/><D104/><U23/><E109/><V37/><F71/><W51/><G69/><T103/><D40/><U115/><E80/><V55/><F37/><W67/><G51/><T45/><D63/><U0/><E0/><V39/><F39/><W111/><G111/><T120/><D120/><U130/><E130/><V59/><F106/><W128/><G128/><T35/><D47/><U18/><E114/><V3/><F3/><W57/><G57/><T107/><D107/><U78/><E78/><N who="2" m="46391" /><F82/><W135/><G77/><T74/><D74/><U95/><E95/><V113/><F113/><W79/><G79/><T61/><D61/><U65/><E65/><V56/><F22/><W101/><G67/><T64/><D64/><U1/><E1/><V116/><F15/><W26/><G26/><T76/><D76/><U48/><E115/><V97/><F116/><W83/><G83/><T10/><D38/><U85/><E60/><N who="2" m="35863" /><F94/><W90/><G90/><T66/><D66/><U2/><E2/><V50/><F129/><W133/><REACH who="3" step="1"/><G127/><REACH who="3" ten="169,386,227,208" step="2"/><T44/><D44/><U20/><E48/><V98/><F50/><W99/><G99/><N who="0" m="59887" /><D27/><U28/><E25/><V132/><F98/><W125/><G125/><T121/><D121/><U24/><E24/><V46/><F59/><W117/><G117/><T68/><D68/><U112/><E112/><V122/><F122/><W100/><G100/><T126/><D126/><RYUUKYOKU ba="0,1" sc="169,15,386,-15,227,-15,208,15" hai0="8,10,12,16,32,33,35,43,45,49" hai3="17,19,31,72,73,88,89,101,102,118,119,133,135" /><INIT seed="4,1,1,5,2,99" ten="184,371,212,223" oya="0" hai0="34,26,87,55,46,57,18,113,96,19,74,102,52" hai1="127,21,97,115,8,100,108,86,33,23,65,32,48" hai2="28,109,68,3,49,94,85,12,15,122,44,16,6" hai3="69,35,20,76,22,135,11,116,133,124,73,103,42"/><T7/><D113/><U112/><E108/><V107/><F107/><W98/><G35/><T123/><D123/><U89/><E65/><V119/><F68/><W2/><G116/><T56/><D74/><U36/><E36/><V82/><F3/><W38/><G69/><T71/><D71/><U105/><E8/><N who="2" m="4119" /><F109/><W117/><G124/><T45/><D7/><U90/><E127/><V118/><F122/><W121/><G117/><N who="2" m="44553" /><F94/><W101/><G121/><T91/><D34/><U59/><E89/><N who="2" m="51383" /><F28/><W78/><G2/><T37/><D37/><U67/><E32/><V132/><F132/><W92/><G38/><T81/><D46/><U62/><E48/><V93/><F93/><W88/><G133/><T25/><D45/><U41/><E41/><V129/><F129/><W60/><G42/><T72/><D72/><U95/><E33/><V39/><F39/><W31/><G73/><T120/><D120/><U61/><E61/><V111/><F111/><W27/><G60/><N who="0" m="35847" /><D19/><U125/><E125/><V128/><F128/><W43/><G43/><T114/><D18/><U17/><E17/><V1/><F1/><W51/><G135/><T130/><D130/><U5/><E5/><V13/><F16/><W126/><G126/><T30/><D114/><AGARI ba="1,1" hai="21,23,59,62,67,86,90,95,97,100,105,112,114,115" machi="114" ten="40,5200,0" yaku="15,1,11,1,52,1" doraHai="99" who="1" fromWho="0" sc="184,-55,371,65,212,0,223,0" /><INIT seed="5,0,0,4,3,63" ten="129,436,212,223" oya="1" hai0="21,38,110,62,16,122,1,126,55,25,87,51,117" hai1="19,64,135,119,68,28,3,96,103,48,129,30,99" hai2="32,78,69,11,89,50,20,128,14,22,58,98,80" hai3="7,101,13,37,75,106,133,124,65,111,49,9,10"/><U60/><E3/><V29/><F69/><W107/><G37/><T5/><D126/><U109/><E119/><V93/><F32/><W34/><G34/><T82/><D110/><U54/><E129/><V67/><F128/><W120/><G75/><T105/><D122/><U125/><E135/><V71/><F71/><W41/><G111/><T15/><D117/><U56/><E125/><V27/><F22/><W118/><G120/><T127/><D127/><U23/><E109/><V57/><F50/><W39/><G39/><T46/><D105/><U59/><E68/><V26/><F26/><W97/><G133/><T77/><D1/><U102/><E96/><V70/><F67/><W132/><G132/><T17/><D38/><U8/><E8/><V94/><F94/><W36/><G36/><T12/><D5/><U45/><E56/><V42/><F42/><W4/><G106/><T73/><D73/><U83/><E83/><V2/><F70/><W115/><G118/><T130/><D130/><U44/><E44/><V35/><F35/><W76/><G115/><T81/><D81/><U40/><E40/><V47/><F47/><W79/><G124/><T114/><D114/><U134/><E134/><V86/><REACH who="2" step="1"/><F2/><REACH who="2" ten="129,436,202,223" step="2"/><W18/><G107/><T88/><D62/><U52/><E54/><V108/><F108/><W31/><G41/><T61/><D61/><U131/><E131/><V91/><F91/><W6/><G65/><T92/><REACH who="0" step="1"/><D17/><AGARI ba="0,1" hai="11,14,17,20,27,29,57,58,78,80,86,89,93,98" machi="17" ten="30,3900,0" yaku="1,1,7,1,8,1,53,0" doraHai="63" doraHaiUra="121" who="2" fromWho="0" sc="129,-39,436,0,202,49,223,0" /><INIT seed="6,0,0,3,4,108" ten="90,436,251,223" oya="2" hai0="19,22,10,4,48,26,119,31,103,90,57,107,97" hai1="52,42,132,92,29,83,74,79,123,118,125,15,105" hai2="116,63,8,87,88,89,65,54,45,94,6,134,58" hai3="122,100,59,77,1,71,27,64,33,2,49,50,17"/><V78/><F116/><W47/><G122/><T38/><D119/><U14/><E105/><V60/><F134/><W73/><G71/><T115/><D115/><U121/><E42/><V113/><F113/><W91/><G100/><T110/><D110/><U124/><E118/><V3/><F78/><W36/><G36/><T13/><D38/><U69/><E69/><V104/><F104/><W16/><G73/><T86/><D48/><U23/><E92/><V120/><F120/><N who="1" m="46153" /><E132/><V93/><F45/><W39/><G39/><T55/><D57/><U34/><E34/><V106/><F106/><W62/><G77/><T66/><D66/><U21/><E52/><V129/><F129/><W70/><G91/><T40/><D40/><U84/><E84/><V41/><F41/><W135/><G135/><T9/><D55/><U72/><E72/><V111/><F111/><W109/><G109/><T128/><D128/><U7/><E7/><V32/><F32/><W130/><G130/><T112/><D112/><U20/><E29/><V5/><F6/><W80/><G80/><T44/><D44/><U51/><E51/><N who="3" m="19466" /><G70/><T24/><D86/><U11/><E11/><V56/><F89/><W43/><G47/><T117/><D117/><U76/><E76/><V30/><F30/><N who="3" m="19679" /><G43/><T53/><D53/><U133/><E133/><V96/><F96/><W82/><G82/><AGARI ba="0,0" hai="3,5,8,54,56,58,60,63,65,82,87,88,93,94" machi="82" ten="30,2900,0" yaku="7,1,54,1" doraHai="108" who="2" fromWho="3" sc="90,0,436,0,251,29,223,-29" /><INIT seed="6,1,0,2,3,11" ten="90,436,280,194" oya="2" hai0="71,128,20,14,132,86,114,103,118,65,1,16,130" hai1="82,99,87,51,97,32,81,3,134,91,12,49,108" hai2="119,113,89,117,68,61,73,70,123,36,101,122,35" hai3="8,33,10,6,116,112,83,79,24,30,98,100,121"/><V38/><F89/><W110/><G110/><T90/><D1/><U40/><E3/><V104/><F73/><W92/><G116/><N who="2" m="44617" /><F35/><W41/><G112/><T105/><D118/><U93/><E108/><V95/><F95/><W7/><G121/><N who="2" m="46089" /><F101/><W77/><G41/><T127/><D114/><U31/><E31/><V72/><F72/><W18/><G18/><T56/><D132/><U29/><E32/><V115/><F104/><W133/><G133/><T76/><D71/><N who="2" m="27178" /><F61/><W131/><G83/><T55/><D127/><U84/><E29/><V111/><F111/><W0/><REACH who="3" step="1"/><G131/><REACH who="3" ten="90,436,280,184" step="2"/><T34/><D130/><U21/><E82/><V60/><F60/><W62/><G62/><T126/><D128/><U135/><E81/><V48/><F48/><W47/><G47/><T42/><D126/><U69/><E51/><V28/><F28/><W106/><G106/><T124/><D124/><U67/><E49/><V25/><F25/><W46/><G46/><T9/><D105/><U50/><E50/><V94/><F94/><W53/><G53/><T120/><D55/><U129/><E93/><V74/><F115/><W59/><G59/><T39/><D120/><U26/><E26/><V80/><F113/><W85/><G85/><T107/><D107/><U88/><E84/><V43/><F43/><W2/><AGARI ba="1,1" hai="0,2,6,7,8,10,24,30,33,77,79,92,98,100" machi="2" ten="20,5200,0" yaku="1,1,0,1,7,1,9,1,53,0" doraHai="11" doraHaiUra="66" who="3" fromWho="3" sc="90,-14,436,-14,280,-27,184,65" /><INIT seed="7,0,0,3,4,47" ten="76,422,253,249" oya="3" hai0="50,134,72,24,41,64,109,75,80,20,111,45,31" hai1="10,114,38,119,5,2,122,54,98,26,65,9,130" hai2="1,56,91,34,68,62,23,89,113,118,51,94,125" hai3="6,11,69,97,63,25,36,84,12,33,96,16,37"/><W90/><G37/><T79/><D134/><U82/><E38/><V17/><F34/><W101/><G36/><T21/><D75/><U4/><E65/><V115/><F1/><W7/><G69/><T95/><D64/><U102/><E114/><N who="2" m="43531" /><F125/><W117/><G63/><T83/><D83/><U105/><E130/><V43/><F68/><W39/><G39/><T131/><D131/><U74/><E122/><V81/><F81/><W53/><G117/><T46/><D46/><U52/><E26/><V86/><F91/><W8/><G53/><T112/><D112/><U57/><E119/><V103/><F103/><W85/><G85/><T18/><D95/><U55/><E82/><V73/><F73/><W121/><G121/><T14/><D111/><U0/><E74/><V59/><F118/><W106/><G97/><T88/><D109/><U19/><E19/><V129/><F62/><AGARI ba="0,0" hai="0,2,4,5,9,10,52,54,55,57,62,98,102,105" machi="62" ten="30,3900,0" yaku="7,1,9,1,54,1" doraHai="47" who="1" fromWho="2" sc="76,0,422,39,253,-39,249,0" owari="76,-42.0,461,56.0,214,-19.0,249,5.0" /></mjloggm>