<mjloggm ver="2.3"><GO type="169" lobby="0"/><UN n0="%E3%81%9D%E3%81%B5%E3%81%81%E3%82%82%E3%82%93" n1="%E3%81%B2%E3%81%8B%E3%82%8B%E3%81%AE%E8%AA%A4%E3%83%9D%E3%83%B3" n2="%73%68%6F%6B%6F%6C%61%32" n3="%E6%97%A5%E9%99%B0%E3%81%95%E3%82%93" dan="16,16,17,16" rate="2134.21,2034.67,2122.61,2090.94" sx="M,M,M,F"/><TAIKYOKU oya="0"/><INIT seed="0,0,0,1,4,3" ten="250,250,250,250" oya="0" hai0="113,111,49,28,117,0,41,85,103,42,8,24,34" hai1="108,78,112,1,92,100,116,131,128,94,123,59,125" hai2="129,61,102,84,121,97,51,79,47,36,43,76,17" hai3="124,93,68,31,82,26,106,25,115,118,57,104,130"/><T55/><D113/><U2/><E112/><V66/><F121/><W71/><G115/><T132/><D117/><U99/><E116/><V69/><F129/><W122/><G130/><N who="1" m="49706" /><E123/><V81/><F17/><W14/><G118/><T21/><D132/><U23/><E108/><V20/><F20/><W75/><G93/><T38/><D38/><U10/><E125/><V11/><F11/><W52/><G124/><T48/><D103/><U46/><E78/><V96/><F79/><W44/><G75/><T30/><D111/><U58/><E23/><V27/><F27/><W54/><G57/><T45/><D85/><U107/><E46/><V120/><F120/><W5/><G44/><T80/><D80/><U39/><E39/><V70/><F70/><W22/><G82/><T83/><D83/><U64/><E59/><V109/><F109/><W37/><G37/><T12/><D48/><U53/><E64/><V40/><F40/><W60/><G60/><T62/><D62/><N who="1" m="36175" /><E10/><V101/><F36/><W72/><G72/><T50/><D50/><U19/><E19/><V15/><F97/><W63/><G63/><T73/><D73/><U95/><AGARI ba="0,0" hai="1,2,92,94,95,99,100,107" m="36175,49706" machi="95" ten="30,1100,0" yaku="19,1" doraHai="3" who="1" fromWho="1" sc="250,-5,250,11,250,-3,250,-3" /><INIT seed="1,0,0,5,0,61" ten="245,261,247,247" oya="1" hai0="129,62,17,99,109,31,134,57,7,55,48,9,60" hai1="38,35,79,88,103,119,52,34,10,28,94,83,21" hai2="30,133,97,39,80,135,127,1,98,84,117,46,4" hai3="12,105,40,111,18,74,106,58,118,126,78,89,91"/><U70/><E119/><V92/><F117/><W3/><G118/><T72/><D109/><U132/><E38/><V67/><F30/><W44/><G3/><T114/><D72/><U71/><E103/><V86/><F1/><W43/><G111/><T22/><D114/><U51/><E10/><V25/><F4/><W81/><G126/><T82/><D31/><U66/><E21/><V120/><F25/><W42/><G44/><T26/><D129/><U123/><E123/><V56/><F120/><W47/><G47/><T116/><D116/><U37/><E132/><V24/><F24/><W41/><N who="3" m="10240" /><DORA hai="76" /><W73/><G73/><T13/><D134/><U115/><E115/><V63/><F46/><W104/><REACH who="3" step="1"/><G58/><REACH who="3" ten="245,261,247,237" step="2"/><T19/><D99/><U53/><E37/><V101/><F98/><W125/><G125/><T110/><D110/><U0/><E0/><V100/><F127/><W87/><G87/><T85/><REACH who="0" step="1"/><D7/><REACH who="0" ten="235,261,247,237" step="2"/><U14/><E35/><V130/><F135/><W121/><G121/><T107/><D107/><U124/><E34/><V8/><F133/><W95/><G95/><T54/><D54/><U5/><E53/><V33/><F92/><W16/><G16/><T27/><D27/><U77/><E124/><V69/><F39/><W49/><G49/><T113/><D113/><U122/><E94/><V131/><F131/><W96/><G96/><T112/><D112/><U75/><E51/><V11/><F97/><W68/><G68/><T36/><D36/><U59/><E70/><V6/><F69/><W93/><G93/><T102/><D102/><U2/><E71/><RYUUKYOKU ba="0,2" sc="235,15,261,-15,247,-15,237,15" hai0="9,13,17,19,22,26,48,55,57,60,62,82,85" hai3="12,18,74,78,81,89,91,104,105,106" /><INIT seed="2,1,2,1,2,134" ten="250,246,232,252" oya="2" hai0="37,106,49,99,42,45,2,83,63,11,14,26,44" hai1="92,8,20,50,98,5,107,75,93,84,124,103,100" hai2="3,96,24,15,7,125,59,48,32,72,126,79,109" hai3="105,40,69,132,117,73,66,133,88,38,13,77,25"/><V10/><F72/><W110/><G105/><T18/><D2/><U56/><E75/><V74/><F74/><W46/><G117/><T114/><D114/><U33/><E33/><V104/><F79/><W102/><G102/><T51/><D63/><U41/><E103/><V17/><F104/><W82/><G110/><T108/><D108/><U71/><E71/><V62/><F96/><W34/><G13/><T9/><D26/><U36/><E36/><V16/><F48/><W131/><G88/><T113/><D113/><U89/><E20/><N who="2" m="11295" /><F109/><W121/><G131/><T1/><D106/><U57/><E107/><V4/><F4/><W12/><G12/><T27/><D27/><U61/><E50/><V29/><F17/><W35/><G121/><T119/><D119/><U31/><E31/><V85/><F85/><W54/><G54/><AGARI ba="1,2" hai="3,7,10,24,29,32,54,59,62,125,126" m="11295" machi="54" ten="30,11600,0" yaku="24,1,52,2,54,1" doraHai="134" who="2" fromWho="3" sc="250,0,246,0,232,139,252,-119" /><INIT seed="2,2,0,4,2,2" ten="250,246,371,133" oya="2" hai0="132,18,65,6,28,114,31,71,22,125,106,67,60" hai1="75,131,23,121,80,103,19,134,120,34,116,73,44" hai2="123,83,42,62,119,0,64,12,90,4,97,35,95" hai3="14,111,76,122,110,66,58,77,82,43,17,16,25"/><V15/><F123/><W109/><G122/><T52/><D114/><U92/><E34/><V112/><F112/><W100/><G100/><T104/><D125/><U89/><E116/><V105/><F35/><W39/><G39/><T10/><D132/><U115/><E115/><V113/><F113/><W40/><G25/><T49/><D67/><U13/><E134/><V102/><F119/><W30/><G30/><T56/><D106/><U68/><E68/><V69/><F42/><N who="3" m="15915" /><G82/><T7/><D104/><U50/><E131/><V70/><F70/><W38/><G38/><T36/><D36/><U33/><E33/><V54/><F54/><W46/><G46/><N who="0" m="27703" /><D71/><U86/><E121/><V117/><F83/><W8/><G17/><T91/><D91/><U51/><E120/><V27/><F27/><W130/><G130/><T55/><D65/><U48/><E75/><V129/><F129/><W74/><G74/><T133/><D133/><U79/><REACH who="1" step="1"/><E103/><REACH who="1" ten="250,236,371,133" step="2"/><V108/><F117/><W5/><G5/><N who="0" m="1547" /><D10/><U57/><E57/><V24/><F69/><W9/><G9/><T3/><D3/><U37/><E37/><V47/><F0/><W63/><AGARI ba="2,1" hai="8,14,16,58,63,66,76,77,109,110,111" m="15915" machi="63" ten="40,2700,0" yaku="14,1,54,1" doraHai="2" who="3" fromWho="3" sc="250,-9,236,-9,371,-15,133,43" /><INIT seed="3,0,0,4,0,114" ten="241,227,356,176" oya="3" hai0="32,73,101,51,19,17,28,7,26,133,129,20,135" hai1="100,25,46,9,131,6,13,69,74,113,3,76,118" hai2="123,83,49,103,122,48,71,127,78,98,18,43,35" hai3="33,70,58,97,53,55,96,87,22,105,34,4,119"/><W38/><G38/><T126/><D73/><U16/><E113/><V108/><F71/><W77/><G70/><T75/><D75/><U112/><E112/><V79/><F35/><W132/><G132/><N who="0" m="50763" /><D101/><U41/><E69/><V27/><F108/><W61/><G4/><T81/><D81/><U120/><E120/><V23/><F127/><W88/><G77/><T30/><D51/><U8/><E131/><V1/><F1/><W89/><G105/><T37/><D37/><U56/><E100/><V92/><F43/><W65/><G119/><T104/><D104/><U117/><E25/><V11/><F79/><W99/><G22/><N who="0" m="13647" /><D129/><U45/><E56/><V130/><F130/><W72/><G72/><T63/><D63/><U85/><E85/><V21/><F123/><W5/><G5/><T42/><D42/><U47/><REACH who="1" step="1"/><E41/><REACH who="1" ten="241,217,356,176" step="2"/><V134/><F122/><W91/><REACH who="3" step="1"/><G87/><REACH who="3" ten="241,217,356,166" step="2"/><T15/><D126/><U128/><E128/><V10/><F134/><W44/><G44/><T125/><D125/><U94/><E94/><V86/><F92/><W29/><G29/><T68/><D68/><U109/><E109/><V90/><F86/><W121/><G121/><T59/><D59/><U111/><E111/><V95/><F95/><W2/><G2/><T52/><D32/><AGARI ba="0,2" hai="32,33,34,53,55,58,61,65,88,89,91,96,97,99" machi="32" ten="50,12000,1" yaku="1,1,54,1,53,2" doraHai="114" doraHaiUra="50" who="3" fromWho="0" sc="241,-120,217,0,356,0,166,140" /><INIT seed="3,1,0,0,5,25" ten="121,217,356,306" oya="3" hai0="0,28,66,128,78,130,116,92,75,45,98,104,131" hai1="89,80,34,79,100,15,20,122,16,12,9,106,58" hai2="113,87,4,103,8,41,40,49,90,37,93,85,33" hai3="135,97,133,64,124,114,76,110,65,123,84,82,46"/><W11/><G114/><T61/><D0/><U50/><E122/><V95/><F37/><W109/><G123/><T13/><D116/><U35/><E89/><V42/><F33/><W59/><G124/><T118/><D118/><U21/><E106/><V72/><F72/><W5/><G46/><T27/><D104/><U30/><E100/><V3/><F113/><W10/><G97/><T47/><D13/><U125/><E125/><V52/><F103/><W83/><G59/><T69/><D78/><U73/><E20/><V132/><F132/><N who="3" m="50763" /><G83/><T36/><D75/><U129/><E129/><V112/><F112/><W117/><G117/><T86/><D86/><U6/><E30/><V51/><F51/><W48/><G48/><T99/><D36/><U127/><REACH who="1" step="1"/><E127/><REACH who="1" ten="121,207,356,306" step="2"/><V120/><F120/><W38/><G38/><T94/><D99/><U62/><E62/><V88/><REACH who="2" step="1"/><F40/><REACH who="2" ten="121,207,346,306" step="2"/><W60/><G60/><T17/><D131/><U56/><E56/><AGARI ba="1,2" hai="3,4,8,41,42,49,52,56,85,87,88,90,93,95" machi="56" ten="30,12000,2" yaku="1,1,2,1,7,1,9,1,54,2,53,0" doraHai="25" doraHaiUra="108" who="2" fromWho="1" sc="121,0,207,-123,346,143,306,0" /><INIT seed="4,0,0,5,0,65" ten="121,84,489,306" oya="0" hai0="135,81,99,114,7,134,127,48,121,15,85,71,27" hai1="100,11,92,59,49,103,31,51,96,66,133,23,12" hai2="5,105,112,22,123,70,40,63,120,39,30,52,29" hai3="50,26,86,69,122,78,46,130,19,24,4,74,98"/><T128/><D121/><U33/><E33/><V21/><F105/><W76/><G74/><T57/><D114/><U62/><E133/><N who="0" m="50697" /><D128/><U9/><E103/><V45/><F5/><W18/><G4/><T102/><D127/><U73/><E73/><V58/><F112/><W28/><G26/><T3/><D27/><N who="1" m="16895" /><E11/><V67/><F30/><W107/><G130/><T64/><D3/><U55/><E55/><V84/><F84/><W95/><G107/><N who="0" m="63967" /><D48/><U108/><E108/><V47/><F29/><W126/><G28/><T118/><D57/><U8/><E8/><V72/><F72/><W94/><G50/><T132/><N who="0" m="50705" /><T68/><DORA hai="25" /><D64/><U13/><E13/><V125/><F125/><W124/><G122/><T89/><D118/><U34/><E34/><V14/><F123/><W97/><G126/><T131/><D131/><U42/><E42/><V37/><F120/><W60/><G124/><T119/><D119/><U44/><E44/><V43/><F14/><W79/><G46/><T53/><D53/><U56/><E56/><V129/><F129/><W75/><G24/><T80/><D80/><U93/><E93/><V111/><F111/><W54/><G95/><T6/><D15/><U36/><E36/><V109/><F109/><W82/><G94/><T116/><D116/><U32/><E32/><V115/><F115/><W38/><G38/><T90/><D90/><U87/><E12/><V20/><F20/><W91/><G54/><T83/><D83/><U2/><E2/><V110/><F110/><W17/><G75/><T77/><D89/><N who="1" m="53311" /><E9/><V88/><F88/><RYUUKYOKU ba="0,0" sc="121,0,84,0,489,0,306,0" hai0="6,7,68,71,77,81,85" hai1="49,51,59,62,66,96,100" hai2="21,22,37,39,40,43,45,47,52,58,63,67,70" hai3="17,18,19,60,69,76,78,79,82,86,91,97,98" /><INIT seed="4,1,0,4,1,103" ten="121,84,489,306" oya="0" hai0="53,7,14,2,86,38,102,29,15,135,92,113,50" hai1="123,3,19,120,9,78,69,59,36,77,45,60,134" hai2="35,31,104,58,17,68,56,5,1,114,111,54,34" hai3="0,71,4,13,6,130,11,42,122,116,16,126,124"/><T26/><D113/><U24/><E69/><V118/><F111/><W48/><G71/><T66/><D38/><U127/><E123/><V129/><F68/><W23/><G122/><T98/><D135/><U67/><E120/><V25/><F118/><W131/><G116/><T65/><D2/><U64/><E64/><V30/><F54/><W70/><G70/><T121/><D121/><U128/><E134/><V43/><F43/><W75/><G75/><T88/><D65/><U95/><E128/><N who="3" m="49194" /><G48/><T107/><D7/><U8/><E127/><N who="3" m="48682" /><G42/><T117/><D66/><U20/><E3/><V91/><F58/><W85/><G85/><T94/><D94/><U80/><E36/><V93/><F56/><W63/><G63/><T62/><D62/><U49/><E95/><V32/><F93/><W119/><G119/><T10/><D10/><N who="1" m="4203" /><E80/><V22/><F129/><W18/><G0/><T132/><D132/><U99/><E99/><V21/><F1/><W83/><G83/><T57/><REACH who="0" step="1"/><D117/><REACH who="0" ten="111,84,489,306" step="2"/><U96/><E96/><V73/><F5/><W33/><G33/><AGARI ba="1,1" hai="14,15,26,29,33,50,53,57,86,88,92,98,102,107" machi="33" ten="30,12000,1" yaku="1,1,2,1,7,1,52,1,54,1,53,0" doraHai="103" doraHaiUra="76" who="0" fromWho="3" sc="111,133,84,0,489,0,306,-123" /><INIT seed="4,2,0,1,5,3" ten="244,84,489,183" oya="0" hai0="68,47,57,92,10,126,27,4,123,77,73,66,85" hai1="80,18,117,39,7,76,8,104,44,72,0,41,24" hai2="74,53,48,78,131,108,52,124,125,82,6,95,20" hai3="109,113,22,91,79,28,114,16,61,93,107,55,2"/><T94/><D123/><U50/><E104/><V17/><F108/><W54/><G107/><T26/><D68/><U101/><E101/><V30/><F30/><W84/><G2/><T21/><D126/><N who="2" m="48746" /><F131/><W37/><G37/><T116/><D116/><U40/><E40/><V46/><F95/><W105/><G105/><T43/><D73/><U12/><E117/><V110/><F110/><W1/><G1/><T83/><D57/><U132/><E24/><N who="2" m="14351" /><F6/><W56/><G109/><T97/><D66/><U89/><E89/><V118/><F118/><W129/><G129/><T106/><D106/><U25/><E25/><V11/><F11/><W130/><G130/><T62/><D62/><U122/><E122/><V32/><F32/><W133/><G133/><T100/><D92/><U58/><E132/><V135/><F135/><W49/><G79/><T88/><D21/><U115/><E115/><V87/><F53/><W42/><G28/><T71/><D71/><U67/><E67/><V69/><F69/><W102/><G42/><T33/><D33/><U96/><E96/><V86/><AGARI ba="2,0" hai="46,48,52,74,78,82,86,87" m="14351,48746" machi="86" ten="30,2000,0" yaku="18,1,54,1" doraHai="3" who="2" fromWho="2" sc="244,-12,84,-7,489,26,183,-7" /><INIT seed="5,0,0,5,3,72" ten="232,77,515,176" oya="1" hai0="121,32,51,134,75,127,92,83,46,109,13,14,19" hai1="21,39,119,10,9,76,82,85,69,110,77,87,117" hai2="25,122,133,97,8,103,54,31,102,0,57,42,33" hai3="59,106,89,7,78,93,62,63,3,86,88,67,41"/><U28/><E39/><V107/><F122/><W58/><G106/><T48/><D109/><U95/><E69/><V60/><F133/><W61/><G41/><T65/><D32/><U84/><E110/><V6/><F103/><W101/><G101/><T30/><D30/><U40/><E40/><V12/><REACH who="2" step="1"/><F42/><REACH who="2" ten="232,77,505,176" step="2"/><W36/><G89/><T98/><D134/><U124/><E124/><V70/><F70/><W11/><G88/><T38/><D127/><U43/><E43/><V37/><F37/><W104/><G36/><T129/><D121/><U80/><E117/><V73/><F73/><W81/><G104/><T29/><D75/><U45/><E119/><V49/><F49/><W35/><G63/><T126/><D51/><U130/><E130/><V100/><F100/><W71/><G62/><T34/><D48/><U47/><E95/><V5/><F5/><W90/><G35/><T135/><D34/><U24/><REACH who="1" step="1"/><E87/><AGARI ba="0,1" hai="3,7,11,58,59,61,67,71,78,81,86,87,90,93" machi="87" ten="30,2000,0" yaku="7,1,52,1" doraHai="72" who="3" fromWho="1" sc="232,0,77,-20,505,0,176,30" /><INIT seed="6,0,0,4,4,86" ten="232,57,505,206" oya="2" hai0="45,23,44,117,85,1,77,100,78,127,82,110,109" hai1="135,36,69,8,96,67,90,87,72,29,114,48,11" hai2="37,103,113,128,75,70,126,83,95,2,71,3,30" hai3="115,61,60,52,20,88,92,57,66,91,116,73,111"/><V104/><F95/><W74/><G111/><T46/><D1/><U32/><E36/><V40/><F103/><W94/><G116/><T15/><D117/><U26/><E72/><V134/><F83/><W122/><G122/><T35/><D35/><U13/><E135/><V18/><F40/><W25/><G115/><T38/><D38/><U120/><E114/><V16/><F30/><W17/><G92/><T76/><D100/><U49/><E120/><V98/><F98/><N who="3" m="57671" /><G91/><T132/><D132/><U54/><E96/><V58/><F104/><W14/><G14/><T41/><D41/><U123/><E123/><V59/><F75/><W4/><G4/><T21/><D109/><U105/><E105/><V101/><F101/><W27/><G27/><T5/><D110/><U68/><E69/><AGARI ba="0,0" hai="17,20,25,52,57,60,61,66,69,73,74" m="57671" machi="69" ten="30,7700,0" yaku="25,1,52,1,54,2" doraHai="86" who="3" fromWho="1" sc="232,0,57,-77,505,0,206,77" owari="232,-17.0,-20,-52.0,505,61.0,283,8.0" /></mjloggm>