<mjloggm ver="2.3"><GO type="225" lobby="0"/><UN n0="%50%65%74%65%72%50%61%6E" n1="%E9%B3%B3%E6%9D%B1%E3%81%AE%E3%81%86%E3%81%95%E3%81%8E%E3%81%95%E3%82%93" n2="%E3%81%9F%E3%81%8F%E3%81%A8" n3="%E3%82%B7%E3%83%B3%E3%83%95%E3%82%A9%E3%83%8B%E3%82%A2" dan="16,17,16,17" rate="2091.28,2189.13,2151.76,2135.21" sx="M,M,F,M"/><TAIKYOKU oya="0"/><INIT seed="0,0,0,1,5,64" ten="250,250,250,250" oya="0" hai0="95,100,77,93,129,102,39,31,75,51,62,34,103" hai1="30,47,108,105,33,46,44,92,57,35,7,99,101" hai2="56,123,2,12,122,9,50,66,116,49,131,91,65" hai3="40,14,11,80,107,43,25,20,130,1,42,26,84"/><T41/><D39/><U59/><E108/><V63/><F131/><W114/><G114/><T87/><D75/><U79/><E7/><V135/><F135/><W133/><G107/><T55/><D129/><U24/><E79/><V112/><F112/><W70/><G133/><T124/><D124/><U125/><E125/><V97/><F2/><W6/><G70/><T120/><D120/><U115/><E115/><V3/><F3/><W126/><G130/><T89/><D77/><U53/><E35/><V45/><F66/><W4/><G126/><T10/><D10/><U106/><REACH who="1" step="1"/><E59/><REACH who="1" ten="250,240,250,250" step="2"/><V94/><F56/><W15/><G1/><T13/><D34/><U22/><E22/><V54/><F122/><W119/><G119/><T90/><D31/><U27/><E27/><V86/><F123/><W29/><G25/><T8/><D8/><U68/><E68/><V48/><F116/><W109/><G109/><T72/><D72/><U96/><E96/><V60/><F97/><W0/><REACH who="3" step="1"/><G4/><REACH who="3" ten="250,240,250,240" step="2"/><T88/><D13/><U128/><E128/><V23/><F12/><W17/><G17/><T110/><D110/><U82/><E82/><V83/><F83/><W28/><G28/><T113/><D113/><U78/><E78/><AGARI ba="0,2" hai="0,6,11,14,15,20,26,29,40,42,43,78,80,84" machi="78" ten="40,2600,0" yaku="1,1,53,1" doraHai="64" doraHaiUra="73" who="3" fromWho="1" sc="250,0,240,-26,250,0,240,46" /><INIT seed="1,0,0,4,0,52" ten="250,214,250,286" oya="1" hai0="14,62,26,10,108,44,106,109,115,40,30,27,88" hai1="64,46,125,9,3,120,74,67,123,82,33,19,124" hai2="54,81,89,42,90,17,43,112,126,25,93,65,12" hai3="58,48,87,5,127,31,35,68,63,53,20,66,92"/><U91/><E33/><V29/><F126/><N who="1" m="48745" /><E46/><V59/><F65/><N who="1" m="25161" /><E19/><V70/><F70/><W80/><G127/><T39/><D115/><U0/><E9/><V7/><F7/><W103/><G35/><T45/><D106/><U110/><E110/><N who="0" m="42601" /><D45/><U38/><E38/><V55/><F81/><W6/><G92/><T130/><D130/><U23/><E23/><N who="2" m="15551" /><F55/><W2/><G103/><T114/><D114/><U96/><E96/><N who="2" m="57391" /><F90/><W50/><G50/><T24/><D62/><U16/><E16/><V37/><F37/><W36/><G36/><T22/><D88/><U34/><E34/><V102/><F112/><W69/><G69/><T95/><D95/><U105/><E105/><V122/><F122/><N who="1" m="46633" /><E91/><V134/><F102/><W99/><G99/><T73/><D73/><U76/><AGARI ba="0,0" hai="0,3,74,76,82" m="46633,25161,48745" machi="76" ten="40,2100,0" yaku="18,1" doraHai="52" who="1" fromWho="1" sc="250,-7,214,21,250,-7,286,-7" /><INIT seed="1,1,0,1,1,81" ten="243,235,243,279" oya="1" hai0="52,20,62,61,95,43,21,67,97,87,88,4,8" hai1="85,100,41,11,133,78,113,90,19,56,15,53,50" hai2="117,73,7,63,28,49,102,127,84,23,86,89,57" hai3="5,17,39,26,116,120,3,64,14,131,10,34,96"/><U60/><E133/><V109/><F117/><W126/><G39/><T119/><D119/><U134/><E134/><V123/><F123/><W128/><G116/><T40/><D20/><U71/><E113/><V94/><F73/><W110/><G64/><T36/><D21/><U25/><E100/><V118/><F118/><W91/><G96/><T107/><D36/><U106/><E106/><V9/><F102/><W59/><G59/><N who="0" m="37343" /><D107/><U75/><E75/><V125/><F49/><W74/><G74/><T115/><D115/><U1/><E1/><V32/><F32/><W42/><G42/><T33/><D33/><U44/><E71/><V22/><F109/><W66/><G66/><T135/><D135/><U48/><E25/><V37/><F37/><W31/><G120/><T58/><D97/><U130/><E130/><V77/><F23/><W47/><G110/><T101/><D101/><U76/><REACH who="1" step="1"/><E60/><REACH who="1" ten="243,225,243,279" step="2"/><V70/><F70/><W16/><G128/><T55/><D55/><U80/><AGARI ba="1,1" hai="11,15,19,41,44,48,50,53,56,76,78,80,85,90" machi="80" ten="20,18000,2" yaku="1,1,2,1,0,1,7,1,8,1,52,1,53,0" doraHai="81" doraHaiUra="30" who="1" fromWho="1" sc="243,-61,225,193,243,-61,279,-61" /><INIT seed="1,2,0,5,4,65" ten="182,418,182,218" oya="1" hai0="109,32,12,44,51,89,122,94,123,9,21,30,40" hai1="80,96,103,86,57,8,7,78,127,54,61,114,74" hai2="87,17,124,13,133,1,16,63,79,85,121,119,126" hai3="27,58,46,82,130,100,111,43,49,97,35,22,55"/><U10/><E127/><N who="2" m="48683" /><F119/><W42/><G111/><T14/><D32/><U93/><E114/><V19/><F121/><N who="0" m="46090" /><D109/><U25/><E25/><V108/><F108/><W66/><G130/><T91/><D91/><U67/><E74/><V118/><F118/><W117/><G35/><T56/><D56/><U69/><REACH who="1" step="1"/><E7/><REACH who="1" ten="182,408,182,218" step="2"/><V92/><F133/><W36/><G27/><N who="0" m="16751" /><D9/><U128/><E128/><V105/><F105/><W110/><G110/><T90/><D90/><U120/><E120/><V20/><F1/><W70/><G117/><T52/><D40/><U45/><E45/><V106/><F106/><W71/><G42/><T68/><D68/><U24/><E24/><V5/><F5/><W15/><G70/><T112/><D112/><U23/><E23/><V29/><F20/><W134/><G22/><T2/><D2/><U115/><E115/><V113/><F113/><W72/><G43/><T4/><D4/><U38/><E38/><V6/><F6/><W59/><G36/><T53/><D53/><U37/><E37/><V18/><F13/><W75/><G15/><T104/><D104/><U0/><E0/><V47/><F47/><W77/><G46/><T26/><D26/><U88/><E88/><V116/><F116/><W73/><G71/><T41/><D41/><U11/><E11/><V83/><F29/><W34/><G34/><T107/><D107/><U101/><E101/><V135/><F135/><W98/><G134/><T31/><D31/><U62/><AGARI ba="2,1" hai="8,10,54,57,61,62,67,69,78,80,86,93,96,103" machi="62" ten="20,7800,0" yaku="1,1,0,1,7,1,52,1,53,0" doraHai="65" doraHaiUra="132" who="1" fromWho="1" sc="182,-28,408,94,182,-28,218,-28" /><INIT seed="1,3,0,3,5,124" ten="154,502,154,190" oya="1" hai0="89,54,75,125,72,16,90,27,121,61,94,76,70" hai1="8,101,28,133,132,43,122,63,126,20,112,93,127" hai2="3,17,134,123,68,58,118,135,50,35,102,99,18" hai3="69,53,80,46,1,39,40,113,11,88,0,55,65"/><U13/><E43/><V81/><F118/><W66/><G113/><T111/><D111/><U41/><E41/><V100/><F123/><W33/><G33/><T22/><D125/><N who="1" m="47627" /><E63/><V31/><F68/><W120/><G120/><T92/><D121/><U131/><E101/><V34/><F3/><W116/><G116/><T26/><D26/><N who="1" m="16455" /><E93/><V14/><F81/><W25/><G55/><T59/><D70/><U110/><E122/><V104/><F102/><W37/><G53/><T98/><REACH who="0" step="1"/><D76/><REACH who="0" ten="144,502,154,190" step="2"/><U29/><E110/><V5/><F134/><N who="1" m="51817" /><E112/><V105/><F135/><W128/><G69/><T129/><D129/><U23/><E29/><V6/><F31/><W86/><G39/><T106/><D106/><U130/><E23/><V96/><F105/><W77/><G77/><T79/><D79/><U10/><E10/><V107/><F104/><W83/><G11/><T91/><D91/><U117/><E117/><V24/><F107/><W64/><G88/><T4/><D4/><AGARI ba="3,1" hai="4,8,13,130,131" m="51817,16455,47627" machi="4" ten="30,24000,3" yaku="30,2,18,1,20,1,34,2,52,2" doraHai="124" who="1" fromWho="0" sc="144,-249,502,259,154,0,190,0" owari="-105,-61.0,761,87.0,154,-25.0,190,-1.0" /></mjloggm>