<mjloggm ver="2.3"><GO type="185" lobby="0"/><UN n0="%E2%99%AA%E5%A4%A2%E5%85%88%E6%A1%88%E5%86%85%E4%BA%BA" n1="%E5%B8%AB%E5%8C%A0%2F%E9%9B%80%E9%AC%BC" n2="%50%42%33%2D%50" n3="" dan="16,16,17,0" rate="2185.14,2198.62,2262.10,1500.00" sx="F,M,M,C"/><TAIKYOKU oya="0"/><INIT seed="0,0,0,0,0,119" ten="350,350,350,0" oya="0" hai0="3,80,106,81,58,114,130,43,112,44,100,67,49" hai1="105,47,70,66,131,41,102,95,50,55,123,132,64" hai2="126,0,83,121,69,97,46,59,124,111,109,76,42" hai3=""/><T54/><D3/><U65/><N who="1" m="31520" /><U82/><E132/><V93/><N who="2" m="31008" /><V78/><F69/><T125/><D125/><N who="2" m="48234" /><F59/><T101/><D130/><U104/><E131/><V53/><F53/><T86/><D67/><U103/><E70/><V63/><F63/><T52/><D54/><U107/><E82/><V45/><F78/><T60/><D80/><U35/><E35/><V113/><F113/><T129/><D129/><U92/><REACH who="1" step="1"/><E55/><REACH who="1" ten="350,340,350,0" step="2"/><V34/><F34/><T1/><D114/><U36/><E36/><V72/><F0/><T122/><D112/><U117/><E117/><V84/><F72/><T91/><N who="0" m="31264" /><T120/><N who="0" m="30752" /><T61/><D1/><U39/><E39/><V75/><F75/><T90/><D61/><U56/><E56/><V85/><F46/><T98/><REACH who="0" step="1"/><D101/><AGARI ba="0,1" hai="41,47,50,64,65,66,92,95,101,102,103,104,105,107" m="31520" machi="101" ten="50,6400,0" yaku="1,1,52,2,53,0" doraHai="119" doraHaiUra="110" who="1" fromWho="0" sc="350,-64,340,74,350,0,0,0" /><INIT seed="1,0,0,2,2,37" ten="286,414,350,0" oya="1" hai0="86,2,80,47,57,41,33,73,94,1,64,90,92" hai1="96,60,103,84,78,49,85,111,93,56,101,110,130" hai2="35,117,43,65,42,76,126,50,39,79,116,120,127" hai3=""/><U34/><E34/><V106/><N who="2" m="30752" /><V134/><F106/><T62/><D33/><U99/><E130/><V109/><F35/><T118/><D118/><N who="2" m="45674" /><F39/><T54/><D64/><U88/><E49/><V112/><F112/><T95/><REACH who="0" step="1"/><D73/><REACH who="0" ten="276,414,350,0" step="2"/><U125/><E125/><N who="2" m="47627" /><F65/><T119/><D119/><U89/><E78/><N who="2" m="29739" /><F134/><T66/><D66/><U44/><E44/><V122/><N who="2" m="31264" /><V91/><F109/><N who="1" m="41481" /><E60/><V82/><F50/><AGARI ba="0,1" hai="1,2,41,47,50,54,57,62,80,86,90,92,94,95" machi="50" ten="40,5200,0" yaku="1,1,52,1,53,1" doraHai="37" doraHaiUra="38" who="0" fromWho="2" sc="276,62,414,0,350,-52,0,0" /><INIT seed="2,0,0,3,5,109" ten="338,414,298,0" oya="2" hai0="90,62,67,68,80,66,70,113,79,103,99,105,88" hai1="3,75,53,73,54,81,65,0,127,93,132,89,41" hai2="34,82,48,85,130,106,120,74,119,39,102,51,47" hai3=""/><V78/><N who="2" m="30752" /><V107/><F34/><T126/><D126/><U98/><E127/><V101/><F119/><T86/><REACH who="0" step="1"/><D113/><REACH who="0" ten="328,414,298,0" step="2"/><U135/><E0/><V111/><F111/><T50/><D50/><U55/><E3/><V76/><F130/><T108/><D108/><U43/><E65/><V2/><F2/><T91/><D91/><U38/><E38/><V83/><F39/><T125/><D125/><U33/><E33/><V97/><REACH who="2" step="1"/><F47/><REACH who="2" ten="328,414,288,0" step="2"/><T115/><D115/><U114/><E114/><V100/><F100/><T123/><N who="0" m="31520" /><T35/><D35/><U96/><E135/><V87/><F87/><T37/><D37/><U60/><E132/><V32/><F32/><T122/><N who="0" m="31264" /><T124/><D124/><U63/><E98/><AGARI ba="0,2" hai="48,51,74,76,78,82,83,85,97,98,101,102,106,107" m="30752" machi="98" ten="40,12000,1" yaku="1,1,9,1,52,1,53,2" doraHai="109" doraHaiUra="94" who="2" fromWho="1" sc="328,0,414,-120,288,140,0,0" /><INIT seed="2,1,0,3,0,51" ten="328,294,428,0" oya="2" hai0="48,95,113,125,133,70,60,122,131,130,112,62,119" hai1="72,88,74,93,61,55,43,103,132,76,101,102,36" hai2="134,97,47,83,75,81,129,32,91,123,117,52,58" hai3=""/><V39/><N who="2" m="31520" /><V89/><F32/><T3/><N who="0" m="31264" /><T37/><D119/><U121/><N who="1" m="31008" /><U57/><E132/><V80/><F117/><T87/><D3/><U73/><E76/><V69/><F69/><T59/><D37/><U65/><E36/><V68/><F68/><T77/><D133/><U33/><E43/><V42/><F129/><N who="0" m="49162" /><D125/><U67/><REACH who="1" step="1"/><E33/><REACH who="1" ten="328,284,428,0" step="2"/><V111/><F134/><T49/><D113/><U0/><E0/><V85/><F75/><T56/><D112/><U90/><E90/><V86/><F111/><T92/><D77/><U116/><E116/><V53/><BYE who="1" /><F97/><T40/><D70/><U118/><E118/><V41/><F41/><T50/><D40/><U94/><E94/><N who="0" m="35881" /><D87/><U110/><E110/><V104/><F104/><T96/><D96/><U109/><E109/><V84/><REACH who="2" step="1"/><F58/><AGARI ba="1,1" hai="48,49,50,56,58,59,60,62" m="35881,49162,31264" machi="58" ten="40,8000,1" yaku="28,2,19,1,52,1" doraHai="51" who="0" fromWho="2" sc="328,92,284,0,428,-82,0,0" /><UN n1="%E5%B8%AB%E5%8C%A0%2F%E9%9B%80%E9%AC%BC" /><INIT seed="4,0,0,5,3,132" ten="420,284,346,0" oya="0" hai0="104,63,95,103,72,64,61,38,133,121,79,99,40" hai1="83,96,3,135,70,59,46,74,107,92,106,126,37" hai2="67,117,56,36,89,101,69,51,91,85,41,130,97" hai3=""/><T122/><N who="0" m="31008" /><T77/><N who="0" m="31264" /><T105/><D133/><U58/><E3/><V98/><F117/><T2/><D2/><U42/><E135/><V123/><N who="2" m="31520" /><V131/><F69/><T118/><D118/><U35/><E35/><V57/><F36/><T115/><D115/><U111/><E70/><V32/><F32/><T62/><D64/><U65/><E111/><V116/><F116/><T88/><D72/><U44/><E44/><V108/><F67/><T120/><N who="0" m="30752" /><T124/><D124/><U125/><E74/><V34/><F34/><T102/><D40/><U129/><E83/><V60/><F41/><T75/><D38/><U1/><E1/><V84/><F101/><T128/><D128/><U49/><E129/><V54/><F54/><T48/><D48/><U119/><E119/><V33/><F33/><T94/><D75/><U76/><E76/><V52/><F52/><T71/><D71/><U43/><E43/><V82/><F51/><T127/><D127/><N who="1" m="48651" /><E37/><V68/><F68/><T87/><D77/><U134/><E134/><V86/><F131/><T0/><D0/><U73/><E73/><V53/><F130/><T81/><D79/><U80/><E80/><V112/><F82/><T90/><D81/><RYUUKYOKU ba="0,0" sc="420,20,284,-10,346,-10,0,0" hai0="61,62,63,87,88,90,94,95,99,102,103,104,105" /><INIT seed="4,1,0,1,2,58" ten="440,274,336,0" oya="0" hai0="105,65,114,88,1,93,3,39,111,56,121,71,52" hai1="91,40,55,37,104,49,96,67,98,82,73,38,126" hai2="76,84,78,80,46,50,122,47,34,63,133,109,43" hai3=""/><T35/><N who="0" m="31008" /><T110/><D35/><U54/><E126/><V124/><N who="2" m="31264" /><V89/><F34/><T119/><D119/><U42/><E67/><V127/><F109/><N who="0" m="41482" /><D114/><U36/><E104/><V92/><F78/><T116/><D116/><U81/><E73/><V108/><F108/><T118/><D105/><U87/><E49/><V69/><F47/><T33/><D39/><U135/><E135/><V66/><REACH who="2" step="1"/><F133/><REACH who="2" ten="440,274,326,0" step="2"/><T132/><D132/><U41/><REACH who="1" step="1"/><E82/><REACH who="1" ten="440,264,326,0" step="2"/><V117/><F117/><T70/><D118/><U53/><AGARI ba="1,2" hai="36,37,38,40,41,42,53,54,55,81,87,91,96,98" machi="53" ten="40,6000,1" yaku="1,1,2,1,0,1,29,2,53,0" doraHai="58" doraHaiUra="107" who="1" fromWho="1" sc="440,-41,264,82,326,-21,0,0" /><INIT seed="5,0,0,0,0,120" ten="399,346,305,0" oya="1" hai0="33,55,125,35,106,75,104,56,81,100,114,45,0" hai1="76,50,93,57,133,119,131,67,94,128,135,91,36" hai2="82,62,34,42,111,74,51,65,101,121,107,41,134" hai3=""/><U85/><E36/><V102/><N who="2" m="31008" /><V97/><F34/><T54/><D0/><U117/><E76/><V60/><F134/><N who="1" m="51209" /><E50/><V89/><F111/><T108/><D108/><U83/><E57/><V98/><F51/><T53/><D56/><U123/><N who="1" m="31520" /><U52/><E52/><V95/><F60/><T112/><D45/><U113/><E67/><V87/><REACH who="2" step="1"/><F74/><REACH who="2" ten="399,346,295,0" step="2"/><T46/><D75/><U38/><E38/><V88/><F88/><T103/><D33/><U126/><E126/><V39/><F39/><T80/><D35/><U66/><E113/><V86/><F86/><T84/><D125/><U115/><E115/><V96/><F96/><T105/><D84/><U71/><E117/><V43/><F43/><T61/><D61/><U99/><E119/><V124/><F124/><T68/><D114/><U78/><E94/><V69/><AGARI ba="0,1" hai="41,42,62,65,69,82,87,89,95,97,98,101,102,107" m="31008" machi="69" ten="20,3900,0" yaku="1,1,0,1,7,1,52,1,53,0" doraHai="120" doraHaiUra="32" who="2" fromWho="2" sc="399,-13,346,-26,295,49,0,0" /><INIT seed="6,0,0,2,4,95" ten="386,320,344,0" oya="2" hai0="49,134,55,51,61,126,47,60,72,62,107,39,59" hai1="81,89,41,101,58,91,66,43,86,135,90,94,129" hai2="87,80,56,84,34,68,115,53,102,106,64,32,3" hai3=""/><V123/><N who="2" m="31520" /><V108/><F3/><T124/><D134/><U74/><E135/><V0/><F0/><T83/><D107/><U52/><E129/><V113/><F84/><T130/><D39/><U40/><E66/><V98/><F108/><T78/><REACH who="0" step="1"/><D130/><REACH who="0" ten="376,320,344,0" step="2"/><U44/><E44/><V117/><F32/><T45/><D45/><U50/><E74/><V121/><N who="2" m="31008" /><V82/><F34/><T67/><D67/><U75/><E75/><V133/><F133/><T79/><D79/><U100/><REACH who="1" step="1"/><E94/><REACH who="1" ten="376,310,344,0" step="2"/><V111/><F64/><T97/><D97/><U57/><E57/><V132/><F56/><T109/><D109/><U33/><E33/><V46/><F111/><T35/><D35/><U2/><E2/><V73/><F46/><T63/><N who="0" m="15360" /><DORA hai="122" /><T42/><AGARI ba="0,2" hai="42,47,49,51,55,59,72,78,83,124,126" m="15360" machi="42" ten="40,6000,1" yaku="1,1,4,1,0,1,53,1" doraHai="95,122" doraHaiUra="96,36" who="0" fromWho="0" sc="376,80,310,-20,344,-40,0,0" owari="456,41.0,290,-31.0,304,-10.0,0,0.0" /></mjloggm>