<mjloggm ver="2.3"><GO type="185" lobby="0"/><UN n0="%E3%82%8C%E3%81%99%E3%81%93" n1="%6B%2D%70%6F%69%6E%74" n2="%E5%A4%A7%E5%92%8C%E6%A1%9C" n3="" dan="16,17,17,0" rate="2230.22,2271.78,2326.14,1500.00" sx="F,M,F,C"/><TAIKYOKU oya="0"/><INIT seed="0,0,0,2,3,38" ten="350,350,350,0" oya="0" hai0="105,74,80,58,89,65,126,72,90,63,92,77,79" hai1="37,64,133,121,129,99,127,48,59,33,45,128,132" hai2="109,135,88,49,96,120,52,42,78,82,40,100,75" hai3=""/><T94/><D126/><U102/><N who="1" m="31008" /><U106/><E33/><V41/><N who="2" m="30752" /><V95/><F109/><T117/><D117/><U71/><E71/><V107/><F135/><N who="1" m="51785" /><E37/><V85/><REACH who="2" step="1"/><F41/><REACH who="2" ten="350,350,340,0" step="2"/><T114/><D114/><U3/><E127/><V122/><N who="2" m="31264" /><V54/><F54/><T73/><D105/><U70/><E106/><V98/><F98/><T47/><D47/><AGARI ba="0,1" hai="40,42,47,49,52,75,78,82,85,88,95,96,100,107" m="31264,30752" machi="47" ten="30,16000,3" yaku="1,1,7,1,24,2,52,4,54,2,53,0" doraHai="38" doraHaiUra="115" who="2" fromWho="0" sc="350,-160,350,0,340,170,0,0" /><INIT seed="1,0,0,0,2,1" ten="190,350,510,0" oya="1" hai0="123,108,63,119,110,116,115,64,67,81,66,35,107" hai1="73,47,127,106,113,91,41,100,2,54,49,78,3" hai2="76,70,61,74,57,50,101,42,95,69,87,131,133" hai3=""/><U79/><E113/><V56/><F133/><T94/><N who="0" m="31520" /><T0/><D107/><U120/><N who="1" m="30752" /><U118/><E118/><N who="0" m="45097" /><D0/><U96/><E127/><V71/><F131/><T134/><D134/><U89/><E2/><V34/><F74/><T40/><D115/><U104/><E104/><V103/><F34/><T62/><D35/><U114/><E114/><V52/><F42/><T80/><D94/><U60/><E3/><V44/><F44/><T48/><D81/><U75/><E75/><V33/><F33/><T92/><D92/><U129/><E129/><V124/><F124/><T98/><D98/><U135/><E135/><V122/><N who="2" m="31264" /><V45/><F45/><T43/><D80/><U37/><E73/><V65/><REACH who="2" step="1"/><F76/><REACH who="2" ten="190,350,500,0" step="2"/><T58/><D48/><U59/><REACH who="1" step="1"/><E49/><REACH who="1" ten="190,340,500,0" step="2"/><V86/><F86/><T38/><D38/><U39/><E39/><V117/><F117/><T83/><D63/><U102/><E102/><V128/><F128/><T132/><D132/><U72/><E72/><V53/><F53/><T126/><D126/><U121/><N who="1" m="31008" /><U125/><E125/><V55/><F55/><T93/><D62/><U99/><E99/><V88/><AGARI ba="0,2" hai="50,52,56,57,61,65,69,70,71,87,88,95,101,103" m="31264" machi="88" ten="40,6000,1" yaku="1,1,0,1,52,1,54,2,53,0" doraHai="1" doraHaiUra="36" who="2" fromWho="2" sc="190,-20,340,-40,500,80,0,0" /><INIT seed="2,0,0,3,0,39" ten="170,300,580,0" oya="2" hai0="79,69,75,104,74,103,125,77,3,2,109,76,99" hai1="129,105,119,55,67,92,113,106,66,111,98,128,36" hai2="89,88,83,47,70,116,80,110,122,51,41,87,50" hai3=""/><V84/><N who="2" m="31264" /><V100/><F116/><T60/><D109/><U56/><E111/><V34/><F110/><T82/><D125/><U37/><E113/><V48/><F34/><T130/><D130/><N who="1" m="50283" /><E119/><V134/><F134/><T52/><D79/><U42/><E106/><V94/><F70/><T61/><D61/><U49/><E105/><V112/><F112/><T95/><D95/><U58/><E58/><V126/><F126/><T64/><REACH who="0" step="1"/><D52/><REACH who="0" ten="160,300,580,0" step="2"/><U115/><E115/><V73/><F73/><T59/><D59/><U54/><E54/><V101/><REACH who="2" step="1"/><F94/><REACH who="2" ten="160,300,570,0" step="2"/><T38/><D38/><AGARI ba="0,2" hai="38,41,47,48,50,51,80,83,84,87,88,89,100,101" m="31264" machi="38" ten="40,24000,3" yaku="1,1,2,1,9,1,52,2,54,1,53,2" doraHai="39" doraHaiUra="81" who="2" fromWho="0" sc="160,-240,300,0,570,260,0,0" owari="-80,-68.0,300,-10.0,830,78.0,0,0.0" /></mjloggm>