<mjloggm ver="2.3"><GO type="185" lobby="0"/><UN n0="%E3%82%B5%E3%83%89%E3%82%A5%E3%83%BC" n1="%4F%4D%49%53%4F%2D%53" n2="%E3%82%84%E3%81%B6%E3%81%84%E3%81%97%E3%82%83" n3="" dan="17,17,17,0" rate="2282.91,2256.05,2215.21,1500.00" sx="M,M,M,C"/><TAIKYOKU oya="0"/><INIT seed="0,0,0,2,2,87" ten="350,350,350,0" oya="0" hai0="56,95,121,82,44,66,67,122,54,110,119,42,107" hai1="128,50,94,124,84,126,81,116,51,46,123,37,80" hai2="49,72,58,2,36,63,74,109,47,83,40,43,134" hai3=""/><T98/><N who="0" m="31008" /><T62/><N who="0" m="31264" /><T93/><D119/><U41/><N who="1" m="31520" /><U69/><E69/><V106/><F2/><T64/><D110/><U52/><E116/><V125/><F106/><T48/><REACH who="0" step="1"/><D82/><REACH who="0" ten="340,350,350,0" step="2"/><U117/><E117/><V90/><F109/><T77/><D77/><U61/><E81/><V59/><F83/><T32/><D32/><U108/><E108/><V100/><F72/><T92/><D92/><U86/><E124/><V60/><F74/><T73/><D73/><U130/><E126/><V85/><F125/><T104/><D104/><U131/><E94/><V111/><F111/><T103/><AGARI ba="0,1" hai="42,44,48,54,56,62,64,66,67,93,95,98,103,107" m="31264,31008" machi="103" ten="30,8000,1" yaku="1,1,0,1,52,2,53,1" doraHai="87" doraHaiUra="57" who="0" fromWho="0" sc="340,90,350,-40,350,-40,0,0" /><INIT seed="0,1,0,2,4,92" ten="430,310,310,0" oya="0" hai0="32,135,127,105,34,35,36,88,70,65,112,134,56" hai1="114,117,33,94,115,84,98,72,129,54,41,47,49" hai2="119,76,91,130,57,37,64,96,73,80,38,131,3" hai3=""/><T59/><D112/><U113/><E117/><V51/><F3/><T111/><D127/><U132/><E72/><V122/><N who="2" m="31264" /><V75/><F75/><T74/><D74/><U60/><E33/><V108/><F108/><T81/><D111/><U121/><N who="1" m="31008" /><U100/><E132/><N who="0" m="50729" /><D36/><U99/><E129/><N who="2" m="49163" /><F119/><T43/><D43/><U39/><E60/><V46/><F57/><N who="0" m="22090" /><D105/><U52/><E84/><V120/><N who="2" m="30752" /><V97/><F64/><T0/><D0/><U44/><REACH who="1" step="1"/><E99/><REACH who="1" ten="430,300,310,0" step="2"/><N who="2" m="37963" /><F91/><T79/><D88/><U118/><E118/><V48/><F48/><T90/><D90/><U110/><E110/><V125/><F125/><T42/><D32/><U85/><E85/><V50/><F51/><T103/><D34/><U126/><E126/><V124/><F124/><T133/><D35/><U45/><E45/><V104/><F104/><T87/><D133/><U61/><E61/><V53/><AGARI ba="1,1" hai="37,38,46,50,53,73,76,80" m="37963,30752,49163,31264" machi="53" ten="30,9000,2" yaku="19,1,52,5" doraHai="92" who="2" fromWho="2" sc="430,-61,300,-31,310,102,0,0" /><INIT seed="1,0,0,1,5,38" ten="369,269,412,0" oya="1" hai0="3,126,65,0,106,75,83,97,32,117,50,86,35" hai1="37,81,90,120,49,113,115,69,67,57,79,66,76" hai2="129,110,100,107,46,77,60,64,132,98,87,33,108" hai3=""/><U52/><N who="1" m="30752" /><U43/><E90/><V56/><F33/><T51/><D126/><U96/><E96/><V116/><F116/><T95/><D117/><U127/><E127/><V105/><F129/><T114/><D114/><U101/><E101/><V63/><F132/><T45/><D65/><U55/><E55/><V134/><F134/><T93/><D97/><U94/><E94/><V88/><F77/><T78/><D78/><U82/><E79/><V85/><F46/><T44/><D106/><U104/><E104/><V2/><F2/><T61/><D83/><U84/><E81/><V118/><F118/><T89/><D89/><U111/><E66/><V123/><N who="2" m="31520" /><V99/><F88/><T103/><D103/><U54/><E54/><V128/><F100/><T36/><D3/><U80/><E80/><V59/><F128/><T68/><D0/><U70/><E111/><V42/><F64/><T41/><D32/><U109/><E109/><V48/><F108/><T39/><D35/><U71/><REACH who="1" step="1"/><E67/><REACH who="1" ten="369,259,412,0" step="2"/><V40/><F110/><T47/><D93/><U125/><E125/><V122/><N who="2" m="31264" /><V130/><F130/><T131/><D95/><U58/><E58/><V34/><F34/><T72/><D131/><U124/><E124/><RYUUKYOKU ba="0,1" sc="369,-20,259,10,412,10,0,0" hai1="37,43,49,52,57,69,70,71,76,82,84,113,115" hai2="40,42,48,56,59,60,63,85,87,98,99,105,107" /><INIT seed="1,1,1,2,0,43" ten="349,269,422,0" oya="1" hai0="64,48,57,56,103,37,38,36,53,87,82,86,116" hai1="62,83,110,40,58,120,65,78,76,115,89,50,98" hai2="99,0,91,121,104,44,49,1,47,63,32,52,45" hai3=""/><U2/><N who="1" m="30752" /><U75/><E115/><V134/><N who="2" m="31008" /><V102/><F32/><T109/><D109/><U100/><E2/><V39/><F134/><T88/><D116/><U69/><E110/><V118/><F118/><T105/><D105/><U107/><E78/><V80/><F39/><T94/><D103/><U90/><REACH who="1" step="1"/><E58/><REACH who="1" ten="349,259,422,0" step="2"/><V95/><F0/><T54/><D64/><U133/><E133/><V41/><F1/><T132/><D132/><U70/><E70/><V135/><F135/><T106/><D106/><U66/><E66/><V92/><F104/><T129/><D129/><U74/><E74/><V122/><N who="2" m="31264" /><V117/><F117/><T84/><REACH who="0" step="1"/><D94/><REACH who="0" ten="339,259,422,0" step="2"/><U59/><E59/><V33/><F92/><T3/><D3/><U97/><E97/><V124/><F95/><T112/><D112/><U126/><E126/><V111/><F124/><T123/><N who="0" m="31520" /><T71/><D71/><U119/><E119/><V77/><F111/><T68/><D68/><U35/><E35/><V61/><F33/><T108/><D108/><U113/><E113/><V55/><F99/><T81/><D81/><U85/><E85/><V128/><F80/><T73/><D73/><U101/><E101/><V42/><F102/><T34/><D34/><RYUUKYOKU ba="1,3" sc="339,10,259,10,422,-20,0,0" hai0="36,37,38,48,53,54,56,57,82,84,86,87,88" hai1="40,50,62,65,69,75,76,83,89,90,98,100,107" /><INIT seed="1,2,3,1,0,47" ten="349,269,402,0" oya="1" hai0="75,104,115,94,113,74,117,93,121,54,32,85,3" hai1="61,50,132,128,65,87,109,111,126,82,63,103,125" hai2="33,78,102,96,100,86,45,70,124,56,105,99,81" hai3=""/><U114/><E103/><V60/><F33/><T108/><N who="0" m="31008" /><T51/><D32/><U57/><E114/><V72/><F124/><N who="1" m="47721" /><E87/><V48/><F70/><T79/><D3/><U130/><E82/><V88/><F56/><T37/><D94/><U76/><E76/><V118/><F60/><T39/><D104/><U0/><E0/><V107/><F118/><T134/><D117/><U112/><E112/><V43/><F72/><T46/><D93/><U58/><E132/><V123/><N who="2" m="31520" /><V95/><REACH who="2" step="1"/><F78/><REACH who="2" ten="349,269,392,0" step="2"/><T129/><D79/><U35/><E35/><V55/><F55/><T106/><D75/><U53/><E63/><V69/><F69/><T36/><D74/><U67/><E65/><V91/><F91/><T77/><D77/><U92/><E130/><V110/><F110/><N who="1" m="41993" /><E128/><V73/><F73/><T127/><D129/><U68/><E68/><V84/><F84/><T83/><D127/><U135/><E135/><V89/><F89/><T66/><D108/><U101/><E58/><V120/><N who="2" m="30752" /><V71/><F71/><T62/><D134/><U90/><E90/><V97/><F97/><T38/><D115/><U133/><E133/><V59/><F59/><T116/><N who="0" m="9216" /><DORA hai="34" /><T98/><D113/><U122/><E122/><RYUUKYOKU ba="2,4" sc="349,-10,269,-10,392,20,0,0" hai2="43,45,48,81,86,88,95,96,99,100,102,105,107" /><INIT seed="2,3,4,4,4,107" ten="339,259,412,0" oya="2" hai0="51,126,64,48,45,67,50,89,85,68,130,83,70" hai1="81,42,77,103,114,97,57,88,120,40,104,119,93" hai2="127,105,71,108,38,62,1,116,74,43,54,34,124" hai3=""/><V72/><RYUUKYOKU type="yao9" ba="3,4" sc="339,0,259,0,412,0,0,0" hai2="1,34,38,43,54,62,71,72,74,105,108,116,124,127" /><INIT seed="2,4,4,1,0,129" ten="339,259,412,0" oya="2" hai0="75,116,48,81,77,127,96,111,62,63,67,117,76" hai1="80,86,115,71,72,3,123,70,43,69,42,109,106" hai2="107,44,79,2,134,94,47,110,118,104,112,131,128" hai3=""/><V102/><F2/><T37/><D37/><U66/><N who="1" m="31520" /><U133/><E109/><V38/><F118/><T36/><D36/><U114/><E3/><V119/><F119/><T88/><D111/><U85/><E106/><V64/><F110/><T125/><D48/><U60/><E72/><V103/><F38/><T132/><D75/><U57/><E86/><V108/><F108/><T93/><D67/><U122/><N who="1" m="31264" /><U120/><N who="1" m="30752" /><U101/><E101/><V46/><F64/><T83/><D93/><U32/><E32/><V33/><F33/><T100/><D96/><U45/><E133/><V54/><F134/><T130/><D100/><U41/><REACH who="1" step="1"/><E45/><REACH who="1" ten="339,249,412,0" step="2"/><V65/><F44/><T78/><D132/><U97/><E97/><V59/><F103/><T68/><D116/><U126/><E126/><V121/><F102/><T56/><D117/><U34/><E34/><V89/><F104/><T49/><D127/><U124/><E124/><V52/><F107/><T92/><D125/><U135/><E135/><V87/><F87/><T99/><D99/><U0/><E0/><V95/><F121/><T90/><D92/><U40/><N who="1" m="10240" /><DORA hai="74" /><U105/><E105/><V50/><F46/><T82/><D82/><U55/><E55/><RYUUKYOKU ba="4,5" sc="339,-10,249,20,412,-10,0,0" hai1="57,60,66,69,70,71,80,85,114,115" /><INIT seed="4,5,5,4,3,44" ten="329,269,402,0" oya="0" hai0="122,59,65,1,38,95,102,88,74,72,98,106,117" hai1="36,105,109,129,116,112,111,130,94,135,78,45,63" hai2="42,85,99,91,62,41,60,58,33,131,118,50,61" hai3=""/><T126/><N who="0" m="31264" /><T2/><D117/><U64/><E105/><V39/><F33/><T46/><D126/><U51/><E116/><V34/><F34/><T67/><D72/><U97/><E78/><V101/><F39/><T113/><D74/><U87/><E87/><V49/><F131/><N who="1" m="50185" /><E36/><V86/><F118/><T55/><D38/><U124/><E124/><V54/><F50/><T73/><D73/><U92/><E135/><V70/><F70/><T37/><D1/><U93/><E97/><V32/><F32/><T123/><D2/><U107/><E107/><V128/><F128/><T0/><D106/><U82/><E82/><V52/><F54/><T121/><D0/><U115/><E111/><V108/><F108/><T40/><D121/><U90/><E90/><V57/><F57/><T114/><N who="0" m="31520" /><T75/><D75/><U110/><E110/><V81/><REACH who="2" step="1"/><F86/><REACH who="2" ten="329,269,392,0" step="2"/><T84/><D37/><U119/><E119/><V68/><F68/><T89/><D84/><U43/><E109/><V127/><F127/><T133/><D59/><AGARI ba="5,6" hai="43,45,51,59,63,64,92,93,94,112,115" m="50185" machi="59" ten="40,2600,0" yaku="19,1,52,1" doraHai="44" who="1" fromWho="0" sc="329,-36,269,96,392,0,0,0" /><INIT seed="5,0,0,4,4,111" ten="293,365,392,0" oya="1" hai0="118,32,2,109,70,102,115,90,87,79,69,78,112" hai1="55,107,60,73,71,72,97,117,123,63,74,88,100" hai2="106,46,130,125,57,99,94,68,35,91,134,104,98" hai3=""/><U129/><N who="1" m="31520" /><U51/><E117/><V121/><N who="2" m="31008" /><V1/><F68/><N who="0" m="26218" /><D109/><U116/><E116/><V85/><F46/><T77/><D118/><U126/><E129/><V133/><F130/><T3/><D102/><U127/><E88/><V83/><F57/><T0/><D32/><U67/><REACH who="1" step="1"/><E63/><REACH who="1" ten="293,355,392,0" step="2"/><V96/><F1/><T65/><D90/><U37/><E37/><V33/><F35/><T101/><D101/><U49/><E49/><V54/><F33/><T53/><D2/><U119/><E119/><V110/><F110/><T95/><D0/><U58/><AGARI ba="0,1" hai="51,55,58,60,67,71,72,73,74,97,100,107,126,127" m="31520" machi="58" ten="40,5200,0" yaku="1,1,0,1,52,1,53,0" doraHai="111" doraHaiUra="114" who="1" fromWho="1" sc="293,-26,355,62,392,-26,0,0" /><INIT seed="5,1,0,4,2,79" ten="267,417,366,0" oya="1" hai0="42,134,39,63,94,98,124,58,86,49,132,87,44" hai1="111,118,116,61,113,60,43,80,74,0,88,64,34" hai2="119,1,90,50,91,45,62,67,55,69,129,66,76" hai3=""/><U93/><E113/><V57/><F1/><T128/><D128/><U40/><E34/><V59/><F129/><T99/><D124/><U108/><E0/><V85/><F119/><T47/><D98/><U126/><E126/><V97/><F67/><T107/><D107/><U130/><E130/><V127/><F127/><T82/><D132/><U65/><E74/><V75/><F75/><T96/><D134/><U81/><E93/><V35/><F35/><T92/><D87/><U131/><E131/><V37/><F37/><T52/><D92/><U33/><E33/><V104/><F76/><T3/><D94/><U78/><E78/><V109/><F109/><T133/><D133/><U110/><E110/><V106/><F91/><AGARI ba="1,0" hai="40,43,60,61,64,65,80,81,88,91,108,111,116,118" machi="91" ten="25,12000,1" yaku="22,2,52,2,54,1" doraHai="79" who="1" fromWho="2" sc="267,0,417,122,366,-122,0,0" /><INIT seed="5,2,0,3,1,91" ten="267,539,244,0" oya="1" hai0="52,113,83,126,90,124,36,85,92,61,72,129,105" hai1="122,120,133,100,108,79,35,117,135,47,84,75,96" hai2="80,77,87,65,104,40,119,125,101,114,60,116,41" hai3=""/><U123/><N who="1" m="30752" /><U43/><N who="1" m="31264" /><U93/><N who="1" m="31520" /><U66/><E117/><V1/><F1/><T88/><D113/><U76/><E35/><V51/><F125/><N who="0" m="48234" /><D129/><U63/><E75/><V32/><F32/><T97/><D36/><U86/><E108/><V3/><F3/><T0/><D0/><U67/><E84/><V103/><F114/><T42/><D42/><U44/><E66/><V54/><F104/><T94/><D105/><U78/><E86/><V121/><N who="2" m="31008" /><V56/><F116/><T49/><D61/><U115/><E115/><V109/><F109/><T34/><D34/><U98/><E96/><V68/><F119/><T127/><D127/><U45/><REACH who="1" step="1"/><E43/><REACH who="1" ten="267,529,244,0" step="2"/><V99/><F99/><T39/><D72/><U118/><E118/><V70/><F70/><AGARI ba="2,1" hai="44,45,47,63,67,70,76,78,79,93,98,100,133,135" m="31520,31264,30752" machi="70" ten="40,18000,2" yaku="1,1,52,4,53,1" doraHai="91" doraHaiUra="64" who="1" fromWho="2" sc="267,0,529,194,244,-184,0,0" /><INIT seed="5,3,0,5,1,96" ten="267,723,60,0" oya="1" hai0="122,3,126,46,103,82,129,125,132,36,60,48,2" hai1="32,124,67,42,78,90,100,58,51,49,75,59,115" hai2="34,52,111,85,56,116,41,77,66,64,88,133,44" hai3=""/><U93/><E32/><V97/><F34/><T72/><N who="0" m="31264" /><T39/><D129/><U114/><E100/><V35/><F116/><T83/><D132/><U112/><E124/><N who="0" m="47721" /><D103/><U80/><E42/><V119/><F35/><T62/><D62/><U120/><N who="1" m="30752" /><U73/><E73/><V76/><F111/><T1/><D60/><U123/><N who="1" m="31520" /><U130/><E130/><V135/><F119/><T104/><D104/><U37/><E37/><N who="0" m="14409" /><D72/><U92/><E67/><V110/><F64/><T70/><D70/><U33/><E33/><V87/><F66/><T113/><D113/><U81/><E51/><V63/><F110/><T68/><D68/><U71/><E71/><V102/><F133/><T99/><D99/><U128/><E128/><V105/><F87/><T118/><D118/><U84/><E49/><V43/><F135/><T106/><D106/><U109/><E109/><V69/><F69/><T117/><D117/><U53/><E53/><AGARI ba="3,0" hai="1,2,3,46,48,53,82,83" m="14409,47721,31264" machi="53" ten="40,2600,0" yaku="18,1,52,1" doraHai="96" who="0" fromWho="1" sc="267,32,723,-32,60,0,0,0" /><INIT seed="6,0,0,1,0,59" ten="299,691,60,0" oya="2" hai0="75,78,45,77,42,121,52,39,93,99,41,70,112" hai1="84,1,54,128,61,134,47,105,60,108,67,95,126" hai2="110,57,129,89,94,65,101,97,125,82,120,63,48" hai3=""/><V50/><N who="2" m="30752" /><V56/><F110/><T87/><N who="0" m="31008" /><T113/><D75/><U76/><E105/><V51/><F125/><T107/><D70/><U40/><E1/><V34/><F34/><T36/><D107/><U0/><E0/><V2/><F2/><T64/><D64/><U90/><E128/><V119/><F129/><T131/><D131/><U104/><E104/><V127/><F127/><T37/><D52/><U109/><E134/><V123/><N who="2" m="31520" /><V68/><F119/><T88/><D42/><U69/><E76/><N who="0" m="29289" /><D87/><U58/><E126/><V91/><F82/><T100/><D88/><N who="2" m="33866" /><F68/><T62/><D62/><U38/><AGARI ba="0,0" hai="38,40,47,54,58,60,61,67,69,84,90,95,108,109" machi="38" ten="20,3900,0" yaku="0,1,7,1,52,2" doraHai="59" who="1" fromWho="1" sc="299,-13,691,39,60,-26,0,0" owari="286,-11.0,730,68.0,34,-57.0,0,0.0" /></mjloggm>