<mjloggm ver="2.3"><GO type="169" lobby="0"/><UN n0="%61%72%6D%65%64" n1="%E3%81%AE%E3%81%B3%E3%81%97%E3%82%8D%E2%99%82" n2="%43%6F%6D%65%64%69%61%6E" n3="%41%4F%54" dan="16,16,16,17" rate="2071.64,2096.80,2145.81,2221.45" sx="M,M,M,F"/><TAIKYOKU oya="0"/><INIT seed="0,0,0,1,1,80" ten="250,250,250,250" oya="0" hai0="83,48,103,56,88,84,50,13,110,11,63,78,12" hai1="19,27,34,37,8,14,120,44,32,128,76,70,100" hai2="134,30,61,73,7,107,71,16,54,92,39,79,57" hai3="125,102,51,21,115,72,6,25,10,45,93,0,108"/><T38/><D38/><U59/><E128/><V67/><F107/><W53/><G115/><T131/><D131/><U82/><E120/><V101/><F134/><W81/><G108/><T95/><D103/><U121/><E121/><V124/><F124/><W47/><G125/><T41/><D41/><U127/><E127/><V89/><F101/><W58/><G72/><T20/><D20/><U35/><E70/><V85/><F7/><W116/><G116/><T40/><D40/><U99/><E59/><V42/><F30/><W22/><G22/><T91/><D91/><U114/><E114/><V113/><F113/><W1/><G1/><T135/><D135/><U86/><E37/><V90/><F73/><W97/><REACH who="3" step="1"/><G81/><REACH who="3" ten="250,250,250,240" step="2"/><T68/><D110/><U109/><E109/><V106/><F106/><W65/><G65/><N who="0" m="39143" /><D68/><U94/><REACH who="1" step="1"/><E44/><REACH who="1" ten="250,240,250,240" step="2"/><V118/><F71/><W117/><G117/><T98/><D13/><U18/><E18/><AGARI ba="0,2" hai="0,6,10,18,21,25,45,47,51,53,58,93,97,102" machi="18" ten="30,2000,0" yaku="1,1,7,1,53,0" doraHai="80" doraHaiUra="64" who="3" fromWho="1" sc="250,0,240,-20,250,0,240,40" /><AGARI ba="0,0" hai="11,12,18,48,50,78,83,84,88,95,98" m="39143" machi="18" ten="30,5800,0" yaku="8,1,52,1,54,1" doraHai="80" who="0" fromWho="1" sc="250,58,220,-58,250,0,280,0" /><INIT seed="0,1,0,4,2,42" ten="308,162,250,280" oya="0" hai0="98,76,115,55,9,104,50,69,46,81,39,109,19" hai1="35,84,20,123,100,12,101,124,64,28,132,36,126" hai2="18,33,66,90,129,51,58,112,10,78,111,83,97" hai3="24,63,32,0,94,67,40,65,25,13,88,22,49"/><T57/><D115/><U70/><E132/><V77/><F112/><W93/><G0/><T133/><D69/><U29/><E123/><V122/><F122/><W89/><G32/><T72/><D133/><U86/><E35/><V92/><F33/><W113/><G113/><T114/><D114/><U43/><E70/><V27/><F129/><W4/><G40/><T21/><D9/><U53/><E64/><V6/><F111/><W127/><G49/><T91/><D109/><U75/><E75/><V135/><F135/><W117/><G127/><T7/><D7/><U1/><E1/><V125/><F125/><W38/><G38/><T52/><D39/><U37/><E43/><V34/><F34/><W110/><G117/><T87/><D104/><U30/><E30/><V119/><F119/><W96/><G110/><T120/><D120/><U44/><E12/><V95/><F83/><W45/><G45/><T73/><D98/><U108/><E108/><V130/><F130/><W15/><G4/><T105/><D105/><U118/><E20/><N who="2" m="13719" /><F95/><W23/><G63/><T2/><D2/><U103/><E103/><V8/><F6/><W68/><G68/><T61/><D91/><U31/><E31/><V116/><F116/><W16/><G96/><T107/><D107/><U14/><E118/><V41/><F66/><W99/><G99/><T11/><D11/><N who="2" m="4138" /><F58/><W82/><G82/><T56/><D56/><U74/><E74/><V102/><F102/><W47/><G16/><T71/><D71/><U5/><E5/><V17/><F17/><W54/><G93/><T60/><D60/><RYUUKYOKU ba="1,0" sc="308,15,162,-15,250,15,280,-15" hai0="19,21,46,50,52,55,57,61,72,73,76,81,87" hai2="41,51,77,78,90,92,97" /><INIT seed="0,2,0,0,4,130" ten="323,147,265,265" oya="0" hai0="10,3,27,103,74,70,11,33,115,85,30,51,114" hai1="63,66,23,21,12,86,79,61,16,17,99,129,119" hai2="97,53,106,105,37,133,90,116,117,7,41,104,76" hai3="93,5,47,89,81,59,62,36,49,57,98,42,102"/><T35/><D74/><U55/><E129/><V121/><F121/><W0/><G0/><T26/><D70/><U94/><E119/><N who="2" m="45643" /><F7/><W72/><G5/><T113/><D103/><U123/><E123/><V6/><F6/><W24/><G24/><T122/><D122/><U73/><E73/><V88/><F41/><W131/><G131/><T127/><D3/><U75/><E75/><V8/><F8/><W112/><G112/><T22/><D51/><U54/><E63/><V100/><F37/><W39/><G39/><T69/><D69/><U120/><E120/><V4/><F4/><W82/><G36/><T96/><D96/><U64/><E64/><V32/><F53/><W95/><G72/><T40/><D40/><U28/><E28/><V101/><F32/><W78/><G78/><T50/><D50/><U15/><E79/><V125/><F125/><W45/><G45/><T29/><D85/><U20/><E20/><V77/><F133/><W83/><REACH who="3" step="1"/><G62/><REACH who="3" ten="323,147,265,255" step="2"/><T14/><D127/><U31/><E31/><V108/><F108/><W38/><G38/><T110/><D110/><U118/><E118/><V34/><F34/><W124/><G124/><T109/><D109/><U126/><E126/><V2/><F2/><W46/><G46/><T107/><D107/><N who="2" m="41034" /><F101/><W52/><G52/><T60/><D60/><U71/><E55/><V84/><F90/><W111/><G111/><T19/><AGARI ba="2,1" hai="10,11,14,19,22,26,27,29,30,33,35,113,114,115" machi="19" ten="40,12000,1" yaku="0,1,9,1,34,3" doraHai="130" who="0" fromWho="0" sc="323,136,147,-42,265,-42,255,-42" /><INIT seed="0,3,0,2,0,48" ten="459,105,223,213" oya="0" hai0="116,47,128,45,50,123,55,87,72,129,46,75,91" hai1="61,23,40,95,30,66,0,90,130,71,104,115,112" hai2="58,114,57,8,11,127,131,84,26,77,120,65,101" hai3="108,51,12,94,19,89,81,107,99,18,109,119,17"/><T6/><D116/><U37/><E130/><N who="0" m="50281" /><D123/><U60/><E104/><V54/><F120/><W4/><G119/><T2/><D2/><U124/><E124/><V67/><F114/><W135/><G135/><T14/><D6/><U28/><E0/><V118/><F127/><W5/><G107/><T32/><D32/><U33/><E33/><V7/><F101/><W43/><G12/><T82/><D14/><U27/><E30/><V62/><F118/><W100/><G100/><T20/><D20/><U52/><E40/><V16/><F7/><W79/><G43/><T106/><D106/><U113/><E37/><V36/><F36/><W49/><G4/><T25/><D25/><U133/><E133/><V96/><F96/><W3/><G5/><T102/><D102/><U44/><E113/><V42/><F42/><W56/><G3/><T1/><D1/><U15/><E15/><V93/><F131/><W85/><G56/><AGARI ba="3,0" hai="45,46,47,50,55,56,72,75,82,87,91" m="50281" machi="56" ten="30,2900,0" yaku="19,1,52,1" doraHai="48" who="0" fromWho="3" sc="459,38,105,0,223,0,213,-38" /><INIT seed="0,4,0,5,2,11" ten="497,105,223,175" oya="0" hai0="42,45,107,49,3,15,65,83,4,58,37,67,76" hai1="86,99,110,24,68,103,81,90,71,1,73,28,95" hai2="97,43,13,47,105,123,98,38,100,121,56,116,106" hai3="125,122,114,132,51,61,57,126,7,87,129,33,40"/><T27/><D107/><U111/><E1/><V55/><F116/><W59/><G33/><T118/><D27/><U94/><E94/><V54/><F54/><W48/><G7/><T46/><D58/><U93/><E93/><V102/><REACH who="2" step="1"/><F13/><REACH who="2" ten="497,105,213,175" step="2"/><W14/><G14/><T20/><D118/><U12/><E12/><V10/><F10/><W70/><G126/><T104/><D3/><U60/><E73/><V50/><AGARI ba="4,1" hai="38,43,47,50,55,56,97,98,100,102,105,106,121,123" machi="50" ten="20,5200,0" yaku="1,1,0,1,7,1,9,1,53,0" doraHai="11" doraHaiUra="115" who="2" fromWho="2" sc="497,-30,105,-17,213,74,175,-17" /><INIT seed="1,0,0,0,2,62" ten="467,88,287,158" oya="1" hai0="90,6,119,80,116,27,100,99,125,56,32,76,104" hai1="15,46,54,57,75,22,52,118,107,55,78,127,51" hai2="134,135,40,29,81,96,5,88,129,33,53,86,95" hai3="105,42,59,131,98,45,11,1,44,43,87,132,36"/><U92/><E127/><V110/><F110/><W106/><G131/><T120/><D125/><U121/><E121/><V35/><F40/><W0/><G132/><N who="2" m="50729" /><F5/><W38/><G98/><T97/><D6/><U103/><E118/><V9/><F9/><W91/><G11/><T114/><D114/><U2/><E2/><V133/><F129/><W48/><G48/><T21/><D32/><U68/><E68/><V13/><F13/><W60/><G0/><T8/><D8/><U39/><E107/><V23/><F53/><W14/><G14/><T61/><D90/><U31/><E75/><V102/><F133/><W18/><G18/><T16/><D97/><U28/><E78/><V37/><F37/><W84/><G1/><T66/><REACH who="0" step="1"/><D120/><REACH who="0" ten="457,88,287,158" step="2"/><U12/><E103/><V93/><F81/><W64/><REACH who="3" step="1"/><G87/><AGARI ba="0,1" hai="16,21,27,56,61,66,76,80,87,99,100,104,116,119" machi="87" ten="30,8000,1" yaku="1,1,2,1,7,1,52,1,54,1,53,0" doraHai="62" doraHaiUra="67" who="0" fromWho="3" sc="457,90,88,0,287,0,158,-80" /><INIT seed="2,0,0,5,0,8" ten="547,88,287,78" oya="2" hai0="114,1,28,124,57,127,99,71,72,51,46,111,4" hai1="83,17,101,24,118,81,44,129,29,10,52,132,85" hai2="33,78,64,97,16,14,117,20,102,39,115,107,105" hai3="6,13,11,70,106,86,31,122,125,126,23,87,128"/><V59/><F115/><W74/><G74/><T43/><D71/><U38/><E132/><V108/><F117/><W84/><G122/><T32/><D72/><U26/><E129/><V116/><F116/><W93/><G106/><T133/><D133/><U88/><E118/><V40/><F33/><W18/><G70/><T65/><D1/><U76/><E101/><V37/><F107/><W82/><G128/><T68/><D4/><U130/><E130/><V27/><F78/><W36/><G36/><T30/><D68/><U75/><E38/><V112/><F112/><W79/><G31/><T56/><D56/><U80/><E80/><V0/><F0/><W92/><G82/><T61/><D32/><U104/><E104/><V100/><F100/><W45/><G45/><T135/><D135/><U91/><E91/><V47/><F108/><W15/><REACH who="3" step="1"/><G79/><REACH who="3" ten="547,88,287,68" step="2"/><T110/><D114/><U19/><E29/><V123/><F123/><W22/><G22/><T90/><D28/><U94/><E83/><V67/><F39/><W73/><G73/><T69/><D30/><U7/><E26/><V53/><REACH who="2" step="1"/><F27/><REACH who="2" ten="547,88,277,68" step="2"/><W120/><G120/><T131/><D131/><U42/><E24/><V41/><F41/><W119/><G119/><T49/><D110/><U89/><E42/><V113/><F113/><W121/><G121/><T95/><D111/><U63/><E76/><V109/><F109/><W48/><G48/><AGARI ba="0,2" hai="14,16,20,37,40,47,48,53,59,64,67,97,102,105" machi="48" ten="30,18000,2" yaku="1,1,7,1,52,1,54,1,53,2" doraHai="8" doraHaiUra="60" who="2" fromWho="3" sc="547,0,88,0,277,200,68,-180" owari="547,64.0,88,-31.0,477,28.0,-112,-61.0" /></mjloggm>