<mjloggm ver="2.3"><GO type="185" lobby="0"/><UN n0="%E5%B8%AB%E5%8C%A0%2F%E9%9B%80%E9%AC%BC" n1="%E9%B3%B4%E3%81%8D%E3%83%80%E3%83%AB%E3%83%9E" n2="%6D%61%73%5F" n3="" dan="17,17,16,0" rate="2279.29,2246.62,2174.06,1500.00" sx="M,M,M,C"/><TAIKYOKU oya="0"/><INIT seed="0,0,0,0,2,110" ten="350,350,350,0" oya="0" hai0="124,106,123,94,93,77,129,84,116,108,105,112,133" hai1="115,128,96,88,58,65,113,75,122,43,42,62,55" hai2="60,52,40,45,126,2,51,114,92,50,36,91,117" hai3=""/><T82/><N who="0" m="31520" /><T44/><D116/><U34/><N who="1" m="31264" /><U69/><E34/><V132/><F2/><T101/><D124/><U100/><E75/><V79/><F126/><T78/><D44/><U103/><E128/><V119/><F132/><T86/><D133/><U41/><E88/><V38/><F79/><T104/><D129/><U68/><E100/><V98/><F60/><T99/><D112/><N who="1" m="43083" /><E65/><V107/><F114/><T66/><D66/><U130/><E130/><V63/><F107/><AGARI ba="0,0" hai="41,42,43,55,58,62,68,69,96,103,107" m="43083,31264" machi="107" ten="30,8000,1" yaku="11,1,52,4" doraHai="110" who="1" fromWho="2" sc="350,0,350,80,350,-80,0,0" /><INIT seed="1,0,0,1,5,33" ten="350,430,270,0" oya="1" hai0="108,115,58,123,121,81,50,67,98,72,130,66,118" hai1="89,49,127,104,36,62,93,44,129,42,1,131,112" hai2="87,73,60,78,126,105,59,35,86,135,101,65,122" hai3=""/><U63/><E112/><V46/><F35/><T134/><N who="0" m="31008" /><T96/><N who="0" m="31520" /><T113/><D118/><U71/><E104/><V0/><N who="2" m="31264" /><V128/><F126/><T80/><D134/><U85/><E127/><V120/><N who="2" m="30752" /><V90/><F135/><T116/><D116/><U76/><E1/><V54/><F128/><N who="1" m="49225" /><E71/><V119/><F119/><T97/><D108/><U106/><E106/><V43/><F0/><T88/><D130/><U45/><E76/><V61/><F73/><T34/><D34/><U68/><E68/><V77/><F87/><T48/><D58/><U100/><E100/><V132/><F132/><T69/><D69/><U109/><E109/><V57/><F101/><T39/><D39/><U110/><E110/><V111/><F105/><T124/><D124/><U117/><E117/><V41/><F111/><T133/><D133/><U32/><E32/><V51/><REACH who="2" step="1"/><F41/><AGARI ba="0,0" hai="36,41,42,44,45,49,62,63,85,89,93" m="49225" machi="41" ten="30,1500,0" yaku="19,1" doraHai="33" who="1" fromWho="2" sc="350,0,430,15,270,-15,0,0" /><INIT seed="1,1,0,0,1,61" ten="350,445,255,0" oya="1" hai0="63,103,111,40,118,70,79,52,74,44,97,36,132" hai1="0,64,124,73,56,76,89,1,32,113,77,53,134" hai2="72,84,65,90,114,86,99,131,50,34,101,57,78" hai3=""/><U125/><E32/><V38/><F34/><T135/><D111/><U122/><N who="1" m="31264" /><U41/><E113/><V48/><F38/><T69/><D118/><U109/><E109/><V110/><F110/><T88/><D79/><U93/><E134/><N who="0" m="51241" /><D74/><U87/><E41/><V46/><F114/><T33/><D33/><U115/><E115/><V71/><F71/><T116/><D88/><U92/><E92/><V95/><F131/><T123/><N who="0" m="31520" /><T51/><D63/><U133/><E133/><V112/><F72/><T59/><D116/><U121/><N who="1" m="31008" /><U104/><E77/><V102/><F86/><T127/><D127/><U128/><E128/><V68/><F112/><T129/><D129/><U108/><E108/><V62/><F78/><T58/><D59/><U2/><E73/><V120/><N who="2" m="30752" /><V105/><F57/><T82/><D82/><U117/><E117/><V94/><REACH who="2" step="1"/><F46/><REACH who="2" ten="350,445,245,0" step="2"/><T106/><AGARI ba="1,1" hai="36,40,44,51,52,58,69,70,97,103,106" m="31520,51241" machi="106" ten="30,3000,0" yaku="20,1,52,1,54,1" doraHai="61" who="0" fromWho="0" sc="350,42,445,-21,245,-11,0,0" /><INIT seed="2,0,0,3,1,76" ten="392,424,234,0" oya="2" hai0="92,118,69,65,54,71,3,35,74,85,32,129,44" hai1="128,60,40,117,126,101,43,39,130,89,131,114,120" hai2="50,1,108,78,59,86,127,110,105,51,132,38,134" hai3=""/><V104/><F38/><T53/><D118/><U68/><N who="1" m="30752" /><U75/><E114/><V70/><F70/><T36/><D3/><U99/><E117/><V87/><F1/><T83/><D129/><U102/><E126/><V0/><F0/><T58/><D74/><U45/><E75/><V100/><F127/><T123/><N who="0" m="31520" /><T95/><D65/><U55/><E43/><V109/><F59/><T84/><D58/><U112/><E112/><V91/><F78/><T122/><N who="0" m="31264" /><T93/><D93/><U88/><E102/><V124/><F124/><T64/><D64/><U2/><E2/><V42/><F87/><T106/><D106/><N who="2" m="41066" /><F100/><T67/><D67/><U56/><E68/><V73/><F73/><T57/><D57/><U72/><E72/><V103/><F103/><T66/><D66/><U115/><E115/><V121/><N who="2" m="31008" /><V52/><F42/><T133/><D36/><U80/><E101/><V135/><F52/><T113/><D113/><U116/><E116/><V98/><F98/><T33/><D33/><U111/><E99/><V61/><F61/><T77/><D77/><U34/><E34/><V79/><F79/><T81/><D44/><U48/><E39/><V90/><F86/><T97/><D97/><RYUUKYOKU ba="0,0" sc="392,10,424,-20,234,10,0,0" hai0="32,35,53,54,69,71,81,83,84,85,92,95,133" hai2="50,51,90,91,108,109,110,132,134,135" /><INIT seed="2,1,0,2,4,130" ten="402,404,244,0" oya="2" hai0="104,52,3,34,108,58,50,66,135,101,86,68,78" hai1="63,69,36,95,53,41,116,128,123,45,119,40,80" hai2="103,75,61,133,54,76,94,1,70,122,113,35,77" hai3=""/><V96/><N who="2" m="31264" /><V55/><F113/><T89/><D3/><U2/><N who="1" m="31520" /><U39/><E2/><V126/><F1/><T64/><D34/><U134/><E80/><V87/><F35/><T38/><D108/><U100/><E128/><V73/><F126/><T79/><D38/><U72/><E72/><V107/><F133/><T92/><D135/><U97/><E134/><V32/><F32/><T120/><N who="0" m="30752" /><T51/><D51/><U71/><E40/><V59/><F70/><T43/><D43/><U0/><E36/><V118/><F118/><N who="1" m="45097" /><E0/><V105/><F54/><T67/><REACH who="0" step="1"/><D68/><REACH who="0" ten="392,404,244,0" step="2"/><U91/><E71/><V81/><REACH who="2" step="1"/><F77/><REACH who="2" ten="392,404,234,0" step="2"/><T33/><D33/><U62/><E69/><V48/><F48/><T99/><AGARI ba="1,2" hai="50,52,58,64,66,67,78,79,86,89,92,99,101,104" m="30752" machi="99" ten="30,5900,0" yaku="1,1,0,1,52,1,54,1,53,0" doraHai="130" doraHaiUra="131" who="0" fromWho="0" sc="392,81,404,-21,234,-40,0,0" /><INIT seed="4,0,0,0,2,59" ten="473,383,194,0" oya="0" hai0="33,46,106,120,134,125,70,61,100,72,62,104,95" hai1="35,50,42,56,82,128,130,91,3,126,53,135,109" hai2="94,44,43,98,75,119,39,118,67,63,127,36,38" hai3=""/><T71/><N who="0" m="30752" /><T78/><D33/><U102/><E35/><V99/><F75/><T34/><D34/><U112/><E3/><V1/><F1/><T52/><D125/><U131/><E109/><V40/><F127/><T55/><D134/><U86/><E126/><V132/><F132/><T122/><N who="0" m="31264" /><T48/><D95/><U84/><E135/><V101/><F99/><T47/><D78/><U49/><E112/><V105/><F94/><T69/><D72/><U115/><E115/><V92/><F92/><T129/><D129/><U96/><E42/><V108/><F108/><T0/><D0/><U79/><E50/><V111/><F111/><T57/><D47/><U45/><E45/><V93/><F93/><T77/><D77/><U76/><E84/><V97/><F98/><T37/><D37/><U121/><N who="1" m="31008" /><U68/><E79/><V117/><REACH who="2" step="1"/><F43/><REACH who="2" ten="473,383,184,0" step="2"/><T87/><D87/><U64/><E96/><V51/><F51/><T114/><D114/><U133/><E133/><V2/><F2/><T90/><D48/><U116/><E49/><V32/><F32/><T103/><D106/><U110/><E110/><V113/><F113/><T54/><D104/><U107/><E107/><V60/><F60/><T88/><D62/><RYUUKYOKU ba="0,1" sc="473,-10,383,-10,184,20,0,0" hai2="36,38,39,40,44,63,67,97,101,105,117,118,119" /><INIT seed="5,1,1,0,1,88" ten="463,373,204,0" oya="1" hai0="98,42,43,34,95,84,90,47,123,45,59,129,117" hai1="122,67,57,109,134,2,102,130,55,116,1,75,81" hai2="48,63,72,54,82,77,33,100,79,80,38,0,62" hai3=""/><U39/><N who="1" m="31264" /><U41/><E116/><V91/><F0/><T97/><N who="0" m="31520" /><T85/><D34/><U58/><E134/><V86/><F33/><T35/><D35/><U132/><E132/><V124/><F38/><T127/><D127/><U73/><E130/><V92/><F100/><T50/><D129/><U70/><E109/><V46/><REACH who="2" step="1"/><F124/><REACH who="2" ten="463,373,194,0" step="2"/><T96/><D117/><U40/><E39/><V37/><F37/><T76/><D59/><U89/><E1/><V53/><F53/><T3/><D3/><U108/><E2/><V56/><F56/><T121/><N who="0" m="31008" /><T106/><D106/><U66/><E57/><V60/><F60/><T52/><D45/><U32/><E32/><V64/><F64/><T111/><D111/><U74/><E67/><V87/><AGARI ba="1,2" hai="46,48,54,62,63,72,77,79,80,82,86,87,91,92" machi="87" ten="20,3900,0" yaku="1,1,0,1,7,1,52,1,53,0" doraHai="88" doraHaiUra="93" who="2" fromWho="2" sc="463,-14,373,-27,194,61,0,0" /><INIT seed="6,0,0,5,4,61" ten="449,346,255,0" oya="2" hai0="69,72,111,80,89,60,112,102,37,123,82,56,93" hai1="51,45,74,107,44,124,131,132,33,134,38,50,120" hai2="34,76,101,116,0,114,84,53,87,83,110,105,99" hai3=""/><V75/><F0/><T117/><N who="0" m="31520" /><T52/><D111/><U46/><N who="1" m="30752" /><U43/><E33/><V63/><F34/><T85/><D117/><U1/><E1/><V68/><F116/><T122/><N who="0" m="31264" /><T78/><D37/><U119/><E74/><V94/><F110/><T3/><D3/><U88/><E107/><V92/><F114/><T49/><D112/><U67/><E119/><V73/><F53/><T95/><D102/><U113/><E113/><V59/><F59/><T133/><D133/><N who="1" m="51307" /><E88/><V58/><F58/><T103/><D103/><U130/><E124/><V40/><F40/><T70/><D70/><U128/><E67/><V118/><F118/><T115/><D115/><U90/><E90/><V77/><F63/><T55/><D69/><U47/><AGARI ba="0,0" hai="38,43,44,45,46,47,50,51,128,130,131" m="51307,30752" machi="47" ten="40,6000,1" yaku="19,1,20,1,34,2,52,1" doraHai="61" who="1" fromWho="1" sc="449,-20,346,60,255,-40,0,0" owari="429,37.0,406,1.0,215,-38.0,0,0.0" /></mjloggm>