<mjloggm ver="2.3"><GO type="169" lobby="0"/><UN n0="%E3%83%94%E3%82%AC%E3%82%B7" n1="%E9%BA%BB%E9%9B%80%E6%95%99%E5%AE%A4" n2="%E3%80%90%E7%BD%AA%E6%AD%8C%E3%80%91" n3="%E3%81%8D%E3%81%97%E3%82%82%E3%81%A8" dan="16,16,18,16" rate="2145.31,2177.01,2274.24,2089.15" sx="M,M,M,M"/><TAIKYOKU oya="0"/><INIT seed="0,0,0,0,3,54" ten="250,250,250,250" oya="0" hai0="123,49,97,6,91,67,110,63,15,23,126,99,76" hai1="18,20,16,47,65,78,70,75,10,103,61,90,102" hai2="50,121,46,64,128,115,130,3,107,80,0,51,60" hai3="100,24,113,42,79,34,30,58,131,31,33,53,22"/><T8/><D123/><U127/><E127/><V27/><F107/><W21/><G131/><N who="2" m="50217" /><F115/><W11/><G113/><T109/><D126/><U13/><E90/><V129/><N who="2" m="50225" /><V135/><DORA hai="59" /><F135/><W69/><G69/><T96/><D76/><U66/><E65/><V4/><F4/><W82/><G42/><T12/><D49/><N who="2" m="18442" /><F121/><W32/><G100/><T77/><D77/><U9/><E47/><V124/><F124/><W112/><G11/><T1/><D91/><U17/><E9/><V89/><F27/><W117/><G112/><T28/><D28/><U104/><E104/><V14/><F14/><W116/><G30/><T83/><D83/><U5/><REACH who="1" step="1"/><E20/><REACH who="1" ten="250,240,250,250" step="2"/><V35/><F46/><W62/><REACH who="3" step="1"/><G22/><REACH who="3" ten="250,240,250,240" step="2"/><T101/><D23/><U38/><E38/><V93/><F35/><W41/><G41/><T25/><D101/><U7/><E7/><V132/><F132/><W40/><G40/><T94/><D6/><U119/><E119/><V122/><F122/><W98/><G98/><T68/><D8/><U111/><E111/><V92/><F3/><W43/><G43/><T39/><D99/><U125/><E125/><V105/><F0/><W114/><G114/><T19/><D1/><U26/><E26/><V71/><F105/><W81/><G81/><AGARI ba="0,2" hai="5,10,13,16,17,18,61,66,70,75,78,81,102,103" machi="81" ten="40,5200,0" yaku="1,1,52,1,54,1,53,0" doraHai="54,59" doraHaiUra="85,36" who="1" fromWho="3" sc="250,0,240,72,250,0,240,-52" /><INIT seed="1,0,0,3,2,23" ten="250,312,250,188" oya="1" hai0="37,115,66,99,50,92,22,122,70,90,39,63,30" hai1="3,41,13,6,123,67,42,44,53,109,51,119,52" hai2="31,34,20,131,59,94,33,125,38,17,78,104,102" hai3="132,32,5,11,88,65,134,105,82,47,120,114,77"/><U60/><E119/><V83/><F104/><W129/><G120/><T21/><D115/><U1/><E123/><V28/><F38/><W96/><G114/><T95/><D122/><U16/><E109/><V133/><F59/><W2/><G32/><T127/><D127/><U97/><E97/><V130/><F94/><N who="3" m="56391" /><G65/><T126/><D126/><U48/><E6/><V27/><F102/><W0/><G105/><T55/><D95/><U19/><E3/><V113/><F125/><W87/><G47/><T64/><D22/><U62/><E1/><V35/><F113/><W124/><G124/><T40/><D40/><N who="1" m="15467" /><E67/><V101/><F101/><W29/><G29/><T76/><D66/><U118/><E118/><V74/><REACH who="2" step="1"/><F133/><REACH who="2" ten="250,312,240,188" step="2"/><N who="3" m="51307" /><G2/><T112/><D112/><U43/><E60/><V15/><F15/><W9/><G129/><AGARI ba="0,1" hai="17,20,27,28,31,33,34,35,74,78,83,129,130,131" machi="129" ten="50,6400,0" yaku="1,1,19,1,52,1,53,0" doraHai="23" doraHaiUra="121" who="2" fromWho="3" sc="250,0,312,0,240,74,188,-64" /><INIT seed="2,0,0,2,4,119" ten="250,312,314,124" oya="2" hai0="108,109,71,128,92,133,72,5,78,67,61,16,125" hai1="70,64,102,100,47,14,122,113,126,36,116,121,75" hai2="20,6,58,96,57,24,27,13,83,11,129,63,97" hai3="51,80,81,77,42,18,115,25,84,49,39,127,93"/><V134/><F134/><W4/><G115/><T91/><D133/><U104/><E116/><V46/><F129/><W21/><G127/><T50/><D125/><U45/><E126/><V19/><F46/><W66/><G93/><T110/><D5/><U35/><E113/><V32/><F32/><W131/><G131/><T0/><D0/><U101/><E104/><V52/><F27/><W74/><G66/><T55/><D78/><U22/><E35/><V65/><REACH who="2" step="1"/><F83/><REACH who="2" ten="250,312,304,124" step="2"/><W33/><G33/><T17/><D128/><U41/><E45/><V107/><F107/><W40/><G80/><T95/><D95/><U90/><E47/><V76/><F76/><W118/><G77/><T56/><REACH who="0" step="1"/><D72/><REACH who="0" ten="240,312,304,124" step="2"/><U34/><E75/><V73/><F73/><W30/><G74/><T85/><AGARI ba="0,2" hai="16,17,50,55,56,61,67,71,85,91,92,108,109,110" machi="85" ten="30,8000,1" yaku="1,1,2,1,0,1,14,1,54,1,53,0" doraHai="119" doraHaiUra="2" who="0" fromWho="0" sc="240,100,312,-20,304,-40,124,-20" /><INIT seed="3,0,0,3,1,8" ten="340,292,264,104" oya="3" hai0="94,36,128,51,114,72,38,99,11,88,13,37,84" hai1="73,30,41,15,2,33,42,49,34,65,24,62,77" hai2="14,20,7,25,96,98,57,68,31,32,120,55,40" hai3="83,70,135,29,131,9,107,45,58,71,46,27,125"/><W111/><G107/><T44/><D72/><U48/><E2/><V69/><F120/><W130/><G135/><T104/><D128/><N who="3" m="49193" /><G125/><T63/><D63/><U35/><E77/><V54/><F40/><W112/><G112/><T86/><D104/><U102/><E73/><V91/><F55/><W97/><G97/><T19/><REACH who="0" step="1"/><D114/><REACH who="0" ten="330,292,264,104" step="2"/><U81/><E62/><V133/><F133/><W118/><G118/><T74/><D74/><U53/><E65/><V95/><F69/><W115/><G70/><T23/><D23/><U117/><E34/><V56/><F68/><W109/><G71/><T119/><D119/><U122/><E117/><V93/><F32/><N who="3" m="20543" /><G115/><T127/><D127/><U22/><E33/><V17/><F54/><AGARI ba="0,1" hai="11,13,19,36,37,38,44,51,54,84,86,88,94,99" machi="54" ten="40,5200,0" yaku="1,1,52,1,54,1,53,0" doraHai="8" doraHaiUra="16" who="0" fromWho="2" sc="330,62,292,0,264,-52,104,0" /><INIT seed="4,0,0,1,5,16" ten="392,292,212,104" oya="0" hai0="66,124,42,82,73,34,54,98,63,112,135,105,26" hai1="99,69,86,132,3,20,2,85,115,104,67,47,61" hai2="5,113,23,53,119,9,8,19,70,28,56,103,14" hai3="25,31,36,111,122,130,133,6,110,92,1,109,121"/><T75/><D112/><U126/><E115/><V32/><F70/><W87/><G36/><T93/><D124/><U18/><E126/><V65/><F113/><W62/><G62/><T35/><D135/><U127/><E127/><V13/><F119/><W0/><G87/><T11/><D42/><U88/><E132/><V84/><F65/><W108/><G92/><T39/><D39/><U120/><E120/><N who="3" m="46186" /><G133/><T52/><D11/><U51/><E86/><V80/><F32/><N who="3" m="20591" /><G111/><T114/><D35/><U68/><E68/><V81/><F103/><W90/><G90/><T78/><D75/><U24/><E99/><V95/><F28/><W43/><G43/><T83/><D83/><U45/><E104/><V101/><F9/><N who="3" m="2247" /><G130/><T27/><D105/><U91/><E91/><N who="2" m="53735" /><F101/><W59/><G59/><T131/><D131/><U77/><E77/><V71/><F71/><W117/><G117/><T21/><D114/><U64/><E67/><V123/><F123/><W97/><G97/><T58/><D98/><U37/><E37/><V128/><F128/><W44/><G44/><T50/><D93/><U46/><REACH who="1" step="1"/><E51/><AGARI ba="0,0" hai="5,8,13,14,19,23,51,53,56,80,81" m="53735" machi="51" ten="30,3900,0" yaku="25,1,8,1,52,1" doraHai="16" who="2" fromWho="1" sc="392,0,292,-39,212,39,104,0" /><INIT seed="5,0,0,2,3,2" ten="392,253,251,104" oya="1" hai0="120,70,19,21,82,48,47,93,72,118,25,59,112" hai1="106,13,85,64,32,108,79,50,71,69,74,43,33" hai2="58,80,76,37,18,65,98,128,23,90,7,91,105" hai3="1,77,51,125,83,131,30,113,16,101,54,104,114"/><U134/><E74/><V3/><F128/><W86/><G131/><T53/><D118/><U20/><E108/><V92/><F37/><W61/><G125/><T22/><D70/><U126/><E106/><V15/><F105/><W87/><G30/><T45/><D112/><U121/><E121/><V56/><F65/><W88/><G61/><T102/><D72/><U133/><E126/><V24/><F3/><W94/><G1/><T12/><D82/><N who="1" m="47327" /><E43/><V44/><F44/><W10/><G101/><T78/><D78/><U17/><E50/><V31/><F91/><W117/><G104/><T132/><D132/><N who="1" m="50795" /><E64/><V39/><F39/><W135/><G117/><T68/><D120/><U100/><E100/><V66/><F66/><W14/><REACH who="3" step="1"/><G135/><REACH who="3" ten="392,253,251,94" step="2"/><T89/><D102/><U6/><E69/><V73/><REACH who="2" step="1"/><F7/><REACH who="2" ten="392,253,241,94" step="2"/><W0/><G0/><T49/><D68/><U84/><E71/><V27/><F27/><W103/><G103/><T52/><D25/><U115/><E115/><V97/><F97/><W9/><G9/><AGARI ba="0,2" hai="9,15,18,23,24,31,56,58,73,76,80,90,92,98" machi="9" ten="30,2000,0" yaku="1,1,7,1,53,0" doraHai="2" doraHaiUra="109" who="2" fromWho="3" sc="392,0,253,0,241,40,94,-20" /><INIT seed="6,0,0,0,1,126" ten="392,253,281,74" oya="2" hai0="59,97,65,106,104,50,123,58,35,101,127,14,99" hai1="21,12,111,78,61,119,60,15,22,86,41,39,105" hai2="3,57,56,49,51,13,112,63,128,37,38,36,132" hai3="70,53,4,84,20,72,94,85,120,76,79,24,73"/><V81/><F3/><W19/><G70/><T102/><D35/><U32/><E111/><V80/><F112/><W131/><G120/><T9/><D127/><U129/><E32/><V124/><F124/><W52/><G72/><T18/><D123/><U43/><E105/><V6/><F6/><W125/><G125/><T98/><D98/><U33/><E33/><V45/><F13/><W47/><G73/><T42/><D65/><U62/><E39/><N who="2" m="14923" /><F81/><W118/><G118/><T87/><D87/><U67/><E67/><N who="2" m="39399" /><F80/><W7/><G131/><T75/><D75/><U130/><E119/><V92/><F92/><W55/><G47/><AGARI ba="0,0" hai="9,14,18,42,47,50,58,59,97,99,101,102,104,106" machi="47" ten="40,1300,0" yaku="9,1" doraHai="126" who="0" fromWho="3" sc="392,13,253,0,281,0,74,-13" /><INIT seed="7,0,0,1,5,81" ten="405,253,281,61" oya="3" hai0="134,131,45,49,27,84,28,67,112,117,30,91,58" hai1="120,38,122,36,97,20,40,96,55,87,79,116,76" hai2="109,135,83,118,31,37,2,94,7,119,8,10,15" hai3="80,3,35,12,115,127,111,93,98,39,121,90,63"/><W105/><G115/><T128/><D112/><U65/><E65/><V74/><F109/><W1/><G111/><T22/><D134/><U106/><E55/><V46/><F94/><W47/><G121/><T48/><D30/><U13/><E116/><V53/><F31/><W130/><G130/><N who="0" m="49707" /><D45/><U56/><E56/><V33/><F33/><W123/><G123/><T129/><D117/><U42/><E20/><V78/><F135/><W24/><G127/><T57/><D57/><U107/><E13/><V110/><F110/><W132/><G132/><T66/><D129/><U77/><E77/><V23/><F23/><W113/><G113/><T9/><D9/><U95/><E95/><V125/><F125/><W99/><G63/><N who="0" m="38263" /><D67/><U16/><E87/><V61/><F61/><W104/><G12/><T69/><D69/><U11/><E11/><V89/><F89/><W43/><G80/><AGARI ba="0,0" hai="22,27,28,48,49,80,84,91" m="38263,49707" machi="80" ten="30,2000,0" yaku="19,1,52,1" doraHai="81" who="0" fromWho="3" sc="405,20,253,0,281,0,61,-20" owari="425,53.0,253,-15.0,281,8.0,41,-46.0" /></mjloggm>