<mjloggm ver="2.3"><GO type="169" lobby="0"/><UN n0="%E3%82%88%E3%81%97%E3%81%A0%E3%81%84%E3%81%9F%E3%82%8B" n1="%E7%AD%89%E3%80%85%E5%8A%9B%E5%8A%87%E5%A0%B4" n2="%E6%AD%A6%E7%94%B0%E8%88%9E%E5%BD%A9" n3="%E5%B8%B8%E5%8B%9D%EF%BC%9F%EF%BC%9F%E3%83%97%E3%83%AD" dan="17,17,18,16" rate="2169.95,2164.54,2248.74,2184.42" sx="M,M,M,M"/><TAIKYOKU oya="0"/><INIT seed="0,0,0,5,1,30" ten="250,250,250,250" oya="0" hai0="108,103,96,26,10,101,44,67,58,93,3,135,95" hai1="42,59,46,88,92,110,76,36,89,45,73,61,34" hai2="37,2,28,29,35,65,41,132,39,130,86,81,49" hai3="71,18,127,57,33,91,124,118,116,123,98,78,129"/><T126/><D135/><U68/><E110/><V11/><F132/><W8/><G71/><T31/><D126/><N who="3" m="48169" /><G78/><T66/><D108/><U119/><E119/><V105/><F105/><W32/><G129/><T9/><D44/><U7/><E68/><V74/><F65/><W14/><G123/><T53/><D3/><U128/><E128/><V79/><F28/><W47/><G57/><T122/><D122/><U1/><E46/><V25/><F130/><W107/><G47/><T12/><D95/><U6/><E34/><N who="3" m="13418" /><G91/><T51/><D103/><AGARI ba="0,0" hai="8,14,18,98,103,107,116,118" m="13418,48169" machi="103" ten="30,7700,0" yaku="18,1,52,3" doraHai="30" who="3" fromWho="0" sc="250,-77,250,0,250,0,250,77" /><INIT seed="1,0,0,0,2,9" ten="173,250,250,327" oya="1" hai0="47,127,73,124,77,113,27,116,69,90,5,20,110" hai1="95,22,76,133,62,85,7,21,98,28,102,123,100" hai2="37,55,40,6,132,97,45,35,25,53,134,41,126" hai3="65,63,42,107,32,14,109,60,135,12,11,103,16"/><U56/><E123/><V87/><F6/><W75/><G75/><T61/><D113/><U71/><E71/><V84/><F97/><W39/><G32/><T17/><D116/><U13/><E133/><N who="2" m="51307" /><F40/><W31/><G135/><T78/><D110/><U58/><E102/><V93/><F126/><W43/><G31/><T131/><D131/><U99/><E99/><V23/><F35/><W36/><G109/><T19/><D90/><U51/><E51/><V64/><F64/><W117/><G117/><T33/><D33/><U96/><E96/><V114/><F114/><W24/><G24/><T86/><D73/><U38/><E38/><V128/><F128/><W70/><G107/><T29/><D5/><U4/><E58/><V89/><F87/><W1/><G1/><T15/><D47/><U3/><E3/><V57/><F57/><W66/><G103/><T79/><D86/><U46/><E46/><V112/><F112/><W106/><G106/><T18/><D61/><U0/><E0/><V81/><F81/><W54/><G54/><T49/><D49/><U120/><E120/><V118/><F118/><W108/><G108/><T92/><D92/><U72/><E72/><V34/><F34/><W80/><G80/><T122/><D69/><U2/><E2/><V104/><F104/><W111/><G111/><T121/><D121/><U26/><E85/><V105/><F105/><W125/><G36/><T130/><D122/><U50/><E50/><V67/><F67/><W83/><G39/><T59/><D130/><U91/><E62/><V101/><F101/><W52/><G66/><RYUUKYOKU ba="0,0" sc="173,-10,250,-10,250,30,327,-10" hai2="23,25,37,41,45,53,55,84,89,93" /><INIT seed="2,1,0,1,0,77" ten="163,240,280,317" oya="2" hai0="135,81,14,33,44,34,127,60,61,24,39,59,78" hai1="3,79,121,17,26,124,114,58,126,5,8,82,13" hai2="106,0,118,97,85,80,21,22,40,45,128,71,95" hai3="6,47,48,64,19,101,103,20,129,98,27,46,119"/><V113/><F113/><W120/><G129/><T107/><D135/><U104/><E104/><V50/><F118/><W66/><G120/><T84/><D127/><U90/><E114/><V55/><F128/><W43/><G119/><T69/><D107/><U125/><E121/><V25/><F0/><W87/><G6/><T93/><D69/><U68/><E68/><V102/><F71/><W100/><G98/><T91/><D14/><U42/><E42/><V131/><F131/><W89/><REACH who="3" step="1"/><G47/><REACH who="3" ten="163,240,280,307" step="2"/><T74/><D44/><U99/><E5/><V86/><F97/><W11/><G11/><T133/><D133/><U10/><E8/><V62/><F45/><W88/><G88/><T41/><D39/><U72/><E90/><V75/><F102/><W111/><G111/><T134/><D134/><U54/><E99/><V132/><F132/><W96/><G96/><T123/><D123/><U37/><E37/><V31/><F106/><W38/><G38/><T9/><D9/><U28/><E3/><V109/><F109/><W57/><G57/><T116/><D116/><U7/><E7/><V29/><F40/><W36/><G36/><T53/><D41/><U67/><E58/><V70/><F70/><W108/><G108/><T35/><REACH who="0" step="1"/><D61/><REACH who="0" ten="153,240,280,307" step="2"/><U16/><E125/><V49/><F62/><W73/><G73/><T105/><D105/><U115/><E126/><V83/><F75/><W112/><G112/><T32/><D32/><N who="1" m="20503" /><E115/><V76/><F49/><W1/><G1/><T94/><D94/><AGARI ba="1,2" hai="19,20,27,43,46,48,64,66,87,89,94,100,101,103" machi="94" ten="40,8000,1" yaku="1,1,8,1,53,2" doraHai="77" doraHaiUra="63" who="3" fromWho="0" sc="153,-83,240,0,280,0,307,103" /><INIT seed="3,0,0,1,1,0" ten="70,240,280,410" oya="3" hai0="113,44,112,58,98,42,119,126,53,47,45,19,80" hai1="22,120,40,17,38,54,27,26,106,85,37,6,30" hai2="24,10,116,97,13,87,99,122,55,68,94,101,48" hai3="104,132,76,131,33,29,135,34,2,70,114,134,91"/><W71/><G29/><T74/><D98/><U66/><E120/><V18/><F116/><W57/><G57/><T15/><D119/><U88/><E106/><V92/><F68/><N who="3" m="26155" /><G91/><T118/><D118/><U41/><E66/><V56/><F122/><W35/><G76/><T1/><D1/><U105/><E105/><V130/><F130/><W121/><G121/><T62/><D126/><U129/><E129/><V103/><F87/><W90/><G131/><T11/><D80/><U82/><E54/><V77/><F77/><W89/><G104/><T43/><REACH who="0" step="1"/><D74/><REACH who="0" ten="60,240,280,410" step="2"/><U3/><E3/><V73/><F73/><W52/><G2/><T25/><D25/><AGARI ba="0,1" hai="10,13,18,24,25,48,55,56,92,94,97,99,101,103" machi="25" ten="40,2600,0" yaku="9,1,8,1" doraHai="0" who="2" fromWho="0" sc="60,-26,240,0,280,36,410,0" /><INIT seed="4,0,0,5,3,88" ten="34,240,316,410" oya="0" hai0="64,0,108,103,95,11,126,60,1,130,131,26,80" hai1="113,84,27,135,119,28,79,13,43,54,23,75,2" hai2="87,52,34,44,36,18,104,91,93,32,115,101,99" hai3="24,122,106,124,55,49,42,117,72,70,58,102,74"/><T57/><D126/><U82/><E2/><V76/><F115/><W96/><G117/><T81/><D108/><U128/><E119/><V66/><F66/><W107/><G107/><T14/><D26/><U94/><E128/><N who="0" m="49193" /><D0/><U3/><E3/><V35/><F18/><W111/><G111/><T125/><D1/><U16/><E135/><V77/><REACH who="2" step="1"/><F36/><REACH who="2" ten="34,240,306,410" step="2"/><W62/><G124/><T129/><N who="0" m="49201" /><T116/><DORA hai="132" /><D125/><U90/><E113/><V17/><F17/><W37/><G122/><T97/><D116/><U41/><REACH who="1" step="1"/><E54/><REACH who="1" ten="34,230,306,410" step="2"/><V10/><F10/><AGARI ba="0,2" hai="10,13,16,23,27,28,41,43,75,79,82,84,90,94" machi="10" ten="30,8000,1" yaku="1,1,2,1,7,1,52,1,54,1,53,0" doraHai="88,132" doraHaiUra="121,100" who="1" fromWho="2" sc="34,0,230,100,306,-80,410,0" /><INIT seed="5,0,0,5,1,90" ten="34,330,226,410" oya="1" hai0="5,9,29,62,108,21,128,32,133,122,97,83,63" hai1="112,60,106,27,57,33,58,89,124,74,51,64,30" hai2="86,104,87,6,54,49,19,31,70,23,7,125,16" hai3="24,94,135,67,80,85,126,3,35,59,107,66,84"/><U99/><E112/><V114/><F70/><W26/><G107/><T44/><D108/><U18/><E124/><V123/><F123/><W71/><G3/><T46/><D122/><U2/><E74/><V110/><F110/><W102/><G71/><T8/><D32/><U37/><E37/><V42/><F104/><W131/><G35/><T75/><D133/><U95/><E2/><V130/><F130/><W69/><G69/><T53/><D128/><U22/><E106/><V88/><F42/><W117/><G131/><T132/><D132/><U11/><E11/><V93/><F125/><W127/><G135/><T109/><D109/><U17/><E33/><V134/><F114/><W41/><G41/><T98/><D83/><U55/><AGARI ba="0,0" hai="17,18,22,27,30,51,55,57,58,60,64,89,95,99" machi="55" ten="30,6000,0" yaku="0,1,8,1,52,1" doraHai="90" who="1" fromWho="1" sc="34,-20,330,60,226,-20,410,-20" /><INIT seed="5,1,0,2,3,72" ten="14,390,206,390" oya="1" hai0="78,13,10,20,87,54,77,109,73,47,7,80,27" hai1="134,119,59,69,98,127,89,94,135,103,117,122,28" hai2="112,53,60,106,44,81,6,1,51,110,70,0,104" hai3="105,133,22,39,100,32,36,12,82,123,8,31,132"/><U50/><E69/><V90/><F110/><W88/><G123/><T9/><D109/><U52/><E122/><V26/><F112/><W18/><G32/><T79/><D73/><U3/><E3/><V114/><F114/><W48/><G105/><T76/><D10/><U67/><E67/><V91/><F26/><N who="3" m="16855" /><G100/><T61/><D61/><U96/><E28/><V5/><F60/><W99/><G48/><N who="0" m="28959" /><D78/><U4/><E4/><V64/><F64/><W121/><G121/><T75/><D75/><U25/><E25/><V128/><F70/><W34/><G34/><T130/><D130/><U115/><E127/><V55/><F51/><W17/><G18/><AGARI ba="1,0" hai="7,9,13,18,20,27,76,77,79,80,87" m="28959" machi="18" ten="30,7700,0" yaku="8,1,52,3" doraHai="72" who="0" fromWho="3" sc="14,80,390,0,206,0,390,-80" /><INIT seed="6,0,0,2,4,16" ten="94,390,206,310" oya="2" hai0="2,23,127,67,44,20,84,5,79,14,62,117,106" hai1="29,34,24,98,6,78,77,121,93,70,33,68,116" hai2="73,46,39,65,21,4,48,42,114,36,132,32,110" hai3="109,69,92,99,59,50,56,53,58,76,3,131,130"/><V9/><F32/><W7/><G109/><T47/><D106/><U108/><E116/><V0/><F114/><W28/><G69/><T96/><D2/><U105/><E105/><V115/><F115/><W85/><G28/><T120/><D120/><U54/><E108/><V43/><F110/><W37/><G37/><T49/><D117/><U119/><E119/><V122/><F122/><W17/><G7/><T123/><D123/><U124/><E121/><V112/><F73/><W71/><G71/><T88/><D96/><U63/><E124/><V25/><F132/><W104/><G3/><T89/><D79/><U15/><E34/><V64/><F112/><W95/><G104/><T134/><D127/><U135/><E135/><V87/><F87/><W102/><G130/><T31/><D31/><U97/><E97/><V1/><F1/><W82/><G95/><T30/><D30/><U10/><E70/><V107/><F107/><W40/><G40/><T27/><D27/><U128/><E128/><V12/><F0/><W26/><G131/><T41/><D47/><U100/><E68/><V74/><F74/><W125/><G125/><T103/><D103/><U75/><E75/><V86/><F86/><W45/><G45/><T72/><D72/><U60/><E33/><V19/><REACH who="2" step="1"/><F42/><REACH who="2" ten="94,390,196,310" step="2"/><W11/><G85/><T61/><D134/><U55/><E98/><V118/><F118/><W81/><G99/><T38/><D84/><U133/><E133/><V8/><F8/><W101/><G11/><T22/><D41/><U126/><E126/><V90/><F90/><W83/><G102/><RYUUKYOKU ba="0,1" sc="94,-10,390,-10,196,30,310,-10" hai2="4,9,12,19,21,25,36,39,43,46,48,64,65" /><INIT seed="6,1,1,3,4,81" ten="84,380,226,300" oya="2" hai0="130,124,87,117,83,104,5,49,25,98,82,86,11" hai1="34,43,76,106,63,85,64,8,13,9,107,45,60" hai2="7,77,96,10,53,40,48,30,105,66,32,79,133" hai3="27,54,115,90,62,102,18,73,29,80,37,84,112"/><V51/><F133/><W46/><G73/><T78/><D130/><U61/><E34/><V33/><F66/><W71/><G18/><T113/><D113/><N who="3" m="43593" /><G102/><T122/><D122/><U42/><E9/><V100/><F40/><W14/><G14/><T118/><D124/><U126/><E126/><V119/><F119/><N who="0" m="45578" /><D25/><U69/><E43/><V50/><F53/><W24/><G37/><T38/><D38/><U68/><E107/><V101/><F101/><W120/><G120/><T95/><D49/><U3/><E3/><V44/><F44/><W97/><G97/><T39/><D39/><U2/><E2/><V128/><F128/><W92/><G29/><T58/><D58/><U55/><E106/><V35/><REACH who="2" step="1"/><F30/><REACH who="2" ten="84,380,216,300" step="2"/><W0/><G46/><T123/><D123/><U22/><E45/><V4/><F4/><W21/><G54/><T20/><D5/><U125/><E55/><V110/><F110/><W16/><G71/><T6/><D6/><U103/><E68/><V109/><F109/><W65/><G65/><T52/><D52/><U88/><E64/><V99/><F99/><N who="3" m="57751" /><G62/><T23/><D104/><U26/><E61/><V134/><F134/><W36/><G36/><T89/><D11/><U70/><E8/><V28/><F28/><W31/><G0/><AGARI ba="1,2" hai="0,7,10,32,33,35,48,50,51,77,79,96,100,105" machi="0" ten="50,2400,0" yaku="1,1,53,0" doraHai="81" doraHaiUra="56" who="2" fromWho="3" sc="84,0,380,0,216,47,300,-27" /><INIT seed="6,2,0,2,5,125" ten="84,380,263,273" oya="2" hai0="95,126,4,97,115,20,96,47,52,48,131,104,106" hai1="56,17,85,70,117,133,11,40,50,111,61,75,57" hai2="68,24,33,100,113,18,112,135,67,120,130,41,10" hai3="134,74,3,0,22,110,105,64,35,13,71,119,129"/><V45/><F120/><W6/><RYUUKYOKU type="yao9" ba="2,0" sc="84,0,380,0,263,0,273,0" hai3="0,3,6,13,22,35,64,71,74,105,110,119,129,134" /><INIT seed="6,3,0,5,5,95" ten="84,380,263,273" oya="2" hai0="1,117,123,45,134,90,4,29,116,60,36,135,87" hai1="63,43,32,125,81,83,99,78,25,106,22,51,16" hai2="44,71,72,28,64,40,74,122,66,97,131,108,113" hai3="129,58,94,18,19,24,57,23,104,34,8,21,126"/><V124/><F122/><W49/><G104/><T132/><D29/><U92/><E125/><V10/><F124/><W112/><G126/><T111/><D4/><U33/><E106/><V48/><F113/><W76/><G34/><T2/><D123/><U27/><E63/><V105/><F131/><W85/><G129/><T0/><D111/><U98/><E83/><V75/><F108/><W35/><G35/><T77/><D77/><U109/><E109/><V61/><F64/><W70/><G70/><T107/><D107/><U84/><E27/><V42/><F28/><W80/><G112/><T12/><D12/><U15/><E15/><V118/><F118/><W47/><G8/><T102/><D102/><U93/><E43/><V26/><F26/><N who="3" m="14647" /><G94/><T14/><D14/><U20/><E22/><V91/><F10/><W53/><AGARI ba="3,0" hai="19,23,24,47,49,53,57,58,76,80,85" m="14647" machi="53" ten="30,1100,0" yaku="8,1" doraHai="95" who="3" fromWho="3" sc="84,-6,380,-6,263,-8,273,20" /><INIT seed="7,0,0,4,0,91" ten="78,374,255,293" oya="3" hai0="20,66,30,21,112,0,57,31,46,16,56,113,14" hai1="128,129,60,44,70,87,33,134,105,86,89,35,2" hai2="48,83,51,53,92,75,120,17,49,42,69,34,11" hai3="45,27,108,114,96,116,41,131,13,135,4,98,65"/><W26/><G116/><T93/><D46/><U107/><E2/><V67/><F34/><N who="1" m="12809" /><E44/><V36/><F120/><W59/><G114/><T40/><D40/><U10/><E10/><V133/><F133/><W29/><G135/><T9/><D66/><N who="1" m="41287" /><E87/><V50/><F17/><W104/><G104/><T24/><D57/><U72/><E72/><V97/><F11/><N who="3" m="4327" /><G131/><N who="1" m="50250" /><E134/><V73/><F36/><W99/><G108/><T118/><D56/><U61/><E61/><V124/><F42/><W19/><G29/><T121/><D121/><U130/><E130/><V38/><F38/><W110/><G110/><T119/><D93/><AGARI ba="0,0" hai="86,89,93,105,107" m="50250,41287,12809" machi="93" ten="30,2000,0" yaku="19,1,52,1" doraHai="91" who="1" fromWho="0" sc="78,-20,374,20,255,0,293,0" owari="58,-44.0,394,49.0,255,-14.0,293,9.0" /></mjloggm>