<mjloggm ver="2.3"><GO type="225" lobby="0"/><UN n0="%E7%99%BD%E8%9B%87%E3%81%AE%E3%83%8A%E3%83%BC%E3%82%AC" n1="%E3%83%9D%E3%82%A4%E3%83%B3%E3%83%88%E9%82%84%E5%85%83" n2="%E6%AF%9B%E8%8D%92%E3%82%8C%E3%83%BB%E3%82%B9%E3%83%9F%E3%82%B9" n3="%4B%61%74%65" dan="16,16,16,17" rate="2106.04,2099.57,2094.56,2213.48" sx="M,M,F,M"/><TAIKYOKU oya="0"/><INIT seed="0,0,0,4,4,96" ten="250,250,250,250" oya="0" hai0="102,5,59,9,110,44,89,135,108,15,134,127,34" hai1="118,19,124,86,57,68,3,88,29,42,90,131,64" hai2="54,14,51,103,87,115,82,60,126,73,46,47,70" hai3="113,28,80,21,107,120,18,20,92,75,111,114,98"/><T95/><D34/><U53/><E3/><V132/><F126/><W71/><G71/><T45/><D127/><U35/><E118/><V116/><F132/><N who="0" m="50730" /><D59/><U12/><E42/><V125/><F125/><W123/><G107/><T119/><D119/><U128/><E64/><V38/><F115/><W62/><G28/><T50/><D50/><U81/><E68/><V133/><F133/><W32/><G32/><T67/><D67/><U48/><E29/><V100/><F116/><W97/><G62/><T76/><D76/><N who="1" m="46375" /><E35/><V40/><F73/><W8/><G8/><T23/><D23/><N who="1" m="11751" /><E124/><V79/><REACH who="2" step="1"/><F14/><REACH who="2" ten="250,250,240,250" step="2"/><N who="3" m="9303" /><G75/><T37/><D37/><U25/><E131/><V84/><F84/><W31/><G113/><T130/><D130/><U7/><E128/><V4/><F4/><W83/><G114/><T72/><D72/><U2/><E7/><V52/><F52/><W49/><G120/><T22/><D22/><U36/><E2/><V117/><F117/><W27/><G123/><T30/><D30/><U63/><E25/><V11/><F11/><W1/><G1/><T43/><D43/><U69/><E36/><V74/><F74/><W24/><G24/><T16/><D5/><U33/><E33/><V26/><F26/><W105/><G31/><T61/><D61/><U122/><E122/><V129/><F129/><W0/><G21/><T65/><D65/><AGARI ba="0,1" hai="38,40,46,47,51,54,60,65,70,79,82,87,100,103" machi="65" ten="40,8000,1" yaku="1,1,52,2,53,1" doraHai="96" doraHaiUra="77" who="2" fromWho="0" sc="250,-80,250,0,240,90,250,0" /><INIT seed="1,0,0,3,2,92" ten="170,250,330,250" oya="1" hai0="128,45,3,63,32,14,54,120,52,75,11,77,117" hai1="82,26,95,38,80,5,97,88,111,9,108,42,99" hai2="127,59,81,94,43,1,50,98,72,74,96,84,91" hai3="25,58,102,17,76,113,40,126,20,12,60,21,36"/><U89/><E26/><V125/><F1/><W19/><G113/><T46/><D117/><U106/><E38/><V35/><F35/><W129/><G129/><T47/><D128/><U2/><E42/><V83/><F59/><W18/><G126/><N who="2" m="48137" /><F50/><W6/><G76/><T48/><D32/><U7/><E7/><V134/><F43/><W13/><G102/><T0/><D120/><U85/><REACH who="1" step="1"/><E80/><REACH who="1" ten="170,240,330,250" step="2"/><N who="2" m="30795" /><F134/><W39/><G40/><T49/><D75/><AGARI ba="0,1" hai="72,74,75,84,91,94,96,98" m="30795,48137" machi="75" ten="30,8000,1" yaku="18,1,34,2,52,2" doraHai="92" who="2" fromWho="0" sc="170,-80,240,0,330,90,250,0" /><INIT seed="2,0,0,5,2,61" ten="90,240,420,250" oya="2" hai0="123,4,74,67,26,111,6,5,80,15,97,94,57" hai1="52,51,7,112,12,110,104,35,126,31,40,22,124" hai2="20,23,101,19,29,55,121,90,38,129,54,134,13" hai3="115,11,82,24,48,98,127,42,49,113,131,69,92"/><V0/><F121/><W25/><G69/><T89/><D123/><U100/><E110/><V70/><F38/><W50/><G42/><T120/><D120/><U76/><E112/><V46/><F0/><W60/><G127/><N who="1" m="48682" /><E40/><V118/><F129/><W128/><G60/><N who="0" m="38287" /><D111/><U95/><E76/><V56/><F134/><W41/><G82/><T3/><D3/><U103/><E104/><V58/><F118/><W65/><G11/><T71/><D71/><U17/><E7/><N who="0" m="1793" /><T21/><DORA hai="96" /><D74/><U72/><E95/><V125/><F70/><W132/><G41/><T78/><D15/><U86/><E86/><V37/><F37/><W79/><G79/><T30/><D80/><U2/><E72/><V1/><F1/><W91/><G132/><T8/><D78/><U9/><E35/><V107/><F107/><W28/><G65/><T59/><D59/><N who="1" m="33183" /><E2/><V85/><F125/><W114/><G25/><AGARI ba="0,0" hai="9,12,17,22,25,31,100,103" m="33183,48682" machi="25" ten="30,7700,0" yaku="18,1,52,2,54,1" doraHai="61,96" who="1" fromWho="3" sc="90,0,240,77,420,0,250,-77" /><INIT seed="3,0,0,3,2,112" ten="90,317,420,173" oya="3" hai0="114,95,70,87,125,26,39,85,58,94,45,76,89" hai1="14,48,17,54,93,27,72,109,42,117,15,53,4" hai2="9,135,0,100,97,61,105,127,18,124,11,99,32" hai3="41,120,106,5,121,52,10,122,104,66,111,115,49"/><W51/><G115/><T130/><D70/><U67/><E109/><V44/><F135/><W84/><G66/><T38/><D114/><U8/><E72/><V102/><F32/><W21/><G111/><T57/><D130/><U116/><E27/><V40/><F61/><W25/><G49/><T113/><D113/><U88/><E42/><V86/><F86/><W30/><G41/><T60/><D125/><N who="2" m="48202" /><F18/><W78/><G84/><T62/><D26/><U22/><E67/><V123/><F0/><W28/><G28/><T75/><D75/><U19/><E19/><V118/><F118/><N who="1" m="45673" /><E48/><N who="2" m="26631" /><F123/><W119/><G78/><T128/><D128/><U108/><E108/><V43/><F43/><W83/><G83/><T134/><D134/><U90/><E90/><V101/><F101/><W63/><G63/><T31/><D31/><U56/><E56/><V33/><F33/><W65/><G65/><T20/><D45/><U69/><E69/><V68/><F68/><W71/><G71/><T46/><D46/><U64/><E64/><V107/><AGARI ba="0,0" hai="9,11,97,99,100,102,105,107" m="26631,48202" machi="107" ten="30,1100,0" yaku="18,1" doraHai="112" who="2" fromWho="2" sc="90,-3,317,-3,420,11,173,-5" owari="87,-41.0,314,11.0,431,53.0,168,-23.0" /></mjloggm>