<mjloggm ver="2.3"><GO type="169" lobby="0"/><UN n0="%E7%A8%B2%E5%A6%BB%E3%81%A1%E3%82%83%E3%81%A3%E3%81%B4%E3%83%BC" n1="%EF%BC%98%EF%BC%90%EF%BC%90%EF%BC%98" n2="%E3%81%94%E3%82%8B%E3%81%A3" n3="%50%65%74%65%72%50%61%6E" dan="16,17,16,16" rate="2113.12,2182.27,2147.11,2070.43" sx="M,M,M,M"/><TAIKYOKU oya="0"/><INIT seed="0,0,0,2,0,83" ten="250,250,250,250" oya="0" hai0="71,123,54,105,41,78,2,75,106,49,48,10,24" hai1="129,64,73,16,118,113,26,122,66,127,114,108,104" hai2="31,47,135,132,27,97,20,53,72,116,130,84,44" hai3="96,128,39,117,111,13,121,88,90,0,86,81,11"/><T77/><D123/><U57/><E73/><V19/><F72/><W55/><G117/><T102/><D71/><U94/><E104/><V22/><F116/><W35/><G0/><T25/><D41/><U59/><E118/><V9/><F130/><W14/><G35/><T98/><D106/><U52/><E122/><V37/><F97/><W100/><G39/><T79/><D75/><U50/><E129/><V29/><F9/><W91/><G128/><T33/><D48/><U112/><E127/><V60/><F37/><W58/><G111/><T51/><D51/><U3/><E3/><V69/><F31/><W42/><G42/><T87/><D33/><U93/><E108/><V101/><F101/><W15/><G11/><T82/><D10/><U99/><E59/><V107/><F107/><W134/><G134/><T56/><REACH who="0" step="1"/><D2/><REACH who="0" ten="240,250,250,250" step="2"/><U80/><E113/><V76/><F69/><W131/><G121/><T61/><D61/><U74/><E112/><V62/><F62/><N who="3" m="36191" /><G131/><T115/><D115/><U46/><E114/><V85/><F135/><W95/><AGARI ba="0,1" hai="13,14,15,81,86,88,90,91,95,96,100" m="36191" machi="95" ten="30,4000,0" yaku="8,1,52,1,54,1" doraHai="83" who="3" fromWho="3" sc="240,-20,250,-10,250,-10,250,50" /><INIT seed="1,0,0,3,5,105" ten="220,240,240,300" oya="1" hai0="93,33,60,36,51,121,83,40,30,24,61,35,99" hai1="6,78,14,9,25,59,101,124,109,10,64,95,48" hai2="55,88,38,116,135,120,56,20,2,81,62,113,47" hai3="111,54,108,115,46,53,112,133,22,67,131,123,75"/><U42/><E124/><V134/><F116/><W73/><G123/><T98/><D121/><U104/><E104/><V110/><F120/><W129/><G22/><T5/><D36/><U100/><E109/><N who="3" m="42058" /><G67/><T97/><D35/><U4/><E78/><V52/><F110/><W126/><G133/><N who="2" m="50697" /><F2/><W32/><G32/><T103/><D5/><U27/><E42/><N who="2" m="22999" /><F20/><W68/><G68/><T66/><D61/><U76/><E76/><V132/><N who="2" m="50705" /><V44/><DORA hai="127" /><F113/><N who="3" m="43595" /><G126/><T80/><D40/><U79/><E79/><V0/><F0/><W23/><G23/><T43/><D43/><U118/><E118/><V122/><F122/><W128/><G46/><T96/><REACH who="0" step="1"/><D51/><REACH who="0" ten="210,240,240,300" step="2"/><U107/><E48/><N who="2" m="28679" /><F81/><W86/><G86/><T102/><D102/><U92/><E101/><V63/><F88/><W89/><G89/><T72/><D72/><AGARI ba="0,1" hai="53,54,72,73,75,128,129,131" m="43595,42058" machi="72" ten="40,16000,3" yaku="28,2,19,1,14,1,52,6" doraHai="105,127" who="3" fromWho="0" sc="210,-160,240,0,240,0,300,170" /><INIT seed="2,0,0,4,1,99" ten="50,240,240,470" oya="2" hai0="64,86,26,57,113,47,52,112,123,71,74,44,4" hai1="83,38,9,80,17,93,13,101,128,21,0,60,105" hai2="81,7,63,108,62,87,85,120,75,20,49,79,116" hai3="22,94,117,51,69,102,14,89,42,111,114,68,134"/><V55/><F116/><W119/><G111/><T115/><D74/><U126/><E105/><V133/><F120/><W27/><G134/><T118/><D123/><U31/><E38/><V104/><F133/><W10/><G114/><T29/><D118/><U122/><E126/><V70/><F104/><W33/><G33/><T107/><D4/><U36/><E36/><V50/><F108/><W78/><G78/><T129/><D129/><U19/><E128/><V91/><F7/><W32/><G32/><T95/><D107/><U30/><E0/><V90/><F20/><W76/><G76/><T58/><D71/><U1/><E1/><V61/><F70/><W97/><G89/><T54/><D64/><U11/><E60/><V16/><F75/><W18/><G68/><T96/><D86/><U43/><E43/><V56/><F50/><W2/><G2/><T34/><D57/><U130/><E130/><V48/><F48/><W73/><G73/><T124/><D124/><U132/><E11/><V121/><F121/><W100/><G100/><T125/><D125/><U41/><E41/><V8/><REACH who="2" step="1"/><F87/><REACH who="2" ten="50,240,230,470" step="2"/><W25/><G69/><T127/><D127/><U15/><E132/><V98/><F98/><W39/><G39/><T37/><D37/><U24/><E122/><V131/><F131/><W3/><G119/><T59/><D59/><U66/><E9/><V6/><F6/><N who="3" m="1375" /><G117/><T23/><D34/><U82/><E21/><V40/><F40/><W77/><G42/><T84/><D84/><U103/><E31/><V12/><AGARI ba="0,1" hai="8,12,16,49,55,56,61,62,63,79,81,85,90,91" machi="12" ten="30,11700,0" yaku="1,1,0,1,8,1,54,1,53,0" doraHai="99" doraHaiUra="110" who="2" fromWho="2" sc="50,-39,240,-39,230,127,470,-39" /><INIT seed="2,1,0,2,4,114" ten="11,201,357,431" oya="2" hai0="122,67,108,17,38,104,10,88,39,123,80,101,49" hai1="91,70,35,44,132,74,14,131,32,129,54,94,8" hai2="85,12,18,121,52,126,11,9,117,7,23,27,36" hai3="83,75,28,135,60,65,76,24,81,57,19,79,71"/><V47/><F121/><W77/><G135/><T100/><D108/><U3/><E3/><V99/><F126/><W105/><G105/><T42/><D67/><U66/><E74/><V31/><F117/><W41/><G41/><T45/><D39/><U73/><E73/><V30/><F36/><W25/><G19/><T127/><D127/><U116/><E132/><V51/><F99/><W113/><G113/><T46/><D122/><U53/><E66/><V15/><REACH who="2" step="1"/><F85/><REACH who="2" ten="11,201,347,431" step="2"/><W64/><G75/><T125/><D125/><U93/><E116/><V111/><F111/><W112/><G112/><T61/><D123/><U72/><E72/><V33/><F33/><W103/><G71/><T0/><D104/><U102/><E70/><V50/><F50/><W109/><G109/><T106/><D106/><U124/><E35/><V13/><F13/><W29/><G24/><T119/><D119/><U20/><E32/><V78/><F78/><W56/><G25/><T95/><D61/><U89/><E14/><V34/><F34/><W115/><G115/><T55/><D0/><U82/><E124/><V48/><F48/><W92/><G77/><T16/><D10/><U59/><E8/><V69/><F69/><W26/><G26/><T87/><REACH who="0" step="1"/><D101/><REACH who="0" ten="1,201,347,431" step="2"/><U4/><E102/><V107/><F107/><W37/><G37/><T5/><D5/><AGARI ba="1,2" hai="5,7,9,11,12,15,18,23,27,30,31,47,51,52" machi="5" ten="30,18000,2" yaku="1,1,7,1,9,1,8,1,54,1,53,1" doraHai="114" doraHaiUra="21" who="2" fromWho="0" sc="1,-183,201,0,347,203,431,0" owari="-182,-68.0,201,-20.0,550,65.0,431,23.0" /></mjloggm>