<mjloggm ver="2.3"><GO type="169" lobby="0"/><UN n0="%E3%82%8F%E3%81%9F%E3%81%93%E3%82%93" n1="%6F%6B%62%6F%6B%62" n2="%E5%A4%8F%E6%81%8B%E8%8A%B1%E7%81%AB" n3="%E3%83%AA%E3%83%BC%E3%83%81%E3%83%89%E3%83%A9%33" dan="16,16,16,16" rate="2080.31,2050.62,2156.55,2127.82" sx="M,M,M,M"/><TAIKYOKU oya="0"/><INIT seed="0,0,0,2,2,60" ten="250,250,250,250" oya="0" hai0="119,67,118,32,10,105,98,12,3,108,104,5,87" hai1="37,127,97,43,129,69,21,123,23,82,96,25,57" hai2="26,51,64,133,54,29,36,134,125,1,101,100,124" hai3="8,106,2,47,19,115,31,92,49,83,50,39,52"/><T80/><D32/><U132/><E123/><V61/><F1/><W20/><G106/><T128/><D128/><U70/><E129/><V86/><F36/><W107/><G107/><T48/><D108/><U6/><E132/><N who="2" m="50795" /><F86/><W78/><G115/><T120/><D120/><U16/><E127/><N who="2" m="48715" /><F26/><W71/><G71/><T56/><D3/><U122/><E122/><V90/><F29/><W74/><G31/><T0/><D0/><U77/><E6/><V28/><F90/><W110/><G110/><T76/><D104/><U73/><E57/><N who="2" m="32991" /><F28/><W89/><G2/><T75/><D75/><U46/><REACH who="1" step="1"/><E21/><REACH who="1" ten="250,240,250,250" step="2"/><V34/><F34/><W45/><G8/><T63/><REACH who="0" step="1"/><D48/><REACH who="0" ten="240,240,250,250" step="2"/><U22/><E22/><V27/><F27/><W18/><G39/><T116/><D116/><U24/><E24/><V35/><F35/><W33/><G33/><T79/><D79/><U13/><E13/><V121/><F121/><W93/><G20/><T113/><D113/><U7/><E7/><V99/><F99/><AGARI ba="0,2" hai="16,23,25,37,43,46,69,70,73,77,82,96,97,99" machi="99" ten="40,2600,0" yaku="1,1,54,1,53,0" doraHai="60" doraHaiUra="135" who="1" fromWho="2" sc="240,0,240,46,250,-26,250,0" /><INIT seed="1,0,0,2,0,40" ten="240,286,224,250" oya="1" hai0="68,60,131,87,109,121,112,96,16,50,120,103,31" hai1="85,126,108,64,127,95,92,30,37,102,2,69,89" hai2="57,75,35,55,22,10,88,47,36,7,133,38,18" hai3="23,98,49,56,105,90,86,118,81,132,128,66,70"/><U27/><E2/><V51/><F75/><W82/><G128/><T65/><D112/><U117/><E117/><V26/><F133/><W1/><G132/><T62/><D131/><U33/><E37/><V130/><F130/><W11/><G70/><T71/><D109/><U94/><E108/><V100/><F100/><W111/><G111/><T52/><D31/><U84/><E102/><V97/><F35/><W110/><G105/><T32/><D32/><U61/><REACH who="1" step="1"/><E85/><REACH who="1" ten="240,276,224,250" step="2"/><V116/><F116/><W48/><G118/><T72/><D87/><U67/><E67/><V54/><F97/><W44/><G98/><T78/><D65/><U19/><E19/><V20/><F20/><W80/><G66/><T106/><D16/><U13/><E13/><N who="2" m="5343" /><F36/><W45/><G1/><T9/><D103/><U83/><AGARI ba="0,1" hai="27,30,33,61,64,69,83,84,89,92,94,95,126,127" machi="83" ten="30,3000,0" yaku="1,1,0,1,53,0" doraHai="40" doraHaiUra="99" who="1" fromWho="1" sc="240,-10,276,40,224,-10,250,-10" /><INIT seed="1,1,0,0,0,60" ten="230,316,214,240" oya="1" hai0="16,110,49,54,43,56,72,78,113,50,6,13,40" hai1="57,103,68,100,92,104,108,81,96,45,134,83,71" hai2="58,120,73,75,88,24,129,133,62,27,102,105,77" hai3="17,107,51,76,21,93,90,125,123,126,63,94,59"/><U28/><E134/><V26/><F120/><W98/><G123/><T74/><D113/><U99/><E28/><V47/><F133/><W14/><G76/><T122/><D122/><U10/><E108/><V118/><F118/><W70/><G70/><T37/><D37/><U135/><E135/><V1/><F1/><W8/><G107/><T82/><D110/><U116/><E116/><V61/><F129/><W115/><G115/><T36/><D36/><U25/><E25/><V0/><F0/><W48/><G94/><T79/><D6/><U84/><E10/><V44/><F77/><W67/><REACH who="3" step="1"/><G8/><REACH who="3" ten="230,316,214,230" step="2"/><T35/><D78/><U85/><E92/><V121/><F121/><W97/><G97/><T114/><D114/><U95/><E95/><V111/><F111/><W33/><G33/><T19/><D35/><U89/><E104/><V119/><F119/><W32/><G32/><T112/><D112/><U31/><E68/><V20/><F105/><W69/><G69/><T5/><D72/><U65/><E71/><V41/><F73/><W55/><G55/><T30/><D74/><U42/><E96/><V46/><F75/><W22/><G22/><T11/><D79/><N who="1" m="46143" /><E99/><V3/><F102/><W131/><G131/><T53/><D82/><U109/><E109/><V66/><F20/><W64/><G64/><T86/><D53/><U23/><E23/><V39/><F88/><W4/><G4/><T34/><D34/><U7/><E7/><V38/><F41/><W2/><G2/><T124/><D5/><U106/><E106/><V15/><F3/><W52/><G52/><RYUUKYOKU ba="1,1" sc="230,-10,316,-10,214,-10,230,30" hai3="14,17,21,48,51,59,63,67,90,93,98,125,126" /><INIT seed="2,2,1,1,0,41" ten="220,306,204,260" oya="2" hai0="91,114,77,110,64,35,52,96,131,4,135,132,69" hai1="92,101,102,72,74,129,112,82,111,34,3,126,21" hai2="57,122,99,29,133,45,63,25,67,31,11,50,49" hai3="39,65,85,95,71,48,104,53,37,89,59,19,23"/><V124/><F122/><W6/><G104/><T70/><D114/><U61/><E34/><V79/><F133/><N who="0" m="51274" /><D110/><U54/><E112/><V17/><F124/><W130/><G130/><T15/><D131/><U134/><E129/><V0/><F0/><W55/><G6/><T10/><D35/><U32/><E32/><V16/><F79/><W51/><G71/><T93/><D64/><U24/><E3/><V100/><F49/><W127/><G65/><T94/><D77/><U86/><E134/><V105/><F11/><W27/><REACH who="3" step="1"/><G127/><REACH who="3" ten="220,306,204,250" step="2"/><T113/><D113/><U109/><E126/><V76/><F76/><W5/><G5/><T28/><D70/><U44/><E111/><V8/><F8/><W13/><G13/><T98/><D69/><U42/><E109/><V47/><F50/><W108/><G108/><T84/><D4/><U88/><E72/><V7/><F7/><W1/><G1/><T123/><D15/><U103/><E61/><V33/><REACH who="2" step="1"/><F31/><REACH who="2" ten="220,306,194,250" step="2"/><W18/><G18/><AGARI ba="2,3" hai="16,17,18,25,29,33,45,47,57,63,67,99,100,105" machi="18" ten="40,12000,1" yaku="1,1,2,1,52,2,54,1,53,0" doraHai="41" doraHaiUra="125" who="2" fromWho="3" sc="220,0,306,0,194,156,250,-126" /><INIT seed="2,3,0,4,5,24" ten="220,306,350,124" oya="2" hai0="73,113,10,26,128,19,56,93,108,120,107,5,14" hai1="12,61,99,2,48,52,96,118,22,33,65,16,94" hai2="71,101,119,110,105,114,89,62,15,95,51,67,84" hai3="63,44,102,30,91,103,47,57,37,82,72,77,76"/><V32/><F119/><W1/><G1/><T42/><D42/><U129/><E129/><V106/><F114/><W35/><G77/><T130/><D107/><U123/><E118/><V87/><F110/><W17/><G91/><T85/><D73/><U4/><E123/><V41/><F32/><W134/><G134/><T59/><D108/><U27/><E2/><V112/><F112/><W25/><G17/><T60/><D113/><U80/><E80/><V115/><F115/><W20/><G35/><T29/><D120/><U28/><E4/><V13/><F106/><W75/><G75/><T66/><D56/><U7/><E7/><V3/><F3/><W83/><G83/><T88/><REACH who="0" step="1"/><D5/><REACH who="0" ten="210,306,350,124" step="2"/><U92/><E99/><V70/><F71/><W86/><G72/><T39/><D39/><U125/><E96/><N who="2" m="59551" /><F105/><W38/><G38/><T126/><D126/><U55/><E125/><V117/><F70/><W64/><REACH who="3" step="1"/><G37/><REACH who="3" ten="210,306,350,114" step="2"/><T58/><D58/><U69/><REACH who="1" step="1"/><E55/><REACH who="1" ten="210,296,350,114" step="2"/><V36/><F117/><W49/><G49/><T78/><D78/><U121/><E121/><V45/><F36/><W133/><G133/><T23/><AGARI ba="3,3" hai="10,14,19,23,26,29,59,60,66,85,88,93,128,130" machi="23" ten="30,12000,2" yaku="1,1,0,1,52,1,54,1,53,2" doraHai="24" doraHaiUra="127" who="0" fromWho="0" sc="210,159,296,-33,350,-63,114,-33" /><INIT seed="3,0,0,4,2,53" ten="369,263,287,81" oya="3" hai0="133,92,93,115,58,20,23,81,124,44,67,68,90" hai1="59,123,70,38,112,14,26,71,46,55,80,9,3" hai2="84,10,127,120,41,130,77,111,18,128,79,32,69" hai3="28,86,126,94,116,78,121,119,22,110,65,97,96"/><W106/><G121/><T34/><D34/><U73/><E123/><V74/><F69/><W42/><G126/><T48/><D68/><U13/><E13/><V27/><F120/><W40/><G106/><T87/><D124/><U56/><E112/><V108/><F127/><W107/><G107/><T6/><D6/><N who="1" m="1247" /><E14/><N who="2" m="7511" /><F41/><W113/><G113/><T8/><D8/><U43/><E26/><V98/><F98/><W83/><G110/><N who="2" m="42025" /><F74/><W134/><G134/><T45/><D133/><U102/><E102/><V85/><F85/><W72/><G72/><T103/><D45/><U117/><E117/><V24/><F84/><W37/><G97/><N who="0" m="59823" /><D92/><U33/><E33/><V35/><F79/><W0/><G0/><T76/><D76/><N who="1" m="44047" /><E56/><V129/><F77/><W135/><G135/><T114/><D114/><U99/><E99/><V60/><F60/><AGARI ba="0,0" hai="38,43,46,55,59,60,70,71" m="44047,1247" machi="60" ten="30,2000,0" yaku="25,1,52,1" doraHai="53" who="1" fromWho="2" sc="369,0,263,20,287,-20,81,0" /><INIT seed="4,0,0,5,0,118" ten="369,283,267,81" oya="0" hai0="87,116,68,4,128,97,111,48,130,20,129,124,60" hai1="50,44,72,16,132,33,127,134,131,77,17,9,10" hai2="119,66,94,19,120,108,114,1,79,73,67,53,41" hai3="61,31,55,26,86,110,102,21,90,64,89,37,54"/><T88/><D116/><U92/><E33/><V133/><F119/><W13/><G37/><T18/><D124/><U56/><E56/><V83/><F108/><W107/><G110/><T113/><D111/><U30/><E30/><V95/><F1/><W109/><G109/><T32/><D32/><U105/><E105/><V93/><F114/><W82/><G102/><T101/><D4/><U43/><E72/><V23/><F133/><N who="1" m="51305" /><E77/><V28/><F28/><W2/><G2/><T98/><D48/><U38/><E127/><V5/><F5/><W104/><G104/><T76/><D76/><U42/><E131/><V100/><F120/><W121/><G107/><T117/><D117/><U58/><E92/><V59/><F41/><W75/><G75/><T80/><D101/><U40/><E58/><V112/><F100/><W6/><G121/><T62/><D113/><U57/><E57/><V71/><F71/><W52/><G89/><T0/><D0/><U91/><E91/><V34/><F34/><W103/><G103/><T14/><REACH who="0" step="1"/><D68/><REACH who="0" ten="359,283,267,81" step="2"/><U29/><E38/><V125/><F125/><W7/><REACH who="3" step="1"/><G13/><REACH who="3" ten="359,283,267,71" step="2"/><T126/><D126/><U8/><E40/><V123/><F112/><W135/><G135/><T70/><D70/><AGARI ba="0,2" hai="6,7,21,26,31,52,54,55,61,64,70,82,86,90" machi="70" ten="40,2600,0" yaku="1,1,54,1,53,0" doraHai="118" doraHaiUra="39" who="3" fromWho="0" sc="359,-26,283,0,267,0,71,46" /><INIT seed="5,0,0,5,5,108" ten="333,283,267,117" oya="1" hai0="70,104,37,109,106,122,40,2,125,118,76,22,95" hai1="123,85,103,69,39,65,114,87,64,67,60,14,93" hai2="17,30,31,96,12,77,119,98,1,126,117,51,46" hai3="63,55,82,5,35,113,134,84,19,71,86,24,4"/><U121/><E39/><V135/><F1/><W32/><G134/><T6/><D22/><U18/><E114/><V7/><F135/><W83/><G71/><T10/><D109/><U38/><E38/><V66/><F126/><W105/><G105/><T23/><D23/><U131/><E131/><V81/><F7/><W44/><G63/><T0/><D0/><U88/><E121/><V102/><F66/><W62/><G62/><T129/><D122/><U47/><E123/><V45/><F119/><W130/><G44/><N who="0" m="23567" /><D95/><U75/><E75/><V50/><F117/><W20/><G55/><T36/><D70/><U28/><E47/><V116/><F116/><W9/><G130/><T43/><D118/><U33/><E103/><V73/><F50/><W97/><G97/><T100/><D125/><U68/><E68/><V94/><F96/><W56/><G56/><T27/><D27/><U111/><E111/><V128/><F45/><W112/><G9/><T21/><D21/><U11/><REACH who="1" step="1"/><E87/><REACH who="1" ten="333,273,267,117" step="2"/><N who="2" m="48559" /><F128/><W52/><G20/><T78/><D129/><U49/><E49/><V91/><F73/><W80/><G80/><T29/><D100/><U25/><AGARI ba="0,1" hai="11,14,18,25,28,33,60,64,65,67,69,85,88,93" machi="25" ten="30,6000,0" yaku="1,1,0,1,54,1,53,0" doraHai="108" doraHaiUra="127" who="1" fromWho="1" sc="333,-20,273,70,267,-20,117,-20" /><INIT seed="5,1,0,4,5,35" ten="313,343,247,97" oya="1" hai0="97,123,4,116,67,79,14,16,43,94,111,29,88" hai1="78,68,71,40,126,130,20,46,127,21,25,129,13" hai2="18,121,0,75,82,42,1,52,66,93,49,53,73" hai3="105,2,54,61,124,64,31,108,114,39,90,135,30"/><U132/><E78/><V69/><F121/><W47/><G108/><T27/><D111/><U59/><E59/><V10/><F42/><W92/><G105/><T119/><D123/><U91/><E91/><V9/><F93/><W104/><G104/><T19/><D43/><U89/><E89/><V28/><F28/><W24/><G124/><N who="1" m="47658" /><E13/><V85/><F66/><W101/><G101/><T6/><D67/><U112/><E112/><V44/><F53/><W26/><G135/><T106/><D106/><U98/><E98/><V120/><F69/><N who="1" m="26697" /><E132/><V45/><F45/><W12/><G12/><T103/><D79/><U83/><E83/><V117/><F117/><W113/><G2/><N who="2" m="1129" /><F9/><W36/><G47/><T128/><D103/><U80/><E80/><V133/><F133/><W107/><G107/><T57/><D116/><U3/><E3/><V118/><F118/><W110/><G90/><T62/><D119/><U41/><E41/><V5/><F5/><W131/><G110/><T50/><D6/><U63/><E63/><V77/><F120/><W23/><G92/><T58/><D4/><U15/><E15/><N who="2" m="7543" /><F77/><W17/><G64/><T65/><D94/><U32/><E32/><V60/><F60/><W96/><G61/><T37/><D62/><U34/><E34/><V74/><F74/><W38/><G54/><T56/><D65/><U70/><N who="1" m="26705" /><U22/><DORA hai="102" /><E25/><V72/><F72/><W84/><G26/><T55/><D27/><U115/><E46/><V81/><F81/><W48/><G24/><T109/><D109/><U134/><E40/><V11/><F11/><RYUUKYOKU ba="1,0" sc="313,-10,343,-10,247,30,97,-10" hai2="44,49,52,73,75,82,85" /><INIT seed="6,2,0,3,3,131" ten="303,333,277,87" oya="2" hai0="38,34,26,104,87,112,21,8,43,90,92,23,78" hai1="124,69,42,55,118,20,84,67,95,71,28,58,47" hai2="10,98,57,33,14,35,0,123,49,32,29,74,12" hai3="82,97,127,128,111,125,1,18,62,109,130,11,48"/><V81/><F123/><W31/><G48/><T113/><D104/><U72/><E72/><V135/><F98/><W13/><G62/><T68/><D68/><U79/><E118/><V39/><F39/><W70/><G70/><T59/><D78/><U73/><E73/><V89/><F74/><W76/><G97/><T9/><D34/><N who="2" m="13418" /><F57/><W93/><G93/><T4/><D59/><U106/><E106/><V103/><F49/><W116/><G82/><T51/><D38/><U88/><E79/><V22/><F103/><W19/><G76/><T129/><D129/><N who="3" m="49769" /><G116/><T108/><D108/><N who="3" m="41545" /><G31/><T2/><D51/><U77/><E77/><V24/><F89/><W37/><G37/><T133/><D43/><U107/><E107/><V30/><F81/><W15/><G1/><T61/><D61/><U54/><E42/><V75/><F75/><W45/><G45/><T122/><D92/><U44/><E58/><V40/><F40/><W50/><G50/><T121/><D90/><U56/><E56/><V134/><F0/><W64/><G64/><T3/><D87/><U115/><E95/><V83/><F83/><W17/><G11/><T105/><D105/><U101/><E88/><V52/><F52/><W91/><G91/><T99/><D99/><U102/><E84/><V100/><F100/><W6/><G6/><T60/><D4/><U85/><E85/><V53/><F53/><W36/><G36/><T80/><D60/><U117/><E101/><V96/><F96/><W110/><N who="3" m="41553" /><W7/><DORA hai="63" /><G7/><T16/><D80/><U46/><E102/><V27/><F10/><RYUUKYOKU ba="2,0" sc="303,-15,333,-15,277,15,87,15" hai2="12,14,22,24,27,29,30,35,134,135" hai3="13,15,17,18,19,125,127" /><INIT seed="6,3,0,1,1,54" ten="288,318,292,102" oya="2" hai0="103,134,98,83,26,86,109,63,25,51,128,96,132" hai1="104,101,105,15,44,123,65,39,42,57,129,102,73" hai2="1,106,110,108,77,2,121,81,6,100,40,19,36" hai3="4,95,20,79,120,46,60,41,88,115,27,47,35"/><V85/><F121/><W53/><G120/><T52/><D109/><N who="2" m="42090" /><F19/><W69/><G35/><T64/><D128/><U82/><E129/><V21/><F21/><W43/><G115/><T131/><D131/><U67/><E123/><V56/><F56/><N who="3" m="34831" /><G69/><N who="0" m="42143" /><D25/><U12/><E105/><V124/><F6/><W125/><G79/><N who="0" m="46463" /><D103/><U16/><E104/><V111/><F124/><W76/><G76/><T33/><D26/><U9/><E73/><V74/><F85/><N who="3" m="52623" /><G4/><T0/><D33/><U32/><E32/><V116/><N who="2" m="42098" /><V59/><DORA hai="61" /><F59/><W99/><G99/><T17/><D0/><U29/><E82/><V84/><F84/><W45/><G125/><T48/><D17/><AGARI ba="3,0" hai="17,20,27,41,43,45,46,47" m="52623,34831" machi="17" ten="30,3900,0" yaku="8,1,52,1,54,1" doraHai="54,61" who="3" fromWho="0" sc="288,-48,318,0,292,0,102,48" /><INIT seed="7,0,0,1,1,92" ten="240,318,292,150" oya="3" hai0="61,51,93,95,88,24,2,26,50,75,114,47,28" hai1="115,52,43,13,36,65,63,126,83,129,38,84,56" hai2="104,78,100,9,127,23,18,86,54,62,91,7,132" hai3="111,44,124,90,69,98,135,106,53,67,33,60,41"/><W109/><G33/><T20/><D75/><U80/><E129/><V76/><F132/><W35/><G35/><T108/><D108/><N who="3" m="41545" /><G135/><T105/><D105/><U122/><E122/><V121/><F127/><W87/><G124/><T103/><D2/><U14/><E126/><V57/><F121/><W71/><G53/><T15/><D114/><U27/><E115/><V99/><F91/><W29/><G29/><T58/><D15/><U131/><E131/><V113/><F113/><W68/><G106/><T101/><D93/><U117/><E117/><V118/><F86/><W25/><G25/><T1/><D26/><U64/><E27/><V32/><F32/><W119/><G119/><T55/><D1/><U34/><E34/><V74/><F74/><W112/><G112/><T21/><D21/><U89/><E38/><V70/><F70/><N who="3" m="42343" /><G87/><N who="0" m="52639" /><D51/><U102/><E80/><V59/><F118/><W123/><G90/><T96/><D96/><U125/><E125/><V133/><F133/><W46/><G98/><T5/><D5/><U22/><E102/><V12/><REACH who="2" step="1"/><F57/><REACH who="2" ten="240,318,282,150" step="2"/><W0/><G0/><AGARI ba="0,1" hai="0,7,9,12,18,23,54,59,62,76,78,99,100,104" machi="0" ten="30,7700,0" yaku="1,1,2,1,7,1,52,1,53,0" doraHai="92" doraHaiUra="77" who="2" fromWho="3" sc="240,0,318,0,282,87,150,-77" owari="240,-16.0,318,12.0,369,47.0,73,-43.0" /></mjloggm>