<mjloggm ver="2.3"><GO type="185" lobby="0"/><UN n0="%E5%A4%A9%E3%83%B6%E7%80%AC%E5%A5%88%E6%9C%88" n1="%E3%83%9E%E3%83%A4%E3%82%B7%E3%82%B3%E3%82%AC%E3%83%81%E5%8B%A2" n2="%63%73%74%31%34%38" n3="" dan="16,17,17,0" rate="2220.21,2172.23,2242.51,1500.00" sx="M,M,M,C"/><TAIKYOKU oya="0"/><INIT seed="0,0,0,0,5,39" ten="350,350,350,0" oya="0" hai0="129,54,102,86,99,105,122,1,119,89,71,107,88" hai1="44,34,56,3,100,103,112,126,85,49,120,40,84" hai2="33,42,55,94,65,50,41,132,58,32,57,35,81" hai3=""/><T0/><N who="0" m="31264" /><T123/><N who="0" m="31520" /><T108/><D119/><U134/><N who="1" m="30752" /><U115/><E34/><V80/><F132/><T36/><D71/><U48/><E3/><V95/><F65/><T64/><D36/><U106/><E134/><V90/><F58/><T46/><D64/><U68/><E126/><V110/><F110/><T82/><D107/><U124/><E124/><V2/><F2/><T79/><D129/><U37/><E106/><V109/><F109/><T117/><D117/><U87/><E68/><V67/><F67/><T52/><D108/><U98/><E98/><V83/><REACH who="2" step="1"/><F95/><REACH who="2" ten="350,350,340,0" step="2"/><T60/><D0/><U118/><E118/><V127/><F127/><T69/><D1/><U97/><E56/><V111/><F111/><T53/><D69/><U74/><E115/><V133/><F133/><T96/><D60/><U66/><E112/><V121/><N who="2" m="31008" /><V93/><F93/><T113/><D113/><U92/><E92/><V59/><F59/><T45/><REACH who="0" step="1"/><D99/><AGARI ba="0,1" hai="32,33,35,41,42,50,55,57,80,81,83,90,94,99" m="31008" machi="99" ten="50,8000,1" yaku="1,1,52,3,53,0" doraHai="39" doraHaiUra="104" who="2" fromWho="0" sc="350,-80,350,0,340,90,0,0" /><INIT seed="1,0,0,5,2,129" ten="270,350,430,0" oya="1" hai0="85,61,0,3,64,127,51,102,121,125,84,42,83" hai1="135,86,78,128,106,107,109,124,114,65,50,110,60" hai2="112,120,40,79,116,94,89,32,76,119,70,52,47" hai3=""/><U92/><E114/><V103/><N who="2" m="30752" /><V122/><N who="2" m="31264" /><V43/><F32/><T134/><N who="0" m="31008" /><T104/><D102/><U41/><E128/><V117/><F70/><T67/><D104/><U74/><E74/><V100/><F112/><T131/><D131/><U62/><E124/><N who="0" m="47689" /><D84/><U77/><E50/><V98/><F103/><T108/><D108/><U105/><E41/><V35/><F35/><T90/><D134/><U87/><E106/><V118/><F100/><T1/><D61/><U81/><E81/><V45/><F119/><T44/><AGARI ba="0,0" hai="0,1,3,42,44,51,64,67,83,85,90" m="47689,31008" machi="44" ten="40,2000,0" yaku="18,1,52,1" doraHai="129" who="0" fromWho="0" sc="270,20,350,-13,430,-7,0,0" /><INIT seed="2,0,0,5,0,112" ten="290,337,423,0" oya="2" hai0="43,80,54,118,41,92,107,103,99,125,3,73,50" hai1="40,70,35,133,102,38,130,122,52,82,134,117,44" hai2="108,93,94,116,129,59,86,81,131,104,113,48,57" hai3=""/><V56/><F113/><T46/><D3/><U36/><N who="1" m="31264" /><U0/><E35/><V135/><F104/><T58/><D125/><U114/><E0/><V1/><F1/><T63/><D118/><U60/><E114/><V2/><F2/><T101/><D73/><U123/><N who="1" m="31520" /><U88/><E130/><V42/><F116/><T91/><D80/><U124/><E124/><V98/><F135/><N who="1" m="51721" /><E102/><V51/><F108/><T61/><D41/><U77/><E117/><V69/><F69/><T64/><REACH who="0" step="1"/><D107/><REACH who="0" ten="280,337,423,0" step="2"/><U68/><E38/><V84/><F131/><T111/><D111/><U33/><E33/><V115/><F129/><T37/><D37/><U71/><E77/><V90/><F115/><T96/><D96/><U75/><E75/><V62/><F98/><T132/><D132/><U83/><E83/><V79/><F79/><T89/><D89/><U32/><E32/><V109/><F90/><T47/><D47/><U97/><E97/><V87/><F81/><T76/><D76/><U105/><E105/><V55/><F109/><T110/><D110/><U78/><E78/><V126/><F126/><T45/><D45/><U65/><E82/><V121/><F121/><T49/><D49/><U67/><E88/><V100/><F48/><RYUUKYOKU ba="0,1" sc="280,10,337,10,423,-20,0,0" hai0="43,46,50,54,58,61,63,64,91,92,99,101,103" hai1="36,40,44,52,60,65,67,68,70,71" /><INIT seed="4,1,1,2,3,92" ten="290,347,403,0" oya="0" hai0="88,72,108,85,103,69,40,59,80,55,111,116,93" hai1="37,91,129,50,48,118,43,54,86,35,101,71,79" hai2="41,76,132,90,77,63,100,106,134,61,123,51,104" hai3=""/><T128/><D116/><U98/><E35/><V33/><N who="2" m="31520" /><V62/><F33/><T57/><D69/><U95/><E129/><V70/><F70/><T122/><N who="0" m="31264" /><T39/><D128/><U105/><E118/><V65/><F65/><T78/><D103/><U47/><E71/><V46/><F90/><T58/><REACH who="0" step="1"/><D55/><REACH who="0" ten="280,347,403,0" step="2"/><U127/><E127/><V119/><F119/><T97/><D97/><U38/><REACH who="1" step="1"/><E79/><REACH who="1" ten="280,337,403,0" step="2"/><N who="2" m="30283" /><F100/><T87/><D87/><U52/><E52/><V67/><F67/><T68/><D68/><U130/><E130/><V81/><F81/><T131/><D131/><U53/><E53/><V94/><F94/><T121/><N who="0" m="31008" /><T75/><D75/><U89/><E89/><V74/><F74/><T45/><AGARI ba="1,3" hai="39,40,45,57,58,59,72,78,80,85,88,93,108,111" m="31008,31264" machi="45" ten="30,8000,1" yaku="1,1,0,1,52,2,54,1,53,0" doraHai="92" doraHaiUra="60" who="0" fromWho="0" sc="280,112,337,-41,403,-41,0,0" /><INIT seed="4,2,0,3,0,70" ten="392,296,362,0" oya="0" hai0="129,65,121,54,119,41,132,53,66,97,135,130,67" hai1="0,122,58,109,69,114,35,108,91,86,72,117,100" hai2="125,110,52,59,64,47,32,95,42,80,105,61,40" hai3=""/><T126/><N who="0" m="31008" /><T115/><D119/><U44/><N who="1" m="31264" /><U68/><E117/><V2/><F32/><T62/><D115/><U39/><E0/><V103/><F2/><T43/><D97/><U101/><E72/><V46/><F110/><T134/><D126/><U60/><E35/><V3/><F3/><T88/><D88/><U55/><E114/><V94/><F125/><T71/><D71/><U38/><E69/><V98/><F80/><T48/><D62/><U49/><E68/><V63/><F42/><N who="0" m="15882" /><D54/><U87/><E108/><V112/><F112/><T111/><D111/><U124/><E124/><V106/><F106/><T102/><D102/><U33/><E33/><V82/><F82/><T36/><D36/><U83/><E109/><V127/><F127/><T37/><D37/><U45/><E101/><V118/><F118/><T50/><D50/><U79/><E100/><V128/><F103/><T78/><D78/><U131/><E79/><V89/><F105/><T93/><D93/><U85/><E83/><V81/><F95/><T77/><D77/><U104/><E104/><V116/><F81/><T1/><D1/><U74/><E91/><V34/><F116/><T76/><D76/><U56/><E60/><V133/><F63/><RYUUKYOKU ba="2,0" sc="392,20,296,-10,362,-10,0,0" hai0="48,53,65,66,67,129,130,132,134,135" /><INIT seed="4,3,0,1,5,94" ten="412,286,352,0" oya="0" hai0="77,53,118,81,37,54,105,111,45,68,135,99,47" hai1="103,83,85,89,113,61,108,133,90,49,59,42,125" hai2="116,97,60,88,132,100,70,131,126,44,82,93,102" hai3=""/><T62/><D118/><U130/><E108/><V124/><F116/><T134/><D111/><U41/><E125/><N who="2" m="48235" /><F131/><T2/><D2/><U112/><E133/><N who="0" m="50697" /><D68/><U80/><E130/><V120/><N who="2" m="30752" /><V129/><F129/><T96/><D105/><U79/><E103/><V67/><F132/><T58/><D53/><U51/><E42/><V72/><F44/><N who="0" m="16970" /><D37/><U74/><E41/><V65/><F65/><T110/><D110/><U55/><REACH who="1" step="1"/><E89/><REACH who="1" ten="412,276,352,0" step="2"/><V123/><N who="2" m="31520" /><V66/><F66/><T71/><D71/><U39/><E39/><V119/><F119/><T64/><D64/><U109/><E109/><V115/><F115/><AGARI ba="3,1" hai="49,51,55,59,61,74,79,80,83,85,90,112,113,115" machi="115" ten="40,5200,0" yaku="1,1,15,1,11,1,53,0" doraHai="94" doraHaiUra="117" who="1" fromWho="2" sc="412,0,276,68,352,-58,0,0" /><INIT seed="5,0,0,2,4,34" ten="412,344,294,0" oya="1" hai0="108,41,82,109,45,86,1,87,122,59,46,83,63" hai1="116,88,48,68,110,101,111,76,79,100,78,40,134" hai2="51,35,84,114,103,60,3,38,43,64,128,120,36" hai3=""/><U56/><E116/><V75/><N who="2" m="30752" /><V62/><F75/><T112/><N who="0" m="31264" /><T104/><D104/><U74/><E68/><V105/><F35/><T72/><D72/><U85/><E134/><V32/><F32/><T92/><D92/><U121/><N who="1" m="31008" /><U0/><E0/><V129/><F84/><T94/><D94/><U33/><E33/><V115/><F103/><T127/><D112/><N who="2" m="43050" /><F105/><T81/><D127/><U39/><E39/><N who="2" m="14891" /><F3/><T119/><D1/><U89/><E74/><V98/><F98/><T102/><D102/><U125/><E125/><V90/><F90/><T77/><D87/><U65/><E101/><V61/><F64/><T58/><D86/><U91/><E100/><V49/><F43/><T126/><D41/><U95/><E85/><V80/><F80/><T135/><D82/><U107/><E107/><V53/><F53/><T47/><D81/><U73/><E73/><V123/><N who="2" m="31520" /><V54/><F54/><T69/><D83/><U70/><E91/><V96/><F96/><T44/><D77/><U113/><E89/><V93/><F93/><T50/><N who="0" m="11264" /><DORA hai="106" /><T67/><D67/><U132/><E65/><V118/><F118/><T117/><D117/><U52/><E95/><V37/><F37/><RYUUKYOKU ba="0,0" sc="412,-10,344,-10,294,20,0,0" hai2="49,51,60,61,62,128,129" /><INIT seed="6,1,0,0,0,60" ten="402,334,314,0" oya="2" hai0="32,133,77,132,40,58,82,70,129,55,41,88,122" hai1="64,107,59,48,126,105,3,74,109,80,37,63,128" hai2="2,35,96,115,50,67,1,54,61,121,111,118,95" hai3=""/><V76/><N who="2" m="31008" /><V127/><F35/><T101/><N who="0" m="31264" /><T135/><D32/><U0/><E109/><V134/><F118/><T86/><D129/><U68/><E128/><V84/><F111/><T44/><D70/><U78/><E126/><V34/><F34/><T69/><D69/><U97/><E37/><V42/><F127/><T116/><D116/><U56/><E97/><V104/><F42/><N who="0" m="16490" /><D101/><U49/><E68/><V98/><F104/><T75/><D44/><U124/><E124/><V91/><F134/><T90/><D75/><U131/><E74/><V33/><F33/><T113/><D113/><U99/><E131/><V52/><F115/><T93/><D93/><U110/><E110/><V43/><F1/><T108/><D108/><U46/><E107/><V94/><F2/><T119/><D119/><U112/><E105/><V92/><F61/><AGARI ba="1,0" hai="55,58,61,77,82,86,88,90,132,133,135" m="16490,31264" machi="61" ten="30,3900,0" yaku="20,1,52,1,54,1" doraHai="60" who="0" fromWho="2" sc="402,41,334,0,314,-41,0,0" owari="443,40.0,334,-7.0,273,-33.0,0,0.0" /></mjloggm>