<mjloggm ver="2.3"><GO type="225" lobby="0"/><UN n0="%E3%83%80%E3%83%B3%E3%83%86" n1="%E6%AF%9B%E8%8D%92%E3%82%8C%E3%83%BB%E3%82%B9%E3%83%9F%E3%82%B9" n2="%E8%A8%88%E7%AE%97%E6%A9%9F%E8%87%AA%E7%84%B6" n3="%E3%81%B8%E3%82%80%E3%81%B8%E3%82%80%EF%BC%92%E5%8F%B7" dan="17,16,17,16" rate="2249.42,2155.94,2215.10,2132.88" sx="M,F,M,M"/><TAIKYOKU oya="0"/><INIT seed="0,0,0,1,5,11" ten="250,250,250,250" oya="0" hai0="13,14,73,101,112,18,41,125,39,69,42,82,55" hai1="110,52,107,28,122,3,67,84,45,61,7,124,111" hai2="131,5,89,8,88,27,130,115,37,33,17,31,119" hai3="100,21,65,22,2,90,9,132,121,108,19,98,36"/><T81/><D112/><U49/><E122/><V38/><F115/><W77/><G121/><T71/><D125/><U43/><E124/><V51/><F119/><W127/><G36/><N who="2" m="13929" /><F17/><W103/><G127/><T68/><D101/><U24/><E107/><V54/><F54/><W72/><G65/><T135/><D39/><U10/><E84/><V78/><F51/><W46/><G46/><T97/><D97/><U102/><E102/><V104/><F78/><W105/><G108/><T123/><D123/><U87/><E87/><V4/><F104/><W128/><G132/><T92/><D135/><U25/><E43/><V60/><F60/><W44/><G44/><T58/><D92/><U35/><REACH who="1" step="1"/><E24/><REACH who="1" ten="250,240,250,250" step="2"/><V50/><F27/><W74/><G103/><T40/><D73/><U117/><E117/><V57/><F131/><W93/><G128/><T1/><D1/><U12/><E12/><V76/><F130/><W16/><G72/><T106/><D106/><U0/><E0/><V91/><F91/><W109/><G2/><T15/><REACH who="0" step="1"/><D18/><REACH who="0" ten="240,240,250,250" step="2"/><U95/><E95/><V134/><F134/><W32/><G19/><T34/><D34/><U29/><E29/><V96/><F33/><W80/><G32/><T30/><D30/><U75/><E75/><V133/><F31/><W23/><G109/><T114/><D114/><U79/><E79/><V6/><F76/><W48/><G16/><T56/><D56/><AGARI ba="0,2" hai="3,7,10,25,28,35,45,49,52,56,61,67,110,111" machi="56" ten="40,5200,0" yaku="1,1,54,1,53,1" doraHai="11" doraHaiUra="47" who="1" fromWho="0" sc="240,-52,240,72,250,0,250,0" /><INIT seed="1,0,0,3,4,16" ten="188,312,250,250" oya="1" hai0="131,113,45,95,49,87,102,29,30,52,135,28,127" hai1="133,125,94,98,128,85,0,70,79,1,126,20,25" hai2="26,21,24,48,15,112,33,51,99,31,83,63,80" hai3="86,116,62,120,90,19,3,42,59,118,55,47,23"/><U73/><E73/><V124/><F124/><N who="1" m="47721" /><E70/><V5/><F112/><W38/><G3/><T8/><D127/><U68/><E68/><V89/><F63/><W6/><G6/><T2/><D113/><U123/><E123/><V72/><F15/><W97/><G120/><T60/><D131/><U93/><E128/><V81/><F5/><W76/><G76/><T108/><D108/><U106/><E106/><V18/><REACH who="2" step="1"/><F72/><REACH who="2" ten="188,312,240,250" step="2"/><W105/><G116/><T78/><D135/><U110/><E133/><V91/><F91/><W75/><G75/><T71/><D71/><U64/><E110/><V56/><F56/><W121/><G118/><T12/><D2/><U9/><E64/><V74/><F74/><W7/><G7/><N who="0" m="3103" /><D60/><U66/><E66/><V22/><F22/><W104/><G121/><T43/><D78/><U109/><E109/><V13/><F13/><W129/><G129/><T4/><D4/><N who="1" m="1159" /><E1/><V17/><F17/><W100/><G19/><T61/><D61/><U41/><E79/><V111/><F111/><W134/><G134/><T14/><D14/><U46/><E20/><V65/><F65/><W57/><G23/><T96/><D87/><U27/><E85/><V117/><F117/><W84/><G84/><T53/><AGARI ba="0,1" hai="28,29,30,43,45,49,52,53,95,96,102" m="3103" machi="53" ten="30,2000,0" yaku="8,1,54,1" doraHai="16" who="0" fromWho="0" sc="188,30,312,-10,240,-5,250,-5" /><INIT seed="2,0,0,5,1,74" ten="218,302,235,245" oya="2" hai0="116,88,58,69,124,135,52,12,33,134,8,73,35" hai1="7,46,14,99,10,100,83,54,110,91,86,26,47" hai2="72,111,34,56,13,32,96,93,129,18,1,122,29" hai3="75,105,87,113,101,42,67,131,6,41,4,22,112"/><V109/><F122/><W24/><G131/><T65/><D124/><U31/><E110/><N who="2" m="41995" /><F1/><W53/><G75/><T102/><D102/><U50/><E46/><V20/><F129/><W121/><G121/><T45/><D45/><U49/><E50/><V90/><F72/><W23/><G67/><T48/><D73/><U85/><E86/><V107/><F107/><W117/><G117/><T38/><D38/><U43/><E43/><N who="3" m="16394" /><G53/><T61/><D116/><U44/><E47/><V79/><F79/><W89/><G101/><T103/><D103/><U123/><E123/><V80/><F80/><N who="3" m="49383" /><G105/><T37/><D37/><U25/><REACH who="1" step="1"/><E31/><REACH who="1" ten="218,292,235,245" step="2"/><V0/><F29/><W51/><G51/><T128/><D128/><U70/><E70/><V126/><F126/><W133/><G133/><N who="0" m="50699" /><D88/><U11/><E11/><V60/><F0/><W2/><G2/><T21/><D8/><U132/><E132/><V71/><F71/><W68/><G68/><T59/><D69/><U76/><E76/><V104/><F104/><AGARI ba="0,1" hai="7,10,14,25,26,44,49,54,83,85,91,99,100,104" machi="104" ten="30,3900,0" yaku="1,1,7,1,53,1" doraHai="74" doraHaiUra="82" who="1" fromWho="2" sc="218,0,292,49,235,-39,245,0" /><INIT seed="3,0,0,2,0,121" ten="218,341,196,245" oya="3" hai0="1,26,52,34,91,74,63,22,38,72,33,44,53" hai1="126,7,95,98,85,99,13,24,31,3,45,23,49" hai2="12,51,81,129,27,105,8,48,54,125,29,67,124" hai3="88,65,83,57,115,76,59,113,70,36,40,46,116"/><W69/><G116/><T20/><D1/><U86/><E3/><V11/><F105/><W117/><G117/><T30/><D22/><U68/><E68/><V43/><F67/><W62/><G76/><T82/><D74/><U28/><E28/><V101/><F101/><W14/><G14/><T58/><D91/><N who="1" m="53743" /><E126/><V0/><F81/><W106/><G106/><T100/><D100/><U2/><E2/><V60/><F129/><W127/><G127/><N who="2" m="48713" /><F43/><W107/><G107/><T6/><D6/><U118/><E118/><V104/><F104/><W131/><G131/><T97/><D97/><N who="1" m="36875" /><E86/><V132/><F60/><W61/><G70/><T103/><D103/><U90/><E90/><V120/><F120/><W114/><G62/><T122/><D122/><U130/><E130/><V89/><F89/><W93/><REACH who="3" step="1"/><G83/><REACH who="3" ten="218,341,196,235" step="2"/><T75/><D82/><U128/><E128/><V96/><F0/><W123/><G123/><T71/><D71/><U41/><E13/><V10/><F132/><W80/><G80/><T39/><D75/><U47/><E7/><N who="2" m="3103" /><F96/><AGARI ba="0,1" hai="36,40,46,57,59,61,65,69,88,93,96,113,114,115" machi="96" ten="40,3900,0" yaku="1,1,54,1,53,0" doraHai="121" doraHaiUra="19" who="3" fromWho="2" sc="218,0,341,0,196,-39,235,49" /><INIT seed="3,1,0,4,2,12" ten="218,341,157,284" oya="3" hai0="91,19,131,110,25,66,63,119,36,134,130,70,34" hai1="29,37,49,68,129,103,43,35,41,80,95,67,115" hai2="23,64,11,102,48,56,88,75,100,111,22,3,105" hai3="120,81,121,77,127,21,71,15,13,124,38,135,18"/><W4/><G71/><T107/><D119/><U109/><E115/><V78/><F111/><W99/><G99/><T117/><D117/><U20/><E35/><V33/><F33/><W50/><G50/><T52/><D107/><U85/><E37/><V87/><F3/><W40/><G40/><T1/><D1/><U76/><E109/><V79/><F11/><N who="3" m="4327" /><G38/><T9/><D36/><U125/><E68/><V57/><F75/><W122/><G81/><T92/><D134/><U58/><E125/><N who="3" m="48202" /><G77/><T0/><D0/><U51/><E49/><V73/><F73/><W17/><G17/><T14/><D110/><U53/><E67/><V7/><F7/><W27/><G135/><T94/><D91/><U59/><E59/><V10/><F105/><W114/><G27/><T83/><D83/><U2/><E41/><V82/><F10/><W126/><N who="3" m="48210" /><W93/><DORA hai="112" /><G93/><T101/><D92/><U16/><E43/><V96/><F56/><W61/><G61/><T133/><D94/><U8/><E95/><V123/><F123/><W69/><G69/><T98/><D98/><U65/><E80/><V116/><F116/><W84/><G84/><T30/><D101/><N who="2" m="39018" /><F96/><W62/><G62/><T32/><D133/><U90/><E103/><V104/><F104/><W46/><G46/><T45/><D45/><U72/><E72/><V60/><F48/><W24/><G114/><T132/><D132/><U44/><E51/><V97/><F97/><W6/><G6/><T74/><D74/><U47/><E47/><V108/><F108/><W55/><G55/><T54/><D54/><RYUUKYOKU ba="1,0" sc="218,-15,341,-15,157,15,284,15" hai2="22,23,57,60,64,78,79,82,87,88" hai3="15,18,21,24,120,121,122" /><INIT seed="3,2,0,5,0,113" ten="203,326,172,299" oya="3" hai0="92,56,81,66,48,98,58,41,97,36,80,29,21" hai1="20,75,87,52,57,111,26,121,100,8,13,105,82" hai2="14,34,107,67,37,61,120,6,62,86,132,44,31" hai3="18,68,69,131,101,110,19,103,22,115,104,94,30"/><W5/><G115/><T133/><D133/><U76/><E121/><V65/><F107/><W60/><G131/><T127/><D127/><U70/><E70/><V54/><F132/><W50/><G110/><T59/><D36/><U78/><E111/><V134/><F134/><W49/><G5/><T27/><D66/><U55/><E105/><V88/><F120/><W16/><G104/><T102/><D98/><U23/><E100/><N who="3" m="38474" /><G69/><T95/><D95/><U10/><E75/><V90/><F34/><W4/><G68/><T12/><D12/><U17/><E76/><V46/><F31/><W128/><G128/><T45/><AGARI ba="2,0" hai="21,27,29,41,45,48,56,58,59,80,81,92,97,102" machi="45" ten="30,2000,0" yaku="0,1,8,1" doraHai="113" who="0" fromWho="0" sc="203,26,326,-7,172,-7,299,-12" owari="229,-17.0,319,41.0,165,-33.0,287,9.0" /></mjloggm>