<mjloggm ver="2.3"><GO type="169" lobby="0"/><UN n0="%E3%81%86%E3%81%91%E3%81%AA%E3%81%8C%E3%81%97%E3%81%BE%E3%81%9B%E3%82%93" n1="%E3%81%A9%E3%82%93%E3%81%9F%E3%82%83%E3%82%93" n2="%74%61%6E%61%4B%61" n3="%6B%6F%74%61%6B%6F%74%61" dan="16,17,17,16" rate="2114.36,2204.19,2164.37,2091.14" sx="F,F,M,M"/><TAIKYOKU oya="0"/><INIT seed="0,0,0,3,0,111" ten="250,250,250,250" oya="0" hai0="36,1,133,2,90,102,103,97,110,75,13,26,3" hai1="130,0,41,74,132,113,39,129,59,119,42,47,126" hai2="116,96,95,105,117,78,67,92,48,77,16,106,99" hai3="45,30,69,98,72,91,124,70,18,93,89,38,135"/><T128/><D75/><U134/><E0/><V85/><F67/><W87/><G124/><T31/><D110/><U32/><E32/><V120/><F48/><W40/><G135/><N who="1" m="51754" /><E74/><V73/><F16/><W71/><G72/><T58/><D133/><U27/><E27/><V127/><F73/><W11/><G30/><T80/><D36/><N who="1" m="21927" /><E119/><V76/><F85/><W6/><G18/><T64/><D13/><U29/><E29/><V115/><F120/><W56/><G56/><T20/><D80/><U112/><E126/><V131/><F127/><W121/><G121/><T100/><D90/><U88/><E88/><N who="2" m="55303" /><F131/><N who="1" m="50185" /><E59/><V17/><F17/><W12/><REACH who="3" step="1"/><G71/><REACH who="3" ten="250,250,250,240" step="2"/><T63/><REACH who="0" step="1"/><D128/><REACH who="0" ten="240,250,250,240" step="2"/><U82/><E82/><AGARI ba="0,2" hai="6,11,12,38,40,45,69,70,82,87,89,91,93,98" machi="82" ten="30,3900,0" yaku="1,1,2,1,7,1,53,0" doraHai="111" doraHaiUra="25" who="3" fromWho="1" sc="240,0,250,-39,250,0,240,59" /><INIT seed="1,0,0,0,1,96" ten="240,211,250,299" oya="1" hai0="60,135,18,93,7,67,77,56,42,114,118,74,31" hai1="49,119,27,50,63,61,64,40,95,15,78,70,23" hai2="97,106,43,103,69,57,38,108,117,5,76,8,132" hai3="115,65,30,100,37,120,0,59,110,12,66,104,134"/><U91/><E119/><V52/><F117/><W3/><G120/><T72/><D118/><U116/><E116/><V105/><F69/><W4/><G115/><T17/><D114/><U102/><E78/><V44/><F76/><W28/><G37/><T85/><D135/><U109/><E109/><V123/><F108/><W53/><G134/><T35/><D7/><U32/><E40/><V126/><F126/><W25/><G12/><T127/><D127/><U41/><E41/><V73/><F73/><W101/><G110/><T94/><D74/><U79/><E79/><V45/><F45/><W89/><G104/><T90/><D42/><U75/><E75/><V130/><F130/><W112/><G4/><T62/><D62/><N who="1" m="23563" /><E32/><V111/><F111/><W21/><G30/><T19/><D77/><U68/><E68/><V98/><F132/><W10/><G0/><T1/><D1/><U11/><E70/><V80/><F80/><W13/><G3/><T48/><D72/><U22/><E64/><N who="3" m="24682" /><G89/><T92/><D48/><N who="1" m="18539" /><E27/><V131/><F131/><W26/><G26/><T6/><D35/><U34/><E34/><V124/><F124/><W82/><G112/><T2/><D2/><U99/><E91/><V88/><F123/><W46/><G46/><T14/><D31/><U129/><E129/><V20/><F106/><W9/><G28/><T16/><N who="0" m="4096" /><DORA hai="71" /><T122/><REACH who="0" step="1"/><D122/><REACH who="0" ten="230,211,250,299" step="2"/><U58/><E58/><V86/><F57/><W33/><G59/><T125/><D125/><U39/><E39/><V133/><F38/><W47/><G33/><T24/><D24/><U84/><E15/><RYUUKYOKU ba="0,1" sc="230,30,211,-10,250,-10,299,-10" hai0="6,14,56,60,67,85,90,92,93,94" /><INIT seed="2,1,1,0,1,34" ten="260,201,240,289" oya="2" hai0="79,100,25,117,22,89,48,130,96,20,95,77,39" hai1="132,14,51,73,18,98,55,67,134,52,75,99,69" hai2="107,17,133,58,101,1,36,49,104,92,82,27,38" hai3="61,65,5,44,110,3,33,109,81,116,84,46,13"/><V35/><F133/><N who="1" m="51305" /><E67/><V10/><F82/><W72/><G33/><T108/><D39/><U88/><E69/><V90/><F38/><W28/><G28/><T50/><D108/><N who="3" m="41577" /><G72/><N who="1" m="27722" /><E88/><V56/><F36/><W43/><G43/><T21/><D117/><U66/><E66/><V94/><F94/><W16/><G5/><T126/><D126/><U23/><E55/><V135/><F135/><W53/><G53/><T102/><D130/><U80/><E80/><V4/><F101/><N who="0" m="39018" /><D25/><U125/><E125/><V124/><F124/><W76/><G116/><T71/><D71/><U11/><E23/><V47/><F107/><W19/><G65/><T97/><D97/><U41/><E41/><V29/><F104/><W54/><G54/><T68/><D68/><U85/><E85/><V8/><F47/><AGARI ba="1,1" hai="11,14,18,47,51,52,98,99" m="27722,51305" machi="47" ten="30,2000,0" yaku="20,1,54,1" doraHai="34" who="1" fromWho="2" sc="260,0,201,33,240,-23,289,0" /><INIT seed="3,0,0,1,3,68" ten="260,234,217,289" oya="3" hai0="4,44,26,117,134,65,15,127,49,32,98,55,122" hai1="90,116,128,89,132,46,84,85,102,107,5,21,76" hai2="23,31,77,97,41,73,130,124,1,57,47,83,25" hai3="58,103,105,13,28,0,12,72,38,34,78,51,61"/><W19/><G0/><T6/><D117/><U86/><E5/><V88/><F124/><W109/><G34/><T24/><D122/><U133/><E46/><V104/><F1/><W59/><G28/><T119/><D119/><U48/><E116/><V121/><F130/><W18/><G38/><T135/><D127/><U54/><E48/><V11/><F11/><W106/><G109/><T63/><D6/><U39/><E21/><V113/><F113/><W131/><G51/><T69/><D32/><U79/><E54/><V67/><F121/><W35/><G35/><T75/><D98/><N who="1" m="61911" /><E39/><V62/><F104/><W81/><G103/><T27/><REACH who="0" step="1"/><D75/><REACH who="0" ten="250,234,217,289" step="2"/><U53/><E128/><V100/><F97/><W99/><G99/><T3/><D3/><U37/><E132/><V45/><F100/><W71/><G131/><T91/><D91/><U87/><E90/><V50/><F88/><W120/><G120/><T14/><D14/><U64/><E89/><V60/><F73/><W30/><G13/><T110/><D110/><U114/><E133/><V8/><F25/><W74/><G74/><T125/><D125/><U126/><E126/><V2/><F2/><W95/><G12/><T52/><D52/><U115/><E53/><V33/><F33/><W29/><G72/><T22/><D22/><U80/><E87/><V17/><F23/><W92/><G106/><T7/><D7/><U66/><E86/><V20/><F20/><W118/><G105/><T43/><D43/><U56/><E85/><V108/><F41/><W123/><G123/><T16/><D16/><U101/><E84/><RYUUKYOKU ba="0,1" sc="250,30,234,-10,217,-10,289,-10" hai0="4,15,24,26,27,44,49,55,63,65,69,134,135" /><INIT seed="4,1,1,0,0,29" ten="280,224,207,279" oya="0" hai0="21,102,26,51,55,41,97,112,63,22,60,73,101" hai1="1,39,116,119,83,15,94,105,100,74,62,133,103" hai2="44,85,108,81,59,30,17,122,127,92,64,50,131" hai3="68,125,3,40,117,113,79,24,135,49,4,86,132"/><T35/><D73/><U104/><E1/><V84/><F108/><W66/><G117/><N who="1" m="45130" /><E39/><V82/><F122/><W118/><G118/><T45/><D112/><U23/><E15/><V87/><F127/><W6/><G125/><T25/><D35/><U43/><E62/><N who="2" m="37983" /><F30/><W48/><G113/><T90/><D22/><U54/><E54/><N who="2" m="30023" /><F131/><W28/><G68/><T33/><D33/><U107/><E43/><V78/><F78/><W128/><G66/><T130/><D130/><U52/><E52/><V37/><F37/><W134/><G128/><T111/><D111/><U32/><E23/><V42/><F42/><W75/><G75/><T69/><D26/><U123/><E32/><V12/><F92/><W76/><G40/><T57/><D63/><U36/><E36/><V106/><F106/><W93/><G93/><N who="0" m="56503" /><D69/><U72/><E123/><V14/><F14/><W0/><G0/><T115/><D115/><U88/><E133/><V114/><F114/><W20/><G3/><T56/><D56/><U67/><E67/><V19/><F19/><AGARI ba="1,1" hai="19,21,25,41,45,51,55,57,60,101,102" m="56503" machi="19" ten="30,2900,0" yaku="25,1,8,1" doraHai="29" who="0" fromWho="2" sc="280,42,224,0,207,-32,279,0" /><INIT seed="4,2,0,2,5,0" ten="322,224,175,279" oya="0" hai0="134,39,114,59,63,54,30,72,14,79,4,64,117" hai1="67,101,35,122,91,71,5,115,95,100,124,60,6" hai2="126,97,42,37,127,123,84,87,57,61,20,99,82" hai3="85,12,118,43,125,130,24,106,110,16,21,56,133"/><T76/><D117/><U77/><E122/><V49/><F37/><W131/><G110/><T58/><D39/><U34/><E77/><V25/><F123/><W88/><G106/><T8/><D114/><U132/><E115/><V120/><F120/><W109/><G109/><T107/><D107/><U51/><E124/><V3/><F3/><W55/><G118/><T111/><D111/><U9/><E132/><V31/><F127/><W52/><G125/><T113/><D113/><U69/><E51/><V22/><F87/><W27/><G43/><T90/><D134/><U93/><E9/><V18/><F126/><W75/><G75/><T89/><D30/><U11/><E11/><V78/><F49/><N who="3" m="30735" /><G55/><T33/><D33/><U135/><E135/><V48/><F48/><W19/><G19/><T13/><D13/><U36/><E36/><V38/><F42/><W103/><G103/><T83/><REACH who="0" step="1"/><D76/><REACH who="0" ten="312,224,175,279" step="2"/><U29/><E29/><V129/><F38/><W15/><G15/><T47/><D47/><U41/><E34/><V44/><F44/><W28/><G133/><T68/><D68/><U70/><E35/><V66/><REACH who="2" step="1"/><F129/><REACH who="2" ten="312,224,165,279" step="2"/><N who="3" m="49163" /><G28/><T65/><D65/><U7/><E67/><V2/><F2/><W94/><AGARI ba="2,2" hai="12,16,21,24,27,85,88,94" m="49163,30735" machi="94" ten="30,8000,1" yaku="25,1,19,1,54,3" doraHai="0" who="3" fromWho="3" sc="312,-42,224,-22,165,-22,279,106" /><INIT seed="5,0,0,1,3,126" ten="270,202,143,385" oya="1" hai0="48,105,37,123,24,77,102,54,58,85,108,135,131" hai1="41,74,73,70,124,132,125,97,96,100,53,18,56" hai2="19,122,36,134,91,104,32,83,99,6,10,3,114" hai3="52,119,63,4,43,25,107,35,31,65,80,44,117"/><U87/><E70/><V121/><F36/><W57/><G107/><T82/><D108/><U27/><E41/><V22/><F134/><W106/><G106/><T12/><D37/><U128/><E132/><V29/><F114/><W51/><G4/><T79/><D135/><U8/><E87/><V90/><F90/><W72/><G72/><T61/><D123/><U45/><E45/><V89/><F89/><W34/><G80/><T46/><D24/><U115/><E115/><V33/><F83/><W75/><G75/><N who="1" m="28682" /><E100/><V30/><F91/><W11/><G11/><T92/><D12/><N who="1" m="7431" /><E27/><N who="2" m="14815" /><F99/><W47/><G47/><T94/><D79/><U64/><E64/><V118/><F104/><W20/><G65/><T112/><D105/><U2/><E2/><V127/><F118/><AGARI ba="0,0" hai="20,25,31,34,35,43,44,51,52,57,63,117,118,119" machi="118" ten="40,2600,0" yaku="12,1,54,1" doraHai="126" who="3" fromWho="2" sc="270,0,202,0,143,-26,385,26" /><INIT seed="6,0,0,2,3,104" ten="270,202,117,411" oya="2" hai0="26,56,48,14,60,11,86,88,27,25,119,59,100" hai1="63,112,43,38,18,66,111,3,68,124,97,135,70" hai2="82,42,123,33,94,0,83,96,107,32,71,31,92" hai3="78,57,15,129,39,77,103,99,108,113,132,114,4"/><V5/><F123/><W81/><G39/><T19/><D119/><U10/><E111/><V85/><F42/><W55/><G129/><T74/><D100/><U91/><E135/><V2/><F71/><W120/><G108/><T84/><D74/><U121/><E121/><V50/><F107/><W80/><G132/><T127/><D127/><U90/><E124/><V75/><F50/><W117/><G117/><T40/><D86/><U54/><E112/><V45/><F45/><W9/><G80/><T133/><D133/><U16/><E70/><V128/><F128/><W95/><G120/><T134/><D134/><U73/><E73/><V47/><F47/><W65/><G65/><T37/><D37/><U30/><E30/><V118/><F118/><W8/><G8/><T62/><D40/><U102/><E54/><V6/><F85/><W36/><G36/><T67/><D48/><U21/><E43/><V49/><F49/><N who="3" m="30959" /><G81/><T110/><D110/><U125/><E38/><V89/><F31/><W28/><G28/><T41/><D41/><U44/><E44/><V130/><F130/><W98/><G98/><T122/><D122/><U61/><E61/><V1/><F94/><W109/><G109/><T87/><D87/><U29/><E29/><V131/><F131/><W126/><G126/><T101/><D101/><U12/><E125/><V35/><REACH who="2" step="1"/><F83/><REACH who="2" ten="270,202,107,411" step="2"/><W13/><G95/><N who="0" m="54663" /><D62/><U105/><E3/><V116/><F116/><W20/><G113/><T69/><D69/><U53/><E53/><V106/><F106/><N who="3" m="63871" /><G114/><T93/><D93/><U22/><E68/><V46/><F46/><RYUUKYOKU ba="0,1" sc="270,10,202,-30,107,10,411,10" hai0="11,14,19,25,26,27,56,59,60,67" hai2="0,1,2,5,6,32,33,35,75,82,89,92,96" hai3="4,9,13,15,20,77,78" /><INIT seed="6,1,1,5,5,10" ten="280,172,117,421" oya="2" hai0="89,97,2,105,112,91,63,41,60,133,95,125,40" hai1="50,109,45,53,42,1,114,93,78,12,44,122,3" hai2="0,22,48,51,11,39,18,80,87,33,131,127,111" hai3="100,30,5,69,79,84,117,14,77,66,21,118,13"/><V56/><F39/><W110/><G110/><T116/><D2/><U43/><E109/><V68/><F68/><W19/><G30/><T119/><D112/><U15/><E114/><V16/><F111/><W55/><G100/><T9/><D125/><U64/><E64/><V62/><F33/><W28/><G28/><T72/><D72/><U26/><E78/><V35/><F35/><W46/><G5/><T58/><D105/><U120/><E26/><V94/><F131/><W85/><G14/><N who="1" m="5162" /><E93/><V70/><F70/><W61/><G66/><T20/><D95/><U29/><E29/><V92/><F11/><W102/><G79/><T75/><D9/><U7/><E7/><V108/><F0/><N who="1" m="73" /><E45/><V101/><F94/><W130/><G46/><T107/><D75/><U4/><E4/><V106/><F106/><W17/><G77/><T124/><D107/><U36/><E36/><V113/><F113/><W27/><G27/><T31/><D31/><U74/><E74/><V98/><F108/><W23/><G69/><T49/><D124/><U73/><E73/><V32/><F32/><W123/><G19/><N who="2" m="7209" /><F127/><W88/><G17/><T67/><D119/><U99/><E99/><V47/><F47/><W134/><G117/><T83/><D97/><U126/><E126/><V96/><F96/><W103/><G118/><T8/><D8/><U54/><E42/><V121/><F22/><W24/><G21/><T82/><D20/><U81/><E81/><V52/><F121/><AGARI ba="1,1" hai="43,44,50,53,54,120,121,122" m="73,5162" machi="121" ten="30,7700,0" yaku="13,1,52,3" doraHai="10" who="1" fromWho="2" sc="280,0,172,90,117,-80,421,0" /><INIT seed="7,0,0,0,2,30" ten="280,262,37,421" oya="3" hai0="3,98,78,92,42,103,97,65,135,5,31,132,112" hai1="105,64,106,19,99,25,55,20,129,33,95,107,77" hai2="75,50,53,113,124,90,0,46,85,81,41,9,73" hai3="32,108,34,14,39,130,35,89,4,24,58,117,16"/><W120/><G39/><T11/><D112/><U28/><E77/><V26/><F113/><W116/><G89/><T76/><D42/><U45/><E129/><V115/><F115/><W93/><G93/><T94/><D65/><U79/><E79/><V38/><F124/><W114/><G58/><T84/><D31/><U17/><E64/><V100/><F100/><W70/><G70/><T127/><D127/><U109/><E109/><V44/><F26/><W54/><G54/><T121/><D121/><U57/><E45/><V102/><F102/><W8/><G114/><T43/><D43/><U83/><E83/><V104/><F104/><W67/><G67/><T91/><REACH who="0" step="1"/><D98/><REACH who="0" ten="270,262,37,421" step="2"/><U29/><E29/><V88/><F0/><N who="3" m="7" /><G120/><T63/><D63/><U123/><E123/><V87/><REACH who="2" step="1"/><F9/><REACH who="2" ten="270,262,27,421" step="2"/><W27/><G116/><T126/><D126/><U47/><E106/><V6/><F6/><W101/><G117/><T122/><D122/><U80/><E105/><V60/><F60/><W15/><G108/><T18/><D18/><U13/><E107/><V12/><F12/><W82/><G16/><T74/><D74/><U68/><E19/><V2/><F2/><W52/><G15/><T71/><D71/><U125/><E68/><V110/><F110/><W37/><G14/><T40/><D40/><U86/><E125/><V134/><F134/><AGARI ba="0,2" hai="3,5,11,76,78,84,91,92,94,97,103,132,134,135" machi="134" ten="40,2600,0" yaku="1,1,20,1,53,0" doraHai="30" doraHaiUra="56" who="0" fromWho="2" sc="270,46,262,0,27,-26,421,0" owari="316,12.0,262,-14.0,1,-50.0,421,52.0" /></mjloggm>