<mjloggm ver="2.3"><GO type="169" lobby="0"/><UN n0="%E6%BB%9D%E6%9C%AC%E3%81%B2%E3%81%B5%E3%81%BF%EF%BC%81" n1="%E3%81%AE%E3%81%B3%E3%81%97%E3%82%8D%E2%99%82" n2="%E3%81%9F%E3%81%8B%E3%81%A3%E3%81%A6%E3%81%83%E3%83%BC" n3="%64%72%61%65%74%63" dan="17,16,18,16" rate="2198.06,2124.74,2274.29,2073.03" sx="M,M,F,M"/><TAIKYOKU oya="0"/><INIT seed="0,0,0,2,4,133" ten="250,250,250,250" oya="0" hai0="113,4,116,62,107,126,47,31,15,70,87,34,100" hai1="75,115,49,134,56,112,60,124,67,63,128,66,106" hai2="78,52,108,3,92,81,50,19,10,94,85,111,99" hai3="82,71,18,38,12,21,24,30,90,46,73,89,123"/><T58/><D113/><N who="1" m="43595" /><E75/><V57/><F94/><W17/><G71/><T53/><D116/><U97/><E97/><V74/><F74/><W39/><G123/><T1/><D1/><U25/><E106/><V20/><F3/><W120/><G120/><T26/><D70/><N who="1" m="42311" /><E25/><V54/><F54/><W44/><G18/><T93/><D107/><U125/><E134/><V0/><F0/><W37/><G90/><T72/><D72/><U132/><E132/><V114/><F10/><W77/><REACH who="3" step="1"/><G89/><REACH who="3" ten="250,250,250,240" step="2"/><T22/><D4/><U5/><E5/><V86/><F114/><W6/><G6/><T121/><D121/><U68/><E128/><V109/><F86/><W117/><G117/><T2/><D87/><U127/><E49/><V65/><F19/><W122/><G122/><T129/><D129/><U14/><E14/><V59/><F50/><W118/><G118/><T130/><D15/><U42/><E42/><V79/><F111/><W32/><AGARI ba="0,1" hai="12,17,21,24,30,32,37,38,39,44,46,73,77,82" machi="32" ten="30,2000,0" yaku="1,1,0,1,53,0" doraHai="133" doraHaiUra="101" who="3" fromWho="3" sc="250,-10,250,-5,250,-5,240,30" /><INIT seed="1,0,0,2,0,114" ten="240,245,245,270" oya="1" hai0="81,76,104,62,1,89,40,18,109,119,68,88,112" hai1="85,70,12,42,84,50,34,127,9,69,48,31,128" hai2="92,23,41,44,53,74,4,79,14,56,46,54,16" hai3="123,135,0,73,38,8,122,32,22,113,51,83,132"/><U94/><E128/><V19/><F74/><W58/><G38/><T75/><D112/><U101/><E127/><V115/><F115/><W100/><G113/><T24/><D109/><U117/><E117/><V27/><F79/><W93/><G32/><T105/><D1/><U26/><E84/><V106/><F106/><W121/><G22/><T13/><D40/><U129/><E129/><V71/><F71/><W37/><G37/><T57/><D24/><U130/><E130/><V61/><F4/><W67/><G100/><T47/><D47/><U96/><E85/><V55/><F92/><W36/><G36/><T2/><D2/><U29/><E29/><V82/><F82/><W7/><G93/><T33/><D33/><U126/><E126/><V108/><F108/><W28/><G28/><T72/><D68/><U95/><E95/><V80/><F80/><W78/><G51/><T5/><D5/><U90/><E50/><N who="2" m="26895" /><F46/><W98/><G98/><T124/><D72/><U107/><E42/><V39/><F39/><W111/><G111/><T125/><D119/><U25/><E25/><V102/><F102/><W60/><AGARI ba="0,0" hai="0,7,8,58,60,67,73,78,83,121,122,123,132,135" machi="60" ten="40,1500,0" yaku="0,1" doraHai="114" who="3" fromWho="3" sc="240,-4,245,-7,245,-4,270,15" /><INIT seed="2,0,0,1,4,65" ten="236,238,241,285" oya="2" hai0="114,126,123,20,134,94,24,97,131,88,21,112,109" hai1="9,100,84,133,6,34,53,62,67,135,36,86,11" hai2="7,17,27,28,74,16,61,55,99,5,44,83,127" hai3="125,79,56,35,95,89,78,47,101,15,19,57,60"/><V76/><F127/><W124/><G35/><T46/><D123/><U1/><E34/><V41/><F99/><W132/><G132/><T129/><D109/><U68/><E36/><V50/><F61/><W3/><G3/><T54/><D126/><N who="3" m="48745" /><G47/><T45/><D134/><U122/><E122/><V77/><F77/><N who="3" m="29195" /><G60/><T106/><D106/><U80/><E86/><V49/><F5/><W90/><G90/><T104/><D104/><U30/><E30/><V108/><F7/><W113/><G101/><T51/><D45/><U91/><E100/><V117/><F117/><W18/><G18/><T128/><REACH who="0" step="1"/><D20/><REACH who="0" ten="226,238,241,285" step="2"/><U38/><E135/><V121/><F121/><W10/><G113/><T70/><D70/><U71/><E71/><V111/><F111/><W63/><G63/><T39/><D39/><U29/><E38/><V59/><REACH who="2" step="1"/><F108/><REACH who="2" ten="226,238,231,285" step="2"/><W81/><G81/><T32/><D32/><AGARI ba="0,2" hai="16,17,27,28,32,41,44,49,50,55,59,74,76,83" machi="32" ten="30,11600,0" yaku="1,1,2,1,7,1,54,1,53,0" doraHai="65" doraHaiUra="119" who="2" fromWho="0" sc="226,-116,238,0,231,136,285,0" /><INIT seed="2,1,0,5,1,78" ten="110,238,367,285" oya="2" hai0="62,66,74,0,23,17,130,1,52,84,125,32,103" hai1="29,49,122,100,58,3,124,26,38,118,12,20,33" hai2="83,40,65,5,111,55,96,85,13,57,127,9,11" hai3="76,81,4,88,68,128,46,37,131,70,120,44,48"/><V134/><F127/><W94/><G4/><T132/><D74/><U112/><E124/><V97/><F134/><W101/><G101/><T79/><D125/><U2/><E112/><V109/><F40/><W95/><G95/><T107/><D32/><U19/><E118/><V80/><F65/><W50/><G37/><T90/><D79/><U119/><E119/><V41/><F41/><W39/><G39/><T71/><D130/><N who="3" m="49705" /><G120/><T21/><D132/><U16/><E122/><V135/><F135/><W15/><G15/><T61/><D21/><U30/><E38/><V36/><F36/><W7/><G7/><T98/><D62/><U60/><E49/><N who="3" m="19050" /><G70/><T42/><D42/><U75/><E75/><V22/><F22/><W99/><G68/><T8/><D8/><U92/><E30/><V104/><F11/><W77/><G77/><T10/><D10/><U91/><E100/><N who="2" m="62471" /><F97/><W31/><G31/><T69/><D69/><U115/><E19/><V35/><F85/><AGARI ba="1,0" hai="44,46,76,81,85,88,94,99" m="19050,49705" machi="85" ten="30,3900,0" yaku="19,1,52,1,54,1" doraHai="78" who="3" fromWho="2" sc="110,0,238,0,367,-42,285,42" /><INIT seed="3,0,0,4,5,40" ten="110,238,325,327" oya="3" hai0="76,88,33,125,57,100,95,38,72,46,63,84,68" hai1="3,93,6,127,67,56,18,120,107,131,102,50,77" hai2="98,21,51,55,4,8,133,81,52,47,115,34,65" hai3="70,13,113,11,20,66,135,19,36,75,9,121,14"/><W116/><G75/><T80/><D125/><U54/><E131/><V94/><F34/><W62/><G113/><T86/><D33/><U60/><E127/><V16/><F133/><W129/><G116/><T123/><D68/><U35/><E120/><V42/><F115/><W110/><G121/><T2/><D123/><U73/><E107/><V101/><F65/><W108/><G129/><T103/><D2/><U122/><E122/><V134/><F81/><W74/><G74/><T92/><D38/><U58/><E35/><V5/><F134/><W12/><G36/><T29/><D29/><U109/><E109/><N who="3" m="42090" /><G135/><T17/><D17/><U128/><E128/><V44/><F8/><AGARI ba="0,0" hai="8,9,11,12,13,14,19,20,62,66,70" m="42090" machi="8" ten="30,2900,0" yaku="14,1,10,1" doraHai="40" who="3" fromWho="2" sc="110,0,238,0,325,-29,327,29" /><INIT seed="3,1,0,0,2,91" ten="110,238,296,356" oya="3" hai0="133,8,83,93,16,101,45,57,64,109,116,126,50" hai1="73,77,81,96,124,75,56,102,48,108,94,14,52" hai2="106,35,22,10,11,61,39,71,17,55,21,32,63" hai3="74,37,15,69,26,34,76,97,111,104,128,0,47"/><W110/><G0/><T28/><D109/><N who="3" m="41481" /><G15/><N who="0" m="7271" /><D126/><U38/><E108/><V33/><F106/><W5/><G5/><T113/><D133/><U65/><E124/><V79/><F39/><W23/><G23/><T82/><D116/><U59/><E38/><V58/><F79/><W121/><G69/><T120/><D120/><U12/><REACH who="1" step="1"/><E75/><REACH who="1" ten="110,228,296,356" step="2"/><V68/><F68/><W127/><G37/><T2/><D113/><U95/><E95/><V43/><F71/><W7/><G74/><T20/><D2/><U78/><E78/><V122/><F122/><W114/><G76/><T30/><D82/><U36/><E36/><V86/><F35/><W72/><G34/><T129/><D83/><U27/><E27/><V123/><F33/><W66/><G26/><T89/><D129/><U41/><E41/><V25/><F43/><W3/><G72/><T134/><D134/><U119/><E119/><V29/><F32/><W112/><G121/><T131/><D131/><U46/><E46/><V1/><F25/><W87/><G47/><T135/><D135/><U13/><E13/><V24/><F24/><W103/><G127/><T51/><D45/><U100/><E100/><V88/><F123/><W117/><G117/><T98/><D101/><U107/><E107/><V6/><F1/><W85/><G128/><T115/><D115/><U90/><E90/><V118/><F88/><W80/><G80/><T99/><D93/><U92/><E92/><V4/><F118/><W105/><G114/><T53/><D89/><U60/><AGARI ba="1,1" hai="12,14,48,52,56,59,60,65,73,77,81,94,96,102" machi="60" ten="30,7900,0" yaku="1,1,0,1,52,1,54,1,53,0" doraHai="91" doraHaiUra="67" who="1" fromWho="1" sc="110,-21,228,92,296,-21,356,-40" /><INIT seed="4,0,0,5,2,116" ten="89,320,275,316" oya="0" hai0="67,63,41,66,104,33,118,90,127,9,96,50,88" hai1="62,58,125,10,11,133,57,8,20,119,26,80,95" hai2="38,61,16,82,79,121,5,12,23,64,78,71,47" hai3="124,123,19,56,100,110,113,55,1,35,27,103,48"/><T14/><D118/><U117/><E133/><V2/><F121/><W131/><G1/><T130/><D33/><U4/><E125/><V94/><F94/><W40/><G110/><T43/><D127/><U32/><E32/><V93/><F93/><W53/><G124/><T54/><D130/><U107/><E107/><V111/><F111/><W59/><G40/><N who="0" m="15435" /><D104/><U21/><E4/><V122/><F122/><W31/><G113/><T106/><D106/><U97/><E80/><V89/><F47/><W52/><G131/><T129/><D129/><U105/><E105/><V44/><F44/><W91/><G123/><T65/><D63/><U49/><E49/><V102/><F102/><W74/><G74/><T128/><D96/><U73/><E73/><V28/><F38/><W39/><G39/><T112/><D112/><U72/><E72/><V70/><F70/><W108/><G108/><T24/><D24/><U115/><E115/><V126/><F126/><W109/><G109/><T60/><D60/><U30/><E21/><V77/><F28/><W92/><G48/><T25/><D25/><U83/><E62/><V51/><F51/><W75/><G75/><T132/><D132/><U99/><E99/><V3/><REACH who="2" step="1"/><F5/><REACH who="2" ten="89,320,265,316" step="2"/><W36/><G36/><T29/><D29/><N who="1" m="17607" /><E119/><V69/><F69/><W6/><G6/><N who="0" m="3383" /><D128/><U114/><E117/><V135/><F135/><W76/><G31/><T84/><D84/><AGARI ba="0,1" hai="2,3,12,16,23,61,64,71,77,78,79,82,84,89" machi="84" ten="40,2600,0" yaku="1,1,54,1,53,0" doraHai="116" doraHaiUra="101" who="2" fromWho="0" sc="89,-26,320,0,265,36,316,0" /><INIT seed="5,0,0,1,0,121" ten="63,320,301,316" oya="1" hai0="5,96,4,45,17,135,66,123,104,119,126,87,89" hai1="41,122,31,79,32,101,100,54,132,134,102,91,133" hai2="24,95,130,47,1,21,26,14,77,6,39,118,114" hai3="128,34,57,48,107,62,37,98,2,38,80,49,110"/><U131/><E122/><V55/><F118/><W83/><G2/><T111/><D123/><U59/><E131/><V92/><F130/><W85/><G34/><T124/><D119/><U13/><E41/><V99/><F114/><W22/><G128/><T115/><D115/><U81/><E91/><V112/><F112/><W11/><G110/><T108/><D66/><U28/><E13/><V75/><F1/><W44/><G11/><T72/><D72/><U30/><E32/><V94/><F75/><W20/><G98/><T113/><D113/><U50/><E81/><V127/><F77/><AGARI ba="0,0" hai="28,30,31,50,54,59,77,79,100,101,102,132,133,134" machi="77" ten="50,9600,0" yaku="29,2,20,1" doraHai="121" who="1" fromWho="2" sc="63,0,320,96,301,-96,316,0" /><INIT seed="5,1,0,0,3,59" ten="63,416,205,316" oya="1" hai0="91,133,113,86,49,134,2,46,99,16,50,32,24" hai1="18,52,103,111,100,102,112,73,117,131,75,71,104" hai2="37,120,57,45,81,28,65,60,27,116,76,88,80" hai3="62,119,110,66,25,23,115,21,94,35,17,20,7"/><U77/><E112/><V0/><F120/><W109/><G115/><T84/><D113/><U42/><E131/><V63/><F116/><W12/><G119/><T87/><D2/><U130/><E130/><V82/><F0/><W9/><G94/><T128/><D128/><U47/><E117/><V97/><F37/><W129/><G129/><T14/><D32/><U67/><E111/><V121/><F45/><W54/><G54/><T127/><D24/><U70/><E104/><V108/><F121/><W89/><G89/><T90/><D127/><U95/><E52/><V78/><F108/><W11/><G35/><T38/><D38/><U118/><E118/><V43/><F43/><W114/><G114/><T29/><D29/><U106/><E106/><V122/><F122/><W22/><REACH who="3" step="1"/><G11/><REACH who="3" ten="63,416,205,306" step="2"/><T40/><D99/><N who="1" m="59519" /><E77/><V123/><F123/><W58/><AGARI ba="1,1" hai="7,9,12,17,20,21,22,23,25,58,62,66,109,110" machi="58" ten="30,12000,2" yaku="1,1,0,1,52,1,53,4" doraHai="59" doraHaiUra="19" who="3" fromWho="3" sc="63,-31,416,-61,205,-31,306,133" /><INIT seed="6,0,0,0,3,71" ten="32,355,174,439" oya="2" hai0="20,59,69,93,102,86,88,77,80,104,96,14,127" hai1="35,128,89,81,32,115,135,31,48,114,52,130,1" hai2="91,28,106,65,105,15,10,87,73,74,57,117,3" hai3="83,42,76,75,61,124,50,45,97,116,98,12,111"/><V49/><F117/><W13/><G111/><T113/><D69/><U70/><E1/><V100/><F3/><W37/><G116/><T108/><D108/><U79/><E70/><V5/><F28/><W22/><G124/><T17/><D113/><N who="1" m="43019" /><E89/><V121/><F121/><W132/><G132/><T84/><D127/><U47/><E135/><V126/><F126/><W133/><G133/><T119/><D119/><U0/><E0/><V112/><F112/><W66/><G50/><T95/><REACH who="0" step="1"/><D59/><REACH who="0" ten="22,355,174,439" step="2"/><U92/><E92/><AGARI ba="0,1" hai="14,17,20,77,80,84,86,88,92,93,95,96,102,104" machi="92" ten="30,7700,0" yaku="1,1,2,1,7,1,54,1,53,0" doraHai="71" doraHaiUra="64" who="0" fromWho="1" sc="22,87,355,-77,174,0,439,0" /><INIT seed="7,0,0,1,4,90" ten="109,278,174,439" oya="3" hai0="45,91,19,46,95,89,71,24,124,68,93,42,112" hai1="50,85,35,66,28,100,107,94,3,26,84,44,0" hai2="82,47,74,99,83,86,81,114,96,21,131,73,111" hai3="117,16,109,120,17,57,32,78,97,128,20,37,63"/><W59/><G32/><T15/><D124/><U52/><E107/><V116/><F47/><W36/><G117/><T80/><D112/><U125/><E84/><V39/><F39/><W43/><G120/><T5/><D80/><N who="2" m="30826" /><F21/><W31/><G78/><T6/><D24/><U130/><E130/><V55/><F55/><W98/><G20/><T64/><D64/><U69/><E125/><V127/><F127/><W77/><G77/><T65/><D65/><U104/><E104/><V105/><F131/><W129/><G31/><T134/><D134/><U76/><E76/><N who="2" m="46439" /><F116/><W126/><G126/><T25/><D25/><U62/><E3/><V118/><F118/><W23/><G23/><T132/><D132/><U103/><E0/><V22/><F22/><W29/><G29/><T56/><D56/><U67/><E67/><V8/><F8/><W135/><G63/><T34/><D34/><U87/><E69/><V33/><F33/><W61/><G61/><T72/><D72/><N who="2" m="27754" /><F111/><W123/><G43/><T14/><D19/><U102/><E62/><V108/><F108/><W49/><G109/><T11/><D11/><U110/><E66/><V70/><F70/><W133/><G123/><T13/><D13/><U75/><E110/><V58/><F58/><W2/><G2/><T27/><D27/><U115/><E26/><V122/><F122/><W119/><G119/><T121/><D121/><U30/><E28/><V113/><F114/><W92/><G49/><T38/><D38/><U88/><E30/><V48/><F113/><W60/><G60/><T54/><D54/><U106/><E52/><RYUUKYOKU ba="0,0" sc="109,15,278,-15,174,-15,439,15" hai0="5,6,14,15,42,45,46,68,71,89,91,93,95" hai3="16,17,36,37,57,59,92,97,98,128,129,133,135" owari="124,-38.0,263,6.0,159,-24.0,454,56.0" /></mjloggm>