<mjloggm ver="2.3"><GO type="169" lobby="0"/><UN n0="%43%68%65" n1="%E7%8F%BE%E5%A0%B4%E3%81%AD%E3%81%93" n2="%E9%AB%AA%E7%95%99%E3%82%81" n3="%65%69%6B%31" dan="17,16,16,18" rate="2157.49,2054.69,2051.25,2237.69" sx="M,M,F,M"/><TAIKYOKU oya="0"/><INIT seed="0,0,0,5,4,56" ten="250,250,250,250" oya="0" hai0="123,70,119,102,82,7,132,65,93,117,4,98,100" hai1="21,62,19,112,40,22,129,12,54,69,111,20,49" hai2="76,105,78,36,133,96,8,29,85,120,37,92,122" hai3="55,131,75,10,17,109,79,45,60,108,107,104,13"/><T1/><D123/><N who="2" m="47146" /><F8/><W86/><G75/><T127/><D127/><U113/><E111/><N who="3" m="42570" /><G131/><T88/><D132/><U59/><E129/><V81/><F29/><W32/><G32/><T125/><D125/><U52/><E40/><V43/><F43/><W41/><G79/><N who="2" m="30249" /><F37/><N who="3" m="21679" /><G86/><T68/><D82/><U57/><REACH who="1" step="1"/><E69/><REACH who="1" ten="250,240,250,250" step="2"/><V130/><F36/><W23/><G10/><AGARI ba="0,1" hai="10,12,19,20,21,22,49,52,54,57,59,62,112,113" machi="10" ten="40,8000,1" yaku="1,1,2,1,52,1,54,1,53,0" doraHai="56" doraHaiUra="101" who="1" fromWho="3" sc="250,0,240,90,250,0,250,-80" /><INIT seed="1,0,0,3,0,120" ten="250,330,250,170" oya="1" hai0="20,19,119,58,79,106,114,6,109,5,100,111,128" hai1="92,73,108,9,135,47,30,95,38,12,116,110,51" hai2="76,7,61,93,37,34,1,74,97,22,80,89,0" hai3="42,54,48,55,46,50,32,130,126,49,45,67,27"/><U75/><E38/><V117/><F117/><W43/><G130/><T131/><D119/><U36/><E36/><V16/><F34/><W91/><G126/><T113/><D79/><U101/><E30/><V125/><F125/><W94/><G67/><T24/><D58/><U23/><E23/><V26/><F37/><W29/><REACH who="3" step="1"/><G49/><REACH who="3" ten="250,330,250,160" step="2"/><T121/><D121/><U90/><E116/><V82/><F7/><N who="0" m="2570" /><D106/><U18/><E135/><V14/><F82/><W52/><G52/><T84/><D100/><U99/><E75/><V132/><F132/><W3/><G3/><T107/><D107/><U104/><E73/><V123/><F123/><W17/><G17/><T63/><D63/><U103/><E103/><V10/><REACH who="2" step="1"/><F61/><REACH who="2" ten="250,330,240,160" step="2"/><W133/><G133/><T13/><D131/><U69/><E69/><V78/><F78/><W25/><G25/><T72/><D128/><U122/><E122/><V53/><F53/><W112/><G112/><N who="0" m="43115" /><D72/><U60/><E60/><V11/><F11/><W105/><G105/><T8/><D84/><AGARI ba="0,2" hai="27,29,32,42,43,45,46,48,50,54,55,84,91,94" machi="84" ten="30,3900,0" yaku="1,1,7,1,9,1,53,0" doraHai="120" doraHaiUra="127" who="3" fromWho="0" sc="250,-39,330,0,240,0,160,59" /><INIT seed="2,0,0,5,3,72" ten="211,330,240,219" oya="2" hai0="92,43,129,125,12,114,108,98,88,133,113,86,106" hai1="105,100,117,32,62,36,31,126,120,49,87,24,55" hai2="66,19,58,11,17,104,73,56,37,39,54,1,2" hai3="61,63,27,47,119,115,10,111,30,134,128,103,91"/><V44/><F73/><W0/><G119/><T5/><D43/><U14/><E117/><V107/><F54/><W42/><G111/><T132/><D5/><U75/><E75/><V67/><REACH who="2" step="1"/><F44/><REACH who="2" ten="211,330,230,219" step="2"/><W35/><G47/><T93/><D108/><U76/><E55/><V84/><F84/><W79/><G63/><T89/><D125/><U121/><E87/><V101/><F101/><W135/><G103/><N who="0" m="62839" /><D129/><U96/><E100/><V57/><F57/><W38/><G61/><T123/><D123/><U70/><E62/><V64/><F64/><W81/><G128/><T90/><D90/><U97/><E126/><V13/><F13/><W28/><G91/><T95/><D12/><U102/><E14/><V78/><F78/><W53/><G53/><T9/><D9/><AGARI ba="0,1" hai="1,2,9,11,17,19,37,39,56,58,66,67,104,107" machi="9" ten="25,4800,0" yaku="1,1,22,2,53,0" doraHai="72" doraHaiUra="16" who="2" fromWho="0" sc="211,-48,330,0,230,58,219,0" /><INIT seed="2,1,0,2,2,35" ten="163,330,288,219" oya="2" hai0="20,113,65,125,91,5,56,49,10,71,41,83,55" hai1="85,106,69,100,70,62,115,118,84,44,45,14,39" hai2="101,9,46,32,78,130,73,82,38,4,6,94,18" hai3="16,28,8,11,67,95,63,51,96,111,17,92,104"/><V133/><F130/><W53/><G104/><T7/><D113/><U42/><E14/><V3/><F133/><W120/><G120/><T129/><D129/><U116/><E100/><V131/><F6/><W25/><G111/><T24/><D125/><U61/><E106/><V132/><F18/><W75/><G75/><T134/><D134/><U98/><E98/><N who="2" m="59607" /><F132/><W108/><G108/><T66/><D41/><U112/><REACH who="1" step="1"/><E42/><REACH who="1" ten="163,320,288,219" step="2"/><N who="2" m="22871" /><F131/><W13/><G96/><T34/><D7/><U54/><E54/><V77/><F77/><W21/><G67/><T48/><D66/><U135/><E135/><V97/><F97/><W15/><REACH who="3" step="1"/><G63/><REACH who="3" ten="163,320,288,209" step="2"/><T128/><D65/><U87/><E87/><V43/><F43/><W103/><G103/><T117/><D128/><U36/><AGARI ba="1,2" hai="36,39,44,45,61,62,69,70,84,85,112,115,116,118" machi="36" ten="25,6400,0" yaku="1,1,0,1,22,2,53,0" doraHai="35" doraHaiUra="1" who="1" fromWho="1" sc="163,-17,320,87,288,-33,209,-17" /><INIT seed="3,0,0,3,1,81" ten="146,407,255,192" oya="3" hai0="77,13,12,98,120,56,75,31,109,134,119,15,84" hai1="20,29,65,71,94,40,38,111,46,30,93,34,11" hai2="79,63,68,92,104,51,95,73,118,67,132,61,16" hai3="1,91,123,26,17,121,69,24,97,127,115,19,35"/><W83/><G69/><T114/><D119/><U55/><E34/><V76/><F104/><W86/><G115/><T59/><D120/><U21/><E111/><V107/><F107/><W87/><G1/><T45/><D75/><U4/><E55/><V50/><F73/><W33/><G97/><T62/><D109/><U128/><E65/><V100/><F67/><W22/><G127/><T74/><D74/><U131/><E71/><V80/><F80/><W28/><G35/><T54/><D134/><U10/><E4/><V5/><F5/><W18/><REACH who="3" step="1"/><G87/><REACH who="3" ten="146,407,255,182" step="2"/><T48/><D98/><U25/><E128/><V44/><F68/><W39/><G39/><T8/><D114/><U32/><E32/><V3/><F132/><W101/><G101/><T99/><D99/><U112/><E131/><V96/><F3/><W135/><G135/><T9/><D84/><U130/><E112/><V42/><F96/><W43/><G43/><T41/><D77/><U53/><E40/><V117/><F42/><W23/><G23/><T122/><D122/><AGARI ba="0,1" hai="17,18,19,22,24,26,28,33,83,86,91,121,122,123" machi="122" ten="40,3900,0" yaku="1,1,52,1,53,0" doraHai="81" doraHaiUra="0" who="3" fromWho="0" sc="146,-39,407,0,255,0,182,49" /><INIT seed="3,1,0,2,2,128" ten="107,407,255,231" oya="3" hai0="27,110,11,7,50,81,14,5,40,43,135,49,78" hai1="118,102,47,70,1,99,74,35,55,119,28,29,126" hai2="94,26,132,3,77,60,4,54,18,15,93,131,71" hai3="34,127,0,120,92,33,17,65,12,98,105,21,86"/><W109/><G120/><T84/><D110/><U53/><E74/><V31/><F77/><W124/><G0/><T72/><D72/><U25/><E70/><V36/><F36/><W2/><G2/><T116/><D116/><N who="1" m="44587" /><E1/><V115/><F115/><W88/><G65/><T117/><D117/><U87/><E126/><N who="3" m="48170" /><G109/><T123/><D123/><U13/><E29/><V134/><F131/><W97/><G105/><T58/><D7/><U75/><E75/><V63/><F4/><W66/><G66/><T103/><D103/><U57/><E57/><N who="2" m="34871" /><F3/><W104/><G104/><T76/><D76/><U22/><E87/><V80/><F80/><N who="3" m="49223" /><G98/><T121/><D121/><U30/><E47/><V16/><F63/><W68/><G68/><T114/><D114/><U112/><E112/><V125/><F71/><W52/><G52/><T106/><D106/><U64/><E64/><V89/><F125/><W46/><G46/><T83/><D83/><U48/><E55/><V90/><F94/><W45/><G45/><T59/><D59/><U133/><E53/><V38/><F38/><W62/><G62/><T8/><D58/><U122/><E48/><V44/><F44/><W10/><G10/><T67/><D67/><U108/><E108/><V130/><F130/><W95/><G92/><T79/><D50/><U85/><E122/><V91/><F93/><W37/><G37/><T129/><D49/><U73/><E99/><V101/><F101/><AGARI ba="1,0" hai="12,17,21,33,34,95,97,101" m="49223,48170" machi="101" ten="30,2900,0" yaku="18,1,54,1" doraHai="128" who="3" fromWho="2" sc="107,0,407,0,255,-32,231,32" /><INIT seed="3,2,0,0,5,55" ten="107,407,223,263" oya="3" hai0="84,30,73,52,59,79,125,85,103,91,33,14,129" hai1="130,16,39,127,122,25,11,32,77,56,65,112,50" hai2="109,89,36,18,120,66,87,116,132,54,13,34,102" hai3="108,35,134,27,76,7,117,4,118,29,22,10,38"/><W42/><G134/><T69/><D69/><U83/><E122/><V21/><F36/><W114/><G114/><T110/><D110/><U67/><E39/><V135/><F34/><W94/><G108/><T26/><D125/><U43/><E43/><V70/><F116/><W9/><G76/><T86/><D129/><U23/><E112/><V51/><F102/><W17/><G94/><T2/><D2/><U99/><E32/><V72/><F72/><W58/><G58/><T8/><D103/><U41/><E41/><V3/><F3/><N who="3" m="159" /><G42/><T1/><D1/><U93/><E11/><V57/><F120/><W74/><G74/><T24/><D24/><U75/><E130/><V0/><F0/><N who="3" m="359" /><G38/><T97/><D97/><U96/><E127/><V92/><F109/><W90/><G90/><T46/><D46/><U124/><E124/><V88/><F89/><W126/><G126/><T71/><D71/><U47/><E47/><V31/><F31/><W105/><G105/><T121/><D79/><U95/><E99/><V61/><AGARI ba="2,0" hai="13,18,21,51,54,57,61,66,70,87,88,92,132,135" machi="61" ten="30,8000,1" yaku="0,1,25,2,52,1,54,1" doraHai="55" who="2" fromWho="2" sc="107,-22,407,-22,223,86,263,-42" /><INIT seed="4,0,0,1,0,100" ten="85,385,309,221" oya="0" hai0="4,68,43,86,96,101,3,109,13,60,0,131,67" hai1="116,102,30,76,74,110,118,85,124,14,71,44,107" hai2="11,31,49,78,99,88,65,121,92,19,55,53,47" hai3="87,105,130,24,134,18,133,61,29,28,54,57,16"/><T103/><D131/><U27/><E110/><V59/><F121/><W113/><G130/><T5/><D109/><U108/><E108/><V104/><F104/><W73/><G73/><T21/><D43/><U106/><E74/><V119/><F119/><W75/><G75/><T93/><D103/><U41/><E71/><V79/><F31/><W22/><G113/><T25/><D86/><U123/><E123/><V89/><F65/><W80/><G105/><T9/><REACH who="0" step="1"/><D5/><REACH who="0" ten="75,385,309,221" step="2"/><U45/><E85/><V8/><F89/><W32/><G134/><T128/><D128/><U64/><E102/><V48/><F19/><AGARI ba="0,1" hai="0,3,4,9,13,19,21,25,60,67,68,93,96,101" machi="19" ten="30,2900,0" yaku="1,1,7,1,53,0" doraHai="100" doraHaiUra="111" who="0" fromWho="2" sc="75,39,385,0,309,-29,221,0" /><INIT seed="4,1,0,4,2,88" ten="114,385,280,221" oya="0" hai0="22,125,23,131,120,135,130,6,58,133,50,81,2" hai1="129,34,32,57,21,46,25,54,37,78,124,97,5" hai2="51,31,60,71,28,107,128,117,86,121,56,122,30" hai3="4,108,99,84,134,70,66,103,80,116,82,98,49"/><T113/><D81/><U15/><E124/><V118/><F86/><W0/><G108/><T101/><D101/><U42/><E129/><N who="0" m="49161" /><D58/><U35/><E78/><V115/><F107/><W74/><G116/><N who="2" m="44649" /><F128/><W92/><G134/><N who="0" m="51211" /><D50/><U44/><E44/><V7/><F115/><W89/><G49/><T27/><D113/><U45/><E45/><V16/><F7/><W106/><G70/><T9/><D120/><U77/><E77/><V87/><F16/><W18/><G66/><T64/><D64/><U63/><E97/><V109/><F109/><W61/><G61/><T33/><D125/><U132/><E132/><V53/><F87/><W119/><G119/><T1/><D2/><U91/><E91/><V55/><F71/><W95/><G74/><T12/><D1/><U102/><E102/><V110/><F110/><W69/><G69/><T11/><D9/><U94/><E37/><V24/><F121/><W104/><G0/><T62/><D62/><U3/><E63/><V48/><F122/><W39/><G39/><T73/><D73/><U20/><E3/><V105/><F105/><N who="3" m="40555" /><G82/><T127/><D127/><U43/><E43/><V52/><F60/><W8/><G80/><T59/><D59/><U79/><E57/><N who="2" m="32903" /><F53/><W13/><G84/><T123/><D123/><U72/><E54/><V38/><F38/><W26/><G99/><T112/><D112/><U36/><E36/><V67/><F67/><W100/><G95/><T76/><D76/><U85/><E94/><V90/><F90/><W29/><G4/><T96/><D96/><U10/><E72/><V41/><F41/><RYUUKYOKU ba="1,0" sc="114,10,385,-30,280,10,221,10" hai0="6,11,12,22,23,27,33" hai2="24,28,30,31,51,55,56" hai3="8,13,18,26,29,89,92,98,100,103" /><INIT seed="4,2,0,5,3,6" ten="124,355,290,231" oya="0" hai0="5,1,55,111,50,28,61,82,33,121,53,40,75" hai1="105,89,106,69,104,3,124,70,58,108,49,90,68" hai2="135,97,46,74,79,129,2,20,130,101,87,36,54" hai3="41,112,19,11,31,7,80,134,52,29,25,92,125"/><T59/><D121/><U24/><E108/><V98/><F2/><W93/><G112/><T9/><D111/><U64/><E3/><V126/><F74/><W38/><G125/><T48/><D40/><U56/><E124/><V95/><F135/><W128/><G134/><T39/><D39/><U116/><E116/><V51/><F36/><W27/><G128/><N who="2" m="49257" /><F98/><W132/><G132/><T62/><D28/><U71/><E71/><V103/><F20/><W114/><G114/><T119/><D33/><U42/><E24/><V110/><F110/><W76/><G19/><T23/><D23/><U86/><E90/><N who="2" m="55543" /><F126/><W13/><G27/><T120/><D120/><U122/><E122/><V83/><AGARI ba="2,0" hai="46,51,54,79,83,87,101,103" m="55543,49257" machi="83" ten="30,1100,0" yaku="19,1" doraHai="6" who="2" fromWho="2" sc="124,-7,355,-5,290,17,231,-5" /><INIT seed="5,0,0,1,3,134" ten="117,350,307,226" oya="1" hai0="118,47,94,78,129,46,57,38,12,60,133,26,22" hai1="35,45,30,0,28,75,55,13,21,132,81,110,83" hai2="44,130,103,2,100,111,72,34,101,53,80,117,50" hai3="51,116,115,40,88,79,90,124,114,67,63,43,33"/><U62/><E0/><V24/><F111/><W125/><G33/><T74/><D133/><U15/><E110/><V18/><F117/><W49/><G116/><T113/><D118/><U131/><E35/><V71/><F71/><W98/><G79/><T8/><D38/><U14/><E132/><V87/><F72/><W59/><G98/><T52/><D113/><N who="3" m="43017" /><G90/><T92/><D129/><U9/><E9/><V61/><F2/><W104/><G104/><T109/><D109/><U48/><E75/><V121/><F121/><W32/><G88/><T119/><D119/><U56/><E131/><V16/><F130/><W99/><G99/><T23/><D78/><U86/><E21/><V73/><F73/><W96/><G96/><T120/><D74/><U77/><REACH who="1" step="1"/><E83/><REACH who="1" ten="117,340,307,226" step="2"/><V64/><F34/><W29/><G32/><T93/><D120/><U102/><E102/><V84/><F80/><W11/><G11/><T126/><D126/><N who="3" m="48745" /><G29/><N who="0" m="17623" /><D23/><U70/><E70/><V6/><F101/><W37/><G37/><T17/><AGARI ba="0,1" hai="8,12,17,46,47,52,57,60,92,93,94" m="17623" machi="17" ten="30,2000,0" yaku="8,1,54,1" doraHai="134" who="0" fromWho="0" sc="117,30,340,-10,307,-5,226,-5" /><INIT seed="6,0,0,4,5,86" ten="147,330,302,221" oya="2" hai0="79,12,68,24,45,94,110,82,27,114,132,124,129" hai1="85,23,90,9,41,29,125,10,66,134,57,73,25" hai2="104,28,14,32,126,102,88,43,6,81,17,133,8" hai3="39,96,4,52,59,75,91,33,80,20,130,117,131"/><V56/><F126/><W128/><G117/><T103/><D110/><U111/><E73/><V70/><F70/><W34/><G39/><T69/><D124/><U83/><E125/><V99/><F133/><W76/><G4/><T98/><D132/><U55/><E111/><V74/><F43/><W78/><G78/><T97/><D114/><U38/><E134/><V64/><F32/><W46/><G46/><T26/><D129/><U58/><E38/><V1/><F28/><W2/><G2/><T108/><D108/><U54/><E66/><V109/><F64/><W101/><G20/><T122/><D122/><U120/><E41/><V40/><F40/><W36/><G36/><T93/><D12/><U15/><E120/><V106/><F56/><N who="1" m="21609" /><E9/><V87/><F74/><W71/><G71/><T11/><D11/><U119/><E119/><V77/><F109/><W37/><G37/><T44/><D68/><U84/><E85/><V61/><F61/><N who="3" m="36071" /><G101/><T60/><D60/><U65/><E65/><V53/><F53/><W95/><AGARI ba="0,0" hai="33,34,75,76,80,91,95,96,128,130,131" m="36071" machi="95" ten="40,5200,0" yaku="19,1,52,1,54,1" doraHai="86" who="3" fromWho="3" sc="147,-13,330,-13,302,-26,221,52" /><INIT seed="7,0,0,1,2,39" ten="134,317,276,273" oya="3" hai0="27,120,88,67,84,122,21,50,52,116,63,37,110" hai1="9,22,56,51,42,101,86,79,17,49,34,85,5" hai2="135,44,62,2,92,57,10,131,80,14,83,78,28" hai3="112,69,65,95,38,117,128,103,121,81,87,77,31"/><W16/><G121/><T46/><D110/><U129/><E34/><V58/><F131/><W73/><G117/><T6/><D116/><U114/><E114/><V109/><F135/><W59/><G38/><T1/><D1/><U125/><E129/><V36/><F2/><W105/><G128/><T7/><D37/><U106/><E106/><V40/><F28/><W102/><G112/><T61/><D122/><U66/><E101/><V72/><F109/><W23/><G69/><T48/><D48/><N who="1" m="18507" /><E42/><V55/><F80/><W97/><G31/><T47/><D47/><U18/><E18/><V74/><F92/><W35/><G35/><T107/><D107/><U53/><E66/><V130/><F58/><W98/><G59/><T33/><D33/><U89/><E79/><V76/><F76/><W4/><G4/><T123/><D123/><U41/><E41/><V29/><F29/><W113/><G113/><T13/><D120/><U118/><E125/><V127/><F127/><W45/><G65/><T3/><D3/><U94/><E9/><V68/><F68/><W132/><G45/><T19/><D27/><N who="1" m="14799" /><E5/><V60/><F130/><W43/><G43/><T70/><REACH who="0" step="1"/><D63/><REACH who="0" ten="124,317,276,273" step="2"/><N who="1" m="36239" /><E118/><V100/><F62/><W20/><G105/><T115/><D115/><U26/><E26/><V108/><F108/><W64/><G132/><T133/><D133/><U54/><E54/><V82/><F36/><W30/><G64/><T11/><D11/><U8/><E8/><V24/><F44/><W134/><G134/><T96/><D96/><AGARI ba="0,1" hai="85,86,89,94,96" m="36239,14799,18507" machi="96" ten="30,2000,0" yaku="25,1,8,1" doraHai="39" who="1" fromWho="0" sc="124,-20,317,30,276,0,273,0" owari="104,-40.0,347,45.0,276,8.0,273,-13.0" /></mjloggm>