<mjloggm ver="2.3"><GO type="169" lobby="0"/><UN n0="%E3%82%88%E3%81%97%E3%81%A0%E3%81%84%E3%81%9F%E3%82%8B" n1="%E3%83%89%E3%83%A9%E3%82%B4%E3%83%B3%48%49%44%45" n2="%E5%B0%8F%E6%A3%89%E6%AF%9B" n3="%63%68%69%73%73" dan="17,16,16,17" rate="2191.28,2088.09,2042.42,2106.63" sx="M,M,M,M"/><TAIKYOKU oya="0"/><INIT seed="0,0,0,4,4,14" ten="250,250,250,250" oya="0" hai0="18,24,127,100,128,76,31,54,35,118,67,20,122" hai1="125,50,112,60,15,107,79,97,28,45,75,63,83" hai2="98,27,36,103,49,80,73,40,115,48,116,85,82" hai3="55,105,130,101,38,69,25,102,124,4,61,10,22"/><T68/><D118/><U52/><E125/><V134/><F115/><W89/><G130/><T62/><D128/><U91/><E112/><V3/><F3/><W5/><G124/><T13/><D127/><U99/><E28/><V109/><F116/><W135/><G38/><T72/><D122/><U94/><REACH who="1" step="1"/><E15/><REACH who="1" ten="250,240,250,250" step="2"/><V30/><F134/><W46/><G135/><T65/><D65/><U133/><E133/><V70/><F109/><W104/><G104/><T120/><D120/><U81/><E81/><V58/><F82/><W43/><G105/><T90/><D100/><AGARI ba="0,1" hai="45,50,52,60,63,75,79,83,91,94,97,99,100,107" machi="100" ten="40,8000,1" yaku="1,1,54,1,53,2" doraHai="14" doraHaiUra="56" who="1" fromWho="0" sc="250,-80,240,90,250,0,250,0" /><INIT seed="1,0,0,1,5,106" ten="170,330,250,250" oya="1" hai0="35,26,92,0,97,69,102,43,22,95,44,99,47" hai1="42,91,100,70,129,120,123,48,50,78,89,20,53" hai2="49,101,4,87,64,32,7,103,86,3,104,62,2" hai3="117,132,36,11,40,124,88,13,67,28,23,68,38"/><U109/><E70/><V79/><F32/><W33/><G117/><T6/><D69/><U72/><E129/><V131/><F131/><W9/><G132/><T108/><D108/><U25/><E100/><V8/><F104/><W65/><G124/><T75/><D35/><U80/><E109/><V115/><F115/><W111/><G33/><T66/><D66/><U31/><E42/><V29/><F29/><W37/><G40/><T112/><D112/><U24/><E50/><V51/><F79/><W16/><G111/><T93/><D6/><U56/><REACH who="1" step="1"/><E25/><REACH who="1" ten="170,320,250,250" step="2"/><V21/><F49/><W118/><G68/><T58/><D43/><U57/><E57/><V14/><F51/><W135/><G135/><T59/><D58/><U54/><E54/><V60/><F103/><W105/><G118/><T45/><D59/><U121/><AGARI ba="0,1" hai="20,24,31,48,53,56,72,78,80,89,91,120,121,123" machi="121" ten="30,6000,0" yaku="1,1,0,1,52,1,53,0" doraHai="106" doraHaiUra="34" who="1" fromWho="1" sc="170,-20,320,70,250,-20,250,-20" /><INIT seed="1,1,0,1,5,6" ten="150,390,230,230" oya="1" hai0="53,48,47,16,50,69,114,93,95,24,99,72,21" hai1="80,46,1,92,109,62,11,41,19,100,9,115,108" hai2="97,125,12,15,84,52,56,55,126,83,33,20,121" hai3="27,129,127,0,23,98,26,2,60,94,68,39,88"/><U89/><E115/><V13/><F121/><W135/><G127/><N who="2" m="48649" /><F33/><W14/><G129/><T45/><D114/><U66/><E100/><V57/><F97/><W31/><G135/><T134/><D134/><U43/><E80/><V96/><F96/><W130/><G39/><T119/><D119/><U3/><E19/><V38/><F38/><W44/><G130/><T49/><D69/><N who="1" m="42199" /><E43/><V18/><F57/><W28/><G44/><N who="0" m="16971" /><D72/><U73/><E73/><V120/><F120/><W34/><G68/><T78/><D78/><U67/><E67/><V87/><F55/><W37/><G37/><T75/><D75/><U64/><E64/><V36/><F36/><W10/><REACH who="3" step="1"/><G60/><REACH who="3" ten="150,390,230,220" step="2"/><T5/><D49/><N who="1" m="26831" /><E1/><V30/><F30/><W131/><G131/><T35/><D48/><U77/><E3/><V76/><F87/><W7/><AGARI ba="1,1" hai="0,2,7,10,14,23,26,27,28,31,34,88,94,98" machi="7" ten="20,12000,2" yaku="1,1,0,1,7,1,52,1,54,1,53,1" doraHai="6" doraHaiUra="86" who="3" fromWho="3" sc="150,-31,390,-61,230,-31,220,133" /><INIT seed="2,0,0,3,1,125" ten="119,329,199,353" oya="2" hai0="111,126,135,33,129,13,28,38,20,47,128,22,76" hai1="26,120,62,78,98,66,88,36,45,121,101,131,82" hai2="112,123,96,97,43,5,122,71,127,113,48,95,27" hai3="34,68,118,10,16,44,2,83,134,115,81,35,58"/><V93/><F127/><W94/><G68/><T32/><D126/><U106/><E26/><V65/><F5/><W102/><G118/><T40/><D111/><U1/><E1/><V59/><F71/><W79/><G2/><T80/><D135/><U105/><E45/><V63/><F27/><W74/><G134/><T4/><D28/><U109/><E36/><V133/><F133/><W39/><G115/><T86/><D4/><U108/><E62/><V9/><F9/><W24/><G83/><T114/><D114/><U21/><E21/><N who="0" m="8297" /><D13/><U72/><E66/><V60/><F65/><W37/><G58/><T23/><N who="0" m="8305" /><T130/><AGARI ba="0,0" hai="32,33,38,40,47,76,80,86,128,129,130" m="8305" machi="130" ten="40,8000,1" yaku="4,1,19,1,52,3" doraHai="125" who="0" fromWho="0" sc="119,80,329,-20,199,-40,353,-20" /><INIT seed="3,0,0,5,1,39" ten="199,309,159,333" oya="3" hai0="89,2,0,19,103,102,36,31,85,120,27,50,112" hai1="74,97,53,66,28,12,21,43,18,57,99,101,49" hai2="129,60,98,62,121,55,38,24,51,106,133,117,115" hai3="70,30,107,114,42,54,64,86,6,73,17,41,105"/><W35/><G73/><T45/><D120/><U23/><E74/><V13/><F115/><W10/><G114/><T69/><D112/><U56/><E43/><V52/><F117/><W58/><G70/><T26/><D69/><U32/><E32/><V34/><F38/><W116/><G64/><T68/><D68/><U92/><E99/><V61/><F121/><W7/><G116/><T104/><D36/><U80/><E80/><V8/><F133/><W135/><G135/><T90/><D19/><U126/><E126/><V91/><F129/><W127/><G105/><T3/><D104/><U75/><E75/><V48/><F106/><W78/><G107/><T130/><D130/><U95/><E95/><N who="2" m="56703" /><F24/><W81/><G30/><T124/><D124/><U96/><E96/><V40/><F34/><W4/><G35/><T14/><D14/><U125/><E125/><V77/><F77/><W111/><G127/><T123/><D123/><U109/><E109/><V113/><F113/><W11/><G111/><T110/><D110/><U79/><E79/><V1/><F1/><W5/><G17/><T72/><D72/><U88/><E101/><V15/><F15/><N who="3" m="5575" /><G11/><T82/><D90/><U128/><E128/><V29/><F29/><W46/><G46/><T16/><D31/><U59/><E66/><V122/><F122/><W71/><G71/><T44/><D44/><U37/><E37/><V83/><F83/><W84/><G84/><T33/><D33/><U119/><E119/><V20/><F20/><W94/><G94/><T131/><D131/><U108/><E108/><V93/><F93/><RYUUKYOKU ba="0,0" sc="199,-15,309,15,159,-15,333,15" hai1="12,18,21,23,28,49,53,56,57,59,88,92,97" hai3="5,6,7,41,42,54,58,78,81,86" /><INIT seed="3,1,0,4,2,14" ten="184,324,144,348" oya="3" hai0="125,68,71,38,54,3,134,76,89,127,81,91,118" hai1="10,52,129,117,109,1,112,63,96,59,97,95,85" hai2="98,114,41,8,39,88,60,44,48,102,27,74,58" hai3="65,66,69,135,53,26,29,6,116,42,7,22,99"/><W20/><G135/><T47/><D3/><U28/><E112/><V131/><F114/><W5/><G116/><T72/><D118/><U132/><E117/><V93/><F74/><W115/><G115/><T46/><D134/><U83/><E132/><V92/><F131/><W43/><G53/><T17/><D17/><U32/><E129/><V33/><F8/><W122/><G122/><T24/><D24/><U62/><E109/><V106/><F39/><W11/><G11/><T50/><D68/><U84/><E32/><V75/><F75/><W25/><G99/><T19/><D19/><U64/><E28/><V15/><F15/><W55/><G55/><T37/><D71/><U126/><E126/><N who="0" m="48137" /><D37/><U36/><E36/><V67/><F33/><W108/><G108/><T40/><AGARI ba="1,0" hai="38,40,46,47,50,54,72,76,81,89,91" m="48137" machi="40" ten="30,1100,0" yaku="18,1" doraHai="14" who="0" fromWho="0" sc="184,14,324,-4,144,-4,348,-6" /><INIT seed="4,0,0,3,1,85" ten="198,320,140,342" oya="0" hai0="94,103,54,119,109,96,52,50,19,26,73,39,95" hai1="102,71,31,89,3,18,10,92,105,127,124,61,84" hai2="11,113,60,75,69,133,129,59,14,43,1,33,63" hai3="46,114,2,36,48,32,101,126,45,4,107,115,122"/><T37/><D119/><U116/><E116/><V112/><F75/><W51/><G126/><N who="1" m="48170" /><E31/><V72/><F72/><W120/><G32/><T34/><D73/><U86/><E102/><V106/><F33/><W62/><G4/><T8/><D109/><U90/><E105/><V64/><F106/><W65/><G2/><T130/><D130/><U100/><E100/><V93/><F129/><W117/><G101/><T53/><D95/><N who="1" m="54695" /><E18/><V128/><F128/><W66/><G107/><T5/><D50/><N who="3" m="18985" /><G117/><T15/><REACH who="0" step="1"/><D19/><REACH who="0" ten="188,320,140,342" step="2"/><U21/><E21/><V82/><F113/><N who="3" m="43019" /><G36/><T38/><D38/><U87/><E87/><V78/><F112/><W125/><G125/><T41/><D41/><U91/><E86/><V121/><F93/><W40/><G40/><T17/><D17/><U6/><E92/><V97/><F43/><W57/><G66/><AGARI ba="0,1" hai="3,6,10,61,66,71,90,91" m="54695,48170" machi="66" ten="30,7700,0" yaku="18,1,52,3" doraHai="85" who="1" fromWho="3" sc="188,0,320,87,140,0,342,-77" /><INIT seed="5,0,0,4,2,130" ten="188,407,140,265" oya="1" hai0="91,14,101,62,69,76,66,54,115,27,16,100,86" hai1="96,25,132,104,18,92,41,112,110,67,129,120,31" hai2="23,102,46,50,123,3,89,36,10,5,122,34,70" hai3="90,68,94,111,12,65,83,114,124,47,71,19,80"/><U42/><E132/><V117/><F117/><W4/><G111/><T81/><D115/><U74/><E120/><V30/><F70/><W58/><G124/><T98/><D27/><U11/><E129/><V128/><F128/><W56/><G114/><T82/><D54/><U84/><E112/><V87/><F36/><W93/><G4/><T9/><REACH who="0" step="1"/><D98/><REACH who="0" ten="178,407,140,265" step="2"/><U77/><E110/><V40/><F34/><W29/><G65/><T107/><D107/><U61/><E25/><V7/><F102/><W38/><G29/><T37/><D37/><U119/><E96/><V118/><F118/><W15/><G38/><T1/><D1/><U134/><E31/><V49/><F123/><W35/><G35/><T45/><D45/><U64/><E119/><V135/><F122/><W17/><G47/><T88/><D88/><AGARI ba="0,1" hai="12,15,17,19,56,58,68,71,80,83,88,90,93,94" machi="88" ten="25,3200,0" yaku="22,2,54,1" doraHai="130" who="3" fromWho="0" sc="178,-32,407,0,140,0,265,42" /><INIT seed="6,0,0,0,3,14" ten="146,407,140,307" oya="2" hai0="66,61,98,73,114,3,127,31,93,48,20,50,63" hai1="94,47,120,106,107,119,105,17,82,19,4,30,23" hai2="78,123,134,13,7,52,91,21,39,62,125,67,5" hai3="32,55,57,110,29,118,22,59,37,10,108,65,85"/><V58/><F39/><W102/><G118/><T95/><D114/><U35/><E119/><V38/><F38/><W54/><G32/><T101/><D73/><U117/><E117/><V51/><F123/><W2/><G37/><T100/><D3/><U1/><E120/><V92/><F134/><W16/><G102/><T76/><D76/><U115/><E115/><V69/><F125/><W41/><G41/><T49/><D127/><U11/><E35/><V97/><F78/><W36/><G36/><T122/><D122/><U27/><E82/><V43/><F43/><W121/><G121/><T103/><D66/><U84/><E47/><N who="2" m="27775" /><F69/><W56/><G65/><T68/><D68/><U126/><E126/><V45/><F45/><W90/><G108/><T133/><D133/><U34/><E34/><V18/><AGARI ba="0,0" hai="5,7,13,18,21,58,62,67,91,92,97" m="27775" machi="18" ten="30,6000,0" yaku="8,1,52,1,54,1" doraHai="14" who="2" fromWho="2" sc="146,-20,407,-20,140,60,307,-20" /><INIT seed="6,1,0,0,3,3" ten="126,387,200,287" oya="2" hai0="128,21,1,107,54,110,109,123,27,47,77,134,68" hai1="133,12,91,87,122,73,60,5,63,58,82,9,99" hai2="83,33,31,111,106,15,132,104,124,30,62,89,24" hai3="84,64,28,57,7,16,25,70,8,112,52,19,93"/><V56/><F30/><W14/><G112/><T67/><D107/><U80/><E133/><V50/><F132/><W74/><G74/><T18/><D123/><U120/><E99/><V101/><F111/><W17/><G70/><T100/><D100/><U48/><E48/><V41/><F124/><W37/><G37/><T125/><D134/><U121/><E58/><V92/><F83/><W116/><G116/><T29/><D125/><U79/><AGARI ba="1,0" hai="5,9,12,60,63,73,79,80,82,87,91,120,121,122" machi="79" ten="40,5200,0" yaku="0,1,13,1,52,1" doraHai="3" who="1" fromWho="1" sc="126,-14,387,55,200,-27,287,-14" /><INIT seed="7,0,0,4,2,27" ten="112,442,173,273" oya="3" hai0="24,15,128,112,2,83,95,58,50,0,111,47,93" hai1="115,129,80,11,62,118,126,10,1,114,39,134,20" hai2="40,5,86,85,42,130,89,35,54,76,101,81,87" hai3="22,125,6,31,4,56,21,108,61,94,104,41,65"/><W63/><G125/><T92/><D111/><U44/><E126/><V84/><F35/><W43/><G104/><T59/><D128/><U14/><E129/><V78/><F130/><W36/><G108/><T127/><D127/><U102/><E134/><V110/><F110/><W69/><G94/><T52/><D112/><N who="1" m="43051" /><E102/><V57/><F5/><W9/><G36/><T64/><D83/><U73/><E118/><V53/><F101/><W33/><G33/><T32/><D15/><U72/><E62/><N who="2" m="36143" /><F54/><W91/><G91/><T122/><D122/><U19/><E80/><N who="2" m="47111" /><F85/><W105/><G6/><T38/><D38/><U71/><E71/><V7/><F7/><W60/><G105/><T46/><D46/><U3/><E11/><V68/><F68/><W70/><G70/><T55/><D64/><U16/><E3/><V97/><F97/><W132/><G132/><T17/><D47/><U30/><E1/><V66/><F66/><N who="3" m="39175" /><G69/><T28/><REACH who="0" step="1"/><D17/><REACH who="0" ten="102,442,173,273" step="2"/><U117/><E117/><V123/><F123/><W113/><G113/><T12/><D12/><N who="1" m="9319" /><E30/><V99/><F81/><W37/><G37/><T98/><D98/><U29/><E29/><V131/><F99/><W96/><G96/><T25/><D25/><U135/><E135/><V74/><F131/><W100/><G100/><T121/><D121/><U120/><E120/><V82/><F74/><W109/><G109/><T8/><D8/><U116/><E116/><V23/><F82/><W88/><G31/><T90/><D90/><U67/><E67/><V75/><F89/><W48/><G88/><T103/><D103/><U77/><E77/><RYUUKYOKU ba="0,1" sc="102,15,442,15,173,-15,273,-15" hai0="0,2,24,28,32,50,52,55,58,59,92,93,95" hai1="10,14,16,39,44,72,73" owari="117,-38.0,467,56.0,158,-24.0,258,6.0" /></mjloggm>