<mjloggm ver="2.3"><GO type="169" lobby="0"/><UN n0="%E7%89%8C%E6%B5%81%E7%8A%B6%E6%85%8B%E9%BA%BB%E9%9B%80" n1="%E3%81%86%E3%81%95%E3%81%8E%E3%83%95%E3%82%A1%E3%83%B3%E3%82%B7%E3%83%BC" n2="%E3%83%95%E3%82%B5%E3%82%A6%E3%83%9F%E3%82%B3%E3%83%83%E3%83%97" n3="%61%7A%75%73%61%5F%6D%6A" dan="17,16,17,16" rate="2179.12,2144.90,2225.38,2050.35" sx="M,M,M,M"/><TAIKYOKU oya="0"/><INIT seed="0,0,0,0,5,14" ten="250,250,250,250" oya="0" hai0="43,89,57,129,65,30,114,127,64,118,128,74,33" hai1="31,48,25,66,72,100,120,3,12,51,84,76,98" hai2="102,24,8,85,18,104,97,132,82,111,91,40,36" hai3="73,119,96,75,94,49,53,21,135,107,112,20,81"/><T113/><D74/><U124/><E120/><V54/><F111/><W45/><G119/><T71/><D89/><U88/><E3/><V22/><F132/><W77/><G112/><N who="0" m="43115" /><D30/><U92/><E124/><V122/><F122/><W58/><G135/><T13/><D13/><U125/><E125/><V46/><F54/><W2/><G2/><T70/><D33/><U61/><E12/><V95/><REACH who="2" step="1"/><F8/><REACH who="2" ten="250,250,240,250" step="2"/><W86/><G107/><AGARI ba="0,1" hai="18,22,24,36,40,46,82,85,91,95,97,102,104,107" machi="107" ten="40,5200,0" yaku="1,1,2,1,52,1,53,0" doraHai="14" doraHaiUra="117" who="2" fromWho="3" sc="250,0,250,0,240,62,250,-52" /><INIT seed="1,0,0,0,2,25" ten="250,250,302,198" oya="1" hai0="121,92,1,102,98,130,131,59,135,96,114,113,134" hai1="71,55,33,123,109,70,111,52,97,84,68,78,74" hai2="117,51,124,119,81,31,16,29,105,67,128,38,61" hai3="107,76,2,62,95,39,11,54,103,37,42,12,85"/><U101/><E74/><V47/><F128/><N who="0" m="49194" /><D1/><U83/><E123/><V91/><F124/><W60/><G107/><N who="0" m="63943" /><D59/><U82/><E33/><V110/><F38/><W112/><G2/><T18/><D18/><U127/><E127/><V0/><F105/><W87/><G42/><T28/><D28/><U22/><E83/><V35/><F110/><N who="1" m="41993" /><E22/><V3/><F3/><W116/><G76/><T7/><D7/><U4/><E4/><V118/><F0/><W69/><G54/><T89/><D121/><U49/><E49/><V79/><F91/><W13/><G60/><T9/><D9/><U23/><E23/><V32/><F32/><W21/><G62/><T115/><AGARI ba="0,0" hai="89,92,98,113,114,115,134,135" m="63943,49194" machi="115" ten="40,5200,0" yaku="19,1,34,2" doraHai="25" who="0" fromWho="0" sc="250,52,250,-26,302,-13,198,-13" /><INIT seed="2,0,0,2,3,97" ten="302,224,289,185" oya="2" hai0="29,119,72,75,50,39,11,96,122,59,22,100,128" hai1="82,58,9,23,106,20,121,16,116,35,123,62,73" hai2="18,60,13,1,63,83,109,129,41,40,57,27,102" hai3="92,133,51,30,14,66,67,90,69,103,28,45,79"/><V42/><F1/><W110/><G110/><T5/><D39/><U10/><E35/><V48/><F129/><W104/><G79/><T108/><D108/><U46/><E116/><V80/><F109/><W24/><G133/><T6/><D6/><U65/><E106/><V84/><F27/><W71/><G14/><T17/><D29/><U114/><E114/><V93/><F48/><W94/><G104/><T132/><D122/><N who="1" m="46603" /><E23/><V78/><F83/><W47/><G24/><T76/><D76/><N who="1" m="44303" /><E46/><V125/><F125/><W33/><G33/><T98/><D132/><U117/><E117/><V86/><F57/><W95/><G90/><T130/><D119/><U4/><E4/><V0/><F0/><W99/><G95/><T77/><D59/><U89/><E89/><N who="2" m="53431" /><F102/><W68/><G92/><T118/><D100/><U115/><E115/><V8/><AGARI ba="0,0" hai="8,13,18,40,41,42,60,63,78,80,84" m="53431" machi="8" ten="30,1500,0" yaku="8,1" doraHai="97" who="2" fromWho="2" sc="302,-5,224,-5,289,15,185,-5" /><INIT seed="2,1,0,1,5,21" ten="297,219,304,180" oya="2" hai0="102,52,99,71,89,56,91,78,49,114,95,14,103" hai1="113,127,124,11,111,0,37,90,35,119,28,66,72" hai2="108,42,16,88,54,2,58,86,69,117,109,38,53" hai3="6,135,64,93,32,19,105,115,120,41,40,81,121"/><V79/><F117/><W98/><G105/><T31/><D114/><U43/><E90/><V44/><F69/><W47/><G115/><T104/><D71/><U45/><E66/><V128/><F128/><W73/><G135/><T134/><D134/><U29/><E29/><V51/><F2/><W33/><G64/><T8/><D78/><U75/><E113/><V5/><F5/><W107/><G107/><T62/><D31/><U25/><E119/><V129/><F129/><W1/><G40/><T118/><D118/><U94/><E94/><V48/><F79/><N who="3" m="44271" /><G19/><T80/><D80/><U46/><E46/><V4/><F4/><W57/><G57/><T84/><D91/><U34/><E34/><V126/><F126/><N who="1" m="48169" /><E111/><N who="2" m="42571" /><F16/><W74/><G6/><AGARI ba="1,0" hai="0,6,11,25,28,35,37,43,45,72,75" m="48169" machi="6" ten="30,3900,0" yaku="18,1,23,1,52,1" doraHai="21" who="1" fromWho="3" sc="297,0,219,42,304,0,180,-42" /><INIT seed="3,0,0,0,2,41" ten="297,261,304,138" oya="3" hai0="70,103,83,67,88,64,80,99,111,15,32,71,26" hai1="84,50,13,129,69,37,20,108,34,54,131,124,123" hai2="78,17,75,81,21,51,59,96,127,72,133,114,36" hai3="74,90,61,95,35,118,55,86,122,126,9,115,73"/><W117/><G122/><T43/><D111/><U135/><E123/><V87/><F114/><W27/><G115/><T45/><D15/><U56/><E34/><V100/><F36/><W22/><G126/><T0/><D0/><U8/><E108/><V60/><F133/><W92/><G35/><T28/><D67/><U53/><E69/><V121/><F127/><W79/><G9/><T4/><D4/><U101/><E37/><V10/><F10/><W38/><G38/><T112/><D112/><U130/><E124/><V6/><F6/><W107/><G107/><T66/><D66/><U3/><E135/><V91/><F51/><W120/><G120/><T11/><D11/><U76/><E101/><V110/><F78/><W85/><G61/><N who="0" m="40207" /><D88/><U44/><E3/><V14/><F110/><W58/><G92/><T134/><D71/><U106/><E106/><V52/><REACH who="2" step="1"/><F121/><REACH who="2" ten="297,261,294,138" step="2"/><W57/><G79/><T39/><D134/><U29/><E76/><V62/><F62/><W48/><G73/><T18/><D18/><U47/><E8/><V82/><F82/><W16/><G74/><T94/><D83/><U49/><E131/><V105/><AGARI ba="0,1" hai="14,17,21,52,59,60,72,75,81,87,91,96,100,105" machi="105" ten="20,5200,0" yaku="1,1,0,1,7,1,54,1,53,0" doraHai="41" doraHaiUra="23" who="2" fromWho="2" sc="297,-13,261,-13,294,62,138,-26" /><INIT seed="4,0,0,5,5,108" ten="284,248,356,112" oya="0" hai0="89,95,124,55,24,111,96,0,127,4,128,7,25" hai1="88,31,77,46,23,103,126,30,107,29,81,110,113" hai2="59,17,78,16,97,54,64,47,112,32,40,33,67" hai3="63,71,68,36,99,15,41,22,26,56,74,27,87"/><T117/><D117/><U86/><E110/><V1/><F1/><W79/><G74/><T102/><D111/><U45/><E126/><N who="0" m="48169" /><D128/><U114/><E77/><V19/><F112/><N who="1" m="43113" /><E23/><V48/><F78/><W9/><G99/><AGARI ba="0,0" hai="29,30,31,45,46,81,86,88,99,103,107" m="43113" machi="99" ten="30,12000,2" yaku="15,1,11,1,52,3,54,1" doraHai="108" who="1" fromWho="3" sc="284,0,248,120,356,0,112,-120" owari="284,-12.0,368,47.0,356,16.0,-8,-51.0" /></mjloggm>