<mjloggm ver="2.3"><GO type="169" lobby="0"/><UN n0="%72%61%72%75%74%6F%37" n1="%E3%81%90%E3%81%A6%E3%81%B0%E3%81%8C%E5%A4%AB" n2="%E3%83%90%E3%83%AA%E3%83%88%E3%83%B3" n3="%E9%87%A3%E3%82%8A%E6%97%A5%E5%92%8C" dan="16,17,16,17" rate="2123.08,2234.68,2186.49,2184.98" sx="M,M,M,M"/><TAIKYOKU oya="0"/><INIT seed="0,0,0,4,4,70" ten="250,250,250,250" oya="0" hai0="49,63,77,117,126,78,87,127,71,79,54,1,73" hai1="61,111,39,128,97,67,10,51,88,85,27,7,45" hai2="106,19,15,118,105,20,90,93,18,104,12,102,69" hai3="66,108,43,32,98,81,48,82,30,24,68,134,9"/><T35/><D117/><U123/><E123/><V109/><F69/><W56/><G108/><T60/><D1/><U57/><E111/><V40/><F118/><W92/><G134/><T22/><D35/><U135/><E128/><V133/><F133/><W103/><G68/><T25/><D73/><U8/><E135/><V17/><F109/><W84/><G9/><T4/><D4/><U42/><E27/><V44/><F102/><W28/><G28/><T11/><D11/><U124/><E97/><V80/><F80/><W53/><G43/><T59/><D87/><U116/><E124/><N who="0" m="47657" /><D71/><U74/><E74/><V29/><F29/><AGARI ba="0,0" hai="22,25,29,49,54,59,60,63,77,78,79" m="47657" machi="29" ten="30,1500,0" yaku="18,1" doraHai="70" who="0" fromWho="2" sc="250,15,250,0,250,-15,250,0" /><INIT seed="0,1,0,5,2,42" ten="265,250,235,250" oya="0" hai0="92,134,5,91,110,69,43,13,36,29,6,62,99" hai1="76,7,119,111,41,26,2,87,53,120,114,66,108" hai2="20,109,125,58,126,25,57,49,18,54,19,37,113" hai3="115,80,105,85,12,60,3,4,128,55,21,51,82"/><T67/><D134/><U35/><E76/><V23/><F113/><W10/><G115/><T83/><D29/><U95/><E95/><V30/><F37/><W33/><G105/><T74/><D110/><U79/><E79/><V64/><F109/><N who="1" m="42057" /><E87/><V98/><F98/><W16/><G128/><T130/><D130/><U106/><E106/><V34/><F34/><W112/><G112/><T97/><D97/><U22/><E53/><V8/><F8/><W100/><G100/><T104/><D74/><U15/><E41/><V122/><F122/><W117/><G117/><T73/><D73/><U118/><E66/><V129/><F129/><W24/><G60/><T81/><D104/><U38/><E38/><V68/><F68/><W27/><G33/><T123/><D123/><U124/><E120/><V116/><F116/><W94/><G94/><T103/><D103/><U31/><E114/><V132/><F132/><W28/><G28/><T75/><D75/><U90/><E90/><V65/><F30/><W72/><G80/><T135/><D135/><U0/><E124/><N who="2" m="47723" /><F58/><W40/><G72/><T45/><REACH who="0" step="1"/><D5/><REACH who="0" ten="255,250,235,250" step="2"/><U39/><E7/><V96/><F96/><W101/><G101/><T127/><D127/><U88/><E119/><V17/><F17/><W32/><G16/><T102/><D102/><U59/><E118/><V44/><F57/><W11/><G4/><T9/><AGARI ba="1,1" hai="6,9,13,36,43,45,62,67,69,81,83,91,92,99" machi="9" ten="30,6000,0" yaku="1,1,0,1,52,1,53,0" doraHai="42" doraHaiUra="107" who="0" fromWho="0" sc="255,73,250,-21,235,-21,250,-21" /><INIT seed="0,2,0,2,5,115" ten="328,229,214,229" oya="0" hai0="94,108,45,48,9,130,76,14,53,57,103,102,135" hai1="68,81,117,119,61,131,24,127,93,100,134,71,105" hai2="123,73,40,41,52,86,133,33,114,83,44,3,23" hai3="72,12,120,64,28,43,75,32,27,62,25,110,38"/><T84/><D130/><U132/><E93/><V97/><F33/><W128/><G27/><T60/><D135/><N who="1" m="51755" /><E131/><V50/><F73/><W1/><G12/><T29/><D29/><U31/><E81/><V37/><F114/><W59/><G128/><T58/><D108/><U96/><E127/><V19/><F123/><W95/><G95/><T65/><D45/><U113/><E113/><V112/><F133/><W5/><G110/><T82/><REACH who="0" step="1"/><D94/><REACH who="0" ten="318,229,214,229" step="2"/><U26/><E26/><V16/><F112/><W79/><G28/><T77/><D77/><U63/><E24/><V106/><F106/><W109/><G25/><T51/><D51/><U90/><E31/><V121/><F121/><W10/><G79/><T101/><D101/><U80/><E90/><V99/><F3/><W129/><G109/><T8/><D8/><U125/><E125/><V18/><F23/><W30/><G30/><T118/><D118/><N who="1" m="45067" /><E80/><V6/><F37/><W122/><G129/><T47/><D47/><U111/><E111/><V69/><F83/><W39/><G39/><T107/><D107/><U2/><E2/><V11/><F11/><W67/><G10/><T55/><D55/><U49/><E49/><V85/><F52/><W15/><G38/><T70/><D70/><AGARI ba="2,1" hai="61,63,68,70,71,96,100,105" m="45067,51755" machi="70" ten="40,8000,1" yaku="20,1,52,3" doraHai="115" who="1" fromWho="0" sc="318,-86,229,96,214,0,229,0" /><INIT seed="1,0,0,5,4,134" ten="232,325,214,229" oya="1" hai0="66,75,21,6,61,65,63,38,97,54,118,124,135" hai1="68,77,40,34,42,76,107,132,98,17,10,57,95" hai2="62,53,81,71,131,47,23,18,115,116,45,112,46" hai3="119,2,56,25,39,128,20,101,43,8,27,84,19"/><U94/><E68/><V111/><F116/><W108/><G128/><T22/><D75/><U127/><E107/><V29/><F29/><W80/><G108/><T52/><D6/><U83/><E34/><V99/><F111/><W16/><G119/><T9/><D9/><U82/><E132/><V92/><F81/><W96/><G39/><T125/><D97/><U4/><E17/><V105/><F105/><W113/><G43/><T55/><D135/><U15/><E57/><V36/><F36/><W50/><G113/><T0/><D38/><U120/><E120/><V49/><F131/><W100/><G50/><T35/><D118/><U64/><E64/><N who="0" m="24681" /><D0/><U60/><E60/><N who="0" m="23113" /><D35/><U26/><E26/><V67/><F115/><W104/><G101/><T5/><D5/><U79/><E98/><V11/><F11/><W90/><G27/><T12/><D12/><U106/><E106/><V86/><F86/><W33/><G8/><T59/><D59/><U133/><E133/><V1/><F1/><W110/><G2/><T72/><D72/><U93/><E127/><AGARI ba="0,0" hai="21,22,52,54,55,124,125,127" m="23113,24681" machi="127" ten="40,12000,2" yaku="28,2,18,1,52,3,54,1" doraHai="134" who="0" fromWho="1" sc="232,120,325,-120,214,0,229,0" /><INIT seed="2,0,0,1,2,32" ten="352,205,214,229" oya="2" hai0="50,132,123,77,121,91,75,28,26,12,31,36,119" hai1="133,102,71,5,79,64,78,42,55,125,21,112,46" hai2="48,73,52,59,47,23,67,10,51,41,105,60,22" hai3="56,17,97,108,89,30,7,6,120,107,110,113,61"/><V34/><F34/><W131/><G120/><T25/><D36/><U37/><E112/><V63/><F105/><W92/><G113/><T35/><D75/><U82/><E79/><V93/><F73/><W29/><G107/><T43/><D77/><U24/><E133/><V65/><F10/><W81/><G81/><T115/><D115/><U44/><E102/><V126/><F126/><W58/><G17/><T45/><D132/><U98/><E98/><V68/><REACH who="2" step="1"/><F93/><REACH who="2" ten="352,205,204,229" step="2"/><W38/><G92/><T87/><D123/><U53/><E125/><V54/><F54/><W135/><G135/><T84/><D121/><U99/><E55/><V14/><F14/><W127/><G127/><T85/><D12/><U106/><E106/><V83/><F83/><W39/><G108/><T1/><D119/><U2/><E53/><V3/><F3/><W114/><G110/><T101/><D1/><U116/><E2/><V117/><F117/><W118/><G118/><T88/><REACH who="0" step="1"/><D101/><REACH who="0" ten="342,205,204,229" step="2"/><U11/><E116/><V122/><F122/><W90/><G114/><T27/><D27/><U104/><E24/><V100/><F100/><W9/><G38/><T111/><D111/><U74/><E37/><V19/><F19/><W130/><G39/><T66/><D66/><U33/><E64/><V96/><F96/><W0/><G0/><T134/><D134/><U16/><E99/><V109/><F109/><W76/><G6/><T57/><D57/><AGARI ba="0,2" hai="22,23,41,47,48,51,52,57,59,60,63,65,67,68" machi="57" ten="30,5800,0" yaku="1,1,7,1,54,1,53,0" doraHai="32" doraHaiUra="86" who="2" fromWho="0" sc="342,-58,205,0,204,78,229,0" /><INIT seed="2,1,0,5,5,26" ten="284,205,282,229" oya="2" hai0="6,44,79,37,82,100,19,96,113,101,62,4,31" hai1="69,84,72,112,40,35,38,43,129,124,98,45,94" hai2="68,5,111,119,76,59,16,12,1,51,30,47,75" hai3="110,116,102,46,106,25,22,18,55,50,39,23,118"/><V93/><F68/><W48/><G39/><T115/><D31/><U132/><E84/><V64/><F119/><W15/><G110/><T117/><D117/><U67/><E94/><V125/><F125/><W34/><G34/><T99/><D62/><U88/><E98/><V53/><F111/><W66/><G66/><T121/><D19/><U20/><E20/><V24/><F1/><W103/><G106/><T9/><D121/><U80/><E88/><V32/><F5/><W123/><G123/><T109/><D109/><U77/><E124/><V122/><F122/><W107/><G107/><T29/><D29/><U61/><E132/><V3/><F3/><W27/><G15/><T21/><D21/><U17/><E17/><V70/><F70/><W57/><G116/><T11/><D44/><U95/><E95/><V28/><F28/><N who="3" m="17463" /><G118/><T130/><D37/><U81/><E129/><V14/><F14/><W7/><G7/><T90/><D90/><U0/><E112/><V56/><F64/><W49/><G49/><T104/><D104/><U2/><E81/><V33/><F33/><W91/><G91/><T42/><D82/><U58/><E35/><V63/><F63/><W126/><G126/><T97/><D97/><U13/><E13/><V92/><F76/><W78/><G78/><T73/><D79/><U60/><E40/><AGARI ba="1,0" hai="18,23,27,40,46,48,50,55,57,102,103" m="17463" machi="40" ten="30,2000,0" yaku="8,1,52,1" doraHai="26" who="3" fromWho="1" sc="284,0,205,-23,282,0,229,23" /><INIT seed="3,0,0,5,2,109" ten="284,182,282,252" oya="3" hai0="4,98,82,79,132,2,61,9,91,22,120,130,72" hai1="121,28,27,35,38,58,56,53,6,131,7,124,110" hai2="3,24,47,63,119,64,29,80,45,70,85,54,46" hai3="68,67,118,62,5,115,97,13,59,32,71,44,75"/><W55/><G118/><T69/><D120/><U95/><E121/><V26/><F3/><W78/><G32/><T14/><D132/><U51/><E110/><V17/><F119/><W20/><G75/><T41/><D130/><U60/><E38/><V31/><F17/><W114/><G78/><T86/><D41/><U25/><E124/><V107/><F107/><W105/><G44/><T122/><D122/><U23/><E131/><V92/><F92/><W102/><G71/><T88/><D98/><U18/><REACH who="1" step="1"/><E95/><REACH who="1" ten="284,172,282,252" step="2"/><V108/><F108/><W113/><G113/><T30/><D72/><U99/><E99/><V127/><F127/><W103/><G103/><T94/><D94/><U0/><E0/><V1/><F1/><W10/><REACH who="3" step="1"/><G20/><REACH who="3" ten="284,172,282,242" step="2"/><T50/><D22/><U133/><E133/><V52/><F31/><W83/><G83/><T11/><D30/><U48/><E48/><AGARI ba="0,2" hai="5,10,13,48,55,59,62,67,68,97,102,105,114,115" machi="48" ten="30,12000,1" yaku="1,1,7,1,52,2,53,1" doraHai="109" doraHaiUra="96" who="3" fromWho="1" sc="284,0,172,-120,282,0,242,140" /><INIT seed="3,1,0,4,2,76" ten="284,52,282,382" oya="3" hai0="25,10,51,58,101,26,122,21,81,57,127,134,96" hai1="89,61,50,12,39,105,14,79,2,33,119,56,116" hai2="71,72,42,118,3,44,93,131,85,82,84,125,80" hai3="106,129,19,126,98,47,97,35,132,34,31,92,30"/><W110/><G132/><T32/><D122/><U43/><E2/><V11/><F118/><W41/><G126/><T40/><D127/><U60/><E105/><V83/><F125/><W91/><G129/><T115/><D134/><U4/><E33/><V86/><F71/><W104/><G110/><T90/><D32/><U59/><E89/><V0/><F131/><W55/><G55/><T123/><D123/><U9/><E39/><V20/><F72/><W130/><G130/><T95/><D10/><U5/><E79/><V100/><F20/><W53/><G53/><T114/><D40/><U107/><E50/><V135/><F135/><W18/><G92/><T7/><D7/><U52/><E107/><V66/><F66/><W73/><G47/><T75/><D26/><U28/><E28/><V6/><F3/><W27/><G91/><T70/><D70/><U117/><E43/><V45/><REACH who="2" step="1"/><F42/><REACH who="2" ten="284,52,272,382" step="2"/><W48/><G41/><T121/><D75/><U37/><E37/><V120/><F120/><W87/><G73/><T38/><D38/><U65/><REACH who="1" step="1"/><E14/><REACH who="1" ten="284,42,272,382" step="2"/><V102/><F102/><W99/><G34/><T111/><D121/><U16/><AGARI ba="1,2" hai="4,5,9,12,16,52,56,59,60,61,65,116,117,119" machi="16" ten="30,12000,2" yaku="1,1,2,1,0,1,12,1,54,2,53,0" doraHai="76" doraHaiUra="78" who="1" fromWho="1" sc="284,-31,42,143,272,-31,382,-61" /><INIT seed="4,0,0,0,2,11" ten="253,185,241,321" oya="0" hai0="66,34,9,106,105,36,71,4,73,10,7,125,59" hai1="6,72,109,107,99,16,108,132,68,80,129,39,122" hai2="53,14,126,27,104,100,13,41,31,95,117,54,101" hai3="50,119,38,37,83,133,21,74,75,15,17,67,29"/><T76/><D34/><U5/><E80/><V103/><F104/><W89/><G119/><T77/><D59/><U28/><E99/><V120/><F120/><W81/><G133/><T131/><D36/><U8/><E72/><V33/><F126/><W82/><G67/><T19/><D19/><U55/><E107/><V2/><F2/><W52/><G29/><T1/><D125/><U65/><E55/><V30/><F117/><W134/><G134/><T135/><D135/><U98/><E98/><V85/><F41/><W24/><G24/><T61/><D131/><U62/><E132/><V92/><F85/><W121/><G121/><T93/><D93/><U97/><E97/><V63/><F63/><W79/><G89/><T90/><D90/><U49/><E39/><V47/><F47/><W40/><G40/><T3/><D77/><U112/><E122/><V42/><F42/><W86/><G81/><AGARI ba="0,0" hai="1,3,4,7,9,10,61,66,71,73,76,81,105,106" machi="81" ten="40,12000,1" yaku="9,1,33,3" doraHai="11" who="0" fromWho="3" sc="253,120,185,0,241,0,321,-120" /><INIT seed="4,1,0,2,5,52" ten="373,185,241,201" oya="0" hai0="0,111,98,78,18,129,115,132,50,36,45,93,90" hai1="120,69,61,13,92,43,95,21,2,11,105,108,49" hai2="10,55,91,53,64,116,106,74,114,128,134,65,102" hai3="127,51,60,63,96,79,123,6,62,77,20,107,97"/><T118/><D118/><U33/><E33/><V41/><F74/><W110/><G110/><T25/><D0/><U80/><E105/><V112/><F106/><W29/><G127/><T103/><D36/><U82/><E108/><V75/><F102/><W57/><G6/><T22/><D111/><U76/><E2/><V56/><F75/><W46/><G123/><T72/><D115/><U30/><E69/><V68/><F91/><W1/><G1/><T87/><D132/><U17/><E61/><N who="2" m="39951" /><F10/><W16/><G29/><T101/><D129/><U5/><E30/><V94/><F94/><W26/><G107/><T86/><D72/><U131/><E82/><V130/><F41/><N who="3" m="25039" /><G97/><T15/><D15/><N who="1" m="9407" /><E131/><N who="2" m="50219" /><F134/><W37/><G96/><T7/><D7/><U73/><E120/><V122/><F116/><W27/><G27/><T8/><D8/><U38/><E73/><V31/><F31/><W4/><G4/><T28/><D28/><U19/><E5/><V14/><F14/><W40/><G40/><N who="0" m="24871" /><D78/><N who="3" m="29705" /><G37/><T133/><D133/><U39/><E38/><V125/><F125/><W113/><G113/><N who="2" m="43625" /><F122/><W12/><G12/><T119/><D119/><U70/><E39/><V104/><F104/><W135/><G135/><T42/><D42/><U83/><E76/><V48/><F48/><W85/><G85/><AGARI ba="1,0" hai="18,22,25,85,86,87,90,93,98,101,103" m="24871" machi="85" ten="30,1500,0" yaku="8,1" doraHai="52" who="0" fromWho="3" sc="373,18,185,0,241,0,201,-18" /><INIT seed="4,2,0,5,4,18" ten="391,185,241,183" oya="0" hai0="46,61,80,107,7,109,11,3,57,8,105,116,42" hai1="98,124,99,53,69,22,87,44,92,12,48,15,19" hai2="90,131,120,17,127,117,59,21,70,13,115,103,118" hai3="67,130,78,77,33,23,113,52,93,125,26,62,126"/><T63/><D116/><U29/><E124/><N who="3" m="47722" /><G33/><T25/><D63/><U32/><E69/><V128/><F127/><W45/><G113/><T122/><D122/><U16/><E29/><V50/><F70/><N who="3" m="42359" /><G93/><T6/><D25/><U36/><E36/><V14/><F103/><W5/><G5/><T134/><D134/><U82/><E92/><V55/><F115/><W83/><G130/><N who="2" m="49705" /><F120/><W76/><G45/><T112/><D80/><U58/><E44/><V60/><F90/><W40/><G40/><T95/><D95/><U121/><E32/><V64/><F14/><W49/><G49/><T1/><D112/><U31/><E31/><V84/><F84/><N who="3" m="48231" /><G52/><T39/><REACH who="0" step="1"/><D109/><REACH who="0" ten="381,185,241,183" step="2"/><U30/><E121/><V2/><F2/><W28/><AGARI ba="2,1" hai="23,26,28,77,78" m="48231,42359,47722" machi="28" ten="30,2000,0" yaku="18,1,52,1" doraHai="18" who="3" fromWho="3" sc="381,-12,185,-7,241,-7,183,36" /><INIT seed="5,0,0,1,3,31" ten="369,178,234,219" oya="1" hai0="115,65,107,28,121,80,45,32,129,128,124,120,46" hai1="82,22,10,29,66,2,35,116,130,102,14,51,125" hai2="18,50,8,6,41,48,64,62,26,49,54,98,58" hai3="91,30,13,114,37,83,133,93,123,109,74,21,126"/><U118/><E66/><V47/><F98/><W34/><G109/><T9/><D107/><U110/><E102/><V42/><F18/><W7/><G37/><T39/><D115/><U101/><E101/><V19/><F19/><W96/><G123/><N who="0" m="47179" /><D124/><U90/><E110/><V38/><F26/><W20/><G30/><T119/><D119/><U53/><E125/><V17/><F17/><W25/><G21/><T89/><D65/><U127/><E127/><V99/><F99/><W97/><G91/><T95/><D80/><U1/><E130/><N who="0" m="50281" /><D39/><U24/><E90/><V4/><F4/><W68/><G7/><T78/><D9/><U135/><E82/><V108/><F108/><W44/><G20/><T69/><D69/><U52/><E135/><V131/><F131/><W79/><G68/><T77/><D77/><U113/><E113/><V60/><F8/><W5/><G5/><T15/><D15/><U111/><E111/><V40/><F6/><W103/><G13/><T88/><D78/><U100/><E100/><V61/><F61/><W56/><G103/><T87/><D89/><U12/><E14/><V43/><F62/><W11/><G114/><T73/><D73/><U27/><E118/><V55/><AGARI ba="0,0" hai="38,40,41,42,43,47,48,49,50,54,55,58,60,64" machi="55" ten="40,12000,2" yaku="0,1,35,6" doraHai="31" who="2" fromWho="2" sc="369,-30,178,-60,234,120,219,-30" /><INIT seed="6,0,0,0,5,104" ten="339,118,354,189" oya="2" hai0="12,57,109,2,83,48,38,19,131,16,128,78,72" hai1="56,124,52,67,3,85,99,66,32,4,116,63,27" hai2="60,123,120,40,29,81,89,92,121,133,33,70,8" hai3="73,13,36,100,84,50,18,55,79,6,64,11,49"/><V108/><F133/><W45/><G36/><T5/><D38/><U93/><E124/><V95/><F40/><W74/><G64/><T98/><D109/><U65/><E116/><V129/><F129/><N who="0" m="49738" /><D98/><U102/><E3/><V41/><F41/><W20/><G100/><T88/><D2/><U21/><E32/><V106/><F106/><W77/><G50/><T17/><D5/><U103/><E85/><V51/><F51/><W117/><G117/><T97/><D48/><U46/><E4/><V90/><F108/><W47/><G47/><T127/><D57/><U68/><E68/><V44/><F44/><W69/><G69/><T22/><D127/><U37/><E37/><V75/><F8/><W39/><G39/><T113/><D113/><U86/><E86/><V62/><F70/><W126/><G126/><T1/><D1/><U94/><E46/><V91/><F29/><W71/><G71/><T107/><D107/><U96/><REACH who="1" step="1"/><E67/><REACH who="1" ten="339,108,354,189" step="2"/><V14/><F33/><W118/><G118/><T130/><D130/><U58/><E58/><V31/><F123/><W132/><G84/><T87/><D97/><U115/><E115/><V28/><F121/><W122/><G122/><T111/><D111/><U26/><E26/><V59/><F120/><W61/><G6/><T134/><D134/><U23/><E23/><V0/><F0/><W105/><G20/><T30/><D30/><AGARI ba="0,1" hai="21,27,30,52,56,63,65,66,93,94,96,99,102,103" machi="30" ten="30,8000,1" yaku="1,1,7,1,9,1,8,1,54,1,53,0" doraHai="104" doraHaiUra="110" who="1" fromWho="0" sc="339,-80,108,90,354,0,189,0" /><INIT seed="7,0,0,3,0,23" ten="259,198,354,189" oya="3" hai0="24,58,95,20,126,125,123,15,62,80,25,99,54" hai1="118,97,19,26,122,100,68,87,79,56,47,48,1" hai2="4,106,51,18,5,64,0,131,35,22,128,37,74" hai3="65,28,75,36,71,105,114,42,9,96,133,107,101"/><W44/><G114/><T134/><D123/><U13/><E68/><V21/><F37/><W117/><G117/><T124/><D134/><U102/><E1/><V12/><F35/><W94/><G133/><T17/><REACH who="0" step="1"/><D80/><REACH who="0" ten="249,198,354,189" step="2"/><U34/><E122/><V73/><F131/><W6/><G75/><T70/><D70/><U132/><E132/><V43/><F128/><W52/><G52/><T127/><N who="0" m="31744" /><DORA hai="14" /><T41/><D41/><U103/><E118/><V81/><F74/><W88/><G71/><T39/><D39/><U86/><E103/><AGARI ba="0,1" hai="15,17,20,24,25,54,58,62,95,99,103" m="31744" machi="103" ten="70,8000,1" yaku="1,1,18,1,52,3,53,0" doraHai="23,14" doraHaiUra="30,32" who="0" fromWho="1" sc="249,90,198,-80,354,0,189,0" owari="339,14.0,118,-38.0,354,45.0,189,-21.0" /></mjloggm>