<mjloggm ver="2.3"><GO type="185" lobby="0"/><UN n0="%E2%99%AA%E5%A4%A2%E5%85%88%E6%A1%88%E5%86%85%E4%BA%BA" n1="%E9%A0%88%E7%94%B0%E3%83%9F%E3%83%BC%E3%82%B3" n2="%E3%83%8F%E3%83%94%E3%83%AA%E3%83%83%E3%83%88" n3="" dan="16,16,17,0" rate="2223.64,2177.69,2223.62,1500.00" sx="F,M,M,C"/><TAIKYOKU oya="0"/><INIT seed="0,0,0,2,3,47" ten="350,350,350,0" oya="0" hai0="80,132,88,3,101,72,78,34,104,46,51,75,129" hai1="89,86,44,115,111,135,109,121,41,68,61,122,110" hai2="91,106,112,74,69,87,63,114,73,79,0,90,108" hai3=""/><T131/><D3/><U66/><N who="1" m="31008" /><U54/><N who="1" m="31264" /><U71/><E135/><V67/><F0/><T119/><D119/><U92/><E115/><V118/><F106/><T125/><D34/><U94/><E54/><V57/><F118/><T120/><N who="0" m="30752" /><T83/><D125/><U32/><E32/><V81/><F108/><T60/><D60/><U49/><REACH who="1" step="1"/><E92/><REACH who="1" ten="350,340,350,0" step="2"/><V84/><F114/><T97/><D132/><U77/><E77/><V95/><F112/><T55/><REACH who="0" step="1"/><D72/><REACH who="0" ten="340,340,350,0" step="2"/><U62/><E62/><V133/><F133/><T116/><D116/><U130/><E130/><V102/><F73/><T52/><D52/><U56/><AGARI ba="0,2" hai="41,44,49,56,61,66,68,71,86,89,94,109,110,111" m="31264,31008" machi="56" ten="30,9000,2" yaku="1,1,0,1,14,1,52,3,53,0" doraHai="47" doraHaiUra="48" who="1" fromWho="1" sc="340,-60,340,110,350,-30,0,0" /><INIT seed="1,0,0,3,2,50" ten="280,450,320,0" oya="1" hai0="61,110,53,78,120,62,87,108,105,75,104,122,77" hai1="90,97,72,83,123,134,119,118,63,65,64,130,88" hai2="115,98,36,124,82,127,131,52,128,125,116,40,32" hai3=""/><U85/><N who="1" m="31520" /><U42/><E130/><V129/><F32/><T33/><D75/><U106/><E134/><V67/><F116/><T39/><D39/><U41/><E72/><V109/><F109/><T114/><D87/><U56/><E64/><V91/><F115/><T89/><D89/><U1/><E1/><V100/><F67/><T117/><D117/><U34/><E34/><V95/><F40/><T132/><D33/><U107/><E107/><V111/><F36/><T3/><D3/><U102/><E41/><V60/><F111/><T71/><D53/><U49/><REACH who="1" step="1"/><E90/><REACH who="1" ten="280,440,320,0" step="2"/><V59/><F82/><T45/><D132/><U66/><E66/><V69/><F69/><T84/><D71/><U68/><E68/><V51/><F91/><T74/><D74/><U103/><E103/><V113/><F113/><T93/><D114/><U121/><N who="1" m="31008" /><U46/><AGARI ba="0,1" hai="42,46,49,56,63,65,83,85,88,97,102,106,118,119" m="31008,31520" machi="46" ten="30,12000,2" yaku="1,1,4,1,0,1,52,2,54,1,53,1" doraHai="50" doraHaiUra="55" who="1" fromWho="1" sc="280,-60,440,130,320,-60,0,0" /><INIT seed="1,1,0,2,3,99" ten="220,570,260,0" oya="1" hai0="131,129,49,51,133,96,119,108,103,100,111,55,125" hai1="38,68,65,95,32,134,122,43,40,64,76,54,88" hai2="63,71,110,62,45,79,109,106,104,123,127,86,56" hai3=""/><U124/><N who="1" m="31264" /><U46/><E40/><V113/><N who="2" m="31520" /><V74/><F74/><T73/><D73/><U101/><E134/><V60/><F71/><T135/><D125/><U98/><E124/><V57/><F127/><T117/><D96/><U58/><E68/><V84/><F45/><T3/><REACH who="0" step="1"/><D55/><REACH who="0" ten="210,570,260,0" step="2"/><U42/><E32/><V116/><F116/><T115/><D115/><U78/><E43/><V87/><F113/><T83/><D83/><U72/><E72/><V97/><F97/><T114/><D114/><U90/><E64/><V66/><F66/><T112/><D112/><U0/><E65/><V126/><F126/><T107/><D107/><N who="2" m="41002" /><F79/><T77/><D77/><U89/><REACH who="1" step="1"/><E0/><AGARI ba="1,1" hai="0,3,49,51,100,103,108,111,117,119,129,131,133,135" machi="0" ten="25,12000,2" yaku="1,1,22,2,52,2,53,2" doraHai="99" doraHaiUra="33" who="0" fromWho="1" sc="210,132,570,-122,260,0,0,0" /><INIT seed="2,0,0,0,1,97" ten="342,448,260,0" oya="2" hai0="101,119,82,73,33,71,98,133,105,124,44,126,128" hai1="112,35,92,111,64,123,59,58,81,89,132,95,60" hai2="100,79,117,43,50,85,130,47,88,34,51,1,107" hai3=""/><V62/><F1/><T114/><RYUUKYOKU type="yao9" ba="0,0" sc="342,0,448,0,260,0,0,0" hai0="33,44,71,73,82,98,101,105,114,119,124,126,128,133" /><INIT seed="2,1,0,0,3,46" ten="342,448,260,0" oya="2" hai0="47,39,96,122,45,135,87,68,42,37,124,98,110" hai1="58,33,55,80,134,97,116,95,56,113,127,1,126" hai2="125,43,34,99,50,76,51,114,88,84,60,72,52" hai3=""/><V91/><F34/><T101/><N who="0" m="31264" /><T83/><D110/><U70/><E113/><V103/><F114/><T109/><D109/><U104/><E70/><V115/><F115/><T133/><D68/><U64/><E134/><N who="0" m="51209" /><D124/><U67/><E104/><V41/><F125/><T69/><D69/><U40/><E1/><V63/><F72/><T105/><D98/><U131/><E131/><V100/><F76/><T78/><D47/><U121/><N who="1" m="31008" /><U106/><E106/><V90/><F84/><T111/><D111/><U61/><E64/><V107/><F100/><T54/><D54/><U89/><E33/><V44/><REACH who="2" step="1"/><F41/><REACH who="2" ten="342,448,250,0" step="2"/><T57/><D57/><AGARI ba="1,1" hai="43,44,50,51,52,57,60,63,88,90,91,99,103,107" machi="57" ten="40,18000,2" yaku="1,1,2,1,52,2,54,2,53,0" doraHai="46" doraHaiUra="81" who="2" fromWho="0" sc="342,-182,448,0,250,192,0,0" /><INIT seed="2,2,0,3,3,48" ten="160,448,442,0" oya="2" hai0="69,117,102,129,99,125,95,76,35,33,34,40,80" hai1="92,63,81,51,132,128,45,50,61,65,122,114,111" hai2="71,49,32,60,36,1,77,118,43,131,113,62,97" hai3=""/><V130/><F1/><T66/><D117/><U38/><N who="1" m="31264" /><U56/><E114/><V68/><F32/><T115/><D115/><U42/><E111/><V85/><F113/><T2/><D2/><U116/><E128/><N who="2" m="49195" /><F118/><T52/><D129/><U44/><E132/><V101/><F36/><T54/><D40/><U0/><E0/><V134/><F134/><T124/><D66/><U107/><E107/><V94/><F77/><T126/><REACH who="0" step="1"/><D69/><REACH who="0" ten="150,448,442,0" step="2"/><U82/><E116/><V75/><F71/><T112/><D112/><U123/><N who="1" m="31520" /><U64/><E38/><V53/><F68/><T59/><D59/><U87/><E92/><V74/><F43/><T41/><D41/><U108/><E108/><V98/><F74/><AGARI ba="2,1" hai="33,34,35,52,54,74,76,80,95,99,102,124,125,126" machi="74" ten="50,12000,2" yaku="1,1,18,1,52,2,54,1,53,1" doraHai="48" doraHaiUra="89" who="0" fromWho="2" sc="150,134,448,0,442,-124,0,0" /><INIT seed="4,0,0,3,4,130" ten="284,448,318,0" oya="0" hai0="58,105,94,64,56,106,36,88,102,93,45,113,126" hai1="1,100,85,49,73,107,68,77,80,43,116,84,89" hai2="121,108,48,35,117,61,52,71,79,96,70,99,62" hai3=""/><T83/><D113/><U127/><E68/><V38/><N who="2" m="31008" /><V95/><F108/><T32/><D32/><U115/><E127/><V81/><F38/><T111/><D126/><U78/><E116/><V103/><F117/><T3/><D3/><U132/><E132/><V74/><F35/><T110/><D45/><U41/><E78/><V55/><F71/><T90/><D102/><U76/><E76/><V120/><N who="2" m="30752" /><V109/><F109/><T125/><D125/><U67/><E84/><V82/><F70/><T97/><D83/><U75/><E67/><V0/><F81/><T112/><D97/><U51/><E75/><V60/><F0/><T54/><D54/><U66/><E66/><V129/><F129/><T46/><D46/><U42/><E115/><V86/><F74/><T65/><REACH who="0" step="1"/><D112/><REACH who="0" ten="274,448,318,0" step="2"/><U87/><E1/><V114/><F114/><T53/><D53/><U123/><N who="1" m="31520" /><U33/><E33/><V92/><F48/><T131/><D131/><U98/><REACH who="1" step="1"/><E87/><REACH who="1" ten="274,438,318,0" step="2"/><V47/><REACH who="2" step="1"/><F47/><REACH who="2" ten="274,438,308,0" step="2"/><T118/><D118/><U40/><N who="1" m="10240" /><DORA hai="134" /><U69/><E69/><V34/><F34/><T119/><D119/><U72/><E72/><V2/><F2/><T50/><D50/><U39/><E39/><AGARI ba="0,3" hai="36,39,56,58,64,65,88,90,93,94,105,106,110,111" machi="39" ten="25,24000,3" yaku="1,1,22,2,54,1,53,4" doraHai="130,134" doraHaiUra="91,122" who="0" fromWho="1" sc="274,270,438,-240,308,0,0,0" /><INIT seed="4,1,0,2,5,59" ten="544,198,308,0" oya="0" hai0="2,32,101,49,105,40,51,112,52,106,93,57,71" hai1="42,131,77,98,69,90,50,85,103,72,75,60,62" hai2="78,94,44,132,70,87,114,33,123,116,111,113,86" hai3=""/><T125/><D2/><U109/><E109/><V117/><N who="2" m="31520" /><V102/><F33/><T39/><D32/><U119/><E119/><N who="2" m="45643" /><F70/><T56/><D112/><N who="2" m="43114" /><F44/><T79/><D125/><U120/><N who="1" m="30752" /><U0/><E77/><V37/><F37/><T68/><D79/><U96/><E96/><V61/><F61/><T81/><D81/><U3/><E131/><V64/><F64/><T73/><D73/><U45/><E0/><V92/><F111/><T74/><D74/><U63/><E69/><V97/><F132/><T47/><D71/><U34/><E34/><V46/><F46/><T133/><D133/><U1/><E1/><V54/><F54/><T83/><D68/><U126/><E126/><V66/><F66/><T58/><D58/><U65/><E65/><V36/><F36/><T67/><D57/><U53/><E53/><V76/><F87/><T41/><D56/><U135/><E135/><V115/><N who="2" m="43122" /><V129/><DORA hai="128" /><F129/><T55/><D67/><U99/><E3/><V134/><F134/><T110/><D110/><U121/><N who="1" m="31008" /><U91/><E85/><V108/><F108/><T107/><D55/><U38/><E38/><V118/><N who="2" m="45651" /><V48/><DORA hai="127" /><F48/><T80/><D52/><U104/><E45/><RYUUKYOKU ba="1,0" sc="544,-10,198,-10,308,20,0,0" hai2="76,78,86,92,94,97,102" /><INIT seed="5,2,0,4,4,51" ten="534,188,328,0" oya="1" hai0="115,101,62,58,56,36,59,120,110,76,103,41,114" hai1="84,2,0,108,109,50,93,125,134,33,104,106,38" hai2="85,79,39,45,97,121,132,42,46,133,91,57,98" hai3=""/><U92/><E33/><V52/><N who="2" m="31008" /><V68/><F68/><T119/><N who="0" m="30752" /><T80/><D110/><N who="1" m="42603" /><E38/><V69/><F69/><T90/><D119/><U112/><E134/><N who="2" m="51819" /><F46/><T81/><D62/><U65/><E112/><V107/><F79/><T71/><D71/><U1/><E125/><V49/><F107/><N who="1" m="41001" /><E65/><V126/><F126/><T53/><D115/><U32/><E32/><V82/><AGARI ba="2,0" hai="39,42,45,49,52,57,82,85,91,97,98" m="51819,31008" machi="82" ten="30,5900,0" yaku="20,1,52,2,54,1" doraHai="51" who="2" fromWho="2" sc="534,-22,188,-41,328,63,0,0" /><INIT seed="6,0,0,0,2,99" ten="512,147,391,0" oya="2" hai0="133,108,132,94,117,32,102,135,127,112,81,0,97" hai1="73,88,45,82,57,116,53,46,2,111,113,41,90" hai2="78,122,60,74,106,115,120,58,84,1,35,130,37" hai3=""/><V104/><N who="2" m="30752" /><V66/><N who="2" m="31264" /><V61/><F1/><T43/><D108/><U34/><E90/><V63/><F35/><T123/><N who="0" m="31520" /><T96/><D117/><U76/><E88/><V85/><F37/><T71/><D112/><U49/><E82/><V86/><F115/><T48/><D127/><U93/><E93/><V119/><F119/><T121/><N who="0" m="31008" /><T110/><D110/><U105/><E76/><V47/><F130/><T79/><D71/><U68/><E105/><V98/><F47/><T107/><D0/><U125/><E73/><V70/><F98/><T103/><D32/><U55/><E34/><V40/><F40/><T128/><D128/><U118/><E2/><V124/><F124/><T129/><D129/><U44/><E125/><V87/><N who="2" m="21504" /><DORA hai="69" /><V91/><F91/><T38/><D38/><U114/><E111/><V62/><REACH who="2" step="1"/><F70/><REACH who="2" ten="512,147,381,0" step="2"/><T67/><D43/><U59/><E68/><V134/><F134/><T92/><D133/><U42/><REACH who="1" step="1"/><E45/><REACH who="1" ten="512,137,381,0" step="2"/><V101/><F101/><T39/><D135/><U3/><E3/><V64/><F64/><T51/><D132/><U50/><AGARI ba="0,2" hai="41,42,44,46,49,50,53,55,57,59,113,114,116,118" machi="50" ten="25,9000,2" yaku="1,1,0,1,22,2,34,3,53,0" doraHai="99,69" doraHaiUra="95,83" who="1" fromWho="1" sc="512,-30,137,110,381,-60,0,0" owari="482,43.0,247,-35.0,321,-8.0,0,0.0" /></mjloggm>