<mjloggm ver="2.3"><GO type="169" lobby="0"/><UN n0="%E3%81%88%E3%81%84%E3%81%8D%E3%81%A1%40%35%6D%66" n1="%E7%81%AB%E9%9C%8A%E5%A4%A2" n2="%E9%B3%B3%E5%8D%97%E3%81%AE%E3%81%8A%E9%A6%AC%E3%81%95%E3%82%93" n3="%43%72%37" dan="18,17,17,17" rate="2249.92,2246.59,2202.74,2169.91" sx="M,M,M,M"/><TAIKYOKU oya="0"/><INIT seed="0,0,0,2,0,48" ten="250,250,250,250" oya="0" hai0="125,67,41,104,55,127,85,80,40,32,29,126,111" hai1="133,121,13,114,89,5,107,9,118,56,11,38,6" hai2="64,54,7,122,49,21,73,20,128,97,4,132,103" hai3="115,10,77,96,42,43,108,23,25,59,51,135,30"/><T106/><D67/><U18/><E118/><V28/><F122/><W101/><G115/><T65/><D65/><U2/><E121/><V47/><F128/><W72/><G108/><T134/><D134/><U87/><E114/><V91/><F73/><W76/><G135/><T123/><D123/><U105/><E38/><V63/><F91/><W70/><G70/><T130/><D130/><U112/><E112/><V81/><F81/><W79/><G72/><T17/><D111/><U124/><E124/><V75/><F75/><W14/><G51/><T129/><D129/><U52/><E18/><V35/><F35/><W37/><G59/><T88/><D17/><U84/><E133/><V58/><F132/><W46/><G42/><N who="0" m="16491" /><D55/><U8/><E8/><V131/><F131/><W15/><REACH who="3" step="1"/><G10/><REACH who="3" ten="250,250,250,240" step="2"/><T74/><D74/><U94/><REACH who="1" step="1"/><E84/><REACH who="1" ten="250,240,250,240" step="2"/><V117/><F117/><W36/><G36/><T61/><D61/><AGARI ba="0,2" hai="2,5,6,9,11,13,52,56,61,87,89,94,105,107" machi="61" ten="30,8000,1" yaku="1,1,2,1,7,1,52,1,54,1,53,0" doraHai="48" doraHaiUra="39" who="1" fromWho="0" sc="250,-80,240,100,250,0,240,0" /><INIT seed="1,0,0,4,5,91" ten="170,340,250,240" oya="1" hai0="34,24,63,82,81,107,97,114,50,110,20,23,66" hai1="11,49,36,89,27,133,87,92,88,98,28,56,90" hai2="103,127,13,74,111,109,22,102,15,39,42,48,21" hai3="60,119,10,132,57,126,41,8,124,129,85,17,44"/><U12/><E36/><V130/><F74/><W105/><G105/><T19/><D114/><U83/><E133/><V113/><F39/><W121/><G121/><T51/><D110/><U112/><E112/><V4/><F113/><W73/><G73/><T35/><D107/><U123/><E123/><V18/><F127/><N who="3" m="48683" /><G17/><T32/><D97/><U29/><E27/><V76/><F76/><W93/><G129/><T1/><D1/><U106/><E106/><V72/><F72/><W58/><G58/><T9/><D9/><U65/><E90/><V55/><F42/><W67/><G119/><T33/><N who="0" m="8192" /><DORA hai="77" /><T61/><D23/><U70/><E70/><V79/><F79/><W78/><G132/><T62/><REACH who="0" step="1"/><D66/><REACH who="0" ten="160,340,250,240" step="2"/><U71/><E65/><V54/><F130/><W117/><G8/><T115/><D115/><U122/><E122/><V94/><F109/><W14/><G10/><T95/><D95/><U99/><E99/><V134/><F94/><W2/><G2/><T46/><D46/><U96/><E96/><V125/><F125/><W31/><G93/><T43/><D43/><U104/><E104/><V69/><F111/><W0/><G0/><T38/><D38/><U128/><E128/><V6/><F22/><W59/><G44/><T7/><D7/><N who="1" m="3199" /><E71/><V108/><F69/><W101/><G41/><T45/><D45/><U116/><E116/><V3/><F108/><W68/><G117/><T40/><D40/><U53/><AGARI ba="0,1" hai="28,29,49,53,56,83,87,88,89,92,98" m="3199" machi="53" ten="30,11700,0" yaku="8,1,52,2,54,1" doraHai="91,77" who="1" fromWho="1" sc="160,-39,340,127,250,-39,240,-39" /><INIT seed="1,1,0,1,3,51" ten="121,467,211,201" oya="1" hai0="131,108,44,43,86,16,64,55,0,34,10,32,82" hai1="95,18,132,74,59,75,92,126,47,2,36,97,63" hai2="20,89,50,53,77,93,49,107,121,79,115,98,23" hai3="73,90,127,33,48,35,61,12,116,118,7,114,134"/><U19/><E2/><V102/><F121/><W29/><G73/><T120/><D108/><U85/><E132/><V122/><F122/><W24/><G61/><T129/><D120/><U3/><E3/><V110/><F110/><W62/><G62/><T13/><D64/><U83/><E92/><V45/><F115/><W99/><G114/><T76/><D0/><U9/><E126/><V87/><F49/><W112/><G112/><T22/><D22/><U70/><E70/><V135/><F135/><W17/><G134/><T11/><D11/><U30/><E30/><V80/><REACH who="2" step="1"/><F77/><REACH who="2" ten="121,467,201,201" step="2"/><W31/><G48/><N who="0" m="29063" /><D43/><U28/><E36/><V88/><F88/><W66/><G90/><T65/><D65/><U71/><E63/><V100/><F100/><W56/><G66/><T60/><D60/><U5/><E71/><V46/><F46/><W123/><G123/><T27/><D27/><U54/><E47/><V14/><F14/><W67/><G67/><T125/><D125/><U104/><E59/><V84/><AGARI ba="1,1" hai="20,23,45,50,53,79,80,84,87,89,93,98,102,107" machi="84" ten="20,5200,0" yaku="1,1,0,1,7,1,52,1,53,0" doraHai="51" doraHaiUra="57" who="2" fromWho="2" sc="121,-14,467,-27,201,65,201,-14" /><INIT seed="2,0,0,1,3,63" ten="107,440,266,187" oya="2" hai0="47,123,3,97,26,50,73,55,82,41,33,132,0" hai1="15,54,59,78,71,42,112,101,9,88,16,117,76" hai2="135,126,134,60,24,18,106,125,62,87,32,98,14" hai3="53,65,21,25,83,85,84,75,7,17,70,11,56"/><V95/><F87/><W89/><G75/><T103/><D123/><U128/><E112/><V129/><F106/><W80/><G70/><T66/><D132/><N who="2" m="50730" /><F24/><W43/><G43/><T57/><D73/><U12/><E117/><V116/><F32/><W52/><G65/><T74/><D74/><U105/><E71/><V13/><F116/><W131/><G131/><T107/><D82/><U30/><E128/><V64/><F60/><W20/><G20/><T68/><D33/><U130/><E130/><V122/><F122/><W111/><G111/><T81/><D81/><U69/><E69/><N who="2" m="42135" /><F129/><W31/><G31/><T99/><D26/><U23/><E30/><V118/><F118/><W4/><G11/><T96/><D96/><U91/><E105/><V44/><F44/><W19/><G17/><T58/><D58/><U114/><E114/><V127/><F18/><W38/><G38/><N who="0" m="21943" /><D97/><U119/><E119/><V72/><F72/><W121/><G121/><T104/><D104/><U36/><E36/><V102/><AGARI ba="0,0" hai="13,14,95,98,102,125,126,127" m="42135,50730" machi="102" ten="40,7800,0" yaku="18,1,20,1,52,1" doraHai="63" who="2" fromWho="2" sc="107,-26,440,-26,266,78,187,-26" /><INIT seed="2,1,0,5,3,88" ten="81,414,344,161" oya="2" hai0="49,82,30,123,95,97,9,114,67,19,16,92,108" hai1="74,87,54,25,3,79,57,113,10,14,59,84,41" hai2="134,78,34,81,4,100,2,118,69,66,128,36,43" hai3="65,44,7,55,20,135,76,23,103,17,90,37,71"/><V77/><F77/><W127/><G135/><T110/><D123/><U8/><E113/><V51/><F51/><W35/><G35/><T75/><D114/><U50/><E41/><V42/><F118/><W1/><G76/><N who="0" m="44319" /><D30/><U83/><E25/><V132/><F34/><W12/><G103/><T122/><D122/><U11/><E3/><V0/><F100/><W22/><G71/><T28/><D28/><U48/><E14/><V70/><F43/><W124/><G65/><T85/><D67/><U40/><REACH who="1" step="1"/><E57/><REACH who="1" ten="81,404,344,161" step="2"/><V53/><F2/><W56/><G1/><T126/><D110/><U129/><E129/><V130/><F130/><W133/><G12/><T73/><D108/><U131/><E131/><V60/><F128/><W101/><G56/><T27/><D27/><U58/><E58/><V117/><F70/><W116/><G116/><T91/><BYE who="3" /><D126/><U31/><E31/><V112/><F117/><W125/><G125/><T102/><D19/><U99/><E99/><V68/><F69/><W18/><G18/><T46/><D16/><U72/><E72/><N who="2" m="43207" /><F112/><W39/><G39/><T52/><D73/><U119/><E119/><V29/><F29/><W80/><G80/><T89/><D97/><U64/><E64/><UN n3="%43%72%37" /><V5/><F53/><W115/><G17/><T33/><D52/><U98/><E98/><V47/><F4/><W86/><G7/><T61/><D46/><AGARI ba="1,1" hai="8,10,11,40,46,48,50,54,59,74,79,83,84,87" machi="46" ten="40,1300,0" yaku="1,1,53,0" doraHai="88" doraHaiUra="26" who="1" fromWho="0" sc="81,-16,404,26,344,0,161,0" /><INIT seed="3,0,0,4,5,94" ten="65,430,344,161" oya="3" hai0="35,42,108,73,22,14,81,58,86,67,123,51,10" hai1="96,55,30,41,125,100,99,87,23,98,17,49,75" hai2="32,120,33,57,25,88,12,28,127,85,15,36,48" hai3="77,131,133,93,84,103,135,90,121,109,71,128,91"/><W64/><G71/><T115/><D123/><U59/><E75/><V107/><F127/><W18/><G64/><T26/><D73/><U126/><E30/><V78/><F36/><W60/><G60/><T65/><D35/><U114/><E114/><V68/><F68/><W40/><G40/><T5/><D108/><U2/><E2/><V122/><F78/><W102/><G121/><N who="2" m="46697" /><F107/><W79/><G18/><T21/><D115/><U112/><E112/><V124/><F124/><N who="1" m="47721" /><E87/><V101/><F101/><N who="3" m="38411" /><G109/><T83/><D83/><U37/><E41/><V132/><F33/><W66/><G66/><T19/><D21/><U39/><E100/><V20/><F32/><W0/><G0/><T111/><D111/><U70/><E70/><V62/><F48/><W50/><G50/><T119/><D119/><U13/><AGARI ba="0,0" hai="13,17,23,37,39,49,55,59,96,98,99" m="47721" machi="13" ten="30,7900,0" yaku="18,1,52,3" doraHai="94" who="1" fromWho="1" sc="65,-20,430,79,344,-20,161,-39" /><INIT seed="4,0,0,3,5,78" ten="45,509,324,122" oya="0" hai0="107,61,48,98,111,88,27,121,58,133,103,20,4" hai1="46,126,124,66,41,11,71,6,10,64,26,7,116" hai2="118,56,108,21,70,94,122,75,32,33,9,54,5" hai3="101,113,77,119,29,23,34,130,62,42,17,16,106"/><T132/><D121/><U65/><E71/><V123/><F108/><W86/><G119/><T31/><D111/><U38/><E116/><V12/><F118/><W135/><G42/><T59/><D4/><N who="1" m="1579" /><E26/><V67/><F75/><W8/><G34/><T81/><D48/><U63/><E63/><V131/><F131/><W100/><G113/><T52/><REACH who="0" step="1"/><D58/><REACH who="0" ten="35,509,324,122" step="2"/><U45/><E45/><V112/><F122/><W105/><G130/><T85/><AGARI ba="0,1" hai="20,27,31,52,59,61,81,85,88,98,103,107,132,133" machi="85" ten="30,18000,2" yaku="1,1,2,1,0,1,52,1,54,2,53,1" doraHai="78" doraHaiUra="93" who="0" fromWho="0" sc="35,190,509,-60,324,-60,122,-60" /><INIT seed="4,1,0,5,2,74" ten="225,449,264,62" oya="0" hai0="30,103,114,87,27,80,118,1,29,59,7,48,130" hai1="39,85,86,93,129,84,54,92,96,46,43,6,12" hai2="76,102,110,17,109,122,49,22,61,70,111,69,68" hai3="4,40,0,42,115,35,97,13,26,38,116,5,53"/><T71/><D118/><U52/><E129/><V127/><F122/><W62/><G116/><T66/><D130/><U81/><E81/><V72/><F127/><W135/><G0/><T19/><D114/><U113/><E113/><V99/><F49/><W133/><G115/><T77/><D71/><U121/><E121/><V31/><F31/><W33/><G97/><T36/><D36/><U60/><E60/><V10/><F10/><W65/><G53/><T82/><D103/><U25/><E25/><V75/><F61/><W98/><G98/><T125/><D125/><U89/><REACH who="1" step="1"/><E93/><REACH who="1" ten="225,439,264,62" step="2"/><V105/><REACH who="2" step="1"/><F76/><REACH who="2" ten="225,439,254,62" step="2"/><W24/><G62/><T100/><D77/><U108/><E108/><V56/><F56/><W83/><G135/><T73/><D59/><U126/><E126/><V32/><F32/><W107/><G33/><T117/><D117/><U3/><E3/><V79/><F79/><W101/><G35/><T134/><D1/><U106/><E106/><V112/><F112/><W47/><G107/><T8/><D134/><U124/><E124/><V64/><F64/><W23/><G65/><T15/><D66/><U90/><E90/><V123/><F123/><W14/><G133/><T132/><D132/><U67/><E67/><V45/><F45/><W41/><G47/><T34/><D34/><U91/><E91/><V58/><F58/><W78/><G78/><T51/><D100/><U50/><E50/><V120/><F120/><W16/><G101/><T21/><D51/><U55/><E55/><V11/><F11/><AGARI ba="1,2" hai="6,11,12,39,43,46,52,54,84,85,86,89,92,96" machi="11" ten="40,5200,0" yaku="1,1,54,1,53,1" doraHai="74" doraHaiUra="9" who="1" fromWho="2" sc="225,0,439,75,254,-55,62,0" /><INIT seed="5,0,0,5,0,12" ten="225,514,199,62" oya="1" hai0="132,78,9,66,2,13,90,115,118,17,72,123,55" hai1="103,0,88,84,125,116,108,34,109,101,49,67,65" hai2="7,5,58,28,100,37,135,94,47,129,43,117,33" hai3="35,18,39,11,19,126,20,93,68,27,21,4,48"/><U113/><E116/><V107/><F117/><W120/><G39/><T131/><D118/><U102/><E0/><V59/><F107/><W6/><G68/><T60/><D115/><U89/><E113/><V98/><F129/><W29/><G120/><T106/><D106/><U77/><E34/><V80/><F135/><W22/><G126/><T30/><D30/><U122/><E122/><V71/><F71/><W16/><G93/><T42/><D42/><U73/><E125/><V110/><F110/><N who="1" m="42601" /><E49/><V76/><F28/><W119/><G119/><T85/><D2/><U8/><E8/><V25/><F25/><W124/><G124/><T51/><D131/><U99/><E65/><V133/><F133/><W45/><REACH who="3" step="1"/><G11/><REACH who="3" ten="225,514,199,52" step="2"/><T10/><D123/><U63/><E99/><V46/><F98/><W62/><G62/><T32/><D9/><U97/><E63/><V31/><F37/><W96/><G96/><T79/><D132/><U64/><E97/><V82/><F94/><W111/><G111/><T87/><D60/><U69/><E69/><V104/><F104/><W3/><G3/><T26/><D10/><U134/><E134/><V14/><F82/><W121/><G121/><T105/><D105/><U70/><E70/><V56/><F80/><W130/><G130/><T44/><D51/><U50/><E50/><V112/><F112/><W74/><G74/><T41/><D72/><U24/><E73/><V92/><F92/><W114/><G114/><T128/><D128/><U127/><E127/><V15/><F100/><W36/><G36/><T86/><D85/><U53/><E102/><RYUUKYOKU ba="0,1" sc="225,-10,514,-10,199,-10,52,30" hai3="4,6,16,18,19,20,21,22,27,29,35,45,48" /><INIT seed="6,1,1,5,0,128" ten="215,504,189,82" oya="2" hai0="78,102,126,119,117,95,105,120,110,6,92,3,96" hai1="69,72,9,104,12,74,11,7,18,84,56,113,64" hai2="25,100,77,1,118,132,111,116,68,93,99,123,28" hai3="87,37,79,8,65,131,40,134,33,91,45,41,57"/><V17/><F123/><W88/><G131/><T71/><D120/><U98/><E69/><V53/><F1/><W63/><G33/><T82/><D71/><U23/><E113/><V61/><F111/><W67/><G134/><T86/><D110/><U70/><E70/><V127/><F132/><W114/><G114/><T122/><D122/><U106/><E9/><V101/><F77/><W55/><G40/><T21/><D21/><U14/><E84/><V30/><F127/><W108/><G108/><T24/><D24/><U51/><E106/><V103/><F116/><N who="0" m="44618" /><D126/><U46/><E56/><N who="2" m="34959" /><F68/><W48/><G67/><T109/><D109/><U44/><E64/><V90/><F118/><W10/><G79/><T13/><D13/><U16/><E46/><V59/><F59/><W60/><G91/><T83/><D82/><U124/><E124/><V89/><F90/><W34/><G34/><T76/><D76/><U49/><E72/><V31/><F17/><W66/><G66/><T43/><D43/><U19/><E74/><V94/><F25/><W75/><G75/><T125/><D125/><U4/><E18/><V0/><F0/><W97/><G97/><AGARI ba="1,1" hai="28,30,31,89,93,94,97,99,100,101,103" m="34959" machi="97" ten="30,1500,0" yaku="8,1" doraHai="128" who="2" fromWho="3" sc="215,0,504,0,189,28,82,-18" /><INIT seed="6,2,0,2,2,92" ten="215,504,217,64" oya="2" hai0="58,129,135,76,11,77,12,37,9,119,111,61,120" hai1="44,71,108,133,81,49,19,32,124,87,64,31,113" hai2="101,38,102,104,55,116,95,30,94,126,21,114,53" hai3="13,90,43,60,86,36,68,109,27,105,41,7,2"/><V75/><F116/><W132/><G109/><T96/><D111/><U118/><E108/><V4/><F114/><W66/><G2/><T134/><D120/><U17/><E118/><V89/><F126/><W54/><G132/><N who="0" m="50731" /><D119/><U115/><E124/><V130/><F130/><W6/><G105/><T67/><D129/><U42/><E133/><V123/><F75/><W23/><G13/><T131/><D131/><U117/><E117/><V8/><F38/><W47/><G41/><T28/><D37/><U79/><E31/><V24/><F104/><W1/><G1/><T16/><D28/><U50/><E32/><V127/><F123/><W5/><G54/><N who="2" m="20489" /><F95/><W80/><REACH who="3" step="1"/><G5/><REACH who="3" ten="215,504,217,54" step="2"/><T26/><D12/><U22/><E113/><V63/><F127/><W84/><G84/><T18/><D9/><U51/><E115/><V48/><F8/><W103/><G103/><T85/><D11/><U106/><E106/><V56/><F4/><W107/><G107/><T74/><D85/><U25/><E87/><N who="2" m="52543" /><F48/><W10/><G10/><T40/><D74/><U82/><E50/><V69/><F101/><W125/><G125/><T122/><D122/><U72/><E51/><V99/><F102/><W98/><G98/><T0/><D96/><U88/><E49/><V83/><F99/><W112/><G112/><T65/><D0/><U33/><E72/><V15/><F15/><W59/><G59/><N who="0" m="37055" /><D40/><U20/><E71/><V45/><F69/><W62/><G62/><N who="0" m="38359" /><D26/><U57/><E25/><V46/><F46/><W52/><G52/><T3/><D3/><U34/><E42/><V110/><F110/><RYUUKYOKU ba="2,1" sc="215,15,504,-15,217,-15,54,15" hai0="16,18,76,77" hai3="6,7,23,27,36,43,47,60,66,68,80,86,90" /><INIT seed="7,3,1,5,0,107" ten="230,489,202,69" oya="3" hai0="126,51,62,70,85,71,67,44,83,14,72,42,66" hai1="41,59,1,54,125,111,112,118,16,8,60,130,81" hai2="7,73,39,2,43,88,38,110,96,109,32,35,89" hai3="134,6,18,86,57,68,104,99,132,56,119,31,4"/><W93/><G119/><T106/><D106/><U11/><E111/><V100/><F88/><N who="3" m="53399" /><G68/><T25/><D126/><U122/><E122/><V105/><F89/><W48/><G31/><T28/><D72/><U52/><E125/><V108/><F73/><W128/><G128/><T92/><D92/><U33/><E33/><N who="2" m="12875" /><F43/><W3/><G3/><T61/><D14/><U55/><E112/><V135/><F135/><N who="3" m="51755" /><G18/><T131/><D131/><U5/><E130/><V34/><F34/><W64/><G48/><T30/><D25/><U80/><E118/><V69/><F69/><W58/><G64/><T74/><D74/><U53/><E41/><V77/><F77/><AGARI ba="3,1" hai="28,30,42,44,51,61,62,66,67,70,71,77,83,85" machi="77" ten="30,2000,0" yaku="7,1,9,1" doraHai="107" who="0" fromWho="2" sc="230,39,489,0,202,-29,69,0" owari="269,7.0,489,59.0,173,-23.0,69,-43.0" /></mjloggm>