<mjloggm ver="2.3"><GO type="169" lobby="0"/><UN n0="%E6%9D%BE%E6%9C%AC%E5%81%A5%E7%94%B7" n1="%33%30%63%6D%33%30%63%6D" n2="%E7%A9%BA%E6%B0%97%E3%82%B1%E3%83%BC%E3%82%AD" n3="%E9%BD%8B%E8%97%A4%E9%A3%9B%E9%B3%A5%E4%B8%B6" dan="16,16,16,16" rate="2160.12,2144.84,2146.94,2096.52" sx="M,M,M,F"/><TAIKYOKU oya="0"/><INIT seed="0,0,0,2,5,78" ten="250,250,250,250" oya="0" hai0="23,117,45,28,85,103,111,90,15,91,44,38,108" hai1="71,43,115,24,76,33,116,7,118,32,104,53,10" hai2="107,59,113,124,130,134,1,135,133,2,110,119,112" hai3="70,120,88,20,36,96,126,99,42,64,4,121,49"/><T128/><D117/><U31/><E33/><V17/><F59/><W56/><G36/><T106/><D128/><U13/><E71/><V97/><F97/><W37/><G126/><T82/><D103/><U0/><E104/><V80/><F107/><W125/><G125/><T89/><D106/><U54/><E115/><V46/><F124/><W50/><G4/><T94/><D38/><U26/><E26/><V75/><F46/><W8/><G8/><T79/><D94/><U67/><E67/><V57/><F57/><W102/><G70/><T74/><D74/><U105/><E105/><V30/><F30/><W66/><G37/><T81/><D81/><U93/><E43/><V100/><F100/><W55/><G102/><T5/><D5/><U65/><E65/><V92/><F92/><N who="3" m="56327" /><G20/><T39/><D39/><U3/><E93/><V73/><F17/><W77/><G99/><T60/><D60/><U16/><E76/><N who="2" m="44047" /><F75/><W21/><G77/><T131/><D131/><U132/><E0/><N who="2" m="107" /><F130/><W25/><G121/><T12/><D12/><U47/><E54/><V35/><F35/><W27/><G120/><T114/><D114/><N who="2" m="44138" /><F110/><N who="0" m="42026" /><D28/><U6/><E6/><V41/><F41/><W51/><G42/><T127/><D127/><U34/><E116/><AGARI ba="0,0" hai="116,119,133,134,135" m="44138,107,44047" machi="116" ten="40,5200,0" yaku="20,1,23,1,52,1" doraHai="78" who="2" fromWho="1" sc="250,0,250,-52,250,52,250,0" /><INIT seed="1,0,0,1,1,42" ten="250,198,302,250" oya="1" hai0="23,14,80,11,63,44,116,45,9,29,59,16,101" hai1="34,98,119,127,83,22,1,91,100,20,43,103,109" hai2="118,110,30,48,6,99,120,95,54,24,69,26,75" hai3="57,21,106,130,38,132,85,121,65,72,35,123,87"/><U5/><E119/><V86/><F110/><W122/><G35/><T58/><D116/><U33/><E109/><V134/><F118/><W61/><G72/><T66/><D101/><U40/><E83/><V62/><F75/><W13/><G130/><T41/><D29/><U79/><E91/><V74/><F74/><W28/><G106/><T8/><D80/><U64/><E64/><V89/><F134/><W84/><G132/><T3/><D3/><U37/><E37/><V68/><F120/><W12/><G38/><T93/><D93/><U2/><E5/><V131/><F131/><W77/><G77/><T90/><D90/><U17/><E17/><V71/><F6/><W67/><G67/><T104/><D104/><U102/><E102/><V53/><F62/><W4/><G4/><T112/><D112/><U18/><E18/><V70/><F54/><W133/><G133/><T135/><D135/><U50/><E50/><V0/><F0/><W60/><G60/><N who="0" m="38167" /><D41/><U117/><E117/><V94/><F30/><W51/><G51/><T73/><D73/><U19/><E19/><V25/><N who="2" m="17408" /><DORA hai="76" /><V124/><F124/><W108/><G108/><T49/><D49/><U88/><E88/><V10/><F10/><W111/><G111/><T27/><D14/><U78/><REACH who="1" step="1"/><E98/><REACH who="1" ten="250,188,302,250" step="2"/><V113/><F113/><W115/><G115/><T15/><D15/><U105/><E105/><V125/><F99/><W56/><G12/><T32/><D32/><U129/><E129/><V36/><F36/><W7/><G13/><T96/><D96/><U128/><E128/><V107/><F107/><RYUUKYOKU ba="0,1" sc="250,15,188,15,302,-15,250,-15" hai0="8,9,11,16,23,27,44,45,59,63" hai1="1,2,20,22,33,34,40,43,78,79,100,103,127" /><INIT seed="1,1,1,2,2,30" ten="265,203,287,235" oya="1" hai0="45,56,20,108,130,92,19,50,17,59,135,82,79" hai1="39,105,54,93,122,78,129,84,81,4,115,121,33" hai2="74,62,64,133,70,101,117,90,29,2,116,77,0" hai3="14,107,60,31,75,97,3,131,13,110,102,91,53"/><U6/><E115/><V23/><F133/><W26/><G110/><T11/><D108/><U57/><E105/><V119/><F101/><W42/><G3/><T67/><D135/><U55/><E39/><V18/><F29/><W89/><G75/><T49/><D130/><U94/><E129/><V46/><F90/><W86/><G42/><T15/><D92/><U12/><E33/><V118/><N who="2" m="29696" /><DORA hai="111" /><V66/><F66/><W87/><G89/><T98/><D98/><U128/><E128/><V43/><F77/><W32/><G87/><T109/><D109/><U125/><E125/><V58/><F70/><W8/><G8/><T80/><D50/><U103/><E55/><V35/><F35/><W68/><G131/><T48/><D48/><U134/><E134/><V106/><F74/><W100/><G100/><T36/><D36/><U9/><E4/><V113/><F106/><W76/><G76/><T83/><D79/><U88/><E93/><V71/><F71/><W95/><G53/><T104/><D104/><U41/><E41/><V22/><F113/><W65/><AGARI ba="1,1" hai="13,14,26,31,32,60,65,68,86,91,95,97,102,107" machi="65" ten="30,7900,0" yaku="0,1,25,2,52,1" doraHai="30,111" who="3" fromWho="3" sc="265,-21,203,-40,287,-21,235,92" /><INIT seed="2,0,0,1,4,20" ten="244,163,266,327" oya="2" hai0="110,31,55,17,95,8,63,45,52,26,11,1,35" hai1="47,68,40,51,132,102,36,12,103,58,18,82,117" hai2="59,76,46,71,125,44,22,135,131,53,48,28,105" hai3="120,60,83,115,23,118,88,66,113,133,114,65,123"/><V106/><F71/><W97/><G118/><T134/><D134/><U109/><E117/><V42/><F135/><W34/><G34/><T15/><D110/><U77/><E68/><V30/><F131/><W24/><G133/><T92/><D63/><U85/><E109/><V93/><F125/><W6/><G6/><T101/><D101/><U112/><E112/><V0/><F0/><W70/><G65/><T39/><D39/><U4/><E132/><V32/><F76/><W7/><G7/><T84/><D84/><U104/><E104/><V57/><F32/><W64/><G64/><T127/><D127/><U37/><E36/><V73/><F73/><W111/><G111/><T107/><D107/><U13/><E37/><V2/><F2/><W19/><G83/><T89/><D45/><U128/><E128/><V116/><F116/><W130/><G130/><T74/><D74/><U75/><E75/><V99/><F46/><W21/><G23/><T56/><D89/><U69/><E69/><V96/><F59/><W62/><G60/><T108/><D108/><U100/><E58/><V10/><F105/><W43/><G43/><T49/><D55/><U90/><E13/><V129/><F57/><W61/><G62/><T54/><REACH who="0" step="1"/><D54/><REACH who="0" ten="234,163,266,327" step="2"/><U86/><E86/><V122/><F53/><W25/><G120/><T16/><D16/><U5/><REACH who="1" step="1"/><E90/><REACH who="1" ten="234,153,266,327" step="2"/><V38/><F38/><W72/><G72/><T98/><D98/><N who="2" m="37418" /><F106/><W126/><G126/><T67/><D67/><U119/><E119/><V78/><F129/><W14/><G123/><T79/><D79/><U124/><E124/><RYUUKYOKU ba="0,2" sc="234,10,153,10,266,-30,327,10" hai0="1,8,11,15,17,26,31,35,49,52,56,92,95" hai1="4,5,12,18,40,47,51,77,82,85,100,102,103" hai3="14,19,21,24,25,61,66,70,88,97,113,114,115" /><INIT seed="3,1,2,5,4,102" ten="244,163,236,337" oya="3" hai0="25,16,85,108,8,51,71,132,14,73,112,47,17" hai1="133,113,45,50,42,84,35,109,59,125,53,37,89" hai2="46,134,57,3,55,118,44,120,76,81,38,79,78" hai3="119,75,80,88,23,97,49,98,36,21,13,77,83"/><W29/><G36/><T12/><D73/><U22/><E113/><V94/><F118/><W111/><G119/><T63/><D108/><U1/><E109/><V69/><F69/><W123/><G123/><T32/><D132/><U27/><E133/><V72/><F134/><W33/><G33/><T116/><D116/><U65/><E1/><V11/><F120/><W130/><G130/><T101/><D112/><U39/><E35/><V62/><F94/><W100/><G100/><T15/><D101/><U2/><E2/><V68/><F46/><W124/><G124/><T91/><D63/><U4/><E4/><N who="2" m="1439" /><F68/><W92/><G83/><T5/><D71/><U107/><E125/><V99/><F99/><W0/><G0/><T105/><D105/><U135/><E65/><V70/><F70/><W95/><G29/><T131/><D131/><U129/><E129/><V121/><F121/><W115/><G115/><T28/><D14/><U128/><E128/><V103/><F103/><W127/><G127/><T86/><D15/><U6/><E6/><V18/><F18/><W74/><G13/><T48/><D86/><U66/><E66/><V30/><F30/><W106/><G111/><T114/><D114/><U87/><E135/><V126/><F126/><W9/><G75/><T41/><REACH who="0" step="1"/><D51/><REACH who="0" ten="234,163,236,337" step="2"/><N who="1" m="27063" /><E107/><V10/><F10/><W58/><G106/><T40/><D40/><AGARI ba="1,3" hai="38,40,44,55,57,62,72,76,78,79,81" m="1439" machi="40" ten="30,1000,0" yaku="25,1" doraHai="102" who="2" fromWho="0" sc="234,-13,163,0,236,43,337,0" /><INIT seed="4,0,0,5,4,119" ten="221,163,279,337" oya="0" hai0="104,85,100,125,107,26,92,1,19,127,35,48,59" hai1="29,39,126,102,112,131,78,10,118,84,120,87,109" hai2="24,91,72,94,129,73,23,83,108,98,101,74,130" hai3="61,80,20,106,82,52,69,41,67,36,75,28,49"/><T22/><D1/><U18/><E39/><V53/><F53/><W123/><G106/><T31/><D107/><U81/><E109/><V113/><F108/><W114/><G114/><T128/><D104/><U16/><E118/><V2/><F2/><W54/><G54/><T40/><D128/><N who="2" m="49258" /><F113/><W77/><G80/><T90/><D100/><U89/><E131/><V21/><F24/><W51/><G51/><T111/><D111/><U110/><E110/><V96/><F83/><W93/><G93/><AGARI ba="0,0" hai="21,23,72,73,74,91,93,94,96,98,101" m="49258" machi="93" ten="40,1300,0" yaku="19,1" doraHai="119" who="2" fromWho="3" sc="221,0,163,0,279,13,337,-13" /><INIT seed="5,0,0,0,5,16" ten="221,163,292,324" oya="1" hai0="48,104,8,24,52,0,78,25,107,13,95,19,72" hai1="80,18,22,131,34,100,112,125,82,1,26,47,59" hai2="116,4,20,113,99,91,84,55,67,7,118,127,92" hai3="68,130,6,103,27,126,105,66,124,56,63,108,53"/><U129/><E1/><V133/><F127/><N who="3" m="48683" /><G108/><T110/><D110/><U87/><E125/><V49/><F133/><W75/><G75/><T120/><D120/><U57/><E34/><V46/><F113/><W30/><G6/><T17/><D0/><U85/><E100/><V64/><F116/><W128/><G103/><T37/><D37/><U36/><E112/><V38/><F38/><W15/><G15/><T115/><D115/><U90/><E47/><V81/><F118/><W88/><G105/><T11/><D11/><U54/><E36/><V32/><F32/><N who="3" m="20575" /><G88/><T12/><D12/><U71/><E71/><V77/><F20/><W89/><G89/><T83/><D95/><U121/><E121/><V61/><REACH who="2" step="1"/><F67/><REACH who="2" ten="221,163,282,324" step="2"/><W40/><G40/><T41/><D41/><U93/><E54/><V31/><F31/><W3/><G3/><T10/><D10/><U23/><E129/><V106/><F106/><W98/><G128/><T86/><D107/><U114/><E131/><V33/><F33/><W69/><G66/><T74/><D104/><U101/><E114/><V45/><F45/><W79/><G130/><T122/><D122/><U73/><E23/><V51/><F51/><W35/><G35/><T44/><D25/><U135/><E135/><V119/><F119/><W58/><G63/><T14/><D24/><U132/><E132/><V117/><F117/><W123/><G123/><T9/><AGARI ba="0,1" hai="8,9,13,14,17,19,44,48,52,72,74,78,83,86" machi="9" ten="20,5200,0" yaku="0,1,7,1,9,1,54,1" doraHai="16" who="0" fromWho="0" sc="221,62,163,-26,282,-13,324,-13" /><INIT seed="6,0,0,4,3,36" ten="283,137,269,311" oya="2" hai0="20,58,78,112,124,133,72,67,130,30,102,98,54" hai1="56,132,129,106,18,113,115,95,128,24,66,61,105" hai2="93,82,52,92,120,74,38,17,73,48,75,83,43" hai3="44,99,127,9,89,121,42,135,125,119,68,11,101"/><V94/><F120/><W81/><G121/><T23/><D112/><N who="1" m="43083" /><E18/><V116/><F116/><W64/><G119/><T77/><D124/><N who="3" m="47689" /><G64/><T39/><D133/><U8/><E8/><V14/><F38/><N who="3" m="21591" /><G68/><T16/><D130/><N who="1" m="50283" /><E132/><V131/><F131/><W55/><G55/><T2/><D2/><U118/><E118/><V51/><F14/><W111/><G111/><T134/><D134/><U90/><E24/><V88/><F17/><W4/><G4/><T0/><D0/><U3/><E3/><V96/><F73/><W13/><G13/><T15/><D72/><U57/><E56/><N who="2" m="32775" /><F74/><W76/><G89/><T110/><D110/><U104/><E90/><V79/><F75/><N who="3" m="43167" /><G135/><T100/><D30/><U49/><E49/><V87/><F82/><W26/><G26/><T37/><D15/><U69/><E57/><V19/><F19/><W34/><G34/><T25/><D58/><U63/><E63/><V41/><F51/><W59/><G59/><T45/><D25/><U114/><N who="1" m="43091" /><U84/><DORA hai="85" /><E84/><V10/><F10/><W122/><G122/><T70/><D37/><U109/><E95/><AGARI ba="0,0" hai="41,43,79,83,87,88,92,93,94,95,96" m="32775" machi="95" ten="30,18000,2" yaku="8,1,52,3,54,2" doraHai="36,85" who="2" fromWho="1" sc="283,0,137,-180,269,180,311,0" /><AGARI ba="0,0" hai="9,11,95,99,101" m="43167,21591,47689" machi="95" ten="30,2000,0" yaku="18,1,52,1" doraHai="36,85" who="3" fromWho="1" sc="283,0,-43,-20,449,0,311,20" owari="283,-12.0,-63,-56.0,449,55.0,331,13.0" /></mjloggm>