<mjloggm ver="2.3"><GO type="169" lobby="0"/><UN n0="%E7%99%BD%E8%89%B2%E3%81%AE%E6%B0%B4" n1="%E3%81%BD%E3%82%93%E5%90%89" n2="%4B%6F%74%61%38%31%36" n3="%43%6F%6D%65%64%69%61%6E" dan="16,16,16,16" rate="2105.21,2102.19,2165.72,2108.10" sx="M,M,M,M"/><TAIKYOKU oya="0"/><INIT seed="0,0,0,4,3,71" ten="250,250,250,250" oya="0" hai0="67,82,81,128,51,121,86,10,125,129,9,48,36" hai1="72,74,89,132,92,56,106,99,124,19,14,57,15" hai2="91,76,64,31,97,118,83,69,33,21,13,73,17" hai3="110,65,44,43,126,30,113,87,5,25,78,105,62"/><T61/><D121/><U22/><E124/><V133/><F133/><W23/><G113/><T0/><D125/><U40/><E132/><V94/><F118/><W98/><G126/><T26/><D26/><U46/><E106/><V134/><F134/><W2/><G110/><T55/><D0/><U131/><E131/><N who="0" m="50249" /><D36/><U60/><E15/><V111/><F111/><W84/><G78/><N who="0" m="46391" /><D82/><U102/><E102/><V8/><F33/><W79/><G79/><T127/><D127/><U88/><E89/><V90/><F90/><W6/><G2/><T114/><D114/><U59/><REACH who="1" step="1"/><E60/><REACH who="1" ten="250,240,250,250" step="2"/><V20/><F91/><W104/><G105/><T109/><D109/><U27/><E27/><V135/><F13/><W70/><G104/><T47/><D48/><AGARI ba="0,1" hai="14,19,22,40,46,48,56,57,59,72,74,88,92,99" machi="48" ten="40,5200,0" yaku="1,1,54,1,53,1" doraHai="71" doraHaiUra="37" who="1" fromWho="0" sc="250,-52,240,62,250,0,250,0" /><INIT seed="1,0,0,1,1,25" ten="198,302,250,250" oya="1" hai0="105,28,111,69,52,93,3,127,115,37,104,81,48" hai1="59,120,128,97,15,12,67,10,121,76,126,66,20" hai2="94,90,100,64,11,41,26,98,96,80,44,21,103" hai3="2,102,27,45,9,40,50,38,88,117,134,18,131"/><U125/><E76/><V62/><F11/><W110/><G110/><T89/><D115/><U123/><E128/><V13/><F13/><W1/><G131/><T82/><D37/><U32/><E32/><V0/><F0/><W58/><G102/><T86/><D3/><U56/><E20/><V118/><F118/><W4/><G117/><T85/><D69/><U129/><E129/><V83/><F90/><W29/><G134/><T54/><D111/><U113/><E113/><V92/><F44/><W72/><G72/><T65/><D65/><N who="1" m="24587" /><E97/><V101/><F41/><W77/><G77/><T33/><D127/><N who="1" m="48651" /><E10/><V34/><F34/><W135/><G135/><T79/><D93/><U114/><E114/><V91/><F91/><W47/><G88/><T7/><D7/><U24/><E24/><V132/><F132/><W107/><G4/><T14/><D14/><AGARI ba="0,0" hai="12,14,15,56,59,120,121,123" m="48651,24587" machi="14" ten="40,7700,0" yaku="28,2,18,1" doraHai="25" who="1" fromWho="0" sc="198,-77,302,77,250,0,250,0" /><INIT seed="1,1,0,0,3,96" ten="121,379,250,250" oya="1" hai0="1,52,117,45,75,3,85,47,121,63,115,100,103" hai1="64,22,12,66,48,43,99,29,76,32,5,106,38" hai2="9,114,8,49,28,108,39,74,33,16,88,20,78" hai3="80,44,25,134,104,102,13,53,81,36,91,73,130"/><U51/><E38/><V2/><F39/><W62/><G130/><T19/><D75/><U57/><E32/><V35/><F108/><W4/><G134/><T40/><D117/><U92/><E106/><V97/><F78/><W83/><G73/><T113/><D85/><U7/><E76/><V31/><F74/><W67/><G25/><T94/><D121/><U37/><E37/><V112/><F49/><N who="1" m="19017" /><E43/><V23/><F97/><W59/><G91/><T107/><D107/><U61/><E66/><V55/><F88/><W90/><G90/><T101/><D94/><U111/><E111/><V116/><F55/><W109/><G109/><T89/><D89/><N who="1" m="55695" /><E29/><V110/><F110/><W131/><G104/><T27/><D47/><U84/><E84/><V119/><F2/><W11/><G131/><T93/><D93/><U34/><E34/><V132/><F132/><W41/><G67/><T30/><D30/><U72/><E72/><V26/><F26/><W18/><G36/><T87/><D87/><U6/><E22/><V0/><F0/><N who="0" m="74" /><D45/><U15/><AGARI ba="1,0" hai="5,6,7,12,15,57,61,64" m="55695,19017" machi="15" ten="30,1500,0" yaku="8,1" doraHai="96" who="1" fromWho="1" sc="121,-6,379,18,250,-6,250,-6" /><INIT seed="1,2,0,4,1,108" ten="115,397,244,244" oya="1" hai0="101,17,87,78,133,89,19,9,82,21,42,53,96" hai1="72,44,49,114,100,10,79,127,5,90,32,51,130" hai2="134,38,129,40,76,45,110,124,99,85,16,92,113" hai3="105,60,106,69,22,57,47,120,4,80,34,59,126"/><U116/><E116/><V7/><F110/><W63/><G34/><T95/><D133/><U28/><E127/><V66/><F66/><W119/><G126/><T13/><D42/><U104/><E130/><V111/><F111/><W125/><G125/><T55/><REACH who="0" step="1"/><D101/><REACH who="0" ten="105,397,244,244" step="2"/><U20/><E100/><V0/><F134/><W91/><G119/><T33/><D33/><U56/><E32/><V18/><F124/><W27/><G120/><T112/><D112/><U29/><E114/><V23/><F113/><W26/><G106/><T107/><D107/><U25/><E104/><V128/><F128/><W93/><G105/><T98/><D98/><U70/><E70/><V68/><F68/><W65/><G69/><T31/><D31/><U73/><E29/><V11/><F99/><W94/><G94/><T3/><D3/><U84/><E79/><V97/><F76/><W37/><G93/><T62/><D62/><U103/><E103/><V121/><F121/><W2/><G2/><T8/><D8/><U6/><E10/><V123/><F123/><W109/><G109/><T132/><D132/><U14/><E28/><V24/><F129/><W81/><G63/><T131/><D131/><U86/><E90/><N who="2" m="53327" /><F97/><W15/><G60/><T41/><D41/><U83/><E83/><V36/><F40/><W71/><G81/><T117/><D117/><U52/><E20/><V39/><F23/><W43/><G80/><T61/><D61/><U67/><E67/><V64/><F64/><W135/><G65/><T12/><AGARI ba="2,1" hai="9,12,13,17,19,21,53,55,78,82,87,89,95,96" machi="12" ten="20,12000,2" yaku="1,1,0,1,7,1,8,1,53,2" doraHai="108" doraHaiUra="48" who="0" fromWho="0" sc="105,136,397,-62,244,-32,244,-32" /><INIT seed="2,0,0,5,3,94" ten="241,335,212,212" oya="2" hai0="47,12,99,65,4,116,24,80,127,10,73,48,32" hai1="15,105,91,122,3,134,9,57,110,69,13,107,129" hai2="46,66,118,98,70,100,78,45,31,95,22,117,62" hai3="38,51,1,8,102,77,92,25,18,111,87,49,114"/><V86/><F117/><W75/><G38/><T96/><D116/><U60/><E69/><V82/><F118/><W126/><G111/><T135/><D135/><U108/><E134/><V81/><REACH who="2" step="1"/><F82/><REACH who="2" ten="241,335,202,212" step="2"/><N who="3" m="47567" /><G114/><T106/><D80/><U20/><E110/><V125/><F125/><W52/><G126/><T2/><D127/><U35/><E108/><V5/><F5/><W120/><G120/><T101/><D4/><U76/><E122/><V16/><F16/><W128/><G18/><T0/><D0/><U55/><E3/><V83/><F83/><W27/><G1/><T121/><D2/><U23/><E129/><V44/><F44/><W97/><G128/><T34/><D47/><U74/><E35/><V123/><F123/><W59/><G75/><T19/><D34/><U41/><E74/><V40/><F40/><W14/><G51/><T17/><D73/><U43/><E41/><V39/><F39/><W84/><G84/><T11/><D121/><U115/><E43/><V30/><F30/><W61/><G49/><T103/><D48/><U124/><E115/><V64/><F64/><W42/><G42/><T93/><D65/><U28/><E124/><V90/><F90/><W37/><G37/><T21/><D32/><U67/><E91/><V53/><F53/><W79/><G79/><T72/><D72/><U85/><E67/><V119/><F119/><W29/><G29/><T54/><D54/><U88/><E76/><V56/><F56/><W7/><AGARI ba="0,1" hai="7,8,14,25,27,52,59,61,92,97,102" m="47567" machi="7" ten="30,4000,0" yaku="8,1,52,1,54,1" doraHai="94" who="3" fromWho="3" sc="241,-10,335,-10,202,-20,212,50" /><INIT seed="3,0,0,4,2,4" ten="231,325,182,262" oya="3" hai0="82,27,72,83,42,114,92,97,124,128,59,109,89" hai1="134,47,43,111,77,54,6,3,8,85,7,20,51" hai2="23,37,130,35,120,53,98,16,133,25,65,107,86" hai3="132,117,91,55,123,106,74,81,112,17,88,78,63"/><W36/><G117/><T80/><D114/><U34/><E34/><V84/><F130/><W57/><G123/><T116/><D116/><U30/><E111/><V58/><F37/><W87/><G112/><T93/><D128/><U15/><E134/><V100/><F133/><W46/><G132/><T76/><D109/><U68/><E68/><V121/><F65/><W61/><G106/><T5/><D124/><U2/><E54/><V115/><F115/><W125/><G125/><T11/><D27/><N who="1" m="16743" /><E7/><V1/><F1/><W60/><G36/><T75/><D75/><U73/><E73/><V29/><F120/><W70/><G46/><T40/><D59/><U52/><E52/><V56/><F56/><W9/><G70/><T31/><D31/><U103/><E103/><V12/><REACH who="2" step="1"/><F121/><REACH who="2" ten="231,325,172,262" step="2"/><W119/><G119/><T79/><D72/><U69/><E69/><V127/><F127/><W22/><G74/><T41/><REACH who="0" step="1"/><D92/><REACH who="0" ten="221,325,172,262" step="2"/><U19/><E47/><V104/><F104/><W96/><G57/><T13/><AGARI ba="0,2" hai="5,11,13,40,41,42,76,79,80,82,83,89,93,97" machi="13" ten="30,12000,2" yaku="1,1,2,1,0,1,8,1,52,1,53,1" doraHai="4" doraHaiUra="90" who="0" fromWho="0" sc="221,140,325,-30,172,-30,262,-60" /><INIT seed="4,0,0,1,5,104" ten="361,295,142,202" oya="0" hai0="47,128,130,6,56,67,4,79,10,90,65,19,57" hai1="30,74,111,127,92,82,129,132,21,106,48,5,100" hai2="11,45,25,39,110,27,116,94,43,99,91,62,135" hai3="98,34,103,102,24,23,17,46,93,2,81,14,109"/><T126/><D79/><U105/><E111/><V38/><F38/><W112/><G109/><T29/><D29/><U83/><E5/><N who="0" m="2153" /><D126/><U32/><E32/><V78/><F110/><W41/><G112/><T22/><D10/><U124/><E48/><V28/><F11/><W31/><G2/><T108/><D47/><U52/><E52/><V51/><F135/><W123/><G81/><N who="1" m="30730" /><E21/><V44/><F78/><W80/><G80/><T75/><D90/><U113/><E30/><V20/><F27/><W40/><G123/><T33/><D33/><U134/><E113/><V15/><F116/><W12/><G103/><T37/><D37/><U88/><E74/><V89/><F15/><W133/><G133/><N who="1" m="51306" /><E129/><N who="0" m="49769" /><D75/><U54/><E54/><V9/><F9/><W85/><G46/><T55/><D108/><U72/><E72/><V87/><F45/><W53/><G53/><T59/><D55/><U70/><E70/><V107/><F39/><W77/><G41/><T13/><AGARI ba="0,0" hai="13,19,22,56,57,59,65,67" m="49769,2153" machi="13" ten="40,2100,0" yaku="19,1" doraHai="104" who="0" fromWho="0" sc="361,21,295,-7,142,-7,202,-7" /><INIT seed="4,1,0,3,3,133" ten="382,288,135,195" oya="0" hai0="103,68,107,51,17,76,115,36,13,27,63,3,105" hai1="42,49,94,48,0,61,80,29,26,79,73,57,44" hai2="18,112,102,55,67,58,10,120,53,33,113,24,119" hai3="93,74,16,117,132,72,97,100,81,21,28,54,34"/><T41/><D3/><U69/><E0/><V64/><F120/><W23/><G117/><T45/><D115/><U87/><E69/><V108/><F108/><W20/><G132/><T122/><D122/><U6/><E6/><V4/><F102/><W78/><G74/><T125/><D125/><U43/><E73/><V127/><F55/><W118/><G118/><T131/><D131/><U110/><E110/><V111/><F111/><W86/><G34/><T9/><D76/><U99/><E26/><V83/><F83/><W12/><G28/><T123/><D123/><U104/><E29/><V8/><F8/><W38/><G38/><T47/><D27/><U135/><E104/><V66/><F33/><W106/><G54/><T88/><D103/><U90/><E135/><V40/><F40/><W129/><G129/><T32/><D32/><U114/><E114/><V50/><F119/><W128/><G128/><T62/><D62/><U85/><E99/><V77/><F77/><W84/><G84/><T96/><D63/><U124/><E124/><V19/><F113/><W37/><G37/><T14/><D14/><U35/><E35/><V109/><F109/><W7/><G7/><T39/><D68/><U95/><E95/><V130/><F130/><W101/><G101/><T46/><D105/><U75/><E75/><V22/><F127/><W25/><G25/><T30/><D30/><U91/><E79/><V5/><F112/><W116/><G116/><T11/><D107/><U15/><E15/><AGARI ba="1,0" hai="4,5,10,15,18,19,22,24,50,53,58,64,66,67" machi="15" ten="40,1300,0" yaku="8,1" doraHai="133" who="2" fromWho="1" sc="382,0,288,-16,135,16,195,0" /><INIT seed="5,0,0,3,0,61" ten="382,272,151,195" oya="1" hai0="57,58,66,24,72,6,37,85,15,74,102,5,33" hai1="35,40,20,47,13,131,95,36,98,99,73,100,16" hai2="122,21,60,70,112,132,124,39,126,127,87,133,63" hai3="45,134,107,53,84,106,130,86,52,117,9,10,97"/><U32/><E131/><V109/><F87/><W2/><G130/><T111/><D111/><U119/><E119/><V105/><F105/><W88/><G117/><T4/><D37/><U51/><E73/><V80/><F80/><W55/><G134/><N who="2" m="51817" /><F21/><W38/><G38/><T96/><D58/><U28/><E28/><V91/><F91/><W90/><G45/><T79/><D15/><U89/><REACH who="1" step="1"/><E36/><REACH who="1" ten="382,262,151,195" step="2"/><V101/><F39/><W62/><G107/><AGARI ba="0,1" hai="13,16,20,32,35,40,47,51,89,95,98,99,100,107" machi="107" ten="30,11600,0" yaku="1,1,2,1,7,1,54,1,53,0" doraHai="61" doraHaiUra="104" who="1" fromWho="3" sc="382,0,262,126,151,0,195,-116" /><INIT seed="5,1,0,4,0,93" ten="382,388,151,79" oya="1" hai0="111,66,10,59,38,20,15,43,12,60,114,41,84" hai1="62,124,121,11,112,75,103,128,134,88,5,118,63" hai2="127,17,64,133,48,14,0,16,96,22,105,120,99" hai3="47,92,97,82,70,90,49,87,79,80,113,55,100"/><U101/><E118/><V132/><F120/><W13/><G113/><T61/><D114/><U131/><E121/><V44/><F105/><W50/><G70/><T106/><D111/><U67/><E112/><V2/><F64/><W77/><G13/><T94/><D106/><U36/><E75/><V108/><F108/><W71/><G71/><T89/><D38/><U51/><E36/><V58/><F58/><W34/><G34/><T115/><D115/><U129/><E124/><V56/><F56/><W23/><G23/><T18/><REACH who="0" step="1"/><D60/><REACH who="0" ten="372,388,151,79" step="2"/><N who="1" m="23083" /><E134/><N who="2" m="51819" /><F127/><W3/><G3/><N who="2" m="1065" /><F17/><AGARI ba="1,1" hai="10,12,15,17,18,20,41,43,59,61,66,84,89,94" machi="17" ten="30,3900,0" yaku="1,1,7,1,8,1,53,0" doraHai="93" doraHaiUra="126" who="0" fromWho="2" sc="372,52,388,0,151,-42,79,0" /><INIT seed="6,0,0,0,4,129" ten="424,388,109,79" oya="2" hai0="43,26,86,29,126,116,105,48,130,11,76,63,87" hai1="34,73,55,68,1,35,33,123,83,38,80,41,36" hai2="6,69,100,95,62,134,0,127,131,59,65,117,32" hai3="125,64,22,98,28,18,54,17,44,10,53,124,96"/><V128/><F32/><W49/><G64/><T20/><D130/><N who="2" m="49706" /><F117/><W57/><G28/><T2/><D105/><U16/><E1/><V108/><F108/><W23/><G10/><T133/><D116/><U56/><E68/><V120/><F120/><W72/><G72/><T75/><D126/><U60/><E123/><V25/><F25/><W110/><G110/><T52/><D43/><U51/><E73/><V50/><F127/><W46/><G57/><T111/><D63/><U24/><E38/><V97/><F6/><W92/><G49/><T3/><D111/><U12/><E24/><V91/><F0/><W113/><REACH who="3" step="1"/><G92/><REACH who="3" ten="424,388,109,69" step="2"/><T42/><D48/><U66/><E36/><V99/><F50/><W4/><G4/><T30/><D11/><U115/><E115/><AGARI ba="0,1" hai="17,18,22,23,44,46,53,54,96,98,113,115,124,125" machi="115" ten="25,8000,1" yaku="1,1,22,2,53,2" doraHai="129" doraHaiUra="93" who="3" fromWho="1" sc="424,0,388,-80,109,0,69,90" /><INIT seed="7,0,0,0,4,53" ten="424,308,109,159" oya="3" hai0="119,72,129,128,11,38,35,56,79,93,117,111,63" hai1="26,95,51,10,68,75,110,118,81,67,25,88,27" hai2="98,43,22,87,50,16,28,126,40,60,6,104,131" hai3="58,127,120,24,47,114,32,39,62,7,116,86,97"/><W4/><G114/><T23/><D35/><U112/><E110/><V90/><F126/><W69/><G116/><T41/><D111/><U132/><E112/><V135/><F135/><W77/><G120/><T103/><D23/><U121/><E121/><V122/><F131/><N who="0" m="50250" /><D11/><U130/><E130/><V123/><F28/><W133/><G69/><T30/><D30/><U59/><E132/><V91/><F6/><W45/><G97/><N who="0" m="59823" /><D41/><U2/><E118/><V106/><F122/><W61/><G39/><T124/><D38/><U64/><E68/><V85/><F123/><W55/><G24/><T54/><D124/><U33/><E75/><V19/><F98/><W5/><G32/><T80/><AGARI ba="0,0" hai="54,56,63,72,79,80,117,119" m="59823,50250" machi="80" ten="30,2000,0" yaku="19,1,52,1" doraHai="53" who="0" fromWho="0" sc="424,20,308,-5,109,-5,159,-10" owari="444,55.0,303,10.0,104,-40.0,149,-25.0" /></mjloggm>