<mjloggm ver="2.3"><GO type="169" lobby="0"/><UN n0="%6D%61%74%6F%30%36%30%33" n1="%74%79%61%73%6F" n2="%E3%81%AA%E3%81%88%E3%81%A8%E3%82%8B" n3="%E3%81%A4%E3%81%B0%E3%81%AB%E3%82%83%E3%82%93%E2%98%85" dan="17,17,16,16" rate="2205.51,2189.74,2168.01,2079.33" sx="M,M,M,M"/><TAIKYOKU oya="0"/><INIT seed="0,0,0,5,4,40" ten="250,250,250,250" oya="0" hai0="28,77,82,116,42,91,88,115,127,7,21,117,60" hai1="51,74,110,119,79,12,18,75,0,98,86,49,56" hai2="22,11,68,108,16,107,38,50,62,106,37,19,83" hai3="122,123,130,2,93,95,87,102,113,39,61,23,30"/><T131/><D115/><U67/><E119/><V25/><F108/><W10/><G39/><T14/><D127/><U99/><E110/><V80/><F38/><W129/><G61/><T45/><D131/><N who="3" m="50185" /><G10/><T4/><D60/><U78/><E0/><V89/><F37/><W73/><G23/><T66/><D66/><U105/><E86/><V85/><F83/><W109/><G30/><T121/><D121/><N who="3" m="46089" /><G2/><T81/><D42/><U133/><E12/><V35/><F35/><W55/><G55/><T29/><D21/><U53/><E56/><V36/><F36/><W128/><N who="3" m="50193" /><W3/><DORA hai="59" /><G3/><T20/><D20/><U48/><E48/><V135/><F135/><W64/><G64/><T65/><D65/><U43/><E43/><V120/><F120/><W71/><G71/><T96/><D14/><U32/><E67/><V134/><F134/><W26/><G26/><T52/><D52/><U114/><E53/><V92/><F62/><W70/><G70/><T132/><D132/><U72/><E133/><V112/><F68/><W118/><G109/><T104/><D96/><U76/><E32/><V41/><F11/><W100/><G118/><T69/><D69/><U33/><E33/><V24/><F24/><W54/><G54/><T125/><D125/><U103/><E49/><V124/><F124/><W46/><G46/><T5/><D5/><U1/><E51/><V101/><F19/><W44/><G44/><T94/><D45/><U17/><E17/><V97/><F112/><W63/><G63/><T47/><D47/><U15/><E114/><V34/><F34/><RYUUKYOKU ba="0,0" sc="250,-10,250,-10,250,30,250,-10" hai2="16,22,25,41,50,80,85,89,92,97,101,106,107" /><INIT seed="1,1,0,5,3,112" ten="240,240,280,240" oya="1" hai0="123,106,19,1,47,134,124,30,126,94,57,108,10" hai1="119,81,80,79,61,33,127,51,76,42,8,52,20" hai2="7,91,89,25,69,31,99,12,6,32,29,36,110" hai3="26,11,59,86,135,90,38,64,120,22,39,72,17"/><U82/><E33/><V111/><F69/><W63/><G72/><T44/><D106/><U78/><E127/><V133/><F36/><W70/><G120/><T4/><D123/><U114/><E114/><V104/><F133/><W56/><G135/><T131/><D134/><U60/><E119/><V34/><F104/><W109/><G109/><N who="2" m="41481" /><F99/><W62/><G70/><T113/><D113/><U48/><E8/><N who="2" m="4119" /><F7/><W27/><G11/><T9/><D4/><U85/><E85/><V65/><F65/><W121/><G121/><T129/><D1/><U45/><REACH who="1" step="1"/><E20/><REACH who="1" ten="240,230,280,240" step="2"/><V18/><F32/><W67/><REACH who="3" step="1"/><G27/><REACH who="3" ten="240,230,280,230" step="2"/><T5/><D5/><U2/><E2/><V92/><F25/><W98/><G98/><T74/><D9/><U54/><E54/><V40/><F34/><W88/><G88/><T49/><D10/><U15/><E15/><V66/><F91/><W13/><G13/><T107/><D108/><U73/><E73/><V103/><F89/><W96/><G96/><T83/><D74/><U3/><E3/><V105/><F103/><W100/><G100/><T53/><D53/><U55/><E55/><V125/><F125/><W71/><G71/><T128/><D126/><U14/><E14/><V37/><F66/><W101/><G101/><T0/><D124/><U24/><E24/><V75/><F75/><W58/><G58/><AGARI ba="1,2" hai="42,45,48,51,52,58,60,61,76,78,79,80,81,82" machi="58" ten="40,7700,0" yaku="1,1,8,1,54,1,53,0" doraHai="112" doraHaiUra="102" who="1" fromWho="3" sc="240,0,230,100,280,0,230,-80" /><INIT seed="1,2,0,5,5,74" ten="240,330,280,150" oya="1" hai0="7,94,119,51,8,18,9,76,27,120,69,35,17" hai1="105,134,86,52,79,31,40,66,15,68,34,49,127" hai2="14,13,116,126,65,107,19,106,53,21,61,73,77" hai3="10,50,111,113,60,80,23,70,132,90,133,33,117"/><U2/><E2/><V16/><F116/><W12/><G33/><T45/><D69/><U41/><E105/><V98/><F126/><W87/><G113/><T88/><D119/><U75/><E75/><V64/><F98/><W92/><G117/><T110/><D110/><U5/><E127/><V101/><F53/><W83/><G111/><T85/><D120/><U72/><E72/><V82/><F101/><W104/><G104/><T71/><D71/><U11/><E134/><N who="3" m="51818" /><G23/><T38/><D38/><U102/><E102/><V3/><F3/><W44/><G60/><T47/><D47/><U93/><E34/><V123/><F123/><W97/><G70/><T124/><D35/><U36/><E31/><V89/><F89/><W57/><G57/><T59/><D59/><N who="1" m="33167" /><E68/><V112/><F112/><W118/><G97/><N who="0" m="57543" /><D124/><U122/><E122/><V62/><F61/><W135/><N who="3" m="51826" /><W108/><DORA hai="48" /><G108/><T99/><D99/><U29/><E29/><V46/><F46/><W128/><G128/><T96/><D96/><U100/><E100/><V129/><F129/><W4/><G118/><T24/><D45/><U109/><E109/><V130/><F130/><W1/><G1/><T6/><D27/><U28/><E28/><V131/><F131/><W54/><AGARI ba="2,0" hai="4,10,12,44,50,54,80,83,87,90,92" m="51826" machi="54" ten="40,2700,0" yaku="20,1,52,1" doraHai="74,48" who="3" fromWho="3" sc="240,-9,330,-15,280,-9,150,33" /><INIT seed="2,0,0,2,1,21" ten="231,315,271,183" oya="2" hai0="59,30,41,26,112,121,36,68,123,104,119,107,98" hai1="58,66,78,0,130,27,95,102,127,126,80,132,6" hai2="25,87,128,61,1,60,11,10,20,14,92,94,31" hai3="88,46,57,18,62,101,8,85,71,12,7,5,84"/><V44/><F128/><W117/><G117/><T76/><D59/><U77/><E130/><V75/><F75/><W15/><G71/><T72/><D112/><U35/><E102/><V16/><F1/><W134/><G134/><T37/><D68/><U45/><E95/><N who="2" m="36395" /><F87/><W111/><G111/><T135/><D135/><U40/><E132/><V50/><F11/><N who="3" m="4207" /><G84/><T131/><D131/><U13/><E0/><V22/><F10/><W53/><G46/><N who="0" m="23847" /><D37/><U96/><E127/><V108/><F108/><W55/><G101/><N who="0" m="62519" /><D107/><U99/><E99/><V38/><F38/><W52/><G18/><T133/><D119/><U28/><E96/><V23/><F22/><W89/><G89/><T118/><D118/><U2/><E126/><V93/><N who="2" m="36403" /><AGARI ba="0,0" hai="7,8,15,52,53,55,57,62,85,88,93" m="4207" machi="93" ten="30,7700,0" yaku="3,1,8,1,54,2" doraHai="21" who="3" fromWho="2" sc="231,0,315,0,271,-77,183,77" /><INIT seed="3,0,0,4,1,105" ten="231,315,194,260" oya="3" hai0="1,40,54,66,129,8,48,45,67,14,75,120,122" hai1="50,76,86,84,9,30,100,111,115,114,29,131,60" hai2="126,17,35,53,68,99,23,117,109,38,57,73,62" hai3="0,51,61,20,116,89,133,5,34,102,72,64,94"/><W3/><G116/><T112/><D129/><U88/><E111/><V97/><F117/><W110/><G34/><T130/><D130/><U56/><E131/><V19/><F109/><W43/><G110/><T27/><D1/><U81/><E100/><V124/><F35/><W32/><G32/><T104/><D104/><U93/><E50/><V108/><F108/><W123/><G123/><T78/><D112/><U11/><E115/><V12/><F38/><W44/><G133/><T49/><D27/><U16/><E114/><V82/><F68/><W7/><G72/><T69/><D69/><U42/><E42/><V41/><F41/><W47/><G47/><T46/><D122/><U15/><E9/><V22/><F97/><W13/><G102/><T87/><D75/><U118/><E118/><V74/><F99/><W135/><G135/><T134/><D134/><U18/><E18/><V121/><F121/><W132/><G132/><T77/><D120/><U31/><E30/><V25/><F82/><W113/><G7/><N who="0" m="3359" /><D87/><U128/><E128/><V10/><F10/><N who="3" m="4303" /><G20/><T71/><D71/><U55/><AGARI ba="0,0" hai="11,15,16,29,31,55,56,60,76,81,84,86,88,93" machi="55" ten="20,8000,1" yaku="0,1,7,1,8,1,54,2" doraHai="105" who="1" fromWho="1" sc="231,-20,315,80,194,-20,260,-40" /><INIT seed="4,0,0,0,5,69" ten="211,395,174,220" oya="0" hai0="81,12,66,95,134,133,25,83,108,22,37,104,121" hai1="58,84,8,112,46,100,127,5,79,31,71,123,125" hai2="88,38,55,48,64,114,36,72,4,52,96,87,62" hai3="56,43,15,82,74,119,124,26,120,94,3,16,68"/><T118/><D104/><U115/><E71/><V103/><F72/><W44/><G68/><T51/><D118/><U89/><E123/><V107/><F114/><N who="1" m="43561" /><E100/><V47/><F4/><W126/><G3/><T77/><D121/><U59/><E79/><V35/><F35/><W131/><G26/><T42/><D108/><U2/><E46/><V75/><F75/><W53/><G119/><T129/><D129/><U57/><E31/><V49/><F62/><W67/><G67/><T106/><D106/><U17/><E17/><V99/><F99/><W41/><G94/><AGARI ba="0,0" hai="2,5,8,57,58,59,84,89,94,125,127" m="43561" machi="94" ten="30,2000,0" yaku="15,1,11,1" doraHai="69" who="1" fromWho="3" sc="211,0,395,20,174,0,220,-20" /><INIT seed="5,0,0,3,1,67" ten="211,415,174,200" oya="1" hai0="36,23,77,47,38,51,25,115,57,96,28,45,44" hai1="93,43,34,66,74,6,90,53,14,32,55,107,99" hai2="18,40,46,73,19,94,48,39,111,126,59,106,41" hai3="58,84,49,65,42,11,104,37,127,64,29,82,12"/><U76/><E66/><V130/><F106/><W68/><G104/><T120/><D115/><U112/><E43/><V72/><F111/><W81/><G127/><T5/><D120/><U70/><E70/><V50/><F126/><W62/><G29/><T21/><D5/><U7/><E112/><V128/><F94/><W133/><G133/><T54/><D77/><U20/><E20/><V35/><F59/><W17/><G65/><T61/><D51/><U113/><E113/><V80/><F80/><W101/><G101/><T123/><D123/><U31/><E14/><V75/><F35/><W102/><G102/><T118/><D118/><U116/><E31/><V91/><F91/><W52/><G84/><T129/><D129/><U100/><E116/><V98/><F98/><W13/><G13/><T26/><REACH who="0" step="1"/><D96/><REACH who="0" ten="201,415,174,200" step="2"/><U109/><E6/><V27/><F39/><W83/><G37/><T121/><D121/><U78/><E7/><V2/><F2/><W4/><G42/><T92/><D92/><U79/><E79/><V0/><F0/><W1/><REACH who="3" step="1"/><G82/><REACH who="3" ten="201,415,174,190" step="2"/><T105/><D105/><U85/><E107/><V110/><F41/><W97/><G97/><T15/><D15/><U122/><E99/><V86/><F128/><W71/><G71/><T22/><D22/><AGARI ba="0,2" hai="1,4,11,12,17,22,49,52,58,62,64,68,81,83" machi="22" ten="30,8000,1" yaku="1,1,7,1,52,1,54,1,53,1" doraHai="67" doraHaiUra="3" who="3" fromWho="0" sc="201,-80,415,0,174,0,190,100" /><INIT seed="6,0,0,0,1,82" ten="121,415,174,290" oya="2" hai0="120,30,111,98,101,104,17,10,32,48,15,89,81" hai1="46,50,66,40,21,76,133,5,64,92,96,117,41" hai2="108,83,29,106,53,70,95,100,97,125,118,22,71" hai3="16,55,62,57,34,119,65,51,79,47,105,31,59"/><V73/><F118/><W27/><G119/><T86/><D120/><U88/><E133/><V135/><F135/><W26/><G105/><T77/><D111/><U13/><E76/><V3/><F3/><W102/><G102/><T112/><D112/><U85/><E117/><V121/><F121/><W39/><G79/><T38/><D38/><U122/><E122/><V9/><F108/><W69/><G27/><T126/><D126/><U123/><E123/><V7/><F125/><W107/><G107/><T72/><D48/><U93/><E40/><V130/><F130/><W74/><G74/><T1/><D1/><U63/><E63/><V18/><F29/><W115/><G115/><T114/><D114/><U109/><E109/><V35/><F35/><W19/><G59/><T110/><D110/><U99/><E99/><V12/><F73/><W44/><G44/><T67/><D67/><U80/><E80/><V20/><F20/><W132/><G132/><T94/><D30/><U134/><E134/><V129/><F83/><W58/><G58/><T28/><D28/><U25/><E25/><V75/><F75/><W23/><G34/><AGARI ba="0,0" hai="10,15,17,32,34,72,77,81,86,89,94,98,101,104" machi="34" ten="40,5200,0" yaku="24,2,52,1" doraHai="82" who="0" fromWho="3" sc="121,52,415,0,174,0,290,-52" /><INIT seed="7,0,0,3,4,109" ten="173,415,174,238" oya="3" hai0="117,45,0,52,96,29,80,26,106,78,74,20,47" hai1="50,94,84,16,36,39,9,54,112,69,87,63,35" hai2="21,53,103,6,95,104,90,61,97,107,85,93,37" hai3="133,99,110,14,38,60,89,55,91,111,64,129,118"/><W119/><G14/><T4/><D117/><N who="3" m="44553" /><G99/><T86/><D74/><U70/><E35/><V75/><F37/><W19/><G19/><T28/><D28/><U44/><E87/><V5/><F75/><W56/><G91/><T49/><D0/><U126/><E9/><V27/><F104/><W41/><G89/><T67/><D67/><U102/><E36/><V81/><F107/><W127/><G127/><T12/><D4/><U135/><E39/><V58/><F81/><W115/><G129/><T48/><D12/><U24/><E16/><AGARI ba="0,0" hai="5,6,16,21,27,53,58,61,85,90,93,95,97,103" machi="16" ten="30,3900,0" yaku="7,1,8,1,54,1" doraHai="109" who="2" fromWho="1" sc="173,0,415,-39,174,39,238,0" owari="173,-33.0,376,48.0,213,-19.0,238,4.0" /></mjloggm>