<mjloggm ver="2.3"><GO type="169" lobby="0"/><UN n0="%E3%82%81%E3%82%93%E3%81%9F%E3%82%93%6F" n1="%67%2D%65%6E%6B%69" n2="%E5%A4%95%E9%99%BD%E3%81%AE%E5%90%91%E3%81%93%E3%81%86" n3="%E5%AE%88%E6%9D%91%E6%A1%9C%E5%BC%A5" dan="16,17,16,16" rate="2158.58,2207.54,2074.99,2136.07" sx="F,M,M,M"/><TAIKYOKU oya="0"/><INIT seed="0,0,0,2,3,99" ten="250,250,250,250" oya="0" hai0="30,123,51,54,13,119,20,16,92,120,114,45,14" hai1="96,100,127,66,44,31,6,116,47,42,106,38,117" hai2="35,12,40,97,86,61,122,15,48,94,102,60,84" hai3="65,113,85,73,81,125,111,74,55,0,77,76,71"/><T22/><D119/><U79/><E127/><V25/><F122/><W43/><G113/><T33/><D114/><U1/><E79/><V133/><F133/><W128/><G55/><T80/><D33/><U98/><E31/><V24/><F35/><W135/><G43/><T37/><D37/><U108/><E108/><V89/><F84/><W36/><G65/><T95/><D80/><U93/><E66/><V11/><F12/><W56/><G56/><T107/><D107/><U104/><E104/><V110/><F110/><W91/><G71/><T62/><D62/><U18/><E18/><V28/><F28/><W118/><G0/><T9/><D22/><U46/><E6/><V27/><F48/><W72/><G36/><T90/><D95/><U109/><E1/><V5/><REACH who="2" step="1"/><F40/><REACH who="2" ten="250,250,240,250" step="2"/><W70/><G135/><T68/><D68/><U101/><E109/><V82/><AGARI ba="0,1" hai="5,11,15,24,25,27,60,61,82,86,89,94,97,102" machi="82" ten="30,12000,2" yaku="1,1,2,1,0,1,8,1,52,1,53,1" doraHai="99" doraHaiUra="2" who="2" fromWho="2" sc="250,-60,250,-30,240,130,250,-30" /><INIT seed="1,0,0,3,4,92" ten="190,220,370,220" oya="1" hai0="15,108,5,35,20,82,129,109,17,131,135,55,42" hai1="75,12,124,121,132,43,102,114,85,123,33,116,25" hai2="87,23,41,128,34,65,62,30,70,4,58,50,31" hai3="71,84,3,27,28,40,91,57,69,118,22,63,97"/><U81/><E114/><V73/><F73/><W89/><G3/><T39/><D42/><U51/><E116/><V18/><F128/><N who="0" m="49226" /><D39/><U38/><E38/><V119/><F4/><W112/><G112/><T111/><D55/><U110/><E75/><V96/><F119/><W101/><G40/><T106/><D82/><U83/><E83/><V56/><F34/><W86/><G86/><T113/><D106/><U46/><E124/><V52/><F41/><W10/><G10/><N who="0" m="4559" /><D113/><U77/><E132/><V130/><F130/><W2/><G2/><T1/><D1/><U103/><E110/><V0/><F0/><W80/><G91/><T59/><D59/><U134/><E134/><V133/><F87/><W19/><G118/><T53/><D53/><U67/><E67/><V74/><F74/><W88/><G89/><T72/><D72/><U76/><E76/><V68/><F133/><W8/><G71/><T64/><D64/><U99/><E103/><V36/><F36/><W32/><G69/><T100/><D100/><U122/><E122/><V44/><F70/><W9/><G57/><T47/><D135/><U78/><E78/><V105/><F68/><W66/><G63/><T115/><D115/><U48/><E48/><V60/><F58/><W26/><REACH who="3" step="1"/><G66/><REACH who="3" ten="190,220,370,210" step="2"/><T95/><D111/><U126/><E123/><V107/><F60/><W61/><G61/><T49/><D109/><U29/><E121/><V125/><F62/><W93/><AGARI ba="0,1" hai="8,9,19,22,26,27,28,32,80,84,88,93,97,101" machi="93" ten="20,8000,1" yaku="1,1,0,1,7,1,52,1,54,1,53,0" doraHai="92" doraHaiUra="54" who="3" fromWho="3" sc="190,-20,220,-40,370,-20,210,90" /><INIT seed="2,0,0,1,1,16" ten="170,180,350,300" oya="2" hai0="97,108,124,0,37,26,96,95,127,21,54,31,15" hai1="7,2,51,92,3,122,49,22,12,71,119,13,131" hai2="102,81,135,33,74,41,89,109,134,65,50,91,106" hai3="23,105,59,130,68,58,35,75,121,56,46,85,101"/><V61/><F33/><W94/><G121/><T77/><D37/><U8/><E131/><V42/><F109/><W133/><G68/><T103/><D0/><U98/><E71/><V11/><F11/><W52/><G75/><T19/><D77/><U90/><E119/><V107/><F74/><W115/><G35/><T86/><D108/><U40/><E122/><V62/><F81/><W5/><G130/><T69/><D69/><U72/><E72/><V129/><F50/><N who="3" m="28759" /><G105/><T55/><D86/><U64/><E64/><V84/><F65/><W120/><G5/><T36/><D36/><U48/><E3/><V117/><F91/><N who="3" m="53615" /><G133/><T78/><D78/><U60/><E60/><V104/><F102/><W110/><G110/><T126/><REACH who="0" step="1"/><D97/><REACH who="0" ten="160,180,350,300" step="2"/><U47/><E2/><V79/><F79/><W82/><G120/><T14/><D14/><U6/><E6/><V45/><F129/><W17/><G115/><T132/><D132/><U87/><E98/><V125/><F135/><W112/><G112/><T30/><D30/><U43/><E43/><V111/><F134/><W53/><G101/><T34/><AGARI ba="0,1" hai="15,19,21,26,31,34,54,55,95,96,103,124,126,127" machi="34" ten="30,7900,0" yaku="1,1,0,1,18,1,52,1,53,0" doraHai="16" doraHaiUra="70" who="0" fromWho="0" sc="160,89,180,-20,350,-39,300,-20" /><INIT seed="3,0,0,2,3,104" ten="249,160,311,280" oya="3" hai0="107,123,121,6,110,76,75,42,46,106,24,100,10" hai1="44,33,102,91,66,129,5,59,61,93,111,81,70" hai2="3,87,135,133,67,115,83,2,125,9,49,124,120" hai3="82,112,37,88,38,65,48,63,80,99,26,71,35"/><W122/><G122/><T45/><D24/><U27/><E111/><V134/><F67/><W25/><G112/><T40/><D110/><U20/><E129/><V90/><F115/><W34/><G48/><T132/><D132/><U113/><E113/><V62/><F62/><W30/><G80/><N who="0" m="45087" /><D45/><U114/><E114/><V130/><F49/><W57/><G57/><T131/><D42/><U52/><E33/><V12/><F120/><W55/><G55/><T85/><D85/><U98/><E5/><N who="2" m="3119" /><F130/><W0/><G0/><AGARI ba="0,0" hai="0,2,3,83,87,90,124,125,133,134,135" m="3119" machi="0" ten="40,1300,0" yaku="20,1" doraHai="104" who="2" fromWho="3" sc="249,0,160,0,311,13,280,-13" /><INIT seed="4,0,0,1,1,82" ten="249,160,324,267" oya="0" hai0="127,66,70,22,98,52,101,114,83,92,38,72,97" hai1="26,51,58,49,30,61,23,109,21,67,42,79,121" hai2="105,96,78,0,36,80,63,40,100,44,73,34,25" hai3="77,9,129,45,126,10,6,134,27,46,95,128,112"/><T131/><D114/><U113/><E109/><V108/><F108/><W2/><G112/><T123/><D123/><U11/><E113/><V99/><F99/><W81/><G134/><T53/><D131/><N who="3" m="50249" /><G126/><T69/><D38/><U60/><E121/><V116/><F63/><W18/><G95/><T110/><D110/><U8/><E23/><V115/><F115/><W133/><G133/><T135/><D135/><U17/><E30/><N who="2" m="19791" /><F116/><W57/><G57/><T39/><D39/><U29/><E61/><V84/><F84/><N who="3" m="48175" /><G27/><T68/><D127/><U119/><E119/><V24/><F24/><W111/><G111/><T32/><D32/><U56/><E56/><V122/><F122/><W85/><G85/><T106/><D66/><U124/><E124/><V14/><F14/><AGARI ba="0,0" hai="2,6,9,10,14,18,45,46" m="48175,50249" machi="14" ten="30,2000,0" yaku="19,1,52,1" doraHai="82" who="3" fromWho="2" sc="249,0,160,0,324,-20,267,20" /><INIT seed="5,0,0,2,4,70" ten="249,160,304,287" oya="1" hai0="122,25,102,117,9,59,91,74,114,99,98,89,10" hai1="11,55,4,45,22,66,0,128,43,106,65,69,18" hai2="121,63,68,8,12,64,116,31,30,48,21,104,96" hai3="62,92,72,53,2,40,60,49,6,110,77,39,123"/><U135/><E106/><V23/><F116/><W94/><G110/><T13/><D74/><U33/><E135/><V54/><F121/><W73/><G2/><T16/><D117/><U107/><E128/><V24/><F96/><N who="0" m="36906" /><D114/><U14/><E107/><V97/><F97/><W42/><G6/><T131/><D131/><U93/><E69/><V126/><F104/><W101/><G49/><T46/><D102/><U134/><E134/><V38/><F38/><W129/><G129/><T105/><D105/><U120/><E55/><V133/><F133/><W76/><G53/><T61/><D46/><U3/><E3/><V7/><F126/><W112/><G112/><T81/><D81/><U41/><E41/><V20/><REACH who="2" step="1"/><F31/><REACH who="2" ten="249,160,294,287" step="2"/><W83/><G39/><T44/><D122/><U85/><E120/><V132/><F132/><W37/><G37/><T118/><D118/><U82/><E93/><V57/><AGARI ba="0,1" hai="7,8,12,20,21,23,24,30,48,54,57,63,64,68" machi="57" ten="20,12000,2" yaku="1,1,0,1,7,1,53,3" doraHai="70" doraHaiUra="17" who="2" fromWho="2" sc="249,-30,160,-60,294,130,287,-30" /><INIT seed="6,0,0,1,1,48" ten="219,100,424,257" oya="2" hai0="45,102,126,15,55,81,128,94,127,122,23,131,0" hai1="89,105,41,53,88,51,68,97,111,100,6,33,37" hai2="5,71,80,86,4,91,124,108,65,109,11,79,99" hai3="96,19,18,135,107,12,72,85,125,118,28,83,115"/><V114/><F114/><W36/><G118/><T7/><D81/><U9/><E111/><N who="2" m="42571" /><F124/><N who="0" m="47658" /><D0/><U32/><E68/><V82/><F99/><W24/><G36/><T104/><D104/><U129/><E129/><N who="0" m="49737" /><D122/><U26/><E41/><V25/><F25/><W69/><G83/><T75/><D75/><U64/><E64/><V110/><F110/><W70/><G24/><T40/><D55/><U103/><E103/><V134/><F134/><W130/><G72/><T74/><D74/><U17/><E37/><V29/><F29/><W54/><G54/><T44/><D40/><U43/><E43/><V1/><F5/><W50/><G107/><T35/><D35/><U73/><E73/><N who="2" m="43119" /><F65/><W14/><G125/><T112/><D112/><U87/><E17/><V119/><F71/><W62/><G69/><T47/><D23/><U49/><E49/><V16/><F119/><W57/><G70/><T34/><D34/><U61/><E61/><V67/><F67/><W3/><G62/><T63/><D63/><U30/><E33/><V123/><F123/><W42/><G42/><T93/><D102/><U78/><E78/><V101/><F101/><W106/><G106/><T84/><D84/><U66/><E87/><V38/><F38/><W132/><G85/><T52/><D52/><U46/><REACH who="1" step="1"/><E66/><REACH who="1" ten="219,90,424,257" step="2"/><V120/><F120/><W77/><G130/><T22/><D7/><U13/><AGARI ba="0,1" hai="6,9,13,26,30,32,46,51,53,88,89,97,100,105" machi="13" ten="20,12000,2" yaku="1,1,2,1,0,1,7,1,52,1,54,1,53,0" doraHai="48" doraHaiUra="116" who="1" fromWho="1" sc="219,-30,90,130,424,-60,257,-30" /><INIT seed="7,0,0,2,3,93" ten="189,220,364,227" oya="3" hai0="131,97,124,70,38,27,20,102,4,9,65,132,99" hai1="28,3,36,41,129,58,47,51,54,23,60,37,82" hai2="66,5,95,78,133,33,103,25,0,17,108,86,53" hai3="100,135,115,68,113,119,98,109,10,14,127,107,81"/><W34/><G119/><T2/><D38/><U73/><E3/><V13/><F108/><W1/><G109/><T92/><D132/><U83/><E129/><V104/><F104/><W49/><G135/><T80/><D131/><U96/><E73/><V45/><F66/><W6/><G68/><T91/><D124/><U126/><E126/><V123/><F123/><W46/><G34/><T52/><D52/><U59/><E37/><V12/><F0/><W55/><G127/><T111/><D111/><U31/><E59/><V48/><F33/><W74/><G1/><T63/><D80/><N who="1" m="30763" /><E36/><V26/><F78/><W77/><AGARI ba="0,0" hai="6,10,14,46,49,55,74,77,81,98,100,107,113,115" machi="77" ten="30,3000,0" yaku="0,1,52,1" doraHai="93" who="3" fromWho="3" sc="189,-10,220,-10,364,-10,227,30" /><INIT seed="7,1,0,4,1,35" ten="179,210,354,257" oya="3" hai0="84,43,1,117,135,64,109,123,33,61,116,119,86" hai1="88,90,85,107,83,125,28,22,4,42,21,81,18" hai2="12,65,132,72,115,39,74,37,9,63,100,66,96" hai3="97,77,51,133,49,41,20,32,55,87,23,128,79"/><W48/><G32/><T46/><D109/><U50/><E107/><V11/><F115/><W15/><G128/><T93/><D123/><U124/><E4/><V130/><F132/><W103/><G41/><T70/><D135/><U52/><E42/><V36/><F130/><W121/><G121/><T73/><D73/><U112/><E28/><V134/><F134/><W69/><G69/><T92/><D33/><U120/><E120/><V108/><F108/><W111/><G111/><T6/><D84/><N who="1" m="50191" /><E18/><V78/><F78/><W53/><G87/><T2/><D6/><U16/><E16/><V122/><F122/><W127/><G127/><N who="1" m="48714" /><E112/><V5/><F9/><W29/><G23/><T57/><D70/><U118/><E118/><V131/><F131/><W62/><G20/><T25/><D25/><U19/><E19/><V105/><REACH who="2" step="1"/><F66/><REACH who="2" ten="179,210,344,257" step="2"/><W98/><G133/><T26/><D26/><U0/><E0/><V38/><F38/><W106/><G15/><T102/><D86/><U31/><E31/><V45/><F45/><AGARI ba="1,1" hai="21,22,45,50,52,83,85,90" m="48714,50191" machi="45" ten="30,3900,0" yaku="18,1,54,2" doraHai="35" who="1" fromWho="2" sc="179,0,210,52,344,-42,257,0" owari="179,-32.0,262,6.0,302,40.0,257,-14.0" /></mjloggm>