<mjloggm ver="2.3"><GO type="169" lobby="0"/><UN n0="%E7%B4%AB%E3%81%AE%E9%8F%A1" n1="%E7%84%A1%E7%82%BA%E8%87%AA%E7%84%B6" n2="%E6%98%8E%E6%97%A5%E3%81%AE%E3%82%86%E3%81%8F%E3%81%88" n3="%6B%75%72%6F%6E%6F%35%39" dan="18,16,17,16" rate="2280.90,2148.34,2221.70,2076.99" sx="M,M,M,M"/><TAIKYOKU oya="0"/><INIT seed="0,0,0,5,3,99" ten="250,250,250,250" oya="0" hai0="107,49,76,19,71,117,126,62,114,2,121,6,46" hai1="11,63,64,5,47,130,0,66,129,33,32,58,101" hai2="88,134,93,103,10,8,94,125,109,25,44,79,123" hai3="41,57,40,91,14,105,27,28,89,17,87,65,111"/><T50/><D114/><U54/><E64/><V60/><F123/><W13/><G111/><T113/><D113/><U132/><E132/><V34/><F134/><W15/><G105/><T112/><D112/><U135/><E135/><V85/><F109/><W82/><G89/><T21/><D117/><U127/><E127/><V133/><F125/><W73/><G73/><T81/><D121/><U100/><E47/><V9/><F133/><W68/><G68/><T131/><D131/><N who="1" m="50187" /><E66/><V61/><F34/><AGARI ba="0,0" hai="0,5,11,32,33,34,54,58,63,100,101" m="50187" machi="34" ten="30,3900,0" yaku="19,1,52,2" doraHai="99" who="1" fromWho="2" sc="250,0,250,39,250,-39,250,0" /><INIT seed="1,0,0,1,1,112" ten="250,289,211,250" oya="1" hai0="38,132,123,96,35,0,77,72,14,106,26,44,30" hai1="67,57,113,23,9,13,49,22,80,129,71,94,60" hai2="18,109,122,82,2,110,78,88,124,37,98,87,39" hai3="118,66,70,29,107,95,34,6,53,61,5,3,40"/><U84/><E113/><V75/><F2/><W55/><G107/><T93/><D132/><U91/><E129/><V12/><F122/><W27/><G40/><T102/><D123/><U41/><E71/><V114/><F124/><W52/><G3/><T21/><D14/><U45/><REACH who="1" step="1"/><E80/><REACH who="1" ten="250,279,211,250" step="2"/><V81/><F114/><W33/><G33/><T103/><D35/><U32/><E32/><V46/><F110/><W115/><G115/><T19/><D72/><U16/><AGARI ba="0,1" hai="9,13,16,22,23,41,45,49,57,60,67,84,91,94" machi="16" ten="20,12000,1" yaku="1,1,0,1,7,1,8,1,54,1,53,0" doraHai="112" doraHaiUra="65" who="1" fromWho="1" sc="250,-40,279,130,211,-40,250,-40" /><INIT seed="1,1,0,5,5,121" ten="210,409,171,210" oya="1" hai0="43,32,16,135,102,114,49,58,25,108,110,100,13" hai1="94,19,124,59,18,46,119,60,24,122,84,128,57" hai2="95,92,15,74,29,63,5,70,12,8,6,115,53" hai3="31,54,88,44,37,62,50,48,4,129,52,30,132"/><U23/><E122/><V69/><F115/><W76/><G132/><T123/><D114/><U0/><E119/><V130/><F74/><W17/><G129/><T35/><D123/><U86/><E0/><V111/><F130/><W120/><G120/><T61/><D135/><U64/><E124/><V81/><F29/><W113/><G113/><T106/><D43/><U38/><E38/><V85/><F70/><W109/><G76/><T79/><D49/><U133/><E46/><V42/><F42/><W3/><G37/><T39/><D39/><U45/><E45/><V75/><F75/><W73/><G73/><T112/><D79/><U66/><E128/><V7/><F111/><N who="0" m="42538" /><D112/><U56/><E133/><V22/><F69/><W125/><G125/><T65/><D106/><U83/><E94/><V1/><F1/><W96/><G62/><T47/><D47/><U105/><E105/><V21/><F95/><W126/><G126/><T104/><D104/><U51/><E83/><V134/><F92/><W91/><G109/><T40/><D40/><U78/><E78/><N who="2" m="46263" /><F134/><W131/><G131/><T116/><D116/><U80/><E80/><V27/><F27/><W67/><G44/><T93/><D93/><U33/><E51/><V87/><F87/><W41/><G41/><T10/><D25/><U9/><E24/><V55/><F63/><W28/><G28/><T2/><D2/><U89/><E60/><V101/><F12/><W117/><G117/><T14/><D13/><U36/><E36/><V34/><F15/><W11/><G3/><T127/><D127/><U90/><E86/><RYUUKYOKU ba="1,0" sc="210,30,409,-10,171,-10,210,-10" hai0="10,14,16,32,35,58,61,65,100,102" /><INIT seed="2,2,0,1,0,46" ten="240,399,161,200" oya="2" hai0="30,0,110,132,74,35,13,83,45,41,119,100,93" hai1="56,108,61,122,70,36,39,52,57,78,102,58,40" hai2="90,123,34,133,5,111,25,20,7,134,79,129,95" hai3="75,81,97,33,82,24,6,116,14,29,112,1,130"/><V2/><F123/><W109/><G109/><T69/><D0/><U117/><E102/><V63/><F111/><W32/><G116/><T92/><D69/><U64/><E78/><V89/><F34/><W51/><G130/><T104/><D110/><U73/><E73/><V3/><F79/><W118/><G118/><T65/><D65/><U68/><E108/><V19/><F63/><W18/><G112/><T4/><D119/><U43/><E117/><V87/><F129/><W16/><G75/><T128/><D128/><U121/><E68/><V98/><F2/><W66/><G66/><T107/><D132/><N who="2" m="50794" /><F3/><W106/><G33/><T9/><D104/><U124/><E124/><V48/><F48/><W22/><G18/><T94/><D107/><U120/><E52/><V37/><F37/><AGARI ba="2,0" hai="36,37,39,40,43,56,57,58,61,64,70,120,121,122" machi="37" ten="50,8000,1" yaku="13,1,34,3" doraHai="46" who="1" fromWho="2" sc="240,0,399,86,161,-86,200,0" /><INIT seed="3,0,0,0,0,43" ten="240,485,75,200" oya="3" hai0="8,62,89,117,25,0,3,93,81,67,83,109,130" hai1="46,2,7,70,103,22,60,82,14,5,12,106,49" hai2="32,26,123,71,119,97,104,38,98,99,77,120,80" hai3="54,107,105,6,88,52,20,101,18,36,116,51,110"/><W23/><G116/><T55/><D117/><U75/><E2/><V9/><F119/><W68/><G36/><T57/><D109/><U44/><E106/><V53/><F38/><W129/><G110/><T126/><D130/><U30/><E103/><V79/><F71/><W135/><G129/><T59/><D126/><U102/><E102/><V73/><F9/><W63/><G135/><T64/><D25/><N who="1" m="16695" /><E75/><V118/><F118/><W10/><G101/><T19/><D64/><U45/><E60/><V48/><F104/><W65/><G88/><T56/><D56/><U86/><E49/><V95/><F77/><W61/><G61/><N who="0" m="36031" /><D0/><U11/><E70/><V39/><F39/><W115/><G115/><T111/><D3/><U76/><E12/><V128/><F95/><W72/><G72/><T27/><D111/><U1/><E1/><V133/><F133/><W35/><G35/><T69/><D69/><U15/><E15/><V4/><F4/><AGARI ba="0,0" hai="4,5,7,11,14,44,45,46,76,82,86" m="16695" machi="4" ten="30,7700,0" yaku="8,1,52,3" doraHai="43" who="1" fromWho="2" sc="240,0,485,77,75,-77,200,0" owari="240,4.0,562,66.0,-2,-50.0,200,-20.0" /></mjloggm>