<mjloggm ver="2.3"><GO type="185" lobby="0"/><UN n0="%E9%BE%8D%E5%B9%B3" n1="%E5%B7%A5%E8%97%A4%E3%81%95%E3%82%93" n2="%E5%8B%95%E7%94%BB%E9%8C%B2%E7%94%BB%E4%B8%AD" n3="" dan="16,16,16,0" rate="2228.15,2243.01,2044.21,1500.00" sx="M,M,M,C"/><TAIKYOKU oya="0"/><INIT seed="0,0,0,0,1,114" ten="350,350,350,0" oya="0" hai0="64,130,49,48,127,118,106,128,42,76,1,59,133" hai1="45,111,67,75,83,120,50,90,123,72,108,69,54" hai2="125,46,71,78,43,84,110,121,44,74,70,104,94" hai3=""/><T117/><D106/><U68/><N who="1" m="30752" /><U97/><N who="1" m="31520" /><U36/><E36/><V103/><N who="2" m="31008" /><V100/><F110/><N who="1" m="42025" /><E67/><V116/><F125/><T95/><D1/><U34/><E34/><V0/><F0/><T55/><D127/><U89/><E97/><V131/><F71/><N who="1" m="27209" /><E83/><V134/><F70/><T33/><D33/><U60/><E60/><V88/><F94/><T109/><D109/><U113/><E113/><V35/><F35/><T101/><D64/><U39/><E39/><V37/><F37/><T65/><D65/><U81/><E81/><V115/><F115/><T61/><D76/><U57/><E45/><V82/><F46/><T105/><D61/><U66/><E66/><V53/><F44/><T92/><D42/><U119/><E119/><V96/><F116/><T77/><D117/><U41/><E41/><V93/><F82/><T63/><D118/><U56/><E57/><V51/><F43/><T47/><D63/><U122/><N who="1" m="31264" /><U73/><AGARI ba="0,0" hai="50,54,56,72,73,75,89,90" m="31264,27209,42025,31520,30752" machi="73" ten="40,6000,1" yaku="4,1,14,1,52,3" doraHai="114" who="1" fromWho="1" sc="350,-40,350,60,350,-20,0,0" /><INIT seed="1,0,0,3,0,59" ten="310,410,330,0" oya="1" hai0="32,125,65,0,118,67,75,112,54,90,97,68,101" hai1="117,40,84,73,74,129,88,57,58,46,37,103,39" hai2="102,52,82,95,92,106,128,38,51,116,111,108,1" hai3=""/><U105/><E117/><V107/><F1/><T34/><D0/><U94/><E39/><V115/><F116/><T96/><D112/><U50/><E129/><V123/><N who="2" m="31520" /><V126/><F38/><T70/><D75/><U64/><E57/><V98/><F128/><T81/><D118/><U132/><E132/><V49/><F126/><T41/><D41/><U76/><E76/><V55/><F82/><T78/><D125/><U124/><E124/><V91/><F115/><T45/><D90/><U69/><E69/><V119/><F119/><T61/><D97/><U99/><REACH who="1" step="1"/><E50/><REACH who="1" ten="310,400,330,0" step="2"/><V71/><F71/><T113/><D113/><U93/><E93/><V47/><F95/><T120/><N who="0" m="30752" /><T131/><D131/><U48/><E48/><V33/><F33/><T109/><D32/><U135/><E135/><V36/><F36/><T121/><N who="0" m="31008" /><T122/><N who="0" m="31264" /><T44/><D34/><U110/><E110/><N who="2" m="42027" /><F91/><T104/><D109/><U87/><E87/><V2/><F2/><T63/><D78/><U100/><E100/><V62/><F51/><T60/><D81/><U114/><E114/><V72/><F72/><T83/><D83/><U89/><E89/><V56/><AGARI ba="0,1" hai="47,49,52,55,56,62,92,98,102,106,107" m="42027,31520" machi="56" ten="30,5900,0" yaku="14,1,52,2,54,1" doraHai="59" who="2" fromWho="2" sc="310,-20,400,-39,330,69,0,0" /><INIT seed="2,0,0,0,5,129" ten="290,361,399,0" oya="2" hai0="63,133,95,84,38,90,73,132,107,67,92,46,100" hai1="68,33,105,76,3,34,102,98,47,111,117,56,32" hai2="71,121,127,58,54,69,86,75,60,40,126,87,115" hai3=""/><V108/><N who="2" m="31008" /><V91/><F115/><T37/><D73/><U104/><E3/><V74/><F87/><T66/><D107/><U77/><E111/><V53/><F108/><T57/><D66/><U106/><E68/><V2/><F2/><T1/><D1/><U96/><E117/><V97/><F97/><T101/><D95/><U125/><E125/><N who="2" m="47627" /><F40/><T93/><D92/><U112/><E112/><V99/><F99/><T124/><D124/><U55/><E47/><V128/><F128/><T0/><D0/><U42/><E42/><V88/><F91/><T83/><D83/><U70/><E106/><V80/><F53/><T44/><D44/><U78/><E105/><V123/><N who="2" m="31520" /><V110/><F110/><T85/><D85/><U51/><E98/><V103/><F103/><N who="0" m="39498" /><D46/><U135/><E34/><V114/><F114/><T39/><D84/><U81/><E33/><V118/><F118/><T41/><D41/><U82/><E32/><V120/><N who="2" m="30752" /><V35/><F35/><T36/><N who="0" m="9216" /><DORA hai="45" /><T131/><D131/><U64/><E104/><V116/><F116/><T134/><D93/><U62/><E102/><V94/><F94/><T50/><D90/><U79/><E82/><V59/><F59/><T122/><D122/><RYUUKYOKU ba="0,0" sc="290,10,361,-20,399,10,0,0" hai0="50,57,63,67,132,133,134" hai2="54,58,60,69,71,74,75,80,86,88" /><INIT seed="2,1,0,0,1,132" ten="300,341,409,0" oya="2" hai0="133,86,127,98,116,106,67,57,76,107,79,63,55" hai1="74,42,113,108,115,62,110,89,128,118,69,120,90" hai2="105,83,99,60,73,61,56,72,95,38,46,81,37" hai3=""/><V78/><F105/><T1/><D1/><U125/><N who="1" m="30752" /><U33/><E33/><V122/><N who="2" m="31264" /><V102/><F46/><T94/><D116/><U96/><E118/><V44/><F44/><T93/><D133/><U130/><E130/><V111/><BYE who="1" /><F111/><T70/><D127/><U75/><E75/><V134/><F134/><T124/><D124/><UN n1="%E5%B7%A5%E8%97%A4%E3%81%95%E3%82%93" /><U68/><E74/><V58/><F58/><T91/><D79/><U52/><E125/><V64/><F61/><T2/><D2/><U131/><E42/><V35/><REACH who="2" step="1"/><F35/><REACH who="2" ten="300,341,399,0" step="2"/><T85/><D106/><U121/><N who="1" m="31008" /><U104/><E62/><V117/><F117/><T34/><D34/><U48/><E104/><V41/><F41/><T71/><D107/><U103/><E110/><V32/><F32/><T66/><D71/><U59/><E108/><V54/><F54/><T129/><D70/><U50/><E68/><V97/><F97/><T43/><D43/><U87/><E96/><V49/><F49/><T53/><D53/><U36/><E50/><V100/><F100/><T101/><D129/><U47/><E131/><V51/><F51/><T84/><D76/><AGARI ba="1,1" hai="37,38,56,60,64,72,73,76,78,81,83,95,99,102" m="31264" machi="76" ten="40,7700,0" yaku="1,1,9,1,52,1,53,0" doraHai="132" doraHaiUra="112" who="2" fromWho="0" sc="300,-79,341,0,399,89,0,0" /><INIT seed="2,2,0,4,5,59" ten="221,341,488,0" oya="2" hai0="134,33,127,76,62,128,114,52,123,92,131,115,88" hai1="67,75,126,60,70,3,37,39,100,95,49,38,103" hai2="53,42,80,108,44,122,51,96,94,55,104,41,121" hai3=""/><V57/><N who="2" m="31008" /><V130/><N who="2" m="31264" /><V89/><F130/><N who="0" m="49706" /><D33/><U58/><E3/><V43/><F108/><T91/><N who="0" m="31520" /><T112/><D127/><U105/><E105/><V56/><F104/><T32/><D32/><U34/><E75/><V36/><REACH who="2" step="1"/><F80/><REACH who="2" ten="221,341,478,0" step="2"/><T99/><D134/><U118/><E34/><V68/><F68/><T81/><D52/><U116/><E70/><V110/><F110/><T109/><D109/><U77/><E126/><V135/><F135/><T124/><D124/><U0/><E0/><V47/><F47/><T54/><D54/><U35/><E35/><V106/><F106/><T74/><D62/><AGARI ba="2,1" hai="36,41,42,43,44,51,53,55,56,57,62,89,94,96" m="31264,31008" machi="62" ten="30,18000,2" yaku="1,1,7,1,52,3,53,2" doraHai="59" doraHaiUra="117" who="2" fromWho="0" sc="221,-184,341,0,478,194,0,0" /><INIT seed="2,3,0,4,2,68" ten="37,341,672,0" oya="2" hai0="113,59,72,48,126,119,64,58,129,133,33,124,32" hai1="130,56,34,44,92,76,43,121,100,1,125,74,131" hai2="46,67,106,114,79,127,69,89,81,94,104,39,51" hai3=""/><V47/><F114/><T109/><D72/><U60/><N who="1" m="31008" /><U116/><E34/><V115/><F115/><T62/><D119/><U132/><E1/><V101/><F127/><T88/><D113/><U41/><E125/><N who="0" m="48233" /><D109/><U66/><E116/><V75/><F101/><T118/><D118/><U49/><E132/><V112/><F112/><T37/><D133/><U123/><N who="1" m="31520" /><U96/><E76/><V80/><F80/><T35/><D129/><N who="1" m="49163" /><E74/><V63/><F39/><T87/><D37/><U122/><N who="1" m="31264" /><U128/><N who="1" m="49171" /><U84/><DORA hai="111" /><E84/><V95/><F95/><T38/><D38/><U120/><N who="1" m="30752" /><U98/><E98/><V117/><F117/><T61/><D48/><U0/><E0/><V71/><F71/><T110/><D110/><U70/><E70/><V99/><REACH who="2" step="1"/><F47/><REACH who="2" ten="37,341,662,0" step="2"/><T82/><D33/><U52/><AGARI ba="3,1" hai="41,43,44,49,52,56,60,66,92,96,100" m="30752,31264,49171,31520,31008" machi="52" ten="40,9000,2" yaku="19,1,52,4,54,1" doraHai="68,111" who="1" fromWho="1" sc="37,-33,341,106,662,-63,0,0" /><INIT seed="4,0,0,4,3,69" ten="4,447,599,0" oya="0" hai0="77,66,46,87,100,49,115,93,120,125,108,112,79" hai1="65,104,92,72,3,37,128,58,54,121,89,102,95" hai2="60,32,82,101,88,86,33,107,61,59,36,133,130" hai3=""/><T1/><N who="0" m="30752" /><T113/><D1/><U98/><N who="1" m="31008" /><U78/><E3/><V90/><F36/><T119/><D119/><U111/><E111/><V103/><BYE who="1" /><F133/><T75/><D108/><U68/><E68/><V131/><F107/><UN n1="%E5%B7%A5%E8%97%A4%E3%81%95%E3%82%93" /><T91/><D125/><U34/><E37/><V134/><F134/><T62/><D100/><N who="2" m="38474" /><F90/><T45/><D75/><U57/><E34/><V56/><F56/><T51/><D51/><U124/><E124/><V41/><F41/><T63/><D45/><U127/><E127/><V85/><F85/><T73/><D73/><U123/><N who="1" m="31520" /><U114/><E104/><V105/><F105/><T74/><D74/><U97/><E128/><N who="2" m="49195" /><F61/><N who="0" m="23050" /><D66/><AGARI ba="0,0" hai="32,33,59,60,66,82,86,88" m="49195,38474" machi="66" ten="30,2000,0" yaku="19,1,54,1" doraHai="69" who="2" fromWho="0" sc="4,-20,447,0,599,20,0,0" owari="-16,-62.0,447,5.0,619,57.0,0,0.0" /></mjloggm>