<mjloggm ver="2.3"><GO type="169" lobby="0"/><UN n0="%43%4C%53" n1="%E3%81%A1%E3%82%83%E3%82%93%E3%81%86%E3%82%81" n2="%68%61%72%6F%6F%6B%69%65" n3="%E3%81%AF%E3%83%BC%E3%81%B4%E3%82%87%E3%82%93" dan="20,16,17,16" rate="2202.70,2059.67,2199.35,2222.42" sx="M,M,M,F"/><TAIKYOKU oya="0"/><INIT seed="0,0,0,1,4,77" ten="250,250,250,250" oya="0" hai0="95,101,76,12,44,61,20,93,49,16,52,88,110" hai1="21,24,70,94,119,84,23,107,130,46,134,14,63" hai2="103,37,65,124,80,78,127,92,115,33,106,28,32" hai3="79,105,60,19,40,55,73,9,131,96,51,22,10"/><T122/><D122/><U81/><E119/><V11/><F115/><W129/><G40/><T35/><D35/><U30/><E107/><V38/><F106/><W99/><G60/><T104/><D110/><U6/><E134/><V45/><F65/><W39/><G39/><T135/><D135/><U34/><E130/><N who="3" m="49674" /><G79/><T116/><D116/><U126/><E126/><N who="2" m="48171" /><F11/><N who="3" m="4107" /><G73/><T121/><D121/><U64/><E94/><V133/><F133/><W57/><G105/><T87/><D104/><U7/><E46/><V109/><F109/><W13/><AGARI ba="0,0" hai="13,19,22,51,55,57,96,99" m="4107,49674" machi="13" ten="30,1100,0" yaku="19,1" doraHai="77" who="3" fromWho="3" sc="250,-5,250,-3,250,-3,250,11" /><INIT seed="1,0,0,4,3,112" ten="245,247,247,261" oya="1" hai0="31,124,58,101,77,133,40,62,95,22,125,38,134" hai1="15,122,54,42,7,108,98,64,66,85,126,13,61" hai2="44,16,94,78,25,75,0,43,103,56,113,90,93" hai3="35,106,30,128,34,8,89,36,28,19,21,41,46"/><U59/><E122/><V97/><F113/><W60/><G128/><T104/><D31/><U107/><E126/><N who="0" m="48745" /><D22/><U127/><E127/><V53/><F0/><W18/><G28/><T24/><D24/><U14/><E108/><V26/><F75/><W109/><G109/><T47/><D104/><U48/><E7/><V6/><F78/><W39/><G30/><T123/><D77/><U91/><E98/><V80/><F80/><W132/><G132/><N who="0" m="50795" /><D95/><N who="1" m="54767" /><E107/><V49/><F6/><W83/><G106/><T86/><D86/><U17/><E17/><V5/><F5/><W27/><G36/><T72/><D101/><U12/><E12/><V99/><REACH who="2" step="1"/><F16/><REACH who="2" ten="245,247,237,261" step="2"/><W82/><G18/><T2/><D2/><U79/><E79/><V9/><F9/><W3/><G8/><T129/><D72/><U116/><E116/><V10/><F10/><W68/><G3/><T119/><D123/><U67/><E42/><V105/><F105/><W110/><G110/><T114/><D114/><U73/><E73/><V96/><F96/><W20/><G19/><T32/><D32/><U29/><E29/><V4/><F4/><W76/><G34/><T74/><D74/><U135/><E135/><V51/><AGARI ba="0,1" hai="25,26,43,44,49,51,53,56,90,93,94,97,99,103" machi="51" ten="20,5200,0" yaku="1,1,0,1,7,1,8,1,53,0" doraHai="112" doraHaiUra="71" who="2" fromWho="2" sc="245,-13,247,-26,237,62,261,-13" /><INIT seed="2,0,0,2,2,10" ten="232,221,299,248" oya="2" hai0="33,5,12,17,87,23,40,49,112,84,124,83,57" hai1="7,25,123,71,69,135,115,20,86,3,56,30,81" hai2="26,96,37,93,45,106,107,67,8,28,53,34,52" hai3="117,131,48,63,95,74,58,108,134,42,18,105,75"/><V120/><F120/><W1/><G105/><T109/><D112/><U129/><E115/><V133/><F133/><W4/><G108/><T104/><D109/><U77/><E135/><V65/><F106/><W118/><G134/><T59/><D124/><U50/><E123/><V82/><F107/><W24/><G131/><T64/><D33/><U44/><E129/><V16/><F82/><W31/><G4/><T91/><D104/><U116/><E116/><V89/><F37/><W79/><G1/><T92/><D64/><U61/><E3/><V14/><REACH who="2" step="1"/><F52/><REACH who="2" ten="232,221,289,248" step="2"/><W55/><G55/><T90/><D40/><U126/><E126/><V114/><F114/><W119/><G42/><T21/><D49/><AGARI ba="0,1" hai="8,14,16,26,28,34,45,49,53,65,67,89,93,96" machi="49" ten="40,12000,1" yaku="1,1,52,1,54,1,53,1" doraHai="10" doraHaiUra="43" who="2" fromWho="0" sc="232,-120,221,0,289,130,248,0" /><INIT seed="2,1,0,3,4,66" ten="112,221,419,248" oya="2" hai0="74,75,96,60,91,43,46,3,18,109,65,68,17" hai1="33,125,28,30,80,9,121,118,134,12,129,104,119" hai2="25,4,41,35,16,126,20,67,90,70,13,7,45" hai3="112,120,5,131,38,105,89,99,24,37,27,44,55"/><V106/><F106/><W71/><G120/><T73/><D3/><U85/><E104/><V53/><F126/><W8/><G131/><T32/><D32/><U15/><E85/><V36/><F53/><W135/><G135/><T93/><REACH who="0" step="1"/><D109/><REACH who="0" ten="102,221,419,248" step="2"/><U50/><E33/><V94/><F35/><W111/><G111/><T61/><D61/><U0/><E0/><V103/><F25/><W110/><G110/><T108/><D108/><U39/><E121/><V81/><F13/><W77/><G24/><T116/><D116/><U102/><E15/><V34/><F34/><W88/><G27/><T115/><D115/><U26/><E119/><V123/><F123/><W64/><G112/><T59/><D59/><U95/><E118/><V113/><F113/><W31/><G44/><T72/><N who="0" m="18432" /><DORA hai="69" /><T29/><D29/><U107/><E30/><V58/><F58/><W14/><G31/><T1/><D1/><U101/><E12/><V87/><F4/><W117/><G117/><T92/><D92/><U128/><E95/><V100/><F7/><W97/><G5/><T49/><AGARI ba="1,1" hai="17,18,43,46,49,60,65,68,91,93,96" m="18432" machi="49" ten="60,7900,0" yaku="1,1,0,1,52,1,53,0" doraHai="66,69" doraHaiUra="22,19" who="0" fromWho="0" sc="102,92,221,-21,419,-40,248,-21" /><INIT seed="3,0,0,0,1,104" ten="194,200,379,227" oya="3" hai0="97,117,92,130,96,120,87,74,32,23,55,44,79" hai1="19,9,115,36,28,38,15,37,90,103,124,77,12" hai2="112,118,98,57,25,20,99,4,5,45,21,83,72" hai3="91,11,16,127,111,95,134,47,1,6,71,125,121"/><W93/><G121/><T88/><D32/><U75/><E115/><V108/><F112/><W80/><G71/><T29/><D120/><U41/><E124/><N who="3" m="47690" /><G134/><T82/><D117/><U131/><E131/><V81/><F118/><W61/><G61/><T13/><D130/><U132/><E132/><V109/><F57/><W123/><G123/><T0/><D0/><U89/><E41/><V85/><F85/><N who="3" m="50599" /><G111/><T31/><D13/><U110/><E110/><V59/><F59/><W24/><G47/><T113/><D113/><U70/><E70/><V2/><F45/><W64/><G64/><T51/><REACH who="0" step="1"/><D23/><AGARI ba="0,0" hai="1,6,11,16,23,24,93,95" m="50599,47690" machi="23" ten="30,2900,0" yaku="18,1,54,1" doraHai="104" who="3" fromWho="0" sc="194,-29,200,0,379,0,227,29" /><INIT seed="3,1,0,1,0,123" ten="165,200,379,256" oya="3" hai0="19,17,15,57,26,22,71,122,98,36,16,34,10" hai1="68,69,87,130,75,112,64,56,100,59,103,21,133" hai2="92,116,67,85,13,124,104,96,6,40,83,109,128" hai3="60,43,20,70,42,4,8,102,38,11,3,63,99"/><W118/><G118/><T41/><D71/><U0/><E75/><V52/><F116/><W80/><G11/><T44/><D122/><U77/><E0/><V93/><F67/><W50/><G38/><T35/><D98/><U78/><E21/><V7/><F40/><W28/><G80/><T32/><REACH who="0" step="1"/><D57/><REACH who="0" ten="155,200,379,256" step="2"/><U62/><E56/><V5/><F96/><W101/><G70/><T121/><D121/><U127/><E59/><V45/><F104/><W135/><G99/><T18/><AGARI ba="1,1" hai="10,15,16,17,18,19,22,26,32,34,35,36,41,44" machi="18" ten="40,5200,0" yaku="1,1,0,1,54,1,53,0" doraHai="123" doraHaiUra="25" who="0" fromWho="0" sc="155,65,200,-14,379,-14,256,-27" /><INIT seed="4,0,0,0,2,69" ten="220,186,365,229" oya="0" hai0="105,110,55,62,122,71,8,5,117,52,34,75,100" hai1="77,53,20,120,27,132,127,7,40,96,35,51,121" hai2="134,128,68,65,46,64,14,49,70,38,16,108,115" hai3="111,82,123,3,56,1,78,88,61,84,63,107,10"/><T67/><D117/><U25/><E132/><V30/><F30/><W124/><G111/><T19/><D122/><U86/><E127/><V95/><F95/><W72/><G123/><T41/><D75/><U21/><E40/><N who="2" m="22807" /><F14/><W89/><G124/><T33/><D110/><U81/><E35/><V17/><F16/><W130/><G130/><T26/><D41/><U133/><E133/><V22/><F17/><W109/><G63/><T42/><D42/><U28/><E96/><V99/><F22/><W18/><G107/><T43/><D43/><U73/><E73/><V97/><F99/><W2/><G109/><T113/><D113/><U11/><E11/><V79/><F79/><W92/><G89/><T118/><D118/><U83/><E83/><V32/><F97/><W90/><G90/><T9/><D9/><U129/><E7/><V74/><F32/><W6/><REACH who="3" step="1"/><G18/><REACH who="3" ten="220,186,365,219" step="2"/><T112/><D19/><U102/><E121/><V0/><F128/><W45/><G45/><T36/><D105/><U24/><E129/><V29/><F134/><W39/><G39/><T101/><D36/><U50/><E120/><V103/><F108/><W87/><G87/><T59/><D62/><U37/><E37/><V131/><F131/><W60/><G60/><T44/><D44/><N who="1" m="27847" /><E102/><V135/><F103/><W66/><AGARI ba="0,1" hai="1,2,3,6,10,56,61,66,72,78,82,84,88,92" machi="66" ten="20,8000,1" yaku="1,1,0,1,7,1,54,1,53,1" doraHai="69" doraHaiUra="85" who="3" fromWho="3" sc="220,-40,186,-20,365,-20,219,90" /><INIT seed="5,0,0,1,1,18" ten="180,166,345,309" oya="1" hai0="114,26,97,35,99,83,50,14,31,102,66,42,120" hai1="77,135,10,124,103,46,125,92,28,8,109,73,100" hai2="30,133,25,94,78,67,19,23,112,5,16,60,64" hai3="89,47,96,82,84,68,58,101,131,49,129,116,79"/><U104/><E104/><V2/><F133/><W88/><G68/><T128/><D114/><U21/><E135/><V81/><F2/><W65/><G116/><T132/><D132/><U86/><E109/><V134/><F134/><W91/><G58/><T118/><D118/><U62/><E73/><V24/><F5/><W126/><G65/><T45/><D128/><N who="3" m="49225" /><G47/><T17/><D120/><U98/><E103/><V15/><F112/><W56/><G56/><T11/><D102/><U105/><E46/><V39/><F39/><W29/><G29/><T121/><D121/><U44/><E44/><V75/><F94/><N who="3" m="54567" /><G49/><T12/><D83/><N who="1" m="47471" /><E105/><V72/><F72/><N who="3" m="43367" /><G126/><N who="1" m="48746" /><E62/><V117/><F117/><W22/><G22/><T119/><D119/><U70/><E70/><V36/><F36/><W27/><G27/><AGARI ba="0,0" hai="8,10,21,27,28,92,98,100" m="48746,47471" machi="27" ten="30,2900,0" yaku="18,1,52,1" doraHai="18" who="1" fromWho="3" sc="180,0,166,29,345,0,309,-29" /><INIT seed="5,1,0,2,2,112" ten="180,195,345,280" oya="1" hai0="122,73,87,134,109,57,66,25,115,120,1,84,123" hai1="135,114,100,58,44,110,36,38,76,80,91,95,0" hai2="72,54,60,82,31,107,65,97,83,71,43,69,17" hai3="102,9,51,24,55,105,5,14,4,75,127,7,40"/><U67/><E0/><V33/><F71/><W125/><G75/><T70/><D1/><U35/><E35/><V8/><F43/><W92/><G40/><T89/><D70/><U21/><E114/><V16/><F54/><W27/><G105/><T108/><D115/><U81/><E100/><N who="2" m="62863" /><F8/><W41/><G41/><T13/><D13/><U47/><E135/><V62/><F62/><W6/><G92/><T121/><N who="0" m="30720" /><DORA hai="32" /><T12/><D73/><U45/><E110/><V20/><F72/><W48/><G48/><T106/><D106/><U101/><E21/><V116/><F116/><W59/><REACH who="3" step="1"/><G102/><REACH who="3" ten="180,195,345,270" step="2"/><T85/><D109/><U61/><E101/><V118/><F82/><W78/><G78/><T29/><D108/><U104/><E104/><V19/><F83/><W132/><G132/><T11/><D134/><U94/><E94/><V52/><F118/><W90/><G90/><T99/><D89/><U3/><E76/><V28/><F52/><W130/><G130/><T15/><D99/><U18/><E81/><V74/><F74/><W129/><G129/><T103/><D103/><U77/><E77/><V23/><F28/><W86/><G86/><T98/><D98/><N who="1" m="57727" /><E80/><V126/><F126/><AGARI ba="1,1" hai="4,5,6,7,9,14,24,27,51,55,59,125,126,127" machi="126" ten="40,8000,1" yaku="1,1,18,1,53,3" doraHai="112,32" doraHaiUra="133,37" who="3" fromWho="2" sc="180,0,195,0,345,-83,270,93" /><INIT seed="6,0,0,4,0,41" ten="180,195,262,363" oya="2" hai0="108,26,115,107,72,32,46,43,62,23,99,67,89" hai1="16,113,100,133,97,44,3,71,61,76,70,102,129" hai2="118,80,73,13,34,64,125,88,127,77,84,87,6" hai3="119,27,10,21,14,120,74,94,29,116,17,37,92"/><V79/><F34/><W53/><G74/><T31/><D108/><U66/><E3/><V112/><F64/><W30/><G120/><T106/><D115/><U49/><E133/><V103/><F6/><W93/><G37/><T8/><D72/><U24/><E113/><V0/><F0/><W109/><G109/><T9/><D23/><U52/><E76/><N who="2" m="44047" /><F13/><W60/><G119/><T81/><D106/><U123/><E123/><V33/><F33/><W12/><G116/><T124/><D124/><N who="2" m="47690" /><F118/><W45/><G14/><T11/><D81/><U98/><E129/><V85/><F112/><W105/><G105/><T39/><D89/><U54/><E71/><V48/><F48/><N who="3" m="28815" /><G60/><T111/><D111/><U65/><E65/><V95/><F103/><N who="1" m="39465" /><E66/><V15/><F15/><W114/><G114/><T101/><REACH who="0" step="1"/><D8/><REACH who="0" ten="170,195,262,363" step="2"/><U83/><E70/><AGARI ba="0,1" hai="9,11,26,31,32,39,43,46,62,67,70,99,101,107" machi="70" ten="30,12000,2" yaku="1,1,2,1,7,1,25,2,52,1,53,1" doraHai="41" doraHaiUra="36" who="0" fromWho="1" sc="170,130,195,-120,262,0,363,0" /><INIT seed="7,0,0,3,0,65" ten="300,75,262,363" oya="3" hai0="123,44,0,30,81,124,7,72,119,92,75,57,37" hai1="89,68,83,31,58,79,52,26,27,51,118,98,14" hai2="69,41,109,112,94,17,120,47,5,73,50,93,70" hai3="129,11,8,131,102,95,42,101,85,48,53,56,106"/><W113/><G113/><T117/><D57/><U36/><E118/><V40/><F109/><W4/><G106/><T130/><D123/><U18/><E36/><V38/><F73/><W100/><G42/><N who="0" m="22607" /><D72/><U24/><E79/><V9/><F112/><W67/><G67/><T35/><D92/><U6/><E6/><V3/><F120/><W20/><G20/><T62/><D62/><U78/><E78/><V125/><F125/><W96/><G85/><T80/><D80/><U16/><E83/><V76/><F76/><W64/><G64/><T19/><D19/><U1/><E1/><V22/><F93/><W97/><G97/><T135/><D124/><U49/><E68/><V110/><F110/><W60/><G60/><T39/><D39/><U2/><E2/><V107/><F107/><W28/><G28/><T128/><D81/><U43/><E31/><V116/><F116/><W15/><REACH who="3" step="1"/><G8/><REACH who="3" ten="300,75,262,353" step="2"/><T29/><D30/><U127/><E127/><V74/><F74/><W90/><AGARI ba="0,1" hai="4,11,15,48,53,56,90,95,96,100,101,102,129,131" machi="90" ten="30,6000,0" yaku="1,1,2,1,0,1,53,0" doraHai="65" doraHaiUra="114" who="3" fromWho="3" sc="300,-20,75,-20,262,-20,353,70" owari="280,8.0,55,-44.0,242,-16.0,423,52.0" /></mjloggm>