<mjloggm ver="2.3"><GO type="169" lobby="0"/><UN n0="%E3%81%8F%E3%82%8D%E3%82%80%EF%BC%81" n1="%74%61%6E%61%4B%61" n2="%E3%81%9F%E3%81%84%E3%81%9B" n3="%E3%83%8A%E3%82%AB%E3%81%AB%E3%81%97" dan="17,17,17,17" rate="2220.35,2141.82,2193.31,2235.29" sx="F,M,F,M"/><TAIKYOKU oya="0"/><INIT seed="0,0,0,3,1,4" ten="250,250,250,250" oya="0" hai0="131,93,121,133,70,74,52,99,25,44,18,45,101" hai1="83,5,2,6,95,0,85,37,68,82,46,65,98" hai2="26,51,97,80,84,12,103,90,11,7,30,69,27" hai3="127,129,91,15,1,73,43,81,9,20,123,110,77"/><T40/><D121/><U88/><E68/><V55/><F69/><W128/><G110/><T42/><D131/><N who="3" m="50249" /><G127/><T38/><D133/><U41/><E65/><V125/><F125/><W63/><G123/><T124/><D124/><U16/><E82/><V39/><F39/><W118/><G118/><T48/><D74/><U89/><E0/><V94/><REACH who="2" step="1"/><F30/><REACH who="2" ten="250,250,240,250" step="2"/><W19/><G43/><T3/><D70/><U116/><E116/><V119/><F119/><W57/><G91/><T114/><D42/><U92/><E2/><V58/><AGARI ba="0,1" hai="7,11,12,26,27,51,55,58,80,84,90,94,97,103" machi="58" ten="20,12000,2" yaku="1,1,0,1,7,1,8,1,52,1,53,2" doraHai="4" doraHaiUra="23" who="2" fromWho="2" sc="250,-60,250,-30,240,130,250,-30" /><INIT seed="1,0,0,4,2,70" ten="190,220,370,220" oya="1" hai0="103,135,127,10,25,16,26,35,114,33,45,43,13" hai1="7,86,90,106,61,64,55,68,58,105,17,36,107" hai2="95,18,99,15,74,60,67,96,44,82,125,91,80" hai3="2,126,20,111,119,89,116,19,62,11,32,29,79"/><U76/><E7/><V81/><F125/><W131/><G111/><T57/><D114/><U85/><E76/><V101/><F44/><W133/><G126/><T77/><D127/><U28/><E28/><V52/><F74/><W0/><G79/><T23/><D135/><U115/><E115/><V118/><F118/><N who="3" m="45099" /><G89/><T8/><D103/><U108/><E108/><V38/><F38/><W37/><G37/><T69/><D69/><U49/><E90/><V46/><F67/><W27/><G62/><T123/><D123/><U4/><E4/><V75/><F75/><W9/><G133/><T94/><D57/><U112/><E112/><V78/><F78/><W97/><G97/><T40/><D94/><U54/><E36/><V71/><F71/><W42/><G42/><T66/><D66/><U83/><E83/><V98/><F101/><W121/><G131/><T113/><D113/><U88/><E88/><V63/><F63/><W109/><G121/><T5/><D77/><U87/><E54/><V124/><F124/><W132/><G132/><T53/><D53/><U6/><E6/><V73/><F73/><W92/><G92/><T39/><D43/><U130/><REACH who="1" step="1"/><E17/><REACH who="1" ten="190,210,370,220" step="2"/><V56/><F98/><W110/><G110/><T134/><D134/><U1/><E1/><N who="3" m="618" /><G109/><T65/><D65/><U24/><E24/><AGARI ba="0,1" hai="9,11,19,20,24,27,29,32" m="618,45099" machi="24" ten="30,3900,0" yaku="12,1,34,2" doraHai="70" who="3" fromWho="1" sc="190,0,210,-39,370,0,220,49" /><INIT seed="2,0,0,1,5,100" ten="190,171,370,269" oya="2" hai0="89,46,21,105,10,103,76,128,82,19,129,57,120" hai1="16,126,70,5,62,32,93,84,127,131,48,42,49" hai2="11,40,97,92,69,12,67,15,66,61,14,130,63" hai3="91,110,29,88,83,39,43,64,65,78,0,73,117"/><V123/><F123/><W107/><G117/><T101/><D120/><U56/><E32/><V25/><F130/><N who="0" m="50282" /><D89/><N who="1" m="53415" /><E131/><V109/><F109/><W124/><G110/><T26/><D57/><U9/><E70/><V47/><F25/><W17/><G124/><N who="1" m="47658" /><E42/><V22/><F22/><W96/><G29/><T4/><D46/><U30/><E30/><V119/><F119/><W118/><G0/><N who="0" m="263" /><D105/><U60/><E60/><V51/><F92/><W23/><G43/><T77/><D77/><U37/><E37/><V20/><F97/><W13/><G39/><T27/><D27/><U80/><E80/><V79/><F79/><W38/><G38/><T121/><D121/><U115/><E5/><V31/><F31/><W108/><G118/><T112/><D112/><U36/><E36/><V50/><F51/><W106/><G108/><T52/><D52/><N who="1" m="34055" /><E115/><V87/><F87/><AGARI ba="0,0" hai="19,21,26,76,82,87,101,103" m="263,50282" machi="87" ten="30,1000,0" yaku="19,1" doraHai="100" who="0" fromWho="2" sc="190,10,171,0,370,-10,269,0" /><INIT seed="3,0,0,4,4,76" ten="200,171,360,269" oya="3" hai0="75,12,118,47,45,115,7,3,113,9,65,119,46" hai1="104,103,74,98,80,92,133,71,36,84,90,28,87" hai2="0,54,88,52,2,105,134,17,116,10,82,39,110" hai3="95,78,29,32,123,23,56,22,77,127,83,53,91"/><W31/><G123/><T51/><D75/><U126/><E36/><V26/><F105/><W55/><G127/><T34/><D34/><U49/><E71/><V102/><F39/><W64/><G64/><T99/><D65/><U38/><E38/><V58/><F116/><W4/><G4/><T117/><D51/><U11/><E28/><V101/><F110/><W8/><G8/><T67/><D67/><U21/><E21/><N who="3" m="7690" /><G32/><T25/><D25/><U93/><E49/><N who="2" m="30991" /><F134/><W62/><G55/><T59/><D59/><U50/><E50/><V107/><F107/><W43/><G43/><T40/><D40/><U100/><E11/><V5/><F2/><W37/><G37/><T131/><D131/><U96/><E126/><V106/><F0/><W41/><G41/><T109/><D109/><U33/><E33/><V70/><F106/><W135/><G135/><T16/><REACH who="0" step="1"/><D99/><REACH who="0" ten="190,171,360,269" step="2"/><N who="1" m="61567" /><E133/><V108/><F108/><W24/><G24/><T129/><D129/><U66/><E66/><V73/><F26/><W63/><G63/><T81/><D81/><U89/><E74/><V125/><F73/><W57/><G83/><T30/><D30/><N who="3" m="11273" /><G57/><T68/><D68/><U122/><E122/><V27/><F70/><W111/><G111/><T128/><D128/><U112/><E112/><V85/><F125/><W72/><G72/><T120/><D120/><U6/><E6/><V18/><F27/><W14/><G14/><T130/><D130/><U124/><E124/><V20/><F54/><W19/><G19/><T121/><D121/><U13/><E13/><N who="2" m="7351" /><F5/><W97/><AGARI ba="0,1" hai="53,56,62,77,78,91,95,97" m="11273,7690" machi="97" ten="30,1500,0" yaku="8,1" doraHai="76" who="3" fromWho="3" sc="190,-5,171,-5,360,-5,269,25" /><INIT seed="3,1,0,4,3,9" ten="185,166,355,294" oya="3" hai0="99,0,16,126,90,89,69,34,105,93,4,62,13" hai1="17,5,7,118,57,52,68,31,133,19,96,72,58" hai2="66,131,102,67,41,46,3,1,81,121,74,55,98" hai3="47,83,129,77,92,60,40,48,106,122,73,36,43"/><W38/><G122/><T29/><D126/><U113/><E68/><V53/><F121/><W33/><G106/><T15/><D0/><U116/><E72/><V120/><F120/><W87/><G129/><T91/><D105/><U86/><E113/><V103/><F131/><W111/><G33/><T88/><D4/><N who="1" m="1611" /><E31/><V94/><F102/><W27/><G27/><T104/><D104/><U50/><E133/><V95/><F95/><W45/><G111/><T8/><D34/><U100/><E86/><V14/><F3/><W32/><G32/><T114/><D29/><U107/><E58/><V63/><F1/><W37/><G60/><T24/><D24/><U128/><E128/><V64/><F74/><W132/><G132/><T127/><D127/><U26/><E26/><V82/><F14/><N who="0" m="5130" /><D69/><U49/><E49/><N who="2" m="26831" /><F63/><W59/><G59/><T42/><D114/><U76/><E76/><V2/><F2/><W25/><G25/><T110/><D110/><U56/><E56/><V84/><F82/><W124/><G124/><T101/><D42/><U80/><E80/><V39/><F39/><W78/><G78/><AGARI ba="1,0" hai="53,55,64,66,67,78,81,84,94,98,103" m="26831" machi="78" ten="30,1000,0" yaku="8,1" doraHai="9" who="2" fromWho="3" sc="185,0,166,0,355,13,294,-13" /><INIT seed="4,0,0,4,4,56" ten="185,166,368,281" oya="0" hai0="67,14,124,17,90,0,97,129,85,42,82,95,68" hai1="65,122,121,116,102,76,109,70,48,37,11,22,38" hai2="9,13,78,79,126,118,128,29,10,5,120,50,34" hai3="32,12,81,127,15,93,132,113,3,101,19,51,134"/><T26/><D129/><U55/><E76/><V41/><F120/><N who="1" m="46185" /><E102/><V110/><F128/><W2/><G113/><T58/><D124/><U84/><E84/><V43/><F126/><W63/><G32/><T62/><D0/><U6/><E22/><V16/><F110/><W83/><G51/><T69/><D42/><U8/><E6/><V114/><F118/><W123/><G123/><T7/><D26/><U73/><E73/><V53/><F114/><W75/><G19/><T40/><D40/><U52/><E8/><V4/><F34/><W135/><G93/><T107/><D107/><U98/><E11/><V105/><F29/><W108/><G108/><T133/><D7/><U20/><E20/><V18/><F105/><W21/><G21/><T89/><REACH who="0" step="1"/><D133/><REACH who="0" ten="175,166,368,281" step="2"/><U72/><E109/><V61/><F41/><W131/><G127/><T27/><D27/><U45/><E116/><V35/><F43/><W71/><G131/><T117/><D117/><U86/><E37/><V24/><F24/><W25/><G25/><T47/><D47/><U91/><E38/><V28/><F35/><W112/><G112/><T60/><D60/><N who="1" m="40231" /><E45/><V119/><F119/><W99/><G3/><T87/><D87/><U46/><E86/><V23/><F28/><W111/><G2/><T77/><D77/><U64/><E72/><V92/><F78/><W130/><G111/><T39/><D39/><U104/><E104/><V54/><F79/><W96/><G130/><T125/><D125/><U57/><E46/><V59/><F5/><W31/><G75/><T100/><D100/><U88/><E91/><RYUUKYOKU ba="0,1" sc="175,30,166,-10,368,-10,281,-10" hai0="14,17,58,62,67,68,69,82,85,89,90,95,97" /><INIT seed="4,1,1,2,4,97" ten="205,156,358,271" oya="0" hai0="11,20,71,41,125,89,59,73,52,50,87,28,100" hai1="51,64,77,55,86,22,124,26,72,24,126,34,23" hai2="119,33,91,101,120,79,47,85,81,32,106,111,16" hai3="27,109,134,99,5,45,115,102,130,133,4,78,113"/><T14/><D73/><U96/><E72/><N who="2" m="43239" /><F111/><W74/><G109/><T58/><D125/><N who="1" m="48235" /><E64/><V70/><F47/><W62/><G45/><T88/><D71/><U30/><E24/><V103/><F120/><W67/><G27/><N who="0" m="16487" /><D41/><U13/><E13/><V43/><F43/><W60/><G130/><T40/><D40/><U65/><E65/><V44/><F44/><W83/><G5/><N who="0" m="3439" /><D87/><U116/><E96/><N who="2" m="61735" /><F70/><N who="3" m="42343" /><G4/><T107/><D107/><U112/><E116/><V7/><F7/><W114/><G62/><N who="0" m="36167" /><D100/><U29/><E29/><V90/><F16/><W46/><G46/><T18/><D18/><U66/><E34/><V38/><F38/><W80/><G80/><T105/><D105/><AGARI ba="1,1" hai="74,78,83,99,102,105,113,114,115,133,134" m="42343" machi="105" ten="30,3900,0" yaku="15,1,23,1,52,1" doraHai="97" who="3" fromWho="0" sc="205,-42,156,0,358,0,271,52" /><INIT seed="5,0,0,1,1,47" ten="163,156,358,323" oya="1" hai0="79,89,133,53,90,85,102,44,78,68,20,24,94" hai1="124,29,31,84,2,101,46,36,118,82,135,19,128" hai2="110,93,45,127,77,32,37,106,16,12,108,42,91" hai3="121,62,28,54,35,40,123,41,52,4,59,49,131"/><U69/><E118/><V11/><F106/><W75/><G75/><T129/><D129/><U117/><E117/><V21/><F32/><W63/><G4/><T81/><D68/><U105/><E69/><V95/><F127/><W7/><G7/><T34/><D102/><U0/><E128/><V111/><F77/><W92/><G28/><T96/><D34/><U104/><E135/><V10/><REACH who="2" step="1"/><F93/><REACH who="2" ten="163,156,348,323" step="2"/><W119/><G92/><T120/><D133/><U112/><E124/><V26/><F26/><W126/><G35/><T113/><D120/><U116/><E105/><V83/><F83/><W17/><G119/><T130/><D130/><U80/><E116/><V38/><F38/><W48/><G126/><T132/><D132/><U114/><E36/><V56/><F56/><W70/><G131/><T50/><REACH who="0" step="1"/><D113/><REACH who="0" ten="153,156,348,323" step="2"/><U13/><E112/><V9/><F9/><W33/><G33/><T115/><D115/><U99/><E114/><V18/><F18/><AGARI ba="0,2" hai="18,20,24,44,50,53,78,79,81,85,89,90,94,96" machi="18" ten="30,8000,1" yaku="1,1,7,1,8,1,52,1,53,1" doraHai="47" doraHaiUra="22" who="0" fromWho="2" sc="153,100,156,0,348,-80,323,0" /><INIT seed="6,0,0,0,0,108" ten="253,156,268,323" oya="2" hai0="6,80,68,43,21,29,110,124,50,55,47,49,2" hai1="23,79,20,105,36,129,13,25,94,19,15,61,72" hai2="62,97,48,66,126,89,10,87,35,125,3,28,16" hai3="44,109,135,133,76,11,27,116,56,59,60,119,128"/><V75/><F75/><W0/><G109/><T57/><D110/><U100/><E36/><V114/><F114/><W1/><G128/><T112/><D112/><U63/><E105/><V131/><F131/><W103/><G76/><T113/><D113/><U54/><E129/><V93/><F48/><W77/><G77/><T134/><D134/><N who="3" m="51209" /><G103/><T40/><D124/><N who="2" m="47722" /><F35/><W53/><G44/><T78/><D68/><U88/><E100/><V33/><F33/><W38/><G38/><T52/><D6/><U117/><E117/><V118/><F28/><W84/><G27/><N who="0" m="16623" /><D2/><N who="3" m="1129" /><G11/><T73/><D73/><U99/><E13/><N who="2" m="7223" /><F3/><W111/><G111/><T42/><D78/><U70/><E70/><N who="2" m="42327" /><F87/><W122/><G122/><T64/><D64/><U86/><E72/><V104/><F104/><W14/><G84/><T115/><D115/><U98/><E54/><V9/><F9/><W32/><G32/><T5/><D5/><U51/><E51/><V34/><F34/><W96/><G14/><T37/><D37/><U83/><REACH who="1" step="1"/><E99/><REACH who="1" ten="253,146,268,323" step="2"/><V22/><F118/><W106/><G96/><T8/><D55/><U31/><AGARI ba="0,1" hai="15,19,20,23,25,31,61,63,79,83,86,88,94,98" machi="31" ten="20,12000,2" yaku="1,1,2,1,0,1,7,1,8,1,54,1,53,1" doraHai="108" doraHaiUra="92" who="1" fromWho="1" sc="253,-30,146,130,268,-60,323,-30" /><INIT seed="7,0,0,0,5,135" ten="223,276,208,293" oya="3" hai0="93,86,101,15,69,102,24,125,53,32,84,117,30" hai1="65,111,57,83,70,62,96,61,116,104,29,79,40" hai2="90,27,109,97,35,82,13,110,85,118,19,126,12" hai3="122,132,128,52,121,119,18,26,11,81,23,71,127"/><W100/><G127/><T88/><D117/><U59/><E111/><V94/><F118/><W0/><G119/><T120/><D120/><U80/><E40/><V41/><F126/><W1/><G71/><T48/><D69/><U38/><E38/><V60/><F41/><W17/><G132/><T46/><D125/><U78/><E116/><V68/><F35/><W131/><G100/><T49/><D15/><U105/><E29/><V43/><F43/><W2/><G52/><T95/><REACH who="0" step="1"/><D48/><REACH who="0" ten="213,276,208,293" step="2"/><U64/><E70/><V133/><F133/><W130/><G81/><T89/><AGARI ba="0,1" hai="24,30,32,46,49,53,84,86,88,89,93,95,101,102" machi="89" ten="30,8000,1" yaku="1,1,2,1,0,1,9,1,54,1,53,0" doraHai="135" doraHaiUra="73" who="0" fromWho="0" sc="213,90,276,-20,208,-20,293,-40" owari="303,40.0,256,6.0,188,-31.0,253,-15.0" /></mjloggm>