<mjloggm ver="2.3"><GO type="169" lobby="0"/><UN n0="%E3%81%AE%E3%81%B3%E3%81%97%E3%82%8D%E2%99%82" n1="%E7%AD%89%E3%80%85%E5%8A%9B%E5%8A%87%E5%A0%B4" n2="%E3%81%A8%E3%81%B3%E3%81%BE%E3%81%93" n3="%45%72%77%69%6E%52%64" dan="16,17,17,17" rate="2113.47,2135.22,2192.42,2150.74" sx="M,M,M,M"/><TAIKYOKU oya="0"/><INIT seed="0,0,0,3,5,5" ten="250,250,250,250" oya="0" hai0="15,88,49,94,80,56,90,60,34,27,4,115,57" hai1="12,109,131,75,47,16,63,85,74,104,111,124,24" hai2="23,86,25,68,59,134,6,84,70,65,133,101,82" hai3="106,91,107,53,83,99,69,110,135,62,54,29,7"/><T120/><D115/><U37/><E104/><V58/><F101/><W96/><G29/><T28/><D120/><U50/><E37/><V128/><F128/><W8/><G110/><N who="1" m="41994" /><E124/><V9/><F68/><W20/><G20/><T3/><D3/><U38/><E38/><V79/><F70/><W64/><G135/><N who="2" m="51721" /><F65/><W78/><G53/><T41/><D80/><U26/><E63/><V129/><F84/><W102/><G54/><T39/><D39/><U40/><E131/><V10/><F6/><W30/><G30/><T19/><D4/><U117/><E117/><V105/><F105/><W61/><G61/><T118/><D118/><U32/><E85/><V22/><F22/><W130/><G130/><T42/><D90/><U11/><E32/><V13/><F13/><W14/><G91/><T51/><D51/><U113/><E113/><V0/><F0/><W100/><G83/><T2/><D2/><U92/><E92/><V44/><F44/><W121/><REACH who="3" step="1"/><G78/><REACH who="3" ten="250,250,250,240" step="2"/><T43/><D49/><U1/><E1/><V21/><F21/><W114/><G114/><T126/><D60/><U55/><E55/><V17/><F129/><W112/><G112/><T73/><D126/><U119/><E119/><V93/><F93/><W18/><G18/><T76/><D94/><U127/><E127/><V35/><F35/><W87/><G87/><T77/><D88/><U116/><E116/><V89/><F89/><W45/><G45/><T71/><D77/><U108/><E108/><V66/><F66/><W33/><G33/><T95/><D95/><U36/><E36/><V98/><F98/><RYUUKYOKU ba="0,1" sc="250,-30,250,10,250,10,240,10" hai1="11,12,16,24,26,40,47,50,74,75" hai2="9,10,17,23,25,58,59,79,82,86" hai3="7,8,14,62,64,69,96,99,100,102,106,107,121" /><INIT seed="1,1,1,2,4,120" ten="220,260,260,250" oya="1" hai0="3,64,50,21,29,97,91,53,15,4,86,65,34" hai1="48,39,20,25,115,46,87,111,32,127,18,59,93" hai2="124,40,44,6,71,74,56,35,31,28,33,96,16" hai3="98,75,41,9,49,90,84,128,24,105,2,58,51"/><U108/><E115/><V66/><F71/><W13/><G75/><T131/><D131/><U78/><E39/><V83/><F124/><W10/><G128/><T8/><D97/><U119/><E119/><V19/><F6/><W70/><G70/><T38/><D38/><U12/><E127/><V42/><F96/><W37/><G2/><T116/><D116/><U114/><E114/><V22/><F56/><W100/><G9/><T73/><D73/><U134/><E134/><V132/><F74/><W109/><G24/><T92/><D34/><U112/><E112/><V101/><F22/><W60/><G37/><T79/><D79/><U26/><E59/><V80/><F44/><W77/><G77/><T63/><D63/><U61/><E61/><V106/><F106/><W5/><G41/><T103/><D103/><U117/><E117/><V130/><F101/><W23/><G23/><T14/><D3/><U104/><E104/><V55/><F55/><W82/><G109/><N who="1" m="42058" /><E32/><V54/><F54/><AGARI ba="1,1" hai="5,10,13,49,51,54,58,60,82,84,90,98,100,105" machi="54" ten="30,1000,0" yaku="7,1" doraHai="120" who="3" fromWho="2" sc="220,0,260,0,260,-13,250,23" /><INIT seed="2,0,0,4,3,66" ten="220,260,247,273" oya="2" hai0="124,111,48,93,131,63,6,58,37,133,88,102,115" hai1="117,128,103,44,29,112,57,116,12,32,11,46,4" hai2="82,97,121,62,36,38,125,27,113,95,26,109,107" hai3="25,42,89,104,90,3,53,61,85,81,114,87,16"/><V79/><F107/><W77/><G3/><T31/><D111/><U78/><E112/><V84/><F113/><W1/><G1/><T123/><D133/><U94/><E128/><V100/><F121/><W35/><G104/><T126/><D123/><U80/><E32/><V14/><F109/><W75/><G42/><T106/><D115/><U122/><E29/><V74/><F125/><W70/><G35/><T20/><D37/><U23/><E122/><V73/><F14/><W135/><G135/><T96/><D131/><U8/><E23/><V101/><F62/><W76/><G114/><T86/><D48/><U132/><E132/><V34/><F34/><W33/><G75/><T60/><D6/><U19/><E57/><V127/><F127/><N who="0" m="48682" /><D58/><U40/><E46/><V134/><F134/><W105/><G105/><T52/><D52/><U10/><E4/><V54/><F54/><W5/><G5/><T43/><D43/><U45/><E45/><V24/><REACH who="2" step="1"/><F101/><REACH who="2" ten="220,260,237,273" step="2"/><W15/><G53/><T21/><D106/><U130/><E103/><V51/><F51/><W92/><G33/><T17/><D102/><U9/><E130/><V28/><F28/><W83/><G25/><N who="0" m="16807" /><D63/><U41/><E41/><V71/><F71/><W30/><G30/><T7/><D60/><U118/><E40/><V39/><AGARI ba="0,1" hai="24,26,27,36,38,39,73,74,79,82,84,95,97,100" machi="39" ten="40,3900,0" yaku="1,1,0,1,53,0" doraHai="66" doraHaiUra="13" who="2" fromWho="2" sc="220,-13,260,-13,237,49,273,-13" /><INIT seed="2,1,0,0,4,79" ten="207,247,286,260" oya="2" hai0="22,66,88,47,114,30,132,41,38,123,99,86,24" hai1="102,85,31,58,80,127,96,101,13,78,106,113,116" hai2="130,16,35,69,67,28,119,97,44,42,95,72,45" hai3="6,70,105,134,36,94,1,121,8,126,12,91,103"/><V49/><F130/><W81/><G121/><T128/><D132/><U124/><E113/><V59/><F119/><W50/><G36/><T87/><D128/><U89/><E116/><V133/><F133/><W122/><G122/><T74/><D74/><U15/><E102/><V7/><F7/><W29/><G70/><T43/><D114/><U84/><E31/><V92/><F72/><W104/><G134/><T64/><D123/><U62/><E127/><V129/><F129/><W135/><G135/><T55/><D86/><U54/><REACH who="1" step="1"/><E124/><REACH who="1" ten="207,237,286,260" step="2"/><V60/><F28/><W111/><G103/><T32/><D30/><U75/><E75/><V117/><F117/><W23/><G29/><T82/><D32/><U34/><E34/><V110/><F110/><W4/><G111/><T90/><D38/><U19/><E19/><V10/><F35/><W25/><G126/><T83/><D41/><U53/><E53/><V52/><F97/><W18/><G4/><T115/><D99/><U112/><E112/><V2/><F2/><W120/><G120/><T56/><D115/><U125/><E125/><V131/><F131/><W17/><G17/><T48/><D87/><U107/><E107/><V65/><F65/><W33/><G33/><T11/><D64/><U76/><E76/><V14/><F45/><W21/><G6/><T5/><D5/><U100/><E100/><V39/><AGARI ba="1,1" hai="10,14,16,39,42,44,49,52,59,60,67,69,92,95" machi="39" ten="20,18000,2" yaku="0,1,7,1,24,2,54,2" doraHai="79" who="2" fromWho="2" sc="207,-61,237,-61,286,193,260,-61" /><INIT seed="2,2,0,1,1,123" ten="146,176,479,199" oya="2" hai0="17,12,132,94,93,9,41,5,48,119,90,126,125" hai1="10,25,7,124,134,71,120,117,68,2,50,22,108" hai2="19,11,57,114,81,31,70,53,72,83,32,47,54" hai3="75,102,87,16,74,84,89,4,77,42,131,67,55"/><V69/><F114/><W45/><G4/><T60/><D132/><U92/><E117/><V133/><F31/><W36/><G131/><T3/><D119/><U107/><E107/><V112/><F112/><W110/><G102/><T33/><D33/><U105/><E105/><V21/><F32/><W96/><G67/><T88/><D60/><U129/><E124/><V99/><F133/><W61/><G96/><T78/><D78/><U37/><E37/><V80/><F72/><W56/><G84/><T49/><D41/><U43/><E134/><V63/><F99/><W40/><G40/><T24/><D24/><U29/><E129/><V115/><F11/><W8/><G77/><T91/><D48/><U44/><E120/><V30/><F30/><W6/><G6/><T95/><REACH who="0" step="1"/><D49/><REACH who="0" ten="136,176,479,199" step="2"/><U127/><E50/><V116/><F116/><W98/><G42/><T130/><D130/><U14/><E43/><V104/><F115/><W39/><G39/><T97/><D97/><U23/><E25/><V118/><F118/><W35/><G98/><T76/><D76/><U20/><E127/><V109/><F63/><W106/><G35/><T85/><D85/><U59/><E71/><V15/><F69/><W113/><G87/><T28/><D28/><U135/><E29/><V86/><F70/><W101/><G36/><T46/><D46/><U0/><E44/><V62/><F86/><W121/><G45/><T34/><D34/><U38/><E38/><V122/><F122/><W100/><G61/><T18/><D18/><U128/><E135/><V52/><F47/><W26/><G121/><RYUUKYOKU ba="2,1" sc="136,30,176,-10,479,-10,199,-10" hai0="3,5,9,12,17,88,90,91,93,94,95,125,126" /><INIT seed="3,3,1,2,0,53" ten="166,166,469,189" oya="3" hai0="88,69,110,135,43,1,38,25,131,15,105,111,95" hai1="67,129,100,37,124,98,90,44,122,49,121,22,47" hai2="77,76,39,80,78,116,92,17,130,128,68,64,41" hai3="11,83,102,24,2,20,55,91,73,107,45,21,115"/><W14/><G115/><T60/><D135/><U26/><E129/><N who="2" m="49771" /><F116/><W8/><G2/><T36/><D131/><U133/><E124/><V12/><F92/><W132/><G132/><T87/><D1/><U117/><E133/><V46/><F64/><W72/><G8/><T28/><D105/><U109/><E109/><V4/><F68/><W103/><G20/><T29/><D29/><U93/><E117/><V54/><F54/><W3/><G3/><T61/><D15/><U63/><E37/><V62/><F62/><W123/><G123/><T126/><D126/><U33/><E33/><V10/><F17/><W13/><G13/><T127/><D127/><U35/><E35/><V101/><F101/><W81/><G72/><AGARI ba="3,1" hai="4,10,12,39,41,46,72,76,77,78,80" m="49771" machi="72" ten="30,1000,0" yaku="19,1" doraHai="53" who="2" fromWho="3" sc="166,0,166,0,469,29,189,-19" /><INIT seed="4,0,0,1,3,45" ten="166,166,498,170" oya="0" hai0="51,64,66,90,58,74,105,89,123,5,34,21,6" hai1="44,88,4,69,29,124,7,129,113,84,83,1,53" hai2="82,65,133,110,67,122,3,28,78,2,12,17,126" hai3="47,95,8,13,16,37,101,0,92,79,40,32,11"/><T54/><D123/><U125/><E69/><V76/><F110/><W107/><G32/><T127/><D127/><N who="1" m="48715" /><E129/><V9/><F133/><W104/><G95/><T38/><D34/><U108/><E108/><V86/><F122/><W22/><G8/><T56/><D38/><U48/><E1/><V80/><F28/><W55/><G55/><T57/><D74/><U23/><E113/><V131/><F131/><W75/><G92/><T19/><D105/><U20/><E20/><V128/><F128/><W98/><G98/><T46/><D5/><U116/><E116/><V27/><F27/><AGARI ba="0,0" hai="4,7,23,27,29,44,48,53,83,84,88" m="48715" machi="27" ten="30,3900,0" yaku="18,1,52,1,54,1" doraHai="45" who="1" fromWho="2" sc="166,0,166,39,498,-39,170,0" /><INIT seed="5,0,0,0,5,29" ten="166,205,459,170" oya="1" hai0="52,86,90,9,76,42,3,89,38,119,15,97,2" hai1="111,37,45,125,133,4,59,23,99,16,81,121,98" hai2="84,77,107,80,110,56,62,88,46,17,30,120,117" hai3="79,115,35,36,66,73,128,132,69,34,51,14,60"/><U10/><E121/><V129/><F110/><W87/><G36/><T54/><D119/><U53/><E133/><V108/><F108/><W64/><G115/><T116/><D116/><U24/><E111/><V74/><F120/><W118/><G118/><T1/><D76/><U27/><E125/><V124/><F107/><W20/><G73/><T72/><D72/><U126/><E126/><V26/><F117/><W105/><G105/><T41/><D97/><U93/><E81/><V71/><F129/><W21/><G128/><T92/><D90/><U11/><E99/><V31/><F46/><W39/><G39/><T102/><D102/><U12/><E45/><V106/><F106/><W19/><G132/><T131/><D131/><U22/><E37/><V112/><F71/><W48/><G64/><T70/><D70/><U65/><E65/><V8/><F112/><W57/><G20/><T103/><D103/><U49/><E4/><V6/><F17/><W67/><G67/><T40/><REACH who="0" step="1"/><D38/><REACH who="0" ten="156,205,459,170" step="2"/><U68/><E68/><V95/><F124/><W114/><G114/><T0/><N who="0" m="0" /><DORA hai="61" /><T78/><D78/><U83/><E98/><V94/><F88/><W122/><G122/><T47/><D47/><U58/><E58/><V13/><F77/><W135/><G135/><T7/><AGARI ba="0,1" hai="7,9,15,40,41,42,52,54,86,89,92" m="0" machi="7" ten="60,8000,1" yaku="1,1,0,1,54,1,53,1" doraHai="29,61" doraHaiUra="82,109" who="0" fromWho="0" sc="156,90,205,-40,459,-20,170,-20" /><INIT seed="6,0,0,3,0,44" ten="246,165,439,150" oya="2" hai0="119,28,4,105,63,86,97,43,56,10,124,34,85" hai1="2,80,78,60,103,96,57,100,5,6,123,0,33" hai2="53,110,52,48,61,3,82,12,126,111,58,40,71" hai3="68,18,102,108,42,134,114,70,72,20,26,23,99"/><V120/><F3/><W122/><G108/><N who="2" m="41513" /><F120/><W55/><G72/><T35/><D124/><U116/><E116/><V73/><F126/><W45/><G122/><T69/><D119/><U7/><E123/><V88/><F71/><W54/><G134/><T87/><D69/><U30/><E103/><V29/><F29/><W79/><G79/><T16/><D28/><U49/><E33/><V11/><F40/><W46/><G114/><T91/><D43/><U131/><E30/><V121/><F121/><W104/><G54/><T77/><D77/><U94/><E131/><V128/><F128/><W83/><G83/><T36/><D36/><U8/><E0/><V113/><F113/><W22/><G22/><T64/><D35/><U38/><E38/><V106/><F106/><W24/><G55/><T51/><D34/><U90/><E100/><V17/><F73/><W19/><REACH who="3" step="1"/><G46/><REACH who="3" ten="246,165,439,140" step="2"/><T109/><D109/><U47/><E80/><V74/><F74/><W118/><G118/><T32/><D32/><U50/><E78/><V15/><F82/><W41/><G41/><T37/><D10/><U117/><E117/><V93/><F53/><W39/><AGARI ba="0,1" hai="18,19,20,23,24,26,39,42,45,68,70,99,102,104" machi="39" ten="20,5200,0" yaku="1,1,0,1,7,1,9,1,53,0" doraHai="44" doraHaiUra="127" who="3" fromWho="3" sc="246,-13,165,-13,439,-26,140,62" /><INIT seed="7,0,0,4,2,117" ten="233,152,413,202" oya="3" hai0="22,28,15,73,47,32,52,64,92,105,21,97,95" hai1="116,85,68,26,100,107,17,57,33,128,122,1,35" hai2="43,60,113,84,94,42,131,134,103,82,3,121,10" hai3="83,2,77,63,25,61,62,70,13,45,16,40,8"/><W50/><G2/><T66/><D73/><U14/><E68/><V58/><F113/><W76/><G70/><T135/><D135/><U30/><E1/><V126/><F131/><W110/><G110/><T48/><D105/><U104/><E128/><V36/><F36/><W124/><G124/><T86/><D32/><U69/><E69/><V101/><F10/><W80/><REACH who="3" step="1"/><G25/><REACH who="3" ten="233,152,413,192" step="2"/><N who="0" m="16431" /><D15/><U20/><E116/><V115/><F126/><W12/><G12/><T46/><D22/><U75/><E33/><V39/><F3/><W49/><G49/><T53/><D48/><U9/><E35/><V31/><F39/><W54/><G54/><T24/><D52/><U37/><E37/><V65/><F65/><W29/><G29/><T90/><D24/><U111/><E111/><V11/><F134/><W114/><G114/><T18/><D53/><U119/><E119/><V120/><F115/><W78/><AGARI ba="0,1" hai="8,13,16,40,45,50,61,62,63,76,77,78,80,83" machi="78" ten="30,18000,2" yaku="1,1,0,1,8,1,54,1,53,2" doraHai="117" doraHaiUra="79" who="3" fromWho="3" sc="233,-60,152,-60,413,-60,192,190" owari="173,-23.0,92,-41.0,353,15.0,382,49.0" /></mjloggm>