<mjloggm ver="2.3"><GO type="225" lobby="0"/><UN n0="%E3%82%B8%E3%83%A3%E3%83%9E%E3%83%BC%E3%83%AB%E3%83%9E%E3%83%AC%E3%83%BC" n1="%48%61%61%61%6C%61%6E%64" n2="%E3%81%99%E3%81%84%E3%81%BE%E3%81%9B%E3%83%BC%E3%82%93" n3="%74%61%6B%75%61%6B%61" dan="17,17,17,18" rate="2200.58,2155.91,2178.46,2179.14" sx="M,M,M,M"/><TAIKYOKU oya="0"/><INIT seed="0,0,0,2,2,39" ten="250,250,250,250" oya="0" hai0="48,7,37,10,12,2,78,14,70,116,87,54,72" hai1="111,44,31,90,36,110,3,23,4,124,35,53,128" hai2="123,133,71,24,66,81,80,27,43,46,64,8,1" hai3="45,5,89,85,75,47,122,120,6,9,83,121,60"/><T55/><D116/><U77/><E124/><V106/><F123/><W22/><G75/><T41/><D70/><U109/><E128/><V26/><F133/><W131/><G131/><T61/><D61/><U30/><E35/><V119/><F119/><W115/><G115/><T74/><D87/><U18/><E77/><V69/><F106/><W76/><G76/><T101/><D101/><U94/><E4/><V29/><F29/><W125/><G125/><T99/><D99/><N who="1" m="57815" /><E3/><V32/><F32/><W105/><G105/><T16/><D48/><N who="1" m="28807" /><E36/><V102/><F102/><W98/><G98/><T58/><D58/><U62/><E62/><V93/><F93/><W129/><G129/><T15/><D16/><U38/><E38/><V57/><F71/><W49/><G60/><T28/><D28/><U132/><E132/><V117/><F57/><W86/><G5/><T91/><D91/><U104/><E104/><V11/><F1/><W113/><G113/><T100/><D100/><U25/><AGARI ba="0,0" hai="18,23,25,30,31,109,110,111" m="28807,57815" machi="25" ten="30,1100,0" yaku="14,1" doraHai="39" who="1" fromWho="1" sc="250,-5,250,11,250,-3,250,-3" /><INIT seed="1,0,0,4,5,70" ten="245,261,247,247" oya="1" hai0="20,131,99,19,67,60,113,25,8,24,91,29,42" hai1="35,96,58,32,80,85,36,7,50,119,97,45,100" hai2="48,63,112,72,49,93,66,124,12,16,111,101,110" hai3="30,86,134,74,129,84,3,28,78,81,54,11,128"/><U122/><E119/><V82/><F124/><W94/><G134/><T56/><D113/><U123/><E7/><V98/><F112/><W33/><G54/><T127/><D131/><N who="3" m="50249" /><G33/><T40/><D127/><U114/><E114/><V83/><F72/><W106/><G106/><T77/><D77/><U17/><E58/><N who="2" m="37239" /><F82/><W108/><G108/><N who="2" m="41513" /><F83/><W9/><G94/><N who="0" m="56799" /><D25/><U87/><E80/><V22/><AGARI ba="0,0" hai="12,16,22,48,49,93,98,101" m="41513,37239" machi="22" ten="30,2000,0" yaku="14,1,54,1" doraHai="70" who="2" fromWho="2" sc="245,-5,261,-10,247,20,247,-5" /><INIT seed="2,0,0,4,3,27" ten="240,251,267,242" oya="2" hai0="1,55,56,19,93,50,96,70,26,36,28,77,102" hai1="14,16,29,43,33,114,108,13,104,95,111,11,5" hai2="63,20,61,18,6,126,64,0,9,15,101,3,10" hai3="40,118,88,99,35,117,72,48,123,85,8,24,67"/><V75/><F126/><W4/><G72/><T97/><D70/><U23/><E104/><V76/><F101/><W79/><G79/><T86/><D36/><U25/><E43/><V41/><F41/><W125/><G67/><T34/><D1/><N who="1" m="431" /><E95/><V116/><F116/><W52/><G99/><T73/><D19/><N who="1" m="10735" /><E114/><V46/><F46/><W106/><G123/><T94/><D73/><U87/><E87/><V84/><F75/><W135/><G106/><T105/><REACH who="0" step="1"/><D97/><REACH who="0" ten="230,251,267,242" step="2"/><U65/><E65/><V98/><F98/><W62/><G117/><T133/><D133/><U30/><E30/><V83/><F64/><W129/><G135/><T68/><D68/><U39/><E39/><V128/><F128/><W124/><G129/><T54/><D54/><U58/><E58/><V22/><F0/><W21/><G52/><T89/><D89/><U2/><E2/><V59/><F59/><W110/><G118/><T38/><D38/><U71/><E71/><V7/><F3/><W109/><G88/><T81/><AGARI ba="0,1" hai="26,28,34,50,55,56,77,81,86,93,94,96,102,105" machi="81" ten="30,7900,0" yaku="1,1,0,1,52,1,53,1" doraHai="27" doraHaiUra="31" who="0" fromWho="0" sc="230,89,251,-20,267,-39,242,-20" /><INIT seed="3,0,0,2,3,50" ten="319,231,228,222" oya="3" hai0="117,85,10,121,107,23,84,92,110,128,108,24,77" hai1="49,124,65,131,62,63,86,12,133,8,71,104,68" hai2="90,103,127,120,114,106,99,83,88,105,4,26,22" hai3="47,3,15,118,119,96,102,17,36,67,21,41,56"/><W109/><G3/><T64/><D117/><U5/><E124/><V48/><F114/><W46/><G109/><N who="0" m="42091" /><D121/><U69/><E131/><V19/><F127/><W98/><G96/><T59/><D107/><U70/><E133/><V52/><F120/><W87/><G87/><T58/><D10/><U14/><E104/><V31/><F106/><W61/><REACH who="3" step="1"/><G47/><REACH who="3" ten="319,231,228,212" step="2"/><T18/><D85/><U129/><E86/><V32/><F83/><W27/><G27/><T37/><D24/><U78/><E129/><V111/><F111/><W73/><G73/><T44/><D44/><U1/><E1/><V6/><F6/><W123/><G123/><T79/><D84/><U74/><E74/><V125/><F4/><W53/><G53/><T115/><D128/><U57/><E5/><V66/><F125/><W43/><G43/><T89/><D79/><U94/><E78/><V100/><F66/><W122/><G122/><T33/><D77/><U112/><E65/><V97/><F97/><W80/><G80/><T54/><D54/><U95/><E94/><AGARI ba="0,1" hai="15,17,21,36,41,46,56,61,67,94,98,102,118,119" machi="94" ten="30,2900,0" yaku="1,1,7,1,53,0" doraHai="50" doraHaiUra="45" who="3" fromWho="1" sc="319,0,231,-29,228,0,212,39" /><INIT seed="3,1,0,2,3,101" ten="319,202,228,251" oya="3" hai0="90,119,14,38,116,67,68,72,42,76,37,50,104" hai1="135,23,3,105,111,102,16,45,56,134,129,43,120" hai2="78,96,84,0,10,39,61,1,59,24,18,28,75" hai3="106,51,44,80,29,86,27,53,2,74,92,41,89"/><W107/><G2/><T5/><D90/><U128/><E120/><V99/><F75/><W117/><G117/><T30/><D30/><U48/><E111/><V8/><F39/><W73/><G41/><T6/><D104/><U103/><E3/><V97/><F0/><W82/><G73/><T35/><D14/><N who="1" m="9623" /><E56/><V132/><F1/><W112/><G112/><T17/><D17/><U77/><E77/><V88/><F78/><W79/><G80/><T40/><D50/><U110/><E110/><V94/><F132/><N who="1" m="50729" /><E105/><V22/><F28/><W121/><G121/><T113/><D76/><U33/><E33/><AGARI ba="1,0" hai="27,29,33,44,51,53,74,79,82,86,89,92,106,107" machi="33" ten="30,5800,0" yaku="7,1,52,2" doraHai="101" who="3" fromWho="1" sc="319,0,202,-61,228,0,251,61" /><INIT seed="3,2,0,3,0,86" ten="319,141,228,312" oya="3" hai0="94,7,85,73,78,100,69,103,61,34,9,130,99" hai1="51,54,35,48,19,123,81,128,5,116,33,28,64" hai2="79,132,6,80,27,106,47,11,59,98,70,133,66" hai3="22,111,32,29,18,21,39,8,1,26,117,42,131"/><W60/><G117/><T63/><D34/><U120/><E116/><V3/><F70/><W68/><G131/><T24/><D69/><U90/><E128/><V67/><F47/><W107/><G107/><T50/><D130/><U129/><E129/><V36/><F36/><W84/><G84/><T20/><D73/><U4/><E64/><V113/><F113/><W10/><G111/><T114/><D103/><U30/><E81/><V38/><F38/><W102/><G102/><T105/><D50/><U46/><E19/><V115/><F115/><W37/><G21/><T118/><D118/><U13/><E13/><V76/><F76/><W55/><G42/><T25/><D25/><U14/><E14/><V12/><F27/><W65/><G55/><T87/><D87/><U134/><E54/><V119/><F119/><W95/><G95/><T126/><D126/><U2/><E134/><N who="2" m="51819" /><F12/><N who="3" m="9543" /><G10/><T44/><D78/><U124/><E46/><V83/><F83/><W93/><G93/><T125/><D44/><U92/><E92/><V82/><F80/><W58/><G68/><T97/><D85/><U75/><E2/><V72/><F59/><W56/><G56/><T57/><D57/><U96/><E96/><V89/><F106/><W49/><G49/><T77/><D77/><U108/><E75/><V43/><F43/><W53/><G65/><T91/><D114/><U15/><E15/><V122/><F67/><W135/><G135/><T104/><D104/><U31/><E108/><V88/><F66/><W109/><G109/><T17/><D125/><U41/><E124/><V74/><F74/><RYUUKYOKU ba="2,0" sc="319,15,141,-15,228,-15,312,15" hai0="7,9,17,20,24,61,63,91,94,97,99,100,105" hai3="1,8,26,29,32,37,39,53,58,60" /><INIT seed="3,3,0,1,3,42" ten="334,126,213,327" oya="3" hai0="34,100,81,97,76,95,101,104,79,52,35,86,1" hai1="112,130,28,72,132,107,30,12,46,89,15,8,51" hai2="32,123,14,66,3,129,87,99,105,65,75,7,6" hai3="0,77,22,83,62,48,117,2,127,36,128,13,88"/><W33/><G33/><T126/><D1/><U38/><E112/><V131/><F75/><W63/><G36/><T85/><D126/><U122/><E122/><V119/><F119/><W37/><G37/><T80/><D52/><U26/><E130/><N who="2" m="49675" /><F32/><W92/><G128/><T45/><D45/><U16/><E132/><V17/><F123/><W55/><G0/><T11/><D11/><U124/><E124/><V125/><F125/><W20/><G2/><T98/><AGARI ba="3,0" hai="34,35,76,79,80,81,85,86,95,97,98,100,101,104" machi="98" ten="30,2000,0" yaku="0,1,9,1" doraHai="42" who="0" fromWho="0" sc="334,29,126,-8,213,-8,327,-13" owari="363,46.0,118,-38.0,205,-19.0,314,11.0" /></mjloggm>