<mjloggm ver="2.3"><GO type="169" lobby="0"/><UN n0="%E3%81%BA%E3%82%8D%E3%81%BA%E3%82%8D%E3%81%8D%E3%82%93" n1="%50%65%74%65%72%50%61%6E" n2="%E3%83%9E%E3%83%AB%E3%83%9E%E3%83%AB%E3%81%A1%E3%82%83%E3%82%93" n3="%E5%B8%B8%E5%8B%9D%EF%BC%9F%EF%BC%9F%E3%83%97%E3%83%AD" dan="17,16,16,16" rate="2214.40,2051.30,2096.49,2191.06" sx="M,M,M,M"/><TAIKYOKU oya="0"/><INIT seed="0,0,0,2,1,101" ten="250,250,250,250" oya="0" hai0="132,55,28,39,83,44,14,131,16,114,120,63,34" hai1="89,13,78,92,57,98,94,111,37,108,59,8,95" hai2="68,1,48,50,106,64,130,61,31,105,128,32,113" hai3="135,122,70,117,12,5,54,99,41,15,29,102,129"/><T30/><D120/><U51/><E37/><V27/><F1/><W85/><G117/><T38/><D114/><U25/><E78/><V134/><F113/><W3/><G70/><T88/><D131/><N who="2" m="50218" /><F134/><W58/><G129/><T22/><D132/><U80/><E25/><V81/><F81/><W121/><G41/><T33/><D33/><U79/><E59/><V10/><F10/><N who="3" m="2367" /><G85/><N who="0" m="50239" /><D34/><U40/><E57/><V62/><F62/><N who="3" m="36183" /><G29/><N who="0" m="11371" /><D39/><U0/><E0/><V126/><F126/><W53/><G53/><T56/><D38/><U118/><E118/><V49/><AGARI ba="0,0" hai="27,31,32,48,49,50,61,64,68,105,106" m="50218" machi="49" ten="30,4000,0" yaku="19,1,52,2" doraHai="101" who="2" fromWho="2" sc="250,-20,250,-10,250,40,250,-10" /><INIT seed="1,0,0,0,4,112" ten="230,240,290,240" oya="1" hai0="113,121,44,122,95,5,42,27,17,70,46,108,35" hai1="133,36,86,76,59,87,11,56,97,66,111,109,90" hai2="94,120,43,98,132,128,1,84,53,23,52,20,96" hai3="101,34,25,24,32,82,78,19,73,75,119,38,4"/><U105/><E36/><V93/><F1/><W135/><G38/><T16/><D113/><U14/><E133/><V79/><F120/><N who="0" m="46186" /><D70/><U129/><E129/><V3/><F3/><W40/><G135/><T57/><D108/><N who="1" m="41547" /><E76/><V39/><F132/><W77/><G101/><T61/><D5/><N who="1" m="3439" /><E66/><V107/><F107/><W92/><G4/><T48/><D95/><N who="1" m="56567" /><E105/><V0/><F128/><W131/><G131/><T67/><D44/><U83/><E87/><V7/><F84/><W69/><G92/><T21/><D35/><U85/><E85/><V100/><F79/><W117/><G69/><T118/><D118/><U126/><E126/><V13/><F0/><W106/><G106/><T30/><AGARI ba="0,0" hai="16,17,21,27,30,42,46,48,57,61,67" m="46186" machi="30" ten="30,2000,0" yaku="13,1,54,1" doraHai="112" who="0" fromWho="0" sc="230,20,240,-10,290,-5,240,-5" /><INIT seed="2,0,0,2,0,87" ten="250,230,285,235" oya="2" hai0="5,100,126,30,78,130,62,36,115,55,68,120,82" hai1="80,110,56,16,84,135,71,26,17,75,125,105,11" hai2="44,24,38,4,74,65,116,6,35,8,29,129,10" hai3="91,31,64,127,48,61,119,7,118,25,99,19,34"/><V58/><F116/><W54/><G127/><T77/><D115/><U81/><E71/><V67/><F74/><W132/><G7/><T83/><D120/><U94/><E105/><V0/><F129/><W98/><G132/><T106/><D36/><U53/><E110/><V96/><F58/><W47/><G19/><T102/><D5/><U90/><E125/><V15/><REACH who="2" step="1"/><F96/><REACH who="2" ten="250,230,275,235" step="2"/><W97/><G118/><T121/><D126/><U40/><E75/><V63/><F63/><W9/><G119/><T21/><D130/><U50/><E135/><V52/><F52/><W22/><G9/><T101/><D121/><U14/><E40/><AGARI ba="0,1" hai="0,4,6,8,10,15,24,29,35,38,40,44,65,67" machi="40" ten="40,7700,0" yaku="1,1,53,2" doraHai="87" doraHaiUra="2" who="2" fromWho="1" sc="250,0,230,-77,275,87,235,0" /><INIT seed="2,1,0,1,2,95" ten="250,153,362,235" oya="2" hai0="34,88,97,56,10,62,24,108,39,32,19,119,23" hai1="112,100,49,84,48,68,9,29,47,35,16,81,52" hai2="93,25,103,45,18,61,121,60,118,14,66,54,113" hai3="126,117,21,37,43,17,40,109,99,30,11,4,78"/><V7/><F113/><W55/><G117/><T79/><D108/><U114/><E68/><V71/><F118/><W72/><G109/><T107/><D39/><U50/><E35/><V132/><F121/><W86/><G30/><T92/><D119/><U70/><E70/><V123/><F123/><W0/><G72/><T31/><D79/><U33/><E33/><V127/><F127/><W124/><G55/><T96/><D10/><U105/><E29/><V13/><F132/><W1/><G1/><T102/><D31/><U74/><E74/><V111/><F7/><W51/><G51/><T20/><D23/><U98/><E114/><V59/><F45/><W41/><G37/><T106/><D106/><U26/><E112/><V44/><F44/><W8/><G8/><T75/><D75/><U129/><E129/><V115/><F115/><W64/><G64/><AGARI ba="1,0" hai="19,20,24,32,34,56,62,64,88,92,96,97,102,107" machi="64" ten="30,7700,0" yaku="7,1,52,2,54,1" doraHai="95" who="0" fromWho="3" sc="250,80,153,0,362,0,235,-80" /><INIT seed="3,0,0,0,2,25" ten="330,153,362,155" oya="3" hai0="122,81,116,112,2,29,130,74,23,69,99,7,58" hai1="109,1,14,135,108,98,79,27,104,24,0,100,47" hai2="126,56,102,119,67,4,87,90,48,12,131,110,85" hai3="117,37,59,127,50,65,35,22,6,55,129,42,32"/><W77/><G117/><T13/><D116/><U30/><E135/><V54/><F110/><N who="1" m="42601" /><E79/><V93/><F131/><W88/><G77/><T41/><D69/><U46/><E24/><V103/><F126/><W18/><G6/><T33/><D81/><U63/><E14/><V45/><F119/><W61/><G127/><T123/><D74/><U107/><E107/><V19/><F4/><W31/><G129/><T11/><D41/><U49/><E63/><N who="2" m="38375" /><F87/><W66/><G66/><T71/><D99/><U43/><E46/><V57/><F45/><W75/><G75/><T113/><D130/><U89/><E89/><V92/><F93/><W36/><G36/><T73/><D73/><U121/><E121/><V62/><F62/><W97/><G42/><T101/><D101/><U52/><E43/><V94/><F92/><N who="3" m="56455" /><G35/><AGARI ba="0,0" hai="0,1,27,30,35,47,49,52,98,100,104" m="42601" machi="35" ten="30,3900,0" yaku="14,1,52,1,54,1" doraHai="25" who="1" fromWho="3" sc="330,0,153,39,362,0,155,-39" /><INIT seed="4,0,0,3,4,70" ten="330,192,362,116" oya="0" hai0="127,115,123,59,88,114,134,131,96,98,2,55,45" hai1="128,68,129,57,72,41,5,74,69,122,39,61,32" hai2="53,49,103,54,118,120,22,117,71,20,7,124,33" hai3="50,79,86,56,91,92,23,3,27,8,76,26,116"/><T36/><D123/><U60/><E32/><V85/><F33/><W78/><G116/><N who="2" m="44649" /><F120/><W110/><G110/><T73/><D2/><U64/><E5/><V100/><F71/><N who="1" m="27209" /><E122/><V77/><F124/><W9/><G3/><T30/><D73/><U112/><E74/><V11/><F85/><W37/><G37/><T82/><D30/><U65/><E72/><V101/><F77/><W24/><G23/><N who="2" m="8745" /><F49/><W102/><REACH who="3" step="1"/><G102/><REACH who="3" ten="330,192,362,106" step="2"/><T58/><D127/><U34/><E34/><V17/><F17/><W75/><G75/><T89/><D36/><U38/><E112/><V42/><F42/><W99/><G99/><T51/><D115/><U93/><E41/><V104/><F104/><W16/><G16/><T108/><D114/><U14/><E14/><AGARI ba="0,1" hai="7,11,14,53,54,100,101,103" m="8745,44649" machi="14" ten="30,1000,0" yaku="12,1" doraHai="70" who="2" fromWho="1" sc="330,0,192,-10,362,20,106,0" /><INIT seed="5,0,0,3,0,80" ten="330,182,382,106" oya="1" hai0="115,30,8,15,65,0,107,71,58,135,10,95,66" hai1="100,44,51,36,81,16,104,105,88,69,27,126,117" hai2="55,128,25,23,116,91,67,124,53,99,50,75,86" hai3="61,108,84,103,110,73,57,112,121,131,120,11,28"/><U17/><E117/><V22/><F75/><W64/><G73/><T37/><D107/><U12/><E36/><V77/><F116/><W47/><G28/><T1/><D37/><U76/><E69/><V134/><F134/><W82/><G103/><T4/><D135/><U59/><E59/><V114/><F128/><W70/><G131/><T89/><D115/><U24/><E126/><V90/><F67/><W41/><G112/><T3/><D71/><U7/><E105/><V79/><F124/><W98/><G98/><T20/><D10/><N who="1" m="4191" /><E76/><V19/><F114/><W102/><G102/><T113/><D113/><U133/><E100/><V72/><F72/><W14/><G70/><T54/><D30/><U85/><E104/><V96/><F55/><W18/><G120/><T52/><D54/><N who="1" m="30055" /><E133/><V13/><F90/><W78/><REACH who="3" step="1"/><G121/><REACH who="3" ten="330,182,382,96" step="2"/><T42/><D0/><U125/><E125/><V62/><F99/><W34/><G34/><T40/><D1/><U45/><E45/><V119/><F96/><W21/><G21/><T35/><D35/><U92/><E81/><V31/><F119/><W111/><G111/><T123/><D3/><U26/><AGARI ba="0,1" hai="16,17,24,26,27,85,88,92" m="30055,4191" machi="26" ten="30,11700,0" yaku="8,1,52,1,54,2" doraHai="80" who="1" fromWho="1" sc="330,-39,182,127,382,-39,96,-39" /><INIT seed="5,1,0,3,5,124" ten="291,309,343,57" oya="1" hai0="20,40,101,22,99,62,66,132,11,16,117,31,33" hai1="69,39,133,97,79,134,123,6,83,55,61,106,78" hai2="57,128,70,114,94,0,44,121,72,76,80,88,23" hai3="5,73,28,127,49,45,63,2,50,109,84,48,19"/><U108/><E123/><V89/><F121/><W91/><G73/><T13/><D117/><U135/><E39/><V30/><F70/><W34/><G109/><T122/><D132/><U35/><E35/><V32/><F0/><W67/><G127/><T41/><D122/><U129/><E108/><V75/><F75/><W115/><G115/><T27/><D40/><U82/><E6/><V119/><F119/><W53/><G2/><T15/><D41/><U52/><E129/><V68/><F68/><W98/><G98/><T8/><D62/><U10/><E10/><V87/><F128/><W29/><G5/><N who="0" m="3215" /><D66/><N who="1" m="41167" /><E106/><V90/><F32/><W58/><G19/><N who="0" m="8703" /><D99/><U7/><E7/><V42/><F57/><W46/><G34/><T25/><D101/><U81/><E97/><V74/><F114/><W59/><G59/><T111/><D111/><U54/><AGARI ba="1,0" hai="52,54,55,78,79,81,82,83,133,134,135" m="41167" machi="54" ten="40,12000,1" yaku="29,2,20,1,54,1" doraHai="124" who="1" fromWho="1" sc="291,-41,309,123,343,-41,57,-41" /><INIT seed="5,2,0,5,3,2" ten="250,432,302,16" oya="1" hai0="48,57,50,104,61,132,134,75,122,86,81,11,27" hai1="9,113,107,110,123,127,10,36,24,12,41,73,6" hai2="108,16,25,102,65,30,0,59,22,19,44,98,38" hai3="1,109,69,87,71,8,114,89,130,96,80,14,106"/><U20/><E123/><V131/><F108/><W88/><G109/><T95/><D104/><U3/><E107/><V53/><F131/><W49/><G1/><T120/><D75/><U43/><E110/><V121/><F121/><N who="0" m="46698" /><D95/><U117/><E117/><V97/><F0/><W93/><G130/><T7/><D27/><U63/><E113/><V90/><F38/><W5/><G114/><T124/><D124/><U76/><E36/><V103/><F44/><W26/><G106/><T13/><D61/><U51/><E63/><V39/><F65/><W29/><REACH who="3" step="1"/><G49/><REACH who="3" ten="250,432,302,6" step="2"/><T92/><D50/><U85/><E51/><V72/><F39/><W17/><G17/><T32/><D48/><U67/><E127/><V129/><F129/><W58/><G58/><T133/><D57/><U52/><E43/><V112/><F112/><W66/><G66/><T4/><D32/><AGARI ba="2,1" hai="5,8,14,26,29,32,69,71,80,87,88,89,93,96" machi="32" ten="30,7700,0" yaku="1,1,7,1,52,1,54,1,53,0" doraHai="2" doraHaiUra="46" who="3" fromWho="0" sc="250,-83,432,0,302,0,6,93" /><INIT seed="6,0,0,3,5,105" ten="167,432,302,99" oya="2" hai0="32,1,93,29,73,18,46,83,34,66,113,15,123" hai1="16,12,49,59,84,104,23,108,48,9,102,42,27" hai2="39,129,51,80,58,6,24,98,62,28,119,20,64" hai3="117,40,37,90,53,106,76,109,43,22,21,100,75"/><V4/><F119/><W11/><G117/><T103/><D113/><U3/><E3/><V2/><F129/><W31/><G109/><T120/><D1/><U56/><E108/><V72/><F39/><W112/><G11/><T5/><D5/><U68/><E68/><V65/><F2/><W118/><G118/><T44/><D66/><U127/><E127/><V8/><F65/><W82/><G37/><T78/><D34/><U63/><E102/><V86/><F8/><W36/><G36/><T60/><D60/><U52/><E104/><V92/><F72/><W121/><G121/><T7/><D7/><U85/><E42/><V71/><F51/><N who="1" m="19529" /><E59/><V26/><F26/><W110/><G110/><T132/><D93/><U94/><E94/><V57/><F57/><W111/><G111/><T125/><D15/><U54/><E54/><V130/><F71/><W0/><G53/><T77/><D18/><AGARI ba="0,0" hai="9,12,16,18,23,27,52,56,63,84,85" m="19529" machi="18" ten="30,3900,0" yaku="8,1,54,2" doraHai="105" who="1" fromWho="0" sc="167,-39,432,39,302,0,99,0" /><INIT seed="7,0,0,0,4,114" ten="128,471,302,99" oya="3" hai0="108,7,59,37,56,40,93,135,6,120,36,84,71" hai1="44,18,23,124,50,41,32,21,77,53,63,48,130" hai2="38,122,70,116,52,4,92,31,123,62,126,90,13" hai3="5,102,8,11,61,98,100,1,10,81,72,43,26"/><W9/><G43/><T46/><D108/><U34/><E130/><V42/><F116/><W22/><G61/><T24/><D120/><U73/><E63/><V69/><F126/><W110/><G110/><T86/><D71/><U112/><E23/><V132/><F132/><W49/><G49/><N who="0" m="26823" /><D135/><U27/><E112/><V101/><F101/><W94/><G102/><T60/><D37/><U3/><E3/><V107/><F107/><W128/><G128/><T83/><D36/><U54/><E41/><V91/><F31/><W16/><G72/><T80/><D24/><U131/><E131/><V68/><F4/><N who="0" m="1578" /><D56/><U79/><E124/><V28/><F13/><W82/><AGARI ba="0,0" hai="1,5,8,9,10,11,16,22,26,81,82,94,98,100" machi="82" ten="30,3000,0" yaku="0,1,54,1" doraHai="114" who="3" fromWho="3" sc="128,-10,471,-10,302,-10,99,30" /><INIT seed="7,1,0,4,3,0" ten="118,461,292,129" oya="3" hai0="85,17,128,112,36,63,107,21,77,94,101,43,131" hai1="4,31,118,123,76,5,93,132,59,2,51,14,60" hai2="135,100,70,133,35,20,87,116,78,122,125,48,130" hai3="67,65,126,109,120,47,19,108,72,42,64,26,12"/><W45/><G120/><T88/><D112/><U55/><E123/><V22/><F35/><W25/><G72/><T33/><D33/><U92/><E2/><V96/><F70/><W97/><G97/><N who="0" m="61871" /><D77/><U113/><E132/><V99/><F130/><N who="0" m="49706" /><D63/><U23/><E113/><V11/><F125/><W71/><G71/><T24/><D43/><U115/><E76/><V38/><F38/><AGARI ba="1,0" hai="17,21,24,36,38,85,88,94" m="49706,61871" machi="38" ten="30,2000,0" yaku="19,1,54,1" doraHai="0" who="0" fromWho="2" sc="118,23,461,0,292,-23,129,0" owari="141,-26.0,461,56.0,269,7.0,129,-37.0" /></mjloggm>