<mjloggm ver="2.3"><GO type="169" lobby="0"/><UN n0="%2D%E8%B1%8A%E5%8F%A3%E3%82%81%E3%81%90%E3%81%BF%2D" n1="%E3%81%8D%E3%82%88%E3%81%97%E3%81%BE%E3%82%8B" n2="%E3%81%97%E3%82%89%E3%81%84%E3%81%97%E3%81%BE%E3%81%84" n3="%E9%B3%B3%E5%8D%97%E3%81%AE%E3%81%8A%E9%A6%AC%E3%81%95%E3%82%93" dan="17,16,17,17" rate="2230.29,2092.09,2283.67,2165.48" sx="F,F,M,M"/><TAIKYOKU oya="0"/><INIT seed="0,0,0,3,4,29" ten="250,250,250,250" oya="0" hai0="51,25,129,22,26,43,58,133,42,60,130,121,41" hai1="80,28,108,54,17,14,106,62,67,1,63,61,120" hai2="59,101,76,57,85,10,40,84,112,36,116,12,9" hai3="27,3,44,70,64,56,92,100,6,38,66,18,110"/><T21/><D121/><U7/><E120/><V24/><F112/><W68/><G110/><T109/><D51/><U113/><E108/><V47/><F116/><W75/><G75/><T126/><D109/><U72/><E106/><V134/><F134/><W20/><G3/><T71/><D71/><U16/><E113/><V31/><F101/><W98/><G6/><T4/><D4/><U69/><E1/><V74/><F74/><W114/><G114/><T78/><D78/><U127/><E127/><V94/><F10/><W45/><G56/><T52/><D133/><U65/><E54/><V5/><F84/><W107/><G107/><T32/><D126/><U0/><E0/><V46/><F46/><W115/><G115/><T49/><D60/><U131/><E28/><V105/><F105/><W30/><G18/><N who="1" m="7274" /><E69/><V96/><F85/><W93/><G38/><T103/><D103/><U81/><E72/><V13/><F76/><W83/><G100/><T77/><D77/><U132/><E131/><N who="0" m="50185" /><D26/><U23/><E132/><V34/><REACH who="2" step="1"/><F13/><REACH who="2" ten="250,250,240,250" step="2"/><W79/><G79/><T37/><D37/><U117/><E117/><V91/><AGARI ba="0,1" hai="5,9,12,24,31,34,36,40,47,57,59,91,94,96" machi="91" ten="20,8000,1" yaku="1,1,2,1,0,1,7,1,52,1,53,0" doraHai="29" doraHaiUra="102" who="2" fromWho="2" sc="250,-40,250,-20,240,90,250,-20" /><INIT seed="1,0,0,0,3,49" ten="210,230,330,230" oya="1" hai0="128,65,124,47,87,94,133,89,121,56,21,82,35" hai1="69,83,108,50,23,64,11,107,130,16,93,10,105" hai2="116,110,36,78,100,51,71,9,17,113,98,63,91" hai3="40,38,77,86,97,81,95,129,43,34,48,12,3"/><U53/><E130/><V28/><F36/><W101/><G129/><T104/><D35/><U39/><E39/><V33/><F110/><W30/><G3/><T26/><D128/><U76/><E108/><V102/><F102/><W15/><G38/><T123/><D104/><U127/><E127/><V103/><F103/><W44/><G34/><T109/><D109/><U0/><E93/><V20/><F9/><W117/><G30/><T5/><D124/><U55/><E0/><V75/><F91/><W14/><REACH who="3" step="1"/><G117/><REACH who="3" ten="210,230,330,220" step="2"/><T132/><D123/><U45/><E107/><V41/><F28/><W58/><G58/><T25/><D56/><U125/><E105/><V92/><F33/><W60/><G60/><T131/><D121/><U66/><E125/><V37/><F63/><W68/><G68/><T32/><D32/><U22/><E69/><V57/><F37/><W135/><G135/><T88/><D131/><U59/><E59/><V126/><F71/><W74/><G74/><T67/><D133/><U90/><E45/><V106/><F106/><W31/><G31/><T114/><D132/><U24/><E50/><V7/><F51/><W1/><G1/><T119/><D119/><U6/><E6/><V42/><F7/><W118/><G118/><T84/><D5/><U54/><E66/><V115/><F116/><W80/><G80/><T122/><D122/><U19/><E64/><V18/><F126/><W112/><G112/><T27/><D114/><U46/><E46/><V73/><F57/><W99/><G99/><T134/><D134/><U96/><E96/><V120/><F98/><RYUUKYOKU ba="0,1" sc="210,-10,230,-10,330,-10,220,30" hai3="12,14,15,40,43,44,48,77,81,86,95,97,101" /><INIT seed="2,1,1,1,2,10" ten="200,220,320,250" oya="2" hai0="22,17,117,64,93,0,135,3,34,57,62,76,70" hai1="109,25,122,124,118,110,68,20,113,126,84,83,91" hai2="30,39,58,130,116,1,37,32,28,111,8,72,95" hai3="120,102,42,108,98,133,60,103,15,48,106,54,45"/><V29/><F116/><W131/><G108/><N who="1" m="41578" /><E68/><V65/><F111/><W5/><G120/><T21/><D34/><U107/><E20/><V53/><F130/><W85/><G133/><T79/><D135/><U6/><E6/><V31/><F72/><W88/><G131/><T104/><D104/><U2/><E2/><V24/><F65/><W74/><G74/><T47/><D117/><U82/><E25/><V56/><F56/><N who="3" m="34839" /><G106/><T75/><D70/><U38/><E38/><V35/><F35/><W123/><G98/><T23/><D17/><U101/><E118/><V128/><F95/><N who="3" m="54671" /><G123/><T90/><D75/><U49/><E49/><V87/><F87/><W127/><G127/><N who="1" m="48682" /><E122/><V59/><F128/><W97/><G97/><N who="0" m="57527" /><D0/><U129/><E129/><V63/><REACH who="2" step="1"/><F58/><REACH who="2" ten="200,220,310,250" step="2"/><W121/><G121/><T18/><D57/><U27/><E113/><V81/><F81/><W12/><G5/><AGARI ba="1,2" hai="1,5,8,24,28,29,30,31,32,37,39,53,59,63" machi="5" ten="40,2000,0" yaku="1,1,53,0" doraHai="10" doraHaiUra="114" who="2" fromWho="3" sc="200,0,220,0,310,43,250,-23" /><INIT seed="2,2,0,5,4,96" ten="200,220,353,227" oya="2" hai0="29,19,54,1,22,79,125,44,97,64,13,67,86" hai1="49,71,3,47,101,98,4,58,62,63,50,122,115" hai2="90,12,43,106,21,39,133,8,30,60,7,72,70" hai3="84,78,93,123,89,119,35,87,131,112,46,28,129"/><V14/><F133/><W85/><G35/><T2/><D125/><U38/><E115/><V57/><F72/><W117/><G28/><T51/><D29/><U92/><E122/><V73/><F73/><W55/><G55/><T102/><D1/><U15/><E3/><V25/><F70/><W110/><G46/><T45/><D2/><U134/><E134/><V114/><F114/><W116/><G112/><T10/><D44/><U6/><E38/><V91/><F106/><W18/><G18/><T99/><D99/><U0/><E0/><V5/><F43/><W17/><G17/><T104/><REACH who="0" step="1"/><D10/><REACH who="0" ten="190,220,353,227" step="2"/><U40/><E47/><V16/><F39/><W103/><G123/><T59/><D59/><U130/><E58/><V132/><F132/><W94/><G110/><T48/><D48/><U127/><E50/><V66/><REACH who="2" step="1"/><F5/><REACH who="2" ten="190,220,343,227" step="2"/><W68/><G68/><T52/><D52/><U42/><E71/><V69/><F69/><W113/><G113/><T126/><D126/><U37/><E37/><V135/><F135/><W105/><G117/><T120/><D120/><U31/><E4/><V74/><F74/><W34/><G116/><T95/><D95/><U9/><E127/><V83/><F83/><AGARI ba="2,2" hai="13,19,22,45,51,54,64,67,79,83,86,97,102,104" machi="83" ten="40,5200,0" yaku="1,1,52,1,53,1" doraHai="96" doraHaiUra="81" who="0" fromWho="2" sc="190,78,220,0,343,-58,227,0" /><INIT seed="3,0,0,2,0,79" ten="268,220,285,227" oya="3" hai0="65,52,47,66,54,51,30,100,93,95,60,72,77" hai1="39,120,70,134,11,116,96,10,48,125,109,50,18" hai2="38,122,1,17,121,26,31,117,82,41,8,2,94" hai3="76,3,57,35,49,91,15,44,9,23,130,89,111"/><W86/><G35/><T80/><D30/><U129/><E96/><V25/><F94/><W64/><G130/><T37/><D37/><U5/><E5/><V108/><F41/><W114/><G114/><T58/><REACH who="0" step="1"/><D95/><REACH who="0" ten="258,220,285,227" step="2"/><U16/><E39/><V102/><F38/><W104/><G104/><T74/><D74/><U112/><E112/><V107/><F31/><W110/><G110/><T7/><D7/><U29/><E29/><V85/><F107/><W105/><G105/><T113/><D113/><U67/><E109/><V27/><F108/><W45/><G111/><T22/><D22/><U12/><E129/><V53/><F121/><W75/><G75/><T46/><D46/><U20/><E20/><V88/><F122/><W14/><G44/><T33/><D33/><U126/><E120/><V131/><F131/><W127/><G23/><T78/><D78/><U61/><E125/><V13/><F117/><W55/><G127/><T106/><D106/><U84/><E126/><V0/><F102/><W87/><G76/><T90/><D90/><U123/><E116/><V83/><REACH who="2" step="1"/><F53/><REACH who="2" ten="258,220,275,227" step="2"/><W62/><G55/><T132/><D132/><U36/><E134/><V19/><F19/><W135/><G135/><T68/><D68/><U98/><E123/><V73/><F73/><W21/><G64/><T42/><D42/><U103/><E36/><V34/><F34/><W81/><G21/><T101/><D101/><U128/><E128/><V115/><F115/><W119/><G119/><T43/><D43/><U118/><E118/><V6/><F6/><W133/><G133/><T69/><D69/><RYUUKYOKU ba="0,2" sc="258,15,220,-15,275,15,227,-15" hai0="47,51,52,54,58,60,65,66,72,77,80,93,100" hai2="0,1,2,8,13,17,25,26,27,82,83,85,88" /><INIT seed="4,1,2,0,0,17" ten="273,205,290,212" oya="0" hai0="60,109,68,69,113,134,91,121,51,43,64,12,127" hai1="101,70,95,19,57,128,39,29,27,3,4,40,129" hai2="115,52,42,55,46,75,103,36,108,47,124,24,41" hai3="81,71,34,38,107,45,74,54,58,104,85,72,62"/><T93/><D121/><U0/><E70/><V132/><F75/><W87/><G34/><T84/><D113/><U6/><E39/><V73/><F73/><W119/><G119/><T65/><D127/><U35/><E40/><V14/><F115/><W120/><G120/><T16/><D134/><U7/><E57/><V44/><F124/><W53/><G71/><T100/><D109/><U114/><E114/><V86/><F108/><W13/><G72/><T111/><D111/><U83/><E83/><V8/><F132/><W32/><G32/><T10/><D100/><U11/><E95/><V79/><F103/><W76/><G13/><T116/><D116/><U56/><E56/><V5/><F24/><W110/><G110/><T37/><D37/><U92/><E92/><V96/><F96/><W22/><G38/><T135/><D135/><U30/><E101/><V106/><F106/><W15/><G104/><T66/><REACH who="0" step="1"/><D60/><REACH who="0" ten="263,205,290,212" step="2"/><U28/><E129/><V82/><F36/><W67/><G107/><T105/><D105/><U50/><E128/><V90/><F42/><W26/><G62/><T23/><D23/><U125/><E125/><V126/><F126/><W98/><G22/><T31/><D31/><N who="1" m="11851" /><E50/><V9/><F41/><W133/><G133/><T80/><D80/><U1/><E19/><V97/><F9/><AGARI ba="1,3" hai="0,1,3,4,6,7,9,11,27,30,35" m="11851" machi="9" ten="40,8000,1" yaku="35,5" doraHai="17" who="1" fromWho="2" sc="263,0,205,113,290,-83,212,0" /><INIT seed="5,0,0,2,2,111" ten="263,318,207,212" oya="1" hai0="106,129,114,50,56,122,72,30,63,70,15,59,25" hai1="89,47,133,92,7,118,9,14,112,43,54,124,29" hai2="10,49,104,19,75,40,121,123,32,39,71,38,0" hai3="53,109,37,41,12,80,36,13,31,3,22,125,93"/><U42/><E118/><V27/><F71/><W34/><G109/><T52/><D72/><U99/><E112/><V74/><F104/><W48/><G3/><T116/><D116/><U120/><E120/><V57/><F75/><W66/><G34/><T18/><D106/><U100/><E124/><V45/><F74/><W82/><G66/><T91/><D122/><U113/><E113/><V119/><F119/><W24/><G41/><T132/><D114/><U55/><E133/><V64/><F39/><W135/><G36/><T78/><D78/><U84/><E29/><V77/><F32/><W96/><G37/><T67/><D91/><U65/><E65/><V107/><F107/><W62/><G62/><T117/><D117/><U86/><E84/><V2/><F38/><W20/><G135/><T85/><D85/><U60/><E47/><V17/><F2/><W5/><G12/><T102/><D102/><U44/><E44/><V4/><F77/><W1/><G1/><T87/><D87/><U33/><E33/><V21/><REACH who="2" step="1"/><F17/><REACH who="2" ten="263,318,197,212" step="2"/><N who="3" m="10287" /><G125/><T16/><D132/><U35/><E35/><V26/><F26/><W101/><G5/><T73/><D73/><U79/><E79/><V90/><F90/><W8/><G8/><N who="0" m="6247" /><D18/><U28/><E9/><V95/><F95/><W68/><G68/><T130/><D70/><U108/><E92/><V97/><F97/><W69/><G69/><T127/><D127/><U81/><E99/><V98/><F98/><W128/><G128/><N who="0" m="49259" /><D25/><U110/><E89/><V94/><F94/><W51/><G24/><T103/><D30/><U46/><E108/><RYUUKYOKU ba="0,1" sc="263,15,318,-15,197,15,212,-15" hai0="50,52,56,59,63,67,103" hai2="0,4,10,19,21,27,40,45,49,57,64,121,123" /><INIT seed="6,1,1,1,5,41" ten="278,303,212,197" oya="2" hai0="59,133,95,71,53,70,101,108,40,97,45,21,110" hai1="105,119,22,27,8,44,125,5,73,47,106,117,123" hai2="2,64,9,83,135,94,67,128,86,32,55,79,13" hai3="77,109,126,39,120,14,61,116,76,63,62,16,88"/><V96/><F32/><W46/><G109/><T68/><D21/><U114/><E73/><V6/><F128/><W82/><G120/><T34/><D34/><U24/><E123/><V38/><F135/><W115/><G116/><T131/><D131/><U20/><E8/><V54/><F38/><W84/><G126/><T98/><D133/><U49/><E49/><V51/><F2/><W91/><G115/><T28/><D28/><U134/><E134/><V111/><F111/><W1/><G1/><T37/><REACH who="0" step="1"/><D97/><REACH who="0" ten="268,303,212,197" step="2"/><U31/><E31/><V4/><F4/><W93/><G39/><T15/><D15/><U112/><REACH who="1" step="1"/><E5/><REACH who="1" ten="268,293,212,197" step="2"/><V92/><F51/><AGARI ba="1,3" hai="37,40,45,51,53,59,68,70,71,95,98,101,108,110" machi="51" ten="40,5200,0" yaku="1,1,52,1,53,1" doraHai="41" doraHaiUra="50" who="0" fromWho="2" sc="268,85,293,0,212,-55,197,0" /><INIT seed="7,0,0,5,0,49" ten="353,293,157,197" oya="3" hai0="46,80,65,69,122,11,135,111,87,117,56,118,33" hai1="125,30,25,0,32,29,60,134,101,45,96,37,107" hai2="15,28,70,114,85,89,18,102,78,73,7,52,31" hai3="16,40,83,6,19,13,66,63,86,54,109,126,67"/><W17/><G126/><T129/><D111/><U20/><E20/><V9/><F114/><W124/><G124/><T106/><D122/><U42/><E125/><V3/><F70/><W97/><G109/><T131/><D69/><U71/><E30/><V64/><F64/><N who="3" m="24619" /><G40/><T92/><D106/><U76/><E134/><V79/><F102/><W119/><G119/><T112/><D33/><U133/><E133/><V44/><F73/><W88/><G97/><T104/><D104/><U23/><E23/><V50/><F31/><W127/><G127/><T55/><D112/><U12/><E12/><V14/><F28/><W128/><G128/><T10/><D135/><U5/><E76/><V105/><F105/><W93/><G93/><T43/><D92/><U108/><E108/><V62/><F62/><W1/><G1/><T35/><D35/><U57/><E57/><V61/><F61/><W2/><G2/><T94/><D94/><U110/><E110/><V98/><F98/><W75/><G75/><T34/><D34/><U22/><E22/><N who="2" m="11607" /><F3/><W99/><G99/><T47/><D118/><U132/><E132/><V21/><F21/><N who="3" m="11407" /><G6/><T53/><D117/><U38/><E38/><V130/><F130/><W39/><G39/><T115/><D115/><U24/><E5/><V74/><F74/><W72/><G72/><T36/><D131/><U8/><E0/><V51/><F51/><W81/><G81/><AGARI ba="0,0" hai="7,9,15,44,50,52,78,79,81,85,89" m="11607" machi="81" ten="30,3900,0" yaku="8,1,52,1,54,1" doraHai="49" who="2" fromWho="3" sc="353,0,293,0,157,39,197,-39" owari="353,45.0,293,9.0,196,-20.0,158,-34.0" /></mjloggm>