<mjloggm ver="2.3"><GO type="169" lobby="0"/><UN n0="%73%61%6E%64%69%72%69%73" n1="%E3%83%94%E3%82%AC%E3%82%B7" n2="%E3%81%9F%E3%81%8B%31%34%31" n3="%46%69%72%73%74" dan="17,16,18,17" rate="2131.57,2134.84,2286.83,2149.92" sx="M,M,M,M"/><TAIKYOKU oya="0"/><INIT seed="0,0,0,4,2,92" ten="250,250,250,250" oya="0" hai0="104,132,27,23,88,79,83,73,8,48,51,97,120" hai1="78,101,80,127,113,118,124,2,131,68,11,58,6" hai2="59,122,9,107,21,31,70,13,29,126,34,112,85" hai3="55,62,26,125,90,65,0,75,114,69,10,87,135"/><T119/><D119/><U4/><E68/><V77/><F70/><W53/><G114/><T115/><D115/><U117/><E113/><V5/><F112/><W76/><G135/><T63/><D120/><U74/><E6/><V84/><F122/><W94/><G125/><N who="1" m="48202" /><E131/><V42/><F34/><W50/><G26/><T100/><D132/><U22/><E58/><V105/><F126/><W106/><G106/><T24/><D8/><U33/><E33/><V1/><F29/><W28/><G28/><T15/><D15/><U14/><E101/><V71/><F71/><W3/><G10/><T99/><D63/><U20/><E20/><V7/><F7/><W123/><G123/><T54/><D54/><U116/><E22/><V129/><F129/><W98/><G75/><T60/><D60/><U72/><E74/><V111/><F59/><W46/><REACH who="3" step="1"/><G55/><REACH who="3" ten="250,250,250,240" step="2"/><T102/><D27/><U66/><E66/><V32/><F107/><W19/><G19/><T82/><D24/><U39/><E14/><V133/><F105/><W93/><G93/><N who="0" m="58479" /><D23/><U43/><E118/><V56/><F133/><W37/><G37/><T86/><D83/><AGARI ba="0,1" hai="0,3,46,50,53,62,65,69,76,83,87,90,94,98" machi="83" ten="40,2600,0" yaku="1,1,52,1,53,0" doraHai="92" doraHaiUra="52" who="3" fromWho="0" sc="250,-26,250,0,250,0,240,36" /><INIT seed="1,0,0,5,5,72" ten="224,250,250,276" oya="1" hai0="3,58,67,42,49,122,48,115,52,61,121,23,98" hai1="44,111,57,110,107,4,85,70,45,116,20,96,40" hai2="25,128,5,112,7,91,88,135,24,87,41,47,69" hai3="90,1,113,50,13,35,10,117,32,36,74,86,89"/><U105/><E70/><V100/><F69/><W63/><G113/><T78/><D3/><U73/><E73/><V79/><F112/><W8/><G36/><T65/><D115/><U30/><E116/><V43/><F100/><W71/><G74/><T126/><D98/><U64/><E4/><V114/><F114/><W2/><G117/><T56/><D23/><U118/><E118/><V34/><F128/><W77/><G50/><T125/><D78/><U82/><E96/><V17/><F135/><W76/><G71/><T62/><D42/><U16/><E30/><V18/><F47/><N who="1" m="17993" /><E57/><V51/><F51/><N who="0" m="19530" /><D65/><U55/><E55/><V130/><F130/><W124/><G124/><AGARI ba="0,0" hai="52,56,58,61,62,67,121,122,124,125,126" m="19530" machi="124" ten="30,7700,0" yaku="18,1,34,2,54,1" doraHai="72" who="0" fromWho="3" sc="224,77,250,0,250,0,276,-77" /><INIT seed="2,0,0,4,0,65" ten="301,250,250,199" oya="2" hai0="12,74,47,97,30,13,76,68,18,112,2,130,25" hai1="120,114,104,37,53,75,64,135,33,116,95,1,94" hai2="118,108,122,34,61,87,70,42,50,119,9,57,103" hai3="26,86,67,56,129,85,48,45,10,24,41,54,36"/><V101/><F122/><W92/><G129/><T105/><D112/><U117/><RYUUKYOKU type="yao9" ba="0,0" sc="301,0,250,0,250,0,199,0" hai1="1,33,37,53,64,75,94,95,104,114,116,117,120,135" /><INIT seed="2,1,0,3,4,28" ten="301,250,250,199" oya="2" hai0="26,78,21,72,96,35,130,91,105,0,23,79,30" hai1="84,88,114,17,131,57,94,106,14,86,3,54,120" hai2="112,97,85,90,115,82,15,31,49,70,43,63,101" hai3="117,64,16,80,102,71,34,81,51,121,104,118,93"/><V61/><F31/><W8/><G121/><T7/><D130/><U107/><E114/><V24/><F24/><W9/><G104/><T125/><D125/><U22/><E131/><V98/><F98/><W75/><G51/><T128/><D128/><U27/><E3/><V76/><F90/><W44/><G44/><T19/><D72/><U13/><E120/><V123/><F123/><W92/><G102/><T113/><D113/><U53/><E53/><V5/><F70/><W48/><G48/><T60/><D23/><U29/><E86/><V74/><F74/><W39/><G75/><T6/><D6/><U87/><E87/><V38/><F38/><W32/><G16/><T50/><D50/><U108/><E14/><V10/><F115/><W69/><REACH who="3" step="1"/><G64/><REACH who="3" ten="301,250,250,189" step="2"/><T4/><D19/><U58/><E107/><N who="2" m="63919" /><F112/><W132/><G132/><T133/><D105/><U18/><E106/><V135/><F135/><W47/><G47/><AGARI ba="1,1" hai="5,10,15,43,47,49,61,63,76,82,85" m="63919" machi="47" ten="30,1500,0" yaku="25,1" doraHai="28" who="2" fromWho="3" sc="301,0,250,0,250,28,189,-18" /><INIT seed="2,2,0,1,2,79" ten="301,250,278,171" oya="2" hai0="43,12,88,82,72,98,25,95,26,84,48,122,27" hai1="85,41,37,18,10,86,100,117,30,53,75,32,3" hai2="131,11,17,121,74,123,28,89,111,77,129,94,19" hai3="6,126,52,130,60,91,38,16,101,76,55,78,14"/><V110/><F28/><W107/><G38/><T106/><D122/><U56/><E117/><V62/><F62/><W135/><G130/><N who="2" m="49673" /><F77/><W33/><G33/><T96/><D106/><U102/><E75/><V114/><F74/><W24/><G135/><T93/><D72/><U42/><E30/><V35/><F35/><W66/><G126/><T73/><D73/><U58/><E32/><V44/><F44/><W2/><G24/><T7/><D98/><U68/><E68/><V116/><F114/><W103/><G2/><T87/><D43/><U70/><E70/><V108/><F116/><W46/><G6/><T0/><D0/><U118/><E3/><V39/><F39/><W31/><G31/><T54/><D87/><U113/><E37/><V64/><F64/><W51/><G55/><T67/><D96/><U83/><E53/><V20/><F11/><N who="3" m="6239" /><G107/><T13/><D67/><U59/><E10/><V115/><F115/><W22/><G22/><T49/><D49/><U29/><E29/><V23/><F23/><W15/><G15/><N who="0" m="5707" /><D7/><U57/><E118/><V34/><F34/><W134/><G134/><T1/><D1/><U133/><E133/><V36/><F36/><W92/><G78/><T104/><D104/><U61/><E113/><V8/><F8/><W119/><G76/><T4/><D4/><U40/><E18/><N who="2" m="6667" /><F20/><W63/><G119/><T71/><D71/><U69/><E69/><V97/><AGARI ba="2,0" hai="89,94,97,108,110,111,121,123" m="6667,49673" machi="97" ten="40,7800,0" yaku="14,1,10,1,19,1" doraHai="79" who="2" fromWho="2" sc="301,-28,250,-28,278,84,171,-28" /><INIT seed="2,3,0,4,3,67" ten="273,222,362,143" oya="2" hai0="50,14,57,117,100,77,106,33,42,21,62,24,4" hai1="135,3,82,118,20,10,84,69,46,109,28,122,123" hai2="54,49,80,134,2,48,93,130,75,12,120,87,61" hai3="66,121,102,110,39,74,29,8,78,25,23,76,96"/><V56/><F2/><W32/><G121/><T70/><D117/><U63/><E118/><V45/><F120/><N who="1" m="46121" /><E109/><V95/><F130/><W101/><G110/><T107/><D77/><U108/><E108/><V85/><F75/><W90/><G39/><T83/><D83/><U113/><E113/><V31/><F134/><W133/><G133/><T125/><D125/><U72/><E72/><V59/><F31/><W13/><G90/><T124/><D124/><U7/><E46/><V38/><F38/><W111/><G111/><T11/><D33/><U47/><E47/><V104/><F104/><W60/><G74/><T119/><D100/><U88/><E135/><V51/><F45/><W91/><G91/><T127/><D127/><U18/><E28/><V17/><F56/><W112/><G112/><T26/><D26/><N who="1" m="14615" /><E63/><V68/><F49/><W116/><G116/><T114/><D114/><U30/><E30/><V1/><F51/><W15/><G15/><T131/><D131/><U81/><E82/><V0/><F1/><W41/><G41/><T6/><D42/><U19/><E19/><V129/><F0/><W105/><G102/><T27/><D4/><U43/><E43/><V40/><F40/><W58/><REACH who="3" step="1"/><G32/><REACH who="3" ten="273,222,362,133" step="2"/><T35/><D35/><U34/><E34/><V5/><F129/><W94/><G94/><T86/><D119/><U65/><E65/><N who="2" m="41007" /><F95/><W64/><G64/><T9/><D107/><U71/><AGARI ba="3,1" hai="3,7,10,69,71,81,84,88" m="14615,46121" machi="71" ten="30,7900,0" yaku="13,1,52,2,54,1" doraHai="67" who="1" fromWho="1" sc="273,-23,222,98,362,-42,133,-23" /><INIT seed="3,0,0,3,2,68" ten="250,320,320,110" oya="3" hai0="134,26,33,73,43,117,105,32,118,22,41,128,79" hai1="85,13,62,16,91,17,112,45,30,84,47,29,25" hai2="100,92,94,126,67,127,21,116,51,81,53,5,63" hai3="42,109,18,24,3,95,106,80,35,123,4,78,93"/><W120/><G106/><T59/><D105/><U130/><E130/><V82/><F116/><W70/><G70/><T48/><D134/><U57/><E112/><V99/><F5/><W83/><G42/><T114/><D128/><U69/><E69/><N who="2" m="42239" /><F94/><W1/><G109/><T0/><D0/><U7/><E7/><V40/><F21/><W9/><G18/><T89/><D89/><U103/><E103/><V64/><F64/><W20/><G35/><T71/><D79/><U135/><E135/><V58/><F40/><W121/><G1/><T37/><D73/><U74/><E74/><V39/><F39/><W98/><G98/><T104/><D114/><U113/><E85/><V90/><F90/><W11/><G11/><T8/><D8/><U72/><E72/><V19/><F19/><W108/><G108/><T76/><D104/><U56/><E56/><V110/><F110/><W15/><G3/><T28/><D71/><U6/><E6/><V12/><F12/><W46/><G46/><N who="1" m="17418" /><E25/><V129/><F129/><W119/><G119/><N who="0" m="45579" /><D76/><U49/><E49/><V55/><F55/><W60/><G60/><T133/><D133/><U54/><E17/><V101/><F101/><W124/><G78/><T125/><D43/><U86/><E86/><V75/><F75/><W115/><G115/><T87/><D125/><AGARI ba="0,0" hai="51,53,58,81,82,92,99,100,125,126,127" m="42239" machi="125" ten="30,1000,0" yaku="18,1" doraHai="68" who="2" fromWho="0" sc="250,-10,320,0,320,10,110,0" /><INIT seed="4,0,0,3,1,135" ten="240,320,330,110" oya="0" hai0="3,90,20,41,121,127,15,57,11,115,123,18,40" hai1="132,77,19,17,128,65,28,60,91,43,110,117,47" hai2="125,48,9,64,68,113,59,93,72,66,33,108,78" hai3="119,46,56,7,114,49,2,26,67,62,25,50,105"/><T54/><D115/><U12/><E110/><V6/><F108/><W13/><G114/><T79/><D127/><U131/><E77/><V92/><F33/><W133/><G133/><T98/><D79/><U45/><E28/><V27/><F27/><W112/><G112/><T94/><D3/><U109/><E117/><V103/><F68/><W52/><G119/><T55/><D121/><U101/><E101/><V51/><F113/><W82/><G2/><T0/><D123/><U23/><E91/><V16/><F6/><W22/><G105/><T5/><REACH who="0" step="1"/><D55/><REACH who="0" ten="230,320,330,110" step="2"/><U14/><E109/><V38/><F78/><W29/><G82/><T97/><D97/><U61/><E132/><V76/><F76/><W34/><G7/><T32/><D32/><U83/><E83/><V1/><F125/><W44/><G13/><T36/><D36/><U88/><E14/><V122/><F38/><W84/><G84/><T42/><D42/><U73/><E43/><V24/><F122/><W106/><G106/><T100/><D100/><U70/><E12/><V130/><F103/><W71/><REACH who="3" step="1"/><G50/><AGARI ba="0,1" hai="0,5,11,15,18,20,40,41,50,54,57,90,94,98" machi="50" ten="30,5800,0" yaku="1,1,7,1,53,1" doraHai="135" doraHaiUra="10" who="0" fromWho="3" sc="230,68,320,0,330,0,110,-58" /><INIT seed="4,1,0,0,5,76" ten="298,320,330,52" oya="0" hai0="118,34,5,91,24,11,59,123,83,101,109,30,49" hai1="100,86,125,45,44,67,48,15,87,40,14,63,131" hai2="120,111,89,61,107,51,90,129,72,56,6,53,13" hai3="94,99,19,60,10,95,25,117,36,22,77,127,103"/><T29/><D123/><U79/><E131/><V8/><F111/><W35/><G117/><T128/><D118/><U116/><E125/><V75/><F120/><W71/><G127/><T58/><D128/><U119/><E116/><V93/><F107/><W98/><G36/><T0/><D109/><U112/><E112/><V113/><F129/><W73/><G35/><T132/><D132/><U1/><E1/><V69/><F113/><W115/><G115/><T28/><D101/><U66/><E100/><V27/><F90/><W64/><G10/><T85/><REACH who="0" step="1"/><D59/><REACH who="0" ten="288,320,330,52" step="2"/><U16/><E119/><V122/><F122/><W68/><G68/><T38/><D38/><U80/><E45/><V39/><F39/><W130/><G130/><T21/><D21/><U32/><E32/><V4/><F69/><W57/><G71/><T52/><AGARI ba="1,1" hai="0,5,11,24,28,29,30,34,49,52,58,83,85,91" machi="52" ten="30,11700,0" yaku="1,1,0,1,52,1,54,1,53,0" doraHai="76" doraHaiUra="65" who="0" fromWho="0" sc="288,130,320,-40,330,-40,52,-40" /><INIT seed="4,2,0,5,0,91" ten="418,280,290,12" oya="0" hai0="65,51,23,101,62,1,4,85,69,60,40,113,63" hai1="81,88,3,38,107,114,76,118,2,112,94,15,110" hai2="52,44,75,105,92,123,29,41,26,95,42,22,33" hai3="59,13,5,134,109,126,82,119,6,97,45,87,14"/><T130/><D113/><N who="1" m="43627" /><E110/><V50/><F123/><W96/><G109/><T131/><D1/><U19/><E107/><V46/><F105/><W83/><G119/><T89/><D4/><U16/><E38/><V77/><F33/><W108/><G108/><T0/><D0/><N who="1" m="43" /><E15/><N who="3" m="5642" /><G134/><T9/><D9/><U34/><E34/><V103/><F103/><W90/><G126/><T47/><D101/><U117/><E117/><V43/><REACH who="2" step="1"/><F44/><REACH who="2" ten="418,280,280,12" step="2"/><W7/><G45/><T18/><D130/><U116/><E116/><V73/><F73/><W86/><G59/><T30/><D131/><U98/><E118/><V25/><F25/><W54/><G54/><T21/><D47/><U36/><E36/><V99/><F99/><W28/><G28/><T74/><D30/><U8/><E8/><V133/><F133/><W48/><G48/><T84/><D51/><U39/><E39/><V129/><F129/><W111/><G111/><T35/><D74/><AGARI ba="2,1" hai="16,19,74,76,81,88,94,98" m="43,43627" machi="74" ten="30,8000,1" yaku="15,1,11,1,52,1,54,2" doraHai="91" who="1" fromWho="0" sc="418,-86,280,96,280,0,12,0" /><INIT seed="5,0,0,4,3,38" ten="332,376,280,12" oya="1" hai0="116,13,74,98,61,96,45,51,11,106,86,121,54" hai1="81,134,56,62,123,114,101,28,14,130,21,110,65" hai2="63,131,37,41,77,25,91,89,36,93,120,94,88" hai3="52,72,70,125,39,92,80,20,100,46,102,1,97"/><U60/><E110/><V79/><F120/><W31/><G70/><T108/><D108/><U58/><E123/><V90/><F131/><W118/><G1/><T127/><D121/><U26/><E130/><V22/><F63/><W83/><G125/><T105/><D74/><U128/><E128/><V111/><F111/><W4/><G4/><T10/><D116/><U67/><E114/><V12/><F12/><W133/><G118/><T84/><D127/><U55/><E134/><V30/><F94/><W71/><G71/><T57/><D106/><U3/><E3/><V2/><F2/><W124/><G124/><T76/><D10/><U68/><E101/><V132/><F132/><W33/><G33/><T103/><D96/><U117/><E117/><V66/><F66/><W113/><G113/><T40/><REACH who="0" step="1"/><D76/><REACH who="0" ten="322,376,280,12" step="2"/><U119/><E119/><V126/><F126/><W69/><G133/><T27/><D27/><U18/><E81/><V48/><F77/><W42/><G72/><T17/><AGARI ba="0,1" hai="11,13,17,40,45,51,54,57,61,84,86,98,103,105" machi="17" ten="20,8000,1" yaku="1,1,0,1,7,1,52,1,53,1" doraHai="38" doraHaiUra="5" who="0" fromWho="0" sc="322,90,376,-40,280,-20,12,-20" owari="412,51.0,336,14.0,260,-14.0,-8,-51.0" /></mjloggm>