<mjloggm ver="2.3"><GO type="169" lobby="0"/><UN n0="%E3%81%AE%E3%81%B3%E3%81%97%E3%82%8D%E2%99%82" n1="%73%7A%2E%64%31" n2="%E3%81%86%E3%81%A9%E3%82%93%E3%81%93" n3="%4D%61%74%75%75%72%61" dan="16,16,16,16" rate="2118.74,2130.42,2122.18,2095.86" sx="M,M,M,M"/><TAIKYOKU oya="0"/><INIT seed="0,0,0,3,1,25" ten="250,250,250,250" oya="0" hai0="8,57,14,73,100,4,66,105,68,111,24,31,98" hai1="55,135,52,88,91,56,65,84,47,97,123,40,69" hai2="130,125,26,108,119,5,42,50,45,12,110,16,89" hai3="117,23,83,6,7,122,99,37,101,118,49,38,35"/><T104/><D111/><N who="2" m="42538" /><F130/><W60/><G35/><T2/><D73/><U120/><E135/><V21/><F125/><W20/><G49/><T72/><D72/><U133/><E133/><V32/><F89/><W3/><G60/><T106/><D57/><U39/><E55/><V62/><F62/><W82/><G99/><T27/><D14/><U19/><E19/><V67/><F67/><W76/><G101/><T85/><D85/><U92/><E65/><V13/><F119/><W112/><G112/><T94/><REACH who="0" step="1"/><D31/><REACH who="0" ten="240,250,250,250" step="2"/><U129/><E69/><V70/><F70/><W15/><G15/><T59/><D59/><U102/><E129/><V71/><F71/><W107/><G117/><T48/><D48/><U74/><E74/><V41/><F13/><W109/><G118/><T121/><D121/><U81/><REACH who="1" step="1"/><E102/><REACH who="1" ten="240,240,250,250" step="2"/><V124/><F5/><W128/><G128/><T132/><D132/><U86/><E86/><V1/><F124/><W10/><G109/><T126/><D126/><U33/><E33/><V53/><F1/><W113/><G3/><T114/><D114/><U54/><E54/><V0/><F0/><W80/><G113/><T134/><D134/><U28/><E28/><AGARI ba="0,2" hai="12,16,21,26,28,32,41,42,45,50,53" m="42538" machi="28" ten="30,3900,0" yaku="14,1,52,1,54,1" doraHai="25" who="2" fromWho="1" sc="240,0,240,-39,250,59,250,0" /><INIT seed="1,0,0,2,0,101" ten="240,201,309,250" oya="1" hai0="50,75,31,45,14,15,16,87,132,26,129,61,133" hai1="98,35,56,123,92,128,82,25,34,122,58,95,30" hai2="79,93,21,112,46,127,60,37,29,131,111,77,73" hai3="13,57,8,97,1,104,48,22,109,76,72,40,51"/><U41/><E128/><V10/><F111/><W62/><G109/><T28/><D75/><U68/><E68/><V74/><F131/><W117/><G117/><T90/><D129/><U121/><E41/><V135/><F135/><W64/><G1/><T59/><D14/><U3/><E3/><V19/><F127/><W108/><G108/><T55/><D26/><U126/><E126/><V42/><F74/><W130/><G130/><T80/><D133/><U118/><E118/><V83/><F77/><W54/><G22/><T89/><D89/><U85/><E35/><V69/><F112/><W23/><G23/><T66/><REACH who="0" step="1"/><D132/><REACH who="0" ten="230,201,309,250" step="2"/><U11/><E123/><V32/><F73/><W116/><G72/><T102/><D102/><U65/><E122/><V134/><F79/><W107/><G76/><T33/><D33/><U0/><E121/><V84/><F32/><W99/><G116/><T125/><D125/><U70/><E0/><V63/><F134/><W44/><G13/><T5/><D5/><U106/><E34/><V24/><F24/><W49/><G8/><AGARI ba="0,1" hai="8,15,16,28,31,45,50,55,59,61,66,80,87,90" machi="8" ten="30,12000,2" yaku="1,1,7,1,25,2,8,1,54,1,53,0" doraHai="101" doraHaiUra="91" who="0" fromWho="3" sc="230,130,201,0,309,0,250,-120" /><INIT seed="2,0,0,4,3,55" ten="360,201,309,130" oya="2" hai0="33,120,26,113,35,14,89,110,93,115,63,99,134" hai1="84,106,91,1,83,25,65,88,53,8,97,85,43" hai2="98,4,128,41,46,123,96,50,59,86,48,3,119" hai3="10,94,28,61,36,23,19,29,42,127,77,87,73"/><V79/><F119/><W69/><G73/><T67/><D110/><U38/><E65/><V5/><F123/><W20/><G36/><T44/><D134/><U114/><E114/><V16/><F128/><W70/><G42/><T51/><D120/><U52/><E25/><V109/><F3/><W7/><G69/><T49/><D49/><U37/><E1/><V75/><F75/><W31/><G70/><T66/><D66/><U11/><E97/><N who="2" m="37483" /><F109/><W71/><G71/><T129/><D129/><U117/><E117/><V40/><F16/><W72/><G72/><T135/><D135/><U102/><E102/><V6/><F79/><W108/><G19/><T57/><D14/><U22/><E22/><V95/><F86/><W105/><G105/><T104/><D104/><U125/><E125/><V58/><F95/><W124/><G108/><T12/><D12/><U103/><E103/><V30/><F30/><W121/><G121/><T74/><D74/><U118/><E118/><V92/><F92/><W18/><G18/><T76/><D76/><U62/><E106/><V133/><F133/><W100/><G100/><T126/><D126/><U34/><E34/><V131/><F131/><W15/><G124/><T122/><D122/><U13/><E13/><V78/><F78/><W68/><G127/><T0/><D0/><U39/><E43/><V21/><F21/><W9/><G94/><T90/><D115/><U112/><E112/><V130/><F130/><W111/><G111/><T27/><D113/><U54/><E62/><V17/><F17/><W2/><G2/><T32/><D99/><RYUUKYOKU ba="0,0" sc="360,-15,201,15,309,15,130,-15" hai1="8,11,37,38,39,52,53,54,83,84,85,88,91" hai2="4,5,6,40,41,46,48,50,58,59" /><INIT seed="2,1,0,0,5,113" ten="345,216,324,115" oya="2" hai0="75,106,114,91,2,8,129,125,123,119,67,18,122" hai1="46,70,78,54,68,58,32,3,126,90,110,94,49" hai2="115,71,83,95,35,21,112,69,89,131,13,76,7" hai3="30,11,36,118,5,100,74,134,53,45,86,77,62"/><V57/><F35/><W64/><G134/><T33/><RYUUKYOKU type="yao9" ba="1,0" sc="345,0,216,0,324,0,115,0" hai0="2,8,18,33,67,75,91,106,114,119,122,123,125,129" /><INIT seed="2,2,0,5,3,134" ten="345,216,324,115" oya="2" hai0="5,73,16,100,41,104,117,111,13,60,50,44,29" hai1="47,65,94,85,72,10,46,131,123,7,53,52,102" hai2="12,3,55,93,91,35,8,96,64,90,57,58,101" hai3="71,49,112,74,108,84,34,106,26,125,129,130,70"/><V67/><F35/><W81/><G84/><T40/><D111/><U69/><E72/><V78/><F78/><W86/><G86/><T77/><D117/><U89/><E131/><V59/><F55/><W135/><G49/><T18/><D5/><U75/><E75/><V39/><F3/><W6/><G6/><T27/><D18/><U33/><E33/><V43/><F43/><W118/><G81/><T121/><D121/><U126/><E123/><V113/><F39/><W110/><G26/><T45/><D60/><U2/><E102/><V66/><REACH who="2" step="1"/><F113/><REACH who="2" ten="345,216,314,115" step="2"/><W114/><G112/><T87/><D77/><U20/><E53/><V1/><F1/><W99/><G110/><T92/><D41/><U97/><E52/><V116/><F116/><W28/><G129/><T30/><D40/><U36/><E36/><V17/><AGARI ba="2,1" hai="8,12,17,57,58,59,64,66,67,90,91,93,96,101" machi="17" ten="30,11700,0" yaku="1,1,0,1,8,1,53,1" doraHai="134" doraHaiUra="95" who="2" fromWho="2" sc="345,-41,216,-41,314,133,115,-41" /><INIT seed="2,3,0,3,5,22" ten="304,175,447,74" oya="2" hai0="87,106,64,50,54,110,75,70,20,115,55,13,51" hai1="32,95,52,126,26,7,61,56,96,109,35,135,31" hai2="66,99,28,80,79,18,47,17,72,82,78,107,2" hai3="123,121,112,25,124,8,58,94,19,44,12,132,71"/><V42/><F2/><W130/><G71/><T117/><D110/><U127/><E109/><V116/><F116/><W0/><G112/><T129/><D129/><U103/><E135/><V39/><F66/><W23/><G130/><T53/><D117/><U69/><E69/><V5/><F5/><W111/><G111/><T1/><D1/><U40/><E7/><V46/><F28/><W77/><G77/><T11/><D115/><U86/><E40/><V9/><F9/><W24/><G44/><T102/><D75/><U83/><REACH who="1" step="1"/><E35/><REACH who="1" ten="304,165,447,74" step="2"/><V122/><F42/><W34/><G34/><T133/><D133/><U128/><E128/><V90/><F122/><W105/><G132/><T6/><D6/><U120/><E120/><V65/><F39/><W68/><G68/><T59/><D70/><U93/><E93/><V97/><F107/><W118/><G94/><T131/><D106/><U74/><E74/><V27/><F72/><W14/><G105/><T89/><D131/><U33/><E33/><V91/><F65/><W88/><G118/><T76/><D64/><U67/><E67/><V15/><F82/><W108/><G108/><T30/><D55/><U41/><E41/><V63/><F80/><W3/><G121/><T49/><D54/><U81/><E81/><V21/><F79/><AGARI ba="3,1" hai="26,31,32,52,56,61,79,83,86,95,96,103,126,127" machi="79" ten="40,5200,0" yaku="1,1,52,1,54,1,53,0" doraHai="22" doraHaiUra="16" who="1" fromWho="2" sc="304,0,165,71,447,-61,74,0" /><INIT seed="3,0,0,3,5,54" ten="304,236,386,74" oya="3" hai0="39,92,123,15,121,115,43,97,13,109,9,0,38" hai1="79,44,104,26,19,57,118,33,130,112,58,69,50" hai2="106,119,28,23,114,59,60,110,95,14,96,42,61" hai3="85,108,91,62,113,117,10,27,98,16,66,77,90"/><W46/><G113/><T134/><D0/><U80/><E104/><V36/><F106/><W11/><G117/><T30/><D15/><U5/><E112/><V52/><F114/><W4/><G108/><T55/><D115/><U89/><E69/><V20/><F119/><W105/><G46/><T122/><D109/><U75/><E130/><V126/><F110/><W1/><G77/><T94/><D134/><U127/><E127/><V35/><F126/><W64/><G64/><T2/><D2/><U74/><E74/><V31/><F35/><W18/><G11/><T102/><D43/><U135/><E135/><V41/><F61/><W76/><G76/><T86/><D30/><N who="2" m="11306" /><F36/><W51/><G51/><T8/><D8/><U81/><E118/><V48/><F14/><W93/><G27/><T6/><D55/><U3/><E33/><V45/><F42/><W132/><G132/><T29/><D29/><U120/><E120/><V17/><F17/><W25/><G25/><T70/><D70/><U53/><E26/><V101/><AGARI ba="0,0" hai="20,23,41,45,48,52,59,60,95,96,101" m="11306" machi="101" ten="30,4000,0" yaku="8,1,52,1,54,1" doraHai="54" who="2" fromWho="2" sc="304,-10,236,-10,386,40,74,-20" /><INIT seed="4,0,0,5,0,63" ten="294,226,426,54" oya="0" hai0="72,118,19,17,44,122,51,32,69,86,20,66,116" hai1="53,104,42,2,80,65,112,77,95,123,56,99,31" hai2="117,59,105,114,129,96,43,27,67,130,29,132,133" hai3="82,54,87,3,120,70,11,5,1,46,126,84,107"/><T50/><D122/><U61/><E123/><V85/><F114/><W21/><G107/><T7/><D72/><U81/><E2/><V101/><F117/><W62/><G1/><T33/><D7/><U38/><E104/><V100/><F100/><W48/><G126/><T111/><D111/><U30/><E112/><V13/><F43/><W36/><G120/><T47/><D86/><U9/><E9/><V35/><F85/><W12/><G36/><T8/><D20/><U94/><E94/><V26/><F13/><W131/><G131/><N who="2" m="50185" /><F27/><W102/><G102/><T37/><D69/><U23/><E30/><V119/><F119/><W52/><G84/><T110/><D37/><U4/><E4/><V24/><F24/><W41/><G21/><T18/><D18/><U74/><E80/><V15/><F15/><W68/><G3/><T91/><D91/><U0/><E0/><V40/><F40/><W98/><G98/><T128/><D128/><U45/><E23/><V103/><F103/><W88/><REACH who="3" step="1"/><G68/><REACH who="3" ten="294,226,426,44" step="2"/><T121/><D121/><U16/><E38/><V90/><F90/><W97/><G97/><T127/><D127/><U57/><E99/><V113/><F113/><W106/><G106/><T115/><D115/><U10/><E74/><V135/><F133/><W39/><G39/><T22/><D22/><U93/><E81/><V109/><F109/><W76/><G76/><T25/><D110/><U89/><E77/><V55/><F135/><W60/><G60/><T49/><D25/><U108/><E108/><V58/><F132/><W71/><G71/><T125/><D125/><RYUUKYOKU ba="0,1" sc="294,-10,226,-10,426,-10,44,30" hai3="5,11,12,41,46,48,52,54,62,70,82,87,88" /><INIT seed="5,1,1,2,1,0" ten="284,216,416,74" oya="1" hai0="53,123,36,108,64,130,58,121,57,111,89,112,44" hai1="114,93,52,90,31,65,28,26,101,48,129,50,78" hai2="77,81,59,56,35,75,24,125,7,96,116,70,107" hai3="117,15,131,105,23,69,45,79,67,135,132,134,20"/><U124/><E114/><V47/><F116/><W13/><G105/><T120/><D89/><U1/><E1/><V21/><F70/><W97/><G69/><T42/><D112/><U104/><E124/><V54/><F35/><W27/><G67/><T14/><D14/><U17/><E129/><V94/><F107/><W41/><G79/><T30/><D30/><U9/><E78/><V3/><F125/><W62/><G62/><N who="0" m="37967" /><D130/><U83/><E48/><AGARI ba="1,1" hai="36,42,44,48,53,58,108,111,120,121,123" m="37967" machi="48" ten="30,3900,0" yaku="13,1,34,2" doraHai="0" who="0" fromWho="1" sc="284,52,216,-42,416,0,74,0" /><INIT seed="6,0,0,5,1,23" ten="336,174,416,74" oya="2" hai0="83,106,46,26,95,4,92,36,35,72,40,58,76" hai1="126,124,28,100,120,43,73,75,57,115,111,11,13" hai2="110,119,125,37,101,47,56,66,17,134,94,108,2" hai3="52,60,96,89,71,15,48,74,114,88,49,39,116"/><V84/><F119/><W7/><G74/><T122/><D106/><U44/><E115/><V27/><F2/><W97/><G39/><T102/><D122/><U107/><E120/><V30/><F134/><W98/><G116/><T41/><D102/><U133/><E111/><V12/><F125/><N who="1" m="48233" /><E133/><V118/><F118/><W21/><G114/><T16/><D41/><U25/><E57/><V109/><F47/><W42/><G71/><T54/><D4/><N who="1" m="3303" /><E100/><V62/><F37/><W90/><G42/><T79/><D79/><U82/><E82/><V105/><F101/><W34/><G34/><T3/><D3/><U128/><E107/><V65/><F105/><W70/><G70/><T77/><D77/><U87/><E87/><V68/><F84/><W121/><G121/><T19/><D95/><U127/><E128/><V91/><F94/><W8/><G21/><T33/><D92/><U9/><E9/><N who="2" m="6287" /><F91/><W18/><G7/><T63/><REACH who="0" step="1"/><D35/><REACH who="0" ten="326,174,416,74" step="2"/><N who="1" m="20879" /><E127/><V86/><F109/><W135/><G135/><T20/><D20/><U69/><E69/><V117/><F68/><W131/><G131/><T80/><D80/><U130/><E130/><V123/><F123/><W31/><G31/><AGARI ba="0,1" hai="16,19,26,31,33,36,40,46,54,58,63,72,76,83" machi="31" ten="40,5200,0" yaku="1,1,52,1,54,1,53,0" doraHai="23" doraHaiUra="85" who="0" fromWho="3" sc="326,62,174,0,416,0,74,-52" /><INIT seed="7,0,0,1,0,24" ten="388,174,416,22" oya="3" hai0="101,0,85,17,71,117,76,105,58,49,72,30,43" hai1="135,66,23,55,123,127,1,120,130,69,31,54,9" hai2="42,109,11,46,67,96,34,38,124,21,79,115,48" hai3="108,81,83,80,47,134,102,22,27,116,92,113,119"/><W86/><G108/><T122/><D117/><U73/><E73/><V19/><F109/><W100/><G113/><T111/><D111/><U57/><E69/><V29/><F115/><W118/><G47/><T39/><D122/><U14/><E1/><V28/><F124/><W129/><G129/><T6/><D71/><U75/><E14/><V103/><F34/><W125/><G125/><T133/><D133/><U121/><E31/><V12/><F67/><W63/><G63/><T50/><D105/><U74/><E23/><V88/><F79/><W126/><G126/><T87/><D101/><U78/><E9/><V112/><F112/><W56/><G56/><T82/><D17/><U61/><E54/><V41/><F88/><W15/><G15/><T59/><D30/><N who="2" m="11882" /><F38/><W16/><REACH who="3" step="1"/><G134/><REACH who="3" ten="388,174,416,12" step="2"/><T4/><D59/><N who="1" m="37183" /><E127/><V51/><F46/><W94/><G94/><T10/><D58/><U104/><E57/><V99/><F12/><W5/><G5/><T89/><D6/><U77/><E130/><V131/><F131/><W8/><G8/><T60/><D60/><U98/><E135/><V110/><F11/><W44/><G44/><T132/><D132/><U40/><E123/><V36/><F110/><W33/><G33/><T3/><D3/><U20/><E121/><V95/><F95/><W25/><G25/><T90/><D39/><U65/><E120/><V18/><F36/><W52/><G52/><T7/><D7/><U37/><E55/><V32/><F32/><W93/><G93/><N who="0" m="54447" /><D43/><U68/><E40/><V107/><F42/><W64/><G64/><T97/><D97/><RYUUKYOKU ba="0,1" sc="388,15,174,-15,416,-15,12,15" hai0="0,4,10,49,50,72,76,82,87,90" hai3="16,22,27,80,81,83,86,92,100,102,116,118,119" /><INIT seed="7,1,1,2,0,76" ten="403,159,401,27" oya="3" hai0="25,3,102,2,7,33,16,104,49,28,61,117,42" hai1="73,91,112,132,22,135,57,58,60,8,92,99,103" hai2="67,21,34,50,71,6,124,5,126,29,45,111,55" hai3="95,86,52,23,100,106,120,122,37,75,30,80,74"/><W11/><G37/><T62/><D117/><U123/><E123/><V27/><F111/><W79/><G11/><T0/><D7/><U93/><E73/><V51/><F34/><W9/><G9/><T78/><D78/><U81/><E81/><V107/><F107/><W109/><G75/><T97/><REACH who="0" step="1"/><D16/><REACH who="0" ten="393,159,401,27" step="2"/><U44/><E22/><V39/><F39/><W129/><G109/><T118/><D118/><U130/><E44/><AGARI ba="1,2" hai="0,2,3,25,28,33,42,44,49,61,62,97,102,104" machi="44" ten="40,1300,0" yaku="1,1,53,0" doraHai="76" doraHaiUra="64" who="0" fromWho="1" sc="393,36,159,-16,401,0,27,0" owari="429,53.0,143,-26.0,401,20.0,27,-47.0" /></mjloggm>