<mjloggm ver="2.3"><GO type="225" lobby="0"/><UN n0="%E5%85%94%E6%96%AF%E5%9F%BA" n1="%E6%80%AA%E3%81%97%E3%81%99%E3%81%8E%E3%82%8B%E3%83%81%E3%83%BC" n2="%E3%81%99%E3%81%84%E3%81%BE%E3%81%9B%E3%83%BC%E3%82%93" n3="%E3%82%B8%E3%83%A3%E3%83%9E%E3%83%BC%E3%83%AB%E3%83%9E%E3%83%AC%E3%83%BC" dan="17,16,17,17" rate="2201.14,2113.29,2150.69,2135.27" sx="M,M,M,M"/><TAIKYOKU oya="0"/><INIT seed="0,0,0,5,5,110" ten="250,250,250,250" oya="0" hai0="37,39,115,86,24,97,12,70,17,35,60,87,14" hai1="120,91,10,125,113,33,95,119,5,128,6,69,92" hai2="131,133,38,31,50,85,49,102,73,101,132,65,18" hai3="47,84,26,27,55,71,21,13,72,96,19,123,51"/><T89/><D12/><U105/><E105/><V63/><F38/><W3/><G72/><T46/><D97/><U40/><E120/><V15/><F73/><W130/><G123/><T114/><D86/><U126/><E119/><V44/><F131/><W59/><G71/><T108/><D108/><U36/><E69/><V57/><F31/><W93/><G3/><T112/><D46/><N who="1" m="23815" /><E33/><V56/><F85/><W90/><G130/><T104/><D104/><U11/><E128/><V103/><F56/><W43/><REACH who="3" step="1"/><G96/><REACH who="3" ten="250,250,250,240" step="2"/><T42/><D70/><U68/><E68/><V4/><F4/><W98/><G98/><T45/><D112/><U134/><E113/><V83/><F83/><W135/><G135/><N who="2" m="51785" /><F44/><W41/><G41/><T2/><D114/><U67/><E134/><V54/><F65/><W64/><G64/><T25/><D115/><U8/><E67/><V74/><F74/><W121/><G121/><T124/><D42/><U61/><E125/><V81/><F81/><W129/><G129/><T23/><D124/><U16/><E126/><V127/><F127/><W122/><G122/><T48/><D45/><U52/><E6/><V9/><AGARI ba="0,1" hai="9,15,18,49,50,54,57,63,101,102,103" m="51785" machi="9" ten="30,1100,0" yaku="20,1" doraHai="110" who="2" fromWho="2" sc="250,-5,250,-3,250,21,240,-3" /><INIT seed="1,0,0,5,4,0" ten="245,247,271,237" oya="1" hai0="30,89,19,44,106,115,129,116,9,79,101,3,100" hai1="42,95,7,113,83,93,10,16,110,103,49,82,21" hai2="114,80,36,56,76,58,126,14,20,23,98,90,6" hai3="55,1,37,71,43,40,24,18,112,33,75,31,32"/><U130/><E113/><V39/><F126/><W50/><G112/><T118/><D115/><U38/><E38/><V124/><F124/><W63/><G75/><T25/><D79/><U27/><E130/><V60/><F114/><W51/><G1/><T108/><D129/><U84/><E110/><V96/><F39/><W122/><G122/><T134/><D108/><U61/><E61/><V13/><F36/><W48/><G37/><T57/><D44/><N who="1" m="25751" /><E103/><V12/><F6/><W34/><G18/><T4/><D134/><U74/><E74/><V92/><F98/><W73/><G73/><T35/><D101/><U102/><E102/><V99/><F96/><W72/><G72/><T52/><D100/><U105/><E105/><V11/><F11/><W77/><G77/><T132/><D106/><U135/><E135/><V91/><F76/><W2/><G2/><T86/><D19/><U22/><E22/><N who="2" m="8235" /><F60/><W127/><G127/><T46/><D132/><U59/><E59/><N who="2" m="22571" /><F80/><N who="1" m="30761" /><E84/><V54/><F54/><W66/><REACH who="3" step="1"/><G55/><REACH who="3" ten="245,247,271,227" step="2"/><T85/><D3/><U26/><E26/><V69/><F69/><W8/><G8/><T29/><D9/><U119/><E119/><V123/><F123/><W41/><AGARI ba="0,1" hai="24,31,32,33,34,40,41,43,48,50,51,63,66,71" machi="41" ten="30,4000,0" yaku="1,1,0,1,53,1" doraHai="0" doraHaiUra="62" who="3" fromWho="3" sc="245,-10,247,-20,271,-10,227,50" /><INIT seed="2,0,0,3,1,40" ten="235,227,261,277" oya="2" hai0="54,11,81,12,48,59,118,133,119,7,91,74,14" hai1="95,130,56,82,66,0,69,21,51,85,70,134,111" hai2="79,84,103,124,35,83,78,100,106,44,37,2,98" hai3="113,75,90,110,73,28,46,120,117,20,112,108,6"/><V60/><F124/><W52/><G117/><N who="0" m="44555" /><D133/><U18/><E0/><V80/><F2/><W1/><G120/><T96/><D96/><U129/><E134/><V99/><F35/><W128/><G128/><N who="1" m="49258" /><E111/><N who="3" m="42538" /><G90/><T34/><D34/><U65/><E95/><N who="2" m="58463" /><F60/><W104/><G104/><T10/><D91/><N who="1" m="51639" /><E51/><V55/><F55/><W17/><G28/><T93/><D93/><U132/><E132/><V107/><F44/><W105/><G105/><T102/><D102/><U62/><E65/><V88/><F37/><W8/><G73/><T101/><D101/><U13/><AGARI ba="0,0" hai="13,18,21,56,62,66,69,70" m="51639,49258" machi="13" ten="30,1100,0" yaku="19,1" doraHai="40" who="1" fromWho="1" sc="235,-3,227,11,261,-5,277,-3" /><INIT seed="3,0,0,0,1,76" ten="232,238,256,274" oya="3" hai0="68,86,20,116,1,132,23,127,103,113,106,90,11" hai1="121,84,99,38,32,31,79,109,61,117,97,73,59" hai2="93,104,62,67,66,21,12,30,57,101,119,27,58" hai3="108,96,91,26,129,134,28,42,41,85,14,70,60"/><W44/><G129/><T74/><D116/><U100/><E121/><V47/><F119/><W89/><G134/><T40/><D68/><U122/><E122/><V49/><F104/><W8/><G108/><T95/><D132/><U53/><E109/><V6/><F6/><W16/><G44/><T64/><D64/><U48/><E38/><V123/><F123/><W33/><G96/><N who="0" m="61799" /><D40/><U36/><E73/><V3/><F3/><W115/><G115/><T131/><D131/><U77/><E36/><V71/><F12/><W72/><G72/><T128/><D128/><U56/><E117/><V22/><F22/><W130/><G91/><T124/><D74/><U9/><E9/><V81/><F81/><W24/><G24/><T107/><D107/><U118/><E118/><V87/><F67/><W18/><G18/><T25/><D25/><U78/><E84/><V2/><F2/><W4/><G4/><N who="0" m="1423" /><D113/><U135/><E135/><V51/><F51/><W125/><G130/><T102/><D102/><U111/><E111/><V63/><F63/><W94/><G125/><AGARI ba="0,0" hai="20,23,86,90,95,124,125,127" m="1423,61799" machi="125" ten="30,1000,0" yaku="18,1" doraHai="76" who="0" fromWho="3" sc="232,10,238,0,256,0,274,-10" /><INIT seed="4,0,0,2,2,48" ten="242,238,256,264" oya="0" hai0="115,54,42,124,66,126,76,84,10,25,8,134,32" hai1="6,99,60,97,56,81,17,74,133,36,92,72,9" hai2="79,108,106,37,125,2,104,59,116,135,45,0,38" hai3="98,57,62,91,27,47,15,109,88,120,4,86,78"/><T29/><D66/><U30/><E133/><V73/><F108/><W111/><G120/><T11/><D42/><U39/><E30/><V24/><F135/><W103/><G27/><T63/><D134/><U13/><E6/><V119/><F24/><W3/><G3/><N who="2" m="1065" /><F59/><W68/><G68/><T26/><D26/><U77/><E74/><V110/><F110/><W64/><G47/><T1/><D1/><U16/><E17/><V5/><F5/><W70/><G70/><T75/><D75/><U132/><E132/><V101/><F101/><W85/><G111/><T41/><D41/><U102/><REACH who="1" step="1"/><E97/><REACH who="1" ten="242,228,256,264" step="2"/><V65/><F73/><W44/><G98/><T89/><D115/><U71/><E71/><V35/><F35/><W113/><G4/><T14/><D14/><U118/><E118/><V22/><F119/><W121/><G15/><T40/><D126/><U105/><E105/><V55/><F125/><W107/><G107/><T58/><D124/><U23/><E23/><V87/><F22/><W43/><G113/><T129/><D129/><U95/><E95/><V90/><F106/><W117/><G117/><T34/><D34/><U12/><E12/><V21/><F104/><W83/><G109/><T80/><REACH who="0" step="1"/><D40/><REACH who="0" ten="232,228,256,264" step="2"/><U50/><E50/><N who="2" m="29135" /><F116/><W93/><G43/><T67/><D67/><AGARI ba="0,2" hai="9,13,16,36,39,56,60,67,72,77,81,92,99,102" machi="67" ten="30,8000,1" yaku="1,1,7,1,54,1,53,2" doraHai="48" doraHaiUra="69" who="1" fromWho="0" sc="232,-80,228,100,256,0,264,0" owari="152,-35.0,328,43.0,256,-14.0,264,6.0" /></mjloggm>