<mjloggm ver="2.3"><GO type="169" lobby="0"/><UN n0="%E3%81%AA%E3%81%AA%E3%81%BF%EF%BC%A0%E5%8F%B2%E7%9A%AE%E8%BB%8D%E5%9B%A3" n1="%E3%83%8E%E3%82%AA%E3%83%81%E3%83%A3%E3%83%99%E3%82%B9" n2="%E3%83%8A%E3%83%8A%E3%82%A4%E3%83%AD%E3%83%A9%E3%82%A4%E3%83%88%E2%98%86" n3="%6B%61%7A%72%73%61" dan="16,17,17,16" rate="2065.74,2175.04,2172.68,2053.90" sx="M,M,F,M"/><TAIKYOKU oya="0"/><INIT seed="0,0,0,0,4,132" ten="250,250,250,250" oya="0" hai0="114,22,10,6,27,1,14,44,61,48,21,89,77" hai1="71,67,36,100,66,127,93,106,32,102,23,78,101" hai2="63,39,13,9,133,54,128,37,108,64,70,121,81" hai3="80,94,4,109,111,88,34,57,53,79,8,83,98"/><T120/><D114/><U35/><E36/><V55/><F121/><W68/><G68/><T33/><D120/><U104/><E78/><V103/><F133/><W117/><G34/><T125/><D77/><U40/><E40/><V113/><F113/><W90/><G90/><T123/><D123/><U42/><E42/><V46/><F108/><N who="3" m="41547" /><G79/><T2/><D61/><U0/><E0/><V134/><F128/><W92/><G92/><T116/><D116/><U105/><E93/><V28/><F103/><W30/><G30/><T107/><D107/><U38/><E38/><V3/><F3/><N who="3" m="31" /><G117/><T52/><D1/><U19/><E71/><V59/><F81/><W82/><G80/><T110/><D110/><U25/><REACH who="1" step="1"/><E127/><REACH who="1" ten="250,240,250,250" step="2"/><V84/><F134/><W11/><G11/><T45/><D125/><U95/><E95/><V130/><F39/><W43/><G43/><T26/><D2/><U47/><E47/><V24/><F46/><W97/><G97/><T118/><D44/><U7/><E7/><V20/><F37/><W91/><G91/><T50/><D89/><U49/><E49/><AGARI ba="0,1" hai="49,53,57,82,83,88,94,98" m="31,41547" machi="49" ten="30,2000,0" yaku="14,1,54,1" doraHai="132" who="3" fromWho="1" sc="250,0,240,-20,250,0,250,30" /><INIT seed="1,0,0,2,3,91" ten="250,220,250,280" oya="1" hai0="125,85,9,53,49,115,117,126,127,92,74,111,94" hai1="86,82,89,110,20,84,103,17,36,37,101,23,50" hai2="51,69,128,46,35,90,68,78,132,47,88,73,4" hai3="31,87,60,112,129,76,15,130,12,124,45,16,120"/><U43/><E110/><V98/><F128/><N who="3" m="49259" /><G120/><T99/><D115/><U108/><E108/><V11/><F35/><W109/><G109/><T71/><D111/><U30/><E37/><V40/><F132/><W80/><G112/><T18/><D74/><U66/><E36/><V21/><F21/><W72/><G31/><T123/><D71/><U113/><E66/><V48/><F78/><W134/><G134/><T119/><D123/><U97/><E113/><V0/><F73/><W133/><G133/><T64/><D64/><U27/><E97/><V7/><F7/><W42/><G15/><N who="0" m="7535" /><D85/><U67/><E67/><V114/><F114/><W10/><G60/><T33/><D33/><U81/><E43/><V6/><F6/><W131/><G124/><T79/><D79/><U57/><E57/><V96/><F96/><W25/><G25/><T116/><D99/><U100/><E50/><V63/><F63/><W24/><G24/><T54/><D54/><U70/><E70/><V14/><F0/><W118/><G118/><T22/><D22/><U65/><E65/><V5/><F5/><W29/><G29/><T61/><D61/><U8/><E8/><V59/><F59/><AGARI ba="0,0" hai="49,53,59,92,94,116,117,119,125,126,127" m="7535" machi="59" ten="40,5200,0" yaku="18,1,52,2" doraHai="91" who="0" fromWho="2" sc="250,52,220,0,250,-52,280,0" /><INIT seed="2,0,0,1,4,66" ten="302,220,198,280" oya="2" hai0="52,46,64,62,99,134,106,128,135,103,76,131,37" hai1="51,27,104,125,63,53,124,121,67,20,32,33,115" hai2="82,61,24,21,120,123,88,96,14,59,16,39,35" hai3="22,36,29,89,68,28,110,23,56,114,127,60,49"/><V42/><F39/><W40/><G36/><T12/><D76/><U70/><E104/><V119/><F42/><W69/><G110/><T108/><D108/><U8/><E8/><V107/><F119/><W30/><G127/><N who="1" m="48714" /><E115/><V38/><F38/><W72/><G72/><T71/><D12/><U58/><E121/><V100/><F35/><W9/><G114/><T113/><D113/><U117/><E117/><V44/><F44/><W92/><G9/><T84/><D84/><U79/><E79/><V93/><F82/><W11/><G11/><T111/><D111/><U87/><E87/><V112/><F14/><W48/><G22/><T26/><D26/><U45/><E45/><V98/><REACH who="2" step="1"/><F112/><REACH who="2" ten="302,220,188,280" step="2"/><W65/><G40/><T116/><D116/><U31/><AGARI ba="0,1" hai="20,27,31,32,33,51,53,58,63,67,70" m="48714" machi="31" ten="30,2000,0" yaku="18,1,52,1" doraHai="66" who="1" fromWho="1" sc="302,-5,220,30,188,-10,280,-5" /><INIT seed="3,0,0,3,0,64" ten="297,250,178,275" oya="3" hai0="15,115,32,14,43,120,68,111,93,125,116,16,129" hai1="4,89,44,12,19,72,46,9,29,66,98,60,62" hai2="57,95,112,130,82,65,118,35,133,124,25,100,48" hai3="33,36,69,75,76,24,103,128,80,10,131,67,34"/><W41/><G103/><T7/><D116/><U119/><E72/><V99/><F118/><W78/><G78/><T71/><D120/><U117/><E29/><V5/><F112/><W97/><G97/><T92/><D32/><U79/><E79/><V113/><F113/><W37/><G10/><T63/><D115/><U6/><E119/><V20/><F130/><N who="3" m="49707" /><G24/><T27/><D129/><U49/><E117/><V1/><F133/><W96/><G96/><T74/><D74/><U11/><E46/><V86/><F124/><W81/><G80/><T109/><D27/><U56/><E62/><V53/><F35/><N who="3" m="13323" /><G41/><T134/><D43/><N who="1" m="24735" /><E11/><V106/><F65/><W45/><G45/><T3/><D63/><AGARI ba="0,0" hai="36,37,63,67,69,75,76,81" m="13323,49707" machi="63" ten="30,5800,0" yaku="19,1,23,1,52,1" doraHai="64" who="3" fromWho="0" sc="297,-58,250,0,178,0,275,58" /><INIT seed="3,1,0,2,0,53" ten="239,250,178,333" oya="3" hai0="16,36,50,68,107,63,22,105,26,78,113,81,125" hai1="72,42,97,4,17,1,34,35,0,123,124,71,109" hai2="82,103,118,54,83,12,134,59,33,101,129,93,20" hai3="39,27,28,2,116,128,127,48,21,92,94,119,11"/><W24/><G39/><T65/><D36/><U87/><E72/><V38/><F118/><W102/><G128/><T62/><D125/><U23/><E71/><V30/><F129/><W99/><G127/><T75/><D113/><U135/><E123/><V130/><F130/><W132/><G132/><T117/><D117/><U121/><E121/><V104/><F134/><W120/><G120/><T64/><REACH who="0" step="1"/><D50/><REACH who="0" ten="229,250,178,333" step="2"/><U66/><E124/><V122/><F38/><W8/><G48/><T133/><D133/><U111/><E135/><V18/><F122/><W67/><G116/><T37/><D37/><U84/><E111/><V10/><F33/><W51/><G51/><T61/><D61/><U131/><E109/><V73/><F104/><W14/><G119/><T40/><D40/><U29/><E42/><V55/><F55/><W106/><G67/><T49/><D49/><U86/><E66/><V95/><F54/><W15/><G106/><T58/><AGARI ba="1,1" hai="16,22,26,58,62,63,64,65,68,75,78,81,105,107" machi="58" ten="20,12000,2" yaku="1,1,0,1,7,1,52,1,54,1,53,1" doraHai="53" doraHaiUra="13" who="0" fromWho="0" sc="229,133,250,-31,178,-31,333,-61" /><INIT seed="4,0,0,3,2,57" ten="362,219,147,272" oya="0" hai0="51,117,49,108,76,88,93,105,22,65,97,79,83" hai1="4,25,96,92,90,52,16,111,35,71,98,104,129" hai2="106,14,126,47,112,124,28,41,110,26,77,13,84" hai3="91,29,10,36,125,55,60,8,73,107,59,0,1"/><T130/><D117/><U18/><E111/><V115/><F106/><W102/><G73/><T66/><D108/><U15/><E71/><V80/><F110/><W12/><G36/><T87/><D130/><U58/><E129/><V74/><F84/><W3/><G125/><N who="2" m="48233" /><F13/><W113/><G113/><N who="2" m="43593" /><F14/><W72/><G72/><T56/><D79/><U61/><E104/><V45/><F41/><W39/><G12/><T9/><D105/><U54/><E35/><AGARI ba="0,0" hai="26,28,35,45,47,74,77,80" m="43593,48233" machi="35" ten="30,2000,0" yaku="18,1,15,1" doraHai="57" who="2" fromWho="1" sc="362,0,219,-20,147,20,272,0" /><INIT seed="5,0,0,1,1,1" ten="362,199,167,272" oya="1" hai0="124,83,115,72,91,25,32,51,123,68,27,132,56" hai1="12,0,96,69,2,108,86,80,122,45,73,35,21" hai2="38,63,90,40,102,28,82,75,30,67,26,9,59" hai3="52,114,22,62,3,85,88,49,100,133,43,79,23"/><U74/><E35/><V31/><F102/><W107/><G79/><T16/><D68/><U134/><E69/><V19/><F38/><W98/><G133/><T11/><D115/><U87/><E122/><V101/><F40/><W84/><G84/><T34/><D124/><U5/><E134/><V39/><F39/><W99/><G98/><T125/><D125/><U8/><E96/><V44/><F44/><W37/><G37/><T15/><D34/><U57/><E108/><V54/><F101/><W48/><G3/><T55/><D32/><U77/><E45/><V17/><F26/><W41/><G62/><T24/><D72/><U121/><E121/><V89/><F67/><W118/><G118/><T111/><D111/><U70/><E70/><V58/><F58/><W13/><G49/><T42/><D123/><U119/><E119/><V14/><REACH who="2" step="1"/><F17/><REACH who="2" ten="362,199,157,272" step="2"/><W76/><G43/><T64/><D42/><U4/><E57/><V7/><F7/><W110/><G41/><T47/><D56/><U92/><E5/><V50/><F50/><W94/><G48/><T105/><D64/><U36/><E36/><V106/><F106/><W104/><G107/><T6/><D105/><U71/><E71/><V130/><F130/><W128/><G128/><T20/><D132/><U46/><E46/><V66/><F66/><W18/><G110/><T95/><D6/><U131/><E131/><V29/><N who="2" m="7168" /><DORA hai="120" /><V53/><F53/><W135/><G52/><T103/><D47/><U93/><E2/><V129/><F129/><W33/><G135/><T117/><D55/><U112/><E0/><RYUUKYOKU ba="0,1" sc="362,-10,199,-10,157,30,272,-10" hai2="9,14,19,54,59,63,75,82,89,90" /><INIT seed="6,1,1,5,5,102" ten="352,189,187,262" oya="2" hai0="41,37,2,90,57,66,121,73,119,104,30,43,115" hai1="45,92,80,68,64,19,10,46,77,65,35,18,89" hai2="128,69,135,21,130,82,71,16,26,88,97,76,53" hai3="87,20,91,131,6,99,113,14,75,47,83,70,33"/><V101/><F135/><W123/><G123/><T61/><D115/><U106/><E35/><V8/><F8/><W134/><G33/><T81/><D104/><U24/><E106/><N who="2" m="63791" /><F53/><W48/><G131/><N who="2" m="50217" /><F88/><W127/><G113/><T129/><D90/><U22/><E46/><V103/><F103/><W112/><G91/><T109/><D57/><U122/><E45/><V79/><F79/><W133/><G47/><T124/><D129/><U114/><E122/><V40/><F40/><W25/><G112/><T52/><D43/><U60/><E114/><V32/><F32/><W27/><G133/><T74/><D52/><U44/><E44/><V56/><F56/><W50/><G134/><T126/><D41/><U96/><E65/><V86/><AGARI ba="1,1" hai="16,21,26,69,71,76,82,86" m="50217,63791" machi="86" ten="30,6000,0" yaku="19,1,52,1,54,1" doraHai="102" who="2" fromWho="2" sc="352,-21,189,-21,187,73,262,-21" /><INIT seed="6,2,0,2,3,18" ten="331,168,260,241" oya="2" hai0="22,57,0,5,44,4,114,25,42,64,115,68,122" hai1="75,28,87,1,80,124,82,119,38,59,112,15,77" hai2="32,123,78,86,84,60,125,50,29,11,17,111,10" hai3="67,24,14,121,16,116,88,132,41,79,74,130,49"/><V34/><F123/><W128/><G121/><T91/><D122/><U23/><E1/><V51/><F60/><W35/><G116/><T131/><D68/><U99/><E38/><V27/><F125/><W7/><G132/><T12/><D0/><U54/><E124/><V133/><F133/><W95/><G7/><T65/><D91/><U21/><E119/><V92/><F111/><W90/><G67/><T97/><D97/><U69/><E69/><V2/><F32/><W105/><G105/><T98/><D98/><U13/><E112/><V89/><F17/><W55/><G41/><T61/><D12/><U83/><E99/><V19/><F19/><W40/><G40/><T37/><D65/><U6/><E28/><V26/><F26/><W72/><G79/><T52/><D131/><N who="3" m="50217" /><G24/><T118/><D64/><U71/><E71/><V81/><REACH who="2" step="1"/><F2/><REACH who="2" ten="331,168,250,241" step="2"/><W58/><G35/><T104/><D25/><U134/><E134/><V135/><F135/><W3/><G3/><T70/><D118/><U129/><E129/><V93/><F93/><W103/><G95/><T45/><D61/><N who="1" m="36087" /><E75/><N who="3" m="28714" /><G103/><T33/><D33/><U126/><E126/><V94/><F94/><W20/><AGARI ba="2,1" hai="14,16,20,49,55,58,88,90" m="28714,50217" machi="20" ten="30,7900,0" yaku="19,1,52,1,54,2" doraHai="18" who="3" fromWho="3" sc="331,-22,168,-22,250,-41,241,95" /><INIT seed="7,0,0,4,0,53" ten="309,146,209,336" oya="3" hai0="123,127,88,49,115,81,36,116,113,95,104,54,77" hai1="103,119,9,20,0,30,94,58,135,6,65,91,60" hai2="89,56,114,71,12,117,107,80,13,25,128,124,16" hai3="73,32,84,98,109,8,48,52,96,70,44,21,38"/><W121/><G73/><T29/><D123/><U118/><E135/><V41/><F71/><W17/><G32/><T46/><D116/><U55/><E103/><V75/><F117/><W72/><G72/><T31/><D104/><U43/><E43/><V51/><F107/><W64/><G121/><T76/><D127/><U40/><E40/><V37/><F124/><W14/><G109/><T92/><D92/><U134/><E134/><V111/><F111/><W130/><G130/><T79/><D36/><U90/><E90/><V35/><F128/><W100/><G38/><T19/><D81/><U97/><E30/><V59/><F37/><W23/><G84/><N who="0" m="52615" /><D19/><U125/><E125/><V105/><F35/><W24/><G23/><T74/><D74/><U87/><E87/><N who="2" m="50407" /><F75/><W2/><G2/><T39/><D39/><U112/><E112/><AGARI ba="0,0" hai="29,31,46,49,54,76,77,79,112,113,115" m="52615" machi="112" ten="30,3900,0" yaku="15,1,11,1,54,1" doraHai="53" who="0" fromWho="1" sc="309,39,146,-39,209,0,336,0" owari="348,44.0,107,-39.0,209,-19.0,336,14.0" /></mjloggm>