<mjloggm ver="2.3"><GO type="225" lobby="0"/><UN n0="%E5%B0%8F%E9%B3%A5%E9%81%8A%E7%B7%B4%E7%84%A1%32%31%E6%AD%B3" n1="%E3%80%8E%53%65%63%72%65%74%E3%80%8F" n2="%E6%AF%9B%E8%8D%92%E3%82%8C%E3%83%BB%E3%82%B9%E3%83%9F%E3%82%B9" n3="%E3%83%AF%E3%82%A4%E3%83%AB%E3%83%89" dan="16,16,16,16" rate="2095.03,2166.00,2139.40,2133.28" sx="F,M,F,M"/><TAIKYOKU oya="0"/><INIT seed="0,0,0,5,2,24" ten="250,250,250,250" oya="0" hai0="15,7,6,73,87,88,81,32,11,16,71,120,25" hai1="130,82,92,50,127,122,108,13,51,105,102,116,76" hai2="66,134,59,48,126,35,5,111,83,84,20,0,93" hai3="19,58,30,61,63,57,109,55,1,132,70,114,62"/><T41/><D120/><U9/><E116/><V39/><F35/><W104/><G1/><T80/><D71/><U133/><E122/><V38/><F111/><W115/><G104/><T64/><D64/><U27/><E108/><V40/><F126/><W45/><G109/><T96/><D41/><U99/><E127/><V21/><F134/><W68/><G19/><T17/><D96/><U125/><E133/><V113/><F113/><W10/><G10/><T42/><D42/><U95/><E130/><V77/><F0/><W54/><G132/><T67/><D67/><U100/><E125/><V22/><F5/><W117/><G117/><T74/><D74/><U56/><E27/><V107/><F107/><W4/><G4/><T103/><D103/><U98/><E56/><V37/><F93/><W118/><G118/><T97/><D97/><U94/><E94/><V121/><F121/><W53/><G30/><T110/><D110/><U85/><REACH who="1" step="1"/><E105/><REACH who="1" ten="250,240,250,250" step="2"/><V29/><F59/><N who="3" m="22539" /><G45/><T128/><D128/><U131/><E131/><V12/><F66/><W65/><G65/><T75/><D80/><U101/><E101/><V123/><F123/><W18/><G18/><AGARI ba="0,1" hai="9,13,18,50,51,76,82,85,92,95,98,99,100,102" machi="18" ten="30,7700,0" yaku="1,1,7,1,9,1,8,1,53,0" doraHai="24" doraHaiUra="60" who="1" fromWho="3" sc="250,0,240,87,250,0,250,-77" /><INIT seed="1,0,0,5,2,16" ten="250,327,250,173" oya="1" hai0="20,63,109,129,51,104,99,95,26,46,78,34,64" hai1="40,85,27,61,17,93,101,117,87,72,9,53,86" hai2="43,71,74,15,134,28,65,0,48,66,69,11,79" hai3="73,35,97,132,12,5,96,36,105,70,47,113,75"/><U131/><E72/><V115/><F0/><W13/><G113/><T62/><D109/><U111/><E131/><V77/><F115/><W116/><G35/><T2/><D129/><U37/><E117/><V32/><F134/><W112/><G112/><T92/><D2/><U18/><E40/><V89/><F71/><W120/><G120/><T38/><D38/><U30/><E37/><V22/><F32/><W19/><G70/><T102/><D62/><U82/><E82/><V60/><F74/><W14/><G5/><T94/><D78/><U76/><E76/><V123/><F123/><W8/><G132/><T84/><D34/><U57/><E9/><V121/><F65/><W24/><G116/><T54/><D84/><U127/><E127/><V58/><F121/><W124/><G124/><T33/><D33/><U55/><E55/><V125/><F125/><W45/><G24/><T42/><D42/><U83/><E83/><V50/><F89/><W90/><G36/><T91/><D91/><U41/><E41/><V10/><F48/><W126/><G126/><T67/><REACH who="0" step="1"/><D63/><REACH who="0" ten="240,327,250,173" step="2"/><U3/><E3/><V29/><F43/><W119/><G75/><T7/><D7/><U49/><E61/><V6/><F60/><W23/><G73/><T25/><D25/><U107/><E111/><V88/><F88/><W122/><G90/><T108/><D108/><U103/><E87/><V100/><F6/><W68/><G122/><T1/><D1/><U114/><E86/><V118/><F118/><W44/><G119/><T52/><D52/><U56/><E85/><V81/><F77/><RYUUKYOKU ba="0,1" sc="240,30,327,-10,250,-10,173,-10" hai0="20,26,46,51,54,64,67,92,94,95,99,102,104" /><INIT seed="2,1,1,0,5,116" ten="270,317,240,163" oya="2" hai0="47,129,21,77,6,66,64,102,124,29,78,108,103" hai1="92,70,82,100,34,24,117,12,31,10,18,113,38" hai2="85,134,26,59,5,15,73,95,27,126,22,25,86" hai3="131,81,115,63,56,130,122,132,97,65,45,54,118"/><V135/><F73/><W98/><G118/><T41/><D108/><U19/><E113/><V55/><F126/><W94/><G115/><T88/><D129/><U32/><E70/><V8/><F22/><W46/><G132/><N who="2" m="50729" /><F95/><W76/><G98/><T107/><D6/><U62/><E34/><V40/><F40/><W51/><G45/><T87/><D124/><U17/><E82/><V57/><F59/><W68/><G122/><T123/><D123/><U0/><E38/><V16/><F5/><W74/><G130/><T104/><D21/><U121/><E121/><V133/><N who="2" m="50737" /><V13/><DORA hai="39" /><F13/><W36/><G131/><T72/><D29/><U7/><E117/><V106/><F106/><W90/><G36/><T80/><D77/><U1/><E62/><AGARI ba="1,1" hai="8,15,16,25,26,27,55,57,62,85,86" m="50737" machi="62" ten="40,3900,0" yaku="20,1,54,1" doraHai="116,39" who="2" fromWho="1" sc="270,0,317,-42,240,52,163,0" /><INIT seed="2,2,0,0,3,75" ten="270,275,292,163" oya="2" hai0="68,80,36,108,49,4,95,47,76,90,6,112,8" hai1="21,19,110,37,101,52,78,82,33,79,123,62,97" hai2="121,133,17,117,63,69,50,94,45,88,48,114,70" hai3="106,55,9,87,60,11,126,53,81,130,3,120,83"/><V57/><F114/><W46/><G120/><T64/><D108/><U28/><E37/><V59/><F117/><W23/><G106/><T96/><D112/><U26/><E110/><V109/><F121/><W0/><G130/><T13/><D36/><U5/><E123/><V7/><F109/><W72/><G126/><T129/><D129/><U99/><E5/><V85/><F133/><W91/><G23/><T135/><D135/><U86/><E79/><V58/><F7/><W93/><G11/><T29/><D29/><U92/><E99/><V54/><F63/><W22/><G22/><T14/><D64/><U41/><E41/><V132/><F132/><W18/><G3/><T131/><D68/><U107/><E107/><V24/><REACH who="2" step="1"/><F50/><REACH who="2" ten="270,275,282,163" step="2"/><W74/><G0/><T89/><D4/><U118/><E118/><V115/><F115/><W25/><G60/><T10/><D131/><U42/><E62/><V15/><F15/><W98/><G25/><T66/><D13/><U134/><E134/><V125/><F125/><W84/><G46/><T1/><D47/><U31/><E26/><V44/><F44/><W16/><G9/><T104/><D10/><U20/><E31/><V119/><F119/><W34/><G34/><T40/><D1/><U124/><E28/><V51/><F51/><W32/><G32/><T35/><D49/><U61/><E33/><V116/><F116/><W71/><G71/><T65/><D35/><U103/><E124/><V73/><F73/><W122/><G122/><T102/><D6/><U111/><E111/><V127/><F127/><W27/><G74/><RYUUKYOKU ba="2,1" sc="270,-10,275,-10,282,30,163,-10" hai2="17,24,45,48,54,57,58,59,69,70,85,88,94" /><INIT seed="2,3,1,1,4,34" ten="260,265,312,153" oya="2" hai0="126,134,42,63,48,95,90,127,119,113,109,3,85" hai1="68,40,9,49,106,17,77,73,94,58,128,33,57" hai2="133,83,19,84,28,120,110,124,25,2,78,64,130" hai3="7,20,24,54,43,102,26,41,79,0,72,99,74"/><V88/><F120/><W56/><G26/><T32/><D113/><U53/><E106/><V101/><F124/><N who="0" m="47658" /><D109/><U66/><E68/><V87/><F133/><W12/><G12/><T69/><D32/><U35/><E40/><V29/><F130/><W111/><G111/><T31/><D31/><U135/><E77/><V70/><F110/><W38/><G79/><T18/><D18/><U59/><E73/><V86/><F2/><W6/><G6/><T118/><D134/><U13/><E128/><V112/><F112/><W30/><G41/><T89/><D89/><U76/><E76/><V91/><F101/><W23/><G23/><T55/><D42/><U107/><E107/><V131/><F131/><W10/><G43/><T50/><D3/><U103/><E135/><V116/><F116/><N who="0" m="44586" /><D55/><U97/><E35/><V65/><F19/><W14/><G14/><T114/><D114/><U82/><E33/><V100/><F100/><W123/><G38/><T39/><D39/><U80/><REACH who="1" step="1"/><E66/><AGARI ba="3,1" hai="48,50,63,66,69,85,90,95" m="44586,47658" machi="66" ten="30,2000,0" yaku="18,1,12,1" doraHai="34" who="0" fromWho="1" sc="260,39,265,-29,312,0,153,0" /><INIT seed="3,0,0,1,4,65" ten="299,236,312,153" oya="3" hai0="85,96,33,81,5,17,46,56,126,99,129,39,107" hai1="62,132,60,93,52,69,78,76,133,16,23,113,61" hai2="112,25,28,22,8,49,34,110,54,105,4,91,38" hai3="108,63,10,87,15,71,94,125,6,74,37,66,0"/><W90/><G74/><T70/><D33/><U111/><E113/><V40/><F112/><W100/><G37/><T95/><D107/><U18/><E111/><V64/><F110/><W114/><G114/><T41/><D70/><U9/><E9/><V79/><F105/><W32/><G108/><T89/><D126/><U88/><E69/><V83/><F64/><W103/><G32/><T48/><D129/><U124/><E124/><V7/><F91/><W97/><G125/><T1/><D96/><N who="1" m="57383" /><E133/><V27/><F40/><W92/><REACH who="3" step="1"/><G103/><REACH who="3" ten="299,236,312,143" step="2"/><T82/><D39/><U3/><E132/><V128/><F38/><W59/><G59/><T122/><D56/><N who="1" m="34823" /><E3/><AGARI ba="0,1" hai="0,3,6,10,15,63,66,71,87,90,92,94,97,100" machi="3" ten="40,7700,0" yaku="1,1,52,1,53,1" doraHai="65" doraHaiUra="84" who="3" fromWho="1" sc="299,0,236,-77,312,0,143,87" /><INIT seed="3,1,0,3,0,90" ten="299,159,312,230" oya="3" hai0="86,76,60,74,23,135,111,127,5,11,115,126,50" hai1="19,131,106,44,62,75,9,83,85,82,48,35,94" hai2="87,97,57,3,134,58,102,95,121,133,107,130,84" hai3="27,69,103,101,52,42,92,118,56,109,7,2,29"/><W38/><G118/><T100/><D111/><U4/><E106/><V6/><F130/><W78/><G69/><T105/><D135/><N who="2" m="51722" /><F121/><W34/><G109/><T13/><D74/><U67/><E131/><V36/><F36/><W128/><G128/><T98/><D115/><U70/><E35/><V16/><F16/><W108/><G108/><T31/><D50/><U33/><E33/><V129/><F129/><W123/><G123/><T49/><D49/><U89/><E19/><V46/><F46/><W114/><G114/><T73/><D73/><U18/><E18/><V91/><F84/><W66/><G66/><T28/><D60/><U43/><REACH who="1" step="1"/><E75/><REACH who="1" ten="299,149,312,230" step="2"/><V112/><F112/><W1/><G7/><T41/><D28/><U45/><E45/><V12/><F6/><W47/><G78/><T0/><D31/><U17/><E17/><V32/><F32/><W53/><G103/><T25/><D105/><U119/><E119/><V72/><F107/><W132/><G132/><T64/><D100/><U88/><E88/><V20/><F72/><W51/><REACH who="3" step="1"/><G53/><REACH who="3" ten="299,149,312,220" step="2"/><T122/><D122/><U93/><E93/><V59/><F95/><W37/><G37/><T24/><D76/><U71/><E71/><V79/><F79/><W125/><G125/><T81/><D126/><U15/><AGARI ba="1,2" hai="4,9,15,43,44,48,62,67,70,82,83,85,89,94" machi="15" ten="20,5200,0" yaku="1,1,0,1,7,1,52,1,53,0" doraHai="90" doraHaiUra="124" who="1" fromWho="1" sc="299,-14,149,75,312,-14,220,-27" /><INIT seed="4,0,0,1,0,22" ten="285,224,298,193" oya="0" hai0="42,28,123,129,67,46,35,37,10,44,69,126,55" hai1="64,17,131,59,104,9,118,78,94,91,86,125,75" hai2="130,7,30,5,43,31,114,80,29,68,0,96,52" hai3="2,134,25,61,115,72,117,84,73,20,127,65,16"/><T8/><D123/><U19/><E118/><V1/><F68/><W133/><G117/><T54/><D129/><U15/><E104/><V50/><F114/><W93/><G2/><T60/><D126/><U34/><E131/><V62/><F130/><W111/><G111/><T4/><D8/><U57/><E125/><V128/><F128/><W38/><G38/><T36/><D28/><U21/><E34/><V132/><F132/><N who="3" m="50795" /><G127/><T97/><D35/><U70/><E75/><V106/><F80/><W45/><G45/><T3/><REACH who="0" step="1"/><D97/><REACH who="0" ten="275,224,298,193" step="2"/><U27/><REACH who="1" step="1"/><E78/><REACH who="1" ten="275,214,298,193" step="2"/><V33/><F33/><W41/><G115/><T14/><D14/><U119/><E119/><V53/><F0/><W66/><G73/><T23/><D23/><U90/><E90/><V18/><F1/><W79/><G72/><T124/><D124/><U88/><E88/><V71/><F29/><W63/><G79/><T99/><D99/><U56/><E56/><V108/><F96/><W40/><G84/><T89/><D89/><U32/><E32/><V81/><F30/><W24/><G24/><T49/><D49/><U109/><E109/><V135/><F50/><W95/><G63/><AGARI ba="0,2" hai="9,15,17,19,21,27,57,59,63,64,70,86,91,94" machi="63" ten="40,2600,0" yaku="1,1,52,1,53,0" doraHai="22" doraHaiUra="112" who="1" fromWho="3" sc="275,0,214,46,298,0,193,-26" /><INIT seed="5,0,0,4,5,24" ten="275,260,298,167" oya="1" hai0="70,28,36,20,0,29,107,71,18,125,30,68,39" hai1="95,79,113,102,51,121,117,21,130,114,98,93,106" hai2="74,62,2,14,47,23,48,72,66,54,104,122,55" hai3="77,49,61,100,26,42,31,10,78,65,13,115,89"/><U35/><E35/><V88/><F122/><W120/><G120/><T97/><D0/><U90/><E121/><V45/><F2/><W110/><G110/><T56/><D125/><U105/><E117/><V17/><F104/><W99/><G115/><N who="1" m="44042" /><E51/><V32/><F32/><W131/><G89/><T80/><D80/><U59/><E59/><N who="2" m="37215" /><F72/><W52/><G42/><T34/><D34/><U86/><E21/><V9/><F74/><W76/><G131/><T75/><D56/><U129/><E79/><V46/><F88/><W1/><G1/><T118/><D75/><U37/><E37/><V82/><F82/><W128/><G128/><AGARI ba="0,0" hai="86,90,93,95,98,102,105,106,128,129,130" m="44042" machi="128" ten="30,11600,0" yaku="19,1,15,1,34,2" doraHai="24" who="1" fromWho="3" sc="275,0,260,116,298,0,167,-116" owari="275,-12.0,376,47.0,298,10.0,51,-45.0" /></mjloggm>