<mjloggm ver="2.3"><GO type="169" lobby="0"/><UN n0="%E3%81%9F%E3%81%84%E3%81%9B" n1="%E6%B5%81%E3%82%8C%E3%81%AF%E3%81%82%E3%82%8A%E3%81%BE%E3%81%99%EF%BC%81" n2="%E6%A9%9F%E7%8E%87%E4%B9%8B%E9%96%80%E7%9A%84%E4%BF%A1%E5%BE%92" n3="%70%72%6F%6E%61%72%69" dan="17,17,16,16" rate="2189.68,2200.96,2142.69,2076.17" sx="F,M,M,M"/><TAIKYOKU oya="0"/><INIT seed="0,0,0,4,0,96" ten="250,250,250,250" oya="0" hai0="56,86,110,102,42,16,11,68,59,91,36,77,120" hai1="81,73,54,14,125,112,3,123,106,98,72,8,65" hai2="31,4,33,82,5,37,57,9,90,118,133,103,107" hai3="121,105,10,28,34,113,131,24,17,89,85,20,117"/><T21/><D68/><U29/><E123/><V127/><F37/><W40/><G113/><T130/><D120/><U75/><E3/><V60/><F127/><W100/><G117/><T92/><D130/><U26/><E125/><V64/><F133/><W50/><G121/><T115/><D115/><U58/><E65/><V18/><F33/><W94/><G131/><T38/><D11/><U62/><E112/><V111/><F31/><W119/><G10/><T0/><D0/><U80/><E98/><V79/><F90/><W15/><G119/><T30/><D30/><U76/><E106/><V134/><F134/><W13/><G105/><T1/><D1/><U43/><E43/><V87/><F118/><W45/><REACH who="3" step="1"/><G13/><REACH who="3" ten="250,250,250,240" step="2"/><T109/><D77/><U70/><E76/><V101/><F107/><W49/><G49/><T88/><D38/><U104/><E104/><V61/><F61/><W122/><G122/><T51/><D36/><U114/><E114/><V93/><F111/><N who="0" m="42506" /><D51/><U25/><E8/><V7/><F93/><W41/><G41/><T39/><D42/><U47/><E62/><V6/><F6/><W12/><G12/><AGARI ba="0,1" hai="4,5,7,9,12,18,57,60,64,79,82,87,101,103" machi="12" ten="40,5200,0" yaku="8,1,52,2" doraHai="96" who="2" fromWho="3" sc="250,0,250,0,250,62,240,-52" /><INIT seed="1,0,0,3,0,100" ten="250,250,312,188" oya="1" hai0="52,109,83,134,17,71,106,20,13,104,99,88,58" hai1="22,1,8,14,4,103,94,98,95,60,3,24,32" hai2="131,101,34,31,90,45,25,68,54,82,62,64,125" hai3="33,97,50,127,67,73,78,105,19,5,120,11,56"/><U51/><E32/><V113/><F131/><W80/><G120/><T77/><D71/><U107/><E51/><V16/><F125/><W70/><G33/><T91/><D109/><U111/><E111/><V93/><F113/><W72/><G127/><T46/><D46/><U61/><E3/><V30/><F82/><W79/><G19/><T128/><D128/><U41/><E41/><V39/><F101/><W21/><G21/><T76/><D134/><U42/><E42/><V6/><F6/><W43/><G43/><T84/><D77/><U86/><E1/><V28/><F39/><W55/><G78/><T115/><D115/><U110/><E110/><V89/><F34/><W53/><G53/><T126/><D126/><U44/><E44/><V92/><F45/><W114/><G114/><T59/><D59/><U18/><REACH who="1" step="1"/><E95/><REACH who="1" ten="250,240,312,188" step="2"/><V121/><F92/><W118/><G50/><T0/><D0/><U7/><E7/><V23/><F93/><W96/><G5/><T27/><D104/><U48/><E48/><V119/><F121/><W69/><G105/><T38/><D38/><U112/><E112/><V87/><F119/><W66/><G118/><T129/><D129/><U63/><E63/><V85/><F62/><W36/><G36/><T57/><D106/><U2/><E2/><V108/><F108/><W65/><G69/><T12/><D58/><U15/><E15/><N who="0" m="5705" /><D99/><N who="3" m="37961" /><G70/><T122/><D122/><U75/><E75/><V47/><F68/><W40/><G73/><T130/><D130/><U124/><E124/><V135/><F47/><W81/><G40/><T102/><D102/><RYUUKYOKU ba="0,1" sc="250,15,240,15,312,-15,188,-15" hai0="17,20,27,52,57,76,83,84,88,91" hai1="4,8,14,18,22,24,60,61,86,94,98,103,107" /><INIT seed="1,1,1,5,2,55" ten="265,255,297,173" oya="1" hai0="97,117,86,107,60,130,76,49,63,47,37,123,28" hai1="129,103,58,7,93,79,31,119,14,34,18,73,13" hai2="71,33,61,110,36,59,30,24,80,134,121,75,54" hai3="128,94,69,102,2,19,48,16,12,64,92,43,66"/><U89/><E119/><V74/><F121/><W91/><G2/><T126/><D117/><U6/><E129/><V131/><F131/><W29/><G128/><T124/><D130/><U88/><E73/><V85/><F110/><W122/><G29/><T112/><D112/><U115/><E79/><V56/><F71/><W38/><G38/><T70/><D37/><U53/><E103/><V50/><F36/><W35/><G35/><T27/><D123/><U20/><E115/><V44/><F134/><W3/><G3/><T104/><D63/><U83/><E83/><V52/><F44/><N who="3" m="25631" /><G69/><T84/><D76/><AGARI ba="1,1" hai="24,30,33,50,52,54,56,59,61,74,75,76,80,85" machi="76" ten="30,7700,0" yaku="7,1,52,2,54,1" doraHai="55" who="2" fromWho="0" sc="265,-80,255,0,297,90,173,0" /><INIT seed="2,0,0,2,2,47" ten="185,255,387,173" oya="2" hai0="82,102,119,73,64,88,36,66,70,72,112,117,83" hai1="74,115,27,107,8,131,16,53,57,62,116,124,109" hai2="34,69,65,17,78,81,120,75,54,39,0,128,28" hai3="91,111,55,121,108,84,105,127,52,132,85,49,26"/><V79/><F120/><W122/><G105/><T13/><D13/><U25/><E115/><V60/><F128/><W2/><G2/><T130/><D102/><U99/><E116/><N who="0" m="44617" /><D36/><U113/><E74/><N who="0" m="28777" /><D70/><U59/><E113/><V35/><F78/><W48/><G26/><T129/><D112/><U11/><E109/><N who="3" m="42058" /><G132/><T19/><D19/><U32/><E27/><V104/><F17/><W103/><G103/><T97/><D97/><U45/><E99/><V18/><F39/><W33/><G33/><T42/><D42/><U38/><E107/><V51/><F104/><W7/><G7/><T95/><D95/><U15/><E131/><N who="0" m="50185" /><D88/><U68/><E25/><V20/><F18/><W100/><G100/><T67/><AGARI ba="0,0" hai="64,66,67,82,83" m="50185,28777,44617" machi="67" ten="40,8000,1" yaku="28,2,12,1,19,1" doraHai="47" who="0" fromWho="0" sc="185,80,255,-20,387,-40,173,-20" /><INIT seed="3,0,0,0,2,38" ten="265,235,347,153" oya="3" hai0="61,41,49,46,105,19,126,110,101,113,111,12,69" hai1="2,86,5,68,102,128,24,95,79,52,27,74,33" hai2="13,129,54,133,34,72,55,22,39,122,132,123,28" hai3="108,50,0,91,99,16,85,40,9,93,25,1,30"/><W42/><G1/><T53/><D101/><U104/><E68/><V106/><F106/><W82/><G108/><N who="0" m="41515" /><D105/><U47/><E128/><V89/><F72/><W15/><G0/><T121/><D19/><U81/><E33/><V3/><F3/><W83/><G50/><N who="0" m="26959" /><D12/><U7/><E47/><V75/><F129/><W112/><G112/><T87/><D87/><U20/><E52/><N who="2" m="20011" /><F39/><W21/><REACH who="3" step="1"/><G82/><REACH who="3" ten="265,235,347,143" step="2"/><T63/><D113/><U6/><E2/><V4/><F123/><W62/><G62/><N who="0" m="23563" /><D121/><U18/><E81/><V100/><F122/><W115/><G115/><T35/><D35/><U64/><E5/><V98/><F34/><W58/><G58/><N who="0" m="33071" /><D126/><U118/><E7/><V114/><F114/><W78/><AGARI ba="0,1" hai="9,15,16,21,25,30,40,42,78,83,85,91,93,99" machi="78" ten="20,18000,2" yaku="1,1,0,1,7,1,8,1,52,2,54,1,53,0" doraHai="38" doraHaiUra="51" who="3" fromWho="3" sc="265,-60,235,-60,347,-60,143,190" /><INIT seed="3,1,0,0,0,33" ten="205,175,287,333" oya="3" hai0="32,56,15,98,103,39,16,61,17,89,12,91,86" hai1="36,112,117,68,21,41,55,54,62,37,114,110,92" hai2="109,119,50,105,88,130,126,81,57,116,118,28,64" hai3="66,3,46,40,13,51,97,73,94,70,95,19,71"/><W60/><G73/><T128/><D32/><U87/><E21/><V67/><F109/><W22/><G94/><T123/><D39/><U80/><E92/><V100/><F130/><W23/><G3/><T96/><D128/><U26/><E26/><V42/><F126/><W75/><G75/><T48/><D123/><U59/><E87/><V25/><F105/><W11/><REACH who="3" step="1"/><G70/><REACH who="3" ten="205,175,287,323" step="2"/><T121/><D121/><U7/><E68/><V77/><F116/><W135/><G135/><T131/><D131/><U93/><E117/><V49/><F118/><W34/><G34/><T107/><D107/><U27/><E93/><V133/><F133/><W115/><G115/><T65/><D96/><U8/><E114/><V45/><F119/><W6/><G6/><T134/><D98/><U125/><E7/><V29/><F100/><AGARI ba="1,1" hai="11,13,19,22,23,40,46,51,60,66,71,95,97,100" machi="100" ten="30,5800,0" yaku="1,1,7,1,53,1" doraHai="33" doraHaiUra="47" who="3" fromWho="2" sc="205,0,175,0,287,-61,323,71" /><INIT seed="3,2,0,2,4,126" ten="205,175,226,394" oya="3" hai0="118,1,55,80,15,120,73,78,16,121,83,132,26" hai1="103,66,23,88,10,87,41,48,76,72,51,34,64" hai2="109,75,90,92,53,12,18,107,57,65,122,32,52" hai3="5,61,111,56,110,117,74,79,7,42,59,21,8"/><W77/><G117/><T24/><D118/><U14/><E34/><V36/><F109/><N who="3" m="41483" /><G42/><T33/><D1/><U82/><E23/><V31/><F36/><W4/><G8/><T2/><D2/><U104/><E51/><V133/><F107/><W6/><N who="3" m="1024" /><DORA hai="70" /><W113/><G113/><T86/><D132/><U119/><E48/><V108/><F133/><W97/><G97/><T63/><D33/><U54/><E41/><V47/><F108/><W106/><G106/><T105/><D105/><U60/><E60/><V35/><F35/><W20/><G74/><T62/><D120/><U49/><E72/><V13/><F75/><W123/><G123/><T38/><D121/><U101/><E10/><V69/><F32/><W27/><G27/><T3/><D26/><U46/><E119/><V91/><F12/><W11/><G11/><T130/><D24/><U50/><E14/><V112/><F13/><W94/><G94/><T127/><D3/><U93/><E104/><V128/><F92/><W134/><G134/><T124/><D73/><U0/><E0/><V129/><F112/><W100/><G100/><T115/><D115/><U96/><E96/><V44/><F122/><W68/><G68/><T29/><D15/><U85/><E103/><V95/><F69/><W58/><G61/><T102/><D62/><U81/><E101/><V19/><F95/><W71/><G71/><T9/><D63/><U37/><E93/><V22/><F22/><AGARI ba="2,0" hai="20,21,22,56,58,59,77,79" m="1024,41483" machi="22" ten="50,12000,1" yaku="28,2,14,1,10,1" doraHai="126,70" who="3" fromWho="2" sc="205,0,175,0,226,-126,394,126" /><INIT seed="3,3,0,5,1,134" ten="205,175,100,520" oya="3" hai0="107,19,47,55,53,4,88,105,18,82,75,102,10" hai1="9,97,125,14,58,98,130,31,86,78,87,90,40" hai2="37,49,6,112,109,32,128,54,118,52,100,71,124" hai3="76,132,60,120,1,59,41,50,45,92,64,80,72"/><W110/><G120/><T115/><D115/><U56/><E130/><V68/><F32/><W70/><G132/><T2/><D55/><U65/><E31/><V67/><F100/><W27/><G110/><T96/><D105/><U43/><E78/><V133/><F6/><W113/><G113/><T42/><D53/><U117/><E87/><V29/><F29/><W91/><G1/><T21/><D21/><U33/><E33/><V135/><F109/><W129/><G129/><T20/><D20/><U89/><E89/><V83/><F83/><W121/><G121/><T22/><D22/><U7/><E58/><V44/><F112/><W36/><G27/><T106/><D106/><U34/><E117/><V23/><F23/><W51/><REACH who="3" step="1"/><G70/><REACH who="3" ten="205,175,100,510" step="2"/><T127/><D2/><U93/><E34/><V17/><F128/><W62/><G62/><T74/><D74/><U38/><E38/><V3/><F3/><W84/><AGARI ba="3,1" hai="36,41,45,50,51,59,60,64,72,76,80,84,91,92" machi="84" ten="20,12000,1" yaku="1,1,0,1,7,1,53,2" doraHai="134" doraHaiUra="46" who="3" fromWho="3" sc="205,-43,175,-43,100,-43,510,139" /><INIT seed="3,4,0,5,5,125" ten="162,132,57,649" oya="3" hai0="11,45,6,79,38,119,87,43,116,23,122,58,92" hai1="76,135,96,62,83,48,67,19,109,21,126,0,17" hai2="44,90,66,73,94,117,104,34,26,60,30,118,105" hai3="106,55,98,50,112,121,9,8,68,16,20,10,65"/><W61/><G112/><T12/><D122/><U103/><E126/><V56/><F73/><W115/><G115/><T32/><D32/><U85/><E109/><V72/><F72/><W63/><G121/><T33/><D33/><U113/><E113/><V40/><F117/><W5/><G63/><T59/><D23/><U41/><E0/><V39/><REACH who="2" step="1"/><F118/><REACH who="2" ten="162,132,47,649" step="2"/><W22/><G5/><T91/><D116/><U54/><E135/><V81/><F81/><W107/><G98/><AGARI ba="4,1" hai="26,30,34,39,40,44,56,60,66,90,94,98,104,105" machi="98" ten="30,2000,0" yaku="1,1,7,1,53,0" doraHai="125" doraHaiUra="120" who="2" fromWho="3" sc="162,0,132,0,47,42,649,-32" /><INIT seed="4,0,0,1,5,2" ten="162,132,89,617" oya="0" hai0="57,124,135,98,3,26,35,54,11,14,89,107,96" hai1="125,134,109,32,73,123,30,91,131,38,48,72,10" hai2="25,16,104,75,44,74,78,115,45,59,4,39,6" hai3="9,34,113,52,49,126,55,41,21,8,121,83,76"/><T84/><D124/><U65/><E65/><V79/><F104/><W71/><G34/><T29/><D135/><U81/><E48/><V82/><F59/><W69/><G126/><T43/><D3/><U47/><E91/><V0/><F0/><W66/><G113/><T99/><D43/><U27/><E109/><V129/><F115/><W70/><G66/><T60/><D107/><U90/><E90/><V53/><F129/><W36/><G121/><T28/><D28/><U64/><E81/><V116/><F116/><W15/><G21/><T117/><D117/><U120/><E73/><V67/><F67/><W1/><G1/><T31/><D31/><U46/><E123/><V22/><F53/><W62/><G36/><T20/><D35/><U132/><E132/><V40/><F44/><W12/><G62/><T88/><REACH who="0" step="1"/><D84/><REACH who="0" ten="152,132,89,617" step="2"/><U77/><E30/><V87/><F87/><W13/><G41/><T50/><D50/><U97/><E32/><V110/><F110/><W63/><G49/><T19/><AGARI ba="0,1" hai="11,14,19,20,26,29,54,57,60,88,89,96,98,99" machi="19" ten="30,11700,0" yaku="1,1,0,1,8,1,54,1,53,0" doraHai="2" doraHaiUra="80" who="0" fromWho="0" sc="152,127,132,-39,89,-39,617,-39" /><INIT seed="4,1,0,5,2,82" ten="279,93,50,578" oya="0" hai0="94,31,65,23,88,61,37,85,1,68,12,53,28" hai1="103,113,84,19,0,90,7,64,69,45,109,59,101" hai2="49,17,74,95,124,119,77,131,115,35,18,117,27" hai3="100,87,43,20,97,121,48,22,38,127,8,120,132"/><T56/><D1/><U133/><E109/><V98/><F115/><W93/><G132/><T14/><D37/><U40/><E69/><V16/><F74/><W60/><G127/><T86/><D68/><U11/><E133/><V125/><F77/><W15/><G38/><T9/><D65/><U70/><E70/><V10/><F49/><W24/><G60/><T79/><D23/><U66/><E19/><V111/><F98/><W30/><G22/><T13/><D9/><U67/><E59/><V89/><F89/><W134/><G134/><T26/><D26/><U99/><E99/><V116/><F95/><W33/><G33/><T108/><D108/><U34/><E34/><V75/><F75/><W78/><G48/><T21/><D21/><U44/><E113/><V29/><F111/><W5/><G43/><T91/><D79/><U104/><E104/><V3/><F131/><W25/><G25/><T118/><D118/><U83/><REACH who="1" step="1"/><E45/><REACH who="1" ten="279,83,50,578" step="2"/><V62/><F62/><W72/><G121/><T36/><D36/><AGARI ba="1,1" hai="0,7,11,36,40,44,64,66,67,83,84,90,101,103" machi="36" ten="40,5200,0" yaku="1,1,2,1,52,1,53,0" doraHai="82" doraHaiUra="135" who="1" fromWho="0" sc="279,-55,83,65,50,0,578,0" /><INIT seed="5,0,0,4,2,31" ten="224,148,50,578" oya="1" hai0="87,92,10,46,108,110,4,63,58,7,56,81,83" hai1="67,12,131,57,104,133,117,44,106,42,17,71,38" hai2="11,48,98,61,82,99,1,27,85,14,127,5,60" hai3="51,6,107,0,84,24,15,116,55,29,66,125,45"/><U53/><E117/><V135/><F127/><W93/><G107/><T119/><D119/><U97/><E133/><V102/><F135/><W18/><G116/><T103/><D46/><U68/><E131/><V65/><F1/><W86/><G125/><T23/><D23/><U130/><E130/><V101/><F27/><W121/><G6/><T69/><D69/><U91/><E91/><V47/><F101/><W113/><G0/><T122/><D122/><U3/><E3/><V41/><F65/><W73/><G73/><T123/><D123/><U129/><E97/><V96/><REACH who="2" step="1"/><F102/><REACH who="2" ten="224,148,40,578" step="2"/><W40/><G66/><T30/><D103/><U19/><E129/><V75/><F75/><W78/><G24/><T25/><D25/><U50/><E71/><V89/><AGARI ba="0,1" hai="5,11,14,41,47,48,60,61,82,85,89,96,98,99" machi="89" ten="30,4000,0" yaku="1,1,0,1,8,1,53,0" doraHai="31" doraHaiUra="54" who="2" fromWho="2" sc="224,-10,148,-20,40,50,578,-10" /><INIT seed="6,0,0,4,3,96" ten="214,128,90,568" oya="2" hai0="3,8,30,32,31,0,12,9,61,87,77,93,97" hai1="119,121,107,68,16,53,51,88,22,48,4,17,62" hai2="135,114,34,113,56,20,91,40,130,72,86,127,70" hai3="5,28,112,59,55,98,18,39,94,84,42,133,102"/><V125/><F34/><W38/><G133/><T115/><D115/><N who="2" m="44042" /><F70/><W43/><G112/><T7/><D32/><U75/><E119/><V2/><F135/><W14/><G39/><T54/><D3/><U52/><E75/><V106/><F72/><W35/><G38/><T92/><D8/><U126/><E126/><N who="2" m="48139" /><F2/><W58/><G35/><T13/><D0/><U116/><E121/><V11/><F11/><W80/><G28/><T81/><D13/><U65/><E4/><V131/><F40/><N who="3" m="15403" /><G55/><T57/><REACH who="0" step="1"/><D92/><REACH who="0" ten="204,128,90,568" step="2"/><U10/><E10/><V25/><F106/><W103/><G5/><T15/><D15/><U24/><E107/><V111/><F111/><W117/><G117/><T71/><D71/><U101/><E116/><V120/><F120/><W78/><G14/><T29/><D29/><U64/><E68/><V60/><F20/><W110/><G110/><T90/><AGARI ba="0,1" hai="7,9,12,30,31,54,57,61,77,81,87,90,93,97" machi="90" ten="20,5200,0" yaku="1,1,0,1,7,1,8,1,53,0" doraHai="96" doraHaiUra="124" who="0" fromWho="0" sc="204,62,128,-13,90,-26,568,-13" /><INIT seed="7,0,0,2,0,128" ten="266,115,64,555" oya="3" hai0="91,130,119,98,135,29,48,6,96,80,103,43,50" hai1="41,87,131,15,115,36,42,76,27,49,127,86,22" hai2="73,57,70,84,116,69,31,62,124,59,109,67,61" hai3="79,12,71,4,53,35,58,75,55,81,16,125,121"/><W44/><G121/><T37/><D119/><U133/><E36/><V34/><F73/><W92/><G71/><T72/><D130/><U46/><E131/><V83/><F116/><W93/><G35/><T51/><D135/><U65/><E133/><V11/><F109/><W126/><G44/><T54/><D29/><N who="1" m="17655" /><E115/><V82/><F124/><W9/><G4/><T94/><D72/><U56/><E127/><N who="3" m="48650" /><G53/><T74/><D74/><U132/><E132/><V95/><F11/><W45/><G45/><T134/><D134/><U26/><E26/><V14/><F14/><W64/><G64/><T110/><D110/><U13/><E42/><V120/><F120/><W68/><G68/><T104/><D6/><U24/><E24/><V10/><F10/><W105/><G105/><T17/><D17/><U52/><E65/><V117/><F117/><W102/><G102/><T32/><D32/><U25/><E25/><V111/><F111/><W28/><G28/><T63/><D43/><U97/><E97/><V77/><F34/><W123/><G123/><T5/><D5/><U99/><E99/><V85/><F31/><W7/><G7/><T106/><D37/><U101/><E101/><V66/><REACH who="2" step="1"/><F95/><REACH who="2" ten="266,115,54,555" step="2"/><W21/><G9/><T113/><D104/><U38/><E15/><V47/><F47/><W18/><G18/><T88/><D106/><U39/><E13/><V122/><F122/><W30/><G30/><T100/><D94/><U1/><E46/><V118/><F118/><W114/><G114/><T19/><D100/><U0/><E41/><V20/><F20/><W2/><G2/><RYUUKYOKU ba="0,1" sc="266,-15,115,-15,54,15,555,15" hai2="57,59,61,62,66,67,69,70,77,82,83,84,85" hai3="12,16,21,55,58,75,79,81,92,93" owari="251,5.0,100,-30.0,69,-43.0,580,68.0" /></mjloggm>