<mjloggm ver="2.3"><GO type="169" lobby="0"/><UN n0="%E3%83%9E%E3%83%BC%E3%83%9C%E3%82%A6" n1="%45%6D%69%75" n2="%43%6F%6D%65%64%69%61%6E" n3="%50%65%74%65%72%50%61%6E" dan="17,18,16,16" rate="2211.20,2284.91,2131.43,2099.23" sx="M,M,M,M"/><TAIKYOKU oya="0"/><INIT seed="0,0,0,2,5,12" ten="250,250,250,250" oya="0" hai0="14,16,51,122,104,71,79,6,65,123,125,31,18" hai1="86,10,63,107,0,15,44,109,20,43,85,25,111" hai2="40,3,91,119,83,22,129,69,48,112,78,130,60" hai3="64,121,94,110,57,102,99,38,24,58,34,132,29"/><T67/><D104/><U135/><E107/><V127/><F112/><W114/><G114/><T76/><D125/><U11/><E135/><V98/><F3/><W27/><G110/><N who="1" m="41994" /><E63/><V56/><F69/><W35/><G38/><T46/><D123/><U55/><E55/><V116/><F127/><W124/><G124/><T103/><D103/><U128/><E0/><V97/><F40/><W88/><G132/><T52/><D122/><U70/><E70/><V68/><F48/><W108/><G108/><T106/><D106/><U66/><E66/><N who="0" m="25097" /><D71/><U17/><E128/><N who="2" m="49259" /><F68/><W41/><G41/><T36/><D36/><N who="1" m="21607" /><E10/><V2/><F2/><W13/><G121/><T23/><D6/><AGARI ba="0,0" hai="6,11,15,17,20,25,85,86" m="21607,41994" machi="6" ten="30,2000,0" yaku="14,1,52,1" doraHai="12" who="1" fromWho="0" sc="250,-20,250,20,250,0,250,0" /><INIT seed="1,0,0,5,3,56" ten="230,270,250,250" oya="1" hai0="83,88,55,108,119,8,118,61,69,64,30,42,120" hai1="115,89,29,10,66,59,68,81,96,98,40,76,6" hai2="47,79,109,24,39,134,71,26,38,110,5,62,17" hai3="100,54,49,80,52,107,94,131,135,50,87,82,132"/><U121/><E121/><V102/><F5/><W90/><G131/><T72/><D120/><U97/><E115/><V15/><F79/><W112/><G112/><T123/><D123/><U101/><E101/><V20/><F102/><W124/><G124/><T31/><D108/><N who="2" m="41578" /><F134/><N who="3" m="51243" /><G107/><T92/><D42/><U3/><E68/><V48/><F39/><W23/><G23/><T19/><D55/><N who="3" m="21033" /><G100/><T53/><D53/><U70/><E70/><V130/><F38/><W99/><G99/><T4/><D19/><U117/><E117/><V34/><F130/><W93/><G93/><T12/><D119/><U37/><E29/><V51/><F47/><W11/><G11/><T104/><D104/><U133/><E133/><V122/><F122/><W111/><G111/><T46/><D46/><U129/><E129/><V77/><F77/><W25/><G25/><N who="2" m="9833" /><F34/><W41/><G41/><T0/><D118/><U128/><E128/><V73/><F73/><W14/><G14/><T28/><D72/><U36/><E40/><V105/><F105/><W78/><G94/><T126/><D126/><U63/><REACH who="1" step="1"/><E89/><REACH who="1" ten="230,260,250,250" step="2"/><V60/><F71/><W114/><G114/><T125/><D125/><U57/><E57/><V91/><F91/><W75/><AGARI ba="0,1" hai="49,50,75,78,80,82,87,90" m="21033,51243" machi="75" ten="30,2000,0" yaku="20,1,54,1" doraHai="56" who="3" fromWho="3" sc="230,-5,260,-10,250,-5,250,30" /><INIT seed="2,0,0,5,1,41" ten="225,250,245,280" oya="2" hai0="27,0,90,44,118,39,109,61,26,32,108,35,102" hai1="120,82,115,83,126,50,81,103,87,45,70,72,2" hai2="68,132,5,55,79,22,28,34,71,114,116,94,53" hai3="86,31,95,54,29,99,17,131,92,4,21,47,16"/><V100/><F34/><W33/><G33/><T101/><D0/><U51/><E70/><V106/><F106/><W110/><G110/><N who="0" m="42603" /><D118/><U91/><E115/><V122/><F114/><W59/><G4/><T64/><D90/><U12/><E2/><V123/><F116/><W104/><G104/><T96/><D32/><U11/><E126/><V129/><F5/><W73/><G73/><T117/><D35/><U19/><E120/><N who="2" m="46123" /><F79/><W56/><G131/><T15/><D15/><U89/><E103/><N who="0" m="39433" /><D96/><U1/><E1/><V9/><F9/><W52/><G86/><T130/><D130/><U10/><E10/><V112/><F100/><W13/><G99/><T20/><D20/><U88/><E72/><V7/><F22/><W67/><G67/><T133/><D117/><U14/><E14/><V23/><F23/><W8/><G21/><T93/><D93/><U98/><E98/><V77/><F94/><W37/><G8/><T78/><D78/><N who="1" m="46519" /><E51/><V105/><F77/><W80/><G13/><T3/><D3/><U30/><E30/><V75/><F129/><W121/><G80/><T135/><D26/><U134/><E134/><V76/><F132/><W42/><G92/><T49/><D39/><U25/><E25/><V128/><F76/><W84/><G95/><T125/><D27/><U38/><E38/><V62/><F128/><W127/><G37/><T119/><D119/><U48/><E48/><V63/><F112/><W113/><G113/><T36/><D36/><U74/><E74/><V40/><F75/><W58/><G121/><T97/><D133/><U111/><E111/><RYUUKYOKU ba="0,0" sc="225,-10,250,30,245,-10,280,-10" hai1="11,12,19,45,50,82,83,88,89,91" /><INIT seed="3,1,0,2,2,92" ten="215,280,235,270" oya="3" hai0="58,82,64,62,44,50,126,51,91,41,135,24,26" hai1="101,2,10,121,3,89,30,34,105,23,22,76,85" hai2="83,130,59,67,132,111,38,98,33,46,63,77,17" hai3="9,66,131,47,116,109,134,14,129,122,18,120,110"/><W28/><G66/><T36/><D126/><U37/><E121/><N who="3" m="46698" /><G47/><T55/><D135/><U100/><E37/><V29/><F132/><W20/><G116/><T115/><D51/><U88/><E34/><V123/><F123/><W54/><G54/><T16/><D115/><U94/><E76/><V13/><F111/><N who="3" m="42507" /><G134/><T125/><D125/><U27/><E23/><V84/><F130/><N who="3" m="49675" /><G28/><T15/><D64/><U60/><E30/><V119/><F119/><W75/><G75/><T39/><D39/><U106/><E60/><V114/><F114/><W93/><G93/><T103/><D36/><U69/><E94/><V87/><F38/><W40/><G40/><T52/><D41/><U57/><E105/><V32/><F46/><W96/><G96/><T12/><D55/><U61/><E106/><V117/><F117/><W99/><G99/><T48/><D44/><U86/><E61/><V104/><F29/><W8/><AGARI ba="1,0" hai="8,9,14,18,20" m="49675,42507,46698" machi="8" ten="40,12000,1" yaku="14,1,10,1,19,1,34,2" doraHai="92" who="3" fromWho="3" sc="215,-41,280,-41,235,-41,270,123" /><INIT seed="3,2,0,3,0,18" ten="174,239,194,393" oya="3" hai0="107,85,21,93,26,132,135,47,45,53,105,123,11" hai1="13,70,25,27,98,56,36,17,14,24,38,78,110" hai2="42,103,37,120,58,81,86,115,33,102,54,127,89" hai3="28,61,87,65,121,40,12,10,52,7,74,63,46"/><W126/><G74/><T3/><D123/><U114/><E70/><V125/><F120/><W51/><G126/><T104/><D3/><U96/><E114/><V83/><F33/><W106/><G106/><T4/><D85/><U94/><E110/><V119/><F119/><W76/><G121/><T80/><D80/><U15/><E17/><V68/><F68/><W62/><G28/><T5/><D93/><U134/><E134/><N who="0" m="51241" /><D53/><U35/><E35/><V124/><F115/><W60/><G60/><T95/><D95/><U31/><E31/><V1/><F1/><W59/><G65/><T16/><D11/><U19/><E19/><V71/><F71/><W48/><G48/><T118/><D118/><U43/><E43/><V90/><F42/><W64/><G64/><T67/><D67/><U23/><E94/><N who="2" m="54583" /><F37/><W8/><G8/><T22/><D22/><U77/><E23/><V130/><F54/><W113/><G113/><T44/><AGARI ba="2,0" hai="4,5,16,21,26,44,45,47,104,105,107" m="51241" machi="44" ten="40,5200,0" yaku="20,1,52,1,54,1" doraHai="18" who="0" fromWho="0" sc="174,58,239,-15,194,-15,393,-28" /><INIT seed="4,0,0,2,2,28" ten="232,224,179,365" oya="0" hai0="96,51,30,63,29,58,43,80,112,3,99,104,135" hai1="90,88,22,127,62,108,8,82,121,39,9,27,61" hai2="69,25,55,106,86,114,113,23,48,56,98,11,36" hai3="119,45,40,54,38,46,60,16,6,72,87,85,19"/><T111/><D3/><U64/><E108/><V91/><F36/><W93/><G72/><T118/><D118/><U53/><E121/><V31/><F69/><W7/><G119/><T92/><D111/><U66/><E127/><V126/><F126/><W83/><G93/><T47/><D112/><U5/><E39/><V52/><F11/><W37/><G60/><T32/><D135/><U97/><E8/><V131/><F131/><W12/><G54/><T130/><D130/><U42/><E42/><V77/><F77/><W75/><G75/><T134/><D104/><U103/><E53/><V26/><F106/><W50/><G50/><T41/><D41/><U94/><E62/><V109/><F98/><W122/><G122/><T14/><D14/><N who="1" m="5423" /><E61/><V110/><F110/><W67/><G67/><N who="1" m="25642" /><E82/><V13/><F109/><W133/><G40/><T10/><D80/><U107/><E107/><V35/><F55/><W1/><G83/><T65/><D32/><U76/><E76/><V73/><F73/><W34/><G34/><T21/><D10/><U81/><E81/><V125/><F125/><W100/><G1/><T116/><D116/><U20/><E20/><V132/><F132/><W74/><G74/><T0/><D0/><U15/><E15/><V71/><F71/><W102/><G12/><T4/><D134/><AGARI ba="0,0" hai="6,7,16,19,37,38,45,46,85,87,100,102,133,134" machi="134" ten="25,3200,0" yaku="22,2,54,1" doraHai="28" who="3" fromWho="0" sc="232,-32,224,0,179,0,365,32" /><INIT seed="5,0,0,5,4,93" ten="200,224,179,397" oya="1" hai0="68,100,129,79,37,86,114,77,133,116,38,88,131" hai1="126,71,72,130,36,132,106,41,91,47,12,16,45" hai2="64,115,105,40,8,95,104,117,76,119,89,60,27" hai3="58,109,90,102,59,34,22,3,0,5,24,50,35"/><U107/><E72/><V49/><F76/><N who="0" m="29258" /><D68/><U92/><E132/><V78/><F78/><W125/><G109/><T57/><D57/><U53/><E71/><V123/><F123/><W84/><G102/><T81/><D37/><U112/><E112/><V26/><F115/><W61/><G50/><T42/><D42/><U101/><E101/><V25/><F8/><W17/><G58/><T56/><D56/><U120/><E126/><V69/><F40/><W128/><G128/><N who="0" m="49227" /><D38/><U52/><E120/><V80/><F80/><W75/><G75/><T87/><D114/><U94/><E94/><V98/><REACH who="2" step="1"/><F49/><REACH who="2" ten="200,224,169,397" step="2"/><W32/><G125/><T124/><D124/><U74/><E130/><V33/><F33/><W15/><G34/><T70/><D81/><U2/><E74/><V96/><F96/><W82/><G32/><T29/><D133/><U63/><E41/><V7/><F7/><W134/><G134/><T18/><D116/><AGARI ba="0,1" hai="25,26,27,60,64,69,89,95,98,104,105,116,117,119" machi="116" ten="40,2600,0" yaku="1,1,52,1,53,0" doraHai="93" doraHaiUra="54" who="2" fromWho="0" sc="200,-26,224,0,169,36,397,0" /><INIT seed="6,0,0,3,5,106" ten="174,224,205,397" oya="2" hai0="111,132,102,55,104,27,87,126,65,85,95,135,47" hai1="28,44,114,19,51,67,124,40,9,83,31,123,49" hai2="103,100,42,38,23,52,37,53,3,70,24,122,131" hai3="80,133,60,119,22,86,18,81,127,45,101,34,129"/><V6/><F122/><W112/><G34/><T61/><D111/><U56/><E114/><V29/><F70/><W92/><G119/><T90/><D126/><U72/><E124/><V33/><F131/><W43/><G127/><T57/><D27/><U79/><E123/><V0/><F23/><W13/><G129/><T69/><D47/><U26/><E51/><V14/><F14/><W125/><G125/><T77/><D104/><U97/><E97/><V4/><F42/><W115/><G60/><T75/><D102/><U89/><E89/><V41/><F41/><W94/><G133/><T58/><D87/><U107/><E107/><V54/><F100/><W62/><G62/><T74/><D69/><U110/><E110/><V66/><F66/><W76/><G81/><T82/><REACH who="0" step="1"/><D75/><REACH who="0" ten="164,224,205,397" step="2"/><U46/><E44/><V118/><F103/><W88/><G101/><T130/><D130/><U21/><E26/><V64/><F118/><W32/><G45/><T121/><D121/><U99/><E46/><V68/><F68/><W117/><G86/><T108/><D108/><U39/><E72/><V48/><F38/><W5/><G117/><T50/><AGARI ba="0,1" hai="50,55,57,58,61,65,74,77,82,85,90,95,132,135" machi="50" ten="30,8000,1" yaku="1,1,0,1,52,1,53,2" doraHai="106" doraHaiUra="128" who="0" fromWho="0" sc="164,90,224,-20,205,-40,397,-20" /><INIT seed="7,0,0,2,1,99" ten="254,204,165,377" oya="3" hai0="117,124,44,14,4,88,105,134,116,30,37,93,125" hai1="25,50,17,15,95,19,18,135,36,49,90,110,11" hai2="119,32,13,100,73,16,67,91,77,120,23,104,5" hai3="79,46,132,86,3,127,29,108,26,106,6,28,74"/><W31/><G106/><T112/><D112/><U121/><E121/><V68/><F119/><W103/><G103/><T81/><D134/><U38/><E110/><V82/><F120/><W129/><G132/><T64/><D64/><U22/><E135/><V61/><F32/><W51/><G74/><T54/><D81/><U122/><E122/><V57/><F5/><W10/><G129/><T84/><D30/><U48/><REACH who="1" step="1"/><E18/><REACH who="1" ten="254,194,165,377" step="2"/><V92/><F68/><W78/><G108/><T2/><D117/><U33/><E33/><V131/><F131/><W9/><G29/><T65/><D116/><U45/><E45/><V89/><REACH who="2" step="1"/><F104/><REACH who="2" ten="254,194,155,377" step="2"/><W47/><G31/><T114/><D105/><U56/><E56/><V66/><F66/><W70/><G28/><T24/><D65/><U27/><E27/><V39/><F39/><W34/><G26/><T109/><D37/><U113/><E113/><V53/><F53/><W8/><G34/><T71/><D54/><U0/><E0/><V123/><F123/><W101/><G3/><T42/><D24/><U98/><AGARI ba="0,2" hai="11,15,17,19,22,25,36,38,48,49,50,90,95,98" machi="98" ten="30,2000,0" yaku="1,1,0,1,53,0" doraHai="99" doraHaiUra="75" who="1" fromWho="1" sc="254,-5,194,40,155,-5,377,-10" owari="249,5.0,234,-17.0,150,-35.0,367,47.0" /></mjloggm>