<mjloggm ver="2.3"><GO type="185" lobby="0"/><UN n0="%E7%8E%89%E6%A8%B9%E6%A1%9C" n1="%E2%88%AA%E3%83%BB%CF%89%E3%83%BB%E2%88%AA%E3%83%8B%E3%83%A3%E3%83%BC" n2="%E3%81%A8%E3%82%8A%E3%81%82%E3%81%88%E3%81%9A%E5%9B%9B%E6%AE%B5" n3="" dan="16,16,16,0" rate="2274.65,2164.48,2141.94,1500.00" sx="F,M,M,C"/><TAIKYOKU oya="0"/><INIT seed="0,0,0,0,1,0" ten="350,350,350,0" oya="0" hai0="3,47,90,117,135,86,46,2,120,92,119,124,84" hai1="58,83,64,34,1,126,133,96,97,48,73,52,115" hai2="54,68,42,103,102,65,108,66,85,122,94,59,123" hai3=""/><T129/><N who="0" m="30752" /><T118/><D124/><U104/><E1/><V82/><N who="2" m="31264" /><V107/><N who="2" m="31520" /><V98/><F108/><T37/><D129/><U116/><E116/><V88/><F68/><T69/><D135/><U100/><E126/><V110/><F110/><T132/><D132/><U130/><E133/><V38/><F103/><T109/><D109/><U78/><E130/><V81/><F81/><T131/><D131/><U87/><E115/><V91/><F42/><T70/><D37/><U128/><E128/><V67/><F38/><T45/><D70/><U60/><E96/><V125/><F125/><T32/><D32/><U89/><E34/><V43/><F43/><T71/><D69/><U121/><N who="1" m="31008" /><U39/><E39/><V57/><REACH who="2" step="1"/><F54/><REACH who="2" ten="350,350,340,0" step="2"/><T50/><D71/><U113/><E113/><V74/><F74/><T61/><D118/><U55/><REACH who="1" step="1"/><E48/><REACH who="1" ten="350,340,340,0" step="2"/><V95/><F95/><AGARI ba="0,2" hai="52,55,58,60,64,73,78,83,87,89,95,97,100,104" m="31008" machi="95" ten="30,16000,3" yaku="1,1,2,1,7,1,24,2,52,1,54,1,53,1" doraHai="0" doraHaiUra="76" who="1" fromWho="2" sc="350,0,340,180,340,-160,0,0" /><INIT seed="1,0,0,2,5,127" ten="350,520,180,0" oya="1" hai0="80,125,94,82,56,95,128,126,36,103,52,116,73" hai1="107,105,112,130,53,85,54,86,99,114,38,124,50" hai2="47,0,83,121,92,59,55,68,104,72,97,84,71" hai3=""/><U106/><E38/><V1/><N who="2" m="31008" /><V90/><F47/><T88/><D116/><U91/><E124/><N who="0" m="47721" /><D36/><U117/><E117/><V75/><F68/><T39/><D39/><U81/><E130/><V64/><F64/><T87/><D73/><U135/><E135/><V40/><F40/><T108/><D108/><U113/><E99/><V62/><F71/><T60/><D128/><U48/><REACH who="1" step="1"/><E85/><REACH who="1" ten="350,510,180,0" step="2"/><V129/><F129/><T45/><D45/><U133/><E133/><V74/><REACH who="2" step="1"/><F104/><REACH who="2" ten="350,510,170,0" step="2"/><T93/><D82/><U115/><E115/><V76/><AGARI ba="0,2" hai="0,1,55,59,62,72,74,75,76,83,84,90,92,97" m="31008" machi="76" ten="30,5900,0" yaku="1,1,2,1,0,1,52,1,53,0" doraHai="127" doraHaiUra="123" who="2" fromWho="2" sc="350,-20,510,-39,170,79,0,0" /><INIT seed="2,0,0,1,4,84" ten="330,471,249,0" oya="2" hai0="85,53,99,70,2,46,81,40,74,126,38,107,71" hai1="0,67,118,78,44,122,91,61,50,133,94,113,96" hai2="49,58,1,76,72,105,43,97,131,130,90,41,37" hai3=""/><V51/><F37/><T75/><D2/><U120/><N who="1" m="30752" /><U106/><N who="1" m="31264" /><U79/><E0/><V65/><F1/><T42/><D126/><U114/><E133/><V115/><F115/><T117/><D117/><U34/><E34/><V128/><F76/><T47/><D53/><U125/><E125/><V48/><F72/><T109/><D109/><U3/><E106/><V35/><F35/><T103/><D85/><U56/><E118/><V69/><F69/><T89/><D89/><U110/><E110/><V112/><F112/><T124/><D124/><U63/><E3/><V59/><F105/><T87/><D87/><U98/><E98/><V64/><F90/><T95/><D95/><U104/><E104/><V119/><F97/><T88/><D88/><U101/><E101/><V55/><F119/><T45/><D45/><U123/><N who="1" m="31520" /><U134/><E134/><V77/><F77/><T100/><D100/><U93/><E93/><V73/><F73/><T54/><D54/><U108/><E108/><V135/><F135/><T127/><D127/><U39/><E114/><V57/><F55/><T32/><D32/><U111/><E111/><V121/><N who="2" m="31008" /><V52/><F52/><T129/><D129/><N who="2" m="33026" /><V102/><DORA hai="82" /><F102/><RYUUKYOKU ba="0,0" sc="330,-10,471,-10,249,20,0,0" hai2="41,43,48,49,51,57,58,59,64,65" /><INIT seed="2,1,0,5,1,3" ten="320,461,269,0" oya="2" hai0="45,39,49,125,2,108,130,84,72,119,52,87,62" hai1="88,50,92,79,82,0,111,51,101,73,120,118,127" hai2="75,78,68,61,65,94,34,46,103,42,95,59,122" hai3=""/><V57/><N who="2" m="31264" /><V66/><F34/><T76/><D2/><U81/><N who="1" m="30752" /><U116/><E0/><V69/><F78/><T96/><D119/><N who="1" m="45611" /><E111/><V135/><F75/><T104/><D108/><U41/><E127/><V99/><F135/><T55/><D125/><U80/><E101/><V86/><F65/><T63/><D130/><U124/><E124/><V112/><F69/><T85/><D39/><U113/><E113/><V58/><F112/><T123/><N who="0" m="31520" /><T132/><D132/><U48/><E41/><V128/><F128/><T126/><D126/><U129/><E129/><V91/><REACH who="2" step="1"/><F68/><REACH who="2" ten="320,461,259,0" step="2"/><T83/><REACH who="0" step="1"/><D55/><REACH who="0" ten="310,461,259,0" step="2"/><U133/><E133/><V98/><F98/><AGARI ba="1,2" hai="48,50,51,73,79,80,81,82,88,92,98" m="45611,30752" machi="98" ten="30,3900,0" yaku="12,1,52,1,54,1" doraHai="3" who="1" fromWho="2" sc="310,0,461,61,259,-41,0,0" /><INIT seed="4,0,0,0,4,84" ten="310,522,218,0" oya="0" hai0="114,57,66,43,106,86,2,134,51,58,38,113,117" hai1="109,124,125,96,135,93,95,49,71,89,100,88,115" hai2="63,123,34,133,1,121,105,131,120,82,32,99,111" hai3=""/><T94/><D106/><U90/><E71/><V98/><N who="2" m="30752" /><V132/><N who="2" m="31008" /><V119/><N who="2" m="31520" /><V102/><F111/><T67/><D2/><U80/><E109/><V129/><F1/><T0/><D0/><U54/><BYE who="0" /><E135/><N who="2" m="51787" /><F119/><T69/><D69/><U41/><E115/><V35/><F63/><T44/><D44/><U108/><E41/><V101/><F82/><T128/><D128/><N who="2" m="49226" /><F105/><T64/><D64/><U118/><E118/><V76/><F76/><T130/><D130/><U39/><E108/><V61/><F61/><T42/><D42/><U73/><E95/><UN n0="%E7%8E%89%E6%A8%B9%E6%A1%9C" /><V92/><F92/><T127/><D134/><U68/><E80/><V46/><F46/><T79/><D94/><U53/><E93/><V56/><F56/><T65/><D57/><U87/><E68/><V83/><F83/><T126/><D58/><U74/><E96/><AGARI ba="0,0" hai="32,34,35,96,98,99,101,102" m="49226,51787,31520,31008,30752" machi="96" ten="40,12000,2" yaku="28,2,20,1,19,1,52,3" doraHai="84" who="2" fromWho="1" sc="310,0,522,-120,218,120,0,0" /><INIT seed="5,0,0,2,4,48" ten="310,402,338,0" oya="1" hai0="52,41,100,105,70,55,128,66,117,93,76,87,59" hai1="79,78,58,36,90,37,68,51,67,96,132,69,35" hai2="33,116,88,131,72,122,42,3,40,50,32,99,45" hai3=""/><U115/><E35/><V97/><N who="2" m="31264" /><V104/><F116/><T118/><D128/><U61/><E115/><V1/><F72/><T53/><D105/><U130/><E130/><V82/><F131/><T107/><D107/><U108/><E132/><V86/><F40/><T39/><D70/><U91/><E108/><V47/><F45/><T60/><D100/><U109/><E109/><V57/><F57/><T124/><D124/><U64/><E51/><V121/><N who="2" m="31008" /><V133/><F133/><T75/><D75/><U111/><E111/><V112/><F97/><T80/><REACH who="0" step="1"/><D93/><REACH who="0" ten="300,402,338,0" step="2"/><U95/><E95/><V120/><N who="2" m="30752" /><V98/><F112/><T92/><D92/><U56/><E96/><V84/><F99/><T71/><D71/><U43/><E69/><V38/><F104/><T113/><D113/><U63/><E68/><V85/><F98/><T49/><D49/><U77/><REACH who="1" step="1"/><E43/><REACH who="1" ten="300,392,338,0" step="2"/><V106/><F106/><T83/><D83/><U119/><E119/><V65/><F50/><T0/><D0/><N who="2" m="74" /><F32/><T126/><D126/><U74/><E74/><V123/><N who="2" m="31520" /><V89/><F33/><T114/><D114/><U129/><E129/><V135/><F82/><T73/><D73/><U110/><E110/><V81/><F81/><RYUUKYOKU ba="0,2" sc="300,10,392,10,338,-20,0,0" hai0="39,41,52,53,55,59,60,66,76,80,87,117,118" hai1="36,37,56,58,61,63,64,67,77,78,79,90,91" /><INIT seed="5,1,2,5,1,97" ten="310,402,318,0" oya="1" hai0="47,90,123,34,33,92,94,52,44,40,105,55,132" hai1="32,134,67,114,91,124,49,54,74,101,42,120,53" hai2="58,86,104,106,62,60,111,130,100,115,57,119,131" hai3=""/><U68/><N who="1" m="30752" /><U66/><E32/><V112/><F111/><T63/><N who="0" m="31520" /><T36/><D105/><N who="2" m="40554" /><F119/><T76/><D76/><U127/><E74/><V83/><F100/><T107/><D107/><U61/><E101/><V96/><F96/><T102/><D132/><U41/><E134/><V129/><F57/><T121/><N who="0" m="31008" /><T110/><D110/><U37/><E114/><N who="2" m="43563" /><F58/><T59/><D102/><U128/><E124/><V72/><F72/><T71/><D71/><U98/><E68/><V122/><N who="2" m="31264" /><V69/><F69/><T88/><D88/><BYE who="0" /><AGARI ba="1,2" hai="60,62,83,86,88,129,130,131" m="31264,43563,40554" machi="88" ten="40,8000,1" yaku="19,1,15,1,11,1,52,1,54,1" doraHai="97" who="2" fromWho="0" sc="310,-82,402,0,318,102,0,0" /><UN n0="%E7%8E%89%E6%A8%B9%E6%A1%9C" /><INIT seed="6,0,0,0,3,114" ten="228,402,420,0" oya="2" hai0="100,71,97,107,122,126,64,42,74,102,35,37,96" hai1="121,82,130,119,68,111,134,62,0,55,70,38,91" hai2="86,105,41,33,120,56,32,129,108,135,2,110,113" hai3=""/><V95/><N who="2" m="30752" /><V92/><F105/><T79/><N who="0" m="31264" /><T127/><D35/><U80/><N who="1" m="31008" /><U98/><E0/><V131/><F113/><T51/><D51/><U106/><E111/><N who="2" m="42539" /><F135/><T128/><D128/><N who="2" m="49226" /><F2/><T133/><D133/><U49/><E38/><V75/><F75/><T48/><D48/><U34/><E49/><V117/><F117/><T78/><D64/><U109/><E119/><V94/><F41/><T67/><D67/><U125/><E34/><N who="2" m="13419" /><F56/><T123/><N who="0" m="31520" /><T104/><D71/><U63/><E70/><V77/><F77/><T61/><D61/><U53/><E63/><V45/><F86/><T90/><D90/><U83/><E91/><V112/><F112/><T88/><D88/><U36/><E134/><V115/><F115/><T65/><D65/><U50/><E130/><V39/><F39/><T46/><REACH who="0" step="1"/><D79/><REACH who="0" ten="218,402,420,0" step="2"/><U87/><E68/><V99/><F45/><T116/><D116/><U81/><E109/><V47/><F47/><T69/><D69/><U73/><E50/><V66/><F66/><T76/><D76/><U52/><E36/><V85/><F99/><T54/><D54/><U59/><E98/><V3/><F3/><T40/><D40/><U58/><E62/><V93/><F85/><RYUUKYOKU ba="0,1" sc="218,20,402,-10,420,-10,0,0" hai0="37,42,46,74,78,96,97,100,102,104,107,126,127" owari="238,-36.0,392,-1.0,420,37.0,0,0.0" /></mjloggm>