<mjloggm ver="2.3"><GO type="169" lobby="0"/><UN n0="%E9%87%8E%E5%B4%8E%E7%B6%AD%E7%B9%94%E2%98%85" n1="%E6%98%8E%E6%97%A5%E3%81%AE%E3%82%86%E3%81%8F%E3%81%88" n2="%E3%83%89%E3%83%A9%E3%82%B4%E3%83%B3%48%49%44%45" n3="%E3%83%92%E3%83%AD%E3%83%92%E3%83%AD%E3%83%9E%E3%83%AB" dan="16,17,16,16" rate="2183.25,2215.51,2110.18,2163.96" sx="F,F,M,M"/><TAIKYOKU oya="0"/><INIT seed="0,0,0,0,4,26" ten="250,250,250,250" oya="0" hai0="27,120,52,14,41,105,74,10,31,29,24,28,113" hai1="111,34,21,97,47,131,72,110,62,103,98,107,51" hai2="118,117,40,60,116,84,9,81,71,57,0,88,91" hai3="104,58,127,94,49,69,126,66,15,43,63,1,133"/><T134/><D113/><U64/><E34/><V78/><F71/><W61/><G104/><T42/><D74/><U93/><E72/><V30/><F40/><N who="0" m="15466" /><D105/><U73/><E73/><V102/><F102/><W35/><G94/><T44/><D134/><U13/><E131/><V48/><F48/><W92/><G92/><T8/><D120/><U106/><E51/><V39/><F39/><W114/><G15/><T3/><D3/><U53/><E47/><V96/><F96/><W36/><G35/><T67/><D67/><U108/><E53/><N who="2" m="33839" /><F30/><W95/><G95/><T11/><D14/><U119/><E119/><V65/><F65/><N who="3" m="41135" /><G1/><T20/><D20/><U122/><E122/><V2/><F2/><W135/><G114/><T12/><D12/><U25/><E13/><V6/><AGARI ba="0,0" hai="0,6,9,78,81,84,88,91,116,117,118" m="33839" machi="6" ten="40,2700,0" yaku="12,1,54,1" doraHai="26" who="2" fromWho="2" sc="250,-13,250,-7,250,27,250,-7" /><INIT seed="1,0,0,4,0,116" ten="237,243,277,243" oya="1" hai0="42,78,125,69,98,123,32,0,93,85,54,103,25" hai1="97,95,22,126,82,47,73,120,26,8,59,84,33" hai2="46,74,11,34,58,35,36,27,40,100,30,94,39" hai3="3,56,17,76,15,45,37,38,19,121,21,105,48"/><U28/><E126/><V131/><F131/><W117/><G105/><T10/><D69/><U29/><E73/><V60/><F74/><W65/><G3/><T57/><D125/><U12/><E33/><V130/><F130/><W50/><G76/><T90/><D42/><U81/><E120/><V71/><F71/><W68/><G117/><T127/><D127/><U55/><E28/><V20/><F39/><W18/><G68/><T89/><D78/><U49/><E47/><V109/><F109/><W110/><G110/><T118/><D118/><U106/><E84/><V16/><F94/><W91/><G37/><T64/><D64/><U41/><E41/><V61/><F100/><W92/><G38/><T1/><D90/><U62/><E49/><V53/><F61/><W99/><G121/><T83/><D10/><U67/><E55/><V6/><REACH who="2" step="1"/><F30/><REACH who="2" ten="237,243,267,243" step="2"/><W4/><G4/><T129/><D129/><U111/><E106/><V107/><F107/><W102/><G102/><T23/><D123/><U79/><E111/><V113/><F113/><W133/><G133/><T134/><D134/><U43/><E43/><V124/><F124/><W87/><G99/><T135/><D135/><U75/><E75/><V77/><F77/><W88/><G91/><T114/><D114/><U5/><E79/><V51/><F51/><W128/><G128/><T108/><D108/><U119/><E119/><V66/><F66/><W70/><G70/><T44/><D103/><AGARI ba="0,1" hai="5,8,12,22,26,29,59,62,67,81,82,95,97,103" machi="103" ten="30,11600,0" yaku="7,1,25,2,8,1" doraHai="116" who="1" fromWho="0" sc="237,-116,243,126,267,0,243,0" /><INIT seed="1,1,0,0,1,37" ten="121,369,267,243" oya="1" hai0="88,65,41,63,33,92,94,125,28,119,87,97,18" hai1="16,122,2,110,91,13,11,112,40,130,90,113,61" hai2="24,83,0,17,62,76,43,6,32,115,69,38,60" hai3="101,129,108,26,109,66,111,93,72,131,86,118,42"/><U29/><E122/><V55/><F115/><W52/><G66/><T25/><D119/><U100/><E2/><V21/><F32/><W116/><G72/><T15/><D125/><U9/><E130/><N who="3" m="49674" /><G26/><T5/><D5/><U58/><E110/><V7/><F7/><W79/><G42/><T128/><D128/><U135/><E135/><V4/><F4/><W96/><G52/><T49/><D49/><U70/><E70/><V85/><F55/><W71/><G71/><T47/><D47/><U127/><E127/><V82/><F69/><W10/><G10/><T39/><D39/><U56/><E29/><V57/><F57/><W75/><G75/><T31/><D41/><U132/><E132/><V133/><F133/><W36/><G36/><T73/><D73/><U89/><E100/><V107/><F107/><W81/><AGARI ba="1,0" hai="79,81,86,93,96,101,108,109,111,116,118" m="49674" machi="81" ten="40,8000,1" yaku="14,1,19,1,34,2" doraHai="37" who="3" fromWho="3" sc="121,-21,369,-41,267,-21,243,83" /><INIT seed="2,0,0,4,5,104" ten="100,328,246,326" oya="2" hai0="76,17,70,128,25,99,102,14,120,29,43,53,129" hai1="38,87,10,103,91,26,57,111,44,32,35,15,96" hai2="63,126,72,88,124,90,127,16,40,47,105,8,93" hai3="114,50,73,42,31,125,116,46,68,113,11,23,97"/><V21/><F105/><W123/><G116/><T58/><D120/><U4/><E111/><V20/><F63/><W49/><G123/><T101/><D70/><U62/><E26/><V13/><F72/><W132/><G68/><T33/><D43/><U22/><E22/><N who="2" m="8811" /><F93/><W75/><G97/><T74/><D14/><U135/><E135/><V37/><AGARI ba="0,0" hai="8,13,16,37,40,47,88,90,124,126,127" m="8811" machi="37" ten="40,7800,0" yaku="18,1,54,2" doraHai="104" who="2" fromWho="2" sc="100,-26,328,-26,246,78,326,-26" /><INIT seed="2,1,0,2,5,127" ten="74,302,324,300" oya="2" hai0="42,85,82,96,64,1,44,78,87,56,43,67,79" hai1="129,111,40,46,131,49,39,88,94,101,5,113,47" hai2="98,86,2,109,34,91,75,8,22,21,93,6,59" hai3="37,57,100,36,112,15,35,118,20,77,29,122,28"/><V16/><F75/><W135/><G35/><T54/><D1/><U125/><E113/><V99/><F34/><W31/><G118/><T133/><D133/><U68/><E68/><V92/><F109/><W128/><G122/><T108/><D108/><U90/><E111/><V14/><F22/><W3/><G3/><T102/><D54/><U30/><E30/><V25/><F2/><W73/><G135/><T126/><D126/><U9/><E125/><V52/><F93/><W66/><G100/><T119/><D119/><U130/><E101/><V7/><F7/><W103/><G103/><T117/><D117/><U83/><E83/><V12/><F25/><W84/><G73/><T123/><D123/><U116/><E116/><V134/><F134/><W120/><G120/><T107/><D56/><U51/><E94/><V89/><F89/><N who="1" m="34409" /><E46/><V114/><F114/><W121/><G121/><T13/><D13/><AGARI ba="1,0" hai="5,9,13,39,40,47,49,51,129,130,131" m="34409" machi="13" ten="30,8000,1" yaku="19,1,52,3,54,1" doraHai="127" who="1" fromWho="0" sc="74,-83,302,83,324,0,300,0" owari="-9,-51.0,385,49.0,324,12.0,300,-10.0" /></mjloggm>