<mjloggm ver="2.3"><GO type="169" lobby="0"/><UN n0="%58%75%6C" n1="%E7%A5%9E%E5%91%AA%E9%AD%94%E5%A5%B3" n2="%43%E3%82%A8%E3%83%BC%E3%82%B8%E3%82%A7%E3%83%B3%E3%83%88" n3="%E5%A4%A7%E6%B2%BB%E9%83%8E%23%37%34" dan="16,16,17,16" rate="2097.84,2203.65,2194.20,2131.10" sx="M,F,M,M"/><TAIKYOKU oya="0"/><INIT seed="0,0,0,3,1,21" ten="250,250,250,250" oya="0" hai0="127,128,86,64,81,49,103,78,74,133,101,16,95" hai1="91,45,0,105,104,88,58,47,51,54,23,82,36" hai2="99,83,94,63,6,67,117,38,126,135,93,43,115" hai3="44,71,87,20,55,111,7,132,48,84,70,12,13"/><T66/><D133/><U65/><E0/><V109/><F115/><W26/><G132/><T129/><D127/><U108/><E108/><V123/><F135/><W17/><G111/><T9/><D49/><U39/><E65/><V11/><F109/><W77/><G71/><T73/><D64/><U42/><E82/><V40/><F126/><W3/><G70/><T97/><D66/><U110/><E110/><V25/><F123/><W118/><G118/><T114/><D114/><U52/><E23/><V10/><F38/><W14/><REACH who="3" step="1"/><G77/><REACH who="3" ten="250,250,250,240" step="2"/><T134/><D134/><U18/><E36/><V122/><F117/><W79/><G79/><T29/><D128/><U124/><E124/><V41/><F122/><W1/><G1/><T46/><D129/><U113/><E113/><V4/><F40/><W68/><G68/><T57/><D74/><U28/><E42/><V76/><F76/><W5/><G5/><T120/><D73/><U27/><E39/><V125/><F125/><W107/><G107/><T24/><D120/><U98/><E105/><V80/><F43/><W130/><G130/><T30/><D78/><U112/><E104/><V119/><F41/><W15/><N who="3" m="3072" /><DORA hai="62" /><W116/><G116/><T75/><D75/><U2/><E2/><V31/><F119/><W69/><G69/><T37/><D37/><U72/><E72/><V22/><F4/><W102/><G102/><T32/><D103/><U34/><E112/><V59/><F6/><W90/><G90/><T61/><D101/><U56/><E91/><N who="2" m="55743" /><F94/><W53/><G53/><T100/><D95/><U121/><E54/><RYUUKYOKU ba="0,1" sc="250,-15,250,-15,250,15,240,15" hai2="10,11,22,25,31,59,63,67,80,83" hai3="3,7,17,20,26,44,48,55,84,87" /><INIT seed="1,1,1,2,5,31" ten="235,235,265,255" oya="1" hai0="92,30,25,3,42,68,55,120,16,71,45,113,118" hai1="111,34,67,99,74,97,28,85,37,43,110,63,60" hai2="0,5,124,8,41,15,94,26,12,51,88,38,46" hai3="104,76,50,69,49,106,95,64,7,83,65,116,125"/><U14/><E74/><V135/><F135/><W44/><G116/><T39/><D118/><U23/><E37/><V82/><F124/><W47/><G95/><T81/><D113/><U123/><E123/><V79/><F26/><W130/><G7/><T17/><D3/><U56/><E43/><V108/><F51/><W91/><G91/><T27/><D120/><U18/><E85/><V84/><REACH who="2" step="1"/><F108/><REACH who="2" ten="235,235,255,255" step="2"/><N who="1" m="41513" /><E63/><V70/><F70/><W134/><G69/><T103/><D27/><AGARI ba="1,2" hai="14,18,23,27,28,34,56,60,67,97,99" m="41513" machi="27" ten="30,5800,0" yaku="14,1,10,1,52,1" doraHai="31" who="1" fromWho="0" sc="235,-61,235,81,255,0,255,0" /><INIT seed="1,2,0,4,1,107" ten="174,316,255,255" oya="1" hai0="98,31,101,57,93,132,103,48,92,22,118,67,82" hai1="68,2,44,36,94,133,69,83,66,80,0,20,77" hai2="72,127,47,17,95,28,111,73,10,123,130,43,53" hai3="126,39,65,74,71,29,9,15,54,97,85,121,6"/><U25/><E133/><V112/><F123/><W78/><G121/><T62/><D118/><U35/><E35/><V58/><F28/><W84/><G39/><T135/><D82/><U49/><E36/><V90/><F111/><W19/><G126/><T46/><D93/><U70/><E66/><V21/><F130/><W64/><G29/><T76/><D76/><U37/><E83/><V14/><F10/><W110/><G110/><T131/><D131/><U38/><E94/><V59/><F112/><W114/><G114/><T87/><D87/><U109/><E38/><V41/><F59/><W128/><G128/><T96/><D96/><U34/><E34/><V122/><F127/><W26/><G97/><T102/><D132/><U12/><E12/><V116/><F116/><W16/><G26/><T105/><D105/><U1/><E37/><V81/><F81/><W56/><G71/><T106/><D106/><U89/><E89/><V18/><F18/><N who="3" m="6699" /><G74/><N who="2" m="28777" /><F47/><W27/><G27/><N who="0" m="16887" /><D135/><U45/><E109/><V5/><F5/><W13/><G13/><T75/><D75/><U42/><E45/><V129/><F129/><W100/><G100/><T117/><D117/><U104/><E80/><V7/><F7/><W88/><G78/><T120/><D120/><U32/><E77/><V113/><F113/><W4/><G4/><T33/><D33/><U119/><E32/><V11/><F11/><W40/><G9/><T23/><D23/><U91/><E20/><V3/><F3/><W99/><G6/><T50/><D46/><U86/><E119/><V55/><F122/><W24/><G56/><RYUUKYOKU ba="2,0" sc="174,30,316,-10,255,-10,255,-10" hai0="48,50,57,62,67,92,98,101,102,103" /><INIT seed="2,3,0,3,4,23" ten="204,306,245,245" oya="2" hai0="41,12,38,130,54,96,19,112,39,118,103,125,91" hai1="28,15,131,101,84,58,29,20,22,114,44,66,129" hai2="59,5,4,25,62,36,3,57,90,47,55,105,26" hai3="73,31,1,74,92,109,115,100,43,49,116,89,35"/><V63/><F105/><W56/><G116/><T120/><D120/><U69/><E114/><V14/><F3/><W127/><G115/><T53/><D112/><U2/><E2/><V17/><F47/><W48/><G1/><T75/><D75/><U98/><E69/><V42/><F42/><W79/><G109/><T123/><D123/><U133/><E133/><V97/><F36/><W10/><G10/><T27/><D118/><U128/><E84/><V119/><F119/><W95/><G127/><T94/><D125/><U81/><E81/><V93/><F4/><W0/><G0/><T67/><D67/><U99/><E44/><V85/><F5/><W65/><G100/><T80/><D41/><U16/><E101/><V46/><F46/><W18/><G18/><T52/><D130/><U135/><E135/><V32/><F32/><W122/><G122/><T9/><D80/><U87/><E87/><V51/><F97/><W110/><G110/><T24/><REACH who="0" step="1"/><D103/><REACH who="0" ten="194,306,245,245" step="2"/><U34/><E129/><V37/><F37/><AGARI ba="3,1" hai="9,12,19,24,27,37,38,39,52,53,54,91,94,96" machi="37" ten="40,8000,1" yaku="1,1,2,1,52,2,54,1,53,0" doraHai="23" doraHaiUra="108" who="0" fromWho="2" sc="194,99,306,0,245,-89,245,0" /><INIT seed="3,0,0,4,3,126" ten="293,306,156,245" oya="3" hai0="42,110,8,14,27,66,64,132,103,105,113,117,111" hai1="70,57,108,34,87,89,21,85,123,46,83,40,44" hai2="13,73,102,31,82,7,79,122,69,4,76,65,107" hai3="68,38,18,54,91,129,35,120,15,115,124,16,12"/><W106/><G120/><T25/><D117/><U84/><E34/><V49/><F122/><W56/><G115/><T118/><D118/><U24/><E70/><V86/><F31/><W3/><G124/><T77/><D113/><U62/><E108/><N who="0" m="41513" /><D77/><U114/><E114/><V30/><F30/><W55/><G35/><T5/><D42/><U29/><E123/><V19/><F49/><W95/><G68/><T127/><D127/><U23/><E23/><V109/><F109/><W119/><G119/><T6/><D6/><U28/><E28/><V100/><F76/><W52/><G38/><T90/><D90/><U33/><E33/><V43/><F43/><W60/><G106/><T134/><D103/><U39/><REACH who="1" step="1"/><E46/><REACH who="1" ten="293,296,156,245" step="2"/><V9/><F69/><W81/><G3/><T130/><D105/><U101/><E101/><V88/><F102/><W0/><G0/><T41/><D132/><U98/><E98/><V131/><F100/><W48/><G81/><T58/><D134/><U45/><E45/><V61/><F107/><W71/><G71/><T2/><D2/><U112/><E112/><V26/><F26/><W36/><G36/><T125/><D27/><U59/><E59/><V10/><F10/><N who="3" m="6167" /><G48/><T20/><D125/><U121/><E121/><V72/><F9/><N who="3" m="6511" /><G129/><T116/><D130/><U133/><E133/><V53/><F131/><W1/><G1/><T67/><D116/><U135/><E135/><V32/><F32/><W104/><G104/><T74/><D25/><U99/><E99/><AGARI ba="0,1" hai="52,54,55,56,60,91,95,99" m="6511,6167" machi="99" ten="30,5800,0" yaku="8,1,54,2" doraHai="126" who="3" fromWho="1" sc="293,0,296,-58,156,0,245,68" /><INIT seed="3,1,0,5,2,24" ten="293,238,156,313" oya="3" hai0="69,50,31,22,111,71,97,99,93,114,52,3,48" hai1="4,5,87,64,25,73,134,101,6,9,76,38,91" hai2="129,14,53,96,35,42,75,18,10,70,62,131,37" hai3="27,118,46,127,78,128,12,121,58,16,45,95,106"/><W39/><G121/><T60/><D3/><U109/><E109/><V40/><F75/><W124/><G106/><T126/><D111/><U19/><E38/><V85/><F96/><W119/><G78/><T81/><D126/><U34/><E101/><V113/><F113/><W51/><G39/><T43/><D114/><U65/><E134/><V2/><F2/><W88/><G128/><N who="2" m="49225" /><F37/><W84/><G27/><T74/><D74/><U89/><E9/><V94/><F35/><W107/><G107/><T29/><D22/><U86/><E73/><V26/><F26/><W82/><G82/><T28/><D43/><U67/><E76/><V125/><F125/><N who="3" m="48203" /><G45/><T13/><D13/><U57/><E57/><N who="2" m="35119" /><F70/><W116/><G58/><N who="0" m="34887" /><D69/><U72/><E72/><V77/><F94/><W36/><G36/><T47/><D71/><U68/><E68/><V61/><F61/><W133/><G133/><T80/><D97/><U120/><E120/><V41/><F42/><N who="3" m="25047" /><G119/><T17/><D17/><U104/><E104/><V55/><F55/><W66/><G66/><T49/><D47/><U54/><E54/><V0/><F0/><W108/><G108/><T59/><D59/><U21/><E34/><V44/><F44/><W15/><G15/><T11/><D11/><AGARI ba="1,0" hai="11,12,16,84,88,95,116,118" m="25047,48203" machi="11" ten="30,5800,0" yaku="18,1,54,2" doraHai="24" who="3" fromWho="0" sc="293,-61,238,0,156,0,313,61" /><INIT seed="3,2,0,5,5,2" ten="232,238,156,374" oya="3" hai0="34,73,86,54,74,119,58,12,5,94,90,35,55" hai1="101,87,125,129,97,32,21,99,82,116,39,133,50" hai2="9,6,23,117,96,64,47,16,38,19,75,112,57" hai3="134,13,85,18,31,22,76,110,40,65,51,77,43"/><W59/><G134/><T118/><D118/><U130/><E32/><V70/><F112/><W111/><G31/><T113/><D113/><U30/><E39/><V91/><F75/><W80/><G76/><T135/><D135/><U61/><E133/><V48/><F38/><W24/><G24/><T88/><D119/><U63/><E116/><V7/><F70/><W109/><REACH who="3" step="1"/><G51/><REACH who="3" ten="232,238,156,364" step="2"/><T66/><D35/><U79/><E50/><V115/><F115/><W11/><G11/><T60/><D34/><U100/><E30/><V84/><F117/><W124/><G124/><T106/><D73/><U108/><E125/><V121/><F9/><W69/><G69/><T27/><D27/><U1/><E79/><V92/><F121/><W67/><G67/><T14/><D74/><U81/><E129/><V44/><F23/><W42/><G42/><T95/><D66/><U105/><E21/><V114/><F114/><W10/><G10/><T126/><D126/><U56/><E130/><V17/><F64/><W0/><G0/><T132/><D132/><U28/><E1/><V68/><F68/><W78/><G78/><T29/><D29/><U71/><E28/><V49/><F57/><W72/><G72/><T122/><D58/><U128/><E56/><V123/><F123/><W8/><G8/><T45/><D122/><U41/><E71/><V37/><F37/><W4/><G4/><N who="2" m="1577" /><F49/><W46/><G46/><N who="2" m="17449" /><F48/><W89/><G89/><T98/><D90/><U20/><E20/><V33/><F33/><W15/><G15/><T36/><D14/><U103/><E128/><V62/><F62/><AGARI ba="2,1" hai="13,18,22,40,43,59,62,65,77,80,85,109,110,111" machi="62" ten="40,12000,1" yaku="1,1,6,1,14,1,10,1,53,0" doraHai="2" doraHaiUra="127" who="3" fromWho="2" sc="232,0,238,0,156,-126,364,136" /><INIT seed="3,3,0,4,1,30" ten="232,238,30,500" oya="3" hai0="123,69,11,84,8,119,9,10,82,133,78,24,39" hai1="41,114,132,107,32,122,103,83,54,126,25,6,106" hai2="68,108,86,21,92,57,80,37,111,16,29,77,88" hai3="64,42,81,63,72,65,22,60,91,131,129,87,105"/><W36/><G105/><T52/><D123/><U99/><E122/><V120/><F68/><W79/><G42/><T110/><D69/><U85/><E114/><V112/><F112/><W125/><G36/><T61/><D39/><U95/><E126/><V53/><F37/><W124/><G22/><T101/><D119/><U58/><E41/><V51/><F29/><W14/><G14/><T13/><D110/><U3/><E132/><V48/><F48/><W55/><G55/><T34/><D133/><U27/><E6/><V127/><F127/><N who="3" m="48715" /><G60/><T62/><D101/><U134/><E134/><V47/><F47/><W67/><G63/><T130/><D130/><N who="3" m="49673" /><G91/><T2/><D2/><U73/><E3/><V97/><REACH who="2" step="1"/><F120/><REACH who="2" ten="232,238,20,500" step="2"/><W115/><G115/><T56/><D62/><U28/><E28/><V31/><F31/><W5/><G5/><T102/><D61/><U33/><E58/><V117/><F117/><W0/><G0/><T76/><D56/><U89/><E54/><V18/><F18/><W128/><N who="3" m="49681" /><W90/><DORA hai="96" /><G90/><T40/><D52/><U20/><E89/><V75/><F75/><AGARI ba="3,1" hai="64,65,67,72,75,79,81,87" m="49681,48715" machi="75" ten="50,4800,0" yaku="18,1,19,1" doraHai="30,96" who="3" fromWho="2" sc="232,0,238,0,20,-57,500,67" owari="232,-17.0,238,4.0,-37,-54.0,567,67.0" /></mjloggm>