<mjloggm ver="2.3"><GO type="185" lobby="0"/><UN n0="%E8%8A%B1%E3%81%A1%E3%82%83%E3%82%93%E3%81%9A" n1="%E3%83%84%E3%83%BC%E3%82%A2%E3%82%A6%E3%83%88" n2="%50%42%33%2D%50" n3="" dan="16,16,16,0" rate="2141.82,2228.00,2212.43,1500.00" sx="F,M,M,C"/><TAIKYOKU oya="0"/><INIT seed="0,0,0,1,2,70" ten="350,350,350,0" oya="0" hai0="93,112,32,96,110,64,100,115,39,52,97,83,43" hai1="108,59,90,101,34,131,53,132,127,68,71,113,103" hai2="61,102,76,92,50,84,78,63,88,58,89,33,120" hai3=""/><T114/><D32/><U48/><E34/><V41/><N who="2" m="30752" /><V56/><F33/><T116/><D116/><U35/><E35/><V57/><F102/><T117/><D117/><U51/><E127/><V91/><F92/><T36/><D64/><U67/><E131/><V1/><F1/><T69/><D69/><U0/><E0/><V47/><F84/><T133/><D83/><U42/><E71/><V37/><F37/><T125/><D125/><U3/><E3/><V65/><REACH who="2" step="1"/><F57/><REACH who="2" ten="350,350,340,0" step="2"/><T111/><D36/><U38/><E38/><V62/><F62/><T123/><N who="0" m="31520" /><T82/><D82/><U80/><E80/><V86/><F86/><T74/><D100/><U60/><E103/><V55/><AGARI ba="0,1" hai="41,47,50,55,56,58,61,63,65,76,78,88,89,91" m="30752" machi="55" ten="30,6000,1" yaku="1,1,0,1,8,1,52,1,54,1,53,0" doraHai="70" doraHaiUra="129" who="2" fromWho="2" sc="350,-40,350,-20,340,70,0,0" /><INIT seed="1,0,0,5,1,115" ten="310,330,410,0" oya="1" hai0="1,82,74,68,79,96,71,70,134,77,107,100,116" hai1="61,0,43,49,135,50,76,35,48,129,109,124,99" hai2="133,87,121,122,58,51,119,54,89,32,88,126,101" hai3=""/><U123/><N who="1" m="31520" /><U60/><E0/><V83/><N who="2" m="31008" /><V2/><N who="2" m="31264" /><V40/><F2/><T80/><D1/><U63/><E35/><V57/><F32/><T39/><D134/><U81/><E135/><V52/><F133/><T86/><REACH who="0" step="1"/><D39/><REACH who="0" ten="300,330,410,0" step="2"/><U108/><E124/><V64/><F126/><T128/><D128/><U59/><E129/><V38/><F38/><T94/><D94/><U98/><E43/><V62/><F40/><T44/><D44/><U95/><E59/><V72/><F72/><T97/><D97/><U65/><E65/><V85/><F101/><T105/><D105/><U37/><E37/><V42/><F42/><T66/><D66/><U111/><E95/><V102/><F102/><T113/><D113/><U33/><E33/><V93/><REACH who="2" step="1"/><F64/><REACH who="2" ten="300,330,400,0" step="2"/><T56/><D56/><U78/><E81/><V118/><AGARI ba="0,2" hai="51,52,54,57,58,62,83,85,87,88,89,93,118,119" m="31264,31008" machi="118" ten="30,18000,4" yaku="1,1,2,1,0,1,52,4,54,2,53,2" doraHai="115" doraHaiUra="112" who="2" fromWho="2" sc="300,-60,330,-120,400,200,0,0" /><INIT seed="2,0,0,1,2,85" ten="240,210,600,0" oya="2" hai0="101,106,123,47,70,103,60,110,35,87,38,131,122" hai1="118,88,50,82,112,93,66,89,56,34,61,44,79" hai2="104,75,108,117,52,64,99,120,65,116,58,91,113" hai3=""/><V46/><N who="2" m="30752" /><V100/><F113/><T68/><N who="0" m="31264" /><T62/><N who="0" m="31520" /><T72/><D35/><U37/><E112/><V126/><F75/><T53/><D72/><U132/><E118/><V119/><F126/><T97/><D131/><U42/><E34/><V129/><F129/><T32/><D32/><U59/><E132/><V54/><F108/><T135/><D135/><U40/><E40/><V57/><F46/><T133/><D133/><U95/><E37/><V78/><F78/><T121/><N who="0" m="31008" /><T71/><D110/><U124/><E124/><V98/><F91/><N who="1" m="34889" /><E59/><V48/><REACH who="2" step="1"/><F99/><REACH who="2" ten="240,210,590,0" step="2"/><T115/><D115/><U2/><E2/><V127/><F127/><T114/><D114/><U76/><E76/><V130/><F130/><T128/><D128/><U69/><E69/><V107/><F107/><T77/><D71/><U96/><E96/><V49/><AGARI ba="0,1" hai="48,49,52,54,57,58,64,65,98,100,104,116,117,119" m="30752" machi="49" ten="30,12000,2" yaku="1,1,0,1,9,1,52,1,54,1,53,1" doraHai="85" doraHaiUra="94" who="2" fromWho="2" sc="240,-60,210,-60,590,130,0,0" /><INIT seed="2,1,0,3,1,53" ten="180,150,720,0" oya="2" hai0="50,89,90,69,46,47,36,84,54,85,57,41,116" hai1="105,97,113,73,40,128,111,130,45,99,65,92,117" hai2="79,68,122,39,82,33,88,106,3,100,98,101,134" hai3=""/><V43/><N who="2" m="31264" /><V123/><N who="2" m="31520" /><V64/><F3/><T42/><D116/><U35/><E35/><V61/><F33/><T34/><D34/><U108/><E73/><V55/><F134/><T38/><REACH who="0" step="1"/><D69/><REACH who="0" ten="170,150,720,0" step="2"/><U112/><E117/><V49/><F39/><T120/><N who="0" m="30752" /><T60/><D60/><U80/><E65/><V63/><F61/><T0/><D0/><U135/><E135/><V83/><F63/><T72/><D72/><U91/><E45/><V133/><F64/><T78/><D78/><U74/><E40/><V96/><F79/><T32/><D32/><U118/><E118/><V125/><F68/><T62/><D62/><U77/><E113/><V95/><F133/><T126/><D126/><U81/><E112/><V102/><F43/><T86/><AGARI ba="1,1" hai="36,38,41,42,46,47,50,54,57,84,85,86,89,90" m="30752" machi="86" ten="30,6000,1" yaku="1,1,0,1,9,1,52,2,53,0" doraHai="53" doraHaiUra="109" who="0" fromWho="0" sc="170,72,150,-21,720,-41,0,0" /><INIT seed="4,0,0,0,3,76" ten="242,129,679,0" oya="0" hai0="93,120,98,108,81,72,123,43,105,63,33,106,41" hai1="44,127,73,130,129,83,39,70,59,96,135,94,134" hai2="116,75,52,107,34,121,111,77,85,53,60,91,2" hai3=""/><T114/><N who="0" m="30752" /><T42/><N who="0" m="31520" /><T109/><D114/><U51/><E70/><V119/><F34/><T113/><D113/><U112/><E112/><V126/><F2/><T54/><D33/><U79/><E39/><V132/><F107/><T84/><D72/><U38/><E38/><V55/><F119/><T128/><D63/><U71/><E71/><V56/><F116/><T86/><D54/><U82/><E59/><V115/><F52/><T61/><D61/><U104/><E104/><N who="0" m="40041" /><D81/><U45/><E45/><V62/><F53/><T57/><D57/><U133/><E51/><V35/><F55/><T80/><D80/><U36/><E44/><V67/><F60/><T100/><D128/><N who="1" m="49259" /><E36/><V32/><F62/><T58/><D58/><U122/><N who="1" m="31264" /><U125/><E82/><V78/><F56/><T95/><D41/><U102/><AGARI ba="0,0" hai="73,79,83,94,96,102,125,127,133,134,135" m="31264,49259" machi="102" ten="40,12000,3" yaku="30,2,20,1,19,1,34,2,52,2" doraHai="76" who="1" fromWho="1" sc="242,-80,129,120,679,-40,0,0" /><INIT seed="5,0,0,5,0,90" ten="162,249,639,0" oya="1" hai0="118,40,42,125,75,135,113,52,107,100,97,111,69" hai1="58,54,0,68,60,3,51,129,99,101,116,92,72" hai2="74,127,110,55,56,84,120,77,121,86,109,131,123" hai3=""/><U115/><E116/><V71/><F71/><T83/><D111/><U37/><E37/><V134/><F74/><T63/><D118/><U104/><E72/><V48/><F84/><T47/><D113/><U89/><E115/><V64/><F64/><T61/><D125/><U32/><E32/><V85/><F85/><T62/><D69/><U88/><E129/><V70/><F70/><T94/><D135/><U35/><E35/><V126/><F134/><T114/><D107/><U91/><E104/><V106/><F106/><T133/><D133/><U102/><E102/><V93/><F131/><T73/><D73/><U87/><E87/><V95/><F109/><T76/><REACH who="0" step="1"/><D114/><REACH who="0" ten="152,249,639,0" step="2"/><U67/><AGARI ba="0,1" hai="0,3,51,54,58,60,67,68,88,89,91,92,99,101" machi="67" ten="30,4000,0" yaku="0,1,52,1,54,1" doraHai="90" who="1" fromWho="1" sc="152,-20,249,50,639,-20,0,0" /><INIT seed="5,1,0,4,2,86" ten="132,299,619,0" oya="1" hai0="117,67,62,3,94,41,111,119,125,131,1,91,87" hai1="77,35,84,135,71,132,32,46,93,59,108,69,47" hai2="66,75,85,118,82,100,83,124,65,101,49,99,79" hai3=""/><U54/><E108/><V56/><F118/><T123/><N who="0" m="31520" /><T98/><D111/><U105/><E105/><V109/><F109/><T73/><D131/><U39/><E77/><V40/><F124/><T103/><D125/><U55/><E84/><V92/><F101/><T81/><D117/><U70/><E93/><V44/><F56/><T34/><D34/><N who="1" m="12843" /><E59/><V107/><F92/><T113/><D119/><U57/><E57/><V58/><F58/><T126/><D126/><U116/><E39/><V97/><F97/><T45/><D73/><U72/><E72/><V63/><F63/><T129/><D129/><U2/><E2/><V90/><AGARI ba="1,0" hai="40,44,49,65,66,75,79,82,83,85,90,99,100,107" machi="90" ten="20,2000,0" yaku="0,1,7,1,52,1" doraHai="86" who="2" fromWho="2" sc="132,-8,299,-14,619,22,0,0" /><INIT seed="6,0,0,3,1,133" ten="124,285,641,0" oya="2" hai0="0,52,84,32,85,88,129,99,2,63,72,92,45" hai1="36,70,113,94,80,101,87,108,33,82,119,61,53" hai2="74,67,126,106,105,77,114,117,128,123,42,78,76" hai3=""/><V131/><N who="2" m="31520" /><V93/><F117/><T40/><D32/><U107/><E36/><V38/><F114/><T37/><D129/><N who="2" m="49738" /><F126/><T56/><D72/><U112/><E33/><V66/><F74/><T130/><D130/><U102/><E108/><V89/><F42/><T51/><D84/><U90/><E70/><V98/><F38/><T81/><REACH who="0" step="1"/><D37/><REACH who="0" ten="114,285,641,0" step="2"/><U49/><E113/><V50/><F50/><T134/><D134/><U86/><E49/><V121/><F121/><T79/><AGARI ba="0,1" hai="0,2,40,45,51,52,56,63,79,81,85,88,92,99" machi="79" ten="20,9000,2" yaku="1,1,0,1,7,1,54,2,53,1" doraHai="133" doraHaiUra="73" who="0" fromWho="0" sc="114,100,285,-30,641,-60,0,0" owari="214,-39.0,255,-14.0,581,53.0,0,0.0" /></mjloggm>