<mjloggm ver="2.3"><GO type="185" lobby="0"/><UN n0="%E6%9D%B1%E9%B3%B3" n1="%E6%B0%B4%E6%B2%A2%E6%9F%9A%E4%B9%83" n2="%74%6F%6D%69%31%30%32%39" n3="" dan="17,19,16,0" rate="2243.58,2344.17,2076.38,1500.00" sx="M,F,M,C"/><TAIKYOKU oya="0"/><INIT seed="0,0,0,2,0,101" ten="350,350,350,0" oya="0" hai0="104,81,72,112,74,50,75,51,134,43,102,121,88" hai1="40,119,95,130,36,69,82,76,123,46,109,107,111" hai2="39,97,128,133,34,42,37,68,83,132,96,120,100" hai3=""/><T44/><N who="0" m="31008" /><T61/><D112/><U89/><N who="1" m="31520" /><U125/><E119/><V118/><N who="2" m="30752" /><V78/><F34/><T49/><D134/><U38/><E69/><V58/><F68/><T86/><REACH who="0" step="1"/><D61/><REACH who="0" ten="340,350,350,0" step="2"/><U57/><E111/><V48/><F133/><T0/><D0/><U73/><E109/><V59/><F132/><T98/><AGARI ba="0,1" hai="43,44,49,50,51,72,74,75,81,86,88,98,102,104" m="31008" machi="98" ten="40,8000,1" yaku="1,1,0,1,52,2,54,1,53,0" doraHai="101" doraHaiUra="63" who="0" fromWho="0" sc="340,90,350,-40,350,-40,0,0" /><INIT seed="0,1,0,3,1,91" ten="430,310,310,0" oya="0" hai0="69,119,84,41,34,35,52,87,108,100,85,44,38" hai1="112,96,95,2,90,92,130,110,75,3,99,60,113" hai2="64,46,123,129,33,93,111,42,59,80,40,53,74" hai3=""/><T70/><D119/><U67/><E75/><V122/><N who="2" m="31264" /><V104/><N who="2" m="31520" /><V51/><F104/><T72/><D72/><U105/><E105/><V135/><F33/><T114/><D114/><N who="1" m="44139" /><E110/><V116/><F111/><T132/><D108/><U81/><E81/><V66/><F135/><T121/><N who="0" m="31008" /><T131/><D131/><U73/><E73/><V134/><F134/><T86/><D132/><U32/><E32/><V50/><F129/><T36/><D70/><U61/><E130/><V97/><F116/><T76/><D69/><U126/><E126/><V128/><F128/><T101/><D36/><U120/><N who="1" m="30752" /><U37/><E37/><V94/><F80/><T127/><D127/><U1/><E67/><N who="2" m="25643" /><F74/><T98/><D34/><U55/><E55/><V106/><F106/><T56/><D35/><U43/><E43/><V62/><F97/><T54/><D98/><U102/><AGARI ba="1,0" hai="1,2,3,60,61,90,92,95,96,99,102" m="30752,44139" machi="102" ten="40,6000,1" yaku="11,1,52,3" doraHai="91" who="1" fromWho="1" sc="430,-41,310,62,310,-21,0,0" /><INIT seed="1,0,0,4,4,85" ten="389,372,289,0" oya="1" hai0="116,60,112,56,103,129,135,50,134,91,40,47,89" hai1="99,63,87,62,78,100,94,64,0,92,1,132,44" hai2="127,131,70,35,96,81,133,88,117,72,93,59,121" hai3=""/><U95/><E132/><N who="0" m="50729" /><D112/><U66/><E44/><V3/><N who="2" m="31008" /><V130/><F70/><T37/><D129/><U109/><E109/><V113/><F3/><T126/><D126/><U83/><E63/><V34/><F117/><T49/><D103/><U120/><N who="1" m="30752" /><U122/><N who="1" m="31264" /><U84/><E66/><V53/><F127/><T61/><D116/><U69/><REACH who="1" step="1"/><E87/><REACH who="1" ten="389,362,289,0" step="2"/><V45/><F133/><T57/><D61/><U90/><E90/><N who="0" m="34313" /><D57/><U104/><AGARI ba="0,1" hai="0,1,62,64,69,78,83,84,92,94,95,99,100,104" m="31264,30752" machi="104" ten="30,8000,1" yaku="1,1,0,1,52,2,53,1" doraHai="85" doraHaiUra="73" who="1" fromWho="1" sc="389,-40,362,90,289,-40,0,0" /><INIT seed="1,1,0,1,5,83" ten="349,452,249,0" oya="1" hai0="52,91,53,117,116,111,41,121,113,135,44,40,89" hai1="81,75,104,33,46,128,68,70,115,73,107,79,76" hai2="87,43,97,105,129,0,32,101,103,96,64,34,49" hai3=""/><U126/><E115/><V78/><F129/><T99/><N who="0" m="31008" /><T60/><D111/><U130/><E81/><V134/><F0/><T110/><D110/><U37/><E46/><V85/><F78/><T45/><D99/><U54/><E37/><V2/><F134/><T57/><D135/><U59/><E59/><V131/><F131/><T71/><D71/><U58/><E58/><V95/><F2/><T42/><D113/><U84/><E54/><N who="0" m="21097" /><D91/><U38/><E38/><V123/><N who="2" m="31520" /><V47/><REACH who="2" step="1"/><F64/><REACH who="2" ten="349,452,239,0" step="2"/><T90/><D117/><U98/><E130/><V112/><F112/><T62/><D116/><U120/><E128/><V92/><F92/><T106/><D106/><U127/><N who="1" m="30752" /><U100/><E107/><V67/><F67/><T118/><D118/><U3/><E3/><V122/><N who="2" m="31264" /><V119/><F119/><T124/><D124/><U56/><E127/><V50/><F50/><T61/><D61/><U55/><E126/><V66/><F66/><T1/><D1/><U63/><E104/><V77/><F77/><T35/><D62/><U133/><E63/><V39/><F39/><T65/><D60/><U114/><E133/><V108/><F108/><T51/><D65/><U109/><E114/><V82/><F82/><RYUUKYOKU ba="1,1" sc="349,-10,452,-10,239,20,0,0" hai2="32,34,43,47,49,85,87,95,96,97,101,103,105" /><INIT seed="2,2,1,4,1,115" ten="339,442,259,0" oya="2" hai0="52,44,33,104,68,131,50,124,47,65,118,120,78" hai1="1,84,110,134,82,117,101,2,85,132,64,39,105" hai2="122,116,86,72,75,99,38,88,79,89,83,66,123" hai3=""/><V54/><N who="2" m="31264" /><V51/><N who="2" m="31520" /><V133/><F38/><T126/><N who="0" m="30752" /><T55/><D104/><U112/><E39/><V73/><F133/><T40/><D78/><U63/><E112/><V60/><F116/><T91/><D33/><U70/><E110/><V74/><N who="2" m="18432" /><DORA hai="90" /><V93/><F51/><T96/><D91/><U81/><E101/><V107/><F54/><T102/><D131/><U58/><E105/><V130/><F130/><T34/><D34/><U71/><E58/><V121/><N who="2" m="31008" /><V45/><F45/><T80/><D80/><U42/><E42/><V109/><F109/><T128/><D128/><U92/><E63/><V62/><F107/><T53/><D118/><U114/><E114/><V76/><REACH who="2" step="1"/><F60/><REACH who="2" ten="339,442,249,0" step="2"/><T135/><D135/><U36/><E117/><V87/><F87/><T3/><D47/><U69/><E132/><V59/><AGARI ba="2,2" hai="59,62,66,76,79,83,86,88,89,93,99" m="31008,18432,31520,31264" machi="59" ten="60,12000,2" yaku="1,1,0,1,52,4,54,1,53,0" doraHai="115,90" doraHaiUra="100,32" who="2" fromWho="2" sc="339,-62,442,-62,249,144,0,0" /><INIT seed="2,3,0,1,5,134" ten="277,380,393,0" oya="2" hai0="32,85,127,72,126,57,88,50,66,36,90,60,79" hai1="95,84,38,99,2,53,125,117,52,41,81,111,78" hai2="100,130,93,37,1,87,116,82,75,0,48,51,114" hai3=""/><V96/><F116/><T131/><D32/><U118/><E2/><V49/><F114/><T122/><N who="0" m="31264" /><T107/><D36/><U62/><E111/><V120/><N who="2" m="30752" /><V105/><F37/><T39/><D39/><U58/><E125/><N who="0" m="47625" /><D131/><U112/><E112/><V40/><F40/><T101/><D72/><U69/><E69/><V133/><F133/><T83/><D50/><U56/><E41/><V35/><F35/><T113/><D113/><U59/><E38/><V63/><F63/><T94/><D107/><U92/><E92/><V86/><F130/><T67/><D66/><U64/><E64/><V135/><F135/><T61/><D61/><U76/><E62/><V98/><F0/><T46/><D46/><U89/><E117/><V43/><F43/><T123/><N who="0" m="31520" /><T34/><D34/><U109/><E118/><V71/><F1/><T3/><D3/><U65/><E65/><V110/><F110/><T33/><D33/><U103/><E109/><V115/><F115/><T74/><D74/><U44/><E44/><V91/><F71/><T54/><D67/><U128/><E128/><V102/><F75/><T129/><D129/><U106/><E106/><V55/><F55/><AGARI ba="3,0" hai="52,53,55,56,58,59,76,78,81,84,89,95,99,103" machi="55" ten="40,2600,0" yaku="8,1,54,1" doraHai="134" who="1" fromWho="2" sc="277,0,380,32,393,-32,0,0" /><INIT seed="4,0,0,4,0,98" ten="277,412,361,0" oya="0" hai0="52,102,66,126,120,99,119,104,47,94,55,123,44" hai1="125,46,49,35,132,56,78,89,61,39,105,43,97" hai2="62,110,129,103,1,91,128,51,73,96,112,127,116" hai3=""/><T114/><N who="0" m="30752" /><T69/><N who="0" m="31520" /><T121/><N who="0" m="31008" /><T84/><D119/><U65/><E35/><V95/><F110/><T45/><D114/><U41/><E125/><V40/><F73/><T68/><D126/><U53/><E132/><V83/><F1/><T50/><D66/><U88/><E43/><V117/><F112/><T100/><D100/><U107/><E78/><V113/><F62/><T93/><D55/><U134/><E134/><V34/><F34/><T42/><D47/><U111/><E111/><V64/><F64/><T75/><D75/><U106/><REACH who="1" step="1"/><E97/><REACH who="1" ten="277,402,361,0" step="2"/><V0/><F127/><T76/><D76/><U87/><E87/><V86/><F113/><T63/><D84/><U130/><E130/><N who="2" m="50283" /><F0/><T71/><REACH who="0" step="1"/><D63/><REACH who="0" ten="267,402,361,0" step="2"/><U90/><E90/><V67/><F67/><T79/><D79/><U36/><E36/><AGARI ba="0,2" hai="36,42,44,45,50,52,68,69,71,93,94,99,102,104" m="31008,31520,30752" machi="36" ten="40,18000,2" yaku="1,1,52,4,54,1,53,1" doraHai="98" doraHaiUra="38" who="0" fromWho="1" sc="267,200,402,-180,361,0,0,0" /><INIT seed="4,1,0,5,3,90" ten="467,222,361,0" oya="0" hai0="44,102,45,94,59,38,54,86,60,131,120,35,111" hai1="109,52,42,72,101,107,128,71,62,39,78,127,105" hai2="58,81,87,129,97,96,95,126,75,117,51,3,104" hai3=""/><T64/><N who="0" m="30752" /><T100/><D35/><U50/><E109/><V63/><F126/><T125/><D125/><U106/><E127/><V114/><F129/><T113/><D113/><U93/><E128/><V70/><F70/><T66/><D131/><U67/><E78/><V89/><F3/><T48/><D111/><U74/><E42/><V46/><F104/><T84/><D66/><U33/><E39/><V92/><F75/><T36/><D36/><U83/><E83/><V55/><F117/><T68/><D45/><U135/><E135/><V99/><REACH who="2" step="1"/><F114/><REACH who="2" ten="467,222,351,0" step="2"/><T40/><D102/><U88/><E101/><V43/><AGARI ba="1,1" hai="43,46,51,55,58,63,81,87,89,92,95,96,97,99" machi="43" ten="30,9000,2" yaku="1,1,2,1,0,1,8,1,52,2,53,1" doraHai="90" doraHaiUra="77" who="2" fromWho="2" sc="467,-61,222,-31,351,102,0,0" /><INIT seed="5,0,0,4,1,56" ten="406,191,453,0" oya="1" hai0="130,131,32,113,3,73,124,77,47,41,69,118,65" hai1="114,50,105,121,94,75,33,58,87,52,42,108,88" hai2="35,1,134,83,129,79,59,132,70,36,119,98,71" hai3=""/><U62/><N who="1" m="31008" /><U76/><E33/><V37/><F1/><T112/><D124/><U104/><E114/><V100/><F119/><T78/><D3/><U53/><E42/><V57/><F129/><N who="0" m="49162" /><D32/><U54/><E108/><V99/><F35/><T127/><D127/><U117/><E117/><V101/><F83/><T48/><D118/><U49/><E75/><V84/><F84/><T86/><D86/><U135/><E135/><V2/><F2/><T97/><D97/><U72/><E72/><V91/><F91/><T74/><D74/><U38/><E38/><V122/><F79/><N who="0" m="30218" /><D73/><U125/><E125/><V115/><F115/><T89/><D89/><U111/><E111/><V106/><F106/><T67/><D67/><U64/><REACH who="1" step="1"/><E76/><REACH who="1" ten="406,181,453,0" step="2"/><V85/><N who="2" m="31264" /><V63/><F134/><T107/><D113/><U116/><E116/><V55/><F132/><T60/><D112/><U45/><E45/><V126/><F36/><T123/><D123/><U96/><E96/><V46/><F126/><T92/><D41/><U66/><E66/><V34/><F34/><T39/><D47/><U95/><E95/><V110/><F46/><T81/><D39/><U40/><E40/><V68/><F37/><T128/><N who="0" m="49170" /><T120/><DORA hai="103" /><D120/><RYUUKYOKU ba="0,1" sc="406,-10,181,20,453,-10,0,0" hai1="49,50,52,53,54,58,62,64,87,88,94,104,105" /><INIT seed="5,1,1,3,3,69" ten="396,201,443,0" oya="1" hai0="87,126,56,121,125,67,0,111,118,102,66,34,90" hai1="2,131,74,3,89,42,79,94,135,32,64,86,107" hai2="81,73,113,77,96,54,109,43,78,117,120,50,104" hai3=""/><U133/><E32/><V101/><N who="2" m="30752" /><V75/><F109/><T71/><N who="0" m="31008" /><T93/><D111/><U53/><E107/><V44/><F117/><T124/><D0/><U39/><E131/><V122/><N who="2" m="31264" /><V114/><F54/><T91/><D118/><U70/><E74/><V48/><F48/><T123/><N who="0" m="31520" /><T1/><D1/><U35/><E79/><V36/><F50/><T99/><D34/><U40/><E35/><V72/><F77/><T65/><D71/><U47/><E42/><V38/><F38/><T60/><D91/><U52/><E2/><V97/><F97/><T62/><D62/><U68/><E68/><V119/><F119/><T46/><D46/><U84/><E84/><V63/><F63/><T103/><D103/><U51/><E3/><V92/><F92/><AGARI ba="1,1" hai="56,60,65,66,67,87,90,92,93,99,102,124,125,126" m="31520,31008" machi="92" ten="40,5200,0" yaku="18,1,52,2" doraHai="69" who="0" fromWho="2" sc="396,64,201,0,443,-54,0,0" /><INIT seed="6,0,0,1,0,114" ten="460,201,389,0" oya="2" hai0="58,97,115,103,3,111,53,51,87,126,102,123,90" hai1="104,54,112,134,61,81,94,35,122,131,55,116,89" hai2="0,59,85,125,50,72,76,63,92,32,107,73,135" hai3=""/><V39/><F0/><T80/><N who="0" m="31520" /><T128/><D111/><U129/><N who="1" m="31264" /><U67/><E104/><V42/><F107/><T38/><D3/><U77/><E35/><V106/><F106/><T44/><D115/><U34/><E34/><V71/><F32/><T105/><D128/><U130/><E112/><V118/><F118/><T98/><D126/><U65/><E134/><V69/><F125/><T56/><D38/><U113/><E113/><V121/><N who="2" m="31008" /><V79/><F135/><T84/><D84/><U110/><E110/><V108/><F108/><T66/><D66/><U95/><E61/><V45/><F73/><T132/><D132/><U41/><E41/><V47/><F72/><T33/><D33/><U91/><E130/><V57/><F71/><T96/><D105/><U75/><E75/><V86/><F69/><T48/><D58/><N who="2" m="22026" /><F63/><T37/><D37/><U60/><E60/><V49/><F39/><T43/><AGARI ba="0,0" hai="43,44,48,51,53,56,80,87,90,96,97,98,102,103" m="31520" machi="43" ten="30,3000,0" yaku="0,1,8,1,52,1" doraHai="114" who="0" fromWho="0" sc="460,30,201,-10,389,-20,0,0" owari="490,44.0,191,-41.0,369,-3.0,0,0.0" /></mjloggm>