<mjloggm ver="2.3"><GO type="169" lobby="0"/><UN n0="%E8%80%95%E3%81%99%E3%83%9E%E3%82%B7%E3%83%B3" n1="%E5%AE%88%E6%9D%91%E6%A1%9C%E5%BC%A5" n2="%E5%9B%BA%E3%82%86%E3%81%A7%E5%8D%B5" n3="%E3%82%AB%E3%82%B6%E3%83%A9%E3%82%AD" dan="16,16,16,18" rate="2078.34,2133.31,2161.51,2236.90" sx="M,M,M,M"/><TAIKYOKU oya="0"/><INIT seed="0,0,0,5,5,70" ten="250,250,250,250" oya="0" hai0="48,74,80,129,10,17,75,53,99,21,44,92,2" hai1="89,42,36,50,3,22,33,107,94,84,25,105,93" hai2="51,117,31,18,39,119,112,40,63,47,55,109,64" hai3="5,103,43,77,111,13,110,73,14,58,113,134,115"/><T83/><D129/><U23/><E3/><V81/><F31/><W95/><G58/><T123/><D123/><U61/><E33/><V87/><F112/><W114/><G43/><T12/><D75/><U118/><E118/><V46/><F18/><W16/><G77/><T19/><D74/><U56/><E50/><V85/><F109/><N who="3" m="41483" /><G95/><T45/><D45/><U49/><E49/><V133/><F133/><W127/><G103/><T66/><D66/><U125/><E125/><V76/><REACH who="2" step="1"/><F87/><REACH who="2" ten="250,250,240,250" step="2"/><W57/><G73/><T124/><D124/><U72/><E72/><V122/><F122/><W104/><G127/><T34/><D34/><U38/><E84/><V6/><F6/><W59/><G134/><T116/><D116/><U121/><E121/><V9/><F9/><N who="3" m="4271" /><G104/><T60/><D2/><U120/><E120/><V90/><F90/><W82/><G82/><T98/><D80/><U32/><E89/><V41/><F41/><W126/><G126/><T65/><D83/><U71/><E42/><V79/><F79/><W52/><G52/><T7/><D92/><U86/><E86/><V78/><F78/><W0/><G0/><T11/><D11/><AGARI ba="0,1" hai="11,14,16,57,59,113,114,115" m="4271,41483" machi="11" ten="40,2600,0" yaku="14,1,54,1" doraHai="70" who="3" fromWho="0" sc="250,-26,250,0,240,0,250,36" /><INIT seed="1,0,0,2,1,28" ten="224,250,240,286" oya="1" hai0="41,10,24,31,33,126,61,43,101,120,73,63,77" hai1="49,130,90,81,22,70,72,13,0,93,38,39,103" hai2="36,20,2,76,54,5,112,29,66,115,106,62,102" hai3="109,11,65,97,82,30,99,69,121,114,46,40,117"/><U88/><E0/><V58/><F36/><W67/><G114/><N who="2" m="43561" /><F76/><W85/><G121/><T21/><D120/><U129/><E70/><V9/><F20/><W116/><G109/><T17/><D126/><U53/><E103/><V27/><F27/><W15/><G30/><T89/><D101/><U123/><E123/><V92/><F29/><W95/><G69/><T19/><D10/><U119/><E119/><V74/><F92/><W47/><G47/><T52/><D77/><U32/><E32/><V104/><F74/><W118/><G95/><T87/><D73/><U107/><E107/><N who="2" m="41003" /><F102/><W110/><G110/><T80/><D19/><N who="1" m="10607" /><E72/><V135/><F135/><W78/><G99/><T127/><D127/><U55/><E81/><V50/><F50/><N who="3" m="26951" /><G97/><T42/><REACH who="0" step="1"/><D52/><AGARI ba="0,0" hai="2,5,9,52,54,58,62,66" m="41003,43561" machi="52" ten="30,2000,0" yaku="11,1,54,1" doraHai="28" who="2" fromWho="0" sc="224,-20,250,0,240,20,286,0" /><INIT seed="2,0,0,4,3,92" ten="204,250,260,286" oya="2" hai0="10,88,31,32,30,81,27,1,21,3,47,65,11" hai1="122,62,53,78,104,129,107,112,84,106,25,126,98" hai2="124,43,69,99,97,28,70,64,45,42,75,9,85" hai3="134,55,135,60,39,50,56,33,48,123,6,119,15"/><V128/><F75/><W110/><G33/><T68/><D68/><U37/><E112/><V58/><F28/><W46/><G6/><T118/><D65/><U83/><E37/><V22/><F124/><W95/><G15/><T111/><D111/><U105/><E126/><V12/><F128/><W115/><G95/><T44/><D118/><U82/><E129/><V63/><F22/><W79/><G79/><T86/><D31/><U103/><E25/><V113/><F113/><W90/><G90/><T57/><D32/><U5/><E5/><V8/><F70/><W87/><G87/><T29/><D29/><U14/><E14/><V24/><F24/><W17/><G17/><T127/><D57/><U2/><E2/><V59/><F59/><W7/><G7/><T18/><D127/><U49/><E62/><V120/><F120/><W74/><G74/><T100/><D100/><U38/><E38/><V121/><F69/><W116/><G115/><T114/><D114/><U36/><E36/><V93/><F121/><W94/><G94/><T67/><D67/><U23/><E83/><V54/><F64/><W16/><G110/><T89/><D89/><U117/><E122/><V132/><F9/><N who="0" m="3082" /><D30/><U96/><E117/><N who="3" m="45130" /><G123/><T34/><D34/><U35/><E35/><V101/><F8/><W61/><G39/><T51/><D1/><U66/><E23/><V26/><F12/><W20/><G135/><T76/><D3/><U13/><E13/><V91/><F132/><W102/><G134/><T133/><D133/><U4/><E4/><V0/><F0/><W41/><G102/><RYUUKYOKU ba="0,0" sc="204,-10,250,-10,260,-10,286,30" hai3="16,20,41,46,48,50,55,56,60,61" /><INIT seed="3,1,0,3,2,132" ten="194,240,250,316" oya="3" hai0="45,55,18,114,42,68,0,4,129,126,93,57,99" hai1="37,85,72,40,41,103,24,125,6,133,116,130,118" hai2="82,16,54,31,5,36,2,80,117,1,108,95,112" hai3="91,87,98,11,7,134,61,52,22,73,89,77,59"/><W70/><G134/><T131/><D114/><U47/><E72/><V65/><F112/><W86/><G73/><T67/><D0/><U69/><E69/><V38/><F117/><W104/><G70/><T90/><D4/><U102/><E133/><V119/><F119/><W19/><G77/><T76/><D76/><U50/><E130/><V14/><F31/><W35/><G35/><T44/><D126/><U8/><E24/><V10/><F65/><W71/><G71/><T9/><D67/><U62/><E62/><V12/><F108/><W56/><G56/><T28/><D28/><U84/><E50/><V107/><F107/><W94/><G104/><T81/><D81/><U100/><E100/><V101/><F38/><W46/><G46/><T110/><D110/><U49/><E49/><V21/><F36/><W96/><G11/><T25/><D42/><U51/><E51/><V32/><F32/><W79/><G7/><T115/><D68/><U120/><E47/><V74/><F54/><W109/><G79/><T105/><D105/><U135/><E135/><V23/><F74/><W92/><G109/><T17/><D115/><U111/><E6/><V33/><F33/><W113/><G113/><T58/><D45/><U97/><E37/><V39/><F39/><W66/><G66/><T128/><D25/><AGARI ba="1,0" hai="19,22,25,52,59,61,86,87,89,91,92,94,96,98" machi="25" ten="30,18000,2" yaku="7,1,9,1,25,2,8,1,54,1" doraHai="132" who="3" fromWho="0" sc="194,-183,240,0,250,0,316,183" /><INIT seed="3,2,0,2,0,50" ten="11,240,250,499" oya="3" hai0="125,135,31,64,19,89,80,17,32,58,51,91,27" hai1="8,9,94,42,16,81,29,109,87,76,82,62,55" hai2="28,33,133,54,112,15,38,67,4,18,119,78,63" hai3="66,75,11,10,25,86,124,65,41,122,45,34,129"/><W115/><G75/><T14/><D125/><U6/><E109/><V59/><F112/><W118/><G115/><T105/><D105/><U98/><E42/><V40/><F119/><W130/><G118/><T132/><D51/><U71/><E29/><V93/><F133/><N who="0" m="51274" /><D80/><U44/><E71/><V126/><F126/><W60/><G122/><T88/><D14/><U110/><E110/><V7/><F78/><W57/><G66/><T53/><D53/><U134/><E134/><V97/><F67/><W108/><G108/><T79/><D79/><U85/><E6/><V5/><F40/><W56/><G124/><T43/><D43/><U131/><E44/><V84/><F38/><W61/><G45/><T111/><D111/><U36/><E36/><V21/><F84/><W35/><G86/><T83/><D83/><U77/><E94/><V47/><F47/><W114/><G41/><T74/><D74/><U48/><E98/><V22/><F33/><W117/><G117/><T26/><D26/><U99/><E99/><V116/><F116/><W46/><G46/><T23/><D32/><U120/><E62/><AGARI ba="2,0" hai="17,19,23,27,31,58,62,64,88,89,91" m="51274" machi="62" ten="30,2000,0" yaku="20,1,54,1" doraHai="50" who="0" fromWho="1" sc="11,26,240,-26,250,0,499,0" /><INIT seed="4,0,0,0,1,46" ten="37,214,250,499" oya="0" hai0="14,79,55,25,34,76,15,40,100,58,63,89,82" hai1="132,135,129,113,13,4,121,32,31,66,90,16,104" hai2="29,111,18,33,8,69,95,9,80,119,37,77,61" hai3="128,27,19,70,48,23,0,92,131,42,103,124,43"/><T115/><D115/><U87/><E104/><V84/><F111/><W118/><G118/><T134/><D134/><N who="1" m="51243" /><E121/><V64/><F119/><W6/><G70/><T98/><D40/><U21/><E113/><V57/><F37/><W75/><G75/><T71/><D89/><U54/><E66/><V109/><F109/><W56/><G124/><T52/><D71/><U5/><E129/><V3/><F95/><W117/><G117/><T26/><D55/><U114/><E114/><V74/><F74/><W72/><G72/><T22/><D34/><U108/><E108/><V99/><F99/><N who="3" m="59879" /><G6/><T28/><D25/><N who="1" m="18543" /><E54/><V47/><F3/><W126/><G0/><T127/><D127/><U10/><E10/><V130/><F69/><W110/><G126/><T83/><D76/><U125/><E125/><V65/><F130/><N who="3" m="49707" /><G110/><T30/><D30/><U88/><E90/><V85/><F29/><W105/><G105/><T96/><D79/><U12/><E12/><N who="0" m="4649" /><D100/><U7/><E7/><V94/><F77/><W107/><G107/><T62/><D62/><U73/><E73/><V20/><F61/><W41/><G56/><T120/><D120/><U60/><E60/><V101/><F57/><W122/><G122/><T36/><D36/><U102/><E102/><V112/><F112/><W35/><G35/><T59/><D58/><U44/><E44/><AGARI ba="0,0" hai="19,23,27,41,42,43,44,48" m="49707,59879" machi="44" ten="30,2000,0" yaku="19,1,52,1" doraHai="46" who="3" fromWho="1" sc="37,0,214,-20,250,0,499,20" /><INIT seed="5,0,0,3,3,99" ten="37,194,250,519" oya="1" hai0="8,72,73,97,98,40,100,108,35,37,83,110,116" hai1="26,12,56,19,46,120,59,118,27,123,52,104,75" hai2="66,127,31,58,122,28,78,34,79,41,22,102,42" hai3="4,24,94,119,101,5,62,30,61,134,16,82,124"/><U6/><E118/><V1/><F1/><W91/><G124/><T105/><D35/><U2/><E75/><V20/><F127/><W117/><G134/><T33/><D33/><U77/><E77/><V21/><F34/><W84/><G16/><T60/><D116/><N who="3" m="44617" /><G61/><T89/><D60/><U49/><E104/><V132/><F122/><W92/><G62/><T55/><D55/><U68/><E68/><V57/><F132/><W87/><G101/><N who="0" m="62639" /><D40/><N who="2" m="15466" /><F102/><W93/><G87/><N who="0" m="50431" /><D8/><U67/><E120/><V25/><F25/><W74/><G74/><N who="0" m="28779" /><D37/><U69/><E123/><V53/><F66/><W0/><G0/><T128/><D128/><U85/><E69/><V38/><F38/><W11/><G11/><T18/><D18/><U107/><E2/><V133/><F133/><W90/><G90/><T135/><D135/><U121/><E121/><V86/><F57/><W64/><G64/><T7/><D7/><U95/><E6/><V23/><F23/><AGARI ba="0,0" hai="4,5,23,24,30,82,84,91,92,93,94" m="44617" machi="23" ten="30,1000,0" yaku="12,1" doraHai="99" who="3" fromWho="2" sc="37,0,194,0,250,-10,519,10" /><INIT seed="6,0,0,5,4,69" ten="37,194,240,529" oya="2" hai0="64,83,80,66,74,49,11,117,19,35,113,36,45" hai1="14,111,88,114,68,7,21,77,108,76,102,40,60" hai2="34,9,20,84,130,6,91,78,57,3,54,125,43" hai3="135,99,121,93,1,97,110,95,53,59,127,38,81"/><V106/><F34/><W71/><G71/><T124/><D113/><U2/><E114/><V23/><F106/><W98/><G38/><T120/><D124/><U112/><E112/><V32/><F32/><W29/><G1/><T100/><D120/><U16/><E102/><V134/><F125/><W115/><G115/><T4/><D35/><U15/><E2/><V48/><F130/><W25/><G110/><T12/><D117/><U42/><E68/><V104/><F104/><W128/><G121/><T10/><D100/><U105/><E60/><V92/><F134/><W73/><G127/><T63/><D74/><U126/><E105/><V85/><F43/><W89/><G128/><T119/><D119/><U70/><E70/><V26/><F78/><W96/><G95/><T101/><D101/><U24/><E126/><V8/><F9/><W41/><G41/><N who="0" m="24751" /><D36/><U75/><E75/><V56/><F23/><N who="3" m="15551" /><G81/><N who="0" m="31307" /><D63/><U65/><E111/><V28/><F57/><W94/><G94/><T82/><N who="0" m="31315" /><T51/><DORA hai="27" /><D51/><U129/><E129/><V132/><REACH who="2" step="1"/><F132/><REACH who="2" ten="37,194,230,529" step="2"/><W107/><G107/><T22/><D11/><U17/><E77/><V123/><F123/><W0/><G59/><T39/><D39/><U44/><E76/><V116/><F116/><W58/><G58/><T55/><D55/><U30/><E108/><V47/><F47/><W5/><G53/><T87/><D87/><AGARI ba="0,1" hai="3,6,8,20,26,28,48,54,56,84,85,87,91,92" machi="87" ten="30,11600,0" yaku="1,1,7,1,52,1,53,1" doraHai="69,27" doraHaiUra="31,46" who="2" fromWho="0" sc="37,-116,194,0,230,126,529,0" owari="-79,-58.0,194,-21.0,356,16.0,529,63.0" /></mjloggm>