<mjloggm ver="2.3"><GO type="169" lobby="0"/><UN n0="%54%61%6B%33%45%34%73%79" n1="%E4%BF%BA%E3%81%A0%E3%81%91%E5%8D%B3%E8%A3%8F%E7%84%A1%E3%81%97" n2="%63%68%69%73%73" n3="%E7%81%AB%E9%9C%8A%E5%A4%A2" dan="17,16,17,17" rate="2176.81,2048.85,2153.96,2240.49" sx="M,M,M,M"/><TAIKYOKU oya="0"/><INIT seed="0,0,0,3,4,116" ten="250,250,250,250" oya="0" hai0="110,104,90,19,112,29,132,8,45,62,56,40,36" hai1="71,124,106,9,27,20,115,22,72,24,82,126,0" hai2="88,89,127,81,57,69,47,73,135,85,7,105,41" hai3="118,102,35,1,99,86,18,94,108,49,123,42,67"/><T130/><D112/><U109/><E106/><V21/><F69/><W92/><G118/><T128/><D104/><U15/><E71/><V33/><F33/><W2/><G35/><T80/><D29/><U6/><E72/><V59/><F127/><N who="1" m="48681" /><E82/><V84/><F73/><W107/><G108/><T46/><D46/><U125/><N who="1" m="48689" /><U75/><DORA hai="23" /><E75/><V98/><F135/><W54/><G42/><T64/><D132/><U30/><E109/><V114/><F114/><W78/><G67/><T122/><D110/><U96/><E96/><V32/><F32/><W95/><G18/><T61/><D61/><U119/><E119/><V87/><F7/><W131/><G131/><T134/><D134/><U17/><E115/><V63/><F105/><W13/><G13/><AGARI ba="0,0" hai="0,6,9,13,15,17,20,22,24,27,30" m="48689" machi="13" ten="40,8000,1" yaku="18,1,34,2,52,2" doraHai="116,23" who="1" fromWho="3" sc="250,0,250,80,250,0,250,-80" /><INIT seed="1,0,0,0,0,67" ten="250,330,250,170" oya="1" hai0="97,49,103,106,23,84,52,89,32,39,134,104,77" hai1="81,59,5,36,57,124,93,86,64,68,50,113,27" hai2="21,38,130,98,2,66,88,74,25,78,13,18,71" hai3="91,69,75,43,17,51,19,22,83,41,34,44,116"/><U14/><E36/><V92/><F2/><W24/><G34/><T53/><D32/><U107/><E107/><V61/><F38/><W109/><G109/><T128/><D128/><U133/><E113/><V48/><F130/><W108/><G108/><T3/><D3/><U10/><E124/><V6/><F74/><W115/><G115/><T121/><D121/><U62/><E133/><V55/><F78/><W1/><G1/><T112/><D39/><U8/><E8/><V123/><F123/><W45/><G116/><T85/><D106/><U58/><E27/><V125/><F125/><W37/><G75/><T126/><D134/><U30/><E93/><V29/><F6/><W94/><G83/><T46/><D126/><U118/><E30/><V102/><F102/><W76/><G76/><T0/><D0/><U72/><E72/><V127/><F127/><W79/><G79/><T135/><D135/><U28/><E28/><V96/><F96/><W16/><REACH who="3" step="1"/><G69/><REACH who="3" ten="250,330,250,160" step="2"/><T60/><D77/><U65/><E68/><V33/><F48/><W12/><G12/><T131/><D112/><U47/><E118/><V80/><F80/><W4/><G4/><T15/><D131/><U95/><E81/><V119/><F119/><W122/><G122/><T11/><D49/><U129/><E129/><V70/><F55/><W90/><G90/><T132/><D53/><N who="1" m="29919" /><E64/><V110/><F110/><W87/><AGARI ba="0,1" hai="16,17,19,22,24,37,41,43,44,45,51,87,91,94" machi="87" ten="20,5200,0" yaku="1,1,0,1,7,1,54,1,53,0" doraHai="67" doraHaiUra="54" who="3" fromWho="3" sc="250,-13,330,-26,250,-13,160,62" /><INIT seed="2,0,0,3,4,72" ten="237,304,237,222" oya="2" hai0="74,42,9,81,67,44,18,8,109,95,114,59,99" hai1="83,118,4,0,111,96,130,14,34,77,135,38,134" hai2="5,112,40,6,87,41,15,79,80,37,119,60,97" hai3="106,62,58,82,128,31,33,78,88,51,30,93,66"/><V129/><F129/><W1/><G106/><T2/><D109/><U63/><E118/><V36/><F112/><W39/><G39/><T57/><D9/><N who="1" m="2183" /><E111/><V115/><F119/><W3/><G128/><T76/><D114/><U24/><E96/><V98/><F115/><W29/><G51/><T103/><D67/><U69/><E38/><V124/><F124/><W49/><G49/><T13/><REACH who="0" step="1"/><D2/><REACH who="0" ten="227,304,237,222" step="2"/><U17/><E130/><V122/><F122/><W126/><G126/><T75/><D75/><U89/><E135/><V48/><F37/><AGARI ba="0,1" hai="8,13,18,37,42,44,57,59,74,76,81,95,99,103" machi="37" ten="30,7700,0" yaku="1,1,7,1,52,1,53,1" doraHai="72" doraHaiUra="73" who="0" fromWho="2" sc="227,87,304,0,237,-77,222,0" /><INIT seed="3,0,0,5,2,46" ten="314,304,160,222" oya="3" hai0="97,114,89,56,54,121,94,83,44,60,65,129,52" hai1="73,57,27,115,86,102,12,120,100,105,25,24,14" hai2="108,99,35,96,16,63,122,130,55,8,88,76,49" hai3="103,112,36,69,50,9,26,123,110,47,67,61,58"/><W77/><G112/><T117/><D129/><U118/><E73/><V17/><F35/><W40/><G123/><T38/><D117/><U23/><E118/><V3/><F130/><W128/><G128/><T90/><D121/><U19/><E115/><V131/><F131/><W113/><G113/><T95/><D83/><U104/><E120/><V109/><F122/><W135/><G77/><T85/><D114/><U119/><E105/><V134/><F134/><W31/><G135/><T4/><D4/><U74/><E74/><V20/><F63/><W91/><G103/><T18/><D38/><U92/><E104/><V13/><F76/><W80/><G110/><N who="2" m="42601" /><F3/><W5/><G80/><T59/><D44/><U7/><E57/><N who="2" m="33007" /><F88/><W127/><G91/><T15/><REACH who="0" step="1"/><D59/><REACH who="0" ten="304,304,160,222" step="2"/><U6/><E119/><V51/><F51/><W125/><G36/><T62/><D62/><U29/><E6/><V28/><F28/><W34/><REACH who="3" step="1"/><G58/><REACH who="3" ten="304,304,160,212" step="2"/><T43/><D43/><U68/><E68/><V106/><F106/><W132/><G132/><T30/><D30/><U75/><E29/><V32/><F32/><W45/><G45/><T72/><D72/><U48/><E75/><V42/><F42/><W22/><G22/><AGARI ba="0,2" hai="15,18,22,52,54,56,60,65,85,89,90,94,95,97" machi="22" ten="30,7700,0" yaku="1,1,7,1,8,1,54,1,53,0" doraHai="46" doraHaiUra="0" who="0" fromWho="3" sc="304,97,304,0,160,0,212,-77" /><INIT seed="4,0,0,2,2,7" ten="401,304,160,135" oya="0" hai0="123,92,23,88,82,74,25,117,131,12,19,42,36" hai1="110,22,37,17,96,102,8,34,89,103,10,91,9" hai2="27,81,0,84,16,57,71,95,111,31,47,32,108" hai3="133,41,128,120,93,45,79,107,5,118,38,55,35"/><T116/><D123/><U1/><E34/><V68/><F0/><W87/><G107/><T97/><D131/><U62/><E37/><V125/><F125/><W83/><G118/><T50/><D36/><U49/><E1/><V106/><F106/><W78/><G128/><T70/><D70/><U100/><E110/><V39/><F108/><W109/><G109/><T127/><D127/><U85/><E62/><V63/><F111/><W56/><G133/><T40/><D40/><U65/><E65/><V77/><F39/><W26/><G120/><T61/><D61/><U20/><E49/><V43/><F47/><W80/><G93/><T105/><D105/><U29/><E29/><V101/><F43/><W52/><G5/><T21/><D74/><U121/><E121/><V104/><F104/><W59/><G59/><T3/><D3/><U72/><E72/><V124/><F124/><W44/><G44/><T114/><D82/><N who="1" m="49335" /><E17/><V98/><REACH who="2" step="1"/><F16/><REACH who="2" ten="401,304,150,135" step="2"/><W51/><G38/><T129/><D129/><U11/><E11/><V135/><F135/><W53/><G26/><T24/><D117/><U113/><E113/><V75/><F75/><W33/><REACH who="3" step="1"/><G56/><REACH who="3" ten="401,304,150,125" step="2"/><T69/><D116/><U66/><E66/><AGARI ba="0,2" hai="27,31,32,57,63,66,68,71,77,81,84,95,98,101" machi="66" ten="30,2000,0" yaku="1,1,7,1,53,0" doraHai="7" doraHaiUra="46" who="2" fromWho="1" sc="401,0,304,-20,150,40,125,0" /><INIT seed="5,0,0,1,0,108" ten="401,284,190,125" oya="1" hai0="119,102,10,134,46,114,111,100,8,60,91,69,96" hai1="16,24,42,28,135,36,63,26,31,120,97,70,77" hai2="32,1,94,92,40,128,123,18,104,133,87,121,3" hai3="81,29,65,39,85,23,105,110,25,47,90,109,116"/><U124/><E120/><V38/><F104/><W62/><G105/><T122/><D119/><U83/><E124/><V125/><F125/><W58/><G116/><T118/><D118/><U66/><E135/><V82/><F133/><W59/><G39/><T54/><D111/><U48/><E36/><V75/><F38/><W17/><G47/><T95/><D122/><U74/><E97/><V93/><F75/><W61/><REACH who="3" step="1"/><G29/><REACH who="3" ten="401,284,190,115" step="2"/><T115/><D134/><U84/><E28/><V27/><F121/><W2/><G2/><T76/><D46/><U57/><E31/><N who="2" m="19583" /><F3/><W86/><G86/><T4/><D96/><U130/><E84/><V33/><F1/><W22/><G22/><T37/><D37/><U15/><E130/><V79/><F128/><W89/><G89/><T99/><D91/><U71/><E74/><V13/><F123/><W41/><G41/><T49/><D99/><U107/><E42/><V73/><F40/><W103/><G103/><T44/><D44/><U78/><E107/><V43/><F43/><W117/><G117/><T80/><D102/><U45/><E45/><V30/><F73/><W88/><G88/><T132/><D100/><U72/><E77/><V98/><F98/><W14/><G14/><T126/><D76/><U56/><E26/><V55/><F30/><W52/><AGARI ba="0,1" hai="17,23,25,52,58,59,61,62,65,81,85,90,109,110" machi="52" ten="20,5200,0" yaku="1,1,0,1,7,1,54,1,53,0" doraHai="108" doraHaiUra="106" who="3" fromWho="3" sc="401,-13,284,-26,190,-13,115,62" /><INIT seed="6,0,0,1,4,119" ten="388,258,177,177" oya="2" hai0="92,96,135,111,8,5,69,50,75,28,117,89,53" hai1="93,134,44,72,14,54,46,105,3,10,101,67,19" hai2="55,29,51,126,77,20,132,80,12,88,128,98,73" hai3="13,122,21,32,11,99,64,94,57,130,59,102,78"/><V86/><F126/><W52/><G32/><T25/><D75/><U66/><E72/><V131/><F132/><W26/><G130/><T15/><D117/><U107/><E134/><V113/><F113/><W31/><G122/><T81/><D69/><U60/><E67/><V9/><F98/><W56/><G78/><T36/><D36/><U118/><E3/><V0/><F0/><W82/><G82/><T17/><D5/><U49/><E44/><V41/><F41/><W106/><G106/><T76/><D111/><U97/><REACH who="1" step="1"/><E118/><REACH who="1" ten="388,248,177,177" step="2"/><V115/><F115/><W18/><REACH who="3" step="1"/><G64/><REACH who="3" ten="388,248,177,167" step="2"/><T24/><D135/><U90/><E90/><V48/><F128/><W39/><G39/><T85/><D89/><U124/><E124/><V37/><F37/><W91/><G91/><T68/><D76/><U74/><E74/><V38/><F38/><W83/><G83/><T95/><D81/><U1/><E1/><V125/><F125/><W110/><G110/><T45/><D95/><U35/><E35/><V71/><F131/><W65/><G65/><T133/><D92/><U123/><E123/><V79/><F73/><W40/><G40/><T112/><D133/><U127/><E127/><V109/><F109/><W30/><G30/><T7/><D28/><U116/><E116/><V70/><F77/><W4/><G4/><T58/><D7/><U114/><E114/><V108/><F79/><W16/><G16/><T6/><D6/><U103/><E103/><V22/><F108/><W84/><G84/><T42/><D85/><U47/><E47/><N who="2" m="28063" /><F29/><W87/><G87/><T104/><D112/><RYUUKYOKU ba="0,2" sc="388,-15,248,15,177,-15,167,15" hai1="10,14,19,46,49,54,60,66,93,97,101,105,107" hai3="11,13,18,21,26,31,52,56,57,59,94,99,102" /><INIT seed="7,1,2,5,4,96" ten="373,263,162,182" oya="3" hai0="36,73,132,93,11,79,66,1,63,86,62,35,39" hai1="115,34,30,90,125,67,48,97,3,109,21,123,58" hai2="128,117,98,127,18,20,81,6,103,4,17,54,83" hai3="28,108,50,119,7,88,114,122,106,110,111,82,33"/><W76/><G122/><T84/><D73/><U129/><E109/><V116/><F127/><W26/><G119/><T12/><D1/><U61/><E3/><V44/><F128/><W22/><G114/><T102/><D35/><U49/><E34/><V46/><F54/><W38/><G38/><T15/><D79/><U112/><E129/><V69/><F69/><W131/><G131/><T134/><D93/><N who="1" m="56503" /><E125/><V9/><F9/><W92/><G106/><T2/><D2/><U87/><E87/><V27/><F116/><W5/><G50/><T64/><D11/><U100/><E100/><AGARI ba="1,2" hai="12,15,36,39,62,63,64,66,84,86,100,102,132,134" machi="100" ten="25,6400,0" yaku="22,2,52,2" doraHai="96" who="0" fromWho="1" sc="373,87,263,-67,162,0,182,0" owari="460,56.0,196,0.0,162,-34.0,182,-22.0" /></mjloggm>