<mjloggm ver="2.3"><GO type="169" lobby="0"/><UN n0="%50%6F%6F%48%65%3F" n1="%6B%6F%74%61%6B%6F%74%61" n2="%73%68%6F%6B%6F%6C%61%32" n3="%E3%81%94%E3%82%8A%E3%81%94%E3%82%8A%E3%81%94%E3%82%8A%E3%82%89" dan="16,16,17,16" rate="2139.31,2105.96,2128.45,2109.04" sx="F,M,M,F"/><TAIKYOKU oya="0"/><INIT seed="0,0,0,5,2,130" ten="250,250,250,250" oya="0" hai0="106,65,57,31,62,16,37,132,18,133,83,90,56" hai1="26,46,51,25,81,131,13,17,103,20,114,98,73" hai2="14,115,107,88,9,71,118,34,80,6,108,109,63" hai3="23,121,4,1,44,76,123,50,5,126,104,53,77"/><T28/><D106/><U91/><E131/><V82/><F107/><W94/><G104/><T75/><D37/><U69/><E69/><V116/><F34/><W100/><G23/><T93/><D75/><U55/><E114/><V30/><F30/><W40/><G126/><T8/><D83/><U78/><REACH who="1" step="1"/><E91/><REACH who="1" ten="250,240,250,250" step="2"/><V86/><F115/><W0/><G123/><T36/><D36/><U59/><E59/><V97/><F71/><W74/><G121/><T110/><D110/><U119/><E119/><V122/><F122/><W66/><G77/><T45/><D45/><U84/><E84/><V95/><F118/><W128/><G76/><T87/><D56/><U134/><E134/><N who="0" m="51817" /><D18/><U64/><E64/><V39/><F116/><W92/><G66/><T102/><D102/><U89/><E89/><V61/><F109/><W41/><G74/><T7/><D16/><U96/><E96/><V42/><F108/><W99/><G128/><T24/><D24/><U135/><E135/><V127/><F97/><W72/><G72/><T67/><D67/><U38/><E38/><V48/><F39/><W58/><G99/><T11/><D11/><U112/><E112/><V33/><F9/><W125/><G100/><T35/><D35/><U2/><E2/><AGARI ba="0,1" hai="2,7,8,28,31,57,62,65,87,90,93" m="51817" machi="2" ten="30,11600,0" yaku="20,1,52,3" doraHai="130" who="0" fromWho="1" sc="250,126,240,-116,250,0,250,0" /><INIT seed="0,1,0,2,0,59" ten="376,124,250,250" oya="0" hai0="111,131,117,67,4,51,49,32,102,104,75,103,68" hai1="121,101,92,20,0,119,87,26,25,8,134,61,123" hai2="44,128,56,112,23,95,1,99,37,70,76,64,13" hai3="91,63,31,72,124,66,118,48,58,126,83,33,9"/><T127/><D75/><U96/><E119/><V98/><F112/><W14/><G118/><T79/><D117/><U89/><E134/><V42/><F1/><W24/><G48/><T34/><D4/><U86/><E86/><V65/><F76/><W46/><G46/><T40/><D79/><U3/><E26/><V84/><F70/><W107/><G107/><T120/><D120/><U73/><E73/><V50/><F65/><W109/><G109/><T39/><D131/><U15/><E0/><V52/><F64/><W19/><G72/><T55/><D127/><U94/><E3/><V132/><F132/><W6/><G83/><T45/><D51/><U30/><REACH who="1" step="1"/><E61/><REACH who="1" ten="376,114,250,250" step="2"/><V74/><F74/><W122/><G122/><T5/><D111/><U62/><E62/><V57/><F128/><W21/><REACH who="3" step="1"/><G91/><REACH who="3" ten="376,114,250,240" step="2"/><T85/><D39/><U130/><E130/><V125/><F125/><W77/><G77/><T47/><D49/><U110/><E110/><V28/><F37/><W80/><G80/><T135/><D135/><U11/><E11/><V78/><F78/><W2/><AGARI ba="1,2" hai="2,6,9,14,19,21,24,31,33,58,63,66,124,126" machi="2" ten="30,12000,2" yaku="1,1,0,1,24,2,52,1,53,1" doraHai="59" doraHaiUra="29" who="3" fromWho="3" sc="376,-61,114,-31,250,-31,240,143" /><INIT seed="1,0,0,2,5,62" ten="315,83,219,383" oya="1" hai0="80,61,110,132,118,115,40,109,52,20,15,49,82" hai1="5,65,117,103,36,78,21,2,10,27,54,94,9" hai2="73,60,75,90,102,123,86,30,99,23,79,50,98" hai3="81,3,95,112,16,69,29,134,63,76,101,129,91"/><U107/><E117/><V84/><F123/><W87/><G3/><T130/><D115/><U100/><E36/><V53/><F99/><W70/><G29/><T133/><D118/><U126/><E126/><V24/><F79/><W64/><G112/><T46/><D130/><U6/><E107/><V105/><F86/><W4/><G4/><T45/><D15/><U135/><E135/><N who="0" m="51785" /><D20/><U58/><E78/><V125/><F125/><W92/><G134/><T56/><D82/><U88/><E65/><V104/><F104/><W89/><G129/><T18/><D18/><U1/><E54/><V19/><F60/><W71/><G101/><T74/><D80/><U57/><E103/><V17/><F75/><W111/><G111/><N who="0" m="42507" /><D46/><U59/><E100/><V48/><F73/><AGARI ba="0,0" hai="40,45,49,52,56,61,73,74" m="42507,51785" machi="73" ten="30,3900,0" yaku="20,1,14,1,54,1" doraHai="62" who="0" fromWho="2" sc="315,39,83,0,219,-39,383,0" /><INIT seed="2,0,0,2,1,114" ten="354,83,180,383" oya="2" hai0="86,102,134,66,49,68,10,107,63,118,19,116,103" hai1="2,132,59,130,108,21,52,72,11,70,12,124,87" hai2="51,109,5,120,113,3,25,69,53,74,81,31,94" hai3="75,62,46,82,9,73,48,90,83,131,93,95,38"/><V20/><F120/><W39/><G9/><T4/><D134/><U80/><E108/><V126/><F113/><W34/><G34/><T97/><D103/><U26/><E124/><V60/><F126/><W17/><G62/><T57/><D19/><U23/><E130/><V112/><F112/><W121/><G121/><T40/><D86/><U85/><E70/><V84/><F74/><W71/><G71/><T24/><D24/><U135/><E2/><V41/><F41/><W44/><G17/><T89/><D89/><U88/><E85/><V61/><F69/><W35/><G35/><T16/><D16/><N who="1" m="8223" /><E72/><V110/><F94/><W127/><G90/><T105/><D105/><U79/><E26/><V98/><F98/><W54/><G48/><T7/><D57/><U0/><E0/><V8/><F110/><W99/><G99/><T22/><D22/><N who="1" m="8203" /><E135/><V104/><F104/><W133/><G127/><T111/><D111/><U77/><E132/><V47/><REACH who="2" step="1"/><F109/><REACH who="2" ten="354,83,170,383" step="2"/><W122/><G122/><T32/><D107/><U33/><E33/><V119/><F119/><N who="0" m="45610" /><D32/><U123/><E123/><V129/><F129/><W56/><G131/><T15/><D97/><U13/><E13/><V58/><F58/><W96/><G96/><T14/><D102/><U91/><E79/><AGARI ba="0,1" hai="3,5,8,20,25,31,47,51,53,60,61,79,81,84" machi="79" ten="30,5800,0" yaku="1,1,7,1,53,1" doraHai="114" doraHaiUra="76" who="2" fromWho="1" sc="354,0,83,-58,170,68,383,0" /><INIT seed="2,1,0,2,0,118" ten="354,25,238,383" oya="2" hai0="2,122,61,129,106,35,14,94,59,52,81,76,30" hai1="3,127,119,7,116,104,54,19,96,5,45,24,39" hai2="117,109,102,40,49,135,12,105,41,110,51,126,56" hai3="38,88,130,112,69,34,77,32,78,66,13,1,15"/><V73/><F73/><W6/><G38/><T29/><D106/><U89/><E127/><V58/><F105/><W85/><G1/><T50/><D2/><U63/><E39/><V128/><F102/><W101/><G101/><T20/><D35/><U25/><E104/><V132/><F12/><W42/><G42/><N who="2" m="16489" /><F117/><W31/><G31/><T43/><D129/><U33/><E33/><V123/><F123/><W16/><G69/><T87/><D122/><U22/><E25/><V57/><F126/><W23/><G66/><T68/><D94/><U121/><E121/><V46/><F128/><W84/><G130/><T93/><D93/><N who="1" m="56367" /><E45/><V8/><F8/><N who="3" m="4247" /><G32/><T111/><D111/><N who="2" m="42506" /><F46/><W36/><G34/><T74/><D74/><U11/><E5/><V75/><F75/><W86/><G36/><T71/><D71/><U67/><E119/><V60/><F60/><W72/><G72/><T114/><D114/><U47/><E116/><V100/><F100/><W125/><G125/><T80/><D68/><U133/><E47/><V0/><F0/><W113/><G113/><T18/><D43/><U55/><E3/><V91/><F91/><W48/><G112/><T17/><D61/><U115/><E115/><V65/><F65/><W124/><G124/><T90/><D18/><U97/><E7/><V4/><F4/><W131/><G131/><T10/><D10/><U92/><E11/><V82/><F82/><N who="3" m="49175" /><G48/><AGARI ba="1,0" hai="48,49,51,56,57,58,132,135" m="42506,16489" machi="48" ten="40,18000,2" yaku="28,2,14,1,10,1,34,2" doraHai="118" who="2" fromWho="3" sc="354,0,25,0,238,183,383,-183" /><INIT seed="2,2,0,3,1,6" ten="354,25,421,200" oya="2" hai0="93,43,39,44,2,108,94,25,71,90,99,63,35" hai1="37,47,98,67,40,127,23,58,41,28,110,7,118" hai2="17,62,126,114,121,130,55,107,30,66,56,76,46" hai3="113,122,69,97,27,111,73,0,116,100,123,85,112"/><V14/><F107/><W88/><G69/><T89/><D108/><U70/><E118/><V75/><F114/><N who="3" m="44139" /><G0/><T61/><D2/><U65/><E110/><V3/><F3/><W16/><G73/><T134/><D134/><U96/><E127/><V125/><F121/><W51/><G51/><T82/><D82/><U8/><E41/><V11/><F130/><W42/><G42/><T32/><D71/><U10/><E70/><V4/><F30/><W102/><G111/><T53/><D25/><U128/><E128/><V20/><F76/><W45/><G45/><T74/><D74/><U119/><E119/><V68/><F75/><W54/><G54/><T1/><D1/><U12/><E8/><V81/><F81/><N who="3" m="49199" /><G116/><T86/><D61/><U15/><E67/><V34/><F46/><W120/><G97/><T19/><D19/><U103/><E28/><V18/><F34/><W84/><G84/><T50/><D63/><U131/><E131/><V132/><F132/><W133/><G133/><T48/><D39/><U59/><E65/><V24/><REACH who="2" step="1"/><F18/><REACH who="2" ten="354,25,411,200" step="2"/><W87/><G87/><T72/><D72/><U129/><E129/><V109/><F109/><W79/><G79/><T135/><D135/><U124/><E124/><V22/><F22/><AGARI ba="2,1" hai="16,22,27,100,102,120,122,123" m="49199,44139" machi="22" ten="40,5200,0" yaku="11,1,54,2" doraHai="6" who="3" fromWho="2" sc="354,0,25,0,411,-58,200,68" /><INIT seed="3,0,0,3,1,44" ten="354,25,353,268" oya="3" hai0="75,25,35,56,90,40,83,52,9,117,122,48,129" hai1="43,120,62,101,126,33,130,135,125,50,13,114,103" hai2="74,96,104,16,46,23,124,80,29,1,22,107,105" hai3="71,42,11,82,112,113,128,21,37,34,32,127,109"/><W121/><G71/><T131/><D122/><U85/><E13/><V79/><F1/><W99/><G121/><T20/><D117/><U8/><E8/><V39/><F39/><W116/><G99/><T17/><D40/><U86/><E33/><V97/><F124/><N who="1" m="47721" /><E62/><V106/><N who="2" m="26624" /><DORA hai="87" /><V38/><F29/><W70/><G82/><T72/><D9/><U60/><E60/><V73/><F73/><W59/><G42/><T0/><D0/><U98/><E43/><V93/><F38/><W49/><G37/><T111/><D35/><U26/><E26/><V14/><F46/><W24/><G70/><T133/><D133/><U54/><E120/><V47/><F47/><W69/><G69/><T132/><D132/><U65/><E65/><V123/><F123/><W6/><G127/><T5/><D5/><U100/><E135/><V84/><F23/><W89/><G89/><T67/><D67/><U66/><E66/><V110/><F110/><W27/><G109/><T118/><D111/><U115/><E98/><V108/><F108/><W31/><G59/><T3/><D3/><U10/><E10/><V92/><F97/><W55/><G34/><T134/><D134/><U57/><E130/><N who="0" m="49673" /><D118/><U119/><E119/><V77/><F96/><W68/><G116/><T53/><D53/><U94/><E86/><AGARI ba="0,0" hai="17,20,25,48,52,56,72,75,83,86,90" m="49673" machi="86" ten="30,7700,0" yaku="19,1,52,2,54,1" doraHai="44,87" who="0" fromWho="1" sc="354,77,25,-77,353,0,268,0" owari="431,53.0,-52,-55.0,353,15.0,268,-13.0" /></mjloggm>