<mjloggm ver="2.3"><GO type="169" lobby="0"/><UN n0="%6B%75%73%73%79" n1="%E3%82%88%E3%81%97%E3%81%A4%E3%82%88%E3%81%97" n2="%E3%81%B2%E3%81%BF%E3%81%A6%E3%82%93" n3="%E3%82%82%E3%81%8B%E3%81%BE%E3%82%8B" dan="16,16,16,16" rate="2128.11,2115.02,2086.98,2043.74" sx="M,M,M,M"/><TAIKYOKU oya="0"/><INIT seed="0,0,0,4,1,84" ten="250,250,250,250" oya="0" hai0="32,113,14,119,54,107,72,103,17,25,35,133,27" hai1="57,92,94,1,40,98,130,105,117,80,93,50,88" hai2="101,33,102,9,64,123,15,20,4,71,68,122,90" hai3="43,81,22,46,87,52,34,16,78,51,29,39,5"/><T120/><D113/><U135/><E1/><V134/><F33/><W126/><G126/><T7/><D72/><U125/><E117/><V99/><F134/><W128/><G128/><T49/><D119/><U109/><E109/><V83/><F20/><W129/><G129/><T56/><D120/><U45/><E130/><V31/><F31/><W118/><G118/><T74/><D74/><U112/><E125/><V115/><F115/><W89/><G5/><T55/><D133/><U116/><E116/><V2/><F2/><W13/><G29/><T24/><D7/><U91/><E112/><V110/><F110/><W104/><G104/><T66/><D66/><U61/><E135/><V6/><F6/><W3/><G3/><T121/><D121/><U108/><E108/><V60/><F71/><W44/><REACH who="3" step="1"/><G34/><REACH who="3" ten="250,250,250,240" step="2"/><T48/><D107/><U12/><E105/><V86/><F102/><W97/><G97/><T76/><D103/><U69/><E69/><V73/><REACH who="2" step="1"/><F73/><REACH who="2" ten="250,250,240,240" step="2"/><W127/><G127/><T132/><D132/><U114/><E114/><V18/><F18/><W111/><G111/><T67/><D32/><U82/><E12/><V0/><F0/><W70/><G70/><T21/><D35/><U131/><E131/><V38/><F38/><W23/><G23/><T100/><D100/><U75/><E75/><V96/><F96/><W47/><G47/><T41/><D14/><U85/><REACH who="1" step="1"/><E94/><AGARI ba="0,2" hai="4,9,15,60,64,68,83,86,90,94,99,101,122,123" machi="94" ten="30,3900,0" yaku="1,1,7,1,52,1,53,0" doraHai="84" doraHaiUra="26" who="2" fromWho="1" sc="250,0,250,-39,240,59,240,0" /><INIT seed="1,0,0,4,2,110" ten="250,211,299,240" oya="1" hai0="133,83,123,113,127,26,29,53,132,47,84,82,116" hai1="20,32,48,107,5,62,39,4,106,71,50,73,102" hai2="80,28,74,70,112,27,129,69,21,111,58,6,13" hai3="76,86,31,12,18,77,52,94,90,33,119,60,42"/><U44/><E39/><V9/><F111/><W40/><G31/><T14/><D116/><U37/><E32/><V117/><F117/><W63/><G63/><T108/><D108/><U15/><E73/><V61/><F129/><W72/><G33/><T91/><D127/><U46/><E37/><V45/><F45/><N who="1" m="17513" /><E71/><V128/><F128/><W22/><G119/><T104/><D104/><U24/><E62/><V134/><F134/><N who="0" m="51818" /><D14/><U120/><E120/><V88/><F74/><W2/><G2/><T109/><D109/><U98/><E107/><V92/><F80/><W67/><G67/><T30/><D123/><U56/><E106/><V118/><F118/><W19/><G19/><T57/><D47/><U79/><E79/><N who="3" m="30282" /><G72/><T49/><D113/><U65/><E65/><V95/><F112/><W130/><G130/><T35/><D29/><U96/><E56/><AGARI ba="0,0" hai="12,18,22,40,42,52,56,60,86,90,94" m="30282" machi="56" ten="30,2000,0" yaku="8,1,54,1" doraHai="110" who="3" fromWho="1" sc="250,0,211,-20,299,0,240,20" /><INIT seed="2,0,0,2,3,65" ten="250,191,299,260" oya="2" hai0="51,66,9,93,89,88,73,124,53,121,85,94,56" hai1="5,24,48,63,117,4,135,8,107,74,103,125,19" hai2="59,113,57,131,69,75,87,109,127,33,62,112,82" hai3="31,7,90,45,81,54,18,110,102,43,42,86,92"/><V64/><F75/><W25/><G110/><T119/><D121/><U97/><E74/><V17/><F33/><W61/><G7/><T23/><D73/><U114/><E114/><V118/><F118/><W99/><G18/><T68/><D124/><U95/><E135/><V60/><F127/><W134/><G134/><T96/><D119/><U0/><E117/><V3/><F3/><W28/><G28/><T122/><D122/><U76/><E4/><V16/><F109/><W120/><G120/><T35/><D35/><U50/><E76/><V30/><F30/><W6/><G6/><T126/><D126/><U106/><E125/><V78/><F131/><W104/><G104/><T46/><D9/><U52/><E63/><V80/><F80/><W123/><G123/><T70/><REACH who="0" step="1"/><D23/><REACH who="0" ten="240,191,299,260" step="2"/><U77/><E77/><V79/><F79/><W37/><G43/><T47/><D47/><U44/><REACH who="1" step="1"/><E48/><REACH who="1" ten="240,181,299,260" step="2"/><V49/><F113/><W67/><G37/><T115/><D115/><U2/><E2/><V40/><F112/><W132/><G132/><T29/><D29/><U12/><E12/><V129/><F129/><W133/><G31/><T14/><D14/><U41/><E41/><V83/><F40/><W100/><G42/><T11/><D11/><U22/><AGARI ba="0,2" hai="0,5,8,19,22,24,44,50,52,95,97,103,106,107" machi="22" ten="30,7900,0" yaku="1,1,0,1,54,1,53,1" doraHai="65" doraHaiUra="98" who="1" fromWho="1" sc="240,-20,181,99,299,-39,260,-20" /><INIT seed="3,0,0,0,5,49" ten="220,280,260,240" oya="3" hai0="2,74,87,26,53,69,41,67,105,3,5,42,37" hai1="47,54,70,68,50,86,57,30,106,107,20,109,12" hai2="32,123,120,89,63,62,64,98,61,72,52,23,58" hai3="39,78,48,10,13,66,8,131,111,36,81,76,99"/><W43/><G66/><T129/><D74/><U73/><E73/><V132/><F72/><W80/><G99/><T22/><D105/><U118/><E109/><V84/><F32/><W16/><G111/><T97/><D129/><U83/><E118/><V125/><F125/><W25/><G131/><T93/><D87/><U124/><E124/><V135/><F23/><W34/><G8/><T71/><D71/><U27/><E107/><V112/><F112/><W35/><G48/><T114/><D114/><U95/><E95/><N who="2" m="54695" /><F98/><W6/><G6/><T79/><D79/><U19/><E47/><V130/><F130/><W15/><G15/><T31/><D5/><U55/><E106/><V56/><F63/><W100/><G100/><T110/><D110/><U38/><E38/><V18/><F18/><W126/><G126/><T88/><D37/><U94/><E94/><V116/><F116/><W29/><G35/><T101/><D101/><U9/><REACH who="1" step="1"/><E54/><REACH who="1" ten="220,270,260,240" step="2"/><V134/><AGARI ba="0,1" hai="52,56,58,61,62,64,120,123,132,134,135" m="54695" machi="134" ten="40,5200,0" yaku="20,1,52,1,54,1" doraHai="49" who="2" fromWho="2" sc="220,-13,270,-13,260,62,240,-26" /><INIT seed="4,0,0,0,4,83" ten="207,257,322,214" oya="0" hai0="44,74,81,125,42,73,9,112,87,128,90,37,119" hai1="114,89,122,98,78,29,70,47,92,0,63,14,94" hai2="33,82,110,40,58,49,27,118,26,48,113,15,43" hai3="22,133,69,55,56,10,53,5,35,57,96,124,104"/><T71/><D119/><U34/><E122/><V107/><F107/><W135/><G35/><T75/><D125/><U132/><E132/><N who="3" m="50762" /><G69/><T108/><D112/><U1/><E78/><V121/><F121/><W101/><G22/><T61/><D128/><U93/><E93/><V127/><F110/><W95/><G124/><T62/><D108/><U131/><E131/><V7/><F33/><W31/><G31/><T91/><D71/><U30/><E30/><V13/><F113/><W103/><G103/><T23/><D23/><U20/><E34/><V3/><F3/><N who="3" m="319" /><G104/><T99/><REACH who="0" step="1"/><D9/><REACH who="0" ten="197,257,322,214" step="2"/><U36/><E20/><V54/><F127/><W77/><G77/><T67/><D67/><U28/><E70/><V126/><F118/><W120/><G120/><T64/><D64/><U50/><E114/><V38/><F126/><W8/><G8/><T123/><D123/><U84/><E28/><V65/><F65/><W39/><G39/><T68/><D68/><U130/><E29/><V109/><F38/><W106/><G106/><T4/><D4/><U59/><E130/><V52/><F7/><W111/><G111/><T129/><D129/><U46/><E36/><V17/><F109/><W41/><G41/><T102/><D102/><U32/><E32/><V51/><F43/><W88/><G101/><T60/><D60/><U85/><E63/><N who="2" m="36295" /><F40/><W25/><G53/><T18/><D18/><U86/><E50/><N who="2" m="19563" /><F17/><W6/><G55/><T117/><D117/><U24/><E47/><V2/><F54/><W11/><G6/><T115/><D115/><U116/><E116/><V100/><F100/><RYUUKYOKU ba="0,1" sc="197,30,257,-10,322,-10,214,-10" hai0="37,42,44,61,62,73,74,75,81,87,90,91,99" /><INIT seed="4,1,1,1,0,21" ten="227,247,312,204" oya="0" hai0="123,104,88,135,96,132,78,23,75,13,61,36,125" hai1="22,47,98,65,33,60,90,0,45,41,72,121,114" hai2="109,30,115,74,53,2,49,16,5,87,93,119,131" hai3="124,7,126,80,4,46,118,56,42,26,18,34,130"/><T84/><D36/><U81/><E33/><V62/><F109/><W69/><G118/><T59/><D123/><U63/><E121/><V97/><F119/><W11/><G69/><T29/><D125/><N who="3" m="48233" /><G130/><T102/><D75/><U3/><E45/><V6/><F74/><W15/><G80/><T9/><D78/><U52/><E114/><V134/><F87/><W1/><G56/><T128/><D128/><U116/><E116/><V37/><F37/><N who="3" m="21839" /><G1/><T77/><D77/><U73/><E0/><V28/><F2/><W35/><G35/><T66/><D29/><AGARI ba="1,1" hai="4,7,11,15,18,26,29,34" m="21839,48233" machi="29" ten="30,2000,0" yaku="18,1,52,1" doraHai="21" who="3" fromWho="0" sc="227,-23,247,0,312,0,204,33" /><INIT seed="5,0,0,2,1,74" ten="204,247,312,237" oya="1" hai0="43,5,40,91,77,53,127,27,63,57,42,49,116" hai1="48,117,11,55,20,90,87,93,50,65,9,35,8" hai2="59,110,118,84,16,13,79,107,119,67,97,31,66" hai3="88,52,4,98,2,19,95,68,85,15,14,26,69"/><U51/><E35/><V105/><F110/><W133/><G2/><T1/><D116/><U38/><E38/><V39/><F39/><W64/><G4/><T46/><D127/><U125/><E117/><V135/><F135/><W7/><G7/><T54/><D1/><U25/><E65/><V112/><F112/><W61/><G133/><T134/><D134/><U86/><E125/><V114/><F114/><W102/><G68/><T80/><D5/><U32/><E32/><V47/><F47/><W115/><G115/><T104/><D104/><U24/><E24/><V73/><F73/><W132/><G132/><T120/><D120/><U45/><REACH who="1" step="1"/><E87/><REACH who="1" ten="204,237,312,237" step="2"/><V60/><F67/><W37/><G37/><T23/><D91/><U6/><E6/><V109/><F66/><W124/><G64/><T3/><D3/><U129/><E129/><V30/><F84/><W89/><G89/><T78/><REACH who="0" step="1"/><D80/><REACH who="0" ten="194,237,312,237" step="2"/><U113/><E113/><V99/><F119/><W122/><G88/><T92/><D92/><U131/><E131/><V36/><F118/><W29/><G95/><T22/><D22/><U83/><E83/><V28/><F107/><W121/><G124/><T94/><D94/><U44/><E44/><V123/><F105/><W18/><G121/><T58/><D58/><U103/><E103/><V56/><F59/><W70/><G102/><T34/><D34/><U100/><E100/><V10/><F123/><W101/><G122/><T17/><AGARI ba="0,2" hai="17,23,27,40,42,43,46,49,53,54,57,63,77,78" machi="17" ten="30,8000,1" yaku="1,1,0,1,8,1,52,2,53,0" doraHai="74" doraHaiUra="96" who="0" fromWho="0" sc="194,100,237,-40,312,-20,237,-20" /><INIT seed="6,0,0,1,0,71" ten="294,197,292,217" oya="2" hai0="68,15,59,125,76,115,69,83,134,88,75,106,43" hai1="53,78,128,127,19,124,24,7,104,66,61,70,65" hai2="50,130,109,4,112,64,58,86,122,14,131,33,0" hai3="6,121,111,100,44,10,18,37,46,55,8,123,107"/><V42/><F122/><W35/><G35/><T74/><D115/><U82/><E104/><V22/><F112/><W101/><G107/><T38/><D125/><N who="1" m="48203" /><E7/><V98/><F33/><W5/><G18/><T90/><D134/><U16/><E128/><N who="2" m="49195" /><F98/><W80/><G80/><T28/><D106/><U81/><E81/><V108/><F86/><W45/><G45/><T48/><D75/><N who="1" m="43359" /><E65/><V36/><F0/><W52/><G111/><T116/><D116/><U135/><E135/><V119/><F119/><W91/><G91/><T96/><D90/><U103/><E103/><V117/><F117/><W97/><G97/><T11/><D28/><U67/><E67/><V2/><F2/><W120/><G120/><T30/><D30/><U23/><E53/><N who="2" m="32055" /><F64/><W21/><G21/><T47/><D59/><U87/><E87/><V63/><F63/><W40/><G40/><T92/><REACH who="0" step="1"/><D48/><REACH who="0" ten="284,197,292,217" step="2"/><U56/><E70/><V95/><F109/><W84/><G121/><T126/><D126/><U93/><E93/><V29/><F95/><W132/><G123/><T41/><D41/><U114/><E114/><V113/><F113/><W20/><G132/><T25/><D25/><U73/><E73/><V94/><F94/><W13/><G101/><T39/><D39/><U118/><E118/><V3/><F108/><W77/><G100/><T60/><D60/><U62/><E61/><V105/><F105/><W12/><G37/><T32/><D32/><U129/><E129/><V26/><F36/><W79/><G20/><T51/><D51/><U110/><E110/><V27/><F42/><W17/><G10/><RYUUKYOKU ba="0,1" sc="284,15,197,15,292,-15,217,-15" hai0="11,15,38,43,47,68,69,74,76,83,88,92,96" hai1="16,19,23,24,56,62,66" /><INIT seed="7,1,1,4,3,4" ten="299,212,277,202" oya="3" hai0="40,75,27,76,72,12,88,19,6,115,15,45,18" hai1="85,13,29,50,54,133,62,10,39,57,59,31,123" hai2="74,81,111,82,90,38,46,77,89,34,53,129,26" hai3="17,80,97,68,118,24,43,103,132,41,36,58,55"/><W23/><G118/><T0/><D115/><U92/><E39/><V67/><F111/><W114/><G68/><T33/><D0/><U101/><E133/><V131/><F67/><W20/><G114/><T127/><D127/><U135/><E123/><V56/><F34/><W95/><G132/><T42/><D6/><U69/><E69/><V122/><F122/><W125/><G125/><T108/><D108/><U110/><E110/><V86/><F26/><W32/><G32/><T102/><D102/><U134/><E135/><V99/><F99/><W121/><G121/><T22/><D76/><U71/><E71/><V63/><F38/><W106/><G106/><T112/><D112/><U5/><E134/><V3/><F3/><W128/><G128/><N who="2" m="49225" /><F46/><W130/><G130/><T52/><D52/><N who="1" m="34087" /><E85/><V96/><F96/><AGARI ba="1,1" hai="5,10,13,29,31,50,54,59,92,96,101" m="34087" machi="96" ten="30,3900,0" yaku="8,1,52,1,54,1" doraHai="4" who="1" fromWho="2" sc="299,0,212,52,277,-42,202,0" /><INIT seed="8,0,0,1,2,109" ten="299,264,235,202" oya="0" hai0="93,135,63,21,9,44,28,8,101,78,89,83,80" hai1="98,74,130,13,119,3,111,71,32,73,69,24,114" hai2="19,103,110,118,92,49,84,37,45,2,46,79,12" hai3="104,65,18,55,42,17,120,15,14,112,85,40,27"/><T116/><D116/><U100/><E119/><V31/><F118/><W68/><G112/><T107/><D107/><U122/><E3/><V88/><F110/><W25/><G104/><T67/><D135/><U56/><E122/><V62/><F2/><W77/><G120/><T54/><D101/><U132/><E130/><V70/><F37/><W33/><G55/><T20/><D54/><U35/><E35/><V51/><F31/><W57/><G68/><T10/><D44/><N who="2" m="17002" /><F70/><W48/><G77/><T36/><D36/><U117/><E114/><V60/><F79/><W6/><G65/><T75/><D80/><U34/><E32/><V106/><F103/><W52/><G33/><T102/><D102/><U127/><E34/><V128/><F128/><W133/><G133/><T59/><REACH who="0" step="1"/><D28/><REACH who="0" ten="289,264,235,202" step="2"/><U29/><E117/><V121/><F106/><W47/><G40/><T82/><D82/><U58/><E100/><V81/><F81/><W26/><G85/><AGARI ba="0,1" hai="8,9,10,20,21,59,63,67,75,78,83,85,89,93" machi="85" ten="40,2000,0" yaku="1,1,53,0" doraHai="109" doraHaiUra="108" who="0" fromWho="3" sc="289,30,264,0,235,0,202,-20" owari="319,42.0,264,6.0,235,-16.0,182,-32.0" /></mjloggm>