<mjloggm ver="2.3"><GO type="225" lobby="0"/><UN n0="%E5%85%88%E7%89%A9%E3%81%AF%74%72%61%73%68" n1="%E3%81%B5%E3%83%BC%E3%81%84%E3%82%93" n2="%E3%82%B7%E3%83%B3%E3%83%95%E3%82%A9%E3%83%8B%E3%82%A2" n3="%E8%A8%88%E7%AE%97%E6%A9%9F%E8%87%AA%E7%84%B6" dan="17,17,17,17" rate="2215.08,2120.21,2107.67,2194.91" sx="M,M,M,M"/><TAIKYOKU oya="0"/><INIT seed="0,0,0,4,1,120" ten="250,250,250,250" oya="0" hai0="68,22,122,113,76,107,114,131,8,126,44,11,20" hai1="78,115,0,75,39,6,12,71,100,92,52,3,5" hai2="96,54,40,58,36,133,34,65,26,42,37,116,50" hai3="28,106,89,45,104,53,67,18,51,135,2,66,129"/><T17/><D107/><U24/><E39/><V127/><F133/><W27/><G2/><T103/><D103/><U21/><E71/><V82/><F127/><W4/><G4/><T94/><D68/><U31/><E78/><V47/><F82/><W33/><G135/><T13/><D76/><U73/><E115/><V7/><F7/><W111/><G129/><T25/><D94/><U118/><E118/><V60/><F96/><W84/><G67/><T46/><D122/><U15/><E92/><V59/><F26/><W124/><G66/><T1/><D131/><U83/><E83/><V112/><F34/><W132/><G124/><T121/><D121/><U61/><E100/><V99/><F99/><W55/><G55/><T110/><D126/><U19/><E6/><V79/><F79/><W23/><G132/><T48/><D46/><U9/><E3/><V95/><F95/><W117/><G117/><T69/><D69/><U125/><E125/><V41/><F112/><N who="0" m="43114" /><D48/><U62/><E0/><V123/><F116/><W80/><G106/><T10/><D44/><U130/><E130/><V63/><F123/><W105/><REACH who="3" step="1"/><G111/><REACH who="3" ten="250,250,250,240" step="2"/><T29/><D1/><U134/><E134/><V77/><F77/><W91/><G91/><T97/><D97/><U85/><E5/><V108/><F108/><AGARI ba="0,1" hai="8,10,11,13,17,20,22,25,29,108,110" m="43114" machi="108" ten="40,12000,1" yaku="34,2,52,2" doraHai="120" who="0" fromWho="2" sc="250,130,250,0,250,-120,240,0" /><INIT seed="0,1,0,2,3,55" ten="380,250,130,240" oya="0" hai0="121,21,47,97,31,9,15,60,34,5,77,36,130" hai1="84,115,56,48,25,128,13,28,11,123,51,0,66" hai2="127,18,30,103,125,41,135,91,16,49,89,57,69" hai3="73,35,46,124,101,67,59,114,4,122,94,83,99"/><T45/><D121/><U98/><E123/><V117/><F69/><W126/><G122/><T111/><D34/><U68/><E0/><V37/><F30/><W106/><G114/><T76/><D130/><U72/><E72/><V113/><F113/><W14/><G35/><T129/><D129/><U38/><E38/><V80/><F103/><W29/><G29/><T24/><D111/><U39/><E39/><V33/><F33/><W74/><G46/><N who="0" m="17419" /><D36/><U78/><E68/><V10/><F37/><W105/><G14/><T22/><D97/><U102/><E84/><V120/><F120/><W90/><G4/><T20/><D60/><N who="1" m="38151" /><E78/><N who="0" m="30313" /><D31/><U2/><E2/><V8/><F117/><W7/><G7/><T109/><D109/><U50/><E128/><V12/><F127/><N who="3" m="48683" /><G74/><T6/><D6/><U81/><E115/><V65/><F125/><W86/><G73/><T112/><D112/><U116/><E116/><V64/><F18/><W23/><G106/><T52/><D24/><U43/><E28/><V85/><F12/><W134/><G105/><T118/><D118/><U107/><E25/><V3/><F3/><W96/><G96/><T54/><AGARI ba="1,0" hai="5,9,15,20,21,22,52,54" m="30313,17419" machi="54" ten="40,3900,0" yaku="8,1,54,1" doraHai="55" who="0" fromWho="0" sc="380,42,250,-14,130,-14,240,-14" /><INIT seed="0,2,0,4,5,78" ten="422,236,116,226" oya="0" hai0="90,103,59,94,95,99,89,13,35,8,31,133,88" hai1="47,7,93,132,117,66,42,126,115,63,39,4,87" hai2="101,50,124,125,16,68,82,38,84,107,30,113,91" hai3="105,24,116,73,20,114,67,15,36,110,92,12,83"/><T40/><D133/><U112/><E117/><V97/><F38/><W121/><G105/><T2/><D2/><U118/><E118/><V9/><F68/><W60/><G114/><N who="1" m="43562" /><E132/><V123/><F113/><W6/><G36/><T100/><D40/><U25/><E25/><V61/><F123/><W131/><G110/><T34/><D31/><U96/><E87/><V17/><F30/><W108/><G131/><T76/><D76/><U51/><E51/><V52/><F61/><W1/><G24/><T10/><D59/><N who="1" m="37247" /><E126/><N who="2" m="48747" /><F9/><W55/><G108/><T70/><D70/><U75/><E75/><V72/><F72/><W11/><G73/><T27/><D27/><U104/><E104/><V134/><F134/><W53/><G11/><T54/><D54/><U0/><E0/><V130/><F130/><W65/><G53/><T71/><D71/><U128/><E128/><V127/><N who="2" m="48755" /><V106/><DORA hai="18" /><F106/><W80/><G55/><T29/><D29/><U5/><E5/><V49/><F49/><W37/><G6/><T98/><D8/><U57/><E57/><AGARI ba="2,0" hai="16,17,50,52,57,82,84,91,97,101,107" m="48755" machi="57" ten="40,8000,1" yaku="18,1,52,1,54,2" doraHai="78,18" who="2" fromWho="1" sc="422,0,236,-86,116,86,226,0" /><INIT seed="1,0,0,4,0,121" ten="422,150,202,226" oya="1" hai0="16,70,64,120,91,19,25,93,85,79,107,83,24" hai1="37,10,34,114,127,95,103,39,125,124,98,135,46" hai2="26,99,100,113,87,47,101,60,130,43,1,97,15" hai3="73,89,77,123,132,49,20,30,94,110,52,22,126"/><U57/><E114/><V40/><F1/><W105/><G123/><T117/><D117/><U13/><E34/><V55/><F130/><W14/><G105/><T86/><D107/><U4/><E135/><V119/><F119/><W32/><G126/><T7/><D120/><U28/><E28/><V31/><F113/><W118/><G132/><T54/><D7/><U33/><E33/><V116/><F116/><W9/><G118/><T96/><D64/><U102/><E102/><V66/><F87/><W129/><G129/><T84/><D70/><U90/><E57/><V6/><F55/><W109/><G32/><T0/><D0/><U131/><E131/><V68/><F15/><W2/><G77/><T17/><REACH who="0" step="1"/><D54/><REACH who="0" ten="412,150,202,226" step="2"/><U44/><REACH who="1" step="1"/><E103/><REACH who="1" ten="412,140,202,226" step="2"/><V122/><F122/><W78/><G30/><T106/><D106/><U75/><E75/><AGARI ba="0,2" hai="16,17,19,24,25,75,79,83,84,85,86,91,93,96" machi="75" ten="40,2600,0" yaku="1,1,54,1,53,0" doraHai="121" doraHaiUra="58" who="0" fromWho="1" sc="412,46,140,-26,202,0,226,0" /><INIT seed="2,0,0,1,1,0" ten="458,114,202,226" oya="2" hai0="86,135,73,30,100,37,65,105,35,44,43,23,75" hai1="63,25,19,125,126,5,88,32,70,132,40,62,48" hai2="8,127,24,96,110,68,74,91,134,46,76,64,107" hai3="83,111,61,47,87,3,94,36,106,78,28,80,16"/><V119/><F119/><W102/><G3/><T72/><D86/><U81/><E132/><V79/><F127/><W69/><G28/><T90/><D90/><U92/><E81/><V55/><F134/><W56/><G69/><T54/><D54/><U58/><E70/><V10/><F110/><W133/><G106/><T117/><D23/><U21/><E32/><V84/><F24/><W29/><G29/><T89/><D89/><U26/><E26/><V112/><F112/><W45/><G36/><T33/><D135/><U12/><E125/><V116/><F116/><W113/><G111/><T129/><D117/><U95/><E95/><V103/><F55/><N who="3" m="33951" /><G83/><T15/><D129/><U120/><E120/><V11/><F46/><W57/><G57/><T51/><D37/><U27/><E126/><V41/><F41/><W115/><G133/><T20/><D65/><U71/><E71/><V109/><F109/><W131/><G131/><T82/><D82/><U39/><E39/><V4/><F74/><W22/><G115/><T124/><D124/><U49/><E40/><V52/><F52/><W104/><G104/><T1/><D1/><U59/><E59/><V77/><F64/><W67/><G67/><T6/><D30/><U108/><E108/><V34/><F68/><W98/><G113/><T2/><D105/><U42/><E42/><V101/><F34/><W97/><G97/><T50/><D43/><U114/><E114/><V17/><F107/><W85/><G85/><T93/><D33/><U122/><E122/><V128/><F96/><W60/><G60/><T99/><D35/><RYUUKYOKU ba="0,0" sc="458,-10,114,-10,202,-10,226,30" hai3="16,22,45,47,78,80,87,94,98,102" /><INIT seed="3,1,0,5,0,98" ten="448,104,192,256" oya="3" hai0="26,9,25,30,48,23,44,109,127,46,53,32,82" hai1="105,2,59,102,7,12,22,60,62,92,35,52,24" hai2="91,31,123,84,40,14,50,118,119,6,75,76,43" hai3="86,77,29,78,126,47,113,55,134,58,57,15,69"/><W19/><G69/><T79/><D109/><U133/><E105/><V83/><F123/><W95/><G29/><T71/><D71/><U115/><E133/><V130/><F130/><W39/><G39/><T56/><D127/><U10/><E115/><V49/><F31/><W61/><G47/><T33/><D9/><U87/><E35/><V99/><F50/><W70/><G70/><T97/><D97/><U13/><E2/><V100/><F6/><W27/><G27/><T131/><D131/><U93/><E13/><V20/><F14/><W67/><G126/><T135/><D135/><U110/><E110/><V66/><F20/><W41/><G41/><T111/><D111/><U88/><E92/><V37/><F66/><W125/><G113/><T38/><D38/><U122/><E122/><V128/><F37/><W1/><G67/><T106/><D106/><U103/><E62/><V94/><F128/><W68/><G61/><T101/><D33/><U51/><E51/><V132/><F132/><W21/><G125/><T114/><D114/><U64/><E64/><V28/><F49/><W120/><G120/><T85/><D26/><U65/><E65/><V129/><F129/><W16/><G1/><T42/><D32/><U3/><E3/><V117/><F28/><AGARI ba="1,0" hai="7,10,12,22,24,28,52,59,60,87,88,93,102,103" machi="28" ten="30,12000,2" yaku="7,1,8,1,52,2,54,2" doraHai="98" who="1" fromWho="2" sc="448,0,104,123,192,-123,256,0" owari="448,54.0,227,-17.0,69,-43.0,256,6.0" /></mjloggm>