<mjloggm ver="2.3"><GO type="185" lobby="0"/><UN n0="%E9%BE%8D%E5%B9%B3" n1="%E3%82%8C%E3%81%99%E3%81%93" n2="%E6%9D%B1%E9%B3%B3" n3="" dan="16,16,17,0" rate="2186.50,2237.18,2253.71,1500.00" sx="M,F,M,C"/><TAIKYOKU oya="0"/><INIT seed="0,0,0,1,1,128" ten="350,350,350,0" oya="0" hai0="67,115,114,34,108,82,48,105,78,64,41,132,124" hai1="74,52,57,133,2,98,83,47,92,103,0,32,89" hai2="100,125,50,94,86,59,68,111,77,110,113,62,46" hai3=""/><T79/><D34/><U63/><E32/><V104/><F113/><T130/><D130/><U93/><E133/><V65/><F125/><T107/><D124/><U99/><E74/><V122/><N who="2" m="31264" /><V66/><F104/><T61/><D108/><U106/><E83/><V38/><F38/><T53/><D41/><U72/><E72/><V127/><F127/><T56/><D132/><U131/><E131/><V42/><F77/><T81/><D64/><U118/><E118/><V102/><F86/><T117/><D117/><U60/><E106/><V70/><F100/><T3/><D3/><U112/><E112/><V101/><F101/><T55/><D107/><U1/><REACH who="1" step="1"/><E47/><REACH who="1" ten="350,340,350,0" step="2"/><V84/><F46/><T91/><D105/><U126/><E126/><V121/><F121/><T109/><D115/><U54/><E54/><V73/><F73/><T120/><N who="0" m="30752" /><T76/><D114/><U43/><E43/><V80/><F42/><T49/><D109/><U96/><E96/><V135/><F111/><T129/><D129/><U39/><E39/><V87/><F110/><T75/><D75/><U123/><N who="1" m="31520" /><U45/><E45/><V36/><F135/><T134/><D134/><U88/><E88/><V35/><F35/><T44/><D91/><RYUUKYOKU ba="0,1" sc="350,10,340,10,350,-20,0,0" hai0="44,48,49,53,55,56,61,67,76,78,79,81,82" hai1="0,1,2,52,57,60,63,89,92,93,98,99,103" /><INIT seed="0,1,1,5,2,2" ten="360,350,330,0" oya="0" hai0="57,40,73,131,33,67,47,41,56,119,78,89,63" hai1="91,99,133,121,39,108,62,45,52,92,126,90,120" hai2="1,32,109,53,48,37,43,111,105,80,132,125,113" hai3=""/><T34/><D119/><U61/><N who="1" m="30752" /><U107/><N who="1" m="31008" /><U58/><E108/><V135/><F1/><T69/><D131/><U83/><E133/><N who="2" m="51275" /><F113/><T46/><D78/><U81/><E126/><V129/><F105/><T42/><D73/><U82/><E107/><V66/><F125/><T64/><D89/><U115/><E115/><V44/><F129/><T75/><D75/><U87/><REACH who="1" step="1"/><E62/><REACH who="1" ten="360,340,330,0" step="2"/><V60/><F111/><T106/><D106/><U124/><E124/><V102/><F109/><T114/><D114/><U128/><E128/><V84/><F60/><T70/><D42/><AGARI ba="1,2" hai="39,42,45,52,58,61,81,82,83,87,90,91,92,99" m="31008,30752" machi="42" ten="40,8000,1" yaku="1,1,52,2,54,1,53,0" doraHai="2" doraHaiUra="0" who="1" fromWho="0" sc="360,-82,340,102,330,0,0,0" /><INIT seed="1,0,0,4,3,96" ten="278,442,330,0" oya="1" hai0="126,37,130,33,100,98,135,116,104,38,106,127,114" hai1="102,80,75,79,133,64,63,95,73,128,117,46,61" hai2="125,65,58,99,90,74,87,0,2,110,44,112,121" hai3=""/><U32/><E117/><V97/><N who="2" m="31008" /><V78/><F110/><T49/><D33/><U53/><E32/><V122/><N who="2" m="31264" /><V89/><F125/><T39/><D116/><U91/><E133/><V124/><F124/><N who="0" m="47658" /><D114/><U60/><E128/><V55/><F112/><T85/><D130/><U62/><E75/><V42/><F65/><T94/><D135/><U34/><E34/><V52/><F74/><T59/><D85/><U93/><E102/><V118/><F118/><T54/><AGARI ba="0,0" hai="37,38,39,49,54,59,94,98,100,104,106" m="47658" machi="54" ten="40,2000,0" yaku="18,1,52,1" doraHai="96" who="0" fromWho="0" sc="278,20,442,-13,330,-7,0,0" /><INIT seed="2,0,0,5,1,76" ten="298,429,323,0" oya="2" hai0="63,32,68,91,48,96,100,78,99,102,2,39,58" hai1="116,55,108,51,119,124,67,107,70,62,38,79,49" hai2="40,42,92,128,86,0,103,56,61,135,127,60,111" hai3=""/><V101/><F0/><T118/><D32/><U115/><E107/><V93/><F127/><T59/><D39/><U71/><E115/><V64/><F135/><T83/><D2/><U36/><E79/><V74/><F74/><T57/><D118/><N who="1" m="45099" /><E108/><V47/><F128/><T125/><D125/><U54/><E71/><V65/><F111/><T85/><D48/><N who="1" m="18507" /><E124/><V98/><F47/><T112/><D112/><U1/><E1/><V35/><F35/><T129/><D129/><U109/><E109/><V84/><F56/><T46/><D46/><U105/><E105/><V94/><REACH who="2" step="1"/><F94/><REACH who="2" ten="298,429,313,0" step="2"/><T113/><D113/><U110/><E110/><V122/><N who="2" m="31264" /><V126/><F126/><T69/><D69/><U33/><E33/><V53/><F53/><AGARI ba="0,1" hai="36,38,53,54,55,62,67,70" m="18507,45099" machi="53" ten="30,3900,0" yaku="12,1,34,2" doraHai="76" who="1" fromWho="2" sc="298,0,429,49,313,-39,0,0" /><INIT seed="4,0,0,2,3,128" ten="298,478,274,0" oya="0" hai0="52,117,131,91,98,116,48,60,50,107,54,135,88" hai1="2,55,64,36,95,130,80,0,106,100,56,134,108" hai2="59,49,104,133,132,78,110,87,119,37,53,123,40" hai3=""/><T33/><D33/><U35/><E108/><V83/><N who="2" m="31520" /><V86/><F110/><T85/><D131/><U109/><E109/><V51/><F119/><T70/><D135/><N who="2" m="51786" /><F104/><T113/><D113/><U44/><E35/><V94/><F37/><T121/><N who="0" m="31008" /><T74/><D74/><U97/><E130/><V118/><F118/><T114/><D114/><U32/><E32/><V120/><N who="2" m="30752" /><V103/><F103/><T68/><D60/><U34/><E34/><V115/><F115/><T38/><D38/><U126/><E134/><V71/><F71/><T47/><D107/><U69/><E106/><V122/><N who="2" m="31264" /><V43/><F51/><T63/><D63/><U84/><E69/><V92/><F87/><T96/><D85/><U77/><E36/><V76/><F76/><T90/><D90/><U3/><E3/><V93/><AGARI ba="0,0" hai="40,43,49,53,59,78,83,86,92,93,94" m="31264,30752,51786,31520" machi="93" ten="30,9000,2" yaku="20,1,52,6" doraHai="128" who="2" fromWho="2" sc="298,-60,478,-30,274,90,0,0" /><INIT seed="5,0,0,0,1,135" ten="238,448,364,0" oya="1" hai0="67,132,113,111,95,94,115,36,72,82,109,54,108" hai1="126,99,0,77,81,84,83,122,98,60,64,52,63" hai2="103,133,44,87,70,96,1,46,47,61,39,86,88" hai3=""/><U101/><N who="1" m="31264" /><U112/><E0/><V40/><F1/><T128/><D36/><U123/><N who="1" m="31520" /><U50/><E112/><N who="0" m="43081" /><D67/><U92/><E126/><V62/><F133/><T51/><D51/><U33/><E33/><V116/><F87/><T48/><D48/><U117/><E117/><V49/><F116/><T119/><D119/><U78/><E99/><V110/><F110/><N who="0" m="28162" /><T124/><DORA hai="37" /><D132/><U43/><E43/><V80/><F70/><T85/><D54/><U121/><N who="1" m="31008" /><U38/><E38/><V74/><F47/><T76/><D128/><U65/><E64/><V57/><F57/><T59/><D59/><U127/><E65/><V34/><F34/><T105/><D105/><U125/><E127/><V58/><F58/><T3/><D3/><U93/><E125/><V107/><F46/><T102/><D124/><U120/><N who="1" m="30752" /><U118/><E118/><V104/><F39/><T130/><D130/><U91/><E60/><V100/><F62/><T114/><N who="0" m="43089" /><T131/><DORA hai="69" /><D131/><U35/><E63/><V42/><F61/><T129/><D129/><U97/><E35/><V73/><F40/><T55/><D55/><U90/><E52/><V41/><F41/><T79/><D102/><U56/><E56/><RYUUKYOKU ba="0,0" sc="238,10,448,-20,364,10,0,0" hai0="72,76,79,82,85,94,95" hai2="42,44,49,73,74,80,86,88,96,100,103,104,107" /><INIT seed="6,1,0,3,0,105" ten="248,428,374,0" oya="2" hai0="112,97,90,64,114,67,32,132,56,133,103,108,0" hai1="117,78,38,122,101,43,91,83,92,77,61,46,95" hai2="33,89,73,42,45,40,49,82,85,60,63,129,99" hai3=""/><V125/><F125/><T123/><N who="0" m="31520" /><T135/><D0/><U118/><N who="1" m="31264" /><U69/><E101/><V106/><F129/><T47/><D32/><U131/><E131/><V36/><F33/><T70/><D70/><U55/><E78/><V121/><N who="2" m="31008" /><V113/><F113/><N who="0" m="43626" /><D108/><U96/><E95/><V98/><F40/><T44/><D90/><U75/><E69/><V62/><F106/><T86/><D86/><U88/><E91/><V116/><F116/><T37/><D97/><U134/><E134/><V1/><F1/><T109/><D103/><U126/><E126/><V128/><F128/><T66/><D109/><U58/><AGARI ba="1,0" hai="38,43,46,55,58,61,75,77,83,88,92,96,117,118" m="31264" machi="58" ten="30,5900,0" yaku="0,1,52,2,54,1" doraHai="105" who="1" fromWho="1" sc="248,-21,428,61,374,-40,0,0" owari="227,-37.0,489,44.0,334,-7.0,0,0.0" /></mjloggm>