<mjloggm ver="2.3"><GO type="169" lobby="0"/><UN n0="%77%73%62%61" n1="%E3%81%8B%E3%81%A5%E3%81%8D%EF%BC%B8%EF%BC%A9" n2="%E3%81%82%E3%81%9F%E3%81%8B%E3%81%AA" n3="%E5%A4%A9%E3%83%8E%E6%96%91%E9%A7%92" dan="16,16,17,16" rate="2114.99,2117.20,2149.32,2083.95" sx="M,M,M,M"/><TAIKYOKU oya="0"/><INIT seed="0,0,0,4,3,81" ten="250,250,250,250" oya="0" hai0="0,52,109,57,41,69,68,110,105,84,51,113,12" hai1="83,98,99,60,88,114,131,44,66,87,32,4,117" hai2="15,91,26,31,9,102,13,6,18,29,55,42,67" hai3="16,125,115,40,89,73,104,90,122,132,75,30,106"/><T7/><D113/><U63/><E32/><V92/><F67/><W25/><G115/><T71/><D105/><U37/><E117/><V36/><F36/><W93/><G40/><T101/><D101/><U121/><E121/><V94/><F42/><W124/><G122/><T108/><D0/><U79/><E131/><V61/><F102/><W134/><G30/><T48/><D7/><U3/><E63/><V39/><F39/><W100/><G25/><T135/><D12/><U70/><E79/><V22/><F94/><W11/><G11/><T130/><D135/><N who="3" m="51753" /><G16/><T49/><D130/><U107/><E107/><N who="3" m="41002" /><G100/><T28/><D28/><U21/><E21/><V97/><REACH who="2" step="1"/><F15/><REACH who="2" ten="250,250,240,250" step="2"/><W17/><G17/><T133/><D133/><U86/><E114/><V5/><F5/><W95/><G95/><T47/><REACH who="0" step="1"/><D84/><REACH who="0" ten="240,250,240,250" step="2"/><U129/><E129/><V126/><F126/><N who="3" m="48747" /><G93/><T123/><D123/><U128/><E128/><V78/><F78/><W14/><G14/><T72/><D72/><AGARI ba="0,2" hai="72,73,75,89,90" m="48747,41002,51753" machi="72" ten="40,12000,2" yaku="28,2,20,1,18,1,34,2" doraHai="81" who="3" fromWho="0" sc="240,-120,250,0,240,0,250,140" /><INIT seed="1,0,0,4,2,17" ten="120,250,240,390" oya="1" hai0="102,80,31,4,83,43,110,88,122,91,120,23,52" hai1="98,112,24,55,3,65,53,118,8,59,16,125,117" hai2="36,85,47,1,108,10,101,128,14,45,107,129,68" hai3="99,86,60,44,95,51,124,33,103,93,5,9,134"/><U46/><E112/><V119/><F119/><W56/><G33/><T97/><D4/><U64/><E125/><V72/><F72/><W50/><G124/><T126/><D43/><U20/><E46/><V82/><F68/><W21/><G134/><T71/><D71/><U75/><E75/><V127/><F127/><W11/><G86/><T49/><D110/><U58/><E98/><N who="2" m="61879" /><F1/><W105/><G50/><T123/><D126/><U100/><E100/><V34/><F34/><W6/><G21/><T32/><D32/><U67/><E3/><V131/><F36/><W73/><G73/><T27/><D80/><U76/><E76/><N who="2" m="46279" /><F108/><W57/><G57/><N who="1" m="21514" /><E118/><V96/><F96/><W70/><G70/><T29/><D83/><U25/><E117/><V84/><F84/><W18/><G18/><AGARI ba="0,0" hai="10,14,18,45,47,128,129,131" m="46279,61879" machi="18" ten="30,1000,0" yaku="19,1" doraHai="17" who="2" fromWho="3" sc="120,0,250,0,240,10,390,-10" /><INIT seed="2,0,0,4,1,46" ten="120,250,250,380" oya="2" hai0="55,35,2,133,19,9,29,112,43,48,30,51,99" hai1="56,28,127,91,10,58,12,114,22,8,4,33,78" hai2="92,111,82,121,41,60,110,132,71,57,98,119,118" hai3="70,1,125,61,62,34,68,75,101,18,100,88,40"/><V32/><F32/><W14/><G75/><T128/><D112/><U72/><E114/><V124/><F121/><W129/><G1/><T64/><D133/><U117/><E117/><V86/><F71/><W65/><G34/><T69/><D128/><U6/><E78/><N who="2" m="46423" /><F41/><W102/><G129/><T45/><D35/><U115/><E72/><V0/><F0/><W42/><G125/><T16/><D99/><U97/><E115/><V93/><F57/><W39/><G39/><T84/><D64/><U15/><E127/><V27/><F27/><W120/><G120/><T54/><D69/><U96/><E33/><V105/><F60/><W74/><G74/><T113/><D113/><U94/><E97/><V79/><F79/><W107/><G107/><T38/><D84/><U50/><E50/><V23/><F23/><W3/><G3/><T37/><D2/><U24/><AGARI ba="0,0" hai="4,6,8,10,12,15,22,24,28,56,58,91,94,96" machi="24" ten="30,4000,0" yaku="0,1,9,1,8,1" doraHai="46" who="1" fromWho="1" sc="120,-10,250,40,250,-20,380,-10" /><INIT seed="3,0,0,0,5,132" ten="110,290,230,370" oya="3" hai0="42,89,114,116,51,69,28,77,127,68,16,17,129" hai1="110,8,118,21,92,105,26,59,117,48,91,74,40" hai2="10,108,109,4,125,82,9,62,88,50,115,45,123" hai3="104,25,93,54,90,63,58,97,6,19,67,73,101"/><W71/><G73/><T29/><D116/><N who="1" m="44651" /><E110/><N who="2" m="42603" /><F115/><W12/><G6/><T11/><D114/><U5/><E105/><V65/><F123/><W13/><G25/><T24/><D77/><U124/><E74/><V34/><F34/><W107/><G13/><T78/><D78/><U41/><E59/><V80/><F125/><W33/><G33/><T64/><D129/><U70/><E70/><N who="2" m="42295" /><F88/><W96/><G104/><T36/><D36/><U27/><E124/><V134/><F134/><W122/><G122/><T79/><D79/><U81/><E81/><N who="2" m="31339" /><F4/><W84/><G97/><T113/><D113/><U131/><E131/><V75/><F75/><W3/><G3/><T112/><D112/><U39/><E39/><V44/><F44/><W46/><G46/><T49/><D89/><U57/><E57/><V14/><F14/><W103/><G103/><T52/><D127/><U87/><E48/><V120/><F120/><W121/><G121/><T100/><D100/><U119/><N who="1" m="44659" /><U61/><DORA hai="38" /><E61/><V102/><F102/><W72/><G72/><T56/><D64/><U18/><E27/><V43/><AGARI ba="0,0" hai="9,10,43,45,50" m="31339,42295,42603" machi="43" ten="30,2000,0" yaku="14,1,52,1" doraHai="132,38" who="2" fromWho="2" sc="110,-5,290,-5,230,20,370,-10" /><INIT seed="4,0,0,3,0,83" ten="105,285,250,360" oya="0" hai0="90,27,98,131,56,105,59,44,13,36,28,134,107" hai1="34,60,76,88,40,26,8,45,117,46,55,25,102" hai2="130,9,77,58,92,41,121,79,81,87,118,35,43" hai3="33,54,3,114,71,111,108,37,48,73,17,129,74"/><T53/><D131/><U86/><E34/><V38/><F121/><W70/><G33/><T1/><D1/><U65/><E76/><V32/><F130/><W20/><G3/><T132/><D13/><U106/><E117/><V75/><F118/><W78/><G129/><T0/><D0/><U112/><E112/><V123/><F123/><W100/><G37/><T15/><D15/><U116/><E116/><V62/><F9/><W89/><G100/><T30/><D36/><U67/><E102/><V125/><F125/><W104/><G104/><T95/><D44/><U124/><E106/><V63/><F63/><W120/><G120/><T5/><D5/><U61/><E8/><V110/><F110/><W29/><G29/><T19/><D30/><U14/><E14/><V2/><F2/><W7/><G7/><T101/><D59/><U103/><E103/><V68/><F68/><W122/><G122/><T49/><D19/><U113/><E124/><V22/><F22/><W31/><G31/><T135/><REACH who="0" step="1"/><D101/><REACH who="0" ten="95,285,250,360" step="2"/><U72/><E46/><V66/><F38/><W82/><G17/><T6/><D6/><U91/><E45/><V85/><F35/><AGARI ba="0,1" hai="27,28,35,49,53,56,90,95,98,105,107,132,134,135" machi="35" ten="40,3900,0" yaku="1,1,20,1,53,0" doraHai="83" doraHaiUra="18" who="0" fromWho="2" sc="95,49,285,0,250,-39,360,0" /><INIT seed="4,1,0,5,1,94" ten="144,285,211,360" oya="0" hai0="17,93,72,99,123,78,15,49,132,22,105,41,109" hai1="101,44,73,62,71,35,57,42,86,59,90,64,53" hai2="60,12,134,50,83,13,81,100,75,131,4,16,33" hai3="68,118,106,25,80,70,32,0,29,87,76,82,110"/><T28/><D123/><U113/><E73/><V36/><F36/><W38/><G110/><T120/><D120/><U61/><E35/><V3/><F3/><W48/><G38/><T5/><D109/><U54/><E113/><V74/><F33/><W85/><G0/><T114/><D114/><U65/><E101/><V117/><F134/><W66/><G118/><T96/><D132/><U26/><E26/><V9/><F131/><W122/><G122/><T58/><D28/><U52/><E90/><V115/><F115/><W133/><G133/><T92/><D5/><U108/><E86/><V77/><F117/><W89/><G106/><T126/><D126/><U79/><E79/><V129/><F129/><W104/><G104/><T18/><D105/><U30/><E30/><V14/><F100/><W19/><G66/><T47/><D58/><N who="1" m="36951" /><E108/><V97/><F97/><N who="0" m="37450" /><D78/><U135/><E135/><V10/><F4/><W130/><G130/><T6/><D72/><U88/><E88/><V95/><F77/><W63/><G63/><T1/><D1/><U39/><AGARI ba="1,0" hai="39,42,44,52,53,54,57,59,61,65,71" m="36951" machi="39" ten="30,12000,2" yaku="35,5,54,1" doraHai="94" who="1" fromWho="1" sc="144,-61,285,123,211,-31,360,-31" /><INIT seed="5,0,0,1,0,33" ten="83,408,180,329" oya="1" hai0="112,64,21,122,100,3,82,25,115,4,15,7,45" hai1="93,119,94,16,19,131,5,102,118,34,77,129,134" hai2="79,88,92,84,47,70,117,69,116,44,22,74,0" hai3="67,106,60,83,28,107,20,27,81,105,36,71,135"/><U90/><E34/><V41/><F0/><W6/><G36/><T50/><D64/><U58/><E77/><V13/><F47/><W120/><G120/><T62/><D62/><U30/><E30/><V133/><F133/><W39/><G39/><T109/><D109/><U43/><E43/><V123/><F123/><W12/><REACH who="3" step="1"/><G135/><REACH who="3" ten="83,408,180,319" step="2"/><T121/><D122/><U52/><E134/><V66/><F116/><W48/><G48/><T56/><D121/><U99/><E119/><V111/><F117/><W96/><G96/><T35/><D50/><N who="1" m="30999" /><E118/><V54/><F111/><W2/><G2/><T57/><D3/><U11/><E131/><V113/><F113/><W85/><G85/><T24/><D112/><U9/><E129/><V14/><F84/><W132/><G132/><T130/><D115/><U38/><E38/><V63/><F74/><W110/><G110/><T49/><D49/><U59/><E59/><V103/><F69/><W55/><G55/><T37/><D57/><U97/><E5/><V32/><F54/><W42/><G42/><T127/><D4/><U29/><E29/><V26/><F41/><W31/><G31/><T1/><D7/><U8/><AGARI ba="0,1" hai="8,9,11,16,19,90,93,94,97,99,102" m="30999" machi="8" ten="30,6000,0" yaku="8,1,54,2" doraHai="33" who="1" fromWho="1" sc="83,-20,408,70,180,-20,319,-20" /><INIT seed="5,1,0,3,4,54" ten="63,478,160,299" oya="1" hai0="71,96,27,111,48,22,60,58,11,18,56,29,34" hai1="68,9,59,132,76,115,30,16,116,4,105,13,37" hai2="108,23,47,40,61,49,83,93,25,120,110,5,95" hai3="75,88,129,134,74,73,32,82,2,106,97,1,8"/><U86/><E68/><V112/><F120/><W38/><G32/><T69/><D111/><U39/><E105/><V15/><F110/><W99/><G38/><T55/><D11/><U127/><E116/><V101/><F108/><W26/><G26/><T113/><D113/><U64/><E132/><V17/><F112/><W31/><G31/><T135/><D135/><U28/><E115/><V0/><F0/><W78/><G134/><T3/><D3/><U122/><E122/><V66/><F101/><N who="3" m="62767" /><G8/><T20/><D96/><U117/><E117/><V85/><F5/><W46/><G46/><T35/><D35/><U42/><E42/><V79/><REACH who="2" step="1"/><F25/><REACH who="2" ten="63,478,150,299" step="2"/><W119/><G2/><T90/><D90/><U128/><E4/><V94/><F94/><N who="3" m="56775" /><G1/><T109/><D109/><U21/><E13/><V6/><F6/><W107/><G119/><T52/><D34/><U91/><E30/><V63/><F63/><W92/><G107/><T67/><D67/><U103/><E64/><V65/><F65/><W81/><G129/><T87/><D87/><U104/><E86/><V57/><AGARI ba="1,1" hai="15,17,23,40,47,49,57,61,66,79,83,85,93,95" machi="57" ten="20,12000,2" yaku="1,1,0,1,7,1,8,1,52,1,53,1" doraHai="54" doraHaiUra="77" who="2" fromWho="2" sc="63,-31,478,-61,150,133,299,-31" /><INIT seed="6,0,0,2,5,134" ten="32,417,283,268" oya="2" hai0="131,103,106,93,67,83,80,50,47,113,44,7,17" hai1="6,97,133,45,101,124,53,37,79,116,112,128,40" hai2="21,96,102,74,31,62,127,27,126,5,91,54,120" hai3="56,125,39,104,132,94,98,4,60,82,90,129,123"/><V59/><F120/><W68/><G123/><T41/><D106/><U12/><E116/><V11/><F74/><W95/><G39/><T9/><D113/><U52/><E112/><V66/><F91/><W22/><G68/><T26/><D131/><U64/><E133/><V15/><REACH who="2" step="1"/><F54/><REACH who="2" ten="32,417,273,268" step="2"/><W88/><G132/><T110/><D110/><U115/><E53/><V58/><F58/><W107/><G129/><T25/><D67/><U57/><E64/><V75/><F75/><W85/><G82/><T100/><D80/><U28/><E52/><V76/><F76/><W8/><G125/><T48/><D83/><U81/><E57/><V89/><F89/><W35/><G56/><T61/><D100/><U71/><E124/><V72/><F72/><W13/><G85/><T70/><D103/><U84/><E128/><V111/><F111/><W105/><G88/><T43/><D70/><U135/><E71/><V55/><F55/><W16/><G90/><T78/><D78/><U30/><E115/><V46/><F46/><W77/><G77/><T63/><D93/><AGARI ba="0,1" hai="5,11,15,21,27,31,59,62,66,93,96,102,126,127" machi="93" ten="40,12000,1" yaku="1,1,25,2,52,2,53,0" doraHai="134" doraHaiUra="117" who="2" fromWho="0" sc="32,-120,417,0,273,130,268,0" owari="-88,-59.0,417,52.0,403,20.0,268,-13.0" /></mjloggm>