<mjloggm ver="2.3"><GO type="169" lobby="0"/><UN n0="%E3%83%8E%E3%82%AA%E3%83%81%E3%83%A3%E3%83%99%E3%82%B9" n1="%E5%8D%97%E6%96%97%E3%82%B7%E3%83%B3" n2="%E5%9C%A8%E5%8E%9F%E4%B8%83%E6%B5%B7%E5%A4%A7%E5%A5%BD%E3%81%8D" n3="%E9%98%BF%E9%83%A8%E5%AF%9B%EF%BC%A0%E9%B3%B3%E5%8D%93" dan="16,16,18,16" rate="2199.27,2092.12,2203.58,2057.15" sx="M,M,M,F"/><TAIKYOKU oya="0"/><INIT seed="0,0,0,2,2,78" ten="250,250,250,250" oya="0" hai0="91,73,86,37,69,85,107,120,61,131,6,28,47" hai1="5,106,122,112,121,84,59,14,92,15,113,53,63" hai2="82,21,48,32,116,75,66,13,9,49,103,62,35" hai3="4,72,80,30,51,0,118,101,44,10,70,99,109"/><T105/><D73/><U22/><E106/><V100/><F116/><W27/><G118/><T45/><D120/><U52/><E53/><V94/><F32/><W125/><G109/><T128/><D6/><U36/><E36/><V64/><F35/><W43/><G70/><T90/><D28/><U79/><E22/><V87/><F75/><W34/><G125/><T20/><D20/><U89/><E79/><V74/><F21/><W16/><G72/><T39/><D61/><U2/><E2/><V55/><F49/><W31/><G80/><T29/><D29/><U11/><REACH who="1" step="1"/><E15/><REACH who="1" ten="250,240,250,250" step="2"/><V65/><F66/><W7/><G34/><T24/><REACH who="0" step="1"/><D69/><REACH who="0" ten="240,240,250,250" step="2"/><U56/><E56/><V96/><F65/><W93/><G30/><T124/><D124/><U130/><E130/><V115/><F64/><W83/><G31/><T71/><D71/><U117/><E117/><V33/><F33/><W126/><G126/><T81/><D81/><U108/><E108/><V98/><F82/><W129/><G129/><T58/><D58/><U3/><E3/><V132/><F9/><W19/><G83/><T23/><D23/><U119/><E119/><V17/><F62/><W135/><G10/><T18/><D18/><U77/><E77/><V133/><F17/><W60/><G16/><T127/><D127/><U41/><E41/><V67/><F67/><W111/><G111/><T68/><D68/><U102/><E102/><V97/><F103/><N who="3" m="60911" /><G19/><T104/><D104/><U12/><E12/><V123/><F13/><W114/><G101/><T88/><D88/><U110/><E110/><V25/><F100/><RYUUKYOKU ba="0,2" sc="240,15,240,15,250,-15,250,-15" hai0="24,37,39,45,47,85,86,90,91,105,107,128,131" hai1="5,11,14,52,59,63,84,89,92,112,113,121,122" /><INIT seed="0,1,2,1,1,24" ten="255,255,235,235" oya="0" hai0="64,96,112,115,85,41,22,60,128,46,105,94,91" hai1="18,25,130,109,110,61,67,55,104,11,35,103,118" hai2="76,78,44,77,39,119,40,27,75,6,53,132,88" hai3="134,45,1,13,80,42,135,19,26,117,48,57,107"/><T82/><D105/><U17/><E118/><V111/><F111/><N who="1" m="42505" /><E130/><V38/><F132/><N who="3" m="50731" /><G107/><T37/><D128/><U52/><E104/><V124/><F124/><W114/><G117/><T93/><D22/><N who="1" m="13519" /><E103/><V68/><F75/><W15/><G1/><T121/><D121/><U31/><E35/><V123/><F123/><W34/><G114/><T30/><D93/><U87/><E31/><V63/><F38/><N who="3" m="21719" /><G80/><T98/><D30/><U131/><E131/><V99/><F39/><W8/><G15/><T51/><D37/><U20/><E87/><V54/><F99/><W92/><G92/><T84/><D84/><U133/><E11/><V102/><F119/><W65/><G34/><T127/><D127/><U106/><E106/><V62/><F102/><W10/><G10/><T49/><D49/><U7/><E7/><V73/><F6/><W56/><G26/><T14/><D14/><N who="1" m="9303" /><E133/><V70/><F27/><W50/><G65/><T81/><D81/><U83/><E83/><V58/><F73/><W28/><G28/><T120/><D120/><U12/><E12/><V79/><F77/><W43/><G50/><T33/><D33/><U122/><E122/><V86/><F78/><W113/><G113/><T66/><D66/><U69/><AGARI ba="1,2" hai="52,55,61,67,69" m="9303,13519,42505" machi="69" ten="30,2000,0" yaku="14,1,54,1" doraHai="24" who="1" fromWho="1" sc="255,-11,255,43,235,-6,235,-6" /><INIT seed="1,0,0,4,2,135" ten="244,298,229,229" oya="1" hai0="114,120,85,77,71,111,68,69,24,65,9,36,1" hai1="30,15,11,58,101,123,61,92,100,95,44,18,84" hai2="127,107,12,124,112,8,87,31,70,64,97,72,28" hai3="49,81,21,66,129,133,105,6,102,42,7,109,51"/><U93/><E123/><V29/><F72/><W108/><G133/><T32/><D114/><U63/><E30/><V78/><F64/><W52/><G66/><T40/><D85/><U67/><E63/><V27/><F70/><W33/><G33/><T60/><D120/><U0/><E0/><V43/><F43/><W121/><G42/><T50/><D50/><U118/><E118/><V39/><F39/><W5/><G129/><T41/><D41/><U20/><E44/><V76/><F27/><W126/><G81/><T131/><D77/><U79/><REACH who="1" step="1"/><E20/><REACH who="1" ten="244,288,229,229" step="2"/><V19/><F112/><W103/><G21/><T10/><D131/><U110/><E110/><V82/><REACH who="2" step="1"/><F78/><REACH who="2" ten="244,288,219,229" step="2"/><W53/><G121/><T37/><D71/><U26/><E26/><V35/><F35/><W3/><G109/><T47/><D111/><U90/><E90/><V117/><F117/><W89/><G108/><T73/><D69/><U88/><E88/><V94/><F94/><W38/><G89/><T75/><D24/><U22/><E22/><V46/><F46/><W122/><G122/><T23/><D23/><U59/><E59/><V130/><F130/><W115/><G115/><T96/><D32/><U4/><E4/><V99/><F99/><W54/><G6/><N who="0" m="1231" /><D37/><U106/><E106/><V86/><F86/><W83/><G5/><T62/><D96/><U34/><E34/><V74/><F74/><W128/><G7/><T56/><D10/><U132/><E132/><V91/><F91/><W98/><G98/><T17/><D17/><U16/><E16/><V80/><F80/><AGARI ba="0,2" hai="11,15,18,58,61,67,79,80,84,92,93,95,100,101" machi="80" ten="40,3900,0" yaku="1,1,8,1,53,0" doraHai="135" doraHaiUra="2" who="1" fromWho="2" sc="244,0,288,59,219,-39,229,0" /><INIT seed="1,1,0,2,5,82" ten="244,347,180,229" oya="1" hai0="81,38,121,77,79,55,97,126,32,120,23,110,51" hai1="9,90,130,111,20,19,22,56,27,46,135,74,47" hai2="60,102,113,114,5,25,64,72,14,62,132,11,15" hai3="124,122,109,100,24,49,86,40,66,89,63,0,58"/><U71/><E71/><V35/><F72/><W39/><G122/><T8/><D32/><U91/><E130/><V18/><F132/><W42/><G0/><T10/><D38/><U44/><E135/><V16/><F102/><W128/><G128/><T69/><D69/><U53/><E74/><V87/><F87/><W107/><G109/><T80/><D110/><U31/><E9/><N who="2" m="6223" /><F60/><W65/><G39/><T125/><D23/><U17/><E111/><V131/><F62/><W133/><G100/><T73/><D97/><U12/><REACH who="1" step="1"/><E31/><REACH who="1" ten="244,337,180,229" step="2"/><N who="2" m="19951" /><F131/><W129/><G129/><T59/><D10/><U57/><E57/><V116/><F116/><W61/><G58/><T106/><D8/><U37/><E37/><V104/><F104/><W123/><G107/><T99/><D120/><U105/><E105/><V75/><F75/><W28/><G123/><T92/><D106/><U36/><E36/><V70/><F70/><W54/><G28/><T41/><D121/><U112/><E112/><N who="2" m="43115" /><F64/><W101/><G66/><T96/><D73/><U78/><E78/><V88/><F88/><W21/><G65/><T119/><D119/><U127/><E127/><V13/><F18/><N who="3" m="12343" /><G89/><T33/><D79/><U34/><E34/><V52/><F52/><W68/><G54/><T83/><D77/><U117/><E117/><V95/><F11/><W50/><G133/><T84/><D33/><U43/><E43/><V30/><F30/><W93/><G40/><T29/><D29/><U2/><E2/><V67/><F67/><W45/><G42/><T108/><D41/><U1/><E1/><V6/><F5/><RYUUKYOKU ba="1,1" sc="244,-10,337,30,180,-10,229,-10" hai1="12,17,19,20,22,27,44,46,47,53,56,90,91" /><INIT seed="1,2,1,5,5,119" ten="234,367,170,219" oya="1" hai0="80,110,13,30,10,90,1,35,109,21,69,34,31" hai1="71,58,36,29,114,4,97,122,33,107,133,83,65" hai2="108,44,126,5,38,86,18,101,22,61,49,9,2" hai3="59,27,25,115,78,70,15,81,127,77,79,52,76"/><U102/><E114/><V87/><F108/><N who="0" m="41578" /><D69/><U6/><E133/><V100/><F38/><W106/><G70/><T120/><D90/><U75/><E36/><V92/><F61/><W64/><G64/><T23/><D80/><U104/><E104/><V99/><F101/><W16/><G106/><T12/><D1/><U123/><E58/><V0/><F2/><W55/><G127/><T112/><D112/><U11/><E4/><V53/><REACH who="2" step="1"/><F126/><REACH who="2" ten="234,367,160,219" step="2"/><W7/><G115/><T32/><D120/><U54/><E123/><V37/><F37/><W50/><G7/><N who="0" m="3167" /><D23/><U73/><E122/><V47/><F47/><W82/><G55/><T51/><D51/><U74/><E65/><V134/><F134/><W43/><G43/><T60/><D60/><U96/><E54/><V89/><F89/><W40/><G40/><T135/><D135/><U24/><E71/><V105/><F105/><W84/><REACH who="3" step="1"/><G82/><REACH who="3" ten="234,367,160,209" step="2"/><T129/><D129/><U132/><E132/><V45/><F45/><W8/><AGARI ba="2,3" hai="8,15,16,25,27,50,52,59,76,77,78,79,81,84" machi="8" ten="30,12000,2" yaku="1,1,2,1,0,1,8,1,54,2,53,0" doraHai="119" doraHaiUra="113" who="3" fromWho="3" sc="234,-32,367,-62,160,-32,209,156" /><INIT seed="2,0,0,3,2,89" ten="202,305,128,365" oya="2" hai0="55,121,17,71,82,94,45,36,39,107,51,78,110" hai1="1,134,122,41,42,133,131,8,61,66,114,32,4" hai2="50,62,98,103,14,108,0,90,28,40,49,67,87" hai3="3,83,102,105,38,54,70,23,84,34,31,10,100"/><V6/><F0/><W26/><G38/><T25/><D107/><U99/><E114/><V129/><F129/><W19/><G70/><T113/><D113/><U118/><E118/><V85/><F28/><W68/><G68/><T69/><D69/><N who="1" m="42191" /><E131/><V101/><F87/><W75/><G75/><T24/><D71/><U46/><E32/><V124/><F124/><W106/><G106/><T112/><D112/><U81/><E99/><V58/><F40/><W93/><G105/><T37/><D121/><U92/><E92/><N who="2" m="58567" /><F103/><W79/><G54/><T95/><D110/><U27/><E81/><N who="2" m="49455" /><F108/><W76/><G76/><T47/><D47/><U43/><E122/><V80/><F80/><W65/><G65/><T12/><D25/><U11/><E27/><V5/><F5/><N who="3" m="1343" /><G93/><T120/><D24/><U104/><E104/><V74/><F74/><W59/><G102/><T116/><D116/><U57/><E4/><V63/><F63/><W30/><G100/><T77/><D120/><U48/><E1/><V18/><F18/><W29/><G34/><T132/><D78/><U53/><E42/><V64/><F64/><W91/><G79/><T127/><D127/><U44/><E41/><V115/><F115/><W13/><G30/><T88/><D88/><U123/><E123/><V117/><F117/><W9/><G31/><T97/><D97/><U126/><E126/><V2/><F2/><W130/><G130/><T109/><D109/><U96/><E96/><V22/><F22/><W21/><G23/><N who="0" m="11687" /><D132/><N who="1" m="50795" /><E43/><V52/><F67/><W33/><G33/><T125/><D125/><U111/><E111/><RYUUKYOKU ba="0,0" sc="202,0,305,0,128,0,365,0" hai0="36,37,39,45,51,55,77,82,94,95" hai1="8,11,44,46,48,53,57" hai2="6,14,49,50,52,58,62" hai3="9,13,19,21,26,29,59,83,84,91" /><INIT seed="2,1,0,1,2,7" ten="202,305,128,365" oya="2" hai0="64,57,76,3,122,127,129,102,44,54,11,80,58" hai1="128,118,21,83,10,28,68,93,5,31,92,36,97" hai2="130,134,6,115,120,16,8,84,23,12,125,19,99" hai3="67,34,112,109,73,59,126,90,69,133,82,33,72"/><V121/><F115/><W74/><G112/><T75/><D122/><N who="2" m="47210" /><F84/><W135/><G69/><T46/><D102/><U26/><E118/><V100/><F99/><W37/><G37/><T41/><D127/><U66/><E36/><V40/><F40/><W15/><G126/><T62/><D129/><U32/><E128/><V124/><F100/><W49/><G82/><T52/><D46/><U55/><E83/><V113/><F113/><W13/><G90/><T105/><D105/><U56/><E68/><V2/><F134/><N who="3" m="51211" /><G49/><T29/><D29/><U9/><E66/><V77/><F77/><W131/><G59/><T117/><D117/><U50/><E92/><V38/><F38/><W108/><G67/><T116/><D116/><U18/><E32/><N who="3" m="12394" /><G131/><T22/><D22/><U0/><REACH who="1" step="1"/><E10/><REACH who="1" ten="202,295,128,365" step="2"/><N who="2" m="2391" /><F130/><W51/><G51/><T96/><D96/><U63/><E63/><V110/><F110/><AGARI ba="1,1" hai="13,15,72,73,74,108,109,110" m="12394,51211" machi="110" ten="40,8000,1" yaku="28,2,14,1,20,1" doraHai="7" who="3" fromWho="2" sc="202,0,295,0,128,-83,365,93" /><INIT seed="3,0,0,5,2,103" ten="202,295,45,458" oya="3" hai0="28,106,102,23,77,110,12,114,100,119,131,60,9" hai1="88,125,45,30,86,80,118,68,64,58,91,122,39" hai2="33,11,37,52,19,115,135,43,56,71,3,20,31" hai3="13,25,90,116,97,69,117,79,127,113,98,107,87"/><W72/><G13/><T15/><D119/><N who="3" m="45641" /><G25/><T48/><D102/><U24/><E118/><V38/><F71/><W95/><G69/><T76/><D60/><U134/><E122/><V27/><F115/><W128/><G113/><T78/><D114/><U32/><E134/><V7/><F135/><W133/><G133/><T99/><D131/><U5/><E125/><V59/><F43/><W82/><G128/><T36/><D36/><U124/><E124/><V55/><F59/><W62/><G62/><T112/><D112/><U126/><E126/><V101/><F101/><N who="3" m="62903" /><G127/><T96/><D96/><AGARI ba="0,0" hai="72,79,82,87,90,95,96,97" m="62903,45641" machi="96" ten="30,11600,0" yaku="24,1,34,2,52,1" doraHai="103" who="3" fromWho="0" sc="202,-116,295,0,45,0,458,116" /><INIT seed="3,1,0,5,5,114" ten="86,295,45,574" oya="3" hai0="66,89,67,101,8,134,1,130,13,107,81,75,19" hai1="87,135,21,50,37,60,34,118,41,44,131,78,70" hai2="5,96,26,79,128,9,117,95,122,124,14,120,7" hai3="57,83,32,29,132,93,3,71,25,104,92,82,40"/><W17/><G71/><T98/><D130/><U51/><E34/><V31/><F79/><W10/><G104/><T84/><D134/><U115/><E21/><N who="2" m="15823" /><F96/><W59/><G40/><T22/><D1/><U52/><E87/><V103/><F95/><W121/><G121/><T116/><D116/><U20/><E20/><V88/><F88/><W27/><G132/><T12/><REACH who="0" step="1"/><D75/><REACH who="0" ten="76,295,45,574" step="2"/><U100/><E135/><V69/><F117/><W76/><G3/><T94/><D94/><U80/><E131/><V11/><F128/><W28/><G92/><T53/><D53/><U46/><E118/><V4/><F69/><W123/><G93/><T133/><D133/><U112/><E70/><V119/><F103/><W86/><G123/><N who="2" m="47145" /><F119/><W72/><G72/><T45/><D45/><U55/><E100/><V85/><F85/><W15/><G83/><T90/><D90/><U106/><E106/><V99/><F99/><W110/><G82/><T23/><D23/><U105/><E105/><V48/><F48/><W129/><G129/><T43/><D43/><N who="1" m="22639" /><E80/><V24/><F124/><W16/><G86/><T64/><D64/><U63/><E78/><V33/><F11/><W62/><G76/><T2/><D2/><U47/><E41/><V39/><F39/><W102/><G10/><T6/><AGARI ba="1,1" hai="6,8,12,13,19,22,66,67,81,84,89,98,101,107" machi="6" ten="20,2700,0" yaku="1,1,0,1,7,1,53,0" doraHai="114" doraHaiUra="126" who="0" fromWho="0" sc="76,40,295,-8,45,-8,574,-14" /><INIT seed="4,0,0,3,4,106" ten="116,287,37,560" oya="0" hai0="120,83,112,81,116,85,26,51,107,78,29,118,56" hai1="93,96,59,73,128,5,94,98,12,17,44,40,46" hai2="23,19,11,57,95,115,63,7,86,79,34,104,66" hai3="123,64,58,22,61,31,76,49,62,0,82,39,28"/><T126/><D120/><U60/><E128/><V70/><F104/><W36/><G0/><T35/><D107/><U52/><E73/><V8/><F34/><W18/><G123/><T25/><D112/><U55/><E5/><V10/><F115/><W50/><G39/><T100/><D100/><N who="1" m="60431" /><E55/><V105/><F105/><W47/><G36/><T80/><D126/><U90/><E40/><V108/><F108/><W69/><G69/><T114/><D114/><U133/><E133/><V6/><F70/><W3/><G3/><T102/><D102/><U130/><E130/><V48/><F48/><W45/><G62/><T72/><D80/><U121/><E121/><V32/><F32/><W71/><G71/><T37/><D37/><U135/><E135/><V2/><F2/><W103/><G103/><T42/><D26/><U53/><E53/><V30/><F30/><W38/><G38/><T68/><D68/><U54/><E54/><V65/><F65/><W134/><G49/><T101/><D101/><U131/><E131/><V43/><F43/><N who="3" m="24895" /><G47/><T110/><D110/><U89/><E89/><N who="2" m="53687" /><F79/><W109/><G109/><T129/><D129/><U24/><E24/><AGARI ba="0,0" hai="6,7,8,10,11,19,23,24,57,63,66" m="53687" machi="24" ten="30,1000,0" yaku="8,1" doraHai="106" who="2" fromWho="1" sc="116,0,287,-10,37,10,560,0" /><INIT seed="5,0,0,2,1,97" ten="116,277,47,560" oya="1" hai0="3,28,43,40,14,35,22,16,74,132,58,98,92" hai1="15,77,27,70,100,72,12,8,116,9,24,53,91" hai2="56,29,81,42,54,46,115,109,30,102,106,111,20" hai3="125,126,76,104,34,61,89,21,134,127,71,120,41"/><U60/><E116/><V50/><F115/><W26/><G120/><T128/><D74/><U124/><E124/><V119/><F119/><W44/><G134/><T45/><D132/><U49/><E72/><V55/><F111/><W59/><G71/><T6/><D128/><U110/><E77/><V107/><F109/><W19/><G34/><T37/><D43/><U84/><E110/><V23/><F107/><W57/><G104/><T121/><D121/><U101/><E60/><V68/><F68/><W117/><G117/><T39/><D39/><U36/><E36/><V112/><F112/><W86/><G61/><T133/><D133/><U66/><E66/><V67/><F106/><W108/><G76/><T32/><D28/><U25/><E70/><V88/><F102/><N who="1" m="39529" /><E8/><V62/><F30/><W0/><G0/><T135/><D135/><U85/><E91/><V82/><F82/><N who="3" m="49367" /><G108/><T52/><D3/><U5/><E12/><V4/><F4/><W93/><G126/><T64/><D64/><U83/><E83/><V47/><F29/><W129/><G127/><T80/><D80/><U95/><E95/><V99/><F67/><W94/><G125/><T7/><D35/><U123/><E123/><V79/><F79/><W2/><G2/><T18/><D32/><U131/><E131/><V105/><F105/><W75/><G129/><T78/><D78/><U1/><E1/><V114/><F114/><W11/><G11/><T118/><D118/><U113/><E113/><V51/><REACH who="2" step="1"/><F81/><REACH who="2" ten="116,277,37,560" step="2"/><W65/><G65/><T87/><D6/><U48/><E5/><V103/><F103/><RYUUKYOKU ba="0,1" sc="116,-10,277,-10,37,30,560,-10" hai2="20,23,42,46,47,50,51,54,55,56,62,88,99" /><INIT seed="6,1,1,0,4,135" ten="106,267,67,550" oya="2" hai0="50,21,64,75,51,116,73,46,81,34,128,48,59" hai1="62,5,123,95,114,27,106,109,127,58,53,56,90" hai2="45,15,14,37,104,122,120,12,65,30,80,86,42" hai3="103,13,89,19,129,82,11,79,101,70,32,29,23"/><V124/><F104/><W10/><G70/><T131/><D34/><U33/><E109/><V28/><F65/><W96/><G129/><N who="0" m="49739" /><D116/><U92/><E106/><V83/><F124/><W2/><G89/><T118/><D118/><U17/><E127/><V69/><F69/><W57/><G57/><T88/><D21/><N who="1" m="13743" /><E33/><V91/><REACH who="2" step="1"/><F83/><REACH who="2" ten="106,267,57,550" step="2"/><W61/><G82/><T68/><D68/><U40/><E123/><AGARI ba="1,2" hai="12,14,15,28,30,37,42,45,80,86,91,120,122,123" machi="123" ten="40,7700,0" yaku="1,1,2,1,53,1" doraHai="135" doraHaiUra="76" who="2" fromWho="1" sc="106,0,267,-80,57,100,550,0" /><INIT seed="6,2,0,3,0,132" ten="106,187,157,550" oya="2" hai0="65,102,46,11,4,113,84,52,131,104,72,76,0" hai1="59,110,47,51,123,58,86,97,17,53,80,117,114" hai2="1,93,82,56,73,105,5,21,68,125,49,63,29" hai3="3,103,23,119,95,60,31,122,18,7,34,129,66"/><V94/><F105/><W115/><G119/><T39/><D131/><U55/><E110/><V128/><F68/><W92/><G122/><T91/><D113/><U106/><E117/><V78/><F1/><W48/><G48/><T77/><D72/><U90/><E114/><V126/><F5/><W44/><G44/><T24/><D65/><U50/><E123/><V8/><F8/><N who="3" m="2175" /><G103/><T121/><D121/><U6/><E6/><V40/><F128/><W96/><G96/><T67/><D67/><U99/><E106/><V2/><F2/><W135/><G135/><T61/><D39/><U14/><E47/><N who="2" m="25831" /><F21/><AGARI ba="2,0" hai="14,17,21,50,51,53,55,58,59,80,86,90,97,99" machi="21" ten="30,3900,0" yaku="7,1,9,1,8,1" doraHai="132" who="1" fromWho="2" sc="106,0,187,45,157,-45,550,0" /><INIT seed="7,0,0,4,5,58" ten="106,232,112,550" oya="3" hai0="32,12,38,20,127,72,88,44,63,98,107,118,87" hai1="43,61,92,69,121,112,111,10,128,81,50,74,103" hai2="64,106,53,27,70,41,54,57,3,68,104,132,1" hai3="47,79,113,19,52,110,30,73,67,34,24,45,91"/><W46/><G113/><T14/><D32/><U23/><E23/><V97/><F132/><W102/><G110/><T55/><D72/><U129/><E10/><V120/><F120/><W126/><G126/><T11/><D118/><U109/><E103/><V6/><F27/><W22/><G102/><T60/><D127/><U95/><E81/><V28/><F28/><W39/><G67/><T37/><D107/><U15/><E15/><V133/><F41/><W42/><G91/><T96/><D38/><U86/><E43/><V18/><F18/><W2/><G2/><T125/><D37/><U85/><E85/><V75/><F75/><W80/><G52/><N who="2" m="20073" /><F97/><N who="0" m="37482" /><D20/><U7/><E74/><V134/><F57/><W119/><G119/><T108/><D108/><U105/><E105/><N who="2" m="40555" /><F64/><W90/><G90/><T77/><D77/><U114/><E111/><V83/><F83/><W4/><G4/><N who="0" m="3175" /><D14/><AGARI ba="0,0" hai="14,19,22,24,30,34,39,42,45,46,47,73,79,80" machi="14" ten="30,1500,0" yaku="7,1" doraHai="58" who="3" fromWho="0" sc="106,-15,232,0,112,0,550,15" owari="91,-41.0,232,3.0,112,-29.0,565,67.0" /></mjloggm>