<mjloggm ver="2.3"><GO type="185" lobby="0"/><UN n0="%E3%82%8A%E3%82%85%E3%81%99%E3%81%8F" n1="%65%6C%75%6C%75" n2="%E5%85%A5%E5%B7%A3%E6%9F%9A%E5%AE%9F" n3="" dan="16,17,16,0" rate="2216.99,2256.26,2200.89,1500.00" sx="M,M,F,C"/><TAIKYOKU oya="0"/><INIT seed="0,0,0,2,3,74" ten="350,350,350,0" oya="0" hai0="80,90,89,107,121,41,120,44,84,73,57,108,45" hai1="122,39,83,85,70,132,94,95,40,64,126,35,91" hai2="134,54,127,123,62,78,46,58,52,37,71,75,66" hai3=""/><T3/><N who="0" m="30752" /><T68/><N who="0" m="31008" /><T51/><D3/><U92/><N who="1" m="31264" /><U2/><E2/><V101/><N who="2" m="31520" /><V100/><F127/><T48/><D68/><U116/><E126/><V55/><F134/><T1/><D1/><U117/><E35/><V32/><F32/><T81/><D107/><U124/><E132/><V77/><F71/><T72/><D57/><U112/><E124/><V96/><F75/><T36/><D36/><U0/><E112/><V76/><REACH who="2" step="1"/><F96/><REACH who="2" ten="350,350,340,0" step="2"/><T114/><D114/><U50/><E0/><V79/><N who="2" m="19456" /><DORA hai="109" /><V133/><F133/><T98/><D108/><U103/><E70/><V47/><F47/><T93/><REACH who="0" step="1"/><D81/><REACH who="0" ten="340,350,340,0" step="2"/><U61/><E83/><V65/><F65/><T102/><D102/><U104/><E103/><V82/><F82/><T99/><D99/><U135/><E64/><V63/><F63/><T56/><D56/><U69/><E61/><V59/><F59/><T53/><AGARI ba="0,2" hai="41,44,45,48,51,53,72,73,80,84,89,90,93,98" m="31008,30752" machi="53" ten="20,12000,2" yaku="1,1,0,1,7,1,52,2,53,2" doraHai="74,109" doraHaiUra="86,111" who="0" fromWho="0" sc="340,140,350,-60,340,-60,0,0" /><INIT seed="0,1,0,2,5,57" ten="480,290,280,0" oya="0" hai0="99,39,43,1,123,62,104,106,102,37,32,100,108" hai1="94,54,77,47,78,112,70,115,60,81,40,75,90" hai2="120,82,122,119,33,58,64,79,109,129,49,48,73" hai3=""/><T61/><N who="0" m="31520" /><T51/><D32/><U117/><E117/><V130/><N who="2" m="30752" /><V38/><N who="2" m="31264" /><V83/><F38/><T72/><D1/><U127/><E127/><V110/><F33/><T34/><D34/><U96/><E78/><V133/><F133/><T132/><D72/><U67/><REACH who="1" step="1"/><E54/><REACH who="1" ten="480,280,280,0" step="2"/><V53/><F119/><T35/><D35/><U131/><E131/><V50/><F64/><T95/><D132/><U92/><E92/><V65/><F65/><T85/><D95/><U74/><E74/><V86/><F130/><T107/><D106/><U0/><E0/><V88/><REACH who="2" step="1"/><F129/><REACH who="2" ten="480,280,270,0" step="2"/><T69/><D39/><AGARI ba="1,2" hai="39,40,47,60,67,70,75,77,81,90,94,96,112,115" machi="39" ten="40,5200,0" yaku="1,1,52,1,53,1" doraHai="57" doraHaiUra="36" who="1" fromWho="0" sc="480,-54,280,74,270,0,0,0" /><INIT seed="1,0,0,5,2,60" ten="426,354,270,0" oya="1" hai0="32,52,106,0,78,58,86,57,116,129,37,135,73" hai1="65,114,46,134,89,96,68,54,53,56,36,48,33" hai2="44,94,120,123,85,43,38,63,104,66,97,87,64" hai3=""/><U75/><E33/><V111/><N who="2" m="30752" /><V93/><N who="2" m="31520" /><V117/><F117/><T121/><D57/><U132/><E75/><V91/><F111/><T67/><D67/><U103/><E89/><V119/><F119/><T42/><D52/><U2/><E2/><V92/><F104/><T62/><D58/><U124/><E114/><V39/><F39/><T61/><D62/><U101/><E124/><V77/><F77/><T113/><D61/><U122/><N who="1" m="31264" /><U98/><E68/><V34/><F34/><T59/><D59/><U95/><E65/><V84/><REACH who="2" step="1"/><F66/><REACH who="2" ten="426,354,260,0" step="2"/><T105/><D78/><U83/><E36/><V41/><F41/><T50/><D42/><U109/><E109/><V102/><F102/><T47/><D105/><U128/><E103/><V80/><F80/><T55/><D116/><U70/><E83/><V69/><AGARI ba="0,1" hai="38,43,44,63,64,69,84,85,87,91,92,93,94,97" m="31520,30752" machi="69" ten="30,12000,3" yaku="1,1,0,1,52,3,53,3" doraHai="60" doraHaiUra="82" who="2" fromWho="2" sc="426,-40,354,-80,260,130,0,0" /><INIT seed="2,0,0,4,2,36" ten="386,274,390,0" oya="2" hai0="109,69,127,92,129,88,34,48,93,123,135,2,63" hai1="40,44,103,32,125,97,112,71,107,64,111,55,0" hai2="41,113,87,128,90,68,132,120,126,61,102,106,115" hai3=""/><V81/><N who="2" m="30752" /><V33/><F33/><T76/><N who="0" m="31520" /><T59/><D34/><U70/><E32/><V38/><F126/><T37/><D37/><U101/><E0/><V96/><F132/><T121/><N who="0" m="31008" /><T117/><D2/><U80/><E112/><V133/><F128/><T83/><D117/><U42/><E125/><V91/><F133/><T82/><D127/><U95/><E111/><V130/><F130/><T53/><D109/><U3/><E3/><V99/><F96/><T60/><D129/><U79/><E103/><V39/><F39/><T131/><D131/><U108/><E107/><V65/><REACH who="2" step="1"/><F91/><REACH who="2" ten="386,274,380,0" step="2"/><T72/><D135/><U47/><E108/><V43/><F43/><T94/><REACH who="0" step="1"/><D69/><REACH who="0" ten="376,274,380,0" step="2"/><U85/><E71/><V110/><F110/><T84/><AGARI ba="0,2" hai="48,53,59,60,63,72,76,82,83,84,88,92,93,94" m="31008,31520" machi="84" ten="30,12000,3" yaku="1,1,2,1,0,1,52,2,54,1,53,2" doraHai="36" doraHaiUra="56" who="0" fromWho="0" sc="376,140,274,-40,380,-80,0,0" /><INIT seed="4,0,0,0,2,78" ten="516,234,300,0" oya="0" hai0="85,92,91,90,45,83,98,88,119,130,77,0,49" hai1="101,33,124,82,56,55,93,34,52,134,118,72,67" hai2="64,66,75,70,32,65,41,62,113,89,104,110,123" hai3=""/><T121/><N who="0" m="31008" /><T42/><D130/><U102/><E118/><V54/><N who="2" m="31520" /><V69/><F110/><T87/><D119/><U133/><E67/><V95/><F104/><T131/><D131/><U37/><E37/><V107/><F107/><T106/><REACH who="0" step="1"/><D0/><REACH who="0" ten="506,234,300,0" step="2"/><U111/><E111/><V51/><F32/><T116/><D116/><U115/><E33/><V100/><F113/><T105/><D105/><U99/><E34/><V2/><F2/><T108/><D108/><U74/><E115/><V58/><F75/><T61/><D61/><U109/><E109/><V86/><F100/><AGARI ba="0,1" hai="42,45,49,77,83,85,87,88,90,91,92,98,100,106" m="31008" machi="100" ten="40,12000,1" yaku="1,1,52,2,54,1,53,0" doraHai="78" doraHaiUra="114" who="0" fromWho="2" sc="506,130,234,0,300,-120,0,0" /><INIT seed="4,1,0,1,1,69" ten="636,234,180,0" oya="0" hai0="56,38,71,68,80,120,57,62,78,47,0,122,91" hai1="44,115,95,33,34,54,104,60,84,108,39,128,66" hai2="65,42,59,73,79,132,45,113,106,76,51,118,58" hai3=""/><T1/><N who="0" m="30752" /><T49/><N who="0" m="31264" /><T93/><D38/><U114/><E108/><V32/><F106/><T87/><D56/><U103/><E128/><V82/><F32/><T134/><D134/><U127/><E127/><V96/><F113/><T92/><D92/><U35/><E104/><V125/><F125/><T121/><N who="0" m="31008" /><T64/><D1/><U83/><E39/><V99/><F132/><T90/><D90/><U53/><E115/><V36/><F118/><T61/><D61/><U55/><E114/><V133/><F133/><T88/><D91/><U123/><N who="1" m="31520" /><U50/><E95/><V74/><F59/><T48/><D48/><U89/><REACH who="1" step="1"/><E103/><REACH who="1" ten="636,224,180,0" step="2"/><V86/><F36/><T109/><D109/><U117/><E117/><V43/><F99/><T116/><D116/><U85/><E85/><V67/><F96/><T72/><REACH who="0" step="1"/><D0/><REACH who="0" ten="626,224,180,0" step="2"/><U97/><E97/><V98/><F98/><T124/><D124/><U100/><E100/><V94/><F94/><T2/><D2/><U131/><E131/><V129/><F129/><T70/><D70/><AGARI ba="1,2" hai="33,34,35,44,50,53,54,55,60,66,70,83,84,89" m="31520" machi="70" ten="40,5200,0" yaku="1,1,52,1,53,1" doraHai="69" doraHaiUra="77" who="1" fromWho="0" sc="626,-54,224,74,180,0,0,0" /><INIT seed="5,0,0,1,1,111" ten="572,298,180,0" oya="1" hai0="1,126,68,54,95,114,52,2,129,131,34,39,90" hai1="73,70,59,35,53,86,116,122,101,99,51,57,38" hai2="49,105,123,55,110,58,50,93,76,43,109,72,104" hai3=""/><U100/><N who="1" m="31264" /><U82/><E70/><V120/><N who="2" m="30752" /><V60/><N who="2" m="31520" /><V63/><F93/><T85/><D34/><U56/><E35/><V40/><F76/><T96/><D126/><U121/><N who="1" m="31008" /><U115/><E38/><V81/><F81/><T102/><D68/><U94/><E116/><V44/><F72/><T98/><D114/><U74/><E101/><V89/><F89/><T127/><D127/><U61/><E115/><V92/><F92/><T45/><D98/><U75/><REACH who="1" step="1"/><E61/><REACH who="1" ten="572,288,180,0" step="2"/><V42/><F105/><T69/><D69/><U91/><AGARI ba="0,1" hai="51,53,56,57,59,73,74,75,82,86,91,94,99,100" m="31008,31264" machi="91" ten="30,8000,1" yaku="1,1,2,1,0,1,52,2,53,0" doraHai="111" doraHaiUra="37" who="1" fromWho="1" sc="572,-40,288,90,180,-40,0,0" /><INIT seed="5,1,0,3,0,135" ten="532,378,140,0" oya="1" hai0="46,34,51,65,67,115,126,127,53,123,74,66,57" hai1="72,32,109,117,100,38,129,41,52,130,99,128,95" hai2="70,71,90,45,58,106,79,40,3,102,44,94,48" hai3=""/><U119/><E32/><V33/><F33/><T122/><N who="0" m="31264" /><T82/><N who="0" m="31520" /><T76/><D34/><U118/><E72/><V61/><F3/><T113/><D46/><U39/><E41/><V54/><F79/><T104/><D104/><U83/><E109/><V97/><REACH who="2" step="1"/><F45/><REACH who="2" ten="532,378,130,0" step="2"/><T124/><AGARI ba="1,1" hai="51,53,57,65,66,67,74,76,82,113,115,124,126,127" m="31520,31264" machi="124" ten="40,9000,2" yaku="0,1,18,1,52,5" doraHai="135" who="0" fromWho="0" sc="532,102,378,-61,130,-31,0,0" /><INIT seed="6,0,0,1,3,56" ten="634,317,99,0" oya="2" hai0="103,85,128,59,83,72,90,131,71,82,76,134,115" hai1="98,67,135,110,94,0,34,106,95,125,36,119,47" hai2="88,65,62,2,109,132,129,97,96,124,61,108,130" hai3=""/><V86/><F2/><T50/><D115/><U32/><E67/><V37/><F37/><T120/><N who="0" m="30752" /><T73/><D134/><U55/><E55/><V102/><F132/><T113/><D71/><U114/><E47/><V3/><F3/><T42/><D113/><U123/><E94/><V99/><F102/><T133/><D133/><U48/><E95/><V1/><F1/><T81/><D103/><U60/><E60/><N who="2" m="23147" /><F65/><T69/><D69/><U78/><E0/><V39/><F39/><T105/><D105/><U107/><E107/><V112/><F112/><T74/><D59/><U68/><E106/><V116/><F116/><T45/><D76/><U127/><E78/><V35/><F35/><T70/><D70/><U118/><E118/><V89/><F124/><T92/><AGARI ba="0,0" hai="42,45,50,72,73,74,81,82,83,85,90,92,128,131" m="30752" machi="92" ten="40,2000,0" yaku="0,1,52,1" doraHai="56" who="0" fromWho="0" sc="634,20,317,-7,99,-13,0,0" owari="654,60.0,310,-9.0,86,-51.0,0,0.0" /></mjloggm>