<mjloggm ver="2.3"><GO type="169" lobby="0"/><UN n0="%E3%81%98%E3%82%87%E3%81%AB%E3%81%8A%E3%82%93%EF%BC%81%EF%BC%81" n1="%E3%83%9E%E3%83%AD%E3%83%A2%E3%82%AF" n2="%E3%83%9E%E3%83%BC%E3%83%9C%E3%82%A6" n3="%E3%81%84%E3%81%A1%E3%81%9E%E3%81%86" dan="17,16,17,17" rate="2222.96,2078.62,2204.51,2113.71" sx="M,M,M,M"/><TAIKYOKU oya="0"/><INIT seed="0,0,0,2,0,12" ten="250,250,250,250" oya="0" hai0="130,114,35,60,1,121,29,90,46,48,42,30,49" hai1="26,59,65,16,93,83,8,63,125,74,69,64,78" hai2="44,10,55,88,4,0,58,34,11,101,67,2,89" hai3="98,123,126,22,102,39,112,109,21,131,86,82,31"/><T56/><D114/><U40/><E125/><V45/><F34/><W95/><G112/><T79/><D121/><U76/><E40/><V53/><F101/><W116/><G116/><T38/><D1/><U7/><E78/><V100/><F100/><W47/><G109/><T111/><D111/><U113/><E113/><V23/><F67/><W122/><G131/><T117/><D117/><U115/><E115/><V36/><F23/><W73/><G73/><T15/><D79/><U43/><E43/><V128/><F58/><W51/><G39/><T108/><D108/><U52/><E93/><V5/><REACH who="2" step="1"/><F36/><REACH who="2" ten="250,250,240,250" step="2"/><W133/><G122/><T110/><D110/><U41/><E69/><V70/><F70/><W24/><G123/><T81/><D35/><U3/><REACH who="1" step="1"/><E41/><REACH who="1" ten="250,240,240,250" step="2"/><V54/><F54/><W50/><G126/><T20/><D38/><U107/><E107/><V85/><F85/><W99/><G86/><T17/><D42/><U106/><E106/><V94/><F94/><W33/><G95/><T80/><D80/><U9/><E9/><V27/><F27/><W19/><G82/><T96/><D81/><U13/><E13/><V129/><AGARI ba="0,2" hai="0,2,4,5,10,11,44,45,53,55,88,89,128,129" machi="129" ten="25,8000,1" yaku="1,1,0,1,22,2,54,1,53,0" doraHai="12" doraHaiUra="62" who="2" fromWho="2" sc="250,-40,240,-20,240,100,250,-20" /><INIT seed="1,0,0,0,3,40" ten="210,220,340,230" oya="1" hai0="13,120,97,75,46,76,38,71,69,45,108,125,93" hai1="112,33,50,132,81,92,89,27,49,34,29,8,64" hai2="55,117,111,100,7,12,107,103,83,78,25,126,104" hai3="85,4,115,79,41,109,128,67,113,53,135,101,110"/><U54/><E132/><V19/><F117/><W23/><G4/><T131/><D108/><N who="3" m="41577" /><G23/><T102/><D131/><U36/><E36/><V52/><F111/><W47/><G101/><T44/><D125/><U134/><E112/><N who="3" m="43082" /><G85/><T5/><D120/><U10/><E34/><V133/><F133/><W65/><G79/><T32/><D38/><U17/><E64/><V72/><F126/><W57/><G135/><T123/><D123/><U15/><E50/><V26/><F7/><W130/><G53/><T91/><D32/><U20/><E81/><V118/><F103/><W84/><G84/><T37/><D37/><U16/><E17/><V66/><F100/><W22/><G22/><T28/><D28/><U77/><E77/><V3/><F3/><W87/><G87/><T80/><REACH who="0" step="1"/><D102/><REACH who="0" ten="200,220,340,230" step="2"/><U129/><E134/><V70/><F118/><W9/><G9/><AGARI ba="0,1" hai="5,9,13,44,45,46,69,71,75,76,80,91,93,97" machi="9" ten="40,8000,1" yaku="1,1,2,1,52,3,53,0" doraHai="40" doraHaiUra="24" who="0" fromWho="3" sc="200,90,220,0,340,0,230,-80" /><INIT seed="2,0,0,1,3,72" ten="290,220,340,150" oya="2" hai0="59,83,121,36,31,12,50,56,68,38,111,127,66" hai1="23,15,88,89,6,37,55,116,11,75,125,120,70" hai2="4,10,133,28,123,42,22,63,107,97,78,60,25" hai3="135,93,118,73,47,86,30,39,49,21,99,134,1"/><V91/><F123/><W108/><G118/><T43/><D121/><U48/><E37/><N who="0" m="14441" /><D83/><U117/><E120/><V102/><F133/><N who="3" m="50699" /><G73/><T2/><D2/><U24/><E125/><V14/><F42/><W96/><G39/><T110/><D12/><U33/><E33/><V32/><F91/><N who="3" m="53495" /><G1/><T119/><D119/><U130/><E75/><V29/><F29/><W80/><G108/><N who="0" m="41515" /><D31/><U45/><E116/><V74/><REACH who="2" step="1"/><F32/><REACH who="2" ten="290,220,330,150" step="2"/><W40/><G80/><AGARI ba="0,1" hai="4,10,14,22,25,28,60,63,74,78,80,97,102,107" machi="80" ten="40,7700,0" yaku="1,1,2,1,52,1,53,0" doraHai="72" doraHaiUra="122" who="2" fromWho="3" sc="290,0,220,0,330,87,150,-77" /><INIT seed="2,1,0,5,0,79" ten="290,220,417,73" oya="2" hai0="45,118,18,77,134,12,101,21,38,41,129,35,73" hai1="48,110,31,60,63,128,66,105,78,104,91,43,39" hai2="135,61,124,122,44,59,70,87,121,54,26,114,40" hai3="36,99,102,83,29,23,74,126,132,51,85,15,52"/><V120/><F26/><W27/><G132/><T75/><D134/><U62/><E39/><N who="2" m="21535" /><F87/><W116/><G126/><T2/><D2/><U10/><E78/><V32/><F32/><W97/><G116/><T109/><D35/><U13/><E31/><V80/><F80/><W111/><G111/><T9/><D109/><U130/><E110/><V19/><F19/><W107/><G36/><T65/><D129/><N who="1" m="49771" /><E91/><V37/><F135/><W93/><G15/><T98/><D65/><U7/><E66/><N who="2" m="41295" /><F114/><W108/><G108/><T64/><D64/><U100/><E100/><V125/><F37/><W17/><G74/><T76/><D9/><U50/><E105/><V57/><F57/><W94/><G99/><T112/><D112/><U95/><E104/><V69/><F69/><W123/><G29/><T34/><D34/><U106/><E106/><V131/><F131/><W14/><G14/><T47/><D75/><U115/><E115/><V3/><F3/><W92/><G107/><T49/><D73/><U4/><E13/><V103/><F103/><W55/><G102/><T33/><D33/><U20/><E10/><V127/><F122/><W1/><G123/><T88/><D101/><U30/><E95/><N who="3" m="36426" /><G1/><T68/><D12/><U90/><E30/><V8/><F8/><W5/><G5/><T42/><D38/><U113/><E7/><V84/><F84/><W58/><G94/><T67/><D68/><U82/><E4/><V119/><F119/><W56/><G97/><T6/><D6/><U117/><E117/><V0/><F0/><W11/><G85/><T53/><D118/><RYUUKYOKU ba="1,0" sc="290,-10,220,-10,417,30,73,-10" hai2="54,59,120,121,124,125,127" /><INIT seed="2,2,0,2,3,98" ten="280,210,447,63" oya="2" hai0="132,7,95,36,68,78,4,104,8,91,3,106,41" hai1="109,134,17,24,11,64,135,56,23,20,125,86,105" hai2="120,22,116,21,123,10,96,12,63,40,38,15,80" hai3="76,66,13,124,114,103,35,130,31,81,73,60,99"/><V113/><F113/><W47/><G114/><T122/><D122/><U50/><E105/><V0/><F116/><W85/><G130/><T117/><D68/><U58/><E109/><V119/><F119/><W59/><G124/><T88/><D117/><U45/><E125/><V87/><F0/><W57/><G35/><T61/><D132/><U97/><E86/><V30/><F63/><W82/><G31/><T112/><D112/><U121/><E121/><V54/><F54/><W89/><G13/><T83/><D7/><U90/><E11/><V48/><F38/><W28/><G28/><T111/><D61/><U34/><E34/><V5/><F96/><W29/><G29/><T69/><D69/><U37/><E23/><N who="2" m="8715" /><F15/><W27/><G27/><T6/><D6/><U65/><E24/><V94/><F94/><W32/><G32/><T67/><D67/><U115/><E37/><V108/><F30/><W93/><REACH who="3" step="1"/><G47/><REACH who="3" ten="280,210,447,53" step="2"/><N who="0" m="23975" /><D111/><U1/><E45/><N who="2" m="25639" /><F108/><W52/><G52/><T118/><D118/><U74/><E115/><V110/><F110/><W75/><G75/><N who="0" m="43487" /><D91/><U72/><E90/><V126/><F126/><W92/><G92/><T128/><D128/><U129/><E129/><V77/><AGARI ba="2,1" hai="5,10,12,77,80,87,120,123" m="25639,8715" machi="77" ten="30,1500,0" yaku="25,1" doraHai="98" who="2" fromWho="2" sc="280,-7,210,-7,447,31,53,-7" /><INIT seed="2,3,0,0,2,131" ten="273,203,478,46" oya="2" hai0="11,74,8,19,105,128,92,83,54,98,61,122,63" hai1="87,106,134,10,89,123,115,6,46,93,107,78,38" hai2="41,57,73,72,62,15,39,40,77,14,95,12,45" hai3="34,76,75,133,135,99,21,27,110,125,58,118,81"/><V108/><F108/><W52/><G118/><T113/><D122/><U2/><E115/><V28/><F28/><W65/><G34/><T71/><D113/><U127/><E123/><V121/><F121/><W16/><G110/><T111/><D105/><U30/><E127/><V3/><F3/><W88/><G65/><T91/><D128/><U31/><E78/><V109/><F109/><W116/><G116/><T126/><D126/><U51/><E38/><V4/><F41/><W70/><G70/><T42/><D42/><U37/><E37/><V25/><F25/><W13/><G13/><T22/><D63/><U69/><E69/><V43/><F43/><W79/><G79/><N who="0" m="44535" /><D71/><U55/><E134/><N who="3" m="51210" /><G125/><T97/><D97/><U129/><E129/><V112/><F15/><W96/><G88/><T5/><D111/><U66/><E66/><V59/><F14/><W80/><G81/><T104/><D91/><U48/><E89/><V17/><F12/><W90/><G90/><T29/><D11/><U84/><E10/><V24/><F112/><W32/><G32/><T35/><D35/><U68/><E68/><V1/><F77/><W103/><G103/><T94/><D8/><U132/><E132/><V7/><F1/><W117/><G117/><T64/><D64/><U44/><E2/><V124/><F124/><W86/><G75/><T56/><D22/><U36/><E84/><V119/><F119/><W85/><G86/><T130/><D130/><U33/><E87/><V120/><F73/><W20/><G20/><T101/><D101/><U82/><E33/><V49/><F72/><RYUUKYOKU ba="3,0" sc="273,-10,203,-10,478,-10,46,30" hai3="16,21,27,52,58,76,80,85,96,99" /><INIT seed="3,4,0,3,3,78" ten="263,193,468,76" oya="3" hai0="8,79,118,19,4,111,33,59,37,121,51,63,32" hai1="0,58,18,6,88,97,64,9,112,124,119,39,71" hai2="62,31,94,117,132,129,55,13,27,120,99,85,52" hai3="49,106,108,12,134,20,96,123,98,65,47,26,28"/><W104/><G123/><T95/><D121/><U92/><E112/><V72/><F117/><W127/><G127/><T89/><D37/><U36/><E71/><V2/><F72/><W74/><G74/><T57/><D118/><U25/><E119/><V130/><F2/><W29/><G65/><T133/><D111/><U91/><E91/><V116/><F132/><W15/><G134/><T14/><D79/><U54/><E64/><V90/><F13/><W24/><G108/><T107/><D107/><U105/><E105/><V102/><F120/><W10/><G10/><T23/><D51/><U84/><E84/><V40/><F40/><W131/><G131/><N who="2" m="50185" /><F62/><W45/><G20/><T30/><D30/><U125/><E125/><V80/><F116/><W16/><REACH who="3" step="1"/><G49/><REACH who="3" ten="263,193,468,66" step="2"/><T34/><D133/><U3/><E124/><V75/><F75/><W61/><G61/><T100/><D63/><N who="1" m="36311" /><E0/><V21/><AGARI ba="4,1" hai="21,27,31,52,55,80,85,90,94,99,102" m="50185" machi="21" ten="30,4000,0" yaku="19,1,52,1,54,1" doraHai="78" who="2" fromWho="2" sc="263,-14,193,-14,468,62,66,-24" /><INIT seed="4,0,0,2,5,71" ten="249,179,530,42" oya="0" hai0="87,72,38,49,79,105,47,86,10,133,119,99,51" hai1="39,3,131,80,66,6,129,73,61,40,65,102,69" hai2="90,62,67,115,32,70,13,116,78,112,4,121,29" hai3="100,117,52,76,124,12,30,94,23,7,82,81,26"/><T74/><D119/><U28/><E28/><V89/><F121/><W114/><G117/><T77/><D133/><U108/><E102/><V24/><F78/><W36/><G114/><N who="2" m="43561" /><F116/><W55/><G124/><T103/><D10/><AGARI ba="0,0" hai="4,10,13,24,29,32,62,67,70,89,90" m="43561" machi="10" ten="30,1000,0" yaku="15,1" doraHai="71" who="2" fromWho="0" sc="249,-10,179,0,530,10,42,0" /><INIT seed="5,0,0,0,1,58" ten="239,179,540,42" oya="1" hai0="54,14,42,4,26,16,79,1,127,107,119,48,76" hai1="3,38,83,129,28,62,74,111,40,47,85,30,7" hai2="121,49,34,35,21,57,135,110,56,15,13,113,43" hai3="100,36,2,63,92,134,106,44,84,17,61,103,60"/><U77/><E111/><V101/><F121/><W53/><G2/><T104/><D119/><U8/><E129/><V98/><F110/><W94/><G106/><T95/><D1/><U91/><REACH who="1" step="1"/><E62/><REACH who="1" ten="239,169,540,42" step="2"/><N who="3" m="24170" /><G134/><T78/><D127/><U123/><E123/><V90/><F135/><W22/><G36/><T51/><D51/><U0/><E0/><V109/><F49/><N who="3" m="28839" /><G63/><T64/><D48/><U114/><E114/><V75/><F113/><W130/><G130/><T12/><D64/><U96/><E96/><V73/><F98/><W18/><G84/><T46/><D104/><U86/><E86/><V6/><F109/><W29/><G29/><T93/><D107/><U69/><E69/><V70/><F70/><W24/><G18/><T115/><D16/><U120/><E120/><V27/><F75/><W102/><AGARI ba="0,1" hai="17,22,24,92,94,100,102,103" m="28839,24170" machi="102" ten="30,7900,0" yaku="8,1,52,3" doraHai="58" who="3" fromWho="3" sc="239,-20,169,-39,540,-20,42,89" /><INIT seed="6,0,0,4,3,43" ten="219,130,520,131" oya="2" hai0="66,108,78,111,49,65,53,20,106,14,112,21,118" hai1="64,117,41,40,131,125,122,7,10,68,23,84,63" hai2="13,81,85,18,95,30,16,114,61,1,121,0,86" hai3="72,83,71,90,115,74,116,77,39,128,88,91,67"/><V98/><F121/><W75/><G39/><T124/><D106/><U38/><E117/><V47/><F30/><W100/><G71/><T87/><D118/><U120/><E125/><V3/><F61/><W102/><G67/><T132/><D124/><U99/><E131/><V119/><F114/><W48/><G116/><T103/><D103/><N who="3" m="39465" /><G48/><T51/><D112/><U89/><E99/><V96/><F95/><W126/><G115/><T82/><D132/><U22/><E22/><V25/><F85/><N who="3" m="48367" /><G126/><T5/><D49/><U129/><E23/><V31/><F47/><W69/><G69/><T17/><D5/><U15/><E129/><AGARI ba="0,0" hai="72,74,75,88,90,91,128,129" m="48367,39465" machi="129" ten="40,5200,0" yaku="34,2,54,1" doraHai="43" who="3" fromWho="1" sc="219,0,130,-52,520,0,131,52" /><INIT seed="7,0,0,0,2,131" ten="219,78,520,183" oya="3" hai0="48,13,32,122,90,128,96,113,76,95,23,49,50" hai1="29,89,115,60,34,27,57,5,53,18,3,111,92" hai2="46,82,69,117,116,21,74,10,80,129,104,61,68" hai3="112,88,28,87,73,7,1,44,59,30,20,120,107"/><W19/><G120/><T84/><D122/><U105/><E111/><V47/><F21/><W12/><G73/><T25/><D128/><U86/><E115/><V33/><F10/><W39/><G107/><T15/><D113/><U97/><E3/><V103/><F129/><W36/><G112/><T132/><D132/><U77/><E5/><V121/><F121/><W119/><G119/><T38/><D38/><U31/><E105/><V102/><F61/><W42/><G36/><T4/><D32/><U91/><E77/><V26/><F104/><W45/><G45/><T17/><D4/><U114/><E34/><V65/><F33/><W79/><G79/><T98/><D76/><U0/><E0/><V14/><F14/><AGARI ba="0,0" hai="13,14,15,17,23,25,48,49,50,84,90,95,96,98" machi="14" ten="40,1300,0" yaku="8,1" doraHai="131" who="0" fromWho="2" sc="219,13,78,0,520,-13,183,0" owari="232,3.0,78,-42.0,507,61.0,183,-22.0" /></mjloggm>