<mjloggm ver="2.3"><GO type="169" lobby="0"/><UN n0="%52%35" n1="%E6%B2%B3%E7%AB%A5%E3%81%AE%E3%83%AF%E3%82%AB%E3%83%9E%E3%83%84" n2="%E5%81%BD%E5%96%84%E8%80%85%E9%AB%98%E6%A9%8B%E3%81%BF%E3%81%AA%E3%81%BF" n3="%E3%83%A8%E3%82%B7%E3%83%AF" dan="17,17,17,17" rate="2217.83,2154.67,2148.42,2206.81" sx="M,M,F,M"/><TAIKYOKU oya="0"/><INIT seed="0,0,0,5,3,107" ten="250,250,250,250" oya="0" hai0="57,53,34,85,5,54,91,113,42,63,28,123,29" hai1="95,87,101,133,12,44,129,104,115,90,27,24,22" hai2="60,75,119,35,48,55,99,131,62,77,97,71,37" hai3="134,103,67,58,16,6,45,23,43,83,108,17,88"/><T47/><D113/><U105/><E115/><V106/><F37/><W30/><G108/><T114/><D123/><U125/><E129/><V78/><F35/><W84/><G134/><T33/><D114/><U15/><E133/><V68/><F106/><W31/><G103/><T59/><D5/><U25/><E125/><V32/><F32/><W118/><G6/><T21/><D34/><U4/><E101/><V79/><F131/><W89/><G89/><T81/><D33/><U126/><E126/><V116/><F48/><N who="3" m="26687" /><G118/><N who="2" m="45097" /><F55/><W41/><G41/><T120/><D21/><U130/><E130/><V2/><F2/><W73/><G73/><T69/><D69/><N who="2" m="26698" /><F75/><W86/><G86/><T109/><D109/><U112/><E112/><V80/><F80/><W66/><G17/><T98/><D98/><AGARI ba="0,0" hai="60,62,77,78,79,97,98,99" m="26698,45097" machi="98" ten="40,5200,0" yaku="28,2,12,1" doraHai="107" who="2" fromWho="0" sc="250,-52,250,0,250,52,250,0" /><INIT seed="1,0,0,4,1,105" ten="198,250,302,250" oya="1" hai0="35,10,29,11,2,3,113,129,79,107,12,118,14" hai1="130,106,32,19,121,76,85,36,92,80,52,62,70" hai2="41,122,110,64,26,15,25,9,38,111,8,16,37" hai3="124,34,13,112,132,17,120,133,72,47,73,90,125"/><U71/><E121/><V74/><F122/><W99/><G34/><T88/><D107/><U48/><E106/><V4/><F64/><W67/><G67/><T39/><D39/><U109/><E36/><V135/><F135/><N who="3" m="51787" /><G47/><T83/><D129/><U63/><E32/><V81/><F41/><W53/><G53/><T51/><D113/><U24/><E130/><V69/><F69/><W59/><G59/><T89/><D118/><U126/><E126/><N who="3" m="48746" /><G112/><T93/><D29/><U65/><E109/><N who="2" m="41483" /><F26/><W57/><G57/><T82/><D35/><U119/><E119/><V23/><F8/><N who="3" m="6311" /><G120/><T43/><D51/><U96/><E70/><V95/><F95/><AGARI ba="0,0" hai="72,73,90,95,99" m="6311,48746,51787" machi="95" ten="30,7700,0" yaku="20,1,18,1,52,2" doraHai="105" who="3" fromWho="2" sc="198,0,250,0,302,-77,250,77" /><INIT seed="2,0,0,5,4,92" ten="198,250,225,327" oya="2" hai0="4,10,2,121,85,58,104,8,14,74,66,84,67" hai1="46,133,20,55,101,26,41,115,12,25,80,103,87" hai2="54,19,124,89,88,0,96,36,43,11,59,112,114" hai3="64,91,71,18,81,28,16,120,17,70,9,73,98"/><V93/><F124/><W42/><G120/><T97/><D121/><U118/><E115/><V127/><F127/><W109/><G109/><T78/><D74/><U75/><E118/><V62/><F36/><W107/><G42/><T60/><D67/><U30/><E75/><V35/><F35/><W130/><G130/><T69/><D69/><U117/><E117/><V132/><F132/><W105/><G28/><T135/><D135/><U63/><E133/><V116/><F116/><W82/><G9/><T39/><D39/><U94/><E12/><V65/><F43/><W102/><G64/><T31/><D31/><U53/><E26/><V52/><F89/><W99/><G91/><T48/><D48/><N who="1" m="26703" /><E94/><V129/><F129/><W95/><G73/><T108/><D108/><U125/><E125/><V79/><F79/><W61/><G61/><T37/><D37/><U134/><E134/><V27/><F0/><W21/><G21/><T122/><D122/><U57/><E55/><V50/><F54/><W6/><G6/><T23/><D23/><U56/><E56/><V51/><F50/><W29/><G29/><T86/><D78/><AGARI ba="0,0" hai="20,25,30,53,57,63,78,80,87,101,103" m="26703" machi="78" ten="30,1000,0" yaku="8,1" doraHai="92" who="1" fromWho="0" sc="198,-10,250,10,225,0,327,0" /><INIT seed="3,0,0,0,1,85" ten="188,260,225,327" oya="3" hai0="12,114,25,92,46,44,24,8,82,15,38,116,56" hai1="16,34,53,20,79,49,97,127,94,100,125,66,113" hai2="35,90,22,76,4,67,11,122,70,61,78,50,131" hai3="135,101,89,109,5,41,30,134,21,77,65,111,47"/><W48/><G101/><T84/><D116/><U112/><E34/><V110/><F35/><W108/><G77/><T17/><D114/><U91/><E66/><V45/><F110/><W2/><G65/><T68/><D68/><U128/><E79/><V126/><F131/><W62/><G62/><T1/><D1/><U106/><E128/><V64/><F126/><N who="1" m="48137" /><E106/><V18/><F67/><W81/><G2/><T27/><D38/><U23/><E23/><V123/><F90/><W117/><G5/><T28/><D28/><U3/><E3/><V60/><F60/><W40/><G117/><T115/><D115/><U132/><E132/><N who="3" m="50730" /><G30/><T103/><D56/><N who="1" m="32815" /><E100/><V10/><F76/><W52/><G21/><T121/><D121/><N who="2" m="46090" /><F4/><W71/><G71/><T120/><D120/><U129/><E129/><V87/><F78/><W54/><G40/><T42/><D42/><U55/><E55/><N who="2" m="30159" /><F87/><AGARI ba="0,0" hai="41,47,48,52,54,81,87,89,108,109,111" m="50730" machi="87" ten="40,12000,1" yaku="14,1,10,1,20,1,52,1,54,1" doraHai="85" who="3" fromWho="2" sc="188,0,260,0,225,-120,327,120" /><INIT seed="3,1,0,5,2,115" ten="188,260,105,447" oya="3" hai0="58,82,114,33,121,4,46,43,18,83,2,62,6" hai1="88,59,25,122,41,68,76,32,49,50,80,1,87" hai2="16,56,31,112,75,86,30,37,53,131,134,109,132" hai3="111,45,38,11,64,66,104,24,124,44,91,125,71"/><W89/><G104/><T116/><D121/><U61/><E122/><V78/><F112/><W123/><G123/><T130/><D114/><U100/><E1/><V85/><F37/><W127/><G24/><T55/><D33/><U110/><E68/><V119/><F109/><W129/><G129/><T69/><D130/><U40/><E110/><V118/><F131/><W81/><G11/><T5/><D2/><U126/><E126/><V15/><F75/><W19/><G19/><T51/><D116/><N who="2" m="44586" /><F78/><W20/><G20/><T22/><REACH who="0" step="1"/><D69/><REACH who="0" ten="178,260,105,447" step="2"/><U14/><E32/><V73/><F73/><W0/><G0/><T133/><D133/><N who="2" m="51306" /><F30/><W65/><G111/><T96/><D96/><U26/><E87/><V63/><F31/><W113/><G113/><T54/><D54/><U94/><E41/><V74/><F74/><W108/><G108/><T107/><D107/><U92/><E40/><V99/><F99/><W3/><G124/><T70/><D70/><U103/><E100/><V17/><F17/><W23/><G127/><T128/><D128/><U79/><E103/><V117/><N who="2" m="44594" /><V105/><DORA hai="101" /><F105/><W102/><G125/><T84/><D84/><U77/><E79/><V90/><F90/><W95/><G89/><T36/><D36/><U97/><E88/><V60/><F60/><W98/><G91/><T42/><D42/><U7/><E97/><V10/><AGARI ba="1,1" hai="10,15,16,53,56,63,85,86" m="51306,44594" machi="10" ten="50,12000,2" yaku="20,1,52,4,54,1" doraHai="115,101" who="2" fromWho="2" sc="178,-31,260,-31,105,133,447,-61" /><INIT seed="4,0,0,0,4,35" ten="147,229,238,386" oya="0" hai0="76,72,56,18,94,32,103,45,135,134,37,44,82" hai1="23,34,29,95,54,114,86,8,17,80,11,133,85" hai2="120,70,81,66,47,0,130,121,25,57,26,79,12" hai3="62,40,77,27,91,33,52,13,124,89,109,9,50"/><T127/><D127/><U117/><E117/><V64/><F70/><W1/><G109/><T21/><D32/><U98/><E133/><N who="0" m="50697" /><D37/><U83/><E34/><V55/><F130/><W106/><G33/><T93/><D56/><U126/><E126/><V3/><F12/><W112/><G124/><T10/><D10/><N who="1" m="3627" /><E29/><V108/><F47/><N who="0" m="17994" /><D103/><U118/><E54/><V75/><F55/><W101/><G52/><T24/><AGARI ba="0,0" hai="18,21,24,72,76,82,93,94" m="17994,50697" machi="24" ten="30,1500,0" yaku="20,1" doraHai="35" who="0" fromWho="0" sc="147,15,229,-5,238,-5,386,-5" /><INIT seed="4,1,0,4,2,82" ten="162,224,233,381" oya="0" hai0="4,3,15,92,100,103,99,49,88,130,135,24,54" hai1="97,121,10,43,46,35,72,91,67,68,71,14,78" hai2="101,104,112,73,23,124,129,74,83,109,94,0,39" hai3="41,90,114,61,9,66,113,63,47,131,12,107,79"/><T16/><D130/><U28/><E121/><V85/><F39/><W56/><G131/><T37/><D135/><U116/><E116/><V86/><F0/><W102/><G90/><T84/><D37/><U2/><E35/><V87/><F129/><W17/><G79/><T110/><D110/><U106/><E28/><V21/><F21/><W60/><G102/><T134/><D134/><U62/><E91/><V36/><F36/><W105/><G41/><T64/><D64/><U13/><E71/><V98/><F109/><W80/><G47/><T18/><D3/><U125/><E125/><V38/><F38/><W65/><G80/><T52/><D54/><U89/><E72/><N who="2" m="27755" /><F23/><W126/><G126/><T34/><D34/><U53/><E78/><N who="2" m="46327" /><F124/><W76/><G76/><T115/><D24/><U55/><E2/><V108/><F108/><W26/><G26/><T19/><D115/><N who="3" m="44041" /><G63/><T1/><D1/><U75/><E75/><V5/><F5/><W7/><G7/><T128/><D128/><U93/><E106/><V8/><F8/><W29/><G29/><T33/><D33/><U132/><E132/><V119/><F112/><W31/><G31/><T30/><D30/><U48/><REACH who="1" step="1"/><E14/><REACH who="1" ten="162,214,233,381" step="2"/><V58/><F119/><W120/><G120/><T42/><D42/><U51/><E51/><V95/><F58/><AGARI ba="1,1" hai="9,12,17,56,58,60,61,65,66,105,107" m="44041" machi="58" ten="30,1000,0" yaku="15,1" doraHai="82" who="3" fromWho="2" sc="162,0,214,0,233,-13,381,23" /><INIT seed="5,0,0,0,5,12" ten="162,214,220,404" oya="1" hai0="86,52,134,40,7,16,37,90,2,15,123,108,53" hai1="5,32,68,92,60,33,3,36,107,18,57,122,121" hai2="28,43,34,42,116,48,6,102,73,62,63,14,88" hai3="1,130,49,67,46,13,69,115,35,103,125,50,30"/><U0/><E107/><V85/><F73/><W11/><G1/><T106/><D108/><U24/><E36/><V59/><F116/><W8/><G125/><T20/><D106/><U61/><E92/><V66/><F102/><W78/><G130/><T64/><D134/><U112/><E68/><V104/><F104/><W25/><G115/><T128/><D128/><U118/><E57/><V131/><F131/><W47/><G78/><T93/><D123/><N who="1" m="47115" /><E60/><V124/><F124/><W65/><G103/><T91/><D64/><U87/><E87/><V9/><F48/><W109/><G109/><T77/><D77/><U94/><E94/><V54/><F28/><W89/><G89/><T126/><D126/><U133/><E61/><V99/><F34/><N who="1" m="13417" /><E112/><V98/><F98/><W23/><G69/><T83/><D37/><U119/><E133/><V97/><F99/><W56/><G56/><T72/><D40/><U74/><E74/><V114/><F97/><W111/><G111/><T117/><D117/><N who="1" m="44555" /><E5/><V127/><F114/><W70/><G70/><T58/><D58/><U45/><E45/><N who="3" m="16906" /><G65/><T29/><D72/><U39/><E39/><V113/><F127/><W19/><G67/><T95/><D83/><U132/><E132/><V55/><F113/><W44/><G44/><T26/><D91/><U120/><N who="1" m="47123" /><U96/><DORA hai="71" /><E96/><V100/><F100/><W79/><G79/><T21/><REACH who="0" step="1"/><D93/><REACH who="0" ten="152,214,220,404" step="2"/><U31/><E0/><V38/><F38/><W75/><G75/><T41/><D41/><N who="2" m="15370" /><F62/><W105/><G105/><T10/><AGARI ba="0,1" hai="2,7,10,15,16,20,21,26,29,52,53,86,90,95" machi="10" ten="30,12000,2" yaku="1,1,0,1,52,1,54,2,53,1" doraHai="12,71" doraHaiUra="4,76" who="0" fromWho="0" sc="152,130,214,-60,220,-30,404,-30" /><INIT seed="6,0,0,5,2,106" ten="282,154,190,374" oya="2" hai0="16,131,101,116,111,63,108,83,0,24,67,62,117" hai1="34,29,32,118,48,17,57,64,5,132,10,72,3" hai2="89,26,2,61,15,135,103,47,43,98,127,113,54" hai3="33,104,45,122,22,94,35,9,134,41,119,1,60"/><V68/><F2/><W6/><G122/><T23/><D0/><U96/><E118/><N who="0" m="45673" /><D131/><U42/><E132/><V121/><F121/><W19/><G119/><T66/><D101/><U39/><E39/><V36/><F113/><W53/><G104/><T75/><D63/><U78/><E64/><N who="0" m="24617" /><D62/><U130/><E130/><V107/><F127/><W112/><G112/><T84/><D84/><U91/><E96/><V65/><F135/><W69/><G94/><T18/><D18/><U44/><E29/><V99/><F15/><W38/><G134/><T97/><D97/><U49/><E17/><V59/><F26/><W90/><G90/><T13/><D24/><U14/><E91/><V129/><F129/><W71/><G71/><T55/><D55/><U46/><E14/><V115/><F115/><W80/><G80/><T87/><D87/><U76/><E57/><V109/><F109/><W100/><G100/><T7/><D7/><U73/><E76/><AGARI ba="0,0" hai="13,16,23,75,76,83,108,111" m="24617,45673" machi="76" ten="30,3900,0" yaku="12,1,52,1,54,1" doraHai="106" who="0" fromWho="1" sc="282,39,154,-39,190,0,374,0" /><INIT seed="7,0,0,4,1,1" ten="321,115,190,374" oya="3" hai0="120,82,58,132,70,28,87,101,96,9,44,40,65" hai1="103,105,122,15,17,29,135,88,63,39,76,97,16" hai2="78,108,47,106,129,131,94,99,0,7,51,48,21" hai3="107,119,42,62,6,60,77,111,102,71,4,50,121"/><W38/><G119/><T25/><D132/><U118/><E122/><V79/><F106/><W43/><G38/><T123/><D70/><U52/><E39/><V27/><F108/><W90/><G121/><T117/><D117/><U133/><E118/><V19/><F7/><W125/><G125/><T57/><D123/><U37/><E37/><V126/><F0/><W46/><G77/><T34/><D65/><U36/><E36/><V31/><F31/><W41/><G111/><T26/><D26/><U10/><E76/><N who="2" m="29227" /><F47/><W5/><G90/><T24/><D24/><U33/><E33/><V124/><F48/><W3/><G3/><T54/><D40/><N who="3" m="15465" /><G107/><T130/><D120/><U20/><E29/><V11/><F11/><W127/><G127/><N who="2" m="48681" /><F51/><W8/><G102/><AGARI ba="0,0" hai="19,21,27,94,99,102,129,131" m="48681,29227" machi="102" ten="30,1000,0" yaku="18,1" doraHai="1" who="2" fromWho="3" sc="321,0,115,0,190,10,374,-10" owari="321,12.0,115,-38.0,200,-20.0,364,46.0" /></mjloggm>