<mjloggm ver="2.3"><GO type="169" lobby="0"/><UN n0="%E5%A4%9A%E6%91%A9%E3%82%BD%E3%83%BC%E3%82%B8" n1="%E3%81%9F%E3%81%BE%E5%AD%90" n2="%E3%81%82%E3%81%A3%E3%81%8D%E3%83%BC%E2%99%AA" n3="%E6%98%8E%E6%97%A5%E3%81%AE%E3%82%86%E3%81%8F%E3%81%88" dan="16,17,16,17" rate="2062.49,2156.38,2134.68,2236.91" sx="M,M,M,F"/><TAIKYOKU oya="0"/><INIT seed="0,0,0,3,3,119" ten="250,250,250,250" oya="0" hai0="55,73,14,11,56,64,28,124,38,101,109,25,84" hai1="31,112,123,29,104,88,121,97,41,50,96,10,63" hai2="21,117,68,83,47,72,89,70,111,62,114,102,92" hai3="15,75,105,65,118,19,128,30,49,108,45,90,35"/><T132/><D73/><U24/><E112/><V91/><F114/><W100/><G118/><T59/><D38/><U77/><E77/><V74/><F102/><W40/><G75/><T116/><D116/><U53/><E104/><V93/><F47/><W13/><G108/><T82/><D132/><U7/><E41/><V58/><F21/><W87/><G128/><T27/><D124/><U9/><E63/><V22/><F22/><W6/><G65/><T127/><D127/><U46/><E7/><V131/><F117/><W67/><G67/><T4/><D109/><U98/><E88/><V107/><F107/><W51/><G51/><N who="0" m="30847" /><D28/><U129/><E129/><V71/><F111/><W120/><G6/><T12/><D12/><U20/><REACH who="1" step="1"/><E31/><REACH who="1" ten="250,240,250,250" step="2"/><V44/><F62/><W103/><G105/><T106/><D106/><U36/><E36/><V134/><F131/><W18/><G30/><T94/><D101/><N who="3" m="38985" /><G35/><T61/><D94/><U0/><E0/><V1/><F1/><W34/><G34/><T16/><D4/><U81/><E81/><V133/><F83/><N who="3" m="49535" /><G120/><AGARI ba="0,1" hai="9,10,20,24,29,46,50,53,96,97,98,120,121,123" machi="120" ten="40,8000,1" yaku="1,1,52,3,53,0" doraHai="119" doraHaiUra="57" who="1" fromWho="3" sc="250,0,240,90,250,0,250,-80" /><INIT seed="1,0,0,2,2,120" ten="250,330,250,170" oya="1" hai0="38,103,13,124,67,0,118,129,39,51,92,64,99" hai1="28,62,128,106,41,40,27,94,57,131,53,71,24" hai2="20,70,54,59,35,117,65,78,126,115,101,42,100" hai3="84,43,48,36,83,66,69,109,23,68,26,81,122"/><U127/><E106/><V112/><F35/><W82/><G122/><T6/><D118/><U7/><E127/><V31/><F117/><W88/><G36/><T10/><D124/><U85/><E71/><V9/><F78/><W91/><G109/><T133/><D129/><N who="1" m="49739" /><E7/><V33/><F33/><W123/><G123/><T74/><D74/><U79/><E24/><V95/><F9/><W45/><G66/><T86/><D133/><U132/><E132/><V16/><F31/><W22/><G68/><T72/><D72/><U21/><E94/><V108/><F42/><W97/><G69/><T121/><D121/><U49/><E62/><V46/><F126/><W5/><G5/><T76/><D0/><U96/><E96/><V52/><F95/><W58/><G58/><T17/><D6/><U44/><E57/><V32/><F59/><W110/><G110/><T56/><D39/><U87/><E79/><V50/><F108/><W98/><G22/><T89/><D76/><U134/><E134/><V47/><F32/><W135/><G135/><T111/><D38/><U60/><E60/><V113/><F70/><W14/><G14/><T30/><D30/><U119/><E119/><V11/><F65/><W75/><G75/><T8/><D8/><U25/><E25/><N who="2" m="14471" /><F11/><W4/><G4/><T29/><D29/><U2/><E2/><V19/><F19/><N who="3" m="12671" /><G84/><AGARI ba="0,0" hai="21,27,28,40,41,44,49,53,84,85,87" m="49739" machi="84" ten="30,1500,0" yaku="19,1" doraHai="120" who="1" fromWho="3" sc="250,0,330,15,250,0,170,-15" /><INIT seed="1,1,0,0,4,67" ten="250,345,250,155" oya="1" hai0="31,16,21,113,15,111,4,106,88,72,76,65,128" hai1="23,126,115,14,87,84,64,49,5,30,105,107,20" hai2="39,112,79,19,60,77,46,2,109,119,32,121,78" hai3="57,34,92,27,45,74,93,95,55,8,97,91,102"/><U98/><E115/><V66/><F119/><W101/><G74/><T7/><D113/><U17/><E126/><V53/><F121/><W83/><G34/><T130/><D106/><U29/><E5/><V51/><F2/><W133/><G133/><T43/><D111/><U13/><E64/><V12/><F109/><W94/><G45/><T114/><D114/><U80/><E49/><V22/><F32/><W26/><G8/><T82/><D43/><U63/><E63/><V124/><F112/><W28/><G83/><T131/><D31/><U42/><E42/><V100/><F100/><W104/><G104/><T125/><D125/><U33/><E33/><V81/><F39/><W61/><G28/><T75/><D72/><U90/><E98/><V99/><F99/><W47/><G47/><T54/><D65/><U135/><E80/><V69/><REACH who="2" step="1"/><F124/><REACH who="2" ten="250,345,240,155" step="2"/><W37/><G37/><T9/><D130/><U110/><E110/><V68/><F68/><W71/><G71/><T35/><D35/><U10/><E135/><V0/><F0/><W86/><G97/><T117/><D117/><U44/><E105/><V62/><F62/><W85/><REACH who="3" step="1"/><G86/><AGARI ba="1,1" hai="12,19,22,46,51,53,60,66,69,77,78,79,81,86" machi="86" ten="30,3900,0" yaku="1,1,7,1,52,1,53,0" doraHai="67" doraHaiUra="132" who="2" fromWho="3" sc="250,0,345,0,240,52,155,-42" /><INIT seed="2,0,0,5,0,29" ten="250,345,292,113" oya="2" hai0="111,77,78,54,85,47,119,118,46,120,4,51,95" hai1="19,115,69,57,30,130,9,61,24,23,65,66,16" hai2="84,55,2,11,7,92,104,127,20,10,113,134,58" hai3="32,97,133,3,93,109,60,68,117,45,17,81,129"/><V44/><F104/><W39/><G117/><N who="0" m="44555" /><D111/><U102/><E115/><V53/><F113/><W114/><G114/><T132/><D120/><U75/><E75/><V67/><F134/><W91/><G109/><T70/><D70/><U35/><E130/><V116/><F116/><W43/><G129/><T101/><D132/><U41/><E41/><V6/><F20/><W99/><G133/><T12/><D47/><U56/><E102/><V8/><F8/><W33/><G3/><T0/><D0/><U59/><E9/><V28/><F28/><W125/><G125/><T34/><D12/><U22/><E65/><V63/><F44/><W128/><G128/><T105/><D4/><U73/><E73/><V31/><F31/><W52/><G17/><T50/><D50/><U90/><E90/><V106/><F106/><W110/><G110/><T126/><D126/><U36/><E36/><V13/><F127/><W79/><G99/><N who="0" m="61631" /><D34/><U100/><E100/><V80/><REACH who="2" step="1"/><F92/><REACH who="2" ten="250,345,282,113" step="2"/><W71/><G71/><T76/><D95/><U88/><E23/><V42/><F42/><W15/><G15/><T21/><D21/><U108/><E108/><V124/><F124/><W89/><G89/><AGARI ba="0,1" hai="2,6,7,10,11,13,53,55,58,63,67,80,84,89" machi="89" ten="30,2900,0" yaku="1,1,7,1,53,0" doraHai="29" doraHaiUra="123" who="2" fromWho="3" sc="250,0,345,0,282,39,113,-29" /><INIT seed="2,1,0,0,1,111" ten="250,345,321,84" oya="2" hai0="36,0,13,66,49,4,20,76,59,35,2,71,74" hai1="125,77,7,12,99,92,120,63,104,78,19,68,48" hai2="91,93,8,119,44,16,28,70,60,58,130,117,52" hai3="73,124,54,116,3,87,50,15,26,118,107,18,24"/><V75/><F75/><W34/><G73/><T37/><D35/><U127/><E104/><V40/><F130/><W110/><G107/><T69/><D20/><U88/><E120/><V89/><F28/><W128/><G128/><T22/><D22/><N who="1" m="11623" /><E7/><V134/><F134/><W11/><G110/><T81/><D13/><U38/><E38/><V90/><F70/><W32/><G87/><T17/><D17/><U96/><E96/><V25/><F93/><W51/><G54/><T29/><D29/><U115/><E115/><V72/><F72/><W100/><G100/><T84/><D49/><U21/><E21/><V85/><F85/><W1/><G50/><T39/><D59/><U65/><E48/><V103/><F103/><W61/><G61/><T46/><D84/><U108/><E108/><V83/><F83/><W47/><G47/><T31/><D31/><U82/><E82/><V131/><F131/><W132/><G51/><T5/><D46/><U14/><E14/><N who="2" m="7239" /><F25/><N who="3" m="9835" /><G132/><T33/><D66/><U45/><E45/><V80/><F80/><W62/><G62/><T86/><D86/><U98/><E98/><V121/><F121/><W101/><G101/><T109/><D109/><U56/><E68/><N who="0" m="26185" /><D33/><N who="3" m="12905" /><G124/><AGARI ba="1,0" hai="56,63,65,77,78,88,92,99,124,125,127" m="11623" machi="124" ten="30,2000,0" yaku="18,1,54,1" doraHai="111" who="1" fromWho="3" sc="250,0,345,23,321,0,84,-23" /><INIT seed="3,0,0,5,2,48" ten="250,368,321,61" oya="3" hai0="87,99,72,15,116,24,92,71,135,39,77,122,123" hai1="57,67,131,84,66,117,38,75,59,81,93,55,108" hai2="33,104,29,56,128,106,43,31,120,13,8,32,101" hai3="51,73,0,61,11,42,2,70,23,49,68,82,35"/><W96/><G35/><T62/><D39/><U83/><E38/><V6/><F43/><W121/><G121/><T54/><D116/><U65/><E108/><V88/><F120/><W63/><G42/><T79/><D135/><U52/><E117/><V10/><F101/><W18/><G96/><T111/><D111/><U113/><E113/><V34/><F128/><W50/><G82/><N who="1" m="31242" /><E75/><V74/><F74/><W27/><G73/><T30/><D87/><U130/><E130/><V109/><F109/><W7/><REACH who="3" step="1"/><G2/><REACH who="3" ten="250,368,321,51" step="2"/><T41/><D72/><U3/><E3/><V64/><F32/><W76/><G76/><T78/><D41/><U129/><E129/><V4/><F33/><W16/><G16/><T102/><D123/><U103/><E131/><V134/><F34/><W90/><G90/><T19/><D122/><U28/><E28/><V107/><F88/><W119/><G119/><T91/><D91/><N who="1" m="53479" /><E103/><V124/><F31/><W14/><G14/><T26/><D30/><U105/><E105/><V89/><F29/><W80/><G80/><T115/><D115/><U22/><E22/><V118/><F118/><W127/><G127/><T126/><D126/><U110/><E110/><V9/><F124/><W46/><G46/><T98/><D98/><U132/><E132/><V133/><F89/><W94/><G94/><T12/><D92/><U69/><E69/><AGARI ba="0,1" hai="0,7,11,18,23,27,49,50,51,61,63,68,69,70" machi="69" ten="40,2000,0" yaku="1,1,53,0" doraHai="48" doraHaiUra="53" who="3" fromWho="1" sc="250,0,368,-20,321,0,51,30" /><INIT seed="3,1,0,3,5,121" ten="250,348,321,81" oya="3" hai0="113,64,83,37,110,101,52,24,12,20,97,44,22" hai1="78,103,29,53,63,132,75,73,72,106,85,77,74" hai2="0,5,42,102,89,28,13,81,90,96,124,15,115" hai3="46,135,55,125,79,14,70,116,19,91,61,1,36"/><W120/><G120/><T123/><D123/><U10/><E29/><V86/><F115/><W122/><G122/><T32/><D113/><U58/><E132/><V21/><F0/><W127/><G1/><T57/><D64/><U45/><E106/><V27/><F42/><N who="3" m="22855" /><G79/><T100/><D83/><U62/><E103/><V51/><F124/><N who="3" m="47691" /><G91/><T50/><D101/><U117/><E117/><V67/><F89/><W18/><G116/><T88/><D12/><U56/><E45/><V4/><F15/><W68/><G14/><T39/><D88/><U98/><E98/><V34/><F13/><W60/><G18/><T87/><D87/><U82/><E10/><V9/><F9/><W6/><G19/><T38/><D44/><U99/><E99/><V94/><F96/><W41/><G6/><T17/><D22/><U128/><E128/><V25/><F21/><W111/><G41/><T65/><D32/><U49/><E72/><V31/><F4/><W69/><G135/><T48/><D100/><U59/><E77/><V105/><F5/><W11/><G11/><T3/><D3/><U7/><E7/><V112/><F105/><W35/><G35/><T107/><D107/><U54/><E74/><V95/><F102/><W8/><G8/><T84/><D97/><U133/><E133/><V119/><F119/><W40/><G40/><T126/><D126/><U80/><E80/><V2/><F2/><W23/><G23/><T33/><D33/><U30/><E30/><V114/><F31/><W108/><G55/><AGARI ba="1,0" hai="49,53,54,55,56,58,59,62,63,73,75,78,82,85" machi="55" ten="30,2000,0" yaku="7,1,9,1" doraHai="121" who="1" fromWho="3" sc="250,0,348,23,321,0,81,-23" /><INIT seed="4,0,0,2,0,102" ten="250,371,321,58" oya="0" hai0="65,0,29,21,90,67,55,134,51,10,12,64,69" hai1="108,45,127,52,100,42,95,49,22,35,135,87,17" hai2="131,114,124,82,5,103,129,93,43,24,105,112,104" hai3="125,62,88,6,33,27,25,79,61,38,4,71,74"/><T57/><D134/><U11/><E108/><V7/><F43/><W123/><G38/><T86/><D69/><U94/><E35/><V9/><F7/><W30/><G125/><T126/><D126/><U54/><E127/><V46/><F46/><W89/><G123/><T63/><D0/><U53/><E135/><V85/><F24/><W116/><G116/><T76/><D76/><U60/><E11/><V115/><F124/><W40/><G71/><T2/><D2/><U92/><E87/><V72/><F72/><W58/><G40/><T128/><D128/><N who="2" m="49226" /><F93/><W3/><G3/><T8/><D63/><U26/><REACH who="1" step="1"/><E60/><REACH who="1" ten="250,361,321,58" step="2"/><V56/><F56/><W130/><G130/><T81/><REACH who="0" step="1"/><D12/><REACH who="0" ten="240,361,321,58" step="2"/><U107/><E107/><V41/><F104/><W47/><G74/><T59/><D59/><U133/><E133/><V75/><F105/><W106/><G106/><T80/><D80/><U23/><E23/><V15/><F82/><W32/><G58/><T110/><D110/><U48/><E48/><V118/><F75/><W1/><G1/><T13/><D13/><U39/><E39/><V78/><F15/><W16/><G47/><T31/><D31/><U73/><E73/><V119/><F119/><W18/><G30/><T96/><D96/><AGARI ba="0,2" hai="17,22,26,42,45,49,52,53,54,92,94,95,96,100" machi="96" ten="40,5200,0" yaku="1,1,8,1,54,1,53,0" doraHai="102" doraHaiUra="109" who="1" fromWho="0" sc="240,-52,361,72,321,0,58,0" /><INIT seed="5,0,0,0,1,39" ten="188,433,321,58" oya="1" hai0="56,47,131,72,16,36,44,105,84,49,26,14,113" hai1="74,115,95,73,55,106,13,53,94,62,64,104,116" hai2="31,33,108,132,45,59,82,46,24,37,40,7,93" hai3="99,101,60,15,103,17,32,52,43,63,135,27,90"/><U117/><E13/><V83/><F108/><W126/><G135/><T110/><D110/><U61/><REACH who="1" step="1"/><E64/><REACH who="1" ten="188,423,321,58" step="2"/><V122/><F132/><W100/><G126/><T77/><D14/><U111/><E111/><V23/><F122/><W58/><G32/><T75/><D75/><U92/><E92/><V88/><F7/><W22/><G15/><T34/><D72/><U11/><E11/><V133/><F133/><W124/><G124/><T28/><D105/><U81/><E81/><V85/><F33/><W3/><G3/><T70/><D34/><U107/><E107/><V87/><F87/><W89/><G63/><T20/><D20/><U38/><E38/><V9/><F9/><W96/><G96/><T5/><D36/><U2/><E2/><V121/><F121/><W25/><G25/><T129/><D84/><U71/><E71/><V109/><F109/><W79/><G79/><T21/><D77/><U76/><E76/><V125/><F125/><W128/><G128/><T8/><D70/><U54/><E54/><V18/><F83/><W98/><G98/><T30/><D131/><U51/><E51/><V57/><F82/><W118/><G118/><T35/><D129/><U78/><E78/><V112/><F85/><W10/><G10/><T68/><D8/><U86/><E86/><V119/><F119/><W50/><G99/><T123/><D123/><U67/><E67/><V48/><F24/><W66/><REACH who="3" step="1"/><G43/><REACH who="3" ten="188,423,321,48" step="2"/><T69/><D35/><U127/><E127/><V80/><F40/><W102/><N who="3" m="25600" /><DORA hai="120" /><W42/><G42/><T4/><D26/><U134/><E134/><RYUUKYOKU ba="0,2" sc="188,-15,423,15,321,-15,48,15" hai1="53,55,61,62,73,74,94,95,104,106,115,116,117" hai3="17,22,27,50,52,58,60,66,89,90" /><INIT seed="5,1,2,0,3,36" ten="173,438,306,63" oya="1" hai0="61,113,109,45,123,17,67,92,85,101,90,80,121" hai1="116,78,43,86,10,74,75,11,38,128,106,62,63" hai2="7,132,34,87,21,114,134,135,71,50,64,49,30" hai3="8,69,33,5,76,22,56,3,131,58,60,52,18"/><U16/><E116/><V59/><F34/><W0/><G131/><T130/><D109/><U84/><E106/><V19/><F30/><W119/><G119/><T12/><D113/><U6/><E128/><V95/><F7/><W77/><G33/><T79/><D130/><U51/><E38/><V4/><F4/><W110/><G110/><T35/><D35/><U73/><E78/><V124/><F71/><W37/><G0/><T15/><D101/><U2/><E84/><V107/><F107/><W24/><G69/><T66/><D45/><U81/><E86/><V20/><F124/><W40/><REACH who="3" step="1"/><G58/><REACH who="3" ten="173,438,306,53" step="2"/><T96/><D123/><U48/><E2/><V125/><F59/><W111/><G111/><T99/><D121/><U14/><E73/><V26/><F132/><W117/><G117/><T28/><D67/><U72/><E74/><V120/><F64/><W70/><G70/><T27/><D66/><U112/><E72/><V122/><F120/><W55/><G55/><T44/><D12/><U127/><E75/><V46/><F122/><W88/><G88/><T39/><D15/><U31/><E14/><V47/><F134/><W118/><G118/><T65/><D65/><U103/><E112/><V129/><F114/><W93/><G93/><T23/><D92/><U1/><E1/><V68/><F135/><W54/><G54/><T94/><D94/><U42/><E127/><V100/><F125/><W105/><G105/><T53/><D90/><U29/><E103/><V104/><F100/><W89/><G89/><T108/><D108/><U57/><E57/><V115/><F129/><RYUUKYOKU ba="1,3" sc="173,-10,438,-10,306,-10,53,30" hai3="3,5,8,18,22,24,37,40,52,56,60,76,77" /><INIT seed="6,2,3,1,2,120" ten="163,428,296,83" oya="2" hai0="71,39,14,42,50,133,83,51,27,103,112,91,19" hai1="124,37,8,2,64,34,117,128,85,23,113,90,58" hai2="115,55,43,18,67,57,61,66,0,123,15,106,36" hai3="102,109,100,130,129,33,80,40,69,95,84,107,86"/><V82/><F123/><W89/><G33/><T9/><D71/><U97/><E34/><V1/><F106/><W118/><G69/><T59/><D112/><U13/><E117/><V32/><F32/><W20/><G40/><T22/><D133/><U29/><E37/><V105/><F105/><W28/><G118/><T38/><D103/><N who="3" m="39465" /><G28/><T45/><D39/><U132/><E113/><V135/><F135/><W122/><G20/><T104/><D104/><U25/><E132/><V65/><F115/><W94/><G107/><T21/><D59/><U6/><E128/><N who="3" m="49258" /><G122/><T5/><D22/><U114/><E124/><V116/><F116/><W62/><G62/><T96/><REACH who="0" step="1"/><D83/><REACH who="0" ten="153,428,296,83" step="2"/><U79/><E23/><V131/><F131/><W78/><G109/><T72/><D72/><U111/><E111/><V24/><F82/><N who="3" m="47191" /><G89/><T119/><D119/><U41/><E90/><V44/><F24/><W11/><G11/><T46/><D46/><U98/><E114/><V3/><F36/><W75/><G75/><T81/><D81/><U73/><E73/><V52/><F44/><W63/><G63/><T99/><D99/><U88/><E97/><V127/><F61/><W76/><AGARI ba="2,4" hai="76,80,86,94,95" m="47191,49258,39465" machi="76" ten="30,32000,5" yakuman="43" doraHai="120" who="3" fromWho="3" sc="153,-82,428,-82,296,-162,83,366" /><INIT seed="7,0,0,4,1,26" ten="71,346,134,449" oya="3" hai0="82,35,100,33,125,84,126,4,106,99,85,107,61" hai1="72,128,49,9,97,28,89,38,105,23,59,36,50" hai2="14,15,39,123,134,2,16,24,88,31,81,98,45" hai3="52,73,62,77,135,130,34,30,110,32,79,66,48"/><W47/><G130/><T94/><D4/><U42/><E72/><V54/><F2/><W65/><G135/><T95/><D61/><U12/><E128/><V53/><F134/><W7/><G110/><T43/><D43/><U122/><E122/><V116/><F116/><W93/><G7/><T68/><D68/><U109/><E109/><V46/><F39/><W70/><G73/><T104/><D95/><U17/><E42/><V86/><F123/><W27/><G32/><T0/><D0/><U41/><E41/><V114/><F114/><W76/><G65/><T113/><D113/><U83/><E105/><V56/><F98/><W19/><G19/><T60/><D60/><U101/><E101/><V5/><F5/><W92/><AGARI ba="0,0" hai="27,30,34,47,48,52,62,66,70,76,77,79,92,93" machi="92" ten="30,6000,0" yaku="0,1,52,1,54,1" doraHai="26" who="3" fromWho="3" sc="71,-20,346,-20,134,-20,449,60" owari="51,-45.0,326,13.0,114,-29.0,509,61.0" /></mjloggm>