<mjloggm ver="2.3"><GO type="185" lobby="0"/><UN n0="%E3%83%84%E3%83%BC%E3%82%A2%E3%82%A6%E3%83%88" n1="%43%72%65%2E%43" n2="%E6%84%9B%E3%81%A8%E6%AD%A3%E7%BE%A9" n3="" dan="16,18,17,0" rate="2228.52,2317.37,2273.16,1500.00" sx="M,F,F,C"/><TAIKYOKU oya="0"/><INIT seed="0,0,0,1,5,123" ten="350,350,350,0" oya="0" hai0="72,59,115,43,105,107,0,103,32,42,100,35,48" hai1="52,76,134,86,40,1,95,66,135,84,110,125,108" hai2="126,85,39,122,70,83,57,130,133,77,109,98,75" hai3=""/><T91/><D72/><U116/><E116/><V93/><N who="2" m="31264" /><V120/><N who="2" m="30752" /><V58/><F70/><T38/><D59/><U47/><E1/><V121/><N who="2" m="31008" /><V94/><F133/><N who="1" m="50697" /><E125/><V128/><F126/><T44/><D0/><U99/><E66/><V131/><F39/><T53/><D115/><U36/><E52/><V2/><F2/><T119/><D119/><U60/><E60/><V63/><F109/><N who="1" m="42089" /><E76/><V34/><F34/><T132/><D32/><U64/><E64/><V69/><F69/><T102/><D35/><U68/><E68/><V56/><F63/><T92/><D132/><U87/><E87/><V82/><F98/><T88/><D53/><U51/><E36/><V89/><AGARI ba="0,0" hai="56,57,58,75,77,82,83,85,89,93,94,128,130,131" m="31008,30752,31264" machi="89" ten="40,6000,1" yaku="0,1,19,1,52,3" doraHai="123" who="2" fromWho="2" sc="350,-40,350,-20,350,60,0,0" /><INIT seed="1,0,0,5,5,123" ten="310,330,410,0" oya="1" hai0="115,132,124,71,86,64,52,118,45,69,128,121,91" hai1="101,43,79,68,125,99,89,111,72,92,87,131,56" hai2="77,74,80,105,96,129,36,0,34,100,35,133,2" hai3=""/><U49/><E68/><V104/><F133/><T109/><N who="0" m="31008" /><T83/><D115/><U103/><E131/><V126/><F129/><T70/><D128/><U113/><E113/><V134/><F134/><T61/><D132/><U112/><E112/><V93/><F36/><T42/><D118/><U51/><E72/><V88/><F126/><T33/><D33/><N who="2" m="12298" /><F105/><T75/><D75/><U82/><E125/><V116/><F116/><T135/><D135/><U73/><E111/><V59/><F59/><T97/><D109/><U85/><E73/><V54/><F54/><T94/><D52/><U37/><E56/><V119/><F119/><T114/><D114/><U66/><E66/><V108/><F108/><T58/><D124/><U90/><E79/><V47/><F47/><T76/><REACH who="0" step="1"/><D58/><REACH who="0" ten="300,330,410,0" step="2"/><U53/><E53/><V48/><F74/><T39/><AGARI ba="0,1" hai="39,42,45,61,64,69,70,71,76,83,86,91,94,97" m="31008" machi="39" ten="20,6000,1" yaku="1,1,2,1,0,1,7,1,52,1,53,0" doraHai="123" doraHaiUra="122" who="0" fromWho="0" sc="300,70,330,-40,410,-20,0,0" /><INIT seed="2,0,0,1,4,0" ten="370,290,390,0" oya="2" hai0="51,87,81,37,112,59,104,56,107,109,135,44,34" hai1="123,53,68,116,60,35,2,85,67,83,82,36,58" hai2="129,115,1,78,89,117,114,38,131,73,75,124,94" hai3=""/><V121/><N who="2" m="31008" /><V111/><F1/><T64/><D109/><U118/><N who="1" m="31520" /><U128/><E2/><V65/><F38/><T132/><D112/><N who="2" m="43050" /><F65/><T86/><D37/><U98/><E128/><N who="2" m="49227" /><F117/><T88/><D34/><U72/><E36/><V49/><F49/><T97/><D64/><U127/><E35/><V42/><F42/><T55/><D87/><U103/><E118/><V110/><F124/><T84/><D84/><U92/><E127/><V61/><F61/><T133/><D97/><U70/><E116/><V76/><F76/><T99/><D99/><U69/><E67/><V79/><F79/><T33/><D33/><U120/><N who="1" m="30752" /><U54/><E53/><V47/><F47/><T93/><D44/><U106/><E70/><V96/><F78/><T126/><D126/><U91/><E68/><V43/><F43/><T77/><D59/><U90/><E69/><V134/><F134/><T45/><D45/><U125/><E125/><V119/><F119/><T63/><D63/><U62/><E62/><V39/><F39/><T95/><D77/><U130/><E130/><V66/><F66/><T57/><D57/><U50/><E60/><V122/><N who="2" m="31264" /><V3/><F3/><T105/><AGARI ba="0,0" hai="51,55,56,81,86,88,93,95,104,105,107,132,133,135" machi="105" ten="40,3900,0" yaku="0,1,20,1,54,1" doraHai="0" who="0" fromWho="0" sc="370,39,290,-13,390,-26,0,0" /><INIT seed="4,0,0,3,2,98" ten="409,277,364,0" oya="0" hai0="34,124,60,127,112,47,39,103,33,89,51,86,110" hai1="123,74,69,131,109,68,45,2,135,126,134,130,120" hai2="129,119,97,111,52,78,106,113,128,64,117,49,87" hai3=""/><T67/><D39/><U81/><N who="1" m="30752" /><U115/><N who="1" m="31520" /><U85/><E109/><V93/><F111/><T0/><D0/><U92/><E2/><V57/><F113/><T65/><D112/><U133/><E115/><V114/><F114/><T35/><D110/><U83/><E126/><N who="0" m="48169" /><D103/><U80/><E74/><V94/><F64/><N who="0" m="24650" /><D60/><U38/><E38/><V116/><F106/><T100/><D100/><U91/><REACH who="1" step="1"/><E45/><REACH who="1" ten="409,267,364,0" step="2"/><V40/><F117/><T79/><D33/><U37/><E37/><V108/><F108/><T48/><D34/><U42/><E42/><V107/><F40/><T58/><D35/><U105/><E105/><V56/><F107/><T44/><D44/><U53/><E53/><V132/><F116/><T3/><D3/><U102/><E102/><V32/><F119/><T95/><D47/><U96/><E96/><V41/><F97/><T122/><N who="0" m="31264" /><T118/><D118/><U77/><E77/><V36/><F32/><T121/><N who="0" m="31008" /><T66/><D79/><U101/><E101/><V71/><F78/><T62/><AGARI ba="0,1" hai="48,51,58,62,66,86,89,95" m="31008,31264,24650,48169" machi="62" ten="30,4000,0" yaku="18,1,52,2" doraHai="98" who="0" fromWho="0" sc="409,50,267,-20,364,-20,0,0" /><INIT seed="4,1,0,3,1,47" ten="459,247,344,0" oya="0" hai0="93,132,98,54,41,121,1,74,83,69,49,96,2" hai1="68,81,52,118,104,86,133,95,113,59,58,129,125" hai2="117,97,122,120,127,53,3,128,39,45,75,80,108" hai3=""/><T82/><N who="0" m="31008" /><T130/><D69/><U109/><E109/><V37/><N who="2" m="30752" /><V44/><N who="2" m="31264" /><V105/><F108/><T79/><D130/><U91/><E118/><V76/><F3/><T50/><D132/><U134/><E104/><V57/><F128/><T94/><D41/><U115/><E68/><V43/><F127/><T99/><D83/><U60/><E129/><V72/><F72/><T90/><D50/><U126/><E59/><V106/><F117/><T110/><D110/><U107/><E107/><V73/><F73/><T36/><D36/><U131/><E131/><V78/><F78/><T61/><D61/><U46/><E46/><V89/><F44/><T67/><D67/><U101/><E101/><V124/><F37/><T64/><D64/><U112/><REACH who="1" step="1"/><E81/><REACH who="1" ten="459,237,344,0" step="2"/><V65/><F105/><T71/><D71/><U0/><E0/><V51/><F124/><AGARI ba="1,1" hai="52,58,60,86,91,95,112,113,115,124,125,126,133,134" machi="124" ten="50,12000,2" yaku="1,1,15,1,11,1,18,1,54,1,53,1" doraHai="47" doraHaiUra="48" who="1" fromWho="2" sc="459,0,237,132,344,-122,0,0" /><INIT seed="5,0,0,2,5,43" ten="459,369,222,0" oya="1" hai0="107,72,125,82,100,78,57,67,117,104,85,94,103" hai1="86,52,55,91,1,96,64,112,77,51,121,126,56" hai2="95,102,40,97,58,65,73,49,54,74,99,92,76" hai3=""/><U61/><N who="1" m="31008" /><U66/><E112/><V60/><F40/><T88/><D57/><U68/><E1/><V33/><F76/><T130/><D130/><U127/><E77/><V114/><F33/><T69/><D67/><U111/><E96/><V118/><F118/><T59/><D59/><U46/><E111/><V0/><F0/><T134/><D69/><U71/><E68/><V47/><REACH who="2" step="1"/><F114/><REACH who="2" ten="459,369,212,0" step="2"/><T120/><N who="0" m="30752" /><T38/><D117/><U108/><E108/><V50/><F50/><T41/><D41/><U119/><E119/><V79/><F79/><T3/><D38/><U113/><E113/><V90/><AGARI ba="0,1" hai="47,49,54,58,60,65,73,74,90,92,95,97,99,102" machi="90" ten="20,9000,2" yaku="1,1,0,1,7,1,52,1,53,2" doraHai="43" doraHaiUra="106" who="2" fromWho="2" sc="459,-30,369,-60,212,100,0,0" /><INIT seed="6,0,0,4,0,129" ten="429,309,312,0" oya="2" hai0="90,38,57,65,123,62,125,2,133,66,100,68,61" hai1="82,69,39,86,34,81,45,92,40,126,113,99,74" hai2="135,52,1,33,49,50,95,104,79,91,115,122,0" hai3=""/><V83/><N who="2" m="31264" /><V35/><F104/><T94/><N who="0" m="31520" /><T134/><D38/><U96/><E34/><V131/><F131/><T64/><D2/><U112/><E69/><V109/><F33/><T116/><D116/><U103/><E126/><V54/><F35/><T56/><D100/><U106/><E74/><V93/><F115/><N who="1" m="44105" /><E86/><V121/><N who="2" m="31008" /><V76/><F91/><AGARI ba="0,0" hai="39,40,45,81,82,91,92,96,99,103,106" m="44105" machi="91" ten="30,1000,0" yaku="15,1" doraHai="129" who="1" fromWho="2" sc="429,0,309,10,312,-10,0,0" owari="429,38.0,319,-8.0,302,-30.0,0,0.0" /></mjloggm>