<mjloggm ver="2.3"><GO type="169" lobby="0"/><UN n0="%42%6F%77%32%30%30%30" n1="%E5%85%AD%E9%83%A8%E5%9C%AD" n2="%4D%53%4E" n3="%E3%83%8F%E5%B4%8E%E7%9C%9F%E6%82%9F" dan="16,16,16,17" rate="2084.50,2104.86,2150.37,2209.93" sx="M,M,M,M"/><TAIKYOKU oya="0"/><INIT seed="0,0,0,4,3,50" ten="250,250,250,250" oya="0" hai0="39,113,89,119,24,123,69,85,1,72,68,86,17" hai1="96,12,47,83,33,128,101,60,27,32,53,51,102" hai2="4,25,48,125,118,40,14,13,121,49,77,61,74" hai3="52,90,18,122,66,21,54,45,75,106,129,67,79"/><T65/><D113/><U31/><E128/><V59/><F121/><W76/><G106/><T30/><D123/><U36/><E101/><V62/><F125/><W91/><G129/><T19/><D72/><U10/><E36/><V26/><F77/><N who="3" m="29771" /><G75/><T5/><D39/><U104/><E83/><V35/><F118/><W56/><G45/><T93/><D119/><U73/><E73/><V78/><F78/><W126/><G126/><T95/><D5/><U71/><E71/><V110/><F35/><W38/><G38/><T58/><D1/><U42/><E60/><V82/><F61/><N who="3" m="38183" /><G67/><T6/><D65/><U63/><E63/><V97/><F74/><W0/><G0/><T43/><D43/><U88/><E88/><N who="3" m="33834" /><G122/><T84/><D69/><U23/><REACH who="1" step="1"/><E42/><REACH who="1" ten="250,240,250,250" step="2"/><V44/><F62/><W109/><G109/><T124/><D68/><U114/><E114/><V11/><F40/><W108/><G108/><T100/><D124/><U64/><E64/><V92/><F110/><W115/><G115/><T105/><D105/><U34/><E34/><V8/><F59/><W46/><G46/><T16/><D58/><U98/><E98/><V2/><F44/><W127/><G127/><T7/><D95/><U133/><E133/><V99/><F99/><W28/><G28/><T29/><D29/><U37/><E37/><V111/><F111/><W132/><G132/><T107/><D107/><U81/><E81/><V41/><F41/><W94/><G94/><T3/><D93/><U87/><E87/><V120/><F120/><W80/><G80/><T15/><D86/><U55/><E55/><RYUUKYOKU ba="0,1" sc="250,-15,240,15,250,-15,250,15" hai1="10,12,23,27,31,32,33,47,51,53,96,102,104" hai3="18,21,52,54" /><INIT seed="1,1,1,4,1,54" ten="235,255,235,265" oya="1" hai0="100,47,29,11,118,135,9,60,31,72,110,35,13" hai1="5,104,61,14,78,22,20,131,114,102,37,127,62" hai2="44,15,39,58,96,45,84,7,16,70,113,4,133" hai3="55,27,30,111,73,43,52,109,128,93,87,98,117"/><U23/><E114/><V76/><F133/><W10/><G73/><T50/><D118/><U99/><E37/><V85/><F70/><W56/><G43/><T36/><D135/><U91/><E131/><V17/><F113/><W130/><G87/><T6/><D36/><U92/><E127/><V3/><F3/><W68/><G10/><T59/><D110/><N who="3" m="41993" /><G68/><T82/><D35/><U90/><E78/><V57/><F96/><W53/><G117/><T71/><D71/><U86/><REACH who="1" step="1"/><E90/><REACH who="1" ten="235,245,235,265" step="2"/><V101/><F39/><W83/><G128/><T123/><D123/><U103/><E103/><V126/><F126/><W120/><G130/><T8/><D100/><U38/><E38/><V124/><F124/><W49/><G120/><T115/><D115/><U74/><E74/><V69/><F101/><N who="3" m="60623" /><G83/><T21/><D82/><U65/><E65/><V121/><F121/><W51/><G51/><T66/><D72/><U1/><E1/><V28/><F76/><W67/><G67/><T32/><D50/><U42/><E42/><V107/><F84/><W119/><G119/><T77/><D66/><U132/><E132/><V116/><F85/><W134/><G134/><T46/><D77/><U75/><E75/><V125/><F125/><W24/><G24/><T79/><D79/><U33/><E33/><AGARI ba="1,2" hai="27,30,33,49,52,53,55,56" m="60623,41993" machi="33" ten="30,3900,0" yaku="14,1,52,1,54,1" doraHai="54" who="3" fromWho="1" sc="235,0,245,-42,235,0,265,62" /><INIT seed="2,0,0,0,3,106" ten="235,203,235,327" oya="2" hai0="54,59,0,46,123,75,92,64,74,25,15,66,129" hai1="101,12,14,118,104,121,19,2,111,85,43,135,41" hai2="103,55,33,73,10,36,109,21,22,87,11,51,114" hai3="76,69,60,29,57,17,13,77,100,45,125,62,52"/><V93/><F114/><W31/><G125/><T134/><D123/><U120/><E118/><V133/><F36/><W112/><G112/><T37/><D0/><U119/><E119/><V72/><F33/><W23/><G100/><T49/><D129/><U32/><E2/><V113/><F113/><W115/><G115/><T78/><D134/><U108/><E32/><V124/><F133/><W28/><REACH who="3" step="1"/><G45/><REACH who="3" ten="235,203,235,317" step="2"/><T42/><D46/><U9/><E101/><V53/><F103/><W126/><G126/><T50/><D66/><AGARI ba="0,1" hai="13,17,23,28,29,31,52,57,60,62,66,69,76,77" machi="66" ten="40,2600,0" yaku="1,1,54,1,53,0" doraHai="106" doraHaiUra="97" who="3" fromWho="0" sc="235,-26,203,0,235,0,317,36" /><INIT seed="3,0,0,3,5,2" ten="209,203,235,353" oya="3" hai0="66,120,41,15,19,109,54,72,118,81,37,6,62" hai1="40,30,22,131,26,92,55,47,116,16,79,105,68" hai2="82,101,5,78,77,3,85,127,17,50,100,28,1" hai3="56,124,64,52,107,125,110,113,25,69,57,32,14"/><W49/><G113/><T60/><D118/><U38/><E105/><V74/><F127/><N who="3" m="48715" /><G107/><T75/><D120/><U86/><E116/><V129/><F129/><W44/><G14/><T10/><D109/><U73/><E131/><V23/><F28/><N who="3" m="19471" /><G110/><T87/><D19/><U48/><E68/><V4/><F1/><W11/><G11/><T112/><D112/><U8/><E73/><V95/><F3/><W34/><G34/><T126/><D126/><U114/><E114/><V0/><F0/><W97/><G97/><T80/><D80/><N who="1" m="47391" /><E38/><V61/><F74/><W45/><G69/><T12/><D12/><N who="1" m="7175" /><E92/><V58/><F95/><W96/><G96/><T111/><D111/><U31/><E31/><V36/><F36/><W122/><G122/><T63/><D66/><U71/><E71/><V104/><F104/><W9/><G9/><T59/><D75/><U94/><E94/><V46/><F101/><W134/><G134/><T67/><D67/><U102/><E102/><V91/><F100/><W98/><G98/><T121/><D72/><U90/><E90/><V20/><F91/><W84/><G84/><T7/><D87/><U24/><E24/><V88/><F78/><W27/><G27/><T83/><D121/><U21/><E21/><N who="2" m="8267" /><F77/><W39/><G39/><T35/><D37/><U130/><E130/><V117/><F117/><W43/><G64/><T99/><D99/><U29/><E29/><V93/><F93/><W51/><AGARI ba="0,0" hai="43,44,45,49,51,52,56,57" m="19471,48715" machi="51" ten="30,3000,0" yaku="18,1,54,1" doraHai="2" who="3" fromWho="3" sc="209,-10,203,-10,235,-10,353,30" /><INIT seed="3,1,0,4,4,25" ten="199,193,225,383" oya="3" hai0="56,50,53,69,3,59,1,63,91,30,129,118,98" hai1="121,115,27,86,0,65,102,46,52,130,15,73,34" hai2="128,66,54,74,127,16,39,17,112,126,87,97,119" hai3="78,51,33,45,32,107,8,68,35,41,83,13,44"/><W18/><G107/><T106/><D118/><U43/><E0/><V60/><F74/><W61/><G45/><T42/><D129/><U131/><E73/><V6/><F128/><W64/><REACH who="3" step="1"/><G33/><REACH who="3" ten="199,193,225,373" step="2"/><T47/><D47/><U116/><E46/><V37/><F127/><W23/><G23/><T135/><D42/><U75/><E43/><V133/><F126/><W12/><G12/><T10/><D106/><U4/><E15/><V11/><F11/><W101/><G101/><T132/><D10/><U21/><E21/><V36/><F119/><W82/><G82/><T93/><D1/><U70/><E34/><V103/><F103/><W14/><G14/><T111/><D3/><U57/><E102/><V124/><F124/><W2/><G2/><T49/><D135/><U104/><E104/><V26/><F133/><W92/><G92/><T88/><D132/><U84/><E116/><V76/><F36/><W38/><G38/><T113/><D93/><U24/><E130/><V123/><F37/><W110/><G110/><T94/><D94/><U90/><E131/><V79/><F39/><W5/><G5/><T28/><D111/><U31/><E4/><V19/><F6/><W96/><G96/><T77/><D98/><U100/><E100/><V122/><F97/><W67/><G67/><T85/><D50/><U55/><E65/><V95/><F66/><W134/><G134/><T81/><D49/><U80/><E80/><V120/><F120/><W99/><G99/><T117/><D81/><U108/><E121/><V7/><F123/><W9/><G9/><T22/><D117/><RYUUKYOKU ba="1,1" sc="199,-10,193,-10,225,-10,373,30" hai3="8,13,18,32,35,41,44,51,61,64,68,78,83" /><INIT seed="3,2,1,5,1,44" ten="189,183,215,403" oya="3" hai0="21,41,134,79,88,35,47,83,38,82,100,78,8" hai1="106,69,2,12,4,87,5,66,125,121,27,58,94" hai2="59,72,0,30,81,108,75,112,80,55,61,40,132" hai3="102,16,76,50,86,113,37,15,74,97,103,9,96"/><W133/><G37/><T127/><D35/><U107/><E121/><V129/><F108/><W124/><G113/><T3/><D134/><U122/><E122/><V90/><F112/><W130/><G124/><T116/><D116/><U71/><E2/><V28/><F0/><W32/><G32/><T118/><D118/><U131/><E27/><V77/><F129/><W43/><G74/><T135/><D135/><U34/><E34/><V33/><F132/><W105/><G130/><T84/><D127/><U10/><E58/><V70/><F33/><W23/><G133/><T91/><D100/><N who="3" m="38441" /><G105/><T128/><D21/><U57/><E57/><V95/><F70/><W117/><G117/><T101/><D101/><U67/><E131/><V119/><F40/><W51/><G43/><T6/><REACH who="0" step="1"/><D128/><REACH who="0" ten="179,183,215,403" step="2"/><U45/><E125/><V7/><F119/><W65/><G23/><T114/><D114/><U62/><E107/><V1/><F1/><W115/><G115/><T53/><D53/><U19/><E106/><V109/><F55/><W89/><G65/><T123/><D123/><U68/><E66/><V63/><F109/><W39/><G39/><T64/><D64/><U98/><E67/><V110/><F110/><W126/><G126/><T36/><D36/><U56/><E68/><V13/><F30/><W60/><G60/><T104/><D104/><U42/><E62/><V29/><F28/><W48/><G76/><T54/><D54/><U120/><E71/><V49/><F77/><W99/><G51/><T17/><D17/><U18/><E69/><V85/><F63/><W46/><G50/><RYUUKYOKU ba="2,2" sc="179,30,183,-10,215,-10,403,-10" hai0="3,6,8,38,41,47,78,79,82,83,84,88,91" /><INIT seed="4,3,2,1,2,115" ten="209,173,205,393" oya="0" hai0="39,80,37,48,76,83,67,2,14,92,118,4,101" hai1="99,59,3,120,23,126,31,81,105,66,16,78,79" hai2="116,32,36,107,1,127,84,113,28,114,50,70,35" hai3="30,41,111,12,88,131,65,61,125,29,57,74,100"/><T106/><D2/><U93/><E120/><V75/><RYUUKYOKU type="yao9" ba="3,2" sc="209,0,173,0,205,0,393,0" hai2="1,28,32,35,36,50,70,75,84,107,113,114,116,127" /><INIT seed="4,4,2,5,5,66" ten="209,173,205,393" oya="0" hai0="93,30,23,0,28,107,97,39,76,133,127,89,135" hai1="62,87,67,134,16,57,88,132,22,71,19,9,14" hai2="91,69,122,21,112,52,83,131,81,51,108,50,98" hai3="90,36,34,25,113,73,54,38,24,129,99,104,5"/><T65/><D39/><U96/><E96/><V32/><F108/><W78/><G25/><T70/><D0/><U27/><REACH who="1" step="1"/><E57/><REACH who="1" ten="209,163,205,393" step="2"/><V94/><F122/><W12/><G99/><T68/><D97/><U79/><E79/><V102/><F102/><W56/><G78/><T64/><D89/><U53/><E53/><V85/><F52/><W101/><G56/><T18/><D135/><U8/><E8/><V116/><F116/><W6/><G54/><T72/><D133/><U41/><E41/><V37/><F98/><W75/><G90/><T29/><D107/><U82/><AGARI ba="4,3" hai="9,14,16,19,22,27,62,67,71,82,87,88,132,134" machi="82" ten="30,8000,1" yaku="1,1,0,1,52,1,54,2,53,0" doraHai="66" doraHaiUra="119" who="1" fromWho="1" sc="209,-44,163,122,205,-24,393,-24" /><INIT seed="5,0,0,0,4,11" ten="165,285,181,369" oya="1" hai0="67,93,63,60,85,101,126,3,43,119,55,110,95" hai1="57,31,15,8,56,120,103,46,82,36,127,91,124" hai2="20,6,122,113,71,48,1,41,53,32,24,76,51" hai3="17,81,77,27,7,47,42,50,22,100,112,70,104"/><U39/><E120/><V58/><F122/><W132/><G70/><T98/><D110/><U83/><E103/><V23/><F71/><W0/><G112/><T62/><D119/><U105/><E105/><V78/><BYE who="1" /><F113/><W72/><G132/><T14/><D3/><U129/><E129/><V4/><F32/><UN n1="%E5%85%AD%E9%83%A8%E5%9C%AD" /><W68/><G68/><T18/><D126/><N who="1" m="48171" /><E31/><V80/><F1/><W54/><G0/><T125/><D125/><U64/><E91/><V10/><F10/><W49/><G7/><N who="2" m="2601" /><F80/><N who="1" m="30761" /><E64/><V45/><F23/><W25/><G100/><T28/><D67/><U97/><E97/><V34/><F34/><W52/><G104/><T115/><D115/><U59/><E46/><V92/><F92/><W128/><G128/><T75/><D95/><U69/><E69/><V86/><F86/><W33/><G33/><T2/><D85/><U73/><E73/><V118/><F118/><W89/><G89/><T102/><D75/><U94/><E94/><V29/><AGARI ba="0,0" hai="20,24,29,41,45,48,51,53,58,76,78" m="2601" machi="29" ten="30,1100,0" yaku="8,1" doraHai="11" who="2" fromWho="2" sc="165,-3,285,-5,181,11,369,-3" /><INIT seed="6,0,0,1,2,9" ten="162,280,192,366" oya="2" hai0="13,7,102,34,94,76,43,99,106,126,55,37,134" hai1="81,58,104,127,93,14,17,109,49,119,35,135,130" hai2="23,42,24,110,59,77,26,122,97,12,91,15,70" hai3="131,98,105,47,46,72,124,6,36,133,54,56,100"/><V118/><F122/><W103/><G72/><T18/><D134/><U25/><E109/><V62/><F118/><W71/><G71/><T3/><D126/><U65/><E119/><V38/><F70/><W44/><G133/><T28/><D76/><U31/><E135/><V116/><F116/><W32/><G32/><T48/><D37/><U113/><E104/><V125/><F125/><W2/><G124/><T40/><D106/><U117/><E127/><V108/><F77/><W89/><G103/><T68/><D68/><U120/><E117/><V10/><F42/><W88/><G36/><T74/><D74/><U61/><E120/><V63/><F38/><W22/><G22/><T21/><D3/><U45/><E113/><V115/><F115/><W96/><G96/><T132/><D7/><U92/><E81/><V112/><F112/><W86/><G86/><T80/><D80/><U41/><REACH who="1" step="1"/><E130/><REACH who="1" ten="162,270,192,366" step="2"/><V114/><F114/><W27/><G131/><T53/><D132/><U0/><E0/><V78/><F110/><W101/><G2/><T4/><D4/><U111/><E111/><V90/><F108/><W33/><G6/><T87/><D87/><U16/><E16/><N who="2" m="10655" /><F97/><W128/><G98/><T79/><D79/><U11/><AGARI ba="0,1" hai="11,14,17,25,31,35,41,45,49,58,61,65,92,93" machi="11" ten="20,5200,0" yaku="1,1,0,1,7,1,52,1,53,0" doraHai="9" doraHaiUra="83" who="1" fromWho="1" sc="162,-13,270,62,192,-26,366,-13" /><INIT seed="7,0,0,4,3,14" ten="149,332,166,353" oya="3" hai0="28,18,43,104,6,120,135,70,37,118,99,12,116" hai1="65,128,109,71,41,113,78,33,1,108,61,30,48" hai2="66,90,16,54,5,106,132,115,49,29,92,40,50" hai3="26,8,42,87,9,85,75,22,27,126,76,72,55"/><W21/><G55/><T11/><D70/><U97/><E1/><V103/><F115/><W102/><G102/><T82/><D82/><U4/><E113/><V38/><F66/><W129/><G42/><T67/><D67/><U23/><E33/><V74/><F74/><W19/><G19/><N who="0" m="8607" /><D99/><U53/><E128/><V112/><F38/><W51/><G51/><T114/><D104/><U57/><E4/><V101/><F112/><W94/><G94/><T69/><D69/><U131/><E131/><V2/><F29/><W25/><G25/><T3/><D43/><U15/><E78/><V111/><F111/><W98/><G98/><T80/><D80/><U35/><E97/><N who="2" m="57495" /><F106/><W123/><G129/><T32/><D37/><U10/><E35/><V45/><F2/><W130/><G130/><T17/><D114/><U121/><E121/><V84/><F5/><W95/><G95/><T60/><D60/><U124/><E124/><V77/><F16/><N who="0" m="6250" /><D120/><U127/><E127/><V133/><F77/><W13/><G126/><T93/><D93/><U119/><E41/><V91/><F133/><W0/><G76/><T62/><D62/><U24/><E108/><V39/><F132/><W56/><G123/><T52/><D52/><U64/><E109/><V20/><F20/><W86/><G56/><T122/><D122/><U58/><E65/><V46/><F39/><W105/><G105/><T73/><D73/><U107/><E107/><V96/><F96/><W117/><G75/><T83/><D135/><U125/><E125/><V134/><F134/><W81/><G72/><T88/><D3/><RYUUKYOKU ba="0,0" sc="149,-10,332,-10,166,30,353,-10" hai2="40,45,46,49,50,54,84,91,101,103" owari="139,-36.0,322,12.0,196,-20.0,343,44.0" /></mjloggm>