<mjloggm ver="2.3"><GO type="169" lobby="0"/><UN n0="%6B%72%62" n1="%61%7A%75%73%61%5F%6D%6A" n2="%E3%81%86%E3%81%95%E3%81%8E%E3%83%95%E3%82%A1%E3%83%B3%E3%82%B7%E3%83%BC" n3="%E7%89%8C%E6%B5%81%E7%8A%B6%E6%85%8B%E9%BA%BB%E9%9B%80" dan="16,16,16,17" rate="2128.49,2044.85,2150.93,2176.98" sx="F,M,M,M"/><TAIKYOKU oya="0"/><INIT seed="0,0,0,2,1,41" ten="250,250,250,250" oya="0" hai0="61,80,74,43,73,42,123,76,64,96,70,63,16" hai1="89,91,23,40,65,53,1,129,125,135,108,128,18" hai2="21,69,52,17,56,119,12,29,115,134,83,72,62" hai3="118,93,50,9,111,27,20,37,2,127,26,106,122"/><T51/><D123/><U35/><E1/><V38/><F115/><W100/><G37/><T14/><D74/><U49/><E35/><V104/><F104/><W25/><G118/><T107/><D61/><U32/><E32/><V112/><F112/><W99/><G111/><T81/><D81/><U71/><E108/><V87/><F119/><W30/><G122/><T98/><D107/><U77/><E135/><V124/><F134/><W94/><G127/><T121/><D121/><U68/><E40/><V46/><F124/><W45/><G2/><T82/><D82/><U109/><E77/><V48/><F72/><W13/><G94/><T133/><D133/><U110/><E125/><V88/><F38/><W33/><G33/><T90/><D43/><U84/><E65/><V55/><F69/><N who="1" m="26697" /><E91/><V4/><F4/><W95/><G95/><T67/><D90/><U24/><E84/><V15/><F29/><W120/><G106/><T60/><D60/><U5/><E5/><V131/><F131/><N who="1" m="50249" /><E89/><V47/><F15/><W101/><G101/><T19/><D19/><U105/><E105/><V10/><F21/><W11/><G11/><T130/><D67/><U6/><E6/><V7/><F7/><N who="3" m="3263" /><G120/><T92/><D130/><U31/><E31/><V78/><F78/><W102/><G102/><T3/><D3/><U97/><E97/><V79/><F79/><W75/><G75/><T39/><D39/><U126/><E126/><V58/><AGARI ba="0,0" hai="10,12,17,46,47,48,52,55,56,58,62,83,87,88" machi="58" ten="20,12000,2" yaku="0,1,7,1,8,1,52,2,54,2" doraHai="41" who="2" fromWho="2" sc="250,-60,250,-30,250,120,250,-30" /><INIT seed="1,0,0,4,5,71" ten="190,220,370,220" oya="1" hai0="118,95,25,46,23,86,34,13,10,56,36,92,109" hai1="19,61,70,103,60,44,21,7,15,33,90,121,38" hai2="59,29,26,54,67,41,37,49,73,63,124,64,114" hai3="3,94,68,102,11,52,119,77,117,48,111,12,93"/><U134/><E121/><V55/><F73/><W131/><G3/><T82/><D118/><N who="3" m="45065" /><G111/><T129/><D109/><U17/><E33/><V101/><F101/><W57/><G68/><T50/><D34/><U113/><E113/><V5/><F5/><N who="3" m="3183" /><G131/><T28/><D36/><U100/><E7/><V8/><F8/><W24/><G77/><T76/><D56/><U22/><E134/><V127/><F26/><W99/><G24/><T47/><D47/><U4/><E4/><V107/><F107/><AGARI ba="0,0" hai="48,52,57,93,94,99,102,107" m="3183,45065" machi="107" ten="30,2000,0" yaku="12,1,54,1" doraHai="71" who="3" fromWho="2" sc="190,0,220,0,370,-20,220,20" /><INIT seed="2,0,0,2,2,100" ten="190,220,350,240" oya="2" hai0="5,44,61,55,52,105,67,41,92,1,15,65,20" hai1="94,80,57,7,77,40,37,83,11,59,6,23,118" hai2="103,101,3,34,39,22,31,113,132,35,74,27,117" hai3="30,109,51,60,21,119,122,133,28,81,17,110,135"/><V126/><F117/><W0/><G51/><T73/><D73/><U87/><E118/><V24/><F113/><W76/><G119/><T25/><D1/><U64/><E94/><V86/><F74/><W58/><G0/><T4/><D105/><U53/><E6/><V95/><F39/><W10/><G10/><T128/><D128/><U43/><E23/><V89/><F3/><W9/><G9/><T32/><D32/><U46/><E40/><V99/><F132/><N who="3" m="50763" /><G81/><T97/><D67/><U56/><E80/><V129/><F129/><W121/><G58/><T111/><D111/><N who="3" m="42505" /><G60/><T115/><D115/><U90/><E64/><V36/><F36/><W82/><G82/><T42/><D42/><U71/><E71/><V26/><F126/><W98/><G98/><T70/><D15/><U63/><REACH who="1" step="1"/><E77/><REACH who="1" ten="190,210,350,240" step="2"/><V75/><F22/><W19/><G76/><T134/><D134/><U124/><E124/><V96/><F34/><W130/><G130/><T106/><D92/><U104/><E104/><V2/><F35/><W112/><G112/><T116/><D116/><U120/><E120/><N who="3" m="46186" /><G21/><T85/><D20/><U66/><E66/><V68/><F68/><W78/><G78/><T127/><D70/><U33/><E33/><V12/><F27/><W62/><G62/><T45/><D61/><U54/><E54/><V38/><F26/><W72/><G72/><T91/><D65/><U114/><E114/><V14/><F75/><W84/><G84/><T123/><D85/><U93/><E93/><V18/><F95/><W47/><G47/><T88/><D123/><U13/><AGARI ba="0,1" hai="7,11,13,37,43,46,53,56,57,59,63,83,87,90" machi="13" ten="20,5200,0" yaku="1,1,5,1,0,1,7,1,53,0" doraHai="100" doraHaiUra="29" who="1" fromWho="1" sc="190,-13,210,62,350,-26,240,-13" /><INIT seed="3,0,0,4,4,76" ten="177,272,324,227" oya="3" hai0="89,128,73,10,42,116,129,44,51,34,131,30,82" hai1="115,56,126,36,100,41,103,102,55,62,32,2,111" hai2="97,26,91,0,132,74,84,77,121,19,22,45,40" hai3="69,18,27,81,16,105,29,39,24,13,66,52,94"/><W80/><G105/><T50/><D116/><U86/><E115/><V31/><F132/><W47/><G69/><T113/><D113/><U92/><E2/><V107/><F0/><W123/><G66/><T106/><D106/><U23/><E32/><V8/><F121/><W3/><G3/><T25/><D10/><U93/><E111/><V57/><F57/><W130/><G123/><T101/><D101/><U49/><E36/><V12/><F107/><W54/><G130/><T127/><D127/><U96/><E126/><V63/><F63/><W64/><G64/><T72/><D51/><U88/><E23/><V112/><F112/><W20/><G94/><T114/><D114/><U124/><E124/><V108/><F108/><W110/><G110/><T71/><D71/><U79/><E79/><V46/><F97/><W122/><G122/><T11/><D11/><U98/><E86/><AGARI ba="0,0" hai="25,30,34,42,44,50,72,73,82,86,89,128,129,131" machi="86" ten="40,2600,0" yaku="19,1,52,1" doraHai="76" who="0" fromWho="1" sc="177,26,272,-26,324,0,227,0" /><INIT seed="4,0,0,5,4,46" ten="203,246,324,227" oya="0" hai0="16,75,5,85,25,15,62,89,60,88,87,72,100" hai1="39,82,107,58,29,36,40,83,128,35,103,79,28" hai2="129,123,108,112,24,122,66,44,4,32,23,8,119" hai3="34,98,116,61,93,54,78,19,114,133,120,102,38"/><T37/><D37/><U81/><E128/><V21/><F66/><W135/><G116/><T97/><D5/><U67/><E79/><V17/><F108/><W10/><G34/><T22/><D72/><U90/><E103/><V113/><F44/><W106/><G38/><T121/><D75/><U64/><E107/><V124/><F129/><W134/><G114/><N who="2" m="44137" /><F124/><W31/><G31/><N who="0" m="17847" /><D121/><N who="2" m="46090" /><F119/><W59/><G120/><T42/><D42/><U99/><E40/><V33/><F23/><W56/><G78/><T48/><D48/><U47/><E47/><V0/><AGARI ba="0,0" hai="0,4,8,17,21,24,32,33" m="46090,44137" machi="0" ten="30,4000,0" yaku="15,1,34,2" doraHai="46" who="2" fromWho="2" sc="203,-20,246,-10,324,40,227,-10" /><INIT seed="5,0,0,5,3,134" ten="183,236,364,217" oya="1" hai0="30,107,111,4,91,59,121,81,0,31,83,130,131" hai1="7,80,67,105,60,132,100,70,101,52,128,82,62" hai2="76,116,85,122,22,95,64,75,38,12,102,6,78" hai3="66,24,10,88,32,45,120,27,16,119,8,94,97"/><U72/><E132/><V28/><F122/><W43/><G120/><T55/><D111/><U39/><E39/><V2/><F116/><W17/><G119/><T18/><D121/><U135/><E135/><V13/><F38/><W114/><G114/><T69/><D69/><U126/><E128/><V104/><F64/><W90/><G66/><T29/><D107/><U36/><E36/><V1/><F28/><W40/><G32/><T89/><D4/><U50/><E7/><V112/><F112/><W42/><G45/><T58/><D18/><N who="3" m="7273" /><G90/><N who="0" m="34315" /><D55/><U37/><E67/><V61/><F78/><W35/><G35/><T23/><D23/><U19/><E70/><V123/><F22/><W63/><G63/><T87/><D87/><U106/><E37/><V33/><F61/><W68/><G68/><T15/><D15/><U86/><E86/><V124/><F13/><W108/><G108/><T113/><D0/><U71/><E71/><V3/><F33/><W109/><G109/><T25/><D25/><AGARI ba="0,0" hai="8,10,24,25,27,40,42,43,88,94,97" m="7273" machi="25" ten="30,3900,0" yaku="8,1,54,2" doraHai="134" who="3" fromWho="0" sc="183,-39,236,0,364,0,217,39" /><INIT seed="6,0,0,1,2,118" ten="144,236,364,256" oya="2" hai0="93,51,97,88,50,95,0,72,74,132,43,23,25" hai1="55,79,115,15,36,3,117,57,18,91,66,96,128" hai2="125,12,116,24,75,71,130,11,103,45,59,32,58" hai3="119,54,53,27,106,133,124,135,26,80,35,7,78"/><V82/><F116/><W41/><G119/><T120/><D0/><U123/><E117/><V134/><F71/><W105/><G41/><T42/><D132/><N who="3" m="50761" /><G7/><T44/><D120/><U20/><E3/><V77/><F134/><W30/><G26/><T69/><D69/><U111/><E111/><V21/><F130/><W112/><G124/><T85/><D50/><U121/><E128/><V8/><F32/><W83/><G83/><T61/><D61/><U46/><E79/><V19/><F125/><W100/><G112/><T6/><D6/><U28/><E115/><V102/><F45/><W16/><G16/><T67/><D67/><U2/><E2/><V86/><F75/><N who="3" m="43103" /><G100/><N who="2" m="38441" /><F11/><W22/><G35/><T4/><D4/><AGARI ba="0,0" hai="4,8,12,19,21,24,58,59,77,82,86" m="38441" machi="4" ten="30,1500,0" yaku="8,1" doraHai="118" who="2" fromWho="0" sc="144,-15,236,0,364,15,256,0" /><INIT seed="6,1,0,3,0,7" ten="129,236,379,256" oya="2" hai0="79,39,65,123,29,61,54,88,41,11,119,125,52" hai1="15,134,64,69,87,2,40,129,48,121,58,70,63" hai2="82,46,131,16,20,113,74,120,128,23,12,101,32" hai3="10,86,38,8,132,3,66,111,110,34,105,9,60"/><V92/><F32/><W96/><G3/><T112/><D123/><U94/><E2/><V53/><F120/><W76/><G34/><T107/><D107/><U33/><E121/><V126/><F113/><W127/><G38/><T67/><D112/><U42/><E33/><V28/><F126/><W93/><G132/><T4/><D125/><U71/><E134/><V6/><F6/><W90/><G127/><T83/><D119/><U133/><E133/><V13/><F74/><W106/><G76/><T115/><D29/><U31/><E31/><V108/><F82/><W47/><G47/><T19/><D19/><U27/><E27/><V30/><F108/><W135/><G135/><T43/><D67/><U50/><E15/><V130/><F101/><W51/><G51/><N who="1" m="19498" /><E94/><V124/><F124/><W55/><G55/><N who="0" m="21035" /><D39/><U26/><E87/><V45/><F92/><W97/><G86/><N who="0" m="50271" /><D79/><U80/><E80/><V89/><F46/><W95/><G110/><T17/><D4/><U103/><E69/><V109/><F30/><W36/><G36/><T73/><D73/><U98/><E71/><V84/><F28/><W37/><G37/><T68/><D115/><U62/><E70/><V114/><F114/><W35/><G35/><T122/><D122/><U99/><E64/><V1/><F1/><W118/><G118/><T102/><D102/><U22/><E103/><V18/><F109/><W78/><G78/><T57/><D68/><U104/><E104/><V24/><F128/><W117/><G117/><T91/><D91/><U85/><E129/><V59/><F130/><W44/><G111/><RYUUKYOKU ba="1,0" sc="129,30,236,-10,379,-10,256,-10" hai0="11,17,41,43,57,61,65" /><INIT seed="7,2,0,4,3,24" ten="159,226,369,246" oya="3" hai0="46,14,113,57,28,29,89,90,78,64,102,72,34" hai1="65,116,130,12,112,49,38,82,66,26,23,117,62" hai2="5,122,128,83,114,95,31,92,58,3,4,75,115" hai3="79,74,8,109,110,55,88,39,96,9,97,94,69"/><W40/><G69/><T19/><D34/><U0/><E0/><V87/><F128/><W104/><G40/><T86/><D102/><U7/><E130/><V48/><F75/><W101/><G39/><T76/><D72/><U129/><E38/><V108/><F108/><N who="3" m="41579" /><G55/><T2/><D2/><U120/><E120/><V13/><F58/><W44/><G44/><T125/><D125/><U93/><E112/><V20/><F122/><W61/><G61/><N who="0" m="37935" /><D46/><U105/><E105/><V18/><F48/><W56/><G56/><T53/><D53/><U47/><E82/><AGARI ba="2,0" hai="8,9,74,79,82,88,94,96,97,101,104" m="41579" machi="82" ten="30,2900,0" yaku="10,1,54,1" doraHai="24" who="3" fromWho="1" sc="159,0,226,-35,369,0,246,35" /><INIT seed="7,3,0,3,1,31" ten="159,191,369,281" oya="3" hai0="38,99,117,118,109,37,7,132,76,4,62,1,0" hai1="72,15,115,95,19,89,14,104,94,32,108,23,98" hai2="96,71,63,3,16,6,102,135,66,81,101,17,73" hai3="25,65,33,51,90,88,41,75,29,122,131,86,79"/><W120/><G131/><T8/><D109/><U103/><E108/><V47/><F135/><W112/><G112/><T58/><D132/><U12/><E115/><V93/><F102/><W83/><G65/><T85/><D99/><U113/><E113/><V77/><REACH who="2" step="1"/><F47/><REACH who="2" ten="159,191,359,281" step="2"/><W35/><G35/><T21/><D21/><U84/><E32/><V11/><AGARI ba="3,1" hai="3,6,11,16,17,63,66,71,73,77,81,93,96,101" machi="11" ten="30,8000,1" yaku="1,1,2,1,0,1,54,1,53,1" doraHai="31" doraHaiUra="74" who="2" fromWho="2" sc="159,-23,191,-23,359,99,281,-43" owari="136,-36.0,168,-23.0,458,55.0,238,4.0" /></mjloggm>