<mjloggm ver="2.3"><GO type="169" lobby="0"/><UN n0="%E5%B1%8A%E3%81%8B%E3%81%AA%E3%81%84%E6%81%8B" n1="%E3%82%B7%E3%83%A9%2E" n2="%E3%81%BB%E3%82%80%E3%82%89" n3="%E3%81%8B%E3%81%91%E3%81%84%E3%81%8D" dan="16,17,16,16" rate="2206.95,2185.36,2035.15,2046.35" sx="M,M,F,M"/><TAIKYOKU oya="0"/><INIT seed="0,0,0,0,0,78" ten="250,250,250,250" oya="0" hai0="91,36,37,102,27,88,42,92,22,61,43,126,16" hai1="128,99,66,124,49,98,25,23,93,77,133,111,52" hai2="130,18,103,20,76,70,75,115,3,127,86,82,90" hai3="59,83,13,17,29,104,123,19,87,113,24,67,81"/><T14/><D126/><U10/><E111/><V129/><F70/><W7/><G104/><T40/><D102/><U47/><E133/><V119/><F3/><W33/><G113/><T35/><D61/><U57/><E128/><V94/><F115/><W116/><G116/><T15/><D91/><U56/><E124/><V32/><F32/><W31/><G123/><T8/><D35/><U21/><E66/><V45/><F127/><W1/><G1/><T108/><D15/><U5/><E77/><V69/><F69/><W131/><G131/><T135/><D108/><U114/><E23/><V6/><F6/><W134/><G134/><T64/><D64/><U51/><E93/><V100/><F45/><W38/><G38/><T54/><D54/><U62/><E51/><V97/><F119/><W120/><G31/><T125/><D125/><U85/><E85/><V65/><F100/><W117/><G117/><T73/><D73/><U121/><E121/><V74/><F74/><W110/><G87/><T112/><D112/><U118/><E118/><V132/><F65/><W109/><G120/><T30/><REACH who="0" step="1"/><D135/><REACH who="0" ten="240,250,250,250" step="2"/><U72/><E72/><V106/><F132/><W9/><G109/><T68/><D68/><U50/><E62/><V55/><F55/><W41/><G41/><T58/><D58/><U48/><E114/><V12/><AGARI ba="0,1" hai="12,18,20,75,76,82,86,90,94,97,103,106,129,130" machi="12" ten="30,7900,0" yaku="0,1,24,2,52,1" doraHai="78" who="2" fromWho="2" sc="240,-39,250,-20,250,89,250,-20" /><INIT seed="1,0,0,3,3,93" ten="201,230,339,230" oya="1" hai0="59,67,48,50,1,41,116,36,57,31,40,102,73" hai1="115,63,62,11,77,3,85,132,95,79,100,109,22" hai2="70,69,7,43,66,42,24,123,108,90,16,128,14" hai3="122,51,37,83,111,129,45,75,133,46,82,84,5"/><U35/><E35/><V12/><F123/><W113/><G122/><T8/><D73/><U91/><E115/><V88/><F108/><W56/><G113/><T119/><D31/><U68/><E132/><V26/><F66/><W135/><G111/><T112/><D102/><U120/><E120/><V94/><F94/><W9/><G129/><T55/><D8/><U61/><E109/><V58/><F58/><W10/><G56/><T118/><D1/><U27/><E68/><V103/><F103/><W23/><G23/><T81/><D81/><U52/><E100/><V87/><F87/><W13/><G37/><T4/><D4/><U80/><E80/><V121/><F121/><W74/><G46/><T0/><D0/><U99/><E85/><V47/><F47/><W92/><G92/><T19/><D19/><N who="1" m="12767" /><E3/><V49/><F49/><W44/><G44/><T21/><D21/><U60/><E11/><V28/><F28/><W89/><G82/><T38/><D112/><U65/><E65/><V105/><F105/><W34/><G34/><T104/><D104/><U124/><E124/><V64/><F64/><W127/><G127/><T33/><D33/><U29/><E29/><V110/><F110/><W53/><REACH who="3" step="1"/><G10/><REACH who="3" ten="201,230,339,220" step="2"/><T86/><D67/><U125/><E125/><V101/><F128/><W114/><G114/><T131/><D131/><U98/><E98/><V30/><F69/><W25/><G25/><T134/><D36/><U39/><E39/><V78/><F26/><W126/><G126/><T72/><D38/><U18/><N who="1" m="15360" /><DORA hai="6" /><U96/><E96/><V76/><F24/><RYUUKYOKU ba="0,1" sc="201,-10,230,-10,339,-10,220,30" hai3="5,9,13,45,51,53,74,75,83,84,89,133,135" /><INIT seed="2,1,1,3,5,79" ten="191,220,329,250" oya="2" hai0="24,133,53,51,23,12,87,120,119,42,114,91,10" hai1="113,33,5,115,95,78,71,31,76,74,37,62,22" hai2="39,129,57,130,69,67,90,98,134,14,66,118,96" hai3="8,36,21,47,65,81,48,88,131,17,60,13,34"/><V28/><F118/><W99/><G36/><T6/><D133/><U41/><E22/><V30/><F39/><W26/><G34/><T126/><D119/><U59/><E95/><V32/><F69/><W9/><G131/><T100/><D126/><U111/><E111/><V4/><F134/><W40/><G26/><T38/><D38/><U127/><E127/><V46/><F46/><W135/><G135/><T25/><D114/><U29/><E78/><V92/><F96/><W20/><G20/><T107/><D120/><U1/><E31/><N who="2" m="11819" /><F57/><N who="3" m="37007" /><G99/><T58/><D100/><U43/><E43/><V15/><F32/><W18/><G18/><T105/><D42/><U70/><E59/><V11/><F14/><W93/><G81/><T80/><REACH who="0" step="1"/><D23/><REACH who="0" ten="181,220,329,250" step="2"/><U64/><E115/><V106/><F106/><AGARI ba="1,2" hai="6,10,12,24,25,51,53,58,80,87,91,105,106,107" machi="106" ten="40,8000,1" yaku="1,1,2,1,52,1,53,1" doraHai="79" doraHaiUra="44" who="0" fromWho="2" sc="181,103,220,0,329,-83,250,0" /><INIT seed="3,0,0,5,3,125" ten="284,220,246,250" oya="3" hai0="134,31,104,43,21,27,16,96,24,71,33,52,93" hai1="108,78,85,37,28,117,4,47,34,63,9,70,100" hai2="68,22,86,11,13,1,38,98,14,29,109,39,111" hai3="42,116,99,72,36,87,92,132,49,69,112,40,123"/><W82/><G112/><T102/><D134/><U120/><E120/><V81/><F68/><W84/><G132/><T44/><D71/><U54/><E108/><N who="2" m="41547" /><F98/><W45/><G116/><T66/><D66/><U107/><E117/><V15/><F29/><W7/><G69/><T61/><D93/><U119/><E119/><V65/><F22/><W41/><G36/><T133/><D133/><U106/><E85/><V35/><F35/><W80/><G72/><T91/><D91/><U129/><E78/><N who="2" m="46391" /><F65/><W26/><G26/><T12/><D27/><U2/><E28/><V20/><F20/><W94/><G123/><T19/><D19/><U48/><E34/><V131/><F131/><W118/><G7/><AGARI ba="0,0" hai="1,7,11,13,14,15,38,39" m="46391,41547" machi="7" ten="30,1000,0" yaku="14,1" doraHai="125" who="2" fromWho="3" sc="284,0,220,0,246,10,250,-10" /><INIT seed="4,0,0,1,2,3" ten="284,220,256,240" oya="0" hai0="107,0,52,9,25,72,133,130,110,115,92,26,8" hai1="114,123,73,34,113,84,15,45,86,105,14,109,81" hai2="135,99,38,28,35,2,116,111,33,127,70,100,94" hai3="69,62,67,56,101,19,4,122,54,71,87,97,55"/><T66/><D107/><U27/><E105/><V106/><RYUUKYOKU type="yao9" ba="0,0" sc="284,0,220,0,256,0,240,0" hai2="2,28,33,35,38,70,94,99,100,106,111,116,127,135" /><INIT seed="4,1,0,0,5,94" ten="284,220,256,240" oya="0" hai0="16,57,119,81,47,98,83,113,36,8,135,91,123" hai1="96,58,124,23,50,133,29,33,76,6,19,62,5" hai2="32,17,67,111,129,44,63,60,34,1,80,40,93" hai3="131,106,102,22,25,85,27,15,46,3,37,45,12"/><T122/><D119/><U70/><E133/><V20/><F111/><W132/><G3/><T38/><D113/><U9/><E124/><V99/><F129/><W54/><G131/><T65/><D135/><U28/><E33/><V39/><F80/><W7/><G27/><T35/><D35/><U72/><E70/><V75/><F60/><W82/><G7/><T97/><D47/><U128/><E128/><V0/><F75/><W87/><G87/><T21/><D8/><U14/><E72/><V69/><F0/><W125/><G46/><T30/><D30/><U52/><E76/><V61/><F61/><W26/><G26/><T103/><D103/><U10/><E62/><V130/><F1/><W56/><G45/><T11/><D11/><N who="1" m="4107" /><E96/><N who="0" m="36969" /><D57/><U90/><E90/><V105/><F105/><W86/><G37/><N who="0" m="14443" /><D65/><U109/><E109/><V73/><F73/><W92/><G132/><T118/><D118/><U2/><E2/><V48/><F39/><W120/><G56/><T55/><D55/><U74/><E74/><V117/><F117/><W88/><G54/><T71/><D71/><U114/><E114/><V24/><REACH who="2" step="1"/><F130/><REACH who="2" ten="284,220,246,240" step="2"/><W104/><G104/><T68/><D68/><U100/><E100/><AGARI ba="1,1" hai="17,20,24,32,34,40,44,48,63,67,69,93,99,100" machi="100" ten="30,8000,1" yaku="1,1,2,1,7,1,52,1,53,1" doraHai="94" doraHaiUra="89" who="2" fromWho="1" sc="284,0,220,-83,246,93,240,0" /><INIT seed="5,0,0,2,2,87" ten="284,137,339,240" oya="1" hai0="33,74,54,41,73,61,104,121,65,7,114,120,16" hai1="113,126,25,82,105,49,1,133,91,76,8,3,128" hai2="111,92,134,108,63,34,0,131,14,93,60,84,20" hai3="4,9,69,80,86,36,53,31,125,26,10,127,98"/><U2/><E105/><V75/><F75/><W99/><G69/><T81/><D104/><U97/><E113/><V18/><F0/><N who="3" m="135" /><G10/><T51/><D41/><U122/><E122/><N who="0" m="47209" /><D81/><U22/><E133/><V88/><F34/><N who="3" m="20855" /><G53/><T44/><D33/><U19/><E128/><V11/><F131/><W17/><G17/><T95/><D7/><U78/><E126/><N who="3" m="48138" /><G36/><T85/><D114/><U40/><E8/><V68/><F134/><W35/><G35/><T130/><D130/><U119/><E119/><V109/><F68/><W106/><G106/><T94/><D16/><U52/><E40/><V79/><F11/><W129/><G129/><T42/><D54/><U59/><REACH who="1" step="1"/><E82/><REACH who="1" ten="284,127,339,240" step="2"/><V47/><F108/><W28/><G28/><T48/><D42/><U64/><E64/><V112/><F109/><W62/><G62/><T32/><D61/><U72/><E72/><V132/><F111/><W46/><G46/><T115/><D73/><U21/><E21/><V12/><F60/><W43/><G43/><T45/><D74/><U66/><E66/><V89/><F63/><W5/><G5/><T117/><D65/><U39/><E39/><V56/><F20/><W110/><G110/><T37/><D37/><U77/><E77/><AGARI ba="0,1" hai="77,80,86,98,99" m="48138,20855,135" machi="77" ten="30,1000,0" yaku="18,1" doraHai="87" who="3" fromWho="1" sc="284,0,127,-10,339,0,240,20" /><INIT seed="6,0,0,0,3,103" ten="284,117,339,260" oya="2" hai0="56,44,105,53,54,4,134,90,133,39,28,85,57" hai1="1,75,7,46,14,98,17,83,9,45,104,32,66" hai2="108,125,110,60,120,41,63,18,26,21,112,23,34" hai3="84,81,87,12,116,27,109,111,55,15,68,135,92"/><V130/><F120/><W78/><G68/><T58/><D28/><U37/><E66/><V33/><F112/><W13/><G135/><N who="0" m="51723" /><D4/><U128/><E128/><V62/><F130/><W100/><G27/><T20/><D20/><U80/><E32/><V70/><F70/><W49/><G116/><T95/><D105/><U2/><E2/><V73/><F73/><W72/><G72/><T131/><D131/><U67/><E67/><V6/><F125/><W59/><REACH who="3" step="1"/><G87/><REACH who="3" ten="284,117,339,250" step="2"/><T3/><D3/><U126/><E75/><V29/><F26/><W132/><G132/><T61/><D61/><U48/><E126/><V36/><F62/><W114/><G114/><T89/><D89/><U121/><E1/><V115/><F60/><W94/><G94/><T47/><D39/><U99/><E37/><V86/><F63/><W64/><G64/><T101/><D101/><U8/><E121/><V106/><F36/><W10/><G10/><T113/><D113/><U42/><E104/><V102/><F106/><W35/><G35/><T22/><D22/><U123/><E123/><V93/><F33/><W24/><G24/><T40/><D40/><U122/><E122/><V51/><F41/><W96/><AGARI ba="0,1" hai="12,13,15,49,55,59,78,81,84,92,96,100,109,111" machi="96" ten="30,4000,0" yaku="1,1,0,1,53,1" doraHai="103" doraHaiUra="50" who="3" fromWho="3" sc="284,-10,117,-10,339,-20,250,50" /><INIT seed="7,0,0,3,0,11" ten="274,107,319,300" oya="3" hai0="40,19,76,46,105,34,54,107,3,131,127,61,112" hai1="94,0,24,125,5,10,44,78,113,108,109,75,16" hai2="52,74,98,129,69,42,73,1,55,8,6,51,58" hai3="77,103,80,111,84,31,90,119,68,38,133,116,72"/><W86/><G68/><T100/><D34/><U2/><E75/><V36/><F129/><W35/><G38/><T18/><D131/><U60/><E78/><V126/><F126/><W27/><G133/><T64/><D127/><U29/><E125/><V104/><F69/><W49/><G111/><T134/><D134/><U59/><E113/><V7/><F7/><W22/><G103/><T62/><D3/><U120/><E120/><V26/><F26/><W14/><G72/><T15/><D18/><U4/><E94/><V25/><F25/><W47/><G14/><T89/><D76/><U135/><E135/><V37/><F37/><W101/><G101/><T87/><D112/><U66/><E44/><V23/><F23/><W33/><G33/><T17/><D17/><U123/><E123/><V67/><F67/><W115/><G115/><T70/><D100/><U50/><E50/><V71/><F71/><W53/><REACH who="3" step="1"/><G35/><REACH who="3" ten="274,107,319,290" step="2"/><T12/><D12/><U97/><E97/><V88/><F36/><W117/><G117/><T96/><D96/><U32/><REACH who="1" step="1"/><E16/><REACH who="1" ten="274,97,319,290" step="2"/><V130/><F73/><W9/><G9/><T110/><D19/><U122/><E122/><V92/><F74/><W41/><G41/><T114/><D114/><U93/><E93/><AGARI ba="0,2" hai="22,27,31,47,49,53,77,80,84,86,90,93,116,119" machi="93" ten="30,2900,0" yaku="1,1,7,1,53,0" doraHai="11" doraHaiUra="132" who="3" fromWho="1" sc="274,0,97,-29,319,0,290,49" owari="274,-13.0,68,-43.0,319,12.0,339,44.0" /></mjloggm>