<mjloggm ver="2.3"><GO type="225" lobby="0"/><UN n0="%E3%81%84%E3%81%A1%E3%81%9E%E3%81%86" n1="%6B%79%6F%6E%6B%6F%31%31" n2="%E3%80%93%E3%81%97%E3%83%BC%E3%82%89%E3%80%93" n3="%E3%82%B5%E3%83%AB%E3%82%B7%E3%83%B3" dan="17,16,16,16" rate="2110.86,2190.31,2131.73,2128.56" sx="M,M,M,M"/><TAIKYOKU oya="0"/><INIT seed="0,0,0,0,2,41" ten="250,250,250,250" oya="0" hai0="22,7,19,31,26,87,18,33,58,62,112,99,102" hai1="105,96,129,115,69,106,77,47,78,70,12,36,131" hai2="90,35,57,94,104,111,119,110,98,15,117,44,20" hai3="21,51,39,80,8,30,53,54,38,14,130,107,126"/><T45/><D112/><U127/><E115/><V85/><F35/><W109/><G107/><T93/><D7/><U101/><E106/><V5/><F57/><W67/><G109/><N who="2" m="41481" /><F5/><W122/><G122/><T132/><D132/><U74/><E127/><V103/><F15/><W124/><G67/><T24/><D87/><U76/><E12/><V81/><F20/><W59/><G14/><T46/><REACH who="0" step="1"/><D19/><REACH who="0" ten="240,250,250,250" step="2"/><U83/><E76/><N who="2" m="46247" /><F44/><W28/><G126/><T75/><D75/><U108/><E78/><V125/><F125/><W43/><G124/><T48/><D48/><U82/><E108/><V118/><F104/><W133/><G133/><T128/><D128/><N who="1" m="49227" /><E83/><V3/><F3/><W37/><G130/><T135/><D135/><U61/><E61/><V52/><F119/><W89/><G51/><T95/><D95/><U91/><E91/><V34/><F118/><W2/><G89/><T27/><D27/><U13/><E13/><V63/><F117/><W66/><G80/><T100/><D100/><U79/><E79/><V120/><F103/><W88/><G88/><T23/><D23/><U71/><E82/><V84/><F84/><W1/><G21/><T17/><D17/><U55/><E77/><V64/><F90/><W56/><G37/><T11/><D11/><U60/><E74/><V73/><F94/><W92/><G92/><T113/><D113/><U72/><E72/><V121/><F73/><W123/><G8/><T0/><D0/><U86/><E86/><V16/><F16/><W68/><G1/><T4/><D4/><U29/><E36/><V116/><F116/><RYUUKYOKU ba="0,1" sc="240,30,250,-10,250,-10,250,-10" hai0="18,22,24,26,31,33,45,46,58,62,93,99,102" /><INIT seed="0,1,1,1,3,80" ten="270,240,240,240" oya="0" hai0="69,68,97,46,53,3,75,120,107,88,130,14,112" hai1="82,110,4,57,59,124,28,70,29,26,76,55,90" hai2="15,43,125,40,37,72,2,54,98,19,7,126,129" hai3="31,104,32,41,20,74,84,106,5,38,105,86,73"/><T51/><D112/><U0/><E70/><V10/><F72/><W35/><G20/><T108/><D120/><U8/><E110/><V132/><F132/><W45/><G5/><T122/><D122/><U91/><E124/><N who="2" m="47723" /><F129/><W23/><G23/><T78/><D3/><U49/><E59/><V9/><F37/><W87/><REACH who="3" step="1"/><G31/><REACH who="3" ten="270,240,240,230" step="2"/><T66/><D130/><U6/><E6/><V77/><F7/><W60/><G60/><T42/><D108/><U56/><E29/><V27/><F10/><W64/><G64/><T61/><D66/><U127/><E127/><V85/><F9/><W116/><G116/><T131/><D61/><U123/><E123/><V119/><F119/><W24/><G24/><T30/><D131/><U99/><E26/><V114/><F27/><W25/><G25/><T118/><D30/><U96/><E28/><V111/><F15/><W117/><G117/><T33/><D14/><U50/><E0/><V109/><F2/><W71/><G71/><T134/><D68/><U89/><E4/><V133/><F111/><W18/><G18/><T65/><D69/><U36/><E8/><V13/><F19/><W17/><G17/><T12/><D12/><U92/><E36/><V79/><F13/><W58/><G58/><T67/><D118/><U22/><E22/><V115/><F109/><W93/><G93/><T63/><D65/><U47/><E92/><V100/><F114/><W83/><G83/><T1/><D67/><U44/><E57/><V81/><F115/><W52/><G52/><T94/><D1/><U135/><E56/><V11/><F11/><RYUUKYOKU ba="1,2" sc="270,-10,240,-10,240,-10,230,30" hai3="32,35,38,41,45,73,74,84,86,87,104,105,106" /><INIT seed="1,2,2,0,0,112" ten="260,230,230,260" oya="1" hai0="69,57,103,95,18,132,52,10,96,114,32,19,21" hai1="30,123,56,118,122,51,13,11,39,38,111,8,131" hai2="33,16,127,64,68,80,55,77,2,35,130,85,34" hai3="42,109,133,26,72,22,115,46,108,126,75,7,4"/><U58/><E131/><V106/><F2/><W24/><G115/><T63/><D114/><U81/><E30/><V102/><F130/><W129/><G129/><T3/><D132/><U60/><E123/><V45/><F127/><W134/><G126/><T17/><D32/><U29/><E29/><V41/><F55/><W104/><G104/><T27/><REACH who="0" step="1"/><D69/><REACH who="0" ten="250,230,230,260" step="2"/><U113/><E113/><V97/><F68/><W61/><G134/><T82/><D82/><U87/><E122/><V93/><F35/><W36/><G133/><T110/><D110/><U14/><E111/><V28/><F34/><W66/><G108/><T67/><D67/><U99/><E118/><V25/><F64/><W12/><G109/><T40/><D40/><U88/><E39/><V100/><F41/><W73/><G42/><T0/><D0/><U47/><E38/><V79/><F80/><W135/><G36/><T1/><D1/><U90/><E60/><V44/><F33/><W120/><G61/><T83/><D83/><U43/><E58/><V50/><F50/><W91/><G135/><T92/><D92/><N who="1" m="56727" /><E56/><V125/><F93/><W124/><G124/><T6/><AGARI ba="2,3" hai="3,6,10,17,18,19,21,27,52,57,63,95,96,103" machi="6" ten="30,4000,0" yaku="1,1,0,1,54,1,53,0" doraHai="112" doraHaiUra="70" who="0" fromWho="0" sc="250,76,230,-22,230,-12,260,-12" /><INIT seed="2,0,0,4,5,7" ten="326,208,218,248" oya="2" hai0="19,127,20,32,63,113,21,35,88,16,100,58,122" hai1="91,29,108,109,121,52,86,48,6,51,54,80,72" hai2="67,125,68,85,41,123,10,44,111,69,37,60,3" hai3="22,126,53,76,4,133,94,77,82,89,33,104,18"/><V128/><F123/><W119/><G119/><T40/><D122/><U27/><E121/><V8/><F3/><W1/><G104/><T106/><D113/><U83/><E72/><V102/><F69/><W34/><G126/><T15/><D127/><U30/><E6/><V61/><F125/><W17/><G133/><T2/><D2/><U131/><E131/><V116/><F116/><W75/><G77/><T36/><D100/><U59/><E83/><V25/><F128/><W43/><G43/><T38/><D106/><U118/><E118/><V132/><F132/><W47/><G47/><T49/><D88/><U28/><REACH who="1" step="1"/><E27/><REACH who="1" ten="326,198,218,248" step="2"/><V93/><F25/><W62/><G4/><T87/><D15/><U97/><E97/><V101/><F111/><W124/><G1/><T5/><D87/><U115/><E115/><V103/><F85/><W31/><G124/><T130/><D5/><U95/><E95/><V92/><F93/><W110/><G82/><T46/><D130/><U90/><E90/><V0/><F92/><W79/><G75/><T105/><D105/><U66/><E66/><V9/><F0/><W55/><G76/><T117/><D117/><U26/><E26/><V14/><REACH who="2" step="1"/><F61/><REACH who="2" ten="326,198,208,248" step="2"/><W70/><G62/><T120/><D63/><U57/><AGARI ba="0,2" hai="28,29,30,48,51,52,54,57,59,80,86,91,108,109" machi="57" ten="30,7900,0" yaku="1,1,0,1,9,1,54,1,53,0" doraHai="7" doraHaiUra="71" who="1" fromWho="1" sc="326,-20,198,99,208,-39,248,-20" /><INIT seed="3,0,0,5,1,6" ten="306,297,169,228" oya="3" hai0="61,75,121,63,93,134,84,2,0,94,85,99,22" hai1="3,19,50,100,62,40,73,43,11,67,8,113,126" hai2="76,132,102,26,25,39,46,60,14,7,123,51,80" hai3="29,114,115,18,47,23,131,69,128,129,65,122,32"/><W30/><G122/><T127/><D121/><U24/><E113/><N who="3" m="43018" /><G69/><T79/><D75/><U120/><E120/><V118/><F123/><W49/><G65/><T31/><D134/><U117/><E73/><V53/><F132/><W77/><G77/><T74/><D74/><U106/><E3/><V135/><F135/><W83/><G83/><N who="0" m="47231" /><D2/><U97/><E126/><V110/><F118/><W107/><G49/><T58/><D0/><U78/><E78/><V87/><F110/><W88/><G47/><T52/><D127/><U9/><E117/><V20/><F39/><W12/><G88/><N who="0" m="53391" /><D22/><U59/><E50/><V68/><F102/><W27/><G107/><T104/><D31/><AGARI ba="0,0" hai="12,18,23,27,29,30,31,32,128,129,131" m="43018" machi="31" ten="40,7700,0" yaku="19,1,34,2" doraHai="6" who="3" fromWho="0" sc="306,-77,297,0,169,0,228,77" owari="229,-17.0,297,10.0,169,-33.0,305,40.0" /></mjloggm>