<mjloggm ver="2.3"><GO type="185" lobby="0"/><UN n0="%4D%4A%E6%9C%80%E5%BC%B7%E4%BD%8D" n1="%E3%83%9D%E3%82%B1%E3%83%83%E3%83%88" n2="%E3%81%82%E3%81%99%E3%81%AA%E3%82%8D%E3%83%A9%E3%82%A4%E3%83%80%E3%83%BC" n3="" dan="17,18,17,0" rate="2223.03,2348.65,2178.60,1500.00" sx="M,M,M,C"/><TAIKYOKU oya="0"/><INIT seed="0,0,0,5,1,104" ten="350,350,350,0" oya="0" hai0="83,60,85,89,124,95,82,90,36,118,114,50,66" hai1="112,0,34,108,70,44,126,94,110,61,51,46,54" hai2="106,67,109,43,96,77,48,115,122,113,69,88,97" hai3=""/><T75/><D36/><U52/><E0/><V41/><N who="2" m="31264" /><V102/><F109/><N who="1" m="42089" /><E34/><V72/><F69/><T78/><D114/><U132/><E94/><V103/><F67/><T129/><D124/><U57/><E126/><V84/><F48/><T35/><D118/><U81/><E81/><V92/><F43/><T119/><D119/><U101/><E101/><V42/><F41/><T76/><D129/><U127/><E127/><V116/><F42/><T131/><D131/><U117/><E117/><V133/><F116/><T99/><D35/><U2/><E2/><V91/><F133/><T63/><D50/><U135/><E112/><V64/><F64/><T68/><REACH who="0" step="1"/><D60/><REACH who="0" ten="340,350,350,0" step="2"/><U121/><N who="1" m="31008" /><U65/><E44/><V47/><F47/><T111/><D111/><U1/><E1/><V134/><F115/><T40/><D40/><U74/><E74/><V32/><F113/><T45/><D45/><U87/><E87/><V98/><F72/><T38/><D38/><U73/><E73/><V79/><F32/><T80/><D80/><U120/><N who="1" m="30752" /><U62/><AGARI ba="0,1" hai="46,51,52,54,57,61,62,65,70,132,135" m="30752,31008,42089" machi="62" ten="30,9000,2" yaku="4,1,14,1,34,2,52,2,54,1" doraHai="104" who="1" fromWho="1" sc="340,-60,350,100,350,-30,0,0" /><INIT seed="1,0,0,4,4,119" ten="280,450,320,0" oya="1" hai0="109,105,67,83,34,75,97,35,45,102,112,133,86" hai1="81,78,43,114,3,96,71,61,40,88,2,42,73" hai2="82,132,123,110,124,63,129,64,66,37,39,116,91" hai3=""/><U100/><E114/><V130/><N who="2" m="31520" /><V89/><F116/><T53/><D112/><U99/><E71/><V122/><N who="2" m="31264" /><V33/><F33/><T56/><D75/><U95/><REACH who="1" step="1"/><E61/><REACH who="1" ten="280,440,320,0" step="2"/><V92/><F63/><T51/><D67/><U134/><E134/><V52/><F132/><T128/><D133/><U107/><AGARI ba="0,1" hai="2,3,40,42,43,73,78,81,88,95,96,99,100,107" machi="107" ten="30,4000,0" yaku="1,1,0,1,54,1,53,0" doraHai="119" doraHaiUra="1" who="1" fromWho="1" sc="280,-20,440,50,320,-20,0,0" /><INIT seed="1,1,0,4,1,3" ten="260,490,300,0" oya="1" hai0="124,113,48,106,82,104,101,71,119,59,80,103,35" hai1="79,45,97,74,92,83,86,0,93,81,75,132,56" hai2="37,70,62,69,73,98,34,125,39,131,63,38,96" hai3=""/><U114/><E0/><V110/><F73/><N who="1" m="27657" /><E56/><V122/><N who="2" m="31264" /><V84/><F34/><T107/><D71/><U50/><E50/><V57/><F110/><T112/><D59/><U78/><E45/><V129/><F125/><T123/><N who="0" m="31520" /><T77/><D48/><U61/><E61/><N who="2" m="23051" /><F84/><T54/><D54/><U135/><E114/><V120/><N who="2" m="30752" /><V109/><F57/><T87/><D35/><U1/><E1/><V52/><F109/><T60/><D60/><U88/><E132/><V33/><F33/><T126/><D119/><U134/><E134/><V90/><F90/><T58/><D58/><U64/><E64/><V67/><F67/><T127/><D82/><N who="1" m="31243" /><E135/><V44/><F44/><T41/><D41/><U99/><E86/><V55/><F70/><T128/><D128/><N who="2" m="49226" /><F69/><T89/><D112/><U121/><N who="1" m="31008" /><U115/><E115/><V91/><F91/><AGARI ba="1,0" hai="78,79,88,91,92,93,97,99" m="31008,31243,27657" machi="91" ten="30,18000,2" yaku="35,5,52,1,54,1" doraHai="3" who="1" fromWho="2" sc="260,0,490,182,300,-182,0,0" /><INIT seed="1,2,0,1,2,91" ten="260,672,118,0" oya="1" hai0="56,63,112,68,44,86,95,83,62,135,88,70,84" hai1="114,85,57,74,121,49,132,122,3,82,66,107,123" hai2="130,90,134,94,76,61,75,54,118,115,92,71,104" hai3=""/><U113/><N who="1" m="31008" /><U60/><N who="1" m="31264" /><U117/><N who="1" m="31520" /><U80/><E117/><V79/><F104/><T38/><D112/><U120/><N who="1" m="30752" /><U99/><E3/><V77/><F118/><T126/><D135/><U69/><E132/><V129/><F75/><T45/><D126/><U58/><E69/><V87/><F134/><T52/><D38/><U53/><E74/><V81/><F115/><T0/><D0/><U2/><E2/><V67/><REACH who="2" step="1"/><F54/><REACH who="2" ten="260,672,108,0" step="2"/><T50/><D44/><U125/><E125/><V33/><F33/><T59/><D63/><U36/><E113/><V105/><F105/><T48/><D48/><U96/><E107/><V65/><F65/><T41/><REACH who="0" step="1"/><D59/><REACH who="0" ten="250,672,108,0" step="2"/><U98/><E114/><V1/><F1/><T102/><D102/><U124/><E124/><V43/><F43/><T116/><D116/><U64/><E36/><V46/><F46/><T35/><D35/><U133/><E133/><V108/><F108/><T111/><D111/><U72/><E58/><V110/><F110/><T73/><D73/><U32/><E32/><V47/><F47/><T51/><D51/><U109/><E109/><V101/><F101/><T93/><D93/><AGARI ba="2,2" hai="61,67,71,76,77,79,81,87,90,92,93,94,129,130" machi="93" ten="40,8000,1" yaku="1,1,52,3,53,1" doraHai="91" doraHaiUra="78" who="2" fromWho="0" sc="250,-84,672,0,108,104,0,0" /><INIT seed="2,0,0,1,2,99" ten="166,672,212,0" oya="2" hai0="51,119,117,74,49,103,135,0,81,133,1,38,116" hai1="68,52,126,112,65,92,107,130,94,43,78,113,41" hai2="124,85,59,96,89,40,73,61,69,106,3,56,47" hai3=""/><V70/><F3/><N who="0" m="1098" /><D38/><U114/><E107/><V90/><F73/><T66/><D66/><U39/><E130/><V55/><F124/><T87/><D74/><U101/><E78/><V84/><F59/><T110/><D110/><U108/><E126/><V64/><F106/><T98/><D87/><U109/><E39/><V35/><F35/><T127/><D81/><U123/><N who="1" m="31520" /><U91/><E65/><V95/><F64/><T122/><N who="0" m="31264" /><T129/><D127/><U45/><E113/><V131/><F131/><T48/><D129/><U118/><E112/><V36/><REACH who="2" step="1"/><F84/><REACH who="2" ten="166,672,202,0" step="2"/><T75/><D75/><U80/><E109/><V50/><F50/><T97/><D103/><U86/><E101/><V104/><F104/><T100/><D100/><U71/><E108/><V102/><F102/><T60/><D60/><U134/><E86/><V128/><F128/><T115/><D115/><U111/><E114/><V44/><F44/><T46/><D46/><U76/><E111/><V121/><N who="2" m="31008" /><V62/><F62/><T83/><D97/><U132/><E45/><V37/><F37/><T79/><D98/><U53/><E132/><N who="0" m="50761" /><D116/><U57/><E134/><V105/><F105/><T125/><D125/><U33/><E118/><N who="0" m="45065" /><D49/><U88/><E57/><RYUUKYOKU ba="0,1" sc="166,10,672,-20,202,10,0,0" hai0="48,51,79,83" hai2="36,40,47,55,56,61,69,70,85,89,90,95,96" /><INIT seed="2,1,1,0,0,84" ten="176,652,212,0" oya="2" hai0="123,130,118,81,102,104,46,48,108,116,106,80,124" hai1="60,122,127,115,94,89,78,55,86,120,113,117,107" hai2="70,61,58,40,133,75,63,62,126,101,112,95,93" hai3=""/><V109/><F70/><T119/><N who="0" m="31520" /><T45/><D108/><U59/><N who="1" m="30752" /><U125/><N who="1" m="31264" /><U103/><E78/><V76/><F112/><T43/><D130/><U0/><E0/><V38/><F109/><T79/><D124/><N who="1" m="47691" /><E117/><V69/><F126/><T96/><D104/><U39/><E39/><V65/><F133/><T1/><D1/><U72/><E72/><V98/><F95/><T129/><D129/><U53/><E55/><V35/><F35/><T105/><D105/><U77/><E77/><V100/><F100/><T88/><D79/><U74/><E74/><V114/><F114/><T50/><REACH who="0" step="1"/><D88/><REACH who="0" ten="166,652,212,0" step="2"/><U42/><E107/><V90/><F90/><T83/><D83/><U132/><E103/><V91/><F101/><T34/><D34/><U57/><E89/><V128/><F128/><T44/><D44/><U134/><E115/><V71/><F76/><T49/><D49/><U73/><E113/><V68/><REACH who="2" step="1"/><F75/><REACH who="2" ten="166,652,202,0" step="2"/><T33/><D33/><U51/><E73/><V3/><F3/><T47/><D47/><AGARI ba="1,3" hai="38,40,47,58,61,62,63,65,68,69,71,91,93,98" machi="47" ten="40,12000,1" yaku="1,1,52,1,53,3" doraHai="84" doraHaiUra="56" who="2" fromWho="0" sc="166,-122,652,0,202,152,0,0" /><INIT seed="2,2,0,2,2,95" ten="44,652,354,0" oya="2" hai0="55,125,83,91,37,102,52,110,115,97,122,70,48" hai1="85,73,34,71,50,89,36,43,93,126,112,109,56" hai2="121,35,64,44,69,108,77,66,119,62,105,47,42" hai3=""/><V40/><N who="2" m="31008" /><V2/><F2/><T88/><N who="0" m="31264" /><T75/><D37/><U46/><E34/><V100/><F35/><T57/><D70/><U38/><E112/><V51/><F119/><T32/><D32/><U98/><E73/><V81/><F108/><T61/><D110/><U131/><E71/><V99/><F66/><T76/><D115/><U113/><E113/><V104/><F105/><T67/><D125/><U39/><E126/><V74/><REACH who="2" step="1"/><F47/><REACH who="2" ten="44,652,344,0" step="2"/><T86/><D75/><U94/><E109/><V60/><F60/><T80/><D83/><U59/><E131/><V134/><F134/><T65/><D67/><U111/><E111/><V1/><F1/><T68/><REACH who="0" step="1"/><D55/><AGARI ba="2,1" hai="40,42,44,51,55,62,64,69,74,77,81,99,100,104" m="31008" machi="55" ten="30,11600,0" yaku="1,1,7,1,52,2,53,0" doraHai="95" doraHaiUra="120" who="2" fromWho="0" sc="44,-120,652,0,344,130,0,0" owari="-76,-68.0,652,61.0,474,7.0,0,0.0" /></mjloggm>