<mjloggm ver="2.3"><GO type="169" lobby="0"/><UN n0="%42%65%6E%63%68%69%6E%67" n1="%E4%BF%BA%E3%81%A7%E3%81%99" n2="%4C%21%56%45" n3="%6B%6F%75%37%37%37" dan="16,16,16,17" rate="2071.73,2090.40,2095.94,2229.28" sx="M,M,M,M"/><TAIKYOKU oya="0"/><INIT seed="0,0,0,2,4,121" ten="250,250,250,250" oya="0" hai0="59,11,74,70,87,80,83,106,134,2,42,54,37" hai1="78,33,60,22,132,55,24,43,97,7,15,91,88" hai2="32,25,122,104,10,84,89,111,79,93,31,103,125" hai3="20,12,44,131,99,115,82,53,116,67,108,118,8"/><T48/><D106/><U14/><E132/><V109/><F122/><W4/><G115/><T130/><D130/><U63/><E78/><V94/><F125/><W9/><G131/><T41/><D70/><U86/><E43/><V69/><F94/><W29/><G67/><T64/><D64/><U36/><E36/><V17/><F69/><W85/><G99/><T75/><D83/><U6/><E33/><V47/><F47/><W57/><G44/><T52/><D134/><U100/><E14/><V51/><F51/><W105/><G105/><T135/><D135/><U76/><E76/><V19/><F79/><W61/><G9/><T65/><D65/><U5/><E15/><V58/><F58/><W77/><G29/><T71/><D71/><U114/><E114/><V40/><F40/><W107/><G107/><T124/><D54/><U50/><E97/><N who="2" m="61551" /><F10/><W66/><G20/><T110/><D124/><U92/><E91/><V13/><F13/><W21/><G21/><T16/><D41/><U49/><E100/><V95/><F95/><W26/><G66/><T90/><D42/><U68/><E68/><V101/><F101/><W128/><G128/><T73/><D37/><U34/><E34/><V3/><F3/><W129/><G129/><T117/><D117/><U81/><E92/><V18/><F18/><W45/><G116/><T120/><D120/><U123/><E123/><V56/><F56/><W38/><G118/><T0/><D16/><N who="1" m="12359" /><E50/><V126/><F126/><W133/><G133/><T39/><D39/><U72/><E72/><N who="0" m="18433" /><T127/><DORA hai="96" /><D127/><U119/><E119/><RYUUKYOKU ba="0,0" sc="250,-15,250,15,250,15,250,-15" hai1="5,6,7,49,55,60,63,81,86,88" hai2="17,19,25,31,32,84,89,93,109,111" /><INIT seed="1,1,0,1,1,29" ten="235,265,265,235" oya="1" hai0="93,101,113,80,7,98,48,88,69,22,61,46,94" hai1="127,16,55,104,76,51,108,21,1,112,117,23,43" hai2="68,17,71,19,106,114,49,12,85,100,18,81,123" hai3="63,11,35,75,33,84,64,90,37,34,107,124,39"/><U82/><E117/><V92/><F123/><W27/><G75/><T74/><D113/><U62/><E112/><V0/><F0/><W79/><G79/><T121/><D121/><U42/><E127/><V132/><F132/><W118/><G124/><T97/><D7/><U6/><E104/><V111/><F111/><W36/><G107/><T52/><D22/><U32/><E62/><V96/><F106/><W56/><G118/><T45/><D69/><U120/><E120/><V119/><F119/><W116/><G116/><T2/><D2/><U115/><E23/><V126/><F126/><W47/><G11/><T28/><D28/><U122/><E122/><V99/><F99/><W8/><G8/><T70/><D70/><U58/><E115/><V109/><F109/><W72/><G72/><T44/><REACH who="0" step="1"/><D61/><REACH who="0" ten="225,265,265,235" step="2"/><U87/><E108/><V57/><F71/><W102/><G102/><T40/><D40/><U54/><E6/><V41/><F68/><W125/><G125/><T20/><D20/><U3/><E3/><V30/><F30/><W26/><REACH who="3" step="1"/><G47/><REACH who="3" ten="225,265,265,225" step="2"/><T86/><D86/><U65/><E87/><V53/><F114/><W105/><G105/><T31/><D31/><U15/><E1/><V130/><F85/><W25/><G25/><T60/><D60/><U78/><E76/><AGARI ba="1,2" hai="44,45,46,48,52,74,76,80,88,93,94,97,98,101" machi="76" ten="40,8000,1" yaku="1,1,54,2,53,1" doraHai="29" doraHaiUra="50" who="0" fromWho="1" sc="225,103,265,-83,265,0,225,0" /><INIT seed="2,0,0,1,1,70" ten="328,182,265,225" oya="2" hai0="7,117,29,8,87,100,37,61,30,108,77,106,17" hai1="66,83,78,133,128,69,113,86,36,104,79,85,105" hai2="48,101,109,10,122,25,111,47,65,54,68,95,23" hai3="130,124,71,110,44,118,121,43,82,123,107,63,46"/><V28/><F122/><W116/><G82/><T115/><D115/><U73/><E66/><V0/><F68/><W40/><G107/><N who="1" m="41034" /><E69/><V84/><F65/><N who="3" m="41407" /><G110/><N who="2" m="41993" /><F0/><W16/><G16/><T24/><D61/><U41/><E41/><V18/><F101/><W99/><G99/><T49/><D100/><U32/><E32/><V129/><F129/><W102/><G102/><T81/><D108/><U4/><E4/><V53/><F95/><W125/><G130/><T45/><D106/><U74/><E128/><V114/><F84/><N who="1" m="32361" /><E113/><V19/><F114/><W2/><G2/><T127/><D7/><U21/><E21/><V97/><F97/><W120/><G118/><T126/><D8/><U14/><E14/><N who="2" m="7511" /><F19/><W90/><G90/><T35/><D17/><U88/><E133/><V15/><F15/><W38/><G116/><T103/><D103/><U9/><E9/><V94/><F94/><W26/><G26/><T11/><D117/><U6/><E6/><V91/><F91/><W39/><AGARI ba="0,0" hai="38,39,40,43,44,46,120,121,123,124,125" m="41407" machi="39" ten="40,8000,1" yaku="23,1,34,2,52,2" doraHai="70" who="3" fromWho="3" sc="328,-20,182,-20,265,-40,225,80" /><INIT seed="3,0,0,1,0,58" ten="308,162,225,305" oya="3" hai0="62,4,84,131,89,6,54,3,28,48,75,119,39" hai1="81,107,35,52,33,64,108,110,117,72,128,102,116" hai2="93,16,30,83,133,70,82,1,42,27,2,66,24" hai3="46,17,37,20,32,78,47,15,49,85,40,10,96"/><W80/><G32/><N who="1" m="12362" /><E64/><V5/><F133/><W112/><G112/><T118/><D39/><U26/><E26/><V59/><F70/><W51/><G96/><T114/><D114/><U41/><E41/><V135/><F135/><W53/><REACH who="3" step="1"/><G37/><REACH who="3" ten="308,162,225,295" step="2"/><T95/><D118/><N who="1" m="45675" /><E128/><V45/><F2/><W76/><G76/><T121/><D3/><U134/><E134/><V104/><F1/><W127/><G127/><T36/><D131/><U124/><E124/><V14/><F104/><W77/><G77/><T109/><D36/><U50/><E107/><V63/><F5/><W57/><G57/><N who="0" m="35127" /><D4/><U69/><E102/><V120/><F120/><W13/><G13/><T99/><D121/><U12/><E69/><V97/><F27/><W71/><G71/><T122/><D6/><U94/><E12/><V129/><F129/><W55/><G55/><T56/><D122/><U22/><E52/><V106/><F106/><W65/><G65/><T79/><D119/><U61/><E110/><V90/><F45/><W60/><G60/><T113/><D109/><U132/><E61/><V115/><F115/><W126/><G126/><T8/><D113/><U7/><E132/><V43/><F43/><W21/><AGARI ba="0,1" hai="10,15,17,20,21,40,46,47,49,51,53,78,80,85" machi="21" ten="30,6000,0" yaku="1,1,0,1,8,1,53,0" doraHai="58" doraHaiUra="91" who="3" fromWho="3" sc="308,-20,162,-20,225,-20,295,70" /><INIT seed="3,1,0,0,3,48" ten="288,142,205,365" oya="3" hai0="4,37,10,105,124,84,52,72,23,77,2,130,122" hai1="66,29,24,88,6,67,60,132,82,117,16,13,21" hai2="73,7,96,127,40,59,87,38,104,35,75,134,30" hai3="5,114,28,42,90,49,116,85,80,109,11,65,12"/><W112/><G116/><T115/><D122/><U26/><E132/><V91/><F134/><W110/><G28/><T135/><D135/><U107/><E117/><V43/><F127/><W9/><G65/><T97/><D124/><U121/><E121/><V93/><F7/><W17/><G42/><T20/><D37/><U126/><E126/><V45/><F43/><W51/><G112/><T54/><D72/><U64/><E107/><V31/><F35/><W47/><G114/><T131/><D115/><U108/><E108/><N who="3" m="41578" /><G47/><T68/><D68/><U99/><E6/><V8/><F8/><W19/><G19/><T101/><D77/><U123/><E123/><V44/><F44/><W71/><G71/><T74/><D74/><U39/><E39/><V78/><F75/><W62/><G62/><T0/><D84/><N who="1" m="50199" /><E60/><V128/><F128/><N who="0" m="49194" /><D0/><AGARI ba="1,0" hai="0,5,9,11,12,17,49,51,80,85,90" m="41578" machi="0" ten="30,2900,0" yaku="14,1,10,1" doraHai="48" who="3" fromWho="0" sc="288,-32,142,0,205,0,365,32" /><INIT seed="3,2,0,1,1,117" ten="256,142,205,397" oya="3" hai0="57,98,65,36,69,78,127,81,11,32,124,30,25" hai1="12,135,88,102,61,45,42,103,84,10,3,91,28" hai2="83,97,53,96,63,40,133,16,24,50,110,48,15" hai3="123,46,39,73,13,79,52,14,2,131,59,77,44"/><W114/><G2/><T68/><D36/><U54/><E135/><V134/><F110/><W85/><G73/><T101/><D11/><U26/><E3/><V49/><F24/><W67/><G114/><T20/><D57/><U100/><E61/><V70/><F40/><W108/><G131/><T37/><D37/><U120/><E120/><V60/><F83/><W89/><G123/><T95/><D20/><U29/><E54/><V6/><F6/><W62/><G108/><T90/><D90/><U64/><E64/><V125/><F125/><N who="0" m="48202" /><D65/><U47/><E91/><V113/><F113/><W132/><G132/><N who="2" m="50793" /><F70/><W0/><G0/><T34/><D34/><U66/><E66/><V94/><F53/><W99/><G99/><N who="2" m="37961" /><F94/><N who="3" m="54575" /><G39/><T129/><D129/><U75/><E75/><AGARI ba="2,0" hai="25,30,32,68,69,75,78,81,95,98,101" m="48202" machi="75" ten="30,1000,0" yaku="18,1" doraHai="117" who="0" fromWho="1" sc="256,16,142,-16,205,0,397,0" /><INIT seed="4,0,0,3,3,128" ten="272,126,205,397" oya="0" hai0="43,21,15,134,34,117,109,8,16,36,40,28,99" hai1="105,44,69,17,97,85,4,58,46,78,126,35,19" hai2="20,112,57,77,5,2,131,111,124,123,93,27,87" hai3="133,68,96,74,67,41,127,102,119,79,10,130,86"/><T89/><D117/><U18/><E126/><V66/><F77/><W61/><G127/><T29/><D34/><U82/><E69/><V23/><F57/><W42/><G119/><T48/><D36/><U24/><E4/><V80/><F93/><W135/><G86/><T49/><D109/><U104/><E58/><V11/><F66/><W45/><G10/><T60/><D134/><N who="3" m="51209" /><G130/><T71/><D71/><U59/><E59/><V114/><F80/><N who="3" m="45175" /><G45/><T70/><D70/><U75/><E46/><V38/><F87/><W51/><G51/><N who="0" m="19531" /><D60/><U103/><E44/><V83/><F83/><W56/><G68/><T12/><D43/><U90/><E105/><AGARI ba="0,0" hai="41,42,56,61,67,96,102,105" m="45175,51209" machi="105" ten="30,7700,0" yaku="20,1,52,3" doraHai="128" who="3" fromWho="1" sc="272,0,126,-77,205,0,397,77" /><INIT seed="5,0,0,4,2,112" ten="272,49,205,474" oya="1" hai0="116,8,104,135,110,30,119,99,124,94,70,65,73" hai1="2,125,15,133,59,132,107,10,44,35,53,101,128" hai2="103,76,64,68,20,115,87,75,13,46,117,131,33" hai3="0,4,62,79,60,80,105,51,91,16,88,3,52"/><U126/><E35/><V95/><F33/><W100/><G105/><T57/><D110/><U22/><E107/><V118/><F68/><W48/><G100/><T102/><D73/><U84/><E101/><V67/><F131/><W17/><G4/><T66/><D124/><N who="1" m="47723" /><E84/><V120/><F120/><W50/><G79/><T1/><D135/><N who="1" m="51787" /><E22/><V45/><F75/><W43/><G43/><T113/><D113/><U71/><E71/><V31/><F115/><W12/><G3/><T19/><D70/><U123/><E123/><V130/><F103/><W83/><G0/><T96/><D1/><U106/><E106/><V122/><F122/><W85/><G52/><T26/><D104/><U92/><E92/><V14/><F95/><W61/><G12/><T25/><D99/><U41/><E2/><V77/><F87/><AGARI ba="0,0" hai="16,17,48,50,51,60,61,62,80,83,85,87,88,91" machi="87" ten="40,8000,1" yaku="9,1,8,1,54,2" doraHai="112" who="3" fromWho="2" sc="272,0,49,0,205,-80,474,80" /><INIT seed="6,0,0,0,5,16" ten="272,49,125,554" oya="2" hai0="61,33,121,77,100,60,38,116,47,113,6,115,70" hai1="58,112,21,37,39,98,94,96,117,5,31,51,67" hai2="72,63,122,49,20,3,81,45,126,4,110,53,26" hai3="124,88,95,36,28,93,119,80,41,108,133,123,127"/><V128/><F122/><W105/><G108/><T89/><D33/><U84/><E117/><V35/><F35/><W56/><G105/><T76/><D100/><U91/><E112/><N who="0" m="43081" /><D121/><U135/><E135/><V59/><F128/><W55/><G28/><T120/><D120/><U0/><E0/><V42/><F126/><N who="3" m="48171" /><G119/><T57/><D6/><U65/><E5/><V85/><F72/><W71/><G71/><T2/><D2/><U22/><E39/><V10/><F110/><W78/><G55/><N who="0" m="33855" /><D89/><U1/><E1/><V79/><F3/><W40/><G95/><T86/><D86/><U9/><E37/><V75/><F75/><W99/><G36/><T97/><D97/><N who="1" m="37483" /><E9/><V15/><F26/><W101/><G78/><T107/><D107/><U90/><E90/><V50/><F50/><W132/><G56/><T130/><D130/><U46/><E58/><V29/><F29/><W106/><G80/><T125/><D125/><U118/><E118/><V62/><F62/><W111/><G111/><T83/><D83/><U73/><E73/><V12/><F12/><W109/><G109/><T44/><D116/><U52/><E31/><V92/><F92/><W104/><G104/><T25/><D25/><U82/><E82/><V34/><F34/><W23/><G123/><T66/><D38/><U102/><E102/><V64/><F64/><AGARI ba="0,0" hai="21,22,46,51,52,64,65,67,84,91,94" m="37483" machi="64" ten="30,7700,0" yaku="8,1,52,2,54,1" doraHai="16" who="1" fromWho="2" sc="272,0,49,77,125,-77,554,0" /><INIT seed="7,0,0,3,5,8" ten="272,126,48,554" oya="3" hai0="95,99,89,58,131,5,42,34,46,31,11,118,63" hai1="22,101,67,100,111,0,77,56,105,12,122,15,108" hai2="39,134,7,45,97,75,16,62,129,106,132,47,9" hai3="90,30,59,94,10,87,102,64,109,1,38,68,28"/><W29/><G38/><T133/><D31/><U116/><E0/><V117/><F117/><W120/><G120/><T17/><D17/><U48/><E77/><V98/><F75/><W26/><G68/><T83/><D83/><U65/><E122/><V33/><F33/><W13/><G1/><T130/><D11/><U41/><E105/><V92/><F106/><W72/><G72/><T4/><D34/><U19/><E116/><V81/><F81/><W37/><G37/><N who="0" m="21839" /><D133/><U135/><E135/><V6/><F39/><W128/><G128/><N who="0" m="49195" /><D118/><U93/><E19/><V73/><F73/><W86/><G109/><T123/><D123/><U44/><E22/><V40/><F129/><W110/><G110/><T84/><D84/><U51/><E111/><V57/><F134/><W35/><G102/><T52/><AGARI ba="0,0" hai="4,5,52,58,63,89,95,99" m="49195,21839" machi="52" ten="30,2000,0" yaku="19,1,54,1" doraHai="8" who="0" fromWho="0" sc="272,20,126,-5,48,-5,554,-10" owari="292,9.0,121,-28.0,43,-46.0,544,65.0" /></mjloggm>