<mjloggm ver="2.3"><GO type="169" lobby="0"/><UN n0="%72%65%6E%6A%69%38%33" n1="%6F%72%74%68%6F%70%65%64" n2="%74%6F%72%69%30%36%31%32" n3="%E3%83%AC%E3%82%A4%E3%81%A1%E3%82%83%E3%82%93" dan="18,16,17,16" rate="2225.89,2073.81,2161.62,2071.03" sx="M,M,M,M"/><TAIKYOKU oya="0"/><INIT seed="0,0,0,1,1,1" ten="250,250,250,250" oya="0" hai0="29,115,92,22,124,36,16,3,99,98,55,5,67" hai1="120,27,119,37,4,38,42,57,128,122,89,121,54" hai2="45,96,58,88,52,132,7,9,12,108,104,134,126" hai3="20,83,109,0,41,105,127,21,116,114,77,6,78"/><T69/><D115/><U129/><E27/><V135/><F108/><W123/><G105/><T76/><D36/><N who="1" m="13931" /><E89/><V48/><F126/><W28/><G78/><T71/><D76/><U43/><E4/><V66/><F104/><W14/><G0/><T40/><D124/><U44/><E119/><V39/><F66/><W82/><G83/><T53/><D29/><U84/><E84/><V87/><F96/><W18/><G82/><T133/><D40/><N who="1" m="15403" /><E44/><V81/><F39/><W72/><G77/><T74/><D74/><U90/><E90/><V10/><F10/><W30/><G72/><T97/><D92/><U51/><AGARI ba="0,0" hai="51,54,57,120,121,122,128,129" m="15403,13931" machi="51" ten="40,2700,0" yaku="34,2" doraHai="1" who="1" fromWho="1" sc="250,-13,250,27,250,-7,250,-7" /><INIT seed="1,0,0,1,4,1" ten="237,277,243,243" oya="1" hai0="15,51,68,74,121,29,39,21,69,54,122,38,3" hai1="98,9,81,26,110,115,33,24,120,130,80,28,131" hai2="32,27,76,52,92,90,96,20,4,43,123,59,25" hai3="79,44,111,113,134,47,106,107,40,31,95,97,5"/><U53/><E120/><N who="0" m="46185" /><D3/><U7/><E115/><V19/><F123/><W60/><G113/><T57/><D74/><U100/><E53/><V132/><F132/><W119/><G134/><T85/><D85/><U99/><E26/><V10/><F76/><W82/><G31/><T133/><D133/><U127/><E127/><V46/><F27/><W84/><G47/><N who="0" m="28031" /><D29/><U88/><E99/><V114/><F32/><W56/><G119/><T118/><D21/><U116/><E116/><V2/><F114/><W37/><G111/><T117/><D15/><U87/><E81/><V126/><F126/><W65/><G5/><T77/><D77/><U50/><E50/><V67/><F67/><W102/><AGARI ba="0,0" hai="37,40,44,56,60,65,79,82,84,95,97,102,106,107" machi="102" ten="20,1500,0" yaku="0,1,7,1" doraHai="1" who="3" fromWho="3" sc="237,-4,277,-7,243,-4,243,15" /><INIT seed="2,0,0,3,3,30" ten="233,270,239,258" oya="2" hai0="32,103,59,86,79,64,114,71,123,72,70,73,113" hai1="22,129,57,126,12,87,83,77,8,33,29,105,2" hai2="9,10,14,96,16,53,41,26,133,65,51,121,43" hai3="122,132,6,23,109,3,63,47,54,11,18,28,101"/><V31/><F121/><W84/><G109/><T35/><D123/><U21/><E126/><V80/><F133/><W116/><G116/><T125/><D59/><U98/><E129/><V106/><F65/><W90/><G101/><T134/><D86/><U68/><E68/><N who="0" m="26153" /><D64/><U49/><E2/><V110/><F110/><W19/><G132/><T128/><D134/><U117/><E117/><V39/><F39/><W66/><G54/><T36/><D103/><U107/><E49/><V74/><F96/><W82/><G47/><T91/><D91/><U102/><E57/><V20/><F106/><W62/><G62/><T94/><D94/><U61/><E61/><V69/><F69/><W131/><G131/><T50/><D50/><U0/><E0/><V104/><F104/><W111/><G111/><T112/><D128/><U15/><E15/><N who="2" m="7287" /><F80/><W58/><G122/><T75/><D125/><U13/><E13/><V119/><F74/><N who="0" m="28778" /><D36/><U76/><E76/><V115/><F115/><W37/><G37/><T38/><D38/><U120/><E107/><V46/><F119/><W52/><G66/><T95/><D95/><U25/><REACH who="1" step="1"/><E120/><REACH who="1" ten="233,260,239,258" step="2"/><V88/><F88/><W7/><G90/><T4/><D4/><AGARI ba="0,1" hai="4,8,12,21,22,25,29,33,77,83,87,98,102,105" machi="4" ten="30,7700,0" yaku="1,1,2,1,7,1,52,1,53,0" doraHai="30" doraHaiUra="89" who="1" fromWho="0" sc="233,-77,260,87,239,0,258,0" /><AGARI ba="0,0" hai="4,9,14,20,26,31,41,43,46,51,53" m="7287" machi="4" ten="30,2900,0" yaku="8,1,54,1" doraHai="30" who="2" fromWho="0" sc="156,-29,347,0,239,29,258,0" /><INIT seed="2,1,0,1,4,59" ten="127,347,268,258" oya="2" hai0="105,90,83,77,39,30,99,119,49,62,7,38,80" hai1="53,132,93,68,65,116,26,107,54,123,69,67,56" hai2="100,117,41,22,71,52,12,94,109,76,134,11,19" hai3="57,79,58,9,70,1,42,96,10,88,23,81,33"/><V47/><F117/><W46/><G33/><T45/><D119/><U17/><E116/><V8/><F71/><W78/><G70/><T82/><D77/><U121/><E107/><V122/><F122/><N who="1" m="46601" /><E93/><V60/><F134/><W133/><G78/><T75/><D75/><U120/><N who="1" m="46609" /><U5/><DORA hai="72" /><E5/><V85/><F109/><W0/><G10/><T101/><D7/><U27/><E132/><V13/><F100/><W103/><G23/><T126/><D126/><U34/><E17/><V28/><F28/><W111/><G111/><T25/><D90/><U64/><E34/><V130/><F130/><W95/><G103/><T114/><D114/><U125/><E125/><V92/><F22/><W113/><G113/><T29/><D29/><U35/><E54/><V124/><F124/><W104/><G104/><T63/><D39/><U36/><E36/><V66/><F13/><W18/><G0/><T112/><D38/><U32/><E32/><V3/><F11/><W106/><G106/><T102/><D102/><U14/><E14/><V43/><F3/><W50/><G133/><T6/><D6/><U24/><E35/><V84/><F94/><W20/><G9/><T55/><REACH who="0" step="1"/><D112/><REACH who="0" ten="117,347,268,258" step="2"/><U135/><E135/><V108/><F108/><W2/><G2/><T115/><D115/><U97/><E97/><V86/><F76/><W21/><G1/><T127/><D127/><U48/><AGARI ba="1,1" hai="24,26,27,48,53,56,64,65,67,68,69" m="46609" machi="48" ten="50,1600,0" yaku="13,1" doraHai="59,72" who="1" fromWho="1" sc="117,-5,347,29,268,-9,258,-5" /><INIT seed="3,0,0,1,5,86" ten="112,376,259,253" oya="3" hai0="46,129,124,52,111,83,91,63,65,17,44,85,30" hai1="36,134,70,67,23,10,130,75,15,60,26,76,128" hai2="13,127,54,37,98,103,20,92,8,51,66,102,38" hai3="47,79,6,105,122,34,94,110,0,90,58,29,32"/><W121/><G105/><T112/><D111/><U5/><E36/><V43/><F127/><W49/><G79/><T33/><D124/><U72/><E134/><V62/><F43/><W87/><G110/><T78/><D129/><N who="1" m="49771" /><E76/><V28/><F102/><W19/><G19/><AGARI ba="0,0" hai="5,10,15,19,23,26,60,67,70,72,75" m="49771" machi="19" ten="30,1000,0" yaku="19,1" doraHai="86" who="1" fromWho="3" sc="112,0,376,10,259,0,253,-10" /><INIT seed="4,0,0,1,1,18" ten="112,386,259,243" oya="0" hai0="40,69,100,3,14,112,36,80,107,39,20,26,120" hai1="111,115,30,63,27,70,25,33,47,130,134,102,77" hai2="78,61,8,67,24,83,90,101,124,122,41,92,55" hai3="131,76,56,98,129,110,21,71,49,15,125,35,128"/><T93/><D120/><U113/><E111/><V103/><F124/><W31/><G71/><T59/><D69/><U85/><E130/><V133/><F133/><W126/><G76/><T95/><D3/><U38/><E134/><V84/><F55/><N who="3" m="31855" /><G110/><T12/><D80/><N who="1" m="47247" /><E102/><V2/><F41/><W58/><G35/><T89/><D59/><U64/><E27/><V94/><F94/><W119/><G119/><T45/><D39/><U11/><E11/><V82/><F82/><W75/><G75/><T46/><D46/><U50/><E50/><V116/><F116/><W7/><G98/><T28/><D112/><N who="1" m="43083" /><E47/><V51/><F51/><W104/><G104/><T86/><REACH who="0" step="1"/><D107/><REACH who="0" ten="102,386,259,243" step="2"/><U32/><E38/><V99/><F122/><W44/><G44/><T54/><D54/><U114/><E114/><V0/><F0/><W109/><G109/><T68/><D68/><U127/><E127/><V118/><F118/><W72/><G58/><T16/><D16/><U17/><E17/><V88/><F67/><W60/><G126/><T23/><D23/><AGARI ba="0,1" hai="23,25,30,32,33,63,64,70" m="43083,47247" machi="23" ten="30,3900,0" yaku="15,1,11,1,52,1" doraHai="18" who="1" fromWho="0" sc="102,-39,386,49,259,0,243,0" /><INIT seed="5,0,0,0,1,70" ten="63,435,259,243" oya="1" hai0="55,8,125,71,62,18,7,126,65,36,134,76,113" hai1="29,73,40,129,85,49,37,78,103,13,133,98,26" hai2="21,128,31,135,102,56,124,75,61,91,12,11,108" hai3="33,54,32,72,67,60,52,89,10,27,106,97,80"/><U0/><E129/><V64/><F75/><W132/><G132/><T25/><D134/><U92/><E133/><V19/><F108/><W77/><G10/><T74/><D55/><U105/><E0/><V43/><F128/><W30/><G33/><T90/><D90/><N who="1" m="53327" /><E13/><V116/><F116/><W34/><G32/><T84/><D84/><U119/><E49/><V118/><F118/><W101/><REACH who="3" step="1"/><G89/><REACH who="3" ten="63,435,259,233" step="2"/><T96/><D8/><U79/><E119/><V6/><F91/><W95/><G95/><T69/><D125/><U121/><E121/><V53/><F124/><W130/><G130/><T63/><D126/><U51/><E78/><V87/><F135/><W104/><G104/><T42/><D76/><U4/><E79/><V44/><F6/><W41/><G41/><T24/><D7/><U115/><E40/><V5/><F5/><W20/><G20/><T122/><D122/><U94/><E105/><V50/><F102/><W35/><G35/><T107/><D107/><U112/><E94/><V16/><F87/><W68/><AGARI ba="0,1" hai="27,30,34,52,54,60,67,68,72,77,80,97,101,106" machi="68" ten="20,12000,2" yaku="1,1,0,1,7,1,25,2,54,1,53,1" doraHai="70" doraHaiUra="22" who="3" fromWho="3" sc="63,-30,435,-60,259,-30,233,130" /><INIT seed="6,0,0,3,4,84" ten="33,375,229,363" oya="2" hai0="109,54,26,36,93,2,53,41,72,24,32,66,80" hai1="110,83,0,97,76,88,114,74,8,111,5,99,71" hai2="29,94,81,113,45,61,89,107,68,46,10,126,62" hai3="60,59,127,69,102,38,47,120,95,132,122,70,1"/><V49/><F107/><W116/><G1/><T28/><D109/><U86/><E71/><V128/><F68/><W30/><G30/><T79/><D66/><U82/><REACH who="1" step="1"/><E114/><REACH who="1" ten="33,365,229,363" step="2"/><V106/><F113/><W124/><G70/><T58/><D2/><U100/><E100/><V17/><F126/><W7/><G69/><T25/><D54/><U23/><E23/><V104/><F128/><W48/><G127/><T50/><REACH who="0" step="1"/><D93/><REACH who="0" ten="23,365,229,363" step="2"/><U90/><E90/><V130/><F106/><W67/><G124/><T34/><D34/><U18/><E18/><V20/><F104/><W56/><G122/><T57/><D57/><U87/><E87/><N who="2" m="50415" /><F94/><W91/><G120/><T37/><D37/><U131/><E131/><V119/><F130/><W43/><G38/><T135/><D135/><U42/><E42/><N who="2" m="24759" /><F46/><AGARI ba="0,2" hai="24,25,26,28,32,36,41,46,50,53,58,72,79,80" machi="46" ten="40,2600,0" yaku="1,1,53,1" doraHai="84" doraHaiUra="55" who="0" fromWho="2" sc="23,46,365,0,229,-26,363,0" /><INIT seed="7,0,0,0,0,129" ten="69,365,203,363" oya="3" hai0="15,39,37,90,123,59,107,89,19,93,26,73,111" hai1="34,77,12,31,122,4,99,128,83,47,132,62,79" hai2="100,2,49,13,10,23,18,9,97,105,46,20,119" hai3="21,43,6,134,87,80,68,61,27,14,70,50,11"/><W45/><G134/><T7/><D111/><U108/><E122/><V60/><F119/><W103/><G103/><T88/><D123/><U78/><E108/><V25/><F60/><W64/><G61/><T54/><D107/><U29/><E128/><V121/><F121/><W65/><G70/><T38/><D7/><U58/><E132/><V127/><F127/><W76/><G68/><T115/><D73/><U109/><E109/><V74/><F74/><W110/><G110/><T52/><D115/><U126/><E126/><V8/><F2/><W72/><G72/><T35/><D35/><U75/><E47/><V57/><F57/><W17/><AGARI ba="0,0" hai="6,11,14,17,21,27,43,45,50,64,65,76,80,87" machi="17" ten="20,12000,1" yaku="0,1,7,1,25,2,8,1" doraHai="129" who="3" fromWho="3" sc="69,-40,365,-40,203,-40,363,120" owari="29,-47.0,325,13.0,163,-24.0,483,58.0" /></mjloggm>