<mjloggm ver="2.3"><GO type="225" lobby="0"/><UN n0="%E5%84%AA%40%41%42%43" n1="%E3%81%98%E3%82%93%E3%81%BF%E3%82%87%E3%82%93" n2="%50%49%58%49" n3="%E3%83%A9%E3%82%B9%E7%8E%87%EF%BC%93%E5%89%B2" dan="17,16,16,16" rate="2201.29,2157.59,2206.02,2153.68" sx="M,F,F,F"/><TAIKYOKU oya="0"/><INIT seed="0,0,0,4,3,30" ten="250,250,250,250" oya="0" hai0="0,74,62,133,116,16,24,87,26,18,123,29,73" hai1="99,135,54,128,102,15,96,64,67,25,5,68,45" hai2="131,97,79,82,38,84,49,106,94,9,80,41,101" hai3="27,112,108,11,85,35,46,6,124,86,100,71,78"/><T130/><D116/><U91/><E68/><V127/><F38/><W52/><G71/><T36/><D123/><U22/><E128/><V92/><F41/><W61/><G112/><T125/><D36/><U98/><E102/><V63/><F63/><W44/><G108/><T60/><D0/><U32/><E32/><V47/><F47/><W10/><G124/><T134/><D87/><U89/><E135/><N who="0" m="51721" /><D130/><U114/><E114/><V55/><F55/><W23/><G35/><N who="0" m="20903" /><D125/><U77/><E77/><N who="2" m="46095" /><F49/><W28/><G86/><T33/><D60/><U1/><E1/><V43/><F43/><W4/><G85/><T76/><D62/><U93/><E67/><V58/><F127/><W119/><G78/><T59/><D59/><U21/><E64/><V34/><F58/><N who="3" m="35015" /><G100/><T3/><D3/><U17/><E45/><N who="3" m="17514" /><G119/><T118/><D118/><U12/><E54/><V75/><F131/><W7/><AGARI ba="0,0" hai="4,6,7,10,11,23,27,28" m="17514,35015" machi="7" ten="30,2000,0" yaku="8,1,54,1" doraHai="30" who="3" fromWho="3" sc="250,-10,250,-5,250,-5,250,20" /><INIT seed="1,0,0,4,4,89" ten="240,245,245,270" oya="1" hai0="2,70,60,61,3,123,113,32,4,6,58,122,81" hai1="101,112,16,67,38,19,72,90,107,118,127,71,114" hai2="110,99,41,130,103,119,96,17,44,14,53,74,126" hai3="55,34,42,10,35,134,40,25,52,129,45,36,73"/><U117/><E38/><V106/><F119/><N who="1" m="45577" /><E67/><V56/><F110/><W105/><G105/><T120/><D113/><N who="1" m="43627" /><E71/><V18/><F126/><W100/><G73/><T69/><D32/><U97/><E16/><V133/><F130/><W83/><G100/><T88/><D81/><U46/><E46/><V77/><F133/><W39/><G83/><T8/><D88/><U98/><E19/><V54/><F74/><W135/><G10/><N who="0" m="2327" /><D60/><U9/><E9/><V28/><F77/><W50/><G25/><T15/><D15/><U23/><E23/><V5/><F28/><W82/><G82/><T80/><D80/><U26/><E26/><V108/><F108/><W116/><G116/><T47/><D47/><U111/><E72/><V51/><F54/><AGARI ba="0,0" hai="3,6,8,54,58,61,69,70,120,122,123" m="2327" machi="54" ten="30,1000,0" yaku="13,1" doraHai="89" who="0" fromWho="2" sc="240,10,245,0,245,-10,270,0" /><INIT seed="2,0,0,0,4,33" ten="250,245,235,270" oya="2" hai0="57,124,77,87,91,14,108,99,30,135,45,3,71" hai1="84,126,90,63,78,29,107,75,37,6,43,113,80" hai2="70,53,122,132,22,44,32,41,9,15,109,88,134" hai3="0,68,114,74,62,102,7,28,94,13,117,24,48"/><V34/><F122/><W129/><G74/><T115/><D71/><U123/><E123/><V10/><F70/><W95/><G117/><T19/><D115/><U111/><E113/><V58/><F22/><W21/><G129/><T79/><D3/><U96/><E126/><V47/><F109/><W125/><G125/><T120/><D120/><U104/><E111/><V36/><F47/><W12/><G114/><T56/><D30/><U49/><E37/><V5/><F10/><W50/><G102/><T133/><D99/><U27/><E6/><V82/><F82/><W93/><G50/><T46/><D124/><U4/><E4/><V40/><F40/><W65/><REACH who="3" step="1"/><G48/><REACH who="3" ten="250,245,235,260" step="2"/><T92/><D108/><U100/><E75/><V127/><F127/><W61/><G61/><T69/><D46/><U59/><E49/><V89/><F132/><W81/><G81/><T38/><D45/><U76/><E43/><V131/><F134/><W118/><G118/><T25/><D38/><U51/><E51/><V1/><F131/><W35/><G35/><T16/><D133/><U73/><E73/><V110/><F110/><W18/><G18/><T121/><D19/><U54/><REACH who="1" step="1"/><E107/><REACH who="1" ten="250,235,235,260" step="2"/><V31/><F36/><W39/><G39/><T119/><D135/><U23/><AGARI ba="0,2" hai="23,27,29,54,59,63,76,78,80,84,90,96,100,104" machi="23" ten="20,8000,1" yaku="1,1,2,1,0,1,7,1,53,1" doraHai="33" doraHaiUra="26" who="1" fromWho="1" sc="250,-20,235,100,235,-40,260,-20" /><INIT seed="3,0,0,1,5,6" ten="230,335,195,240" oya="3" hai0="105,101,88,98,112,67,15,49,109,59,48,9,23" hai1="0,133,121,58,79,96,5,93,77,89,54,12,81" hai2="32,11,40,33,27,108,135,24,14,127,132,87,55" hai3="8,72,102,128,86,103,26,131,44,74,71,62,76"/><W107/><G44/><T99/><D109/><U57/><E133/><N who="2" m="51275" /><F55/><W111/><G111/><T64/><D112/><U92/><E121/><V91/><F108/><W56/><G71/><T95/><D23/><U22/><E0/><V78/><F78/><W37/><G37/><T97/><D97/><U75/><E77/><V36/><F40/><W4/><G26/><N who="2" m="9769" /><F36/><W50/><G50/><T47/><D59/><U51/><E92/><V129/><F129/><N who="3" m="49739" /><G86/><T104/><D104/><U20/><E58/><V52/><F127/><W66/><G107/><T16/><D48/><U110/><E110/><V21/><F87/><W118/><G118/><T31/><D31/><U18/><E75/><N who="3" m="28714" /><G76/><T113/><D113/><U25/><E79/><V94/><F94/><W90/><G90/><T53/><AGARI ba="0,0" hai="9,15,16,47,49,53,64,67,88,95,98,99,101,105" machi="53" ten="20,8000,1" yaku="0,1,7,1,52,1,54,2" doraHai="6" who="0" fromWho="0" sc="230,80,335,-20,195,-20,240,-40" owari="310,11.0,315,41.0,175,-32.0,200,-20.0" /></mjloggm>