<mjloggm ver="2.3"><GO type="185" lobby="0"/><UN n0="%6B%75%72%74" n1="%E2%91%A5%52%61%64%61%72" n2="%E3%81%97%E3%82%93%E3%81%97%E3%82%93%E3%81%97%E3%82%93" n3="" dan="16,16,17,0" rate="2147.08,2276.77,2263.81,1500.00" sx="M,M,F,C"/><TAIKYOKU oya="0"/><INIT seed="0,0,0,2,2,99" ten="350,350,350,0" oya="0" hai0="123,69,51,47,67,88,118,90,44,40,70,62,52" hai1="121,119,127,97,0,75,111,114,120,110,128,66,49" hai2="32,39,41,59,105,45,100,36,108,96,103,125,135" hai3=""/><T76/><N who="0" m="31520" /><T57/><D118/><U68/><N who="1" m="30752" /><U87/><N who="1" m="31008" /><U2/><E75/><V71/><F32/><T109/><D109/><N who="1" m="41483" /><E114/><V42/><F71/><T104/><D104/><U129/><E127/><V54/><F135/><T98/><D76/><U72/><E72/><V43/><F108/><T1/><D1/><U132/><E132/><V131/><F131/><N who="1" m="50249" /><E49/><V53/><F125/><T84/><D98/><U77/><E119/><V55/><F59/><T122/><N who="0" m="31264" /><T56/><D90/><U89/><E77/><V115/><F115/><T101/><D101/><U60/><E97/><V50/><REACH who="2" step="1"/><F103/><REACH who="2" ten="350,350,340,0" step="2"/><T107/><D107/><U85/><E85/><V124/><F124/><T65/><D69/><U102/><E102/><V3/><F3/><T95/><D67/><U38/><E38/><AGARI ba="0,1" hai="36,38,39,41,42,43,45,50,53,54,55,96,100,105" machi="38" ten="40,2600,0" yaku="1,1,52,1,53,0" doraHai="99" doraHaiUra="78" who="2" fromWho="1" sc="350,0,350,-26,340,36,0,0" /><AGARI ba="0,0" hai="38,40,44,47,51,52,56,57,62,65,70,84,88,95" m="31264,31520" machi="38" ten="30,12000,1" yaku="7,1,52,2,54,2" doraHai="99" who="0" fromWho="1" sc="350,120,324,-120,376,0,0,0" /><INIT seed="0,1,0,3,5,33" ten="470,204,376,0" oya="0" hai0="96,87,133,82,102,55,39,71,73,128,99,101,69" hai1="106,48,125,51,53,108,92,127,40,117,58,66,41" hai2="135,42,126,45,1,36,62,100,95,118,107,105,97" hai3=""/><T113/><D113/><U110/><E106/><V43/><F135/><T0/><D133/><U81/><E81/><V80/><F126/><N who="1" m="48137" /><E92/><V61/><F118/><T109/><D39/><U68/><E117/><V54/><F1/><T122/><N who="0" m="31264" /><T52/><D82/><U85/><E85/><V50/><F43/><N who="1" m="16457" /><E48/><V77/><F105/><T132/><D87/><U3/><E3/><V103/><F100/><T32/><D132/><U75/><E75/><V70/><F107/><T60/><D0/><U59/><E68/><V123/><N who="2" m="31520" /><V94/><F70/><T129/><D73/><U90/><E90/><V111/><F95/><T79/><D79/><U124/><N who="1" m="48145" /><U72/><DORA hai="63" /><E72/><V104/><F104/><T83/><D83/><U115/><E115/><V93/><F94/><T86/><D86/><U89/><E89/><V37/><F80/><T64/><D71/><U98/><E98/><V112/><F77/><T130/><D99/><U47/><E47/><V91/><F112/><T74/><D74/><U34/><E34/><V131/><F97/><T120/><D32/><U65/><E59/><V121/><F45/><T76/><D96/><U2/><E2/><V46/><N who="2" m="31008" /><V78/><F78/><T88/><D69/><RYUUKYOKU ba="1,0" sc="470,-10,204,20,376,-10,0,0" hai1="51,53,58,65,66,108,110" /><INIT seed="1,2,0,1,5,51" ten="460,224,366,0" oya="1" hai0="3,33,76,68,58,105,69,54,116,70,41,125,34" hai1="39,86,60,123,61,80,55,114,126,67,47,127,36" hai2="81,129,57,96,72,112,63,2,130,124,111,85,110" hai3=""/><U120/><N who="1" m="30752" /><U101/><N who="1" m="31520" /><U94/><E114/><V117/><F2/><T79/><D41/><U65/><E101/><V46/><F46/><T48/><D105/><U87/><E94/><V109/><F72/><T104/><D104/><U37/><E47/><V128/><F96/><T43/><D43/><U119/><E119/><V32/><F32/><T97/><D3/><U78/><E55/><V134/><F117/><T99/><D116/><U93/><E93/><V133/><F112/><T121/><N who="0" m="31008" /><T95/><D99/><U132/><E132/><N who="2" m="50795" /><F85/><T64/><D33/><U73/><E73/><V53/><F81/><T100/><D34/><U106/><E106/><V74/><F74/><T91/><D100/><U107/><E107/><V108/><N who="2" m="27648" /><DORA hai="92" /><V75/><F75/><T44/><D97/><U113/><E113/><V83/><F83/><T98/><D98/><U45/><E45/><V115/><F115/><T71/><D44/><U102/><E102/><V77/><F77/><T90/><D79/><U56/><REACH who="1" step="1"/><E87/><REACH who="1" ten="460,214,366,0" step="2"/><V38/><F38/><T62/><D95/><U49/><E49/><V82/><F82/><T35/><D48/><U52/><E52/><V84/><F84/><T1/><N who="0" m="17408" /><DORA hai="50" /><T118/><D35/><RYUUKYOKU ba="2,1" sc="460,-20,214,10,366,10,0,0" hai1="36,37,39,56,60,61,65,67,78,80,86,126,127" hai2="53,57,63,124,128,129,130" /><INIT seed="1,3,1,1,4,111" ten="440,224,376,0" oya="1" hai0="89,119,34,94,124,72,128,73,107,99,112,32,75" hai1="1,66,46,125,98,70,35,95,103,117,108,42,40" hai2="118,101,48,47,113,2,86,55,129,68,3,100,77" hai3=""/><U43/><E1/><V56/><F118/><T62/><D119/><U123/><N who="1" m="31520" /><U81/><E117/><V88/><F68/><T133/><D107/><U52/><E35/><V33/><F33/><T115/><D128/><U80/><E125/><V83/><F129/><T102/><D124/><U36/><E108/><V39/><F113/><T131/><D131/><U44/><E52/><V127/><F127/><T82/><D32/><U121/><N who="1" m="31008" /><U79/><E46/><V92/><F2/><T114/><D34/><U63/><REACH who="1" step="1"/><E81/><REACH who="1" ten="440,214,376,0" step="2"/><V122/><N who="2" m="31264" /><V97/><F3/><T116/><D116/><U54/><E54/><V104/><F47/><T110/><D110/><U90/><E90/><V84/><F39/><T76/><D62/><U53/><E53/><V50/><F101/><T120/><N who="0" m="30752" /><T93/><D133/><U71/><E71/><V37/><F37/><T41/><D41/><U74/><AGARI ba="3,2" hai="36,40,42,43,44,63,66,70,74,79,80,95,98,103" m="31008,31520" machi="74" ten="20,12000,2" yaku="1,1,0,1,7,1,52,2,53,1" doraHai="111" doraHaiUra="58" who="1" fromWho="1" sc="440,-63,214,146,376,-63,0,0" /><INIT seed="1,4,0,1,2,0" ten="377,360,313,0" oya="1" hai0="48,80,71,43,83,46,82,56,3,36,62,133,50" hai1="33,52,60,65,81,63,126,108,121,123,104,134,47" hai2="67,105,34,53,106,58,57,55,122,100,135,114,1" hai3=""/><U95/><N who="1" m="31008" /><U92/><N who="1" m="31520" /><U112/><E112/><V37/><N who="2" m="31264" /><V93/><F1/><T75/><D3/><U130/><E104/><V38/><F135/><T124/><D133/><U69/><E134/><V125/><F67/><T102/><D124/><U51/><E126/><V127/><F93/><T91/><D102/><U66/><E130/><V110/><F100/><T44/><D71/><U61/><E108/><V113/><REACH who="2" step="1"/><F110/><REACH who="2" ten="377,360,303,0" step="2"/><T64/><D75/><U32/><E95/><V72/><F72/><T78/><D78/><U73/><E92/><V87/><F87/><T35/><D91/><U42/><E66/><V109/><F109/><T103/><D103/><U45/><E73/><V98/><F98/><T89/><D89/><U107/><E107/><V40/><F40/><T116/><D43/><U59/><E81/><V120/><N who="2" m="30752" /><V39/><F39/><T132/><D36/><U86/><E86/><V77/><F77/><T94/><D132/><U49/><E69/><V96/><F96/><T90/><D83/><U54/><E65/><V85/><F85/><T79/><D82/><U97/><E97/><V84/><F84/><T111/><D80/><U88/><E88/><V119/><F119/><T101/><D116/><RYUUKYOKU ba="4,1" sc="377,-20,360,10,303,10,0,0" hai1="32,33,42,45,47,49,51,52,54,59,60,61,63" hai2="34,37,38,53,55,57,58,105,106,113,114,125,127" /><INIT seed="1,5,1,0,3,122" ten="357,370,313,0" oya="1" hai0="3,44,108,60,84,116,63,57,128,41,85,113,104" hai1="112,102,131,117,75,132,126,49,68,114,129,89,35" hai2="2,69,80,48,0,55,125,42,83,123,79,37,32" hai3=""/><U111/><RYUUKYOKU type="yao9" ba="5,1" sc="357,0,370,0,313,0,0,0" hai1="35,49,68,75,89,102,111,112,114,117,126,129,131,132" /><INIT seed="1,6,1,0,4,32" ten="357,370,313,0" oya="1" hai0="133,2,65,125,89,118,78,62,44,68,99,87,67" hai1="126,46,85,101,3,112,96,120,94,34,116,91,134" hai2="84,37,45,82,109,129,59,98,76,75,54,55,108" hai3=""/><U106/><N who="1" m="30752" /><U100/><E34/><V50/><F129/><T123/><N who="0" m="31520" /><T72/><D125/><U114/><E116/><V53/><F37/><T117/><D133/><U90/><E134/><V102/><F75/><T97/><D67/><U42/><E126/><V52/><REACH who="2" step="1"/><F45/><REACH who="2" ten="357,370,303,0" step="2"/><T130/><D130/><U107/><E46/><V38/><F38/><T115/><D72/><U41/><E114/><V70/><F70/><T33/><D68/><U95/><E112/><V80/><F80/><T43/><D115/><U49/><E49/><V135/><F135/><T74/><D74/><U51/><E51/><V83/><F83/><T66/><D117/><U77/><E107/><AGARI ba="6,2" hai="50,52,53,54,55,59,76,82,84,98,102,107,108,109" machi="107" ten="40,2600,0" yaku="1,1,54,1,53,0" doraHai="32" doraHaiUra="71" who="2" fromWho="1" sc="357,0,370,-38,303,58,0,0" /><INIT seed="2,0,0,4,4,81" ten="357,332,361,0" oya="2" hai0="41,85,82,56,51,62,71,117,32,69,125,93,43" hai1="40,33,133,79,111,129,132,37,98,46,105,103,122" hai2="101,128,102,74,58,36,76,112,49,126,50,104,113" hai3=""/><V55/><F36/><T45/><D32/><U116/><N who="1" m="31264" /><U100/><E33/><V118/><F118/><T66/><D117/><U108/><E116/><V99/><F126/><T52/><D125/><U95/><E79/><V63/><F128/><T67/><D93/><U73/><E73/><V134/><F134/><N who="1" m="51817" /><E129/><V115/><REACH who="2" step="1"/><F102/><REACH who="2" ten="357,332,351,0" step="2"/><T123/><N who="0" m="31520" /><T44/><D69/><U0/><E0/><V54/><F54/><T39/><REACH who="0" step="1"/><D71/><REACH who="0" ten="347,332,351,0" step="2"/><U34/><E34/><V96/><F96/><AGARI ba="0,2" hai="37,40,46,95,96,98,100,103,105,108,111" m="51817,31264" machi="96" ten="30,2000,0" yaku="20,1,52,1" doraHai="81" who="1" fromWho="2" sc="347,0,332,40,351,-20,0,0" /><INIT seed="4,0,0,3,0,73" ten="347,372,331,0" oya="0" hai0="96,101,62,122,107,55,91,42,43,58,57,2,84" hai1="50,109,106,64,98,40,123,133,128,127,125,70,61" hai2="67,121,35,41,90,69,87,53,120,132,83,103,79" hai3=""/><T56/><N who="0" m="31264" /><T86/><D2/><U74/><N who="1" m="31520" /><U111/><E74/><V49/><N who="2" m="30752" /><V113/><N who="2" m="31008" /><V131/><F35/><T88/><D58/><U117/><E117/><V112/><F131/><T104/><D107/><U3/><E3/><V134/><F41/><T75/><D75/><U126/><E128/><V59/><F103/><T93/><REACH who="0" step="1"/><D57/><REACH who="0" ten="337,372,331,0" step="2"/><U44/><E133/><N who="2" m="51307" /><F90/><T78/><D78/><U81/><E106/><V48/><F48/><T108/><D108/><U95/><E111/><V72/><F72/><T110/><D110/><U99/><E109/><V118/><F118/><T46/><D46/><U33/><E44/><V82/><F82/><AGARI ba="0,1" hai="42,43,55,56,62,82,84,86,88,91,93,96,101,104" m="31264" machi="82" ten="30,12000,1" yaku="1,1,7,1,52,1,54,1,53,1" doraHai="73" doraHaiUra="119" who="0" fromWho="2" sc="337,130,372,0,331,-120,0,0" /><INIT seed="4,1,0,5,3,128" ten="467,372,211,0" oya="0" hai0="132,33,79,123,92,89,83,85,76,131,130,46,127" hai1="75,90,60,81,69,116,72,35,53,120,65,32,80" hai2="70,107,94,1,48,114,91,86,82,133,55,98,104" hai3=""/><T66/><N who="0" m="31520" /><T56/><D33/><U125/><N who="1" m="30752" /><U135/><E116/><V3/><F70/><T78/><D127/><U124/><E53/><V50/><F114/><T71/><D71/><U39/><E39/><V111/><F111/><T73/><D46/><U88/><E135/><V63/><F133/><T74/><D132/><U117/><E117/><V119/><F119/><T99/><D56/><U105/><E105/><V121/><N who="2" m="31008" /><V52/><F63/><T84/><D66/><U57/><E69/><V102/><F104/><T126/><D126/><U129/><E57/><V61/><F61/><T106/><D85/><U38/><E65/><V37/><F37/><T49/><D49/><U118/><E38/><V45/><F107/><T36/><D36/><U110/><E118/><V68/><F68/><T54/><D106/><U103/><E60/><V113/><F113/><T58/><D131/><U44/><E129/><V64/><F64/><T42/><D130/><U115/><E115/><V2/><REACH who="2" step="1"/><F2/><REACH who="2" ten="467,372,201,0" step="2"/><T43/><D74/><U109/><E75/><V112/><F112/><T62/><D73/><U67/><E72/><V134/><F134/><T101/><AGARI ba="1,1" hai="42,43,54,58,62,76,78,79,83,84,89,92,99,101" m="31520" machi="101" ten="30,4000,0" yaku="0,1,8,1,52,1" doraHai="128" who="0" fromWho="0" sc="467,52,372,-21,201,-21,0,0" /><INIT seed="4,2,0,5,0,52" ten="519,351,180,0" oya="0" hai0="133,105,64,61,106,93,78,42,85,60,92,34,62" hai1="131,33,36,113,68,91,80,3,32,97,39,75,45" hai2="40,84,86,72,108,70,76,50,66,55,49,129,95" hai3=""/><T111/><D34/><U48/><E3/><V73/><F129/><T112/><D112/><U125/><E131/><V74/><F108/><T35/><D35/><U57/><E68/><V81/><F40/><T79/><D111/><U77/><E125/><V103/><F70/><T123/><N who="0" m="31520" /><T122/><N who="0" m="31264" /><T83/><D133/><U135/><E135/><V88/><F66/><T47/><D79/><U109/><E109/><V134/><F134/><T63/><D105/><U120/><N who="1" m="30752" /><U69/><E69/><V82/><F49/><T128/><D106/><U110/><E110/><V132/><F132/><T98/><D128/><U67/><E113/><V117/><F117/><T0/><D0/><U101/><E33/><V107/><F50/><T119/><D119/><U71/><E39/><V2/><F55/><T65/><D93/><U90/><E32/><V59/><F59/><T58/><D64/><U94/><E94/><V43/><F43/><T126/><D126/><U99/><E67/><V115/><F2/><T1/><D1/><U127/><E127/><V124/><F124/><T38/><D62/><U100/><E77/><V44/><F115/><T53/><D65/><U51/><E71/><V102/><F107/><T54/><D58/><RYUUKYOKU ba="2,0" sc="519,20,351,-10,180,-10,0,0" hai0="38,42,47,53,54,60,61,63,78,83,85,92,98" /><INIT seed="4,3,0,1,5,57" ten="539,341,170,0" oya="0" hai0="126,114,69,123,116,131,3,55,97,112,45,83,133" hai1="110,124,35,104,87,49,68,90,52,40,125,47,34" hai2="56,62,65,60,1,32,96,44,88,89,93,101,66" hai3=""/><T107/><RYUUKYOKU type="yao9" ba="3,0" sc="539,0,341,0,170,0,0,0" hai0="3,45,55,69,83,97,107,112,114,116,123,126,131,133" /><INIT seed="4,4,0,5,4,97" ten="539,341,170,0" oya="0" hai0="123,103,121,85,94,83,49,127,90,71,81,91,84" hai1="95,111,80,96,32,133,99,93,128,116,132,131,54" hai2="105,129,72,58,109,87,126,60,69,70,82,117,46" hai3=""/><T38/><N who="0" m="31008" /><T115/><N who="0" m="31520" /><T36/><D71/><U68/><E32/><V119/><F109/><T56/><D115/><U34/><E34/><V52/><F72/><T104/><D104/><U43/><E43/><V40/><F126/><T50/><D127/><U124/><E54/><V67/><F129/><T101/><D94/><U42/><E42/><V134/><F105/><T88/><D91/><U47/><E68/><V102/><F102/><T64/><D56/><U98/><E124/><V55/><F134/><T65/><AGARI ba="4,0" hai="36,38,49,50,64,65,81,83,84,85,88,90,101,103" m="31520,31008" machi="65" ten="25,16000,3" yaku="0,1,22,2,52,4,54,1" doraHai="97" who="0" fromWho="0" sc="539,168,341,-84,170,-84,0,0" /><INIT seed="4,5,0,1,3,92" ten="707,257,86,0" oya="0" hai0="37,2,58,41,0,98,32,63,128,80,39,72,130" hai1="118,79,53,46,99,64,48,76,77,107,45,127,43" hai2="106,67,51,44,68,49,97,38,124,71,34,122,90" hai3=""/><T94/><D32/><U33/><E33/><V103/><N who="2" m="31264" /><V105/><F34/><T54/><D72/><U135/><E118/><V42/><F124/><T73/><D73/><U50/><E127/><V129/><F129/><N who="0" m="49770" /><D80/><U59/><E135/><V121/><N who="2" m="31008" /><V83/><F106/><T60/><D63/><U104/><E64/><V95/><F83/><T89/><D41/><U74/><E74/><V102/><F102/><T131/><D131/><U126/><E126/><V109/><F109/><T55/><D54/><U36/><E43/><V1/><F1/><AGARI ba="5,0" hai="0,1,2,37,39,55,58,60,89,94,98" m="49770" machi="1" ten="30,2900,0" yaku="19,1,52,1" doraHai="92" who="0" fromWho="2" sc="707,39,257,0,86,-39,0,0" /><INIT seed="4,6,0,5,2,81" ten="746,257,47,0" oya="0" hai0="117,107,76,132,115,74,64,98,84,77,37,60,100" hai1="52,70,63,83,2,93,80,109,122,48,104,92,73" hai2="53,61,3,36,75,119,91,123,105,49,129,103,112" hai3=""/><T62/><D37/><U94/><N who="1" m="31264" /><U59/><E2/><V78/><N who="2" m="31520" /><V120/><N who="2" m="30752" /><V38/><F3/><T126/><D117/><U95/><E104/><V85/><F119/><T90/><D126/><U35/><E35/><V97/><F112/><T56/><D132/><U133/><E109/><V128/><F61/><T130/><D130/><N who="2" m="50282" /><F78/><T1/><D115/><U121/><N who="1" m="31008" /><U40/><E133/><V0/><F0/><T135/><D135/><U32/><E32/><V134/><F134/><T51/><D62/><U87/><E73/><V57/><F75/><T114/><D114/><U45/><E70/><V113/><F113/><T99/><D1/><U54/><E40/><V55/><F55/><T89/><D74/><U41/><E54/><V124/><F124/><T125/><D125/><U106/><E52/><V46/><F46/><T42/><D60/><U44/><E44/><V58/><F58/><T68/><D56/><U79/><E59/><V96/><F96/><T65/><D99/><U116/><E63/><V111/><F111/><T67/><D98/><U39/><E116/><V82/><AGARI ba="6,0" hai="36,38,49,53,57,82,85,91,97,103,105" m="50282,30752,31520" machi="82" ten="30,5900,0" yaku="19,1,52,3" doraHai="81" who="2" fromWho="2" sc="746,-45,257,-26,47,71,0,0" /><INIT seed="5,0,0,5,3,0" ten="701,231,118,0" oya="1" hai0="91,81,111,40,49,125,72,116,62,66,73,102,58" hai1="104,69,107,121,34,90,76,128,135,129,64,108,77" hai2="47,51,55,89,35,33,65,110,68,80,93,115,113" hai3=""/><U60/><N who="1" m="31008" /><U54/><E135/><V79/><F110/><T123/><N who="0" m="31520" /><T84/><D111/><U75/><E108/><V94/><F68/><T37/><D125/><U97/><E54/><V85/><F65/><T103/><D116/><U39/><E39/><V100/><F100/><T133/><D133/><U99/><E34/><V45/><F45/><T53/><D102/><U36/><E36/><V101/><F101/><T3/><D103/><U96/><E75/><V41/><F41/><T38/><D38/><U132/><E90/><V83/><F94/><T82/><D3/><U126/><E126/><V67/><F67/><T74/><D40/><U118/><E118/><V130/><F130/><N who="1" m="50281" /><E132/><V124/><F124/><T32/><D37/><U44/><E44/><V1/><F1/><T61/><D74/><U71/><E69/><V46/><F46/><T127/><D73/><U119/><E119/><V52/><F55/><T95/><D127/><U117/><E117/><V131/><F131/><T70/><D72/><U63/><E64/><V42/><F42/><T105/><D70/><U109/><E109/><V114/><REACH who="2" step="1"/><F80/><REACH who="2" ten="701,231,108,0" step="2"/><T48/><D82/><U59/><E71/><V106/><F106/><T86/><D66/><U134/><E134/><RYUUKYOKU ba="0,1" sc="701,-10,231,-10,108,20,0,0" hai2="33,35,47,51,52,79,83,85,89,93,113,114,115" /><INIT seed="6,1,1,3,2,49" ten="691,221,128,0" oya="2" hai0="116,99,121,46,57,107,90,106,81,98,65,94,108" hai1="74,71,53,115,3,120,51,124,130,126,73,32,0" hai2="42,95,110,93,91,86,69,112,70,118,33,102,36" hai3=""/><V89/><F33/><T52/><N who="0" m="31008" /><T59/><D108/><U64/><N who="1" m="30752" /><U76/><E32/><V123/><N who="2" m="31520" /><V55/><F118/><T83/><D46/><U1/><E115/><V39/><F112/><T101/><D106/><U67/><E130/><V96/><F110/><T114/><D114/><U84/><E84/><V77/><F77/><T58/><D116/><U104/><E104/><V45/><F36/><T85/><D65/><N who="1" m="25163" /><E71/><V72/><F72/><T92/><D83/><U117/><E117/><V127/><F127/><N who="1" m="48681" /><E76/><V34/><F34/><T82/><D52/><U125/><N who="1" m="48689" /><U75/><DORA hai="122" /><E75/><V43/><F43/><T44/><D44/><AGARI ba="1,1" hai="0,1,3,44,51,53,73,74" m="48689,25163,30752" machi="44" ten="50,6400,0" yaku="18,1,52,2" doraHai="49,122" who="1" fromWho="0" sc="691,-66,221,76,128,0,0,0" owari="625,57.0,297,-10.0,128,-47.0,0,0.0" /></mjloggm>