<mjloggm ver="2.3"><GO type="169" lobby="0"/><UN n0="%E3%81%84%E3%81%8A%E3%81%84%E3%81%8A" n1="%E3%82%A2%E3%82%B9%E3%82%BF%E3%83%8A" n2="%79%6F%73%68%69%72%65%64" n3="%E3%82%82%E3%81%93%E3%81%BF" dan="16,16,16,17" rate="2076.61,2058.66,2141.96,2225.69" sx="M,M,M,M"/><TAIKYOKU oya="0"/><INIT seed="0,0,0,0,5,7" ten="250,250,250,250" oya="0" hai0="134,43,98,38,28,25,41,112,36,46,127,16,65" hai1="101,9,51,80,97,42,61,113,123,32,15,58,60" hai2="90,105,55,109,13,124,126,122,92,3,103,54,91" hai3="71,114,47,44,89,14,88,111,95,83,85,2,49"/><T53/><D112/><U4/><E123/><V50/><F3/><W22/><G111/><T12/><D134/><U76/><E113/><V24/><F24/><W69/><G2/><T35/><D127/><U125/><E125/><V131/><F109/><W82/><G114/><T81/><D65/><U0/><E32/><V73/><F73/><W130/><G130/><T116/><D116/><U52/><E42/><V23/><F131/><W45/><G71/><T74/><D98/><U10/><E80/><V77/><F77/><W63/><G63/><T128/><D128/><U21/><E21/><V33/><F33/><W17/><G69/><T100/><D100/><U75/><E76/><V79/><F79/><W94/><REACH who="3" step="1"/><G49/><REACH who="3" ten="250,250,250,240" step="2"/><T6/><D38/><U56/><E75/><V1/><F1/><W86/><AGARI ba="0,1" hai="14,17,22,44,45,47,82,83,85,86,88,89,94,95" machi="86" ten="30,12000,2" yaku="1,1,2,1,0,1,9,1,8,1,54,1,53,0" doraHai="7" doraHaiUra="108" who="3" fromWho="3" sc="250,-60,250,-30,250,-30,240,130" /><INIT seed="1,0,0,3,3,21" ten="190,220,220,370" oya="1" hai0="44,98,110,56,85,133,26,125,48,60,108,16,127" hai1="66,18,29,23,84,37,69,80,33,82,32,27,55" hai2="53,94,128,6,30,126,11,77,88,105,106,79,9" hai3="61,86,67,58,93,41,2,51,115,3,42,73,31"/><U97/><E37/><V8/><F128/><W135/><G135/><T72/><D72/><U101/><E55/><V15/><F126/><N who="0" m="48138" /><D98/><U92/><E18/><V46/><F106/><W70/><G115/><T0/><D0/><U129/><E129/><V96/><F105/><W116/><G73/><T62/><D85/><U47/><E47/><V40/><F30/><W74/><G74/><T76/><D76/><N who="2" m="29258" /><F40/><W119/><G3/><T4/><D4/><U71/><E82/><V121/><F121/><W64/><G2/><T90/><D90/><U39/><E39/><V12/><F6/><W124/><G93/><T107/><D107/><U59/><E33/><V75/><F75/><W17/><G86/><T20/><D133/><U83/><E32/><V24/><F24/><W35/><G17/><T36/><D36/><U28/><E28/><V14/><F53/><W132/><G31/><T34/><D34/><U131/><E131/><V54/><F54/><W89/><G35/><T87/><D87/><U52/><E83/><V7/><F7/><W112/><G124/><T43/><D56/><U13/><E13/><V99/><F46/><W100/><G132/><T68/><D68/><U120/><E120/><V109/><F99/><W65/><G70/><T50/><D50/><U117/><E117/><V118/><F118/><W111/><G51/><T1/><D1/><U122/><E122/><V45/><F45/><W113/><G116/><T19/><D19/><U134/><E134/><V104/><F104/><W114/><G119/><T63/><AGARI ba="0,0" hai="16,20,26,43,44,48,60,62,63,108,110" m="48138" machi="63" ten="40,5200,0" yaku="18,1,52,1,54,1" doraHai="21" who="0" fromWho="0" sc="190,52,220,-26,220,-13,370,-13" /><INIT seed="2,0,0,0,5,132" ten="242,194,207,357" oya="2" hai0="71,63,120,32,14,53,128,117,46,8,40,47,84" hai1="123,64,95,12,74,85,20,6,45,121,101,73,43" hai2="100,25,116,109,0,56,61,29,82,88,58,134,93" hai3="66,49,96,69,92,127,51,119,21,98,1,33,108"/><V124/><F116/><W135/><G33/><T38/><D120/><U31/><E64/><V65/><F134/><W106/><G1/><T67/><D32/><U16/><E31/><V54/><F0/><W7/><G7/><T19/><D128/><U23/><E23/><V103/><F82/><W78/><G119/><T37/><D84/><U80/><E6/><V22/><F109/><W44/><G78/><T97/><D97/><U28/><E28/><V104/><F104/><W9/><G9/><T10/><D10/><U112/><E112/><V89/><F124/><W62/><G127/><T86/><D86/><U50/><E95/><V107/><F107/><W2/><G2/><T72/><D72/><U39/><E101/><V94/><F94/><W113/><G108/><T15/><D15/><U105/><E105/><V131/><F131/><W4/><G4/><T126/><D126/><U75/><REACH who="1" step="1"/><E39/><REACH who="1" ten="242,184,207,357" step="2"/><V129/><F129/><W125/><G106/><T118/><REACH who="0" step="1"/><D53/><REACH who="0" ten="232,184,207,357" step="2"/><U35/><E35/><V91/><REACH who="2" step="1"/><F93/><REACH who="2" ten="232,184,197,357" step="2"/><W3/><G92/><T42/><AGARI ba="0,3" hai="8,14,19,37,38,40,42,46,47,63,67,71,117,118" machi="42" ten="30,7900,0" yaku="1,1,2,1,0,1,9,1,53,0" doraHai="132" doraHaiUra="52" who="0" fromWho="0" sc="232,109,184,-20,197,-39,357,-20" /><INIT seed="3,0,0,0,3,133" ten="341,164,158,337" oya="3" hai0="130,60,38,30,113,3,119,65,69,53,0,14,131" hai1="23,31,83,59,132,17,120,95,102,13,57,117,12" hai2="61,39,86,36,70,118,116,55,9,5,134,81,2" hai3="126,49,124,104,114,92,67,63,42,110,22,74,18"/><W77/><G114/><T68/><D38/><U45/><E120/><V62/><F134/><W88/><G104/><T90/><D119/><U87/><E132/><V105/><F105/><W123/><G123/><T7/><D30/><U112/><E31/><V84/><F84/><W93/><G74/><T26/><D26/><U11/><E45/><V127/><F127/><N who="3" m="48683" /><G110/><T27/><D27/><U109/><E109/><V41/><F39/><W111/><G111/><T43/><D43/><U24/><E112/><V97/><F97/><N who="3" m="57479" /><G93/><T76/><D113/><U54/><E95/><V79/><F118/><W46/><G77/><T101/><D76/><U99/><E117/><V15/><F116/><W96/><G96/><T56/><D101/><U91/><E102/><V8/><F79/><W115/><G115/><T75/><D75/><U16/><E99/><V71/><F86/><W25/><G63/><T52/><D60/><U121/><E121/><V89/><F62/><W20/><G22/><T80/><D80/><U100/><E100/><V44/><F81/><W64/><AGARI ba="0,0" hai="18,20,25,42,46,49,64,67" m="57479,48683" machi="64" ten="30,12000,1" yaku="18,1,52,3,54,1" doraHai="133" who="3" fromWho="3" sc="341,-40,164,-40,158,-40,337,120" /><INIT seed="3,1,0,1,4,4" ten="301,124,118,457" oya="3" hai0="121,73,22,13,49,6,58,2,93,105,12,96,5" hai1="86,127,47,69,85,132,43,70,116,3,51,124,23" hai2="100,66,64,91,129,8,1,122,103,87,75,115,42" hai3="123,14,134,11,67,35,31,50,21,117,55,97,79"/><W130/><G117/><T128/><D105/><U106/><E106/><V125/><F75/><W99/><G130/><T46/><D73/><U15/><E3/><V24/><F115/><W111/><G134/><T135/><D135/><U65/><E132/><V63/><F42/><W92/><G123/><T76/><D76/><U77/><E116/><V60/><F129/><W54/><G35/><T90/><D121/><U30/><E86/><V131/><F24/><W94/><G67/><T83/><D83/><U88/><E77/><V38/><F38/><W74/><G79/><T119/><D119/><U84/><E84/><V16/><F1/><W53/><G111/><T120/><D120/><U110/><E110/><V57/><F131/><W80/><G80/><T32/><D32/><U59/><E59/><N who="2" m="36895" /><F125/><N who="1" m="48201" /><E65/><V98/><F98/><N who="3" m="37387" /><G50/><T56/><D128/><U104/><E104/><V126/><F122/><W82/><G82/><T39/><D39/><U112/><E112/><V48/><F48/><W9/><G74/><T0/><D0/><U113/><E113/><V133/><F133/><W114/><G114/><T41/><D2/><U61/><E61/><V33/><F33/><W44/><G44/><T36/><D36/><U27/><E15/><N who="2" m="7271" /><F126/><W20/><G14/><T26/><D13/><U34/><E34/><V108/><F108/><W25/><G21/><T72/><D12/><U81/><AGARI ba="1,0" hai="23,27,30,43,47,51,69,70,81,85,88" m="48201" machi="81" ten="30,2000,0" yaku="18,1,54,1" doraHai="4" who="1" fromWho="1" sc="301,-6,124,23,118,-6,457,-11" /><INIT seed="4,0,0,4,2,83" ten="295,147,112,446" oya="0" hai0="75,109,41,25,0,18,89,130,70,128,111,90,61" hai1="38,49,126,15,40,13,88,63,30,37,51,85,2" hai2="123,86,107,4,98,113,68,71,14,22,103,24,135" hai3="1,45,104,26,84,43,50,133,66,5,29,100,72"/><T9/><D75/><U56/><E2/><V17/><F123/><W27/><G133/><T65/><D41/><U42/><E30/><V120/><F135/><W82/><G72/><T129/><D0/><U69/><E69/><V95/><F120/><W110/><G110/><N who="0" m="41995" /><D25/><U21/><E126/><V10/><REACH who="2" step="1"/><F113/><REACH who="2" ten="295,147,102,446" step="2"/><W81/><G29/><T102/><D102/><U33/><E37/><V16/><F16/><W115/><G100/><T134/><D134/><U64/><E38/><V121/><F121/><W12/><G115/><T74/><D74/><U3/><E3/><V32/><F32/><W11/><G1/><T108/><D108/><U57/><E33/><V101/><F101/><W77/><G104/><T105/><D105/><U119/><E119/><V48/><F48/><W58/><G81/><T7/><D7/><U34/><E34/><V19/><F19/><W96/><G96/><T54/><D18/><U118/><E118/><V53/><F53/><W92/><G92/><T116/><D116/><U132/><E132/><V8/><F8/><W52/><G66/><T117/><D9/><U87/><E64/><V31/><F31/><W125/><G125/><T93/><D54/><U124/><E124/><V62/><F62/><AGARI ba="0,1" hai="5,11,12,26,27,43,45,50,52,58,62,77,82,84" machi="62" ten="30,12000,2" yaku="7,1,25,2,8,1,52,1,54,1" doraHai="83" who="3" fromWho="2" sc="295,0,147,0,102,-120,446,130" owari="295,10.0,147,-25.0,-18,-52.0,576,67.0" /></mjloggm>