<mjloggm ver="2.3"><GO type="169" lobby="0"/><UN n0="%23%E6%97%A5%E6%9B%9C%E6%97%A5%E3%81%AE%E7%8C%AB" n1="%E7%89%87%E5%B2%A1%E7%AF%A4%E5%8F%B2" n2="%E4%BA%8C%E5%A4%A9%E4%BA%8C%E6%B5%81" n3="%70%72%6F%6E%61%72%69" dan="16,17,16,16" rate="2095.39,2168.66,2020.26,2085.49" sx="M,M,M,M"/><TAIKYOKU oya="0"/><INIT seed="0,0,0,2,0,13" ten="250,250,250,250" oya="0" hai0="88,65,99,91,22,7,35,83,112,131,74,43,106" hai1="124,111,132,58,103,93,34,30,62,122,25,97,70" hai2="6,60,104,59,44,31,115,77,38,49,20,134,8" hai3="109,56,119,71,123,73,68,39,45,67,23,32,100"/><T63/><D112/><U54/><E111/><V78/><F104/><W17/><G32/><T102/><D35/><U85/><E124/><V105/><F134/><W75/><G100/><T47/><D131/><U127/><E127/><V121/><F105/><W3/><G3/><T36/><D7/><U133/><E122/><V128/><F38/><W15/><G119/><T46/><D46/><U96/><E70/><V69/><F69/><W107/><G107/><T125/><D125/><U33/><E33/><V81/><F78/><W92/><G92/><T87/><D22/><U114/><E97/><V86/><F121/><W9/><G23/><T90/><REACH who="0" step="1"/><D74/><REACH who="0" ten="240,250,250,250" step="2"/><U117/><E114/><V61/><F128/><W19/><G75/><T51/><D51/><U110/><E117/><V98/><F115/><W26/><G73/><T94/><D94/><U130/><E130/><V1/><F61/><W116/><G123/><T10/><D10/><U21/><E34/><V108/><F20/><W4/><G9/><T28/><D28/><U42/><E132/><V118/><F31/><W0/><G39/><T89/><D89/><U2/><E133/><V84/><F118/><W41/><G45/><T53/><D53/><U80/><E42/><V11/><F8/><W37/><G41/><T24/><D24/><U57/><E2/><V64/><F1/><W16/><G37/><T129/><D129/><U66/><E54/><V50/><F44/><W76/><G26/><T135/><D135/><U18/><E30/><V48/><F11/><W82/><G0/><T40/><D40/><U79/><E110/><RYUUKYOKU ba="0,1" sc="240,15,250,15,250,-15,250,-15" hai0="36,43,47,63,65,83,87,88,90,91,99,102,106" hai1="18,21,25,57,58,62,66,79,80,85,93,96,103" /><INIT seed="0,1,1,3,1,44" ten="255,265,235,235" oya="0" hai0="58,115,73,128,78,1,41,94,21,22,116,66,131" hai1="108,110,25,51,29,83,92,7,127,42,98,130,31" hai2="76,26,80,87,49,62,10,16,45,71,60,90,6" hai3="101,135,134,75,85,74,53,103,81,69,57,20,15"/><T119/><D1/><U104/><E104/><V126/><F71/><W97/><G69/><T133/><D115/><U32/><E127/><V47/><F126/><W39/><G39/><T106/><D106/><U8/><E31/><V30/><F45/><W67/><G67/><T11/><D11/><U93/><E130/><N who="0" m="49705" /><D133/><U123/><E123/><V95/><F6/><W50/><G135/><T84/><D73/><U34/><E34/><V33/><F16/><W111/><G111/><N who="1" m="42538" /><E83/><V38/><F38/><W13/><G103/><T12/><D41/><U114/><E114/><V17/><F17/><W109/><G109/><T125/><D125/><U18/><E18/><V14/><F14/><W113/><G113/><T36/><D36/><U35/><E35/><V40/><REACH who="2" step="1"/><F10/><REACH who="2" ten="255,265,225,235" step="2"/><W19/><G134/><T118/><D12/><U5/><E7/><V28/><F28/><W9/><G13/><T96/><D119/><U23/><E8/><V64/><F64/><W61/><G9/><T129/><D118/><U120/><E5/><V117/><F117/><W79/><REACH who="3" step="1"/><G61/><REACH who="3" ten="255,265,225,225" step="2"/><N who="0" m="38199" /><D116/><U88/><E120/><V100/><F100/><W65/><G65/><T2/><D129/><U132/><E132/><V27/><F27/><W124/><G124/><T121/><D121/><U72/><E25/><V63/><F63/><W54/><G54/><T122/><D122/><U99/><E42/><V48/><F48/><W59/><G59/><T68/><D68/><U91/><E51/><V107/><F107/><AGARI ba="1,3" hai="15,19,20,50,53,57,74,75,79,81,85,97,101,107" machi="107" ten="30,7700,0" yaku="1,1,7,1,52,1,53,1" doraHai="44" doraHaiUra="102" who="3" fromWho="2" sc="255,0,265,0,225,-80,225,110" /><INIT seed="1,0,0,2,4,100" ten="255,265,145,335" oya="1" hai0="48,41,35,76,57,112,42,11,15,72,75,130,108" hai1="128,82,90,18,132,110,107,125,99,96,71,38,67" hai2="115,47,97,32,109,116,24,28,95,120,63,111,61" hai3="8,1,80,105,29,85,30,114,84,26,66,7,127"/><U39/><E125/><V104/><F116/><W70/><G114/><T94/><D112/><U34/><E34/><V123/><F115/><W73/><G127/><T64/><D35/><U23/><E128/><V113/><F47/><W10/><G30/><T56/><D108/><N who="2" m="41546" /><F61/><W3/><G105/><T134/><D134/><U58/><E71/><V89/><F113/><W135/><G135/><T20/><D20/><U51/><E132/><V68/><F63/><W43/><G66/><T5/><D72/><U60/><E39/><V0/><F0/><W101/><G101/><T2/><D2/><U65/><E38/><V52/><F52/><W13/><G43/><T133/><D133/><U83/><E67/><V16/><F68/><W81/><G3/><T119/><D119/><U17/><E51/><V6/><F6/><W54/><G54/><T74/><D74/><U131/><E131/><V44/><F44/><W69/><G73/><T55/><D130/><U118/><E118/><V93/><F93/><W103/><G70/><T14/><D14/><U31/><E58/><V122/><F16/><W62/><G62/><N who="0" m="37959" /><D94/><N who="1" m="56407" /><E60/><V12/><F12/><W87/><G69/><T33/><D33/><U22/><E65/><V36/><F36/><W19/><REACH who="3" step="1"/><G103/><REACH who="3" ten="255,265,145,325" step="2"/><T129/><D129/><U79/><E110/><V121/><F121/><W77/><G77/><T27/><D76/><U126/><E79/><V59/><F123/><W25/><G25/><T9/><D75/><U92/><E126/><V117/><F122/><W53/><G53/><T45/><D27/><U37/><E31/><V46/><F120/><RYUUKYOKU ba="0,1" sc="255,-10,265,-10,145,-10,325,30" hai3="1,7,8,10,13,19,26,29,80,81,84,85,87" /><INIT seed="2,1,1,2,3,60" ten="245,255,135,355" oya="2" hai0="65,95,57,63,51,20,124,94,131,118,130,112,85" hai1="114,56,86,66,2,117,74,81,23,35,105,49,71" hai2="79,30,11,73,52,91,24,127,125,98,5,103,106" hai3="132,122,75,70,67,39,126,0,119,36,101,14,82"/><V102/><F102/><W25/><G14/><T37/><D37/><U62/><E35/><V77/><F91/><W13/><G13/><T8/><D112/><U15/><E2/><V3/><F52/><W21/><G0/><T7/><D124/><U129/><E74/><V28/><F30/><W115/><G119/><T78/><D20/><U84/><E114/><V46/><F46/><W38/><G122/><T92/><D51/><U76/><E129/><N who="0" m="49161" /><D118/><U90/><E105/><V42/><F42/><W27/><G27/><T50/><D50/><U64/><E117/><V113/><F113/><W4/><G4/><T80/><D95/><U68/><E49/><V34/><REACH who="2" step="1"/><F73/><REACH who="2" ten="245,255,125,355" step="2"/><W107/><G75/><T116/><D116/><U96/><E90/><V6/><F6/><W134/><G101/><T26/><D26/><U123/><E86/><V109/><F109/><W69/><G25/><T133/><D133/><U22/><E84/><V99/><F99/><W93/><G115/><T47/><D47/><U87/><E96/><V108/><F108/><W97/><G132/><T43/><D43/><U33/><E87/><V31/><F31/><W29/><G29/><T40/><D40/><U44/><E44/><V32/><F32/><W100/><G97/><T1/><AGARI ba="1,2" hai="1,7,8,57,63,65,78,80,85,92,94" m="49161" machi="1" ten="30,2000,0" yaku="19,1,52,1" doraHai="60" who="0" fromWho="0" sc="245,43,255,-6,125,-11,355,-6" /><INIT seed="3,0,0,3,0,89" ten="288,249,114,349" oya="3" hai0="12,45,26,112,73,71,114,100,123,126,31,13,1" hai1="11,2,61,78,49,77,35,124,28,40,94,76,83" hai2="116,92,118,110,107,54,104,132,46,97,38,64,81" hai3="29,51,47,5,65,33,68,134,44,63,85,90,128"/><W133/><G5/><T3/><D71/><U109/><E109/><V121/><F64/><W14/><G128/><T21/><D73/><U37/><E37/><V9/><F38/><W120/><G120/><T10/><D100/><U22/><E35/><V59/><F46/><W30/><G14/><T32/><D45/><U27/><E40/><V113/><F9/><W127/><G127/><T34/><D123/><U102/><E2/><N who="0" m="521" /><D126/><U98/><E11/><V130/><F121/><W86/><G86/><T93/><D93/><U53/><E61/><V57/><F110/><W82/><G47/><T111/><D111/><U115/><E115/><N who="0" m="44073" /><D12/><U42/><E124/><V70/><F113/><W66/><G66/><T117/><D117/><U60/><E60/><V91/><F70/><W103/><G103/><T0/><N who="0" m="529" /><T8/><DORA hai="18" /><D8/><U80/><REACH who="1" step="1"/><E42/><REACH who="1" ten="288,239,114,349" step="2"/><V23/><F118/><W131/><G63/><T17/><AGARI ba="0,1" hai="10,13,17,21,26,31,32,34" m="44073,529" machi="17" ten="50,8000,1" yaku="11,1,34,2,52,1" doraHai="89,18" who="0" fromWho="0" sc="288,90,239,-20,114,-20,349,-40" /><INIT seed="4,0,0,5,4,41" ten="378,219,94,309" oya="0" hai0="4,122,47,34,58,111,131,44,65,36,62,48,50" hai1="84,67,31,85,6,118,91,18,1,92,102,20,94" hai2="49,10,82,96,53,101,86,28,72,119,43,113,115" hai3="74,59,98,108,76,124,64,63,69,125,83,38,120"/><T71/><D34/><U103/><E118/><V79/><F119/><W99/><G108/><T105/><D105/><U2/><E31/><V22/><F43/><W133/><G133/><T11/><D122/><U29/><E29/><V45/><F10/><W73/><G38/><T5/><D111/><U135/><E135/><V46/><F22/><W109/><G109/><T77/><D131/><U107/><E107/><V123/><F28/><W104/><G120/><T89/><D77/><U114/><E114/><N who="2" m="43531" /><F72/><W30/><G30/><T88/><D71/><U37/><E37/><V57/><F123/><W35/><G35/><T66/><D66/><U110/><E6/><N who="0" m="2665" /><D11/><U78/><E2/><V87/><F86/><W132/><G132/><T56/><D56/><U126/><E1/><V42/><F42/><W130/><G130/><T97/><D97/><U90/><E110/><V19/><F19/><W8/><G8/><T100/><D100/><U106/><E102/><V80/><F80/><W116/><G116/><T17/><D17/><U40/><E103/><V112/><N who="2" m="43539" /><V51/><DORA hai="127" /><F51/><N who="0" m="19498" /><D36/><U16/><E16/><V52/><F53/><W75/><G125/><T23/><D23/><U68/><E20/><V27/><F27/><W117/><G117/><T128/><D128/><U60/><E18/><V134/><F134/><W54/><G124/><T24/><D24/><U12/><E126/><V15/><F15/><W9/><G9/><T0/><D0/><U25/><E25/><V33/><F33/><W39/><G39/><T26/><D26/><U14/><E14/><V61/><F49/><RYUUKYOKU ba="0,0" sc="378,15,219,-15,94,15,309,-15" hai0="44,47,58,62,65,88,89" hai2="45,46,52,57,61,79,82,87,96,101" /><INIT seed="4,1,0,1,0,81" ten="393,204,109,294" oya="0" hai0="125,50,89,5,42,82,78,15,96,44,55,132,80" hai1="20,14,121,133,86,11,112,110,118,99,10,90,25" hai2="116,43,9,95,46,68,57,24,41,115,54,30,65" hai3="77,131,135,76,126,108,31,106,4,32,84,114,21"/><T75/><D125/><U0/><E118/><V12/><F116/><W48/><G108/><T19/><D132/><U17/><E110/><V22/><F115/><W47/><G106/><T3/><D3/><U38/><E133/><V83/><F68/><W36/><G36/><T71/><D71/><U97/><E121/><V127/><F65/><W51/><G32/><T119/><D119/><U6/><E38/><V2/><F2/><W56/><G114/><T104/><D5/><U117/><E117/><V79/><F127/><W88/><G4/><T26/><D26/><U129/><E129/><V122/><F95/><W103/><G103/><T13/><D13/><U39/><E39/><V62/><F122/><W49/><G131/><T67/><D67/><U109/><E109/><V94/><F94/><W45/><G56/><T120/><D120/><U28/><REACH who="1" step="1"/><E112/><REACH who="1" ten="393,194,109,294" step="2"/><V102/><F46/><N who="3" m="17419" /><G135/><T66/><D42/><U130/><E130/><V1/><F102/><W53/><G126/><T29/><D44/><U61/><E61/><V72/><REACH who="2" step="1"/><F1/><REACH who="2" ten="393,194,99,294" step="2"/><W105/><G105/><T52/><D104/><U73/><E73/><V70/><F70/><W18/><G51/><T100/><D75/><U7/><E7/><AGARI ba="1,2" hai="7,9,12,22,24,30,41,43,54,57,62,72,79,83" machi="7" ten="30,2000,0" yaku="1,1,7,1,53,0" doraHai="81" doraHaiUra="33" who="2" fromWho="1" sc="393,0,194,-23,99,43,294,0" /><INIT seed="5,0,0,0,5,83" ten="393,171,142,294" oya="1" hai0="30,43,15,128,108,91,87,35,123,52,19,124,44" hai1="4,16,47,48,18,112,32,11,9,95,129,133,33" hai2="92,107,135,61,101,126,40,60,39,3,51,118,110" hai3="69,53,73,46,64,81,82,97,74,96,17,65,13"/><U62/><E112/><V55/><F3/><W119/><G119/><T58/><D108/><U122/><E122/><V100/><F118/><W71/><G13/><T37/><D123/><U85/><E129/><V131/><F110/><W94/><G94/><T120/><D120/><U67/><E133/><V89/><F107/><W63/><G46/><T0/><D0/><U41/><E32/><V86/><F126/><W50/><G50/><T68/><D68/><U78/><E33/><V49/><F135/><W99/><G17/><T115/><D115/><U2/><E9/><V90/><F39/><W34/><G53/><T54/><D128/><U31/><E31/><V28/><F28/><W56/><G56/><T106/><D106/><U42/><E42/><V66/><F131/><W109/><G34/><T80/><D124/><U130/><E130/><V36/><F36/><W6/><G6/><T77/><D77/><U121/><E121/><V127/><F40/><W125/><G125/><T59/><D30/><U10/><E11/><V45/><F49/><W113/><G113/><T116/><D35/><U27/><E27/><V29/><F29/><W88/><G109/><T20/><D116/><U8/><E8/><V102/><F127/><W23/><G23/><T1/><D1/><U70/><REACH who="1" step="1"/><E78/><REACH who="1" ten="393,161,142,294" step="2"/><V7/><F7/><W105/><G105/><T98/><D43/><U14/><E14/><V76/><F76/><W114/><G114/><T79/><D79/><U111/><E111/><V93/><REACH who="2" step="1"/><F66/><REACH who="2" ten="393,161,132,294" step="2"/><W104/><G104/><T103/><D15/><U132/><E132/><V5/><F5/><RYUUKYOKU ba="0,2" sc="393,-15,161,15,132,15,294,-15" hai1="2,4,10,16,18,41,47,48,62,67,70,85,95" hai2="45,51,55,60,61,86,89,90,92,93,100,101,102" /><INIT seed="5,1,2,3,0,20" ten="378,176,147,279" oya="1" hai0="82,31,23,29,24,126,32,121,25,100,41,34,117" hai1="57,52,59,3,55,106,36,37,96,63,71,70,16" hai2="26,56,102,28,66,51,65,61,39,97,110,38,93" hai3="17,116,101,62,0,69,91,67,2,46,50,22,77"/><U113/><E3/><V119/><F110/><W47/><G116/><T103/><D117/><U105/><E96/><V35/><F119/><W73/><G101/><T109/><D109/><U94/><E94/><V95/><F66/><W54/><G91/><T120/><D126/><U42/><E113/><V123/><F123/><N who="0" m="47178" /><D41/><U79/><E79/><V130/><F130/><W89/><G46/><T44/><D44/><U124/><E124/><V13/><F93/><W107/><G89/><T43/><D43/><U45/><E37/><V60/><F61/><W86/><G86/><T131/><D82/><U11/><E105/><V74/><F74/><W132/><G132/><T112/><D112/><U19/><E106/><V133/><F133/><W78/><G107/><T33/><D131/><U49/><REACH who="1" step="1"/><E19/><REACH who="1" ten="378,166,147,279" step="2"/><V9/><REACH who="2" step="1"/><F51/><REACH who="2" ten="378,166,137,279" step="2"/><W87/><G50/><T108/><D108/><U27/><E27/><V7/><AGARI ba="1,4" hai="7,9,13,26,28,35,38,39,56,60,65,95,97,102" machi="7" ten="20,12000,2" yaku="1,1,2,1,0,1,7,1,52,1,53,1" doraHai="20" doraHaiUra="8" who="2" fromWho="2" sc="378,-31,166,-61,137,163,279,-31" /><INIT seed="6,0,0,1,4,87" ten="347,105,300,248" oya="2" hai0="96,9,8,42,111,131,64,81,34,30,132,12,53" hai1="89,66,106,83,114,129,23,50,17,86,56,73,11" hai2="100,115,35,37,58,32,25,79,26,5,16,116,44" hai3="4,104,99,82,20,19,27,54,84,110,62,102,118"/><V74/><F116/><W10/><G118/><T38/><D111/><U2/><E129/><V40/><F115/><W92/><G110/><T69/><D131/><U121/><E114/><V51/><F5/><W22/><G104/><T120/><D120/><U103/><E121/><V47/><F58/><W61/><G22/><T109/><D109/><U55/><E66/><V71/><F100/><W117/><G117/><T70/><D81/><U65/><E65/><V105/><F105/><W29/><G54/><T36/><D53/><U119/><E119/><V95/><F95/><W59/><G59/><T57/><D57/><U0/><E73/><V76/><F71/><W97/><G97/><T24/><D8/><U52/><E11/><V123/><F123/><W18/><G18/><T127/><D42/><U68/><E68/><V130/><F130/><W85/><G85/><T77/><D77/><U125/><E55/><V134/><F134/><W49/><G49/><T63/><D70/><U135/><E135/><V90/><F51/><W46/><G29/><T15/><D15/><U14/><REACH who="1" step="1"/><E125/><REACH who="1" ten="347,95,300,248" step="2"/><V112/><F112/><W122/><G122/><T33/><D132/><U91/><E91/><V60/><F90/><W21/><G62/><T3/><D127/><U88/><E88/><V98/><F60/><W78/><G61/><T101/><D63/><U45/><E45/><V72/><F44/><W39/><G46/><T94/><D69/><U113/><E113/><V107/><F47/><W43/><G43/><T133/><D133/><U31/><E31/><V124/><F40/><W67/><G67/><RYUUKYOKU ba="0,1" sc="347,-10,95,30,300,-10,248,-10" hai1="0,2,14,17,23,50,52,56,83,86,89,103,106" /><INIT seed="7,1,1,1,1,33" ten="337,125,290,238" oya="3" hai0="115,27,91,3,21,47,80,81,10,102,135,100,124" hai1="2,65,4,22,30,83,58,119,111,72,104,77,6" hai2="130,109,128,8,39,117,126,18,56,66,48,99,75" hai3="131,17,98,116,94,63,92,118,78,121,76,49,16"/><W40/><G121/><T73/><D73/><U14/><E111/><V42/><F75/><W108/><G108/><T62/><D135/><U69/><E69/><V1/><F117/><W31/><G131/><N who="2" m="50217" /><F126/><W89/><G118/><T61/><D3/><U43/><E119/><V11/><F109/><W53/><G31/><T125/><D10/><U74/><E74/><V95/><F39/><W36/><G36/><T86/><D47/><U57/><E104/><V123/><F123/><W28/><G28/><T90/><D115/><U13/><E43/><V93/><F1/><W132/><G63/><N who="0" m="24075" /><D80/><U25/><E65/><V112/><F112/><W46/><G132/><T24/><D24/><U60/><E60/><V82/><F82/><W71/><G71/><T120/><D120/><U96/><E6/><V34/><F34/><W97/><G40/><T32/><D32/><U38/><E38/><V84/><F42/><W26/><G26/><T9/><D9/><U88/><E13/><V50/><F66/><W114/><G114/><T20/><D20/><U54/><E14/><V51/><F8/><W7/><G7/><T68/><D68/><U133/><E133/><V12/><F56/><W0/><G0/><T37/><D37/><U85/><E54/><V44/><F44/><W41/><G41/><T23/><D23/><U67/><E67/><V134/><F134/><W110/><G116/><T45/><D45/><U70/><E70/><V106/><F84/><W122/><G122/><T15/><D125/><U127/><E127/><V59/><F59/><W107/><G110/><T87/><D124/><RYUUKYOKU ba="1,1" sc="337,-10,125,-10,290,30,238,-10" hai2="11,12,18,48,50,51,93,95,99,106" owari="337,43.0,115,-38.0,320,12.0,228,-17.0" /></mjloggm>