<mjloggm ver="2.3"><GO type="169" lobby="0"/><UN n0="%E6%84%9A%E7%9B%B4%E3%81%AA%E9%BA%BB%E9%9B%80" n1="%45%72%77%69%6E%52%64" n2="%63%68%78%66%66" n3="%E8%91%B5%E3%81%A1%E3%82%83%E3%82%93" dan="16,17,18,16" rate="2063.11,2162.21,2246.51,2209.61" sx="M,M,M,M"/><TAIKYOKU oya="0"/><INIT seed="0,0,0,5,4,35" ten="250,250,250,250" oya="0" hai0="3,47,99,80,66,22,90,25,54,36,29,104,82" hai1="52,116,15,8,42,20,71,31,92,126,76,131,97" hai2="83,46,40,101,89,96,26,18,11,91,56,115,110" hai3="17,58,129,7,85,19,2,70,87,13,23,61,81"/><T118/><D118/><U49/><E116/><V60/><F110/><W100/><G129/><T123/><D123/><U75/><E131/><V41/><F115/><W51/><G70/><T122/><D122/><U133/><E71/><V105/><F40/><W132/><G132/><T50/><D66/><U77/><E42/><V88/><F83/><W84/><G100/><T134/><D134/><U69/><E69/><V93/><F26/><W119/><G119/><T135/><D135/><U108/><E75/><V121/><F121/><W44/><G19/><T106/><D36/><U9/><E126/><V6/><F18/><W125/><G125/><T67/><D67/><U130/><E108/><V117/><F117/><W0/><G7/><T86/><D82/><U127/><E8/><V102/><F102/><W12/><G12/><T98/><REACH who="0" step="1"/><D3/><REACH who="0" ten="240,250,250,250" step="2"/><U65/><E65/><V39/><F105/><AGARI ba="0,1" hai="22,25,29,47,50,54,80,86,90,98,99,104,105,106" machi="105" ten="40,3900,0" yaku="1,1,2,1,53,0" doraHai="35" doraHaiUra="30" who="0" fromWho="2" sc="240,49,250,0,250,-39,250,0" /><INIT seed="0,1,0,3,4,22" ten="289,250,211,250" oya="0" hai0="15,104,4,66,73,135,39,132,122,86,91,131,59" hai1="79,134,48,90,130,60,124,80,110,85,24,94,108" hai2="1,56,63,68,126,133,51,78,34,114,2,35,57" hai3="120,96,92,67,42,83,69,97,33,111,30,11,61"/><T127/><D122/><U36/><E36/><V121/><F114/><W125/><G120/><T0/><D39/><U129/><E60/><V45/><F133/><W54/><G111/><N who="1" m="42538" /><E48/><V117/><F78/><W16/><G42/><T40/><D40/><U98/><E134/><V49/><F121/><W107/><G125/><T74/><D127/><U3/><E3/><V6/><F126/><W99/><G107/><T7/><D104/><U25/><E124/><V128/><F63/><W115/><G115/><T55/><D66/><U17/><E17/><V14/><F6/><W72/><G92/><T118/><D0/><U93/><E94/><V37/><F37/><W64/><G64/><T100/><D100/><U75/><E75/><V119/><F14/><W47/><G47/><T95/><D15/><U44/><E44/><V5/><F5/><W103/><G103/><T58/><D55/><U38/><E38/><V20/><F20/><W87/><G54/><T8/><D95/><U13/><E13/><V9/><F45/><W112/><G72/><T21/><D21/><U106/><E106/><V82/><F9/><W77/><G11/><T43/><D8/><U76/><E76/><V29/><F1/><W31/><G112/><T26/><D43/><U102/><E79/><V19/><F2/><W28/><REACH who="3" step="1"/><G16/><REACH who="3" ten="289,250,211,240" step="2"/><T71/><D74/><U41/><E41/><V84/><F19/><W50/><G50/><T46/><D73/><U27/><AGARI ba="1,1" hai="24,25,27,80,85,90,93,98,102,129,130" m="42538" machi="27" ten="40,8000,1" yaku="14,1,52,3" doraHai="22" who="1" fromWho="1" sc="289,-41,250,93,211,-21,240,-21" /><INIT seed="1,0,0,5,1,36" ten="248,343,190,219" oya="1" hai0="90,109,2,77,12,42,124,86,80,110,43,102,54" hai1="122,56,125,114,116,34,91,24,23,21,131,22,39" hai2="18,121,81,53,37,92,87,78,123,62,59,3,8" hai3="16,29,15,27,68,48,33,5,47,50,10,88,98"/><U64/><E114/><V9/><F37/><W129/><G68/><T101/><D2/><U61/><E116/><V85/><F3/><W7/><G129/><T52/><D12/><U128/><E122/><V26/><F121/><W45/><G98/><T103/><D90/><U118/><E118/><V99/><F87/><W28/><G28/><T40/><REACH who="0" step="1"/><D124/><REACH who="0" ten="238,343,190,219" step="2"/><U19/><E125/><V70/><F123/><W76/><G88/><T100/><N who="0" m="25600" /><DORA hai="49" /><T25/><D25/><U79/><E91/><N who="2" m="55711" /><F70/><W132/><G76/><T82/><D82/><U83/><E83/><V130/><F130/><W72/><G27/><T55/><AGARI ba="0,1" hai="40,42,43,52,54,55,77,80,86,109,110" m="25600" machi="55" ten="50,24000,4" yaku="1,1,0,1,29,2,52,6,54,1,53,1" doraHai="36,49" doraHaiUra="41,73" who="0" fromWho="0" sc="238,250,343,-120,190,-60,219,-60" /><INIT seed="2,0,0,5,4,96" ten="488,223,130,159" oya="2" hai0="128,114,116,33,91,26,118,67,80,48,31,50,85" hai1="29,52,1,103,55,113,76,78,36,129,7,47,57" hai2="86,22,14,98,60,6,99,94,122,109,119,21,42" hai3="69,95,81,44,77,92,73,27,93,53,110,66,102"/><V59/><F119/><N who="0" m="45610" /><D114/><U88/><E113/><V13/><F122/><W79/><G110/><T111/><D111/><U132/><E29/><V9/><F42/><W63/><G79/><T58/><D128/><U35/><E35/><V28/><F109/><W34/><G34/><T20/><D33/><U64/><E64/><V43/><F43/><W61/><G27/><T0/><D0/><U2/><E129/><V135/><F135/><W19/><G19/><T30/><D31/><U108/><E108/><V87/><F98/><W133/><G133/><T74/><D74/><U130/><E130/><V62/><F62/><AGARI ba="0,0" hai="20,26,30,48,50,58,62,67,80,85,91" m="45610" machi="62" ten="30,1000,0" yaku="12,1" doraHai="96" who="0" fromWho="2" sc="488,10,223,0,130,-10,159,0" /><INIT seed="3,0,0,2,4,131" ten="498,223,120,159" oya="3" hai0="90,54,106,34,88,6,64,38,19,48,120,51,36" hai1="62,97,75,82,77,0,119,107,15,39,3,49,14" hai2="61,103,12,118,4,95,105,68,16,114,117,33,40" hai3="66,116,7,69,30,42,22,98,100,25,74,132,2"/><W102/><G116/><T1/><D19/><U124/><E39/><V104/><F114/><W55/><G74/><T58/><D34/><U24/><E119/><V5/><F33/><W44/><G100/><T45/><D106/><U72/><E124/><V53/><F40/><W21/><G55/><T71/><D120/><U26/><E49/><V125/><F125/><W37/><G22/><T83/><D83/><U41/><E41/><V78/><F78/><W35/><G21/><T84/><D84/><U70/><E62/><V76/><F76/><W85/><G85/><T126/><D126/><U81/><E77/><V99/><F105/><N who="3" m="63703" /><G66/><T115/><D115/><U110/><E97/><V123/><F123/><W93/><G93/><T111/><D111/><U29/><E107/><V18/><F104/><W28/><G28/><T65/><D6/><U80/><E80/><V60/><F117/><W89/><G89/><T27/><D27/><U79/><E79/><V112/><F112/><W121/><G121/><T50/><D1/><U92/><E92/><V86/><F86/><W17/><G17/><T20/><D88/><U135/><E110/><V32/><F18/><W133/><G69/><T113/><D20/><U63/><E70/><V46/><F32/><W134/><G2/><T31/><D90/><U108/><E108/><V129/><F118/><W109/><G109/><T96/><D31/><U57/><E29/><V127/><F127/><W59/><G59/><T87/><D71/><U67/><E57/><V130/><F68/><W13/><G7/><T128/><D113/><U91/><E72/><RYUUKYOKU ba="0,0" sc="498,-10,223,-10,120,-10,159,30" hai3="13,25,30,35,37,42,44,132,133,134" /><INIT seed="3,1,0,0,0,124" ten="488,213,110,189" oya="3" hai0="98,54,47,118,107,16,0,78,42,108,116,36,119" hai1="88,92,29,110,66,113,44,64,111,126,34,23,125" hai2="77,22,102,97,5,53,63,21,50,10,71,117,15" hai3="6,89,130,59,35,120,114,24,58,87,104,128,62"/><W96/><G114/><T48/><D0/><U134/><E34/><V94/><F117/><W46/><G120/><T4/><D4/><U106/><E106/><V57/><F71/><W33/><G6/><T122/><D122/><U103/><E103/><V68/><F68/><W1/><G1/><T37/><D78/><U131/><E44/><V25/><F77/><W65/><G46/><T86/><D86/><U19/><E29/><V99/><F99/><W32/><G59/><T27/><D98/><N who="1" m="57607" /><E134/><V9/><F9/><W83/><REACH who="3" step="1"/><G24/><REACH who="3" ten="488,213,110,179" step="2"/><T49/><D27/><N who="1" m="14847" /><E113/><V74/><F74/><W72/><G72/><T81/><D47/><U20/><E20/><V82/><F82/><W40/><G40/><T61/><D81/><U17/><E17/><V12/><F12/><W38/><G38/><T11/><D16/><U43/><E43/><V93/><F25/><W95/><G95/><T41/><D42/><U3/><E3/><V109/><F93/><W55/><G55/><T45/><D54/><U105/><E105/><V79/><F22/><W28/><G28/><T70/><D45/><U129/><E125/><V121/><F21/><W101/><AGARI ba="1,1" hai="32,33,35,58,62,65,83,87,89,96,101,104,128,130" machi="101" ten="40,12000,1" yaku="1,1,0,1,52,2,53,0" doraHai="124" doraHaiUra="7" who="3" fromWho="3" sc="488,-41,213,-41,110,-41,179,133" /><INIT seed="3,2,0,2,2,127" ten="447,172,69,312" oya="3" hai0="131,99,125,91,95,123,101,86,19,13,70,135,116" hai1="73,12,11,46,75,111,22,48,23,39,126,41,115" hai2="85,58,104,67,65,122,54,1,96,42,33,64,106" hai3="5,108,121,9,29,84,90,6,114,134,37,16,21"/><W49/><G114/><T35/><D125/><U30/><E115/><V36/><F1/><W83/><G37/><T130/><D116/><U32/><E126/><V81/><F33/><W97/><G121/><T10/><D123/><U17/><E111/><V74/><F74/><W51/><G29/><T53/><D135/><U18/><E11/><V61/><F122/><W120/><G120/><T68/><D35/><U63/><E63/><V8/><F8/><W109/><G134/><T26/><D26/><U4/><E4/><V0/><F0/><W24/><G97/><T76/><D76/><U50/><E30/><V133/><F133/><W77/><G77/><T14/><D14/><U110/><E32/><V3/><F3/><N who="3" m="191" /><G6/><T2/><D2/><U34/><E34/><V107/><F36/><W56/><G56/><T82/><REACH who="0" step="1"/><D53/><REACH who="0" ten="437,172,69,312" step="2"/><U87/><E110/><AGARI ba="2,1" hai="16,21,24,49,51,83,84,90,108,109,110" m="191" machi="110" ten="30,5800,0" yaku="14,1,10,1,54,1" doraHai="127" who="3" fromWho="1" sc="437,0,172,-64,69,0,312,74" /><INIT seed="3,3,0,4,5,115" ten="437,108,69,386" oya="3" hai0="69,11,86,68,65,90,131,57,42,64,126,97,24" hai1="17,16,62,14,79,119,27,8,130,114,61,2,109" hai2="32,85,26,22,21,5,41,132,46,99,116,78,23" hai3="43,56,121,129,82,67,101,12,108,13,102,105,1"/><W3/><G121/><T50/><D131/><U0/><E114/><V91/><F132/><W51/><G129/><T6/><D126/><U53/><E130/><V95/><F5/><W7/><G82/><T54/><D24/><U45/><E79/><V31/><F116/><W134/><G134/><T135/><D97/><U120/><E120/><V125/><F125/><W81/><G81/><T59/><D135/><U123/><E123/><V74/><F74/><W35/><G35/><T75/><D75/><U93/><E93/><V29/><F78/><W39/><G39/><T77/><D77/><U70/><E70/><V44/><F31/><W9/><G3/><T118/><D118/><U73/><E73/><V96/><REACH who="2" step="1"/><F46/><REACH who="2" ten="437,108,59,386" step="2"/><W107/><G7/><T19/><D6/><U30/><E45/><V124/><F124/><W89/><G1/><T49/><D69/><U128/><E119/><V25/><F25/><W87/><G13/><T106/><D68/><U83/><E128/><V38/><AGARI ba="3,1" hai="21,22,23,26,29,32,38,41,44,85,91,95,96,99" machi="38" ten="30,2000,0" yaku="1,1,0,1,53,0" doraHai="115" doraHaiUra="66" who="2" fromWho="2" sc="437,-8,108,-8,59,39,386,-13" /><INIT seed="4,0,0,0,5,51" ten="429,100,98,373" oya="0" hai0="111,102,62,68,15,33,56,85,99,58,37,52,64" hai1="17,106,27,46,22,126,63,21,84,34,19,77,18" hai2="114,97,122,49,119,90,133,14,29,100,31,12,98" hai3="103,80,76,47,50,8,11,115,87,108,24,36,2"/><T20/><D33/><U128/><E106/><V10/><F122/><W104/><G108/><T121/><D121/><U109/><E109/><V48/><F114/><W113/><G36/><T96/><D37/><U89/><E126/><V125/><F125/><W39/><G39/><T131/><D131/><U82/><E128/><V5/><F133/><W93/><G104/><T26/><D111/><U60/><E34/><V78/><F78/><W32/><G2/><T117/><D117/><U9/><E9/><V134/><F134/><W23/><G32/><T43/><D43/><U40/><E77/><V44/><F90/><W120/><G120/><T135/><D135/><U127/><E127/><V54/><F98/><N who="3" m="59855" /><G115/><T30/><D68/><U70/><E70/><V107/><F119/><W69/><G69/><T0/><D0/><U55/><E40/><V16/><REACH who="2" step="1"/><F49/><REACH who="2" ten="429,100,88,373" step="2"/><W116/><G116/><T132/><D99/><U71/><E71/><V81/><F81/><W13/><G113/><T3/><D96/><U73/><E73/><V105/><F105/><W7/><G80/><T41/><D132/><U88/><E89/><V61/><F61/><N who="1" m="23625" /><E27/><V6/><F6/><W53/><G76/><T28/><D26/><U130/><E130/><V112/><F112/><W110/><G110/><T72/><D62/><U74/><E74/><V66/><F66/><W79/><G79/><T38/><D64/><U4/><E4/><V123/><F123/><W25/><G25/><T124/><D124/><U45/><E45/><V118/><F118/><W129/><G129/><T92/><D72/><U57/><E46/><RYUUKYOKU ba="0,1" sc="429,-15,100,15,88,15,373,-15" hai1="17,18,19,21,22,55,57,82,84,88" hai2="5,10,12,14,16,29,31,44,48,54,97,100,107" /><INIT seed="5,1,1,2,5,59" ten="414,115,103,358" oya="1" hai0="78,60,2,22,30,74,92,12,7,4,10,127,27" hai1="46,53,40,52,112,26,84,64,80,21,19,49,15" hai2="13,28,17,100,87,88,3,57,82,101,32,103,83" hai3="119,76,41,113,115,47,58,129,91,135,75,39,70"/><U125/><E112/><N who="3" m="43082" /><G91/><T128/><D127/><U45/><E125/><V29/><F3/><W134/><G76/><T18/><D128/><U94/><E64/><V118/><F118/><W86/><G86/><T63/><D7/><U51/><E94/><V67/><F32/><W16/><G75/><T130/><D92/><U50/><E40/><V79/><F83/><W62/><G70/><T20/><REACH who="0" step="1"/><D130/><REACH who="0" ten="404,115,103,358" step="2"/><U123/><E123/><V48/><F79/><W56/><G129/><T89/><D89/><U8/><E50/><V43/><F48/><W55/><G119/><T114/><D114/><U1/><E1/><V71/><F71/><W31/><G31/><T44/><D44/><U98/><E98/><V68/><F68/><W117/><G117/><T24/><D24/><U131/><E131/><V132/><F29/><W33/><G16/><T97/><D97/><U6/><E80/><AGARI ba="1,2" hai="2,4,10,12,18,20,22,27,30,60,63,74,78,80" machi="80" ten="40,5200,0" yaku="1,1,52,2,53,0" doraHai="59" doraHaiUra="120" who="0" fromWho="1" sc="404,75,115,-55,103,0,358,0" /><INIT seed="6,0,0,5,5,25" ten="479,60,103,358" oya="2" hai0="14,95,81,16,89,97,26,64,132,85,41,34,77" hai1="19,20,105,33,110,13,10,114,58,56,82,17,104" hai2="18,51,35,55,31,70,65,69,111,91,79,112,88" hai3="24,32,71,92,63,61,62,74,57,108,73,2,96"/><V129/><F112/><W27/><G108/><T83/><D132/><U53/><E110/><V67/><F111/><W39/><G39/><T49/><D64/><U100/><E114/><V94/><F79/><W29/><G2/><T78/><D49/><U122/><E122/><V4/><F4/><W37/><G37/><T15/><D41/><U76/><E33/><V68/><F129/><W66/><G27/><T116/><D116/><U80/><E100/><V42/><F42/><W115/><G115/><T46/><D46/><U44/><E44/><V40/><F40/><W93/><G93/><T84/><D16/><U103/><E103/><V134/><F134/><W101/><REACH who="3" step="1"/><G62/><REACH who="3" ten="479,60,103,348" step="2"/><T127/><D127/><U123/><E123/><V21/><F94/><W98/><G98/><T45/><D26/><U107/><E107/><V113/><F113/><W36/><G36/><T109/><D109/><U7/><E104/><V120/><F120/><W133/><G133/><T121/><D121/><U6/><E105/><V119/><F119/><W1/><G1/><T3/><D3/><U8/><E13/><V99/><F99/><W47/><G47/><T11/><D45/><U5/><E82/><V59/><F69/><W52/><AGARI ba="0,1" hai="24,29,32,52,57,61,63,66,71,73,74,92,96,101" machi="52" ten="20,8000,1" yaku="1,1,0,1,7,1,52,1,54,1,53,0" doraHai="25" doraHaiUra="72" who="3" fromWho="3" sc="479,-20,60,-20,103,-40,348,90" /><INIT seed="7,0,0,5,4,7" ten="459,40,63,438" oya="3" hai0="71,31,42,102,46,88,121,27,123,68,57,22,79" hai1="119,92,134,10,66,100,63,117,11,34,86,116,12" hai2="30,14,5,39,20,21,33,44,69,45,51,120,38" hai3="49,97,84,2,67,90,48,41,122,70,125,62,91"/><W112/><G122/><T17/><D79/><U96/><E134/><V72/><F69/><W93/><G2/><T131/><D131/><U74/><E74/><V16/><F72/><W26/><G112/><T127/><D127/><U133/><E133/><V118/><F118/><W130/><G125/><T94/><D102/><U35/><E86/><V40/><F33/><N who="1" m="12297" /><E12/><V55/><F120/><W132/><G130/><T3/><D3/><U28/><E28/><V13/><F5/><W61/><G132/><T59/><D121/><U76/><E76/><V9/><F30/><W110/><G110/><T0/><D0/><U47/><E47/><V18/><F21/><W87/><G41/><T78/><D78/><U37/><E37/><AGARI ba="0,0" hai="9,13,14,16,18,20,37,38,39,40,44,45,51,55" machi="37" ten="30,3900,0" yaku="7,1,52,1,54,1" doraHai="7" who="2" fromWho="1" sc="459,0,40,-39,63,39,438,0" owari="459,56.0,1,-50.0,102,-30.0,438,24.0" /></mjloggm>