<mjloggm ver="2.3"><GO type="225" lobby="0"/><UN n0="%E3%82%BC%E3%83%AB%E3%83%80%E3%81%AE%E4%BC%9D%E8%AA%AC" n1="%E3%81%B1%E3%83%BC%E3%81%9B%E3%82%93%E3%81%A8%E4%BE%8D" n2="%E3%82%A2%E3%83%9E%E3%83%9D%EF%BD%9E%EF%BD%9E%E3%83%A9" n3="%33%74%72%65%65" dan="17,18,16,16" rate="2217.59,2226.88,2105.32,2156.05" sx="M,M,M,F"/><TAIKYOKU oya="0"/><INIT seed="0,0,0,1,4,0" ten="250,250,250,250" oya="0" hai0="129,28,3,111,80,19,98,94,109,34,64,46,43" hai1="84,92,18,49,89,38,57,101,2,106,88,5,10" hai2="36,99,14,91,27,71,69,62,74,76,31,22,115" hai3="93,67,133,58,85,16,86,59,97,50,126,15,23"/><T96/><D129/><U116/><E38/><V114/><F36/><W117/><G133/><T51/><D3/><U45/><E116/><V79/><F14/><W124/><G117/><T103/><D64/><U37/><E18/><V100/><F91/><W113/><G113/><T33/><D19/><U9/><E9/><V6/><F6/><W53/><G67/><T130/><D130/><U125/><E125/><N who="3" m="48234" /><G59/><T112/><D112/><U29/><E29/><V11/><F11/><W42/><G42/><T44/><D80/><U118/><E37/><V54/><F71/><W82/><G82/><T60/><D60/><U104/><E101/><AGARI ba="0,0" hai="15,16,23,50,53,58,85,86,93,97,101" m="48234" machi="101" ten="30,2000,0" yaku="18,1,54,1" doraHai="0" who="3" fromWho="1" sc="250,0,250,-20,250,0,250,20" /><INIT seed="1,0,0,2,5,99" ten="250,230,250,270" oya="1" hai0="65,18,13,112,15,92,94,29,105,108,40,97,34" hai1="117,110,56,14,25,23,78,53,27,122,44,135,16" hai2="67,51,5,39,49,74,58,130,77,6,54,82,2" hai3="21,88,115,7,3,127,134,1,118,111,104,85,48"/><U61/><E122/><V73/><F130/><W79/><G115/><T124/><D112/><U109/><E117/><V68/><F39/><W31/><G118/><T113/><D113/><U11/><E135/><V121/><F121/><W60/><G134/><T106/><D40/><U96/><E78/><V95/><F74/><W26/><G111/><N who="1" m="42506" /><E96/><V66/><F2/><W98/><G79/><T129/><D97/><U100/><E100/><V9/><F95/><W76/><G76/><T133/><D133/><U52/><E11/><V12/><F5/><W72/><G98/><T84/><D129/><U8/><E8/><V69/><REACH who="2" step="1"/><F49/><AGARI ba="0,0" hai="14,16,23,25,27,44,49,52,53,56,61" m="42506" machi="49" ten="30,11600,0" yaku="14,1,10,1,54,2" doraHai="99" who="1" fromWho="2" sc="250,0,230,116,250,-116,270,0" /><INIT seed="1,1,0,2,4,99" ten="250,346,134,270" oya="1" hai0="112,22,2,26,71,120,38,43,27,94,125,15,57" hai1="102,80,98,44,83,12,49,64,126,56,79,78,48" hai2="34,55,119,117,1,106,10,135,129,35,7,109,37" hai3="14,111,130,63,42,88,76,60,51,118,20,28,105"/><U6/><E126/><V128/><F55/><W132/><G105/><T131/><D112/><U121/><E121/><V93/><F93/><W104/><G104/><T11/><D71/><U36/><E36/><V74/><F74/><W3/><G3/><T73/><D125/><U81/><E56/><V19/><F106/><W23/><G76/><T86/><D73/><U66/><E49/><V21/><F37/><W91/><G111/><T113/><D113/><U89/><E89/><N who="3" m="34378" /><G132/><T50/><D131/><N who="2" m="50250" /><F109/><W68/><G68/><T133/><D2/><U24/><E24/><N who="2" m="14399" /><F135/><W32/><G130/><T61/><D94/><N who="1" m="58711" /><E79/><V47/><F47/><W127/><G127/><T116/><D38/><U77/><E78/><V97/><F97/><W101/><G51/><T72/><D72/><U110/><E77/><V5/><F5/><W65/><G60/><T41/><D61/><U58/><E58/><V30/><F30/><W124/><G28/><T107/><D107/><U16/><E6/><V9/><F9/><W18/><G63/><T92/><D11/><N who="1" m="6175" /><E110/><V0/><F0/><W115/><G124/><T69/><D133/><U4/><E4/><V8/><F8/><W70/><G115/><T87/><D57/><U103/><E103/><V33/><AGARI ba="1,0" hai="1,7,10,33,34,35,117,119" m="14399,50250" machi="33" ten="40,5200,0" yaku="19,1,34,2" doraHai="99" who="2" fromWho="2" sc="250,-14,346,-27,134,55,270,-14" /><INIT seed="2,0,0,0,2,66" ten="236,319,189,256" oya="2" hai0="129,97,118,54,124,51,7,72,68,8,128,96,126" hai1="134,23,78,70,111,43,115,30,75,42,89,101,35" hai2="29,21,112,83,117,26,9,20,56,40,87,5,71" hai3="3,55,122,28,14,0,18,22,92,48,102,67,61"/><V37/><F112/><W63/><G122/><T76/><D118/><U10/><E35/><V131/><F131/><N who="0" m="50250" /><D68/><U64/><E134/><V113/><F113/><W120/><G120/><T38/><D38/><U12/><E101/><V73/><F73/><W2/><G28/><T25/><D25/><U31/><E89/><V77/><F117/><W33/><G33/><T50/><D76/><U6/><E78/><V34/><F56/><W24/><G67/><T127/><D72/><U103/><E103/><V135/><F71/><W94/><G24/><T60/><D60/><U106/><E31/><V119/><F135/><W39/><G39/><T98/><D54/><U62/><E43/><V121/><F121/><W49/><G49/><T84/><D84/><U46/><E42/><V74/><F87/><W125/><G63/><T47/><D47/><U13/><E62/><V104/><F104/><W91/><G61/><T95/><D95/><U45/><E106/><V79/><F79/><W105/><G94/><T27/><D27/><U15/><E75/><V53/><F53/><W44/><G105/><T108/><D108/><U82/><E111/><V80/><F80/><W52/><G55/><T16/><D16/><U85/><E70/><V17/><F17/><W123/><G123/><T86/><D86/><U4/><E64/><V130/><F130/><W19/><G19/><T59/><D59/><U114/><E115/><V99/><F119/><W107/><G107/><T69/><D69/><U32/><E114/><V110/><F110/><W132/><G132/><T90/><D90/><U116/><E116/><RYUUKYOKU ba="0,0" sc="236,30,319,-10,189,-10,256,-10" hai0="7,8,50,51,96,97,98,124,126,127" /><INIT seed="3,1,0,5,0,40" ten="266,309,179,246" oya="3" hai0="58,57,131,9,89,52,83,115,59,70,88,106,26" hai1="72,51,126,47,44,120,69,33,32,119,8,107,135" hai2="114,35,71,84,62,24,19,49,78,30,81,110,18" hai3="112,77,65,60,45,118,20,91,39,104,133,87,92"/><W73/><G112/><T6/><D70/><U48/><E72/><V54/><F110/><W128/><G118/><T105/><D115/><U125/><E107/><V109/><F109/><W80/><G128/><T5/><D131/><U2/><E119/><V42/><F114/><W127/><G127/><T50/><D106/><U22/><E22/><V29/><F42/><W90/><G104/><T85/><D105/><U61/><E61/><V56/><F71/><W100/><G133/><T1/><D5/><U95/><E95/><V86/><F30/><W129/><G129/><T130/><D130/><U79/><E79/><V28/><F28/><W124/><G124/><T98/><D26/><U46/><E46/><V38/><F38/><W96/><G20/><T16/><D16/><U113/><E8/><V64/><REACH who="2" step="1"/><F84/><REACH who="2" ten="266,309,169,246" step="2"/><W63/><G87/><T4/><D85/><U99/><E69/><V94/><F94/><W123/><G92/><T41/><D41/><U122/><E113/><V11/><F11/><W121/><G39/><T101/><D9/><U67/><E125/><V76/><F76/><W36/><G36/><T108/><D108/><U102/><E126/><V14/><F14/><W75/><G77/><T132/><D132/><U31/><E135/><V7/><F7/><W15/><G15/><T74/><D6/><U0/><E31/><V17/><F17/><W37/><G37/><T23/><D4/><U53/><E2/><V82/><F82/><W116/><G80/><T21/><D1/><U103/><E0/><V13/><F13/><W3/><G3/><T43/><D83/><RYUUKYOKU ba="1,1" sc="266,-10,309,-10,169,30,246,-10" hai2="18,19,24,29,35,49,54,56,62,64,78,81,86" /><INIT seed="4,2,1,2,0,82" ten="256,299,199,236" oya="0" hai0="59,60,61,117,118,83,89,20,116,32,21,30,62" hai1="97,134,78,16,33,0,69,81,28,77,57,125,7" hai2="41,87,34,45,15,84,90,67,79,129,51,88,99" hai3="17,75,86,11,43,3,39,131,13,66,53,107,12"/><T115/><D115/><U2/><E69/><V64/><F34/><W110/><G110/><T100/><D100/><U8/><E2/><V120/><F120/><W94/><G75/><T42/><D42/><U4/><E4/><V46/><F129/><W108/><G108/><T70/><D70/><U50/><E28/><V76/><F99/><W135/><G107/><T105/><D105/><U37/><E37/><V47/><F51/><W127/><G66/><N who="2" m="25129" /><F15/><W58/><G12/><T38/><D38/><U103/><E81/><N who="2" m="49423" /><F41/><W121/><G121/><T102/><D102/><U29/><E0/><V93/><AGARI ba="2,1" hai="45,46,47,76,79,87,88,93" m="49423,25129" machi="93" ten="30,7900,0" yaku="8,1,52,2,54,1" doraHai="82" who="2" fromWho="2" sc="256,-41,299,-22,199,95,236,-22" /><INIT seed="5,0,0,5,3,33" ten="215,277,294,214" oya="1" hai0="58,19,40,113,39,54,81,18,97,130,37,16,86" hai1="120,88,44,29,102,84,13,122,110,65,79,47,103" hai2="60,108,124,50,71,129,1,11,36,25,115,45,96" hai3="7,93,95,121,73,57,134,10,21,42,53,74,75"/><U3/><E3/><V107/><F50/><W69/><G121/><T6/><D113/><U125/><E79/><V27/><F108/><W59/><G69/><T24/><D130/><U111/><E29/><V89/><F89/><W91/><G134/><T30/><D97/><U28/><E28/><V62/><F62/><W49/><G42/><T131/><D131/><U20/><E65/><N who="2" m="41383" /><F25/><W82/><G21/><T83/><D6/><U48/><E47/><V123/><F27/><W9/><G9/><T76/><D40/><U8/><E20/><V32/><F129/><W87/><REACH who="3" step="1"/><G59/><REACH who="3" ten="215,277,294,204" step="2"/><T90/><D58/><U0/><E122/><V118/><F123/><W114/><G114/><T117/><D117/><U77/><E120/><V70/><F70/><W22/><G22/><T119/><D119/><U104/><E8/><V5/><F118/><W72/><N who="3" m="18432" /><DORA hai="12" /><W43/><G43/><T109/><D109/><U17/><E111/><V85/><F11/><W34/><G34/><T63/><D37/><U26/><E110/><V133/><F32/><W52/><G52/><T126/><D39/><U35/><E35/><V128/><F133/><W4/><G4/><T106/><D54/><U51/><E44/><V135/><F45/><W132/><G132/><T46/><D46/><U23/><E23/><V99/><F36/><W116/><G116/><T98/><D30/><U92/><E26/><V55/><F135/><W100/><G100/><T94/><D24/><U66/><E103/><V64/><F5/><W15/><AGARI ba="0,1" hai="7,10,15,49,53,57,82,87,91,93,95" m="18432" machi="15" ten="60,12000,2" yaku="1,1,0,1,53,5" doraHai="33,12" doraHaiUra="105,80" who="3" fromWho="3" sc="215,-30,277,-60,294,-30,204,130" owari="185,-31.0,217,-18.0,264,6.0,334,43.0" /></mjloggm>