<mjloggm ver="2.3"><GO type="169" lobby="0"/><UN n0="%E7%89%8C%E6%B5%81%E7%8A%B6%E6%85%8B%E9%BA%BB%E9%9B%80" n1="%43%68%69%63%61%67%6F" n2="%2D%E8%B1%8A%E5%8F%A3%E3%82%81%E3%81%90%E3%81%BF%2D" n3="%50%65%74%65%72%50%61%6E" dan="17,17,17,16" rate="2177.18,2168.22,2241.89,2067.96" sx="M,M,F,M"/><TAIKYOKU oya="0"/><INIT seed="0,0,0,4,0,83" ten="250,250,250,250" oya="0" hai0="118,16,50,60,36,91,11,27,89,20,68,65,84" hai1="64,9,58,127,26,12,116,133,52,41,32,8,23" hai2="122,49,111,92,124,86,54,76,47,53,24,38,106" hai3="31,128,88,113,40,81,61,96,132,51,63,69,2"/><T71/><D118/><U57/><E116/><V59/><F122/><W99/><G113/><T18/><D36/><U134/><E127/><V101/><F124/><W108/><G2/><T29/><D71/><U123/><E123/><V119/><F119/><W13/><G108/><T117/><D117/><U48/><E32/><V94/><F111/><W15/><G132/><T95/><D50/><U45/><E64/><V77/><F106/><W109/><G31/><T78/><D78/><U80/><E80/><N who="2" m="47367" /><F38/><W104/><G104/><T34/><D34/><U130/><E130/><V135/><F77/><W87/><G109/><T102/><D102/><U74/><E74/><V6/><F101/><W121/><G121/><T25/><D25/><U46/><E134/><V120/><F135/><W28/><G28/><T39/><D39/><U73/><E73/><V107/><F107/><W70/><G70/><T75/><D75/><U129/><E129/><V131/><F131/><W1/><G1/><T82/><REACH who="0" step="1"/><D11/><REACH who="0" ten="240,250,250,250" step="2"/><U3/><E8/><V112/><F24/><W33/><G69/><T5/><D5/><U10/><E9/><V21/><F6/><W97/><G33/><T17/><D17/><N who="1" m="12655" /><E133/><V93/><F112/><W55/><G128/><T43/><D43/><U7/><E3/><V14/><F120/><W125/><G40/><T100/><D100/><U115/><E115/><V42/><F59/><N who="3" m="33279" /><G125/><T62/><D62/><AGARI ba="0,1" hai="13,15,61,62,63,81,87,88,96,97,99" m="33279" machi="62" ten="30,3900,0" yaku="8,1,52,1,54,1" doraHai="83" who="3" fromWho="0" sc="240,-39,250,0,250,0,250,49" /><INIT seed="1,0,0,3,5,128" ten="201,250,250,299" oya="1" hai0="81,65,113,107,130,17,125,25,83,29,93,12,87" hai1="0,132,47,30,50,133,91,13,51,28,6,103,5" hai2="56,111,59,94,57,23,8,126,77,43,129,106,85" hai3="112,35,24,42,2,34,55,58,88,64,117,108,121"/><U44/><E103/><V92/><F106/><W41/><G112/><T15/><D107/><U96/><E0/><V74/><F129/><W52/><G2/><T54/><D113/><U116/><E91/><V100/><F111/><W19/><G121/><T71/><D125/><U14/><REACH who="1" step="1"/><E96/><REACH who="1" ten="201,240,250,299" step="2"/><V70/><F100/><W102/><G102/><T60/><D130/><U61/><E61/><V1/><F1/><W48/><G88/><T79/><D60/><U10/><E10/><V80/><F8/><W46/><G108/><T131/><D131/><U105/><E105/><V89/><F89/><W127/><G127/><T39/><D79/><U114/><E114/><V31/><F126/><W68/><G117/><AGARI ba="0,1" hai="5,6,13,14,28,30,44,47,50,51,116,117,132,133" machi="117" ten="25,18000,2" yaku="1,1,22,2,52,2,53,2" doraHai="128" doraHaiUra="9" who="1" fromWho="3" sc="201,0,240,190,250,0,299,-180" /><INIT seed="1,1,0,2,1,75" ten="201,430,250,119" oya="1" hai0="39,40,74,45,87,36,76,61,55,89,120,88,60" hai1="35,129,49,11,107,25,68,71,12,109,117,41,43" hai2="44,22,56,19,116,32,65,112,47,90,81,15,83" hai3="96,134,17,132,125,42,123,27,4,121,7,78,100"/><U118/><E107/><V110/><F116/><W50/><G125/><T73/><D120/><U29/><E129/><V62/><F110/><W84/><G27/><T91/><D36/><U53/><E109/><V57/><F32/><W2/><G17/><T67/><D55/><U108/><E108/><V30/><F30/><W14/><G2/><T66/><D60/><U23/><E35/><V63/><F112/><W77/><G84/><T38/><D38/><U94/><E94/><V6/><F6/><N who="3" m="2091" /><G14/><T115/><D115/><U119/><E43/><V85/><REACH who="2" step="1"/><F83/><REACH who="2" ten="201,430,240,119" step="2"/><W80/><G80/><T26/><D39/><U93/><E119/><V31/><F31/><W106/><G123/><T34/><D34/><U104/><E117/><V51/><F51/><W21/><G121/><T95/><D61/><U52/><E49/><V97/><F97/><W70/><G70/><T8/><D67/><AGARI ba="1,1" hai="15,19,22,44,47,56,57,62,63,65,67,81,85,90" machi="67" ten="30,8000,1" yaku="1,1,7,1,9,1,8,1,53,1" doraHai="75" doraHaiUra="18" who="2" fromWho="0" sc="201,-83,430,0,240,93,119,0" /><INIT seed="2,0,0,4,0,59" ten="118,430,333,119" oya="2" hai0="24,12,25,2,74,114,0,112,104,30,71,98,77" hai1="43,108,123,9,60,39,121,101,100,21,89,99,88" hai2="129,61,105,91,42,97,57,127,26,133,134,67,75" hai3="52,37,54,41,28,135,58,5,120,18,110,81,128"/><V40/><F75/><W16/><G120/><N who="1" m="46154" /><E108/><V47/><F127/><W46/><G110/><T85/><D74/><U19/><E9/><V36/><F129/><W126/><G126/><T72/><D72/><U109/><E109/><V1/><F1/><W49/><G128/><T15/><D71/><U94/><E43/><V8/><F8/><W118/><G118/><T6/><D85/><U122/><E39/><V70/><F42/><W35/><G135/><N who="2" m="51721" /><F26/><W125/><G125/><T113/><D77/><U78/><E78/><V106/><F70/><W33/><G5/><T95/><D104/><N who="2" m="40042" /><F91/><W38/><G38/><T76/><D76/><U111/><E111/><V124/><F124/><W48/><G81/><T73/><D73/><U31/><E89/><V7/><F97/><W119/><G119/><T11/><D0/><U23/><E122/><V87/><F87/><W130/><G130/><T20/><REACH who="0" step="1"/><D25/><REACH who="0" ten="108,430,333,119" step="2"/><U29/><E29/><V63/><F7/><W115/><G115/><T80/><D80/><U83/><E83/><V117/><F117/><W79/><G79/><T50/><D50/><U66/><E31/><V27/><F27/><W53/><G28/><T64/><D64/><U51/><E51/><V68/><F68/><W22/><G37/><T44/><D44/><U107/><E107/><V132/><F132/><W13/><G49/><T96/><D96/><U116/><E116/><V69/><F69/><W90/><G48/><T45/><D45/><U32/><E66/><V34/><F63/><W10/><G46/><T102/><AGARI ba="0,1" hai="2,6,11,12,15,20,24,30,95,98,102,112,113,114" machi="102" ten="30,2000,0" yaku="1,1,0,1,53,0" doraHai="59" doraHaiUra="14" who="0" fromWho="0" sc="108,30,430,-5,333,-10,119,-5" /><INIT seed="3,0,0,5,0,102" ten="138,425,323,114" oya="3" hai0="105,101,122,131,130,57,95,90,133,89,74,106,123" hai1="43,71,82,66,12,54,1,97,35,47,107,118,3" hai2="128,60,33,83,86,80,18,24,2,26,116,65,62" hai3="91,50,87,100,31,70,112,135,77,98,44,129,109"/><W23/><G70/><T28/><D57/><U119/><E35/><V126/><F116/><N who="1" m="44585" /><E54/><V120/><F2/><W108/><G112/><T93/><D28/><U69/><E12/><V73/><F126/><W59/><G77/><T46/><D46/><U13/><E82/><V72/><F128/><N who="0" m="49194" /><D74/><U36/><E13/><V34/><F65/><W55/><G129/><T76/><D76/><U115/><E115/><V15/><F15/><W56/><G135/><T61/><D61/><N who="1" m="40143" /><E71/><V14/><F14/><W16/><G31/><T52/><D52/><U9/><E9/><V64/><F64/><W11/><G11/><T42/><D42/><U81/><E81/><V117/><F117/><W111/><G23/><T39/><D39/><U124/><E124/><V103/><F83/><N who="3" m="49663" /><G16/><T88/><D133/><U84/><E84/><V17/><F86/><W19/><G19/><T67/><D67/><U51/><E51/><V127/><F127/><W38/><G38/><T53/><D53/><U30/><E30/><V99/><F80/><W0/><G0/><T4/><D4/><U5/><E5/><V58/><F73/><W92/><AGARI ba="0,0" hai="44,50,55,56,59,92,98,100,108,109,111" m="49663" machi="92" ten="30,3000,0" yaku="14,1,10,1" doraHai="102" who="3" fromWho="3" sc="138,-10,425,-10,323,-10,114,30" /><INIT seed="3,1,0,1,1,96" ten="128,415,313,144" oya="3" hai0="132,75,71,70,54,5,0,11,28,6,107,25,77" hai1="3,110,31,66,57,2,22,55,130,10,60,102,120" hai2="76,105,30,89,58,56,12,40,14,98,108,34,68" hai3="4,35,92,23,84,36,13,26,15,97,53,72,59"/><W21/><G72/><T134/><D6/><U44/><E120/><V129/><F76/><W38/><G35/><T18/><D18/><U122/><E122/><V69/><F40/><W83/><G21/><T49/><D107/><U80/><E110/><V109/><F129/><W119/><G38/><T133/><D77/><U85/><E130/><V47/><F47/><W135/><G36/><T131/><D75/><U125/><E102/><N who="2" m="62679" /><F89/><N who="3" m="51359" /><G4/><T46/><REACH who="0" step="1"/><D131/><REACH who="0" ten="118,415,313,144" step="2"/><U99/><E2/><V27/><F109/><W43/><G119/><T42/><D42/><U7/><E7/><V93/><F108/><W95/><G43/><T48/><D48/><U88/><E3/><V37/><F37/><W81/><G135/><T111/><D111/><U124/><E124/><V114/><F14/><W62/><G81/><T86/><D86/><U117/><E85/><V115/><F12/><N who="3" m="4683" /><G97/><T127/><D127/><U116/><E99/><V64/><F115/><W50/><G50/><T63/><D63/><U29/><E60/><V94/><F114/><W82/><G82/><T9/><D9/><U112/><E10/><V41/><F41/><W123/><G123/><T1/><D1/><U90/><E112/><V126/><F126/><W101/><G101/><T17/><D17/><AGARI ba="1,1" hai="17,23,26,53,59,62,92,95" m="4683,51359" machi="17" ten="30,1500,0" yaku="8,1" doraHai="96" who="3" fromWho="0" sc="118,-18,415,0,313,0,144,28" /><INIT seed="3,2,0,1,2,119" ten="100,415,313,172" oya="3" hai0="62,75,45,77,90,109,135,11,91,19,100,36,131" hai1="114,80,123,7,25,95,88,4,27,106,111,82,14" hai2="43,124,41,132,93,8,22,110,46,97,10,81,118" hai3="94,68,60,104,67,50,56,128,102,57,133,18,78"/><W98/><G133/><T105/><D109/><U99/><E114/><V126/><F118/><W72/><G128/><T29/><D135/><U54/><E123/><V33/><F33/><W16/><G72/><T52/><D131/><U13/><E111/><V112/><F112/><W122/><G78/><T130/><D29/><U2/><E2/><V48/><F132/><W37/><G37/><T42/><D130/><U55/><E106/><V134/><F134/><W12/><G122/><T30/><D30/><U61/><E61/><V6/><F110/><W44/><G104/><T47/><D100/><U58/><E58/><V108/><F108/><W121/><G18/><T23/><D11/><U73/><E73/><V38/><F22/><W96/><G96/><T32/><D32/><U120/><E120/><V76/><F43/><W26/><G26/><N who="1" m="9738" /><E14/><V20/><F20/><W71/><G71/><T125/><D125/><N who="2" m="48234" /><F38/><W115/><G115/><T103/><D36/><U1/><E1/><V24/><F24/><W0/><G0/><T28/><D75/><U84/><E13/><V9/><F81/><N who="1" m="31337" /><E99/><V31/><F76/><W117/><G117/><T63/><D77/><U83/><E83/><V85/><F31/><W89/><G121/><T127/><D28/><U129/><E129/><V79/><F79/><W3/><G3/><T40/><D127/><U21/><E21/><V87/><F6/><AGARI ba="2,0" hai="4,6,7,54,55,84,88,95" m="31337,9738" machi="6" ten="30,2000,0" yaku="8,1,54,1" doraHai="119" who="1" fromWho="2" sc="100,0,415,26,313,-26,172,0" /><INIT seed="4,0,0,1,3,20" ten="100,441,287,172" oya="0" hai0="107,102,49,119,21,95,80,26,129,33,91,81,7" hai1="118,9,126,13,29,41,69,117,106,61,55,100,93" hai2="44,115,121,34,37,110,14,90,89,42,45,125,4" hai3="78,101,74,43,1,103,88,109,97,35,38,46,36"/><T132/><D119/><U123/><E123/><V68/><F110/><W94/><G109/><T12/><D129/><U86/><E106/><V48/><F121/><W130/><G38/><T15/><D132/><U131/><E41/><V67/><F115/><W54/><G130/><T120/><D33/><U111/><E111/><V73/><F73/><W98/><G1/><T30/><D120/><U92/><E29/><V65/><F34/><W52/><G35/><T16/><D107/><U63/><E55/><V128/><F128/><W6/><G6/><T27/><D102/><U122/><E122/><V56/><F125/><W53/><REACH who="3" step="1"/><G97/><REACH who="3" ten="100,441,287,162" step="2"/><N who="0" m="57599" /><D7/><U57/><E131/><V127/><F4/><W124/><G124/><T99/><D99/><U114/><E126/><V64/><F127/><W51/><G51/><T105/><D49/><U28/><E117/><V75/><F37/><W84/><G84/><T62/><D62/><U22/><E86/><V58/><F48/><W71/><G71/><T11/><D105/><U47/><E61/><V96/><F68/><W23/><G23/><N who="0" m="15711" /><D11/><U83/><E9/><V135/><F96/><W60/><G60/><T82/><AGARI ba="0,1" hai="12,15,16,21,27,80,81,82" m="15711,57599" machi="82" ten="30,11700,0" yaku="8,1,52,2,54,1" doraHai="20" who="0" fromWho="0" sc="100,127,441,-39,287,-39,162,-39" /><INIT seed="4,1,0,2,2,31" ten="227,402,248,123" oya="0" hai0="100,46,63,126,132,113,11,68,84,13,33,37,93" hai1="116,117,6,115,15,3,102,82,25,42,12,38,14" hai2="27,114,51,118,134,122,124,129,105,52,83,133,22" hai3="135,43,72,128,65,89,87,4,80,5,101,96,29"/><T127/><D113/><U21/><E102/><V74/><F122/><W30/><G135/><N who="2" m="51721" /><F114/><W16/><G128/><T36/><D132/><U48/><E38/><V17/><F124/><N who="0" m="47658" /><D46/><U71/><E48/><V110/><F110/><W60/><G43/><T24/><D63/><U45/><E45/><V47/><F83/><W0/><G72/><T108/><D68/><U57/><E57/><V44/><F74/><W32/><G30/><N who="0" m="19655" /><D108/><U41/><E82/><V88/><F129/><W79/><G79/><T75/><D75/><U2/><E71/><V99/><F118/><W119/><G0/><N who="1" m="42" /><E41/><V49/><F105/><W67/><G67/><T61/><D61/><U23/><E42/><N who="2" m="24727" /><F99/><W109/><G109/><T77/><D77/><U19/><E115/><V28/><F28/><W78/><G78/><T56/><D56/><U131/><E131/><V95/><F95/><W66/><G66/><T104/><D104/><U26/><E116/><V34/><F34/><W73/><G119/><T103/><D84/><U111/><E117/><V59/><F59/><W55/><G73/><T8/><D8/><N who="1" m="4119" /><E111/><V69/><F69/><W9/><G87/><T120/><D120/><U121/><E121/><V91/><AGARI ba="1,0" hai="17,22,27,47,51,52,88,91" m="24727,51721" machi="91" ten="30,4000,0" yaku="20,1,54,2" doraHai="31" who="2" fromWho="2" sc="227,-21,402,-11,248,43,123,-11" /><INIT seed="5,0,0,1,3,51" ten="206,391,291,112" oya="1" hai0="81,66,67,127,16,20,99,94,45,25,24,108,75" hai1="129,57,46,13,12,68,47,30,52,44,98,121,103" hai2="83,100,55,50,22,54,82,9,17,106,26,123,131" hai3="105,31,58,107,113,102,23,130,69,33,77,90,118"/><U1/><E121/><V28/><F123/><W15/><G69/><T109/><D127/><U65/><E1/><V5/><F131/><W111/><G111/><T0/><D0/><U128/><E30/><V78/><F106/><W86/><G130/><N who="1" m="50282" /><E65/><V49/><F100/><W36/><G36/><T119/><D119/><U97/><E68/><V95/><F95/><W27/><G77/><T64/><D25/><U7/><E7/><V112/><F112/><W120/><G120/><T42/><D81/><U88/><E88/><V6/><F28/><W110/><G110/><T41/><D75/><U14/><E103/><V2/><F6/><W60/><G102/><T71/><D42/><U114/><E114/><V63/><F63/><AGARI ba="0,0" hai="12,13,14,44,46,47,52,57,63,97,98" m="50282" machi="63" ten="40,7700,0" yaku="19,1,52,1,54,1" doraHai="51" who="1" fromWho="2" sc="206,0,391,77,291,-77,112,0" /><INIT seed="5,1,0,3,0,117" ten="206,468,214,112" oya="1" hai0="74,34,126,76,24,54,38,110,113,65,52,129,125" hai1="22,130,7,69,93,40,82,56,90,0,77,35,19" hai2="36,78,99,28,44,131,71,43,47,32,51,64,25" hai3="29,1,8,81,94,2,75,84,63,3,30,48,11"/><U5/><E69/><V100/><F131/><W128/><G128/><T123/><D129/><U23/><E35/><V68/><F78/><W70/><G75/><T120/><D110/><U88/><E130/><V114/><F114/><W37/><G37/><T4/><D38/><U14/><E40/><V135/><F135/><W15/><G94/><T103/><D103/><U31/><E0/><V9/><F9/><W39/><G39/><T124/><D65/><U104/><E104/><V45/><F45/><W72/><G72/><T95/><D95/><U42/><E56/><V46/><F46/><W132/><G132/><T21/><D34/><U33/><E42/><V111/><F111/><W53/><G63/><T20/><D4/><U58/><E58/><V118/><F64/><W96/><G96/><T134/><D113/><U62/><E62/><V18/><F18/><W49/><G70/><T112/><D112/><U67/><E67/><V61/><F61/><W27/><G11/><T79/><D134/><U83/><E33/><V116/><F71/><W108/><G108/><T105/><D105/><U86/><E23/><N who="0" m="8777" /><D24/><U127/><E31/><V97/><F68/><W87/><G27/><T115/><D115/><U16/><E19/><V26/><F26/><W85/><G81/><N who="0" m="45207" /><D79/><U89/><E5/><V102/><F102/><W66/><G66/><T50/><D54/><U73/><E7/><V133/><F133/><W12/><G53/><T10/><D10/><U91/><E93/><N who="2" m="58415" /><F99/><W59/><G8/><T106/><D106/><U13/><E13/><N who="3" m="5194" /><G59/><AGARI ba="1,0" hai="50,52,59,120,123,124,125,126" m="45207,8777" machi="59" ten="40,8000,1" yaku="18,1,52,2,54,1" doraHai="117" who="0" fromWho="3" sc="206,83,468,0,214,0,112,-83" /><INIT seed="6,0,0,5,1,25" ten="289,468,214,29" oya="2" hai0="57,52,92,24,130,11,118,36,48,22,80,74,93" hai1="17,54,71,115,18,33,9,122,109,8,126,73,62" hai2="51,31,107,15,124,95,72,69,1,97,49,4,76" hai3="125,108,2,133,66,128,14,120,30,78,58,46,68"/><V135/><F69/><W112/><G78/><T117/><D36/><U45/><E109/><V85/><F1/><W56/><G46/><T87/><D74/><U106/><E73/><V98/><F124/><W96/><G96/><T132/><D11/><U113/><E33/><V44/><F135/><W59/><G14/><T101/><D130/><U13/><E106/><V61/><F72/><W111/><G30/><N who="0" m="17687" /><D132/><U7/><E126/><V84/><F107/><W116/><G66/><T41/><D41/><U19/><E71/><V90/><F61/><W67/><G67/><T53/><D101/><U82/><E82/><N who="2" m="47175" /><F31/><W77/><G77/><N who="0" m="46479" /><D53/><U37/><E37/><V26/><F26/><W75/><G59/><T94/><D118/><U121/><E9/><N who="2" m="4519" /><F51/><W6/><G58/><T123/><D123/><N who="1" m="47115" /><E62/><V70/><F70/><W3/><G56/><T29/><D117/><U63/><E63/><V42/><AGARI ba="0,0" hai="42,44,49,85,90,95,97,98" m="4519,47175" machi="42" ten="30,3000,0" yaku="25,1,8,1" doraHai="25" who="2" fromWho="2" sc="289,-10,468,-10,214,30,29,-10" /><INIT seed="6,1,0,5,1,93" ten="279,458,244,19" oya="2" hai0="67,28,13,95,33,6,134,122,124,40,21,131,65" hai1="12,46,84,63,127,55,118,66,78,48,18,112,108" hai2="116,24,115,70,82,85,30,87,29,4,42,53,109" hai3="128,107,43,38,54,126,81,83,74,68,0,58,80"/><V9/><F116/><W51/><G128/><T72/><D72/><U8/><E112/><V79/><F115/><W98/><G0/><T10/><D122/><U1/><E127/><V5/><F70/><W45/><G126/><T104/><D104/><U133/><E133/><V64/><F64/><W103/><REACH who="3" step="1"/><G68/><REACH who="3" ten="279,458,244,9" step="2"/><T92/><D124/><U14/><E108/><V99/><F109/><W76/><AGARI ba="1,1" hai="38,43,45,51,54,58,74,76,80,81,83,98,103,107" machi="76" ten="30,8000,1" yaku="1,1,2,1,0,1,52,1,53,1" doraHai="93" doraHaiUra="49" who="3" fromWho="3" sc="279,-21,458,-21,244,-41,9,93" /><INIT seed="7,0,0,5,5,115" ten="258,437,203,102" oya="3" hai0="91,66,44,100,122,112,127,75,71,126,45,41,46" hai1="117,84,36,107,48,97,130,9,90,128,2,59,26" hai2="31,129,105,109,37,63,7,80,13,96,61,57,12" hai3="81,77,106,67,35,39,58,92,111,104,70,30,72"/><W20/><G111/><T73/><D122/><U55/><E36/><V135/><F37/><W108/><G108/><T133/><D112/><U47/><E117/><V116/><F109/><W0/><G58/><T102/><D41/><U19/><E97/><V32/><F116/><W131/><G131/><N who="1" m="50218" /><E107/><V16/><F135/><W95/><G20/><T27/><D91/><U21/><E9/><V43/><F43/><W23/><G23/><T110/><D27/><U8/><E8/><V24/><F129/><W87/><G95/><T29/><D29/><U6/><E6/><V34/><F34/><W78/><G0/><T119/><D119/><U38/><E38/><V54/><F12/><W42/><G92/><T121/><D121/><U1/><E47/><V98/><F7/><W3/><G3/><T17/><D17/><U33/><E33/><V15/><F15/><W52/><G52/><T93/><D133/><U94/><AGARI ba="0,0" hai="1,2,19,21,26,48,55,59,84,90,94" m="50218" machi="94" ten="30,1100,0" yaku="19,1" doraHai="115" who="1" fromWho="1" sc="258,-3,437,11,203,-3,102,-5" owari="255,6.0,448,54.0,200,-20.0,97,-40.0" /></mjloggm>