<mjloggm ver="2.3"><GO type="169" lobby="0"/><UN n0="%E3%81%AA%E3%81%97%E4%B8%B8" n1="%E9%B3%B3%E5%8D%97%E3%81%AE%E3%81%8A%E9%A6%AC%E3%81%95%E3%82%93" n2="%6E%61%76%65%6C" n3="%6B%6F%74%61%6B%6F%74%61" dan="16,17,16,16" rate="2078.59,2227.44,2043.96,2099.52" sx="M,M,M,M"/><TAIKYOKU oya="0"/><INIT seed="0,0,0,2,1,114" ten="250,250,250,250" oya="0" hai0="124,74,119,100,9,41,13,96,31,3,61,121,22" hai1="93,79,106,62,83,71,33,56,80,58,122,102,109" hai2="27,98,87,4,101,52,59,108,104,30,115,118,6" hai3="117,5,29,67,14,120,76,130,53,75,125,32,50"/><T97/><D3/><U60/><E109/><V86/><F115/><W129/><G67/><T46/><D121/><U132/><E122/><V111/><F118/><W17/><G120/><T34/><D74/><U19/><E132/><V99/><F99/><W44/><G125/><T113/><D124/><U90/><E33/><V24/><F87/><W39/><G5/><T23/><D97/><U15/><E106/><V89/><F108/><W78/><G39/><T51/><D113/><U28/><E28/><V36/><F36/><W40/><G40/><T26/><D119/><U25/><E25/><V84/><F84/><W63/><G63/><T68/><D61/><U73/><E102/><V77/><F77/><W128/><G117/><T88/><D68/><U21/><E80/><V95/><F27/><N who="3" m="18495" /><G75/><T123/><D88/><U16/><E19/><V72/><F72/><W37/><G37/><T91/><D91/><U110/><E110/><V81/><F104/><W1/><G1/><T94/><REACH who="0" step="1"/><D123/><REACH who="0" ten="240,250,250,250" step="2"/><U92/><E90/><V127/><F127/><W7/><G7/><AGARI ba="0,1" hai="7,9,13,22,23,26,31,34,41,46,51,94,96,100" machi="7" ten="30,11600,0" yaku="1,1,2,1,7,1,53,1" doraHai="114" doraHaiUra="20" who="0" fromWho="3" sc="240,126,250,0,250,0,250,-116" /><INIT seed="0,1,0,5,5,3" ten="366,250,250,134" oya="0" hai0="118,108,11,64,23,28,113,37,90,114,120,119,13" hai1="21,79,14,48,43,80,54,87,26,47,95,27,42" hai2="122,36,128,24,121,67,10,74,72,116,115,78,57" hai3="33,111,134,25,55,41,8,131,76,50,103,102,44"/><T29/><D37/><U2/><E2/><V32/><F78/><W88/><G111/><T58/><D64/><U97/><E14/><V12/><F57/><W1/><G134/><T61/><D61/><U63/><E63/><V104/><F67/><W53/><G131/><T84/><D58/><U106/><E106/><V69/><F12/><W60/><G76/><T19/><D120/><U5/><E5/><V9/><F24/><W7/><G33/><T126/><D126/><U18/><REACH who="1" step="1"/><E27/><REACH who="1" ten="366,240,250,134" step="2"/><V39/><F104/><W77/><G25/><T66/><D66/><U56/><E56/><V70/><F116/><W105/><G105/><T85/><D119/><U15/><E15/><V123/><F123/><W109/><G60/><T93/><D118/><U135/><E135/><V92/><F128/><W51/><G109/><T91/><D108/><U107/><E107/><V73/><F121/><W94/><G77/><T4/><D29/><U132/><E132/><V96/><F122/><W45/><REACH who="3" step="1"/><G41/><REACH who="3" ten="366,240,250,124" step="2"/><T16/><D28/><U133/><E133/><V6/><F32/><W75/><G75/><T100/><D113/><U86/><E86/><AGARI ba="1,2" hai="1,7,8,44,45,50,51,53,55,86,88,94,102,103" machi="86" ten="30,8000,1" yaku="1,1,7,1,9,1,52,1,54,1,53,0" doraHai="3" doraHaiUra="59" who="3" fromWho="1" sc="366,0,240,-83,250,0,124,103" /><INIT seed="1,0,0,5,0,30" ten="366,157,250,227" oya="1" hai0="14,113,78,94,135,68,88,40,75,7,108,51,47" hai1="116,109,105,132,72,28,107,76,6,79,95,20,102" hai2="129,17,64,86,85,8,80,99,48,101,23,29,53" hai3="125,31,89,0,112,96,11,37,84,18,69,91,134"/><U44/><E116/><V71/><F129/><W32/><G112/><T16/><D108/><U54/><E109/><V131/><F131/><W21/><G37/><T114/><D68/><U115/><E115/><V98/><F29/><W117/><G69/><T92/><D135/><U111/><E111/><V24/><F8/><W58/><G125/><T39/><D7/><U19/><E132/><V123/><F123/><W13/><G117/><T4/><D4/><U1/><E28/><V120/><F120/><W70/><G70/><T126/><D126/><U49/><E6/><V26/><F26/><W34/><G134/><T65/><D65/><U5/><E5/><V87/><F64/><W36/><G36/><T15/><D15/><U50/><E1/><V59/><F71/><W82/><G0/><T41/><D41/><U57/><E72/><V9/><F9/><W61/><G91/><T130/><D94/><U110/><E107/><V100/><F80/><W42/><G96/><AGARI ba="0,0" hai="17,23,24,48,53,59,85,86,87,96,98,99,100,101" machi="96" ten="40,1300,0" yaku="8,1" doraHai="30" who="2" fromWho="3" sc="366,0,157,0,250,13,227,-13" /><INIT seed="2,0,0,1,5,83" ten="366,157,263,214" oya="2" hai0="76,74,111,0,32,117,15,14,85,78,38,43,101" hai1="30,135,86,33,116,51,5,129,59,25,94,121,77" hai2="95,28,69,39,110,84,66,99,4,112,96,29,8" hai3="42,36,127,73,2,10,9,67,45,128,27,71,130"/><V50/><F39/><W87/><G73/><T49/><D0/><U55/><E116/><V92/><F112/><W46/><G127/><T89/><D32/><U107/><E129/><N who="3" m="49770" /><G2/><T103/><D38/><U41/><E135/><V81/><F69/><W131/><G131/><T119/><D74/><U57/><E107/><V61/><F110/><W72/><G72/><T24/><D24/><U1/><E121/><V6/><F50/><W100/><G100/><N who="0" m="38475" /><D111/><U37/><E37/><V134/><F134/><W122/><G46/><N who="0" m="25823" /><D119/><U108/><E108/><V113/><F61/><N who="3" m="40431" /><G27/><T16/><D14/><U22/><E41/><V124/><F66/><W17/><G122/><T88/><D89/><U7/><E1/><V56/><F56/><W18/><G42/><T53/><D53/><U12/><E57/><V11/><F113/><W62/><G45/><T54/><D54/><U133/><E133/><V106/><F124/><W105/><G105/><T68/><D68/><U65/><E65/><V104/><F81/><W115/><G115/><T75/><D75/><U82/><REACH who="1" step="1"/><E94/><REACH who="1" ten="366,147,263,214" step="2"/><V126/><F126/><W123/><G123/><T3/><D3/><U21/><E21/><V125/><F125/><W47/><G36/><T34/><D34/><U109/><E109/><V60/><REACH who="2" step="1"/><F60/><REACH who="2" ten="366,147,253,214" step="2"/><W23/><G62/><T132/><D132/><U63/><E63/><V120/><F120/><W44/><G44/><T97/><D117/><U58/><E58/><V48/><F48/><W91/><G47/><T13/><D76/><U64/><E64/><V98/><F98/><W90/><G23/><N who="0" m="11663" /><D97/><U40/><E40/><RYUUKYOKU ba="0,2" sc="366,-15,147,15,253,15,214,-15" hai1="5,7,12,22,25,30,33,51,55,59,77,82,86" hai2="4,6,8,11,28,29,84,92,95,96,99,104,106" /><INIT seed="2,1,2,2,0,103" ten="351,162,268,199" oya="2" hai0="100,14,2,54,127,44,43,128,3,22,8,66,124" hai1="9,57,51,29,63,122,121,76,4,47,11,113,93" hai2="15,70,46,135,67,98,96,42,106,111,7,97,25" hai3="114,94,30,85,59,129,13,109,90,130,48,56,115"/><V88/><F135/><W64/><G109/><T105/><D66/><N who="1" m="39279" /><E113/><N who="3" m="43018" /><G30/><T6/><D128/><N who="3" m="49257" /><G64/><T120/><D120/><N who="1" m="46187" /><E76/><V99/><F111/><W71/><G71/><T107/><D54/><N who="1" m="30079" /><E4/><V52/><F25/><W32/><G32/><T86/><D86/><U112/><E112/><V31/><F31/><W37/><G37/><N who="0" m="21615" /><D22/><U17/><E29/><V53/><F67/><W18/><G48/><T62/><D62/><U40/><E40/><V104/><F70/><W45/><G45/><T95/><D95/><U16/><E93/><V68/><F68/><W125/><G125/><N who="0" m="48203" /><D100/><U92/><E92/><V74/><F74/><W5/><G5/><T87/><D87/><U0/><E0/><AGARI ba="1,2" hai="0,2,3,6,8,14,105,107" m="48203,21615" machi="0" ten="30,3900,0" yaku="18,1,52,2" doraHai="103" who="0" fromWho="1" sc="351,62,162,-42,268,0,199,0" /><INIT seed="3,0,0,2,4,0" ten="413,120,268,199" oya="3" hai0="23,18,73,8,67,94,119,16,19,24,86,26,13" hai1="31,36,64,2,120,97,74,89,90,81,84,56,122" hai2="57,11,65,69,48,124,62,121,108,107,46,85,33" hai3="21,6,15,95,102,77,93,127,71,29,53,125,75"/><W12/><G71/><T61/><D73/><U35/><E36/><V39/><F33/><W5/><G53/><T114/><D114/><U58/><E74/><V32/><F32/><W42/><G42/><T79/><D119/><U113/><E113/><V14/><F107/><W17/><G29/><T20/><D94/><N who="3" m="35849" /><G15/><T98/><D98/><U82/><E97/><V54/><F121/><W28/><G28/><T106/><D106/><U109/><E31/><V91/><F108/><W80/><G102/><T112/><D112/><U49/><E109/><V52/><F124/><AGARI ba="0,0" hai="5,6,12,17,21,75,77,80,124,125,127" m="35849" machi="124" ten="30,5800,0" yaku="18,1,52,2" doraHai="0" who="3" fromWho="2" sc="413,0,120,0,268,-58,199,58" /><INIT seed="3,1,0,4,3,128" ten="413,120,210,257" oya="3" hai0="95,94,33,85,92,36,83,101,27,24,30,130,5" hai1="103,13,32,40,20,104,7,118,65,16,56,80,6" hai2="48,125,88,51,53,77,81,109,129,70,62,41,124" hai3="42,43,47,98,10,111,117,66,15,114,93,34,112"/><W97/><G117/><T106/><D36/><U120/><E120/><V100/><F129/><W78/><G111/><T11/><D106/><U73/><E118/><V59/><F109/><W82/><G34/><T96/><D27/><U4/><E32/><V110/><F110/><W50/><G66/><T57/><D57/><U107/><E40/><V131/><F131/><W64/><G64/><T79/><REACH who="0" step="1"/><D130/><REACH who="0" ten="403,120,210,257" step="2"/><U132/><E56/><V38/><F59/><W29/><G112/><T31/><D31/><U63/><E65/><V35/><F38/><W55/><G29/><T71/><D71/><U39/><E39/><V8/><F70/><W121/><G114/><T1/><AGARI ba="1,1" hai="1,5,11,24,30,33,79,83,85,92,94,95,96,101" machi="1" ten="20,2700,0" yaku="1,1,0,1,7,1,53,0" doraHai="128" doraHaiUra="115" who="0" fromWho="0" sc="403,40,120,-8,210,-8,257,-14" /><INIT seed="4,0,0,1,1,63" ten="443,112,202,243" oya="0" hai0="57,7,106,86,112,89,104,126,9,26,76,3,1" hai1="115,92,42,25,103,41,36,123,101,58,82,129,131" hai2="51,109,85,102,17,18,83,64,68,34,27,130,50" hai3="32,48,79,91,29,95,116,60,74,88,80,19,15"/><T66/><D76/><U122/><E25/><V10/><F109/><W132/><G132/><T22/><D3/><U120/><E82/><V105/><F130/><N who="1" m="49673" /><E92/><V31/><F51/><W56/><G116/><T46/><D112/><U14/><E14/><V40/><F10/><W59/><G48/><T135/><D126/><U67/><E101/><V23/><F23/><W65/><G56/><T77/><D135/><U75/><E103/><V84/><F50/><W125/><G125/><T33/><D77/><U117/><E75/><V71/><F40/><N who="1" m="15465" /><E117/><V107/><F71/><W94/><G94/><T119/><D33/><U134/><E134/><V133/><F85/><W90/><G95/><T38/><D104/><U21/><E21/><V124/><F124/><W61/><G29/><T108/><D106/><U43/><E115/><V35/><F35/><W73/><G32/><T113/><D113/><U13/><E13/><V55/><F55/><W8/><G74/><T127/><D127/><U93/><E93/><V111/><F111/><W24/><G24/><T96/><D22/><U99/><E99/><N who="2" m="61663" /><F107/><W128/><G128/><T49/><D26/><U52/><E52/><V114/><F114/><W0/><G0/><T54/><D96/><U37/><N who="1" m="15473" /><U62/><AGARI ba="0,0" hai="36,37,58,62,67,120,122,123" m="15473,49673" machi="62" ten="50,8000,1" yaku="4,1,19,1,34,2,52,1" doraHai="63" who="1" fromWho="1" sc="443,-40,112,80,202,-20,243,-20" /><INIT seed="5,0,0,5,1,25" ten="403,192,182,223" oya="1" hai0="13,95,132,14,69,49,20,23,31,106,0,54,73" hai1="110,74,128,66,94,119,55,127,89,125,48,98,85" hai2="29,63,96,30,117,6,19,41,12,70,114,112,100" hai3="56,10,61,129,108,3,78,84,17,34,120,76,87"/><U80/><E119/><V72/><F72/><W57/><G108/><T104/><D73/><U47/><E128/><V90/><F117/><W60/><G34/><T71/><D0/><U32/><E110/><V75/><F75/><W40/><G40/><T2/><D2/><U53/><E32/><V88/><F6/><W124/><G124/><T118/><D95/><U103/><E66/><N who="2" m="41311" /><F41/><W109/><G120/><T11/><D49/><U77/><REACH who="1" step="1"/><E55/><REACH who="1" ten="403,182,182,223" step="2"/><V28/><F100/><W133/><G129/><T37/><D54/><U8/><E8/><N who="2" m="6535" /><F96/><W27/><G109/><T1/><D11/><U135/><E135/><V46/><F46/><W18/><G133/><T22/><D22/><U16/><E16/><V111/><F111/><W38/><G10/><T39/><D118/><U36/><E36/><V33/><F33/><W67/><G38/><T64/><D64/><U105/><AGARI ba="0,1" hai="47,48,53,74,77,80,85,89,94,98,103,105,125,127" machi="105" ten="30,12000,1" yaku="1,1,0,1,24,2,53,1" doraHai="25" doraHaiUra="42" who="1" fromWho="1" sc="403,-40,182,130,182,-40,223,-40" /><INIT seed="5,1,0,0,0,24" ten="363,312,142,183" oya="1" hai0="84,32,83,69,26,52,17,76,66,59,48,98,14" hai1="90,44,61,56,25,120,124,92,132,121,65,106,12" hai2="9,36,1,82,72,11,125,109,53,87,60,111,114" hai3="112,15,77,110,127,73,116,131,102,21,62,78,95"/><U133/><E106/><V10/><F1/><W91/><G110/><T118/><D118/><U16/><E44/><V19/><F125/><W135/><G127/><T45/><D98/><U7/><E124/><V54/><F72/><W104/><G112/><T42/><D26/><U13/><E7/><V75/><F75/><W122/><G122/><T27/><D27/><U101/><E12/><V129/><F36/><W67/><G135/><N who="1" m="51786" /><E101/><V46/><F114/><W22/><G131/><T4/><D4/><U5/><E5/><V94/><F94/><W105/><G105/><T34/><D66/><U20/><E13/><V97/><F97/><AGARI ba="1,0" hai="16,20,25,56,61,65,90,92,97,120,121" m="51786" machi="97" ten="30,2900,0" yaku="20,1,54,1" doraHai="24" who="1" fromWho="2" sc="363,0,312,32,142,-32,183,0" /><INIT seed="5,2,0,1,4,100" ten="363,344,110,183" oya="1" hai0="48,120,115,122,104,129,97,103,7,60,35,90,12" hai1="49,114,3,87,57,91,113,37,39,36,67,68,131" hai2="19,99,116,47,59,94,34,42,73,23,107,20,108" hai3="18,102,17,10,21,8,38,124,134,86,82,51,127"/><U74/><E74/><V52/><F73/><W55/><G38/><T58/><D35/><U78/><E3/><V106/><F108/><W9/><G134/><T45/><D115/><N who="1" m="44043" /><E78/><V84/><F34/><W0/><G0/><T64/><D129/><U80/><E131/><V22/><F116/><W11/><N who="3" m="2048" /><DORA hai="88" /><W28/><G102/><T66/><D12/><U46/><E68/><V130/><F84/><W65/><G65/><T41/><D7/><U63/><E49/><V33/><F33/><W85/><G28/><T117/><D117/><U6/><E6/><V123/><F19/><W14/><G18/><T76/><D76/><U135/><E135/><V1/><F123/><N who="0" m="47146" /><D90/><U132/><E132/><V133/><F1/><W69/><G69/><T25/><D25/><U44/><AGARI ba="2,0" hai="36,37,39,44,46,57,63,67,80,87,91" m="44043" machi="44" ten="40,2100,0" yaku="15,1" doraHai="100,88" who="1" fromWho="1" sc="363,-9,344,27,110,-9,183,-9" /><INIT seed="5,3,0,0,5,89" ten="354,371,101,174" oya="1" hai0="78,4,68,111,129,34,92,18,12,83,109,67,59" hai1="32,77,122,3,132,94,97,44,90,74,100,54,134" hai2="58,70,37,22,33,117,65,39,51,16,40,93,19" hai3="55,28,71,24,35,21,50,36,13,85,103,110,76"/><U10/><E122/><V91/><F33/><W7/><G110/><T125/><D68/><U104/><E32/><V20/><F117/><W0/><G36/><T15/><D34/><U75/><E54/><V57/><F70/><W95/><G71/><T14/><D4/><U17/><E44/><N who="2" m="25991" /><F39/><W118/><G118/><T86/><D125/><U123/><E123/><V79/><F79/><W127/><G127/><T6/><D6/><N who="1" m="1375" /><E17/><N who="2" m="6731" /><F37/><W1/><G35/><T25/><D129/><U38/><E38/><V9/><F9/><W43/><G43/><T99/><D67/><U31/><E31/><V48/><F48/><W11/><G76/><T80/><D80/><N who="1" m="45111" /><E75/><V98/><F65/><W82/><G82/><T5/><D5/><U102/><E104/><V96/><F96/><W47/><REACH who="3" step="1"/><G85/><REACH who="3" ten="354,371,101,164" step="2"/><T124/><D124/><U45/><E134/><V62/><F62/><W26/><G26/><T84/><D84/><U46/><E132/><V121/><F121/><W114/><G114/><T133/><D133/><U108/><E108/><V112/><F112/><W72/><G72/><T49/><D25/><U88/><E97/><AGARI ba="3,1" hai="0,1,7,11,13,21,24,28,47,50,55,95,97,103" machi="97" ten="40,2600,0" yaku="1,1,52,1,53,0" doraHai="89" doraHaiUra="64" who="3" fromWho="1" sc="354,0,371,-35,101,0,164,45" /><INIT seed="6,0,0,2,2,32" ten="354,336,101,209" oya="2" hai0="16,58,94,36,79,50,7,126,127,121,54,48,93" hai1="43,13,39,91,18,128,33,65,123,47,103,40,52" hai2="70,9,4,83,100,135,72,111,118,49,105,89,114" hai3="99,30,2,38,88,8,76,116,55,17,51,34,6"/><V45/><F118/><W134/><G116/><T66/><D36/><U115/><E115/><V37/><F114/><W12/><G38/><T56/><D7/><U96/><E128/><V129/><F129/><W108/><G108/><T41/><D79/><U63/><E33/><V68/><F111/><W46/><G76/><T10/><D66/><U28/><E28/><V60/><F135/><W5/><G134/><T125/><D121/><U131/><E131/><V64/><F70/><W57/><G6/><T97/><D97/><U77/><E77/><N who="2" m="44455" /><F89/><W101/><G88/><T24/><D58/><U1/><E91/><V21/><F49/><W82/><G82/><T109/><D109/><U53/><E123/><V42/><F21/><W31/><G57/><T67/><D67/><U22/><E40/><V107/><F100/><W85/><G85/><T3/><D3/><AGARI ba="0,0" hai="3,4,9,37,42,45,60,64,68,105,107" m="44455" machi="3" ten="30,11600,0" yaku="25,1,33,2,52,1" doraHai="32" who="2" fromWho="0" sc="354,-116,336,0,101,116,209,0" /><INIT seed="6,1,0,4,2,116" ten="238,336,217,209" oya="2" hai0="5,52,63,134,98,84,68,45,42,6,104,118,128" hai1="49,15,0,105,127,121,47,97,66,22,114,64,113" hai2="108,100,124,103,21,12,107,19,117,51,106,88,69" hai3="82,23,80,101,122,123,48,58,10,71,120,102,32"/><V67/><F117/><W2/><G32/><T62/><D118/><U3/><E127/><V40/><F124/><W77/><G71/><T79/><D68/><U24/><E15/><V132/><F108/><W41/><G23/><T55/><D104/><U14/><E14/><V46/><F132/><W9/><G80/><N who="0" m="47135" /><D98/><U18/><E121/><V125/><F125/><W110/><G110/><T11/><D128/><U89/><E89/><V29/><F106/><W81/><G82/><T36/><D36/><U73/><E73/><V65/><F107/><W95/><G95/><T4/><D11/><U16/><E18/><V37/><F37/><W94/><G94/><T112/><D112/><N who="1" m="43115" /><E97/><V13/><F29/><W135/><G135/><T53/><D134/><U99/><E99/><V57/><F69/><W90/><G90/><T133/><D133/><U78/><E78/><V72/><F72/><W74/><G10/><T119/><D119/><U61/><E105/><V35/><F35/><W129/><G129/><T115/><D115/><U30/><E30/><V17/><F88/><W60/><G9/><T85/><D85/><U20/><E20/><V25/><F25/><W38/><G2/><N who="1" m="554" /><E61/><N who="0" m="23049" /><D42/><AGARI ba="1,0" hai="16,22,24,42,47,49,64,66" m="554,43115" machi="42" ten="30,2000,0" yaku="15,1,54,1" doraHai="116" who="1" fromWho="0" sc="238,-23,336,23,217,0,209,0" /><INIT seed="7,0,0,5,5,95" ten="215,359,217,209" oya="3" hai0="93,30,85,50,118,33,15,2,100,130,62,98,26" hai1="57,77,74,24,53,115,89,90,109,58,54,132,73" hai2="19,99,82,11,80,38,72,123,6,36,114,67,7" hai3="88,9,59,20,35,42,116,69,37,131,91,45,43"/><W0/><G131/><T92/><D2/><U122/><E109/><V108/><F108/><W135/><G135/><T120/><D120/><U56/><E122/><V97/><F123/><W75/><G116/><T113/><D113/><U52/><E115/><V117/><F114/><W4/><G69/><T84/><D130/><U105/><E105/><V128/><F67/><W27/><G35/><T23/><D93/><U63/><E132/><V17/><F128/><W44/><G59/><T79/><D79/><U76/><E24/><V25/><F25/><W46/><G75/><N who="1" m="28682" /><E63/><V49/><F72/><W83/><G83/><T121/><D118/><U125/><E125/><V55/><F55/><W127/><G127/><T48/><D62/><U81/><E81/><V29/><F29/><W70/><G70/><T12/><D33/><U129/><E129/><V61/><F61/><W86/><G86/><N who="0" m="33387" /><D121/><U32/><E32/><V107/><F107/><W64/><G64/><T133/><D133/><U112/><E112/><V71/><F71/><W104/><G104/><T124/><D124/><U39/><E39/><V66/><F66/><W87/><G87/><T102/><D102/><U111/><E111/><V3/><F117/><W18/><REACH who="3" step="1"/><G46/><REACH who="3" ten="215,359,217,199" step="2"/><T65/><D65/><U68/><E68/><V40/><F82/><W10/><G10/><T134/><D134/><U60/><E60/><V47/><F80/><W106/><G106/><T5/><D5/><U22/><E76/><V34/><F7/><W78/><G78/><T21/><D21/><U13/><E77/><V126/><F126/><W16/><G16/><AGARI ba="0,1" hai="13,16,22,52,53,54,56,57,58,89,90" m="28682" machi="16" ten="40,5200,0" yaku="6,1,54,2" doraHai="95" who="1" fromWho="3" sc="215,0,359,62,217,0,199,-52" owari="215,-18.0,421,51.0,217,2.0,147,-35.0" /></mjloggm>