<mjloggm ver="2.3"><GO type="169" lobby="0"/><UN n0="%4D%4A%E3%82%A2%E3%83%B3%E3%82%B0%E3%83%A9%E3%83%BC" n1="%E7%A5%9E%E4%BB%99%E9%85%B5%E6%AF%8D" n2="%E3%82%82%E3%81%93%E3%81%BF" n3="%E7%A8%B2%E5%A6%BB%E3%81%A1%E3%82%83%E3%81%A3%E3%81%B4%E3%83%BC" dan="16,19,17,16" rate="2109.26,2290.31,2225.46,2101.39" sx="M,M,M,M"/><TAIKYOKU oya="0"/><INIT seed="0,0,0,3,4,124" ten="250,250,250,250" oya="0" hai0="21,1,24,36,104,80,69,93,108,114,107,44,106" hai1="83,74,118,63,28,97,96,18,20,85,105,15,82" hai2="9,92,52,10,58,53,89,90,30,66,126,23,35" hai3="73,117,26,60,54,32,40,101,103,50,6,94,59"/><T0/><D114/><U91/><E118/><V100/><F126/><W112/><G117/><T27/><D69/><U75/><E83/><V56/><F35/><W19/><G112/><T115/><D115/><U133/><E133/><V62/><F100/><W71/><G73/><T77/><D93/><U95/><E28/><V48/><F66/><W57/><G71/><T70/><D70/><U43/><E43/><V41/><F41/><W78/><G78/><T120/><D120/><U111/><E111/><V123/><F123/><W99/><G6/><T81/><D27/><U61/><E97/><V47/><F47/><W102/><G40/><T38/><D44/><U3/><E3/><V51/><F62/><W37/><G37/><T64/><D64/><U110/><E110/><V25/><F90/><W88/><G32/><T13/><D13/><U31/><E31/><V113/><F113/><W11/><G11/><T67/><D67/><U16/><E18/><V128/><F128/><W12/><G12/><T119/><D119/><U4/><E4/><V2/><F2/><W135/><G135/><T45/><D108/><U55/><E55/><V33/><F33/><W29/><G29/><T68/><D68/><U76/><E75/><V14/><F14/><W46/><G60/><T132/><D132/><U131/><E131/><V22/><F22/><AGARI ba="0,0" hai="19,22,26,46,50,54,57,59,88,94,99,101,102,103" machi="22" ten="40,2600,0" yaku="8,1,54,1" doraHai="124" who="3" fromWho="2" sc="250,0,250,0,250,-26,250,26" /><INIT seed="1,0,0,2,5,4" ten="250,250,224,276" oya="1" hai0="57,126,83,85,128,8,51,134,130,89,9,40,73" hai1="75,112,69,22,64,92,60,74,17,18,47,101,31" hai2="133,122,35,129,121,44,98,10,78,87,94,65,72" hai3="11,99,19,110,118,55,123,114,14,91,131,29,53"/><U90/><E112/><V132/><F35/><W61/><G123/><T71/><D71/><U79/><E101/><V37/><F65/><W12/><G114/><T96/><D134/><N who="2" m="51818" /><F72/><W23/><G110/><T109/><D109/><U33/><E33/><V95/><F37/><W102/><G131/><N who="0" m="50219" /><D73/><U0/><E0/><V93/><F129/><W26/><G118/><T39/><D126/><U58/><E69/><V41/><F44/><W116/><G116/><T38/><D96/><U104/><E104/><V105/><F41/><W59/><G91/><T13/><D13/><U108/><E75/><V67/><F67/><W49/><G14/><T21/><D21/><U48/><E74/><V27/><F27/><W106/><G49/><T43/><D40/><N who="1" m="24679" /><E79/><V68/><F10/><N who="0" m="4202" /><D43/><U127/><E127/><V15/><F15/><W34/><G34/><T52/><AGARI ba="0,0" hai="38,39,51,52,57,83,85,89" m="4202,50219" machi="52" ten="30,8000,1" yaku="19,1,52,3,54,1" doraHai="4" who="0" fromWho="0" sc="250,80,250,-40,224,-20,276,-20" /><INIT seed="2,0,0,4,5,108" ten="330,210,204,256" oya="2" hai0="134,133,77,81,59,64,10,115,49,52,13,48,40" hai1="128,110,132,16,43,97,26,38,82,58,68,106,45" hai2="28,85,93,100,7,21,18,87,36,114,74,46,8" hai3="96,19,135,47,20,25,6,65,90,99,112,24,72"/><V80/><F114/><W117/><G117/><T116/><D116/><U130/><E68/><V109/><F28/><W69/><G72/><T4/><D64/><U66/><E110/><V88/><F109/><W124/><G124/><T120/><D120/><U23/><E132/><V22/><F74/><W5/><G135/><T31/><D31/><U51/><E82/><V57/><F100/><W84/><G69/><T55/><D115/><U41/><E41/><V3/><F57/><W34/><G65/><T123/><D123/><U102/><REACH who="1" step="1"/><E38/><REACH who="1" ten="330,200,204,256" step="2"/><V91/><REACH who="2" step="1"/><F18/><REACH who="2" ten="330,200,194,256" step="2"/><W56/><G19/><T104/><D134/><U86/><E86/><V70/><F70/><W62/><G84/><T94/><D133/><U42/><E42/><AGARI ba="0,2" hai="3,7,8,21,22,36,42,46,80,85,87,88,91,93" machi="42" ten="40,3900,0" yaku="1,1,54,1,53,0" doraHai="108" doraHaiUra="14" who="2" fromWho="1" sc="330,0,200,-39,194,59,256,0" /><INIT seed="2,1,0,1,1,39" ten="330,161,253,256" oya="2" hai0="86,12,103,93,120,16,69,31,1,100,17,45,32" hai1="52,30,102,117,119,49,24,104,111,90,124,127,88" hai2="11,77,80,15,66,19,13,121,122,55,78,57,133" hai3="43,38,48,27,22,63,68,46,112,82,132,6,91"/><V4/><F133/><W7/><G132/><T61/><D1/><U97/><E111/><V89/><F66/><W72/><G112/><T36/><D120/><U98/><E98/><V107/><F107/><W92/><G38/><T58/><D69/><U50/><E50/><V9/><F78/><W56/><G68/><T79/><D17/><U29/><E29/><V106/><F89/><N who="1" m="34409" /><E24/><V60/><REACH who="2" step="1"/><F106/><REACH who="2" ten="330,161,243,256" step="2"/><W114/><G114/><T18/><D79/><U64/><E64/><V41/><F41/><W131/><G131/><T62/><D103/><U94/><E104/><V70/><F70/><W134/><G134/><T42/><D100/><U109/><E109/><V33/><F33/><W96/><G82/><T51/><D32/><U44/><E30/><V3/><F3/><W126/><G126/><AGARI ba="1,1" hai="44,49,52,94,97,102,117,119,124,126,127" m="34409" machi="126" ten="30,3900,0" yaku="18,1,54,2" doraHai="39" who="1" fromWho="3" sc="330,0,161,52,243,0,256,-42" /><INIT seed="3,0,0,3,0,107" ten="330,213,243,214" oya="3" hai0="87,15,123,104,81,113,98,67,49,50,109,80,111" hai1="73,126,110,59,0,20,91,69,64,47,75,39,89" hai2="72,41,106,46,62,86,70,35,31,130,43,8,108" hai3="68,13,131,117,99,28,19,127,124,55,93,37,88"/><W78/><G117/><T33/><D33/><U23/><E0/><V57/><F108/><N who="0" m="41546" /><D123/><U26/><E110/><V42/><F130/><W94/><G131/><T63/><D113/><U133/><E69/><V97/><F72/><W38/><G68/><N who="0" m="42111" /><D15/><U18/><E133/><V120/><F86/><W9/><G28/><T135/><D135/><U101/><E101/><V45/><F8/><W2/><G2/><T115/><D115/><U65/><E126/><N who="3" m="48170" /><G55/><T34/><D34/><U4/><E4/><V24/><F120/><W27/><G27/><T40/><D40/><U48/><E39/><V60/><F60/><W61/><G61/><T90/><D80/><U121/><E59/><V3/><F57/><W52/><G52/><T29/><D29/><U83/><E121/><V77/><F3/><W7/><G7/><T14/><D14/><U16/><E47/><V22/><F35/><W105/><G105/><T129/><D129/><U21/><E83/><V92/><F106/><W74/><G93/><N who="0" m="56631" /><D104/><U134/><E134/><V1/><F1/><W12/><G13/><T10/><D10/><U85/><E26/><V116/><F116/><W51/><G51/><T53/><D53/><U54/><E54/><V79/><F62/><W128/><G128/><T96/><D96/><U11/><E48/><V58/><F70/><W25/><G25/><T5/><D5/><U125/><E125/><V112/><F58/><W114/><G114/><T102/><D102/><U36/><E11/><V71/><F71/><W103/><G103/><T82/><D82/><AGARI ba="0,0" hai="9,12,19,37,38,74,78,82,88,94,99" m="48170" machi="82" ten="30,5800,0" yaku="18,1,52,1,54,1" doraHai="107" who="3" fromWho="0" sc="330,-58,213,0,243,0,214,58" /><INIT seed="3,1,0,1,2,0" ten="272,213,243,272" oya="3" hai0="96,92,90,63,27,31,97,40,49,81,43,84,66" hai1="128,42,69,4,102,113,1,98,26,61,133,120,53" hai2="7,95,78,18,24,46,36,28,9,65,117,107,105" hai3="71,72,75,12,118,29,73,110,89,62,122,130,54"/><W16/><G118/><T10/><D97/><U82/><E120/><V127/><F127/><W124/><G122/><T123/><D49/><U44/><E113/><V70/><F117/><W115/><G115/><T64/><D10/><U60/><E128/><V91/><F78/><W47/><G130/><T106/><D123/><U94/><E133/><V129/><F18/><W11/><G124/><T14/><D14/><U8/><E82/><V48/><F36/><W25/><G110/><T93/><D93/><U37/><E69/><V131/><F65/><W34/><G89/><T101/><D66/><U45/><E53/><V112/><F70/><W30/><G30/><T85/><D84/><U58/><E58/><V111/><F111/><W135/><G135/><T79/><D79/><U6/><E45/><V50/><F50/><W104/><G104/><T59/><REACH who="0" step="1"/><D106/><REACH who="0" ten="262,213,243,272" step="2"/><U125/><E125/><V132/><F129/><W5/><G71/><T87/><D87/><U134/><E134/><V51/><F132/><W21/><G47/><T17/><D17/><U86/><E86/><N who="2" m="52727" /><F51/><W55/><REACH who="3" step="1"/><G62/><REACH who="3" ten="262,213,243,262" step="2"/><T35/><AGARI ba="1,2" hai="27,31,35,40,43,59,63,64,81,85,90,92,96,101" machi="35" ten="20,5200,0" yaku="1,1,0,1,7,1,53,1" doraHai="0" doraHaiUra="23" who="0" fromWho="0" sc="262,75,213,-14,243,-14,262,-27" /><INIT seed="4,0,0,1,3,29" ten="337,199,229,235" oya="0" hai0="5,126,122,64,97,8,21,87,127,109,3,32,82" hai1="106,46,39,123,105,1,10,37,59,91,94,52,43" hai2="99,114,111,121,95,17,11,20,33,85,13,4,28" hai3="62,79,14,45,133,56,44,6,41,22,42,76,63"/><T67/><D122/><U50/><E123/><V107/><F107/><W116/><G116/><T124/><D97/><U70/><E39/><V134/><F111/><W135/><G22/><T72/><D72/><U57/><E70/><V25/><F134/><W24/><G24/><T40/><D40/><U47/><E59/><V71/><F114/><W0/><G14/><T48/><D48/><U113/><E113/><V54/><F71/><W61/><G56/><T80/><D80/><U117/><E117/><V101/><F121/><W69/><G69/><T84/><D84/><U131/><E131/><V119/><F119/><W2/><G63/><T90/><D109/><U110/><E47/><V129/><F129/><W81/><G6/><T26/><D32/><U120/><E110/><V132/><F132/><W58/><G58/><T83/><D82/><AGARI ba="0,0" hai="0,2,41,42,44,45,61,62,76,79,81,82,133,135" machi="82" ten="25,1600,0" yaku="22,2" doraHai="29" who="3" fromWho="0" sc="337,-16,199,0,229,0,235,16" /><INIT seed="5,0,0,4,0,87" ten="321,199,229,251" oya="1" hai0="4,134,45,67,54,126,90,3,128,22,24,1,95" hai1="20,99,42,37,21,44,34,110,104,120,79,30,17" hai2="15,72,71,7,14,38,16,101,18,61,52,77,60" hai3="36,86,103,28,50,111,64,75,27,113,0,41,83"/><U55/><E120/><V121/><F121/><W6/><G111/><T68/><D4/><U123/><E123/><V26/><F38/><W57/><G113/><T35/><D35/><U8/><E34/><V100/><F7/><W29/><G75/><T53/><D126/><U46/><E110/><V25/><F77/><W13/><G0/><T131/><D68/><U76/><E8/><V43/><F43/><W32/><G36/><T85/><D67/><U51/><E30/><V39/><F39/><W125/><G103/><T23/><D23/><U89/><E21/><V65/><F72/><W96/><G96/><T91/><D134/><U78/><E104/><V31/><F65/><W117/><G29/><N who="0" m="17559" /><D45/><U69/><E69/><V135/><F71/><W19/><G6/><T58/><D54/><U10/><E10/><V74/><F74/><W82/><G125/><T84/><D53/><U115/><E115/><V9/><F31/><W92/><G64/><T73/><D58/><U11/><E11/><V107/><F9/><N who="3" m="6575" /><G117/><T122/><D73/><U47/><E47/><V112/><F52/><N who="3" m="31895" /><G41/><T12/><D12/><U124/><E124/><V129/><F112/><W33/><G33/><T132/><D132/><U108/><E108/><V130/><F135/><W127/><G127/><T119/><D119/><U93/><REACH who="1" step="1"/><E76/><REACH who="1" ten="321,189,229,251" step="2"/><V48/><F107/><W59/><G59/><T97/><D122/><U133/><E133/><V40/><F40/><W114/><G114/><T88/><D1/><U102/><E102/><V5/><F5/><W118/><G118/><T70/><D70/><U49/><E49/><AGARI ba="0,1" hai="14,15,16,18,25,26,48,49,60,61,100,101,129,130" machi="49" ten="25,6400,0" yaku="6,1,22,2,54,1" doraHai="87" who="2" fromWho="1" sc="321,0,189,-64,229,74,251,0" /><INIT seed="6,0,0,0,0,20" ten="321,125,303,251" oya="2" hai0="71,12,130,80,2,101,105,32,33,42,0,97,47" hai1="109,85,66,61,24,67,78,28,44,116,49,133,110" hai2="18,37,3,112,64,124,119,1,9,132,34,38,15" hai3="83,104,43,81,108,30,29,35,4,46,19,89,55"/><V17/><F119/><W57/><G108/><T100/><D12/><U60/><E116/><V87/><F112/><W52/><G104/><T70/><D80/><U45/><E85/><V128/><F64/><W25/><G4/><T10/><D101/><U73/><E78/><V11/><F124/><W39/><G30/><T23/><D23/><U92/><E49/><V117/><F117/><W21/><G89/><T63/><D130/><U56/><E133/><V114/><F114/><W68/><G68/><N who="0" m="26155" /><D63/><U62/><E92/><V106/><F132/><W95/><G95/><T93/><D93/><U31/><E62/><V40/><F34/><N who="0" m="13418" /><D10/><U107/><E107/><V72/><F106/><W91/><G91/><T51/><D51/><U27/><REACH who="1" step="1"/><E56/><REACH who="1" ten="321,115,303,251" step="2"/><V111/><F87/><W7/><G57/><T122/><D105/><U58/><E58/><V82/><F38/><W50/><G39/><T74/><D74/><AGARI ba="0,1" hai="24,27,28,31,44,45,60,61,66,67,73,74,109,110" machi="74" ten="25,8000,1" yaku="1,1,22,2,52,2,53,0" doraHai="20" doraHaiUra="102" who="1" fromWho="0" sc="321,-80,115,90,303,0,251,0" /><INIT seed="7,0,0,5,1,44" ten="241,205,303,251" oya="3" hai0="35,3,21,30,133,55,107,105,119,62,131,8,111" hai1="110,13,17,57,24,40,19,95,101,56,25,75,73" hai2="31,123,58,80,112,104,94,4,65,23,7,5,121" hai3="84,118,49,16,108,61,0,68,66,98,51,70,103"/><W34/><G118/><T27/><D119/><U81/><E110/><V113/><F104/><W127/><G0/><T69/><D111/><U130/><E130/><V45/><F80/><W53/><G108/><T20/><D131/><U132/><E132/><V100/><F45/><W97/><G127/><T79/><D79/><U126/><E126/><V39/><F39/><W115/><G115/><N who="2" m="44105" /><F23/><W128/><G70/><T2/><D2/><U38/><E38/><V129/><F31/><W33/><G128/><T134/><D21/><U86/><E40/><V60/><F129/><W93/><G84/><T59/><D20/><U14/><E81/><V124/><F124/><W22/><G97/><AGARI ba="0,0" hai="4,5,7,58,60,65,94,97,100,121,123" m="44105" machi="97" ten="40,1300,0" yaku="15,1" doraHai="44" who="2" fromWho="3" sc="241,0,205,0,303,13,251,-13" owari="241,4.0,205,-29.0,316,41.0,238,-16.0" /></mjloggm>