<mjloggm ver="2.3"><GO type="169" lobby="0"/><UN n0="%74%79%61%73%6F" n1="%31%74%61" n2="%E3%82%81%E3%82%93%E3%81%9F%E3%82%93%6F" n3="%E3%81%BF%E3%81%8B%E3%82%93%EF%BC%A0%E3%82%8F%E3%81%8B%E3%82%81%E3%81%A6" dan="17,16,16,16" rate="2199.40,2073.02,2146.76,2063.94" sx="M,M,F,M"/><TAIKYOKU oya="0"/><INIT seed="0,0,0,2,3,130" ten="250,250,250,250" oya="0" hai0="62,14,128,133,24,102,89,94,104,110,39,67,120" hai1="11,72,119,68,43,122,57,90,37,27,127,64,16" hai2="82,126,75,54,113,45,50,34,114,40,2,73,129" hai3="61,78,0,131,66,103,65,21,100,111,10,84,30"/><T5/><D120/><U4/><E122/><V134/><F129/><W123/><G131/><T46/><D128/><U44/><E119/><V31/><F2/><W29/><G123/><T1/><D1/><U26/><E127/><V87/><F126/><W51/><G51/><T121/><D121/><U56/><E72/><V47/><F114/><W15/><G0/><T83/><D83/><U74/><E74/><V124/><F113/><W12/><G61/><T52/><D110/><U93/><E68/><V95/><F95/><W58/><G58/><T63/><D24/><U28/><E64/><N who="3" m="24682" /><G21/><T96/><D63/><U135/><E135/><V13/><F124/><W38/><G38/><T20/><D133/><U60/><E4/><V17/><F134/><W23/><G23/><T6/><D39/><U92/><E60/><V70/><F70/><W105/><G105/><T32/><D32/><U3/><E3/><V19/><F19/><N who="3" m="8599" /><G15/><T99/><D20/><N who="1" m="13575" /><E11/><V55/><F31/><N who="3" m="11787" /><G111/><T33/><D33/><U25/><E25/><V117/><F34/><W108/><G108/><T42/><D14/><U53/><E57/><V80/><F117/><W101/><G78/><T36/><REACH who="0" step="1"/><D67/><REACH who="0" ten="240,250,250,250" step="2"/><U22/><E37/><N who="2" m="21647" /><F80/><W109/><G109/><T98/><D98/><U41/><E27/><V7/><F82/><W118/><G118/><T49/><D49/><U125/><E125/><V115/><F50/><W81/><G81/><T48/><D48/><U76/><E22/><V88/><F115/><W69/><G69/><T8/><D8/><U9/><E9/><V91/><F75/><W18/><G84/><RYUUKYOKU ba="0,1" sc="240,15,250,-15,250,-15,250,15" hai0="5,6,36,42,46,52,62,89,94,96,99,102,104" hai3="18,100,101,103" /><INIT seed="0,1,1,0,3,52" ten="255,235,235,265" oya="0" hai0="37,66,87,0,15,48,129,105,41,57,115,58,135" hai1="99,23,79,131,26,119,81,77,83,33,101,126,122" hai2="12,85,24,45,65,1,80,124,38,44,100,2,9" hai3="59,91,50,22,13,30,68,132,63,76,113,71,40"/><T64/><D0/><U112/><E119/><V72/><F72/><W118/><G113/><T106/><D115/><U121/><E112/><V134/><F100/><W95/><G118/><T20/><D129/><U39/><E33/><V17/><F124/><W75/><G132/><T47/><D135/><U62/><E39/><V53/><F134/><W16/><G30/><T97/><D106/><U70/><E126/><V61/><F24/><W114/><G114/><T42/><D105/><U28/><E131/><V133/><F133/><W56/><G76/><T103/><D87/><U88/><E70/><V54/><F54/><N who="3" m="31831" /><G40/><N who="0" m="15467" /><D37/><U60/><E122/><V82/><F38/><W19/><G19/><N who="0" m="10367" /><D103/><U74/><E121/><V18/><F18/><W120/><G75/><T109/><D97/><U92/><REACH who="1" step="1"/><E101/><REACH who="1" ten="255,225,235,265" step="2"/><V69/><F82/><W31/><G120/><T125/><D125/><U93/><E93/><V130/><F130/><W116/><G116/><T46/><D109/><U98/><E98/><V78/><REACH who="2" step="1"/><F53/><REACH who="2" ten="255,225,225,265" step="2"/><N who="3" m="34287" /><G31/><T21/><D66/><U49/><E49/><V32/><F32/><W94/><G94/><T51/><D64/><U29/><E29/><V96/><F96/><W102/><G102/><T10/><D48/><U5/><E5/><V104/><F104/><W11/><G71/><T36/><D36/><U67/><E67/><V27/><F27/><W73/><G68/><T6/><D51/><U89/><E89/><V107/><F107/><W127/><G127/><T7/><D7/><U90/><E90/><V123/><F123/><W128/><G128/><T84/><D6/><U108/><E108/><RYUUKYOKU ba="1,3" sc="255,-15,225,15,225,15,265,-15" hai1="23,26,28,60,62,74,77,79,81,83,88,92,99" hai2="1,2,9,12,17,44,45,61,65,69,78,80,85" /><INIT seed="1,2,3,2,1,23" ten="240,240,240,250" oya="1" hai0="42,117,119,17,43,75,127,61,40,92,81,91,12" hai1="34,122,90,19,4,113,11,83,104,25,59,57,41" hai2="24,100,87,134,101,114,99,105,126,3,9,53,5" hai3="64,68,37,52,121,46,71,65,69,48,86,76,111"/><U109/><E113/><V54/><F114/><W39/><G76/><T125/><D61/><U70/><E122/><V47/><F126/><N who="0" m="48138" /><D81/><U88/><E70/><V29/><F134/><W67/><G86/><N who="0" m="52343" /><D75/><U102/><E109/><V55/><F100/><W98/><G98/><T22/><AGARI ba="2,3" hai="12,17,22,40,42,43,117,119" m="52343,48138" machi="22" ten="30,1100,0" yaku="18,1" doraHai="23" who="0" fromWho="0" sc="240,47,240,-7,240,-5,250,-5" /><INIT seed="2,0,0,0,4,93" ten="287,233,235,245" oya="2" hai0="84,53,104,0,52,69,78,10,5,94,18,61,24" hai1="37,116,62,48,110,90,44,98,1,128,76,119,45" hai2="99,129,130,82,38,66,58,19,75,131,105,57,127" hai3="59,32,50,72,26,106,121,33,35,46,124,88,68"/><V56/><F38/><W34/><G121/><T100/><D104/><U15/><E1/><V3/><F3/><W113/><G68/><T95/><D95/><U114/><E114/><V83/><F75/><W77/><G113/><T54/><D78/><U115/><E115/><V132/><F132/><W109/><G109/><T64/><D84/><U2/><E2/><V125/><F19/><W60/><G124/><T39/><D39/><U28/><E110/><V111/><F111/><W12/><G12/><T122/><D122/><U65/><E128/><V21/><F21/><W29/><G106/><T73/><D73/><U71/><E76/><V16/><F16/><W134/><G134/><T126/><D126/><N who="2" m="48138" /><F66/><W22/><G34/><T31/><D18/><U8/><E28/><V7/><F7/><W47/><G72/><T17/><D17/><U103/><E37/><V23/><F23/><W91/><G77/><T89/><D31/><U97/><E44/><V87/><F87/><W117/><G50/><T86/><D24/><U55/><E8/><V36/><F36/><W30/><G30/><T67/><D67/><U107/><REACH who="1" step="1"/><E15/><REACH who="1" ten="287,223,235,245" step="2"/><V96/><F105/><W81/><G47/><T120/><D120/><U13/><E13/><V135/><F135/><W11/><G11/><T80/><D0/><U20/><E20/><V6/><F6/><W118/><G46/><T112/><D10/><U101/><E101/><V133/><F133/><W43/><G29/><T27/><D5/><U25/><E25/><V41/><F41/><W85/><G26/><T42/><D27/><U123/><E123/><RYUUKYOKU ba="0,1" sc="287,-15,223,15,235,15,245,-15" hai1="45,48,55,62,65,71,90,97,98,103,107,116,119" hai2="56,57,58,82,83,96,99,129,130,131" /><INIT seed="2,1,1,5,1,76" ten="272,238,250,230" oya="2" hai0="10,121,61,2,52,37,25,9,113,58,3,86,110" hai1="5,44,48,64,29,80,133,119,77,73,19,92,39" hai2="94,31,91,49,123,62,23,1,13,109,125,32,15" hai3="75,17,105,107,70,56,16,27,131,103,63,89,98"/><V108/><F123/><W46/><G105/><T97/><D113/><U57/><E119/><V42/><F1/><W30/><G131/><T100/><D121/><U84/><E133/><V128/><F32/><W67/><G75/><T54/><D37/><U120/><E120/><V36/><F36/><W102/><G102/><T53/><D110/><N who="2" m="42602" /><F62/><W132/><G132/><T95/><D2/><U12/><E39/><V117/><F117/><W87/><G56/><T26/><D86/><U24/><E5/><V45/><F125/><W106/><G106/><T40/><D40/><U96/><E73/><V33/><F33/><N who="3" m="20703" /><G46/><T11/><REACH who="0" step="1"/><D3/><REACH who="0" ten="262,238,250,230" step="2"/><U79/><E84/><N who="2" m="52583" /><F128/><W72/><G72/><T101/><D101/><U127/><E127/><V69/><F69/><W35/><G35/><T22/><D22/><U83/><E96/><V81/><F81/><AGARI ba="1,2" hai="16,17,63,67,70,81,87,89,98,103,107" m="20703" machi="81" ten="30,3900,0" yaku="25,1,52,1,54,1" doraHai="76" who="3" fromWho="2" sc="262,0,238,0,250,-42,230,62" /><INIT seed="3,0,0,5,1,122" ten="262,238,208,292" oya="3" hai0="92,102,30,83,95,44,36,96,111,120,86,31,13" hai1="48,41,77,104,117,91,59,9,110,70,88,45,14" hai2="71,124,62,115,67,125,43,78,109,80,133,38,37" hai3="11,108,63,28,16,69,26,54,127,39,121,68,33"/><W5/><G121/><T134/><D120/><U60/><E104/><V6/><F6/><W61/><G127/><N who="2" m="48713" /><F115/><W15/><G39/><N who="2" m="14857" /><F43/><W119/><G119/><T74/><D74/><U0/><E0/><V103/><F103/><W52/><G108/><T19/><D134/><U17/><E110/><V101/><F101/><W129/><G129/><T126/><D111/><U106/><E106/><V7/><F7/><W23/><G63/><T107/><D126/><U8/><E117/><V58/><F109/><W76/><G76/><T116/><D116/><U84/><E70/><N who="3" m="27242" /><G61/><T47/><D92/><U105/><E105/><V135/><F58/><W100/><G100/><T123/><D107/><U35/><E35/><V57/><F57/><W46/><G46/><N who="0" m="17451" /><D36/><U75/><E75/><AGARI ba="0,0" hai="62,67,71,75,78,80,133,135" m="14857,48713" machi="75" ten="30,2000,0" yaku="18,1,23,1" doraHai="122" who="2" fromWho="1" sc="262,0,238,-20,208,20,292,0" /><INIT seed="4,0,0,1,4,66" ten="262,218,228,292" oya="0" hai0="93,74,0,105,27,87,133,20,92,2,53,54,58" hai1="131,19,61,30,47,64,88,112,94,49,60,80,77" hai2="67,9,82,97,12,14,75,52,117,73,32,18,101" hai3="40,128,70,114,16,35,17,122,51,111,11,25,29"/><T21/><D105/><U118/><E131/><V43/><F32/><W31/><G111/><T104/><D104/><U72/><E118/><V110/><F117/><W57/><G128/><T113/><D74/><U6/><E112/><V86/><F43/><W102/><G114/><T108/><D113/><U45/><E30/><V120/><F120/><W123/><G102/><T119/><D119/><U39/><E6/><V121/><F121/><N who="3" m="46091" /><G70/><T99/><D133/><U106/><E106/><V34/><F34/><N who="3" m="20783" /><G11/><T7/><D108/><U24/><E39/><V100/><F110/><W37/><G37/><T85/><D58/><U63/><E24/><V98/><F67/><W129/><G57/><T62/><D27/><U107/><E107/><V91/><F14/><W13/><G31/><T125/><D7/><U79/><E19/><N who="3" m="7242" /><G35/><T90/><D93/><U41/><E47/><V1/><F1/><W130/><G13/><T126/><D92/><U65/><REACH who="1" step="1"/><E77/><REACH who="1" ten="262,208,228,292" step="2"/><V26/><F26/><W71/><G129/><T127/><D0/><U135/><E135/><V59/><F101/><W46/><G130/><T44/><D2/><U50/><E50/><V55/><F100/><W124/><G51/><T84/><D44/><U89/><E89/><V4/><F4/><W78/><G78/><T48/><D48/><U22/><E22/><N who="0" m="8809" /><D62/><U132/><E132/><V5/><F5/><W116/><G116/><T23/><D23/><U28/><E28/><V8/><F8/><W3/><G3/><T81/><D81/><U10/><E10/><V115/><F115/><W15/><G46/><T56/><D56/><RYUUKYOKU ba="0,1" sc="262,15,208,15,228,-15,292,-15" hai0="53,54,84,85,87,90,99,125,126,127" hai1="41,45,49,60,61,63,64,65,72,79,80,88,94" /><INIT seed="4,1,1,2,5,18" ten="277,223,213,277" oya="0" hai0="80,97,53,56,47,15,85,127,11,28,83,49,37" hai1="40,113,119,102,27,98,50,122,68,92,51,103,130" hai2="79,78,22,111,55,30,77,62,118,133,14,1,116" hai3="101,41,70,61,29,76,72,99,89,8,126,69,132"/><T115/><D115/><U129/><E119/><N who="2" m="45611" /><F111/><W63/><G41/><T13/><D127/><U91/><E122/><V52/><F1/><W57/><G72/><T48/><D37/><U5/><E113/><V31/><F133/><W25/><G76/><T36/><D36/><U26/><E68/><V17/><F62/><W106/><G132/><T9/><D28/><AGARI ba="1,1" hai="14,17,22,28,30,31,52,55,77,78,79" m="45611" machi="28" ten="30,3900,0" yaku="12,1,52,1,54,1" doraHai="18" who="2" fromWho="0" sc="277,-42,223,0,213,52,277,0" /><INIT seed="5,0,0,5,2,10" ten="235,223,265,277" oya="1" hai0="21,83,95,40,75,84,60,18,38,93,15,115,52" hai1="89,106,112,71,23,128,66,48,87,51,30,45,133" hai2="73,92,50,36,61,85,44,81,17,12,8,110,132" hai3="101,70,129,26,46,14,62,114,134,96,69,107,109"/><U102/><E112/><V16/><F73/><W37/><G109/><T29/><D75/><U118/><E118/><V31/><F36/><W78/><G114/><T9/><D115/><U113/><E113/><V82/><F110/><W117/><G134/><T47/><D29/><U123/><E123/><V59/><F132/><W72/><G14/><T56/><REACH who="0" step="1"/><D9/><REACH who="0" ten="225,223,265,277" step="2"/><U6/><E133/><V100/><F31/><W65/><G72/><T1/><D1/><U49/><E30/><V79/><F17/><W126/><G117/><T105/><D105/><U90/><E106/><V57/><F61/><W42/><G62/><T7/><D7/><U35/><E6/><V125/><F125/><W33/><G126/><T5/><D5/><U39/><E35/><V22/><F8/><W11/><G11/><T88/><AGARI ba="0,1" hai="15,18,21,38,40,47,52,56,60,83,84,88,93,95" machi="88" ten="20,12000,2" yaku="1,1,0,1,7,1,52,1,54,2,53,0" doraHai="10" doraHaiUra="64" who="0" fromWho="0" sc="225,130,223,-60,265,-30,277,-30" /><INIT seed="6,0,0,0,1,64" ten="355,163,235,247" oya="2" hai0="9,126,4,68,135,71,112,63,13,128,2,23,82" hai1="55,1,115,57,117,11,125,52,113,53,83,75,106" hai2="87,133,10,124,27,37,111,114,38,19,97,32,49" hai3="91,56,12,131,54,20,46,42,8,18,134,101,109"/><V45/><F114/><N who="1" m="43529" /><E106/><V104/><F133/><W98/><G109/><T61/><D112/><U122/><E117/><V92/><F124/><W17/><G134/><T99/><D135/><U93/><E125/><V30/><F87/><W29/><G131/><T6/><D128/><U21/><E93/><V85/><F85/><W132/><G132/><T72/><D99/><U86/><E75/><V89/><F104/><W84/><G29/><T59/><D126/><U51/><E21/><V60/><F111/><W77/><G77/><T69/><D59/><U123/><E11/><V22/><F60/><W48/><G98/><T47/><D47/><U3/><E57/><V120/><F10/><W105/><G101/><T88/><D4/><U103/><E103/><V44/><F44/><W67/><G105/><T34/><D34/><U119/><E51/><V15/><REACH who="2" step="1"/><F120/><REACH who="2" ten="355,163,225,247" step="2"/><N who="1" m="46121" /><E119/><V7/><F7/><W100/><G8/><T36/><D9/><U90/><AGARI ba="0,1" hai="1,3,52,53,55,83,86,90" m="46121,43529" machi="90" ten="40,5200,0" yaku="15,1,13,1,54,1" doraHai="64" who="1" fromWho="1" sc="355,-13,163,62,225,-26,247,-13" /><INIT seed="7,0,0,4,5,21" ten="342,225,199,234" oya="3" hai0="98,103,83,119,57,95,79,32,64,29,3,0,38" hai1="91,35,43,74,113,4,47,114,118,20,14,45,53" hai2="110,82,49,106,115,37,76,124,69,51,102,75,94" hai3="109,41,86,127,132,67,9,33,101,131,5,84,128"/><W6/><G109/><T23/><D32/><U8/><E74/><V59/><F69/><W66/><G33/><T77/><D38/><U31/><E118/><V56/><F37/><W28/><G28/><T116/><D0/><N who="1" m="7" /><E43/><V99/><F115/><N who="1" m="44041" /><E53/><V117/><F117/><W126/><G101/><T105/><D105/><U44/><E35/><V107/><F110/><W1/><G41/><T55/><D55/><U40/><E91/><V63/><F124/><N who="3" m="47659" /><G6/><T81/><D116/><U68/><E68/><V65/><F107/><W7/><G5/><T11/><D119/><U97/><E97/><V19/><F59/><W123/><G123/><T108/><D98/><U125/><E125/><V36/><F36/><W89/><G132/><T122/><D122/><U112/><E112/><V52/><F65/><N who="3" m="24587" /><G86/><T60/><D108/><U100/><E100/><V22/><REACH who="2" step="1"/><F106/><REACH who="2" ten="342,225,189,234" step="2"/><W25/><G131/><T104/><D104/><U62/><E44/><V133/><F133/><W50/><G128/><T85/><D57/><U130/><E45/><V121/><F121/><W58/><G58/><T93/><D64/><U87/><E130/><V48/><F48/><W73/><G50/><T90/><D60/><U13/><E62/><V129/><F129/><W134/><G134/><T15/><D3/><U135/><E135/><V10/><F10/><W27/><G73/><T12/><D11/><U16/><E87/><V42/><F42/><W24/><G1/><T30/><D85/><U111/><E111/><V120/><F120/><W17/><G9/><T78/><D78/><U39/><E14/><AGARI ba="0,1" hai="14,19,22,49,51,52,56,63,75,76,82,94,99,102" machi="14" ten="30,7700,0" yaku="1,1,7,1,54,1,53,1" doraHai="21" doraHaiUra="54" who="2" fromWho="1" sc="342,0,225,-77,189,87,234,0" owari="342,44.0,148,-35.0,276,8.0,234,-17.0" /></mjloggm>