<mjloggm ver="2.3"><GO type="185" lobby="0"/><UN n0="%E3%81%B5%E3%81%8B" n1="%4D%4A%E6%9C%80%E5%BC%B7%E4%BD%8D" n2="%E3%81%95%E3%81%A6%E3%81%A4" n3="" dan="16,17,16,0" rate="2235.47,2236.24,2103.87,1500.00" sx="M,M,M,C"/><TAIKYOKU oya="0"/><INIT seed="0,0,0,1,3,131" ten="350,350,350,0" oya="0" hai0="49,98,45,47,32,99,109,97,91,102,129,124,135" hai1="132,37,76,87,46,72,52,81,122,34,115,38,114" hai2="92,120,73,51,119,101,100,94,96,70,93,58,50" hai3=""/><T61/><D32/><U88/><N who="1" m="31264" /><U85/><E34/><V110/><N who="2" m="30752" /><V43/><F110/><T118/><D118/><U133/><E72/><V54/><F70/><T121/><N who="0" m="31008" /><T33/><D33/><U82/><E52/><V0/><F0/><T86/><D129/><U39/><E46/><V71/><F71/><T83/><D109/><U59/><E59/><V41/><F73/><T130/><D130/><U42/><E42/><V89/><F119/><T68/><D124/><U117/><E117/><V66/><F66/><T79/><D45/><U64/><E64/><V35/><F35/><T62/><D68/><U44/><E44/><V126/><F126/><T74/><D102/><N who="2" m="39530" /><F50/><T112/><D112/><AGARI ba="0,0" hai="37,38,39,76,81,82,85,87,88,112,114,115,132,133" m="31264" machi="112" ten="50,8000,1" yaku="11,1,52,3,54,1" doraHai="131" who="1" fromWho="0" sc="350,-80,350,80,350,0,0,0" /><INIT seed="1,0,0,5,4,113" ten="270,430,350,0" oya="1" hai0="41,69,110,45,96,99,39,87,75,54,132,57,46" hai1="2,42,93,88,47,60,43,82,84,68,89,83,122" hai2="78,71,59,55,114,103,108,64,129,53,35,61,121" hai3=""/><U92/><N who="1" m="31264" /><U40/><E2/><V52/><N who="2" m="31008" /><V37/><F35/><T90/><D110/><U112/><E112/><V120/><N who="2" m="30752" /><V3/><F114/><T66/><D75/><U106/><E106/><V32/><F32/><T118/><D46/><U95/><E47/><V111/><F3/><T105/><D105/><U131/><E131/><V123/><N who="2" m="31520" /><V51/><F129/><T94/><D132/><U128/><E128/><V86/><F103/><T63/><REACH who="0" step="1"/><D118/><REACH who="0" ten="260,430,350,0" step="2"/><U73/><E73/><V65/><F37/><T98/><D98/><U115/><E115/><V127/><F127/><T104/><D104/><U133/><E133/><V124/><F124/><T76/><D76/><U77/><REACH who="1" step="1"/><E82/><REACH who="1" ten="260,420,350,0" step="2"/><V125/><F125/><T97/><D97/><U117/><E117/><V56/><F111/><T130/><D130/><U119/><E119/><V81/><F108/><T102/><D102/><U36/><E36/><V126/><F126/><T44/><D44/><U34/><E34/><V33/><F33/><T48/><AGARI ba="0,2" hai="39,41,45,48,54,57,63,66,69,87,90,94,96,99" machi="48" ten="20,9000,2" yaku="1,1,0,1,7,1,24,2,53,1" doraHai="113" doraHaiUra="58" who="0" fromWho="0" sc="260,110,420,-60,350,-30,0,0" /><INIT seed="2,0,0,1,2,43" ten="370,360,320,0" oya="2" hai0="38,126,115,46,76,36,49,58,80,128,125,130,111" hai1="55,56,135,84,35,32,117,3,74,61,62,96,120" hai2="53,132,104,88,2,82,116,124,131,85,68,114,47" hai3=""/><V102/><F2/><T122/><N who="0" m="31264" /><T37/><D111/><U89/><N who="1" m="30752" /><U78/><E3/><V0/><F0/><T133/><D115/><U123/><N who="1" m="31520" /><U118/><E96/><V109/><F114/><T45/><D58/><U72/><E62/><V50/><F116/><N who="1" m="44649" /><E78/><V42/><F124/><N who="0" m="47722" /><D133/><U83/><E135/><V98/><F131/><N who="0" m="50218" /><D49/><U69/><E69/><V108/><F132/><T90/><D90/><U34/><AGARI ba="0,0" hai="32,34,35,55,56,61,72,74,83,84,89" m="44649,31520,30752" machi="34" ten="40,3900,0" yaku="12,1,52,2" doraHai="43" who="1" fromWho="1" sc="370,-13,360,39,320,-26,0,0" /><INIT seed="4,0,0,2,3,57" ten="357,399,294,0" oya="0" hai0="92,49,97,98,42,120,85,109,37,121,80,73,3" hai1="126,52,63,101,54,130,129,134,84,104,123,106,76" hai2="45,87,71,122,33,86,47,127,124,40,135,128,105" hai3=""/><T68/><N who="0" m="30752" /><T119/><N who="0" m="31008" /><T117/><D3/><U81/><N who="1" m="31520" /><U39/><E39/><V2/><N who="2" m="31264" /><V88/><F2/><T0/><D0/><U67/><E126/><N who="2" m="48171" /><F33/><T77/><D37/><U75/><E75/><V96/><F135/><T70/><D70/><U79/><E76/><V118/><F118/><T69/><D69/><U132/><E101/><V55/><F128/><N who="1" m="49257" /><E104/><V95/><F71/><T59/><D68/><U78/><E78/><V58/><F105/><T103/><D109/><U50/><E106/><V99/><F99/><T38/><D73/><U34/><E34/><V114/><F114/><T125/><D125/><U41/><E41/><V53/><F53/><N who="1" m="20585" /><E50/><V60/><F45/><T110/><D110/><U46/><E46/><V108/><F108/><T62/><D117/><U90/><E79/><V116/><F116/><T115/><D77/><U44/><E44/><V61/><F61/><T131/><D62/><U107/><E107/><V1/><F1/><T133/><D119/><U89/><E90/><V112/><F112/><T56/><D115/><U111/><E111/><V100/><F100/><T36/><D103/><U74/><E74/><V94/><F40/><T113/><D42/><U102/><E102/><RYUUKYOKU ba="0,0" sc="357,-10,399,20,294,-10,0,0" hai1="63,67,81,84,89,132,134" /><INIT seed="5,1,0,5,4,128" ten="347,419,284,0" oya="1" hai0="45,119,98,77,113,46,0,88,59,123,127,130,122" hai1="115,3,42,96,68,73,49,52,133,124,120,62,57" hai2="58,79,75,55,67,33,37,85,64,95,121,36,117" hai3=""/><U134/><N who="1" m="30752" /><U107/><E73/><V104/><N who="2" m="31008" /><V66/><F104/><T44/><N who="0" m="31264" /><T90/><N who="0" m="31520" /><T110/><D110/><U32/><E3/><V131/><F33/><T114/><D0/><U76/><E76/><V54/><F131/><T60/><D130/><U70/><E32/><V38/><F117/><T105/><D77/><U129/><E129/><V100/><F75/><T111/><D127/><U47/><E124/><V78/><F55/><T112/><D111/><U81/><E81/><V91/><REACH who="2" step="1"/><F100/><REACH who="2" ten="347,419,274,0" step="2"/><T108/><D119/><U48/><E107/><V116/><F116/><T86/><D108/><U40/><E115/><V80/><F80/><T53/><D105/><U118/><E118/><V65/><N who="2" m="16384" /><DORA hai="132" /><V135/><F135/><N who="1" m="51721" /><E96/><V35/><F35/><T99/><D86/><U41/><E62/><AGARI ba="1,1" hai="36,37,38,54,58,62,78,79,85,91,95" m="16384,31008" machi="62" ten="60,8000,1" yaku="1,1,52,1,53,2" doraHai="128,132" doraHaiUra="84,82" who="2" fromWho="1" sc="347,0,419,-82,274,92,0,0" /><INIT seed="6,0,0,2,1,129" ten="347,337,366,0" oya="2" hai0="38,122,109,111,63,3,68,43,91,88,50,57,102" hai1="131,46,93,110,79,105,98,42,51,52,132,134,120" hai2="54,36,49,125,128,80,96,73,62,35,116,135,115" hai3=""/><V37/><F35/><T119/><N who="0" m="31264" /><T107/><D3/><U34/><N who="1" m="30752" /><U87/><E110/><V55/><F116/><T108/><D119/><U60/><E34/><V97/><F128/><T123/><N who="0" m="31520" /><T67/><D102/><U112/><E105/><V101/><F115/><T0/><D107/><U99/><E112/><V66/><F125/><T75/><D75/><U89/><E131/><V39/><F135/><N who="1" m="51753" /><E79/><V45/><F55/><T32/><D0/><U70/><E70/><V100/><F73/><T126/><D126/><U76/><E76/><V69/><REACH who="2" step="1"/><F80/><REACH who="2" ten="347,337,356,0" step="2"/><T33/><D33/><U121/><N who="1" m="31008" /><U84/><E87/><V124/><F124/><T85/><D85/><U78/><E78/><V114/><F114/><T56/><D32/><U41/><E41/><V53/><F53/><T58/><D108/><U103/><E103/><AGARI ba="0,1" hai="36,37,39,45,49,54,62,66,69,96,97,100,101,103" machi="103" ten="40,2000,0" yaku="1,1,53,0" doraHai="129" doraHaiUra="127" who="2" fromWho="1" sc="347,0,337,-20,356,30,0,0" /><INIT seed="6,1,0,5,4,36" ten="347,317,386,0" oya="2" hai0="45,87,76,102,88,79,73,34,97,132,106,123,113" hai1="85,62,127,46,111,74,107,61,75,0,77,42,125" hai2="126,1,130,92,114,63,80,43,60,68,121,93,101" hai3=""/><V133/><N who="2" m="31008" /><V59/><F1/><T58/><N who="0" m="31520" /><T71/><D71/><U70/><E107/><V96/><F114/><T115/><D34/><U49/><E111/><V134/><F126/><N who="1" m="48137" /><E0/><V117/><F117/><T128/><D128/><U118/><E118/><V124/><F124/><T47/><D132/><N who="2" m="50794" /><F130/><T120/><N who="0" m="30752" /><T99/><D99/><U108/><E108/><V83/><F43/><T3/><D58/><U109/><E109/><V66/><F93/><T37/><D3/><U54/><E54/><AGARI ba="1,0" hai="54,59,60,63,66,68,80,83,92,96,101" m="50794,31008" machi="54" ten="30,2900,0" yaku="20,1,52,1" doraHai="36" who="2" fromWho="1" sc="347,0,317,-31,386,31,0,0" owari="347,-5.0,286,-31.0,417,36.0,0,0.0" /></mjloggm>