<mjloggm ver="2.3"><GO type="225" lobby="0"/><UN n0="%E7%B4%AB%E3%81%AE%E9%8F%A1" n1="%E3%81%AA%E3%82%81%E3%81%93%E9%9B%80%E5%A3%AB" n2="%E6%80%AA%E3%81%97%E3%81%99%E3%81%8E%E3%82%8B%E3%83%81%E3%83%BC" n3="%E7%99%BD%E8%9B%87%E3%81%AE%E3%83%8A%E3%83%BC%E3%82%AC" dan="18,16,16,16" rate="2295.44,2080.99,2149.03,2071.45" sx="M,M,M,M"/><TAIKYOKU oya="0"/><INIT seed="0,0,0,3,4,105" ten="250,250,250,250" oya="0" hai0="99,67,131,91,40,129,33,109,70,4,7,89,52" hai1="17,32,132,75,35,76,61,26,77,84,23,71,106" hai2="1,48,0,47,95,90,66,115,9,16,126,57,123" hai3="69,72,31,107,34,128,10,63,130,108,64,112,25"/><T22/><D33/><U73/><E106/><V111/><F123/><W102/><G112/><T86/><D40/><U6/><E6/><V96/><F115/><W82/><G10/><T36/><D36/><U39/><E39/><V53/><F111/><W110/><G102/><T43/><D43/><U98/><E98/><V38/><F126/><W117/><G117/><T133/><D109/><N who="3" m="42089" /><G107/><T124/><D124/><U24/><E84/><V12/><REACH who="2" step="1"/><F38/><REACH who="2" ten="250,250,240,250" step="2"/><W121/><G121/><T46/><D131/><U125/><E125/><V79/><F79/><AGARI ba="0,1" hai="25,31,34,63,64,69,72,79,82,128,130" m="42089" machi="79" ten="30,3900,0" yaku="14,1,23,1,52,1" doraHai="105" who="3" fromWho="2" sc="250,0,250,0,240,-39,250,49" /><INIT seed="1,0,0,0,0,62" ten="250,250,201,299" oya="1" hai0="71,124,44,69,37,106,130,129,86,50,27,92,9" hai1="77,108,55,110,76,63,21,90,41,96,79,74,113" hai2="0,48,111,60,75,84,61,15,38,102,95,40,133" hai3="116,47,49,10,43,70,5,118,13,101,105,18,53"/><U100/><E113/><V89/><F0/><W23/><G70/><T54/><D106/><U119/><E41/><V56/><F111/><N who="1" m="42537" /><E119/><N who="3" m="45610" /><G101/><T30/><D124/><U32/><E32/><V3/><F133/><W22/><G105/><T64/><D37/><U67/><E90/><V93/><F75/><W78/><G78/><T31/><D9/><U122/><E21/><N who="3" m="7690" /><G18/><T80/><D92/><N who="1" m="58375" /><E122/><V17/><F3/><W85/><G85/><T109/><D109/><U8/><E8/><N who="2" m="6375" /><F38/><W14/><G14/><T114/><D114/><U81/><E55/><AGARI ba="0,0" hai="5,10,13,43,47,49,53,55" m="7690,45610" machi="55" ten="30,1000,0" yaku="12,1" doraHai="62" who="3" fromWho="1" sc="250,0,250,-10,201,0,299,10" /><INIT seed="2,0,0,1,0,78" ten="250,240,201,309" oya="2" hai0="125,115,38,2,67,95,69,44,80,122,106,37,49" hai1="4,11,118,77,33,52,0,127,79,126,99,40,85" hai2="81,103,113,15,87,59,1,88,124,42,17,89,116" hai3="84,64,14,131,16,98,41,22,23,75,129,110,26"/><V63/><F1/><W109/><G75/><T8/><D106/><U111/><E33/><V28/><F113/><W36/><G84/><T117/><D122/><U32/><E32/><V101/><F116/><W133/><G133/><T58/><D95/><U6/><E40/><V121/><F124/><N who="1" m="47657" /><E111/><N who="3" m="42506" /><G98/><T57/><D115/><U19/><E99/><V39/><F121/><W30/><G64/><T9/><D2/><U51/><E6/><V102/><F28/><W25/><G25/><T71/><D67/><U92/><E19/><V97/><F39/><W66/><G66/><T105/><D105/><U55/><E118/><V91/><F42/><W48/><G48/><T128/><D49/><U120/><E120/><V114/><F97/><W83/><G83/><T5/><D80/><U35/><E35/><V46/><F114/><W86/><G86/><T45/><D125/><U93/><E85/><V54/><F46/><AGARI ba="0,0" hai="14,16,22,23,26,30,36,41,46,129,131" m="42506" machi="46" ten="30,2000,0" yaku="14,1,54,1" doraHai="78" who="3" fromWho="2" sc="250,0,240,0,201,-20,309,20" /><INIT seed="3,0,0,4,1,22" ten="250,240,181,329" oya="3" hai0="111,117,87,99,27,77,1,69,52,75,135,66,76" hai1="131,30,105,128,5,97,83,91,134,55,64,59,133" hai2="127,119,102,126,44,132,81,24,61,28,89,125,38" hai3="85,4,88,19,47,122,100,0,40,54,116,101,112"/><W49/><G122/><T92/><D117/><U63/><E5/><V11/><F119/><W104/><G116/><T130/><D1/><U56/><E30/><V45/><F132/><N who="1" m="50793" /><E83/><V48/><F38/><W118/><G112/><T114/><D75/><U72/><E72/><V94/><F61/><W12/><G118/><T36/><D36/><U121/><E121/><V70/><F70/><W84/><G104/><T74/><D74/><U79/><E79/><V39/><F11/><N who="3" m="6559" /><G85/><T6/><D87/><U95/><E105/><V58/><F39/><W106/><G106/><T80/><D80/><U50/><AGARI ba="0,0" hai="50,55,56,59,63,64,91,95,97,128,131" m="50793" machi="50" ten="30,1100,0" yaku="20,1" doraHai="22" who="1" fromWho="1" sc="250,-3,240,11,181,-3,329,-5" owari="247,-15.0,251,5.0,178,-32.0,324,42.0" /></mjloggm>