<mjloggm ver="2.3"><GO type="169" lobby="0"/><UN n0="%6B%75%72%6F%6E%6F%35%39" n1="%E5%85%8E%E3%81%A8%E4%BA%80" n2="%E6%88%91%E6%85%A2%E3%81%A1%E3%82%83%E3%82%93%E3%80%82" n3="%E3%81%82%E3%81%A3%E3%81%95%E3%81%98%E3%83%BC%E3%82%93" dan="16,17,16,16" rate="2066.37,2169.21,2056.96,2119.82" sx="M,M,M,M"/><TAIKYOKU oya="0"/><INIT seed="0,0,0,0,1,41" ten="250,250,250,250" oya="0" hai0="74,134,107,123,73,59,111,24,61,0,86,62,90" hai1="92,21,30,126,108,104,114,3,99,49,20,72,85" hai2="110,103,132,40,105,37,133,96,9,31,120,102,97" hai3="27,11,4,82,117,75,17,55,18,83,101,32,98"/><T80/><D123/><U22/><E72/><V77/><F31/><W87/><G117/><T113/><D113/><U79/><E3/><V109/><F9/><W67/><G67/><T43/><D0/><U53/><E114/><V35/><F35/><W81/><G75/><T124/><D107/><U84/><E108/><N who="2" m="41579" /><F120/><W69/><G69/><T93/><D111/><U52/><E126/><V115/><F115/><W19/><G87/><T25/><D124/><U6/><E104/><N who="2" m="63559" /><F77/><W76/><G76/><T70/><D134/><N who="2" m="51818" /><F40/><W135/><G135/><T56/><D43/><U47/><E6/><V125/><F37/><W54/><G32/><T94/><D70/><U14/><E30/><V118/><F125/><W28/><G28/><T68/><D68/><U12/><E53/><V5/><F5/><W58/><G27/><T91/><D86/><N who="1" m="33387" /><E79/><V2/><F2/><W71/><G71/><T51/><REACH who="0" step="1"/><D51/><REACH who="0" ten="240,250,250,250" step="2"/><U23/><N who="1" m="5120" /><DORA hai="122" /><U127/><E127/><V65/><F65/><W131/><G98/><T66/><D66/><U60/><E60/><V50/><F118/><W34/><G55/><T15/><D15/><U106/><E106/><V116/><F116/><W42/><G54/><T13/><D13/><U16/><E16/><V64/><F64/><W48/><G19/><T44/><D44/><U78/><E78/><V7/><F7/><W45/><G18/><T36/><D36/><U39/><E39/><V89/><F50/><W119/><G17/><T121/><D121/><U63/><E63/><V112/><F112/><W26/><G119/><T130/><D130/><U88/><AGARI ba="0,1" hai="12,14,47,49,52,88,92,99" m="5120,33387" machi="88" ten="40,8000,1" yaku="5,1,8,1,52,1,54,2" doraHai="41,122" who="1" fromWho="1" sc="240,-40,250,90,250,-20,250,-20" /><INIT seed="1,0,0,2,0,133" ten="200,340,230,230" oya="1" hai0="64,82,116,66,19,5,109,135,49,26,104,85,97" hai1="63,70,89,61,59,132,69,4,11,121,112,86,30" hai2="45,37,16,120,2,48,78,25,15,131,24,51,113" hai3="125,79,117,29,46,100,74,38,118,96,39,108,9"/><U81/><E112/><V3/><F131/><W42/><G39/><T80/><D109/><U14/><E121/><V90/><F120/><W32/><G108/><T6/><D135/><U119/><E132/><V75/><F37/><W107/><G9/><T52/><D116/><N who="3" m="44649" /><G125/><T23/><D97/><U127/><E119/><V22/><F113/><W18/><G18/><T34/><D34/><U28/><E127/><V76/><F51/><W10/><G10/><T56/><D104/><U47/><E47/><V0/><F90/><W92/><G92/><T33/><D33/><U54/><REACH who="1" step="1"/><E63/><REACH who="1" ten="200,330,230,230" step="2"/><V110/><F110/><W126/><G126/><T43/><D43/><U31/><AGARI ba="0,1" hai="4,11,14,28,30,31,54,59,61,69,70,81,86,89" machi="31" ten="30,11700,0" yaku="1,1,2,1,0,1,53,1" doraHai="133" doraHaiUra="77" who="1" fromWho="1" sc="200,-39,330,127,230,-39,230,-39" /><INIT seed="1,1,0,3,2,65" ten="161,457,191,191" oya="1" hai0="33,83,84,132,9,0,126,16,46,107,128,12,61" hai1="27,124,69,77,57,127,51,81,73,53,89,13,123" hai2="18,43,60,52,78,31,10,113,23,20,99,34,2" hai3="98,4,44,39,112,101,134,87,24,88,25,93,35"/><U118/><E118/><V17/><F113/><W95/><G112/><T8/><D128/><U97/><E123/><V67/><F78/><W63/><G134/><T6/><D132/><U22/><E13/><V11/><F43/><W129/><G129/><T111/><D111/><U71/><E97/><V40/><F40/><W119/><G119/><T47/><D126/><N who="1" m="48171" /><E89/><V50/><F31/><AGARI ba="1,0" hai="22,27,31,51,53,57,69,71,73,77,81" m="48171" machi="31" ten="30,5800,0" yaku="18,1,52,2" doraHai="65" who="1" fromWho="2" sc="161,0,457,61,191,-61,191,0" /><INIT seed="1,2,0,1,2,30" ten="161,518,130,191" oya="1" hai0="96,45,127,83,120,134,115,63,14,53,119,20,61" hai1="104,75,87,46,70,24,35,85,32,73,88,23,27" hai2="116,81,50,52,108,103,51,47,113,121,82,1,114" hai3="71,44,124,9,19,54,33,31,13,36,100,99,128"/><U55/><E104/><V94/><F116/><W135/><G71/><T79/><D119/><U67/><E87/><V78/><F1/><W122/><G122/><T59/><D120/><U60/><E75/><V102/><F121/><W41/><G128/><T133/><D115/><N who="2" m="44042" /><F108/><W109/><G109/><T57/><D127/><U89/><E73/><N who="2" m="43215" /><F82/><W7/><G124/><T125/><D125/><U74/><E74/><V91/><F51/><W77/><G77/><T90/><D45/><U21/><E46/><V6/><F6/><W132/><G7/><T64/><D79/><U8/><E55/><V112/><N who="2" m="44050" /><V12/><DORA hai="106" /><F12/><W39/><G39/><T15/><D83/><U40/><E40/><V0/><F0/><W49/><G54/><T11/><D20/><U66/><E8/><V129/><F129/><W65/><G36/><T98/><D15/><U25/><E25/><V48/><F50/><W43/><G43/><T118/><D118/><U117/><E117/><V18/><F18/><W92/><REACH who="3" step="1"/><G65/><REACH who="3" ten="161,518,130,181" step="2"/><T123/><D123/><U58/><E67/><V126/><F126/><W4/><G4/><T34/><D64/><U69/><E66/><V95/><F95/><W38/><G38/><T76/><D53/><U110/><E110/><V26/><F26/><AGARI ba="2,1" hai="9,13,19,26,31,33,41,44,49,92,99,100,132,135" machi="26" ten="40,5200,0" yaku="1,1,52,1,53,1" doraHai="30,106" doraHaiUra="37,107" who="3" fromWho="2" sc="161,0,518,0,130,-58,181,68" /><INIT seed="2,0,0,5,3,134" ten="161,518,72,249" oya="2" hai0="112,23,97,128,81,50,68,101,95,74,87,104,42" hai1="2,29,67,30,21,43,65,72,120,129,44,77,119" hai2="4,11,93,20,75,114,26,99,83,1,8,110,19" hai3="10,47,71,85,135,107,117,111,131,35,66,36,27"/><V102/><F114/><W92/><G117/><T38/><D112/><U9/><E119/><V55/><F110/><W69/><G107/><T6/><D68/><U57/><E129/><V100/><F11/><W17/><G131/><T106/><D128/><U118/><E118/><V52/><REACH who="2" step="1"/><F102/><REACH who="2" ten="161,518,62,249" step="2"/><W22/><G135/><T122/><D101/><U96/><E9/><V127/><F127/><W123/><G111/><T76/><D122/><U86/><E120/><V84/><F84/><W88/><G123/><T48/><D87/><U130/><E86/><V109/><F109/><W82/><G10/><T54/><D74/><U0/><E72/><V12/><F12/><W32/><G85/><T116/><D116/><U31/><E130/><V94/><F94/><W121/><G92/><T60/><D95/><U40/><E0/><V46/><F46/><W37/><G121/><T51/><D106/><U14/><E14/><V64/><F64/><W3/><G47/><T103/><D103/><U133/><E67/><V132/><F132/><W89/><G66/><T126/><D104/><U28/><E65/><V61/><F61/><W115/><G115/><T62/><D62/><U124/><E2/><V53/><F53/><W73/><G3/><T45/><D54/><U15/><E15/><V56/><F56/><W80/><G73/><T34/><D60/><U5/><E57/><V58/><F58/><W49/><G71/><T108/><D45/><U70/><E133/><V39/><F39/><W125/><G69/><T41/><D38/><U7/><E70/><V16/><F16/><W25/><G37/><RYUUKYOKU ba="0,1" sc="161,-10,518,-10,62,30,249,-10" hai2="1,4,8,19,20,26,52,55,75,83,93,99,100" /><INIT seed="2,1,1,1,2,131" ten="151,508,92,239" oya="2" hai0="121,31,126,18,4,37,60,55,124,27,107,32,12" hai1="80,83,34,36,73,64,59,101,72,84,13,114,5" hai2="123,8,3,100,78,35,86,50,11,67,28,56,74" hai3="135,122,43,89,71,82,7,10,0,111,62,77,118"/><V105/><F123/><W94/><G118/><T20/><D107/><U25/><E114/><V41/><F74/><W16/><G122/><T53/><D37/><U26/><E36/><V61/><F3/><W119/><G119/><T22/><D121/><U75/><E101/><V49/><F35/><W1/><G1/><T134/><D134/><U120/><E120/><V47/><F28/><W40/><G111/><T96/><D96/><U102/><E102/><V127/><F127/><N who="0" m="48682" /><D4/><U33/><E64/><V97/><REACH who="2" step="1"/><F49/><REACH who="2" ten="151,508,82,239" step="2"/><W38/><G38/><T125/><D125/><U93/><E73/><V129/><F129/><W24/><G0/><T68/><D32/><U15/><E75/><V58/><F58/><W51/><G51/><T117/><D117/><U14/><E59/><V91/><F91/><W70/><G89/><T81/><D68/><U110/><E72/><V63/><F63/><W98/><G62/><T115/><D60/><U103/><E34/><V23/><F23/><W85/><G71/><T112/><D112/><U104/><E33/><V57/><F57/><W65/><G70/><T52/><D115/><U39/><E39/><V54/><F54/><W106/><G43/><T88/><D53/><U30/><E30/><V21/><F21/><W128/><G40/><T79/><D88/><U44/><E110/><V45/><F45/><W95/><G128/><T109/><D109/><U99/><E44/><V76/><F76/><W108/><G77/><T130/><D130/><U9/><E103/><V69/><F69/><W48/><G108/><T42/><D42/><U92/><E9/><RYUUKYOKU ba="1,2" sc="151,15,508,-15,82,15,239,-15" hai0="12,18,20,22,27,31,52,55,79,81" hai2="8,11,41,47,50,56,61,67,78,86,97,100,105" /><INIT seed="2,2,2,4,0,33" ten="166,493,97,224" oya="2" hai0="53,131,0,14,72,87,21,6,38,64,10,78,13" hai1="48,97,92,31,80,12,30,55,18,99,107,88,118" hai2="133,26,20,115,27,127,116,50,76,82,65,40,25" hai3="28,134,7,11,49,117,71,93,96,69,91,94,75"/><V15/><F115/><W74/><G117/><T52/><D131/><U29/><E118/><V104/><F104/><W121/><G121/><T135/><D135/><U130/><E130/><V125/><F116/><W113/><G134/><T19/><D38/><U4/><E4/><V129/><F133/><W16/><G113/><T85/><D64/><U51/><E107/><V61/><F129/><W86/><G28/><T59/><D53/><U128/><E128/><V95/><F95/><W109/><G109/><T62/><D72/><U5/><E5/><V24/><F15/><W41/><G16/><T122/><D122/><U90/><E55/><V57/><F40/><W110/><G110/><T105/><D105/><U68/><E68/><V9/><F9/><W3/><G71/><T60/><D60/><U35/><E35/><V63/><F50/><N who="1" m="18985" /><E80/><V84/><REACH who="2" step="1"/><F61/><REACH who="2" ten="166,493,87,224" step="2"/><W45/><REACH who="3" step="1"/><G69/><REACH who="3" ten="166,493,87,214" step="2"/><T126/><D10/><U46/><E12/><V89/><F89/><AGARI ba="2,4" hai="3,7,11,41,45,49,74,75,86,89,91,93,94,96" machi="89" ten="30,8000,1" yaku="1,1,2,1,7,1,52,1,53,1" doraHai="33" doraHaiUra="36" who="3" fromWho="2" sc="166,0,493,0,87,-86,214,126" /><INIT seed="3,0,0,1,5,107" ten="166,493,1,340" oya="3" hai0="91,15,39,32,72,135,79,51,67,14,108,8,90" hai1="66,20,26,45,113,56,43,128,4,124,121,27,75" hai2="73,28,88,77,133,68,0,123,41,24,30,94,46" hai3="115,105,100,83,48,112,19,59,118,81,127,18,60"/><W25/><G118/><T11/><D108/><U119/><E121/><V92/><F133/><W74/><G127/><T1/><D135/><U96/><E113/><V125/><F123/><W86/><G48/><T13/><D39/><U36/><E124/><V58/><F125/><W130/><G130/><T116/><D116/><U106/><E119/><V122/><F68/><W62/><G105/><T97/><D32/><U61/><E128/><V85/><F122/><W40/><G100/><T35/><D35/><U6/><E75/><V10/><F0/><W84/><G25/><T21/><D67/><U22/><E106/><V17/><F94/><W16/><G40/><T55/><D97/><U70/><E96/><V93/><F93/><W64/><G62/><T80/><D21/><U31/><REACH who="1" step="1"/><E70/><REACH who="1" ten="166,483,1,340" step="2"/><V109/><F109/><W50/><G50/><T5/><REACH who="0" step="1"/><D11/><REACH who="0" ten="156,483,1,340" step="2"/><U87/><E87/><V120/><F58/><AGARI ba="0,2" hai="1,5,8,13,14,15,51,55,58,72,79,80,90,91" machi="58" ten="40,8000,1" yaku="1,1,2,1,52,1,53,1" doraHai="107" doraHaiUra="53" who="0" fromWho="2" sc="156,100,483,0,1,-80,340,0" owari="256,-14.0,483,58.0,-79,-58.0,340,14.0" /></mjloggm>