<mjloggm ver="2.3"><GO type="185" lobby="0"/><UN n0="%E3%81%95%E3%82%88%E3%81%AA%E3%82%89%E3%83%9A%E3%81%BA%E3%83%9A" n1="%E3%81%A8%E3%82%8A%E3%81%82%E3%81%88%E3%81%9A%E5%9B%9B%E6%AE%B5" n2="%54%72%61%76%69%53" n3="" dan="16,16,17,0" rate="2116.11,2137.23,2191.36,1500.00" sx="F,M,M,C"/><TAIKYOKU oya="0"/><INIT seed="0,0,0,4,1,93" ten="350,350,350,0" oya="0" hai0="112,129,78,111,133,106,35,67,48,59,98,135,60" hai1="85,65,96,119,70,108,132,81,55,49,63,0,1" hai2="107,64,97,94,72,131,115,110,101,2,134,127,126" hai3=""/><T66/><D35/><U47/><E108/><V100/><F2/><T33/><D33/><U88/><E119/><V104/><F64/><T95/><D112/><U42/><E132/><N who="0" m="50761" /><D106/><N who="2" m="40490" /><F134/><T82/><D129/><U69/><E69/><V50/><F50/><T68/><D111/><U114/><E114/><V76/><F110/><T62/><D48/><U122/><N who="1" m="31264" /><U91/><E91/><V58/><F58/><T45/><D45/><U77/><E77/><V83/><F115/><T102/><D78/><U75/><E75/><V34/><F34/><T38/><D82/><U84/><E84/><V113/><F113/><T89/><D89/><U118/><E96/><V36/><F36/><AGARI ba="0,0" hai="36,38,59,60,62,66,67,68,95,98,102" m="50761" machi="36" ten="30,2900,0" yaku="20,1,52,1" doraHai="93" who="0" fromWho="2" sc="350,29,350,0,350,-29,0,0" /><INIT seed="0,1,0,1,4,102" ten="379,350,321,0" oya="0" hai0="52,118,132,46,47,85,82,32,34,53,105,110,98" hai1="45,67,91,58,3,104,109,111,81,79,50,84,43" hai2="0,127,95,42,126,76,128,119,36,94,59,65,108" hai3=""/><T86/><D118/><U129/><E129/><V41/><F0/><T107/><D132/><U114/><E3/><V87/><F108/><N who="1" m="41545" /><E114/><V135/><F36/><T89/><D110/><U62/><E104/><V125/><F135/><T2/><D2/><U49/><E79/><V39/><F39/><AGARI ba="1,0" hai="39,43,45,49,50,58,62,67,81,84,91" m="41545" machi="39" ten="30,1000,0" yaku="14,1" doraHai="102" who="1" fromWho="2" sc="379,0,350,12,321,-12,0,0" /><INIT seed="1,0,0,0,5,51" ten="379,362,309,0" oya="1" hai0="129,92,38,94,118,80,3,44,49,114,115,98,130" hai1="67,1,121,100,73,116,56,117,65,60,35,39,64" hai2="66,52,113,131,75,57,33,74,79,89,62,135,93" hai3=""/><U42/><N who="1" m="31008" /><U48/><E35/><V53/><F33/><T99/><D3/><U132/><E73/><V77/><F135/><T68/><D68/><U34/><E34/><V86/><F131/><N who="0" m="50186" /><D38/><U61/><E1/><V84/><F113/><N who="0" m="43018" /><D118/><N who="1" m="45675" /><E100/><V70/><F70/><T85/><D49/><U96/><E96/><N who="0" m="36905" /><D44/><U63/><E132/><V87/><F75/><T82/><D82/><U47/><E39/><V102/><F102/><T122/><N who="0" m="31264" /><T83/><D83/><U95/><E95/><V126/><F126/><T58/><D58/><AGARI ba="0,0" hai="42,47,48,56,58,60,61,63,64,65,67" m="45675,31008" machi="58" ten="40,7700,0" yaku="34,2,52,1" doraHai="51" who="1" fromWho="0" sc="379,-77,362,77,309,0,0,0" /><INIT seed="1,1,0,4,4,127" ten="302,439,309,0" oya="1" hai0="80,41,1,92,58,91,75,100,49,38,132,124,88" hai1="42,78,86,103,99,119,61,113,98,104,63,45,52" hai2="55,57,110,39,59,90,81,106,0,114,60,94,107" hai3=""/><U129/><E113/><V33/><F33/><T69/><D1/><U54/><E119/><V97/><F0/><T72/><D69/><U122/><N who="1" m="31264" /><U112/><E112/><V84/><F114/><T48/><D124/><U67/><E98/><V101/><F110/><T96/><D132/><U68/><E63/><V83/><F39/><T109/><D109/><U79/><E129/><V47/><F47/><T62/><D38/><U46/><E46/><V85/><REACH who="2" step="1"/><F57/><REACH who="2" ten="302,439,299,0" step="2"/><T126/><D126/><U82/><REACH who="1" step="1"/><E78/><AGARI ba="1,1" hai="55,59,60,78,81,83,84,85,90,94,97,101,106,107" machi="78" ten="30,3900,0" yaku="1,1,2,1,7,1,53,0" doraHai="127" doraHaiUra="44" who="2" fromWho="1" sc="302,0,439,-41,299,51,0,0" /><INIT seed="2,0,0,4,1,95" ten="302,398,350,0" oya="2" hai0="135,127,39,131,57,109,101,105,2,62,125,65,130" hai1="96,32,120,108,132,50,106,69,118,3,123,100,84" hai2="77,78,98,121,68,88,129,115,74,55,52,56,110" hai3=""/><V51/><N who="2" m="31008" /><V102/><F68/><T45/><D2/><U86/><N who="1" m="30752" /><U59/><N who="1" m="31520" /><U0/><E69/><V112/><F129/><N who="0" m="49162" /><D105/><U97/><E32/><V107/><F110/><T79/><D101/><U76/><E132/><V117/><F117/><T124/><D79/><U134/><E134/><V114/><F74/><T35/><D35/><U128/><E59/><V47/><REACH who="2" step="1"/><F88/><REACH who="2" ten="302,398,340,0" step="2"/><T38/><D109/><U119/><E108/><V46/><F46/><T73/><D73/><U61/><E118/><V80/><F80/><T37/><D135/><U92/><E119/><V93/><F93/><T54/><D65/><U103/><E0/><V99/><F99/><T43/><AGARI ba="0,1" hai="37,38,39,43,45,54,57,62,124,125,127" m="49162" machi="43" ten="40,6000,1" yaku="18,1,19,1,34,2" doraHai="95" who="0" fromWho="0" sc="302,70,398,-20,340,-40,0,0" /><INIT seed="4,0,0,4,2,135" ten="372,378,300,0" oya="0" hai0="73,117,89,54,107,32,65,122,61,80,83,59,115" hai1="129,98,90,38,112,68,99,45,110,96,2,130,34" hai2="37,57,91,77,62,43,75,114,74,60,53,50,51" hai3=""/><T97/><N who="0" m="31264" /><T124/><D32/><U88/><E110/><V108/><F108/><T84/><D117/><U101/><E68/><V119/><F119/><T109/><D115/><U87/><E2/><V46/><F114/><T95/><D109/><U55/><E112/><V36/><F91/><T113/><D113/><U56/><E34/><V79/><F75/><T106/><D124/><U63/><E101/><V133/><F74/><T66/><D106/><U118/><E118/><V1/><F1/><T128/><D128/><N who="1" m="49259" /><E87/><V126/><F79/><T120/><N who="0" m="30752" /><T121/><N who="0" m="31008" /><T82/><D73/><U33/><E33/><V48/><F77/><T52/><D107/><U76/><E76/><V94/><F94/><T104/><D104/><U39/><E45/><V72/><F72/><T127/><D127/><U47/><E47/><V93/><F93/><T125/><D125/><U102/><E102/><V67/><F126/><T78/><D78/><U71/><E71/><V64/><F133/><T0/><D0/><U111/><E111/><V81/><F81/><T85/><D65/><N who="2" m="25162" /><F36/><AGARI ba="0,0" hai="36,38,39,55,56,63,88,90,96,98,99" m="49259" machi="36" ten="40,2600,0" yaku="19,1,54,1" doraHai="135" who="1" fromWho="2" sc="372,0,378,26,300,-26,0,0" /><INIT seed="5,0,0,3,0,55" ten="372,404,274,0" oya="1" hai0="62,42,91,120,97,64,41,88,134,92,66,48,103" hai1="128,116,80,95,43,114,60,53,110,50,121,102,107" hai2="71,122,68,37,38,87,90,94,32,63,86,105,51" hai3=""/><U113/><N who="1" m="31008" /><U130/><E116/><V56/><N who="2" m="31264" /><V2/><F2/><T75/><N who="0" m="30752" /><T61/><D134/><U54/><E107/><V81/><F105/><T52/><D75/><U132/><E132/><V1/><F1/><T76/><D76/><U65/><E43/><N who="0" m="16393" /><D62/><U40/><E40/><V72/><F72/><T98/><D61/><U101/><E80/><V109/><F109/><T57/><D98/><U111/><E60/><V118/><F32/><T73/><D73/><U119/><E65/><AGARI ba="0,0" hai="48,52,57,64,65,66,88,91,92,97,103" m="16393,30752" machi="65" ten="30,8000,1" yaku="8,1,52,2,54,2" doraHai="55" who="0" fromWho="1" sc="372,80,404,-80,274,0,0,0" /><INIT seed="6,0,0,2,3,58" ten="452,324,274,0" oya="2" hai0="135,79,35,45,94,100,65,81,123,64,95,43,115" hai1="68,0,47,60,44,50,118,42,55,61,69,32,126" hai2="90,48,74,102,119,134,122,37,53,39,98,133,76" hai3=""/><V116/><N who="2" m="31264" /><V108/><F76/><T87/><N who="0" m="31520" /><T59/><D35/><U66/><E0/><V88/><F74/><T99/><D135/><N who="2" m="51722" /><F108/><T56/><D115/><U92/><E32/><V93/><F37/><T73/><D56/><U124/><E92/><V75/><F75/><T91/><D59/><U86/><E86/><V57/><F39/><AGARI ba="0,0" hai="39,43,45,64,65,73,79,81,87,91,94,95,99,100" m="31520" machi="39" ten="30,2000,0" yaku="7,1,52,1" doraHai="58" who="0" fromWho="2" sc="452,20,324,0,274,-20,0,0" owari="472,43.0,324,-8.0,254,-35.0,0,0.0" /></mjloggm>