<mjloggm ver="2.3"><GO type="169" lobby="0"/><UN n0="%E5%B0%8F%E6%B1%A0%E7%BE%8E%E6%B3%A2%E2%8A%BF" n1="%E5%8F%B3%E8%84%B3%E8%A9%B0%E3%82%81" n2="%61%6D%61%69%6B%61" n3="%78%78%62%6D%6D" dan="17,17,16,17" rate="2154.34,2184.15,2176.29,2154.33" sx="M,M,M,M"/><TAIKYOKU oya="0"/><INIT seed="0,0,0,4,0,45" ten="250,250,250,250" oya="0" hai0="124,73,131,100,113,42,34,81,83,47,109,76,107" hai1="44,0,133,30,130,58,95,18,9,72,35,93,111" hai2="85,121,127,74,38,14,112,8,120,25,126,17,75" hai3="94,39,104,12,99,105,19,57,91,31,86,16,50"/><T24/><D113/><U132/><E72/><V90/><F38/><W108/><G39/><N who="0" m="21983" /><D83/><U22/><E44/><V88/><F112/><W4/><G108/><T7/><D7/><N who="1" m="1255" /><E58/><V64/><F64/><W114/><G114/><T11/><D11/><U52/><E52/><V10/><F25/><W122/><G31/><N who="0" m="19815" /><D109/><U28/><E93/><V48/><F8/><N who="3" m="4103" /><G105/><T118/><D118/><U60/><E95/><N who="2" m="54671" /><F90/><N who="3" m="55767" /><G104/><T98/><D131/><U54/><E130/><V128/><F128/><W20/><G122/><N who="2" m="47209" /><F48/><W89/><G19/><T135/><D135/><U69/><E111/><V62/><F62/><W125/><G86/><T96/><D96/><U70/><E60/><V123/><F123/><W134/><G134/><T37/><D37/><U1/><E18/><V2/><F2/><W129/><G129/><T41/><D41/><U29/><E1/><V23/><F75/><W115/><G115/><T59/><D59/><U101/><E35/><V53/><F74/><W49/><G49/><T117/><D117/><U97/><E132/><V87/><F87/><W51/><G51/><T67/><D67/><U26/><E30/><V68/><F53/><N who="3" m="31927" /><G125/><AGARI ba="0,0" hai="73,76,81,98,100,107,124,125" m="19815,21983" machi="125" ten="30,1500,0" yaku="23,1" doraHai="45" who="0" fromWho="3" sc="250,15,250,0,250,0,250,-15" /><INIT seed="0,1,0,3,3,111" ten="265,250,250,235" oya="0" hai0="66,72,26,38,94,51,7,99,87,105,90,112,65" hai1="81,80,76,67,106,32,96,64,70,55,119,30,122" hai2="18,62,49,74,77,43,126,6,35,79,45,127,113" hai3="93,121,20,63,118,8,124,115,48,25,9,73,60"/><T135/><D38/><U52/><E119/><V15/><F35/><W132/><G121/><T33/><D72/><U120/><E80/><V69/><F6/><W27/><G132/><T97/><D135/><U29/><E120/><V1/><F1/><W61/><G124/><N who="2" m="47657" /><F113/><W98/><G73/><T130/><D130/><U47/><E122/><V91/><F91/><W39/><G39/><T24/><D7/><U21/><E21/><N who="2" m="11487" /><F74/><W71/><G71/><T56/><D33/><U107/><E96/><N who="0" m="36937" /><D105/><U17/><E17/><V117/><F117/><W2/><G2/><T46/><D112/><U75/><E32/><V34/><F34/><W85/><G118/><T19/><D19/><U5/><E5/><V78/><F78/><W23/><G85/><T58/><D26/><U83/><E76/><V36/><F36/><W50/><G115/><T131/><D24/><N who="3" m="9289" /><G98/><T125/><D131/><U37/><E37/><V88/><F88/><W10/><G93/><T89/><D90/><U104/><E104/><V129/><F129/><W128/><G128/><T3/><D3/><U110/><E75/><V42/><F43/><W14/><G14/><T22/><D22/><AGARI ba="1,0" hai="8,9,10,20,22,23,48,50,60,61,63" m="9289" machi="22" ten="40,5200,0" yaku="28,2,8,1" doraHai="111" who="3" fromWho="0" sc="265,-55,250,0,250,0,235,55" /><INIT seed="1,0,0,3,2,67" ten="210,250,250,290" oya="1" hai0="0,107,82,2,128,27,19,108,29,63,41,91,101" hai1="13,111,30,35,105,44,99,58,64,65,80,100,74" hai2="84,52,104,71,39,93,28,121,20,110,96,40,118" hai3="132,7,45,15,117,97,10,86,116,8,94,24,125"/><U53/><E35/><V38/><F118/><W83/><G132/><T131/><D41/><U72/><E30/><V37/><F121/><W16/><G125/><T3/><D108/><U89/><E44/><V11/><F110/><W81/><G45/><T43/><D43/><U92/><E111/><V1/><F104/><W109/><G109/><T51/><D51/><U85/><E13/><V76/><F40/><W22/><G10/><T88/><D19/><U102/><E102/><V32/><F32/><W124/><G124/><T106/><D63/><U120/><E120/><V5/><F76/><W6/><G6/><T113/><D113/><U17/><E17/><V79/><F79/><W34/><G34/><T87/><D91/><U122/><E122/><V70/><F52/><W48/><G48/><T90/><D90/><U57/><E57/><V26/><REACH who="2" step="1"/><F84/><REACH who="2" ten="210,250,240,290" step="2"/><W75/><G75/><T12/><D107/><U127/><E74/><V18/><F18/><W61/><G86/><T25/><D106/><U73/><E73/><V135/><F135/><W95/><G117/><T62/><D29/><U134/><E134/><V21/><F21/><W129/><G22/><T60/><D87/><U4/><E127/><V103/><AGARI ba="0,1" hai="1,5,11,20,26,28,37,38,39,70,71,93,96,103" machi="103" ten="30,7900,0" yaku="1,1,0,1,52,2,53,0" doraHai="67" doraHaiUra="59" who="2" fromWho="2" sc="210,-20,250,-39,240,89,290,-20" /><INIT seed="2,0,0,2,4,32" ten="190,211,329,270" oya="2" hai0="106,126,30,61,81,5,123,1,42,91,93,35,64" hai1="2,25,13,51,27,98,10,68,115,47,57,3,102" hai2="134,89,95,114,72,18,37,65,4,23,88,96,125" hai3="82,50,8,31,41,58,28,132,131,15,12,53,48"/><V46/><F114/><W83/><G131/><T38/><D123/><U127/><E68/><V111/><F72/><W76/><G132/><T66/><D106/><U20/><E57/><V21/><F134/><W11/><G58/><T87/><D126/><U105/><E115/><V124/><F65/><W0/><G41/><T39/><D66/><U116/><E116/><V133/><F133/><W40/><G40/><T78/><D42/><U121/><E121/><V117/><F46/><W99/><G99/><T9/><D30/><U109/><E109/><V44/><F44/><W33/><G33/><T54/><D54/><U108/><E108/><V118/><F37/><W119/><G76/><T130/><D35/><U6/><E27/><N who="2" m="14775" /><F111/><W59/><G59/><T26/><D26/><U71/><E71/><V92/><F4/><W77/><G77/><T75/><REACH who="0" step="1"/><D130/><REACH who="0" ten="180,211,329,270" step="2"/><U73/><E127/><N who="2" m="48715" /><F23/><W84/><G53/><T43/><D43/><U86/><E20/><V63/><F63/><W128/><G128/><T110/><D110/><U69/><E25/><V62/><F62/><W90/><G31/><T103/><D103/><U34/><E102/><V129/><F129/><W135/><G28/><T19/><D19/><U112/><E34/><V101/><F101/><W29/><G29/><T36/><D36/><U94/><E112/><V122/><F122/><W49/><G135/><T22/><D22/><U67/><E67/><V107/><F107/><W55/><G55/><T100/><D100/><U70/><E105/><V56/><F56/><AGARI ba="0,1" hai="1,5,9,38,39,56,61,64,75,78,81,87,91,93" machi="56" ten="30,3900,0" yaku="1,1,7,1,52,1,53,0" doraHai="32" doraHaiUra="120" who="0" fromWho="2" sc="180,49,211,0,329,-39,270,0" /><INIT seed="3,0,0,5,4,80" ten="229,211,290,270" oya="3" hai0="128,77,129,41,67,93,20,76,70,72,30,82,48" hai1="4,21,97,10,43,0,19,90,113,112,125,95,116" hai2="18,23,68,132,55,73,62,26,66,86,75,123,114" hai3="1,50,102,94,7,52,106,65,37,49,53,11,127"/><W81/><G127/><T61/><D77/><U121/><E125/><V118/><F114/><W32/><G37/><T63/><D63/><U2/><E116/><V17/><F132/><W59/><G32/><T134/><D134/><U54/><E121/><V119/><F123/><W126/><G126/><T111/><D111/><U28/><E0/><V117/><F55/><W84/><G106/><T71/><D71/><U3/><E3/><V34/><F34/><W85/><G65/><T99/><D30/><U87/><E28/><V131/><F131/><W120/><G120/><T88/><REACH who="0" step="1"/><D20/><REACH who="0" ten="219,211,290,270" step="2"/><U122/><E122/><V64/><F62/><W8/><G8/><T29/><D29/><U105/><E112/><V16/><F68/><W47/><REACH who="3" step="1"/><G81/><REACH who="3" ten="219,211,290,260" step="2"/><T69/><D69/><U110/><E10/><V89/><F118/><W107/><G107/><T12/><D12/><U15/><E15/><V13/><F117/><W109/><G109/><T100/><D100/><U46/><E105/><V83/><F119/><W31/><G31/><T57/><D57/><U27/><E110/><V101/><F101/><W133/><G133/><T103/><D103/><U98/><E113/><V91/><F13/><W115/><G115/><T104/><D104/><U22/><E22/><V6/><F23/><W36/><G36/><T56/><D56/><U78/><E21/><V124/><F124/><W96/><AGARI ba="0,2" hai="1,7,11,47,49,50,52,53,59,84,85,94,96,102" machi="96" ten="30,12000,1" yaku="1,1,0,1,52,2,54,1,53,0" doraHai="80" doraHaiUra="14" who="3" fromWho="3" sc="219,-40,211,-40,290,-40,260,140" /><INIT seed="3,1,0,3,1,8" ten="179,171,250,400" oya="3" hai0="32,103,10,62,135,86,31,131,121,91,48,53,113" hai1="89,116,38,134,57,50,104,101,77,133,58,71,5" hai2="115,35,97,70,111,13,90,82,33,34,15,83,109" hai3="92,21,130,20,79,120,88,29,93,1,28,78,99"/><W43/><G120/><T129/><D121/><U65/><E104/><V3/><F3/><W80/><G130/><T110/><D103/><U39/><E101/><V27/><F70/><W118/><G118/><T26/><D110/><N who="2" m="41994" /><F115/><W105/><G105/><T95/><D113/><U17/><E77/><V44/><F27/><W14/><G1/><T56/><D135/><N who="1" m="51723" /><E89/><V128/><F128/><W51/><G21/><T124/><D124/><U75/><E5/><V125/><F125/><W72/><G79/><T49/><D131/><U6/><E17/><V52/><F97/><W40/><G93/><T85/><D129/><U60/><E6/><V12/><F90/><W96/><G96/><T0/><D0/><U87/><E87/><V54/><F44/><W100/><G100/><T7/><REACH who="0" step="1"/><D86/><REACH who="0" ten="169,171,250,400" step="2"/><U69/><E75/><V119/><F119/><W30/><REACH who="3" step="1"/><G51/><REACH who="3" ten="169,171,250,390" step="2"/><T106/><D106/><U76/><E116/><V45/><F45/><W63/><G63/><T132/><D132/><U84/><E50/><V73/><F73/><W46/><G46/><T66/><D66/><U107/><E60/><V11/><F11/><W47/><G47/><T25/><D25/><U4/><E65/><V102/><F102/><W126/><G126/><T2/><AGARI ba="1,2" hai="2,7,10,26,31,32,48,49,53,56,62,85,91,95" machi="2" ten="20,5200,0" yaku="1,1,0,1,7,1,53,1" doraHai="8" doraHaiUra="22" who="0" fromWho="0" sc="169,75,171,-14,250,-14,390,-27" /><INIT seed="4,0,0,4,3,77" ten="244,157,236,363" oya="0" hai0="60,46,40,94,14,42,24,43,79,64,76,17,119" hai1="38,95,68,55,112,61,26,20,54,134,84,91,31" hai2="62,19,124,7,72,129,63,98,44,50,100,113,52" hai3="67,65,92,118,82,36,2,22,51,89,107,96,66"/><T126/><D119/><U90/><E134/><V56/><F113/><W99/><G36/><T133/><D133/><U30/><E38/><V58/><F129/><W123/><G118/><T80/><D126/><U125/><E125/><V9/><F72/><W114/><G114/><T109/><D109/><U0/><E0/><V21/><F124/><W93/><G2/><T16/><D94/><U101/><E101/><V117/><F117/><W8/><G107/><T78/><D24/><U48/><E112/><V87/><F87/><W81/><G123/><T121/><D121/><U23/><E68/><V71/><F71/><W75/><G75/><T115/><D115/><U34/><E61/><V131/><F131/><W102/><G8/><T15/><D46/><U53/><E48/><V35/><F35/><W132/><G132/><T18/><REACH who="0" step="1"/><D80/><REACH who="0" ten="234,157,236,363" step="2"/><U25/><E34/><V69/><F44/><W1/><G82/><T135/><D135/><U3/><E3/><V111/><F111/><W6/><G81/><T108/><D108/><U74/><E74/><V39/><F39/><W13/><G1/><T127/><D127/><U70/><E95/><V73/><F69/><AGARI ba="0,1" hai="14,15,16,17,18,40,42,43,60,64,69,76,78,79" machi="69" ten="50,12000,1" yaku="1,1,29,2,54,1,53,0" doraHai="77" doraHaiUra="105" who="0" fromWho="2" sc="234,130,157,0,236,-120,363,0" /><INIT seed="4,1,0,3,4,85" ten="364,157,116,363" oya="0" hai0="91,108,131,73,71,6,56,68,87,77,47,19,9" hai1="79,103,5,21,94,29,60,90,101,64,11,49,63" hai2="67,102,4,98,8,69,57,82,26,86,105,15,120" hai3="83,78,122,125,55,50,40,27,118,114,1,30,76"/><T10/><D131/><U129/><E79/><V24/><F120/><W95/><G118/><T25/><D73/><U61/><E129/><V124/><F69/><W31/><G31/><T126/><D77/><U128/><E128/><V112/><F112/><W45/><G125/><T65/><D126/><U20/><E64/><V135/><F135/><W23/><G1/><T104/><D104/><U43/><E43/><V110/><F110/><W48/><G114/><T111/><D47/><U41/><E41/><V36/><F36/><W130/><G122/><T106/><D106/><U119/><E49/><V81/><F81/><W80/><G130/><T109/><D56/><U38/><E38/><V107/><F107/><W22/><G78/><T59/><D59/><U134/><E134/><V3/><F3/><W28/><G95/><T84/><D84/><U123/><E123/><V117/><F117/><W34/><G83/><N who="0" m="49663" /><D65/><U58/><E58/><V16/><F4/><W17/><G34/><T113/><D113/><U7/><E119/><V62/><REACH who="2" step="1"/><F124/><REACH who="2" ten="364,157,106,363" step="2"/><W93/><G80/><T89/><D6/><U53/><E7/><V133/><F133/><W51/><G93/><T70/><D70/><U75/><E94/><V88/><AGARI ba="1,1" hai="8,15,16,24,26,57,62,67,82,86,88,98,102,105" machi="88" ten="20,12000,2" yaku="1,1,0,1,7,1,52,1,54,2,53,1" doraHai="85" doraHaiUra="97" who="2" fromWho="2" sc="364,-61,157,-31,106,133,363,-31" /><INIT seed="5,0,0,5,0,5" ten="303,126,239,332" oya="1" hai0="114,32,55,49,31,78,129,95,36,83,88,120,102" hai1="73,59,38,68,105,29,61,84,3,11,16,122,62" hai2="86,81,57,22,2,4,123,45,79,37,104,18,51" hai3="135,65,99,50,97,39,1,8,74,70,52,66,64"/><U110/><E122/><V89/><F104/><W10/><G70/><T56/><D36/><U94/><E73/><V0/><F123/><W101/><G39/><T48/><D120/><U27/><E105/><V30/><F30/><W35/><G35/><T109/><D109/><U124/><E124/><V23/><F23/><W131/><G74/><T96/><D114/><U14/><E38/><V63/><F79/><W87/><G1/><T103/><D129/><U127/><E127/><V100/><F100/><W90/><G135/><T53/><D31/><U40/><E40/><V6/><F0/><W28/><G28/><T47/><REACH who="0" step="1"/><D32/><REACH who="0" ten="293,126,239,332" step="2"/><U17/><E110/><V128/><F128/><W20/><G131/><T9/><D9/><N who="3" m="3689" /><G20/><T13/><D13/><U26/><E3/><V117/><F2/><W34/><G34/><T67/><D67/><U108/><E108/><V130/><F130/><W76/><G76/><T42/><D42/><U134/><E134/><V113/><F22/><W115/><G115/><T54/><D54/><N who="1" m="34039" /><E29/><V111/><F113/><W33/><G33/><T106/><D106/><U91/><E17/><V98/><F18/><W12/><G12/><T75/><AGARI ba="0,1" hai="47,48,49,53,55,56,75,78,83,88,95,96,102,103" machi="75" ten="20,5200,0" yaku="1,1,0,1,7,1,54,1,53,0" doraHai="5" doraHaiUra="121" who="0" fromWho="0" sc="293,62,126,-26,239,-13,332,-13" /><INIT seed="6,0,0,2,5,52" ten="355,100,226,319" oya="2" hai0="71,72,120,51,8,98,128,22,63,50,97,91,92" hai1="100,131,47,43,114,44,36,116,20,135,104,88,118" hai2="101,119,29,17,34,2,117,75,62,61,126,125,96" hai3="73,54,87,105,59,122,129,77,107,113,79,11,4"/><V25/><F75/><W127/><G122/><T41/><D120/><U68/><E68/><V83/><F83/><W37/><G37/><T10/><D72/><U27/><E114/><V38/><F38/><W103/><G73/><T26/><D71/><U81/><E135/><V99/><F17/><W13/><G127/><N who="2" m="48649" /><F2/><W9/><G113/><T93/><D63/><N who="2" m="24074" /><F96/><W85/><G129/><T58/><D128/><U67/><E67/><V42/><F42/><W76/><G11/><T86/><D98/><U89/><E131/><V33/><F34/><W110/><G110/><T80/><D41/><U64/><E64/><V82/><F82/><W23/><G23/><T84/><D84/><U40/><E81/><V133/><F133/><W57/><G103/><T123/><D10/><U124/><E124/><V31/><F31/><W14/><G77/><T70/><D8/><U66/><E66/><V30/><F30/><W78/><G9/><T1/><D1/><U115/><E115/><V0/><F0/><W60/><G4/><T55/><D123/><U111/><E111/><V109/><F109/><W19/><G19/><T49/><D92/><AGARI ba="0,0" hai="25,29,33,92,99,101,117,119" m="24074,48649" machi="92" ten="30,1500,0" yaku="18,1" doraHai="52" who="2" fromWho="0" sc="355,-15,100,0,226,15,319,0" /><INIT seed="6,1,0,5,5,72" ten="340,100,241,319" oya="2" hai0="20,36,134,39,22,75,102,81,13,0,44,96,125" hai1="17,120,100,129,19,32,62,97,56,90,124,135,132" hai2="6,2,52,111,38,93,54,83,50,82,86,9,61" hai3="34,70,24,63,31,78,37,47,113,89,69,110,91"/><V87/><F38/><W48/><G110/><T130/><D0/><U8/><E32/><V66/><F93/><W98/><G37/><T18/><D130/><U116/><E116/><V73/><F73/><W27/><G113/><T131/><D131/><U115/><E129/><V94/><F94/><W33/><G98/><T42/><D134/><U85/><E115/><V101/><F101/><W123/><G123/><T40/><D125/><U41/><E41/><V30/><F30/><W55/><G78/><T77/><D20/><U126/><E120/><V53/><F111/><W71/><REACH who="3" step="1"/><G63/><REACH who="3" ten="340,100,241,309" step="2"/><T104/><D39/><U133/><E97/><V122/><F122/><W16/><G16/><T103/><D96/><U57/><E100/><V60/><F50/><W121/><G121/><T84/><D104/><U5/><E19/><V118/><F118/><W15/><G15/><T28/><D103/><U76/><E17/><V107/><F107/><W128/><G128/><T112/><D102/><U21/><E62/><V99/><F99/><W12/><G12/><T65/><D112/><U4/><E76/><V26/><F61/><W80/><G80/><N who="2" m="30761" /><F60/><W25/><G25/><T11/><D75/><U7/><E124/><V10/><F26/><W67/><G67/><T127/><D65/><U106/><E126/><V29/><F66/><W119/><G119/><T49/><D127/><U64/><E64/><V14/><F14/><W45/><G45/><N who="0" m="25767" /><D28/><AGARI ba="1,1" hai="24,27,28,31,33,34,47,48,55,69,70,71,89,91" machi="28" ten="40,2600,0" yaku="1,1,9,1,53,0" doraHai="72" doraHaiUra="117" who="3" fromWho="0" sc="340,-29,100,0,241,0,309,39" /><INIT seed="7,0,0,1,1,20" ten="311,100,241,348" oya="3" hai0="113,99,61,72,119,128,112,91,116,103,63,134,50" hai1="29,46,32,25,36,108,39,101,74,127,64,44,31" hai2="125,87,37,12,92,1,13,11,28,24,94,70,126" hai3="38,53,52,135,71,47,65,69,5,58,17,42,96"/><W110/><G5/><T67/><D72/><U30/><E127/><N who="2" m="48651" /><F70/><N who="3" m="26635" /><G96/><T76/><D99/><U6/><E108/><V10/><F37/><W2/><G17/><T132/><D103/><U130/><E130/><V68/><F87/><W100/><G2/><T14/><D76/><U21/><E64/><V22/><F68/><W35/><G35/><T19/><D128/><U49/><E74/><V117/><F92/><W26/><G100/><T51/><D91/><U115/><E115/><N who="0" m="44105" /><D51/><U54/><E101/><V27/><F94/><W82/><G82/><T114/><N who="0" m="44113" /><T81/><DORA hai="23" /><D50/><U66/><E66/><V73/><F117/><N who="0" m="45130" /><D81/><U97/><E97/><V78/><F78/><W107/><G38/><T8/><D67/><U0/><E44/><V129/><F129/><W109/><G47/><T84/><D84/><U83/><E83/><V45/><F45/><W15/><G65/><T18/><D18/><U120/><E120/><V85/><F85/><W95/><G95/><T118/><N who="0" m="45138" /><T122/><DORA hai="48" /><D122/><U41/><E41/><V79/><F79/><W89/><G42/><T90/><D90/><U3/><E3/><V57/><F1/><W133/><G89/><T56/><D56/><U93/><E93/><V4/><F57/><W77/><G77/><T102/><D102/><U86/><E86/><V111/><F73/><W105/><G58/><T55/><D55/><U80/><E80/><V16/><F111/><N who="3" m="42507" /><G53/><T104/><D104/><N who="3" m="40009" /><G52/><T124/><D124/><U34/><E39/><V98/><F98/><W59/><G59/><T7/><D7/><U60/><E36/><RYUUKYOKU ba="0,0" sc="311,15,100,-15,241,15,348,-15" hai0="8,14,19,61,63,132,134" hai2="4,10,11,12,13,16,22,24,27,28" owari="326,13.0,85,-41.0,256,-14.0,333,42.0" /></mjloggm>