<mjloggm ver="2.3"><GO type="225" lobby="0"/><UN n0="%E8%A8%88%E7%AE%97%E6%A9%9F%E8%87%AA%E7%84%B6" n1="%E9%B3%B3%E6%9D%B1%E3%81%AE%E3%81%86%E3%81%95%E3%81%8E%E3%81%95%E3%82%93" n2="%E5%8D%A0%E3%81%84%E5%B8%AB%E8%A3%8F%E3%81%AA%E3%81%84%E3%81%97" n3="%E5%B2%B8%E6%98%8E%E6%97%A5%E9%A6%99" dan="17,17,16,16" rate="2218.25,2191.28,2198.91,2167.51" sx="M,M,M,M"/><TAIKYOKU oya="0"/><INIT seed="0,0,0,5,0,132" ten="250,250,250,250" oya="0" hai0="100,36,56,26,23,118,121,79,55,78,124,13,42" hai1="44,51,15,14,58,25,134,8,73,98,30,92,112" hai2="50,108,119,47,85,106,40,81,74,82,69,70,95" hai3="75,63,24,94,90,111,76,54,84,115,2,10,77"/><T3/><D3/><U60/><E134/><V80/><F106/><W91/><G115/><T101/><D118/><U33/><E73/><V38/><F108/><W27/><G111/><T126/><D121/><U116/><E112/><V6/><F119/><W109/><G109/><T16/><D36/><U68/><E68/><V46/><F74/><W37/><G37/><T1/><D1/><U49/><E116/><V59/><F59/><N who="3" m="35319" /><G2/><T96/><D42/><U45/><E49/><V53/><REACH who="2" step="1"/><F6/><REACH who="2" ten="250,250,240,250" step="2"/><W130/><G75/><T28/><D78/><U21/><E58/><V41/><F41/><W129/><G76/><T87/><D79/><U97/><E45/><V113/><F113/><W122/><G77/><T72/><D72/><U39/><E44/><V131/><F131/><W29/><G130/><T89/><D56/><U52/><E60/><V105/><F105/><W102/><G129/><T7/><D7/><U114/><E114/><V19/><F19/><W48/><G122/><T128/><D128/><U123/><E123/><V34/><F34/><W65/><G29/><T18/><D18/><U43/><E33/><V120/><F120/><W11/><G65/><T88/><D55/><U83/><E52/><V57/><F57/><W31/><G31/><T117/><D117/><U20/><E30/><V4/><F4/><W12/><G48/><T133/><D133/><U107/><E51/><V9/><F9/><W22/><G10/><T103/><D28/><N who="1" m="17447" /><E43/><V62/><F62/><W0/><G11/><T35/><D35/><U32/><E32/><V125/><F125/><W127/><G127/><RYUUKYOKU ba="0,1" sc="250,-10,250,-10,240,30,250,-10" hai2="38,40,46,47,50,53,69,70,80,81,82,85,95" /><INIT seed="1,1,1,5,0,41" ten="240,240,270,240" oya="1" hai0="133,12,52,120,101,50,1,90,110,57,98,73,96" hai1="38,78,126,64,63,35,76,44,55,89,72,129,13" hai2="83,54,74,43,130,21,100,116,128,75,29,111,26" hai3="134,6,5,77,97,24,49,124,107,94,113,121,109"/><U20/><E35/><V81/><F116/><W69/><G121/><T61/><D1/><U62/><E129/><N who="2" m="49771" /><F111/><W125/><G113/><T53/><D73/><N who="2" m="27658" /><F43/><W123/><G123/><T17/><D133/><U108/><E108/><V11/><F11/><W48/><G69/><T114/><D114/><U4/><E126/><V22/><F100/><W33/><G134/><T105/><D120/><U88/><E72/><V115/><F115/><W103/><G109/><T104/><D110/><U60/><E64/><V45/><F21/><W40/><G77/><N who="1" m="29802" /><E38/><V118/><F118/><W58/><G107/><T32/><D32/><U18/><E4/><V86/><F86/><W15/><G6/><T132/><D132/><U51/><AGARI ba="1,1" hai="13,18,20,44,51,55,60,62,63,88,89" m="29802" machi="51" ten="30,6000,0" yaku="8,1,52,1,54,1" doraHai="41" who="1" fromWho="1" sc="240,-21,240,73,270,-21,240,-21" /><INIT seed="1,2,0,2,1,80" ten="219,313,249,219" oya="1" hai0="16,123,26,0,129,63,105,32,104,109,6,54,71" hai1="77,103,134,92,20,7,120,125,78,133,5,36,67" hai2="12,43,25,15,110,18,112,11,64,40,1,48,81" hai3="88,61,113,17,39,27,37,108,115,101,52,69,100"/><U135/><E120/><V30/><F1/><W132/><G108/><T126/><D109/><U29/><E36/><V42/><F110/><W107/><G132/><T130/><D126/><U33/><E33/><V116/><F116/><W93/><G107/><T72/><D72/><U76/><E67/><V91/><F112/><W83/><G69/><T31/><D123/><U73/><E73/><V24/><F64/><W3/><G3/><T84/><D84/><U94/><E125/><V41/><F30/><W47/><G83/><T95/><D95/><N who="1" m="36395" /><E103/><N who="3" m="39498" /><G47/><T13/><D6/><N who="1" m="2059" /><E20/><V122/><F122/><W131/><G39/><T114/><D114/><U96/><E29/><V68/><F68/><W49/><G49/><T119/><D119/><U127/><E127/><V90/><F48/><W38/><G38/><T19/><D0/><U70/><E70/><V22/><N who="2" m="10240" /><DORA hai="75" /><V4/><REACH who="2" step="1"/><F91/><REACH who="2" ten="219,313,239,219" step="2"/><W62/><G37/><T82/><D71/><U21/><E21/><V51/><F51/><W57/><G62/><T111/><D111/><U74/><E74/><V60/><F60/><W35/><G35/><T45/><D63/><U106/><E106/><V10/><F10/><W34/><G34/><T23/><D105/><U46/><E46/><V65/><F65/><W56/><G56/><T58/><D58/><U53/><E53/><V118/><F118/><W2/><G2/><T86/><D104/><U59/><E59/><V117/><F117/><W128/><G115/><T9/><D54/><U28/><E28/><V124/><F124/><W102/><G102/><T85/><D45/><U98/><AGARI ba="2,1" hai="76,77,78,96,98,133,134,135" m="2059,36395" machi="98" ten="40,18000,2" yaku="5,1,28,2,20,1,52,3" doraHai="80,75" who="1" fromWho="1" sc="219,-62,313,196,239,-62,219,-62" /><INIT seed="1,3,0,1,0,43" ten="157,509,177,157" oya="1" hai0="117,106,37,3,94,61,48,93,66,73,127,17,57" hai1="58,120,22,75,124,29,14,60,62,59,107,20,111" hai2="96,108,133,76,12,40,67,69,72,65,16,128,42" hai3="53,19,116,47,100,25,8,1,30,39,132,81,79"/><U63/><E120/><V74/><F108/><W7/><G132/><T54/><D117/><U49/><E124/><V11/><F133/><W119/><G100/><T84/><D73/><U90/><E111/><V129/><F96/><W131/><G19/><T6/><D106/><U114/><E114/><V10/><F69/><W78/><G131/><T38/><D127/><U91/><E107/><V122/><F76/><W26/><G79/><T89/><D93/><U34/><E75/><V55/><F12/><W115/><G115/><T51/><D51/><U46/><E34/><V92/><F92/><W83/><G83/><T82/><D17/><N who="1" m="10295" /><E22/><V134/><F134/><W103/><G103/><T35/><D35/><U80/><E29/><V123/><F55/><W13/><G13/><T36/><D94/><U125/><E125/><V112/><REACH who="2" step="1"/><F16/><REACH who="2" ten="157,509,167,157" step="2"/><W71/><G71/><T64/><D6/><U104/><E104/><V33/><F33/><N who="3" m="20687" /><G53/><T126/><D126/><U32/><E32/><V21/><F21/><W88/><G26/><T2/><REACH who="0" step="1"/><D66/><REACH who="0" ten="147,509,167,157" step="2"/><U130/><E130/><V118/><F118/><W31/><G119/><T44/><AGARI ba="3,2" hai="2,3,36,37,38,44,48,54,57,61,64,82,84,89" machi="44" ten="30,7900,0" yaku="1,1,2,1,0,1,52,1,53,0" doraHai="43" doraHaiUra="105" who="0" fromWho="0" sc="147,108,509,-42,167,-23,157,-23" /><INIT seed="2,0,0,1,4,32" ten="255,467,144,134" oya="2" hai0="87,110,58,14,46,78,121,6,107,41,1,74,118" hai1="95,0,56,83,100,48,12,54,126,91,77,64,75" hai2="80,66,16,132,4,61,119,88,108,130,3,99,86" hai3="33,135,68,60,104,113,36,84,89,129,35,115,82"/><V70/><F119/><W134/><G36/><T112/><D121/><U29/><E0/><V23/><F130/><W42/><G42/><T21/><D112/><N who="3" m="43081" /><G104/><T20/><D107/><U124/><E29/><V127/><F127/><N who="1" m="48681" /><E64/><V90/><F132/><N who="3" m="50731" /><G129/><T114/><D87/><N who="1" m="52735" /><E12/><V69/><F108/><W111/><G111/><T71/><D46/><U18/><E18/><V7/><F70/><W73/><G73/><T11/><D74/><U116/><E100/><V103/><F90/><W51/><G51/><T50/><D50/><U81/><E81/><V55/><F55/><W117/><G117/><AGARI ba="0,0" hai="48,54,56,75,77,83,116,117" m="52735,48681" machi="117" ten="30,1000,0" yaku="18,1" doraHai="32" who="1" fromWho="3" sc="255,0,467,10,144,0,134,-10" /><INIT seed="3,0,0,4,4,96" ten="255,477,144,124" oya="3" hai0="15,99,116,53,30,110,12,8,78,133,51,119,45" hai1="59,95,132,7,28,102,93,72,80,47,75,54,9" hai2="16,34,17,122,23,21,68,89,56,35,64,97,81" hai3="126,86,26,101,109,44,100,65,14,87,85,10,62"/><W73/><G73/><T82/><D110/><U41/><E28/><V88/><F68/><W18/><G109/><T48/><D133/><U77/><E102/><V43/><F122/><W55/><G126/><T112/><D112/><U13/><E75/><V105/><F105/><W19/><G44/><T37/><D37/><U42/><E132/><V92/><F43/><W125/><G125/><T128/><D15/><U94/><REACH who="1" step="1"/><E47/><REACH who="1" ten="255,467,144,124" step="2"/><V127/><F127/><W91/><G91/><T103/><D30/><U111/><E111/><V124/><F89/><W98/><G98/><T104/><D12/><U50/><AGARI ba="0,1" hai="7,9,13,41,42,50,54,59,72,77,80,93,94,95" machi="50" ten="30,2000,0" yaku="1,1,0,1,53,0" doraHai="96" doraHaiUra="22" who="1" fromWho="1" sc="255,-5,467,30,144,-5,124,-10" owari="250,5.0,497,60.0,139,-26.0,114,-39.0" /></mjloggm>