<mjloggm ver="2.3"><GO type="185" lobby="0"/><UN n0="%6B%75%72%74" n1="%4D%4A%E3%81%AE%E3%82%B5%E3%82%BD" n2="%E3%82%8C%E3%81%99%E3%81%93" n3="" dan="16,18,16,0" rate="2121.42,2361.25,2200.97,1500.00" sx="M,M,F,C"/><TAIKYOKU oya="0"/><INIT seed="0,0,0,2,1,95" ten="350,350,350,0" oya="0" hai0="120,66,103,135,36,53,38,92,62,59,60,116,102" hai1="105,122,132,99,121,51,55,104,45,67,65,97,112" hai2="43,35,128,94,32,87,115,52,130,131,49,117,84" hai3=""/><T127/><N who="0" m="30752" /><T119/><D127/><U81/><N who="1" m="31008" /><U54/><N who="1" m="31264" /><U69/><E132/><V34/><F115/><T72/><D72/><U106/><E112/><V64/><F117/><T39/><D135/><U134/><E134/><V0/><F0/><T111/><D111/><U96/><E69/><V37/><F64/><T91/><D116/><U76/><REACH who="1" step="1"/><E55/><REACH who="1" ten="350,340,350,0" step="2"/><V61/><F32/><T109/><D119/><U98/><N who="1" m="24576" /><DORA hai="79" /><U1/><E1/><V107/><F34/><T124/><D109/><U2/><E2/><V82/><F35/><T73/><D124/><U123/><N who="1" m="31520" /><U83/><E83/><V85/><F82/><T114/><D114/><U133/><E133/><V129/><F130/><T44/><D103/><U71/><E71/><V89/><F128/><T113/><D102/><U108/><E108/><V58/><F131/><T77/><D113/><U100/><E100/><V88/><F129/><T40/><D53/><U101/><E101/><V68/><F68/><T41/><D92/><U57/><E57/><V33/><F33/><T90/><D59/><U78/><E78/><V47/><F58/><T125/><D77/><U70/><E70/><V56/><F52/><T63/><D125/><U48/><E48/><RYUUKYOKU ba="0,1" sc="350,-10,340,20,350,-10,0,0" hai1="45,51,54,65,67,76,81,104,105,106" /><INIT seed="1,1,1,0,0,66" ten="340,360,340,0" oya="1" hai0="80,105,117,59,38,93,54,115,34,94,122,108,73" hai1="127,97,60,130,102,65,95,119,32,126,41,61,0" hai2="2,77,71,90,100,79,112,98,69,106,96,53,72" hai3=""/><U120/><N who="1" m="30752" /><U89/><E119/><V88/><F2/><T83/><N who="0" m="31264" /><T1/><D1/><U109/><E0/><V104/><F53/><T78/><D34/><U49/><E32/><V43/><F43/><T51/><D105/><U111/><E130/><V99/><F112/><T67/><D115/><U133/><E133/><V39/><F39/><T116/><D108/><N who="1" m="41547" /><E102/><V40/><F40/><T92/><D38/><U45/><E61/><V3/><F3/><T101/><D101/><U47/><E45/><V125/><F125/><T64/><REACH who="0" step="1"/><D83/><REACH who="0" ten="330,360,340,0" step="2"/><U81/><E81/><V58/><F100/><T118/><AGARI ba="1,2" hai="51,54,59,64,67,73,78,80,92,93,94,116,117,118" m="31264" machi="118" ten="40,6000,1" yaku="1,1,2,1,0,1,12,1,52,1,53,0" doraHai="66" doraHaiUra="129" who="0" fromWho="0" sc="330,82,360,-41,340,-21,0,0" /><INIT seed="2,0,0,5,4,86" ten="412,319,319,0" oya="2" hai0="69,3,130,56,98,41,101,45,90,79,80,120,68" hai1="76,93,122,127,124,84,1,49,50,82,59,63,74" hai2="95,2,104,57,106,46,89,75,107,96,38,34,47" hai3=""/><V128/><F2/><T110/><N who="0" m="30752" /><T115/><D110/><U0/><N who="1" m="31264" /><U111/><E111/><V70/><F34/><T54/><D115/><U61/><E61/><V81/><F70/><T83/><D83/><U132/><E132/><V55/><F128/><T36/><D3/><U103/><E1/><V114/><F114/><T85/><D79/><U118/><E118/><V53/><F38/><T129/><D129/><U72/><E0/><V37/><F37/><T48/><REACH who="0" step="1"/><D130/><REACH who="0" ten="402,319,319,0" step="2"/><U125/><E72/><V87/><F75/><T100/><D100/><U135/><E135/><V43/><F43/><T39/><D39/><U91/><REACH who="1" step="1"/><E103/><REACH who="1" ten="402,309,319,0" step="2"/><V119/><F119/><T116/><D116/><U133/><E133/><V99/><F81/><T60/><D60/><U78/><E78/><V97/><REACH who="2" step="1"/><F55/><AGARI ba="0,2" hai="49,50,55,59,63,74,76,82,84,91,93,124,125,127" m="31264" machi="55" ten="40,8000,1" yaku="1,1,18,1,52,2,53,0" doraHai="86" doraHaiUra="102" who="1" fromWho="2" sc="402,0,309,100,319,-80,0,0" /><INIT seed="4,0,0,3,2,66" ten="402,409,239,0" oya="0" hai0="73,62,95,83,115,106,32,90,59,120,131,3,92" hai1="93,85,108,61,114,118,36,109,38,35,86,40,84" hai2="69,1,33,122,94,39,127,82,130,71,76,65,124" hai3=""/><T123/><N who="0" m="30752" /><T51/><N who="0" m="31520" /><T74/><D3/><U87/><E118/><V81/><N who="2" m="31264" /><V45/><F1/><T97/><D32/><U129/><E35/><V34/><F130/><T80/><D106/><U102/><E129/><V112/><F112/><T72/><D131/><U107/><E107/><V54/><F94/><T53/><D115/><U135/><E114/><V89/><F89/><T111/><D111/><U50/><E135/><V68/><F65/><T96/><REACH who="0" step="1"/><D62/><REACH who="0" ten="392,409,239,0" step="2"/><U58/><E109/><V133/><F133/><T41/><D41/><U55/><E108/><V52/><F33/><T128/><D128/><U91/><E40/><V99/><F34/><T67/><D67/><U46/><E102/><AGARI ba="0,1" hai="51,53,59,72,73,74,80,83,90,92,95,96,97,102" m="31520,30752" machi="102" ten="40,12000,1" yaku="1,1,52,2,53,2" doraHai="66" doraHaiUra="117" who="0" fromWho="1" sc="392,130,409,-120,239,0,0,0" /><INIT seed="4,1,0,4,1,61" ten="522,289,239,0" oya="0" hai0="69,94,115,104,127,83,45,72,134,107,106,54,1" hai1="102,82,76,41,117,81,43,135,67,85,37,101,121" hai2="89,35,84,86,34,92,70,49,44,55,97,62,116" hai3=""/><T90/><D1/><U73/><N who="1" m="31008" /><U99/><E117/><V100/><F116/><T2/><D2/><U33/><E33/><V131/><F131/><T105/><D69/><U98/><E135/><V110/><F110/><T79/><D134/><U88/><E37/><V50/><F86/><T66/><D115/><U51/><E51/><V126/><F126/><T129/><D129/><U130/><E130/><V123/><N who="2" m="31520" /><V60/><F49/><T87/><D127/><U57/><E57/><V65/><REACH who="2" step="1"/><F60/><REACH who="2" ten="522,289,229,0" step="2"/><T53/><D45/><U132/><E132/><V52/><F52/><T0/><D0/><U38/><E38/><V112/><F112/><T120/><N who="0" m="30752" /><T93/><D66/><U48/><E48/><V125/><F125/><T103/><D53/><U124/><E124/><V36/><F36/><T122/><N who="0" m="31264" /><T47/><D54/><U64/><E41/><V40/><F40/><T77/><D47/><U96/><REACH who="1" step="1"/><E43/><REACH who="1" ten="522,279,229,0" step="2"/><V128/><F128/><T108/><D108/><U95/><E95/><AGARI ba="1,2" hai="34,35,44,50,55,62,65,70,84,89,92,95,97,100" m="31520" machi="95" ten="30,8000,1" yaku="1,1,7,1,52,2,53,1" doraHai="61" doraHaiUra="63" who="2" fromWho="1" sc="522,0,279,-82,229,102,0,0" /><INIT seed="5,0,0,1,0,79" ten="522,197,331,0" oya="1" hai0="127,124,102,49,119,80,55,74,130,112,37,44,114" hai1="128,129,116,81,33,71,98,134,109,95,65,120,54" hai2="76,115,3,104,86,42,131,106,85,83,110,73,53" hai3=""/><U121/><N who="1" m="30752" /><U108/><N who="1" m="31008" /><U38/><E116/><V105/><F3/><T32/><D119/><U94/><E33/><V111/><F42/><T58/><D32/><U66/><E38/><V43/><F43/><T123/><N who="0" m="31520" /><T133/><D130/><N who="1" m="50283" /><E134/><V117/><F131/><T35/><D35/><U69/><E54/><V82/><F117/><T39/><D133/><U89/><E94/><V100/><F53/><T87/><D37/><U75/><E75/><V67/><F67/><N who="1" m="25609" /><E81/><V97/><F115/><T90/><D74/><U92/><E92/><V93/><F73/><T40/><D102/><U126/><E126/><AGARI ba="0,0" hai="39,40,44,49,55,58,80,87,90,112,114,124,126,127" m="31520" machi="126" ten="40,5200,0" yaku="18,1,52,2" doraHai="79" who="0" fromWho="1" sc="522,52,197,-52,331,0,0,0" /><INIT seed="6,0,0,4,4,123" ten="574,145,331,0" oya="2" hai0="36,74,103,1,127,77,85,35,0,115,124,132,62" hai1="102,52,57,119,92,71,101,67,79,53,76,32,70" hai2="39,109,41,129,113,126,99,51,100,61,86,40,38" hai3=""/><V90/><F113/><T84/><D35/><U58/><E92/><V54/><F129/><T106/><D36/><U104/><E67/><V45/><F126/><N who="0" m="48170" /><D115/><U66/><E66/><V111/><F61/><T81/><D132/><U120/><N who="1" m="30752" /><U65/><E65/><V3/><F3/><N who="0" m="1098" /><D62/><U107/><REACH who="1" step="1"/><E32/><REACH who="1" ten="574,135,331,0" step="2"/><V50/><F39/><T98/><AGARI ba="0,1" hai="74,77,81,84,85,98,103,106" m="1098,48170" machi="98" ten="40,1100,0" yaku="18,1" doraHai="123" who="0" fromWho="0" sc="574,21,135,-4,331,-7,0,0" owari="595,55.0,131,-47.0,324,-8.0,0,0.0" /></mjloggm>