<mjloggm ver="2.3"><GO type="169" lobby="0"/><UN n0="%E3%81%9B%E3%81%A9%E3%81%AA%E3%82%8A%E3%81%82%E3%82%93" n1="%E3%81%8A%E3%81%98%E3%81%95%E3%82%93" n2="%E9%87%A3%E3%82%8A%E6%97%A5%E5%92%8C" n3="%E6%BB%9D%E6%9C%AC%E3%81%B2%E3%81%B5%E3%81%BF%EF%BC%81" dan="16,16,17,17" rate="2095.51,2160.48,2183.10,2192.75" sx="M,M,M,M"/><TAIKYOKU oya="0"/><INIT seed="0,0,0,3,4,110" ten="250,250,250,250" oya="0" hai0="133,4,27,11,24,94,128,77,107,56,39,65,54" hai1="59,20,9,66,23,98,108,74,119,67,114,124,76" hai2="90,79,130,104,28,118,81,101,68,16,80,99,45" hai3="106,132,102,75,22,84,48,87,46,115,6,14,30"/><T113/><D107/><U13/><E119/><V78/><F68/><W116/><G75/><T0/><D39/><U40/><E108/><V121/><F28/><W112/><G116/><T18/><D133/><U96/><E40/><V70/><F70/><W117/><G117/><T129/><D65/><U64/><E59/><V53/><F118/><W92/><G132/><T122/><D122/><U42/><E42/><V73/><F121/><W97/><G6/><T123/><D123/><U88/><E124/><V37/><F90/><W125/><G125/><T3/><D77/><U131/><E131/><N who="0" m="50249" /><D3/><U72/><E76/><V105/><F105/><W17/><G30/><T93/><D113/><U36/><E36/><V134/><F134/><W120/><G120/><T31/><D18/><U7/><E114/><V89/><F79/><W126/><G126/><T60/><D27/><U33/><E98/><V100/><F104/><W26/><G26/><T35/><AGARI ba="0,0" hai="0,4,11,24,31,35,54,56,60,93,94" m="50249" machi="35" ten="30,1500,0" yaku="19,1" doraHai="110" who="0" fromWho="0" sc="250,15,250,-5,250,-5,250,-5" /><INIT seed="0,1,0,0,2,99" ten="265,245,245,245" oya="0" hai0="55,75,129,42,44,67,34,73,60,109,57,59,95" hai1="14,130,78,7,101,54,97,86,15,121,61,115,5" hai2="11,35,116,117,22,124,83,56,112,52,23,48,100" hai3="123,92,47,102,126,120,49,114,113,94,71,2,28"/><T110/><D34/><U105/><E121/><N who="3" m="46666" /><G71/><T108/><D129/><U9/><E130/><V96/><F35/><W65/><G65/><T134/><D134/><U24/><E115/><V40/><F112/><W104/><G2/><T76/><D95/><N who="3" m="36393" /><G28/><T3/><D3/><U53/><E24/><V122/><F122/><W13/><G13/><T106/><D106/><U25/><E25/><V29/><F29/><W89/><G89/><T50/><REACH who="0" step="1"/><D76/><REACH who="0" ten="255,245,245,245" step="2"/><U131/><E131/><V16/><F116/><W69/><G113/><T1/><D1/><U68/><E78/><V36/><F117/><W26/><G114/><T64/><D64/><U30/><E105/><V85/><F124/><W0/><G0/><T17/><D17/><U91/><E5/><V128/><F16/><W4/><G4/><T82/><D82/><U135/><E135/><V38/><F83/><W90/><G104/><T111/><N who="0" m="27648" /><DORA hai="20" /><T93/><D93/><U74/><E7/><V37/><F128/><W77/><G77/><T72/><D72/><U103/><E74/><V51/><F96/><W88/><G126/><T80/><D80/><U8/><E97/><V43/><F85/><W27/><G90/><T118/><D118/><U84/><E91/><V63/><F100/><W127/><G88/><T87/><D87/><U41/><E84/><V21/><F11/><W66/><G102/><T39/><AGARI ba="1,1" hai="39,42,44,50,55,57,59,60,67,73,75" m="27648" machi="39" ten="60,18000,2" yaku="1,1,0,1,14,1,10,1,53,2" doraHai="99,20" doraHaiUra="19,107" who="0" fromWho="0" sc="255,193,245,-61,245,-61,245,-61" /><INIT seed="0,2,0,1,0,5" ten="448,184,184,184" oya="0" hai0="125,63,120,92,86,62,111,32,57,113,72,95,18" hai1="90,88,118,58,42,104,69,112,36,37,44,103,45" hai2="6,60,33,46,75,105,77,35,81,76,51,20,100" hai3="102,27,53,101,119,133,109,28,114,59,107,50,11"/><T49/><D72/><U121/><E118/><V99/><F76/><W84/><G114/><T98/><D120/><U91/><E121/><V130/><F130/><W65/><G109/><T47/><D125/><U110/><E69/><V71/><F20/><N who="3" m="15463" /><G107/><T0/><D32/><U97/><E110/><V124/><F124/><W83/><G133/><T64/><D0/><U82/><E112/><V66/><REACH who="2" step="1"/><F6/><REACH who="2" ten="448,184,174,184" step="2"/><W127/><G127/><T52/><D113/><U70/><E70/><V117/><F117/><W21/><G21/><T8/><D111/><U17/><E17/><V19/><F19/><W38/><G119/><T43/><D18/><U108/><E108/><V30/><F30/><W89/><G11/><T85/><D8/><U126/><E126/><V39/><F39/><W115/><G38/><T29/><D29/><U116/><E116/><V23/><F23/><W24/><G115/><T31/><D31/><U1/><E36/><V93/><F93/><W41/><G83/><T79/><D79/><U87/><E37/><V132/><F132/><W78/><G78/><T15/><D95/><U9/><E82/><V22/><F22/><W106/><G24/><T80/><D80/><U123/><E9/><V13/><F13/><W10/><G10/><T14/><D14/><U56/><E123/><V4/><F4/><W48/><G106/><T16/><D15/><U134/><E134/><V135/><F135/><W96/><G48/><T34/><D16/><U67/><E104/><V26/><F26/><W54/><G50/><T74/><D49/><U128/><E128/><V61/><F61/><RYUUKYOKU ba="2,1" sc="448,-10,184,-10,174,30,184,-10" hai2="33,35,46,51,60,66,71,75,77,81,99,100,105" /><INIT seed="1,3,1,3,0,2" ten="438,174,204,174" oya="1" hai0="53,61,34,89,75,23,100,123,110,48,133,122,44" hai1="101,127,104,73,71,40,43,135,19,103,16,129,46" hai2="36,119,11,60,66,15,114,13,62,6,77,78,33" hai3="57,7,29,4,99,59,76,3,41,32,9,81,58"/><U65/><E73/><V47/><F119/><W51/><G32/><T55/><D34/><U30/><E127/><V95/><F33/><W85/><G29/><T120/><D110/><U72/><E72/><V116/><F116/><W84/><G99/><T5/><D133/><U45/><E30/><V25/><F25/><W130/><G130/><T91/><D100/><U94/><E71/><V121/><F121/><W118/><G118/><T14/><D75/><U92/><E65/><V112/><F95/><W20/><G20/><T24/><D5/><N who="3" m="2121" /><G3/><T68/><D14/><U83/><E83/><V8/><F15/><W115/><G115/><T131/><D131/><U90/><E90/><V22/><F11/><W102/><G102/><T56/><D68/><U18/><E18/><AGARI ba="3,1" hai="18,23,24,44,48,53,55,56,61,89,91,120,122,123" machi="18" ten="40,1300,0" yaku="13,1" doraHai="2" who="0" fromWho="1" sc="438,32,174,-22,204,0,174,0" /><INIT seed="2,0,0,3,4,129" ten="470,152,204,174" oya="2" hai0="21,102,82,42,49,127,105,57,81,98,104,85,84" hai1="94,50,6,14,15,5,68,122,118,119,18,69,56" hai2="126,2,28,3,31,101,67,75,76,60,9,110,88" hai3="106,97,124,66,100,96,32,78,55,72,46,48,63"/><V132/><F126/><W61/><G124/><T89/><D127/><U8/><E122/><V113/><F113/><W135/><G32/><T29/><D105/><U53/><E69/><V12/><F101/><W108/><G72/><T54/><D42/><U13/><E68/><V95/><F76/><W23/><G78/><T43/><D43/><U40/><E40/><V25/><F75/><W33/><G33/><T91/><D21/><U99/><E5/><V51/><F51/><W116/><G108/><T121/><D29/><U35/><E35/><V52/><F31/><W79/><G79/><T62/><D121/><U111/><E111/><V22/><F110/><W47/><G96/><T130/><D130/><U41/><E41/><V93/><F93/><W30/><G46/><T59/><D59/><U131/><E131/><V120/><F52/><W117/><G61/><AGARI ba="0,0" hai="49,54,57,61,62,81,82,84,85,89,91,98,102,104" machi="61" ten="40,1300,0" yaku="9,1" doraHai="129" who="0" fromWho="3" sc="470,13,152,0,204,0,174,-13" /><INIT seed="3,0,0,4,4,67" ten="483,152,204,161" oya="3" hai0="56,88,126,115,91,49,23,81,64,92,52,82,109" hai1="27,78,85,65,77,102,111,12,89,73,0,134,31" hai2="72,26,51,7,116,96,103,61,57,9,39,15,76" hai3="10,80,114,130,28,37,44,62,63,86,121,36,129"/><W33/><G33/><T40/><D109/><U122/><E0/><V41/><F116/><W16/><G28/><T25/><D126/><U94/><E122/><V71/><F39/><W87/><G114/><T100/><D64/><U105/><E134/><V98/><F72/><W83/><G10/><T84/><D100/><U113/><E113/><V55/><F76/><W5/><G5/><T14/><D14/><U101/><E111/><V120/><F120/><W131/><G121/><T38/><D38/><N who="3" m="14953" /><G44/><N who="0" m="25735" /><D91/><U50/><E102/><V30/><F103/><W132/><G16/><N who="0" m="12519" /><D115/><U93/><E101/><V119/><F119/><W32/><G32/><T106/><D106/><U112/><E105/><V35/><F41/><W8/><G8/><T66/><D66/><U95/><E65/><V74/><F74/><W58/><G132/><T107/><D107/><U18/><E73/><V79/><F79/><N who="3" m="46367" /><G58/><T117/><D117/><U21/><E112/><V75/><F75/><W17/><G17/><T53/><D53/><U127/><E127/><V54/><F54/><W70/><G70/><T13/><D13/><U68/><E68/><V69/><F71/><W118/><G118/><T90/><D90/><AGARI ba="0,0" hai="62,63,83,87,90,129,130,131" m="46367,14953" machi="90" ten="40,2000,0" yaku="19,1" doraHai="67" who="3" fromWho="0" sc="483,-20,152,0,204,0,161,20" /><INIT seed="3,1,0,0,5,58" ten="463,152,204,181" oya="3" hai0="14,46,65,119,125,123,112,55,68,85,82,30,100" hai1="1,70,15,77,114,17,135,132,28,53,51,59,61" hai2="83,103,79,131,62,71,50,99,19,126,121,76,133" hai3="94,35,108,49,66,91,98,45,89,97,6,92,11"/><W3/><G108/><T34/><D119/><U12/><E1/><V48/><F133/><N who="1" m="51273" /><E114/><V111/><F111/><W22/><G35/><T7/><D55/><U39/><E39/><V95/><F131/><W69/><G22/><T109/><D7/><U20/><E28/><V21/><F126/><W113/><G113/><T32/><D14/><N who="1" m="9271" /><E77/><V10/><F10/><W8/><G8/><T31/><D100/><U90/><E90/><V64/><F76/><W120/><G120/><T18/><D85/><U102/><E102/><V5/><F5/><W104/><G104/><T93/><D46/><N who="1" m="27895" /><E70/><V0/><F0/><W43/><G69/><T84/><D65/><AGARI ba="1,0" hai="12,15,59,61,65" m="27895,9271,51273" machi="65" ten="30,2000,0" yaku="20,1,52,1" doraHai="58" who="1" fromWho="0" sc="463,-23,152,23,204,0,181,0" /><AGARI ba="1,0" hai="3,6,11,43,45,49,65,66,89,91,92,94,97,98" machi="65" ten="40,2000,0" yaku="9,1" doraHai="58" who="3" fromWho="0" sc="440,-20,175,0,204,0,181,20" /><INIT seed="3,2,0,4,5,94" ten="420,175,204,201" oya="3" hai0="24,65,19,123,56,39,1,15,20,81,49,26,43" hai1="83,60,131,46,133,32,110,132,13,103,97,18,52" hai2="80,99,127,116,28,102,88,29,93,2,100,96,36" hai3="82,135,75,64,89,108,119,61,62,69,106,101,51"/><W134/><G119/><T0/><D123/><U37/><E32/><V92/><F36/><W125/><G125/><T113/><D39/><U17/><E110/><V87/><F2/><W104/><G108/><T71/><D71/><U25/><E131/><V31/><F127/><W85/><G75/><T33/><D113/><U76/><E37/><V14/><F14/><W27/><G61/><T9/><D65/><U130/><E25/><V117/><AGARI ba="2,0" hai="28,29,31,80,87,88,92,93,96,99,100,102,116,117" machi="117" ten="30,8000,1" yaku="0,1,9,1,52,2,54,1" doraHai="94" who="2" fromWho="2" sc="420,-22,175,-22,204,86,201,-42" /><INIT seed="4,0,0,0,0,88" ten="398,153,290,159" oya="0" hai0="125,67,80,112,9,2,66,41,6,62,55,44,134" hai1="92,35,99,110,31,83,48,101,89,117,98,40,119" hai2="18,87,102,114,63,13,23,126,10,74,22,27,111" hai3="26,100,97,25,7,4,51,32,128,30,103,11,50"/><T123/><D123/><U79/><E35/><V85/><F111/><W122/><G128/><T20/><D112/><U69/><E69/><V121/><F121/><W56/><G122/><T75/><D125/><U105/><E31/><V78/><F114/><W82/><G82/><T14/><D134/><U57/><E110/><V0/><F126/><W107/><G100/><T45/><D20/><U127/><E127/><V60/><F74/><W29/><G56/><T54/><D14/><U71/><E71/><V106/><F0/><W73/><G73/><T42/><D44/><U93/><E105/><V3/><F3/><W129/><G129/><T76/><D42/><U16/><E16/><V96/><F23/><W24/><G24/><T5/><D5/><U72/><REACH who="1" step="1"/><E57/><REACH who="1" ten="398,143,290,159" step="2"/><V133/><F18/><W1/><REACH who="3" step="1"/><G4/><REACH who="3" ten="398,143,290,149" step="2"/><T95/><D6/><U115/><E115/><V118/><F106/><W77/><G77/><T86/><D76/><U52/><E52/><V132/><F78/><W91/><G91/><N who="0" m="53751" /><D54/><U64/><E64/><V46/><F132/><W17/><G17/><T33/><D55/><U61/><E61/><V36/><F63/><W53/><G53/><T90/><D62/><U94/><E94/><V113/><F60/><W47/><G47/><AGARI ba="0,2" hai="40,47,48,72,79,83,89,92,93,98,99,101,117,119" machi="47" ten="40,5200,0" yaku="1,1,52,2,53,0" doraHai="88" doraHaiUra="131" who="1" fromWho="3" sc="398,0,143,72,290,0,149,-52" /><INIT seed="5,0,0,5,0,118" ten="398,215,290,97" oya="1" hai0="109,42,81,75,47,62,135,17,29,113,77,111,64" hai1="33,112,102,84,114,52,128,99,6,96,38,36,32" hai2="19,133,20,132,94,119,24,71,37,46,28,7,73" hai3="107,125,108,80,51,21,39,89,48,11,79,123,129"/><U90/><E6/><V8/><F119/><W127/><G39/><N who="1" m="14890" /><E99/><V45/><F71/><W121/><G108/><T26/><D17/><U30/><E30/><V120/><F120/><N who="3" m="46155" /><G107/><T12/><D12/><U124/><E124/><N who="3" m="47690" /><G129/><T98/><D98/><U65/><E65/><V101/><F73/><N who="3" m="43119" /><G21/><T31/><D109/><U95/><E128/><V41/><F37/><W116/><G116/><T4/><D111/><U134/><E134/><V44/><F20/><W10/><G89/><T97/><D135/><U55/><E32/><V110/><F110/><W122/><N who="3" m="46163" /><W61/><DORA hai="23" /><G61/><T82/><D62/><U14/><E33/><V115/><F132/><W3/><G3/><T40/><D77/><U2/><E2/><V76/><F76/><W50/><AGARI ba="0,0" hai="10,11,48,50,51" m="43119,47690,46163" machi="50" ten="50,8000,1" yaku="18,1,52,4" doraHai="118,23" who="3" fromWho="3" sc="398,-20,215,-40,290,-20,97,80" /><INIT seed="6,0,0,2,3,42" ten="378,175,270,177" oya="2" hai0="1,82,132,99,104,40,107,123,4,128,59,63,125" hai1="7,47,108,77,24,39,105,121,50,56,83,117,134" hai2="14,65,33,114,37,113,111,80,89,120,13,106,31" hai3="100,0,95,6,30,66,53,96,41,51,57,20,54"/><V46/><F106/><W29/><G0/><T43/><D123/><U75/><E108/><V55/><F120/><W12/><G41/><T131/><D125/><U109/><E109/><V3/><F3/><W34/><G34/><T102/><D132/><U81/><E121/><V17/><F37/><W36/><G36/><T5/><D82/><U78/><E105/><V15/><F65/><W87/><G66/><N who="0" m="39295" /><D107/><U97/><E117/><V28/><F17/><N who="3" m="10279" /><G6/><N who="0" m="2667" /><D1/><U64/><E7/><V27/><F31/><W67/><G67/><T48/><D48/><U98/><E134/><V25/><F111/><W18/><G18/><T119/><D119/><U124/><E124/><V118/><F118/><W79/><G53/><T74/><D74/><U129/><E39/><V135/><F135/><W91/><G79/><T101/><D101/><U85/><E129/><AGARI ba="0,0" hai="40,43,99,102,104,128,129,131" m="2667,39295" machi="129" ten="30,1000,0" yaku="19,1" doraHai="42" who="0" fromWho="1" sc="378,10,175,-10,270,0,177,0" /><INIT seed="7,0,0,1,2,48" ten="388,165,270,177" oya="3" hai0="3,40,104,68,2,72,27,81,134,24,99,0,105" hai1="16,45,91,25,114,77,15,57,31,102,100,23,127" hai2="109,87,125,35,22,54,106,42,78,126,34,108,103" hai3="11,122,93,101,76,1,5,52,130,56,13,116,133"/><W129/><G116/><T98/><D40/><U92/><E114/><V124/><F42/><W79/><G122/><T36/><D68/><U131/><E127/><V67/><F67/><W132/><G1/><T121/><D81/><U18/><E131/><N who="3" m="50186" /><G101/><N who="1" m="39018" /><E45/><V20/><F103/><W41/><G93/><T9/><D9/><N who="1" m="6255" /><E57/><V119/><F106/><W53/><G41/><T32/><D32/><U113/><E113/><V58/><F119/><W61/><G53/><T49/><D49/><U65/><E77/><AGARI ba="0,0" hai="5,11,13,52,56,61,76,77,79,132,133" m="50186" machi="77" ten="30,5800,0" yaku="19,1,52,1,54,1" doraHai="48" who="3" fromWho="1" sc="388,0,165,-58,270,0,177,58" /><INIT seed="7,1,0,5,0,34" ten="388,107,270,235" oya="3" hai0="32,84,4,22,65,25,43,114,48,77,90,1,78" hai1="10,94,62,16,18,129,60,46,117,93,17,31,45" hai2="21,101,20,96,80,0,70,11,42,91,112,106,24" hai3="13,122,15,135,124,66,5,88,79,75,27,86,37"/><W47/><G122/><T119/><D32/><U14/><E129/><V51/><F70/><W69/><G124/><T29/><D119/><U127/><E127/><V2/><F112/><W56/><G135/><T109/><D109/><U120/><E120/><V82/><F21/><W52/><G79/><T81/><D1/><U72/><E72/><V111/><F111/><W63/><G75/><T74/><D4/><U130/><E130/><V105/><F105/><W134/><G27/><T107/><D107/><U44/><E117/><V9/><F9/><W33/><G33/><T61/><D114/><U50/><E50/><V30/><F11/><W108/><G5/><T40/><D48/><U6/><REACH who="1" step="1"/><E31/><REACH who="1" ten="388,97,270,235" step="2"/><V95/><F51/><N who="3" m="30751" /><G108/><T49/><D49/><U53/><E53/><V116/><F116/><W41/><G134/><T102/><D77/><U35/><E35/><V58/><F106/><W55/><G55/><T103/><D43/><U57/><E57/><V113/><F58/><W110/><G110/><T83/><D40/><U128/><E128/><V89/><F42/><W64/><G64/><T73/><D73/><U131/><E131/><V7/><F113/><W68/><G68/><AGARI ba="1,1" hai="22,25,29,61,65,68,74,78,81,83,84,90,102,103" machi="68" ten="30,1000,0" yaku="7,1" doraHai="34" who="0" fromWho="3" sc="388,23,97,0,270,0,235,-13" owari="411,51.0,97,-40.0,270,7.0,222,-18.0" /></mjloggm>