<mjloggm ver="2.3"><GO type="169" lobby="0"/><UN n0="%E6%98%8E%E6%97%A5%E3%81%AE%E3%82%86%E3%81%8F%E3%81%88" n1="%67%61%79%75%6E%79" n2="%E3%81%97%E3%81%A1%E3%81%8C%E3%81%A4" n3="%E9%BA%BB%E9%9B%80%49%51%31%32%30" dan="17,16,16,17" rate="2246.62,2119.38,2011.58,2232.70" sx="M,M,M,M"/><TAIKYOKU oya="0"/><INIT seed="0,0,0,4,0,65" ten="250,250,250,250" oya="0" hai0="69,90,30,46,96,125,108,104,44,115,20,85,113" hai1="54,60,47,73,7,127,57,97,15,22,52,89,55" hai2="123,66,34,53,62,35,56,13,16,117,103,6,134" hai3="32,50,95,14,91,45,23,81,74,33,2,28,124"/><T82/><D125/><U76/><E127/><V126/><F126/><W94/><G2/><T37/><D108/><U29/><E73/><V61/><F123/><W40/><G95/><T114/><D37/><U110/><E76/><V105/><F6/><W12/><G12/><T48/><D30/><U111/><E29/><V67/><F117/><W0/><G0/><T63/><D20/><U93/><E47/><V86/><F86/><W70/><G124/><T107/><D96/><U68/><E68/><V31/><F134/><W19/><G70/><T41/><REACH who="0" step="1"/><D44/><REACH who="0" ten="240,250,250,250" step="2"/><U135/><E135/><V116/><F31/><W118/><G28/><T64/><AGARI ba="0,1" hai="41,46,48,63,64,69,82,85,90,104,107,113,114,115" machi="64" ten="40,12000,1" yaku="1,1,2,1,0,1,52,1,53,1" doraHai="65" doraHaiUra="42" who="0" fromWho="0" sc="240,130,250,-40,250,-40,250,-40" /><INIT seed="0,1,0,1,2,64" ten="370,210,210,210" oya="0" hai0="133,15,122,103,62,5,118,54,95,55,19,74,131" hai1="35,4,47,6,13,24,43,58,75,18,114,73,76" hai2="86,109,40,11,51,90,105,96,45,38,59,48,8" hai3="83,36,42,132,49,69,7,78,70,89,85,16,129"/><T46/><D118/><U81/><E114/><V21/><F109/><W25/><G36/><T60/><D122/><U104/><E104/><V34/><F34/><W68/><G7/><T30/><D74/><U126/><E73/><V31/><F96/><W80/><G129/><T116/><D116/><U110/><E110/><V117/><F105/><W22/><G132/><T87/><D133/><U102/><E102/><V44/><F59/><W57/><G57/><T101/><D30/><U28/><E58/><V10/><F117/><W124/><G124/><T121/><D5/><U23/><REACH who="1" step="1"/><E126/><REACH who="1" ten="370,200,210,210" step="2"/><V0/><F44/><W32/><G32/><T120/><D120/><U106/><E106/><V113/><F113/><W119/><G119/><T128/><D121/><U67/><E67/><V37/><F0/><W39/><G39/><AGARI ba="1,1" hai="4,6,13,18,23,24,28,35,39,43,47,75,76,81" machi="39" ten="30,3900,0" yaku="1,1,7,1,53,1" doraHai="64" doraHaiUra="77" who="1" fromWho="3" sc="370,0,200,52,210,0,210,-42" /><INIT seed="1,0,0,3,5,122" ten="370,252,210,168" oya="1" hai0="0,21,67,82,54,132,60,104,120,92,39,75,72" hai1="24,27,6,100,43,1,69,96,68,97,48,101,81" hai2="30,3,42,87,29,78,33,44,64,32,80,26,35" hai3="56,116,38,70,61,63,105,106,111,53,41,10,59"/><U85/><E6/><V13/><F3/><W65/><G10/><T115/><D104/><U77/><E1/><V109/><F64/><W23/><G116/><T66/><D0/><U125/><E125/><V46/><F46/><W88/><G111/><T22/><D39/><U50/><E43/><V134/><F134/><W18/><G70/><T36/><D36/><U133/><E133/><V112/><F112/><W73/><G73/><T40/><D40/><U91/><E77/><V108/><F13/><W114/><G114/><T121/><D92/><U119/><E119/><V117/><F117/><W47/><REACH who="3" step="1"/><G88/><REACH who="3" ten="370,252,210,158" step="2"/><T135/><D115/><U4/><E4/><V8/><F8/><W93/><G93/><T58/><D82/><U57/><E69/><V123/><F123/><N who="0" m="47178" /><D75/><U14/><E68/><V20/><REACH who="2" step="1"/><F30/><REACH who="2" ten="370,252,200,158" step="2"/><W86/><G86/><T12/><D72/><U126/><E85/><V25/><F25/><AGARI ba="0,2" hai="18,23,25,38,41,47,53,56,59,61,63,65,105,106" machi="25" ten="30,2000,0" yaku="1,1,7,1,53,0" doraHai="122" doraHaiUra="79" who="3" fromWho="2" sc="370,0,252,0,200,-20,158,40" /><INIT seed="2,0,0,5,0,113" ten="370,252,180,198" oya="2" hai0="114,63,54,22,110,82,126,125,35,49,5,11,42" hai1="7,66,103,43,62,13,131,47,19,107,10,123,50" hai2="119,17,87,28,12,59,109,69,18,40,39,84,78" hai3="79,80,73,120,8,9,98,124,55,74,105,99,95"/><V52/><F69/><W36/><G120/><T57/><D35/><U100/><E123/><V83/><F109/><W127/><G36/><T4/><D114/><U41/><E131/><V15/><F28/><W45/><G45/><N who="0" m="25783" /><D110/><U104/><E41/><V116/><F40/><W26/><G55/><T25/><D11/><U68/><E107/><V94/><F39/><W65/><G65/><T38/><D38/><U117/><E104/><V60/><F87/><W92/><G105/><T23/><D23/><U67/><E67/><V86/><F86/><W72/><G26/><T88/><D82/><U3/><REACH who="1" step="1"/><E117/><REACH who="1" ten="370,242,180,198" step="2"/><V133/><F133/><W44/><G127/><T85/><D126/><U76/><E76/><V1/><F94/><W32/><G124/><T91/><D125/><U53/><E53/><V24/><F1/><W97/><G95/><N who="0" m="54671" /><D91/><U0/><E0/><V2/><F2/><W96/><G92/><T101/><D101/><U106/><E106/><V89/><F78/><W6/><G79/><T51/><D51/><U130/><E130/><V37/><F37/><W118/><G80/><T132/><D132/><U27/><E27/><V121/><F121/><W61/><G118/><N who="2" m="45097" /><F24/><W20/><G74/><T16/><AGARI ba="0,1" hai="4,5,16,22,25,54,57,63" m="54671,25783" machi="16" ten="30,4000,0" yaku="8,1,54,2" doraHai="113" who="0" fromWho="0" sc="370,50,242,-10,180,-20,198,-10" /><INIT seed="3,0,0,4,3,132" ten="420,232,160,188" oya="3" hai0="124,11,73,123,7,116,34,16,40,119,96,21,118" hai1="114,72,35,52,127,36,27,94,61,126,109,23,88" hai2="105,53,89,108,56,44,38,8,117,49,125,47,50" hai3="20,1,14,106,57,101,28,45,41,48,69,104,29"/><W86/><G1/><N who="0" m="495" /><D96/><U83/><E35/><V112/><F105/><W95/><G69/><T129/><D40/><U92/><E36/><V26/><F117/><W130/><G130/><T97/><D97/><U60/><E109/><V24/><F108/><W103/><G106/><T121/><D73/><U85/><E114/><V67/><F38/><W17/><G104/><T54/><D54/><U99/><E72/><V19/><F112/><W15/><G15/><N who="0" m="9375" /><D129/><U79/><E94/><V107/><F107/><W102/><G57/><T110/><D110/><U78/><E78/><V80/><F67/><W63/><G63/><T22/><D22/><U91/><E91/><AGARI ba="0,0" hai="14,17,20,28,29,41,45,48,86,91,95,101,102,103" machi="91" ten="40,2000,0" yaku="8,1" doraHai="132" who="3" fromWho="1" sc="420,0,232,-20,160,0,188,20" /><INIT seed="3,1,0,5,3,102" ten="420,212,160,208" oya="3" hai0="88,11,78,42,106,47,48,115,95,128,87,14,83" hai1="32,25,54,125,3,33,39,80,126,118,73,1,30" hai2="71,31,24,44,9,90,131,109,50,81,6,22,107" hai3="52,65,112,132,49,116,46,100,134,53,68,29,58"/><W55/><G29/><T62/><D128/><U108/><E39/><V13/><F131/><W79/><G79/><T98/><D115/><U74/><E33/><V21/><F71/><W123/><G100/><T36/><D36/><U111/><E54/><V110/><F22/><W4/><G4/><N who="0" m="3431" /><D62/><U26/><E26/><V19/><F6/><W10/><G10/><T41/><D41/><U35/><E118/><V129/><F129/><W18/><G18/><T104/><AGARI ba="1,0" hai="42,47,48,78,83,87,88,95,98,104,106" m="3431" machi="104" ten="30,7900,0" yaku="25,1,52,2,54,1" doraHai="102" who="0" fromWho="0" sc="420,82,212,-21,160,-21,208,-40" /><INIT seed="4,0,0,2,2,106" ten="502,191,139,168" oya="0" hai0="105,110,47,2,93,11,78,55,42,34,132,71,125" hai1="85,86,60,26,35,96,126,92,76,40,122,133,74" hai2="97,20,68,91,62,103,121,75,101,69,1,111,54" hai3="33,120,41,67,37,59,100,5,108,4,16,80,127"/><T32/><D105/><U52/><E122/><V61/><F111/><W88/><G33/><T10/><D71/><U15/><E126/><V95/><F1/><W112/><G108/><T51/><D125/><U24/><E133/><V109/><F109/><W44/><G112/><T129/><D132/><U53/><E40/><V56/><F121/><W50/><G100/><T89/><D129/><U104/><E104/><V63/><F75/><W113/><G113/><T83/><D110/><U134/><E134/><V64/><REACH who="2" step="1"/><F20/><REACH who="2" ten="502,191,129,168" step="2"/><W23/><G120/><T115/><D2/><U58/><E74/><V94/><F94/><W46/><G127/><T66/><D32/><U118/><E92/><V135/><F135/><W70/><G4/><T84/><D34/><U29/><E35/><V98/><F98/><W28/><G5/><T65/><D115/><U36/><E96/><V102/><F102/><W128/><G128/><T9/><REACH who="0" step="1"/><D42/><REACH who="0" ten="492,191,129,168" step="2"/><U90/><E118/><V25/><F25/><W8/><G41/><T79/><D79/><U45/><E76/><V18/><F18/><W12/><G16/><T73/><AGARI ba="0,2" hai="9,10,11,47,51,55,65,66,73,78,83,84,89,93" machi="73" ten="30,6000,0" yaku="1,1,0,1,52,1,53,0" doraHai="106" doraHaiUra="57" who="0" fromWho="0" sc="492,80,191,-20,129,-20,168,-20" /><INIT seed="4,1,0,3,0,116" ten="572,171,109,148" oya="0" hai0="46,88,93,17,74,67,44,13,96,119,81,54,133" hai1="110,114,111,112,32,0,63,29,130,24,3,35,22" hai2="128,85,115,8,113,118,107,53,87,49,71,42,77" hai3="37,40,122,68,39,64,121,57,25,135,129,131,18"/><T4/><D119/><U106/><E106/><V69/><F118/><W126/><G126/><T75/><D133/><U6/><E130/><N who="3" m="49674" /><G135/><T56/><D4/><U45/><E45/><V41/><F107/><W60/><G18/><T47/><D67/><U30/><E63/><V58/><F128/><W9/><G9/><T38/><D38/><N who="3" m="14345" /><G25/><T76/><D75/><U105/><E105/><V134/><F134/><W66/><G40/><N who="2" m="15465" /><F8/><W99/><G99/><T51/><D17/><U83/><E83/><N who="2" m="47343" /><F87/><W108/><G108/><N who="1" m="41514" /><E6/><V1/><F1/><N who="1" m="585" /><E30/><V73/><F73/><W102/><G102/><T97/><D13/><U95/><E95/><V92/><F92/><W14/><G14/><T86/><AGARI ba="1,0" hai="44,46,47,51,54,56,74,76,81,86,88,93,96,97" machi="86" ten="30,3000,0" yaku="0,1,54,1" doraHai="116" who="0" fromWho="0" sc="572,33,171,-11,109,-11,148,-11" /><INIT seed="4,2,0,1,3,41" ten="605,160,98,137" oya="0" hai0="42,61,16,83,80,90,30,15,32,20,53,50,1" hai1="65,78,91,57,38,108,6,101,123,11,79,60,71" hai2="44,88,62,64,3,102,67,118,98,21,70,105,63" hai3="111,127,94,124,48,119,106,130,19,12,131,4,28"/><T112/><D112/><U117/><E123/><V132/><F3/><W34/><G106/><T8/><D32/><U5/><E117/><V2/><F2/><W40/><G94/><T86/><D42/><U27/><E38/><V100/><F118/><W9/><G119/><T24/><D1/><U7/><E108/><V73/><F73/><W22/><G111/><T104/><D104/><U82/><E101/><V125/><F125/><N who="3" m="48203" /><G40/><T114/><D114/><U103/><E103/><V59/><F132/><W37/><G48/><T93/><REACH who="0" step="1"/><D61/><REACH who="0" ten="595,160,98,137" step="2"/><U96/><E60/><V135/><F105/><W66/><G34/><T129/><D129/><U95/><E7/><V110/><F110/><W54/><G4/><T81/><D81/><U52/><E82/><V25/><F135/><W128/><G128/><T72/><D72/><U113/><E5/><V47/><F63/><W84/><G131/><T77/><D77/><U122/><E79/><V29/><F70/><W85/><G130/><T35/><D35/><U109/><E78/><V23/><F67/><W31/><G66/><T107/><D107/><U46/><E65/><V99/><F64/><W120/><G120/><T36/><D36/><U116/><E71/><V69/><F69/><W39/><G39/><T126/><D126/><U115/><E122/><V68/><F68/><W74/><G37/><T89/><D89/><U133/><E91/><V51/><F88/><W58/><G74/><T18/><D18/><U121/><E133/><V75/><F75/><W0/><G0/><T92/><D92/><U26/><E115/><V17/><F62/><RYUUKYOKU ba="2,1" sc="595,30,160,-10,98,-10,137,-10" hai0="8,15,16,20,24,30,50,53,80,83,86,90,93" /><INIT seed="4,3,1,0,3,23" ten="625,150,88,127" oya="0" hai0="45,5,38,134,12,60,48,67,95,28,24,121,123" hai1="79,118,40,30,111,6,119,115,120,97,8,13,93" hai2="99,107,87,91,127,65,100,7,110,1,94,32,101" hai3="34,53,22,27,69,83,77,61,11,126,2,47,3"/><T106/><D106/><U128/><E111/><V4/><F110/><W104/><G34/><T90/><D38/><U21/><E120/><V42/><F127/><W113/><G113/><T131/><D131/><U46/><E128/><V18/><F32/><W59/><G126/><T129/><D134/><U81/><E115/><V54/><F42/><W56/><G69/><T92/><D92/><U29/><E29/><V43/><F43/><W105/><G47/><T71/><D129/><U88/><E21/><V78/><F65/><W89/><G89/><T31/><D31/><U0/><E30/><V51/><F1/><W49/><G11/><T63/><D63/><U73/><REACH who="1" step="1"/><E13/><REACH who="1" ten="625,140,88,127" step="2"/><V58/><F101/><W80/><G2/><T16/><D5/><U50/><AGARI ba="3,2" hai="0,6,8,40,46,50,73,79,81,88,93,97,118,119" machi="50" ten="20,8000,1" yaku="1,1,2,1,0,1,7,1,54,1,53,0" doraHai="23" doraHaiUra="57" who="1" fromWho="1" sc="625,-43,140,109,88,-23,127,-23" /><INIT seed="5,0,0,4,2,54" ten="582,249,65,104" oya="1" hai0="8,128,110,89,59,114,58,28,103,47,83,105,119" hai1="60,92,46,129,88,32,18,14,72,96,130,36,79" hai2="78,113,49,124,87,11,81,48,63,62,41,100,39" hai3="111,99,125,0,64,2,31,120,23,101,9,38,71"/><U13/><E32/><V12/><F124/><W50/><G111/><T27/><D110/><U30/><E30/><V20/><F39/><W26/><G38/><T25/><D119/><U90/><E72/><V1/><F1/><W109/><G120/><T116/><D116/><U121/><E79/><V108/><F108/><W35/><G125/><T17/><D105/><U115/><E115/><V57/><F100/><W97/><G97/><T66/><D103/><U82/><E121/><V94/><F20/><W29/><G50/><T43/><D66/><U126/><E126/><V132/><F132/><W42/><G42/><T74/><D128/><N who="1" m="49259" /><E14/><V118/><F118/><W85/><G85/><N who="0" m="50367" /><D74/><U131/><N who="1" m="49267" /><U44/><DORA hai="65" /><E36/><V104/><F104/><W80/><G109/><T34/><D114/><U55/><E82/><V33/><F33/><W93/><G80/><T5/><D34/><U19/><E90/><V69/><F113/><W117/><G117/><T53/><D43/><U98/><E98/><V91/><F41/><W76/><G35/><T7/><D28/><U24/><E24/><V6/><F63/><W134/><G29/><T106/><D25/><U135/><E135/><V70/><F48/><W127/><G134/><T112/><D112/><U73/><E73/><N who="2" m="43215" /><F49/><W56/><G127/><T37/><D37/><U107/><E107/><V122/><F122/><W86/><G0/><T3/><D106/><U95/><E95/><V52/><F94/><W67/><G2/><T51/><D7/><U123/><E123/><V102/><F102/><W61/><G101/><T77/><D77/><RYUUKYOKU ba="0,0" sc="582,15,249,-15,65,15,104,-15" hai0="3,5,8,17,27,47,51,53,58,59" hai2="6,11,12,52,57,62,69,70,87,91" /><INIT seed="6,1,0,4,4,48" ten="597,234,80,89" oya="2" hai0="64,59,35,119,87,40,131,46,20,92,70,109,36" hai1="75,134,108,45,97,102,93,130,51,11,15,115,106" hai2="79,0,127,27,1,125,24,32,56,110,128,13,61" hai3="49,22,104,74,5,42,123,28,91,38,19,78,26"/><V114/><F110/><W126/><G104/><T25/><D109/><U69/><E108/><V113/><F79/><W94/><G123/><T82/><D131/><U18/><E75/><V23/><F128/><W122/><G122/><T135/><D135/><U85/><E69/><V63/><F32/><W2/><G126/><N who="2" m="48137" /><F63/><W120/><G120/><T121/><D121/><U9/><E130/><V31/><F13/><W4/><G38/><T80/><D35/><U77/><E134/><V62/><F62/><W34/><G78/><T21/><D70/><U8/><E115/><N who="2" m="44043" /><F27/><W60/><G60/><T99/><D25/><U37/><E37/><V33/><F33/><W112/><G112/><T41/><D36/><U95/><E106/><V6/><F6/><W76/><G76/><T98/><D119/><U50/><E50/><V30/><F31/><W81/><G74/><T43/><D20/><U103/><E77/><V29/><F29/><W107/><G107/><T132/><D21/><U90/><E103/><V10/><F10/><W66/><G34/><T72/><D72/><U133/><E133/><V12/><F12/><W57/><G26/><T17/><D132/><U101/><E101/><V53/><AGARI ba="1,0" hai="0,1,23,24,30,53,56,61" m="44043,48137" machi="53" ten="30,6000,0" yaku="18,1,15,1,52,1" doraHai="48" who="2" fromWho="2" sc="597,-21,234,-21,80,63,89,-21" /><INIT seed="6,2,0,1,0,12" ten="576,213,143,68" oya="2" hai0="85,83,92,32,66,106,11,47,20,120,96,58,9" hai1="18,19,45,23,54,118,88,41,55,63,44,132,73" hai2="39,101,46,107,130,126,52,133,91,25,124,29,67" hai3="76,28,82,100,43,60,117,8,61,62,78,111,105"/><V35/><F130/><W77/><G111/><T108/><D32/><U129/><E73/><V48/><F133/><W90/><G117/><T4/><D106/><U86/><E118/><V98/><F39/><W71/><G28/><T1/><D120/><U17/><E132/><V127/><F67/><W104/><G43/><T36/><D108/><U112/><E112/><V87/><REACH who="2" step="1"/><F126/><REACH who="2" ten="576,213,133,68" step="2"/><W81/><G71/><T59/><D66/><U51/><E129/><V50/><F50/><W57/><G60/><T40/><D9/><U70/><E70/><V27/><F27/><W37/><G61/><T116/><D116/><U109/><E63/><V5/><F5/><W65/><G37/><T30/><D11/><U95/><E109/><V2/><F2/><W89/><G8/><T110/><D4/><U22/><REACH who="1" step="1"/><E55/><REACH who="1" ten="576,203,133,68" step="2"/><V31/><F31/><W84/><G65/><T21/><D36/><AGARI ba="2,2" hai="17,18,19,22,23,36,41,44,45,51,54,86,88,95" machi="36" ten="40,12000,2" yaku="1,1,2,1,52,3,54,1,53,0" doraHai="12" doraHaiUra="64" who="1" fromWho="0" sc="576,-126,203,146,133,0,68,0" /><INIT seed="7,0,0,3,5,114" ten="450,349,133,68" oya="3" hai0="113,90,88,108,101,131,36,85,83,64,30,24,65" hai1="54,4,89,48,72,117,75,18,42,3,12,68,7" hai2="46,110,19,73,134,70,49,51,15,135,116,2,9" hai3="79,43,93,78,86,99,98,38,107,47,61,129,69"/><W13/><G129/><T76/><D108/><U103/><E68/><V35/><F110/><W28/><G28/><T104/><D36/><U91/><E42/><V6/><F70/><W130/><G130/><T84/><D131/><U53/><E103/><V21/><F116/><W87/><G107/><T96/><D113/><U20/><E3/><V59/><F73/><W125/><G125/><T67/><REACH who="0" step="1"/><D84/><REACH who="0" ten="440,349,133,68" step="2"/><U34/><E34/><AGARI ba="0,1" hai="24,30,34,64,65,67,76,83,85,88,90,96,101,104" machi="34" ten="40,8000,1" yaku="1,1,2,1,54,1,53,1" doraHai="114" doraHaiUra="23" who="0" fromWho="1" sc="440,90,349,-80,133,0,68,0" owari="530,63.0,269,7.0,133,-27.0,68,-43.0" /></mjloggm>