<mjloggm ver="2.3"><GO type="169" lobby="0"/><UN n0="%E3%81%9B%E3%81%A9%E3%81%AA%E3%82%8A%E3%81%82%E3%82%93" n1="%E5%A4%A9%E5%A5%B3%E3%81%A1%E3%82%83%E3%82%93%2A%E2%8C%92%E2%98%86" n2="%E3%82%B5%E3%83%B3%26%E3%83%A0%E3%83%BC%E3%83%B3" n3="%E5%A4%9A%E6%91%A9%E3%82%BD%E3%83%BC%E3%82%B8" dan="16,16,16,16" rate="2097.90,2143.96,2113.59,2053.28" sx="M,F,M,M"/><TAIKYOKU oya="0"/><INIT seed="0,0,0,4,3,65" ten="250,250,250,250" oya="0" hai0="81,89,107,123,21,19,111,133,48,87,61,58,109" hai1="27,95,26,130,51,117,67,4,125,22,18,94,34" hai2="122,127,24,52,110,10,126,131,71,63,84,54,72" hai3="9,66,104,79,7,74,115,134,1,91,8,112,32"/><T44/><D123/><U59/><E117/><V39/><F72/><W35/><G91/><T96/><D133/><U82/><E130/><V60/><F122/><W2/><G104/><T43/><D107/><U36/><E36/><V17/><F39/><W6/><G66/><T93/><D58/><U31/><E125/><N who="2" m="47627" /><F131/><W37/><G37/><T23/><D61/><N who="2" m="23626" /><F71/><W0/><G134/><T15/><REACH who="0" step="1"/><D21/><REACH who="0" ten="240,250,250,250" step="2"/><U73/><E22/><N who="2" m="13391" /><F110/><W90/><G35/><T50/><D50/><U38/><E51/><V70/><F70/><W106/><G32/><T80/><D80/><U16/><E82/><V92/><F10/><W128/><G128/><T103/><AGARI ba="0,1" hai="15,19,23,43,44,48,81,87,89,93,96,103,109,111" machi="103" ten="30,3000,0" yaku="1,1,0,1,53,0" doraHai="65" doraHaiUra="53" who="0" fromWho="0" sc="240,40,250,-10,250,-10,250,-10" /><INIT seed="0,1,0,1,1,44" ten="280,240,240,240" oya="0" hai0="61,97,83,24,69,11,96,38,29,41,72,52,107" hai1="9,25,3,34,117,102,121,114,17,89,14,120,12" hai2="94,86,91,16,106,26,49,48,79,115,98,67,45" hai3="119,73,55,92,95,134,82,85,35,53,101,71,111"/><T57/><D107/><U54/><E54/><V103/><F115/><W81/><G119/><T10/><D69/><U6/><E89/><V5/><F5/><W36/><G35/><T130/><D130/><U40/><E40/><V1/><F1/><W113/><G36/><T90/><D38/><U37/><E102/><V77/><F67/><W124/><G71/><T135/><D135/><U78/><E78/><V84/><F84/><W70/><G70/><T42/><D97/><U51/><E51/><V28/><F16/><W122/><G55/><T27/><D72/><U19/><E37/><V59/><F59/><W63/><G134/><T74/><D74/><U39/><E39/><V56/><F56/><W127/><G53/><T62/><D62/><U4/><E117/><V123/><F123/><N who="1" m="47177" /><E114/><V31/><F31/><W126/><G63/><T7/><D7/><U66/><E66/><V68/><F68/><W118/><G118/><T93/><D29/><N who="1" m="19759" /><E3/><V108/><F49/><W64/><G122/><T109/><D83/><U110/><E110/><V65/><F65/><W15/><G64/><T100/><D100/><U99/><E99/><V105/><F105/><W132/><G101/><T76/><D76/><U128/><E128/><V23/><REACH who="2" step="1"/><F108/><REACH who="2" ten="280,240,230,240" step="2"/><W46/><G111/><T47/><D109/><U21/><AGARI ba="1,1" hai="4,6,9,12,14,17,19,21" m="19759,47177" machi="21" ten="30,2000,0" yaku="34,2" doraHai="44" who="1" fromWho="1" sc="280,-11,240,33,230,-6,240,-6" /><INIT seed="1,0,0,1,0,23" ten="269,273,224,234" oya="1" hai0="81,113,41,59,50,116,47,83,8,31,110,93,92" hai1="129,9,71,98,73,105,70,127,61,57,62,106,18" hai2="99,60,4,84,13,120,78,37,126,7,75,21,43" hai3="122,69,135,16,134,29,95,48,130,58,27,33,25"/><U100/><E129/><V32/><F120/><W112/><G69/><T53/><D110/><U109/><E127/><V11/><F32/><W36/><G122/><T108/><D108/><U10/><E109/><V44/><F126/><W87/><G36/><T14/><D113/><U115/><E115/><V74/><F4/><W63/><G48/><T97/><D31/><U52/><E106/><V15/><F99/><W86/><G112/><T2/><D2/><U1/><E73/><V34/><F34/><W94/><G130/><T38/><D93/><U102/><E102/><V121/><F121/><W0/><G0/><T89/><REACH who="0" step="1"/><D116/><REACH who="0" ten="259,273,224,234" step="2"/><U119/><E119/><V12/><F7/><AGARI ba="0,1" hai="7,8,14,38,41,47,50,53,59,81,83,89,92,97" machi="7" ten="30,3900,0" yaku="1,1,2,1,7,1,53,0" doraHai="23" doraHaiUra="66" who="0" fromWho="2" sc="259,49,273,0,224,-39,234,0" /><INIT seed="2,0,0,5,0,48" ten="308,273,185,234" oya="2" hai0="39,22,68,50,103,130,66,14,82,85,92,120,60" hai1="99,51,11,115,133,63,15,0,52,7,129,58,56" hai2="109,81,94,1,100,105,62,36,123,89,49,87,119" hai3="73,126,17,40,76,80,21,90,72,117,111,12,104"/><V16/><F119/><W113/><G117/><T8/><D130/><U9/><E115/><V47/><F123/><W96/><G111/><T2/><D39/><U55/><E129/><V125/><F36/><W30/><G113/><T3/><D22/><U75/><E75/><V78/><F1/><W98/><G126/><T31/><D31/><U114/><E114/><V118/><F118/><W70/><G70/><T102/><D102/><U79/><E79/><V18/><F125/><W101/><G40/><T33/><D33/><U112/><E112/><V20/><F109/><W27/><G96/><T91/><D120/><U32/><E32/><V23/><F62/><W127/><G90/><T61/><D61/><U38/><E38/><V35/><F35/><W29/><G127/><T74/><D50/><U116/><E116/><V67/><F67/><W53/><G73/><T84/><D74/><U26/><E26/><V86/><F105/><W43/><G43/><T10/><D10/><U34/><E34/><V69/><F69/><W83/><G83/><T64/><D64/><U124/><E124/><V4/><F4/><W5/><G53/><T24/><D24/><U95/><E133/><V106/><F106/><W121/><G121/><T93/><D93/><U54/><E51/><V25/><F100/><W19/><G5/><N who="0" m="3343" /><D103/><N who="1" m="60927" /><E58/><V6/><F6/><W97/><G97/><T128/><D128/><U135/><E135/><V42/><F23/><AGARI ba="0,0" hai="12,17,19,21,23,27,29,30,72,76,80,98,101,104" machi="23" ten="30,1000,0" yaku="7,1" doraHai="48" who="3" fromWho="2" sc="308,0,273,0,185,-10,234,10" /><INIT seed="3,0,0,1,1,26" ten="308,273,175,244" oya="3" hai0="46,31,76,48,126,83,27,15,2,119,95,99,123" hai1="74,63,68,17,51,80,88,54,34,7,102,116,41" hai2="72,115,114,8,43,4,24,121,47,13,98,125,67" hai3="29,101,60,122,19,94,89,134,52,25,90,104,70"/><W92/><G122/><T14/><D126/><U133/><E133/><V118/><F118/><W61/><G134/><T18/><D2/><U30/><E116/><V57/><F72/><W96/><G19/><T105/><D105/><U53/><E7/><V77/><F125/><W23/><G70/><T3/><D3/><U1/><E1/><V130/><F130/><W109/><G109/><T100/><D123/><U103/><E17/><V42/><F121/><W78/><G78/><T56/><D56/><U97/><E74/><V28/><F77/><W79/><G79/><T40/><D18/><U6/><E6/><V22/><F98/><W113/><G113/><T39/><D39/><U135/><E135/><V59/><F43/><W107/><G52/><T0/><D0/><U55/><E41/><V106/><F106/><W32/><G32/><T12/><D119/><U58/><E68/><V117/><F117/><W62/><REACH who="3" step="1"/><G101/><REACH who="3" ten="308,273,175,234" step="2"/><T112/><D112/><U33/><E103/><V81/><F114/><W9/><G9/><T10/><D10/><U49/><E34/><V128/><F115/><W75/><G75/><T82/><REACH who="0" step="1"/><D76/><REACH who="0" ten="298,273,175,234" step="2"/><U44/><E58/><V131/><F57/><W108/><G108/><T93/><D93/><U50/><E44/><V71/><F71/><W11/><G11/><T45/><D45/><U66/><E66/><V87/><F59/><W38/><G38/><T110/><D110/><U73/><E51/><N who="2" m="27127" /><F67/><W111/><G111/><T65/><D65/><U37/><E50/><V127/><F127/><W21/><G21/><AGARI ba="0,2" hai="12,14,15,21,27,31,40,46,48,82,83,95,99,100" machi="21" ten="40,5200,0" yaku="1,1,8,1,52,1,53,0" doraHai="26" doraHaiUra="120" who="0" fromWho="3" sc="298,72,273,0,175,0,234,-52" /><INIT seed="4,0,0,1,5,73" ten="370,273,175,182" oya="0" hai0="33,30,12,69,134,36,76,123,32,93,8,108,110" hai1="106,59,75,9,109,107,10,119,86,31,118,113,116" hai2="42,99,1,34,13,35,44,63,48,101,38,133,103" hai3="49,25,5,20,43,80,61,96,22,82,127,94,40"/><T122/><D69/><U81/><E109/><N who="0" m="42089" /><D36/><U105/><E31/><V132/><F1/><W98/><G127/><T60/><D60/><U39/><E39/><V115/><F115/><W112/><G112/><T95/><D76/><U45/><E45/><V74/><F74/><W2/><G2/><T120/><D95/><U64/><E75/><V83/><F83/><W11/><G61/><T26/><D93/><U97/><E113/><V57/><F13/><N who="3" m="5359" /><G22/><N who="0" m="15703" /><D134/><N who="2" m="51818" /><F38/><W114/><G114/><T89/><D89/><U51/><E97/><N who="3" m="37482" /><G94/><T77/><D77/><U16/><E116/><V65/><F99/><W52/><G82/><T104/><D104/><U92/><E92/><V102/><AGARI ba="0,0" hai="34,35,42,44,48,57,63,65,101,102,103" m="51818" machi="102" ten="30,1100,0" yaku="20,1" doraHai="73" who="2" fromWho="2" sc="370,-5,273,-3,175,11,182,-3" /><INIT seed="5,0,0,0,5,55" ten="365,270,186,179" oya="1" hai0="57,83,59,82,133,113,8,26,74,124,92,71,16" hai1="44,102,20,13,103,132,78,81,30,101,10,58,96" hai2="54,24,108,94,79,100,51,35,64,3,1,15,39" hai3="36,91,40,88,130,4,53,90,50,112,60,128,109"/><U28/><E132/><V21/><F108/><W49/><G109/><T25/><D71/><U135/><E135/><V95/><F39/><W32/><G32/><T14/><D133/><U70/><E70/><V19/><F79/><W110/><G110/><T48/><D113/><U123/><E123/><V29/><F64/><W117/><G112/><T42/><D124/><U17/><E96/><V0/><REACH who="2" step="1"/><F100/><REACH who="2" ten="365,270,176,179" step="2"/><W87/><G36/><T98/><D74/><U27/><E78/><V105/><F105/><W9/><G117/><T76/><D76/><U45/><E101/><V115/><F115/><W97/><G130/><T111/><D111/><U125/><E103/><V72/><F72/><W38/><G128/><T52/><D42/><U107/><E102/><V129/><F129/><W22/><G38/><T41/><D41/><U47/><E107/><V77/><F77/><W118/><G118/><T122/><D122/><U12/><E125/><V37/><F37/><W80/><G40/><T121/><D121/><U43/><E43/><V120/><F120/><W11/><G91/><N who="0" m="55583" /><D25/><U31/><E27/><V63/><F63/><W75/><G60/><T65/><D26/><U73/><E73/><V89/><F89/><W67/><G90/><T69/><D69/><U116/><E116/><V61/><F61/><AGARI ba="0,1" hai="8,14,16,48,52,57,59,61,65,82,83" m="55583" machi="61" ten="30,8000,1" yaku="8,1,52,2,54,2" doraHai="55" who="0" fromWho="2" sc="365,90,270,0,176,-80,179,0" /><INIT seed="6,0,0,4,2,70" ten="455,270,96,179" oya="2" hai0="113,49,82,28,32,16,121,67,15,118,34,95,4" hai1="36,40,45,19,111,77,76,106,44,125,72,109,62" hai2="123,105,9,65,37,12,135,14,90,33,80,8,64" hai3="132,98,6,30,39,25,97,56,61,116,10,48,79"/><V63/><F123/><W42/><G116/><T27/><D113/><U26/><E125/><V85/><F135/><W131/><G132/><T83/><D34/><U99/><E45/><V92/><F33/><W69/><G131/><T74/><D74/><U59/><E99/><V81/><F105/><W108/><G108/><T124/><D124/><U126/><E106/><V43/><F65/><W127/><G127/><T3/><D95/><U133/><E133/><V87/><F87/><W22/><G69/><T60/><D49/><U57/><E126/><V86/><F86/><W73/><G39/><T91/><D91/><U35/><E57/><N who="2" m="36975" /><F43/><W117/><G117/><T112/><D112/><U84/><E72/><V54/><F54/><W71/><G71/><N who="0" m="42471" /><D121/><U101/><E76/><V130/><F37/><W102/><G79/><T47/><D47/><U75/><E75/><V114/><F130/><W51/><G73/><T24/><D32/><U7/><E35/><V107/><F107/><W2/><G42/><T55/><D55/><U93/><E40/><V17/><F114/><W41/><G41/><T21/><D3/><U128/><E128/><V94/><F94/><W18/><G98/><T66/><D66/><U5/><E93/><V52/><F52/><N who="3" m="33927" /><G30/><T122/><D122/><U78/><E77/><V20/><F8/><W120/><G120/><T134/><D118/><U100/><E78/><V31/><F31/><W88/><G102/><T96/><D134/><U110/><E110/><V104/><F104/><W53/><G53/><T29/><D29/><U46/><E109/><V11/><F11/><RYUUKYOKU ba="0,0" sc="455,-15,270,-15,96,15,179,15" hai2="9,12,14,17,20,80,81,85,90,92" hai3="2,6,10,18,22,25,48,51,88,97" /><INIT seed="6,1,0,1,3,34" ten="440,255,111,194" oya="2" hai0="88,32,8,37,57,25,114,2,59,79,14,64,12" hai1="1,118,73,71,86,130,56,43,70,53,104,46,75" hai2="108,111,60,50,68,121,125,80,110,126,67,54,19" hai3="39,117,26,33,102,55,38,48,105,36,29,97,63"/><V74/><F121/><W135/><G135/><T61/><D37/><U106/><E118/><V132/><F132/><W47/><REACH who="3" step="1"/><G63/><REACH who="3" ten="440,255,111,184" step="2"/><T127/><D61/><U21/><E130/><V28/><F28/><W115/><G115/><T62/><D62/><U24/><E71/><V78/><REACH who="2" step="1"/><F19/><REACH who="2" ten="440,255,101,184" step="2"/><W72/><G72/><T13/><D114/><U41/><E75/><V0/><F0/><W10/><G10/><T83/><D2/><U15/><E73/><V6/><F6/><W131/><G131/><T91/><D8/><U81/><E1/><V85/><F85/><W94/><G94/><T31/><D31/><U107/><E86/><V18/><F18/><W52/><G52/><T129/><D129/><U87/><E53/><V51/><F51/><W116/><AGARI ba="1,2" hai="26,29,33,36,38,39,47,48,55,97,102,105,116,117" machi="116" ten="40,5200,0" yaku="1,1,0,1,53,1" doraHai="34" doraHaiUra="98" who="3" fromWho="3" sc="440,-14,255,-14,101,-27,184,75" /><INIT seed="7,0,0,2,5,18" ten="426,241,74,259" oya="3" hai0="72,27,88,94,73,11,121,78,64,26,33,128,53" hai1="36,95,132,56,10,89,45,5,102,17,98,8,114" hai2="51,92,112,122,0,60,7,14,23,115,77,131,96" hai3="79,37,75,67,12,103,40,58,81,117,41,55,22"/><W135/><G117/><T69/><D121/><U105/><E114/><V38/><F38/><W76/><G135/><T101/><D101/><U133/><E56/><V50/><F122/><W63/><G103/><T71/><D53/><U108/><E108/><V39/><F39/><W99/><G99/><T47/><D88/><U48/><E36/><V52/><F77/><W127/><G127/><T100/><D94/><U1/><E17/><V70/><F0/><W28/><G79/><T57/><D11/><U109/><E10/><V31/><F131/><W34/><G34/><T123/><D57/><U107/><E109/><V65/><F50/><W6/><G37/><T87/><D87/><U129/><E129/><V66/><F66/><W110/><G110/><T80/><D80/><U90/><E90/><V13/><F7/><W20/><G6/><T85/><D85/><U25/><E25/><V93/><F93/><W84/><G75/><T111/><D100/><U104/><E102/><V125/><F125/><W83/><G83/><T130/><D78/><U43/><AGARI ba="0,0" hai="1,5,8,43,45,48,89,95,98,104,105,107,132,133" machi="43" ten="40,1500,0" yaku="0,1" doraHai="18" who="1" fromWho="1" sc="426,-4,241,15,74,-4,259,-7" owari="422,52.0,256,6.0,70,-43.0,252,-15.0" /></mjloggm>