<mjloggm ver="2.3"><GO type="169" lobby="0"/><UN n0="%E8%91%B5%E3%81%A1%E3%82%83%E3%82%93" n1="%7A%6B%75%72%74" n2="%4E%49%4A%49%49%52%4F" n3="%E3%81%82%E3%81%95%E3%81%B4%E3%82%93%EF%BC%A0%EF%BD%8D%EF%BD%8A" dan="16,16,16,17" rate="2202.60,2168.60,2136.92,2157.54" sx="M,M,M,M"/><TAIKYOKU oya="0"/><INIT seed="0,0,0,2,4,65" ten="250,250,250,250" oya="0" hai0="127,31,78,131,85,56,10,121,24,6,96,94,133" hai1="113,111,8,74,46,43,55,19,67,44,59,84,39" hai2="68,77,50,73,34,53,120,45,35,126,11,107,93" hai3="63,110,28,70,89,108,41,37,66,82,18,40,2"/><T97/><D121/><U132/><E74/><V51/><F120/><W99/><G2/><T91/><D127/><U109/><E132/><V52/><F107/><W119/><G119/><T21/><D133/><U69/><E113/><V106/><F106/><W26/><G18/><T117/><D117/><U25/><E46/><V86/><F126/><W36/><G82/><T4/><D131/><U101/><E101/><V130/><F130/><W118/><G118/><T114/><D114/><U13/><E25/><V90/><F68/><W38/><G89/><T9/><D78/><U15/><E15/><V12/><F77/><W20/><REACH who="3" step="1"/><G99/><REACH who="3" ten="250,250,250,240" step="2"/><T23/><D97/><U48/><E84/><V128/><F128/><W83/><G83/><T47/><D96/><U72/><E72/><V100/><F100/><W105/><G105/><T49/><D6/><U116/><E116/><V5/><REACH who="2" step="1"/><F73/><REACH who="2" ten="250,250,240,240" step="2"/><W58/><G58/><AGARI ba="0,2" hai="5,11,12,34,35,45,50,51,52,53,58,86,90,93" machi="58" ten="30,8000,1" yaku="1,1,2,1,7,1,54,1,53,1" doraHai="65" doraHaiUra="42" who="2" fromWho="3" sc="250,0,250,0,240,100,240,-80" /><INIT seed="1,0,0,2,4,83" ten="250,250,340,160" oya="1" hai0="89,85,58,88,131,129,96,43,67,113,92,108,49" hai1="54,84,57,19,23,86,20,79,109,30,37,95,97" hai2="124,68,7,87,103,82,65,116,39,9,59,32,22" hai3="53,98,35,81,3,18,38,8,62,46,31,34,130"/><U90/><E37/><V100/><F32/><W24/><G130/><N who="0" m="49675" /><D113/><U75/><E75/><V74/><F68/><W111/><G111/><T132/><D132/><U33/><E109/><V126/><F116/><W122/><G122/><T5/><D5/><U28/><E79/><V105/><F74/><W14/><G34/><T64/><D108/><U0/><E0/><V117/><F39/><W94/><G3/><T17/><D17/><U1/><E1/><V52/><F65/><W118/><G118/><T106/><D106/><U93/><E33/><V4/><F22/><W133/><G133/><T42/><D49/><U104/><E104/><V27/><F27/><W101/><G38/><T110/><D110/><U77/><E77/><V70/><F70/><W11/><G11/><T60/><D67/><U123/><E123/><V72/><F72/><W2/><G2/><T135/><D135/><U36/><E36/><V44/><F44/><W78/><G46/><T80/><AGARI ba="0,0" hai="42,43,58,60,64,80,85,88,89,92,96" m="49675" machi="80" ten="30,4000,0" yaku="19,1,52,1,54,1" doraHai="83" who="0" fromWho="0" sc="250,40,250,-20,340,-10,160,-10" /><INIT seed="2,0,0,5,5,132" ten="290,230,330,150" oya="2" hai0="118,25,91,65,70,27,126,135,6,44,120,30,95" hai1="26,66,106,123,31,34,69,81,111,57,0,114,80" hai2="104,55,50,3,45,41,68,98,8,19,47,61,90" hai3="117,75,92,107,73,88,128,9,17,71,115,51,15"/><V63/><F68/><W42/><G117/><T60/><D120/><U33/><E114/><V97/><F104/><W82/><G107/><T133/><D118/><U36/><E36/><V59/><F47/><W79/><G71/><T39/><D6/><U48/><E34/><V109/><F109/><W4/><G128/><T13/><D13/><U134/><E0/><V127/><F127/><W21/><G115/><T74/><D74/><U99/><E134/><N who="0" m="51209" /><D30/><U76/><E111/><V125/><F125/><W105/><G105/><T121/><D121/><U101/><E123/><V62/><F3/><W23/><G75/><T131/><D131/><U43/><E76/><V49/><REACH who="2" step="1"/><F90/><REACH who="2" ten="290,230,320,150" step="2"/><W32/><G88/><T108/><D126/><U10/><E69/><V2/><F2/><W52/><G42/><N who="0" m="22623" /><D108/><U72/><E43/><V11/><F11/><W56/><G9/><T67/><D67/><U77/><E10/><V18/><F18/><W29/><G4/><T20/><D20/><U46/><E66/><V83/><F83/><W38/><G23/><T16/><D16/><U96/><E81/><V37/><F37/><W116/><G38/><T113/><D113/><U12/><E46/><V102/><F102/><W85/><G116/><T94/><D94/><U58/><E101/><V14/><AGARI ba="0,1" hai="8,14,19,41,45,49,50,55,59,61,62,63,97,98" machi="14" ten="30,11700,0" yaku="1,1,0,1,8,1,53,1" doraHai="132" doraHaiUra="40" who="2" fromWho="2" sc="290,-39,230,-39,320,127,150,-39" /><INIT seed="2,1,0,5,3,83" ten="251,191,447,111" oya="2" hai0="37,33,29,102,45,71,100,86,19,73,125,55,49" hai1="134,112,69,52,20,67,89,28,51,92,57,128,110" hai2="42,10,131,124,13,5,98,78,16,72,59,84,80" hai3="106,95,17,85,93,132,25,70,118,38,123,97,8"/><V121/><F121/><W61/><G123/><T7/><D73/><U74/><E112/><V126/><F131/><W40/><G118/><T63/><D125/><N who="2" m="48234" /><F42/><W111/><G111/><T87/><D37/><U117/><E110/><V103/><F59/><W127/><G127/><T113/><D113/><U35/><E117/><V64/><F64/><W115/><G115/><T24/><D7/><U91/><E128/><V114/><F114/><W101/><G132/><T18/><D102/><U11/><E74/><V54/><F54/><W21/><G8/><T22/><D100/><U75/><E75/><V79/><F72/><W76/><G70/><T108/><D108/><U50/><E35/><V119/><F119/><W15/><G61/><T105/><D105/><U96/><E134/><V44/><F44/><W82/><REACH who="3" step="1"/><G15/><REACH who="3" ten="251,191,447,101" step="2"/><T81/><D63/><U56/><E11/><V90/><F5/><W41/><G41/><T109/><D71/><U36/><E69/><V3/><F3/><W27/><G27/><T31/><D109/><U122/><E122/><V46/><F46/><AGARI ba="1,1" hai="17,21,25,38,40,46,76,82,85,93,95,97,101,106" machi="46" ten="40,2600,0" yaku="1,1,52,1,53,0" doraHai="83" doraHaiUra="47" who="3" fromWho="2" sc="251,0,191,0,447,-29,101,39" /><INIT seed="3,0,0,5,4,57" ten="251,191,418,140" oya="3" hai0="3,128,32,111,56,112,66,133,42,38,96,122,93" hai1="13,69,22,46,108,120,31,82,44,86,103,65,34" hai2="41,24,49,116,23,58,43,0,20,117,130,106,18" hai3="1,74,100,129,16,113,121,92,95,72,21,17,132"/><W73/><G113/><T4/><D32/><U115/><E120/><V77/><F106/><W59/><G121/><T62/><D122/><U87/><E115/><V98/><F130/><W37/><G37/><T126/><D112/><U28/><E108/><V81/><F0/><W19/><G1/><T27/><D128/><U102/><E34/><V55/><F116/><W134/><G129/><T83/><D111/><U25/><E31/><V36/><F36/><W45/><G45/><T60/><D126/><U110/><E110/><V40/><F117/><W8/><G8/><T47/><D133/><N who="3" m="51305" /><G21/><T114/><D114/><U7/><E87/><N who="2" m="48559" /><F98/><N who="3" m="59463" /><G95/><T71/><D83/><U29/><E29/><N who="2" m="17567" /><F40/><W105/><G105/><T119/><D119/><U6/><E103/><V68/><F68/><W97/><G97/><T52/><D27/><AGARI ba="0,0" hai="18,20,27,41,43,49,55,58" m="17567,48559" machi="27" ten="30,1000,0" yaku="8,1" doraHai="57" who="2" fromWho="0" sc="251,-10,191,0,418,10,140,0" /><INIT seed="4,0,0,2,0,100" ten="241,191,428,140" oya="0" hai0="71,92,2,31,63,74,38,47,110,82,89,125,13" hai1="97,98,21,68,15,72,25,19,58,115,55,30,60" hai2="88,107,56,96,75,83,67,65,28,73,108,103,6" hai3="113,53,45,17,52,81,62,131,69,104,29,126,35"/><T1/><D125/><U61/><E72/><V91/><F108/><W5/><G126/><T27/><D110/><U118/><E118/><V94/><F6/><W117/><G117/><T109/><D109/><U93/><E115/><V105/><F28/><W134/><G5/><T85/><D13/><U76/><E76/><V132/><F132/><W133/><G113/><T114/><D114/><U121/><E121/><V43/><F43/><W9/><G131/><T10/><D10/><U46/><E46/><V0/><F0/><W20/><G9/><T102/><D47/><U41/><E41/><V122/><F122/><W106/><G35/><T86/><D74/><N who="2" m="28170" /><F56/><N who="3" m="35079" /><G29/><T128/><D128/><U48/><E68/><V18/><F18/><W36/><G81/><T84/><D38/><U12/><E98/><V95/><F65/><W33/><G33/><T32/><D102/><U54/><E30/><V49/><F49/><N who="3" m="28847" /><G69/><T112/><D112/><U79/><E79/><V44/><F83/><W127/><G36/><T42/><D82/><U26/><E26/><V11/><F67/><W120/><G120/><T77/><D71/><U14/><REACH who="1" step="1"/><E55/><REACH who="1" ten="241,181,428,140" step="2"/><V23/><F96/><W90/><G127/><T16/><D77/><U119/><E119/><V130/><F130/><W8/><G133/><T66/><D31/><U101/><AGARI ba="0,1" hai="12,14,15,19,21,25,48,54,58,60,61,93,97,101" machi="101" ten="30,8000,1" yaku="1,1,0,1,8,1,53,2" doraHai="100" doraHaiUra="59" who="1" fromWho="1" sc="241,-40,181,90,428,-20,140,-20" /><INIT seed="5,0,0,3,2,2" ten="201,271,408,120" oya="1" hai0="16,113,26,103,45,90,15,133,7,13,20,85,44" hai1="54,51,39,107,53,112,35,8,57,19,36,87,23" hai2="96,68,50,86,109,135,41,31,49,74,70,6,118" hai3="75,99,97,94,92,42,79,100,30,21,126,123,116"/><U127/><E35/><V129/><F74/><W3/><G3/><T81/><D113/><U22/><E112/><V83/><F109/><W93/><G42/><T124/><D133/><U33/><E33/><V32/><F6/><W18/><G123/><T121/><D124/><U56/><E107/><V91/><F118/><W98/><G30/><T114/><D121/><U128/><E128/><V115/><F115/><W88/><G126/><T14/><D114/><U131/><E131/><V29/><F129/><W55/><G116/><T61/><D103/><U106/><E106/><V59/><F96/><W119/><G119/><T66/><REACH who="0" step="1"/><D7/><REACH who="0" ten="191,271,408,120" step="2"/><U134/><E127/><V125/><F125/><W43/><G100/><T37/><D37/><U69/><E134/><V63/><F135/><W104/><G104/><T38/><D38/><U27/><E39/><V117/><F117/><W48/><G99/><T72/><D72/><U80/><E36/><V47/><F70/><AGARI ba="0,1" hai="13,14,15,16,20,26,44,45,61,66,70,81,85,90" machi="70" ten="40,2600,0" yaku="1,1,54,1,53,0" doraHai="2" doraHaiUra="25" who="0" fromWho="2" sc="191,36,271,0,408,-26,120,0" /><INIT seed="6,0,0,0,1,96" ten="227,271,382,120" oya="2" hai0="65,46,76,101,60,13,32,64,41,49,58,89,86" hai1="19,92,14,110,105,94,20,3,132,28,83,55,50" hai2="57,66,61,40,133,12,123,59,5,37,104,24,7" hai3="97,39,100,62,77,78,44,52,31,21,79,116,134"/><V35/><F104/><W33/><G116/><T126/><D32/><U81/><E110/><V111/><F111/><W48/><G134/><T114/><D114/><U25/><E105/><V135/><F123/><W0/><G0/><T16/><D126/><U53/><E3/><V125/><F125/><W34/><G39/><T129/><D76/><U128/><E128/><V45/><F57/><W95/><REACH who="3" step="1"/><G62/><REACH who="3" ten="227,271,382,110" step="2"/><T54/><D129/><U6/><E132/><V73/><F133/><W42/><G42/><T18/><D41/><U63/><E63/><V15/><F135/><W112/><G112/><T90/><D60/><U4/><E55/><V124/><F40/><W56/><G56/><T117/><D58/><U75/><E53/><V51/><F59/><W29/><G29/><T36/><D36/><U8/><E28/><V23/><F61/><W72/><G72/><T118/><D117/><U119/><E75/><V130/><F73/><W120/><G120/><T91/><D118/><U22/><E119/><V71/><F37/><W127/><G127/><T74/><D74/><U2/><E2/><V93/><F124/><W88/><G88/><T115/><D115/><U47/><E47/><V70/><F130/><W98/><G98/><T9/><D90/><U82/><E50/><V113/><F51/><W106/><G106/><T30/><D89/><U38/><E38/><V84/><F45/><W107/><G107/><T102/><D30/><U85/><E85/><V103/><F84/><W27/><AGARI ba="0,1" hai="21,27,31,33,34,44,48,52,77,78,79,95,97,100" machi="27" ten="30,7900,0" yaku="1,1,0,1,52,1,54,1,53,0" doraHai="96" doraHaiUra="87" who="3" fromWho="3" sc="227,-20,271,-20,382,-39,110,89" /><INIT seed="7,0,0,0,5,24" ten="207,251,343,199" oya="3" hai0="117,103,52,58,135,50,20,104,21,41,83,6,133" hai1="53,115,68,87,27,15,12,70,125,134,40,33,73" hai2="60,101,43,129,64,11,113,99,2,9,47,77,92" hai3="79,56,123,19,127,14,66,61,80,28,48,36,51"/><W3/><G123/><T97/><D117/><U93/><E73/><V85/><F113/><W107/><G3/><T98/><D6/><U122/><E122/><V89/><F2/><W120/><G120/><T31/><D31/><U128/><E40/><V18/><F77/><W126/><G36/><T74/><D98/><U0/><E0/><V124/><F124/><N who="3" m="47659" /><G107/><T121/><D41/><U55/><E115/><V25/><F129/><W130/><G130/><T105/><D104/><U82/><E128/><V96/><F96/><W4/><G4/><T10/><D10/><U84/><E125/><V5/><F5/><W38/><G38/><T65/><D65/><U71/><E134/><N who="0" m="51209" /><D121/><U35/><E93/><V45/><F43/><W62/><G28/><T13/><D13/><U63/><E63/><V114/><F114/><W90/><G62/><T94/><D105/><U88/><E27/><V111/><F60/><W118/><G118/><T1/><D1/><U76/><E33/><V16/><F18/><W49/><G19/><T67/><D67/><U57/><E35/><V86/><F16/><W106/><G14/><T72/><D72/><U75/><E75/><V132/><F132/><W100/><G106/><T108/><D108/><U116/><E116/><V29/><F111/><W22/><G22/><T42/><D42/><U59/><E15/><V81/><F29/><W37/><G37/><T102/><D102/><U131/><E12/><V69/><F9/><W34/><G34/><T26/><D26/><U78/><E131/><V46/><F11/><W7/><G7/><T95/><D95/><RYUUKYOKU ba="0,0" sc="207,30,251,-10,343,-10,199,-10" hai0="20,21,50,52,58,74,83,94,97,103" owari="237,-16.0,241,4.0,333,43.0,189,-31.0" /></mjloggm>