<mjloggm ver="2.3"><GO type="185" lobby="0"/><UN n0="%E5%A4%A9%E3%83%B6%E7%80%AC%E5%A5%88%E6%9C%88" n1="%E3%83%9E%E3%83%A4%E3%82%B7%E3%82%B3%E3%82%AC%E3%83%81%E5%8B%A2" n2="%E4%B8%8E%E9%82%A3%E5%9F%8E%E8%91%B5" n3="" dan="16,17,17,0" rate="2220.52,2185.08,2210.60,1500.00" sx="F,M,M,C"/><TAIKYOKU oya="0"/><INIT seed="0,0,0,2,1,127" ten="350,350,350,0" oya="0" hai0="58,56,128,53,78,67,104,95,34,100,112,77,41" hai1="39,85,92,124,109,37,131,46,72,70,132,118,111" hai2="110,130,57,121,60,73,40,65,123,36,44,97,114" hai3=""/><T122/><N who="0" m="31264" /><T106/><D34/><U133/><E72/><V86/><N who="2" m="31008" /><V88/><N who="2" m="31520" /><V75/><F114/><T115/><D41/><U113/><E92/><V2/><F2/><T43/><D43/><U42/><E85/><V51/><F110/><T52/><D67/><U54/><E118/><V93/><F130/><T102/><REACH who="0" step="1"/><D95/><REACH who="0" ten="340,350,350,0" step="2"/><U99/><E42/><V48/><F36/><T119/><D119/><U50/><E37/><V129/><F129/><AGARI ba="0,1" hai="52,53,56,58,77,78,100,102,104,106,112,115,128,129" m="31264" machi="129" ten="25,18000,2" yaku="1,1,22,2,52,3,54,1,53,0" doraHai="127" doraHaiUra="135" who="0" fromWho="2" sc="340,190,350,0,350,-180,0,0" /><INIT seed="0,1,0,5,1,116" ten="530,350,170,0" oya="0" hai0="82,73,69,121,132,44,53,118,103,125,83,71,100" hai1="36,89,99,86,119,60,92,48,51,43,72,85,35" hai2="37,59,135,104,34,58,101,49,41,50,32,124,76" hai3=""/><T56/><N who="0" m="31008" /><T62/><D118/><U80/><E35/><V45/><F124/><T77/><D125/><U38/><E119/><V47/><F135/><T64/><D132/><U134/><E134/><V88/><F76/><T39/><D82/><U52/><E72/><V102/><F37/><T40/><REACH who="0" step="1"/><D71/><REACH who="0" ten="520,350,170,0" step="2"/><U127/><E80/><V1/><F1/><T57/><D57/><U79/><E127/><V111/><F34/><T65/><D65/><U66/><E66/><V120/><N who="2" m="30752" /><V81/><F32/><T90/><D90/><U115/><E89/><V68/><F68/><T105/><D105/><U61/><E79/><V96/><F102/><T95/><D95/><U109/><E92/><V87/><REACH who="2" step="1"/><F111/><REACH who="2" ten="520,350,160,0" step="2"/><T3/><D3/><U67/><E109/><V33/><F33/><T123/><N who="0" m="31520" /><T128/><D128/><U133/><E133/><V112/><F112/><T129/><D129/><U91/><E115/><V55/><AGARI ba="1,2" hai="41,45,47,49,50,55,58,59,81,87,88,96,101,104" m="30752" machi="55" ten="20,9000,2" yaku="1,1,0,1,7,1,52,2,54,1,53,0" doraHai="116" doraHaiUra="0" who="2" fromWho="2" sc="520,-61,350,-31,160,112,0,0" /><INIT seed="1,0,0,1,5,105" ten="459,319,272,0" oya="1" hai0="40,116,111,38,3,118,70,45,90,63,106,78,101" hai1="115,60,129,58,33,134,47,0,64,95,66,122,72" hai2="96,121,123,109,120,84,98,77,55,43,69,99,131" hai3=""/><U89/><E115/><V130/><N who="2" m="30752" /><V59/><N who="2" m="31008" /><V82/><N who="2" m="31520" /><V67/><F43/><T42/><D3/><U56/><N who="1" m="31264" /><U107/><E33/><V132/><F67/><T91/><D111/><U85/><E0/><V93/><F69/><T79/><D40/><U35/><E35/><V124/><F109/><T48/><D38/><U46/><E107/><V81/><F124/><T112/><D112/><U102/><E102/><V54/><F132/><T126/><D126/><U39/><E134/><V108/><F108/><T128/><D128/><N who="2" m="49194" /><F82/><T103/><D70/><U62/><E129/><V65/><F65/><T135/><D42/><U68/><E39/><V51/><F55/><T50/><D135/><U41/><E41/><V127/><F127/><T86/><D118/><U110/><E110/><V34/><F34/><T104/><D116/><U44/><E68/><V113/><F113/><T87/><D63/><U92/><E92/><AGARI ba="0,0" hai="51,54,59,77,81,84,92,93,96,98,99" m="49194,31520,31008,30752" machi="92" ten="30,7700,0" yaku="19,1,52,3" doraHai="105" who="2" fromWho="1" sc="459,0,319,-77,272,77,0,0" /><INIT seed="2,0,0,2,5,106" ten="459,242,349,0" oya="2" hai0="57,125,96,84,59,97,48,49,66,118,1,39,108" hai1="113,58,74,87,120,122,115,107,60,135,116,90,93" hai2="102,43,62,103,41,94,69,130,126,35,83,121,101" hai3=""/><V117/><N who="2" m="31008" /><V100/><F35/><T36/><D1/><U111/><N who="1" m="30752" /><U72/><N who="1" m="31264" /><U95/><E107/><V134/><F117/><T32/><D84/><U75/><E116/><V67/><N who="2" m="25600" /><DORA hai="123" /><V44/><F134/><T85/><D85/><U38/><E135/><V124/><F94/><T55/><D118/><U112/><E38/><V46/><F83/><T129/><D32/><U56/><E111/><V131/><F46/><T119/><D119/><U45/><E45/><V34/><F34/><T91/><D91/><U132/><E132/><V110/><F110/><T52/><D66/><U77/><E77/><V128/><F43/><T92/><D92/><U109/><E109/><V78/><REACH who="2" step="1"/><F78/><REACH who="2" ten="459,242,339,0" step="2"/><T50/><D108/><U33/><E33/><V37/><AGARI ba="0,1" hai="37,41,44,62,67,69,124,126,128,130,131" m="25600,31008" machi="37" ten="50,12000,2" yaku="1,1,2,1,0,1,19,1,52,1,53,1" doraHai="106,123" doraHaiUra="54,63" who="2" fromWho="2" sc="459,-60,242,-60,339,130,0,0" /><INIT seed="2,1,0,0,1,79" ten="399,182,469,0" oya="2" hai0="124,113,126,84,68,83,122,80,96,133,95,48,53" hai1="121,131,93,75,111,57,106,135,115,62,92,74,40" hai2="88,102,71,43,1,101,44,118,47,49,78,52,89" hai3=""/><V132/><F1/><T99/><N who="0" m="31264" /><T119/><D119/><U73/><N who="1" m="31008" /><U110/><E115/><V90/><F71/><T103/><D68/><U41/><E106/><V112/><F112/><T56/><D113/><U42/><E131/><V66/><F118/><T35/><D35/><U87/><E135/><V81/><F66/><T120/><N who="0" m="30752" /><T34/><D34/><U76/><E76/><V59/><F132/><T36/><D36/><U125/><E125/><N who="0" m="48233" /><D133/><U100/><E87/><V2/><F47/><T127/><N who="0" m="48241" /><T50/><DORA hai="60" /><D84/><U64/><REACH who="1" step="1"/><E100/><REACH who="1" ten="399,172,469,0" step="2"/><V86/><REACH who="2" step="1"/><F2/><REACH who="2" ten="399,172,459,0" step="2"/><T104/><D48/><AGARI ba="1,2" hai="43,44,48,49,52,59,78,81,86,88,89,90,101,102" machi="48" ten="40,18000,2" yaku="1,1,2,1,8,1,52,1,54,2,53,0" doraHai="79,60" doraHaiUra="70,61" who="2" fromWho="0" sc="399,-182,172,0,459,202,0,0" /><INIT seed="2,2,0,2,0,111" ten="217,172,661,0" oya="2" hai0="129,116,78,39,99,35,77,0,3,1,37,124,53" hai1="135,100,108,2,113,123,60,92,80,104,41,68,48" hai2="114,47,66,85,105,45,82,72,59,125,43,83,91" hai3=""/><V126/><F105/><T134/><D35/><U67/><N who="1" m="31520" /><U33/><E2/><V93/><F114/><T120/><N who="0" m="30752" /><T54/><D116/><U96/><E33/><V65/><F47/><T128/><D99/><U110/><E113/><V98/><F72/><T121/><N who="0" m="31008" /><T117/><D117/><U62/><E135/><V97/><F83/><T132/><REACH who="0" step="1"/><D1/><REACH who="0" ten="207,172,661,0" step="2"/><U131/><E110/><V119/><F98/><T133/><D133/><U94/><E108/><V34/><F34/><T88/><D88/><U79/><E96/><V75/><F119/><T109/><D109/><U64/><E100/><V38/><F97/><T50/><D50/><U130/><E48/><V81/><F91/><T115/><D115/><U32/><E32/><V61/><F125/><AGARI ba="2,1" hai="0,3,37,39,53,54,77,78,124,125,128,129,132,134" m="31008,30752" machi="125" ten="25,8000,1" yaku="1,1,22,2,52,2,53,0" doraHai="111" doraHaiUra="55" who="0" fromWho="2" sc="207,94,172,0,661,-84,0,0" /><INIT seed="4,0,0,2,5,73" ten="301,172,577,0" oya="0" hai0="108,52,75,134,127,40,50,117,47,118,45,124,112" hai1="76,128,65,68,81,133,51,69,123,66,131,129,86" hai2="122,93,60,94,102,111,82,83,32,121,64,2,54" hai3=""/><T91/><D75/><U61/><N who="1" m="31520" /><U92/><E133/><V110/><N who="2" m="31008" /><V114/><N who="2" m="31264" /><V101/><F32/><T70/><D91/><U1/><E1/><V126/><F2/><T113/><D70/><U37/><E37/><V35/><F54/><T125/><D108/><U104/><E104/><V59/><F35/><T78/><D78/><U98/><E51/><V99/><F114/><N who="0" m="44138" /><D134/><U88/><REACH who="1" step="1"/><E66/><REACH who="1" ten="301,162,577,0" step="2"/><V80/><F126/><N who="0" m="32258" /><T58/><DORA hai="57" /><D45/><U100/><E100/><V38/><F38/><AGARI ba="0,1" hai="38,40,47,50,52,58,117,118" m="32258,44138" machi="38" ten="40,12000,1" yaku="15,1,18,1,34,2,54,1" doraHai="73,57" who="0" fromWho="2" sc="301,130,162,0,577,-120,0,0" /><INIT seed="4,1,0,2,0,88" ten="431,162,457,0" oya="0" hai0="110,121,101,2,36,82,115,39,68,58,49,65,126" hai1="47,33,62,52,122,3,91,98,120,86,84,78,102" hai2="130,134,118,75,133,61,60,40,95,35,77,41,59" hai3=""/><T89/><N who="0" m="31008" /><T74/><D2/><U51/><N who="1" m="30752" /><U81/><N who="1" m="31264" /><U0/><E33/><V128/><F35/><T104/><D115/><U64/><E86/><V79/><F118/><T116/><D116/><U131/><E131/><V67/><F95/><T50/><D126/><U44/><E47/><V92/><F92/><T94/><D110/><U43/><E78/><V111/><F111/><T99/><D68/><U106/><REACH who="1" step="1"/><E43/><REACH who="1" ten="431,152,457,0" step="2"/><V103/><F79/><T53/><D82/><U93/><E93/><V38/><F77/><T66/><D74/><U108/><E108/><V46/><F75/><T112/><D112/><U83/><E83/><V107/><F41/><T69/><D94/><U80/><E80/><V96/><F128/><T135/><D89/><U114/><E114/><V123/><N who="2" m="31520" /><V87/><F130/><T63/><D99/><U1/><E1/><V42/><F87/><T132/><D101/><U73/><E73/><V105/><F42/><T32/><D32/><U76/><E76/><V71/><F107/><T97/><D104/><U113/><E113/><V129/><F129/><T109/><D109/><U124/><E124/><V56/><F105/><T90/><D90/><U100/><E100/><V55/><F103/><RYUUKYOKU ba="1,1" sc="431,-10,152,20,457,-10,0,0" hai1="0,3,44,51,52,62,64,81,84,91,98,102,106" /><INIT seed="5,2,1,1,4,127" ten="421,172,447,0" oya="1" hai0="57,49,130,80,97,53,104,77,58,82,119,102,72" hai1="115,116,76,41,84,134,100,128,74,65,55,88,70" hai2="106,81,33,50,110,75,67,107,54,39,103,98,85" hai3=""/><U133/><E116/><V123/><N who="2" m="31520" /><V86/><F110/><T68/><D68/><U38/><E115/><V132/><F132/><N who="1" m="50793" /><E100/><V124/><F124/><T73/><D119/><U32/><E32/><V99/><F39/><T52/><D130/><U63/><E74/><V78/><F67/><T94/><D104/><U45/><E76/><V47/><F33/><T131/><D131/><U120/><N who="1" m="30752" /><U121/><N who="1" m="31008" /><U48/><E128/><V40/><F40/><T109/><D109/><U101/><E101/><AGARI ba="2,1" hai="47,50,54,75,78,81,85,86,98,99,101,103,106,107" m="31520" machi="101" ten="40,2600,0" yaku="9,1,52,1" doraHai="127" who="2" fromWho="1" sc="421,0,172,-30,447,40,0,0" /><INIT seed="6,0,0,4,0,80" ten="421,142,487,0" oya="2" hai0="59,57,124,120,93,39,110,70,115,55,109,76,135" hai1="96,97,48,40,134,41,54,69,85,99,121,61,123" hai2="108,63,125,50,117,119,52,113,75,133,35,103,33" hai3=""/><V49/><F75/><T66/><N who="0" m="30752" /><T118/><D118/><U128/><N who="1" m="31008" /><U42/><N who="1" m="31520" /><U126/><E126/><V62/><F108/><T131/><D124/><U65/><E128/><V74/><F74/><T45/><D131/><U105/><E134/><V106/><F125/><T88/><D135/><U2/><E2/><V91/><F133/><T32/><D32/><U127/><E127/><V87/><F113/><T82/><D115/><U47/><E105/><V100/><F106/><T79/><D70/><U90/><E97/><V56/><F87/><T112/><D112/><U43/><N who="1" m="10240" /><DORA hai="102" /><U89/><E89/><V122/><N who="2" m="31264" /><V58/><F52/><T86/><D39/><U81/><E99/><V53/><F53/><T94/><D45/><U72/><E96/><V132/><F132/><T68/><D68/><U64/><E64/><V3/><F91/><T71/><D71/><U83/><E72/><V60/><F60/><T116/><D116/><U77/><E77/><N who="0" m="29769" /><D110/><U0/><E0/><AGARI ba="0,0" hai="0,3,33,35,49,50,56,58,62,63,100,103,117,119" m="31264" machi="0" ten="25,4800,0" yaku="22,2,52,1" doraHai="80,102" who="2" fromWho="1" sc="421,0,142,-48,487,48,0,0" owari="421,2.0,94,-51.0,535,49.0,0,0.0" /></mjloggm>