<mjloggm ver="2.3"><GO type="169" lobby="0"/><UN n0="%73%79%61%6D%6F" n1="%E3%81%86%E3%81%A1%E3%83%BC" n2="%E3%82%B7%E3%83%BC%E3%82%BF" n3="%47%65%61%72" dan="16,16,16,16" rate="2115.09,2086.90,2027.01,2069.55" sx="M,M,M,M"/><TAIKYOKU oya="0"/><INIT seed="0,0,0,3,3,114" ten="250,250,250,250" oya="0" hai0="83,31,42,85,106,130,17,16,111,90,77,78,127" hai1="91,135,123,53,20,93,11,109,33,108,118,94,22" hai2="72,65,37,89,9,131,117,51,19,74,34,126,66" hai3="12,92,45,3,55,7,46,28,101,64,88,87,67"/><T110/><D106/><U24/><E123/><V52/><F37/><W120/><G120/><T60/><D31/><U4/><E135/><V14/><F34/><W23/><G3/><T13/><D42/><U58/><E33/><V82/><F131/><W98/><G7/><T61/><D130/><U10/><E118/><V133/><F133/><W69/><G69/><T2/><D2/><U113/><E113/><V84/><F126/><W86/><G86/><T43/><D127/><U104/><E104/><V40/><F40/><W100/><G100/><T96/><D43/><U68/><E68/><V50/><F50/><W47/><G55/><T107/><D17/><N who="1" m="12303" /><E91/><V73/><REACH who="2" step="1"/><F117/><REACH who="2" ten="250,250,240,250" step="2"/><W41/><G41/><T134/><D134/><U25/><E108/><N who="0" m="41513" /><D61/><U129/><E109/><V128/><F128/><W75/><G75/><T122/><D60/><U48/><E129/><V56/><AGARI ba="0,1" hai="9,14,19,51,52,56,65,66,72,73,74,82,84,89" machi="56" ten="30,4000,0" yaku="1,1,0,1,54,1,53,0" doraHai="114" doraHaiUra="119" who="2" fromWho="2" sc="250,-20,250,-10,240,50,250,-10" /><INIT seed="1,0,0,4,2,91" ten="230,240,290,240" oya="1" hai0="32,36,95,134,29,101,92,117,2,18,111,10,41" hai1="115,14,81,65,49,109,9,8,94,108,133,77,28" hai2="23,107,59,127,96,68,110,39,113,135,17,122,80" hai3="40,37,15,69,11,1,38,43,54,26,99,16,66"/><U56/><E115/><V93/><F68/><W6/><G54/><T63/><D117/><U71/><E71/><V123/><F39/><W130/><G130/><T64/><D111/><N who="1" m="42571" /><E133/><V0/><F0/><W114/><G114/><T47/><D134/><U119/><E119/><V131/><F110/><W72/><G72/><T46/><D47/><U52/><E28/><V44/><F107/><W24/><G99/><T98/><D2/><U67/><E94/><V42/><F93/><W60/><G37/><T89/><D29/><U126/><E126/><V45/><F96/><W85/><G38/><T106/><D32/><U5/><E9/><V33/><F80/><W79/><G43/><T27/><D10/><U88/><E77/><V86/><F45/><W35/><G40/><T84/><D18/><U132/><E132/><V62/><F17/><W12/><G35/><T87/><D27/><U73/><E73/><V3/><F44/><W25/><G1/><T116/><D116/><U125/><E125/><V31/><F3/><W120/><G120/><T104/><REACH who="0" step="1"/><D87/><AGARI ba="0,0" hai="5,8,14,49,52,56,65,67,81,87,88" m="42571" machi="87" ten="30,11600,0" yaku="14,1,10,1,54,2" doraHai="91" who="1" fromWho="0" sc="230,-116,240,116,290,0,240,0" /><INIT seed="1,1,0,2,5,62" ten="114,356,290,240" oya="1" hai0="24,0,37,64,105,66,97,89,117,133,4,102,41" hai1="63,112,35,110,42,26,70,55,74,126,69,124,90" hai2="28,134,58,19,82,65,11,98,88,18,46,115,125" hai3="47,132,16,86,94,29,3,39,122,17,127,59,56"/><U40/><E112/><V33/><F115/><W135/><G122/><T53/><D117/><U45/><E74/><V111/><F111/><W131/><G3/><T106/><D133/><N who="3" m="51273" /><G29/><T72/><D72/><U92/><E110/><V81/><F134/><W85/><G131/><T8/><D106/><U87/><E40/><V13/><F28/><W36/><G47/><T130/><D130/><U48/><E26/><V99/><F33/><W91/><G85/><T76/><D76/><U109/><E35/><V80/><F125/><N who="1" m="48233" /><E109/><V31/><F31/><W60/><G56/><AGARI ba="1,0" hai="42,45,48,55,56,63,69,70,87,90,92" m="48233" machi="56" ten="30,1500,0" yaku="18,1" doraHai="62" who="1" fromWho="3" sc="114,0,356,18,290,0,240,-18" /><INIT seed="1,2,0,2,5,94" ten="114,374,290,222" oya="1" hai0="24,21,101,108,88,36,116,131,133,106,41,99,51" hai1="10,114,1,95,22,63,125,0,62,33,56,23,9" hai2="89,25,105,78,53,18,19,37,91,77,129,107,38" hai3="113,34,98,83,71,82,87,49,120,50,12,43,14"/><U80/><E114/><V35/><F129/><W60/><G120/><T47/><D116/><U17/><E33/><V115/><F35/><W5/><G34/><T74/><D131/><U72/><E125/><V103/><F103/><W112/><G112/><T20/><D108/><U4/><E95/><V68/><F115/><W122/><G122/><T132/><D74/><U45/><E45/><V104/><F104/><W29/><G29/><T13/><D13/><U48/><E48/><V52/><F25/><W109/><G109/><T111/><D111/><U79/><E17/><V59/><REACH who="2" step="1"/><F59/><REACH who="2" ten="114,374,280,222" step="2"/><W97/><G113/><T81/><D24/><U86/><E56/><V44/><F44/><N who="3" m="25759" /><G71/><AGARI ba="2,1" hai="18,19,37,38,52,53,68,71,77,78,89,91,105,107" machi="71" ten="25,6400,0" yaku="1,1,22,2,54,1,53,0" doraHai="94" doraHaiUra="130" who="2" fromWho="3" sc="114,0,374,0,280,80,222,-70" /><INIT seed="2,0,0,2,1,7" ten="114,374,360,152" oya="2" hai0="71,68,94,31,89,37,135,87,83,96,2,73,11" hai1="28,20,120,115,60,3,39,55,50,123,17,100,56" hai2="125,86,53,77,69,117,72,78,124,129,126,113,45" hai3="43,46,80,102,70,9,128,25,127,75,36,112,106"/><V14/><F113/><W38/><G128/><T130/><D130/><U13/><E39/><V118/><F69/><W84/><G127/><T81/><D37/><U74/><E3/><V90/><F129/><W15/><G112/><T57/><D135/><U62/><E74/><V4/><F45/><W132/><G132/><T35/><D57/><U107/><E115/><V59/><F14/><W66/><G25/><T41/><D41/><U63/><E28/><V108/><F4/><W22/><G22/><T48/><D48/><U99/><AGARI ba="0,0" hai="13,17,20,50,55,56,60,62,63,99,100,107,120,123" machi="99" ten="30,1100,0" yaku="0,1" doraHai="7" who="1" fromWho="1" sc="114,-3,374,11,360,-5,152,-3" /><INIT seed="3,0,0,0,4,61" ten="111,385,355,149" oya="3" hai0="11,105,101,6,57,47,28,48,102,79,132,56,75" hai1="65,70,18,72,35,135,50,21,110,3,86,119,14" hai2="89,32,116,42,108,113,71,80,4,2,74,127,26" hai3="109,24,126,118,106,10,5,51,115,122,64,87,133"/><W73/><G106/><T98/><D28/><U41/><E72/><V129/><RYUUKYOKU type="yao9" ba="0,0" sc="111,0,385,0,355,0,149,0" hai2="2,4,26,32,42,71,74,80,89,108,113,116,127,129" /><INIT seed="3,1,0,3,1,58" ten="111,385,355,149" oya="3" hai0="126,14,111,35,133,60,27,92,55,80,70,107,2" hai1="49,86,118,113,77,25,8,31,71,11,1,44,16" hai2="132,56,78,106,30,128,91,82,64,83,98,117,94" hai3="73,93,85,6,18,54,124,37,3,9,134,50,22"/><W26/><G73/><T101/><D111/><U48/><E113/><V47/><F117/><W90/><G124/><T108/><D108/><U46/><E71/><V105/><F30/><W131/><G131/><T67/><D2/><U102/><E102/><V43/><F128/><W115/><G115/><T36/><D36/><U15/><E118/><V100/><F132/><W19/><G134/><T120/><D120/><U5/><E77/><V65/><F83/><W75/><G75/><T10/><D126/><U127/><E86/><V103/><F106/><W87/><G37/><T62/><D133/><U40/><E127/><V24/><F24/><W57/><REACH who="3" step="1"/><G18/><REACH who="3" ten="111,385,355,139" step="2"/><T121/><D121/><U76/><E76/><V84/><F78/><W88/><G88/><T51/><D101/><U42/><E31/><V74/><F74/><W66/><G66/><T123/><D123/><U119/><E119/><V97/><F56/><W63/><G63/><N who="0" m="24107" /><D70/><U39/><E39/><AGARI ba="1,1" hai="39,43,47,64,65,82,84,91,94,97,98,100,103,105" machi="39" ten="30,1000,0" yaku="7,1" doraHai="58" who="2" fromWho="1" sc="111,0,385,-13,355,23,139,0" /><INIT seed="4,0,0,5,5,42" ten="111,372,378,139" oya="0" hai0="91,51,7,127,128,10,20,53,23,114,105,115,52" hai1="9,96,57,65,41,87,39,97,59,131,72,81,104" hai2="86,73,8,25,11,106,33,29,16,85,15,3,22" hai3="88,123,46,49,112,120,100,35,68,103,132,102,69"/><T26/><D105/><U32/><E72/><V122/><F122/><N who="3" m="46635" /><G35/><T80/><D127/><U110/><E131/><V12/><F73/><W126/><G126/><T124/><D124/><U61/><E32/><V62/><F106/><W18/><G132/><T130/><D80/><U93/><E104/><V84/><F62/><W66/><G112/><N who="0" m="43051" /><D91/><U95/><E41/><V0/><REACH who="2" step="1"/><F33/><REACH who="2" ten="111,372,368,139" step="2"/><W118/><G118/><T111/><D111/><U113/><E61/><V67/><F67/><W98/><G66/><T24/><D130/><U83/><E65/><V37/><F37/><W134/><G134/><T13/><D128/><U55/><E39/><V50/><F50/><W108/><G108/><T70/><D70/><U77/><E113/><V107/><F107/><W38/><G38/><T30/><D51/><U2/><E110/><V119/><F119/><W19/><G68/><T63/><D63/><U58/><E2/><V117/><F117/><W44/><G69/><T94/><D94/><U4/><E93/><V31/><F31/><AGARI ba="0,1" hai="7,10,13,20,23,24,26,30,31,52,53" m="43051" machi="31" ten="30,2900,0" yaku="15,1,54,1" doraHai="42" who="0" fromWho="2" sc="111,39,372,0,368,-29,139,0" /><INIT seed="4,1,0,1,2,38" ten="150,372,339,139" oya="0" hai0="50,133,80,39,63,6,47,106,44,57,51,78,135" hai1="15,53,90,116,48,114,19,71,134,96,110,117,62" hai2="7,17,13,49,115,22,24,118,0,43,41,29,85" hai3="98,65,83,111,125,61,74,37,56,130,88,109,9"/><T32/><D106/><U28/><E110/><V5/><F115/><W25/><G130/><T91/><D32/><U112/><E28/><V89/><F118/><W84/><G125/><T127/><D127/><U122/><E134/><N who="0" m="51209" /><D6/><N who="2" m="2058" /><F49/><N who="0" m="18442" /><D91/><U102/><E122/><V33/><F33/><W103/><G37/><T69/><D69/><U8/><E90/><V99/><F0/><W3/><G74/><N who="0" m="43095" /><D39/><U108/><E71/><V92/><F85/><W11/><G3/><T1/><D1/><U16/><E116/><V132/><F132/><W101/><G101/><T72/><D72/><U73/><E73/><V79/><F79/><W95/><G111/><T107/><D107/><U45/><E108/><V40/><F29/><W81/><G109/><T21/><D21/><U27/><E117/><V31/><F31/><W77/><REACH who="3" step="1"/><G25/><AGARI ba="1,0" hai="13,17,22,24,25,40,41,43,89,92,99" m="2058" machi="25" ten="30,7700,0" yaku="8,1,52,3" doraHai="38" who="2" fromWho="3" sc="150,0,372,0,339,80,139,-80" /><INIT seed="5,0,0,1,0,27" ten="150,372,419,59" oya="1" hai0="30,59,14,125,60,9,107,32,131,124,126,127,10" hai1="130,31,17,24,3,26,29,86,74,49,113,83,28" hai2="20,129,122,121,123,41,5,76,133,101,99,69,104" hai3="33,100,71,132,48,73,40,2,70,78,21,43,62"/><U34/><E74/><V42/><F69/><W11/><G33/><T82/><D107/><U94/><E3/><V18/><F129/><W35/><G132/><T81/><D131/><U54/><E130/><V63/><F133/><W12/><G35/><T61/><N who="0" m="31744" /><DORA hai="115" /><T45/><D45/><N who="1" m="27951" /><E34/><V119/><F119/><W13/><G2/><T91/><D9/><U15/><E94/><V111/><F76/><W66/><G71/><T16/><D91/><N who="1" m="51679" /><E113/><V52/><F20/><AGARI ba="0,0" hai="15,17,20,24,26,28,29,31" m="51679,27951" machi="20" ten="30,11600,0" yaku="8,1,52,3" doraHai="27,115" who="1" fromWho="2" sc="150,0,372,116,419,-116,59,0" /><INIT seed="5,1,0,4,5,23" ten="150,488,303,59" oya="1" hai0="111,61,65,33,55,6,94,86,60,17,124,10,85" hai1="36,78,32,64,29,129,125,114,53,15,27,123,105" hai2="43,79,77,57,81,9,93,95,4,21,28,25,58" hai3="70,80,92,54,51,98,35,91,87,118,113,106,22"/><U82/><E123/><V19/><F43/><W30/><G113/><T45/><D111/><U68/><E105/><V41/><F41/><W7/><G70/><T130/><D33/><U34/><E114/><V48/><F28/><W101/><G118/><T126/><D130/><U131/><E36/><V0/><F79/><W5/><G35/><T11/><D17/><U89/><E32/><V83/><F83/><W66/><G66/><T47/><D94/><U90/><E125/><V84/><REACH who="2" step="1"/><F58/><REACH who="2" ten="150,488,293,59" step="2"/><W76/><G30/><T14/><D126/><U109/><E129/><V16/><F16/><W102/><G102/><T117/><D124/><U26/><E29/><V39/><F39/><W135/><G135/><T132/><D132/><U122/><E131/><V52/><AGARI ba="1,1" hai="0,4,9,19,21,25,48,52,57,77,81,84,93,95" machi="52" ten="30,8000,1" yaku="1,1,0,1,52,1,54,1,53,1" doraHai="23" doraHaiUra="3" who="2" fromWho="2" sc="150,-21,488,-41,293,93,59,-21" /><INIT seed="6,0,0,1,3,38" ten="129,447,386,38" oya="2" hai0="87,92,96,62,15,60,4,89,86,36,11,101,121" hai1="70,103,64,99,125,17,102,18,93,122,124,37,106" hai2="85,24,91,28,51,98,42,21,12,44,132,117,16" hai3="68,48,94,20,65,45,66,7,69,58,49,118,80"/><V97/><F132/><W30/><G118/><T57/><D121/><U76/><E37/><V26/><F117/><W123/><G123/><T114/><D36/><U90/><E122/><V133/><F133/><W39/><G7/><T84/><D114/><U100/><E76/><V127/><F127/><N who="1" m="48713" /><E106/><V43/><F43/><N who="3" m="22783" /><G94/><T32/><D32/><U10/><E10/><V116/><F116/><W56/><G20/><T110/><D110/><U52/><E52/><V1/><F1/><W22/><G22/><T46/><D46/><U31/><E31/><V59/><F59/><N who="3" m="22571" /><G80/><T8/><D11/><U73/><E73/><V6/><F6/><W5/><G30/><T131/><D131/><U104/><E104/><V130/><F130/><W19/><G19/><T0/><D0/><U77/><E77/><V74/><F74/><W50/><G5/><T27/><D27/><N who="2" m="10282" /><F28/><W112/><G112/><T61/><REACH who="0" step="1"/><D57/><REACH who="0" ten="119,447,386,38" step="2"/><U95/><E70/><AGARI ba="0,1" hai="48,49,50,65,66,68,69,70" m="22571,22783" machi="70" ten="30,12000,2" yaku="35,5,52,1" doraHai="38" who="3" fromWho="1" sc="119,0,447,-120,386,0,38,130" /><INIT seed="7,0,0,1,2,41" ten="119,327,386,168" oya="3" hai0="14,2,47,71,25,115,86,116,75,11,87,26,126" hai1="68,59,100,74,35,109,23,128,39,5,122,13,81" hai2="10,88,108,40,62,103,9,8,79,15,0,54,73" hai3="56,112,121,113,72,118,66,76,95,18,131,84,125"/><W65/><G118/><T127/><D116/><U78/><E35/><V43/><F108/><W55/><G121/><T28/><D71/><U7/><E68/><V52/><F73/><W4/><G131/><T134/><D75/><U48/><E39/><V132/><F79/><W80/><G125/><T119/><D119/><U58/><E109/><V94/><F132/><W93/><G4/><T107/><D134/><U117/><E117/><V92/><F0/><W46/><G18/><T17/><D107/><U31/><E128/><V77/><F77/><W30/><G30/><T102/><D102/><U49/><E122/><V130/><F130/><W61/><G46/><T21/><D115/><N who="3" m="44105" /><G72/><T99/><D99/><U12/><E100/><V106/><F106/><W135/><G135/><T133/><D133/><U34/><E34/><V45/><F15/><W1/><G1/><T44/><D2/><U6/><E23/><V64/><F43/><W51/><G51/><N who="1" m="19530" /><E31/><V33/><F33/><W83/><G83/><T27/><D127/><U67/><E67/><AGARI ba="0,0" hai="55,56,61,65,66,67,76,80,84,93,95" m="44105" machi="67" ten="30,1500,0" yaku="15,1" doraHai="41" who="3" fromWho="1" sc="119,0,327,-15,386,0,168,15" /><INIT seed="7,1,0,3,1,15" ten="119,312,386,183" oya="3" hai0="58,22,98,45,57,56,101,47,24,65,27,119,97" hai1="14,96,53,80,87,50,100,114,16,116,134,52,8" hai2="113,89,63,44,9,99,88,106,73,54,36,75,2" hai3="32,33,117,1,61,20,5,126,118,26,111,77,121"/><W124/><G61/><T83/><D119/><N who="3" m="45577" /><G77/><T67/><D83/><U82/><E116/><V64/><F113/><W38/><G38/><T25/><D22/><U85/><E114/><V31/><F89/><W129/><G129/><T132/><D132/><U11/><E134/><V69/><F31/><N who="3" m="17863" /><G121/><T70/><D70/><U91/><E8/><V103/><F88/><W18/><G111/><T104/><D104/><U12/><E12/><V125/><F54/><N who="1" m="21097" /><E50/><V115/><F115/><W10/><G18/><T41/><D41/><U13/><E13/><V48/><F48/><W37/><G37/><T120/><D101/><U93/><E87/><V60/><F60/><W17/><G17/><T7/><D7/><U49/><E49/><V19/><F19/><W51/><G51/><T90/><D90/><U4/><E4/><N who="2" m="1175" /><F125/><AGARI ba="1,0" hai="1,5,10,32,33,124,125,126" m="17863,45577" machi="125" ten="30,5800,0" yaku="18,1,34,2" doraHai="15" who="3" fromWho="2" sc="119,0,312,0,386,-61,183,61" /><INIT seed="7,2,0,4,0,12" ten="119,312,325,244" oya="3" hai0="79,128,59,77,23,44,16,105,64,40,87,117,100" hai1="49,134,84,22,43,115,55,121,39,80,89,53,76" hai2="66,130,0,46,28,108,68,85,41,30,101,102,52" hai3="63,86,31,131,110,107,20,5,127,47,24,97,54"/><W10/><G131/><T90/><D128/><U92/><E121/><V78/><F108/><W94/><G127/><T33/><D33/><U112/><E134/><V111/><F111/><W126/><G126/><T4/><D117/><U13/><E39/><V62/><F0/><W29/><G110/><T48/><D4/><U120/><E120/><V132/><F130/><W45/><G107/><T26/><D100/><U25/><E13/><V17/><F132/><W27/><G86/><T57/><D105/><U82/><E43/><V125/><F125/><W109/><G54/><N who="1" m="20490" /><E49/><V65/><F52/><W103/><G63/><T118/><D118/><U119/><E76/><V7/><F7/><W123/><G123/><T129/><D129/><U34/><E34/><V95/><F66/><W104/><G104/><T61/><D57/><U8/><E8/><V60/><F60/><W6/><G109/><T91/><D90/><U3/><E3/><V32/><F32/><W50/><G10/><T35/><D35/><U114/><E119/><V93/><F41/><W58/><G58/><T72/><D72/><U9/><E9/><V133/><F133/><W135/><G135/><T70/><D70/><U98/><E84/><V81/><F46/><N who="3" m="17419" /><G50/><T18/><D18/><AGARI ba="2,0" hai="18,22,25,80,82,89,92,98,112,114,115" m="20490" machi="18" ten="30,2000,0" yaku="15,1,52,1" doraHai="12" who="1" fromWho="0" sc="119,-26,312,26,325,0,244,0" owari="93,-41.0,338,44.0,325,13.0,244,-16.0" /></mjloggm>