<mjloggm ver="2.3"><GO type="169" lobby="0"/><UN n0="%6B%6F%74%61%6B%6F%74%61" n1="%E3%81%97%E3%82%89%E3%81%99%EF%BC%A1" n2="%E3%82%B5%E3%83%B3%26%E3%83%A0%E3%83%BC%E3%83%B3" n3="%39%2D%62%61%79" dan="16,16,17,16" rate="2106.72,2106.94,2170.22,2104.58" sx="M,M,M,M"/><TAIKYOKU oya="0"/><INIT seed="0,0,0,2,2,104" ten="250,250,250,250" oya="0" hai0="21,128,118,62,112,30,127,37,73,115,4,8,133" hai1="108,87,3,24,34,28,63,31,38,94,71,23,57" hai2="64,59,9,109,5,86,119,25,83,84,36,6,68" hai3="46,130,99,55,19,33,129,17,80,121,39,67,74"/><T72/><D118/><U14/><E108/><V47/><F109/><W122/><G33/><T95/><D37/><U16/><E71/><V77/><F68/><W103/><G67/><T110/><D110/><U53/><E38/><V90/><F119/><W48/><G39/><T54/><D95/><U92/><E3/><V88/><F25/><W78/><G19/><T75/><D127/><U113/><E113/><V114/><F6/><W101/><G17/><T27/><D133/><U106/><E106/><V102/><F102/><N who="3" m="38923" /><G99/><T15/><REACH who="0" step="1"/><D128/><AGARI ba="0,0" hai="46,48,55,74,78,80,121,122,128,129,130" m="38923" machi="128" ten="30,2000,0" yaku="19,1,52,1" doraHai="104" who="3" fromWho="0" sc="250,-20,250,0,250,0,250,20" /><INIT seed="1,0,0,2,3,107" ten="230,250,250,270" oya="1" hai0="133,63,13,72,93,58,95,79,74,47,129,20,7" hai1="102,16,46,70,114,111,43,130,10,51,82,12,37" hai2="32,41,6,5,8,124,75,101,64,57,96,49,18" hai3="39,36,104,103,60,26,15,56,125,105,88,106,62"/><U92/><E114/><V45/><F124/><W98/><G125/><T52/><D133/><U40/><E130/><V113/><F32/><W19/><G26/><T87/><D129/><U116/><E116/><V66/><F75/><W59/><G88/><T48/><D79/><U85/><E70/><V33/><F33/><W71/><G71/><T55/><D87/><U128/><E128/><V131/><F113/><W42/><G42/><T115/><D115/><U100/><E111/><V108/><F108/><W127/><G127/><T117/><D117/><U35/><E35/><V80/><F80/><W28/><G28/><T50/><D95/><U122/><E122/><V120/><F120/><W97/><G15/><T65/><D93/><U86/><E40/><V4/><F57/><N who="3" m="22091" /><G19/><T134/><D134/><U24/><E37/><N who="3" m="14410" /><G103/><T38/><D38/><U68/><E68/><V27/><F131/><W135/><G135/><T99/><D99/><AGARI ba="0,0" hai="60,62,97,98,99,104,105,106" m="14410,22091" machi="99" ten="40,2600,0" yaku="28,2" doraHai="107" who="3" fromWho="0" sc="230,-26,250,0,250,0,270,26" /><INIT seed="2,0,0,0,4,101" ten="204,250,250,296" oya="2" hai0="48,36,3,4,87,62,47,12,98,63,52,17,15" hai1="116,6,21,61,80,107,127,8,89,22,100,83,42" hai2="124,30,128,59,134,77,91,125,86,130,27,70,94" hai3="69,29,55,106,38,67,121,54,110,135,90,43,122"/><V19/><F70/><W111/><G29/><T5/><D36/><U114/><E114/><V85/><F59/><W79/><G90/><T18/><D98/><U1/><E116/><V2/><F2/><W20/><G20/><T96/><D96/><U74/><E127/><N who="2" m="48715" /><F19/><W49/><G79/><T76/><D3/><U60/><E42/><V108/><F108/><N who="3" m="41515" /><G106/><T72/><D72/><U132/><E132/><V117/><F117/><W64/><G135/><T104/><D104/><U0/><E8/><V65/><F65/><N who="3" m="25163" /><G69/><T56/><D76/><U40/><E6/><V102/><F102/><W13/><G13/><T14/><D87/><U113/><E100/><V35/><F134/><W129/><G129/><N who="2" m="49769" /><F77/><W118/><G118/><T99/><D4/><U50/><E0/><V109/><F109/><W46/><G55/><T126/><D17/><U115/><E40/><V84/><AGARI ba="0,0" hai="27,30,35,84,85,86,91,94" m="49769,48715" machi="84" ten="40,3900,0" yaku="18,1,19,1" doraHai="101" who="2" fromWho="2" sc="204,-13,250,-13,250,39,296,-13" /><INIT seed="2,1,0,3,3,22" ten="191,237,289,283" oya="2" hai0="104,46,131,7,60,106,29,121,76,44,21,89,16" hai1="36,100,30,86,96,54,26,90,6,84,110,109,62" hai2="68,71,11,135,114,120,88,52,118,55,115,58,20" hai3="51,129,133,134,59,105,99,34,113,18,122,48,40"/><V17/><F118/><W70/><G70/><T108/><D121/><U82/><E36/><V25/><F120/><W2/><G2/><T32/><D108/><U4/><E84/><V47/><F135/><W53/><G122/><T77/><D131/><U1/><E1/><V64/><F71/><W37/><G37/><T92/><D7/><U39/><E39/><V0/><F68/><W94/><G105/><T97/><D106/><U5/><E54/><V12/><F0/><W33/><G129/><T81/><D104/><U127/><E62/><V111/><F111/><N who="1" m="42505" /><E127/><V119/><F119/><W93/><G18/><T87/><D77/><U69/><E69/><V57/><F47/><N who="3" m="25703" /><G93/><T124/><D124/><U41/><E41/><V79/><F79/><W85/><G85/><T35/><D60/><U23/><E4/><V128/><F128/><W13/><G113/><T91/><D76/><U125/><E125/><V123/><F123/><W8/><G94/><AGARI ba="1,0" hai="5,6,23,26,30,82,86,90,94,96,100" m="42505" machi="94" ten="30,2000,0" yaku="14,1,52,1" doraHai="22" who="1" fromWho="3" sc="191,0,237,23,289,0,283,-23" /><INIT seed="3,0,0,1,5,70" ten="191,260,289,260" oya="3" hai0="105,76,49,103,43,81,124,33,88,117,93,23,69" hai1="122,56,77,106,127,111,39,7,82,108,104,87,51" hai2="96,53,63,130,61,22,132,114,34,47,83,14,133" hai3="79,95,16,0,52,37,9,27,44,19,125,35,107"/><W21/><G107/><T41/><D124/><U15/><E122/><V58/><F34/><W60/><G125/><T129/><D129/><U5/><E127/><V101/><F114/><W50/><G35/><T113/><D117/><U112/><E112/><V64/><F130/><W84/><G37/><T109/><D109/><U131/><E131/><V32/><F32/><W18/><G60/><T71/><D33/><U46/><E56/><V65/><F83/><N who="3" m="47231" /><G0/><T4/><D4/><U118/><E39/><V67/><F47/><W75/><G75/><T29/><D113/><U116/><E7/><V11/><F22/><W92/><G9/><T3/><D3/><U31/><E31/><AGARI ba="0,0" hai="16,18,19,21,27,31,44,50,52,92,95" m="47231" machi="31" ten="30,5800,0" yaku="8,1,54,2" doraHai="70" who="3" fromWho="1" sc="191,0,260,-58,289,0,260,58" /><INIT seed="3,1,0,5,5,24" ten="191,202,289,318" oya="3" hai0="131,14,117,4,73,35,15,21,91,129,96,111,77" hai1="112,104,32,133,85,122,10,118,64,130,53,79,63" hai2="43,7,74,56,36,76,72,29,70,18,16,28,26" hai3="2,87,37,119,50,5,107,54,60,1,75,128,123"/><W106/><G37/><T97/><D77/><U101/><E122/><V23/><F70/><W121/><G75/><T95/><D73/><U27/><E133/><V94/><F7/><W127/><G119/><T19/><D35/><U105/><E130/><N who="0" m="49673" /><D111/><U134/><E134/><V42/><F36/><W88/><G127/><T120/><D120/><U110/><E110/><V49/><F72/><W58/><G128/><T46/><D46/><U31/><E112/><V48/><F76/><W84/><G106/><T65/><D65/><U17/><E118/><V103/><F74/><W99/><G5/><T20/><D117/><U55/><E85/><V6/><F18/><W45/><G84/><N who="0" m="52711" /><D21/><U135/><E79/><V124/><F6/><W12/><G99/><N who="0" m="37963" /><D4/><U57/><E135/><V38/><F124/><W25/><G107/><T80/><D80/><U0/><E101/><V71/><F38/><W115/><G115/><T108/><D108/><U93/><E93/><V61/><F71/><W81/><G123/><T67/><D67/><U100/><E100/><V68/><F94/><W44/><G44/><T102/><D102/><U82/><E82/><V69/><F68/><W66/><G121/><T9/><D9/><U34/><E34/><V125/><F69/><W59/><G45/><T90/><D90/><U92/><E92/><V8/><F125/><W3/><G3/><T116/><D116/><U109/><E0/><V83/><F8/><W114/><G114/><T41/><D41/><N who="2" m="15370" /><F83/><W33/><G1/><T30/><D14/><N who="1" m="7383" /><E109/><V40/><N who="2" m="15378" /><V22/><DORA hai="86" /><F103/><W89/><G2/><RYUUKYOKU ba="1,0" sc="191,15,202,15,289,-15,318,-15" hai0="15,19,20,30" hai1="27,31,32,53,55,57,63,64,104,105" /><INIT seed="4,2,0,2,2,73" ten="206,217,274,303" oya="0" hai0="30,34,22,2,6,71,84,40,121,44,32,120,79" hai1="107,89,72,86,61,105,96,106,122,97,101,81,51" hai2="135,49,132,63,16,114,65,47,92,18,53,99,76" hai3="48,5,29,68,54,55,100,87,94,25,15,7,50"/><T124/><D124/><U46/><E122/><V21/><F114/><W111/><G68/><T74/><D84/><U27/><E61/><V75/><F75/><W43/><G111/><T8/><D22/><U13/><E27/><V11/><F11/><W58/><G43/><T1/><D1/><U3/><E3/><V66/><F76/><W33/><G15/><T115/><D115/><U117/><E117/><V20/><F20/><W36/><G36/><N who="0" m="21511" /><D71/><U133/><E133/><N who="2" m="51275" /><F21/><W17/><G17/><N who="2" m="6761" /><F63/><W134/><G134/><T28/><D28/><U104/><E13/><V12/><F12/><W103/><G5/><T118/><D118/><U23/><E23/><V70/><F70/><W19/><G7/><T14/><D14/><U126/><E126/><V4/><F4/><W127/><G19/><T130/><D130/><U83/><E51/><V39/><F39/><W0/><G127/><T62/><D62/><U110/><E110/><V116/><F116/><W24/><G0/><T80/><D30/><U41/><E41/><V45/><F47/><W119/><G119/><T113/><D113/><U82/><E46/><V102/><AGARI ba="2,0" hai="45,49,53,65,66,92,99,102" m="6761,51275" machi="102" ten="30,2000,0" yaku="20,1,54,1" doraHai="73" who="2" fromWho="2" sc="206,-12,217,-7,274,26,303,-7" /><INIT seed="5,0,0,0,4,39" ten="194,210,300,296" oya="1" hai0="94,116,81,82,123,31,119,125,100,117,20,11,19" hai1="60,34,8,75,4,111,23,28,3,25,128,50,33" hai2="88,18,74,13,115,43,65,129,107,70,83,64,84" hai3="32,6,52,7,71,73,55,106,58,63,90,92,104"/><U40/><E75/><V132/><F129/><W118/><G32/><T5/><D125/><U24/><E128/><V44/><F132/><W79/><G71/><T89/><D31/><U112/><E112/><V114/><F107/><W26/><G118/><T87/><D100/><U130/><E130/><V78/><F70/><W76/><G106/><T15/><REACH who="0" step="1"/><D123/><REACH who="0" ten="184,210,300,296" step="2"/><U67/><E111/><V48/><F114/><W131/><G131/><T35/><D35/><U66/><E34/><V10/><F115/><W54/><G104/><T103/><D103/><U105/><E105/><V122/><F122/><W98/><G73/><T51/><D51/><U37/><E37/><V91/><F91/><W2/><G2/><AGARI ba="0,1" hai="2,5,11,15,19,20,81,82,87,89,94,116,117,119" machi="2" ten="40,1300,0" yaku="1,1,53,0" doraHai="39" doraHaiUra="59" who="0" fromWho="3" sc="184,23,210,0,300,0,296,-13" /><INIT seed="6,0,0,3,4,43" ten="207,210,300,283" oya="2" hai0="57,11,56,45,67,13,134,29,72,27,18,132,97" hai1="86,26,35,5,51,100,19,129,112,7,114,8,82" hai2="23,55,110,63,71,59,95,96,92,127,10,111,130" hai3="65,70,85,105,53,121,39,118,107,74,22,94,66"/><V38/><F127/><W115/><G74/><T103/><D72/><U99/><E129/><V6/><F130/><W28/><G121/><T49/><D67/><U2/><E7/><V89/><F71/><W42/><G118/><T101/><D56/><U54/><E19/><V46/><F23/><W14/><G53/><T98/><D57/><U3/><E3/><V126/><F126/><W52/><G52/><N who="0" m="29743" /><D98/><U135/><E135/><N who="0" m="51753" /><D97/><U31/><E99/><V30/><F30/><W1/><G107/><T50/><D50/><U128/><E128/><V90/><F90/><W44/><G105/><T12/><D12/><U84/><E100/><V117/><F95/><W62/><G1/><T41/><D41/><U93/><E93/><V133/><F117/><W91/><G66/><T109/><D109/><U40/><E40/><V16/><F133/><W73/><G73/><T48/><D48/><U102/><E102/><V17/><F110/><W25/><G14/><T64/><D64/><U125/><E125/><V106/><F106/><W24/><G24/><T34/><AGARI ba="0,0" hai="11,13,18,27,29,34,101,103" m="51753,29743" machi="34" ten="30,4000,0" yaku="20,1,52,1,54,1" doraHai="43" who="0" fromWho="0" sc="207,40,210,-10,300,-20,283,-10" /><INIT seed="7,0,0,2,2,112" ten="247,200,280,273" oya="3" hai0="93,100,10,15,3,60,0,17,49,123,110,56,74" hai1="6,54,120,113,59,99,106,5,97,79,13,133,82" hai2="115,29,88,77,51,73,121,28,126,53,131,40,81" hai3="96,42,8,11,24,16,102,61,44,70,135,20,43"/><W83/><G135/><T109/><D74/><U98/><E120/><V86/><F115/><W68/><G68/><T63/><D123/><U9/><E113/><V21/><F121/><W55/><G83/><T75/><D75/><U38/><E133/><V90/><F131/><W37/><G43/><T45/><D0/><U31/><E38/><V94/><F126/><W85/><G85/><T119/><D3/><U118/><E31/><V101/><F101/><W91/><G91/><T107/><D107/><U33/><E33/><V117/><F40/><W124/><G124/><T84/><D63/><U48/><E106/><V32/><F32/><W12/><G24/><T129/><D129/><U22/><E22/><V34/><F34/><W65/><G55/><T35/><D35/><U95/><E118/><V134/><F117/><W41/><G42/><T80/><D93/><AGARI ba="0,0" hai="8,11,12,16,20,37,41,44,61,65,70,93,96,102" machi="93" ten="30,2900,0" yaku="7,1,54,1" doraHai="112" who="3" fromWho="0" sc="247,-29,200,0,280,0,273,29" owari="218,-18.0,200,-30.0,280,8.0,302,40.0" /></mjloggm>