<mjloggm ver="2.3"><GO type="185" lobby="0"/><UN n0="%E2%91%A5%52%61%64%61%72" n1="%E3%81%84%E3%81%AC%E3%82%8F%E3%82%93" n2="%E4%B9%9D%E8%93%AE%E5%9B%BD%E5%A3%AB%E4%B8%83%E5%AF%BE%E5%AD%90" n3="" dan="16,16,16,0" rate="2306.22,2172.78,2174.58,1500.00" sx="M,M,M,C"/><TAIKYOKU oya="0"/><INIT seed="0,0,0,5,1,99" ten="350,350,350,0" oya="0" hai0="50,128,40,101,116,104,53,38,83,72,115,100,94" hai1="122,62,109,55,49,93,75,96,133,71,105,44,66" hai2="46,126,82,52,77,111,76,112,37,48,106,88,42" hai3=""/><T89/><D116/><U54/><N who="1" m="31264" /><U86/><E109/><V103/><F111/><T1/><D1/><U73/><E133/><V65/><F112/><T84/><D115/><U59/><E86/><V98/><F126/><T87/><D128/><U129/><E105/><V134/><F65/><T57/><D72/><U51/><REACH who="1" step="1"/><E129/><REACH who="1" ten="350,340,350,0" step="2"/><V92/><F134/><T114/><D104/><U33/><E33/><V121/><N who="2" m="31008" /><V39/><F39/><T0/><D114/><U67/><E67/><V119/><F119/><T80/><D0/><U61/><E61/><V63/><F63/><T60/><D38/><U70/><E70/><V107/><F107/><T32/><D32/><U74/><E74/><V108/><F108/><T135/><D135/><U117/><E117/><V97/><REACH who="2" step="1"/><F82/><REACH who="2" ten="350,340,340,0" step="2"/><N who="0" m="31274" /><D87/><U3/><E3/><V35/><F35/><T110/><D110/><U124/><E124/><V64/><F64/><T132/><D132/><U68/><E68/><V90/><F90/><AGARI ba="0,2" hai="44,49,51,54,55,59,62,66,71,73,75,90,93,96" m="31264" machi="90" ten="30,7700,0" yaku="1,1,7,1,52,1,53,1" doraHai="99" doraHaiUra="41" who="1" fromWho="2" sc="350,0,340,97,340,-77,0,0" /><INIT seed="1,0,0,5,3,84" ten="350,437,263,0" oya="1" hai0="3,121,2,79,113,122,62,45,68,116,80,53,101" hai1="82,76,40,134,32,56,55,34,99,54,73,52,107" hai2="92,98,59,106,37,135,35,71,123,41,112,47,133" hai3=""/><U128/><E128/><V60/><N who="2" m="31520" /><V129/><F106/><T126/><N who="0" m="31008" /><T57/><N who="0" m="31264" /><T70/><D113/><U51/><E134/><V115/><F35/><T124/><D101/><U67/><E40/><V90/><F71/><T39/><D116/><U0/><E0/><V83/><F83/><T130/><D130/><U119/><E119/><V93/><F93/><T114/><D114/><N who="2" m="43562" /><F129/><T50/><D39/><U95/><E107/><V44/><F47/><T118/><D118/><U78/><E78/><V49/><F37/><T131/><D131/><U43/><E67/><AGARI ba="0,0" hai="41,44,49,59,60,67,90,92,98,133,135" m="43562,31520" machi="67" ten="30,3900,0" yaku="11,1,52,2" doraHai="84" who="2" fromWho="1" sc="350,0,437,-39,263,39,0,0" /><INIT seed="2,0,0,3,4,62" ten="350,398,302,0" oya="2" hai0="100,83,43,65,59,54,91,124,84,104,48,106,76" hai1="80,78,32,135,127,110,75,55,111,34,117,74,37" hai2="94,133,109,87,82,132,113,102,121,95,115,134,45" hai3=""/><V93/><N who="2" m="31008" /><V96/><F109/><N who="1" m="41481" /><E127/><V101/><F45/><T49/><D124/><U85/><E135/><V129/><F129/><T81/><D100/><N who="2" m="38506" /><F96/><T77/><D43/><U1/><E1/><V44/><F44/><T66/><D91/><AGARI ba="0,0" hai="82,87,91,93,94,95,113,115,132,133,134" m="38506,31008" machi="91" ten="40,12000,1" yaku="20,1,34,2,52,1" doraHai="62" who="2" fromWho="0" sc="350,-120,398,0,302,120,0,0" /><INIT seed="2,1,0,5,0,112" ten="230,398,422,0" oya="2" hai0="106,46,100,53,124,76,47,117,123,125,101,59,70" hai1="60,90,43,93,116,126,98,49,32,129,38,83,134" hai2="48,128,107,119,54,34,40,58,114,82,88,89,62" hai3=""/><V91/><F34/><T67/><N who="0" m="31520" /><T35/><D117/><U131/><E32/><V109/><F114/><T97/><D76/><U71/><E38/><V75/><F119/><T113/><D113/><U37/><E37/><V3/><F3/><T127/><D101/><U115/><E115/><V69/><F128/><T65/><D35/><U57/><E71/><V56/><F107/><T132/><D132/><U33/><E126/><V85/><F75/><T74/><D74/><U94/><E83/><V36/><F109/><T2/><D2/><U44/><E134/><V51/><F69/><T50/><REACH who="0" step="1"/><D70/><REACH who="0" ten="220,398,422,0" step="2"/><U45/><E33/><V63/><F91/><T87/><D87/><U41/><E116/><V73/><F89/><T122/><N who="0" m="31264" /><T102/><D102/><U0/><E0/><V39/><F73/><T99/><D99/><U80/><E98/><V121/><N who="2" m="31008" /><V92/><F82/><T118/><D118/><U104/><E80/><V55/><F92/><T61/><D61/><U95/><E90/><V111/><F88/><T66/><AGARI ba="1,1" hai="46,47,50,53,59,65,66,67,97,100,106,124,125,127" m="31264,31520" machi="66" ten="40,6000,1" yaku="1,1,0,1,18,1,52,2,53,0" doraHai="112" doraHaiUra="130" who="0" fromWho="0" sc="220,72,398,-21,422,-41,0,0" /><INIT seed="4,0,0,5,5,46" ten="292,377,381,0" oya="0" hai0="123,38,65,86,79,80,82,67,129,76,72,69,84" hai1="90,42,58,48,117,89,113,121,54,99,75,122,96" hai2="131,57,125,85,62,87,101,61,59,60,110,95,88" hai3=""/><T94/><N who="0" m="31520" /><T64/><D38/><U111/><N who="1" m="31008" /><U93/><N who="1" m="31264" /><U2/><E111/><V33/><F110/><T66/><D129/><U97/><E117/><V108/><F108/><T126/><D126/><U56/><E2/><V40/><F33/><T35/><D35/><U70/><E70/><V109/><F109/><T134/><D134/><U32/><E75/><V103/><F125/><T98/><D72/><U49/><E113/><V114/><F114/><T73/><D73/><U128/><E128/><V74/><F74/><T71/><N who="0" m="16384" /><DORA hai="130" /><T50/><REACH who="0" step="1"/><D50/><REACH who="0" ten="282,377,381,0" step="2"/><U124/><E124/><V91/><F131/><T116/><D116/><U104/><E32/><V47/><F103/><AGARI ba="0,1" hai="69,71,76,79,80,82,84,86,94,98,103" m="16384,31520" machi="103" ten="50,12000,1" yaku="1,1,9,1,52,1,53,2" doraHai="46,130" doraHaiUra="45,78" who="0" fromWho="2" sc="282,130,377,0,381,-120,0,0" /><INIT seed="4,1,0,2,0,61" ten="412,377,261,0" oya="0" hai0="123,98,52,111,62,128,63,106,97,2,104,81,46" hai1="49,82,33,3,93,43,76,83,124,40,34,110,117" hai2="58,57,125,80,99,102,64,127,120,66,96,73,135" hai3=""/><T88/><N who="0" m="31520" /><T77/><D2/><U90/><E110/><V35/><N who="2" m="30752" /><V72/><F135/><T129/><D111/><U65/><E117/><V91/><F91/><T100/><D46/><U1/><E124/><V78/><F35/><T105/><D97/><U47/><E43/><V37/><F37/><T101/><D101/><U126/><E83/><V89/><F89/><T109/><D109/><U130/><E130/><N who="0" m="50281" /><D88/><U114/><E114/><V131/><F131/><T44/><D44/><U121/><N who="1" m="31008" /><U84/><E126/><V118/><F118/><T134/><D134/><U113/><E113/><V71/><F71/><T39/><D39/><U92/><E92/><V53/><F53/><T119/><D119/><U51/><E3/><V38/><F38/><T36/><D36/><U79/><E1/><V54/><F54/><T42/><D42/><U132/><E132/><V94/><F94/><T116/><D116/><U59/><E34/><V107/><F80/><T67/><D52/><U69/><E33/><V87/><F78/><T32/><D32/><U50/><E79/><V108/><F102/><T95/><D63/><U133/><E133/><V122/><N who="2" m="31264" /><V112/><F108/><T56/><D95/><U74/><E93/><RYUUKYOKU ba="1,0" sc="412,20,377,-10,261,-10,0,0" hai0="56,62,67,77,81,98,100,104,105,106" /><INIT seed="4,2,0,3,1,36" ten="432,367,251,0" oya="0" hai0="115,110,92,73,54,60,102,77,37,0,132,40,58" hai1="79,3,64,125,131,33,44,70,35,88,80,52,50" hai2="98,126,72,100,103,108,111,38,51,81,84,83,56" hai3=""/><T62/><D115/><U95/><E3/><V57/><F38/><T129/><D0/><U109/><E109/><V53/><F126/><T93/><D129/><U41/><E125/><V122/><N who="2" m="31264" /><V134/><F134/><T124/><D124/><U67/><E131/><V48/><F72/><T74/><D110/><U130/><E130/><V90/><F81/><T39/><D132/><U105/><E105/><V75/><F75/><T112/><D112/><U86/><E52/><V87/><F87/><T1/><D102/><U61/><REACH who="1" step="1"/><E67/><REACH who="1" ten="432,357,251,0" step="2"/><V46/><F111/><T47/><D54/><U116/><E116/><V63/><F108/><T45/><D1/><U133/><E133/><V101/><F56/><T71/><D58/><U128/><E128/><V117/><F117/><T89/><D71/><U113/><E113/><V118/><F118/><T107/><D107/><U82/><E82/><V59/><F59/><T2/><D2/><U68/><E68/><V94/><REACH who="2" step="1"/><F63/><REACH who="2" ten="432,357,241,0" step="2"/><T91/><D62/><U120/><N who="1" m="30752" /><U114/><E114/><V76/><F76/><T78/><D47/><U135/><E135/><V42/><AGARI ba="2,2" hai="42,46,48,51,53,57,83,84,90,94,98,100,101,103" m="31264" machi="42" ten="20,9000,2" yaku="1,1,0,1,7,1,8,1,52,2,53,0" doraHai="36" doraHaiUra="123" who="2" fromWho="2" sc="432,-62,357,-32,241,114,0,0" /><INIT seed="5,0,0,1,4,64" ten="370,325,355,0" oya="1" hai0="77,61,45,132,42,52,128,121,54,102,113,41,44" hai1="130,57,97,87,103,123,126,119,131,114,129,32,43" hai2="69,39,55,95,63,33,37,105,76,104,92,48,134" hai3=""/><U65/><N who="1" m="31520" /><U125/><E119/><V66/><F33/><T53/><N who="0" m="31008" /><T49/><D128/><U110/><E32/><V47/><F76/><T106/><D113/><U93/><E114/><V0/><F0/><T75/><D132/><U81/><E43/><V99/><F134/><T115/><D115/><U86/><E110/><V84/><F37/><T100/><D106/><U60/><REACH who="1" step="1"/><E87/><REACH who="1" ten="370,315,355,0" step="2"/><V68/><F105/><T82/><REACH who="0" step="1"/><D61/><REACH who="0" ten="360,315,355,0" step="2"/><U116/><E116/><V2/><F104/><T124/><D124/><U34/><E34/><V80/><F63/><T38/><AGARI ba="0,2" hai="38,41,42,44,45,49,52,53,54,75,77,82,100,102" m="31008" machi="38" ten="30,6000,1" yaku="1,1,0,1,52,1,54,1,53,1" doraHai="64" doraHaiUra="73" who="0" fromWho="0" sc="360,80,315,-40,355,-20,0,0" /><INIT seed="6,0,0,3,0,129" ten="440,275,335,0" oya="2" hai0="59,116,61,58,85,65,131,82,132,122,84,49,123" hai1="103,89,68,50,104,32,109,127,86,3,35,71,44" hai2="113,124,80,134,67,95,98,37,128,99,119,47,74" hai3=""/><V114/><F119/><T42/><D116/><U81/><E109/><V52/><F128/><T110/><D131/><U87/><E3/><V0/><F0/><T130/><D130/><U38/><E38/><V1/><F1/><T41/><D110/><U56/><E127/><V78/><F124/><T115/><D132/><U48/><E71/><V77/><F67/><T40/><D115/><U93/><E68/><V91/><F77/><T54/><REACH who="0" step="1"/><D85/><REACH who="0" ten="430,275,335,0" step="2"/><U111/><E111/><V126/><F126/><T108/><D108/><U73/><E73/><V51/><F134/><T69/><D69/><U125/><E125/><V83/><F83/><T88/><AGARI ba="0,1" hai="40,41,42,49,54,58,59,61,65,82,84,88,122,123" machi="88" ten="30,3000,0" yaku="1,1,0,1,54,1,53,0" doraHai="129" doraHaiUra="100" who="0" fromWho="0" sc="430,40,275,-10,335,-20,0,0" owari="470,41.0,265,-33.0,315,-8.0,0,0.0" /></mjloggm>