<mjloggm ver="2.3"><GO type="169" lobby="0"/><UN n0="%E8%88%B9%E8%B6%8A%E8%8B%B1%E4%B8%80%E9%83%8E" n1="%46%69%72%73%74" n2="%E3%83%8E%E3%82%A8%E3%83%A9" n3="%E3%81%86%E3%81%A9%E3%82%93%E3%81%93" dan="18,17,16,16" rate="2224.92,2161.73,2087.00,2155.43" sx="M,M,M,M"/><TAIKYOKU oya="0"/><INIT seed="0,0,0,4,5,98" ten="250,250,250,250" oya="0" hai0="104,50,31,113,15,11,39,20,65,75,134,110,46" hai1="77,101,27,111,12,72,96,81,88,14,21,29,117" hai2="38,119,66,28,37,8,18,130,41,19,95,54,33" hai3="59,102,87,4,73,35,53,63,108,1,122,42,121"/><T109/><D113/><U68/><E117/><V84/><F66/><W5/><G73/><T43/><D75/><U92/><E111/><N who="0" m="42505" /><D104/><U7/><E68/><V22/><F33/><W16/><G35/><T23/><D134/><U126/><E126/><V47/><F54/><W112/><G112/><T115/><D115/><U71/><E71/><V90/><F130/><W9/><G42/><T86/><D65/><U40/><E40/><V13/><F28/><W89/><G108/><T0/><D0/><U78/><E78/><V57/><F57/><W55/><G55/><T64/><D64/><U106/><REACH who="1" step="1"/><E7/><REACH who="1" ten="250,240,250,250" step="2"/><V30/><F119/><W82/><G5/><N who="0" m="3567" /><D39/><U58/><E58/><V135/><F135/><W25/><G122/><T118/><D118/><U61/><E61/><V6/><F37/><W17/><G121/><T120/><D120/><U83/><E83/><V70/><F70/><W105/><REACH who="3" step="1"/><G25/><REACH who="3" ten="250,240,250,240" step="2"/><T80/><D31/><U125/><E125/><V97/><F30/><W74/><G74/><T10/><D10/><U133/><E133/><V52/><F6/><W44/><G44/><T99/><D99/><AGARI ba="0,2" hai="12,14,21,27,29,72,77,81,88,92,96,99,101,106" machi="99" ten="30,7700,0" yaku="1,1,7,1,52,1,54,1,53,0" doraHai="98" doraHaiUra="2" who="1" fromWho="0" sc="250,-77,240,97,250,0,240,0" /><AGARI ba="0,0" hai="1,4,9,16,17,53,59,63,82,87,89,99,102,105" machi="99" ten="40,8000,1" yaku="1,1,52,1,54,1,53,1" doraHai="98" doraHaiUra="2" who="3" fromWho="0" sc="173,-80,337,0,250,0,240,80" /><INIT seed="1,0,0,1,0,45" ten="93,337,250,320" oya="1" hai0="5,120,97,23,60,124,102,54,65,47,29,2,49" hai1="107,46,19,115,6,100,52,76,27,20,119,125,113" hai2="122,59,129,88,106,123,99,126,72,84,86,24,0" hai3="10,85,90,77,36,40,66,28,63,18,31,26,17"/><U30/><E119/><V73/><F0/><W128/><G128/><T91/><D124/><U75/><E125/><V127/><F24/><W101/><G101/><T1/><D120/><N who="2" m="46122" /><F59/><W134/><G77/><T34/><D91/><U15/><E6/><V43/><F43/><W82/><G134/><T61/><D5/><U104/><E75/><N who="2" m="28747" /><F129/><W4/><G40/><T48/><D34/><U57/><E76/><V42/><F42/><W98/><G36/><T78/><D78/><U95/><E46/><V41/><F41/><W32/><G98/><T103/><D103/><U13/><E13/><V110/><F110/><W8/><G31/><T38/><D38/><U93/><E113/><V53/><F53/><W7/><G7/><T81/><D81/><U11/><E115/><V118/><F118/><W9/><REACH who="3" step="1"/><G4/><REACH who="3" ten="93,337,250,310" step="2"/><T83/><D97/><U121/><E121/><V67/><F67/><W3/><G3/><T71/><D1/><U109/><E109/><V14/><F84/><W16/><G16/><T114/><D2/><U133/><E133/><V116/><F116/><W135/><G135/><T131/><D131/><U89/><E100/><N who="2" m="62751" /><F14/><W39/><G39/><T12/><D114/><U62/><REACH who="1" step="1"/><E95/><AGARI ba="0,1" hai="86,88,95,126,127" m="62751,28747,46122" machi="95" ten="30,3900,0" yaku="34,2,54,1" doraHai="45" who="2" fromWho="1" sc="93,0,337,-39,250,49,310,0" /><INIT seed="2,0,0,3,4,85" ten="93,298,299,310" oya="2" hai0="42,95,4,124,132,39,74,24,38,3,105,28,69" hai1="47,67,109,134,12,100,90,43,21,130,36,94,76" hai2="23,119,6,133,126,111,71,106,37,82,89,112,135" hai3="70,88,33,25,54,32,13,101,107,81,73,17,11"/><V62/><F37/><W115/><G70/><T64/><D95/><U102/><E130/><V118/><F6/><W41/><G41/><T30/><D30/><U31/><E109/><V55/><F23/><W93/><G115/><T58/><D58/><U99/><E134/><N who="2" m="51211" /><F112/><W44/><G25/><T127/><D42/><U61/><E76/><V35/><F35/><W20/><G11/><N who="0" m="2463" /><D74/><U26/><REACH who="1" step="1"/><E12/><REACH who="1" ten="93,288,299,310" step="2"/><V60/><F111/><W121/><G13/><T123/><D132/><U2/><E2/><V91/><F118/><W7/><G121/><T104/><D123/><U96/><E96/><V114/><F119/><W113/><G113/><T29/><D127/><U98/><E98/><V34/><F126/><W92/><G73/><T51/><D124/><U79/><E79/><V5/><F114/><W19/><G33/><T14/><D14/><U1/><E1/><V125/><F34/><W68/><G32/><T45/><D24/><U87/><E87/><V0/><F0/><W16/><G20/><T116/><D116/><U86/><E86/><V131/><F125/><W63/><G107/><T72/><D105/><U48/><E48/><V83/><F106/><W49/><G49/><T56/><D104/><U75/><E75/><V84/><F84/><W18/><G93/><T80/><D72/><U117/><E117/><V77/><F77/><W50/><G92/><T15/><D15/><U78/><E78/><V129/><F129/><W59/><G81/><N who="2" m="30729" /><F131/><W57/><G50/><T9/><D80/><U22/><E22/><V65/><F5/><W66/><G7/><T97/><D97/><RYUUKYOKU ba="0,1" sc="93,-15,288,15,299,15,310,-15" hai1="21,26,31,36,43,47,61,67,90,94,99,100,102" hai2="55,60,62,65,71,89,91" /><INIT seed="2,1,1,0,1,109" ten="78,303,314,295" oya="2" hai0="59,53,30,73,19,105,77,20,57,124,95,78,125" hai1="32,120,81,23,45,112,71,123,49,7,34,98,31" hai2="4,89,1,3,9,33,2,6,48,68,97,56,62" hai3="40,104,41,5,96,67,35,114,102,64,118,65,42"/><V24/><F68/><W101/><G118/><T60/><D105/><U66/><E7/><V111/><F111/><W52/><G35/><T76/><D73/><U94/><E81/><V38/><F38/><W129/><G129/><T61/><D30/><U103/><E71/><V87/><F33/><W55/><G5/><T106/><D106/><U16/><E66/><V90/><F24/><W80/><G114/><T37/><D37/><U44/><E112/><V25/><F48/><W26/><G102/><T121/><D121/><N who="1" m="46667" /><E31/><V10/><F97/><W0/><G0/><T93/><D124/><U88/><E103/><V11/><F25/><W130/><G130/><T133/><D133/><U132/><E45/><V29/><F29/><W119/><G119/><T84/><D84/><U115/><E115/><V107/><F90/><W70/><G70/><T126/><D126/><U134/><E34/><V117/><F107/><W92/><G104/><T110/><D110/><U50/><E32/><V116/><F116/><W8/><G8/><T21/><D125/><U75/><E75/><V13/><F117/><W27/><G80/><T131/><D131/><U82/><E82/><V128/><F10/><W135/><G135/><N who="1" m="51754" /><E44/><V100/><F100/><W122/><G122/><T113/><D113/><U15/><AGARI ba="1,1" hai="15,16,23,49,50,88,94,98" m="51754,46667" machi="15" ten="30,7900,0" yaku="13,1,20,1,54,2" doraHai="109" who="1" fromWho="1" sc="78,-21,303,92,314,-40,295,-21" /><INIT seed="3,0,0,4,5,106" ten="57,395,274,274" oya="3" hai0="84,22,60,16,123,27,0,109,8,31,11,92,45" hai1="131,111,78,112,73,3,94,118,105,97,50,51,9" hai2="15,128,98,110,55,104,53,6,57,93,102,21,119" hai3="103,66,89,1,80,28,108,76,61,58,82,14,24"/><W96/><G1/><T35/><D123/><U5/><E112/><V83/><F110/><W48/><G108/><T2/><D109/><U30/><E111/><V13/><F119/><W29/><G89/><T100/><D60/><U17/><E105/><V37/><F37/><W54/><G14/><T18/><D45/><U56/><E131/><V122/><F128/><W88/><G103/><T127/><D84/><U4/><E4/><V85/><F122/><W134/><G134/><T71/><D71/><U114/><E114/><V63/><F104/><W20/><G29/><T46/><D46/><U47/><E30/><V91/><F6/><W133/><G133/><T101/><D92/><U39/><E56/><V69/><F69/><W34/><G34/><T19/><D101/><U115/><E17/><N who="0" m="6761" /><D100/><N who="1" m="60471" /><E118/><V120/><F120/><W33/><G33/><T95/><D95/><U126/><E126/><V32/><F32/><W67/><G67/><T49/><D49/><U99/><E99/><V125/><F21/><W10/><G10/><N who="0" m="3627" /><D127/><U44/><E44/><V68/><F68/><W23/><G23/><T64/><D64/><U36/><E36/><V117/><F125/><W130/><G130/><T121/><D121/><U7/><E115/><V116/><F116/><W132/><G132/><T41/><D41/><N who="1" m="22975" /><E5/><V62/><F117/><W65/><G65/><T129/><D129/><U26/><E51/><V25/><F62/><W77/><G96/><T40/><D40/><U90/><E50/><V113/><F113/><W79/><G88/><T70/><D70/><U87/><E90/><V52/><F91/><RYUUKYOKU ba="0,0" sc="57,15,395,-15,274,-15,274,15" hai0="0,2,19,22,27,31,35" hai3="20,24,28,48,54,58,61,66,76,77,79,80,82" /><INIT seed="3,1,0,4,4,124" ten="72,380,259,289" oya="3" hai0="81,72,20,32,90,112,105,17,5,93,127,78,133" hai1="96,103,0,121,9,58,69,60,91,70,74,6,75" hai2="21,23,11,100,79,134,101,97,111,135,22,129,66" hai3="12,34,2,130,125,120,126,132,48,29,25,94,43"/><W39/><G39/><T68/><D127/><N who="3" m="48649" /><G120/><T45/><D133/><N who="2" m="50698" /><F111/><W7/><G43/><T50/><D112/><U36/><E121/><V13/><F129/><W1/><G132/><T35/><D68/><U10/><E91/><V30/><F79/><W14/><G48/><T62/><D5/><U85/><E85/><V59/><F30/><W114/><G94/><T123/><D105/><U71/><E10/><V92/><F100/><W18/><G114/><T49/><D123/><U41/><E58/><V131/><F131/><W55/><G55/><T118/><D118/><U16/><E16/><N who="2" m="8255" /><F23/><N who="3" m="11719" /><G130/><T110/><D110/><U15/><E15/><V88/><F101/><W87/><G87/><T24/><D50/><U37/><E60/><AGARI ba="1,0" hai="21,22,59,60,66,88,92,97" m="8255,50698" machi="60" ten="30,3900,0" yaku="20,1,54,2" doraHai="124" who="2" fromWho="1" sc="72,0,380,-42,259,42,289,0" /><INIT seed="4,0,0,2,4,12" ten="72,338,301,289" oya="0" hai0="62,95,78,124,47,43,37,119,68,34,19,50,104" hai1="101,106,112,73,70,84,22,8,120,94,69,114,11" hai2="133,117,15,132,96,100,2,26,72,91,27,123,10" hai3="55,59,131,21,128,44,29,134,108,5,40,76,17"/><T13/><D124/><U65/><E120/><V121/><F72/><W60/><G108/><T122/><D119/><U39/><E39/><V85/><F2/><W90/><G29/><T52/><D122/><U66/><E73/><V82/><F117/><W75/><G5/><T32/><D104/><U74/><E74/><V0/><F0/><W89/><G134/><N who="2" m="51817" /><F123/><W88/><G76/><T41/><D78/><U103/><E22/><V109/><F109/><W33/><G33/><T53/><D95/><U79/><E79/><V67/><F67/><W93/><G75/><T57/><D43/><U14/><E84/><V46/><F46/><W129/><G93/><T61/><D61/><U77/><E77/><V1/><F1/><W130/><N who="3" m="32768" /><DORA hai="118" /><W30/><G30/><T16/><D19/><U49/><E94/><N who="2" m="58391" /><F121/><W71/><G71/><T51/><D51/><U9/><E49/><V92/><F82/><W18/><G21/><N who="0" m="11407" /><D53/><U48/><E48/><AGARI ba="0,0" hai="17,18,40,44,48,55,59,60,88,89,90" m="32768" machi="48" ten="70,8000,1" yaku="19,1,52,2,54,1" doraHai="12,118" who="3" fromWho="1" sc="72,0,338,-80,301,0,289,80" /><INIT seed="5,0,0,1,2,8" ten="72,258,301,369" oya="1" hai0="123,63,99,76,133,100,127,16,122,62,128,44,81" hai1="131,102,57,31,73,113,130,78,59,90,91,5,0" hai2="38,64,60,85,83,6,119,89,7,58,104,34,66" hai3="22,28,115,84,95,135,126,111,37,94,93,29,101"/><U26/><E113/><V82/><F34/><W92/><G111/><T120/><D133/><U97/><E73/><V69/><F104/><W9/><G37/><T19/><D128/><N who="1" m="49195" /><E78/><V4/><F38/><W49/><G135/><T96/><D127/><U20/><E5/><V11/><F119/><W72/><G72/><T75/><D44/><U32/><E0/><V53/><F66/><W129/><G129/><T79/><D79/><U132/><E132/><V33/><F33/><W40/><G126/><T107/><REACH who="0" step="1"/><D99/><REACH who="0" ten="62,258,301,369" step="2"/><U105/><E32/><V56/><F69/><W86/><G101/><T74/><D74/><U98/><E97/><V68/><F68/><W23/><G115/><T109/><D109/><U48/><E59/><V103/><F56/><W18/><G84/><T46/><D46/><U65/><E98/><V61/><F103/><W116/><G86/><T24/><D24/><U117/><E102/><V114/><F114/><W17/><G116/><T43/><D43/><U47/><E117/><V67/><F85/><W27/><G40/><T71/><D71/><U108/><E108/><V50/><F58/><W52/><G49/><T1/><D1/><U25/><E57/><V45/><F50/><W77/><G77/><T118/><D118/><U15/><E48/><V51/><F51/><W54/><G54/><T106/><D106/><U42/><E105/><V21/><F53/><W87/><G52/><T125/><D125/><U121/><E47/><V2/><F45/><W70/><G70/><T30/><D30/><U36/><E42/><V110/><F2/><W134/><G87/><RYUUKYOKU ba="0,1" sc="62,30,258,-10,301,-10,369,-10" hai0="16,19,62,63,75,76,81,96,100,107,120,122,123" /><INIT seed="6,1,1,1,4,39" ten="92,248,291,359" oya="2" hai0="112,68,70,84,59,106,29,28,26,19,100,88,17" hai1="72,7,113,91,120,25,133,134,109,127,65,76,86" hai2="16,35,124,135,47,132,13,20,73,63,53,27,125" hai3="95,101,79,80,103,90,12,87,62,93,30,21,58"/><V55/><F73/><W94/><G90/><T34/><D112/><U105/><E113/><V110/><F110/><W56/><G56/><T41/><D28/><U131/><E109/><V3/><F3/><W89/><G89/><T118/><D118/><U115/><E115/><V32/><F63/><W130/><G130/><T22/><D59/><U108/><E105/><V98/><F98/><W128/><G128/><T104/><D19/><U9/><E72/><V51/><F53/><W42/><G42/><T81/><D41/><U14/><E127/><N who="2" m="48715" /><F27/><N who="3" m="16751" /><G12/><T5/><D5/><U66/><E7/><V129/><F129/><W45/><G45/><T77/><D77/><U4/><E14/><V43/><F55/><AGARI ba="1,1" hai="55,58,62,79,80,87,93,94,95,101,103" m="16751" machi="55" ten="30,1000,0" yaku="8,1" doraHai="39" who="3" fromWho="2" sc="92,0,248,0,291,-13,359,23" /><INIT seed="7,0,0,2,3,46" ten="92,248,278,382" oya="3" hai0="90,64,60,113,109,59,45,126,26,104,29,63,13" hai1="65,43,74,14,1,19,84,50,30,94,2,95,132" hai2="49,80,134,88,31,92,100,125,15,110,75,47,91" hai3="72,33,55,57,114,7,128,51,54,37,108,9,68"/><W121/><G68/><T4/><D104/><U25/><E74/><V53/><F110/><W70/><G70/><T129/><D13/><U35/><E65/><V61/><F134/><W123/><G37/><T42/><D4/><U116/><E116/><V77/><F125/><W103/><G33/><T16/><D90/><U41/><E132/><V112/><F112/><W89/><G72/><T27/><D109/><U97/><E84/><V40/><F31/><W0/><G114/><T34/><D126/><U93/><E97/><V69/><F15/><W98/><G128/><T81/><D129/><U117/><E43/><V102/><F91/><W17/><G108/><T20/><D113/><U130/><E117/><V5/><F5/><W79/><G79/><T122/><D122/><U105/><E105/><V23/><F23/><W3/><G0/><T18/><D81/><U111/><E130/><V28/><F28/><W73/><G73/><T52/><D18/><U87/><E87/><V6/><F6/><W32/><G32/><T133/><D133/><U83/><E83/><V131/><F131/><W119/><G17/><T101/><D101/><U86/><E86/><N who="2" m="52247" /><F40/><W8/><G89/><T24/><D34/><U82/><E82/><V38/><F38/><W56/><G9/><T12/><D29/><U11/><E111/><V21/><F21/><W22/><G22/><T85/><D85/><U66/><E1/><V36/><F36/><W120/><G119/><T76/><D76/><U127/><E2/><V135/><F135/><W44/><G121/><T107/><D107/><U10/><E127/><RYUUKYOKU ba="0,0" sc="92,-10,248,-10,278,30,382,-10" hai2="47,49,53,61,69,75,77,80,100,102" owari="82,-42.0,238,-16.0,308,11.0,372,47.0" /></mjloggm>