<mjloggm ver="2.3"><GO type="225" lobby="0"/><UN n0="%E3%81%99%E3%81%84%E3%81%BE%E3%81%9B%E3%83%BC%E3%82%93" n1="%E3%82%BC%E3%83%AB%E3%83%80%E3%81%AE%E4%BC%9D%E8%AA%AC" n2="%E3%81%92%E3%81%A3%E3%81%A1" n3="%50%49%58%49" dan="17,17,17,17" rate="2188.67,2206.14,2204.87,2151.69" sx="M,M,M,F"/><TAIKYOKU oya="0"/><INIT seed="0,0,0,1,1,106" ten="250,250,250,250" oya="0" hai0="71,36,57,43,109,111,134,41,19,46,135,101,82" hai1="50,97,62,125,99,13,23,74,31,88,118,78,105" hai2="122,116,14,53,102,32,55,127,59,91,75,68,90" hai3="77,128,104,60,126,0,81,80,45,124,15,52,21"/><T40/><D101/><U112/><E118/><V47/><F68/><W26/><G104/><T18/><D71/><U115/><E125/><N who="3" m="48234" /><G0/><T67/><D82/><U8/><E50/><V54/><F32/><W30/><G128/><T42/><D18/><U48/><E48/><V119/><F127/><W22/><G45/><T1/><D19/><U103/><E62/><V9/><F59/><N who="3" m="34919" /><G15/><T93/><D93/><N who="1" m="56487" /><E23/><N who="3" m="8714" /><G77/><T51/><D1/><U95/><E31/><V85/><F47/><W86/><G86/><T84/><D84/><U12/><E8/><V63/><F63/><W37/><G37/><T89/><D67/><U131/><E131/><V29/><F29/><W87/><G87/><T110/><D89/><U33/><E105/><V69/><F116/><W76/><G76/><T92/><D92/><U117/><E117/><V108/><F119/><W3/><G3/><T24/><D24/><U132/><E33/><AGARI ba="0,0" hai="26,30,33,80,81" m="8714,34919,48234" machi="33" ten="30,2000,0" yaku="18,1,54,1" doraHai="106" who="3" fromWho="1" sc="250,0,250,-20,250,0,250,20" /><INIT seed="1,0,0,5,3,63" ten="250,230,250,270" oya="1" hai0="84,51,86,38,78,36,25,27,113,50,111,16,100" hai1="40,89,35,74,32,95,121,81,106,67,46,19,44" hai2="85,92,0,1,114,8,93,57,24,28,5,31,82" hai3="29,42,47,83,9,60,131,52,77,109,43,123,103"/><U128/><E121/><V120/><F120/><W80/><G123/><T117/><D113/><U96/><E128/><V12/><F114/><W119/><G131/><T101/><D78/><U97/><E19/><V126/><F126/><W17/><G109/><T13/><D13/><U69/><E74/><V135/><F135/><W110/><G110/><T125/><D111/><U33/><E81/><V22/><F31/><W14/><G119/><T30/><D30/><U132/><E132/><V62/><F0/><W68/><G103/><T55/><D55/><U48/><E44/><V59/><F1/><W90/><G29/><T75/><D75/><U49/><E49/><V66/><REACH who="2" step="1"/><F59/><REACH who="2" ten="250,230,240,270" step="2"/><W130/><G130/><T108/><D108/><U127/><E127/><V88/><AGARI ba="0,1" hai="5,8,12,22,24,28,57,62,66,82,85,88,92,93" machi="88" ten="20,12000,2" yaku="1,1,2,1,0,1,7,1,8,1,52,1,54,1,53,0" doraHai="63" doraHaiUra="94" who="2" fromWho="2" sc="250,-30,230,-60,240,130,270,-30" /><INIT seed="2,0,0,1,3,108" ten="220,170,370,240" oya="2" hai0="89,106,95,126,65,125,132,114,69,116,59,102,98" hai1="16,103,96,6,7,15,70,36,72,78,90,112,12" hai2="88,9,129,42,131,85,37,83,119,97,53,94,48" hai3="135,68,104,101,121,49,41,84,93,5,58,133,61"/><V26/><F119/><W3/><G121/><T122/><D122/><U71/><E36/><V44/><F26/><W46/><G104/><T50/><D116/><U38/><E38/><V39/><F9/><N who="3" m="2239" /><G68/><T4/><D4/><U77/><E112/><V130/><REACH who="2" step="1"/><F42/><REACH who="2" ten="220,170,360,240" step="2"/><W18/><G41/><T80/><D125/><U105/><E7/><V47/><F47/><W1/><G46/><T115/><D126/><U99/><E6/><V120/><F120/><W21/><G135/><T40/><D40/><U109/><E109/><V8/><F8/><W11/><G133/><T91/><D132/><U127/><E127/><V19/><F19/><W82/><G11/><T73/><D115/><U24/><E24/><V17/><F17/><W66/><G18/><T134/><D134/><U52/><E16/><V74/><F74/><W33/><G1/><T31/><D114/><U75/><E75/><V30/><F30/><W63/><G33/><T22/><D31/><U107/><E72/><V20/><F20/><W79/><G21/><T64/><D22/><U86/><E15/><V54/><F54/><W35/><G35/><T117/><D73/><U113/><E12/><V25/><F25/><W118/><G118/><T2/><D2/><U32/><E113/><V45/><F45/><W13/><G13/><T110/><D117/><U29/><E29/><V34/><F34/><W76/><G66/><T27/><D27/><U55/><E32/><V60/><F60/><W123/><G123/><T43/><D110/><U56/><E55/><V128/><N who="2" m="32768" /><DORA hai="28" /><V23/><F23/><W100/><G63/><RYUUKYOKU ba="0,1" sc="220,-10,170,-10,360,30,240,-10" hai2="37,39,44,48,53,83,85,88,94,97" /><INIT seed="2,1,1,5,5,41" ten="210,160,390,230" oya="2" hai0="5,116,24,110,99,20,129,101,119,64,43,70,120" hai1="22,25,14,32,40,77,12,4,29,39,134,7,80" hai2="126,0,90,16,21,112,97,104,62,8,86,125,3" hai3="76,113,33,51,52,96,128,11,88,31,79,46,30"/><V133/><F112/><W74/><G128/><T135/><D120/><U81/><E134/><V71/><F133/><W66/><G113/><T102/><D135/><U53/><E53/><V37/><F37/><W111/><G111/><T60/><D110/><U82/><E77/><N who="3" m="29770" /><G33/><T54/><D129/><U103/><E103/><N who="2" m="62575" /><F8/><W42/><G74/><T106/><D102/><U18/><REACH who="1" step="1"/><E14/><REACH who="1" ten="210,150,390,230" step="2"/><N who="2" m="9367" /><F0/><W1/><G1/><T47/><D54/><U15/><E15/><V73/><F3/><W19/><G66/><T98/><D101/><U78/><E78/><V109/><F109/><W35/><G42/><T17/><D106/><U130/><E130/><V69/><F73/><W124/><G124/><T55/><D55/><U127/><E127/><V13/><F13/><N who="3" m="7615" /><G35/><T38/><D5/><U121/><E121/><V59/><F126/><W56/><G56/><T132/><D132/><U65/><E65/><V36/><F59/><W91/><G91/><T34/><D34/><U89/><E89/><V28/><F90/><W107/><G107/><T108/><D108/><U83/><N who="1" m="20480" /><DORA hai="68" /><U123/><E123/><V85/><F125/><W75/><G75/><T87/><D119/><U2/><E2/><V117/><F117/><W115/><G115/><T44/><D116/><U6/><E6/><V10/><F71/><W49/><G49/><T48/><D87/><U63/><E63/><V9/><F62/><W26/><G26/><T57/><D70/><U131/><E131/><V93/><F69/><W50/><G50/><T67/><D67/><U23/><E23/><V72/><F72/><W122/><G122/><RYUUKYOKU ba="1,2" sc="210,10,150,10,390,-30,230,10" hai0="17,20,24,38,43,44,47,48,57,60,64,98,99" hai1="4,7,12,18,22,25,29,32,39,40" hai3="30,31,46,51,52,88,96" /><INIT seed="3,2,2,0,1,66" ten="220,160,360,240" oya="3" hai0="36,47,41,110,84,7,38,104,22,107,45,118,20" hai1="114,56,74,72,70,55,96,122,25,87,80,93,19" hai2="28,39,42,40,59,64,65,129,108,126,21,17,111" hai3="13,0,78,12,125,135,27,73,130,24,1,97,134"/><W89/><G73/><T117/><D7/><U61/><E122/><V14/><F126/><W120/><G78/><T6/><D6/><U32/><E114/><V94/><F129/><W116/><G120/><T33/><D33/><U124/><E124/><V10/><F94/><W85/><G97/><T81/><D110/><N who="2" m="42026" /><F59/><W48/><G125/><T26/><D81/><U133/><E133/><N who="3" m="50698" /><G48/><T44/><D84/><U67/><E32/><V109/><F109/><W49/><G49/><T11/><D11/><U100/><E19/><N who="2" m="8663" /><F28/><W69/><G116/><N who="0" m="44651" /><D26/><N who="3" m="9769" /><G130/><T113/><D41/><N who="2" m="15978" /><F39/><N who="0" m="14890" /><D113/><U90/><REACH who="1" step="1"/><E25/><AGARI ba="2,2" hai="17,21,25,64,65" m="15978,8663,42026" machi="25" ten="30,1000,0" yaku="14,1" doraHai="66" who="2" fromWho="1" sc="220,0,160,-16,360,36,240,0" owari="220,-18.0,144,-36.0,396,50.0,240,4.0" /></mjloggm>