<mjloggm ver="2.3"><GO type="169" lobby="0"/><UN n0="%E5%B8%B8%E5%8B%9D%EF%BC%9F%EF%BC%9F%E3%83%97%E3%83%AD" n1="%E3%81%AF%E3%83%BC%E3%81%B4%E3%82%87%E3%82%93" n2="%E4%BF%BA%E3%81%A7%E3%81%99" n3="%E9%87%8E%E5%B4%8E%E7%B6%AD%E7%B9%94%E2%98%85" dan="16,16,16,16" rate="2191.41,2201.91,2086.01,2177.18" sx="M,F,M,F"/><TAIKYOKU oya="0"/><INIT seed="0,0,0,5,0,109" ten="250,250,250,250" oya="0" hai0="30,119,25,108,72,85,4,10,31,89,17,21,68" hai1="26,100,125,106,92,129,79,13,15,93,44,84,36" hai2="82,34,132,133,39,66,54,29,60,37,96,123,116" hai3="117,130,49,62,32,111,104,80,50,95,67,18,91"/><T12/><D119/><U101/><E106/><V52/><F123/><W99/><G117/><T94/><D68/><U7/><E125/><V22/><F116/><W126/><G126/><T47/><D72/><U14/><E7/><V35/><F82/><W121/><G111/><T0/><D108/><U53/><E129/><V97/><F22/><W75/><G32/><T27/><D27/><U120/><E120/><V63/><REACH who="2" step="1"/><F66/><REACH who="2" ten="250,250,240,250" step="2"/><W81/><G121/><T8/><REACH who="0" step="1"/><D47/><REACH who="0" ten="240,250,240,250" step="2"/><U64/><E44/><V74/><F74/><W87/><G75/><T41/><D41/><U70/><E70/><V2/><F2/><W112/><G130/><T11/><D11/><U73/><E73/><V61/><F61/><W113/><G62/><T40/><D40/><U71/><E71/><V28/><AGARI ba="0,2" hai="28,29,34,35,37,39,52,54,60,63,96,97,132,133" machi="28" ten="25,12000,2" yaku="1,1,0,1,22,2,54,1,53,2" doraHai="109" doraHaiUra="58" who="2" fromWho="2" sc="240,-60,250,-30,240,140,250,-30" /><INIT seed="1,0,0,2,2,80" ten="180,220,380,220" oya="1" hai0="24,134,97,128,133,57,98,100,127,52,67,59,87" hai1="23,15,26,93,84,43,124,16,105,75,40,94,113" hai2="101,31,48,119,65,7,32,12,92,34,58,35,99" hai3="25,86,91,5,79,71,19,83,37,82,109,88,53"/><U9/><E105/><V18/><F119/><W130/><G71/><T54/><D67/><U96/><E75/><V74/><F7/><W28/><G109/><T56/><D24/><U77/><E113/><V1/><F1/><W4/><G37/><T90/><D127/><U112/><E112/><V103/><F74/><W122/><G122/><T117/><D117/><U129/><E124/><V22/><F103/><W106/><G106/><T10/><D10/><U60/><E60/><V2/><F2/><W123/><G123/><T72/><D72/><U13/><E13/><V14/><F14/><W8/><G130/><T125/><D125/><U66/><E66/><V47/><F58/><W33/><G19/><T114/><D128/><U95/><E129/><V131/><F65/><W55/><G79/><T120/><D120/><U38/><E38/><V41/><REACH who="2" step="1"/><F131/><REACH who="2" ten="180,220,370,220" step="2"/><W81/><G5/><T3/><D3/><U132/><E132/><N who="0" m="50793" /><D114/><U111/><E111/><V39/><F39/><W118/><G118/><T45/><D45/><U107/><E96/><N who="0" m="36969" /><D100/><U135/><E135/><V61/><F61/><W11/><G4/><T49/><D49/><U0/><E0/><V85/><F85/><W115/><G115/><T76/><D76/><U73/><E73/><V20/><F20/><W110/><G110/><T69/><D69/><U27/><E27/><AGARI ba="0,1" hai="12,18,22,27,31,32,34,35,41,47,48,92,99,101" machi="27" ten="40,1300,0" yaku="1,1,53,0" doraHai="80" doraHaiUra="64" who="2" fromWho="1" sc="180,0,220,-13,370,23,220,0" /><INIT seed="2,0,0,3,4,127" ten="180,207,393,220" oya="2" hai0="17,48,10,71,41,107,128,87,134,50,106,82,35" hai1="20,3,132,117,26,72,85,68,84,39,46,108,16" hai2="30,64,15,52,2,58,98,76,61,129,135,5,53" hai3="75,13,121,28,88,45,102,124,9,133,54,7,131"/><V123/><F123/><W78/><G121/><T101/><D35/><U73/><E108/><V77/><F2/><W120/><G120/><T112/><D71/><U79/><E117/><V111/><F135/><W29/><G124/><T116/><D112/><U65/><E132/><V62/><F111/><W21/><G133/><T40/><D134/><U122/><E3/><V93/><F53/><W81/><G102/><T118/><D101/><U37/><E122/><V25/><F15/><W27/><G28/><T19/><D87/><U23/><E65/><V91/><F5/><W66/><G66/><T97/><D82/><U105/><E105/><V22/><REACH who="2" step="1"/><F129/><REACH who="2" ten="180,207,383,220" step="2"/><W1/><G131/><T42/><D128/><U43/><E26/><V6/><F6/><W89/><G1/><T36/><D41/><U67/><E43/><V4/><F4/><W130/><G130/><T57/><D40/><U90/><E67/><V33/><F33/><W113/><G113/><T70/><D116/><U80/><E68/><AGARI ba="0,1" hai="22,25,30,52,58,61,62,64,68,76,77,91,93,98" machi="68" ten="30,5800,0" yaku="1,1,7,1,54,1,53,0" doraHai="127" doraHaiUra="99" who="2" fromWho="1" sc="180,0,207,-58,383,68,220,0" /><INIT seed="2,1,0,5,5,41" ten="180,149,451,220" oya="2" hai0="4,0,90,104,3,43,23,62,1,32,117,108,72" hai1="60,84,88,113,125,10,30,77,40,51,91,114,79" hai2="53,25,48,59,129,81,37,35,68,15,55,24,124" hai3="64,47,76,99,67,101,100,11,102,78,50,71,93"/><V122/><F122/><W107/><G11/><T20/><D104/><U63/><E125/><V80/><F124/><W116/><G116/><T126/><D72/><U103/><E103/><N who="3" m="39498" /><G71/><T65/><D126/><U73/><E73/><V13/><F129/><W115/><G115/><T110/><D32/><U132/><E132/><V130/><F130/><W106/><G106/><T109/><D4/><U6/><E30/><V69/><F59/><W14/><G14/><T44/><D90/><N who="1" m="34347" /><E114/><V49/><REACH who="2" step="1"/><F35/><REACH who="2" ten="180,149,441,220" step="2"/><W52/><G107/><T95/><D117/><U18/><E113/><V56/><F56/><W28/><G28/><T96/><D108/><U66/><E18/><V5/><F5/><W26/><G26/><T97/><D109/><U120/><E120/><V74/><F74/><W22/><G22/><T58/><D110/><U70/><E70/><V94/><F94/><W16/><G16/><T89/><REACH who="0" step="1"/><D97/><REACH who="0" ten="170,149,441,220" step="2"/><U87/><E6/><V128/><F128/><W9/><G9/><T75/><D75/><U133/><E10/><V118/><F118/><W98/><G98/><T33/><D33/><U21/><E21/><V111/><F111/><W54/><G99/><T86/><D86/><U34/><E87/><V7/><F7/><W2/><G102/><T46/><D46/><N who="1" m="26055" /><E34/><V19/><F19/><W131/><G131/><T127/><D127/><U121/><E121/><V31/><F31/><W12/><G47/><T119/><D119/><U57/><E84/><V42/><F42/><W38/><G2/><T29/><D29/><U82/><E57/><V27/><F27/><W112/><G112/><RYUUKYOKU ba="1,2" sc="170,15,149,-15,441,15,220,-15" hai0="0,1,3,20,23,43,44,58,62,65,89,95,96" hai2="13,15,24,25,37,48,49,53,55,68,69,80,81" /><INIT seed="2,2,2,2,3,33" ten="185,134,456,205" oya="2" hai0="131,38,48,134,115,55,77,107,74,110,87,8,113" hai1="22,69,88,135,114,67,18,60,84,37,10,120,1" hai2="89,127,64,59,66,118,54,108,27,83,105,103,62" hai3="34,125,2,79,7,58,44,91,109,95,36,14,13"/><V104/><F118/><W93/><G34/><T35/><D38/><U73/><E73/><V70/><F127/><W47/><G109/><T78/><D110/><U90/><E114/><V41/><F41/><W116/><G116/><T12/><D35/><U98/><E120/><V4/><F4/><W102/><G125/><T16/><D107/><U119/><E119/><V130/><F130/><W85/><G79/><T50/><D74/><U45/><E135/><V112/><F112/><W26/><G26/><T126/><D126/><U23/><E98/><V29/><F66/><W122/><G122/><T52/><D134/><U6/><E90/><V101/><F101/><W5/><G58/><N who="0" m="33031" /><D115/><U97/><E97/><V81/><F103/><W121/><G121/><T25/><D113/><U72/><E72/><V11/><F108/><W61/><G61/><T128/><D25/><U40/><REACH who="1" step="1"/><E18/><REACH who="1" ten="185,124,456,205" step="2"/><V46/><F89/><W3/><G102/><T123/><D123/><U28/><E28/><V111/><F29/><W30/><G30/><T96/><D96/><U106/><E106/><V132/><F105/><W19/><G19/><T117/><D117/><U76/><E76/><V99/><F104/><W133/><G133/><T124/><D124/><U21/><E21/><V53/><F132/><W51/><G85/><T15/><D87/><U129/><E129/><V57/><F99/><W42/><G91/><T20/><D128/><U82/><AGARI ba="2,3" hai="1,6,10,22,23,37,40,45,60,67,69,82,84,88" machi="82" ten="20,12000,2" yaku="1,1,0,1,7,1,52,1,54,1,53,1" doraHai="33" doraHaiUra="63" who="1" fromWho="1" sc="185,-32,124,156,456,-62,205,-32" /><INIT seed="3,0,0,2,2,108" ten="153,280,394,173" oya="3" hai0="69,53,51,110,50,127,57,134,91,85,77,88,106" hai1="19,29,22,120,104,107,80,100,78,75,130,94,125" hai2="30,54,86,33,68,95,18,43,114,131,34,79,65" hai3="21,66,119,73,14,49,70,62,97,92,37,35,55"/><W39/><G35/><T117/><D117/><U59/><E120/><V105/><F105/><W109/><G73/><T12/><D69/><U9/><E125/><V48/><F43/><W28/><G119/><T118/><D106/><U15/><E130/><V132/><F18/><W27/><G14/><T133/><D118/><U67/><E67/><V3/><F3/><W52/><G109/><T61/><D110/><U20/><E59/><V123/><F131/><W46/><REACH who="3" step="1"/><G55/><REACH who="3" ten="153,280,394,163" step="2"/><T72/><D72/><U122/><E15/><V82/><F34/><W90/><AGARI ba="0,1" hai="21,27,28,37,39,46,49,52,62,66,70,90,92,97" machi="90" ten="20,12000,1" yaku="1,1,2,1,0,1,7,1,54,1,53,0" doraHai="108" doraHaiUra="103" who="3" fromWho="3" sc="153,-40,280,-40,394,-40,163,130" /><INIT seed="3,1,0,4,3,131" ten="113,240,354,293" oya="3" hai0="59,31,16,100,75,129,69,3,55,102,119,58,33" hai1="101,1,45,127,108,120,68,130,86,61,107,36,114" hai2="34,105,123,122,57,50,121,95,133,118,51,48,43" hai3="125,29,81,104,53,8,0,79,27,113,112,62,23"/><W135/><G104/><T30/><D119/><U19/><RYUUKYOKU type="yao9" ba="1,0" sc="113,0,240,0,354,0,293,0" hai1="1,19,36,45,61,68,86,101,107,108,114,120,127,130" /><INIT seed="3,2,0,1,3,133" ten="113,240,354,293" oya="3" hai0="69,64,50,13,128,78,36,30,22,124,126,59,8" hai1="97,17,93,2,123,107,111,9,119,76,92,109,83" hai2="49,132,1,99,75,108,72,96,58,116,41,40,113" hai3="104,34,125,14,18,12,29,61,118,79,100,53,27"/><W28/><G118/><T84/><D36/><U10/><E123/><V120/><F58/><W47/><G79/><T73/><D73/><U57/><E119/><V43/><F1/><W51/><G28/><T70/><D128/><U122/><E122/><V32/><F32/><W20/><G61/><T112/><D112/><U39/><E39/><V105/><F49/><W23/><G125/><N who="0" m="48235" /><D30/><U98/><E107/><V45/><F105/><W117/><G117/><T4/><D22/><U16/><E57/><V88/><F75/><W55/><G20/><T86/><D78/><U62/><E76/><V91/><F72/><W60/><G34/><T63/><D50/><U130/><E130/><V3/><F113/><W52/><G29/><T134/><D134/><U121/><E121/><V94/><F132/><W48/><G60/><N who="0" m="40071" /><D70/><U35/><E62/><V6/><F120/><W80/><G48/><T24/><D24/><U127/><E127/><V89/><F116/><W11/><G27/><T42/><D42/><U25/><E25/><V21/><F21/><W82/><G51/><T95/><D95/><U37/><E35/><V102/><F43/><W33/><G33/><T106/><D106/><U54/><E37/><V85/><F41/><W77/><G77/><T110/><D110/><U74/><E74/><V15/><F40/><W44/><G44/><T90/><D90/><U115/><E115/><V103/><F45/><W56/><G47/><T7/><D7/><U26/><E26/><V66/><F108/><W65/><G104/><T129/><D129/><U31/><E109/><V5/><F91/><RYUUKYOKU ba="2,0" sc="113,30,240,-10,354,-10,293,-10" hai0="4,8,13,59,63,84,86" /><INIT seed="4,3,0,4,2,79" ten="143,230,344,283" oya="0" hai0="103,61,95,24,10,51,105,18,62,48,121,133,13" hai1="36,91,4,54,46,108,97,5,40,27,31,111,130" hai2="35,33,26,63,49,65,6,38,90,107,76,50,114" hai3="119,45,8,83,55,115,66,122,106,12,0,25,16"/><T56/><D133/><U93/><E130/><V41/><F38/><W32/><G119/><T78/><D121/><U112/><E112/><V15/><F107/><W20/><G106/><T39/><D39/><U71/><E71/><V68/><F76/><W44/><G115/><T86/><D62/><U98/><E97/><V69/><F69/><W117/><G117/><T67/><D105/><U2/><E54/><V64/><F64/><W7/><G122/><T1/><D1/><U11/><REACH who="1" step="1"/><E5/><REACH who="1" ten="143,220,344,283" step="2"/><V43/><F114/><W85/><G55/><T58/><D58/><U131/><E131/><V123/><F123/><W118/><G66/><T110/><D110/><U81/><E81/><V125/><F65/><W99/><G99/><N who="0" m="59903" /><D24/><U127/><E127/><V29/><F68/><W22/><G118/><T120/><D120/><U100/><E100/><V37/><F125/><W30/><REACH who="3" step="1"/><G20/><AGARI ba="3,1" hai="2,4,11,20,27,31,36,40,46,91,93,98,108,111" machi="20" ten="30,2000,0" yaku="1,1,7,1,53,0" doraHai="79" doraHaiUra="80" who="1" fromWho="3" sc="143,0,220,39,344,0,283,-29" /><INIT seed="5,0,0,4,1,80" ten="143,259,344,254" oya="1" hai0="15,119,133,19,57,31,129,97,75,86,77,78,104" hai1="82,27,123,122,18,128,94,55,102,93,1,74,56" hai2="0,99,22,65,52,103,25,45,64,100,101,69,54" hai3="83,60,8,72,48,61,134,46,41,35,63,42,26"/><U116/><E1/><V81/><F0/><W7/><G134/><T28/><D119/><U91/><E116/><V36/><F36/><W21/><G35/><T131/><D133/><U16/><E128/><V117/><F117/><W95/><G95/><T121/><D75/><U68/><E68/><V12/><F12/><N who="3" m="5151" /><G72/><T90/><D121/><U108/><E108/><V2/><F2/><W23/><G83/><T87/><D57/><U106/><E94/><N who="2" m="58487" /><F69/><W32/><G32/><T4/><D4/><U66/><E66/><N who="2" m="25707" /><F81/><W76/><G76/><N who="0" m="29291" /><D104/><U39/><E82/><V30/><F54/><N who="3" m="29975" /><G21/><T96/><D90/><U105/><E74/><V112/><F112/><W88/><G88/><T38/><D38/><U10/><E39/><V43/><F43/><W62/><N who="3" m="15360" /><DORA hai="9" /><W67/><G67/><T3/><D3/><U84/><E123/><V50/><AGARI ba="0,0" hai="22,25,30,45,50,52,101,103" m="25707,58487" machi="50" ten="30,2000,0" yaku="8,1,54,1" doraHai="80,9" who="2" fromWho="2" sc="143,-5,259,-10,344,20,254,-5" /><INIT seed="6,0,0,4,0,112" ten="138,249,364,249" oya="2" hai0="53,23,63,100,54,104,37,87,2,21,7,64,85" hai1="0,74,109,75,72,46,48,102,82,47,84,120,105" hai2="98,55,5,90,76,62,51,60,113,65,12,130,35" hai3="3,95,34,17,10,88,56,59,97,126,57,49,94"/><V20/><F113/><W108/><G126/><T32/><D37/><U83/><E109/><V27/><F76/><W134/><G108/><T36/><D36/><U6/><E120/><V69/><F130/><W1/><G34/><T33/><D2/><U135/><E135/><V71/><F35/><W101/><G134/><T123/><D123/><U26/><E26/><V31/><F5/><W122/><G122/><T41/><D7/><U42/><E47/><V22/><F12/><N who="3" m="7319" /><G1/><T77/><D77/><U11/><REACH who="1" step="1"/><E84/><REACH who="1" ten="138,239,364,249" step="2"/><V111/><F111/><W38/><G38/><T110/><D110/><U78/><E78/><V18/><F27/><W24/><G24/><T4/><D87/><U30/><E30/><V61/><F31/><W8/><G3/><T58/><D85/><U50/><E50/><V115/><F51/><W107/><G49/><T14/><D14/><U129/><E129/><V132/><F132/><W86/><G107/><T89/><D104/><U133/><E133/><V121/><F121/><W28/><G28/><T80/><D33/><U39/><E39/><V103/><F115/><W106/><G106/><T93/><D32/><U45/><E45/><V118/><F62/><W128/><G128/><T73/><D63/><U13/><E13/><V116/><F61/><W117/><G117/><T79/><D79/><U67/><E67/><V92/><F71/><W29/><G29/><T124/><D64/><U68/><E68/><V125/><F118/><W99/><G86/><T66/><D66/><U131/><E131/><V43/><F116/><W19/><G59/><T70/><D70/><RYUUKYOKU ba="0,1" sc="138,-15,239,15,364,-15,249,15" hai1="0,6,11,42,46,48,72,74,75,82,83,102,105" hai3="8,19,56,57,88,94,95,97,99,101" /><INIT seed="7,1,1,0,5,99" ten="123,254,349,264" oya="3" hai0="20,36,16,27,113,43,70,32,31,82,103,131,37" hai1="114,24,26,118,29,135,18,46,55,100,62,93,116" hai2="130,28,38,101,94,54,120,74,21,119,44,0,30" hai3="9,67,34,111,107,4,60,129,61,85,134,104,133"/><W106/><G34/><T40/><D70/><U15/><E114/><V110/><F110/><W13/><G111/><T64/><D64/><U96/><E135/><N who="3" m="51722" /><G129/><T5/><D131/><U127/><E127/><V14/><F74/><W95/><G67/><T7/><D113/><U50/><E62/><N who="3" m="24170" /><G85/><T65/><D65/><U128/><E128/><V66/><F66/><W71/><G95/><T91/><D37/><U78/><E78/><V2/><F119/><N who="1" m="45609" /><E29/><V19/><F30/><W17/><G71/><T89/><D36/><U76/><E76/><V90/><F38/><W69/><G69/><T84/><D32/><U132/><E132/><V39/><F39/><W68/><G68/><T125/><D125/><U10/><AGARI ba="1,1" hai="10,15,18,24,26,46,50,55,93,96,100" m="45609" machi="10" ten="30,2000,0" yaku="12,1,52,1" doraHai="99" who="1" fromWho="1" sc="123,-6,254,33,349,-6,264,-11" owari="117,-38.0,287,9.0,343,44.0,253,-15.0" /></mjloggm>