<mjloggm ver="2.3"><GO type="169" lobby="0"/><UN n0="%E3%81%AA%E3%81%88%E3%81%A8%E3%82%8B" n1="%E3%82%B7%E3%83%B3%E3%83%9C%E3%83%AA%E3%83%AB%E3%83%89%E3%83%AB%E3%83%95" n2="%E5%9C%92%E5%9F%8E%E5%AF%BA%E2%98%86%E6%80%9C" n3="%43%E3%82%A8%E3%83%BC%E3%82%B8%E3%82%A7%E3%83%B3%E3%83%88" dan="16,16,16,17" rate="2167.82,2120.95,2100.94,2209.86" sx="M,M,F,M"/><TAIKYOKU oya="0"/><INIT seed="0,0,0,4,3,128" ten="250,250,250,250" oya="0" hai0="88,30,16,55,124,111,47,15,105,58,34,28,104" hai1="94,95,73,93,36,56,96,82,134,84,92,38,37" hai2="121,1,19,120,130,66,100,72,2,59,75,131,50" hai3="74,11,40,10,35,4,98,87,126,106,27,80,77"/><T13/><D124/><U119/><E119/><V114/><F100/><W70/><G70/><T51/><D111/><U85/><E73/><V133/><F19/><W6/><G126/><T135/><D135/><U107/><E134/><V79/><F50/><W103/><G40/><T108/><D108/><U32/><E32/><V86/><F86/><W112/><G112/><T129/><D129/><N who="2" m="49162" /><F114/><W44/><G44/><T61/><D15/><U25/><E25/><V132/><F59/><W91/><G27/><T8/><D34/><U115/><E115/><V23/><F23/><W97/><G97/><T122/><D122/><N who="2" m="47210" /><F66/><W41/><G41/><T64/><REACH who="0" step="1"/><D88/><REACH who="0" ten="240,250,250,250" step="2"/><U99/><E99/><V46/><F72/><W81/><REACH who="3" step="1"/><G35/><REACH who="3" ten="240,250,250,240" step="2"/><T127/><D127/><U117/><E96/><V45/><F1/><W67/><G67/><T102/><D102/><U33/><E33/><V69/><F69/><W90/><BYE who="2" /><G90/><T71/><D71/><U49/><E85/><V24/><F24/><W9/><AGARI ba="0,2" hai="4,6,9,10,11,74,77,80,81,87,91,98,103,106" machi="9" ten="30,2000,0" yaku="1,1,0,1,53,0" doraHai="128" doraHaiUra="26" who="3" fromWho="3" sc="240,-10,250,-5,250,-5,240,40" /><UN n2="%E5%9C%92%E5%9F%8E%E5%AF%BA%E2%98%86%E6%80%9C" /><INIT seed="1,0,0,0,5,133" ten="230,245,245,280" oya="1" hai0="58,69,101,43,120,3,19,72,84,65,114,56,62" hai1="39,31,60,29,103,118,32,4,131,125,135,100,95" hai2="122,78,88,106,119,71,94,127,53,110,6,129,12" hai3="90,37,40,64,77,81,13,24,121,34,86,68,1"/><U28/><E118/><V134/><F106/><W20/><G1/><T22/><D114/><U7/><E135/><V115/><F78/><W49/><G37/><T132/><D132/><U111/><E32/><V123/><F12/><W73/><G121/><T8/><D72/><U128/><E39/><V21/><F21/><W97/><G34/><T52/><D120/><U61/><E95/><V50/><F50/><W57/><G13/><T11/><D43/><U79/><E79/><V16/><F53/><W107/><G68/><T63/><D3/><U104/><E104/><V46/><F46/><W130/><G130/><T91/><D101/><N who="1" m="38987" /><E125/><V59/><F59/><W92/><G107/><T98/><D98/><U87/><E87/><V25/><F94/><W2/><G2/><T35/><D69/><U42/><E42/><V96/><F96/><W9/><G40/><T15/><REACH who="0" step="1"/><D35/><REACH who="0" ten="220,245,245,280" step="2"/><U0/><E0/><V14/><F134/><W18/><G73/><T30/><D30/><U67/><E111/><V48/><F123/><W93/><G97/><T38/><D38/><U26/><E29/><V44/><F122/><W55/><G86/><T41/><D41/><U105/><E31/><V23/><F110/><W45/><G90/><T99/><D99/><U124/><E28/><V116/><F88/><W36/><G36/><T27/><D27/><U70/><E26/><V102/><F25/><W112/><G112/><T54/><D54/><U33/><E33/><V76/><F115/><W47/><G24/><T108/><D108/><U82/><E70/><V74/><F71/><W80/><G55/><RYUUKYOKU ba="0,1" sc="220,30,245,-10,245,-10,280,-10" hai0="8,11,15,19,22,52,56,58,62,63,65,84,91" /><INIT seed="2,1,1,2,3,116" ten="250,235,235,270" oya="2" hai0="5,77,122,32,14,30,13,100,83,127,63,69,45" hai1="76,57,113,68,120,27,64,4,40,60,28,43,104" hai2="59,119,34,35,41,115,81,39,48,89,87,25,109" hai3="9,1,117,107,114,2,56,98,17,102,105,62,125"/><V7/><F119/><W26/><G125/><T12/><D127/><U88/><E113/><V72/><F115/><W67/><G117/><T93/><D5/><U31/><E104/><V51/><F72/><W128/><G107/><T75/><D32/><U131/><E76/><V37/><F7/><W15/><G114/><T36/><D30/><U53/><E131/><V73/><F73/><W110/><G110/><T58/><D69/><U74/><E74/><V71/><F71/><W44/><G128/><T38/><D45/><U134/><E134/><V124/><F124/><W16/><REACH who="3" step="1"/><G44/><REACH who="3" ten="250,235,235,260" step="2"/><T47/><D47/><U101/><E43/><V97/><F41/><W91/><G91/><T46/><D46/><U86/><E88/><V19/><F109/><W99/><G99/><T54/><D38/><U96/><E96/><V23/><F37/><W95/><G95/><T66/><D36/><U3/><E40/><V79/><F39/><W132/><G132/><T106/><D106/><U135/><E135/><V29/><F97/><W90/><G90/><T52/><D100/><U112/><E101/><V20/><F89/><W10/><G10/><T6/><D93/><U8/><E8/><V11/><F11/><W121/><G121/><T126/><D126/><U84/><E120/><V130/><F130/><W118/><G118/><T42/><D122/><U33/><E112/><V123/><F123/><W22/><AGARI ba="1,2" hai="1,2,9,15,16,17,22,26,56,62,67,98,102,105" machi="22" ten="30,4000,0" yaku="1,1,0,1,54,1,53,0" doraHai="116" doraHaiUra="82" who="3" fromWho="3" sc="250,-11,235,-11,235,-21,260,63" /><INIT seed="3,0,0,1,0,55" ten="239,224,214,323" oya="3" hai0="26,49,99,41,31,124,14,135,104,60,44,81,133" hai1="72,109,103,111,80,9,45,108,100,46,24,88,7" hai2="53,91,115,52,89,84,113,64,12,127,0,56,79" hai3="110,33,21,1,58,10,73,74,122,11,126,86,125"/><W82/><G33/><T134/><D124/><N who="3" m="47721" /><G122/><T67/><D81/><U101/><E24/><V2/><F127/><W75/><G1/><T76/><D76/><U6/><E72/><V118/><F64/><W8/><G21/><T22/><D14/><U102/><N who="1" m="25600" /><DORA hai="61" /><U19/><E19/><V62/><F118/><W30/><G30/><T29/><D99/><U69/><E69/><V123/><F123/><W95/><G95/><T42/><D42/><U25/><E25/><V130/><F130/><W98/><G98/><T47/><D47/><N who="1" m="17931" /><E9/><V35/><F35/><W23/><G23/><T32/><D32/><U5/><E80/><V57/><F79/><N who="3" m="46431" /><G110/><T36/><D31/><U96/><E96/><V51/><F12/><W63/><G8/><T27/><D27/><U85/><E85/><V93/><REACH who="2" step="1"/><F91/><AGARI ba="0,0" hai="5,6,7,88,91,108,109,111" m="17931,25600" machi="91" ten="60,12000,2" yaku="29,2,28,2,14,1,54,1" doraHai="55,61" who="1" fromWho="2" sc="239,0,224,120,214,-120,323,0" /><INIT seed="4,0,0,1,0,115" ten="239,344,94,323" oya="0" hai0="42,119,127,128,85,40,44,50,133,123,31,45,126" hai1="48,4,37,66,53,35,109,121,135,60,33,82,76" hai2="57,55,106,13,69,1,96,73,62,114,89,116,134" hai3="64,78,30,98,24,3,43,87,104,79,68,11,15"/><T54/><D31/><U108/><E37/><V125/><F114/><W84/><G43/><T25/><D25/><U28/><E121/><V8/><F1/><W72/><G3/><T63/><D85/><U74/><E135/><V92/><F134/><W107/><G87/><T10/><D10/><U32/><E4/><V90/><F125/><N who="0" m="47626" /><D133/><U93/><E93/><V80/><F106/><W111/><G84/><T18/><D18/><U129/><E129/><V46/><F69/><W132/><G132/><T77/><D77/><U51/><E51/><V22/><F73/><W105/><G111/><T2/><D2/><U49/><E49/><V41/><F80/><W6/><G72/><T97/><D97/><U102/><E102/><V118/><F22/><W91/><G91/><T112/><D128/><U12/><E12/><V124/><F90/><W101/><G105/><T5/><D5/><U110/><E28/><V99/><F99/><W14/><G14/><T71/><D123/><U88/><E88/><V83/><F83/><W122/><G107/><T65/><D112/><U100/><E100/><V130/><F130/><W75/><G75/><T86/><D86/><U7/><E7/><V52/><F55/><W36/><G122/><T27/><D27/><U17/><E17/><N who="2" m="8359" /><F124/><W131/><G131/><T94/><D94/><U39/><E109/><V117/><F41/><N who="0" m="15978" /><D45/><AGARI ba="0,0" hai="45,46,52,57,62,89,92,96,116,117,118" m="8359" machi="45" ten="30,8000,1" yaku="12,1,52,3,54,1" doraHai="115" who="2" fromWho="0" sc="239,-80,344,0,94,80,323,0" /><INIT seed="5,0,0,1,4,70" ten="159,344,174,323" oya="1" hai0="28,68,15,8,5,87,74,0,55,83,127,33,125" hai1="94,32,122,109,113,108,135,27,2,105,98,64,78" hai2="1,117,41,130,18,112,129,52,80,65,26,45,3" hai3="6,38,44,56,43,102,10,126,31,131,86,48,128"/><U51/><E2/><V103/><F117/><W25/><G102/><T35/><D68/><U58/><E122/><V77/><F103/><W123/><G123/><T69/><D69/><U16/><E105/><V14/><F65/><W42/><G86/><T11/><D74/><U13/><E78/><V107/><F26/><W59/><G126/><T133/><D133/><U76/><E76/><V96/><F96/><W40/><G59/><T82/><D55/><U114/><E135/><V47/><F107/><W7/><G56/><T100/><D100/><U119/><E119/><V63/><F112/><N who="1" m="43113" /><E27/><V29/><F29/><W54/><G38/><T121/><D121/><U124/><E32/><V110/><F110/><N who="1" m="42601" /><E124/><N who="0" m="47689" /><D28/><U50/><E58/><N who="2" m="35271" /><F1/><W91/><G91/><N who="0" m="51703" /><D83/><U101/><E64/><V36/><F3/><W17/><G31/><T88/><D88/><U62/><E62/><V134/><F134/><W67/><G67/><T95/><D95/><U73/><E73/><V4/><F80/><W20/><REACH who="3" step="1"/><G10/><AGARI ba="0,0" hai="10,13,16,50,51,94,98,101" m="42601,43113" machi="10" ten="30,5800,0" yaku="15,1,10,1,54,1" doraHai="70" who="1" fromWho="3" sc="159,0,344,58,174,0,323,-58" /><INIT seed="5,1,0,3,1,76" ten="159,402,174,265" oya="1" hai0="126,9,115,59,25,52,7,33,65,36,24,64,88" hai1="15,62,109,34,20,98,87,117,19,84,26,42,14" hai2="131,128,38,60,49,2,100,97,118,4,108,73,80" hai3="47,46,121,37,77,135,35,22,85,41,123,56,45"/><U116/><E109/><V27/><F108/><W55/><G35/><T48/><D115/><U112/><E112/><V50/><F118/><W125/><G22/><T16/><D126/><U0/><E0/><V91/><F27/><N who="0" m="10314" /><D36/><U107/><E42/><V40/><F60/><W102/><G102/><T81/><D7/><U28/><E14/><V39/><F39/><W57/><G135/><T67/><D33/><U130/><E130/><V122/><F122/><W70/><G70/><T92/><D81/><U104/><E104/><V106/><F91/><W113/><G113/><T29/><D29/><U12/><E12/><V78/><F49/><W10/><G10/><T6/><D6/><U95/><E107/><V58/><F50/><W8/><G8/><T101/><D101/><U54/><E116/><V51/><F51/><W119/><G119/><T94/><D94/><U129/><E129/><V120/><F58/><N who="3" m="22635" /><G125/><T71/><D71/><U83/><E117/><V21/><F21/><W110/><G110/><T86/><D9/><U43/><E34/><V133/><F120/><W75/><G75/><T61/><D48/><U90/><E28/><V105/><F105/><W32/><G32/><T66/><D66/><U53/><E62/><V82/><F133/><W44/><G55/><T31/><D31/><U132/><E132/><V11/><REACH who="2" step="1"/><F80/><REACH who="2" ten="159,402,164,265" step="2"/><N who="3" m="47247" /><G123/><T103/><D103/><U114/><E114/><V127/><F127/><W69/><G121/><T23/><D65/><U63/><E20/><V13/><F13/><AGARI ba="1,1" hai="13,16,23,52,59,61,64,67,86,88,92" m="10314" machi="13" ten="30,7700,0" yaku="8,1,54,3" doraHai="76" who="0" fromWho="2" sc="159,90,402,0,164,-80,265,0" /><INIT seed="6,0,0,4,3,40" ten="249,402,84,265" oya="2" hai0="84,99,24,61,31,52,126,103,23,21,133,45,128" hai1="2,73,37,113,34,55,111,27,114,71,54,107,39" hai2="50,135,3,43,11,28,18,100,68,41,12,33,59" hai3="67,116,6,76,5,66,91,93,102,96,92,105,78"/><V25/><F68/><W62/><G116/><T4/><D128/><U64/><E2/><V38/><F38/><W120/><G120/><T51/><D126/><U72/><E107/><V49/><F135/><W48/><G48/><T87/><D133/><U125/><E34/><V10/><F100/><W42/><G42/><T81/><D4/><N who="3" m="1641" /><G105/><T83/><D61/><U130/><E72/><V20/><F3/><W30/><G30/><T129/><D129/><U106/><E106/><V112/><F112/><W104/><G104/><T108/><D108/><U132/><E111/><V1/><F1/><W74/><G74/><T97/><D23/><U29/><E73/><V80/><F80/><N who="0" m="30794" /><D103/><U57/><E39/><V36/><F36/><W60/><G62/><T8/><D8/><U9/><E37/><V13/><F49/><W32/><G32/><T14/><D14/><U119/><E71/><V75/><F75/><W134/><G134/><T35/><D35/><U22/><E132/><V44/><F59/><N who="3" m="37151" /><G67/><T58/><D58/><U131/><E130/><V98/><F98/><AGARI ba="0,0" hai="76,78,91,92,93,96,98,102" m="37151,1641" machi="98" ten="30,1000,0" yaku="8,1" doraHai="40" who="3" fromWho="2" sc="249,0,402,0,84,-10,265,10" /><AGARI ba="0,0" hai="21,24,31,45,51,52,84,87,97,98,99" m="30794" machi="98" ten="30,3900,0" yaku="8,1,52,1,54,1" doraHai="40" who="0" fromWho="2" sc="249,39,402,0,74,-39,275,0" /><INIT seed="7,0,0,1,2,122" ten="288,402,35,275" oya="3" hai0="124,6,74,59,22,25,98,19,99,16,102,111,92" hai1="131,78,76,86,48,106,35,105,26,135,73,71,97" hai2="2,36,101,31,49,10,56,29,1,34,79,109,7" hai3="91,108,55,42,75,18,123,14,62,43,27,20,65"/><W67/><G123/><T45/><D111/><U46/><E73/><V28/><F56/><N who="3" m="35103" /><G75/><T112/><D74/><U5/><E71/><V17/><F49/><W66/><G108/><T8/><D124/><U24/><E5/><V77/><F101/><W113/><G113/><T40/><D112/><U51/><E86/><V115/><F36/><W88/><G27/><T132/><D132/><U68/><E68/><V44/><F44/><W11/><G11/><T41/><D19/><U70/><E70/><V54/><F54/><W107/><G107/><T116/><D116/><U110/><E46/><V32/><F115/><W133/><G133/><T9/><D59/><U64/><E35/><N who="2" m="13355" /><F77/><W134/><G134/><T84/><D84/><U83/><E135/><V121/><F79/><W80/><G80/><T81/><D81/><U125/><E83/><V21/><F109/><W82/><G82/><T129/><D129/><U93/><E110/><V30/><N who="2" m="7168" /><DORA hai="4" /><V118/><F118/><W130/><G130/><T94/><D6/><U23/><E131/><V12/><F121/><W13/><G13/><AGARI ba="0,0" hai="1,2,7,10,12,13,17,21" m="7168,13355" machi="13" ten="40,12000,2" yaku="35,5,52,1" doraHai="122,4" who="2" fromWho="3" sc="288,0,402,0,35,120,275,-120" owari="288,9.0,402,49.0,155,-24.0,155,-34.0" /></mjloggm>