<mjloggm ver="2.3"><GO type="185" lobby="0"/><UN n0="%74%6F%6D%69%31%30%32%39" n1="%E3%83%9E%E3%83%A4%E3%82%B7%E3%82%B3%E3%82%AC%E3%83%81%E5%8B%A2" n2="%E5%A4%A9%E3%83%B6%E7%80%AC%E5%A5%88%E6%9C%88" n3="" dan="16,17,16,0" rate="2098.40,2161.67,2259.91,1500.00" sx="M,M,F,C"/><TAIKYOKU oya="0"/><INIT seed="0,0,0,0,1,96" ten="350,350,350,0" oya="0" hai0="130,38,60,52,80,126,32,67,93,111,73,134,36" hai1="64,104,110,57,59,63,50,61,56,107,53,51,33" hai2="90,116,85,86,74,43,133,81,58,48,84,94,105" hai3=""/><T113/><D32/><U128/><E33/><V125/><F125/><T119/><D119/><U127/><E127/><V0/><F0/><T103/><D113/><U115/><E115/><V98/><F116/><T121/><N who="0" m="31008" /><T99/><D134/><U123/><N who="1" m="31520" /><U91/><E110/><V44/><F133/><T118/><D118/><U49/><E128/><V71/><F71/><T87/><D130/><U129/><E129/><V1/><F1/><T100/><D73/><U42/><E42/><V122/><N who="2" m="31264" /><V68/><F68/><T54/><D103/><U106/><REACH who="1" step="1"/><E91/><REACH who="1" ten="350,340,350,0" step="2"/><V132/><F132/><T124/><D111/><U88/><E88/><V78/><F58/><AGARI ba="0,1" hai="49,50,51,53,56,57,58,59,61,63,64,104,106,107" m="31520" machi="58" ten="50,3200,0" yaku="1,1,52,1,53,0" doraHai="96" doraHaiUra="82" who="1" fromWho="2" sc="350,0,340,42,350,-32,0,0" /><INIT seed="1,0,0,5,4,89" ten="350,382,318,0" oya="1" hai0="36,106,40,123,120,98,101,3,33,39,1,107,97" hai1="72,52,2,46,78,54,67,35,128,65,96,43,57" hai2="131,129,77,66,34,114,56,70,130,112,92,111,58" hai3=""/><U105/><E35/><V95/><F34/><T75/><N who="0" m="30752" /><T121/><N who="0" m="31008" /><T45/><N who="0" m="31520" /><T127/><D33/><U68/><E2/><V134/><F111/><T86/><D127/><U88/><E128/><V42/><F134/><T122/><N who="0" m="31264" /><T117/><D75/><U48/><E68/><V126/><F126/><T118/><D86/><U116/><E116/><N who="0" m="44649" /><D36/><U63/><E78/><V50/><F77/><T82/><D82/><U59/><E72/><V132/><F132/><T62/><D62/><U135/><E135/><V32/><F32/><T85/><D85/><U83/><E83/><V133/><F133/><T84/><D84/><U47/><E63/><V37/><F37/><T44/><D45/><U69/><E46/><V125/><F125/><T53/><D53/><U81/><E52/><V93/><F130/><T102/><AGARI ba="0,0" hai="1,3,39,40,44,97,98,101,102,106,107" m="44649,31264,31520,31008,30752" machi="102" ten="30,9000,2" yaku="12,1,23,1,52,4" doraHai="89" who="0" fromWho="0" sc="350,90,382,-60,318,-30,0,0" /><INIT seed="2,0,0,3,2,98" ten="440,322,288,0" oya="2" hai0="41,61,3,112,134,71,66,99,48,87,43,105,40" hai1="92,56,82,124,35,126,78,80,46,49,74,55,118" hai2="64,83,50,89,57,111,116,45,70,0,44,106,122" hai3=""/><V53/><N who="2" m="31264" /><V2/><F116/><T135/><D3/><U52/><E35/><V109/><F106/><T1/><D1/><U117/><E92/><V115/><F2/><T32/><D32/><U75/><E75/><V114/><F0/><T73/><D73/><U131/><E82/><V76/><F89/><T60/><D112/><N who="2" m="43050" /><F83/><T102/><D60/><U59/><E46/><N who="2" m="18027" /><F76/><T91/><REACH who="0" step="1"/><D48/><REACH who="0" ten="430,322,288,0" step="2"/><U88/><E49/><V129/><F129/><T100/><D100/><U62/><E131/><V97/><F97/><T67/><D67/><U119/><E74/><V38/><F38/><T79/><D79/><U133/><E78/><V37/><F37/><T120/><N who="0" m="30752" /><T110/><D110/><N who="2" m="41994" /><F64/><T125/><D125/><U36/><E36/><V47/><F70/><T68/><D68/><U127/><E119/><V42/><F57/><T94/><AGARI ba="0,1" hai="40,41,43,61,66,71,87,91,94,99,102,105,134,135" m="30752" machi="94" ten="30,6000,1" yaku="1,1,0,1,52,2,53,1" doraHai="98" doraHaiUra="86" who="0" fromWho="0" sc="430,70,322,-20,288,-40,0,0" /><INIT seed="4,0,0,4,2,131" ten="500,302,248,0" oya="0" hai0="108,112,109,70,95,107,2,135,134,86,99,119,40" hai1="51,125,110,35,34,60,63,105,93,58,67,92,48" hai2="36,52,133,71,62,39,64,89,56,124,126,132,57" hai3=""/><T3/><D112/><U33/><E110/><N who="0" m="42601" /><D119/><U74/><E105/><V87/><F87/><T122/><N who="0" m="31264" /><T98/><D70/><U84/><E74/><V81/><F89/><T80/><D40/><U41/><E125/><N who="2" m="48235" /><F81/><T96/><D107/><U76/><E41/><V50/><F71/><T55/><D55/><U101/><E33/><V69/><F69/><T116/><D95/><U66/><E93/><V129/><F129/><T106/><D116/><U128/><E92/><V65/><F65/><T113/><D113/><U78/><E66/><V121/><N who="2" m="31008" /><V38/><AGARI ba="0,0" hai="36,38,39,50,52,56,57,62,64,132,133" m="31008,48235" machi="38" ten="40,12000,3" yaku="4,1,18,1,34,2,52,3,54,1" doraHai="131" who="2" fromWho="2" sc="500,-80,302,-40,248,120,0,0" /><INIT seed="5,0,0,4,4,38" ten="420,262,368,0" oya="1" hai0="95,0,54,47,50,53,104,80,40,88,92,81,72" hai1="125,46,133,61,62,82,32,91,41,96,107,99,97" hai2="74,119,60,128,89,66,121,1,64,90,118,114,109" hai3=""/><U132/><E32/><V131/><N who="2" m="31008" /><V123/><N who="2" m="31520" /><V86/><F1/><T129/><D104/><U34/><E34/><V124/><F109/><T56/><D129/><N who="2" m="49738" /><F74/><T116/><D95/><U63/><E125/><V103/><F124/><T135/><D135/><N who="1" m="51787" /><E107/><V122/><N who="2" m="31264" /><V73/><F73/><T3/><D116/><N who="2" m="44586" /><F114/><T43/><D72/><U102/><E102/><V77/><F103/><T36/><D0/><U42/><E46/><V37/><F37/><T55/><D3/><U113/><E113/><V78/><F66/><T111/><D111/><U68/><E68/><V105/><F105/><T49/><D36/><U101/><E101/><V2/><F2/><T106/><D106/><U134/><N who="1" m="51795" /><U65/><DORA hai="51" /><E65/><V115/><F115/><T83/><REACH who="0" step="1"/><D40/><REACH who="0" ten="410,262,368,0" step="2"/><N who="1" m="15467" /><E82/><V35/><F35/><T110/><D110/><U45/><E45/><V84/><F64/><T108/><D108/><U76/><E76/><V85/><F78/><T127/><D127/><U130/><E130/><V98/><F77/><T70/><D70/><U87/><E87/><AGARI ba="0,1" hai="43,47,49,50,53,54,55,56,80,81,83,87,88,92" machi="87" ten="40,16000,3" yaku="1,1,8,1,52,4,54,1,53,2" doraHai="38,51" doraHaiUra="33,44" who="0" fromWho="1" sc="410,170,262,-160,368,0,0,0" /><INIT seed="6,0,0,5,0,83" ten="580,102,368,0" oya="2" hai0="68,91,134,84,121,45,133,127,79,117,132,40,33" hai1="70,67,109,0,86,59,94,125,69,56,43,130,51" hai2="101,1,64,62,106,34,35,85,36,42,123,76,73" hai3=""/><V102/><N who="2" m="31520" /><V92/><F1/><T124/><N who="0" m="31008" /><T58/><D68/><U111/><E0/><V107/><F73/><T113/><D79/><U75/><E94/><V53/><F53/><T44/><D113/><U54/><E86/><V120/><N who="2" m="30752" /><V82/><F42/><T88/><D117/><U115/><E75/><V108/><F36/><T55/><D91/><U41/><E115/><V52/><F52/><T60/><D33/><U87/><E87/><V114/><F114/><T135/><D135/><U90/><E90/><V2/><F2/><T81/><D44/><U129/><E54/><V116/><F116/><T128/><D128/><U72/><E72/><V63/><F108/><T38/><AGARI ba="0,0" hai="38,40,45,55,58,60,81,84,88,124,127,132,133,134" m="31008" machi="38" ten="40,6000,1" yaku="0,1,20,1,52,2,54,1" doraHai="83" who="0" fromWho="0" sc="580,60,102,-20,368,-40,0,0" owari="640,59.0,82,-52.0,328,-7.0,0,0.0" /></mjloggm>