<mjloggm ver="2.3"><GO type="169" lobby="0"/><UN n0="%E6%99%82%E9%9B%A8%E8%92%BC%E7%87%95%E6%B5%81" n1="%E6%9D%B1%E4%BA%AC%E9%9B%BB%E5%8A%9B" n2="%E6%9C%8B%E4%B9%9F%40" n3="%E7%AC%B9%E9%A4%85" dan="16,17,16,17" rate="2110.32,2220.51,2112.94,2231.48" sx="M,M,F,M"/><TAIKYOKU oya="0"/><INIT seed="0,0,0,0,1,122" ten="250,250,250,250" oya="0" hai0="84,124,36,41,14,114,74,107,75,59,132,70,116" hai1="67,10,42,68,18,79,69,49,27,32,93,88,54" hai2="86,31,11,117,57,92,102,45,3,64,15,87,127" hai3="119,25,13,96,58,22,101,133,56,134,131,52,109"/><T73/><D114/><U46/><E79/><V85/><F127/><W89/><G119/><T103/><D116/><U120/><E120/><V50/><F3/><W51/><G131/><T39/><D124/><U82/><E82/><V12/><F117/><W65/><G89/><T129/><D129/><U2/><E67/><V61/><F31/><W17/><G109/><T111/><D132/><N who="3" m="50793" /><G65/><T90/><D59/><U135/><E135/><V118/><F118/><W7/><G7/><T113/><D113/><U1/><E1/><V80/><F80/><W26/><G58/><T108/><D14/><U29/><E42/><V6/><F15/><W100/><G100/><T20/><D20/><U55/><E55/><V126/><F126/><W24/><G13/><T71/><D103/><U23/><E2/><V38/><F38/><W106/><AGARI ba="0,0" hai="17,22,24,25,26,51,52,56,96,101,106" m="50793" machi="106" ten="30,2000,0" yaku="20,1,54,1" doraHai="122" who="3" fromWho="3" sc="250,-10,250,-5,250,-5,250,20" /><INIT seed="1,0,0,0,3,113" ten="240,245,245,270" oya="1" hai0="120,32,3,106,17,58,45,132,96,53,84,21,76" hai1="119,68,87,37,90,42,118,60,78,50,77,83,67" hai2="59,128,62,66,51,105,85,11,43,88,40,121,9" hai3="100,22,70,94,133,44,30,73,13,4,104,125,26"/><U7/><E37/><V124/><F128/><W8/><G73/><T18/><D32/><U31/><E31/><V14/><F124/><W33/><G70/><T114/><D114/><U29/><E29/><V115/><F105/><W117/><G104/><T80/><D132/><U110/><E110/><V71/><F115/><W108/><G108/><T107/><D3/><U28/><E28/><V122/><F122/><W52/><G125/><T79/><D120/><U35/><E35/><V130/><F130/><W135/><G117/><T34/><D34/><U129/><E129/><V0/><F0/><W99/><REACH who="3" step="1"/><G33/><REACH who="3" ten="240,245,245,260" step="2"/><T46/><D107/><U55/><E42/><V93/><F121/><W97/><G97/><T74/><D96/><U127/><E127/><V131/><F131/><W54/><G54/><T15/><D74/><U65/><E65/><V27/><F71/><W101/><G101/><T19/><D106/><U63/><E7/><V36/><F43/><W82/><G82/><T20/><D76/><U16/><E78/><V126/><F126/><W111/><G111/><T1/><D1/><U38/><E77/><V23/><F40/><W6/><G6/><T69/><D69/><U12/><E68/><V61/><F66/><W10/><G10/><T48/><D20/><U109/><E109/><V91/><F9/><W102/><G102/><T75/><D75/><U49/><E67/><V98/><F11/><W39/><G39/><T57/><D21/><N who="1" m="11399" /><E38/><V116/><F36/><W103/><G103/><T2/><D2/><U72/><E72/><V123/><F116/><N who="1" m="44585" /><E55/><V47/><F123/><RYUUKYOKU ba="0,1" sc="240,-15,245,15,245,-15,260,15" hai1="49,50,60,63,83,87,90" hai3="4,8,13,22,26,30,44,52,94,99,100,133,135" /><INIT seed="1,1,1,5,2,109" ten="225,260,230,275" oya="1" hai0="79,112,111,11,114,85,10,73,69,38,27,113,127" hai1="75,50,89,30,70,107,59,15,13,66,101,135,24" hai2="105,22,46,26,106,19,87,56,124,76,77,2,68" hai3="53,7,82,62,116,83,121,55,31,104,51,4,49"/><U39/><E39/><V99/><F2/><W129/><G121/><T28/><D111/><U1/><E1/><V132/><F132/><W78/><G104/><T61/><D127/><U36/><E36/><V80/><F124/><W3/><G129/><T32/><D85/><U125/><E75/><V16/><F68/><W37/><G37/><T120/><D120/><U67/><E135/><V29/><F77/><W47/><G116/><T48/><D48/><U12/><E125/><V97/><F46/><W84/><G3/><T128/><D38/><U54/><E70/><V44/><F44/><W100/><G100/><T9/><D128/><U130/><E130/><V102/><REACH who="2" step="1"/><F56/><REACH who="2" ten="225,260,220,275" step="2"/><W117/><G117/><T21/><D79/><U52/><E54/><V64/><F64/><W20/><G53/><T92/><D73/><U103/><E67/><V96/><F96/><W42/><G55/><T91/><D69/><U25/><E66/><V60/><F60/><W88/><G62/><T17/><D61/><U119/><E119/><V94/><F94/><W58/><G58/><T118/><D118/><U18/><E107/><V122/><F122/><W8/><G51/><T93/><REACH who="0" step="1"/><D91/><REACH who="0" ten="215,260,220,275" step="2"/><U35/><REACH who="1" step="1"/><E89/><REACH who="1" ten="215,250,220,275" step="2"/><V81/><F81/><W43/><G82/><T90/><D90/><U0/><E0/><V131/><F131/><W95/><G88/><T74/><D74/><U71/><E71/><V23/><F23/><AGARI ba="1,4" hai="12,13,15,18,23,24,25,30,35,50,52,59,101,103" machi="23" ten="40,3900,0" yaku="1,1,54,1,53,0" doraHai="109" doraHaiUra="133" who="1" fromWho="2" sc="215,0,250,82,220,-42,275,0" /><INIT seed="1,2,0,4,3,117" ten="215,332,178,275" oya="1" hai0="30,87,103,21,25,28,19,102,71,121,3,99,100" hai1="4,58,125,114,93,1,134,69,109,36,27,82,47" hai2="59,112,85,119,131,73,84,34,75,88,76,55,29" hai3="13,68,126,44,132,81,23,32,120,115,14,7,129"/><U9/><E114/><V57/><F119/><W31/><G68/><T65/><D3/><U37/><E69/><V61/><F112/><W74/><G115/><T20/><D65/><U18/><E125/><V127/><F131/><W41/><G126/><T104/><D71/><U78/><E134/><V17/><F127/><W45/><G132/><T124/><D124/><U33/><E109/><V63/><F17/><W2/><G129/><T62/><D62/><U51/><E58/><V91/><F76/><W50/><G32/><T77/><D121/><U98/><E18/><V133/><F34/><W106/><G106/><T96/><D104/><U67/><E67/><V26/><F26/><W16/><G31/><N who="0" m="11819" /><D21/><U80/><E27/><V123/><F29/><W11/><G120/><T52/><D52/><U48/><E80/><AGARI ba="2,0" hai="19,20,25,77,80,87,96,99,100,102,103" m="11819" machi="80" ten="30,1000,0" yaku="8,1" doraHai="117" who="0" fromWho="1" sc="215,16,332,-16,178,0,275,0" /><INIT seed="2,0,0,5,5,6" ten="231,316,178,275" oya="2" hai0="71,95,24,55,35,1,124,50,8,5,117,65,19" hai1="48,32,26,100,68,75,98,93,58,63,129,0,91" hai2="12,43,102,45,127,56,21,107,61,108,97,121,31" hai3="92,13,18,113,60,103,22,90,104,133,125,87,62"/><V83/><F121/><W33/><G33/><T112/><D112/><U77/><E0/><V15/><F127/><W41/><G113/><T106/><D106/><U94/><E129/><V109/><F83/><W40/><G125/><T30/><D124/><U38/><E38/><V52/><F31/><W2/><G2/><T7/><D117/><U53/><E75/><V29/><F29/><W135/><G103/><T78/><D7/><U86/><E77/><V25/><F25/><W47/><G41/><T80/><D95/><U9/><E9/><V122/><F122/><W44/><G44/><T105/><D105/><U132/><E132/><N who="3" m="50762" /><G104/><T131/><D71/><U128/><E128/><V88/><F88/><W49/><AGARI ba="0,0" hai="13,18,22,40,47,49,60,62,87,90,92" m="50762" machi="49" ten="30,1100,0" yaku="20,1" doraHai="6" who="3" fromWho="3" sc="231,-3,316,-3,178,-5,275,11" /><INIT seed="3,0,0,0,0,96" ten="228,313,173,286" oya="3" hai0="61,123,114,85,110,125,46,5,41,111,105,53,107" hai1="29,15,45,1,113,93,95,25,67,19,88,55,23" hai2="42,70,94,112,74,12,63,56,129,18,117,40,57" hai3="92,24,75,30,62,115,21,71,47,10,97,86,16"/><W78/><G75/><T6/><D123/><U121/><E113/><V109/><F112/><W58/><G71/><T73/><D73/><U89/><E1/><V79/><F117/><W37/><G115/><T39/><D114/><U131/><E131/><V4/><F129/><W83/><G37/><T100/><D125/><U118/><E67/><V68/><F109/><N who="0" m="41482" /><D85/><U135/><E135/><V11/><F74/><W27/><G47/><T26/><D26/><U52/><E118/><V127/><F79/><W14/><G24/><T28/><D28/><U99/><E45/><V133/><F133/><W76/><G86/><T49/><D61/><U32/><E121/><V122/><F122/><W87/><G87/><AGARI ba="0,0" hai="15,19,23,25,29,32,52,55,87,88,89,93,95,99" machi="87" ten="30,3900,0" yaku="7,1,54,2" doraHai="96" who="1" fromWho="3" sc="228,0,313,39,173,0,286,-39" /><INIT seed="4,0,0,1,2,132" ten="228,352,173,247" oya="0" hai0="90,67,16,4,100,37,10,47,106,63,1,129,29" hai1="116,35,89,46,23,105,44,117,72,99,121,49,5" hai2="96,113,38,114,107,119,102,81,122,34,78,15,51" hai3="103,88,118,39,43,54,92,130,73,127,6,62,21"/><T95/><D129/><U80/><E35/><V50/><F38/><W17/><G118/><T98/><D29/><U68/><E68/><V3/><F3/><W11/><G130/><T12/><D37/><U133/><E5/><V20/><F34/><W76/><G103/><T28/><D28/><U18/><E44/><V94/><F119/><W52/><G39/><T97/><D47/><U124/><E133/><V7/><F122/><W75/><G43/><T65/><REACH who="0" step="1"/><D63/><REACH who="0" ten="218,352,173,247" step="2"/><U19/><E46/><V9/><F107/><W93/><G62/><T64/><D64/><U120/><E105/><V135/><F135/><W83/><G75/><T42/><D42/><U123/><E72/><V24/><F114/><W32/><G32/><T60/><D60/><U13/><E117/><V131/><F113/><W70/><G70/><T111/><D111/><U40/><E116/><V82/><F131/><W2/><G127/><T61/><D61/><U25/><E124/><V115/><F115/><W14/><REACH who="3" step="1"/><G93/><REACH who="3" ten="218,352,173,237" step="2"/><T134/><D134/><U22/><E40/><V84/><REACH who="2" step="1"/><F82/><REACH who="2" ten="218,352,163,237" step="2"/><W48/><G48/><T0/><D0/><U26/><E49/><V31/><AGARI ba="0,3" hai="7,9,15,20,24,31,50,51,78,81,84,94,96,102" machi="31" ten="20,8000,1" yaku="1,1,2,1,0,1,7,1,8,1,53,0" doraHai="132" doraHaiUra="86" who="2" fromWho="2" sc="218,-40,352,-20,163,110,237,-20" /><INIT seed="5,0,0,1,1,108" ten="178,332,273,217" oya="1" hai0="111,45,44,43,6,69,29,91,41,34,36,63,53" hai1="58,95,2,70,98,21,30,26,54,40,113,100,104" hai2="135,106,79,120,16,132,73,94,105,81,71,122,57" hai3="101,117,134,82,64,51,4,18,130,96,115,68,15"/><U27/><E70/><V124/><F71/><W61/><G130/><T7/><D111/><U80/><E2/><V59/><F124/><W75/><G134/><N who="2" m="51241" /><F59/><W114/><G4/><T74/><D74/><U35/><E40/><V133/><F57/><W93/><G51/><T48/><D91/><U86/><E104/><N who="2" m="40043" /><F16/><W8/><REACH who="3" step="1"/><G117/><REACH who="3" ten="178,332,273,207" step="2"/><T11/><D43/><U83/><E54/><V65/><F133/><W67/><G67/><T55/><D55/><U60/><E60/><V47/><F65/><W110/><G110/><T129/><D6/><U107/><E58/><V46/><F47/><W131/><G131/><T28/><D129/><U72/><E72/><V109/><F46/><W125/><G125/><T56/><D45/><U23/><E35/><V31/><F109/><W24/><G24/><T99/><D34/><U19/><E26/><V49/><F49/><W128/><G128/><T32/><D32/><U126/><E27/><V33/><F33/><W39/><G39/><T14/><REACH who="0" step="1"/><D99/><REACH who="0" ten="168,332,273,207" step="2"/><U10/><E98/><V17/><F73/><W116/><G116/><T76/><D76/><AGARI ba="0,2" hai="8,15,18,61,64,68,75,76,82,93,96,101,114,115" machi="76" ten="40,8000,1" yaku="1,1,52,2,53,1" doraHai="108" doraHaiUra="97" who="3" fromWho="0" sc="168,-80,332,0,273,0,207,100" /><INIT seed="6,0,0,3,0,1" ten="88,332,273,307" oya="2" hai0="133,118,6,103,89,5,113,38,102,125,55,60,112" hai1="80,42,51,24,9,77,61,97,121,79,100,18,93" hai2="3,39,67,62,13,59,71,49,114,127,132,109,15" hai3="2,130,14,85,87,41,91,66,72,119,99,84,19"/><V40/><F127/><W32/><G119/><T48/><D125/><U30/><E121/><V33/><F33/><W110/><G110/><T26/><D38/><U4/><E18/><V126/><F126/><W135/><G2/><T46/><D118/><U31/><E61/><V92/><F109/><W54/><G72/><T82/><D133/><U128/><E128/><V129/><F129/><W43/><G130/><T116/><D116/><U76/><E80/><V28/><F132/><W37/><G32/><T12/><D12/><N who="1" m="5159" /><E24/><V45/><F28/><W29/><G29/><T64/><D26/><U7/><E7/><N who="0" m="2569" /><D82/><U58/><E58/><V106/><F3/><W50/><G66/><T47/><D89/><U98/><E98/><V70/><F106/><W124/><G37/><T95/><D95/><U16/><E16/><V65/><F92/><N who="3" m="56735" /><G135/><T44/><D60/><U11/><E11/><V90/><F39/><W74/><G74/><T56/><D64/><U25/><E25/><V104/><F67/><W0/><G0/><T22/><D22/><U35/><E35/><V107/><F107/><W68/><G68/><T81/><D81/><U101/><E101/><V21/><F104/><W20/><G124/><T73/><D73/><U52/><E79/><V23/><F71/><W122/><G122/><T27/><D27/><U83/><E77/><V88/><F70/><W8/><G20/><T63/><D63/><U53/><E76/><V131/><F131/><W57/><AGARI ba="0,0" hai="8,14,19,41,43,50,54,57,84,85,87" m="56735" machi="57" ten="30,1100,0" yaku="8,1" doraHai="1" who="3" fromWho="3" sc="88,-3,332,-3,273,-5,307,11" /><INIT seed="7,0,0,1,5,133" ten="85,329,268,318" oya="3" hai0="60,63,51,45,11,64,65,4,78,40,30,1,119" hai1="81,57,126,135,20,80,116,107,121,18,23,87,124" hai2="56,8,108,76,39,100,94,29,42,33,22,110,102" hai3="123,46,38,74,71,98,69,68,127,113,34,3,35"/><W10/><G123/><T109/><D109/><U26/><E135/><V79/><F39/><W93/><G127/><N who="1" m="48682" /><E121/><V134/><F134/><W72/><G113/><T2/><D119/><U9/><E116/><V59/><F33/><N who="3" m="12299" /><G93/><T62/><D11/><U44/><E107/><V55/><F94/><W89/><G89/><T90/><D4/><U5/><E44/><V52/><F8/><W37/><G98/><T104/><D104/><U122/><E122/><V54/><F29/><W91/><G91/><T125/><D125/><U82/><E57/><N who="2" m="22091" /><F22/><W14/><G14/><T19/><D90/><N who="1" m="51559" /><E20/><V130/><F42/><N who="3" m="22863" /><G38/><T95/><D95/><U28/><E28/><V97/><F97/><W13/><G13/><AGARI ba="0,0" hai="5,9,13,18,23,26,81,82" m="51559,48682" machi="13" ten="30,7700,0" yaku="18,1,52,3" doraHai="133" who="1" fromWho="3" sc="85,0,329,77,268,0,318,-77" owari="85,-41.0,406,50.0,268,7.0,241,-16.0" /></mjloggm>