<mjloggm ver="2.3"><GO type="169" lobby="0"/><UN n0="%E3%81%BF%E3%81%AA%E3%81%A8%E5%85%AB%E8%A7%92" n1="%E3%82%B3%E3%83%A2%E3%83%AA%E3%82%B9%E3%83%88" n2="%31%35%2E%31%35%63%6D" n3="%E3%81%86%E3%81%91%E3%81%AA%E3%81%8C%E3%81%97%E3%81%BE%E3%81%9B%E3%82%93" dan="16,16,18,16" rate="2096.58,2073.64,2252.20,2128.08" sx="M,M,M,F"/><TAIKYOKU oya="0"/><INIT seed="0,0,0,4,3,69" ten="250,250,250,250" oya="0" hai0="20,57,99,31,38,102,12,59,81,15,0,92,45" hai1="132,89,24,41,35,79,60,93,98,21,14,32,13" hai2="74,78,49,123,26,133,80,90,115,44,53,36,83" hai3="119,130,42,61,125,64,88,134,62,48,106,91,128"/><T110/><D0/><U85/><E132/><V124/><F123/><W39/><G119/><T6/><D110/><U82/><E32/><V135/><F115/><W1/><G106/><T30/><D81/><U113/><E35/><V120/><F120/><W43/><G1/><T58/><D6/><U8/><E8/><V114/><F114/><W25/><G25/><T9/><D9/><U16/><E113/><V5/><F5/><W7/><G7/><T33/><D33/><U67/><REACH who="1" step="1"/><E41/><REACH who="1" ten="250,240,250,250" step="2"/><V51/><F135/><W126/><G134/><T37/><D20/><U112/><E112/><V71/><F133/><W108/><G108/><T117/><D117/><U94/><E94/><V103/><F83/><W104/><G104/><T96/><D92/><U34/><E34/><V28/><F80/><W84/><G43/><T22/><D22/><U18/><E18/><V40/><F40/><W77/><G42/><T3/><D3/><U87/><E87/><V131/><F28/><N who="0" m="10794" /><D45/><U107/><E107/><V95/><F44/><W54/><G84/><T11/><D11/><U17/><E17/><V116/><F95/><W10/><G10/><T127/><D102/><U27/><E27/><V63/><F26/><W122/><G122/><T65/><D65/><U105/><E105/><V50/><F103/><W111/><G111/><T29/><D29/><U46/><E46/><V101/><F101/><W97/><G64/><T66/><D66/><U47/><E47/><V72/><F116/><W129/><G129/><T70/><D70/><AGARI ba="0,1" hai="13,14,16,21,24,60,67,70,79,82,85,89,93,98" machi="70" ten="30,7700,0" yaku="1,1,7,1,54,1,53,1" doraHai="69" doraHaiUra="75" who="1" fromWho="0" sc="250,-77,240,87,250,0,250,0" /><INIT seed="1,0,0,1,2,20" ten="173,327,250,250" oya="1" hai0="23,42,21,34,85,71,121,122,48,96,49,70,112" hai1="44,131,9,28,53,68,64,35,36,124,14,130,54" hai2="32,73,100,123,62,99,74,125,113,72,58,127,52" hai3="38,13,104,39,79,116,17,61,120,111,67,115,57"/><U16/><E124/><N who="2" m="47691" /><F123/><N who="0" m="47114" /><D34/><U12/><E64/><V76/><F32/><W30/><G120/><T132/><D96/><U55/><E68/><N who="0" m="26153" /><D42/><U8/><E36/><V89/><F113/><W37/><G115/><T135/><D85/><U45/><E28/><V88/><F76/><W15/><G116/><T106/><D106/><AGARI ba="0,0" hai="52,58,62,72,73,74,88,89,99,100,106" m="47691" machi="106" ten="40,5200,0" yaku="18,1,54,2" doraHai="20" who="2" fromWho="0" sc="173,-52,327,0,250,52,250,0" /><INIT seed="2,0,0,2,3,32" ten="121,327,302,250" oya="2" hai0="78,134,6,43,82,122,90,10,11,22,95,112,86" hai1="28,84,50,59,5,80,23,35,13,126,93,68,114" hai2="97,63,99,21,123,119,116,57,61,9,118,128,4" hai3="51,77,8,67,42,12,1,85,120,89,60,2,108"/><V71/><F123/><W27/><G120/><T14/><D112/><U130/><E130/><V34/><F34/><W73/><G108/><T132/><D122/><U49/><E126/><V81/><F128/><W100/><G100/><T72/><D43/><U106/><E68/><V76/><F71/><W135/><G27/><T98/><D22/><U30/><E106/><V45/><F21/><W121/><G135/><T131/><D131/><U31/><E35/><V124/><F124/><W64/><G121/><T91/><D11/><U15/><E93/><V88/><F45/><W37/><G37/><T41/><D41/><U69/><E69/><V66/><F61/><W54/><G77/><T25/><D25/><U129/><E114/><V44/><F44/><W47/><G73/><T52/><D52/><U17/><E59/><V36/><F36/><W7/><G54/><T70/><D70/><U75/><E75/><V110/><F110/><W29/><G29/><T58/><D58/><U127/><E127/><V92/><F99/><W133/><G133/><T39/><D39/><U111/><E111/><V109/><F109/><W18/><G18/><T125/><D125/><U26/><E129/><V3/><REACH who="2" step="1"/><F118/><REACH who="2" ten="121,327,292,250" step="2"/><W107/><G60/><T113/><D113/><U16/><E23/><V33/><F33/><W102/><G67/><T79/><D132/><U103/><E50/><V62/><F62/><W53/><G64/><T20/><D20/><U117/><E49/><V38/><F38/><W105/><G47/><T0/><D134/><U115/><E115/><V96/><F96/><N who="3" m="61639" /><G51/><T83/><D78/><RYUUKYOKU ba="0,1" sc="121,15,327,-15,292,15,250,-15" hai0="0,6,10,14,72,79,82,83,86,90,91,95,98" hai2="3,4,9,57,63,66,76,81,88,92,97,116,119" /><INIT seed="2,1,1,2,5,10" ten="136,312,307,235" oya="2" hai0="64,2,130,96,124,111,133,74,13,88,132,128,75" hai1="40,15,57,1,69,44,16,73,25,98,19,108,89" hai2="119,65,45,9,23,31,11,129,105,43,61,3,53" hai3="114,39,24,26,6,81,42,5,116,60,71,123,122"/><V117/><F105/><W77/><G116/><T20/><D64/><U36/><E1/><V56/><F129/><N who="0" m="49770" /><D2/><U102/><E108/><V21/><F31/><W51/><G39/><T135/><D111/><U41/><E41/><V125/><F125/><W68/><G42/><T94/><D20/><U76/><E89/><V33/><F33/><W38/><G38/><T12/><D124/><U27/><E19/><V8/><F3/><W46/><G71/><T109/><D109/><U99/><E99/><V113/><F113/><W86/><G68/><T84/><D84/><U34/><E34/><V30/><F65/><W70/><G70/><T28/><D28/><U104/><E57/><V134/><F134/><W72/><G72/><AGARI ba="1,1" hai="12,13,72,74,75,88,94,96,132,133,135" m="49770" machi="72" ten="40,8000,1" yaku="20,1,19,1,52,2,54,1" doraHai="10" who="0" fromWho="3" sc="136,93,312,0,307,0,235,-83" /><INIT seed="3,0,0,3,0,104" ten="229,312,307,152" oya="3" hai0="85,33,53,80,129,112,121,68,44,46,135,5,124" hai1="64,24,59,93,73,122,51,52,36,86,0,115,116" hai2="100,132,97,76,98,11,12,21,6,111,65,123,8" hai3="42,109,88,43,82,10,83,106,40,78,18,4,3"/><W22/><G106/><T107/><D5/><U28/><E122/><V117/><F117/><W17/><G109/><T131/><D85/><U113/><E116/><V74/><F111/><W61/><G61/><T60/><D80/><U96/><E0/><V55/><F65/><W110/><G110/><T99/><D99/><U15/><E36/><V35/><F35/><W69/><G69/><T89/><D89/><U120/><E73/><V56/><F132/><W2/><G2/><T91/><D91/><U75/><E75/><V9/><F98/><W101/><G101/><T31/><D31/><U66/><E120/><V87/><F21/><W58/><G58/><N who="0" m="34895" /><D33/><U128/><E66/><V70/><F70/><W62/><G62/><T41/><D107/><U45/><E64/><V29/><F29/><W48/><G48/><N who="0" m="26639" /><D121/><U133/><E28/><V77/><F74/><W102/><G102/><T94/><D94/><U1/><E93/><N who="2" m="58415" /><F77/><W34/><G34/><T108/><D108/><U27/><E96/><V134/><F87/><W125/><G22/><T81/><D81/><U38/><E86/><V19/><F76/><W7/><G83/><T114/><D135/><U72/><E133/><V103/><F134/><W95/><G78/><T47/><D68/><U130/><E72/><V16/><F103/><W20/><G82/><T25/><D25/><U63/><E24/><V32/><F32/><W39/><G20/><T13/><D13/><U26/><E26/><V30/><F123/><W92/><G3/><T57/><D114/><U127/><E115/><V71/><F71/><W50/><G95/><RYUUKYOKU ba="0,0" sc="229,0,312,0,307,0,152,0" /><INIT seed="4,1,0,1,1,124" ten="229,312,307,152" oya="0" hai0="45,116,44,54,38,31,99,78,67,123,25,37,13" hai1="58,0,98,50,15,110,19,88,39,2,134,107,7" hai2="12,125,24,118,91,85,79,121,126,46,115,33,23" hai3="48,77,53,9,72,128,109,29,8,18,57,21,80"/><T101/><D116/><U14/><E134/><V16/><F121/><W61/><G109/><T4/><D67/><U117/><E39/><V133/><F133/><W86/><G29/><T89/><D78/><U92/><E117/><V131/><F79/><W97/><G128/><T93/><D38/><U94/><E107/><V17/><F46/><W102/><G72/><T32/><D37/><U119/><E110/><V55/><F55/><W104/><REACH who="3" step="1"/><G61/><REACH who="3" ten="229,312,307,142" step="2"/><T28/><D31/><U105/><E119/><V66/><F131/><W70/><G70/><T52/><D123/><U130/><E130/><V56/><F118/><W10/><G10/><T100/><D44/><U59/><E59/><V51/><F125/><W96/><G96/><T11/><REACH who="0" step="1"/><D45/><REACH who="0" ten="219,312,307,142" step="2"/><U87/><E58/><V132/><F56/><W81/><G81/><T103/><AGARI ba="1,2" hai="4,11,13,25,28,32,52,54,89,93,99,100,101,103" machi="103" ten="30,11700,0" yaku="1,1,2,1,0,1,54,1,53,0" doraHai="124" doraHaiUra="69" who="0" fromWho="0" sc="219,140,312,-40,307,-40,142,-40" /><INIT seed="4,2,0,1,4,81" ten="359,272,267,102" oya="0" hai0="33,73,87,127,42,82,51,122,74,76,63,22,131" hai1="77,47,80,105,67,11,50,93,13,15,86,7,9" hai2="0,101,132,29,119,40,129,58,133,106,135,36,94" hai3="5,62,102,30,75,23,31,120,108,125,79,121,59"/><T60/><D33/><U83/><E105/><V10/><F129/><W123/><G108/><T20/><D131/><U24/><E67/><V116/><F29/><W54/><G125/><T118/><D118/><N who="2" m="45098" /><F106/><W41/><G75/><T64/><D127/><U61/><E61/><V17/><F40/><W45/><G79/><T48/><D122/><U19/><E24/><V46/><F46/><W37/><G5/><T130/><D130/><U43/><E83/><V55/><F36/><W53/><G102/><T70/><D42/><U99/><E93/><V91/><F101/><W39/><G39/><T52/><D74/><U71/><E99/><V3/><F10/><W57/><REACH who="3" step="1"/><G23/><REACH who="3" ten="359,272,267,92" step="2"/><T49/><D73/><U44/><E44/><V107/><F135/><W89/><G89/><T35/><D35/><U34/><E34/><V72/><F72/><W113/><G113/><T97/><D20/><U78/><E71/><V84/><F133/><W2/><G2/><T103/><D22/><U96/><E96/><V111/><F111/><W14/><G14/><T1/><D1/><U95/><E95/><V26/><F132/><W117/><G117/><T8/><D103/><U4/><E78/><V90/><F90/><W88/><G88/><T27/><D97/><U110/><E4/><V109/><F109/><AGARI ba="2,1" hai="7,9,11,13,15,19,43,47,50,77,80,86,109,110" machi="109" ten="40,5200,0" yaku="25,2,52,1" doraHai="81" who="1" fromWho="2" sc="359,0,272,68,267,-58,92,0" /><INIT seed="5,0,0,0,2,116" ten="359,340,209,92" oya="1" hai0="94,95,47,38,61,14,86,134,87,5,127,113,77" hai1="78,0,54,44,21,132,66,30,59,85,102,24,71" hai2="55,80,114,52,49,2,16,121,98,118,106,83,57" hai3="62,51,91,88,27,90,92,124,23,79,18,6,96"/><U46/><E132/><V99/><F118/><W7/><G124/><T108/><D108/><U115/><E115/><V25/><F2/><W82/><G91/><T126/><D61/><U15/><E0/><V1/><F1/><W131/><G131/><T36/><D14/><U28/><E66/><V26/><F121/><W105/><G105/><T69/><D47/><U34/><E71/><V67/><F67/><W35/><G35/><T103/><D69/><U50/><E102/><V32/><F32/><W101/><G101/><T100/><D77/><U4/><E30/><V75/><F106/><W111/><G111/><T128/><D113/><U39/><E39/><V65/><F65/><W68/><G68/><T129/><D5/><U133/><E133/><AGARI ba="0,0" hai="36,38,86,87,94,95,100,103,126,127,128,129,133,134" machi="133" ten="25,1600,0" yaku="22,2" doraHai="116" who="0" fromWho="1" sc="359,16,340,-16,209,0,92,0" /><INIT seed="6,0,0,5,2,6" ten="375,324,209,92" oya="2" hai0="132,58,47,13,59,61,4,29,99,18,60,54,95" hai1="130,106,49,116,72,43,108,40,94,46,119,114,65" hai2="24,56,25,20,41,87,81,9,69,33,8,124,120" hai3="53,133,26,5,74,84,79,31,67,93,30,83,131"/><V123/><F69/><W85/><G131/><T122/><D132/><U115/><E106/><V105/><F105/><W1/><G133/><T37/><D37/><U32/><E32/><V113/><F41/><W10/><G67/><T39/><D39/><U55/><E72/><V21/><F56/><W134/><G134/><T90/><D4/><U102/><E94/><V62/><F62/><W71/><G71/><T68/><D68/><U14/><E14/><V135/><F135/><W129/><G129/><T51/><D29/><U96/><E96/><V48/><F48/><W110/><G31/><T103/><D103/><U86/><E86/><V28/><F113/><N who="1" m="43017" /><E102/><V63/><F63/><N who="0" m="24138" /><D122/><U101/><E101/><V76/><F124/><W97/><G53/><T27/><D27/><U11/><E11/><AGARI ba="0,0" hai="11,13,18,47,51,54,58,59,90,95,99" m="24138" machi="11" ten="30,2000,0" yaku="8,1,52,1" doraHai="6" who="0" fromWho="1" sc="375,20,324,-20,209,0,92,0" /><INIT seed="7,0,0,2,5,66" ten="395,304,209,92" oya="3" hai0="75,34,116,90,7,5,125,80,25,76,17,74,39" hai1="57,118,54,71,43,38,109,14,45,42,107,12,51" hai2="61,82,23,15,52,79,131,117,68,69,2,96,135" hai3="133,111,8,128,87,103,33,86,65,84,120,63,1"/><W94/><G120/><T49/><D39/><U83/><E109/><V21/><F2/><W106/><G33/><T101/><D75/><U104/><E42/><V6/><F117/><W41/><G111/><T19/><D125/><U110/><E118/><V62/><F96/><W22/><G128/><T48/><D90/><U134/><E134/><V77/><F6/><W73/><G73/><T119/><D101/><U89/><E12/><V121/><F15/><W40/><G133/><T55/><D49/><U36/><E36/><V93/><F93/><W129/><G129/><T108/><D19/><U26/><E71/><V28/><F131/><W97/><G106/><T4/><D108/><U53/><E53/><V98/><F98/><W29/><G8/><T95/><D95/><U32/><E110/><V10/><F10/><W126/><G1/><T105/><D105/><U115/><E115/><V102/><F102/><W92/><G92/><T18/><D18/><U59/><E59/><V132/><F28/><W124/><G124/><T78/><D76/><U85/><E14/><V58/><F58/><W20/><G126/><T47/><D17/><U100/><E100/><V3/><F3/><W44/><G29/><T88/><D88/><U81/><E81/><V130/><F130/><W27/><G44/><T46/><D47/><U127/><E127/><V31/><F31/><N who="3" m="17895" /><G22/><T114/><D114/><U30/><AGARI ba="0,0" hai="26,30,32,38,43,45,51,54,57,83,85,89,104,107" machi="30" ten="30,1100,0" yaku="0,1" doraHai="66" who="1" fromWho="1" sc="395,-3,304,11,209,-3,92,-5" owari="392,48.0,315,12.0,206,-19.0,87,-41.0" /></mjloggm>