<mjloggm ver="2.3"><GO type="169" lobby="0"/><UN n0="%6C%69%65%62%65" n1="%E5%81%BD%E5%96%84%E8%80%85%E9%AB%98%E6%A9%8B%E3%81%BF%E3%81%AA%E3%81%BF" n2="%E3%81%B3%E3%82%8A%E3%81%B3%E3%82%8A%E2%98%86%E3%83%93%E3%83%AA%E3%83%BC" n3="%E3%83%8A%E3%83%8A%E3%82%A4%E3%83%AD%E3%83%A9%E3%82%A4%E3%83%88%E2%98%86" dan="16,17,16,17" rate="2030.55,2148.40,2183.25,2175.17" sx="F,F,M,F"/><TAIKYOKU oya="0"/><INIT seed="0,0,0,4,4,134" ten="250,250,250,250" oya="0" hai0="70,49,121,29,123,64,48,37,114,3,93,101,13" hai1="61,1,62,89,107,44,96,67,4,126,18,9,131" hai2="111,21,47,66,79,99,117,124,77,95,100,45,110" hai3="31,20,108,46,30,51,135,84,127,119,132,23,74"/><T53/><D3/><U115/><E131/><V11/><F66/><W130/><G74/><T72/><D37/><U17/><E115/><V2/><F21/><N who="3" m="8267" /><G119/><T57/><D72/><U83/><E61/><V90/><F117/><W133/><G130/><T56/><D114/><U122/><E122/><V6/><F90/><W75/><G75/><T60/><D29/><N who="3" m="10761" /><G108/><N who="2" m="41513" /><F124/><W7/><G7/><T14/><D123/><U82/><E44/><AGARI ba="0,0" hai="2,6,11,44,45,47,77,79,95,99,100" m="41513" machi="44" ten="30,1000,0" yaku="14,1" doraHai="134" who="2" fromWho="1" sc="250,0,250,-10,250,10,250,0" /><INIT seed="1,0,0,4,5,88" ten="250,240,260,250" oya="1" hai0="5,99,66,54,35,29,26,14,44,11,20,42,93" hai1="132,56,84,46,77,127,7,72,80,0,15,28,113" hai2="79,59,110,115,89,92,117,78,126,36,67,12,30" hai3="1,121,71,31,52,3,37,19,25,63,123,94,40"/><U106/><E113/><V6/><F117/><W57/><G71/><T97/><D66/><U61/><E106/><V45/><F115/><W21/><G37/><T95/><D54/><U76/><E132/><V112/><F112/><W116/><G40/><T114/><D114/><U124/><E0/><V128/><F110/><W13/><G116/><T125/><D125/><N who="1" m="48203" /><E28/><V32/><F126/><W41/><G41/><T60/><D60/><U131/><E131/><V65/><F45/><W68/><G68/><T73/><D73/><U2/><E2/><V101/><F101/><W75/><G75/><T135/><D135/><U86/><E46/><V8/><F36/><W4/><G3/><T82/><D82/><U39/><E76/><V58/><F128/><W118/><G118/><T43/><D35/><U120/><E39/><V111/><F111/><W83/><G83/><T98/><REACH who="0" step="1"/><D43/><REACH who="0" ten="240,240,260,250" step="2"/><U81/><E80/><V47/><F67/><W85/><G121/><T100/><D100/><U69/><E120/><V91/><F65/><W130/><G123/><T119/><D119/><U27/><E69/><V55/><F55/><W96/><G130/><T87/><D87/><U34/><E61/><V50/><F32/><N who="3" m="20591" /><G85/><T64/><D64/><U10/><E56/><V51/><F59/><W22/><G57/><T102/><D102/><U38/><E86/><V49/><F58/><W122/><G122/><T90/><D90/><U134/><E72/><V24/><F91/><N who="3" m="55391" /><G63/><T129/><D129/><U62/><E62/><V103/><F103/><W107/><G52/><T16/><D16/><U70/><E70/><RYUUKYOKU ba="0,1" sc="240,30,240,-10,260,-10,250,-10" hai0="5,11,14,20,26,29,42,44,93,95,97,98,99" /><INIT seed="2,1,1,1,5,22" ten="270,230,250,240" oya="2" hai0="24,11,56,67,43,99,92,101,49,16,64,25,27" hai1="17,86,72,42,112,53,26,62,37,93,129,84,47" hai2="10,28,108,107,109,23,65,125,119,61,63,133,32" hai3="35,52,118,117,46,100,104,19,0,58,130,128,20"/><V71/><F119/><W21/><G35/><T68/><D68/><U96/><E112/><V88/><F133/><W48/><G0/><T30/><D30/><U14/><E72/><V33/><F107/><W85/><G85/><T90/><D43/><U120/><E129/><N who="3" m="49770" /><G100/><T41/><D41/><U105/><E105/><V44/><F10/><W18/><G104/><T2/><D101/><U80/><E120/><V12/><F44/><W66/><G66/><N who="0" m="25131" /><D2/><U102/><E80/><V97/><F63/><W50/><G20/><N who="0" m="13319" /><D11/><U124/><E124/><V131/><F131/><W9/><G9/><T121/><D121/><U29/><E14/><V82/><F125/><W134/><G134/><T59/><D59/><U15/><E15/><V34/><F12/><N who="3" m="9415" /><G19/><T6/><D6/><U135/><E17/><V114/><F114/><W132/><G132/><T73/><D73/><U54/><E135/><V74/><F74/><W95/><G58/><T13/><D13/><U51/><E37/><V60/><F71/><W31/><G31/><T40/><D56/><N who="1" m="35095" /><E42/><V45/><F65/><W122/><G122/><T7/><D7/><U69/><E69/><V81/><F32/><W77/><G118/><T5/><D5/><U39/><E39/><V126/><F34/><W76/><G117/><T113/><D113/><U4/><E4/><V79/><F33/><W91/><G48/><T70/><D70/><U8/><E8/><V106/><F28/><W78/><G50/><T3/><D3/><U75/><E75/><V127/><F127/><W36/><G36/><T115/><D115/><U55/><E53/><RYUUKYOKU ba="1,1" sc="270,15,230,15,250,-15,240,-15" hai0="25,27,40,49,90,92,99" hai1="26,29,47,51,55,84,86,93,96,102" /><INIT seed="3,2,1,2,5,95" ten="285,245,235,225" oya="3" hai0="68,132,90,35,34,86,1,42,128,11,102,89,57" hai1="33,69,97,121,19,85,4,104,124,75,23,13,18" hai2="73,50,116,108,51,44,37,24,48,30,31,10,87" hai3="115,120,76,52,127,107,26,49,101,54,21,96,82"/><W15/><G120/><T92/><D68/><U65/><E75/><V84/><F116/><W94/><G115/><T114/><D114/><U40/><E121/><V78/><F108/><W56/><G127/><T58/><D128/><U93/><E33/><V125/><F125/><W129/><G129/><T133/><D102/><U70/><E124/><V0/><F31/><W110/><G110/><T112/><D42/><U79/><E4/><V77/><F10/><W109/><G109/><T45/><D45/><U22/><E40/><V74/><F0/><W53/><G15/><T16/><D112/><U126/><E126/><V103/><F103/><W47/><G107/><T119/><D119/><U27/><E65/><V43/><F74/><W100/><G100/><T14/><D1/><U105/><E105/><V135/><F135/><N who="0" m="51786" /><D90/><U8/><E104/><V6/><F6/><W67/><G67/><T123/><D123/><U71/><E8/><V66/><F66/><W131/><G131/><T130/><D130/><U83/><REACH who="1" step="1"/><E69/><REACH who="1" ten="285,235,235,225" step="2"/><V80/><REACH who="2" step="1"/><F78/><REACH who="2" ten="285,235,225,225" step="2"/><W7/><G7/><T122/><D122/><U28/><E28/><V88/><F88/><AGARI ba="2,3" hai="13,18,19,22,23,27,70,71,79,83,85,88,93,97" machi="88" ten="30,7700,0" yaku="1,1,7,1,52,1,54,1,53,0" doraHai="95" doraHaiUra="25" who="1" fromWho="2" sc="285,0,235,113,225,-83,225,0" /><INIT seed="4,0,0,4,5,1" ten="285,348,142,225" oya="0" hai0="59,84,68,19,74,108,106,131,7,45,122,93,63" hai1="101,36,37,46,66,4,21,119,24,27,34,32,53" hai2="82,92,11,127,55,54,117,39,56,43,81,89,28" hai3="57,26,0,15,62,99,85,128,111,71,91,95,61"/><T12/><D122/><U3/><E66/><V10/><F127/><W44/><G0/><T30/><D68/><U123/><E119/><V9/><F28/><W49/><G111/><T79/><D106/><U8/><E123/><V126/><F126/><W114/><G114/><T124/><D124/><U75/><E101/><V14/><F117/><W40/><G128/><T22/><D131/><U13/><E75/><V42/><F14/><W130/><G130/><T41/><D108/><U112/><E112/><V65/><F65/><W38/><G26/><T134/><D134/><U133/><E133/><V83/><F39/><W121/><G121/><T104/><D104/><U23/><E53/><V113/><F113/><W132/><G132/><T78/><D30/><N who="1" m="17695" /><E46/><V97/><REACH who="2" step="1"/><F55/><REACH who="2" ten="285,348,132,225" step="2"/><W72/><G38/><T77/><D12/><U109/><E37/><V25/><F25/><W5/><G15/><T116/><D116/><U80/><E36/><V6/><F6/><W70/><G5/><T69/><D7/><N who="1" m="1151" /><E109/><V94/><F94/><W100/><G70/><T105/><D69/><U102/><E80/><V2/><F2/><W67/><G71/><T87/><D93/><U73/><E73/><V58/><F58/><W86/><G72/><T29/><D74/><U16/><E102/><V35/><F35/><W47/><G100/><T115/><D115/><U18/><E4/><V76/><F76/><W31/><G47/><T135/><D135/><U118/><E118/><V103/><F103/><W96/><G67/><T98/><D78/><U52/><E52/><V64/><F64/><W125/><G125/><RYUUKYOKU ba="0,1" sc="285,-15,348,15,132,15,225,-15" hai1="13,16,18,21,27,32,34" hai2="9,10,11,42,43,54,56,81,82,83,89,92,97" /><INIT seed="5,1,1,5,0,31" ten="270,363,147,210" oya="1" hai0="33,56,22,90,135,24,104,120,4,89,102,92,133" hai1="122,134,25,50,65,80,1,86,34,71,13,45,44" hai2="52,103,126,110,112,39,30,27,18,12,38,108,99" hai3="129,88,32,116,114,67,113,77,132,81,51,10,49"/><U68/><E1/><V35/><F126/><W123/><G123/><T2/><D120/><U23/><E122/><V85/><F85/><N who="3" m="50223" /><G67/><T57/><D33/><U29/><E134/><N who="0" m="51209" /><D104/><U66/><E71/><V76/><F76/><W106/><G132/><T130/><D130/><U62/><E65/><V43/><F52/><W118/><G106/><T75/><D75/><U105/><E105/><V127/><F127/><W48/><G129/><T58/><D4/><U46/><E13/><V17/><F112/><N who="3" m="43115" /><G77/><T64/><D2/><U15/><E15/><V125/><F125/><W47/><G10/><T93/><D64/><U83/><E83/><V107/><F18/><W63/><G63/><T74/><D74/><U40/><REACH who="1" step="1"/><E23/><REACH who="1" ten="270,353,147,210" step="2"/><V115/><F115/><W0/><G0/><T7/><D93/><U72/><E72/><V11/><REACH who="2" step="1"/><F43/><REACH who="2" ten="270,353,137,210" step="2"/><W131/><G131/><T41/><D41/><U3/><E3/><V60/><F60/><W8/><G118/><T119/><D119/><U78/><AGARI ba="1,3" hai="25,29,34,40,44,45,46,50,62,66,68,78,80,86" machi="78" ten="20,7800,0" yaku="1,1,0,1,7,1,52,1,53,0" doraHai="31" doraHaiUra="97" who="1" fromWho="1" sc="270,-27,353,111,137,-27,210,-27" /><INIT seed="5,2,0,4,0,105" ten="243,464,110,183" oya="1" hai0="77,79,118,33,134,24,80,30,31,68,102,37,111" hai1="20,132,32,45,128,81,22,86,130,40,96,27,5" hai2="74,51,109,1,114,103,54,100,91,48,116,76,38" hai3="75,133,112,28,98,135,93,119,115,78,121,56,52"/><U2/><E32/><V15/><F109/><W131/><G121/><T82/><D111/><U35/><E35/><V36/><F1/><W41/><G28/><T89/><D118/><U12/><E2/><V13/><F116/><W57/><G41/><T71/><D37/><U39/><E132/><N who="3" m="50762" /><G119/><T110/><D134/><U6/><E96/><V94/><F91/><W55/><G131/><N who="1" m="50218" /><E12/><V90/><F90/><N who="3" m="55607" /><G78/><T126/><D77/><N who="1" m="46383" /><E20/><V19/><F76/><W10/><G10/><T59/><D79/><U18/><AGARI ba="2,0" hai="5,6,18,22,27,39,40,45" m="46383,50218" machi="18" ten="30,1500,0" yaku="19,1" doraHai="105" who="1" fromWho="1" sc="243,-7,464,21,110,-7,183,-7" /><INIT seed="5,3,0,2,1,10" ten="236,485,103,176" oya="1" hai0="86,124,7,25,26,83,106,85,111,125,114,82,132" hai1="12,105,115,17,27,134,39,31,20,61,98,21,35" hai2="99,133,47,1,55,63,32,97,50,78,84,117,75" hai3="107,48,89,113,90,4,121,40,72,127,53,74,28"/><U52/><E39/><V96/><F117/><W80/><G121/><T43/><D111/><U51/><E115/><V15/><F1/><W66/><G113/><T65/><D114/><U33/><E134/><V129/><F32/><W9/><G107/><T68/><D106/><U5/><E5/><V45/><F75/><W109/><G109/><T58/><D68/><U123/><E123/><V29/><F29/><W57/><G127/><N who="0" m="48715" /><D43/><U44/><REACH who="1" step="1"/><E61/><REACH who="1" ten="236,475,103,176" step="2"/><V62/><F62/><W76/><G4/><T38/><D38/><U71/><E71/><V11/><F63/><W100/><G48/><T118/><D7/><U24/><E24/><V77/><F133/><W110/><G110/><T93/><D26/><U70/><E70/><V135/><F135/><W60/><G60/><T22/><D25/><U19/><E19/><V42/><F129/><W122/><G122/><T119/><D132/><U91/><E91/><V102/><F102/><AGARI ba="3,1" hai="12,17,20,21,27,31,33,35,44,51,52,98,102,105" machi="102" ten="40,7700,0" yaku="1,1,52,1,54,1,53,0" doraHai="10" doraHaiUra="54" who="1" fromWho="2" sc="236,0,475,96,103,-86,176,0" /><INIT seed="5,4,0,1,5,118" ten="236,571,17,176" oya="1" hai0="84,77,49,89,25,3,36,2,31,58,109,9,87" hai1="116,33,53,23,78,105,27,72,41,4,12,55,30" hai2="70,121,11,24,68,106,90,79,123,69,135,83,7" hai3="64,129,96,133,91,93,40,103,95,112,16,120,114"/><U101/><E116/><V63/><F135/><W108/><G108/><T48/><D36/><U46/><E105/><V97/><F24/><W21/><G133/><T111/><D77/><U86/><E101/><V15/><F63/><W104/><G64/><T131/><D25/><U13/><E72/><V117/><F117/><W61/><G61/><T42/><D9/><U8/><E13/><V76/><F76/><W59/><G59/><T29/><D58/><U37/><REACH who="1" step="1"/><E33/><REACH who="1" ten="236,561,17,176" step="2"/><V43/><F43/><W28/><G40/><T92/><D42/><U44/><E44/><V17/><F7/><W110/><G110/><T14/><D109/><U51/><E51/><V127/><F127/><W65/><G104/><T67/><D48/><U18/><E18/><V50/><F50/><W5/><G5/><T122/><D49/><U32/><E32/><V10/><F10/><W80/><G16/><T62/><D111/><U134/><E134/><V60/><F60/><W6/><G6/><T66/><D62/><U128/><E128/><V94/><REACH who="2" step="1"/><F106/><REACH who="2" ten="236,561,7,176" step="2"/><W22/><G129/><T38/><D131/><U132/><E132/><V45/><F45/><W102/><G65/><T20/><D67/><U99/><E99/><V119/><F119/><W52/><G96/><T39/><D66/><U75/><E75/><AGARI ba="4,2" hai="11,15,17,68,69,70,75,79,83,90,94,97,121,123" machi="75" ten="40,5200,0" yaku="1,1,52,2,53,0" doraHai="118" doraHaiUra="26" who="2" fromWho="1" sc="236,0,561,-64,7,84,176,0" /><INIT seed="6,0,0,0,5,88" ten="236,497,91,176" oya="2" hai0="0,45,11,43,110,64,79,74,40,71,94,111,51" hai1="27,90,10,105,33,83,46,115,97,100,86,15,116" hai2="17,126,36,99,121,68,76,128,114,8,34,53,50" hai3="44,81,65,92,9,96,21,108,72,12,104,47,30"/><V118/><F118/><W20/><G108/><T120/><D120/><U14/><E116/><V19/><F121/><W16/><G104/><T82/><D43/><U66/><E115/><V29/><F36/><W26/><G65/><T63/><D94/><U103/><E103/><V22/><F68/><W58/><G58/><T123/><D123/><U48/><E66/><V42/><F42/><W28/><G72/><T5/><AGARI ba="0,0" hai="0,5,11,40,45,51,63,64,71,74,79,82,110,111" machi="5" ten="30,1100,0" yaku="0,1" doraHai="88" who="0" fromWho="0" sc="236,11,497,-3,91,-5,176,-3" /><INIT seed="7,0,0,1,0,61" ten="247,494,86,173" oya="3" hai0="53,108,76,30,125,56,22,44,106,25,102,116,97" hai1="46,16,96,42,47,40,58,52,100,92,68,10,26" hai2="9,33,12,91,122,29,43,84,121,71,39,130,15" hai3="83,95,23,11,3,6,60,85,128,5,17,55,135"/><W117/><G117/><T98/><D108/><U90/><E68/><V110/><F110/><W59/><G128/><T32/><D125/><U124/><E124/><V7/><F71/><W64/><G135/><T103/><D76/><U134/><E134/><V20/><F39/><W131/><G131/><T66/><D66/><U88/><E46/><V50/><F130/><W74/><G5/><T49/><D116/><U73/><E73/><V21/><F43/><N who="1" m="16425" /><E47/><V126/><F50/><W82/><G74/><T19/><D56/><U86/><E86/><V77/><F77/><W69/><G95/><T72/><D72/><U81/><E81/><V120/><F126/><W113/><G113/><T27/><D103/><U4/><E4/><V123/><N who="2" m="30720" /><DORA hai="36" /><V54/><F54/><W79/><G83/><T37/><D98/><U133/><E133/><V129/><F129/><W18/><REACH who="3" step="1"/><G23/><REACH who="3" ten="247,494,86,163" step="2"/><T89/><D22/><N who="2" m="8810" /><F84/><W38/><G38/><T51/><D37/><U65/><E26/><N who="2" m="18615" /><F91/><W57/><G57/><T2/><D89/><U112/><E112/><V114/><F114/><W67/><G67/><T34/><D44/><U115/><E65/><V94/><F94/><W118/><G118/><T70/><D70/><U62/><E115/><V63/><F63/><AGARI ba="0,1" hai="3,6,11,17,18,55,59,60,63,64,69,79,82,85" machi="63" ten="30,5800,0" yaku="1,1,7,1,52,1,53,0" doraHai="61,36" doraHaiUra="107,93" who="3" fromWho="2" sc="247,0,494,0,86,-58,163,68" /><INIT seed="7,1,0,0,4,53" ten="247,494,28,231" oya="3" hai0="111,127,2,101,69,21,23,118,50,11,89,48,65" hai1="105,92,93,134,62,102,64,116,126,121,83,129,32" hai2="3,29,122,77,99,90,110,45,133,63,135,41,57" hai3="10,88,14,100,12,36,25,27,20,59,94,5,109"/><W98/><G36/><T130/><D111/><U132/><E121/><V125/><F110/><W104/><G109/><T78/><D118/><U54/><E32/><V124/><F3/><W60/><G14/><T66/><D69/><U55/><E129/><V26/><F77/><W16/><G25/><T131/><D127/><U58/><E105/><V35/><F99/><W34/><G34/><T79/><D89/><U114/><E114/><V8/><F8/><W19/><G104/><T81/><D81/><U96/><E126/><V115/><F90/><W108/><G108/><T43/><D43/><U74/><E93/><V123/><F115/><W71/><G71/><T38/><D11/><U47/><E47/><V6/><F6/><W95/><G95/><T87/><D87/><U13/><E13/><V106/><F106/><W119/><G119/><T9/><D9/><U107/><E116/><V75/><F75/><W56/><G100/><T120/><D38/><U17/><E17/><N who="3" m="6730" /><G60/><T51/><D101/><U70/><E70/><V84/><F84/><W61/><G61/><T97/><D97/><U91/><E74/><V15/><F15/><W31/><AGARI ba="1,0" hai="5,10,12,20,27,31,56,59,88,94,98" m="6730" machi="31" ten="30,12000,1" yaku="8,1,52,2,54,2" doraHai="53" who="3" fromWho="3" sc="247,-41,494,-41,28,-41,231,123" owari="206,-19.0,453,55.0,-13,-51.0,354,15.0" /></mjloggm>