<mjloggm ver="2.3"><GO type="169" lobby="0"/><UN n0="%63%68%78%66%66" n1="%E9%AB%AD%E9%AF%A8" n2="%4B%69%74%61%6D%75%72%61" n3="%E5%86%AC%E9%A6%AC%E6%98%A5%E5%B8%8C" dan="18,16,17,17" rate="2244.76,2118.71,2156.61,2211.04" sx="M,M,F,M"/><TAIKYOKU oya="0"/><INIT seed="0,0,0,4,0,7" ten="250,250,250,250" oya="0" hai0="43,57,9,94,15,83,120,132,135,46,38,14,21" hai1="105,17,121,124,110,92,99,107,112,77,102,85,25" hai2="79,0,53,71,106,42,11,125,108,22,55,52,91" hai3="49,28,1,117,65,68,115,58,111,130,81,127,31"/><T35/><D35/><U36/><E36/><V104/><F71/><W18/><G115/><T59/><D120/><U45/><E121/><V32/><F32/><W72/><G117/><T116/><D116/><U60/><E112/><V44/><F108/><W63/><G1/><T87/><D94/><U93/><E110/><V23/><F125/><W101/><G101/><T84/><D21/><U119/><E124/><V39/><F79/><W70/><G49/><T64/><D15/><U134/><E134/><N who="0" m="51241" /><D64/><U12/><E25/><V51/><F39/><W61/><G65/><T95/><D95/><U33/><E33/><V78/><F78/><W75/><G127/><T2/><D2/><U129/><E119/><V29/><F91/><W89/><G89/><N who="0" m="51359" /><D87/><U74/><E74/><V118/><F118/><W30/><G81/><T97/><D97/><U54/><E92/><V40/><F29/><W82/><G82/><T62/><D62/><U10/><E60/><V88/><F88/><W96/><G96/><T98/><D98/><U128/><E77/><V6/><REACH who="2" step="1"/><F40/><REACH who="2" ten="250,250,240,250" step="2"/><W19/><G111/><T73/><D73/><U90/><E90/><V100/><F100/><W76/><G76/><T27/><D27/><U126/><E126/><V86/><F86/><W3/><G31/><T69/><D69/><U41/><E85/><V80/><F80/><W133/><G133/><T24/><D24/><U66/><E102/><V109/><F109/><W123/><G123/><T34/><D34/><U67/><E99/><V20/><AGARI ba="0,1" hai="0,6,11,20,22,23,42,44,51,52,53,55,104,106" machi="20" ten="30,12000,2" yaku="1,1,0,1,52,1,54,1,53,3" doraHai="7" doraHaiUra="16" who="2" fromWho="2" sc="250,-60,250,-30,240,130,250,-30" /><INIT seed="1,0,0,2,5,64" ten="190,220,370,220" oya="1" hai0="82,131,47,127,107,91,4,122,71,16,31,37,48" hai1="36,8,101,10,103,94,92,89,26,1,50,75,5" hai2="116,108,105,76,73,99,58,80,3,32,56,23,33" hai3="24,18,40,44,20,57,95,53,6,45,28,70,22"/><U121/><E36/><V54/><F116/><W17/><G6/><T120/><D37/><U30/><E121/><V19/><F3/><W68/><G28/><T55/><D107/><U97/><E75/><V111/><F105/><W85/><G85/><N who="0" m="50615" /><D4/><U110/><E110/><N who="2" m="42027" /><F99/><W130/><G130/><T114/><D114/><U109/><E109/><V11/><F11/><W12/><G95/><T67/><D31/><U87/><E50/><N who="2" m="30807" /><F58/><W135/><G135/><T98/><D98/><U90/><REACH who="1" step="1"/><E8/><REACH who="1" ten="190,210,370,220" step="2"/><V46/><F46/><W128/><G45/><T66/><D122/><U123/><E123/><V88/><F73/><W69/><G128/><T104/><D120/><U38/><E38/><V102/><F33/><AGARI ba="0,1" hai="1,5,10,26,30,33,87,89,90,92,94,97,101,103" machi="33" ten="30,2900,0" yaku="1,1,7,1,53,0" doraHai="64" doraHaiUra="115" who="1" fromWho="2" sc="190,0,210,39,370,-29,220,0" /><INIT seed="1,1,0,1,2,102" ten="190,249,341,220" oya="1" hai0="57,135,40,134,58,37,8,125,92,115,0,113,28" hai1="22,107,129,56,1,17,118,112,126,121,73,70,82" hai2="30,68,123,76,51,60,44,53,84,78,55,127,79" hai3="49,21,18,94,5,116,99,98,32,4,74,24,105"/><U6/><RYUUKYOKU type="yao9" ba="1,0" sc="190,0,249,0,341,0,220,0" hai1="1,6,17,22,56,70,73,82,107,112,118,121,126,129" /><INIT seed="1,2,0,2,3,3" ten="190,249,341,220" oya="1" hai0="97,49,0,130,34,110,85,76,67,55,72,120,115" hai1="20,16,15,59,124,12,109,57,52,58,4,77,48" hai2="54,69,36,82,132,108,119,95,64,42,26,14,80" hai3="38,51,126,93,23,121,11,60,131,37,92,123,6"/><U29/><E124/><V106/><F106/><W7/><G11/><T90/><D110/><U128/><E128/><V127/><F119/><W117/><G51/><T5/><D34/><U113/><E113/><V2/><F2/><W96/><G23/><T103/><D115/><U91/><E109/><V40/><F108/><W86/><G86/><T50/><D67/><U10/><E77/><V73/><F26/><W79/><G79/><T125/><D130/><U24/><REACH who="1" step="1"/><E91/><REACH who="1" ten="190,239,341,220" step="2"/><V1/><F127/><W30/><G126/><T99/><D125/><U28/><E28/><V68/><F132/><W100/><G30/><T129/><D129/><U70/><E70/><V61/><F69/><W88/><G131/><T41/><D76/><U111/><E111/><V39/><F68/><W81/><G88/><T98/><D120/><U43/><E43/><V102/><F42/><W18/><G121/><T35/><D72/><U116/><E116/><V8/><F40/><W19/><G117/><T94/><D103/><U62/><E62/><V45/><F61/><W63/><G123/><T21/><D41/><U107/><E107/><V101/><F73/><W114/><G100/><T105/><D105/><U17/><E17/><V53/><F102/><W66/><G114/><T56/><D35/><AGARI ba="2,1" hai="4,10,12,15,16,20,24,29,35,48,52,57,58,59" machi="35" ten="30,12000,1" yaku="1,1,7,1,52,1,54,2,53,0" doraHai="3" doraHaiUra="89" who="1" fromWho="0" sc="190,-126,239,136,341,0,220,0" /><INIT seed="1,3,0,0,4,36" ten="64,375,341,220" oya="1" hai0="27,91,88,122,114,21,43,17,29,115,132,3,75" hai1="13,120,92,116,31,111,12,76,16,51,46,101,128" hai2="28,30,41,105,87,59,5,129,47,119,112,125,81" hai3="94,73,18,32,19,45,106,7,14,66,15,48,22"/><U117/><E120/><V124/><F119/><W35/><G106/><T71/><D75/><U123/><E123/><V80/><F105/><W126/><G73/><T127/><D122/><U97/><E31/><V135/><F135/><W89/><G66/><T83/><D71/><U11/><E128/><V110/><F129/><W107/><G7/><T65/><D65/><U25/><E76/><V69/><F69/><W90/><G107/><T108/><D3/><U9/><E25/><V70/><F70/><W72/><G72/><T79/><D132/><U78/><E78/><V52/><F5/><W33/><G126/><N who="2" m="48745" /><F110/><W1/><G1/><T133/><D133/><U121/><E111/><V34/><F112/><W26/><G94/><T20/><D127/><U118/><E121/><V96/><F96/><W42/><REACH who="3" step="1"/><G26/><REACH who="3" ten="64,375,341,210" step="2"/><T4/><D4/><U57/><E118/><V113/><F81/><W44/><G44/><T64/><D64/><U62/><E117/><V100/><F113/><W37/><G37/><T54/><D108/><U38/><E38/><N who="2" m="21943" /><F100/><W58/><G58/><T50/><D114/><U67/><E116/><V103/><F103/><W2/><G2/><T23/><D115/><U6/><E46/><V68/><F68/><W85/><G85/><N who="0" m="48383" /><D54/><U104/><E104/><V53/><F53/><W93/><G93/><T82/><D82/><U56/><E56/><V102/><F102/><W63/><G63/><T0/><D0/><U74/><E74/><V130/><F130/><W77/><G77/><T86/><D86/><U55/><E67/><V109/><F109/><W49/><G49/><AGARI ba="3,1" hai="6,9,11,12,13,16,49,51,55,57,62,92,97,101" machi="49" ten="40,7700,0" yaku="6,1,8,1,54,1" doraHai="36" who="1" fromWho="3" sc="64,0,375,96,341,0,210,-86" /><INIT seed="1,4,0,2,1,16" ten="64,471,341,124" oya="1" hai0="14,89,18,28,135,59,128,101,15,44,23,52,99" hai1="54,60,120,27,37,97,38,30,90,43,118,132,39" hai2="78,107,94,123,9,3,98,127,103,6,133,121,31" hai3="87,42,51,0,7,71,129,117,93,86,75,25,2"/><U10/><E120/><V24/><F133/><W88/><G71/><T57/><D128/><U69/><E118/><V50/><F127/><W1/><G75/><T33/><D135/><U72/><E72/><V34/><F94/><W8/><G129/><T130/><D130/><U112/><E112/><V56/><F56/><W102/><G117/><T64/><D33/><U35/><E10/><V110/><F50/><W11/><G102/><T45/><D28/><U58/><E69/><V62/><F110/><W84/><G25/><T92/><D101/><U73/><E73/><V36/><F78/><W76/><G76/><T22/><D59/><U91/><E43/><V79/><F79/><W49/><G42/><T17/><D64/><U67/><E132/><V20/><F62/><AGARI ba="4,0" hai="14,15,17,18,22,23,44,45,52,57,62,89,92,99" machi="62" ten="30,12000,2" yaku="7,1,9,1,8,1,52,2,54,1" doraHai="16" who="0" fromWho="2" sc="64,132,471,0,341,-132,124,0" /><INIT seed="2,0,0,3,2,70" ten="196,471,209,124" oya="2" hai0="1,59,103,3,41,89,126,69,36,55,123,28,26" hai1="88,93,129,92,117,99,113,80,77,91,94,33,63" hai2="24,65,101,75,2,131,45,120,46,87,23,119,72" hai3="102,44,134,115,104,111,121,39,13,85,86,48,9"/><V47/><F119/><W122/><G111/><T34/><D126/><U42/><E33/><V82/><F120/><W58/><G134/><T107/><D123/><U43/><E117/><V16/><F131/><W4/><G115/><T130/><D130/><U109/><E109/><V52/><F2/><W35/><G35/><T68/><D89/><U20/><E113/><V56/><F65/><W106/><G85/><T21/><D21/><U37/><E63/><V51/><REACH who="2" step="1"/><F101/><REACH who="2" ten="196,471,199,124" step="2"/><W22/><G102/><T12/><D3/><U40/><E129/><V133/><F133/><W114/><G114/><T30/><D1/><U38/><E99/><V32/><F32/><W8/><G122/><T105/><D103/><U97/><E97/><V17/><F17/><W11/><G121/><T50/><D30/><U57/><E20/><V49/><F49/><W10/><G22/><T108/><D108/><U118/><E118/><V128/><F128/><W6/><G4/><T5/><D5/><U112/><E112/><V132/><F132/><W73/><G9/><T25/><D28/><U71/><E71/><V74/><F74/><W62/><G73/><T116/><D34/><U124/><E124/><V31/><F31/><W95/><G10/><T18/><D116/><U100/><E100/><V76/><AGARI ba="0,1" hai="16,23,24,45,46,47,51,52,56,72,75,76,82,87" machi="76" ten="30,12000,1" yaku="1,1,0,1,54,2,53,1" doraHai="70" doraHaiUra="78" who="2" fromWho="2" sc="196,-40,471,-40,199,130,124,-40" /><INIT seed="2,1,0,5,0,116" ten="156,431,329,84" oya="2" hai0="4,110,72,33,131,85,87,70,50,9,93,3,38" hai1="54,64,13,61,133,39,26,66,127,100,126,1,21" hai2="49,83,90,68,95,78,56,43,123,62,111,41,71" hai3="113,15,6,80,135,109,91,94,25,114,117,128,77"/><V99/><F111/><W10/><G117/><T5/><D38/><U119/><E1/><V29/><F29/><W30/><G109/><T112/><D72/><U92/><E39/><V108/><F108/><W7/><G128/><T22/><D33/><U37/><E37/><V69/><F49/><W45/><G135/><T74/><D74/><U59/><E133/><V120/><F43/><W67/><G67/><T51/><D70/><U75/><E75/><V46/><F46/><W16/><G45/><T122/><D110/><U82/><E82/><V106/><F41/><W19/><G19/><T121/><D22/><U81/><E81/><V88/><F106/><W84/><G113/><T105/><D105/><U8/><E92/><V23/><F23/><W36/><G114/><T32/><D32/><U79/><E79/><V27/><F27/><W28/><G36/><T96/><D112/><U0/><E100/><V104/><F90/><W40/><G40/><T55/><D5/><N who="1" m="3215" /><E0/><V101/><F83/><W47/><G47/><T118/><D51/><U44/><E44/><V132/><F78/><W102/><G102/><T65/><D65/><N who="1" m="25195" /><E119/><V98/><REACH who="2" step="1"/><F132/><REACH who="2" ten="156,431,319,84" step="2"/><W34/><REACH who="3" step="1"/><G30/><REACH who="3" ten="156,431,319,74" step="2"/><T60/><D118/><U125/><E26/><V130/><F130/><W20/><G20/><AGARI ba="1,2" hai="20,21,54,59,61,125,126,127" m="25195,3215" machi="20" ten="40,1300,0" yaku="18,1" doraHai="116" who="1" fromWho="3" sc="156,0,431,36,319,0,74,-16" /><INIT seed="3,0,0,1,0,43" ten="156,467,319,58" oya="3" hai0="115,24,96,117,106,51,70,93,74,100,13,5,98" hai1="56,97,114,65,76,83,25,45,116,52,55,26,122" hai2="28,3,104,46,119,134,12,92,34,22,123,30,4" hai3="129,54,66,133,47,128,2,15,49,101,85,39,31"/><W61/><G2/><T37/><D37/><U23/><E114/><V6/><F104/><W10/><G31/><T135/><D135/><U36/><E122/><V20/><F119/><W79/><G101/><T50/><D74/><U11/><E65/><V99/><F134/><W121/><G133/><T130/><D70/><U14/><E97/><V90/><F123/><W48/><G121/><T62/><D117/><U41/><E23/><V68/><F68/><W63/><G39/><T103/><D130/><N who="3" m="50281" /><G66/><T44/><D62/><N who="3" m="23561" /><G49/><T18/><D51/><U16/><E116/><V102/><F3/><W60/><N who="3" m="23569" /><W87/><DORA hai="88" /><G79/><T77/><D77/><U40/><E40/><V132/><F132/><W35/><G35/><T94/><D115/><U95/><E55/><V91/><F34/><W29/><G29/><T124/><D124/><U125/><E125/><V53/><F30/><W84/><G87/><T19/><D106/><U9/><E9/><V32/><F32/><W69/><G69/><T58/><D58/><U75/><E95/><N who="2" m="58751" /><F28/><W21/><G21/><T80/><D80/><U57/><E57/><V1/><F1/><W111/><G111/><T72/><D72/><U7/><E7/><AGARI ba="0,0" hai="7,10,15,47,48,54,84,85" m="23569,50281" machi="7" ten="40,3900,0" yaku="19,1,52,1" doraHai="43,88" who="3" fromWho="1" sc="156,0,467,-39,319,0,58,39" /><INIT seed="3,1,0,5,0,106" ten="156,428,319,97" oya="3" hai0="16,117,12,96,40,81,72,17,71,36,83,67,121" hai1="135,15,61,93,98,62,94,134,111,116,110,100,118" hai2="63,126,42,37,69,25,38,73,14,79,124,113,29" hai3="20,5,2,35,53,107,58,108,18,47,122,23,131"/><W43/><G122/><T6/><D117/><N who="1" m="45163" /><E15/><V21/><F113/><W77/><G107/><T64/><D64/><U45/><BYE who="0" /><E45/><V49/><F49/><W41/><G35/><T44/><D44/><U128/><E128/><V85/><F85/><W123/><G123/><T9/><D9/><U39/><E39/><V86/><F86/><W56/><G131/><T30/><D30/><U57/><E93/><V129/><F129/><W46/><G108/><N who="1" m="41514" /><E62/><V97/><F97/><W8/><G46/><UN n0="%63%68%78%66%66" /><T34/><D121/><U11/><E11/><V65/><F14/><W91/><G43/><T127/><D81/><U112/><E112/><V24/><F42/><W102/><G41/><T130/><D96/><U27/><E27/><V59/><F25/><W115/><G115/><T26/><D17/><U119/><N who="1" m="45171" /><U10/><DORA hai="74" /><E10/><V82/><REACH who="2" step="1"/><F59/><REACH who="2" ten="156,428,309,97" step="2"/><W78/><G58/><T32/><D40/><U125/><E125/><AGARI ba="1,1" hai="21,24,29,37,38,63,65,69,73,79,82,124,125,126" machi="125" ten="40,16000,3" yaku="1,1,2,1,18,1,52,2,53,3" doraHai="106,74" doraHaiUra="0,132" who="2" fromWho="1" sc="156,0,428,-163,309,173,97,0" /><INIT seed="4,0,0,1,0,12" ten="156,265,482,97" oya="0" hai0="66,34,123,61,24,101,73,108,51,4,113,63,40" hai1="43,95,86,52,88,55,74,84,121,71,25,7,134" hai2="72,48,75,20,124,107,70,6,29,39,3,99,93" hai3="98,32,0,94,80,1,53,114,125,78,87,10,5"/><T56/><D123/><U23/><E134/><V110/><F39/><W119/><G114/><T59/><D113/><U77/><E121/><V17/><F110/><W62/><G125/><T45/><D73/><U64/><E74/><V83/><F107/><W127/><G127/><T109/><D4/><U13/><E43/><V104/><F104/><W9/><G32/><T117/><D101/><U58/><E71/><V106/><F106/><W26/><G119/><T37/><D117/><U82/><E13/><V92/><F70/><W31/><G0/><T46/><D24/><U41/><E41/><V97/><F29/><W60/><G10/><T18/><D34/><U102/><E102/><V81/><F48/><W116/><G116/><T65/><D18/><N who="1" m="12535" /><E7/><V69/><F69/><W11/><G11/><T118/><D118/><U133/><E133/><V16/><F6/><W85/><G26/><T105/><D105/><U36/><E36/><V57/><F124/><W67/><G31/><T79/><D79/><U100/><E100/><V30/><F30/><W122/><G122/><T35/><D35/><U49/><E55/><AGARI ba="0,0" hai="37,40,45,46,51,55,56,59,61,63,65,66,108,109" machi="55" ten="40,12000,1" yaku="9,1,34,3" doraHai="12" who="0" fromWho="1" sc="156,120,265,-120,482,0,97,0" /><INIT seed="4,1,0,0,0,24" ten="276,145,482,97" oya="0" hai0="62,101,14,51,72,103,108,115,87,35,124,43,10" hai1="50,0,21,106,22,28,13,5,30,80,15,12,126" hai2="84,74,120,19,27,91,105,58,8,93,129,127,134" hai3="78,29,113,2,61,94,4,39,3,31,68,48,69"/><T9/><D72/><U77/><E106/><V73/><F120/><W45/><G39/><T128/><D115/><U79/><E77/><V33/><F105/><W97/><G78/><T63/><D124/><U67/><E67/><V109/><F109/><W54/><G113/><T95/><D35/><U6/><E126/><V38/><F38/><W56/><G68/><T20/><D20/><N who="1" m="7787" /><E50/><V107/><F107/><W57/><G69/><T110/><D51/><U96/><E96/><V100/><F100/><W130/><G130/><T17/><D43/><U131/><E131/><V121/><F121/><W49/><G3/><T32/><D32/><U46/><E46/><V44/><F44/><W83/><G2/><T59/><D128/><U132/><E132/><V41/><F41/><W26/><G4/><N who="1" m="1642" /><E0/><V66/><F66/><W104/><G83/><T40/><D40/><U102/><E102/><V85/><F134/><W123/><G104/><T117/><D103/><U92/><E92/><V71/><F93/><W18/><G123/><T7/><D101/><U60/><E60/><V75/><F71/><W76/><G76/><T42/><D42/><U114/><E114/><V25/><F129/><W111/><G45/><T11/><D63/><U23/><N who="1" m="7795" /><U53/><DORA hai="88" /><E53/><V55/><F55/><N who="3" m="33983" /><G49/><T98/><D62/><U16/><E16/><V86/><F127/><W65/><G65/><T119/><D17/><U122/><E122/><V89/><F75/><W82/><G82/><T90/><D108/><U118/><E118/><V133/><F74/><W81/><G111/><T70/><D110/><RYUUKYOKU ba="1,0" sc="276,-10,145,30,482,-10,97,-10" hai1="12,13,15,28,30,79,80" /><INIT seed="5,2,0,3,3,94" ten="266,175,472,87" oya="1" hai0="39,30,132,131,134,80,29,16,26,116,104,28,64" hai1="114,23,109,96,103,70,53,60,115,61,54,81,13" hai2="124,10,56,27,127,14,1,25,97,87,83,117,68" hai3="36,128,89,122,58,101,40,82,20,77,120,6,47"/><U73/><E109/><V59/><F68/><W86/><G128/><T21/><D116/><U93/><E73/><V17/><F117/><W126/><G126/><N who="2" m="48169" /><F1/><W75/><G20/><T133/><D39/><U55/><E81/><V95/><F59/><W11/><G58/><T31/><D64/><U107/><E70/><V129/><F56/><W119/><G119/><T108/><D80/><U9/><E23/><V72/><F72/><W99/><G89/><T8/><D104/><U106/><E106/><V18/><F18/><W5/><G86/><T35/><D108/><U2/><E107/><V110/><F129/><W49/><G49/><T32/><D131/><U57/><E2/><V33/><F33/><W118/><G118/><T0/><N who="0" m="7168" /><DORA hai="85" /><T84/><REACH who="0" step="1"/><D84/><REACH who="0" ten="256,175,472,87" step="2"/><U45/><E61/><V66/><F66/><W44/><G44/><T51/><D51/><U62/><E45/><V65/><F65/><W3/><REACH who="3" step="1"/><G6/><AGARI ba="2,1" hai="0,6,8,16,21,26,32,35,132,133,134" m="7168" machi="6" ten="60,12000,2" yaku="1,1,20,1,34,3,54,1,53,1" doraHai="94,85" doraHaiUra="22,113" who="0" fromWho="3" sc="256,136,175,0,472,0,87,-126" owari="392,19.0,175,-22.0,472,57.0,-39,-54.0" /></mjloggm>