<mjloggm ver="2.3"><GO type="169" lobby="0"/><UN n0="%E6%98%8E%E6%98%9F%E5%B8%82%E6%B0%91" n1="%E3%82%82%E3%82%8A%E3%82%82%E3%82%8A%E3%81%8A%E3%81%AB%E3%81%8E%E3%82%8A" n2="%E3%82%AD%E3%83%AA%E3%83%B3%E3%83%AA%E3%82%AD%E5%BF%AB" n3="%E9%AB%98%E6%A9%8B%E6%B7%B3" dan="16,16,16,16" rate="2197.13,2142.78,2113.05,2123.03" sx="M,M,M,M"/><TAIKYOKU oya="0"/><INIT seed="0,0,0,1,1,88" ten="250,250,250,250" oya="0" hai0="24,25,134,59,84,96,21,83,41,90,94,39,12" hai1="8,103,35,131,105,5,20,121,128,71,2,113,64" hai2="114,126,42,87,74,46,104,122,47,89,70,48,22" hai3="49,31,34,86,120,33,118,36,28,109,27,45,102"/><T100/><D134/><U44/><E121/><V38/><F122/><W29/><G120/><T107/><D39/><U60/><E20/><V54/><F114/><W117/><G36/><T106/><D41/><U97/><E113/><V53/><F126/><W6/><G109/><T77/><D59/><U40/><REACH who="1" step="1"/><E35/><REACH who="1" ten="250,240,250,250" step="2"/><V0/><F22/><W76/><G34/><T82/><D25/><U124/><E124/><V7/><F38/><AGARI ba="0,1" hai="2,5,8,38,40,44,60,64,71,97,103,105,128,131" machi="38" ten="40,8000,1" yaku="1,1,23,2,53,1" doraHai="88" doraHaiUra="57" who="1" fromWho="2" sc="250,0,240,90,250,-80,250,0" /><INIT seed="1,0,0,3,1,30" ten="250,330,170,250" oya="1" hai0="24,56,115,90,91,39,26,96,98,25,53,16,123" hai1="17,45,111,73,130,110,55,36,78,84,97,101,127" hai2="106,83,114,43,129,2,87,67,44,116,65,19,120" hai3="117,8,74,71,46,14,58,6,22,112,54,3,133"/><U4/><E127/><V5/><F116/><W77/><G71/><T66/><D39/><U102/><E73/><V94/><F120/><W93/><G112/><T59/><D66/><U31/><E130/><V47/><F106/><W48/><G133/><T125/><D125/><U119/><E119/><V34/><F129/><W37/><G117/><T124/><D124/><U103/><E4/><V85/><F114/><W42/><G93/><T121/><D115/><U70/><E70/><V86/><F34/><W79/><G79/><T95/><D16/><U0/><E0/><V108/><F108/><N who="1" m="41513" /><E31/><V51/><F2/><W76/><G76/><T29/><D29/><U81/><E17/><V135/><F5/><W52/><G54/><T128/><D53/><U18/><E18/><V35/><F35/><W131/><G131/><T107/><D128/><U50/><E36/><V60/><F19/><W49/><G22/><T32/><D32/><U7/><E7/><V105/><F135/><W62/><REACH who="3" step="1"/><G14/><REACH who="3" ten="250,330,170,240" step="2"/><T20/><D20/><U89/><E78/><V118/><F118/><W63/><G63/><T72/><D95/><AGARI ba="0,1" hai="45,50,55,81,84,89,95,97,101,102,103" m="41513" machi="95" ten="30,2900,0" yaku="14,1,10,1" doraHai="30" who="1" fromWho="0" sc="250,-29,330,39,170,0,240,0" /><INIT seed="1,1,0,2,4,40" ten="221,369,170,240" oya="1" hai0="51,55,122,60,118,38,101,135,44,83,36,126,133" hai1="46,96,35,89,112,120,32,79,7,121,2,109,84" hai2="23,127,10,34,30,0,21,54,104,90,107,63,114" hai3="59,58,81,29,110,11,43,80,115,69,119,31,3"/><U111/><E112/><V131/><F114/><W92/><G115/><T93/><D118/><U134/><E79/><V100/><F131/><W19/><G69/><T33/><D33/><N who="1" m="12875" /><E96/><V68/><F127/><W78/><G81/><T57/><D83/><U8/><E134/><N who="0" m="51209" /><D126/><U62/><E62/><V103/><F90/><W102/><G59/><T76/><D76/><U97/><E97/><V108/><F108/><N who="1" m="41545" /><E46/><V74/><F34/><W15/><G78/><T48/><D93/><AGARI ba="1,0" hai="2,7,8,84,89,93,120,121" m="41545,12875" machi="93" ten="30,2900,0" yaku="14,1,10,1" doraHai="40" who="1" fromWho="0" sc="221,-32,369,32,170,0,240,0" /><INIT seed="1,2,0,0,3,105" ten="189,401,170,240" oya="1" hai0="66,119,83,52,88,29,134,78,128,13,95,17,85" hai1="125,6,4,0,28,23,122,71,111,89,11,60,132" hai2="91,129,75,59,68,64,93,106,130,116,112,123,33" hai3="103,46,32,5,102,86,7,2,41,45,121,44,79"/><U9/><E122/><V107/><F59/><W62/><G32/><T49/><D128/><N who="2" m="49258" /><F64/><W39/><G121/><T92/><D134/><U42/><E132/><V101/><F68/><W113/><G113/><T94/><D119/><U82/><E125/><V127/><F33/><W70/><G39/><T50/><D29/><U16/><E28/><V133/><F123/><W30/><G30/><T57/><D49/><U56/><E71/><V117/><F133/><W63/><G41/><T12/><D66/><U61/><E42/><V19/><F19/><W8/><G5/><T31/><D31/><U14/><E111/><V43/><F43/><W114/><G114/><T97/><D12/><U109/><E109/><V96/><F127/><W99/><G102/><T65/><D65/><U34/><E34/><V115/><F75/><W37/><G37/><T131/><D131/><U84/><REACH who="1" step="1"/><E56/><REACH who="1" ten="189,391,170,240" step="2"/><V120/><F120/><W36/><G70/><T124/><D124/><U35/><E35/><V69/><F69/><W21/><G36/><T25/><D25/><AGARI ba="2,1" hai="0,4,6,9,11,14,16,23,25,60,61,82,84,89" machi="25" ten="30,11600,0" yaku="1,1,7,1,54,1,53,1" doraHai="105" doraHaiUra="80" who="1" fromWho="0" sc="189,-122,391,132,170,0,240,0" /><INIT seed="1,3,0,0,5,58" ten="67,523,170,240" oya="1" hai0="6,69,28,53,76,75,98,122,10,100,110,97,77" hai1="80,78,85,63,135,43,118,15,119,2,81,108,35" hai2="9,39,27,30,52,111,127,47,132,92,74,96,82" hai3="4,42,44,48,0,120,54,114,101,67,21,26,51"/><U109/><E2/><V40/><F111/><N who="1" m="42569" /><E35/><V126/><F132/><W79/><G101/><T87/><D69/><U50/><E15/><V19/><F19/><W73/><G67/><T8/><D28/><U116/><E43/><V20/><F9/><W1/><G4/><T32/><D32/><U55/><E135/><V22/><F22/><W95/><G95/><T94/><D53/><U7/><E7/><V11/><F11/><W41/><G41/><T99/><D10/><U112/><E112/><V45/><F82/><W13/><G13/><T56/><D56/><N who="1" m="35231" /><E50/><V34/><F34/><W117/><G51/><T64/><D8/><U49/><E49/><V23/><F23/><W60/><G48/><T29/><D6/><U86/><E118/><V17/><F20/><W46/><G21/><T91/><D29/><U134/><E134/><V12/><F30/><W121/><G42/><T24/><D24/><U59/><E59/><V16/><F27/><W107/><G26/><T36/><D110/><U84/><E84/><V83/><F12/><W65/><G114/><T129/><D36/><U72/><E72/><V88/><F17/><W113/><G73/><T62/><D75/><U71/><E71/><V18/><F16/><W90/><G113/><T115/><D115/><U70/><E70/><V68/><F18/><W105/><G117/><T130/><D87/><U125/><E125/><N who="2" m="47627" /><F68/><W5/><G0/><T3/><D3/><U124/><E124/><V102/><F74/><W14/><G1/><T33/><D33/><U131/><E131/><V106/><F40/><W61/><G14/><RYUUKYOKU ba="3,0" sc="67,-10,523,30,170,-10,240,-10" hai1="78,80,81,85,86,116,119" /><INIT seed="1,4,0,0,0,80" ten="57,553,160,230" oya="1" hai0="82,57,88,112,116,31,33,84,90,5,37,46,48" hai1="18,41,118,104,95,8,45,59,13,93,87,65,19" hai2="25,74,100,32,78,68,124,69,127,2,30,54,114" hai3="27,131,134,81,6,113,9,28,77,55,135,102,64"/><U121/><E121/><V15/><F2/><W105/><G113/><T67/><D116/><U73/><E73/><V12/><F114/><W47/><G64/><T1/><D112/><U39/><E104/><V66/><F100/><W14/><G131/><T44/><D5/><U4/><E118/><V52/><F78/><W86/><G55/><N who="2" m="21033" /><F74/><W110/><G47/><T51/><D1/><U129/><E129/><V128/><F128/><W36/><G36/><T123/><D33/><U20/><E18/><V26/><F26/><W17/><G110/><T108/><D31/><U92/><E65/><V71/><F66/><W24/><G24/><T70/><D108/><U89/><REACH who="1" step="1"/><E59/><REACH who="1" ten="57,543,160,230" step="2"/><V53/><F68/><W61/><G17/><T38/><D70/><U111/><E111/><V3/><F69/><W132/><G105/><T63/><D123/><U96/><E96/><V56/><F71/><W122/><G122/><T29/><D29/><U85/><E85/><V115/><F115/><W109/><G86/><N who="0" m="50519" /><D37/><U76/><E76/><V22/><F56/><W49/><G77/><T120/><D38/><U35/><E35/><V10/><F32/><W106/><G28/><T50/><D120/><U99/><E99/><V21/><F30/><W16/><G106/><T23/><D23/><U119/><E119/><V101/><F21/><W11/><G109/><T42/><D46/><U83/><E83/><AGARI ba="4,1" hai="42,44,48,50,51,57,63,67,83,84,88" m="50519" machi="83" ten="30,7700,0" yaku="8,1,52,2,54,1" doraHai="80" who="0" fromWho="1" sc="57,99,543,-89,160,0,230,0" /><INIT seed="2,0,0,0,4,110" ten="156,454,160,230" oya="2" hai0="94,20,121,45,116,48,97,12,126,85,2,63,13" hai1="18,9,82,91,6,53,8,106,15,19,10,60,132" hai2="125,134,41,29,56,70,87,102,84,129,107,27,1" hai3="118,5,42,135,51,89,68,30,50,79,44,113,22"/><V40/><F70/><W34/><G118/><T77/><D2/><U109/><E106/><V128/><F1/><W62/><G34/><T131/><D121/><U76/><E132/><V123/><F123/><W25/><G5/><T61/><D131/><N who="2" m="50250" /><F134/><W98/><G79/><T66/><D126/><U93/><E109/><V133/><F133/><W114/><G135/><T35/><D35/><U90/><E19/><V120/><F120/><W81/><G50/><T73/><D73/><U100/><E100/><V92/><F107/><W33/><G22/><T103/><D20/><U58/><E6/><V36/><F56/><W16/><G16/><T46/><D116/><U57/><E57/><V75/><F75/><W83/><G98/><T80/><D45/><U55/><E55/><V119/><F119/><W21/><G33/><T101/><D101/><U95/><E95/><V0/><F0/><W78/><G89/><N who="1" m="33802" /><E93/><V108/><F108/><W14/><G14/><N who="0" m="5739" /><D66/><U4/><E4/><V112/><F92/><W3/><G3/><T105/><D105/><U72/><E72/><V17/><F102/><W71/><G71/><T59/><D59/><U127/><E127/><V11/><F125/><W69/><G69/><T24/><D24/><U115/><E10/><V32/><F11/><W54/><G68/><T43/><AGARI ba="0,0" hai="43,46,48,61,63,77,80,85,94,97,103" m="5739" machi="43" ten="30,1100,0" yaku="8,1" doraHai="110" who="0" fromWho="0" sc="156,11,454,-3,160,-5,230,-3" /><INIT seed="3,0,0,5,4,9" ten="167,451,155,227" oya="3" hai0="3,34,134,33,89,58,0,56,91,4,50,38,16" hai1="77,109,127,46,96,24,113,97,131,61,116,123,74" hai2="7,64,63,25,18,73,23,57,6,71,69,59,29" hai3="122,40,110,118,11,60,41,94,2,101,22,67,126"/><W31/><G118/><T106/><D38/><U37/><E123/><V133/><F133/><W47/><G122/><T119/><D106/><U36/><E113/><V92/><F73/><W111/><G126/><T112/><D119/><U124/><E116/><V10/><F57/><N who="3" m="37263" /><G2/><T14/><D134/><U19/><E77/><V104/><F104/><W107/><G11/><T84/><D89/><U65/><E74/><V62/><F92/><W83/><G83/><T54/><D58/><U17/><E61/><V95/><F95/><W52/><G107/><T125/><D125/><U28/><E65/><V79/><F79/><W99/><G52/><T117/><D112/><U8/><E8/><V121/><F121/><W45/><G45/><T15/><D117/><U32/><E46/><V53/><REACH who="2" step="1"/><F71/><REACH who="2" ten="167,451,145,227" step="2"/><W120/><G120/><T132/><D132/><U85/><E127/><V1/><F1/><W88/><G94/><N who="0" m="54631" /><D0/><U114/><E124/><V72/><F72/><W26/><G99/><T135/><D3/><U87/><E97/><V76/><F76/><W130/><G101/><T103/><D103/><U93/><E96/><V27/><F27/><W129/><G88/><T44/><D135/><U48/><E93/><V105/><F105/><W39/><G40/><T20/><D44/><U12/><E87/><V81/><F81/><W80/><G80/><T86/><D86/><U98/><E85/><V108/><F108/><AGARI ba="0,1" hai="22,26,31,39,41,47,108,110,111,129,130" m="37263" machi="108" ten="30,2900,0" yaku="14,1,10,1" doraHai="9" who="3" fromWho="2" sc="167,0,451,0,145,-29,227,39" /><INIT seed="3,1,0,5,2,4" ten="167,451,116,266" oya="3" hai0="117,48,135,59,57,122,5,42,86,31,123,111,99" hai1="79,93,13,69,134,40,116,112,49,98,67,90,127" hai2="17,52,64,130,47,6,56,92,94,46,75,14,120" hai3="34,105,63,126,2,118,103,132,121,21,73,104,61"/><W102/><G34/><T96/><D117/><U58/><E112/><V53/><F130/><W77/><G2/><T54/><D111/><U29/><E127/><V16/><F75/><W60/><G118/><T0/><D31/><U55/><E134/><V65/><F6/><W133/><G21/><T107/><D135/><N who="3" m="51785" /><G126/><T18/><D42/><U101/><E29/><V71/><F71/><W50/><G50/><T128/><D128/><U35/><E35/><V3/><F3/><W109/><G121/><T37/><D37/><U108/><E108/><V91/><F120/><W68/><G68/><T25/><D107/><N who="3" m="41033" /><G109/><T51/><D0/><U19/><E40/><V125/><F125/><W7/><G7/><T129/><D5/><U82/><E116/><V28/><F28/><W95/><G95/><T80/><D129/><U36/><E36/><V12/><F91/><W87/><G87/><T76/><D123/><U10/><E69/><V24/><REACH who="2" step="1"/><F56/><REACH who="2" ten="167,451,106,266" step="2"/><W70/><G70/><T8/><D122/><U9/><E90/><V110/><F110/><W106/><G73/><T30/><D30/><U32/><E32/><V1/><F1/><W89/><G89/><T83/><D57/><U66/><REACH who="1" step="1"/><E10/><REACH who="1" ten="167,441,106,266" step="2"/><V74/><F74/><AGARI ba="1,2" hai="9,13,19,49,55,58,66,67,74,79,82,93,98,101" machi="74" ten="30,7700,0" yaku="1,1,2,1,7,1,52,1,53,0" doraHai="4" doraHaiUra="113" who="1" fromWho="2" sc="167,0,441,100,106,-80,266,0" /><INIT seed="4,0,0,2,1,43" ten="167,541,26,266" oya="0" hai0="36,68,67,40,56,52,72,128,57,84,62,99,119" hai1="132,45,133,53,48,8,34,19,22,89,28,0,30" hai2="126,29,73,23,80,105,16,106,4,107,87,1,104" hai3="75,116,59,3,77,121,12,35,51,130,61,111,69"/><T81/><D72/><U18/><E34/><V134/><N who="2" m="26624" /><DORA hai="88" /><V83/><F134/><W47/><G12/><T90/><D99/><U60/><E0/><V135/><F135/><W63/><G77/><T27/><D27/><U71/><E8/><V86/><F126/><W7/><G7/><T74/><D74/><U70/><E19/><V117/><F117/><W113/><G61/><T118/><D128/><U125/><E125/><V97/><F29/><W66/><G59/><T115/><D57/><U94/><E71/><V54/><F97/><W10/><G10/><T85/><D85/><U78/><E78/><V108/><F108/><W124/><G63/><T91/><D91/><U109/><E109/><V120/><F120/><W95/><G3/><T11/><D115/><U49/><E70/><V26/><F54/><W92/><G69/><T6/><D11/><U38/><E60/><V55/><F1/><W42/><G35/><T25/><D25/><U15/><E38/><V102/><F102/><W100/><G100/><T33/><D33/><U129/><E129/><V50/><F4/><W112/><G75/><T20/><D20/><U101/><E101/><V96/><F96/><W24/><G112/><T44/><D6/><U131/><E131/><V14/><F26/><W31/><G24/><T127/><D127/><U9/><E22/><V114/><F114/><W58/><G113/><T123/><D123/><U76/><E133/><V93/><F73/><W79/><G121/><T98/><D98/><U110/><E132/><V65/><F23/><W82/><G124/><T122/><D122/><RYUUKYOKU ba="0,0" sc="167,30,541,-10,26,-10,266,-10" hai0="36,40,44,52,56,62,67,68,81,84,90,118,119" /><INIT seed="4,1,0,4,2,42" ten="197,531,16,256" oya="0" hai0="17,122,45,80,121,12,4,116,54,124,28,35,33" hai1="26,68,52,30,9,67,105,47,53,93,128,59,7" hai2="56,89,25,48,49,51,125,10,81,13,8,79,100" hai3="96,3,111,65,11,41,31,104,90,21,109,134,118"/><T108/><D116/><U103/><E128/><V19/><F125/><W83/><G65/><T127/><D80/><U120/><E105/><V87/><F100/><W57/><G57/><T85/><D85/><U129/><E68/><V86/><F25/><W102/><G21/><T15/><D54/><U46/><E129/><V27/><F27/><W106/><G31/><T91/><D91/><U84/><E67/><V94/><REACH who="2" step="1"/><F8/><REACH who="2" ten="197,531,6,256" step="2"/><W126/><G11/><N who="0" m="4199" /><D108/><U44/><E120/><N who="0" m="46185" /><D28/><U0/><E103/><V97/><F97/><W71/><G96/><T117/><D117/><U74/><E30/><V123/><F123/><W69/><G102/><T37/><D37/><U22/><E9/><V110/><F110/><W66/><G118/><T114/><D114/><U62/><E26/><V107/><F107/><W23/><G106/><T24/><D24/><U92/><E92/><V95/><F95/><W70/><G104/><T63/><D35/><U115/><E93/><V1/><F1/><W64/><G3/><T99/><D33/><U73/><E115/><V135/><F135/><W2/><G134/><T72/><D99/><U61/><E61/><V133/><F133/><W78/><G2/><T34/><D63/><U88/><E62/><V20/><F20/><W36/><G23/><N who="0" m="11711" /><D34/><U6/><E22/><V131/><F131/><W119/><G119/><T58/><D127/><U55/><E0/><V112/><F112/><W32/><G126/><T77/><D124/><U76/><E74/><V39/><F39/><W130/><G32/><T18/><D72/><U5/><E73/><V132/><F132/><RYUUKYOKU ba="1,1" sc="197,-10,531,-10,6,30,256,-10" hai2="10,13,19,48,49,51,56,79,81,86,87,89,94" /><INIT seed="5,2,1,2,2,73" ten="187,521,36,246" oya="1" hai0="102,133,53,20,52,82,34,103,55,121,48,31,114" hai1="99,112,56,132,134,78,11,89,66,95,28,29,15" hai2="110,14,126,26,88,106,60,7,1,42,98,72,37" hai3="27,108,9,122,0,24,25,35,85,68,69,93,45"/><U58/><E112/><V91/><F110/><W131/><G35/><T120/><D34/><U49/><E78/><V101/><F126/><W17/><G45/><T50/><D133/><N who="1" m="51307" /><E66/><V86/><F72/><W130/><G93/><T57/><D82/><U77/><E77/><V3/><F91/><W76/><G17/><T22/><D31/><N who="1" m="11851" /><E49/><N who="0" m="19049" /><D57/><U83/><E83/><V96/><F26/><W43/><G25/><T117/><D117/><U16/><AGARI ba="2,1" hai="11,15,16,56,58,89,95,99" m="11851,51307" machi="16" ten="30,3000,0" yaku="20,1,54,1" doraHai="73" who="1" fromWho="1" sc="187,-12,521,46,36,-12,246,-12" /><INIT seed="5,3,0,5,3,75" ten="175,567,24,234" oya="1" hai0="116,12,0,66,77,103,24,95,73,80,71,81,72" hai1="60,92,49,82,21,26,123,78,117,87,10,58,20" hai2="86,1,134,97,61,46,59,102,22,129,124,25,63" hai3="122,33,32,128,104,125,50,94,79,30,56,11,53"/><U52/><E117/><V13/><F1/><W127/><G104/><T34/><D0/><U132/><E123/><V31/><F134/><W74/><G30/><T27/><D34/><U101/><E132/><V48/><F129/><W6/><G94/><T109/><D109/><U106/><E106/><V29/><F124/><W42/><G42/><T114/><D114/><U111/><E111/><V68/><F68/><W17/><G17/><T14/><D71/><U36/><E36/><V19/><F86/><W90/><G90/><T41/><D66/><U98/><E10/><V120/><F120/><W119/><G119/><T67/><D67/><U39/><E39/><V38/><F38/><W2/><G128/><T7/><D41/><U5/><E5/><V43/><F59/><W121/><G33/><T131/><D131/><U28/><E21/><V130/><F31/><W4/><G32/><T112/><D112/><U44/><E44/><V55/><F43/><W70/><G4/><T110/><D110/><U99/><E99/><V35/><REACH who="2" step="1"/><F130/><REACH who="2" ten="175,567,14,234" step="2"/><W3/><G70/><T126/><D126/><N who="3" m="48137" /><G2/><T18/><D116/><U47/><E47/><V69/><F69/><W51/><G56/><T65/><D72/><U100/><E60/><V105/><AGARI ba="3,1" hai="13,19,22,25,29,35,46,48,55,61,63,97,102,105" machi="105" ten="20,2700,0" yaku="1,1,0,1,7,1,53,0" doraHai="75" doraHaiUra="83" who="2" fromWho="2" sc="175,-10,567,-16,14,46,234,-10" /><INIT seed="6,0,0,1,1,128" ten="165,551,60,224" oya="2" hai0="41,105,75,110,5,123,43,65,16,113,111,126,62" hai1="70,94,100,7,42,61,0,4,115,71,64,24,47" hai2="120,44,98,112,46,34,66,114,63,135,83,133,32" hai3="78,45,127,89,67,76,21,118,52,20,99,1,51"/><V106/><F120/><W104/><G1/><T102/><D75/><U31/><E70/><V28/><F83/><W93/><G104/><T53/><D5/><U134/><E134/><N who="2" m="51211" /><F106/><W81/><G118/><T96/><D126/><U40/><E0/><V86/><F86/><W55/><G67/><T117/><D113/><N who="2" m="43626" /><F98/><W25/><G99/><T29/><D117/><U73/><E73/><V130/><F130/><W68/><G81/><T54/><D123/><U108/><E94/><V72/><F72/><W56/><G93/><T85/><D85/><U36/><E115/><V26/><F32/><W57/><G76/><T84/><D84/><U121/><E121/><V10/><F10/><W13/><G78/><T69/><D96/><U19/><E108/><V15/><F15/><W124/><G127/><T30/><D105/><U129/><E129/><V11/><F11/><W109/><G13/><T12/><D12/><U90/><E7/><V74/><F74/><W60/><G109/><T49/><D102/><U116/><E100/><V119/><F119/><W82/><G82/><T18/><D111/><U107/><E4/><V17/><F17/><W33/><G33/><T59/><D16/><U80/><E19/><V103/><F103/><W87/><G87/><T2/><D18/><U125/><E80/><V79/><F79/><W23/><G23/><T8/><D8/><U95/><E107/><V22/><F34/><W9/><G9/><T6/><D6/><U48/><E116/><V92/><F92/><W88/><G20/><T14/><D110/><U38/><E95/><V37/><F37/><RYUUKYOKU ba="0,0" sc="165,-10,551,-10,60,30,224,-10" hai2="22,26,28,44,46,63,66" /><INIT seed="6,1,0,1,3,47" ten="155,541,90,214" oya="2" hai0="24,122,12,40,33,66,67,7,130,108,101,28,78" hai1="135,87,57,129,36,116,74,110,84,48,3,46,123" hai2="55,93,43,92,54,127,51,119,49,26,117,124,105" hai3="37,31,5,32,120,45,86,103,109,23,94,118,4"/><V21/><F105/><W25/><G109/><T71/><D108/><U114/><E57/><V83/><F43/><W29/><G32/><T44/><D130/><U8/><E48/><N who="2" m="18507" /><F83/><W89/><G31/><T56/><D71/><U0/><E46/><V62/><F62/><W121/><G103/><T73/><D101/><U100/><E74/><V69/><F69/><W63/><G45/><T1/><D56/><U34/><E34/><V72/><F72/><W70/><G37/><N who="0" m="21519" /><D12/><U85/><E36/><V96/><F21/><W125/><G118/><N who="2" m="45065" /><F26/><W76/><G23/><T81/><D122/><U14/><E123/><V38/><F38/><W134/><G25/><T126/><D66/><U59/><E110/><V111/><F111/><W58/><G63/><T16/><D67/><U79/><E116/><V115/><F115/><W82/><G82/><T128/><D128/><U68/><E129/><V6/><F6/><W18/><G4/><T13/><D7/><U17/><E68/><V133/><F133/><W20/><G134/><T90/><D81/><U64/><E135/><V61/><F61/><W50/><G5/><T113/><D24/><U112/><E112/><V30/><F30/><W107/><G29/><T60/><D28/><U35/><E114/><V88/><F93/><W22/><G94/><T77/><D60/><U80/><E35/><V2/><F2/><W65/><G107/><T42/><D33/><U52/><E0/><V11/><F11/><W131/><G120/><T95/><D1/><U106/><E3/><V9/><F9/><W39/><G121/><T53/><D113/><RYUUKYOKU ba="1,0" sc="155,-10,541,-10,90,30,214,-10" hai2="54,55,88,92,96,124,127" /><INIT seed="6,2,0,1,2,80" ten="145,531,120,204" oya="2" hai0="106,91,58,26,4,84,19,43,128,55,21,79,8" hai1="95,111,71,118,72,38,37,59,14,27,127,13,41" hai2="114,5,123,101,121,130,51,77,81,11,110,28,23" hai3="99,57,50,60,116,68,3,119,104,132,120,124,25"/><V39/><F114/><W113/><G3/><T102/><D79/><U32/><E71/><V73/><F130/><W122/><G25/><T109/><D109/><U33/><E72/><V46/><F110/><W15/><G15/><T36/><D128/><U64/><E127/><V31/><F101/><W115/><G99/><T126/><D126/><U35/><E118/><N who="3" m="45098" /><G104/><T129/><D43/><U78/><E78/><V74/><F74/><W34/><G34/><T65/><D36/><U16/><E38/><V83/><F83/><W63/><G132/><T135/><D65/><U29/><E64/><V30/><F23/><W107/><G107/><T108/><D108/><U53/><E37/><V44/><F44/><W20/><G20/><T7/><D135/><U69/><E111/><V117/><F117/><W6/><G6/><T112/><D112/><N who="3" m="43081" /><G50/><T103/><D106/><U52/><E35/><V66/><F39/><W56/><G68/><T131/><D131/><U85/><E69/><V100/><F100/><N who="0" m="38442" /><D8/><U93/><E33/><V54/><REACH who="2" step="1"/><F66/><REACH who="2" ten="145,531,110,204" step="2"/><N who="3" m="39175" /><G124/><T67/><D67/><AGARI ba="2,1" hai="57,63,67,120,122" m="39175,43081,45098" machi="67" ten="30,7700,0" yaku="15,1,11,1,34,2" doraHai="80" who="3" fromWho="0" sc="145,-83,531,0,110,0,204,93" /><INIT seed="7,0,0,2,3,10" ten="62,531,110,297" oya="3" hai0="63,1,76,133,65,75,115,83,51,97,19,104,118" hai1="93,72,131,95,111,77,98,89,80,116,66,45,101" hai2="102,81,113,64,122,125,103,38,18,7,26,34,14" hai3="41,47,40,6,85,59,127,92,55,56,13,121,106"/><W99/><G121/><T96/><D133/><U31/><E111/><V50/><F38/><W117/><G117/><T33/><D118/><U22/><E66/><V42/><F64/><W130/><G130/><T74/><D1/><U120/><E120/><V54/><F42/><W100/><G127/><T27/><D115/><U35/><E35/><V91/><F122/><W109/><G109/><T126/><D126/><U16/><E31/><V37/><F37/><W57/><G106/><T123/><D123/><U21/><E131/><V108/><F108/><W67/><G85/><T105/><D105/><U11/><E116/><V32/><F113/><W61/><G47/><T62/><D74/><U12/><E45/><N who="2" m="27983" /><F125/><W9/><REACH who="3" step="1"/><G59/><REACH who="3" ten="62,531,110,287" step="2"/><T5/><D104/><U25/><E25/><V3/><F26/><W70/><G70/><T15/><D27/><U87/><AGARI ba="0,1" hai="11,12,16,21,22,72,77,80,87,89,93,95,98,101" machi="87" ten="20,5200,0" yaku="0,1,7,1,52,1,54,1" doraHai="10" who="1" fromWho="1" sc="62,-13,531,62,110,-13,287,-26" owari="49,-45.0,593,69.0,97,-30.0,261,6.0" /></mjloggm>