<mjloggm ver="2.3"><GO type="169" lobby="0"/><UN n0="%E3%81%95%E3%82%86" n1="%E3%82%89%E3%81%8F%E3%81%8C%E3%82%93" n2="%E3%81%94%E3%82%8B%E3%81%A3" n3="%E5%8F%97%E3%81%91%E5%85%A5%E3%82%8C%E9%87%8D%E8%A6%96" dan="16,17,16,17" rate="2097.49,2133.04,2171.43,2179.70" sx="F,M,M,M"/><TAIKYOKU oya="0"/><INIT seed="0,0,0,5,2,52" ten="250,250,250,250" oya="0" hai0="79,0,76,33,99,128,25,6,56,49,102,97,77" hai1="114,82,8,53,18,12,134,55,26,31,29,91,35" hai2="15,22,43,38,72,75,95,112,51,87,9,115,13" hai3="123,58,47,4,81,98,85,7,1,66,71,131,3"/><T89/><D128/><U45/><E134/><V74/><F38/><W14/><G71/><T28/><D0/><U118/><E118/><V32/><F32/><W125/><G131/><T135/><D6/><U39/><E114/><V108/><F108/><W2/><G125/><T83/><D135/><U129/><E129/><V90/><F15/><W50/><G98/><T121/><D121/><U64/><E64/><V88/><F22/><W106/><G106/><T67/><D102/><U107/><E107/><V94/><F51/><W104/><G104/><T96/><D89/><U48/><E31/><V110/><F43/><W113/><G113/><T23/><D33/><U130/><E130/><V21/><F21/><W68/><G68/><T80/><REACH who="0" step="1"/><D49/><REACH who="0" ten="240,250,250,250" step="2"/><U132/><E132/><V63/><F110/><W11/><G123/><T70/><D70/><U92/><E39/><V69/><F69/><W34/><G34/><T5/><D5/><U30/><E35/><V78/><F78/><W116/><G4/><T27/><D27/><U133/><E26/><V100/><F100/><W127/><G1/><T16/><D16/><U117/><E133/><V93/><F112/><W122/><G122/><T103/><D103/><U60/><E30/><V101/><F115/><W46/><G2/><T73/><D73/><U61/><E29/><V62/><F101/><W86/><G3/><T37/><D37/><U65/><E48/><V126/><F90/><W59/><G50/><T44/><D44/><U105/><E45/><V24/><F24/><W57/><G46/><T111/><D111/><U41/><E105/><RYUUKYOKU ba="0,1" sc="240,30,250,-10,250,-10,250,-10" hai0="23,25,28,56,67,76,77,79,80,83,96,97,99" /><INIT seed="0,1,1,4,4,40" ten="270,240,240,240" oya="0" hai0="37,115,2,68,51,71,129,73,34,83,29,100,132" hai1="81,38,44,111,55,53,33,58,121,12,126,69,52" hai2="7,10,17,15,74,30,9,8,64,78,95,54,18" hai3="96,16,60,32,89,90,85,45,131,120,114,128,23"/><T41/><D115/><U28/><E121/><V63/><F74/><W35/><G114/><T27/><D132/><U80/><E69/><V66/><F78/><W50/><G120/><T49/><D129/><N who="3" m="49737" /><G96/><T43/><D100/><U103/><E111/><V116/><F30/><W0/><G60/><T25/><D2/><U110/><E110/><V87/><F116/><W102/><G102/><T62/><D73/><U135/><E135/><V36/><F36/><W98/><G98/><T59/><D83/><U117/><E117/><V19/><F54/><N who="3" m="30031" /><G0/><T42/><D37/><U26/><E126/><V5/><F15/><N who="3" m="9631" /><G90/><T6/><D6/><N who="2" m="2058" /><F63/><W112/><G112/><T108/><D108/><U94/><E58/><V105/><F105/><W13/><G13/><T92/><D25/><U20/><E103/><V84/><F95/><AGARI ba="1,1" hai="32,35,85,89,95" m="9631,30031,49737" machi="95" ten="30,3900,0" yaku="19,1,52,1,54,1" doraHai="40" who="3" fromWho="2" sc="270,0,240,0,240,-42,240,52" /><INIT seed="1,0,0,2,4,47" ten="270,240,198,292" oya="1" hai0="2,125,79,104,122,54,67,93,112,94,106,101,0" hai1="73,113,29,85,97,103,4,42,124,56,83,49,77" hai2="61,129,86,19,13,78,96,36,28,66,82,57,52" hai3="62,64,111,84,68,11,9,65,21,58,100,45,55"/><U135/><E113/><V26/><F36/><W123/><G123/><T60/><D112/><U63/><E124/><V126/><F126/><W30/><G111/><T76/><D125/><U31/><E135/><V1/><F1/><W14/><G100/><T7/><D122/><U80/><E4/><V17/><F129/><W53/><G45/><T46/><D67/><N who="3" m="25673" /><G68/><T121/><D121/><U15/><E15/><V18/><F96/><W87/><G55/><T131/><D131/><U38/><E38/><V72/><F72/><W127/><G127/><T71/><D101/><U43/><E31/><V98/><F98/><W23/><G9/><T35/><D46/><U107/><E29/><V130/><F130/><W8/><G11/><T128/><D128/><U16/><E16/><V48/><F28/><W114/><G114/><T119/><D54/><U70/><E70/><V69/><REACH who="2" step="1"/><F26/><REACH who="2" ten="270,240,188,292" step="2"/><N who="3" m="16719" /><G23/><AGARI ba="0,1" hai="13,17,18,19,23,48,52,57,61,66,69,78,82,86" machi="23" ten="30,7700,0" yaku="1,1,7,1,52,1,54,1,53,0" doraHai="47" doraHaiUra="33" who="2" fromWho="3" sc="270,0,240,0,188,87,292,-77" /><INIT seed="2,0,0,4,2,67" ten="270,240,275,215" oya="2" hai0="63,71,25,2,11,114,8,68,75,98,124,7,22" hai1="46,0,76,21,113,130,42,69,6,121,9,4,120" hai2="131,55,12,53,111,36,133,10,19,125,97,89,126" hai3="49,70,38,52,15,107,80,115,3,16,118,61,94"/><V39/><F131/><W64/><G107/><T85/><D75/><U86/><E113/><V58/><F133/><W88/><G3/><T128/><D114/><U93/><E130/><V77/><F77/><W37/><G80/><T127/><D128/><U122/><E6/><V59/><F97/><W72/><G72/><T24/><D24/><U48/><E21/><V45/><F89/><W95/><G94/><T32/><D32/><U14/><E0/><V91/><F91/><W54/><G118/><T47/><D8/><U78/><REACH who="1" step="1"/><E69/><REACH who="1" ten="270,230,275,215" step="2"/><V35/><F35/><W31/><G115/><T83/><D71/><U108/><E108/><V117/><F117/><W29/><G29/><T105/><D22/><U103/><E103/><V96/><F111/><W66/><G31/><T1/><D2/><U106/><E106/><V60/><F125/><W87/><G64/><T40/><D105/><U123/><N who="1" m="30720" /><DORA hai="135" /><U132/><E132/><V65/><F126/><W28/><G28/><T101/><D101/><U109/><E109/><V116/><F116/><W26/><G26/><T62/><D68/><U30/><E30/><V99/><F99/><W90/><G90/><AGARI ba="0,1" hai="4,9,14,42,46,48,76,78,86,90,93" m="30720" machi="90" ten="70,8000,1" yaku="1,1,13,1,53,1" doraHai="67,135" doraHaiUra="112,41" who="1" fromWho="3" sc="270,0,230,90,275,0,215,-80" /><INIT seed="3,0,0,3,5,32" ten="270,320,275,135" oya="3" hai0="126,117,98,71,2,41,47,14,116,109,40,92,54" hai1="60,37,73,26,111,135,86,91,15,125,123,83,100" hai2="74,85,51,39,29,112,69,59,49,58,97,5,3" hai3="81,105,62,8,12,130,23,106,22,102,19,84,7"/><W52/><G130/><T44/><D71/><U20/><E123/><V38/><F74/><W10/><G23/><T95/><D14/><U53/><E111/><V89/><F69/><W45/><G102/><T46/><D109/><U42/><E135/><V103/><F29/><W6/><G10/><T16/><D16/><U11/><E125/><V76/><F76/><W43/><G6/><T63/><D126/><U79/><E100/><V114/><F39/><W21/><G21/><T121/><D121/><U78/><E42/><V27/><F38/><W119/><G119/><T113/><D98/><U55/><E37/><V17/><F17/><W90/><G62/><T30/><D46/><U9/><E79/><V64/><F27/><W56/><G56/><T118/><D118/><U82/><E60/><V104/><F64/><W122/><G122/><T66/><D63/><U4/><REACH who="1" step="1"/><E9/><REACH who="1" ten="270,310,275,135" step="2"/><V1/><F51/><W67/><G67/><T88/><D66/><U132/><E132/><V33/><F49/><W108/><G108/><T50/><D50/><U75/><E75/><V93/><F103/><W36/><REACH who="3" step="1"/><G52/><REACH who="3" ten="270,310,275,125" step="2"/><T18/><D54/><U133/><E133/><V57/><F114/><W24/><AGARI ba="0,2" hai="7,8,12,19,22,24,36,43,45,81,84,90,105,106" machi="24" ten="20,7800,0" yaku="1,1,2,1,0,1,7,1,53,0" doraHai="32" doraHaiUra="48" who="3" fromWho="3" sc="270,-26,310,-26,275,-26,125,98" /><INIT seed="3,1,0,3,2,17" ten="244,284,249,223" oya="3" hai0="123,6,33,9,12,72,67,106,27,25,14,19,131" hai1="98,21,37,34,84,88,53,107,70,130,80,58,22" hai2="4,42,90,102,127,18,71,46,83,126,60,119,39" hai3="50,111,48,74,15,116,128,85,113,100,96,44,5"/><W68/><G74/><T79/><D106/><U13/><E70/><V89/><F119/><W41/><G116/><T40/><D67/><U56/><E34/><V2/><F102/><W81/><G113/><T3/><D40/><U101/><E130/><V23/><F4/><W35/><G35/><T52/><D79/><U29/><E37/><V38/><F38/><W78/><G68/><T129/><D72/><U32/><E13/><V1/><F71/><W66/><G66/><T69/><D69/><U124/><E124/><N who="2" m="47659" /><F60/><W73/><G128/><N who="0" m="49227" /><D52/><U87/><E87/><N who="2" m="50431" /><F90/><W112/><G112/><T24/><D123/><U118/><E118/><V54/><F54/><W11/><G111/><T8/><D33/><U94/><E107/><V109/><F109/><W62/><G62/><T20/><D3/><U103/><E103/><V99/><F99/><W76/><G73/><T122/><D122/><U86/><E86/><V108/><F108/><W45/><G78/><T36/><D36/><U59/><REACH who="1" step="1"/><E53/><REACH who="1" ten="244,274,249,223" step="2"/><V110/><F110/><W117/><G117/><T75/><D75/><U30/><E30/><AGARI ba="1,1" hai="6,8,9,12,14,19,20,24,25,27,30" m="49227" machi="30" ten="30,7700,0" yaku="19,1,34,2,52,1" doraHai="17" who="0" fromWho="1" sc="244,90,274,-80,249,0,223,0" /><INIT seed="4,0,0,5,3,126" ten="334,194,249,223" oya="0" hai0="2,38,111,71,135,44,0,72,23,30,16,53,63" hai1="122,58,132,106,131,24,31,39,9,107,102,19,87" hai2="55,36,129,125,60,57,94,49,67,117,59,22,34" hai3="85,7,124,70,114,76,123,75,95,104,65,97,115"/><T118/><D118/><U80/><E122/><V99/><F34/><W84/><G124/><T103/><D72/><U68/><E68/><V100/><F125/><W33/><G123/><T56/><D135/><U50/><E39/><V101/><F117/><W119/><G119/><T20/><D103/><U48/><E132/><V120/><F36/><W82/><G33/><T116/><D116/><U113/><E107/><V66/><F120/><W41/><G104/><T18/><D30/><U37/><E37/><V46/><F129/><W40/><G7/><T28/><D28/><U133/><E133/><V109/><F109/><W29/><G29/><T108/><D71/><U45/><E106/><V1/><F1/><W32/><G32/><T5/><D5/><U128/><E102/><V81/><F81/><W83/><G65/><T52/><D38/><U14/><E58/><V47/><F22/><W92/><G70/><T77/><D77/><N who="1" m="46479" /><E45/><V43/><F101/><N who="3" m="60583" /><G95/><T64/><D44/><U25/><E113/><N who="3" m="43018" /><G75/><T121/><D121/><U78/><E78/><AGARI ba="0,0" hai="40,41,76,78,82,83,84,85" m="43018,60583" machi="78" ten="30,1000,0" yaku="15,1" doraHai="126" who="3" fromWho="1" sc="334,0,194,-10,249,0,223,10" /><INIT seed="5,0,0,1,3,76" ten="334,184,249,233" oya="1" hai0="135,65,95,52,75,54,120,134,35,101,41,12,98" hai1="56,114,85,28,0,10,118,38,123,71,14,13,15" hai2="18,79,30,72,106,105,131,81,29,1,33,133,116" hai3="42,44,27,24,113,83,78,49,129,132,60,17,112"/><U111/><E123/><V73/><F116/><W16/><G129/><T97/><D35/><U19/><E118/><V25/><F131/><W108/><G108/><T37/><D120/><U48/><E71/><V53/><F72/><W68/><G132/><T40/><D65/><U45/><E111/><V57/><F30/><W63/><G24/><T22/><D75/><U70/><E70/><V67/><F67/><N who="3" m="41063" /><G27/><T88/><D22/><U89/><E114/><N who="3" m="44138" /><G63/><T61/><D12/><N who="1" m="7575" /><E0/><V119/><F1/><W62/><G62/><T21/><D21/><U34/><E38/><V121/><F133/><N who="0" m="50698" /><D37/><U32/><E32/><V7/><F121/><W8/><G8/><T36/><D36/><U99/><E34/><V102/><F119/><W103/><G103/><T104/><D61/><U86/><E28/><V3/><F102/><W59/><G59/><T100/><D100/><U69/><E56/><V124/><F57/><W87/><AGARI ba="0,0" hai="16,17,42,44,49,78,83,87" m="44138,41063" machi="87" ten="30,4000,0" yaku="15,1,52,1,54,1" doraHai="76" who="3" fromWho="3" sc="334,-10,184,-20,249,-10,233,40" /><INIT seed="6,0,0,3,4,115" ten="324,164,239,273" oya="2" hai0="70,39,75,127,35,86,34,78,20,56,5,40,98" hai1="36,99,80,71,108,45,8,0,61,130,125,53,82" hai2="103,19,41,133,106,68,104,21,122,62,2,26,118" hai3="73,23,27,25,128,52,102,134,9,132,100,24,111"/><V30/><F122/><W88/><G73/><T7/><D75/><U113/><E108/><V51/><F2/><W92/><G111/><T120/><D70/><U105/><E113/><V49/><F133/><N who="3" m="51307" /><G128/><T65/><D127/><U32/><E130/><V89/><F118/><W64/><G64/><T55/><D65/><U107/><E125/><V87/><F68/><W12/><G23/><T13/><D40/><U18/><E32/><V72/><F72/><W116/><G52/><T31/><D39/><U38/><E38/><V81/><F62/><W16/><G116/><T46/><D46/><U91/><E107/><V79/><F104/><W28/><G28/><T47/><D47/><U112/><E0/><V114/><F114/><W33/><G33/><T84/><D31/><U63/><E36/><V57/><F106/><W22/><G22/><T96/><D55/><U11/><E105/><V119/><F119/><W54/><G54/><T66/><D20/><U109/><E71/><V124/><F124/><W135/><N who="3" m="51315" /><W85/><AGARI ba="0,0" hai="9,12,16,24,25,27,85,88,92,100,102" m="51315" machi="85" ten="50,8000,1" yaku="4,1,20,1,54,2" doraHai="115" who="3" fromWho="3" sc="324,-20,164,-20,239,-40,273,80" /><INIT seed="7,0,0,1,3,100" ten="304,144,199,353" oya="3" hai0="48,19,61,90,67,127,69,11,50,10,16,28,105" hai1="53,93,111,8,113,79,74,55,42,52,54,46,5" hai2="131,122,71,60,7,32,120,12,108,38,119,43,20" hai3="66,80,35,132,85,9,101,91,95,135,39,78,30"/><W41/><G101/><T34/><D127/><U18/><N who="1" m="13312" /><DORA hai="103" /><U31/><E111/><V88/><F32/><W125/><G125/><T57/><D34/><U45/><E113/><V84/><F119/><W24/><G66/><T102/><D28/><U134/><E134/><N who="3" m="51242" /><G9/><T62/><D90/><U75/><E31/><V112/><F112/><W63/><G63/><T115/><D115/><U37/><E18/><V65/><F43/><W14/><G14/><T49/><D10/><U124/><E124/><V3/><F38/><W128/><G128/><T129/><D129/><U21/><E21/><V64/><F64/><W6/><G6/><T2/><D2/><U99/><E46/><V33/><F33/><W0/><G0/><T87/><D87/><U114/><E114/><V27/><F3/><W123/><G123/><N who="2" m="47145" /><F131/><W81/><G78/><T70/><D11/><U106/><E79/><V94/><F108/><W4/><G4/><T22/><D19/><U107/><E75/><V29/><F12/><W82/><G41/><T98/><REACH who="0" step="1"/><D62/><REACH who="0" ten="294,144,199,353" step="2"/><U36/><E74/><V118/><F7/><W86/><G85/><T97/><D97/><U73/><E73/><V104/><F118/><W83/><G83/><T126/><D126/><U77/><E77/><V89/><F89/><W76/><G76/><T109/><D109/><U1/><REACH who="1" step="1"/><E36/><AGARI ba="0,1" hai="24,30,35,36,39,80,81,82,86,91,95" m="51242" machi="36" ten="30,1500,0" yaku="20,1" doraHai="100,103" who="3" fromWho="1" sc="294,0,144,-15,199,0,353,25" owari="294,9.0,129,-37.0,199,-20.0,378,48.0" /></mjloggm>