<mjloggm ver="2.3"><GO type="169" lobby="0"/><UN n0="%E3%83%80%E3%82%AF%E3%82%BF%E3%83%BC%E3%82%AF%E3%83%AA%E3%83%83%E3%83%97" n1="%52%6F%6E%E6%B0%8F" n2="%28%E3%81%BE%C2%B4%CF%89%EF%BD%80%E3%81%AA%29%E3%83%9F" n3="%E7%82%8E%E3%81%AE%E9%9B%80%E3%83%96%E3%83%A9%E3%83%BC" dan="17,16,18,16" rate="2187.66,2161.43,2220.54,2200.41" sx="M,M,F,M"/><TAIKYOKU oya="0"/><INIT seed="0,0,0,0,1,135" ten="250,250,250,250" oya="0" hai0="47,74,96,102,90,39,128,52,21,76,75,93,78" hai1="20,49,56,42,8,133,28,35,37,30,77,15,120" hai2="123,67,14,106,108,18,34,60,40,94,92,131,2" hai3="23,51,19,3,50,58,63,33,1,87,27,22,48"/><T32/><D32/><U95/><E120/><V69/><F2/><W111/><G111/><T114/><D114/><U46/><E35/><V105/><F123/><W7/><G33/><T24/><D128/><U73/><E133/><V53/><F40/><W103/><G103/><T117/><D117/><U61/><E37/><V70/><F70/><W62/><G87/><T44/><D39/><U38/><E38/><V113/><F113/><W85/><G85/><T122/><D122/><U104/><E104/><V29/><F108/><W132/><G132/><T43/><D43/><U26/><E77/><N who="0" m="29801" /><D75/><U130/><E73/><V97/><F53/><W54/><G7/><T86/><D74/><U82/><E82/><V64/><F64/><W110/><G110/><T68/><D68/><U99/><E130/><V109/><F109/><W17/><REACH who="3" step="1"/><G63/><REACH who="3" ten="250,250,250,240" step="2"/><T83/><D52/><N who="1" m="33927" /><E99/><V72/><F72/><W41/><G41/><T127/><D96/><U126/><E42/><V0/><F131/><W36/><G36/><T115/><D102/><U25/><E49/><V101/><F106/><W84/><G84/><T119/><D115/><U55/><E55/><V31/><F34/><W129/><G129/><T16/><D86/><U5/><E95/><V81/><F94/><W71/><G71/><T79/><D93/><U65/><E65/><V116/><F105/><W12/><AGARI ba="0,1" hai="1,3,12,17,19,22,23,27,48,50,51,54,58,62" machi="12" ten="30,2000,0" yaku="1,1,0,1,53,0" doraHai="135" doraHaiUra="88" who="3" fromWho="3" sc="250,-10,250,-5,250,-5,240,30" /><INIT seed="1,0,0,4,1,129" ten="240,245,245,270" oya="1" hai0="107,69,34,47,16,46,9,67,19,53,0,50,40" hai1="83,87,108,79,14,130,31,66,118,121,91,77,61" hai2="29,7,74,75,133,17,92,71,51,5,22,132,89" hai3="86,135,32,98,42,58,21,85,127,55,125,27,100"/><U56/><E121/><V20/><F71/><W13/><G42/><T62/><D107/><U95/><E118/><V63/><F63/><W48/><G32/><T84/><D34/><U1/><E1/><V64/><F64/><W81/><G13/><T124/><D124/><N who="3" m="47689" /><G135/><N who="2" m="51785" /><F51/><W44/><G81/><T88/><D9/><U23/><E130/><V76/><F29/><N who="3" m="17647" /><G58/><T35/><D35/><U115/><E115/><V72/><F76/><W15/><G15/><T94/><REACH who="0" step="1"/><D0/><REACH who="0" ten="230,245,245,270" step="2"/><U131/><E131/><V116/><F116/><W105/><AGARI ba="0,1" hai="44,48,55,85,86,98,100,105" m="17647,47689" machi="105" ten="30,1100,0" yaku="18,1" doraHai="129" who="3" fromWho="3" sc="230,-3,245,-5,245,-3,270,21" /><INIT seed="2,0,0,1,5,54" ten="227,240,242,291" oya="2" hai0="51,128,5,43,83,95,118,38,127,75,46,130,120" hai1="45,77,72,92,134,49,73,116,131,115,98,103,99" hai2="16,90,27,10,13,108,84,91,113,52,85,47,37" hai3="64,21,12,104,133,96,112,33,26,11,23,107,20"/><V31/><F113/><W109/><G112/><T114/><D120/><U121/><E116/><V129/><F129/><N who="0" m="49770" /><D114/><U126/><E121/><V68/><F68/><W119/><G119/><T89/><D127/><U8/><E126/><V61/><F108/><W124/><G124/><T106/><D106/><U1/><E131/><V60/><F37/><W29/><G133/><T80/><D75/><U15/><E1/><V70/><F70/><W18/><G109/><T102/><D102/><U66/><E66/><V67/><F67/><W78/><G78/><T110/><D110/><U3/><E3/><V39/><F39/><W65/><G107/><T101/><D101/><U93/><E134/><V56/><F47/><W2/><G104/><T123/><D123/><U125/><E77/><V9/><F9/><W135/><G96/><N who="0" m="57455" /><D118/><U63/><E125/><V14/><F14/><W0/><G65/><T87/><D87/><N who="2" m="33354" /><F61/><W88/><G64/><T69/><D69/><U53/><E63/><V24/><F31/><W41/><G135/><T59/><D5/><U97/><E115/><V25/><AGARI ba="0,0" hai="10,13,16,24,25,27,52,56,60,90,91" m="33354" machi="25" ten="30,11700,0" yaku="8,1,52,1,54,2" doraHai="54" who="2" fromWho="2" sc="227,-39,240,-39,242,117,291,-39" /><INIT seed="2,1,0,0,5,25" ten="188,201,359,252" oya="2" hai0="87,65,16,43,97,57,51,135,20,69,35,104,39" hai1="62,76,77,94,131,37,34,85,52,61,6,30,128" hai2="17,81,8,126,70,9,27,73,67,90,47,95,129" hai3="83,55,124,7,101,118,92,79,48,66,44,119,24"/><V106/><F106/><W110/><G124/><T46/><D35/><U36/><E6/><V1/><F129/><N who="1" m="49737" /><E62/><V102/><F102/><W4/><G110/><T120/><D120/><U54/><E94/><V93/><F93/><W32/><G66/><T23/><D135/><U41/><E41/><V56/><F70/><W127/><G127/><T91/><D23/><U99/><E99/><V112/><F47/><W100/><G4/><T96/><D69/><U114/><E114/><V18/><F1/><W98/><G7/><T50/><D39/><N who="1" m="14923" /><E61/><V10/><F112/><W121/><G101/><T105/><D105/><U89/><E76/><V13/><F126/><W123/><G121/><T28/><D104/><U45/><E45/><V19/><F81/><W15/><G123/><T29/><D97/><U49/><E49/><V111/><F111/><W130/><G130/><T60/><D51/><U125/><E125/><V116/><F116/><W31/><REACH who="3" step="1"/><G15/><REACH who="3" ten="188,201,359,242" step="2"/><N who="0" m="9247" /><D96/><U59/><E89/><V103/><F13/><W75/><AGARI ba="1,1" hai="24,31,32,44,48,55,75,79,83,92,98,100,118,119" machi="75" ten="20,5200,0" yaku="1,1,0,1,7,1,52,1,53,0" doraHai="25" doraHaiUra="68" who="3" fromWho="3" sc="188,-14,201,-14,359,-27,242,65" /><INIT seed="3,0,0,3,2,99" ten="174,187,332,307" oya="3" hai0="67,21,48,10,51,33,87,108,101,32,106,46,78" hai1="42,113,43,121,111,97,104,52,3,100,82,58,93" hai2="55,79,74,115,77,90,37,12,129,75,17,53,27" hai3="80,81,83,61,41,30,68,57,117,16,91,45,92"/><W59/><G117/><T26/><D108/><U35/><E121/><V31/><F37/><W118/><G118/><T88/><D78/><U1/><E113/><V124/><F115/><W119/><G119/><T65/><D33/><U66/><E66/><V95/><F124/><W133/><G133/><T36/><D32/><U94/><E35/><V25/><F129/><W64/><G30/><T76/><D76/><U29/><E29/><V7/><F7/><W127/><G127/><T105/><D36/><U123/><E123/><V39/><F39/><W122/><G122/><T11/><D51/><U126/><E126/><V14/><F95/><W5/><G5/><T96/><D106/><U114/><E114/><V102/><F31/><W44/><G41/><T98/><D98/><U18/><E111/><V6/><F6/><W134/><G134/><T23/><D67/><U120/><E120/><V47/><F90/><W8/><G59/><T20/><D65/><U128/><E82/><V71/><F17/><W19/><G68/><T89/><D26/><U49/><E128/><V72/><F72/><W110/><G110/><T130/><D89/><U60/><E18/><N who="3" m="6698" /><G8/><T9/><D130/><U135/><E135/><V15/><F15/><W56/><G57/><T125/><D125/><U34/><E34/><V28/><F28/><W63/><G61/><T4/><D4/><U103/><E104/><V112/><F112/><W132/><G132/><T38/><D38/><U70/><E70/><V73/><F73/><W69/><G69/><T2/><D105/><U109/><E109/><V13/><F71/><RYUUKYOKU ba="0,0" sc="174,-10,187,-10,332,-10,307,30" hai3="44,45,56,63,64,80,81,83,91,92" /><INIT seed="3,1,0,1,2,122" ten="164,177,322,337" oya="3" hai0="61,24,28,135,113,118,64,36,98,115,116,102,120" hai1="130,47,97,126,114,65,69,129,5,62,58,125,82" hai2="88,76,111,2,105,6,40,19,63,79,49,37,0" hai3="42,9,87,127,104,133,103,46,95,121,41,50,23"/><W8/><G121/><T93/><D36/><U91/><E5/><V110/><F105/><W16/><G133/><T112/><D120/><U54/><E97/><V68/><F37/><W51/><G104/><T72/><D72/><U43/><E91/><V60/><F19/><W73/><G73/><T101/><D101/><U66/><E82/><V14/><F14/><W86/><G127/><N who="1" m="48650" /><E114/><V99/><F49/><W55/><G87/><T52/><D135/><U44/><E43/><N who="3" m="16394" /><G50/><T80/><D52/><U18/><E18/><V78/><F40/><W94/><G94/><T3/><D80/><U35/><E35/><V4/><F4/><W27/><G86/><T100/><D102/><U67/><E69/><V109/><F6/><W10/><G10/><T56/><REACH who="0" step="1"/><D3/><REACH who="0" ten="154,177,322,337" step="2"/><N who="2" m="1066" /><F68/><W128/><G128/><AGARI ba="1,1" hai="44,47,54,58,62,65,66,67,128,129,130" m="48650" machi="128" ten="40,8000,1" yaku="19,1,18,1,34,2" doraHai="122" who="1" fromWho="3" sc="154,0,177,93,322,0,337,-83" /><INIT seed="4,0,0,5,1,97" ten="154,270,322,254" oya="0" hai0="32,111,7,50,82,73,52,61,35,92,129,33,9" hai1="85,134,11,57,86,6,2,62,4,93,120,89,88" hai2="65,101,132,0,76,22,112,121,130,133,66,49,90" hai3="106,74,25,131,116,70,123,17,71,109,67,107,30"/><T102/><D129/><U128/><E120/><V113/><F0/><W16/><G109/><T26/><D111/><U21/><E128/><V41/><F76/><W114/><G116/><T100/><D61/><U28/><E134/><N who="2" m="51819" /><F130/><W118/><G74/><T83/><D26/><U42/><E42/><V39/><F90/><W95/><G118/><T44/><D92/><U53/><E6/><V135/><F135/><W10/><G114/><N who="2" m="44137" /><F39/><W40/><G40/><T23/><D23/><U37/><E37/><V79/><F79/><W45/><G45/><T77/><REACH who="0" step="1"/><D83/><REACH who="0" ten="144,270,322,254" step="2"/><U63/><E21/><V12/><F121/><W19/><G123/><T122/><D122/><U59/><E63/><V13/><F22/><W31/><G131/><T103/><D103/><U69/><E62/><V60/><F101/><W110/><G110/><T119/><D119/><U14/><E93/><V43/><F66/><W48/><G67/><T72/><D72/><U96/><E69/><V84/><F60/><W64/><G64/><T80/><D80/><U15/><E11/><V47/><F65/><W125/><G10/><T29/><D29/><N who="3" m="10761" /><G25/><T1/><AGARI ba="0,1" hai="1,7,9,32,33,35,44,50,52,73,77,82,100,102" machi="1" ten="30,12000,1" yaku="1,1,0,1,52,2,54,1,53,0" doraHai="97" doraHaiUra="24" who="0" fromWho="0" sc="144,130,270,-40,322,-40,254,-40" /><INIT seed="4,1,0,3,0,134" ten="274,230,282,214" oya="0" hai0="44,29,94,112,82,88,32,91,42,116,102,26,65" hai1="46,28,100,0,3,22,120,64,130,124,30,50,80" hai2="83,81,39,90,133,123,38,73,41,45,61,129,7" hai3="55,99,70,24,9,56,87,12,107,4,54,36,113"/><T119/><D112/><U14/><E120/><V135/><F123/><W84/><G113/><T67/><D102/><U37/><E37/><V74/><F129/><W58/><G70/><T10/><D10/><U122/><E122/><V17/><F7/><W131/><G36/><T79/><D67/><U78/><E100/><V92/><F38/><W53/><G131/><T1/><D65/><U47/><E64/><V89/><F61/><W101/><G24/><T127/><D1/><U98/><E98/><V118/><F17/><W69/><G69/><T60/><D60/><U13/><E130/><V93/><F118/><W2/><G2/><T23/><D32/><U21/><E80/><N who="2" m="30795" /><F45/><W109/><REACH who="3" step="1"/><G109/><REACH who="3" ten="274,230,282,204" step="2"/><T27/><D27/><U63/><E0/><V11/><F39/><W68/><G68/><T110/><D110/><U117/><E3/><V111/><F111/><W5/><G5/><T57/><D119/><U51/><E117/><V95/><F133/><W40/><G40/><T75/><D116/><U126/><E63/><V97/><F41/><W62/><G62/><T15/><D42/><U48/><E50/><V115/><F135/><W103/><G103/><T6/><D6/><U25/><E25/><V77/><F115/><W8/><G8/><T76/><D26/><U85/><E78/><V72/><F11/><W86/><AGARI ba="1,1" hai="4,9,12,53,54,55,56,58,84,86,87,99,101,107" machi="86" ten="30,2000,0" yaku="1,1,0,1,53,0" doraHai="134" doraHaiUra="66" who="3" fromWho="3" sc="274,-11,230,-6,282,-6,204,33" /><INIT seed="5,0,0,4,0,80" ten="263,224,276,237" oya="1" hai0="118,107,103,108,121,129,130,19,27,117,38,47,106" hai1="133,4,132,30,100,92,9,36,131,76,123,109,105" hai2="74,77,82,35,42,49,102,59,37,72,45,90,61" hai3="57,40,32,14,41,12,28,15,2,8,6,55,56"/><U124/><E123/><V88/><F72/><W69/><G69/><T112/><D19/><U16/><E36/><V44/><F35/><W17/><G57/><T134/><D27/><U65/><E105/><V33/><F33/><W13/><G28/><T43/><D108/><U135/><E30/><V5/><F5/><W119/><G32/><T116/><D121/><U73/><E109/><V10/><F10/><W71/><G71/><T104/><D103/><U86/><E73/><V26/><F26/><W122/><G119/><T21/><D21/><U115/><E115/><V96/><F45/><W63/><REACH who="3" step="1"/><G122/><REACH who="3" ten="263,224,276,227" step="2"/><T51/><D112/><U25/><E132/><V75/><F75/><W50/><G50/><T120/><D120/><U101/><E133/><V85/><F74/><W81/><G81/><T89/><D51/><U93/><E135/><V11/><F37/><W54/><G54/><T67/><D134/><U22/><E65/><V52/><REACH who="2" step="1"/><F11/><AGARI ba="0,1" hai="2,6,8,11,12,13,14,15,17,40,41,55,56,63" machi="11" ten="40,1300,0" yaku="1,1,53,0" doraHai="80" doraHaiUra="87" who="3" fromWho="2" sc="263,0,224,0,276,-13,227,23" /><INIT seed="6,0,0,3,4,92" ten="263,224,263,250" oya="2" hai0="91,133,73,65,37,34,20,95,123,128,27,94,44" hai1="82,76,15,2,57,117,111,54,70,79,110,124,6" hai2="112,119,59,60,4,3,96,122,1,77,35,62,31" hai3="104,8,97,129,83,24,9,51,17,48,109,89,78"/><V26/><F119/><W14/><G109/><T46/><D34/><U84/><E70/><V7/><F122/><W101/><G129/><T75/><D123/><U41/><E117/><V21/><F112/><W114/><G114/><T98/><D133/><U40/><E124/><V5/><F77/><W105/><G105/><T67/><D128/><U38/><E2/><V11/><F62/><W115/><G115/><T55/><D37/><U19/><E6/><V72/><F72/><W107/><G107/><T45/><D75/><U86/><E38/><V64/><F1/><W39/><G39/><T126/><D73/><U13/><E110/><V93/><REACH who="2" step="1"/><F35/><REACH who="2" ten="263,224,253,250" step="2"/><W69/><G78/><T108/><D108/><U130/><E111/><V85/><F85/><W47/><G69/><T32/><D32/><U63/><E130/><V28/><F28/><W50/><G9/><T42/><D126/><U36/><E84/><V18/><F18/><W118/><G118/><T33/><D33/><U0/><E0/><V125/><F125/><W56/><G56/><T30/><D42/><N who="1" m="16491" /><E76/><V68/><F68/><W61/><G61/><T22/><D30/><U16/><E36/><V90/><AGARI ba="0,1" hai="3,4,5,7,11,21,26,31,59,60,64,90,93,96" machi="90" ten="20,7800,0" yaku="1,1,0,1,7,1,52,1,53,0" doraHai="92" doraHaiUra="132" who="2" fromWho="2" sc="263,-26,224,-26,253,88,250,-26" /><INIT seed="6,1,0,0,2,95" ten="237,198,341,224" oya="2" hai0="14,127,63,62,115,71,45,84,52,54,38,132,70" hai1="112,2,97,103,24,108,94,53,29,50,128,23,91" hai2="114,118,93,8,88,133,79,135,83,101,68,5,19" hai3="28,89,116,67,22,47,121,81,10,46,7,59,85"/><V66/><F118/><W56/><G121/><T77/><D84/><U75/><E108/><V4/><F101/><W31/><G116/><T58/><D14/><U113/><E75/><V74/><F114/><W0/><G59/><N who="0" m="35175" /><D77/><U43/><E43/><V111/><F111/><W106/><G106/><T119/><D115/><N who="1" m="44107" /><E2/><V40/><F40/><W15/><G0/><T51/><D119/><U17/><E128/><V130/><F130/><W27/><REACH who="3" step="1"/><G31/><REACH who="3" ten="237,198,341,214" step="2"/><T6/><D71/><U30/><E103/><V105/><F105/><W55/><G55/><T73/><D54/><U69/><E69/><V76/><F68/><W99/><G99/><T102/><D58/><AGARI ba="1,1" hai="17,23,24,29,30,50,53,58,91,94,97" m="44107" machi="58" ten="30,2000,0" yaku="15,1,52,1" doraHai="95" who="1" fromWho="0" sc="237,-23,198,33,341,0,214,0" /><INIT seed="7,0,0,5,0,102" ten="214,231,341,214" oya="3" hai0="52,38,116,119,48,24,70,11,90,30,0,42,46" hai1="81,64,43,79,117,112,7,22,104,25,66,69,8" hai2="124,73,97,21,131,14,5,9,118,80,27,60,29" hai3="51,130,40,23,107,1,55,37,125,88,45,13,68"/><W41/><G107/><T103/><D103/><U15/><E112/><V31/><F118/><W2/><G125/><T120/><D120/><U127/><E127/><V54/><F124/><W91/><G130/><T77/><D90/><U86/><E117/><V72/><F131/><W18/><G68/><T33/><D77/><U100/><E69/><V75/><F97/><W19/><G41/><T87/><D87/><U98/><REACH who="1" step="1"/><E43/><REACH who="1" ten="214,221,341,214" step="2"/><V44/><F72/><W28/><G28/><AGARI ba="0,1" hai="7,8,15,22,25,28,64,66,79,81,86,98,100,104" machi="28" ten="30,7700,0" yaku="1,1,2,1,7,1,52,1,53,0" doraHai="102" doraHaiUra="34" who="1" fromWho="3" sc="214,0,221,87,341,0,214,-77" owari="214,-19.0,308,11.0,341,44.0,137,-36.0" /></mjloggm>