<mjloggm ver="2.3"><GO type="169" lobby="0"/><UN n0="%E3%81%84%E3%81%97%E3%81%A3%E3%81%93" n1="%68%69%63%61%73%74%6C%65" n2="%E6%9A%A2%E4%B8%80" n3="%E7%B4%85%E9%AD%82" dan="18,16,16,17" rate="2252.61,2042.53,2168.87,2204.53" sx="M,M,M,F"/><TAIKYOKU oya="0"/><INIT seed="0,0,0,4,5,33" ten="250,250,250,250" oya="0" hai0="49,106,11,74,130,63,124,26,29,71,53,23,7" hai1="34,86,13,54,25,39,77,123,89,59,27,1,8" hai2="79,16,70,9,2,112,99,64,90,134,4,46,128" hai3="12,42,96,102,115,92,0,125,114,135,65,103,60"/><T91/><D124/><U51/><E39/><V69/><F112/><W111/><G125/><T107/><D130/><U24/><E123/><V36/><F128/><W19/><G111/><T116/><D74/><U84/><E34/><V6/><F134/><W56/><G135/><T44/><D116/><U52/><E77/><V133/><F79/><W129/><G129/><T62/><D91/><U10/><E1/><V21/><F6/><W98/><G42/><T80/><D80/><U119/><E119/><V55/><F64/><W5/><G5/><T76/><D76/><U38/><E38/><V14/><F133/><W122/><G0/><T35/><D35/><U75/><E75/><V67/><F67/><W37/><G37/><T3/><REACH who="0" step="1"/><D71/><REACH who="0" ten="240,250,250,250" step="2"/><U108/><E108/><V82/><F36/><W43/><G122/><T40/><D40/><U28/><E89/><V48/><REACH who="2" step="1"/><F82/><REACH who="2" ten="240,250,240,250" step="2"/><W15/><G115/><T100/><D100/><U113/><E113/><V32/><F32/><W132/><G114/><T31/><D31/><U17/><E28/><V87/><F87/><W72/><G132/><T57/><D57/><U88/><E86/><V81/><F81/><W50/><G72/><T104/><AGARI ba="0,2" hai="3,7,11,23,26,29,44,49,53,62,63,104,106,107" machi="104" ten="30,6000,0" yaku="1,1,0,1,52,1,53,0" doraHai="33" doraHaiUra="95" who="0" fromWho="0" sc="240,80,250,-20,240,-20,250,-20" /><INIT seed="0,1,0,3,3,18" ten="320,230,220,230" oya="0" hai0="98,110,103,66,101,91,15,64,5,89,83,105,49" hai1="126,125,29,96,117,54,47,14,131,67,51,112,72" hai2="7,77,21,135,11,124,25,12,132,121,23,128,115" hai3="102,113,41,108,38,114,71,69,129,26,60,44,62"/><T119/><D119/><U80/><E117/><V45/><F77/><W92/><G102/><T33/><D33/><U68/><E131/><V20/><F45/><W9/><G92/><T42/><D110/><U13/><E29/><N who="2" m="17575" /><F115/><W32/><G108/><T24/><D24/><U19/><E112/><V116/><F116/><W16/><G129/><T76/><D101/><U118/><E118/><V4/><F128/><W127/><G127/><N who="1" m="48650" /><E68/><V130/><F130/><W95/><G95/><T78/><D78/><N who="1" m="44103" /><E67/><V55/><F55/><W3/><G62/><T123/><D64/><U10/><E14/><N who="2" m="5479" /><F124/><W120/><G69/><T43/><D66/><U63/><E96/><V97/><F97/><W52/><G71/><T6/><D89/><U53/><E63/><V133/><F121/><W28/><G120/><T2/><D91/><U50/><E50/><V34/><F34/><W99/><G99/><T1/><D49/><U79/><E79/><V36/><F36/><W86/><G113/><T87/><D123/><U31/><E54/><V109/><F109/><W73/><G73/><T27/><D43/><U65/><E65/><V106/><F106/><W8/><G114/><T107/><D42/><U40/><E40/><V58/><F58/><W59/><G86/><T0/><D105/><U30/><AGARI ba="1,0" hai="10,13,19,30,31,47,51,53" m="44103,48650" machi="30" ten="30,1100,0" yaku="18,1" doraHai="18" who="1" fromWho="1" sc="320,-6,230,14,220,-4,230,-4" /><INIT seed="1,0,0,3,4,37" ten="314,244,216,226" oya="1" hai0="97,88,64,32,70,63,44,6,10,107,31,82,51" hai1="130,48,33,86,104,36,45,54,21,90,52,72,28" hai2="106,58,39,114,2,80,19,46,123,62,127,55,96" hai3="73,12,14,79,121,35,100,81,113,34,135,91,22"/><U0/><E130/><V128/><F128/><W24/><G113/><T117/><D117/><U50/><E72/><V20/><F114/><W69/><G121/><T11/><D82/><U25/><E104/><V61/><F127/><W129/><G135/><T103/><D88/><U78/><E0/><V65/><F2/><W49/><G69/><T134/><D134/><U66/><E36/><V5/><F5/><W9/><G14/><T112/><D112/><U76/><E66/><V7/><F7/><W42/><G100/><T84/><D84/><U122/><E33/><V119/><F123/><W105/><G105/><T115/><D115/><U89/><E89/><V57/><F80/><W77/><G77/><T99/><D99/><U108/><E108/><V13/><F119/><W40/><G91/><T4/><D4/><U26/><E26/><V109/><F109/><W124/><G124/><T43/><D6/><U101/><E101/><V53/><F106/><W38/><G9/><T87/><D87/><U102/><E102/><V15/><F96/><W3/><G12/><T118/><D118/><U8/><E8/><V98/><F98/><W131/><G3/><T94/><D94/><N who="1" m="54615" /><E122/><V71/><F13/><W59/><G131/><T67/><D67/><U47/><AGARI ba="0,0" hai="21,25,28,45,47,48,50,52,54,76,78" m="54615" machi="47" ten="30,3000,0" yaku="8,1,54,1" doraHai="37" who="1" fromWho="1" sc="314,-10,244,30,216,-10,226,-10" /><INIT seed="1,1,0,1,5,15" ten="304,274,206,216" oya="1" hai0="78,42,121,11,49,47,17,118,45,107,25,83,70" hai1="6,16,39,19,117,79,125,95,53,9,60,0,71" hai2="93,94,127,134,82,13,61,59,29,5,55,12,1" hai3="96,69,38,84,62,124,26,3,31,74,105,112,100"/><U32/><E39/><V92/><F134/><W72/><G112/><T67/><D107/><U27/><E117/><V63/><F127/><W130/><G124/><T114/><D118/><U116/><E116/><V86/><F29/><W129/><G84/><T106/><D106/><U22/><E125/><V23/><F1/><W131/><G3/><T103/><D103/><U35/><E79/><V87/><F5/><W90/><G90/><T75/><D114/><U54/><E54/><V122/><F122/><W123/><G38/><T128/><D128/><U50/><E95/><V21/><F82/><W73/><G123/><T120/><D45/><U8/><E60/><V88/><F61/><W68/><REACH who="3" step="1"/><G62/><REACH who="3" ten="304,274,206,206" step="2"/><T113/><D113/><U2/><E2/><V80/><F86/><W108/><G108/><T132/><D120/><U36/><E36/><V4/><F4/><W34/><AGARI ba="1,1" hai="26,31,34,68,69,72,73,74,96,100,105,129,130,131" machi="34" ten="40,8000,1" yaku="1,1,0,1,19,1,23,2,53,0" doraHai="15" doraHaiUra="52" who="3" fromWho="3" sc="304,-21,274,-41,206,-21,206,93" /><INIT seed="2,0,0,4,5,52" ten="283,233,185,299" oya="2" hai0="80,76,78,18,87,94,104,135,112,8,27,1,74" hai1="64,56,33,127,89,29,105,116,34,54,102,83,30" hai2="55,21,7,20,118,24,99,129,39,98,46,130,73" hai3="47,101,93,133,65,28,16,63,79,10,6,44,14"/><V134/><F118/><W45/><G133/><T2/><D112/><U15/><E127/><V53/><F134/><W96/><G79/><T121/><D121/><U48/><E116/><V66/><F73/><W85/><G28/><T119/><D135/><U120/><E120/><V5/><F66/><W50/><G85/><T82/><D104/><U37/><E37/><V13/><F39/><W70/><REACH who="3" step="1"/><G6/><REACH who="3" ten="283,233,185,289" step="2"/><T95/><D119/><U81/><E30/><V88/><F5/><W68/><G68/><T124/><D124/><U103/><E29/><V86/><F7/><W19/><G19/><T91/><D1/><U60/><E34/><V69/><F69/><W108/><G108/><T32/><D2/><U84/><E33/><V3/><F130/><W40/><AGARI ba="0,1" hai="10,14,16,40,44,45,47,50,63,65,70,93,96,101" machi="40" ten="20,8000,1" yaku="1,1,0,1,7,1,54,1,53,1" doraHai="52" doraHaiUra="97" who="3" fromWho="3" sc="283,-20,233,-20,185,-40,289,90" /><INIT seed="3,0,0,3,5,79" ten="263,213,145,379" oya="3" hai0="100,83,95,88,117,129,3,2,38,6,112,123,114" hai1="29,53,77,57,127,106,124,101,85,65,16,43,107" hai2="24,17,132,23,56,78,67,87,92,82,108,18,121" hai3="58,73,44,21,45,49,71,35,22,26,48,62,20"/><W104/><G73/><T69/><D117/><U59/><E29/><V39/><F108/><W125/><G104/><T135/><D123/><U113/><E43/><V51/><F132/><W109/><G71/><T5/><D69/><U37/><E37/><V89/><F39/><W80/><G125/><N who="1" m="48202" /><E113/><N who="0" m="43625" /><D38/><U61/><E101/><V50/><F121/><W40/><G109/><T42/><D42/><U11/><E85/><V90/><F90/><W98/><G98/><N who="0" m="59487" /><D129/><U70/><E77/><V120/><F17/><W32/><G26/><T13/><D13/><N who="1" m="7231" /><E59/><V34/><F34/><W102/><G102/><T110/><D110/><U131/><E131/><V14/><F14/><W28/><G35/><T130/><D130/><U60/><AGARI ba="0,0" hai="53,57,60,61,65,70,106,107" m="7231,48202" machi="60" ten="30,2000,0" yaku="18,1,54,1" doraHai="79" who="1" fromWho="1" sc="263,-5,213,20,145,-5,379,-10" /><INIT seed="4,0,0,1,3,86" ten="258,233,140,369" oya="0" hai0="106,92,74,16,114,9,72,6,42,32,36,52,97" hai1="75,95,70,19,39,31,33,22,46,59,50,17,105" hai2="120,18,123,5,41,113,93,29,2,119,34,56,48" hai3="90,78,73,87,128,38,27,110,49,133,1,126,57"/><T68/><D106/><U91/><E70/><V62/><F113/><W60/><G110/><T8/><D32/><U12/><E105/><V116/><F34/><W96/><G38/><T111/><D68/><U84/><E75/><V85/><F29/><W117/><G1/><T37/><D114/><U24/><E39/><V135/><F2/><W109/><G109/><T43/><D111/><U88/><E19/><V10/><F5/><W115/><G117/><N who="2" m="45129" /><F41/><W83/><G96/><T71/><D71/><U3/><E3/><V0/><F48/><W21/><G49/><T28/><D28/><U65/><E65/><N who="2" m="39111" /><F135/><W67/><G133/><T112/><D112/><U122/><E122/><V53/><F53/><W11/><G67/><T79/><D52/><U30/><E30/><V118/><N who="2" m="45137" /><V127/><DORA hai="4" /><F127/><W124/><G126/><T130/><D6/><U64/><E64/><V47/><F47/><W40/><G40/><T25/><D42/><U99/><E50/><V101/><F101/><W134/><G60/><T15/><D43/><U66/><E66/><V89/><F0/><W107/><G124/><T7/><D36/><U63/><E63/><V81/><F93/><W82/><G115/><T129/><D37/><U23/><E59/><V58/><F58/><W104/><G57/><T13/><D25/><U94/><E33/><V51/><F51/><W102/><G27/><T61/><D61/><U132/><E132/><V14/><AGARI ba="0,0" hai="10,14,18,81,85,89,120,123" m="39111,45137" machi="14" ten="40,5200,0" yaku="12,1,52,2" doraHai="86,4" who="2" fromWho="2" sc="258,-26,233,-13,140,52,369,-13" /><INIT seed="5,0,0,5,0,126" ten="232,220,192,356" oya="1" hai0="114,92,38,72,81,44,118,74,6,87,8,70,119" hai1="128,112,90,31,64,12,122,109,78,73,75,59,127" hai2="57,82,117,41,26,49,89,25,135,22,124,121,111" hai3="132,1,48,102,133,134,130,9,123,34,77,98,105"/><U103/><E122/><V104/><F111/><W37/><G123/><T50/><D70/><U110/><E127/><V99/><F121/><W23/><G37/><T86/><D38/><U53/><E64/><V19/><F124/><W100/><G34/><T36/><D36/><U84/><E31/><V30/><F135/><W65/><G65/><T16/><D114/><U42/><E42/><V71/><F71/><W32/><G32/><T67/><D67/><U83/><E112/><V129/><F117/><W17/><G77/><T95/><D16/><U125/><E125/><V120/><F120/><W10/><G130/><T2/><D86/><U61/><E103/><V85/><F129/><W24/><G1/><T52/><D74/><U80/><E128/><V35/><F99/><N who="3" m="61599" /><G48/><T56/><D72/><U27/><E27/><V68/><F68/><W79/><G79/><T58/><D118/><U29/><E29/><V60/><F104/><AGARI ba="0,0" hai="9,10,17,23,24,98,102,104,132,133,134" m="61599" machi="104" ten="30,1000,0" yaku="20,1" doraHai="126" who="3" fromWho="2" sc="232,0,220,0,192,-10,356,10" /><INIT seed="6,0,0,2,0,10" ten="232,220,182,366" oya="2" hai0="101,56,96,73,48,76,29,32,115,52,79,18,39" hai1="87,67,105,86,61,121,77,81,74,63,66,124,72" hai2="0,43,70,49,31,128,107,25,95,130,6,112,109" hai3="47,127,64,23,19,65,21,75,15,38,94,108,123"/><V103/><F112/><W22/><G108/><T3/><D39/><U125/><E105/><V17/><F109/><W60/><G123/><T30/><D3/><U42/><E42/><V100/><F70/><W2/><G75/><T55/><D115/><U114/><E114/><V78/><F78/><N who="0" m="29738" /><D32/><U126/><E121/><V50/><F107/><W35/><G35/><T92/><D73/><U57/><REACH who="1" step="1"/><E74/><REACH who="1" ten="232,210,182,366" step="2"/><V8/><F43/><W54/><G38/><T41/><D41/><U98/><E98/><N who="2" m="59487" /><F103/><W133/><G2/><T1/><D1/><U84/><E84/><V62/><F62/><W5/><G60/><T11/><D55/><U4/><E4/><V118/><F118/><W89/><G5/><T12/><AGARI ba="0,1" hai="11,12,18,29,30,48,52,56,92,96,101" m="29738" machi="12" ten="30,4000,0" yaku="8,1,52,1,54,1" doraHai="10" who="0" fromWho="0" sc="232,50,210,-10,182,-20,366,-10" /><INIT seed="7,0,0,5,5,86" ten="282,200,162,356" oya="3" hai0="33,29,132,1,41,21,78,89,71,47,11,88,128" hai1="90,38,13,63,52,27,68,83,73,14,116,44,124" hai2="131,93,92,79,66,84,56,54,58,49,77,18,35" hai3="20,36,76,80,111,127,12,43,23,135,97,115,10"/><W101/><G115/><T114/><D71/><U0/><E0/><V55/><F35/><W64/><G64/><T24/><D114/><U7/><E124/><V104/><F104/><W100/><G100/><T102/><D102/><U22/><E116/><V48/><F66/><W50/><G36/><T42/><D42/><U85/><E73/><V117/><F117/><W69/><G69/><T98/><D98/><U134/><E134/><V109/><F109/><W53/><G43/><T15/><D78/><U95/><E7/><V19/><REACH who="2" step="1"/><F84/><REACH who="2" ten="282,200,152,356" step="2"/><W119/><G111/><T75/><D75/><U3/><E68/><V2/><F2/><W105/><G119/><T26/><D1/><U57/><E3/><V51/><F51/><W74/><G135/><T107/><D107/><U112/><E112/><V129/><AGARI ba="0,1" hai="18,19,48,49,54,55,56,58,77,79,92,93,129,131" machi="129" ten="25,6400,0" yaku="1,1,0,1,22,2,53,0" doraHai="86" doraHaiUra="4" who="2" fromWho="2" sc="282,-16,200,-16,152,74,356,-32" owari="266,7.0,184,-32.0,226,-17.0,324,42.0" /></mjloggm>