<mjloggm ver="2.3"><GO type="185" lobby="0"/><UN n0="%E3%81%8A%E7%9F%A5%E3%82%89%E3%81%9B" n1="%E6%9D%B1%E9%B3%B3" n2="%63%73%74%31%34%38" n3="" dan="18,17,17,0" rate="2349.65,2261.29,2236.50,1500.00" sx="M,M,M,C"/><TAIKYOKU oya="0"/><INIT seed="0,0,0,4,4,63" ten="350,350,350,0" oya="0" hai0="62,123,121,101,135,117,47,53,67,126,65,44,35" hai1="119,115,93,132,91,76,134,68,112,113,0,49,59" hai2="2,1,131,56,38,88,73,34,127,94,86,133,87" hai3=""/><T92/><N who="0" m="31008" /><T111/><N who="0" m="31520" /><T50/><D35/><U61/><E119/><V99/><F34/><T42/><D117/><U82/><E68/><V41/><F127/><T122/><N who="0" m="31264" /><T120/><N who="0" m="30752" /><T48/><D135/><N who="1" m="51755" /><E49/><V46/><F133/><T72/><D72/><U33/><E0/><V107/><F2/><T85/><D111/><U109/><E109/><V97/><F1/><T130/><D130/><U98/><E33/><V43/><F131/><T114/><D114/><U118/><E118/><V128/><F128/><T39/><D126/><U79/><E82/><V106/><F73/><T95/><D101/><U54/><AGARI ba="0,0" hai="54,59,61,76,79,91,93,98,112,113,115" m="51755" machi="54" ten="40,2000,0" yaku="11,1,20,1" doraHai="63" who="1" fromWho="1" sc="350,-13,350,20,350,-7,0,0" /><INIT seed="1,0,0,0,4,70" ten="337,370,343,0" oya="1" hai0="95,42,118,55,132,94,131,66,102,87,90,97,65" hai1="46,35,135,103,34,99,69,88,72,125,112,130,107" hai2="68,36,64,91,117,53,2,33,86,84,119,50,58" hai3=""/><U110/><RYUUKYOKU type="yao9" ba="0,0" sc="337,0,370,0,343,0,0,0" hai1="34,35,46,69,72,88,99,103,107,110,112,125,130,135" /><INIT seed="1,1,0,2,2,99" ten="337,370,343,0" oya="1" hai0="33,42,92,103,84,79,48,69,64,63,117,75,70" hai1="0,90,130,46,49,34,115,94,129,118,37,53,36" hai2="119,72,108,66,133,107,132,102,135,43,125,51,50" hai3=""/><U59/><E115/><V57/><F72/><T65/><D33/><U110/><E118/><V71/><F119/><T67/><D117/><U52/><E0/><V44/><F108/><T77/><D75/><U60/><E34/><V61/><F125/><T32/><D32/><U96/><REACH who="1" step="1"/><E110/><REACH who="1" ten="337,360,343,0" step="2"/><V62/><F107/><T40/><D70/><U91/><E91/><V68/><F102/><T81/><D69/><N who="2" m="26698" /><F62/><T87/><D63/><U113/><E113/><V45/><F133/><T123/><N who="0" m="31520" /><T55/><D103/><U78/><E78/><V82/><F82/><T106/><D106/><U109/><E109/><V86/><F86/><T80/><REACH who="0" step="1"/><D92/><REACH who="0" ten="327,360,343,0" step="2"/><U35/><E35/><V105/><F105/><T95/><D95/><U116/><E116/><V124/><F132/><T121/><N who="0" m="31008" /><T2/><D2/><U76/><E76/><V120/><F135/><T93/><D93/><U88/><E88/><V111/><F120/><T104/><D104/><U131/><AGARI ba="1,2" hai="36,37,46,49,52,53,59,60,90,94,96,129,130,131" machi="131" ten="30,7800,0" yaku="1,1,0,1,19,1,54,1,53,0" doraHai="99" doraHaiUra="122" who="1" fromWho="1" sc="327,-40,360,100,343,-40,0,0" /><INIT seed="1,2,0,1,4,61" ten="287,460,303,0" oya="1" hai0="129,86,122,51,45,126,48,70,36,101,114,88,35" hai1="72,108,67,33,128,109,132,103,58,84,32,80,40" hai2="43,34,107,124,85,105,94,41,99,79,64,37,130" hai3=""/><U66/><E72/><V112/><F34/><T113/><N who="0" m="31264" /><T131/><D35/><U52/><E132/><V65/><F124/><T63/><D101/><U97/><E128/><N who="0" m="49225" /><D36/><U83/><E40/><V118/><F130/><T69/><D126/><U76/><E83/><V117/><F112/><N who="0" m="43114" /><D63/><U90/><E76/><V91/><F37/><T111/><D111/><N who="1" m="42571" /><E32/><V39/><F39/><T38/><D38/><U96/><E33/><V50/><F50/><N who="0" m="18986" /><D45/><U120/><N who="1" m="30752" /><U59/><E103/><V54/><F41/><T81/><AGARI ba="2,0" hai="69,70,81,86,88" m="18986,43114,49225,31264" machi="81" ten="40,3900,0" yaku="19,1,52,1,54,1" doraHai="61" who="0" fromWho="0" sc="287,43,460,-28,303,-15,0,0" /><INIT seed="2,0,0,0,3,81" ten="330,432,288,0" oya="2" hai0="122,135,77,43,47,79,120,86,105,52,83,58,124" hai1="88,71,42,64,36,115,89,39,99,69,65,101,85" hai2="87,75,35,90,57,68,129,0,63,48,33,91,108" hai3=""/><V118/><F0/><T102/><N who="0" m="30752" /><T80/><N who="0" m="31264" /><T110/><D110/><U84/><E42/><V103/><F108/><T128/><D128/><U119/><E99/><V130/><F75/><T93/><D105/><U54/><E54/><V114/><F114/><T2/><D135/><U127/><E101/><V112/><F112/><T50/><D124/><U73/><E115/><V49/><F118/><T134/><D134/><U40/><E40/><V97/><F68/><T96/><D2/><U46/><E46/><V67/><F48/><T62/><D83/><U94/><E94/><V104/><F49/><T123/><N who="0" m="31520" /><T45/><D45/><U92/><E92/><V55/><F55/><T95/><D95/><U100/><E127/><V53/><F53/><T76/><AGARI ba="0,0" hai="43,47,50,52,58,62,76,77,79,80,86,93,96,102" m="31520,31264,30752" machi="76" ten="20,12000,3" yaku="0,1,7,1,8,1,52,4,54,1" doraHai="81" who="0" fromWho="0" sc="330,120,432,-40,288,-80,0,0" /><INIT seed="4,0,0,1,4,127" ten="450,392,208,0" oya="0" hai0="87,39,72,108,85,118,46,131,77,57,40,134,88" hai1="83,42,90,79,86,52,54,128,76,48,103,51,132" hai2="94,129,66,35,116,97,82,47,71,67,124,0,1" hai3=""/><T75/><D118/><U59/><E128/><V98/><F116/><T96/><D134/><U34/><E34/><V122/><N who="2" m="31264" /><V69/><F124/><T44/><D108/><U3/><E3/><V49/><F35/><T91/><D77/><U37/><E132/><V133/><F133/><T81/><D131/><U93/><E37/><V56/><F129/><T45/><D96/><U89/><E42/><V135/><F135/><T120/><N who="0" m="30752" /><T55/><D75/><U74/><E103/><V117/><F117/><T105/><D72/><U78/><REACH who="1" step="1"/><E89/><REACH who="1" ten="450,382,208,0" step="2"/><V125/><F0/><T110/><D110/><U92/><E92/><V73/><F94/><T99/><D105/><U112/><E112/><V63/><F1/><T130/><D130/><U126/><E126/><V106/><F125/><T68/><D99/><U119/><E119/><V95/><F106/><T121/><N who="0" m="31008" /><T70/><D70/><U43/><E43/><V100/><F98/><T104/><D68/><U109/><E109/><V114/><F71/><T123/><N who="0" m="31520" /><T84/><D104/><U101/><E101/><V65/><F69/><T60/><REACH who="0" step="1"/><D85/><REACH who="0" ten="440,382,208,0" step="2"/><U41/><E41/><V36/><F97/><T33/><D33/><U32/><E32/><V80/><F100/><RYUUKYOKU ba="0,2" sc="440,10,382,10,208,-20,0,0" hai0="39,40,44,45,46,55,57,60,81,84,87,88,91" hai1="48,51,52,54,59,74,76,78,79,83,86,90,93" /><INIT seed="4,1,2,4,0,78" ten="450,392,188,0" oya="0" hai0="75,55,39,131,105,89,98,3,59,48,118,51,86" hai1="85,43,33,52,123,71,40,126,111,101,109,107,122" hai2="45,36,41,116,62,32,97,70,115,47,80,93,127" hai3=""/><T130/><D75/><U128/><N who="1" m="31264" /><U108/><N who="1" m="31520" /><U37/><E33/><V90/><F32/><T67/><D39/><U57/><E71/><V1/><F1/><T92/><D3/><U69/><E69/><V65/><F115/><T134/><D118/><U63/><E126/><V121/><N who="2" m="31008" /><V104/><F127/><T83/><D134/><U81/><E128/><V102/><F116/><T68/><D105/><U120/><N who="1" m="30752" /><U112/><E112/><V79/><F41/><T76/><REACH who="0" step="1"/><D48/><REACH who="0" ten="440,392,188,0" step="2"/><U44/><E43/><V135/><F36/><T46/><D46/><U54/><E111/><V84/><REACH who="2" step="1"/><F135/><REACH who="2" ten="440,392,178,0" step="2"/><T77/><D77/><U117/><E117/><V74/><AGARI ba="1,4" hai="45,47,62,65,70,74,79,80,84,90,93,97,102,104" m="31008" machi="74" ten="20,12000,3" yaku="1,1,2,1,0,1,7,1,24,2,52,2,53,2" doraHai="78" doraHaiUra="42" who="2" fromWho="2" sc="440,-81,392,-41,178,162,0,0" /><INIT seed="5,0,0,5,2,40" ten="359,351,340,0" oya="1" hai0="41,103,3,125,102,127,51,111,36,61,96,49,1" hai1="43,112,104,54,113,55,106,99,100,118,52,132,68" hai2="107,72,56,126,84,47,63,57,37,69,78,109,105" hai3=""/><U79/><E118/><V83/><F109/><T73/><D73/><U85/><E132/><V75/><F126/><N who="0" m="48138" /><D111/><U82/><E68/><V44/><F69/><T97/><D36/><U33/><E33/><V93/><F57/><T92/><D61/><U120/><N who="1" m="30752" /><U108/><E108/><V76/><F75/><T60/><D60/><U34/><E34/><V128/><F128/><T67/><D67/><U46/><REACH who="1" step="1"/><E106/><REACH who="1" ten="359,341,340,0" step="2"/><V110/><F110/><T130/><D130/><U70/><E70/><V38/><F105/><T2/><D41/><U94/><E94/><AGARI ba="0,1" hai="1,2,3,49,51,92,94,96,97,102,103" m="48138" machi="94" ten="40,1300,0" yaku="18,1" doraHai="40" who="0" fromWho="1" sc="359,23,341,-13,340,0,0,0" /><INIT seed="6,0,0,4,4,110" ten="382,328,340,0" oya="2" hai0="97,86,134,34,116,78,88,119,45,74,129,68,91" hai1="57,99,43,37,1,36,102,84,47,67,76,51,85" hai2="94,123,108,98,66,92,126,90,115,135,39,46,120" hai3=""/><V107/><N who="2" m="30752" /><V127/><N who="2" m="31520" /><V132/><F108/><T96/><D68/><U109/><E1/><V111/><F111/><T71/><D71/><U64/><E109/><V125/><F115/><T93/><D34/><U121/><N who="1" m="31008" /><U130/><E130/><V131/><F131/><T122/><N who="0" m="31264" /><T38/><D129/><U54/><E36/><V77/><F66/><T117/><D134/><N who="2" m="51242" /><F77/><T89/><D45/><U70/><E76/><V41/><F90/><N who="0" m="34922" /><D38/><U83/><E83/><AGARI ba="0,0" hai="74,78,83,86,91,93,96,97,116,117,119" m="34922,31264" machi="83" ten="40,8000,1" yaku="34,2,52,1,54,1" doraHai="110" who="0" fromWho="1" sc="382,80,328,-80,340,0,0,0" owari="462,41.0,248,-35.0,340,-6.0,0,0.0" /></mjloggm>