<mjloggm ver="2.3"><GO type="169" lobby="0"/><UN n0="%E7%84%A1%E7%AD%8B%E9%96%8B%E6%8B%93%E3%83%9E%E3%82%B7%E3%83%BC%E3%83%B3" n1="%E5%BA%83%E5%B3%B6%E3%81%AE%E7%A8%AE%E9%A6%AC" n2="%E3%81%82%E3%81%84%E3%81%82%E3%81%8A%E3%81%84" n3="%39%2D%62%61%79" dan="16,17,17,16" rate="2079.37,2257.35,2258.88,2130.09" sx="M,M,M,M"/><TAIKYOKU oya="0"/><INIT seed="0,0,0,4,0,13" ten="250,250,250,250" oya="0" hai0="86,52,54,132,90,101,20,47,40,46,23,122,67" hai1="6,126,27,58,11,84,97,83,106,72,95,111,18" hai2="105,34,50,17,69,127,74,66,1,100,60,115,31" hai3="65,120,76,43,119,4,37,12,117,0,98,32,94"/><T116/><D116/><U110/><E126/><V87/><F127/><W81/><G32/><T125/><D132/><U75/><E106/><V30/><F74/><W78/><G65/><T128/><D128/><U10/><E58/><V118/><F1/><W49/><G37/><T44/><D125/><U99/><E84/><V102/><F115/><W82/><G0/><T35/><D35/><U96/><E95/><V61/><F118/><W124/><G120/><T131/><D131/><U16/><E27/><V29/><F61/><W26/><G26/><T71/><D101/><U135/><E135/><V107/><F87/><W134/><G134/><T19/><D20/><U80/><E96/><V48/><F34/><W3/><G3/><T42/><D67/><U15/><E15/><V7/><F7/><AGARI ba="0,0" hai="6,7,10,11,16,18,72,75,80,83,97,99,110,111" machi="7" ten="25,8000,1" yaku="22,2,52,2,54,1" doraHai="13" who="1" fromWho="2" sc="250,0,250,80,250,-80,250,0" /><INIT seed="1,0,0,5,3,107" ten="250,330,170,250" oya="1" hai0="40,103,48,9,80,133,67,5,11,47,60,15,45" hai1="91,66,23,96,105,12,25,99,68,22,32,79,127" hai2="121,132,78,69,7,2,34,120,72,126,49,110,102" hai3="123,8,13,65,135,63,109,118,106,92,76,115,94"/><U0/><E0/><V74/><F49/><W10/><G106/><T73/><D133/><U77/><E127/><V130/><F78/><W129/><G115/><T16/><D103/><U24/><E105/><V90/><F90/><W104/><G104/><T87/><D47/><U53/><E12/><V89/><F89/><W83/><G123/><N who="2" m="47177" /><F102/><W81/><G129/><T95/><D95/><U20/><E32/><V88/><F88/><W55/><G55/><T50/><D50/><U52/><E66/><V37/><F132/><W41/><G41/><T113/><D113/><U6/><E6/><V14/><F14/><W61/><G13/><T27/><D27/><N who="1" m="10315" /><E68/><V134/><F134/><W19/><G76/><N who="1" m="29258" /><E91/><V31/><F69/><W51/><G65/><T86/><D80/><U3/><E3/><V26/><F126/><W122/><G122/><T28/><D28/><U114/><E114/><V128/><F37/><W71/><G71/><T46/><D46/><U75/><E75/><N who="2" m="28715" /><F110/><W56/><G109/><T119/><D73/><U117/><E117/><V54/><F54/><AGARI ba="0,0" hai="20,22,23,52,53,54,96,99" m="29258,10315" machi="54" ten="30,11600,0" yaku="28,2,8,1,54,1" doraHai="107" who="1" fromWho="2" sc="250,0,330,116,170,-116,250,0" /><INIT seed="1,1,0,5,3,43" ten="250,446,54,250" oya="1" hai0="38,92,24,94,88,67,47,93,60,109,108,100,23" hai1="133,16,13,134,119,85,37,105,41,83,45,21,135" hai2="54,113,98,81,5,96,14,15,35,129,89,97,56" hai3="70,90,28,76,52,55,18,32,132,71,36,26,12"/><U117/><REACH who="1" step="1"/><E105/><REACH who="1" ten="250,436,54,250" step="2"/><V11/><F129/><W1/><G132/><T61/><D100/><U64/><E64/><V51/><F113/><W29/><G1/><T106/><D106/><U79/><AGARI ba="1,1" hai="13,16,21,37,41,45,79,83,85,117,119,133,134,135" machi="79" ten="30,18000,2" yaku="21,2,0,1,20,1,52,1,54,1,53,0" doraHai="43" doraHaiUra="121" who="1" fromWho="1" sc="250,-61,436,193,54,-61,250,-61" owari="189,-1.0,629,73.0,-7,-51.0,189,-21.0" /></mjloggm>