<mjloggm ver="2.3"><GO type="169" lobby="0"/><UN n0="%E9%B3%A9%E3%82%8A%E3%82%85%E3%81%86%E3%81%95%E3%82%93" n1="%E5%89%AF%E6%96%99%E7%90%86%E9%95%B7" n2="%E3%81%9F%E3%81%BE%E5%AD%90" n3="%68%7A%63" dan="16,16,17,17" rate="2150.98,2068.48,2137.10,2132.08" sx="M,M,M,F"/><TAIKYOKU oya="0"/><INIT seed="0,0,0,1,1,115" ten="250,250,250,250" oya="0" hai0="112,42,130,99,48,116,34,54,103,71,25,37,28" hai1="97,69,134,84,65,57,16,29,43,50,121,36,11" hai2="101,67,9,14,27,77,125,111,80,135,38,95,104" hai3="6,51,98,88,89,44,73,120,127,81,100,93,8"/><T92/><D112/><U21/><E121/><V76/><F111/><W105/><G127/><T23/><D130/><U64/><E134/><V123/><F123/><W55/><G120/><T94/><D71/><U35/><E36/><V18/><F38/><W70/><G70/><T118/><D42/><U19/><E35/><V78/><F104/><W49/><G49/><T129/><D129/><U33/><E33/><V1/><F125/><W126/><G126/><T122/><D122/><U58/><E97/><V85/><F1/><W45/><G45/><T102/><D37/><U7/><E29/><V2/><F2/><W40/><G40/><T113/><D113/><U72/><E72/><V82/><F135/><W68/><G68/><T15/><D102/><U79/><E19/><V124/><F67/><W26/><G26/><T61/><D61/><U47/><E65/><V106/><F106/><W10/><G105/><T60/><D60/><U30/><E30/><V128/><F128/><W63/><G63/><T12/><D94/><U13/><E64/><V62/><F62/><W56/><G56/><T90/><D103/><U46/><E46/><V3/><F3/><W132/><G132/><T66/><D66/><U20/><E20/><N who="2" m="13719" /><F124/><W91/><REACH who="3" step="1"/><G6/><REACH who="3" ten="250,250,250,240" step="2"/><T117/><REACH who="0" step="1"/><D34/><REACH who="0" ten="240,250,250,240" step="2"/><U53/><E69/><V4/><F101/><W107/><G107/><T75/><D75/><U32/><E32/><V87/><F95/><W83/><G83/><AGARI ba="0,2" hai="4,9,14,76,77,78,80,82,83,85,87" m="13719" machi="83" ten="30,1000,0" yaku="8,1" doraHai="115" who="2" fromWho="3" sc="240,0,250,0,250,30,240,-10" /><INIT seed="1,0,0,0,1,85" ten="240,250,280,230" oya="1" hai0="42,28,57,94,11,74,6,89,71,14,63,129,12" hai1="46,100,4,135,92,38,40,60,7,0,17,73,31" hai2="124,1,126,128,15,32,37,22,120,97,123,133,24" hai3="88,95,49,84,62,27,132,86,118,121,96,52,99"/><U82/><E135/><V83/><F37/><W3/><G3/><T130/><D74/><U35/><E17/><N who="2" m="10559" /><F97/><W70/><G121/><N who="2" m="46665" /><F83/><W113/><G113/><T79/><D79/><U55/><E100/><V93/><F93/><N who="3" m="56359" /><G70/><T78/><D78/><U56/><E92/><V98/><F98/><W67/><G132/><T36/><D71/><U104/><E104/><V90/><F90/><N who="3" m="55799" /><G118/><T111/><D111/><U68/><E82/><V21/><F133/><W105/><G105/><T127/><D127/><N who="2" m="48682" /><F1/><W2/><G2/><T116/><D36/><U9/><E73/><V134/><F134/><W13/><G67/><T47/><D89/><U29/><E68/><V106/><F106/><W66/><G66/><T39/><D94/><U20/><E38/><V41/><F41/><W18/><G62/><T53/><D63/><U69/><E69/><V44/><F44/><N who="3" m="27687" /><G27/><T23/><D39/><U107/><E107/><V119/><F119/><W75/><G75/><T102/><D116/><U43/><E43/><V131/><F32/><W117/><G117/><T122/><D42/><U115/><E35/><V16/><AGARI ba="0,0" hai="16,21,24,128,131" m="48682,46665,10559" machi="16" ten="40,8000,1" yaku="18,1,34,2,54,1" doraHai="85" who="2" fromWho="2" sc="240,-20,250,-40,280,80,230,-20" /><INIT seed="2,0,0,5,0,2" ten="220,210,360,210" oya="2" hai0="128,133,81,80,108,76,9,103,87,41,75,30,14" hai1="90,95,135,83,96,113,57,24,50,7,17,12,34" hai2="109,59,102,66,16,37,86,39,29,104,114,61,18" hai3="123,31,130,70,94,4,71,100,15,56,69,79,58"/><V49/><F114/><W68/><G123/><T65/><D108/><U62/><E113/><V36/><F109/><W85/><G130/><T78/><D128/><U93/><E135/><V20/><F104/><W98/><G31/><T131/><D131/><U121/><E121/><V53/><F102/><W35/><N who="3" m="17408" /><DORA hai="120" /><W60/><G35/><T21/><D133/><U110/><E110/><V124/><F124/><W10/><REACH who="3" step="1"/><G60/><REACH who="3" ten="220,210,360,200" step="2"/><T46/><D30/><U97/><E34/><V77/><F29/><W74/><G74/><T52/><D65/><U72/><E62/><V129/><F129/><W122/><G122/><T88/><D75/><U51/><E72/><V6/><F61/><W38/><G38/><T126/><D126/><U22/><E57/><V99/><F39/><W25/><G25/><T116/><D116/><U105/><E105/><V3/><F37/><W32/><G32/><T125/><D125/><U42/><E42/><V111/><F36/><W28/><G28/><T63/><D63/><U33/><E33/><V67/><F111/><W82/><AGARI ba="0,1" hai="4,10,15,56,58,79,82,85,94,98,100" m="17408" machi="82" ten="60,7900,0" yaku="1,1,0,1,52,1,53,0" doraHai="2,120" doraHaiUra="26,117" who="3" fromWho="3" sc="220,-20,210,-20,360,-39,200,89" /><INIT seed="3,0,0,2,3,115" ten="200,190,321,289" oya="3" hai0="37,55,26,25,38,6,128,82,110,92,61,43,31" hai1="105,18,69,125,27,71,118,135,2,101,4,64,53" hai2="7,79,127,40,132,34,51,12,44,84,112,122,11" hai3="56,65,30,75,46,108,8,134,120,81,70,74,116"/><W88/><G120/><T114/><D114/><U28/><E125/><V29/><F112/><W0/><G70/><T87/><D6/><U35/><E135/><V47/><F127/><W32/><G134/><T76/><D110/><U67/><E67/><V10/><F132/><W20/><G32/><T94/><D38/><U102/><E102/><V123/><F11/><W50/><G108/><T91/><D128/><U83/><E53/><V63/><F63/><W1/><G116/><T86/><D37/><U119/><E83/><N who="2" m="47231" /><F44/><W103/><G103/><T13/><D43/><U89/><E89/><V23/><F23/><W97/><G56/><T39/><D39/><U96/><E18/><V16/><F16/><W62/><G62/><T90/><D31/><U3/><E71/><V117/><F117/><N who="1" m="44553" /><E4/><V45/><F45/><W9/><G65/><T42/><D42/><U78/><E78/><V113/><F113/><W60/><G60/><AGARI ba="0,0" hai="2,3,27,28,35,60,64,69,96,101,105" m="44553" machi="60" ten="30,12000,2" yaku="25,1,12,1,23,1,52,3" doraHai="115" who="1" fromWho="3" sc="200,0,190,120,321,0,289,-120" /><INIT seed="4,0,0,0,0,65" ten="200,310,321,169" oya="0" hai0="133,38,0,72,36,92,82,88,48,125,128,70,91" hai1="20,116,103,23,109,1,112,2,44,49,132,117,101" hai2="35,110,71,12,18,115,93,25,98,99,57,37,22" hai3="94,53,86,79,13,55,134,87,104,39,96,14,60"/><T68/><D0/><U34/><E34/><V80/><F110/><W15/><G39/><T111/><D111/><U119/><E109/><V67/><F37/><W62/><G104/><T107/><D107/><U114/><E49/><V63/><F115/><N who="1" m="44073" /><E44/><V78/><F57/><W26/><G26/><T24/><D24/><U131/><E131/><V43/><F43/><W29/><G29/><T31/><D31/><U16/><E132/><V10/><F93/><W32/><G32/><T56/><D133/><U41/><E41/><V33/><F33/><W81/><G87/><T3/><D3/><N who="1" m="1035" /><E23/><V40/><F40/><W130/><G130/><T76/><D128/><U89/><E89/><V7/><REACH who="2" step="1"/><F35/><REACH who="2" ten="200,310,311,169" step="2"/><W19/><G134/><T85/><D38/><U50/><E50/><V100/><F100/><W54/><REACH who="3" step="1"/><G19/><REACH who="3" ten="200,310,311,159" step="2"/><T8/><D36/><U95/><E95/><V84/><AGARI ba="0,2" hai="7,10,12,18,22,25,63,67,71,78,80,84,98,99" machi="84" ten="20,5200,0" yaku="1,1,0,1,7,1,52,1,53,0" doraHai="65" doraHaiUra="124" who="2" fromWho="2" sc="200,-26,310,-13,311,72,159,-13" /><INIT seed="5,0,0,2,4,110" ten="174,297,383,146" oya="1" hai0="135,63,18,42,80,9,121,25,64,70,119,127,113" hai1="38,35,0,45,83,104,88,51,28,100,87,20,133" hai2="52,106,126,130,89,50,17,125,111,19,29,47,44" hai3="22,56,40,72,66,61,118,7,13,59,65,23,105"/><U79/><E35/><V62/><F106/><W82/><G118/><T108/><D119/><U14/><E0/><V11/><F111/><W58/><G105/><T12/><D108/><U24/><E38/><V102/><F102/><W4/><G40/><T41/><D135/><U37/><E37/><V116/><F116/><W26/><G72/><T134/><D134/><U98/><E133/><V46/><F130/><W27/><G82/><T103/><D127/><N who="2" m="48650" /><F29/><W30/><G13/><T54/><D121/><U6/><E14/><N who="2" m="7391" /><F19/><W86/><G86/><T69/><D69/><U43/><REACH who="1" step="1"/><E6/><REACH who="1" ten="174,287,383,146" step="2"/><V67/><F89/><AGARI ba="0,1" hai="20,24,28,43,45,51,79,83,87,88,89,98,100,104" machi="89" ten="40,7700,0" yaku="1,1,2,1,54,1,53,0" doraHai="110" doraHaiUra="68" who="1" fromWho="2" sc="174,0,287,87,383,-77,146,0" /><INIT seed="5,1,0,2,4,131" ten="174,374,306,146" oya="1" hai0="95,21,62,6,66,70,81,13,41,55,1,98,35" hai1="18,93,103,120,23,77,2,71,65,94,105,79,49" hai2="3,27,114,108,25,90,24,33,45,100,43,111,68" hai3="85,5,97,87,134,117,102,56,69,110,52,89,44"/><U112/><E2/><V26/><F3/><W17/><G69/><T7/><D35/><U115/><E120/><V30/><F68/><W72/><G110/><T67/><D67/><U104/><E49/><V130/><F130/><W22/><G72/><T124/><D124/><U20/><E71/><V135/><F114/><W19/><G5/><T132/><D1/><U80/><E18/><V54/><F100/><W128/><G44/><T32/><D32/><U125/><E103/><V99/><F54/><W78/><G128/><T37/><D55/><U39/><E80/><V11/><F11/><W101/><G117/><T38/><D81/><U123/><E123/><V29/><F29/><W34/><G34/><T76/><D76/><U63/><E63/><V58/><F58/><W8/><G8/><T133/><D41/><U9/><E9/><V126/><F126/><W88/><G78/><T53/><D53/><U119/><E125/><V60/><F60/><N who="3" m="35847" /><G134/><N who="0" m="51819" /><D21/><U42/><E42/><V91/><F135/><W96/><G102/><N who="0" m="60767" /><D13/><U116/><E39/><AGARI ba="1,0" hai="6,7,37,38,39,62,66,70" m="60767,51819" machi="39" ten="30,7700,0" yaku="20,1,52,3" doraHai="131" who="0" fromWho="1" sc="174,80,374,-80,306,0,146,0" /><INIT seed="6,0,0,5,4,11" ten="254,294,306,146" oya="2" hai0="14,31,90,128,48,121,115,94,28,36,123,54,51" hai1="56,98,83,41,110,16,38,6,87,45,113,32,89" hai2="55,73,1,116,64,24,99,82,117,42,0,84,59" hai3="75,127,68,4,50,74,63,76,70,79,114,27,69"/><V81/><F64/><W119/><G119/><T132/><D36/><U21/><E32/><V126/><F126/><W105/><G127/><T125/><D125/><U29/><E110/><V17/><F42/><W118/><G118/><T9/><D132/><U106/><E29/><V53/><F99/><W96/><G4/><T104/><D104/><U47/><E6/><V72/><F24/><W103/><G50/><T60/><D60/><U120/><E120/><V3/><F17/><W13/><G114/><T101/><D101/><U23/><E23/><V49/><F73/><W35/><G13/><T19/><D115/><U86/><E56/><V85/><F72/><W102/><G102/><T111/><D111/><U135/><E135/><V133/><F133/><W77/><REACH who="3" step="1"/><G63/><REACH who="3" ten="254,294,306,136" step="2"/><T124/><D124/><U22/><E113/><V44/><F116/><W78/><N who="3" m="19456" /><DORA hai="108" /><W30/><AGARI ba="0,1" hai="27,30,35,68,69,70,74,75,96,103,105" m="19456" machi="30" ten="50,12000,2" yaku="1,1,4,1,0,1,53,3" doraHai="11,108" doraHaiUra="39,67" who="3" fromWho="3" sc="254,-30,294,-30,306,-60,136,130" /><INIT seed="7,0,0,5,2,26" ten="224,264,246,266" oya="3" hai0="60,106,84,47,131,111,44,22,24,66,119,10,30" hai1="9,4,82,23,98,92,20,68,41,125,76,34,113" hai2="110,93,71,134,133,55,53,120,91,102,56,109,78" hai3="19,27,43,52,112,88,58,31,81,2,69,67,42"/><W127/><G2/><T25/><D111/><U103/><E68/><V1/><F71/><W126/><G19/><T70/><D119/><U128/><E113/><V36/><F1/><W117/><G117/><T28/><D131/><U114/><E114/><V59/><F36/><W5/><G5/><T116/><D116/><U11/><E34/><V135/><F102/><W8/><G8/><T87/><D106/><U17/><E125/><N who="3" m="47626" /><G67/><T7/><D84/><U51/><E128/><V90/><F78/><W15/><G15/><T101/><D87/><N who="1" m="48583" /><E4/><V0/><F0/><W104/><G104/><T129/><D101/><U33/><E33/><V95/><REACH who="2" step="1"/><F134/><REACH who="2" ten="224,264,236,266" step="2"/><W65/><G69/><T77/><D77/><U49/><E103/><V100/><F100/><W74/><G112/><T75/><D129/><U124/><E124/><V123/><AGARI ba="0,1" hai="53,55,56,59,90,91,93,95,109,110,120,123,133,135" machi="123" ten="25,12000,2" yaku="1,1,0,1,22,2,53,2" doraHai="26" doraHaiUra="122" who="2" fromWho="2" sc="224,-30,264,-30,236,130,266,-60" owari="194,-31.0,234,3.0,366,47.0,206,-19.0" /></mjloggm>