<mjloggm ver="2.3"><GO type="225" lobby="0"/><UN n0="%E4%BF%BA%E3%81%A8%E5%A6%96%E5%A4%A2" n1="%E8%A8%88%E7%AE%97%E6%A9%9F%E8%87%AA%E7%84%B6" n2="%E7%99%BD%E8%89%B2%E3%81%AE%E6%B0%B4" n3="%E6%81%AC%E6%B7%A1%E5%AF%82%E5%AF%9E" dan="17,17,16,16" rate="2178.17,2188.65,2086.42,2200.13" sx="F,M,M,F"/><TAIKYOKU oya="0"/><INIT seed="0,0,0,4,5,46" ten="250,250,250,250" oya="0" hai0="68,98,93,87,37,82,72,15,23,14,97,133,124" hai1="0,20,75,25,90,100,36,119,11,96,34,30,120" hai2="51,5,38,29,71,18,130,44,58,89,84,54,22" hai3="107,64,52,66,94,4,127,128,83,121,61,78,74"/><T108/><D37/><U131/><E119/><V95/><F130/><W77/><G107/><T76/><D68/><U102/><E120/><V112/><F112/><W2/><G128/><T32/><D32/><U114/><E75/><V103/><F71/><W80/><G127/><T88/><D124/><U126/><E36/><V47/><F38/><W19/><G94/><T69/><D69/><U123/><E123/><V55/><F29/><W86/><G19/><T117/><D117/><U40/><E40/><V49/><F5/><W132/><G132/><T60/><D133/><U129/><E114/><V122/><F122/><W111/><G111/><T42/><D42/><U63/><E63/><V101/><F58/><W106/><G106/><T10/><D108/><U67/><E67/><V12/><AGARI ba="0,0" hai="12,18,22,44,47,49,51,54,55,84,89,95,101,103" machi="12" ten="20,12000,2" yaku="0,1,7,1,9,1,8,1,52,2" doraHai="46" who="2" fromWho="2" sc="250,-60,250,-30,250,120,250,-30" /><INIT seed="1,0,0,4,1,37" ten="190,220,370,220" oya="1" hai0="93,42,95,106,24,101,31,76,123,62,94,34,55" hai1="8,5,9,116,52,75,21,135,40,81,111,84,48" hai2="119,71,90,92,59,44,58,30,60,103,104,115,79" hai3="50,69,23,66,87,100,43,1,22,15,89,28,99"/><U57/><E116/><V39/><F119/><W127/><G1/><T83/><D123/><U26/><E135/><V2/><F2/><W46/><G127/><T86/><D106/><U53/><E75/><V102/><F115/><W70/><G66/><T97/><D55/><U128/><E128/><V25/><F79/><W33/><G33/><T41/><D62/><U35/><E35/><V10/><F10/><W18/><G28/><T49/><D49/><U74/><E74/><V38/><F58/><W12/><G12/><T17/><D17/><U129/><E129/><V4/><F4/><W124/><G23/><T130/><D130/><U56/><E111/><V108/><F71/><W29/><G29/><T47/><D47/><N who="1" m="25703" /><E57/><V73/><F44/><W63/><G63/><T19/><D19/><N who="1" m="12607" /><E5/><V13/><F73/><W45/><G45/><T113/><D113/><U133/><E133/><V20/><F108/><W88/><G124/><T121/><D121/><U36/><E36/><V72/><F72/><W77/><G69/><T64/><D64/><U91/><E53/><N who="2" m="33903" /><F39/><W96/><G70/><T16/><D16/><U112/><E112/><V0/><F0/><W118/><G118/><T110/><D110/><U134/><E134/><V6/><F38/><W107/><REACH who="3" step="1"/><G99/><REACH who="3" ten="190,220,370,210" step="2"/><T61/><D61/><AGARI ba="0,1" hai="8,9,52,56,61,81,84,91" m="12607,25703" machi="61" ten="30,5800,0" yaku="8,1,52,1,54,1" doraHai="37" who="1" fromWho="0" sc="190,-58,220,68,370,0,210,0" /><INIT seed="1,1,0,0,1,81" ten="132,288,370,210" oya="1" hai0="78,67,20,133,55,63,40,89,100,44,52,59,22" hai1="31,9,74,102,62,32,113,58,24,88,129,94,39" hai2="35,83,53,85,73,87,54,110,0,37,10,86,112" hai3="43,60,29,127,15,116,118,92,30,117,122,26,23"/><U105/><E113/><V80/><F35/><W61/><G122/><T14/><D133/><U114/><E114/><V48/><F112/><W131/><G131/><T109/><D109/><U11/><E74/><V101/><F110/><W65/><G127/><T49/><D100/><U96/><E39/><V36/><F73/><W16/><G43/><T119/><D119/><U25/><E25/><V107/><F107/><W42/><G42/><T106/><D106/><U108/><E129/><V47/><F101/><W104/><G104/><T77/><D89/><U82/><E82/><N who="2" m="31275" /><F37/><W99/><G65/><T13/><D13/><U115/><E108/><V93/><F36/><W132/><G132/><T126/><D126/><U41/><E41/><N who="2" m="24687" /><F0/><W111/><G111/><T79/><REACH who="0" step="1"/><D14/><REACH who="0" ten="122,288,370,210" step="2"/><U6/><E115/><V103/><F10/><N who="3" m="6263" /><G30/><T134/><D134/><U3/><E9/><V69/><F69/><W121/><G121/><T33/><D33/><U28/><E28/><V125/><F125/><W91/><AGARI ba="1,1" hai="23,26,29,60,61,91,92,99,116,117,118" m="6263" machi="91" ten="30,2000,0" yaku="12,1,54,1" doraHai="81" who="3" fromWho="3" sc="122,-6,288,-11,370,-6,210,33" /><INIT seed="2,0,0,4,4,8" ten="116,277,364,243" oya="2" hai0="122,133,75,83,51,115,125,131,73,72,62,79,21" hai1="24,69,54,38,66,29,43,121,39,48,135,28,40" hai2="134,81,34,36,110,77,37,93,102,25,97,41,78" hai3="53,13,106,74,129,87,92,70,50,35,45,17,31"/><V91/><F134/><W18/><G74/><T22/><D122/><U114/><E114/><V90/><F110/><W56/><G106/><T33/><D115/><U99/><E29/><V26/><F34/><W118/><G118/><T95/><D133/><U98/><E99/><V80/><F41/><N who="1" m="15945" /><E98/><V5/><F5/><W116/><G116/><T10/><D33/><U44/><E24/><V100/><F97/><W63/><G70/><T7/><D131/><U20/><E20/><V49/><F49/><W14/><G31/><T120/><D120/><U123/><E28/><V58/><F58/><W111/><G35/><T112/><D112/><U108/><E135/><V32/><F32/><W104/><G104/><T127/><D95/><AGARI ba="0,0" hai="25,26,36,37,77,78,80,81,90,91,93,95,100,102" machi="95" ten="25,2400,0" yaku="22,2" doraHai="8" who="2" fromWho="0" sc="116,-24,277,0,364,24,243,0" /><INIT seed="2,1,0,4,3,60" ten="92,277,388,243" oya="2" hai0="135,63,109,121,107,101,86,64,108,74,127,94,106" hai1="53,114,85,67,125,45,87,92,56,99,36,23,32" hai2="113,102,18,58,95,16,61,116,1,13,48,111,43" hai3="11,57,24,79,124,71,59,52,28,55,132,12,128"/><V27/><F1/><W46/><G71/><T81/><D121/><U10/><E32/><V5/><F116/><W103/><G128/><T76/><D135/><U30/><E114/><V117/><F117/><W77/><G124/><T78/><D127/><U33/><E33/><V91/><F102/><W90/><G103/><T72/><D63/><N who="1" m="38375" /><E10/><N who="2" m="4303" /><F27/><W68/><G68/><T110/><D64/><U51/><E36/><V37/><F37/><W75/><G75/><T17/><D17/><U122/><E122/><V129/><F129/><W26/><G46/><T14/><D14/><U47/><E47/><N who="2" m="25727" /><F113/><W115/><G115/><T119/><D119/><U89/><E125/><V118/><F111/><N who="0" m="28418" /><T7/><DORA hai="9" /><D7/><U133/><E133/><V126/><F118/><W80/><G132/><T134/><D134/><U31/><E31/><V29/><F29/><W112/><G112/><T21/><D21/><U4/><E4/><V42/><F42/><W131/><G131/><T22/><D22/><U98/><E98/><N who="2" m="57727" /><F126/><W8/><G12/><T83/><D86/><U97/><E87/><V66/><AGARI ba="1,0" hai="16,18,58,61,66" m="57727,25727,4303" machi="66" ten="30,11700,0" yaku="8,1,52,2,54,1" doraHai="60,9" who="2" fromWho="2" sc="92,-40,277,-40,388,120,243,-40" /><INIT seed="2,2,0,3,4,47" ten="52,237,508,203" oya="2" hai0="31,100,1,102,37,38,40,120,101,132,23,13,20" hai1="45,16,28,43,8,75,57,78,49,61,76,59,27" hai2="82,104,42,106,44,7,33,34,52,41,97,53,85" hai3="117,29,89,80,130,99,131,36,108,116,17,92,134"/><V71/><F71/><W127/><G29/><T48/><D120/><U90/><E75/><V62/><F7/><W39/><G17/><T2/><D132/><U14/><E90/><V79/><F62/><W129/><G36/><T98/><D98/><U22/><E57/><V91/><F41/><W107/><G39/><N who="0" m="14859" /><D40/><U115/><E115/><V84/><F34/><W119/><G108/><T94/><D94/><U87/><E87/><V58/><F33/><W21/><G21/><N who="0" m="8267" /><D13/><U83/><E83/><N who="2" m="47231" /><F104/><W68/><G68/><T73/><D31/><U114/><E114/><V96/><F106/><W15/><G15/><T18/><D18/><U74/><E74/><V103/><F103/><N who="0" m="26370" /><T32/><DORA hai="55" /><D32/><U50/><E50/><N who="2" m="28743" /><F42/><W112/><G107/><T10/><D73/><U5/><E28/><V72/><F72/><W118/><G118/><T25/><D25/><U30/><E30/><V12/><F12/><W124/><G134/><T64/><D64/><AGARI ba="2,0" hai="5,8,14,16,22,27,43,45,49,59,61,64,76,78" machi="64" ten="30,8000,1" yaku="7,1,8,1,52,2,54,1" doraHai="47,55" who="1" fromWho="0" sc="52,-86,237,86,508,0,203,0" owari="-34,-53.0,323,12.0,508,61.0,203,-20.0" /></mjloggm>