<mjloggm ver="2.3"><GO type="169" lobby="0"/><UN n0="%E3%81%9F%E3%81%8B%31%34%31" n1="%46%69%72%73%74" n2="%E3%81%95%E3%82%88%E3%81%AA%E3%82%89%E3%83%9A%E3%81%BA%E3%83%9A" n3="%E3%81%8A%E3%81%98%E3%81%95%E3%82%93" dan="18,17,16,16" rate="2284.28,2144.05,2131.37,2180.52" sx="M,M,F,M"/><TAIKYOKU oya="0"/><INIT seed="0,0,0,3,3,76" ten="250,250,250,250" oya="0" hai0="6,119,82,56,7,66,33,107,28,86,12,112,126" hai1="5,29,10,45,31,94,95,22,96,117,11,17,127" hai2="49,58,54,78,32,85,36,40,84,2,87,114,132" hai3="0,115,43,99,101,70,4,116,110,8,128,89,53"/><T20/><D112/><U79/><E117/><V44/><F114/><W48/><G115/><T121/><D119/><U108/><E108/><V81/><F132/><W57/><G116/><T131/><D121/><U34/><E127/><V68/><F32/><W63/><G110/><T41/><D107/><U104/><E79/><V98/><F2/><W55/><G128/><T90/><D126/><U69/><E69/><V1/><F1/><W93/><G43/><T35/><D41/><U60/><E45/><V80/><F68/><W135/><G135/><T30/><D131/><U39/><E39/><V72/><REACH who="2" step="1"/><F98/><REACH who="2" ten="250,250,240,250" step="2"/><W83/><G70/><T62/><D33/><U27/><E96/><V111/><F111/><W50/><REACH who="3" step="1"/><G55/><REACH who="3" ten="250,250,240,240" step="2"/><T125/><D125/><U134/><E134/><V24/><F24/><W106/><G106/><T21/><D35/><U92/><E104/><V105/><F105/><W26/><G26/><N who="0" m="16455" /><D30/><U71/><E31/><V123/><F123/><W129/><G129/><T113/><D113/><U16/><E34/><V133/><F133/><W25/><G25/><T130/><D130/><U88/><E71/><V18/><F18/><AGARI ba="0,2" hai="6,7,12,18,21,56,62,66,82,86,90" m="16455" machi="18" ten="30,2900,0" yaku="8,1,52,1" doraHai="76" who="0" fromWho="2" sc="250,49,250,0,240,-29,240,0" /><INIT seed="0,1,0,1,3,8" ten="299,250,211,240" oya="0" hai0="77,49,16,29,45,58,94,123,31,107,10,84,41" hai1="24,44,11,82,62,98,116,118,7,6,43,38,27" hai2="93,54,28,40,127,102,114,47,121,90,69,105,59" hai3="80,100,122,70,109,92,4,25,81,12,13,26,55"/><T3/><D107/><U117/><E98/><V126/><F121/><W57/><G70/><T87/><D123/><U115/><E115/><V65/><F114/><W112/><G109/><T99/><D58/><U101/><E101/><V19/><F28/><N who="0" m="10826" /><D77/><U2/><E6/><V78/><F78/><W33/><G112/><T42/><D42/><U17/><E17/><V63/><F105/><W66/><G66/><T75/><D75/><U37/><E37/><V50/><F102/><W9/><G33/><T128/><D3/><U97/><E97/><V35/><F19/><W0/><G122/><T95/><D128/><U5/><E5/><V96/><REACH who="2" step="1"/><F35/><REACH who="2" ten="299,250,201,240" step="2"/><W88/><G100/><N who="0" m="60535" /><D95/><U21/><E118/><V60/><AGARI ba="1,1" hai="40,47,50,54,59,60,63,65,69,90,93,96,126,127" machi="60" ten="30,7900,0" yaku="1,1,0,1,53,2" doraHai="8" doraHaiUra="134" who="2" fromWho="2" sc="299,-40,250,-21,201,92,240,-21" /><INIT seed="1,0,0,1,4,75" ten="259,229,293,219" oya="1" hai0="70,19,47,66,129,120,83,29,21,99,92,107,67" hai1="69,60,123,11,51,73,96,86,82,104,38,16,54" hai2="27,127,125,109,28,115,74,111,80,10,81,3,88" hai3="76,43,117,77,48,56,31,20,100,23,7,63,113"/><U37/><E123/><V101/><F101/><W1/><G113/><T18/><D107/><U8/><E73/><V65/><F65/><N who="3" m="39143" /><G117/><T24/><D129/><U97/><E69/><V9/><F115/><W122/><G1/><T87/><D120/><U17/><E60/><V12/><F3/><W64/><G122/><T44/><D70/><U116/><E116/><V85/><F10/><W114/><G114/><T126/><D126/><N who="2" m="48138" /><F74/><W32/><G32/><T22/><D67/><U46/><E38/><V108/><F80/><W128/><G128/><T0/><D66/><U52/><E37/><V89/><F89/><W112/><G112/><T119/><D0/><U121/><E121/><V90/><F90/><W55/><G64/><T36/><D119/><U53/><E104/><V71/><F71/><W14/><G100/><N who="0" m="60519" /><D36/><U130/><E130/><V132/><F132/><W118/><G43/><T124/><D124/><U95/><E8/><V26/><F28/><W30/><G118/><T39/><D39/><U5/><E5/><AGARI ba="0,0" hai="5,9,12,26,27,81,85,88,108,109,111" m="48138" machi="5" ten="40,5200,0" yaku="14,1,18,1,54,1" doraHai="75" who="2" fromWho="1" sc="259,0,229,-52,293,52,219,0" /><INIT seed="2,0,0,2,1,119" ten="259,177,345,219" oya="2" hai0="48,47,61,116,118,60,45,87,2,83,51,81,43" hai1="120,14,110,115,124,24,130,38,134,105,96,53,128" hai2="29,18,114,37,101,28,133,98,34,26,123,132,122" hai3="85,69,64,52,109,42,20,15,30,126,135,88,129"/><V6/><F37/><W71/><G109/><T80/><D2/><U106/><E53/><V59/><F114/><W117/><G117/><N who="0" m="45163" /><D87/><U86/><E24/><V58/><F29/><W75/><G75/><T55/><AGARI ba="0,0" hai="43,45,47,48,51,55,60,61,80,81,83" m="45163" machi="55" ten="30,1100,0" yaku="12,1" doraHai="119" who="0" fromWho="0" sc="259,11,177,-3,345,-5,219,-3" /><INIT seed="3,0,0,3,1,44" ten="270,174,340,216" oya="3" hai0="57,113,15,104,39,34,78,67,91,81,7,119,131" hai1="30,75,68,60,18,36,82,125,112,48,62,22,10" hai2="50,63,33,37,127,2,96,43,56,123,126,45,94" hai3="19,58,83,24,55,102,105,122,40,135,74,120,114"/><W106/><G114/><T89/><D119/><U108/><E112/><V54/><F2/><W86/><G135/><T14/><D39/><U16/><E36/><V92/><F33/><W31/><G74/><T3/><D104/><U84/><E75/><V117/><F117/><W52/><G40/><T121/><D121/><U65/><E125/><V98/><F123/><W93/><G19/><T51/><D34/><U72/><E72/><V69/><F94/><W133/><G133/><T80/><D3/><U42/><E108/><V99/><F92/><W66/><G66/><AGARI ba="0,0" hai="37,43,45,50,54,56,63,66,69,96,98,99,126,127" machi="66" ten="40,5200,0" yaku="24,2,52,1" doraHai="44" who="2" fromWho="3" sc="270,0,174,0,340,52,216,-52" /><INIT seed="4,0,0,5,5,28" ten="270,174,392,164" oya="0" hai0="84,98,81,23,1,40,135,53,9,17,123,108,124" hai1="110,48,126,36,106,20,34,0,41,92,25,24,50" hai2="127,86,37,30,109,55,95,70,99,88,49,119,33" hai3="67,46,19,83,121,4,43,74,6,5,8,35,59"/><T12/><D123/><U71/><E106/><V32/><F109/><W10/><G121/><T107/><D108/><U91/><E110/><V76/><F119/><W2/><G35/><T51/><D135/><U118/><E118/><V63/><F127/><W42/><G42/><T87/><D124/><U103/><E126/><V94/><F37/><W73/><G73/><T58/><D40/><U52/><E71/><V7/><F7/><W115/><G115/><T125/><D125/><U131/><E0/><V68/><F30/><W122/><G122/><T11/><D87/><U62/><E103/><V117/><F117/><W66/><G19/><T14/><D1/><U61/><E131/><V102/><F76/><W29/><G29/><T113/><D113/><U116/><E116/><V93/><F93/><W39/><G59/><T22/><D98/><U69/><E69/><V65/><F70/><W130/><G130/><T97/><D97/><U79/><E79/><V57/><AGARI ba="0,0" hai="32,33,49,55,57,63,65,68,86,88,94,95,99,102" machi="57" ten="20,8000,1" yaku="0,1,7,1,52,2,54,1" doraHai="28" who="2" fromWho="2" sc="270,-40,174,-20,392,80,164,-20" /><INIT seed="5,0,0,1,2,3" ten="230,154,472,144" oya="1" hai0="124,16,33,109,100,18,129,0,71,25,117,2,73" hai1="121,65,114,102,106,13,24,127,131,79,30,45,99" hai2="134,46,1,72,53,57,84,14,38,42,54,48,23" hai3="80,60,68,39,9,22,95,130,35,10,12,20,6"/><U64/><E121/><V78/><F134/><W55/><G39/><T74/><D109/><U96/><E131/><V101/><F1/><W82/><G35/><T132/><D117/><U123/><E123/><V62/><F72/><W103/><G130/><T120/><D120/><U37/><E114/><V90/><F101/><W70/><G70/><T125/><D129/><U75/><E127/><V47/><F78/><W44/><G68/><T41/><D71/><U98/><E13/><V105/><F105/><W19/><G103/><T15/><D100/><U119/><E119/><V31/><F14/><N who="3" m="5431" /><G95/><T27/><D15/><U69/><E75/><V110/><F110/><W89/><G60/><T40/><REACH who="0" step="1"/><D33/><REACH who="0" ten="220,154,472,144" step="2"/><U112/><E102/><V81/><F23/><N who="3" m="8747" /><G89/><T126/><D126/><U36/><E69/><V66/><F31/><W118/><G118/><T34/><D34/><U26/><E30/><V11/><F11/><W115/><G115/><T116/><D116/><U91/><E112/><V21/><F21/><W61/><G61/><T58/><D58/><U5/><E106/><V108/><F108/><W29/><G29/><T4/><D4/><U104/><E104/><V86/><F57/><W83/><G44/><T128/><D128/><U87/><E45/><V76/><F62/><W56/><G56/><T63/><D63/><U51/><E5/><V113/><F46/><W8/><G8/><T67/><D67/><U43/><E65/><V93/><F66/><W77/><G77/><T107/><D107/><U94/><E79/><V111/><F111/><W85/><G55/><N who="2" m="21001" /><F113/><W88/><AGARI ba="0,1" hai="10,12,19,80,82,83,85,88" m="8747,5431" machi="88" ten="30,7900,0" yaku="5,1,8,1,52,1,54,1" doraHai="3" who="3" fromWho="3" sc="220,-20,154,-39,472,-20,144,89" /><INIT seed="6,0,0,1,4,84" ten="200,115,452,233" oya="2" hai0="94,39,59,52,73,125,111,3,90,8,79,105,120" hai1="133,87,30,85,98,103,117,51,10,134,119,33,83" hai2="32,55,37,21,74,101,102,27,107,70,54,112,128" hai3="76,135,88,131,16,49,44,35,115,6,100,82,29"/><V124/><F70/><W7/><G131/><T78/><D105/><U20/><E33/><V62/><F37/><W2/><G2/><T68/><D68/><U95/><E10/><V13/><F128/><W108/><G108/><T91/><D111/><U25/><E51/><V0/><F124/><W38/><G38/><T66/><D120/><U129/><E129/><V71/><F112/><W97/><G135/><T47/><D125/><U56/><E56/><V34/><F0/><W12/><G29/><T122/><D122/><U40/><E40/><V93/><F107/><W96/><G35/><T5/><D73/><U11/><E11/><V75/><F32/><W126/><G126/><T36/><D66/><U26/><E26/><V50/><F75/><W18/><G18/><T72/><D39/><U130/><E130/><V92/><F74/><W28/><G28/><T99/><D72/><U89/><REACH who="1" step="1"/><E87/><REACH who="1" ten="200,105,452,233" step="2"/><V15/><F34/><W67/><G49/><T110/><D36/><U31/><E31/><V118/><F50/><W1/><G115/><T48/><D110/><U109/><E109/><V80/><F71/><W61/><G61/><T63/><D63/><U53/><E53/><V57/><F55/><W64/><G64/><T69/><D69/><U23/><E23/><V132/><F21/><W9/><G67/><T106/><D59/><U22/><E22/><V17/><F57/><W4/><G9/><T58/><D8/><U127/><E127/><V14/><F62/><W46/><G6/><T81/><D5/><U42/><E42/><V24/><F54/><W114/><G7/><RYUUKYOKU ba="0,1" sc="200,-10,105,30,452,-10,233,-10" hai1="20,25,30,83,85,89,95,98,103,117,119,133,134" /><INIT seed="7,1,1,0,3,13" ten="190,135,442,223" oya="3" hai0="118,96,123,89,24,72,54,103,90,53,101,99,67" hai1="38,20,10,22,63,47,74,111,100,117,102,21,1" hai2="14,70,36,61,77,18,0,12,75,78,84,9,92" hai3="50,8,51,62,59,85,127,86,134,133,46,41,56"/><W27/><G27/><T16/><D72/><U6/><E111/><V65/><F0/><W135/><G127/><T83/><D67/><U71/><E117/><V40/><F75/><W5/><G51/><T109/><D123/><U112/><E112/><V126/><F126/><W48/><G48/><T115/><D115/><U30/><E30/><V31/><F31/><W64/><REACH who="3" step="1"/><G56/><REACH who="3" ten="190,135,442,213" step="2"/><T108/><D108/><U44/><E71/><V58/><F70/><W98/><G98/><T80/><D109/><U81/><E63/><V91/><F36/><W7/><G7/><T120/><D24/><U132/><E132/><V2/><F40/><W39/><G39/><T121/><D118/><U35/><E35/><V125/><F125/><W116/><G116/><T95/><D99/><U25/><E25/><V60/><F60/><W107/><G107/><T32/><D96/><U128/><E128/><V110/><F110/><W66/><G66/><T106/><D106/><U113/><E113/><V87/><F58/><W76/><G76/><T55/><D32/><U37/><E37/><V114/><F61/><W68/><G68/><T124/><D124/><U43/><REACH who="1" step="1"/><E47/><REACH who="1" ten="190,125,442,213" step="2"/><V93/><F65/><W52/><G52/><T3/><D54/><U28/><E28/><V122/><F78/><AGARI ba="1,3" hai="1,6,10,20,21,22,38,43,44,74,78,81,100,102" machi="78" ten="40,5200,0" yaku="1,1,25,2,53,0" doraHai="13" doraHaiUra="130" who="1" fromWho="2" sc="190,0,125,85,442,-55,213,0" owari="190,-31.0,210,-19.0,387,49.0,213,1.0" /></mjloggm>