<mjloggm ver="2.3"><GO type="185" lobby="0"/><UN n0="%E2%99%AA%E5%A4%A2%E5%85%88%E6%A1%88%E5%86%85%E4%BA%BA" n1="%E9%B3%B4%E3%81%8D%E9%BA%BB%E9%9B%80" n2="%E3%81%97%E3%82%93%E3%81%97%E3%82%93%E3%81%97%E3%82%93" n3="" dan="16,17,17,0" rate="2189.61,2266.20,2294.12,1500.00" sx="F,M,F,C"/><TAIKYOKU oya="0"/><INIT seed="0,0,0,5,3,49" ten="350,350,350,0" oya="0" hai0="66,80,46,133,88,94,63,73,74,82,112,84,103" hai1="2,115,45,123,55,52,116,65,77,70,131,47,104" hai2="86,42,135,41,113,134,78,120,117,75,93,130,72" hai3=""/><T56/><D112/><U37/><N who="1" m="31520" /><U122/><N who="1" m="31264" /><U67/><E2/><V125/><N who="2" m="30752" /><V35/><F113/><T101/><D133/><N who="2" m="50698" /><F35/><T54/><D74/><N who="2" m="28202" /><F130/><T111/><D111/><U102/><E115/><V110/><F110/><T1/><D1/><U97/><E116/><V92/><F125/><T85/><D73/><U43/><E131/><V0/><F0/><T53/><D80/><U126/><E126/><V69/><F69/><T61/><D46/><U89/><E77/><V105/><F105/><T34/><D34/><U44/><E47/><V114/><F114/><T3/><D3/><U127/><E127/><V39/><F39/><T48/><D61/><U108/><E108/><V106/><F106/><T59/><REACH who="0" step="1"/><D66/><REACH who="0" ten="340,350,350,0" step="2"/><U107/><E45/><V76/><F41/><T50/><D50/><U91/><E65/><V79/><F42/><T129/><D129/><U98/><E67/><V118/><F86/><T62/><D62/><U68/><E43/><V83/><F83/><T81/><D81/><U60/><E60/><V58/><F117/><T132/><D132/><U100/><E44/><V90/><F118/><T128/><D128/><U119/><E119/><V64/><F64/><T87/><D87/><U95/><E37/><RYUUKYOKU ba="0,1" sc="340,10,350,10,350,-20,0,0" hai0="48,53,54,56,59,63,82,84,85,88,94,101,103" hai1="52,55,68,70,89,91,95,97,98,100,102,104,107" /><INIT seed="0,1,1,0,0,63" ten="350,360,330,0" oya="0" hai0="117,47,0,134,78,55,42,102,59,50,43,77,79" hai1="39,122,65,113,60,57,36,107,33,99,72,106,83" hai2="62,69,131,70,85,2,58,94,71,93,41,111,86" hai3=""/><T74/><D117/><U91/><N who="1" m="31264" /><U130/><E33/><V112/><F2/><T68/><D0/><U118/><E118/><V52/><F112/><T56/><D134/><U66/><E130/><V108/><F131/><T114/><D114/><U3/><E3/><V53/><F41/><T89/><D74/><U80/><E113/><V104/><F104/><T44/><D68/><U73/><E99/><V88/><F53/><T126/><D126/><U40/><E40/><V61/><F61/><T124/><D124/><U120/><N who="1" m="30752" /><U37/><E91/><AGARI ba="1,1" hai="52,58,62,69,70,71,85,86,88,91,93,94,108,111" machi="91" ten="50,6400,0" yaku="9,1,54,2" doraHai="63" who="2" fromWho="1" sc="350,0,360,-66,330,76,0,0" /><INIT seed="1,0,0,3,2,131" ten="350,294,406,0" oya="1" hai0="79,107,99,126,123,63,80,64,52,116,32,76,50" hai1="78,109,112,114,88,70,129,58,48,113,0,121,37" hai2="95,39,100,127,134,61,130,68,85,132,135,87,104" hai3=""/><U98/><N who="1" m="31008" /><U53/><E0/><V102/><F130/><T42/><N who="0" m="31520" /><T54/><D32/><U125/><E129/><V93/><F127/><T124/><D116/><U128/><E128/><V122/><N who="2" m="31264" /><V44/><F68/><T89/><D42/><U82/><E125/><N who="0" m="48233" /><D54/><U84/><E70/><V75/><F75/><T81/><D107/><U47/><E109/><V55/><F104/><T38/><D38/><U3/><E3/><V103/><F39/><T2/><D2/><U41/><REACH who="1" step="1"/><E98/><REACH who="1" ten="350,284,406,0" step="2"/><V101/><F132/><T96/><D96/><U86/><E86/><V59/><F134/><T34/><D99/><U117/><E117/><V56/><F135/><T45/><D34/><U133/><E133/><V49/><F85/><T66/><D76/><AGARI ba="0,1" hai="37,41,47,48,53,58,76,78,82,84,88,112,113,114" m="31008" machi="76" ten="40,12000,1" yaku="1,1,52,1,54,1,53,1" doraHai="131" doraHaiUra="43" who="1" fromWho="0" sc="350,-120,284,130,406,0,0,0" /><INIT seed="1,1,0,3,5,88" ten="230,414,406,0" oya="1" hai0="86,85,61,77,127,72,130,124,32,71,116,63,84" hai1="120,93,70,80,47,43,56,60,37,51,105,92,95" hai2="2,81,125,97,115,78,119,36,74,62,106,123,114" hai3=""/><U104/><N who="1" m="30752" /><U34/><E34/><V118/><N who="2" m="31520" /><V91/><F2/><T39/><D32/><U112/><E112/><N who="2" m="43051" /><F36/><T135/><D135/><U111/><E111/><V65/><F125/><T35/><D35/><U94/><N who="1" m="23552" /><DORA hai="89" /><U83/><E70/><V0/><F91/><T113/><D130/><U64/><REACH who="1" step="1"/><E37/><REACH who="1" ten="230,404,406,0" step="2"/><V110/><F110/><T69/><D113/><U117/><E117/><V54/><F118/><T1/><D69/><U126/><E126/><V48/><F119/><T68/><D71/><U73/><E73/><V33/><F74/><T103/><D68/><U52/><E52/><V82/><F54/><T99/><D116/><U49/><E49/><V40/><F48/><T75/><D75/><U129/><E129/><V79/><F33/><T102/><D127/><U45/><E45/><V122/><F122/><T121/><D124/><U131/><E131/><V133/><F133/><T132/><D132/><U107/><AGARI ba="1,1" hai="43,47,51,56,60,64,80,83,104,105,107" m="23552,30752" machi="107" ten="50,24000,4" yaku="1,1,0,1,52,9,53,1" doraHai="88,89" doraHaiUra="38,96" who="1" fromWho="1" sc="230,-121,404,252,406,-121,0,0" /><INIT seed="1,2,0,1,2,117" ten="109,656,285,0" oya="1" hai0="98,115,36,116,105,49,131,119,39,130,118,72,102" hai1="56,125,45,64,103,87,67,70,135,59,74,43,58" hai2="62,123,63,77,82,78,73,132,106,2,33,61,80" hai3=""/><U66/><E74/><V109/><N who="2" m="31520" /><V52/><F33/><T44/><D115/><U60/><E103/><V75/><F2/><T95/><D72/><U34/><E34/><V79/><F79/><T104/><D36/><U51/><E87/><V3/><F3/><T110/><D39/><U92/><E92/><V101/><F109/><T100/><D110/><U90/><E90/><V68/><F132/><T96/><REACH who="0" step="1"/><D95/><REACH who="0" ten="99,656,285,0" step="2"/><U127/><E125/><V50/><F68/><T128/><D128/><U40/><E127/><V126/><F126/><T69/><D69/><U122/><N who="1" m="31264" /><U37/><E135/><V76/><F73/><T91/><D91/><U32/><E32/><V94/><F75/><T86/><D86/><U97/><E97/><V38/><F38/><T121/><N who="0" m="31008" /><T134/><D134/><U99/><E99/><V65/><F94/><T35/><D35/><U93/><E93/><V113/><F113/><T120/><N who="0" m="30752" /><T46/><D46/><AGARI ba="2,1" hai="37,40,43,45,46,51,56,58,59,60,64,66,67,70" m="31264" machi="46" ten="40,24000,3" yaku="35,6,52,2" doraHai="117" who="1" fromWho="0" sc="99,-244,656,254,285,0,0,0" owari="-145,-75.0,910,86.0,285,-11.0,0,0.0" /></mjloggm>