<mjloggm ver="2.3"><GO type="169" lobby="0"/><UN n0="%E3%83%88%E3%82%AD%E3%83%8E%E3%83%9F%E3%83%8E%E3%83%AB" n1="%E3%83%A9%E3%83%96%E3%83%AC%E3%83%BC" n2="%E6%9D%BE%E5%B1%8B%E3%81%8A%E3%81%98%E3%81%95%E3%82%93" n3="%56%45%54%54%45%4C" dan="17,18,17,17" rate="2136.90,2288.55,2125.90,2169.84" sx="M,M,M,M"/><TAIKYOKU oya="0"/><INIT seed="0,0,0,0,2,39" ten="250,250,250,250" oya="0" hai0="23,101,76,40,90,80,78,44,46,35,28,12,99" hai1="51,66,8,110,4,123,59,50,33,34,21,72,130" hai2="10,37,94,113,88,87,120,115,134,55,71,109,56" hai3="41,31,48,11,14,127,93,19,132,22,5,52,129"/><T117/><D117/><U107/><E123/><V38/><F120/><W118/><G118/><T67/><D67/><U13/><E72/><V26/><F109/><W135/><G129/><T75/><D78/><U32/><E110/><V68/><F134/><N who="3" m="51243" /><G127/><T85/><D35/><U25/><E107/><V128/><F128/><W111/><G111/><T0/><D0/><U43/><E130/><V122/><F122/><W42/><G93/><T29/><D46/><U86/><E59/><V54/><F54/><W103/><G31/><T131/><D12/><U100/><E100/><V9/><F113/><W15/><G103/><T89/><D23/><U27/><E66/><V83/><F115/><W47/><AGARI ba="0,0" hai="5,11,14,15,19,22,41,42,47,48,52" m="51243" machi="47" ten="30,7900,0" yaku="20,1,52,2,54,1" doraHai="39" who="3" fromWho="3" sc="250,-39,250,-20,250,-20,250,79" /><INIT seed="1,0,0,3,5,37" ten="211,230,230,329" oya="1" hai0="98,36,38,94,57,21,103,132,76,128,78,129,87" hai1="127,64,47,115,81,7,113,55,101,68,8,114,69" hai2="77,125,111,23,33,41,83,28,39,10,100,59,44" hai3="50,66,27,25,15,133,16,105,61,96,54,18,63"/><U53/><E101/><V1/><F111/><W34/><G133/><T104/><D132/><U2/><E127/><V48/><F125/><W60/><G66/><T72/><D21/><U90/><E64/><V43/><F100/><W102/><G34/><T14/><D14/><U11/><E90/><V85/><F33/><W106/><G106/><T32/><D57/><U130/><E81/><V0/><F10/><W56/><REACH who="3" step="1"/><G18/><REACH who="3" ten="211,230,230,319" step="2"/><T52/><D32/><U95/><E115/><V73/><F28/><W45/><G45/><T6/><D104/><U121/><E47/><V22/><F44/><W92/><G92/><T99/><D94/><U80/><E95/><V13/><F59/><W109/><G109/><T65/><D65/><U62/><E114/><V131/><F131/><W70/><G70/><T71/><D71/><U134/><E130/><V51/><F83/><W20/><AGARI ba="0,1" hai="15,16,20,25,27,50,54,56,60,61,63,96,102,105" machi="20" ten="30,4000,0" yaku="1,1,0,1,54,1,53,0" doraHai="37" doraHaiUra="5" who="3" fromWho="3" sc="211,-10,230,-20,230,-10,319,50" /><INIT seed="2,0,0,2,2,32" ten="201,210,220,369" oya="2" hai0="88,45,91,13,108,25,43,101,11,69,92,103,55" hai1="86,96,50,64,128,87,16,48,3,66,49,75,115" hai2="74,112,36,121,5,6,111,24,73,98,19,82,1" hai3="46,39,15,67,12,59,29,57,22,2,93,71,134"/><V27/><F36/><W100/><G2/><T37/><D108/><U33/><E75/><V60/><F60/><W81/><G71/><T42/><D69/><U20/><E33/><V79/><F98/><W54/><G67/><T85/><D43/><U84/><E115/><V21/><F121/><W4/><G81/><T77/><D77/><U107/><E3/><V124/><F112/><W78/><G78/><T90/><D25/><U131/><E96/><V17/><F124/><W110/><G100/><T132/><D132/><U41/><E107/><V83/><F79/><W114/><G134/><T63/><D103/><U106/><E41/><V47/><F47/><W26/><G46/><T30/><D30/><U70/><E106/><V51/><F51/><W7/><G39/><T23/><D23/><U122/><E70/><V62/><F62/><W9/><G22/><T68/><D101/><U113/><E122/><V126/><F21/><W44/><G114/><T8/><D8/><U56/><E56/><V65/><F1/><W125/><G57/><T52/><D55/><U38/><E38/><V97/><F97/><W76/><G54/><T0/><D0/><U104/><E104/><V95/><F95/><W133/><G93/><T35/><D35/><U127/><E127/><V120/><F120/><W80/><G125/><T123/><D123/><U14/><E113/><V129/><F126/><W99/><G133/><T18/><D68/><U109/><E109/><V119/><F111/><W89/><G110/><T72/><D72/><U10/><E20/><V28/><F73/><W135/><G135/><RYUUKYOKU ba="0,0" sc="201,15,210,15,220,-15,369,-15" hai0="11,13,18,37,42,45,52,63,85,88,90,91,92" hai1="10,14,16,48,49,50,64,66,84,86,87,128,131" /><INIT seed="3,1,0,5,1,50" ten="216,225,205,354" oya="3" hai0="69,86,28,66,35,118,101,116,71,129,110,127,83" hai1="60,107,122,76,15,41,96,91,115,72,24,13,135" hai2="18,1,58,32,42,93,38,16,17,95,10,112,117" hai3="74,119,121,46,87,102,40,62,70,39,132,11,53"/><W20/><G74/><T7/><D7/><U90/><E135/><V44/><F112/><W84/><G119/><T4/><D4/><U94/><E115/><V51/><F117/><W43/><G121/><T88/><D129/><U21/><E122/><V73/><F32/><W85/><G43/><T134/><D110/><U36/><E36/><V22/><F73/><W61/><G132/><T126/><D134/><U27/><E41/><V109/><F109/><W120/><G120/><T64/><D101/><U133/><E133/><V114/><F114/><W67/><G102/><T25/><D116/><U14/><E76/><V6/><REACH who="2" step="1"/><F22/><REACH who="2" ten="216,225,195,354" step="2"/><W123/><G123/><T55/><D118/><U77/><E21/><V59/><F59/><W2/><G20/><T34/><D34/><U48/><E72/><V97/><F97/><W105/><G70/><T79/><D69/><U52/><E96/><V98/><F98/><W81/><G84/><T57/><D71/><U33/><E33/><V30/><F30/><W26/><G85/><T49/><REACH who="0" step="1"/><D79/><REACH who="0" ten="206,225,195,354" step="2"/><U23/><E77/><V47/><F47/><W104/><G46/><T31/><D31/><U5/><E27/><V125/><F125/><AGARI ba="1,2" hai="25,28,35,49,55,57,64,66,83,86,88,125,126,127" machi="125" ten="40,8000,1" yaku="1,1,18,1,52,1,54,1,53,1" doraHai="50" doraHaiUra="45" who="0" fromWho="2" sc="206,103,225,0,195,-83,354,0" /><INIT seed="4,0,0,4,5,111" ten="309,225,112,354" oya="0" hai0="9,67,33,98,37,8,53,69,12,119,75,126,1" hai1="68,49,133,29,3,63,93,102,107,125,86,66,79" hai2="25,13,10,123,135,38,2,14,132,109,124,95,20" hai3="131,71,16,73,21,59,18,94,42,92,35,81,30"/><T6/><D119/><U65/><E125/><V26/><F38/><W70/><G131/><T100/><D75/><U114/><E3/><V85/><F85/><W80/><G42/><T83/><D37/><U44/><E66/><V60/><F95/><W19/><G35/><T7/><D33/><U50/><E29/><V27/><F60/><W122/><G122/><T128/><D128/><U82/><E107/><V72/><F72/><W40/><G40/><T76/><D53/><U23/><E23/><V46/><F46/><W113/><G59/><T34/><D34/><U62/><E133/><N who="2" m="51275" /><F109/><W130/><G130/><T84/><D126/><U22/><E22/><V78/><F78/><W77/><G21/><T43/><D43/><U58/><E44/><V106/><F106/><W96/><G77/><T101/><D101/><U90/><E102/><V127/><F123/><W115/><G73/><T0/><D67/><U15/><E63/><V32/><F32/><W74/><G74/><T89/><D69/><N who="3" m="26121" /><G30/><T57/><D57/><U108/><E58/><V87/><F87/><W5/><G5/><T104/><D76/><U48/><E108/><V91/><F20/><W11/><G11/><T118/><D118/><U17/><E62/><V64/><F64/><W134/><G134/><T47/><D47/><U120/><E120/><V129/><F129/><W117/><G117/><T28/><D28/><U39/><E65/><V97/><F124/><W52/><G52/><T61/><D61/><U45/><E45/><V116/><F116/><W110/><G110/><T55/><D55/><U103/><E68/><RYUUKYOKU ba="0,0" sc="309,30,225,-10,112,-10,354,-10" hai0="0,1,6,7,8,9,12,83,84,89,98,100,104" /><INIT seed="4,1,0,3,3,121" ten="339,215,102,344" oya="0" hai0="132,73,37,11,63,97,69,93,85,28,26,113,12" hai1="46,56,124,24,134,111,1,51,116,15,81,78,36" hai2="88,77,86,94,71,104,65,4,58,101,39,61,118" hai3="126,84,76,122,40,102,52,112,135,64,10,107,44"/><T57/><D73/><U22/><E116/><V29/><F118/><W34/><G34/><T131/><D37/><U91/><E1/><V120/><F120/><W66/><G107/><T106/><D113/><U95/><E124/><V53/><F39/><W6/><G102/><T13/><D132/><U49/><E134/><V7/><F77/><W35/><G35/><T123/><D131/><U48/><E15/><V50/><REACH who="2" step="1"/><F29/><REACH who="2" ten="339,215,92,344" step="2"/><W89/><G76/><T2/><D28/><N who="1" m="17431" /><E78/><V108/><F108/><W33/><G122/><T119/><D119/><U19/><E111/><V16/><F16/><W74/><G135/><T21/><D123/><U99/><E19/><V130/><F130/><W38/><G38/><T67/><D2/><U27/><E36/><V42/><F42/><W117/><G40/><T59/><D12/><U103/><E27/><V125/><F125/><W92/><G126/><T79/><D79/><U100/><E46/><V96/><AGARI ba="1,1" hai="4,7,50,53,58,61,65,71,86,88,94,96,101,104" machi="96" ten="30,4000,0" yaku="1,1,0,1,54,1,53,0" doraHai="121" doraHaiUra="75" who="2" fromWho="2" sc="339,-21,215,-11,92,53,344,-11" /><INIT seed="5,0,0,0,3,3" ten="318,204,145,333" oya="1" hai0="66,106,6,40,86,8,87,100,117,73,80,103,102" hai1="49,78,32,35,89,76,41,58,42,45,57,111,46" hai2="93,68,18,48,109,20,23,2,110,101,52,115,95" hai3="79,133,15,29,55,84,81,132,118,7,122,123,82"/><U128/><E128/><V71/><F2/><W104/><G29/><T1/><D117/><U130/><E130/><V113/><F101/><W120/><G118/><T9/><D106/><U124/><E49/><V39/><F39/><W37/><G37/><T64/><D40/><U127/><REACH who="1" step="1"/><E89/><REACH who="1" ten="318,194,145,333" step="2"/><V131/><F131/><W135/><G120/><T51/><D51/><U69/><E69/><V47/><F71/><W96/><G122/><T56/><D103/><U0/><E0/><V34/><F68/><W63/><G123/><T112/><D102/><U67/><E67/><V5/><F109/><AGARI ba="0,1" hai="32,35,41,42,45,46,57,58,76,78,109,111,124,127" machi="109" ten="25,4800,0" yaku="1,1,22,2,53,0" doraHai="3" doraHaiUra="107" who="1" fromWho="2" sc="318,0,194,58,145,-48,333,0" /><INIT seed="5,1,0,4,0,131" ten="318,252,97,333" oya="1" hai0="72,79,55,60,68,22,96,6,43,5,26,63,56" hai1="105,85,25,118,95,42,3,38,67,97,51,127,88" hai2="16,116,74,21,70,13,107,76,113,104,87,45,124" hai3="121,108,102,115,99,1,92,17,48,73,83,29,27"/><U8/><E118/><V44/><F116/><W80/><G108/><T94/><D43/><U14/><E3/><V19/><F124/><W89/><G121/><T120/><D120/><U90/><E38/><V110/><F110/><W125/><G1/><T71/><D79/><U130/><E130/><V31/><F70/><W81/><G115/><T24/><D24/><U82/><E127/><V2/><F74/><W86/><G125/><T84/><D84/><U33/><E105/><V10/><F31/><W30/><G73/><T69/><D63/><U77/><E67/><V28/><F28/><N who="3" m="10859" /><G48/><T47/><D47/><N who="1" m="26103" /><E25/><V101/><F113/><W39/><G39/><T126/><D72/><U49/><E49/><V12/><F2/><W57/><G57/><T114/><D114/><U133/><E33/><V135/><F135/><W106/><G106/><T62/><D62/><U117/><E133/><V64/><F64/><W32/><G32/><T20/><D126/><U134/><E134/><V36/><F36/><W111/><G111/><T93/><D60/><U98/><E117/><V34/><F34/><W58/><G58/><T0/><D56/><U119/><E119/><V40/><F40/><W50/><G50/><T15/><D0/><U11/><E14/><V53/><F53/><W100/><G100/><T78/><D15/><U75/><E75/><V132/><F132/><W65/><G65/><T66/><D66/><U35/><E35/><V91/><F101/><W7/><G7/><N who="0" m="2571" /><D69/><U59/><E59/><V61/><F61/><W18/><G27/><T122/><D71/><U109/><E109/><RYUUKYOKU ba="1,0" sc="318,-15,252,15,97,-15,333,15" hai1="8,11,77,82,85,88,90,95,97,98" hai3="17,18,80,81,83,86,89,92,99,102" /><INIT seed="5,2,0,2,2,119" ten="303,267,82,348" oya="1" hai0="10,59,98,72,86,125,102,94,8,61,64,30,69" hai1="129,63,122,55,85,5,25,118,131,56,120,20,132" hai2="51,33,126,24,28,71,73,6,18,48,27,17,113" hai3="91,7,87,88,37,96,36,111,75,29,42,89,40"/><U92/><E118/><V46/><F71/><W31/><G111/><T79/><D125/><U68/><E68/><V76/><F126/><W13/><G75/><T49/><D30/><N who="3" m="11273" /><G96/><T80/><D69/><U106/><E5/><V82/><F113/><W70/><G70/><T99/><D49/><U105/><E132/><V127/><F127/><W114/><G114/><T123/><D123/><N who="1" m="47147" /><E25/><V109/><F109/><W108/><G108/><T74/><D74/><U93/><E20/><V15/><F27/><W39/><G87/><T116/><D116/><U53/><E85/><V100/><F100/><W77/><G7/><T44/><D44/><U84/><E84/><V66/><F66/><W130/><G36/><T81/><D99/><U60/><E60/><V121/><F121/><W41/><G37/><T12/><D12/><U2/><E2/><V26/><F26/><W135/><G39/><T47/><D47/><U83/><E83/><V4/><F48/><W115/><G135/><T21/><D21/><U97/><E55/><V57/><F57/><W32/><G115/><T78/><AGARI ba="2,0" hai="8,10,59,61,64,72,78,79,80,81,86,94,98,102" machi="78" ten="20,1500,0" yaku="0,1,7,1" doraHai="119" who="0" fromWho="0" sc="303,21,267,-9,82,-6,348,-6" /><INIT seed="6,0,0,3,5,59" ten="324,258,76,342" oya="2" hai0="21,6,81,30,119,109,75,56,58,14,132,127,71" hai1="38,103,50,42,82,27,40,85,73,16,91,100,76" hai2="135,51,18,105,44,111,123,2,53,70,0,125,130" hai3="12,11,26,90,69,41,20,29,113,57,1,23,77"/><V31/><F123/><W17/><G69/><T9/><D109/><U86/><E38/><V118/><F118/><W78/><G113/><T60/><D119/><U74/><E74/><V129/><F111/><W72/><G72/><T124/><D132/><U134/><E134/><V62/><F135/><W68/><G68/><T116/><D116/><U99/><E50/><V133/><F133/><W54/><G41/><N who="1" m="15978" /><E73/><V32/><F105/><W25/><G90/><T45/><D45/><U64/><E64/><N who="2" m="41239" /><F18/><W122/><G1/><T84/><D75/><U8/><E99/><V66/><F66/><W5/><REACH who="3" step="1"/><G122/><REACH who="3" ten="324,258,76,332" step="2"/><T102/><D71/><U43/><E43/><V95/><F125/><W107/><G107/><T83/><D127/><U49/><E49/><AGARI ba="0,1" hai="5,11,12,17,20,23,25,26,29,49,54,57,77,78" machi="49" ten="30,3900,0" yaku="1,1,7,1,8,1,53,0" doraHai="59" doraHaiUra="63" who="3" fromWho="1" sc="324,0,258,-39,76,0,332,49" /><INIT seed="7,0,0,5,3,72" ten="324,219,76,381" oya="3" hai0="91,111,77,24,46,34,48,121,110,4,39,124,116" hai1="117,63,49,54,95,22,3,88,135,75,85,18,19" hai2="44,105,13,66,28,68,26,33,31,51,43,23,20" hai3="119,74,123,103,92,114,99,32,78,81,42,9,89"/><W112/><G32/><T15/><D91/><U62/><E3/><V69/><F13/><W59/><G42/><T104/><D48/><U79/><E117/><V127/><F127/><W58/><G119/><T109/><D104/><U65/><E135/><V55/><F105/><N who="3" m="63743" /><G9/><T30/><D124/><U128/><E128/><V94/><F94/><W0/><G0/><T134/><D121/><U60/><E65/><V47/><F68/><W5/><G5/><T100/><D100/><U40/><E40/><V14/><F14/><W108/><G123/><T82/><D134/><U87/><E75/><V64/><F64/><W129/><G129/><T53/><D53/><U84/><E84/><V131/><F131/><W133/><G133/><T130/><D15/><U38/><E38/><V50/><F31/><W83/><G108/><T70/><D70/><U35/><E35/><V6/><F6/><W125/><G125/><T17/><D17/><U76/><E87/><V12/><F12/><W122/><G122/><T2/><D116/><U61/><E63/><V80/><F80/><W106/><G83/><T73/><D130/><U67/><E67/><V102/><F102/><W52/><G106/><T120/><D120/><U11/><E11/><V113/><F113/><W37/><G112/><T56/><D111/><U107/><E107/><V45/><F45/><W29/><G114/><T97/><D2/><U101/><E101/><V8/><F8/><W41/><G37/><T1/><D110/><U96/><E95/><V115/><F115/><W86/><G92/><T25/><D109/><U16/><E54/><RYUUKYOKU ba="0,0" sc="324,-10,219,-10,76,30,381,-10" hai2="20,23,26,28,33,43,44,47,50,51,55,66,69" owari="314,11.0,209,-19.0,106,-39.0,371,47.0" /></mjloggm>