<mjloggm ver="2.3"><GO type="185" lobby="0"/><UN n0="%E3%81%8A%E7%9F%A5%E3%82%89%E3%81%9B" n1="%E5%B8%AB%E5%8C%A0%2F%E9%9B%80%E9%AC%BC" n2="%E3%81%B2%E3%82%8D%E3%81%8D%E3%81%A7%E3%81%99" n3="" dan="18,16,17,0" rate="2359.98,2170.77,2212.08,1500.00" sx="M,M,M,C"/><TAIKYOKU oya="0"/><INIT seed="0,0,0,0,3,3" ten="350,350,350,0" oya="0" hai0="68,65,40,119,110,108,86,38,101,99,121,115,107" hai1="118,122,62,85,96,43,33,103,53,134,129,80,45" hai2="50,114,60,73,94,57,39,113,37,61,106,42,120" hai3=""/><T52/><N who="0" m="31008" /><T55/><D119/><U104/><N who="1" m="31264" /><U70/><E118/><V124/><N who="2" m="30752" /><V82/><F106/><T102/><D115/><U36/><E134/><V133/><F124/><T41/><D86/><U48/><E129/><V58/><F94/><T66/><D68/><U49/><E33/><V125/><F125/><T74/><D74/><U46/><E70/><V67/><F82/><T111/><D102/><U84/><E62/><V32/><F32/><T75/><D75/><U79/><REACH who="1" step="1"/><E36/><REACH who="1" ten="350,340,350,0" step="2"/><V89/><F133/><T35/><D35/><U59/><E59/><V77/><F37/><T117/><D117/><U51/><E51/><V88/><F39/><T135/><D135/><U126/><E126/><V87/><F50/><T1/><D1/><U69/><E69/><V93/><F114/><T90/><D38/><U98/><E98/><V44/><F113/><T54/><REACH who="0" step="1"/><D90/><REACH who="0" ten="340,340,350,0" step="2"/><U91/><E91/><V127/><F89/><T128/><D128/><U105/><E105/><V100/><F127/><T131/><D131/><U34/><E34/><V130/><F130/><T112/><D112/><U0/><E0/><V116/><F116/><T47/><D47/><U64/><E64/><AGARI ba="0,2" hai="40,41,52,54,55,64,65,66,99,101,107,108,110,111" m="31008" machi="64" ten="50,12000,1" yaku="1,1,14,1,10,1,52,1,54,1,53,0" doraHai="3" doraHaiUra="2" who="0" fromWho="1" sc="340,140,340,-120,350,0,0,0" /><INIT seed="0,1,0,5,4,95" ten="480,220,350,0" oya="0" hai0="113,129,124,93,56,109,50,35,77,66,55,64,92" hai1="86,122,84,107,94,110,3,46,53,44,134,59,57" hai2="104,108,47,60,79,123,2,126,120,69,133,63,106" hai3=""/><T78/><D113/><U90/><N who="1" m="31264" /><U74/><E3/><V96/><N who="2" m="30752" /><V39/><N who="2" m="31520" /><V33/><F2/><T100/><D35/><U38/><E74/><V130/><F33/><T99/><D129/><U62/><E107/><V75/><F130/><T83/><D124/><U135/><E110/><V81/><F108/><T43/><D109/><U58/><E38/><V131/><F131/><T49/><D93/><U88/><E46/><V40/><F133/><N who="1" m="50697" /><E44/><V102/><F126/><T68/><D68/><U89/><E89/><V127/><F127/><T34/><D34/><U82/><AGARI ba="1,0" hai="53,57,58,59,62,82,84,86,88,90,94" m="50697,31264" machi="82" ten="30,3000,0" yaku="20,1,52,1,54,1" doraHai="95" who="1" fromWho="1" sc="480,-21,220,32,350,-11,0,0" /><INIT seed="1,0,0,1,0,131" ten="459,252,339,0" oya="1" hai0="65,71,72,80,134,1,96,94,0,127,48,104,115" hai1="56,135,113,60,119,54,67,52,129,3,99,100,66" hai2="125,47,83,43,57,68,101,2,78,97,58,82,41" hai3=""/><U114/><E119/><V53/><F2/><T84/><D115/><U90/><E3/><V103/><F68/><T62/><D127/><U35/><E35/><V32/><F32/><T81/><D81/><U69/><E129/><V63/><F125/><T37/><D37/><U59/><E90/><V95/><F103/><T128/><D128/><U132/><E99/><V123/><N who="2" m="31520" /><V88/><F47/><T40/><D72/><U126/><E100/><V85/><REACH who="2" step="1"/><F57/><REACH who="2" ten="459,252,329,0" step="2"/><T118/><D71/><U36/><E126/><V91/><F91/><T64/><D0/><U110/><E110/><V79/><F79/><T61/><D1/><U111/><E111/><V73/><AGARI ba="0,1" hai="41,43,53,58,63,73,78,82,83,85,88,95,97,101" m="31520" machi="73" ten="20,9000,2" yaku="1,1,0,1,7,1,52,1,54,1,53,1" doraHai="131" doraHaiUra="55" who="2" fromWho="2" sc="459,-30,252,-60,329,100,0,0" /><INIT seed="2,0,0,5,2,126" ten="429,192,429,0" oya="2" hai0="35,65,0,38,57,74,83,71,101,108,95,130,109" hai1="86,73,102,43,62,78,56,41,77,93,64,40,75" hai2="42,47,117,82,115,100,131,45,124,103,99,50,36" hai3=""/><V125/><F117/><T48/><D38/><U94/><E102/><V92/><F115/><T2/><D71/><U33/><E33/><V69/><F69/><T55/><D65/><U106/><E106/><V67/><F67/><T123/><N who="0" m="31520" /><T127/><D127/><N who="2" m="48714" /><F82/><T66/><D66/><U89/><REACH who="1" step="1"/><E94/><REACH who="1" ten="429,182,429,0" step="2"/><V51/><F103/><T44/><D35/><U79/><AGARI ba="0,1" hai="40,41,43,56,62,64,73,75,77,78,79,86,89,93" machi="79" ten="30,9000,2" yaku="1,1,2,1,0,1,53,3" doraHai="126" doraHaiUra="39" who="1" fromWho="1" sc="429,-30,182,100,429,-60,0,0" /><INIT seed="4,0,0,3,1,104" ten="399,282,369,0" oya="0" hai0="72,94,111,114,38,81,64,128,131,127,87,120,103" hai1="109,35,90,96,101,122,45,112,46,91,40,37,58" hai2="95,42,66,88,133,41,44,49,53,134,132,61,100" hai3=""/><T39/><N who="0" m="30752" /><T75/><D114/><U97/><N who="1" m="31264" /><U86/><E109/><V115/><F100/><T48/><D64/><U121/><N who="1" m="31008" /><U69/><E35/><V83/><F83/><T65/><D65/><U102/><E69/><V47/><F115/><T63/><D63/><U77/><E112/><V74/><F74/><N who="0" m="28202" /><D48/><U59/><E77/><V79/><F79/><T82/><D111/><U124/><E86/><V117/><F117/><T98/><D127/><U116/><E40/><V32/><F47/><T67/><D67/><U68/><E37/><N who="0" m="13833" /><D87/><U135/><E124/><V129/><F32/><T57/><D57/><U51/><E51/><V78/><F78/><T108/><D108/><U85/><E85/><V62/><F42/><T110/><D110/><U33/><E33/><V99/><F41/><T34/><D34/><U93/><E59/><V119/><F119/><T54/><D54/><U92/><E58/><V130/><REACH who="2" step="1"/><F62/><REACH who="2" ten="399,282,359,0" step="2"/><T80/><D80/><U1/><E116/><V55/><F55/><T60/><D60/><U113/><E113/><V126/><F126/><T50/><D81/><U0/><REACH who="1" step="1"/><E68/><AGARI ba="0,1" hai="44,49,53,61,66,68,88,95,99,129,130,132,133,134" machi="68" ten="40,5200,0" yaku="1,1,20,1,54,1,53,0" doraHai="104" doraHaiUra="107" who="2" fromWho="1" sc="399,0,282,-52,359,62,0,0" /><INIT seed="5,0,0,3,0,76" ten="399,230,421,0" oya="1" hai0="126,42,127,115,133,116,68,47,1,114,36,91,66" hai1="130,107,90,89,39,49,84,121,117,78,100,41,88" hai2="74,45,87,51,106,123,71,57,101,82,64,62,98" hai3=""/><U46/><N who="1" m="31008" /><U92/><E117/><V58/><N who="2" m="31520" /><V67/><F74/><T129/><D1/><U131/><E107/><V110/><F64/><T96/><D116/><U70/><E70/><V99/><F99/><T120/><N who="0" m="30752" /><T38/><D133/><U56/><E100/><V119/><F110/><T61/><D129/><N who="1" m="49163" /><E78/><V81/><F119/><T34/><D34/><U3/><E3/><V104/><F104/><T132/><D132/><U85/><E92/><V65/><F65/><T118/><D118/><U43/><E43/><V32/><F32/><T125/><D36/><U48/><E56/><V108/><F108/><T35/><D35/><U102/><E102/><V40/><REACH who="2" step="1"/><F81/><REACH who="2" ten="399,230,411,0" step="2"/><T80/><D80/><U95/><E89/><AGARI ba="0,1" hai="40,45,51,57,58,62,67,71,82,87,89,98,101,106" m="31520" machi="89" ten="30,8000,1" yaku="1,1,2,1,7,1,52,2,53,0" doraHai="76" doraHaiUra="105" who="2" fromWho="1" sc="399,0,230,-80,411,90,0,0" /><INIT seed="6,0,0,1,5,51" ten="399,150,501,0" oya="2" hai0="65,88,68,36,123,75,86,89,40,119,48,81,52" hai1="117,32,46,43,76,120,84,96,64,55,79,129,60" hai2="128,1,126,54,3,125,102,105,83,44,93,47,33" hai3=""/><V67/><F33/><T72/><N who="0" m="31520" /><T99/><D119/><U69/><N who="1" m="30752" /><U130/><E32/><V63/><F105/><T42/><D36/><U100/><E117/><V113/><F113/><T91/><D68/><U53/><E84/><V66/><F128/><T127/><D65/><U82/><E79/><V121/><N who="2" m="31008" /><V124/><F83/><T106/><D127/><U107/><E82/><V109/><F109/><T2/><D2/><N who="2" m="522" /><F54/><T108/><D108/><U97/><E76/><V77/><F77/><T34/><D34/><U70/><E96/><V59/><F67/><T61/><D61/><U115/><E115/><V134/><F134/><T103/><D72/><U71/><E69/><V38/><F38/><T85/><D75/><U37/><E71/><V39/><F39/><T74/><D74/><U122/><N who="1" m="31264" /><U118/><E118/><V104/><F126/><T92/><D91/><U112/><E112/><V110/><F125/><T95/><D81/><U58/><E55/><V111/><F124/><T133/><D133/><U49/><E70/><V98/><F111/><T90/><D90/><U80/><E80/><V132/><F110/><T116/><D116/><U101/><E101/><V73/><F132/><T57/><AGARI ba="0,0" hai="40,42,48,52,57,85,86,88,89,92,95,99,103,106" m="31520" machi="57" ten="20,12000,3" yaku="5,1,0,1,7,1,9,1,52,2,54,2" doraHai="51" who="0" fromWho="0" sc="399,120,150,-40,501,-80,0,0" owari="519,47.0,110,-49.0,421,2.0,0,0.0" /></mjloggm>