<mjloggm ver="2.3"><GO type="169" lobby="0"/><UN n0="%73%6F%63%63%68%79" n1="%45%6D%69%75" n2="%E3%81%97%E3%81%BE%E3%81%A0%E3%81%BE%32" n3="%74%6F%72%69%30%36%31%32" dan="18,18,16,17" rate="2243.39,2263.33,2062.55,2184.98" sx="M,M,M,M"/><TAIKYOKU oya="0"/><INIT seed="0,0,0,5,2,3" ten="250,250,250,250" oya="0" hai0="57,129,111,122,71,78,94,58,18,33,24,64,93" hai1="119,130,125,46,54,108,16,112,83,126,6,69,87" hai2="85,31,15,55,30,61,114,59,36,51,123,48,8" hai3="97,106,133,44,100,86,17,13,116,110,34,52,91"/><T99/><D122/><U76/><E119/><V84/><F36/><W26/><G116/><T45/><D129/><U77/><E69/><V37/><F37/><W81/><G110/><T95/><D78/><U28/><E28/><V68/><F114/><W1/><G1/><T124/><D124/><U9/><E108/><V109/><F123/><W80/><G133/><T88/><D111/><U66/><E66/><V131/><F131/><W128/><G128/><T89/><D71/><U134/><E130/><V62/><F51/><N who="3" m="28775" /><G80/><T5/><D95/><U0/><E134/><V20/><F109/><W53/><G53/><T40/><D64/><U82/><E112/><V107/><F107/><W49/><G49/><T73/><D73/><U32/><E32/><V27/><F31/><W43/><G26/><T132/><D33/><U19/><E54/><V2/><F2/><W47/><G34/><T74/><D74/><U96/><E46/><V22/><F22/><W60/><G60/><N who="2" m="23145" /><F68/><W90/><G47/><T42/><D45/><U65/><E65/><V92/><F92/><N who="3" m="58407" /><G43/><T113/><D40/><U103/><E125/><V75/><F75/><W10/><G106/><T98/><D42/><U35/><E35/><V72/><F72/><W14/><G14/><T23/><D132/><U102/><E126/><V21/><F21/><W127/><G127/><T25/><D113/><U50/><E50/><V101/><F101/><N who="1" m="38409" /><E96/><V104/><F104/><W70/><G70/><T63/><D63/><U4/><E0/><V38/><F38/><W79/><AGARI ba="0,0" hai="10,13,17,79,81,86,90,91" m="58407,28775" machi="79" ten="30,2000,0" yaku="8,1,54,1" doraHai="3" who="3" fromWho="3" sc="250,-10,250,-5,250,-5,250,20" /><INIT seed="1,0,0,0,4,63" ten="240,245,245,270" oya="1" hai0="116,90,81,119,117,23,102,128,60,84,79,44,82" hai1="64,69,75,123,68,107,129,122,62,54,53,74,17" hai2="13,112,98,28,15,103,27,43,67,9,104,111,88" hai3="115,4,61,46,127,25,47,38,108,31,14,45,91"/><U6/><E107/><V48/><F111/><W97/><G115/><T133/><D23/><U101/><E101/><V36/><F36/><W55/><G127/><T100/><D44/><U21/><E129/><V126/><F126/><W35/><G108/><T57/><D128/><U16/><E6/><V2/><F2/><W3/><G3/><T19/><D19/><U114/><E62/><V22/><F43/><W106/><G38/><T7/><D7/><U92/><E92/><V49/><F112/><W124/><G124/><T131/><D131/><U26/><E114/><V93/><F15/><W42/><G42/><T86/><REACH who="0" step="1"/><D133/><REACH who="0" ten="230,245,245,270" step="2"/><U10/><E21/><V89/><F9/><W33/><G4/><T96/><D96/><U85/><E10/><V52/><F13/><W76/><G46/><T0/><D0/><U41/><E17/><V8/><F8/><W58/><G47/><T95/><D95/><U34/><E16/><V113/><F113/><W70/><G45/><T105/><D105/><U71/><E122/><V134/><F134/><W87/><G106/><T40/><D40/><U110/><E41/><V37/><F37/><W32/><G97/><T130/><D130/><U20/><E123/><V11/><F11/><W12/><G12/><T78/><D78/><U73/><E20/><V65/><F104/><W94/><G76/><T135/><D135/><U109/><E109/><V18/><F18/><W83/><G14/><T72/><D72/><U99/><E110/><V30/><F98/><W80/><G70/><T39/><D39/><U121/><E99/><V29/><F22/><AGARI ba="0,1" hai="22,25,31,32,33,35,55,58,61,80,83,87,91,94" machi="22" ten="40,1300,0" yaku="6,1" doraHai="63" who="3" fromWho="2" sc="230,0,245,0,245,-13,270,23" /><INIT seed="2,0,0,4,3,109" ten="230,245,232,293" oya="2" hai0="25,128,84,73,37,103,57,122,77,106,96,20,104" hai1="5,52,63,26,80,59,15,123,116,62,75,71,95" hai2="28,42,78,66,110,133,2,67,43,119,99,47,41" hai3="27,112,60,89,87,35,83,36,45,81,32,0,90"/><V107/><F119/><W120/><G120/><T101/><D37/><U127/><E116/><V16/><F2/><W117/><G0/><T23/><D122/><U30/><E127/><V53/><F28/><W94/><G117/><T49/><D128/><U129/><E129/><V82/><F133/><W105/><G105/><T44/><D73/><U1/><E1/><V100/><F110/><W40/><G83/><T3/><D57/><U111/><E111/><V97/><F97/><W58/><G27/><T88/><D77/><U21/><E123/><V115/><F53/><W93/><G112/><T76/><D76/><U64/><E75/><V38/><F115/><W92/><REACH who="3" step="1"/><G90/><REACH who="3" ten="230,245,232,283" step="2"/><T69/><D25/><U17/><E80/><V132/><F132/><W124/><G124/><T14/><D88/><U9/><REACH who="1" step="1"/><E95/><REACH who="1" ten="230,235,232,283" step="2"/><V50/><F82/><W125/><G125/><T12/><D106/><U114/><E114/><V31/><F78/><W22/><G22/><T56/><D20/><U54/><E54/><AGARI ba="0,2" hai="32,35,36,40,45,54,58,60,81,87,89,92,93,94" machi="54" ten="40,1300,0" yaku="1,1,53,0" doraHai="109" doraHaiUra="74" who="3" fromWho="1" sc="230,0,235,-13,232,0,283,33" /><INIT seed="3,0,0,3,0,104" ten="230,222,232,316" oya="3" hai0="96,125,128,68,110,31,100,97,15,105,88,121,90" hai1="0,22,46,18,17,94,129,106,35,54,47,86,63" hai2="130,28,37,43,112,11,120,111,14,9,41,98,62" hai3="33,19,114,101,131,24,7,59,102,25,89,2,5"/><W44/><G114/><T26/><D121/><U3/><E35/><V93/><F112/><W107/><G107/><T36/><D36/><U29/><E106/><V85/><F37/><W51/><G2/><T84/><D110/><U65/><E129/><V12/><F111/><W55/><G131/><T61/><D128/><U81/><E29/><V122/><F28/><W87/><G33/><T70/><D125/><U58/><E94/><V118/><F85/><W67/><G7/><T8/><D97/><U20/><E0/><V91/><F118/><W52/><G67/><T73/><D73/><U95/><E95/><V64/><F130/><W119/><G5/><T134/><D134/><U135/><E3/><V82/><F82/><N who="3" m="49399" /><G119/><T80/><D61/><U21/><E135/><V74/><F74/><W66/><G66/><T79/><D70/><U115/><E115/><V92/><F92/><W117/><G117/><T108/><D68/><U42/><E65/><V53/><F11/><W23/><G25/><T116/><D108/><U113/><E113/><V39/><F9/><W1/><G1/><T50/><D50/><AGARI ba="0,0" hai="19,23,24,44,50,51,52,55,59,101,102" m="49399" machi="50" ten="30,2900,0" yaku="8,1,54,1" doraHai="104" who="3" fromWho="0" sc="230,-29,222,0,232,0,316,29" /><INIT seed="3,1,0,0,1,13" ten="201,222,232,345" oya="3" hai0="30,109,114,130,133,5,81,49,119,56,12,53,93" hai1="132,76,31,87,116,113,20,120,75,127,50,84,16" hai2="46,47,40,74,8,14,68,34,71,15,126,97,66" hai3="91,51,55,118,3,27,79,101,4,135,106,99,18"/><W54/><G118/><T121/><D121/><U115/><E120/><V78/><F34/><W108/><G135/><T94/><D119/><U102/><E116/><V92/><F126/><W100/><G79/><T22/><D109/><U85/><E127/><V10/><F78/><W9/><G108/><T129/><D114/><U117/><E117/><V69/><F74/><W62/><G62/><T88/><D133/><U17/><E132/><V33/><F33/><W39/><G39/><T122/><D122/><U123/><E123/><V73/><F66/><W104/><G91/><T32/><D32/><U86/><E75/><V26/><F26/><W111/><G111/><T1/><D1/><U43/><E102/><V48/><F47/><W57/><G55/><T80/><D94/><U83/><E113/><V11/><REACH who="2" step="1"/><F73/><REACH who="2" ten="201,222,222,345" step="2"/><W37/><G27/><T7/><D130/><U67/><E67/><V131/><F131/><W45/><G45/><T77/><D77/><U59/><E115/><V107/><F107/><W64/><G64/><T89/><D129/><U98/><E76/><V24/><F24/><W82/><G106/><T52/><D56/><U112/><E112/><V65/><F65/><W35/><G57/><T28/><D93/><U21/><E59/><V25/><F25/><W6/><G35/><T23/><D12/><U124/><E124/><V103/><AGARI ba="1,1" hai="8,10,11,14,15,40,46,48,68,69,71,92,97,103" machi="103" ten="40,2700,0" yaku="1,1,0,1,53,0" doraHai="13" doraHaiUra="72" who="2" fromWho="2" sc="201,-8,222,-8,222,40,345,-14" /><INIT seed="4,0,0,3,0,5" ten="193,214,262,331" oya="0" hai0="43,61,13,41,79,58,50,105,35,34,103,57,100" hai1="31,83,28,86,130,134,62,117,127,94,88,133,0" hai2="48,12,102,120,77,63,2,107,59,119,11,129,80" hai3="111,18,135,52,66,91,65,123,76,4,15,45,87"/><T23/><D79/><U51/><E117/><V75/><F120/><W93/><G111/><T132/><D132/><N who="1" m="50795" /><E130/><V116/><F2/><W24/><G123/><T85/><D85/><U30/><E127/><V118/><F129/><W8/><G135/><T21/><D13/><U96/><E0/><V92/><F48/><N who="3" m="28687" /><G76/><T82/><D50/><U47/><E62/><V1/><F1/><W16/><G24/><T29/><D61/><U74/><E74/><V99/><F107/><W124/><G124/><T33/><D105/><U122/><E122/><V68/><F68/><W25/><G25/><T10/><D35/><U84/><E83/><V73/><F80/><W110/><G110/><T97/><D82/><U125/><E125/><V55/><REACH who="2" step="1"/><F77/><REACH who="2" ten="193,214,252,331" step="2"/><W126/><G126/><T32/><D43/><AGARI ba="0,1" hai="28,30,31,43,47,51,84,86,88,94,96" m="50795" machi="43" ten="30,2000,0" yaku="20,1,54,1" doraHai="5" who="1" fromWho="0" sc="193,-20,214,30,252,0,331,0" /><INIT seed="5,0,0,3,2,105" ten="173,244,252,331" oya="1" hai0="6,16,131,121,82,76,117,80,67,119,48,47,57" hai1="49,2,62,13,46,93,91,19,112,50,118,106,97" hai2="69,92,85,81,108,34,115,43,36,5,30,11,128" hai3="58,109,120,12,4,29,135,96,124,127,94,39,7"/><U133/><E118/><V15/><F69/><W125/><G120/><T103/><D121/><U102/><E112/><V114/><F108/><W53/><G109/><T71/><D131/><U3/><E62/><V110/><F110/><W28/><G39/><T95/><D71/><U26/><E26/><N who="2" m="18775" /><F92/><W86/><G86/><T25/><D6/><N who="3" m="2089" /><G12/><T59/><D82/><U22/><E133/><V55/><F55/><W18/><G18/><T45/><D45/><U1/><REACH who="1" step="1"/><E46/><REACH who="1" ten="173,234,252,331" step="2"/><V79/><F128/><W32/><G135/><T65/><D47/><U41/><E41/><V17/><F43/><W51/><G32/><T66/><D119/><U98/><AGARI ba="0,1" hai="1,2,3,13,19,22,49,50,91,93,97,98,102,106" machi="98" ten="40,3900,0" yaku="1,1,0,1,53,0" doraHai="105" doraHaiUra="132" who="1" fromWho="1" sc="173,-13,234,49,252,-13,331,-13" /><INIT seed="5,1,0,5,3,99" ten="160,283,239,318" oya="1" hai0="135,111,106,45,76,28,55,118,109,39,6,124,83" hai1="92,44,117,116,134,93,58,85,114,125,100,62,38" hai2="127,12,9,112,61,88,120,133,24,95,35,16,63" hai3="71,51,70,20,19,54,5,105,123,119,59,75,18"/><U69/><E69/><V91/><F120/><W128/><G75/><T64/><D55/><U2/><E2/><V94/><F127/><W37/><G37/><T113/><D64/><U82/><E114/><V22/><F133/><W102/><G123/><T132/><D28/><U68/><E68/><V17/><F35/><W104/><G5/><T81/><D45/><U101/><E125/><V122/><F112/><W41/><G105/><T47/><D47/><U34/><E34/><V73/><F73/><W65/><G41/><T80/><D6/><U23/><E134/><N who="0" m="51241" /><D39/><U110/><E110/><N who="0" m="41993" /><D124/><U40/><E23/><V43/><F43/><W90/><G119/><T11/><D11/><U42/><E42/><V60/><F122/><W107/><G107/><T74/><D113/><U25/><E25/><V86/><F63/><W14/><G65/><T10/><D10/><U50/><E38/><V126/><F126/><W13/><G71/><T7/><D7/><U3/><E3/><V4/><F4/><W79/><G20/><T96/><D118/><U115/><E115/><V49/><F49/><W67/><G67/><T0/><D0/><U77/><E116/><V130/><F130/><W8/><G128/><T89/><D89/><U27/><E27/><V56/><F56/><W72/><G90/><T129/><D129/><U66/><E117/><V26/><F26/><W31/><G70/><T57/><D57/><U32/><E32/><V87/><AGARI ba="1,0" hai="9,12,16,17,22,24,60,61,86,87,88,91,94,95" machi="87" ten="20,12000,2" yaku="0,1,7,1,9,1,8,1,54,2" doraHai="99" who="2" fromWho="2" sc="160,-31,283,-61,239,123,318,-31" /><INIT seed="6,0,0,0,1,43" ten="129,222,362,287" oya="2" hai0="13,53,88,64,10,9,79,135,93,125,50,54,2" hai1="111,25,58,56,48,126,46,134,8,124,15,85,62" hai2="128,23,105,109,24,81,6,80,36,92,89,61,127" hai3="74,90,82,86,55,96,57,20,104,37,1,27,31"/><V117/><F105/><W21/><G1/><T28/><D135/><U51/><E111/><V97/><F117/><W113/><G37/><T78/><D125/><U75/><E75/><V3/><F128/><W107/><G74/><T42/><D42/><U95/><E134/><V131/><F131/><W123/><G123/><T94/><D64/><U5/><E51/><V4/><F127/><N who="1" m="48681" /><E25/><V133/><F3/><W33/><G113/><T67/><D67/><U83/><E95/><V11/><F36/><W35/><G35/><T102/><D28/><U118/><E62/><V103/><F61/><W44/><G107/><T29/><D29/><U30/><E30/><V98/><F80/><W60/><G104/><T122/><D122/><U101/><E101/><V120/><F81/><W119/><G119/><T66/><D66/><U77/><E118/><V69/><F92/><W49/><REACH who="3" step="1"/><G96/><REACH who="3" ten="129,222,362,277" step="2"/><N who="0" m="59663" /><D2/><U16/><E5/><V108/><F6/><W121/><G121/><T114/><D114/><U52/><AGARI ba="0,1" hai="8,15,16,46,48,52,56,58,77,83,85" m="48681" machi="52" ten="30,7900,0" yaku="18,1,52,1,54,2" doraHai="43" who="1" fromWho="1" sc="129,-20,222,89,362,-39,277,-20" /><INIT seed="7,0,0,3,2,4" ten="109,311,323,257" oya="3" hai0="109,130,24,93,81,103,91,13,118,126,56,94,100" hai1="116,79,37,27,53,121,135,73,35,99,44,127,46" hai2="120,77,76,78,119,65,52,45,39,31,84,32,15" hai3="92,117,47,82,22,80,64,122,104,10,75,49,57"/><W5/><G122/><T115/><D24/><U129/><E121/><V87/><F119/><W50/><G104/><T61/><D56/><U6/><E127/><V41/><F65/><W86/><G117/><T102/><D61/><U51/><E129/><V14/><F120/><W18/><G75/><T30/><D13/><N who="2" m="4618" /><F32/><W71/><G71/><T59/><D59/><U113/><E113/><V114/><F114/><W133/><G133/><T43/><D43/><U90/><E135/><V9/><F39/><W88/><G18/><T134/><D30/><U95/><E116/><V125/><F41/><W29/><G29/><T16/><D16/><U107/><E107/><V131/><F125/><W112/><G22/><T48/><D48/><U25/><E35/><V58/><F45/><W26/><G26/><T101/><D118/><U38/><E6/><V17/><F131/><W55/><G112/><T96/><D115/><U105/><E105/><V69/><F69/><W67/><G67/><T111/><D134/><U89/><E38/><V123/><F31/><W106/><G106/><T68/><D68/><U34/><E34/><V62/><F123/><W124/><G124/><T28/><D28/><U23/><E37/><V20/><F9/><W54/><G64/><T74/><D126/><U98/><E44/><V85/><F17/><W108/><G108/><T60/><D60/><U33/><E33/><V63/><F63/><W97/><G97/><T11/><D11/><U19/><E25/><V0/><F20/><W66/><G66/><T70/><D91/><N who="1" m="55679" /><E99/><V42/><F42/><W21/><G21/><RYUUKYOKU ba="0,0" sc="109,-30,311,10,323,10,257,10" hai1="19,23,27,46,51,53,73,79,89,90" hai2="0,52,58,62,76,77,78,84,85,87" hai3="5,10,47,49,50,54,55,57,80,82,86,88,92" /><INIT seed="7,1,0,4,3,18" ten="79,321,333,267" oya="3" hai0="95,4,42,115,29,55,23,123,37,75,76,48,91" hai1="62,70,41,103,104,0,25,84,128,97,57,9,87" hai2="110,21,117,7,19,33,27,73,31,74,5,109,65" hai3="28,100,101,81,83,11,24,13,86,1,15,8,66"/><W122/><G122/><T113/><D37/><U20/><E70/><V47/><F65/><W50/><G1/><T39/><D39/><U126/><E41/><V64/><F64/><W112/><G112/><T120/><D42/><U127/><E128/><V114/><F47/><W90/><G66/><T102/><D4/><N who="2" m="1610" /><F73/><W85/><G50/><T45/><D102/><N who="3" m="39529" /><G24/><T6/><D6/><N who="1" m="1223" /><E57/><V116/><F74/><W132/><G28/><T119/><D75/><U96/><E62/><V34/><F114/><W32/><G32/><N who="2" m="12393" /><F31/><W105/><G132/><T135/><D135/><U14/><E97/><V46/><F46/><W68/><G105/><T3/><D3/><U106/><E106/><V30/><F30/><W2/><G68/><T124/><D115/><U40/><E40/><V38/><F38/><W125/><G125/><N who="1" m="47626" /><E14/><N who="3" m="5130" /><G2/><T10/><D124/><U77/><E77/><AGARI ba="1,0" hai="8,11,77,81,83,85,86,90" m="5130,39529" machi="77" ten="30,1500,0" yaku="8,1" doraHai="18" who="3" fromWho="1" sc="79,0,321,-18,333,0,267,18" /><INIT seed="7,2,0,0,0,32" ten="79,303,333,285" oya="3" hai0="23,20,27,104,126,110,114,29,37,74,97,52,2" hai1="73,85,64,87,86,131,72,122,134,130,26,117,84" hai2="1,98,22,7,61,11,67,83,8,31,13,95,81" hai3="108,24,33,132,46,65,38,60,89,115,135,93,124"/><W120/><G120/><T14/><D74/><U30/><E122/><V34/><F34/><W118/><G118/><T25/><D37/><U4/><E134/><N who="3" m="51242" /><G108/><T58/><D104/><U59/><E117/><V96/><F22/><W42/><G124/><T43/><D43/><U9/><E64/><V101/><F96/><N who="3" m="57391" /><G115/><T75/><D75/><U133/><E59/><V78/><F31/><N who="3" m="19687" /><G60/><T45/><D110/><U48/><E133/><V116/><F78/><W76/><G76/><T53/><D97/><U18/><E130/><V109/><F109/><W91/><G91/><T80/><D126/><U112/><E131/><V69/><F116/><W21/><G21/><T6/><D114/><U66/><E112/><V71/><F71/><W28/><G65/><T121/><D121/><U62/><E62/><V35/><F35/><W41/><G41/><T19/><D29/><AGARI ba="2,0" hai="28,29,38,42,46" m="19687,57391,51242" machi="29" ten="30,1500,0" yaku="20,1" doraHai="32" who="3" fromWho="0" sc="79,-21,303,0,333,0,285,21" /><INIT seed="7,3,0,0,0,119" ten="58,303,333,306" oya="3" hai0="21,72,35,124,71,88,42,134,98,100,56,5,81" hai1="61,17,49,129,55,103,133,123,53,6,62,111,52" hai2="13,93,131,30,102,16,84,29,83,27,122,114,45" hai3="36,66,37,48,43,69,8,39,24,63,132,20,0"/><W77/><G132/><T75/><D35/><U73/><E111/><V10/><F114/><W94/><G77/><T108/><D71/><U32/><E123/><V97/><F131/><W90/><G48/><T105/><D5/><U110/><E110/><V96/><F122/><W59/><G69/><T4/><D4/><U91/><E32/><V34/><F30/><W118/><G118/><T116/><D21/><U68/><E73/><V126/><F126/><W11/><G43/><T25/><D56/><U57/><E133/><V117/><F96/><W19/><REACH who="3" step="1"/><G0/><REACH who="3" ten="58,303,333,296" step="2"/><T82/><D25/><U46/><E129/><V51/><F117/><W23/><G23/><T22/><D22/><U120/><E120/><V41/><F34/><W7/><G7/><T79/><D42/><N who="1" m="24791" /><E6/><V78/><F29/><W28/><G28/><T67/><D116/><U40/><E68/><V80/><F80/><W44/><G44/><T1/><D1/><U18/><E40/><V89/><F27/><W127/><G127/><T70/><D124/><U47/><E47/><V14/><F14/><W2/><G2/><T115/><D108/><U9/><E103/><AGARI ba="3,1" hai="10,13,16,41,45,51,78,83,84,89,93,97,102,103" machi="103" ten="40,2600,0" yaku="8,1,54,1" doraHai="119" who="2" fromWho="1" sc="58,0,303,-35,333,45,296,0" owari="58,-44.0,268,-13.0,378,47.0,296,10.0" /></mjloggm>