<mjloggm ver="2.3"><GO type="185" lobby="0"/><UN n0="%E3%82%8C%E3%81%99%E3%81%93" n1="%E3%81%95%E3%81%A6%E3%81%A4" n2="%65%6C%75%6C%75" n3="" dan="16,16,17,0" rate="2237.11,2090.51,2256.11,1500.00" sx="F,M,M,C"/><TAIKYOKU oya="0"/><INIT seed="0,0,0,5,4,102" ten="350,350,350,0" oya="0" hai0="87,36,123,124,52,41,105,75,64,51,59,108,126" hai1="119,93,120,62,65,103,76,47,125,98,84,53,45" hai2="112,38,66,39,132,50,43,73,94,79,70,89,78" hai3=""/><T3/><N who="0" m="31520" /><T55/><D75/><U128/><N who="1" m="30752" /><U92/><E119/><V2/><F2/><T95/><D3/><U1/><E1/><V133/><F112/><T134/><D134/><N who="2" m="51818" /><F66/><T130/><D130/><U100/><E125/><N who="0" m="48233" /><D108/><U110/><E110/><V127/><F70/><T91/><D64/><U135/><E135/><V114/><F114/><T33/><D33/><U118/><E118/><V58/><F127/><T82/><D105/><U86/><E128/><V88/><F73/><T131/><D131/><U67/><E76/><V80/><F78/><T77/><D55/><U85/><E65/><V96/><F79/><T69/><D69/><U35/><E35/><V74/><F74/><T122/><N who="0" m="31264" /><T111/><D111/><U54/><E53/><V34/><F34/><T101/><D101/><U107/><E54/><V129/><F129/><T104/><D104/><U99/><REACH who="1" step="1"/><E107/><REACH who="1" ten="350,340,350,0" step="2"/><V115/><F115/><T81/><D77/><U56/><AGARI ba="0,1" hai="45,47,56,62,67,84,85,86,92,93,98,99,100,103" m="30752" machi="56" ten="30,12000,3" yaku="1,1,2,1,0,1,9,1,8,1,52,1,53,2" doraHai="102" doraHaiUra="90" who="1" fromWho="1" sc="350,-80,340,130,350,-40,0,0" /><INIT seed="1,0,0,5,5,48" ten="270,470,310,0" oya="1" hai0="83,57,105,89,130,118,62,81,96,115,74,76,104" hai1="78,87,54,100,40,98,50,128,109,42,93,117,33" hai2="99,122,55,63,91,37,1,39,86,121,3,60,44" hai3=""/><U95/><E33/><V114/><N who="2" m="31008" /><V41/><N who="2" m="31264" /><V124/><F124/><T116/><D115/><U94/><E117/><N who="0" m="45161" /><D130/><U49/><E128/><V2/><F114/><T113/><D113/><U101/><E109/><V123/><N who="2" m="31520" /><V34/><F34/><T36/><D36/><U84/><E49/><V52/><F99/><T97/><D83/><U110/><E110/><V85/><F37/><T0/><D0/><U134/><E134/><V126/><F126/><T47/><D47/><U67/><E67/><V65/><F86/><N who="1" m="32809" /><E78/><V82/><REACH who="2" step="1"/><F63/><REACH who="2" ten="270,470,300,0" step="2"/><T58/><D97/><U120/><N who="1" m="30752" /><U102/><E98/><V108/><F108/><T59/><D62/><U132/><E132/><V64/><F64/><T61/><D61/><U133/><E133/><V45/><F45/><AGARI ba="0,1" hai="40,42,45,50,54,93,94,95,100,101,102" m="30752,32809" machi="45" ten="30,5800,0" yaku="8,1,52,2" doraHai="48" who="1" fromWho="2" sc="270,0,470,68,300,-58,0,0" /><INIT seed="1,1,0,4,2,122" ten="270,538,242,0" oya="1" hai0="125,58,108,92,135,57,46,121,84,1,62,69,44" hai1="109,126,59,63,64,60,50,110,111,71,91,123,39" hai2="47,79,104,107,96,130,129,116,38,61,49,93,86" hai3=""/><U35/><N who="1" m="31520" /><U97/><E35/><V117/><F38/><T133/><N who="0" m="31008" /><T3/><D69/><U80/><E126/><V120/><N who="2" m="30752" /><V41/><F61/><T81/><D92/><U113/><E39/><V101/><F79/><T40/><D125/><U70/><E113/><V94/><F93/><T95/><D95/><U32/><E97/><V43/><F43/><T78/><D108/><N who="1" m="27651" /><U48/><DORA hai="72" /><E32/><V34/><F34/><T56/><D62/><U76/><E91/><V53/><F117/><T114/><D114/><U98/><E98/><V74/><F116/><T102/><D1/><U131/><E131/><V112/><F112/><T33/><D3/><U127/><E127/><V119/><F119/><T103/><D33/><U75/><E71/><V67/><F130/><T45/><D40/><U89/><E89/><V37/><F41/><T65/><D65/><AGARI ba="1,0" hai="48,50,59,60,63,64,65,70,75,76,80" m="27651,31520" machi="65" ten="40,24000,3" yaku="14,1,10,1,52,6" doraHai="122,72" who="1" fromWho="0" sc="270,-242,538,242,242,0,0,0" /><INIT seed="1,2,0,4,4,32" ten="28,780,242,0" oya="1" hai0="57,33,134,1,115,46,83,109,101,71,117,81,56" hai1="73,125,131,123,93,2,34,107,35,75,52,36,76" hai2="92,37,79,50,41,45,69,84,53,102,135,106,65" hai3=""/><U51/><N who="1" m="31520" /><U120/><N who="1" m="30752" /><U43/><E2/><V114/><F135/><T61/><D33/><U42/><E107/><V105/><F114/><T85/><D115/><U67/><E131/><V98/><F79/><T129/><D1/><U58/><E125/><V119/><F84/><T47/><D134/><U77/><E34/><V49/><F49/><T87/><D71/><U112/><E112/><V39/><F39/><T116/><D101/><U88/><E67/><V70/><F119/><T104/><D104/><U59/><E59/><V128/><F70/><T44/><D129/><U86/><E35/><V99/><F128/><T48/><D48/><U78/><REACH who="1" step="1"/><E36/><REACH who="1" ten="28,770,242,0" step="2"/><V100/><F65/><T72/><D57/><U124/><E124/><V54/><F37/><T89/><D109/><U96/><E96/><V80/><F99/><T82/><D56/><U3/><E3/><V38/><F38/><T121/><D121/><U113/><E113/><V103/><F106/><T97/><D97/><U110/><E110/><V132/><F105/><T90/><D61/><U111/><E111/><V108/><F108/><T74/><D74/><AGARI ba="2,1" hai="42,43,51,52,58,73,74,75,76,77,78,86,88,93" m="30752,31520" machi="74" ten="40,12000,1" yaku="1,1,52,2,54,2,53,0" doraHai="32" doraHaiUra="130" who="1" fromWho="0" sc="28,-124,770,134,242,0,0,0" owari="-96,-70.0,904,86.0,242,-16.0,0,0.0" /></mjloggm>