<mjloggm ver="2.3"><GO type="225" lobby="0"/><UN n0="%E5%85%94%E6%96%AF%E5%9F%BA" n1="%E9%95%B7%E5%B3%B6%E3%83%B3%E3%82%AC%E3%83%B3" n2="%E8%97%81%E3%83%AF%E3%83%A9%E7%AC%91%77%72%77%72" n3="%69%70%73%E6%88%A6%E5%A3%AB" dan="17,17,17,16" rate="2188.64,2117.64,2214.55,2215.11" sx="M,M,M,M"/><TAIKYOKU oya="0"/><INIT seed="0,0,0,4,3,24" ten="250,250,250,250" oya="0" hai0="106,100,124,38,3,109,62,41,21,83,39,70,81" hai1="107,8,75,17,93,134,105,96,74,88,90,67,34" hai2="92,120,117,129,5,14,77,94,84,1,85,48,31" hai3="128,115,13,45,23,79,102,32,37,99,135,54,27"/><T20/><D3/><U130/><E34/><V116/><F120/><W44/><G135/><T53/><D124/><U16/><E67/><V22/><F1/><W65/><G128/><T64/><D53/><U29/><E130/><V71/><F129/><W4/><G32/><T91/><D109/><U104/><E134/><V73/><F71/><W30/><G65/><T76/><D91/><U78/><E78/><V133/><F73/><W60/><G37/><T42/><D81/><U56/><E29/><V46/><F133/><W121/><G79/><T33/><D33/><U98/><E56/><V15/><F5/><W58/><G115/><T26/><D39/><U36/><E36/><V111/><F111/><W119/><G119/><N who="2" m="45641" /><F31/><W55/><G55/><T97/><D20/><U86/><E8/><V11/><F22/><W118/><G121/><T66/><D66/><U127/><E127/><V43/><F15/><W82/><G82/><T110/><D38/><U132/><E132/><V89/><F77/><W19/><G4/><T108/><D108/><U25/><E25/><V114/><F114/><W49/><G49/><T113/><D113/><U35/><E35/><V126/><F126/><W68/><G68/><T125/><D125/><U63/><E63/><V28/><F28/><W112/><G112/><T131/><D110/><U87/><E105/><V12/><F11/><N who="3" m="6591" /><G118/><T103/><D131/><U123/><REACH who="1" step="1"/><E93/><AGARI ba="0,0" hai="23,27,30,44,45,54,58,60,93,99,102" m="6591" machi="93" ten="30,2000,0" yaku="8,1,52,1" doraHai="24" who="3" fromWho="1" sc="250,0,250,-20,250,0,250,20" /><INIT seed="1,0,0,2,3,116" ten="250,230,250,270" oya="1" hai0="118,42,60,73,51,123,91,82,74,83,28,104,3" hai1="117,107,56,127,94,92,10,121,69,11,24,97,41" hai2="31,80,135,36,45,57,86,63,122,71,106,4,0" hai3="58,125,43,26,115,37,109,7,15,129,95,21,131"/><U111/><E121/><V32/><F122/><W54/><G115/><T99/><D3/><U112/><E117/><V64/><F135/><W102/><G109/><T5/><D118/><U2/><E112/><V133/><F133/><W52/><G125/><T67/><D5/><U48/><E69/><V65/><F106/><W13/><G43/><T62/><D123/><U93/><E127/><V100/><F100/><W68/><G37/><T79/><D28/><U75/><E75/><V49/><F31/><N who="3" m="17871" /><G68/><T50/><D42/><U77/><E77/><V17/><F32/><W103/><G54/><T35/><D35/><U108/><E24/><V12/><F4/><W88/><G7/><T132/><D132/><U40/><E40/><N who="2" m="24743" /><F0/><W113/><G113/><T38/><D38/><U81/><E2/><V27/><F27/><W101/><G129/><T85/><D73/><U55/><E41/><V128/><F71/><W124/><G124/><T44/><D67/><U23/><E81/><V1/><F1/><W46/><G46/><T78/><D44/><U30/><E30/><V84/><F128/><W130/><G130/><T76/><D76/><U96/><E23/><N who="2" m="11687" /><F36/><W47/><G47/><T90/><D104/><U72/><E72/><V9/><F9/><N who="1" m="3081" /><E107/><V39/><F39/><W119/><G131/><T33/><D33/><U89/><E97/><V53/><F84/><N who="3" m="52615" /><G119/><T70/><D70/><U134/><E134/><V120/><F120/><W61/><AGARI ba="0,0" hai="13,15,52,58,61,101,102,103" m="52615,17871" machi="61" ten="30,4000,0" yaku="8,1,54,2" doraHai="116" who="3" fromWho="3" sc="250,-10,230,-20,250,-10,270,40" /><INIT seed="2,0,0,3,4,19" ten="240,210,240,310" oya="2" hai0="127,87,12,80,105,104,41,48,20,36,79,17,15" hai1="88,56,8,54,115,129,59,130,135,113,7,42,134" hai2="62,78,4,117,44,34,94,69,21,96,66,45,95" hai3="5,61,29,35,60,57,11,39,126,90,114,102,75"/><V133/><F34/><W128/><G128/><N who="1" m="49258" /><E8/><V24/><F117/><W27/><G126/><T76/><D127/><U108/><E7/><V67/><F133/><N who="1" m="50697" /><E108/><V98/><F78/><W31/><G39/><T125/><D125/><U77/><E77/><V46/><F66/><W49/><G75/><T84/><D36/><U101/><E101/><V91/><F4/><W52/><G102/><T97/><D97/><U89/><E42/><V38/><F38/><W93/><G29/><T116/><D116/><U72/><E72/><V43/><F43/><W32/><G32/><T50/><D41/><U83/><E59/><V30/><REACH who="2" step="1"/><F44/><REACH who="2" ten="240,210,230,310" step="2"/><W63/><G5/><T26/><D79/><U16/><E16/><V121/><F121/><W132/><G132/><T64/><D76/><U37/><E37/><V33/><F33/><W106/><G35/><T71/><D17/><U55/><E54/><V2/><F2/><W23/><G52/><T18/><D18/><U28/><E28/><V14/><F14/><W58/><G31/><T0/><D12/><U124/><E124/><V82/><F82/><W68/><G68/><T25/><D80/><U85/><E89/><AGARI ba="0,1" hai="21,24,30,45,46,62,67,69,89,91,94,95,96,98" machi="89" ten="30,11600,0" yaku="1,1,7,1,9,1,52,1,53,0" doraHai="19" doraHaiUra="51" who="2" fromWho="1" sc="240,0,210,-116,230,126,310,0" /><INIT seed="2,1,0,2,4,96" ten="240,94,356,310" oya="2" hai0="134,123,7,93,80,130,2,8,105,11,95,128,16" hai1="89,74,32,99,79,47,40,34,97,0,20,6,29" hai2="50,36,106,49,113,59,125,52,27,43,66,88,100" hai3="124,21,114,77,83,120,9,85,87,116,135,15,60"/><V122/><F113/><W17/><G124/><T1/><D123/><U22/><E22/><V18/><F122/><W4/><G135/><T67/><D105/><U109/><E109/><V63/><F125/><W82/><G120/><T12/><D134/><U28/><E20/><N who="2" m="13719" /><F106/><W56/><G114/><T25/><D67/><U68/><E89/><V86/><F36/><W57/><G60/><T102/><D1/><U110/><E110/><V104/><F104/><W5/><G116/><T84/><D25/><U45/><E79/><V119/><F119/><W13/><REACH who="3" step="1"/><G4/><REACH who="3" ten="240,94,356,300" step="2"/><T3/><D7/><U39/><E6/><V101/><F66/><W91/><AGARI ba="1,1" hai="5,9,13,15,17,21,56,57,77,82,83,85,87,91" machi="91" ten="20,8000,1" yaku="1,1,2,1,0,1,7,1,8,1,53,0" doraHai="96" doraHaiUra="62" who="3" fromWho="3" sc="240,-21,94,-21,356,-41,300,93" /><INIT seed="3,0,0,4,0,16" ten="219,73,315,393" oya="3" hai0="14,71,22,118,135,133,91,8,27,60,99,70,61" hai1="19,119,72,53,40,50,131,21,95,13,120,32,77" hai2="35,31,7,10,1,109,34,114,65,33,93,129,122" hai3="104,66,3,78,20,56,113,83,26,12,4,96,59"/><W63/><G3/><T73/><D73/><U55/><E131/><V97/><F114/><W28/><G113/><T116/><D99/><U115/><E115/><V42/><F129/><W103/><G12/><T24/><D91/><U81/><E120/><V15/><F42/><W112/><G4/><T123/><D14/><U121/><E121/><V25/><F65/><W80/><G112/><T62/><D8/><U45/><E32/><V58/><F122/><W107/><G80/><T111/><D123/><U86/><E119/><V117/><F117/><N who="0" m="45162" /><D22/><U38/><E38/><V127/><F58/><W88/><G88/><T92/><D92/><U125/><E125/><V37/><F37/><W76/><G76/><T75/><D111/><U64/><E72/><V132/><F127/><W102/><G102/><T30/><D75/><U52/><E64/><V9/><F109/><W85/><G59/><T36/><D30/><U23/><REACH who="1" step="1"/><E95/><AGARI ba="0,0" hai="20,26,28,56,63,66,78,83,85,95,96,103,104,107" machi="95" ten="30,11600,0" yaku="7,1,25,2,52,1" doraHai="16" who="3" fromWho="1" sc="219,0,73,-116,315,0,393,116" owari="219,-18.0,-43,-54.0,315,12.0,509,60.0" /></mjloggm>